|join|Raikou Klux Klan
|join|rirao
|player|p1|Raikou Klux Klan|209
|player|p2|rirao|162
|gametype|singles
|gen|6
|tier|OU
|rated
|clearpoke
|poke|p1|Charizard, M, shiny
|poke|p1|Manaphy, shiny
|poke|p1|Latios, M
|poke|p1|Talonflame, M, shiny
|poke|p1|Klefki, F, shiny
|poke|p1|Garchomp, M
|poke|p2|Tyranitar, M, shiny
|poke|p2|Gyarados, F, shiny
|poke|p2|Mew
|poke|p2|Latios, M
|poke|p2|Metagross, shiny
|poke|p2|Scizor, M
|rule|Swagger Clause: Swagger is banned
|rule|Baton Pass Clause: Limit one PokÃ©mon knowing Baton Pass
|rule|Sleep Clause Mod: Limit one foe put to sleep
|rule|Species Clause: Limit one of each PokÃ©mon
|rule|OHKO Clause: OHKO moves are banned
|rule|Moody Clause: Moody is banned
|rule|Evasion Moves Clause: Evasion moves are banned
|rule|Endless Battle Clause: Forcing endless battles is banned
|rule|HP Percentage Mod: HP is shown in percentages
|teampreview
|
|start
|switch|p1a: Sharknado|Garchomp, M|357\/357
|switch|p2a: Mew|Mew|404\/404
|turn|1
|
|move|p1a: Sharknado|Stealth Rock|p2a: Mew
|-sidestart|p2: rirao|move: Stealth Rock
|move|p2a: Mew|Will-O-Wisp|p1a: Sharknado
|-status|p1a: Sharknado|brn
|
|-damage|p1a: Sharknado|313\/357 brn|[from] brn
|turn|2
|join|zaheezy
|
|move|p1a: Sharknado|Swords Dance|p1a: Sharknado
|-boost|p1a: Sharknado|atk|2
|move|p2a: Mew|Stealth Rock|p1a: Sharknado
|-sidestart|p1: Raikou Klux Klan|move: Stealth Rock
|
|-damage|p1a: Sharknado|269\/357 brn|[from] brn
|turn|3
|
|move|p1a: Sharknado|Swords Dance|p1a: Sharknado
|-boost|p1a: Sharknado|atk|2
|move|p2a: Mew|Knock Off|p1a: Sharknado
|-damage|p1a: Sharknado|192\/357 brn
|-damage|p2a: Mew|354\/404|[from] ability: Rough Skin|[of] p1a: Sharknado
|-enditem|p1a: Sharknado|Focus Sash|[from] move: Knock Off|[of] p2a: Mew
|
|-heal|p2a: Mew|379\/404|[from] item: Leftovers
|-damage|p1a: Sharknado|148\/357 brn|[from] brn
|turn|4
|
|move|p1a: Sharknado|Outrage|p2a: Mew
|-damage|p2a: Mew|60\/404
|move|p2a: Mew|Soft-Boiled|p2a: Mew
|-heal|p2a: Mew|262\/404
|
|-heal|p2a: Mew|287\/404|[from] item: Leftovers
|-damage|p1a: Sharknado|104\/357 brn|[from] brn
|turn|5
|
|switch|p2a: Sizzler|Scizor, M|343\/343
|-damage|p2a: Sizzler|301\/343|[from] Stealth Rock
|move|p1a: Sharknado|Outrage|p2a: Sizzler
|-resisted|p2a: Sizzler
|-damage|p2a: Sizzler|140\/343
|
|-damage|p1a: Sharknado|60\/357 brn|[from] brn
|turn|6
|
|move|p2a: Sizzler|Quick Attack|p1a: Sharknado
|-damage|p1a: Sharknado|0 fnt
|-damage|p2a: Sizzler|98\/343|[from] ability: Rough Skin|[of] p1a: Sharknado
|faint|p1a: Sharknado
|
|c| zaheezy|really nigga
|c| zaheezy|quick attack
|c| zaheezy|are you shitting me
|c|ârirao|lol why
|c| zaheezy|bullet punch fam
|
|switch|p1a: Posideon|Manaphy, shiny|365\/365
|-damage|p1a: Posideon|320\/365|[from] Stealth Rock
|turn|7
|c| zaheezy|does more damage than quick attack because of STAB
|
|move|p2a: Sizzler|Quick Attack|p1a: Posideon
|-crit|p1a: Posideon
|-damage|p1a: Posideon|142\/365
|move|p1a: Posideon|Scald|p2a: Sizzler
|-damage|p2a: Sizzler|0 fnt
|faint|p2a: Sizzler
|
|-heal|p1a: Posideon|164\/365|[from] item: Leftovers
|c|ârirao|how am i supposed to hit this then lol
|c| zaheezy|you'd lose to all rock types then
|
|switch|p2a: Lancelot|Metagross, shiny|301\/301
|-damage|p2a: Lancelot|283\/301|[from] Stealth Rock
|turn|8
|c| zaheezy|whereas with bp you'd ohko them
|
|detailschange|p2a: Lancelot|Metagross-Mega, shiny
|-mega|p2a: Lancelot|Metagross|Metagrossite
|move|p1a: Posideon|Scald|p2a: Lancelot
|-damage|p2a: Lancelot|169\/301
|move|p2a: Lancelot|Zen Headbutt|p1a: Posideon
|-damage|p1a: Posideon|0 fnt
|faint|p1a: Posideon
|
|join|LONGLIVEREALN1GGAS
|
|switch|p1a: Catching Fire|Talonflame, M, shiny|297\/297
|-damage|p1a: Catching Fire|149\/297|[from] Stealth Rock
|turn|9
|
|switch|p2a: Reptar|Tyranitar, M, shiny|342\/342
|-damage|p2a: Reptar|300\/342|[from] Stealth Rock
|-weather|Sandstorm
|move|p1a: Catching Fire|Fire Blast|p2a: Reptar
|-resisted|p2a: Reptar
|-damage|p2a: Reptar|245\/342
|-damage|p1a: Catching Fire|120\/297|[from] item: Life Orb
|
|-weather|Sandstorm|[upkeep]
|-damage|p1a: Catching Fire|102\/297|[from] sandstorm
|turn|10
|c|ârirao|i had bp on scizor lol
|
|switch|p1a: Klefki|Klefki, F, shiny|317\/317
|-damage|p1a: Klefki|298\/317|[from] Stealth Rock
|move|p2a: Reptar|Dragon Dance|p2a: Reptar
|-boost|p2a: Reptar|atk|1
|-boost|p2a: Reptar|spe|1
|
|-weather|Sandstorm|[upkeep]
|-heal|p1a: Klefki|317\/317|[from] item: Leftovers
|turn|11
|c|ârirao|it was banded
|
|move|p1a: Klefki|Thunder Wave|p2a: Reptar
|-status|p2a: Reptar|par
|-enditem|p2a: Reptar|Lum Berry|[eat]
|-curestatus|p2a: Reptar|par
|move|p2a: Reptar|Fire Punch|p1a: Klefki
|-supereffective|p1a: Klefki
|-damage|p1a: Klefki|1\/317
|
|-weather|Sandstorm|[upkeep]
|-heal|p1a: Klefki|20\/317|[from] item: Leftovers
|turn|12
|
|move|p1a: Klefki|Thunder Wave|p2a: Reptar
|-status|p2a: Reptar|par
|cant|p2a: Reptar|par
|
|-weather|Sandstorm|[upkeep]
|-heal|p1a: Klefki|39\/317|[from] item: Leftovers
|turn|13
|
|move|p1a: Klefki|Play Rough|p2a: Reptar
|-supereffective|p2a: Reptar
|-damage|p2a: Reptar|65\/342 par
|-unboost|p2a: Reptar|atk|1
|cant|p2a: Reptar|par
|
|-weather|none
|-heal|p1a: Klefki|58\/317|[from] item: Leftovers
|turn|14
|
|move|p1a: Klefki|Play Rough|p2a: Reptar
|-supereffective|p2a: Reptar
|-damage|p2a: Reptar|0 fnt
|faint|p2a: Reptar
|
|-heal|p1a: Klefki|77\/317|[from] item: Leftovers
|
|switch|p2a: Mew|Mew|287\/404
|-damage|p2a: Mew|237\/404|[from] Stealth Rock
|turn|15
|
|move|p1a: Klefki|Toxic|p2a: Mew
|-status|p2a: Mew|tox
|move|p2a: Mew|Will-O-Wisp|p1a: Klefki
|-status|p1a: Klefki|brn
|
|-heal|p2a: Mew|262\/404 tox|[from] item: Leftovers
|-heal|p1a: Klefki|96\/317 brn|[from] item: Leftovers
|-damage|p2a: Mew|237\/404 tox|[from] psn
|-damage|p1a: Klefki|57\/317 brn|[from] brn
|turn|16
|
|move|p2a: Mew|Knock Off|p1a: Klefki
|-resisted|p1a: Klefki
|-damage|p1a: Klefki|14\/317 brn
|-enditem|p1a: Klefki|Leftovers|[from] move: Knock Off|[of] p2a: Mew
|move|p1a: Klefki|Play Rough|p2a: Mew
|-damage|p2a: Mew|191\/404 tox
|
|-heal|p2a: Mew|216\/404 tox|[from] item: Leftovers
|-damage|p2a: Mew|166\/404 tox|[from] psn
|-damage|p1a: Klefki|0 fnt|[from] brn
|faint|p1a: Klefki
|
|switch|p1a: Latios|Latios, M|302\/302
|-damage|p1a: Latios|265\/302|[from] Stealth Rock
|turn|17
|
|move|p1a: Latios|Defog|p2a: Mew
|-unboost|p2a: Mew|evasion|1
|-sideend|p2: rirao|Stealth Rock|[from] move: Defog|[of] p2a: Mew
|-sideend|p1: Raikou Klux Klan|Stealth Rock|[from] move: Defog|[of] p1a: Latios
|move|p2a: Mew|Stealth Rock|p1a: Latios
|-sidestart|p1: Raikou Klux Klan|move: Stealth Rock
|
|-heal|p2a: Mew|191\/404 tox|[from] item: Leftovers
|-damage|p2a: Mew|116\/404 tox|[from] psn
|turn|18
|
|move|p1a: Latios|Defog|p2a: Mew
|-unboost|p2a: Mew|evasion|1
|-sideend|p1: Raikou Klux Klan|Stealth Rock|[from] move: Defog|[of] p1a: Latios
|move|p2a: Mew|Stealth Rock|p1a: Latios
|-sidestart|p1: Raikou Klux Klan|move: Stealth Rock
|
|-heal|p2a: Mew|141\/404 tox|[from] item: Leftovers
|-damage|p2a: Mew|41\/404 tox|[from] psn
|turn|19
|
|move|p1a: Latios|Defog|p2a: Mew
|-unboost|p2a: Mew|evasion|1
|-sideend|p1: Raikou Klux Klan|Stealth Rock|[from] move: Defog|[of] p1a: Latios
|move|p2a: Mew|Stealth Rock|p1a: Latios
|-sidestart|p1: Raikou Klux Klan|move: Stealth Rock
|
|-heal|p2a: Mew|66\/404 tox|[from] item: Leftovers
|-damage|p2a: Mew|0 fnt|[from] psn
|faint|p2a: Mew
|
|switch|p2a: Gyaratres|Gyarados, F, shiny|332\/332
|turn|20
|
|move|p1a: Latios|Defog|p2a: Gyaratres
|-unboost|p2a: Gyaratres|evasion|1
|-sideend|p1: Raikou Klux Klan|Stealth Rock|[from] move: Defog|[of] p1a: Latios
|move|p2a: Gyaratres|Dragon Dance|p2a: Gyaratres
|-boost|p2a: Gyaratres|atk|1
|-boost|p2a: Gyaratres|spe|1
|
|turn|21
|
|move|p2a: Gyaratres|Waterfall|p1a: Latios
|-resisted|p1a: Latios
|-damage|p1a: Latios|116\/302
|move|p1a: Latios|Draco Meteor|p2a: Gyaratres
|-damage|p2a: Gyaratres|58\/332
|-unboost|p1a: Latios|spa|2
|-damage|p1a: Latios|86\/302|[from] item: Life Orb
|
|-heal|p2a: Gyaratres|78\/332|[from] item: Leftovers
|turn|22
|
|move|p2a: Gyaratres|Waterfall|p1a: Latios
|-resisted|p1a: Latios
|-damage|p1a: Latios|0 fnt
|faint|p1a: Latios
|-boost|p2a: Gyaratres|atk|1|[from] ability: Moxie
|
|-heal|p2a: Gyaratres|98\/332|[from] item: Leftovers
|
|switch|p1a: Catching Fire|Talonflame, M, shiny|102\/297
|turn|23
|
|move|p1a: Catching Fire|Brave Bird|p2a: Gyaratres
|-damage|p2a: Gyaratres|0 fnt
|-damage|p1a: Catching Fire|70\/297|[from] recoil|[of] p2a: Gyaratres
|-damage|p1a: Catching Fire|41\/297|[from] item: Life Orb
|faint|p2a: Gyaratres
|
|
|switch|p2a: Lancelot|Metagross-Mega, shiny|169\/301
|turn|24
|
|move|p2a: Lancelot|Bullet Punch|p1a: Catching Fire
|-resisted|p1a: Catching Fire
|-damage|p1a: Catching Fire|0 fnt
|faint|p1a: Catching Fire
|
|
|switch|p1a: Blitzkreig|Charizard, M, shiny|333\/333
|turn|25
|
|detailschange|p1a: Blitzkreig|Charizard-Mega-X, M, shiny
|-mega|p1a: Blitzkreig|Charizard|Charizardite X
|move|p2a: Lancelot|Zen Headbutt|p1a: Blitzkreig
|-damage|p1a: Blitzkreig|146\/333
|move|p1a: Blitzkreig|Tailwind|p1a: Blitzkreig
|-sidestart|p1: Raikou Klux Klan|move: Tailwind
|
|turn|26
|
|move|p1a: Blitzkreig|Flare Blitz|p2a: Lancelot
|-supereffective|p2a: Lancelot
|-damage|p2a: Lancelot|0 fnt
|-damage|p1a: Blitzkreig|90\/333|[from] recoil|[of] p2a: Lancelot
|faint|p2a: Lancelot
|
|c| zaheezy|dclaw
|c| zaheezy|gg
|c|âRaikou Klux Klan|gg
|
|switch|p2a: Latios|Latios, M|302\/302
|turn|27
|
|move|p1a: Blitzkreig|Dragon Claw|p2a: Latios
|-supereffective|p2a: Latios
|-damage|p2a: Latios|0 fnt
|faint|p2a: Latios
|
|win|Raikou Klux Klan
|raw|Ladder updating...
|raw|Raikou Klux Klan's rating: 1419 &rarr; <strong>1437<\/strong><br \/>(+18 for winning)
|raw|rirao's rating: 1385 &rarr; <strong>1367<\/strong><br \/>(-18 for losing)
|leave|rirao