|join|HaxxGod
|join|rirao
|player|p1|HaxxGod|169
|player|p2|rirao|162
|gametype|singles
|gen|6
|tier|OU
|rated
|clearpoke
|poke|p1|Greninja, F
|poke|p1|Landorus-Therian, M
|poke|p1|Latias, F
|poke|p1|Heatran, M
|poke|p1|Diancie
|poke|p1|Rotom-Wash
|poke|p2|Tyranitar, F
|poke|p2|Gyarados, F, shiny
|poke|p2|Mew
|poke|p2|Latios, M
|poke|p2|Metagross
|poke|p2|Scizor, F
|rule|Swagger Clause: Swagger is banned
|rule|Baton Pass Clause: Limit one PokÃ©mon knowing Baton Pass
|rule|Sleep Clause Mod: Limit one foe put to sleep
|rule|Species Clause: Limit one of each PokÃ©mon
|rule|OHKO Clause: OHKO moves are banned
|rule|Moody Clause: Moody is banned
|rule|Evasion Moves Clause: Evasion moves are banned
|rule|Endless Battle Clause: Forcing endless battles is banned
|rule|HP Percentage Mod: HP is shown in percentages
|teampreview
|
|start
|switch|p1a: Diancie|Diancie|241\/241
|switch|p2a: Mew|Mew|404\/404
|turn|1
|
|detailschange|p1a: Diancie|Diancie-Mega
|message|Diancie has Mega Evolved into Mega Diancie!
|move|p2a: Mew|Stealth Rock|p1a: Diancie
|move|p1a: Diancie|Stealth Rock|p2a: Mew|[from]Magic Bounce
|-sidestart|p2: rirao|move: Stealth Rock
|move|p1a: Diancie|Moonblast|p2a: Mew
|-damage|p2a: Mew|253\/404
|
|-heal|p2a: Mew|278\/404|[from] item: Leftovers
|turn|2
|
|move|p1a: Diancie|Earth Power|p2a: Mew
|-damage|p2a: Mew|177\/404
|move|p2a: Mew|Knock Off|p1a: Diancie
|-resisted|p1a: Diancie
|-damage|p1a: Diancie|217\/241
|
|-heal|p2a: Mew|202\/404|[from] item: Leftovers
|turn|3
|
|move|p1a: Diancie|Diamond Storm|p2a: Mew
|-damage|p2a: Mew|37\/404
|-boost|p1a: Diancie|def|1
|move|p2a: Mew|Will-O-Wisp|p1a: Diancie
|move|p1a: Diancie|Will-O-Wisp|p2a: Mew|[from]Magic Bounce
|-status|p2a: Mew|brn
|-status|p1a: Diancie|brn
|
|-heal|p2a: Mew|62\/404 brn|[from] item: Leftovers
|-damage|p1a: Diancie|187\/241 brn|[from] brn
|-damage|p2a: Mew|12\/404 brn|[from] brn
|turn|4
|
|move|p1a: Diancie|Earth Power|p2a: Mew
|-damage|p2a: Mew|0 fnt
|faint|p2a: Mew
|
|-damage|p1a: Diancie|157\/241 brn|[from] brn
|
|switch|p2a: Sizzler|Scizor, F|344\/344
|-damage|p2a: Sizzler|301\/344|[from] Stealth Rock
|turn|5
|
|switch|p1a: Heatran|Heatran, M|386\/386
|move|p2a: Sizzler|U-turn|p1a: Heatran
|-resisted|p1a: Heatran
|-damage|p1a: Heatran|340\/386
|
|switch|p2a: Gyaratres|Gyarados, F, shiny|332\/332
|-damage|p2a: Gyaratres|249\/332|[from] Stealth Rock
|
|-heal|p2a: Gyaratres|269\/332|[from] item: Leftovers
|-heal|p1a: Heatran|364\/386|[from] item: Leftovers
|turn|6
|
|move|p2a: Gyaratres|Waterfall|p1a: Heatran
|-supereffective|p1a: Heatran
|-damage|p1a: Heatran|76\/386
|move|p1a: Heatran|Toxic|p2a: Gyaratres
|-status|p2a: Gyaratres|tox
|
|-heal|p2a: Gyaratres|289\/332 tox|[from] item: Leftovers
|-heal|p1a: Heatran|100\/386|[from] item: Leftovers
|-damage|p2a: Gyaratres|269\/332 tox|[from] psn
|turn|7
|
|move|p1a: Heatran|Protect|p1a: Heatran
|-singleturn|p1a: Heatran|Protect
|move|p2a: Gyaratres|Dragon Dance|p2a: Gyaratres
|-boost|p2a: Gyaratres|atk|1
|-boost|p2a: Gyaratres|spe|1
|
|-heal|p2a: Gyaratres|289\/332 tox|[from] item: Leftovers
|-heal|p1a: Heatran|124\/386|[from] item: Leftovers
|-damage|p2a: Gyaratres|249\/332 tox|[from] psn
|turn|8
|
|switch|p1a: Rotom-Wash|Rotom-Wash|304\/304
|move|p2a: Gyaratres|Waterfall|p1a: Rotom-Wash
|-resisted|p1a: Rotom-Wash
|-damage|p1a: Rotom-Wash|204\/304
|
|-heal|p2a: Gyaratres|269\/332 tox|[from] item: Leftovers
|-heal|p1a: Rotom-Wash|223\/304|[from] item: Leftovers
|-damage|p2a: Gyaratres|209\/332 tox|[from] psn
|turn|9
|
|move|p2a: Gyaratres|Substitute|p2a: Gyaratres
|-start|p2a: Gyaratres|Substitute
|-damage|p2a: Gyaratres|126\/332 tox
|move|p1a: Rotom-Wash|Volt Switch|p2a: Gyaratres
|-supereffective|p2a: Gyaratres
|-end|p2a: Gyaratres|Substitute
|
|switch|p1a: Landorus-Therian|Landorus-Therian, M|320\/320
|-ability|p1a: Landorus-Therian|Intimidate|[of] p2a: Gyaratres
|-unboost|p2a: Gyaratres|atk|1
|
|-heal|p2a: Gyaratres|146\/332 tox|[from] item: Leftovers
|-damage|p2a: Gyaratres|66\/332 tox|[from] psn
|turn|10
|
|move|p1a: Landorus-Therian|Stone Edge|p2a: Gyaratres|[miss]
|-miss|p1a: Landorus-Therian|p2a: Gyaratres
|move|p2a: Gyaratres|Waterfall|p1a: Landorus-Therian
|-crit|p1a: Landorus-Therian
|-supereffective|p1a: Landorus-Therian
|-damage|p1a: Landorus-Therian|0 fnt
|faint|p1a: Landorus-Therian
|-boost|p2a: Gyaratres|atk|1|[from] ability: Moxie
|
|-heal|p2a: Gyaratres|86\/332 tox|[from] item: Leftovers
|-damage|p2a: Gyaratres|0 fnt|[from] psn
|faint|p2a: Gyaratres
|
|switch|p2a: Reptar|Tyranitar, F|342\/342
|switch|p1a: Rotom-Wash|Rotom-Wash|223\/304
|-damage|p2a: Reptar|300\/342|[from] Stealth Rock
|-weather|Sandstorm
|turn|11
|
|move|p2a: Reptar|Dragon Dance|p2a: Reptar
|-boost|p2a: Reptar|atk|1
|-boost|p2a: Reptar|spe|1
|move|p1a: Rotom-Wash|Will-O-Wisp|p2a: Reptar
|-status|p2a: Reptar|brn
|-enditem|p2a: Reptar|Lum Berry|[eat]
|-curestatus|p2a: Reptar|brn
|
|-weather|Sandstorm|[upkeep]
|-damage|p1a: Rotom-Wash|204\/304|[from] sandstorm
|-heal|p1a: Rotom-Wash|223\/304|[from] item: Leftovers
|turn|12
|
|move|p2a: Reptar|Crunch|p1a: Rotom-Wash
|-damage|p1a: Rotom-Wash|0 fnt
|faint|p1a: Rotom-Wash
|
|-weather|Sandstorm|[upkeep]
|
|switch|p1a: Diancie|Diancie-Mega|157\/241 brn
|turn|13
|
|move|p2a: Reptar|Stone Edge|p1a: Diancie
|-damage|p1a: Diancie|0 fnt
|faint|p1a: Diancie
|
|-weather|Sandstorm|[upkeep]
|
|switch|p1a: Greninja|Greninja, F|285\/285
|turn|14
|
|move|p1a: Greninja|Hydro Pump|p2a: Reptar
|-start|p1a: Greninja|typechange|Water|[from] Protean
|-supereffective|p2a: Reptar
|-damage|p2a: Reptar|0 fnt
|-damage|p1a: Greninja|257\/285|[from] item: Life Orb
|faint|p2a: Reptar
|
|-weather|Sandstorm|[upkeep]
|-damage|p1a: Greninja|240\/285|[from] sandstorm
|
|switch|p2a: Latios|Latios, M|302\/302
|-damage|p2a: Latios|265\/302|[from] Stealth Rock
|turn|15
|
|move|p2a: Latios|Thunderbolt|p1a: Greninja
|-supereffective|p1a: Greninja
|-damage|p1a: Greninja|0 fnt
|faint|p1a: Greninja
|
|-weather|none
|
|switch|p1a: Latias|Latias, F|302\/302
|turn|16
|
|switch|p2a: Sizzler|Scizor, F|301\/344
|-damage|p2a: Sizzler|258\/344|[from] Stealth Rock
|move|p1a: Latias|Draco Meteor|p2a: Sizzler|[miss]
|-miss|p1a: Latias|p2a: Sizzler
|
|turn|17
|
|switch|p1a: Heatran|Heatran, M|124\/386
|move|p2a: Sizzler|Bullet Punch|p1a: Heatran
|-resisted|p1a: Heatran
|-damage|p1a: Heatran|80\/386
|
|-heal|p1a: Heatran|104\/386|[from] item: Leftovers
|turn|18
|
|switch|p2a: Latios|Latios, M|265\/302
|-damage|p2a: Latios|228\/302|[from] Stealth Rock
|move|p1a: Heatran|Lava Plume|p2a: Latios
|-resisted|p2a: Latios
|-damage|p2a: Latios|171\/302
|
|-heal|p1a: Heatran|128\/386|[from] item: Leftovers
|turn|19
|
|move|p1a: Heatran|Protect|p1a: Heatran
|-singleturn|p1a: Heatran|Protect
|move|p2a: Latios|Draco Meteor|p1a: Heatran
|-activate|p1a: Heatran|Protect
|
|-heal|p1a: Heatran|152\/386|[from] item: Leftovers
|turn|20
|
|move|p2a: Latios|Draco Meteor|p1a: Heatran
|-resisted|p1a: Heatran
|-damage|p1a: Heatran|69\/386
|-unboost|p2a: Latios|spa|2
|move|p1a: Heatran|Toxic|p2a: Latios
|-status|p2a: Latios|tox
|
|-heal|p1a: Heatran|93\/386|[from] item: Leftovers
|-damage|p2a: Latios|153\/302 tox|[from] psn
|turn|21
|
|switch|p2a: Sizzler|Scizor, F|258\/344
|-damage|p2a: Sizzler|215\/344|[from] Stealth Rock
|move|p1a: Heatran|Lava Plume|p2a: Sizzler
|-supereffective|p2a: Sizzler
|-damage|p2a: Sizzler|0 fnt
|faint|p2a: Sizzler
|
|-heal|p1a: Heatran|117\/386|[from] item: Leftovers
|
|switch|p2a: Lancelot|Metagross|301\/301
|-damage|p2a: Lancelot|283\/301|[from] Stealth Rock
|turn|22
|
|detailschange|p2a: Lancelot|Metagross-Mega
|message|Metagross has Mega Evolved into Mega Metagross!
|move|p1a: Heatran|Protect|p1a: Heatran
|-singleturn|p1a: Heatran|Protect
|move|p2a: Lancelot|Thunder Punch|p1a: Heatran
|-activate|p1a: Heatran|Protect
|
|-heal|p1a: Heatran|141\/386|[from] item: Leftovers
|turn|23
|
|switch|p1a: Latias|Latias, F|302\/302
|move|p2a: Lancelot|Thunder Punch|p1a: Latias
|-resisted|p1a: Latias
|-damage|p1a: Latias|229\/302
|
|turn|24
|
|move|p1a: Latias|Draco Meteor|p2a: Lancelot
|-resisted|p2a: Lancelot
|-damage|p2a: Lancelot|157\/301
|-unboost|p1a: Latias|spa|2
|-damage|p1a: Latias|199\/302|[from] item: Life Orb
|move|p2a: Lancelot|Meteor Mash|p1a: Latias
|-damage|p1a: Latias|0 fnt
|faint|p1a: Latias
|
|
|switch|p1a: Heatran|Heatran, M|141\/386
|turn|25
|
|move|p1a: Heatran|Protect|p1a: Heatran
|-singleturn|p1a: Heatran|Protect
|move|p2a: Lancelot|Thunder Punch|p1a: Heatran
|-activate|p1a: Heatran|Protect
|
|-heal|p1a: Heatran|165\/386|[from] item: Leftovers
|turn|26
|
|move|p2a: Lancelot|Thunder Punch|p1a: Heatran
|-damage|p1a: Heatran|42\/386
|move|p1a: Heatran|Lava Plume|p2a: Lancelot
|-supereffective|p2a: Lancelot
|-damage|p2a: Lancelot|0 fnt
|faint|p2a: Lancelot
|
|-heal|p1a: Heatran|66\/386|[from] item: Leftovers
|
|switch|p2a: Latios|Latios, M|153\/302 tox
|-damage|p2a: Latios|116\/302 tox|[from] Stealth Rock
|turn|27
|
|move|p1a: Heatran|Protect|p1a: Heatran
|-singleturn|p1a: Heatran|Protect
|move|p2a: Latios|Thunderbolt|p1a: Heatran
|-activate|p1a: Heatran|Protect
|
|-heal|p1a: Heatran|90\/386|[from] item: Leftovers
|-damage|p2a: Latios|98\/302 tox|[from] psn
|turn|28
|
|move|p1a: Heatran|Protect|p1a: Heatran
|-singleturn|p1a: Heatran|Protect
|move|p2a: Latios|Thunderbolt|p1a: Heatran
|-activate|p1a: Heatran|Protect
|
|-heal|p1a: Heatran|114\/386|[from] item: Leftovers
|-damage|p2a: Latios|62\/302 tox|[from] psn
|turn|29
|
|move|p2a: Latios|Thunderbolt|p1a: Heatran
|-damage|p1a: Heatran|42\/386
|-status|p1a: Heatran|par
|cant|p1a: Heatran|par
|
|-heal|p1a: Heatran|66\/386 par|[from] item: Leftovers
|-damage|p2a: Latios|8\/302 tox|[from] psn
|turn|30
|
|move|p1a: Heatran|Protect|p1a: Heatran
|-singleturn|p1a: Heatran|Protect
|move|p2a: Latios|Thunderbolt|p1a: Heatran
|-activate|p1a: Heatran|Protect
|
|-heal|p1a: Heatran|90\/386 par|[from] item: Leftovers
|-damage|p2a: Latios|0 fnt|[from] psn
|faint|p2a: Latios
|
|win|HaxxGod
|raw|Ladder updating...
|raw|HaxxGod's rating: 1392 &rarr; <strong>1409<\/strong><br \/>(+17 for winning)
|raw|rirao's rating: 1350 &rarr; <strong>1332<\/strong><br \/>(-18 for losing)