|join|rirao
|join|Hex rizzo
|player|p1|rirao|162
|player|p2|Hex rizzo|266
|gametype|singles
|gen|6
|tier|OU
|rated
|clearpoke
|poke|p1|Salamence, F
|poke|p1|Skarmory, M
|poke|p1|Heatran, M
|poke|p1|Tyranitar, M
|poke|p1|Chansey, F
|poke|p1|Metagross, shiny
|poke|p2|Charizard, M, shiny
|poke|p2|Keldeo-Resolute
|poke|p2|Hippowdon, M
|poke|p2|Chansey, F, shiny
|poke|p2|Azumarill, M
|poke|p2|Scizor, M
|rule|Swagger Clause: Swagger is banned
|rule|Baton Pass Clause: Limit one PokÃ©mon knowing Baton Pass
|rule|Sleep Clause Mod: Limit one foe put to sleep
|rule|Species Clause: Limit one of each PokÃ©mon
|rule|OHKO Clause: OHKO moves are banned
|rule|Moody Clause: Moody is banned
|rule|Evasion Moves Clause: Evasion moves are banned
|rule|Endless Battle Clause: Forcing endless battles is banned
|rule|HP Percentage Mod: HP is shown in percentages
|teampreview
|
|start
|switch|p1a: Steven|Metagross, shiny|364\/364
|switch|p2a: Azumarill|Azumarill, M|390\/390
|turn|1
|
|move|p1a: Steven|Earthquake|p2a: Azumarill
|-damage|p2a: Azumarill|160\/390
|-enditem|p2a: Azumarill|Sitrus Berry|[eat]
|-heal|p2a: Azumarill|257\/390|[from] item: Sitrus Berry
|move|p2a: Azumarill|Belly Drum|p2a: Azumarill
|-damage|p2a: Azumarill|62\/390
|-setboost|p2a: Azumarill|atk|6|[from] move: Belly Drum
|
|turn|2
|
|move|p2a: Azumarill|Aqua Jet|p1a: Steven
|-damage|p1a: Steven|111\/364
|move|p1a: Steven|Earthquake|p2a: Azumarill
|-damage|p2a: Azumarill|0 fnt
|faint|p2a: Azumarill
|
|
|switch|p2a: Hippowdon|Hippowdon, M|420\/420
|-weather|Sandstorm
|turn|3
|
|switch|p1a: Lockdown|Skarmory, M|334\/334
|move|p2a: Hippowdon|Stealth Rock|p1a: Lockdown
|-sidestart|p1: rirao|move: Stealth Rock
|
|-weather|Sandstorm|[upkeep]
|turn|4
|
|switch|p2a: Charizard|Charizard, M, shiny|297\/297
|move|p1a: Lockdown|Spikes|p2a: Charizard
|-sidestart|p2: Hex rizzo|Spikes
|
|-weather|Sandstorm|[upkeep]
|-damage|p2a: Charizard|279\/297|[from] sandstorm
|turn|5
|
|detailschange|p2a: Charizard|Charizard-Mega-Y, M, shiny
|message|Charizard has Mega Evolved into Mega Charizard!
|-weather|SunnyDay
|move|p2a: Charizard|Flamethrower|p1a: Lockdown
|-supereffective|p1a: Lockdown
|-damage|p1a: Lockdown|0 fnt
|faint|p1a: Lockdown
|
|-weather|SunnyDay|[upkeep]
|
|switch|p1a: Piece of Sheet|Chansey, F|704\/704
|-damage|p1a: Piece of Sheet|616\/704|[from] Stealth Rock
|turn|6
|
|switch|p2a: Scizor|Scizor, M|281\/281
|-damage|p2a: Scizor|246\/281|[from] Spikes
|move|p1a: Piece of Sheet|Thunder Wave|p2a: Scizor
|-status|p2a: Scizor|par
|
|-weather|SunnyDay|[upkeep]
|-heal|p2a: Scizor|263\/281 par|[from] item: Leftovers
|turn|7
|
|switch|p1a: Jalepeno|Heatran, M|323\/323
|-damage|p1a: Jalepeno|283\/323|[from] Stealth Rock
|-item|p1a: Jalepeno|Air Balloon
|move|p2a: Scizor|Swords Dance|p2a: Scizor
|-boost|p2a: Scizor|atk|2
|
|-weather|SunnyDay|[upkeep]
|-heal|p2a: Scizor|280\/281 par|[from] item: Leftovers
|turn|8
|
|switch|p2a: Hippowdon|Hippowdon, M|420\/420
|-damage|p2a: Hippowdon|368\/420|[from] Spikes
|-weather|Sandstorm
|move|p1a: Jalepeno|Stealth Rock|p2a: Hippowdon
|-sidestart|p2: Hex rizzo|move: Stealth Rock
|
|-weather|Sandstorm|[upkeep]
|-heal|p2a: Hippowdon|394\/420|[from] item: Leftovers
|turn|9
|
|move|p1a: Jalepeno|Fire Blast|p2a: Hippowdon|[miss]
|-miss|p1a: Jalepeno|p2a: Hippowdon
|move|p2a: Hippowdon|Rock Slide|p1a: Jalepeno
|-damage|p1a: Jalepeno|220\/323
|-enditem|p1a: Jalepeno|Air Balloon
|
|-weather|Sandstorm|[upkeep]
|-heal|p2a: Hippowdon|420\/420|[from] item: Leftovers
|turn|10
|
|switch|p1a: Drake|Salamence, F|331\/331
|-damage|p1a: Drake|249\/331|[from] Stealth Rock
|-ability|p1a: Drake|Intimidate|[of] p2a: Hippowdon
|-unboost|p2a: Hippowdon|atk|1
|switch|p2a: Keldeo-Resolute|Keldeo-Resolute|323\/323
|-damage|p2a: Keldeo-Resolute|303\/323|[from] Stealth Rock
|-damage|p2a: Keldeo-Resolute|263\/323|[from] Spikes
|
|-weather|Sandstorm|[upkeep]
|-damage|p2a: Keldeo-Resolute|243\/323|[from] sandstorm
|-damage|p1a: Drake|229\/331|[from] sandstorm
|turn|11
|
|switch|p1a: Piece of Sheet|Chansey, F|616\/704
|-damage|p1a: Piece of Sheet|528\/704|[from] Stealth Rock
|move|p2a: Keldeo-Resolute|Hidden Power|p1a: Piece of Sheet
|-damage|p1a: Piece of Sheet|463\/704
|
|-weather|Sandstorm|[upkeep]
|-damage|p2a: Keldeo-Resolute|223\/323|[from] sandstorm
|-damage|p1a: Piece of Sheet|419\/704|[from] sandstorm
|turn|12
|
|switch|p2a: Scizor|Scizor, M|280\/281 par
|-damage|p2a: Scizor|245\/281 par|[from] Stealth Rock
|-damage|p2a: Scizor|210\/281 par|[from] Spikes
|move|p1a: Piece of Sheet|Thunder Wave|p2a: Scizor
|-fail|p2a: Scizor|par
|
|-weather|none
|-heal|p2a: Scizor|227\/281 par|[from] item: Leftovers
|turn|13
|
|move|p1a: Piece of Sheet|Seismic Toss|p2a: Scizor
|-damage|p2a: Scizor|127\/281 par
|move|p2a: Scizor|Defog|p1a: Piece of Sheet
|-unboost|p1a: Piece of Sheet|evasion|1
|-sideend|p1: rirao|Stealth Rock|[from] move: Defog|[of] p1a: Piece of Sheet
|-sideend|p2: Hex rizzo|Spikes|[from] move: Defog|[of] p2a: Scizor
|-sideend|p2: Hex rizzo|Stealth Rock|[from] move: Defog|[of] p2a: Scizor
|
|-heal|p2a: Scizor|144\/281 par|[from] item: Leftovers
|turn|14
|
|switch|p1a: Drake|Salamence, F|229\/331
|-ability|p1a: Drake|Intimidate|[of] p2a: Scizor
|-unboost|p2a: Scizor|atk|1
|move|p2a: Scizor|Bullet Punch|p1a: Drake
|-damage|p1a: Drake|129\/331
|
|-heal|p2a: Scizor|161\/281 par|[from] item: Leftovers
|turn|15
|
|switch|p2a: Keldeo-Resolute|Keldeo-Resolute|223\/323
|move|p1a: Drake|Fire Blast|p2a: Keldeo-Resolute
|-crit|p2a: Keldeo-Resolute
|-resisted|p2a: Keldeo-Resolute
|-damage|p2a: Keldeo-Resolute|126\/323
|-damage|p1a: Drake|96\/331|[from] item: Life Orb
|
|turn|16
|
|switch|p1a: Game Over|Tyranitar, M|342\/342
|-weather|Sandstorm
|move|p2a: Keldeo-Resolute|Secret Sword|p1a: Game Over
|-supereffective|p1a: Game Over
|-damage|p1a: Game Over|0 fnt
|faint|p1a: Game Over
|
|-weather|Sandstorm|[upkeep]
|-damage|p2a: Keldeo-Resolute|106\/323|[from] sandstorm
|
|switch|p1a: Steven|Metagross, shiny|111\/364
|turn|17
|
|switch|p2a: Charizard|Charizard-Mega-Y, M, shiny|279\/297
|-weather|SunnyDay
|move|p1a: Steven|Bullet Punch|p2a: Charizard
|-resisted|p2a: Charizard
|-damage|p2a: Charizard|201\/297
|
|-weather|SunnyDay|[upkeep]
|turn|18
|
|switch|p2a: Hippowdon|Hippowdon, M|420\/420
|-weather|Sandstorm
|switch|p1a: Jalepeno|Heatran, M|220\/323
|
|-weather|Sandstorm|[upkeep]
|turn|19
|
|move|p1a: Jalepeno|Fire Blast|p2a: Hippowdon
|-damage|p2a: Hippowdon|228\/420
|-status|p2a: Hippowdon|brn
|move|p2a: Hippowdon|Rock Slide|p1a: Jalepeno
|-damage|p1a: Jalepeno|188\/323
|
|-weather|Sandstorm|[upkeep]
|-heal|p2a: Hippowdon|254\/420 brn|[from] item: Leftovers
|-damage|p2a: Hippowdon|202\/420 brn|[from] brn
|turn|20
|
|move|p1a: Jalepeno|Stealth Rock|p2a: Hippowdon
|-sidestart|p2: Hex rizzo|move: Stealth Rock
|move|p2a: Hippowdon|Earthquake|p1a: Jalepeno
|-supereffective|p1a: Jalepeno
|-damage|p1a: Jalepeno|0 fnt
|faint|p1a: Jalepeno
|
|-weather|Sandstorm|[upkeep]
|-heal|p2a: Hippowdon|228\/420 brn|[from] item: Leftovers
|-damage|p2a: Hippowdon|176\/420 brn|[from] brn
|
|switch|p1a: Drake|Salamence, F|96\/331
|-ability|p1a: Drake|Intimidate|[of] p2a: Hippowdon
|-unboost|p2a: Hippowdon|atk|1
|turn|21
|
|move|p1a: Drake|Draco Meteor|p2a: Hippowdon|[miss]
|-miss|p1a: Drake|p2a: Hippowdon
|move|p2a: Hippowdon|Stealth Rock|p1a: Drake
|-sidestart|p1: rirao|move: Stealth Rock
|
|-weather|Sandstorm|[upkeep]
|-damage|p1a: Drake|76\/331|[from] sandstorm
|-heal|p2a: Hippowdon|202\/420 brn|[from] item: Leftovers
|-damage|p2a: Hippowdon|150\/420 brn|[from] brn
|turn|22
|
|move|p1a: Drake|Outrage|p2a: Hippowdon
|-damage|p2a: Hippowdon|0 fnt
|-damage|p1a: Drake|43\/331|[from] item: Life Orb
|faint|p2a: Hippowdon
|
|-weather|none
|
|switch|p2a: Scizor|Scizor, M|161\/281 par
|-damage|p2a: Scizor|126\/281 par|[from] Stealth Rock
|turn|23
|
|move|p2a: Scizor|Bullet Punch|p1a: Drake
|-damage|p1a: Drake|0 fnt
|faint|p1a: Drake
|
|-heal|p2a: Scizor|143\/281 par|[from] item: Leftovers
|
|switch|p1a: Piece of Sheet|Chansey, F|419\/704
|-damage|p1a: Piece of Sheet|331\/704|[from] Stealth Rock
|turn|24
|
|move|p1a: Piece of Sheet|Soft-Boiled|p1a: Piece of Sheet
|-heal|p1a: Piece of Sheet|683\/704
|cant|p2a: Scizor|par
|
|-heal|p2a: Scizor|160\/281 par|[from] item: Leftovers
|turn|25
|c|âHex rizzo|gg
|
|move|p1a: Piece of Sheet|Seismic Toss|p2a: Scizor
|-damage|p2a: Scizor|60\/281 par
|move|p2a: Scizor|Defog|p1a: Piece of Sheet
|-unboost|p1a: Piece of Sheet|evasion|1
|-sideend|p1: rirao|Stealth Rock|[from] move: Defog|[of] p1a: Piece of Sheet
|-sideend|p2: Hex rizzo|Stealth Rock|[from] move: Defog|[of] p2a: Scizor
|
|-heal|p2a: Scizor|77\/281 par|[from] item: Leftovers
|turn|26
|
|move|p2a: Scizor|Bullet Punch|p1a: Piece of Sheet
|-damage|p1a: Piece of Sheet|541\/704
|move|p1a: Piece of Sheet|Seismic Toss|p2a: Scizor
|-damage|p2a: Scizor|0 fnt
|faint|p2a: Scizor
|
|
|switch|p2a: Keldeo-Resolute|Keldeo-Resolute|106\/323
|turn|27
|
|move|p2a: Keldeo-Resolute|Secret Sword|p1a: Piece of Sheet
|-supereffective|p1a: Piece of Sheet
|-damage|p1a: Piece of Sheet|0 fnt
|faint|p1a: Piece of Sheet
|
|
|switch|p1a: Steven|Metagross, shiny|111\/364
|turn|28
|
|switch|p2a: Charizard|Charizard-Mega-Y, M, shiny|201\/297
|-weather|SunnyDay
|move|p1a: Steven|Bullet Punch|p2a: Charizard
|-resisted|p2a: Charizard
|-damage|p2a: Charizard|132\/297
|
|-weather|SunnyDay|[upkeep]
|turn|29
|c|âHex rizzo|buen combate
|c|âHex rizzo|gg
|
|move|p1a: Steven|Bullet Punch|p2a: Charizard
|-resisted|p2a: Charizard
|-damage|p2a: Charizard|55\/297
|move|p2a: Charizard|Flamethrower|p1a: Steven
|-supereffective|p1a: Steven
|-damage|p1a: Steven|0 fnt
|faint|p1a: Steven
|
|win|Hex rizzo
|raw|Ladder updating...
|raw|rirao's rating: 1269 &rarr; <strong>1248<\/strong><br \/>(-21 for losing)
|raw|Hex rizzo's rating: 1318 &rarr; <strong>1336<\/strong><br \/>(+18 for winning)
|leave|rirao
|player|p1