|join|Just Scrubbin
|join|rirao
|player|p1|Just Scrubbin|99
|player|p2|rirao|162
|gametype|singles
|gen|6
|tier|OU
|rated
|clearpoke
|poke|p1|Politoed, F, shiny
|poke|p1|Keldeo
|poke|p1|Sceptile, M
|poke|p1|Thundurus, M
|poke|p1|Latios, M
|poke|p1|Ferrothorn, F
|poke|p2|Tyranitar, M, shiny
|poke|p2|Gyarados, F, shiny
|poke|p2|Mew
|poke|p2|Latios, M
|poke|p2|Metagross, shiny
|poke|p2|Scizor, M
|rule|Swagger Clause: Swagger is banned
|rule|Baton Pass Clause: Limit one PokÃ©mon knowing Baton Pass
|rule|Sleep Clause Mod: Limit one foe put to sleep
|rule|Species Clause: Limit one of each PokÃ©mon
|rule|OHKO Clause: OHKO moves are banned
|rule|Moody Clause: Moody is banned
|rule|Evasion Moves Clause: Evasion moves are banned
|rule|Endless Battle Clause: Forcing endless battles is banned
|rule|HP Percentage Mod: HP is shown in percentages
|teampreview
|join|Calydon
|leave|Calydon
|
|start
|switch|p1a: Kaiohger|Politoed, F, shiny|383\/383
|switch|p2a: Mew|Mew|404\/404
|-weather|RainDance
|turn|1
|
|switch|p1a: MLP|Keldeo|323\/323
|move|p2a: Mew|Stealth Rock|p1a: MLP
|-sidestart|p1: Just Scrubbin|move: Stealth Rock
|
|-weather|RainDance|[upkeep]
|turn|2
|
|move|p1a: MLP|Scald|p2a: Mew
|-damage|p2a: Mew|185\/404
|move|p2a: Mew|Will-O-Wisp|p1a: MLP
|-status|p1a: MLP|brn
|
|-weather|RainDance|[upkeep]
|-heal|p2a: Mew|210\/404|[from] item: Leftovers
|-damage|p1a: MLP|283\/323 brn|[from] brn
|turn|3
|
|switch|p2a: Reptar|Tyranitar, M, shiny|342\/342
|-weather|Sandstorm
|move|p1a: MLP|Scald|p2a: Reptar
|-supereffective|p2a: Reptar
|-damage|p2a: Reptar|52\/342
|
|-weather|Sandstorm|[upkeep]
|-damage|p1a: MLP|263\/323 brn|[from] sandstorm
|-damage|p1a: MLP|223\/323 brn|[from] brn
|turn|4
|
|switch|p2a: Gyaratres|Gyarados, F, shiny|332\/332
|-ability|p2a: Gyaratres|Intimidate|[of] p1a: MLP
|-unboost|p1a: MLP|atk|1
|move|p1a: MLP|Scald|p2a: Gyaratres
|-resisted|p2a: Gyaratres
|-damage|p2a: Gyaratres|225\/332
|
|-weather|Sandstorm|[upkeep]
|-damage|p1a: MLP|203\/323 brn|[from] sandstorm
|-damage|p2a: Gyaratres|205\/332|[from] sandstorm
|-heal|p2a: Gyaratres|225\/332|[from] item: Leftovers
|-damage|p1a: MLP|163\/323 brn|[from] brn
|turn|5
|join|jovonte
|
|switch|p1a: Take My Seed|Ferrothorn, F|352\/352
|-damage|p1a: Take My Seed|330\/352|[from] Stealth Rock
|move|p2a: Gyaratres|Dragon Dance|p2a: Gyaratres
|-boost|p2a: Gyaratres|atk|1
|-boost|p2a: Gyaratres|spe|1
|
|-weather|Sandstorm|[upkeep]
|-damage|p2a: Gyaratres|205\/332|[from] sandstorm
|-heal|p2a: Gyaratres|225\/332|[from] item: Leftovers
|-heal|p1a: Take My Seed|352\/352|[from] item: Leftovers
|turn|6
|
|switch|p2a: Reptar|Tyranitar, M, shiny|52\/342
|move|p1a: Take My Seed|Leech Seed|p2a: Reptar
|-start|p2a: Reptar|move: Leech Seed
|
|-weather|Sandstorm|[upkeep]
|-damage|p2a: Reptar|10\/342|[from] Leech Seed|[of] p1a: Take My Seed
|turn|7
|
|switch|p2a: Mew|Mew|210\/404
|switch|p1a: Kaiohger|Politoed, F, shiny|383\/383
|-damage|p1a: Kaiohger|336\/383|[from] Stealth Rock
|-weather|RainDance
|
|-weather|RainDance|[upkeep]
|-heal|p2a: Mew|235\/404|[from] item: Leftovers
|turn|8
|
|move|p2a: Mew|Soft-Boiled|p2a: Mew
|-heal|p2a: Mew|404\/404
|move|p1a: Kaiohger|Encore|p2a: Mew
|-start|p2a: Mew|Encore
|
|-weather|RainDance|[upkeep]
|turn|9
|
|move|p2a: Mew|Soft-Boiled|p2a: Mew
|-fail|p2a: Mew
|move|p1a: Kaiohger|Scald|p2a: Mew
|-damage|p2a: Mew|314\/404
|
|-weather|RainDance|[upkeep]
|-heal|p2a: Mew|339\/404|[from] item: Leftovers
|turn|10
|
|switch|p1a: Shwahhn|Latios, M|301\/301
|-damage|p1a: Shwahhn|264\/301|[from] Stealth Rock
|move|p2a: Mew|Soft-Boiled|p2a: Mew
|-heal|p2a: Mew|404\/404
|
|-weather|RainDance|[upkeep]
|turn|11
|
|switch|p2a: Gyaratres|Gyarados, F, shiny|225\/332
|-ability|p2a: Gyaratres|Intimidate|[of] p1a: Shwahhn
|-unboost|p1a: Shwahhn|atk|1
|move|p1a: Shwahhn|Trick|p2a: Gyaratres
|-activate|p1a: Shwahhn|move: Trick|[of] p2a: Gyaratres
|-item|p2a: Gyaratres|Choice Scarf|[from] move: Trick
|-item|p1a: Shwahhn|Leftovers|[from] move: Trick
|
|-weather|RainDance|[upkeep]
|-heal|p1a: Shwahhn|282\/301|[from] item: Leftovers
|turn|12
|
|move|p2a: Gyaratres|Waterfall|p1a: Shwahhn
|-resisted|p1a: Shwahhn
|-damage|p1a: Shwahhn|137\/301
|move|p1a: Shwahhn|Defog|p2a: Gyaratres
|-unboost|p2a: Gyaratres|evasion|1
|-sideend|p1: Just Scrubbin|Stealth Rock|[from] move: Defog|[of] p1a: Shwahhn
|
|-weather|RainDance|[upkeep]
|-heal|p1a: Shwahhn|155\/301|[from] item: Leftovers
|turn|13
|
|switch|p2a: Mew|Mew|404\/404
|switch|p1a: Take My Seed|Ferrothorn, F|352\/352
|
|-weather|RainDance|[upkeep]
|turn|14
|
|move|p2a: Mew|Taunt|p1a: Take My Seed
|-start|p1a: Take My Seed|move: Taunt
|cant|p1a: Take My Seed|move: Taunt|Stealth Rock
|
|-weather|none
|turn|15
|
|switch|p1a: Kaiohger|Politoed, F, shiny|336\/383
|-weather|RainDance
|move|p2a: Mew|Will-O-Wisp|p1a: Kaiohger
|-status|p1a: Kaiohger|brn
|
|-weather|RainDance|[upkeep]
|-damage|p1a: Kaiohger|289\/383 brn|[from] brn
|turn|16
|
|move|p2a: Mew|Stealth Rock|p1a: Kaiohger
|-sidestart|p1: Just Scrubbin|move: Stealth Rock
|move|p1a: Kaiohger|Scald|p2a: Mew
|-damage|p2a: Mew|316\/404
|
|-weather|RainDance|[upkeep]
|-heal|p2a: Mew|341\/404|[from] item: Leftovers
|-damage|p1a: Kaiohger|242\/383 brn|[from] brn
|turn|17
|
|switch|p2a: Reptar|Tyranitar, M, shiny|10\/342
|-weather|Sandstorm
|move|p1a: Kaiohger|Toxic|p2a: Reptar
|-status|p2a: Reptar|tox
|-enditem|p2a: Reptar|Lum Berry|[eat]
|-curestatus|p2a: Reptar|tox
|
|-weather|Sandstorm|[upkeep]
|-damage|p1a: Kaiohger|219\/383 brn|[from] sandstorm
|-damage|p1a: Kaiohger|172\/383 brn|[from] brn
|turn|18
|-message|Just Scrubbin forfeited.
|leave|Just Scrubbin
|
|move|p2a: Reptar|Stone Edge|p1a: Kaiohger
|-damage|p1a: Kaiohger|3\/383 brn
|move|p1a: Kaiohger|Scald|p2a: Reptar
|-supereffective|p2a: Reptar
|-damage|p2a: Reptar|0 fnt
|faint|p2a: Reptar
|
|-weather|Sandstorm|[upkeep]
|-damage|p1a: Kaiohger|0 fnt|[from] sandstorm
|faint|p1a: Kaiohger
|
|win|rirao
|raw|Ladder updating...
|player|p1
|raw|Just Scrubbin's rating: 1440 &rarr; <strong>1418<\/strong><br \/>(-22 for losing)
|raw|rirao's rating: 1403 &rarr; <strong>1425<\/strong><br \/>(+22 for winning)
|leave|rirao
|player|p2