|join|eylee
|join|rirao
|player|p1|eylee|264
|player|p2|rirao|162
|gametype|singles
|gen|6
|tier|OU
|rated
|clearpoke
|poke|p1|Gothitelle, F
|poke|p1|Politoed, M
|poke|p1|Kabutops, M
|poke|p1|Swampert, F
|poke|p1|Tornadus-Therian, M
|poke|p1|Greninja, M
|poke|p2|Tyranitar, F
|poke|p2|Gyarados, F, shiny
|poke|p2|Mew
|poke|p2|Latios, M
|poke|p2|Metagross
|poke|p2|Scizor, F
|rule|Swagger Clause: Swagger is banned
|rule|Baton Pass Clause: Limit one PokÃ©mon knowing Baton Pass
|rule|Sleep Clause Mod: Limit one foe put to sleep
|rule|Species Clause: Limit one of each PokÃ©mon
|rule|OHKO Clause: OHKO moves are banned
|rule|Moody Clause: Moody is banned
|rule|Evasion Moves Clause: Evasion moves are banned
|rule|Endless Battle Clause: Forcing endless battles is banned
|rule|HP Percentage Mod: HP is shown in percentages
|teampreview
|
|start
|switch|p1a: Swampert|Swampert, F|341\/341
|switch|p2a: Mew|Mew|404\/404
|turn|1
|
|switch|p1a: Gothitelle|Gothitelle, F|344\/344
|move|p2a: Mew|Will-O-Wisp|p1a: Gothitelle
|-status|p1a: Gothitelle|brn
|
|-damage|p1a: Gothitelle|301\/344 brn|[from] brn
|turn|2
|
|move|p1a: Gothitelle|Trick|p2a: Mew
|-activate|p1a: Gothitelle|move: Trick|[of] p2a: Mew
|-item|p2a: Mew|Choice Scarf|[from] move: Trick
|-item|p1a: Gothitelle|Leftovers|[from] move: Trick
|move|p2a: Mew|Knock Off|p1a: Gothitelle
|-supereffective|p1a: Gothitelle
|-damage|p1a: Gothitelle|135\/344 brn
|-enditem|p1a: Gothitelle|Leftovers|[from] move: Knock Off|[of] p2a: Mew
|
|-damage|p1a: Gothitelle|92\/344 brn|[from] brn
|turn|3
|
|switch|p1a: Swampert|Swampert, F|341\/341
|move|p2a: Mew|Knock Off|p1a: Swampert
|-damage|p1a: Swampert|284\/341
|
|turn|4
|
|switch|p2a: Latios|Latios, M|302\/302
|detailschange|p1a: Swampert|Swampert-Mega, F
|message|Swampert has Mega Evolved into Mega Swampert!
|move|p1a: Swampert|Ice Punch|p2a: Latios
|-supereffective|p2a: Latios
|-damage|p2a: Latios|76\/302
|
|turn|5
|join|LoganUnderFire
|
|switch|p1a: Gothitelle|Gothitelle, F|92\/344 brn
|move|p2a: Latios|Draco Meteor|p1a: Gothitelle|[miss]
|-miss|p2a: Latios|p1a: Gothitelle
|
|-damage|p1a: Gothitelle|49\/344 brn|[from] brn
|turn|6
|c|âeylee|lame i wabted you to kill me
|
|move|p2a: Latios|Draco Meteor|p1a: Gothitelle
|-damage|p1a: Gothitelle|0 fnt
|-unboost|p2a: Latios|spa|2
|faint|p1a: Gothitelle
|
|
|switch|p1a: Politoed|Politoed, M|384\/384
|-weather|RainDance
|turn|7
|
|switch|p2a: Reptar|Tyranitar, F|342\/342
|-weather|Sandstorm
|move|p1a: Politoed|Hydro Pump|p2a: Reptar
|-supereffective|p2a: Reptar
|-damage|p2a: Reptar|124\/342
|
|-weather|Sandstorm|[upkeep]
|-damage|p1a: Politoed|360\/384|[from] sandstorm
|turn|8
|
|move|p2a: Reptar|Stone Edge|p1a: Politoed
|-damage|p1a: Politoed|111\/384
|move|p1a: Politoed|Hydro Pump|p2a: Reptar
|-supereffective|p2a: Reptar
|-damage|p2a: Reptar|0 fnt
|faint|p2a: Reptar
|
|-weather|Sandstorm|[upkeep]
|-damage|p1a: Politoed|87\/384|[from] sandstorm
|
|switch|p2a: Gyaratres|Gyarados, F, shiny|332\/332
|turn|9
|
|move|p2a: Gyaratres|Waterfall|p1a: Politoed
|-resisted|p1a: Politoed
|-damage|p1a: Politoed|0 fnt
|faint|p1a: Politoed
|-boost|p2a: Gyaratres|atk|1|[from] ability: Moxie
|
|-weather|Sandstorm|[upkeep]
|-damage|p2a: Gyaratres|312\/332|[from] sandstorm
|-heal|p2a: Gyaratres|332\/332|[from] item: Leftovers
|
|switch|p1a: Kabutops|Kabutops, M|262\/262
|turn|10
|
|move|p1a: Kabutops|Stone Edge|p2a: Gyaratres|[miss]
|-miss|p1a: Kabutops|p2a: Gyaratres
|move|p2a: Gyaratres|Waterfall|p1a: Kabutops
|-damage|p1a: Kabutops|61\/262
|
|-weather|Sandstorm|[upkeep]
|-damage|p2a: Gyaratres|312\/332|[from] sandstorm
|-heal|p2a: Gyaratres|332\/332|[from] item: Leftovers
|turn|11
|
|switch|p2a: Lancelot|Metagross|301\/301
|move|p1a: Kabutops|Stone Edge|p2a: Lancelot|[miss]
|-miss|p1a: Kabutops|p2a: Lancelot
|
|-weather|none
|turn|12
|
|switch|p1a: Greninja|Greninja, M|285\/285
|detailschange|p2a: Lancelot|Metagross-Mega
|message|Metagross has Mega Evolved into Mega Metagross!
|move|p2a: Lancelot|Bullet Punch|p1a: Greninja
|-resisted|p1a: Greninja
|-damage|p1a: Greninja|206\/285
|
|turn|13
|
|move|p1a: Greninja|Dark Pulse|p2a: Lancelot
|-start|p1a: Greninja|typechange|Dark|[from] Protean
|-supereffective|p2a: Lancelot
|-damage|p2a: Lancelot|0 fnt
|faint|p2a: Lancelot
|
|c|âeylee|seriously what is this bullshit that should be a dead gyrados
|
|switch|p2a: Sizzler|Scizor, F|344\/344
|turn|14
|
|move|p2a: Sizzler|Bullet Punch|p1a: Greninja
|-damage|p1a: Greninja|0 fnt
|faint|p1a: Greninja
|
|
|switch|p1a: Swampert|Swampert-Mega, F|284\/341
|turn|15
|
|switch|p2a: Mew|Mew|404\/404
|move|p1a: Swampert|Waterfall|p2a: Mew
|-damage|p2a: Mew|241\/404
|
|turn|16
|
|switch|p1a: Tornadus-Therian|Tornadus-Therian, M|299\/299
|move|p2a: Mew|Will-O-Wisp|p1a: Tornadus-Therian|[miss]
|-miss|p2a: Mew|p1a: Tornadus-Therian
|
|turn|17
|
|move|p1a: Tornadus-Therian|Hurricane|p2a: Mew|[miss]
|-miss|p1a: Tornadus-Therian|p2a: Mew
|move|p2a: Mew|Will-O-Wisp|p1a: Tornadus-Therian
|-status|p1a: Tornadus-Therian|brn
|
|-damage|p1a: Tornadus-Therian|262\/299 brn|[from] brn
|turn|18
|
|switch|p2a: Sizzler|Scizor, F|344\/344
|move|p1a: Tornadus-Therian|Hurricane|p2a: Sizzler
|-damage|p2a: Sizzler|40\/344
|
|-damage|p1a: Tornadus-Therian|225\/299 brn|[from] brn
|turn|19
|c|âeylee|yeah you need haz
|
|switch|p1a: Swampert|Swampert-Mega, F|284\/341
|switch|p2a: Mew|Mew|241\/404
|
|turn|20
|
|switch|p1a: Kabutops|Kabutops, M|61\/262
|move|p2a: Mew|Stealth Rock|p1a: Kabutops
|-sidestart|p1: eylee|move: Stealth Rock
|
|turn|21
|
|switch|p2a: Latios|Latios, M|76\/302
|move|p1a: Kabutops|Rapid Spin|p2a: Latios
|-damage|p2a: Latios|42\/302
|-sideend|p1: eylee|Stealth Rock|[from] move: Rapid Spin|[of] p1a: Kabutops
|-damage|p1a: Kabutops|35\/262|[from] item: Life Orb
|
|turn|22
|c|âeylee|retard
|
|move|p1a: Kabutops|Aqua Jet|p2a: Latios
|-crit|p2a: Latios
|-resisted|p2a: Latios
|-damage|p2a: Latios|0 fnt
|-damage|p1a: Kabutops|9\/262|[from] item: Life Orb
|faint|p2a: Latios
|
|
|switch|p2a: Mew|Mew|241\/404
|turn|23
|c|âeylee|its only this close because of hax
|c|âeylee|you're garbage
|
|move|p2a: Mew|Soft-Boiled|p2a: Mew
|-heal|p2a: Mew|404\/404
|move|p1a: Kabutops|Stone Edge|p2a: Mew
|-damage|p2a: Mew|196\/404
|-damage|p1a: Kabutops|0 fnt|[from] item: Life Orb
|faint|p1a: Kabutops
|
|c|ârirao|lol its all in the game
|
|switch|p1a: Tornadus-Therian|Tornadus-Therian, M|299\/299 brn
|turn|24
|
|move|p1a: Tornadus-Therian|Hurricane|p2a: Mew
|-damage|p2a: Mew|6\/404
|move|p2a: Mew|Soft-Boiled|p2a: Mew
|-heal|p2a: Mew|208\/404
|
|-damage|p1a: Tornadus-Therian|262\/299 brn|[from] brn
|turn|25
|
|move|p1a: Tornadus-Therian|Hurricane|p2a: Mew
|-damage|p2a: Mew|12\/404
|move|p2a: Mew|Soft-Boiled|p2a: Mew
|-heal|p2a: Mew|214\/404
|
|-damage|p1a: Tornadus-Therian|225\/299 brn|[from] brn
|turn|26
|
|move|p1a: Tornadus-Therian|Hurricane|p2a: Mew|[miss]
|-miss|p1a: Tornadus-Therian|p2a: Mew
|move|p2a: Mew|Soft-Boiled|p2a: Mew
|-heal|p2a: Mew|404\/404
|
|-damage|p1a: Tornadus-Therian|188\/299 brn|[from] brn
|turn|27
|
|switch|p1a: Swampert|Swampert-Mega, F|284\/341
|switch|p2a: Gyaratres|Gyarados, F, shiny|332\/332
|
|turn|28
|
|move|p1a: Swampert|Ice Punch|p2a: Gyaratres
|-damage|p2a: Gyaratres|204\/332
|move|p2a: Gyaratres|Waterfall|p1a: Swampert
|-damage|p1a: Swampert|139\/341
|
|-heal|p2a: Gyaratres|224\/332|[from] item: Leftovers
|turn|29
|
|move|p1a: Swampert|Waterfall|p2a: Gyaratres
|-resisted|p2a: Gyaratres
|-damage|p2a: Gyaratres|126\/332
|move|p2a: Gyaratres|Dragon Dance|p2a: Gyaratres
|-boost|p2a: Gyaratres|atk|1
|-boost|p2a: Gyaratres|spe|1
|
|-heal|p2a: Gyaratres|146\/332|[from] item: Leftovers
|turn|30
|
|move|p2a: Gyaratres|Dragon Dance|p2a: Gyaratres
|-boost|p2a: Gyaratres|atk|1
|-boost|p2a: Gyaratres|spe|1
|move|p1a: Swampert|Ice Punch|p2a: Gyaratres
|-damage|p2a: Gyaratres|18\/332
|
|-heal|p2a: Gyaratres|38\/332|[from] item: Leftovers
|turn|31
|
|move|p2a: Gyaratres|Waterfall|p1a: Swampert
|-damage|p1a: Swampert|0 fnt
|faint|p1a: Swampert
|-boost|p2a: Gyaratres|atk|1|[from] ability: Moxie
|
|-heal|p2a: Gyaratres|58\/332|[from] item: Leftovers
|-message|eylee forfeited.
|
|win|rirao
|raw|Ladder updating...
|leave|eylee
|player|p1
|raw|eylee's rating: 1500 &rarr; <strong>1479<\/strong><br \/>(-21 for losing)
|raw|rirao's rating: 1488 &rarr; <strong>1508<\/strong><br \/>(+20 for winning)
|c| LoganUnderFire|lol