|join|Mienecho
|join|rirao
|player|p1|Mienecho|279
|player|p2|rirao|162
|gametype|singles
|gen|6
|tier|OU
|rated
|clearpoke
|poke|p1|Camerupt, M
|poke|p1|Slowbro, F
|poke|p1|Crawdaunt, M
|poke|p1|Cresselia, F
|poke|p1|Terrakion
|poke|p1|Tyranitar, M
|poke|p2|Tyranitar, F
|poke|p2|Gyarados, F, shiny
|poke|p2|Mew
|poke|p2|Latios, M
|poke|p2|Metagross
|poke|p2|Scizor, M
|rule|Swagger Clause: Swagger is banned
|rule|Baton Pass Clause: Limit one PokÃ©mon knowing Baton Pass
|rule|Sleep Clause Mod: Limit one foe put to sleep
|rule|Species Clause: Limit one of each PokÃ©mon
|rule|OHKO Clause: OHKO moves are banned
|rule|Moody Clause: Moody is banned
|rule|Evasion Moves Clause: Evasion moves are banned
|rule|Endless Battle Clause: Forcing endless battles is banned
|rule|HP Percentage Mod: HP is shown in percentages
|teampreview
|
|start
|switch|p1a: Terrakion|Terrakion|324\/324
|switch|p2a: Sizzler|Scizor, M|344\/344
|turn|1
|
|move|p2a: Sizzler|Bullet Punch|p1a: Terrakion
|-supereffective|p1a: Terrakion
|-enditem|p1a: Terrakion|Focus Sash
|-damage|p1a: Terrakion|1\/324
|move|p1a: Terrakion|Stealth Rock|p2a: Sizzler
|-sidestart|p2: rirao|move: Stealth Rock
|
|turn|2
|
|move|p2a: Sizzler|Bullet Punch|p1a: Terrakion
|-supereffective|p1a: Terrakion
|-damage|p1a: Terrakion|0 fnt
|faint|p1a: Terrakion
|
|
|switch|p1a: Camerupt|Camerupt, M|282\/282
|turn|3
|
|switch|p2a: Gyaratres|Gyarados, F, shiny|332\/332
|-damage|p2a: Gyaratres|249\/332|[from] Stealth Rock
|detailschange|p1a: Camerupt|Camerupt-Mega, M
|message|Camerupt has Mega Evolved into Mega Camerupt!
|move|p1a: Camerupt|Fire Blast|p2a: Gyaratres|[miss]
|-miss|p1a: Camerupt|p2a: Gyaratres
|
|-heal|p2a: Gyaratres|269\/332|[from] item: Leftovers
|turn|4
|
|switch|p1a: Slowbro|Slowbro, F|394\/394
|move|p2a: Gyaratres|Substitute|p2a: Gyaratres
|-start|p2a: Gyaratres|Substitute
|-damage|p2a: Gyaratres|186\/332
|
|-heal|p2a: Gyaratres|206\/332|[from] item: Leftovers
|turn|5
|
|move|p2a: Gyaratres|Bounce|p1a: Slowbro|[still]
|-prepare|p2a: Gyaratres|Bounce|p1a: Slowbro
|move|p1a: Slowbro|Trick Room|p1a: Slowbro
|-fieldstart|move: Trick Room|[of] p1a: Slowbro
|
|-heal|p2a: Gyaratres|226\/332|[from] item: Leftovers
|turn|6
|
|move|p1a: Slowbro|Scald|p2a: Gyaratres|[miss]
|-miss|p1a: Slowbro|p2a: Gyaratres
|move|p2a: Gyaratres|Bounce|p1a: Slowbro
|-crit|p1a: Slowbro
|-damage|p1a: Slowbro|229\/394
|-status|p1a: Slowbro|par
|
|-heal|p1a: Slowbro|253\/394 par|[from] item: Leftovers
|-heal|p2a: Gyaratres|246\/332|[from] item: Leftovers
|turn|7
|
|cant|p1a: Slowbro|par
|move|p2a: Gyaratres|Dragon Dance|p2a: Gyaratres
|-boost|p2a: Gyaratres|atk|1
|-boost|p2a: Gyaratres|spe|1
|
|-heal|p1a: Slowbro|277\/394 par|[from] item: Leftovers
|-heal|p2a: Gyaratres|266\/332|[from] item: Leftovers
|turn|8
|
|move|p1a: Slowbro|Psyshock|p2a: Gyaratres
|-end|p2a: Gyaratres|Substitute
|move|p2a: Gyaratres|Bounce|p1a: Slowbro|[still]
|-prepare|p2a: Gyaratres|Bounce|p1a: Slowbro
|
|-heal|p1a: Slowbro|301\/394 par|[from] item: Leftovers
|-heal|p2a: Gyaratres|286\/332|[from] item: Leftovers
|turn|9
|
|move|p1a: Slowbro|Slack Off|p1a: Slowbro
|-heal|p1a: Slowbro|394\/394 par
|move|p2a: Gyaratres|Bounce|p1a: Slowbro
|-damage|p1a: Slowbro|237\/394 par
|
|-heal|p1a: Slowbro|261\/394 par|[from] item: Leftovers
|-heal|p2a: Gyaratres|306\/332|[from] item: Leftovers
|-fieldend|move: Trick Room
|turn|10
|
|move|p2a: Gyaratres|Substitute|p2a: Gyaratres
|-start|p2a: Gyaratres|Substitute
|-damage|p2a: Gyaratres|223\/332
|move|p1a: Slowbro|Trick Room|p1a: Slowbro
|-fieldstart|move: Trick Room|[of] p1a: Slowbro
|
|-heal|p1a: Slowbro|285\/394 par|[from] item: Leftovers
|-heal|p2a: Gyaratres|243\/332|[from] item: Leftovers
|turn|11
|
|move|p1a: Slowbro|Psyshock|p2a: Gyaratres
|-end|p2a: Gyaratres|Substitute
|move|p2a: Gyaratres|Bounce|p1a: Slowbro|[still]
|-prepare|p2a: Gyaratres|Bounce|p1a: Slowbro
|
|-heal|p1a: Slowbro|309\/394 par|[from] item: Leftovers
|-heal|p2a: Gyaratres|263\/332|[from] item: Leftovers
|turn|12
|
|switch|p1a: Tyranitar|Tyranitar, M|404\/404
|-weather|Sandstorm
|move|p2a: Gyaratres|Bounce|p1a: Tyranitar
|-resisted|p1a: Tyranitar
|-damage|p1a: Tyranitar|287\/404
|
|-weather|Sandstorm|[upkeep]
|-damage|p2a: Gyaratres|243\/332|[from] sandstorm
|-heal|p1a: Tyranitar|312\/404|[from] item: Leftovers
|-heal|p2a: Gyaratres|263\/332|[from] item: Leftovers
|turn|13
|
|switch|p2a: Sizzler|Scizor, M|344\/344
|-damage|p2a: Sizzler|301\/344|[from] Stealth Rock
|move|p1a: Tyranitar|Crunch|p2a: Sizzler
|-damage|p2a: Sizzler|148\/344
|
|-weather|Sandstorm|[upkeep]
|-heal|p1a: Tyranitar|337\/404|[from] item: Leftovers
|turn|14
|
|move|p1a: Tyranitar|Crunch|p2a: Sizzler
|-damage|p2a: Sizzler|0 fnt
|faint|p2a: Sizzler
|
|-weather|Sandstorm|[upkeep]
|-heal|p1a: Tyranitar|362\/404|[from] item: Leftovers
|-fieldend|move: Trick Room
|
|switch|p2a: Reptar|Tyranitar, F|342\/342
|-damage|p2a: Reptar|300\/342|[from] Stealth Rock
|turn|15
|
|move|p2a: Reptar|Stone Edge|p1a: Tyranitar
|-damage|p1a: Tyranitar|193\/404
|move|p1a: Tyranitar|Stone Edge|p2a: Reptar
|-damage|p2a: Reptar|99\/342
|
|-weather|Sandstorm|[upkeep]
|-heal|p1a: Tyranitar|218\/404|[from] item: Leftovers
|turn|16
|
|move|p2a: Reptar|Stone Edge|p1a: Tyranitar
|-damage|p1a: Tyranitar|53\/404
|move|p1a: Tyranitar|Stone Edge|p2a: Reptar
|-damage|p2a: Reptar|0 fnt
|faint|p2a: Reptar
|
|-weather|none
|-heal|p1a: Tyranitar|78\/404|[from] item: Leftovers
|
|switch|p2a: Lancelot|Metagross|301\/301
|-damage|p2a: Lancelot|283\/301|[from] Stealth Rock
|turn|17
|
|switch|p1a: Slowbro|Slowbro, F|394\/394 par
|detailschange|p2a: Lancelot|Metagross-Mega
|message|Metagross has Mega Evolved into Mega Metagross!
|move|p2a: Lancelot|Meteor Mash|p1a: Slowbro
|-resisted|p1a: Slowbro
|-damage|p1a: Slowbro|319\/394 par
|
|-heal|p1a: Slowbro|343\/394 par|[from] item: Leftovers
|turn|18
|
|switch|p2a: Latios|Latios, M|302\/302
|-damage|p2a: Latios|265\/302|[from] Stealth Rock
|move|p1a: Slowbro|Trick Room|p1a: Slowbro
|-fieldstart|move: Trick Room|[of] p1a: Slowbro
|
|-heal|p1a: Slowbro|367\/394 par|[from] item: Leftovers
|turn|19
|
|switch|p1a: Tyranitar|Tyranitar, M|78\/404
|-weather|Sandstorm
|move|p2a: Latios|Thunderbolt|p1a: Tyranitar
|-damage|p1a: Tyranitar|0 fnt
|faint|p1a: Tyranitar
|
|-weather|Sandstorm|[upkeep]
|-damage|p2a: Latios|247\/302|[from] sandstorm
|
|switch|p1a: Crawdaunt|Crawdaunt, M|330\/330
|turn|20
|
|switch|p2a: Gyaratres|Gyarados, F, shiny|263\/332
|-damage|p2a: Gyaratres|180\/332|[from] Stealth Rock
|move|p1a: Crawdaunt|Knock Off|p2a: Gyaratres
|-damage|p2a: Gyaratres|0 fnt
|-enditem|p2a: Gyaratres|Leftovers|[from] move: Knock Off|[of] p1a: Crawdaunt
|-damage|p1a: Crawdaunt|297\/330|[from] item: Life Orb
|faint|p2a: Gyaratres
|
|-weather|Sandstorm|[upkeep]
|-damage|p1a: Crawdaunt|277\/330|[from] sandstorm
|
|switch|p2a: Mew|Mew|404\/404
|-damage|p2a: Mew|354\/404|[from] Stealth Rock
|turn|21
|
|move|p1a: Crawdaunt|Knock Off|p2a: Mew
|-supereffective|p2a: Mew
|-damage|p2a: Mew|0 fnt
|-enditem|p2a: Mew|Leftovers|[from] move: Knock Off|[of] p1a: Crawdaunt
|-damage|p1a: Crawdaunt|244\/330|[from] item: Life Orb
|faint|p2a: Mew
|
|-weather|Sandstorm|[upkeep]
|-damage|p1a: Crawdaunt|224\/330|[from] sandstorm
|c|âMienecho|no colbur berry
|
|switch|p2a: Lancelot|Metagross-Mega|283\/301
|-damage|p2a: Lancelot|265\/301|[from] Stealth Rock
|turn|22
|c|âMienecho|good
|
|switch|p1a: Slowbro|Slowbro, F|394\/394 par
|move|p2a: Lancelot|Bullet Punch|p1a: Slowbro
|-resisted|p1a: Slowbro
|-damage|p1a: Slowbro|358\/394 par
|
|-weather|Sandstorm|[upkeep]
|-damage|p1a: Slowbro|334\/394 par|[from] sandstorm
|-heal|p1a: Slowbro|358\/394 par|[from] item: Leftovers
|-fieldend|move: Trick Room
|turn|23
|
|switch|p2a: Latios|Latios, M|247\/302
|-damage|p2a: Latios|210\/302|[from] Stealth Rock
|move|p1a: Slowbro|Trick Room|p1a: Slowbro
|-fieldstart|move: Trick Room|[of] p1a: Slowbro
|
|-weather|none
|-heal|p1a: Slowbro|382\/394 par|[from] item: Leftovers
|turn|24
|
|switch|p1a: Cresselia|Cresselia, F|444\/444
|move|p2a: Latios|Draco Meteor|p1a: Cresselia
|-damage|p1a: Cresselia|306\/444
|-unboost|p2a: Latios|spa|2
|
|-heal|p1a: Cresselia|333\/444|[from] item: Leftovers
|turn|25
|
|switch|p1a: Camerupt|Camerupt-Mega, M|282\/282
|switch|p2a: Lancelot|Metagross-Mega|265\/301
|-damage|p2a: Lancelot|247\/301|[from] Stealth Rock
|
|turn|26
|
|switch|p2a: Latios|Latios, M|210\/302
|-damage|p2a: Latios|173\/302|[from] Stealth Rock
|move|p1a: Camerupt|Fire Blast|p2a: Latios
|-resisted|p2a: Latios
|-damage|p2a: Latios|36\/302
|
|turn|27
|
|move|p1a: Camerupt|Flamethrower|p2a: Latios
|-resisted|p2a: Latios
|-damage|p2a: Latios|0 fnt
|faint|p2a: Latios
|
|-fieldend|move: Trick Room
|
|switch|p2a: Lancelot|Metagross-Mega|247\/301
|-damage|p2a: Lancelot|229\/301|[from] Stealth Rock
|turn|28
|
|move|p2a: Lancelot|Earthquake|p1a: Camerupt
|-supereffective|p1a: Camerupt
|-damage|p1a: Camerupt|34\/282
|move|p1a: Camerupt|Earth Power|p2a: Lancelot
|-crit|p2a: Lancelot
|-supereffective|p2a: Lancelot
|-damage|p2a: Lancelot|0 fnt
|faint|p2a: Lancelot
|
|win|Mienecho
|raw|Ladder updating...
|raw|Mienecho's rating: 1468 &rarr; <strong>1486<\/strong><br \/>(+18 for winning)
|raw|rirao's rating: 1435 &rarr; <strong>1417<\/strong><br \/>(-18 for losing)
|c|âMienecho|gg
|leave|rirao
|player|p2
|leave|Mienecho
|player|p1