|join|brewplanner
|join|rirao
|player|p1|brewplanner|163
|player|p2|rirao|162
|gametype|singles
|gen|6
|tier|OU
|rated
|clearpoke
|poke|p1|Hydreigon, F
|poke|p1|Landorus-Therian, M
|poke|p1|Rotom-Wash
|poke|p1|Scizor, M
|poke|p1|Bisharp, F
|poke|p1|Terrakion
|poke|p2|Tyranitar, M, shiny
|poke|p2|Gyarados, F, shiny
|poke|p2|Mew
|poke|p2|Latios, M
|poke|p2|Metagross, shiny
|poke|p2|Ferrothorn, M
|rule|Swagger Clause: Swagger is banned
|rule|Baton Pass Clause: Limit one PokÃ©mon knowing Baton Pass
|rule|Sleep Clause Mod: Limit one foe put to sleep
|rule|Species Clause: Limit one of each PokÃ©mon
|rule|OHKO Clause: OHKO moves are banned
|rule|Moody Clause: Moody is banned
|rule|Evasion Moves Clause: Evasion moves are banned
|rule|Endless Battle Clause: Forcing endless battles is banned
|rule|HP Percentage Mod: HP is shown in percentages
|teampreview
|
|start
|switch|p1a: Hydreigon|Hydreigon, F|325\/325
|switch|p2a: Mew|Mew|404\/404
|turn|1
|
|move|p1a: Hydreigon|Dark Pulse|p2a: Mew
|-supereffective|p2a: Mew
|-damage|p2a: Mew|58\/404
|-damage|p1a: Hydreigon|293\/325|[from] item: Life Orb
|move|p2a: Mew|U-turn|p1a: Hydreigon
|-supereffective|p1a: Hydreigon
|-damage|p1a: Hydreigon|157\/325
|
|switch|p2a: Latios|Latios, M|302\/302
|
|turn|2
|
|switch|p1a: Bisharp|Bisharp, F|271\/271
|move|p2a: Latios|Draco Meteor|p1a: Bisharp
|-resisted|p1a: Bisharp
|-damage|p1a: Bisharp|121\/271
|-unboost|p2a: Latios|spa|2
|
|turn|3
|
|move|p2a: Latios|Draco Meteor|p1a: Bisharp
|-resisted|p1a: Bisharp
|-damage|p1a: Bisharp|46\/271
|-unboost|p2a: Latios|spa|2
|move|p1a: Bisharp|Swords Dance|p1a: Bisharp
|-boost|p1a: Bisharp|atk|2
|
|turn|4
|
|switch|p2a: Ferrothorn|Ferrothorn, M|351\/351
|move|p1a: Bisharp|Sucker Punch|p2a: Ferrothorn
|-fail|p2a: Ferrothorn
|
|turn|5
|
|move|p1a: Bisharp|Knock Off|p2a: Ferrothorn
|-damage|p2a: Ferrothorn|104\/351
|-damage|p1a: Bisharp|13\/271|[from] ability: Iron Barbs|[of] p2a: Ferrothorn
|-damage|p1a: Bisharp|0 fnt|[from] item: Rocky Helmet|[of] p2a: Ferrothorn
|faint|p1a: Bisharp
|move|p2a: Ferrothorn|Spikes|p1: Bisharp
|-sidestart|p1: brewplanner|Spikes
|
|
|switch|p1a: Terrakion|Terrakion|323\/323
|-damage|p1a: Terrakion|283\/323|[from] Spikes
|turn|6
|
|move|p1a: Terrakion|Stealth Rock|p2a: Ferrothorn
|-sidestart|p2: rirao|move: Stealth Rock
|move|p2a: Ferrothorn|Gyro Ball|p1a: Terrakion
|-supereffective|p1a: Terrakion
|-damage|p1a: Terrakion|0 fnt
|faint|p1a: Terrakion
|
|
|switch|p1a: Hydreigon|Hydreigon, F|157\/325
|turn|7
|
|move|p1a: Hydreigon|Dark Pulse|p2a: Ferrothorn
|-damage|p2a: Ferrothorn|0 fnt
|-damage|p1a: Hydreigon|125\/325|[from] item: Life Orb
|faint|p2a: Ferrothorn
|
|
|switch|p2a: Lancelot|Metagross, shiny|301\/301
|-damage|p2a: Lancelot|283\/301|[from] Stealth Rock
|turn|8
|
|detailschange|p2a: Lancelot|Metagross-Mega, shiny
|-mega|p2a: Lancelot|Metagross|Metagrossite
|move|p1a: Hydreigon|Dark Pulse|p2a: Lancelot
|-supereffective|p2a: Lancelot
|-damage|p2a: Lancelot|0 fnt
|-damage|p1a: Hydreigon|93\/325|[from] item: Life Orb
|faint|p2a: Lancelot
|
|
|switch|p2a: Latios|Latios, M|302\/302
|-damage|p2a: Latios|265\/302|[from] Stealth Rock
|turn|9
|
|switch|p1a: Rotom-Wash|Rotom-Wash|304\/304
|move|p2a: Latios|Draco Meteor|p1a: Rotom-Wash|[miss]
|-miss|p2a: Latios|p1a: Rotom-Wash
|
|turn|10
|
|move|p2a: Latios|Draco Meteor|p1a: Rotom-Wash
|-damage|p1a: Rotom-Wash|103\/304
|-unboost|p2a: Latios|spa|2
|move|p1a: Rotom-Wash|Volt Switch|p2a: Latios
|-resisted|p2a: Latios
|-damage|p2a: Latios|227\/302
|
|switch|p1a: Landorus-Therian|Landorus-Therian, M|319\/319
|-ability|p1a: Landorus-Therian|Intimidate|[of] p2a: Latios
|-unboost|p2a: Latios|atk|1
|
|turn|11
|
|switch|p2a: Mew|Mew|58\/404
|-damage|p2a: Mew|8\/404|[from] Stealth Rock
|move|p1a: Landorus-Therian|U-turn|p2a: Mew
|-supereffective|p2a: Mew
|-damage|p2a: Mew|0 fnt
|faint|p2a: Mew
|
|switch|p1a: Rotom-Wash|Rotom-Wash|103\/304
|
|-heal|p1a: Rotom-Wash|122\/304|[from] item: Leftovers
|
|switch|p2a: Reptar|Tyranitar, M, shiny|342\/342
|-damage|p2a: Reptar|300\/342|[from] Stealth Rock
|-weather|Sandstorm
|turn|12
|
|move|p2a: Reptar|Stone Edge|p1a: Rotom-Wash|[miss]
|-miss|p2a: Reptar|p1a: Rotom-Wash
|move|p1a: Rotom-Wash|Volt Switch|p2a: Reptar
|-damage|p2a: Reptar|245\/342
|
|switch|p1a: Landorus-Therian|Landorus-Therian, M|319\/319
|-ability|p1a: Landorus-Therian|Intimidate|[of] p2a: Reptar
|-unboost|p2a: Reptar|atk|1
|
|-weather|Sandstorm|[upkeep]
|turn|13
|
|move|p1a: Landorus-Therian|U-turn|p2a: Reptar
|-supereffective|p2a: Reptar
|-damage|p2a: Reptar|83\/342
|
|switch|p1a: Rotom-Wash|Rotom-Wash|122\/304
|move|p2a: Reptar|Stone Edge|p1a: Rotom-Wash
|-damage|p1a: Rotom-Wash|38\/304
|
|-weather|Sandstorm|[upkeep]
|-damage|p1a: Rotom-Wash|19\/304|[from] sandstorm
|-heal|p1a: Rotom-Wash|38\/304|[from] item: Leftovers
|turn|14
|
|move|p2a: Reptar|Stone Edge|p1a: Rotom-Wash
|-damage|p1a: Rotom-Wash|0 fnt
|faint|p1a: Rotom-Wash
|
|-weather|Sandstorm|[upkeep]
|
|switch|p1a: Landorus-Therian|Landorus-Therian, M|319\/319
|-ability|p1a: Landorus-Therian|Intimidate|[of] p2a: Reptar
|-unboost|p2a: Reptar|atk|1
|turn|15
|
|move|p1a: Landorus-Therian|U-turn|p2a: Reptar
|-crit|p2a: Reptar
|-supereffective|p2a: Reptar
|-damage|p2a: Reptar|0 fnt
|faint|p2a: Reptar
|
|switch|p1a: Hydreigon|Hydreigon, F|93\/325
|
|-weather|Sandstorm|[upkeep]
|-damage|p1a: Hydreigon|73\/325|[from] sandstorm
|
|switch|p2a: Gyaratres|Gyarados, F, shiny|331\/331
|-damage|p2a: Gyaratres|249\/331|[from] Stealth Rock
|turn|16
|
|move|p1a: Hydreigon|Draco Meteor|p2a: Gyaratres
|-damage|p2a: Gyaratres|0 fnt
|-unboost|p1a: Hydreigon|spa|2
|-damage|p1a: Hydreigon|41\/325|[from] item: Life Orb
|faint|p2a: Gyaratres
|
|-weather|none
|
|switch|p2a: Latios|Latios, M|227\/302
|-damage|p2a: Latios|190\/302|[from] Stealth Rock
|turn|17
|
|move|p2a: Latios|Draco Meteor|p1a: Hydreigon
|-supereffective|p1a: Hydreigon
|-damage|p1a: Hydreigon|0 fnt
|-unboost|p2a: Latios|spa|2
|faint|p1a: Hydreigon
|
|
|switch|p1a: Landorus-Therian|Landorus-Therian, M|319\/319
|-ability|p1a: Landorus-Therian|Intimidate|[of] p2a: Latios
|-unboost|p2a: Latios|atk|1
|turn|18
|-message|rirao forfeited.
|leave|rirao
|
|win|brewplanner
|raw|Ladder updating...
|player|p2
|raw|brewplanner's rating: 1647 &rarr; <strong>1668<\/strong><br \/>(+21 for winning)
|raw|rirao's rating: 1663 &rarr; <strong>1642<\/strong><br \/>(-21 for losing)