|join|rirao
|join|GoodNicksAreGone
|player|p1|rirao|162
|player|p2|GoodNicksAreGone|170
|gametype|singles
|gen|6
|tier|OU (suspect test)
|rated
|clearpoke
|poke|p1|Gyarados, M, shiny
|poke|p1|Scizor, M, shiny
|poke|p1|Heatran, M
|poke|p1|Tyranitar, M, shiny
|poke|p1|Tentacruel, M
|poke|p1|Metagross, shiny
|poke|p2|Metagross, shiny
|poke|p2|Landorus, M
|poke|p2|Rotom-Wash
|poke|p2|Heatran, F
|poke|p2|Latias, F
|poke|p2|Clefable, M
|rule|Swagger Clause: Swagger is banned
|rule|Baton Pass Clause: Limit one PokÃ©mon knowing Baton Pass
|rule|Sleep Clause Mod: Limit one foe put to sleep
|rule|Species Clause: Limit one of each PokÃ©mon
|rule|OHKO Clause: OHKO moves are banned
|rule|Moody Clause: Moody is banned
|rule|Evasion Moves Clause: Evasion moves are banned
|rule|Endless Battle Clause: Forcing endless battles is banned
|rule|HP Percentage Mod: HP is shown in percentages
|teampreview
|
|start
|switch|p1a: Zix|Scizor, M, shiny|344\/344
|switch|p2a: Heatran|Heatran, F|386\/386
|-item|p2a: Heatran|Air Balloon
|turn|1
|
|switch|p1a: Jalepeno|Heatran, M|386\/386
|-item|p1a: Jalepeno|Air Balloon
|move|p2a: Heatran|Stealth Rock|p1a: Jalepeno
|-sidestart|p1: rirao|move: Stealth Rock
|
|turn|2
|
|switch|p2a: Rotom-Wash|Rotom-Wash|304\/304
|move|p1a: Jalepeno|Stealth Rock|p2a: Rotom-Wash
|-sidestart|p2: GoodNicksAreGone|move: Stealth Rock
|
|turn|3
|
|move|p2a: Rotom-Wash|Volt Switch|p1a: Jalepeno
|-damage|p1a: Jalepeno|320\/386
|-enditem|p1a: Jalepeno|Air Balloon
|
|switch|p2a: Clefable|Clefable, M|394\/394
|move|p1a: Jalepeno|Toxic|p2a: Clefable
|-status|p2a: Clefable|tox
|
|turn|4
|
|move|p2a: Clefable|Calm Mind|p2a: Clefable
|-boost|p2a: Clefable|spa|1
|-boost|p2a: Clefable|spd|1
|move|p1a: Jalepeno|Roar|p2a: Clefable
|drag|p2a: Metagross|Metagross, shiny|301\/301
|-damage|p2a: Metagross|283\/301|[from] Stealth Rock
|
|turn|5
|
|switch|p2a: Heatran|Heatran, F|386\/386
|-damage|p2a: Heatran|338\/386|[from] Stealth Rock
|-item|p2a: Heatran|Air Balloon
|switch|p1a: Zix|Scizor, M, shiny|344\/344
|-damage|p1a: Zix|301\/344|[from] Stealth Rock
|
|turn|6
|
|switch|p1a: Cruel Summer|Tentacruel, M|364\/364
|-damage|p1a: Cruel Summer|319\/364|[from] Stealth Rock
|move|p2a: Heatran|Will-O-Wisp|p1a: Cruel Summer
|-status|p1a: Cruel Summer|brn
|
|-heal|p1a: Cruel Summer|341\/364 brn|[from] item: Black Sludge
|-damage|p1a: Cruel Summer|296\/364 brn|[from] brn
|turn|7
|
|switch|p2a: Landorus|Landorus, M|319\/319
|-damage|p2a: Landorus|280\/319|[from] Stealth Rock
|move|p1a: Cruel Summer|Scald|p2a: Landorus
|-supereffective|p2a: Landorus
|-damage|p2a: Landorus|76\/319
|-status|p2a: Landorus|brn
|
|-heal|p1a: Cruel Summer|318\/364 brn|[from] item: Black Sludge
|-damage|p2a: Landorus|37\/319 brn|[from] brn
|-damage|p1a: Cruel Summer|273\/364 brn|[from] brn
|turn|8
|
|move|p2a: Landorus|Psychic|p1a: Cruel Summer
|-supereffective|p1a: Cruel Summer
|-damage|p1a: Cruel Summer|0 fnt
|faint|p1a: Cruel Summer
|
|-damage|p2a: Landorus|0 fnt|[from] brn
|faint|p2a: Landorus
|
|switch|p1a: Gyarados|Gyarados, M, shiny|332\/332
|switch|p2a: Rotom-Wash|Rotom-Wash|304\/304
|-damage|p1a: Gyarados|249\/332|[from] Stealth Rock
|-damage|p2a: Rotom-Wash|266\/304|[from] Stealth Rock
|turn|9
|
|switch|p1a: Jalepeno|Heatran, M|320\/386
|-damage|p1a: Jalepeno|272\/386|[from] Stealth Rock
|move|p2a: Rotom-Wash|Volt Switch|p1a: Jalepeno
|-damage|p1a: Jalepeno|211\/386
|
|switch|p2a: Latias|Latias, F|302\/302
|-damage|p2a: Latias|265\/302|[from] Stealth Rock
|
|turn|10
|
|move|p2a: Latias|Hidden Power|p1a: Jalepeno
|-supereffective|p1a: Jalepeno
|-damage|p1a: Jalepeno|89\/386
|-damage|p2a: Latias|235\/302|[from] item: Life Orb
|move|p1a: Jalepeno|Toxic|p2a: Latias
|-status|p2a: Latias|tox
|
|-damage|p2a: Latias|217\/302 tox|[from] psn
|turn|11
|
|switch|p2a: Clefable|Clefable, M|394\/394 tox
|move|p1a: Jalepeno|Lava Plume|p2a: Clefable
|-damage|p2a: Clefable|252\/394 tox
|
|-heal|p2a: Clefable|276\/394 tox|[from] item: Leftovers
|turn|12
|
|switch|p2a: Heatran|Heatran, F|338\/386
|-damage|p2a: Heatran|290\/386|[from] Stealth Rock
|-item|p2a: Heatran|Air Balloon
|move|p1a: Jalepeno|Lava Plume|p2a: Heatran
|-start|p2a: Heatran|ability: Flash Fire
|
|turn|13
|
|move|p2a: Heatran|Will-O-Wisp|p1a: Jalepeno
|-start|p1a: Jalepeno|ability: Flash Fire
|move|p1a: Jalepeno|Roar|p2a: Heatran
|drag|p2a: Metagross|Metagross, shiny|283\/301
|-damage|p2a: Metagross|265\/301|[from] Stealth Rock
|
|turn|14
|
|detailschange|p2a: Metagross|Metagross-Mega, shiny
|-mega|p2a: Metagross|Metagross|Metagrossite
|move|p2a: Metagross|Zen Headbutt|p1a: Jalepeno
|-resisted|p1a: Jalepeno
|-damage|p1a: Jalepeno|0 fnt
|faint|p1a: Jalepeno
|
|
|switch|p1a: Steven|Metagross, shiny|302\/302
|-damage|p1a: Steven|284\/302|[from] Stealth Rock
|turn|15
|
|switch|p2a: Rotom-Wash|Rotom-Wash|266\/304
|-damage|p2a: Rotom-Wash|228\/304|[from] Stealth Rock
|move|p1a: Steven|Earthquake|p2a: Rotom-Wash
|-immune|p2a: Rotom-Wash|[msg]
|
|-heal|p2a: Rotom-Wash|247\/304|[from] item: Leftovers
|turn|16
|
|switch|p1a: Zix|Scizor, M, shiny|301\/344
|-damage|p1a: Zix|258\/344|[from] Stealth Rock
|move|p2a: Rotom-Wash|Will-O-Wisp|p1a: Zix
|-status|p1a: Zix|brn
|
|-heal|p2a: Rotom-Wash|266\/304|[from] item: Leftovers
|-damage|p1a: Zix|215\/344 brn|[from] brn
|turn|17
|
|move|p2a: Rotom-Wash|Volt Switch|p1a: Zix
|-damage|p1a: Zix|116\/344 brn
|
|switch|p2a: Heatran|Heatran, F|290\/386
|-damage|p2a: Heatran|242\/386|[from] Stealth Rock
|-item|p2a: Heatran|Air Balloon
|move|p1a: Zix|Knock Off|p2a: Heatran
|-damage|p2a: Heatran|157\/386
|-enditem|p2a: Heatran|Air Balloon
|
|-damage|p1a: Zix|73\/344 brn|[from] brn
|turn|18
|
|move|p2a: Heatran|Lava Plume|p1a: Zix
|-supereffective|p1a: Zix
|-damage|p1a: Zix|0 fnt
|faint|p1a: Zix
|
|
|switch|p1a: Game Over|Tyranitar, M, shiny|341\/341
|-damage|p1a: Game Over|299\/341|[from] Stealth Rock
|-weather|Sandstorm
|turn|19
|
|detailschange|p1a: Game Over|Tyranitar-Mega, M, shiny
|-mega|p1a: Game Over|Tyranitar|Tyranitarite
|move|p1a: Game Over|Dragon Dance|p1a: Game Over
|-boost|p1a: Game Over|atk|1
|-boost|p1a: Game Over|spe|1
|move|p2a: Heatran|Will-O-Wisp|p1a: Game Over
|-status|p1a: Game Over|brn
|
|-weather|Sandstorm|[upkeep]
|-damage|p1a: Game Over|257\/341 brn|[from] brn
|turn|20
|
|move|p1a: Game Over|Stone Edge|p2a: Heatran
|-damage|p2a: Heatran|0 fnt
|faint|p2a: Heatran
|
|-weather|Sandstorm|[upkeep]
|-damage|p1a: Game Over|215\/341 brn|[from] brn
|
|switch|p2a: Metagross|Metagross-Mega, shiny|265\/301
|-damage|p2a: Metagross|247\/301|[from] Stealth Rock
|turn|21
|
|move|p2a: Metagross|Bullet Punch|p1a: Game Over
|-supereffective|p1a: Game Over
|-damage|p1a: Game Over|65\/341 brn
|move|p1a: Game Over|Earthquake|p2a: Metagross
|-supereffective|p2a: Metagross
|-damage|p2a: Metagross|67\/301
|
|-weather|Sandstorm|[upkeep]
|-damage|p1a: Game Over|23\/341 brn|[from] brn
|turn|22
|
|switch|p2a: Latias|Latias, F|217\/302 tox
|-damage|p2a: Latias|180\/302 tox|[from] Stealth Rock
|move|p1a: Game Over|Earthquake|p2a: Latias
|-immune|p2a: Latias|[msg]
|
|-weather|Sandstorm|[upkeep]
|-damage|p2a: Latias|162\/302 tox|[from] sandstorm
|-damage|p1a: Game Over|0 fnt|[from] brn
|-damage|p2a: Latias|144\/302 tox|[from] psn
|faint|p1a: Game Over
|
|switch|p1a: Steven|Metagross, shiny|284\/302
|-damage|p1a: Steven|266\/302|[from] Stealth Rock
|turn|23
|
|move|p1a: Steven|Meteor Mash|p2a: Latias
|-damage|p2a: Latias|0 fnt
|faint|p2a: Latias
|
|-weather|none
|
|switch|p2a: Rotom-Wash|Rotom-Wash|266\/304
|-damage|p2a: Rotom-Wash|228\/304|[from] Stealth Rock
|turn|24
|
|switch|p1a: Gyarados|Gyarados, M, shiny|249\/332
|-damage|p1a: Gyarados|166\/332|[from] Stealth Rock
|move|p2a: Rotom-Wash|Will-O-Wisp|p1a: Gyarados
|-status|p1a: Gyarados|brn
|
|-heal|p1a: Gyarados|186\/332 brn|[from] item: Leftovers
|-heal|p2a: Rotom-Wash|247\/304|[from] item: Leftovers
|-damage|p1a: Gyarados|145\/332 brn|[from] brn
|turn|25
|
|switch|p2a: Metagross|Metagross-Mega, shiny|67\/301
|-damage|p2a: Metagross|49\/301|[from] Stealth Rock
|move|p1a: Gyarados|Waterfall|p2a: Metagross
|-damage|p2a: Metagross|0 fnt
|faint|p2a: Metagross
|-boost|p1a: Gyarados|atk|1|[from] ability: Moxie
|
|-heal|p1a: Gyarados|165\/332 brn|[from] item: Leftovers
|-damage|p1a: Gyarados|124\/332 brn|[from] brn
|
|switch|p2a: Clefable|Clefable, M|276\/394 tox
|turn|26
|
|move|p1a: Gyarados|Waterfall|p2a: Clefable
|-damage|p2a: Clefable|182\/394 tox
|move|p2a: Clefable|Soft-Boiled|p2a: Clefable
|-heal|p2a: Clefable|379\/394 tox
|
|-heal|p1a: Gyarados|144\/332 brn|[from] item: Leftovers
|-heal|p2a: Clefable|394\/394 tox|[from] item: Leftovers
|-damage|p1a: Gyarados|103\/332 brn|[from] brn
|turn|27
|
|switch|p1a: Steven|Metagross, shiny|266\/302
|-damage|p1a: Steven|248\/302|[from] Stealth Rock
|move|p2a: Clefable|Calm Mind|p2a: Clefable
|-boost|p2a: Clefable|spa|1
|-boost|p2a: Clefable|spd|1
|
|turn|28
|
|switch|p2a: Rotom-Wash|Rotom-Wash|247\/304
|-damage|p2a: Rotom-Wash|209\/304|[from] Stealth Rock
|move|p1a: Steven|Brick Break|p2a: Rotom-Wash
|-damage|p2a: Rotom-Wash|127\/304
|
|-heal|p2a: Rotom-Wash|146\/304|[from] item: Leftovers
|turn|29
|
|move|p1a: Steven|Brick Break|p2a: Rotom-Wash
|-damage|p2a: Rotom-Wash|66\/304
|move|p2a: Rotom-Wash|Will-O-Wisp|p1a: Steven
|-status|p1a: Steven|brn
|
|-heal|p2a: Rotom-Wash|85\/304|[from] item: Leftovers
|-damage|p1a: Steven|211\/302 brn|[from] brn
|turn|30
|
|switch|p2a: Clefable|Clefable, M|394\/394 tox
|move|p1a: Steven|Brick Break|p2a: Clefable
|-resisted|p2a: Clefable
|-damage|p2a: Clefable|370\/394 tox
|
|-heal|p2a: Clefable|394\/394 tox|[from] item: Leftovers
|-damage|p1a: Steven|174\/302 brn|[from] brn
|turn|31
|
|switch|p1a: Gyarados|Gyarados, M, shiny|103\/332 brn
|-damage|p1a: Gyarados|20\/332 brn|[from] Stealth Rock
|move|p2a: Clefable|Calm Mind|p2a: Clefable
|-boost|p2a: Clefable|spa|1
|-boost|p2a: Clefable|spd|1
|
|-heal|p1a: Gyarados|40\/332 brn|[from] item: Leftovers
|-damage|p1a: Gyarados|0 fnt|[from] brn
|faint|p1a: Gyarados
|
|switch|p1a: Steven|Metagross, shiny|174\/302 brn
|-damage|p1a: Steven|156\/302 brn|[from] Stealth Rock
|turn|32
|
|switch|p2a: Rotom-Wash|Rotom-Wash|85\/304
|-damage|p2a: Rotom-Wash|47\/304|[from] Stealth Rock
|move|p1a: Steven|Meteor Mash|p2a: Rotom-Wash
|-crit|p2a: Rotom-Wash
|-resisted|p2a: Rotom-Wash
|-damage|p2a: Rotom-Wash|22\/304
|
|-heal|p2a: Rotom-Wash|41\/304|[from] item: Leftovers
|-damage|p1a: Steven|119\/302 brn|[from] brn
|turn|33
|
|move|p1a: Steven|Meteor Mash|p2a: Rotom-Wash
|-resisted|p2a: Rotom-Wash
|-damage|p2a: Rotom-Wash|23\/304
|move|p2a: Rotom-Wash|Hydro Pump|p1a: Steven
|-damage|p1a: Steven|0 fnt
|faint|p1a: Steven
|
|win|GoodNicksAreGone
|raw|Ladder updating...
|c|âGoodNicksAreGone|gg
|leave|rirao