|join|56k
|join|superpascal
|player|p1|56k|43
|player|p2|superpascal|161
|gametype|singles
|gen|6
|tier|ORAS OU
|rated
|rule|Sleep Clause Mod: Limit one foe put to sleep
|rule|Species Clause: Limit one of each PokÃ©mon
|rule|OHKO Clause: OHKO moves are banned
|rule|Moody Clause: Moody is banned
|rule|Evasion Moves Clause: Evasion moves are banned
|rule|Endless Battle Clause: Forcing endless battles is banned
|rule|HP Percentage Mod: HP is shown in percentages
|clearpoke
|poke|p1|Slowbro, M
|poke|p1|Porygon2
|poke|p1|Celebi
|poke|p1|Tentacruel, M
|poke|p1|Sylveon, F
|poke|p1|Rotom-Heat
|poke|p2|Manaphy
|poke|p2|Garchomp, M
|poke|p2|Togekiss, F
|poke|p2|Salamence, M
|poke|p2|Ferrothorn, M
|poke|p2|Rotom-Wash
|rule|Swagger Clause: Swagger is banned
|rule|Baton Pass Clause: Limit one PokÃ©mon knowing Baton Pass
|teampreview
|c|âsuperpascal|have fun
|c|â56k|you too
|c|â56k|i dont think i'll have fun with that manaphy though
|
|start
|switch|p1a: Celebi|Celebi|404\/404
|switch|p2a: Laveuse|Rotom-Wash|304\/304
|turn|1
|
|switch|p2a: Toque|Ferrothorn, M|352\/352
|move|p1a: Celebi|Stealth Rock|p2a: Toque
|-sidestart|p2: superpascal|move: Stealth Rock
|
|turn|2
|
|switch|p1a: Rotom-Heat|Rotom-Heat|303\/303
|move|p2a: Toque|Stealth Rock|p1a: Rotom-Heat
|-sidestart|p1: 56k|move: Stealth Rock
|
|turn|3
|c|â56k|sorry for that long pause i was afk makin the coffee
|
|switch|p2a: Laveuse|Rotom-Wash|304\/304
|-damage|p2a: Laveuse|266\/304|[from] Stealth Rock
|move|p1a: Rotom-Heat|Will-O-Wisp|p2a: Laveuse
|-status|p2a: Laveuse|brn
|
|-damage|p2a: Laveuse|228\/304 brn|[from] brn
|turn|4
|
|switch|p1a: Celebi|Celebi|404\/404
|-damage|p1a: Celebi|354\/404|[from] Stealth Rock
|move|p2a: Laveuse|Volt Switch|p1a: Celebi
|-resisted|p1a: Celebi
|-damage|p1a: Celebi|305\/404
|c|â56k|i might be lagging too
|c|âsuperpascal|no that's me sorry!
|
|switch|p2a: Malaysia 370|Salamence, M|393\/393
|-damage|p2a: Malaysia 370|295\/393|[from] Stealth Rock
|-ability|p2a: Malaysia 370|Intimidate|[of] p1a: Celebi
|-unboost|p1a: Celebi|atk|1
|
|-heal|p1a: Celebi|330\/404|[from] item: Leftovers
|turn|5
|c|â56k|lol when i type in chat it takes 5 seconds
|
|switch|p1a: Porygon2|Porygon2|373\/373
|-damage|p1a: Porygon2|327\/373|[from] Stealth Rock
|-ability|p1a: Porygon2|Intimidate|[from] ability: Trace|[of] p2a: Malaysia 370
|-ability|p1a: Porygon2|Intimidate|[of] p2a: Malaysia 370
|-unboost|p2a: Malaysia 370|atk|1
|detailschange|p2a: Malaysia 370|Salamence-Mega, M
|message|Salamence has Mega Evolved into Mega Salamence!
|move|p2a: Malaysia 370|Return|p1a: Porygon2
|-damage|p1a: Porygon2|197\/373
|
|turn|6
|
|switch|p2a: Toque|Ferrothorn, M|352\/352
|-damage|p2a: Toque|330\/352|[from] Stealth Rock
|move|p1a: Porygon2|Ice Beam|p2a: Toque
|-damage|p2a: Toque|284\/352
|
|-heal|p2a: Toque|306\/352|[from] item: Leftovers
|turn|7
|
|move|p1a: Porygon2|Recover|p1a: Porygon2
|-heal|p1a: Porygon2|373\/373
|move|p2a: Toque|Thunder Wave|p1a: Porygon2
|-status|p1a: Porygon2|par
|
|-heal|p2a: Toque|328\/352|[from] item: Leftovers
|turn|8
|
|switch|p1a: Tentacruel|Tentacruel, M|353\/353
|-damage|p1a: Tentacruel|309\/353|[from] Stealth Rock
|move|p2a: Toque|Leech Seed|p1a: Tentacruel
|-start|p1a: Tentacruel|move: Leech Seed
|
|-heal|p1a: Tentacruel|331\/353|[from] item: Black Sludge
|-heal|p2a: Toque|350\/352|[from] item: Leftovers
|-damage|p1a: Tentacruel|287\/353|[from] Leech Seed|[of] p2a: Toque
|-damage|p2a: Toque|306\/352|[from] ability: Liquid Ooze|[of] p1a: Tentacruel
|turn|9
|
|move|p1a: Tentacruel|Knock Off|p2a: Toque
|-damage|p2a: Toque|263\/352
|-damage|p1a: Tentacruel|243\/353|[from] ability: Iron Barbs|[of] p2a: Toque
|-enditem|p2a: Toque|Leftovers|[from] move: Knock Off|[of] p1a: Tentacruel
|move|p2a: Toque|Thunder Wave|p1a: Tentacruel
|-status|p1a: Tentacruel|par
|
|-heal|p1a: Tentacruel|265\/353 par|[from] item: Black Sludge
|-damage|p1a: Tentacruel|221\/353 par|[from] Leech Seed|[of] p2a: Toque
|-damage|p2a: Toque|219\/352|[from] ability: Liquid Ooze|[of] p1a: Tentacruel
|turn|10
|
|move|p2a: Toque|Power Whip|p1a: Tentacruel
|-damage|p1a: Tentacruel|34\/353 par
|cant|p1a: Tentacruel|par
|
|-heal|p1a: Tentacruel|56\/353 par|[from] item: Black Sludge
|-damage|p1a: Tentacruel|12\/353 par|[from] Leech Seed|[of] p2a: Toque
|-damage|p2a: Toque|175\/352|[from] ability: Liquid Ooze|[of] p1a: Tentacruel
|turn|11
|
|move|p2a: Toque|Power Whip|p1a: Tentacruel
|-damage|p1a: Tentacruel|0 fnt
|faint|p1a: Tentacruel
|
|
|switch|p1a: Rotom-Heat|Rotom-Heat|303\/303
|-damage|p1a: Rotom-Heat|228\/303|[from] Stealth Rock
|turn|12
|
|switch|p2a: Chompitychomp|Garchomp, M|409\/409
|-damage|p2a: Chompitychomp|384\/409|[from] Stealth Rock
|move|p1a: Rotom-Heat|Will-O-Wisp|p2a: Chompitychomp
|-status|p2a: Chompitychomp|brn
|
|-heal|p1a: Rotom-Heat|246\/303|[from] item: Leftovers
|-damage|p2a: Chompitychomp|333\/409 brn|[from] brn
|turn|13
|
|switch|p1a: Slowbro|Slowbro, M|393\/393
|-damage|p1a: Slowbro|344\/393|[from] Stealth Rock
|move|p2a: Chompitychomp|Stone Edge|p1a: Slowbro
|-damage|p1a: Slowbro|296\/393
|
|-damage|p2a: Chompitychomp|282\/409 brn|[from] brn
|turn|14
|
|switch|p2a: Toque|Ferrothorn, M|175\/352
|-damage|p2a: Toque|153\/352|[from] Stealth Rock
|move|p1a: Slowbro|Calm Mind|p1a: Slowbro
|-boost|p1a: Slowbro|spa|1
|-boost|p1a: Slowbro|spd|1
|
|turn|15
|c|âsuperpascal|ah the scary one :O
|
|move|p1a: Slowbro|Scald|p2a: Toque
|-resisted|p2a: Toque
|-damage|p2a: Toque|109\/352
|move|p2a: Toque|Leech Seed|p1a: Slowbro|[miss]
|-miss|p2a: Toque|p1a: Slowbro
|
|turn|16
|
|move|p1a: Slowbro|Scald|p2a: Toque
|-resisted|p2a: Toque
|-damage|p2a: Toque|67\/352
|move|p2a: Toque|Thunder Wave|p1a: Slowbro
|-status|p1a: Slowbro|par
|
|turn|17
|
|switch|p1a: Celebi|Celebi|330\/404
|-damage|p1a: Celebi|280\/404|[from] Stealth Rock
|move|p2a: Toque|Leech Seed|p1a: Celebi
|-immune|p1a: Celebi|[msg]
|
|-heal|p1a: Celebi|305\/404|[from] item: Leftovers
|turn|18
|c|âsuperpascal|good play
|
|move|p1a: Celebi|Psychic|p2a: Toque
|-resisted|p2a: Toque
|-damage|p2a: Toque|35\/352
|move|p2a: Toque|Thunder Wave|p1a: Celebi
|-status|p1a: Celebi|par
|
|-heal|p1a: Celebi|330\/404 par|[from] item: Leftovers
|turn|19
|c|â56k|went for 2 burns and didnt get
|
|switch|p2a: Malaysia 370|Salamence-Mega, M|295\/393
|-damage|p2a: Malaysia 370|197\/393|[from] Stealth Rock
|switch|p1a: Sylveon|Sylveon, F|387\/387
|-damage|p1a: Sylveon|339\/387|[from] Stealth Rock
|
|-heal|p1a: Sylveon|363\/387|[from] item: Leftovers
|turn|20
|c|âsuperpascal|the big choice...heal bell or the kill? :P
|
|move|p2a: Malaysia 370|Return|p1a: Sylveon
|-damage|p1a: Sylveon|99\/387
|move|p1a: Sylveon|Hyper Voice|p2a: Malaysia 370
|-supereffective|p2a: Malaysia 370
|-damage|p2a: Malaysia 370|0 fnt
|faint|p2a: Malaysia 370
|
|-heal|p1a: Sylveon|123\/387|[from] item: Leftovers
|c|â56k|is that adamant?
|c|âsuperpascal|yup
|
|switch|p2a: Claire|Manaphy|400\/400
|-damage|p2a: Claire|350\/400|[from] Stealth Rock
|turn|21
|
|switch|p1a: Celebi|Celebi|330\/404
|-damage|p1a: Celebi|280\/404|[from] Stealth Rock
|move|p2a: Claire|Tail Glow|p2a: Claire
|-boost|p2a: Claire|spa|3
|
|-heal|p1a: Celebi|305\/404|[from] item: Leftovers
|-heal|p2a: Claire|375\/400|[from] item: Leftovers
|turn|22
|
|move|p1a: Celebi|Thunder Wave|p2a: Claire
|-status|p2a: Claire|par
|cant|p2a: Claire|par
|
|-heal|p1a: Celebi|330\/404|[from] item: Leftovers
|-heal|p2a: Claire|400\/400 par|[from] item: Leftovers
|turn|23
|c|âsuperpascal|damn...
|
|move|p1a: Celebi|Psychic|p2a: Claire
|-damage|p2a: Claire|292\/400 par
|-unboost|p2a: Claire|spd|1
|cant|p2a: Claire|par
|
|-heal|p1a: Celebi|355\/404|[from] item: Leftovers
|-heal|p2a: Claire|317\/400 par|[from] item: Leftovers
|turn|24
|c|âsuperpascal|so much hax
|
|move|p1a: Celebi|Psychic|p2a: Claire
|-damage|p2a: Claire|145\/400 par
|move|p2a: Claire|Ice Beam|p1a: Celebi
|-supereffective|p1a: Celebi
|-damage|p1a: Celebi|0 fnt
|faint|p1a: Celebi
|
|-heal|p2a: Claire|170\/400 par|[from] item: Leftovers
|c|â56k|yeah
|
|switch|p1a: Sylveon|Sylveon, F|123\/387
|-damage|p1a: Sylveon|75\/387|[from] Stealth Rock
|turn|25
|
|move|p1a: Sylveon|Hyper Voice|p2a: Claire
|-damage|p2a: Claire|0 fnt
|faint|p2a: Claire
|
|-heal|p1a: Sylveon|99\/387|[from] item: Leftovers
|
|switch|p2a: Bisou|Togekiss, F|373\/373
|-damage|p2a: Bisou|280\/373|[from] Stealth Rock
|turn|26
|
|move|p2a: Bisou|Air Slash|p1a: Sylveon
|-damage|p1a: Sylveon|0 fnt
|faint|p1a: Sylveon
|
|
|switch|p1a: Rotom-Heat|Rotom-Heat|246\/303
|-damage|p1a: Rotom-Heat|171\/303|[from] Stealth Rock
|turn|27
|c|âsuperpascal|I think you will actually win with that
|
|switch|p2a: Toque|Ferrothorn, M|35\/352
|-damage|p2a: Toque|13\/352|[from] Stealth Rock
|move|p1a: Rotom-Heat|Discharge|p2a: Toque
|-resisted|p2a: Toque
|-damage|p2a: Toque|0 fnt
|faint|p2a: Toque
|
|-heal|p1a: Rotom-Heat|189\/303|[from] item: Leftovers
|c|â56k|hmm idk
|
|switch|p2a: Laveuse|Rotom-Wash|228\/304 brn
|-damage|p2a: Laveuse|190\/304 brn|[from] Stealth Rock
|turn|28
|c|â56k|rotom and toge can really do a number on me
|
|switch|p1a: Porygon2|Porygon2|373\/373 par
|-damage|p1a: Porygon2|327\/373 par|[from] Stealth Rock
|-ability|p1a: Porygon2|Levitate|[from] ability: Trace|[of] p2a: Laveuse
|move|p2a: Laveuse|Rest|p2a: Laveuse
|-status|p2a: Laveuse|slp
|-heal|p2a: Laveuse|304\/304 slp|[silent]
|-status|p2a: Laveuse|slp|[from] move: Rest
|-enditem|p2a: Laveuse|Chesto Berry|[eat]
|-curestatus|p2a: Laveuse|slp
|
|turn|29
|c|â56k|like if you just air slash me to death lol
|leave|56k
|player|p1
|join|56k
|player|p1|56k|43
|c|â56k|lagged out
|
|move|p2a: Laveuse|Volt Switch|p1a: Porygon2
|-damage|p1a: Porygon2|279\/373 par
|c|âsuperpascal|me too
|
|switch|p2a: Chompitychomp|Garchomp, M|282\/409 brn
|-damage|p2a: Chompitychomp|257\/409 brn|[from] Stealth Rock
|cant|p1a: Porygon2|par
|
|-damage|p2a: Chompitychomp|206\/409 brn|[from] brn
|turn|30
|
|switch|p2a: Laveuse|Rotom-Wash|304\/304
|-damage|p2a: Laveuse|266\/304|[from] Stealth Rock
|move|p1a: Porygon2|Recover|p1a: Porygon2
|-heal|p1a: Porygon2|373\/373 par
|
|turn|31
|
|move|p2a: Laveuse|Volt Switch|p1a: Porygon2
|-damage|p1a: Porygon2|321\/373 par
|
|switch|p2a: Bisou|Togekiss, F|280\/373
|-damage|p2a: Bisou|187\/373|[from] Stealth Rock
|move|p1a: Porygon2|Toxic|p2a: Bisou
|-status|p2a: Bisou|tox
|
|-damage|p2a: Bisou|164\/373 tox|[from] psn
|turn|32
|c|âsuperpascal|should have went directly into it
|
|move|p2a: Bisou|Air Slash|p1a: Porygon2
|-damage|p1a: Porygon2|212\/373 par
|cant|p1a: Porygon2|par
|
|-damage|p2a: Bisou|118\/373 tox|[from] psn
|turn|33
|
|switch|p1a: Rotom-Heat|Rotom-Heat|189\/303
|-damage|p1a: Rotom-Heat|114\/303|[from] Stealth Rock
|move|p2a: Bisou|Air Slash|p1a: Rotom-Heat
|-resisted|p1a: Rotom-Heat
|-damage|p1a: Rotom-Heat|9\/303
|
|-heal|p1a: Rotom-Heat|27\/303|[from] item: Leftovers
|-damage|p2a: Bisou|49\/373 tox|[from] psn
|turn|34
|c|âsuperpascal|so close
|
|move|p1a: Rotom-Heat|Discharge|p2a: Bisou
|-supereffective|p2a: Bisou
|-damage|p2a: Bisou|0 fnt
|faint|p2a: Bisou
|
|-heal|p1a: Rotom-Heat|45\/303|[from] item: Leftovers
|
|switch|p2a: Laveuse|Rotom-Wash|266\/304
|-damage|p2a: Laveuse|228\/304|[from] Stealth Rock
|turn|35
|
|move|p2a: Laveuse|Hydro Pump|p1a: Rotom-Heat
|-supereffective|p1a: Rotom-Heat
|-damage|p1a: Rotom-Heat|0 fnt
|faint|p1a: Rotom-Heat
|
|
|switch|p1a: Porygon2|Porygon2|212\/373 par
|-damage|p1a: Porygon2|166\/373 par|[from] Stealth Rock
|-ability|p1a: Porygon2|Levitate|[from] ability: Trace|[of] p2a: Laveuse
|turn|36
|c|âsuperpascal|I need a parahax...
|
|move|p2a: Laveuse|Hydro Pump|p1a: Porygon2
|-damage|p1a: Porygon2|87\/373 par
|move|p1a: Porygon2|Recover|p1a: Porygon2
|-heal|p1a: Porygon2|274\/373 par
|
|turn|37
|c|â56k|this exchange right here determines it yeah
|
|move|p2a: Laveuse|Hydro Pump|p1a: Porygon2
|-damage|p1a: Porygon2|193\/373 par
|move|p1a: Porygon2|Toxic|p2a: Laveuse
|-status|p2a: Laveuse|tox
|
|-damage|p2a: Laveuse|209\/304 tox|[from] psn
|turn|38
|
|move|p2a: Laveuse|Hydro Pump|p1a: Porygon2
|-damage|p1a: Porygon2|115\/373 par
|move|p1a: Porygon2|Recover|p1a: Porygon2
|-heal|p1a: Porygon2|302\/373 par
|
|-damage|p2a: Laveuse|171\/304 tox|[from] psn
|turn|39
|
|move|p2a: Laveuse|Rest|p2a: Laveuse
|-status|p2a: Laveuse|slp
|-heal|p2a: Laveuse|304\/304 slp|[silent]
|-status|p2a: Laveuse|slp|[from] move: Rest
|cant|p1a: Porygon2|par
|
|turn|40
|
|switch|p1a: Slowbro|Slowbro, M|393\/393 par
|-damage|p1a: Slowbro|344\/393 par|[from] Stealth Rock
|cant|p2a: Laveuse|slp
|
|turn|41
|c|âsuperpascal|gg
|
|cant|p2a: Laveuse|slp
|move|p1a: Slowbro|Calm Mind|p1a: Slowbro
|-boost|p1a: Slowbro|spa|1
|-boost|p1a: Slowbro|spd|1
|
|turn|42
|
|detailschange|p1a: Slowbro|Slowbro-Mega, M
|message|Slowbro has Mega Evolved into Mega Slowbro!
|-curestatus|p2a: Laveuse|slp
|move|p2a: Laveuse|Volt Switch|p1a: Slowbro
|-supereffective|p1a: Slowbro
|-damage|p1a: Slowbro|204\/393 par
|
|switch|p2a: Chompitychomp|Garchomp, M|206\/409 brn
|-damage|p2a: Chompitychomp|181\/409 brn|[from] Stealth Rock
|move|p1a: Slowbro|Psyshock|p2a: Chompitychomp
|-damage|p2a: Chompitychomp|0 fnt
|faint|p2a: Chompitychomp
|
|c|âsuperpascal|so gg
|
|switch|p2a: Laveuse|Rotom-Wash|304\/304
|-damage|p2a: Laveuse|266\/304|[from] Stealth Rock
|turn|43
|
|move|p2a: Laveuse|Volt Switch|p1a: Slowbro
|-supereffective|p1a: Slowbro
|-damage|p1a: Slowbro|54\/393 par
|move|p1a: Slowbro|Slack Off|p1a: Slowbro
|-heal|p1a: Slowbro|251\/393 par
|
|turn|44
|
|move|p2a: Laveuse|Volt Switch|p1a: Slowbro
|-supereffective|p1a: Slowbro
|-damage|p1a: Slowbro|93\/393 par
|move|p1a: Slowbro|Psyshock|p2a: Laveuse
|-damage|p2a: Laveuse|127\/304
|
|turn|45
|
|move|p2a: Laveuse|Volt Switch|p1a: Slowbro
|-supereffective|p1a: Slowbro
|-damage|p1a: Slowbro|0 fnt
|faint|p1a: Slowbro
|
|
|switch|p1a: Porygon2|Porygon2|302\/373 par
|-damage|p1a: Porygon2|256\/373 par|[from] Stealth Rock
|-ability|p1a: Porygon2|Levitate|[from] ability: Trace|[of] p2a: Laveuse
|turn|46
|
|move|p2a: Laveuse|Volt Switch|p1a: Porygon2
|-damage|p1a: Porygon2|204\/373 par
|move|p1a: Porygon2|Recover|p1a: Porygon2
|-heal|p1a: Porygon2|373\/373 par
|
|turn|47
|
|move|p2a: Laveuse|Volt Switch|p1a: Porygon2
|-damage|p1a: Porygon2|325\/373 par
|move|p1a: Porygon2|Ice Beam|p2a: Laveuse
|-resisted|p2a: Laveuse
|-damage|p2a: Laveuse|94\/304
|
|turn|48
|c|âsuperpascal|wait, do you have discharge?
|
|move|p2a: Laveuse|Rest|p2a: Laveuse
|-status|p2a: Laveuse|slp
|-heal|p2a: Laveuse|304\/304 slp|[silent]
|-status|p2a: Laveuse|slp|[from] move: Rest
|move|p1a: Porygon2|Ice Beam|p2a: Laveuse
|-resisted|p2a: Laveuse
|-damage|p2a: Laveuse|270\/304 slp
|
|turn|49
|c|â56k|actually i think you will struggle me out
|c|âsuperpascal|what's you rlast move?
|
|cant|p2a: Laveuse|slp
|move|p1a: Porygon2|Discharge|p2a: Laveuse
|-damage|p2a: Laveuse|215\/304 slp
|
|turn|50
|c|â56k|discharge
|
|cant|p2a: Laveuse|slp
|move|p1a: Porygon2|Discharge|p2a: Laveuse
|-damage|p2a: Laveuse|156\/304 slp
|
|turn|51
|
|-curestatus|p2a: Laveuse|slp
|move|p2a: Laveuse|Will-O-Wisp|p1a: Porygon2
|-fail|p1a: Porygon2
|move|p1a: Porygon2|Ice Beam|p2a: Laveuse
|-resisted|p2a: Laveuse
|-damage|p2a: Laveuse|127\/304
|
|turn|52
|
|move|p2a: Laveuse|Volt Switch|p1a: Porygon2
|-damage|p1a: Porygon2|271\/373 par
|move|p1a: Porygon2|Discharge|p2a: Laveuse
|-damage|p2a: Laveuse|66\/304
|
|turn|53
|
|move|p2a: Laveuse|Rest|p2a: Laveuse
|-status|p2a: Laveuse|slp
|-heal|p2a: Laveuse|304\/304 slp|[silent]
|-status|p2a: Laveuse|slp|[from] move: Rest
|move|p1a: Porygon2|Recover|p1a: Porygon2
|-heal|p1a: Porygon2|373\/373 par
|
|turn|54
|c|âsuperpascal|so how many pp do you have left?
|
|cant|p2a: Laveuse|slp
|cant|p1a: Porygon2|par
|
|turn|55
|
|cant|p2a: Laveuse|slp
|cant|p1a: Porygon2|par
|
|turn|56
|
|-curestatus|p2a: Laveuse|slp
|move|p2a: Laveuse|Will-O-Wisp|p1a: Porygon2
|-fail|p1a: Porygon2
|move|p1a: Porygon2|Discharge|p2a: Laveuse
|-damage|p2a: Laveuse|249\/304
|
|turn|57
|c|âsuperpascal|I have 62 left, but the rest plays in my favor
|
|move|p2a: Laveuse|Will-O-Wisp|p1a: Porygon2
|-fail|p1a: Porygon2
|move|p1a: Porygon2|Discharge|p2a: Laveuse
|-damage|p2a: Laveuse|197\/304
|
|turn|58
|c|â56k|yeah it does
|
|move|p2a: Laveuse|Volt Switch|p1a: Porygon2
|-damage|p1a: Porygon2|321\/373 par
|move|p1a: Porygon2|Ice Beam|p2a: Laveuse
|-resisted|p2a: Laveuse
|-damage|p2a: Laveuse|167\/304
|
|turn|59
|
|move|p2a: Laveuse|Volt Switch|p1a: Porygon2
|-damage|p1a: Porygon2|272\/373 par
|move|p1a: Porygon2|Toxic|p2a: Laveuse
|-status|p2a: Laveuse|tox
|
|-damage|p2a: Laveuse|148\/304 tox|[from] psn
|turn|60
|
|move|p2a: Laveuse|Volt Switch|p1a: Porygon2
|-damage|p1a: Porygon2|218\/373 par
|move|p1a: Porygon2|Recover|p1a: Porygon2
|-heal|p1a: Porygon2|373\/373 par
|
|-damage|p2a: Laveuse|110\/304 tox|[from] psn
|turn|61
|
|move|p2a: Laveuse|Rest|p2a: Laveuse
|-status|p2a: Laveuse|slp
|-heal|p2a: Laveuse|304\/304 slp|[silent]
|-status|p2a: Laveuse|slp|[from] move: Rest
|move|p1a: Porygon2|Discharge|p2a: Laveuse
|-damage|p2a: Laveuse|246\/304 slp
|
|turn|62
|c|âsuperpascal|so how many pp?
|c|â56k|51
|
|cant|p2a: Laveuse|slp
|cant|p1a: Porygon2|par
|
|turn|63
|
|cant|p2a: Laveuse|slp
|move|p1a: Porygon2|Discharge|p2a: Laveuse
|-damage|p2a: Laveuse|192\/304 slp
|
|turn|64
|
|-curestatus|p2a: Laveuse|slp
|move|p2a: Laveuse|Volt Switch|p1a: Porygon2
|-damage|p1a: Porygon2|322\/373 par
|move|p1a: Porygon2|Ice Beam|p2a: Laveuse
|-resisted|p2a: Laveuse
|-damage|p2a: Laveuse|161\/304
|
|turn|65
|c|âsuperpascal|no crit so far
|
|move|p2a: Laveuse|Rest|p2a: Laveuse
|-status|p2a: Laveuse|slp
|-heal|p2a: Laveuse|304\/304 slp|[silent]
|-status|p2a: Laveuse|slp|[from] move: Rest
|move|p1a: Porygon2|Toxic|p2a: Laveuse
|-fail|p2a: Laveuse
|
|turn|66
|
|cant|p2a: Laveuse|slp
|move|p1a: Porygon2|Discharge|p2a: Laveuse
|-damage|p2a: Laveuse|251\/304 slp
|
|turn|67
|
|cant|p2a: Laveuse|slp
|move|p1a: Porygon2|Discharge|p2a: Laveuse
|-damage|p2a: Laveuse|199\/304 slp
|
|turn|68
|
|-curestatus|p2a: Laveuse|slp
|move|p2a: Laveuse|Hydro Pump|p1a: Porygon2
|-damage|p1a: Porygon2|243\/373 par
|move|p1a: Porygon2|Toxic|p2a: Laveuse
|-status|p2a: Laveuse|tox
|
|-damage|p2a: Laveuse|180\/304 tox|[from] psn
|turn|69
|
|move|p2a: Laveuse|Volt Switch|p1a: Porygon2
|-damage|p1a: Porygon2|194\/373 par
|move|p1a: Porygon2|Discharge|p2a: Laveuse
|-damage|p2a: Laveuse|123\/304 tox
|
|-damage|p2a: Laveuse|85\/304 tox|[from] psn
|turn|70
|
|move|p2a: Laveuse|Rest|p2a: Laveuse
|-status|p2a: Laveuse|slp
|-heal|p2a: Laveuse|304\/304 slp|[silent]
|-status|p2a: Laveuse|slp|[from] move: Rest
|move|p1a: Porygon2|Recover|p1a: Porygon2
|-heal|p1a: Porygon2|373\/373 par
|
|turn|71
|
|cant|p2a: Laveuse|slp
|move|p1a: Porygon2|Discharge|p2a: Laveuse
|-damage|p2a: Laveuse|251\/304 slp
|
|turn|72
|
|cant|p2a: Laveuse|slp
|move|p1a: Porygon2|Discharge|p2a: Laveuse
|-damage|p2a: Laveuse|197\/304 slp
|
|turn|73
|
|-curestatus|p2a: Laveuse|slp
|move|p2a: Laveuse|Hydro Pump|p1a: Porygon2|[miss]
|-miss|p2a: Laveuse|p1a: Porygon2
|move|p1a: Porygon2|Ice Beam|p2a: Laveuse
|-resisted|p2a: Laveuse
|-damage|p2a: Laveuse|168\/304
|
|turn|74
|
|move|p2a: Laveuse|Volt Switch|p1a: Porygon2
|-damage|p1a: Porygon2|318\/373 par
|move|p1a: Porygon2|Ice Beam|p2a: Laveuse
|-resisted|p2a: Laveuse
|-damage|p2a: Laveuse|139\/304
|
|turn|75
|
|move|p2a: Laveuse|Hydro Pump|p1a: Porygon2|[miss]
|-miss|p2a: Laveuse|p1a: Porygon2
|cant|p1a: Porygon2|par
|
|turn|76
|
|move|p2a: Laveuse|Volt Switch|p1a: Porygon2
|-damage|p1a: Porygon2|264\/373 par
|move|p1a: Porygon2|Ice Beam|p2a: Laveuse
|-resisted|p2a: Laveuse
|-damage|p2a: Laveuse|106\/304
|
|turn|77
|
|move|p2a: Laveuse|Rest|p2a: Laveuse
|-status|p2a: Laveuse|slp
|-heal|p2a: Laveuse|304\/304 slp|[silent]
|-status|p2a: Laveuse|slp|[from] move: Rest
|move|p1a: Porygon2|Recover|p1a: Porygon2
|-heal|p1a: Porygon2|373\/373 par
|
|turn|78
|
|cant|p2a: Laveuse|slp
|move|p1a: Porygon2|Discharge|p2a: Laveuse
|-damage|p2a: Laveuse|253\/304 slp
|
|turn|79
|
|cant|p2a: Laveuse|slp
|cant|p1a: Porygon2|par
|
|turn|80
|
|-curestatus|p2a: Laveuse|slp
|move|p2a: Laveuse|Will-O-Wisp|p1a: Porygon2
|-fail|p1a: Porygon2
|move|p1a: Porygon2|Toxic|p2a: Laveuse
|-status|p2a: Laveuse|tox
|
|-damage|p2a: Laveuse|234\/304 tox|[from] psn
|turn|81
|
|move|p2a: Laveuse|Volt Switch|p1a: Porygon2
|-damage|p1a: Porygon2|321\/373 par
|cant|p1a: Porygon2|par
|
|-damage|p2a: Laveuse|196\/304 tox|[from] psn
|turn|82
|c|âsuperpascal|not a single crit so far :O
|
|move|p2a: Laveuse|Will-O-Wisp|p1a: Porygon2
|-fail|p1a: Porygon2
|move|p1a: Porygon2|Discharge|p2a: Laveuse
|-damage|p2a: Laveuse|140\/304 tox
|
|-damage|p2a: Laveuse|83\/304 tox|[from] psn
|turn|83
|
|move|p2a: Laveuse|Rest|p2a: Laveuse
|-status|p2a: Laveuse|slp
|-heal|p2a: Laveuse|304\/304 slp|[silent]
|-status|p2a: Laveuse|slp|[from] move: Rest
|move|p1a: Porygon2|Discharge|p2a: Laveuse
|-damage|p2a: Laveuse|251\/304 slp
|
|turn|84
|
|cant|p2a: Laveuse|slp
|move|p1a: Porygon2|Discharge|p2a: Laveuse
|-crit|p2a: Laveuse
|-damage|p2a: Laveuse|172\/304 slp
|
|turn|85
|c|â56k|!data rest
|c|~|\/data-move Rest

|
|cant|p2a: Laveuse|slp
|move|p1a: Porygon2|Ice Beam|p2a: Laveuse
|-resisted|p2a: Laveuse
|-damage|p2a: Laveuse|142\/304 slp
|
|turn|86
|c|âsuperpascal|just like recover!
|
|-curestatus|p2a: Laveuse|slp
|move|p2a: Laveuse|Volt Switch|p1a: Porygon2
|-damage|p1a: Porygon2|269\/373 par
|move|p1a: Porygon2|Toxic|p2a: Laveuse
|-status|p2a: Laveuse|tox
|
|-damage|p2a: Laveuse|123\/304 tox|[from] psn
|turn|87
|
|move|p2a: Laveuse|Will-O-Wisp|p1a: Porygon2
|-fail|p1a: Porygon2
|move|p1a: Porygon2|Recover|p1a: Porygon2
|-heal|p1a: Porygon2|373\/373 par
|
|-damage|p2a: Laveuse|85\/304 tox|[from] psn
|turn|88
|
|move|p2a: Laveuse|Rest|p2a: Laveuse
|-status|p2a: Laveuse|slp
|-heal|p2a: Laveuse|304\/304 slp|[silent]
|-status|p2a: Laveuse|slp|[from] move: Rest
|move|p1a: Porygon2|Discharge|p2a: Laveuse
|-damage|p2a: Laveuse|250\/304 slp
|
|turn|89
|
|cant|p2a: Laveuse|slp
|move|p1a: Porygon2|Discharge|p2a: Laveuse
|-crit|p2a: Laveuse
|-damage|p2a: Laveuse|168\/304 slp
|
|turn|90
|
|cant|p2a: Laveuse|slp
|move|p1a: Porygon2|Discharge|p2a: Laveuse
|-damage|p2a: Laveuse|114\/304 slp
|
|turn|91
|
|-curestatus|p2a: Laveuse|slp
|move|p2a: Laveuse|Rest|p2a: Laveuse
|-status|p2a: Laveuse|slp
|-heal|p2a: Laveuse|304\/304 slp|[silent]
|-status|p2a: Laveuse|slp|[from] move: Rest
|move|p1a: Porygon2|Ice Beam|p2a: Laveuse
|-resisted|p2a: Laveuse
|-damage|p2a: Laveuse|273\/304 slp
|
|turn|92
|
|cant|p2a: Laveuse|slp
|move|p1a: Porygon2|Toxic|p2a: Laveuse
|-fail|p2a: Laveuse
|
|turn|93
|
|cant|p2a: Laveuse|slp
|move|p1a: Porygon2|Discharge|p2a: Laveuse
|-crit|p2a: Laveuse
|-damage|p2a: Laveuse|192\/304 slp
|
|turn|94
|
|-curestatus|p2a: Laveuse|slp
|move|p2a: Laveuse|Volt Switch|p1a: Porygon2
|-damage|p1a: Porygon2|325\/373 par
|move|p1a: Porygon2|Ice Beam|p2a: Laveuse
|-resisted|p2a: Laveuse
|-damage|p2a: Laveuse|161\/304
|
|turn|95
|
|move|p2a: Laveuse|Will-O-Wisp|p1a: Porygon2
|-fail|p1a: Porygon2
|cant|p1a: Porygon2|par
|
|turn|96
|
|move|p2a: Laveuse|Will-O-Wisp|p1a: Porygon2|[miss]
|-miss|p2a: Laveuse|p1a: Porygon2
|move|p1a: Porygon2|Ice Beam|p2a: Laveuse
|-resisted|p2a: Laveuse
|-damage|p2a: Laveuse|127\/304
|
|turn|97
|
|move|p2a: Laveuse|Will-O-Wisp|p1a: Porygon2|[miss]
|-miss|p2a: Laveuse|p1a: Porygon2
|move|p1a: Porygon2|Recover|p1a: Porygon2
|-heal|p1a: Porygon2|373\/373 par
|
|turn|98
|
|move|p2a: Laveuse|Volt Switch|p1a: Porygon2
|-damage|p1a: Porygon2|318\/373 par
|move|p1a: Porygon2|Ice Beam|p2a: Laveuse
|-resisted|p2a: Laveuse
|-damage|p2a: Laveuse|96\/304
|
|turn|99
|c|âsuperpascal|no more discharge mmh?
|
|move|p2a: Laveuse|Will-O-Wisp|p1a: Porygon2
|-fail|p1a: Porygon2
|move|p1a: Porygon2|Recover|p1a: Porygon2
|-heal|p1a: Porygon2|373\/373 par
|
|turn|100
|
|move|p2a: Laveuse|Will-O-Wisp|p1a: Porygon2
|-fail|p1a: Porygon2
|move|p1a: Porygon2|Ice Beam|p2a: Laveuse
|-resisted|p2a: Laveuse
|-damage|p2a: Laveuse|64\/304
|
|turn|101
|
|move|p2a: Laveuse|Rest|p2a: Laveuse
|-status|p2a: Laveuse|slp
|-heal|p2a: Laveuse|304\/304 slp|[silent]
|-status|p2a: Laveuse|slp|[from] move: Rest
|cant|p1a: Porygon2|par
|
|turn|102
|
|cant|p2a: Laveuse|slp
|move|p1a: Porygon2|Toxic|p2a: Laveuse
|-fail|p2a: Laveuse
|
|turn|103
|
|cant|p2a: Laveuse|slp
|move|p1a: Porygon2|Recover|p1a: Porygon2
|-fail|p1a: Porygon2
|
|turn|104
|
|-curestatus|p2a: Laveuse|slp
|move|p2a: Laveuse|Volt Switch|p1a: Porygon2
|-damage|p1a: Porygon2|321\/373 par
|move|p1a: Porygon2|Toxic|p2a: Laveuse
|-status|p2a: Laveuse|tox
|
|-damage|p2a: Laveuse|285\/304 tox|[from] psn
|turn|105
|
|move|p2a: Laveuse|Will-O-Wisp|p1a: Porygon2
|-fail|p1a: Porygon2
|move|p1a: Porygon2|Toxic|p2a: Laveuse
|-fail|p2a: Laveuse|tox
|
|-damage|p2a: Laveuse|247\/304 tox|[from] psn
|turn|106
|
|move|p2a: Laveuse|Will-O-Wisp|p1a: Porygon2|[miss]
|-miss|p2a: Laveuse|p1a: Porygon2
|cant|p1a: Porygon2|par
|
|-damage|p2a: Laveuse|190\/304 tox|[from] psn
|turn|107
|
|move|p2a: Laveuse|Volt Switch|p1a: Porygon2
|-damage|p1a: Porygon2|267\/373 par
|move|p1a: Porygon2|Discharge|p2a: Laveuse
|-damage|p2a: Laveuse|138\/304 tox
|
|-damage|p2a: Laveuse|62\/304 tox|[from] psn
|turn|108
|c|âsuperpascal|hmm, I counted 24...?
|
|move|p2a: Laveuse|Rest|p2a: Laveuse
|-status|p2a: Laveuse|slp
|-heal|p2a: Laveuse|304\/304 slp|[silent]
|-status|p2a: Laveuse|slp|[from] move: Rest
|cant|p1a: Porygon2|par
|
|turn|109
|
|cant|p2a: Laveuse|slp
|move|p1a: Porygon2|Recover|p1a: Porygon2
|-heal|p1a: Porygon2|373\/373 par
|
|turn|110
|c|â56k|you have 3 rest left
|
|cant|p2a: Laveuse|slp
|cant|p1a: Porygon2|par
|
|turn|111
|
|-curestatus|p2a: Laveuse|slp
|move|p2a: Laveuse|Will-O-Wisp|p1a: Porygon2
|-fail|p1a: Porygon2
|move|p1a: Porygon2|Toxic|p2a: Laveuse
|-status|p2a: Laveuse|tox
|
|-damage|p2a: Laveuse|285\/304 tox|[from] psn
|turn|112
|
|move|p2a: Laveuse|Volt Switch|p1a: Porygon2
|-damage|p1a: Porygon2|321\/373 par
|move|p1a: Porygon2|Discharge|p2a: Laveuse
|-crit|p2a: Laveuse
|-damage|p2a: Laveuse|198\/304 tox
|
|-damage|p2a: Laveuse|160\/304 tox|[from] psn
|turn|113
|
|move|p2a: Laveuse|Volt Switch|p1a: Porygon2
|-damage|p1a: Porygon2|272\/373 par
|move|p1a: Porygon2|Toxic|p2a: Laveuse
|-fail|p2a: Laveuse|tox
|
|-damage|p2a: Laveuse|103\/304 tox|[from] psn
|turn|114
|
|move|p2a: Laveuse|Rest|p2a: Laveuse
|-status|p2a: Laveuse|slp
|-heal|p2a: Laveuse|304\/304 slp|[silent]
|-status|p2a: Laveuse|slp|[from] move: Rest
|move|p1a: Porygon2|Recover|p1a: Porygon2
|-heal|p1a: Porygon2|373\/373 par
|
|turn|115
|
|cant|p2a: Laveuse|slp
|move|p1a: Porygon2|Toxic|p2a: Laveuse
|-fail|p2a: Laveuse
|
|turn|116
|
|cant|p2a: Laveuse|slp
|move|p1a: Porygon2|Discharge|p2a: Laveuse
|-damage|p2a: Laveuse|245\/304 slp
|
|turn|117
|
|-curestatus|p2a: Laveuse|slp
|move|p2a: Laveuse|Will-O-Wisp|p1a: Porygon2
|-fail|p1a: Porygon2
|cant|p1a: Porygon2|par
|
|turn|118
|
|move|p2a: Laveuse|Will-O-Wisp|p1a: Porygon2
|-fail|p1a: Porygon2
|move|p1a: Porygon2|Toxic|p2a: Laveuse
|-status|p2a: Laveuse|tox
|
|-damage|p2a: Laveuse|226\/304 tox|[from] psn
|turn|119
|
|move|p2a: Laveuse|Will-O-Wisp|p1a: Porygon2
|-fail|p1a: Porygon2
|move|p1a: Porygon2|Recover|p1a: Porygon2
|-fail|p1a: Porygon2
|
|-damage|p2a: Laveuse|188\/304 tox|[from] psn
|turn|120
|
|move|p2a: Laveuse|Will-O-Wisp|p1a: Porygon2
|-fail|p1a: Porygon2
|cant|p1a: Porygon2|par
|
|-damage|p2a: Laveuse|131\/304 tox|[from] psn
|turn|121
|
|move|p2a: Laveuse|Rest|p2a: Laveuse
|-status|p2a: Laveuse|slp
|-heal|p2a: Laveuse|304\/304 slp|[silent]
|-status|p2a: Laveuse|slp|[from] move: Rest
|move|p1a: Porygon2|Discharge|p2a: Laveuse
|-damage|p2a: Laveuse|250\/304 slp
|
|turn|122
|
|cant|p2a: Laveuse|slp
|move|p1a: Porygon2|Ice Beam|p2a: Laveuse
|-resisted|p2a: Laveuse
|-damage|p2a: Laveuse|222\/304 slp
|
|turn|123
|
|cant|p2a: Laveuse|slp
|cant|p1a: Porygon2|par
|
|turn|124
|
|-curestatus|p2a: Laveuse|slp
|move|p2a: Laveuse|Volt Switch|p1a: Porygon2
|-damage|p1a: Porygon2|319\/373 par
|move|p1a: Porygon2|Toxic|p2a: Laveuse
|-status|p2a: Laveuse|tox
|
|-damage|p2a: Laveuse|203\/304 tox|[from] psn
|turn|125
|c|â56k|gg
|c|â56k|i didnt get paralyzed enough lmao
|
|move|p2a: Laveuse|Volt Switch|p1a: Porygon2
|-damage|p1a: Porygon2|268\/373 par
|-activate|p1a: Porygon2|move: Struggle
|move|p1a: Porygon2|Struggle|p2a: Laveuse
|-damage|p2a: Laveuse|181\/304 tox
|-damage|p1a: Porygon2|175\/373 par
|
|-damage|p2a: Laveuse|143\/304 tox|[from] psn
|turn|126
|
|move|p2a: Laveuse|Rest|p2a: Laveuse
|-status|p2a: Laveuse|slp
|-heal|p2a: Laveuse|304\/304 slp|[silent]
|-status|p2a: Laveuse|slp|[from] move: Rest
|-activate|p1a: Porygon2|move: Struggle
|move|p1a: Porygon2|Struggle|p2a: Laveuse
|-damage|p2a: Laveuse|278\/304 slp
|-damage|p1a: Porygon2|82\/373 par
|
|turn|127
|c|âsuperpascal|gg
|
|cant|p2a: Laveuse|slp
|-activate|p1a: Porygon2|move: Struggle
|move|p1a: Porygon2|Struggle|p2a: Laveuse
|-damage|p2a: Laveuse|254\/304 slp
|-damage|p1a: Porygon2|0 fnt
|faint|p1a: Porygon2
|
|win|superpascal
|raw|Ladder updating...
|raw|56k's rating: 1599 &rarr; <strong>1585<\/strong><br \/>(-14 for losing)
|raw|superpascal's rating: 1704 &rarr; <strong>1718<\/strong><br \/>(+14 for winning)
|leave|56k
|player|p1