|join|tele strikes back
|join|superpascal
|player|p1|tele strikes back|168
|player|p2|superpascal|161
|gametype|singles
|gen|6
|tier|ORAS OU
|rated
|rule|Sleep Clause Mod: Limit one foe put to sleep
|rule|Species Clause: Limit one of each PokÃ©mon
|rule|OHKO Clause: OHKO moves are banned
|rule|Moody Clause: Moody is banned
|rule|Evasion Moves Clause: Evasion moves are banned
|rule|Endless Battle Clause: Forcing endless battles is banned
|rule|HP Percentage Mod: HP is shown in percentages
|clearpoke
|poke|p1|Slowbro, F
|poke|p1|Latios, M
|poke|p1|Clefable, F
|poke|p1|Keldeo
|poke|p1|Landorus-Therian, M
|poke|p1|Scizor, F
|poke|p2|Manaphy
|poke|p2|Garchomp, F
|poke|p2|Togekiss, M
|poke|p2|Salamence, F
|poke|p2|Ferrothorn, F
|poke|p2|Rotom-Wash
|rule|Swagger Clause: Swagger is banned
|rule|Baton Pass Clause: Limit one PokÃ©mon knowing Baton Pass
|teampreview
|c|âsuperpascal|have fun
|c|âsuperpascal|is mega slowbro doing some work?
|
|start
|switch|p1a: Clefable|Clefable, F|394\/394
|switch|p2a: Bisou|Togekiss, M|373\/373
|turn|1
|c|âtele strikes back|maybe
|c|âsuperpascal|I mean, in general?
|
|switch|p1a: Slowbro|Slowbro, F|394\/394
|move|p2a: Bisou|Air Slash|p1a: Slowbro
|-damage|p1a: Slowbro|130\/394
|
|-heal|p1a: Slowbro|154\/394|[from] item: Leftovers
|turn|2
|c|âsuperpascal|oh....I guess they are still other megas around :P
|
|switch|p1a: Scizor|Scizor, F|324\/324
|move|p2a: Bisou|Air Slash|p1a: Scizor
|-damage|p1a: Scizor|68\/324
|
|turn|3
|c|âsuperpascal|that......not a mega
|
|switch|p2a: Toque|Ferrothorn, F|352\/352
|detailschange|p1a: Scizor|Scizor-Mega, F
|message|Scizor has Mega Evolved into Mega Scizor!
|move|p1a: Scizor|Swords Dance|p1a: Scizor
|-boost|p1a: Scizor|atk|2
|
|turn|4
|c|âsuperpascal|really......
|c|âsuperpascal|So full offense I presume
|
|switch|p2a: Malaysia 370|Salamence, F|393\/393
|-ability|p2a: Malaysia 370|Intimidate|[of] p1a: Scizor
|-unboost|p1a: Scizor|atk|1
|move|p1a: Scizor|Superpower|p2a: Malaysia 370
|-resisted|p2a: Malaysia 370
|-damage|p2a: Malaysia 370|235\/393
|-unboost|p1a: Scizor|atk|1
|-unboost|p1a: Scizor|def|1
|
|turn|5
|
|switch|p1a: Landorus-Therian|Landorus-Therian, M|382\/382
|-ability|p1a: Landorus-Therian|Intimidate|[of] p2a: Malaysia 370
|-unboost|p2a: Malaysia 370|atk|1
|detailschange|p2a: Malaysia 370|Salamence-Mega, F
|message|Salamence has Mega Evolved into Mega Salamence!
|move|p2a: Malaysia 370|Return|p1a: Landorus-Therian
|-damage|p1a: Landorus-Therian|247\/382
|
|-heal|p1a: Landorus-Therian|270\/382|[from] item: Leftovers
|turn|6
|
|move|p2a: Malaysia 370|Dragon Dance|p2a: Malaysia 370
|-boost|p2a: Malaysia 370|atk|1
|-boost|p2a: Malaysia 370|spe|1
|move|p1a: Landorus-Therian|Stealth Rock|p2a: Malaysia 370
|-sidestart|p2: superpascal|move: Stealth Rock
|
|-heal|p1a: Landorus-Therian|293\/382|[from] item: Leftovers
|turn|7
|
|move|p2a: Malaysia 370|Return|p1a: Landorus-Therian
|-damage|p1a: Landorus-Therian|82\/382
|move|p1a: Landorus-Therian|Toxic|p2a: Malaysia 370
|-status|p2a: Malaysia 370|tox
|
|-heal|p1a: Landorus-Therian|105\/382|[from] item: Leftovers
|-damage|p2a: Malaysia 370|211\/393 tox|[from] psn
|turn|8
|
|switch|p1a: Slowbro|Slowbro, F|285\/394
|move|p2a: Malaysia 370|Return|p1a: Slowbro
|-damage|p1a: Slowbro|93\/394
|
|-heal|p1a: Slowbro|117\/394|[from] item: Leftovers
|-damage|p2a: Malaysia 370|163\/393 tox|[from] psn
|turn|9
|
|switch|p1a: Landorus-Therian|Landorus-Therian, M|105\/382
|-ability|p1a: Landorus-Therian|Intimidate|[of] p2a: Malaysia 370
|-unboost|p2a: Malaysia 370|atk|1
|move|p2a: Malaysia 370|Return|p1a: Landorus-Therian
|-damage|p1a: Landorus-Therian|0 fnt
|faint|p1a: Landorus-Therian
|
|-damage|p2a: Malaysia 370|91\/393 tox|[from] psn
|
|switch|p1a: Slowbro|Slowbro, F|248\/394
|turn|10
|
|switch|p2a: Bisou|Togekiss, M|373\/373
|-damage|p2a: Bisou|280\/373|[from] Stealth Rock
|move|p1a: Slowbro|Slack Off|p1a: Slowbro
|-heal|p1a: Slowbro|394\/394
|
|turn|11
|
|move|p2a: Bisou|Air Slash|p1a: Slowbro
|-damage|p1a: Slowbro|136\/394
|cant|p1a: Slowbro|flinch
|
|-heal|p1a: Slowbro|160\/394|[from] item: Leftovers
|turn|12
|c|âsuperpascal|that was a risky play on your part
|
|move|p2a: Bisou|Air Slash|p1a: Slowbro
|-damage|p1a: Slowbro|0 fnt
|faint|p1a: Slowbro
|
|c|âtele strikes back|?
|c|âtele strikes back|man what are u talking about
|
|switch|p1a: Scizor|Scizor-Mega, F|68\/324
|turn|13
|c|âsuperpascal|to let slowbro in....
|c|âtele strikes back|do u see any switch in?
|c|âtele strikes back|com on be serious pls
|c|âtele strikes back|dont make obvious questions
|
|move|p1a: Scizor|Bullet Punch|p2a: Bisou
|-supereffective|p2a: Bisou
|-damage|p2a: Bisou|8\/373
|move|p2a: Bisou|Air Slash|p1a: Scizor
|-damage|p1a: Scizor|0 fnt
|faint|p1a: Scizor
|
|
|switch|p1a: Latios|Latios, M|302\/302
|turn|14
|c|âsuperpascal|Well, specially defensive clefable can be a counter if played correctly
|
|move|p1a: Latios|Psyshock|p2a: Bisou
|-damage|p2a: Bisou|0 fnt
|faint|p2a: Bisou
|
|c|âtele strikes back|it isnt
|c|âtele strikes back|air slash flinches
|c|âtele strikes back|and he s my win con rn
|
|switch|p2a: Toque|Ferrothorn, F|352\/352
|-damage|p2a: Toque|330\/352|[from] Stealth Rock
|turn|15
|c|âtele strikes back|not gonna sack him
|c|âtele strikes back|slowbro was useless here
|
|switch|p1a: Clefable|Clefable, F|394\/394
|move|p2a: Toque|Thunder Wave|p1a: Clefable
|-status|p1a: Clefable|par
|
|-heal|p2a: Toque|352\/352|[from] item: Leftovers
|turn|16
|
|switch|p2a: Claire|Manaphy|400\/400
|-damage|p2a: Claire|350\/400|[from] Stealth Rock
|move|p1a: Clefable|Calm Mind|p1a: Clefable
|-boost|p1a: Clefable|spa|1
|-boost|p1a: Clefable|spd|1
|
|-heal|p2a: Claire|375\/400|[from] item: Leftovers
|turn|17
|
|move|p2a: Claire|Tail Glow|p2a: Claire
|-boost|p2a: Claire|spa|3
|move|p1a: Clefable|Moonblast|p2a: Claire
|-damage|p2a: Claire|222\/400
|
|-heal|p2a: Claire|247\/400|[from] item: Leftovers
|turn|18
|
|switch|p1a: Latios|Latios, M|302\/302
|move|p2a: Claire|Surf|p1a: Latios
|-resisted|p1a: Latios
|-damage|p1a: Latios|138\/302
|
|-heal|p2a: Claire|272\/400|[from] item: Leftovers
|turn|19
|
|switch|p2a: Malaysia 370|Salamence-Mega, F|91\/393 tox
|-damage|p2a: Malaysia 370|0 fnt|[from] Stealth Rock
|faint|p2a: Malaysia 370
|move|p1a: Latios|Draco Meteor|p2: Malaysia 370|[notarget]
|-notarget
|
|
|switch|p2a: Toque|Ferrothorn, F|352\/352
|-damage|p2a: Toque|330\/352|[from] Stealth Rock
|turn|20
|
|switch|p1a: Clefable|Clefable, F|394\/394 par
|switch|p2a: Claire|Manaphy|272\/400
|-damage|p2a: Claire|222\/400|[from] Stealth Rock
|
|-heal|p2a: Claire|247\/400|[from] item: Leftovers
|turn|21
|
|move|p2a: Claire|Tail Glow|p2a: Claire
|-boost|p2a: Claire|spa|3
|move|p1a: Clefable|Moonblast|p2a: Claire
|-damage|p2a: Claire|133\/400
|-unboost|p2a: Claire|spa|1
|
|-heal|p2a: Claire|158\/400|[from] item: Leftovers
|turn|22
|
|switch|p1a: Latios|Latios, M|138\/302
|move|p2a: Claire|Energy Ball|p1a: Latios
|-crit|p1a: Latios
|-resisted|p1a: Latios
|-damage|p1a: Latios|0 fnt
|faint|p1a: Latios
|
|-heal|p2a: Claire|183\/400|[from] item: Leftovers
|
|switch|p1a: Keldeo|Keldeo|323\/323
|turn|23
|
|move|p1a: Keldeo|Secret Sword|p2a: Claire
|-damage|p2a: Claire|3\/400
|move|p2a: Claire|Energy Ball|p1a: Keldeo
|-supereffective|p1a: Keldeo
|-damage|p1a: Keldeo|0 fnt
|faint|p1a: Keldeo
|
|-heal|p2a: Claire|28\/400|[from] item: Leftovers
|
|switch|p1a: Clefable|Clefable, F|394\/394 par
|turn|24
|
|move|p2a: Claire|Surf|p1a: Clefable
|-damage|p1a: Clefable|139\/394 par
|move|p1a: Clefable|Calm Mind|p1a: Clefable
|-boost|p1a: Clefable|spa|1
|-boost|p1a: Clefable|spd|1
|
|-heal|p2a: Claire|53\/400|[from] item: Leftovers
|-heal|p1a: Clefable|163\/394 par|[from] item: Leftovers
|turn|25
|
|move|p2a: Claire|Surf|p1a: Clefable
|-damage|p1a: Clefable|0 fnt
|faint|p1a: Clefable
|
|win|superpascal
|raw|Ladder updating...
|raw|tele strikes back's rating: 1626 &rarr; <strong>1600<\/strong><br \/>(-26 for losing)
|raw|superpascal's rating: 1512 &rarr; <strong>1539<\/strong><br \/>(+27 for winning)
|leave|tele strikes back
|player|p1
|c|âsuperpascal|gg