|join|superpascal
|join|Patodragon.v30
|player|p1|superpascal|161
|player|p2|Patodragon.v30|265
|gametype|singles
|gen|6
|tier|ORAS OU
|rated
|rule|Sleep Clause Mod: Limit one foe put to sleep
|rule|Species Clause: Limit one of each PokÃ©mon
|rule|OHKO Clause: OHKO moves are banned
|rule|Moody Clause: Moody is banned
|rule|Evasion Moves Clause: Evasion moves are banned
|rule|Endless Battle Clause: Forcing endless battles is banned
|rule|HP Percentage Mod: HP is shown in percentages
|clearpoke
|poke|p1|Manaphy
|poke|p1|Garchomp, F
|poke|p1|Togekiss, F
|poke|p1|Salamence, M
|poke|p1|Ferrothorn, F
|poke|p1|Rotom-Wash
|poke|p2|Salamence, F
|poke|p2|Magnezone
|poke|p2|Magneton, shiny
|poke|p2|Wobbuffet, M, shiny
|poke|p2|Gothitelle, M
|poke|p2|Dugtrio, F
|rule|Swagger Clause: Swagger is banned
|rule|Baton Pass Clause: Limit one PokÃ©mon knowing Baton Pass
|teampreview
|c|âsuperpascal|Wow! Excelent team anyways have fun
|
|start
|switch|p1a: Toque|Ferrothorn, F|352\/352
|switch|p2a: NOT UBER|Wobbuffet, M, shiny|529\/529
|turn|1
|
|move|p2a: NOT UBER|Safeguard|p2a: NOT UBER
|-sidestart|p2: Patodragon.v30|Safeguard
|move|p1a: Toque|Stealth Rock|p2a: NOT UBER
|-sidestart|p2: Patodragon.v30|move: Stealth Rock
|
|turn|2
|
|move|p2a: NOT UBER|Encore|p1a: Toque
|-start|p1a: Toque|Encore
|move|p1a: Toque|Stealth Rock|p2a: NOT UBER
|-fail|p2a: NOT UBER
|
|turn|3
|
|switch|p2a: NOT UBER|Magnezone|313\/313
|-damage|p2a: NOT UBER|294\/313|[from] Stealth Rock
|-item|p2a: NOT UBER|Air Balloon
|move|p1a: Toque|Stealth Rock|p2a: NOT UBER
|-fail|p2a: NOT UBER
|
|turn|4
|
|move|p2a: NOT UBER|Hidden Power|p1a: Toque
|-supereffective|p1a: Toque
|-damage|p1a: Toque|152\/352
|move|p1a: Toque|Stealth Rock|p2a: NOT UBER
|-fail|p2a: NOT UBER
|
|-heal|p1a: Toque|174\/352|[from] item: Leftovers
|-end|p1a: Toque|Encore
|turn|5
|
|move|p2a: NOT UBER|Hidden Power|p1a: Toque
|-supereffective|p1a: Toque
|-damage|p1a: Toque|0 fnt
|faint|p1a: Toque
|
|-sideend|p2: Patodragon.v30|Safeguard
|
|switch|p1a: Malaysia 370|Salamence, M|393\/393
|-ability|p1a: Malaysia 370|Intimidate|[of] p2a: NOT UBER
|-unboost|p2a: NOT UBER|atk|1
|turn|6
|
|detailschange|p1a: Malaysia 370|Salamence-Mega, M
|message|Salamence has Mega Evolved into Mega Salamence!
|move|p1a: Malaysia 370|Dragon Dance|p1a: Malaysia 370
|-boost|p1a: Malaysia 370|atk|1
|-boost|p1a: Malaysia 370|spe|1
|move|p2a: NOT UBER|Magnet Rise|p2a: NOT UBER
|-start|p2a: NOT UBER|Magnet Rise
|
|turn|7
|c|âsuperpascal|you though about everything :P
|
|switch|p1a: Chompitychomp|Garchomp, F|409\/409
|move|p2a: NOT UBER|Thunderbolt|p1a: Chompitychomp
|-immune|p1a: Chompitychomp|[msg]
|
|turn|8
|
|move|p1a: Chompitychomp|Fire Fang|p2a: NOT UBER
|-supereffective|p2a: NOT UBER
|-damage|p2a: NOT UBER|134\/313
|-enditem|p2a: NOT UBER|Air Balloon
|move|p2a: NOT UBER|Flash Cannon|p1a: Chompitychomp
|-damage|p1a: Chompitychomp|243\/409
|
|turn|9
|
|move|p1a: Chompitychomp|Fire Fang|p2a: NOT UBER
|-supereffective|p2a: NOT UBER
|-damage|p2a: NOT UBER|0 fnt
|faint|p2a: NOT UBER
|
|
|switch|p2a: NOT UBER|Dugtrio, F|212\/212
|-damage|p2a: NOT UBER|199\/212|[from] Stealth Rock
|turn|10
|
|move|p1a: Chompitychomp|Fire Fang|p2a: NOT UBER
|-damage|p2a: NOT UBER|60\/212
|move|p2a: NOT UBER|Stealth Rock|p1a: Chompitychomp
|-sidestart|p1: superpascal|move: Stealth Rock
|
|turn|11
|c|âPatodragon.v30|hmm
|c|âsuperpascal|what?
|c|âPatodragon.v30|apparently not everything!
|
|move|p1a: Chompitychomp|Fire Fang|p2a: NOT UBER
|-damage|p2a: NOT UBER|0 fnt
|faint|p2a: NOT UBER
|
|
|switch|p2a: UBER|Salamence, F|391\/391
|-damage|p2a: UBER|294\/391|[from] Stealth Rock
|-ability|p2a: UBER|Intimidate|[of] p1a: Chompitychomp
|-unboost|p1a: Chompitychomp|atk|1
|turn|12
|c|âsuperpascal|Still I need to say that the play with magnet rise was amazing
|c|âsuperpascal|too bad I did not have that fire blast
|
|switch|p1a: Claire|Manaphy|400\/400
|-damage|p1a: Claire|350\/400|[from] Stealth Rock
|detailschange|p2a: UBER|Salamence-Mega, F
|message|Salamence has Mega Evolved into Mega Salamence!
|move|p2a: UBER|Dragon Dance|p2a: UBER
|-boost|p2a: UBER|atk|1
|-boost|p2a: UBER|spe|1
|
|-heal|p1a: Claire|375\/400|[from] item: Leftovers
|turn|13
|
|move|p2a: UBER|Frustration|p1a: Claire
|-damage|p1a: Claire|51\/400
|move|p1a: Claire|Ice Beam|p2a: UBER
|-supereffective|p2a: UBER
|-damage|p2a: UBER|0 fnt
|faint|p2a: UBER
|
|-heal|p1a: Claire|76\/400|[from] item: Leftovers
|-message|Patodragon.v30 forfeited.
|
|win|superpascal
|raw|Ladder updating...
|leave|Patodragon.v30
|player|p2
|raw|superpascal's rating: 1448 &rarr; <strong>1462<\/strong><br \/>(+14 for winning)
|raw|Patodragon.v30's rating: 1330 &rarr; <strong>1316<\/strong><br \/>(-14 for losing)