|join|superpascal
|join|flrp
|player|p1|superpascal|161
|player|p2|flrp|101
|gametype|singles
|gen|6
|tier|ORAS OU
|rated
|rule|Sleep Clause Mod: Limit one foe put to sleep
|rule|Species Clause: Limit one of each PokÃ©mon
|rule|OHKO Clause: OHKO moves are banned
|rule|Moody Clause: Moody is banned
|rule|Evasion Moves Clause: Evasion moves are banned
|rule|Endless Battle Clause: Forcing endless battles is banned
|rule|HP Percentage Mod: HP is shown in percentages
|clearpoke
|poke|p1|Manaphy
|poke|p1|Garchomp, M
|poke|p1|Togekiss, M
|poke|p1|Salamence, M
|poke|p1|Ferrothorn, M
|poke|p1|Rotom-Wash
|poke|p2|Salamence, F
|poke|p2|Greninja, M
|poke|p2|Thundurus, M
|poke|p2|Bisharp, M
|poke|p2|Landorus-Therian, M
|poke|p2|Terrakion
|rule|Swagger Clause: Swagger is banned
|rule|Baton Pass Clause: Limit one PokÃ©mon knowing Baton Pass
|teampreview
|c|âsuperpascal|have fun
|c|âflrp|u2
|
|start
|switch|p1a: Malaysia 370|Salamence, M|393\/393
|switch|p2a: Terrakion|Terrakion|323\/323
|-ability|p1a: Malaysia 370|Intimidate|[of] p2a: Terrakion
|-unboost|p2a: Terrakion|atk|1
|turn|1
|
|detailschange|p1a: Malaysia 370|Salamence-Mega, M
|message|Salamence has Mega Evolved into Mega Salamence!
|move|p2a: Terrakion|Taunt|p1a: Malaysia 370
|-start|p1a: Malaysia 370|move: Taunt
|cant|p1a: Malaysia 370|move: Taunt|Dragon Dance
|
|turn|2
|c|âsuperpascal|it was worth a try :P
|
|move|p2a: Terrakion|Stealth Rock|p1a: Malaysia 370
|-sidestart|p1: superpascal|move: Stealth Rock
|move|p1a: Malaysia 370|Earthquake|p2a: Terrakion
|-supereffective|p2a: Terrakion
|-damage|p2a: Terrakion|31\/323
|
|turn|3
|
|move|p2a: Terrakion|Stone Edge|p1a: Malaysia 370
|-supereffective|p1a: Malaysia 370
|-damage|p1a: Malaysia 370|211\/393
|move|p1a: Malaysia 370|Return|p2a: Terrakion
|-damage|p2a: Terrakion|0 fnt
|faint|p2a: Terrakion
|
|-end|p1a: Malaysia 370|move: Taunt
|
|switch|p2a: Greninja|Greninja, M|286\/286
|turn|4
|
|switch|p1a: Toque|Ferrothorn, M|352\/352
|-damage|p1a: Toque|330\/352|[from] Stealth Rock
|move|p2a: Greninja|Dark Pulse|p1a: Toque
|-start|p2a: Greninja|typechange|Dark|[from] Protean
|-damage|p1a: Toque|235\/352
|-damage|p2a: Greninja|258\/286|[from] item: Life Orb
|
|-heal|p1a: Toque|257\/352|[from] item: Leftovers
|turn|5
|
|switch|p2a: Thundurus|Thundurus, M|300\/300
|move|p1a: Toque|Stealth Rock|p2a: Thundurus
|-sidestart|p2: flrp|move: Stealth Rock
|
|-heal|p1a: Toque|279\/352|[from] item: Leftovers
|turn|6
|
|switch|p1a: Chompitychomp|Garchomp, M|409\/409
|-damage|p1a: Chompitychomp|384\/409|[from] Stealth Rock
|move|p2a: Thundurus|Focus Blast|p1a: Chompitychomp
|-damage|p1a: Chompitychomp|181\/409
|-damage|p2a: Thundurus|270\/300|[from] item: Life Orb
|
|turn|7
|
|move|p1a: Chompitychomp|Stone Edge|p2a: Thundurus
|-supereffective|p2a: Thundurus
|-damage|p2a: Thundurus|0 fnt
|faint|p2a: Thundurus
|
|
|switch|p2a: Bisharp|Bisharp, M|272\/272
|-damage|p2a: Bisharp|255\/272|[from] Stealth Rock
|turn|8
|
|switch|p1a: Malaysia 370|Salamence-Mega, M|211\/393
|-damage|p1a: Malaysia 370|113\/393|[from] Stealth Rock
|move|p2a: Bisharp|Swords Dance|p2a: Bisharp
|-boost|p2a: Bisharp|atk|2
|
|turn|9
|c|âsuperpascal|So I think this 50-50 will decide the match......
|
|move|p2a: Bisharp|Sucker Punch|p1a: Malaysia 370
|-fail|p1a: Malaysia 370
|move|p1a: Malaysia 370|Substitute|p1a: Malaysia 370
|-start|p1a: Malaysia 370|Substitute
|-damage|p1a: Malaysia 370|15\/393
|
|turn|10
|
|move|p1a: Malaysia 370|Earthquake|p2a: Bisharp
|-supereffective|p2a: Bisharp
|-damage|p2a: Bisharp|0 fnt
|faint|p2a: Bisharp
|
|
|switch|p2a: Greninja|Greninja, M|258\/286
|-damage|p2a: Greninja|223\/286|[from] Stealth Rock
|turn|11
|
|move|p2a: Greninja|Ice Beam|p1a: Malaysia 370
|-start|p2a: Greninja|typechange|Ice|[from] Protean
|-supereffective|p1a: Malaysia 370
|-end|p1a: Malaysia 370|Substitute
|-damage|p2a: Greninja|195\/286|[from] item: Life Orb
|move|p1a: Malaysia 370|Dragon Dance|p1a: Malaysia 370
|-boost|p1a: Malaysia 370|atk|1
|-boost|p1a: Malaysia 370|spe|1
|
|turn|12
|
|switch|p2a: Landorus-Therian|Landorus-Therian, M|320\/320
|-damage|p2a: Landorus-Therian|280\/320|[from] Stealth Rock
|-ability|p2a: Landorus-Therian|Intimidate|[of] p1a: Malaysia 370
|-unboost|p1a: Malaysia 370|atk|1
|move|p1a: Malaysia 370|Return|p2a: Landorus-Therian
|-damage|p2a: Landorus-Therian|0 fnt
|faint|p2a: Landorus-Therian
|
|
|switch|p2a: Salamence|Salamence, F|361\/361
|-damage|p2a: Salamence|271\/361|[from] Stealth Rock
|-ability|p2a: Salamence|Intimidate|[of] p1a: Malaysia 370
|-unboost|p1a: Malaysia 370|atk|1
|turn|13
|c|âsuperpascal|good play
|
|detailschange|p2a: Salamence|Salamence-Mega, F
|message|Salamence has Mega Evolved into Mega Salamence!
|move|p1a: Malaysia 370|Return|p2a: Salamence
|-damage|p2a: Salamence|129\/361
|move|p2a: Salamence|Dragon Dance|p2a: Salamence
|-boost|p2a: Salamence|atk|1
|-boost|p2a: Salamence|spe|1
|
|turn|14
|
|move|p2a: Salamence|Roost|p2a: Salamence
|-heal|p2a: Salamence|310\/361
|move|p1a: Malaysia 370|Return|p2a: Salamence
|-damage|p2a: Salamence|172\/361
|
|turn|15
|c|âsuperpascal|excellent series of play
|
|switch|p1a: Laveuse|Rotom-Wash|304\/304
|-damage|p1a: Laveuse|266\/304|[from] Stealth Rock
|move|p2a: Salamence|Dragon Dance|p2a: Salamence
|-boost|p2a: Salamence|atk|1
|-boost|p2a: Salamence|spe|1
|
|turn|16
|c|âsuperpascal|pls no sub
|
|move|p2a: Salamence|Substitute|p2a: Salamence
|-start|p2a: Salamence|Substitute
|-damage|p2a: Salamence|82\/361
|move|p1a: Laveuse|Will-O-Wisp|p2a: Salamence
|
|turn|17
|
|move|p2a: Salamence|Roost|p2a: Salamence
|-heal|p2a: Salamence|263\/361
|move|p1a: Laveuse|Hydro Pump|p2a: Salamence
|-crit|p2a: Salamence
|-resisted|p2a: Salamence
|-end|p2a: Salamence|Substitute
|
|turn|18
|
|move|p2a: Salamence|Substitute|p2a: Salamence
|-start|p2a: Salamence|Substitute
|-damage|p2a: Salamence|173\/361
|move|p1a: Laveuse|Hydro Pump|p2a: Salamence
|-resisted|p2a: Salamence
|-activate|p2a: Salamence|Substitute|[damage]
|
|turn|19
|
|move|p2a: Salamence|Return|p1a: Laveuse
|-resisted|p1a: Laveuse
|-damage|p1a: Laveuse|57\/304
|move|p1a: Laveuse|Hydro Pump|p2a: Salamence|[miss]
|-miss|p1a: Laveuse|p2a: Salamence
|
|turn|20
|c|âsuperpascal|gg
|c|âflrp|yeah
|c|âflrp|mence is too broken
|c|âsuperpascal|salamence too op
|c|âsuperpascal|pls ban :P
|c|âsuperpascal|are you running max hp?
|c|âflrp|120 hp evs
|c|âsuperpascal|ok that's what I though
|c|âflrp|volt switch should break sub
|c|âsuperpascal|yeah but I have nothing anyways
|c|âsuperpascal|you can i hit evrything
|c|âsuperpascal|gg
|-message|superpascal forfeited.
|
|win|flrp
|raw|Ladder updating...
|leave|superpascal
|player|p1
|raw|superpascal's rating: 1562 &rarr; <strong>1536<\/strong><br \/>(-26 for losing)
|raw|flrp's rating: 1454 &rarr; <strong>1480<\/strong><br \/>(+26 for winning)
|c|âflrp|gg