|join|Aka DH
|join|superpascal
|player|p1|Aka DH|288
|player|p2|superpascal|161
|gametype|singles
|gen|6
|tier|ORAS OU
|rated
|rule|Sleep Clause Mod: Limit one foe put to sleep
|rule|Species Clause: Limit one of each PokÃ©mon
|rule|OHKO Clause: OHKO moves are banned
|rule|Moody Clause: Moody is banned
|rule|Evasion Moves Clause: Evasion moves are banned
|rule|Endless Battle Clause: Forcing endless battles is banned
|rule|HP Percentage Mod: HP is shown in percentages
|clearpoke
|poke|p1|Bisharp, F
|poke|p1|Venusaur, F
|poke|p1|Heatran, F
|poke|p1|Keldeo
|poke|p1|Chansey, F
|poke|p1|Skarmory, M
|poke|p2|Manaphy
|poke|p2|Garchomp, M
|poke|p2|Togekiss, M
|poke|p2|Salamence, F
|poke|p2|Ferrothorn, F
|poke|p2|Rotom-Wash
|rule|Swagger Clause: Swagger is banned
|rule|Baton Pass Clause: Limit one PokÃ©mon knowing Baton Pass
|teampreview
|c|âsuperpascal|have fun....
|
|start
|switch|p1a: Heatran|Heatran, F|340\/340
|switch|p2a: Bisou|Togekiss, M|373\/373
|-item|p1a: Heatran|Air Balloon
|turn|1
|
|move|p1a: Heatran|Toxic|p2a: Bisou
|-status|p2a: Bisou|tox
|move|p2a: Bisou|Trick|p1a: Heatran
|-activate|p2a: Bisou|move: Trick|[of] p1a: Heatran
|-item|p1a: Heatran|Choice Specs|[from] move: Trick
|-item|p2a: Bisou|Air Balloon
|-item|p2a: Bisou|Air Balloon|[from] move: Trick
|
|-damage|p2a: Bisou|350\/373 tox|[from] psn
|turn|2
|join|CleanerThanRotom-W
|
|switch|p2a: Malaysia 370|Salamence, F|393\/393
|-ability|p2a: Malaysia 370|Intimidate|[of] p1a: Heatran
|-unboost|p1a: Heatran|atk|1
|move|p1a: Heatran|Stealth Rock|p2a: Malaysia 370
|-sidestart|p2: superpascal|move: Stealth Rock
|
|turn|3
|join|i came from leddit
|
|switch|p1a: Skarmory|Skarmory, M|334\/334
|detailschange|p2a: Malaysia 370|Salamence-Mega, F
|message|Salamence has Mega Evolved into Mega Salamence!
|move|p2a: Malaysia 370|Return|p1a: Skarmory
|-crit|p1a: Skarmory
|-resisted|p1a: Skarmory
|-damage|p1a: Skarmory|201\/334
|-damage|p2a: Malaysia 370|328\/393|[from] item: Rocky Helmet|[of] p1a: Skarmory
|
|turn|4
|c| i came from leddit|go bloody
|
|switch|p2a: Laveuse|Rotom-Wash|304\/304
|-damage|p2a: Laveuse|266\/304|[from] Stealth Rock
|move|p1a: Skarmory|Roost|p1a: Skarmory
|-heal|p1a: Skarmory|334\/334
|
|turn|5
|join|uCan'tSeeMe
|
|switch|p1a: Heatran|Heatran, F|340\/340
|move|p2a: Laveuse|Volt Switch|p1a: Heatran
|-damage|p1a: Heatran|255\/340
|
|switch|p2a: Chompitychomp|Garchomp, M|409\/409
|-damage|p2a: Chompitychomp|384\/409|[from] Stealth Rock
|
|turn|6
|
|switch|p1a: Skarmory|Skarmory, M|334\/334
|move|p2a: Chompitychomp|Fire Fang|p1a: Skarmory
|-supereffective|p1a: Skarmory
|-damage|p1a: Skarmory|226\/334
|-damage|p2a: Chompitychomp|316\/409|[from] item: Rocky Helmet|[of] p1a: Skarmory
|
|turn|7
|
|switch|p2a: Laveuse|Rotom-Wash|266\/304
|-damage|p2a: Laveuse|228\/304|[from] Stealth Rock
|move|p1a: Skarmory|Roost|p1a: Skarmory
|-heal|p1a: Skarmory|334\/334
|
|turn|8
|
|switch|p1a: Chansey|Chansey, F|684\/684
|move|p2a: Laveuse|Volt Switch|p1a: Chansey
|-damage|p1a: Chansey|624\/684
|
|switch|p2a: Toque|Ferrothorn, F|352\/352
|-damage|p2a: Toque|330\/352|[from] Stealth Rock
|
|-heal|p2a: Toque|352\/352|[from] item: Leftovers
|turn|9
|
|switch|p1a: Skarmory|Skarmory, M|334\/334
|move|p2a: Toque|Stealth Rock|p1a: Skarmory
|-sidestart|p1: Aka DH|move: Stealth Rock
|
|turn|10
|
|switch|p2a: Laveuse|Rotom-Wash|228\/304
|-damage|p2a: Laveuse|190\/304|[from] Stealth Rock
|move|p1a: Skarmory|Spikes|p2a: Laveuse
|-sidestart|p2: superpascal|Spikes
|
|turn|11
|
|switch|p1a: Heatran|Heatran, F|255\/340
|-damage|p1a: Heatran|213\/340|[from] Stealth Rock
|move|p2a: Laveuse|Volt Switch|p1a: Heatran
|-damage|p1a: Heatran|119\/340
|
|switch|p2a: Claire|Manaphy|400\/400
|-damage|p2a: Claire|350\/400|[from] Stealth Rock
|-damage|p2a: Claire|300\/400|[from] Spikes
|
|-heal|p2a: Claire|325\/400|[from] item: Leftovers
|turn|12
|
|move|p1a: Heatran|Taunt|p2a: Claire
|-start|p2a: Claire|move: Taunt
|move|p2a: Claire|Surf|p1a: Heatran
|-supereffective|p1a: Heatran
|-damage|p1a: Heatran|0 fnt
|faint|p1a: Heatran
|
|-heal|p2a: Claire|350\/400|[from] item: Leftovers
|c|âsuperpascal|so much speed really?
|
|switch|p1a: Keldeo|Keldeo|323\/323
|-damage|p1a: Keldeo|303\/323|[from] Stealth Rock
|turn|13
|c| i came from leddit|n
|
|move|p1a: Keldeo|Secret Sword|p2a: Claire
|-damage|p2a: Claire|205\/400
|move|p2a: Claire|Energy Ball|p1a: Keldeo
|-supereffective|p1a: Keldeo
|-damage|p1a: Keldeo|105\/323
|
|-heal|p1a: Keldeo|125\/323|[from] item: Leftovers
|-heal|p2a: Claire|230\/400|[from] item: Leftovers
|turn|14
|
|switch|p1a: Venusaur|Venusaur, F|364\/364
|-damage|p1a: Venusaur|319\/364|[from] Stealth Rock
|move|p2a: Claire|Ice Beam|p1a: Venusaur
|-supereffective|p1a: Venusaur
|-damage|p1a: Venusaur|117\/364
|
|-heal|p2a: Claire|255\/400|[from] item: Leftovers
|-end|p2a: Claire|move: Taunt
|turn|15
|
|detailschange|p1a: Venusaur|Venusaur-Mega, F
|message|Venusaur has Mega Evolved into Mega Venusaur!
|move|p2a: Claire|Tail Glow|p2a: Claire
|-boost|p2a: Claire|spa|3
|move|p1a: Venusaur|Synthesis|p1a: Venusaur
|-heal|p1a: Venusaur|299\/364
|
|-heal|p2a: Claire|280\/400|[from] item: Leftovers
|turn|16
|
|move|p2a: Claire|Ice Beam|p1a: Venusaur
|-supereffective|p1a: Venusaur
|-damage|p1a: Venusaur|75\/364
|-status|p1a: Venusaur|frz
|cant|p1a: Venusaur|frz
|
|-heal|p2a: Claire|305\/400|[from] item: Leftovers
|turn|17
|c| i came from leddit|whats
|c| i came from leddit|the
|c| i came from leddit|fucking
|c| i came from leddit|next
|
|move|p2a: Claire|Tail Glow|p2a: Claire
|-boost|p2a: Claire|spa|3
|-curestatus|p1a: Venusaur|frz
|move|p1a: Venusaur|Giga Drain|p2a: Claire
|-supereffective|p2a: Claire
|-damage|p2a: Claire|111\/400
|-heal|p1a: Venusaur|172\/364|[from] drain|[of] p2a: Claire
|
|-heal|p2a: Claire|136\/400|[from] item: Leftovers
|turn|18
|c|âsuperpascal|I got greedy
|
|switch|p1a: Keldeo|Keldeo|125\/323
|-damage|p1a: Keldeo|105\/323|[from] Stealth Rock
|move|p2a: Claire|Ice Beam|p1a: Keldeo
|-resisted|p1a: Keldeo
|-damage|p1a: Keldeo|0 fnt
|faint|p1a: Keldeo
|
|-heal|p2a: Claire|161\/400|[from] item: Leftovers
|
|switch|p1a: Bisharp|Bisharp, F|334\/334
|-damage|p1a: Bisharp|314\/334|[from] Stealth Rock
|turn|19
|
|move|p1a: Bisharp|Sucker Punch|p2a: Claire
|-damage|p2a: Claire|8\/400
|move|p2a: Claire|Surf|p1a: Bisharp
|-damage|p1a: Bisharp|0 fnt
|faint|p1a: Bisharp
|
|-heal|p2a: Claire|33\/400|[from] item: Leftovers
|-message|Aka DH forfeited.
|
|win|superpascal
|raw|Ladder updating...
|leave|Aka DH
|player|p1
|raw|Aka DH's rating: 1719 &rarr; <strong>1690<\/strong><br \/>(-29 for losing)
|raw|superpascal's rating: 1550 &rarr; <strong>1579<\/strong><br \/>(+29 for winning)
|c|âsuperpascal|not enough strengh
|leave|CleanerThanRotom-W
|leave|i came from leddit