|join|DoDo Butter
|join|superpascal
|player|p1|DoDo Butter|167
|player|p2|superpascal|161
|gametype|singles
|gen|6
|tier|ORAS OU
|rated
|rule|Sleep Clause Mod: Limit one foe put to sleep
|rule|Species Clause: Limit one of each PokÃ©mon
|rule|OHKO Clause: OHKO moves are banned
|rule|Moody Clause: Moody is banned
|rule|Evasion Moves Clause: Evasion moves are banned
|rule|Endless Battle Clause: Forcing endless battles is banned
|rule|HP Percentage Mod: HP is shown in percentages
|clearpoke
|poke|p1|Latias, F
|poke|p1|Rotom-Heat
|poke|p1|Lopunny, M
|poke|p1|Diggersby, M
|poke|p1|Azumarill, M
|poke|p1|Ferrothorn, F
|poke|p2|Manaphy
|poke|p2|Garchomp, M
|poke|p2|Togekiss, M
|poke|p2|Salamence, M
|poke|p2|Ferrothorn, F
|poke|p2|Rotom-Wash
|rule|Swagger Clause: Swagger is banned
|rule|Baton Pass Clause: Limit one PokÃ©mon knowing Baton Pass
|teampreview
|c|âsuperpascal|we battled some hours ago, right?
|c|âDoDo Butter|Mega Mence -_-
|c|âDoDo Butter|ye
|
|start
|switch|p1a: Lopunny|Lopunny, M|272\/272
|switch|p2a: Bisou|Togekiss, M|373\/373
|turn|1
|c|âDoDo Butter|I got swept
|c|âDoDo Butter|lol
|c|âsuperpascal|I just want to have some fun before he gets banned
|
|switch|p1a: Rotom-Heat|Rotom-Heat|304\/304
|move|p2a: Bisou|Air Slash|p1a: Rotom-Heat
|-resisted|p1a: Rotom-Heat
|-damage|p1a: Rotom-Heat|205\/304
|
|-heal|p1a: Rotom-Heat|224\/304|[from] item: Leftovers
|turn|2
|
|switch|p2a: Laveuse|Rotom-Wash|304\/304
|move|p1a: Rotom-Heat|Pain Split|p2a: Laveuse
|-sethp|p2a: Laveuse|264\/304|p1a: Rotom-Heat|264\/304|[from] move: Pain Split
|
|-heal|p1a: Rotom-Heat|283\/304|[from] item: Leftovers
|turn|3
|
|switch|p1a: Latias|Latias, F|302\/302
|move|p2a: Laveuse|Volt Switch|p1a: Latias
|-resisted|p1a: Latias
|-damage|p1a: Latias|266\/302
|
|switch|p2a: Toque|Ferrothorn, F|352\/352
|
|turn|4
|c|âsuperpascal|crap...an offensive one
|
|switch|p1a: Ferrothorn|Ferrothorn, F|352\/352
|move|p2a: Toque|Stealth Rock|p1a: Ferrothorn
|-sidestart|p1: DoDo Butter|move: Stealth Rock
|
|turn|5
|
|switch|p2a: Malaysia 370|Salamence, M|393\/393
|-ability|p2a: Malaysia 370|Intimidate|[of] p1a: Ferrothorn
|-unboost|p1a: Ferrothorn|atk|1
|move|p1a: Ferrothorn|Stealth Rock|p2a: Malaysia 370
|-sidestart|p2: superpascal|move: Stealth Rock
|
|turn|6
|
|detailschange|p2a: Malaysia 370|Salamence-Mega, M
|message|Salamence has Mega Evolved into Mega Salamence!
|move|p2a: Malaysia 370|Substitute|p2a: Malaysia 370
|-start|p2a: Malaysia 370|Substitute
|-damage|p2a: Malaysia 370|295\/393
|move|p1a: Ferrothorn|Gyro Ball|p2a: Malaysia 370
|-activate|p2a: Malaysia 370|Substitute|[damage]
|
|turn|7
|
|move|p2a: Malaysia 370|Dragon Dance|p2a: Malaysia 370
|-boost|p2a: Malaysia 370|atk|1
|-boost|p2a: Malaysia 370|spe|1
|move|p1a: Ferrothorn|Gyro Ball|p2a: Malaysia 370
|-end|p2a: Malaysia 370|Substitute
|
|turn|8
|
|move|p2a: Malaysia 370|Substitute|p2a: Malaysia 370
|-start|p2a: Malaysia 370|Substitute
|-damage|p2a: Malaysia 370|197\/393
|move|p1a: Ferrothorn|Gyro Ball|p2a: Malaysia 370
|-activate|p2a: Malaysia 370|Substitute|[damage]
|
|turn|9
|
|move|p2a: Malaysia 370|Earthquake|p1a: Ferrothorn
|-damage|p1a: Ferrothorn|220\/352
|move|p1a: Ferrothorn|Gyro Ball|p2a: Malaysia 370
|-end|p2a: Malaysia 370|Substitute
|
|turn|10
|
|move|p2a: Malaysia 370|Earthquake|p1a: Ferrothorn
|-damage|p1a: Ferrothorn|97\/352
|move|p1a: Ferrothorn|Gyro Ball|p2a: Malaysia 370
|-damage|p2a: Malaysia 370|101\/393
|
|turn|11
|
|switch|p1a: Azumarill|Azumarill, M|401\/401
|-damage|p1a: Azumarill|351\/401|[from] Stealth Rock
|move|p2a: Malaysia 370|Substitute|p2a: Malaysia 370
|-start|p2a: Malaysia 370|Substitute
|-damage|p2a: Malaysia 370|3\/393
|
|turn|12
|
|move|p2a: Malaysia 370|Earthquake|p1a: Azumarill
|-damage|p1a: Azumarill|100\/401
|move|p1a: Azumarill|Play Rough|p2a: Malaysia 370
|-supereffective|p2a: Malaysia 370
|-end|p2a: Malaysia 370|Substitute
|
|turn|13
|c|âsuperpascal|I though you would go back into ferro
|c|âDoDo Butter|naa
|
|move|p1a: Azumarill|Aqua Jet|p2a: Malaysia 370
|-resisted|p2a: Malaysia 370
|-damage|p2a: Malaysia 370|0 fnt
|faint|p2a: Malaysia 370
|
|c|âDoDo Butter|too obvious
|
|switch|p2a: Claire|Manaphy|400\/400
|-damage|p2a: Claire|350\/400|[from] Stealth Rock
|turn|14
|c|âsuperpascal|I guess you are right
|
|move|p2a: Claire|Energy Ball|p1a: Azumarill
|-supereffective|p1a: Azumarill
|-damage|p1a: Azumarill|0 fnt
|faint|p1a: Azumarill
|
|-heal|p2a: Claire|375\/400|[from] item: Leftovers
|
|switch|p1a: Lopunny|Lopunny, M|272\/272
|-damage|p1a: Lopunny|238\/272|[from] Stealth Rock
|turn|15
|
|switch|p2a: Toque|Ferrothorn, F|352\/352
|-damage|p2a: Toque|330\/352|[from] Stealth Rock
|detailschange|p1a: Lopunny|Lopunny-Mega, M
|message|Lopunny has Mega Evolved into Mega Lopunny!
|move|p1a: Lopunny|High Jump Kick|p2a: Toque
|-supereffective|p2a: Toque
|-damage|p2a: Toque|0 fnt
|-damage|p1a: Lopunny|204\/272|[from] ability: Iron Barbs|[of] p2a: Toque
|faint|p2a: Toque
|
|
|switch|p2a: Laveuse|Rotom-Wash|264\/304
|-damage|p2a: Laveuse|226\/304|[from] Stealth Rock
|turn|16
|
|move|p1a: Lopunny|Substitute|p1a: Lopunny
|-start|p1a: Lopunny|Substitute
|-damage|p1a: Lopunny|136\/272
|move|p2a: Laveuse|Volt Switch|p1a: Lopunny
|-end|p1a: Lopunny|Substitute
|
|switch|p2a: Chompitychomp|Garchomp, M|418\/418
|-damage|p2a: Chompitychomp|392\/418|[from] Stealth Rock
|
|turn|17
|
|switch|p1a: Ferrothorn|Ferrothorn, F|97\/352
|-damage|p1a: Ferrothorn|75\/352|[from] Stealth Rock
|move|p2a: Chompitychomp|Outrage|p1a: Ferrothorn
|-resisted|p1a: Ferrothorn
|-damage|p1a: Ferrothorn|0 fnt
|-damage|p2a: Chompitychomp|340\/418|[from] ability: Iron Barbs|[of] p1a: Ferrothorn
|-damage|p2a: Chompitychomp|271\/418|[from] item: Rocky Helmet|[of] p1a: Ferrothorn
|faint|p1a: Ferrothorn
|
|
|switch|p1a: Rotom-Heat|Rotom-Heat|283\/304
|-damage|p1a: Rotom-Heat|207\/304|[from] Stealth Rock
|turn|18
|
|move|p2a: Chompitychomp|Outrage|p1a: Rotom-Heat
|-damage|p1a: Rotom-Heat|57\/304
|move|p1a: Rotom-Heat|Will-O-Wisp|p2a: Chompitychomp
|-status|p2a: Chompitychomp|brn
|
|-heal|p1a: Rotom-Heat|76\/304|[from] item: Leftovers
|-damage|p2a: Chompitychomp|219\/418 brn|[from] brn
|turn|19
|
|move|p2a: Chompitychomp|Outrage|p1a: Rotom-Heat
|-damage|p1a: Rotom-Heat|0 fnt
|faint|p1a: Rotom-Heat
|
|-end|p2a: Chompitychomp|rampage
|-start|p2a: Chompitychomp|confusion
|-damage|p2a: Chompitychomp|167\/418 brn|[from] brn
|c|âsuperpascal|damage roll
|
|switch|p1a: Diggersby|Diggersby, M|320\/320
|-damage|p1a: Diggersby|300\/320|[from] Stealth Rock
|turn|20
|
|switch|p2a: Laveuse|Rotom-Wash|226\/304
|-damage|p2a: Laveuse|188\/304|[from] Stealth Rock
|move|p1a: Diggersby|Return|p2a: Laveuse
|-damage|p2a: Laveuse|19\/304
|
|turn|21
|
|move|p1a: Diggersby|Return|p2a: Laveuse
|-damage|p2a: Laveuse|0 fnt
|faint|p2a: Laveuse
|
|
|switch|p2a: Bisou|Togekiss, M|373\/373
|-damage|p2a: Bisou|280\/373|[from] Stealth Rock
|turn|22
|
|move|p1a: Diggersby|Return|p2a: Bisou
|-damage|p2a: Bisou|70\/373
|move|p2a: Bisou|Dazzling Gleam|p1a: Diggersby
|-damage|p1a: Diggersby|38\/320
|
|turn|23
|
|move|p1a: Diggersby|Return|p2a: Bisou
|-damage|p2a: Bisou|0 fnt
|faint|p2a: Bisou
|
|
|switch|p2a: Chompitychomp|Garchomp, M|167\/418 brn
|-damage|p2a: Chompitychomp|141\/418 brn|[from] Stealth Rock
|turn|24
|
|move|p1a: Diggersby|Return|p2a: Chompitychomp
|-damage|p2a: Chompitychomp|0 fnt
|-damage|p1a: Diggersby|0 fnt|[from] ability: Rough Skin|[of] p2a: Chompitychomp
|faint|p1a: Diggersby
|faint|p2a: Chompitychomp
|
|c|âsuperpascal|what the?
|
|switch|p1a: Latias|Latias, F|266\/302
|-damage|p1a: Latias|229\/302|[from] Stealth Rock
|switch|p2a: Claire|Manaphy|375\/400
|-damage|p2a: Claire|325\/400|[from] Stealth Rock
|turn|25
|c|âsuperpascal|welp...ggg
|c|âDoDo Butter|Weren't you scarfed?
|c|âDoDo Butter|o.0
|
|move|p1a: Latias|Draco Meteor|p2a: Claire
|-damage|p2a: Claire|68\/400
|-unboost|p1a: Latias|spa|2
|-damage|p1a: Latias|199\/302|[from] item: Life Orb
|move|p2a: Claire|Ice Beam|p1a: Latias
|-supereffective|p1a: Latias
|-damage|p1a: Latias|43\/302
|
|-heal|p2a: Claire|93\/400|[from] item: Leftovers
|turn|26
|c|âsuperpascal|The bluff of the week
|
|move|p1a: Latias|Draco Meteor|p2a: Claire
|-damage|p2a: Claire|0 fnt
|-unboost|p1a: Latias|spa|2
|-damage|p1a: Latias|13\/302|[from] item: Life Orb
|faint|p2a: Claire
|
|win|DoDo Butter
|raw|Ladder updating...
|raw|DoDo Butter's rating: 1389 &rarr; <strong>1409<\/strong><br \/>(+20 for winning)
|raw|superpascal's rating: 1391 &rarr; <strong>1371<\/strong><br \/>(-20 for losing)
|c|âDoDo Butter|what were you?
|c|âsuperpascal|An old set from gen 4
|c|âDoDo Butter|ohh
|c|âDoDo Butter|gg