|join|superpascal
|join|Climate Change
|player|p1|superpascal|162
|player|p2|Climate Change|102
|gametype|singles
|gen|6
|tier|OU
|rated
|clearpoke
|poke|p1|Manaphy
|poke|p1|Mawile, F
|poke|p1|Garchomp, M
|poke|p1|Togekiss, F
|poke|p1|Deoxys-Speed
|poke|p1|Aegislash, M
|poke|p2|Politoed, F
|poke|p2|Tyranitar, M
|poke|p2|Charizard, M
|poke|p2|Abomasnow, M
|poke|p2|Latios, M
|poke|p2|Forretress, F
|rule|Sleep Clause Mod: Limit one foe put to sleep
|rule|Species Clause: Limit one of each Pokemon
|rule|OHKO Clause: OHKO moves are banned
|rule|Moody Clause: Moody is banned
|rule|Evasion Moves Clause: Evasion moves are banned
|rule|Endless Battle Clause: Forcing endless battles is banned.
|rule|HP Percentage Mod: HP is reported as percentages
|teampreview
|chat|superpascal|cool team
|chat|Climate Change|thanks :)
|
|start
|switch|p1a: 3fast5me|Deoxys-Speed|304\/304
|switch|p2a: Tyranitar|Tyranitar, M|404\/404
|-ability|p1a: 3fast5me|Pressure
|-weather|Sandstorm
|turn|1
|
|move|p1a: 3fast5me|Stealth Rock|p2a: Tyranitar
|-sidestart|p2: Climate Change|move: Stealth Rock
|move|p2a: Tyranitar|Stone Edge|p1a: 3fast5me
|-damage|p1a: 3fast5me|183\/304
|
|-weather|Sandstorm|[upkeep]
|-damage|p1a: 3fast5me|164\/304|[from] sandstorm
|turn|2
|
|switch|p1a: Dentifrice|Mawile, F|303\/303
|-ability|p1a: Dentifrice|Intimidate|[of] p2a: Tyranitar
|-unboost|p2a: Tyranitar|atk|1
|move|p2a: Tyranitar|Stealth Rock|p1a: Dentifrice
|-sidestart|p1: superpascal|move: Stealth Rock
|
|-weather|Sandstorm|[upkeep]
|turn|3
|
|-formechange|p1a: Dentifrice|Mawile-Mega
|message|Mawile has Mega Evolved into Mega Mawile!
|move|p1a: Dentifrice|Play Rough|p2a: Tyranitar
|-supereffective|p2a: Tyranitar
|-enditem|p2a: Tyranitar|Focus Sash
|-damage|p2a: Tyranitar|1\/404
|move|p2a: Tyranitar|Counter|p1a: Dentifrice
|-damage|p1a: Dentifrice|0 fnt
|faint|p1a: Dentifrice
|
|-weather|Sandstorm|[upkeep]
|chat|superpascal|first time I have seen this you surprised me man
|chat|superpascal|good job
|chat|Climate Change|haha, it works
|chat|Climate Change|it's especially nice as a lead against u-turn scouting
|chat|superpascal|I did not even notice your name
|chat|superpascal|ahaha
|
|switch|p1a: S&S|Aegislash, M|323\/323
|-damage|p1a: S&S|303\/323|[from] Stealth Rock
|turn|4
|chat|Climate Change|opponent u turn scouts into their ttar counter, auto kill
|
|-formechange|p1a: S&S|Aegislash-Blade
|move|p1a: S&S|Shadow Sneak|p2a: Tyranitar
|-resisted|p2a: Tyranitar
|-damage|p2a: Tyranitar|0 fnt
|faint|p2a: Tyranitar
|
|-weather|Sandstorm|[upkeep]
|
|switch|p2a: Politoed|Politoed, F|384\/384
|-damage|p2a: Politoed|336\/384|[from] Stealth Rock
|-weather|RainDance
|turn|5
|
|-formechange|p1a: S&S|Aegislash
|move|p1a: S&S|King's Shield|p1a: S&S
|-singleturn|p1a: S&S|Protect
|move|p2a: Politoed|Scald|p1a: S&S
|-activate|p1a: S&S|Protect
|
|-weather|RainDance|[upkeep]
|turn|6
|
|switch|p1a: Marine|Manaphy|401\/401
|-damage|p1a: Marine|351\/401|[from] Stealth Rock
|move|p2a: Politoed|Scald|p1a: Marine
|-resisted|p1a: Marine
|-damage|p1a: Marine|283\/401
|
|-weather|RainDance|[upkeep]
|-heal|p1a: Marine|308\/401|[from] item: Leftovers
|turn|7
|
|switch|p2a: Latios|Latios, M|302\/302
|-damage|p2a: Latios|265\/302|[from] Stealth Rock
|move|p1a: Marine|Tail Glow|p1a: Marine
|-boost|p1a: Marine|spa|3
|
|-weather|RainDance|[upkeep]
|-heal|p1a: Marine|333\/401|[from] item: Leftovers
|turn|8
|
|move|p2a: Latios|Thunder|p1a: Marine
|-supereffective|p1a: Marine
|-damage|p1a: Marine|0 fnt
|faint|p1a: Marine
|
|-weather|RainDance|[upkeep]
|chat|superpascal|damn I forgot thunder was a thing
|chat|superpascal|your team isrefreshing and I love it
|
|switch|p1a: S&S|Aegislash, M|303\/323
|-damage|p1a: S&S|283\/323|[from] Stealth Rock
|turn|9
|chat|Climate Change|i ran into a random manaphy yesterday holding the electric resist berry
|chat|Climate Change|lost the game for me on the latios thunder
|chat|superpascal|those are more common than you would think :P
|
|switch|p2a: Politoed|Politoed, F|336\/384
|-damage|p2a: Politoed|288\/384|[from] Stealth Rock
|move|p1a: S&S|Swords Dance|p1a: S&S
|-boost|p1a: S&S|atk|2
|
|-weather|none
|turn|10
|
|move|p2a: Politoed|Scald|p1a: S&S
|-damage|p1a: S&S|217\/323
|move|p1a: S&S|Swords Dance|p1a: S&S
|-boost|p1a: S&S|atk|2
|
|turn|11
|
|-formechange|p1a: S&S|Aegislash-Blade
|move|p1a: S&S|Shadow Sneak|p2a: Politoed
|-damage|p2a: Politoed|0 fnt
|faint|p2a: Politoed
|
|
|switch|p2a: Abomasnow|Abomasnow, M|384\/384
|-damage|p2a: Abomasnow|288\/384|[from] Stealth Rock
|-weather|Hail
|turn|12
|
|move|p1a: S&S|Sacred Sword|p2a: Abomasnow
|-supereffective|p2a: Abomasnow
|-damage|p2a: Abomasnow|0 fnt
|faint|p2a: Abomasnow
|
|-weather|Hail|[upkeep]
|-damage|p1a: S&S|197\/323|[from] hail
|
|switch|p2a: Charizard|Charizard, M|298\/298
|-damage|p2a: Charizard|149\/298|[from] Stealth Rock
|turn|13
|
|-formechange|p2a: Charizard|Charizard-Mega-Y
|message|Charizard has Mega Evolved into Mega Charizard!
|-weather|SunnyDay
|move|p1a: S&S|Shadow Sneak|p2a: Charizard
|-damage|p2a: Charizard|0 fnt
|faint|p2a: Charizard
|
|-weather|SunnyDay|[upkeep]
|chat|Climate Change|well
|chat|Climate Change|gg
|chat|superpascal|gg
|
|switch|p2a: Forretress|Forretress, F|354\/354
|-damage|p2a: Forretress|310\/354|[from] Stealth Rock
|turn|14
|
|-formechange|p1a: S&S|Aegislash
|move|p1a: S&S|King's Shield|p1a: S&S
|-singleturn|p1a: S&S|Protect
|move|p2a: Forretress|Volt Switch|p1a: S&S
|-activate|p1a: S&S|Protect
|
|-weather|SunnyDay|[upkeep]
|-heal|p2a: Forretress|332\/354|[from] item: Leftovers
|turn|15
|
|-formechange|p1a: S&S|Aegislash-Blade
|move|p1a: S&S|Sacred Sword|p2a: Forretress
|-damage|p2a: Forretress|114\/354
|move|p2a: Forretress|Gyro Ball|p1a: S&S
|-resisted|p1a: S&S
|-damage|p1a: S&S|152\/323
|
|-weather|SunnyDay|[upkeep]
|-heal|p2a: Forretress|136\/354|[from] item: Leftovers
|turn|16
|leave|Climate Change
|player|p2
|-message|climatechange lost due to inactivity.
|
|win|superpascal
|raw|Ladder updating...
|raw|superpascal's rating: 1797 &rarr; <strong>1810<\/strong><br \/>(+13 for winning)
|raw|Climate Change's rating: 1681 &rarr; <strong>1667<\/strong><br \/>(-14 for losing)