|join|superpascal
|join|100%predictable
|player|p1|superpascal|162
|player|p2|100%predictable|169
|gametype|singles
|gen|6
|tier|OU
|rated
|clearpoke
|poke|p1|Manaphy
|poke|p1|Mawile, F
|poke|p1|Garchomp, M
|poke|p1|Togekiss, F
|poke|p1|Deoxys-Speed
|poke|p1|Aegislash, M
|poke|p2|Chansey, F
|poke|p2|Cresselia, F
|poke|p2|Mandibuzz, F
|poke|p2|Gliscor, M
|poke|p2|Quagsire, M
|poke|p2|Venusaur, F
|rule|Sleep Clause Mod: Limit one foe put to sleep
|rule|Species Clause: Limit one of each Pokemon
|rule|OHKO Clause: OHKO moves are banned
|rule|Moody Clause: Moody is banned
|rule|Evasion Moves Clause: Evasion moves are banned
|rule|Endless Battle Clause: Forcing endless battles is banned.
|rule|HP Percentage Mod: HP is reported as percentages
|teampreview
|
|start
|switch|p1a: Bisou|Togekiss, F|373\/373
|switch|p2a: Mandibuzz|Mandibuzz, F|424\/424
|turn|1
|chat|superpascal|have fun
|
|switch|p2a: Gliscor|Gliscor, M|354\/354
|move|p1a: Bisou|Trick|p2a: Gliscor
|-activate|p1a: Bisou|move: Trick|[of] p2a: Gliscor
|-item|p2a: Gliscor|Choice Specs|[from] move: Trick
|-item|p1a: Bisou|Toxic Orb|[from] move: Trick
|
|-status|p1a: Bisou|tox|[from] item: Toxic Orb
|turn|2
|
|switch|p2a: A Whore|Chansey, F|642\/642
|switch|p1a: 3fast5me|Deoxys-Speed|304\/304
|-ability|p1a: 3fast5me|Pressure
|
|turn|3
|chat|100%predictable|fun?
|chat|100%predictable|what is that
|
|switch|p2a: Mandibuzz|Mandibuzz, F|424\/424
|move|p1a: 3fast5me|Stealth Rock|p2a: Mandibuzz
|-sidestart|p2: 100%predictable|move: Stealth Rock
|
|turn|4
|chat|superpascal|An unusual concept in this modern day and age :P
|
|move|p1a: 3fast5me|Taunt|p2a: Mandibuzz
|-start|p2a: Mandibuzz|move: Taunt
|cant|p2a: Mandibuzz|move: Taunt|Defog
|
|turn|5
|chat|100%predictable|yes
|
|switch|p1a: Dentifrice|Mawile, F|303\/303
|-ability|p1a: Dentifrice|Intimidate|[of] p2a: Mandibuzz
|-unboost|p2a: Mandibuzz|atk|1
|move|p2a: Mandibuzz|Knock Off|p1a: Dentifrice
|-resisted|p1a: Dentifrice
|-damage|p1a: Dentifrice|282\/303
|
|turn|6
|chat|100%predictable|although i doubt middleage farmers had a lot of fun
|chat|100%predictable|middleages
|chat|100%predictable|god
|chat|superpascal|true true
|
|switch|p2a: Cresselia|Cresselia, F|444\/444
|-damage|p2a: Cresselia|389\/444|[from] Stealth Rock
|-formechange|p1a: Dentifrice|Mawile-Mega
|message|Mawile has Mega Evolved into Mega Mawile!
|move|p1a: Dentifrice|Play Rough|p2a: Cresselia
|-damage|p2a: Cresselia|191\/444
|
|-heal|p2a: Cresselia|218\/444|[from] item: Leftovers
|turn|7
|
|move|p2a: Cresselia|Thunder Wave|p1a: Dentifrice
|-status|p1a: Dentifrice|par
|move|p1a: Dentifrice|Swords Dance|p1a: Dentifrice
|-boost|p1a: Dentifrice|atk|2
|
|-heal|p2a: Cresselia|245\/444|[from] item: Leftovers
|turn|8
|
|move|p2a: Cresselia|Reflect|p2a: Cresselia
|-sidestart|p2: 100%predictable|Reflect
|move|p1a: Dentifrice|Iron Head|p2a: Cresselia
|-damage|p2a: Cresselia|60\/444
|
|-heal|p2a: Cresselia|87\/444|[from] item: Leftovers
|turn|9
|
|move|p2a: Cresselia|Moonlight|p2a: Cresselia
|-heal|p2a: Cresselia|309\/444
|move|p1a: Dentifrice|Play Rough|p2a: Cresselia|[miss]
|-miss|p1a: Dentifrice|p2a: Cresselia
|
|-heal|p2a: Cresselia|336\/444|[from] item: Leftovers
|turn|10
|
|switch|p2a: Gliscor|Gliscor, M|354\/354
|-damage|p2a: Gliscor|310\/354|[from] Stealth Rock
|move|p1a: Dentifrice|Swords Dance|p1a: Dentifrice
|-boost|p1a: Dentifrice|atk|2
|
|turn|11
|chat|100%predictable|oh shit i forgot
|
|move|p2a: Gliscor|Earthquake|p1a: Dentifrice
|-supereffective|p1a: Dentifrice
|-damage|p1a: Dentifrice|96\/303 par
|move|p1a: Dentifrice|Iron Head|p2a: Gliscor
|-damage|p2a: Gliscor|18\/354
|
|turn|12
|
|move|p1a: Dentifrice|Sucker Punch|p2a: Gliscor
|-damage|p2a: Gliscor|0 fnt
|faint|p2a: Gliscor
|
|-sideend|p2: 100%predictable|Reflect
|
|switch|p2a: Mandibuzz|Mandibuzz, F|424\/424
|-damage|p2a: Mandibuzz|318\/424|[from] Stealth Rock
|turn|13
|
|move|p2a: Mandibuzz|Foul Play|p1a: Dentifrice
|-resisted|p1a: Dentifrice
|-damage|p1a: Dentifrice|0 fnt
|faint|p1a: Dentifrice
|
|-heal|p2a: Mandibuzz|344\/424|[from] item: Leftovers
|chat|superpascal|does foul play takes into account huge power?
|
|switch|p1a: Bisou|Togekiss, F|373\/373 tox
|turn|14
|chat|superpascal|this not related to this battle, but just to know.
|chat|100%predictable|not sure but even without huge power you have 990 attack
|chat|superpascal|yeah, like I was saying, you could have koed me at 75% health
|chat|100%predictable|just checked
|chat|100%predictable|it doesn't factor in huge power
|chat|superpascal|ok, good to know
|
|switch|p2a: Venusaur|Venusaur, F|364\/364
|-damage|p2a: Venusaur|319\/364|[from] Stealth Rock
|move|p1a: Bisou|Dazzling Gleam|p2a: Venusaur
|-resisted|p2a: Venusaur
|-damage|p2a: Venusaur|247\/364
|
|-damage|p1a: Bisou|350\/373 tox|[from] psn
|turn|15
|
|-formechange|p2a: Venusaur|Venusaur-Mega
|message|Venusaur has Mega Evolved into Mega Venusaur!
|move|p2a: Venusaur|Sludge Bomb|p1a: Bisou
|-supereffective|p1a: Bisou
|-damage|p1a: Bisou|122\/373 tox
|move|p1a: Bisou|Air Slash|p2a: Venusaur
|-supereffective|p2a: Venusaur
|-damage|p2a: Venusaur|5\/364
|
|-damage|p1a: Bisou|76\/373 tox|[from] psn
|turn|16
|
|move|p2a: Venusaur|Sludge Bomb|p1a: Bisou
|-supereffective|p1a: Bisou
|-damage|p1a: Bisou|0 fnt
|faint|p1a: Bisou
|
|
|switch|p1a: Chompitychomp|Garchomp, M|419\/419
|turn|17
|chat|100%predictable|but man mawile mega has 2039 attack after 2 sd's even belly drum azumarill doesn't get near that much power
|
|move|p1a: Chompitychomp|Outrage|p2a: Venusaur
|-damage|p2a: Venusaur|0 fnt
|faint|p2a: Venusaur
|
|
|switch|p2a: Cresselia|Cresselia, F|336\/444
|-damage|p2a: Cresselia|281\/444|[from] Stealth Rock
|turn|18
|
|move|p1a: Chompitychomp|Outrage|p2a: Cresselia
|-damage|p2a: Cresselia|104\/444
|move|p2a: Cresselia|Moonlight|p2a: Cresselia
|-heal|p2a: Cresselia|326\/444
|
|-end|p1a: Chompitychomp|rampage
|-start|p1a: Chompitychomp|confusion
|-heal|p2a: Cresselia|353\/444|[from] item: Leftovers
|turn|19
|chat|superpascal|it's as insane as cresselia's bulk
|
|switch|p1a: 3fast5me|Deoxys-Speed|304\/304
|-ability|p1a: 3fast5me|Pressure
|switch|p2a: Mandibuzz|Mandibuzz, F|344\/424
|-damage|p2a: Mandibuzz|238\/424|[from] Stealth Rock
|
|-heal|p2a: Mandibuzz|264\/424|[from] item: Leftovers
|turn|20
|chat|100%predictable|heh
|chat|100%predictable|no
|chat|100%predictable|cresselia doesn't get even near
|chat|superpascal|well, chansey at least :P
|chat|superpascal|that thing is a monster, a pink terror
|chat|100%predictable|yeah chansey is the only thing that compares
|
|move|p1a: 3fast5me|Taunt|p2a: Mandibuzz
|-start|p2a: Mandibuzz|move: Taunt
|move|p2a: Mandibuzz|Knock Off|p1a: 3fast5me
|-supereffective|p1a: 3fast5me
|-damage|p1a: 3fast5me|170\/304
|-enditem|p1a: 3fast5me|Lum Berry|[from] move: Knock Off|[of] p2a: Mandibuzz
|
|-heal|p2a: Mandibuzz|290\/424|[from] item: Leftovers
|turn|21
|
|switch|p1a: Marine|Manaphy|401\/401
|move|p2a: Mandibuzz|Foul Play|p1a: Marine
|-damage|p1a: Marine|308\/401
|
|-heal|p1a: Marine|333\/401|[from] item: Leftovers
|-heal|p2a: Mandibuzz|316\/424|[from] item: Leftovers
|turn|22
|chat|100%predictable|it can take a +6 boosted manaphy with ease
|chat|superpascal|that's the problem
|chat|superpascal|it need to pack toxic however
|
|switch|p1a: S&S|Aegislash, M|323\/323
|switch|p2a: A Whore|Chansey, F|642\/642
|-damage|p2a: A Whore|562\/642|[from] Stealth Rock
|
|turn|23
|chat|100%predictable|obviously
|chat|superpascal|but I think 80% of Chansey have it
|
|switch|p2a: Mandibuzz|Mandibuzz, F|316\/424
|-damage|p2a: Mandibuzz|210\/424|[from] Stealth Rock
|move|p1a: S&S|Swords Dance|p1a: S&S
|-boost|p1a: S&S|atk|2
|
|-heal|p2a: Mandibuzz|236\/424|[from] item: Leftovers
|turn|24
|chat|superpascal|doing some calcs?
|chat|100%predictable|Toxic 60.980%
|
|move|p2a: Mandibuzz|Foul Play|p1a: S&S
|-supereffective|p1a: S&S
|-damage|p1a: S&S|17\/323
|-enditem|p1a: S&S|Weakness Policy
|-boost|p1a: S&S|atk|2|[from] item: Weakness Policy
|-boost|p1a: S&S|spa|2|[from] item: Weakness Policy
|-formechange|p1a: S&S|Aegislash-Blade
|move|p1a: S&S|Sacred Sword|p2a: Mandibuzz
|-damage|p2a: Mandibuzz|0 fnt
|faint|p2a: Mandibuzz
|
|chat|superpascal|interesting
|
|switch|p2a: Quagsire|Quagsire, M|394\/394
|-damage|p2a: Quagsire|370\/394|[from] Stealth Rock
|turn|25
|chat|100%predictable|sorry it took a while for the webpage of data to load
|chat|superpascal|that's ok
|
|switch|p1a: Marine|Manaphy|333\/401
|move|p2a: Quagsire|Scald|p1a: Marine
|-resisted|p1a: Marine
|-damage|p1a: Marine|299\/401
|-status|p1a: Marine|brn
|
|-heal|p1a: Marine|324\/401 brn|[from] item: Leftovers
|-heal|p2a: Quagsire|394\/394|[from] item: Leftovers
|-damage|p1a: Marine|274\/401 brn|[from] brn
|turn|26
|chat|100%predictable|now that i think about it
|chat|100%predictable|i should have just switched to quagsire once i saw sd
|chat|100%predictable|well i learn something new every game
|chat|superpascal|yup, I was predicting you to do actually XD
|chat|superpascal|but I could not do anyting anyeays
|
|switch|p2a: A Whore|Chansey, F|562\/642
|-damage|p2a: A Whore|482\/642|[from] Stealth Rock
|move|p1a: Marine|Energy Ball|p2a: A Whore
|-crit|p2a: A Whore
|-damage|p2a: A Whore|411\/642
|
|-heal|p1a: Marine|299\/401 brn|[from] item: Leftovers
|-damage|p1a: Marine|249\/401 brn|[from] brn
|turn|27
|chat|superpascal|that crit though
|
|switch|p1a: 3fast5me|Deoxys-Speed|170\/304
|-ability|p1a: 3fast5me|Pressure
|move|p2a: A Whore|Soft-Boiled|p2a: A Whore
|-heal|p2a: A Whore|642\/642
|
|turn|28
|chat|100%predictable|sexy crit
|
|move|p1a: 3fast5me|Spikes|p2a: A Whore
|-sidestart|p2: 100%predictable|Spikes
|move|p2a: A Whore|Seismic Toss|p1a: 3fast5me
|-damage|p1a: 3fast5me|70\/304
|
|turn|29
|
|switch|p1a: S&S|Aegislash, M|17\/323
|move|p2a: A Whore|Seismic Toss|p1a: S&S
|-immune|p1a: S&S|[msg]
|
|turn|30
|
|switch|p1a: 3fast5me|Deoxys-Speed|70\/304
|-ability|p1a: 3fast5me|Pressure
|switch|p2a: Quagsire|Quagsire, M|394\/394
|-damage|p2a: Quagsire|345\/394|[from] Spikes
|-damage|p2a: Quagsire|321\/394|[from] Stealth Rock
|
|-heal|p2a: Quagsire|345\/394|[from] item: Leftovers
|turn|31
|
|switch|p2a: Cresselia|Cresselia, F|353\/444
|-damage|p2a: Cresselia|298\/444|[from] Stealth Rock
|move|p1a: 3fast5me|Psycho Boost|p2a: Cresselia
|-crit|p2a: Cresselia
|-resisted|p2a: Cresselia
|-damage|p2a: Cresselia|205\/444
|-unboost|p1a: 3fast5me|spa|2
|
|-heal|p2a: Cresselia|232\/444|[from] item: Leftovers
|turn|32
|
|move|p1a: 3fast5me|Spikes|p2a: Cresselia
|-sidestart|p2: 100%predictable|Spikes
|move|p2a: Cresselia|Psychic|p1a: 3fast5me
|-resisted|p1a: 3fast5me
|-damage|p1a: 3fast5me|21\/304
|
|-heal|p2a: Cresselia|259\/444|[from] item: Leftovers
|turn|33
|
|move|p1a: 3fast5me|Spikes|p2a: Cresselia
|-sidestart|p2: 100%predictable|Spikes
|move|p2a: Cresselia|Reflect|p2a: Cresselia
|-sidestart|p2: 100%predictable|Reflect
|
|-heal|p2a: Cresselia|286\/444|[from] item: Leftovers
|turn|34
|
|move|p1a: 3fast5me|Taunt|p2a: Cresselia
|-start|p2a: Cresselia|move: Taunt
|move|p2a: Cresselia|Psychic|p1a: 3fast5me
|-resisted|p1a: 3fast5me
|-damage|p1a: 3fast5me|0 fnt
|faint|p1a: 3fast5me
|
|-heal|p2a: Cresselia|313\/444|[from] item: Leftovers
|
|switch|p1a: Marine|Manaphy|249\/401 brn
|turn|35
|chat|100%predictable|double switch incomming
|
|switch|p2a: A Whore|Chansey, F|642\/642
|-damage|p2a: A Whore|482\/642|[from] Spikes
|-damage|p2a: A Whore|402\/642|[from] Stealth Rock
|move|p1a: Marine|Tail Glow|p1a: Marine
|-boost|p1a: Marine|spa|3
|
|-heal|p1a: Marine|274\/401 brn|[from] item: Leftovers
|-damage|p1a: Marine|224\/401 brn|[from] brn
|turn|36
|chat|100%predictable|uh oh
|chat|superpascal|that's what I should have done definately
|chat|superpascal|I play it too safe....
|chat|100%predictable|i hate myself for that too sometimes
|
|switch|p1a: S&S|Aegislash, M|17\/323
|move|p2a: A Whore|Stealth Rock|p1a: S&S
|-sidestart|p1: superpascal|move: Stealth Rock
|
|turn|37
|chat|superpascal|all that time, you had rocks :P
|chat|100%predictable|i guess it's what happens if you play too much ladder
|chat|superpascal|well gg man
|
|-formechange|p1a: S&S|Aegislash-Blade
|move|p1a: S&S|Sacred Sword|p2a: A Whore
|-supereffective|p2a: A Whore
|-damage|p2a: A Whore|235\/642
|move|p2a: A Whore|Soft-Boiled|p2a: A Whore
|-heal|p2a: A Whore|556\/642
|
|-sideend|p2: 100%predictable|Reflect
|turn|38
|chat|superpascal|that chansey thoguh
|
|switch|p2a: Quagsire|Quagsire, M|345\/394
|-damage|p2a: Quagsire|321\/394|[from] Stealth Rock
|-damage|p2a: Quagsire|223\/394|[from] Spikes
|move|p1a: S&S|Sacred Sword|p2a: Quagsire
|-crit|p2a: Quagsire
|-damage|p2a: Quagsire|64\/394
|
|-heal|p2a: Quagsire|88\/394|[from] item: Leftovers
|turn|39
|chat|100%predictable|oh wow lol
|
|move|p1a: S&S|Sacred Sword|p2a: Quagsire
|-damage|p2a: Quagsire|0 fnt
|faint|p2a: Quagsire
|
|
|switch|p2a: Cresselia|Cresselia, F|313\/444
|-damage|p2a: Cresselia|258\/444|[from] Stealth Rock
|turn|40
|chat|superpascal|I don't think it will change the outcome of the match :\/
|
|move|p1a: S&S|Shadow Sneak|p2a: Cresselia
|-supereffective|p2a: Cresselia
|-damage|p2a: Cresselia|136\/444
|move|p2a: Cresselia|Reflect|p2a: Cresselia
|-sidestart|p2: 100%predictable|Reflect
|
|-heal|p2a: Cresselia|163\/444|[from] item: Leftovers
|turn|41
|chat|100%predictable|yeah space duck
|chat|100%predictable|will kill all i think
|
|move|p2a: Cresselia|Moonlight|p2a: Cresselia
|-heal|p2a: Cresselia|385\/444
|move|p1a: S&S|Swords Dance|p1a: S&S
|-boost|p1a: S&S|atk|2
|
|-heal|p2a: Cresselia|412\/444|[from] item: Leftovers
|turn|42
|chat|superpascal|I can't Ko chansey, no matter how hard I try
|
|move|p1a: S&S|Shadow Sneak|p2a: Cresselia
|-supereffective|p2a: Cresselia
|-damage|p2a: Cresselia|297\/444
|move|p2a: Cresselia|Psychic|p1a: S&S
|-resisted|p1a: S&S
|-damage|p1a: S&S|0 fnt
|faint|p1a: S&S
|
|-heal|p2a: Cresselia|324\/444|[from] item: Leftovers
|
|switch|p1a: Marine|Manaphy|224\/401 brn
|-damage|p1a: Marine|174\/401 brn|[from] Stealth Rock
|turn|43
|chat|100%predictable|you have no sd?
|chat|100%predictable|on garchomp
|chat|superpascal|yes, but you set uped rocks so...
|chat|100%predictable|how does that matter
|chat|100%predictable|?
|chat|superpascal|I though you were talking about aegi :P
|chat|100%predictable|ahhh
|
|move|p1a: Marine|Tail Glow|p1a: Marine
|-boost|p1a: Marine|spa|3
|move|p2a: Cresselia|Psychic|p1a: Marine
|-damage|p1a: Marine|90\/401 brn
|
|-heal|p1a: Marine|115\/401 brn|[from] item: Leftovers
|-heal|p2a: Cresselia|351\/444|[from] item: Leftovers
|-damage|p1a: Marine|65\/401 brn|[from] brn
|turn|44
|
|switch|p2a: A Whore|Chansey, F|556\/642
|-damage|p2a: A Whore|396\/642|[from] Spikes
|-damage|p2a: A Whore|316\/642|[from] Stealth Rock
|move|p1a: Marine|Surf|p2a: A Whore
|-damage|p2a: A Whore|145\/642
|
|-heal|p1a: Marine|90\/401 brn|[from] item: Leftovers
|-damage|p1a: Marine|40\/401 brn|[from] brn
|-sideend|p2: 100%predictable|Reflect
|turn|45
|chat|superpascal|why....did you do that?
|chat|superpascal|you could have won esily by staying in
|
|move|p1a: Marine|Surf|p2a: A Whore
|-crit|p2a: A Whore
|-damage|p2a: A Whore|0 fnt
|faint|p2a: A Whore
|
|-heal|p1a: Marine|65\/401 brn|[from] item: Leftovers
|-damage|p1a: Marine|15\/401 brn|[from] brn
|chat|superpascal|my chomp is scarf
|chat|100%predictable|i don't know that!
|
|switch|p2a: Cresselia|Cresselia, F|351\/444
|-damage|p2a: Cresselia|296\/444|[from] Stealth Rock
|turn|46
|chat|superpascal|now I feel bad for that crit earlier, because it mattered :\/
|chat|superpascal|I don't know if I deserves that win hoestly...
|chat|100%predictable|well i think if surf only did 26%
|chat|100%predictable|i'm pretty sure cress will live
|
|move|p1a: Marine|Surf|p2a: Cresselia
|-damage|p2a: Cresselia|10\/444
|move|p2a: Cresselia|Moonlight|p2a: Cresselia
|-heal|p2a: Cresselia|232\/444
|
|-heal|p1a: Marine|40\/401 brn|[from] item: Leftovers
|-heal|p2a: Cresselia|259\/444|[from] item: Leftovers
|-damage|p1a: Marine|0 fnt|[from] brn
|faint|p1a: Marine
|chat|100%predictable|uh ohh
|
|switch|p1a: Chompitychomp|Garchomp, M|419\/419
|-damage|p1a: Chompitychomp|393\/419|[from] Stealth Rock
|turn|47
|chat|100%predictable|holy shit
|chat|superpascal|well, gg :P
|chat|superpascal|unless a crit happens
|chat|100%predictable|how can chansey be so much more defensive
|chat|100%predictable|it's unreal
|chat|superpascal|chansey is monster
|chat|100%predictable|i've been using chansey for so long now
|chat|100%predictable|it still baffles me
|chat|superpascal|I really don't understand why everyone is not using chansey (including me)
|chat|100%predictable|yeah even stall teams often go without chansey
|chat|100%predictable|i just don't get
|chat|100%predictable|it
|
|move|p1a: Chompitychomp|Outrage|p2a: Cresselia
|-damage|p2a: Cresselia|108\/444
|move|p2a: Cresselia|Moonlight|p2a: Cresselia
|-heal|p2a: Cresselia|330\/444
|
|-heal|p2a: Cresselia|357\/444|[from] item: Leftovers
|turn|48
|
|move|p1a: Chompitychomp|Outrage|p2a: Cresselia
|-damage|p2a: Cresselia|194\/444
|move|p2a: Cresselia|Reflect|p2a: Cresselia
|-sidestart|p2: 100%predictable|Reflect
|
|-heal|p2a: Cresselia|221\/444|[from] item: Leftovers
|turn|49
|chat|100%predictable|damn i should have moonlighted again
|
|move|p1a: Chompitychomp|Outrage|p2a: Cresselia
|-damage|p2a: Cresselia|134\/444
|move|p2a: Cresselia|Moonlight|p2a: Cresselia
|-heal|p2a: Cresselia|356\/444
|
|-end|p1a: Chompitychomp|rampage
|-start|p1a: Chompitychomp|confusion
|-heal|p2a: Cresselia|383\/444|[from] item: Leftovers
|turn|50
|chat|superpascal|yup, a crit can kill you
|chat|superpascal|never mind
|
|-activate|p1a: Chompitychomp|confusion
|-damage|p1a: Chompitychomp|342\/419|[from] confusion
|move|p2a: Cresselia|Psychic|p1a: Chompitychomp
|-damage|p1a: Chompitychomp|240\/419
|
|-heal|p2a: Cresselia|410\/444|[from] item: Leftovers
|turn|51
|chat|100%predictable|well that will be it i suppose, really nice game
|chat|100%predictable|just wondering, trick togekiss is that some new fad?
|chat|100%predictable|this is the thirth time i got my gliscor trciked by togekiss today
|chat|superpascal|As far as I know, I am almost the only one using it.
|
|-activate|p1a: Chompitychomp|confusion
|-damage|p1a: Chompitychomp|185\/419|[from] confusion
|move|p2a: Cresselia|Psychic|p1a: Chompitychomp
|-damage|p1a: Chompitychomp|70\/419
|
|-heal|p2a: Cresselia|437\/444|[from] item: Leftovers
|turn|52
|chat|superpascal|Really?
|chat|100%predictable|crazy coincidence i suppose
|chat|100%predictable|unless everyone copies you lol
|chat|superpascal|Well, I once saw someone who had the same team as me!
|chat|100%predictable|haha
|chat|100%predictable|well i suppose you are one of the top regulars here
|chat|100%predictable|i just started my ladder frenzy today
|chat|superpascal|Yup, my tricks are getting old :P
|chat|100%predictable|well gg
|chat|superpascal|Well, let me say that your team is quite solid. GG
|chat|100%predictable|see ya around for another game
|chat|100%predictable|ty very much
|chat|100%predictable|i spend a lot of effort into it
|
|-end|p1a: Chompitychomp|confusion
|move|p1a: Chompitychomp|Outrage|p2a: Cresselia
|-damage|p2a: Cresselia|349\/444
|move|p2a: Cresselia|Psychic|p1a: Chompitychomp
|-damage|p1a: Chompitychomp|0 fnt
|faint|p1a: Chompitychomp
|
|win|100%predictable
|raw|Ladder updating...
|raw|superpascal's rating: 1914 &rarr; <strong>1891<\/strong><br \/>(-23 for losing)
|raw|100%predictable's rating: 1862 &rarr; <strong>1885<\/strong><br \/>(+23 for winning)
|leave|100%predictable
|player|p2