|join|Wruce Bayne
|join|superpascal
|player|p1|Wruce Bayne|161
|player|p2|superpascal|161
|gametype|singles
|gen|6
|tier|OU
|rated
|clearpoke
|poke|p1|Pinsir, M, shiny
|poke|p1|Magnezone
|poke|p1|Landorus-Therian, M
|poke|p1|Slowbro, M, shiny
|poke|p1|Heatran, M, shiny
|poke|p1|Latios, M
|poke|p2|Manaphy
|poke|p2|Garchomp, M
|poke|p2|Ferrothorn, M
|poke|p2|Rotom-Wash
|poke|p2|Gyarados, F
|poke|p2|Thundurus-Therian, M
|rule|Swagger Clause: Swagger is banned
|rule|Baton Pass Clause: Limit one PokÃ©mon knowing Baton Pass
|rule|Sleep Clause Mod: Limit one foe put to sleep
|rule|Species Clause: Limit one of each PokÃ©mon
|rule|OHKO Clause: OHKO moves are banned
|rule|Moody Clause: Moody is banned
|rule|Evasion Moves Clause: Evasion moves are banned
|rule|Endless Battle Clause: Forcing endless battles is banned
|rule|HP Percentage Mod: HP is shown in percentages
|teampreview
|c|âsuperpascal|have fun
|
|start
|switch|p1a: Landorus-Therian|Landorus-Therian, M|319\/319
|switch|p2a: Claire|Manaphy|400\/400
|-ability|p1a: Landorus-Therian|Intimidate|[of] p2a: Claire
|-unboost|p2a: Claire|atk|1
|turn|1
|
|move|p1a: Landorus-Therian|U-turn|p2a: Claire
|-damage|p2a: Claire|305\/400
|join|HI ROLL
|
|switch|p1a: Slowbro|Slowbro, M, shiny|394\/394
|move|p2a: Claire|Tail Glow|p2a: Claire
|-boost|p2a: Claire|spa|3
|
|-heal|p2a: Claire|330\/400|[from] item: Leftovers
|turn|2
|
|switch|p1a: Latios|Latios, M|301\/301
|move|p2a: Claire|Energy Ball|p1a: Latios
|-resisted|p1a: Latios
|-damage|p1a: Latios|194\/301
|-unboost|p1a: Latios|spd|1
|
|-heal|p2a: Claire|355\/400|[from] item: Leftovers
|turn|3
|c|âsuperpascal|good play
|join|yrs
|
|move|p1a: Latios|Draco Meteor|p2a: Claire
|-damage|p2a: Claire|27\/400
|-unboost|p1a: Latios|spa|2
|-damage|p1a: Latios|164\/301|[from] item: Life Orb
|move|p2a: Claire|Ice Beam|p1a: Latios
|-supereffective|p1a: Latios
|-damage|p1a: Latios|0 fnt
|faint|p1a: Latios
|
|-heal|p2a: Claire|52\/400|[from] item: Leftovers
|
|switch|p1a: Landorus-Therian|Landorus-Therian, M|319\/319
|-ability|p1a: Landorus-Therian|Intimidate|[of] p2a: Claire
|-unboost|p2a: Claire|atk|1
|turn|4
|
|switch|p2a: Chompitychomp|Garchomp, M|409\/409
|move|p1a: Landorus-Therian|U-turn|p2a: Chompitychomp
|-damage|p2a: Chompitychomp|310\/409
|-damage|p1a: Landorus-Therian|280\/319|[from] ability: Rough Skin|[of] p2a: Chompitychomp
|
|switch|p1a: Slowbro|Slowbro, M, shiny|394\/394
|
|turn|5
|
|switch|p2a: Toque|Ferrothorn, M|352\/352
|move|p1a: Slowbro|Scald|p2a: Toque
|-resisted|p2a: Toque
|-damage|p2a: Toque|320\/352
|
|-heal|p2a: Toque|342\/352|[from] item: Leftovers
|turn|6
|
|switch|p1a: Magnezone|Magnezone|281\/281
|move|p2a: Toque|Leech Seed|p1a: Magnezone
|-start|p1a: Magnezone|move: Leech Seed
|
|-heal|p2a: Toque|352\/352|[from] item: Leftovers
|-damage|p1a: Magnezone|246\/281|[from] Leech Seed|[of] p2a: Toque
|turn|7
|
|move|p1a: Magnezone|Hidden Power|p2a: Toque
|-supereffective|p2a: Toque
|-damage|p2a: Toque|172\/352
|move|p2a: Toque|Stealth Rock|p1a: Magnezone
|-sidestart|p1: Wruce Bayne|move: Stealth Rock
|
|-heal|p2a: Toque|194\/352|[from] item: Leftovers
|-damage|p1a: Magnezone|211\/281|[from] Leech Seed|[of] p2a: Toque
|-heal|p2a: Toque|229\/352|[silent]
|turn|8
|join|Gizmoâ
|join|HTAG
|leave|HTAG
|
|move|p1a: Magnezone|Hidden Power|p2a: Toque
|-crit|p2a: Toque
|-supereffective|p2a: Toque
|-damage|p2a: Toque|0 fnt
|faint|p2a: Toque
|
|
|switch|p2a: Garry Oak|Gyarados, F|341\/341
|-ability|p2a: Garry Oak|Intimidate|[of] p1a: Magnezone
|-unboost|p1a: Magnezone|atk|1
|turn|9
|join|SeventyFive
|
|switch|p1a: Landorus-Therian|Landorus-Therian, M|280\/319
|-damage|p1a: Landorus-Therian|241\/319|[from] Stealth Rock
|-ability|p1a: Landorus-Therian|Intimidate|[of] p2a: Garry Oak
|-unboost|p2a: Garry Oak|atk|1
|move|p2a: Garry Oak|Dragon Dance|p2a: Garry Oak
|-boost|p2a: Garry Oak|atk|1
|-boost|p2a: Garry Oak|spe|1
|
|turn|10
|
|detailschange|p2a: Garry Oak|Gyarados-Mega, F
|message|Gyarados has Mega Evolved into Mega Gyarados!
|-ability|p2a: Garry Oak|Mold Breaker
|move|p1a: Landorus-Therian|U-turn|p2a: Garry Oak
|-supereffective|p2a: Garry Oak
|-damage|p2a: Garry Oak|167\/341
|c| yrs|crunch if so
|
|switch|p1a: Slowbro|Slowbro, M, shiny|394\/394
|-damage|p1a: Slowbro|345\/394|[from] Stealth Rock
|move|p2a: Garry Oak|Dragon Dance|p2a: Garry Oak
|-boost|p2a: Garry Oak|atk|1
|-boost|p2a: Garry Oak|spe|1
|
|-heal|p1a: Slowbro|369\/394|[from] item: Leftovers
|turn|11
|c| yrs|he loses
|join|Robert Edward Lee
|c| SeventyFive|gg
|c| Gizmoâ|gyara without crunch is booty
|c| Gizmoâ|ofc he has it
|join|Aloha
|c| yrs|ye
|c| yrs|its gg
|c|âWruce Bayne|pls
|c|âWruce Bayne|not yet
|c|âsuperpascal|yeah I should have predicted the lando from the start
|c| yrs|he prolly doesnt have it
|c| SeventyFive|gengar shoulda gotten knock off
|c| SeventyFive|*gyara
|
|move|p2a: Garry Oak|Substitute|p2a: Garry Oak
|-start|p2a: Garry Oak|Substitute
|-damage|p2a: Garry Oak|82\/341
|move|p1a: Slowbro|Toxic|p2a: Garry Oak
|
|-heal|p1a: Slowbro|393\/394|[from] item: Leftovers
|turn|12
|c| yrs|i bet he doesnt
|c| yrs|see?
|leave|Aloha
|c| Gizmoâ|now
|c| SeventyFive|does he rlly not have cruncg
|c| Gizmoâ|it's game
|c|âWruce Bayne|grass knot
|c| Gizmoâ|sub dd crunch waterfall
|c| Gizmoâ|is standard
|c| HI ROLL|^
|c| SeventyFive|ik
|c| yrs|pls have it
|c| yrs|dude
|c| HI ROLL|he better be jolly dd for da scarf lando
|c| yrs|?
|c|âWruce Bayne|yes plus 2
|c|âWruce Bayne|hes
|c|âWruce Bayne|*
|c| HI ROLL|oh right
|c| yrs|its over
|c| HI ROLL|only saw 1.5x atk
|c| HI ROLL|lol
|c|âWruce Bayne|i feel like
|c|âWruce Bayne|he has eq
|c|âWruce Bayne|he would've gotten excited
|c| yrs|he prolly does
|c| HI ROLL|if he has eq
|c|âWruce Bayne|and rushed to sweep me
|c| HI ROLL|he should quite mons
|c| SeventyFive|hes also not jolly
|c|âWruce Bayne|he's taking awhile bc he's unsure
|c|âWruce Bayne|#psychology
|c| SeventyFive|inb4 bounce
|
|move|p2a: Garry Oak|Dragon Dance|p2a: Garry Oak
|-boost|p2a: Garry Oak|atk|1
|-boost|p2a: Garry Oak|spe|1
|move|p1a: Slowbro|Scald|p2a: Garry Oak
|-resisted|p2a: Garry Oak
|-activate|p2a: Garry Oak|Substitute|[damage]
|
|-heal|p1a: Slowbro|394\/394|[from] item: Leftovers
|turn|13
|c| Gizmoâ|yeah
|c| Gizmoâ|no crunch
|c| SeventyFive|garb
|
|move|p2a: Garry Oak|Crunch|p1a: Slowbro
|-supereffective|p1a: Slowbro
|-damage|p1a: Slowbro|0 fnt
|faint|p1a: Slowbro
|
|c| Gizmoâ|oh
|c| SeventyFive|or
|c| Gizmoâ|shit.
|c|âsuperpascal|sorry to dissapoint
|c|âWruce Bayne|bahahaha
|c| Gizmoâ|aye
|c| SeventyFive|hes just being a bitch lol
|c| Gizmoâ|not even bad
|c| HI ROLL|LOL
|
|switch|p1a: Magnezone|Magnezone|211\/281
|-damage|p1a: Magnezone|194\/281|[from] Stealth Rock
|turn|14
|c| yrs|LOL
|c|âWruce Bayne|gg this team sucks
|c|âsuperpascal|anyways gg
|c| yrs|gg
|
|move|p2a: Garry Oak|Waterfall|p1a: Magnezone
|-damage|p1a: Magnezone|0 fnt
|faint|p1a: Magnezone
|
|-message|Wruce Bayne forfeited.
|
|win|superpascal
|raw|Ladder updating...
|leave|Wruce Bayne
|player|p1
|leave|Gizmoâ
|raw|Ladder (probably) updated, but score could not be retrieved (timeout).
|raw|Ladder (probably) updated, but score could not be retrieved (Error: socket hang up).
|leave|HI ROLL
|leave|Robert Edward Lee
|leave|SeventyFive