|join|superpascal
|join|nyc_test
|player|p1|superpascal|162
|player|p2|nyc_test|92
|gametype|singles
|gen|6
|tier|OU
|rated
|clearpoke
|poke|p1|Manaphy
|poke|p1|Mawile, F
|poke|p1|Garchomp, M
|poke|p1|Togekiss, F
|poke|p1|Deoxys-Speed
|poke|p1|Aegislash, M
|poke|p2|Landorus-Therian, M
|poke|p2|Bisharp, M, shiny
|poke|p2|Aegislash, M, shiny
|poke|p2|Rotom-Wash
|poke|p2|Latios, M
|poke|p2|Charizard, M, shiny
|rule|Sleep Clause Mod: Limit one foe put to sleep
|rule|Species Clause: Limit one of each Pokemon
|rule|OHKO Clause: OHKO moves are banned
|rule|Moody Clause: Moody is banned
|rule|Evasion Moves Clause: Evasion moves are banned
|rule|Endless Battle Clause: Forcing endless battles is banned.
|rule|HP Percentage Mod: HP is reported as percentages
|teampreview
|
|start
|switch|p1a: Bisou|Togekiss, F|373\/373
|switch|p2a: Bisharp|Bisharp, M, shiny|271\/271
|turn|1
|chat|superpascal|have fun
|
|switch|p2a: Rotom-Wash|Rotom-Wash|241\/241
|switch|p1a: Marine|Manaphy|401\/401
|
|turn|2
|chat|nyc_test|you too
|chat|superpascal|did you predit that?
|
|move|p2a: Rotom-Wash|Will-O-Wisp|p1a: Marine
|-status|p1a: Marine|brn
|move|p1a: Marine|Energy Ball|p2a: Rotom-Wash
|-supereffective|p2a: Rotom-Wash
|-damage|p2a: Rotom-Wash|71\/241
|
|-damage|p1a: Marine|351\/401 brn|[from] brn
|turn|3
|
|switch|p2a: Aegislash|Aegislash, M, shiny|322\/322
|move|p1a: Marine|Tail Glow|p1a: Marine
|-boost|p1a: Marine|spa|3
|
|-heal|p1a: Marine|376\/401 brn|[from] item: Leftovers
|-damage|p1a: Marine|326\/401 brn|[from] brn
|turn|4
|
|move|p1a: Marine|Surf|p2a: Aegislash
|-damage|p2a: Aegislash|69\/322
|-formechange|p2a: Aegislash|Aegislash-Blade
|move|p2a: Aegislash|Shadow Ball|p1a: Marine
|-damage|p1a: Marine|154\/401 brn
|
|-heal|p1a: Marine|179\/401 brn|[from] item: Leftovers
|-heal|p2a: Aegislash|89\/322|[from] item: Leftovers
|-damage|p1a: Marine|129\/401 brn|[from] brn
|turn|5
|
|-formechange|p2a: Aegislash|Aegislash
|move|p2a: Aegislash|King's Shield|p2a: Aegislash
|-singleturn|p2a: Aegislash|Protect
|move|p1a: Marine|Surf|p2a: Aegislash
|-activate|p2a: Aegislash|Protect
|
|-heal|p1a: Marine|154\/401 brn|[from] item: Leftovers
|-heal|p2a: Aegislash|109\/322|[from] item: Leftovers
|-damage|p1a: Marine|104\/401 brn|[from] brn
|turn|6
|
|switch|p2a: Latios|Latios, M|299\/299
|move|p1a: Marine|Surf|p2a: Latios
|-resisted|p2a: Latios
|-damage|p2a: Latios|139\/299
|
|-heal|p1a: Marine|129\/401 brn|[from] item: Leftovers
|-damage|p1a: Marine|79\/401 brn|[from] brn
|turn|7
|
|switch|p1a: S&S|Aegislash, M|323\/323
|move|p2a: Latios|Psyshock|p1a: S&S
|-resisted|p1a: S&S
|-damage|p1a: S&S|261\/323
|-damage|p2a: Latios|110\/299|[from] item: Life Orb
|
|turn|8
|
|switch|p2a: Bisharp|Bisharp, M, shiny|271\/271
|-formechange|p1a: S&S|Aegislash-Blade
|move|p1a: S&S|Sacred Sword|p2a: Bisharp
|-supereffective|p2a: Bisharp
|-damage|p2a: Bisharp|0 fnt
|faint|p2a: Bisharp
|
|
|switch|p2a: Charizard|Charizard, M, shiny|359\/359
|turn|9
|
|switch|p1a: Chompitychomp|Garchomp, M|419\/419
|-formechange|p2a: Charizard|Charizard-Mega-X
|message|Charizard has Mega Evolved into Mega Charizard!
|move|p2a: Charizard|Flare Blitz|p1a: Chompitychomp
|-resisted|p1a: Chompitychomp
|-damage|p1a: Chompitychomp|261\/419
|-damage|p2a: Charizard|307\/359|[from] recoil|[of] p1a: Chompitychomp
|-damage|p2a: Charizard|263\/359|[from] ability: Rough Skin|[of] p1a: Chompitychomp
|
|turn|10
|
|switch|p2a: Landorus-Therian|Landorus-Therian, M|381\/381
|-ability|p2a: Landorus-Therian|Intimidate|[of] p1a: Chompitychomp
|-unboost|p1a: Chompitychomp|atk|1
|move|p1a: Chompitychomp|Outrage|p2a: Landorus-Therian
|-damage|p2a: Landorus-Therian|248\/381
|
|-heal|p2a: Landorus-Therian|271\/381|[from] item: Leftovers
|turn|11
|
|move|p1a: Chompitychomp|Outrage|p2a: Landorus-Therian
|-damage|p2a: Landorus-Therian|136\/381
|move|p2a: Landorus-Therian|Stealth Rock|p1a: Chompitychomp
|-sidestart|p1: superpascal|move: Stealth Rock
|
|-heal|p2a: Landorus-Therian|159\/381|[from] item: Leftovers
|turn|12
|
|move|p1a: Chompitychomp|Outrage|p2a: Landorus-Therian
|-damage|p2a: Landorus-Therian|23\/381
|move|p2a: Landorus-Therian|Earthquake|p1a: Chompitychomp
|-damage|p1a: Chompitychomp|95\/419
|
|-end|p1a: Chompitychomp|rampage
|-start|p1a: Chompitychomp|confusion
|-heal|p2a: Landorus-Therian|46\/381|[from] item: Leftovers
|turn|13
|
|switch|p1a: Bisou|Togekiss, F|373\/373
|-damage|p1a: Bisou|280\/373|[from] Stealth Rock
|switch|p2a: Aegislash|Aegislash, M, shiny|109\/322
|
|-heal|p2a: Aegislash|129\/322|[from] item: Leftovers
|turn|14
|
|move|p1a: Bisou|Fire Blast|p2a: Aegislash
|-supereffective|p2a: Aegislash
|-damage|p2a: Aegislash|0 fnt
|faint|p2a: Aegislash
|
|
|switch|p2a: Charizard|Charizard, M, shiny|263\/359
|-formechange|p2a: Charizard|Charizard-Mega-X
|turn|15
|
|switch|p1a: Dentifrice|Mawile, F|303\/303
|-damage|p1a: Dentifrice|285\/303|[from] Stealth Rock
|-ability|p1a: Dentifrice|Intimidate|[of] p2a: Charizard
|-unboost|p2a: Charizard|atk|1
|move|p2a: Charizard|Flare Blitz|p1a: Dentifrice
|-supereffective|p1a: Dentifrice
|-damage|p1a: Dentifrice|0 fnt
|-damage|p2a: Charizard|169\/359|[from] recoil|[of] p1a: Dentifrice
|faint|p1a: Dentifrice
|
|
|switch|p1a: Chompitychomp|Garchomp, M|95\/419
|-damage|p1a: Chompitychomp|69\/419|[from] Stealth Rock
|turn|16
|
|switch|p2a: Landorus-Therian|Landorus-Therian, M|46\/381
|-ability|p2a: Landorus-Therian|Intimidate|[of] p1a: Chompitychomp
|-unboost|p1a: Chompitychomp|atk|1
|move|p1a: Chompitychomp|Outrage|p2a: Landorus-Therian
|-damage|p2a: Landorus-Therian|0 fnt
|faint|p2a: Landorus-Therian
|
|
|switch|p2a: Rotom-Wash|Rotom-Wash|71\/241
|turn|17
|
|move|p2a: Rotom-Wash|Hydro Pump|p1a: Chompitychomp
|-damage|p1a: Chompitychomp|0 fnt
|faint|p1a: Chompitychomp
|
|
|switch|p1a: S&S|Aegislash, M|261\/323
|-damage|p1a: S&S|241\/323|[from] Stealth Rock
|turn|18
|
|move|p2a: Rotom-Wash|Hydro Pump|p1a: S&S
|-damage|p1a: S&S|106\/323
|move|p1a: S&S|Swords Dance|p1a: S&S
|-boost|p1a: S&S|atk|2
|
|turn|19
|
|-formechange|p1a: S&S|Aegislash-Blade
|move|p1a: S&S|Shadow Sneak|p2a: Rotom-Wash
|-damage|p2a: Rotom-Wash|0 fnt
|faint|p2a: Rotom-Wash
|
|
|switch|p2a: Charizard|Charizard, M, shiny|169\/359
|-formechange|p2a: Charizard|Charizard-Mega-X
|turn|20
|
|move|p1a: S&S|Shadow Sneak|p2a: Charizard
|-damage|p2a: Charizard|16\/359
|move|p2a: Charizard|Roost|p2a: Charizard
|-heal|p2a: Charizard|196\/359
|
|turn|21
|
|move|p1a: S&S|Shadow Sneak|p2a: Charizard
|-damage|p2a: Charizard|37\/359
|move|p2a: Charizard|Dragon Claw|p1a: S&S
|-resisted|p1a: S&S
|-damage|p1a: S&S|0 fnt
|faint|p1a: S&S
|
|
|switch|p1a: 3fast5me|Deoxys-Speed|304\/304
|-damage|p1a: 3fast5me|266\/304|[from] Stealth Rock
|-ability|p1a: 3fast5me|Pressure
|turn|22
|
|move|p1a: 3fast5me|Psycho Boost|p2a: Charizard|[miss]
|-miss|p1a: 3fast5me|p2a: Charizard
|move|p2a: Charizard|Dragon Claw|p1a: 3fast5me
|-damage|p1a: 3fast5me|104\/304
|
|turn|23
|
|move|p1a: 3fast5me|Psycho Boost|p2a: Charizard
|-crit|p2a: Charizard
|-damage|p2a: Charizard|0 fnt
|-unboost|p1a: 3fast5me|spa|2
|faint|p2a: Charizard
|
|
|switch|p2a: Latios|Latios, M|110\/299
|turn|24
|
|move|p1a: 3fast5me|Taunt|p2a: Latios
|-start|p2a: Latios|move: Taunt
|move|p2a: Latios|Earthquake|p1a: 3fast5me
|-damage|p1a: 3fast5me|34\/304
|-damage|p2a: Latios|81\/299|[from] item: Life Orb
|
|turn|25
|
|move|p1a: 3fast5me|Psycho Boost|p2a: Latios|[miss]
|-miss|p1a: 3fast5me|p2a: Latios
|move|p2a: Latios|Psyshock|p1a: 3fast5me
|-resisted|p1a: 3fast5me
|-damage|p1a: 3fast5me|0 fnt
|-damage|p2a: Latios|52\/299|[from] item: Life Orb
|faint|p1a: 3fast5me
|
|
|switch|p1a: Bisou|Togekiss, F|280\/373
|-damage|p1a: Bisou|187\/373|[from] Stealth Rock
|turn|26
|
|move|p2a: Latios|Psyshock|p1a: Bisou
|-crit|p1a: Bisou
|-damage|p1a: Bisou|0 fnt
|-damage|p2a: Latios|23\/299|[from] item: Life Orb
|faint|p1a: Bisou
|
|-end|p2a: Latios|move: Taunt
|
|switch|p1a: Marine|Manaphy|79\/401 brn
|-damage|p1a: Marine|29\/401 brn|[from] Stealth Rock
|turn|27
|chat|nyc_test|tie
|
|move|p2a: Latios|Psyshock|p1a: Marine
|-damage|p1a: Marine|0 fnt
|-damage|p2a: Latios|0 fnt|[from] item: Life Orb
|faint|p1a: Marine
|faint|p2a: Latios
|
|tie
|raw|Ladder updating...
|raw|superpascal's rating: 1944 &rarr; <strong>1941<\/strong><br \/>(-3 for tying)
|raw|nyc_test's rating: 1893 &rarr; <strong>1896<\/strong><br \/>(+3 for tying)
|chat|superpascal|yup
|chat|superpascal|gg
|chat|nyc_test|gg althoguht i fucked up alot
|chat|nyc_test|rusty lol