|join|superpascal
|join|olll
|player|p1|superpascal|162
|player|p2|olll|237
|gametype|singles
|gen|6
|tier|OU
|rated
|clearpoke
|poke|p1|Manaphy
|poke|p1|Mawile, F
|poke|p1|Garchomp, M
|poke|p1|Togekiss, F
|poke|p1|Heatran, F
|poke|p1|Aegislash, M
|poke|p2|Bisharp, M
|poke|p2|Conkeldurr, F
|poke|p2|Azumarill, M
|poke|p2|Thundurus, M
|poke|p2|Manectric, F
|poke|p2|Aegislash, M
|rule|Swagger Clause: Swagger is banned
|rule|Baton Pass Clause: Limit one PokÃ©mon knowing Baton Pass
|rule|Sleep Clause Mod: Limit one foe put to sleep
|rule|Species Clause: Limit one of each PokÃ©mon
|rule|OHKO Clause: OHKO moves are banned
|rule|Moody Clause: Moody is banned
|rule|Evasion Moves Clause: Evasion moves are banned
|rule|Endless Battle Clause: Forcing endless battles is banned
|rule|HP Percentage Mod: HP is reported as percentages
|teampreview
|
|start
|switch|p1a: Fire Emblem|Heatran, F|385\/385
|switch|p2a: Azumarill|Azumarill, M|342\/342
|-item|p1a: Fire Emblem|Air Balloon
|turn|1
|chat|superpascal|have fun :)
|
|switch|p1a: Marine|Manaphy|401\/401
|move|p2a: Azumarill|Belly Drum|p2a: Azumarill
|-damage|p2a: Azumarill|171\/342
|-setboost|p2a: Azumarill|atk|6|[from] move: Belly Drum
|-enditem|p2a: Azumarill|Sitrus Berry|[eat]
|-heal|p2a: Azumarill|256\/342|[from] item: Sitrus Berry
|
|turn|2
|chat|olll|you too
|
|move|p1a: Marine|Energy Ball|p2a: Azumarill
|-supereffective|p2a: Azumarill
|-damage|p2a: Azumarill|40\/342
|move|p2a: Azumarill|Play Rough|p1a: Marine
|-damage|p1a: Marine|0 fnt
|faint|p1a: Marine
|
|
|switch|p1a: S&S|Aegislash, M|322\/322
|turn|3
|
|move|p1a: S&S|King's Shield|p1a: S&S
|-singleturn|p1a: S&S|Protect
|move|p2a: Azumarill|Aqua Jet|p1a: S&S
|-activate|p1a: S&S|Protect
|-unboost|p2a: Azumarill|atk|2
|
|turn|4
|
|-formechange|p1a: S&S|Aegislash-Blade
|move|p1a: S&S|Shadow Sneak|p2a: Azumarill
|-damage|p2a: Azumarill|0 fnt
|faint|p2a: Azumarill
|
|
|switch|p2a: Bisharp|Bisharp, M|333\/333
|turn|5
|
|switch|p1a: Chompitychomp|Garchomp, M|419\/419
|move|p2a: Bisharp|Knock Off|p1a: Chompitychomp
|-damage|p1a: Chompitychomp|180\/419
|-damage|p2a: Bisharp|292\/333|[from] ability: Rough Skin|[of] p1a: Chompitychomp
|-enditem|p1a: Chompitychomp|Choice Scarf|[from] move: Knock Off|[of] p2a: Bisharp
|-damage|p2a: Bisharp|259\/333|[from] item: Life Orb
|
|turn|6
|
|switch|p2a: Conkeldurr|Conkeldurr, F|413\/413
|move|p1a: Chompitychomp|Fire Blast|p2a: Conkeldurr
|-damage|p2a: Conkeldurr|355\/413
|-status|p2a: Conkeldurr|brn
|
|-damage|p2a: Conkeldurr|304\/413 brn|[from] brn
|turn|7
|
|move|p1a: Chompitychomp|Outrage|p2a: Conkeldurr
|-damage|p2a: Conkeldurr|58\/413 brn
|move|p2a: Conkeldurr|Drain Punch|p1a: Chompitychomp
|-damage|p1a: Chompitychomp|0 fnt
|-heal|p2a: Conkeldurr|148\/413 brn|[from] drain|[of] p1a: Chompitychomp
|-damage|p2a: Conkeldurr|97\/413 brn|[from] ability: Rough Skin|[of] p1a: Chompitychomp
|faint|p1a: Chompitychomp
|
|-damage|p2a: Conkeldurr|46\/413 brn|[from] brn
|
|switch|p1a: Bisou|Togekiss, F|373\/373
|turn|8
|
|switch|p2a: Thundurus|Thundurus, M|300\/300
|move|p1a: Bisou|Dazzling Gleam|p2a: Thundurus
|-damage|p2a: Thundurus|32\/300
|
|-heal|p2a: Thundurus|50\/300|[from] item: Leftovers
|turn|9
|
|move|p2a: Thundurus|Thunderbolt|p1a: Bisou
|-supereffective|p1a: Bisou
|-damage|p1a: Bisou|97\/373
|-status|p1a: Bisou|par
|cant|p1a: Bisou|par
|
|-heal|p2a: Thundurus|68\/300|[from] item: Leftovers
|turn|10
|
|move|p2a: Thundurus|Thunderbolt|p1a: Bisou
|-supereffective|p1a: Bisou
|-damage|p1a: Bisou|0 fnt
|faint|p1a: Bisou
|
|-heal|p2a: Thundurus|86\/300|[from] item: Leftovers
|
|switch|p1a: S&S|Aegislash, M|322\/322
|turn|11
|
|move|p2a: Thundurus|Thunder Wave|p1a: S&S
|-status|p1a: S&S|par
|-formechange|p1a: S&S|Aegislash-Blade
|cant|p1a: S&S|par
|
|-heal|p2a: Thundurus|104\/300|[from] item: Leftovers
|turn|12
|chat|superpascal|I want to cry :P
|
|-formechange|p1a: S&S|Aegislash
|move|p1a: S&S|King's Shield|p1a: S&S
|-singleturn|p1a: S&S|Protect
|move|p2a: Thundurus|Thunderbolt|p1a: S&S
|-activate|p1a: S&S|Protect
|
|-heal|p2a: Thundurus|122\/300|[from] item: Leftovers
|turn|13
|
|move|p2a: Thundurus|Thunderbolt|p1a: S&S
|-damage|p1a: S&S|220\/322 par
|move|p1a: S&S|Swords Dance|p1a: S&S
|-boost|p1a: S&S|atk|2
|
|-heal|p2a: Thundurus|140\/300|[from] item: Leftovers
|turn|14
|chat|olll|i understand
|
|move|p2a: Thundurus|Substitute|p2a: Thundurus
|-start|p2a: Thundurus|Substitute
|-damage|p2a: Thundurus|65\/300
|-formechange|p1a: S&S|Aegislash-Blade
|move|p1a: S&S|Shadow Sneak|p2a: Thundurus
|-end|p2a: Thundurus|Substitute
|
|-heal|p2a: Thundurus|83\/300|[from] item: Leftovers
|turn|15
|
|move|p1a: S&S|Shadow Sneak|p2a: Thundurus
|-damage|p2a: Thundurus|0 fnt
|faint|p2a: Thundurus
|
|
|switch|p2a: Bisharp|Bisharp, M|259\/333
|turn|16
|
|move|p2a: Bisharp|Sucker Punch|p1a: S&S
|-supereffective|p1a: S&S
|-damage|p1a: S&S|0 fnt
|-damage|p2a: Bisharp|226\/333|[from] item: Life Orb
|faint|p1a: S&S
|
|
|switch|p1a: Fire Emblem|Heatran, F|385\/385
|-item|p1a: Fire Emblem|Air Balloon
|turn|17
|
|move|p1a: Fire Emblem|Earth Power|p2a: Bisharp
|-supereffective|p2a: Bisharp
|-damage|p2a: Bisharp|0 fnt
|faint|p2a: Bisharp
|
|
|switch|p2a: Conkeldurr|Conkeldurr, F|46\/413 brn
|turn|18
|
|switch|p1a: Dentifrice|Mawile, F|303\/303
|-ability|p1a: Dentifrice|Intimidate|[of] p2a: Conkeldurr
|-unboost|p2a: Conkeldurr|atk|1
|move|p2a: Conkeldurr|Mach Punch|p1a: Dentifrice
|-damage|p1a: Dentifrice|215\/303
|
|-damage|p2a: Conkeldurr|0 fnt|[from] brn
|faint|p2a: Conkeldurr
|
|switch|p2a: Manectric|Manectric, F|281\/281
|turn|19
|
|detailschange|p2a: Manectric|Manectric-Mega, F
|message|Manectric has Mega Evolved into Mega Manectric!
|-ability|p2a: Manectric|Intimidate|[of] p1a: Dentifrice
|-unboost|p1a: Dentifrice|atk|1
|detailschange|p1a: Dentifrice|Mawile-Mega, F
|message|Mawile has Mega Evolved into Mega Mawile!
|move|p1a: Dentifrice|Sucker Punch|p2a: Manectric
|-damage|p2a: Manectric|143\/281
|move|p2a: Manectric|Volt Switch|p1a: Dentifrice
|-damage|p1a: Dentifrice|79\/303
|
|switch|p2a: Aegislash|Aegislash, M|323\/323
|
|turn|20
|
|switch|p2a: Manectric|Manectric-Mega, F|143\/281
|-ability|p2a: Manectric|Intimidate|[of] p1a: Dentifrice
|-unboost|p1a: Dentifrice|atk|1
|move|p1a: Dentifrice|Play Rough|p2a: Manectric
|-crit|p2a: Manectric
|-damage|p2a: Manectric|0 fnt
|faint|p2a: Manectric
|
|
|switch|p2a: Aegislash|Aegislash, M|323\/323
|turn|21
|
|switch|p1a: Fire Emblem|Heatran, F|385\/385
|-item|p1a: Fire Emblem|Air Balloon
|-formechange|p2a: Aegislash|Aegislash-Blade
|move|p2a: Aegislash|Flash Cannon|p1a: Fire Emblem
|-resisted|p1a: Fire Emblem
|-damage|p1a: Fire Emblem|346\/385
|-enditem|p1a: Fire Emblem|Air Balloon
|
|turn|22
|
|-formechange|p2a: Aegislash|Aegislash
|move|p2a: Aegislash|King's Shield|p2a: Aegislash
|-singleturn|p2a: Aegislash|Protect
|move|p1a: Fire Emblem|Fire Blast|p2a: Aegislash
|-activate|p2a: Aegislash|Protect
|
|turn|23
|
|move|p1a: Fire Emblem|Fire Blast|p2a: Aegislash|[miss]
|-miss|p1a: Fire Emblem|p2a: Aegislash
|-formechange|p2a: Aegislash|Aegislash-Blade
|move|p2a: Aegislash|Shadow Ball|p1a: Fire Emblem
|-damage|p1a: Fire Emblem|181\/385
|
|turn|24
|
|-formechange|p2a: Aegislash|Aegislash
|move|p2a: Aegislash|King's Shield|p2a: Aegislash
|-singleturn|p2a: Aegislash|Protect
|move|p1a: Fire Emblem|Fire Blast|p2a: Aegislash
|-activate|p2a: Aegislash|Protect
|
|turn|25
|
|move|p1a: Fire Emblem|Fire Blast|p2a: Aegislash
|-supereffective|p2a: Aegislash
|-damage|p2a: Aegislash|0 fnt
|faint|p2a: Aegislash
|
|win|superpascal
|raw|Ladder updating...
|raw|superpascal's rating: 1879 &rarr; <strong>1887<\/strong><br \/>(+8 for winning)
|raw|olll's rating: 1649 &rarr; <strong>1641<\/strong><br \/>(-8 for losing)
|chat|olll|gg
|chat|superpascal|gg