|join|superpascal
|join|chwag
|player|p1|superpascal|162
|player|p2|chwag|284
|gametype|singles
|gen|6
|tier|OU
|rated
|clearpoke
|poke|p1|Manaphy
|poke|p1|Mawile, F
|poke|p1|Garchomp, M
|poke|p1|Togekiss, F
|poke|p1|Deoxys-Speed
|poke|p1|Aegislash, M
|poke|p2|Mawile, M
|poke|p2|Latios, M
|poke|p2|Manaphy
|poke|p2|Ferrothorn, F
|poke|p2|Landorus, M
|poke|p2|Mamoswine, M
|rule|Sleep Clause Mod: Limit one foe put to sleep
|rule|Species Clause: Limit one of each Pokemon
|rule|OHKO Clause: OHKO moves are banned
|rule|Moody Clause: Moody is banned
|rule|Evasion Moves Clause: Evasion moves are banned
|rule|Endless Battle Clause: Forcing endless battles is banned.
|rule|HP Percentage Mod: HP is reported as percentages
|teampreview
|join|mouse de frank
|join|Arylide
|join|y4
|
|start
|switch|p1a: 3fast5me|Deoxys-Speed|304\/304
|switch|p2a: Ferrothorn|Ferrothorn, F|352\/352
|-ability|p1a: 3fast5me|Pressure
|turn|1
|chat|superpascal|have fun
|
|move|p1a: 3fast5me|Stealth Rock|p2a: Ferrothorn
|-sidestart|p2: chwag|move: Stealth Rock
|move|p2a: Ferrothorn|Gyro Ball|p1a: 3fast5me
|-damage|p1a: 3fast5me|165\/304
|
|turn|2
|chat|chwag|dont tell me what to do
|chat|y4|IT'S YOU
|
|move|p1a: 3fast5me|Taunt|p2a: Ferrothorn
|-start|p2a: Ferrothorn|move: Taunt
|cant|p2a: Ferrothorn|move: Taunt|Stealth Rock
|
|turn|3
|chat|Arylide|lel
|chat|y4|THAT RUNS
|chat|y4|0 SPEED IMPISH
|chat|y4|???
|chat|y4|DEO
|chat|y4|PLZ RESPOND
|chat|Arylide|kek
|join|Reud
|chat|y4|please.............
|chat|Arylide|inb4 -att nature ferro
|chat|superpascal|that's not really my set :P
|
|switch|p1a: S&S|Aegislash, M|322\/322
|move|p2a: Ferrothorn|Gyro Ball|p1a: S&S
|-resisted|p1a: S&S
|-damage|p1a: S&S|286\/322
|
|turn|4
|chat|y4|p,g
|chat|y4|omg
|
|-formechange|p1a: S&S|Aegislash-Blade
|move|p1a: S&S|Sacred Sword|p2a: Ferrothorn
|-supereffective|p2a: Ferrothorn
|-damage|p2a: Ferrothorn|194\/352
|-damage|p1a: S&S|246\/322|[from] ability: Iron Barbs|[of] p2a: Ferrothorn
|-damage|p1a: S&S|193\/322|[from] item: Rocky Helmet|[of] p2a: Ferrothorn
|move|p2a: Ferrothorn|Gyro Ball|p1a: S&S
|-resisted|p1a: S&S
|-damage|p1a: S&S|101\/322
|
|-end|p2a: Ferrothorn|move: Taunt
|turn|5
|
|move|p1a: S&S|Swords Dance|p1a: S&S
|-boost|p1a: S&S|atk|2
|move|p2a: Ferrothorn|Stealth Rock|p1a: S&S
|-sidestart|p1: superpascal|move: Stealth Rock
|
|turn|6
|join|PEDO PRIDE
|
|move|p1a: S&S|Sacred Sword|p2a: Ferrothorn
|-supereffective|p2a: Ferrothorn
|-damage|p2a: Ferrothorn|0 fnt
|-damage|p1a: S&S|61\/322|[from] ability: Iron Barbs|[of] p2a: Ferrothorn
|-damage|p1a: S&S|8\/322|[from] item: Rocky Helmet|[of] p2a: Ferrothorn
|faint|p2a: Ferrothorn
|
|
|switch|p2a: Mamoswine|Mamoswine, M|391\/391
|-damage|p2a: Mamoswine|343\/391|[from] Stealth Rock
|turn|7
|chat|PEDO PRIDE|is that the based pivotphy?
|
|move|p2a: Mamoswine|Ice Shard|p1a: S&S
|-resisted|p1a: S&S
|-damage|p1a: S&S|0 fnt
|-damage|p2a: Mamoswine|304\/391|[from] item: Life Orb
|faint|p1a: S&S
|
|chat|chwag|na
|chat|chwag|oh mine
|chat|chwag|na
|chat|PEDO PRIDE|:<
|chat|y4|:<
|chat|y4|uturn?
|chat|y4|manaphy?
|
|switch|p1a: Marine|Manaphy|401\/401
|-damage|p1a: Marine|351\/401|[from] Stealth Rock
|turn|8
|chat|y4|making a comeback?
|
|switch|p2a: Mawile|Mawile, M|257\/257
|-damage|p2a: Mawile|241\/257|[from] Stealth Rock
|-ability|p2a: Mawile|Intimidate|[of] p1a: Marine
|-unboost|p1a: Marine|atk|1
|move|p1a: Marine|Surf|p2a: Mawile
|-crit|p2a: Mawile
|-damage|p2a: Mawile|0 fnt
|faint|p2a: Mawile
|
|-heal|p1a: Marine|376\/401|[from] item: Leftovers
|chat|y4|BTFO
|
|switch|p2a: Latios|Latios, M|302\/302
|-damage|p2a: Latios|265\/302|[from] Stealth Rock
|turn|9
|join|z0mOG
|
|switch|p1a: 3fast5me|Deoxys-Speed|165\/304
|-damage|p1a: 3fast5me|127\/304|[from] Stealth Rock
|-ability|p1a: 3fast5me|Pressure
|move|p2a: Latios|Draco Meteor|p1a: 3fast5me
|-damage|p1a: 3fast5me|0 fnt
|-unboost|p2a: Latios|spa|2
|-damage|p2a: Latios|235\/302|[from] item: Life Orb
|faint|p1a: 3fast5me
|
|
|switch|p1a: Dentifrice|Mawile, F|303\/303
|-damage|p1a: Dentifrice|285\/303|[from] Stealth Rock
|-ability|p1a: Dentifrice|Intimidate|[of] p2a: Latios
|-unboost|p2a: Latios|atk|1
|turn|10
|chat|y4|MAWIFU CLEANUP
|
|switch|p2a: Manaphy|Manaphy|404\/404
|-damage|p2a: Manaphy|354\/404|[from] Stealth Rock
|detailschange|p1a: Dentifrice|Mawile-Mega, F
|message|Mawile has Mega Evolved into Mega Mawile!
|move|p1a: Dentifrice|Swords Dance|p1a: Dentifrice
|-boost|p1a: Dentifrice|atk|2
|
|-heal|p2a: Manaphy|379\/404|[from] item: Leftovers
|turn|11
|chat|Arylide|inb4 fire blast
|chat|y4|RIP
|
|move|p2a: Manaphy|Scald|p1a: Dentifrice
|-damage|p1a: Dentifrice|177\/303
|-status|p1a: Dentifrice|brn
|move|p1a: Dentifrice|Play Rough|p2a: Manaphy
|-damage|p2a: Manaphy|99\/404
|
|-heal|p2a: Manaphy|124\/404|[from] item: Leftovers
|-damage|p1a: Dentifrice|140\/303 brn|[from] brn
|turn|12
|chat|chwag|ha
|chat|y4|lelele
|chat|y4|scald again
|chat|y4|ez
|
|move|p2a: Manaphy|Rain Dance|p2a: Manaphy
|-weather|RainDance
|move|p1a: Dentifrice|Iron Head|p2a: Manaphy
|-resisted|p2a: Manaphy
|-damage|p2a: Manaphy|7\/404
|
|-weather|RainDance|[upkeep]
|-heal|p2a: Manaphy|32\/404|[from] item: Leftovers
|-damage|p1a: Dentifrice|103\/303 brn|[from] brn
|turn|13
|chat|Arylide|HAHAHA
|chat|y4|los chokes
|chat|Arylide|EZ PZ
|
|move|p2a: Manaphy|Rest|p2a: Manaphy
|-status|p2a: Manaphy|slp
|-heal|p2a: Manaphy|404\/404 slp|[silent]
|-status|p2a: Manaphy|slp|[from] move: Rest
|move|p1a: Dentifrice|Play Rough|p2a: Manaphy
|-damage|p2a: Manaphy|109\/404 slp
|
|-weather|RainDance|[upkeep]
|-curestatus|p2a: Manaphy|slp
|-heal|p2a: Manaphy|134\/404|[from] item: Leftovers
|-damage|p1a: Dentifrice|66\/303 brn|[from] brn
|turn|14
|chat|Arylide|i didnt know you were playing korl
|
|move|p2a: Manaphy|Rest|p2a: Manaphy
|-status|p2a: Manaphy|slp
|-heal|p2a: Manaphy|404\/404 slp|[silent]
|-status|p2a: Manaphy|slp|[from] move: Rest
|move|p1a: Dentifrice|Play Rough|p2a: Manaphy
|-damage|p2a: Manaphy|124\/404 slp
|
|-weather|RainDance|[upkeep]
|-curestatus|p2a: Manaphy|slp
|-heal|p2a: Manaphy|149\/404|[from] item: Leftovers
|-damage|p1a: Dentifrice|29\/303 brn|[from] brn
|turn|15
|chat|y4|rest all day
|
|move|p2a: Manaphy|Rest|p2a: Manaphy
|-status|p2a: Manaphy|slp
|-heal|p2a: Manaphy|404\/404 slp|[silent]
|-status|p2a: Manaphy|slp|[from] move: Rest
|move|p1a: Dentifrice|Play Rough|p2a: Manaphy
|-damage|p2a: Manaphy|127\/404 slp
|
|-weather|RainDance|[upkeep]
|-curestatus|p2a: Manaphy|slp
|-heal|p2a: Manaphy|152\/404|[from] item: Leftovers
|-damage|p1a: Dentifrice|0 fnt|[from] brn
|faint|p1a: Dentifrice
|join|gtgalt
|chat|y4|play miss when ~_~
|
|switch|p1a: Chompitychomp|Garchomp, M|419\/419
|-damage|p1a: Chompitychomp|393\/419|[from] Stealth Rock
|turn|16
|
|move|p1a: Chompitychomp|Outrage|p2a: Manaphy
|-damage|p2a: Manaphy|0 fnt
|faint|p2a: Manaphy
|
|-weather|none
|chat|y4|chomp ;3
|
|switch|p2a: Mamoswine|Mamoswine, M|304\/391
|-damage|p2a: Mamoswine|256\/391|[from] Stealth Rock
|turn|17
|
|move|p2a: Mamoswine|Ice Shard|p1a: Chompitychomp
|-supereffective|p1a: Chompitychomp
|-damage|p1a: Chompitychomp|0 fnt
|-damage|p2a: Mamoswine|217\/391|[from] item: Life Orb
|faint|p1a: Chompitychomp
|
|chat|y4|YACHE?
|
|switch|p1a: Marine|Manaphy|376\/401
|-damage|p1a: Marine|326\/401|[from] Stealth Rock
|turn|18
|
|move|p1a: Marine|Surf|p2a: Mamoswine
|-supereffective|p2a: Mamoswine
|-damage|p2a: Mamoswine|0 fnt
|faint|p2a: Mamoswine
|
|-heal|p1a: Marine|351\/401|[from] item: Leftovers
|
|switch|p2a: Latios|Latios, M|235\/302
|-damage|p2a: Latios|198\/302|[from] Stealth Rock
|turn|19
|chat|y4|QUESTIONABLE
|
|move|p2a: Latios|Draco Meteor|p1a: Marine
|-damage|p1a: Marine|62\/401
|-unboost|p2a: Latios|spa|2
|-damage|p2a: Latios|168\/302|[from] item: Life Orb
|move|p1a: Marine|Ice Beam|p2a: Latios
|-supereffective|p2a: Latios
|-damage|p2a: Latios|0 fnt
|faint|p2a: Latios
|
|-heal|p1a: Marine|87\/401|[from] item: Leftovers
|chat|y4|k maybe not
|
|switch|p2a: Landorus|Landorus, M|320\/320
|-damage|p2a: Landorus|280\/320|[from] Stealth Rock
|turn|20
|chat|Arylide|>NOT KILL
|chat|Arylide|O MAN
|chat|y4|I HOPE
|chat|y4|YOU STILL HAVE
|chat|y4|SLDUGE WAVE
|
|move|p2a: Landorus|Sludge Wave|p1a: Marine
|-damage|p1a: Marine|0 fnt
|faint|p1a: Marine
|
|chat|y4|:DD
|
|switch|p1a: Bisou|Togekiss, F|373\/373
|-damage|p1a: Bisou|280\/373|[from] Stealth Rock
|turn|21
|chat|y4|LIKE A BADDIE
|chat|superpascal|well gg :\/
|chat|chwag|watch it be scarfdd
|chat|Arylide|INB$ SCARF FLINCH
|chat|PEDO PRIDE|scarfkiss
|chat|chwag|and i lose
|
|move|p2a: Landorus|Sludge Wave|p1a: Bisou
|-supereffective|p1a: Bisou
|-damage|p1a: Bisou|0 fnt
|faint|p1a: Bisou
|
|win|chwag
|raw|Ladder updating...
|chat|PEDO PRIDE|imo
|raw|superpascal's rating: 1850 &rarr; <strong>1823<\/strong><br \/>(-27 for losing)
|raw|chwag's rating: 1731 &rarr; <strong>1758<\/strong><br \/>(+27 for winning)
|chat|chwag|gg