|join|superpascal
|join|Kaz-zvz
|player|p1|superpascal|162
|player|p2|Kaz-zvz|161
|gametype|singles
|gen|6
|tier|OU
|rated
|clearpoke
|poke|p1|Manaphy
|poke|p1|Mawile, F
|poke|p1|Garchomp, M
|poke|p1|Togekiss, F
|poke|p1|Deoxys-Speed
|poke|p1|Aegislash, M
|poke|p2|Chansey, F
|poke|p2|Skarmory, M
|poke|p2|Gliscor, M
|poke|p2|Amoonguss, M
|poke|p2|Bisharp, M
|poke|p2|Scizor, M
|rule|Sleep Clause Mod: Limit one foe put to sleep
|rule|Species Clause: Limit one of each Pokemon
|rule|OHKO Clause: OHKO moves are banned
|rule|Moody Clause: Moody is banned
|rule|Evasion Moves Clause: Evasion moves are banned
|rule|Endless Battle Clause: Forcing endless battles is banned.
|rule|HP Percentage Mod: HP is reported as percentages
|teampreview
|
|start
|switch|p1a: Dentifrice|Mawile, F|303\/303
|switch|p2a: Scorvol|Gliscor, M|354\/354
|-ability|p1a: Dentifrice|Intimidate|[of] p2a: Scorvol
|-unboost|p2a: Scorvol|atk|1
|turn|1
|join|L4S Carbone
|join|y4
|chat|L4S Carbone|hi
|chat|superpascal|have fun
|chat|superpascal|ah, minute, t'es franÃ§ais XD
|chat|L4S Carbone|indeed
|chat|Kaz-zvz|Ah c'est mon ami du quebec !
|chat|L4S Carbone|but ENGLISH
|chat|L4S Carbone|rofl
|
|-formechange|p1a: Dentifrice|Mawile-Mega
|message|Mawile has Mega Evolved into Mega Mawile!
|move|p2a: Scorvol|Substitute|p2a: Scorvol
|-start|p2a: Scorvol|Substitute
|-damage|p2a: Scorvol|266\/354
|move|p1a: Dentifrice|Play Rough|p2a: Scorvol
|-end|p2a: Scorvol|Substitute
|
|-status|p2a: Scorvol|tox|[from] item: Toxic Orb
|turn|2
|chat|L4S Carbone|toi aussi t'as un pote du quÃ©bec? :v
|chat|Kaz-zvz|Ben on s'est dÃ©jÃ  croisÃ© en Ladd
|join|kill bp
|
|switch|p1a: Bisou|Togekiss, F|373\/373
|move|p2a: Scorvol|Substitute|p2a: Scorvol
|-start|p2a: Scorvol|Substitute
|-damage|p2a: Scorvol|178\/354 tox
|
|-heal|p2a: Scorvol|222\/354 tox|[from] ability: Poison Heal
|turn|3
|
|move|p2a: Scorvol|Toxic|p1a: Bisou
|-status|p1a: Bisou|tox
|move|p1a: Bisou|Dazzling Gleam|p2a: Scorvol
|-end|p2a: Scorvol|Substitute
|
|-heal|p2a: Scorvol|266\/354 tox|[from] ability: Poison Heal
|-damage|p1a: Bisou|350\/373 tox|[from] psn
|turn|4
|
|switch|p1a: 3fast5me|Deoxys-Speed|304\/304
|-ability|p1a: 3fast5me|Pressure
|move|p2a: Scorvol|Substitute|p2a: Scorvol
|-start|p2a: Scorvol|Substitute
|-damage|p2a: Scorvol|178\/354 tox
|
|-heal|p2a: Scorvol|222\/354 tox|[from] ability: Poison Heal
|turn|5
|
|move|p1a: 3fast5me|Taunt|p2a: Scorvol
|-start|p2a: Scorvol|move: Taunt
|move|p2a: Scorvol|Earthquake|p1a: 3fast5me
|-damage|p1a: 3fast5me|249\/304
|
|-heal|p2a: Scorvol|266\/354 tox|[from] ability: Poison Heal
|turn|6
|
|move|p1a: 3fast5me|Stealth Rock|p2a: Scorvol
|-sidestart|p2: Kaz-zvz|move: Stealth Rock
|move|p2a: Scorvol|Earthquake|p1a: 3fast5me
|-damage|p1a: 3fast5me|192\/304
|
|-heal|p2a: Scorvol|310\/354 tox|[from] ability: Poison Heal
|turn|7
|
|move|p1a: 3fast5me|Spikes|p2a: Scorvol
|-sidestart|p2: Kaz-zvz|Spikes
|move|p2a: Scorvol|Earthquake|p1a: 3fast5me
|-damage|p1a: 3fast5me|141\/304
|
|-heal|p2a: Scorvol|354\/354 tox|[from] ability: Poison Heal
|-end|p2a: Scorvol|move: Taunt
|turn|8
|chat|L4S Carbone|le fou
|
|move|p1a: 3fast5me|Taunt|p2a: Scorvol
|-start|p2a: Scorvol|move: Taunt
|move|p2a: Scorvol|Earthquake|p1a: 3fast5me
|-damage|p1a: 3fast5me|90\/304
|
|turn|9
|
|move|p1a: 3fast5me|Psycho Boost|p2a: Scorvol
|-end|p2a: Scorvol|Substitute
|-unboost|p1a: 3fast5me|spa|2
|move|p2a: Scorvol|Earthquake|p1a: 3fast5me
|-damage|p1a: 3fast5me|33\/304
|
|turn|10
|chat|L4S Carbone|ce no crit EQ
|
|switch|p1a: Marine|Manaphy|401\/401
|move|p2a: Scorvol|Earthquake|p1a: Marine
|-damage|p1a: Marine|337\/401
|
|-heal|p1a: Marine|362\/401|[from] item: Leftovers
|-end|p2a: Scorvol|move: Taunt
|turn|11
|chat|Kaz-zvz|pas grave
|chat|L4S Carbone|5 EQ; 0 crit
|
|move|p1a: Marine|Tail Glow|p1a: Marine
|-boost|p1a: Marine|spa|3
|move|p2a: Scorvol|Substitute|p2a: Scorvol
|-start|p2a: Scorvol|Substitute
|-damage|p2a: Scorvol|266\/354 tox
|
|-heal|p1a: Marine|387\/401|[from] item: Leftovers
|-heal|p2a: Scorvol|310\/354 tox|[from] ability: Poison Heal
|turn|12
|chat|L4S Carbone|rofl marine :(
|
|move|p1a: Marine|Ice Beam|p2a: Scorvol
|-supereffective|p2a: Scorvol
|-end|p2a: Scorvol|Substitute
|move|p2a: Scorvol|Toxic|p1a: Marine
|-status|p1a: Marine|tox
|
|-heal|p1a: Marine|401\/401 tox|[from] item: Leftovers
|-damage|p1a: Marine|376\/401 tox|[from] psn
|-heal|p2a: Scorvol|354\/354 tox|[from] ability: Poison Heal
|turn|13
|chat|superpascal|gg :P
|chat|L4S Carbone|Oh Marine, si tu savais..
|chat|superpascal|je me suis dÃ©jopuÃ© Ã  chaque tout jusqu'Ã  maintenant
|chat|Kaz-zvz|Putain, j'viens de voir que j'ai pris un putain de risques
|chat|L4S Carbone|oui
|chat|L4S Carbone|idiot
|chat|L4S Carbone|mais osef
|chat|superpascal|oui, c'est Ã§a qui m'a surpris
|
|switch|p1a: Dentifrice|Mawile, F|303\/303
|-formechange|p1a: Dentifrice|Mawile-Mega
|switch|p2a: Leveinard|Chansey, F|642\/642
|-damage|p2a: Leveinard|562\/642|[from] Stealth Rock
|-damage|p2a: Leveinard|482\/642|[from] Spikes
|
|turn|14
|
|switch|p2a: Airmure|Skarmory, M|334\/334
|-damage|p2a: Airmure|293\/334|[from] Stealth Rock
|move|p1a: Dentifrice|Swords Dance|p1a: Dentifrice
|-boost|p1a: Dentifrice|atk|2
|
|turn|15
|
|move|p2a: Airmure|Defog|p1a: Dentifrice
|-unboost|p1a: Dentifrice|evasion|1
|-sideend|p2: Kaz-zvz|Spikes|[from] move: Defog|[of] p2a: Airmure
|-sideend|p2: Kaz-zvz|Stealth Rock|[from] move: Defog|[of] p2a: Airmure
|move|p1a: Dentifrice|Swords Dance|p1a: Dentifrice
|-boost|p1a: Dentifrice|atk|2
|
|turn|16
|
|move|p2a: Airmure|Roost|p2a: Airmure
|-heal|p2a: Airmure|334\/334
|move|p1a: Dentifrice|Iron Head|p2a: Airmure
|-resisted|p2a: Airmure
|-damage|p2a: Airmure|87\/334
|-damage|p1a: Dentifrice|253\/303|[from] item: Rocky Helmet|[of] p2a: Airmure
|
|turn|17
|chat|L4S Carbone|(perso j'aime pas Ã§a)
|chat|y4|whirl
|
|move|p2a: Airmure|Roost|p2a: Airmure
|-heal|p2a: Airmure|254\/334
|move|p1a: Dentifrice|Play Rough|p2a: Airmure
|-resisted|p2a: Airmure
|-damage|p2a: Airmure|0 fnt
|-damage|p1a: Dentifrice|203\/303|[from] item: Rocky Helmet|[of] p2a: Airmure
|faint|p2a: Airmure
|
|chat|Kaz-zvz|T'aimes pas quoi ?
|
|switch|p2a: Scorvol|Gliscor, M|354\/354 tox
|turn|18
|chat|superpascal|personne aime un mawile avec 2 sd
|chat|L4S Carbone|bof
|
|move|p2a: Scorvol|Substitute|p2a: Scorvol
|-start|p2a: Scorvol|Substitute
|-damage|p2a: Scorvol|266\/354 tox
|move|p1a: Dentifrice|Iron Head|p2a: Scorvol
|-end|p2a: Scorvol|Substitute
|
|-heal|p2a: Scorvol|310\/354 tox|[from] ability: Poison Heal
|turn|19
|chat|L4S Carbone|il a ihead en plus
|chat|L4S Carbone|t'as pas whwind?
|chat|Kaz-zvz|Si 
|chat|L4S Carbone|sur skarm? :(
|chat|Kaz-zvz|Mais c'Ã©tait trop tard
|chat|L4S Carbone|bah si le mec avait ffang
|chat|L4S Carbone|tu pouvais spam le sub avec gliscor
|chat|L4S Carbone|mais tu ne pouvais pas whwind
|chat|superpascal|maintenant, si je prÃ©dis quand il fait EQ, ce sera le coup dÃ©cisif. :P
|
|move|p2a: Scorvol|Protect|p2a: Scorvol
|-singleturn|p2a: Scorvol|Protect
|move|p1a: Dentifrice|Iron Head|p2a: Scorvol
|-activate|p2a: Scorvol|Protect
|
|-heal|p2a: Scorvol|354\/354 tox|[from] ability: Poison Heal
|turn|20
|chat|L4S Carbone|bref osef en fait
|
|move|p2a: Scorvol|Substitute|p2a: Scorvol
|-start|p2a: Scorvol|Substitute
|-damage|p2a: Scorvol|266\/354 tox
|move|p1a: Dentifrice|Iron Head|p2a: Scorvol
|-end|p2a: Scorvol|Substitute
|
|-heal|p2a: Scorvol|310\/354 tox|[from] ability: Poison Heal
|turn|21
|
|move|p2a: Scorvol|Protect|p2a: Scorvol
|-singleturn|p2a: Scorvol|Protect
|move|p1a: Dentifrice|Iron Head|p2a: Scorvol
|-activate|p2a: Scorvol|Protect
|
|-heal|p2a: Scorvol|354\/354 tox|[from] ability: Poison Heal
|turn|22
|chat|L4S Carbone|24 PP
|chat|Kaz-zvz|Nan mon erreur a Ã©tÃ© de rosst deuw fois
|chat|L4S Carbone|sub\/protect 32
|chat|Kaz-zvz|Si brave bird le EQ passait
|chat|kill bp|24 + 16 >32
|chat|kill bp|hurry the fuck up and eq
|chat|Kaz-zvz|You can leave if you not enjoy this btw 
|chat|superpascal|hmmm, Ã§a devient difficile...
|
|move|p2a: Scorvol|Substitute|p2a: Scorvol
|-start|p2a: Scorvol|Substitute
|-damage|p2a: Scorvol|266\/354 tox
|move|p1a: Dentifrice|Iron Head|p2a: Scorvol
|-end|p2a: Scorvol|Substitute
|
|-heal|p2a: Scorvol|310\/354 tox|[from] ability: Poison Heal
|turn|23
|
|move|p2a: Scorvol|Substitute|p2a: Scorvol
|-start|p2a: Scorvol|Substitute
|-damage|p2a: Scorvol|222\/354 tox
|move|p1a: Dentifrice|Play Rough|p2a: Scorvol
|-end|p2a: Scorvol|Substitute
|
|-heal|p2a: Scorvol|266\/354 tox|[from] ability: Poison Heal
|turn|24
|chat|L4S Carbone|EQ + BP :(
|
|move|p2a: Scorvol|Protect|p2a: Scorvol
|-singleturn|p2a: Scorvol|Protect
|move|p1a: Dentifrice|Iron Head|p2a: Scorvol
|-activate|p2a: Scorvol|Protect
|
|-heal|p2a: Scorvol|310\/354 tox|[from] ability: Poison Heal
|turn|25
|chat|L4S Carbone|or EQ crit
|chat|L4S Carbone|or sucker suxx
|chat|superpascal|ah, j'aime pas Ã§a ces mind game lÃ 
|chat|L4S Carbone|or sub over sucker
|chat|L4S Carbone|bah toi t'as l'avantage
|chat|Kaz-zvz|Mawile sweep pas
|chat|Kaz-zvz|Mais y'a un autre souci
|chat|superpascal|mais est-ce que tu peux me tuer Ã  ce range lÃ  XD
|
|move|p2a: Scorvol|Earthquake|p1a: Dentifrice
|-crit|p1a: Dentifrice
|-supereffective|p1a: Dentifrice
|-damage|p1a: Dentifrice|0 fnt
|faint|p1a: Dentifrice
|
|-heal|p2a: Scorvol|354\/354 tox|[from] ability: Poison Heal
|chat|y4|LOL
|chat|L4S Carbone|:v
|
|switch|p1a: 3fast5me|Deoxys-Speed|33\/304
|-ability|p1a: 3fast5me|Pressure
|turn|26
|chat|Kaz-zvz|Make calc
|chat|superpascal|on le saura jamais
|chat|Kaz-zvz|Including this thin have speed and not HP 
|chat|L4S Carbone|il est full hp ton mawile?
|
|move|p1a: 3fast5me|Stealth Rock|p2a: Scorvol
|-sidestart|p2: Kaz-zvz|move: Stealth Rock
|move|p2a: Scorvol|Earthquake|p1a: 3fast5me
|-damage|p1a: 3fast5me|0 fnt
|faint|p1a: 3fast5me
|
|chat|superpascal|oui
|chat|superpascal|le tiens a 0 Ev en attack?
|chat|L4S Carbone|je pense
|chat|Kaz-zvz|Il a 4 Evs namÃ©oh
|
|switch|p1a: Marine|Manaphy|376\/401 tox
|turn|27
|chat|L4S Carbone|quoique
|
|switch|p1a: S&S|Aegislash, M|323\/323
|move|p2a: Scorvol|Protect|p2a: Scorvol
|-fail|p2a: Scorvol
|
|turn|28
|chat|L4S Carbone|0 Atk Gliscor Earthquake vs. 252 HP \/ 0 Def Mega Mawile: 170-204 (55.9 - 67.1%) -- guaranteed 2HKO
|chat|Kaz-zvz|autant dire que Ã§a matter
|chat|superpascal|bon ben gg hein :P
|
|switch|p2a: Gaulet|Amoonguss, M|432\/432
|-damage|p2a: Gaulet|378\/432|[from] Stealth Rock
|move|p1a: S&S|Swords Dance|p1a: S&S
|-boost|p1a: S&S|atk|2
|
|-heal|p2a: Gaulet|405\/432|[from] item: Black Sludge
|turn|29
|
|move|p1a: S&S|Swords Dance|p1a: S&S
|-boost|p1a: S&S|atk|2
|move|p2a: Gaulet|Foul Play|p1a: S&S
|-supereffective|p1a: S&S
|-damage|p1a: S&S|39\/323
|-enditem|p1a: S&S|Weakness Policy
|-boost|p1a: S&S|atk|2|[from] item: Weakness Policy
|-boost|p1a: S&S|spa|2|[from] item: Weakness Policy
|
|-heal|p2a: Gaulet|432\/432|[from] item: Black Sludge
|turn|30
|
|-formechange|p1a: S&S|Aegislash-Blade
|move|p1a: S&S|Shadow Sneak|p2a: Gaulet
|-damage|p2a: Gaulet|0 fnt
|faint|p2a: Gaulet
|
|
|switch|p2a: Scorvol|Gliscor, M|354\/354 tox
|-damage|p2a: Scorvol|310\/354 tox|[from] Stealth Rock
|turn|31
|
|move|p2a: Scorvol|Protect|p2a: Scorvol
|-singleturn|p2a: Scorvol|Protect
|move|p1a: S&S|Shadow Sneak|p2a: Scorvol
|-activate|p2a: Scorvol|Protect
|
|-heal|p2a: Scorvol|354\/354 tox|[from] ability: Poison Heal
|turn|32
|chat|L4S Carbone|mec
|chat|superpascal|un bon crit, Ã§a ferait du bien
|chat|L4S Carbone|pourquoi t'as switch de un
|chat|Kaz-zvz|pour avoir un free spore
|chat|Kaz-zvz|Sur la shadow ball
|chat|L4S Carbone|et de deux t'avais bisharp
|
|move|p1a: S&S|Shadow Sneak|p2a: Scorvol
|-damage|p2a: Scorvol|141\/354 tox
|move|p2a: Scorvol|Earthquake|p1a: S&S
|-supereffective|p1a: S&S
|-damage|p1a: S&S|0 fnt
|faint|p1a: S&S
|
|-heal|p2a: Scorvol|185\/354 tox|[from] ability: Poison Heal
|chat|L4S Carbone|ah
|chat|Kaz-zvz|Et parce que j'ai plus beaucoup d'EQ
|
|switch|p1a: Marine|Manaphy|376\/401 tox
|turn|33
|chat|L4S Carbone|mais osef :v
|chat|L4S Carbone|t'en a lost 10 sur deo
|chat|L4S Carbone|as*
|
|move|p2a: Scorvol|Protect|p2a: Scorvol
|-singleturn|p2a: Scorvol|Protect
|move|p1a: Marine|Tail Glow|p1a: Marine
|-boost|p1a: Marine|spa|3
|
|-heal|p1a: Marine|401\/401 tox|[from] item: Leftovers
|-damage|p1a: Marine|376\/401 tox|[from] psn
|-heal|p2a: Scorvol|229\/354 tox|[from] ability: Poison Heal
|turn|34
|chat|Kaz-zvz|et parce que je tiens ce truc Ã  x4 + Crit et que je doute du head smash 
|
|move|p1a: Marine|Surf|p2a: Scorvol
|-supereffective|p2a: Scorvol
|-damage|p2a: Scorvol|0 fnt
|faint|p2a: Scorvol
|
|-heal|p1a: Marine|401\/401 tox|[from] item: Leftovers
|-damage|p1a: Marine|351\/401 tox|[from] psn
|
|switch|p2a: Leveinard|Chansey, F|482\/642
|-damage|p2a: Leveinard|402\/642|[from] Stealth Rock
|turn|35
|chat|superpascal|crit on chansey?
|chat|y4|wont kill
|chat|superpascal|pour Ãªtre honnÃªte, je pense que Ã§a jo mÃªme pas
|chat|Kaz-zvz|Et vu le nombre de SD
|
|switch|p1a: Chompitychomp|Garchomp, M|419\/419
|move|p2a: Leveinard|Soft-Boiled|p2a: Leveinard
|-heal|p2a: Leveinard|642\/642
|
|turn|36
|chat|Kaz-zvz|Et vu la weak Ã  Pinsir 
|chat|L4S Carbone|Ã§a lui fait 50% Ã  +6 il me semble
|chat|Kaz-zvz|Le Chomp est scarf
|chat|superpascal|donc gg comme on dit
|
|move|p1a: Chompitychomp|Earthquake|p2a: Leveinard
|-damage|p2a: Leveinard|384\/642
|move|p2a: Leveinard|Toxic|p1a: Chompitychomp|[miss]
|-miss|p2a: Leveinard|p1a: Chompitychomp
|
|turn|37
|chat|L4S Carbone|:v
|
|move|p1a: Chompitychomp|Earthquake|p2a: Leveinard
|-damage|p2a: Leveinard|126\/642
|move|p2a: Leveinard|Soft-Boiled|p2a: Leveinard
|-heal|p2a: Leveinard|447\/642
|
|turn|38
|
|move|p1a: Chompitychomp|Earthquake|p2a: Leveinard
|-damage|p2a: Leveinard|210\/642
|move|p2a: Leveinard|Soft-Boiled|p2a: Leveinard
|-heal|p2a: Leveinard|531\/642
|
|turn|39
|
|switch|p1a: Bisou|Togekiss, F|350\/373 tox
|move|p2a: Leveinard|Soft-Boiled|p2a: Leveinard
|-heal|p2a: Leveinard|642\/642
|
|-damage|p1a: Bisou|327\/373 tox|[from] psn
|turn|40
|
|switch|p2a: Cizayox|Scizor, M|311\/311
|-damage|p2a: Cizayox|273\/311|[from] Stealth Rock
|move|p1a: Bisou|Fire Blast|p2a: Cizayox
|-supereffective|p2a: Cizayox
|-damage|p2a: Cizayox|0 fnt
|faint|p2a: Cizayox
|
|-damage|p1a: Bisou|281\/373 tox|[from] psn
|chat|L4S Carbone|:v
|
|switch|p2a: Leveinard|Chansey, F|642\/642
|-damage|p2a: Leveinard|562\/642|[from] Stealth Rock
|turn|41
|chat|Kaz-zvz|Je savais qu'il avait trick 
|chat|Kaz-zvz|Et il savait que je l'avais dÃ©jÃ  battu lÃ  dessus
|
|switch|p1a: Marine|Manaphy|351\/401 tox
|move|p2a: Leveinard|Toxic|p1a: Marine
|-fail|p1a: Marine|tox
|
|-heal|p1a: Marine|376\/401 tox|[from] item: Leftovers
|-damage|p1a: Marine|351\/401 tox|[from] psn
|turn|42
|join|Seasoned
|
|switch|p1a: Bisou|Togekiss, F|281\/373 tox
|move|p2a: Leveinard|Seismic Toss|p1a: Bisou
|-damage|p1a: Bisou|181\/373 tox
|
|-damage|p1a: Bisou|158\/373 tox|[from] psn
|turn|43
|chat|L4S Carbone|tendu
|chat|superpascal|juste un peu :P
|chat|Kaz-zvz|J'ai perdu malheuresement
|chat|L4S Carbone|nope
|
|switch|p2a: Scalproie|Bisharp, M|272\/272
|-damage|p2a: Scalproie|255\/272|[from] Stealth Rock
|move|p1a: Bisou|Trick|p2a: Scalproie
|-activate|p1a: Bisou|move: Trick|[of] p2a: Scalproie
|-item|p2a: Scalproie|Choice Specs|[from] move: Trick
|-item|p1a: Bisou|Dread Plate|[from] move: Trick
|
|-damage|p1a: Bisou|112\/373 tox|[from] psn
|turn|44
|chat|L4S Carbone|par forcÃ©ment
|chat|superpascal|j'ai mal jouÃ©
|
|switch|p1a: Marine|Manaphy|351\/401 tox
|move|p2a: Scalproie|Knock Off|p1a: Marine
|-damage|p1a: Marine|153\/401 tox
|-enditem|p1a: Marine|Leftovers|[from] move: Knock Off|[of] p2a: Scalproie
|
|-damage|p1a: Marine|128\/401 tox|[from] psn
|turn|45
|
|switch|p2a: Leveinard|Chansey, F|562\/642
|-damage|p2a: Leveinard|482\/642|[from] Stealth Rock
|move|p1a: Marine|Surf|p2a: Leveinard
|-damage|p2a: Leveinard|404\/642
|
|-damage|p1a: Marine|78\/401 tox|[from] psn
|turn|46
|chat|L4S Carbone|il tue bisharp sur fb?
|chat|superpascal|je viesn de rÃ©alsier que j'Ã©tais plus choice avec togekiss XD
|chat|superpascal|ayoye
|chat|Kaz-zvz|J'ai pas envie de tester :(
|chat|superpascal|j'aurai pu gagnÃ© les doigt dans le nez
|
|switch|p1a: Chompitychomp|Garchomp, M|419\/419
|move|p2a: Leveinard|Soft-Boiled|p2a: Leveinard
|-heal|p2a: Leveinard|642\/642
|
|turn|47
|
|move|p1a: Chompitychomp|Earthquake|p2a: Leveinard
|-damage|p2a: Leveinard|371\/642
|move|p2a: Leveinard|Toxic|p1a: Chompitychomp
|-status|p1a: Chompitychomp|tox
|
|-damage|p1a: Chompitychomp|393\/419 tox|[from] psn
|turn|48
|
|switch|p1a: Bisou|Togekiss, F|112\/373 tox
|move|p2a: Leveinard|Soft-Boiled|p2a: Leveinard
|-heal|p2a: Leveinard|642\/642
|
|-damage|p1a: Bisou|89\/373 tox|[from] psn
|turn|49
|chat|superpascal|lÃ , c'est le coup qui dÃ©cide tout
|chat|L4S Carbone|nope
|chat|L4S Carbone|quoique
|chat|y4|fire blast
|chat|L4S Carbone|mÃªme s'il ne switch pas
|chat|L4S Carbone|il te termine
|chat|L4S Carbone|avec sucker
|chat|L4S Carbone|enfin idk
|chat|Seasoned|Needed aura sphere :p
|chat|L4S Carbone|sucker + poison-spam e-coque
|chat|L4S Carbone|= gg
|chat|superpascal|aura sphere avec specs sur chansey, Ã§a fait rien
|
|move|p1a: Bisou|Trick|p2a: Leveinard
|-activate|p1a: Bisou|move: Trick|[of] p2a: Leveinard
|-item|p2a: Leveinard|Dread Plate|[from] move: Trick
|-item|p1a: Bisou|Eviolite|[from] move: Trick
|move|p2a: Leveinard|Stealth Rock|p1a: Bisou
|-sidestart|p1: superpascal|move: Stealth Rock
|
|-damage|p1a: Bisou|43\/373 tox|[from] psn
|turn|50
|
|move|p1a: Bisou|Air Slash|p2a: Leveinard
|-damage|p2a: Leveinard|533\/642
|cant|p2a: Leveinard|flinch
|
|-damage|p1a: Bisou|0 fnt|[from] psn
|faint|p1a: Bisou
|
|switch|p1a: Chompitychomp|Garchomp, M|393\/419 tox
|-damage|p1a: Chompitychomp|367\/419 tox|[from] Stealth Rock
|turn|51
|
|move|p1a: Chompitychomp|Earthquake|p2a: Leveinard
|-damage|p2a: Leveinard|139\/642
|move|p2a: Leveinard|Soft-Boiled|p2a: Leveinard
|-heal|p2a: Leveinard|460\/642
|
|-damage|p1a: Chompitychomp|341\/419 tox|[from] psn
|turn|52
|
|move|p1a: Chompitychomp|Earthquake|p2a: Leveinard
|-damage|p2a: Leveinard|49\/642
|move|p2a: Leveinard|Seismic Toss|p1a: Chompitychomp
|-damage|p1a: Chompitychomp|241\/419 tox
|-damage|p2a: Leveinard|0 fnt|[from] ability: Rough Skin|[of] p1a: Chompitychomp
|faint|p2a: Leveinard
|
|-damage|p1a: Chompitychomp|189\/419 tox|[from] psn
|chat|L4S Carbone|mmmmh
|chat|superpascal|bon coup
|
|switch|p2a: Scalproie|Bisharp, M|255\/272
|-damage|p2a: Scalproie|238\/272|[from] Stealth Rock
|turn|53
|chat|superpascal|mais sans dread plate
|chat|L4S Carbone|il le tue? :(
|chat|superpascal|c'est serrÃ©
|chat|L4S Carbone|rofl
|
|move|p2a: Scalproie|Sucker Punch|p1a: Chompitychomp
|-damage|p1a: Chompitychomp|24\/419 tox
|-damage|p2a: Scalproie|204\/272|[from] ability: Rough Skin|[of] p1a: Chompitychomp
|move|p1a: Chompitychomp|Earthquake|p2a: Scalproie
|-supereffective|p2a: Scalproie
|-damage|p2a: Scalproie|0 fnt
|faint|p2a: Scalproie
|
|win|superpascal
|raw|Ladder updating...
|raw|superpascal's rating: 1791 &rarr; <strong>1811<\/strong><br \/>(+20 for winning)
|raw|Kaz-zvz's rating: 1787 &rarr; <strong>1768<\/strong><br \/>(-19 for losing)
|chat|L4S Carbone|c'jozesjvzeov
|chat|y4|MUH MAX HP
|chat|y4|CHOMP
|chat|y4|OML
|chat|superpascal|ouep :P
|chat|L4S Carbone|c'est le flinch rofl
|chat|superpascal|sÃ©rieux bon match
|chat|y4|BTFO
|leave|y4
|chat|Kaz-zvz|gg
|leave|Kaz-zvz
|player|p2