|join|superpascal
|join|Subway Boss
|player|p1|superpascal|162
|player|p2|Subway Boss|261
|gametype|singles
|gen|6
|tier|OU
|rated
|clearpoke
|poke|p1|Manaphy
|poke|p1|Mawile, F
|poke|p1|Garchomp, M
|poke|p1|Togekiss, F
|poke|p1|Deoxys-Speed
|poke|p1|Aegislash, M
|poke|p2|Smeargle, M
|poke|p2|Bisharp, M
|poke|p2|Heracross, M
|poke|p2|Mamoswine, M
|poke|p2|Rotom-Wash
|poke|p2|Gengar, M
|rule|Sleep Clause Mod: Limit one foe put to sleep
|rule|Species Clause: Limit one of each Pokemon
|rule|OHKO Clause: OHKO moves are banned
|rule|Moody Clause: Moody is banned
|rule|Evasion Moves Clause: Evasion moves are banned
|rule|Endless Battle Clause: Forcing endless battles is banned.
|rule|HP Percentage Mod: HP is reported as percentages
|teampreview
|chat|Subway Boss|gl
|
|start
|switch|p1a: 3fast5me|Deoxys-Speed|304\/304
|switch|p2a: Smeargle|Smeargle, M|252\/252
|-ability|p1a: 3fast5me|Pressure
|turn|1
|
|move|p1a: 3fast5me|Psycho Boost|p2a: Smeargle
|-enditem|p2a: Smeargle|Focus Sash
|-damage|p2a: Smeargle|1\/252
|-unboost|p1a: 3fast5me|spa|2
|move|p2a: Smeargle|Nuzzle|p1a: 3fast5me
|-damage|p1a: 3fast5me|301\/304
|-status|p1a: 3fast5me|par
|-enditem|p1a: 3fast5me|Lum Berry|[eat]
|-curestatus|p1a: 3fast5me|par
|
|turn|2
|chat|superpascal|have fun. Btw, that's the first time I have seen that move.
|
|move|p1a: 3fast5me|Stealth Rock|p2a: Smeargle
|-sidestart|p2: Subway Boss|move: Stealth Rock
|move|p2a: Smeargle|Spore|p1a: 3fast5me
|-status|p1a: 3fast5me|slp
|
|turn|3
|chat|Subway Boss|yes i use it for charizard because it gives my teams problems :P
|
|cant|p1a: 3fast5me|slp
|move|p2a: Smeargle|Sticky Web|p1a: 3fast5me
|-sidestart|p1: superpascal|move: Sticky Web
|
|turn|4
|
|cant|p1a: 3fast5me|slp
|move|p2a: Smeargle|Stealth Rock|p1a: 3fast5me
|-sidestart|p1: superpascal|move: Stealth Rock
|
|turn|5
|
|-curestatus|p1a: 3fast5me|slp
|move|p1a: 3fast5me|Spikes|p2a: Smeargle
|-sidestart|p2: Subway Boss|Spikes
|move|p2a: Smeargle|Nuzzle|p1a: 3fast5me
|-damage|p1a: 3fast5me|298\/304
|-status|p1a: 3fast5me|par
|
|turn|6
|
|switch|p2a: Heracross|Heracross, M|308\/308
|-damage|p2a: Heracross|270\/308|[from] Spikes
|-damage|p2a: Heracross|232\/308|[from] Stealth Rock
|cant|p1a: 3fast5me|par
|
|turn|7
|
|detailschange|p2a: Heracross|Heracross-Mega, M
|message|Heracross has Mega Evolved into Mega Heracross!
|move|p2a: Heracross|Pin Missile|p1a: 3fast5me
|-supereffective|p1a: 3fast5me
|-damage|p1a: 3fast5me|188\/304 par
|-supereffective|p1a: 3fast5me
|-damage|p1a: 3fast5me|90\/304 par
|-supereffective|p1a: 3fast5me
|-damage|p1a: 3fast5me|0 fnt
|-hitcount|p1a: 3fast5me|3
|faint|p1a: 3fast5me
|
|
|switch|p1a: Dentifrice|Mawile, F|303\/303
|-activate|p1a: Dentifrice|move: Sticky Web
|-unboost|p1a: Dentifrice|spe|1
|-damage|p1a: Dentifrice|285\/303|[from] Stealth Rock
|-ability|p1a: Dentifrice|Intimidate|[of] p2a: Heracross
|-unboost|p2a: Heracross|atk|1
|turn|8
|
|detailschange|p1a: Dentifrice|Mawile-Mega, F
|message|Mawile has Mega Evolved into Mega Mawile!
|move|p2a: Heracross|Close Combat|p1a: Dentifrice
|-damage|p1a: Dentifrice|129\/303
|-unboost|p2a: Heracross|def|1
|-unboost|p2a: Heracross|spd|1
|move|p1a: Dentifrice|Play Rough|p2a: Heracross
|-crit|p2a: Heracross
|-supereffective|p2a: Heracross
|-damage|p2a: Heracross|0 fnt
|faint|p2a: Heracross
|
|
|switch|p2a: Rotom-Wash|Rotom-Wash|304\/304
|-damage|p2a: Rotom-Wash|266\/304|[from] Stealth Rock
|turn|9
|
|move|p2a: Rotom-Wash|Will-O-Wisp|p1a: Dentifrice
|-status|p1a: Dentifrice|brn
|move|p1a: Dentifrice|Play Rough|p2a: Rotom-Wash
|-damage|p2a: Rotom-Wash|157\/304
|
|-damage|p1a: Dentifrice|92\/303 brn|[from] brn
|turn|10
|
|move|p1a: Dentifrice|Sucker Punch|p2a: Rotom-Wash
|-fail|p2a: Rotom-Wash
|move|p2a: Rotom-Wash|Rest|p2a: Rotom-Wash
|-status|p2a: Rotom-Wash|slp
|-heal|p2a: Rotom-Wash|304\/304 slp|[silent]
|-status|p2a: Rotom-Wash|slp|[from] move: Rest
|-enditem|p2a: Rotom-Wash|Chesto Berry|[eat]
|-curestatus|p2a: Rotom-Wash|slp
|
|-damage|p1a: Dentifrice|55\/303 brn|[from] brn
|turn|11
|join|Aka DH
|
|move|p2a: Rotom-Wash|Volt Switch|p1a: Dentifrice
|-damage|p1a: Dentifrice|0 fnt
|faint|p1a: Dentifrice
|
|switch|p2a: Gengar|Gengar, M|262\/262
|-damage|p2a: Gengar|230\/262|[from] Stealth Rock
|
|
|switch|p1a: S&S|Aegislash, M|322\/322
|-damage|p1a: S&S|302\/322|[from] Stealth Rock
|-activate|p1a: S&S|move: Sticky Web
|-unboost|p1a: S&S|spe|1
|turn|12
|
|switch|p2a: Smeargle|Smeargle, M|1\/252
|-damage|p2a: Smeargle|0 fnt|[from] Spikes
|faint|p2a: Smeargle
|-formechange|p1a: S&S|Aegislash-Blade
|move|p1a: S&S|Sacred Sword|p2: Smeargle|[notarget]
|-notarget
|
|
|switch|p2a: Bisharp|Bisharp, M|279\/279
|-damage|p2a: Bisharp|245\/279|[from] Spikes
|-damage|p2a: Bisharp|228\/279|[from] Stealth Rock
|turn|13
|
|-formechange|p1a: S&S|Aegislash
|move|p1a: S&S|King's Shield|p1a: S&S
|-singleturn|p1a: S&S|Protect
|move|p2a: Bisharp|Knock Off|p1a: S&S
|-activate|p1a: S&S|Protect
|-unboost|p2a: Bisharp|atk|2
|-boost|p2a: Bisharp|atk|2|[from] ability: Defiant
|
|turn|14
|
|switch|p1a: Bisou|Togekiss, F|373\/373
|-damage|p1a: Bisou|280\/373|[from] Stealth Rock
|move|p2a: Bisharp|Knock Off|p1a: Bisou
|-crit|p1a: Bisou
|-resisted|p1a: Bisou
|-damage|p1a: Bisou|101\/373
|-enditem|p1a: Bisou|Choice Specs|[from] move: Knock Off|[of] p2a: Bisharp
|-damage|p2a: Bisharp|201\/279|[from] item: Life Orb
|
|turn|15
|
|switch|p2a: Rotom-Wash|Rotom-Wash|304\/304
|-damage|p2a: Rotom-Wash|266\/304|[from] Stealth Rock
|move|p1a: Bisou|Dazzling Gleam|p2a: Rotom-Wash
|-damage|p2a: Rotom-Wash|130\/304
|
|turn|16
|
|move|p2a: Rotom-Wash|Volt Switch|p1a: Bisou
|-supereffective|p1a: Bisou
|-damage|p1a: Bisou|0 fnt
|faint|p1a: Bisou
|
|switch|p2a: Gengar|Gengar, M|230\/262
|-damage|p2a: Gengar|198\/262|[from] Stealth Rock
|
|
|switch|p1a: S&S|Aegislash, M|302\/322
|-activate|p1a: S&S|move: Sticky Web
|-unboost|p1a: S&S|spe|1
|-damage|p1a: S&S|282\/322|[from] Stealth Rock
|turn|17
|
|switch|p2a: Rotom-Wash|Rotom-Wash|130\/304
|-damage|p2a: Rotom-Wash|92\/304|[from] Stealth Rock
|-formechange|p1a: S&S|Aegislash-Blade
|move|p1a: S&S|Shadow Sneak|p2a: Rotom-Wash
|-damage|p2a: Rotom-Wash|28\/304
|
|turn|18
|
|move|p1a: S&S|Shadow Sneak|p2a: Rotom-Wash
|-damage|p2a: Rotom-Wash|0 fnt
|faint|p2a: Rotom-Wash
|
|
|switch|p2a: Mamoswine|Mamoswine, M|361\/361
|-damage|p2a: Mamoswine|316\/361|[from] Stealth Rock
|-damage|p2a: Mamoswine|271\/361|[from] Spikes
|turn|19
|
|-formechange|p1a: S&S|Aegislash
|move|p1a: S&S|King's Shield|p1a: S&S
|-singleturn|p1a: S&S|Protect
|move|p2a: Mamoswine|Earthquake|p1a: S&S
|-activate|p1a: S&S|Protect
|
|turn|20
|
|-formechange|p1a: S&S|Aegislash-Blade
|move|p1a: S&S|Shadow Sneak|p2a: Mamoswine
|-crit|p2a: Mamoswine
|-damage|p2a: Mamoswine|118\/361
|move|p2a: Mamoswine|Earthquake|p1a: S&S
|-supereffective|p1a: S&S
|-damage|p1a: S&S|0 fnt
|-damage|p2a: Mamoswine|82\/361|[from] item: Life Orb
|faint|p1a: S&S
|
|
|switch|p1a: Marine|Manaphy|401\/401
|-damage|p1a: Marine|351\/401|[from] Stealth Rock
|-activate|p1a: Marine|move: Sticky Web
|-unboost|p1a: Marine|spe|1
|turn|21
|
|move|p2a: Mamoswine|Earthquake|p1a: Marine
|-damage|p1a: Marine|113\/401
|-damage|p2a: Mamoswine|46\/361|[from] item: Life Orb
|move|p1a: Marine|Surf|p2a: Mamoswine
|-supereffective|p2a: Mamoswine
|-damage|p2a: Mamoswine|0 fnt
|faint|p2a: Mamoswine
|
|-heal|p1a: Marine|138\/401|[from] item: Leftovers
|
|switch|p2a: Gengar|Gengar, M|198\/262
|-damage|p2a: Gengar|166\/262|[from] Stealth Rock
|turn|22
|
|move|p2a: Gengar|Sludge Wave|p1a: Marine
|-damage|p1a: Marine|0 fnt
|-damage|p2a: Gengar|140\/262|[from] item: Life Orb
|faint|p1a: Marine
|
|
|switch|p1a: Chompitychomp|Garchomp, M|419\/419
|-damage|p1a: Chompitychomp|393\/419|[from] Stealth Rock
|-activate|p1a: Chompitychomp|move: Sticky Web
|-unboost|p1a: Chompitychomp|spe|1
|turn|23
|
|move|p2a: Gengar|Destiny Bond|p2a: Gengar
|-singlemove|p2a: Gengar|Destiny Bond
|move|p1a: Chompitychomp|Outrage|p2a: Gengar
|-damage|p2a: Gengar|0 fnt
|faint|p2a: Gengar
|-activate|p2a: Gengar|Destiny Bond
|faint|p1a: Chompitychomp
|
|win|Subway Boss
|raw|Ladder updating...
|raw|superpascal's rating: 1969 &rarr; <strong>1950<\/strong><br \/>(-19 for losing)
|raw|Subway Boss's rating: 1986 &rarr; <strong>2005<\/strong><br \/>(+19 for winning)
|chat|superpascal|gg
|chat|Subway Boss|gg
|leave|Subway Boss
|player|p2
|leave|Aka DH