|join|Shadow Stone
|join|superpascal
|player|p1|Shadow Stone|151
|player|p2|superpascal|162
|gametype|singles
|gen|6
|tier|OU
|rated
|clearpoke
|poke|p1|Gengar, M
|poke|p1|Meloetta
|poke|p1|Conkeldurr, M
|poke|p1|Gyarados, M
|poke|p1|Ferrothorn, M
|poke|p1|Landorus, M
|poke|p2|Manaphy
|poke|p2|Mawile, F
|poke|p2|Garchomp, M
|poke|p2|Togekiss, F
|poke|p2|Deoxys-Speed
|poke|p2|Aegislash, M
|rule|Sleep Clause Mod: Limit one foe put to sleep
|rule|Species Clause: Limit one of each Pokemon
|rule|OHKO Clause: OHKO moves are banned
|rule|Moody Clause: Moody is banned
|rule|Evasion Moves Clause: Evasion moves are banned
|rule|Endless Battle Clause: Forcing endless battles is banned.
|rule|HP Percentage Mod: HP is reported as percentages
|teampreview
|
|start
|switch|p1a: KagÃ©|Gengar, M|262\/262
|switch|p2a: Bisou|Togekiss, F|373\/373
|turn|1
|chat|superpascal|have fun
|
|switch|p2a: Chompitychomp|Garchomp, M|419\/419
|move|p1a: KagÃ©|Substitute|p1a: KagÃ©
|-start|p1a: KagÃ©|Substitute
|-damage|p1a: KagÃ©|197\/262
|
|-heal|p1a: KagÃ©|213\/262|[from] item: Black Sludge
|turn|2
|
|move|p2a: Chompitychomp|Stone Edge|p1a: KagÃ©
|-end|p1a: KagÃ©|Substitute
|move|p1a: KagÃ©|Shadow Ball|p2a: Chompitychomp
|-crit|p2a: Chompitychomp
|-damage|p2a: Chompitychomp|179\/419
|
|-heal|p1a: KagÃ©|229\/262|[from] item: Black Sludge
|turn|3
|
|switch|p1a: Hentai|Ferrothorn, M|352\/352
|move|p2a: Chompitychomp|Stone Edge|p1a: Hentai
|-crit|p1a: Hentai
|-resisted|p1a: Hentai
|-damage|p1a: Hentai|293\/352
|
|turn|4
|
|switch|p2a: Bisou|Togekiss, F|373\/373
|move|p1a: Hentai|Stealth Rock|p2a: Bisou
|-sidestart|p2: superpascal|move: Stealth Rock
|
|turn|5
|
|move|p2a: Bisou|Air Slash|p1a: Hentai
|-damage|p1a: Hentai|110\/352
|cant|p1a: Hentai|flinch
|
|turn|6
|
|move|p2a: Bisou|Air Slash|p1a: Hentai
|-damage|p1a: Hentai|0 fnt
|faint|p1a: Hentai
|
|
|switch|p1a: KagÃ©|Gengar, M|229\/262
|turn|7
|
|move|p1a: KagÃ©|Sludge Bomb|p2a: Bisou
|-supereffective|p2a: Bisou
|-damage|p2a: Bisou|95\/373
|move|p2a: Bisou|Air Slash|p1a: KagÃ©|[miss]
|-miss|p2a: Bisou|p1a: KagÃ©
|
|-heal|p1a: KagÃ©|245\/262|[from] item: Black Sludge
|turn|8
|
|switch|p2a: Chompitychomp|Garchomp, M|179\/419
|-damage|p2a: Chompitychomp|153\/419|[from] Stealth Rock
|move|p1a: KagÃ©|Shadow Ball|p2a: Chompitychomp
|-damage|p2a: Chompitychomp|0 fnt
|faint|p2a: Chompitychomp
|
|-heal|p1a: KagÃ©|261\/262|[from] item: Black Sludge
|
|switch|p2a: 3fast5me|Deoxys-Speed|304\/304
|-damage|p2a: 3fast5me|266\/304|[from] Stealth Rock
|-ability|p2a: 3fast5me|Pressure
|turn|9
|
|move|p2a: 3fast5me|Psycho Boost|p1a: KagÃ©
|-supereffective|p1a: KagÃ©
|-damage|p1a: KagÃ©|0 fnt
|-unboost|p2a: 3fast5me|spa|2
|faint|p1a: KagÃ©
|
|
|switch|p1a: Predator|Gyarados, M|331\/331
|-ability|p1a: Predator|Intimidate|[of] p2a: 3fast5me
|-unboost|p2a: 3fast5me|atk|1
|turn|10
|
|-ability|p1a: Predator|Mold Breaker
|detailschange|p1a: Predator|Gyarados-Mega, M
|message|Gyarados has Mega Evolved into Mega Gyarados!
|move|p2a: 3fast5me|Taunt|p1a: Predator
|-start|p1a: Predator|move: Taunt
|cant|p1a: Predator|move: Taunt|Dragon Dance
|
|turn|11
|
|move|p2a: 3fast5me|Stealth Rock|p1a: Predator
|-sidestart|p1: Shadow Stone|move: Stealth Rock
|move|p1a: Predator|Waterfall|p2a: 3fast5me
|-crit|p2a: 3fast5me
|-damage|p2a: 3fast5me|77\/304
|
|turn|12
|chat|superpascal|crits everywhere :P
|
|move|p2a: 3fast5me|Spikes|p1a: Predator
|-sidestart|p1: Shadow Stone|Spikes
|move|p1a: Predator|Waterfall|p2a: 3fast5me
|-damage|p2a: 3fast5me|0 fnt
|faint|p2a: 3fast5me
|
|-end|p1a: Predator|move: Taunt
|
|switch|p2a: Dentifrice|Mawile, F|303\/303
|-damage|p2a: Dentifrice|285\/303|[from] Stealth Rock
|-ability|p2a: Dentifrice|Intimidate|[of] p1a: Predator
|-unboost|p1a: Predator|atk|1
|turn|13
|
|detailschange|p2a: Dentifrice|Mawile-Mega, F
|message|Mawile has Mega Evolved into Mega Mawile!
|move|p1a: Predator|Earthquake|p2a: Dentifrice
|-supereffective|p2a: Dentifrice
|-damage|p2a: Dentifrice|155\/303
|move|p2a: Dentifrice|Play Rough|p1a: Predator
|-supereffective|p1a: Predator
|-damage|p1a: Predator|0 fnt
|faint|p1a: Predator
|
|
|switch|p1a: Enten|Landorus, M|320\/320
|-damage|p1a: Enten|280\/320|[from] Stealth Rock
|turn|14
|
|move|p2a: Dentifrice|Sucker Punch|p1a: Enten
|-damage|p1a: Enten|99\/320
|move|p1a: Enten|Earth Power|p2a: Dentifrice
|-supereffective|p2a: Dentifrice
|-damage|p2a: Dentifrice|0 fnt
|faint|p2a: Dentifrice
|
|
|switch|p2a: Marine|Manaphy|401\/401
|-damage|p2a: Marine|351\/401|[from] Stealth Rock
|turn|15
|
|move|p1a: Enten|Earth Power|p2a: Marine
|-damage|p2a: Marine|121\/401
|move|p2a: Marine|Surf|p1a: Enten
|-supereffective|p1a: Enten
|-damage|p1a: Enten|0 fnt
|faint|p1a: Enten
|
|-heal|p2a: Marine|146\/401|[from] item: Leftovers
|
|switch|p1a: Heihachi|Conkeldurr, M|383\/383
|-damage|p1a: Heihachi|360\/383|[from] Stealth Rock
|-damage|p1a: Heihachi|313\/383|[from] Spikes
|turn|16
|
|switch|p2a: Bisou|Togekiss, F|95\/373
|-damage|p2a: Bisou|2\/373|[from] Stealth Rock
|move|p1a: Heihachi|Drain Punch|p2a: Bisou
|-resisted|p2a: Bisou
|-damage|p2a: Bisou|0 fnt
|-heal|p1a: Heihachi|314\/383|[from] drain|[of] p2a: Bisou
|faint|p2a: Bisou
|
|
|switch|p2a: S&S|Aegislash, M|323\/323
|-damage|p2a: S&S|303\/323|[from] Stealth Rock
|turn|17
|
|move|p2a: S&S|King's Shield|p2a: S&S
|-singleturn|p2a: S&S|Protect
|move|p1a: Heihachi|Knock Off|p2a: S&S
|-activate|p2a: S&S|Protect
|-unboost|p1a: Heihachi|atk|2
|
|turn|18
|
|switch|p1a: Calamity|Meloetta|404\/404
|-damage|p1a: Calamity|354\/404|[from] Stealth Rock
|-damage|p1a: Calamity|304\/404|[from] Spikes
|move|p2a: S&S|Swords Dance|p2a: S&S
|-boost|p2a: S&S|atk|2
|
|-heal|p1a: Calamity|329\/404|[from] item: Leftovers
|turn|19
|
|move|p1a: Calamity|Calm Mind|p1a: Calamity
|-boost|p1a: Calamity|spa|1
|-boost|p1a: Calamity|spd|1
|-formechange|p2a: S&S|Aegislash-Blade
|move|p2a: S&S|Sacred Sword|p1a: Calamity
|-damage|p1a: Calamity|123\/404
|
|-heal|p1a: Calamity|148\/404|[from] item: Leftovers
|turn|20
|
|-formechange|p2a: S&S|Aegislash
|move|p2a: S&S|King's Shield|p2a: S&S
|-singleturn|p2a: S&S|Protect
|move|p1a: Calamity|Substitute|p1a: Calamity
|-start|p1a: Calamity|Substitute
|-damage|p1a: Calamity|47\/404
|
|-heal|p1a: Calamity|72\/404|[from] item: Leftovers
|turn|21
|
|move|p1a: Calamity|Shadow Ball|p2a: S&S
|-supereffective|p2a: S&S
|-damage|p2a: S&S|139\/323
|-enditem|p2a: S&S|Weakness Policy
|-boost|p2a: S&S|atk|2|[from] item: Weakness Policy
|-boost|p2a: S&S|spa|2|[from] item: Weakness Policy
|-formechange|p2a: S&S|Aegislash-Blade
|move|p2a: S&S|Sacred Sword|p1a: Calamity
|-end|p1a: Calamity|Substitute
|
|-heal|p1a: Calamity|97\/404|[from] item: Leftovers
|turn|22
|chat|superpascal|gg
|chat|superpascal| well played
|chat|Shadow Stone|gg
|chat|Shadow Stone|tx
|chat|Shadow Stone|;)
|chat|superpascal|i did not think you would carry calm mind and sub at the same time
|chat|superpascal|is it common?
|
|-formechange|p2a: S&S|Aegislash
|move|p2a: S&S|King's Shield|p2a: S&S
|-singleturn|p2a: S&S|Protect
|move|p1a: Calamity|Shadow Ball|p2a: S&S
|-activate|p2a: S&S|Protect
|
|-heal|p1a: Calamity|122\/404|[from] item: Leftovers
|turn|23
|
|move|p1a: Calamity|Shadow Ball|p2a: S&S
|-supereffective|p2a: S&S
|-damage|p2a: S&S|0 fnt
|faint|p2a: S&S
|
|-heal|p1a: Calamity|147\/404|[from] item: Leftovers
|chat|Shadow Stone|no
|chat|Shadow Stone|my set..
|
|switch|p2a: Marine|Manaphy|146\/401
|-damage|p2a: Marine|96\/401|[from] Stealth Rock
|turn|24
|
|move|p2a: Marine|Surf|p1a: Calamity
|-damage|p1a: Calamity|74\/404
|move|p1a: Calamity|Psyshock|p2a: Marine
|-damage|p2a: Marine|0 fnt
|faint|p2a: Marine
|
|win|Shadow Stone
|raw|Ladder updating...
|chat|Shadow Stone|gg
|raw|Shadow Stone's rating: 1819 &rarr; <strong>1842<\/strong><br \/>(+23 for winning)
|raw|superpascal's rating: 1876 &rarr; <strong>1853<\/strong><br \/>(-23 for losing)