|join|superpascal
|join|CAUSE & EFFECT
|player|p1|superpascal|162
|player|p2|CAUSE & EFFECT|220
|gametype|singles
|gen|6
|tier|OU
|rated
|clearpoke
|poke|p1|Manaphy
|poke|p1|Mawile, F
|poke|p1|Garchomp, M
|poke|p1|Togekiss, F
|poke|p1|Deoxys-Speed
|poke|p1|Aegislash, M
|poke|p2|Raikou, shiny
|poke|p2|Forretress, M
|poke|p2|Gardevoir, M, shiny
|poke|p2|Deoxys-Defense
|poke|p2|Terrakion
|poke|p2|Mandibuzz, F, shiny
|rule|Sleep Clause Mod: Limit one foe put to sleep
|rule|Species Clause: Limit one of each Pokemon
|rule|OHKO Clause: OHKO moves are banned
|rule|Moody Clause: Moody is banned
|rule|Evasion Moves Clause: Evasion moves are banned
|rule|Endless Battle Clause: Forcing endless battles is banned.
|rule|HP Percentage Mod: HP is reported as percentages
|teampreview
|chat|superpascal|cool team! Have fun
|
|start
|switch|p1a: Dentifrice|Mawile, F|303\/303
|switch|p2a: SLUT|Gardevoir, M, shiny|320\/320
|-ability|p2a: SLUT|Intimidate|[from] ability: Trace|[of] p1a: Dentifrice
|-ability|p2a: SLUT|Intimidate|[of] p1a: Dentifrice
|-unboost|p1a: Dentifrice|atk|1
|-ability|p1a: Dentifrice|Intimidate|[of] p2a: SLUT
|-unboost|p2a: SLUT|atk|1
|turn|1
|
|switch|p2a: Shrapnel|Forretress, M|354\/354
|detailschange|p1a: Dentifrice|Mawile-Mega, F
|message|Mawile has Mega Evolved into Mega Mawile!
|move|p1a: Dentifrice|Iron Head|p2a: Shrapnel
|-crit|p2a: Shrapnel
|-resisted|p2a: Shrapnel
|-damage|p2a: Shrapnel|244\/354
|
|-heal|p2a: Shrapnel|266\/354|[from] item: Leftovers
|turn|2
|
|move|p1a: Dentifrice|Swords Dance|p1a: Dentifrice
|-boost|p1a: Dentifrice|atk|2
|move|p2a: Shrapnel|Earthquake|p1a: Dentifrice
|-supereffective|p1a: Dentifrice
|-damage|p1a: Dentifrice|177\/303
|
|-heal|p2a: Shrapnel|288\/354|[from] item: Leftovers
|turn|3
|
|move|p1a: Dentifrice|Iron Head|p2a: Shrapnel
|-resisted|p2a: Shrapnel
|-damage|p2a: Shrapnel|162\/354
|cant|p2a: Shrapnel|flinch
|
|-heal|p2a: Shrapnel|184\/354|[from] item: Leftovers
|turn|4
|
|move|p1a: Dentifrice|Iron Head|p2a: Shrapnel
|-resisted|p2a: Shrapnel
|-damage|p2a: Shrapnel|63\/354
|move|p2a: Shrapnel|Stealth Rock|p1a: Dentifrice
|-sidestart|p1: superpascal|move: Stealth Rock
|
|-heal|p2a: Shrapnel|85\/354|[from] item: Leftovers
|turn|5
|
|move|p1a: Dentifrice|Iron Head|p2a: Shrapnel
|-resisted|p2a: Shrapnel
|-damage|p2a: Shrapnel|0 fnt
|faint|p2a: Shrapnel
|
|
|switch|p2a: Cyber Bully|Terrakion|335\/335
|turn|6
|
|move|p2a: Cyber Bully|Earthquake|p1a: Dentifrice
|-supereffective|p1a: Dentifrice
|-damage|p1a: Dentifrice|0 fnt
|-damage|p2a: Cyber Bully|302\/335|[from] item: Life Orb
|faint|p1a: Dentifrice
|
|
|switch|p1a: 3fast5me|Deoxys-Speed|304\/304
|-damage|p1a: 3fast5me|266\/304|[from] Stealth Rock
|-ability|p1a: 3fast5me|Pressure
|turn|7
|
|switch|p2a: SLUT|Gardevoir, M, shiny|320\/320
|-ability|p2a: SLUT|Pressure|[from] ability: Trace|[of] p1a: 3fast5me
|-ability|p2a: SLUT|Pressure
|move|p1a: 3fast5me|Stealth Rock|p2a: SLUT
|-sidestart|p2: CAUSE & EFFECT|move: Stealth Rock
|
|turn|8
|
|switch|p1a: S&S|Aegislash, M|323\/323
|-damage|p1a: S&S|303\/323|[from] Stealth Rock
|detailschange|p2a: SLUT|Gardevoir-Mega, M, shiny
|message|Gardevoir has Mega Evolved into Mega Gardevoir!
|move|p2a: SLUT|Hyper Voice|p1a: S&S
|-resisted|p1a: S&S
|-damage|p1a: S&S|214\/323
|
|turn|9
|
|switch|p2a: Big Bird|Mandibuzz, F, shiny|421\/421
|-damage|p2a: Big Bird|316\/421|[from] Stealth Rock
|switch|p1a: Bisou|Togekiss, F|373\/373
|-damage|p1a: Bisou|280\/373|[from] Stealth Rock
|
|-heal|p2a: Big Bird|342\/421|[from] item: Leftovers
|turn|10
|chat|superpascal|My bird is so much better than yours :P
|
|switch|p2a: Surge|Raikou, shiny|341\/341
|-damage|p2a: Surge|299\/341|[from] Stealth Rock
|-ability|p2a: Surge|Pressure
|move|p1a: Bisou|Dazzling Gleam|p2a: Surge
|-damage|p2a: Surge|164\/341
|
|turn|11
|chat|superpascal|why is assault vest Raikou so great?
|
|switch|p1a: Chompitychomp|Garchomp, M|419\/419
|-damage|p1a: Chompitychomp|393\/419|[from] Stealth Rock
|move|p2a: Surge|Thunderbolt|p1a: Chompitychomp
|-immune|p1a: Chompitychomp|[msg]
|
|turn|12
|
|move|p1a: Chompitychomp|Stone Edge|p2a: Surge
|-damage|p2a: Surge|0 fnt
|faint|p2a: Surge
|
|
|switch|p2a: Morpheus|Deoxys-Defense|304\/304
|-damage|p2a: Morpheus|266\/304|[from] Stealth Rock
|-ability|p2a: Morpheus|Pressure
|turn|13
|chat|CAUSE & EFFECT|lagtest
|chat|superpascal|what?
|
|switch|p1a: 3fast5me|Deoxys-Speed|266\/304
|-damage|p1a: 3fast5me|228\/304|[from] Stealth Rock
|-ability|p1a: 3fast5me|Pressure
|move|p2a: Morpheus|Spikes|p1a: 3fast5me
|-sidestart|p1: superpascal|Spikes
|
|-heal|p2a: Morpheus|285\/304|[from] item: Leftovers
|turn|14
|
|move|p1a: 3fast5me|Taunt|p2a: Morpheus
|-start|p2a: Morpheus|move: Taunt
|move|p2a: Morpheus|Night Shade|p1a: 3fast5me
|-damage|p1a: 3fast5me|128\/304
|
|-heal|p2a: Morpheus|304\/304|[from] item: Leftovers
|turn|15
|
|move|p1a: 3fast5me|Spikes|p2a: Morpheus
|-sidestart|p2: CAUSE & EFFECT|Spikes
|move|p2a: Morpheus|Night Shade|p1a: 3fast5me
|-damage|p1a: 3fast5me|28\/304
|
|turn|16
|
|move|p1a: 3fast5me|Spikes|p2a: Morpheus
|-sidestart|p2: CAUSE & EFFECT|Spikes
|move|p2a: Morpheus|Night Shade|p1a: 3fast5me
|-damage|p1a: 3fast5me|0 fnt
|faint|p1a: 3fast5me
|
|-end|p2a: Morpheus|move: Taunt
|
|switch|p1a: Marine|Manaphy|401\/401
|-damage|p1a: Marine|351\/401|[from] Spikes
|-damage|p1a: Marine|301\/401|[from] Stealth Rock
|turn|17
|
|move|p2a: Morpheus|Night Shade|p1a: Marine
|-damage|p1a: Marine|201\/401
|move|p1a: Marine|Tail Glow|p1a: Marine
|-boost|p1a: Marine|spa|3
|
|-heal|p1a: Marine|226\/401|[from] item: Leftovers
|turn|18
|
|move|p2a: Morpheus|Spikes|p1a: Marine
|-sidestart|p1: superpascal|Spikes
|move|p1a: Marine|Surf|p2a: Morpheus
|-damage|p2a: Morpheus|91\/304
|
|-heal|p2a: Morpheus|110\/304|[from] item: Leftovers
|-heal|p1a: Marine|251\/401|[from] item: Leftovers
|turn|19
|
|move|p2a: Morpheus|Night Shade|p1a: Marine
|-damage|p1a: Marine|151\/401
|move|p1a: Marine|Surf|p2a: Morpheus
|-damage|p2a: Morpheus|0 fnt
|faint|p2a: Morpheus
|
|-heal|p1a: Marine|176\/401|[from] item: Leftovers
|
|switch|p2a: Cyber Bully|Terrakion|302\/335
|-damage|p2a: Cyber Bully|247\/335|[from] Spikes
|-damage|p2a: Cyber Bully|227\/335|[from] Stealth Rock
|turn|20
|
|move|p2a: Cyber Bully|Close Combat|p1a: Marine
|-damage|p1a: Marine|0 fnt
|-unboost|p2a: Cyber Bully|def|1
|-unboost|p2a: Cyber Bully|spd|1
|-damage|p2a: Cyber Bully|194\/335|[from] item: Life Orb
|faint|p1a: Marine
|
|
|switch|p1a: S&S|Aegislash, M|214\/323
|-damage|p1a: S&S|194\/323|[from] Stealth Rock
|-damage|p1a: S&S|141\/323|[from] Spikes
|turn|21
|
|-formechange|p1a: S&S|Aegislash-Blade
|move|p1a: S&S|Shadow Sneak|p2a: Cyber Bully
|-damage|p2a: Cyber Bully|41\/335
|move|p2a: Cyber Bully|Earthquake|p1a: S&S
|-supereffective|p1a: S&S
|-damage|p1a: S&S|0 fnt
|-damage|p2a: Cyber Bully|8\/335|[from] item: Life Orb
|faint|p1a: S&S
|
|chat|superpascal|so close....
|chat|superpascal|and yet so far
|chat|CAUSE & EFFECT|you calced it?
|chat|superpascal|nope, but I really should have :P
|
|switch|p1a: Chompitychomp|Garchomp, M|393\/419
|-damage|p1a: Chompitychomp|324\/419|[from] Spikes
|-damage|p1a: Chompitychomp|298\/419|[from] Stealth Rock
|turn|22
|chat|superpascal|gg, you deserves that win
|
|switch|p2a: Big Bird|Mandibuzz, F, shiny|342\/421
|-damage|p2a: Big Bird|237\/421|[from] Stealth Rock
|move|p1a: Chompitychomp|Stone Edge|p2a: Big Bird
|-crit|p2a: Big Bird
|-supereffective|p2a: Big Bird
|-damage|p2a: Big Bird|0 fnt
|faint|p2a: Big Bird
|
|chat|superpascal|oups, spoke too soon
|chat|CAUSE & EFFECT|noooooooooooooooooooooo
|
|switch|p2a: SLUT|Gardevoir-Mega, M, shiny|320\/320
|-damage|p2a: SLUT|280\/320|[from] Stealth Rock
|-damage|p2a: SLUT|227\/320|[from] Spikes
|turn|23
|
|switch|p1a: Bisou|Togekiss, F|280\/373
|-damage|p1a: Bisou|187\/373|[from] Stealth Rock
|move|p2a: SLUT|Hyper Voice|p1a: Bisou
|-crit|p1a: Bisou
|-damage|p1a: Bisou|0 fnt
|faint|p1a: Bisou
|
|
|switch|p1a: Chompitychomp|Garchomp, M|298\/419
|-damage|p1a: Chompitychomp|229\/419|[from] Spikes
|-damage|p1a: Chompitychomp|203\/419|[from] Stealth Rock
|turn|24
|chat|superpascal|are you caling it?
|chat|superpascal|*doing some calcs?
|chat|CAUSE & EFFECT|252+ Atk Garchomp Earthquake vs. 172 HP \/ 0 Def Mega Gardevoir: 255-301 (79.6 - 94%) -- guaranteed 2HKO
|chat|CAUSE & EFFECT|damn gg
|
|move|p1a: Chompitychomp|Earthquake|p2a: SLUT
|-damage|p2a: SLUT|0 fnt
|faint|p2a: SLUT
|
|
|switch|p2a: Cyber Bully|Terrakion|8\/335
|-damage|p2a: Cyber Bully|0 fnt|[from] Stealth Rock
|faint|p2a: Cyber Bully
|
|win|superpascal
|raw|Ladder updating...
|leave|CAUSE & EFFECT
|player|p2
|chat|superpascal|gg
|raw|superpascal's rating: 1836 &rarr; <strong>1851<\/strong><br \/>(+15 for winning)
|raw|CAUSE &amp; EFFECT's rating: 1757 &rarr; <strong>1742<\/strong><br \/>(-15 for losing)