|join|superpascal
|join|Yanmigo
|player|p1|superpascal|162
|player|p2|Yanmigo|25
|gametype|singles
|gen|6
|tier|OU
|rated
|clearpoke
|poke|p1|Manaphy
|poke|p1|Mawile, F
|poke|p1|Garchomp, M
|poke|p1|Togekiss, F
|poke|p1|Deoxys-Speed
|poke|p1|Aegislash, M
|poke|p2|Medicham, M
|poke|p2|Quagsire, F
|poke|p2|Chansey, F
|poke|p2|Magnezone
|poke|p2|Conkeldurr, F
|poke|p2|Skarmory, F
|rule|Sleep Clause Mod: Limit one foe put to sleep
|rule|Species Clause: Limit one of each Pokemon
|rule|OHKO Clause: OHKO moves are banned
|rule|Moody Clause: Moody is banned
|rule|Evasion Moves Clause: Evasion moves are banned
|rule|Endless Battle Clause: Forcing endless battles is banned.
|rule|HP Percentage Mod: HP is reported as percentages
|teampreview
|
|start
|switch|p1a: Bisou|Togekiss, F|373\/373
|switch|p2a: Medicham|Medicham, M|261\/261
|turn|1
|chat|superpascal|have fun
|chat|Yanmigo|you too
|
|detailschange|p2a: Medicham|Medicham-Mega, M
|message|Medicham has Mega Evolved into Mega Medicham!
|move|p2a: Medicham|Fake Out|p1a: Bisou
|-damage|p1a: Bisou|284\/373
|cant|p1a: Bisou|flinch
|
|turn|2
|
|switch|p2a: Magnezone|Magnezone|335\/335
|switch|p1a: S&S|Aegislash, M|322\/322
|
|turn|3
|
|-formechange|p1a: S&S|Aegislash-Blade
|move|p1a: S&S|Sacred Sword|p2a: Magnezone
|-supereffective|p2a: Magnezone
|-damage|p2a: Magnezone|105\/335
|move|p2a: Magnezone|Volt Switch|p1a: S&S
|-damage|p1a: S&S|0 fnt
|faint|p1a: S&S
|
|switch|p2a: Chansey|Chansey, F|704\/704
|
|chat|superpascal|For some reason I really did not expected you to be slower
|
|switch|p1a: 3fast5me|Deoxys-Speed|304\/304
|-ability|p1a: 3fast5me|Pressure
|turn|4
|
|move|p1a: 3fast5me|Stealth Rock|p2a: Chansey
|-sidestart|p2: Yanmigo|move: Stealth Rock
|move|p2a: Chansey|Thunder Wave|p1a: 3fast5me
|-status|p1a: 3fast5me|par
|-enditem|p1a: 3fast5me|Lum Berry|[eat]
|-curestatus|p1a: 3fast5me|par
|
|turn|5
|
|move|p1a: 3fast5me|Taunt|p2a: Chansey
|-start|p2a: Chansey|move: Taunt
|cant|p2a: Chansey|move: Taunt|Stealth Rock
|
|turn|6
|
|switch|p1a: Dentifrice|Mawile, F|303\/303
|-ability|p1a: Dentifrice|Intimidate|[of] p2a: Chansey
|-unboost|p2a: Chansey|atk|1
|move|p2a: Chansey|Seismic Toss|p1a: Dentifrice
|-damage|p1a: Dentifrice|203\/303
|
|turn|7
|
|detailschange|p1a: Dentifrice|Mawile-Mega, F
|message|Mawile has Mega Evolved into Mega Mawile!
|move|p1a: Dentifrice|Swords Dance|p1a: Dentifrice
|-boost|p1a: Dentifrice|atk|2
|move|p2a: Chansey|Seismic Toss|p1a: Dentifrice
|-damage|p1a: Dentifrice|103\/303
|
|-end|p2a: Chansey|move: Taunt
|turn|8
|
|switch|p2a: Skarmory|Skarmory, F|334\/334
|-damage|p2a: Skarmory|293\/334|[from] Stealth Rock
|move|p1a: Dentifrice|Play Rough|p2a: Skarmory
|-resisted|p2a: Skarmory
|-damage|p2a: Skarmory|104\/334
|-damage|p1a: Dentifrice|53\/303|[from] item: Rocky Helmet|[of] p2a: Skarmory
|
|turn|9
|
|move|p2a: Skarmory|Defog|p1a: Dentifrice
|-unboost|p1a: Dentifrice|evasion|1
|-sideend|p2: Yanmigo|Stealth Rock|[from] move: Defog|[of] p2a: Skarmory
|move|p1a: Dentifrice|Play Rough|p2a: Skarmory
|-resisted|p2a: Skarmory
|-damage|p2a: Skarmory|0 fnt
|-damage|p1a: Dentifrice|3\/303|[from] item: Rocky Helmet|[of] p2a: Skarmory
|faint|p2a: Skarmory
|
|
|switch|p2a: Medicham|Medicham-Mega, M|261\/261
|turn|10
|
|switch|p1a: Chompitychomp|Garchomp, M|419\/419
|move|p2a: Medicham|Fake Out|p1a: Chompitychomp
|-damage|p1a: Chompitychomp|334\/419
|-damage|p2a: Medicham|229\/261|[from] ability: Rough Skin|[of] p1a: Chompitychomp
|
|turn|11
|
|switch|p2a: Magnezone|Magnezone|105\/335
|move|p1a: Chompitychomp|Earthquake|p2a: Magnezone
|-supereffective|p2a: Magnezone
|-damage|p2a: Magnezone|0 fnt
|faint|p2a: Magnezone
|
|
|switch|p2a: Chansey|Chansey, F|704\/704
|turn|12
|
|switch|p1a: Dentifrice|Mawile-Mega, F|3\/303
|move|p2a: Chansey|Stealth Rock|p1a: Dentifrice
|-sidestart|p1: superpascal|move: Stealth Rock
|
|turn|13
|
|move|p1a: Dentifrice|Play Rough|p2a: Chansey
|-damage|p2a: Chansey|302\/704
|move|p2a: Chansey|Seismic Toss|p1a: Dentifrice
|-damage|p1a: Dentifrice|0 fnt
|faint|p1a: Dentifrice
|
|
|switch|p1a: 3fast5me|Deoxys-Speed|304\/304
|-damage|p1a: 3fast5me|266\/304|[from] Stealth Rock
|-ability|p1a: 3fast5me|Pressure
|turn|14
|
|move|p1a: 3fast5me|Taunt|p2a: Chansey
|-start|p2a: Chansey|move: Taunt
|move|p2a: Chansey|Seismic Toss|p1a: 3fast5me
|-damage|p1a: 3fast5me|166\/304
|
|turn|15
|
|move|p1a: 3fast5me|Stealth Rock|p2a: Chansey
|-sidestart|p2: Yanmigo|move: Stealth Rock
|move|p2a: Chansey|Seismic Toss|p1a: 3fast5me
|-damage|p1a: 3fast5me|66\/304
|
|turn|16
|
|move|p1a: 3fast5me|Spikes|p2a: Chansey
|-sidestart|p2: Yanmigo|Spikes
|move|p2a: Chansey|Seismic Toss|p1a: 3fast5me
|-damage|p1a: 3fast5me|0 fnt
|faint|p1a: 3fast5me
|
|-end|p2a: Chansey|move: Taunt
|
|switch|p1a: Chompitychomp|Garchomp, M|334\/419
|-damage|p1a: Chompitychomp|308\/419|[from] Stealth Rock
|turn|17
|
|move|p1a: Chompitychomp|Outrage|p2a: Chansey
|-damage|p2a: Chansey|0 fnt
|faint|p2a: Chansey
|
|
|switch|p2a: Khal Drogo|Conkeldurr, F|414\/414
|-damage|p2a: Khal Drogo|389\/414|[from] Stealth Rock
|-damage|p2a: Khal Drogo|338\/414|[from] Spikes
|turn|18
|
|move|p1a: Chompitychomp|Outrage|p2a: Khal Drogo
|-damage|p2a: Khal Drogo|103\/414
|move|p2a: Khal Drogo|Knock Off|p1a: Chompitychomp
|-damage|p1a: Chompitychomp|191\/419
|-damage|p2a: Khal Drogo|52\/414|[from] ability: Rough Skin|[of] p1a: Chompitychomp
|-enditem|p1a: Chompitychomp|Choice Scarf|[from] move: Knock Off|[of] p2a: Khal Drogo
|
|turn|19
|
|move|p2a: Khal Drogo|Mach Punch|p1a: Chompitychomp
|-damage|p1a: Chompitychomp|109\/419
|-damage|p2a: Khal Drogo|1\/414|[from] ability: Rough Skin|[of] p1a: Chompitychomp
|move|p1a: Chompitychomp|Outrage|p2a: Khal Drogo
|-damage|p2a: Khal Drogo|0 fnt
|faint|p2a: Khal Drogo
|
|-end|p1a: Chompitychomp|rampage
|-start|p1a: Chompitychomp|confusion
|
|switch|p2a: Medicham|Medicham-Mega, M|229\/261
|-damage|p2a: Medicham|197\/261|[from] Spikes
|-damage|p2a: Medicham|181\/261|[from] Stealth Rock
|turn|20
|
|move|p2a: Medicham|Psycho Cut|p1a: Chompitychomp
|-damage|p1a: Chompitychomp|0 fnt
|faint|p1a: Chompitychomp
|
|
|switch|p1a: Marine|Manaphy|401\/401
|-damage|p1a: Marine|351\/401|[from] Stealth Rock
|turn|21
|
|move|p2a: Medicham|Drain Punch|p1a: Marine
|-damage|p1a: Marine|122\/401
|-heal|p2a: Medicham|261\/261|[from] drain|[of] p1a: Marine
|move|p1a: Marine|Surf|p2a: Medicham
|-damage|p2a: Medicham|98\/261
|
|-heal|p1a: Marine|147\/401|[from] item: Leftovers
|turn|22
|
|switch|p1a: Bisou|Togekiss, F|284\/373
|-damage|p1a: Bisou|191\/373|[from] Stealth Rock
|move|p2a: Medicham|Drain Punch|p1a: Bisou
|-resisted|p1a: Bisou
|-damage|p1a: Bisou|131\/373
|-heal|p2a: Medicham|128\/261|[from] drain|[of] p1a: Bisou
|
|turn|23
|chat|superpascal|gg
|chat|Yanmigo|gg
|
|switch|p2a: Hodor|Quagsire, F|394\/394
|-damage|p2a: Hodor|345\/394|[from] Spikes
|-damage|p2a: Hodor|321\/394|[from] Stealth Rock
|move|p1a: Bisou|Air Slash|p2a: Hodor
|-damage|p2a: Hodor|113\/394
|
|-heal|p2a: Hodor|137\/394|[from] item: Leftovers
|turn|24
|
|move|p1a: Bisou|Air Slash|p2a: Hodor
|-damage|p2a: Hodor|0 fnt
|faint|p2a: Hodor
|
|
|switch|p2a: Medicham|Medicham-Mega, M|128\/261
|-damage|p2a: Medicham|112\/261|[from] Stealth Rock
|-damage|p2a: Medicham|80\/261|[from] Spikes
|turn|25
|chat|superpascal|I am not scarf anyways :P
|
|switch|p1a: Marine|Manaphy|147\/401
|-damage|p1a: Marine|97\/401|[from] Stealth Rock
|move|p2a: Medicham|Fake Out|p1a: Marine
|-damage|p1a: Marine|4\/401
|
|-heal|p1a: Marine|29\/401|[from] item: Leftovers
|turn|26
|chat|Yanmigo|oh lol
|
|move|p2a: Medicham|Drain Punch|p1a: Marine
|-damage|p1a: Marine|0 fnt
|-heal|p2a: Medicham|95\/261|[from] drain|[of] p1a: Marine
|faint|p1a: Marine
|
|
|switch|p1a: Bisou|Togekiss, F|131\/373
|-damage|p1a: Bisou|38\/373|[from] Stealth Rock
|turn|27
|chat|Yanmigo|wp this was a great match
|chat|superpascal|what's your fourth move?
|
|move|p2a: Medicham|Ice Punch|p1a: Bisou
|-supereffective|p1a: Bisou
|-damage|p1a: Bisou|0 fnt
|faint|p1a: Bisou
|
|win|Yanmigo
|raw|Ladder updating...
|raw|superpascal's rating: 1935 &rarr; <strong>1911<\/strong><br \/>(-24 for losing)
|raw|Yanmigo's rating: 1861 &rarr; <strong>1885<\/strong><br \/>(+24 for winning)
|chat|Yanmigo|i punch
|chat|superpascal|ah ok
|chat|Yanmigo|gg
|chat|superpascal|well, gg
|chat|Yanmigo|wow