|join|superpascal
|join|battlerofthepast
|player|p1|superpascal|162
|player|p2|battlerofthepast|151
|gametype|singles
|gen|6
|tier|OU
|rated
|clearpoke
|poke|p1|Manaphy
|poke|p1|Mawile, F
|poke|p1|Garchomp, M
|poke|p1|Togekiss, F
|poke|p1|Deoxys-Speed
|poke|p1|Aegislash, M
|poke|p2|Shaymin
|poke|p2|Keldeo
|poke|p2|Tyranitar, M
|poke|p2|Rhyperior, F
|poke|p2|Zapdos
|poke|p2|Charizard, M
|rule|Swagger Clause: Swagger is banned
|rule|Baton Pass Clause: Limit 3 pokemon knowing Baton Pass
|rule|Sleep Clause Mod: Limit one foe put to sleep
|rule|Species Clause: Limit one of each Pokemon
|rule|OHKO Clause: OHKO moves are banned
|rule|Moody Clause: Moody is banned
|rule|Evasion Moves Clause: Evasion moves are banned
|rule|Endless Battle Clause: Forcing endless battles is banned
|rule|HP Percentage Mod: HP is reported as percentages
|teampreview
|chat|superpascal|cool team have fun
|chat|battlerofthepast|thank you
|
|start
|switch|p1a: Dentifrice|Mawile, F|303\/303
|switch|p2a: Zapdos|Zapdos|384\/384
|-ability|p2a: Zapdos|Pressure
|-ability|p1a: Dentifrice|Intimidate|[of] p2a: Zapdos
|-unboost|p2a: Zapdos|atk|1
|turn|1
|
|detailschange|p1a: Dentifrice|Mawile-Mega, F
|message|Mawile has Mega Evolved into Mega Mawile!
|move|p2a: Zapdos|Discharge|p1a: Dentifrice
|-damage|p1a: Dentifrice|183\/303
|move|p1a: Dentifrice|Play Rough|p2a: Zapdos|[miss]
|-miss|p1a: Dentifrice|p2a: Zapdos
|
|turn|2
|
|move|p2a: Zapdos|Heat Wave|p1a: Dentifrice
|-supereffective|p1a: Dentifrice
|-damage|p1a: Dentifrice|0 fnt
|faint|p1a: Dentifrice
|
|
|switch|p1a: Chompitychomp|Garchomp, M|419\/419
|turn|3
|
|switch|p2a: Rhyperior|Rhyperior, F|414\/414
|move|p1a: Chompitychomp|Outrage|p2a: Rhyperior
|-damage|p2a: Rhyperior|237\/414
|
|turn|4
|
|move|p1a: Chompitychomp|Outrage|p2a: Rhyperior
|-damage|p2a: Rhyperior|63\/414
|move|p2a: Rhyperior|Avalanche|p1a: Chompitychomp
|-supereffective|p1a: Chompitychomp
|-damage|p1a: Chompitychomp|0 fnt
|-damage|p2a: Rhyperior|12\/414|[from] ability: Rough Skin|[of] p1a: Chompitychomp
|faint|p1a: Chompitychomp
|
|
|switch|p1a: S&S|Aegislash, M|322\/322
|turn|5
|
|-formechange|p1a: S&S|Aegislash-Blade
|move|p1a: S&S|Sacred Sword|p2a: Rhyperior
|-supereffective|p2a: Rhyperior
|-damage|p2a: Rhyperior|0 fnt
|faint|p2a: Rhyperior
|
|
|switch|p2a: Charizard|Charizard, M|297\/297
|turn|6
|
|switch|p1a: 3fast5me|Deoxys-Speed|304\/304
|-ability|p1a: 3fast5me|Pressure
|detailschange|p2a: Charizard|Charizard-Mega-Y, M
|message|Charizard has Mega Evolved into Mega Charizard!
|-weather|SunnyDay
|move|p2a: Charizard|Fire Blast|p1a: 3fast5me
|-damage|p1a: 3fast5me|0 fnt
|faint|p1a: 3fast5me
|
|-weather|SunnyDay|[upkeep]
|
|switch|p1a: Bisou|Togekiss, F|373\/373
|turn|7
|chat|superpascal|welp gg
|
|switch|p2a: Tyranitar|Tyranitar, M|401\/401
|-weather|Sandstorm
|move|p1a: Bisou|Air Slash|p2a: Tyranitar
|-resisted|p2a: Tyranitar
|-damage|p2a: Tyranitar|341\/401
|
|-weather|Sandstorm|[upkeep]
|-damage|p1a: Bisou|350\/373|[from] sandstorm
|-heal|p2a: Tyranitar|366\/401|[from] item: Leftovers
|turn|8
|
|switch|p1a: Marine|Manaphy|401\/401
|move|p2a: Tyranitar|Stealth Rock|p1a: Marine
|-sidestart|p1: superpascal|move: Stealth Rock
|
|-weather|Sandstorm|[upkeep]
|-damage|p1a: Marine|376\/401|[from] sandstorm
|-heal|p1a: Marine|401\/401|[from] item: Leftovers
|-heal|p2a: Tyranitar|391\/401|[from] item: Leftovers
|turn|9
|
|switch|p2a: Shaymin|Shaymin|342\/342
|move|p1a: Marine|Tail Glow|p1a: Marine
|-boost|p1a: Marine|spa|3
|
|-weather|Sandstorm|[upkeep]
|-damage|p2a: Shaymin|321\/342|[from] sandstorm
|-damage|p1a: Marine|376\/401|[from] sandstorm
|-heal|p2a: Shaymin|342\/342|[from] item: Leftovers
|-heal|p1a: Marine|401\/401|[from] item: Leftovers
|turn|10
|
|move|p2a: Shaymin|Seed Flare|p1a: Marine
|-supereffective|p1a: Marine
|-damage|p1a: Marine|71\/401
|-unboost|p1a: Marine|spd|2
|move|p1a: Marine|Ice Beam|p2a: Shaymin
|-supereffective|p2a: Shaymin
|-damage|p2a: Shaymin|0 fnt
|faint|p2a: Shaymin
|
|-weather|Sandstorm|[upkeep]
|-damage|p1a: Marine|46\/401|[from] sandstorm
|-heal|p1a: Marine|71\/401|[from] item: Leftovers
|
|switch|p2a: Keldeo|Keldeo|323\/323
|turn|11
|
|move|p2a: Keldeo|Scald|p1a: Marine
|-resisted|p1a: Marine
|-damage|p1a: Marine|0 fnt
|faint|p1a: Marine
|
|-weather|none
|
|switch|p1a: S&S|Aegislash, M|322\/322
|-damage|p1a: S&S|302\/322|[from] Stealth Rock
|turn|12
|
|switch|p2a: Charizard|Charizard-Mega-Y, M|297\/297
|-weather|SunnyDay
|move|p1a: S&S|Swords Dance|p1a: S&S
|-boost|p1a: S&S|atk|2
|
|-weather|SunnyDay|[upkeep]
|turn|13
|
|move|p1a: S&S|King's Shield|p1a: S&S
|-singleturn|p1a: S&S|Protect
|move|p2a: Charizard|Fire Blast|p1a: S&S
|-activate|p1a: S&S|Protect
|
|-weather|SunnyDay|[upkeep]
|turn|14
|
|move|p2a: Charizard|Fire Blast|p1a: S&S
|-supereffective|p1a: S&S
|-damage|p1a: S&S|0 fnt
|faint|p1a: S&S
|
|-weather|SunnyDay|[upkeep]
|
|switch|p1a: Bisou|Togekiss, F|350\/373
|-damage|p1a: Bisou|257\/373|[from] Stealth Rock
|turn|15
|
|move|p2a: Charizard|Fire Blast|p1a: Bisou
|-damage|p1a: Bisou|0 fnt
|faint|p1a: Bisou
|
|win|battlerofthepast
|raw|Ladder updating...
|raw|superpascal's rating: 1903 &rarr; <strong>1875<\/strong><br \/>(-28 for losing)
|raw|battlerofthepast's rating: 1749 &rarr; <strong>1777<\/strong><br \/>(+28 for winning)
|chat|battlerofthepast|gg
|chat|superpascal|gg
|leave|superpascal
|player|p1