|join|superpascal
|join|Reverb
|player|p1|superpascal|162
|player|p2|Reverb|#showtan
|gametype|singles
|gen|6
|tier|OU
|rated
|clearpoke
|poke|p1|Manaphy
|poke|p1|Mawile, F
|poke|p1|Garchomp, M
|poke|p1|Togekiss, F
|poke|p1|Deoxys-Speed
|poke|p1|Aegislash, M
|poke|p2|Landorus-Therian, M
|poke|p2|Azumarill, F
|poke|p2|Keldeo-Resolute
|poke|p2|Mawile, F
|poke|p2|Kyurem-Black
|poke|p2|Latios, M
|rule|Baton Pass Clause: Limit 3 pokemon knowing Baton Pass
|rule|Sleep Clause Mod: Limit one foe put to sleep
|rule|Species Clause: Limit one of each Pokemon
|rule|OHKO Clause: OHKO moves are banned
|rule|Moody Clause: Moody is banned
|rule|Evasion Moves Clause: Evasion moves are banned
|rule|Endless Battle Clause: Forcing endless battles is banned
|rule|HP Percentage Mod: HP is reported as percentages
|teampreview
|
|start
|switch|p1a: Bisou|Togekiss, F|373\/373
|switch|p2a: Azumarill|Azumarill, F|354\/354
|turn|1
|chat|superpascal|have fun
|
|move|p1a: Bisou|Air Slash|p2a: Azumarill
|-damage|p2a: Azumarill|98\/354
|-enditem|p2a: Azumarill|Sitrus Berry|[eat]
|-heal|p2a: Azumarill|186\/354|[from] item: Sitrus Berry
|cant|p2a: Azumarill|flinch
|
|turn|2
|
|move|p2a: Azumarill|Aqua Jet|p1a: Bisou
|-damage|p1a: Bisou|289\/373
|move|p1a: Bisou|Air Slash|p2a: Azumarill
|-damage|p2a: Azumarill|0 fnt
|faint|p2a: Azumarill
|
|
|switch|p2a: Mawile|Mawile, F|269\/269
|-ability|p2a: Mawile|Intimidate|[of] p1a: Bisou
|-unboost|p1a: Bisou|atk|1
|turn|3
|
|switch|p1a: S&S|Aegislash, M|322\/322
|detailschange|p2a: Mawile|Mawile-Mega, F
|message|Mawile has Mega Evolved into Mega Mawile!
|move|p2a: Mawile|Swords Dance|p2a: Mawile
|-boost|p2a: Mawile|atk|2
|
|turn|4
|
|move|p2a: Mawile|Play Rough|p1a: S&S
|-resisted|p1a: S&S
|-damage|p1a: S&S|111\/322
|-formechange|p1a: S&S|Aegislash-Blade
|move|p1a: S&S|Sacred Sword|p2a: Mawile
|-damage|p2a: Mawile|165\/269
|
|turn|5
|
|-formechange|p1a: S&S|Aegislash
|move|p1a: S&S|King's Shield|p1a: S&S
|-singleturn|p1a: S&S|Protect
|move|p2a: Mawile|Sucker Punch|p1a: S&S
|-fail|p1a: S&S
|
|turn|6
|
|-formechange|p1a: S&S|Aegislash-Blade
|move|p1a: S&S|Shadow Sneak|p2a: Mawile
|-damage|p2a: Mawile|86\/269
|move|p2a: Mawile|Play Rough|p1a: S&S
|-resisted|p1a: S&S
|-damage|p1a: S&S|0 fnt
|faint|p1a: S&S
|
|
|switch|p1a: Chompitychomp|Garchomp, M|419\/419
|turn|7
|
|move|p2a: Mawile|Sucker Punch|p1a: Chompitychomp
|-damage|p1a: Chompitychomp|63\/419
|-damage|p2a: Mawile|53\/269|[from] ability: Rough Skin|[of] p1a: Chompitychomp
|move|p1a: Chompitychomp|Earthquake|p2a: Mawile
|-supereffective|p2a: Mawile
|-damage|p2a: Mawile|0 fnt
|faint|p2a: Mawile
|
|
|switch|p2a: Landorus-Therian|Landorus-Therian, M|381\/381
|-ability|p2a: Landorus-Therian|Intimidate|[of] p1a: Chompitychomp
|-unboost|p1a: Chompitychomp|atk|1
|turn|8
|
|switch|p1a: Bisou|Togekiss, F|289\/373
|move|p2a: Landorus-Therian|Stealth Rock|p1a: Bisou
|-sidestart|p1: superpascal|move: Stealth Rock
|
|turn|9
|
|move|p2a: Landorus-Therian|Stone Edge|p1a: Bisou
|-supereffective|p1a: Bisou
|-damage|p1a: Bisou|51\/373
|move|p1a: Bisou|Dazzling Gleam|p2a: Landorus-Therian
|-damage|p2a: Landorus-Therian|122\/381
|
|-heal|p2a: Landorus-Therian|145\/381|[from] item: Leftovers
|turn|10
|
|move|p2a: Landorus-Therian|Stone Edge|p1a: Bisou
|-supereffective|p1a: Bisou
|-damage|p1a: Bisou|0 fnt
|faint|p1a: Bisou
|
|-heal|p2a: Landorus-Therian|168\/381|[from] item: Leftovers
|
|switch|p1a: 3fast5me|Deoxys-Speed|304\/304
|-damage|p1a: 3fast5me|266\/304|[from] Stealth Rock
|-ability|p1a: 3fast5me|Pressure
|turn|11
|
|switch|p2a: Kyurem-Black|Kyurem-Black|391\/391
|-ability|p2a: Kyurem-Black|Teravolt
|move|p1a: 3fast5me|Psycho Boost|p2a: Kyurem-Black
|-damage|p2a: Kyurem-Black|225\/391
|-unboost|p1a: 3fast5me|spa|2
|
|turn|12
|
|move|p1a: 3fast5me|Stealth Rock|p2a: Kyurem-Black
|-sidestart|p2: Reverb|move: Stealth Rock
|move|p2a: Kyurem-Black|Fusion Bolt|p1a: 3fast5me
|-damage|p1a: 3fast5me|128\/304
|-damage|p2a: Kyurem-Black|186\/391|[from] item: Life Orb
|
|turn|13
|
|switch|p1a: Chompitychomp|Garchomp, M|63\/419
|-damage|p1a: Chompitychomp|37\/419|[from] Stealth Rock
|move|p2a: Kyurem-Black|Ice Beam|p1a: Chompitychomp
|-supereffective|p1a: Chompitychomp
|-damage|p1a: Chompitychomp|0 fnt
|-damage|p2a: Kyurem-Black|147\/391|[from] item: Life Orb
|faint|p1a: Chompitychomp
|
|chat|superpascal|excellent play
|
|switch|p1a: 3fast5me|Deoxys-Speed|128\/304
|-damage|p1a: 3fast5me|90\/304|[from] Stealth Rock
|-ability|p1a: 3fast5me|Pressure
|turn|14
|chat|Reverb|ty
|
|switch|p2a: Latios|Latios, M|301\/301
|-damage|p2a: Latios|264\/301|[from] Stealth Rock
|move|p1a: 3fast5me|Psycho Boost|p2a: Latios
|-crit|p2a: Latios
|-resisted|p2a: Latios
|-damage|p2a: Latios|159\/301
|-unboost|p1a: 3fast5me|spa|2
|
|turn|15
|
|move|p1a: 3fast5me|Spikes|p2a: Latios
|-sidestart|p2: Reverb|Spikes
|move|p2a: Latios|Thunderbolt|p1a: 3fast5me
|-damage|p1a: 3fast5me|0 fnt
|-damage|p2a: Latios|129\/301|[from] item: Life Orb
|faint|p1a: 3fast5me
|
|
|switch|p1a: Dentifrice|Mawile, F|303\/303
|-damage|p1a: Dentifrice|285\/303|[from] Stealth Rock
|-ability|p1a: Dentifrice|Intimidate|[of] p2a: Latios
|-unboost|p2a: Latios|atk|1
|turn|16
|
|detailschange|p1a: Dentifrice|Mawile-Mega, F
|message|Mawile has Mega Evolved into Mega Mawile!
|move|p2a: Latios|Thunderbolt|p1a: Dentifrice
|-damage|p1a: Dentifrice|129\/303
|-damage|p2a: Latios|99\/301|[from] item: Life Orb
|move|p1a: Dentifrice|Swords Dance|p1a: Dentifrice
|-boost|p1a: Dentifrice|atk|2
|
|turn|17
|
|move|p1a: Dentifrice|Sucker Punch|p2a: Latios
|-fail|p2a: Latios
|move|p2a: Latios|Defog|p1a: Dentifrice
|-unboost|p1a: Dentifrice|evasion|1
|-sideend|p1: superpascal|Stealth Rock|[from] move: Defog|[of] p1a: Dentifrice
|-sideend|p2: Reverb|Spikes|[from] move: Defog|[of] p2a: Latios
|-sideend|p2: Reverb|Stealth Rock|[from] move: Defog|[of] p2a: Latios
|
|turn|18
|
|switch|p2a: Landorus-Therian|Landorus-Therian, M|168\/381
|-ability|p2a: Landorus-Therian|Intimidate|[of] p1a: Dentifrice
|-unboost|p1a: Dentifrice|atk|1
|move|p1a: Dentifrice|Play Rough|p2a: Landorus-Therian|[miss]
|-miss|p1a: Dentifrice|p2a: Landorus-Therian
|
|-heal|p2a: Landorus-Therian|191\/381|[from] item: Leftovers
|turn|19
|
|move|p2a: Landorus-Therian|Earthquake|p1a: Dentifrice
|-supereffective|p1a: Dentifrice
|-damage|p1a: Dentifrice|0 fnt
|faint|p1a: Dentifrice
|
|-heal|p2a: Landorus-Therian|214\/381|[from] item: Leftovers
|
|switch|p1a: Marine|Manaphy|401\/401
|turn|20
|
|move|p2a: Landorus-Therian|Earthquake|p1a: Marine
|-damage|p1a: Marine|233\/401
|move|p1a: Marine|Tail Glow|p1a: Marine
|-boost|p1a: Marine|spa|3
|
|-heal|p2a: Landorus-Therian|237\/381|[from] item: Leftovers
|-heal|p1a: Marine|258\/401|[from] item: Leftovers
|turn|21
|
|move|p2a: Landorus-Therian|Earthquake|p1a: Marine
|-damage|p1a: Marine|86\/401
|move|p1a: Marine|Ice Beam|p2a: Landorus-Therian
|-supereffective|p2a: Landorus-Therian
|-damage|p2a: Landorus-Therian|0 fnt
|faint|p2a: Landorus-Therian
|
|-heal|p1a: Marine|111\/401|[from] item: Leftovers
|
|switch|p2a: Latios|Latios, M|99\/301
|turn|22
|chat|Reverb|gg
|
|move|p2a: Latios|Thunderbolt|p1a: Marine
|-supereffective|p1a: Marine
|-damage|p1a: Marine|0 fnt
|-damage|p2a: Latios|69\/301|[from] item: Life Orb
|faint|p1a: Marine
|
|win|Reverb
|raw|Ladder updating...
|raw|superpascal's rating: 1929 &rarr; <strong>1900<\/strong><br \/>(-29 for losing)
|raw|Reverb's rating: 1766 &rarr; <strong>1795<\/strong><br \/>(+29 for winning)
|chat|superpascal|gg