|join|superpascal
|join|DingleBerry
|player|p1|superpascal|162
|player|p2|DingleBerry|101
|gametype|singles
|gen|6
|tier|OU
|rated
|clearpoke
|poke|p1|Manaphy
|poke|p1|Mawile, F
|poke|p1|Garchomp, M
|poke|p1|Togekiss, F
|poke|p1|Deoxys-Speed
|poke|p1|Aegislash, M
|poke|p2|Tyranitar, M
|poke|p2|Excadrill, M
|poke|p2|Thundurus, M
|poke|p2|Terrakion
|poke|p2|Gyarados, M
|poke|p2|Aegislash, M
|rule|Sleep Clause Mod: Limit one foe put to sleep
|rule|Species Clause: Limit one of each Pokemon
|rule|OHKO Clause: OHKO moves are banned
|rule|Moody Clause: Moody is banned
|rule|Evasion Moves Clause: Evasion moves are banned
|rule|Endless Battle Clause: Forcing endless battles is banned.
|rule|HP Percentage Mod: HP is reported as percentages
|teampreview
|
|start
|switch|p1a: Dentifrice|Mawile, F|303\/303
|switch|p2a: Aegislash|Aegislash, M|324\/324
|-ability|p1a: Dentifrice|Intimidate|[of] p2a: Aegislash
|-unboost|p2a: Aegislash|atk|1
|turn|1
|chat|superpascal|have fun :P
|chat|DingleBerry|you too
|
|switch|p2a: Tyranitar|Tyranitar, M|389\/389
|-weather|Sandstorm
|detailschange|p1a: Dentifrice|Mawile-Mega, F
|message|Mawile has Mega Evolved into Mega Mawile!
|move|p1a: Dentifrice|Play Rough|p2a: Tyranitar
|-supereffective|p2a: Tyranitar
|-damage|p2a: Tyranitar|0 fnt
|faint|p2a: Tyranitar
|
|-weather|Sandstorm|[upkeep]
|
|switch|p2a: Terrakion|Terrakion|323\/323
|turn|2
|
|move|p2a: Terrakion|Earthquake|p1a: Dentifrice
|-supereffective|p1a: Dentifrice
|-damage|p1a: Dentifrice|38\/303
|-damage|p2a: Terrakion|291\/323|[from] item: Life Orb
|move|p1a: Dentifrice|Iron Head|p2a: Terrakion
|-supereffective|p2a: Terrakion
|-damage|p2a: Terrakion|0 fnt
|faint|p2a: Terrakion
|
|-weather|Sandstorm|[upkeep]
|
|switch|p2a: Gyarados|Gyarados, M|332\/332
|-ability|p2a: Gyarados|Intimidate|[of] p1a: Dentifrice
|-unboost|p1a: Dentifrice|atk|1
|turn|3
|
|move|p2a: Gyarados|Dragon Dance|p2a: Gyarados
|-boost|p2a: Gyarados|atk|1
|-boost|p2a: Gyarados|spe|1
|move|p1a: Dentifrice|Play Rough|p2a: Gyarados
|-damage|p2a: Gyarados|65\/332
|
|-weather|Sandstorm|[upkeep]
|-damage|p2a: Gyarados|45\/332|[from] sandstorm
|turn|4
|
|detailschange|p2a: Gyarados|Gyarados-Mega, M
|message|Gyarados has Mega Evolved into Mega Gyarados!
|-ability|p2a: Gyarados|Mold Breaker
|move|p1a: Dentifrice|Sucker Punch|p2a: Gyarados
|-resisted|p2a: Gyarados
|-damage|p2a: Gyarados|0 fnt
|faint|p2a: Gyarados
|
|-weather|Sandstorm|[upkeep]
|
|switch|p2a: Aegislash|Aegislash, M|324\/324
|turn|5
|
|switch|p1a: Bisou|Togekiss, F|373\/373
|-formechange|p2a: Aegislash|Aegislash-Blade
|move|p2a: Aegislash|Shadow Sneak|p1a: Bisou
|-damage|p1a: Bisou|282\/373
|
|-weather|Sandstorm|[upkeep]
|-damage|p1a: Bisou|259\/373|[from] sandstorm
|turn|6
|
|move|p1a: Bisou|Fire Blast|p2a: Aegislash
|-supereffective|p2a: Aegislash
|-damage|p2a: Aegislash|0 fnt
|faint|p2a: Aegislash
|
|-weather|Sandstorm|[upkeep]
|-damage|p1a: Bisou|236\/373|[from] sandstorm
|
|switch|p2a: Excadrill|Excadrill, M|362\/362
|-item|p2a: Excadrill|Air Balloon
|turn|7
|
|move|p2a: Excadrill|Iron Head|p1a: Bisou
|-supereffective|p1a: Bisou
|-damage|p1a: Bisou|0 fnt
|faint|p1a: Bisou
|
|-weather|Sandstorm|[upkeep]
|
|switch|p1a: Marine|Manaphy|401\/401
|turn|8
|
|switch|p2a: Thundurus|Thundurus, M|299\/299
|move|p1a: Marine|Surf|p2a: Thundurus
|-damage|p2a: Thundurus|116\/299
|
|-weather|none
|-heal|p2a: Thundurus|134\/299|[from] item: Leftovers
|turn|9
|
|switch|p1a: 3fast5me|Deoxys-Speed|304\/304
|-ability|p1a: 3fast5me|Pressure
|move|p2a: Thundurus|Thunderbolt|p1a: 3fast5me
|-damage|p1a: 3fast5me|141\/304
|
|-heal|p2a: Thundurus|152\/299|[from] item: Leftovers
|turn|10
|
|move|p2a: Thundurus|Thunder Wave|p1a: 3fast5me
|-status|p1a: 3fast5me|par
|-enditem|p1a: 3fast5me|Lum Berry|[eat]
|-curestatus|p1a: 3fast5me|par
|move|p1a: 3fast5me|Psycho Boost|p2a: Thundurus
|-damage|p2a: Thundurus|0 fnt
|-unboost|p1a: 3fast5me|spa|2
|faint|p2a: Thundurus
|
|
|switch|p2a: Excadrill|Excadrill, M|362\/362
|-item|p2a: Excadrill|Air Balloon
|turn|11
|
|move|p1a: 3fast5me|Psycho Boost|p2a: Excadrill
|-resisted|p2a: Excadrill
|-damage|p2a: Excadrill|308\/362
|-enditem|p2a: Excadrill|Air Balloon
|-unboost|p1a: 3fast5me|spa|2
|move|p2a: Excadrill|Rapid Spin|p1a: 3fast5me
|-damage|p1a: 3fast5me|118\/304
|
|turn|12
|
|switch|p1a: Chompitychomp|Garchomp, M|419\/419
|move|p2a: Excadrill|Earthquake|p1a: Chompitychomp
|-damage|p1a: Chompitychomp|221\/419
|
|turn|13
|
|move|p1a: Chompitychomp|Earthquake|p2a: Excadrill
|-supereffective|p2a: Excadrill
|-damage|p2a: Excadrill|0 fnt
|faint|p2a: Excadrill
|
|win|superpascal
|raw|Ladder updating...
|raw|superpascal's rating: 1837 &rarr; <strong>1860<\/strong><br \/>(+23 for winning)
|raw|DingleBerry's rating: 1891 &rarr; <strong>1868<\/strong><br \/>(-23 for losing)
|leave|DingleBerry
|player|p2
|chat|superpascal|gg
|leave|superpascal
|player|p1