|join|BP Is For Fags
|join|superpascal
|player|p1|BP Is For Fags|170
|player|p2|superpascal|162
|gametype|singles
|gen|6
|tier|OU
|rated
|clearpoke
|poke|p1|Deoxys-Defense, shiny
|poke|p1|Bisharp, F
|poke|p1|Mawile, F
|poke|p1|Landorus, M
|poke|p1|Thundurus, M
|poke|p1|Aegislash, M
|poke|p2|Manaphy
|poke|p2|Mawile, F
|poke|p2|Garchomp, M
|poke|p2|Togekiss, F
|poke|p2|Deoxys-Speed
|poke|p2|Aegislash, M
|rule|Swagger Clause: Swagger is banned
|rule|Baton Pass Clause: Limit three PokÃ©mon knowing Baton Pass
|rule|Sleep Clause Mod: Limit one foe put to sleep
|rule|Species Clause: Limit one of each PokÃ©mon
|rule|OHKO Clause: OHKO moves are banned
|rule|Moody Clause: Moody is banned
|rule|Evasion Moves Clause: Evasion moves are banned
|rule|Endless Battle Clause: Forcing endless battles is banned
|rule|HP Percentage Mod: HP is reported as percentages
|teampreview
|chat|superpascal|Again?!
|join|Mr_Naruto_Craft
|chat|BP Is For Fags|hi again
|join|jake5
|chat|superpascal|well, have fun as usual
|chat|Mr_Naruto_Craft|gogo
|chat|BP Is For Fags|u2
|chat|superpascal|I hope I can win at least one of them
|chat|Mr_Naruto_Craft|im watching u 2 :)
|
|start
|switch|p1a: Deoxys-Defense|Deoxys-Defense, shiny|304\/304
|switch|p2a: Dentifrice|Mawile, F|303\/303
|-ability|p1a: Deoxys-Defense|Pressure
|-ability|p2a: Dentifrice|Intimidate|[of] p1a: Deoxys-Defense
|-unboost|p1a: Deoxys-Defense|atk|1
|turn|1
|chat|superpascal|Same old start
|chat|superpascal|same old 50-50 prediction
|
|detailschange|p2a: Dentifrice|Mawile-Mega, F
|message|Mawile has Mega Evolved into Mega Mawile!
|move|p1a: Deoxys-Defense|Taunt|p2a: Dentifrice
|-start|p2a: Dentifrice|move: Taunt
|move|p2a: Dentifrice|Iron Head|p1a: Deoxys-Defense
|-damage|p1a: Deoxys-Defense|115\/304
|
|turn|2
|chat|Mr_Naruto_Craft|i dont have enough patience to watch battles
|leave|Mr_Naruto_Craft
|chat|jake5|then why was here lol
|chat|superpascal|well at the very least you won't get as many hazards thios time
|
|move|p1a: Deoxys-Defense|Stealth Rock|p2a: Dentifrice
|-sidestart|p2: superpascal|move: Stealth Rock
|move|p2a: Dentifrice|Iron Head|p1a: Deoxys-Defense
|-damage|p1a: Deoxys-Defense|0 fnt
|faint|p1a: Deoxys-Defense
|
|
|switch|p1a: Landorus|Landorus, M|319\/319
|turn|3
|chat|superpascal|sludge wave or psychic, that is the question?
|chat|superpascal|as your coverage move I mean
|join|jfdasbv+
|
|switch|p2a: 3fast5me|Deoxys-Speed|304\/304
|-damage|p2a: 3fast5me|266\/304|[from] Stealth Rock
|-ability|p2a: 3fast5me|Pressure
|move|p1a: Landorus|Earth Power|p2a: 3fast5me
|-damage|p2a: 3fast5me|11\/304
|
|turn|4
|chat|jfdasbv+|Psychic i think
|
|move|p2a: 3fast5me|Stealth Rock|p1a: Landorus
|-sidestart|p1: BP Is For Fags|move: Stealth Rock
|move|p1a: Landorus|Earth Power|p2a: 3fast5me
|-damage|p2a: 3fast5me|0 fnt
|faint|p2a: 3fast5me
|
|
|switch|p2a: Marine|Manaphy|401\/401
|-damage|p2a: Marine|351\/401|[from] Stealth Rock
|turn|5
|chat|superpascal|I still won't risk it
|
|switch|p1a: Aegislash|Aegislash, M|322\/322
|-damage|p1a: Aegislash|302\/322|[from] Stealth Rock
|-item|p1a: Aegislash|Air Balloon
|move|p2a: Marine|Ice Beam|p1a: Aegislash
|-resisted|p1a: Aegislash
|-damage|p1a: Aegislash|269\/322
|-enditem|p1a: Aegislash|Air Balloon
|
|-heal|p2a: Marine|376\/401|[from] item: Leftovers
|turn|6
|
|move|p2a: Marine|Tail Glow|p2a: Marine
|-boost|p2a: Marine|spa|3
|-formechange|p1a: Aegislash|Aegislash-Blade
|move|p1a: Aegislash|Shadow Ball|p2a: Marine
|-damage|p2a: Marine|211\/401
|-unboost|p2a: Marine|spd|1
|
|-heal|p2a: Marine|236\/401|[from] item: Leftovers
|turn|7
|
|-formechange|p1a: Aegislash|Aegislash
|move|p1a: Aegislash|King's Shield|p1a: Aegislash
|-singleturn|p1a: Aegislash|Protect
|move|p2a: Marine|Surf|p1a: Aegislash
|-activate|p1a: Aegislash|Protect
|
|-heal|p2a: Marine|261\/401|[from] item: Leftovers
|turn|8
|chat|jake5|dat spdef drop 
|chat|jake5|wonder if it ohkos
|
|move|p2a: Marine|Surf|p1a: Aegislash
|-damage|p1a: Aegislash|13\/322
|-formechange|p1a: Aegislash|Aegislash-Blade
|move|p1a: Aegislash|Shadow Ball|p2a: Marine
|-damage|p2a: Marine|0 fnt
|faint|p2a: Marine
|
|chat|jake5|surf
|chat|jake5|lol no
|chat|superpascal|This is a situation where I should have done the calcs
|chat|jake5|i agree
|chat|superpascal|but it usually kos at that range
|
|switch|p2a: S&S|Aegislash, M|322\/322
|-damage|p2a: S&S|302\/322|[from] Stealth Rock
|turn|9
|chat|jake5|might be invested in spdef
|chat|jake5|although very unlikely
|
|move|p2a: S&S|Swords Dance|p2a: S&S
|-boost|p2a: S&S|atk|2
|move|p1a: Aegislash|Shadow Ball|p2a: S&S
|-supereffective|p2a: S&S
|-damage|p2a: S&S|72\/322
|-enditem|p2a: S&S|Weakness Policy
|-boost|p2a: S&S|atk|2|[from] item: Weakness Policy
|-boost|p2a: S&S|spa|2|[from] item: Weakness Policy
|-unboost|p2a: S&S|spd|1
|
|turn|10
|chat|BP Is For Fags|oh no
|
|move|p2a: S&S|King's Shield|p2a: S&S
|-singleturn|p2a: S&S|Protect
|-formechange|p1a: Aegislash|Aegislash
|move|p1a: Aegislash|King's Shield|p1a: Aegislash
|-fail|p1a: Aegislash
|
|turn|11
|chat|jake5|hmm pascal's outspeeds
|
|-formechange|p2a: S&S|Aegislash-Blade
|move|p2a: S&S|Shadow Sneak|p1a: Aegislash
|-supereffective|p1a: Aegislash
|-damage|p1a: Aegislash|0 fnt
|faint|p1a: Aegislash
|
|
|switch|p1a: Bisharp|Bisharp, F|271\/271
|-damage|p1a: Bisharp|255\/271|[from] Stealth Rock
|turn|12
|
|move|p1a: Bisharp|Knock Off|p2a: S&S
|-supereffective|p2a: S&S
|-damage|p2a: S&S|0 fnt
|-damage|p1a: Bisharp|228\/271|[from] item: Life Orb
|faint|p2a: S&S
|
|
|switch|p2a: Dentifrice|Mawile-Mega, F|303\/303
|-damage|p2a: Dentifrice|285\/303|[from] Stealth Rock
|turn|13
|
|move|p1a: Bisharp|Iron Head|p2a: Dentifrice
|-crit|p2a: Dentifrice
|-damage|p2a: Dentifrice|59\/303
|-damage|p1a: Bisharp|201\/271|[from] item: Life Orb
|move|p2a: Dentifrice|Play Rough|p1a: Bisharp
|-damage|p1a: Bisharp|0 fnt
|faint|p1a: Bisharp
|
|
|switch|p1a: Landorus|Landorus, M|319\/319
|-damage|p1a: Landorus|280\/319|[from] Stealth Rock
|turn|14
|
|switch|p2a: Bisou|Togekiss, F|373\/373
|-damage|p2a: Bisou|280\/373|[from] Stealth Rock
|move|p1a: Landorus|Earth Power|p2a: Bisou
|-immune|p2a: Bisou|[msg]
|
|turn|15
|chat|superpascal|I just hope there's no sludge wave coming for me
|
|move|p1a: Landorus|Psychic|p2a: Bisou
|-crit|p2a: Bisou
|-damage|p2a: Bisou|66\/373
|move|p2a: Bisou|Dazzling Gleam|p1a: Landorus
|-damage|p1a: Landorus|21\/319
|
|turn|16
|chat|jake5|iirc he doesn't have it
|chat|superpascal|I should have calced that too
|
|move|p1a: Landorus|Psychic|p2a: Bisou
|-damage|p2a: Bisou|0 fnt
|faint|p2a: Bisou
|
|chat|jake5|not many landos run it
|
|switch|p2a: Dentifrice|Mawile-Mega, F|59\/303
|-damage|p2a: Dentifrice|41\/303|[from] Stealth Rock
|turn|17
|
|move|p2a: Dentifrice|Sucker Punch|p1a: Landorus
|-damage|p1a: Landorus|0 fnt
|faint|p1a: Landorus
|
|
|switch|p1a: Mawile|Mawile, F|303\/303
|-damage|p1a: Mawile|285\/303|[from] Stealth Rock
|-ability|p1a: Mawile|Intimidate|[of] p2a: Dentifrice
|-unboost|p2a: Dentifrice|atk|1
|turn|18
|chat|superpascal|This is gonna end badly for me.....
|
|switch|p2a: Chompitychomp|Garchomp, M|419\/419
|-damage|p2a: Chompitychomp|393\/419|[from] Stealth Rock
|detailschange|p1a: Mawile|Mawile-Mega, F
|message|Mawile has Mega Evolved into Mega Mawile!
|move|p1a: Mawile|Play Rough|p2a: Chompitychomp
|-supereffective|p2a: Chompitychomp
|-damage|p2a: Chompitychomp|0 fnt
|-damage|p1a: Mawile|248\/303|[from] ability: Rough Skin|[of] p2a: Chompitychomp
|faint|p2a: Chompitychomp
|
|chat|jake5|outpredicted
|chat|superpascal|not really
|chat|jake5|yeah its not over yet
|chat|superpascal|there were no scenario where I could have won the outcome easily
|
|switch|p2a: Dentifrice|Mawile-Mega, F|41\/303
|-damage|p2a: Dentifrice|23\/303|[from] Stealth Rock
|turn|19
|chat|jake5|wonder whose faster
|chat|BP Is For Fags|this might be bad for me
|chat|jfdasbv+|now Swords Dance
|chat|jake5|252+ Atk Huge Power Mega Mawile Sucker Punch vs. 252 HP \/ 0 Def Mega Mawile: 68-80 (22.3 - 26.3%) -- 15.9% chance to 4HKO
|
|move|p1a: Mawile|Sucker Punch|p2a: Dentifrice
|-fail|p2a: Dentifrice
|move|p2a: Dentifrice|Swords Dance|p2a: Dentifrice
|-boost|p2a: Dentifrice|atk|2
|
|turn|20
|chat|superpascal|I might still have a chance
|chat|jake5|maybe but gotta outpredict every time
|chat|superpascal|but I need to outpredict him on this decisive turn
|chat|superpascal|and that not going to be easy becasue every option is viable
|chat|jake5|and there thundy too
|chat|jake5|can parahax you
|chat|superpascal|yep
|
|move|p1a: Mawile|Sucker Punch|p2a: Dentifrice
|-resisted|p2a: Dentifrice
|-damage|p2a: Dentifrice|0 fnt
|faint|p2a: Dentifrice
|
|win|BP Is For Fags
|raw|Ladder updating...
|raw|BP Is For Fags's rating: 1907 &rarr; <strong>1927<\/strong><br \/>(+20 for winning)
|raw|superpascal's rating: 1907 &rarr; <strong>1887<\/strong><br \/>(-20 for losing)
|chat|superpascal|wait
|chat|jake5|lol that was fast
|chat|BP Is For Fags|that was close
|chat|superpascal|how much speed evs did you had?
|chat|BP Is For Fags|i only run 8 speed
|chat|superpascal|So that was a speed tie
|chat|jake5|unlucky xD
|chat|BP Is For Fags|huh, yeah
|chat|superpascal|anyways, gg
|chat|BP Is For Fags|gg