|join|superpascal
|join|manu123 minggu
|player|p1|superpascal|162
|player|p2|manu123 minggu|233
|gametype|singles
|gen|6
|tier|OU
|rated
|clearpoke
|poke|p1|Manaphy
|poke|p1|Mawile, F
|poke|p1|Garchomp, M
|poke|p1|Togekiss, F
|poke|p1|Deoxys-Speed
|poke|p1|Aegislash, M
|poke|p2|Azumarill, M
|poke|p2|Ferrothorn, M
|poke|p2|Heatran, F
|poke|p2|Garchomp, F
|poke|p2|Deoxys-Speed
|poke|p2|Latias, F
|rule|Sleep Clause Mod: Limit one foe put to sleep
|rule|Species Clause: Limit one of each Pokemon
|rule|OHKO Clause: OHKO moves are banned
|rule|Moody Clause: Moody is banned
|rule|Evasion Moves Clause: Evasion moves are banned
|rule|Endless Battle Clause: Forcing endless battles is banned.
|rule|HP Percentage Mod: HP is reported as percentages
|teampreview
|
|start
|switch|p1a: Bisou|Togekiss, F|373\/373
|switch|p2a: Focus Blast Magnet|Ferrothorn, M|352\/352
|turn|1
|chat|superpascal|have fun! Great nickname btw
|
|switch|p2a: SD Chomp|Garchomp, F|358\/358
|move|p1a: Bisou|Fire Blast|p2a: SD Chomp
|-resisted|p2a: SD Chomp
|-damage|p2a: SD Chomp|250\/358
|
|turn|2
|chat|manu123 minggu|thanks you too
|
|switch|p1a: 3fast5me|Deoxys-Speed|304\/304
|-ability|p1a: 3fast5me|Pressure
|move|p2a: SD Chomp|Stealth Rock|p1a: 3fast5me
|-sidestart|p1: superpascal|move: Stealth Rock
|
|turn|3
|
|move|p1a: 3fast5me|Stealth Rock|p2a: SD Chomp
|-sidestart|p2: manu123 minggu|move: Stealth Rock
|move|p2a: SD Chomp|Earthquake|p1a: 3fast5me
|-damage|p1a: 3fast5me|168\/304
|
|turn|4
|
|move|p1a: 3fast5me|Spikes|p2a: SD Chomp
|-sidestart|p2: manu123 minggu|Spikes
|move|p2a: SD Chomp|Earthquake|p1a: 3fast5me
|-damage|p1a: 3fast5me|26\/304
|
|turn|5
|
|move|p1a: 3fast5me|Psycho Boost|p2a: SD Chomp
|-damage|p2a: SD Chomp|63\/358
|-unboost|p1a: 3fast5me|spa|2
|move|p2a: SD Chomp|Earthquake|p1a: 3fast5me
|-damage|p1a: 3fast5me|0 fnt
|faint|p1a: 3fast5me
|
|
|switch|p1a: Bisou|Togekiss, F|373\/373
|-damage|p1a: Bisou|280\/373|[from] Stealth Rock
|turn|6
|join|zoobs
|
|switch|p2a: Focus Blast Magnet|Ferrothorn, M|352\/352
|-damage|p2a: Focus Blast Magnet|330\/352|[from] Stealth Rock
|-damage|p2a: Focus Blast Magnet|286\/352|[from] Spikes
|move|p1a: Bisou|Air Slash|p2a: Focus Blast Magnet
|-damage|p2a: Focus Blast Magnet|115\/352
|
|-heal|p2a: Focus Blast Magnet|137\/352|[from] item: Leftovers
|turn|7
|
|move|p1a: Bisou|Air Slash|p2a: Focus Blast Magnet
|-damage|p2a: Focus Blast Magnet|0 fnt
|faint|p2a: Focus Blast Magnet
|
|
|switch|p2a: Hazards|Deoxys-Speed|241\/241
|-damage|p2a: Hazards|211\/241|[from] Spikes
|-damage|p2a: Hazards|181\/241|[from] Stealth Rock
|-ability|p2a: Hazards|Pressure
|turn|8
|
|move|p2a: Hazards|Ice Beam|p1a: Bisou
|-supereffective|p1a: Bisou
|-damage|p1a: Bisou|85\/373
|-status|p1a: Bisou|frz
|-damage|p2a: Hazards|157\/241|[from] item: Life Orb
|cant|p1a: Bisou|frz
|
|turn|9
|
|switch|p2a: Defog|Latias, F|302\/302
|-damage|p2a: Defog|265\/302|[from] Stealth Rock
|-curestatus|p1a: Bisou|frz
|move|p1a: Bisou|Air Slash|p2a: Defog
|-damage|p2a: Defog|88\/302
|
|-heal|p2a: Defog|106\/302|[from] item: Leftovers
|turn|10
|
|move|p2a: Defog|Defog|p1a: Bisou
|-unboost|p1a: Bisou|evasion|1
|-sideend|p1: superpascal|Stealth Rock|[from] move: Defog|[of] p1a: Bisou
|-sideend|p2: manu123 minggu|Spikes|[from] move: Defog|[of] p2a: Defog
|-sideend|p2: manu123 minggu|Stealth Rock|[from] move: Defog|[of] p2a: Defog
|move|p1a: Bisou|Air Slash|p2a: Defog
|-damage|p2a: Defog|0 fnt
|faint|p2a: Defog
|
|
|switch|p2a: Hazards|Deoxys-Speed|157\/241
|-ability|p2a: Hazards|Pressure
|turn|11
|
|switch|p1a: S&S|Aegislash, M|323\/323
|move|p2a: Hazards|Ice Beam|p1a: S&S
|-resisted|p1a: S&S
|-damage|p1a: S&S|287\/323
|-status|p1a: S&S|frz
|-damage|p2a: Hazards|133\/241|[from] item: Life Orb
|
|turn|12
|chat|superpascal|really :P
|chat|manu123 minggu|sorry
|
|switch|p2a: Air Tran|Heatran, F|383\/383
|-item|p2a: Air Tran|Air Balloon
|-formechange|p1a: S&S|Aegislash-Blade
|cant|p1a: S&S|frz
|
|turn|13
|
|switch|p1a: Marine|Manaphy|401\/401
|move|p2a: Air Tran|Stealth Rock|p1a: Marine
|-sidestart|p1: superpascal|move: Stealth Rock
|
|turn|14
|
|switch|p2a: SD Chomp|Garchomp, F|63\/358
|move|p1a: Marine|Tail Glow|p1a: Marine
|-boost|p1a: Marine|spa|3
|
|turn|15
|
|move|p2a: SD Chomp|Outrage|p1a: Marine
|-damage|p1a: Marine|184\/401
|move|p1a: Marine|Surf|p2a: SD Chomp
|-damage|p2a: SD Chomp|0 fnt
|faint|p2a: SD Chomp
|
|-heal|p1a: Marine|209\/401|[from] item: Leftovers
|
|switch|p2a: Hazards|Deoxys-Speed|133\/241
|-ability|p2a: Hazards|Pressure
|turn|16
|
|switch|p1a: S&S|Aegislash, M|287\/323 frz
|-damage|p1a: S&S|267\/323 frz|[from] Stealth Rock
|move|p2a: Hazards|Psycho Boost|p1a: S&S
|-resisted|p1a: S&S
|-damage|p1a: S&S|170\/323 frz
|-unboost|p2a: Hazards|spa|2
|-damage|p2a: Hazards|109\/241|[from] item: Life Orb
|
|turn|17
|
|switch|p2a: Air Tran|Heatran, F|383\/383
|-item|p2a: Air Tran|Air Balloon
|-formechange|p1a: S&S|Aegislash-Blade
|cant|p1a: S&S|frz
|
|turn|18
|
|cant|p1a: S&S|frz
|move|p2a: Air Tran|Lava Plume|p1a: S&S
|-supereffective|p1a: S&S
|-damage|p1a: S&S|0 fnt
|faint|p1a: S&S
|
|
|switch|p1a: Marine|Manaphy|209\/401
|-damage|p1a: Marine|159\/401|[from] Stealth Rock
|turn|19
|
|move|p1a: Marine|Surf|p2a: Air Tran
|-supereffective|p2a: Air Tran
|-damage|p2a: Air Tran|95\/383
|-enditem|p2a: Air Tran|Air Balloon
|move|p2a: Air Tran|Roar|p1a: Marine
|drag|p1a: Dentifrice|Mawile, F|303\/303
|-damage|p1a: Dentifrice|285\/303|[from] Stealth Rock
|-ability|p1a: Dentifrice|Intimidate|[of] p2a: Air Tran
|-unboost|p2a: Air Tran|atk|1
|
|turn|20
|
|detailschange|p1a: Dentifrice|Mawile-Mega, F
|message|Mawile has Mega Evolved into Mega Mawile!
|move|p1a: Dentifrice|Sucker Punch|p2a: Air Tran
|-damage|p2a: Air Tran|0 fnt
|faint|p2a: Air Tran
|
|
|switch|p2a: Choice Band|Azumarill, M|342\/342
|turn|21
|
|move|p2a: Choice Band|Belly Drum|p2a: Choice Band
|-damage|p2a: Choice Band|171\/342
|-setboost|p2a: Choice Band|atk|6|[from] move: Belly Drum
|-enditem|p2a: Choice Band|Sitrus Berry|[eat]
|-heal|p2a: Choice Band|256\/342|[from] item: Sitrus Berry
|move|p1a: Dentifrice|Iron Head|p2a: Choice Band
|-damage|p2a: Choice Band|0 fnt
|faint|p2a: Choice Band
|
|chat|manu123 minggu|gg
|chat|superpascal|gg
|
|switch|p2a: Hazards|Deoxys-Speed|109\/241
|-ability|p2a: Hazards|Pressure
|turn|22
|
|move|p2a: Hazards|Fire Punch|p1a: Dentifrice
|-supereffective|p1a: Dentifrice
|-damage|p1a: Dentifrice|163\/303
|-damage|p2a: Hazards|85\/241|[from] item: Life Orb
|move|p1a: Dentifrice|Iron Head|p2a: Hazards
|-damage|p2a: Hazards|0 fnt
|faint|p2a: Hazards
|
|win|superpascal
|raw|Ladder updating...
|raw|superpascal's rating: 1779 &rarr; <strong>1790<\/strong><br \/>(+11 for winning)
|raw|manu123 minggu's rating: 1613 &rarr; <strong>1602<\/strong><br \/>(-11 for losing)
|leave|manu123 minggu
|player|p2
|leave|superpascal
|player|p1