|join|superpascal
|join|ceilingcat6
|player|p1|superpascal|162
|player|p2|ceilingcat6|166
|gametype|singles
|gen|6
|tier|OU
|rated
|clearpoke
|poke|p1|Manaphy
|poke|p1|Mawile, F
|poke|p1|Garchomp, M
|poke|p1|Togekiss, F
|poke|p1|Deoxys-Speed
|poke|p1|Aegislash, M
|poke|p2|Chansey, F
|poke|p2|Hippowdon, F
|poke|p2|Rotom-Wash
|poke|p2|Scizor, F
|poke|p2|Ditto
|poke|p2|Gothitelle, F
|rule|Sleep Clause Mod: Limit one foe put to sleep
|rule|Species Clause: Limit one of each Pokemon
|rule|OHKO Clause: OHKO moves are banned
|rule|Moody Clause: Moody is banned
|rule|Evasion Moves Clause: Evasion moves are banned
|rule|Endless Battle Clause: Forcing endless battles is banned.
|rule|HP Percentage Mod: HP is reported as percentages
|teampreview
|
|start
|switch|p1a: 3fast5me|Deoxys-Speed|304\/304
|switch|p2a: Scizor|Scizor, F|344\/344
|-ability|p1a: 3fast5me|Pressure
|turn|1
|chat|superpascal|have fun
|chat|ceilingcat6|i might
|chat|superpascal|:O
|
|switch|p1a: S&S|Aegislash, M|323\/323
|-formechange|p2a: Scizor|Scizor-Mega
|message|Scizor has Mega Evolved into Mega Scizor!
|move|p2a: Scizor|Knock Off|p1a: S&S
|-supereffective|p1a: S&S
|-damage|p1a: S&S|147\/323
|-enditem|p1a: S&S|Weakness Policy
|-boost|p1a: S&S|atk|2|[from] item: Weakness Policy
|-boost|p1a: S&S|spa|2|[from] item: Weakness Policy
|
|turn|2
|
|move|p2a: Scizor|Knock Off|p1a: S&S
|-supereffective|p1a: S&S
|-damage|p1a: S&S|35\/323
|-formechange|p1a: S&S|Aegislash-Blade
|move|p1a: S&S|Sacred Sword|p2a: Scizor
|-damage|p2a: Scizor|183\/344
|
|turn|3
|
|-formechange|p1a: S&S|Aegislash
|move|p1a: S&S|King's Shield|p1a: S&S
|-singleturn|p1a: S&S|Protect
|move|p2a: Scizor|Roost|p2a: Scizor
|-heal|p2a: Scizor|344\/344
|
|turn|4
|
|move|p1a: S&S|King's Shield|p1a: S&S
|-fail|p1a: S&S
|move|p2a: Scizor|Bullet Punch|p1a: S&S
|-resisted|p1a: S&S
|-damage|p1a: S&S|0 fnt
|faint|p1a: S&S
|
|
|switch|p1a: Bisou|Togekiss, F|373\/373
|turn|5
|
|switch|p2a: Chansey|Chansey, F|641\/641
|move|p1a: Bisou|Fire Blast|p2a: Chansey
|-damage|p2a: Chansey|541\/641
|
|turn|6
|
|switch|p1a: 3fast5me|Deoxys-Speed|304\/304
|-ability|p1a: 3fast5me|Pressure
|move|p2a: Chansey|Thunder Wave|p1a: 3fast5me
|-status|p1a: 3fast5me|par
|-enditem|p1a: 3fast5me|Lum Berry|[eat]
|-curestatus|p1a: 3fast5me|par
|
|turn|7
|
|move|p1a: 3fast5me|Stealth Rock|p2a: Chansey
|-sidestart|p2: ceilingcat6|move: Stealth Rock
|move|p2a: Chansey|Thunder Wave|p1a: 3fast5me
|-status|p1a: 3fast5me|par
|
|turn|8
|
|move|p2a: Chansey|Seismic Toss|p1a: 3fast5me
|-damage|p1a: 3fast5me|204\/304 par
|move|p1a: 3fast5me|Spikes|p2a: Chansey
|-sidestart|p2: ceilingcat6|Spikes
|
|turn|9
|
|switch|p1a: Dentifrice|Mawile, F|303\/303
|-ability|p1a: Dentifrice|Intimidate|[of] p2a: Chansey
|-unboost|p2a: Chansey|atk|1
|move|p2a: Chansey|Seismic Toss|p1a: Dentifrice
|-damage|p1a: Dentifrice|203\/303
|
|turn|10
|
|-formechange|p1a: Dentifrice|Mawile-Mega
|message|Mawile has Mega Evolved into Mega Mawile!
|move|p2a: Chansey|Seismic Toss|p1a: Dentifrice
|-damage|p1a: Dentifrice|103\/303
|move|p1a: Dentifrice|Iron Head|p2a: Chansey
|-damage|p2a: Chansey|169\/641
|
|turn|11
|chat|superpascal|wt heck? A chansey with speed EVs XD
|
|move|p2a: Chansey|Soft-Boiled|p2a: Chansey
|-heal|p2a: Chansey|490\/641
|move|p1a: Dentifrice|Iron Head|p2a: Chansey
|-damage|p2a: Chansey|150\/641
|
|turn|12
|chat|ceilingcat6|gotta go fast
|
|move|p2a: Chansey|Soft-Boiled|p2a: Chansey
|-heal|p2a: Chansey|471\/641
|move|p1a: Dentifrice|Play Rough|p2a: Chansey
|-damage|p2a: Chansey|53\/641
|-unboost|p2a: Chansey|atk|1
|
|turn|13
|
|move|p2a: Chansey|Thunder Wave|p1a: Dentifrice
|-status|p1a: Dentifrice|par
|cant|p1a: Dentifrice|par
|
|turn|14
|
|move|p2a: Chansey|Seismic Toss|p1a: Dentifrice
|-damage|p1a: Dentifrice|3\/303 par
|move|p1a: Dentifrice|Play Rough|p2a: Chansey
|-damage|p2a: Chansey|0 fnt
|faint|p2a: Chansey
|
|
|switch|p2a: Hippowdon|Hippowdon, F|420\/420
|-damage|p2a: Hippowdon|394\/420|[from] Stealth Rock
|-damage|p2a: Hippowdon|342\/420|[from] Spikes
|turn|15
|
|switch|p1a: Bisou|Togekiss, F|373\/373
|move|p2a: Hippowdon|Stealth Rock|p1a: Bisou
|-sidestart|p1: superpascal|move: Stealth Rock
|
|-heal|p2a: Hippowdon|368\/420|[from] item: Leftovers
|turn|16
|
|move|p1a: Bisou|Air Slash|p2a: Hippowdon
|-damage|p2a: Hippowdon|85\/420
|move|p2a: Hippowdon|Toxic|p1a: Bisou
|-status|p1a: Bisou|tox
|
|-heal|p2a: Hippowdon|111\/420|[from] item: Leftovers
|-damage|p1a: Bisou|350\/373 tox|[from] psn
|turn|17
|
|move|p1a: Bisou|Air Slash|p2a: Hippowdon
|-damage|p2a: Hippowdon|0 fnt
|faint|p2a: Hippowdon
|
|-damage|p1a: Bisou|304\/373 tox|[from] psn
|
|switch|p2a: Rotom-Wash|Rotom-Wash|304\/304
|-damage|p2a: Rotom-Wash|266\/304|[from] Stealth Rock
|turn|18
|
|switch|p1a: Dentifrice|Mawile, F|3\/303 par
|-formechange|p1a: Dentifrice|Mawile-Mega
|-damage|p1a: Dentifrice|0 fnt|[from] Stealth Rock
|faint|p1a: Dentifrice
|move|p2a: Rotom-Wash|Hydro Pump|p1: Dentifrice|[notarget]
|-notarget
|
|-heal|p2a: Rotom-Wash|285\/304|[from] item: Leftovers
|
|switch|p1a: Marine|Manaphy|401\/401
|-damage|p1a: Marine|351\/401|[from] Stealth Rock
|turn|19
|
|move|p1a: Marine|Energy Ball|p2a: Rotom-Wash
|-supereffective|p2a: Rotom-Wash
|-damage|p2a: Rotom-Wash|115\/304
|move|p2a: Rotom-Wash|Volt Switch|p1a: Marine
|-supereffective|p1a: Marine
|-damage|p1a: Marine|193\/401
|
|switch|p2a: Gothitelle|Gothitelle, F|301\/301
|-damage|p2a: Gothitelle|264\/301|[from] Stealth Rock
|-damage|p2a: Gothitelle|227\/301|[from] Spikes
|
|-heal|p1a: Marine|218\/401|[from] item: Leftovers
|turn|20
|
|move|p2a: Gothitelle|Psychic|p1a: Marine
|-damage|p1a: Marine|83\/401
|move|p1a: Marine|Surf|p2a: Gothitelle
|-damage|p2a: Gothitelle|101\/301
|
|-heal|p1a: Marine|108\/401|[from] item: Leftovers
|turn|21
|
|move|p2a: Gothitelle|Psychic|p1a: Marine
|-damage|p1a: Marine|0 fnt
|faint|p1a: Marine
|
|
|switch|p1a: Bisou|Togekiss, F|304\/373 tox
|-damage|p1a: Bisou|211\/373 tox|[from] Stealth Rock
|turn|22
|
|move|p2a: Gothitelle|Psychic|p1a: Bisou
|-damage|p1a: Bisou|88\/373 tox
|move|p1a: Bisou|Air Slash|p2a: Gothitelle
|-damage|p2a: Gothitelle|0 fnt
|faint|p2a: Gothitelle
|
|-damage|p1a: Bisou|65\/373 tox|[from] psn
|
|switch|p2a: Scizor|Scizor, F|344\/344
|-formechange|p2a: Scizor|Scizor-Mega
|-damage|p2a: Scizor|301\/344|[from] Spikes
|-damage|p2a: Scizor|258\/344|[from] Stealth Rock
|turn|23
|
|move|p2a: Scizor|Bullet Punch|p1a: Bisou
|-supereffective|p1a: Bisou
|-damage|p1a: Bisou|0 fnt
|faint|p1a: Bisou
|
|
|switch|p1a: Chompitychomp|Garchomp, M|419\/419
|-damage|p1a: Chompitychomp|393\/419|[from] Stealth Rock
|turn|24
|
|move|p1a: Chompitychomp|Stone Edge|p2a: Scizor|[miss]
|-miss|p1a: Chompitychomp|p2a: Scizor
|move|p2a: Scizor|Knock Off|p1a: Chompitychomp
|-damage|p1a: Chompitychomp|272\/419
|-damage|p2a: Scizor|215\/344|[from] ability: Rough Skin|[of] p1a: Chompitychomp
|-enditem|p1a: Chompitychomp|Choice Scarf|[from] move: Knock Off|[of] p2a: Scizor
|
|turn|25
|
|move|p1a: Chompitychomp|Fire Blast|p2a: Scizor
|-supereffective|p2a: Scizor
|-damage|p2a: Scizor|0 fnt
|faint|p2a: Scizor
|
|
|switch|p2a: Ditto|Ditto|300\/300
|-damage|p2a: Ditto|263\/300|[from] Stealth Rock
|-damage|p2a: Ditto|226\/300|[from] Spikes
|-transform|p2a: Ditto|p1a: Chompitychomp
|turn|26
|
|move|p2a: Ditto|Outrage|p1a: Chompitychomp
|-supereffective|p1a: Chompitychomp
|-damage|p1a: Chompitychomp|0 fnt
|-damage|p2a: Ditto|189\/300|[from] ability: Rough Skin|[of] p1a: Chompitychomp
|faint|p1a: Chompitychomp
|
|chat|superpascal|gg
|chat|ceilingcat6|gg
|
|switch|p1a: 3fast5me|Deoxys-Speed|204\/304 par
|-damage|p1a: 3fast5me|166\/304 par|[from] Stealth Rock
|-ability|p1a: 3fast5me|Pressure
|turn|27
|
|move|p2a: Ditto|Outrage|p1a: 3fast5me
|-damage|p1a: 3fast5me|0 fnt
|faint|p1a: 3fast5me
|
|win|ceilingcat6
|raw|Ladder updating...
|raw|superpascal's rating: 1830 &rarr; <strong>1813<\/strong><br \/>(-17 for losing)
|raw|ceilingcat6's rating: 1874 &rarr; <strong>1891<\/strong><br \/>(+17 for winning)
|leave|superpascal
|player|p1