|join|u got slowbro'ed
|join|superpascal
|player|p1|u got slowbro'ed|167
|player|p2|superpascal|162
|gametype|singles
|gen|6
|tier|OU
|rated
|clearpoke
|poke|p1|Slowbro, F
|poke|p1|Latios, M
|poke|p1|Heatran, F
|poke|p1|Scizor, M
|poke|p1|Clefable, F
|poke|p1|Terrakion
|poke|p2|Manaphy
|poke|p2|Mawile, F
|poke|p2|Garchomp, M
|poke|p2|Togekiss, F
|poke|p2|Deoxys-Speed
|poke|p2|Aegislash, M
|rule|Swagger Clause: Swagger is banned
|rule|Baton Pass Clause: Limit 3 pokemon knowing Baton Pass
|rule|Sleep Clause Mod: Limit one foe put to sleep
|rule|Species Clause: Limit one of each Pokemon
|rule|OHKO Clause: OHKO moves are banned
|rule|Moody Clause: Moody is banned
|rule|Evasion Moves Clause: Evasion moves are banned
|rule|Endless Battle Clause: Forcing endless battles is banned
|rule|HP Percentage Mod: HP is reported as percentages
|teampreview
|chat|superpascal|have fun :)
|join|Lone94
|
|start
|switch|p1a: Scizor|Scizor, M|342\/342
|switch|p2a: Bisou|Togekiss, F|373\/373
|turn|1
|
|switch|p1a: Calm|Heatran, F|385\/385
|move|p2a: Bisou|Fire Blast|p1a: Calm
|-start|p1a: Calm|ability: Flash Fire
|
|turn|2
|
|switch|p2a: Marine|Manaphy|401\/401
|move|p1a: Calm|Stealth Rock|p2a: Marine
|-sidestart|p2: superpascal|move: Stealth Rock
|
|turn|3
|
|switch|p1a: Modest|Latios, M|302\/302
|move|p2a: Marine|Surf|p1a: Modest
|-resisted|p1a: Modest
|-damage|p1a: Modest|239\/302
|
|turn|4
|
|switch|p1a: Calm|Heatran, F|385\/385
|switch|p2a: S&S|Aegislash, M|322\/322
|-damage|p2a: S&S|302\/322|[from] Stealth Rock
|
|turn|5
|
|move|p1a: Calm|Lava Plume|p2a: S&S
|-supereffective|p2a: S&S
|-damage|p2a: S&S|140\/322
|-enditem|p2a: S&S|Weakness Policy
|-boost|p2a: S&S|atk|2|[from] item: Weakness Policy
|-boost|p2a: S&S|spa|2|[from] item: Weakness Policy
|-formechange|p2a: S&S|Aegislash-Blade
|move|p2a: S&S|Sacred Sword|p1a: Calm
|-supereffective|p1a: Calm
|-damage|p1a: Calm|0 fnt
|faint|p1a: Calm
|
|
|switch|p1a: Scizor|Scizor, M|342\/342
|turn|6
|join|CP3MVP
|
|detailschange|p1a: Scizor|Scizor-Mega, M
|message|Scizor has Mega Evolved into Mega Scizor!
|move|p2a: S&S|Shadow Sneak|p1a: Scizor
|-damage|p1a: Scizor|251\/342
|move|p1a: Scizor|Knock Off|p2a: S&S
|-supereffective|p2a: S&S
|-damage|p2a: S&S|0 fnt
|faint|p2a: S&S
|
|leave|CP3MVP
|
|switch|p2a: Chompitychomp|Garchomp, M|419\/419
|-damage|p2a: Chompitychomp|393\/419|[from] Stealth Rock
|turn|7
|
|switch|p2a: 3fast5me|Deoxys-Speed|304\/304
|-damage|p2a: 3fast5me|266\/304|[from] Stealth Rock
|-ability|p2a: 3fast5me|Pressure
|switch|p1a: bold|Slowbro, F|394\/394
|
|turn|8
|
|move|p2a: 3fast5me|Stealth Rock|p1a: bold
|-sidestart|p1: u got slowbro'ed|move: Stealth Rock
|move|p1a: bold|Scald|p2a: 3fast5me
|-damage|p2a: 3fast5me|170\/304
|-status|p2a: 3fast5me|brn
|-enditem|p2a: 3fast5me|Lum Berry|[eat]
|-curestatus|p2a: 3fast5me|brn
|
|turn|9
|
|move|p2a: 3fast5me|Spikes|p1a: bold
|-sidestart|p1: u got slowbro'ed|Spikes
|move|p1a: bold|Scald|p2a: 3fast5me
|-damage|p2a: 3fast5me|67\/304
|-status|p2a: 3fast5me|brn
|
|-damage|p2a: 3fast5me|29\/304 brn|[from] brn
|turn|10
|
|switch|p2a: Marine|Manaphy|401\/401
|-damage|p2a: Marine|351\/401|[from] Stealth Rock
|move|p1a: bold|Slack Off|p1a: bold
|-fail|p1a: bold
|
|-heal|p2a: Marine|376\/401|[from] item: Leftovers
|turn|11
|
|move|p2a: Marine|Tail Glow|p2a: Marine
|-boost|p2a: Marine|spa|3
|move|p1a: bold|Thunder Wave|p2a: Marine
|-status|p2a: Marine|par
|
|-heal|p2a: Marine|401\/401 par|[from] item: Leftovers
|turn|12
|
|switch|p1a: Modest|Latios, M|239\/302
|-damage|p1a: Modest|202\/302|[from] Stealth Rock
|move|p2a: Marine|Energy Ball|p1a: Modest
|-resisted|p1a: Modest
|-damage|p1a: Modest|91\/302
|
|turn|13
|
|move|p1a: Modest|Draco Meteor|p2a: Marine
|-damage|p2a: Marine|175\/401 par
|-unboost|p1a: Modest|spa|2
|cant|p2a: Marine|par
|
|-heal|p2a: Marine|200\/401 par|[from] item: Leftovers
|turn|14
|
|move|p1a: Modest|Draco Meteor|p2a: Marine
|-damage|p2a: Marine|85\/401 par
|-unboost|p1a: Modest|spa|2
|move|p2a: Marine|Ice Beam|p1a: Modest
|-supereffective|p1a: Modest
|-damage|p1a: Modest|0 fnt
|faint|p1a: Modest
|
|-heal|p2a: Marine|110\/401 par|[from] item: Leftovers
|
|switch|p1a: Scizor|Scizor-Mega, M|251\/342
|-damage|p1a: Scizor|209\/342|[from] Stealth Rock
|-damage|p1a: Scizor|167\/342|[from] Spikes
|turn|15
|
|switch|p2a: 3fast5me|Deoxys-Speed|29\/304 brn
|-damage|p2a: 3fast5me|0 fnt|[from] Stealth Rock
|faint|p2a: 3fast5me
|move|p1a: Scizor|Knock Off|p2: 3fast5me|[notarget]
|-notarget
|
|
|switch|p2a: Chompitychomp|Garchomp, M|393\/419
|-damage|p2a: Chompitychomp|367\/419|[from] Stealth Rock
|turn|16
|
|move|p2a: Chompitychomp|Fire Blast|p1a: Scizor
|-supereffective|p1a: Scizor
|-damage|p1a: Scizor|0 fnt
|faint|p1a: Scizor
|
|
|switch|p1a: bold|Slowbro, F|394\/394
|-damage|p1a: bold|345\/394|[from] Stealth Rock
|-damage|p1a: bold|296\/394|[from] Spikes
|turn|17
|
|switch|p2a: Bisou|Togekiss, F|373\/373
|-damage|p2a: Bisou|280\/373|[from] Stealth Rock
|move|p1a: bold|Scald|p2a: Bisou
|-damage|p2a: Bisou|193\/373
|
|-heal|p1a: bold|320\/394|[from] item: Leftovers
|turn|18
|
|move|p2a: Bisou|Air Slash|p1a: bold
|-damage|p1a: bold|50\/394
|move|p1a: bold|Thunder Wave|p2a: Bisou
|-status|p2a: Bisou|par
|
|-heal|p1a: bold|74\/394|[from] item: Leftovers
|turn|19
|join|consecutio
|
|move|p1a: bold|Slack Off|p1a: bold
|-heal|p1a: bold|271\/394
|move|p2a: Bisou|Air Slash|p1a: bold
|-damage|p1a: bold|28\/394
|
|-heal|p1a: bold|52\/394|[from] item: Leftovers
|turn|20
|
|move|p1a: bold|Slack Off|p1a: bold
|-heal|p1a: bold|249\/394
|move|p2a: Bisou|Air Slash|p1a: bold
|-damage|p1a: bold|6\/394
|
|-heal|p1a: bold|30\/394|[from] item: Leftovers
|turn|21
|
|move|p1a: bold|Slack Off|p1a: bold
|-heal|p1a: bold|227\/394
|cant|p2a: Bisou|par
|
|-heal|p1a: bold|251\/394|[from] item: Leftovers
|turn|22
|
|switch|p1a: Clefable|Clefable, F|394\/394
|move|p2a: Bisou|Air Slash|p1a: Clefable
|-damage|p1a: Clefable|192\/394
|
|-heal|p1a: Clefable|216\/394|[from] item: Leftovers
|turn|23
|
|switch|p2a: Dentifrice|Mawile, F|303\/303
|-damage|p2a: Dentifrice|285\/303|[from] Stealth Rock
|-ability|p2a: Dentifrice|Intimidate|[of] p1a: Clefable
|-unboost|p1a: Clefable|atk|1
|move|p1a: Clefable|Soft-Boiled|p1a: Clefable
|-heal|p1a: Clefable|394\/394
|
|turn|24
|
|detailschange|p2a: Dentifrice|Mawile-Mega, F
|message|Mawile has Mega Evolved into Mega Mawile!
|move|p1a: Clefable|Flamethrower|p2a: Dentifrice
|-crit|p2a: Dentifrice
|-supereffective|p2a: Dentifrice
|-damage|p2a: Dentifrice|91\/303
|move|p2a: Dentifrice|Iron Head|p1a: Clefable
|-crit|p1a: Clefable
|-supereffective|p1a: Clefable
|-damage|p1a: Clefable|0 fnt
|faint|p1a: Clefable
|
|
|switch|p1a: Jolly|Terrakion|324\/324
|-damage|p1a: Jolly|284\/324|[from] Spikes
|-damage|p1a: Jolly|264\/324|[from] Stealth Rock
|turn|25
|
|move|p1a: Jolly|Close Combat|p2a: Dentifrice
|-damage|p2a: Dentifrice|0 fnt
|-unboost|p1a: Jolly|def|1
|-unboost|p1a: Jolly|spd|1
|faint|p2a: Dentifrice
|
|chat|u got slowbro'ed|strange
|chat|u got slowbro'ed|that my clefa
|chat|superpascal|what?
|chat|u got slowbro'ed|outspeed ur mawi
|chat|u got slowbro'ed|ushould invest in def
|chat|superpascal|how much speed EVs?
|chat|u got slowbro'ed|speed*
|chat|u got slowbro'ed|idk 
|chat|u got slowbro'ed|i never played mawi
|chat|u got slowbro'ed|but i think he shoul have some speed
|chat|u got slowbro'ed|for example
|chat|u got slowbro'ed|rotom burns u every time?
|chat|superpascal|No, I mean how much speed does your clefable had?
|chat|u got slowbro'ed|156
|chat|superpascal|Even at max speed, an adamant mawile can't outpeed so...
|
|switch|p2a: Chompitychomp|Garchomp, M|367\/419
|-damage|p2a: Chompitychomp|341\/419|[from] Stealth Rock
|turn|26
|c|âu got slowbro'ed|!data clefable
|c|~|\/data-pokemon Clefable

|c|âu got slowbro'ed|!data mawile mega
|c|~|\/data-pokemon Mawile-Mega

|
|move|p1a: Jolly|Close Combat|p2a: Chompitychomp
|-damage|p2a: Chompitychomp|101\/419
|-damage|p1a: Jolly|224\/324|[from] ability: Rough Skin|[of] p2a: Chompitychomp
|-unboost|p1a: Jolly|def|1
|-unboost|p1a: Jolly|spd|1
|move|p2a: Chompitychomp|Earthquake|p1a: Jolly
|-supereffective|p1a: Jolly
|-damage|p1a: Jolly|0 fnt
|faint|p1a: Jolly
|
|
|switch|p1a: bold|Slowbro, F|382\/394
|-damage|p1a: bold|333\/394|[from] Spikes
|-damage|p1a: bold|284\/394|[from] Stealth Rock
|turn|27
|
|switch|p2a: Marine|Manaphy|110\/401 par
|-damage|p2a: Marine|60\/401 par|[from] Stealth Rock
|move|p1a: bold|Slack Off|p1a: bold
|-heal|p1a: bold|394\/394
|
|-heal|p2a: Marine|85\/401 par|[from] item: Leftovers
|turn|28
|chat|superpascal|I though clefable had 50 base speed :P
|
|move|p1a: bold|Psyshock|p2a: Marine
|-damage|p2a: Marine|0 fnt
|faint|p2a: Marine
|
|
|switch|p2a: Bisou|Togekiss, F|193\/373 par
|-damage|p2a: Bisou|100\/373 par|[from] Stealth Rock
|turn|29
|
|move|p1a: bold|Psyshock|p2a: Bisou
|-damage|p2a: Bisou|4\/373 par
|move|p2a: Bisou|Dazzling Gleam|p1a: bold
|-damage|p1a: bold|118\/394
|
|-heal|p1a: bold|142\/394|[from] item: Leftovers
|turn|30
|
|move|p1a: bold|Psyshock|p2a: Bisou
|-damage|p2a: Bisou|0 fnt
|faint|p2a: Bisou
|
|-heal|p1a: bold|166\/394|[from] item: Leftovers
|
|switch|p2a: Chompitychomp|Garchomp, M|101\/419
|-damage|p2a: Chompitychomp|75\/419|[from] Stealth Rock
|turn|31
|
|move|p2a: Chompitychomp|Outrage|p1a: bold
|-damage|p1a: bold|3\/394
|move|p1a: bold|Slack Off|p1a: bold
|-heal|p1a: bold|200\/394
|
|-heal|p1a: bold|224\/394|[from] item: Leftovers
|turn|32
|chat|superpascal|welp...gg
|chat|u got slowbro'ed|gg 
|
|move|p2a: Chompitychomp|Outrage|p1a: bold
|-damage|p1a: bold|52\/394
|move|p1a: bold|Scald|p2a: Chompitychomp
|-damage|p2a: Chompitychomp|0 fnt
|faint|p2a: Chompitychomp
|
|win|u got slowbro'ed
|raw|Ladder updating...
|raw|u got slowbro&apos;ed's rating: 1958 &rarr; <strong>1974<\/strong><br \/>(+16 for winning)
|raw|superpascal's rating: 1885 &rarr; <strong>1869<\/strong><br \/>(-16 for losing)
|chat|superpascal|that was close
|chat|u got slowbro'ed|a lot
|chat|u got slowbro'ed|u know what
|chat|u got slowbro'ed|im going to do a rmt
|chat|u got slowbro'ed|on this team
|chat|u got slowbro'ed|maybe i could insert this log
|chat|u got slowbro'ed|to explain how my team works lol
|chat|superpascal|I suggest you wait until you get to the top
|chat|u got slowbro'ed|yes
|chat|u got slowbro'ed|actually
|chat|u got slowbro'ed|im laddering also on po
|chat|u got slowbro'ed|i want to top both ladder
|chat|u got slowbro'ed|i was 4th po this afternoon
|chat|u got slowbro'ed|:3
|chat|superpascal|well, good luck. You definately got the team to do that.
|chat|u got slowbro'ed|ty gl to u too
|chat|superpascal|thanks
|leave|Lone94
|leave|u got slowbro'ed
|player|p1