|join|lil manaphy
|join|superpascal
|player|p1|lil manaphy|182
|player|p2|superpascal|162
|gametype|singles
|gen|6
|tier|OU
|rated
|clearpoke
|poke|p1|Gardevoir, F, shiny
|poke|p1|Mandibuzz, F
|poke|p1|Clefable, F
|poke|p1|Keldeo
|poke|p1|Heatran, F
|poke|p1|Landorus-Therian, M
|poke|p2|Manaphy
|poke|p2|Mawile, F
|poke|p2|Garchomp, M
|poke|p2|Togekiss, F
|poke|p2|Deoxys-Speed
|poke|p2|Aegislash, M
|rule|Sleep Clause Mod: Limit one foe put to sleep
|rule|Species Clause: Limit one of each Pokemon
|rule|OHKO Clause: OHKO moves are banned
|rule|Moody Clause: Moody is banned
|rule|Evasion Moves Clause: Evasion moves are banned
|rule|Endless Battle Clause: Forcing endless battles is banned.
|rule|HP Percentage Mod: HP is reported as percentages
|teampreview
|
|start
|switch|p1a: Misty day|Gardevoir, F, shiny|277\/277
|switch|p2a: Bisou|Togekiss, F|373\/373
|-ability|p1a: Misty day|Serene Grace|[from] ability: Trace|[of] p2a: Bisou
|turn|1
|chat|superpascal|have fun
|chat|lil manaphy|gl hf! not too much luck, though
|chat|lil manaphy|no hax allowed
|chat|superpascal|yeah, just like last time.
|chat|superpascal|I remember
|
|switch|p1a: Heatran|Heatran, F|386\/386
|move|p2a: Bisou|Air Slash|p1a: Heatran
|-resisted|p1a: Heatran
|-damage|p1a: Heatran|317\/386
|
|-heal|p1a: Heatran|341\/386|[from] item: Leftovers
|turn|2
|
|switch|p2a: 3fast5me|Deoxys-Speed|304\/304
|-ability|p2a: 3fast5me|Pressure
|move|p1a: Heatran|Toxic|p2a: 3fast5me
|-status|p2a: 3fast5me|tox
|-enditem|p2a: 3fast5me|Lum Berry|[eat]
|-curestatus|p2a: 3fast5me|tox
|
|-heal|p1a: Heatran|365\/386|[from] item: Leftovers
|turn|3
|
|move|p2a: 3fast5me|Stealth Rock|p1a: Heatran
|-sidestart|p1: lil manaphy|move: Stealth Rock
|move|p1a: Heatran|Lava Plume|p2a: 3fast5me
|-damage|p2a: 3fast5me|180\/304
|-status|p2a: 3fast5me|brn
|
|-heal|p1a: Heatran|386\/386|[from] item: Leftovers
|-damage|p2a: 3fast5me|142\/304 brn|[from] brn
|turn|4
|
|switch|p2a: Marine|Manaphy|401\/401
|move|p1a: Heatran|Lava Plume|p2a: Marine
|-resisted|p2a: Marine
|-damage|p2a: Marine|345\/401
|
|-heal|p2a: Marine|370\/401|[from] item: Leftovers
|turn|5
|chat|lil manaphy|pls
|chat|lil manaphy|dont be
|chat|lil manaphy|rain dance
|chat|superpascal|your name tells me you should be prepare for every Manaphy set :P
|
|move|p2a: Marine|Surf|p1a: Heatran
|-supereffective|p1a: Heatran
|-damage|p1a: Heatran|174\/386
|move|p1a: Heatran|Toxic|p2a: Marine
|-status|p2a: Marine|tox
|
|-heal|p2a: Marine|395\/401 tox|[from] item: Leftovers
|-heal|p1a: Heatran|198\/386|[from] item: Leftovers
|-damage|p2a: Marine|370\/401 tox|[from] psn
|turn|6
|chat|lil manaphy|well
|chat|lil manaphy|i have clefable
|chat|lil manaphy|but that set irks me cause. im burn bait
|
|move|p1a: Heatran|Protect|p1a: Heatran
|-singleturn|p1a: Heatran|Protect
|move|p2a: Marine|Surf|p1a: Heatran
|-activate|p1a: Heatran|Protect
|
|-heal|p2a: Marine|395\/401 tox|[from] item: Leftovers
|-heal|p1a: Heatran|222\/386|[from] item: Leftovers
|-damage|p2a: Marine|345\/401 tox|[from] psn
|turn|7
|
|switch|p1a: Zoe|Clefable, F|394\/394
|-damage|p1a: Zoe|345\/394|[from] Stealth Rock
|move|p2a: Marine|Surf|p1a: Zoe
|-damage|p1a: Zoe|176\/394
|
|-heal|p2a: Marine|370\/401 tox|[from] item: Leftovers
|-heal|p1a: Zoe|200\/394|[from] item: Leftovers
|-damage|p2a: Marine|295\/401 tox|[from] psn
|turn|8
|
|switch|p2a: Bisou|Togekiss, F|373\/373
|move|p1a: Zoe|Wish|p1a: Zoe
|
|-heal|p1a: Zoe|224\/394|[from] item: Leftovers
|turn|9
|
|move|p1a: Zoe|Protect|p1a: Zoe
|-singleturn|p1a: Zoe|Protect
|move|p2a: Bisou|Air Slash|p1a: Zoe
|-activate|p1a: Zoe|Protect
|
|-heal|p1a: Zoe|394\/394|[from] move: Wish|[wisher] Zoe
|turn|10
|
|move|p2a: Bisou|Air Slash|p1a: Zoe
|-damage|p1a: Zoe|171\/394
|cant|p1a: Zoe|flinch
|
|-heal|p1a: Zoe|195\/394|[from] item: Leftovers
|turn|11
|chat|superpascal|that was a risky move you made there
|chat|lil manaphy|ouch
|
|move|p1a: Zoe|Protect|p1a: Zoe
|-singleturn|p1a: Zoe|Protect
|move|p2a: Bisou|Air Slash|p1a: Zoe
|-activate|p1a: Zoe|Protect
|
|-heal|p1a: Zoe|219\/394|[from] item: Leftovers
|turn|12
|
|switch|p1a: Heatran|Heatran, F|222\/386
|-damage|p1a: Heatran|174\/386|[from] Stealth Rock
|move|p2a: Bisou|Air Slash|p1a: Heatran
|-resisted|p1a: Heatran
|-damage|p1a: Heatran|105\/386
|
|-heal|p1a: Heatran|129\/386|[from] item: Leftovers
|turn|13
|chat|lil manaphy|pls spare meee
|
|switch|p2a: Marine|Manaphy|295\/401 tox
|move|p1a: Heatran|Lava Plume|p2a: Marine
|-resisted|p2a: Marine
|-damage|p2a: Marine|241\/401 tox
|
|-heal|p2a: Marine|266\/401 tox|[from] item: Leftovers
|-heal|p1a: Heatran|153\/386|[from] item: Leftovers
|-damage|p2a: Marine|241\/401 tox|[from] psn
|turn|14
|chat|lil manaphy|see this is why we need flying immunity
|leave|lil manaphy
|player|p1
|join|lil manaphy
|player|p1|lil manaphy|182
|chat|superpascal|internet problem?
|chat|lil manaphy|my page
|chat|lil manaphy|just
|
|switch|p1a: Misty day|Gardevoir, F, shiny|277\/277
|-damage|p1a: Misty day|243\/277|[from] Stealth Rock
|-ability|p1a: Misty day|Hydration|[from] ability: Trace|[of] p2a: Marine
|move|p2a: Marine|Tail Glow|p2a: Marine
|-boost|p2a: Marine|spa|3
|
|-heal|p2a: Marine|266\/401 tox|[from] item: Leftovers
|-damage|p2a: Marine|216\/401 tox|[from] psn
|turn|15
|chat|lil manaphy|died
|chat|lil manaphy|that was weird
|
|detailschange|p1a: Misty day|Gardevoir-Mega, F, shiny
|message|Gardevoir has Mega Evolved into Mega Gardevoir!
|move|p1a: Misty day|Hyper Voice|p2a: Marine
|-crit|p2a: Marine
|-damage|p2a: Marine|0 fnt
|faint|p2a: Marine
|
|
|switch|p2a: S&S|Aegislash, M|323\/323
|turn|16
|
|switch|p1a: Laveau|Mandibuzz, F|424\/424
|-damage|p1a: Laveau|318\/424|[from] Stealth Rock
|switch|p2a: Bisou|Togekiss, F|373\/373
|
|-heal|p1a: Laveau|344\/424|[from] item: Leftovers
|turn|17
|
|switch|p1a: Heatran|Heatran, F|153\/386
|-damage|p1a: Heatran|105\/386|[from] Stealth Rock
|move|p2a: Bisou|Air Slash|p1a: Heatran
|-resisted|p1a: Heatran
|-damage|p1a: Heatran|31\/386
|
|-heal|p1a: Heatran|55\/386|[from] item: Leftovers
|turn|18
|join|dsfagvas
|
|move|p1a: Heatran|Protect|p1a: Heatran
|-singleturn|p1a: Heatran|Protect
|move|p2a: Bisou|Air Slash|p1a: Heatran
|-activate|p1a: Heatran|Protect
|
|-heal|p1a: Heatran|79\/386|[from] item: Leftovers
|turn|19
|
|move|p2a: Bisou|Air Slash|p1a: Heatran
|-resisted|p1a: Heatran
|-damage|p1a: Heatran|6\/386
|move|p1a: Heatran|Lava Plume|p2a: Bisou
|-damage|p2a: Bisou|264\/373
|
|-heal|p1a: Heatran|30\/386|[from] item: Leftovers
|turn|20
|
|move|p1a: Heatran|Protect|p1a: Heatran
|-singleturn|p1a: Heatran|Protect
|move|p2a: Bisou|Air Slash|p1a: Heatran
|-activate|p1a: Heatran|Protect
|
|-heal|p1a: Heatran|54\/386|[from] item: Leftovers
|turn|21
|chat|superpascal|n toxic?
|
|move|p2a: Bisou|Air Slash|p1a: Heatran
|-resisted|p1a: Heatran
|-damage|p1a: Heatran|0 fnt
|faint|p1a: Heatran
|
|
|switch|p1a: Misty day|Gardevoir-Mega, F, shiny|243\/277
|-damage|p1a: Misty day|209\/277|[from] Stealth Rock
|turn|22
|chat|lil manaphy|doesnt matter
|chat|lil manaphy|i couldnt stall it out
|
|switch|p2a: S&S|Aegislash, M|323\/323
|move|p1a: Misty day|Hyper Voice|p2a: S&S
|-resisted|p2a: S&S
|-damage|p2a: S&S|228\/323
|
|turn|23
|
|switch|p1a: Laveau|Mandibuzz, F|344\/424
|-damage|p1a: Laveau|238\/424|[from] Stealth Rock
|move|p2a: S&S|Swords Dance|p2a: S&S
|-boost|p2a: S&S|atk|2
|
|-heal|p1a: Laveau|264\/424|[from] item: Leftovers
|turn|24
|chat|lil manaphy|paraflinch needs to go its absurd
|chat|superpascal|misplayed....
|
|switch|p2a: Dentifrice|Mawile, F|303\/303
|-ability|p2a: Dentifrice|Intimidate|[of] p1a: Laveau
|-unboost|p1a: Laveau|atk|1
|move|p1a: Laveau|Foul Play|p2a: Dentifrice
|-resisted|p2a: Dentifrice
|-damage|p2a: Dentifrice|228\/303
|
|-heal|p1a: Laveau|290\/424|[from] item: Leftovers
|turn|25
|
|switch|p1a: Landorus-Therian|Landorus-Therian, M|382\/382
|-damage|p1a: Landorus-Therian|335\/382|[from] Stealth Rock
|-ability|p1a: Landorus-Therian|Intimidate|[of] p2a: Dentifrice
|-unboost|p2a: Dentifrice|atk|1
|detailschange|p2a: Dentifrice|Mawile-Mega, F
|message|Mawile has Mega Evolved into Mega Mawile!
|move|p2a: Dentifrice|Play Rough|p1a: Landorus-Therian
|-damage|p1a: Landorus-Therian|184\/382
|
|-heal|p1a: Landorus-Therian|207\/382|[from] item: Leftovers
|turn|26
|
|switch|p2a: 3fast5me|Deoxys-Speed|142\/304 brn
|-ability|p2a: 3fast5me|Pressure
|move|p1a: Landorus-Therian|Stealth Rock|p2a: 3fast5me
|-sidestart|p2: superpascal|move: Stealth Rock
|
|-heal|p1a: Landorus-Therian|230\/382|[from] item: Leftovers
|-damage|p2a: 3fast5me|104\/304 brn|[from] brn
|turn|27
|
|move|p2a: 3fast5me|Psycho Boost|p1a: Landorus-Therian
|-damage|p1a: Landorus-Therian|47\/382
|-unboost|p2a: 3fast5me|spa|2
|move|p1a: Landorus-Therian|U-turn|p2a: 3fast5me
|-supereffective|p2a: 3fast5me
|-damage|p2a: 3fast5me|0 fnt
|faint|p2a: 3fast5me
|
|switch|p1a: Keldeo|Keldeo|323\/323
|-damage|p1a: Keldeo|303\/323|[from] Stealth Rock
|
|-heal|p1a: Keldeo|323\/323|[from] item: Leftovers
|
|switch|p2a: Dentifrice|Mawile-Mega, F|228\/303
|-damage|p2a: Dentifrice|210\/303|[from] Stealth Rock
|turn|28
|
|move|p1a: Keldeo|Scald|p2a: Dentifrice
|-damage|p2a: Dentifrice|63\/303
|move|p2a: Dentifrice|Play Rough|p1a: Keldeo
|-supereffective|p1a: Keldeo
|-damage|p1a: Keldeo|0 fnt
|faint|p1a: Keldeo
|
|chat|lil manaphy|oh well gg
|chat|lil manaphy|i hate hax strats.... 
|
|switch|p1a: Laveau|Mandibuzz, F|290\/424
|-damage|p1a: Laveau|184\/424|[from] Stealth Rock
|turn|29
|
|switch|p2a: Bisou|Togekiss, F|264\/373
|-damage|p2a: Bisou|171\/373|[from] Stealth Rock
|move|p1a: Laveau|Foul Play|p2a: Bisou
|-resisted|p2a: Bisou
|-damage|p2a: Bisou|143\/373
|
|-heal|p1a: Laveau|210\/424|[from] item: Leftovers
|turn|30
|
|move|p2a: Bisou|Dazzling Gleam|p1a: Laveau
|-crit|p1a: Laveau
|-supereffective|p1a: Laveau
|-damage|p1a: Laveau|0 fnt
|faint|p1a: Laveau
|
|
|switch|p1a: Misty day|Gardevoir-Mega, F, shiny|209\/277
|-damage|p1a: Misty day|175\/277|[from] Stealth Rock
|turn|31
|
|switch|p2a: S&S|Aegislash, M|228\/323
|-damage|p2a: S&S|208\/323|[from] Stealth Rock
|move|p1a: Misty day|Hyper Voice|p2a: S&S
|-resisted|p2a: S&S
|-damage|p2a: S&S|124\/323
|
|turn|32
|
|switch|p1a: Landorus-Therian|Landorus-Therian, M|47\/382
|-damage|p1a: Landorus-Therian|0 fnt|[from] Stealth Rock
|faint|p1a: Landorus-Therian
|-formechange|p2a: S&S|Aegislash-Blade
|move|p2a: S&S|Shadow Sneak|p1: Landorus-Therian|[notarget]
|-notarget
|
|
|switch|p1a: Zoe|Clefable, F|219\/394
|-damage|p1a: Zoe|170\/394|[from] Stealth Rock
|turn|33
|
|switch|p2a: Dentifrice|Mawile-Mega, F|63\/303
|-damage|p2a: Dentifrice|45\/303|[from] Stealth Rock
|move|p1a: Zoe|Protect|p1a: Zoe
|-fail|p1a: Zoe
|
|-heal|p1a: Zoe|194\/394|[from] item: Leftovers
|turn|34
|
|move|p1a: Zoe|Moonblast|p2a: Dentifrice
|-resisted|p2a: Dentifrice
|-damage|p2a: Dentifrice|0 fnt
|faint|p2a: Dentifrice
|
|-heal|p1a: Zoe|218\/394|[from] item: Leftovers
|chat|superpascal|interesting
|
|switch|p2a: Bisou|Togekiss, F|143\/373
|-damage|p2a: Bisou|50\/373|[from] Stealth Rock
|turn|35
|
|move|p2a: Bisou|Air Slash|p1a: Zoe
|-damage|p1a: Zoe|0 fnt
|faint|p1a: Zoe
|
|chat|lil manaphy|dazzling gleam so i have a chance?
|chat|lil manaphy|lol
|chat|lil manaphy|bg bg 
|-message|lil manaphy forfeited.
|
|win|superpascal
|raw|Ladder updating...
|leave|lil manaphy
|player|p1
|raw|lil manaphy's rating: 1867 &rarr; <strong>1843<\/strong><br \/>(-24 for losing)
|raw|superpascal's rating: 1799 &rarr; <strong>1823<\/strong><br \/>(+24 for winning)