|join|Pheonixmaster
|join|CelsiusWork
|player|p1|Pheonixmaster|167
|player|p2|CelsiusWork|294
|gametype|singles
|gen|6
|tier|UU
|rated
|rule|Sleep Clause Mod: Limit one foe put to sleep
|rule|Species Clause: Limit one of each PokÃ©mon
|rule|OHKO Clause: OHKO moves are banned
|rule|Moody Clause: Moody is banned
|rule|Evasion Moves Clause: Evasion moves are banned
|rule|Endless Battle Clause: Forcing endless battles is banned
|rule|HP Percentage Mod: HP is shown in percentages
|clearpoke
|poke|p1|Krookodile, M
|poke|p1|Diancie
|poke|p1|Jirachi
|poke|p1|Hydreigon, M
|poke|p1|Celebi
|poke|p1|Crobat, F
|poke|p2|Serperior, M, shiny
|poke|p2|Jirachi
|poke|p2|Vaporeon, M
|poke|p2|Machamp, M
|poke|p2|Nidoqueen, F
|poke|p2|Flygon, M
|rule|Swagger Clause: Swagger is banned
|rule|Baton Pass Clause: Limit one PokÃ©mon knowing Baton Pass
|teampreview
|
|start
|switch|p1a: Suzaku|Krookodile, M|331\/331
|switch|p2a: Flygon|Flygon, M|301\/301
|-ability|p1a: Suzaku|Intimidate|[of] p2a: Flygon
|-unboost|p2a: Flygon|atk|1
|turn|1
|
|move|p2a: Flygon|U-turn|p1a: Suzaku
|-supereffective|p1a: Suzaku
|-damage|p1a: Suzaku|223\/331
|
|switch|p2a: Machamp|Machamp, M|364\/364
|move|p1a: Suzaku|Knock Off|p2a: Machamp
|-resisted|p2a: Machamp
|-damage|p2a: Machamp|216\/364
|-enditem|p2a: Machamp|Assault Vest|[from] move: Knock Off|[of] p1a: Suzaku
|
|turn|2
|
|switch|p1a: Crobat|Crobat, F|373\/373
|move|p2a: Machamp|Knock Off|p1a: Crobat
|-damage|p1a: Crobat|269\/373
|
|turn|3
|
|switch|p2a: Jirachi|Jirachi|404\/404
|move|p1a: Crobat|U-turn|p2a: Jirachi
|-damage|p2a: Jirachi|358\/404
|
|switch|p1a: Suzaku|Krookodile, M|223\/331
|-ability|p1a: Suzaku|Intimidate|[of] p2a: Jirachi
|-unboost|p2a: Jirachi|atk|1
|
|-heal|p2a: Jirachi|383\/404|[from] item: Leftovers
|turn|4
|
|move|p1a: Suzaku|Pursuit|p2a: Jirachi|[from]Pursuit
|-supereffective|p2a: Jirachi
|-damage|p2a: Jirachi|0 fnt
|faint|p2a: Jirachi
|
|
|switch|p2a: Machamp|Machamp, M|216\/364
|turn|5
|
|switch|p1a: Crobat|Crobat, F|269\/373
|move|p2a: Machamp|Dynamic Punch|p1a: Crobat
|-resisted|p1a: Crobat
|-damage|p1a: Crobat|209\/373
|-start|p1a: Crobat|confusion
|
|turn|6
|
|-activate|p1a: Crobat|confusion
|-damage|p1a: Crobat|173\/373|[from] confusion
|move|p2a: Machamp|Stone Edge|p1a: Crobat
|-supereffective|p1a: Crobat
|-damage|p1a: Crobat|0 fnt
|faint|p1a: Crobat
|
|
|switch|p1a: Ryuk|Hydreigon, M|325\/325
|turn|7
|
|switch|p2a: Vaporeon|Vaporeon, M|451\/451
|move|p1a: Ryuk|Draco Meteor|p2a: Vaporeon
|-damage|p2a: Vaporeon|188\/451
|-unboost|p1a: Ryuk|spa|2
|-damage|p1a: Ryuk|293\/325|[from] item: Life Orb
|
|-heal|p2a: Vaporeon|216\/451|[from] item: Leftovers
|turn|8
|
|switch|p1a: Celebi|Celebi|404\/404
|move|p2a: Vaporeon|Wish|p2a: Vaporeon
|
|-heal|p2a: Vaporeon|244\/451|[from] item: Leftovers
|turn|9
|
|move|p1a: Celebi|Stealth Rock|p2a: Vaporeon
|-sidestart|p2: CelsiusWork|move: Stealth Rock
|move|p2a: Vaporeon|Roar|p1a: Celebi
|drag|p1a: Ryuk|Hydreigon, M|293\/325
|
|-heal|p2a: Vaporeon|451\/451|[from] move: Wish|[wisher] Vaporeon
|turn|10
|
|move|p1a: Ryuk|Dark Pulse|p2a: Vaporeon
|-damage|p2a: Vaporeon|295\/451
|-damage|p1a: Ryuk|261\/325|[from] item: Life Orb
|move|p2a: Vaporeon|Wish|p2a: Vaporeon
|
|-heal|p2a: Vaporeon|323\/451|[from] item: Leftovers
|turn|11
|
|move|p1a: Ryuk|Draco Meteor|p2a: Vaporeon
|-damage|p2a: Vaporeon|60\/451
|-unboost|p1a: Ryuk|spa|2
|-damage|p1a: Ryuk|229\/325|[from] item: Life Orb
|move|p2a: Vaporeon|Scald|p1a: Ryuk
|-crit|p1a: Ryuk
|-resisted|p1a: Ryuk
|-damage|p1a: Ryuk|150\/325
|-status|p1a: Ryuk|brn
|
|-heal|p2a: Vaporeon|285\/451|[from] move: Wish|[wisher] Vaporeon
|-heal|p2a: Vaporeon|313\/451|[from] item: Leftovers
|-damage|p1a: Ryuk|110\/325 brn|[from] brn
|turn|12
|
|move|p1a: Ryuk|Roost|p1a: Ryuk
|-heal|p1a: Ryuk|273\/325 brn
|move|p2a: Vaporeon|Wish|p2a: Vaporeon
|
|-heal|p2a: Vaporeon|341\/451|[from] item: Leftovers
|-damage|p1a: Ryuk|233\/325 brn|[from] brn
|turn|13
|
|switch|p1a: Suzaku|Krookodile, M|223\/331
|-ability|p1a: Suzaku|Intimidate|[of] p2a: Vaporeon
|-unboost|p2a: Vaporeon|atk|1
|switch|p2a: Machamp|Machamp, M|216\/364
|-damage|p2a: Machamp|194\/364|[from] Stealth Rock
|
|-heal|p2a: Machamp|364\/364|[from] move: Wish|[wisher] Vaporeon
|turn|14
|
|move|p1a: Suzaku|Earthquake|p2a: Machamp
|-damage|p2a: Machamp|58\/364
|move|p2a: Machamp|Knock Off|p1a: Suzaku
|-resisted|p1a: Suzaku
|-damage|p1a: Suzaku|145\/331
|-enditem|p1a: Suzaku|Choice Band|[from] move: Knock Off|[of] p2a: Machamp
|
|turn|15
|
|switch|p2a: Flygon|Flygon, M|301\/301
|-damage|p2a: Flygon|283\/301|[from] Stealth Rock
|move|p1a: Suzaku|Knock Off|p2a: Flygon
|-damage|p2a: Flygon|91\/301
|-enditem|p2a: Flygon|Choice Scarf|[from] move: Knock Off|[of] p1a: Suzaku
|
|turn|16
|
|switch|p1a: Celebi|Celebi|404\/404
|move|p2a: Flygon|Defog|p1a: Celebi
|-unboost|p1a: Celebi|evasion|1
|-sideend|p2: CelsiusWork|Stealth Rock|[from] move: Defog|[of] p2a: Flygon
|
|turn|17
|
|move|p2a: Flygon|U-turn|p1a: Celebi
|-supereffective|p1a: Celebi
|-damage|p1a: Celebi|196\/404
|
|switch|p2a: Nidoqueen|Nidoqueen, F|353\/353
|move|p1a: Celebi|Recover|p1a: Celebi
|-heal|p1a: Celebi|398\/404
|
|-heal|p1a: Celebi|404\/404|[from] item: Leftovers
|turn|18
|
|move|p1a: Celebi|Baton Pass|p1a: Celebi
|
|switch|p1a: Rollo|Jirachi|341\/341
|move|p2a: Nidoqueen|Sludge Wave|p1a: Rollo
|-immune|p1a: Rollo|[msg]
|
|turn|19
|
|move|p1a: Rollo|U-turn|p2a: Nidoqueen
|-resisted|p2a: Nidoqueen
|-damage|p2a: Nidoqueen|317\/353
|
|switch|p1a: Ryuk|Hydreigon, M|233\/325 brn
|move|p2a: Nidoqueen|Stealth Rock|p1a: Ryuk
|-sidestart|p1: Pheonixmaster|move: Stealth Rock
|
|-heal|p2a: Nidoqueen|339\/353|[from] item: Black Sludge
|-damage|p1a: Ryuk|193\/325 brn|[from] brn
|turn|20
|
|move|p1a: Ryuk|Draco Meteor|p2a: Nidoqueen
|-damage|p2a: Nidoqueen|0 fnt
|-unboost|p1a: Ryuk|spa|2
|-damage|p1a: Ryuk|161\/325 brn|[from] item: Life Orb
|faint|p2a: Nidoqueen
|
|-damage|p1a: Ryuk|121\/325 brn|[from] brn
|
|switch|p2a: Serperior|Serperior, M, shiny|292\/292
|turn|21
|
|switch|p1a: Rollo|Jirachi|341\/341
|-damage|p1a: Rollo|320\/341|[from] Stealth Rock
|move|p2a: Serperior|Substitute|p2a: Serperior
|-start|p2a: Serperior|Substitute
|-damage|p2a: Serperior|219\/292
|
|-heal|p2a: Serperior|237\/292|[from] item: Leftovers
|turn|22
|
|move|p1a: Rollo|Iron Head|p2a: Serperior
|-end|p2a: Serperior|Substitute
|move|p2a: Serperior|Glare|p1a: Rollo
|-status|p1a: Rollo|par
|
|-heal|p2a: Serperior|255\/292|[from] item: Leftovers
|turn|23
|
|move|p2a: Serperior|Substitute|p2a: Serperior
|-start|p2a: Serperior|Substitute
|-damage|p2a: Serperior|182\/292
|cant|p1a: Rollo|par
|
|-heal|p2a: Serperior|200\/292|[from] item: Leftovers
|turn|24
|
|switch|p1a: Ryuk|Hydreigon, M|121\/325 brn
|-damage|p1a: Ryuk|81\/325 brn|[from] Stealth Rock
|move|p2a: Serperior|Leaf Storm|p1a: Ryuk
|-resisted|p1a: Ryuk
|-damage|p1a: Ryuk|0 fnt
|-boost|p2a: Serperior|spa|2
|faint|p1a: Ryuk
|
|-heal|p2a: Serperior|218\/292|[from] item: Leftovers
|
|switch|p1a: Rollo|Jirachi|320\/341 par
|-damage|p1a: Rollo|299\/341 par|[from] Stealth Rock
|turn|25
|
|move|p2a: Serperior|Leaf Storm|p1a: Rollo
|-resisted|p1a: Rollo
|-damage|p1a: Rollo|134\/341 par
|-boost|p2a: Serperior|spa|2
|move|p1a: Rollo|U-turn|p2a: Serperior
|-supereffective|p2a: Serperior
|-end|p2a: Serperior|Substitute
|
|switch|p1a: Suzaku|Krookodile, M|145\/331
|-damage|p1a: Suzaku|125\/331|[from] Stealth Rock
|-ability|p1a: Suzaku|Intimidate|[of] p2a: Serperior
|-boost|p2a: Serperior|atk|1
|
|-heal|p2a: Serperior|236\/292|[from] item: Leftovers
|turn|26
|
|move|p2a: Serperior|Leaf Storm|p1a: Suzaku
|-supereffective|p1a: Suzaku
|-damage|p1a: Suzaku|0 fnt
|-boost|p2a: Serperior|spa|2
|faint|p1a: Suzaku
|
|-heal|p2a: Serperior|254\/292|[from] item: Leftovers
|leave|Pheonixmaster
|player|p1
|-message|pheonixmaster lost due to inactivity.
|
|win|CelsiusWork
|raw|Ladder updating...
|raw|Pheonixmaster's rating: 1451 &rarr; <strong>1424<\/strong><br \/>(-27 for losing)
|raw|CelsiusWork's rating: 1326 &rarr; <strong>1353<\/strong><br \/>(+27 for winning)