|join|Sjir-sama
|join|FirePhanthom7
|player|p1|Sjir-sama|164
|player|p2|FirePhanthom7|149
|gametype|singles
|tier|[Gen 5] UU
|rated
|rule|Sleep Clause Mod: Limit one foe put to sleep
|rule|Species Clause: Limit one of each Pokemon
|rule|OHKO Clause: OHKO moves are banned
|rule|Moody Clause: Moody is banned
|rule|Evasion Moves Clause: Evasion moves are banned
|rule|HP Percentage Mod: HP is reported as percentages
|rule|Evasion Abilities Clause: Evasion abilities are banned
|clearpoke
|poke|p1|Umbreon, M
|poke|p1|Raikou
|poke|p1|Torterra, F
|poke|p1|Blastoise, M
|poke|p1|Chandelure, F
|poke|p1|Mienshao, M
|poke|p2|Chandelure, M
|poke|p2|Togekiss, M
|poke|p2|Scrafty, F
|poke|p2|Hitmontop, M
|poke|p2|Rhyperior, M
|poke|p2|Heracross, M
|teampreview
|callback|decision
|
|start
|switch|p1a: Blastoise|Blastoise, M|362\/362
|switch|p2a: Chandelure|Chandelure, M|261\/261
|turn|1
|callback|decision
|
|switch|p2a: Scrafty|Scrafty, F|271\/271
|move|p1a: Blastoise|Scald|p2a: Scrafty
|-damage|p2a: Scrafty|193\/271
|-status|p2a: Scrafty|brn
|
|-heal|p2a: Scrafty|209\/271 brn|[from] item: Leftovers
|-damage|p2a: Scrafty|176\/271 brn|[from] brn
|turn|2
|callback|decision
|
|move|p2a: Scrafty|Amnesia|p2a: Scrafty
|-boost|p2a: Scrafty|spd|2
|move|p1a: Blastoise|Scald|p2a: Scrafty
|-damage|p2a: Scrafty|137\/271 brn
|
|-heal|p2a: Scrafty|153\/271 brn|[from] item: Leftovers
|-damage|p2a: Scrafty|120\/271 brn|[from] brn
|turn|3
|callback|decision
|
|move|p2a: Scrafty|Dragon Dance|p2a: Scrafty
|-boost|p2a: Scrafty|atk|1
|-boost|p2a: Scrafty|spe|1
|move|p1a: Blastoise|Roar|p2a: Scrafty
|drag|p2a: Rhyperior|Rhyperior, M|434\/434
|
|turn|4
|callback|decision
|
|switch|p2a: Togekiss|Togekiss, M|374\/374
|move|p1a: Blastoise|Scald|p2a: Togekiss
|-damage|p2a: Togekiss|322\/374
|
|turn|5
|callback|decision
|
|move|p2a: Togekiss|Thunder Wave|p1a: Blastoise
|-status|p1a: Blastoise|par
|move|p1a: Blastoise|Toxic|p2a: Togekiss
|-status|p2a: Togekiss|tox
|
|-damage|p2a: Togekiss|299\/374 tox|[from] psn
|turn|6
|callback|decision
|
|switch|p1a: Umbreon|Umbreon, M|394\/394
|move|p2a: Togekiss|Air Slash|p1a: Umbreon
|-damage|p1a: Umbreon|327\/394
|
|-heal|p1a: Umbreon|351\/394|[from] item: Leftovers
|-damage|p2a: Togekiss|253\/374 tox|[from] psn
|turn|7
|callback|decision
|
|move|p2a: Togekiss|Thunder Wave|p1a: Umbreon
|-status|p1a: Umbreon|par
|move|p1a: Umbreon|Heal Bell|p1a: Umbreon
|-cureteam|p1a: Umbreon|[from] move: HealBell
|
|-heal|p1a: Umbreon|375\/394|[from] item: Leftovers
|-damage|p2a: Togekiss|184\/374 tox|[from] psn
|turn|8
|callback|decision
|
|switch|p2a: Heracross|Heracross, M|302\/302
|move|p1a: Umbreon|Protect|p1a: Umbreon
|-fail|p1a: Umbreon
|
|-heal|p1a: Umbreon|394\/394|[from] item: Leftovers
|turn|9
|callback|decision
|
|move|p1a: Umbreon|Protect|p1a: Umbreon
|-singleturn|p1a: Umbreon|Protect
|move|p2a: Heracross|Stone Edge|p1a: Umbreon
|-activate|p1a: Umbreon|Protect
|
|turn|10
|callback|decision
|
|switch|p1a: Torterra|Torterra, F|394\/394
|move|p2a: Heracross|Stone Edge|p1a: Torterra|[miss]
|-miss|p2a: Heracross|p1a: Torterra
|
|turn|11
|callback|decision
|
|switch|p2a: Togekiss|Togekiss, M|184\/374 tox
|move|p1a: Torterra|Stealth Rock|p2a: Togekiss
|-sidestart|p2: FirePhanthom7|move: Stealth Rock
|
|-damage|p2a: Togekiss|161\/374 tox|[from] psn
|turn|12
|callback|decision
|
|switch|p1a: Raikou|Raikou|322\/322
|-ability|p1a: Raikou|Pressure
|move|p2a: Togekiss|Roost|p2a: Togekiss
|-heal|p2a: Togekiss|348\/374 tox
|
|-damage|p2a: Togekiss|302\/374 tox|[from] psn
|turn|13
|callback|decision
|
|move|p1a: Raikou|Hidden Power|p2a: Togekiss
|-supereffective|p2a: Togekiss
|-damage|p2a: Togekiss|158\/374 tox
|move|p2a: Togekiss|Roost|p2a: Togekiss
|-heal|p2a: Togekiss|345\/374 tox
|
|-damage|p2a: Togekiss|276\/374 tox|[from] psn
|turn|14
|callback|decision
|
|move|p1a: Raikou|Hidden Power|p2a: Togekiss
|-supereffective|p2a: Togekiss
|-damage|p2a: Togekiss|138\/374 tox
|move|p2a: Togekiss|Thunder Wave|p1a: Raikou
|-status|p1a: Raikou|par
|
|-damage|p2a: Togekiss|46\/374 tox|[from] psn
|turn|15
|callback|decision
|
|switch|p1a: Umbreon|Umbreon, M|394\/394
|move|p2a: Togekiss|Roost|p2a: Togekiss
|-heal|p2a: Togekiss|233\/374 tox
|
|-damage|p2a: Togekiss|118\/374 tox|[from] psn
|turn|16
|callback|decision
|
|switch|p2a: Rhyperior|Rhyperior, M|434\/434
|-damage|p2a: Rhyperior|407\/434|[from] Stealth Rock
|move|p1a: Umbreon|Heal Bell|p1a: Umbreon
|-cureteam|p1a: Umbreon|[from] move: HealBell
|
|-heal|p2a: Rhyperior|434\/434|[from] item: Leftovers
|turn|17
|callback|decision
|join|Samazing
|
|switch|p1a: Torterra|Torterra, F|394\/394
|move|p2a: Rhyperior|Stealth Rock|p1a: Torterra
|-sidestart|p1: Sjir-sama|move: Stealth Rock
|
|turn|18
|callback|decision
|
|switch|p2a: Hitmontop|Hitmontop, M|304\/304
|-damage|p2a: Hitmontop|285\/304|[from] Stealth Rock
|-ability|p2a: Hitmontop|Intimidate|[of] p1a: Torterra
|-unboost|p1a: Torterra|atk|1
|move|p1a: Torterra|Leech Seed|p2a: Hitmontop
|-start|p2a: Hitmontop|move: Leech Seed
|
|-damage|p2a: Hitmontop|247\/304|[from] Leech Seed|[of] p1a: Torterra
|turn|19
|callback|decision
|leave|Samazing
|
|move|p2a: Hitmontop|Toxic|p1a: Torterra
|-status|p1a: Torterra|tox
|move|p1a: Torterra|Earthquake|p2a: Hitmontop
|-damage|p2a: Hitmontop|159\/304
|-enditem|p2a: Hitmontop|Red Card|[of] p1a: Torterra
|drag|p1a: Chandelure|Chandelure, F|261\/261
|-damage|p1a: Chandelure|196\/261|[from] Stealth Rock
|
|-damage|p2a: Hitmontop|121\/304|[from] Leech Seed|[of] p1a: Chandelure
|-heal|p1a: Chandelure|234\/261|[silent]
|turn|20
|callback|decision
|
|move|p1a: Chandelure|Fire Blast|p2a: Hitmontop
|-damage|p2a: Hitmontop|0 fnt
|faint|p2a: Hitmontop
|
|callback|decision
|
|switch|p2a: Rhyperior|Rhyperior, M|434\/434
|-damage|p2a: Rhyperior|407\/434|[from] Stealth Rock
|turn|21
|callback|decision
|
|switch|p1a: Torterra|Torterra, F|394\/394 tox
|-damage|p1a: Torterra|370\/394 tox|[from] Stealth Rock
|move|p2a: Rhyperior|Toxic|p1a: Torterra
|-fail|p1a: Torterra|tox
|
|-heal|p1a: Torterra|394\/394 tox|[from] item: Leftovers
|-heal|p2a: Rhyperior|434\/434|[from] item: Leftovers
|-damage|p1a: Torterra|370\/394 tox|[from] psn
|turn|22
|callback|decision
|
|move|p1a: Torterra|Leech Seed|p2a: Rhyperior
|-start|p2a: Rhyperior|move: Leech Seed
|move|p2a: Rhyperior|Dragon Tail|p1a: Torterra
|-damage|p1a: Torterra|323\/394 tox
|drag|p1a: Mienshao|Mienshao, M|271\/271
|-damage|p1a: Mienshao|255\/271|[from] Stealth Rock
|
|-damage|p2a: Rhyperior|380\/434|[from] Leech Seed|[of] p1a: Mienshao
|-heal|p1a: Mienshao|271\/271|[silent]
|turn|23
|callback|decision
|
|switch|p2a: Chandelure|Chandelure, M|261\/261
|-damage|p2a: Chandelure|196\/261|[from] Stealth Rock
|move|p1a: Mienshao|Fake Out|p2a: Chandelure
|-immune|p2a: Chandelure|[msg]
|
|turn|24
|callback|decision
|
|switch|p1a: Umbreon|Umbreon, M|394\/394
|-damage|p1a: Umbreon|345\/394|[from] Stealth Rock
|move|p2a: Chandelure|Fire Blast|p1a: Umbreon
|-damage|p1a: Umbreon|177\/394
|-damage|p2a: Chandelure|170\/261|[from] item: Life Orb
|
|-heal|p1a: Umbreon|201\/394|[from] item: Leftovers
|turn|25
|callback|decision
|
|move|p2a: Chandelure|Fire Blast|p1a: Umbreon
|-damage|p1a: Umbreon|33\/394
|-status|p1a: Umbreon|brn
|-damage|p2a: Chandelure|144\/261|[from] item: Life Orb
|move|p1a: Umbreon|Wish|p1a: Umbreon
|
|-heal|p1a: Umbreon|57\/394 brn|[from] item: Leftovers
|-damage|p1a: Umbreon|8\/394 brn|[from] brn
|turn|26
|callback|decision
|
|switch|p1a: Chandelure|Chandelure, F|234\/261
|-damage|p1a: Chandelure|169\/261|[from] Stealth Rock
|move|p2a: Chandelure|Shadow Ball|p1a: Chandelure
|-crit|p1a: Chandelure
|-supereffective|p1a: Chandelure
|-damage|p1a: Chandelure|0 fnt
|-damage|p2a: Chandelure|118\/261|[from] item: Life Orb
|faint|p1a: Chandelure
|
|callback|decision
|
|switch|p1a: Mienshao|Mienshao, M|271\/271
|-damage|p1a: Mienshao|255\/271|[from] Stealth Rock
|turn|27
|callback|decision
|
|move|p1a: Mienshao|Stone Edge|p2a: Chandelure
|-crit|p2a: Chandelure
|-supereffective|p2a: Chandelure
|-damage|p2a: Chandelure|0 fnt
|-damage|p1a: Mienshao|228\/271|[from] item: Life Orb
|faint|p2a: Chandelure
|
|callback|decision
|
|switch|p2a: Heracross|Heracross, M|302\/302
|-damage|p2a: Heracross|265\/302|[from] Stealth Rock
|turn|28
|callback|decision
|
|switch|p1a: Umbreon|Umbreon, M|8\/394 brn
|-damage|p1a: Umbreon|0 fnt|[from] Stealth Rock
|faint|p1a: Umbreon
|move|p2a: Heracross|Close Combat|p1: Umbreon|[notarget]
|-notarget
|
|callback|decision
|
|switch|p1a: Torterra|Torterra, F|323\/394 tox
|-damage|p1a: Torterra|299\/394 tox|[from] Stealth Rock
|turn|29
|callback|decision
|
|move|p2a: Heracross|Close Combat|p1a: Torterra
|-damage|p1a: Torterra|155\/394 tox
|-unboost|p2a: Heracross|def|1
|-unboost|p2a: Heracross|spd|1
|move|p1a: Torterra|Wood Hammer|p2a: Heracross
|-resisted|p2a: Heracross
|-damage|p2a: Heracross|128\/302
|-damage|p1a: Torterra|110\/394 tox|[from] recoil|[of] p2a: Heracross
|
|-heal|p1a: Torterra|134\/394 tox|[from] item: Leftovers
|-damage|p1a: Torterra|110\/394 tox|[from] psn
|turn|30
|callback|decision
|
|switch|p1a: Blastoise|Blastoise, M|362\/362
|-damage|p1a: Blastoise|317\/362|[from] Stealth Rock
|move|p2a: Heracross|Close Combat|p1a: Blastoise
|-damage|p1a: Blastoise|170\/362
|-unboost|p2a: Heracross|def|1
|-unboost|p2a: Heracross|spd|1
|
|-heal|p1a: Blastoise|192\/362|[from] item: Leftovers
|turn|31
|callback|decision
|
|move|p2a: Heracross|Close Combat|p1a: Blastoise
|-damage|p1a: Blastoise|42\/362
|-unboost|p2a: Heracross|def|1
|-unboost|p2a: Heracross|spd|1
|move|p1a: Blastoise|Scald|p2a: Heracross
|-damage|p2a: Heracross|0 fnt
|faint|p2a: Heracross
|
|-heal|p1a: Blastoise|64\/362|[from] item: Leftovers
|callback|decision
|
|switch|p2a: Togekiss|Togekiss, M|118\/374 tox
|-damage|p2a: Togekiss|25\/374 tox|[from] Stealth Rock
|turn|32
|callback|decision
|
|move|p2a: Togekiss|Air Slash|p1a: Blastoise
|-damage|p1a: Blastoise|0 fnt
|faint|p1a: Blastoise
|
|-damage|p2a: Togekiss|2\/374 tox|[from] psn
|callback|decision
|
|switch|p1a: Mienshao|Mienshao, M|271\/271
|-damage|p1a: Mienshao|255\/271|[from] Stealth Rock
|turn|33
|callback|decision
|
|move|p1a: Mienshao|U-turn|p2a: Togekiss
|-resisted|p2a: Togekiss
|-damage|p2a: Togekiss|0 fnt
|-damage|p1a: Mienshao|228\/271|[from] item: Life Orb
|faint|p2a: Togekiss
|callback|decision
|
|switch|p1a: Torterra|Torterra, F|110\/394 tox
|-damage|p1a: Torterra|86\/394 tox|[from] Stealth Rock
|
|-heal|p1a: Torterra|110\/394 tox|[from] item: Leftovers
|-damage|p1a: Torterra|86\/394 tox|[from] psn
|callback|decision
|
|switch|p2a: Scrafty|Scrafty, F|120\/271 brn
|-damage|p2a: Scrafty|104\/271 brn|[from] Stealth Rock
|turn|34
|callback|decision
|
|move|p2a: Scrafty|Drain Punch|p1a: Torterra
|-damage|p1a: Torterra|43\/394 tox
|-heal|p2a: Scrafty|126\/271 brn|[from] drain|[of] p1a: Torterra
|move|p1a: Torterra|Wood Hammer|p2a: Scrafty
|-damage|p2a: Scrafty|0 fnt
|-damage|p1a: Torterra|1\/394 tox|[from] recoil|[of] p2a: Scrafty
|faint|p2a: Scrafty
|
|-heal|p1a: Torterra|25\/394 tox|[from] item: Leftovers
|-damage|p1a: Torterra|0 fnt|[from] psn
|faint|p1a: Torterra
|callback|decision
|
|switch|p1a: Mienshao|Mienshao, M|271\/271
|-damage|p1a: Mienshao|255\/271|[from] Stealth Rock
|switch|p2a: Rhyperior|Rhyperior, M|380\/434
|-damage|p2a: Rhyperior|353\/434|[from] Stealth Rock
|turn|35
|callback|decision
|
|move|p1a: Mienshao|High Jump Kick|p2a: Rhyperior
|-supereffective|p2a: Rhyperior
|-damage|p2a: Rhyperior|82\/434
|-damage|p1a: Mienshao|228\/271|[from] item: Life Orb
|move|p2a: Rhyperior|Dragon Tail|p1a: Mienshao
|-damage|p1a: Mienshao|124\/271
|drag|p1a: Raikou|Raikou|322\/322
|-damage|p1a: Raikou|282\/322|[from] Stealth Rock
|-ability|p1a: Raikou|Pressure
|
|-heal|p2a: Rhyperior|109\/434|[from] item: Leftovers
|turn|36
|callback|decision
|
|move|p1a: Raikou|Hidden Power|p2a: Rhyperior
|-supereffective|p2a: Rhyperior
|-damage|p2a: Rhyperior|0 fnt
|faint|p2a: Rhyperior
|
|win|Sjir-sama
|raw|Ladder updating...
|raw|Sjir-sama's rating: 1817 &rarr; <strong>1819<\/strong><br \/>(+2 for winning)
|raw|FirePhanthom7's rating: 929 &rarr; <strong>928<\/strong><br \/>(-1 for losing)
|chat|Sjir-sama|gg