|join|Sjir-sama
|join|Hentai25
|player|p1|Sjir-sama|265
|player|p2|Hentai25|275
|gametype|singles
|tier|[Gen 5] UU
|rated
|rule|Sleep Clause Mod: Limit one foe put to sleep
|rule|Species Clause: Limit one of each Pokemon
|rule|OHKO Clause: OHKO moves are banned
|rule|Moody Clause: Moody is banned
|rule|Evasion Moves Clause: Evasion moves are banned
|rule|HP Percentage Mod: HP is reported as percentages
|rule|Evasion Abilities Clause: Evasion abilities are banned
|clearpoke
|poke|p1|Blastoise, M
|poke|p1|Umbreon, M, shiny
|poke|p1|Raikou
|poke|p1|Torterra, M
|poke|p1|Mienshao, M
|poke|p1|Chandelure, F
|poke|p2|Cofagrigus, F
|poke|p2|Suicune
|poke|p2|Roserade, F
|poke|p2|Bronzong
|poke|p2|Lanturn, F
|poke|p2|Mienshao, M
|teampreview
|callback|decision
|
|start
|switch|p1a: Chandelure|Chandelure, F|261\/261
|switch|p2a: Lanturn|Lanturn, F|391\/391
|turn|1
|callback|decision
|
|move|p1a: Chandelure|Trick|p2a: Lanturn
|-activate|p1a: Chandelure|move: Trick|[of] p2a: Lanturn
|-item|p2a: Lanturn|Choice Scarf|[from] move: Trick
|-item|p1a: Chandelure|Choice Scarf|[from] move: Trick
|move|p2a: Lanturn|Hydro Pump|p1a: Chandelure|[miss]
|-miss|p2a: Lanturn|p1a: Chandelure
|
|turn|2
|callback|decision
|chat|Sjir-sama|._.
|chat|Hentai25|that miss
|chat|Sjir-sama|well, that is a surprise
|chat|Hentai25|sucked
|
|switch|p1a: Umbreon|Umbreon, M, shiny|394\/394
|move|p2a: Lanturn|Hydro Pump|p1a: Umbreon
|-damage|p1a: Umbreon|310\/394
|
|-heal|p1a: Umbreon|334\/394|[from] item: Leftovers
|turn|3
|callback|decision
|chat|Sjir-sama|it does, but meh, what do ya expect from hydro pump :p
|
|switch|p2a: Roserade|Roserade, F|324\/324
|move|p1a: Umbreon|Wish|p1a: Umbreon
|
|-heal|p1a: Umbreon|358\/394|[from] item: Leftovers
|turn|4
|callback|decision
|
|switch|p1a: Chandelure|Chandelure, F|261\/261
|move|p2a: Roserade|Toxic Spikes|p1a: Chandelure
|-sidestart|p1: Sjir-sama|move: Toxic Spikes
|
|turn|5
|callback|decision
|
|move|p1a: Chandelure|Fire Blast|p2a: Roserade|[miss]
|-miss|p1a: Chandelure|p2a: Roserade
|move|p2a: Roserade|Toxic Spikes|p1a: Chandelure
|-sidestart|p1: Sjir-sama|move: Toxic Spikes
|
|turn|6
|callback|decision
|chat|Hentai25|well]
|
|switch|p2a: Lanturn|Lanturn, F|391\/391
|move|p1a: Chandelure|Fire Blast|p2a: Lanturn
|-resisted|p2a: Lanturn
|-damage|p2a: Lanturn|234\/391
|
|turn|7
|callback|decision
|
|switch|p1a: Blastoise|Blastoise, M|362\/362
|-status|p1a: Blastoise|tox
|move|p2a: Lanturn|Volt Switch|p1a: Blastoise
|-supereffective|p1a: Blastoise
|-damage|p1a: Blastoise|210\/362 tox
|callback|decision
|
|switch|p2a: Bronzong|Bronzong|338\/338
|
|-heal|p1a: Blastoise|232\/362 tox|[from] item: Leftovers
|-damage|p1a: Blastoise|210\/362 tox|[from] psn
|turn|8
|callback|decision
|
|switch|p2a: Cofagrigus|Cofagrigus, F|320\/320
|move|p1a: Blastoise|Rapid Spin|p2a: Cofagrigus
|-immune|p2a: Cofagrigus|[msg]
|
|-heal|p1a: Blastoise|232\/362 tox|[from] item: Leftovers
|-damage|p1a: Blastoise|188\/362 tox|[from] psn
|turn|9
|callback|decision
|
|move|p1a: Blastoise|Toxic|p2a: Cofagrigus
|-status|p2a: Cofagrigus|tox
|move|p2a: Cofagrigus|Nasty Plot|p2a: Cofagrigus
|-boost|p2a: Cofagrigus|spa|2
|
|-heal|p1a: Blastoise|210\/362 tox|[from] item: Leftovers
|-damage|p1a: Blastoise|144\/362 tox|[from] psn
|-damage|p2a: Cofagrigus|300\/320 tox|[from] psn
|turn|10
|callback|decision
|
|switch|p1a: Umbreon|Umbreon, M, shiny|358\/394
|-status|p1a: Umbreon|tox
|move|p2a: Cofagrigus|Shadow Ball|p1a: Umbreon
|-resisted|p1a: Umbreon
|-damage|p1a: Umbreon|308\/394 tox
|
|-heal|p1a: Umbreon|332\/394 tox|[from] item: Leftovers
|-heal|p2a: Cofagrigus|320\/320 tox|[from] item: Leftovers
|-damage|p1a: Umbreon|308\/394 tox|[from] psn
|-damage|p2a: Cofagrigus|280\/320 tox|[from] psn
|turn|11
|callback|decision
|
|switch|p2a: Suicune|Suicune|404\/404
|-ability|p2a: Suicune|Pressure
|move|p1a: Umbreon|Wish|p1a: Umbreon
|
|-heal|p1a: Umbreon|332\/394 tox|[from] item: Leftovers
|-damage|p1a: Umbreon|284\/394 tox|[from] psn
|turn|12
|callback|decision
|
|switch|p1a: Raikou|Raikou|322\/322
|-status|p1a: Raikou|tox
|-ability|p1a: Raikou|Pressure
|move|p2a: Suicune|Scald|p1a: Raikou
|-damage|p1a: Raikou|243\/322 tox
|
|-heal|p1a: Raikou|322\/322 tox|[from] move: Wish|[wisher] Umbreon
|-damage|p1a: Raikou|302\/322 tox|[from] psn
|turn|13
|callback|decision
|chat|Sjir-sama|ow shi-
|
|switch|p2a: Lanturn|Lanturn, F|234\/391
|move|p1a: Raikou|Thunder|p2a: Lanturn
|-heal|p2a: Lanturn|331\/391|[from] ability: Volt Absorb|[of] p1a: Raikou
|
|-damage|p1a: Raikou|262\/322 tox|[from] psn
|turn|14
|callback|decision
|chat|Sjir-sama|put thunder istead of bolt ._.
|
|switch|p1a: Umbreon|Umbreon, M, shiny|284\/394 tox
|move|p2a: Lanturn|Volt Switch|p1a: Umbreon
|-damage|p1a: Umbreon|227\/394 tox
|callback|decision
|chat|Hentai25|:(
|
|switch|p2a: Mienshao|Mienshao, M|271\/271
|
|-heal|p1a: Umbreon|251\/394 tox|[from] item: Leftovers
|-damage|p1a: Umbreon|227\/394 tox|[from] psn
|turn|15
|callback|decision
|
|move|p1a: Umbreon|Protect|p1a: Umbreon
|-singleturn|p1a: Umbreon|Protect
|move|p2a: Mienshao|U-turn|p1a: Umbreon
|-activate|p1a: Umbreon|Protect
|
|-heal|p1a: Umbreon|251\/394 tox|[from] item: Leftovers
|-damage|p1a: Umbreon|203\/394 tox|[from] psn
|turn|16
|callback|decision
|
|switch|p1a: Torterra|Torterra, M|394\/394
|-status|p1a: Torterra|tox
|move|p2a: Mienshao|High Jump Kick|p1a: Torterra
|-damage|p1a: Torterra|176\/394 tox
|-damage|p2a: Mienshao|244\/271|[from] item: Life Orb
|
|-heal|p1a: Torterra|200\/394 tox|[from] item: Leftovers
|-damage|p1a: Torterra|176\/394 tox|[from] psn
|turn|17
|callback|decision
|
|move|p2a: Mienshao|U-turn|p1a: Torterra
|-supereffective|p1a: Torterra
|-damage|p1a: Torterra|25\/394 tox
|-damage|p2a: Mienshao|217\/271|[from] item: Life Orb
|callback|decision
|
|switch|p2a: Bronzong|Bronzong|338\/338
|move|p1a: Torterra|Wood Hammer|p2a: Bronzong
|-resisted|p2a: Bronzong
|-damage|p2a: Bronzong|233\/338
|-damage|p1a: Torterra|0 fnt|[from] recoil|[of] p2a: Bronzong
|faint|p1a: Torterra
|
|-heal|p2a: Bronzong|254\/338|[from] item: Leftovers
|callback|decision
|
|switch|p1a: Blastoise|Blastoise, M|144\/362 tox
|turn|18
|callback|decision
|
|switch|p2a: Cofagrigus|Cofagrigus, F|280\/320 tox
|move|p1a: Blastoise|Scald|p2a: Cofagrigus
|-damage|p2a: Cofagrigus|198\/320 tox
|
|-heal|p1a: Blastoise|166\/362 tox|[from] item: Leftovers
|-heal|p2a: Cofagrigus|218\/320 tox|[from] item: Leftovers
|-damage|p1a: Blastoise|144\/362 tox|[from] psn
|-damage|p2a: Cofagrigus|198\/320 tox|[from] psn
|turn|19
|callback|decision
|
|switch|p1a: Umbreon|Umbreon, M, shiny|203\/394 tox
|switch|p2a: Mienshao|Mienshao, M|271\/271
|
|-heal|p1a: Umbreon|227\/394 tox|[from] item: Leftovers
|-damage|p1a: Umbreon|203\/394 tox|[from] psn
|turn|20
|callback|decision
|
|move|p2a: Mienshao|U-turn|p1a: Umbreon
|-crit|p1a: Umbreon
|-supereffective|p1a: Umbreon
|-damage|p1a: Umbreon|0 fnt
|-damage|p2a: Mienshao|244\/271|[from] item: Life Orb
|faint|p1a: Umbreon
|callback|decision
|
|switch|p2a: Lanturn|Lanturn, F|331\/391
|
|callback|decision
|
|switch|p1a: Mienshao|Mienshao, M|271\/271
|-status|p1a: Mienshao|tox
|turn|21
|callback|decision
|
|switch|p2a: Cofagrigus|Cofagrigus, F|198\/320 tox
|move|p1a: Mienshao|Stone Edge|p2a: Cofagrigus
|-damage|p2a: Cofagrigus|114\/320 tox
|-damage|p1a: Mienshao|244\/271 tox|[from] item: Life Orb
|
|-heal|p2a: Cofagrigus|134\/320 tox|[from] item: Leftovers
|-damage|p1a: Mienshao|228\/271 tox|[from] psn
|-damage|p2a: Cofagrigus|114\/320 tox|[from] psn
|turn|22
|callback|decision
|
|switch|p1a: Raikou|Raikou|262\/322 tox
|-ability|p1a: Raikou|Pressure
|move|p2a: Cofagrigus|Shadow Ball|p1a: Raikou
|-damage|p1a: Raikou|174\/322 tox
|
|-heal|p2a: Cofagrigus|134\/320 tox|[from] item: Leftovers
|-damage|p1a: Raikou|154\/322 tox|[from] psn
|-damage|p2a: Cofagrigus|94\/320 tox|[from] psn
|turn|23
|callback|decision
|
|switch|p2a: Lanturn|Lanturn, F|331\/391
|move|p1a: Raikou|Extrasensory|p2a: Lanturn
|-damage|p2a: Lanturn|179\/391
|
|-damage|p1a: Raikou|114\/322 tox|[from] psn
|turn|24
|callback|decision
|
|move|p2a: Lanturn|Scald|p1a: Raikou
|-damage|p1a: Raikou|14\/322 tox
|move|p1a: Raikou|Extrasensory|p2a: Lanturn
|-damage|p2a: Lanturn|11\/391
|
|-damage|p1a: Raikou|0 fnt|[from] psn
|faint|p1a: Raikou
|callback|decision
|
|switch|p1a: Mienshao|Mienshao, M|271\/271 tox
|turn|25
|callback|decision
|
|switch|p2a: Cofagrigus|Cofagrigus, F|94\/320 tox
|move|p1a: Mienshao|Fake Out|p2a: Cofagrigus
|-immune|p2a: Cofagrigus|[msg]
|
|-heal|p2a: Cofagrigus|114\/320 tox|[from] item: Leftovers
|-damage|p1a: Mienshao|255\/271 tox|[from] psn
|-damage|p2a: Cofagrigus|94\/320 tox|[from] psn
|turn|26
|callback|decision
|
|move|p1a: Mienshao|Stone Edge|p2a: Cofagrigus
|-damage|p2a: Cofagrigus|12\/320 tox
|-damage|p1a: Mienshao|228\/271 tox|[from] item: Life Orb
|move|p2a: Cofagrigus|Shadow Ball|p1a: Mienshao
|-damage|p1a: Mienshao|86\/271 tox
|
|-heal|p2a: Cofagrigus|32\/320 tox|[from] item: Leftovers
|-damage|p1a: Mienshao|54\/271 tox|[from] psn
|-damage|p2a: Cofagrigus|0 fnt|[from] psn
|faint|p2a: Cofagrigus
|callback|decision
|
|switch|p2a: Lanturn|Lanturn, F|11\/391
|turn|27
|callback|decision
|
|switch|p1a: Blastoise|Blastoise, M|144\/362 tox
|move|p2a: Lanturn|Volt Switch|p1a: Blastoise
|-supereffective|p1a: Blastoise
|-damage|p1a: Blastoise|0 fnt
|faint|p1a: Blastoise
|callback|decision
|
|switch|p2a: Suicune|Suicune|404\/404
|-ability|p2a: Suicune|Pressure
|
|callback|decision
|
|switch|p1a: Mienshao|Mienshao, M|144\/271 tox
|turn|28
|callback|decision
|
|move|p1a: Mienshao|High Jump Kick|p2a: Suicune|[miss]
|-miss|p1a: Mienshao|p2a: Suicune
|-damage|p1a: Mienshao|9\/271 tox|[from] highjumpkick
|move|p2a: Suicune|Scald|p1a: Mienshao
|-damage|p1a: Mienshao|0 fnt
|faint|p1a: Mienshao
|
|callback|decision
|
|switch|p1a: Chandelure|Chandelure, F|261\/261
|-status|p1a: Chandelure|tox
|turn|29
|callback|decision
|chat|Hentai25|you aren't very lucky
|
|move|p1a: Chandelure|Shadow Ball|p2a: Suicune
|-damage|p2a: Suicune|257\/404
|-unboost|p2a: Suicune|spd|1
|move|p2a: Suicune|Scald|p1a: Chandelure
|-supereffective|p1a: Chandelure
|-damage|p1a: Chandelure|67\/261 tox
|
|-heal|p2a: Suicune|282\/404|[from] item: Leftovers
|-damage|p1a: Chandelure|51\/261 tox|[from] psn
|turn|30
|callback|decision
|chat|Sjir-sama|ehh, i don't think it changes much :p
|chat|Sjir-sama|i can't get over bronzong and roserade with 1 shadow ball
|
|move|p1a: Chandelure|Shadow Ball|p2a: Suicune
|-damage|p2a: Suicune|71\/404
|move|p2a: Suicune|Scald|p1a: Chandelure
|-supereffective|p1a: Chandelure
|-damage|p1a: Chandelure|0 fnt
|faint|p1a: Chandelure
|
|win|Hentai25
|raw|Ladder updating...
|raw|Sjir-sama's rating: 1873 &rarr; <strong>1867<\/strong><br \/>(-6 for losing)
|raw|Hentai25's rating: 1699 &rarr; <strong>1830<\/strong><br \/>(+131 for winning)
|chat|Sjir-sama|gg
|chat|Hentai25|gg