|join|pokemonisfun
|join|sjir-sama
|player|p1|pokemonisfun|184
|player|p2|sjir-sama|164
|gametype|singles
|gen|6
|tier|UU
|rated
|rule|Sleep Clause Mod: Limit one foe put to sleep
|rule|Species Clause: Limit one of each PokÃ©mon
|rule|OHKO Clause: OHKO moves are banned
|rule|Moody Clause: Moody is banned
|rule|Evasion Moves Clause: Evasion moves are banned
|rule|Endless Battle Clause: Forcing endless battles is banned
|rule|HP Percentage Mod: HP is shown in percentages
|clearpoke
|poke|p1|Darmanitan, M
|poke|p1|Hydreigon, M
|poke|p1|Espeon, F
|poke|p1|Jirachi
|poke|p1|Zygarde
|poke|p1|Aerodactyl, M
|poke|p2|Sceptile, M
|poke|p2|Infernape, M
|poke|p2|Crobat, M
|poke|p2|Umbreon, F
|poke|p2|Rhyperior, F
|poke|p2|Suicune
|rule|Swagger Clause: Swagger is banned
|rule|Baton Pass Clause: Limit one PokÃ©mon knowing Baton Pass
|teampreview
|
|start
|switch|p1a: Aerodactyl|Aerodactyl, M|302\/302
|switch|p2a: Hikari|Suicune|404\/404
|-ability|p2a: Hikari|Pressure
|turn|1
|
|switch|p1a: Hydreigon|Hydreigon, M|325\/325
|move|p2a: Hikari|Scald|p1a: Hydreigon
|-resisted|p1a: Hydreigon
|-damage|p1a: Hydreigon|277\/325
|
|turn|2
|
|switch|p2a: NegaiHoshi|Umbreon, F|394\/394
|move|p1a: Hydreigon|U-turn|p2a: NegaiHoshi
|-supereffective|p2a: NegaiHoshi
|-damage|p2a: NegaiHoshi|292\/394
|
|switch|p1a: Jirachi|Jirachi|404\/404
|
|-heal|p2a: NegaiHoshi|316\/394|[from] item: Leftovers
|turn|3
|
|move|p1a: Jirachi|Stealth Rock|p2a: NegaiHoshi
|-sidestart|p2: sjir-sama|move: Stealth Rock
|move|p2a: NegaiHoshi|Foul Play|p1a: Jirachi
|-supereffective|p1a: Jirachi
|-damage|p1a: Jirachi|188\/404
|
|-heal|p1a: Jirachi|213\/404|[from] item: Leftovers
|-heal|p2a: NegaiHoshi|340\/394|[from] item: Leftovers
|turn|4
|
|move|p1a: Jirachi|U-turn|p2a: NegaiHoshi
|-supereffective|p2a: NegaiHoshi
|-damage|p2a: NegaiHoshi|236\/394
|
|switch|p1a: Zygarde|Zygarde|404\/404
|-ability|p1a: Zygarde|Aura Break
|move|p2a: NegaiHoshi|Wish|p2a: NegaiHoshi
|
|-heal|p2a: NegaiHoshi|260\/394|[from] item: Leftovers
|turn|5
|
|switch|p2a: Hikari|Suicune|404\/404
|-damage|p2a: Hikari|354\/404|[from] Stealth Rock
|-ability|p2a: Hikari|Pressure
|move|p1a: Zygarde|Substitute|p1a: Zygarde
|-start|p1a: Zygarde|Substitute
|-damage|p1a: Zygarde|303\/404
|
|-heal|p2a: Hikari|404\/404|[from] move: Wish|[wisher] NegaiHoshi
|-heal|p1a: Zygarde|328\/404|[from] item: Leftovers
|turn|6
|
|move|p1a: Zygarde|Coil|p1a: Zygarde
|-boost|p1a: Zygarde|atk|1
|-boost|p1a: Zygarde|def|1
|-boost|p1a: Zygarde|accuracy|1
|move|p2a: Hikari|Scald|p1a: Zygarde
|-activate|p1a: Zygarde|Substitute|[damage]
|
|-heal|p1a: Zygarde|353\/404|[from] item: Leftovers
|turn|7
|
|move|p1a: Zygarde|Coil|p1a: Zygarde
|-boost|p1a: Zygarde|atk|1
|-boost|p1a: Zygarde|def|1
|-boost|p1a: Zygarde|accuracy|1
|move|p2a: Hikari|Scald|p1a: Zygarde
|-end|p1a: Zygarde|Substitute
|
|-heal|p1a: Zygarde|378\/404|[from] item: Leftovers
|turn|8
|
|move|p1a: Zygarde|Substitute|p1a: Zygarde
|-start|p1a: Zygarde|Substitute
|-damage|p1a: Zygarde|277\/404
|move|p2a: Hikari|Calm Mind|p2a: Hikari
|-boost|p2a: Hikari|spa|1
|-boost|p2a: Hikari|spd|1
|
|-heal|p1a: Zygarde|302\/404|[from] item: Leftovers
|turn|9
|
|move|p1a: Zygarde|Earthquake|p2a: Hikari
|-damage|p2a: Hikari|224\/404
|move|p2a: Hikari|Scald|p1a: Zygarde
|-end|p1a: Zygarde|Substitute
|
|-heal|p1a: Zygarde|327\/404|[from] item: Leftovers
|-heal|p2a: Hikari|249\/404|[from] item: Leftovers
|turn|10
|
|move|p1a: Zygarde|Earthquake|p2a: Hikari
|-damage|p2a: Hikari|71\/404
|move|p2a: Hikari|Scald|p1a: Zygarde
|-damage|p1a: Zygarde|207\/404
|
|-heal|p1a: Zygarde|232\/404|[from] item: Leftovers
|-heal|p2a: Hikari|96\/404|[from] item: Leftovers
|turn|11
|
|move|p1a: Zygarde|Earthquake|p2a: Hikari
|-damage|p2a: Hikari|0 fnt
|faint|p2a: Hikari
|
|-heal|p1a: Zygarde|257\/404|[from] item: Leftovers
|
|switch|p2a: Ryuuji|Sceptile, M|282\/282
|-damage|p2a: Ryuuji|247\/282|[from] Stealth Rock
|turn|12
|
|move|p1a: Zygarde|Extreme Speed|p2a: Ryuuji
|-damage|p2a: Ryuuji|34\/282
|move|p2a: Ryuuji|Leaf Storm|p1a: Zygarde
|-damage|p1a: Zygarde|0 fnt
|-unboost|p2a: Ryuuji|spa|2
|-damage|p2a: Ryuuji|6\/282|[from] item: Life Orb
|faint|p1a: Zygarde
|
|
|switch|p1a: Aerodactyl|Aerodactyl, M|302\/302
|turn|13
|
|detailschange|p1a: Aerodactyl|Aerodactyl-Mega, M
|message|Aerodactyl has Mega Evolved into Mega Aerodactyl!
|move|p1a: Aerodactyl|Aerial Ace|p2a: Ryuuji
|-supereffective|p2a: Ryuuji
|-damage|p2a: Ryuuji|0 fnt
|faint|p2a: Ryuuji
|
|
|switch|p2a: Yunikon|Rhyperior, F|434\/434
|-damage|p2a: Yunikon|407\/434|[from] Stealth Rock
|turn|14
|
|switch|p1a: Jirachi|Jirachi|213\/404
|move|p2a: Yunikon|Stone Edge|p1a: Jirachi|[miss]
|-miss|p2a: Yunikon|p1a: Jirachi
|
|-heal|p1a: Jirachi|238\/404|[from] item: Leftovers
|-heal|p2a: Yunikon|434\/434|[from] item: Leftovers
|turn|15
|
|move|p1a: Jirachi|Iron Head|p2a: Yunikon
|-crit|p2a: Yunikon
|-supereffective|p2a: Yunikon
|-damage|p2a: Yunikon|290\/434
|cant|p2a: Yunikon|flinch
|
|-heal|p1a: Jirachi|263\/404|[from] item: Leftovers
|-heal|p2a: Yunikon|317\/434|[from] item: Leftovers
|turn|16
|
|move|p1a: Jirachi|Iron Head|p2a: Yunikon
|-supereffective|p2a: Yunikon
|-damage|p2a: Yunikon|223\/434
|move|p2a: Yunikon|Earthquake|p1a: Jirachi
|-supereffective|p1a: Jirachi
|-damage|p1a: Jirachi|0 fnt
|faint|p1a: Jirachi
|
|-heal|p2a: Yunikon|250\/434|[from] item: Leftovers
|
|switch|p1a: Hydreigon|Hydreigon, M|277\/325
|turn|17
|
|switch|p2a: NegaiHoshi|Umbreon, F|260\/394
|-damage|p2a: NegaiHoshi|211\/394|[from] Stealth Rock
|move|p1a: Hydreigon|Dark Pulse|p2a: NegaiHoshi
|-resisted|p2a: NegaiHoshi
|-damage|p2a: NegaiHoshi|154\/394
|
|-heal|p2a: NegaiHoshi|178\/394|[from] item: Leftovers
|turn|18
|
|switch|p1a: Darmanitan|Darmanitan, M|351\/351
|move|p2a: NegaiHoshi|Wish|p2a: NegaiHoshi
|
|-heal|p2a: NegaiHoshi|202\/394|[from] item: Leftovers
|turn|19
|
|move|p2a: NegaiHoshi|Protect|p2a: NegaiHoshi
|-singleturn|p2a: NegaiHoshi|Protect
|move|p1a: Darmanitan|Flare Blitz|p2a: NegaiHoshi
|-activate|p2a: NegaiHoshi|Protect
|
|-heal|p2a: NegaiHoshi|394\/394|[from] move: Wish|[wisher] NegaiHoshi
|turn|20
|
|switch|p2a: Yunikon|Rhyperior, F|250\/434
|-damage|p2a: Yunikon|223\/434|[from] Stealth Rock
|move|p1a: Darmanitan|Flare Blitz|p2a: Yunikon
|-resisted|p2a: Yunikon
|-damage|p2a: Yunikon|93\/434
|-damage|p1a: Darmanitan|308\/351|[from] recoil|[of] p2a: Yunikon
|
|-heal|p2a: Yunikon|120\/434|[from] item: Leftovers
|turn|21
|
|move|p1a: Darmanitan|Flare Blitz|p2a: Yunikon
|-resisted|p2a: Yunikon
|-damage|p2a: Yunikon|0 fnt
|-damage|p1a: Darmanitan|268\/351|[from] recoil|[of] p2a: Yunikon
|faint|p2a: Yunikon
|
|
|switch|p2a: Kaizaru|Infernape, M|293\/293
|-damage|p2a: Kaizaru|257\/293|[from] Stealth Rock
|turn|22
|
|switch|p1a: Aerodactyl|Aerodactyl-Mega, M|302\/302
|move|p2a: Kaizaru|Close Combat|p1a: Aerodactyl
|-damage|p1a: Aerodactyl|0 fnt
|-unboost|p2a: Kaizaru|def|1
|-unboost|p2a: Kaizaru|spd|1
|faint|p1a: Aerodactyl
|
|
|switch|p1a: Espeon|Espeon, F|272\/272
|turn|23
|
|switch|p1a: Darmanitan|Darmanitan, M|268\/351
|switch|p2a: NegaiHoshi|Umbreon, F|394\/394
|-damage|p2a: NegaiHoshi|345\/394|[from] Stealth Rock
|
|-heal|p2a: NegaiHoshi|369\/394|[from] item: Leftovers
|turn|24
|
|move|p2a: NegaiHoshi|Protect|p2a: NegaiHoshi
|-singleturn|p2a: NegaiHoshi|Protect
|move|p1a: Darmanitan|Flare Blitz|p2a: NegaiHoshi
|-activate|p2a: NegaiHoshi|Protect
|
|-heal|p2a: NegaiHoshi|393\/394|[from] item: Leftovers
|turn|25
|
|move|p1a: Darmanitan|Flare Blitz|p2a: NegaiHoshi
|-damage|p2a: NegaiHoshi|0 fnt
|-damage|p1a: Darmanitan|138\/351|[from] recoil|[of] p2a: NegaiHoshi
|faint|p2a: NegaiHoshi
|
|c|âsjir-sama|gg
|
|switch|p2a: Kaizaru|Infernape, M|257\/293
|-damage|p2a: Kaizaru|221\/293|[from] Stealth Rock
|turn|26
|
|move|p2a: Kaizaru|Close Combat|p1a: Darmanitan
|-damage|p1a: Darmanitan|0 fnt
|-unboost|p2a: Kaizaru|def|1
|-unboost|p2a: Kaizaru|spd|1
|faint|p1a: Darmanitan
|
|c|âsjir-sama|oh
|
|switch|p1a: Espeon|Espeon, F|272\/272
|turn|27
|c|âsjir-sama|well gg
|
|move|p1a: Espeon|Psyshock|p2a: Kaizaru
|-supereffective|p2a: Kaizaru
|-damage|p2a: Kaizaru|0 fnt
|-damage|p1a: Espeon|245\/272|[from] item: Life Orb
|faint|p2a: Kaizaru
|
|c|âpokemonisfun|GG
|
|switch|p2a: Onimori|Crobat, M|373\/373
|-damage|p2a: Onimori|280\/373|[from] Stealth Rock
|turn|28
|
|move|p2a: Onimori|U-turn|p1a: Espeon
|-supereffective|p1a: Espeon
|-damage|p1a: Espeon|65\/272
|move|p1a: Espeon|Psyshock|p2a: Onimori
|-supereffective|p2a: Onimori
|-damage|p2a: Onimori|0 fnt
|-damage|p1a: Espeon|38\/272|[from] item: Life Orb
|faint|p2a: Onimori
|
|win|pokemonisfun
|raw|Ladder updating...
|raw|pokemonisfun's rating: 1778 &rarr; <strong>1790<\/strong><br \/>(+12 for winning)
|raw|sjir-sama's rating: 1643 &rarr; <strong>1630<\/strong><br \/>(-13 for losing)