|join|Frannsanchez
|join|sjir-sama
|player|p1|Frannsanchez|52
|player|p2|sjir-sama|164
|gametype|singles
|gen|6
|tier|UU
|rated
|rule|Sleep Clause Mod: Limit one foe put to sleep
|rule|Species Clause: Limit one of each Pokemon
|rule|OHKO Clause: OHKO moves are banned
|rule|Moody Clause: Moody is banned
|rule|Evasion Moves Clause: Evasion moves are banned
|rule|Endless Battle Clause: Forcing endless battles is banned.
|rule|HP Percentage Mod: HP is reported as percentages
|clearpoke
|poke|p1|Electivire, F, shiny
|poke|p1|Braviary, M
|poke|p1|Blastoise, M
|poke|p1|Heracross, M
|poke|p1|Typhlosion, M
|poke|p1|Sceptile, M
|poke|p2|Jolteon, F
|poke|p2|Torterra, F
|poke|p2|Umbreon, F
|poke|p2|Blastoise, M
|poke|p2|Mienshao, M
|poke|p2|Chandelure, F
|teampreview
|
|start
|switch|p1a: Electivire|Electivire, F, shiny|292\/292
|switch|p2a: Jolteon|Jolteon, F|272\/272
|turn|1
|
|switch|p2a: Umbreon|Umbreon, F|394\/394
|move|p1a: Electivire|Earthquake|p2a: Umbreon
|-damage|p2a: Umbreon|269\/394
|
|-heal|p2a: Umbreon|293\/394|[from] item: Leftovers
|turn|2
|
|move|p2a: Umbreon|Protect|p2a: Umbreon
|-singleturn|p2a: Umbreon|Protect
|move|p1a: Electivire|Wild Charge|p2a: Umbreon
|-activate|p2a: Umbreon|Protect
|
|-heal|p2a: Umbreon|317\/394|[from] item: Leftovers
|turn|3
|
|switch|p1a: Heracross|Heracross, M|301\/301
|move|p2a: Umbreon|Wish|p2a: Umbreon
|
|-heal|p2a: Umbreon|341\/394|[from] item: Leftovers
|turn|4
|
|switch|p2a: Blastoise|Blastoise, M|362\/362
|move|p1a: Heracross|Swords Dance|p1a: Heracross
|-boost|p1a: Heracross|atk|2
|
|turn|5
|
|switch|p2a: Chandelure|Chandelure, F|261\/261
|move|p1a: Heracross|Megahorn|p2a: Chandelure
|-resisted|p2a: Chandelure
|-damage|p2a: Chandelure|110\/261
|-damage|p1a: Heracross|271\/301|[from] item: Life Orb
|
|turn|6
|
|move|p2a: Chandelure|Fire Blast|p1a: Heracross
|-supereffective|p1a: Heracross
|-damage|p1a: Heracross|0 fnt
|faint|p1a: Heracross
|
|
|switch|p1a: Blastoise|Blastoise, M|299\/299
|turn|7
|
|switch|p2a: Umbreon|Umbreon, F|341\/394
|-formechange|p1a: Blastoise|Blastoise-Mega
|message|Blastoise has Mega Evolved into Mega Blastoise!
|move|p1a: Blastoise|Hydro Pump|p2a: Umbreon
|-damage|p2a: Umbreon|230\/394
|
|-heal|p2a: Umbreon|254\/394|[from] item: Leftovers
|turn|8
|
|move|p2a: Umbreon|Protect|p2a: Umbreon
|-singleturn|p2a: Umbreon|Protect
|move|p1a: Blastoise|Dark Pulse|p2a: Umbreon
|-activate|p2a: Umbreon|Protect
|
|-heal|p2a: Umbreon|278\/394|[from] item: Leftovers
|turn|9
|
|switch|p1a: Braviary|Braviary, M|342\/342
|move|p2a: Umbreon|Wish|p2a: Umbreon
|
|-heal|p2a: Umbreon|302\/394|[from] item: Leftovers
|turn|10
|
|move|p1a: Braviary|Superpower|p2a: Umbreon
|-supereffective|p2a: Umbreon
|-damage|p2a: Umbreon|0 fnt
|-unboost|p1a: Braviary|atk|1
|-unboost|p1a: Braviary|def|1
|-damage|p1a: Braviary|308\/342|[from] item: Life Orb
|faint|p2a: Umbreon
|
|
|switch|p2a: Jolteon|Jolteon, F|272\/272
|turn|11
|
|move|p2a: Jolteon|Shadow Ball|p1a: Braviary
|-immune|p1a: Braviary|[msg]
|move|p1a: Braviary|U-turn|p2a: Jolteon
|-damage|p2a: Jolteon|156\/272
|-damage|p1a: Braviary|274\/342|[from] item: Life Orb
|
|switch|p1a: Typhlosion|Typhlosion, M|297\/297
|
|turn|12
|
|switch|p2a: Chandelure|Chandelure, F|110\/261
|move|p1a: Typhlosion|Extrasensory|p2a: Chandelure
|-damage|p2a: Chandelure|22\/261
|
|turn|13
|
|move|p1a: Typhlosion|Extrasensory|p2a: Chandelure
|-damage|p2a: Chandelure|0 fnt
|faint|p2a: Chandelure
|
|
|switch|p2a: Jolteon|Jolteon, F|156\/272
|turn|14
|
|switch|p1a: Sceptile|Sceptile, M|281\/281
|move|p2a: Jolteon|Thunderbolt|p1a: Sceptile
|-resisted|p1a: Sceptile
|-damage|p1a: Sceptile|155\/281
|-status|p1a: Sceptile|par
|
|turn|15
|
|switch|p2a: Mienshao|Mienshao, M|271\/271
|cant|p1a: Sceptile|par
|
|turn|16
|chat|sjir-sama|sorry man~
|
|move|p2a: Mienshao|U-turn|p1a: Sceptile
|-supereffective|p1a: Sceptile
|-damage|p1a: Sceptile|0 fnt
|-damage|p2a: Mienshao|244\/271|[from] item: Life Orb
|faint|p1a: Sceptile
|
|switch|p2a: Torterra|Torterra, F|394\/394
|
|
|switch|p1a: Blastoise|Blastoise, M|299\/299
|-formechange|p1a: Blastoise|Blastoise-Mega
|turn|17
|
|switch|p2a: Blastoise|Blastoise, M|362\/362
|move|p1a: Blastoise|Ice Beam|p2a: Blastoise
|-resisted|p2a: Blastoise
|-damage|p2a: Blastoise|308\/362
|-status|p2a: Blastoise|frz
|
|turn|18
|
|-formechange|p2a: Blastoise|Blastoise-Mega
|message|Blastoise has Mega Evolved into Mega Blastoise!
|move|p1a: Blastoise|Hidden Power|p2a: Blastoise
|-supereffective|p2a: Blastoise
|-damage|p2a: Blastoise|184\/362 frz
|cant|p2a: Blastoise|frz
|
|turn|19
|
|-curestatus|p2a: Blastoise|frz
|move|p2a: Blastoise|Aura Sphere|p1a: Blastoise
|-damage|p1a: Blastoise|210\/299
|move|p1a: Blastoise|Hidden Power|p2a: Blastoise
|-supereffective|p2a: Blastoise
|-damage|p2a: Blastoise|54\/362
|
|turn|20
|
|move|p1a: Blastoise|Hydro Pump|p2a: Blastoise
|-resisted|p2a: Blastoise
|-damage|p2a: Blastoise|0 fnt
|faint|p2a: Blastoise
|
|
|switch|p2a: Mienshao|Mienshao, M|271\/271
|turn|21
|
|move|p2a: Mienshao|Fake Out|p1a: Blastoise
|-damage|p1a: Blastoise|167\/299
|-damage|p2a: Mienshao|244\/271|[from] item: Life Orb
|cant|p1a: Blastoise|flinch
|
|turn|22
|
|move|p2a: Mienshao|High Jump Kick|p1a: Blastoise
|-damage|p1a: Blastoise|0 fnt
|-damage|p2a: Mienshao|217\/271|[from] item: Life Orb
|faint|p1a: Blastoise
|
|
|switch|p1a: Braviary|Braviary, M|274\/342
|turn|23
|
|switch|p2a: Torterra|Torterra, F|394\/394
|move|p1a: Braviary|Sky Drop|p2a: Torterra|[still]
|message|Torterra is too heavy. (placeholder)
|
|turn|24
|
|move|p1a: Braviary|U-turn|p2a: Torterra
|-supereffective|p2a: Torterra
|-damage|p2a: Torterra|246\/394
|-damage|p1a: Braviary|240\/342|[from] item: Life Orb
|
|switch|p1a: Typhlosion|Typhlosion, M|297\/297
|move|p2a: Torterra|Leech Seed|p1a: Typhlosion
|-start|p1a: Typhlosion|move: Leech Seed
|
|-heal|p2a: Torterra|270\/394|[from] item: Leftovers
|-damage|p1a: Typhlosion|260\/297|[from] Leech Seed|[of] p2a: Torterra
|-heal|p2a: Torterra|307\/394|[silent]
|turn|25
|
|switch|p2a: Jolteon|Jolteon, F|156\/272
|move|p1a: Typhlosion|Fire Blast|p2a: Jolteon
|-damage|p2a: Jolteon|0 fnt
|faint|p2a: Jolteon
|
|
|switch|p2a: Mienshao|Mienshao, M|271\/271
|turn|26
|
|move|p2a: Mienshao|Fake Out|p1a: Typhlosion
|-damage|p1a: Typhlosion|183\/297
|-damage|p2a: Mienshao|244\/271|[from] item: Life Orb
|cant|p1a: Typhlosion|flinch
|
|-damage|p1a: Typhlosion|146\/297|[from] Leech Seed|[of] p2a: Mienshao
|-heal|p2a: Mienshao|271\/271|[silent]
|turn|27
|
|move|p1a: Typhlosion|Fire Blast|p2a: Mienshao
|-damage|p2a: Mienshao|13\/271
|move|p2a: Mienshao|Stone Edge|p1a: Typhlosion
|-supereffective|p1a: Typhlosion
|-damage|p1a: Typhlosion|0 fnt
|-damage|p2a: Mienshao|0 fnt|[from] item: Life Orb
|faint|p1a: Typhlosion
|faint|p2a: Mienshao
|
|
|switch|p1a: Braviary|Braviary, M|240\/342
|switch|p2a: Torterra|Torterra, F|307\/394
|turn|28
|
|move|p1a: Braviary|Superpower|p2a: Torterra
|-damage|p2a: Torterra|177\/394
|-unboost|p1a: Braviary|atk|1
|-unboost|p1a: Braviary|def|1
|-damage|p1a: Braviary|206\/342|[from] item: Life Orb
|move|p2a: Torterra|Leech Seed|p1a: Braviary
|-start|p1a: Braviary|move: Leech Seed
|
|-heal|p2a: Torterra|201\/394|[from] item: Leftovers
|-damage|p1a: Braviary|164\/342|[from] Leech Seed|[of] p2a: Torterra
|-heal|p2a: Torterra|243\/394|[silent]
|turn|29
|
|move|p1a: Braviary|U-turn|p2a: Torterra
|-supereffective|p2a: Torterra
|-damage|p2a: Torterra|139\/394
|-damage|p1a: Braviary|130\/342|[from] item: Life Orb
|
|switch|p1a: Electivire|Electivire, F, shiny|292\/292
|move|p2a: Torterra|Earthquake|p1a: Electivire
|-supereffective|p1a: Electivire
|-damage|p1a: Electivire|0 fnt
|faint|p1a: Electivire
|
|-heal|p2a: Torterra|163\/394|[from] item: Leftovers
|
|switch|p1a: Braviary|Braviary, M|130\/342
|turn|30
|
|move|p1a: Braviary|Superpower|p2a: Torterra
|-damage|p2a: Torterra|41\/394
|-unboost|p1a: Braviary|atk|1
|-unboost|p1a: Braviary|def|1
|-damage|p1a: Braviary|96\/342|[from] item: Life Orb
|move|p2a: Torterra|Wood Hammer|p1a: Braviary
|-resisted|p1a: Braviary
|-damage|p1a: Braviary|0 fnt
|-damage|p2a: Torterra|9\/394|[from] recoil|[of] p1a: Braviary
|faint|p1a: Braviary
|
|win|sjir-sama
|raw|Ladder updating...
|raw|Frannsanchez's rating: 1136 &rarr; <strong>1110<\/strong><br \/>(-26 for losing)
|raw|sjir-sama's rating: 1120 &rarr; <strong>1146<\/strong><br \/>(+26 for winning)
|chat|sjir-sama|gg lol
|chat|Frannsanchez|gg
|leave|Frannsanchez
|player|p1