|join|Sylvan Cornography
|join|Sjir-sama
|player|p1|Sylvan Cornography|279
|player|p2|Sjir-sama|164
|gametype|singles
|gen|6
|tier|UU
|rule|Sleep Clause Mod: Limit one foe put to sleep
|rule|Species Clause: Limit one of each PokÃ©mon
|rule|OHKO Clause: OHKO moves are banned
|rule|Moody Clause: Moody is banned
|rule|Evasion Moves Clause: Evasion moves are banned
|rule|Endless Battle Clause: Forcing endless battles is banned
|rule|HP Percentage Mod: HP is shown in percentages
|clearpoke
|poke|p1|Ampharos, M
|poke|p1|Swampert, M
|poke|p1|Heracross, M
|poke|p1|Roserade, F
|poke|p1|Umbreon, F
|poke|p1|Forretress, F
|poke|p2|Sceptile, M
|poke|p2|Honchkrow, M
|poke|p2|Infernape, M
|poke|p2|Aggron, M
|poke|p2|Florges, F
|poke|p2|Starmie
|rule|Swagger Clause: Swagger is banned
|rule|Baton Pass Clause: Limit one PokÃ©mon knowing Baton Pass
|teampreview
|
|start
|switch|p1a: Forretress|Forretress, F|354\/354
|switch|p2a: Aggron|Aggron, M|344\/344
|turn|1
|
|detailschange|p2a: Aggron|Aggron-Mega, M
|message|Aggron has Mega Evolved into Mega Aggron!
|move|p2a: Aggron|Earthquake|p1a: Forretress
|-damage|p1a: Forretress|290\/354
|move|p1a: Forretress|Spikes|p2a: Aggron
|-sidestart|p2: Sjir-sama|Spikes
|
|-heal|p1a: Forretress|312\/354|[from] item: Leftovers
|turn|2
|
|switch|p2a: Infernape|Infernape, M|294\/294
|-damage|p2a: Infernape|258\/294|[from] Spikes
|move|p1a: Forretress|Toxic Spikes|p2a: Infernape
|-sidestart|p2: Sjir-sama|move: Toxic Spikes
|
|-heal|p1a: Forretress|334\/354|[from] item: Leftovers
|turn|3
|
|switch|p1a: Ampharos|Ampharos, M|384\/384
|move|p2a: Infernape|U-turn|p1a: Ampharos
|-damage|p1a: Ampharos|261\/384
|
|switch|p2a: Florges|Florges, F|297\/297
|-status|p2a: Florges|psn
|-damage|p2a: Florges|260\/297 psn|[from] Spikes
|
|-heal|p2a: Florges|278\/297 psn|[from] item: Leftovers
|-damage|p2a: Florges|241\/297 psn|[from] psn
|turn|4
|
|switch|p2a: Aggron|Aggron-Mega, M|344\/344
|-damage|p2a: Aggron|301\/344|[from] Spikes
|detailschange|p1a: Ampharos|Ampharos-Mega, M
|message|Ampharos has Mega Evolved into Mega Ampharos!
|-ability|p1a: Ampharos|Mold Breaker
|move|p1a: Ampharos|Volt Switch|p2a: Aggron
|-damage|p2a: Aggron|103\/344
|
|switch|p1a: Forretress|Forretress, F|334\/354
|
|-heal|p1a: Forretress|354\/354|[from] item: Leftovers
|turn|5
|
|switch|p2a: Starmie|Starmie|261\/261
|-damage|p2a: Starmie|229\/261|[from] Spikes
|-status|p2a: Starmie|psn
|move|p1a: Forretress|Spikes|p2a: Starmie
|-sidestart|p2: Sjir-sama|Spikes
|
|-damage|p2a: Starmie|197\/261 psn|[from] psn
|turn|6
|
|move|p2a: Starmie|Rapid Spin|p1a: Forretress
|-resisted|p1a: Forretress
|-damage|p1a: Forretress|350\/354
|-sideend|p2: Sjir-sama|Spikes|[from] move: Rapid Spin|[of] p2a: Starmie
|-sideend|p2: Sjir-sama|Toxic Spikes|[from] move: Rapid Spin|[of] p2a: Starmie
|-damage|p2a: Starmie|171\/261 psn|[from] item: Life Orb
|move|p1a: Forretress|Gyro Ball|p2a: Starmie
|-crit|p2a: Starmie
|-resisted|p2a: Starmie
|-damage|p2a: Starmie|66\/261 psn
|
|-heal|p1a: Forretress|354\/354|[from] item: Leftovers
|-damage|p2a: Starmie|34\/261 psn|[from] psn
|turn|7
|
|move|p2a: Starmie|Hydro Pump|p1a: Forretress
|-damage|p1a: Forretress|38\/354
|-damage|p2a: Starmie|8\/261 psn|[from] item: Life Orb
|move|p1a: Forretress|Toxic Spikes|p2a: Starmie
|-sidestart|p2: Sjir-sama|move: Toxic Spikes
|
|-heal|p1a: Forretress|60\/354|[from] item: Leftovers
|-damage|p2a: Starmie|0 fnt|[from] psn
|faint|p2a: Starmie
|
|switch|p2a: Infernape|Infernape, M|258\/294
|-status|p2a: Infernape|psn
|turn|8
|
|switch|p1a: Swampert|Swampert, M|404\/404
|move|p2a: Infernape|Close Combat|p1a: Swampert
|-damage|p1a: Swampert|107\/404
|-unboost|p2a: Infernape|def|1
|-unboost|p2a: Infernape|spd|1
|
|-heal|p1a: Swampert|132\/404|[from] item: Leftovers
|-damage|p2a: Infernape|222\/294 psn|[from] psn
|turn|9
|
|switch|p1a: Forretress|Forretress, F|60\/354
|move|p2a: Infernape|Close Combat|p1a: Forretress
|-damage|p1a: Forretress|0 fnt
|-unboost|p2a: Infernape|def|1
|-unboost|p2a: Infernape|spd|1
|faint|p1a: Forretress
|
|-damage|p2a: Infernape|186\/294 psn|[from] psn
|
|switch|p1a: Ampharos|Ampharos-Mega, M|261\/384
|-ability|p1a: Ampharos|Mold Breaker
|turn|10
|
|move|p2a: Infernape|Close Combat|p1a: Ampharos
|-damage|p1a: Ampharos|0 fnt
|-unboost|p2a: Infernape|def|1
|-unboost|p2a: Infernape|spd|1
|faint|p1a: Ampharos
|
|-damage|p2a: Infernape|150\/294 psn|[from] psn
|
|switch|p1a: Heracross|Heracross, M|302\/302
|turn|11
|
|switch|p2a: Aggron|Aggron-Mega, M|103\/344
|move|p1a: Heracross|Close Combat|p2a: Aggron
|-supereffective|p2a: Aggron
|-damage|p2a: Aggron|0 fnt
|-unboost|p1a: Heracross|def|1
|-unboost|p1a: Heracross|spd|1
|faint|p2a: Aggron
|-boost|p1a: Heracross|atk|1|[from] ability: Moxie
|
|
|switch|p2a: Florges|Florges, F|241\/297 psn
|turn|12
|
|move|p1a: Heracross|Close Combat|p2a: Florges
|-resisted|p2a: Florges
|-damage|p2a: Florges|38\/297 psn
|-unboost|p1a: Heracross|def|1
|-unboost|p1a: Heracross|spd|1
|move|p2a: Florges|Wish|p2a: Florges
|
|-heal|p2a: Florges|56\/297 psn|[from] item: Leftovers
|-damage|p2a: Florges|19\/297 psn|[from] psn
|turn|13
|
|move|p1a: Heracross|Close Combat|p2a: Florges
|-resisted|p2a: Florges
|-damage|p2a: Florges|0 fnt
|-unboost|p1a: Heracross|def|1
|-unboost|p1a: Heracross|spd|1
|faint|p2a: Florges
|-boost|p1a: Heracross|atk|1|[from] ability: Moxie
|
|
|switch|p2a: Honchkrow|Honchkrow, M|341\/341
|turn|14
|
|switch|p1a: Swampert|Swampert, M|132\/404
|move|p2a: Honchkrow|Sucker Punch|p1a: Swampert
|-fail|p1a: Swampert
|
|-heal|p1a: Swampert|157\/404|[from] item: Leftovers
|turn|15
|
|move|p2a: Honchkrow|Substitute|p2a: Honchkrow
|-start|p2a: Honchkrow|Substitute
|-damage|p2a: Honchkrow|256\/341
|move|p1a: Swampert|Roar|p2a: Honchkrow
|drag|p2a: Sceptile|Sceptile, M|281\/281
|-status|p2a: Sceptile|psn
|
|-heal|p1a: Swampert|182\/404|[from] item: Leftovers
|-damage|p2a: Sceptile|246\/281 psn|[from] psn
|turn|16
|
|switch|p2a: Honchkrow|Honchkrow, M|256\/341
|move|p1a: Swampert|Stealth Rock|p2a: Honchkrow
|-sidestart|p2: Sjir-sama|move: Stealth Rock
|
|-heal|p1a: Swampert|207\/404|[from] item: Leftovers
|turn|17
|
|move|p2a: Honchkrow|Brave Bird|p1a: Swampert
|-damage|p1a: Swampert|0 fnt
|-damage|p2a: Honchkrow|188\/341|[from] recoil|[of] p1a: Swampert
|-damage|p2a: Honchkrow|154\/341|[from] item: Life Orb
|faint|p1a: Swampert
|-boost|p2a: Honchkrow|atk|1|[from] ability: Moxie
|
|
|switch|p1a: Heracross|Heracross, M|302\/302
|turn|18
|
|move|p2a: Honchkrow|Sucker Punch|p1a: Heracross
|-resisted|p1a: Heracross
|-damage|p1a: Heracross|124\/302
|-damage|p2a: Honchkrow|120\/341|[from] item: Life Orb
|move|p1a: Heracross|Close Combat|p2a: Honchkrow
|-damage|p2a: Honchkrow|0 fnt
|-unboost|p1a: Heracross|def|1
|-unboost|p1a: Heracross|spd|1
|faint|p2a: Honchkrow
|-boost|p1a: Heracross|atk|1|[from] ability: Moxie
|
|
|switch|p2a: Infernape|Infernape, M|150\/294 psn
|-damage|p2a: Infernape|114\/294 psn|[from] Stealth Rock
|turn|19
|
|move|p2a: Infernape|Mach Punch|p1a: Heracross
|-resisted|p1a: Heracross
|-damage|p1a: Heracross|11\/302
|move|p1a: Heracross|Close Combat|p2a: Infernape
|-damage|p2a: Infernape|0 fnt
|-unboost|p1a: Heracross|def|1
|-unboost|p1a: Heracross|spd|1
|faint|p2a: Infernape
|-boost|p1a: Heracross|atk|1|[from] ability: Moxie
|
|
|switch|p2a: Sceptile|Sceptile, M|246\/281 psn
|-damage|p2a: Sceptile|211\/281 psn|[from] Stealth Rock
|turn|20
|
|move|p1a: Heracross|Close Combat|p2a: Sceptile
|-damage|p2a: Sceptile|0 fnt
|-unboost|p1a: Heracross|def|1
|-unboost|p1a: Heracross|spd|1
|faint|p2a: Sceptile
|-boost|p1a: Heracross|atk|1|[from] ability: Moxie
|
|win|Sylvan Cornography