|join|masj101
|join|Sjir-sama
|player|p1|masj101|290
|player|p2|Sjir-sama|164
|gametype|singles
|gen|6
|tier|UU
|rule|Sleep Clause Mod: Limit one foe put to sleep
|rule|Species Clause: Limit one of each PokÃ©mon
|rule|OHKO Clause: OHKO moves are banned
|rule|Moody Clause: Moody is banned
|rule|Evasion Moves Clause: Evasion moves are banned
|rule|Endless Battle Clause: Forcing endless battles is banned
|rule|HP Percentage Mod: HP is shown in percentages
|clearpoke
|poke|p1|Porygon-Z
|poke|p1|Cloyster, M
|poke|p1|Mienshao, M
|poke|p1|Florges, F
|poke|p1|Jirachi
|poke|p1|Weezing, F
|poke|p2|Sceptile, M
|poke|p2|Infernape, M
|poke|p2|Crobat, M
|poke|p2|Umbreon, F
|poke|p2|Rhyperior, F
|poke|p2|Suicune
|rule|Swagger Clause: Swagger is banned
|rule|Baton Pass Clause: Limit one PokÃ©mon knowing Baton Pass
|teampreview
|join|ameya2000
|c|âSjir-sama|oh dear
|join|Drookez
|join|Yellow Skarmory
|join|bo3rn
|join|perropoya
|join|troll010
|join|vanex97
|join|ckspoff
|join|SirJerems
|c|âSjir-sama|was expecting Manu :c
|join|MoxieInfinite
|join|Kingofjuking
|c|âmasj101|Gl :)
|join|Saiga12k
|c|âSjir-sama|Well, gl & hf
|join|Pokati
|join|manu 11
|leave|Kingofjuking
|join|Jan852
|join|crimsoncrescent
|join|Kingofjuking
|leave|Kingofjuking
|join|Kingofjuking
|c| MoxieInfinite|complete counterteam
|join|Schoard
|join|TheNewBrends11
|join|DiscipleOfZiz
|c| manu 11|he haxed me lol
|c| MoxieInfinite|in my eyes
|join|Enatrax
|join|Noobje783
|join|ev3swagmoney
|join|Franklin98
|join|jyrgeboy
|join|Demitri94
|leave|jyrgeboy
|c|âSjir-sama|Well i would probably get stomped by either so i don't mind
|c| TheNewBrends11|i bet weezing will spam toxic
|join|Gianmark Knopfler
|
|start
|switch|p1a: Porygon-Z|Porygon-Z|374\/374
|switch|p2a: Onimori|Crobat, M|373\/373
|turn|1
|c| TheNewBrends11|also that grass\/fire\/water core!
|c|âmasj101|lol, this is my first final ever :P
|join|minionbryle
|c|âSjir-sama|Same P_P
|join|cp3mvp
|
|switch|p2a: NegaiHoshi|Umbreon, F|394\/394
|move|p1a: Porygon-Z|Tri Attack|p2a: NegaiHoshi
|-damage|p2a: NegaiHoshi|202\/394
|
|-heal|p2a: NegaiHoshi|226\/394|[from] item: Leftovers
|turn|2
|
|move|p2a: NegaiHoshi|Protect|p2a: NegaiHoshi
|-singleturn|p2a: NegaiHoshi|Protect
|move|p1a: Porygon-Z|Tri Attack|p2a: NegaiHoshi
|-activate|p2a: NegaiHoshi|Protect
|
|-heal|p2a: NegaiHoshi|250\/394|[from] item: Leftovers
|turn|3
|join|phantom27
|join|DarkJedi77
|c|âSjir-sama|Welp, thats rough
|leave|DarkJedi77
|
|move|p1a: Porygon-Z|Tri Attack|p2a: NegaiHoshi
|-crit|p2a: NegaiHoshi
|-damage|p2a: NegaiHoshi|0 fnt
|faint|p2a: NegaiHoshi
|
|join|radddd
|c|âmasj101|lol
|c| cp3mvp|damn
|
|switch|p2a: Onimori|Crobat, M|373\/373
|turn|4
|c|âSjir-sama|woops
|join|razorscale
|c|âSjir-sama|misclick
|leave|manu 11
|
|move|p2a: Onimori|Brave Bird|p1a: Porygon-Z
|-damage|p1a: Porygon-Z|196\/374
|-damage|p2a: Onimori|314\/373|[from] recoil|[of] p1a: Porygon-Z
|move|p1a: Porygon-Z|Tri Attack|p2a: Onimori
|-damage|p2a: Onimori|0 fnt
|faint|p2a: Onimori
|
|join|xGian
|leave|minionbryle
|
|switch|p2a: Kaizaru|Infernape, M|293\/293
|turn|5
|c|âmasj101|OP
|c| MoxieInfinite|pz
|c| MoxieInfinite|what a savage
|
|move|p2a: Kaizaru|Flare Blitz|p1a: Porygon-Z
|-damage|p1a: Porygon-Z|0 fnt
|-damage|p2a: Kaizaru|228\/293|[from] recoil|[of] p1a: Porygon-Z
|faint|p1a: Porygon-Z
|
|
|switch|p1a: Mienshao|Mienshao, M|271\/271
|turn|6
|
|switch|p2a: Hikari|Suicune|404\/404
|-ability|p2a: Hikari|Pressure
|move|p1a: Mienshao|Fake Out|p2a: Hikari
|-damage|p2a: Hikari|375\/404
|
|-heal|p2a: Hikari|400\/404|[from] item: Leftovers
|turn|7
|
|move|p1a: Mienshao|High Jump Kick|p2a: Hikari
|-damage|p2a: Hikari|249\/404
|move|p2a: Hikari|Scald|p1a: Mienshao
|-damage|p1a: Mienshao|153\/271
|
|-heal|p2a: Hikari|274\/404|[from] item: Leftovers
|turn|8
|
|move|p1a: Mienshao|High Jump Kick|p2a: Hikari
|-damage|p2a: Hikari|130\/404
|move|p2a: Hikari|Scald|p1a: Mienshao
|-damage|p1a: Mienshao|32\/271
|
|-heal|p2a: Hikari|155\/404|[from] item: Leftovers
|turn|9
|join|Hard2Guess
|
|move|p1a: Mienshao|High Jump Kick|p2a: Hikari|[miss]
|-miss|p1a: Mienshao|p2a: Hikari
|-damage|p1a: Mienshao|0 fnt|[from] highjumpkick
|faint|p1a: Mienshao
|move|p2a: Hikari|Rest|p2a: Hikari
|-status|p2a: Hikari|slp
|-heal|p2a: Hikari|404\/404 slp|[silent]
|-status|p2a: Hikari|slp|[from] move: Rest
|
|join|Sootbag
|join|j'aime la sauce
|c|âSjir-sama|Welp
|c|âmasj101|FUCK
|c| Demitri94|ahaha
|c| Hard2Guess|LOL
|c| DiscipleOfZiz|Lol
|c| TheNewBrends11|big miss leads to free rest
|join|Zelta-Beer
|c|âSjir-sama|Well
|join|Jetpack
|join|Powerful Red
|c| Demitri94|kill mienshao after
|
|switch|p1a: Cloyster|Cloyster, M|242\/242
|turn|10
|c|âSjir-sama|yeah i guess
|c|âSjir-sama|issue is, cloyster
|c| Powerful Red|:o
|c| Powerful Red|..........
|c|âmasj101|i canceldâ¦â¦.
|c|âmasj101|well well
|c|âSjir-sama|it's not gonna matter as that cloyster will fuck me up
|c|âmasj101|i wanted to send out florges
|c|âSjir-sama|Like all i can do is stay in P_P
|
|move|p1a: Cloyster|Shell Smash|p1a: Cloyster
|-boost|p1a: Cloyster|atk|2
|-boost|p1a: Cloyster|spa|2
|-boost|p1a: Cloyster|spe|2
|-unboost|p1a: Cloyster|def|1
|-unboost|p1a: Cloyster|spd|1
|cant|p2a: Hikari|slp
|move|p2a: Hikari|Sleep Talk|p2a: Hikari
|move|p2a: Hikari|Rest|p2a: Hikari|[from]Sleep Talk
|-fail|p2a: Hikari
|
|turn|11
|c|âmasj101|!weak suicune
|raw|<div class="infobox">Suicune (ignoring abilities):<br><span class="message-effect-weak">Weaknesses<\/span>: Electric, Grass<br><span class="message-effect-resist">Resistances<\/span>: Fire, Ice, Steel, Water<br><span class="message-effect-immune">Immunities<\/span>: None<\/div>
|c| ameya2000|get the burn with scald
|
|move|p1a: Cloyster|Rock Blast|p2a: Hikari
|-damage|p2a: Hikari|371\/404 slp
|-crit|p2a: Hikari
|-damage|p2a: Hikari|326\/404 slp
|-damage|p2a: Hikari|296\/404 slp
|-damage|p2a: Hikari|262\/404 slp
|-damage|p2a: Hikari|231\/404 slp
|-hitcount|p2a: Hikari|5
|cant|p2a: Hikari|slp
|move|p2a: Hikari|Sleep Talk|p2a: Hikari
|move|p2a: Hikari|Scald|p1a: Cloyster|[from]Sleep Talk
|-resisted|p1a: Cloyster
|-damage|p1a: Cloyster|123\/242
|
|-heal|p2a: Hikari|256\/404 slp|[from] item: Leftovers
|turn|12
|c|âSjir-sama|thats the plan ;p
|c| ameya2000|will completely cripple him
|c| Yellow Skarmory|dat damage tho
|
|move|p1a: Cloyster|Rock Blast|p2a: Hikari
|-damage|p2a: Hikari|222\/404 slp
|-damage|p2a: Hikari|190\/404 slp
|-damage|p2a: Hikari|159\/404 slp
|-damage|p2a: Hikari|126\/404 slp
|-damage|p2a: Hikari|95\/404 slp
|-hitcount|p2a: Hikari|5
|-curestatus|p2a: Hikari|slp
|move|p2a: Hikari|Scald|p1a: Cloyster
|-resisted|p1a: Cloyster
|-damage|p1a: Cloyster|0 fnt
|faint|p1a: Cloyster
|
|-heal|p2a: Hikari|120\/404|[from] item: Leftovers
|c|âmasj101|?
|c| Powerful Red|masj u had to bring power herb with u
|c|âmasj101|yeah, forgot to switch
|c| Kingofjuking|Sash is better
|c| Yellow Skarmory|white herb?
|c| Powerful Red|otherwise that scald will definitely 2 shot u
|c| j'aime la sauce|calm mind florges
|c| Powerful Red|king 
|
|switch|p1a: Jirachi|Jirachi|341\/341
|turn|13
|c| Powerful Red|sash is not better
|c| Kingofjuking|It is
|c|âmasj101|has time!
|c| Powerful Red|u haver to play cloyster at the right time always
|c|âmasj101|hax*
|
|move|p1a: Jirachi|Iron Head|p2a: Hikari
|-resisted|p2a: Hikari
|-damage|p2a: Hikari|81\/404
|cant|p2a: Hikari|flinch
|
|-heal|p2a: Hikari|106\/404|[from] item: Leftovers
|turn|14
|leave|bo3rn
|c| Kingofjuking|u go look at cloyster special def
|c| Yellow Skarmory|it lets u set up
|join|Tyses
|c|âmasj101|that did like nothing at all
|c| Powerful Red|doesnt matter
|join|bo3rn
|c|âSjir-sama|obv, crocune OP ;p
|c| Powerful Red|bring it when someone has disadvantage
|
|switch|p1a: Florges|Florges, F|360\/360
|move|p2a: Hikari|Rest|p2a: Hikari
|-status|p2a: Hikari|slp
|-heal|p2a: Hikari|404\/404 slp|[silent]
|-status|p2a: Hikari|slp|[from] move: Rest
|
|turn|15
|c| Yellow Skarmory|can someone do !dt cloyster
|c| Powerful Red|then they switch out
|c| Kingofjuking|Even with white herb
|c|âSjir-sama|!dt cloyster
|c|~|\/data-pokemon Cloyster
|raw|<font size="1"><font color=#585858>Dex#:<\/font> 91&nbsp;|&ThickSpace;<font color=#585858>Height:<\/font> 1.5 m&nbsp;|&ThickSpace;<font color=#585858>Weight:<\/font> 132.5 kg <em>(100 BP)<\/em>&nbsp;|&ThickSpace;<font color=#585858>Dex Colour:<\/font> Purple&nbsp;|&ThickSpace;<font color=#585858>Egg Group(s):<\/font> Water 3&nbsp;|&ThickSpace;<font color=#585858><font color=#585858>Does Not Evolve<\/font><\/font><\/font>
|c| Powerful Red|then use shell smash
|c| ameya2000|45
|
|cant|p2a: Hikari|slp
|move|p2a: Hikari|Sleep Talk|p2a: Hikari
|move|p2a: Hikari|Rest|p2a: Hikari|[from]Sleep Talk
|-fail|p2a: Hikari
|move|p1a: Florges|Calm Mind|p1a: Florges
|-boost|p1a: Florges|spa|1
|-boost|p1a: Florges|spd|1
|
|turn|16
|c| Yellow Skarmory|k
|c| Powerful Red|it is done
|c| Yellow Skarmory|that 45
|
|switch|p2a: Ryuuji|Sceptile, M|282\/282
|move|p1a: Florges|Calm Mind|p1a: Florges
|-boost|p1a: Florges|spa|1
|-boost|p1a: Florges|spd|1
|
|turn|17
|c| Kingofjuking|u can get Ohio by a special attack
|c| Kingofjuking|Ohko
|c| Powerful Red|so?
|c| ameya2000|ohio
|c| ameya2000|XD
|c| Powerful Red|u play carefully
|c| Yellow Skarmory|you die to any neutral effective special attack
|c|âmasj101|switch or attack?
|c| Kingofjuking|While setting up she'll smash
|c| Powerful Red|bring cloyster when he is at disadvantage
|c| Yellow Skarmory|ohio lol
|c| Powerful Red|do u even play ?
|c| Kingofjuking|While setting up she'll smash
|c| Kingofjuking|Yes
|join|thomasleahy123
|join|manu 11
|c| Powerful Red|no man
|c| Yellow Skarmory|but something can have a move that you don't expect
|c| Powerful Red|when he has grass type or ground type
|c| Yellow Skarmory|that's special
|c| Powerful Red|witch to cloyster
|c|âmasj101|switch or attack?
|leave|thomasleahy123
|c| Powerful Red|they switch
|leave|xGian
|leave|Jan852
|c| Powerful Red|free shell smash
|c| Tyses|Attack
|c| Yellow Skarmory|OUCH THAT DEFENSE THO
|join|thomasleahy123
|c| Powerful Red|its logic
|c|âSjir-sama|Both Kappa
|c| j'aime la sauce|in the ru room they are an ru tour
|c| Yellow Skarmory|but'
|c| Yellow Skarmory|you
|c| Tyses|you need damage on sceptile
|
|move|p2a: Ryuuji|Leaf Storm|p1a: Florges
|-damage|p1a: Florges|285\/360
|-unboost|p2a: Ryuuji|spa|2
|-damage|p2a: Ryuuji|254\/282|[from] item: Life Orb
|move|p1a: Florges|Moonblast|p2a: Ryuuji
|-damage|p2a: Ryuuji|0 fnt
|faint|p2a: Ryuuji
|
|-heal|p1a: Florges|307\/360|[from] item: Leftovers
|c| Yellow Skarmory|die
|c| Yellow Skarmory|if
|c| Yellow Skarmory|you
|c| Yellow Skarmory|dont
|c| Yellow Skarmory|KO
|
|switch|p2a: Kaizaru|Infernape, M|228\/293
|turn|18
|c|âmasj101|:)
|c|âmasj101|thx
|c| Yellow Skarmory|it
|c| Yellow Skarmory|in
|c| Yellow Skarmory|1
|c| Yellow Skarmory|turn
|c| Yellow Skarmory|which
|c| Yellow Skarmory|might
|c| Yellow Skarmory|not 
|
|switch|p1a: Weezing|Weezing, F|334\/334
|move|p2a: Kaizaru|Flare Blitz|p1a: Weezing
|-damage|p1a: Weezing|165\/334
|-damage|p2a: Kaizaru|172\/293|[from] recoil|[of] p1a: Weezing
|
|-heal|p1a: Weezing|185\/334|[from] item: Leftovers
|turn|19
|c| Yellow Skarmory|happen
|c| Tyses|Stop spamming please
|c| j'aime la sauce|modchat+
|c| j'aime la sauce|pleas
|c| Yellow Skarmory|      i was trying to express the point
|
|move|p2a: Kaizaru|Flare Blitz|p1a: Weezing
|-damage|p1a: Weezing|16\/334
|-status|p1a: Weezing|brn
|-damage|p2a: Kaizaru|116\/293|[from] recoil|[of] p1a: Weezing
|move|p1a: Weezing|Sludge Bomb|p2a: Kaizaru
|-damage|p2a: Kaizaru|0 fnt
|faint|p2a: Kaizaru
|
|-heal|p1a: Weezing|36\/334 brn|[from] item: Leftovers
|-damage|p1a: Weezing|0 fnt|[from] brn
|faint|p1a: Weezing
|leave|Jetpack
|c|âSjir-sama|lol
|join|anelloideZZ
|c| Powerful Red|that burn
|
|switch|p1a: Jirachi|Jirachi|341\/341
|switch|p2a: Yunikon|Rhyperior, F|434\/434
|turn|20
|leave|thomasleahy123
|c|âmasj101|!weak rhyperior
|raw|<div class="infobox">Rhyperior (ignoring abilities):<br><span class="message-effect-weak">Weaknesses<\/span>: Fighting, <b>Grass<\/b>, Ground, Ice, Steel, <b>Water<\/b><br><span class="message-effect-resist">Resistances<\/span>: Fire, Flying, Normal, <b>Poison<\/b>, Rock<br><span class="message-effect-immune">Immunities<\/span>: Electric<\/div>
|c| Powerful Red|EQ coming ur way
|c| Powerful Red|Iron head too
|c| j'aime la sauce|rhyperior why not hippowdown
|join|StonezHD
|
|move|p1a: Jirachi|Iron Head|p2a: Yunikon
|-supereffective|p2a: Yunikon
|-damage|p2a: Yunikon|322\/434
|cant|p2a: Yunikon|flinch
|
|-heal|p2a: Yunikon|349\/434|[from] item: Leftovers
|turn|21
|c|âSjir-sama|Iron head coming my way, but this rhyperior aint gonna take shit from it
|c|âSjir-sama|the same reason as sceptile > shaymin
|c| Powerful Red|true
|c| Yellow Skarmory|but it gonna flinch from it
|leave|StonezHD
|c|âSjir-sama|I just like the pokemon better
|c| Powerful Red|doesnt matter
|c| Tyses|What jirachi is this?
|c|âSjir-sama|i think it's more fun*
|c| Powerful Red|I see a jist in this kid
|
|switch|p2a: Hikari|Suicune|404\/404 slp
|-ability|p2a: Hikari|Pressure
|move|p1a: Jirachi|Iron Head|p2a: Hikari
|-resisted|p2a: Hikari
|-damage|p2a: Hikari|364\/404 slp
|
|-heal|p2a: Hikari|389\/404 slp|[from] item: Leftovers
|turn|22
|c|âmasj101|i can live 1 EQ right?
|c| Powerful Red|nope
|c| Tyses|I doubt if adamant max attaxk
|c| Yellow Skarmory|let me calc it
|
|switch|p1a: Florges|Florges, F|307\/360
|cant|p2a: Hikari|slp
|move|p2a: Hikari|Sleep Talk|p2a: Hikari
|move|p2a: Hikari|Calm Mind|p2a: Hikari|[from]Sleep Talk
|-boost|p2a: Hikari|spa|1
|-boost|p2a: Hikari|spd|1
|
|-heal|p2a: Hikari|404\/404 slp|[from] item: Leftovers
|-heal|p1a: Florges|329\/360|[from] item: Leftovers
|turn|23
|
|-curestatus|p2a: Hikari|slp
|move|p2a: Hikari|Scald|p1a: Florges
|-damage|p1a: Florges|265\/360
|-status|p1a: Florges|brn
|move|p1a: Florges|Calm Mind|p1a: Florges
|-boost|p1a: Florges|spa|1
|-boost|p1a: Florges|spd|1
|
|-heal|p1a: Florges|287\/360 brn|[from] item: Leftovers
|-damage|p1a: Florges|242\/360 brn|[from] brn
|turn|24
|join|Keldeo-Resonant
|leave|Keldeo-Resonant
|join|Drall
|c| Powerful Red|and the burn
|
|move|p2a: Hikari|Calm Mind|p2a: Hikari
|-boost|p2a: Hikari|spa|1
|-boost|p2a: Hikari|spd|1
|move|p1a: Florges|Calm Mind|p1a: Florges
|-boost|p1a: Florges|spa|1
|-boost|p1a: Florges|spd|1
|
|-heal|p1a: Florges|264\/360 brn|[from] item: Leftovers
|-damage|p1a: Florges|219\/360 brn|[from] brn
|turn|25
|join|Sorana
|c| Tyses|Burn gg
|
|move|p2a: Hikari|Calm Mind|p2a: Hikari
|-boost|p2a: Hikari|spa|1
|-boost|p2a: Hikari|spd|1
|move|p1a: Florges|Wish|p1a: Florges
|
|-heal|p1a: Florges|241\/360 brn|[from] item: Leftovers
|-damage|p1a: Florges|196\/360 brn|[from] brn
|turn|26
|c| Powerful Red|protect
|
|move|p2a: Hikari|Calm Mind|p2a: Hikari
|-boost|p2a: Hikari|spa|1
|-boost|p2a: Hikari|spd|1
|move|p1a: Florges|Calm Mind|p1a: Florges
|-boost|p1a: Florges|spa|1
|-boost|p1a: Florges|spd|1
|
|-heal|p1a: Florges|360\/360 brn|[from] move: Wish|[wisher] Florges
|-damage|p1a: Florges|315\/360 brn|[from] brn
|turn|27
|
|move|p2a: Hikari|Scald|p1a: Florges
|-damage|p1a: Florges|263\/360 brn
|move|p1a: Florges|Calm Mind|p1a: Florges
|-boost|p1a: Florges|spa|1
|-boost|p1a: Florges|spd|1
|
|-heal|p1a: Florges|285\/360 brn|[from] item: Leftovers
|-damage|p1a: Florges|240\/360 brn|[from] brn
|turn|28
|c|âSjir-sama|OP damage
|c| j'aime la sauce|wish florges
|c| j'aime la sauce|rest suicune
|
|move|p2a: Hikari|Calm Mind|p2a: Hikari
|-boost|p2a: Hikari|spa|1
|-boost|p2a: Hikari|spd|1
|move|p1a: Florges|Wish|p1a: Florges
|
|-heal|p1a: Florges|262\/360 brn|[from] item: Leftovers
|-damage|p1a: Florges|217\/360 brn|[from] brn
|turn|29
|
|move|p2a: Hikari|Calm Mind|p2a: Hikari
|-boost|p2a: Hikari|spa|1
|-boost|p2a: Hikari|spd|1
|move|p1a: Florges|Calm Mind|p1a: Florges
|-boost|p1a: Florges|spa|1
|-boost|p1a: Florges|spd|1
|
|-heal|p1a: Florges|360\/360 brn|[from] move: Wish|[wisher] Florges
|-damage|p1a: Florges|315\/360 brn|[from] brn
|turn|30
|c| Tyses|This is gonna be a long battle
|c|âSjir-sama|He'll prolly moon blast me and kill me after a while
|c| Powerful Red|very
|c|âSjir-sama|but hey, i can't really go for rhyperior
|
|move|p2a: Hikari|Scald|p1a: Florges
|-damage|p1a: Florges|258\/360 brn
|move|p1a: Florges|Calm Mind|p1a: Florges
|-boost|p1a: Florges|spa|1
|-boost|p1a: Florges|spd|1
|
|-heal|p1a: Florges|280\/360 brn|[from] item: Leftovers
|-damage|p1a: Florges|235\/360 brn|[from] brn
|turn|31
|c| Powerful Red|no
|c|âmasj101|moonblast wont do shit
|c|âSjir-sama|brah i'm only at +6
|c| DiscipleOfZiz|Scald too
|c| Powerful Red|if florges carries a grass type move
|c|âSjir-sama|ofc moonblast will kill Kappa
|
|move|p2a: Hikari|Scald|p1a: Florges
|-damage|p1a: Florges|189\/360 brn
|move|p1a: Florges|Wish|p1a: Florges
|
|-heal|p1a: Florges|211\/360 brn|[from] item: Leftovers
|-damage|p1a: Florges|166\/360 brn|[from] brn
|turn|32
|c| ameya2000|ive faced this against manu
|c| Powerful Red|he has a chance
|c|âSjir-sama|or psyshock
|c| ameya2000|sigh 
|c| Noobje783|this battle will last until a crit
|
|move|p2a: Hikari|Scald|p1a: Florges
|-damage|p1a: Florges|123\/360 brn
|move|p1a: Florges|Toxic|p2a: Hikari
|-status|p2a: Hikari|tox
|
|-heal|p1a: Florges|303\/360 brn|[from] move: Wish|[wisher] Florges
|-heal|p1a: Florges|325\/360 brn|[from] item: Leftovers
|-damage|p2a: Hikari|379\/404 tox|[from] psn
|-damage|p1a: Florges|280\/360 brn|[from] brn
|turn|33
|c| j'aime la sauce|wish florges and rest suicune = 9999999999999999999999 turn
|join|Natsu98
|c| ameya2000|i had to lose
|c| Powerful Red|yup florges wins this 1
|join|Rumayl
|
|move|p2a: Hikari|Scald|p1a: Florges
|-damage|p1a: Florges|235\/360 brn
|move|p1a: Florges|Moonblast|p2a: Hikari
|-crit|p2a: Hikari
|-damage|p2a: Hikari|0 fnt
|faint|p2a: Hikari
|
|-heal|p1a: Florges|257\/360 brn|[from] item: Leftovers
|-damage|p1a: Florges|212\/360 brn|[from] brn
|c| Tyses|O
|c|âSjir-sama|gg ;p
|c|âmasj101|lol
|c| Powerful Red|woah
|c| ameya2000|XD
|c|âmasj101|XD
|
|switch|p2a: Yunikon|Rhyperior, F|349\/434
|turn|34
|c| ameya2000|rofl
|c| Sorana|;o
|c| Zelta-Beer|XD
|c| j'aime la sauce|pressure suicune
|leave|manu 11
|c| Noobje783|like I said until a crit
|c|âSjir-sama|eh it had to happen eventually so it's cool
|c| ameya2000|one shot
|
|move|p1a: Florges|Moonblast|p2a: Yunikon
|-damage|p2a: Yunikon|0 fnt
|faint|p2a: Yunikon
|
|win|masj101