|join|Devil In New Dress
|join|Sjir-sama
|player|p1|Devil In New Dress|161
|player|p2|Sjir-sama|164
|gametype|singles
|gen|6
|tier|UU
|rated
|rule|Sleep Clause Mod: Limit one foe put to sleep
|rule|Species Clause: Limit one of each PokÃ©mon
|rule|OHKO Clause: OHKO moves are banned
|rule|Moody Clause: Moody is banned
|rule|Evasion Moves Clause: Evasion moves are banned
|rule|Endless Battle Clause: Forcing endless battles is banned
|rule|HP Percentage Mod: HP is shown in percentages
|clearpoke
|poke|p1|Froslass, F
|poke|p1|Sableye, M
|poke|p1|Aerodactyl, F
|poke|p1|Lucario, F
|poke|p1|Hydreigon, M
|poke|p1|Whimsicott, M
|poke|p2|Sceptile, M
|poke|p2|Infernape, M
|poke|p2|Crobat, M
|poke|p2|Umbreon, F
|poke|p2|Rhyperior, F
|poke|p2|Suicune
|rule|Swagger Clause: Swagger is banned
|rule|Baton Pass Clause: Limit one PokÃ©mon knowing Baton Pass
|teampreview
|
|start
|switch|p1a: Froslass|Froslass, F|344\/344
|switch|p2a: Hikari|Suicune|404\/404
|-ability|p2a: Hikari|Pressure
|turn|1
|
|move|p1a: Froslass|Spikes|p2a: Hikari
|-sidestart|p2: Sjir-sama|Spikes
|move|p2a: Hikari|Scald|p1a: Froslass
|-damage|p1a: Froslass|218\/344
|-status|p1a: Froslass|brn
|
|-damage|p1a: Froslass|175\/344 brn|[from] brn
|turn|2
|
|move|p1a: Froslass|Spikes|p2a: Hikari
|-sidestart|p2: Sjir-sama|Spikes
|move|p2a: Hikari|Scald|p1a: Froslass
|-damage|p1a: Froslass|57\/344 brn
|-start|p2a: Hikari|Disable|Scald
|
|-damage|p1a: Froslass|14\/344 brn|[from] brn
|turn|3
|
|switch|p2a: NegaiHoshi|Umbreon, F|394\/394
|-damage|p2a: NegaiHoshi|329\/394|[from] Spikes
|move|p1a: Froslass|Destiny Bond|p1a: Froslass
|-singlemove|p1a: Froslass|Destiny Bond
|
|-heal|p2a: NegaiHoshi|353\/394|[from] item: Leftovers
|-damage|p1a: Froslass|0 fnt|[from] brn
|faint|p1a: Froslass
|
|switch|p1a: Lucario|Lucario, F|281\/281
|turn|4
|
|switch|p2a: Yunikon|Rhyperior, F|434\/434
|-damage|p2a: Yunikon|362\/434|[from] Spikes
|move|p1a: Lucario|Swords Dance|p1a: Lucario
|-boost|p1a: Lucario|atk|2
|
|-heal|p2a: Yunikon|389\/434|[from] item: Leftovers
|turn|5
|
|move|p1a: Lucario|Close Combat|p2a: Yunikon
|-supereffective|p2a: Yunikon
|-damage|p2a: Yunikon|0 fnt
|-unboost|p1a: Lucario|def|1
|-unboost|p1a: Lucario|spd|1
|-damage|p1a: Lucario|253\/281|[from] item: Life Orb
|faint|p2a: Yunikon
|
|
|switch|p2a: Kaizaru|Infernape, M|293\/293
|-damage|p2a: Kaizaru|245\/293|[from] Spikes
|turn|6
|
|move|p1a: Lucario|Extreme Speed|p2a: Kaizaru
|-damage|p2a: Kaizaru|0 fnt
|-damage|p1a: Lucario|225\/281|[from] item: Life Orb
|faint|p2a: Kaizaru
|
|
|switch|p2a: Onimori|Crobat, M|373\/373
|turn|7
|
|switch|p1a: Aerodactyl|Aerodactyl, F|322\/322
|move|p2a: Onimori|Brave Bird|p1a: Aerodactyl
|-crit|p1a: Aerodactyl
|-resisted|p1a: Aerodactyl
|-damage|p1a: Aerodactyl|182\/322
|-damage|p2a: Onimori|327\/373|[from] recoil|[of] p1a: Aerodactyl
|
|-heal|p2a: Onimori|350\/373|[from] item: Black Sludge
|turn|8
|
|detailschange|p1a: Aerodactyl|Aerodactyl-Mega, F
|message|Aerodactyl has Mega Evolved into Mega Aerodactyl!
|move|p2a: Onimori|Defog|p1a: Aerodactyl
|-unboost|p1a: Aerodactyl|evasion|1
|-sideend|p2: Sjir-sama|Spikes|[from] move: Defog|[of] p2a: Onimori
|move|p1a: Aerodactyl|Stealth Rock|p2a: Onimori
|-sidestart|p2: Sjir-sama|move: Stealth Rock
|
|-heal|p2a: Onimori|373\/373|[from] item: Black Sludge
|turn|9
|
|switch|p2a: Hikari|Suicune|404\/404
|-damage|p2a: Hikari|354\/404|[from] Stealth Rock
|-ability|p2a: Hikari|Pressure
|move|p1a: Aerodactyl|Aerial Ace|p2a: Hikari
|-damage|p2a: Hikari|272\/404
|
|-heal|p2a: Hikari|297\/404|[from] item: Leftovers
|turn|10
|
|switch|p1a: Whimsicott|Whimsicott, M|323\/323
|move|p2a: Hikari|Scald|p1a: Whimsicott
|-resisted|p1a: Whimsicott
|-damage|p1a: Whimsicott|266\/323
|
|-heal|p1a: Whimsicott|286\/323|[from] item: Leftovers
|-heal|p2a: Hikari|322\/404|[from] item: Leftovers
|turn|11
|
|switch|p2a: Onimori|Crobat, M|373\/373
|-damage|p2a: Onimori|280\/373|[from] Stealth Rock
|move|p1a: Whimsicott|Moonblast|p2a: Onimori
|-resisted|p2a: Onimori
|-damage|p2a: Onimori|230\/373
|-unboost|p2a: Onimori|spa|1
|
|-heal|p2a: Onimori|253\/373|[from] item: Black Sludge
|-heal|p1a: Whimsicott|306\/323|[from] item: Leftovers
|turn|12
|
|switch|p1a: Sableye|Sableye, M|304\/304
|move|p2a: Onimori|U-turn|p1a: Sableye
|-damage|p1a: Sableye|232\/304
|
|switch|p2a: Ryuuji|Sceptile, M|282\/282
|-damage|p2a: Ryuuji|247\/282|[from] Stealth Rock
|
|-heal|p1a: Sableye|251\/304|[from] item: Leftovers
|turn|13
|
|move|p1a: Sableye|Will-O-Wisp|p2a: Ryuuji
|-status|p2a: Ryuuji|brn
|move|p2a: Ryuuji|Giga Drain|p1a: Sableye
|-damage|p1a: Sableye|95\/304
|-heal|p2a: Ryuuji|282\/282 brn|[from] drain|[of] p1a: Sableye
|-damage|p2a: Ryuuji|254\/282 brn|[from] item: Life Orb
|
|-heal|p1a: Sableye|114\/304|[from] item: Leftovers
|-damage|p2a: Ryuuji|219\/282 brn|[from] brn
|turn|14
|
|switch|p1a: Hydreigon|Hydreigon, M|325\/325
|move|p2a: Ryuuji|Leaf Storm|p1a: Hydreigon|[miss]
|-miss|p2a: Ryuuji|p1a: Hydreigon
|
|-damage|p2a: Ryuuji|184\/282 brn|[from] brn
|turn|15
|
|switch|p2a: NegaiHoshi|Umbreon, F|353\/394
|-damage|p2a: NegaiHoshi|304\/394|[from] Stealth Rock
|move|p1a: Hydreigon|U-turn|p2a: NegaiHoshi
|-supereffective|p2a: NegaiHoshi
|-damage|p2a: NegaiHoshi|210\/394
|
|switch|p1a: Lucario|Lucario, F|225\/281
|
|-heal|p2a: NegaiHoshi|234\/394|[from] item: Leftovers
|turn|16
|
|move|p1a: Lucario|Swords Dance|p1a: Lucario
|-boost|p1a: Lucario|atk|2
|move|p2a: NegaiHoshi|Foul Play|p1a: Lucario
|-resisted|p1a: Lucario
|-damage|p1a: Lucario|15\/281
|-boost|p1a: Lucario|atk|1|[from] ability: Justified
|
|-heal|p2a: NegaiHoshi|258\/394|[from] item: Leftovers
|turn|17
|
|switch|p2a: Ryuuji|Sceptile, M|184\/282 brn
|-damage|p2a: Ryuuji|149\/282 brn|[from] Stealth Rock
|move|p1a: Lucario|Extreme Speed|p2a: Ryuuji
|-damage|p2a: Ryuuji|0 fnt
|-damage|p1a: Lucario|0 fnt|[from] item: Life Orb
|faint|p2a: Ryuuji
|faint|p1a: Lucario
|
|
|switch|p1a: Hydreigon|Hydreigon, M|325\/325
|switch|p2a: Hikari|Suicune|322\/404
|-damage|p2a: Hikari|272\/404|[from] Stealth Rock
|-ability|p2a: Hikari|Pressure
|turn|18
|
|move|p1a: Hydreigon|U-turn|p2a: Hikari
|-damage|p2a: Hikari|237\/404
|
|switch|p1a: Whimsicott|Whimsicott, M|306\/323
|move|p2a: Hikari|Rest|p2a: Hikari
|-status|p2a: Hikari|slp
|-heal|p2a: Hikari|404\/404 slp|[silent]
|-status|p2a: Hikari|slp|[from] move: Rest
|
|-heal|p1a: Whimsicott|323\/323|[from] item: Leftovers
|turn|19
|
|move|p1a: Whimsicott|Encore|p2a: Hikari
|-start|p2a: Hikari|Encore
|cant|p2a: Hikari|slp
|
|turn|20
|
|switch|p2a: NegaiHoshi|Umbreon, F|258\/394
|-damage|p2a: NegaiHoshi|209\/394|[from] Stealth Rock
|move|p1a: Whimsicott|U-turn|p2a: NegaiHoshi
|-supereffective|p2a: NegaiHoshi
|-damage|p2a: NegaiHoshi|137\/394
|
|switch|p1a: Aerodactyl|Aerodactyl-Mega, F|182\/322
|
|-heal|p2a: NegaiHoshi|161\/394|[from] item: Leftovers
|turn|21
|
|switch|p2a: Hikari|Suicune|404\/404 slp
|-damage|p2a: Hikari|354\/404 slp|[from] Stealth Rock
|-ability|p2a: Hikari|Pressure
|move|p1a: Aerodactyl|Taunt|p2a: Hikari
|-start|p2a: Hikari|move: Taunt
|
|-heal|p2a: Hikari|379\/404 slp|[from] item: Leftovers
|turn|22
|
|switch|p1a: Hydreigon|Hydreigon, M|325\/325
|cant|p2a: Hikari|slp
|
|-heal|p2a: Hikari|404\/404 slp|[from] item: Leftovers
|turn|23
|
|move|p1a: Hydreigon|Dragon Pulse|p2a: Hikari
|-damage|p2a: Hikari|275\/404 slp
|-curestatus|p2a: Hikari|slp
|move|p2a: Hikari|Scald|p1a: Hydreigon
|-resisted|p1a: Hydreigon
|-damage|p1a: Hydreigon|274\/325
|
|-heal|p2a: Hikari|300\/404|[from] item: Leftovers
|turn|24
|
|move|p1a: Hydreigon|Dragon Pulse|p2a: Hikari
|-damage|p2a: Hikari|165\/404
|move|p2a: Hikari|Scald|p1a: Hydreigon
|-resisted|p1a: Hydreigon
|-damage|p1a: Hydreigon|228\/325
|-status|p1a: Hydreigon|brn
|
|-heal|p2a: Hikari|190\/404|[from] item: Leftovers
|-damage|p1a: Hydreigon|188\/325 brn|[from] brn
|-end|p2a: Hikari|move: Taunt
|turn|25
|
|switch|p1a: Whimsicott|Whimsicott, M|323\/323
|move|p2a: Hikari|Rest|p2a: Hikari
|-status|p2a: Hikari|slp
|-heal|p2a: Hikari|404\/404 slp|[silent]
|-status|p2a: Hikari|slp|[from] move: Rest
|
|turn|26
|
|switch|p2a: Onimori|Crobat, M|253\/373
|-damage|p2a: Onimori|160\/373|[from] Stealth Rock
|move|p1a: Whimsicott|Encore|p2a: Onimori
|-fail|p2a: Onimori
|
|-heal|p2a: Onimori|183\/373|[from] item: Black Sludge
|turn|27
|
|switch|p1a: Sableye|Sableye, M|114\/304
|move|p2a: Onimori|Defog|p1a: Sableye
|-unboost|p1a: Sableye|evasion|1
|-sideend|p2: Sjir-sama|Stealth Rock|[from] move: Defog|[of] p2a: Onimori
|
|-heal|p2a: Onimori|206\/373|[from] item: Black Sludge
|-heal|p1a: Sableye|133\/304|[from] item: Leftovers
|turn|28
|
|move|p1a: Sableye|Will-O-Wisp|p2a: Onimori
|-status|p2a: Onimori|brn
|move|p2a: Onimori|Brave Bird|p1a: Sableye
|-damage|p1a: Sableye|51\/304
|-damage|p2a: Onimori|179\/373 brn|[from] recoil|[of] p1a: Sableye
|
|-heal|p2a: Onimori|202\/373 brn|[from] item: Black Sludge
|-heal|p1a: Sableye|70\/304|[from] item: Leftovers
|-damage|p2a: Onimori|156\/373 brn|[from] brn
|turn|29
|
|switch|p2a: NegaiHoshi|Umbreon, F|161\/394
|move|p1a: Sableye|Recover|p1a: Sableye
|-heal|p1a: Sableye|222\/304
|
|-heal|p2a: NegaiHoshi|185\/394|[from] item: Leftovers
|-heal|p1a: Sableye|241\/304|[from] item: Leftovers
|turn|30
|
|move|p1a: Sableye|Taunt|p2a: NegaiHoshi
|-start|p2a: NegaiHoshi|move: Taunt
|cant|p2a: NegaiHoshi|move: Taunt|Wish
|
|-heal|p2a: NegaiHoshi|209\/394|[from] item: Leftovers
|-heal|p1a: Sableye|260\/304|[from] item: Leftovers
|turn|31
|
|move|p1a: Sableye|Will-O-Wisp|p2a: NegaiHoshi
|-status|p2a: NegaiHoshi|brn
|-status|p1a: Sableye|brn
|move|p2a: NegaiHoshi|Foul Play|p1a: Sableye
|-crit|p1a: Sableye
|-damage|p1a: Sableye|184\/304 brn
|
|-heal|p2a: NegaiHoshi|233\/394 brn|[from] item: Leftovers
|-heal|p1a: Sableye|203\/304 brn|[from] item: Leftovers
|-damage|p2a: NegaiHoshi|184\/394 brn|[from] brn
|-damage|p1a: Sableye|165\/304 brn|[from] brn
|turn|32
|
|switch|p2a: Hikari|Suicune|404\/404 slp
|-ability|p2a: Hikari|Pressure
|move|p1a: Sableye|Foul Play|p2a: Hikari
|-damage|p2a: Hikari|382\/404 slp
|
|-heal|p2a: Hikari|404\/404 slp|[from] item: Leftovers
|-heal|p1a: Sableye|184\/304 brn|[from] item: Leftovers
|-damage|p1a: Sableye|146\/304 brn|[from] brn
|turn|33
|
|switch|p1a: Whimsicott|Whimsicott, M|323\/323
|cant|p2a: Hikari|slp
|
|turn|34
|
|move|p1a: Whimsicott|Moonblast|p2a: Hikari
|-damage|p2a: Hikari|320\/404 slp
|-unboost|p2a: Hikari|spa|1
|cant|p2a: Hikari|slp
|move|p2a: Hikari|Sleep Talk|p2a: Hikari
|move|p2a: Hikari|Scald|p1a: Whimsicott|[from]Sleep Talk
|-resisted|p1a: Whimsicott
|-damage|p1a: Whimsicott|287\/323
|-status|p1a: Whimsicott|brn
|
|-heal|p1a: Whimsicott|307\/323 brn|[from] item: Leftovers
|-heal|p2a: Hikari|345\/404 slp|[from] item: Leftovers
|-damage|p1a: Whimsicott|267\/323 brn|[from] brn
|turn|35
|
|move|p1a: Whimsicott|U-turn|p2a: Hikari
|-damage|p2a: Hikari|333\/404 slp
|
|switch|p1a: Hydreigon|Hydreigon, M|188\/325 brn
|-curestatus|p2a: Hikari|slp
|move|p2a: Hikari|Calm Mind|p2a: Hikari
|-boost|p2a: Hikari|spa|1
|-boost|p2a: Hikari|spd|1
|
|-heal|p2a: Hikari|358\/404|[from] item: Leftovers
|-damage|p1a: Hydreigon|148\/325 brn|[from] brn
|turn|36
|
|move|p1a: Hydreigon|U-turn|p2a: Hikari
|-damage|p2a: Hikari|339\/404
|
|switch|p1a: Whimsicott|Whimsicott, M|267\/323 brn
|move|p2a: Hikari|Calm Mind|p2a: Hikari
|-boost|p2a: Hikari|spa|1
|-boost|p2a: Hikari|spd|1
|
|-heal|p1a: Whimsicott|287\/323 brn|[from] item: Leftovers
|-heal|p2a: Hikari|364\/404|[from] item: Leftovers
|-damage|p1a: Whimsicott|247\/323 brn|[from] brn
|turn|37
|
|move|p1a: Whimsicott|Encore|p2a: Hikari
|-start|p2a: Hikari|Encore
|move|p2a: Hikari|Calm Mind|p2a: Hikari
|-boost|p2a: Hikari|spa|1
|-boost|p2a: Hikari|spd|1
|
|-heal|p1a: Whimsicott|267\/323 brn|[from] item: Leftovers
|-heal|p2a: Hikari|389\/404|[from] item: Leftovers
|-damage|p1a: Whimsicott|227\/323 brn|[from] brn
|turn|38
|
|move|p1a: Whimsicott|U-turn|p2a: Hikari
|-damage|p2a: Hikari|377\/404
|
|switch|p1a: Sableye|Sableye, M|146\/304 brn
|move|p2a: Hikari|Calm Mind|p2a: Hikari
|-boost|p2a: Hikari|spa|1
|-boost|p2a: Hikari|spd|1
|
|-heal|p2a: Hikari|402\/404|[from] item: Leftovers
|-heal|p1a: Sableye|165\/304 brn|[from] item: Leftovers
|-damage|p1a: Sableye|127\/304 brn|[from] brn
|turn|39
|
|move|p2a: Hikari|Calm Mind|p2a: Hikari
|-boost|p2a: Hikari|spa|1
|-boost|p2a: Hikari|spd|1
|move|p1a: Sableye|Foul Play|p2a: Hikari
|-damage|p2a: Hikari|381\/404
|
|-heal|p2a: Hikari|404\/404|[from] item: Leftovers
|-heal|p1a: Sableye|146\/304 brn|[from] item: Leftovers
|-damage|p1a: Sableye|108\/304 brn|[from] brn
|-end|p2a: Hikari|Encore
|turn|40
|
|move|p1a: Sableye|Taunt|p2a: Hikari
|-start|p2a: Hikari|move: Taunt
|move|p2a: Hikari|Scald|p1a: Sableye
|-damage|p1a: Sableye|0 fnt
|faint|p1a: Sableye
|
|-message|Devil In New Dress forfeited.
|
|win|Sjir-sama
|raw|Ladder updating...
|leave|Devil In New Dress
|player|p1
|raw|Devil In New Dress's rating: 1437 &rarr; <strong>1417<\/strong><br \/>(-20 for losing)
|raw|Sjir-sama's rating: 1446 &rarr; <strong>1466<\/strong><br \/>(+20 for winning)