|join|Roseybear
|join|Sjir-sama
|player|p1|Roseybear|122
|player|p2|Sjir-sama|164
|gametype|singles
|gen|6
|tier|UU
|rule|Sleep Clause Mod: Limit one foe put to sleep
|rule|Species Clause: Limit one of each PokÃ©mon
|rule|OHKO Clause: OHKO moves are banned
|rule|Moody Clause: Moody is banned
|rule|Evasion Moves Clause: Evasion moves are banned
|rule|Endless Battle Clause: Forcing endless battles is banned
|rule|HP Percentage Mod: HP is shown in percentages
|clearpoke
|poke|p1|Alakazam, M
|poke|p1|Infernape, M
|poke|p1|Kyurem
|poke|p1|Krookodile, F
|poke|p1|Nidoqueen, F
|poke|p1|Togekiss, F
|poke|p2|Sceptile, M
|poke|p2|Infernape, M
|poke|p2|Crobat, M
|poke|p2|Umbreon, F
|poke|p2|Rhyperior, F
|poke|p2|Suicune
|rule|Swagger Clause: Swagger is banned
|rule|Baton Pass Clause: Limit one PokÃ©mon knowing Baton Pass
|teampreview
|c|âSjir-sama|gl
|join|Vaporeon for Ubers
|c|âRoseybear|same to u
|join|flamerazvy
|join|godly serperior
|
|start
|switch|p1a: Nidoqueen|Nidoqueen, F|364\/364
|switch|p2a: Hikari|Suicune|404\/404
|-ability|p2a: Hikari|Pressure
|turn|1
|join|Pottie Scippen.
|
|switch|p1a: Alakazam|Alakazam, M|251\/251
|move|p2a: Hikari|Scald|p1a: Alakazam
|-damage|p1a: Alakazam|160\/251
|
|turn|2
|
|switch|p2a: NegaiHoshi|Umbreon, F|394\/394
|detailschange|p1a: Alakazam|Alakazam-Mega, M
|message|Alakazam has Mega Evolved into Mega Alakazam!
|-ability|p1a: Alakazam|Synchronize|[from] ability: Trace|[of] p2a: NegaiHoshi
|move|p1a: Alakazam|Calm Mind|p1a: Alakazam
|-boost|p1a: Alakazam|spa|1
|-boost|p1a: Alakazam|spd|1
|
|turn|3
|join|todd_p42
|
|switch|p1a: Infernape|Infernape, M|293\/293
|move|p2a: NegaiHoshi|Foul Play|p1a: Infernape
|-crit|p1a: Infernape
|-resisted|p1a: Infernape
|-damage|p1a: Infernape|149\/293
|
|turn|4
|
|switch|p2a: Onimori|Crobat, M|373\/373
|move|p1a: Infernape|U-turn|p2a: Onimori
|-resisted|p2a: Onimori
|-damage|p2a: Onimori|351\/373
|
|switch|p1a: Nidoqueen|Nidoqueen, F|364\/364
|
|-heal|p2a: Onimori|373\/373|[from] item: Black Sludge
|turn|5
|
|move|p2a: Onimori|U-turn|p1a: Nidoqueen
|-resisted|p1a: Nidoqueen
|-damage|p1a: Nidoqueen|335\/364
|
|switch|p2a: Hikari|Suicune|404\/404
|-ability|p2a: Hikari|Pressure
|move|p1a: Nidoqueen|Stealth Rock|p2a: Hikari
|-sidestart|p2: Sjir-sama|move: Stealth Rock
|
|turn|6
|join|the_dirty_guat
|
|move|p1a: Nidoqueen|Sludge Wave|p2a: Hikari
|-damage|p2a: Hikari|212\/404
|move|p2a: Hikari|Scald|p1a: Nidoqueen
|-supereffective|p1a: Nidoqueen
|-damage|p1a: Nidoqueen|135\/364
|
|-heal|p2a: Hikari|237\/404|[from] item: Leftovers
|turn|7
|leave|flamerazvy
|leave|the_dirty_guat
|
|move|p1a: Nidoqueen|Sludge Wave|p2a: Hikari
|-damage|p2a: Hikari|56\/404
|move|p2a: Hikari|Scald|p1a: Nidoqueen
|-supereffective|p1a: Nidoqueen
|-damage|p1a: Nidoqueen|0 fnt
|faint|p1a: Nidoqueen
|
|-heal|p2a: Hikari|81\/404|[from] item: Leftovers
|
|switch|p1a: Krookodile|Krookodile, F|332\/332
|turn|8
|c| godly serperior|im for sjir-sama
|c|âSjir-sama|that togekiss is not to my liking though
|
|move|p1a: Krookodile|Knock Off|p2a: Hikari
|-damage|p2a: Hikari|0 fnt
|-enditem|p2a: Hikari|Leftovers|[from] move: Knock Off|[of] p1a: Krookodile
|faint|p2a: Hikari
|-boost|p1a: Krookodile|atk|1|[from] ability: Moxie
|
|
|switch|p2a: Kaizaru|Infernape, M|293\/293
|-damage|p2a: Kaizaru|257\/293|[from] Stealth Rock
|turn|9
|c| Pottie Scippen.|u turn if real 
|
|switch|p1a: Togekiss|Togekiss, F|373\/373
|move|p2a: Kaizaru|U-turn|p1a: Togekiss
|-resisted|p1a: Togekiss
|-damage|p1a: Togekiss|343\/373
|
|switch|p2a: Yunikon|Rhyperior, F|434\/434
|-damage|p2a: Yunikon|407\/434|[from] Stealth Rock
|
|-heal|p1a: Togekiss|366\/373|[from] item: Leftovers
|-heal|p2a: Yunikon|434\/434|[from] item: Leftovers
|turn|10
|
|switch|p1a: Krookodile|Krookodile, F|332\/332
|move|p2a: Yunikon|Stone Edge|p1a: Krookodile
|-resisted|p1a: Krookodile
|-damage|p1a: Krookodile|207\/332
|
|turn|11
|join|Cracks
|
|move|p1a: Krookodile|Earthquake|p2a: Yunikon
|-supereffective|p2a: Yunikon
|-damage|p2a: Yunikon|253\/434
|move|p2a: Yunikon|Megahorn|p1a: Krookodile
|-supereffective|p1a: Krookodile
|-damage|p1a: Krookodile|0 fnt
|faint|p1a: Krookodile
|
|-heal|p2a: Yunikon|280\/434|[from] item: Leftovers
|
|switch|p1a: Kyurem|Kyurem|391\/391
|-ability|p1a: Kyurem|Pressure
|turn|12
|
|switch|p2a: NegaiHoshi|Umbreon, F|394\/394
|-damage|p2a: NegaiHoshi|345\/394|[from] Stealth Rock
|move|p1a: Kyurem|Ice Beam|p2a: NegaiHoshi
|-damage|p2a: NegaiHoshi|209\/394
|-damage|p1a: Kyurem|352\/391|[from] item: Life Orb
|
|-heal|p2a: NegaiHoshi|233\/394|[from] item: Leftovers
|turn|13
|
|move|p1a: Kyurem|Substitute|p1a: Kyurem
|-start|p1a: Kyurem|Substitute
|-damage|p1a: Kyurem|255\/391
|move|p2a: NegaiHoshi|Wish|p2a: NegaiHoshi
|
|-heal|p2a: NegaiHoshi|257\/394|[from] item: Leftovers
|turn|14
|
|move|p1a: Kyurem|Roost|p1a: Kyurem
|-heal|p1a: Kyurem|391\/391
|move|p2a: NegaiHoshi|Foul Play|p1a: Kyurem
|-end|p1a: Kyurem|Substitute
|
|-heal|p2a: NegaiHoshi|394\/394|[from] move: Wish|[wisher] NegaiHoshi
|turn|15
|
|switch|p1a: Togekiss|Togekiss, F|366\/373
|move|p2a: NegaiHoshi|Foul Play|p1a: Togekiss
|-resisted|p1a: Togekiss
|-damage|p1a: Togekiss|333\/373
|
|-heal|p1a: Togekiss|356\/373|[from] item: Leftovers
|turn|16
|
|switch|p2a: Onimori|Crobat, M|373\/373
|-damage|p2a: Onimori|280\/373|[from] Stealth Rock
|move|p1a: Togekiss|Thunder Wave|p2a: Onimori
|-status|p2a: Onimori|par
|
|-heal|p1a: Togekiss|373\/373|[from] item: Leftovers
|-heal|p2a: Onimori|303\/373 par|[from] item: Black Sludge
|turn|17
|join|WiikHulten
|
|switch|p1a: Kyurem|Kyurem|391\/391
|-ability|p1a: Kyurem|Pressure
|switch|p2a: NegaiHoshi|Umbreon, F|394\/394
|-damage|p2a: NegaiHoshi|345\/394|[from] Stealth Rock
|
|-heal|p2a: NegaiHoshi|369\/394|[from] item: Leftovers
|turn|18
|join|dinamiteX
|
|switch|p1a: Togekiss|Togekiss, F|373\/373
|move|p2a: NegaiHoshi|Heal Bell|p2a: NegaiHoshi
|-cureteam|p2a: NegaiHoshi|[from] move: HealBell
|
|-heal|p2a: NegaiHoshi|393\/394|[from] item: Leftovers
|turn|19
|
|move|p1a: Togekiss|Thunder Wave|p2a: NegaiHoshi
|-status|p2a: NegaiHoshi|par
|-status|p1a: Togekiss|par
|move|p2a: NegaiHoshi|Wish|p2a: NegaiHoshi
|
|-heal|p2a: NegaiHoshi|394\/394 par|[from] item: Leftovers
|turn|20
|
|switch|p2a: Yunikon|Rhyperior, F|280\/434
|-damage|p2a: Yunikon|253\/434|[from] Stealth Rock
|move|p1a: Togekiss|Heal Bell|p1a: Togekiss
|-cureteam|p1a: Togekiss|[from] move: HealBell
|
|-heal|p2a: Yunikon|434\/434|[from] move: Wish|[wisher] NegaiHoshi
|turn|21
|
|switch|p1a: Infernape|Infernape, M|149\/293
|move|p2a: Yunikon|Stone Edge|p1a: Infernape
|-damage|p1a: Infernape|0 fnt
|faint|p1a: Infernape
|
|
|switch|p1a: Kyurem|Kyurem|391\/391
|-ability|p1a: Kyurem|Pressure
|turn|22
|
|switch|p2a: Ryuuji|Sceptile, M|282\/282
|-damage|p2a: Ryuuji|247\/282|[from] Stealth Rock
|move|p1a: Kyurem|Earth Power|p2a: Ryuuji
|-resisted|p2a: Ryuuji
|-damage|p2a: Ryuuji|165\/282
|-unboost|p2a: Ryuuji|spd|1
|-damage|p1a: Kyurem|352\/391|[from] item: Life Orb
|
|turn|23
|c|âSjir-sama|woah
|c| Pottie Scippen.|the plays
|c|âSjir-sama|That went better then expected
|
|switch|p1a: Togekiss|Togekiss, F|373\/373
|move|p2a: Ryuuji|Dragon Pulse|p1a: Togekiss
|-immune|p1a: Togekiss|[msg]
|
|turn|24
|c|âSjir-sama|And then i ruined it
|
|switch|p1a: Kyurem|Kyurem|352\/391
|-ability|p1a: Kyurem|Pressure
|move|p2a: Ryuuji|Dragon Pulse|p1a: Kyurem
|-supereffective|p1a: Kyurem
|-damage|p1a: Kyurem|69\/391
|-damage|p2a: Ryuuji|137\/282|[from] item: Life Orb
|
|turn|25
|c|âSjir-sama|and then i recovered
|c| Pottie Scippen.|oo bby
|
|switch|p1a: Togekiss|Togekiss, F|373\/373
|move|p2a: Ryuuji|Giga Drain|p1a: Togekiss
|-resisted|p1a: Togekiss
|-damage|p1a: Togekiss|316\/373
|-heal|p2a: Ryuuji|166\/282|[from] drain|[of] p1a: Togekiss
|-damage|p2a: Ryuuji|138\/282|[from] item: Life Orb
|
|-heal|p1a: Togekiss|339\/373|[from] item: Leftovers
|turn|26
|
|switch|p2a: Yunikon|Rhyperior, F|434\/434
|-damage|p2a: Yunikon|407\/434|[from] Stealth Rock
|move|p1a: Togekiss|Air Slash|p2a: Yunikon
|-resisted|p2a: Yunikon
|-damage|p2a: Yunikon|317\/434
|
|-heal|p1a: Togekiss|362\/373|[from] item: Leftovers
|-heal|p2a: Yunikon|344\/434|[from] item: Leftovers
|turn|27
|c| Pottie Scippen.|reveal mega stone imo
|c|âSjir-sama|If only i could
|
|switch|p1a: Kyurem|Kyurem|69\/391
|-ability|p1a: Kyurem|Pressure
|move|p2a: Yunikon|Stone Edge|p1a: Kyurem|[miss]
|-miss|p2a: Yunikon|p1a: Kyurem
|
|-heal|p2a: Yunikon|371\/434|[from] item: Leftovers
|turn|28
|leave|dinamiteX
|
|switch|p2a: NegaiHoshi|Umbreon, F|394\/394 par
|-damage|p2a: NegaiHoshi|345\/394 par|[from] Stealth Rock
|move|p1a: Kyurem|Ice Beam|p2a: NegaiHoshi
|-damage|p2a: NegaiHoshi|220\/394 par
|-damage|p1a: Kyurem|30\/391|[from] item: Life Orb
|
|-heal|p2a: NegaiHoshi|244\/394 par|[from] item: Leftovers
|turn|29
|join|Helys
|
|switch|p2a: Kaizaru|Infernape, M|257\/293
|-damage|p2a: Kaizaru|221\/293|[from] Stealth Rock
|move|p1a: Kyurem|Roost|p1a: Kyurem
|-heal|p1a: Kyurem|226\/391
|
|turn|30
|
|move|p2a: Kaizaru|Flare Blitz|p1a: Kyurem
|-damage|p1a: Kyurem|0 fnt
|-damage|p2a: Kaizaru|146\/293|[from] recoil|[of] p1a: Kyurem
|faint|p1a: Kyurem
|
|
|switch|p1a: Togekiss|Togekiss, F|362\/373
|turn|31
|
|move|p2a: Kaizaru|Flare Blitz|p1a: Togekiss
|-damage|p1a: Togekiss|95\/373
|-status|p1a: Togekiss|brn
|-damage|p2a: Kaizaru|58\/293|[from] recoil|[of] p1a: Togekiss
|move|p1a: Togekiss|Thunder Wave|p2a: Kaizaru
|-status|p2a: Kaizaru|par
|
|-heal|p1a: Togekiss|118\/373 brn|[from] item: Leftovers
|-damage|p1a: Togekiss|72\/373 brn|[from] brn
|turn|32
|
|move|p1a: Togekiss|Heal Bell|p1a: Togekiss
|-cureteam|p1a: Togekiss|[from] move: HealBell
|move|p2a: Kaizaru|Flare Blitz|p1a: Togekiss
|-damage|p1a: Togekiss|0 fnt
|-damage|p2a: Kaizaru|34\/293 par|[from] recoil|[of] p1a: Togekiss
|faint|p1a: Togekiss
|
|
|switch|p1a: Alakazam|Alakazam-Mega, M|160\/251
|-ability|p1a: Alakazam|Iron Fist|[from] ability: Trace|[of] p2a: Kaizaru
|turn|33
|
|move|p1a: Alakazam|Psyshock|p2a: Kaizaru
|-supereffective|p2a: Kaizaru
|-damage|p2a: Kaizaru|0 fnt
|faint|p2a: Kaizaru
|
|c| Pottie Scippen.|don't know if heal bell was the right play but gg both
|
|switch|p2a: NegaiHoshi|Umbreon, F|244\/394 par
|-damage|p2a: NegaiHoshi|195\/394 par|[from] Stealth Rock
|turn|34
|c|âRoseybear|i can't do shit to rhyperior 
|c|âRoseybear|so i had to sack
|
|move|p1a: Alakazam|Focus Blast|p2a: NegaiHoshi|[miss]
|-miss|p1a: Alakazam|p2a: NegaiHoshi
|move|p2a: NegaiHoshi|Foul Play|p1a: Alakazam
|-supereffective|p1a: Alakazam
|-damage|p1a: Alakazam|2\/251
|
|-heal|p2a: NegaiHoshi|219\/394 par|[from] item: Leftovers
|turn|35
|c| Pottie Scippen.|need a water type on that team 
|
|move|p1a: Alakazam|Focus Blast|p2a: NegaiHoshi
|-supereffective|p2a: NegaiHoshi
|-damage|p2a: NegaiHoshi|0 fnt
|faint|p2a: NegaiHoshi
|
|c| godly serperior|told ya hd would win
|c| Helys|gg
|c|âSjir-sama|Soo
|c|âSjir-sama|Focus blast rhyperior
|c| Pottie Scippen.|bulky offense is a good way to go
|join|Exeggutor
|c|âSjir-sama|Psyshock crobat
|c|âSjir-sama|Outspeed sceptile
|c|âSjir-sama|I'm actually dead xD
|
|switch|p2a: Ryuuji|Sceptile, M|138\/282
|-damage|p2a: Ryuuji|103\/282|[from] Stealth Rock
|turn|36
|c| Pottie Scippen.|the come back? 
|
|move|p1a: Alakazam|Psyshock|p2a: Ryuuji
|-damage|p2a: Ryuuji|0 fnt
|faint|p2a: Ryuuji
|
|c| Pottie Scippen.|inb4 quick attack
|
|switch|p2a: Onimori|Crobat, M|303\/373
|-damage|p2a: Onimori|210\/373|[from] Stealth Rock
|turn|37
|c|âSjir-sama|welp
|
|move|p1a: Alakazam|Psyshock|p2a: Onimori
|-supereffective|p2a: Onimori
|-damage|p2a: Onimori|0 fnt
|faint|p2a: Onimori
|
|c| Exeggutor|scarf crobat
|c| Exeggutor|go,
|c| Exeggutor|fuk
|
|switch|p2a: Yunikon|Rhyperior, F|371\/434
|-damage|p2a: Yunikon|344\/434|[from] Stealth Rock
|turn|38
|c| Pottie Scippen.|it all depends on focus miss
|
|move|p1a: Alakazam|Focus Blast|p2a: Yunikon
|-supereffective|p2a: Yunikon
|-damage|p2a: Yunikon|0 fnt
|faint|p2a: Yunikon
|
|win|Roseybear
|c| Exeggutor|tank tank tank tank
|c| Pottie Scippen.|run hp water imo lol
|c| Exeggutor|fuq
|c| Vaporeon for Ubers|nb
|c|âSjir-sama|Haha, gg
|leave|Exeggutor
|c|âRoseybear|gg
|c| todd_p42|lol
|c| Pottie Scippen.|gg
|leave|Vaporeon for Ubers
|c| todd_p42|gg
|leave|Pottie Scippen.
|leave|Roseybear
|player|p1