|join|Sjir-sama
|join|Sylvan Cornography
|player|p1|Sjir-sama|164
|player|p2|Sylvan Cornography|279
|gametype|singles
|gen|6
|tier|UU
|rule|Sleep Clause Mod: Limit one foe put to sleep
|rule|Species Clause: Limit one of each PokÃ©mon
|rule|OHKO Clause: OHKO moves are banned
|rule|Moody Clause: Moody is banned
|rule|Evasion Moves Clause: Evasion moves are banned
|rule|Endless Battle Clause: Forcing endless battles is banned
|rule|HP Percentage Mod: HP is shown in percentages
|clearpoke
|poke|p1|Sceptile, M
|poke|p1|Honchkrow, M
|poke|p1|Infernape, M
|poke|p1|Aggron, M
|poke|p1|Florges, F
|poke|p1|Starmie
|poke|p2|Ampharos, M
|poke|p2|Swampert, M
|poke|p2|Heracross, M
|poke|p2|Roserade, F
|poke|p2|Umbreon, F
|poke|p2|Forretress, F
|rule|Swagger Clause: Swagger is banned
|rule|Baton Pass Clause: Limit one PokÃ©mon knowing Baton Pass
|teampreview
|
|start
|switch|p1a: Infernape|Infernape, M|294\/294
|switch|p2a: Swampert|Swampert, M|404\/404
|turn|1
|
|move|p1a: Infernape|U-turn|p2a: Swampert
|-damage|p2a: Swampert|288\/404
|
|switch|p1a: Starmie|Starmie|261\/261
|move|p2a: Swampert|Stealth Rock|p1a: Starmie
|-sidestart|p1: Sjir-sama|move: Stealth Rock
|
|-heal|p2a: Swampert|313\/404|[from] item: Leftovers
|turn|2
|
|switch|p2a: Ampharos|Ampharos, M|384\/384
|move|p1a: Starmie|Hydro Pump|p2a: Ampharos
|-damage|p2a: Ampharos|166\/384
|-damage|p1a: Starmie|235\/261|[from] item: Life Orb
|
|turn|3
|
|detailschange|p2a: Ampharos|Ampharos-Mega, M
|message|Ampharos has Mega Evolved into Mega Ampharos!
|-ability|p2a: Ampharos|Mold Breaker
|move|p1a: Starmie|Hydro Pump|p2a: Ampharos
|-resisted|p2a: Ampharos
|-damage|p2a: Ampharos|74\/384
|-damage|p1a: Starmie|209\/261|[from] item: Life Orb
|move|p2a: Ampharos|Thunderbolt|p1a: Starmie
|-supereffective|p1a: Starmie
|-damage|p1a: Starmie|0 fnt
|faint|p1a: Starmie
|
|
|switch|p1a: Honchkrow|Honchkrow, M|341\/341
|-damage|p1a: Honchkrow|256\/341|[from] Stealth Rock
|turn|4
|
|switch|p2a: Forretress|Forretress, F|354\/354
|move|p1a: Honchkrow|Substitute|p1a: Honchkrow
|-start|p1a: Honchkrow|Substitute
|-damage|p1a: Honchkrow|171\/341
|
|turn|5
|
|move|p1a: Honchkrow|Roost|p1a: Honchkrow
|-heal|p1a: Honchkrow|341\/341
|move|p2a: Forretress|Spikes|p1a: Honchkrow
|-sidestart|p1: Sjir-sama|Spikes
|
|turn|6
|
|move|p1a: Honchkrow|Brave Bird|p2a: Forretress
|-damage|p2a: Forretress|186\/354
|-damage|p1a: Honchkrow|286\/341|[from] recoil|[of] p2a: Forretress
|-damage|p1a: Honchkrow|252\/341|[from] item: Life Orb
|move|p2a: Forretress|Spikes|p1a: Honchkrow
|-sidestart|p1: Sjir-sama|Spikes
|
|-heal|p2a: Forretress|208\/354|[from] item: Leftovers
|turn|7
|
|move|p1a: Honchkrow|Brave Bird|p2a: Forretress
|-damage|p2a: Forretress|48\/354
|-damage|p1a: Honchkrow|199\/341|[from] recoil|[of] p2a: Forretress
|-damage|p1a: Honchkrow|165\/341|[from] item: Life Orb
|move|p2a: Forretress|Spikes|p1a: Honchkrow
|-sidestart|p1: Sjir-sama|Spikes
|
|-heal|p2a: Forretress|70\/354|[from] item: Leftovers
|turn|8
|
|switch|p2a: Ampharos|Ampharos-Mega, M|74\/384
|-ability|p2a: Ampharos|Mold Breaker
|move|p1a: Honchkrow|Brave Bird|p2a: Ampharos
|-resisted|p2a: Ampharos
|-damage|p2a: Ampharos|0 fnt
|-damage|p1a: Honchkrow|141\/341|[from] recoil|[of] p2a: Ampharos
|-damage|p1a: Honchkrow|107\/341|[from] item: Life Orb
|faint|p2a: Ampharos
|-boost|p1a: Honchkrow|atk|1|[from] ability: Moxie
|
|
|switch|p2a: Umbreon|Umbreon, F|394\/394
|turn|9
|
|move|p1a: Honchkrow|Roost|p1a: Honchkrow
|-heal|p1a: Honchkrow|278\/341
|move|p2a: Umbreon|Foul Play|p1a: Honchkrow
|-resisted|p1a: Honchkrow
|-end|p1a: Honchkrow|Substitute
|
|turn|10
|
|move|p1a: Honchkrow|Brave Bird|p2a: Umbreon
|-damage|p2a: Umbreon|0 fnt
|-damage|p1a: Honchkrow|148\/341|[from] recoil|[of] p2a: Umbreon
|-damage|p1a: Honchkrow|114\/341|[from] item: Life Orb
|faint|p2a: Umbreon
|-boost|p1a: Honchkrow|atk|1|[from] ability: Moxie
|
|
|switch|p2a: Heracross|Heracross, M|302\/302
|turn|11
|
|move|p1a: Honchkrow|Sucker Punch|p2a: Heracross
|-resisted|p2a: Heracross
|-damage|p2a: Heracross|72\/302
|-damage|p1a: Honchkrow|80\/341|[from] item: Life Orb
|move|p2a: Heracross|Close Combat|p1a: Honchkrow
|-crit|p1a: Honchkrow
|-damage|p1a: Honchkrow|0 fnt
|-unboost|p2a: Heracross|def|1
|-unboost|p2a: Heracross|spd|1
|faint|p1a: Honchkrow
|-boost|p2a: Heracross|atk|1|[from] ability: Moxie
|
|
|switch|p1a: Aggron|Aggron, M|344\/344
|-damage|p1a: Aggron|258\/344|[from] Spikes
|-damage|p1a: Aggron|237\/344|[from] Stealth Rock
|turn|12
|
|detailschange|p1a: Aggron|Aggron-Mega, M
|message|Aggron has Mega Evolved into Mega Aggron!
|move|p2a: Heracross|Close Combat|p1a: Aggron
|-supereffective|p1a: Aggron
|-damage|p1a: Aggron|69\/344
|-unboost|p2a: Heracross|def|1
|-unboost|p2a: Heracross|spd|1
|move|p1a: Aggron|Earthquake|p2a: Heracross
|-resisted|p2a: Heracross
|-damage|p2a: Heracross|0 fnt
|faint|p2a: Heracross
|
|
|switch|p2a: Roserade|Roserade, F|324\/324
|turn|13
|
|move|p2a: Roserade|Giga Drain|p1a: Aggron
|-resisted|p1a: Aggron
|-damage|p1a: Aggron|0 fnt
|faint|p1a: Aggron
|
|
|switch|p1a: Infernape|Infernape, M|294\/294
|-damage|p1a: Infernape|258\/294|[from] Stealth Rock
|-damage|p1a: Infernape|185\/294|[from] Spikes
|turn|14
|
|switch|p2a: Forretress|Forretress, F|70\/354
|move|p1a: Infernape|Close Combat|p2a: Forretress
|-damage|p2a: Forretress|0 fnt
|-unboost|p1a: Infernape|def|1
|-unboost|p1a: Infernape|spd|1
|faint|p2a: Forretress
|
|
|switch|p2a: Swampert|Swampert, M|313\/404
|turn|15
|
|switch|p1a: Florges|Florges, F|297\/297
|-damage|p1a: Florges|260\/297|[from] Stealth Rock
|-damage|p1a: Florges|186\/297|[from] Spikes
|move|p2a: Swampert|Waterfall|p1a: Florges
|-damage|p1a: Florges|0 fnt
|faint|p1a: Florges
|
|-heal|p2a: Swampert|338\/404|[from] item: Leftovers
|
|switch|p1a: Sceptile|Sceptile, M|281\/281
|-damage|p1a: Sceptile|246\/281|[from] Stealth Rock
|-damage|p1a: Sceptile|176\/281|[from] Spikes
|turn|16
|
|switch|p2a: Roserade|Roserade, F|324\/324
|move|p1a: Sceptile|Dragon Pulse|p2a: Roserade
|-damage|p2a: Roserade|199\/324
|
|-heal|p2a: Roserade|219\/324|[from] item: Black Sludge
|turn|17
|
|move|p1a: Sceptile|Dragon Pulse|p2a: Roserade
|-damage|p2a: Roserade|97\/324
|move|p2a: Roserade|Sludge Bomb|p1a: Sceptile
|-supereffective|p1a: Sceptile
|-damage|p1a: Sceptile|0 fnt
|faint|p1a: Sceptile
|
|-heal|p2a: Roserade|117\/324|[from] item: Black Sludge
|
|switch|p1a: Infernape|Infernape, M|185\/294
|-damage|p1a: Infernape|112\/294|[from] Spikes
|-damage|p1a: Infernape|76\/294|[from] Stealth Rock
|turn|18
|
|move|p1a: Infernape|Close Combat|p2a: Roserade
|-resisted|p2a: Roserade
|-damage|p2a: Roserade|0 fnt
|-unboost|p1a: Infernape|def|1
|-unboost|p1a: Infernape|spd|1
|faint|p2a: Roserade
|
|
|switch|p2a: Swampert|Swampert, M|338\/404
|turn|19
|
|move|p1a: Infernape|Close Combat|p2a: Swampert
|-damage|p2a: Swampert|19\/404
|-unboost|p1a: Infernape|def|1
|-unboost|p1a: Infernape|spd|1
|move|p2a: Swampert|Waterfall|p1a: Infernape
|-supereffective|p1a: Infernape
|-damage|p1a: Infernape|0 fnt
|faint|p1a: Infernape
|
|win|Sylvan Cornography