|join|Sjir-sama
|join|SwiftRazor
|player|p1|Sjir-sama|164
|player|p2|SwiftRazor|170
|gametype|singles
|gen|6
|tier|UU
|rated
|rule|Sleep Clause Mod: Limit one foe put to sleep
|rule|Species Clause: Limit one of each PokÃ©mon
|rule|OHKO Clause: OHKO moves are banned
|rule|Moody Clause: Moody is banned
|rule|Evasion Moves Clause: Evasion moves are banned
|rule|Endless Battle Clause: Forcing endless battles is banned
|rule|HP Percentage Mod: HP is shown in percentages
|clearpoke
|poke|p1|Sceptile, M
|poke|p1|Infernape, M
|poke|p1|Crobat, M
|poke|p1|Umbreon, F
|poke|p1|Rhyperior, F
|poke|p1|Suicune
|poke|p2|Rotom-Mow
|poke|p2|Gallade, M
|poke|p2|Tangrowth, M
|poke|p2|Toxicroak, F
|poke|p2|Steelix, F
|poke|p2|Yanmega, F
|rule|Swagger Clause: Swagger is banned
|rule|Baton Pass Clause: Limit one PokÃ©mon knowing Baton Pass
|teampreview
|
|start
|switch|p1a: Onimori|Crobat, M|373\/373
|switch|p2a: Toxicroak|Toxicroak, F|307\/307
|turn|1
|
|switch|p2a: Steelix|Steelix, F|354\/354
|move|p1a: Onimori|U-turn|p2a: Steelix
|-resisted|p2a: Steelix
|-damage|p2a: Steelix|342\/354
|
|switch|p1a: Hikari|Suicune|404\/404
|-ability|p1a: Hikari|Pressure
|
|-heal|p2a: Steelix|354\/354|[from] item: Leftovers
|turn|2
|
|switch|p2a: Rotom-Mow|Rotom-Mow|241\/241
|move|p1a: Hikari|Scald|p2a: Rotom-Mow
|-resisted|p2a: Rotom-Mow
|-damage|p2a: Rotom-Mow|202\/241
|
|turn|3
|
|switch|p1a: Ryuuji|Sceptile, M|282\/282
|move|p2a: Rotom-Mow|Volt Switch|p1a: Ryuuji
|-resisted|p1a: Ryuuji
|-damage|p1a: Ryuuji|204\/282
|-damage|p2a: Rotom-Mow|178\/241|[from] item: Life Orb
|
|switch|p2a: Yanmega|Yanmega, F|313\/313
|
|turn|4
|
|switch|p1a: Onimori|Crobat, M|373\/373
|move|p2a: Yanmega|Bug Buzz|p1a: Onimori
|-resisted|p1a: Onimori
|-damage|p1a: Onimori|239\/373
|
|-heal|p1a: Onimori|262\/373|[from] item: Black Sludge
|turn|5
|
|switch|p2a: Steelix|Steelix, F|354\/354
|move|p1a: Onimori|U-turn|p2a: Steelix
|-resisted|p2a: Steelix
|-damage|p2a: Steelix|341\/354
|
|switch|p1a: Ryuuji|Sceptile, M|204\/282
|
|-heal|p2a: Steelix|354\/354|[from] item: Leftovers
|turn|6
|
|move|p1a: Ryuuji|Giga Drain|p2a: Steelix
|-damage|p2a: Steelix|124\/354
|-heal|p1a: Ryuuji|282\/282|[from] drain|[of] p2a: Steelix
|-damage|p1a: Ryuuji|254\/282|[from] item: Life Orb
|move|p2a: Steelix|Stealth Rock|p1a: Ryuuji
|-sidestart|p1: Sjir-sama|move: Stealth Rock
|
|-heal|p2a: Steelix|146\/354|[from] item: Leftovers
|turn|7
|
|switch|p2a: Yanmega|Yanmega, F|313\/313
|move|p1a: Ryuuji|Giga Drain|p2a: Yanmega
|-resisted|p2a: Yanmega
|-damage|p2a: Yanmega|253\/313
|-heal|p1a: Ryuuji|282\/282|[from] drain|[of] p2a: Yanmega
|-damage|p1a: Ryuuji|254\/282|[from] item: Life Orb
|
|turn|8
|
|switch|p1a: Yunikon|Rhyperior, F|434\/434
|-damage|p1a: Yunikon|407\/434|[from] Stealth Rock
|move|p2a: Yanmega|Bug Buzz|p1a: Yunikon
|-damage|p1a: Yunikon|32\/434
|
|-heal|p1a: Yunikon|59\/434|[from] item: Leftovers
|turn|9
|
|move|p2a: Yanmega|Bug Buzz|p1a: Yunikon
|-damage|p1a: Yunikon|0 fnt
|faint|p1a: Yunikon
|
|
|switch|p1a: Kaizaru|Infernape, M|293\/293
|-damage|p1a: Kaizaru|257\/293|[from] Stealth Rock
|turn|10
|
|switch|p2a: Gallade|Gallade, M|340\/340
|move|p1a: Kaizaru|Flare Blitz|p2a: Gallade
|-crit|p2a: Gallade
|-damage|p2a: Gallade|0 fnt
|-damage|p1a: Kaizaru|145\/293|[from] recoil|[of] p2a: Gallade
|faint|p2a: Gallade
|
|
|switch|p2a: Toxicroak|Toxicroak, F|307\/307
|turn|11
|
|move|p2a: Toxicroak|Sucker Punch|p1a: Kaizaru
|-resisted|p1a: Kaizaru
|-damage|p1a: Kaizaru|89\/293
|move|p1a: Kaizaru|Flare Blitz|p2a: Toxicroak
|-damage|p2a: Toxicroak|0 fnt
|-damage|p1a: Kaizaru|0 fnt|[from] recoil|[of] p2a: Toxicroak
|faint|p2a: Toxicroak
|faint|p1a: Kaizaru
|
|
|switch|p1a: Onimori|Crobat, M|262\/373
|-damage|p1a: Onimori|169\/373|[from] Stealth Rock
|switch|p2a: Rotom-Mow|Rotom-Mow|178\/241
|turn|12
|
|switch|p2a: Steelix|Steelix, F|146\/354
|move|p1a: Onimori|Brave Bird|p2a: Steelix
|-resisted|p2a: Steelix
|-damage|p2a: Steelix|110\/354
|-damage|p1a: Onimori|157\/373|[from] recoil|[of] p2a: Steelix
|
|-heal|p1a: Onimori|180\/373|[from] item: Black Sludge
|-heal|p2a: Steelix|132\/354|[from] item: Leftovers
|turn|13
|
|move|p1a: Onimori|Roost|p1a: Onimori
|-heal|p1a: Onimori|367\/373
|move|p2a: Steelix|Dragon Tail|p1a: Onimori
|-damage|p1a: Onimori|303\/373
|drag|p1a: Ryuuji|Sceptile, M|254\/282
|-damage|p1a: Ryuuji|219\/282|[from] Stealth Rock
|
|-heal|p2a: Steelix|154\/354|[from] item: Leftovers
|turn|14
|
|switch|p2a: Rotom-Mow|Rotom-Mow|178\/241
|move|p1a: Ryuuji|Giga Drain|p2a: Rotom-Mow
|-resisted|p2a: Rotom-Mow
|-damage|p2a: Rotom-Mow|99\/241
|-heal|p1a: Ryuuji|259\/282|[from] drain|[of] p2a: Rotom-Mow
|-damage|p1a: Ryuuji|231\/282|[from] item: Life Orb
|
|turn|15
|
|move|p1a: Ryuuji|Leaf Storm|p2a: Rotom-Mow
|-resisted|p2a: Rotom-Mow
|-damage|p2a: Rotom-Mow|0 fnt
|-unboost|p1a: Ryuuji|spa|2
|-damage|p1a: Ryuuji|203\/282|[from] item: Life Orb
|faint|p2a: Rotom-Mow
|
|
|switch|p2a: Yanmega|Yanmega, F|253\/313
|turn|16
|
|move|p1a: Ryuuji|Dragon Pulse|p2a: Yanmega
|-damage|p2a: Yanmega|158\/313
|-damage|p1a: Ryuuji|175\/282|[from] item: Life Orb
|move|p2a: Yanmega|Bug Buzz|p1a: Ryuuji
|-supereffective|p1a: Ryuuji
|-damage|p1a: Ryuuji|0 fnt
|faint|p1a: Ryuuji
|
|
|switch|p1a: Hikari|Suicune|404\/404
|-damage|p1a: Hikari|354\/404|[from] Stealth Rock
|-ability|p1a: Hikari|Pressure
|turn|17
|
|move|p2a: Yanmega|Bug Buzz|p1a: Hikari
|-damage|p1a: Hikari|131\/404
|move|p1a: Hikari|Calm Mind|p1a: Hikari
|-boost|p1a: Hikari|spa|1
|-boost|p1a: Hikari|spd|1
|
|-heal|p1a: Hikari|156\/404|[from] item: Leftovers
|turn|18
|
|move|p2a: Yanmega|Bug Buzz|p1a: Hikari
|-damage|p1a: Hikari|6\/404
|move|p1a: Hikari|Rest|p1a: Hikari
|-status|p1a: Hikari|slp
|-heal|p1a: Hikari|404\/404 slp|[silent]
|-status|p1a: Hikari|slp|[from] move: Rest
|
|turn|19
|
|switch|p2a: Tangrowth|Tangrowth, M|404\/404
|cant|p1a: Hikari|slp
|move|p1a: Hikari|Sleep Talk|p1a: Hikari
|move|p1a: Hikari|Rest|p1a: Hikari|[from]Sleep Talk
|-fail|p1a: Hikari
|
|turn|20
|
|cant|p1a: Hikari|slp
|move|p1a: Hikari|Sleep Talk|p1a: Hikari
|move|p1a: Hikari|Scald|p2a: Tangrowth|[from]Sleep Talk
|-resisted|p2a: Tangrowth
|-damage|p2a: Tangrowth|299\/404
|-status|p2a: Tangrowth|brn
|move|p2a: Tangrowth|Leech Seed|p1a: Hikari
|-start|p1a: Hikari|move: Leech Seed
|
|-heal|p2a: Tangrowth|324\/404 brn|[from] item: Leftovers
|-damage|p1a: Hikari|354\/404 slp|[from] Leech Seed|[of] p2a: Tangrowth
|-heal|p2a: Tangrowth|374\/404 brn|[silent]
|-damage|p2a: Tangrowth|324\/404 brn|[from] brn
|turn|21
|
|-curestatus|p1a: Hikari|slp
|move|p1a: Hikari|Calm Mind|p1a: Hikari
|-boost|p1a: Hikari|spa|1
|-boost|p1a: Hikari|spd|1
|move|p2a: Tangrowth|Knock Off|p1a: Hikari
|-damage|p1a: Hikari|327\/404
|-enditem|p1a: Hikari|Leftovers|[from] move: Knock Off|[of] p2a: Tangrowth
|
|-heal|p2a: Tangrowth|349\/404 brn|[from] item: Leftovers
|-damage|p1a: Hikari|277\/404|[from] Leech Seed|[of] p2a: Tangrowth
|-heal|p2a: Tangrowth|399\/404 brn|[silent]
|-damage|p2a: Tangrowth|349\/404 brn|[from] brn
|turn|22
|
|move|p1a: Hikari|Scald|p2a: Tangrowth
|-crit|p2a: Tangrowth
|-resisted|p2a: Tangrowth
|-damage|p2a: Tangrowth|126\/404 brn
|move|p2a: Tangrowth|Toxic|p1a: Hikari
|-status|p1a: Hikari|tox
|
|-heal|p2a: Tangrowth|151\/404 brn|[from] item: Leftovers
|-damage|p1a: Hikari|227\/404 tox|[from] Leech Seed|[of] p2a: Tangrowth
|-heal|p2a: Tangrowth|201\/404 brn|[silent]
|-damage|p1a: Hikari|202\/404 tox|[from] psn
|-damage|p2a: Tangrowth|151\/404 brn|[from] brn
|turn|23
|
|move|p2a: Tangrowth|Protect|p2a: Tangrowth
|-singleturn|p2a: Tangrowth|Protect
|move|p1a: Hikari|Rest|p1a: Hikari
|-status|p1a: Hikari|slp
|-heal|p1a: Hikari|404\/404 slp|[silent]
|-status|p1a: Hikari|slp|[from] move: Rest
|
|-heal|p2a: Tangrowth|176\/404 brn|[from] item: Leftovers
|-damage|p1a: Hikari|354\/404 slp|[from] Leech Seed|[of] p2a: Tangrowth
|-heal|p2a: Tangrowth|226\/404 brn|[silent]
|-damage|p2a: Tangrowth|176\/404 brn|[from] brn
|turn|24
|
|switch|p2a: Yanmega|Yanmega, F|158\/313
|cant|p1a: Hikari|slp
|move|p1a: Hikari|Sleep Talk|p1a: Hikari
|move|p1a: Hikari|Calm Mind|p1a: Hikari|[from]Sleep Talk
|-boost|p1a: Hikari|spa|1
|-boost|p1a: Hikari|spd|1
|
|-damage|p1a: Hikari|304\/404 slp|[from] Leech Seed|[of] p2a: Yanmega
|-heal|p2a: Yanmega|208\/313|[silent]
|turn|25
|
|move|p2a: Yanmega|Giga Drain|p1a: Hikari
|-supereffective|p1a: Hikari
|-damage|p1a: Hikari|214\/404 slp
|-heal|p2a: Yanmega|253\/313|[from] drain|[of] p1a: Hikari
|cant|p1a: Hikari|slp
|move|p1a: Hikari|Sleep Talk|p1a: Hikari
|move|p1a: Hikari|Rest|p1a: Hikari|[from]Sleep Talk
|-fail|p1a: Hikari
|
|-damage|p1a: Hikari|164\/404 slp|[from] Leech Seed|[of] p2a: Yanmega
|-heal|p2a: Yanmega|303\/313|[silent]
|turn|26
|
|move|p2a: Yanmega|Giga Drain|p1a: Hikari
|-supereffective|p1a: Hikari
|-damage|p1a: Hikari|74\/404 slp
|-heal|p2a: Yanmega|313\/313|[from] drain|[of] p1a: Hikari
|-curestatus|p1a: Hikari|slp
|move|p1a: Hikari|Rest|p1a: Hikari
|-status|p1a: Hikari|slp
|-heal|p1a: Hikari|404\/404 slp|[silent]
|-status|p1a: Hikari|slp|[from] move: Rest
|
|-damage|p1a: Hikari|354\/404 slp|[from] Leech Seed|[of] p2a: Yanmega
|turn|27
|
|move|p2a: Yanmega|Giga Drain|p1a: Hikari
|-supereffective|p1a: Hikari
|-damage|p1a: Hikari|258\/404 slp
|cant|p1a: Hikari|slp
|move|p1a: Hikari|Sleep Talk|p1a: Hikari
|move|p1a: Hikari|Rest|p1a: Hikari|[from]Sleep Talk
|-fail|p1a: Hikari
|
|-damage|p1a: Hikari|208\/404 slp|[from] Leech Seed|[of] p2a: Yanmega
|turn|28
|
|switch|p2a: Tangrowth|Tangrowth, M|310\/404 brn
|cant|p1a: Hikari|slp
|move|p1a: Hikari|Sleep Talk|p1a: Hikari
|move|p1a: Hikari|Rest|p1a: Hikari|[from]Sleep Talk
|-fail|p1a: Hikari
|
|-heal|p2a: Tangrowth|335\/404 brn|[from] item: Leftovers
|-damage|p1a: Hikari|158\/404 slp|[from] Leech Seed|[of] p2a: Tangrowth
|-heal|p2a: Tangrowth|385\/404 brn|[silent]
|-damage|p2a: Tangrowth|335\/404 brn|[from] brn
|turn|29
|
|-curestatus|p1a: Hikari|slp
|move|p1a: Hikari|Scald|p2a: Tangrowth
|-resisted|p2a: Tangrowth
|-damage|p2a: Tangrowth|154\/404 brn
|move|p2a: Tangrowth|Knock Off|p1a: Hikari
|-crit|p1a: Hikari
|-damage|p1a: Hikari|132\/404
|
|-heal|p2a: Tangrowth|179\/404 brn|[from] item: Leftovers
|-damage|p1a: Hikari|82\/404|[from] Leech Seed|[of] p2a: Tangrowth
|-heal|p2a: Tangrowth|229\/404 brn|[silent]
|-damage|p2a: Tangrowth|179\/404 brn|[from] brn
|turn|30
|
|move|p1a: Hikari|Rest|p1a: Hikari
|-status|p1a: Hikari|slp
|-heal|p1a: Hikari|404\/404 slp|[silent]
|-status|p1a: Hikari|slp|[from] move: Rest
|move|p2a: Tangrowth|Knock Off|p1a: Hikari
|-damage|p1a: Hikari|388\/404 slp
|
|-heal|p2a: Tangrowth|204\/404 brn|[from] item: Leftovers
|-damage|p1a: Hikari|338\/404 slp|[from] Leech Seed|[of] p2a: Tangrowth
|-heal|p2a: Tangrowth|254\/404 brn|[silent]
|-damage|p2a: Tangrowth|204\/404 brn|[from] brn
|turn|31
|
|move|p2a: Tangrowth|Protect|p2a: Tangrowth
|-singleturn|p2a: Tangrowth|Protect
|cant|p1a: Hikari|slp
|move|p1a: Hikari|Sleep Talk|p1a: Hikari
|move|p1a: Hikari|Calm Mind|p1a: Hikari|[from]Sleep Talk
|-boost|p1a: Hikari|spa|1
|-boost|p1a: Hikari|spd|1
|
|-heal|p2a: Tangrowth|229\/404 brn|[from] item: Leftovers
|-damage|p1a: Hikari|288\/404 slp|[from] Leech Seed|[of] p2a: Tangrowth
|-heal|p2a: Tangrowth|279\/404 brn|[silent]
|-damage|p2a: Tangrowth|229\/404 brn|[from] brn
|turn|32
|
|cant|p1a: Hikari|slp
|move|p1a: Hikari|Sleep Talk|p1a: Hikari
|move|p1a: Hikari|Rest|p1a: Hikari|[from]Sleep Talk
|-fail|p1a: Hikari
|move|p2a: Tangrowth|Toxic|p1a: Hikari
|-fail|p1a: Hikari
|
|-heal|p2a: Tangrowth|254\/404 brn|[from] item: Leftovers
|-damage|p1a: Hikari|238\/404 slp|[from] Leech Seed|[of] p2a: Tangrowth
|-heal|p2a: Tangrowth|304\/404 brn|[silent]
|-damage|p2a: Tangrowth|254\/404 brn|[from] brn
|turn|33
|
|-curestatus|p1a: Hikari|slp
|move|p1a: Hikari|Calm Mind|p1a: Hikari
|-boost|p1a: Hikari|spa|1
|-boost|p1a: Hikari|spd|1
|move|p2a: Tangrowth|Toxic|p1a: Hikari
|-status|p1a: Hikari|tox
|
|-heal|p2a: Tangrowth|279\/404 brn|[from] item: Leftovers
|-damage|p1a: Hikari|188\/404 tox|[from] Leech Seed|[of] p2a: Tangrowth
|-heal|p2a: Tangrowth|329\/404 brn|[silent]
|-damage|p1a: Hikari|163\/404 tox|[from] psn
|-damage|p2a: Tangrowth|279\/404 brn|[from] brn
|turn|34
|
|move|p1a: Hikari|Rest|p1a: Hikari
|-status|p1a: Hikari|slp
|-heal|p1a: Hikari|404\/404 slp|[silent]
|-status|p1a: Hikari|slp|[from] move: Rest
|move|p2a: Tangrowth|Knock Off|p1a: Hikari
|-damage|p1a: Hikari|386\/404 slp
|
|-heal|p2a: Tangrowth|304\/404 brn|[from] item: Leftovers
|-damage|p1a: Hikari|336\/404 slp|[from] Leech Seed|[of] p2a: Tangrowth
|-heal|p2a: Tangrowth|354\/404 brn|[silent]
|-damage|p2a: Tangrowth|304\/404 brn|[from] brn
|turn|35
|
|switch|p2a: Steelix|Steelix, F|154\/354
|cant|p1a: Hikari|slp
|move|p1a: Hikari|Sleep Talk|p1a: Hikari
|move|p1a: Hikari|Rest|p1a: Hikari|[from]Sleep Talk
|-fail|p1a: Hikari
|
|-heal|p2a: Steelix|176\/354|[from] item: Leftovers
|-damage|p1a: Hikari|286\/404 slp|[from] Leech Seed|[of] p2a: Steelix
|-heal|p2a: Steelix|226\/354|[silent]
|turn|36
|
|cant|p1a: Hikari|slp
|move|p1a: Hikari|Sleep Talk|p1a: Hikari
|move|p1a: Hikari|Calm Mind|p1a: Hikari|[from]Sleep Talk
|-boost|p1a: Hikari|spa|1
|-boost|p1a: Hikari|spd|1
|move|p2a: Steelix|Dragon Tail|p1a: Hikari
|-damage|p1a: Hikari|249\/404 slp
|drag|p1a: Onimori|Crobat, M|303\/373
|-damage|p1a: Onimori|210\/373|[from] Stealth Rock
|
|-heal|p1a: Onimori|233\/373|[from] item: Black Sludge
|-heal|p2a: Steelix|248\/354|[from] item: Leftovers
|turn|37
|c|âSwiftRazor|yessss
|
|move|p1a: Onimori|U-turn|p2a: Steelix
|-crit|p2a: Steelix
|-resisted|p2a: Steelix
|-damage|p2a: Steelix|227\/354
|
|switch|p1a: Hikari|Suicune|249\/404 slp
|-damage|p1a: Hikari|199\/404 slp|[from] Stealth Rock
|-ability|p1a: Hikari|Pressure
|move|p2a: Steelix|Gyro Ball|p1a: Hikari
|-resisted|p1a: Hikari
|-damage|p1a: Hikari|162\/404 slp
|
|-heal|p2a: Steelix|249\/354|[from] item: Leftovers
|turn|38
|
|switch|p2a: Yanmega|Yanmega, F|313\/313
|-curestatus|p1a: Hikari|slp
|move|p1a: Hikari|Sleep Talk|p1a: Hikari
|-fail|p1a: Hikari
|
|turn|39
|c|âSjir-sama|ow, woops
|
|switch|p1a: NegaiHoshi|Umbreon, F|394\/394
|-damage|p1a: NegaiHoshi|345\/394|[from] Stealth Rock
|move|p2a: Yanmega|Bug Buzz|p1a: NegaiHoshi
|-supereffective|p1a: NegaiHoshi
|-damage|p1a: NegaiHoshi|69\/394
|-unboost|p1a: NegaiHoshi|spd|1
|
|-heal|p1a: NegaiHoshi|93\/394|[from] item: Leftovers
|turn|40
|
|move|p2a: Yanmega|Bug Buzz|p1a: NegaiHoshi
|-supereffective|p1a: NegaiHoshi
|-damage|p1a: NegaiHoshi|0 fnt
|faint|p1a: NegaiHoshi
|
|
|switch|p1a: Onimori|Crobat, M|233\/373
|-damage|p1a: Onimori|140\/373|[from] Stealth Rock
|turn|41
|
|switch|p2a: Steelix|Steelix, F|249\/354
|move|p1a: Onimori|U-turn|p2a: Steelix
|-resisted|p2a: Steelix
|-damage|p2a: Steelix|235\/354
|
|switch|p1a: Hikari|Suicune|162\/404
|-damage|p1a: Hikari|112\/404|[from] Stealth Rock
|-ability|p1a: Hikari|Pressure
|
|-heal|p2a: Steelix|257\/354|[from] item: Leftovers
|turn|42
|
|move|p1a: Hikari|Rest|p1a: Hikari
|-status|p1a: Hikari|slp
|-heal|p1a: Hikari|404\/404 slp|[silent]
|-status|p1a: Hikari|slp|[from] move: Rest
|move|p2a: Steelix|Dragon Tail|p1a: Hikari
|-crit|p1a: Hikari
|-damage|p1a: Hikari|352\/404 slp
|drag|p1a: Onimori|Crobat, M|140\/373
|-damage|p1a: Onimori|47\/373|[from] Stealth Rock
|
|-heal|p1a: Onimori|70\/373|[from] item: Black Sludge
|-heal|p2a: Steelix|279\/354|[from] item: Leftovers
|turn|43
|
|move|p1a: Onimori|Brave Bird|p2a: Steelix
|-resisted|p2a: Steelix
|-damage|p2a: Steelix|242\/354
|-damage|p1a: Onimori|58\/373|[from] recoil|[of] p2a: Steelix
|move|p2a: Steelix|Dragon Tail|p1a: Onimori
|-damage|p1a: Onimori|0 fnt
|faint|p1a: Onimori
|
|-heal|p2a: Steelix|264\/354|[from] item: Leftovers
|
|switch|p1a: Hikari|Suicune|352\/404 slp
|-damage|p1a: Hikari|302\/404 slp|[from] Stealth Rock
|-ability|p1a: Hikari|Pressure
|turn|44
|
|switch|p2a: Yanmega|Yanmega, F|313\/313
|cant|p1a: Hikari|slp
|move|p1a: Hikari|Sleep Talk|p1a: Hikari
|move|p1a: Hikari|Scald|p2a: Yanmega|[from]Sleep Talk
|-damage|p2a: Yanmega|171\/313
|
|turn|45
|
|move|p2a: Yanmega|Giga Drain|p1a: Hikari
|-supereffective|p1a: Hikari
|-damage|p1a: Hikari|46\/404 slp
|-heal|p2a: Yanmega|299\/313|[from] drain|[of] p1a: Hikari
|cant|p1a: Hikari|slp
|move|p1a: Hikari|Sleep Talk|p1a: Hikari
|move|p1a: Hikari|Scald|p2a: Yanmega|[from]Sleep Talk
|-damage|p2a: Yanmega|170\/313
|
|turn|46
|c|âSjir-sama|gg
|-message|Sjir-sama forfeited.
|
|win|SwiftRazor
|raw|Ladder updating...
|c|âSwiftRazor|gg
|raw|Sjir-sama's rating: 1471 &rarr; <strong>1444<\/strong><br \/>(-27 for losing)
|raw|SwiftRazor's rating: 1345 &rarr; <strong>1372<\/strong><br \/>(+27 for winning)
|leave|Sjir-sama
|player|p1