|join|VBD RW3
|join|Sjir-sama
|player|p1|VBD RW3|126
|player|p2|Sjir-sama|164
|gametype|singles
|gen|6
|tier|UU
|rated
|rule|Sleep Clause Mod: Limit one foe put to sleep
|rule|Species Clause: Limit one of each PokÃ©mon
|rule|OHKO Clause: OHKO moves are banned
|rule|Moody Clause: Moody is banned
|rule|Evasion Moves Clause: Evasion moves are banned
|rule|Endless Battle Clause: Forcing endless battles is banned
|rule|HP Percentage Mod: HP is shown in percentages
|clearpoke
|poke|p1|Machamp, M
|poke|p1|Umbreon, F
|poke|p1|Crobat, F
|poke|p1|Suicune
|poke|p1|Jirachi
|poke|p1|Nidoqueen, F
|poke|p2|Umbreon, F
|poke|p2|Jolteon, M
|poke|p2|Blastoise, M
|poke|p2|Chandelure, M
|poke|p2|Torterra, F
|poke|p2|Mienshao, M
|rule|Swagger Clause: Swagger is banned
|rule|Baton Pass Clause: Limit one PokÃ©mon knowing Baton Pass
|teampreview
|
|start
|switch|p1a: congeniality|Nidoqueen, F|340\/340
|switch|p2a: Jolteon|Jolteon, M|272\/272
|turn|1
|
|move|p2a: Jolteon|Hidden Power|p1a: congeniality
|-supereffective|p1a: congeniality
|-damage|p1a: congeniality|96\/340
|move|p1a: congeniality|Earth Power|p2a: Jolteon
|-supereffective|p2a: Jolteon
|-damage|p2a: Jolteon|0 fnt
|faint|p2a: Jolteon
|
|
|switch|p2a: Shiranui|Chandelure, M|261\/261
|turn|2
|
|switch|p1a: eating it up tbh|Umbreon, F|394\/394
|move|p2a: Shiranui|Shadow Ball|p1a: eating it up tbh
|-resisted|p1a: eating it up tbh
|-damage|p1a: eating it up tbh|344\/394
|
|-heal|p1a: eating it up tbh|368\/394|[from] item: Leftovers
|turn|3
|
|switch|p2a: Shorinji|Mienshao, M|271\/271
|switch|p1a: congeniality|Nidoqueen, F|96\/340
|
|turn|4
|
|switch|p1a: eating it up tbh|Umbreon, F|368\/394
|move|p2a: Shorinji|Knock Off|p1a: eating it up tbh
|-resisted|p1a: eating it up tbh
|-damage|p1a: eating it up tbh|304\/394
|-enditem|p1a: eating it up tbh|Leftovers|[from] move: Knock Off|[of] p2a: Shorinji
|-damage|p2a: Shorinji|244\/271|[from] item: Life Orb
|
|turn|5
|
|move|p1a: eating it up tbh|Protect|p1a: eating it up tbh
|-singleturn|p1a: eating it up tbh|Protect
|move|p2a: Shorinji|Knock Off|p1a: eating it up tbh
|-activate|p1a: eating it up tbh|Protect
|
|turn|6
|
|switch|p1a: got2 go fehst|Crobat, F|374\/374
|move|p2a: Shorinji|Knock Off|p1a: got2 go fehst
|-damage|p1a: got2 go fehst|206\/374
|-enditem|p1a: got2 go fehst|Black Sludge|[from] move: Knock Off|[of] p2a: Shorinji
|-damage|p2a: Shorinji|217\/271|[from] item: Life Orb
|
|turn|7
|
|switch|p2a: Hiruko|Blastoise, M|362\/362
|move|p1a: got2 go fehst|Brave Bird|p2a: Hiruko
|-damage|p2a: Hiruko|256\/362
|-damage|p1a: got2 go fehst|171\/374|[from] recoil|[of] p2a: Hiruko
|
|turn|8
|
|detailschange|p2a: Hiruko|Blastoise-Mega, M
|message|Blastoise has Mega Evolved into Mega Blastoise!
|move|p1a: got2 go fehst|U-turn|p2a: Hiruko
|-damage|p2a: Hiruko|218\/362
|
|switch|p1a: eating it up tbh|Umbreon, F|304\/394
|move|p2a: Hiruko|Scald|p1a: eating it up tbh
|-damage|p1a: eating it up tbh|228\/394
|
|turn|9
|
|switch|p2a: Shorinji|Mienshao, M|271\/271
|move|p1a: eating it up tbh|Wish|p1a: eating it up tbh
|
|turn|10
|
|move|p2a: Shorinji|Knock Off|p1a: eating it up tbh
|-resisted|p1a: eating it up tbh
|-damage|p1a: eating it up tbh|183\/394
|-damage|p2a: Shorinji|244\/271|[from] item: Life Orb
|move|p1a: eating it up tbh|Foul Play|p2a: Shorinji
|-resisted|p2a: Shorinji
|-damage|p2a: Shorinji|112\/271
|
|-heal|p1a: eating it up tbh|380\/394|[from] move: Wish|[wisher] eating it up tbh
|turn|11
|
|move|p1a: eating it up tbh|Protect|p1a: eating it up tbh
|-singleturn|p1a: eating it up tbh|Protect
|move|p2a: Shorinji|U-turn|p1a: eating it up tbh
|-activate|p1a: eating it up tbh|Protect
|
|turn|12
|
|move|p2a: Shorinji|High Jump Kick|p1a: eating it up tbh
|-supereffective|p1a: eating it up tbh
|-damage|p1a: eating it up tbh|0 fnt
|-damage|p2a: Shorinji|85\/271|[from] item: Life Orb
|faint|p1a: eating it up tbh
|
|
|switch|p1a: got2 go fehst|Crobat, F|171\/374
|turn|13
|
|switch|p2a: NegaiHoshi|Umbreon, F|394\/394
|move|p1a: got2 go fehst|Brave Bird|p2a: NegaiHoshi
|-crit|p2a: NegaiHoshi
|-damage|p2a: NegaiHoshi|181\/394
|-damage|p1a: got2 go fehst|101\/374|[from] recoil|[of] p2a: NegaiHoshi
|
|-heal|p2a: NegaiHoshi|205\/394|[from] item: Leftovers
|turn|14
|
|move|p2a: NegaiHoshi|Protect|p2a: NegaiHoshi
|-singleturn|p2a: NegaiHoshi|Protect
|move|p1a: got2 go fehst|U-turn|p2a: NegaiHoshi
|-activate|p2a: NegaiHoshi|Protect
|
|-heal|p2a: NegaiHoshi|229\/394|[from] item: Leftovers
|turn|15
|
|move|p1a: got2 go fehst|U-turn|p2a: NegaiHoshi
|-supereffective|p2a: NegaiHoshi
|-damage|p2a: NegaiHoshi|123\/394
|
|switch|p1a: rip in pasta|Machamp, M|382\/382
|move|p2a: NegaiHoshi|Wish|p2a: NegaiHoshi
|
|-heal|p2a: NegaiHoshi|147\/394|[from] item: Leftovers
|turn|16
|
|move|p2a: NegaiHoshi|Protect|p2a: NegaiHoshi
|-singleturn|p2a: NegaiHoshi|Protect
|move|p1a: rip in pasta|Close Combat|p2a: NegaiHoshi
|-activate|p2a: NegaiHoshi|Protect
|
|-heal|p2a: NegaiHoshi|344\/394|[from] move: Wish|[wisher] NegaiHoshi
|-heal|p2a: NegaiHoshi|368\/394|[from] item: Leftovers
|turn|17
|
|switch|p2a: Shiranui|Chandelure, M|261\/261
|switch|p1a: anus ribbons|Suicune|404\/404
|-ability|p1a: anus ribbons|Pressure
|
|turn|18
|
|move|p2a: Shiranui|Trick|p1a: anus ribbons
|-activate|p2a: Shiranui|move: Trick|[of] p1a: anus ribbons
|-item|p1a: anus ribbons|Choice Scarf|[from] move: Trick
|-item|p2a: Shiranui|Leftovers|[from] move: Trick
|move|p1a: anus ribbons|Scald|p2a: Shiranui
|-supereffective|p2a: Shiranui
|-damage|p2a: Shiranui|81\/261
|
|-heal|p2a: Shiranui|97\/261|[from] item: Leftovers
|turn|19
|
|switch|p2a: NegaiHoshi|Umbreon, F|368\/394
|move|p1a: anus ribbons|Scald|p2a: NegaiHoshi
|-damage|p2a: NegaiHoshi|314\/394
|
|-heal|p2a: NegaiHoshi|338\/394|[from] item: Leftovers
|turn|20
|
|switch|p1a: rip in pasta|Machamp, M|382\/382
|move|p2a: NegaiHoshi|Wish|p2a: NegaiHoshi
|
|-heal|p2a: NegaiHoshi|362\/394|[from] item: Leftovers
|turn|21
|
|switch|p2a: Hiruko|Blastoise-Mega, M|218\/362
|move|p1a: rip in pasta|Knock Off|p2a: Hiruko
|-damage|p2a: Hiruko|138\/362
|
|-heal|p2a: Hiruko|335\/362|[from] move: Wish|[wisher] NegaiHoshi
|turn|22
|
|switch|p1a: congeniality|Nidoqueen, F|96\/340
|move|p2a: Hiruko|Scald|p1a: congeniality
|-supereffective|p1a: congeniality
|-damage|p1a: congeniality|0 fnt
|faint|p1a: congeniality
|
|
|switch|p1a: rip in pasta|Machamp, M|382\/382
|turn|23
|
|switch|p2a: Shiranui|Chandelure, M|97\/261
|move|p1a: rip in pasta|Close Combat|p2a: Shiranui
|-immune|p2a: Shiranui|[msg]
|
|-heal|p2a: Shiranui|113\/261|[from] item: Leftovers
|turn|24
|
|switch|p1a: anus ribbons|Suicune|404\/404
|-ability|p1a: anus ribbons|Pressure
|move|p2a: Shiranui|Fire Blast|p1a: anus ribbons|[miss]
|-miss|p2a: Shiranui|p1a: anus ribbons
|
|-heal|p2a: Shiranui|129\/261|[from] item: Leftovers
|turn|25
|
|switch|p1a: rip in pasta|Machamp, M|382\/382
|switch|p2a: NegaiHoshi|Umbreon, F|362\/394
|
|-heal|p2a: NegaiHoshi|386\/394|[from] item: Leftovers
|turn|26
|
|move|p2a: NegaiHoshi|Protect|p2a: NegaiHoshi
|-singleturn|p2a: NegaiHoshi|Protect
|move|p1a: rip in pasta|Close Combat|p2a: NegaiHoshi
|-activate|p2a: NegaiHoshi|Protect
|
|-heal|p2a: NegaiHoshi|394\/394|[from] item: Leftovers
|turn|27
|
|switch|p2a: Shiranui|Chandelure, M|129\/261
|move|p1a: rip in pasta|Close Combat|p2a: Shiranui
|-immune|p2a: Shiranui|[msg]
|
|-heal|p2a: Shiranui|145\/261|[from] item: Leftovers
|turn|28
|
|switch|p1a: anus ribbons|Suicune|404\/404
|-ability|p1a: anus ribbons|Pressure
|move|p2a: Shiranui|Shadow Ball|p1a: anus ribbons
|-damage|p1a: anus ribbons|254\/404
|
|-heal|p2a: Shiranui|161\/261|[from] item: Leftovers
|turn|29
|
|switch|p2a: NegaiHoshi|Umbreon, F|394\/394
|move|p1a: anus ribbons|Scald|p2a: NegaiHoshi
|-damage|p2a: NegaiHoshi|342\/394
|
|-heal|p2a: NegaiHoshi|366\/394|[from] item: Leftovers
|turn|30
|
|switch|p1a: rip in pasta|Machamp, M|382\/382
|move|p2a: NegaiHoshi|Foul Play|p1a: rip in pasta
|-resisted|p1a: rip in pasta
|-damage|p1a: rip in pasta|262\/382
|
|-heal|p2a: NegaiHoshi|390\/394|[from] item: Leftovers
|turn|31
|
|move|p2a: NegaiHoshi|Protect|p2a: NegaiHoshi
|-singleturn|p2a: NegaiHoshi|Protect
|move|p1a: rip in pasta|Close Combat|p2a: NegaiHoshi
|-activate|p2a: NegaiHoshi|Protect
|
|-heal|p2a: NegaiHoshi|394\/394|[from] item: Leftovers
|turn|32
|
|switch|p2a: Matsumi|Torterra, F|394\/394
|move|p1a: rip in pasta|Close Combat|p2a: Matsumi
|-damage|p2a: Matsumi|162\/394
|-unboost|p1a: rip in pasta|def|1
|-unboost|p1a: rip in pasta|spd|1
|
|-heal|p2a: Matsumi|186\/394|[from] item: Leftovers
|turn|33
|-message|VBD RW3 forfeited.
|
|win|Sjir-sama
|raw|Ladder updating...
|raw|VBD RW3's rating: 1559 &rarr; <strong>1529<\/strong><br \/>(-30 for losing)
|raw|Sjir-sama's rating: 1366 &rarr; <strong>1396<\/strong><br \/>(+30 for winning)
|leave|VBD RW3
|player|p1