|join|Sjir-sama
|join|SandScor
|player|p1|Sjir-sama|164
|player|p2|SandScor|102
|gametype|singles
|gen|6
|tier|UU
|rated
|rule|Sleep Clause Mod: Limit one foe put to sleep
|rule|Species Clause: Limit one of each PokÃ©mon
|rule|OHKO Clause: OHKO moves are banned
|rule|Moody Clause: Moody is banned
|rule|Evasion Moves Clause: Evasion moves are banned
|rule|Endless Battle Clause: Forcing endless battles is banned
|rule|HP Percentage Mod: HP is shown in percentages
|clearpoke
|poke|p1|Jolteon, M
|poke|p1|Torterra, M
|poke|p1|Umbreon, F
|poke|p1|Blastoise, M
|poke|p1|Mienshao, M
|poke|p1|Chandelure, F
|poke|p2|Metagross
|poke|p2|Mew
|poke|p2|Shaymin
|poke|p2|Haxorus, F
|poke|p2|Arcanine, M
|poke|p2|Hitmonchan, M
|rule|Swagger Clause: Swagger is banned
|rule|Baton Pass Clause: Limit one PokÃ©mon knowing Baton Pass
|teampreview
|
|start
|switch|p1a: Susano|Jolteon, M|272\/272
|switch|p2a: Arcanine|Arcanine, M|384\/384
|-ability|p2a: Arcanine|Intimidate|[of] p1a: Susano
|-unboost|p1a: Susano|atk|1
|turn|1
|
|switch|p2a: Mew|Mew|404\/404
|move|p1a: Susano|Volt Switch|p2a: Mew
|-damage|p2a: Mew|287\/404
|
|switch|p1a: Shorinji|Mienshao, M|271\/271
|
|-heal|p2a: Mew|312\/404|[from] item: Leftovers
|turn|2
|
|switch|p2a: Arcanine|Arcanine, M|384\/384
|-ability|p2a: Arcanine|Intimidate|[of] p1a: Shorinji
|-unboost|p1a: Shorinji|atk|1
|move|p1a: Shorinji|Knock Off|p2a: Arcanine
|-damage|p2a: Arcanine|307\/384
|-enditem|p2a: Arcanine|Leftovers|[from] move: Knock Off|[of] p1a: Shorinji
|-damage|p1a: Shorinji|244\/271|[from] item: Life Orb
|
|turn|3
|
|switch|p1a: Shiranui|Chandelure, F|261\/261
|move|p2a: Arcanine|Will-O-Wisp|p1a: Shiranui
|-start|p1a: Shiranui|ability: Flash Fire
|
|turn|4
|
|switch|p2a: Haxorus|Haxorus, F|297\/297
|-ability|p2a: Haxorus|Mold Breaker
|move|p1a: Shiranui|Fire Blast|p2a: Haxorus
|-resisted|p2a: Haxorus
|-damage|p2a: Haxorus|66\/297
|
|turn|5
|
|move|p2a: Haxorus|Earthquake|p1a: Shiranui
|-supereffective|p1a: Shiranui
|-damage|p1a: Shiranui|0 fnt
|faint|p1a: Shiranui
|
|
|switch|p1a: Matsumi|Torterra, M|394\/394
|turn|6
|
|switch|p2a: Hitmonchan|Hitmonchan, M|304\/304
|move|p1a: Matsumi|Stealth Rock|p2a: Hitmonchan
|-sidestart|p2: SandScor|move: Stealth Rock
|
|turn|7
|
|move|p2a: Hitmonchan|Rapid Spin|p1a: Matsumi
|-damage|p1a: Matsumi|379\/394
|-sideend|p2: SandScor|Stealth Rock|[from] move: Rapid Spin|[of] p2a: Hitmonchan
|move|p1a: Matsumi|Wood Hammer|p2a: Hitmonchan
|-damage|p2a: Hitmonchan|124\/304
|-damage|p1a: Matsumi|320\/394|[from] recoil|[of] p2a: Hitmonchan
|
|-heal|p1a: Matsumi|344\/394|[from] item: Leftovers
|turn|8
|
|switch|p1a: Hiruko|Blastoise, M|362\/362
|move|p2a: Hitmonchan|Ice Punch|p1a: Hiruko
|-resisted|p1a: Hiruko
|-damage|p1a: Hiruko|326\/362
|
|turn|9
|
|switch|p1a: Susano|Jolteon, M|272\/272
|switch|p2a: Shaymin|Shaymin|342\/342
|
|turn|10
|
|move|p1a: Susano|Volt Switch|p2a: Shaymin
|-resisted|p2a: Shaymin
|-damage|p2a: Shaymin|264\/342
|
|switch|p1a: NegaiHoshi|Umbreon, F|394\/394
|move|p2a: Shaymin|Seed Flare|p1a: NegaiHoshi
|-damage|p1a: NegaiHoshi|283\/394
|
|-heal|p2a: Shaymin|285\/342|[from] item: Leftovers
|-heal|p1a: NegaiHoshi|307\/394|[from] item: Leftovers
|turn|11
|
|move|p2a: Shaymin|Leech Seed|p1a: NegaiHoshi
|-start|p1a: NegaiHoshi|move: Leech Seed
|move|p1a: NegaiHoshi|Wish|p1a: NegaiHoshi
|
|-heal|p2a: Shaymin|306\/342|[from] item: Leftovers
|-heal|p1a: NegaiHoshi|331\/394|[from] item: Leftovers
|-damage|p1a: NegaiHoshi|282\/394|[from] Leech Seed|[of] p2a: Shaymin
|-heal|p2a: Shaymin|342\/342|[silent]
|turn|12
|
|move|p2a: Shaymin|Seed Flare|p1a: NegaiHoshi
|-damage|p1a: NegaiHoshi|165\/394
|move|p1a: NegaiHoshi|Foul Play|p2a: Shaymin
|-damage|p2a: Shaymin|251\/342
|
|-heal|p1a: NegaiHoshi|362\/394|[from] move: Wish|[wisher] NegaiHoshi
|-heal|p2a: Shaymin|272\/342|[from] item: Leftovers
|-heal|p1a: NegaiHoshi|386\/394|[from] item: Leftovers
|-damage|p1a: NegaiHoshi|337\/394|[from] Leech Seed|[of] p2a: Shaymin
|-heal|p2a: Shaymin|321\/342|[silent]
|turn|13
|
|switch|p2a: Hitmonchan|Hitmonchan, M|124\/304
|switch|p1a: Shorinji|Mienshao, M|271\/271
|
|turn|14
|
|switch|p2a: Arcanine|Arcanine, M|307\/384
|-ability|p2a: Arcanine|Intimidate|[of] p1a: Shorinji
|-unboost|p1a: Shorinji|atk|1
|move|p1a: Shorinji|High Jump Kick|p2a: Arcanine
|-damage|p2a: Arcanine|134\/384
|-damage|p1a: Shorinji|244\/271|[from] item: Life Orb
|
|turn|15
|
|switch|p2a: Mew|Mew|312\/404
|move|p1a: Shorinji|High Jump Kick|p2a: Mew
|-resisted|p2a: Mew
|-damage|p2a: Mew|211\/404
|-damage|p1a: Shorinji|217\/271|[from] item: Life Orb
|
|-heal|p2a: Mew|236\/404|[from] item: Leftovers
|turn|16
|
|move|p1a: Shorinji|U-turn|p2a: Mew
|-supereffective|p2a: Mew
|-damage|p2a: Mew|98\/404
|-damage|p1a: Shorinji|190\/271|[from] item: Life Orb
|
|switch|p1a: Susano|Jolteon, M|272\/272
|move|p2a: Mew|Roost|p2a: Mew
|-heal|p2a: Mew|300\/404
|
|-heal|p2a: Mew|325\/404|[from] item: Leftovers
|turn|17
|
|move|p1a: Susano|Volt Switch|p2a: Mew
|-damage|p2a: Mew|198\/404
|
|switch|p1a: NegaiHoshi|Umbreon, F|337\/394
|move|p2a: Mew|Stealth Rock|p1a: NegaiHoshi
|-sidestart|p1: Sjir-sama|move: Stealth Rock
|
|-heal|p2a: Mew|223\/404|[from] item: Leftovers
|-heal|p1a: NegaiHoshi|361\/394|[from] item: Leftovers
|turn|18
|
|switch|p2a: Hitmonchan|Hitmonchan, M|124\/304
|move|p1a: NegaiHoshi|Foul Play|p2a: Hitmonchan
|-resisted|p2a: Hitmonchan
|-damage|p2a: Hitmonchan|31\/304
|
|-heal|p1a: NegaiHoshi|385\/394|[from] item: Leftovers
|turn|19
|
|switch|p1a: Hiruko|Blastoise, M|326\/362
|-damage|p1a: Hiruko|281\/362|[from] Stealth Rock
|move|p2a: Hitmonchan|Drain Punch|p1a: Hiruko
|-damage|p1a: Hiruko|176\/362
|-heal|p2a: Hitmonchan|84\/304|[from] drain|[of] p1a: Hiruko
|
|turn|20
|
|detailschange|p1a: Hiruko|Blastoise-Mega, M
|message|Blastoise has Mega Evolved into Mega Blastoise!
|move|p1a: Hiruko|Water Pulse|p2a: Hitmonchan
|-damage|p2a: Hitmonchan|5\/304
|-start|p2a: Hitmonchan|confusion
|-activate|p2a: Hitmonchan|confusion
|move|p2a: Hitmonchan|Drain Punch|p1a: Hiruko
|-damage|p1a: Hiruko|83\/362
|-heal|p2a: Hitmonchan|52\/304|[from] drain|[of] p1a: Hiruko
|
|turn|21
|
|switch|p2a: Shaymin|Shaymin|321\/342
|move|p1a: Hiruko|Aura Sphere|p2a: Shaymin
|-damage|p2a: Shaymin|204\/342
|
|-heal|p2a: Shaymin|225\/342|[from] item: Leftovers
|turn|22
|
|move|p2a: Shaymin|Seed Flare|p1a: Hiruko
|-supereffective|p1a: Hiruko
|-damage|p1a: Hiruko|0 fnt
|faint|p1a: Hiruko
|
|-heal|p2a: Shaymin|246\/342|[from] item: Leftovers
|
|switch|p1a: Shorinji|Mienshao, M|271\/271
|-damage|p1a: Shorinji|255\/271|[from] Stealth Rock
|turn|23
|
|switch|p2a: Arcanine|Arcanine, M|134\/384
|-ability|p2a: Arcanine|Intimidate|[of] p1a: Shorinji
|-unboost|p1a: Shorinji|atk|1
|move|p1a: Shorinji|High Jump Kick|p2a: Arcanine|[miss]
|-miss|p1a: Shorinji|p2a: Arcanine
|-damage|p1a: Shorinji|120\/271|[from] highjumpkick
|
|turn|24
|
|switch|p1a: Susano|Jolteon, M|272\/272
|-damage|p1a: Susano|238\/272|[from] Stealth Rock
|switch|p2a: Mew|Mew|223\/404
|
|-heal|p2a: Mew|248\/404|[from] item: Leftovers
|turn|25
|
|move|p1a: Susano|Shadow Ball|p2a: Mew
|-supereffective|p2a: Mew
|-damage|p2a: Mew|74\/404
|move|p2a: Mew|Roost|p2a: Mew
|-heal|p2a: Mew|276\/404
|
|-heal|p2a: Mew|301\/404|[from] item: Leftovers
|turn|26
|
|move|p1a: Susano|Shadow Ball|p2a: Mew
|-supereffective|p2a: Mew
|-damage|p2a: Mew|121\/404
|move|p2a: Mew|Roost|p2a: Mew
|-heal|p2a: Mew|323\/404
|
|-heal|p2a: Mew|348\/404|[from] item: Leftovers
|turn|27
|
|move|p1a: Susano|Shadow Ball|p2a: Mew
|-supereffective|p2a: Mew
|-damage|p2a: Mew|166\/404
|move|p2a: Mew|Psychic|p1a: Susano
|-damage|p1a: Susano|133\/272
|
|-heal|p2a: Mew|191\/404|[from] item: Leftovers
|turn|28
|
|move|p1a: Susano|Shadow Ball|p2a: Mew
|-supereffective|p2a: Mew
|-damage|p2a: Mew|23\/404
|-unboost|p2a: Mew|spd|1
|move|p2a: Mew|Roost|p2a: Mew
|-heal|p2a: Mew|225\/404
|
|-heal|p2a: Mew|250\/404|[from] item: Leftovers
|turn|29
|
|switch|p2a: Haxorus|Haxorus, F|66\/297
|-ability|p2a: Haxorus|Mold Breaker
|move|p1a: Susano|Shadow Ball|p2a: Haxorus
|-damage|p2a: Haxorus|0 fnt
|faint|p2a: Haxorus
|
|
|switch|p2a: Shaymin|Shaymin|246\/342
|turn|30
|
|move|p1a: Susano|Shadow Ball|p2a: Shaymin
|-damage|p2a: Shaymin|115\/342
|move|p2a: Shaymin|Seed Flare|p1a: Susano
|-damage|p1a: Susano|0 fnt
|faint|p1a: Susano
|
|-heal|p2a: Shaymin|136\/342|[from] item: Leftovers
|
|switch|p1a: Shorinji|Mienshao, M|210\/271
|-damage|p1a: Shorinji|194\/271|[from] Stealth Rock
|turn|31
|
|move|p1a: Shorinji|U-turn|p2a: Shaymin
|-supereffective|p2a: Shaymin
|-damage|p2a: Shaymin|0 fnt
|-damage|p1a: Shorinji|167\/271|[from] item: Life Orb
|faint|p2a: Shaymin
|
|switch|p1a: Matsumi|Torterra, M|344\/394
|-damage|p1a: Matsumi|320\/394|[from] Stealth Rock
|
|-heal|p1a: Matsumi|344\/394|[from] item: Leftovers
|
|switch|p2a: Hitmonchan|Hitmonchan, M|52\/304
|turn|32
|
|move|p2a: Hitmonchan|Ice Punch|p1a: Matsumi
|-supereffective|p1a: Matsumi
|-damage|p1a: Matsumi|52\/394
|-status|p1a: Matsumi|frz
|cant|p1a: Matsumi|frz
|
|-heal|p1a: Matsumi|76\/394 frz|[from] item: Leftovers
|turn|33
|
|move|p2a: Hitmonchan|Drain Punch|p1a: Matsumi
|-crit|p1a: Matsumi
|-damage|p1a: Matsumi|0 fnt
|-heal|p2a: Hitmonchan|90\/304|[from] drain|[of] p1a: Matsumi
|faint|p1a: Matsumi
|
|
|switch|p1a: Shorinji|Mienshao, M|257\/271
|-damage|p1a: Shorinji|241\/271|[from] Stealth Rock
|turn|34
|
|switch|p2a: Arcanine|Arcanine, M|134\/384
|-ability|p2a: Arcanine|Intimidate|[of] p1a: Shorinji
|-unboost|p1a: Shorinji|atk|1
|move|p1a: Shorinji|High Jump Kick|p2a: Arcanine
|-damage|p2a: Arcanine|0 fnt
|-damage|p1a: Shorinji|214\/271|[from] item: Life Orb
|faint|p2a: Arcanine
|
|
|switch|p2a: Metagross|Metagross|364\/364
|turn|35
|
|move|p1a: Shorinji|U-turn|p2a: Metagross
|-damage|p2a: Metagross|308\/364
|-damage|p1a: Shorinji|187\/271|[from] item: Life Orb
|
|switch|p1a: NegaiHoshi|Umbreon, F|385\/394
|-damage|p1a: NegaiHoshi|336\/394|[from] Stealth Rock
|move|p2a: Metagross|Meteor Mash|p1a: NegaiHoshi
|-damage|p1a: NegaiHoshi|180\/394
|
|-heal|p1a: NegaiHoshi|204\/394|[from] item: Leftovers
|turn|36
|
|move|p2a: Metagross|Meteor Mash|p1a: NegaiHoshi
|-damage|p1a: NegaiHoshi|45\/394
|-boost|p2a: Metagross|atk|1
|move|p1a: NegaiHoshi|Foul Play|p2a: Metagross
|-supereffective|p2a: Metagross
|-damage|p2a: Metagross|0 fnt
|faint|p2a: Metagross
|
|-heal|p1a: NegaiHoshi|69\/394|[from] item: Leftovers
|
|switch|p2a: Hitmonchan|Hitmonchan, M|90\/304
|turn|37
|
|move|p1a: NegaiHoshi|Protect|p1a: NegaiHoshi
|-singleturn|p1a: NegaiHoshi|Protect
|move|p2a: Hitmonchan|Drain Punch|p1a: NegaiHoshi
|-activate|p1a: NegaiHoshi|Protect
|
|-heal|p1a: NegaiHoshi|93\/394|[from] item: Leftovers
|turn|38
|join|bagelsha
|
|move|p2a: Hitmonchan|Drain Punch|p1a: NegaiHoshi
|-supereffective|p1a: NegaiHoshi
|-damage|p1a: NegaiHoshi|0 fnt
|-heal|p2a: Hitmonchan|137\/304|[from] drain|[of] p1a: NegaiHoshi
|faint|p1a: NegaiHoshi
|
|
|switch|p1a: Shorinji|Mienshao, M|271\/271
|-damage|p1a: Shorinji|255\/271|[from] Stealth Rock
|turn|39
|
|move|p1a: Shorinji|High Jump Kick|p2a: Hitmonchan
|-damage|p2a: Hitmonchan|0 fnt
|-damage|p1a: Shorinji|228\/271|[from] item: Life Orb
|faint|p2a: Hitmonchan
|
|
|switch|p2a: Mew|Mew|250\/404
|turn|40
|
|move|p1a: Shorinji|Knock Off|p2a: Mew
|-supereffective|p2a: Mew
|-damage|p2a: Mew|0 fnt
|-enditem|p2a: Mew|Leftovers|[from] move: Knock Off|[of] p1a: Shorinji
|-damage|p1a: Shorinji|201\/271|[from] item: Life Orb
|faint|p2a: Mew
|
|win|Sjir-sama
|raw|Ladder updating...
|c|âSjir-sama|gg
|c|âSandScor|gg
|raw|Sjir-sama's rating: 1500 &rarr; <strong>1514<\/strong><br \/>(+14 for winning)
|raw|SandScor's rating: 1395 &rarr; <strong>1381<\/strong><br \/>(-14 for losing)
|leave|bagelsha