|join|xMarth
|join|Sjir-sama
|player|p1|xMarth|153
|player|p2|Sjir-sama|164
|gametype|singles
|gen|6
|tier|UU
|rated
|rule|Sleep Clause Mod: Limit one foe put to sleep
|rule|Species Clause: Limit one of each PokÃ©mon
|rule|OHKO Clause: OHKO moves are banned
|rule|Moody Clause: Moody is banned
|rule|Evasion Moves Clause: Evasion moves are banned
|rule|Endless Battle Clause: Forcing endless battles is banned
|rule|HP Percentage Mod: HP is shown in percentages
|clearpoke
|poke|p1|Umbreon, F
|poke|p1|Gligar, F
|poke|p1|Tentacruel, F
|poke|p1|Jirachi
|poke|p1|Hydreigon, F
|poke|p1|Raikou
|poke|p2|Jolteon, M
|poke|p2|Torterra, M
|poke|p2|Umbreon, F
|poke|p2|Blastoise, M
|poke|p2|Mienshao, M
|poke|p2|Chandelure, F
|rule|Swagger Clause: Swagger is banned
|rule|Baton Pass Clause: Limit one PokÃ©mon knowing Baton Pass
|teampreview
|
|start
|switch|p1a: Jirachi|Jirachi|341\/341
|switch|p2a: Shorinji|Mienshao, M|271\/271
|turn|1
|
|move|p1a: Jirachi|U-turn|p2a: Shorinji
|-resisted|p2a: Shorinji
|-damage|p2a: Shorinji|214\/271
|
|switch|p1a: Tentacruel|Tentacruel, F|364\/364
|move|p2a: Shorinji|Knock Off|p1a: Tentacruel
|-damage|p1a: Tentacruel|234\/364
|-enditem|p1a: Tentacruel|Black Sludge|[from] move: Knock Off|[of] p2a: Shorinji
|-damage|p2a: Shorinji|187\/271|[from] item: Life Orb
|
|turn|2
|
|move|p2a: Shorinji|U-turn|p1a: Tentacruel
|-resisted|p1a: Tentacruel
|-damage|p1a: Tentacruel|185\/364
|-damage|p2a: Shorinji|160\/271|[from] item: Life Orb
|
|switch|p2a: Susano|Jolteon, M|272\/272
|move|p1a: Tentacruel|Toxic Spikes|p2a: Susano
|-sidestart|p2: Sjir-sama|move: Toxic Spikes
|
|turn|3
|
|switch|p1a: Hydreigon|Hydreigon, F|325\/325
|move|p2a: Susano|Volt Switch|p1a: Hydreigon
|-resisted|p1a: Hydreigon
|-damage|p1a: Hydreigon|229\/325
|
|switch|p2a: NegaiHoshi|Umbreon, F|394\/394
|-status|p2a: NegaiHoshi|psn
|
|-damage|p2a: NegaiHoshi|345\/394 psn|[from] psn
|turn|4
|
|switch|p1a: Gligar|Gligar, F|333\/333
|move|p2a: NegaiHoshi|Wish|p2a: NegaiHoshi
|
|-heal|p2a: NegaiHoshi|369\/394 psn|[from] item: Leftovers
|-damage|p2a: NegaiHoshi|320\/394 psn|[from] psn
|turn|5
|
|switch|p2a: Hiruko|Blastoise, M|362\/362
|-status|p2a: Hiruko|psn
|move|p1a: Gligar|U-turn|p2a: Hiruko
|-damage|p2a: Hiruko|333\/362 psn
|
|switch|p1a: Raikou|Raikou|322\/322
|-ability|p1a: Raikou|Pressure
|
|-heal|p2a: Hiruko|362\/362 psn|[from] move: Wish|[wisher] NegaiHoshi
|-damage|p2a: Hiruko|317\/362 psn|[from] psn
|turn|6
|
|switch|p2a: Susano|Jolteon, M|272\/272
|-status|p2a: Susano|psn
|move|p1a: Raikou|Calm Mind|p1a: Raikou
|-boost|p1a: Raikou|spa|1
|-boost|p1a: Raikou|spd|1
|
|-damage|p2a: Susano|238\/272 psn|[from] psn
|turn|7
|
|move|p2a: Susano|Shadow Ball|p1a: Raikou
|-damage|p1a: Raikou|240\/322
|move|p1a: Raikou|Calm Mind|p1a: Raikou
|-boost|p1a: Raikou|spa|1
|-boost|p1a: Raikou|spd|1
|
|-heal|p1a: Raikou|260\/322|[from] item: Leftovers
|-damage|p2a: Susano|204\/272 psn|[from] psn
|turn|8
|
|switch|p2a: NegaiHoshi|Umbreon, F|320\/394 psn
|move|p1a: Raikou|Substitute|p1a: Raikou
|-start|p1a: Raikou|Substitute
|-damage|p1a: Raikou|180\/322
|
|-heal|p1a: Raikou|200\/322|[from] item: Leftovers
|-heal|p2a: NegaiHoshi|344\/394 psn|[from] item: Leftovers
|-damage|p2a: NegaiHoshi|295\/394 psn|[from] psn
|turn|9
|
|move|p1a: Raikou|Thunderbolt|p2a: NegaiHoshi
|-damage|p2a: NegaiHoshi|123\/394 psn
|move|p2a: NegaiHoshi|Foul Play|p1a: Raikou
|-end|p1a: Raikou|Substitute
|
|-heal|p1a: Raikou|220\/322|[from] item: Leftovers
|-heal|p2a: NegaiHoshi|147\/394 psn|[from] item: Leftovers
|-damage|p2a: NegaiHoshi|98\/394 psn|[from] psn
|turn|10
|
|move|p1a: Raikou|Thunderbolt|p2a: NegaiHoshi
|-damage|p2a: NegaiHoshi|0 fnt
|faint|p2a: NegaiHoshi
|
|-heal|p1a: Raikou|240\/322|[from] item: Leftovers
|
|switch|p2a: Matsumi|Torterra, M|394\/394
|-status|p2a: Matsumi|psn
|turn|11
|join|YoungLegend
|
|move|p1a: Raikou|Hidden Power|p2a: Matsumi
|-supereffective|p2a: Matsumi
|-damage|p2a: Matsumi|0 fnt
|faint|p2a: Matsumi
|
|-heal|p1a: Raikou|260\/322|[from] item: Leftovers
|c|âSjir-sama|gg
|-message|Sjir-sama forfeited.
|
|win|xMarth
|raw|Ladder updating...
|leave|Sjir-sama
|player|p2
|raw|xMarth's rating: 1669 &rarr; <strong>1678<\/strong><br \/>(+9 for winning)
|raw|Sjir-sama's rating: 1462 &rarr; <strong>1453<\/strong><br \/>(-9 for losing)