|join|Dread Plate
|join|Sjir-sama
|player|p1|Dread Plate|248
|player|p2|Sjir-sama|164
|gametype|singles
|gen|6
|tier|UU
|rated
|rule|Sleep Clause Mod: Limit one foe put to sleep
|rule|Species Clause: Limit one of each PokÃ©mon
|rule|OHKO Clause: OHKO moves are banned
|rule|Moody Clause: Moody is banned
|rule|Evasion Moves Clause: Evasion moves are banned
|rule|Endless Battle Clause: Forcing endless battles is banned
|rule|HP Percentage Mod: HP is shown in percentages
|clearpoke
|poke|p1|Hydreigon, M
|poke|p1|Haxorus, M, shiny
|poke|p1|Jirachi
|poke|p1|Tentacruel, M
|poke|p1|Florges, F
|poke|p1|Chesnaught, M, shiny
|poke|p2|Sceptile, M
|poke|p2|Infernape, M
|poke|p2|Crobat, M
|poke|p2|Umbreon, F
|poke|p2|Rhyperior, F
|poke|p2|Suicune
|rule|Swagger Clause: Swagger is banned
|rule|Baton Pass Clause: Limit one PokÃ©mon knowing Baton Pass
|teampreview
|
|start
|switch|p1a: Jirachi|Jirachi|404\/404
|switch|p2a: Onimori|Crobat, M|373\/373
|turn|1
|
|switch|p2a: Hikari|Suicune|404\/404
|-ability|p2a: Hikari|Pressure
|move|p1a: Jirachi|Thunder Wave|p2a: Hikari
|-status|p2a: Hikari|par
|
|turn|2
|
|move|p1a: Jirachi|Stealth Rock|p2a: Hikari
|-sidestart|p2: Sjir-sama|move: Stealth Rock
|move|p2a: Hikari|Scald|p1a: Jirachi
|-damage|p1a: Jirachi|335\/404
|
|-heal|p1a: Jirachi|360\/404|[from] item: Leftovers
|turn|3
|
|switch|p1a: Tentacruel|Tentacruel, M|364\/364
|cant|p2a: Hikari|par
|
|turn|4
|
|switch|p2a: Onimori|Crobat, M|373\/373
|-damage|p2a: Onimori|280\/373|[from] Stealth Rock
|move|p1a: Tentacruel|Knock Off|p2a: Onimori
|-damage|p2a: Onimori|217\/373
|-enditem|p2a: Onimori|Black Sludge|[from] move: Knock Off|[of] p1a: Tentacruel
|
|turn|5
|
|move|p2a: Onimori|Roost|p2a: Onimori
|-heal|p2a: Onimori|373\/373
|move|p1a: Tentacruel|Scald|p2a: Onimori
|-damage|p2a: Onimori|279\/373
|
|turn|6
|
|move|p2a: Onimori|Defog|p1a: Tentacruel
|-unboost|p1a: Tentacruel|evasion|1
|-sideend|p2: Sjir-sama|Stealth Rock|[from] move: Defog|[of] p2a: Onimori
|move|p1a: Tentacruel|Scald|p2a: Onimori
|-damage|p2a: Onimori|183\/373
|
|turn|7
|
|move|p2a: Onimori|U-turn|p1a: Tentacruel
|-resisted|p1a: Tentacruel
|-damage|p1a: Tentacruel|339\/364
|
|switch|p2a: Ryuuji|Sceptile, M|282\/282
|move|p1a: Tentacruel|Scald|p2a: Ryuuji
|-resisted|p2a: Ryuuji
|-damage|p2a: Ryuuji|240\/282
|
|-heal|p1a: Tentacruel|361\/364|[from] item: Black Sludge
|turn|8
|
|move|p2a: Ryuuji|Dragon Pulse|p1a: Tentacruel
|-damage|p1a: Tentacruel|258\/364
|-damage|p2a: Ryuuji|212\/282|[from] item: Life Orb
|move|p1a: Tentacruel|Scald|p2a: Ryuuji
|-resisted|p2a: Ryuuji
|-damage|p2a: Ryuuji|168\/282
|
|-heal|p1a: Tentacruel|280\/364|[from] item: Black Sludge
|turn|9
|
|switch|p1a: Jirachi|Jirachi|360\/404
|move|p2a: Ryuuji|Leaf Storm|p1a: Jirachi
|-resisted|p1a: Jirachi
|-damage|p1a: Jirachi|251\/404
|-unboost|p2a: Ryuuji|spa|2
|-damage|p2a: Ryuuji|140\/282|[from] item: Life Orb
|
|-heal|p1a: Jirachi|276\/404|[from] item: Leftovers
|turn|10
|
|switch|p2a: Hikari|Suicune|404\/404 par
|-ability|p2a: Hikari|Pressure
|move|p1a: Jirachi|Stealth Rock|p2a: Hikari
|-sidestart|p2: Sjir-sama|move: Stealth Rock
|
|-heal|p1a: Jirachi|301\/404|[from] item: Leftovers
|turn|11
|
|switch|p1a: Tentacruel|Tentacruel, M|280\/364
|cant|p2a: Hikari|par
|
|-heal|p1a: Tentacruel|302\/364|[from] item: Black Sludge
|turn|12
|
|move|p1a: Tentacruel|Knock Off|p2a: Hikari
|-damage|p2a: Hikari|370\/404 par
|-enditem|p2a: Hikari|Leftovers|[from] move: Knock Off|[of] p1a: Tentacruel
|move|p2a: Hikari|Calm Mind|p2a: Hikari
|-boost|p2a: Hikari|spa|1
|-boost|p2a: Hikari|spd|1
|
|-heal|p1a: Tentacruel|324\/364|[from] item: Black Sludge
|turn|13
|
|move|p1a: Tentacruel|Haze|p1a: Tentacruel
|-clearallboost
|move|p2a: Hikari|Calm Mind|p2a: Hikari
|-boost|p2a: Hikari|spa|1
|-boost|p2a: Hikari|spd|1
|
|-heal|p1a: Tentacruel|346\/364|[from] item: Black Sludge
|turn|14
|
|move|p1a: Tentacruel|Haze|p1a: Tentacruel
|-clearallboost
|move|p2a: Hikari|Scald|p1a: Tentacruel
|-resisted|p1a: Tentacruel
|-damage|p1a: Tentacruel|313\/364
|
|-heal|p1a: Tentacruel|335\/364|[from] item: Black Sludge
|turn|15
|
|switch|p1a: Chesnaught|Chesnaught, M, shiny|380\/380
|cant|p2a: Hikari|par
|
|turn|16
|
|switch|p2a: Onimori|Crobat, M|183\/373
|-damage|p2a: Onimori|90\/373|[from] Stealth Rock
|move|p1a: Chesnaught|Leech Seed|p2a: Onimori
|-start|p2a: Onimori|move: Leech Seed
|
|-damage|p2a: Onimori|44\/373|[from] Leech Seed|[of] p1a: Chesnaught
|turn|17
|
|switch|p1a: Jirachi|Jirachi|301\/404
|move|p2a: Onimori|Roost|p2a: Onimori
|-heal|p2a: Onimori|231\/373
|
|-heal|p1a: Jirachi|326\/404|[from] item: Leftovers
|-damage|p2a: Onimori|185\/373|[from] Leech Seed|[of] p1a: Jirachi
|-heal|p1a: Jirachi|372\/404|[silent]
|turn|18
|
|move|p2a: Onimori|U-turn|p1a: Jirachi
|-damage|p1a: Jirachi|315\/404
|
|switch|p2a: Hikari|Suicune|370\/404 par
|-damage|p2a: Hikari|320\/404 par|[from] Stealth Rock
|-ability|p2a: Hikari|Pressure
|move|p1a: Jirachi|Thunder Wave|p2a: Hikari
|-fail|p2a: Hikari|par
|
|-heal|p1a: Jirachi|340\/404|[from] item: Leftovers
|turn|19
|
|switch|p1a: Chesnaught|Chesnaught, M, shiny|380\/380
|cant|p2a: Hikari|par
|
|turn|20
|
|move|p1a: Chesnaught|Leech Seed|p2a: Hikari
|-start|p2a: Hikari|move: Leech Seed
|cant|p2a: Hikari|par
|
|-damage|p2a: Hikari|270\/404 par|[from] Leech Seed|[of] p1a: Chesnaught
|turn|21
|
|move|p1a: Chesnaught|Spikes|p2a: Hikari
|-sidestart|p2: Sjir-sama|Spikes
|move|p2a: Hikari|Rest|p2a: Hikari
|-status|p2a: Hikari|slp
|-heal|p2a: Hikari|404\/404 slp|[silent]
|-status|p2a: Hikari|slp|[from] move: Rest
|
|-damage|p2a: Hikari|354\/404 slp|[from] Leech Seed|[of] p1a: Chesnaught
|turn|22
|
|switch|p2a: Onimori|Crobat, M|185\/373
|-damage|p2a: Onimori|92\/373|[from] Stealth Rock
|move|p1a: Chesnaught|Spikes|p2a: Onimori
|-sidestart|p2: Sjir-sama|Spikes
|
|turn|23
|
|move|p2a: Onimori|Defog|p1a: Chesnaught
|-unboost|p1a: Chesnaught|evasion|1
|-sideend|p2: Sjir-sama|Spikes|[from] move: Defog|[of] p2a: Onimori
|-sideend|p2: Sjir-sama|Stealth Rock|[from] move: Defog|[of] p2a: Onimori
|move|p1a: Chesnaught|Leech Seed|p2a: Onimori
|-start|p2a: Onimori|move: Leech Seed
|
|-damage|p2a: Onimori|46\/373|[from] Leech Seed|[of] p1a: Chesnaught
|turn|24
|
|switch|p1a: Jirachi|Jirachi|340\/404
|move|p2a: Onimori|Roost|p2a: Onimori
|-heal|p2a: Onimori|233\/373
|
|-heal|p1a: Jirachi|365\/404|[from] item: Leftovers
|-damage|p2a: Onimori|187\/373|[from] Leech Seed|[of] p1a: Jirachi
|-heal|p1a: Jirachi|404\/404|[silent]
|turn|25
|
|switch|p2a: NegaiHoshi|Umbreon, F|394\/394
|move|p1a: Jirachi|Stealth Rock|p2a: NegaiHoshi
|-sidestart|p2: Sjir-sama|move: Stealth Rock
|
|turn|26
|
|move|p1a: Jirachi|U-turn|p2a: NegaiHoshi
|-supereffective|p2a: NegaiHoshi
|-damage|p2a: NegaiHoshi|292\/394
|
|switch|p1a: Florges|Florges, F|360\/360
|move|p2a: NegaiHoshi|Foul Play|p1a: Florges
|-resisted|p1a: Florges
|-damage|p1a: Florges|327\/360
|
|-heal|p1a: Florges|349\/360|[from] item: Leftovers
|-heal|p2a: NegaiHoshi|316\/394|[from] item: Leftovers
|turn|27
|
|switch|p2a: Onimori|Crobat, M|187\/373
|-damage|p2a: Onimori|94\/373|[from] Stealth Rock
|move|p1a: Florges|Moonblast|p2a: Onimori
|-resisted|p2a: Onimori
|-damage|p2a: Onimori|25\/373
|-unboost|p2a: Onimori|spa|1
|
|-heal|p1a: Florges|360\/360|[from] item: Leftovers
|turn|28
|
|switch|p1a: Jirachi|Jirachi|404\/404
|move|p2a: Onimori|Roost|p2a: Onimori
|-heal|p2a: Onimori|212\/373
|
|turn|29
|
|move|p2a: Onimori|Roost|p2a: Onimori
|-heal|p2a: Onimori|373\/373
|move|p1a: Jirachi|Thunder Wave|p2a: Onimori
|-status|p2a: Onimori|par
|
|turn|30
|
|switch|p2a: NegaiHoshi|Umbreon, F|316\/394
|-damage|p2a: NegaiHoshi|267\/394|[from] Stealth Rock
|move|p1a: Jirachi|Iron Head|p2a: NegaiHoshi
|-damage|p2a: NegaiHoshi|182\/394
|
|-heal|p2a: NegaiHoshi|206\/394|[from] item: Leftovers
|turn|31
|
|move|p1a: Jirachi|U-turn|p2a: NegaiHoshi
|-supereffective|p2a: NegaiHoshi
|-damage|p2a: NegaiHoshi|106\/394
|
|switch|p1a: Chesnaught|Chesnaught, M, shiny|380\/380
|move|p2a: NegaiHoshi|Wish|p2a: NegaiHoshi
|
|-heal|p2a: NegaiHoshi|130\/394|[from] item: Leftovers
|turn|32
|
|move|p2a: NegaiHoshi|Heal Bell|p2a: NegaiHoshi
|-cureteam|p2a: NegaiHoshi|[from] move: HealBell
|move|p1a: Chesnaught|Leech Seed|p2a: NegaiHoshi
|-start|p2a: NegaiHoshi|move: Leech Seed
|
|-heal|p2a: NegaiHoshi|327\/394|[from] move: Wish|[wisher] NegaiHoshi
|-heal|p2a: NegaiHoshi|351\/394|[from] item: Leftovers
|-damage|p2a: NegaiHoshi|302\/394|[from] Leech Seed|[of] p1a: Chesnaught
|turn|33
|
|switch|p2a: Onimori|Crobat, M|373\/373
|-damage|p2a: Onimori|280\/373|[from] Stealth Rock
|move|p1a: Chesnaught|Leech Seed|p2a: Onimori|[miss]
|-miss|p1a: Chesnaught|p2a: Onimori
|
|turn|34
|
|switch|p1a: Jirachi|Jirachi|404\/404
|move|p2a: Onimori|Brave Bird|p1a: Jirachi
|-resisted|p1a: Jirachi
|-damage|p1a: Jirachi|338\/404
|-damage|p2a: Onimori|258\/373|[from] recoil|[of] p1a: Jirachi
|
|-heal|p1a: Jirachi|363\/404|[from] item: Leftovers
|turn|35
|
|move|p2a: Onimori|U-turn|p1a: Jirachi
|-damage|p1a: Jirachi|306\/404
|
|switch|p2a: Hikari|Suicune|354\/404
|-damage|p2a: Hikari|304\/404|[from] Stealth Rock
|-ability|p2a: Hikari|Pressure
|move|p1a: Jirachi|Thunder Wave|p2a: Hikari
|-status|p2a: Hikari|par
|
|-heal|p1a: Jirachi|331\/404|[from] item: Leftovers
|turn|36
|
|move|p1a: Jirachi|U-turn|p2a: Hikari
|-damage|p2a: Hikari|265\/404 par
|
|switch|p1a: Chesnaught|Chesnaught, M, shiny|380\/380
|cant|p2a: Hikari|par
|
|turn|37
|
|switch|p2a: Onimori|Crobat, M|258\/373
|-damage|p2a: Onimori|165\/373|[from] Stealth Rock
|move|p1a: Chesnaught|Leech Seed|p2a: Onimori
|-start|p2a: Onimori|move: Leech Seed
|
|-damage|p2a: Onimori|119\/373|[from] Leech Seed|[of] p1a: Chesnaught
|turn|38
|
|move|p1a: Chesnaught|Spiky Shield|p1a: Chesnaught
|-singleturn|p1a: Chesnaught|move: Protect
|move|p2a: Onimori|Roost|p2a: Onimori
|-heal|p2a: Onimori|306\/373
|
|-damage|p2a: Onimori|260\/373|[from] Leech Seed|[of] p1a: Chesnaught
|turn|39
|
|switch|p1a: Jirachi|Jirachi|331\/404
|move|p2a: Onimori|Defog|p1a: Jirachi
|-unboost|p1a: Jirachi|evasion|1
|-sideend|p2: Sjir-sama|Stealth Rock|[from] move: Defog|[of] p2a: Onimori
|
|-heal|p1a: Jirachi|356\/404|[from] item: Leftovers
|-damage|p2a: Onimori|214\/373|[from] Leech Seed|[of] p1a: Jirachi
|-heal|p1a: Jirachi|402\/404|[silent]
|turn|40
|
|move|p2a: Onimori|Roost|p2a: Onimori
|-heal|p2a: Onimori|373\/373
|move|p1a: Jirachi|Stealth Rock|p2a: Onimori
|-sidestart|p2: Sjir-sama|move: Stealth Rock
|
|-heal|p1a: Jirachi|404\/404|[from] item: Leftovers
|-damage|p2a: Onimori|327\/373|[from] Leech Seed|[of] p1a: Jirachi
|turn|41
|
|switch|p2a: Yunikon|Rhyperior, F|434\/434
|-damage|p2a: Yunikon|407\/434|[from] Stealth Rock
|move|p1a: Jirachi|U-turn|p2a: Yunikon
|-crit|p2a: Yunikon
|-damage|p2a: Yunikon|344\/434
|
|switch|p1a: Tentacruel|Tentacruel, M|335\/364
|
|-heal|p1a: Tentacruel|357\/364|[from] item: Black Sludge
|-heal|p2a: Yunikon|371\/434|[from] item: Leftovers
|turn|42
|
|switch|p2a: Ryuuji|Sceptile, M|140\/282
|-damage|p2a: Ryuuji|105\/282|[from] Stealth Rock
|move|p1a: Tentacruel|Scald|p2a: Ryuuji
|-resisted|p2a: Ryuuji
|-damage|p2a: Ryuuji|63\/282
|
|-heal|p1a: Tentacruel|364\/364|[from] item: Black Sludge
|turn|43
|
|move|p2a: Ryuuji|Leaf Storm|p1a: Tentacruel
|-damage|p1a: Tentacruel|8\/364
|-unboost|p2a: Ryuuji|spa|2
|-damage|p2a: Ryuuji|35\/282|[from] item: Life Orb
|move|p1a: Tentacruel|Scald|p2a: Ryuuji
|-resisted|p2a: Ryuuji
|-damage|p2a: Ryuuji|0 fnt
|faint|p2a: Ryuuji
|
|-heal|p1a: Tentacruel|30\/364|[from] item: Black Sludge
|
|switch|p2a: Kaizaru|Infernape, M|293\/293
|-damage|p2a: Kaizaru|257\/293|[from] Stealth Rock
|turn|44
|
|move|p2a: Kaizaru|U-turn|p1a: Tentacruel
|-crit|p1a: Tentacruel
|-resisted|p1a: Tentacruel
|-damage|p1a: Tentacruel|0 fnt
|faint|p1a: Tentacruel
|
|switch|p2a: NegaiHoshi|Umbreon, F|302\/394
|-damage|p2a: NegaiHoshi|253\/394|[from] Stealth Rock
|
|-heal|p2a: NegaiHoshi|277\/394|[from] item: Leftovers
|
|switch|p1a: Florges|Florges, F|360\/360
|turn|45
|
|switch|p2a: Onimori|Crobat, M|327\/373
|-damage|p2a: Onimori|234\/373|[from] Stealth Rock
|move|p1a: Florges|Moonblast|p2a: Onimori
|-crit|p2a: Onimori
|-resisted|p2a: Onimori
|-damage|p2a: Onimori|132\/373
|
|turn|46
|
|switch|p1a: Jirachi|Jirachi|404\/404
|move|p2a: Onimori|Roost|p2a: Onimori
|-heal|p2a: Onimori|319\/373
|
|turn|47
|
|move|p2a: Onimori|Defog|p1a: Jirachi
|-unboost|p1a: Jirachi|evasion|1
|-sideend|p2: Sjir-sama|Stealth Rock|[from] move: Defog|[of] p2a: Onimori
|move|p1a: Jirachi|Thunder Wave|p2a: Onimori
|-status|p2a: Onimori|par
|
|turn|48
|
|switch|p2a: NegaiHoshi|Umbreon, F|277\/394
|move|p1a: Jirachi|Stealth Rock|p2a: NegaiHoshi
|-sidestart|p2: Sjir-sama|move: Stealth Rock
|
|-heal|p2a: NegaiHoshi|301\/394|[from] item: Leftovers
|turn|49
|
|move|p1a: Jirachi|Iron Head|p2a: NegaiHoshi
|-damage|p2a: NegaiHoshi|216\/394
|cant|p2a: NegaiHoshi|flinch
|
|-heal|p2a: NegaiHoshi|240\/394|[from] item: Leftovers
|turn|50
|
|move|p1a: Jirachi|U-turn|p2a: NegaiHoshi
|-supereffective|p2a: NegaiHoshi
|-damage|p2a: NegaiHoshi|134\/394
|
|switch|p1a: Chesnaught|Chesnaught, M, shiny|380\/380
|move|p2a: NegaiHoshi|Wish|p2a: NegaiHoshi
|
|-heal|p2a: NegaiHoshi|158\/394|[from] item: Leftovers
|turn|51
|
|move|p2a: NegaiHoshi|Heal Bell|p2a: NegaiHoshi
|-cureteam|p2a: NegaiHoshi|[from] move: HealBell
|move|p1a: Chesnaught|Hammer Arm|p2a: NegaiHoshi
|-supereffective|p2a: NegaiHoshi
|-damage|p2a: NegaiHoshi|0 fnt
|-unboost|p1a: Chesnaught|spe|1
|faint|p2a: NegaiHoshi
|
|
|switch|p2a: Onimori|Crobat, M|319\/373
|-damage|p2a: Onimori|226\/373|[from] Stealth Rock
|turn|52
|
|switch|p1a: Jirachi|Jirachi|404\/404
|move|p2a: Onimori|Defog|p1a: Jirachi
|-unboost|p1a: Jirachi|evasion|1
|-sideend|p2: Sjir-sama|Stealth Rock|[from] move: Defog|[of] p2a: Onimori
|
|turn|53
|
|switch|p2a: Yunikon|Rhyperior, F|371\/434
|move|p1a: Jirachi|Stealth Rock|p2a: Yunikon
|-sidestart|p2: Sjir-sama|move: Stealth Rock
|
|-heal|p2a: Yunikon|398\/434|[from] item: Leftovers
|turn|54
|
|switch|p1a: Chesnaught|Chesnaught, M, shiny|380\/380
|move|p2a: Yunikon|Earthquake|p1a: Chesnaught
|-resisted|p1a: Chesnaught
|-damage|p1a: Chesnaught|320\/380
|
|-heal|p1a: Chesnaught|343\/380|[from] item: Leftovers
|-heal|p2a: Yunikon|425\/434|[from] item: Leftovers
|turn|55
|
|move|p1a: Chesnaught|Leech Seed|p2a: Yunikon
|-start|p2a: Yunikon|move: Leech Seed
|move|p2a: Yunikon|Stealth Rock|p1a: Chesnaught
|-sidestart|p1: Dread Plate|move: Stealth Rock
|
|-heal|p1a: Chesnaught|366\/380|[from] item: Leftovers
|-heal|p2a: Yunikon|434\/434|[from] item: Leftovers
|-damage|p2a: Yunikon|380\/434|[from] Leech Seed|[of] p1a: Chesnaught
|-heal|p1a: Chesnaught|380\/380|[silent]
|turn|56
|
|switch|p2a: Hikari|Suicune|265\/404
|-damage|p2a: Hikari|215\/404|[from] Stealth Rock
|-ability|p2a: Hikari|Pressure
|move|p1a: Chesnaught|Leech Seed|p2a: Hikari
|-start|p2a: Hikari|move: Leech Seed
|
|-damage|p2a: Hikari|165\/404|[from] Leech Seed|[of] p1a: Chesnaught
|turn|57
|
|switch|p1a: Haxorus|Haxorus, M, shiny|293\/293
|-damage|p1a: Haxorus|257\/293|[from] Stealth Rock
|-ability|p1a: Haxorus|Mold Breaker
|move|p2a: Hikari|Calm Mind|p2a: Hikari
|-boost|p2a: Hikari|spa|1
|-boost|p2a: Hikari|spd|1
|
|-damage|p2a: Hikari|115\/404|[from] Leech Seed|[of] p1a: Haxorus
|-heal|p1a: Haxorus|293\/293|[silent]
|turn|58
|
|move|p1a: Haxorus|Dragon Dance|p1a: Haxorus
|-boost|p1a: Haxorus|atk|1
|-boost|p1a: Haxorus|spe|1
|move|p2a: Hikari|Scald|p1a: Haxorus
|-resisted|p1a: Haxorus
|-damage|p1a: Haxorus|211\/293
|
|-damage|p2a: Hikari|65\/404|[from] Leech Seed|[of] p1a: Haxorus
|-heal|p1a: Haxorus|261\/293|[silent]
|turn|59
|c|âSjir-sama|gg
|-message|Sjir-sama forfeited.
|
|win|Dread Plate
|raw|Ladder updating...
|leave|Sjir-sama
|player|p2
|raw|Dread Plate's rating: 1396 &rarr; <strong>1420<\/strong><br \/>(+24 for winning)
|raw|Sjir-sama's rating: 1471 &rarr; <strong>1446<\/strong><br \/>(-25 for losing)