|join|Sjir-sama
|join|andrewx
|player|p1|Sjir-sama|164
|player|p2|andrewx|115
|gametype|singles
|gen|6
|tier|UU
|rated
|rule|Sleep Clause Mod: Limit one foe put to sleep
|rule|Species Clause: Limit one of each Pokemon
|rule|OHKO Clause: OHKO moves are banned
|rule|Moody Clause: Moody is banned
|rule|Evasion Moves Clause: Evasion moves are banned
|rule|Endless Battle Clause: Forcing endless battles is banned
|rule|HP Percentage Mod: HP is reported as percentages
|clearpoke
|poke|p1|Jolteon, F
|poke|p1|Torterra, M
|poke|p1|Umbreon, M
|poke|p1|Blastoise, M
|poke|p1|Mienshao, M
|poke|p1|Chandelure, F
|poke|p2|Absol, F, shiny
|poke|p2|Trevenant, M, shiny
|poke|p2|Raikou, shiny
|poke|p2|Swampert, M, shiny
|poke|p2|Hydreigon, M, shiny
|poke|p2|Heracross, M, shiny
|rule|Swagger Clause: Swagger is banned
|rule|Baton Pass Clause: Limit 3 pokemon knowing Baton Pass
|teampreview
|
|start
|switch|p1a: Torterra|Torterra, M|394\/394
|switch|p2a: Swampert|Swampert, M, shiny|404\/404
|turn|1
|
|switch|p2a: Trevenant|Trevenant, M, shiny|374\/374
|move|p1a: Torterra|Wood Hammer|p2a: Trevenant
|-resisted|p2a: Trevenant
|-damage|p2a: Trevenant|286\/374
|-damage|p1a: Torterra|365\/394|[from] recoil|[of] p2a: Trevenant
|
|-heal|p1a: Torterra|389\/394|[from] item: Leftovers
|turn|2
|
|move|p2a: Trevenant|Will-O-Wisp|p1a: Torterra
|-status|p1a: Torterra|brn
|move|p1a: Torterra|Stealth Rock|p2a: Trevenant
|-sidestart|p2: andrewx|move: Stealth Rock
|
|-heal|p1a: Torterra|394\/394 brn|[from] item: Leftovers
|-damage|p1a: Torterra|345\/394 brn|[from] brn
|turn|3
|
|switch|p1a: Umbreon|Umbreon, M|394\/394
|move|p2a: Trevenant|Shadow Claw|p1a: Umbreon
|-resisted|p1a: Umbreon
|-damage|p1a: Umbreon|355\/394
|
|-heal|p1a: Umbreon|379\/394|[from] item: Leftovers
|turn|4
|
|switch|p2a: Raikou|Raikou, shiny|322\/322
|-damage|p2a: Raikou|282\/322|[from] Stealth Rock
|-ability|p2a: Raikou|Pressure
|move|p1a: Umbreon|Foul Play|p2a: Raikou
|-damage|p2a: Raikou|161\/322
|
|-heal|p1a: Umbreon|394\/394|[from] item: Leftovers
|turn|5
|
|move|p2a: Raikou|Aura Sphere|p1a: Umbreon
|-supereffective|p1a: Umbreon
|-damage|p1a: Umbreon|218\/394
|move|p1a: Umbreon|Foul Play|p2a: Raikou
|-damage|p2a: Raikou|29\/322
|
|-heal|p1a: Umbreon|242\/394|[from] item: Leftovers
|turn|6
|
|switch|p2a: Heracross|Heracross, M, shiny|302\/302
|-damage|p2a: Heracross|265\/302|[from] Stealth Rock
|move|p1a: Umbreon|Protect|p1a: Umbreon
|-fail|p1a: Umbreon
|
|-heal|p1a: Umbreon|266\/394|[from] item: Leftovers
|turn|7
|
|move|p1a: Umbreon|Protect|p1a: Umbreon
|-singleturn|p1a: Umbreon|Protect
|move|p2a: Heracross|Earthquake|p1a: Umbreon
|-activate|p1a: Umbreon|Protect
|
|-heal|p1a: Umbreon|290\/394|[from] item: Leftovers
|turn|8
|
|switch|p2a: Absol|Absol, F, shiny|271\/271
|-damage|p2a: Absol|238\/271|[from] Stealth Rock
|move|p1a: Umbreon|Heal Bell|p1a: Umbreon
|-cureteam|p1a: Umbreon|[from] move: HealBell
|
|-heal|p1a: Umbreon|314\/394|[from] item: Leftovers
|turn|9
|
|switch|p1a: Blastoise|Blastoise, M|362\/362
|detailschange|p2a: Absol|Absol-Mega, F, shiny
|message|Absol has Mega Evolved into Mega Absol!
|move|p2a: Absol|Swords Dance|p2a: Absol
|-boost|p2a: Absol|atk|2
|
|turn|10
|
|detailschange|p1a: Blastoise|Blastoise-Mega, M
|message|Blastoise has Mega Evolved into Mega Blastoise!
|move|p2a: Absol|Sucker Punch|p1a: Blastoise
|-damage|p1a: Blastoise|176\/362
|move|p1a: Blastoise|Aura Sphere|p2a: Absol
|-supereffective|p2a: Absol
|-damage|p2a: Absol|0 fnt
|faint|p2a: Absol
|
|
|switch|p2a: Raikou|Raikou, shiny|29\/322
|-damage|p2a: Raikou|0 fnt|[from] Stealth Rock
|faint|p2a: Raikou
|
|switch|p2a: Trevenant|Trevenant, M, shiny|286\/374
|-damage|p2a: Trevenant|240\/374|[from] Stealth Rock
|turn|11
|
|switch|p1a: Torterra|Torterra, M|345\/394
|move|p2a: Trevenant|Leech Seed|p1a: Torterra
|-immune|p1a: Torterra|[msg]
|
|-heal|p1a: Torterra|369\/394|[from] item: Leftovers
|turn|12
|
|switch|p1a: Shiranui|Chandelure, F|261\/261
|move|p2a: Trevenant|Will-O-Wisp|p1a: Shiranui
|-start|p1a: Shiranui|ability: Flash Fire
|
|turn|13
|
|move|p1a: Shiranui|Shadow Ball|p2a: Trevenant
|-supereffective|p2a: Trevenant
|-damage|p2a: Trevenant|0 fnt
|faint|p2a: Trevenant
|
|
|switch|p2a: Heracross|Heracross, M, shiny|265\/302
|-damage|p2a: Heracross|228\/302|[from] Stealth Rock
|turn|14
|
|switch|p1a: Torterra|Torterra, M|369\/394
|move|p2a: Heracross|Knock Off|p1a: Torterra
|-damage|p1a: Torterra|279\/394
|-enditem|p1a: Torterra|Leftovers|[from] move: Knock Off|[of] p2a: Heracross
|
|turn|15
|
|switch|p2a: Hydreigon|Hydreigon, M, shiny|325\/325
|-damage|p2a: Hydreigon|285\/325|[from] Stealth Rock
|move|p1a: Torterra|Leech Seed|p2a: Hydreigon
|-start|p2a: Hydreigon|move: Leech Seed
|
|-damage|p2a: Hydreigon|245\/325|[from] Leech Seed|[of] p1a: Torterra
|-heal|p1a: Torterra|319\/394|[silent]
|turn|16
|
|switch|p1a: Umbreon|Umbreon, M|314\/394
|move|p2a: Hydreigon|Draco Meteor|p1a: Umbreon
|-damage|p1a: Umbreon|153\/394
|-unboost|p2a: Hydreigon|spa|2
|-damage|p2a: Hydreigon|213\/325|[from] item: Life Orb
|
|-heal|p1a: Umbreon|177\/394|[from] item: Leftovers
|-damage|p2a: Hydreigon|173\/325|[from] Leech Seed|[of] p1a: Umbreon
|-heal|p1a: Umbreon|217\/394|[silent]
|turn|17
|
|switch|p2a: Swampert|Swampert, M, shiny|404\/404
|-damage|p2a: Swampert|379\/404|[from] Stealth Rock
|move|p1a: Umbreon|Foul Play|p2a: Swampert
|-damage|p2a: Swampert|289\/404
|
|-heal|p1a: Umbreon|241\/394|[from] item: Leftovers
|-heal|p2a: Swampert|314\/404|[from] item: Leftovers
|turn|18
|
|move|p1a: Umbreon|Wish|p1a: Umbreon
|move|p2a: Swampert|Stealth Rock|p1a: Umbreon
|-sidestart|p1: Sjir-sama|move: Stealth Rock
|
|-heal|p1a: Umbreon|265\/394|[from] item: Leftovers
|-heal|p2a: Swampert|339\/404|[from] item: Leftovers
|turn|19
|
|move|p1a: Umbreon|Foul Play|p2a: Swampert
|-damage|p2a: Swampert|246\/404
|move|p2a: Swampert|Toxic|p1a: Umbreon
|-status|p1a: Umbreon|tox
|-status|p2a: Swampert|tox
|
|-heal|p1a: Umbreon|394\/394 tox|[from] move: Wish|[wisher] Umbreon
|-heal|p2a: Swampert|271\/404 tox|[from] item: Leftovers
|-damage|p1a: Umbreon|370\/394 tox|[from] psn
|-damage|p2a: Swampert|246\/404 tox|[from] psn
|turn|20
|
|switch|p2a: Heracross|Heracross, M, shiny|228\/302
|-damage|p2a: Heracross|191\/302|[from] Stealth Rock
|move|p1a: Umbreon|Wish|p1a: Umbreon
|
|-heal|p1a: Umbreon|394\/394 tox|[from] item: Leftovers
|-damage|p1a: Umbreon|346\/394 tox|[from] psn
|turn|21
|
|switch|p1a: Shiranui|Chandelure, F|261\/261
|-damage|p1a: Shiranui|196\/261|[from] Stealth Rock
|move|p2a: Heracross|Megahorn|p1a: Shiranui
|-resisted|p1a: Shiranui
|-damage|p1a: Shiranui|132\/261
|
|-heal|p1a: Shiranui|261\/261|[from] move: Wish|[wisher] Umbreon
|turn|22
|
|switch|p2a: Hydreigon|Hydreigon, M, shiny|173\/325
|-damage|p2a: Hydreigon|133\/325|[from] Stealth Rock
|move|p1a: Shiranui|Shadow Ball|p2a: Hydreigon
|-resisted|p2a: Hydreigon
|-damage|p2a: Hydreigon|53\/325
|
|turn|23
|
|move|p1a: Shiranui|Shadow Ball|p2a: Hydreigon
|-resisted|p2a: Hydreigon
|-damage|p2a: Hydreigon|0 fnt
|faint|p2a: Hydreigon
|
|
|switch|p2a: Heracross|Heracross, M, shiny|191\/302
|-damage|p2a: Heracross|154\/302|[from] Stealth Rock
|turn|24
|
|switch|p1a: Torterra|Torterra, M|319\/394
|-damage|p1a: Torterra|295\/394|[from] Stealth Rock
|move|p2a: Heracross|Earthquake|p1a: Torterra
|-resisted|p1a: Torterra
|-damage|p1a: Torterra|248\/394
|
|turn|25
|join|Nipple Motorboat
|
|switch|p2a: Swampert|Swampert, M, shiny|246\/404 tox
|-damage|p2a: Swampert|221\/404 tox|[from] Stealth Rock
|move|p1a: Torterra|Wood Hammer|p2a: Swampert
|-supereffective|p2a: Swampert
|-damage|p2a: Swampert|0 fnt
|-damage|p1a: Torterra|175\/394|[from] recoil|[of] p2a: Swampert
|faint|p2a: Swampert
|
|
|switch|p2a: Heracross|Heracross, M, shiny|154\/302
|-damage|p2a: Heracross|117\/302|[from] Stealth Rock
|turn|26
|
|move|p2a: Heracross|Megahorn|p1a: Torterra
|-supereffective|p1a: Torterra
|-damage|p1a: Torterra|0 fnt
|faint|p1a: Torterra
|-boost|p2a: Heracross|atk|1|[from] ability: Moxie
|
|
|switch|p1a: Shiranui|Chandelure, F|261\/261
|-damage|p1a: Shiranui|196\/261|[from] Stealth Rock
|turn|27
|
|move|p1a: Shiranui|Shadow Ball|p2a: Heracross
|-damage|p2a: Heracross|0 fnt
|faint|p2a: Heracross
|
|win|Sjir-sama
|raw|Ladder updating...
|raw|Sjir-sama's rating: 1435 &rarr; <strong>1448<\/strong><br \/>(+13 for winning)
|raw|andrewx's rating: 1312 &rarr; <strong>1299<\/strong><br \/>(-13 for losing)
|chat|Sjir-sama|gg
|chat|andrewx|gg
|leave|andrewx
|player|p2