|join|Sjir-sama
|join|fuck confuse
|player|p1|Sjir-sama|164
|player|p2|fuck confuse|171
|gametype|singles
|gen|6
|tier|UU
|rated
|rule|Sleep Clause Mod: Limit one foe put to sleep
|rule|Species Clause: Limit one of each PokÃ©mon
|rule|OHKO Clause: OHKO moves are banned
|rule|Moody Clause: Moody is banned
|rule|Evasion Moves Clause: Evasion moves are banned
|rule|Endless Battle Clause: Forcing endless battles is banned
|rule|HP Percentage Mod: HP is shown in percentages
|clearpoke
|poke|p1|Sceptile, M
|poke|p1|Infernape, M
|poke|p1|Crobat, M
|poke|p1|Umbreon, F
|poke|p1|Rhyperior, F
|poke|p1|Suicune
|poke|p2|Machamp, F
|poke|p2|Krookodile, F
|poke|p2|Suicune
|poke|p2|Aggron, F
|poke|p2|Chandelure, M
|poke|p2|Whimsicott, F
|rule|Swagger Clause: Swagger is banned
|rule|Baton Pass Clause: Limit one PokÃ©mon knowing Baton Pass
|teampreview
|
|start
|switch|p1a: Onimori|Crobat, M|373\/373
|switch|p2a: Whimsicott|Whimsicott, F|261\/261
|turn|1
|
|switch|p2a: Aggron|Aggron, F|332\/332
|move|p1a: Onimori|Brave Bird|p2a: Aggron
|-resisted|p2a: Aggron
|-damage|p2a: Aggron|312\/332
|-damage|p1a: Onimori|366\/373|[from] recoil|[of] p2a: Aggron
|
|-heal|p1a: Onimori|373\/373|[from] item: Black Sludge
|turn|2
|
|detailschange|p2a: Aggron|Aggron-Mega, F
|message|Aggron has Mega Evolved into Mega Aggron!
|move|p1a: Onimori|U-turn|p2a: Aggron
|-resisted|p2a: Aggron
|-damage|p2a: Aggron|300\/332
|
|switch|p1a: Hikari|Suicune|404\/404
|-ability|p1a: Hikari|Pressure
|move|p2a: Aggron|Stealth Rock|p1a: Hikari
|-sidestart|p1: Sjir-sama|move: Stealth Rock
|
|turn|3
|
|switch|p2a: Whimsicott|Whimsicott, F|261\/261
|move|p1a: Hikari|Scald|p2a: Whimsicott
|-resisted|p2a: Whimsicott
|-damage|p2a: Whimsicott|204\/261
|
|-heal|p2a: Whimsicott|220\/261|[from] item: Leftovers
|turn|4
|
|switch|p1a: Onimori|Crobat, M|373\/373
|-damage|p1a: Onimori|280\/373|[from] Stealth Rock
|move|p2a: Whimsicott|U-turn|p1a: Onimori
|-resisted|p1a: Onimori
|-damage|p1a: Onimori|269\/373
|
|switch|p2a: Krookodile|Krookodile, F|331\/331
|-ability|p2a: Krookodile|Intimidate|[of] p1a: Onimori
|-unboost|p1a: Onimori|atk|1
|
|-heal|p1a: Onimori|292\/373|[from] item: Black Sludge
|turn|5
|
|move|p1a: Onimori|Defog|p2a: Krookodile
|-unboost|p2a: Krookodile|evasion|1
|-sideend|p1: Sjir-sama|Stealth Rock|[from] move: Defog|[of] p1a: Onimori
|move|p2a: Krookodile|Pursuit|p1a: Onimori
|-damage|p1a: Onimori|192\/373
|
|-heal|p1a: Onimori|215\/373|[from] item: Black Sludge
|turn|6
|
|move|p1a: Onimori|Roost|p1a: Onimori
|-heal|p1a: Onimori|373\/373
|move|p2a: Krookodile|Knock Off|p1a: Onimori
|-damage|p1a: Onimori|147\/373
|-enditem|p1a: Onimori|Black Sludge|[from] move: Knock Off|[of] p2a: Krookodile
|
|turn|7
|
|move|p1a: Onimori|U-turn|p2a: Krookodile
|-supereffective|p2a: Krookodile
|-damage|p2a: Krookodile|243\/331
|
|switch|p1a: Ryuuji|Sceptile, M|282\/282
|move|p2a: Krookodile|Knock Off|p1a: Ryuuji
|-damage|p1a: Ryuuji|0 fnt
|-enditem|p1a: Ryuuji|Life Orb|[from] move: Knock Off|[of] p2a: Krookodile
|faint|p1a: Ryuuji
|
|
|switch|p1a: Kaizaru|Infernape, M|293\/293
|turn|8
|
|switch|p2a: Chandelure|Chandelure, M|261\/261
|move|p1a: Kaizaru|U-turn|p2a: Chandelure
|-resisted|p2a: Chandelure
|-damage|p2a: Chandelure|231\/261
|
|switch|p1a: Hikari|Suicune|404\/404
|-ability|p1a: Hikari|Pressure
|
|-heal|p2a: Chandelure|247\/261|[from] item: Leftovers
|turn|9
|
|switch|p2a: Whimsicott|Whimsicott, F|220\/261
|switch|p1a: Onimori|Crobat, M|147\/373
|
|-heal|p2a: Whimsicott|236\/261|[from] item: Leftovers
|turn|10
|
|switch|p2a: Aggron|Aggron-Mega, F|300\/332
|move|p1a: Onimori|Roost|p1a: Onimori
|-heal|p1a: Onimori|334\/373
|
|turn|11
|
|switch|p1a: Yunikon|Rhyperior, F|434\/434
|move|p2a: Aggron|Stealth Rock|p1a: Yunikon
|-sidestart|p1: Sjir-sama|move: Stealth Rock
|
|turn|12
|join|food for thot
|
|move|p2a: Aggron|Heavy Slam|p1a: Yunikon
|-supereffective|p1a: Yunikon
|-damage|p1a: Yunikon|358\/434
|move|p1a: Yunikon|Earthquake|p2a: Aggron
|-supereffective|p2a: Aggron
|-damage|p2a: Aggron|192\/332
|
|-heal|p1a: Yunikon|385\/434|[from] item: Leftovers
|turn|13
|
|switch|p2a: Whimsicott|Whimsicott, F|236\/261
|move|p1a: Yunikon|Stone Edge|p2a: Whimsicott
|-damage|p2a: Whimsicott|52\/261
|
|-heal|p2a: Whimsicott|68\/261|[from] item: Leftovers
|-heal|p1a: Yunikon|412\/434|[from] item: Leftovers
|turn|14
|
|move|p2a: Whimsicott|U-turn|p1a: Yunikon
|-damage|p1a: Yunikon|390\/434
|
|switch|p2a: Suicune|Suicune|404\/404
|-ability|p2a: Suicune|Pressure
|move|p1a: Yunikon|Earthquake|p2a: Suicune
|-damage|p2a: Suicune|268\/404
|
|-heal|p2a: Suicune|293\/404|[from] item: Leftovers
|-heal|p1a: Yunikon|417\/434|[from] item: Leftovers
|turn|15
|
|switch|p1a: Kaizaru|Infernape, M|293\/293
|-damage|p1a: Kaizaru|257\/293|[from] Stealth Rock
|move|p2a: Suicune|Scald|p1a: Kaizaru
|-supereffective|p1a: Kaizaru
|-damage|p1a: Kaizaru|0 fnt
|faint|p1a: Kaizaru
|
|-heal|p2a: Suicune|318\/404|[from] item: Leftovers
|
|switch|p1a: Hikari|Suicune|404\/404
|-damage|p1a: Hikari|354\/404|[from] Stealth Rock
|-ability|p1a: Hikari|Pressure
|turn|16
|
|switch|p2a: Whimsicott|Whimsicott, F|68\/261
|move|p1a: Hikari|Calm Mind|p1a: Hikari
|-boost|p1a: Hikari|spa|1
|-boost|p1a: Hikari|spd|1
|
|-heal|p2a: Whimsicott|84\/261|[from] item: Leftovers
|-heal|p1a: Hikari|379\/404|[from] item: Leftovers
|turn|17
|
|move|p2a: Whimsicott|Encore|p1a: Hikari
|-start|p1a: Hikari|Encore
|move|p1a: Hikari|Calm Mind|p1a: Hikari
|-boost|p1a: Hikari|spa|1
|-boost|p1a: Hikari|spd|1
|
|-heal|p2a: Whimsicott|100\/261|[from] item: Leftovers
|-heal|p1a: Hikari|404\/404|[from] item: Leftovers
|turn|18
|
|move|p2a: Whimsicott|U-turn|p1a: Hikari
|-damage|p1a: Hikari|380\/404
|
|switch|p2a: Machamp|Machamp, F|343\/343
|move|p1a: Hikari|Calm Mind|p1a: Hikari
|-boost|p1a: Hikari|spa|1
|-boost|p1a: Hikari|spd|1
|
|-heal|p1a: Hikari|404\/404|[from] item: Leftovers
|turn|19
|
|move|p1a: Hikari|Calm Mind|p1a: Hikari
|-boost|p1a: Hikari|spa|1
|-boost|p1a: Hikari|spd|1
|move|p2a: Machamp|Close Combat|p1a: Hikari
|-damage|p1a: Hikari|182\/404
|-unboost|p2a: Machamp|def|1
|-unboost|p2a: Machamp|spd|1
|
|-heal|p1a: Hikari|207\/404|[from] item: Leftovers
|-end|p1a: Hikari|Encore
|turn|20
|
|switch|p2a: Chandelure|Chandelure, M|247\/261
|move|p1a: Hikari|Scald|p2a: Chandelure
|-supereffective|p2a: Chandelure
|-damage|p2a: Chandelure|0 fnt
|faint|p2a: Chandelure
|
|-heal|p1a: Hikari|232\/404|[from] item: Leftovers
|
|switch|p2a: Krookodile|Krookodile, F|243\/331
|-ability|p2a: Krookodile|Intimidate|[of] p1a: Hikari
|-unboost|p1a: Hikari|atk|1
|turn|21
|
|move|p2a: Krookodile|Knock Off|p1a: Hikari
|-damage|p1a: Hikari|94\/404
|-enditem|p1a: Hikari|Leftovers|[from] move: Knock Off|[of] p2a: Krookodile
|move|p1a: Hikari|Scald|p2a: Krookodile
|-supereffective|p2a: Krookodile
|-damage|p2a: Krookodile|0 fnt
|faint|p2a: Krookodile
|
|
|switch|p2a: Whimsicott|Whimsicott, F|100\/261
|turn|22
|
|move|p2a: Whimsicott|Encore|p1a: Hikari
|-start|p1a: Hikari|Encore
|move|p1a: Hikari|Scald|p2a: Whimsicott
|-resisted|p2a: Whimsicott
|-damage|p2a: Whimsicott|0 fnt
|faint|p2a: Whimsicott
|
|
|switch|p2a: Machamp|Machamp, F|343\/343
|turn|23
|
|move|p1a: Hikari|Scald|p2a: Machamp
|-crit|p2a: Machamp
|-damage|p2a: Machamp|0 fnt
|faint|p2a: Machamp
|
|
|switch|p2a: Aggron|Aggron-Mega, F|192\/332
|turn|24
|
|move|p1a: Hikari|Scald|p2a: Aggron
|-damage|p2a: Aggron|0 fnt
|faint|p2a: Aggron
|
|-end|p1a: Hikari|Encore
|-message|fuck confuse forfeited.
|
|win|Sjir-sama
|raw|Ladder updating...
|leave|fuck confuse
|player|p2
|raw|Sjir-sama's rating: 1478 &rarr; <strong>1492<\/strong><br \/>(+14 for winning)
|raw|fuck confuse's rating: 1365 &rarr; <strong>1351<\/strong><br \/>(-14 for losing)
|leave|food for thot