|join|percypig
|join|Sjir-sama
|player|p1|percypig|170
|player|p2|Sjir-sama|164
|gametype|singles
|gen|6
|tier|UU
|rated
|rule|Sleep Clause Mod: Limit one foe put to sleep
|rule|Species Clause: Limit one of each Pokemon
|rule|OHKO Clause: OHKO moves are banned
|rule|Moody Clause: Moody is banned
|rule|Evasion Moves Clause: Evasion moves are banned
|rule|Endless Battle Clause: Forcing endless battles is banned.
|rule|HP Percentage Mod: HP is reported as percentages
|clearpoke
|poke|p1|Toxicroak, F
|poke|p1|Metagross
|poke|p1|Heracross, M
|poke|p1|Shuckle, M
|poke|p1|Nidoqueen, F
|poke|p1|Bouffalant, M
|poke|p2|Jolteon, F
|poke|p2|Torterra, M
|poke|p2|Umbreon, M
|poke|p2|Blastoise, M
|poke|p2|Mienshao, M
|poke|p2|Chandelure, F
|teampreview
|
|start
|switch|p1a: Shuckle|Shuckle, M|244\/244
|switch|p2a: Torterra|Torterra, M|394\/394
|turn|1
|
|move|p2a: Torterra|Stealth Rock|p1a: Shuckle
|-sidestart|p1: percypig|move: Stealth Rock
|move|p1a: Shuckle|Stealth Rock|p2a: Torterra
|-sidestart|p2: Sjir-sama|move: Stealth Rock
|
|turn|2
|
|switch|p2a: Blastoise|Blastoise, M|362\/362
|-damage|p2a: Blastoise|317\/362|[from] Stealth Rock
|switch|p1a: Heracross|Heracross, M|335\/335
|-damage|p1a: Heracross|294\/335|[from] Stealth Rock
|
|turn|3
|chat|Sjir-sama|hm, was thinking sticky web
|chat|Sjir-sama|bummer
|
|-formechange|p2a: Blastoise|Blastoise-Mega
|message|Blastoise has Mega Evolved into Mega Blastoise!
|move|p1a: Heracross|Megahorn|p2a: Blastoise
|-damage|p2a: Blastoise|163\/362
|move|p2a: Blastoise|Water Pulse|p1a: Heracross
|-damage|p1a: Heracross|147\/335
|-start|p1a: Heracross|confusion
|
|turn|4
|chat|percypig|the hx :(
|
|-activate|p1a: Heracross|confusion
|-damage|p1a: Heracross|86\/335|[from] confusion
|move|p2a: Blastoise|Water Pulse|p1a: Heracross
|-damage|p1a: Heracross|0 fnt
|faint|p1a: Heracross
|
|chat|percypig|wow.
|chat|Sjir-sama|pity~
|
|switch|p1a: Toxicroak|Toxicroak, F|337\/337
|-damage|p1a: Toxicroak|316\/337|[from] Stealth Rock
|turn|5
|chat|percypig|I hate hax. Wouldn't you enjoy it more if it never existed?
|
|move|p1a: Toxicroak|Knock Off|p2a: Blastoise
|-damage|p2a: Blastoise|116\/362
|move|p2a: Blastoise|Rapid Spin|p1a: Toxicroak
|-damage|p1a: Toxicroak|296\/337
|-sideend|p2: Sjir-sama|Stealth Rock|[from] move: Rapid Spin|[of] p2a: Blastoise
|
|turn|6
|chat|Sjir-sama|depends
|chat|Sjir-sama|yes and no
|chat|percypig|such physical defense.
|chat|Sjir-sama|for moves like scald\/discharge\/lava plume
|chat|Sjir-sama|i'm okay with hex
|chat|Sjir-sama|waterfall and water pulse are pretty annoying, but 20% i guess it's fine
|chat|percypig|yeah I guess. Confusion and crits shouldn't exist.
|chat|Sjir-sama|but for 10% moves
|chat|Sjir-sama|those should go
|
|switch|p2a: Torterra|Torterra, M|394\/394
|move|p1a: Toxicroak|Gunk Shot|p2a: Torterra|[miss]
|-miss|p1a: Toxicroak|p2a: Torterra
|
|turn|7
|chat|percypig|and avoids. they should go too.
|chat|Sjir-sama|lol
|chat|Sjir-sama|well depends
|
|switch|p1a: Shuckle|Shuckle, M|244\/244
|-damage|p1a: Shuckle|183\/244|[from] Stealth Rock
|move|p2a: Torterra|Earthquake|p1a: Shuckle
|-damage|p1a: Shuckle|135\/244
|
|-heal|p1a: Shuckle|150\/244|[from] item: Leftovers
|turn|8
|chat|Sjir-sama|for 70% accutrcy moves, no :p
|chat|percypig|that was 90
|chat|Sjir-sama|for 90, yes
|chat|Sjir-sama|that shoulda hit~
|
|move|p2a: Torterra|Leech Seed|p1a: Shuckle
|-start|p1a: Shuckle|move: Leech Seed
|move|p1a: Shuckle|Sticky Web|p2a: Torterra
|-sidestart|p2: Sjir-sama|move: Sticky Web
|
|-heal|p1a: Shuckle|165\/244|[from] item: Leftovers
|-damage|p1a: Shuckle|135\/244|[from] Leech Seed|[of] p2a: Torterra
|turn|9
|chat|Sjir-sama|don't underestimate the def of torterra though
|
|switch|p2a: Blastoise|Blastoise, M|116\/362
|-formechange|p2a: Blastoise|Blastoise-Mega
|-activate|p2a: Blastoise|move: Sticky Web
|-unboost|p2a: Blastoise|spe|1
|move|p1a: Shuckle|Stealth Rock|p2a: Blastoise
|-sidestart|p2: Sjir-sama|move: Stealth Rock
|
|-heal|p1a: Shuckle|150\/244|[from] item: Leftovers
|-damage|p1a: Shuckle|120\/244|[from] Leech Seed|[of] p2a: Blastoise
|-heal|p2a: Blastoise|146\/362|[silent]
|turn|10
|chat|percypig|stab 120, max attack dude lol
|chat|Sjir-sama|max def max hp, i guess i'd take like... 45%?
|
|switch|p1a: Toxicroak|Toxicroak, F|296\/337
|-damage|p1a: Toxicroak|275\/337|[from] Stealth Rock
|move|p2a: Blastoise|Rapid Spin|p1a: Toxicroak
|-damage|p1a: Toxicroak|253\/337
|-sideend|p2: Sjir-sama|Stealth Rock|[from] move: Rapid Spin|[of] p2a: Blastoise
|-sideend|p2: Sjir-sama|Sticky Web|[from] move: Rapid Spin|[of] p2a: Blastoise
|
|turn|11
|
|switch|p2a: Torterra|Torterra, M|394\/394
|move|p1a: Toxicroak|Gunk Shot|p2a: Torterra
|-damage|p2a: Torterra|264\/394
|-status|p2a: Torterra|psn
|
|-heal|p2a: Torterra|288\/394 psn|[from] item: Leftovers
|-damage|p2a: Torterra|239\/394 psn|[from] psn
|turn|12
|chat|Sjir-sama|even less
|chat|percypig|wow... lol
|
|switch|p1a: Shuckle|Shuckle, M|120\/244
|-damage|p1a: Shuckle|59\/244|[from] Stealth Rock
|move|p2a: Torterra|Earthquake|p1a: Shuckle
|-damage|p1a: Shuckle|10\/244
|
|-heal|p2a: Torterra|263\/394 psn|[from] item: Leftovers
|-heal|p1a: Shuckle|25\/244|[from] item: Leftovers
|-damage|p2a: Torterra|214\/394 psn|[from] psn
|turn|13
|
|switch|p2a: Umbreon|Umbreon, M|394\/394
|move|p1a: Shuckle|Sticky Web|p2a: Umbreon
|-sidestart|p2: Sjir-sama|move: Sticky Web
|
|-heal|p1a: Shuckle|40\/244|[from] item: Leftovers
|turn|14
|
|move|p2a: Umbreon|Heal Bell|p2a: Umbreon
|-cureteam|p2a: Umbreon|[from] move: HealBell
|move|p1a: Shuckle|Stealth Rock|p2a: Umbreon
|-sidestart|p2: Sjir-sama|move: Stealth Rock
|
|-heal|p1a: Shuckle|55\/244|[from] item: Leftovers
|turn|15
|
|switch|p1a: Bouffalant|Bouffalant, M|331\/331
|-damage|p1a: Bouffalant|290\/331|[from] Stealth Rock
|move|p2a: Umbreon|Wish|p2a: Umbreon
|
|turn|16
|
|switch|p2a: Shiranui|Chandelure, F|261\/261
|-damage|p2a: Shiranui|196\/261|[from] Stealth Rock
|-activate|p2a: Shiranui|move: Sticky Web
|-unboost|p2a: Shiranui|spe|1
|move|p1a: Bouffalant|Head Charge|p2a: Shiranui
|-immune|p2a: Shiranui|[msg]
|
|-heal|p2a: Shiranui|261\/261|[from] move: Wish|[wisher] Umbreon
|turn|17
|chat|percypig|lol
|
|move|p2a: Shiranui|Fire Blast|p1a: Bouffalant|[miss]
|-miss|p2a: Shiranui|p1a: Bouffalant
|move|p1a: Bouffalant|Earthquake|p2a: Shiranui
|-supereffective|p2a: Shiranui
|-damage|p2a: Shiranui|0 fnt
|-damage|p1a: Bouffalant|257\/331|[from] item: Life Orb
|faint|p2a: Shiranui
|
|chat|percypig|sorry bruh.
|chat|Sjir-sama|meh, my fault for picking fire blast over thrower
|chat|percypig|wouldn't ohko anyway I don't think. Would have done a lot though
|chat|Sjir-sama|not to even mention, i doubt that woulda killed
|
|switch|p2a: Torterra|Torterra, M|214\/394
|-damage|p2a: Torterra|190\/394|[from] Stealth Rock
|-activate|p2a: Torterra|move: Sticky Web
|-unboost|p2a: Torterra|spe|1
|turn|18
|
|move|p1a: Bouffalant|Megahorn|p2a: Torterra
|-supereffective|p2a: Torterra
|-damage|p2a: Torterra|0 fnt
|-damage|p1a: Bouffalant|224\/331|[from] item: Life Orb
|faint|p2a: Torterra
|
|chat|Sjir-sama|ouch, that sucks
|chat|percypig|I love this thing, very underrated.
|
|switch|p2a: Mienshao|Mienshao, M|271\/271
|-damage|p2a: Mienshao|255\/271|[from] Stealth Rock
|-activate|p2a: Mienshao|move: Sticky Web
|-unboost|p2a: Mienshao|spe|1
|turn|19
|
|switch|p1a: Shuckle|Shuckle, M|55\/244
|-damage|p1a: Shuckle|0 fnt|[from] Stealth Rock
|faint|p1a: Shuckle
|move|p2a: Mienshao|High Jump Kick|p1: Shuckle|[notarget]
|-notarget
|
|
|switch|p1a: Nidoqueen|Nidoqueen, F|322\/322
|-damage|p1a: Nidoqueen|302\/322|[from] Stealth Rock
|turn|20
|
|move|p1a: Nidoqueen|Sludge Wave|p2a: Mienshao
|-damage|p2a: Mienshao|17\/271
|move|p2a: Mienshao|U-turn|p1a: Nidoqueen
|-resisted|p1a: Nidoqueen
|-damage|p1a: Nidoqueen|240\/322
|-damage|p2a: Mienshao|0 fnt|[from] item: Life Orb
|faint|p2a: Mienshao
|
|
|switch|p2a: Blastoise|Blastoise, M|146\/362
|-formechange|p2a: Blastoise|Blastoise-Mega
|-activate|p2a: Blastoise|move: Sticky Web
|-unboost|p2a: Blastoise|spe|1
|-damage|p2a: Blastoise|101\/362|[from] Stealth Rock
|turn|21
|chat|percypig|wow, the survival.
|chat|Sjir-sama|blastoise better does it too, otherwise i lose~
|chat|percypig|meinshao invested in def?
|chat|Sjir-sama|but i doubt it will
|
|move|p1a: Nidoqueen|Sludge Wave|p2a: Blastoise
|-damage|p2a: Blastoise|0 fnt
|faint|p2a: Blastoise
|
|chat|Sjir-sama|nah
|chat|Sjir-sama|well yes
|chat|Sjir-sama|4 sp def EV
|chat|Sjir-sama|gg lol
|chat|percypig|lol
|
|switch|p2a: Jolteon|Jolteon, F|272\/272
|-activate|p2a: Jolteon|move: Sticky Web
|-unboost|p2a: Jolteon|spe|1
|-damage|p2a: Jolteon|238\/272|[from] Stealth Rock
|turn|22
|chat|percypig|that 4 mattered ;)
|
|move|p2a: Jolteon|Hidden Power|p1a: Nidoqueen
|-supereffective|p1a: Nidoqueen
|-damage|p1a: Nidoqueen|100\/322
|move|p1a: Nidoqueen|Earth Power|p2a: Jolteon
|-supereffective|p2a: Jolteon
|-damage|p2a: Jolteon|0 fnt
|faint|p2a: Jolteon
|
|
|switch|p2a: Umbreon|Umbreon, M|394\/394
|-activate|p2a: Umbreon|move: Sticky Web
|-unboost|p2a: Umbreon|spe|1
|-damage|p2a: Umbreon|345\/394|[from] Stealth Rock
|turn|23
|chat|percypig|nice game bruh! good chat too!
|
|move|p1a: Nidoqueen|Earth Power|p2a: Umbreon
|-damage|p2a: Umbreon|251\/394
|move|p2a: Umbreon|Foul Play|p1a: Nidoqueen
|-damage|p1a: Nidoqueen|0 fnt
|faint|p1a: Nidoqueen
|
|-heal|p2a: Umbreon|275\/394|[from] item: Leftovers
|chat|Sjir-sama|yep yep~
|chat|Sjir-sama|gg ^^
|
|switch|p1a: Toxicroak|Toxicroak, F|253\/337
|-damage|p1a: Toxicroak|232\/337|[from] Stealth Rock
|turn|24
|
|move|p1a: Toxicroak|Drain Punch|p2a: Umbreon
|-supereffective|p2a: Umbreon
|-damage|p2a: Umbreon|39\/394
|-heal|p1a: Toxicroak|337\/337|[from] drain|[of] p2a: Umbreon
|move|p2a: Umbreon|Foul Play|p1a: Toxicroak
|-resisted|p1a: Toxicroak
|-damage|p1a: Toxicroak|216\/337
|
|-heal|p2a: Umbreon|63\/394|[from] item: Leftovers
|turn|25
|
|move|p1a: Toxicroak|Drain Punch|p2a: Umbreon
|-supereffective|p2a: Umbreon
|-damage|p2a: Umbreon|0 fnt
|-heal|p1a: Toxicroak|248\/337|[from] drain|[of] p2a: Umbreon
|faint|p2a: Umbreon
|
|win|percypig
|raw|Ladder updating...
|raw|percypig's rating: 1277 &rarr; <strong>1308<\/strong><br \/>(+31 for winning)
|raw|Sjir-sama's rating: 1369 &rarr; <strong>1344<\/strong><br \/>(-25 for losing)
|chat|percypig|gg
|leave|Sjir-sama
|player|p2