|join|Vikash445
|join|Sjir-sama
|player|p1|Vikash445|290
|player|p2|Sjir-sama|164
|gametype|singles
|gen|6
|tier|UU
|rated
|rule|Sleep Clause Mod: Limit one foe put to sleep
|rule|Species Clause: Limit one of each PokÃ©mon
|rule|OHKO Clause: OHKO moves are banned
|rule|Moody Clause: Moody is banned
|rule|Evasion Moves Clause: Evasion moves are banned
|rule|Endless Battle Clause: Forcing endless battles is banned
|rule|HP Percentage Mod: HP is shown in percentages
|clearpoke
|poke|p1|Lucario, F
|poke|p1|Azelf
|poke|p1|Celebi
|poke|p1|Suicune
|poke|p1|Noivern, F
|poke|p1|Blastoise, F
|poke|p2|Jolteon, M
|poke|p2|Torterra, M
|poke|p2|Umbreon, F
|poke|p2|Blastoise, M
|poke|p2|Mienshao, M
|poke|p2|Chandelure, F
|rule|Swagger Clause: Swagger is banned
|rule|Baton Pass Clause: Limit one PokÃ©mon knowing Baton Pass
|teampreview
|
|start
|switch|p1a: Blastoise|Blastoise, F|299\/299
|switch|p2a: Susano|Jolteon, M|272\/272
|turn|1
|
|switch|p1a: serebii|Celebi|404\/404
|move|p2a: Susano|Volt Switch|p1a: serebii
|-resisted|p1a: serebii
|-damage|p1a: serebii|344\/404
|
|switch|p2a: Shorinji|Mienshao, M|271\/271
|
|-heal|p1a: serebii|369\/404|[from] item: Leftovers
|turn|2
|
|move|p2a: Shorinji|U-turn|p1a: serebii
|-supereffective|p1a: serebii
|-damage|p1a: serebii|0 fnt
|-damage|p2a: Shorinji|244\/271|[from] item: Life Orb
|faint|p1a: serebii
|
|switch|p2a: Susano|Jolteon, M|272\/272
|
|
|switch|p1a: Lucario|Lucario, F|281\/281
|turn|3
|
|move|p2a: Susano|Volt Switch|p1a: Lucario
|-damage|p1a: Lucario|49\/281
|
|switch|p2a: Shiranui|Chandelure, F|261\/261
|move|p1a: Lucario|Swords Dance|p1a: Lucario
|-boost|p1a: Lucario|atk|2
|
|turn|4
|
|move|p2a: Shiranui|Shadow Ball|p1a: Lucario
|-damage|p1a: Lucario|0 fnt
|faint|p1a: Lucario
|
|
|switch|p1a: Blastoise|Blastoise, F|299\/299
|turn|5
|
|switch|p2a: NegaiHoshi|Umbreon, F|394\/394
|detailschange|p1a: Blastoise|Blastoise-Mega, F
|message|Blastoise has Mega Evolved into Mega Blastoise!
|move|p1a: Blastoise|Dark Pulse|p2a: NegaiHoshi
|-resisted|p2a: NegaiHoshi
|-damage|p2a: NegaiHoshi|349\/394
|
|-heal|p2a: NegaiHoshi|373\/394|[from] item: Leftovers
|turn|6
|
|move|p2a: NegaiHoshi|Protect|p2a: NegaiHoshi
|-singleturn|p2a: NegaiHoshi|Protect
|move|p1a: Blastoise|Aura Sphere|p2a: NegaiHoshi
|-activate|p2a: NegaiHoshi|Protect
|
|-heal|p2a: NegaiHoshi|394\/394|[from] item: Leftovers
|turn|7
|
|move|p1a: Blastoise|Water Pulse|p2a: NegaiHoshi
|-damage|p2a: NegaiHoshi|282\/394
|-start|p2a: NegaiHoshi|confusion
|-activate|p2a: NegaiHoshi|confusion
|-damage|p2a: NegaiHoshi|265\/394|[from] confusion
|
|-heal|p2a: NegaiHoshi|289\/394|[from] item: Leftovers
|turn|8
|
|switch|p2a: Susano|Jolteon, M|272\/272
|move|p1a: Blastoise|Aura Sphere|p2a: Susano
|-damage|p2a: Susano|111\/272
|
|turn|9
|
|switch|p1a: Azelf|Azelf|291\/291
|move|p2a: Susano|Volt Switch|p1a: Azelf
|-damage|p1a: Azelf|63\/291
|
|switch|p2a: NegaiHoshi|Umbreon, F|289\/394
|
|-heal|p1a: Azelf|81\/291|[from] item: Leftovers
|-heal|p2a: NegaiHoshi|313\/394|[from] item: Leftovers
|turn|10
|
|move|p1a: Azelf|Stealth Rock|p2a: NegaiHoshi
|-sidestart|p2: Sjir-sama|move: Stealth Rock
|move|p2a: NegaiHoshi|Foul Play|p1a: Azelf
|-supereffective|p1a: Azelf
|-damage|p1a: Azelf|0 fnt
|faint|p1a: Azelf
|
|-heal|p2a: NegaiHoshi|337\/394|[from] item: Leftovers
|
|switch|p1a: Blastoise|Blastoise-Mega, F|299\/299
|turn|11
|
|move|p1a: Blastoise|Water Pulse|p2a: NegaiHoshi
|-damage|p2a: NegaiHoshi|228\/394
|move|p2a: NegaiHoshi|Wish|p2a: NegaiHoshi
|
|-heal|p2a: NegaiHoshi|252\/394|[from] item: Leftovers
|turn|12
|
|move|p1a: Blastoise|Aura Sphere|p2a: NegaiHoshi
|-supereffective|p2a: NegaiHoshi
|-damage|p2a: NegaiHoshi|72\/394
|move|p2a: NegaiHoshi|Foul Play|p1a: Blastoise
|-crit|p1a: Blastoise
|-damage|p1a: Blastoise|170\/299
|
|-heal|p2a: NegaiHoshi|269\/394|[from] move: Wish|[wisher] NegaiHoshi
|-heal|p2a: NegaiHoshi|293\/394|[from] item: Leftovers
|turn|13
|
|move|p1a: Blastoise|Water Pulse|p2a: NegaiHoshi
|-damage|p2a: NegaiHoshi|175\/394
|move|p2a: NegaiHoshi|Wish|p2a: NegaiHoshi
|
|-heal|p2a: NegaiHoshi|199\/394|[from] item: Leftovers
|turn|14
|
|move|p2a: NegaiHoshi|Protect|p2a: NegaiHoshi
|-singleturn|p2a: NegaiHoshi|Protect
|move|p1a: Blastoise|Dark Pulse|p2a: NegaiHoshi
|-activate|p2a: NegaiHoshi|Protect
|
|-heal|p2a: NegaiHoshi|394\/394|[from] move: Wish|[wisher] NegaiHoshi
|turn|15
|
|move|p1a: Blastoise|Aura Sphere|p2a: NegaiHoshi
|-supereffective|p2a: NegaiHoshi
|-damage|p2a: NegaiHoshi|200\/394
|move|p2a: NegaiHoshi|Wish|p2a: NegaiHoshi
|
|-heal|p2a: NegaiHoshi|224\/394|[from] item: Leftovers
|turn|16
|
|switch|p1a: Suicune|Suicune|404\/404
|-ability|p1a: Suicune|Pressure
|move|p2a: NegaiHoshi|Foul Play|p1a: Suicune
|-damage|p1a: Suicune|350\/404
|
|-heal|p2a: NegaiHoshi|394\/394|[from] move: Wish|[wisher] NegaiHoshi
|-heal|p1a: Suicune|375\/404|[from] item: Leftovers
|turn|17
|
|switch|p2a: Shorinji|Mienshao, M|271\/271
|-damage|p2a: Shorinji|255\/271|[from] Stealth Rock
|move|p1a: Suicune|Calm Mind|p1a: Suicune
|-boost|p1a: Suicune|spa|1
|-boost|p1a: Suicune|spd|1
|
|-heal|p1a: Suicune|400\/404|[from] item: Leftovers
|turn|18
|
|move|p2a: Shorinji|High Jump Kick|p1a: Suicune
|-damage|p1a: Suicune|221\/404
|-damage|p2a: Shorinji|228\/271|[from] item: Life Orb
|move|p1a: Suicune|Calm Mind|p1a: Suicune
|-boost|p1a: Suicune|spa|1
|-boost|p1a: Suicune|spd|1
|
|-heal|p1a: Suicune|246\/404|[from] item: Leftovers
|turn|19
|
|move|p2a: Shorinji|Knock Off|p1a: Suicune
|-damage|p1a: Suicune|143\/404
|-enditem|p1a: Suicune|Leftovers|[from] move: Knock Off|[of] p2a: Shorinji
|-damage|p2a: Shorinji|201\/271|[from] item: Life Orb
|move|p1a: Suicune|Rest|p1a: Suicune
|-status|p1a: Suicune|slp
|-heal|p1a: Suicune|404\/404 slp|[silent]
|-status|p1a: Suicune|slp|[from] move: Rest
|
|turn|20
|
|move|p2a: Shorinji|Poison Jab|p1a: Suicune
|-damage|p1a: Suicune|326\/404 slp
|-damage|p2a: Shorinji|174\/271|[from] item: Life Orb
|cant|p1a: Suicune|slp
|move|p1a: Suicune|Sleep Talk|p1a: Suicune
|move|p1a: Suicune|Scald|p2a: Shorinji|[from]Sleep Talk
|-damage|p2a: Shorinji|0 fnt
|faint|p2a: Shorinji
|
|c|âSjir-sama|woops
|
|switch|p2a: Hiruko|Blastoise, M|362\/362
|-damage|p2a: Hiruko|317\/362|[from] Stealth Rock
|turn|21
|
|detailschange|p2a: Hiruko|Blastoise-Mega, M
|message|Blastoise has Mega Evolved into Mega Blastoise!
|cant|p1a: Suicune|slp
|move|p1a: Suicune|Sleep Talk|p1a: Suicune
|move|p1a: Suicune|Scald|p2a: Hiruko|[from]Sleep Talk
|-resisted|p2a: Hiruko
|-damage|p2a: Hiruko|245\/362
|move|p2a: Hiruko|Roar|p1a: Suicune
|drag|p1a: Noivern|Noivern, F|311\/311
|
|turn|22
|
|switch|p2a: NegaiHoshi|Umbreon, F|394\/394
|-damage|p2a: NegaiHoshi|345\/394|[from] Stealth Rock
|move|p1a: Noivern|Draco Meteor|p2a: NegaiHoshi
|-damage|p2a: NegaiHoshi|174\/394
|-unboost|p1a: Noivern|spa|2
|
|-heal|p2a: NegaiHoshi|198\/394|[from] item: Leftovers
|turn|23
|
|switch|p1a: Suicune|Suicune|326\/404 slp
|-ability|p1a: Suicune|Pressure
|move|p2a: NegaiHoshi|Foul Play|p1a: Suicune
|-damage|p1a: Suicune|271\/404 slp
|
|-heal|p2a: NegaiHoshi|222\/394|[from] item: Leftovers
|turn|24
|
|switch|p2a: Susano|Jolteon, M|111\/272
|-damage|p2a: Susano|77\/272|[from] Stealth Rock
|-curestatus|p1a: Suicune|slp
|move|p1a: Suicune|Calm Mind|p1a: Suicune
|-boost|p1a: Suicune|spa|1
|-boost|p1a: Suicune|spd|1
|
|turn|25
|
|move|p2a: Susano|Thunderbolt|p1a: Suicune
|-supereffective|p1a: Suicune
|-damage|p1a: Suicune|1\/404
|-status|p1a: Suicune|par
|move|p1a: Suicune|Rest|p1a: Suicune
|-status|p1a: Suicune|slp
|-heal|p1a: Suicune|404\/404 slp|[silent]
|-status|p1a: Suicune|slp|[from] move: Rest
|
|turn|26
|
|move|p2a: Susano|Thunderbolt|p1a: Suicune
|-supereffective|p1a: Suicune
|-damage|p1a: Suicune|146\/404 slp
|cant|p1a: Suicune|slp
|move|p1a: Suicune|Sleep Talk|p1a: Suicune
|move|p1a: Suicune|Calm Mind|p1a: Suicune|[from]Sleep Talk
|-boost|p1a: Suicune|spa|1
|-boost|p1a: Suicune|spd|1
|
|turn|27
|
|move|p2a: Susano|Thunderbolt|p1a: Suicune
|-supereffective|p1a: Suicune
|-damage|p1a: Suicune|0 fnt
|faint|p1a: Suicune
|
|
|switch|p1a: Noivern|Noivern, F|311\/311
|turn|28
|
|switch|p2a: Matsumi|Torterra, M|394\/394
|-damage|p2a: Matsumi|370\/394|[from] Stealth Rock
|move|p1a: Noivern|Draco Meteor|p2a: Matsumi
|-damage|p2a: Matsumi|24\/394
|-unboost|p1a: Noivern|spa|2
|
|-heal|p2a: Matsumi|48\/394|[from] item: Leftovers
|turn|29
|
|move|p1a: Noivern|Draco Meteor|p2a: Matsumi|[miss]
|-miss|p1a: Noivern|p2a: Matsumi
|move|p2a: Matsumi|Leech Seed|p1a: Noivern
|-start|p1a: Noivern|move: Leech Seed
|
|-heal|p2a: Matsumi|72\/394|[from] item: Leftovers
|-damage|p1a: Noivern|273\/311|[from] Leech Seed|[of] p2a: Matsumi
|-heal|p2a: Matsumi|110\/394|[silent]
|turn|30
|
|switch|p1a: Blastoise|Blastoise-Mega, F|170\/299
|move|p2a: Matsumi|Wood Hammer|p1a: Blastoise
|-supereffective|p1a: Blastoise
|-damage|p1a: Blastoise|0 fnt
|-damage|p2a: Matsumi|54\/394|[from] recoil|[of] p1a: Blastoise
|faint|p1a: Blastoise
|
|-heal|p2a: Matsumi|78\/394|[from] item: Leftovers
|-message|Vikash445 forfeited.
|
|win|Sjir-sama
|raw|Ladder updating...
|leave|Vikash445
|player|p1
|raw|Vikash445's rating: 1363 &rarr; <strong>1344<\/strong><br \/>(-19 for losing)
|raw|Sjir-sama's rating: 1381 &rarr; <strong>1400<\/strong><br \/>(+19 for winning)