|join|Sjir-sama
|join|Eliot Rodger
|player|p1|Sjir-sama|164
|player|p2|Eliot Rodger|107
|gametype|singles
|gen|6
|tier|UU
|rated
|rule|Sleep Clause Mod: Limit one foe put to sleep
|rule|Species Clause: Limit one of each PokÃ©mon
|rule|OHKO Clause: OHKO moves are banned
|rule|Moody Clause: Moody is banned
|rule|Evasion Moves Clause: Evasion moves are banned
|rule|Endless Battle Clause: Forcing endless battles is banned
|rule|HP Percentage Mod: HP is shown in percentages
|clearpoke
|poke|p1|Jolteon, M
|poke|p1|Torterra, M
|poke|p1|Umbreon, F
|poke|p1|Blastoise, M
|poke|p1|Mienshao, M
|poke|p1|Chandelure, F
|poke|p2|Lucario, M
|poke|p2|Hippowdon, M
|poke|p2|Mienshao, M
|poke|p2|Raikou
|poke|p2|Entei, shiny
|poke|p2|Starmie
|rule|Swagger Clause: Swagger is banned
|rule|Baton Pass Clause: Limit one PokÃ©mon knowing Baton Pass
|teampreview
|join|YESSTYLE
|
|start
|switch|p1a: Hiruko|Blastoise, M|362\/362
|switch|p2a: Dog|Entei, shiny|371\/371
|-ability|p2a: Dog|Pressure
|turn|1
|
|switch|p2a: Wetter Is Better|Starmie|261\/261
|detailschange|p1a: Hiruko|Blastoise-Mega, M
|message|Blastoise has Mega Evolved into Mega Blastoise!
|move|p1a: Hiruko|Water Pulse|p2a: Wetter Is Better
|-resisted|p2a: Wetter Is Better
|-damage|p2a: Wetter Is Better|183\/261
|
|turn|2
|
|switch|p2a: God|Raikou|321\/321
|-ability|p2a: God|Pressure
|switch|p1a: NegaiHoshi|Umbreon, F|394\/394
|
|turn|3
|
|switch|p2a: Hungry Hungry|Hippowdon, M|420\/420
|-weather|Sandstorm
|move|p1a: NegaiHoshi|Foul Play|p2a: Hungry Hungry
|-damage|p2a: Hungry Hungry|347\/420
|
|-weather|Sandstorm|[upkeep]
|-damage|p1a: NegaiHoshi|370\/394|[from] sandstorm
|-heal|p1a: NegaiHoshi|394\/394|[from] item: Leftovers
|-heal|p2a: Hungry Hungry|373\/420|[from] item: Leftovers
|turn|4
|
|switch|p1a: Matsumi|Torterra, M|394\/394
|move|p2a: Hungry Hungry|Stealth Rock|p1a: Matsumi
|-sidestart|p1: Sjir-sama|move: Stealth Rock
|
|-weather|Sandstorm|[upkeep]
|-heal|p2a: Hungry Hungry|399\/420|[from] item: Leftovers
|turn|5
|
|switch|p2a: Dog|Entei, shiny|371\/371
|-ability|p2a: Dog|Pressure
|move|p1a: Matsumi|Earthquake|p2a: Dog
|-supereffective|p2a: Dog
|-damage|p2a: Dog|71\/371
|
|-weather|Sandstorm|[upkeep]
|-damage|p2a: Dog|48\/371|[from] sandstorm
|turn|6
|
|switch|p1a: Shiranui|Chandelure, F|261\/261
|-damage|p1a: Shiranui|196\/261|[from] Stealth Rock
|move|p2a: Dog|Stone Edge|p1a: Shiranui
|-supereffective|p1a: Shiranui
|-damage|p1a: Shiranui|0 fnt
|faint|p1a: Shiranui
|
|-weather|Sandstorm|[upkeep]
|-damage|p2a: Dog|25\/371|[from] sandstorm
|
|switch|p1a: Susano|Jolteon, M|272\/272
|-damage|p1a: Susano|238\/272|[from] Stealth Rock
|turn|7
|
|switch|p2a: Hungry Hungry|Hippowdon, M|399\/420
|move|p1a: Susano|Volt Switch|p2a: Hungry Hungry
|-immune|p2a: Hungry Hungry|[msg]
|
|-weather|none
|-heal|p2a: Hungry Hungry|420\/420|[from] item: Leftovers
|turn|8
|
|switch|p1a: Matsumi|Torterra, M|394\/394
|-damage|p1a: Matsumi|370\/394|[from] Stealth Rock
|move|p2a: Hungry Hungry|Earthquake|p1a: Matsumi
|-resisted|p1a: Matsumi
|-damage|p1a: Matsumi|325\/394
|
|-heal|p1a: Matsumi|349\/394|[from] item: Leftovers
|turn|9
|
|move|p1a: Matsumi|Stealth Rock|p2a: Hungry Hungry
|-sidestart|p2: Eliot Rodger|move: Stealth Rock
|move|p2a: Hungry Hungry|Stone Edge|p1a: Matsumi|[miss]
|-miss|p2a: Hungry Hungry|p1a: Matsumi
|
|-heal|p1a: Matsumi|373\/394|[from] item: Leftovers
|turn|10
|
|move|p1a: Matsumi|Earthquake|p2a: Hungry Hungry
|-crit|p2a: Hungry Hungry
|-damage|p2a: Hungry Hungry|288\/420
|move|p2a: Hungry Hungry|Earthquake|p1a: Matsumi
|-resisted|p1a: Matsumi
|-damage|p1a: Matsumi|328\/394
|
|-heal|p1a: Matsumi|352\/394|[from] item: Leftovers
|-heal|p2a: Hungry Hungry|314\/420|[from] item: Leftovers
|turn|11
|
|move|p1a: Matsumi|Leech Seed|p2a: Hungry Hungry
|-start|p2a: Hungry Hungry|move: Leech Seed
|move|p2a: Hungry Hungry|Earthquake|p1a: Matsumi
|-crit|p1a: Matsumi
|-resisted|p1a: Matsumi
|-damage|p1a: Matsumi|288\/394
|
|-heal|p1a: Matsumi|312\/394|[from] item: Leftovers
|-heal|p2a: Hungry Hungry|340\/420|[from] item: Leftovers
|-damage|p2a: Hungry Hungry|288\/420|[from] Leech Seed|[of] p1a: Matsumi
|-heal|p1a: Matsumi|364\/394|[silent]
|turn|12
|
|switch|p2a: Ich Tu Dir Weh|Lucario, M|281\/281
|-damage|p2a: Ich Tu Dir Weh|273\/281|[from] Stealth Rock
|move|p1a: Matsumi|Earthquake|p2a: Ich Tu Dir Weh
|-supereffective|p2a: Ich Tu Dir Weh
|-damage|p2a: Ich Tu Dir Weh|0 fnt
|faint|p2a: Ich Tu Dir Weh
|
|-heal|p1a: Matsumi|388\/394|[from] item: Leftovers
|
|switch|p2a: Wetter Is Better|Starmie|183\/261
|-damage|p2a: Wetter Is Better|151\/261|[from] Stealth Rock
|turn|13
|
|switch|p1a: NegaiHoshi|Umbreon, F|394\/394
|-damage|p1a: NegaiHoshi|345\/394|[from] Stealth Rock
|move|p2a: Wetter Is Better|Ice Beam|p1a: NegaiHoshi
|-damage|p1a: NegaiHoshi|255\/394
|-damage|p2a: Wetter Is Better|125\/261|[from] item: Life Orb
|
|-heal|p1a: NegaiHoshi|279\/394|[from] item: Leftovers
|turn|14
|
|move|p2a: Wetter Is Better|Rapid Spin|p1a: NegaiHoshi
|-damage|p1a: NegaiHoshi|266\/394
|-sideend|p2: Eliot Rodger|Stealth Rock|[from] move: Rapid Spin|[of] p2a: Wetter Is Better
|-damage|p2a: Wetter Is Better|99\/261|[from] item: Life Orb
|move|p1a: NegaiHoshi|Foul Play|p2a: Wetter Is Better
|-supereffective|p2a: Wetter Is Better
|-damage|p2a: Wetter Is Better|0 fnt
|faint|p2a: Wetter Is Better
|
|-heal|p1a: NegaiHoshi|290\/394|[from] item: Leftovers
|
|switch|p2a: Dog|Entei, shiny|25\/371
|-ability|p2a: Dog|Pressure
|turn|15
|
|move|p1a: NegaiHoshi|Protect|p1a: NegaiHoshi
|-singleturn|p1a: NegaiHoshi|Protect
|move|p2a: Dog|Sacred Fire|p1a: NegaiHoshi
|-activate|p1a: NegaiHoshi|Protect
|
|-heal|p1a: NegaiHoshi|314\/394|[from] item: Leftovers
|turn|16
|
|switch|p2a: God|Raikou|321\/321
|-ability|p2a: God|Pressure
|move|p1a: NegaiHoshi|Foul Play|p2a: God
|-damage|p2a: God|228\/321
|
|-heal|p1a: NegaiHoshi|338\/394|[from] item: Leftovers
|turn|17
|
|switch|p2a: Bukakke Queen|Mienshao, M|271\/271
|move|p1a: NegaiHoshi|Foul Play|p2a: Bukakke Queen
|-resisted|p2a: Bukakke Queen
|-damage|p2a: Bukakke Queen|145\/271
|
|-heal|p1a: NegaiHoshi|362\/394|[from] item: Leftovers
|turn|18
|
|switch|p2a: Hungry Hungry|Hippowdon, M|288\/420
|-weather|Sandstorm
|move|p1a: NegaiHoshi|Foul Play|p2a: Hungry Hungry
|-damage|p2a: Hungry Hungry|215\/420
|
|-weather|Sandstorm|[upkeep]
|-damage|p1a: NegaiHoshi|338\/394|[from] sandstorm
|-heal|p1a: NegaiHoshi|362\/394|[from] item: Leftovers
|-heal|p2a: Hungry Hungry|241\/420|[from] item: Leftovers
|turn|19
|
|switch|p1a: Matsumi|Torterra, M|388\/394
|-damage|p1a: Matsumi|364\/394|[from] Stealth Rock
|move|p2a: Hungry Hungry|Earthquake|p1a: Matsumi
|-resisted|p1a: Matsumi
|-damage|p1a: Matsumi|322\/394
|
|-weather|Sandstorm|[upkeep]
|-heal|p1a: Matsumi|346\/394|[from] item: Leftovers
|-heal|p2a: Hungry Hungry|267\/420|[from] item: Leftovers
|turn|20
|
|switch|p2a: Bukakke Queen|Mienshao, M|145\/271
|move|p1a: Matsumi|Earthquake|p2a: Bukakke Queen
|-damage|p2a: Bukakke Queen|0 fnt
|faint|p2a: Bukakke Queen
|
|-weather|Sandstorm|[upkeep]
|-heal|p1a: Matsumi|370\/394|[from] item: Leftovers
|c|âEliot Rodger|gg
|
|switch|p2a: Dog|Entei, shiny|25\/371
|-ability|p2a: Dog|Pressure
|turn|21
|-message|Eliot Rodger forfeited.
|leave|Eliot Rodger
|
|win|Sjir-sama
|raw|Ladder updating...
|player|p2
|raw|Sjir-sama's rating: 1368 &rarr; <strong>1393<\/strong><br \/>(+25 for winning)
|raw|Eliot Rodger's rating: 1463 &rarr; <strong>1438<\/strong><br \/>(-25 for losing)
|leave|YESSTYLE