|join|Sjir-sama
|join|Akanne
|player|p1|Sjir-sama|164
|player|p2|Akanne|237
|gametype|singles
|gen|6
|tier|UU
|rule|Sleep Clause Mod: Limit one foe put to sleep
|rule|Species Clause: Limit one of each PokÃ©mon
|rule|OHKO Clause: OHKO moves are banned
|rule|Moody Clause: Moody is banned
|rule|Evasion Moves Clause: Evasion moves are banned
|rule|Endless Battle Clause: Forcing endless battles is banned
|rule|HP Percentage Mod: HP is shown in percentages
|clearpoke
|poke|p1|Sceptile, M
|poke|p1|Infernape, M
|poke|p1|Crobat, M
|poke|p1|Umbreon, F
|poke|p1|Rhyperior, F
|poke|p1|Suicune
|poke|p2|Arcanine, M
|poke|p2|Togekiss, F
|poke|p2|Aggron, F
|poke|p2|Jirachi
|poke|p2|Suicune
|poke|p2|Blissey, F
|rule|Swagger Clause: Swagger is banned
|rule|Baton Pass Clause: Limit one PokÃ©mon knowing Baton Pass
|teampreview
|join|Frickett
|
|start
|switch|p1a: Yunikon|Rhyperior, F|434\/434
|switch|p2a: Arcanine|Arcanine, M|383\/383
|-ability|p2a: Arcanine|Intimidate|[of] p1a: Yunikon
|-unboost|p1a: Yunikon|atk|1
|turn|1
|
|move|p2a: Arcanine|Will-O-Wisp|p1a: Yunikon
|-status|p1a: Yunikon|brn
|move|p1a: Yunikon|Stealth Rock|p2a: Arcanine
|-sidestart|p2: Akanne|move: Stealth Rock
|
|-damage|p1a: Yunikon|380\/434 brn|[from] brn
|turn|2
|
|switch|p2a: Togekiss|Togekiss, F|374\/374
|-damage|p2a: Togekiss|281\/374|[from] Stealth Rock
|switch|p1a: NegaiHoshi|Umbreon, F|394\/394
|
|-heal|p2a: Togekiss|304\/374|[from] item: Leftovers
|turn|3
|
|switch|p1a: Hikari|Suicune|404\/404
|-ability|p1a: Hikari|Pressure
|move|p2a: Togekiss|Dazzling Gleam|p1a: Hikari
|-damage|p1a: Hikari|299\/404
|
|-heal|p1a: Hikari|324\/404|[from] item: Leftovers
|-heal|p2a: Togekiss|327\/374|[from] item: Leftovers
|turn|4
|
|move|p1a: Hikari|Scald|p2a: Togekiss
|-damage|p2a: Togekiss|273\/374
|-status|p2a: Togekiss|brn
|move|p2a: Togekiss|Air Slash|p1a: Hikari
|-damage|p1a: Hikari|237\/404
|
|-heal|p1a: Hikari|262\/404|[from] item: Leftovers
|-heal|p2a: Togekiss|296\/374 brn|[from] item: Leftovers
|-damage|p2a: Togekiss|250\/374 brn|[from] brn
|turn|5
|join|Cinco Diablo
|leave|Cinco Diablo
|
|move|p1a: Hikari|Calm Mind|p1a: Hikari
|-boost|p1a: Hikari|spa|1
|-boost|p1a: Hikari|spd|1
|move|p2a: Togekiss|Heal Bell|p2a: Togekiss
|-cureteam|p2a: Togekiss|[from] move: HealBell
|
|-heal|p1a: Hikari|287\/404|[from] item: Leftovers
|-heal|p2a: Togekiss|273\/374|[from] item: Leftovers
|turn|6
|
|move|p1a: Hikari|Scald|p2a: Togekiss
|-damage|p2a: Togekiss|189\/374
|move|p2a: Togekiss|Roost|p2a: Togekiss
|-heal|p2a: Togekiss|374\/374
|
|-heal|p1a: Hikari|312\/404|[from] item: Leftovers
|turn|7
|
|switch|p2a: Suicune|Suicune|404\/404
|-damage|p2a: Suicune|354\/404|[from] Stealth Rock
|-ability|p2a: Suicune|Pressure
|move|p1a: Hikari|Calm Mind|p1a: Hikari
|-boost|p1a: Hikari|spa|1
|-boost|p1a: Hikari|spd|1
|
|-heal|p2a: Suicune|379\/404|[from] item: Leftovers
|-heal|p1a: Hikari|337\/404|[from] item: Leftovers
|turn|8
|
|switch|p1a: Ryuuji|Sceptile, M|282\/282
|move|p2a: Suicune|Calm Mind|p2a: Suicune
|-boost|p2a: Suicune|spa|1
|-boost|p2a: Suicune|spd|1
|
|-heal|p2a: Suicune|404\/404|[from] item: Leftovers
|turn|9
|
|move|p1a: Ryuuji|Giga Drain|p2a: Suicune
|-supereffective|p2a: Suicune
|-damage|p2a: Suicune|222\/404
|-damage|p1a: Ryuuji|254\/282|[from] item: Life Orb
|move|p2a: Suicune|Scald|p1a: Ryuuji
|-resisted|p1a: Ryuuji
|-damage|p1a: Ryuuji|176\/282
|
|-heal|p2a: Suicune|247\/404|[from] item: Leftovers
|turn|10
|
|switch|p2a: Blissey|Blissey, F|714\/714
|-damage|p2a: Blissey|625\/714|[from] Stealth Rock
|move|p1a: Ryuuji|Leaf Storm|p2a: Blissey
|-damage|p2a: Blissey|422\/714
|-unboost|p1a: Ryuuji|spa|2
|-damage|p1a: Ryuuji|148\/282|[from] item: Life Orb
|
|-heal|p2a: Blissey|466\/714|[from] item: Leftovers
|turn|11
|
|switch|p1a: Kaizaru|Infernape, M|293\/293
|move|p2a: Blissey|Wish|p2a: Blissey
|
|-heal|p2a: Blissey|510\/714|[from] item: Leftovers
|turn|12
|
|switch|p2a: Suicune|Suicune|247\/404
|-damage|p2a: Suicune|197\/404|[from] Stealth Rock
|-ability|p2a: Suicune|Pressure
|move|p1a: Kaizaru|U-turn|p2a: Suicune
|-damage|p2a: Suicune|133\/404
|
|switch|p1a: Ryuuji|Sceptile, M|148\/282
|
|-heal|p2a: Suicune|404\/404|[from] move: Wish|[wisher] Blissey
|turn|13
|
|switch|p2a: Blissey|Blissey, F|510\/714
|-damage|p2a: Blissey|421\/714|[from] Stealth Rock
|move|p1a: Ryuuji|Giga Drain|p2a: Blissey
|-damage|p2a: Blissey|299\/714
|-heal|p1a: Ryuuji|209\/282|[from] drain|[of] p2a: Blissey
|-damage|p1a: Ryuuji|181\/282|[from] item: Life Orb
|
|-heal|p2a: Blissey|343\/714|[from] item: Leftovers
|turn|14
|
|move|p1a: Ryuuji|Giga Drain|p2a: Blissey
|-damage|p2a: Blissey|225\/714
|-heal|p1a: Ryuuji|240\/282|[from] drain|[of] p2a: Blissey
|-damage|p1a: Ryuuji|212\/282|[from] item: Life Orb
|move|p2a: Blissey|Wish|p2a: Blissey
|
|-heal|p2a: Blissey|269\/714|[from] item: Leftovers
|turn|15
|
|switch|p1a: Kaizaru|Infernape, M|293\/293
|move|p2a: Blissey|Protect|p2a: Blissey
|-fail|p2a: Blissey
|
|-heal|p2a: Blissey|626\/714|[from] move: Wish|[wisher] Blissey
|-heal|p2a: Blissey|670\/714|[from] item: Leftovers
|turn|16
|
|move|p2a: Blissey|Protect|p2a: Blissey
|-singleturn|p2a: Blissey|Protect
|move|p1a: Kaizaru|Close Combat|p2a: Blissey
|-activate|p2a: Blissey|Protect
|
|-heal|p2a: Blissey|714\/714|[from] item: Leftovers
|turn|17
|
|switch|p1a: Hikari|Suicune|337\/404
|-ability|p1a: Hikari|Pressure
|switch|p2a: Arcanine|Arcanine, M|383\/383
|-damage|p2a: Arcanine|288\/383|[from] Stealth Rock
|-ability|p2a: Arcanine|Intimidate|[of] p1a: Hikari
|-unboost|p1a: Hikari|atk|1
|
|-heal|p2a: Arcanine|311\/383|[from] item: Leftovers
|-heal|p1a: Hikari|362\/404|[from] item: Leftovers
|turn|18
|
|switch|p2a: Suicune|Suicune|404\/404
|-damage|p2a: Suicune|354\/404|[from] Stealth Rock
|-ability|p2a: Suicune|Pressure
|move|p1a: Hikari|Scald|p2a: Suicune
|-crit|p2a: Suicune
|-resisted|p2a: Suicune
|-damage|p2a: Suicune|298\/404
|
|-heal|p2a: Suicune|323\/404|[from] item: Leftovers
|-heal|p1a: Hikari|387\/404|[from] item: Leftovers
|turn|19
|
|switch|p1a: Ryuuji|Sceptile, M|212\/282
|move|p2a: Suicune|Scald|p1a: Ryuuji
|-resisted|p1a: Ryuuji
|-damage|p1a: Ryuuji|164\/282
|
|-heal|p2a: Suicune|348\/404|[from] item: Leftovers
|turn|20
|
|switch|p2a: Blissey|Blissey, F|714\/714
|-damage|p2a: Blissey|625\/714|[from] Stealth Rock
|move|p1a: Ryuuji|Giga Drain|p2a: Blissey
|-damage|p2a: Blissey|503\/714
|-heal|p1a: Ryuuji|225\/282|[from] drain|[of] p2a: Blissey
|-damage|p1a: Ryuuji|197\/282|[from] item: Life Orb
|
|-heal|p2a: Blissey|547\/714|[from] item: Leftovers
|turn|21
|
|switch|p1a: NegaiHoshi|Umbreon, F|394\/394
|move|p2a: Blissey|Wish|p2a: Blissey
|
|-heal|p2a: Blissey|591\/714|[from] item: Leftovers
|turn|22
|
|switch|p2a: Aggron|Aggron, F|344\/344
|-damage|p2a: Aggron|323\/344|[from] Stealth Rock
|move|p1a: NegaiHoshi|Heal Bell|p1a: NegaiHoshi
|-cureteam|p1a: NegaiHoshi|[from] move: HealBell
|
|-heal|p2a: Aggron|344\/344|[from] move: Wish|[wisher] Blissey
|turn|23
|join|Cinco Diablo
|
|switch|p1a: Hikari|Suicune|387\/404
|-ability|p1a: Hikari|Pressure
|detailschange|p2a: Aggron|Aggron-Mega, F
|message|Aggron has Mega Evolved into Mega Aggron!
|move|p2a: Aggron|Stealth Rock|p1a: Hikari
|-sidestart|p1: Sjir-sama|move: Stealth Rock
|
|-heal|p1a: Hikari|404\/404|[from] item: Leftovers
|turn|24
|
|move|p1a: Hikari|Calm Mind|p1a: Hikari
|-boost|p1a: Hikari|spa|1
|-boost|p1a: Hikari|spd|1
|move|p2a: Aggron|Thunder Wave|p1a: Hikari
|-status|p1a: Hikari|par
|
|turn|25
|join|rmb98
|
|switch|p2a: Suicune|Suicune|348\/404
|-damage|p2a: Suicune|298\/404|[from] Stealth Rock
|-ability|p2a: Suicune|Pressure
|move|p1a: Hikari|Calm Mind|p1a: Hikari
|-boost|p1a: Hikari|spa|1
|-boost|p1a: Hikari|spd|1
|
|-heal|p2a: Suicune|323\/404|[from] item: Leftovers
|turn|26
|
|move|p2a: Suicune|Calm Mind|p2a: Suicune
|-boost|p2a: Suicune|spa|1
|-boost|p2a: Suicune|spd|1
|cant|p1a: Hikari|par
|
|-heal|p2a: Suicune|348\/404|[from] item: Leftovers
|turn|27
|
|switch|p1a: Ryuuji|Sceptile, M|197\/282
|-damage|p1a: Ryuuji|162\/282|[from] Stealth Rock
|move|p2a: Suicune|Calm Mind|p2a: Suicune
|-boost|p2a: Suicune|spa|1
|-boost|p2a: Suicune|spd|1
|
|-heal|p2a: Suicune|373\/404|[from] item: Leftovers
|turn|28
|
|move|p1a: Ryuuji|Giga Drain|p2a: Suicune
|-supereffective|p2a: Suicune
|-damage|p2a: Suicune|225\/404
|-heal|p1a: Ryuuji|236\/282|[from] drain|[of] p2a: Suicune
|-damage|p1a: Ryuuji|208\/282|[from] item: Life Orb
|move|p2a: Suicune|Scald|p1a: Ryuuji
|-resisted|p1a: Ryuuji
|-damage|p1a: Ryuuji|111\/282
|
|-heal|p2a: Suicune|250\/404|[from] item: Leftovers
|turn|29
|leave|Cinco Diablo
|
|switch|p2a: Togekiss|Togekiss, F|374\/374
|-damage|p2a: Togekiss|281\/374|[from] Stealth Rock
|move|p1a: Ryuuji|Giga Drain|p2a: Togekiss
|-resisted|p2a: Togekiss
|-damage|p2a: Togekiss|230\/374
|-heal|p1a: Ryuuji|137\/282|[from] drain|[of] p2a: Togekiss
|-damage|p1a: Ryuuji|109\/282|[from] item: Life Orb
|
|-heal|p2a: Togekiss|253\/374|[from] item: Leftovers
|turn|30
|
|switch|p1a: Onimori|Crobat, M|373\/373
|-damage|p1a: Onimori|280\/373|[from] Stealth Rock
|move|p2a: Togekiss|Roost|p2a: Togekiss
|-heal|p2a: Togekiss|374\/374
|
|-heal|p1a: Onimori|303\/373|[from] item: Black Sludge
|turn|31
|
|switch|p2a: Aggron|Aggron-Mega, F|344\/344
|-damage|p2a: Aggron|323\/344|[from] Stealth Rock
|move|p1a: Onimori|U-turn|p2a: Aggron
|-resisted|p2a: Aggron
|-damage|p2a: Aggron|311\/344
|
|switch|p1a: Hikari|Suicune|404\/404 par
|-damage|p1a: Hikari|354\/404 par|[from] Stealth Rock
|-ability|p1a: Hikari|Pressure
|
|-heal|p1a: Hikari|379\/404 par|[from] item: Leftovers
|turn|32
|
|switch|p2a: Suicune|Suicune|250\/404
|-damage|p2a: Suicune|200\/404|[from] Stealth Rock
|-ability|p2a: Suicune|Pressure
|move|p1a: Hikari|Scald|p2a: Suicune
|-resisted|p2a: Suicune
|-damage|p2a: Suicune|161\/404
|
|-heal|p2a: Suicune|186\/404|[from] item: Leftovers
|-heal|p1a: Hikari|404\/404 par|[from] item: Leftovers
|turn|33
|
|switch|p1a: Kaizaru|Infernape, M|293\/293
|-damage|p1a: Kaizaru|257\/293|[from] Stealth Rock
|move|p2a: Suicune|Rest|p2a: Suicune
|-status|p2a: Suicune|slp
|-heal|p2a: Suicune|404\/404 slp|[silent]
|-status|p2a: Suicune|slp|[from] move: Rest
|
|turn|34
|
|move|p1a: Kaizaru|Close Combat|p2a: Suicune
|-damage|p2a: Suicune|233\/404 slp
|-unboost|p1a: Kaizaru|def|1
|-unboost|p1a: Kaizaru|spd|1
|cant|p2a: Suicune|slp
|move|p2a: Suicune|Sleep Talk|p2a: Suicune
|move|p2a: Suicune|Scald|p1a: Kaizaru|[from]Sleep Talk
|-supereffective|p1a: Kaizaru
|-damage|p1a: Kaizaru|0 fnt
|faint|p1a: Kaizaru
|
|-heal|p2a: Suicune|258\/404 slp|[from] item: Leftovers
|
|switch|p1a: Ryuuji|Sceptile, M|109\/282
|-damage|p1a: Ryuuji|74\/282|[from] Stealth Rock
|turn|35
|
|switch|p2a: Togekiss|Togekiss, F|374\/374
|-damage|p2a: Togekiss|281\/374|[from] Stealth Rock
|move|p1a: Ryuuji|Focus Blast|p2a: Togekiss|[miss]
|-miss|p1a: Ryuuji|p2a: Togekiss
|
|-heal|p2a: Togekiss|304\/374|[from] item: Leftovers
|turn|36
|
|move|p1a: Ryuuji|Leaf Storm|p2a: Togekiss
|-resisted|p2a: Togekiss
|-damage|p2a: Togekiss|156\/374
|-unboost|p1a: Ryuuji|spa|2
|-damage|p1a: Ryuuji|46\/282|[from] item: Life Orb
|move|p2a: Togekiss|Air Slash|p1a: Ryuuji|[miss]
|-miss|p2a: Togekiss|p1a: Ryuuji
|
|-heal|p2a: Togekiss|179\/374|[from] item: Leftovers
|turn|37
|c|âSjir-sama|meh, gg
|-message|Sjir-sama forfeited.
|
|win|Akanne
|leave|rmb98
|c|âAkanne|gg
|leave|Sjir-sama
|player|p1