|join|pfzl1ght
|join|Sjir-sama
|player|p1|pfzl1ght|192
|player|p2|Sjir-sama|164
|gametype|singles
|gen|6
|tier|UU
|rated
|rule|Sleep Clause Mod: Limit one foe put to sleep
|rule|Species Clause: Limit one of each PokÃ©mon
|rule|OHKO Clause: OHKO moves are banned
|rule|Moody Clause: Moody is banned
|rule|Evasion Moves Clause: Evasion moves are banned
|rule|Endless Battle Clause: Forcing endless battles is banned
|rule|HP Percentage Mod: HP is shown in percentages
|clearpoke
|poke|p1|Crobat, M
|poke|p1|Heliolisk, M
|poke|p1|Swampert, M
|poke|p1|Shiftry, F
|poke|p1|Entei, shiny
|poke|p1|Aromatisse, F
|poke|p2|Sceptile, M
|poke|p2|Infernape, M
|poke|p2|Crobat, M
|poke|p2|Umbreon, F
|poke|p2|Rhyperior, F
|poke|p2|Suicune
|rule|Swagger Clause: Swagger is banned
|rule|Baton Pass Clause: Limit one PokÃ©mon knowing Baton Pass
|teampreview
|join|bmcgc
|
|start
|switch|p1a: Crobat|Crobat, M|311\/311
|switch|p2a: Hikari|Suicune|404\/404
|-ability|p2a: Hikari|Pressure
|turn|1
|
|move|p1a: Crobat|U-turn|p2a: Hikari
|-damage|p2a: Hikari|332\/404
|
|switch|p1a: Heliolisk|Heliolisk, M|266\/266
|move|p2a: Hikari|Scald|p1a: Heliolisk
|-immune|p1a: Heliolisk|[msg]
|
|-heal|p2a: Hikari|357\/404|[from] item: Leftovers
|turn|2
|
|switch|p2a: NegaiHoshi|Umbreon, F|394\/394
|move|p1a: Heliolisk|Focus Blast|p2a: NegaiHoshi
|-crit|p2a: NegaiHoshi
|-supereffective|p2a: NegaiHoshi
|-damage|p2a: NegaiHoshi|160\/394
|
|-heal|p2a: NegaiHoshi|184\/394|[from] item: Leftovers
|turn|3
|
|move|p1a: Heliolisk|Focus Blast|p2a: NegaiHoshi
|-supereffective|p2a: NegaiHoshi
|-damage|p2a: NegaiHoshi|44\/394
|move|p2a: NegaiHoshi|Wish|p2a: NegaiHoshi
|
|-heal|p2a: NegaiHoshi|68\/394|[from] item: Leftovers
|turn|4
|leave|bmcgc
|
|switch|p1a: Entei|Entei, shiny|371\/371
|-ability|p1a: Entei|Pressure
|move|p2a: NegaiHoshi|Protect|p2a: NegaiHoshi
|-fail|p2a: NegaiHoshi
|
|-heal|p2a: NegaiHoshi|265\/394|[from] move: Wish|[wisher] NegaiHoshi
|-heal|p2a: NegaiHoshi|289\/394|[from] item: Leftovers
|turn|5
|
|move|p2a: NegaiHoshi|Protect|p2a: NegaiHoshi
|-singleturn|p2a: NegaiHoshi|Protect
|move|p1a: Entei|Sacred Fire|p2a: NegaiHoshi
|-activate|p2a: NegaiHoshi|Protect
|
|-heal|p2a: NegaiHoshi|313\/394|[from] item: Leftovers
|turn|6
|
|switch|p2a: Hikari|Suicune|357\/404
|-ability|p2a: Hikari|Pressure
|move|p1a: Entei|Sacred Fire|p2a: Hikari
|-resisted|p2a: Hikari
|-damage|p2a: Hikari|297\/404
|
|-heal|p2a: Hikari|322\/404|[from] item: Leftovers
|turn|7
|
|switch|p1a: Aromatisse|Aromatisse, F|406\/406
|switch|p2a: NegaiHoshi|Umbreon, F|313\/394
|
|-heal|p2a: NegaiHoshi|337\/394|[from] item: Leftovers
|turn|8
|
|switch|p2a: Yunikon|Rhyperior, F|434\/434
|move|p1a: Aromatisse|Wish|p1a: Aromatisse
|
|turn|9
|
|switch|p1a: Swampert|Swampert, M|404\/404
|move|p2a: Yunikon|Megahorn|p1a: Swampert
|-damage|p1a: Swampert|279\/404
|
|-heal|p1a: Swampert|404\/404|[from] move: Wish|[wisher] Aromatisse
|turn|10
|
|switch|p2a: Ryuuji|Sceptile, M|282\/282
|move|p1a: Swampert|Stealth Rock|p2a: Ryuuji
|-sidestart|p2: Sjir-sama|move: Stealth Rock
|
|turn|11
|
|switch|p1a: Crobat|Crobat, M|311\/311
|move|p2a: Ryuuji|Giga Drain|p1a: Crobat
|-resisted|p1a: Crobat
|-damage|p1a: Crobat|264\/311
|-damage|p2a: Ryuuji|254\/282|[from] item: Life Orb
|
|turn|12
|
|switch|p2a: Yunikon|Rhyperior, F|434\/434
|-damage|p2a: Yunikon|407\/434|[from] Stealth Rock
|move|p1a: Crobat|U-turn|p2a: Yunikon
|-damage|p2a: Yunikon|325\/434
|
|switch|p1a: Shiftry|Shiftry, F|321\/321
|
|-heal|p2a: Yunikon|352\/434|[from] item: Leftovers
|turn|13
|
|switch|p2a: Onimori|Crobat, M|373\/373
|-damage|p2a: Onimori|280\/373|[from] Stealth Rock
|move|p1a: Shiftry|Leaf Storm|p2a: Onimori|[miss]
|-miss|p1a: Shiftry|p2a: Onimori
|
|-heal|p2a: Onimori|303\/373|[from] item: Black Sludge
|turn|14
|
|switch|p1a: Swampert|Swampert, M|404\/404
|move|p2a: Onimori|Defog|p1a: Swampert
|-unboost|p1a: Swampert|evasion|1
|-sideend|p2: Sjir-sama|Stealth Rock|[from] move: Defog|[of] p2a: Onimori
|
|-heal|p2a: Onimori|326\/373|[from] item: Black Sludge
|turn|15
|
|move|p2a: Onimori|U-turn|p1a: Swampert
|-damage|p1a: Swampert|361\/404
|
|switch|p2a: Ryuuji|Sceptile, M|254\/282
|move|p1a: Swampert|Stealth Rock|p2a: Ryuuji
|-sidestart|p2: Sjir-sama|move: Stealth Rock
|
|-heal|p1a: Swampert|386\/404|[from] item: Leftovers
|turn|16
|
|switch|p1a: Aromatisse|Aromatisse, F|406\/406
|move|p2a: Ryuuji|Dragon Pulse|p1a: Aromatisse
|-immune|p1a: Aromatisse|[msg]
|
|turn|17
|
|switch|p2a: Onimori|Crobat, M|326\/373
|-damage|p2a: Onimori|233\/373|[from] Stealth Rock
|move|p1a: Aromatisse|Moonblast|p2a: Onimori
|-resisted|p2a: Onimori
|-damage|p2a: Onimori|167\/373
|
|-heal|p2a: Onimori|190\/373|[from] item: Black Sludge
|turn|18
|
|move|p2a: Onimori|Roost|p2a: Onimori
|-heal|p2a: Onimori|373\/373
|move|p1a: Aromatisse|Thunderbolt|p2a: Onimori
|-damage|p2a: Onimori|288\/373
|
|-heal|p2a: Onimori|311\/373|[from] item: Black Sludge
|turn|19
|
|move|p2a: Onimori|Defog|p1a: Aromatisse
|-unboost|p1a: Aromatisse|evasion|1
|-sideend|p2: Sjir-sama|Stealth Rock|[from] move: Defog|[of] p2a: Onimori
|move|p1a: Aromatisse|Wish|p1a: Aromatisse
|
|-heal|p2a: Onimori|334\/373|[from] item: Black Sludge
|turn|20
|
|switch|p1a: Crobat|Crobat, M|264\/311
|move|p2a: Onimori|U-turn|p1a: Crobat
|-resisted|p1a: Crobat
|-damage|p1a: Crobat|248\/311
|
|switch|p2a: Yunikon|Rhyperior, F|352\/434
|
|-heal|p1a: Crobat|311\/311|[from] move: Wish|[wisher] Aromatisse
|-heal|p2a: Yunikon|379\/434|[from] item: Leftovers
|turn|21
|
|move|p1a: Crobat|U-turn|p2a: Yunikon
|-damage|p2a: Yunikon|300\/434
|
|switch|p1a: Swampert|Swampert, M|386\/404
|move|p2a: Yunikon|Earthquake|p1a: Swampert
|-damage|p1a: Swampert|238\/404
|
|-heal|p1a: Swampert|263\/404|[from] item: Leftovers
|-heal|p2a: Yunikon|327\/434|[from] item: Leftovers
|turn|22
|
|switch|p2a: Hikari|Suicune|322\/404
|-ability|p2a: Hikari|Pressure
|move|p1a: Swampert|Stealth Rock|p2a: Hikari
|-sidestart|p2: Sjir-sama|move: Stealth Rock
|
|-heal|p2a: Hikari|347\/404|[from] item: Leftovers
|-heal|p1a: Swampert|288\/404|[from] item: Leftovers
|turn|23
|
|move|p2a: Hikari|Scald|p1a: Swampert
|-crit|p1a: Swampert
|-damage|p1a: Swampert|152\/404
|-status|p1a: Swampert|brn
|move|p1a: Swampert|Roar|p2a: Hikari
|drag|p2a: Onimori|Crobat, M|334\/373
|-damage|p2a: Onimori|241\/373|[from] Stealth Rock
|
|-heal|p2a: Onimori|264\/373|[from] item: Black Sludge
|-heal|p1a: Swampert|177\/404 brn|[from] item: Leftovers
|-damage|p1a: Swampert|127\/404 brn|[from] brn
|turn|24
|
|move|p2a: Onimori|U-turn|p1a: Swampert
|-damage|p1a: Swampert|86\/404 brn
|
|switch|p2a: Hikari|Suicune|347\/404
|-damage|p2a: Hikari|297\/404|[from] Stealth Rock
|-ability|p2a: Hikari|Pressure
|move|p1a: Swampert|Scald|p2a: Hikari
|-resisted|p2a: Hikari
|-damage|p2a: Hikari|246\/404
|
|-heal|p2a: Hikari|271\/404|[from] item: Leftovers
|-heal|p1a: Swampert|111\/404 brn|[from] item: Leftovers
|-damage|p1a: Swampert|61\/404 brn|[from] brn
|turn|25
|
|switch|p2a: NegaiHoshi|Umbreon, F|337\/394
|-damage|p2a: NegaiHoshi|288\/394|[from] Stealth Rock
|switch|p1a: Heliolisk|Heliolisk, M|266\/266
|
|-heal|p2a: NegaiHoshi|312\/394|[from] item: Leftovers
|turn|26
|
|move|p2a: NegaiHoshi|Protect|p2a: NegaiHoshi
|-singleturn|p2a: NegaiHoshi|Protect
|move|p1a: Heliolisk|Volt Switch|p2a: NegaiHoshi
|-activate|p2a: NegaiHoshi|Protect
|
|-heal|p2a: NegaiHoshi|336\/394|[from] item: Leftovers
|turn|27
|
|switch|p1a: Shiftry|Shiftry, F|321\/321
|switch|p2a: Yunikon|Rhyperior, F|327\/434
|-damage|p2a: Yunikon|300\/434|[from] Stealth Rock
|
|-heal|p2a: Yunikon|327\/434|[from] item: Leftovers
|turn|28
|
|switch|p2a: NegaiHoshi|Umbreon, F|336\/394
|-damage|p2a: NegaiHoshi|287\/394|[from] Stealth Rock
|move|p1a: Shiftry|Leaf Storm|p2a: NegaiHoshi|[miss]
|-miss|p1a: Shiftry|p2a: NegaiHoshi
|
|-heal|p2a: NegaiHoshi|311\/394|[from] item: Leftovers
|turn|29
|
|move|p1a: Shiftry|Knock Off|p2a: NegaiHoshi
|-resisted|p2a: NegaiHoshi
|-damage|p2a: NegaiHoshi|230\/394
|-enditem|p2a: NegaiHoshi|Leftovers|[from] move: Knock Off|[of] p1a: Shiftry
|-damage|p1a: Shiftry|289\/321|[from] item: Life Orb
|move|p2a: NegaiHoshi|Wish|p2a: NegaiHoshi
|
|turn|30
|
|switch|p1a: Aromatisse|Aromatisse, F|406\/406
|move|p2a: NegaiHoshi|Foul Play|p1a: Aromatisse
|-resisted|p1a: Aromatisse
|-damage|p1a: Aromatisse|363\/406
|
|-heal|p2a: NegaiHoshi|394\/394|[from] move: Wish|[wisher] NegaiHoshi
|-heal|p1a: Aromatisse|388\/406|[from] item: Leftovers
|turn|31
|
|move|p2a: NegaiHoshi|Wish|p2a: NegaiHoshi
|move|p1a: Aromatisse|Aromatherapy|p1a: Aromatisse
|-cureteam|p1a: Aromatisse|[from] move: Aromatherapy
|
|-heal|p1a: Aromatisse|406\/406|[from] item: Leftovers
|turn|32
|
|switch|p2a: Onimori|Crobat, M|264\/373
|-damage|p2a: Onimori|171\/373|[from] Stealth Rock
|move|p1a: Aromatisse|Thunderbolt|p2a: Onimori
|-supereffective|p2a: Onimori
|-damage|p2a: Onimori|11\/373
|-status|p2a: Onimori|par
|
|-heal|p2a: Onimori|208\/373 par|[from] move: Wish|[wisher] NegaiHoshi
|-heal|p2a: Onimori|231\/373 par|[from] item: Black Sludge
|turn|33
|
|switch|p2a: NegaiHoshi|Umbreon, F|394\/394
|-damage|p2a: NegaiHoshi|345\/394|[from] Stealth Rock
|move|p1a: Aromatisse|Wish|p1a: Aromatisse
|
|turn|34
|
|switch|p1a: Swampert|Swampert, M|61\/404
|move|p2a: NegaiHoshi|Foul Play|p1a: Swampert
|-damage|p1a: Swampert|0 fnt
|faint|p1a: Swampert
|
|
|switch|p1a: Crobat|Crobat, M|311\/311
|turn|35
|
|move|p2a: NegaiHoshi|Protect|p2a: NegaiHoshi
|-singleturn|p2a: NegaiHoshi|Protect
|move|p1a: Crobat|U-turn|p2a: NegaiHoshi
|-activate|p2a: NegaiHoshi|Protect
|
|turn|36
|
|move|p1a: Crobat|U-turn|p2a: NegaiHoshi
|-supereffective|p2a: NegaiHoshi
|-damage|p2a: NegaiHoshi|131\/394
|
|switch|p1a: Entei|Entei, shiny|371\/371
|-ability|p1a: Entei|Pressure
|move|p2a: NegaiHoshi|Heal Bell|p2a: NegaiHoshi
|-cureteam|p2a: NegaiHoshi|[from] move: HealBell
|
|turn|37
|
|move|p2a: NegaiHoshi|Protect|p2a: NegaiHoshi
|-singleturn|p2a: NegaiHoshi|Protect
|move|p1a: Entei|Sacred Fire|p2a: NegaiHoshi
|-activate|p2a: NegaiHoshi|Protect
|
|turn|38
|
|switch|p1a: Heliolisk|Heliolisk, M|266\/266
|switch|p2a: Hikari|Suicune|271\/404
|-damage|p2a: Hikari|221\/404|[from] Stealth Rock
|-ability|p2a: Hikari|Pressure
|
|-heal|p2a: Hikari|246\/404|[from] item: Leftovers
|turn|39
|
|move|p1a: Heliolisk|Surf|p2a: Hikari
|-resisted|p2a: Hikari
|-damage|p2a: Hikari|207\/404
|move|p2a: Hikari|Rest|p2a: Hikari
|-status|p2a: Hikari|slp
|-heal|p2a: Hikari|404\/404 slp|[silent]
|-status|p2a: Hikari|slp|[from] move: Rest
|
|turn|40
|
|switch|p1a: Shiftry|Shiftry, F|289\/321
|cant|p2a: Hikari|slp
|move|p2a: Hikari|Sleep Talk|p2a: Hikari
|move|p2a: Hikari|Scald|p1a: Shiftry|[from]Sleep Talk
|-resisted|p1a: Shiftry
|-damage|p1a: Shiftry|228\/321
|
|turn|41
|
|switch|p2a: Onimori|Crobat, M|231\/373
|-damage|p2a: Onimori|138\/373|[from] Stealth Rock
|move|p1a: Shiftry|Knock Off|p2a: Onimori
|-damage|p2a: Onimori|0 fnt
|-enditem|p2a: Onimori|Black Sludge|[from] move: Knock Off|[of] p1a: Shiftry
|-damage|p1a: Shiftry|196\/321|[from] item: Life Orb
|faint|p2a: Onimori
|
|
|switch|p2a: Kaizaru|Infernape, M|293\/293
|-damage|p2a: Kaizaru|257\/293|[from] Stealth Rock
|turn|42
|
|switch|p1a: Entei|Entei, shiny|371\/371
|-ability|p1a: Entei|Pressure
|move|p2a: Kaizaru|Flare Blitz|p1a: Entei
|-resisted|p1a: Entei
|-damage|p1a: Entei|210\/371
|-damage|p2a: Kaizaru|204\/293|[from] recoil|[of] p1a: Entei
|
|turn|43
|
|switch|p2a: Hikari|Suicune|404\/404 slp
|-damage|p2a: Hikari|354\/404 slp|[from] Stealth Rock
|-ability|p2a: Hikari|Pressure
|move|p1a: Entei|Sacred Fire|p2a: Hikari
|-resisted|p2a: Hikari
|-damage|p2a: Hikari|294\/404 slp
|
|-heal|p2a: Hikari|319\/404 slp|[from] item: Leftovers
|turn|44
|
|switch|p1a: Heliolisk|Heliolisk, M|266\/266
|switch|p2a: NegaiHoshi|Umbreon, F|131\/394
|-damage|p2a: NegaiHoshi|82\/394|[from] Stealth Rock
|
|turn|45
|
|move|p1a: Heliolisk|Focus Blast|p2a: NegaiHoshi|[miss]
|-miss|p1a: Heliolisk|p2a: NegaiHoshi
|move|p2a: NegaiHoshi|Wish|p2a: NegaiHoshi
|
|turn|46
|
|switch|p1a: Aromatisse|Aromatisse, F|406\/406
|move|p2a: NegaiHoshi|Protect|p2a: NegaiHoshi
|-fail|p2a: NegaiHoshi
|
|-heal|p2a: NegaiHoshi|279\/394|[from] move: Wish|[wisher] NegaiHoshi
|turn|47
|
|move|p2a: NegaiHoshi|Wish|p2a: NegaiHoshi
|move|p1a: Aromatisse|Wish|p1a: Aromatisse
|
|turn|48
|
|move|p2a: NegaiHoshi|Heal Bell|p2a: NegaiHoshi
|-cureteam|p2a: NegaiHoshi|[from] move: HealBell
|move|p1a: Aromatisse|Moonblast|p2a: NegaiHoshi
|-supereffective|p2a: NegaiHoshi
|-damage|p2a: NegaiHoshi|139\/394
|-unboost|p2a: NegaiHoshi|spa|1
|
|-heal|p2a: NegaiHoshi|336\/394|[from] move: Wish|[wisher] NegaiHoshi
|turn|49
|
|move|p2a: NegaiHoshi|Foul Play|p1a: Aromatisse
|-resisted|p1a: Aromatisse
|-damage|p1a: Aromatisse|367\/406
|move|p1a: Aromatisse|Wish|p1a: Aromatisse
|
|-heal|p1a: Aromatisse|392\/406|[from] item: Leftovers
|turn|50
|
|move|p2a: NegaiHoshi|Foul Play|p1a: Aromatisse
|-resisted|p1a: Aromatisse
|-damage|p1a: Aromatisse|347\/406
|move|p1a: Aromatisse|Moonblast|p2a: NegaiHoshi
|-supereffective|p2a: NegaiHoshi
|-damage|p2a: NegaiHoshi|214\/394
|
|-heal|p1a: Aromatisse|406\/406|[from] move: Wish|[wisher] Aromatisse
|turn|51
|
|move|p2a: NegaiHoshi|Wish|p2a: NegaiHoshi
|move|p1a: Aromatisse|Wish|p1a: Aromatisse
|
|turn|52
|
|switch|p1a: Crobat|Crobat, M|311\/311
|move|p2a: NegaiHoshi|Protect|p2a: NegaiHoshi
|-fail|p2a: NegaiHoshi
|
|-heal|p2a: NegaiHoshi|394\/394|[from] move: Wish|[wisher] NegaiHoshi
|turn|53
|
|move|p1a: Crobat|Brave Bird|p2a: NegaiHoshi
|-damage|p2a: NegaiHoshi|157\/394
|-damage|p1a: Crobat|233\/311|[from] recoil|[of] p2a: NegaiHoshi
|move|p2a: NegaiHoshi|Wish|p2a: NegaiHoshi
|
|turn|54
|
|switch|p1a: Aromatisse|Aromatisse, F|406\/406
|move|p2a: NegaiHoshi|Protect|p2a: NegaiHoshi
|-fail|p2a: NegaiHoshi
|
|-heal|p2a: NegaiHoshi|354\/394|[from] move: Wish|[wisher] NegaiHoshi
|turn|55
|
|switch|p2a: Hikari|Suicune|319\/404
|-damage|p2a: Hikari|269\/404|[from] Stealth Rock
|-ability|p2a: Hikari|Pressure
|move|p1a: Aromatisse|Moonblast|p2a: Hikari
|-damage|p2a: Hikari|169\/404
|
|-heal|p2a: Hikari|194\/404|[from] item: Leftovers
|turn|56
|
|switch|p1a: Shiftry|Shiftry, F|196\/321
|move|p2a: Hikari|Calm Mind|p2a: Hikari
|-boost|p2a: Hikari|spa|1
|-boost|p2a: Hikari|spd|1
|
|-heal|p2a: Hikari|219\/404|[from] item: Leftovers
|turn|57
|
|switch|p2a: NegaiHoshi|Umbreon, F|354\/394
|-damage|p2a: NegaiHoshi|305\/394|[from] Stealth Rock
|move|p1a: Shiftry|Leaf Storm|p2a: NegaiHoshi
|-damage|p2a: NegaiHoshi|187\/394
|-unboost|p1a: Shiftry|spa|2
|-damage|p1a: Shiftry|164\/321|[from] item: Life Orb
|
|turn|58
|
|switch|p1a: Heliolisk|Heliolisk, M|266\/266
|move|p2a: NegaiHoshi|Wish|p2a: NegaiHoshi
|
|turn|59
|
|move|p1a: Heliolisk|Volt Switch|p2a: NegaiHoshi
|-damage|p2a: NegaiHoshi|118\/394
|
|switch|p1a: Aromatisse|Aromatisse, F|406\/406
|move|p2a: NegaiHoshi|Foul Play|p1a: Aromatisse
|-resisted|p1a: Aromatisse
|-damage|p1a: Aromatisse|366\/406
|
|-heal|p2a: NegaiHoshi|315\/394|[from] move: Wish|[wisher] NegaiHoshi
|-heal|p1a: Aromatisse|391\/406|[from] item: Leftovers
|turn|60
|
|switch|p2a: Ryuuji|Sceptile, M|254\/282
|-damage|p2a: Ryuuji|219\/282|[from] Stealth Rock
|move|p1a: Aromatisse|Moonblast|p2a: Ryuuji
|-crit|p2a: Ryuuji
|-damage|p2a: Ryuuji|15\/282
|
|-heal|p1a: Aromatisse|406\/406|[from] item: Leftovers
|turn|61
|
|move|p2a: Ryuuji|Giga Drain|p1a: Aromatisse
|-damage|p1a: Aromatisse|221\/406
|-heal|p2a: Ryuuji|108\/282|[from] drain|[of] p1a: Aromatisse
|-damage|p2a: Ryuuji|80\/282|[from] item: Life Orb
|move|p1a: Aromatisse|Moonblast|p2a: Ryuuji
|-damage|p2a: Ryuuji|0 fnt
|faint|p2a: Ryuuji
|
|-heal|p1a: Aromatisse|246\/406|[from] item: Leftovers
|
|switch|p2a: Kaizaru|Infernape, M|204\/293
|-damage|p2a: Kaizaru|168\/293|[from] Stealth Rock
|turn|62
|
|move|p2a: Kaizaru|Flare Blitz|p1a: Aromatisse
|-damage|p1a: Aromatisse|0 fnt
|-damage|p2a: Kaizaru|87\/293|[from] recoil|[of] p1a: Aromatisse
|faint|p1a: Aromatisse
|
|
|switch|p1a: Heliolisk|Heliolisk, M|266\/266
|turn|63
|
|switch|p2a: NegaiHoshi|Umbreon, F|315\/394
|-damage|p2a: NegaiHoshi|266\/394|[from] Stealth Rock
|move|p1a: Heliolisk|Surf|p2a: NegaiHoshi
|-damage|p2a: NegaiHoshi|213\/394
|
|turn|64
|
|switch|p1a: Crobat|Crobat, M|233\/311
|move|p2a: NegaiHoshi|Wish|p2a: NegaiHoshi
|
|turn|65
|
|move|p2a: NegaiHoshi|Protect|p2a: NegaiHoshi
|-singleturn|p2a: NegaiHoshi|Protect
|move|p1a: Crobat|Brave Bird|p2a: NegaiHoshi
|-activate|p2a: NegaiHoshi|Protect
|
|-heal|p2a: NegaiHoshi|394\/394|[from] move: Wish|[wisher] NegaiHoshi
|turn|66
|
|switch|p2a: Yunikon|Rhyperior, F|327\/434
|-damage|p2a: Yunikon|300\/434|[from] Stealth Rock
|move|p1a: Crobat|Brave Bird|p2a: Yunikon
|-resisted|p2a: Yunikon
|-damage|p2a: Yunikon|185\/434
|-damage|p1a: Crobat|195\/311|[from] recoil|[of] p2a: Yunikon
|
|-heal|p2a: Yunikon|212\/434|[from] item: Leftovers
|turn|67
|
|move|p1a: Crobat|Brave Bird|p2a: Yunikon
|-resisted|p2a: Yunikon
|-damage|p2a: Yunikon|106\/434
|-damage|p1a: Crobat|160\/311|[from] recoil|[of] p2a: Yunikon
|move|p2a: Yunikon|Stone Edge|p1a: Crobat|[miss]
|-miss|p2a: Yunikon|p1a: Crobat
|
|-heal|p2a: Yunikon|133\/434|[from] item: Leftovers
|turn|68
|
|move|p1a: Crobat|Brave Bird|p2a: Yunikon
|-resisted|p2a: Yunikon
|-damage|p2a: Yunikon|28\/434
|-damage|p1a: Crobat|125\/311|[from] recoil|[of] p2a: Yunikon
|move|p2a: Yunikon|Stone Edge|p1a: Crobat
|-supereffective|p1a: Crobat
|-damage|p1a: Crobat|0 fnt
|faint|p1a: Crobat
|
|-heal|p2a: Yunikon|55\/434|[from] item: Leftovers
|
|switch|p1a: Heliolisk|Heliolisk, M|266\/266
|turn|69
|
|switch|p2a: NegaiHoshi|Umbreon, F|394\/394
|-damage|p2a: NegaiHoshi|345\/394|[from] Stealth Rock
|move|p1a: Heliolisk|Focus Blast|p2a: NegaiHoshi
|-supereffective|p2a: NegaiHoshi
|-damage|p2a: NegaiHoshi|193\/394
|
|turn|70
|
|switch|p1a: Entei|Entei, shiny|210\/371
|-ability|p1a: Entei|Pressure
|move|p2a: NegaiHoshi|Wish|p2a: NegaiHoshi
|
|turn|71
|
|move|p2a: NegaiHoshi|Protect|p2a: NegaiHoshi
|-singleturn|p2a: NegaiHoshi|Protect
|move|p1a: Entei|Sacred Fire|p2a: NegaiHoshi
|-activate|p2a: NegaiHoshi|Protect
|
|-heal|p2a: NegaiHoshi|390\/394|[from] move: Wish|[wisher] NegaiHoshi
|turn|72
|
|move|p1a: Entei|Sacred Fire|p2a: NegaiHoshi
|-damage|p2a: NegaiHoshi|218\/394
|move|p2a: NegaiHoshi|Foul Play|p1a: Entei
|-damage|p1a: Entei|27\/371
|
|turn|73
|
|switch|p2a: Hikari|Suicune|219\/404
|-damage|p2a: Hikari|169\/404|[from] Stealth Rock
|-ability|p2a: Hikari|Pressure
|move|p1a: Entei|Stone Edge|p2a: Hikari
|-damage|p2a: Hikari|96\/404
|
|-heal|p2a: Hikari|121\/404|[from] item: Leftovers
|turn|74
|
|switch|p1a: Heliolisk|Heliolisk, M|266\/266
|move|p2a: Hikari|Rest|p2a: Hikari
|-status|p2a: Hikari|slp
|-heal|p2a: Hikari|404\/404 slp|[silent]
|-status|p2a: Hikari|slp|[from] move: Rest
|
|turn|75
|
|switch|p2a: Yunikon|Rhyperior, F|55\/434
|-damage|p2a: Yunikon|28\/434|[from] Stealth Rock
|move|p1a: Heliolisk|Volt Switch|p2a: Yunikon
|-immune|p2a: Yunikon|[msg]
|
|-heal|p2a: Yunikon|55\/434|[from] item: Leftovers
|turn|76
|
|switch|p1a: Entei|Entei, shiny|27\/371
|-ability|p1a: Entei|Pressure
|move|p2a: Yunikon|Megahorn|p1a: Entei
|-resisted|p1a: Entei
|-damage|p1a: Entei|0 fnt
|faint|p1a: Entei
|
|-heal|p2a: Yunikon|82\/434|[from] item: Leftovers
|
|switch|p1a: Shiftry|Shiftry, F|164\/321
|turn|77
|
|switch|p2a: NegaiHoshi|Umbreon, F|218\/394
|-damage|p2a: NegaiHoshi|169\/394|[from] Stealth Rock
|move|p1a: Shiftry|Leaf Storm|p2a: NegaiHoshi
|-damage|p2a: NegaiHoshi|64\/394
|-unboost|p1a: Shiftry|spa|2
|-damage|p1a: Shiftry|132\/321|[from] item: Life Orb
|
|turn|78
|
|move|p1a: Shiftry|Knock Off|p2a: NegaiHoshi
|-resisted|p2a: NegaiHoshi
|-damage|p2a: NegaiHoshi|9\/394
|-damage|p1a: Shiftry|100\/321|[from] item: Life Orb
|move|p2a: NegaiHoshi|Wish|p2a: NegaiHoshi
|
|turn|79
|
|switch|p1a: Heliolisk|Heliolisk, M|266\/266
|move|p2a: NegaiHoshi|Protect|p2a: NegaiHoshi
|-fail|p2a: NegaiHoshi
|
|-heal|p2a: NegaiHoshi|206\/394|[from] move: Wish|[wisher] NegaiHoshi
|turn|80
|
|move|p1a: Heliolisk|Focus Blast|p2a: NegaiHoshi|[miss]
|-miss|p1a: Heliolisk|p2a: NegaiHoshi
|move|p2a: NegaiHoshi|Wish|p2a: NegaiHoshi
|
|turn|81
|
|move|p1a: Heliolisk|Focus Blast|p2a: NegaiHoshi
|-supereffective|p2a: NegaiHoshi
|-damage|p2a: NegaiHoshi|48\/394
|move|p2a: NegaiHoshi|Foul Play|p1a: Heliolisk
|-damage|p1a: Heliolisk|178\/266
|
|-heal|p2a: NegaiHoshi|245\/394|[from] move: Wish|[wisher] NegaiHoshi
|turn|82
|
|move|p1a: Heliolisk|Focus Blast|p2a: NegaiHoshi
|-supereffective|p2a: NegaiHoshi
|-damage|p2a: NegaiHoshi|97\/394
|move|p2a: NegaiHoshi|Wish|p2a: NegaiHoshi
|
|turn|83
|
|move|p2a: NegaiHoshi|Protect|p2a: NegaiHoshi
|-singleturn|p2a: NegaiHoshi|Protect
|move|p1a: Heliolisk|Focus Blast|p2a: NegaiHoshi
|-activate|p2a: NegaiHoshi|Protect
|
|-heal|p2a: NegaiHoshi|294\/394|[from] move: Wish|[wisher] NegaiHoshi
|turn|84
|
|-activate|p1a: Heliolisk|move: Struggle
|move|p1a: Heliolisk|Struggle|p2a: NegaiHoshi
|-damage|p2a: NegaiHoshi|278\/394
|-damage|p1a: Heliolisk|112\/266
|move|p2a: NegaiHoshi|Wish|p2a: NegaiHoshi
|
|turn|85
|
|-activate|p1a: Heliolisk|move: Struggle
|move|p1a: Heliolisk|Struggle|p2a: NegaiHoshi
|-damage|p2a: NegaiHoshi|262\/394
|-damage|p1a: Heliolisk|46\/266
|move|p2a: NegaiHoshi|Foul Play|p1a: Heliolisk
|-damage|p1a: Heliolisk|0 fnt
|faint|p1a: Heliolisk
|
|-heal|p2a: NegaiHoshi|394\/394|[from] move: Wish|[wisher] NegaiHoshi
|
|switch|p1a: Shiftry|Shiftry, F|100\/321
|turn|86
|c|âSjir-sama|gg
|
|move|p1a: Shiftry|Leaf Storm|p2a: NegaiHoshi
|-damage|p2a: NegaiHoshi|291\/394
|-unboost|p1a: Shiftry|spa|2
|-damage|p1a: Shiftry|68\/321|[from] item: Life Orb
|move|p2a: NegaiHoshi|Foul Play|p1a: Shiftry
|-resisted|p1a: Shiftry
|-damage|p1a: Shiftry|0 fnt
|faint|p1a: Shiftry
|
|win|Sjir-sama
|raw|Ladder updating...
|raw|pfzl1ght's rating: 1523 &rarr; <strong>1504<\/strong><br \/>(-19 for losing)
|raw|Sjir-sama's rating: 1548 &rarr; <strong>1566<\/strong><br \/>(+18 for winning)