|join|Sjir-sama
|join|lucky100x
|player|p1|Sjir-sama|164
|player|p2|lucky100x|40
|gametype|singles
|gen|6
|tier|UU
|rated
|rule|Sleep Clause Mod: Limit one foe put to sleep
|rule|Species Clause: Limit one of each Pokemon
|rule|OHKO Clause: OHKO moves are banned
|rule|Moody Clause: Moody is banned
|rule|Evasion Moves Clause: Evasion moves are banned
|rule|Endless Battle Clause: Forcing endless battles is banned
|rule|HP Percentage Mod: HP is reported as percentages
|clearpoke
|poke|p1|Jolteon, F
|poke|p1|Torterra, M
|poke|p1|Umbreon, M
|poke|p1|Blastoise, M
|poke|p1|Mienshao, M
|poke|p1|Chandelure, F
|poke|p2|Bronzong, shiny
|poke|p2|Machamp, M
|poke|p2|Milotic, F, shiny
|poke|p2|Azelf
|poke|p2|Miltank, F
|poke|p2|Claydol, shiny
|rule|Swagger Clause: Swagger is banned
|rule|Baton Pass Clause: Limit 3 pokemon knowing Baton Pass
|teampreview
|
|start
|switch|p1a: Mienshao|Mienshao, M|271\/271
|switch|p2a: Azelf|Azelf|291\/291
|turn|1
|
|move|p2a: Azelf|Psychic|p1a: Mienshao
|-supereffective|p1a: Mienshao
|-damage|p1a: Mienshao|0 fnt
|faint|p1a: Mienshao
|
|
|switch|p1a: Jolteon|Jolteon, F|272\/272
|turn|2
|
|switch|p2a: Claydol|Claydol, shiny|324\/324
|move|p1a: Jolteon|Shadow Ball|p2a: Claydol
|-supereffective|p2a: Claydol
|-damage|p2a: Claydol|154\/324
|
|-heal|p2a: Claydol|174\/324|[from] item: Leftovers
|turn|3
|
|move|p1a: Jolteon|Shadow Ball|p2a: Claydol
|-supereffective|p2a: Claydol
|-damage|p2a: Claydol|26\/324
|move|p2a: Claydol|Earthquake|p1a: Jolteon
|-supereffective|p1a: Jolteon
|-damage|p1a: Jolteon|24\/272
|
|-heal|p2a: Claydol|46\/324|[from] item: Leftovers
|turn|4
|
|switch|p1a: Shiranui|Chandelure, F|261\/261
|move|p2a: Claydol|Earthquake|p1a: Shiranui
|-supereffective|p1a: Shiranui
|-damage|p1a: Shiranui|57\/261
|
|-heal|p2a: Claydol|66\/324|[from] item: Leftovers
|turn|5
|
|move|p1a: Shiranui|Fire Blast|p2a: Claydol
|-damage|p2a: Claydol|0 fnt
|faint|p2a: Claydol
|
|
|switch|p2a: Milotic|Milotic, F, shiny|394\/394
|turn|6
|
|switch|p1a: Umbreon|Umbreon, M|394\/394
|move|p2a: Milotic|Scald|p1a: Umbreon
|-damage|p1a: Umbreon|340\/394
|
|-heal|p1a: Umbreon|364\/394|[from] item: Leftovers
|turn|7
|
|switch|p2a: Bronzong|Bronzong, shiny|338\/338
|move|p1a: Umbreon|Wish|p1a: Umbreon
|
|-heal|p1a: Umbreon|388\/394|[from] item: Leftovers
|turn|8
|
|switch|p1a: Shiranui|Chandelure, F|57\/261
|move|p2a: Bronzong|Earthquake|p1a: Shiranui
|-supereffective|p1a: Shiranui
|-damage|p1a: Shiranui|0 fnt
|faint|p1a: Shiranui
|
|
|switch|p1a: Torterra|Torterra, M|394\/394
|turn|9
|
|move|p1a: Torterra|Stealth Rock|p2a: Bronzong
|-sidestart|p2: lucky100x|move: Stealth Rock
|move|p2a: Bronzong|Toxic|p1a: Torterra
|-status|p1a: Torterra|tox
|
|-damage|p1a: Torterra|370\/394 tox|[from] psn
|turn|10
|
|move|p1a: Torterra|Leech Seed|p2a: Bronzong
|-start|p2a: Bronzong|move: Leech Seed
|move|p2a: Bronzong|Zen Headbutt|p1a: Torterra
|-damage|p1a: Torterra|315\/394 tox
|
|-heal|p1a: Torterra|339\/394 tox|[from] item: Leftovers
|-damage|p2a: Bronzong|296\/338|[from] Leech Seed|[of] p1a: Torterra
|-heal|p1a: Torterra|381\/394 tox|[silent]
|-damage|p1a: Torterra|333\/394 tox|[from] psn
|turn|11
|
|switch|p1a: Umbreon|Umbreon, M|388\/394
|switch|p2a: Miltank|Miltank, F|394\/394
|-damage|p2a: Miltank|345\/394|[from] Stealth Rock
|
|-heal|p2a: Miltank|369\/394|[from] item: Leftovers
|-heal|p1a: Umbreon|394\/394|[from] item: Leftovers
|turn|12
|
|move|p2a: Miltank|Seismic Toss|p1a: Umbreon
|-damage|p1a: Umbreon|294\/394
|move|p1a: Umbreon|Wish|p1a: Umbreon
|
|-heal|p2a: Miltank|393\/394|[from] item: Leftovers
|-heal|p1a: Umbreon|318\/394|[from] item: Leftovers
|turn|13
|
|move|p2a: Miltank|Seismic Toss|p1a: Umbreon
|-damage|p1a: Umbreon|218\/394
|move|p1a: Umbreon|Foul Play|p2a: Miltank
|-damage|p2a: Miltank|332\/394
|
|-heal|p1a: Umbreon|394\/394|[from] move: Wish|[wisher] Umbreon
|-heal|p2a: Miltank|356\/394|[from] item: Leftovers
|turn|14
|
|move|p2a: Miltank|Toxic|p1a: Umbreon
|-status|p1a: Umbreon|tox
|-status|p2a: Miltank|tox
|move|p1a: Umbreon|Wish|p1a: Umbreon
|
|-heal|p2a: Miltank|380\/394 tox|[from] item: Leftovers
|-damage|p2a: Miltank|356\/394 tox|[from] psn
|-damage|p1a: Umbreon|370\/394 tox|[from] psn
|turn|15
|
|move|p2a: Miltank|Seismic Toss|p1a: Umbreon
|-damage|p1a: Umbreon|270\/394 tox
|move|p1a: Umbreon|Foul Play|p2a: Miltank
|-damage|p2a: Miltank|292\/394 tox
|
|-heal|p1a: Umbreon|394\/394 tox|[from] move: Wish|[wisher] Umbreon
|-heal|p2a: Miltank|316\/394 tox|[from] item: Leftovers
|-damage|p2a: Miltank|268\/394 tox|[from] psn
|-damage|p1a: Umbreon|346\/394 tox|[from] psn
|turn|16
|
|move|p2a: Miltank|Heal Bell|p2a: Miltank
|-cureteam|p2a: Miltank|[from] move: HealBell
|move|p1a: Umbreon|Foul Play|p2a: Miltank
|-damage|p2a: Miltank|213\/394
|
|-heal|p2a: Miltank|237\/394|[from] item: Leftovers
|-heal|p1a: Umbreon|370\/394 tox|[from] item: Leftovers
|-damage|p1a: Umbreon|298\/394 tox|[from] psn
|turn|17
|
|move|p2a: Miltank|Seismic Toss|p1a: Umbreon
|-damage|p1a: Umbreon|198\/394 tox
|move|p1a: Umbreon|Heal Bell|p1a: Umbreon
|-cureteam|p1a: Umbreon|[from] move: HealBell
|
|-heal|p2a: Miltank|261\/394|[from] item: Leftovers
|-heal|p1a: Umbreon|222\/394|[from] item: Leftovers
|turn|18
|
|move|p2a: Miltank|Seismic Toss|p1a: Umbreon
|-damage|p1a: Umbreon|122\/394
|move|p1a: Umbreon|Wish|p1a: Umbreon
|
|-heal|p2a: Miltank|285\/394|[from] item: Leftovers
|-heal|p1a: Umbreon|146\/394|[from] item: Leftovers
|turn|19
|
|switch|p2a: Machamp|Machamp, M|383\/383
|-damage|p2a: Machamp|360\/383|[from] Stealth Rock
|move|p1a: Umbreon|Protect|p1a: Umbreon
|-fail|p1a: Umbreon
|
|-heal|p1a: Umbreon|343\/394|[from] move: Wish|[wisher] Umbreon
|-heal|p1a: Umbreon|367\/394|[from] item: Leftovers
|-heal|p2a: Machamp|383\/383|[from] item: Leftovers
|turn|20
|
|switch|p1a: Torterra|Torterra, M|333\/394
|move|p2a: Machamp|Substitute|p2a: Machamp
|-start|p2a: Machamp|Substitute
|-damage|p2a: Machamp|288\/383
|
|-heal|p1a: Torterra|357\/394|[from] item: Leftovers
|-heal|p2a: Machamp|311\/383|[from] item: Leftovers
|turn|21
|
|move|p1a: Torterra|Earthquake|p2a: Machamp
|-end|p2a: Machamp|Substitute
|move|p2a: Machamp|Dynamic Punch|p1a: Torterra
|-damage|p1a: Torterra|246\/394
|-start|p1a: Torterra|confusion
|
|-heal|p1a: Torterra|270\/394|[from] item: Leftovers
|-heal|p2a: Machamp|334\/383|[from] item: Leftovers
|turn|22
|
|-activate|p1a: Torterra|confusion
|-damage|p1a: Torterra|245\/394|[from] confusion
|move|p2a: Machamp|Knock Off|p1a: Torterra
|-damage|p1a: Torterra|182\/394
|-enditem|p1a: Torterra|Leftovers|[from] move: Knock Off|[of] p2a: Machamp
|
|-heal|p2a: Machamp|357\/383|[from] item: Leftovers
|turn|23
|
|switch|p2a: Bronzong|Bronzong, shiny|296\/338
|-damage|p2a: Bronzong|275\/338|[from] Stealth Rock
|-activate|p1a: Torterra|confusion
|move|p1a: Torterra|Leech Seed|p2a: Bronzong
|-start|p2a: Bronzong|move: Leech Seed
|
|-heal|p2a: Bronzong|296\/338|[from] item: Leftovers
|-damage|p2a: Bronzong|254\/338|[from] Leech Seed|[of] p1a: Torterra
|-heal|p1a: Torterra|224\/394|[silent]
|turn|24
|
|switch|p1a: Jolteon|Jolteon, F|24\/272
|move|p2a: Bronzong|Toxic|p1a: Jolteon
|-status|p1a: Jolteon|tox
|
|-heal|p2a: Bronzong|275\/338|[from] item: Leftovers
|-damage|p2a: Bronzong|233\/338|[from] Leech Seed|[of] p1a: Jolteon
|-heal|p1a: Jolteon|66\/272 tox|[silent]
|-damage|p1a: Jolteon|49\/272 tox|[from] psn
|turn|25
|
|move|p1a: Jolteon|Volt Switch|p2a: Bronzong
|-damage|p2a: Bronzong|88\/338
|
|switch|p1a: Blastoise|Blastoise, M|362\/362
|move|p2a: Bronzong|Gyro Ball|p1a: Blastoise
|-crit|p1a: Blastoise
|-resisted|p1a: Blastoise
|-damage|p1a: Blastoise|317\/362
|
|-heal|p2a: Bronzong|109\/338|[from] item: Leftovers
|-damage|p2a: Bronzong|67\/338|[from] Leech Seed|[of] p1a: Blastoise
|-heal|p1a: Blastoise|359\/362|[silent]
|turn|26
|
|detailschange|p1a: Blastoise|Blastoise-Mega, M
|message|Blastoise has Mega Evolved into Mega Blastoise!
|move|p1a: Blastoise|Water Pulse|p2a: Bronzong
|-damage|p2a: Bronzong|0 fnt
|faint|p2a: Bronzong
|
|
|switch|p2a: Machamp|Machamp, M|357\/383
|-damage|p2a: Machamp|334\/383|[from] Stealth Rock
|turn|27
|
|move|p1a: Blastoise|Water Pulse|p2a: Machamp
|-damage|p2a: Machamp|219\/383
|-start|p2a: Machamp|confusion
|-activate|p2a: Machamp|confusion
|-damage|p2a: Machamp|169\/383|[from] confusion
|
|-heal|p2a: Machamp|192\/383|[from] item: Leftovers
|turn|28
|
|move|p1a: Blastoise|Water Pulse|p2a: Machamp
|-damage|p2a: Machamp|84\/383
|-end|p2a: Machamp|confusion
|move|p2a: Machamp|Dynamic Punch|p1a: Blastoise
|-damage|p1a: Blastoise|265\/362
|-start|p1a: Blastoise|confusion
|
|-heal|p2a: Machamp|107\/383|[from] item: Leftovers
|turn|29
|
|switch|p2a: Milotic|Milotic, F, shiny|394\/394
|-damage|p2a: Milotic|345\/394|[from] Stealth Rock
|-activate|p1a: Blastoise|confusion
|move|p1a: Blastoise|Water Pulse|p2a: Milotic
|-resisted|p2a: Milotic
|-damage|p2a: Milotic|288\/394
|
|turn|30
|
|switch|p1a: Umbreon|Umbreon, M|367\/394
|move|p2a: Milotic|Scald|p1a: Umbreon
|-damage|p1a: Umbreon|304\/394
|
|-heal|p1a: Umbreon|328\/394|[from] item: Leftovers
|turn|31
|
|switch|p2a: Machamp|Machamp, M|107\/383
|-damage|p2a: Machamp|84\/383|[from] Stealth Rock
|move|p1a: Umbreon|Wish|p1a: Umbreon
|
|-heal|p1a: Umbreon|352\/394|[from] item: Leftovers
|-heal|p2a: Machamp|107\/383|[from] item: Leftovers
|turn|32
|
|switch|p1a: Blastoise|Blastoise-Mega, M|265\/362
|move|p2a: Machamp|Dynamic Punch|p1a: Blastoise
|-damage|p1a: Blastoise|172\/362
|-start|p1a: Blastoise|confusion
|
|-heal|p1a: Blastoise|362\/362|[from] move: Wish|[wisher] Umbreon
|-heal|p2a: Machamp|130\/383|[from] item: Leftovers
|turn|33
|
|-activate|p1a: Blastoise|confusion
|move|p1a: Blastoise|Water Pulse|p2a: Machamp
|-damage|p2a: Machamp|28\/383
|move|p2a: Machamp|Dynamic Punch|p1a: Blastoise
|-damage|p1a: Blastoise|259\/362
|
|-heal|p2a: Machamp|51\/383|[from] item: Leftovers
|turn|34
|
|switch|p2a: Milotic|Milotic, F, shiny|288\/394
|-damage|p2a: Milotic|239\/394|[from] Stealth Rock
|-activate|p1a: Blastoise|confusion
|move|p1a: Blastoise|Aura Sphere|p2a: Milotic
|-damage|p2a: Milotic|145\/394
|
|turn|35
|
|switch|p1a: Umbreon|Umbreon, M|352\/394
|move|p2a: Milotic|Dragon Tail|p1a: Umbreon
|-crit|p1a: Umbreon
|-damage|p1a: Umbreon|306\/394
|drag|p1a: Blastoise|Blastoise-Mega, M|259\/362
|
|turn|36
|
|move|p1a: Blastoise|Aura Sphere|p2a: Milotic
|-damage|p2a: Milotic|40\/394
|move|p2a: Milotic|Scald|p1a: Blastoise
|-resisted|p1a: Blastoise
|-damage|p1a: Blastoise|220\/362
|-status|p1a: Blastoise|brn
|
|-damage|p1a: Blastoise|175\/362 brn|[from] brn
|turn|37
|
|move|p1a: Blastoise|Aura Sphere|p2a: Milotic
|-damage|p2a: Milotic|0 fnt
|faint|p2a: Milotic
|
|-damage|p1a: Blastoise|130\/362 brn|[from] brn
|
|switch|p2a: Azelf|Azelf|291\/291
|-damage|p2a: Azelf|255\/291|[from] Stealth Rock
|turn|38
|
|switch|p1a: Umbreon|Umbreon, M|306\/394
|move|p2a: Azelf|Thunderbolt|p1a: Umbreon
|-damage|p1a: Umbreon|247\/394
|-status|p1a: Umbreon|par
|-status|p2a: Azelf|par
|
|-heal|p1a: Umbreon|271\/394 par|[from] item: Leftovers
|turn|39
|
|switch|p2a: Miltank|Miltank, F|285\/394
|-damage|p2a: Miltank|236\/394|[from] Stealth Rock
|cant|p1a: Umbreon|par
|
|-heal|p2a: Miltank|260\/394|[from] item: Leftovers
|-heal|p1a: Umbreon|295\/394 par|[from] item: Leftovers
|turn|40
|
|move|p2a: Miltank|Heal Bell|p2a: Miltank
|-cureteam|p2a: Miltank|[from] move: HealBell
|move|p1a: Umbreon|Heal Bell|p1a: Umbreon
|-cureteam|p1a: Umbreon|[from] move: HealBell
|
|-heal|p2a: Miltank|284\/394|[from] item: Leftovers
|-heal|p1a: Umbreon|319\/394|[from] item: Leftovers
|turn|41
|
|move|p2a: Miltank|Seismic Toss|p1a: Umbreon
|-damage|p1a: Umbreon|219\/394
|move|p1a: Umbreon|Wish|p1a: Umbreon
|
|-heal|p2a: Miltank|308\/394|[from] item: Leftovers
|-heal|p1a: Umbreon|243\/394|[from] item: Leftovers
|turn|42
|join|Black-Mage-Zeref
|join|Nipple Motorboat
|leave|Black-Mage-Zeref
|
|switch|p1a: Blastoise|Blastoise-Mega, M|130\/362
|move|p2a: Miltank|Seismic Toss|p1a: Blastoise
|-damage|p1a: Blastoise|30\/362
|
|-heal|p1a: Blastoise|227\/362|[from] move: Wish|[wisher] Umbreon
|-heal|p2a: Miltank|332\/394|[from] item: Leftovers
|turn|43
|join|Black-Mage-Zeref
|
|move|p2a: Miltank|Seismic Toss|p1a: Blastoise
|-damage|p1a: Blastoise|127\/362
|move|p1a: Blastoise|Aura Sphere|p2a: Miltank
|-supereffective|p2a: Miltank
|-damage|p2a: Miltank|0 fnt
|faint|p2a: Miltank
|
|
|switch|p2a: Azelf|Azelf|255\/291
|-damage|p2a: Azelf|219\/291|[from] Stealth Rock
|turn|44
|
|switch|p1a: Torterra|Torterra, M|224\/394
|move|p2a: Azelf|U-turn|p1a: Torterra
|-supereffective|p1a: Torterra
|-damage|p1a: Torterra|124\/394
|
|switch|p2a: Machamp|Machamp, M|51\/383
|-damage|p2a: Machamp|28\/383|[from] Stealth Rock
|
|-heal|p2a: Machamp|51\/383|[from] item: Leftovers
|turn|45
|
|move|p1a: Torterra|Wood Hammer|p2a: Machamp
|-damage|p2a: Machamp|0 fnt
|-damage|p1a: Torterra|107\/394|[from] recoil|[of] p2a: Machamp
|faint|p2a: Machamp
|
|-message|lucky100x forfeited.
|
|win|Sjir-sama
|raw|Ladder updating...
|leave|lucky100x
|player|p2
|raw|Sjir-sama's rating: 1421 &rarr; <strong>1435<\/strong><br \/>(+14 for winning)
|raw|lucky100x's rating: 1304 &rarr; <strong>1290<\/strong><br \/>(-14 for losing)
|leave|Nipple Motorboat
|leave|Black-Mage-Zeref