|join|sjir-sama
|join|Rmmo25
|player|p1|sjir-sama|164
|player|p2|Rmmo25|265
|gametype|singles
|gen|6
|tier|UU
|rated
|rule|Sleep Clause Mod: Limit one foe put to sleep
|rule|Species Clause: Limit one of each Pokemon
|rule|OHKO Clause: OHKO moves are banned
|rule|Moody Clause: Moody is banned
|rule|Evasion Moves Clause: Evasion moves are banned
|rule|Endless Battle Clause: Forcing endless battles is banned.
|rule|HP Percentage Mod: HP is reported as percentages
|clearpoke
|poke|p1|Jolteon, M
|poke|p1|Torterra, F
|poke|p1|Umbreon, M
|poke|p1|Blastoise, M
|poke|p1|Mienshao, F
|poke|p1|Chandelure, F
|poke|p2|Blastoise, M
|poke|p2|Entei, shiny
|poke|p2|Noivern, M
|poke|p2|Florges, F
|poke|p2|Celebi
|poke|p2|Sableye, M
|teampreview
|
|start
|switch|p1a: Jolteon|Jolteon, M|272\/272
|switch|p2a: Sableye|Sableye, M|303\/303
|turn|1
|
|move|p2a: Sableye|Substitute|p2a: Sableye
|-start|p2a: Sableye|Substitute
|-damage|p2a: Sableye|228\/303
|move|p1a: Jolteon|Volt Switch|p2a: Sableye
|-end|p2a: Sableye|Substitute
|
|switch|p1a: Chandelure|Chandelure, F|261\/261
|
|-heal|p2a: Sableye|246\/303|[from] item: Leftovers
|turn|2
|
|move|p2a: Sableye|Substitute|p2a: Sableye
|-start|p2a: Sableye|Substitute
|-damage|p2a: Sableye|171\/303
|move|p1a: Chandelure|Shadow Ball|p2a: Sableye
|-crit|p2a: Sableye
|-end|p2a: Sableye|Substitute
|
|-heal|p2a: Sableye|189\/303|[from] item: Leftovers
|turn|3
|
|move|p2a: Sableye|Substitute|p2a: Sableye
|-start|p2a: Sableye|Substitute
|-damage|p2a: Sableye|114\/303
|move|p1a: Chandelure|Shadow Ball|p2a: Sableye
|-end|p2a: Sableye|Substitute
|
|-heal|p2a: Sableye|132\/303|[from] item: Leftovers
|turn|4
|
|move|p2a: Sableye|Recover|p2a: Sableye
|-heal|p2a: Sableye|284\/303
|move|p1a: Chandelure|Shadow Ball|p2a: Sableye
|-crit|p2a: Sableye
|-damage|p2a: Sableye|26\/303
|
|-heal|p2a: Sableye|44\/303|[from] item: Leftovers
|turn|5
|
|move|p2a: Sableye|Recover|p2a: Sableye
|-heal|p2a: Sableye|196\/303
|move|p1a: Chandelure|Shadow Ball|p2a: Sableye
|-damage|p2a: Sableye|27\/303
|
|-heal|p2a: Sableye|45\/303|[from] item: Leftovers
|turn|6
|
|switch|p2a: Florges|Florges, F|360\/360
|move|p1a: Chandelure|Shadow Ball|p2a: Florges
|-damage|p2a: Florges|272\/360
|
|-heal|p2a: Florges|294\/360|[from] item: Leftovers
|turn|7
|
|switch|p1a: Torterra|Torterra, F|394\/394
|move|p2a: Florges|Toxic|p1a: Torterra
|-status|p1a: Torterra|tox
|
|-heal|p2a: Florges|316\/360|[from] item: Leftovers
|-damage|p1a: Torterra|370\/394 tox|[from] psn
|turn|8
|
|switch|p2a: Celebi|Celebi|396\/396
|move|p1a: Torterra|Leech Seed|p2a: Celebi
|-immune|p2a: Celebi|[msg]
|
|-heal|p1a: Torterra|394\/394 tox|[from] item: Leftovers
|-damage|p1a: Torterra|346\/394 tox|[from] psn
|turn|9
|
|switch|p1a: Chandelure|Chandelure, F|261\/261
|move|p2a: Celebi|Stealth Rock|p1a: Chandelure
|-sidestart|p1: sjir-sama|move: Stealth Rock
|
|turn|10
|
|switch|p2a: Florges|Florges, F|316\/360
|move|p1a: Chandelure|Trick|p2a: Florges
|-activate|p1a: Chandelure|move: Trick|[of] p2a: Florges
|-item|p2a: Florges|Choice Scarf|[from] move: Trick
|-item|p1a: Chandelure|Leftovers|[from] move: Trick
|
|turn|11
|
|switch|p1a: Torterra|Torterra, F|346\/394 tox
|-damage|p1a: Torterra|322\/394 tox|[from] Stealth Rock
|move|p2a: Florges|Toxic|p1a: Torterra
|-fail|p1a: Torterra|tox
|
|-heal|p1a: Torterra|346\/394 tox|[from] item: Leftovers
|-damage|p1a: Torterra|322\/394 tox|[from] psn
|turn|12
|
|switch|p2a: Celebi|Celebi|396\/396
|move|p1a: Torterra|Stealth Rock|p2a: Celebi
|-sidestart|p2: Rmmo25|move: Stealth Rock
|
|-heal|p1a: Torterra|346\/394 tox|[from] item: Leftovers
|-damage|p1a: Torterra|298\/394 tox|[from] psn
|turn|13
|
|switch|p1a: Umbreon|Umbreon, M|394\/394
|-damage|p1a: Umbreon|345\/394|[from] Stealth Rock
|move|p2a: Celebi|Psychic|p1a: Umbreon
|-immune|p1a: Umbreon|[msg]
|
|-heal|p1a: Umbreon|369\/394|[from] item: Leftovers
|turn|14
|
|switch|p2a: Blastoise|Blastoise, M|362\/362
|-damage|p2a: Blastoise|317\/362|[from] Stealth Rock
|switch|p1a: Blastoise|Blastoise, M|362\/362
|-damage|p1a: Blastoise|317\/362|[from] Stealth Rock
|
|turn|15
|
|switch|p1a: Jolteon|Jolteon, M|272\/272
|-damage|p1a: Jolteon|238\/272|[from] Stealth Rock
|-formechange|p2a: Blastoise|Blastoise-Mega
|message|Blastoise has Mega Evolved into Mega Blastoise!
|move|p2a: Blastoise|Rapid Spin|p1a: Jolteon
|-damage|p1a: Jolteon|216\/272
|-sideend|p2: Rmmo25|Stealth Rock|[from] move: Rapid Spin|[of] p2a: Blastoise
|
|turn|16
|
|switch|p2a: Florges|Florges, F|316\/360
|move|p1a: Jolteon|Volt Switch|p2a: Florges
|-damage|p2a: Florges|231\/360
|
|switch|p1a: Mienshao|Mienshao, F|271\/271
|-damage|p1a: Mienshao|255\/271|[from] Stealth Rock
|
|turn|17
|
|move|p1a: Mienshao|U-turn|p2a: Florges
|-resisted|p2a: Florges
|-damage|p2a: Florges|156\/360
|-damage|p1a: Mienshao|228\/271|[from] item: Life Orb
|
|switch|p1a: Umbreon|Umbreon, M|369\/394
|-damage|p1a: Umbreon|320\/394|[from] Stealth Rock
|move|p2a: Florges|Moonblast|p1a: Umbreon
|-supereffective|p1a: Umbreon
|-damage|p1a: Umbreon|170\/394
|-unboost|p1a: Umbreon|spa|1
|
|-heal|p1a: Umbreon|194\/394|[from] item: Leftovers
|turn|18
|
|move|p2a: Florges|Moonblast|p1a: Umbreon
|-crit|p1a: Umbreon
|-supereffective|p1a: Umbreon
|-damage|p1a: Umbreon|0 fnt
|faint|p1a: Umbreon
|
|
|switch|p1a: Mienshao|Mienshao, F|271\/271
|-damage|p1a: Mienshao|255\/271|[from] Stealth Rock
|turn|19
|
|switch|p2a: Sableye|Sableye, M|45\/303
|move|p1a: Mienshao|High Jump Kick|p2a: Sableye
|-immune|p2a: Sableye|[msg]
|-damage|p1a: Mienshao|120\/271|[from] highjumpkick
|
|-heal|p2a: Sableye|63\/303|[from] item: Leftovers
|turn|20
|
|switch|p1a: Chandelure|Chandelure, F|261\/261
|-damage|p1a: Chandelure|196\/261|[from] Stealth Rock
|move|p2a: Sableye|Recover|p2a: Sableye
|-heal|p2a: Sableye|215\/303
|
|-heal|p1a: Chandelure|212\/261|[from] item: Leftovers
|-heal|p2a: Sableye|233\/303|[from] item: Leftovers
|turn|21
|
|move|p1a: Chandelure|Shadow Ball|p2a: Sableye
|-damage|p2a: Sableye|80\/303
|move|p2a: Sableye|Knock Off|p1a: Chandelure
|-supereffective|p1a: Chandelure
|-damage|p1a: Chandelure|30\/261
|-enditem|p1a: Chandelure|Leftovers|[from] move: Knock Off|[of] p2a: Sableye
|
|-heal|p2a: Sableye|98\/303|[from] item: Leftovers
|turn|22
|
|move|p2a: Sableye|Recover|p2a: Sableye
|-heal|p2a: Sableye|250\/303
|move|p1a: Chandelure|Shadow Ball|p2a: Sableye
|-damage|p2a: Sableye|79\/303
|-unboost|p2a: Sableye|spd|1
|
|-heal|p2a: Sableye|97\/303|[from] item: Leftovers
|turn|23
|
|switch|p2a: Florges|Florges, F|156\/360
|move|p1a: Chandelure|Shadow Ball|p2a: Florges
|-damage|p2a: Florges|65\/360
|
|turn|24
|
|move|p2a: Florges|Moonblast|p1a: Chandelure
|-resisted|p1a: Chandelure
|-damage|p1a: Chandelure|0 fnt
|faint|p1a: Chandelure
|
|
|switch|p1a: Jolteon|Jolteon, M|216\/272
|-damage|p1a: Jolteon|182\/272|[from] Stealth Rock
|turn|25
|
|move|p1a: Jolteon|Thunderbolt|p2a: Florges
|-damage|p2a: Florges|0 fnt
|faint|p2a: Florges
|
|
|switch|p2a: Entei|Entei, shiny|372\/372
|-ability|p2a: Entei|Pressure
|turn|26
|
|switch|p1a: Blastoise|Blastoise, M|317\/362
|-damage|p1a: Blastoise|272\/362|[from] Stealth Rock
|move|p2a: Entei|Extreme Speed|p1a: Blastoise
|-damage|p1a: Blastoise|177\/362
|
|turn|27
|
|switch|p2a: Sableye|Sableye, M|97\/303
|-formechange|p1a: Blastoise|Blastoise-Mega
|message|Blastoise has Mega Evolved into Mega Blastoise!
|move|p1a: Blastoise|Water Pulse|p2a: Sableye
|-damage|p2a: Sableye|0 fnt
|faint|p2a: Sableye
|
|
|switch|p2a: Noivern|Noivern, M|311\/311
|turn|28
|
|switch|p1a: Torterra|Torterra, F|298\/394 tox
|-damage|p1a: Torterra|274\/394 tox|[from] Stealth Rock
|move|p2a: Noivern|Draco Meteor|p1a: Torterra|[miss]
|-miss|p2a: Noivern|p1a: Torterra
|
|-heal|p1a: Torterra|298\/394 tox|[from] item: Leftovers
|-damage|p1a: Torterra|274\/394 tox|[from] psn
|turn|29
|
|move|p2a: Noivern|Draco Meteor|p1a: Torterra
|-damage|p1a: Torterra|0 fnt
|-unboost|p2a: Noivern|spa|2
|faint|p1a: Torterra
|
|
|switch|p1a: Jolteon|Jolteon, M|182\/272
|-damage|p1a: Jolteon|148\/272|[from] Stealth Rock
|turn|30
|
|move|p1a: Jolteon|Volt Switch|p2a: Noivern
|-crit|p2a: Noivern
|-damage|p2a: Noivern|0 fnt
|faint|p2a: Noivern
|
|switch|p1a: Mienshao|Mienshao, F|210\/271
|-damage|p1a: Mienshao|194\/271|[from] Stealth Rock
|
|
|switch|p2a: Celebi|Celebi|396\/396
|turn|31
|
|move|p1a: Mienshao|Fake Out|p2a: Celebi
|-damage|p2a: Celebi|335\/396
|-damage|p1a: Mienshao|167\/271|[from] item: Life Orb
|cant|p2a: Celebi|flinch
|
|-heal|p2a: Celebi|359\/396|[from] item: Leftovers
|turn|32
|
|move|p1a: Mienshao|U-turn|p2a: Celebi
|-supereffective|p2a: Celebi
|-damage|p2a: Celebi|0 fnt
|-damage|p1a: Mienshao|140\/271|[from] item: Life Orb
|faint|p2a: Celebi
|
|switch|p1a: Jolteon|Jolteon, M|148\/272
|-damage|p1a: Jolteon|114\/272|[from] Stealth Rock
|
|
|switch|p2a: Entei|Entei, shiny|372\/372
|-ability|p2a: Entei|Pressure
|turn|33
|
|switch|p1a: Mienshao|Mienshao, F|230\/271
|-damage|p1a: Mienshao|214\/271|[from] Stealth Rock
|move|p2a: Entei|Extreme Speed|p1a: Mienshao
|-damage|p1a: Mienshao|5\/271
|
|turn|34
|
|move|p1a: Mienshao|Fake Out|p2a: Entei
|-damage|p2a: Entei|299\/372
|-damage|p1a: Mienshao|0 fnt|[from] item: Life Orb
|faint|p1a: Mienshao
|cant|p2a: Entei|flinch
|
|
|switch|p1a: Blastoise|Blastoise, M|177\/362
|-formechange|p1a: Blastoise|Blastoise-Mega
|-damage|p1a: Blastoise|132\/362|[from] Stealth Rock
|turn|35
|
|switch|p1a: Jolteon|Jolteon, M|114\/272
|-damage|p1a: Jolteon|80\/272|[from] Stealth Rock
|move|p2a: Entei|Extreme Speed|p1a: Jolteon
|-damage|p1a: Jolteon|0 fnt
|faint|p1a: Jolteon
|
|chat|sjir-sama|gg
|
|switch|p1a: Blastoise|Blastoise, M|132\/362
|-formechange|p1a: Blastoise|Blastoise-Mega
|-damage|p1a: Blastoise|87\/362|[from] Stealth Rock
|turn|36
|chat|Rmmo25|gg
|
|move|p2a: Entei|Extreme Speed|p1a: Blastoise
|-damage|p1a: Blastoise|1\/362
|move|p1a: Blastoise|Water Pulse|p2a: Entei
|-supereffective|p2a: Entei
|-damage|p2a: Entei|0 fnt
|faint|p2a: Entei
|
|
|switch|p2a: Blastoise|Blastoise, M|317\/362
|-formechange|p2a: Blastoise|Blastoise-Mega
|turn|37
|
|move|p2a: Blastoise|Rapid Spin|p1a: Blastoise
|-damage|p1a: Blastoise|0 fnt
|faint|p1a: Blastoise
|
|win|Rmmo25
|raw|Ladder updating...
|raw|sjir-sama's rating: 1105 &rarr; <strong>1082<\/strong><br \/>(-23 for losing)
|raw|Rmmo25's rating: 1130 &rarr; <strong>1153<\/strong><br \/>(+23 for winning)
|leave|sjir-sama
|player|p1