|join|Level 56
|join|Sjir-sama
|player|p1|Level 56|68
|player|p2|Sjir-sama|164
|gametype|singles
|gen|6
|tier|UU
|rated
|rule|Sleep Clause Mod: Limit one foe put to sleep
|rule|Species Clause: Limit one of each PokÃ©mon
|rule|OHKO Clause: OHKO moves are banned
|rule|Moody Clause: Moody is banned
|rule|Evasion Moves Clause: Evasion moves are banned
|rule|Endless Battle Clause: Forcing endless battles is banned
|rule|HP Percentage Mod: HP is shown in percentages
|clearpoke
|poke|p1|Ampharos, M
|poke|p1|Mienshao, M
|poke|p1|Yanmega, F
|poke|p1|Jirachi
|poke|p1|Swampert, M
|poke|p1|Golbat, M
|poke|p2|Sceptile, M
|poke|p2|Honchkrow, M
|poke|p2|Infernape, M
|poke|p2|Aggron, M
|poke|p2|Florges, F
|poke|p2|Starmie
|rule|Swagger Clause: Swagger is banned
|rule|Baton Pass Clause: Limit one PokÃ©mon knowing Baton Pass
|teampreview
|
|start
|switch|p1a: Mienshao|Mienshao, M|271\/271
|switch|p2a: Florges|Florges, F|297\/297
|turn|1
|
|move|p1a: Mienshao|U-turn|p2a: Florges
|-resisted|p2a: Florges
|-damage|p2a: Florges|241\/297
|
|switch|p1a: Jirachi|Jirachi|342\/342
|move|p2a: Florges|Moonblast|p1a: Jirachi
|-resisted|p1a: Jirachi
|-damage|p1a: Jirachi|261\/342
|
|-heal|p1a: Jirachi|282\/342|[from] item: Leftovers
|-heal|p2a: Florges|259\/297|[from] item: Leftovers
|turn|2
|
|switch|p1a: Ampharos|Ampharos, M|384\/384
|switch|p2a: Aggron|Aggron, M|344\/344
|
|turn|3
|
|switch|p2a: Florges|Florges, F|259\/297
|detailschange|p1a: Ampharos|Ampharos-Mega, M
|message|Ampharos has Mega Evolved into Mega Ampharos!
|-ability|p1a: Ampharos|Mold Breaker
|move|p1a: Ampharos|Thunderbolt|p2a: Florges
|-damage|p2a: Florges|130\/297
|
|-heal|p2a: Florges|148\/297|[from] item: Leftovers
|turn|4
|
|move|p2a: Florges|Wish|p2a: Florges
|move|p1a: Ampharos|Volt Switch|p2a: Florges
|-damage|p2a: Florges|42\/297
|
|switch|p1a: Swampert|Swampert, M|404\/404
|
|-heal|p2a: Florges|60\/297|[from] item: Leftovers
|turn|5
|
|move|p2a: Florges|Moonblast|p1a: Swampert
|-damage|p1a: Swampert|223\/404
|move|p1a: Swampert|Stealth Rock|p2a: Florges
|-sidestart|p2: Sjir-sama|move: Stealth Rock
|
|-heal|p2a: Florges|208\/297|[from] move: Wish|[wisher] Florges
|-heal|p2a: Florges|226\/297|[from] item: Leftovers
|-heal|p1a: Swampert|248\/404|[from] item: Leftovers
|turn|6
|
|switch|p1a: Jirachi|Jirachi|282\/342
|move|p2a: Florges|Moonblast|p1a: Jirachi
|-resisted|p1a: Jirachi
|-damage|p1a: Jirachi|199\/342
|
|-heal|p1a: Jirachi|220\/342|[from] item: Leftovers
|-heal|p2a: Florges|244\/297|[from] item: Leftovers
|turn|7
|
|move|p2a: Florges|Protect|p2a: Florges
|-singleturn|p2a: Florges|Protect
|move|p1a: Jirachi|Iron Head|p2a: Florges
|-activate|p2a: Florges|Protect
|
|-heal|p1a: Jirachi|241\/342|[from] item: Leftovers
|-heal|p2a: Florges|262\/297|[from] item: Leftovers
|turn|8
|
|switch|p1a: Ampharos|Ampharos-Mega, M|384\/384
|-ability|p1a: Ampharos|Mold Breaker
|move|p2a: Florges|Moonblast|p1a: Ampharos
|-supereffective|p1a: Ampharos
|-damage|p1a: Ampharos|100\/384
|
|-heal|p2a: Florges|280\/297|[from] item: Leftovers
|turn|9
|
|switch|p1a: Jirachi|Jirachi|241\/342
|move|p2a: Florges|Moonblast|p1a: Jirachi
|-resisted|p1a: Jirachi
|-damage|p1a: Jirachi|164\/342
|-unboost|p1a: Jirachi|spa|1
|
|-heal|p1a: Jirachi|185\/342|[from] item: Leftovers
|-heal|p2a: Florges|297\/297|[from] item: Leftovers
|turn|10
|
|switch|p2a: Infernape|Infernape, M|294\/294
|-damage|p2a: Infernape|258\/294|[from] Stealth Rock
|move|p1a: Jirachi|Substitute|p1a: Jirachi
|-start|p1a: Jirachi|Substitute
|-damage|p1a: Jirachi|100\/342
|
|-heal|p1a: Jirachi|121\/342|[from] item: Leftovers
|turn|11
|
|move|p2a: Infernape|U-turn|p1a: Jirachi
|-end|p1a: Jirachi|Substitute
|
|switch|p2a: Aggron|Aggron, M|344\/344
|-damage|p2a: Aggron|323\/344|[from] Stealth Rock
|move|p1a: Jirachi|Iron Head|p2a: Aggron
|-damage|p2a: Aggron|269\/344
|
|-heal|p1a: Jirachi|142\/342|[from] item: Leftovers
|turn|12
|
|switch|p1a: Swampert|Swampert, M|248\/404
|detailschange|p2a: Aggron|Aggron-Mega, M
|message|Aggron has Mega Evolved into Mega Aggron!
|move|p2a: Aggron|Earthquake|p1a: Swampert
|-damage|p1a: Swampert|159\/404
|
|-heal|p1a: Swampert|184\/404|[from] item: Leftovers
|turn|13
|
|move|p1a: Swampert|Scald|p2a: Aggron
|-damage|p2a: Aggron|161\/344
|move|p2a: Aggron|Stealth Rock|p1a: Swampert
|-sidestart|p1: Level 56|move: Stealth Rock
|
|-heal|p1a: Swampert|209\/404|[from] item: Leftovers
|turn|14
|
|switch|p2a: Sceptile|Sceptile, M|281\/281
|-damage|p2a: Sceptile|246\/281|[from] Stealth Rock
|move|p1a: Swampert|Earthquake|p2a: Sceptile
|-resisted|p2a: Sceptile
|-damage|p2a: Sceptile|162\/281
|
|-heal|p1a: Swampert|234\/404|[from] item: Leftovers
|turn|15
|
|switch|p1a: Golbat|Golbat, M|354\/354
|-damage|p1a: Golbat|266\/354|[from] Stealth Rock
|move|p2a: Sceptile|Dragon Pulse|p1a: Golbat
|-damage|p1a: Golbat|190\/354
|
|turn|16
|
|switch|p2a: Aggron|Aggron-Mega, M|161\/344
|-damage|p2a: Aggron|140\/344|[from] Stealth Rock
|move|p1a: Golbat|Roost|p1a: Golbat
|-heal|p1a: Golbat|354\/354
|
|turn|17
|
|move|p1a: Golbat|U-turn|p2a: Aggron
|-resisted|p2a: Aggron
|-damage|p2a: Aggron|131\/344
|
|switch|p1a: Swampert|Swampert, M|234\/404
|-damage|p1a: Swampert|209\/404|[from] Stealth Rock
|move|p2a: Aggron|Heavy Slam|p1a: Swampert
|-resisted|p1a: Swampert
|-damage|p1a: Swampert|149\/404
|
|-heal|p1a: Swampert|174\/404|[from] item: Leftovers
|turn|18
|
|switch|p2a: Sceptile|Sceptile, M|162\/281
|-damage|p2a: Sceptile|127\/281|[from] Stealth Rock
|move|p1a: Swampert|Scald|p2a: Sceptile
|-resisted|p2a: Sceptile
|-damage|p2a: Sceptile|82\/281
|
|-heal|p1a: Swampert|199\/404|[from] item: Leftovers
|turn|19
|
|switch|p1a: Golbat|Golbat, M|354\/354
|-damage|p1a: Golbat|266\/354|[from] Stealth Rock
|move|p2a: Sceptile|Giga Drain|p1a: Golbat
|-resisted|p1a: Golbat
|-damage|p1a: Golbat|227\/354
|-heal|p2a: Sceptile|102\/281|[from] drain|[of] p1a: Golbat
|
|turn|20
|
|switch|p2a: Honchkrow|Honchkrow, M|341\/341
|-damage|p2a: Honchkrow|256\/341|[from] Stealth Rock
|move|p1a: Golbat|Roost|p1a: Golbat
|-heal|p1a: Golbat|354\/354
|
|turn|21
|
|move|p2a: Honchkrow|Substitute|p2a: Honchkrow
|-start|p2a: Honchkrow|Substitute
|-damage|p2a: Honchkrow|171\/341
|move|p1a: Golbat|Roost|p1a: Golbat
|-fail|p1a: Golbat
|
|turn|22
|
|move|p2a: Honchkrow|Roost|p2a: Honchkrow
|-heal|p2a: Honchkrow|341\/341
|move|p1a: Golbat|Roost|p1a: Golbat
|-fail|p1a: Golbat
|
|turn|23
|
|move|p2a: Honchkrow|Brave Bird|p1a: Golbat
|-damage|p1a: Golbat|88\/354
|-damage|p2a: Honchkrow|253\/341|[from] recoil|[of] p1a: Golbat
|-damage|p2a: Honchkrow|219\/341|[from] item: Life Orb
|move|p1a: Golbat|Roost|p1a: Golbat
|-heal|p1a: Golbat|265\/354
|
|turn|24
|
|move|p2a: Honchkrow|Brave Bird|p1a: Golbat
|-damage|p1a: Golbat|0 fnt
|-damage|p2a: Honchkrow|132\/341|[from] recoil|[of] p1a: Golbat
|-damage|p2a: Honchkrow|98\/341|[from] item: Life Orb
|faint|p1a: Golbat
|-boost|p2a: Honchkrow|atk|1|[from] ability: Moxie
|
|
|switch|p1a: Jirachi|Jirachi|142\/342
|-damage|p1a: Jirachi|121\/342|[from] Stealth Rock
|turn|25
|
|move|p2a: Honchkrow|Sucker Punch|p1a: Jirachi
|-fail|p1a: Jirachi
|move|p1a: Jirachi|Substitute|p1a: Jirachi
|-start|p1a: Jirachi|Substitute
|-damage|p1a: Jirachi|36\/342
|
|-heal|p1a: Jirachi|57\/342|[from] item: Leftovers
|turn|26
|
|move|p1a: Jirachi|Iron Head|p2a: Honchkrow
|-end|p2a: Honchkrow|Substitute
|move|p2a: Honchkrow|Roost|p2a: Honchkrow
|-heal|p2a: Honchkrow|269\/341
|
|-heal|p1a: Jirachi|78\/342|[from] item: Leftovers
|turn|27
|
|switch|p2a: Aggron|Aggron-Mega, M|131\/344
|-damage|p2a: Aggron|110\/344|[from] Stealth Rock
|move|p1a: Jirachi|Toxic|p2a: Aggron
|-fail|p2a: Aggron
|
|-heal|p1a: Jirachi|99\/342|[from] item: Leftovers
|turn|28
|
|move|p1a: Jirachi|Iron Head|p2a: Aggron
|-resisted|p2a: Aggron
|-damage|p2a: Aggron|85\/344
|move|p2a: Aggron|Earthquake|p1a: Jirachi
|-supereffective|p1a: Jirachi
|-end|p1a: Jirachi|Substitute
|
|-heal|p1a: Jirachi|120\/342|[from] item: Leftovers
|turn|29
|
|switch|p1a: Swampert|Swampert, M|199\/404
|-damage|p1a: Swampert|174\/404|[from] Stealth Rock
|move|p2a: Aggron|Heavy Slam|p1a: Swampert
|-resisted|p1a: Swampert
|-damage|p1a: Swampert|115\/404
|
|-heal|p1a: Swampert|140\/404|[from] item: Leftovers
|turn|30
|
|move|p1a: Swampert|Scald|p2a: Aggron
|-damage|p2a: Aggron|0 fnt
|faint|p2a: Aggron
|
|-heal|p1a: Swampert|165\/404|[from] item: Leftovers
|
|switch|p2a: Starmie|Starmie|261\/261
|-damage|p2a: Starmie|229\/261|[from] Stealth Rock
|turn|31
|
|move|p2a: Starmie|Hydro Pump|p1a: Swampert
|-damage|p1a: Swampert|0 fnt
|-damage|p2a: Starmie|203\/261|[from] item: Life Orb
|faint|p1a: Swampert
|
|
|switch|p1a: Mienshao|Mienshao, M|271\/271
|-damage|p1a: Mienshao|255\/271|[from] Stealth Rock
|turn|32
|
|move|p1a: Mienshao|Knock Off|p2a: Starmie
|-supereffective|p2a: Starmie
|-damage|p2a: Starmie|0 fnt
|-enditem|p2a: Starmie|Life Orb|[from] move: Knock Off|[of] p1a: Mienshao
|faint|p2a: Starmie
|
|
|switch|p2a: Florges|Florges, F|297\/297
|-damage|p2a: Florges|260\/297|[from] Stealth Rock
|turn|33
|
|switch|p1a: Ampharos|Ampharos-Mega, M|100\/384
|-damage|p1a: Ampharos|52\/384|[from] Stealth Rock
|-ability|p1a: Ampharos|Mold Breaker
|move|p2a: Florges|Moonblast|p1a: Ampharos
|-supereffective|p1a: Ampharos
|-damage|p1a: Ampharos|0 fnt
|faint|p1a: Ampharos
|
|-heal|p2a: Florges|278\/297|[from] item: Leftovers
|
|switch|p1a: Jirachi|Jirachi|120\/342
|-damage|p1a: Jirachi|99\/342|[from] Stealth Rock
|turn|34
|
|switch|p2a: Sceptile|Sceptile, M|102\/281
|-damage|p2a: Sceptile|67\/281|[from] Stealth Rock
|move|p1a: Jirachi|Substitute|p1a: Jirachi
|-start|p1a: Jirachi|Substitute
|-damage|p1a: Jirachi|14\/342
|
|-heal|p1a: Jirachi|35\/342|[from] item: Leftovers
|turn|35
|
|move|p2a: Sceptile|Giga Drain|p1a: Jirachi
|-resisted|p1a: Jirachi
|-end|p1a: Jirachi|Substitute
|-heal|p2a: Sceptile|110\/281|[from] drain|[of] p1a: Jirachi
|move|p1a: Jirachi|Iron Head|p2a: Sceptile
|-damage|p2a: Sceptile|0 fnt
|faint|p2a: Sceptile
|
|-heal|p1a: Jirachi|56\/342|[from] item: Leftovers
|
|switch|p2a: Infernape|Infernape, M|258\/294
|-damage|p2a: Infernape|222\/294|[from] Stealth Rock
|turn|36
|
|switch|p1a: Yanmega|Yanmega, F|314\/314
|-damage|p1a: Yanmega|157\/314|[from] Stealth Rock
|move|p2a: Infernape|U-turn|p1a: Yanmega
|-resisted|p1a: Yanmega
|-damage|p1a: Yanmega|97\/314
|
|switch|p2a: Honchkrow|Honchkrow, M|269\/341
|-damage|p2a: Honchkrow|184\/341|[from] Stealth Rock
|
|turn|37
|
|switch|p1a: Mienshao|Mienshao, M|271\/271
|-damage|p1a: Mienshao|255\/271|[from] Stealth Rock
|move|p2a: Honchkrow|Sucker Punch|p1a: Mienshao
|-fail|p1a: Mienshao
|
|turn|38
|
|switch|p2a: Infernape|Infernape, M|222\/294
|-damage|p2a: Infernape|186\/294|[from] Stealth Rock
|move|p1a: Mienshao|High Jump Kick|p2a: Infernape
|-damage|p2a: Infernape|0 fnt
|faint|p2a: Infernape
|
|
|switch|p2a: Florges|Florges, F|278\/297
|-damage|p2a: Florges|241\/297|[from] Stealth Rock
|turn|39
|
|switch|p1a: Yanmega|Yanmega, F|97\/314
|-damage|p1a: Yanmega|0 fnt|[from] Stealth Rock
|faint|p1a: Yanmega
|move|p2a: Florges|Moonblast|p1: Yanmega|[notarget]
|-notarget
|
|-heal|p2a: Florges|259\/297|[from] item: Leftovers
|
|switch|p1a: Jirachi|Jirachi|56\/342
|-damage|p1a: Jirachi|35\/342|[from] Stealth Rock
|turn|40
|
|move|p1a: Jirachi|Iron Head|p2a: Florges
|-supereffective|p2a: Florges
|-damage|p2a: Florges|0 fnt
|faint|p2a: Florges
|
|-heal|p1a: Jirachi|56\/342|[from] item: Leftovers
|
|switch|p2a: Honchkrow|Honchkrow, M|184\/341
|-damage|p2a: Honchkrow|99\/341|[from] Stealth Rock
|turn|41
|
|switch|p1a: Mienshao|Mienshao, M|271\/271
|-damage|p1a: Mienshao|255\/271|[from] Stealth Rock
|move|p2a: Honchkrow|Roost|p2a: Honchkrow
|-heal|p2a: Honchkrow|270\/341
|
|turn|42
|
|move|p1a: Mienshao|High Jump Kick|p2a: Honchkrow
|-crit|p2a: Honchkrow
|-damage|p2a: Honchkrow|0 fnt
|faint|p2a: Honchkrow
|
|win|Level 56
|raw|Ladder updating...
|c|âSjir-sama|gg
|raw|Level 56's rating: 1492 &rarr; <strong>1505<\/strong><br \/>(+13 for winning)
|raw|Sjir-sama's rating: 1352 &rarr; <strong>1339<\/strong><br \/>(-13 for losing)
|leave|Sjir-sama
|player|p2
|c|âLevel 56|gg