|join|Sjir-sama
|join|Abel9876
|player|p1|Sjir-sama|164
|player|p2|Abel9876|1
|gametype|singles
|gen|6
|tier|UU
|rated
|rule|Sleep Clause Mod: Limit one foe put to sleep
|rule|Species Clause: Limit one of each PokÃ©mon
|rule|OHKO Clause: OHKO moves are banned
|rule|Moody Clause: Moody is banned
|rule|Evasion Moves Clause: Evasion moves are banned
|rule|Endless Battle Clause: Forcing endless battles is banned
|rule|HP Percentage Mod: HP is shown in percentages
|clearpoke
|poke|p1|Sceptile, M
|poke|p1|Honchkrow, M
|poke|p1|Infernape, M
|poke|p1|Aggron, M
|poke|p1|Florges, F
|poke|p1|Starmie
|poke|p2|Lucario, M
|poke|p2|Aerodactyl, F
|poke|p2|Mew
|poke|p2|Galvantula, F
|poke|p2|Starmie
|poke|p2|Infernape, M
|rule|Swagger Clause: Swagger is banned
|rule|Baton Pass Clause: Limit one PokÃ©mon knowing Baton Pass
|teampreview
|
|start
|switch|p1a: Infernape|Infernape, M|294\/294
|switch|p2a: Infernape|Infernape, M|293\/293
|turn|1
|
|switch|p2a: Mew|Mew|404\/404
|move|p1a: Infernape|Close Combat|p2a: Mew
|-resisted|p2a: Mew
|-damage|p2a: Mew|278\/404
|-unboost|p1a: Infernape|def|1
|-unboost|p1a: Infernape|spd|1
|
|-heal|p2a: Mew|303\/404|[from] item: Leftovers
|turn|2
|
|switch|p1a: Sceptile|Sceptile, M|281\/281
|move|p2a: Mew|Stealth Rock|p1a: Sceptile
|-sidestart|p1: Sjir-sama|move: Stealth Rock
|
|-heal|p2a: Mew|328\/404|[from] item: Leftovers
|turn|3
|
|move|p1a: Sceptile|Leaf Storm|p2a: Mew
|-damage|p2a: Mew|97\/404
|-unboost|p1a: Sceptile|spa|2
|move|p2a: Mew|Thunder Wave|p1a: Sceptile
|-status|p1a: Sceptile|par
|
|-heal|p2a: Mew|122\/404|[from] item: Leftovers
|turn|4
|
|switch|p1a: Aggron|Aggron, M|344\/344
|-damage|p1a: Aggron|323\/344|[from] Stealth Rock
|move|p2a: Mew|Soft-Boiled|p2a: Mew
|-heal|p2a: Mew|324\/404
|
|-heal|p2a: Mew|349\/404|[from] item: Leftovers
|turn|5
|
|detailschange|p1a: Aggron|Aggron-Mega, M
|message|Aggron has Mega Evolved into Mega Aggron!
|move|p2a: Mew|Thunder Wave|p1a: Aggron
|-status|p1a: Aggron|par
|cant|p1a: Aggron|par
|
|-heal|p2a: Mew|374\/404|[from] item: Leftovers
|turn|6
|
|switch|p2a: Infernape|Infernape, M|293\/293
|cant|p1a: Aggron|par
|
|turn|7
|
|move|p2a: Infernape|Flare Blitz|p1a: Aggron
|-supereffective|p1a: Aggron
|-damage|p1a: Aggron|211\/344 par
|-damage|p2a: Infernape|256\/293|[from] recoil|[of] p1a: Aggron
|move|p1a: Aggron|Earthquake|p2a: Infernape
|-supereffective|p2a: Infernape
|-damage|p2a: Infernape|0 fnt
|faint|p2a: Infernape
|
|
|switch|p2a: Galvantula|Galvantula, F|281\/281
|turn|8
|
|switch|p1a: Florges|Florges, F|297\/297
|-damage|p1a: Florges|260\/297|[from] Stealth Rock
|move|p2a: Galvantula|Thunder|p1a: Florges|[miss]
|-miss|p2a: Galvantula|p1a: Florges
|
|-heal|p1a: Florges|278\/297|[from] item: Leftovers
|turn|9
|
|move|p2a: Galvantula|Sticky Web|p1a: Florges
|-sidestart|p1: Sjir-sama|move: Sticky Web
|move|p1a: Florges|Moonblast|p2a: Galvantula
|-damage|p2a: Galvantula|65\/281
|
|-heal|p1a: Florges|296\/297|[from] item: Leftovers
|turn|10
|
|move|p2a: Galvantula|Thunder|p1a: Florges
|-damage|p1a: Florges|188\/297
|-status|p1a: Florges|par
|cant|p1a: Florges|par
|
|-heal|p1a: Florges|206\/297 par|[from] item: Leftovers
|turn|11
|
|move|p2a: Galvantula|Thunder|p1a: Florges
|-damage|p1a: Florges|113\/297 par
|move|p1a: Florges|Aromatherapy|p1a: Florges
|-cureteam|p1a: Florges|[from] move: Aromatherapy
|
|-heal|p1a: Florges|131\/297|[from] item: Leftovers
|turn|12
|
|move|p2a: Galvantula|Thunder|p1a: Florges
|-damage|p1a: Florges|25\/297
|move|p1a: Florges|Wish|p1a: Florges
|
|-heal|p1a: Florges|43\/297|[from] item: Leftovers
|turn|13
|
|switch|p2a: Lucario|Lucario, M|282\/282
|move|p1a: Florges|Protect|p1a: Florges
|-fail|p1a: Florges
|
|-heal|p1a: Florges|191\/297|[from] move: Wish|[wisher] Florges
|-heal|p1a: Florges|209\/297|[from] item: Leftovers
|turn|14
|
|move|p2a: Lucario|Bullet Punch|p1a: Florges
|-supereffective|p1a: Florges
|-damage|p1a: Florges|0 fnt
|-damage|p2a: Lucario|254\/282|[from] item: Life Orb
|faint|p1a: Florges
|
|
|switch|p1a: Infernape|Infernape, M|294\/294
|-activate|p1a: Infernape|move: Sticky Web
|-unboost|p1a: Infernape|spe|1
|-damage|p1a: Infernape|258\/294|[from] Stealth Rock
|turn|15
|
|move|p2a: Lucario|Close Combat|p1a: Infernape
|-damage|p1a: Infernape|0 fnt
|-unboost|p2a: Lucario|def|1
|-unboost|p2a: Lucario|spd|1
|-damage|p2a: Lucario|226\/282|[from] item: Life Orb
|faint|p1a: Infernape
|
|
|switch|p1a: Aggron|Aggron-Mega, M|211\/344
|-activate|p1a: Aggron|move: Sticky Web
|-unboost|p1a: Aggron|spe|1
|-damage|p1a: Aggron|190\/344|[from] Stealth Rock
|turn|16
|
|move|p2a: Lucario|Close Combat|p1a: Aggron
|-supereffective|p1a: Aggron
|-damage|p1a: Aggron|54\/344
|-unboost|p2a: Lucario|def|1
|-unboost|p2a: Lucario|spd|1
|-damage|p2a: Lucario|198\/282|[from] item: Life Orb
|move|p1a: Aggron|Earthquake|p2a: Lucario
|-supereffective|p2a: Lucario
|-damage|p2a: Lucario|0 fnt
|faint|p2a: Lucario
|
|
|switch|p2a: Aerodactyl|Aerodactyl, F|301\/301
|-ability|p2a: Aerodactyl|Pressure
|turn|17
|
|detailschange|p2a: Aerodactyl|Aerodactyl-Mega, F
|message|Aerodactyl has Mega Evolved into Mega Aerodactyl!
|move|p2a: Aerodactyl|Earthquake|p1a: Aggron
|-supereffective|p1a: Aggron
|-damage|p1a: Aggron|0 fnt
|faint|p1a: Aggron
|
|
|switch|p1a: Starmie|Starmie|261\/261
|-activate|p1a: Starmie|move: Sticky Web
|-unboost|p1a: Starmie|spe|1
|-damage|p1a: Starmie|229\/261|[from] Stealth Rock
|turn|18
|
|switch|p2a: Mew|Mew|374\/404
|move|p1a: Starmie|Hydro Pump|p2a: Mew|[miss]
|-miss|p1a: Starmie|p2a: Mew
|
|-heal|p2a: Mew|399\/404|[from] item: Leftovers
|turn|19
|
|move|p1a: Starmie|Rapid Spin|p2a: Mew
|-crit|p2a: Mew
|-damage|p2a: Mew|381\/404
|-sideend|p1: Sjir-sama|Stealth Rock|[from] move: Rapid Spin|[of] p1a: Starmie
|-sideend|p1: Sjir-sama|Sticky Web|[from] move: Rapid Spin|[of] p1a: Starmie
|-damage|p1a: Starmie|203\/261|[from] item: Life Orb
|move|p2a: Mew|Knock Off|p1a: Starmie
|-supereffective|p1a: Starmie
|-damage|p1a: Starmie|19\/261
|-enditem|p1a: Starmie|Life Orb|[from] move: Knock Off|[of] p2a: Mew
|
|-heal|p2a: Mew|404\/404|[from] item: Leftovers
|turn|20
|
|move|p1a: Starmie|Hydro Pump|p2a: Mew
|-damage|p2a: Mew|275\/404
|move|p2a: Mew|Stealth Rock|p1a: Starmie
|-sidestart|p1: Sjir-sama|move: Stealth Rock
|
|-heal|p2a: Mew|300\/404|[from] item: Leftovers
|turn|21
|
|move|p1a: Starmie|Rapid Spin|p2a: Mew
|-crit|p2a: Mew
|-damage|p2a: Mew|287\/404
|-sideend|p1: Sjir-sama|Stealth Rock|[from] move: Rapid Spin|[of] p1a: Starmie
|move|p2a: Mew|Thunder Wave|p1a: Starmie
|-status|p1a: Starmie|par
|
|-heal|p2a: Mew|312\/404|[from] item: Leftovers
|turn|22
|
|switch|p1a: Honchkrow|Honchkrow, M|341\/341
|move|p2a: Mew|Stealth Rock|p1a: Honchkrow
|-sidestart|p1: Sjir-sama|move: Stealth Rock
|
|-heal|p2a: Mew|337\/404|[from] item: Leftovers
|turn|23
|
|move|p1a: Honchkrow|Substitute|p1a: Honchkrow
|-start|p1a: Honchkrow|Substitute
|-damage|p1a: Honchkrow|256\/341
|move|p2a: Mew|Thunder Wave|p1a: Honchkrow
|
|-heal|p2a: Mew|362\/404|[from] item: Leftovers
|turn|24
|
|switch|p2a: Galvantula|Galvantula, F|65\/281
|move|p1a: Honchkrow|Brave Bird|p2a: Galvantula
|-damage|p2a: Galvantula|0 fnt
|-damage|p1a: Honchkrow|235\/341|[from] recoil|[of] p2a: Galvantula
|-damage|p1a: Honchkrow|201\/341|[from] item: Life Orb
|faint|p2a: Galvantula
|-boost|p1a: Honchkrow|atk|1|[from] ability: Moxie
|
|
|switch|p2a: Starmie|Starmie|262\/262
|turn|25
|
|move|p1a: Honchkrow|Sucker Punch|p2a: Starmie
|-supereffective|p2a: Starmie
|-damage|p2a: Starmie|0 fnt
|-damage|p1a: Honchkrow|167\/341|[from] item: Life Orb
|faint|p2a: Starmie
|-boost|p1a: Honchkrow|atk|1|[from] ability: Moxie
|
|
|switch|p2a: Mew|Mew|362\/404
|turn|26
|
|move|p1a: Honchkrow|Roost|p1a: Honchkrow
|-heal|p1a: Honchkrow|338\/341
|move|p2a: Mew|Soft-Boiled|p2a: Mew
|-heal|p2a: Mew|404\/404
|
|turn|27
|
|move|p1a: Honchkrow|Brave Bird|p2a: Mew
|-damage|p2a: Mew|0 fnt
|-damage|p1a: Honchkrow|205\/341|[from] recoil|[of] p2a: Mew
|-damage|p1a: Honchkrow|171\/341|[from] item: Life Orb
|faint|p2a: Mew
|-boost|p1a: Honchkrow|atk|1|[from] ability: Moxie
|
|chat|Sjir-sama|gg
|chat|Abel9876|gg
|
|switch|p2a: Aerodactyl|Aerodactyl-Mega, F|301\/301
|turn|28
|
|move|p1a: Honchkrow|Sucker Punch|p2a: Aerodactyl
|-damage|p2a: Aerodactyl|0 fnt
|-damage|p1a: Honchkrow|137\/341|[from] item: Life Orb
|faint|p2a: Aerodactyl
|-boost|p1a: Honchkrow|atk|1|[from] ability: Moxie
|
|win|Sjir-sama
|raw|Ladder updating...
|raw|Sjir-sama's rating: 1452 &rarr; <strong>1469<\/strong><br \/>(+17 for winning)
|raw|Abel9876's rating: 1388 &rarr; <strong>1372<\/strong><br \/>(-16 for losing)
|leave|Abel9876
|player|p2