|join|Sjir-sama
|join|Clefairy
|player|p1|Sjir-sama|164
|player|p2|Clefairy|#clefairy
|gametype|singles
|gen|6
|tier|UU
|rated
|rule|Sleep Clause Mod: Limit one foe put to sleep
|rule|Species Clause: Limit one of each PokÃ©mon
|rule|OHKO Clause: OHKO moves are banned
|rule|Moody Clause: Moody is banned
|rule|Evasion Moves Clause: Evasion moves are banned
|rule|Endless Battle Clause: Forcing endless battles is banned
|rule|HP Percentage Mod: HP is shown in percentages
|clearpoke
|poke|p1|Jolteon, M
|poke|p1|Torterra, M
|poke|p1|Umbreon, F
|poke|p1|Blastoise, M
|poke|p1|Mienshao, M
|poke|p1|Chandelure, F
|poke|p2|Blastoise, M
|poke|p2|Victini
|poke|p2|Hydreigon, M
|poke|p2|Masquerain, F
|poke|p2|Porygon-Z
|poke|p2|Jirachi
|rule|Swagger Clause: Swagger is banned
|rule|Baton Pass Clause: Limit one PokÃ©mon knowing Baton Pass
|teampreview
|
|start
|switch|p1a: Susano|Jolteon, M|272\/272
|switch|p2a: :buge:|Masquerain, F|344\/344
|-ability|p2a: :buge:|Intimidate|[of] p1a: Susano
|-unboost|p1a: Susano|atk|1
|turn|1
|
|move|p1a: Susano|Volt Switch|p2a: :buge:
|-supereffective|p2a: :buge:
|-enditem|p2a: :buge:|Focus Sash
|-damage|p2a: :buge:|1\/344
|
|switch|p1a: Shorinji|Mienshao, M|271\/271
|move|p2a: :buge:|Sticky Web|p1a: Shorinji
|-sidestart|p1: Sjir-sama|move: Sticky Web
|
|turn|2
|
|move|p1a: Shorinji|U-turn|p2a: :buge:
|-resisted|p2a: :buge:
|-damage|p2a: :buge:|0 fnt
|-damage|p1a: Shorinji|244\/271|[from] item: Life Orb
|faint|p2a: :buge:
|
|switch|p1a: Matsumi|Torterra, M|394\/394
|-activate|p1a: Matsumi|move: Sticky Web
|-unboost|p1a: Matsumi|spe|1
|
|
|switch|p2a: Kunto|Blastoise, M|318\/318
|turn|3
|
|switch|p1a: Hiruko|Blastoise, M|362\/362
|-activate|p1a: Hiruko|move: Sticky Web
|-unboost|p1a: Hiruko|spe|1
|detailschange|p2a: Kunto|Blastoise-Mega, M
|message|Blastoise has Mega Evolved into Mega Blastoise!
|move|p2a: Kunto|Ice Beam|p1a: Hiruko
|-resisted|p1a: Hiruko
|-damage|p1a: Hiruko|309\/362
|-status|p1a: Hiruko|frz
|
|turn|4
|c|âSjir-sama|well, shit xD
|
|switch|p2a: skill>luck|Jirachi|341\/341
|detailschange|p1a: Hiruko|Blastoise-Mega, M
|message|Blastoise has Mega Evolved into Mega Blastoise!
|cant|p1a: Hiruko|frz
|
|turn|5
|c|âClefairy|golly
|
|move|p2a: skill>luck|Stealth Rock|p1a: Hiruko
|-sidestart|p1: Sjir-sama|move: Stealth Rock
|cant|p1a: Hiruko|frz
|
|turn|6
|
|move|p2a: skill>luck|U-turn|p1a: Hiruko
|-damage|p1a: Hiruko|261\/362 frz
|
|switch|p2a: ddos ur mum xD|Porygon-Z|312\/312
|-curestatus|p1a: Hiruko|frz
|move|p1a: Hiruko|Rapid Spin|p2a: ddos ur mum xD
|-damage|p2a: ddos ur mum xD|294\/312
|-sideend|p1: Sjir-sama|Stealth Rock|[from] move: Rapid Spin|[of] p1a: Hiruko
|-sideend|p1: Sjir-sama|Sticky Web|[from] move: Rapid Spin|[of] p1a: Hiruko
|
|turn|7
|c|âSjir-sama|good
|c|âClefairy|ok
|
|switch|p1a: NegaiHoshi|Umbreon, F|394\/394
|move|p2a: ddos ur mum xD|Tri Attack|p1a: NegaiHoshi
|-damage|p1a: NegaiHoshi|270\/394
|
|-heal|p1a: NegaiHoshi|294\/394|[from] item: Leftovers
|turn|8
|
|switch|p2a: BJ bro|Hydreigon, M|325\/325
|move|p1a: NegaiHoshi|Wish|p1a: NegaiHoshi
|
|-heal|p1a: NegaiHoshi|318\/394|[from] item: Leftovers
|turn|9
|
|move|p2a: BJ bro|Draco Meteor|p1a: NegaiHoshi
|-damage|p1a: NegaiHoshi|137\/394
|-unboost|p2a: BJ bro|spa|2
|-damage|p2a: BJ bro|293\/325|[from] item: Life Orb
|move|p1a: NegaiHoshi|Foul Play|p2a: BJ bro
|-resisted|p2a: BJ bro
|-damage|p2a: BJ bro|226\/325
|
|-heal|p1a: NegaiHoshi|334\/394|[from] move: Wish|[wisher] NegaiHoshi
|-heal|p1a: NegaiHoshi|358\/394|[from] item: Leftovers
|turn|10
|
|move|p2a: BJ bro|Superpower|p1a: NegaiHoshi
|-supereffective|p1a: NegaiHoshi
|-damage|p1a: NegaiHoshi|132\/394
|-unboost|p2a: BJ bro|atk|1
|-unboost|p2a: BJ bro|def|1
|-damage|p2a: BJ bro|194\/325|[from] item: Life Orb
|move|p1a: NegaiHoshi|Foul Play|p2a: BJ bro
|-resisted|p2a: BJ bro
|-damage|p2a: BJ bro|119\/325
|
|-heal|p1a: NegaiHoshi|156\/394|[from] item: Leftovers
|turn|11
|
|switch|p2a: v|Victini|341\/341
|move|p1a: NegaiHoshi|Protect|p1a: NegaiHoshi
|-fail|p1a: NegaiHoshi
|
|-heal|p1a: NegaiHoshi|180\/394|[from] item: Leftovers
|turn|12
|
|switch|p1a: Shiranui|Chandelure, F|261\/261
|move|p2a: v|U-turn|p1a: Shiranui
|-resisted|p1a: Shiranui
|-damage|p1a: Shiranui|231\/261
|
|switch|p2a: Kunto|Blastoise-Mega, M|318\/318
|
|turn|13
|
|switch|p1a: Hiruko|Blastoise-Mega, M|261\/362
|move|p2a: Kunto|Water Pulse|p1a: Hiruko
|-resisted|p1a: Hiruko
|-damage|p1a: Hiruko|185\/362
|
|turn|14
|
|move|p2a: Kunto|Dark Pulse|p1a: Hiruko
|-damage|p1a: Hiruko|52\/362
|move|p1a: Hiruko|Aura Sphere|p2a: Kunto
|-damage|p2a: Kunto|208\/318
|
|turn|15
|
|switch|p1a: Susano|Jolteon, M|272\/272
|move|p2a: Kunto|Aura Sphere|p1a: Susano
|-damage|p1a: Susano|116\/272
|
|turn|16
|
|switch|p2a: ddos ur mum xD|Porygon-Z|294\/312
|move|p1a: Susano|Volt Switch|p2a: ddos ur mum xD
|-damage|p2a: ddos ur mum xD|98\/312
|
|switch|p1a: NegaiHoshi|Umbreon, F|180\/394
|
|-heal|p1a: NegaiHoshi|204\/394|[from] item: Leftovers
|turn|17
|
|move|p1a: NegaiHoshi|Protect|p1a: NegaiHoshi
|-singleturn|p1a: NegaiHoshi|Protect
|move|p2a: ddos ur mum xD|Trick|p1a: NegaiHoshi
|-activate|p1a: NegaiHoshi|Protect
|
|-heal|p1a: NegaiHoshi|228\/394|[from] item: Leftovers
|turn|18
|
|switch|p2a: Kunto|Blastoise-Mega, M|208\/318
|move|p1a: NegaiHoshi|Foul Play|p2a: Kunto
|-damage|p2a: Kunto|115\/318
|
|-heal|p1a: NegaiHoshi|252\/394|[from] item: Leftovers
|turn|19
|
|move|p2a: Kunto|Water Pulse|p1a: NegaiHoshi
|-damage|p1a: NegaiHoshi|144\/394
|move|p1a: NegaiHoshi|Wish|p1a: NegaiHoshi
|
|-heal|p1a: NegaiHoshi|168\/394|[from] item: Leftovers
|turn|20
|
|switch|p2a: v|Victini|341\/341
|move|p1a: NegaiHoshi|Protect|p1a: NegaiHoshi
|-fail|p1a: NegaiHoshi
|
|-heal|p1a: NegaiHoshi|365\/394|[from] move: Wish|[wisher] NegaiHoshi
|-heal|p1a: NegaiHoshi|389\/394|[from] item: Leftovers
|turn|21
|
|move|p1a: NegaiHoshi|Protect|p1a: NegaiHoshi
|-singleturn|p1a: NegaiHoshi|Protect
|move|p2a: v|Bolt Strike|p1a: NegaiHoshi
|-activate|p1a: NegaiHoshi|Protect
|
|-heal|p1a: NegaiHoshi|394\/394|[from] item: Leftovers
|turn|22
|
|switch|p2a: skill>luck|Jirachi|341\/341
|move|p1a: NegaiHoshi|Foul Play|p2a: skill>luck
|-supereffective|p2a: skill>luck
|-damage|p2a: skill>luck|33\/341
|
|-heal|p2a: skill>luck|54\/341|[from] item: Leftovers
|turn|23
|c|âClefairy|lame
|c|âClefairy|uu is 
|c|âClefairy|shit tier
|c|âClefairy|le moa
|-message|Clefairy forfeited.
|
|win|Sjir-sama
|raw|Ladder updating...
|raw|Sjir-sama's rating: 1493 &rarr; <strong>1501<\/strong><br \/>(+8 for winning)
|raw|Clefairy's rating: 1255 &rarr; <strong>1245<\/strong><br \/>(-10 for losing)
|leave|Clefairy
|player|p2