|join|Sjir-sama
|join|hurricane hax
|player|p1|Sjir-sama|164
|player|p2|hurricane hax|171
|gametype|singles
|gen|6
|tier|UU
|rated
|rule|Sleep Clause Mod: Limit one foe put to sleep
|rule|Species Clause: Limit one of each PokÃ©mon
|rule|OHKO Clause: OHKO moves are banned
|rule|Moody Clause: Moody is banned
|rule|Evasion Moves Clause: Evasion moves are banned
|rule|Endless Battle Clause: Forcing endless battles is banned
|rule|HP Percentage Mod: HP is shown in percentages
|clearpoke
|poke|p1|Sceptile, M
|poke|p1|Infernape, M
|poke|p1|Crobat, M
|poke|p1|Umbreon, F
|poke|p1|Rhyperior, F
|poke|p1|Suicune
|poke|p2|Archeops, F
|poke|p2|Celebi
|poke|p2|Tornadus, M
|poke|p2|Swampert, M
|poke|p2|Qwilfish, F
|poke|p2|Jirachi
|rule|Swagger Clause: Swagger is banned
|rule|Baton Pass Clause: Limit one PokÃ©mon knowing Baton Pass
|teampreview
|
|start
|switch|p1a: Ryuuji|Sceptile, M|281\/281
|switch|p2a: Archeops|Archeops, F|291\/291
|turn|1
|
|switch|p1a: Hikari|Suicune|404\/404
|-ability|p1a: Hikari|Pressure
|move|p2a: Archeops|Stealth Rock|p1a: Hikari
|-sidestart|p1: Sjir-sama|move: Stealth Rock
|
|turn|2
|
|move|p2a: Archeops|Taunt|p1a: Hikari
|-start|p1a: Hikari|move: Taunt
|move|p1a: Hikari|Scald|p2a: Archeops
|-supereffective|p2a: Archeops
|-damage|p2a: Archeops|33\/291
|
|turn|3
|
|move|p2a: Archeops|Endeavor|p1a: Hikari
|-damage|p1a: Hikari|33\/404
|move|p1a: Hikari|Scald|p2a: Archeops
|-crit|p2a: Archeops
|-supereffective|p2a: Archeops
|-damage|p2a: Archeops|0 fnt
|faint|p2a: Archeops
|
|-heal|p1a: Hikari|58\/404|[from] item: Leftovers
|c|âSjir-sama|thats interresting.
|
|switch|p2a: Swampert|Swampert, M|347\/347
|turn|4
|
|detailschange|p2a: Swampert|Swampert-Mega, M
|-mega|p2a: Swampert|Swampert|Swampertite
|move|p2a: Swampert|Earthquake|p1a: Hikari
|-damage|p1a: Hikari|0 fnt
|faint|p1a: Hikari
|
|
|switch|p1a: Ryuuji|Sceptile, M|281\/281
|-damage|p1a: Ryuuji|246\/281|[from] Stealth Rock
|turn|5
|
|switch|p2a: Jirachi|Jirachi|341\/341
|detailschange|p1a: Ryuuji|Sceptile-Mega, M
|-mega|p1a: Ryuuji|Sceptile|Sceptilite
|move|p1a: Ryuuji|Giga Drain|p2a: Jirachi
|-resisted|p2a: Jirachi
|-damage|p2a: Jirachi|262\/341
|-heal|p1a: Ryuuji|281\/281|[from] drain|[of] p2a: Jirachi
|
|turn|6
|
|switch|p1a: Yunikon|Rhyperior, F|434\/434
|-damage|p1a: Yunikon|407\/434|[from] Stealth Rock
|move|p2a: Jirachi|U-turn|p1a: Yunikon
|-damage|p1a: Yunikon|365\/434
|
|switch|p2a: Celebi|Celebi|341\/341
|
|-heal|p1a: Yunikon|392\/434|[from] item: Leftovers
|turn|7
|
|switch|p1a: Onimori|Crobat, M|373\/373
|-damage|p1a: Onimori|280\/373|[from] Stealth Rock
|move|p2a: Celebi|Psychic|p1a: Onimori
|-supereffective|p1a: Onimori
|-damage|p1a: Onimori|0 fnt
|-damage|p2a: Celebi|307\/341|[from] item: Life Orb
|faint|p1a: Onimori
|
|
|switch|p1a: Kaizaru|Infernape, M|293\/293
|-damage|p1a: Kaizaru|257\/293|[from] Stealth Rock
|turn|8
|join|rofl uu peasants
|
|switch|p2a: Swampert|Swampert-Mega, M|347\/347
|move|p1a: Kaizaru|U-turn|p2a: Swampert
|-damage|p2a: Swampert|240\/347
|
|switch|p1a: Ryuuji|Sceptile-Mega, M|281\/281
|-damage|p1a: Ryuuji|246\/281|[from] Stealth Rock
|
|turn|9
|
|switch|p2a: Tornadus|Tornadus, M|299\/299
|move|p1a: Ryuuji|Giga Drain|p2a: Tornadus
|-resisted|p2a: Tornadus
|-damage|p2a: Tornadus|199\/299
|-heal|p1a: Ryuuji|281\/281|[from] drain|[of] p2a: Tornadus
|
|turn|10
|
|move|p2a: Tornadus|Rain Dance|p2a: Tornadus
|-weather|RainDance
|move|p1a: Ryuuji|Dragon Pulse|p2a: Tornadus
|-damage|p2a: Tornadus|0 fnt
|faint|p2a: Tornadus
|
|-weather|RainDance|[upkeep]
|
|switch|p2a: Qwilfish|Qwilfish, F|271\/271
|turn|11
|
|move|p2a: Qwilfish|Poison Jab|p1a: Ryuuji
|-supereffective|p1a: Ryuuji
|-damage|p1a: Ryuuji|0 fnt
|-damage|p2a: Qwilfish|244\/271|[from] item: Life Orb
|faint|p1a: Ryuuji
|
|-weather|RainDance|[upkeep]
|
|switch|p1a: NegaiHoshi|Umbreon, F|394\/394
|-damage|p1a: NegaiHoshi|345\/394|[from] Stealth Rock
|turn|12
|
|move|p1a: NegaiHoshi|Protect|p1a: NegaiHoshi
|-singleturn|p1a: NegaiHoshi|Protect
|move|p2a: Qwilfish|Waterfall|p1a: NegaiHoshi
|-activate|p1a: NegaiHoshi|Protect
|
|-weather|RainDance|[upkeep]
|-heal|p1a: NegaiHoshi|369\/394|[from] item: Leftovers
|turn|13
|
|move|p2a: Qwilfish|Waterfall|p1a: NegaiHoshi
|-damage|p1a: NegaiHoshi|161\/394
|-damage|p2a: Qwilfish|217\/271|[from] item: Life Orb
|move|p1a: NegaiHoshi|Foul Play|p2a: Qwilfish
|-crit|p2a: Qwilfish
|-damage|p2a: Qwilfish|0 fnt
|faint|p2a: Qwilfish
|
|-weather|RainDance|[upkeep]
|-heal|p1a: NegaiHoshi|185\/394|[from] item: Leftovers
|
|switch|p2a: Swampert|Swampert-Mega, M|240\/347
|turn|14
|
|move|p1a: NegaiHoshi|Protect|p1a: NegaiHoshi
|-singleturn|p1a: NegaiHoshi|Protect
|move|p2a: Swampert|Waterfall|p1a: NegaiHoshi
|-activate|p1a: NegaiHoshi|Protect
|
|-weather|RainDance|[upkeep]
|-heal|p1a: NegaiHoshi|209\/394|[from] item: Leftovers
|turn|15
|
|switch|p1a: Yunikon|Rhyperior, F|392\/434
|-damage|p1a: Yunikon|365\/434|[from] Stealth Rock
|move|p2a: Swampert|Waterfall|p1a: Yunikon
|-supereffective|p1a: Yunikon
|-damage|p1a: Yunikon|0 fnt
|faint|p1a: Yunikon
|
|-weather|RainDance|[upkeep]
|
|switch|p1a: NegaiHoshi|Umbreon, F|209\/394
|-damage|p1a: NegaiHoshi|160\/394|[from] Stealth Rock
|turn|16
|
|move|p1a: NegaiHoshi|Protect|p1a: NegaiHoshi
|-singleturn|p1a: NegaiHoshi|Protect
|move|p2a: Swampert|Waterfall|p1a: NegaiHoshi
|-activate|p1a: NegaiHoshi|Protect
|
|-weather|RainDance|[upkeep]
|-heal|p1a: NegaiHoshi|184\/394|[from] item: Leftovers
|turn|17
|
|switch|p1a: Kaizaru|Infernape, M|257\/293
|-damage|p1a: Kaizaru|221\/293|[from] Stealth Rock
|move|p2a: Swampert|Waterfall|p1a: Kaizaru
|-supereffective|p1a: Kaizaru
|-damage|p1a: Kaizaru|0 fnt
|faint|p1a: Kaizaru
|
|-weather|none
|
|switch|p1a: NegaiHoshi|Umbreon, F|184\/394
|-damage|p1a: NegaiHoshi|135\/394|[from] Stealth Rock
|turn|18
|
|move|p1a: NegaiHoshi|Protect|p1a: NegaiHoshi
|-singleturn|p1a: NegaiHoshi|Protect
|move|p2a: Swampert|Rain Dance|p2a: Swampert
|-weather|RainDance
|
|-weather|RainDance|[upkeep]
|-heal|p1a: NegaiHoshi|159\/394|[from] item: Leftovers
|turn|19
|c|âSjir-sama|ah, crap
|c|âSjir-sama|gg xD
|-message|Sjir-sama forfeited.
|c|âhurricane hax|gg
|
|win|hurricane hax
|raw|Ladder updating...
|raw|Sjir-sama's rating: 1550 &rarr; <strong>1522<\/strong><br \/>(-28 for losing)
|raw|hurricane hax's rating: 1396 &rarr; <strong>1424<\/strong><br \/>(+28 for winning)
|leave|Sjir-sama
|player|p1