|join|Hogg Horse
|join|Zax0
|player|p1|Hogg Horse|125
|player|p2|Zax0|110
|gametype|singles
|gen|6
|tier|OU
|rated
|clearpoke
|poke|p1|Shedinja
|poke|p1|Sableye, M
|poke|p1|Chansey, F
|poke|p1|Skarmory, M
|poke|p1|Heatran, M
|poke|p1|Alomomola, M
|poke|p2|Lopunny, F
|poke|p2|Latias, F
|poke|p2|Magnezone
|poke|p2|Garchomp, F
|poke|p2|Breloom, M
|poke|p2|Azumarill, F, shiny
|rule|Swagger Clause: Swagger is banned
|rule|Baton Pass Clause: Limit one PokÃ©mon knowing Baton Pass
|rule|Sleep Clause Mod: Limit one foe put to sleep
|rule|Species Clause: Limit one of each PokÃ©mon
|rule|OHKO Clause: OHKO moves are banned
|rule|Moody Clause: Moody is banned
|rule|Evasion Moves Clause: Evasion moves are banned
|rule|Endless Battle Clause: Forcing endless battles is banned
|rule|HP Percentage Mod: HP is shown in percentages
|teampreview
|
|start
|switch|p1a: Sableye|Sableye, M|303\/303
|switch|p2a: Magnezone|Magnezone|281\/281
|turn|1
|
|detailschange|p1a: Sableye|Sableye-Mega, M
|-mega|p1a: Sableye|Sableye|Sablenite
|move|p1a: Sableye|Will-O-Wisp|p2a: Magnezone
|-status|p2a: Magnezone|brn
|move|p2a: Magnezone|Volt Switch|p1a: Sableye
|-damage|p1a: Sableye|225\/303
|
|switch|p2a: Azumarill|Azumarill, F, shiny|357\/357
|
|turn|2
|
|switch|p1a: Alomomola|Alomomola, M|479\/479
|move|p2a: Azumarill|Superpower|p1a: Alomomola
|-damage|p1a: Alomomola|255\/479
|-damage|p2a: Azumarill|298\/357|[from] item: Rocky Helmet|[of] p1a: Alomomola
|-unboost|p2a: Azumarill|atk|1
|-unboost|p2a: Azumarill|def|1
|
|turn|3
|
|switch|p2a: Magnezone|Magnezone|281\/281 brn
|switch|p1a: Shedinja|Shedinja|1\/1
|
|-damage|p2a: Magnezone|246\/281 brn|[from] brn
|turn|4
|
|switch|p1a: Heatran|Heatran, M|385\/385
|move|p2a: Magnezone|Hidden Power|p1a: Heatran
|-start|p1a: Heatran|ability: Flash Fire
|
|-damage|p2a: Magnezone|211\/281 brn|[from] brn
|turn|5
|
|switch|p2a: Latias|Latias, F|301\/301
|move|p1a: Heatran|Stealth Rock|p2a: Latias
|-sidestart|p2: Zax0|move: Stealth Rock
|
|turn|6
|
|move|p2a: Latias|Earthquake|p1a: Heatran
|-supereffective|p1a: Heatran
|-damage|p1a: Heatran|42\/385
|-damage|p2a: Latias|271\/301|[from] item: Life Orb
|move|p1a: Heatran|Toxic|p2a: Latias
|-status|p2a: Latias|tox
|
|-heal|p1a: Heatran|66\/385|[from] item: Leftovers
|-damage|p2a: Latias|253\/301 tox|[from] psn
|turn|7
|c|âHogg Horse|huh
|c|âHogg Horse|I see EQ latios fairly regularly
|c|âHogg Horse|but pretty much never see EQ latias
|c|âZax0|lure
|
|move|p1a: Heatran|Protect|p1a: Heatran
|-singleturn|p1a: Heatran|Protect
|move|p2a: Latias|Defog|p1a: Heatran
|-activate|p1a: Heatran|Protect
|
|-heal|p1a: Heatran|90\/385|[from] item: Leftovers
|-damage|p2a: Latias|217\/301 tox|[from] psn
|turn|8
|
|switch|p1a: Shedinja|Shedinja|1\/1
|move|p2a: Latias|Defog|p1a: Shedinja
|-unboost|p1a: Shedinja|evasion|1
|-sideend|p2: Zax0|Stealth Rock|[from] move: Defog|[of] p2a: Latias
|
|-damage|p2a: Latias|163\/301 tox|[from] psn
|turn|9
|
|switch|p2a: Lopunny|Lopunny, F|271\/271
|move|p1a: Shedinja|Will-O-Wisp|p2a: Lopunny
|-status|p2a: Lopunny|brn
|
|-damage|p2a: Lopunny|238\/271 brn|[from] brn
|turn|10
|
|switch|p2a: Magnezone|Magnezone|211\/281 brn
|switch|p1a: Alomomola|Alomomola, M|414\/479
|
|-damage|p2a: Magnezone|176\/281 brn|[from] brn
|turn|11
|
|move|p1a: Alomomola|Protect|p1a: Alomomola
|-singleturn|p1a: Alomomola|Protect
|move|p2a: Magnezone|Volt Switch|p1a: Alomomola
|-activate|p1a: Alomomola|Protect
|
|-damage|p2a: Magnezone|141\/281 brn|[from] brn
|turn|12
|
|switch|p1a: Shedinja|Shedinja|1\/1
|move|p2a: Magnezone|Volt Switch|p1a: Shedinja
|-activate|p1a: Shedinja|ability: Wonder Guard
|
|-damage|p2a: Magnezone|106\/281 brn|[from] brn
|turn|13
|c|âZax0|shedinjas working nice here
|
|switch|p2a: Garchomp|Garchomp, F|420\/420
|move|p1a: Shedinja|Will-O-Wisp|p2a: Garchomp
|-status|p2a: Garchomp|brn
|
|-damage|p2a: Garchomp|368\/420 brn|[from] brn
|turn|14
|c|âHogg Horse|thanks
|
|switch|p1a: Sableye|Sableye-Mega, M|225\/303
|move|p2a: Garchomp|Stealth Rock|p1a: Sableye
|move|p1a: Sableye|Stealth Rock|p2a: Garchomp|[from]Magic Bounce
|-sidestart|p2: Zax0|move: Stealth Rock
|
|-damage|p2a: Garchomp|316\/420 brn|[from] brn
|turn|15
|-message|Zax0 forfeited.
|
|win|Hogg Horse
|raw|Ladder updating...
|leave|Zax0
|player|p2
|raw|Hogg Horse's rating: 1466 &rarr; <strong>1482<\/strong><br \/>(+16 for winning)
|raw|Zax0's rating: 1402 &rarr; <strong>1386<\/strong><br \/>(-16 for losing)