|join|Hogg Horse
|join|back in my life
|player|p1|Hogg Horse|125
|player|p2|back in my life|31
|gametype|singles
|gen|6
|tier|OU
|rated
|clearpoke
|poke|p1|Shedinja
|poke|p1|Sableye, M
|poke|p1|Chansey, F
|poke|p1|Skarmory, F
|poke|p1|Heatran, F
|poke|p1|Alomomola, M
|poke|p2|Garchomp, M
|poke|p2|Gardevoir, F
|poke|p2|Bisharp, F
|poke|p2|Keldeo
|poke|p2|Latias, F
|poke|p2|Landorus-Therian, M
|rule|Swagger Clause: Swagger is banned
|rule|Baton Pass Clause: Limit one PokÃ©mon knowing Baton Pass
|rule|Sleep Clause Mod: Limit one foe put to sleep
|rule|Species Clause: Limit one of each PokÃ©mon
|rule|OHKO Clause: OHKO moves are banned
|rule|Moody Clause: Moody is banned
|rule|Evasion Moves Clause: Evasion moves are banned
|rule|Endless Battle Clause: Forcing endless battles is banned
|rule|HP Percentage Mod: HP is shown in percentages
|teampreview
|
|start
|switch|p1a: Sableye|Sableye, M|303\/303
|switch|p2a: Gardevoir|Gardevoir, F|277\/277
|-ability|p2a: Gardevoir|Prankster|[from] ability: Trace|[of] p1a: Sableye
|turn|1
|
|switch|p2a: Garchomp|Garchomp, M|357\/357
|switch|p1a: Shedinja|Shedinja|1\/1
|
|turn|2
|
|move|p2a: Garchomp|Stealth Rock|p1a: Shedinja
|-sidestart|p1: Hogg Horse|move: Stealth Rock
|move|p1a: Shedinja|Will-O-Wisp|p2a: Garchomp
|-status|p2a: Garchomp|brn
|
|-damage|p2a: Garchomp|313\/357 brn|[from] brn
|turn|3
|
|switch|p1a: Skarmory|Skarmory, F|333\/333
|-damage|p1a: Skarmory|292\/333|[from] Stealth Rock
|move|p2a: Garchomp|Fire Blast|p1a: Skarmory
|-supereffective|p1a: Skarmory
|-damage|p1a: Skarmory|106\/333
|
|-damage|p2a: Garchomp|269\/357 brn|[from] brn
|turn|4
|
|switch|p1a: Alomomola|Alomomola, M|479\/479
|-damage|p1a: Alomomola|420\/479|[from] Stealth Rock
|move|p2a: Garchomp|Fire Blast|p1a: Alomomola
|-resisted|p1a: Alomomola
|-damage|p1a: Alomomola|375\/479
|
|-damage|p2a: Garchomp|225\/357 brn|[from] brn
|turn|5
|
|switch|p2a: Latias|Latias, F|319\/319
|move|p1a: Alomomola|Wish|p1a: Alomomola
|
|turn|6
|
|switch|p2a: Keldeo|Keldeo|323\/323
|switch|p1a: Heatran|Heatran, F|385\/385
|-damage|p1a: Heatran|337\/385|[from] Stealth Rock
|
|-heal|p1a: Heatran|385\/385|[from] move: Wish|[wisher] Alomomola
|turn|7
|
|move|p1a: Heatran|Protect|p1a: Heatran
|-singleturn|p1a: Heatran|Protect
|move|p2a: Keldeo|Scald|p1a: Heatran
|-activate|p1a: Heatran|Protect
|
|turn|8
|
|switch|p2a: Gardevoir|Gardevoir, F|277\/277
|-ability|p2a: Gardevoir|Flash Fire|[from] ability: Trace|[of] p1a: Heatran
|switch|p1a: Chansey|Chansey, F|642\/642
|-damage|p1a: Chansey|562\/642|[from] Stealth Rock
|
|turn|9
|
|detailschange|p2a: Gardevoir|Gardevoir-Mega, F
|-mega|p2a: Gardevoir|Gardevoir|Gardevoirite
|move|p2a: Gardevoir|Taunt|p1a: Chansey
|-start|p1a: Chansey|move: Taunt
|cant|p1a: Chansey|move: Taunt|Toxic
|
|turn|10
|
|move|p2a: Gardevoir|Psyshock|p1a: Chansey
|-damage|p1a: Chansey|352\/642
|move|p1a: Chansey|Seismic Toss|p2a: Gardevoir
|-damage|p2a: Gardevoir|177\/277
|
|turn|11
|
|switch|p1a: Heatran|Heatran, F|385\/385
|-damage|p1a: Heatran|337\/385|[from] Stealth Rock
|move|p2a: Gardevoir|Focus Blast|p1a: Heatran
|-supereffective|p1a: Heatran
|-damage|p1a: Heatran|123\/385
|
|-heal|p1a: Heatran|147\/385|[from] item: Leftovers
|turn|12
|
|switch|p2a: Keldeo|Keldeo|323\/323
|move|p1a: Heatran|Protect|p1a: Heatran
|-fail|p1a: Heatran
|
|-heal|p1a: Heatran|171\/385|[from] item: Leftovers
|turn|13
|
|move|p1a: Heatran|Protect|p1a: Heatran
|-singleturn|p1a: Heatran|Protect
|move|p2a: Keldeo|Scald|p1a: Heatran
|-activate|p1a: Heatran|Protect
|
|-heal|p1a: Heatran|195\/385|[from] item: Leftovers
|turn|14
|
|switch|p1a: Alomomola|Alomomola, M|479\/479
|-damage|p1a: Alomomola|420\/479|[from] Stealth Rock
|move|p2a: Keldeo|Scald|p1a: Alomomola
|-resisted|p1a: Alomomola
|-damage|p1a: Alomomola|286\/479
|-status|p1a: Alomomola|brn
|
|-damage|p1a: Alomomola|227\/479 brn|[from] brn
|turn|15
|
|move|p2a: Keldeo|Scald|p1a: Alomomola
|-resisted|p1a: Alomomola
|-damage|p1a: Alomomola|80\/479 brn
|move|p1a: Alomomola|Wish|p1a: Alomomola
|
|-damage|p1a: Alomomola|21\/479 brn|[from] brn
|turn|16
|
|switch|p2a: Gardevoir|Gardevoir-Mega, F|177\/277
|move|p1a: Alomomola|Protect|p1a: Alomomola
|-fail|p1a: Alomomola
|
|-heal|p1a: Alomomola|260\/479 brn|[from] move: Wish|[wisher] Alomomola
|-damage|p1a: Alomomola|201\/479 brn|[from] brn
|turn|17
|
|switch|p1a: Heatran|Heatran, F|195\/385
|-damage|p1a: Heatran|147\/385|[from] Stealth Rock
|move|p2a: Gardevoir|Hyper Voice|p1a: Heatran
|-resisted|p1a: Heatran
|-damage|p1a: Heatran|103\/385
|
|-heal|p1a: Heatran|127\/385|[from] item: Leftovers
|turn|18
|
|move|p1a: Heatran|Protect|p1a: Heatran
|-singleturn|p1a: Heatran|Protect
|move|p2a: Gardevoir|Focus Blast|p1a: Heatran
|-activate|p1a: Heatran|Protect
|
|-heal|p1a: Heatran|151\/385|[from] item: Leftovers
|turn|19
|
|switch|p1a: Chansey|Chansey, F|352\/642
|-damage|p1a: Chansey|272\/642|[from] Stealth Rock
|move|p2a: Gardevoir|Focus Blast|p1a: Chansey
|-supereffective|p1a: Chansey
|-damage|p1a: Chansey|108\/642
|
|turn|20
|
|move|p2a: Gardevoir|Psyshock|p1a: Chansey
|-damage|p1a: Chansey|0 fnt
|faint|p1a: Chansey
|
|-message|Hogg Horse forfeited.
|
|win|back in my life
|raw|Ladder updating...
|raw|Hogg Horse's rating: 1482 &rarr; <strong>1470<\/strong><br \/>(-12 for losing)
|raw|back in my life's rating: 1625 &rarr; <strong>1637<\/strong><br \/>(+12 for winning)