|join|P. ID 10
|join|SPIK0
|player|p1|P. ID 10|92
|player|p2|SPIK0|161
|gametype|singles
|gen|6
|tier|OU
|rated
|clearpoke
|poke|p1|Metagross
|poke|p1|Kyurem-Black
|poke|p1|Dragonite, F
|poke|p1|Heatran, F
|poke|p1|Mew
|poke|p1|Keldeo
|poke|p2|Slowbro, M
|poke|p2|Gliscor, M
|poke|p2|Thundurus, M
|poke|p2|Sharpedo, F
|poke|p2|Starmie
|poke|p2|Chesnaught, M
|rule|Swagger Clause: Swagger is banned
|rule|Baton Pass Clause: Limit one PokÃ©mon knowing Baton Pass
|rule|Sleep Clause Mod: Limit one foe put to sleep
|rule|Species Clause: Limit one of each PokÃ©mon
|rule|OHKO Clause: OHKO moves are banned
|rule|Moody Clause: Moody is banned
|rule|Evasion Moves Clause: Evasion moves are banned
|rule|Endless Battle Clause: Forcing endless battles is banned
|rule|HP Percentage Mod: HP is shown in percentages
|teampreview
|
|start
|switch|p1a: Kyurem-Black|Kyurem-Black|391\/391
|switch|p2a: Thundurus|Thundurus, M|299\/299
|-ability|p1a: Kyurem-Black|Teravolt
|turn|1
|
|move|p2a: Thundurus|Superpower|p1a: Kyurem-Black
|-supereffective|p1a: Kyurem-Black
|-damage|p1a: Kyurem-Black|97\/391
|-unboost|p2a: Thundurus|atk|1
|-unboost|p2a: Thundurus|def|1
|-damage|p2a: Thundurus|270\/299|[from] item: Life Orb
|move|p1a: Kyurem-Black|Ice Beam|p2a: Thundurus
|-supereffective|p2a: Thundurus
|-damage|p2a: Thundurus|0 fnt
|-damage|p1a: Kyurem-Black|58\/391|[from] item: Life Orb
|faint|p2a: Thundurus
|
|
|switch|p2a: Starmie|Starmie|319\/319
|turn|2
|
|switch|p1a: Dragonite|Dragonite, F|323\/323
|move|p2a: Starmie|Psyshock|p1a: Dragonite
|-damage|p1a: Dragonite|271\/323
|
|turn|3
|
|move|p2a: Starmie|Scald|p1a: Dragonite
|-resisted|p1a: Dragonite
|-damage|p1a: Dragonite|231\/323
|move|p1a: Dragonite|Outrage|p2a: Starmie
|-crit|p2a: Starmie
|-damage|p2a: Starmie|0 fnt
|faint|p2a: Starmie
|
|
|switch|p2a: Munch|Sharpedo, F|281\/281
|turn|4
|
|move|p2a: Munch|Protect|p2a: Munch
|-singleturn|p2a: Munch|Protect
|move|p1a: Dragonite|Outrage|p2a: Munch
|-activate|p2a: Munch|Protect
|
|-end|p1a: Dragonite|rampage
|-start|p1a: Dragonite|confusion
|-boost|p2a: Munch|spe|1|[from] ability: Speed Boost
|turn|5
|
|switch|p1a: Keldeo|Keldeo|323\/323
|move|p2a: Munch|Ice Beam|p1a: Keldeo
|-resisted|p1a: Keldeo
|-damage|p1a: Keldeo|286\/323
|
|-boost|p2a: Munch|spe|1|[from] ability: Speed Boost
|turn|6
|
|switch|p2a: Slowbro|Slowbro, M|393\/393
|move|p1a: Keldeo|Scald|p2a: Slowbro
|-crit|p2a: Slowbro
|-resisted|p2a: Slowbro
|-damage|p2a: Slowbro|222\/393
|
|turn|7
|
|switch|p1a: Heatran|Heatran, F|334\/334
|move|p2a: Slowbro|Slack Off|p2a: Slowbro
|-heal|p2a: Slowbro|393\/393
|
|turn|8
|
|switch|p2a: Reign|Gliscor, M|353\/353
|move|p1a: Heatran|Toxic|p2a: Reign
|-status|p2a: Reign|tox
|
|turn|9
|
|switch|p1a: Mew|Mew|399\/399
|move|p2a: Reign|Stealth Rock|p1a: Mew
|-sidestart|p1: P. ID 10|move: Stealth Rock
|
|turn|10
|
|move|p1a: Mew|Defog|p2a: Reign
|-unboost|p2a: Reign|evasion|1
|-sideend|p1: P. ID 10|Stealth Rock|[from] move: Defog|[of] p1a: Mew
|move|p2a: Reign|Knock Off|p1a: Mew
|-supereffective|p1a: Mew
|-damage|p1a: Mew|299\/399
|-enditem|p1a: Mew|Leftovers|[from] move: Knock Off|[of] p2a: Reign
|
|turn|11
|
|move|p1a: Mew|Psychic|p2a: Reign
|-damage|p2a: Reign|227\/353 tox
|move|p2a: Reign|Stealth Rock|p1a: Mew
|-sidestart|p1: P. ID 10|move: Stealth Rock
|
|-heal|p2a: Reign|271\/353 tox|[from] ability: Poison Heal
|turn|12
|
|move|p1a: Mew|Defog|p2a: Reign
|-unboost|p2a: Reign|evasion|1
|-sideend|p1: P. ID 10|Stealth Rock|[from] move: Defog|[of] p1a: Mew
|move|p2a: Reign|Earthquake|p1a: Mew
|-damage|p1a: Mew|220\/399
|
|-heal|p2a: Reign|315\/353 tox|[from] ability: Poison Heal
|turn|13
|
|switch|p1a: Keldeo|Keldeo|286\/323
|move|p2a: Reign|Stealth Rock|p1a: Keldeo
|-sidestart|p1: P. ID 10|move: Stealth Rock
|
|-heal|p2a: Reign|353\/353 tox|[from] ability: Poison Heal
|turn|14
|
|move|p2a: Reign|Protect|p2a: Reign
|-singleturn|p2a: Reign|Protect
|move|p1a: Keldeo|Scald|p2a: Reign
|-activate|p2a: Reign|Protect
|
|turn|15
|
|switch|p2a: Slowbro|Slowbro, M|393\/393
|move|p1a: Keldeo|Scald|p2a: Slowbro
|-resisted|p2a: Slowbro
|-damage|p2a: Slowbro|261\/393
|-status|p2a: Slowbro|brn
|
|-damage|p2a: Slowbro|212\/393 brn|[from] brn
|turn|16
|
|switch|p1a: Mew|Mew|220\/399
|-damage|p1a: Mew|171\/399|[from] Stealth Rock
|move|p2a: Slowbro|Scald|p1a: Mew
|-damage|p1a: Mew|72\/399
|
|-damage|p2a: Slowbro|163\/393 brn|[from] brn
|turn|17
|
|move|p1a: Mew|Soft-Boiled|p1a: Mew
|-heal|p1a: Mew|272\/399
|move|p2a: Slowbro|Slack Off|p2a: Slowbro
|-heal|p2a: Slowbro|360\/393 brn
|
|-damage|p2a: Slowbro|311\/393 brn|[from] brn
|turn|18
|
|switch|p2a: Reign|Gliscor, M|353\/353 tox
|move|p1a: Mew|Defog|p2a: Reign
|-unboost|p2a: Reign|evasion|1
|-sideend|p1: P. ID 10|Stealth Rock|[from] move: Defog|[of] p1a: Mew
|
|turn|19
|
|switch|p1a: Kyurem-Black|Kyurem-Black|58\/391
|-ability|p1a: Kyurem-Black|Teravolt
|move|p2a: Reign|Earthquake|p1a: Kyurem-Black
|-damage|p1a: Kyurem-Black|0 fnt
|faint|p1a: Kyurem-Black
|
|
|switch|p1a: Keldeo|Keldeo|286\/323
|turn|20
|
|switch|p2a: Slowbro|Slowbro, M|393\/393 brn
|move|p1a: Keldeo|Scald|p2a: Slowbro
|-resisted|p2a: Slowbro
|-damage|p2a: Slowbro|282\/393 brn
|
|-damage|p2a: Slowbro|233\/393 brn|[from] brn
|turn|21
|
|switch|p1a: Mew|Mew|272\/399
|move|p2a: Slowbro|Slack Off|p2a: Slowbro
|-heal|p2a: Slowbro|393\/393 brn
|
|-damage|p2a: Slowbro|344\/393 brn|[from] brn
|turn|22
|
|switch|p2a: Reign|Gliscor, M|353\/353 tox
|move|p1a: Mew|Soft-Boiled|p1a: Mew
|-heal|p1a: Mew|399\/399
|
|turn|23
|
|switch|p1a: Keldeo|Keldeo|286\/323
|move|p2a: Reign|Stealth Rock|p1a: Keldeo
|-sidestart|p1: P. ID 10|move: Stealth Rock
|
|turn|24
|
|move|p2a: Reign|Protect|p2a: Reign
|-singleturn|p2a: Reign|Protect
|move|p1a: Keldeo|Hydro Pump|p2a: Reign
|-activate|p2a: Reign|Protect
|
|turn|25
|
|switch|p2a: Slowbro|Slowbro, M|393\/393 brn
|move|p1a: Keldeo|Hydro Pump|p2a: Slowbro
|-resisted|p2a: Slowbro
|-damage|p2a: Slowbro|216\/393 brn
|
|-damage|p2a: Slowbro|167\/393 brn|[from] brn
|turn|26
|
|move|p1a: Keldeo|Hydro Pump|p2a: Slowbro
|-resisted|p2a: Slowbro
|-damage|p2a: Slowbro|7\/393 brn
|move|p2a: Slowbro|Slack Off|p2a: Slowbro
|-heal|p2a: Slowbro|204\/393 brn
|
|-damage|p2a: Slowbro|155\/393 brn|[from] brn
|turn|27
|
|move|p1a: Keldeo|Hydro Pump|p2a: Slowbro|[miss]
|-miss|p1a: Keldeo|p2a: Slowbro
|move|p2a: Slowbro|Grass Knot|p1a: Keldeo
|-supereffective|p1a: Keldeo
|-damage|p1a: Keldeo|182\/323
|
|-damage|p2a: Slowbro|106\/393 brn|[from] brn
|turn|28
|
|switch|p2a: Reign|Gliscor, M|353\/353 tox
|move|p1a: Keldeo|Hydro Pump|p2a: Reign|[miss]
|-miss|p1a: Keldeo|p2a: Reign
|
|turn|29
|c|âP. ID 10|fucking hax
|c|âSPIK0|derp
|c|âP. ID 10|fdp
|
|move|p1a: Keldeo|Hydro Pump|p2a: Reign|[miss]
|-miss|p1a: Keldeo|p2a: Reign
|move|p2a: Reign|Earthquake|p1a: Keldeo
|-damage|p1a: Keldeo|64\/323
|
|turn|30
|c|âSPIK0|LOL
|c|âP. ID 10|wrf?
|c|âP. ID 10|que merda Ã© esta?
|
|move|p2a: Reign|Protect|p2a: Reign
|-singleturn|p2a: Reign|Protect
|move|p1a: Keldeo|Hydro Pump|p2a: Reign
|-activate|p2a: Reign|Protect
|
|turn|31
|
|switch|p2a: Chesnaught|Chesnaught, M|320\/320
|move|p1a: Keldeo|Hydro Pump|p2a: Chesnaught|[miss]
|-miss|p1a: Keldeo|p2a: Chesnaught
|
|turn|32
|c|âSPIK0|ROFL
|c|âP. ID 10|fuck your hax dude
|c|âP. ID 10|I have won so easy!
|
|switch|p1a: Mew|Mew|399\/399
|-damage|p1a: Mew|350\/399|[from] Stealth Rock
|move|p2a: Chesnaught|Substitute|p2a: Chesnaught
|-start|p2a: Chesnaught|Substitute
|-damage|p2a: Chesnaught|240\/320
|
|turn|33
|c|âSPIK0|Sharpedo actually deals 60% to keldeo
|c|âSPIK0|You already lost
|c|âSPIK0|but that was just funny
|c|âP. ID 10|lol?
|c|âP. ID 10|I have dragonite
|c|âSPIK0|Sharpedo 1 hits your entire team
|c|âP. ID 10|extremespeed
|
|move|p1a: Mew|Defog|p2a: Chesnaught
|-sideend|p1: P. ID 10|Stealth Rock|[from] move: Defog|[of] p1a: Mew
|move|p2a: Chesnaught|Belly Drum|p2a: Chesnaught
|-damage|p2a: Chesnaught|80\/320
|-setboost|p2a: Chesnaught|atk|6|[from] move: Belly Drum
|-enditem|p2a: Chesnaught|Salac Berry|[eat]
|-boost|p2a: Chesnaught|spe|1|[from] item: Salac Berry
|
|turn|34
|c|âSPIK0|doesn't 1hko
|c|âP. ID 10|noob
|c|âSPIK0|but oh well
|c|âP. ID 10|bullet punch metagross?
|c|âSPIK0|Coming from the guy that just lost to chesnaught
|c|âP. ID 10|just shut up
|
|move|p2a: Chesnaught|Seed Bomb|p1a: Mew
|-damage|p1a: Mew|0 fnt
|faint|p1a: Mew
|
|c|âP. ID 10|loool
|
|switch|p1a: Dragonite|Dragonite, F|231\/323
|turn|35
|
|move|p1a: Dragonite|Extreme Speed|p2a: Chesnaught
|-end|p2a: Chesnaught|Substitute
|move|p2a: Chesnaught|Drain Punch|p1a: Dragonite
|-resisted|p1a: Dragonite
|-damage|p1a: Dragonite|0 fnt
|-heal|p2a: Chesnaught|196\/320|[from] drain|[of] p1a: Dragonite
|faint|p1a: Dragonite
|
|
|switch|p1a: Metagross|Metagross|301\/301
|turn|36
|
|detailschange|p1a: Metagross|Metagross-Mega
|-mega|p1a: Metagross|Metagross|Metagrossite
|move|p2a: Chesnaught|Drain Punch|p1a: Metagross
|-damage|p1a: Metagross|0 fnt
|-heal|p2a: Chesnaught|320\/320|[from] drain|[of] p1a: Metagross
|faint|p1a: Metagross
|
|c|âP. ID 10|hax noob
|-message|P. ID 10 forfeited.
|leave|P. ID 10
|
|win|SPIK0
|raw|Ladder updating...
|raw|P. ID 10's rating: 1496 &rarr; <strong>1473<\/strong><br \/>(-23 for losing)
|raw|SPIK0's rating: 1444 &rarr; <strong>1467<\/strong><br \/>(+23 for winning)
|player|p1