|join|Gajeel-San
|join|ULT Dot Smith
|player|p1|Gajeel-San|290
|player|p2|ULT Dot Smith|2
|gametype|singles
|gen|6
|tier|UU
|rated
|rule|Sleep Clause Mod: Limit one foe put to sleep
|rule|Species Clause: Limit one of each PokÃ©mon
|rule|OHKO Clause: OHKO moves are banned
|rule|Moody Clause: Moody is banned
|rule|Evasion Moves Clause: Evasion moves are banned
|rule|Endless Battle Clause: Forcing endless battles is banned
|rule|HP Percentage Mod: HP is shown in percentages
|clearpoke
|poke|p1|Scrafty, F
|poke|p1|Crobat, M
|poke|p1|Rotom-Heat
|poke|p1|Donphan, F
|poke|p1|Blastoise, M
|poke|p1|Florges, F
|poke|p2|Sharpedo, M
|poke|p2|Tentacruel, F
|poke|p2|Hippowdon, F
|poke|p2|Gligar, F
|poke|p2|Umbreon, M
|poke|p2|Raikou
|rule|Swagger Clause: Swagger is banned
|rule|Baton Pass Clause: Limit one PokÃ©mon knowing Baton Pass
|teampreview
|c|âGajeel-San|gligar <3
|
|start
|switch|p1a: Bahhh|Crobat, M|355\/355
|switch|p2a: Sharpedo|Sharpedo, M|281\/281
|turn|1
|
|switch|p2a: Gligar|Gligar, F|333\/333
|move|p1a: Bahhh|Taunt|p2a: Gligar
|-start|p2a: Gligar|move: Taunt
|
|turn|2
|
|move|p1a: Bahhh|U-turn|p2a: Gligar
|-resisted|p2a: Gligar
|-damage|p2a: Gligar|317\/333
|
|switch|p1a: Mehhh|Scrafty, F|271\/271
|move|p2a: Gligar|Earthquake|p1a: Mehhh
|-damage|p1a: Mehhh|184\/271
|
|turn|3
|
|switch|p2a: Hippowdon|Hippowdon, F|419\/419
|-weather|Sandstorm
|move|p1a: Mehhh|Knock Off|p2a: Hippowdon
|-damage|p2a: Hippowdon|294\/419
|-enditem|p2a: Hippowdon|Leftovers|[from] move: Knock Off|[of] p1a: Mehhh
|-damage|p1a: Mehhh|157\/271|[from] item: Life Orb
|
|-weather|Sandstorm|[upkeep]
|-damage|p1a: Mehhh|141\/271|[from] sandstorm
|turn|4
|
|switch|p1a: Lol|Donphan, F|383\/383
|move|p2a: Hippowdon|Stealth Rock|p1a: Lol
|-sidestart|p1: Gajeel-San|move: Stealth Rock
|
|-weather|Sandstorm|[upkeep]
|turn|5
|
|move|p1a: Lol|Stealth Rock|p2a: Hippowdon
|-sidestart|p2: ULT Dot Smith|move: Stealth Rock
|move|p2a: Hippowdon|Earthquake|p1a: Lol
|-crit|p1a: Lol
|-damage|p1a: Lol|226\/383
|-enditem|p1a: Lol|Red Card|[of] p2a: Hippowdon
|drag|p2a: Raikou|Raikou|321\/321
|-damage|p2a: Raikou|281\/321|[from] Stealth Rock
|-ability|p2a: Raikou|Pressure
|
|-weather|Sandstorm|[upkeep]
|-damage|p2a: Raikou|261\/321|[from] sandstorm
|turn|6
|
|switch|p2a: Gligar|Gligar, F|317\/333
|-damage|p2a: Gligar|276\/333|[from] Stealth Rock
|move|p1a: Lol|Knock Off|p2a: Gligar
|-damage|p2a: Gligar|219\/333
|-enditem|p2a: Gligar|Eviolite|[from] move: Knock Off|[of] p1a: Lol
|
|-weather|Sandstorm|[upkeep]
|turn|7
|
|move|p2a: Gligar|Swords Dance|p2a: Gligar
|-boost|p2a: Gligar|atk|2
|move|p1a: Lol|Rapid Spin|p2a: Gligar
|-damage|p2a: Gligar|200\/333
|-sideend|p1: Gajeel-San|Stealth Rock|[from] move: Rapid Spin|[of] p1a: Lol
|
|-weather|none
|turn|8
|
|switch|p1a: Shusssh|Rotom-Heat|241\/241
|move|p2a: Gligar|Baton Pass|p2a: Gligar
|
|switch|p2a: Sharpedo|Sharpedo, M|281\/281
|-damage|p2a: Sharpedo|246\/281|[from] Stealth Rock
|
|turn|9
|
|move|p2a: Sharpedo|Protect|p2a: Sharpedo
|-singleturn|p2a: Sharpedo|Protect
|move|p1a: Shusssh|Volt Switch|p2a: Sharpedo
|-activate|p2a: Sharpedo|Protect
|
|-boost|p2a: Sharpedo|spe|1|[from] ability: Speed Boost
|turn|10
|
|switch|p2a: Gligar|Gligar, F|200\/333
|-damage|p2a: Gligar|159\/333|[from] Stealth Rock
|move|p1a: Shusssh|Volt Switch|p2a: Gligar
|-immune|p2a: Gligar|[msg]
|
|turn|11
|
|switch|p1a: Mhmmm|Blastoise, M|361\/361
|move|p2a: Gligar|Roost|p2a: Gligar
|-heal|p2a: Gligar|326\/333
|
|turn|12
|
|switch|p2a: Tentacruel|Tentacruel, F|301\/301
|-damage|p2a: Tentacruel|264\/301|[from] Stealth Rock
|detailschange|p1a: Mhmmm|Blastoise-Mega, M
|-mega|p1a: Mhmmm|Blastoise|Blastoisinite
|move|p1a: Mhmmm|Ice Beam|p2a: Tentacruel
|-resisted|p2a: Tentacruel
|-damage|p2a: Tentacruel|218\/301
|
|-heal|p2a: Tentacruel|236\/301|[from] item: Black Sludge
|turn|13
|
|switch|p1a: Lol|Donphan, F|226\/383
|move|p2a: Tentacruel|Rapid Spin|p1a: Lol
|-damage|p1a: Lol|218\/383
|-sideend|p2: ULT Dot Smith|Stealth Rock|[from] move: Rapid Spin|[of] p2a: Tentacruel
|
|-heal|p2a: Tentacruel|254\/301|[from] item: Black Sludge
|turn|14
|
|move|p2a: Tentacruel|Scald|p1a: Lol
|-supereffective|p1a: Lol
|-damage|p1a: Lol|0 fnt
|faint|p1a: Lol
|
|-heal|p2a: Tentacruel|272\/301|[from] item: Black Sludge
|
|switch|p1a: Bahhh|Crobat, M|355\/355
|turn|15
|
|switch|p2a: Gligar|Gligar, F|326\/333
|move|p1a: Bahhh|Brave Bird|p2a: Gligar
|-damage|p2a: Gligar|217\/333
|-damage|p1a: Bahhh|319\/355|[from] recoil|[of] p2a: Gligar
|
|-heal|p1a: Bahhh|341\/355|[from] item: Black Sludge
|turn|16
|
|switch|p2a: Raikou|Raikou|261\/321
|-ability|p2a: Raikou|Pressure
|move|p1a: Bahhh|Taunt|p2a: Raikou
|-start|p2a: Raikou|move: Taunt
|
|-heal|p1a: Bahhh|355\/355|[from] item: Black Sludge
|turn|17
|
|move|p1a: Bahhh|U-turn|p2a: Raikou
|-damage|p2a: Raikou|185\/321
|
|switch|p1a: Fab|Florges, F|360\/360
|move|p2a: Raikou|Volt Switch|p1a: Fab
|-damage|p1a: Fab|299\/360
|
|switch|p2a: Tentacruel|Tentacruel, F|272\/301
|
|-heal|p2a: Tentacruel|290\/301|[from] item: Black Sludge
|-heal|p1a: Fab|321\/360|[from] item: Leftovers
|turn|18
|
|switch|p1a: Mhmmm|Blastoise-Mega, M|361\/361
|move|p2a: Tentacruel|Toxic Spikes|p1a: Mhmmm
|-sidestart|p1: Gajeel-San|move: Toxic Spikes
|
|-heal|p2a: Tentacruel|301\/301|[from] item: Black Sludge
|turn|19
|
|move|p2a: Tentacruel|Toxic|p1a: Mhmmm
|-status|p1a: Mhmmm|tox
|move|p1a: Mhmmm|Dark Pulse|p2a: Tentacruel
|-crit|p2a: Tentacruel
|-damage|p2a: Tentacruel|91\/301
|
|-heal|p2a: Tentacruel|109\/301|[from] item: Black Sludge
|-damage|p1a: Mhmmm|339\/361 tox|[from] psn
|turn|20
|
|switch|p2a: Umbreon|Umbreon, M|393\/393
|move|p1a: Mhmmm|Dark Pulse|p2a: Umbreon
|-crit|p2a: Umbreon
|-resisted|p2a: Umbreon
|-damage|p2a: Umbreon|315\/393
|
|-heal|p2a: Umbreon|339\/393|[from] item: Leftovers
|-damage|p1a: Mhmmm|295\/361 tox|[from] psn
|turn|21
|
|move|p1a: Mhmmm|Aura Sphere|p2a: Umbreon
|-supereffective|p2a: Umbreon
|-damage|p2a: Umbreon|155\/393
|move|p2a: Umbreon|Wish|p2a: Umbreon
|
|-heal|p2a: Umbreon|179\/393|[from] item: Leftovers
|-damage|p1a: Mhmmm|229\/361 tox|[from] psn
|turn|22
|
|switch|p2a: Tentacruel|Tentacruel, F|109\/301
|move|p1a: Mhmmm|Aura Sphere|p2a: Tentacruel
|-resisted|p2a: Tentacruel
|-damage|p2a: Tentacruel|37\/301
|
|-heal|p2a: Tentacruel|233\/301|[from] move: Wish|[wisher] Umbreon
|-heal|p2a: Tentacruel|251\/301|[from] item: Black Sludge
|-damage|p1a: Mhmmm|141\/361 tox|[from] psn
|turn|23
|
|move|p2a: Tentacruel|Scald|p1a: Mhmmm
|-resisted|p1a: Mhmmm
|-damage|p1a: Mhmmm|108\/361 tox
|move|p1a: Mhmmm|Dark Pulse|p2a: Tentacruel
|-damage|p2a: Tentacruel|128\/301
|
|-heal|p2a: Tentacruel|146\/301|[from] item: Black Sludge
|-damage|p1a: Mhmmm|0 fnt|[from] psn
|faint|p1a: Mhmmm
|
|switch|p1a: Bahhh|Crobat, M|355\/355
|turn|24
|
|switch|p2a: Hippowdon|Hippowdon, F|294\/419
|-weather|Sandstorm
|move|p1a: Bahhh|Brave Bird|p2a: Hippowdon
|-damage|p2a: Hippowdon|185\/419
|-damage|p1a: Bahhh|319\/355|[from] recoil|[of] p2a: Hippowdon
|
|-weather|Sandstorm|[upkeep]
|-damage|p1a: Bahhh|297\/355|[from] sandstorm
|-heal|p1a: Bahhh|319\/355|[from] item: Black Sludge
|turn|25
|
|move|p1a: Bahhh|Taunt|p2a: Hippowdon
|-start|p2a: Hippowdon|move: Taunt
|cant|p2a: Hippowdon|move: Taunt|Slack Off
|
|-weather|Sandstorm|[upkeep]
|-damage|p1a: Bahhh|297\/355|[from] sandstorm
|-heal|p1a: Bahhh|319\/355|[from] item: Black Sludge
|turn|26
|
|switch|p2a: Gligar|Gligar, F|217\/333
|move|p1a: Bahhh|Brave Bird|p2a: Gligar
|-damage|p2a: Gligar|102\/333
|-damage|p1a: Bahhh|281\/355|[from] recoil|[of] p2a: Gligar
|
|-weather|Sandstorm|[upkeep]
|-damage|p1a: Bahhh|259\/355|[from] sandstorm
|-heal|p1a: Bahhh|281\/355|[from] item: Black Sludge
|turn|27
|
|move|p1a: Bahhh|Brave Bird|p2a: Gligar
|-damage|p2a: Gligar|0 fnt
|-damage|p1a: Bahhh|247\/355|[from] recoil|[of] p2a: Gligar
|faint|p2a: Gligar
|
|-weather|Sandstorm|[upkeep]
|-damage|p1a: Bahhh|225\/355|[from] sandstorm
|-heal|p1a: Bahhh|247\/355|[from] item: Black Sludge
|
|switch|p2a: Raikou|Raikou|185\/321
|-ability|p2a: Raikou|Pressure
|turn|28
|
|move|p1a: Bahhh|Roost|p1a: Bahhh
|-heal|p1a: Bahhh|355\/355
|move|p2a: Raikou|Thunderbolt|p1a: Bahhh
|-damage|p1a: Bahhh|190\/355
|
|-weather|none
|-heal|p1a: Bahhh|212\/355|[from] item: Black Sludge
|turn|29
|
|move|p1a: Bahhh|U-turn|p2a: Raikou
|-damage|p2a: Raikou|104\/321
|
|switch|p1a: Shusssh|Rotom-Heat|241\/241
|move|p2a: Raikou|Thunderbolt|p1a: Shusssh
|-resisted|p1a: Shusssh
|-damage|p1a: Shusssh|172\/241
|
|turn|30
|
|switch|p2a: Hippowdon|Hippowdon, F|185\/419
|-weather|Sandstorm
|move|p1a: Shusssh|Hidden Power|p2a: Hippowdon
|-crit|p2a: Hippowdon
|-supereffective|p2a: Hippowdon
|-damage|p2a: Hippowdon|0 fnt
|faint|p2a: Hippowdon
|
|-weather|Sandstorm|[upkeep]
|-damage|p1a: Shusssh|157\/241|[from] sandstorm
|
|switch|p2a: Sharpedo|Sharpedo, M|246\/281
|turn|31
|
|move|p1a: Shusssh|Hidden Power|p2a: Sharpedo
|-supereffective|p2a: Sharpedo
|-damage|p2a: Sharpedo|0 fnt
|faint|p2a: Sharpedo
|
|-weather|Sandstorm|[upkeep]
|-damage|p1a: Shusssh|142\/241|[from] sandstorm
|
|switch|p2a: Tentacruel|Tentacruel, F|146\/301
|turn|32
|
|move|p1a: Shusssh|Hidden Power|p2a: Tentacruel
|-damage|p2a: Tentacruel|97\/301
|move|p2a: Tentacruel|Scald|p1a: Shusssh
|-supereffective|p1a: Shusssh
|-damage|p1a: Shusssh|0 fnt
|faint|p1a: Shusssh
|
|-weather|Sandstorm|[upkeep]
|-damage|p2a: Tentacruel|79\/301|[from] sandstorm
|-heal|p2a: Tentacruel|97\/301|[from] item: Black Sludge
|
|switch|p1a: Bahhh|Crobat, M|212\/355
|turn|33
|c|âULT Dot Smith|Gg
|c|âGajeel-San|gg
|c|âULT Dot Smith|i. Hooked when I switch in Sharpedo
|c|âULT Dot Smith|chooked*
|
|switch|p2a: Umbreon|Umbreon, M|179\/393
|move|p1a: Bahhh|Brave Bird|p2a: Umbreon
|-damage|p2a: Umbreon|38\/393
|-damage|p1a: Bahhh|165\/355|[from] recoil|[of] p2a: Umbreon
|
|-weather|Sandstorm|[upkeep]
|-damage|p1a: Bahhh|143\/355|[from] sandstorm
|-damage|p2a: Umbreon|14\/393|[from] sandstorm
|-heal|p1a: Bahhh|165\/355|[from] item: Black Sludge
|-heal|p2a: Umbreon|38\/393|[from] item: Leftovers
|turn|34
|
|move|p1a: Bahhh|Roost|p1a: Bahhh
|-heal|p1a: Bahhh|343\/355
|move|p2a: Umbreon|Foul Play|p1a: Bahhh
|-damage|p1a: Bahhh|183\/355
|
|-weather|none
|-heal|p1a: Bahhh|205\/355|[from] item: Black Sludge
|-heal|p2a: Umbreon|62\/393|[from] item: Leftovers
|turn|35
|
|move|p2a: Umbreon|Protect|p2a: Umbreon
|-singleturn|p2a: Umbreon|Protect
|move|p1a: Bahhh|Brave Bird|p2a: Umbreon
|-activate|p2a: Umbreon|Protect
|
|-heal|p1a: Bahhh|227\/355|[from] item: Black Sludge
|-heal|p2a: Umbreon|86\/393|[from] item: Leftovers
|turn|36
|
|move|p2a: Umbreon|Protect|p2a: Umbreon
|-fail|p2a: Umbreon
|move|p1a: Bahhh|Brave Bird|p2a: Umbreon
|-damage|p2a: Umbreon|0 fnt
|-damage|p1a: Bahhh|199\/355|[from] recoil|[of] p2a: Umbreon
|faint|p2a: Umbreon
|
|-heal|p1a: Bahhh|221\/355|[from] item: Black Sludge
|
|switch|p2a: Raikou|Raikou|104\/321
|-ability|p2a: Raikou|Pressure
|turn|37
|
|move|p1a: Bahhh|U-turn|p2a: Raikou
|-damage|p2a: Raikou|25\/321
|-message|ULT Dot Smith forfeited.
|leave|ULT Dot Smith
|
|switch|p1a: Fab|Florges, F|321\/360
|-status|p1a: Fab|psn
|move|p2a: Raikou|Extrasensory|p1a: Fab
|-damage|p1a: Fab|275\/360 psn
|
|-heal|p1a: Fab|297\/360 psn|[from] item: Leftovers
|-damage|p1a: Fab|252\/360 psn|[from] psn
|turn|38
|
|win|Gajeel-San
|raw|Ladder updating...
|player|p2
|raw|Gajeel-San's rating: 1153 &rarr; <strong>1173<\/strong><br \/>(+20 for winning)
|raw|ULT Dot Smith's rating: 1076 &rarr; <strong>1059<\/strong><br \/>(-17 for losing)