|join|Adil
|join|ULT Dot Smith
|player|p1|Adil|1
|player|p2|ULT Dot Smith|1
|gametype|singles
|gen|6
|tier|UU
|rated
|rule|Sleep Clause Mod: Limit one foe put to sleep
|rule|Species Clause: Limit one of each PokÃ©mon
|rule|OHKO Clause: OHKO moves are banned
|rule|Moody Clause: Moody is banned
|rule|Evasion Moves Clause: Evasion moves are banned
|rule|Endless Battle Clause: Forcing endless battles is banned
|rule|HP Percentage Mod: HP is shown in percentages
|clearpoke
|poke|p1|Chandelure, M
|poke|p1|Medicham, M, shiny
|poke|p1|Suicune, shiny
|poke|p1|Blissey, F, shiny
|poke|p1|Forretress, F
|poke|p1|Crobat, F, shiny
|poke|p2|Jirachi, shiny
|poke|p2|Hydreigon, M
|poke|p2|Mienshao, F
|poke|p2|Aggron, F
|poke|p2|Aromatisse, F
|poke|p2|Starmie
|rule|Swagger Clause: Swagger is banned
|rule|Baton Pass Clause: Limit one PokÃ©mon knowing Baton Pass
|teampreview
|join|Cranham
|
|start
|switch|p1a: Medicham|Medicham, M, shiny|261\/261
|switch|p2a: PrivateDancer|Aromatisse, F|405\/405
|turn|1
|
|detailschange|p1a: Medicham|Medicham-Mega, M, shiny
|-mega|p1a: Medicham|Medicham|Medichamite
|move|p2a: PrivateDancer|Protect|p2a: PrivateDancer
|-singleturn|p2a: PrivateDancer|Protect
|move|p1a: Medicham|Fake Out|p2a: PrivateDancer
|-activate|p2a: PrivateDancer|Protect
|
|turn|2
|
|switch|p1a: Forretress|Forretress, F|354\/354
|move|p2a: PrivateDancer|Moonblast|p1a: Forretress
|-resisted|p1a: Forretress
|-damage|p1a: Forretress|274\/354
|
|-heal|p1a: Forretress|296\/354|[from] item: Leftovers
|turn|3
|
|switch|p2a: Lukewarm|Starmie|323\/323
|switch|p1a: Crobat|Crobat, F, shiny|311\/311
|
|turn|4
|
|switch|p2a: Aggron|Aggron, F|343\/343
|move|p1a: Crobat|U-turn|p2a: Aggron
|-resisted|p2a: Aggron
|-damage|p2a: Aggron|316\/343
|
|switch|p1a: Medicham|Medicham-Mega, M, shiny|261\/261
|
|turn|5
|
|detailschange|p2a: Aggron|Aggron-Mega, F
|-mega|p2a: Aggron|Aggron|Aggronite
|move|p1a: Medicham|Zen Headbutt|p2a: Aggron
|-resisted|p2a: Aggron
|-damage|p2a: Aggron|269\/343
|move|p2a: Aggron|Heavy Slam|p1a: Medicham
|-damage|p1a: Medicham|42\/261
|
|turn|6
|
|move|p1a: Medicham|High Jump Kick|p2a: Aggron
|-supereffective|p2a: Aggron
|-damage|p2a: Aggron|20\/343
|move|p2a: Aggron|Heavy Slam|p1a: Medicham
|-damage|p1a: Medicham|0 fnt
|faint|p1a: Medicham
|
|
|switch|p1a: Crobat|Crobat, F, shiny|311\/311
|turn|7
|
|switch|p2a: Jirachi|Jirachi, shiny|403\/403
|move|p1a: Crobat|U-turn|p2a: Jirachi
|-damage|p2a: Jirachi|303\/403
|
|switch|p1a: Chandelure|Chandelure, M|289\/289
|
|-heal|p2a: Jirachi|328\/403|[from] item: Leftovers
|turn|8
|
|switch|p2a: Hydreigon|Hydreigon, M|325\/325
|move|p1a: Chandelure|Flamethrower|p2a: Hydreigon
|-resisted|p2a: Hydreigon
|-damage|p2a: Hydreigon|238\/325
|
|turn|9
|
|switch|p1a: Blissey|Blissey, F, shiny|713\/713
|move|p2a: Hydreigon|U-turn|p1a: Blissey
|-damage|p1a: Blissey|624\/713
|
|switch|p2a: Mienshao|Mienshao, F|271\/271
|
|-heal|p1a: Blissey|668\/713|[from] item: Leftovers
|turn|10
|
|switch|p1a: Suicune|Suicune, shiny|403\/403
|-ability|p1a: Suicune|Pressure
|move|p2a: Mienshao|U-turn|p1a: Suicune
|-crit|p1a: Suicune
|-damage|p1a: Suicune|316\/403
|
|switch|p2a: Lukewarm|Starmie|323\/323
|
|-heal|p1a: Suicune|341\/403|[from] item: Leftovers
|turn|11
|
|switch|p1a: Blissey|Blissey, F, shiny|668\/713
|move|p2a: Lukewarm|Trick|p1a: Blissey
|-activate|p2a: Lukewarm|move: Trick|[of] p1a: Blissey
|-item|p1a: Blissey|Choice Scarf|[from] move: Trick
|-item|p2a: Lukewarm|Leftovers|[from] move: Trick
|
|turn|12
|c|+Cranham|be mad
|c|âAdil|nty
|c|âAdil|i dont get salty like you
|c|âAdil|n.n
|c|+Cranham|\/me pours salt over adil
|c|âAdil|\/me kicks cranham
|
|switch|p1a: Suicune|Suicune, shiny|341\/403
|-ability|p1a: Suicune|Pressure
|move|p2a: Lukewarm|Scald|p1a: Suicune
|-resisted|p1a: Suicune
|-damage|p1a: Suicune|301\/403
|
|-heal|p1a: Suicune|326\/403|[from] item: Leftovers
|turn|13
|c|+Cranham|!learn blissey, trick
|raw|<div class="infobox">Blissey <span class="message-learn-cannotlearn">can't<\/span> learn Trick<\/div>
|
|switch|p2a: Jirachi|Jirachi, shiny|328\/403
|move|p1a: Suicune|Calm Mind|p1a: Suicune
|-boost|p1a: Suicune|spa|1
|-boost|p1a: Suicune|spd|1
|
|-heal|p2a: Jirachi|353\/403|[from] item: Leftovers
|-heal|p1a: Suicune|351\/403|[from] item: Leftovers
|turn|14
|
|move|p2a: Jirachi|Calm Mind|p2a: Jirachi
|-boost|p2a: Jirachi|spa|1
|-boost|p2a: Jirachi|spd|1
|move|p1a: Suicune|Scald|p2a: Jirachi
|-damage|p2a: Jirachi|274\/403
|
|-heal|p2a: Jirachi|299\/403|[from] item: Leftovers
|-heal|p1a: Suicune|376\/403|[from] item: Leftovers
|turn|15
|
|switch|p1a: Chandelure|Chandelure, M|289\/289
|move|p2a: Jirachi|Substitute|p2a: Jirachi
|-start|p2a: Jirachi|Substitute
|-damage|p2a: Jirachi|199\/403
|
|-heal|p2a: Jirachi|224\/403|[from] item: Leftovers
|turn|16
|c|âULT Dot Smith|Pleas no infintraitor
|
|switch|p2a: Hydreigon|Hydreigon, M|238\/325
|move|p1a: Chandelure|Flamethrower|p2a: Hydreigon
|-resisted|p2a: Hydreigon
|-damage|p2a: Hydreigon|148\/325
|
|turn|17
|
|switch|p1a: Blissey|Blissey, F, shiny|668\/713
|move|p2a: Hydreigon|Dark Pulse|p1a: Blissey
|-damage|p1a: Blissey|511\/713
|
|turn|18
|
|switch|p2a: PrivateDancer|Aromatisse, F|405\/405
|switch|p1a: Crobat|Crobat, F, shiny|311\/311
|
|turn|19
|
|move|p1a: Crobat|Brave Bird|p2a: PrivateDancer
|-damage|p2a: PrivateDancer|96\/405
|-damage|p1a: Crobat|209\/311|[from] recoil|[of] p2a: PrivateDancer
|move|p2a: PrivateDancer|Wish|p2a: PrivateDancer
|
|-heal|p2a: PrivateDancer|121\/405|[from] item: Leftovers
|turn|20
|c|âULT Dot Smith|Can you turn of timers?
|c|âULT Dot Smith|Thanks
|
|switch|p1a: Chandelure|Chandelure, M|289\/289
|switch|p2a: Jirachi|Jirachi, shiny|224\/403
|
|-heal|p2a: Jirachi|403\/403|[from] move: Wish|[wisher] PrivateDancer
|turn|21
|
|switch|p2a: Hydreigon|Hydreigon, M|148\/325
|move|p1a: Chandelure|Shadow Ball|p2a: Hydreigon
|-resisted|p2a: Hydreigon
|-damage|p2a: Hydreigon|75\/325
|
|turn|22
|
|move|p2a: Hydreigon|Dark Pulse|p1a: Chandelure
|-supereffective|p1a: Chandelure
|-damage|p1a: Chandelure|0 fnt
|faint|p1a: Chandelure
|
|
|switch|p1a: Blissey|Blissey, F, shiny|511\/713
|turn|23
|-message|Adil forfeited.
|leave|Adil
|c|âULT Dot Smith|Yes
|
|win|ULT Dot Smith
|raw|Ladder updating...
|player|p1
|c|âULT Dot Smith|tinally beat
|raw|Adil's rating: 1616 &rarr; <strong>1584<\/strong><br \/>(-32 for losing)
|raw|ULT Dot Smith's rating: 1385 &rarr; <strong>1417<\/strong><br \/>(+32 for winning)
|c|âULT Dot Smith|finally beat him