|join|ULT Dot Smith
|join|plmo
|player|p1|ULT Dot Smith|1
|player|p2|plmo|101
|gametype|singles
|gen|6
|tier|UU
|rated
|rule|Sleep Clause Mod: Limit one foe put to sleep
|rule|Species Clause: Limit one of each PokÃ©mon
|rule|OHKO Clause: OHKO moves are banned
|rule|Moody Clause: Moody is banned
|rule|Evasion Moves Clause: Evasion moves are banned
|rule|Endless Battle Clause: Forcing endless battles is banned
|rule|HP Percentage Mod: HP is shown in percentages
|clearpoke
|poke|p1|Abomasnow, M
|poke|p1|Mienshao, M
|poke|p1|Aromatisse, M
|poke|p1|Empoleon, M
|poke|p1|Dugtrio, F
|poke|p1|Fletchinder, F
|poke|p2|Empoleon, M
|poke|p2|Donphan, F
|poke|p2|Haxorus, F
|poke|p2|Alakazam, F
|poke|p2|Honchkrow, M
|poke|p2|Toxicroak, M
|rule|Swagger Clause: Swagger is banned
|rule|Baton Pass Clause: Limit one PokÃ©mon knowing Baton Pass
|teampreview
|c|âplmo|re :)
|c|âplmo|gl hf
|c|âULT Dot Smith|Hf
|
|start
|switch|p1a: Empoleon|Empoleon, M|371\/371
|switch|p2a: Donphan|Donphan, F|364\/364
|turn|1
|
|move|p2a: Donphan|Earthquake|p1a: Empoleon
|-supereffective|p1a: Empoleon
|-damage|p1a: Empoleon|0 fnt
|faint|p1a: Empoleon
|
|
|switch|p1a: Fletchinder|Fletchinder, F|293\/293
|turn|2
|
|switch|p1a: Dugtrio|Dugtrio, F|211\/211
|move|p2a: Donphan|Knock Off|p1a: Dugtrio
|-damage|p1a: Dugtrio|12\/211
|-enditem|p1a: Dugtrio|Focus Sash|[from] move: Knock Off|[of] p2a: Donphan
|
|turn|3
|
|switch|p1a: Fletchinder|Fletchinder, F|293\/293
|move|p2a: Donphan|Earthquake|p1a: Fletchinder
|-immune|p1a: Fletchinder|[msg]
|
|turn|4
|
|move|p1a: Fletchinder|Will-O-Wisp|p2a: Donphan|[miss]
|-miss|p1a: Fletchinder|p2a: Donphan
|move|p2a: Donphan|Knock Off|p1a: Fletchinder
|-damage|p1a: Fletchinder|157\/293
|
|turn|5
|c|âplmo|sorry :\/
|
|switch|p2a: Alakazam|Alakazam, F|251\/251
|move|p1a: Fletchinder|Will-O-Wisp|p2a: Alakazam
|-status|p2a: Alakazam|brn
|
|turn|6
|
|switch|p1a: Aromatisse|Aromatisse, M|405\/405
|move|p2a: Alakazam|Psyshock|p1a: Aromatisse
|-damage|p1a: Aromatisse|242\/405
|
|-heal|p1a: Aromatisse|267\/405|[from] item: Leftovers
|turn|7
|
|switch|p2a: Empoleon|Empoleon, M|370\/370
|switch|p1a: Dugtrio|Dugtrio, F|12\/211
|
|turn|8
|c|âplmo|nice
|
|move|p1a: Dugtrio|Earthquake|p2a: Empoleon
|-supereffective|p2a: Empoleon
|-damage|p2a: Empoleon|106\/370
|move|p2a: Empoleon|Stealth Rock|p1a: Dugtrio
|-sidestart|p1: ULT Dot Smith|move: Stealth Rock
|
|-heal|p2a: Empoleon|129\/370|[from] item: Leftovers
|turn|9
|
|move|p1a: Dugtrio|Earthquake|p2a: Empoleon
|-supereffective|p2a: Empoleon
|-damage|p2a: Empoleon|0 fnt
|faint|p2a: Empoleon
|
|
|switch|p2a: Honchkrow|Honchkrow, M|341\/341
|turn|10
|
|move|p1a: Dugtrio|Toxic|p2a: Honchkrow
|-status|p2a: Honchkrow|tox
|move|p2a: Honchkrow|Pursuit|p1a: Dugtrio
|-damage|p1a: Dugtrio|0 fnt
|faint|p1a: Dugtrio
|-boost|p2a: Honchkrow|atk|1|[from] ability: Moxie
|
|-damage|p2a: Honchkrow|320\/341 tox|[from] psn
|
|switch|p1a: Mienshao|Mienshao, M|271\/271
|-damage|p1a: Mienshao|255\/271|[from] Stealth Rock
|turn|11
|
|move|p2a: Honchkrow|Sucker Punch|p1a: Mienshao
|-resisted|p1a: Mienshao
|-damage|p1a: Mienshao|76\/271
|move|p1a: Mienshao|High Jump Kick|p2a: Honchkrow
|-damage|p2a: Honchkrow|0 fnt
|-damage|p1a: Mienshao|49\/271|[from] item: Life Orb
|faint|p2a: Honchkrow
|
|
|switch|p2a: Toxicroak|Toxicroak, M|307\/307
|turn|12
|c|âULT Dot Smith|Was you do pay max speed?
|c|âULT Dot Smith|donphan
|
|move|p1a: Mienshao|Baton Pass|p1a: Mienshao
|c|âplmo|i don't play max speed
|c|âplmo|on donphan
|
|switch|p1a: Aromatisse|Aromatisse, M|267\/405
|-damage|p1a: Aromatisse|217\/405|[from] Stealth Rock
|move|p2a: Toxicroak|Swords Dance|p2a: Toxicroak
|-boost|p2a: Toxicroak|atk|2
|
|-heal|p1a: Aromatisse|242\/405|[from] item: Leftovers
|turn|13
|
|move|p2a: Toxicroak|Gunk Shot|p1a: Aromatisse
|-supereffective|p1a: Aromatisse
|-damage|p1a: Aromatisse|0 fnt
|faint|p1a: Aromatisse
|
|
|switch|p1a: Fletchinder|Fletchinder, F|157\/293
|-damage|p1a: Fletchinder|11\/293|[from] Stealth Rock
|turn|14
|c|âplmo|I claim his speed for outspeed empoleon
|
|move|p2a: Toxicroak|Sucker Punch|p1a: Fletchinder
|-fail|p1a: Fletchinder
|move|p1a: Fletchinder|Will-O-Wisp|p2a: Toxicroak
|-status|p2a: Toxicroak|brn
|
|-damage|p2a: Toxicroak|269\/307 brn|[from] brn
|turn|15
|
|move|p1a: Fletchinder|Acrobatics|p2a: Toxicroak
|-supereffective|p2a: Toxicroak
|-damage|p2a: Toxicroak|0 fnt
|faint|p2a: Toxicroak
|
|c|âplmo|gg
|
|switch|p2a: Donphan|Donphan, F|364\/364
|turn|16
|
|move|p1a: Fletchinder|Roost|p1a: Fletchinder
|-heal|p1a: Fletchinder|158\/293
|move|p2a: Donphan|Earthquake|p1a: Fletchinder
|-supereffective|p1a: Fletchinder
|-damage|p1a: Fletchinder|0 fnt
|faint|p1a: Fletchinder
|
|
|switch|p1a: Mienshao|Mienshao, M|139\/271
|-damage|p1a: Mienshao|123\/271|[from] Stealth Rock
|turn|17
|c|âplmo|not on my roof :P
|
|move|p1a: Mienshao|High Jump Kick|p2a: Donphan
|-crit|p2a: Donphan
|-damage|p2a: Donphan|13\/364
|-damage|p1a: Mienshao|96\/271|[from] item: Life Orb
|move|p2a: Donphan|Earthquake|p1a: Mienshao
|-damage|p1a: Mienshao|0 fnt
|faint|p1a: Mienshao
|
|-heal|p2a: Donphan|35\/364|[from] item: Leftovers
|
|switch|p1a: Abomasnow|Abomasnow, M|383\/383
|-damage|p1a: Abomasnow|288\/383|[from] Stealth Rock
|turn|18
|
|detailschange|p1a: Abomasnow|Abomasnow-Mega, M
|-mega|p1a: Abomasnow|Abomasnow|Abomasite
|-weather|Hail
|move|p2a: Donphan|Ice Shard|p1a: Abomasnow
|-damage|p1a: Abomasnow|239\/383
|move|p1a: Abomasnow|Swords Dance|p1a: Abomasnow
|-boost|p1a: Abomasnow|atk|2
|
|-weather|Hail|[upkeep]
|-damage|p2a: Donphan|13\/364|[from] hail
|-heal|p2a: Donphan|35\/364|[from] item: Leftovers
|turn|19
|c|âplmo|gg
|
|move|p2a: Donphan|Ice Shard|p1a: Abomasnow
|-crit|p1a: Abomasnow
|-damage|p1a: Abomasnow|166\/383
|move|p1a: Abomasnow|Ice Shard|p2a: Donphan
|-supereffective|p2a: Donphan
|-damage|p2a: Donphan|0 fnt
|faint|p2a: Donphan
|
|-weather|Hail|[upkeep]
|c|âULT Dot Smith|Gg
|
|switch|p2a: Alakazam|Alakazam, F|251\/251 brn
|turn|20
|
|move|p1a: Abomasnow|Ice Shard|p2a: Alakazam
|-enditem|p2a: Alakazam|Focus Sash
|-damage|p2a: Alakazam|1\/251 brn
|move|p2a: Alakazam|Psyshock|p1a: Abomasnow
|-damage|p1a: Abomasnow|13\/383
|
|-weather|Hail|[upkeep]
|turn|21
|c|âplmo|well
|
|move|p1a: Abomasnow|Ice Shard|p2a: Alakazam
|-damage|p2a: Alakazam|0 fnt
|faint|p2a: Alakazam
|
|-weather|Hail|[upkeep]
|c|âULT Dot Smith|Lol
|
|switch|p2a: Haxorus|Haxorus, F|293\/293
|-ability|p2a: Haxorus|Mold Breaker
|turn|22
|c|âULT Dot Smith|i doubt had dies
|c|âULT Dot Smith|hax
|
|move|p1a: Abomasnow|Ice Shard|p2a: Haxorus
|-supereffective|p2a: Haxorus
|-damage|p2a: Haxorus|0 fnt
|faint|p2a: Haxorus
|
|win|ULT Dot Smith
|raw|Ladder updating...
|raw|ULT Dot Smith's rating: 1483 &rarr; <strong>1503<\/strong><br \/>(+20 for winning)
|raw|plmo's rating: 1489 &rarr; <strong>1469<\/strong><br \/>(-20 for losing)
|c|âplmo|nice
|c|âULT Dot Smith|Gg
|c|âplmo|u2