|join|angels cry
|join|30 - Kvothe - 30
|player|p1|angels cry|269
|player|p2|30 - Kvothe - 30|164
|gametype|singles
|gen|6
|tier|OU
|rated
|clearpoke
|poke|p1|Pinsir, M
|poke|p1|Talonflame, M
|poke|p1|Keldeo
|poke|p1|Garchomp, M
|poke|p1|Magnezone
|poke|p1|Latios, M
|poke|p2|Pinsir, F
|poke|p2|Landorus-Therian, M
|poke|p2|Talonflame, M
|poke|p2|Gastrodon, F
|poke|p2|Magnezone
|poke|p2|Latios, M
|rule|Swagger Clause: Swagger is banned
|rule|Baton Pass Clause: Limit one PokÃ©mon knowing Baton Pass
|rule|Sleep Clause Mod: Limit one foe put to sleep
|rule|Species Clause: Limit one of each PokÃ©mon
|rule|OHKO Clause: OHKO moves are banned
|rule|Moody Clause: Moody is banned
|rule|Evasion Moves Clause: Evasion moves are banned
|rule|Endless Battle Clause: Forcing endless battles is banned
|rule|HP Percentage Mod: HP is shown in percentages
|teampreview
|
|start
|switch|p1a: Garchomp|Garchomp, M|358\/358
|switch|p2a: Gastrodon|Gastrodon, F|426\/426
|turn|1
|
|move|p1a: Garchomp|Stealth Rock|p2a: Gastrodon
|-sidestart|p2: 30 - Kvothe - 30|move: Stealth Rock
|move|p2a: Gastrodon|Ice Beam|p1a: Garchomp
|-supereffective|p1a: Garchomp
|-damage|p1a: Garchomp|70\/358
|
|turn|2
|
|switch|p1a: Keldeo|Keldeo|324\/324
|move|p2a: Gastrodon|Scald|p1a: Keldeo
|-crit|p1a: Keldeo
|-resisted|p1a: Keldeo
|-damage|p1a: Keldeo|258\/324
|
|turn|3
|
|move|p1a: Keldeo|Secret Sword|p2a: Gastrodon
|-damage|p2a: Gastrodon|96\/426
|move|p2a: Gastrodon|Recover|p2a: Gastrodon
|-heal|p2a: Gastrodon|309\/426
|
|-heal|p2a: Gastrodon|335\/426|[from] item: Leftovers
|turn|4
|
|switch|p2a: Latios|Latios, M|302\/302
|-damage|p2a: Latios|265\/302|[from] Stealth Rock
|move|p1a: Keldeo|Secret Sword|p2a: Latios
|-resisted|p2a: Latios
|-damage|p2a: Latios|133\/302
|
|turn|5
|
|move|p2a: Latios|Defog|p1a: Keldeo
|-unboost|p1a: Keldeo|evasion|1
|-sideend|p2: 30 - Kvothe - 30|Stealth Rock|[from] move: Defog|[of] p2a: Latios
|move|p1a: Keldeo|Secret Sword|p2a: Latios
|-resisted|p2a: Latios
|-damage|p2a: Latios|7\/302
|
|turn|6
|
|switch|p1a: Magnezone|Magnezone|282\/282
|move|p2a: Latios|Draco Meteor|p1a: Magnezone
|-resisted|p1a: Magnezone
|-damage|p1a: Magnezone|130\/282
|-unboost|p2a: Latios|spa|2
|-damage|p2a: Latios|0 fnt|[from] item: Life Orb
|faint|p2a: Latios
|
|
|switch|p2a: Magnezone|Magnezone|281\/281
|turn|7
|
|move|p1a: Magnezone|Hidden Power|p2a: Magnezone
|-supereffective|p2a: Magnezone
|-damage|p2a: Magnezone|115\/281
|move|p2a: Magnezone|Hidden Power|p1a: Magnezone
|-supereffective|p1a: Magnezone
|-damage|p1a: Magnezone|0 fnt
|faint|p1a: Magnezone
|
|
|switch|p1a: Garchomp|Garchomp, M|70\/358
|turn|8
|
|move|p1a: Garchomp|Stealth Rock|p2a: Magnezone
|-sidestart|p2: 30 - Kvothe - 30|move: Stealth Rock
|move|p2a: Magnezone|Hidden Power|p1a: Garchomp
|-resisted|p1a: Garchomp
|-damage|p1a: Garchomp|22\/358
|
|turn|9
|
|switch|p2a: Pinsir|Pinsir, F|272\/272
|-damage|p2a: Pinsir|204\/272|[from] Stealth Rock
|move|p1a: Garchomp|Earthquake|p2a: Pinsir
|-resisted|p2a: Pinsir
|-damage|p2a: Pinsir|108\/272
|
|turn|10
|
|switch|p1a: Talonflame|Talonflame, M|319\/319
|detailschange|p2a: Pinsir|Pinsir-Mega, F
|message|Pinsir has Mega Evolved into Mega Pinsir!
|move|p2a: Pinsir|Swords Dance|p2a: Pinsir
|-boost|p2a: Pinsir|atk|2
|
|turn|11
|
|move|p2a: Pinsir|Feint|p1a: Talonflame
|-damage|p1a: Talonflame|91\/319
|move|p1a: Talonflame|Brave Bird|p2a: Pinsir
|-supereffective|p2a: Pinsir
|-damage|p2a: Pinsir|0 fnt
|-damage|p1a: Talonflame|55\/319|[from] recoil|[of] p2a: Pinsir
|faint|p2a: Pinsir
|
|
|switch|p2a: Talonflame|Talonflame, M|298\/298
|-damage|p2a: Talonflame|149\/298|[from] Stealth Rock
|turn|12
|
|move|p1a: Talonflame|Brave Bird|p2a: Talonflame
|-damage|p2a: Talonflame|0 fnt
|-damage|p1a: Talonflame|6\/319|[from] recoil|[of] p2a: Talonflame
|faint|p2a: Talonflame
|
|
|switch|p2a: Landorus-Therian|Landorus-Therian, M|344\/344
|-damage|p2a: Landorus-Therian|301\/344|[from] Stealth Rock
|-ability|p2a: Landorus-Therian|Intimidate|[of] p1a: Talonflame
|-unboost|p1a: Talonflame|atk|1
|turn|13
|
|move|p1a: Talonflame|Brave Bird|p2a: Landorus-Therian
|-damage|p2a: Landorus-Therian|163\/344
|-damage|p1a: Talonflame|0 fnt|[from] recoil|[of] p2a: Landorus-Therian
|faint|p1a: Talonflame
|move|p2a: Landorus-Therian|Knock Off|p1: Talonflame|[notarget]
|-notarget
|
|-heal|p2a: Landorus-Therian|184\/344|[from] item: Leftovers
|
|switch|p1a: Latios|Latios, M|301\/301
|turn|14
|
|move|p1a: Latios|Draco Meteor|p2a: Landorus-Therian
|-damage|p2a: Landorus-Therian|0 fnt
|-unboost|p1a: Latios|spa|2
|-damage|p1a: Latios|271\/301|[from] item: Life Orb
|faint|p2a: Landorus-Therian
|
|
|switch|p2a: Magnezone|Magnezone|115\/281
|-damage|p2a: Magnezone|98\/281|[from] Stealth Rock
|turn|15
|
|move|p1a: Latios|Draco Meteor|p2a: Magnezone
|-resisted|p2a: Magnezone
|-damage|p2a: Magnezone|14\/281
|-unboost|p1a: Latios|spa|2
|-damage|p1a: Latios|241\/301|[from] item: Life Orb
|move|p2a: Magnezone|Flash Cannon|p1a: Latios
|-damage|p1a: Latios|94\/301
|-unboost|p1a: Latios|spd|1
|
|turn|16
|
|move|p1a: Latios|Psyshock|p2a: Magnezone
|-resisted|p2a: Magnezone
|-damage|p2a: Magnezone|0 fnt
|-damage|p1a: Latios|64\/301|[from] item: Life Orb
|faint|p2a: Magnezone
|
|
|switch|p2a: Gastrodon|Gastrodon, F|335\/426
|-damage|p2a: Gastrodon|309\/426|[from] Stealth Rock
|turn|17
|
|switch|p1a: Garchomp|Garchomp, M|22\/358
|move|p2a: Gastrodon|Ice Beam|p1a: Garchomp
|-supereffective|p1a: Garchomp
|-damage|p1a: Garchomp|0 fnt
|faint|p1a: Garchomp
|
|-heal|p2a: Gastrodon|335\/426|[from] item: Leftovers
|
|switch|p1a: Keldeo|Keldeo|258\/324
|turn|18
|
|move|p1a: Keldeo|Secret Sword|p2a: Gastrodon
|-damage|p2a: Gastrodon|19\/426
|move|p2a: Gastrodon|Earth Power|p1a: Keldeo
|-damage|p1a: Keldeo|158\/324
|-unboost|p1a: Keldeo|spd|1
|
|-heal|p2a: Gastrodon|45\/426|[from] item: Leftovers
|turn|19
|-message|30 - Kvothe - 30 forfeited.
|
|win|angels cry
|raw|Ladder updating...
|leave|30 - Kvothe - 30
|player|p2
|raw|angels cry's rating: 1430 &rarr; <strong>1448<\/strong><br \/>(+18 for winning)
|raw|30 - Kvothe - 30's rating: 1387 &rarr; <strong>1370<\/strong><br \/>(-17 for losing)