|join|Angels cry
|join|uCan'tSeeMe
|player|p1|Angels cry|269
|player|p2|uCan'tSeeMe|211
|gametype|singles
|gen|6
|tier|OU
|rated
|clearpoke
|poke|p1|Gliscor, F
|poke|p1|Chansey, F
|poke|p1|Zapdos
|poke|p1|Clefable, F
|poke|p1|Scizor, M
|poke|p1|Slowbro, M
|poke|p2|Landorus-Therian, M
|poke|p2|Latios, M
|poke|p2|Bisharp, F
|poke|p2|Scizor, F
|poke|p2|Garchomp, F
|poke|p2|Greninja, F
|rule|Swagger Clause: Swagger is banned
|rule|Baton Pass Clause: Limit one PokÃ©mon knowing Baton Pass
|rule|Sleep Clause Mod: Limit one foe put to sleep
|rule|Species Clause: Limit one of each PokÃ©mon
|rule|OHKO Clause: OHKO moves are banned
|rule|Moody Clause: Moody is banned
|rule|Evasion Moves Clause: Evasion moves are banned
|rule|Endless Battle Clause: Forcing endless battles is banned
|rule|HP Percentage Mod: HP is shown in percentages
|teampreview
|
|start
|switch|p1a: Slowbro|Slowbro, M|394\/394
|switch|p2a: Garchomp|Garchomp, F|357\/357
|turn|1
|
|move|p2a: Garchomp|Stealth Rock|p1a: Slowbro
|-sidestart|p1: Angels cry|move: Stealth Rock
|move|p1a: Slowbro|Scald|p2a: Garchomp
|-damage|p2a: Garchomp|239\/357
|-status|p2a: Garchomp|brn
|
|-damage|p2a: Garchomp|195\/357 brn|[from] brn
|turn|2
|
|switch|p2a: Latios|Latios, M|302\/302
|switch|p1a: Zapdos|Zapdos|382\/382
|-damage|p1a: Zapdos|287\/382|[from] Stealth Rock
|-ability|p1a: Zapdos|Pressure
|
|-heal|p1a: Zapdos|310\/382|[from] item: Leftovers
|turn|3
|
|switch|p1a: Clefable|Clefable, F|394\/394
|-damage|p1a: Clefable|345\/394|[from] Stealth Rock
|move|p2a: Latios|Draco Meteor|p1a: Clefable
|-immune|p1a: Clefable|[msg]
|
|-heal|p1a: Clefable|369\/394|[from] item: Leftovers
|turn|4
|
|switch|p2a: Bisharp|Bisharp, F|271\/271
|move|p1a: Clefable|Thunder Wave|p2a: Bisharp
|-status|p2a: Bisharp|par
|
|-heal|p1a: Clefable|393\/394|[from] item: Leftovers
|turn|5
|
|switch|p1a: Scizor|Scizor, M|342\/342
|-damage|p1a: Scizor|300\/342|[from] Stealth Rock
|cant|p2a: Bisharp|par
|
|turn|6
|
|switch|p2a: Garchomp|Garchomp, F|195\/357 brn
|detailschange|p1a: Scizor|Scizor-Mega, M
|message|Scizor has Mega Evolved into Mega Scizor!
|move|p1a: Scizor|Superpower|p2a: Garchomp
|-damage|p2a: Garchomp|55\/357 brn
|-damage|p1a: Scizor|258\/342|[from] ability: Rough Skin|[of] p2a: Garchomp
|-unboost|p1a: Scizor|atk|1
|-unboost|p1a: Scizor|def|1
|
|-damage|p2a: Garchomp|11\/357 brn|[from] brn
|turn|7
|
|move|p1a: Scizor|Bullet Punch|p2a: Garchomp
|-damage|p2a: Garchomp|0 fnt
|-damage|p1a: Scizor|216\/342|[from] ability: Rough Skin|[of] p2a: Garchomp
|faint|p2a: Garchomp
|
|
|switch|p2a: Greninja|Greninja, F|286\/286
|turn|8
|join|Sr.burns
|
|switch|p1a: Chansey|Chansey, F|704\/704
|-damage|p1a: Chansey|616\/704|[from] Stealth Rock
|move|p2a: Greninja|Hydro Pump|p1a: Chansey|[miss]
|-start|p2a: Greninja|typechange|Water|[from] Protean
|-miss|p2a: Greninja|p1a: Chansey
|
|turn|9
|
|move|p2a: Greninja|Spikes|p1a: Chansey
|-start|p2a: Greninja|typechange|Ground|[from] Protean
|-sidestart|p1: Angels cry|Spikes
|move|p1a: Chansey|Stealth Rock|p2a: Greninja
|-sidestart|p2: uCan'tSeeMe|move: Stealth Rock
|
|turn|10
|
|move|p2a: Greninja|Spikes|p1a: Chansey
|-sidestart|p1: Angels cry|Spikes
|move|p1a: Chansey|Seismic Toss|p2a: Greninja
|-damage|p2a: Greninja|186\/286
|
|turn|11
|
|move|p2a: Greninja|Spikes|p1a: Chansey
|-sidestart|p1: Angels cry|Spikes
|move|p1a: Chansey|Seismic Toss|p2a: Greninja
|-damage|p2a: Greninja|86\/286
|
|turn|12
|
|switch|p2a: Bisharp|Bisharp, F|271\/271 par
|-damage|p2a: Bisharp|255\/271 par|[from] Stealth Rock
|move|p1a: Chansey|Soft-Boiled|p1a: Chansey
|-heal|p1a: Chansey|704\/704
|
|turn|13
|
|switch|p1a: Gliscor|Gliscor, F|354\/354
|-damage|p1a: Gliscor|310\/354|[from] Stealth Rock
|move|p2a: Bisharp|Knock Off|p1a: Gliscor
|-damage|p1a: Gliscor|149\/354
|-enditem|p1a: Gliscor|Toxic Orb|[from] move: Knock Off|[of] p2a: Bisharp
|-damage|p2a: Bisharp|228\/271 par|[from] item: Life Orb
|
|turn|14
|
|move|p1a: Gliscor|Roost|p1a: Gliscor
|-heal|p1a: Gliscor|326\/354
|move|p2a: Bisharp|Iron Head|p1a: Gliscor
|-damage|p1a: Gliscor|200\/354
|-damage|p2a: Bisharp|201\/271 par|[from] item: Life Orb
|
|turn|15
|
|switch|p2a: Latios|Latios, M|302\/302
|-damage|p2a: Latios|265\/302|[from] Stealth Rock
|move|p1a: Gliscor|Knock Off|p2a: Latios
|-supereffective|p2a: Latios
|-damage|p2a: Latios|97\/302
|-enditem|p2a: Latios|Life Orb|[from] move: Knock Off|[of] p1a: Gliscor
|
|turn|16
|
|switch|p1a: Chansey|Chansey, F|704\/704
|-damage|p1a: Chansey|616\/704|[from] Stealth Rock
|-damage|p1a: Chansey|440\/704|[from] Spikes
|move|p2a: Latios|Roost|p2a: Latios
|-heal|p2a: Latios|248\/302
|
|turn|17
|
|switch|p2a: Scizor|Scizor, F|286\/286
|-damage|p2a: Scizor|251\/286|[from] Stealth Rock
|move|p1a: Chansey|Soft-Boiled|p1a: Chansey
|-heal|p1a: Chansey|704\/704
|
|turn|18
|
|switch|p2a: Greninja|Greninja, F|86\/286
|-damage|p2a: Greninja|51\/286|[from] Stealth Rock
|switch|p1a: Zapdos|Zapdos|310\/382
|-damage|p1a: Zapdos|215\/382|[from] Stealth Rock
|-ability|p1a: Zapdos|Pressure
|
|-heal|p1a: Zapdos|238\/382|[from] item: Leftovers
|turn|19
|
|switch|p1a: Chansey|Chansey, F|704\/704
|-damage|p1a: Chansey|616\/704|[from] Stealth Rock
|-damage|p1a: Chansey|440\/704|[from] Spikes
|move|p2a: Greninja|Ice Beam|p1a: Chansey
|-start|p2a: Greninja|typechange|Ice|[from] Protean
|-damage|p1a: Chansey|333\/704
|-damage|p2a: Greninja|23\/286|[from] item: Life Orb
|
|turn|20
|
|move|p2a: Greninja|Dark Pulse|p1a: Chansey
|-start|p2a: Greninja|typechange|Dark|[from] Protean
|-damage|p1a: Chansey|234\/704
|-damage|p2a: Greninja|0 fnt|[from] item: Life Orb
|faint|p2a: Greninja
|move|p1a: Chansey|Soft-Boiled|p1a: Chansey
|-heal|p1a: Chansey|586\/704
|
|
|switch|p2a: Scizor|Scizor, F|251\/286
|-damage|p2a: Scizor|216\/286|[from] Stealth Rock
|turn|21
|
|detailschange|p2a: Scizor|Scizor-Mega, F
|message|Scizor has Mega Evolved into Mega Scizor!
|move|p2a: Scizor|Swords Dance|p2a: Scizor
|-boost|p2a: Scizor|atk|2
|move|p1a: Chansey|Seismic Toss|p2a: Scizor
|-damage|p2a: Scizor|116\/286
|
|turn|22
|
|move|p2a: Scizor|Superpower|p1a: Chansey
|-supereffective|p1a: Chansey
|-damage|p1a: Chansey|0 fnt
|-unboost|p2a: Scizor|atk|1
|-unboost|p2a: Scizor|def|1
|faint|p1a: Chansey
|
|
|switch|p1a: Zapdos|Zapdos|238\/382
|-damage|p1a: Zapdos|143\/382|[from] Stealth Rock
|-ability|p1a: Zapdos|Pressure
|turn|23
|
|move|p2a: Scizor|Bug Bite|p1a: Zapdos
|-resisted|p1a: Zapdos
|-damage|p1a: Zapdos|24\/382
|move|p1a: Zapdos|Roost|p1a: Zapdos
|-heal|p1a: Zapdos|215\/382
|
|-heal|p1a: Zapdos|238\/382|[from] item: Leftovers
|turn|24
|
|switch|p2a: Bisharp|Bisharp, F|201\/271 par
|-damage|p2a: Bisharp|185\/271 par|[from] Stealth Rock
|move|p1a: Zapdos|Defog|p2a: Bisharp
|-unboost|p2a: Bisharp|evasion|1
|-boost|p2a: Bisharp|atk|2|[from] ability: Defiant
|-sideend|p2: uCan'tSeeMe|Stealth Rock|[from] move: Defog|[of] p2a: Bisharp
|-sideend|p1: Angels cry|Spikes|[from] move: Defog|[of] p1a: Zapdos
|-sideend|p1: Angels cry|Stealth Rock|[from] move: Defog|[of] p1a: Zapdos
|
|-heal|p1a: Zapdos|261\/382|[from] item: Leftovers
|turn|25
|c| Sr.burns|lal n tem bullecth
|
|cant|p2a: Bisharp|par
|move|p1a: Zapdos|Roost|p1a: Zapdos
|-heal|p1a: Zapdos|382\/382
|
|turn|26
|
|cant|p2a: Bisharp|par
|move|p1a: Zapdos|Heat Wave|p2a: Bisharp
|-supereffective|p2a: Bisharp
|-damage|p2a: Bisharp|0 fnt
|faint|p2a: Bisharp
|
|
|switch|p2a: Latios|Latios, M|248\/302
|turn|27
|
|switch|p1a: Clefable|Clefable, F|393\/394
|move|p2a: Latios|Draco Meteor|p1a: Clefable
|-immune|p1a: Clefable|[msg]
|
|-heal|p1a: Clefable|394\/394|[from] item: Leftovers
|turn|28
|-message|uCan'tSeeMe forfeited.
|
|win|Angels cry
|raw|Ladder updating...
|leave|uCan'tSeeMe
|player|p2
|raw|Angels cry's rating: 1822 &rarr; <strong>1831<\/strong><br \/>(+9 for winning)
|raw|uCan&apos;tSeeMe's rating: 1604 &rarr; <strong>1596<\/strong><br \/>(-8 for losing)