|join|Angels cry
|join|LT8A JEFO
|player|p1|Angels cry|269
|player|p2|LT8A JEFO|98
|gametype|singles
|gen|6
|tier|OU
|rated
|clearpoke
|poke|p1|Scizor, M
|poke|p1|Ditto
|poke|p1|Chansey, F
|poke|p1|Gliscor, M
|poke|p1|Rotom-Wash
|poke|p1|Gothitelle, F
|poke|p2|Garchomp, F
|poke|p2|Greninja, F
|poke|p2|Scizor, F
|poke|p2|Bisharp, M
|poke|p2|Latios, M
|poke|p2|Landorus-Therian, M
|rule|Swagger Clause: Swagger is banned
|rule|Baton Pass Clause: Limit one PokÃ©mon knowing Baton Pass
|rule|Sleep Clause Mod: Limit one foe put to sleep
|rule|Species Clause: Limit one of each PokÃ©mon
|rule|OHKO Clause: OHKO moves are banned
|rule|Moody Clause: Moody is banned
|rule|Evasion Moves Clause: Evasion moves are banned
|rule|Endless Battle Clause: Forcing endless battles is banned
|rule|HP Percentage Mod: HP is shown in percentages
|teampreview
|join|Why are you so bad
|join|Zenzo
|join|Outrageous Fortune
|join|ash borer
|join|Henry
|join|Lt8D Updated Kanto
|c| Henry|hehehe
|join|Breeloom
|c| Henry|u lose
|join|chumped
|join|Jukain(afk)
|c|âLT8A JEFO|ikr
|c| Why are you so bad|the meme team
|c| Why are you so bad|is here
|c| ash borer|meme ranger blue
|c| Outrageous Fortune|I like angels crys team it is really innovative and original
|c| Lt8D Updated Kanto|yea
|c| Lt8D Updated Kanto|first time i see it
|c| Lt8D Updated Kanto|and i already wanna try it
|c| ash borer|gothitelle is what good players use
|join|z0mOG
|c| ash borer|arent you a good player?
|join|I'm Rick Astley
|
|start
|switch|p1a: Gliscor|Gliscor, M|354\/354
|switch|p2a: Latios|Latios, M|302\/302
|turn|1
|leave|I'm Rick Astley
|
|move|p1a: Gliscor|Protect|p1a: Gliscor
|-singleturn|p1a: Gliscor|Protect
|move|p2a: Latios|Psyshock|p1a: Gliscor
|-activate|p1a: Gliscor|Protect
|
|-status|p1a: Gliscor|tox|[from] item: Toxic Orb
|turn|2
|join|hand relief
|
|switch|p2a: Garchomp|Garchomp, F|357\/357
|switch|p1a: Chansey|Chansey, F|642\/642
|
|turn|3
|
|move|p2a: Garchomp|Stealth Rock|p1a: Chansey
|-sidestart|p1: Angels cry|move: Stealth Rock
|move|p1a: Chansey|Seismic Toss|p2a: Garchomp
|-damage|p2a: Garchomp|257\/357
|-damage|p1a: Chansey|562\/642|[from] ability: Rough Skin|[of] p2a: Garchomp
|
|turn|4
|leave|hand relief
|
|switch|p1a: Gliscor|Gliscor, M|354\/354 tox
|-damage|p1a: Gliscor|310\/354 tox|[from] Stealth Rock
|move|p2a: Garchomp|Earthquake|p1a: Gliscor
|-immune|p1a: Gliscor|[msg]
|
|-heal|p1a: Gliscor|354\/354 tox|[from] ability: Poison Heal
|turn|5
|join|LT8A BIHI
|
|move|p2a: Garchomp|Dragon Claw|p1a: Gliscor
|-damage|p1a: Gliscor|242\/354 tox
|move|p1a: Gliscor|Substitute|p1a: Gliscor
|-start|p1a: Gliscor|Substitute
|-damage|p1a: Gliscor|154\/354 tox
|
|-heal|p1a: Gliscor|198\/354 tox|[from] ability: Poison Heal
|turn|6
|leave|Henry
|leave|LT8A BIHI
|
|move|p2a: Garchomp|Dragon Claw|p1a: Gliscor
|-end|p1a: Gliscor|Substitute
|move|p1a: Gliscor|Toxic|p2a: Garchomp
|-status|p2a: Garchomp|tox
|
|-damage|p2a: Garchomp|235\/357 tox|[from] psn
|-heal|p1a: Gliscor|242\/354 tox|[from] ability: Poison Heal
|turn|7
|
|move|p1a: Gliscor|Protect|p1a: Gliscor
|-singleturn|p1a: Gliscor|Protect
|move|p2a: Garchomp|Dragon Claw|p1a: Gliscor
|-activate|p1a: Gliscor|Protect
|
|-damage|p2a: Garchomp|191\/357 tox|[from] psn
|-heal|p1a: Gliscor|286\/354 tox|[from] ability: Poison Heal
|turn|8
|
|move|p2a: Garchomp|Dragon Claw|p1a: Gliscor
|-damage|p1a: Gliscor|172\/354 tox
|move|p1a: Gliscor|Substitute|p1a: Gliscor
|-start|p1a: Gliscor|Substitute
|-damage|p1a: Gliscor|84\/354 tox
|
|-damage|p2a: Garchomp|125\/357 tox|[from] psn
|-heal|p1a: Gliscor|128\/354 tox|[from] ability: Poison Heal
|turn|9
|
|move|p1a: Gliscor|Protect|p1a: Gliscor
|-singleturn|p1a: Gliscor|Protect
|move|p2a: Garchomp|Dragon Claw|p1a: Gliscor
|-activate|p1a: Gliscor|Protect
|
|-damage|p2a: Garchomp|37\/357 tox|[from] psn
|-heal|p1a: Gliscor|172\/354 tox|[from] ability: Poison Heal
|turn|10
|
|move|p1a: Gliscor|Protect|p1a: Gliscor
|-fail|p1a: Gliscor
|move|p2a: Garchomp|Dragon Claw|p1a: Gliscor
|-end|p1a: Gliscor|Substitute
|
|-damage|p2a: Garchomp|0 fnt|[from] psn
|-heal|p1a: Gliscor|216\/354 tox|[from] ability: Poison Heal
|faint|p2a: Garchomp
|c| ash borer|lol diito
|c| Why are you so bad|LOL
|c|âLT8A JEFO|LMO
|c| Why are you so bad|ok
|
|switch|p2a: Greninja|Greninja, F|286\/286
|turn|11
|
|move|p1a: Gliscor|Protect|p1a: Gliscor
|-singleturn|p1a: Gliscor|Protect
|move|p2a: Greninja|Spikes|p1a: Gliscor
|-start|p2a: Greninja|typechange|Ground|[from] Protean
|-sidestart|p1: Angels cry|Spikes
|
|-heal|p1a: Gliscor|260\/354 tox|[from] ability: Poison Heal
|turn|12
|
|switch|p1a: Rotom-Wash|Rotom-Wash|304\/304
|-damage|p1a: Rotom-Wash|266\/304|[from] Stealth Rock
|move|p2a: Greninja|Spikes|p1a: Rotom-Wash
|-sidestart|p1: Angels cry|Spikes
|
|-heal|p1a: Rotom-Wash|285\/304|[from] item: Leftovers
|turn|13
|c| ash borer|get stacked
|
|move|p2a: Greninja|Hidden Power|p1a: Rotom-Wash
|-start|p2a: Greninja|typechange|Grass|[from] Protean
|-supereffective|p1a: Rotom-Wash
|-damage|p1a: Rotom-Wash|103\/304
|-damage|p2a: Greninja|258\/286|[from] item: Life Orb
|move|p1a: Rotom-Wash|Hydro Pump|p2a: Greninja
|-resisted|p2a: Greninja
|-damage|p2a: Greninja|176\/286
|
|-heal|p1a: Rotom-Wash|122\/304|[from] item: Leftovers
|turn|14
|c| Why are you so bad|fucking
|c| Why are you so bad|destroyed
|c| Why are you so bad|kiddo
|
|move|p2a: Greninja|Spikes|p1a: Rotom-Wash
|-start|p2a: Greninja|typechange|Ground|[from] Protean
|-sidestart|p1: Angels cry|Spikes
|move|p1a: Rotom-Wash|Hydro Pump|p2a: Greninja|[miss]
|-miss|p1a: Rotom-Wash|p2a: Greninja
|
|-heal|p1a: Rotom-Wash|141\/304|[from] item: Leftovers
|turn|15
|c| z0mOG|dark pulse the gothitelle
|c| ash borer|good play
|c| Why are you so bad|AHHHH
|c| Why are you so bad|AHHH
|c| Why are you so bad|AHH
|c| ash borer|good play
|c| Why are you so bad|AH
|
|switch|p1a: Chansey|Chansey, F|562\/642
|-damage|p1a: Chansey|402\/642|[from] Spikes
|-damage|p1a: Chansey|322\/642|[from] Stealth Rock
|move|p2a: Greninja|Hidden Power|p1a: Chansey
|-start|p2a: Greninja|typechange|Grass|[from] Protean
|-damage|p1a: Chansey|254\/642
|-damage|p2a: Greninja|148\/286|[from] item: Life Orb
|
|turn|16
|c| Why are you so bad|A
|
|switch|p2a: Scizor|Scizor, F|303\/303
|move|p1a: Chansey|Soft-Boiled|p1a: Chansey
|-heal|p1a: Chansey|575\/642
|
|turn|17
|join|hand relief
|
|switch|p1a: Rotom-Wash|Rotom-Wash|141\/304
|-damage|p1a: Rotom-Wash|103\/304|[from] Stealth Rock
|detailschange|p2a: Scizor|Scizor-Mega, F
|message|Scizor has Mega Evolved into Mega Scizor!
|move|p2a: Scizor|Swords Dance|p2a: Scizor
|-boost|p2a: Scizor|atk|2
|
|-heal|p1a: Rotom-Wash|122\/304|[from] item: Leftovers
|turn|18
|
|move|p2a: Scizor|Bug Bite|p1a: Rotom-Wash
|-damage|p1a: Rotom-Wash|0 fnt
|faint|p1a: Rotom-Wash
|
|
|switch|p1a: Ditto|Ditto|300\/300
|-damage|p1a: Ditto|225\/300|[from] Spikes
|-damage|p1a: Ditto|188\/300|[from] Stealth Rock
|-transform|p1a: Ditto|p2a: Scizor
|turn|19
|c| ash borer|i like how
|c| ash borer|scizor beats its copy
|c| ash borer|thats pretty nifty
|
|switch|p2a: Latios|Latios, M|302\/302
|move|p1a: Ditto|Superpower|p2a: Latios
|-resisted|p2a: Latios
|-damage|p2a: Latios|86\/302
|-unboost|p1a: Ditto|atk|1
|-unboost|p1a: Ditto|def|1
|
|turn|20
|
|switch|p2a: Landorus-Therian|Landorus-Therian, M|325\/325
|-ability|p2a: Landorus-Therian|Intimidate|[of] p1a: Ditto
|-unboost|p1a: Ditto|atk|1
|move|p1a: Ditto|Superpower|p2a: Landorus-Therian
|-resisted|p2a: Landorus-Therian
|-damage|p2a: Landorus-Therian|226\/325
|-unboost|p1a: Ditto|atk|1
|-unboost|p1a: Ditto|def|1
|
|turn|21
|c| ash borer|unless u have superpower
|c| ash borer|:X
|
|switch|p1a: Gliscor|Gliscor, M|260\/354 tox
|-damage|p1a: Gliscor|216\/354 tox|[from] Stealth Rock
|move|p2a: Landorus-Therian|U-turn|p1a: Gliscor
|-resisted|p1a: Gliscor
|-damage|p1a: Gliscor|184\/354 tox
|c| z0mOG|girlninja!
|
|switch|p2a: Greninja|Greninja, F|148\/286
|
|-heal|p1a: Gliscor|228\/354 tox|[from] ability: Poison Heal
|turn|22
|
|move|p1a: Gliscor|Protect|p1a: Gliscor
|-singleturn|p1a: Gliscor|Protect
|move|p2a: Greninja|Ice Beam|p1a: Gliscor
|-start|p2a: Greninja|typechange|Ice|[from] Protean
|-activate|p1a: Gliscor|Protect
|
|-heal|p1a: Gliscor|272\/354 tox|[from] ability: Poison Heal
|turn|23
|
|switch|p1a: Scizor|Scizor, M|343\/343
|-damage|p1a: Scizor|258\/343|[from] Spikes
|-damage|p1a: Scizor|216\/343|[from] Stealth Rock
|move|p2a: Greninja|Ice Beam|p1a: Scizor
|-resisted|p1a: Scizor
|-damage|p1a: Scizor|119\/343
|-damage|p2a: Greninja|120\/286|[from] item: Life Orb
|
|turn|24
|
|switch|p2a: Scizor|Scizor-Mega, F|303\/303
|detailschange|p1a: Scizor|Scizor-Mega, M
|message|Scizor has Mega Evolved into Mega Scizor!
|move|p1a: Scizor|Bullet Punch|p2a: Scizor
|-resisted|p2a: Scizor
|-damage|p2a: Scizor|261\/303
|
|turn|25
|join|strOKing
|
|move|p2a: Scizor|Swords Dance|p2a: Scizor
|-boost|p2a: Scizor|atk|2
|move|p1a: Scizor|Roost|p1a: Scizor
|-heal|p1a: Scizor|291\/343
|
|turn|26
|
|move|p2a: Scizor|Superpower|p1a: Scizor
|-damage|p1a: Scizor|62\/343
|-unboost|p2a: Scizor|atk|1
|-unboost|p2a: Scizor|def|1
|move|p1a: Scizor|Superpower|p2a: Scizor
|-damage|p2a: Scizor|88\/303
|-unboost|p1a: Scizor|atk|1
|-unboost|p1a: Scizor|def|1
|
|turn|27
|
|switch|p1a: Gliscor|Gliscor, M|272\/354 tox
|-damage|p1a: Gliscor|228\/354 tox|[from] Stealth Rock
|move|p2a: Scizor|Bullet Punch|p1a: Gliscor
|-damage|p1a: Gliscor|83\/354 tox
|
|-heal|p1a: Gliscor|127\/354 tox|[from] ability: Poison Heal
|turn|28
|join|Genesis7
|c| Lt8D Updated Kanto|man
|c| z0mOG|sup genesis
|
|move|p2a: Scizor|Bullet Punch|p1a: Gliscor
|-damage|p1a: Gliscor|0 fnt
|faint|p1a: Gliscor
|
|c| Genesis7|the sky
|c| Lt8D Updated Kanto|these players are really sklled....
|
|switch|p1a: Ditto|Ditto|188\/300
|-damage|p1a: Ditto|113\/300|[from] Spikes
|-damage|p1a: Ditto|76\/300|[from] Stealth Rock
|-transform|p1a: Ditto|p2a: Scizor
|turn|29
|c| Genesis7|hehehehehehe
|join|Live In The Moment
|c| z0mOG|ur a dope.....
|
|move|p1a: Ditto|Bullet Punch|p2a: Scizor
|-resisted|p2a: Scizor
|-damage|p2a: Scizor|0 fnt
|faint|p2a: Scizor
|
|
|switch|p2a: Bisharp|Bisharp, M|272\/272
|turn|30
|join|Jukain
|c| Live In The Moment|all these scrubs in this battle
|c| ash borer|like you
|c| z0mOG|yeah like that "live in the moment" guy
|
|move|p1a: Ditto|Bullet Punch|p2a: Bisharp
|-resisted|p2a: Bisharp
|-damage|p2a: Bisharp|175\/272
|move|p2a: Bisharp|Knock Off|p1a: Ditto
|-damage|p1a: Ditto|0 fnt
|-enditem|p1a: Ditto|Choice Scarf|[from] move: Knock Off|[of] p2a: Bisharp
|-damage|p2a: Bisharp|148\/272|[from] item: Life Orb
|faint|p1a: Ditto
|
|c| Live In The Moment|Jukain u arent an epic memer u goota go
|c| ash borer|#rekt
|-message|Angels cry forfeited.
|
|win|LT8A JEFO
|raw|Ladder updating...
|leave|Angels cry
|player|p1
|c| hand relief|has jukain ever memed before?
|c| Live In The Moment|please my ghost team beat bloo
|join|kid at times
|leave|ash borer
|c| Live In The Moment|and mcm
|leave|chumped
|leave|kid at times
|c| Live In The Moment|goml u scurbs
|leave|Zenzo
|leave|Genesis7
|c| Why are you so bad|kid ur bad
|c| Why are you so bad|lol
|join|Vaporeon for Ubers
|leave|Why are you so bad
|raw|Ladder (probably) updated, but score could not be retrieved (timeout).
|raw|Ladder (probably) updated, but score could not be retrieved (Error: socket hang up).
|join|chumped
|leave|Live In The Moment
|leave|chumped
|leave|z0mOG
|leave|Vaporeon for Ubers