|join|lt8v kloshitt
|join|Angels cry
|player|p1|lt8v kloshitt|27
|player|p2|Angels cry|269
|gametype|singles
|gen|6
|tier|OU
|rated
|clearpoke
|poke|p1|Hydreigon, M
|poke|p1|Reuniclus, F
|poke|p1|Talonflame, F
|poke|p1|Hippowdon, F
|poke|p1|Scizor, M
|poke|p1|Keldeo
|poke|p2|Scizor, M
|poke|p2|Ditto
|poke|p2|Chansey, F
|poke|p2|Gliscor, M
|poke|p2|Zapdos
|poke|p2|Gothitelle, F
|rule|Swagger Clause: Swagger is banned
|rule|Baton Pass Clause: Limit one PokÃ©mon knowing Baton Pass
|rule|Sleep Clause Mod: Limit one foe put to sleep
|rule|Species Clause: Limit one of each PokÃ©mon
|rule|OHKO Clause: OHKO moves are banned
|rule|Moody Clause: Moody is banned
|rule|Evasion Moves Clause: Evasion moves are banned
|rule|Endless Battle Clause: Forcing endless battles is banned
|rule|HP Percentage Mod: HP is shown in percentages
|teampreview
|
|start
|switch|p1a: die Claws|Scizor, M|344\/344
|switch|p2a: Chansey|Chansey, F|704\/704
|turn|1
|
|switch|p2a: Zapdos|Zapdos|384\/384
|-ability|p2a: Zapdos|Pressure
|detailschange|p1a: die Claws|Scizor-Mega, M
|message|Scizor has Mega Evolved into Mega Scizor!
|move|p1a: die Claws|Bullet Punch|p2a: Zapdos
|-resisted|p2a: Zapdos
|-damage|p2a: Zapdos|342\/384
|
|-heal|p2a: Zapdos|366\/384|[from] item: Leftovers
|turn|2
|
|switch|p1a: bella strande|Hippowdon, F|420\/420
|-weather|Sandstorm
|move|p2a: Zapdos|Heat Wave|p1a: bella strande
|-damage|p1a: bella strande|307\/420
|
|-weather|Sandstorm|[upkeep]
|-damage|p2a: Zapdos|342\/384|[from] sandstorm
|-heal|p2a: Zapdos|366\/384|[from] item: Leftovers
|-heal|p1a: bella strande|333\/420|[from] item: Leftovers
|turn|3
|join|jacob3964
|
|move|p2a: Zapdos|Heat Wave|p1a: bella strande
|-damage|p1a: bella strande|220\/420
|move|p1a: bella strande|Stealth Rock|p2a: Zapdos
|-sidestart|p2: Angels cry|move: Stealth Rock
|
|-weather|Sandstorm|[upkeep]
|-damage|p2a: Zapdos|342\/384|[from] sandstorm
|-heal|p2a: Zapdos|366\/384|[from] item: Leftovers
|-heal|p1a: bella strande|246\/420|[from] item: Leftovers
|turn|4
|
|move|p2a: Zapdos|Defog|p1a: bella strande
|-unboost|p1a: bella strande|evasion|1
|-sideend|p2: Angels cry|Stealth Rock|[from] move: Defog|[of] p2a: Zapdos
|move|p1a: bella strande|Slack Off|p1a: bella strande
|-heal|p1a: bella strande|420\/420
|
|-weather|Sandstorm|[upkeep]
|-damage|p2a: Zapdos|342\/384|[from] sandstorm
|-heal|p2a: Zapdos|366\/384|[from] item: Leftovers
|turn|5
|
|move|p2a: Zapdos|Heat Wave|p1a: bella strande
|-damage|p1a: bella strande|303\/420
|-status|p1a: bella strande|brn
|move|p1a: bella strande|Stealth Rock|p2a: Zapdos
|-sidestart|p2: Angels cry|move: Stealth Rock
|
|-weather|Sandstorm|[upkeep]
|-damage|p2a: Zapdos|342\/384|[from] sandstorm
|-heal|p2a: Zapdos|366\/384|[from] item: Leftovers
|-heal|p1a: bella strande|329\/420 brn|[from] item: Leftovers
|-damage|p1a: bella strande|277\/420 brn|[from] brn
|turn|6
|c|âlt8v kloshitt|------
|
|switch|p1a: OWNED|Hydreigon, M|325\/325
|move|p2a: Zapdos|Defog|p1a: OWNED
|-unboost|p1a: OWNED|evasion|1
|-sideend|p2: Angels cry|Stealth Rock|[from] move: Defog|[of] p2a: Zapdos
|
|-weather|none
|-heal|p2a: Zapdos|384\/384|[from] item: Leftovers
|turn|7
|
|switch|p2a: Chansey|Chansey, F|704\/704
|move|p1a: OWNED|Draco Meteor|p2a: Chansey
|-damage|p2a: Chansey|503\/704
|-unboost|p1a: OWNED|spa|2
|
|turn|8
|join|pine trainer Jason
|
|switch|p1a: bella strande|Hippowdon, F|277\/420 brn
|-weather|Sandstorm
|move|p2a: Chansey|Stealth Rock|p1a: bella strande
|-sidestart|p1: lt8v kloshitt|move: Stealth Rock
|
|-weather|Sandstorm|[upkeep]
|-damage|p2a: Chansey|459\/704|[from] sandstorm
|-heal|p1a: bella strande|303\/420 brn|[from] item: Leftovers
|-damage|p1a: bella strande|251\/420 brn|[from] brn
|turn|9
|
|move|p2a: Chansey|Soft-Boiled|p2a: Chansey
|-heal|p2a: Chansey|704\/704
|move|p1a: bella strande|Stealth Rock|p2a: Chansey
|-sidestart|p2: Angels cry|move: Stealth Rock
|
|-weather|Sandstorm|[upkeep]
|-damage|p2a: Chansey|660\/704|[from] sandstorm
|-heal|p1a: bella strande|277\/420 brn|[from] item: Leftovers
|-damage|p1a: bella strande|225\/420 brn|[from] brn
|turn|10
|
|move|p2a: Chansey|Seismic Toss|p1a: bella strande
|-damage|p1a: bella strande|125\/420 brn
|move|p1a: bella strande|Slack Off|p1a: bella strande
|-heal|p1a: bella strande|335\/420 brn
|
|-weather|Sandstorm|[upkeep]
|-damage|p2a: Chansey|616\/704|[from] sandstorm
|-heal|p1a: bella strande|361\/420 brn|[from] item: Leftovers
|-damage|p1a: bella strande|309\/420 brn|[from] brn
|turn|11
|join|CoolTrainerShadow
|
|switch|p1a: die Claws|Scizor-Mega, M|344\/344
|-damage|p1a: die Claws|301\/344|[from] Stealth Rock
|move|p2a: Chansey|Seismic Toss|p1a: die Claws
|-damage|p1a: die Claws|201\/344
|
|-weather|Sandstorm|[upkeep]
|-damage|p2a: Chansey|572\/704|[from] sandstorm
|turn|12
|
|switch|p2a: Zapdos|Zapdos|384\/384
|-damage|p2a: Zapdos|288\/384|[from] Stealth Rock
|-ability|p2a: Zapdos|Pressure
|move|p1a: die Claws|Roost|p1a: die Claws
|-heal|p1a: die Claws|344\/344
|
|-weather|none
|-heal|p2a: Zapdos|312\/384|[from] item: Leftovers
|turn|13
|
|switch|p1a: OWNED|Hydreigon, M|325\/325
|-damage|p1a: OWNED|285\/325|[from] Stealth Rock
|move|p2a: Zapdos|Thunderbolt|p1a: OWNED
|-resisted|p1a: OWNED
|-damage|p1a: OWNED|219\/325
|
|-heal|p2a: Zapdos|336\/384|[from] item: Leftovers
|turn|14
|
|switch|p2a: Chansey|Chansey, F|572\/704
|-damage|p2a: Chansey|484\/704|[from] Stealth Rock
|move|p1a: OWNED|Draco Meteor|p2a: Chansey
|-damage|p2a: Chansey|282\/704
|-unboost|p1a: OWNED|spa|2
|
|turn|15
|
|switch|p1a: la cheval|Keldeo|323\/323
|-damage|p1a: la cheval|303\/323|[from] Stealth Rock
|move|p2a: Chansey|Soft-Boiled|p2a: Chansey
|-heal|p2a: Chansey|634\/704
|
|turn|16
|
|move|p1a: la cheval|Scald|p2a: Chansey
|-damage|p2a: Chansey|544\/704
|move|p2a: Chansey|Thunder Wave|p1a: la cheval
|-status|p1a: la cheval|par
|
|turn|17
|
|switch|p1a: die Claws|Scizor-Mega, M|344\/344
|-damage|p1a: die Claws|301\/344|[from] Stealth Rock
|move|p2a: Chansey|Seismic Toss|p1a: die Claws
|-damage|p1a: die Claws|201\/344
|
|turn|18
|
|switch|p2a: Zapdos|Zapdos|336\/384
|-damage|p2a: Zapdos|240\/384|[from] Stealth Rock
|-ability|p2a: Zapdos|Pressure
|move|p1a: die Claws|Roost|p1a: die Claws
|-heal|p1a: die Claws|344\/344
|
|-heal|p2a: Zapdos|264\/384|[from] item: Leftovers
|turn|19
|
|move|p2a: Zapdos|Roost|p2a: Zapdos
|-heal|p2a: Zapdos|384\/384
|move|p1a: die Claws|U-turn|p2a: Zapdos
|-damage|p2a: Zapdos|288\/384
|
|switch|p1a: OWNED|Hydreigon, M|219\/325
|-damage|p1a: OWNED|179\/325|[from] Stealth Rock
|
|-heal|p2a: Zapdos|312\/384|[from] item: Leftovers
|turn|20
|
|switch|p2a: Chansey|Chansey, F|544\/704
|-damage|p2a: Chansey|456\/704|[from] Stealth Rock
|move|p1a: OWNED|Focus Blast|p2a: Chansey|[miss]
|-miss|p1a: OWNED|p2a: Chansey
|
|turn|21
|
|switch|p1a: die Claws|Scizor-Mega, M|344\/344
|-damage|p1a: die Claws|301\/344|[from] Stealth Rock
|move|p2a: Chansey|Soft-Boiled|p2a: Chansey
|-heal|p2a: Chansey|704\/704
|
|turn|22
|
|switch|p2a: Scizor|Scizor, M|342\/342
|-damage|p2a: Scizor|300\/342|[from] Stealth Rock
|move|p1a: die Claws|Bullet Punch|p2a: Scizor
|-resisted|p2a: Scizor
|-damage|p2a: Scizor|254\/342
|
|turn|23
|
|detailschange|p2a: Scizor|Scizor-Mega, M
|message|Scizor has Mega Evolved into Mega Scizor!
|move|p1a: die Claws|Defog|p2a: Scizor
|-unboost|p2a: Scizor|evasion|1
|-sideend|p2: Angels cry|Stealth Rock|[from] move: Defog|[of] p2a: Scizor
|-sideend|p1: lt8v kloshitt|Stealth Rock|[from] move: Defog|[of] p1a: die Claws
|move|p2a: Scizor|Swords Dance|p2a: Scizor
|-boost|p2a: Scizor|atk|2
|
|turn|24
|
|move|p2a: Scizor|Superpower|p1a: die Claws
|-damage|p1a: die Claws|73\/344
|-unboost|p2a: Scizor|atk|1
|-unboost|p2a: Scizor|def|1
|move|p1a: die Claws|U-turn|p2a: Scizor
|-resisted|p2a: Scizor
|-damage|p2a: Scizor|200\/342
|
|switch|p1a: Burn the hell out|Talonflame, F|359\/359
|
|turn|25
|join|quaggsterr
|
|switch|p2a: Gliscor|Gliscor, M|354\/354
|move|p1a: Burn the hell out|Will-O-Wisp|p2a: Gliscor
|-status|p2a: Gliscor|brn
|
|-damage|p2a: Gliscor|310\/354 brn|[from] brn
|turn|26
|c| pine trainer Jason|o
|
|switch|p1a: die Claws|Scizor-Mega, M|73\/344
|move|p2a: Gliscor|Toxic|p1a: die Claws|[miss]
|-miss|p2a: Gliscor|p1a: die Claws
|
|-damage|p2a: Gliscor|266\/354 brn|[from] brn
|turn|27
|
|move|p2a: Gliscor|Earthquake|p1a: die Claws
|-damage|p1a: die Claws|33\/344
|move|p1a: die Claws|Roost|p1a: die Claws
|-heal|p1a: die Claws|205\/344
|
|-damage|p2a: Gliscor|222\/354 brn|[from] brn
|turn|28
|
|move|p2a: Gliscor|Taunt|p1a: die Claws
|-start|p1a: die Claws|move: Taunt
|cant|p1a: die Claws|move: Taunt|Roost
|
|-damage|p2a: Gliscor|178\/354 brn|[from] brn
|turn|29
|
|switch|p2a: Zapdos|Zapdos|312\/384
|-ability|p2a: Zapdos|Pressure
|move|p1a: die Claws|U-turn|p2a: Zapdos
|-resisted|p2a: Zapdos
|-damage|p2a: Zapdos|261\/384
|
|switch|p1a: bella strande|Hippowdon, F|309\/420 brn
|-weather|Sandstorm
|
|-weather|Sandstorm|[upkeep]
|-damage|p2a: Zapdos|237\/384|[from] sandstorm
|-heal|p2a: Zapdos|261\/384|[from] item: Leftovers
|-heal|p1a: bella strande|335\/420 brn|[from] item: Leftovers
|-damage|p1a: bella strande|283\/420 brn|[from] brn
|turn|30
|
|move|p2a: Zapdos|Heat Wave|p1a: bella strande
|-crit|p1a: bella strande
|-damage|p1a: bella strande|103\/420 brn
|move|p1a: bella strande|Stealth Rock|p2a: Zapdos
|-sidestart|p2: Angels cry|move: Stealth Rock
|
|-weather|Sandstorm|[upkeep]
|-damage|p2a: Zapdos|237\/384|[from] sandstorm
|-heal|p2a: Zapdos|261\/384|[from] item: Leftovers
|-heal|p1a: bella strande|129\/420 brn|[from] item: Leftovers
|-damage|p1a: bella strande|77\/420 brn|[from] brn
|turn|31
|
|move|p2a: Zapdos|Heat Wave|p1a: bella strande
|-damage|p1a: bella strande|0 fnt
|faint|p1a: bella strande
|
|-weather|Sandstorm|[upkeep]
|-damage|p2a: Zapdos|237\/384|[from] sandstorm
|-heal|p2a: Zapdos|261\/384|[from] item: Leftovers
|
|switch|p1a: OWNED|Hydreigon, M|179\/325
|turn|32
|
|switch|p1a: Burn the hell out|Talonflame, F|359\/359
|switch|p2a: Chansey|Chansey, F|704\/704
|-damage|p2a: Chansey|616\/704|[from] Stealth Rock
|
|-weather|Sandstorm|[upkeep]
|-damage|p1a: Burn the hell out|337\/359|[from] sandstorm
|-damage|p2a: Chansey|572\/704|[from] sandstorm
|turn|33
|leave|jacob3964
|
|move|p1a: Burn the hell out|Swords Dance|p1a: Burn the hell out
|-boost|p1a: Burn the hell out|atk|2
|move|p2a: Chansey|Thunder Wave|p1a: Burn the hell out
|-status|p1a: Burn the hell out|par
|
|-weather|none
|turn|34
|
|move|p2a: Chansey|Stealth Rock|p1a: Burn the hell out
|-sidestart|p1: lt8v kloshitt|move: Stealth Rock
|move|p1a: Burn the hell out|Swords Dance|p1a: Burn the hell out
|-boost|p1a: Burn the hell out|atk|2
|
|turn|35
|
|switch|p2a: Gliscor|Gliscor, M|178\/354 brn
|-damage|p2a: Gliscor|134\/354 brn|[from] Stealth Rock
|cant|p1a: Burn the hell out|par
|
|-damage|p2a: Gliscor|90\/354 brn|[from] brn
|turn|36
|
|move|p1a: Burn the hell out|Brave Bird|p2a: Gliscor
|-damage|p2a: Gliscor|0 fnt
|-damage|p1a: Burn the hell out|307\/359 par|[from] recoil|[of] p2a: Gliscor
|faint|p2a: Gliscor
|
|c| pine trainer Jason|ditto ??
|
|switch|p2a: Ditto|Ditto|300\/300
|-damage|p2a: Ditto|263\/300|[from] Stealth Rock
|-transform|p2a: Ditto|p1a: Burn the hell out
|turn|37
|join|awkwardzard
|
|switch|p1a: R U kiddin me?|Reuniclus, F|424\/424
|move|p2a: Ditto|Brave Bird|p1a: R U kiddin me?
|-damage|p1a: R U kiddin me?|0 fnt
|-damage|p2a: Ditto|123\/300|[from] recoil|[of] p1a: R U kiddin me?
|faint|p1a: R U kiddin me?
|
|
|switch|p1a: la cheval|Keldeo|303\/323 par
|-damage|p1a: la cheval|283\/323 par|[from] Stealth Rock
|turn|38
|join|Qray
|
|move|p2a: Ditto|Brave Bird|p1a: la cheval
|-supereffective|p1a: la cheval
|-damage|p1a: la cheval|0 fnt
|-damage|p2a: Ditto|30\/300|[from] recoil|[of] p1a: la cheval
|faint|p1a: la cheval
|
|
|switch|p1a: die Claws|Scizor-Mega, M|205\/344
|-damage|p1a: die Claws|162\/344|[from] Stealth Rock
|turn|39
|
|move|p2a: Ditto|Brave Bird|p1a: die Claws
|-damage|p1a: die Claws|0 fnt
|-damage|p2a: Ditto|0 fnt|[from] recoil|[of] p1a: die Claws
|faint|p1a: die Claws
|faint|p2a: Ditto
|
|
|switch|p1a: OWNED|Hydreigon, M|179\/325
|-damage|p1a: OWNED|139\/325|[from] Stealth Rock
|switch|p2a: Chansey|Chansey, F|572\/704
|-damage|p2a: Chansey|484\/704|[from] Stealth Rock
|turn|40
|-message|lt8v kloshitt forfeited.
|
|win|Angels cry
|raw|Ladder updating...
|leave|lt8v kloshitt
|player|p1
|raw|lt8v kloshitt's rating: 1869 &rarr; <strong>1839<\/strong><br \/>(-30 for losing)
|raw|Angels cry's rating: 1693 &rarr; <strong>1722<\/strong><br \/>(+29 for winning)
|leave|CoolTrainerShadow
|leave|pine trainer Jason