|join|Angels cry
|join|icening
|player|p1|Angels cry|269
|player|p2|icening|156
|gametype|singles
|gen|6
|tier|OU
|rated
|clearpoke
|poke|p1|Skarmory, M
|poke|p1|Gastrodon, M
|poke|p1|Charizard, M
|poke|p1|Suicune
|poke|p1|Tornadus-Therian, M
|poke|p1|Clefable, F
|poke|p2|Landorus-Therian, M
|poke|p2|Bisharp, F
|poke|p2|Kyurem, shiny
|poke|p2|Tentacruel, M
|poke|p2|Clefable, F
|poke|p2|Garchomp, M
|rule|Swagger Clause: Swagger is banned
|rule|Baton Pass Clause: Limit one PokÃ©mon knowing Baton Pass
|rule|Sleep Clause Mod: Limit one foe put to sleep
|rule|Species Clause: Limit one of each PokÃ©mon
|rule|OHKO Clause: OHKO moves are banned
|rule|Moody Clause: Moody is banned
|rule|Evasion Moves Clause: Evasion moves are banned
|rule|Endless Battle Clause: Forcing endless battles is banned
|rule|HP Percentage Mod: HP is shown in percentages
|teampreview
|
|start
|switch|p1a: Skarmory|Skarmory, M|334\/334
|switch|p2a: Kyurem|Kyurem, shiny|405\/405
|-ability|p2a: Kyurem|Pressure
|turn|1
|
|move|p2a: Kyurem|Ice Beam|p1a: Skarmory
|-damage|p1a: Skarmory|171\/334
|move|p1a: Skarmory|Toxic|p2a: Kyurem
|-status|p2a: Kyurem|tox
|
|-heal|p1a: Skarmory|191\/334|[from] item: Leftovers
|-damage|p2a: Kyurem|380\/405 tox|[from] psn
|turn|2
|
|switch|p2a: Bisharp|Bisharp, F|272\/272
|move|p1a: Skarmory|Roost|p1a: Skarmory
|-heal|p1a: Skarmory|334\/334
|
|turn|3
|
|move|p2a: Bisharp|Knock Off|p1a: Skarmory
|-damage|p1a: Skarmory|181\/334
|-enditem|p1a: Skarmory|Leftovers|[from] move: Knock Off|[of] p2a: Bisharp
|move|p1a: Skarmory|Counter|p2a: Bisharp
|-damage|p2a: Bisharp|0 fnt
|faint|p2a: Bisharp
|
|
|switch|p2a: Garchomp|Garchomp, M|357\/357
|turn|4
|
|move|p2a: Garchomp|Fire Blast|p1a: Skarmory
|-supereffective|p1a: Skarmory
|-damage|p1a: Skarmory|35\/334
|move|p1a: Skarmory|Toxic|p2a: Garchomp
|-status|p2a: Garchomp|tox
|
|-damage|p2a: Garchomp|335\/357 tox|[from] psn
|turn|5
|
|move|p2a: Garchomp|Fire Blast|p1a: Skarmory
|-supereffective|p1a: Skarmory
|-damage|p1a: Skarmory|0 fnt
|faint|p1a: Skarmory
|
|-damage|p2a: Garchomp|291\/357 tox|[from] psn
|
|switch|p1a: Clefable|Clefable, F|394\/394
|turn|6
|
|move|p2a: Garchomp|Stealth Rock|p1a: Clefable
|-sidestart|p1: Angels cry|move: Stealth Rock
|move|p1a: Clefable|Moonblast|p2a: Garchomp
|-supereffective|p2a: Garchomp
|-damage|p2a: Garchomp|27\/357 tox
|
|-damage|p2a: Garchomp|0 fnt|[from] psn
|faint|p2a: Garchomp
|
|switch|p2a: Tentacruel|Tentacruel, M|364\/364
|turn|7
|
|switch|p1a: Gastrodon|Gastrodon, M|426\/426
|-damage|p1a: Gastrodon|400\/426|[from] Stealth Rock
|move|p2a: Tentacruel|Toxic Spikes|p1a: Gastrodon
|-sidestart|p1: Angels cry|move: Toxic Spikes
|
|-heal|p1a: Gastrodon|426\/426|[from] item: Leftovers
|turn|8
|
|move|p2a: Tentacruel|Toxic Spikes|p1a: Gastrodon
|-sidestart|p1: Angels cry|move: Toxic Spikes
|move|p1a: Gastrodon|Infestation|p2a: Tentacruel
|-resisted|p2a: Tentacruel
|-damage|p2a: Tentacruel|359\/364
|-activate|p2a: Tentacruel|move: Infestation|[of] p1a: Gastrodon
|
|-heal|p2a: Tentacruel|364\/364|[from] item: Leftovers
|-damage|p2a: Tentacruel|319\/364|[from] move: Infestation|[partiallytrapped]
|turn|9
|
|move|p2a: Tentacruel|Sludge Bomb|p1a: Gastrodon
|-resisted|p1a: Gastrodon
|-damage|p1a: Gastrodon|392\/426
|move|p1a: Gastrodon|Scald|p2a: Tentacruel
|-resisted|p2a: Tentacruel
|-damage|p2a: Tentacruel|291\/364
|-status|p2a: Tentacruel|brn
|
|-heal|p2a: Tentacruel|313\/364 brn|[from] item: Leftovers
|-heal|p1a: Gastrodon|418\/426|[from] item: Leftovers
|-damage|p2a: Tentacruel|268\/364 brn|[from] brn
|-damage|p2a: Tentacruel|223\/364 brn|[from] move: Infestation|[partiallytrapped]
|turn|10
|
|move|p2a: Tentacruel|Sludge Bomb|p1a: Gastrodon
|-resisted|p1a: Gastrodon
|-damage|p1a: Gastrodon|384\/426
|move|p1a: Gastrodon|Scald|p2a: Tentacruel
|-resisted|p2a: Tentacruel
|-damage|p2a: Tentacruel|196\/364 brn
|
|-heal|p2a: Tentacruel|218\/364 brn|[from] item: Leftovers
|-heal|p1a: Gastrodon|410\/426|[from] item: Leftovers
|-damage|p2a: Tentacruel|173\/364 brn|[from] brn
|-damage|p2a: Tentacruel|128\/364 brn|[from] move: Infestation|[partiallytrapped]
|turn|11
|
|move|p2a: Tentacruel|Sludge Bomb|p1a: Gastrodon
|-resisted|p1a: Gastrodon
|-damage|p1a: Gastrodon|374\/426
|move|p1a: Gastrodon|Scald|p2a: Tentacruel
|-resisted|p2a: Tentacruel
|-damage|p2a: Tentacruel|100\/364 brn
|
|-heal|p2a: Tentacruel|122\/364 brn|[from] item: Leftovers
|-heal|p1a: Gastrodon|400\/426|[from] item: Leftovers
|-damage|p2a: Tentacruel|77\/364 brn|[from] brn
|-damage|p2a: Tentacruel|32\/364 brn|[from] move: Infestation|[partiallytrapped]
|turn|12
|
|move|p2a: Tentacruel|Sludge Bomb|p1a: Gastrodon
|-resisted|p1a: Gastrodon
|-damage|p1a: Gastrodon|365\/426
|move|p1a: Gastrodon|Scald|p2a: Tentacruel
|-resisted|p2a: Tentacruel
|-damage|p2a: Tentacruel|6\/364 brn
|
|-heal|p2a: Tentacruel|28\/364 brn|[from] item: Leftovers
|-heal|p1a: Gastrodon|391\/426|[from] item: Leftovers
|-damage|p2a: Tentacruel|0 fnt|[from] brn
|faint|p2a: Tentacruel
|
|switch|p2a: Kyurem|Kyurem, shiny|380\/405 tox
|-ability|p2a: Kyurem|Pressure
|turn|13
|
|move|p2a: Kyurem|Ice Beam|p1a: Gastrodon
|-damage|p1a: Gastrodon|250\/426
|move|p1a: Gastrodon|Infestation|p2a: Kyurem
|-damage|p2a: Kyurem|363\/405 tox
|-activate|p2a: Kyurem|move: Infestation|[of] p1a: Gastrodon
|
|-heal|p2a: Kyurem|388\/405 tox|[from] item: Leftovers
|-heal|p1a: Gastrodon|276\/426|[from] item: Leftovers
|-damage|p2a: Kyurem|363\/405 tox|[from] psn
|-damage|p2a: Kyurem|313\/405 tox|[from] move: Infestation|[partiallytrapped]
|turn|14
|
|move|p2a: Kyurem|Ice Beam|p1a: Gastrodon
|-crit|p1a: Gastrodon
|-damage|p1a: Gastrodon|62\/426
|move|p1a: Gastrodon|Recover|p1a: Gastrodon
|-heal|p1a: Gastrodon|275\/426
|
|-heal|p2a: Kyurem|338\/405 tox|[from] item: Leftovers
|-heal|p1a: Gastrodon|301\/426|[from] item: Leftovers
|-damage|p2a: Kyurem|288\/405 tox|[from] psn
|-damage|p2a: Kyurem|238\/405 tox|[from] move: Infestation|[partiallytrapped]
|turn|15
|
|move|p2a: Kyurem|Ice Beam|p1a: Gastrodon
|-damage|p1a: Gastrodon|165\/426
|move|p1a: Gastrodon|Recover|p1a: Gastrodon
|-heal|p1a: Gastrodon|378\/426
|
|-heal|p2a: Kyurem|263\/405 tox|[from] item: Leftovers
|-heal|p1a: Gastrodon|404\/426|[from] item: Leftovers
|-damage|p2a: Kyurem|188\/405 tox|[from] psn
|-damage|p2a: Kyurem|138\/405 tox|[from] move: Infestation|[partiallytrapped]
|turn|16
|
|move|p2a: Kyurem|Ice Beam|p1a: Gastrodon
|-damage|p1a: Gastrodon|272\/426
|move|p1a: Gastrodon|Recover|p1a: Gastrodon
|-heal|p1a: Gastrodon|426\/426
|
|-heal|p2a: Kyurem|163\/405 tox|[from] item: Leftovers
|-damage|p2a: Kyurem|63\/405 tox|[from] psn
|-damage|p2a: Kyurem|13\/405 tox|[from] move: Infestation|[partiallytrapped]
|turn|17
|
|move|p2a: Kyurem|Ice Beam|p1a: Gastrodon
|-damage|p1a: Gastrodon|278\/426
|move|p1a: Gastrodon|Scald|p2a: Kyurem
|-resisted|p2a: Kyurem
|-damage|p2a: Kyurem|0 fnt
|faint|p2a: Kyurem
|
|-heal|p1a: Gastrodon|304\/426|[from] item: Leftovers
|
|switch|p2a: Landorus-Therian|Landorus-Therian, M|331\/331
|-ability|p2a: Landorus-Therian|Intimidate|[of] p1a: Gastrodon
|-unboost|p1a: Gastrodon|atk|1
|turn|18
|
|move|p2a: Landorus-Therian|Swords Dance|p2a: Landorus-Therian
|-boost|p2a: Landorus-Therian|atk|2
|move|p1a: Gastrodon|Toxic|p2a: Landorus-Therian
|-status|p2a: Landorus-Therian|tox
|
|-heal|p1a: Gastrodon|330\/426|[from] item: Leftovers
|-damage|p2a: Landorus-Therian|311\/331 tox|[from] psn
|turn|19
|
|switch|p1a: Tornadus-Therian|Tornadus-Therian, M|332\/332
|-damage|p1a: Tornadus-Therian|249\/332|[from] Stealth Rock
|move|p2a: Landorus-Therian|Earthquake|p1a: Tornadus-Therian
|-immune|p1a: Tornadus-Therian|[msg]
|
|-heal|p2a: Landorus-Therian|331\/331 tox|[from] item: Leftovers
|-damage|p2a: Landorus-Therian|291\/331 tox|[from] psn
|turn|20
|
|move|p1a: Tornadus-Therian|U-turn|p2a: Landorus-Therian
|-resisted|p2a: Landorus-Therian
|-damage|p2a: Landorus-Therian|264\/331 tox
|
|switch|p1a: Clefable|Clefable, F|394\/394
|-damage|p1a: Clefable|345\/394|[from] Stealth Rock
|-status|p1a: Clefable|tox
|move|p2a: Landorus-Therian|Stone Edge|p1a: Clefable|[miss]
|-miss|p2a: Landorus-Therian|p1a: Clefable
|
|-heal|p2a: Landorus-Therian|284\/331 tox|[from] item: Leftovers
|-heal|p1a: Clefable|369\/394 tox|[from] item: Leftovers
|-damage|p2a: Landorus-Therian|224\/331 tox|[from] psn
|-damage|p1a: Clefable|345\/394 tox|[from] psn
|turn|21
|
|switch|p2a: Clefable|Clefable, F|394\/394
|move|p1a: Clefable|Stealth Rock|p2a: Clefable
|-sidestart|p2: icening|move: Stealth Rock
|
|-heal|p1a: Clefable|369\/394 tox|[from] item: Leftovers
|-damage|p1a: Clefable|321\/394 tox|[from] psn
|turn|22
|
|switch|p1a: Gastrodon|Gastrodon, M|330\/426
|-damage|p1a: Gastrodon|304\/426|[from] Stealth Rock
|-status|p1a: Gastrodon|tox
|move|p2a: Clefable|Wish|p2a: Clefable
|
|-heal|p1a: Gastrodon|330\/426 tox|[from] item: Leftovers
|-damage|p1a: Gastrodon|304\/426 tox|[from] psn
|turn|23
|
|move|p2a: Clefable|Moonblast|p1a: Gastrodon
|-damage|p1a: Gastrodon|222\/426 tox
|-unboost|p1a: Gastrodon|spa|1
|move|p1a: Gastrodon|Toxic|p2a: Clefable
|-status|p2a: Clefable|tox
|
|-heal|p1a: Gastrodon|248\/426 tox|[from] item: Leftovers
|-damage|p2a: Clefable|370\/394 tox|[from] psn
|-damage|p1a: Gastrodon|196\/426 tox|[from] psn
|turn|24
|
|move|p2a: Clefable|Wish|p2a: Clefable
|move|p1a: Gastrodon|Recover|p1a: Gastrodon
|-heal|p1a: Gastrodon|409\/426 tox
|
|-heal|p2a: Clefable|394\/394 tox|[from] item: Leftovers
|-heal|p1a: Gastrodon|426\/426 tox|[from] item: Leftovers
|-damage|p2a: Clefable|346\/394 tox|[from] psn
|-damage|p1a: Gastrodon|348\/426 tox|[from] psn
|turn|25
|
|switch|p2a: Landorus-Therian|Landorus-Therian, M|224\/331 tox
|-damage|p2a: Landorus-Therian|183\/331 tox|[from] Stealth Rock
|-ability|p2a: Landorus-Therian|Intimidate|[of] p1a: Gastrodon
|-unboost|p1a: Gastrodon|atk|1
|move|p1a: Gastrodon|Scald|p2a: Landorus-Therian
|-supereffective|p2a: Landorus-Therian
|-damage|p2a: Landorus-Therian|33\/331 tox
|
|-heal|p2a: Landorus-Therian|230\/331 tox|[from] move: Wish|[wisher] Clefable
|-heal|p2a: Landorus-Therian|250\/331 tox|[from] item: Leftovers
|-heal|p1a: Gastrodon|374\/426 tox|[from] item: Leftovers
|-damage|p2a: Landorus-Therian|230\/331 tox|[from] psn
|-damage|p1a: Gastrodon|270\/426 tox|[from] psn
|turn|26
|
|switch|p1a: Tornadus-Therian|Tornadus-Therian, M|332\/332
|-damage|p1a: Tornadus-Therian|249\/332|[from] Stealth Rock
|move|p2a: Landorus-Therian|Earthquake|p1a: Tornadus-Therian
|-immune|p1a: Tornadus-Therian|[msg]
|
|-heal|p2a: Landorus-Therian|250\/331 tox|[from] item: Leftovers
|-damage|p2a: Landorus-Therian|210\/331 tox|[from] psn
|turn|27
|
|move|p1a: Tornadus-Therian|Knock Off|p2a: Landorus-Therian
|-damage|p2a: Landorus-Therian|139\/331 tox
|-enditem|p2a: Landorus-Therian|Leftovers|[from] move: Knock Off|[of] p1a: Tornadus-Therian
|move|p2a: Landorus-Therian|Stone Edge|p1a: Tornadus-Therian
|-supereffective|p1a: Tornadus-Therian
|-damage|p1a: Tornadus-Therian|0 fnt
|faint|p1a: Tornadus-Therian
|
|-damage|p2a: Landorus-Therian|79\/331 tox|[from] psn
|
|switch|p1a: Suicune|Suicune|404\/404
|-status|p1a: Suicune|tox
|-damage|p1a: Suicune|354\/404 tox|[from] Stealth Rock
|-ability|p1a: Suicune|Pressure
|turn|28
|
|switch|p2a: Clefable|Clefable, F|346\/394 tox
|-damage|p2a: Clefable|297\/394 tox|[from] Stealth Rock
|move|p1a: Suicune|Rest|p1a: Suicune
|-status|p1a: Suicune|slp
|-heal|p1a: Suicune|404\/404 slp|[silent]
|-status|p1a: Suicune|slp|[from] move: Rest
|
|-heal|p2a: Clefable|321\/394 tox|[from] item: Leftovers
|-damage|p2a: Clefable|297\/394 tox|[from] psn
|turn|29
|
|switch|p1a: Charizard|Charizard, M|359\/359
|-damage|p1a: Charizard|180\/359|[from] Stealth Rock
|move|p2a: Clefable|Wish|p2a: Clefable
|
|-heal|p2a: Clefable|321\/394 tox|[from] item: Leftovers
|-damage|p2a: Clefable|273\/394 tox|[from] psn
|turn|30
|
|move|p1a: Charizard|Fire Punch|p2a: Clefable
|-damage|p2a: Clefable|210\/394 tox
|move|p2a: Clefable|Thunder Wave|p1a: Charizard
|-status|p1a: Charizard|par
|
|-heal|p2a: Clefable|394\/394 tox|[from] move: Wish|[wisher] Clefable
|-damage|p2a: Clefable|322\/394 tox|[from] psn
|turn|31
|
|detailschange|p1a: Charizard|Charizard-Mega-X, M
|message|Charizard has Mega Evolved into Mega Charizard!
|move|p2a: Clefable|Wish|p2a: Clefable
|move|p1a: Charizard|Roost|p1a: Charizard
|-heal|p1a: Charizard|359\/359 par
|
|-heal|p2a: Clefable|346\/394 tox|[from] item: Leftovers
|-damage|p2a: Clefable|250\/394 tox|[from] psn
|turn|32
|
|switch|p2a: Landorus-Therian|Landorus-Therian, M|79\/331 tox
|-damage|p2a: Landorus-Therian|38\/331 tox|[from] Stealth Rock
|-ability|p2a: Landorus-Therian|Intimidate|[of] p1a: Charizard
|-unboost|p1a: Charizard|atk|1
|move|p1a: Charizard|Fire Punch|p2a: Landorus-Therian
|-damage|p2a: Landorus-Therian|0 fnt
|faint|p2a: Landorus-Therian
|
|-message|icening forfeited.
|
|win|Angels cry
|raw|Ladder updating...
|leave|icening
|player|p2
|raw|Angels cry's rating: 1588 &rarr; <strong>1606<\/strong><br \/>(+18 for winning)
|raw|icening's rating: 1561 &rarr; <strong>1542<\/strong><br \/>(-19 for losing)