|join|Angels cry
|join|FrozenGuy
|player|p1|Angels cry|269
|player|p2|FrozenGuy|269
|gametype|singles
|gen|6
|tier|OU
|rated
|clearpoke
|poke|p1|Heatran, M
|poke|p1|Clefable, M
|poke|p1|Chansey, F
|poke|p1|Gliscor, M
|poke|p1|Skarmory, F
|poke|p1|Slowbro, F
|poke|p2|Tyranitar, M
|poke|p2|Garchomp, M
|poke|p2|Latios, M
|poke|p2|Heatran, F
|poke|p2|Rotom-Wash, shiny
|poke|p2|Landorus-Therian, M
|rule|Swagger Clause: Swagger is banned
|rule|Baton Pass Clause: Limit one PokÃ©mon knowing Baton Pass
|rule|Sleep Clause Mod: Limit one foe put to sleep
|rule|Species Clause: Limit one of each PokÃ©mon
|rule|OHKO Clause: OHKO moves are banned
|rule|Moody Clause: Moody is banned
|rule|Evasion Moves Clause: Evasion moves are banned
|rule|Endless Battle Clause: Forcing endless battles is banned
|rule|HP Percentage Mod: HP is shown in percentages
|teampreview
|
|start
|switch|p1a: Gliscor|Gliscor, M|354\/354
|switch|p2a: Rotom-Wash|Rotom-Wash, shiny|304\/304
|turn|1
|
|switch|p1a: Heatran|Heatran, M|386\/386
|move|p2a: Rotom-Wash|Hydro Pump|p1a: Heatran
|-crit|p1a: Heatran
|-supereffective|p1a: Heatran
|-damage|p1a: Heatran|90\/386
|
|-heal|p1a: Heatran|114\/386|[from] item: Leftovers
|turn|2
|
|move|p1a: Heatran|Protect|p1a: Heatran
|-singleturn|p1a: Heatran|Protect
|move|p2a: Rotom-Wash|Thunder Wave|p1a: Heatran
|-activate|p1a: Heatran|Protect
|
|-heal|p1a: Heatran|138\/386|[from] item: Leftovers
|turn|3
|
|move|p2a: Rotom-Wash|Hydro Pump|p1a: Heatran
|-supereffective|p1a: Heatran
|-damage|p1a: Heatran|0 fnt
|faint|p1a: Heatran
|
|
|switch|p1a: Chansey|Chansey, F|704\/704
|turn|4
|
|move|p2a: Rotom-Wash|Volt Switch|p1a: Chansey
|-damage|p1a: Chansey|649\/704
|
|switch|p2a: Landorus-Therian|Landorus-Therian, M|320\/320
|-ability|p2a: Landorus-Therian|Intimidate|[of] p1a: Chansey
|-unboost|p1a: Chansey|atk|1
|move|p1a: Chansey|Seismic Toss|p2a: Landorus-Therian
|-damage|p2a: Landorus-Therian|220\/320
|
|turn|5
|
|switch|p1a: Skarmory|Skarmory, F|334\/334
|move|p2a: Landorus-Therian|Knock Off|p1a: Skarmory
|-damage|p1a: Skarmory|258\/334
|-enditem|p1a: Skarmory|Shed Shell|[from] move: Knock Off|[of] p2a: Landorus-Therian
|
|turn|6
|
|switch|p2a: Rotom-Wash|Rotom-Wash, shiny|304\/304
|move|p1a: Skarmory|Spikes|p2a: Rotom-Wash
|-sidestart|p2: FrozenGuy|Spikes
|
|turn|7
|
|switch|p1a: Gliscor|Gliscor, M|354\/354
|move|p2a: Rotom-Wash|Volt Switch|p1a: Gliscor
|-immune|p1a: Gliscor|[msg]
|
|-status|p1a: Gliscor|tox|[from] item: Toxic Orb
|turn|8
|
|move|p1a: Gliscor|Knock Off|p2a: Rotom-Wash
|-damage|p2a: Rotom-Wash|237\/304
|-enditem|p2a: Rotom-Wash|Lum Berry|[from] move: Knock Off|[of] p1a: Gliscor
|move|p2a: Rotom-Wash|Hydro Pump|p1a: Gliscor
|-supereffective|p1a: Gliscor
|-damage|p1a: Gliscor|82\/354 tox
|
|-heal|p1a: Gliscor|126\/354 tox|[from] ability: Poison Heal
|turn|9
|
|move|p1a: Gliscor|Roost|p1a: Gliscor
|-heal|p1a: Gliscor|303\/354 tox
|move|p2a: Rotom-Wash|Hydro Pump|p1a: Gliscor
|-crit|p1a: Gliscor
|-supereffective|p1a: Gliscor
|-damage|p1a: Gliscor|0 fnt
|faint|p1a: Gliscor
|
|
|switch|p1a: Chansey|Chansey, F|649\/704
|turn|10
|
|move|p2a: Rotom-Wash|Volt Switch|p1a: Chansey
|-damage|p1a: Chansey|592\/704
|
|switch|p2a: Landorus-Therian|Landorus-Therian, M|220\/320
|-ability|p2a: Landorus-Therian|Intimidate|[of] p1a: Chansey
|-unboost|p1a: Chansey|atk|1
|move|p1a: Chansey|Seismic Toss|p2a: Landorus-Therian
|-damage|p2a: Landorus-Therian|120\/320
|
|turn|11
|
|switch|p1a: Skarmory|Skarmory, F|258\/334
|move|p2a: Landorus-Therian|Knock Off|p1a: Skarmory
|-damage|p1a: Skarmory|213\/334
|
|turn|12
|
|switch|p2a: Heatran|Heatran, F|369\/369
|-item|p2a: Heatran|Air Balloon
|move|p1a: Skarmory|Spikes|p2a: Heatran
|-sidestart|p2: FrozenGuy|Spikes
|
|turn|13
|
|switch|p1a: Chansey|Chansey, F|592\/704
|move|p2a: Heatran|Lava Plume|p1a: Chansey
|-damage|p1a: Chansey|520\/704
|-status|p1a: Chansey|brn
|
|-damage|p1a: Chansey|432\/704 brn|[from] brn
|turn|14
|
|switch|p2a: Tyranitar|Tyranitar, M|380\/380
|-damage|p2a: Tyranitar|317\/380|[from] Spikes
|-weather|Sandstorm
|move|p1a: Chansey|Soft-Boiled|p1a: Chansey
|-heal|p1a: Chansey|704\/704 brn
|
|-weather|Sandstorm|[upkeep]
|-damage|p1a: Chansey|660\/704 brn|[from] sandstorm
|-heal|p2a: Tyranitar|340\/380|[from] item: Leftovers
|-damage|p1a: Chansey|572\/704 brn|[from] brn
|turn|15
|
|switch|p1a: Clefable|Clefable, M|394\/394
|move|p2a: Tyranitar|Stealth Rock|p1a: Clefable
|-sidestart|p1: Angels cry|move: Stealth Rock
|
|-weather|Sandstorm|[upkeep]
|-damage|p1a: Clefable|370\/394|[from] sandstorm
|-heal|p1a: Clefable|394\/394|[from] item: Leftovers
|-heal|p2a: Tyranitar|363\/380|[from] item: Leftovers
|turn|16
|
|switch|p2a: Heatran|Heatran, F|369\/369
|-item|p2a: Heatran|Air Balloon
|move|p1a: Clefable|Thunder Wave|p2a: Heatran
|-status|p2a: Heatran|par
|
|-weather|Sandstorm|[upkeep]
|-damage|p1a: Clefable|370\/394|[from] sandstorm
|-heal|p1a: Clefable|394\/394|[from] item: Leftovers
|turn|17
|
|switch|p1a: Chansey|Chansey, F|572\/704
|-damage|p1a: Chansey|484\/704|[from] Stealth Rock
|move|p2a: Heatran|Flash Cannon|p1a: Chansey
|-damage|p1a: Chansey|412\/704
|
|-weather|Sandstorm|[upkeep]
|-damage|p1a: Chansey|368\/704|[from] sandstorm
|turn|18
|
|switch|p2a: Latios|Latios, M|302\/302
|move|p1a: Chansey|Soft-Boiled|p1a: Chansey
|-heal|p1a: Chansey|704\/704
|
|-weather|none
|turn|19
|
|switch|p1a: Clefable|Clefable, M|394\/394
|-damage|p1a: Clefable|345\/394|[from] Stealth Rock
|move|p2a: Latios|Defog|p1a: Clefable
|-unboost|p1a: Clefable|evasion|1
|-sideend|p1: Angels cry|Stealth Rock|[from] move: Defog|[of] p1a: Clefable
|-sideend|p2: FrozenGuy|Spikes|[from] move: Defog|[of] p2a: Latios
|
|-heal|p1a: Clefable|369\/394|[from] item: Leftovers
|turn|20
|
|switch|p2a: Tyranitar|Tyranitar, M|363\/380
|-weather|Sandstorm
|move|p1a: Clefable|Moonblast|p2a: Tyranitar
|-supereffective|p2a: Tyranitar
|-damage|p2a: Tyranitar|241\/380
|-unboost|p2a: Tyranitar|spa|1
|
|-weather|Sandstorm|[upkeep]
|-damage|p1a: Clefable|345\/394|[from] sandstorm
|-heal|p1a: Clefable|369\/394|[from] item: Leftovers
|-heal|p2a: Tyranitar|264\/380|[from] item: Leftovers
|turn|21
|
|move|p1a: Clefable|Thunder Wave|p2a: Tyranitar
|-status|p2a: Tyranitar|par
|cant|p2a: Tyranitar|par
|
|-weather|Sandstorm|[upkeep]
|-damage|p1a: Clefable|345\/394|[from] sandstorm
|-heal|p1a: Clefable|369\/394|[from] item: Leftovers
|-heal|p2a: Tyranitar|287\/380 par|[from] item: Leftovers
|turn|22
|
|move|p1a: Clefable|Moonblast|p2a: Tyranitar
|-supereffective|p2a: Tyranitar
|-damage|p2a: Tyranitar|183\/380 par
|cant|p2a: Tyranitar|par
|
|-weather|Sandstorm|[upkeep]
|-damage|p1a: Clefable|345\/394|[from] sandstorm
|-heal|p1a: Clefable|369\/394|[from] item: Leftovers
|-heal|p2a: Tyranitar|206\/380 par|[from] item: Leftovers
|turn|23
|
|switch|p1a: Skarmory|Skarmory, F|213\/334
|move|p2a: Tyranitar|Stealth Rock|p1a: Skarmory
|-sidestart|p1: Angels cry|move: Stealth Rock
|
|-weather|Sandstorm|[upkeep]
|-heal|p2a: Tyranitar|229\/380 par|[from] item: Leftovers
|turn|24
|
|move|p1a: Skarmory|Roost|p1a: Skarmory
|-heal|p1a: Skarmory|334\/334
|move|p2a: Tyranitar|Ice Beam|p1a: Skarmory
|-resisted|p1a: Skarmory
|-damage|p1a: Skarmory|302\/334
|
|-weather|none
|-heal|p2a: Tyranitar|252\/380 par|[from] item: Leftovers
|turn|25
|
|switch|p2a: Heatran|Heatran, F|369\/369 par
|-item|p2a: Heatran|Air Balloon
|move|p1a: Skarmory|Defog|p2a: Heatran
|-unboost|p2a: Heatran|evasion|1
|-sideend|p1: Angels cry|Stealth Rock|[from] move: Defog|[of] p1a: Skarmory
|
|turn|26
|
|switch|p1a: Chansey|Chansey, F|704\/704
|switch|p2a: Garchomp|Garchomp, M|358\/358
|
|turn|27
|
|detailschange|p2a: Garchomp|Garchomp-Mega, M
|message|Garchomp has Mega Evolved into Mega Garchomp!
|move|p2a: Garchomp|Swords Dance|p2a: Garchomp
|-boost|p2a: Garchomp|atk|2
|move|p1a: Chansey|Wish|p1a: Chansey
|
|turn|28
|
|switch|p1a: Clefable|Clefable, M|369\/394
|move|p2a: Garchomp|Earthquake|p1a: Clefable
|-damage|p1a: Clefable|219\/394
|
|-heal|p1a: Clefable|394\/394|[from] move: Wish|[wisher] Chansey
|turn|29
|
|switch|p2a: Heatran|Heatran, F|369\/369 par
|-item|p2a: Heatran|Air Balloon
|move|p1a: Clefable|Moonblast|p2a: Heatran
|-resisted|p2a: Heatran
|-damage|p2a: Heatran|347\/369 par
|-enditem|p2a: Heatran|Air Balloon
|
|turn|30
|
|switch|p1a: Chansey|Chansey, F|704\/704
|move|p2a: Heatran|Toxic|p1a: Chansey
|-status|p1a: Chansey|tox
|
|-damage|p1a: Chansey|660\/704 tox|[from] psn
|turn|31
|
|switch|p2a: Tyranitar|Tyranitar, M|252\/380 par
|-weather|Sandstorm
|move|p1a: Chansey|Seismic Toss|p2a: Tyranitar
|-damage|p2a: Tyranitar|152\/380 par
|
|-weather|Sandstorm|[upkeep]
|-damage|p1a: Chansey|616\/704 tox|[from] sandstorm
|-heal|p2a: Tyranitar|175\/380 par|[from] item: Leftovers
|-damage|p1a: Chansey|528\/704 tox|[from] psn
|turn|32
|
|switch|p1a: Skarmory|Skarmory, F|302\/334
|switch|p2a: Heatran|Heatran, F|347\/369 par
|
|-weather|Sandstorm|[upkeep]
|turn|33
|
|switch|p1a: Chansey|Chansey, F|528\/704
|switch|p2a: Tyranitar|Tyranitar, M|175\/380 par
|
|-weather|Sandstorm|[upkeep]
|-damage|p1a: Chansey|484\/704|[from] sandstorm
|-heal|p2a: Tyranitar|198\/380 par|[from] item: Leftovers
|turn|34
|
|move|p1a: Chansey|Wish|p1a: Chansey
|cant|p2a: Tyranitar|par
|
|-weather|Sandstorm|[upkeep]
|-damage|p1a: Chansey|440\/704|[from] sandstorm
|-heal|p2a: Tyranitar|221\/380 par|[from] item: Leftovers
|turn|35
|
|move|p1a: Chansey|Seismic Toss|p2a: Tyranitar
|-damage|p2a: Tyranitar|121\/380 par
|cant|p2a: Tyranitar|par
|
|-weather|none
|-heal|p1a: Chansey|704\/704|[from] move: Wish|[wisher] Chansey
|-heal|p2a: Tyranitar|144\/380 par|[from] item: Leftovers
|turn|36
|
|move|p1a: Chansey|Seismic Toss|p2a: Tyranitar
|-damage|p2a: Tyranitar|44\/380 par
|cant|p2a: Tyranitar|par
|
|-heal|p2a: Tyranitar|67\/380 par|[from] item: Leftovers
|turn|37
|c|âFrozenGuy|OMFG YOU WIN CAUSE FUCKING HAX LOL
|
|move|p1a: Chansey|Seismic Toss|p2a: Tyranitar
|-damage|p2a: Tyranitar|0 fnt
|faint|p2a: Tyranitar
|
|
|switch|p2a: Garchomp|Garchomp-Mega, M|358\/358
|turn|38
|c|âAngels cry|hax critc in gliscor
|
|switch|p1a: Clefable|Clefable, M|394\/394
|move|p2a: Garchomp|Swords Dance|p2a: Garchomp
|-boost|p2a: Garchomp|atk|2
|
|turn|39
|c|âFrozenGuy|loldidnt matter it would die to hyro
|
|move|p2a: Garchomp|Fire Blast|p1a: Clefable|[miss]
|-miss|p2a: Garchomp|p1a: Clefable
|move|p1a: Clefable|Moonblast|p2a: Garchomp
|-supereffective|p2a: Garchomp
|-damage|p2a: Garchomp|146\/358
|
|turn|40
|c|âAngels cry|78 % hp
|c|âFrozenGuy|LOOK HOW LUCKY OMFG
|
|switch|p2a: Rotom-Wash|Rotom-Wash, shiny|237\/304
|move|p1a: Clefable|Moonblast|p2a: Rotom-Wash
|-damage|p2a: Rotom-Wash|165\/304
|
|turn|41
|
|switch|p1a: Chansey|Chansey, F|704\/704
|move|p2a: Rotom-Wash|Thunder Wave|p1a: Chansey
|-status|p1a: Chansey|par
|
|turn|42
|
|move|p2a: Rotom-Wash|Volt Switch|p1a: Chansey
|-damage|p1a: Chansey|643\/704 par
|
|switch|p2a: Garchomp|Garchomp-Mega, M|146\/358
|cant|p1a: Chansey|par
|
|turn|43
|
|switch|p1a: Slowbro|Slowbro, F|394\/394
|move|p2a: Garchomp|Fire Blast|p1a: Slowbro
|-resisted|p1a: Slowbro
|-damage|p1a: Slowbro|315\/394
|
|turn|44
|
|detailschange|p1a: Slowbro|Slowbro-Mega, F
|message|Slowbro has Mega Evolved into Mega Slowbro!
|move|p2a: Garchomp|Draco Meteor|p1a: Slowbro
|-damage|p1a: Slowbro|9\/394
|-unboost|p2a: Garchomp|spa|2
|move|p1a: Slowbro|Scald|p2a: Garchomp
|-damage|p2a: Garchomp|16\/358
|
|turn|45
|
|move|p2a: Garchomp|Earthquake|p1a: Slowbro
|-damage|p1a: Slowbro|0 fnt
|faint|p1a: Slowbro
|
|
|switch|p1a: Clefable|Clefable, M|394\/394
|turn|46
|
|move|p2a: Garchomp|Fire Blast|p1a: Clefable
|-damage|p1a: Clefable|259\/394
|move|p1a: Clefable|Moonblast|p2a: Garchomp
|-supereffective|p2a: Garchomp
|-damage|p2a: Garchomp|0 fnt
|faint|p2a: Garchomp
|
|-heal|p1a: Clefable|283\/394|[from] item: Leftovers
|
|switch|p2a: Landorus-Therian|Landorus-Therian, M|120\/320
|-ability|p2a: Landorus-Therian|Intimidate|[of] p1a: Clefable
|-unboost|p1a: Clefable|atk|1
|turn|47
|
|switch|p1a: Skarmory|Skarmory, F|302\/334
|move|p2a: Landorus-Therian|Stone Edge|p1a: Skarmory
|-damage|p1a: Skarmory|233\/334
|
|turn|48
|
|switch|p2a: Rotom-Wash|Rotom-Wash, shiny|165\/304
|move|p1a: Skarmory|Spikes|p2a: Rotom-Wash
|-sidestart|p2: FrozenGuy|Spikes
|
|turn|49
|
|switch|p1a: Chansey|Chansey, F|643\/704
|move|p2a: Rotom-Wash|Volt Switch|p1a: Chansey
|-damage|p1a: Chansey|589\/704
|
|switch|p2a: Landorus-Therian|Landorus-Therian, M|120\/320
|-ability|p2a: Landorus-Therian|Intimidate|[of] p1a: Chansey
|-unboost|p1a: Chansey|atk|1
|
|turn|50
|
|move|p2a: Landorus-Therian|Earthquake|p1a: Chansey
|-damage|p1a: Chansey|343\/704
|move|p1a: Chansey|Wish|p1a: Chansey
|
|turn|51
|
|move|p2a: Landorus-Therian|Earthquake|p1a: Chansey
|-damage|p1a: Chansey|78\/704
|move|p1a: Chansey|Seismic Toss|p2a: Landorus-Therian
|-damage|p2a: Landorus-Therian|20\/320
|
|-heal|p1a: Chansey|430\/704|[from] move: Wish|[wisher] Chansey
|turn|52
|
|switch|p2a: Rotom-Wash|Rotom-Wash, shiny|165\/304
|move|p1a: Chansey|Soft-Boiled|p1a: Chansey
|-heal|p1a: Chansey|704\/704
|
|turn|53
|
|move|p2a: Rotom-Wash|Thunder Wave|p1a: Chansey
|-status|p1a: Chansey|par
|cant|p1a: Chansey|par
|
|turn|54
|
|move|p2a: Rotom-Wash|Pain Split|p1a: Chansey
|-sethp|p1a: Chansey|434\/704 par|p2a: Rotom-Wash|304\/304|[from] move: Pain Split
|move|p1a: Chansey|Seismic Toss|p2a: Rotom-Wash
|-damage|p2a: Rotom-Wash|204\/304
|
|turn|55
|
|move|p2a: Rotom-Wash|Volt Switch|p1a: Chansey
|-damage|p1a: Chansey|376\/704 par
|
|switch|p2a: Landorus-Therian|Landorus-Therian, M|20\/320
|-ability|p2a: Landorus-Therian|Intimidate|[of] p1a: Chansey
|-unboost|p1a: Chansey|atk|1
|cant|p1a: Chansey|par
|
|turn|56
|
|move|p2a: Landorus-Therian|U-turn|p1a: Chansey
|-damage|p1a: Chansey|249\/704 par
|
|switch|p2a: Latios|Latios, M|302\/302
|move|p1a: Chansey|Soft-Boiled|p1a: Chansey
|-heal|p1a: Chansey|601\/704 par
|
|turn|57
|
|move|p2a: Latios|Psyshock|p1a: Chansey
|-damage|p1a: Chansey|370\/704 par
|-damage|p2a: Latios|272\/302|[from] item: Life Orb
|cant|p1a: Chansey|par
|
|turn|58
|
|switch|p2a: Landorus-Therian|Landorus-Therian, M|20\/320
|-ability|p2a: Landorus-Therian|Intimidate|[of] p1a: Chansey
|-unboost|p1a: Chansey|atk|1
|switch|p1a: Clefable|Clefable, M|283\/394
|
|-heal|p1a: Clefable|307\/394|[from] item: Leftovers
|turn|59
|
|move|p2a: Landorus-Therian|Earthquake|p1a: Clefable
|-damage|p1a: Clefable|126\/394
|move|p1a: Clefable|Moonlight|p1a: Clefable
|-heal|p1a: Clefable|323\/394
|
|-heal|p1a: Clefable|347\/394|[from] item: Leftovers
|turn|60
|
|move|p2a: Landorus-Therian|Earthquake|p1a: Clefable
|-damage|p1a: Clefable|166\/394
|move|p1a: Clefable|Moonblast|p2a: Landorus-Therian
|-damage|p2a: Landorus-Therian|0 fnt
|faint|p2a: Landorus-Therian
|
|-heal|p1a: Clefable|190\/394|[from] item: Leftovers
|
|switch|p2a: Latios|Latios, M|272\/302
|turn|61
|
|move|p2a: Latios|Psyshock|p1a: Clefable
|-damage|p1a: Clefable|29\/394
|-damage|p2a: Latios|242\/302|[from] item: Life Orb
|move|p1a: Clefable|Moonlight|p1a: Clefable
|-heal|p1a: Clefable|226\/394
|
|-heal|p1a: Clefable|250\/394|[from] item: Leftovers
|turn|62
|
|move|p2a: Latios|Psyshock|p1a: Clefable
|-damage|p1a: Clefable|94\/394
|-damage|p2a: Latios|212\/302|[from] item: Life Orb
|move|p1a: Clefable|Thunder Wave|p2a: Latios
|-status|p2a: Latios|par
|
|-heal|p1a: Clefable|118\/394|[from] item: Leftovers
|turn|63
|
|move|p1a: Clefable|Moonlight|p1a: Clefable
|-heal|p1a: Clefable|315\/394
|move|p2a: Latios|Psyshock|p1a: Clefable
|-damage|p1a: Clefable|155\/394
|-damage|p2a: Latios|182\/302 par|[from] item: Life Orb
|
|-heal|p1a: Clefable|179\/394|[from] item: Leftovers
|turn|64
|-message|FrozenGuy forfeited.
|
|win|Angels cry
|raw|Ladder updating...
|leave|FrozenGuy
|player|p2
|raw|Angels cry's rating: 1362 &rarr; <strong>1378<\/strong><br \/>(+16 for winning)
|raw|FrozenGuy's rating: 1292 &rarr; <strong>1272<\/strong><br \/>(-20 for losing)