|join|BlackWolf72
|join|Angels cry
|player|p1|BlackWolf72|1
|player|p2|Angels cry|269
|gametype|singles
|gen|6
|tier|OU
|rated
|clearpoke
|poke|p1|Charizard, M
|poke|p1|Keldeo-Resolute
|poke|p1|Latios, M
|poke|p1|Talonflame, M
|poke|p1|Tyranitar, M
|poke|p1|Excadrill, F
|poke|p2|Gliscor, F
|poke|p2|Chansey, F
|poke|p2|Zapdos
|poke|p2|Clefable, F
|poke|p2|Scizor, F
|poke|p2|Slowbro, M
|rule|Swagger Clause: Swagger is banned
|rule|Baton Pass Clause: Limit one PokÃ©mon knowing Baton Pass
|rule|Sleep Clause Mod: Limit one foe put to sleep
|rule|Species Clause: Limit one of each PokÃ©mon
|rule|OHKO Clause: OHKO moves are banned
|rule|Moody Clause: Moody is banned
|rule|Evasion Moves Clause: Evasion moves are banned
|rule|Endless Battle Clause: Forcing endless battles is banned
|rule|HP Percentage Mod: HP is shown in percentages
|teampreview
|
|start
|switch|p1a: Keldeo-Resolute|Keldeo-Resolute|323\/323
|switch|p2a: Slowbro|Slowbro, M|394\/394
|turn|1
|
|switch|p1a: Tyranitar|Tyranitar, M|403\/403
|-weather|Sandstorm
|move|p2a: Slowbro|Thunder Wave|p1a: Tyranitar
|-status|p1a: Tyranitar|par
|
|-weather|Sandstorm|[upkeep]
|-damage|p2a: Slowbro|370\/394|[from] sandstorm
|-heal|p2a: Slowbro|394\/394|[from] item: Leftovers
|turn|2
|
|switch|p2a: Clefable|Clefable, F|394\/394
|move|p1a: Tyranitar|Stealth Rock|p2a: Clefable
|-sidestart|p2: Angels cry|move: Stealth Rock
|
|-weather|Sandstorm|[upkeep]
|-damage|p2a: Clefable|370\/394|[from] sandstorm
|-heal|p2a: Clefable|394\/394|[from] item: Leftovers
|turn|3
|
|switch|p1a: Excadrill|Excadrill, F|362\/362
|move|p2a: Clefable|Thunder Wave|p1a: Excadrill
|-immune|p1a: Excadrill|[msg]
|
|-weather|Sandstorm|[upkeep]
|-damage|p2a: Clefable|370\/394|[from] sandstorm
|-heal|p2a: Clefable|394\/394|[from] item: Leftovers
|turn|4
|
|switch|p2a: Gliscor|Gliscor, F|354\/354
|-damage|p2a: Gliscor|310\/354|[from] Stealth Rock
|move|p1a: Excadrill|Earthquake|p2a: Gliscor
|-immune|p2a: Gliscor|[msg]
|
|-weather|Sandstorm|[upkeep]
|-status|p2a: Gliscor|tox|[from] item: Toxic Orb
|turn|5
|
|switch|p1a: Tyranitar|Tyranitar, M|403\/403 par
|move|p2a: Gliscor|Knock Off|p1a: Tyranitar
|-resisted|p1a: Tyranitar
|-damage|p1a: Tyranitar|378\/403 par
|-enditem|p1a: Tyranitar|Smooth Rock|[from] move: Knock Off|[of] p2a: Gliscor
|
|-weather|Sandstorm|[upkeep]
|-heal|p2a: Gliscor|354\/354 tox|[from] ability: Poison Heal
|turn|6
|
|move|p2a: Gliscor|Earthquake|p1a: Tyranitar
|-supereffective|p1a: Tyranitar
|-damage|p1a: Tyranitar|226\/403 par
|move|p1a: Tyranitar|Ice Beam|p2a: Gliscor
|-supereffective|p2a: Gliscor
|-damage|p2a: Gliscor|78\/354 tox
|
|-weather|Sandstorm|[upkeep]
|-heal|p2a: Gliscor|122\/354 tox|[from] ability: Poison Heal
|turn|7
|
|move|p2a: Gliscor|Roost|p2a: Gliscor
|-heal|p2a: Gliscor|299\/354 tox
|cant|p1a: Tyranitar|par
|
|-weather|Sandstorm|[upkeep]
|-heal|p2a: Gliscor|343\/354 tox|[from] ability: Poison Heal
|turn|8
|
|move|p2a: Gliscor|Earthquake|p1a: Tyranitar
|-supereffective|p1a: Tyranitar
|-damage|p1a: Tyranitar|64\/403 par
|move|p1a: Tyranitar|Ice Beam|p2a: Gliscor
|-supereffective|p2a: Gliscor
|-damage|p2a: Gliscor|63\/354 tox
|
|-weather|none
|-heal|p2a: Gliscor|107\/354 tox|[from] ability: Poison Heal
|turn|9
|
|switch|p1a: Keldeo-Resolute|Keldeo-Resolute|323\/323
|move|p2a: Gliscor|Roost|p2a: Gliscor
|-heal|p2a: Gliscor|284\/354 tox
|
|-heal|p2a: Gliscor|328\/354 tox|[from] ability: Poison Heal
|turn|10
|
|switch|p2a: Slowbro|Slowbro, M|394\/394
|-damage|p2a: Slowbro|345\/394|[from] Stealth Rock
|move|p1a: Keldeo-Resolute|Hydro Pump|p2a: Slowbro
|-resisted|p2a: Slowbro
|-damage|p2a: Slowbro|185\/394
|
|-heal|p2a: Slowbro|209\/394|[from] item: Leftovers
|turn|11
|
|switch|p1a: Tyranitar|Tyranitar, M|64\/403 par
|-weather|Sandstorm
|move|p2a: Slowbro|Slack Off|p2a: Slowbro
|-heal|p2a: Slowbro|394\/394
|
|-weather|Sandstorm|[upkeep]
|-damage|p2a: Slowbro|370\/394|[from] sandstorm
|-heal|p2a: Slowbro|394\/394|[from] item: Leftovers
|turn|12
|
|switch|p1a: Latios|Latios, M|299\/299
|move|p2a: Slowbro|Scald|p1a: Latios
|-resisted|p1a: Latios
|-damage|p1a: Latios|258\/299
|
|-weather|Sandstorm|[upkeep]
|-damage|p1a: Latios|240\/299|[from] sandstorm
|-damage|p2a: Slowbro|370\/394|[from] sandstorm
|-heal|p2a: Slowbro|394\/394|[from] item: Leftovers
|turn|13
|
|switch|p2a: Clefable|Clefable, F|394\/394
|-damage|p2a: Clefable|345\/394|[from] Stealth Rock
|move|p1a: Latios|Draco Meteor|p2a: Clefable
|-immune|p2a: Clefable|[msg]
|
|-weather|Sandstorm|[upkeep]
|-damage|p1a: Latios|222\/299|[from] sandstorm
|-damage|p2a: Clefable|321\/394|[from] sandstorm
|-heal|p2a: Clefable|345\/394|[from] item: Leftovers
|turn|14
|
|switch|p1a: Excadrill|Excadrill, F|362\/362
|move|p2a: Clefable|Moonblast|p1a: Excadrill
|-resisted|p1a: Excadrill
|-damage|p1a: Excadrill|290\/362
|
|-weather|Sandstorm|[upkeep]
|-damage|p2a: Clefable|321\/394|[from] sandstorm
|-heal|p2a: Clefable|345\/394|[from] item: Leftovers
|turn|15
|
|switch|p2a: Gliscor|Gliscor, F|328\/354 tox
|-damage|p2a: Gliscor|284\/354 tox|[from] Stealth Rock
|move|p1a: Excadrill|Swords Dance|p1a: Excadrill
|-boost|p1a: Excadrill|atk|2
|
|-weather|none
|-heal|p2a: Gliscor|328\/354 tox|[from] ability: Poison Heal
|turn|16
|
|move|p1a: Excadrill|Iron Head|p2a: Gliscor
|-damage|p2a: Gliscor|3\/354 tox
|-damage|p1a: Excadrill|254\/362|[from] item: Life Orb
|move|p2a: Gliscor|Earthquake|p1a: Excadrill
|-supereffective|p1a: Excadrill
|-damage|p1a: Excadrill|0 fnt
|faint|p1a: Excadrill
|
|-heal|p2a: Gliscor|47\/354 tox|[from] ability: Poison Heal
|
|switch|p1a: Charizard|Charizard, M|297\/297
|turn|17
|
|switch|p2a: Chansey|Chansey, F|704\/704
|-damage|p2a: Chansey|616\/704|[from] Stealth Rock
|detailschange|p1a: Charizard|Charizard-Mega-Y, M
|message|Charizard has Mega Evolved into Mega Charizard!
|-weather|SunnyDay
|move|p1a: Charizard|Solar Beam|p2a: Chansey|[still]
|-prepare|p1a: Charizard|Solar Beam|p2a: Chansey
|-anim|p1a: Charizard|Solar Beam|p2a: Chansey
|-damage|p2a: Chansey|516\/704
|
|-weather|SunnyDay|[upkeep]
|turn|18
|
|switch|p1a: Tyranitar|Tyranitar, M|64\/403 par
|-weather|Sandstorm
|move|p2a: Chansey|Stealth Rock|p1a: Tyranitar
|-sidestart|p1: BlackWolf72|move: Stealth Rock
|
|-weather|Sandstorm|[upkeep]
|-damage|p2a: Chansey|472\/704|[from] sandstorm
|turn|19
|
|move|p2a: Chansey|Seismic Toss|p1a: Tyranitar
|-damage|p1a: Tyranitar|0 fnt
|faint|p1a: Tyranitar
|
|-weather|Sandstorm|[upkeep]
|-damage|p2a: Chansey|428\/704|[from] sandstorm
|
|switch|p1a: Keldeo-Resolute|Keldeo-Resolute|323\/323
|-damage|p1a: Keldeo-Resolute|303\/323|[from] Stealth Rock
|turn|20
|
|switch|p2a: Slowbro|Slowbro, M|394\/394
|-damage|p2a: Slowbro|345\/394|[from] Stealth Rock
|move|p1a: Keldeo-Resolute|Hydro Pump|p2a: Slowbro
|-resisted|p2a: Slowbro
|-damage|p2a: Slowbro|162\/394
|
|-weather|Sandstorm|[upkeep]
|-damage|p1a: Keldeo-Resolute|283\/323|[from] sandstorm
|-damage|p2a: Slowbro|138\/394|[from] sandstorm
|-heal|p2a: Slowbro|162\/394|[from] item: Leftovers
|turn|21
|
|switch|p2a: Chansey|Chansey, F|428\/704
|-damage|p2a: Chansey|340\/704|[from] Stealth Rock
|move|p1a: Keldeo-Resolute|Hydro Pump|p2a: Chansey
|-damage|p2a: Chansey|169\/704
|
|-weather|Sandstorm|[upkeep]
|-damage|p1a: Keldeo-Resolute|263\/323|[from] sandstorm
|-damage|p2a: Chansey|125\/704|[from] sandstorm
|turn|22
|
|move|p1a: Keldeo-Resolute|Hydro Pump|p2a: Chansey
|-damage|p2a: Chansey|0 fnt
|faint|p2a: Chansey
|
|-weather|none
|
|switch|p2a: Slowbro|Slowbro, M|293\/394
|-damage|p2a: Slowbro|244\/394|[from] Stealth Rock
|turn|23
|
|switch|p1a: Latios|Latios, M|222\/299
|-damage|p1a: Latios|185\/299|[from] Stealth Rock
|move|p2a: Slowbro|Thunder Wave|p1a: Latios
|-status|p1a: Latios|par
|
|-heal|p2a: Slowbro|268\/394|[from] item: Leftovers
|turn|24
|
|switch|p2a: Clefable|Clefable, F|345\/394
|-damage|p2a: Clefable|296\/394|[from] Stealth Rock
|move|p1a: Latios|Defog|p2a: Clefable
|-unboost|p2a: Clefable|evasion|1
|-sideend|p2: Angels cry|Stealth Rock|[from] move: Defog|[of] p2a: Clefable
|-sideend|p1: BlackWolf72|Stealth Rock|[from] move: Defog|[of] p1a: Latios
|
|-heal|p2a: Clefable|320\/394|[from] item: Leftovers
|turn|25
|
|switch|p1a: Charizard|Charizard-Mega-Y, M|297\/297
|-weather|SunnyDay
|move|p2a: Clefable|Calm Mind|p2a: Clefable
|-boost|p2a: Clefable|spa|1
|-boost|p2a: Clefable|spd|1
|
|-weather|SunnyDay|[upkeep]
|-heal|p2a: Clefable|344\/394|[from] item: Leftovers
|turn|26
|
|move|p1a: Charizard|Fire Blast|p2a: Clefable
|-damage|p2a: Clefable|76\/394
|move|p2a: Clefable|Moonlight|p2a: Clefable
|-heal|p2a: Clefable|339\/394
|
|-weather|SunnyDay|[upkeep]
|-heal|p2a: Clefable|363\/394|[from] item: Leftovers
|turn|27
|
|switch|p1a: Talonflame|Talonflame, M|319\/319
|move|p2a: Clefable|Thunder Wave|p1a: Talonflame
|-status|p1a: Talonflame|par
|
|-weather|SunnyDay|[upkeep]
|-heal|p2a: Clefable|387\/394|[from] item: Leftovers
|turn|28
|
|switch|p2a: Zapdos|Zapdos|382\/382
|-ability|p2a: Zapdos|Pressure
|move|p1a: Talonflame|Swords Dance|p1a: Talonflame
|-boost|p1a: Talonflame|atk|2
|
|-weather|SunnyDay|[upkeep]
|turn|29
|
|move|p2a: Zapdos|Thunderbolt|p1a: Talonflame
|-supereffective|p1a: Talonflame
|-damage|p1a: Talonflame|0 fnt
|faint|p1a: Talonflame
|
|-weather|none
|
|switch|p1a: Charizard|Charizard-Mega-Y, M|297\/297
|-weather|SunnyDay
|turn|30
|
|move|p1a: Charizard|Fire Blast|p2a: Zapdos|[miss]
|-miss|p1a: Charizard|p2a: Zapdos
|move|p2a: Zapdos|Thunderbolt|p1a: Charizard
|-supereffective|p1a: Charizard
|-damage|p1a: Charizard|49\/297
|
|-weather|SunnyDay|[upkeep]
|turn|31
|
|move|p1a: Charizard|Fire Blast|p2a: Zapdos
|-damage|p2a: Zapdos|16\/382
|move|p2a: Zapdos|Thunderbolt|p1a: Charizard
|-supereffective|p1a: Charizard
|-damage|p1a: Charizard|0 fnt
|faint|p1a: Charizard
|
|-weather|SunnyDay|[upkeep]
|-heal|p2a: Zapdos|39\/382|[from] item: Leftovers
|
|switch|p1a: Latios|Latios, M|185\/299 par
|turn|32
|
|move|p2a: Zapdos|Roost|p2a: Zapdos
|-heal|p2a: Zapdos|230\/382
|cant|p1a: Latios|par
|
|-weather|SunnyDay|[upkeep]
|-heal|p2a: Zapdos|253\/382|[from] item: Leftovers
|turn|33
|
|switch|p2a: Clefable|Clefable, F|387\/394
|move|p1a: Latios|Psyshock|p2a: Clefable
|-damage|p2a: Clefable|231\/394
|-damage|p1a: Latios|156\/299 par|[from] item: Life Orb
|
|-weather|SunnyDay|[upkeep]
|-heal|p2a: Clefable|255\/394|[from] item: Leftovers
|turn|34
|
|move|p2a: Clefable|Moonblast|p1a: Latios
|-supereffective|p1a: Latios
|-damage|p1a: Latios|0 fnt
|faint|p1a: Latios
|
|-weather|none
|-heal|p2a: Clefable|279\/394|[from] item: Leftovers
|
|switch|p1a: Keldeo-Resolute|Keldeo-Resolute|263\/323
|turn|35
|
|move|p1a: Keldeo-Resolute|Hydro Pump|p2a: Clefable
|-damage|p2a: Clefable|0 fnt
|faint|p2a: Clefable
|
|
|switch|p2a: Slowbro|Slowbro, M|394\/394
|turn|36
|
|move|p1a: Keldeo-Resolute|Hydro Pump|p2a: Slowbro
|-resisted|p2a: Slowbro
|-damage|p2a: Slowbro|215\/394
|move|p2a: Slowbro|Thunder Wave|p1a: Keldeo-Resolute
|-status|p1a: Keldeo-Resolute|par
|
|-heal|p2a: Slowbro|239\/394|[from] item: Leftovers
|turn|37
|-message|BlackWolf72 forfeited.
|
|win|Angels cry
|raw|Ladder updating...
|leave|BlackWolf72
|player|p1
|raw|BlackWolf72's rating: 1790 &rarr; <strong>1765<\/strong><br \/>(-25 for losing)
|raw|Angels cry's rating: 1696 &rarr; <strong>1721<\/strong><br \/>(+25 for winning)