|join|LT8A Ox
|join|Angels cry
|player|p1|LT8A Ox|201
|player|p2|Angels cry|2
|gametype|singles
|gen|6
|tier|OU
|rated
|clearpoke
|poke|p1|Alomomola, M, shiny
|poke|p1|Doublade, F, shiny
|poke|p1|Gliscor, F, shiny
|poke|p1|Tornadus-Therian, M, shiny
|poke|p1|Chansey, F, shiny
|poke|p1|Amoonguss, F, shiny
|poke|p2|Greninja, M
|poke|p2|Azelf
|poke|p2|Bisharp, M
|poke|p2|Landorus-Therian, M
|poke|p2|Gothitelle, M
|poke|p2|Manectric, M
|rule|Swagger Clause: Swagger is banned
|rule|Baton Pass Clause: Limit one PokÃ©mon knowing Baton Pass
|rule|Sleep Clause Mod: Limit one foe put to sleep
|rule|Species Clause: Limit one of each PokÃ©mon
|rule|OHKO Clause: OHKO moves are banned
|rule|Moody Clause: Moody is banned
|rule|Evasion Moves Clause: Evasion moves are banned
|rule|Endless Battle Clause: Forcing endless battles is banned
|rule|HP Percentage Mod: HP is shown in percentages
|teampreview
|join|Toastmannen
|leave|Toastmannen
|
|start
|switch|p1a: Doublade|Doublade, F, shiny|321\/321
|switch|p2a: Azelf|Azelf|292\/292
|turn|1
|
|move|p2a: Azelf|Stealth Rock|p1a: Doublade
|-sidestart|p1: LT8A Ox|move: Stealth Rock
|move|p1a: Doublade|Gyro Ball|p2a: Azelf
|-damage|p2a: Azelf|67\/292
|
|turn|2
|
|switch|p2a: Landorus-Therian|Landorus-Therian, M|320\/320
|-ability|p2a: Landorus-Therian|Intimidate|[of] p1a: Doublade
|-unboost|p1a: Doublade|atk|1
|move|p1a: Doublade|Shadow Sneak|p2a: Landorus-Therian
|-damage|p2a: Landorus-Therian|281\/320
|
|turn|3
|
|switch|p1a: Alomomola|Alomomola, M, shiny|528\/528
|-damage|p1a: Alomomola|462\/528|[from] Stealth Rock
|move|p2a: Landorus-Therian|U-turn|p1a: Alomomola
|-damage|p1a: Alomomola|378\/528
|
|switch|p2a: Manectric|Manectric, M|282\/282
|
|-heal|p1a: Alomomola|411\/528|[from] item: Leftovers
|turn|4
|
|switch|p1a: Amoonguss|Amoonguss, F, shiny|431\/431
|-damage|p1a: Amoonguss|378\/431|[from] Stealth Rock
|detailschange|p2a: Manectric|Manectric-Mega, M
|message|Manectric has Mega Evolved into Mega Manectric!
|-ability|p2a: Manectric|Intimidate|[of] p1a: Amoonguss
|-unboost|p1a: Amoonguss|atk|1
|move|p2a: Manectric|Volt Switch|p1a: Amoonguss
|-resisted|p1a: Amoonguss
|-damage|p1a: Amoonguss|300\/431
|
|switch|p2a: Gothitelle|Gothitelle, M|282\/282
|
|-heal|p1a: Amoonguss|326\/431|[from] item: Black Sludge
|turn|5
|
|move|p2a: Gothitelle|Psyshock|p1a: Amoonguss
|-supereffective|p1a: Amoonguss
|-damage|p1a: Amoonguss|110\/431
|move|p1a: Amoonguss|Giga Drain|p2a: Gothitelle
|-damage|p2a: Gothitelle|215\/282
|-heal|p1a: Amoonguss|144\/431|[from] drain|[of] p2a: Gothitelle
|
|-heal|p1a: Amoonguss|170\/431|[from] item: Black Sludge
|turn|6
|join|LT8U NotMoo
|
|move|p2a: Gothitelle|Psyshock|p1a: Amoonguss
|-supereffective|p1a: Amoonguss
|-damage|p1a: Amoonguss|0 fnt
|faint|p1a: Amoonguss
|
|
|switch|p1a: Tornadus-Therian|Tornadus-Therian, M, shiny|361\/361
|-damage|p1a: Tornadus-Therian|271\/361|[from] Stealth Rock
|turn|7
|
|switch|p2a: Manectric|Manectric-Mega, M|282\/282
|-ability|p2a: Manectric|Intimidate|[of] p1a: Tornadus-Therian
|-unboost|p1a: Tornadus-Therian|atk|1
|move|p1a: Tornadus-Therian|Knock Off|p2a: Manectric
|-damage|p2a: Manectric|242\/282
|
|turn|8
|
|switch|p1a: Chansey|Chansey, F, shiny|641\/641
|-damage|p1a: Chansey|561\/641|[from] Stealth Rock
|move|p2a: Manectric|Volt Switch|p1a: Chansey
|-damage|p1a: Chansey|497\/641
|
|switch|p2a: Bisharp|Bisharp, M|272\/272
|
|turn|9
|
|switch|p1a: Alomomola|Alomomola, M, shiny|528\/528
|-damage|p1a: Alomomola|462\/528|[from] Stealth Rock
|move|p2a: Bisharp|Knock Off|p1a: Alomomola
|-damage|p1a: Alomomola|270\/528
|-enditem|p1a: Alomomola|Leftovers|[from] move: Knock Off|[of] p2a: Bisharp
|-damage|p2a: Bisharp|245\/272|[from] item: Life Orb
|
|turn|10
|
|switch|p2a: Manectric|Manectric-Mega, M|242\/282
|-ability|p2a: Manectric|Intimidate|[of] p1a: Alomomola
|-unboost|p1a: Alomomola|atk|1
|move|p1a: Alomomola|Wish|p1a: Alomomola
|
|turn|11
|leave|LT8U NotMoo
|
|switch|p1a: Chansey|Chansey, F, shiny|497\/641
|-damage|p1a: Chansey|417\/641|[from] Stealth Rock
|move|p2a: Manectric|Volt Switch|p1a: Chansey
|-damage|p1a: Chansey|357\/641
|
|switch|p2a: Gothitelle|Gothitelle, M|215\/282
|
|-heal|p1a: Chansey|621\/641|[from] move: Wish|[wisher] Alomomola
|turn|12
|
|move|p2a: Gothitelle|Trick|p1a: Chansey
|-activate|p2a: Gothitelle|move: Trick|[of] p1a: Chansey
|-item|p1a: Chansey|Choice Scarf|[from] move: Trick
|-item|p2a: Gothitelle|Eviolite|[from] move: Trick
|move|p1a: Chansey|Stealth Rock|p2a: Gothitelle
|-sidestart|p2: Angels cry|move: Stealth Rock
|
|turn|13
|c|âLT8A Ox|fuck u and ur goth
|-message|LT8A Ox forfeited.
|
|win|Angels cry
|raw|Ladder updating...
|raw|LT8A Ox's rating: 1768 &rarr; <strong>1743<\/strong><br \/>(-25 for losing)
|raw|Angels cry's rating: 1669 &rarr; <strong>1695<\/strong><br \/>(+26 for winning)
|leave|LT8A Ox
|player|p1
|leave|Angels cry
|player|p2
|join|Angels cry