|join|bellicose
|join|Angels cry
|player|p1|bellicose|68
|player|p2|Angels cry|269
|gametype|singles
|gen|6
|tier|OU
|rated
|clearpoke
|poke|p1|Scizor, M
|poke|p1|Azelf
|poke|p1|Landorus, M
|poke|p1|Azumarill, F
|poke|p1|Breloom, M
|poke|p1|Greninja, M
|poke|p2|Scizor, M
|poke|p2|Ditto
|poke|p2|Chansey, F
|poke|p2|Gliscor, M
|poke|p2|Zapdos
|poke|p2|Gothitelle, F
|rule|Swagger Clause: Swagger is banned
|rule|Baton Pass Clause: Limit one PokÃ©mon knowing Baton Pass
|rule|Sleep Clause Mod: Limit one foe put to sleep
|rule|Species Clause: Limit one of each PokÃ©mon
|rule|OHKO Clause: OHKO moves are banned
|rule|Moody Clause: Moody is banned
|rule|Evasion Moves Clause: Evasion moves are banned
|rule|Endless Battle Clause: Forcing endless battles is banned
|rule|HP Percentage Mod: HP is shown in percentages
|teampreview
|
|start
|switch|p1a: Azelf|Azelf|291\/291
|switch|p2a: Gothitelle|Gothitelle, F|282\/282
|turn|1
|
|move|p2a: Gothitelle|Trick|p1a: Azelf
|-activate|p2a: Gothitelle|move: Trick|[of] p1a: Azelf
|-item|p1a: Azelf|Choice Scarf|[from] move: Trick
|-item|p2a: Gothitelle|Focus Sash|[from] move: Trick
|move|p1a: Azelf|Explosion|p2a: Gothitelle
|-crit|p2a: Gothitelle
|-enditem|p2a: Gothitelle|Focus Sash
|-damage|p2a: Gothitelle|1\/282
|faint|p1a: Azelf
|
|
|switch|p1a: Landorus|Landorus, M|320\/320
|turn|2
|
|move|p1a: Landorus|Calm Mind|p1a: Landorus
|-boost|p1a: Landorus|spa|1
|-boost|p1a: Landorus|spd|1
|move|p2a: Gothitelle|Psychic|p1a: Landorus
|-damage|p1a: Landorus|221\/320
|-unboost|p1a: Landorus|spd|1
|
|turn|3
|
|move|p1a: Landorus|Psychic|p2a: Gothitelle
|-resisted|p2a: Gothitelle
|-damage|p2a: Gothitelle|0 fnt
|faint|p2a: Gothitelle
|
|
|switch|p2a: Ditto|Ditto|300\/300
|-transform|p2a: Ditto|p1a: Landorus
|turn|4
|
|switch|p1a: Greninja|Greninja, M|286\/286
|move|p2a: Ditto|Focus Blast|p1a: Greninja
|-supereffective|p1a: Greninja
|-damage|p1a: Greninja|0 fnt
|faint|p1a: Greninja
|
|
|switch|p1a: Landorus|Landorus, M|221\/320
|turn|5
|
|switch|p2a: Chansey|Chansey, F|704\/704
|move|p1a: Landorus|Psychic|p2a: Chansey
|-damage|p2a: Chansey|592\/704
|
|turn|6
|
|move|p1a: Landorus|Focus Blast|p2a: Chansey|[miss]
|-miss|p1a: Landorus|p2a: Chansey
|move|p2a: Chansey|Seismic Toss|p1a: Landorus
|-damage|p1a: Landorus|121\/320
|
|turn|7
|
|switch|p1a: Scizor|Scizor, M|311\/311
|move|p2a: Chansey|Soft-Boiled|p2a: Chansey
|-heal|p2a: Chansey|704\/704
|
|turn|8
|
|switch|p2a: Zapdos|Zapdos|384\/384
|-ability|p2a: Zapdos|Pressure
|detailschange|p1a: Scizor|Scizor-Mega, M
|message|Scizor has Mega Evolved into Mega Scizor!
|move|p1a: Scizor|Swords Dance|p1a: Scizor
|-boost|p1a: Scizor|atk|2
|
|turn|9
|-message|bellicose forfeited.
|
|win|Angels cry
|raw|Ladder updating...
|leave|bellicose
|player|p1
|raw|Ladder (probably) updated, but score could not be retrieved (timeout).
|raw|Ladder (probably) updated, but score could not be retrieved (Error: socket hang up).