|join|BusMusk
|join|Angels cry
|player|p1|BusMusk|145
|player|p2|Angels cry|269
|gametype|singles
|gen|6
|tier|OU
|rated
|clearpoke
|poke|p1|Kyurem-Black
|poke|p1|Heatran, M
|poke|p1|Gyarados, F
|poke|p1|Mew
|poke|p1|Azumarill, F
|poke|p1|Garchomp, M
|poke|p2|Gliscor, M
|poke|p2|Chansey, F
|poke|p2|Zapdos
|poke|p2|Clefable, M
|poke|p2|Scizor, F
|poke|p2|Slowbro, M
|rule|Swagger Clause: Swagger is banned
|rule|Baton Pass Clause: Limit one PokÃ©mon knowing Baton Pass
|rule|Sleep Clause Mod: Limit one foe put to sleep
|rule|Species Clause: Limit one of each PokÃ©mon
|rule|OHKO Clause: OHKO moves are banned
|rule|Moody Clause: Moody is banned
|rule|Evasion Moves Clause: Evasion moves are banned
|rule|Endless Battle Clause: Forcing endless battles is banned
|rule|HP Percentage Mod: HP is shown in percentages
|teampreview
|
|start
|switch|p1a: Heatran|Heatran, M|386\/386
|switch|p2a: Slowbro|Slowbro, M|394\/394
|-item|p1a: Heatran|Air Balloon
|turn|1
|
|switch|p1a: Mew|Mew|404\/404
|move|p2a: Slowbro|Scald|p1a: Mew
|-damage|p1a: Mew|316\/404
|-status|p1a: Mew|brn
|-status|p2a: Slowbro|brn
|
|-heal|p1a: Mew|341\/404 brn|[from] item: Leftovers
|-damage|p1a: Mew|291\/404 brn|[from] brn
|-damage|p2a: Slowbro|345\/394 brn|[from] brn
|turn|2
|
|switch|p2a: Clefable|Clefable, M|394\/394
|move|p1a: Mew|Knock Off|p2a: Clefable
|-resisted|p2a: Clefable
|-damage|p2a: Clefable|376\/394
|-enditem|p2a: Clefable|Leftovers|[from] move: Knock Off|[of] p1a: Mew
|
|-heal|p1a: Mew|316\/404 brn|[from] item: Leftovers
|-damage|p1a: Mew|266\/404 brn|[from] brn
|turn|3
|
|move|p1a: Mew|Taunt|p2a: Clefable
|-start|p2a: Clefable|move: Taunt
|cant|p2a: Clefable|move: Taunt|Thunder Wave
|
|-heal|p1a: Mew|291\/404 brn|[from] item: Leftovers
|-damage|p1a: Mew|241\/404 brn|[from] brn
|turn|4
|
|move|p1a: Mew|Soft-Boiled|p1a: Mew
|-heal|p1a: Mew|404\/404 brn
|move|p2a: Clefable|Moonblast|p1a: Mew
|-damage|p1a: Mew|299\/404 brn
|
|-heal|p1a: Mew|324\/404 brn|[from] item: Leftovers
|-damage|p1a: Mew|274\/404 brn|[from] brn
|turn|5
|
|move|p1a: Mew|Will-O-Wisp|p2a: Clefable
|-status|p2a: Clefable|brn
|move|p2a: Clefable|Moonblast|p1a: Mew
|-crit|p1a: Mew
|-damage|p1a: Mew|105\/404 brn
|-unboost|p1a: Mew|spa|1
|
|-heal|p1a: Mew|130\/404 brn|[from] item: Leftovers
|-damage|p1a: Mew|80\/404 brn|[from] brn
|-damage|p2a: Clefable|327\/394 brn|[from] brn
|-end|p2a: Clefable|move: Taunt
|turn|6
|
|move|p1a: Mew|Soft-Boiled|p1a: Mew
|-heal|p1a: Mew|282\/404 brn
|move|p2a: Clefable|Calm Mind|p2a: Clefable
|-boost|p2a: Clefable|spa|1
|-boost|p2a: Clefable|spd|1
|
|-heal|p1a: Mew|307\/404 brn|[from] item: Leftovers
|-damage|p1a: Mew|257\/404 brn|[from] brn
|-damage|p2a: Clefable|278\/394 brn|[from] brn
|turn|7
|
|move|p1a: Mew|Taunt|p2a: Clefable
|-start|p2a: Clefable|move: Taunt
|move|p2a: Clefable|Moonblast|p1a: Mew
|-damage|p1a: Mew|83\/404 brn
|
|-heal|p1a: Mew|108\/404 brn|[from] item: Leftovers
|-damage|p1a: Mew|58\/404 brn|[from] brn
|-damage|p2a: Clefable|229\/394 brn|[from] brn
|turn|8
|
|move|p1a: Mew|Soft-Boiled|p1a: Mew
|-heal|p1a: Mew|260\/404 brn
|move|p2a: Clefable|Moonblast|p1a: Mew
|-crit|p1a: Mew
|-damage|p1a: Mew|10\/404 brn
|
|-heal|p1a: Mew|35\/404 brn|[from] item: Leftovers
|-damage|p1a: Mew|0 fnt|[from] brn
|-damage|p2a: Clefable|180\/394 brn|[from] brn
|faint|p1a: Mew
|
|switch|p1a: Azumarill|Azumarill, F|404\/404
|turn|9
|
|switch|p2a: Slowbro|Slowbro, M|394\/394 brn
|move|p1a: Azumarill|Belly Drum|p1a: Azumarill
|-damage|p1a: Azumarill|202\/404
|-setboost|p1a: Azumarill|atk|6|[from] move: Belly Drum
|-enditem|p1a: Azumarill|Sitrus Berry|[eat]
|-heal|p1a: Azumarill|303\/404|[from] item: Sitrus Berry
|
|-damage|p2a: Slowbro|345\/394 brn|[from] brn
|turn|10
|
|move|p1a: Azumarill|Play Rough|p2a: Slowbro
|-damage|p2a: Slowbro|0 fnt
|faint|p2a: Slowbro
|
|
|switch|p2a: Zapdos|Zapdos|384\/384
|-ability|p2a: Zapdos|Pressure
|turn|11
|
|move|p1a: Azumarill|Aqua Jet|p2a: Zapdos
|-damage|p2a: Zapdos|108\/384
|move|p2a: Zapdos|Thunderbolt|p1a: Azumarill
|-supereffective|p1a: Azumarill
|-damage|p1a: Azumarill|15\/404
|
|-heal|p2a: Zapdos|132\/384|[from] item: Leftovers
|turn|12
|
|move|p1a: Azumarill|Aqua Jet|p2a: Zapdos
|-damage|p2a: Zapdos|0 fnt
|faint|p2a: Zapdos
|
|
|switch|p2a: Scizor|Scizor, F|342\/342
|turn|13
|
|switch|p1a: Garchomp|Garchomp, M|420\/420
|detailschange|p2a: Scizor|Scizor-Mega, F
|message|Scizor has Mega Evolved into Mega Scizor!
|move|p2a: Scizor|Bullet Punch|p1a: Garchomp
|-damage|p1a: Garchomp|335\/420
|-damage|p2a: Scizor|300\/342|[from] ability: Rough Skin|[of] p1a: Garchomp
|-damage|p2a: Scizor|243\/342|[from] item: Rocky Helmet|[of] p1a: Garchomp
|
|turn|14
|
|switch|p2a: Gliscor|Gliscor, M|354\/354
|move|p1a: Garchomp|Dragon Tail|p2a: Gliscor
|-damage|p2a: Gliscor|285\/354
|drag|p2a: Clefable|Clefable, M|180\/394 brn
|
|-damage|p2a: Clefable|131\/394 brn|[from] brn
|turn|15
|
|move|p1a: Garchomp|Earthquake|p2a: Clefable
|-damage|p2a: Clefable|0 fnt
|faint|p2a: Clefable
|
|
|switch|p2a: Gliscor|Gliscor, M|285\/354
|turn|16
|
|switch|p1a: Heatran|Heatran, M|386\/386
|-item|p1a: Heatran|Air Balloon
|move|p2a: Gliscor|Knock Off|p1a: Heatran
|-damage|p1a: Heatran|317\/386
|-enditem|p1a: Heatran|Air Balloon
|
|-status|p2a: Gliscor|tox|[from] item: Toxic Orb
|turn|17
|
|move|p1a: Heatran|Fire Blast|p2a: Gliscor
|-damage|p2a: Gliscor|134\/354 tox
|move|p2a: Gliscor|Earthquake|p1a: Heatran
|-supereffective|p1a: Heatran
|-damage|p1a: Heatran|0 fnt
|faint|p1a: Heatran
|
|-heal|p2a: Gliscor|178\/354 tox|[from] ability: Poison Heal
|
|switch|p1a: Gyarados|Gyarados, F|341\/341
|-ability|p1a: Gyarados|Intimidate|[of] p2a: Gliscor
|-unboost|p2a: Gliscor|atk|1
|turn|18
|
|detailschange|p1a: Gyarados|Gyarados-Mega, F
|message|Gyarados has Mega Evolved into Mega Gyarados!
|-ability|p1a: Gyarados|Mold Breaker
|move|p1a: Gyarados|Waterfall|p2a: Gliscor
|-supereffective|p2a: Gliscor
|-damage|p2a: Gliscor|0 fnt
|faint|p2a: Gliscor
|
|
|switch|p2a: Chansey|Chansey, F|704\/704
|turn|19
|
|move|p1a: Gyarados|Dragon Dance|p1a: Gyarados
|-boost|p1a: Gyarados|atk|1
|-boost|p1a: Gyarados|spe|1
|move|p2a: Chansey|Thunder Wave|p1a: Gyarados
|-status|p1a: Gyarados|par
|
|turn|20
|
|move|p2a: Chansey|Stealth Rock|p1a: Gyarados
|-sidestart|p1: BusMusk|move: Stealth Rock
|move|p1a: Gyarados|Waterfall|p2a: Chansey
|-damage|p2a: Chansey|367\/704
|
|turn|21
|
|move|p2a: Chansey|Soft-Boiled|p2a: Chansey
|-heal|p2a: Chansey|704\/704
|move|p1a: Gyarados|Dragon Dance|p1a: Gyarados
|-boost|p1a: Gyarados|atk|1
|-boost|p1a: Gyarados|spe|1
|
|turn|22
|
|move|p2a: Chansey|Seismic Toss|p1a: Gyarados
|-damage|p1a: Gyarados|241\/341 par
|cant|p1a: Gyarados|par
|
|turn|23
|
|move|p2a: Chansey|Seismic Toss|p1a: Gyarados
|-damage|p1a: Gyarados|141\/341 par
|move|p1a: Gyarados|Waterfall|p2a: Chansey
|-damage|p2a: Chansey|271\/704
|
|turn|24
|
|move|p2a: Chansey|Soft-Boiled|p2a: Chansey
|-heal|p2a: Chansey|623\/704
|move|p1a: Gyarados|Dragon Dance|p1a: Gyarados
|-boost|p1a: Gyarados|atk|1
|-boost|p1a: Gyarados|spe|1
|
|turn|25
|
|move|p1a: Gyarados|Waterfall|p2a: Chansey
|-crit|p2a: Chansey
|-damage|p2a: Chansey|0 fnt
|faint|p2a: Chansey
|
|
|switch|p2a: Scizor|Scizor-Mega, F|243\/342
|turn|26
|
|move|p2a: Scizor|Superpower|p1a: Gyarados
|-supereffective|p1a: Gyarados
|-damage|p1a: Gyarados|0 fnt
|-unboost|p2a: Scizor|atk|1
|-unboost|p2a: Scizor|def|1
|faint|p1a: Gyarados
|
|
|switch|p1a: Garchomp|Garchomp, M|335\/420
|-damage|p1a: Garchomp|309\/420|[from] Stealth Rock
|turn|27
|
|move|p1a: Garchomp|Fire Blast|p2a: Scizor
|-supereffective|p2a: Scizor
|-damage|p2a: Scizor|11\/342
|move|p2a: Scizor|Swords Dance|p2a: Scizor
|-boost|p2a: Scizor|atk|2
|
|turn|28
|c|âBusMusk|gg
|
|move|p1a: Garchomp|Earthquake|p2a: Scizor
|-damage|p2a: Scizor|0 fnt
|faint|p2a: Scizor
|
|win|BusMusk
|raw|Ladder updating...
|raw|BusMusk's rating: 1649 &rarr; <strong>1673<\/strong><br \/>(+24 for winning)
|raw|Angels cry's rating: 1720 &rarr; <strong>1696<\/strong><br \/>(-24 for losing)