|join|kidgotowned
|join|Angels cry
|player|p1|kidgotowned|1
|player|p2|Angels cry|250
|gametype|singles
|gen|6
|tier|OU
|rated
|clearpoke
|poke|p1|Scizor, M
|poke|p1|Azelf
|poke|p1|Landorus, M
|poke|p1|Azumarill, F
|poke|p1|Breloom, M
|poke|p1|Greninja, F
|poke|p2|Gliscor, F
|poke|p2|Chansey, F
|poke|p2|Zapdos
|poke|p2|Ditto
|poke|p2|Scizor, F
|poke|p2|Gothitelle, M
|rule|Swagger Clause: Swagger is banned
|rule|Baton Pass Clause: Limit one PokÃ©mon knowing Baton Pass
|rule|Sleep Clause Mod: Limit one foe put to sleep
|rule|Species Clause: Limit one of each PokÃ©mon
|rule|OHKO Clause: OHKO moves are banned
|rule|Moody Clause: Moody is banned
|rule|Evasion Moves Clause: Evasion moves are banned
|rule|Endless Battle Clause: Forcing endless battles is banned
|rule|HP Percentage Mod: HP is shown in percentages
|teampreview
|join|Outrageous Fortune
|
|start
|switch|p1a: Scizor|Scizor, M|311\/311
|switch|p2a: Gothitelle|Gothitelle, M|282\/282
|turn|1
|
|switch|p2a: Zapdos|Zapdos|384\/384
|-ability|p2a: Zapdos|Pressure
|detailschange|p1a: Scizor|Scizor-Mega, M
|message|Scizor has Mega Evolved into Mega Scizor!
|move|p1a: Scizor|Bug Bite|p2a: Zapdos
|-resisted|p2a: Zapdos
|-damage|p2a: Zapdos|312\/384
|
|-heal|p2a: Zapdos|336\/384|[from] item: Leftovers
|turn|2
|
|switch|p1a: Azelf|Azelf|291\/291
|move|p2a: Zapdos|Thunderbolt|p1a: Azelf
|-damage|p1a: Azelf|111\/291
|
|-heal|p2a: Zapdos|360\/384|[from] item: Leftovers
|turn|3
|
|move|p1a: Azelf|Stealth Rock|p2a: Zapdos
|-sidestart|p2: Angels cry|move: Stealth Rock
|move|p2a: Zapdos|Thunderbolt|p1a: Azelf
|-damage|p1a: Azelf|0 fnt
|faint|p1a: Azelf
|
|-heal|p2a: Zapdos|384\/384|[from] item: Leftovers
|
|switch|p1a: Greninja|Greninja, F|286\/286
|turn|4
|
|move|p1a: Greninja|Ice Beam|p2a: Zapdos
|-start|p1a: Greninja|typechange|Ice|[from] Protean
|-supereffective|p2a: Zapdos
|-damage|p2a: Zapdos|25\/384
|-damage|p1a: Greninja|258\/286|[from] item: Life Orb
|move|p2a: Zapdos|Defog|p1a: Greninja
|-unboost|p1a: Greninja|evasion|1
|-sideend|p2: Angels cry|Stealth Rock|[from] move: Defog|[of] p2a: Zapdos
|
|-heal|p2a: Zapdos|49\/384|[from] item: Leftovers
|turn|5
|
|switch|p2a: Chansey|Chansey, F|704\/704
|move|p1a: Greninja|Hidden Power|p2a: Chansey
|-start|p1a: Greninja|typechange|Fire|[from] Protean
|-damage|p2a: Chansey|622\/704
|-damage|p1a: Greninja|230\/286|[from] item: Life Orb
|
|turn|6
|
|switch|p1a: Scizor|Scizor-Mega, M|311\/311
|move|p2a: Chansey|Seismic Toss|p1a: Scizor
|-damage|p1a: Scizor|211\/311
|
|turn|7
|
|switch|p2a: Gliscor|Gliscor, F|354\/354
|move|p1a: Scizor|Swords Dance|p1a: Scizor
|-boost|p1a: Scizor|atk|2
|
|-status|p2a: Gliscor|tox|[from] item: Toxic Orb
|turn|8
|
|move|p1a: Scizor|Bullet Punch|p2a: Gliscor
|-damage|p2a: Gliscor|167\/354 tox
|move|p2a: Gliscor|Earthquake|p1a: Scizor
|-damage|p1a: Scizor|121\/311
|
|-heal|p2a: Gliscor|211\/354 tox|[from] ability: Poison Heal
|turn|9
|
|switch|p2a: Scizor|Scizor, F|342\/342
|move|p1a: Scizor|Bullet Punch|p2a: Scizor
|-resisted|p2a: Scizor
|-damage|p2a: Scizor|235\/342
|
|turn|10
|
|detailschange|p2a: Scizor|Scizor-Mega, F
|message|Scizor has Mega Evolved into Mega Scizor!
|move|p1a: Scizor|Superpower|p2a: Scizor
|-damage|p2a: Scizor|32\/342
|-unboost|p1a: Scizor|atk|1
|-unboost|p1a: Scizor|def|1
|move|p2a: Scizor|Roost|p2a: Scizor
|-heal|p2a: Scizor|203\/342
|
|turn|11
|c|âkidgotowned|k
|join|aaaaasds
|
|move|p1a: Scizor|Superpower|p2a: Scizor
|-damage|p2a: Scizor|43\/342
|-unboost|p1a: Scizor|atk|1
|-unboost|p1a: Scizor|def|1
|move|p2a: Scizor|Superpower|p1a: Scizor
|-damage|p1a: Scizor|0 fnt
|-unboost|p2a: Scizor|atk|1
|-unboost|p2a: Scizor|def|1
|faint|p1a: Scizor
|
|
|switch|p1a: Azumarill|Azumarill, F|401\/401
|turn|12
|
|move|p1a: Azumarill|Aqua Jet|p2a: Scizor
|-crit|p2a: Scizor
|-damage|p2a: Scizor|0 fnt
|faint|p2a: Scizor
|
|
|switch|p2a: Gliscor|Gliscor, F|211\/354 tox
|turn|13
|
|move|p2a: Gliscor|Toxic|p1a: Azumarill|[miss]
|-miss|p2a: Gliscor|p1a: Azumarill
|move|p1a: Azumarill|Waterfall|p2a: Gliscor
|-supereffective|p2a: Gliscor
|-damage|p2a: Gliscor|0 fnt
|faint|p2a: Gliscor
|
|
|switch|p2a: Ditto|Ditto|300\/300
|-transform|p2a: Ditto|p1a: Azumarill
|turn|14
|
|switch|p1a: Greninja|Greninja, F|230\/286
|move|p2a: Ditto|Play Rough|p1a: Greninja
|-supereffective|p1a: Greninja
|-damage|p1a: Greninja|0 fnt
|faint|p1a: Greninja
|
|
|switch|p1a: Breloom|Breloom, M|262\/262
|turn|15
|
|switch|p2a: Zapdos|Zapdos|49\/384
|-ability|p2a: Zapdos|Pressure
|move|p1a: Breloom|Bullet Seed|p2a: Zapdos
|-resisted|p2a: Zapdos
|-damage|p2a: Zapdos|24\/384
|-resisted|p2a: Zapdos
|-damage|p2a: Zapdos|0 fnt
|-hitcount|p2a: Zapdos|2
|faint|p2a: Zapdos
|
|
|switch|p2a: Gothitelle|Gothitelle, M|282\/282
|turn|16
|
|move|p2a: Gothitelle|Trick|p1a: Breloom
|-activate|p2a: Gothitelle|move: Trick|[of] p1a: Breloom
|-item|p1a: Breloom|Choice Scarf|[from] move: Trick
|-item|p2a: Gothitelle|Focus Sash|[from] move: Trick
|move|p1a: Breloom|Bullet Seed|p2a: Gothitelle
|-damage|p2a: Gothitelle|213\/282
|-damage|p2a: Gothitelle|144\/282
|-hitcount|p2a: Gothitelle|2
|
|turn|17
|
|switch|p2a: Ditto|Ditto|300\/300
|-transform|p2a: Ditto|p1a: Breloom
|move|p1a: Breloom|Bullet Seed|p2a: Ditto
|-resisted|p2a: Ditto
|-damage|p2a: Ditto|262\/300
|-resisted|p2a: Ditto
|-damage|p2a: Ditto|220\/300
|-resisted|p2a: Ditto
|-damage|p2a: Ditto|181\/300
|-hitcount|p2a: Ditto|3
|
|turn|18
|c| aaaaasds|ok?
|c| aaaaasds|nice move
|
|move|p2a: Ditto|Mach Punch|p1a: Breloom
|-damage|p1a: Breloom|124\/262
|move|p1a: Breloom|Bullet Seed|p2a: Ditto
|-resisted|p2a: Ditto
|-damage|p2a: Ditto|143\/300
|-resisted|p2a: Ditto
|-damage|p2a: Ditto|103\/300
|-hitcount|p2a: Ditto|2
|
|turn|19
|c|âkidgotowned|luck
|c|âkidgotowned|2 hits
|c|âkidgotowned|what the fuck
|
|switch|p1a: Azumarill|Azumarill, F|401\/401
|switch|p2a: Gothitelle|Gothitelle, M|144\/282
|
|turn|20
|c|âkidgotowned|good idea
|
|move|p2a: Gothitelle|Psychic|p1a: Azumarill
|-damage|p1a: Azumarill|307\/401
|move|p1a: Azumarill|Knock Off|p2a: Gothitelle
|-crit|p2a: Gothitelle
|-supereffective|p2a: Gothitelle
|-damage|p2a: Gothitelle|0 fnt
|-enditem|p2a: Gothitelle|Focus Sash|[from] move: Knock Off|[of] p1a: Azumarill
|faint|p2a: Gothitelle
|
|
|switch|p2a: Ditto|Ditto|103\/300
|-transform|p2a: Ditto|p1a: Azumarill
|turn|21
|
|move|p2a: Ditto|Play Rough|p1a: Azumarill
|-damage|p1a: Azumarill|70\/401
|move|p1a: Azumarill|Play Rough|p2a: Ditto
|-damage|p2a: Ditto|0 fnt
|faint|p2a: Ditto
|
|
|switch|p2a: Chansey|Chansey, F|622\/704
|turn|22
|
|move|p1a: Azumarill|Knock Off|p2a: Chansey
|-damage|p2a: Chansey|436\/704
|-enditem|p2a: Chansey|Eviolite|[from] move: Knock Off|[of] p1a: Azumarill
|move|p2a: Chansey|Soft-Boiled|p2a: Chansey
|-heal|p2a: Chansey|704\/704
|
|turn|23
|c|âkidgotowned|wtf
|c|âkidgotowned|ok
|
|move|p2a: Chansey|Seismic Toss|p1a: Azumarill
|-damage|p1a: Azumarill|0 fnt
|faint|p1a: Azumarill
|
|c|âkidgotowned|>
|
|switch|p1a: Landorus|Landorus, M|320\/320
|turn|24
|
|move|p1a: Landorus|Focus Blast|p2a: Chansey
|-supereffective|p2a: Chansey
|-damage|p2a: Chansey|254\/704
|move|p2a: Chansey|Seismic Toss|p1a: Landorus
|-damage|p1a: Landorus|220\/320
|
|turn|25
|join|mouse de frank
|
|move|p1a: Landorus|Focus Blast|p2a: Chansey
|-supereffective|p2a: Chansey
|-damage|p2a: Chansey|0 fnt
|faint|p2a: Chansey
|
|win|kidgotowned
|raw|Ladder updating...
|raw|kidgotowned's rating: 1726 &rarr; <strong>1745<\/strong><br \/>(+19 for winning)
|raw|Angels cry's rating: 1719 &rarr; <strong>1700<\/strong><br \/>(-19 for losing)
|c|âkidgotowned|kid got owned