|join|zeefus
|join|Angels cry
|player|p1|zeefus|167
|player|p2|Angels cry|269
|gametype|singles
|gen|6
|tier|OU
|rated
|clearpoke
|poke|p1|Forretress, F
|poke|p1|Tyranitar, M
|poke|p1|Scizor, F
|poke|p1|Landorus, M
|poke|p1|Ditto
|poke|p1|Bisharp, M
|poke|p2|Heatran, F
|poke|p2|Clefable, F
|poke|p2|Chansey, F
|poke|p2|Gliscor, M
|poke|p2|Skarmory, M
|poke|p2|Slowbro, F
|rule|Swagger Clause: Swagger is banned
|rule|Baton Pass Clause: Limit one PokÃ©mon knowing Baton Pass
|rule|Sleep Clause Mod: Limit one foe put to sleep
|rule|Species Clause: Limit one of each PokÃ©mon
|rule|OHKO Clause: OHKO moves are banned
|rule|Moody Clause: Moody is banned
|rule|Evasion Moves Clause: Evasion moves are banned
|rule|Endless Battle Clause: Forcing endless battles is banned
|rule|HP Percentage Mod: HP is shown in percentages
|teampreview
|
|start
|switch|p1a: Tyranitar|Tyranitar, M|404\/404
|switch|p2a: Gliscor|Gliscor, M|354\/354
|-weather|Sandstorm
|turn|1
|
|switch|p1a: Landorus|Landorus, M|320\/320
|move|p2a: Gliscor|Taunt|p1a: Landorus
|-start|p1a: Landorus|move: Taunt
|
|-weather|Sandstorm|[upkeep]
|-status|p2a: Gliscor|tox|[from] item: Toxic Orb
|turn|2
|
|move|p1a: Landorus|Hidden Power|p2a: Gliscor
|-supereffective|p2a: Gliscor
|-damage|p2a: Gliscor|26\/354 tox
|-damage|p1a: Landorus|288\/320|[from] item: Life Orb
|move|p2a: Gliscor|Knock Off|p1a: Landorus
|-damage|p1a: Landorus|206\/320
|-enditem|p1a: Landorus|Life Orb|[from] move: Knock Off|[of] p2a: Gliscor
|
|-weather|Sandstorm|[upkeep]
|-heal|p2a: Gliscor|70\/354 tox|[from] ability: Poison Heal
|turn|3
|
|switch|p2a: Chansey|Chansey, F|704\/704
|move|p1a: Landorus|Focus Blast|p2a: Chansey
|-supereffective|p2a: Chansey
|-damage|p2a: Chansey|504\/704
|
|-weather|Sandstorm|[upkeep]
|-damage|p2a: Chansey|460\/704|[from] sandstorm
|turn|4
|
|switch|p1a: Scizor|Scizor, F|344\/344
|move|p2a: Chansey|Wish|p2a: Chansey
|
|-weather|Sandstorm|[upkeep]
|-damage|p2a: Chansey|416\/704|[from] sandstorm
|turn|5
|
|switch|p2a: Skarmory|Skarmory, M|334\/334
|move|p1a: Scizor|U-turn|p2a: Skarmory
|-resisted|p2a: Skarmory
|-damage|p2a: Skarmory|303\/334
|
|switch|p1a: Bisharp|Bisharp, M|334\/334
|
|-weather|none
|-heal|p2a: Skarmory|334\/334|[from] move: Wish|[wisher] Chansey
|turn|6
|
|move|p1a: Bisharp|Swords Dance|p1a: Bisharp
|-boost|p1a: Bisharp|atk|2
|move|p2a: Skarmory|Spikes|p1a: Bisharp
|-sidestart|p1: zeefus|Spikes
|
|turn|7
|
|move|p1a: Bisharp|Knock Off|p2a: Skarmory
|-damage|p2a: Skarmory|64\/334
|-enditem|p2a: Skarmory|Shed Shell|[from] move: Knock Off|[of] p1a: Bisharp
|-damage|p1a: Bisharp|301\/334|[from] item: Life Orb
|move|p2a: Skarmory|Whirlwind|p1a: Bisharp
|drag|p1a: Ditto|Ditto|300\/300
|-damage|p1a: Ditto|263\/300|[from] Spikes
|-transform|p1a: Ditto|p2a: Skarmory
|
|turn|8
|
|move|p1a: Ditto|Spikes|p2a: Skarmory
|-sidestart|p2: Angels cry|Spikes
|move|p2a: Skarmory|Roost|p2a: Skarmory
|-heal|p2a: Skarmory|231\/334
|
|turn|9
|
|move|p1a: Ditto|Spikes|p2a: Skarmory
|-sidestart|p2: Angels cry|Spikes
|move|p2a: Skarmory|Roost|p2a: Skarmory
|-heal|p2a: Skarmory|334\/334
|
|turn|10
|
|move|p1a: Ditto|Spikes|p2a: Skarmory
|-sidestart|p2: Angels cry|Spikes
|move|p2a: Skarmory|Defog|p1a: Ditto
|-unboost|p1a: Ditto|evasion|1
|-sideend|p1: zeefus|Spikes|[from] move: Defog|[of] p1a: Ditto
|-sideend|p2: Angels cry|Spikes|[from] move: Defog|[of] p2a: Skarmory
|
|turn|11
|
|switch|p1a: Bisharp|Bisharp, M|301\/334
|move|p2a: Skarmory|Spikes|p1a: Bisharp
|-sidestart|p1: zeefus|Spikes
|
|turn|12
|
|move|p1a: Bisharp|Knock Off|p2a: Skarmory
|-damage|p2a: Skarmory|237\/334
|-damage|p1a: Bisharp|268\/334|[from] item: Life Orb
|move|p2a: Skarmory|Whirlwind|p1a: Bisharp
|drag|p1a: Tyranitar|Tyranitar, M|404\/404
|-damage|p1a: Tyranitar|354\/404|[from] Spikes
|-weather|Sandstorm
|
|-weather|Sandstorm|[upkeep]
|turn|13
|
|detailschange|p1a: Tyranitar|Tyranitar-Mega, M
|message|Tyranitar has Mega Evolved into Mega Tyranitar!
|move|p2a: Skarmory|Spikes|p1a: Tyranitar
|-sidestart|p1: zeefus|Spikes
|move|p1a: Tyranitar|Stone Edge|p2a: Skarmory
|-damage|p2a: Skarmory|116\/334
|
|-weather|Sandstorm|[upkeep]
|turn|14
|
|switch|p2a: Clefable|Clefable, F|394\/394
|move|p1a: Tyranitar|Crunch|p2a: Clefable
|-resisted|p2a: Clefable
|-damage|p2a: Clefable|323\/394
|
|-weather|Sandstorm|[upkeep]
|-damage|p2a: Clefable|299\/394|[from] sandstorm
|-heal|p2a: Clefable|323\/394|[from] item: Leftovers
|turn|15
|
|switch|p1a: Landorus|Landorus, M|206\/320
|move|p2a: Clefable|Thunder Wave|p1a: Landorus
|-immune|p1a: Landorus|[msg]
|
|-weather|Sandstorm|[upkeep]
|-damage|p2a: Clefable|299\/394|[from] sandstorm
|-heal|p2a: Clefable|323\/394|[from] item: Leftovers
|turn|16
|
|switch|p2a: Chansey|Chansey, F|416\/704
|move|p1a: Landorus|Sludge Bomb|p2a: Chansey
|-damage|p2a: Chansey|332\/704
|
|-weather|none
|turn|17
|
|move|p1a: Landorus|Focus Blast|p2a: Chansey|[miss]
|-miss|p1a: Landorus|p2a: Chansey
|move|p2a: Chansey|Soft-Boiled|p2a: Chansey
|-heal|p2a: Chansey|684\/704
|
|turn|18
|
|switch|p1a: Forretress|Forretress, F|352\/352
|-damage|p1a: Forretress|294\/352|[from] Spikes
|move|p2a: Chansey|Wish|p2a: Chansey
|
|turn|19
|
|switch|p2a: Gliscor|Gliscor, M|70\/354 tox
|move|p1a: Forretress|Stealth Rock|p2a: Gliscor
|-sidestart|p2: Angels cry|move: Stealth Rock
|
|-heal|p2a: Gliscor|354\/354 tox|[from] move: Wish|[wisher] Chansey
|turn|20
|
|move|p2a: Gliscor|Knock Off|p1a: Forretress
|-damage|p1a: Forretress|252\/352
|-enditem|p1a: Forretress|Mental Herb|[from] move: Knock Off|[of] p2a: Gliscor
|move|p1a: Forretress|Rapid Spin|p2a: Gliscor
|-damage|p2a: Gliscor|342\/354 tox
|-sideend|p1: zeefus|Spikes|[from] move: Rapid Spin|[of] p1a: Forretress
|
|-heal|p2a: Gliscor|354\/354 tox|[from] ability: Poison Heal
|turn|21
|
|switch|p1a: Landorus|Landorus, M|206\/320
|move|p2a: Gliscor|Taunt|p1a: Landorus
|-start|p1a: Landorus|move: Taunt
|
|turn|22
|
|switch|p1a: Bisharp|Bisharp, M|268\/334
|switch|p2a: Chansey|Chansey, F|684\/704
|-damage|p2a: Chansey|596\/704|[from] Stealth Rock
|
|turn|23
|
|switch|p2a: Gliscor|Gliscor, M|354\/354 tox
|-damage|p2a: Gliscor|310\/354 tox|[from] Stealth Rock
|move|p1a: Bisharp|Swords Dance|p1a: Bisharp
|-boost|p1a: Bisharp|atk|2
|
|-heal|p2a: Gliscor|354\/354 tox|[from] ability: Poison Heal
|turn|24
|
|move|p1a: Bisharp|Sucker Punch|p2a: Gliscor
|-damage|p2a: Gliscor|50\/354 tox
|-damage|p1a: Bisharp|235\/334|[from] item: Life Orb
|move|p2a: Gliscor|Earthquake|p1a: Bisharp
|-supereffective|p1a: Bisharp
|-damage|p1a: Bisharp|19\/334
|
|-heal|p2a: Gliscor|94\/354 tox|[from] ability: Poison Heal
|turn|25
|
|switch|p2a: Heatran|Heatran, F|386\/386
|-damage|p2a: Heatran|338\/386|[from] Stealth Rock
|move|p1a: Bisharp|Knock Off|p2a: Heatran
|-damage|p2a: Heatran|0 fnt
|-enditem|p2a: Heatran|Leftovers|[from] move: Knock Off|[of] p1a: Bisharp
|-damage|p1a: Bisharp|0 fnt|[from] item: Life Orb
|faint|p2a: Heatran
|faint|p1a: Bisharp
|
|
|switch|p1a: Landorus|Landorus, M|206\/320
|switch|p2a: Chansey|Chansey, F|596\/704
|-damage|p2a: Chansey|508\/704|[from] Stealth Rock
|turn|26
|
|switch|p1a: Tyranitar|Tyranitar-Mega, M|354\/404
|-weather|Sandstorm
|move|p2a: Chansey|Wish|p2a: Chansey
|
|-weather|Sandstorm|[upkeep]
|-damage|p2a: Chansey|464\/704|[from] sandstorm
|turn|27
|
|switch|p2a: Clefable|Clefable, F|323\/394
|-damage|p2a: Clefable|274\/394|[from] Stealth Rock
|move|p1a: Tyranitar|Stone Edge|p2a: Clefable
|-damage|p2a: Clefable|94\/394
|
|-weather|Sandstorm|[upkeep]
|-damage|p2a: Clefable|70\/394|[from] sandstorm
|-heal|p2a: Clefable|394\/394|[from] move: Wish|[wisher] Chansey
|turn|28
|
|switch|p1a: Scizor|Scizor, F|344\/344
|move|p2a: Clefable|Moonblast|p1a: Scizor
|-resisted|p1a: Scizor
|-damage|p1a: Scizor|274\/344
|
|-weather|Sandstorm|[upkeep]
|-damage|p2a: Clefable|370\/394|[from] sandstorm
|-heal|p2a: Clefable|394\/394|[from] item: Leftovers
|turn|29
|
|move|p1a: Scizor|U-turn|p2a: Clefable
|-resisted|p2a: Clefable
|-damage|p2a: Clefable|301\/394
|
|switch|p1a: Forretress|Forretress, F|252\/352
|move|p2a: Clefable|Moonlight|p2a: Clefable
|-heal|p2a: Clefable|394\/394
|
|-weather|Sandstorm|[upkeep]
|-damage|p2a: Clefable|370\/394|[from] sandstorm
|-heal|p2a: Clefable|394\/394|[from] item: Leftovers
|turn|30
|
|switch|p2a: Skarmory|Skarmory, M|116\/334
|-damage|p2a: Skarmory|75\/334|[from] Stealth Rock
|move|p1a: Forretress|Explosion|p2a: Skarmory
|-resisted|p2a: Skarmory
|-damage|p2a: Skarmory|27\/334
|faint|p1a: Forretress
|
|-weather|none
|
|switch|p1a: Scizor|Scizor, F|274\/344
|turn|31
|
|move|p1a: Scizor|Bullet Punch|p2a: Skarmory
|-resisted|p2a: Skarmory
|-damage|p2a: Skarmory|0 fnt
|faint|p2a: Skarmory
|
|
|switch|p2a: Slowbro|Slowbro, F|394\/394
|-damage|p2a: Slowbro|345\/394|[from] Stealth Rock
|turn|32
|
|switch|p1a: Ditto|Ditto|263\/300
|-transform|p1a: Ditto|p2a: Slowbro
|detailschange|p2a: Slowbro|Slowbro-Mega, F
|message|Slowbro has Mega Evolved into Mega Slowbro!
|move|p2a: Slowbro|Calm Mind|p2a: Slowbro
|-boost|p2a: Slowbro|spa|1
|-boost|p2a: Slowbro|spd|1
|
|turn|33
|
|switch|p1a: Scizor|Scizor, F|274\/344
|move|p2a: Slowbro|Calm Mind|p2a: Slowbro
|-boost|p2a: Slowbro|spa|1
|-boost|p2a: Slowbro|spd|1
|
|turn|34
|
|move|p1a: Scizor|U-turn|p2a: Slowbro
|-supereffective|p2a: Slowbro
|-damage|p2a: Slowbro|153\/394
|
|switch|p1a: Landorus|Landorus, M|206\/320
|move|p2a: Slowbro|Slack Off|p2a: Slowbro
|-heal|p2a: Slowbro|350\/394
|
|turn|35
|
|switch|p1a: Tyranitar|Tyranitar-Mega, M|354\/404
|-weather|Sandstorm
|move|p2a: Slowbro|Scald|p1a: Tyranitar
|-supereffective|p1a: Tyranitar
|-damage|p1a: Tyranitar|126\/404
|-status|p1a: Tyranitar|brn
|
|-weather|Sandstorm|[upkeep]
|-damage|p2a: Slowbro|326\/394|[from] sandstorm
|-damage|p1a: Tyranitar|76\/404 brn|[from] brn
|turn|36
|
|move|p1a: Tyranitar|Crunch|p2a: Slowbro
|-supereffective|p2a: Slowbro
|-damage|p2a: Slowbro|248\/394
|-unboost|p2a: Slowbro|def|1
|move|p2a: Slowbro|Calm Mind|p2a: Slowbro
|-boost|p2a: Slowbro|spa|1
|-boost|p2a: Slowbro|spd|1
|
|-weather|Sandstorm|[upkeep]
|-damage|p2a: Slowbro|224\/394|[from] sandstorm
|-damage|p1a: Tyranitar|26\/404 brn|[from] brn
|turn|37
|
|move|p1a: Tyranitar|Crunch|p2a: Slowbro
|-supereffective|p2a: Slowbro
|-damage|p2a: Slowbro|108\/394
|-unboost|p2a: Slowbro|def|1
|move|p2a: Slowbro|Slack Off|p2a: Slowbro
|-heal|p2a: Slowbro|305\/394
|
|-weather|Sandstorm|[upkeep]
|-damage|p2a: Slowbro|281\/394|[from] sandstorm
|-damage|p1a: Tyranitar|0 fnt|[from] brn
|faint|p1a: Tyranitar
|
|switch|p1a: Scizor|Scizor, F|274\/344
|turn|38
|
|move|p1a: Scizor|Pursuit|p2a: Slowbro|[from]Pursuit
|-supereffective|p2a: Slowbro
|-damage|p2a: Slowbro|9\/394
|switch|p2a: Clefable|Clefable, F|394\/394
|-damage|p2a: Clefable|345\/394|[from] Stealth Rock
|
|-weather|Sandstorm|[upkeep]
|-damage|p2a: Clefable|321\/394|[from] sandstorm
|-heal|p2a: Clefable|345\/394|[from] item: Leftovers
|turn|39
|
|switch|p1a: Landorus|Landorus, M|206\/320
|move|p2a: Clefable|Moonblast|p1a: Landorus
|-damage|p1a: Landorus|73\/320
|
|-weather|none
|-heal|p2a: Clefable|369\/394|[from] item: Leftovers
|turn|40
|
|switch|p2a: Slowbro|Slowbro-Mega, F|9\/394
|-damage|p2a: Slowbro|0 fnt|[from] Stealth Rock
|faint|p2a: Slowbro
|move|p1a: Landorus|Sludge Bomb|p2: Slowbro|[notarget]
|-notarget
|
|
|switch|p2a: Chansey|Chansey, F|464\/704
|-damage|p2a: Chansey|376\/704|[from] Stealth Rock
|turn|41
|
|switch|p1a: Scizor|Scizor, F|274\/344
|move|p2a: Chansey|Soft-Boiled|p2a: Chansey
|-heal|p2a: Chansey|704\/704
|
|turn|42
|
|move|p1a: Scizor|Superpower|p2a: Chansey
|-supereffective|p2a: Chansey
|-damage|p2a: Chansey|100\/704
|-unboost|p1a: Scizor|atk|1
|-unboost|p1a: Scizor|def|1
|move|p2a: Chansey|Soft-Boiled|p2a: Chansey
|-heal|p2a: Chansey|452\/704
|
|turn|43
|
|switch|p2a: Clefable|Clefable, F|369\/394
|-damage|p2a: Clefable|320\/394|[from] Stealth Rock
|move|p1a: Scizor|Superpower|p2a: Clefable
|-resisted|p2a: Clefable
|-damage|p2a: Clefable|209\/394
|-unboost|p1a: Scizor|atk|1
|-unboost|p1a: Scizor|def|1
|
|-heal|p2a: Clefable|233\/394|[from] item: Leftovers
|turn|44
|
|switch|p1a: Landorus|Landorus, M|73\/320
|move|p2a: Clefable|Moonblast|p1a: Landorus
|-damage|p1a: Landorus|0 fnt
|faint|p1a: Landorus
|
|-heal|p2a: Clefable|257\/394|[from] item: Leftovers
|
|switch|p1a: Scizor|Scizor, F|274\/344
|turn|45
|
|move|p1a: Scizor|Bullet Punch|p2a: Clefable
|-supereffective|p2a: Clefable
|-damage|p2a: Clefable|0 fnt
|faint|p2a: Clefable
|
|
|switch|p2a: Chansey|Chansey, F|452\/704
|-damage|p2a: Chansey|364\/704|[from] Stealth Rock
|turn|46
|
|move|p1a: Scizor|Bullet Punch|p2a: Chansey
|-damage|p2a: Chansey|111\/704
|move|p2a: Chansey|Soft-Boiled|p2a: Chansey
|-heal|p2a: Chansey|463\/704
|
|turn|47
|
|move|p1a: Scizor|Bullet Punch|p2a: Chansey
|-damage|p2a: Chansey|249\/704
|move|p2a: Chansey|Soft-Boiled|p2a: Chansey
|-heal|p2a: Chansey|601\/704
|
|turn|48
|
|move|p1a: Scizor|Bullet Punch|p2a: Chansey
|-damage|p2a: Chansey|376\/704
|move|p2a: Chansey|Soft-Boiled|p2a: Chansey
|-heal|p2a: Chansey|704\/704
|
|turn|49
|
|move|p1a: Scizor|Bullet Punch|p2a: Chansey
|-damage|p2a: Chansey|479\/704
|move|p2a: Chansey|Wish|p2a: Chansey
|
|turn|50
|
|move|p1a: Scizor|Bullet Punch|p2a: Chansey
|-damage|p2a: Chansey|257\/704
|move|p2a: Chansey|Seismic Toss|p1a: Scizor
|-damage|p1a: Scizor|174\/344
|
|-heal|p2a: Chansey|609\/704|[from] move: Wish|[wisher] Chansey
|turn|51
|
|move|p1a: Scizor|Bullet Punch|p2a: Chansey
|-damage|p2a: Chansey|356\/704
|move|p2a: Chansey|Wish|p2a: Chansey
|
|turn|52
|
|move|p1a: Scizor|Bullet Punch|p2a: Chansey
|-damage|p2a: Chansey|131\/704
|move|p2a: Chansey|Seismic Toss|p1a: Scizor
|-damage|p1a: Scizor|74\/344
|
|-heal|p2a: Chansey|483\/704|[from] move: Wish|[wisher] Chansey
|turn|53
|
|move|p1a: Scizor|Bullet Punch|p2a: Chansey
|-damage|p2a: Chansey|263\/704
|move|p2a: Chansey|Soft-Boiled|p2a: Chansey
|-heal|p2a: Chansey|615\/704
|
|turn|54
|
|switch|p1a: Ditto|Ditto|300\/300
|-transform|p1a: Ditto|p2a: Chansey
|move|p2a: Chansey|Seismic Toss|p1a: Ditto
|-damage|p1a: Ditto|200\/300
|
|turn|55
|
|move|p1a: Ditto|Wish|p1a: Ditto
|move|p2a: Chansey|Seismic Toss|p1a: Ditto
|-damage|p1a: Ditto|100\/300
|
|turn|56
|
|move|p1a: Ditto|Wish|p1a: Ditto
|-fail|p1a: Ditto
|move|p2a: Chansey|Seismic Toss|p1a: Ditto
|-damage|p1a: Ditto|0 fnt
|faint|p1a: Ditto
|
|
|switch|p1a: Scizor|Scizor, F|74\/344
|turn|57
|
|move|p1a: Scizor|Superpower|p2a: Chansey
|-supereffective|p2a: Chansey
|-damage|p2a: Chansey|39\/704
|-unboost|p1a: Scizor|atk|1
|-unboost|p1a: Scizor|def|1
|move|p2a: Chansey|Seismic Toss|p1a: Scizor
|-damage|p1a: Scizor|0 fnt
|faint|p1a: Scizor
|
|win|Angels cry
|raw|Ladder updating...
|raw|zeefus's rating: 1261 &rarr; <strong>1237<\/strong><br \/>(-24 for losing)
|raw|Angels cry's rating: 1269 &rarr; <strong>1293<\/strong><br \/>(+24 for winning)
|leave|zeefus
|player|p1