|join|Angels cry
|join|NinjaFury
|player|p1|Angels cry|250
|player|p2|NinjaFury|266
|gametype|singles
|gen|6
|tier|OU
|rated
|clearpoke
|poke|p1|Talonflame, M
|poke|p1|Mew
|poke|p1|Chansey, F
|poke|p1|Skarmory, F
|poke|p1|Venusaur, F
|poke|p1|Quagsire, M
|poke|p2|Tyranitar, M
|poke|p2|Thundurus, M
|poke|p2|Excadrill, F
|poke|p2|Slowbro, F
|poke|p2|Heatran, F
|poke|p2|Venusaur, F
|rule|Swagger Clause: Swagger is banned
|rule|Baton Pass Clause: Limit one PokÃ©mon knowing Baton Pass
|rule|Sleep Clause Mod: Limit one foe put to sleep
|rule|Species Clause: Limit one of each PokÃ©mon
|rule|OHKO Clause: OHKO moves are banned
|rule|Moody Clause: Moody is banned
|rule|Evasion Moves Clause: Evasion moves are banned
|rule|Endless Battle Clause: Forcing endless battles is banned
|rule|HP Percentage Mod: HP is shown in percentages
|teampreview
|
|start
|switch|p1a: Mew|Mew|404\/404
|switch|p2a: Thundurus|Thundurus, M|300\/300
|turn|1
|
|move|p2a: Thundurus|Taunt|p1a: Mew
|-start|p1a: Mew|move: Taunt
|move|p1a: Mew|Knock Off|p2a: Thundurus
|-damage|p2a: Thundurus|214\/300
|-enditem|p2a: Thundurus|Sitrus Berry|[from] move: Knock Off|[of] p1a: Mew
|
|turn|2
|
|switch|p1a: Quagsire|Quagsire, M|394\/394
|move|p2a: Thundurus|Thunder Wave|p1a: Quagsire
|-immune|p1a: Quagsire|[msg]
|
|turn|3
|
|switch|p2a: Venusaur|Venusaur, F|359\/359
|move|p1a: Quagsire|Scald|p2a: Venusaur
|-resisted|p2a: Venusaur
|-damage|p2a: Venusaur|326\/359
|
|turn|4
|
|switch|p1a: Venusaur|Venusaur, F|364\/364
|detailschange|p2a: Venusaur|Venusaur-Mega, F
|message|Venusaur has Mega Evolved into Mega Venusaur!
|move|p2a: Venusaur|Sludge Bomb|p1a: Venusaur
|-damage|p1a: Venusaur|223\/364
|
|turn|5
|
|detailschange|p1a: Venusaur|Venusaur-Mega, F
|message|Venusaur has Mega Evolved into Mega Venusaur!
|move|p2a: Venusaur|Sludge Bomb|p1a: Venusaur
|-damage|p1a: Venusaur|97\/364
|move|p1a: Venusaur|Synthesis|p1a: Venusaur
|-heal|p1a: Venusaur|279\/364
|
|turn|6
|
|switch|p2a: Heatran|Heatran, F|386\/386
|move|p1a: Venusaur|Hidden Power|p2a: Heatran
|-start|p2a: Heatran|ability: Flash Fire
|
|turn|7
|
|switch|p1a: Chansey|Chansey, F|641\/641
|switch|p2a: Venusaur|Venusaur-Mega, F|326\/359
|
|turn|8
|
|switch|p2a: Tyranitar|Tyranitar, M|404\/404
|-weather|Sandstorm
|move|p1a: Chansey|Thunder Wave|p2a: Tyranitar
|-status|p2a: Tyranitar|par
|
|-weather|Sandstorm|[upkeep]
|-damage|p1a: Chansey|601\/641|[from] sandstorm
|turn|9
|
|switch|p1a: Quagsire|Quagsire, M|394\/394
|move|p2a: Tyranitar|Low Kick|p1a: Quagsire
|-damage|p1a: Quagsire|312\/394
|
|-weather|Sandstorm|[upkeep]
|-heal|p1a: Quagsire|336\/394|[from] item: Leftovers
|turn|10
|
|switch|p2a: Venusaur|Venusaur-Mega, F|326\/359
|move|p1a: Quagsire|Scald|p2a: Venusaur
|-resisted|p2a: Venusaur
|-damage|p2a: Venusaur|296\/359
|
|-weather|Sandstorm|[upkeep]
|-damage|p2a: Venusaur|274\/359|[from] sandstorm
|-heal|p1a: Quagsire|360\/394|[from] item: Leftovers
|turn|11
|
|switch|p1a: Mew|Mew|404\/404
|move|p2a: Venusaur|Giga Drain|p1a: Mew
|-damage|p1a: Mew|299\/404
|-heal|p2a: Venusaur|327\/359|[from] drain|[of] p1a: Mew
|
|-weather|Sandstorm|[upkeep]
|-damage|p1a: Mew|274\/404|[from] sandstorm
|-damage|p2a: Venusaur|305\/359|[from] sandstorm
|-heal|p1a: Mew|299\/404|[from] item: Leftovers
|turn|12
|
|switch|p2a: Tyranitar|Tyranitar, M|404\/404 par
|move|p1a: Mew|Knock Off|p2a: Tyranitar
|-resisted|p2a: Tyranitar
|-damage|p2a: Tyranitar|371\/404 par
|-enditem|p2a: Tyranitar|Chople Berry|[from] move: Knock Off|[of] p1a: Mew
|
|-weather|none
|-heal|p1a: Mew|324\/404|[from] item: Leftovers
|turn|13
|
|switch|p1a: Venusaur|Venusaur-Mega, F|279\/364
|move|p2a: Tyranitar|Crunch|p1a: Venusaur
|-damage|p1a: Venusaur|167\/364
|
|turn|14
|
|switch|p2a: Excadrill|Excadrill, F|362\/362
|move|p1a: Venusaur|Synthesis|p1a: Venusaur
|-heal|p1a: Venusaur|349\/364
|
|turn|15
|
|move|p2a: Excadrill|Swords Dance|p2a: Excadrill
|-boost|p2a: Excadrill|atk|2
|move|p1a: Venusaur|Giga Drain|p2a: Excadrill
|-damage|p2a: Excadrill|203\/362
|-heal|p1a: Venusaur|364\/364|[from] drain|[of] p2a: Excadrill
|
|turn|16
|
|switch|p1a: Skarmory|Skarmory, F|334\/334
|move|p2a: Excadrill|Earthquake|p1a: Skarmory
|-immune|p1a: Skarmory|[msg]
|
|turn|17
|
|move|p2a: Excadrill|Iron Head|p1a: Skarmory
|-resisted|p1a: Skarmory
|-damage|p1a: Skarmory|217\/334
|-damage|p2a: Excadrill|167\/362|[from] item: Life Orb
|move|p1a: Skarmory|Counter|p2a: Excadrill
|-damage|p2a: Excadrill|0 fnt
|faint|p2a: Excadrill
|
|
|switch|p2a: Thundurus|Thundurus, M|214\/300
|turn|18
|
|switch|p2a: Venusaur|Venusaur-Mega, F|305\/359
|switch|p1a: Quagsire|Quagsire, M|360\/394
|
|-heal|p1a: Quagsire|384\/394|[from] item: Leftovers
|turn|19
|
|switch|p1a: Chansey|Chansey, F|601\/641
|move|p2a: Venusaur|Sludge Bomb|p1a: Chansey
|-damage|p1a: Chansey|513\/641
|
|turn|20
|
|move|p2a: Venusaur|Sludge Bomb|p1a: Chansey
|-damage|p1a: Chansey|432\/641
|move|p1a: Chansey|Seismic Toss|p2a: Venusaur
|-damage|p2a: Venusaur|205\/359
|
|turn|21
|join|BR Grilo PR
|
|switch|p2a: Tyranitar|Tyranitar, M|371\/404 par
|-weather|Sandstorm
|move|p1a: Chansey|Soft-Boiled|p1a: Chansey
|-heal|p1a: Chansey|641\/641
|
|-weather|Sandstorm|[upkeep]
|-damage|p1a: Chansey|601\/641|[from] sandstorm
|turn|22
|
|switch|p1a: Quagsire|Quagsire, M|384\/394
|move|p2a: Tyranitar|Crunch|p1a: Quagsire
|-damage|p1a: Quagsire|261\/394
|
|-weather|Sandstorm|[upkeep]
|-heal|p1a: Quagsire|285\/394|[from] item: Leftovers
|turn|23
|
|move|p1a: Quagsire|Scald|p2a: Tyranitar
|-supereffective|p2a: Tyranitar
|-damage|p2a: Tyranitar|275\/404 par
|move|p2a: Tyranitar|Crunch|p1a: Quagsire
|-damage|p1a: Quagsire|147\/394
|
|-weather|Sandstorm|[upkeep]
|-heal|p1a: Quagsire|171\/394|[from] item: Leftovers
|turn|24
|c| BR Grilo PR|vai angels vc ganha
|leave|BR Grilo PR
|
|move|p1a: Quagsire|Recover|p1a: Quagsire
|-heal|p1a: Quagsire|368\/394
|move|p2a: Tyranitar|Crunch|p1a: Quagsire
|-damage|p1a: Quagsire|248\/394
|
|-weather|Sandstorm|[upkeep]
|-heal|p1a: Quagsire|272\/394|[from] item: Leftovers
|turn|25
|
|move|p1a: Quagsire|Earthquake|p2a: Tyranitar
|-supereffective|p2a: Tyranitar
|-damage|p2a: Tyranitar|75\/404 par
|cant|p2a: Tyranitar|par
|
|-weather|none
|-heal|p1a: Quagsire|296\/394|[from] item: Leftovers
|turn|26
|c|âAngels cry|vlw :)
|
|move|p1a: Quagsire|Recover|p1a: Quagsire
|-heal|p1a: Quagsire|394\/394
|move|p2a: Tyranitar|Crunch|p1a: Quagsire
|-damage|p1a: Quagsire|262\/394
|
|-heal|p1a: Quagsire|286\/394|[from] item: Leftovers
|turn|27
|
|move|p1a: Quagsire|Scald|p2a: Tyranitar
|-supereffective|p2a: Tyranitar
|-damage|p2a: Tyranitar|0 fnt
|faint|p2a: Tyranitar
|
|-heal|p1a: Quagsire|310\/394|[from] item: Leftovers
|
|switch|p2a: Venusaur|Venusaur-Mega, F|205\/359
|turn|28
|
|switch|p1a: Chansey|Chansey, F|601\/641
|move|p2a: Venusaur|Giga Drain|p1a: Chansey
|-damage|p1a: Chansey|529\/641
|-heal|p2a: Venusaur|241\/359|[from] drain|[of] p1a: Chansey
|
|turn|29
|
|switch|p2a: Heatran|Heatran, F|386\/386
|move|p1a: Chansey|Thunder Wave|p2a: Heatran
|-status|p2a: Heatran|par
|
|turn|30
|-message|NinjaFury forfeited.
|
|win|Angels cry
|raw|Ladder updating...
|leave|NinjaFury
|player|p2
|raw|Angels cry's rating: 1741 &rarr; <strong>1751<\/strong><br \/>(+10 for winning)
|raw|NinjaFury's rating: 1530 &rarr; <strong>1521<\/strong><br \/>(-9 for losing)