|join|Lelouch75
|join|germinha
|join|Not Getting Reqs
|player|p1|Lelouch75|269
|player|p2|germinha|126
|gametype|singles
|gen|6
|tier|OU
|clearpoke
|poke|p1|Gothitelle, M
|poke|p1|Alomomola, M
|poke|p1|Chansey, F
|poke|p1|Clefable, M
|poke|p1|Skarmory, M
|poke|p1|Scizor, M
|poke|p2|Lopunny, M
|poke|p2|Landorus-Therian, M
|poke|p2|Crawdaunt, M
|poke|p2|Porygon-Z
|poke|p2|Kyurem-Black
|poke|p2|Rotom-Wash
|rule|Swagger Clause: Swagger is banned
|rule|Baton Pass Clause: Limit one PokÃ©mon knowing Baton Pass
|rule|Sleep Clause Mod: Limit one foe put to sleep
|rule|Species Clause: Limit one of each PokÃ©mon
|rule|OHKO Clause: OHKO moves are banned
|rule|Moody Clause: Moody is banned
|rule|Evasion Moves Clause: Evasion moves are banned
|rule|Endless Battle Clause: Forcing endless battles is banned
|rule|HP Percentage Mod: HP is shown in percentages
|teampreview
|join|Luis coco
|c|âgerminha|...
|c|âgerminha|ah n
|
|start
|switch|p1a: Alomomola|Alomomola, M|497\/497
|switch|p2a: Landorus-Therian|Landorus-Therian, M|320\/320
|-ability|p2a: Landorus-Therian|Intimidate|[of] p1a: Alomomola
|-unboost|p1a: Alomomola|atk|1
|turn|1
|c| Luis coco|lelouch do Bos?
|c| Luis coco|jogador da Ko~~?
|c|âLelouch75|ola
|
|move|p2a: Landorus-Therian|U-turn|p1a: Alomomola
|-damage|p1a: Alomomola|418\/497
|c| Luis coco|Ko~H
|join|Diogo-gamer
|join|reidner9
|join|noelbr
|
|switch|p2a: Kyurem-Black|Kyurem-Black|391\/391
|-ability|p2a: Kyurem-Black|Teravolt
|move|p1a: Alomomola|Scald|p2a: Kyurem-Black
|-resisted|p2a: Kyurem-Black
|-damage|p2a: Kyurem-Black|366\/391
|
|-heal|p1a: Alomomola|449\/497|[from] item: Leftovers
|turn|2
|c| Luis coco|qer dizer
|c| Diogo-gamer|oi germinha morais
|c| reidner9|hu3hu3br
|join|felipecardim1000
|join|pedrocules
|
|move|p2a: Kyurem-Black|Fusion Bolt|p1a: Alomomola
|-supereffective|p1a: Alomomola
|-damage|p1a: Alomomola|137\/497
|-damage|p2a: Kyurem-Black|327\/391|[from] item: Life Orb
|move|p1a: Alomomola|Wish|p1a: Alomomola
|
|-heal|p1a: Alomomola|168\/497|[from] item: Leftovers
|turn|3
|c| felipecardim1000|Germinha do video do dlink
|join|Sorvete Autista
|c| reidner9|pior mano
|
|switch|p1a: Scizor|Scizor, M|281\/281
|move|p2a: Kyurem-Black|Fusion Bolt|p1a: Scizor
|-damage|p1a: Scizor|112\/281
|-damage|p2a: Kyurem-Black|288\/391|[from] item: Life Orb
|
|-heal|p1a: Scizor|281\/281|[from] move: Wish|[wisher] Alomomola
|turn|4
|c| reidner9|nem tinha notado cara
|leave|felipecardim1000
|leave|reidner9
|join|Capucim
|
|detailschange|p1a: Scizor|Scizor-Mega, M
|-mega|p1a: Scizor|Scizor|Scizorite
|move|p2a: Kyurem-Black|Hidden Power|p1a: Scizor
|-supereffective|p1a: Scizor
|-damage|p1a: Scizor|0 fnt
|-damage|p2a: Kyurem-Black|249\/391|[from] item: Life Orb
|faint|p1a: Scizor
|
|
|switch|p1a: Clefable|Clefable, M|394\/394
|turn|5
|c| Luis coco|lol
|
|move|p2a: Kyurem-Black|Fusion Bolt|p1a: Clefable
|-damage|p1a: Clefable|247\/394
|-damage|p2a: Kyurem-Black|210\/391|[from] item: Life Orb
|move|p1a: Clefable|Thunder Wave|p2a: Kyurem-Black
|-status|p2a: Kyurem-Black|par
|
|-heal|p1a: Clefable|271\/394|[from] item: Leftovers
|turn|6
|
|move|p1a: Clefable|Wish|p1a: Clefable
|cant|p2a: Kyurem-Black|par
|
|-heal|p1a: Clefable|295\/394|[from] item: Leftovers
|turn|7
|
|move|p1a: Clefable|Moonblast|p2a: Kyurem-Black
|-supereffective|p2a: Kyurem-Black
|-damage|p2a: Kyurem-Black|0 fnt
|faint|p2a: Kyurem-Black
|
|-heal|p1a: Clefable|394\/394|[from] move: Wish|[wisher] Clefable
|
|switch|p2a: Porygon-Z|Porygon-Z|312\/312
|turn|8
|leave|Capucim
|
|move|p1a: Clefable|Protect|p1a: Clefable
|-singleturn|p1a: Clefable|Protect
|move|p2a: Porygon-Z|Tri Attack|p1a: Clefable
|-activate|p1a: Clefable|Protect
|
|turn|9
|join|Cellec
|join|i ladder NU lol
|
|switch|p1a: Chansey|Chansey, F|642\/642
|move|p2a: Porygon-Z|Tri Attack|p1a: Chansey
|-damage|p1a: Chansey|500\/642
|
|turn|10
|c| i ladder NU lol|germinha mitoso
|c| Cellec|oi germinha
|c| Cellec|bileza?
|c| i ladder NU lol|sÃ©csi
|c|âgerminha|olaa
|c| i ladder NU lol|Ã§edutor
|c| i ladder NU lol|:3
|join|shyne zika
|c| Cellec|~~Safado~~
|c| Cellec|~~Cachorro~~
|
|switch|p2a: Crawdaunt|Crawdaunt, M|268\/268
|move|p1a: Chansey|Stealth Rock|p2a: Crawdaunt
|-sidestart|p2: germinha|move: Stealth Rock
|
|turn|11
|c| shyne zika|vai germinha
|c| shyne zika|umilde
|join|Nayuki
|leave|Nayuki
|
|switch|p1a: Clefable|Clefable, M|394\/394
|move|p2a: Crawdaunt|Knock Off|p1a: Clefable
|-resisted|p1a: Clefable
|-damage|p1a: Clefable|267\/394
|-enditem|p1a: Clefable|Leftovers|[from] move: Knock Off|[of] p2a: Crawdaunt
|-damage|p2a: Crawdaunt|242\/268|[from] item: Life Orb
|
|turn|12
|leave|i ladder NU lol
|
|move|p2a: Crawdaunt|Crabhammer|p1a: Clefable
|-damage|p1a: Clefable|0 fnt
|-damage|p2a: Crawdaunt|216\/268|[from] item: Life Orb
|faint|p1a: Clefable
|
|
|switch|p1a: Skarmory|Skarmory, M|334\/334
|turn|13
|join|nono191
|join|Chechote
|
|move|p2a: Crawdaunt|Swords Dance|p2a: Crawdaunt
|-boost|p2a: Crawdaunt|atk|2
|move|p1a: Skarmory|Counter|p2a: Crawdaunt
|-fail|p2a: Crawdaunt
|
|turn|14
|join|Dragfayter
|leave|nono191
|join|nono191
|
|move|p2a: Crawdaunt|Crabhammer|p1a: Skarmory
|-damage|p1a: Skarmory|17\/334
|-damage|p2a: Crawdaunt|172\/268|[from] item: Rocky Helmet|[of] p1a: Skarmory
|-damage|p2a: Crawdaunt|146\/268|[from] item: Life Orb
|move|p1a: Skarmory|Taunt|p2a: Crawdaunt
|-start|p2a: Crawdaunt|move: Taunt
|
|turn|15
|
|move|p2a: Crawdaunt|Knock Off|p1a: Skarmory
|-damage|p1a: Skarmory|0 fnt
|-damage|p2a: Crawdaunt|102\/268|[from] item: Rocky Helmet|[of] p1a: Skarmory
|-enditem|p1a: Skarmory|Rocky Helmet|[from] move: Knock Off|[of] p2a: Crawdaunt
|-damage|p2a: Crawdaunt|76\/268|[from] item: Life Orb
|faint|p1a: Skarmory
|
|
|switch|p1a: Alomomola|Alomomola, M|333\/497
|turn|16
|
|move|p1a: Alomomola|Protect|p1a: Alomomola
|-singleturn|p1a: Alomomola|Protect
|move|p2a: Crawdaunt|Knock Off|p1a: Alomomola
|-activate|p1a: Alomomola|Protect
|
|-heal|p1a: Alomomola|364\/497|[from] item: Leftovers
|turn|17
|leave|Cellec
|
|move|p2a: Crawdaunt|Knock Off|p1a: Alomomola
|-damage|p1a: Alomomola|0 fnt
|-enditem|p1a: Alomomola|Leftovers|[from] move: Knock Off|[of] p2a: Crawdaunt
|-damage|p2a: Crawdaunt|50\/268|[from] item: Life Orb
|faint|p1a: Alomomola
|
|-end|p2a: Crawdaunt|move: Taunt
|leave|Lelouch75
|
|switch|p1a: Chansey|Chansey, F|500\/642
|turn|18
|join|Lelouch75
|c|âLelouch75|gg ai
|join|Brandon01
|leave|Brandon01
|leave|Lelouch75
|player|p1
|leave|noelbr
|c| Dragfayter|;-;
|join|noelbr
|leave|pedrocules
|leave|noelbr
|join|pedrocules
|leave|Dragfayter
|leave|nono191
|leave|pedrocules
|leave|Chechote
|join|borto98
|leave|germinha
|leave|borto98
|leave|Luis coco
|player|p2
|leave|Not Getting Reqs
|-message|Player 1 lost due to inactivity.
|
|win|germinha