|join|Angels Cry
|join|pwocy
|player|p1|Angels Cry|168
|player|p2|pwocy|102
|gametype|singles
|gen|6
|tier|OU
|rated
|clearpoke
|poke|p1|Clefable, M
|poke|p1|Bisharp, M
|poke|p1|Greninja, F
|poke|p1|Garchomp, M
|poke|p1|Scizor, M
|poke|p1|Landorus-Therian, M
|poke|p2|Gothitelle, F
|poke|p2|Ferrothorn, F
|poke|p2|Lopunny, M
|poke|p2|Slowbro, M
|poke|p2|Clefable, M
|poke|p2|Tentacruel, M
|rule|Swagger Clause: Swagger is banned
|rule|Baton Pass Clause: Limit one PokÃ©mon knowing Baton Pass
|rule|Sleep Clause Mod: Limit one foe put to sleep
|rule|Species Clause: Limit one of each PokÃ©mon
|rule|OHKO Clause: OHKO moves are banned
|rule|Moody Clause: Moody is banned
|rule|Evasion Moves Clause: Evasion moves are banned
|rule|Endless Battle Clause: Forcing endless battles is banned
|rule|HP Percentage Mod: HP is shown in percentages
|teampreview
|
|start
|switch|p1a: Landorus-Therian|Landorus-Therian, M|320\/320
|switch|p2a: Clefable|Clefable, M|394\/394
|-ability|p1a: Landorus-Therian|Intimidate|[of] p2a: Clefable
|-unboost|p2a: Clefable|atk|1
|turn|1
|
|move|p1a: Landorus-Therian|Earthquake|p2a: Clefable
|-damage|p2a: Clefable|190\/394
|move|p2a: Clefable|Stealth Rock|p1a: Landorus-Therian
|-sidestart|p1: Angels Cry|move: Stealth Rock
|
|-heal|p2a: Clefable|214\/394|[from] item: Leftovers
|turn|2
|
|switch|p2a: Slowbro|Slowbro, M|394\/394
|move|p1a: Landorus-Therian|Earthquake|p2a: Slowbro
|-damage|p2a: Slowbro|250\/394
|
|-heal|p2a: Slowbro|274\/394|[from] item: Leftovers
|turn|3
|
|switch|p1a: Garchomp|Garchomp, M|357\/357
|-damage|p1a: Garchomp|335\/357|[from] Stealth Rock
|move|p2a: Slowbro|Scald|p1a: Garchomp
|-damage|p1a: Garchomp|208\/357
|-status|p1a: Garchomp|brn
|
|-heal|p2a: Slowbro|298\/394|[from] item: Leftovers
|-damage|p1a: Garchomp|164\/357 brn|[from] brn
|turn|4
|
|switch|p2a: Tentacruel|Tentacruel, M|360\/360
|move|p1a: Garchomp|Stealth Rock|p2a: Tentacruel
|-sidestart|p2: pwocy|move: Stealth Rock
|
|-damage|p1a: Garchomp|120\/357 brn|[from] brn
|turn|5
|
|move|p1a: Garchomp|Earthquake|p2a: Tentacruel
|-supereffective|p2a: Tentacruel
|-damage|p2a: Tentacruel|126\/360
|move|p2a: Tentacruel|Rapid Spin|p1a: Garchomp
|-damage|p1a: Garchomp|110\/357 brn
|-damage|p2a: Tentacruel|81\/360|[from] ability: Rough Skin|[of] p1a: Garchomp
|-sideend|p2: pwocy|Stealth Rock|[from] move: Rapid Spin|[of] p2a: Tentacruel
|
|-heal|p2a: Tentacruel|103\/360|[from] item: Black Sludge
|-damage|p1a: Garchomp|66\/357 brn|[from] brn
|turn|6
|
|move|p1a: Garchomp|Stealth Rock|p2a: Tentacruel
|-sidestart|p2: pwocy|move: Stealth Rock
|move|p2a: Tentacruel|Rapid Spin|p1a: Garchomp
|-damage|p1a: Garchomp|56\/357 brn
|-damage|p2a: Tentacruel|58\/360|[from] ability: Rough Skin|[of] p1a: Garchomp
|-sideend|p2: pwocy|Stealth Rock|[from] move: Rapid Spin|[of] p2a: Tentacruel
|
|-heal|p2a: Tentacruel|80\/360|[from] item: Black Sludge
|-damage|p1a: Garchomp|12\/357 brn|[from] brn
|turn|7
|
|move|p1a: Garchomp|Earthquake|p2a: Tentacruel
|-supereffective|p2a: Tentacruel
|-damage|p2a: Tentacruel|0 fnt
|faint|p2a: Tentacruel
|
|-damage|p1a: Garchomp|0 fnt|[from] brn
|faint|p1a: Garchomp
|
|switch|p1a: Landorus-Therian|Landorus-Therian, M|320\/320
|switch|p2a: Ferrothorn|Ferrothorn, F|352\/352
|-damage|p1a: Landorus-Therian|280\/320|[from] Stealth Rock
|-ability|p1a: Landorus-Therian|Intimidate|[of] p2a: Ferrothorn
|-unboost|p2a: Ferrothorn|atk|1
|turn|8
|
|move|p1a: Landorus-Therian|Superpower|p2a: Ferrothorn
|-supereffective|p2a: Ferrothorn
|-damage|p2a: Ferrothorn|114\/352
|-damage|p1a: Landorus-Therian|240\/320|[from] ability: Iron Barbs|[of] p2a: Ferrothorn
|-unboost|p1a: Landorus-Therian|atk|1
|-unboost|p1a: Landorus-Therian|def|1
|move|p2a: Ferrothorn|Leech Seed|p1a: Landorus-Therian
|-start|p1a: Landorus-Therian|move: Leech Seed
|
|-heal|p2a: Ferrothorn|136\/352|[from] item: Leftovers
|-damage|p1a: Landorus-Therian|200\/320|[from] Leech Seed|[of] p2a: Ferrothorn
|-heal|p2a: Ferrothorn|176\/352|[silent]
|turn|9
|
|switch|p1a: Scizor|Scizor, M|282\/282
|-damage|p1a: Scizor|247\/282|[from] Stealth Rock
|move|p2a: Ferrothorn|Leech Seed|p1a: Scizor
|-start|p1a: Scizor|move: Leech Seed
|
|-heal|p2a: Ferrothorn|198\/352|[from] item: Leftovers
|-damage|p1a: Scizor|212\/282|[from] Leech Seed|[of] p2a: Ferrothorn
|-heal|p2a: Ferrothorn|233\/352|[silent]
|turn|10
|
|switch|p2a: Lopunny|Lopunny, M|271\/271
|detailschange|p1a: Scizor|Scizor-Mega, M
|-mega|p1a: Scizor|Scizor|Scizorite
|move|p1a: Scizor|Swords Dance|p1a: Scizor
|-boost|p1a: Scizor|atk|2
|
|-damage|p1a: Scizor|177\/282|[from] Leech Seed|[of] p2a: Lopunny
|turn|11
|
|detailschange|p2a: Lopunny|Lopunny-Mega, M
|-mega|p2a: Lopunny|Lopunny|Lopunnite
|move|p1a: Scizor|Bullet Punch|p2a: Lopunny
|-damage|p2a: Lopunny|0 fnt
|faint|p2a: Lopunny
|
|
|switch|p2a: Slowbro|Slowbro, M|394\/394
|turn|12
|
|switch|p2a: Ferrothorn|Ferrothorn, F|233\/352
|move|p1a: Scizor|Bug Bite|p2a: Ferrothorn
|-damage|p2a: Ferrothorn|0 fnt
|-damage|p1a: Scizor|142\/282|[from] ability: Iron Barbs|[of] p2a: Ferrothorn
|faint|p2a: Ferrothorn
|
|
|switch|p2a: Gothitelle|Gothitelle, F|301\/301
|turn|13
|
|move|p1a: Scizor|Bullet Punch|p2a: Gothitelle
|-damage|p2a: Gothitelle|30\/301
|move|p2a: Gothitelle|Psychic|p1a: Scizor
|-resisted|p1a: Scizor
|-damage|p1a: Scizor|79\/282
|
|-damage|p1a: Scizor|44\/282|[from] Leech Seed|[of] p2a: Gothitelle
|-heal|p2a: Gothitelle|65\/301|[silent]
|turn|14
|
|switch|p2a: Slowbro|Slowbro, M|394\/394
|move|p1a: Scizor|Bug Bite|p2a: Slowbro
|-supereffective|p2a: Slowbro
|-damage|p2a: Slowbro|0 fnt
|faint|p2a: Slowbro
|
|-message|pwocy forfeited.
|
|win|Angels Cry
|raw|Ladder updating...
|leave|pwocy
|player|p2
|raw|Angels Cry's rating: 1636 &rarr; <strong>1655<\/strong><br \/>(+19 for winning)
|raw|pwocy's rating: 1617 &rarr; <strong>1598<\/strong><br \/>(-19 for losing)