|join|Like me 2
|join|Zuxo
|player|p1|Like me 2|265
|player|p2|Zuxo|162
|gametype|singles
|gen|6
|tier|OU
|rated
|clearpoke
|poke|p1|Diancie
|poke|p1|Magnezone
|poke|p1|Chesnaught, M
|poke|p1|Heatran, M
|poke|p1|Latias, F
|poke|p1|Diggersby, F, shiny
|poke|p2|Xatu, F
|poke|p2|Chansey, F
|poke|p2|Altaria, F
|poke|p2|Bisharp, M, shiny
|poke|p2|Gastrodon, F
|poke|p2|Muk, M
|rule|Swagger Clause: Swagger is banned
|rule|Baton Pass Clause: Limit one PokÃ©mon knowing Baton Pass
|rule|Sleep Clause Mod: Limit one foe put to sleep
|rule|Species Clause: Limit one of each PokÃ©mon
|rule|OHKO Clause: OHKO moves are banned
|rule|Moody Clause: Moody is banned
|rule|Evasion Moves Clause: Evasion moves are banned
|rule|Endless Battle Clause: Forcing endless battles is banned
|rule|HP Percentage Mod: HP is shown in percentages
|teampreview
|
|start
|switch|p1a: Diggersby|Diggersby, F, shiny|311\/311
|switch|p2a: Xatu|Xatu, F|334\/334
|turn|1
|
|move|p1a: Diggersby|Frustration|p2a: Xatu
|-damage|p2a: Xatu|91\/334
|-damage|p1a: Diggersby|280\/311|[from] item: Life Orb
|move|p2a: Xatu|Reflect|p2a: Xatu
|-sidestart|p2: Zuxo|Reflect
|
|turn|2
|
|switch|p2a: Gastrodon|Gastrodon, F|425\/425
|move|p1a: Diggersby|Frustration|p2a: Gastrodon
|-damage|p2a: Gastrodon|302\/425
|-damage|p1a: Diggersby|249\/311|[from] item: Life Orb
|
|-heal|p2a: Gastrodon|328\/425|[from] item: Leftovers
|turn|3
|join|prob gonna lose
|
|switch|p1a: Latias|Latias, F|363\/363
|move|p2a: Gastrodon|Yawn|p1a: Latias
|-start|p1a: Latias|move: Yawn|[of] p2a: Gastrodon
|
|-heal|p2a: Gastrodon|354\/425|[from] item: Leftovers
|turn|4
|
|switch|p1a: Chesnaught|Chesnaught, M|380\/380
|switch|p2a: Bisharp|Bisharp, M, shiny|319\/319
|
|turn|5
|
|switch|p2a: Xatu|Xatu, F|91\/334
|move|p1a: Chesnaught|Leech Seed|p2a: Xatu
|move|p2a: Xatu|Leech Seed|p1a: Chesnaught|[from]Magic Bounce
|-immune|p1a: Chesnaught|[msg]
|
|turn|6
|
|switch|p1a: Diancie|Diancie|241\/241
|move|p2a: Xatu|Roost|p2a: Xatu
|-heal|p2a: Xatu|258\/334
|
|turn|7
|
|detailschange|p1a: Diancie|Diancie-Mega
|-mega|p1a: Diancie|Diancie|Diancite
|move|p2a: Xatu|Light Screen|p2a: Xatu
|-sidestart|p2: Zuxo|move: Light Screen
|move|p1a: Diancie|Diamond Storm|p2a: Xatu
|-supereffective|p2a: Xatu
|-damage|p2a: Xatu|84\/334
|
|turn|8
|
|switch|p2a: Chansey|Chansey, F|703\/703
|move|p1a: Diancie|Moonblast|p2a: Chansey
|-damage|p2a: Chansey|640\/703
|
|-sideend|p2: Zuxo|Reflect
|turn|9
|
|move|p1a: Diancie|Protect|p1a: Diancie
|-singleturn|p1a: Diancie|Protect
|move|p2a: Chansey|Wish|p2a: Chansey
|
|turn|10
|
|move|p1a: Diancie|Diamond Storm|p2a: Chansey
|-damage|p2a: Chansey|388\/703
|-boost|p1a: Diancie|def|1
|move|p2a: Chansey|Seismic Toss|p1a: Diancie
|-damage|p1a: Diancie|141\/241
|
|-heal|p2a: Chansey|703\/703|[from] move: Wish|[wisher] Chansey
|turn|11
|
|switch|p1a: Diggersby|Diggersby, F, shiny|249\/311
|move|p2a: Chansey|Wish|p2a: Chansey
|
|turn|12
|
|switch|p2a: Gastrodon|Gastrodon, F|354\/425
|move|p1a: Diggersby|Frustration|p2a: Gastrodon
|-damage|p2a: Gastrodon|103\/425
|-damage|p1a: Diggersby|218\/311|[from] item: Life Orb
|
|-heal|p2a: Gastrodon|425\/425|[from] move: Wish|[wisher] Chansey
|turn|13
|
|switch|p1a: Latias|Latias, F|363\/363
|move|p2a: Gastrodon|Scald|p1a: Latias
|-crit|p1a: Latias
|-resisted|p1a: Latias
|-damage|p1a: Latias|321\/363
|
|-heal|p1a: Latias|343\/363|[from] item: Leftovers
|turn|14
|
|switch|p2a: Bisharp|Bisharp, M, shiny|319\/319
|move|p1a: Latias|Defog|p2a: Bisharp
|-unboost|p2a: Bisharp|evasion|1
|-boost|p2a: Bisharp|atk|2|[from] ability: Defiant
|-sideend|p2: Zuxo|move: Light Screen
|-sideend|p2: Zuxo|Light Screen|[from] move: Defog|[of] p2a: Bisharp
|
|-heal|p1a: Latias|363\/363|[from] item: Leftovers
|turn|15
|
|move|p1a: Latias|Hidden Power|p2a: Bisharp
|-supereffective|p2a: Bisharp
|-damage|p2a: Bisharp|19\/319
|move|p2a: Bisharp|Pursuit|p1a: Latias
|-supereffective|p1a: Latias
|-damage|p1a: Latias|55\/363
|
|-heal|p1a: Latias|77\/363|[from] item: Leftovers
|turn|16
|
|move|p2a: Bisharp|Sucker Punch|p1a: Latias
|-fail|p1a: Latias
|move|p1a: Latias|Recover|p1a: Latias
|-heal|p1a: Latias|259\/363
|
|-heal|p1a: Latias|281\/363|[from] item: Leftovers
|turn|17
|
|move|p1a: Latias|Hidden Power|p2a: Bisharp
|-supereffective|p2a: Bisharp
|-damage|p2a: Bisharp|0 fnt
|faint|p2a: Bisharp
|
|-heal|p1a: Latias|303\/363|[from] item: Leftovers
|
|switch|p2a: Altaria|Altaria, F|354\/354
|turn|18
|
|switch|p1a: Heatran|Heatran, M|384\/384
|detailschange|p2a: Altaria|Altaria-Mega, F
|-mega|p2a: Altaria|Altaria|Altarianite
|move|p2a: Altaria|Earthquake|p1a: Heatran
|-supereffective|p1a: Heatran
|-damage|p1a: Heatran|0 fnt
|faint|p1a: Heatran
|
|
|switch|p1a: Diancie|Diancie-Mega|141\/241
|turn|19
|
|switch|p2a: Chansey|Chansey, F|703\/703
|move|p1a: Diancie|Moonblast|p2a: Chansey
|-damage|p2a: Chansey|576\/703
|
|turn|20
|
|switch|p1a: Magnezone|Magnezone|281\/281
|move|p2a: Chansey|Wish|p2a: Chansey
|
|turn|21
|
|switch|p2a: Gastrodon|Gastrodon, F|425\/425
|move|p1a: Magnezone|Flash Cannon|p2a: Gastrodon
|-resisted|p2a: Gastrodon
|-damage|p2a: Gastrodon|339\/425
|
|-heal|p2a: Gastrodon|425\/425|[from] move: Wish|[wisher] Chansey
|turn|22
|
|switch|p1a: Latias|Latias, F|303\/363
|move|p2a: Gastrodon|Yawn|p1a: Latias
|-start|p1a: Latias|move: Yawn|[of] p2a: Gastrodon
|
|-heal|p1a: Latias|325\/363|[from] item: Leftovers
|turn|23
|
|switch|p1a: Chesnaught|Chesnaught, M|380\/380
|move|p2a: Gastrodon|Yawn|p1a: Chesnaught
|-start|p1a: Chesnaught|move: Yawn|[of] p2a: Gastrodon
|
|turn|24
|
|switch|p1a: Latias|Latias, F|325\/363
|switch|p2a: Xatu|Xatu, F|84\/334
|
|-heal|p1a: Latias|347\/363|[from] item: Leftovers
|turn|25
|
|switch|p2a: Chansey|Chansey, F|576\/703
|move|p1a: Latias|Psyshock|p2a: Chansey
|-damage|p2a: Chansey|441\/703
|
|-heal|p1a: Latias|363\/363|[from] item: Leftovers
|turn|26
|
|switch|p1a: Diggersby|Diggersby, F, shiny|218\/311
|move|p2a: Chansey|Wish|p2a: Chansey
|
|turn|27
|
|switch|p2a: Gastrodon|Gastrodon, F|425\/425
|move|p1a: Diggersby|Frustration|p2a: Gastrodon
|-damage|p2a: Gastrodon|159\/425
|-damage|p1a: Diggersby|187\/311|[from] item: Life Orb
|
|-heal|p2a: Gastrodon|425\/425|[from] move: Wish|[wisher] Chansey
|turn|28
|
|switch|p1a: Chesnaught|Chesnaught, M|380\/380
|move|p2a: Gastrodon|Infestation|p1a: Chesnaught
|-damage|p1a: Chesnaught|359\/380
|-activate|p1a: Chesnaught|move: Infestation|[of] p2a: Gastrodon
|
|-heal|p1a: Chesnaught|380\/380|[from] item: Leftovers
|-damage|p1a: Chesnaught|333\/380|[from] move: Infestation|[partiallytrapped]
|turn|29
|
|switch|p2a: Xatu|Xatu, F|84\/334
|move|p1a: Chesnaught|Drain Punch|p2a: Xatu
|-resisted|p2a: Xatu
|-damage|p2a: Xatu|64\/334
|-heal|p1a: Chesnaught|343\/380|[from] drain|[of] p2a: Xatu
|
|-heal|p1a: Chesnaught|366\/380|[from] item: Leftovers
|-end|p1a: Chesnaught|Infestation|[partiallytrapped]
|turn|30
|
|switch|p1a: Magnezone|Magnezone|281\/281
|move|p2a: Xatu|Reflect|p2a: Xatu
|-sidestart|p2: Zuxo|Reflect
|
|turn|31
|
|switch|p2a: Gastrodon|Gastrodon, F|425\/425
|move|p1a: Magnezone|Volt Switch|p2a: Gastrodon
|-immune|p2a: Gastrodon|[msg]
|
|turn|32
|
|switch|p1a: Latias|Latias, F|363\/363
|move|p2a: Gastrodon|Yawn|p1a: Latias
|-start|p1a: Latias|move: Yawn|[of] p2a: Gastrodon
|
|turn|33
|
|switch|p1a: Chesnaught|Chesnaught, M|366\/380
|move|p2a: Gastrodon|Yawn|p1a: Chesnaught
|-start|p1a: Chesnaught|move: Yawn|[of] p2a: Gastrodon
|
|-heal|p1a: Chesnaught|380\/380|[from] item: Leftovers
|turn|34
|
|switch|p1a: Latias|Latias, F|363\/363
|move|p2a: Gastrodon|Infestation|p1a: Latias
|-supereffective|p1a: Latias
|-damage|p1a: Latias|341\/363
|-activate|p1a: Latias|move: Infestation|[of] p2a: Gastrodon
|
|-heal|p1a: Latias|363\/363|[from] item: Leftovers
|-damage|p1a: Latias|318\/363|[from] move: Infestation|[partiallytrapped]
|turn|35
|
|move|p1a: Latias|Psyshock|p2a: Gastrodon
|-damage|p2a: Gastrodon|325\/425
|move|p2a: Gastrodon|Yawn|p1a: Latias
|-start|p1a: Latias|move: Yawn|[of] p2a: Gastrodon
|
|-heal|p1a: Latias|340\/363|[from] item: Leftovers
|-heal|p2a: Gastrodon|351\/425|[from] item: Leftovers
|-damage|p1a: Latias|295\/363|[from] move: Infestation|[partiallytrapped]
|turn|36
|
|move|p1a: Latias|Defog|p2a: Gastrodon
|-unboost|p2a: Gastrodon|evasion|1
|-sideend|p2: Zuxo|Reflect
|-sideend|p2: Zuxo|Reflect|[from] move: Defog|[of] p2a: Gastrodon
|move|p2a: Gastrodon|Scald|p1a: Latias
|-resisted|p1a: Latias
|-damage|p1a: Latias|267\/363
|-status|p1a: Latias|brn
|
|-heal|p1a: Latias|289\/363 brn|[from] item: Leftovers
|-heal|p2a: Gastrodon|377\/425|[from] item: Leftovers
|-damage|p1a: Latias|244\/363 brn|[from] brn
|-damage|p1a: Latias|199\/363 brn|[from] move: Infestation|[partiallytrapped]
|turn|37
|
|move|p1a: Latias|Recover|p1a: Latias
|-heal|p1a: Latias|363\/363 brn
|move|p2a: Gastrodon|Scald|p1a: Latias
|-resisted|p1a: Latias
|-damage|p1a: Latias|337\/363 brn
|
|-heal|p1a: Latias|359\/363 brn|[from] item: Leftovers
|-heal|p2a: Gastrodon|403\/425|[from] item: Leftovers
|-damage|p1a: Latias|314\/363 brn|[from] brn
|-damage|p1a: Latias|269\/363 brn|[from] move: Infestation|[partiallytrapped]
|turn|38
|
|move|p1a: Latias|Psyshock|p2a: Gastrodon
|-damage|p2a: Gastrodon|312\/425
|move|p2a: Gastrodon|Scald|p1a: Latias
|-resisted|p1a: Latias
|-damage|p1a: Latias|241\/363 brn
|
|-heal|p1a: Latias|263\/363 brn|[from] item: Leftovers
|-heal|p2a: Gastrodon|338\/425|[from] item: Leftovers
|-damage|p1a: Latias|218\/363 brn|[from] brn
|-damage|p1a: Latias|173\/363 brn|[from] move: Infestation|[partiallytrapped]
|turn|39
|
|switch|p2a: Altaria|Altaria-Mega, F|354\/354
|move|p1a: Latias|Psyshock|p2a: Altaria
|-damage|p2a: Altaria|276\/354
|
|-heal|p1a: Latias|195\/363 brn|[from] item: Leftovers
|-damage|p1a: Latias|150\/363 brn|[from] brn
|-end|p1a: Latias|Infestation|[partiallytrapped]
|turn|40
|
|switch|p1a: Magnezone|Magnezone|281\/281
|move|p2a: Altaria|Fire Blast|p1a: Magnezone
|-supereffective|p1a: Magnezone
|-damage|p1a: Magnezone|101\/281
|
|turn|41
|
|switch|p1a: Diancie|Diancie-Mega|141\/241
|switch|p2a: Gastrodon|Gastrodon, F|338\/425
|
|-heal|p2a: Gastrodon|364\/425|[from] item: Leftovers
|turn|42
|
|switch|p2a: Chansey|Chansey, F|441\/703
|move|p1a: Diancie|Moonblast|p2a: Chansey
|-damage|p2a: Chansey|309\/703
|
|turn|43
|
|move|p1a: Diancie|Diamond Storm|p2a: Chansey
|-damage|p2a: Chansey|90\/703
|-boost|p1a: Diancie|def|1
|move|p2a: Chansey|Soft-Boiled|p2a: Chansey
|-heal|p2a: Chansey|442\/703
|
|turn|44
|
|switch|p1a: Diggersby|Diggersby, F, shiny|187\/311
|move|p2a: Chansey|Wish|p2a: Chansey
|
|turn|45
|
|switch|p1a: Chesnaught|Chesnaught, M|380\/380
|switch|p2a: Gastrodon|Gastrodon, F|364\/425
|
|-heal|p2a: Gastrodon|425\/425|[from] move: Wish|[wisher] Chansey
|turn|46
|
|switch|p1a: Diggersby|Diggersby, F, shiny|187\/311
|switch|p2a: Xatu|Xatu, F|64\/334
|
|turn|47
|
|move|p1a: Diggersby|Frustration|p2a: Xatu
|-damage|p2a: Xatu|0 fnt
|-damage|p1a: Diggersby|156\/311|[from] item: Life Orb
|faint|p2a: Xatu
|
|
|switch|p2a: Altaria|Altaria-Mega, F|276\/354
|turn|48
|
|move|p1a: Diggersby|Frustration|p2a: Altaria
|-damage|p2a: Altaria|60\/354
|-damage|p1a: Diggersby|125\/311|[from] item: Life Orb
|move|p2a: Altaria|Body Slam|p1a: Diggersby
|-damage|p1a: Diggersby|0 fnt
|faint|p1a: Diggersby
|
|
|switch|p1a: Diancie|Diancie-Mega|141\/241
|turn|49
|
|switch|p2a: Gastrodon|Gastrodon, F|425\/425
|move|p1a: Diancie|Diamond Storm|p2a: Gastrodon
|-resisted|p2a: Gastrodon
|-damage|p2a: Gastrodon|350\/425
|
|-heal|p2a: Gastrodon|376\/425|[from] item: Leftovers
|turn|50
|
|switch|p1a: Chesnaught|Chesnaught, M|380\/380
|move|p2a: Gastrodon|Scald|p1a: Chesnaught
|-resisted|p1a: Chesnaught
|-damage|p1a: Chesnaught|323\/380
|
|-heal|p1a: Chesnaught|346\/380|[from] item: Leftovers
|-heal|p2a: Gastrodon|402\/425|[from] item: Leftovers
|turn|51
|
|move|p1a: Chesnaught|Leech Seed|p2a: Gastrodon
|-start|p2a: Gastrodon|move: Leech Seed
|move|p2a: Gastrodon|Yawn|p1a: Chesnaught
|-start|p1a: Chesnaught|move: Yawn|[of] p2a: Gastrodon
|
|-heal|p1a: Chesnaught|369\/380|[from] item: Leftovers
|-heal|p2a: Gastrodon|425\/425|[from] item: Leftovers
|-damage|p2a: Gastrodon|372\/425|[from] Leech Seed|[of] p1a: Chesnaught
|-heal|p1a: Chesnaught|380\/380|[silent]
|turn|52
|
|switch|p1a: Magnezone|Magnezone|101\/281
|switch|p2a: schMuk|Muk, M|413\/413
|
|turn|53
|
|switch|p1a: Chesnaught|Chesnaught, M|380\/380
|move|p2a: schMuk|Infestation|p1a: Chesnaught
|-damage|p1a: Chesnaught|366\/380
|-activate|p1a: Chesnaught|move: Infestation|[of] p2a: schMuk
|
|-heal|p1a: Chesnaught|380\/380|[from] item: Leftovers
|-damage|p1a: Chesnaught|333\/380|[from] move: Infestation|[partiallytrapped]
|turn|54
|
|move|p1a: Chesnaught|Spikes|p2a: schMuk
|-sidestart|p2: Zuxo|Spikes
|move|p2a: schMuk|Taunt|p1a: Chesnaught
|-start|p1a: Chesnaught|move: Taunt
|
|-heal|p1a: Chesnaught|356\/380|[from] item: Leftovers
|-damage|p1a: Chesnaught|309\/380|[from] move: Infestation|[partiallytrapped]
|turn|55
|
|move|p1a: Chesnaught|Drain Punch|p2a: schMuk
|-resisted|p2a: schMuk
|-damage|p2a: schMuk|371\/413
|-heal|p1a: Chesnaught|330\/380|[from] drain|[of] p2a: schMuk
|move|p2a: schMuk|Gunk Shot|p1a: Chesnaught|[miss]
|-miss|p2a: schMuk|p1a: Chesnaught
|
|-heal|p1a: Chesnaught|353\/380|[from] item: Leftovers
|-heal|p2a: schMuk|396\/413|[from] item: Black Sludge
|-damage|p1a: Chesnaught|306\/380|[from] move: Infestation|[partiallytrapped]
|turn|56
|
|move|p1a: Chesnaught|Drain Punch|p2a: schMuk
|-resisted|p2a: schMuk
|-damage|p2a: schMuk|357\/413
|-heal|p1a: Chesnaught|326\/380|[from] drain|[of] p2a: schMuk
|move|p2a: schMuk|Gunk Shot|p1a: Chesnaught
|-supereffective|p1a: Chesnaught
|-damage|p1a: Chesnaught|140\/380
|
|-heal|p1a: Chesnaught|163\/380|[from] item: Leftovers
|-heal|p2a: schMuk|382\/413|[from] item: Black Sludge
|-damage|p1a: Chesnaught|116\/380|[from] move: Infestation|[partiallytrapped]
|turn|57
|
|move|p1a: Chesnaught|Drain Punch|p2a: schMuk
|-resisted|p2a: schMuk
|-damage|p2a: schMuk|338\/413
|-heal|p1a: Chesnaught|138\/380|[from] drain|[of] p2a: schMuk
|move|p2a: schMuk|Gunk Shot|p1a: Chesnaught
|-supereffective|p1a: Chesnaught
|-damage|p1a: Chesnaught|0 fnt
|faint|p1a: Chesnaught
|
|-heal|p2a: schMuk|363\/413|[from] item: Black Sludge
|
|switch|p1a: Diancie|Diancie-Mega|141\/241
|turn|58
|
|move|p1a: Diancie|Earth Power|p2a: schMuk
|-supereffective|p2a: schMuk
|-damage|p2a: schMuk|131\/413
|move|p2a: schMuk|Gunk Shot|p1a: Diancie
|-damage|p1a: Diancie|17\/241
|-status|p1a: Diancie|psn
|
|-heal|p2a: schMuk|156\/413|[from] item: Black Sludge
|-damage|p1a: Diancie|0 fnt|[from] psn
|faint|p1a: Diancie
|-message|Like me 2 forfeited.
|
|win|Zuxo
|raw|Ladder updating...
|leave|Like me 2
|player|p1
|raw|Like me 2's rating: 1615 &rarr; <strong>1592<\/strong><br \/>(-23 for losing)
|raw|Zuxo's rating: 1560 &rarr; <strong>1583<\/strong><br \/>(+23 for winning)