|join|Zuxo
|join|EmprahProtects
|player|p1|Zuxo|162
|player|p2|EmprahProtects|165
|gametype|singles
|gen|6
|tier|OU
|rated
|clearpoke
|poke|p1|Xatu, F
|poke|p1|Chansey, F
|poke|p1|Altaria, F
|poke|p1|Bisharp, F
|poke|p1|Gastrodon, F
|poke|p1|Muk, F
|poke|p2|Slowbro, M
|poke|p2|Clefable, F
|poke|p2|Ferrothorn, F
|poke|p2|Heatran, F
|poke|p2|Sableye, M
|poke|p2|Garchomp, M
|rule|Swagger Clause: Swagger is banned
|rule|Baton Pass Clause: Limit one PokÃ©mon knowing Baton Pass
|rule|Sleep Clause Mod: Limit one foe put to sleep
|rule|Species Clause: Limit one of each PokÃ©mon
|rule|OHKO Clause: OHKO moves are banned
|rule|Moody Clause: Moody is banned
|rule|Evasion Moves Clause: Evasion moves are banned
|rule|Endless Battle Clause: Forcing endless battles is banned
|rule|HP Percentage Mod: HP is shown in percentages
|teampreview
|
|start
|switch|p1a: Muk|Muk, F|413\/413
|switch|p2a: Ferrothorn|Ferrothorn, F|352\/352
|turn|1
|
|switch|p1a: Xatu|Xatu, F|334\/334
|move|p2a: Ferrothorn|Spikes|p1a: Xatu
|move|p1a: Xatu|Spikes|p2a: Ferrothorn|[from]Magic Bounce
|-sidestart|p2: EmprahProtects|Spikes
|
|turn|2
|
|switch|p2a: Heatran|Heatran, F|385\/385
|-damage|p2a: Heatran|337\/385|[from] Spikes
|move|p1a: Xatu|Reflect|p1a: Xatu
|-sidestart|p1: Zuxo|Reflect
|
|-heal|p2a: Heatran|361\/385|[from] item: Leftovers
|turn|3
|
|move|p1a: Xatu|Light Screen|p1a: Xatu
|-sidestart|p1: Zuxo|move: Light Screen
|move|p2a: Heatran|Lava Plume|p1a: Xatu
|-crit|p1a: Xatu
|-damage|p1a: Xatu|123\/334
|
|-heal|p2a: Heatran|385\/385|[from] item: Leftovers
|turn|4
|
|move|p1a: Xatu|Roost|p1a: Xatu
|-heal|p1a: Xatu|290\/334
|move|p2a: Heatran|Lava Plume|p1a: Xatu
|-crit|p1a: Xatu
|-damage|p1a: Xatu|80\/334
|-status|p1a: Xatu|brn
|
|-damage|p1a: Xatu|39\/334 brn|[from] brn
|turn|5
|
|move|p1a: Xatu|Roost|p1a: Xatu
|-heal|p1a: Xatu|206\/334 brn
|move|p2a: Heatran|Lava Plume|p1a: Xatu
|-damage|p1a: Xatu|137\/334 brn
|
|-damage|p1a: Xatu|96\/334 brn|[from] brn
|turn|6
|
|move|p1a: Xatu|Roost|p1a: Xatu
|-heal|p1a: Xatu|263\/334 brn
|move|p2a: Heatran|Lava Plume|p1a: Xatu
|-crit|p1a: Xatu
|-damage|p1a: Xatu|53\/334 brn
|
|-damage|p1a: Xatu|12\/334 brn|[from] brn
|turn|7
|
|move|p1a: Xatu|Roost|p1a: Xatu
|-heal|p1a: Xatu|179\/334 brn
|move|p2a: Heatran|Lava Plume|p1a: Xatu
|-damage|p1a: Xatu|104\/334 brn
|
|-damage|p1a: Xatu|63\/334 brn|[from] brn
|turn|8
|
|move|p1a: Xatu|Roost|p1a: Xatu
|-heal|p1a: Xatu|230\/334 brn
|move|p2a: Heatran|Lava Plume|p1a: Xatu
|-damage|p1a: Xatu|155\/334 brn
|
|-damage|p1a: Xatu|114\/334 brn|[from] brn
|turn|9
|
|move|p1a: Xatu|Roost|p1a: Xatu
|-heal|p1a: Xatu|281\/334 brn
|move|p2a: Heatran|Lava Plume|p1a: Xatu
|-damage|p1a: Xatu|200\/334 brn
|
|-damage|p1a: Xatu|159\/334 brn|[from] brn
|-sideend|p1: Zuxo|Reflect
|turn|10
|
|move|p1a: Xatu|Roost|p1a: Xatu
|-heal|p1a: Xatu|326\/334 brn
|move|p2a: Heatran|Lava Plume|p1a: Xatu
|-damage|p1a: Xatu|246\/334 brn
|
|-damage|p1a: Xatu|205\/334 brn|[from] brn
|-sideend|p1: Zuxo|move: Light Screen
|turn|11
|
|move|p1a: Xatu|Light Screen|p1a: Xatu
|-sidestart|p1: Zuxo|move: Light Screen
|move|p2a: Heatran|Lava Plume|p1a: Xatu
|-damage|p1a: Xatu|133\/334 brn
|
|-damage|p1a: Xatu|92\/334 brn|[from] brn
|turn|12
|
|move|p1a: Xatu|Roost|p1a: Xatu
|-heal|p1a: Xatu|259\/334 brn
|move|p2a: Heatran|Lava Plume|p1a: Xatu
|-damage|p1a: Xatu|180\/334 brn
|
|-damage|p1a: Xatu|139\/334 brn|[from] brn
|turn|13
|
|move|p1a: Xatu|Roost|p1a: Xatu
|-heal|p1a: Xatu|306\/334 brn
|move|p2a: Heatran|Lava Plume|p1a: Xatu
|-damage|p1a: Xatu|225\/334 brn
|
|-damage|p1a: Xatu|184\/334 brn|[from] brn
|turn|14
|
|switch|p1a: Altaria|Altaria, F|354\/354
|switch|p2a: Garchomp|Garchomp, M|357\/357
|-damage|p2a: Garchomp|313\/357|[from] Spikes
|
|turn|15
|
|switch|p1a: Xatu|Xatu, F|184\/334 brn
|move|p2a: Garchomp|Iron Head|p1a: Xatu
|-damage|p1a: Xatu|89\/334 brn
|
|-damage|p1a: Xatu|48\/334 brn|[from] brn
|turn|16
|
|switch|p1a: Gastrodon|Gastrodon, F|425\/425
|move|p2a: Garchomp|Iron Head|p1a: Gastrodon
|-resisted|p1a: Gastrodon
|-damage|p1a: Gastrodon|379\/425
|
|-heal|p1a: Gastrodon|405\/425|[from] item: Leftovers
|turn|17
|
|switch|p2a: Ferrothorn|Ferrothorn, F|352\/352
|-damage|p2a: Ferrothorn|308\/352|[from] Spikes
|switch|p1a: Xatu|Xatu, F|48\/334 brn
|
|-heal|p2a: Ferrothorn|330\/352|[from] item: Leftovers
|-damage|p1a: Xatu|7\/334 brn|[from] brn
|turn|18
|
|move|p1a: Xatu|Roost|p1a: Xatu
|-heal|p1a: Xatu|174\/334 brn
|move|p2a: Ferrothorn|Gyro Ball|p1a: Xatu
|-damage|p1a: Xatu|20\/334 brn
|
|-heal|p2a: Ferrothorn|352\/352|[from] item: Leftovers
|-damage|p1a: Xatu|0 fnt|[from] brn
|-sideend|p1: Zuxo|move: Light Screen
|faint|p1a: Xatu
|
|switch|p1a: Altaria|Altaria, F|354\/354
|turn|19
|
|detailschange|p1a: Altaria|Altaria-Mega, F
|-mega|p1a: Altaria|Altaria|Altarianite
|move|p2a: Ferrothorn|Protect|p2a: Ferrothorn
|-singleturn|p2a: Ferrothorn|Protect
|move|p1a: Altaria|Fire Blast|p2a: Ferrothorn
|-activate|p2a: Ferrothorn|Protect
|
|turn|20
|
|switch|p2a: Heatran|Heatran, F|385\/385
|-damage|p2a: Heatran|337\/385|[from] Spikes
|move|p1a: Altaria|Earthquake|p2a: Heatran
|-supereffective|p2a: Heatran
|-damage|p2a: Heatran|0 fnt
|faint|p2a: Heatran
|
|
|switch|p2a: Garchomp|Garchomp, M|313\/357
|-damage|p2a: Garchomp|269\/357|[from] Spikes
|turn|21
|
|switch|p1a: Gastrodon|Gastrodon, F|405\/425
|move|p2a: Garchomp|Iron Head|p1a: Gastrodon
|-resisted|p1a: Gastrodon
|-damage|p1a: Gastrodon|358\/425
|
|-heal|p1a: Gastrodon|384\/425|[from] item: Leftovers
|turn|22
|
|switch|p2a: Ferrothorn|Ferrothorn, F|352\/352
|-damage|p2a: Ferrothorn|308\/352|[from] Spikes
|move|p1a: Gastrodon|Yawn|p2a: Ferrothorn
|-start|p2a: Ferrothorn|move: Yawn|[of] p1a: Gastrodon
|
|-heal|p1a: Gastrodon|410\/425|[from] item: Leftovers
|-heal|p2a: Ferrothorn|330\/352|[from] item: Leftovers
|turn|23
|
|switch|p1a: Bisharp|Bisharp, F|292\/292
|move|p2a: Ferrothorn|Leech Seed|p1a: Bisharp
|-start|p1a: Bisharp|move: Leech Seed
|
|-status|p2a: Ferrothorn|slp
|-heal|p2a: Ferrothorn|352\/352 slp|[from] item: Leftovers
|-damage|p1a: Bisharp|256\/292|[from] Leech Seed|[of] p2a: Ferrothorn
|turn|24
|
|switch|p1a: Muk|Muk, F|413\/413
|switch|p2a: Sableye|Sableye, M|304\/304
|-damage|p2a: Sableye|266\/304|[from] Spikes
|
|-heal|p2a: Sableye|285\/304|[from] item: Leftovers
|turn|25
|
|switch|p1a: Altaria|Altaria-Mega, F|354\/354
|move|p2a: Sableye|Confuse Ray|p1a: Altaria
|-start|p1a: Altaria|confusion
|
|-heal|p2a: Sableye|304\/304|[from] item: Leftovers
|turn|26
|
|switch|p1a: Chansey|Chansey, F|703\/703
|switch|p2a: Clefable|Clefable, F|394\/394
|
|turn|27
|
|switch|p1a: Muk|Muk, F|413\/413
|move|p2a: Clefable|Heal Bell|p2a: Clefable
|-cureteam|p2a: Clefable|[from] move: HealBell
|
|turn|28
|
|switch|p2a: Ferrothorn|Ferrothorn, F|352\/352
|-damage|p2a: Ferrothorn|308\/352|[from] Spikes
|move|p1a: Muk|Infestation|p2a: Ferrothorn
|-damage|p2a: Ferrothorn|298\/352
|-damage|p1a: Muk|362\/413|[from] ability: Iron Barbs|[of] p2a: Ferrothorn
|-activate|p2a: Ferrothorn|move: Infestation|[of] p1a: Muk
|
|-heal|p1a: Muk|387\/413|[from] item: Black Sludge
|-heal|p2a: Ferrothorn|320\/352|[from] item: Leftovers
|-damage|p2a: Ferrothorn|276\/352|[from] move: Infestation|[partiallytrapped]
|turn|29
|
|move|p1a: Muk|Taunt|p2a: Ferrothorn
|-start|p2a: Ferrothorn|move: Taunt
|cant|p2a: Ferrothorn|move: Taunt|Spikes
|
|-heal|p1a: Muk|412\/413|[from] item: Black Sludge
|-heal|p2a: Ferrothorn|298\/352|[from] item: Leftovers
|-damage|p2a: Ferrothorn|254\/352|[from] move: Infestation|[partiallytrapped]
|turn|30
|
|move|p1a: Muk|Fire Blast|p2a: Ferrothorn
|-supereffective|p2a: Ferrothorn
|-damage|p2a: Ferrothorn|82\/352
|move|p2a: Ferrothorn|Gyro Ball|p1a: Muk
|-damage|p1a: Muk|345\/413
|
|-heal|p1a: Muk|370\/413|[from] item: Black Sludge
|-heal|p2a: Ferrothorn|104\/352|[from] item: Leftovers
|-damage|p2a: Ferrothorn|60\/352|[from] move: Infestation|[partiallytrapped]
|turn|31
|
|move|p1a: Muk|Fire Blast|p2a: Ferrothorn
|-supereffective|p2a: Ferrothorn
|-damage|p2a: Ferrothorn|0 fnt
|faint|p2a: Ferrothorn
|
|-heal|p1a: Muk|395\/413|[from] item: Black Sludge
|
|switch|p2a: Garchomp|Garchomp, M|269\/357
|-damage|p2a: Garchomp|225\/357|[from] Spikes
|turn|32
|
|switch|p1a: Gastrodon|Gastrodon, F|410\/425
|move|p2a: Garchomp|Earthquake|p1a: Gastrodon
|-damage|p1a: Gastrodon|241\/425
|
|-heal|p1a: Gastrodon|267\/425|[from] item: Leftovers
|turn|33
|
|move|p2a: Garchomp|Earthquake|p1a: Gastrodon
|-damage|p1a: Gastrodon|77\/425
|move|p1a: Gastrodon|Recover|p1a: Gastrodon
|-heal|p1a: Gastrodon|290\/425
|
|-heal|p1a: Gastrodon|316\/425|[from] item: Leftovers
|turn|34
|
|switch|p2a: Sableye|Sableye, M|304\/304
|-damage|p2a: Sableye|266\/304|[from] Spikes
|move|p1a: Gastrodon|Recover|p1a: Gastrodon
|-heal|p1a: Gastrodon|425\/425
|
|-heal|p2a: Sableye|285\/304|[from] item: Leftovers
|turn|35
|
|move|p2a: Sableye|Knock Off|p1a: Gastrodon
|-damage|p1a: Gastrodon|349\/425
|-enditem|p1a: Gastrodon|Leftovers|[from] move: Knock Off|[of] p2a: Sableye
|move|p1a: Gastrodon|Scald|p2a: Sableye
|-damage|p2a: Sableye|162\/304
|
|-heal|p2a: Sableye|181\/304|[from] item: Leftovers
|turn|36
|
|move|p2a: Sableye|Confuse Ray|p1a: Gastrodon
|-start|p1a: Gastrodon|confusion
|-activate|p1a: Gastrodon|confusion
|-damage|p1a: Gastrodon|325\/425|[from] confusion
|
|-heal|p2a: Sableye|200\/304|[from] item: Leftovers
|turn|37
|
|switch|p1a: Bisharp|Bisharp, F|256\/292
|move|p2a: Sableye|Will-O-Wisp|p1a: Bisharp
|-status|p1a: Bisharp|brn
|
|-heal|p2a: Sableye|219\/304|[from] item: Leftovers
|-damage|p1a: Bisharp|220\/292 brn|[from] brn
|turn|38
|
|switch|p1a: Chansey|Chansey, F|703\/703
|move|p2a: Sableye|Confuse Ray|p1a: Chansey
|-start|p1a: Chansey|confusion
|
|-heal|p2a: Sableye|238\/304|[from] item: Leftovers
|turn|39
|
|move|p2a: Sableye|Knock Off|p1a: Chansey
|-crit|p1a: Chansey
|-damage|p1a: Chansey|519\/703
|-enditem|p1a: Chansey|Eviolite|[from] move: Knock Off|[of] p2a: Sableye
|-activate|p1a: Chansey|confusion
|move|p1a: Chansey|Heal Bell|p1a: Chansey
|-cureteam|p1a: Chansey|[from] move: HealBell
|
|-heal|p2a: Sableye|257\/304|[from] item: Leftovers
|turn|40
|
|move|p2a: Sableye|Will-O-Wisp|p1a: Chansey
|-status|p1a: Chansey|brn
|-activate|p1a: Chansey|confusion
|-damage|p1a: Chansey|513\/703 brn|[from] confusion
|
|-heal|p2a: Sableye|276\/304|[from] item: Leftovers
|-damage|p1a: Chansey|426\/703 brn|[from] brn
|turn|41
|
|switch|p1a: Altaria|Altaria-Mega, F|354\/354
|move|p2a: Sableye|Knock Off|p1a: Altaria
|-resisted|p1a: Altaria
|-damage|p1a: Altaria|331\/354
|
|-heal|p2a: Sableye|295\/304|[from] item: Leftovers
|turn|42
|
|switch|p2a: Clefable|Clefable, F|394\/394
|move|p1a: Altaria|Body Slam|p2a: Clefable
|-damage|p2a: Clefable|171\/394
|-status|p2a: Clefable|par
|
|-heal|p2a: Clefable|195\/394 par|[from] item: Leftovers
|turn|43
|
|switch|p2a: Sableye|Sableye, M|295\/304
|-damage|p2a: Sableye|257\/304|[from] Spikes
|move|p1a: Altaria|Body Slam|p2a: Sableye
|-supereffective|p2a: Sableye
|-damage|p2a: Sableye|0 fnt
|faint|p2a: Sableye
|
|
|switch|p2a: Slowbro|Slowbro, M|394\/394
|-damage|p2a: Slowbro|345\/394|[from] Spikes
|turn|44
|
|detailschange|p2a: Slowbro|Slowbro-Mega, M
|-mega|p2a: Slowbro|Slowbro|Slowbronite
|move|p1a: Altaria|Body Slam|p2a: Slowbro
|-damage|p2a: Slowbro|267\/394
|move|p2a: Slowbro|Psyshock|p1a: Altaria
|-damage|p1a: Altaria|237\/354
|
|turn|45
|
|switch|p1a: Gastrodon|Gastrodon, F|325\/425
|move|p2a: Slowbro|Scald|p1a: Gastrodon
|-boost|p1a: Gastrodon|spa|1|[from] ability: Storm Drain
|
|turn|46
|
|move|p1a: Gastrodon|Infestation|p2a: Slowbro
|-supereffective|p2a: Slowbro
|-damage|p2a: Slowbro|209\/394
|-activate|p2a: Slowbro|move: Infestation|[of] p1a: Gastrodon
|move|p2a: Slowbro|Slack Off|p2a: Slowbro
|-heal|p2a: Slowbro|394\/394
|
|-damage|p2a: Slowbro|345\/394|[from] move: Infestation|[partiallytrapped]
|turn|47
|
|move|p1a: Gastrodon|Yawn|p2a: Slowbro
|-start|p2a: Slowbro|move: Yawn|[of] p1a: Gastrodon
|move|p2a: Slowbro|Calm Mind|p2a: Slowbro
|-boost|p2a: Slowbro|spa|1
|-boost|p2a: Slowbro|spd|1
|
|-damage|p2a: Slowbro|296\/394|[from] move: Infestation|[partiallytrapped]
|turn|48
|
|move|p1a: Gastrodon|Scald|p2a: Slowbro
|-resisted|p2a: Slowbro
|-damage|p2a: Slowbro|246\/394
|move|p2a: Slowbro|Slack Off|p2a: Slowbro
|-heal|p2a: Slowbro|394\/394
|
|-status|p2a: Slowbro|slp
|-damage|p2a: Slowbro|345\/394 slp|[from] move: Infestation|[partiallytrapped]
|turn|49
|
|move|p1a: Gastrodon|Scald|p2a: Slowbro
|-resisted|p2a: Slowbro
|-damage|p2a: Slowbro|295\/394 slp
|cant|p2a: Slowbro|slp
|
|-damage|p2a: Slowbro|246\/394 slp|[from] move: Infestation|[partiallytrapped]
|turn|50
|
|move|p1a: Gastrodon|Scald|p2a: Slowbro
|-resisted|p2a: Slowbro
|-damage|p2a: Slowbro|189\/394 slp
|cant|p2a: Slowbro|slp
|
|-end|p2a: Slowbro|Infestation|[partiallytrapped]
|turn|51
|
|move|p1a: Gastrodon|Infestation|p2a: Slowbro
|-supereffective|p2a: Slowbro
|-damage|p2a: Slowbro|151\/394 slp
|-activate|p2a: Slowbro|move: Infestation|[of] p1a: Gastrodon
|-curestatus|p2a: Slowbro|slp
|move|p2a: Slowbro|Slack Off|p2a: Slowbro
|-heal|p2a: Slowbro|348\/394
|
|-damage|p2a: Slowbro|299\/394|[from] move: Infestation|[partiallytrapped]
|turn|52
|
|move|p1a: Gastrodon|Yawn|p2a: Slowbro
|-start|p2a: Slowbro|move: Yawn|[of] p1a: Gastrodon
|move|p2a: Slowbro|Calm Mind|p2a: Slowbro
|-boost|p2a: Slowbro|spa|1
|-boost|p2a: Slowbro|spd|1
|
|-damage|p2a: Slowbro|250\/394|[from] move: Infestation|[partiallytrapped]
|turn|53
|
|move|p1a: Gastrodon|Scald|p2a: Slowbro
|-resisted|p2a: Slowbro
|-damage|p2a: Slowbro|206\/394
|-status|p2a: Slowbro|brn
|move|p2a: Slowbro|Slack Off|p2a: Slowbro
|-heal|p2a: Slowbro|394\/394 brn
|
|-damage|p2a: Slowbro|345\/394 brn|[from] brn
|-damage|p2a: Slowbro|296\/394 brn|[from] move: Infestation|[partiallytrapped]
|turn|54
|
|move|p1a: Gastrodon|Scald|p2a: Slowbro
|-resisted|p2a: Slowbro
|-damage|p2a: Slowbro|254\/394 brn
|move|p2a: Slowbro|Slack Off|p2a: Slowbro
|-heal|p2a: Slowbro|394\/394 brn
|
|-damage|p2a: Slowbro|345\/394 brn|[from] brn
|-damage|p2a: Slowbro|296\/394 brn|[from] move: Infestation|[partiallytrapped]
|turn|55
|
|switch|p1a: Muk|Muk, F|395\/413
|move|p2a: Slowbro|Calm Mind|p2a: Slowbro
|-boost|p2a: Slowbro|spa|1
|-boost|p2a: Slowbro|spd|1
|
|-heal|p1a: Muk|413\/413|[from] item: Black Sludge
|-damage|p2a: Slowbro|247\/394 brn|[from] brn
|-end|p2a: Slowbro|Infestation|[partiallytrapped]
|turn|56
|
|move|p1a: Muk|Taunt|p2a: Slowbro
|-start|p2a: Slowbro|move: Taunt
|cant|p2a: Slowbro|move: Taunt|Slack Off
|
|-damage|p2a: Slowbro|198\/394 brn|[from] brn
|turn|57
|
|switch|p1a: Bisharp|Bisharp, F|220\/292
|move|p2a: Slowbro|Psyshock|p1a: Bisharp
|-immune|p1a: Bisharp|[msg]
|
|-damage|p2a: Slowbro|149\/394 brn|[from] brn
|turn|58
|
|move|p1a: Bisharp|Pursuit|p2a: Slowbro
|-supereffective|p2a: Slowbro
|-damage|p2a: Slowbro|93\/394 brn
|move|p2a: Slowbro|Scald|p1a: Bisharp
|-damage|p1a: Bisharp|0 fnt
|faint|p1a: Bisharp
|
|-damage|p2a: Slowbro|44\/394 brn|[from] brn
|-end|p2a: Slowbro|move: Taunt
|
|switch|p1a: Chansey|Chansey, F|426\/703
|turn|59
|
|move|p1a: Chansey|Seismic Toss|p2a: Slowbro
|-damage|p2a: Slowbro|0 fnt
|faint|p2a: Slowbro
|
|
|switch|p2a: Garchomp|Garchomp, M|225\/357
|-damage|p2a: Garchomp|181\/357|[from] Spikes
|turn|60
|
|move|p2a: Garchomp|Earthquake|p1a: Chansey
|-damage|p1a: Chansey|45\/703
|move|p1a: Chansey|Wish|p1a: Chansey
|
|turn|61
|
|switch|p1a: Gastrodon|Gastrodon, F|325\/425
|move|p2a: Garchomp|Earthquake|p1a: Gastrodon
|-damage|p1a: Gastrodon|156\/425
|
|-heal|p1a: Gastrodon|425\/425|[from] move: Wish|[wisher] Chansey
|turn|62
|
|switch|p2a: Clefable|Clefable, F|195\/394 par
|move|p1a: Gastrodon|Infestation|p2a: Clefable
|-resisted|p2a: Clefable
|-damage|p2a: Clefable|189\/394 par
|-activate|p2a: Clefable|move: Infestation|[of] p1a: Gastrodon
|
|-heal|p2a: Clefable|213\/394 par|[from] item: Leftovers
|turn|63
|
|switch|p1a: Altaria|Altaria-Mega, F|237\/354
|cant|p2a: Clefable|par
|
|-heal|p2a: Clefable|237\/394 par|[from] item: Leftovers
|-end|p2a: Clefable|Infestation|[partiallytrapped]
|turn|64
|
|move|p2a: Clefable|Protect|p2a: Clefable
|-singleturn|p2a: Clefable|Protect
|move|p1a: Altaria|Body Slam|p2a: Clefable
|-activate|p2a: Clefable|Protect
|
|-heal|p2a: Clefable|261\/394 par|[from] item: Leftovers
|turn|65
|c|âEmprahProtects|showdown lied to me it made it seem slowbro outspeeds chansey, but upon furthur research chansey does in fact outspeed it most of the time
|c|âEmprahProtects|o well gg
|-message|EmprahProtects forfeited.
|leave|EmprahProtects
|
|win|Zuxo
|raw|Ladder updating...
|player|p2
|raw|Zuxo's rating: 1526 &rarr; <strong>1546<\/strong><br \/>(+20 for winning)
|raw|EmprahProtects's rating: 1530 &rarr; <strong>1510<\/strong><br \/>(-20 for losing)