|join|Zuxo
|join|MetaFalken
|player|p1|Zuxo|162
|player|p2|MetaFalken|163
|gametype|singles
|gen|6
|tier|OU
|rated
|clearpoke
|poke|p1|Crobat, M
|poke|p1|Escavalier, F
|poke|p1|Sableye, F
|poke|p1|Chansey, F
|poke|p1|Zygarde
|poke|p1|Entei, shiny
|poke|p2|Scizor, F
|poke|p2|Rotom-Wash
|poke|p2|Landorus-Therian, M
|poke|p2|Lopunny, F
|poke|p2|Latios, M
|poke|p2|Chansey, F
|rule|Swagger Clause: Swagger is banned
|rule|Baton Pass Clause: Limit one PokÃ©mon knowing Baton Pass
|rule|Sleep Clause Mod: Limit one foe put to sleep
|rule|Species Clause: Limit one of each PokÃ©mon
|rule|OHKO Clause: OHKO moves are banned
|rule|Moody Clause: Moody is banned
|rule|Evasion Moves Clause: Evasion moves are banned
|rule|Endless Battle Clause: Forcing endless battles is banned
|rule|HP Percentage Mod: HP is shown in percentages
|teampreview
|
|start
|switch|p1a: Escavalier|Escavalier, F|343\/343
|switch|p2a: Lopunny|Lopunny, F|271\/271
|turn|1
|
|detailschange|p2a: Lopunny|Lopunny-Mega, F
|-mega|p2a: Lopunny|Lopunny|Lopunnite
|move|p2a: Lopunny|Fake Out|p1a: Escavalier
|-resisted|p1a: Escavalier
|-damage|p1a: Escavalier|308\/343
|cant|p1a: Escavalier|flinch
|
|turn|2
|
|switch|p2a: Landorus-Therian|Landorus-Therian, M|345\/345
|-ability|p2a: Landorus-Therian|Intimidate|[of] p1a: Escavalier
|-unboost|p1a: Escavalier|atk|1
|move|p1a: Escavalier|Iron Head|p2a: Landorus-Therian
|-crit|p2a: Landorus-Therian
|-damage|p2a: Landorus-Therian|152\/345
|
|-heal|p2a: Landorus-Therian|173\/345|[from] item: Leftovers
|turn|3
|
|switch|p1a: Sableye|Sableye, F|304\/304
|move|p2a: Landorus-Therian|Knock Off|p1a: Sableye
|-damage|p1a: Sableye|244\/304
|
|-heal|p2a: Landorus-Therian|194\/345|[from] item: Leftovers
|turn|4
|
|switch|p2a: Latios|Latios, M|301\/301
|detailschange|p1a: Sableye|Sableye-Mega, F
|-mega|p1a: Sableye|Sableye|Sablenite
|move|p1a: Sableye|Will-O-Wisp|p2a: Latios
|-status|p2a: Latios|brn
|
|-damage|p2a: Latios|264\/301 brn|[from] brn
|turn|5
|
|switch|p1a: Escavalier|Escavalier, F|308\/343
|move|p2a: Latios|Draco Meteor|p1a: Escavalier
|-resisted|p1a: Escavalier
|-damage|p1a: Escavalier|209\/343
|-unboost|p2a: Latios|spa|2
|-damage|p2a: Latios|234\/301 brn|[from] item: Life Orb
|
|-damage|p2a: Latios|197\/301 brn|[from] brn
|turn|6
|
|move|p1a: Escavalier|Pursuit|p2a: Latios|[from]Pursuit
|-supereffective|p2a: Latios
|-damage|p2a: Latios|0 fnt
|faint|p2a: Latios
|
|
|switch|p2a: Landorus-Therian|Landorus-Therian, M|194\/345
|-ability|p2a: Landorus-Therian|Intimidate|[of] p1a: Escavalier
|-unboost|p1a: Escavalier|atk|1
|turn|7
|
|switch|p1a: Sableye|Sableye-Mega, F|244\/304
|move|p2a: Landorus-Therian|U-turn|p1a: Sableye
|-damage|p1a: Sableye|198\/304
|
|switch|p2a: Lopunny|Lopunny-Mega, F|271\/271
|
|turn|8
|
|switch|p1a: Crobat|Crobat, M|347\/347
|move|p2a: Lopunny|Fake Out|p1a: Crobat
|-damage|p1a: Crobat|260\/347
|
|-heal|p1a: Crobat|281\/347|[from] item: Black Sludge
|turn|9
|
|switch|p2a: Chansey|Chansey, F|642\/642
|move|p1a: Crobat|Brave Bird|p2a: Chansey
|-damage|p2a: Chansey|447\/642
|-damage|p1a: Crobat|217\/347|[from] recoil|[of] p2a: Chansey
|
|-heal|p1a: Crobat|238\/347|[from] item: Black Sludge
|turn|10
|
|move|p1a: Crobat|Taunt|p2a: Chansey
|-start|p2a: Chansey|move: Taunt
|cant|p2a: Chansey|move: Taunt|Thunder Wave
|
|-heal|p1a: Crobat|259\/347|[from] item: Black Sludge
|turn|11
|
|move|p1a: Crobat|Toxic|p2a: Chansey
|-status|p2a: Chansey|tox
|move|p2a: Chansey|Seismic Toss|p1a: Crobat
|-damage|p1a: Crobat|159\/347
|
|-heal|p1a: Crobat|180\/347|[from] item: Black Sludge
|-damage|p2a: Chansey|407\/642 tox|[from] psn
|turn|12
|
|switch|p2a: Rotom-Wash|Rotom-Wash|303\/303
|move|p1a: Crobat|Toxic|p2a: Rotom-Wash
|-status|p2a: Rotom-Wash|tox
|
|-heal|p1a: Crobat|201\/347|[from] item: Black Sludge
|-damage|p2a: Rotom-Wash|285\/303 tox|[from] psn
|turn|13
|
|switch|p1a: Entei|Entei, shiny|371\/371
|-ability|p1a: Entei|Pressure
|move|p2a: Rotom-Wash|Hydro Pump|p1a: Entei
|-supereffective|p1a: Entei
|-damage|p1a: Entei|35\/371
|
|-heal|p2a: Rotom-Wash|303\/303 tox|[from] item: Leftovers
|-damage|p2a: Rotom-Wash|267\/303 tox|[from] psn
|turn|14
|
|switch|p1a: Zygarde|Zygarde|407\/407
|-ability|p1a: Zygarde|Aura Break
|move|p2a: Rotom-Wash|Volt Switch|p1a: Zygarde
|-immune|p1a: Zygarde|[msg]
|
|-heal|p2a: Rotom-Wash|285\/303 tox|[from] item: Leftovers
|-damage|p2a: Rotom-Wash|231\/303 tox|[from] psn
|turn|15
|
|switch|p2a: Chansey|Chansey, F|407\/642
|move|p1a: Zygarde|Substitute|p1a: Zygarde
|-start|p1a: Zygarde|Substitute
|-damage|p1a: Zygarde|306\/407
|
|-heal|p1a: Zygarde|331\/407|[from] item: Leftovers
|turn|16
|
|move|p2a: Chansey|Seismic Toss|p1a: Zygarde
|-activate|p1a: Zygarde|Substitute|[damage]
|move|p1a: Zygarde|Dragon Tail|p2a: Chansey
|-damage|p2a: Chansey|320\/642
|drag|p2a: Rotom-Wash|Rotom-Wash|231\/303 tox
|
|-heal|p1a: Zygarde|356\/407|[from] item: Leftovers
|-heal|p2a: Rotom-Wash|249\/303 tox|[from] item: Leftovers
|-damage|p2a: Rotom-Wash|231\/303 tox|[from] psn
|turn|17
|
|move|p1a: Zygarde|Substitute|p1a: Zygarde
|-fail|p1a: Zygarde|move: Substitute
|move|p2a: Rotom-Wash|Hydro Pump|p1a: Zygarde
|-end|p1a: Zygarde|Substitute
|
|-heal|p1a: Zygarde|381\/407|[from] item: Leftovers
|-heal|p2a: Rotom-Wash|249\/303 tox|[from] item: Leftovers
|-damage|p2a: Rotom-Wash|213\/303 tox|[from] psn
|turn|18
|
|switch|p2a: Landorus-Therian|Landorus-Therian, M|194\/345
|-ability|p2a: Landorus-Therian|Intimidate|[of] p1a: Zygarde
|-unboost|p1a: Zygarde|atk|1
|move|p1a: Zygarde|Substitute|p1a: Zygarde
|-start|p1a: Zygarde|Substitute
|-damage|p1a: Zygarde|280\/407
|
|-heal|p2a: Landorus-Therian|215\/345|[from] item: Leftovers
|-heal|p1a: Zygarde|305\/407|[from] item: Leftovers
|turn|19
|
|switch|p1a: Sableye|Sableye-Mega, F|198\/304
|move|p2a: Landorus-Therian|Earthquake|p1a: Sableye
|-damage|p1a: Sableye|105\/304
|
|-heal|p2a: Landorus-Therian|236\/345|[from] item: Leftovers
|turn|20
|
|move|p2a: Landorus-Therian|U-turn|p1a: Sableye
|-damage|p1a: Sableye|58\/304
|
|switch|p2a: Chansey|Chansey, F|320\/642
|move|p1a: Sableye|Recover|p1a: Sableye
|-heal|p1a: Sableye|210\/304
|
|turn|21
|
|move|p2a: Chansey|Soft-Boiled|p2a: Chansey
|-heal|p2a: Chansey|641\/642
|move|p1a: Sableye|Will-O-Wisp|p2a: Chansey
|-status|p2a: Chansey|brn
|
|-damage|p2a: Chansey|561\/642 brn|[from] brn
|turn|22
|
|move|p2a: Chansey|Aromatherapy|p2a: Chansey
|-cureteam|p2a: Chansey|[from] move: Aromatherapy
|move|p1a: Sableye|Will-O-Wisp|p2a: Chansey
|-status|p2a: Chansey|brn
|
|-damage|p2a: Chansey|481\/642 brn|[from] brn
|turn|23
|
|switch|p2a: Rotom-Wash|Rotom-Wash|213\/303
|move|p1a: Sableye|Will-O-Wisp|p2a: Rotom-Wash
|-status|p2a: Rotom-Wash|brn
|
|-heal|p2a: Rotom-Wash|231\/303 brn|[from] item: Leftovers
|-damage|p2a: Rotom-Wash|194\/303 brn|[from] brn
|turn|24
|
|move|p2a: Rotom-Wash|Hydro Pump|p1a: Sableye
|-damage|p1a: Sableye|92\/304
|move|p1a: Sableye|Recover|p1a: Sableye
|-heal|p1a: Sableye|244\/304
|
|-heal|p2a: Rotom-Wash|212\/303 brn|[from] item: Leftovers
|-damage|p2a: Rotom-Wash|175\/303 brn|[from] brn
|turn|25
|
|move|p2a: Rotom-Wash|Pain Split|p1a: Sableye
|-sethp|p1a: Sableye|209\/304|p2a: Rotom-Wash|209\/303 brn|[from] move: Pain Split
|move|p1a: Sableye|Calm Mind|p1a: Sableye
|-boost|p1a: Sableye|spa|1
|-boost|p1a: Sableye|spd|1
|
|-heal|p2a: Rotom-Wash|227\/303 brn|[from] item: Leftovers
|-damage|p2a: Rotom-Wash|190\/303 brn|[from] brn
|turn|26
|
|move|p2a: Rotom-Wash|Volt Switch|p1a: Sableye
|-damage|p1a: Sableye|158\/304
|
|switch|p2a: Lopunny|Lopunny-Mega, F|271\/271
|move|p1a: Sableye|Will-O-Wisp|p2a: Lopunny
|-status|p2a: Lopunny|brn
|
|-damage|p2a: Lopunny|238\/271 brn|[from] brn
|turn|27
|
|switch|p1a: Crobat|Crobat, M|201\/347
|move|p2a: Lopunny|Fake Out|p1a: Crobat
|-damage|p1a: Crobat|152\/347
|
|-heal|p1a: Crobat|173\/347|[from] item: Black Sludge
|-damage|p2a: Lopunny|205\/271 brn|[from] brn
|turn|28
|
|switch|p2a: Chansey|Chansey, F|481\/642
|move|p1a: Crobat|Taunt|p2a: Chansey
|-start|p2a: Chansey|move: Taunt
|
|-heal|p1a: Crobat|194\/347|[from] item: Black Sludge
|turn|29
|
|move|p1a: Crobat|Roost|p1a: Crobat
|-heal|p1a: Crobat|347\/347
|move|p2a: Chansey|Seismic Toss|p1a: Crobat
|-damage|p1a: Crobat|247\/347
|
|-heal|p1a: Crobat|268\/347|[from] item: Black Sludge
|turn|30
|
|switch|p2a: Landorus-Therian|Landorus-Therian, M|236\/345
|-ability|p2a: Landorus-Therian|Intimidate|[of] p1a: Crobat
|-unboost|p1a: Crobat|atk|1
|move|p1a: Crobat|Toxic|p2a: Landorus-Therian
|-status|p2a: Landorus-Therian|tox
|
|-heal|p1a: Crobat|289\/347|[from] item: Black Sludge
|-heal|p2a: Landorus-Therian|257\/345 tox|[from] item: Leftovers
|-damage|p2a: Landorus-Therian|236\/345 tox|[from] psn
|turn|31
|
|move|p1a: Crobat|Taunt|p2a: Landorus-Therian
|-start|p2a: Landorus-Therian|move: Taunt
|move|p2a: Landorus-Therian|Knock Off|p1a: Crobat
|-crit|p1a: Crobat
|-damage|p1a: Crobat|98\/347
|-enditem|p1a: Crobat|Black Sludge|[from] move: Knock Off|[of] p2a: Landorus-Therian
|
|-heal|p2a: Landorus-Therian|257\/345 tox|[from] item: Leftovers
|-damage|p2a: Landorus-Therian|215\/345 tox|[from] psn
|turn|32
|
|move|p1a: Crobat|Roost|p1a: Crobat
|-heal|p1a: Crobat|272\/347
|move|p2a: Landorus-Therian|U-turn|p1a: Crobat
|-resisted|p1a: Crobat
|-damage|p1a: Crobat|224\/347
|
|switch|p2a: Scizor|Scizor, F|343\/343
|
|turn|33
|
|switch|p1a: Zygarde|Zygarde|305\/407
|-ability|p1a: Zygarde|Aura Break
|move|p2a: Scizor|Bullet Punch|p1a: Zygarde
|-damage|p1a: Zygarde|190\/407
|
|-heal|p1a: Zygarde|215\/407|[from] item: Leftovers
|turn|34
|
|switch|p2a: Chansey|Chansey, F|481\/642
|move|p1a: Zygarde|Dragon Tail|p2a: Chansey
|-damage|p2a: Chansey|394\/642
|drag|p2a: Rotom-Wash|Rotom-Wash|190\/303 brn
|
|-heal|p1a: Zygarde|240\/407|[from] item: Leftovers
|-heal|p2a: Rotom-Wash|208\/303 brn|[from] item: Leftovers
|-damage|p2a: Rotom-Wash|171\/303 brn|[from] brn
|turn|35
|
|switch|p1a: Chansey|Chansey, F|703\/703
|move|p2a: Rotom-Wash|Hydro Pump|p1a: Chansey
|-damage|p1a: Chansey|621\/703
|
|-heal|p2a: Rotom-Wash|189\/303 brn|[from] item: Leftovers
|-damage|p2a: Rotom-Wash|152\/303 brn|[from] brn
|turn|36
|
|switch|p1a: Zygarde|Zygarde|240\/407
|-ability|p1a: Zygarde|Aura Break
|move|p2a: Rotom-Wash|Pain Split|p1a: Zygarde
|-sethp|p1a: Zygarde|196\/407|p2a: Rotom-Wash|196\/303 brn|[from] move: Pain Split
|
|-heal|p1a: Zygarde|221\/407|[from] item: Leftovers
|-heal|p2a: Rotom-Wash|214\/303 brn|[from] item: Leftovers
|-damage|p2a: Rotom-Wash|177\/303 brn|[from] brn
|turn|37
|
|switch|p1a: Chansey|Chansey, F|621\/703
|move|p2a: Rotom-Wash|Will-O-Wisp|p1a: Chansey
|-status|p1a: Chansey|brn
|
|-heal|p2a: Rotom-Wash|195\/303 brn|[from] item: Leftovers
|-damage|p2a: Rotom-Wash|158\/303 brn|[from] brn
|-damage|p1a: Chansey|534\/703 brn|[from] brn
|turn|38
|
|switch|p2a: Chansey|Chansey, F|394\/642
|switch|p1a: Entei|Entei, shiny|35\/371
|-ability|p1a: Entei|Pressure
|
|turn|39
|
|move|p1a: Entei|Sacred Fire|p2a: Chansey
|-damage|p2a: Chansey|105\/642
|-status|p2a: Chansey|brn
|-damage|p1a: Entei|0 fnt|[from] item: Life Orb
|faint|p1a: Entei
|move|p2a: Chansey|Seismic Toss|p1: Entei|[notarget]
|-notarget
|
|-damage|p2a: Chansey|25\/642 brn|[from] brn
|
|switch|p1a: Escavalier|Escavalier, F|209\/343
|turn|40
|
|move|p1a: Escavalier|Pursuit|p2a: Chansey|[from]Pursuit
|-damage|p2a: Chansey|0 fnt
|faint|p2a: Chansey
|
|
|switch|p2a: Rotom-Wash|Rotom-Wash|158\/303 brn
|turn|41
|
|switch|p1a: Sableye|Sableye-Mega, F|158\/304
|move|p2a: Rotom-Wash|Will-O-Wisp|p1a: Sableye
|move|p1a: Sableye|Will-O-Wisp|p2a: Rotom-Wash|[from]Magic Bounce
|-fail|p2a: Rotom-Wash|brn
|
|-heal|p2a: Rotom-Wash|176\/303 brn|[from] item: Leftovers
|-damage|p2a: Rotom-Wash|139\/303 brn|[from] brn
|turn|42
|
|move|p2a: Rotom-Wash|Volt Switch|p1a: Sableye
|-damage|p1a: Sableye|85\/304
|
|switch|p2a: Lopunny|Lopunny-Mega, F|205\/271 brn
|move|p1a: Sableye|Recover|p1a: Sableye
|-heal|p1a: Sableye|237\/304
|
|-damage|p2a: Lopunny|172\/271 brn|[from] brn
|turn|43
|
|switch|p1a: Escavalier|Escavalier, F|209\/343
|move|p2a: Lopunny|Return|p1a: Escavalier
|-resisted|p1a: Escavalier
|-damage|p1a: Escavalier|165\/343
|
|-damage|p2a: Lopunny|139\/271 brn|[from] brn
|turn|44
|
|move|p2a: Lopunny|High Jump Kick|p1a: Escavalier
|-damage|p1a: Escavalier|56\/343
|move|p1a: Escavalier|Megahorn|p2a: Lopunny
|-resisted|p2a: Lopunny
|-damage|p2a: Lopunny|10\/271 brn
|
|-damage|p2a: Lopunny|0 fnt|[from] brn
|faint|p2a: Lopunny
|
|switch|p2a: Landorus-Therian|Landorus-Therian, M|215\/345 tox
|-ability|p2a: Landorus-Therian|Intimidate|[of] p1a: Escavalier
|-unboost|p1a: Escavalier|atk|1
|turn|45
|
|switch|p1a: Crobat|Crobat, M|224\/347
|move|p2a: Landorus-Therian|Earthquake|p1a: Crobat
|-immune|p1a: Crobat|[msg]
|
|-heal|p2a: Landorus-Therian|236\/345 tox|[from] item: Leftovers
|-damage|p2a: Landorus-Therian|215\/345 tox|[from] psn
|turn|46
|
|switch|p2a: Scizor|Scizor, F|343\/343
|move|p1a: Crobat|Brave Bird|p2a: Scizor
|-damage|p2a: Scizor|189\/343
|-damage|p1a: Crobat|173\/347|[from] recoil|[of] p2a: Scizor
|
|turn|47
|
|move|p2a: Scizor|Pursuit|p1a: Crobat|[from]Pursuit
|-damage|p1a: Crobat|0 fnt
|faint|p1a: Crobat
|
|
|switch|p1a: Escavalier|Escavalier, F|56\/343
|turn|48
|
|move|p2a: Scizor|Pursuit|p1a: Escavalier
|-damage|p1a: Escavalier|0 fnt
|faint|p1a: Escavalier
|
|
|switch|p1a: Sableye|Sableye-Mega, F|237\/304
|turn|49
|
|switch|p2a: Rotom-Wash|Rotom-Wash|139\/303 brn
|move|p1a: Sableye|Will-O-Wisp|p2a: Rotom-Wash
|-fail|p2a: Rotom-Wash|brn
|
|-heal|p2a: Rotom-Wash|157\/303 brn|[from] item: Leftovers
|-damage|p2a: Rotom-Wash|120\/303 brn|[from] brn
|turn|50
|
|move|p2a: Rotom-Wash|Pain Split|p1a: Sableye
|-sethp|p1a: Sableye|178\/304|p2a: Rotom-Wash|178\/303 brn|[from] move: Pain Split
|move|p1a: Sableye|Recover|p1a: Sableye
|-heal|p1a: Sableye|304\/304
|
|-heal|p2a: Rotom-Wash|196\/303 brn|[from] item: Leftovers
|-damage|p2a: Rotom-Wash|159\/303 brn|[from] brn
|turn|51
|
|move|p2a: Rotom-Wash|Hydro Pump|p1a: Sableye
|-damage|p1a: Sableye|184\/304
|move|p1a: Sableye|Calm Mind|p1a: Sableye
|-boost|p1a: Sableye|spa|1
|-boost|p1a: Sableye|spd|1
|
|-heal|p2a: Rotom-Wash|177\/303 brn|[from] item: Leftovers
|-damage|p2a: Rotom-Wash|140\/303 brn|[from] brn
|turn|52
|
|move|p2a: Rotom-Wash|Volt Switch|p1a: Sableye
|-damage|p1a: Sableye|127\/304
|
|switch|p2a: Scizor|Scizor, F|189\/343
|move|p1a: Sableye|Recover|p1a: Sableye
|-heal|p1a: Sableye|279\/304
|
|turn|53
|
|move|p2a: Scizor|U-turn|p1a: Sableye
|-damage|p1a: Sableye|162\/304
|
|switch|p2a: Landorus-Therian|Landorus-Therian, M|215\/345 tox
|-ability|p2a: Landorus-Therian|Intimidate|[of] p1a: Sableye
|-unboost|p1a: Sableye|atk|1
|move|p1a: Sableye|Will-O-Wisp|p2a: Landorus-Therian
|-fail|p2a: Landorus-Therian
|
|-heal|p2a: Landorus-Therian|236\/345 tox|[from] item: Leftovers
|-damage|p2a: Landorus-Therian|215\/345 tox|[from] psn
|turn|54
|
|move|p2a: Landorus-Therian|U-turn|p1a: Sableye
|-damage|p1a: Sableye|115\/304
|
|switch|p2a: Scizor|Scizor, F|189\/343
|move|p1a: Sableye|Recover|p1a: Sableye
|-heal|p1a: Sableye|267\/304
|
|turn|55
|
|move|p2a: Scizor|U-turn|p1a: Sableye
|-damage|p1a: Sableye|131\/304
|
|switch|p2a: Landorus-Therian|Landorus-Therian, M|215\/345 tox
|-ability|p2a: Landorus-Therian|Intimidate|[of] p1a: Sableye
|-unboost|p1a: Sableye|atk|1
|move|p1a: Sableye|Shadow Ball|p2a: Landorus-Therian
|-damage|p2a: Landorus-Therian|77\/345 tox
|-unboost|p2a: Landorus-Therian|spd|1
|
|-heal|p2a: Landorus-Therian|98\/345 tox|[from] item: Leftovers
|-damage|p2a: Landorus-Therian|77\/345 tox|[from] psn
|turn|56
|
|move|p2a: Landorus-Therian|U-turn|p1a: Sableye
|-damage|p1a: Sableye|86\/304
|
|switch|p2a: Scizor|Scizor, F|189\/343
|move|p1a: Sableye|Recover|p1a: Sableye
|-heal|p1a: Sableye|238\/304
|
|turn|57
|
|move|p2a: Scizor|Bullet Punch|p1a: Sableye
|-damage|p1a: Sableye|138\/304
|move|p1a: Sableye|Recover|p1a: Sableye
|-heal|p1a: Sableye|290\/304
|
|turn|58
|
|switch|p2a: Rotom-Wash|Rotom-Wash|140\/303 brn
|move|p1a: Sableye|Shadow Ball|p2a: Rotom-Wash
|-damage|p2a: Rotom-Wash|31\/303 brn
|
|-heal|p2a: Rotom-Wash|49\/303 brn|[from] item: Leftovers
|-damage|p2a: Rotom-Wash|12\/303 brn|[from] brn
|turn|59
|
|move|p2a: Rotom-Wash|Pain Split|p1a: Sableye
|-sethp|p1a: Sableye|151\/304|p2a: Rotom-Wash|151\/303 brn|[from] move: Pain Split
|move|p1a: Sableye|Calm Mind|p1a: Sableye
|-boost|p1a: Sableye|spa|1
|-boost|p1a: Sableye|spd|1
|
|-heal|p2a: Rotom-Wash|169\/303 brn|[from] item: Leftovers
|-damage|p2a: Rotom-Wash|132\/303 brn|[from] brn
|turn|60
|
|move|p2a: Rotom-Wash|Volt Switch|p1a: Sableye
|-damage|p1a: Sableye|112\/304
|
|switch|p2a: Scizor|Scizor, F|189\/343
|move|p1a: Sableye|Recover|p1a: Sableye
|-heal|p1a: Sableye|264\/304
|
|turn|61
|
|move|p2a: Scizor|U-turn|p1a: Sableye
|-crit|p1a: Sableye
|-damage|p1a: Sableye|68\/304
|
|switch|p2a: Rotom-Wash|Rotom-Wash|132\/303 brn
|move|p1a: Sableye|Shadow Ball|p2a: Rotom-Wash
|-damage|p2a: Rotom-Wash|0 fnt
|faint|p2a: Rotom-Wash
|
|
|switch|p2a: Scizor|Scizor, F|189\/343
|turn|62
|
|move|p2a: Scizor|Bullet Punch|p1a: Sableye
|-damage|p1a: Sableye|0 fnt
|faint|p1a: Sableye
|
|
|switch|p1a: Chansey|Chansey, F|534\/703
|turn|63
|
|move|p2a: Scizor|Bullet Punch|p1a: Chansey
|-damage|p1a: Chansey|281\/703
|move|p1a: Chansey|Wish|p1a: Chansey
|
|turn|64
|
|switch|p1a: Zygarde|Zygarde|221\/407
|-ability|p1a: Zygarde|Aura Break
|move|p2a: Scizor|Bullet Punch|p1a: Zygarde
|-damage|p1a: Zygarde|104\/407
|
|-heal|p1a: Zygarde|407\/407|[from] move: Wish|[wisher] Chansey
|turn|65
|
|switch|p2a: Landorus-Therian|Landorus-Therian, M|77\/345 tox
|-ability|p2a: Landorus-Therian|Intimidate|[of] p1a: Zygarde
|-unboost|p1a: Zygarde|atk|1
|move|p1a: Zygarde|Dragon Tail|p2a: Landorus-Therian
|-damage|p2a: Landorus-Therian|37\/345 tox
|drag|p2a: Scizor|Scizor, F|189\/343
|
|turn|66
|
|move|p2a: Scizor|Bullet Punch|p1a: Zygarde
|-damage|p1a: Zygarde|298\/407
|move|p1a: Zygarde|Dragon Tail|p2a: Scizor
|-resisted|p2a: Scizor
|-damage|p2a: Scizor|166\/343
|drag|p2a: Landorus-Therian|Landorus-Therian, M|37\/345 tox
|-ability|p2a: Landorus-Therian|Intimidate|[of] p1a: Zygarde
|-unboost|p1a: Zygarde|atk|1
|
|-heal|p2a: Landorus-Therian|58\/345 tox|[from] item: Leftovers
|-heal|p1a: Zygarde|323\/407|[from] item: Leftovers
|-damage|p2a: Landorus-Therian|37\/345 tox|[from] psn
|turn|67
|
|move|p2a: Landorus-Therian|Knock Off|p1a: Zygarde
|-damage|p1a: Zygarde|254\/407
|-enditem|p1a: Zygarde|Leftovers|[from] move: Knock Off|[of] p2a: Landorus-Therian
|move|p1a: Zygarde|Substitute|p1a: Zygarde
|-start|p1a: Zygarde|Substitute
|-damage|p1a: Zygarde|153\/407
|
|-heal|p2a: Landorus-Therian|58\/345 tox|[from] item: Leftovers
|-damage|p2a: Landorus-Therian|16\/345 tox|[from] psn
|turn|68
|
|switch|p2a: Scizor|Scizor, F|166\/343
|move|p1a: Zygarde|Earthquake|p2a: Scizor
|-damage|p2a: Scizor|108\/343
|
|turn|69
|
|move|p2a: Scizor|Bullet Punch|p1a: Zygarde
|-crit|p1a: Zygarde
|-end|p1a: Zygarde|Substitute
|move|p1a: Zygarde|Earthquake|p2a: Scizor
|-damage|p2a: Scizor|50\/343
|
|turn|70
|
|switch|p2a: Landorus-Therian|Landorus-Therian, M|16\/345 tox
|-ability|p2a: Landorus-Therian|Intimidate|[of] p1a: Zygarde
|-unboost|p1a: Zygarde|atk|1
|move|p1a: Zygarde|Earthquake|p2a: Landorus-Therian
|-immune|p2a: Landorus-Therian|[msg]
|
|-heal|p2a: Landorus-Therian|37\/345 tox|[from] item: Leftovers
|-damage|p2a: Landorus-Therian|16\/345 tox|[from] psn
|turn|71
|
|move|p2a: Landorus-Therian|Knock Off|p1a: Zygarde
|-damage|p1a: Zygarde|110\/407
|move|p1a: Zygarde|Dragon Tail|p2a: Landorus-Therian
|-damage|p2a: Landorus-Therian|0 fnt
|faint|p2a: Landorus-Therian
|
|
|switch|p2a: Scizor|Scizor, F|50\/343
|turn|72
|
|move|p1a: Zygarde|Earthquake|p2a: Scizor
|-damage|p2a: Scizor|4\/343
|move|p2a: Scizor|Superpower|p1a: Zygarde
|-damage|p1a: Zygarde|0 fnt
|-unboost|p2a: Scizor|atk|1
|-unboost|p2a: Scizor|def|1
|faint|p1a: Zygarde
|
|
|switch|p1a: Chansey|Chansey, F|281\/703
|turn|73
|
|move|p2a: Scizor|Superpower|p1a: Chansey
|-supereffective|p1a: Chansey
|-damage|p1a: Chansey|0 fnt
|-unboost|p2a: Scizor|atk|1
|-unboost|p2a: Scizor|def|1
|faint|p1a: Chansey
|
|win|MetaFalken
|raw|Ladder updating...
|raw|Zuxo's rating: 1523 &rarr; <strong>1506<\/strong><br \/>(-17 for losing)
|raw|MetaFalken's rating: 1568 &rarr; <strong>1585<\/strong><br \/>(+17 for winning)
|leave|Zuxo
|player|p1