|join|GGamer745
|join|qqqqw
|player|p1|GGamer745|44
|player|p2|qqqqw|52
|gametype|singles
|gen|6
|tier|ORAS OU
|rated
|rule|Sleep Clause Mod: Limit one foe put to sleep
|rule|Species Clause: Limit one of each PokÃ©mon
|rule|OHKO Clause: OHKO moves are banned
|rule|Moody Clause: Moody is banned
|rule|Evasion Moves Clause: Evasion moves are banned
|rule|Endless Battle Clause: Forcing endless battles is banned
|rule|HP Percentage Mod: HP is shown in percentages
|clearpoke
|poke|p1|Swampert, M
|poke|p1|Jirachi
|poke|p1|Zapdos
|poke|p1|Victini
|poke|p1|Breloom, F
|poke|p1|Tyranitar, M
|poke|p2|Pidgeot, M
|poke|p2|Rotom-Wash
|poke|p2|Empoleon, F
|poke|p2|Chandelure, M
|poke|p2|Clawitzer, F
|poke|p2|Froslass, F
|rule|Swagger Clause: Swagger is banned
|rule|Baton Pass Clause: Limit one PokÃ©mon knowing Baton Pass
|teampreview
|join|plus
|
|start
|switch|p1a: Zapdos|Zapdos|384\/384
|switch|p2a: Pidgeot|Pidgeot, M|307\/307
|-ability|p1a: Zapdos|Pressure
|turn|1
|
|switch|p2a: Rotom-Wash|Rotom-Wash|304\/304
|move|p1a: Zapdos|Volt Switch|p2a: Rotom-Wash
|-crit|p2a: Rotom-Wash
|-damage|p2a: Rotom-Wash|154\/304
|
|switch|p1a: Breloom|Breloom, F|321\/321
|
|-heal|p2a: Rotom-Wash|173\/304|[from] item: Leftovers
|-status|p1a: Breloom|tox|[from] item: Toxic Orb
|turn|2
|
|switch|p2a: Pidgeot|Pidgeot, M|307\/307
|move|p1a: Breloom|Spore|p2a: Pidgeot
|-status|p2a: Pidgeot|slp
|
|turn|3
|
|switch|p1a: Zapdos|Zapdos|384\/384
|-ability|p1a: Zapdos|Pressure
|detailschange|p2a: Pidgeot|Pidgeot-Mega, M
|message|Pidgeot has Mega Evolved into Mega Pidgeot!
|cant|p2a: Pidgeot|slp
|
|turn|4
|
|switch|p2a: Rotom-Wash|Rotom-Wash|173\/304
|move|p1a: Zapdos|Volt Switch|p2a: Rotom-Wash
|-damage|p2a: Rotom-Wash|85\/304
|
|switch|p1a: Breloom|Breloom, F|321\/321 tox
|
|-heal|p2a: Rotom-Wash|104\/304|[from] item: Leftovers
|turn|5
|
|move|p2a: Rotom-Wash|Confuse Ray|p1a: Breloom
|-start|p1a: Breloom|confusion
|-activate|p1a: Breloom|confusion
|-damage|p1a: Breloom|286\/321 tox|[from] confusion
|
|-heal|p2a: Rotom-Wash|123\/304|[from] item: Leftovers
|-heal|p1a: Breloom|321\/321 tox|[from] ability: Poison Heal
|turn|6
|
|switch|p2a: Froslass|Froslass, F|281\/281
|-activate|p1a: Breloom|confusion
|-damage|p1a: Breloom|288\/321 tox|[from] confusion
|
|-heal|p1a: Breloom|321\/321 tox|[from] ability: Poison Heal
|turn|7
|
|switch|p1a: Tyranitar|Tyranitar, M|404\/404
|-weather|Sandstorm
|move|p2a: Froslass|Shadow Ball|p1a: Tyranitar
|-resisted|p1a: Tyranitar
|-damage|p1a: Tyranitar|372\/404
|
|-weather|Sandstorm|[upkeep]
|-damage|p2a: Froslass|264\/281|[from] sandstorm
|-heal|p1a: Tyranitar|397\/404|[from] item: Leftovers
|turn|8
|
|switch|p2a: Clawitzer|Clawitzer, F|346\/346
|move|p1a: Tyranitar|Stealth Rock|p2a: Clawitzer
|-sidestart|p2: qqqqw|move: Stealth Rock
|
|-weather|Sandstorm|[upkeep]
|-damage|p2a: Clawitzer|325\/346|[from] sandstorm
|-heal|p1a: Tyranitar|404\/404|[from] item: Leftovers
|turn|9
|
|switch|p1a: Jirachi|Jirachi|404\/404
|move|p2a: Clawitzer|Dark Pulse|p1a: Jirachi
|-supereffective|p1a: Jirachi
|-damage|p1a: Jirachi|82\/404
|
|-weather|Sandstorm|[upkeep]
|-damage|p2a: Clawitzer|304\/346|[from] sandstorm
|-heal|p1a: Jirachi|107\/404|[from] item: Leftovers
|turn|10
|
|move|p1a: Jirachi|Body Slam|p2a: Clawitzer
|-damage|p2a: Clawitzer|224\/346
|-status|p2a: Clawitzer|par
|move|p2a: Clawitzer|Dark Pulse|p1a: Jirachi
|-crit|p1a: Jirachi
|-supereffective|p1a: Jirachi
|-damage|p1a: Jirachi|0 fnt
|faint|p1a: Jirachi
|
|-weather|Sandstorm|[upkeep]
|-damage|p2a: Clawitzer|203\/346 par|[from] sandstorm
|
|switch|p1a: Zapdos|Zapdos|384\/384
|-ability|p1a: Zapdos|Pressure
|turn|11
|
|move|p1a: Zapdos|Volt Switch|p2a: Clawitzer
|-supereffective|p2a: Clawitzer
|-damage|p2a: Clawitzer|0 fnt
|faint|p2a: Clawitzer
|
|switch|p1a: Tyranitar|Tyranitar, M|404\/404
|
|-weather|none
|
|switch|p2a: Chandelure|Chandelure, M|324\/324
|-damage|p2a: Chandelure|243\/324|[from] Stealth Rock
|turn|12
|
|move|p2a: Chandelure|Energy Ball|p1a: Tyranitar
|-supereffective|p1a: Tyranitar
|-damage|p1a: Tyranitar|170\/404
|move|p1a: Tyranitar|Crunch|p2a: Chandelure
|-supereffective|p2a: Chandelure
|-damage|p2a: Chandelure|0 fnt
|faint|p2a: Chandelure
|
|-heal|p1a: Tyranitar|195\/404|[from] item: Leftovers
|
|switch|p2a: Rotom-Wash|Rotom-Wash|123\/304
|-damage|p2a: Rotom-Wash|85\/304|[from] Stealth Rock
|turn|13
|
|switch|p1a: Breloom|Breloom, F|321\/321 tox
|move|p2a: Rotom-Wash|Discharge|p1a: Breloom
|-resisted|p1a: Breloom
|-damage|p1a: Breloom|237\/321 tox
|
|-heal|p2a: Rotom-Wash|104\/304|[from] item: Leftovers
|-heal|p1a: Breloom|277\/321 tox|[from] ability: Poison Heal
|turn|14
|
|move|p2a: Rotom-Wash|Confuse Ray|p1a: Breloom
|-start|p1a: Breloom|confusion
|-activate|p1a: Breloom|confusion
|-damage|p1a: Breloom|243\/321 tox|[from] confusion
|
|-heal|p2a: Rotom-Wash|123\/304|[from] item: Leftovers
|-heal|p1a: Breloom|283\/321 tox|[from] ability: Poison Heal
|turn|15
|
|move|p2a: Rotom-Wash|Hex|p1a: Breloom
|-damage|p1a: Breloom|92\/321 tox
|-activate|p1a: Breloom|confusion
|move|p1a: Breloom|Substitute|p1a: Breloom
|-start|p1a: Breloom|Substitute
|-damage|p1a: Breloom|12\/321 tox
|
|-heal|p2a: Rotom-Wash|142\/304|[from] item: Leftovers
|-heal|p1a: Breloom|52\/321 tox|[from] ability: Poison Heal
|turn|16
|
|move|p2a: Rotom-Wash|Hex|p1a: Breloom
|-end|p1a: Breloom|Substitute
|-activate|p1a: Breloom|confusion
|-damage|p1a: Breloom|20\/321 tox|[from] confusion
|
|-heal|p2a: Rotom-Wash|161\/304|[from] item: Leftovers
|-heal|p1a: Breloom|60\/321 tox|[from] ability: Poison Heal
|turn|17
|
|move|p2a: Rotom-Wash|Hydro Pump|p1a: Breloom
|-resisted|p1a: Breloom
|-damage|p1a: Breloom|0 fnt
|faint|p1a: Breloom
|
|-heal|p2a: Rotom-Wash|180\/304|[from] item: Leftovers
|
|switch|p1a: Zapdos|Zapdos|384\/384
|-ability|p1a: Zapdos|Pressure
|turn|18
|
|move|p1a: Zapdos|Volt Switch|p2a: Rotom-Wash
|-damage|p2a: Rotom-Wash|89\/304
|
|switch|p1a: Tyranitar|Tyranitar, M|195\/404
|-weather|Sandstorm
|move|p2a: Rotom-Wash|Confuse Ray|p1a: Tyranitar
|-start|p1a: Tyranitar|confusion
|
|-weather|Sandstorm|[upkeep]
|-damage|p2a: Rotom-Wash|70\/304|[from] sandstorm
|-heal|p2a: Rotom-Wash|89\/304|[from] item: Leftovers
|-heal|p1a: Tyranitar|220\/404|[from] item: Leftovers
|turn|19
|
|switch|p1a: Zapdos|Zapdos|384\/384
|-ability|p1a: Zapdos|Pressure
|move|p2a: Rotom-Wash|Discharge|p1a: Zapdos
|-damage|p1a: Zapdos|266\/384
|
|-weather|Sandstorm|[upkeep]
|-damage|p1a: Zapdos|242\/384|[from] sandstorm
|-damage|p2a: Rotom-Wash|70\/304|[from] sandstorm
|-heal|p1a: Zapdos|266\/384|[from] item: Leftovers
|-heal|p2a: Rotom-Wash|89\/304|[from] item: Leftovers
|turn|20
|
|move|p1a: Zapdos|Volt Switch|p2a: Rotom-Wash
|-crit|p2a: Rotom-Wash
|-damage|p2a: Rotom-Wash|0 fnt
|faint|p2a: Rotom-Wash
|
|switch|p1a: Swampert|Swampert, M|381\/381
|
|-weather|Sandstorm|[upkeep]
|
|switch|p2a: Froslass|Froslass, F|264\/281
|-damage|p2a: Froslass|194\/281|[from] Stealth Rock
|turn|21
|
|switch|p1a: Tyranitar|Tyranitar, M|220\/404
|move|p2a: Froslass|Ice Beam|p1a: Tyranitar
|-damage|p1a: Tyranitar|147\/404
|
|-weather|Sandstorm|[upkeep]
|-damage|p2a: Froslass|177\/281|[from] sandstorm
|-heal|p1a: Tyranitar|172\/404|[from] item: Leftovers
|turn|22
|
|move|p2a: Froslass|Ice Beam|p1a: Tyranitar
|-damage|p1a: Tyranitar|91\/404
|-status|p1a: Tyranitar|frz
|-curestatus|p1a: Tyranitar|frz
|move|p1a: Tyranitar|Crunch|p2a: Froslass
|-supereffective|p2a: Froslass
|-damage|p2a: Froslass|0 fnt
|faint|p2a: Froslass
|
|-weather|none
|-heal|p1a: Tyranitar|116\/404|[from] item: Leftovers
|
|switch|p2a: Pidgeot|Pidgeot-Mega, M|307\/307 slp
|-damage|p2a: Pidgeot|231\/307 slp|[from] Stealth Rock
|turn|23
|
|switch|p1a: Zapdos|Zapdos|266\/384
|-ability|p1a: Zapdos|Pressure
|cant|p2a: Pidgeot|slp
|
|-heal|p1a: Zapdos|290\/384|[from] item: Leftovers
|turn|24
|
|-curestatus|p2a: Pidgeot|slp
|move|p2a: Pidgeot|Hurricane|p1a: Zapdos
|-resisted|p1a: Zapdos
|-damage|p1a: Zapdos|175\/384
|move|p1a: Zapdos|Volt Switch|p2a: Pidgeot
|-supereffective|p2a: Pidgeot
|-damage|p2a: Pidgeot|0 fnt
|faint|p2a: Pidgeot
|
|switch|p1a: Victini|Victini|342\/342
|
|-message|qqqqw forfeited.
|leave|qqqqw
|
|switch|p2a: Empoleon|Empoleon, F|372\/372
|-damage|p2a: Empoleon|349\/372|[from] Stealth Rock
|turn|25
|
|win|GGamer745
|raw|Ladder updating...
|player|p2
|raw|GGamer745's rating: 1210 &rarr; <strong>1237<\/strong><br \/>(+27 for winning)
|raw|qqqqw's rating: 1229 &rarr; <strong>1203<\/strong><br \/>(-26 for losing)