|join|ousurvey 2.0
|join|qqqqw
|player|p1|ousurvey 2.0|42
|player|p2|qqqqw|52
|gametype|singles
|gen|6
|tier|ORAS OU
|rated
|rule|Sleep Clause Mod: Limit one foe put to sleep
|rule|Species Clause: Limit one of each PokÃ©mon
|rule|OHKO Clause: OHKO moves are banned
|rule|Moody Clause: Moody is banned
|rule|Evasion Moves Clause: Evasion moves are banned
|rule|Endless Battle Clause: Forcing endless battles is banned
|rule|HP Percentage Mod: HP is shown in percentages
|clearpoke
|poke|p1|Gallade, M
|poke|p1|Scolipede, M
|poke|p1|Kyurem-Black
|poke|p1|Excadrill, M
|poke|p1|Rotom-Wash
|poke|p1|Sylveon, M
|poke|p2|Abomasnow, F
|poke|p2|Cofagrigus, M
|poke|p2|Umbreon, M
|poke|p2|Talonflame, F
|poke|p2|Registeel
|poke|p2|Tentacruel, F
|rule|Swagger Clause: Swagger is banned
|rule|Baton Pass Clause: Limit one PokÃ©mon knowing Baton Pass
|teampreview
|
|start
|switch|p1a: Eeks|Rotom-Wash|303\/303
|switch|p2a: Registeel|Registeel|364\/364
|turn|1
|
|move|p1a: Eeks|Volt Switch|p2a: Registeel
|-damage|p2a: Registeel|321\/364
|
|switch|p1a: Steamroller|Scolipede, M|315\/315
|move|p2a: Registeel|Stealth Rock|p1a: Steamroller
|-sidestart|p1: ousurvey 2.0|move: Stealth Rock
|
|-heal|p2a: Registeel|343\/364|[from] item: Leftovers
|turn|2
|
|switch|p2a: Cofagrigus|Cofagrigus, M|320\/320
|move|p1a: Steamroller|Iron Defense|p1a: Steamroller
|-boost|p1a: Steamroller|def|2
|
|-boost|p1a: Steamroller|spe|1|[from] ability: Speed Boost
|turn|3
|
|move|p1a: Steamroller|Substitute|p1a: Steamroller
|-start|p1a: Steamroller|Substitute
|-damage|p1a: Steamroller|237\/315
|move|p2a: Cofagrigus|Trick Room|p2a: Cofagrigus
|-fieldstart|move: Trick Room|[of] p2a: Cofagrigus
|
|-heal|p1a: Steamroller|256\/315|[from] item: Black Sludge
|-boost|p1a: Steamroller|spe|1|[from] ability: Speed Boost
|turn|4
|
|switch|p2a: Abomasnow|Abomasnow, F|384\/384
|-weather|Hail
|move|p1a: Steamroller|Baton Pass|p1a: Steamroller
|
|switch|p1a: Heads|Gallade, M|339\/339
|-damage|p1a: Heads|318\/339|[from] Stealth Rock
|
|-weather|Hail|[upkeep]
|-damage|p1a: Heads|297\/339|[from] hail
|turn|5
|
|detailschange|p2a: Abomasnow|Abomasnow-Mega, F
|message|Abomasnow has Mega Evolved into Mega Abomasnow!
|detailschange|p1a: Heads|Gallade-Mega, M
|message|Gallade has Mega Evolved into Mega Gallade!
|move|p2a: Abomasnow|Shadow Ball|p1a: Heads
|-supereffective|p1a: Heads
|-end|p1a: Heads|Substitute
|move|p1a: Heads|Drain Punch|p2a: Abomasnow
|-crit|p2a: Abomasnow
|-supereffective|p2a: Abomasnow
|-damage|p2a: Abomasnow|0 fnt
|-heal|p1a: Heads|339\/339|[from] drain|[of] p2a: Abomasnow
|faint|p2a: Abomasnow
|
|-weather|Hail|[upkeep]
|-damage|p1a: Heads|318\/339|[from] hail
|
|switch|p2a: Tentacruel|Tentacruel, F|364\/364
|turn|6
|
|move|p2a: Tentacruel|Confuse Ray|p1a: Heads
|-start|p1a: Heads|confusion
|-activate|p1a: Heads|confusion
|move|p1a: Heads|Leaf Blade|p2a: Tentacruel
|-crit|p2a: Tentacruel
|-damage|p2a: Tentacruel|147\/364
|
|-weather|Hail|[upkeep]
|-damage|p2a: Tentacruel|125\/364|[from] hail
|-damage|p1a: Heads|297\/339|[from] hail
|-heal|p2a: Tentacruel|147\/364|[from] item: Black Sludge
|turn|7
|
|move|p2a: Tentacruel|Scald|p1a: Heads
|-damage|p1a: Heads|227\/339
|-end|p1a: Heads|confusion
|move|p1a: Heads|Taunt|p2a: Tentacruel
|-start|p2a: Tentacruel|move: Taunt
|
|-weather|Hail|[upkeep]
|-damage|p2a: Tentacruel|125\/364|[from] hail
|-damage|p1a: Heads|206\/339|[from] hail
|-heal|p2a: Tentacruel|147\/364|[from] item: Black Sludge
|-fieldend|move: Trick Room
|turn|8
|
|move|p1a: Heads|Leaf Blade|p2a: Tentacruel
|-damage|p2a: Tentacruel|2\/364
|move|p2a: Tentacruel|Scald|p1a: Heads
|-damage|p1a: Heads|139\/339
|
|-weather|none
|-heal|p2a: Tentacruel|24\/364|[from] item: Black Sludge
|turn|9
|
|move|p1a: Heads|Ice Punch|p2a: Tentacruel
|-resisted|p2a: Tentacruel
|-damage|p2a: Tentacruel|0 fnt
|faint|p2a: Tentacruel
|
|
|switch|p2a: Talonflame|Talonflame, F|298\/298
|turn|10
|
|switch|p1a: Gurren|Excadrill, M|375\/375
|-damage|p1a: Gurren|364\/375|[from] Stealth Rock
|-ability|p1a: Gurren|Mold Breaker
|move|p2a: Talonflame|Brave Bird|p1a: Gurren
|-resisted|p1a: Gurren
|-damage|p1a: Gurren|191\/375
|-damage|p2a: Talonflame|241\/298|[from] recoil|[of] p1a: Gurren
|
|turn|11
|
|switch|p2a: Cofagrigus|Cofagrigus, M|320\/320
|move|p1a: Gurren|Rock Slide|p2a: Cofagrigus
|-damage|p2a: Cofagrigus|269\/320
|
|turn|12
|
|switch|p1a: Dragons?!|Sylveon, M|394\/394
|-damage|p1a: Dragons?!|345\/394|[from] Stealth Rock
|move|p2a: Cofagrigus|Will-O-Wisp|p1a: Dragons?!
|-status|p1a: Dragons?!|brn
|
|-heal|p1a: Dragons?!|369\/394 brn|[from] item: Leftovers
|-damage|p1a: Dragons?!|320\/394 brn|[from] brn
|turn|13
|
|switch|p2a: Registeel|Registeel|343\/364
|move|p1a: Dragons?!|Wish|p1a: Dragons?!
|
|-heal|p1a: Dragons?!|344\/394 brn|[from] item: Leftovers
|-heal|p2a: Registeel|364\/364|[from] item: Leftovers
|-damage|p1a: Dragons?!|295\/394 brn|[from] brn
|turn|14
|
|switch|p1a: Heads|Gallade-Mega, M|139\/339
|-damage|p1a: Heads|118\/339|[from] Stealth Rock
|move|p2a: Registeel|Thunder Wave|p1a: Heads
|-status|p1a: Heads|par
|
|-heal|p1a: Heads|315\/339 par|[from] move: Wish|[wisher] Dragons?!
|turn|15
|
|move|p2a: Registeel|Iron Head|p1a: Heads
|-damage|p1a: Heads|231\/339 par
|move|p1a: Heads|Ice Punch|p2a: Registeel
|-resisted|p2a: Registeel
|-damage|p2a: Registeel|324\/364
|
|-heal|p2a: Registeel|346\/364|[from] item: Leftovers
|turn|16
|
|move|p2a: Registeel|Seismic Toss|p1a: Heads
|-damage|p1a: Heads|131\/339 par
|cant|p1a: Heads|par
|
|-heal|p2a: Registeel|364\/364|[from] item: Leftovers
|turn|17
|
|move|p2a: Registeel|Iron Head|p1a: Heads
|-damage|p1a: Heads|52\/339 par
|move|p1a: Heads|Drain Punch|p2a: Registeel
|-supereffective|p2a: Registeel
|-damage|p2a: Registeel|130\/364
|-heal|p1a: Heads|169\/339 par|[from] drain|[of] p2a: Registeel
|
|-heal|p2a: Registeel|152\/364|[from] item: Leftovers
|turn|18
|
|move|p2a: Registeel|Iron Head|p1a: Heads
|-damage|p1a: Heads|90\/339 par
|move|p1a: Heads|Drain Punch|p2a: Registeel
|-supereffective|p2a: Registeel
|-damage|p2a: Registeel|0 fnt
|-heal|p1a: Heads|166\/339 par|[from] drain|[of] p2a: Registeel
|faint|p2a: Registeel
|
|
|switch|p2a: Talonflame|Talonflame, F|241\/298
|turn|19
|
|move|p2a: Talonflame|Flare Blitz|p1a: Heads
|-damage|p1a: Heads|0 fnt
|-damage|p2a: Talonflame|186\/298|[from] recoil|[of] p1a: Heads
|faint|p1a: Heads
|
|
|switch|p1a: Tails|Kyurem-Black|451\/451
|-damage|p1a: Tails|339\/451|[from] Stealth Rock
|-ability|p1a: Tails|Teravolt
|turn|20
|
|switch|p2a: Cofagrigus|Cofagrigus, M|269\/320
|move|p1a: Tails|Fusion Bolt|p2a: Cofagrigus
|-damage|p2a: Cofagrigus|202\/320
|
|-heal|p1a: Tails|367\/451|[from] item: Leftovers
|turn|21
|
|switch|p1a: Eeks|Rotom-Wash|303\/303
|-damage|p1a: Eeks|266\/303|[from] Stealth Rock
|move|p2a: Cofagrigus|Trick Room|p2a: Cofagrigus
|-fieldstart|move: Trick Room|[of] p2a: Cofagrigus
|
|-heal|p1a: Eeks|284\/303|[from] item: Leftovers
|turn|22
|
|move|p2a: Cofagrigus|Will-O-Wisp|p1a: Eeks
|-status|p1a: Eeks|brn
|move|p1a: Eeks|Will-O-Wisp|p2a: Cofagrigus
|-status|p2a: Cofagrigus|brn
|
|-heal|p1a: Eeks|302\/303 brn|[from] item: Leftovers
|-damage|p2a: Cofagrigus|162\/320 brn|[from] brn
|-damage|p1a: Eeks|265\/303 brn|[from] brn
|turn|23
|
|move|p2a: Cofagrigus|Toxic Spikes|p1a: Eeks
|-sidestart|p1: ousurvey 2.0|move: Toxic Spikes
|move|p1a: Eeks|Hydro Pump|p2a: Cofagrigus|[miss]
|-miss|p1a: Eeks|p2a: Cofagrigus
|
|-heal|p1a: Eeks|283\/303 brn|[from] item: Leftovers
|-damage|p2a: Cofagrigus|122\/320 brn|[from] brn
|-damage|p1a: Eeks|246\/303 brn|[from] brn
|turn|24
|
|move|p2a: Cofagrigus|Pain Split|p1a: Eeks
|-sethp|p1a: Eeks|184\/303 brn|p2a: Cofagrigus|184\/320 brn|[from] move: Pain Split
|move|p1a: Eeks|Hydro Pump|p2a: Cofagrigus
|-damage|p2a: Cofagrigus|48\/320 brn
|
|-heal|p1a: Eeks|202\/303 brn|[from] item: Leftovers
|-damage|p2a: Cofagrigus|8\/320 brn|[from] brn
|-damage|p1a: Eeks|165\/303 brn|[from] brn
|turn|25
|
|move|p2a: Cofagrigus|Pain Split|p1a: Eeks
|-sethp|p1a: Eeks|86\/303 brn|p2a: Cofagrigus|86\/320 brn|[from] move: Pain Split
|move|p1a: Eeks|Volt Switch|p2a: Cofagrigus
|-damage|p2a: Cofagrigus|7\/320 brn
|
|switch|p1a: Steamroller|Scolipede, M|256\/315
|-damage|p1a: Steamroller|178\/315|[from] Stealth Rock
|-sideend|p1: ousurvey 2.0|move: Toxic Spikes|[of] p1a: Steamroller
|
|-heal|p1a: Steamroller|197\/315|[from] item: Black Sludge
|-damage|p2a: Cofagrigus|0 fnt|[from] brn
|-fieldend|move: Trick Room
|faint|p2a: Cofagrigus
|
|switch|p2a: Talonflame|Talonflame, F|186\/298
|turn|26
|
|move|p2a: Talonflame|Brave Bird|p1a: Steamroller
|-supereffective|p1a: Steamroller
|-damage|p1a: Steamroller|0 fnt
|-damage|p2a: Talonflame|121\/298|[from] recoil|[of] p1a: Steamroller
|faint|p1a: Steamroller
|
|
|switch|p1a: Tails|Kyurem-Black|367\/451
|-damage|p1a: Tails|255\/451|[from] Stealth Rock
|-ability|p1a: Tails|Teravolt
|turn|27
|
|switch|p2a: Umbreon|Umbreon, M|394\/394
|move|p1a: Tails|Roost|p1a: Tails
|-heal|p1a: Tails|451\/451
|
|turn|28
|
|move|p1a: Tails|Dragon Claw|p2a: Umbreon
|-damage|p2a: Umbreon|294\/394
|move|p2a: Umbreon|Wish|p2a: Umbreon
|
|-heal|p2a: Umbreon|318\/394|[from] item: Leftovers
|turn|29
|
|move|p1a: Tails|Fusion Bolt|p2a: Umbreon
|-damage|p2a: Umbreon|227\/394
|move|p2a: Umbreon|Foul Play|p1a: Tails
|-damage|p1a: Tails|271\/451
|
|-heal|p2a: Umbreon|394\/394|[from] move: Wish|[wisher] Umbreon
|-heal|p1a: Tails|299\/451|[from] item: Leftovers
|turn|30
|
|move|p1a: Tails|Ice Beam|p2a: Umbreon
|-damage|p2a: Umbreon|303\/394
|move|p2a: Umbreon|Foul Play|p1a: Tails
|-damage|p1a: Tails|106\/451
|
|-heal|p1a: Tails|134\/451|[from] item: Leftovers
|-heal|p2a: Umbreon|327\/394|[from] item: Leftovers
|turn|31
|
|move|p1a: Tails|Roost|p1a: Tails
|-heal|p1a: Tails|360\/451
|move|p2a: Umbreon|Wish|p2a: Umbreon
|
|-heal|p1a: Tails|388\/451|[from] item: Leftovers
|-heal|p2a: Umbreon|351\/394|[from] item: Leftovers
|turn|32
|
|move|p1a: Tails|Dragon Claw|p2a: Umbreon
|-crit|p2a: Umbreon
|-damage|p2a: Umbreon|198\/394
|move|p2a: Umbreon|Foul Play|p1a: Tails
|-damage|p1a: Tails|202\/451
|
|-heal|p2a: Umbreon|394\/394|[from] move: Wish|[wisher] Umbreon
|-heal|p1a: Tails|230\/451|[from] item: Leftovers
|turn|33
|
|move|p1a: Tails|Dragon Claw|p2a: Umbreon
|-damage|p2a: Umbreon|289\/394
|move|p2a: Umbreon|Foul Play|p1a: Tails
|-damage|p1a: Tails|31\/451
|
|-heal|p1a: Tails|59\/451|[from] item: Leftovers
|-heal|p2a: Umbreon|313\/394|[from] item: Leftovers
|turn|34
|
|move|p1a: Tails|Dragon Claw|p2a: Umbreon
|-damage|p2a: Umbreon|201\/394
|move|p2a: Umbreon|Foul Play|p1a: Tails
|-damage|p1a: Tails|0 fnt
|faint|p1a: Tails
|
|-heal|p2a: Umbreon|225\/394|[from] item: Leftovers
|
|switch|p1a: Eeks|Rotom-Wash|86\/303 brn
|-damage|p1a: Eeks|49\/303 brn|[from] Stealth Rock
|turn|35
|
|move|p2a: Umbreon|Protect|p2a: Umbreon
|-singleturn|p2a: Umbreon|Protect
|move|p1a: Eeks|Pain Split|p2a: Umbreon
|-activate|p2a: Umbreon|Protect
|
|-heal|p1a: Eeks|67\/303 brn|[from] item: Leftovers
|-heal|p2a: Umbreon|249\/394|[from] item: Leftovers
|-damage|p1a: Eeks|30\/303 brn|[from] brn
|turn|36
|
|move|p2a: Umbreon|Protect|p2a: Umbreon
|-singleturn|p2a: Umbreon|Protect
|move|p1a: Eeks|Pain Split|p2a: Umbreon
|-activate|p2a: Umbreon|Protect
|
|-heal|p1a: Eeks|48\/303 brn|[from] item: Leftovers
|-heal|p2a: Umbreon|273\/394|[from] item: Leftovers
|-damage|p1a: Eeks|11\/303 brn|[from] brn
|turn|37
|
|move|p1a: Eeks|Pain Split|p2a: Umbreon
|-sethp|p2a: Umbreon|142\/394|p1a: Eeks|142\/303 brn|[from] move: Pain Split
|move|p2a: Umbreon|Foul Play|p1a: Eeks
|-damage|p1a: Eeks|90\/303 brn
|
|-heal|p1a: Eeks|108\/303 brn|[from] item: Leftovers
|-heal|p2a: Umbreon|166\/394|[from] item: Leftovers
|-damage|p1a: Eeks|71\/303 brn|[from] brn
|turn|38
|
|move|p1a: Eeks|Will-O-Wisp|p2a: Umbreon
|-status|p2a: Umbreon|brn
|move|p2a: Umbreon|Wish|p2a: Umbreon
|
|-heal|p1a: Eeks|89\/303 brn|[from] item: Leftovers
|-heal|p2a: Umbreon|190\/394 brn|[from] item: Leftovers
|-damage|p1a: Eeks|52\/303 brn|[from] brn
|-damage|p2a: Umbreon|141\/394 brn|[from] brn
|turn|39
|
|move|p1a: Eeks|Volt Switch|p2a: Umbreon
|-damage|p2a: Umbreon|75\/394 brn
|
|switch|p1a: Dragons?!|Sylveon, M|295\/394 brn
|-damage|p1a: Dragons?!|246\/394 brn|[from] Stealth Rock
|move|p2a: Umbreon|Heal Bell|p2a: Umbreon
|-cureteam|p2a: Umbreon|[from] move: HealBell
|
|-heal|p2a: Umbreon|272\/394|[from] move: Wish|[wisher] Umbreon
|-heal|p2a: Umbreon|296\/394|[from] item: Leftovers
|-heal|p1a: Dragons?!|270\/394 brn|[from] item: Leftovers
|-damage|p1a: Dragons?!|221\/394 brn|[from] brn
|turn|40
|
|move|p2a: Umbreon|Wish|p2a: Umbreon
|move|p1a: Dragons?!|Wish|p1a: Dragons?!
|
|-heal|p2a: Umbreon|320\/394|[from] item: Leftovers
|-heal|p1a: Dragons?!|245\/394 brn|[from] item: Leftovers
|-damage|p1a: Dragons?!|196\/394 brn|[from] brn
|turn|41
|
|move|p2a: Umbreon|Foul Play|p1a: Dragons?!
|-resisted|p1a: Dragons?!
|-damage|p1a: Dragons?!|169\/394 brn
|move|p1a: Dragons?!|Calm Mind|p1a: Dragons?!
|-boost|p1a: Dragons?!|spa|1
|-boost|p1a: Dragons?!|spd|1
|
|-heal|p2a: Umbreon|394\/394|[from] move: Wish|[wisher] Umbreon
|-heal|p1a: Dragons?!|366\/394 brn|[from] move: Wish|[wisher] Dragons?!
|-heal|p1a: Dragons?!|390\/394 brn|[from] item: Leftovers
|-damage|p1a: Dragons?!|341\/394 brn|[from] brn
|turn|42
|
|move|p2a: Umbreon|Wish|p2a: Umbreon
|move|p1a: Dragons?!|Hyper Voice|p2a: Umbreon
|-supereffective|p2a: Umbreon
|-damage|p2a: Umbreon|44\/394
|
|-heal|p2a: Umbreon|68\/394|[from] item: Leftovers
|-heal|p1a: Dragons?!|365\/394 brn|[from] item: Leftovers
|-damage|p1a: Dragons?!|316\/394 brn|[from] brn
|turn|43
|
|move|p2a: Umbreon|Protect|p2a: Umbreon
|-singleturn|p2a: Umbreon|Protect
|move|p1a: Dragons?!|Wish|p1a: Dragons?!
|
|-heal|p2a: Umbreon|265\/394|[from] move: Wish|[wisher] Umbreon
|-heal|p2a: Umbreon|289\/394|[from] item: Leftovers
|-heal|p1a: Dragons?!|340\/394 brn|[from] item: Leftovers
|-damage|p1a: Dragons?!|291\/394 brn|[from] brn
|turn|44
|
|move|p2a: Umbreon|Wish|p2a: Umbreon
|move|p1a: Dragons?!|Hyper Voice|p2a: Umbreon
|-supereffective|p2a: Umbreon
|-damage|p2a: Umbreon|0 fnt
|faint|p2a: Umbreon
|
|-heal|p1a: Dragons?!|394\/394 brn|[from] move: Wish|[wisher] Dragons?!
|-damage|p1a: Dragons?!|345\/394 brn|[from] brn
|
|switch|p2a: Talonflame|Talonflame, F|121\/298
|turn|45
|
|move|p2a: Talonflame|Brave Bird|p1a: Dragons?!
|-damage|p1a: Dragons?!|126\/394 brn
|-damage|p2a: Talonflame|49\/298|[from] recoil|[of] p1a: Dragons?!
|move|p1a: Dragons?!|Psyshock|p2a: Talonflame
|-damage|p2a: Talonflame|0 fnt
|faint|p2a: Talonflame
|
|win|ousurvey 2.0
|raw|Ladder updating...
|raw|ousurvey 2.0's rating: 1188 &rarr; <strong>1217<\/strong><br \/>(+29 for winning)
|raw|qqqqw's rating: 1235 &rarr; <strong>1207<\/strong><br \/>(-28 for losing)
|c|âousurvey 2.0|gg
|leave|qqqqw
|player|p2