|join|lil manaphy
|join|qqqqw
|player|p1|lil manaphy|9
|player|p2|qqqqw|52
|gametype|singles
|gen|6
|tier|ORAS OU
|rated
|rule|Sleep Clause Mod: Limit one foe put to sleep
|rule|Species Clause: Limit one of each PokÃ©mon
|rule|OHKO Clause: OHKO moves are banned
|rule|Moody Clause: Moody is banned
|rule|Evasion Moves Clause: Evasion moves are banned
|rule|Endless Battle Clause: Forcing endless battles is banned
|rule|HP Percentage Mod: HP is shown in percentages
|clearpoke
|poke|p1|Sableye, M
|poke|p1|Tentacruel, M
|poke|p1|Chansey, F
|poke|p1|Rotom-Wash
|poke|p1|Landorus-Therian, M
|poke|p1|Greninja, M
|poke|p2|Abomasnow, F
|poke|p2|Cofagrigus, F
|poke|p2|Umbreon, M
|poke|p2|Talonflame, F
|poke|p2|Registeel
|poke|p2|Tentacruel, F
|rule|Swagger Clause: Swagger is banned
|rule|Baton Pass Clause: Limit one PokÃ©mon knowing Baton Pass
|teampreview
|
|start
|switch|p1a: Sableye|Sableye, M|304\/304
|switch|p2a: Umbreon|Umbreon, M|394\/394
|turn|1
|
|detailschange|p1a: Sableye|Sableye-Mega, M
|message|Sableye has Mega Evolved into Mega Sableye!
|move|p1a: Sableye|Calm Mind|p1a: Sableye
|-boost|p1a: Sableye|spa|1
|-boost|p1a: Sableye|spd|1
|move|p2a: Umbreon|Foul Play|p1a: Sableye
|-damage|p1a: Sableye|253\/304
|
|turn|2
|
|move|p2a: Umbreon|Foul Play|p1a: Sableye
|-crit|p1a: Sableye
|-damage|p1a: Sableye|166\/304
|move|p1a: Sableye|Shadow Ball|p2a: Umbreon
|-resisted|p2a: Umbreon
|-damage|p2a: Umbreon|344\/394
|-unboost|p2a: Umbreon|spd|1
|
|-heal|p2a: Umbreon|368\/394|[from] item: Leftovers
|turn|3
|
|switch|p2a: Tentacruel|Tentacruel, F|364\/364
|move|p1a: Sableye|Recover|p1a: Sableye
|-heal|p1a: Sableye|304\/304
|
|turn|4
|
|switch|p1a: Rotom-Wash|Rotom-Wash|304\/304
|move|p2a: Tentacruel|Confuse Ray|p1a: Rotom-Wash
|-start|p1a: Rotom-Wash|confusion
|
|turn|5
|
|move|p2a: Tentacruel|Knock Off|p1a: Rotom-Wash
|-damage|p1a: Rotom-Wash|266\/304
|-enditem|p1a: Rotom-Wash|Leftovers|[from] move: Knock Off|[of] p2a: Tentacruel
|-activate|p1a: Rotom-Wash|confusion
|-damage|p1a: Rotom-Wash|251\/304|[from] confusion
|
|turn|6
|
|switch|p2a: Umbreon|Umbreon, M|368\/394
|-activate|p1a: Rotom-Wash|confusion
|move|p1a: Rotom-Wash|Will-O-Wisp|p2a: Umbreon
|-status|p2a: Umbreon|brn
|-status|p1a: Rotom-Wash|brn
|
|-heal|p2a: Umbreon|392\/394 brn|[from] item: Leftovers
|-damage|p1a: Rotom-Wash|213\/304 brn|[from] brn
|-damage|p2a: Umbreon|343\/394 brn|[from] brn
|turn|7
|
|switch|p1a: Landorus-Therian|Landorus-Therian, M|382\/382
|-ability|p1a: Landorus-Therian|Intimidate|[of] p2a: Umbreon
|-unboost|p2a: Umbreon|atk|1
|move|p2a: Umbreon|Heal Bell|p2a: Umbreon
|-cureteam|p2a: Umbreon|[from] move: HealBell
|
|-heal|p2a: Umbreon|367\/394|[from] item: Leftovers
|turn|8
|
|move|p1a: Landorus-Therian|Stealth Rock|p2a: Umbreon
|-sidestart|p2: qqqqw|move: Stealth Rock
|move|p2a: Umbreon|Foul Play|p1a: Landorus-Therian
|-damage|p1a: Landorus-Therian|259\/382
|
|-heal|p1a: Landorus-Therian|282\/382|[from] item: Leftovers
|-heal|p2a: Umbreon|391\/394|[from] item: Leftovers
|turn|9
|
|move|p1a: Landorus-Therian|U-turn|p2a: Umbreon
|-supereffective|p2a: Umbreon
|-damage|p2a: Umbreon|285\/394
|
|switch|p1a: Chansey|Chansey, F|704\/704
|move|p2a: Umbreon|Wish|p2a: Umbreon
|
|-heal|p2a: Umbreon|309\/394|[from] item: Leftovers
|turn|10
|
|switch|p2a: Tentacruel|Tentacruel, F|364\/364
|-damage|p2a: Tentacruel|319\/364|[from] Stealth Rock
|move|p1a: Chansey|Heal Bell|p1a: Chansey
|-cureteam|p1a: Chansey|[from] move: HealBell
|
|-heal|p2a: Tentacruel|364\/364|[from] move: Wish|[wisher] Umbreon
|turn|11
|
|switch|p1a: Sableye|Sableye-Mega, M|304\/304
|move|p2a: Tentacruel|Knock Off|p1a: Sableye
|-damage|p1a: Sableye|281\/304
|
|turn|12
|
|switch|p1a: Rotom-Wash|Rotom-Wash|213\/304
|move|p2a: Tentacruel|Confuse Ray|p1a: Rotom-Wash
|-start|p1a: Rotom-Wash|confusion
|
|turn|13
|
|switch|p1a: Sableye|Sableye-Mega, M|281\/304
|move|p2a: Tentacruel|Rapid Spin|p1a: Sableye
|-immune|p1a: Sableye|[msg]
|
|turn|14
|
|move|p2a: Tentacruel|Confuse Ray|p1a: Sableye
|move|p1a: Sableye|Confuse Ray|p2a: Tentacruel|[from]Magic Bounce
|-start|p2a: Tentacruel|confusion
|move|p1a: Sableye|Will-O-Wisp|p2a: Tentacruel
|-status|p2a: Tentacruel|brn
|
|-damage|p2a: Tentacruel|319\/364 brn|[from] brn
|turn|15
|
|switch|p1a: Rotom-Wash|Rotom-Wash|213\/304
|-activate|p2a: Tentacruel|confusion
|move|p2a: Tentacruel|Scald|p1a: Rotom-Wash
|-resisted|p1a: Rotom-Wash
|-damage|p1a: Rotom-Wash|177\/304
|
|-heal|p2a: Tentacruel|341\/364 brn|[from] item: Black Sludge
|-damage|p2a: Tentacruel|296\/364 brn|[from] brn
|turn|16
|
|switch|p2a: Umbreon|Umbreon, M|309\/394
|-damage|p2a: Umbreon|260\/394|[from] Stealth Rock
|move|p1a: Rotom-Wash|Volt Switch|p2a: Umbreon
|-damage|p2a: Umbreon|196\/394
|
|switch|p1a: Greninja|Greninja, M|285\/285
|
|-heal|p2a: Umbreon|220\/394|[from] item: Leftovers
|turn|17
|
|move|p2a: Umbreon|Protect|p2a: Umbreon
|-singleturn|p2a: Umbreon|Protect
|move|p1a: Greninja|Gunk Shot|p2a: Umbreon
|-start|p1a: Greninja|typechange|Poison|[from] Protean
|-activate|p2a: Umbreon|Protect
|
|-heal|p2a: Umbreon|244\/394|[from] item: Leftovers
|turn|18
|
|move|p1a: Greninja|Hydro Pump|p2a: Umbreon
|-start|p1a: Greninja|typechange|Water|[from] Protean
|-damage|p2a: Umbreon|91\/394
|-damage|p1a: Greninja|257\/285|[from] item: Life Orb
|move|p2a: Umbreon|Foul Play|p1a: Greninja
|-damage|p1a: Greninja|86\/285
|
|-heal|p2a: Umbreon|115\/394|[from] item: Leftovers
|turn|19
|
|move|p2a: Umbreon|Protect|p2a: Umbreon
|-singleturn|p2a: Umbreon|Protect
|move|p1a: Greninja|Gunk Shot|p2a: Umbreon
|-start|p1a: Greninja|typechange|Poison|[from] Protean
|-activate|p2a: Umbreon|Protect
|
|-heal|p2a: Umbreon|139\/394|[from] item: Leftovers
|turn|20
|
|switch|p2a: Tentacruel|Tentacruel, F|296\/364 brn
|-damage|p2a: Tentacruel|251\/364 brn|[from] Stealth Rock
|move|p1a: Greninja|Hydro Pump|p2a: Tentacruel
|-start|p1a: Greninja|typechange|Water|[from] Protean
|-resisted|p2a: Tentacruel
|-damage|p2a: Tentacruel|161\/364 brn
|-damage|p1a: Greninja|58\/285|[from] item: Life Orb
|
|-heal|p2a: Tentacruel|183\/364 brn|[from] item: Black Sludge
|-damage|p2a: Tentacruel|138\/364 brn|[from] brn
|turn|21
|
|switch|p1a: Sableye|Sableye-Mega, M|281\/304
|move|p2a: Tentacruel|Scald|p1a: Sableye
|-damage|p1a: Sableye|215\/304
|
|-heal|p2a: Tentacruel|160\/364 brn|[from] item: Black Sludge
|-damage|p2a: Tentacruel|115\/364 brn|[from] brn
|turn|22
|
|move|p2a: Tentacruel|Scald|p1a: Sableye
|-damage|p1a: Sableye|142\/304
|move|p1a: Sableye|Recover|p1a: Sableye
|-heal|p1a: Sableye|294\/304
|
|-heal|p2a: Tentacruel|137\/364 brn|[from] item: Black Sludge
|-damage|p2a: Tentacruel|92\/364 brn|[from] brn
|turn|23
|
|switch|p2a: Umbreon|Umbreon, M|139\/394
|-damage|p2a: Umbreon|90\/394|[from] Stealth Rock
|move|p1a: Sableye|Shadow Ball|p2a: Umbreon
|-resisted|p2a: Umbreon
|-damage|p2a: Umbreon|57\/394
|-unboost|p2a: Umbreon|spd|1
|
|-heal|p2a: Umbreon|81\/394|[from] item: Leftovers
|turn|24
|
|switch|p1a: Greninja|Greninja, M|58\/285
|move|p2a: Umbreon|Wish|p2a: Umbreon
|
|-heal|p2a: Umbreon|105\/394|[from] item: Leftovers
|turn|25
|
|move|p2a: Umbreon|Protect|p2a: Umbreon
|-singleturn|p2a: Umbreon|Protect
|move|p1a: Greninja|Hydro Pump|p2a: Umbreon
|-start|p1a: Greninja|typechange|Water|[from] Protean
|-activate|p2a: Umbreon|Protect
|
|-heal|p2a: Umbreon|302\/394|[from] move: Wish|[wisher] Umbreon
|-heal|p2a: Umbreon|326\/394|[from] item: Leftovers
|turn|26
|
|switch|p1a: Sableye|Sableye-Mega, M|294\/304
|switch|p2a: Cofagrigus|Cofagrigus, F|320\/320
|-damage|p2a: Cofagrigus|280\/320|[from] Stealth Rock
|
|turn|27
|
|switch|p2a: Umbreon|Umbreon, M|326\/394
|-damage|p2a: Umbreon|277\/394|[from] Stealth Rock
|move|p1a: Sableye|Calm Mind|p1a: Sableye
|-boost|p1a: Sableye|spa|1
|-boost|p1a: Sableye|spd|1
|
|-heal|p2a: Umbreon|301\/394|[from] item: Leftovers
|turn|28
|
|move|p2a: Umbreon|Heal Bell|p2a: Umbreon
|-cureteam|p2a: Umbreon|[from] move: HealBell
|move|p1a: Sableye|Calm Mind|p1a: Sableye
|-boost|p1a: Sableye|spa|1
|-boost|p1a: Sableye|spd|1
|
|-heal|p2a: Umbreon|325\/394|[from] item: Leftovers
|turn|29
|
|move|p2a: Umbreon|Foul Play|p1a: Sableye
|-damage|p1a: Sableye|240\/304
|move|p1a: Sableye|Calm Mind|p1a: Sableye
|-boost|p1a: Sableye|spa|1
|-boost|p1a: Sableye|spd|1
|
|-heal|p2a: Umbreon|349\/394|[from] item: Leftovers
|turn|30
|
|move|p2a: Umbreon|Foul Play|p1a: Sableye
|-damage|p1a: Sableye|186\/304
|move|p1a: Sableye|Shadow Ball|p2a: Umbreon
|-resisted|p2a: Umbreon
|-damage|p2a: Umbreon|271\/394
|
|-heal|p2a: Umbreon|295\/394|[from] item: Leftovers
|turn|31
|
|move|p2a: Umbreon|Foul Play|p1a: Sableye
|-damage|p1a: Sableye|129\/304
|move|p1a: Sableye|Recover|p1a: Sableye
|-heal|p1a: Sableye|281\/304
|
|-heal|p2a: Umbreon|319\/394|[from] item: Leftovers
|turn|32
|
|move|p2a: Umbreon|Foul Play|p1a: Sableye
|-damage|p1a: Sableye|221\/304
|move|p1a: Sableye|Calm Mind|p1a: Sableye
|-boost|p1a: Sableye|spa|1
|-boost|p1a: Sableye|spd|1
|
|-heal|p2a: Umbreon|343\/394|[from] item: Leftovers
|turn|33
|
|move|p2a: Umbreon|Foul Play|p1a: Sableye
|-damage|p1a: Sableye|161\/304
|move|p1a: Sableye|Shadow Ball|p2a: Umbreon
|-crit|p2a: Umbreon
|-resisted|p2a: Umbreon
|-damage|p2a: Umbreon|195\/394
|-unboost|p2a: Umbreon|spd|1
|
|-heal|p2a: Umbreon|219\/394|[from] item: Leftovers
|turn|34
|
|move|p2a: Umbreon|Wish|p2a: Umbreon
|move|p1a: Sableye|Recover|p1a: Sableye
|-heal|p1a: Sableye|304\/304
|
|-heal|p2a: Umbreon|243\/394|[from] item: Leftovers
|turn|35
|
|move|p2a: Umbreon|Protect|p2a: Umbreon
|-singleturn|p2a: Umbreon|Protect
|move|p1a: Sableye|Shadow Ball|p2a: Umbreon
|-activate|p2a: Umbreon|Protect
|
|-heal|p2a: Umbreon|394\/394|[from] move: Wish|[wisher] Umbreon
|turn|36
|
|switch|p2a: Registeel|Registeel|364\/364
|-damage|p2a: Registeel|342\/364|[from] Stealth Rock
|move|p1a: Sableye|Calm Mind|p1a: Sableye
|-boost|p1a: Sableye|spa|1
|-boost|p1a: Sableye|spd|1
|
|-heal|p2a: Registeel|364\/364|[from] item: Leftovers
|turn|37
|
|switch|p2a: Umbreon|Umbreon, M|394\/394
|-damage|p2a: Umbreon|345\/394|[from] Stealth Rock
|move|p1a: Sableye|Shadow Ball|p2a: Umbreon
|-crit|p2a: Umbreon
|-resisted|p2a: Umbreon
|-damage|p2a: Umbreon|174\/394
|
|-heal|p2a: Umbreon|198\/394|[from] item: Leftovers
|turn|38
|
|move|p2a: Umbreon|Protect|p2a: Umbreon
|-singleturn|p2a: Umbreon|Protect
|move|p1a: Sableye|Calm Mind|p1a: Sableye
|-boost|p1a: Sableye|spa|1
|-boost|p1a: Sableye|spd|1
|
|-heal|p2a: Umbreon|222\/394|[from] item: Leftovers
|turn|39
|
|move|p2a: Umbreon|Wish|p2a: Umbreon
|move|p1a: Sableye|Shadow Ball|p2a: Umbreon
|-resisted|p2a: Umbreon
|-damage|p2a: Umbreon|101\/394
|
|-heal|p2a: Umbreon|125\/394|[from] item: Leftovers
|turn|40
|
|move|p2a: Umbreon|Protect|p2a: Umbreon
|-singleturn|p2a: Umbreon|Protect
|move|p1a: Sableye|Shadow Ball|p2a: Umbreon
|-activate|p2a: Umbreon|Protect
|
|-heal|p2a: Umbreon|322\/394|[from] move: Wish|[wisher] Umbreon
|-heal|p2a: Umbreon|346\/394|[from] item: Leftovers
|turn|41
|
|move|p2a: Umbreon|Wish|p2a: Umbreon
|move|p1a: Sableye|Shadow Ball|p2a: Umbreon
|-resisted|p2a: Umbreon
|-damage|p2a: Umbreon|222\/394
|
|-heal|p2a: Umbreon|246\/394|[from] item: Leftovers
|turn|42
|
|move|p2a: Umbreon|Foul Play|p1a: Sableye
|-damage|p1a: Sableye|247\/304
|move|p1a: Sableye|Calm Mind|p1a: Sableye
|-fail|p1a: Sableye
|
|-heal|p2a: Umbreon|394\/394|[from] move: Wish|[wisher] Umbreon
|turn|43
|
|move|p2a: Umbreon|Foul Play|p1a: Sableye
|-damage|p1a: Sableye|190\/304
|move|p1a: Sableye|Shadow Ball|p2a: Umbreon
|-resisted|p2a: Umbreon
|-damage|p2a: Umbreon|271\/394
|-unboost|p2a: Umbreon|spd|1
|
|-heal|p2a: Umbreon|295\/394|[from] item: Leftovers
|turn|44
|
|move|p2a: Umbreon|Protect|p2a: Umbreon
|-singleturn|p2a: Umbreon|Protect
|move|p1a: Sableye|Shadow Ball|p2a: Umbreon
|-activate|p2a: Umbreon|Protect
|
|-heal|p2a: Umbreon|319\/394|[from] item: Leftovers
|turn|45
|
|switch|p2a: Registeel|Registeel|364\/364
|-damage|p2a: Registeel|342\/364|[from] Stealth Rock
|move|p1a: Sableye|Shadow Ball|p2a: Registeel
|-damage|p2a: Registeel|176\/364
|
|-heal|p2a: Registeel|198\/364|[from] item: Leftovers
|turn|46
|
|switch|p2a: Umbreon|Umbreon, M|319\/394
|-damage|p2a: Umbreon|270\/394|[from] Stealth Rock
|move|p1a: Sableye|Recover|p1a: Sableye
|-heal|p1a: Sableye|304\/304
|
|-heal|p2a: Umbreon|294\/394|[from] item: Leftovers
|turn|47
|
|move|p2a: Umbreon|Wish|p2a: Umbreon
|move|p1a: Sableye|Calm Mind|p1a: Sableye
|-fail|p1a: Sableye
|
|-heal|p2a: Umbreon|318\/394|[from] item: Leftovers
|turn|48
|
|switch|p1a: Chansey|Chansey, F|704\/704
|move|p2a: Umbreon|Foul Play|p1a: Chansey
|-damage|p1a: Chansey|679\/704
|
|-heal|p2a: Umbreon|394\/394|[from] move: Wish|[wisher] Umbreon
|turn|49
|
|move|p2a: Umbreon|Wish|p2a: Umbreon
|move|p1a: Chansey|Toxic|p2a: Umbreon
|-status|p2a: Umbreon|tox
|-status|p1a: Chansey|tox
|
|-damage|p2a: Umbreon|370\/394 tox|[from] psn
|-damage|p1a: Chansey|635\/704 tox|[from] psn
|turn|50
|
|switch|p2a: Tentacruel|Tentacruel, F|92\/364
|-damage|p2a: Tentacruel|47\/364|[from] Stealth Rock
|move|p1a: Chansey|Seismic Toss|p2a: Tentacruel
|-damage|p2a: Tentacruel|0 fnt
|faint|p2a: Tentacruel
|
|-damage|p1a: Chansey|547\/704 tox|[from] psn
|
|switch|p2a: Registeel|Registeel|198\/364
|-damage|p2a: Registeel|176\/364|[from] Stealth Rock
|turn|51
|
|switch|p1a: Sableye|Sableye-Mega, M|304\/304
|move|p2a: Registeel|Stealth Rock|p1a: Sableye
|move|p1a: Sableye|Stealth Rock|p2a: Registeel|[from]Magic Bounce
|-fail|p2a: Registeel
|
|-heal|p2a: Registeel|198\/364|[from] item: Leftovers
|turn|52
|
|switch|p2a: Abomasnow|Abomasnow, F|384\/384
|-damage|p2a: Abomasnow|288\/384|[from] Stealth Rock
|-weather|Hail
|move|p1a: Sableye|Will-O-Wisp|p2a: Abomasnow|[miss]
|-miss|p1a: Sableye|p2a: Abomasnow
|
|-weather|Hail|[upkeep]
|-damage|p1a: Sableye|285\/304|[from] hail
|turn|53
|
|switch|p1a: Chansey|Chansey, F|547\/704
|detailschange|p2a: Abomasnow|Abomasnow-Mega, F
|message|Abomasnow has Mega Evolved into Mega Abomasnow!
|move|p2a: Abomasnow|Blizzard|p1a: Chansey
|-damage|p1a: Chansey|403\/704
|
|-weather|Hail|[upkeep]
|-damage|p1a: Chansey|359\/704|[from] hail
|turn|54
|
|move|p1a: Chansey|Soft-Boiled|p1a: Chansey
|-heal|p1a: Chansey|704\/704
|move|p2a: Abomasnow|Blizzard|p1a: Chansey
|-damage|p1a: Chansey|569\/704
|-status|p1a: Chansey|frz
|
|-weather|Hail|[upkeep]
|-damage|p1a: Chansey|525\/704 frz|[from] hail
|turn|55
|
|switch|p1a: Tentacruel|Tentacruel, M|364\/364
|move|p2a: Abomasnow|Blizzard|p1a: Tentacruel
|-resisted|p1a: Tentacruel
|-damage|p1a: Tentacruel|294\/364
|
|-weather|Hail|[upkeep]
|-damage|p1a: Tentacruel|272\/364|[from] hail
|-heal|p1a: Tentacruel|294\/364|[from] item: Black Sludge
|turn|56
|
|switch|p1a: Chansey|Chansey, F|525\/704
|move|p2a: Abomasnow|Blizzard|p1a: Chansey
|-damage|p1a: Chansey|386\/704
|
|-weather|none
|turn|57
|
|switch|p2a: Umbreon|Umbreon, M|370\/394 tox
|-damage|p2a: Umbreon|321\/394 tox|[from] Stealth Rock
|move|p1a: Chansey|Soft-Boiled|p1a: Chansey
|-heal|p1a: Chansey|704\/704
|
|-heal|p2a: Umbreon|345\/394 tox|[from] item: Leftovers
|-damage|p2a: Umbreon|321\/394 tox|[from] psn
|turn|58
|
|move|p2a: Umbreon|Heal Bell|p2a: Umbreon
|-cureteam|p2a: Umbreon|[from] move: HealBell
|move|p1a: Chansey|Seismic Toss|p2a: Umbreon
|-damage|p2a: Umbreon|221\/394
|
|-heal|p2a: Umbreon|245\/394|[from] item: Leftovers
|turn|59
|
|move|p2a: Umbreon|Wish|p2a: Umbreon
|move|p1a: Chansey|Toxic|p2a: Umbreon
|-status|p2a: Umbreon|tox
|-status|p1a: Chansey|tox
|
|-heal|p2a: Umbreon|269\/394 tox|[from] item: Leftovers
|-damage|p2a: Umbreon|245\/394 tox|[from] psn
|-damage|p1a: Chansey|660\/704 tox|[from] psn
|turn|60
|
|switch|p2a: Talonflame|Talonflame, F|298\/298
|-damage|p2a: Talonflame|149\/298|[from] Stealth Rock
|switch|p1a: Rotom-Wash|Rotom-Wash|177\/304
|
|-heal|p2a: Talonflame|298\/298|[from] move: Wish|[wisher] Umbreon
|turn|61
|
|switch|p2a: Umbreon|Umbreon, M|245\/394 tox
|-damage|p2a: Umbreon|196\/394 tox|[from] Stealth Rock
|move|p1a: Rotom-Wash|Hydro Pump|p2a: Umbreon
|-damage|p2a: Umbreon|90\/394 tox
|
|-heal|p2a: Umbreon|114\/394 tox|[from] item: Leftovers
|-damage|p2a: Umbreon|90\/394 tox|[from] psn
|turn|62
|
|move|p1a: Rotom-Wash|Hydro Pump|p2a: Umbreon
|-damage|p2a: Umbreon|0 fnt
|faint|p2a: Umbreon
|
|-message|qqqqw forfeited.
|
|win|lil manaphy
|raw|Ladder updating...
|leave|qqqqw
|player|p2
|raw|Ladder (probably) updated, but score could not be retrieved (timeout).
|raw|Ladder (probably) updated, but score could not be retrieved (Error: socket hang up).
|join|jake5
|leave|jake5
|join|jake5
|leave|jake5