|join|qqqqw
|join|thezippo
|player|p1|qqqqw|52
|player|p2|thezippo|2
|gametype|singles
|gen|6
|tier|ORAS OU
|rated
|rule|Sleep Clause Mod: Limit one foe put to sleep
|rule|Species Clause: Limit one of each PokÃ©mon
|rule|OHKO Clause: OHKO moves are banned
|rule|Moody Clause: Moody is banned
|rule|Evasion Moves Clause: Evasion moves are banned
|rule|Endless Battle Clause: Forcing endless battles is banned
|rule|HP Percentage Mod: HP is shown in percentages
|clearpoke
|poke|p1|Abomasnow, M
|poke|p1|Rotom-Heat
|poke|p1|Skarmory, M
|poke|p1|Metagross
|poke|p1|Umbreon, F
|poke|p1|Mew
|poke|p2|Greninja, M, shiny
|poke|p2|Heatran, F
|poke|p2|Latias, F
|poke|p2|Lopunny, F, shiny
|poke|p2|Mamoswine, M
|poke|p2|Rotom-Wash
|rule|Swagger Clause: Swagger is banned
|rule|Baton Pass Clause: Limit one PokÃ©mon knowing Baton Pass
|teampreview
|
|start
|switch|p1a: Mew|Mew|404\/404
|switch|p2a: Heatran|Heatran, F|386\/386
|turn|1
|c|âthezippo|glhf
|
|move|p1a: Mew|Thunder Wave|p2a: Heatran
|-status|p2a: Heatran|par
|move|p2a: Heatran|Lava Plume|p1a: Mew
|-damage|p1a: Mew|296\/404
|
|-heal|p1a: Mew|321\/404|[from] item: Leftovers
|turn|2
|
|move|p1a: Mew|Taunt|p2a: Heatran
|-start|p2a: Heatran|move: Taunt
|cant|p2a: Heatran|move: Taunt|Stealth Rock
|
|-heal|p1a: Mew|346\/404|[from] item: Leftovers
|turn|3
|
|switch|p1a: Rotom-Heat|Rotom-Heat|304\/304
|switch|p2a: Rotom-Wash|Rotom-Wash|303\/303
|
|turn|4
|
|switch|p1a: Mew|Mew|346\/404
|move|p2a: Rotom-Wash|Volt Switch|p1a: Mew
|-damage|p1a: Mew|274\/404
|
|switch|p2a: Greninja|Greninja, M, shiny|285\/285
|
|-heal|p1a: Mew|299\/404|[from] item: Leftovers
|turn|5
|
|move|p2a: Greninja|Dark Pulse|p1a: Mew
|-start|p2a: Greninja|typechange|Dark|[from] Protean
|-supereffective|p1a: Mew
|-damage|p1a: Mew|70\/404
|-damage|p2a: Greninja|257\/285|[from] item: Life Orb
|move|p1a: Mew|Will-O-Wisp|p2a: Greninja
|-status|p2a: Greninja|brn
|
|-heal|p1a: Mew|95\/404|[from] item: Leftovers
|-damage|p2a: Greninja|222\/285 brn|[from] brn
|turn|6
|
|move|p2a: Greninja|Ice Beam|p1a: Mew
|-start|p2a: Greninja|typechange|Ice|[from] Protean
|-damage|p1a: Mew|0 fnt
|-damage|p2a: Greninja|194\/285 brn|[from] item: Life Orb
|faint|p1a: Mew
|
|-damage|p2a: Greninja|159\/285 brn|[from] brn
|
|switch|p1a: Metagross|Metagross|364\/364
|turn|7
|
|move|p1a: Metagross|Bullet Punch|p2a: Greninja
|-supereffective|p2a: Greninja
|-damage|p2a: Greninja|0 fnt
|faint|p2a: Greninja
|
|
|switch|p2a: Rotom-Wash|Rotom-Wash|303\/303
|turn|8
|
|switch|p1a: Abomasnow|Abomasnow, M|384\/384
|-weather|Hail
|move|p2a: Rotom-Wash|Hydro Pump|p1a: Abomasnow
|-resisted|p1a: Abomasnow
|-damage|p1a: Abomasnow|300\/384
|
|-weather|Hail|[upkeep]
|-damage|p2a: Rotom-Wash|285\/303|[from] hail
|turn|9
|
|detailschange|p1a: Abomasnow|Abomasnow-Mega, M
|message|Abomasnow has Mega Evolved into Mega Abomasnow!
|move|p2a: Rotom-Wash|Volt Switch|p1a: Abomasnow
|-resisted|p1a: Abomasnow
|-damage|p1a: Abomasnow|251\/384
|
|switch|p2a: Heatran|Heatran, F|386\/386 par
|move|p1a: Abomasnow|Shadow Ball|p2a: Heatran
|-damage|p2a: Heatran|307\/386 par
|-unboost|p2a: Heatran|spd|1
|
|-weather|Hail|[upkeep]
|-damage|p2a: Heatran|283\/386 par|[from] hail
|-heal|p2a: Heatran|307\/386 par|[from] item: Leftovers
|turn|10
|
|move|p1a: Abomasnow|Shadow Ball|p2a: Heatran
|-damage|p2a: Heatran|195\/386 par
|cant|p2a: Heatran|par
|
|-weather|Hail|[upkeep]
|-damage|p2a: Heatran|171\/386 par|[from] hail
|-heal|p2a: Heatran|195\/386 par|[from] item: Leftovers
|turn|11
|
|move|p1a: Abomasnow|Shadow Ball|p2a: Heatran
|-damage|p2a: Heatran|70\/386 par
|cant|p2a: Heatran|par
|
|-weather|Hail|[upkeep]
|-damage|p2a: Heatran|46\/386 par|[from] hail
|-heal|p2a: Heatran|70\/386 par|[from] item: Leftovers
|turn|12
|
|move|p1a: Abomasnow|Shadow Ball|p2a: Heatran
|-damage|p2a: Heatran|0 fnt
|faint|p2a: Heatran
|
|-weather|none
|
|switch|p2a: Lopunny|Lopunny, F, shiny|297\/297
|turn|13
|
|switch|p1a: Skarmory|Skarmory, M|334\/334
|detailschange|p2a: Lopunny|Lopunny-Mega, F, shiny
|message|Lopunny has Mega Evolved into Mega Lopunny!
|move|p2a: Lopunny|High Jump Kick|p1a: Skarmory
|-damage|p1a: Skarmory|192\/334
|-damage|p2a: Lopunny|248\/297|[from] item: Rocky Helmet|[of] p1a: Skarmory
|
|turn|14
|
|switch|p2a: Rotom-Wash|Rotom-Wash|285\/303
|move|p1a: Skarmory|Stealth Rock|p2a: Rotom-Wash
|-sidestart|p2: thezippo|move: Stealth Rock
|
|turn|15
|
|switch|p1a: Abomasnow|Abomasnow-Mega, M|251\/384
|-weather|Hail
|move|p2a: Rotom-Wash|Will-O-Wisp|p1a: Abomasnow
|-status|p1a: Abomasnow|brn
|
|-weather|Hail|[upkeep]
|-damage|p2a: Rotom-Wash|267\/303|[from] hail
|-damage|p1a: Abomasnow|203\/384 brn|[from] brn
|turn|16
|
|move|p2a: Rotom-Wash|Volt Switch|p1a: Abomasnow
|-resisted|p1a: Abomasnow
|-damage|p1a: Abomasnow|161\/384 brn
|
|switch|p2a: Latias|Latias, F|364\/364
|-damage|p2a: Latias|319\/364|[from] Stealth Rock
|move|p1a: Abomasnow|Blizzard|p2a: Latias
|-supereffective|p2a: Latias
|-damage|p2a: Latias|0 fnt
|faint|p2a: Latias
|
|-weather|Hail|[upkeep]
|-damage|p1a: Abomasnow|113\/384 brn|[from] brn
|
|switch|p2a: Lopunny|Lopunny-Mega, F, shiny|248\/297
|-damage|p2a: Lopunny|230\/297|[from] Stealth Rock
|turn|17
|
|switch|p1a: Skarmory|Skarmory, M|192\/334
|move|p2a: Lopunny|Power-Up Punch|p1a: Skarmory
|-damage|p1a: Skarmory|153\/334
|-damage|p2a: Lopunny|181\/297|[from] item: Rocky Helmet|[of] p1a: Skarmory
|-boost|p2a: Lopunny|atk|1
|
|-weather|Hail|[upkeep]
|-damage|p2a: Lopunny|163\/297|[from] hail
|-damage|p1a: Skarmory|133\/334|[from] hail
|turn|18
|
|move|p2a: Lopunny|High Jump Kick|p1a: Skarmory
|-damage|p1a: Skarmory|0 fnt
|-damage|p2a: Lopunny|114\/297|[from] item: Rocky Helmet|[of] p1a: Skarmory
|faint|p1a: Skarmory
|
|-weather|Hail|[upkeep]
|-damage|p2a: Lopunny|96\/297|[from] hail
|
|switch|p1a: Umbreon|Umbreon, F|394\/394
|turn|19
|c|âqqqqw|gg
|
|move|p1a: Umbreon|Protect|p1a: Umbreon
|-singleturn|p1a: Umbreon|Protect
|move|p2a: Lopunny|High Jump Kick|p1a: Umbreon
|-activate|p1a: Umbreon|Protect
|-damage|p2a: Lopunny|0 fnt|[from] highjumpkick
|faint|p2a: Lopunny
|
|-weather|none
|
|switch|p2a: Rotom-Wash|Rotom-Wash|267\/303
|-damage|p2a: Rotom-Wash|230\/303|[from] Stealth Rock
|turn|20
|
|move|p2a: Rotom-Wash|Will-O-Wisp|p1a: Umbreon
|-status|p1a: Umbreon|brn
|-status|p2a: Rotom-Wash|brn
|move|p1a: Umbreon|Foul Play|p2a: Rotom-Wash
|-damage|p2a: Rotom-Wash|203\/303 brn
|
|-damage|p2a: Rotom-Wash|166\/303 brn|[from] brn
|-damage|p1a: Umbreon|345\/394 brn|[from] brn
|turn|21
|
|move|p2a: Rotom-Wash|Hydro Pump|p1a: Umbreon
|-damage|p1a: Umbreon|225\/394 brn
|move|p1a: Umbreon|Foul Play|p2a: Rotom-Wash
|-damage|p2a: Rotom-Wash|139\/303 brn
|
|-heal|p1a: Umbreon|249\/394 brn|[from] item: Leftovers
|-damage|p2a: Rotom-Wash|102\/303 brn|[from] brn
|-damage|p1a: Umbreon|200\/394 brn|[from] brn
|turn|22
|
|move|p2a: Rotom-Wash|Hydro Pump|p1a: Umbreon
|-damage|p1a: Umbreon|73\/394 brn
|move|p1a: Umbreon|Foul Play|p2a: Rotom-Wash
|-damage|p2a: Rotom-Wash|72\/303 brn
|
|-heal|p1a: Umbreon|97\/394 brn|[from] item: Leftovers
|-damage|p2a: Rotom-Wash|35\/303 brn|[from] brn
|-damage|p1a: Umbreon|48\/394 brn|[from] brn
|turn|23
|
|move|p2a: Rotom-Wash|Rest|p2a: Rotom-Wash
|-status|p2a: Rotom-Wash|slp
|-heal|p2a: Rotom-Wash|303\/303 slp|[silent]
|-status|p2a: Rotom-Wash|slp|[from] move: Rest
|-enditem|p2a: Rotom-Wash|Chesto Berry|[eat]
|-curestatus|p2a: Rotom-Wash|slp
|move|p1a: Umbreon|Wish|p1a: Umbreon
|
|-heal|p1a: Umbreon|72\/394 brn|[from] item: Leftovers
|-damage|p1a: Umbreon|23\/394 brn|[from] brn
|turn|24
|
|switch|p1a: Abomasnow|Abomasnow-Mega, M|113\/384 brn
|-weather|Hail
|move|p2a: Rotom-Wash|Volt Switch|p1a: Abomasnow
|-resisted|p1a: Abomasnow
|-damage|p1a: Abomasnow|70\/384 brn
|
|switch|p2a: Mamoswine|Mamoswine, M|362\/362
|-damage|p2a: Mamoswine|317\/362|[from] Stealth Rock
|
|-weather|Hail|[upkeep]
|-heal|p1a: Abomasnow|267\/384 brn|[from] move: Wish|[wisher] Umbreon
|-damage|p1a: Abomasnow|219\/384 brn|[from] brn
|turn|25
|
|move|p2a: Mamoswine|Icicle Spear|p1a: Abomasnow
|-damage|p1a: Abomasnow|168\/384 brn
|-damage|p1a: Abomasnow|122\/384 brn
|-damage|p1a: Abomasnow|74\/384 brn
|-damage|p1a: Abomasnow|25\/384 brn
|-damage|p1a: Abomasnow|0 fnt
|-hitcount|p1a: Abomasnow|5
|faint|p1a: Abomasnow
|
|-weather|Hail|[upkeep]
|
|switch|p1a: Rotom-Heat|Rotom-Heat|304\/304
|turn|26
|
|switch|p2a: Rotom-Wash|Rotom-Wash|303\/303
|-damage|p2a: Rotom-Wash|266\/303|[from] Stealth Rock
|move|p1a: Rotom-Heat|Will-O-Wisp|p2a: Rotom-Wash
|-status|p2a: Rotom-Wash|brn
|
|-weather|Hail|[upkeep]
|-damage|p2a: Rotom-Wash|248\/303 brn|[from] hail
|-damage|p1a: Rotom-Heat|285\/304|[from] hail
|-heal|p1a: Rotom-Heat|304\/304|[from] item: Leftovers
|-damage|p2a: Rotom-Wash|211\/303 brn|[from] brn
|turn|27
|
|move|p2a: Rotom-Wash|Hydro Pump|p1a: Rotom-Heat
|-supereffective|p1a: Rotom-Heat
|-damage|p1a: Rotom-Heat|110\/304
|move|p1a: Rotom-Heat|Confuse Ray|p2a: Rotom-Wash
|-start|p2a: Rotom-Wash|confusion
|
|-weather|Hail|[upkeep]
|-damage|p2a: Rotom-Wash|193\/303 brn|[from] hail
|-damage|p1a: Rotom-Heat|91\/304|[from] hail
|-heal|p1a: Rotom-Heat|110\/304|[from] item: Leftovers
|-damage|p2a: Rotom-Wash|156\/303 brn|[from] brn
|turn|28
|
|-activate|p2a: Rotom-Wash|confusion
|move|p2a: Rotom-Wash|Hydro Pump|p1a: Rotom-Heat
|-supereffective|p1a: Rotom-Heat
|-damage|p1a: Rotom-Heat|0 fnt
|faint|p1a: Rotom-Heat
|
|-weather|none
|-damage|p2a: Rotom-Wash|119\/303 brn|[from] brn
|
|switch|p1a: Metagross|Metagross|364\/364
|turn|29
|
|-activate|p2a: Rotom-Wash|confusion
|move|p2a: Rotom-Wash|Will-O-Wisp|p1a: Metagross
|-status|p1a: Metagross|brn
|move|p1a: Metagross|Meteor Mash|p2a: Rotom-Wash
|-resisted|p2a: Rotom-Wash
|-damage|p2a: Rotom-Wash|102\/303 brn
|
|-damage|p2a: Rotom-Wash|65\/303 brn|[from] brn
|-damage|p1a: Metagross|319\/364 brn|[from] brn
|turn|30
|
|-end|p2a: Rotom-Wash|confusion
|move|p2a: Rotom-Wash|Rest|p2a: Rotom-Wash
|-status|p2a: Rotom-Wash|slp
|-heal|p2a: Rotom-Wash|303\/303 slp|[silent]
|-status|p2a: Rotom-Wash|slp|[from] move: Rest
|move|p1a: Metagross|Meteor Mash|p2a: Rotom-Wash
|-resisted|p2a: Rotom-Wash
|-damage|p2a: Rotom-Wash|286\/303 slp
|
|-damage|p1a: Metagross|274\/364 brn|[from] brn
|turn|31
|
|cant|p2a: Rotom-Wash|slp
|move|p1a: Metagross|Rock Slide|p2a: Rotom-Wash
|-damage|p2a: Rotom-Wash|245\/303 slp
|
|-damage|p1a: Metagross|229\/364 brn|[from] brn
|turn|32
|
|cant|p2a: Rotom-Wash|slp
|move|p1a: Metagross|Rock Slide|p2a: Rotom-Wash
|-miss|p1a: Metagross|p2a: Rotom-Wash
|
|-damage|p1a: Metagross|184\/364 brn|[from] brn
|turn|33
|
|-curestatus|p2a: Rotom-Wash|slp
|move|p2a: Rotom-Wash|Hydro Pump|p1a: Metagross|[miss]
|-miss|p2a: Rotom-Wash|p1a: Metagross
|move|p1a: Metagross|Rock Slide|p2a: Rotom-Wash
|-damage|p2a: Rotom-Wash|207\/303
|
|-damage|p1a: Metagross|139\/364 brn|[from] brn
|turn|34
|
|move|p2a: Rotom-Wash|Hydro Pump|p1a: Metagross|[miss]
|-miss|p2a: Rotom-Wash|p1a: Metagross
|move|p1a: Metagross|Rock Slide|p2a: Rotom-Wash
|-miss|p1a: Metagross|p2a: Rotom-Wash
|
|-damage|p1a: Metagross|94\/364 brn|[from] brn
|turn|35
|-message|qqqqw forfeited.
|
|win|thezippo
|raw|Ladder updating...
|leave|qqqqw
|player|p1
|raw|qqqqw's rating: 1362 &rarr; <strong>1338<\/strong><br \/>(-24 for losing)
|raw|thezippo's rating: 1300 &rarr; <strong>1324<\/strong><br \/>(+24 for winning)
|c|âthezippo|GG :D