|join|qqqqw
|join|N64Gary
|player|p1|qqqqw|52
|player|p2|N64Gary|43
|gametype|singles
|gen|6
|tier|OU
|rated
|clearpoke
|poke|p1|Registeel
|poke|p1|Empoleon, F
|poke|p1|Dragonite, M
|poke|p1|Gyarados, F
|poke|p1|Mienshao, F
|poke|p1|Clefable, M
|poke|p2|Pinsir, F
|poke|p2|Skarmory, F
|poke|p2|Keldeo
|poke|p2|Diggersby, M
|poke|p2|Scizor, F
|poke|p2|Zapdos
|rule|Swagger Clause: Swagger is banned
|rule|Baton Pass Clause: Limit one PokÃ©mon knowing Baton Pass
|rule|Sleep Clause Mod: Limit one foe put to sleep
|rule|Species Clause: Limit one of each PokÃ©mon
|rule|OHKO Clause: OHKO moves are banned
|rule|Moody Clause: Moody is banned
|rule|Evasion Moves Clause: Evasion moves are banned
|rule|Endless Battle Clause: Forcing endless battles is banned
|rule|HP Percentage Mod: HP is shown in percentages
|teampreview
|
|start
|switch|p1a: Empoleon|Empoleon, F|372\/372
|switch|p2a: Niggersby|Diggersby, M|311\/311
|turn|1
|
|switch|p1a: Gyarados|Gyarados, F|355\/355
|-ability|p1a: Gyarados|Intimidate|[of] p2a: Niggersby
|-unboost|p2a: Niggersby|atk|1
|move|p2a: Niggersby|U-turn|p1a: Gyarados
|-resisted|p1a: Gyarados
|-damage|p1a: Gyarados|312\/355
|
|switch|p2a: Zapdos|Zapdos|357\/357
|-ability|p2a: Zapdos|Pressure
|
|turn|2
|
|switch|p1a: Registeel|Registeel|364\/364
|move|p2a: Zapdos|Thunderbolt|p1a: Registeel
|-damage|p1a: Registeel|289\/364
|
|-heal|p1a: Registeel|311\/364|[from] item: Leftovers
|turn|3
|
|switch|p2a: Scizor|Scizor, F|281\/281
|move|p1a: Registeel|Stealth Rock|p2a: Scizor
|-sidestart|p2: N64Gary|move: Stealth Rock
|
|-heal|p1a: Registeel|333\/364|[from] item: Leftovers
|turn|4
|
|switch|p1a: Gyarados|Gyarados, F|312\/355
|-ability|p1a: Gyarados|Intimidate|[of] p2a: Scizor
|-unboost|p2a: Scizor|atk|1
|move|p2a: Scizor|Knock Off|p1a: Gyarados
|-damage|p1a: Gyarados|205\/355
|
|turn|5
|
|switch|p2a: Keldeo|Keldeo|323\/323
|-damage|p2a: Keldeo|303\/323|[from] Stealth Rock
|move|p1a: Gyarados|Waterfall|p2a: Keldeo
|-resisted|p2a: Keldeo
|-damage|p2a: Keldeo|227\/323
|
|turn|6
|
|switch|p1a: Clefable|Clefable, M|394\/394
|move|p2a: Keldeo|Scald|p1a: Clefable
|-damage|p1a: Clefable|228\/394
|
|turn|7
|
|move|p2a: Keldeo|Scald|p1a: Clefable
|-damage|p1a: Clefable|65\/394
|move|p1a: Clefable|Thunder Wave|p2a: Keldeo
|-status|p2a: Keldeo|par
|
|turn|8
|
|switch|p1a: Empoleon|Empoleon, F|372\/372
|move|p2a: Keldeo|Scald|p1a: Empoleon
|-resisted|p1a: Empoleon
|-damage|p1a: Empoleon|294\/372
|
|turn|9
|
|switch|p2a: Zapdos|Zapdos|357\/357
|-damage|p2a: Zapdos|268\/357|[from] Stealth Rock
|-ability|p2a: Zapdos|Pressure
|move|p1a: Empoleon|Scald|p2a: Zapdos
|-damage|p2a: Zapdos|115\/357
|
|-heal|p2a: Zapdos|137\/357|[from] item: Leftovers
|turn|10
|
|switch|p1a: Registeel|Registeel|333\/364
|move|p2a: Zapdos|Thunderbolt|p1a: Registeel
|-damage|p1a: Registeel|255\/364
|
|-heal|p2a: Zapdos|159\/357|[from] item: Leftovers
|-heal|p1a: Registeel|277\/364|[from] item: Leftovers
|turn|11
|
|switch|p2a: Pinsir|Pinsir, F|271\/271
|-damage|p2a: Pinsir|204\/271|[from] Stealth Rock
|move|p1a: Registeel|Seismic Toss|p2a: Pinsir
|-damage|p2a: Pinsir|104\/271
|
|-heal|p1a: Registeel|299\/364|[from] item: Leftovers
|turn|12
|c|âN64Gary|i c u
|c|âN64Gary|registeel shud get roost
|c|âN64Gary|dont u think?
|
|switch|p1a: Clefable|Clefable, M|65\/394
|move|p2a: Pinsir|Close Combat|p1a: Clefable
|-crit|p1a: Clefable
|-resisted|p1a: Clefable
|-damage|p1a: Clefable|0 fnt
|-damage|p2a: Pinsir|59\/271|[from] item: Rocky Helmet|[of] p1a: Clefable
|-unboost|p2a: Pinsir|def|1
|-unboost|p2a: Pinsir|spd|1
|faint|p1a: Clefable
|-boost|p2a: Pinsir|atk|1|[from] ability: Moxie
|
|
|switch|p1a: Mienshao|Mienshao, F|271\/271
|turn|13
|
|switch|p2a: Skarmory|Skarmory, F|334\/334
|-damage|p2a: Skarmory|293\/334|[from] Stealth Rock
|move|p1a: Mienshao|Fake Out|p2a: Skarmory
|-resisted|p2a: Skarmory
|-damage|p2a: Skarmory|273\/334
|-damage|p1a: Mienshao|226\/271|[from] item: Rocky Helmet|[of] p2a: Skarmory
|
|turn|14
|
|switch|p1a: Empoleon|Empoleon, F|294\/372
|switch|p2a: Pinsir|Pinsir, F|59\/271
|-damage|p2a: Pinsir|0 fnt|[from] Stealth Rock
|faint|p2a: Pinsir
|
|
|switch|p2a: Keldeo|Keldeo|227\/323 par
|-damage|p2a: Keldeo|207\/323 par|[from] Stealth Rock
|turn|15
|
|switch|p1a: Dragonite|Dragonite, M|324\/324
|move|p2a: Keldeo|Secret Sword|p1a: Dragonite
|-resisted|p1a: Dragonite
|-damage|p1a: Dragonite|282\/324
|
|turn|16
|c|âN64Gary|ur making that team good
|
|switch|p1a: Empoleon|Empoleon, F|294\/372
|switch|p2a: Skarmory|Skarmory, F|273\/334
|-damage|p2a: Skarmory|232\/334|[from] Stealth Rock
|
|turn|17
|
|move|p2a: Skarmory|Stealth Rock|p1a: Empoleon
|-sidestart|p1: qqqqw|move: Stealth Rock
|move|p1a: Empoleon|Scald|p2a: Skarmory
|-damage|p2a: Skarmory|0 fnt
|faint|p2a: Skarmory
|
|
|switch|p2a: Niggersby|Diggersby, M|311\/311
|-damage|p2a: Niggersby|292\/311|[from] Stealth Rock
|turn|18
|
|switch|p1a: Gyarados|Gyarados, F|205\/355
|-damage|p1a: Gyarados|117\/355|[from] Stealth Rock
|-ability|p1a: Gyarados|Intimidate|[of] p2a: Niggersby
|-unboost|p2a: Niggersby|atk|1
|move|p2a: Niggersby|U-turn|p1a: Gyarados
|-resisted|p1a: Gyarados
|-damage|p1a: Gyarados|75\/355
|
|switch|p2a: Scizor|Scizor, F|281\/281
|-damage|p2a: Scizor|246\/281|[from] Stealth Rock
|
|turn|19
|
|move|p2a: Scizor|Bullet Punch|p1a: Gyarados
|-resisted|p1a: Gyarados
|-damage|p1a: Gyarados|0 fnt
|faint|p1a: Gyarados
|
|
|switch|p1a: Empoleon|Empoleon, F|294\/372
|-damage|p1a: Empoleon|271\/372|[from] Stealth Rock
|turn|20
|c|âN64Gary|not bad
|
|switch|p2a: Keldeo|Keldeo|207\/323 par
|-damage|p2a: Keldeo|187\/323 par|[from] Stealth Rock
|move|p1a: Empoleon|Scald|p2a: Keldeo
|-resisted|p2a: Keldeo
|-damage|p2a: Keldeo|89\/323 par
|
|turn|21
|c|âN64Gary|that did so much
|
|move|p1a: Empoleon|Scald|p2a: Keldeo
|-resisted|p2a: Keldeo
|-damage|p2a: Keldeo|0 fnt
|faint|p2a: Keldeo
|
|
|switch|p2a: Scizor|Scizor, F|246\/281
|-damage|p2a: Scizor|211\/281|[from] Stealth Rock
|turn|22
|
|switch|p1a: Dragonite|Dragonite, M|282\/324
|-damage|p1a: Dragonite|201\/324|[from] Stealth Rock
|move|p2a: Scizor|Superpower|p1a: Dragonite
|-resisted|p1a: Dragonite
|-damage|p1a: Dragonite|84\/324
|-unboost|p2a: Scizor|atk|1
|-unboost|p2a: Scizor|def|1
|
|turn|23
|
|move|p1a: Dragonite|Ice Beam|p2a: Scizor
|-resisted|p2a: Scizor
|-damage|p2a: Scizor|156\/281
|move|p2a: Scizor|Superpower|p1a: Dragonite
|-resisted|p1a: Dragonite
|-damage|p1a: Dragonite|0 fnt
|-unboost|p2a: Scizor|atk|1
|-unboost|p2a: Scizor|def|1
|faint|p1a: Dragonite
|
|
|switch|p1a: Mienshao|Mienshao, F|271\/271
|-damage|p1a: Mienshao|255\/271|[from] Stealth Rock
|turn|24
|
|move|p1a: Mienshao|High Jump Kick|p2a: Scizor|[miss]
|-miss|p1a: Mienshao|p2a: Scizor
|-damage|p1a: Mienshao|120\/271|[from] highjumpkick
|move|p2a: Scizor|Superpower|p1a: Mienshao
|-damage|p1a: Mienshao|0 fnt
|-unboost|p2a: Scizor|atk|1
|-unboost|p2a: Scizor|def|1
|faint|p1a: Mienshao
|
|c|âN64Gary|the work
|
|switch|p1a: Empoleon|Empoleon, F|271\/372
|-damage|p1a: Empoleon|248\/372|[from] Stealth Rock
|turn|25
|
|move|p2a: Scizor|Superpower|p1a: Empoleon
|-supereffective|p1a: Empoleon
|-damage|p1a: Empoleon|56\/372
|-unboost|p2a: Scizor|atk|1
|-unboost|p2a: Scizor|def|1
|move|p1a: Empoleon|Scald|p2a: Scizor
|-damage|p2a: Scizor|0 fnt
|faint|p2a: Scizor
|
|
|switch|p2a: Niggersby|Diggersby, M|292\/311
|-damage|p2a: Niggersby|273\/311|[from] Stealth Rock
|turn|26
|c|âN64Gary|gg bud
|
|switch|p1a: Registeel|Registeel|299\/364
|-damage|p1a: Registeel|277\/364|[from] Stealth Rock
|move|p2a: Niggersby|Earthquake|p1a: Registeel
|-supereffective|p1a: Registeel
|-damage|p1a: Registeel|0 fnt
|faint|p1a: Registeel
|
|
|switch|p1a: Empoleon|Empoleon, F|56\/372
|-damage|p1a: Empoleon|33\/372|[from] Stealth Rock
|turn|27
|
|move|p1a: Empoleon|Aqua Jet|p2a: Niggersby
|-supereffective|p2a: Niggersby
|-damage|p2a: Niggersby|139\/311
|move|p2a: Niggersby|Earthquake|p1a: Empoleon
|-supereffective|p1a: Empoleon
|-damage|p1a: Empoleon|0 fnt
|faint|p1a: Empoleon
|
|win|N64Gary
|raw|Ladder updating...