|join|qqqqw
|join|ICNH
|player|p1|qqqqw|52
|player|p2|ICNH|65
|gametype|singles
|gen|6
|tier|OU
|rated
|clearpoke
|poke|p1|Regice
|poke|p1|Clefable, F
|poke|p1|Mienshao, F
|poke|p1|Empoleon, M
|poke|p1|Gyarados, M
|poke|p1|Dragonite, M
|poke|p2|Latios, M
|poke|p2|Garchomp, F
|poke|p2|Starmie, shiny
|poke|p2|Kyurem-Black
|poke|p2|Gyarados, F
|poke|p2|Azumarill, M
|rule|Swagger Clause: Swagger is banned
|rule|Baton Pass Clause: Limit one PokÃ©mon knowing Baton Pass
|rule|Sleep Clause Mod: Limit one foe put to sleep
|rule|Species Clause: Limit one of each PokÃ©mon
|rule|OHKO Clause: OHKO moves are banned
|rule|Moody Clause: Moody is banned
|rule|Evasion Moves Clause: Evasion moves are banned
|rule|Endless Battle Clause: Forcing endless battles is banned
|rule|HP Percentage Mod: HP is shown in percentages
|teampreview
|
|start
|switch|p1a: Dragonite|Dragonite, M|324\/324
|switch|p2a: Blue|Azumarill, M|400\/400
|turn|1
|
|switch|p1a: Empoleon|Empoleon, M|364\/364
|move|p2a: Blue|Knock Off|p1a: Empoleon
|-damage|p1a: Empoleon|244\/364
|-enditem|p1a: Empoleon|Choice Specs|[from] move: Knock Off|[of] p2a: Blue
|
|turn|2
|
|switch|p2a: Blue|Garchomp, F|357\/357
|move|p1a: Empoleon|Flash Cannon|p2a: Blue
|-damage|p2a: Blue|201\/357
|
|turn|3
|
|switch|p1a: Dragonite|Dragonite, M|324\/324
|move|p2a: Blue|Stealth Rock|p1a: Dragonite
|-sidestart|p1: qqqqw|move: Stealth Rock
|
|turn|4
|
|move|p1a: Dragonite|Ice Beam|p2a: Blue
|-supereffective|p2a: Blue
|-damage|p2a: Blue|0 fnt
|faint|p2a: Blue
|
|
|switch|p2a: Blue|Kyurem-Black|403\/403
|-ability|p2a: Blue|Teravolt
|turn|5
|
|switch|p1a: Empoleon|Empoleon, M|244\/364
|-damage|p1a: Empoleon|222\/364|[from] Stealth Rock
|move|p2a: Blue|Ice Beam|p1a: Empoleon
|-resisted|p1a: Empoleon
|-damage|p1a: Empoleon|173\/364
|-status|p1a: Empoleon|frz
|-damage|p2a: Blue|363\/403|[from] item: Life Orb
|
|turn|6
|
|move|p2a: Blue|Fusion Bolt|p1a: Empoleon
|-supereffective|p1a: Empoleon
|-damage|p1a: Empoleon|0 fnt
|-damage|p2a: Blue|323\/403|[from] item: Life Orb
|faint|p1a: Empoleon
|
|
|switch|p1a: Clefable|Clefable, F|394\/394
|-damage|p1a: Clefable|345\/394|[from] Stealth Rock
|turn|7
|
|move|p2a: Blue|Ice Beam|p1a: Clefable
|-damage|p1a: Clefable|118\/394
|-damage|p2a: Blue|283\/403|[from] item: Life Orb
|move|p1a: Clefable|Thunder Wave|p2a: Blue
|-status|p2a: Blue|par
|
|turn|8
|
|move|p1a: Clefable|Moonlight|p1a: Clefable
|-heal|p1a: Clefable|315\/394
|move|p2a: Blue|Ice Beam|p1a: Clefable
|-damage|p1a: Clefable|95\/394
|-damage|p2a: Blue|243\/403 par|[from] item: Life Orb
|
|turn|9
|
|move|p1a: Clefable|Moonlight|p1a: Clefable
|-heal|p1a: Clefable|292\/394
|move|p2a: Blue|Ice Beam|p1a: Clefable
|-damage|p1a: Clefable|66\/394
|-damage|p2a: Blue|203\/403 par|[from] item: Life Orb
|
|turn|10
|
|move|p1a: Clefable|Moonlight|p1a: Clefable
|-heal|p1a: Clefable|263\/394
|move|p2a: Blue|Ice Beam|p1a: Clefable
|-damage|p1a: Clefable|55\/394
|-damage|p2a: Blue|163\/403 par|[from] item: Life Orb
|
|turn|11
|
|move|p1a: Clefable|Moonlight|p1a: Clefable
|-heal|p1a: Clefable|252\/394
|move|p2a: Blue|Ice Beam|p1a: Clefable
|-damage|p1a: Clefable|26\/394
|-damage|p2a: Blue|123\/403 par|[from] item: Life Orb
|
|turn|12
|
|move|p1a: Clefable|Moonlight|p1a: Clefable
|-heal|p1a: Clefable|223\/394
|move|p2a: Blue|Ice Beam|p1a: Clefable
|-damage|p1a: Clefable|12\/394
|-damage|p2a: Blue|83\/403 par|[from] item: Life Orb
|
|turn|13
|
|move|p1a: Clefable|Moonblast|p2a: Blue
|-supereffective|p2a: Blue
|-damage|p2a: Blue|0 fnt
|faint|p2a: Blue
|
|
|switch|p2a: Blue|Starmie, shiny|262\/262
|turn|14
|
|move|p2a: Blue|Ice Beam|p1a: Clefable
|-damage|p1a: Clefable|0 fnt
|-damage|p2a: Blue|236\/262|[from] item: Life Orb
|faint|p1a: Clefable
|
|
|switch|p1a: Regice|Regice|364\/364
|-damage|p1a: Regice|273\/364|[from] Stealth Rock
|turn|15
|
|move|p2a: Blue|Psyshock|p1a: Regice
|-damage|p1a: Regice|121\/364
|-damage|p2a: Blue|210\/262|[from] item: Life Orb
|move|p1a: Regice|Thunder Wave|p2a: Blue
|-status|p2a: Blue|par
|
|turn|16
|
|move|p1a: Regice|Rest|p1a: Regice
|-status|p1a: Regice|slp
|-heal|p1a: Regice|364\/364 slp|[silent]
|-status|p1a: Regice|slp|[from] move: Rest
|move|p2a: Blue|Psyshock|p1a: Regice
|-damage|p1a: Regice|169\/364 slp
|-damage|p2a: Blue|184\/262 par|[from] item: Life Orb
|
|turn|17
|
|cant|p1a: Regice|slp
|move|p1a: Regice|Sleep Talk|p1a: Regice
|move|p1a: Regice|Ice Beam|p2a: Blue|[from]Sleep Talk
|-resisted|p2a: Blue
|-damage|p2a: Blue|106\/262 par
|move|p2a: Blue|Psyshock|p1a: Regice
|-damage|p1a: Regice|0 fnt
|-damage|p2a: Blue|80\/262 par|[from] item: Life Orb
|faint|p1a: Regice
|
|
|switch|p1a: Mienshao|Mienshao, F|271\/271
|-damage|p1a: Mienshao|255\/271|[from] Stealth Rock
|turn|18
|
|move|p1a: Mienshao|U-turn|p2a: Blue
|-supereffective|p2a: Blue
|-damage|p2a: Blue|0 fnt
|faint|p2a: Blue
|
|switch|p1a: Dragonite|Dragonite, M|324\/324
|-damage|p1a: Dragonite|243\/324|[from] Stealth Rock
|
|
|switch|p2a: Blue|Latios, M|301\/301
|turn|19
|
|move|p2a: Blue|Draco Meteor|p1a: Dragonite
|-supereffective|p1a: Dragonite
|-damage|p1a: Dragonite|0 fnt
|-unboost|p2a: Blue|spa|2
|faint|p1a: Dragonite
|
|
|switch|p1a: Gyarados|Gyarados, M|362\/362
|-damage|p1a: Gyarados|272\/362|[from] Stealth Rock
|-ability|p1a: Gyarados|Intimidate|[of] p2a: Blue
|-unboost|p2a: Blue|atk|1
|turn|20
|
|switch|p2a: Blue|Azumarill, M|400\/400
|detailschange|p1a: Gyarados|Gyarados-Mega, M
|message|Gyarados has Mega Evolved into Mega Gyarados!
|-ability|p1a: Gyarados|Mold Breaker
|move|p1a: Gyarados|Dragon Dance|p1a: Gyarados
|-boost|p1a: Gyarados|atk|1
|-boost|p1a: Gyarados|spe|1
|
|turn|21
|
|move|p1a: Gyarados|Waterfall|p2a: Blue
|-resisted|p2a: Blue
|-damage|p2a: Blue|260\/400
|move|p2a: Blue|Play Rough|p1a: Gyarados|[miss]
|-miss|p2a: Blue|p1a: Gyarados
|
|turn|22
|
|move|p1a: Gyarados|Waterfall|p2a: Blue
|-resisted|p2a: Blue
|-damage|p2a: Blue|116\/400
|move|p2a: Blue|Play Rough|p1a: Gyarados
|-supereffective|p1a: Gyarados
|-damage|p1a: Gyarados|0 fnt
|faint|p1a: Gyarados
|
|
|switch|p1a: Mienshao|Mienshao, F|271\/271
|-damage|p1a: Mienshao|255\/271|[from] Stealth Rock
|turn|23
|
|move|p2a: Blue|Aqua Jet|p1a: Mienshao
|-damage|p1a: Mienshao|116\/271
|move|p1a: Mienshao|U-turn|p2a: Blue
|-resisted|p2a: Blue
|-damage|p2a: Blue|44\/400
|
|turn|24
|
|move|p2a: Blue|Aqua Jet|p1a: Mienshao
|-damage|p1a: Mienshao|0 fnt
|faint|p1a: Mienshao
|
|win|ICNH
|raw|Ladder updating...
|raw|qqqqw's rating: 1560 &rarr; <strong>1540<\/strong><br \/>(-20 for losing)
|raw|ICNH's rating: 1574 &rarr; <strong>1594<\/strong><br \/>(+20 for winning)
|leave|qqqqw
|player|p1