|join|Richizen
|join|qqqqw
|player|p1|Richizen|1
|player|p2|qqqqw|52
|gametype|singles
|gen|6
|tier|OU
|rated
|clearpoke
|poke|p1|Gardevoir, F, shiny
|poke|p1|Conkeldurr, M
|poke|p1|Gyarados, M, shiny
|poke|p1|Gliscor, F
|poke|p1|Heatran, M
|poke|p1|Chansey, F
|poke|p2|Gallade, M
|poke|p2|Smeargle, F
|poke|p2|Steelix, M
|poke|p2|Clefable, M
|poke|p2|Espeon, F
|poke|p2|Gliscor, M
|rule|Swagger Clause: Swagger is banned
|rule|Baton Pass Clause: Limit one PokÃ©mon knowing Baton Pass
|rule|Sleep Clause Mod: Limit one foe put to sleep
|rule|Species Clause: Limit one of each PokÃ©mon
|rule|OHKO Clause: OHKO moves are banned
|rule|Moody Clause: Moody is banned
|rule|Evasion Moves Clause: Evasion moves are banned
|rule|Endless Battle Clause: Forcing endless battles is banned
|rule|HP Percentage Mod: HP is shown in percentages
|teampreview
|
|start
|switch|p1a: Derpmeister|Conkeldurr, M|414\/414
|switch|p2a: Smeargle|Smeargle, F|314\/314
|turn|1
|
|move|p1a: Derpmeister|Mach Punch|p2a: Smeargle
|-supereffective|p2a: Smeargle
|-enditem|p2a: Smeargle|Focus Sash
|-damage|p2a: Smeargle|1\/314
|move|p2a: Smeargle|Spore|p1a: Derpmeister
|-status|p1a: Derpmeister|slp
|
|turn|2
|
|switch|p1a: Heatmortar|Heatran, M|386\/386
|move|p2a: Smeargle|Shift Gear|p2a: Smeargle
|-boost|p2a: Smeargle|atk|1
|-boost|p2a: Smeargle|spe|2
|
|turn|3
|
|move|p2a: Smeargle|Baton Pass|p2a: Smeargle
|
|switch|p2a: Gliscor|Gliscor, M|344\/344
|move|p1a: Heatmortar|Lava Plume|p2a: Gliscor
|-damage|p2a: Gliscor|199\/344
|
|-status|p2a: Gliscor|tox|[from] item: Toxic Orb
|turn|4
|
|switch|p1a: Red Rage|Gyarados, M, shiny|345\/345
|-ability|p1a: Red Rage|Intimidate|[of] p2a: Gliscor
|-unboost|p2a: Gliscor|atk|1
|move|p2a: Gliscor|Knock Off|p1a: Red Rage
|-damage|p1a: Red Rage|251\/345
|-enditem|p1a: Red Rage|Leftovers|[from] move: Knock Off|[of] p2a: Gliscor
|
|-heal|p2a: Gliscor|242\/344 tox|[from] ability: Poison Heal
|turn|5
|
|move|p2a: Gliscor|Ice Fang|p1a: Red Rage
|-damage|p1a: Red Rage|192\/345
|move|p1a: Red Rage|Dragon Dance|p1a: Red Rage
|-boost|p1a: Red Rage|atk|1
|-boost|p1a: Red Rage|spe|1
|
|-heal|p2a: Gliscor|285\/344 tox|[from] ability: Poison Heal
|turn|6
|
|move|p2a: Gliscor|Substitute|p2a: Gliscor
|-start|p2a: Gliscor|Substitute
|-damage|p2a: Gliscor|199\/344 tox
|move|p1a: Red Rage|Waterfall|p2a: Gliscor
|-supereffective|p2a: Gliscor
|-end|p2a: Gliscor|Substitute
|
|-heal|p2a: Gliscor|242\/344 tox|[from] ability: Poison Heal
|turn|7
|
|move|p2a: Gliscor|Protect|p2a: Gliscor
|-singleturn|p2a: Gliscor|Protect
|move|p1a: Red Rage|Dragon Dance|p1a: Red Rage
|-boost|p1a: Red Rage|atk|1
|-boost|p1a: Red Rage|spe|1
|
|-heal|p2a: Gliscor|285\/344 tox|[from] ability: Poison Heal
|turn|8
|
|switch|p2a: Clefable|Clefable, M|394\/394
|move|p1a: Red Rage|Waterfall|p2a: Clefable
|-damage|p2a: Clefable|243\/394
|
|turn|9
|
|move|p1a: Red Rage|Bounce|p2a: Clefable|[still]
|-prepare|p1a: Red Rage|Bounce|p2a: Clefable
|move|p2a: Clefable|Thunder Wave|p1a: Red Rage|[miss]
|-miss|p2a: Clefable|p1a: Red Rage
|
|turn|10
|
|move|p2a: Clefable|Protect|p2a: Clefable
|-singleturn|p2a: Clefable|Protect
|move|p1a: Red Rage|Bounce|p2a: Clefable
|-activate|p2a: Clefable|Protect
|
|turn|11
|
|move|p1a: Red Rage|Substitute|p1a: Red Rage
|-start|p1a: Red Rage|Substitute
|-damage|p1a: Red Rage|106\/345
|move|p2a: Clefable|Thunder Wave|p1a: Red Rage
|
|turn|12
|
|move|p1a: Red Rage|Waterfall|p2a: Clefable
|-damage|p2a: Clefable|95\/394
|move|p2a: Clefable|Wish|p2a: Clefable
|
|turn|13
|
|move|p2a: Clefable|Protect|p2a: Clefable
|-singleturn|p2a: Clefable|Protect
|move|p1a: Red Rage|Bounce|p2a: Clefable|[still]
|-prepare|p1a: Red Rage|Bounce|p2a: Clefable
|
|-heal|p2a: Clefable|292\/394|[from] move: Wish|[wisher] Clefable
|turn|14
|
|move|p1a: Red Rage|Bounce|p2a: Clefable
|-damage|p2a: Clefable|123\/394
|-status|p2a: Clefable|par
|-enditem|p2a: Clefable|Lum Berry|[eat]
|-curestatus|p2a: Clefable|par
|move|p2a: Clefable|Moonblast|p1a: Red Rage
|-end|p1a: Red Rage|Substitute
|
|turn|15
|
|move|p1a: Red Rage|Waterfall|p2a: Clefable
|-crit|p2a: Clefable
|-damage|p2a: Clefable|0 fnt
|faint|p2a: Clefable
|
|
|switch|p2a: Espeon|Espeon, F|272\/272
|turn|16
|
|move|p2a: Espeon|Psychic|p1a: Red Rage
|-damage|p1a: Red Rage|0 fnt
|faint|p1a: Red Rage
|
|
|switch|p1a: Black Bride|Gardevoir, F, shiny|277\/277
|-ability|p1a: Black Bride|Magic Bounce|[from] ability: Trace|[of] p2a: Espeon
|turn|17
|
|switch|p2a: Steelix|Steelix, M|354\/354
|detailschange|p1a: Black Bride|Gardevoir-Mega, F, shiny
|message|Gardevoir has Mega Evolved into Mega Gardevoir!
|move|p1a: Black Bride|Calm Mind|p1a: Black Bride
|-boost|p1a: Black Bride|spa|1
|-boost|p1a: Black Bride|spd|1
|
|turn|18
|
|move|p1a: Black Bride|Focus Blast|p2a: Steelix|[miss]
|-miss|p1a: Black Bride|p2a: Steelix
|move|p2a: Steelix|Gyro Ball|p1a: Black Bride
|-supereffective|p1a: Black Bride
|-damage|p1a: Black Bride|0 fnt
|faint|p1a: Black Bride
|
|
|switch|p1a: DoIScareYou|Chansey, F|704\/704
|turn|19
|
|switch|p2a: Espeon|Espeon, F|272\/272
|move|p1a: DoIScareYou|Heal Bell|p1a: DoIScareYou
|-cureteam|p1a: DoIScareYou|[from] move: HealBell
|
|turn|20
|
|switch|p2a: Smeargle|Smeargle, F|1\/314
|move|p1a: DoIScareYou|Seismic Toss|p2a: Smeargle
|-damage|p2a: Smeargle|0 fnt
|faint|p2a: Smeargle
|
|
|switch|p2a: Gliscor|Gliscor, M|285\/344 tox
|turn|21
|c|âRichizen|This is injust .(+
|
|switch|p1a: Derpmeister|Conkeldurr, M|414\/414
|move|p2a: Gliscor|Substitute|p2a: Gliscor
|-start|p2a: Gliscor|Substitute
|-damage|p2a: Gliscor|199\/344 tox
|
|-heal|p2a: Gliscor|242\/344 tox|[from] ability: Poison Heal
|turn|22
|
|move|p2a: Gliscor|Knock Off|p1a: Derpmeister
|-resisted|p1a: Derpmeister
|-damage|p1a: Derpmeister|376\/414
|-enditem|p1a: Derpmeister|Assault Vest|[from] move: Knock Off|[of] p2a: Gliscor
|move|p1a: Derpmeister|Ice Punch|p2a: Gliscor
|-supereffective|p2a: Gliscor
|-end|p2a: Gliscor|Substitute
|
|-heal|p2a: Gliscor|285\/344 tox|[from] ability: Poison Heal
|turn|23
|
|switch|p2a: Gallade|Gallade, M|278\/278
|move|p1a: Derpmeister|Ice Punch|p2a: Gallade
|-damage|p2a: Gallade|127\/278
|-status|p2a: Gallade|frz
|
|turn|24
|
|detailschange|p2a: Gallade|Gallade-Mega, M
|message|Gallade has Mega Evolved into Mega Gallade!
|cant|p2a: Gallade|frz
|move|p1a: Derpmeister|Ice Punch|p2a: Gallade
|-damage|p2a: Gallade|14\/278 frz
|
|turn|25
|
|cant|p2a: Gallade|frz
|move|p1a: Derpmeister|Mach Punch|p2a: Gallade
|-resisted|p2a: Gallade
|-damage|p2a: Gallade|0 fnt
|faint|p2a: Gallade
|
|
|switch|p2a: Espeon|Espeon, F|272\/272
|turn|26
|
|switch|p2a: Gliscor|Gliscor, M|285\/344 tox
|switch|p1a: DoIScareYou|Chansey, F|704\/704
|
|-heal|p2a: Gliscor|328\/344 tox|[from] ability: Poison Heal
|turn|27
|
|switch|p1a: Derpmeister|Conkeldurr, M|376\/414
|move|p2a: Gliscor|Ice Fang|p1a: Derpmeister
|-damage|p1a: Derpmeister|322\/414
|
|-heal|p2a: Gliscor|344\/344 tox|[from] ability: Poison Heal
|turn|28
|
|move|p2a: Gliscor|Protect|p2a: Gliscor
|-singleturn|p2a: Gliscor|Protect
|move|p1a: Derpmeister|Ice Punch|p2a: Gliscor
|-activate|p2a: Gliscor|Protect
|
|turn|29
|
|move|p2a: Gliscor|Substitute|p2a: Gliscor
|-start|p2a: Gliscor|Substitute
|-damage|p2a: Gliscor|258\/344 tox
|move|p1a: Derpmeister|Ice Punch|p2a: Gliscor
|-supereffective|p2a: Gliscor
|-end|p2a: Gliscor|Substitute
|
|-heal|p2a: Gliscor|301\/344 tox|[from] ability: Poison Heal
|turn|30
|
|move|p2a: Gliscor|Protect|p2a: Gliscor
|-singleturn|p2a: Gliscor|Protect
|move|p1a: Derpmeister|Ice Punch|p2a: Gliscor
|-activate|p2a: Gliscor|Protect
|
|-heal|p2a: Gliscor|344\/344 tox|[from] ability: Poison Heal
|turn|31
|
|switch|p1a: DoIScareYou|Chansey, F|704\/704
|move|p2a: Gliscor|Substitute|p2a: Gliscor
|-start|p2a: Gliscor|Substitute
|-damage|p2a: Gliscor|258\/344 tox
|
|-heal|p2a: Gliscor|301\/344 tox|[from] ability: Poison Heal
|turn|32
|
|move|p2a: Gliscor|Knock Off|p1a: DoIScareYou
|-damage|p1a: DoIScareYou|606\/704
|-enditem|p1a: DoIScareYou|Eviolite|[from] move: Knock Off|[of] p2a: Gliscor
|move|p1a: DoIScareYou|Wish|p1a: DoIScareYou
|
|-heal|p2a: Gliscor|344\/344 tox|[from] ability: Poison Heal
|turn|33
|
|move|p2a: Gliscor|Ice Fang|p1a: DoIScareYou
|-damage|p1a: DoIScareYou|509\/704
|move|p1a: DoIScareYou|Seismic Toss|p2a: Gliscor
|-end|p2a: Gliscor|Substitute
|
|-heal|p1a: DoIScareYou|704\/704|[from] move: Wish|[wisher] DoIScareYou
|turn|34
|
|move|p2a: Gliscor|Ice Fang|p1a: DoIScareYou
|-damage|p1a: DoIScareYou|614\/704
|move|p1a: DoIScareYou|Seismic Toss|p2a: Gliscor
|-damage|p2a: Gliscor|244\/344 tox
|
|-heal|p2a: Gliscor|287\/344 tox|[from] ability: Poison Heal
|turn|35
|
|move|p2a: Gliscor|Ice Fang|p1a: DoIScareYou
|-damage|p1a: DoIScareYou|525\/704
|move|p1a: DoIScareYou|Wish|p1a: DoIScareYou
|
|-heal|p2a: Gliscor|330\/344 tox|[from] ability: Poison Heal
|turn|36
|
|switch|p1a: Caelli|Gliscor, F|354\/354
|move|p2a: Gliscor|Ice Fang|p1a: Caelli
|-supereffective|p1a: Caelli
|-damage|p1a: Caelli|234\/354
|
|-heal|p1a: Caelli|354\/354|[from] move: Wish|[wisher] DoIScareYou
|-heal|p2a: Gliscor|344\/344 tox|[from] ability: Poison Heal
|-status|p1a: Caelli|tox|[from] item: Toxic Orb
|turn|37
|
|move|p2a: Gliscor|Knock Off|p1a: Caelli
|-damage|p1a: Caelli|303\/354 tox
|-enditem|p1a: Caelli|Toxic Orb|[from] move: Knock Off|[of] p2a: Gliscor
|move|p1a: Caelli|Baton Pass|p1a: Caelli
|
|switch|p1a: DoIScareYou|Chansey, F|525\/704
|
|turn|38
|
|move|p2a: Gliscor|Ice Fang|p1a: DoIScareYou
|-damage|p1a: DoIScareYou|422\/704
|-status|p1a: DoIScareYou|frz
|cant|p1a: DoIScareYou|frz
|
|turn|39
|
|switch|p1a: Heatmortar|Heatran, M|386\/386
|move|p2a: Gliscor|Ice Fang|p1a: Heatmortar|[miss]
|-miss|p2a: Gliscor|p1a: Heatmortar
|
|turn|40
|
|move|p2a: Gliscor|Knock Off|p1a: Heatmortar
|-damage|p1a: Heatmortar|316\/386
|-enditem|p1a: Heatmortar|Leftovers|[from] move: Knock Off|[of] p2a: Gliscor
|move|p1a: Heatmortar|Stealth Rock|p2a: Gliscor
|-sidestart|p2: qqqqw|move: Stealth Rock
|
|turn|41
|
|move|p2a: Gliscor|Knock Off|p1a: Heatmortar
|-damage|p1a: Heatmortar|269\/386
|move|p1a: Heatmortar|Lava Plume|p2a: Gliscor
|-damage|p2a: Gliscor|194\/344 tox
|
|-heal|p2a: Gliscor|237\/344 tox|[from] ability: Poison Heal
|turn|42
|
|move|p2a: Gliscor|Protect|p2a: Gliscor
|-singleturn|p2a: Gliscor|Protect
|move|p1a: Heatmortar|Lava Plume|p2a: Gliscor
|-activate|p2a: Gliscor|Protect
|
|-heal|p2a: Gliscor|280\/344 tox|[from] ability: Poison Heal
|turn|43
|
|move|p2a: Gliscor|Knock Off|p1a: Heatmortar
|-damage|p1a: Heatmortar|221\/386
|move|p1a: Heatmortar|Lava Plume|p2a: Gliscor
|-damage|p2a: Gliscor|121\/344 tox
|
|-heal|p2a: Gliscor|164\/344 tox|[from] ability: Poison Heal
|turn|44
|
|move|p2a: Gliscor|Protect|p2a: Gliscor
|-singleturn|p2a: Gliscor|Protect
|move|p1a: Heatmortar|Lava Plume|p2a: Gliscor
|-activate|p2a: Gliscor|Protect
|
|-heal|p2a: Gliscor|207\/344 tox|[from] ability: Poison Heal
|turn|45
|
|move|p2a: Gliscor|Substitute|p2a: Gliscor
|-start|p2a: Gliscor|Substitute
|-damage|p2a: Gliscor|121\/344 tox
|move|p1a: Heatmortar|Lava Plume|p2a: Gliscor
|-crit|p2a: Gliscor
|-end|p2a: Gliscor|Substitute
|
|-heal|p2a: Gliscor|164\/344 tox|[from] ability: Poison Heal
|turn|46
|
|move|p2a: Gliscor|Protect|p2a: Gliscor
|-singleturn|p2a: Gliscor|Protect
|move|p1a: Heatmortar|Lava Plume|p2a: Gliscor
|-activate|p2a: Gliscor|Protect
|
|-heal|p2a: Gliscor|207\/344 tox|[from] ability: Poison Heal
|turn|47
|
|move|p2a: Gliscor|Knock Off|p1a: Heatmortar
|-damage|p1a: Heatmortar|171\/386
|move|p1a: Heatmortar|Lava Plume|p2a: Gliscor
|-damage|p2a: Gliscor|60\/344 tox
|
|-heal|p2a: Gliscor|103\/344 tox|[from] ability: Poison Heal
|turn|48
|c|âRichizen|I will win this.
|
|move|p2a: Gliscor|Protect|p2a: Gliscor
|-singleturn|p2a: Gliscor|Protect
|move|p1a: Heatmortar|Lava Plume|p2a: Gliscor
|-activate|p2a: Gliscor|Protect
|
|-heal|p2a: Gliscor|146\/344 tox|[from] ability: Poison Heal
|turn|49
|
|move|p2a: Gliscor|Substitute|p2a: Gliscor
|-start|p2a: Gliscor|Substitute
|-damage|p2a: Gliscor|60\/344 tox
|move|p1a: Heatmortar|Lava Plume|p2a: Gliscor
|-end|p2a: Gliscor|Substitute
|
|-heal|p2a: Gliscor|103\/344 tox|[from] ability: Poison Heal
|turn|50
|
|move|p2a: Gliscor|Protect|p2a: Gliscor
|-singleturn|p2a: Gliscor|Protect
|move|p1a: Heatmortar|Lava Plume|p2a: Gliscor
|-activate|p2a: Gliscor|Protect
|
|-heal|p2a: Gliscor|146\/344 tox|[from] ability: Poison Heal
|turn|51
|
|move|p2a: Gliscor|Substitute|p2a: Gliscor
|-start|p2a: Gliscor|Substitute
|-damage|p2a: Gliscor|60\/344 tox
|move|p1a: Heatmortar|Lava Plume|p2a: Gliscor
|-end|p2a: Gliscor|Substitute
|
|-heal|p2a: Gliscor|103\/344 tox|[from] ability: Poison Heal
|turn|52
|
|move|p2a: Gliscor|Protect|p2a: Gliscor
|-singleturn|p2a: Gliscor|Protect
|move|p1a: Heatmortar|Stealth Rock|p2a: Gliscor
|-fail|p2a: Gliscor
|
|-heal|p2a: Gliscor|146\/344 tox|[from] ability: Poison Heal
|turn|53
|
|move|p2a: Gliscor|Substitute|p2a: Gliscor
|-start|p2a: Gliscor|Substitute
|-damage|p2a: Gliscor|60\/344 tox
|move|p1a: Heatmortar|Lava Plume|p2a: Gliscor
|-end|p2a: Gliscor|Substitute
|
|-heal|p2a: Gliscor|103\/344 tox|[from] ability: Poison Heal
|turn|54
|
|move|p2a: Gliscor|Substitute|p2a: Gliscor
|-start|p2a: Gliscor|Substitute
|-damage|p2a: Gliscor|17\/344 tox
|move|p1a: Heatmortar|Lava Plume|p2a: Gliscor
|-end|p2a: Gliscor|Substitute
|
|-heal|p2a: Gliscor|60\/344 tox|[from] ability: Poison Heal
|turn|55
|
|move|p2a: Gliscor|Protect|p2a: Gliscor
|-singleturn|p2a: Gliscor|Protect
|move|p1a: Heatmortar|Stealth Rock|p2a: Gliscor
|-fail|p2a: Gliscor
|
|-heal|p2a: Gliscor|103\/344 tox|[from] ability: Poison Heal
|turn|56
|
|move|p2a: Gliscor|Substitute|p2a: Gliscor
|-start|p2a: Gliscor|Substitute
|-damage|p2a: Gliscor|17\/344 tox
|move|p1a: Heatmortar|Lava Plume|p2a: Gliscor
|-end|p2a: Gliscor|Substitute
|
|-heal|p2a: Gliscor|60\/344 tox|[from] ability: Poison Heal
|turn|57
|
|move|p2a: Gliscor|Protect|p2a: Gliscor
|-singleturn|p2a: Gliscor|Protect
|move|p1a: Heatmortar|Stealth Rock|p2a: Gliscor
|-fail|p2a: Gliscor
|
|-heal|p2a: Gliscor|103\/344 tox|[from] ability: Poison Heal
|turn|58
|
|move|p2a: Gliscor|Substitute|p2a: Gliscor
|-start|p2a: Gliscor|Substitute
|-damage|p2a: Gliscor|17\/344 tox
|move|p1a: Heatmortar|Lava Plume|p2a: Gliscor
|-end|p2a: Gliscor|Substitute
|
|-heal|p2a: Gliscor|60\/344 tox|[from] ability: Poison Heal
|turn|59
|
|switch|p2a: Espeon|Espeon, F|272\/272
|-damage|p2a: Espeon|238\/272|[from] Stealth Rock
|move|p1a: Heatmortar|Lava Plume|p2a: Espeon
|-damage|p2a: Espeon|124\/272
|
|turn|60
|
|switch|p1a: DoIScareYou|Chansey, F|422\/704
|move|p2a: Espeon|Psychic|p1a: DoIScareYou
|-damage|p1a: DoIScareYou|271\/704
|
|turn|61
|
|move|p2a: Espeon|Psychic|p1a: DoIScareYou
|-damage|p1a: DoIScareYou|109\/704
|move|p1a: DoIScareYou|Wish|p1a: DoIScareYou
|
|turn|62
|
|switch|p1a: Heatmortar|Heatran, M|171\/386
|move|p2a: Espeon|Psychic|p1a: Heatmortar
|-resisted|p1a: Heatmortar
|-damage|p1a: Heatmortar|111\/386
|
|-heal|p1a: Heatmortar|386\/386|[from] move: Wish|[wisher] DoIScareYou
|turn|63
|-message|qqqqw forfeited.
|
|win|Richizen
|raw|Ladder updating...
|leave|qqqqw
|player|p2