|join|Cuberandgamer
|join|qqqqw
|player|p1|Cuberandgamer|164
|player|p2|qqqqw|52
|gametype|singles
|gen|6
|tier|OU
|rated
|clearpoke
|poke|p1|Azumarill, F
|poke|p1|Scizor, M
|poke|p1|Kyurem-Black
|poke|p1|Rotom-Heat
|poke|p1|Celebi
|poke|p1|Terrakion
|poke|p2|Skarmory, F
|poke|p2|Pidgeot, M
|poke|p2|Venusaur, F
|poke|p2|Quagsire, F
|poke|p2|Florges, F
|poke|p2|Metagross
|rule|Swagger Clause: Swagger is banned
|rule|Baton Pass Clause: Limit one PokÃ©mon knowing Baton Pass
|rule|Sleep Clause Mod: Limit one foe put to sleep
|rule|Species Clause: Limit one of each PokÃ©mon
|rule|OHKO Clause: OHKO moves are banned
|rule|Moody Clause: Moody is banned
|rule|Evasion Moves Clause: Evasion moves are banned
|rule|Endless Battle Clause: Forcing endless battles is banned
|rule|HP Percentage Mod: HP is shown in percentages
|teampreview
|
|start
|switch|p1a: I dont know!|Rotom-Heat|303\/303
|switch|p2a: Pidgeot|Pidgeot, M|308\/308
|turn|1
|
|move|p2a: Pidgeot|U-turn|p1a: I dont know!
|-resisted|p1a: I dont know!
|-damage|p1a: I dont know!|279\/303
|
|switch|p2a: Quagsire|Quagsire, F|394\/394
|move|p1a: I dont know!|Will-O-Wisp|p2a: Quagsire
|-status|p2a: Quagsire|brn
|
|-heal|p1a: I dont know!|297\/303|[from] item: Leftovers
|-damage|p2a: Quagsire|345\/394 brn|[from] brn
|turn|2
|
|switch|p1a: RIP baton pass|Celebi|404\/404
|move|p2a: Quagsire|Scald|p1a: RIP baton pass
|-resisted|p1a: RIP baton pass
|-damage|p1a: RIP baton pass|379\/404
|
|-heal|p1a: RIP baton pass|404\/404|[from] item: Leftovers
|-damage|p2a: Quagsire|296\/394 brn|[from] brn
|turn|3
|
|switch|p2a: Skarmory|Skarmory, F|334\/334
|move|p1a: RIP baton pass|Stealth Rock|p2a: Skarmory
|-sidestart|p2: qqqqw|move: Stealth Rock
|
|turn|4
|
|switch|p1a: I dont know!|Rotom-Heat|297\/303
|move|p2a: Skarmory|Stealth Rock|p1a: I dont know!
|-sidestart|p1: Cuberandgamer|move: Stealth Rock
|
|-heal|p1a: I dont know!|303\/303|[from] item: Leftovers
|turn|5
|
|switch|p2a: Florges|Florges, F|352\/352
|-damage|p2a: Florges|308\/352|[from] Stealth Rock
|move|p1a: I dont know!|Overheat|p2a: Florges
|-damage|p2a: Florges|226\/352
|-unboost|p1a: I dont know!|spa|2
|
|-heal|p2a: Florges|248\/352|[from] item: Leftovers
|turn|6
|
|move|p1a: I dont know!|Volt Switch|p2a: Florges
|-damage|p2a: Florges|226\/352
|
|switch|p1a: eat a dick chansey|Scizor, M|344\/344
|-damage|p1a: eat a dick chansey|301\/344|[from] Stealth Rock
|move|p2a: Florges|Wish|p2a: Florges
|
|-heal|p2a: Florges|248\/352|[from] item: Leftovers
|turn|7
|
|switch|p2a: Quagsire|Quagsire, F|296\/394 brn
|-damage|p2a: Quagsire|272\/394 brn|[from] Stealth Rock
|detailschange|p1a: eat a dick chansey|Scizor-Mega, M
|message|Scizor has Mega Evolved into Mega Scizor!
|move|p1a: eat a dick chansey|U-turn|p2a: Quagsire
|-damage|p2a: Quagsire|160\/394 brn
|-damage|p1a: eat a dick chansey|244\/344|[from] item: Rocky Helmet|[of] p2a: Quagsire
|
|switch|p1a: RIP baton pass|Celebi|404\/404
|-damage|p1a: RIP baton pass|354\/404|[from] Stealth Rock
|
|-heal|p2a: Quagsire|336\/394 brn|[from] move: Wish|[wisher] Florges
|-heal|p1a: RIP baton pass|379\/404|[from] item: Leftovers
|-damage|p2a: Quagsire|287\/394 brn|[from] brn
|turn|8
|
|switch|p1a: I dont know!|Rotom-Heat|303\/303
|-damage|p1a: I dont know!|228\/303|[from] Stealth Rock
|switch|p2a: Skarmory|Skarmory, F|334\/334
|-damage|p2a: Skarmory|293\/334|[from] Stealth Rock
|
|-heal|p1a: I dont know!|246\/303|[from] item: Leftovers
|turn|9
|
|switch|p2a: Quagsire|Quagsire, F|287\/394 brn
|-damage|p2a: Quagsire|263\/394 brn|[from] Stealth Rock
|move|p1a: I dont know!|Volt Switch|p2a: Quagsire
|-immune|p2a: Quagsire|[msg]
|
|-heal|p1a: I dont know!|264\/303|[from] item: Leftovers
|-damage|p2a: Quagsire|214\/394 brn|[from] brn
|turn|10
|
|switch|p2a: Florges|Florges, F|248\/352
|-damage|p2a: Florges|204\/352|[from] Stealth Rock
|move|p1a: I dont know!|Overheat|p2a: Florges
|-damage|p2a: Florges|119\/352
|-unboost|p1a: I dont know!|spa|2
|
|-heal|p1a: I dont know!|282\/303|[from] item: Leftovers
|-heal|p2a: Florges|141\/352|[from] item: Leftovers
|turn|11
|
|move|p1a: I dont know!|Volt Switch|p2a: Florges
|-damage|p2a: Florges|117\/352
|
|switch|p1a: eat a dick chansey|Scizor-Mega, M|244\/344
|-damage|p1a: eat a dick chansey|201\/344|[from] Stealth Rock
|move|p2a: Florges|Wish|p2a: Florges
|
|-heal|p2a: Florges|139\/352|[from] item: Leftovers
|turn|12
|
|move|p2a: Florges|Protect|p2a: Florges
|-singleturn|p2a: Florges|Protect
|move|p1a: eat a dick chansey|Defog|p2a: Florges
|-activate|p2a: Florges|Protect
|
|-heal|p2a: Florges|315\/352|[from] move: Wish|[wisher] Florges
|-heal|p2a: Florges|337\/352|[from] item: Leftovers
|turn|13
|
|switch|p2a: Venusaur|Venusaur, F|364\/364
|-damage|p2a: Venusaur|319\/364|[from] Stealth Rock
|move|p1a: eat a dick chansey|Defog|p2a: Venusaur
|-unboost|p2a: Venusaur|evasion|1
|-sideend|p2: qqqqw|Stealth Rock|[from] move: Defog|[of] p2a: Venusaur
|-sideend|p1: Cuberandgamer|Stealth Rock|[from] move: Defog|[of] p1a: eat a dick chansey
|
|turn|14
|
|switch|p1a: dat power tho|Kyurem-Black|391\/391
|-ability|p1a: dat power tho|Teravolt
|detailschange|p2a: Venusaur|Venusaur-Mega, F
|message|Venusaur has Mega Evolved into Mega Venusaur!
|move|p2a: Venusaur|Leech Seed|p1a: dat power tho
|-start|p1a: dat power tho|move: Leech Seed
|
|-damage|p1a: dat power tho|343\/391|[from] Leech Seed|[of] p2a: Venusaur
|-heal|p2a: Venusaur|364\/364|[silent]
|turn|15
|
|switch|p2a: Metagross|Metagross|340\/340
|move|p1a: dat power tho|Ice Beam|p2a: Metagross
|-resisted|p2a: Metagross
|-damage|p2a: Metagross|282\/340
|
|-damage|p1a: dat power tho|295\/391|[from] Leech Seed|[of] p2a: Metagross
|-heal|p2a: Metagross|330\/340|[silent]
|turn|16
|
|switch|p1a: I dont know!|Rotom-Heat|282\/303
|move|p2a: Metagross|Rock Slide|p1a: I dont know!
|-miss|p2a: Metagross|p1a: I dont know!
|
|-heal|p1a: I dont know!|300\/303|[from] item: Leftovers
|turn|17
|
|switch|p1a: RIP baton pass|Celebi|379\/404
|switch|p2a: Florges|Florges, F|337\/352
|
|-heal|p1a: RIP baton pass|404\/404|[from] item: Leftovers
|-heal|p2a: Florges|352\/352|[from] item: Leftovers
|turn|18
|
|move|p1a: RIP baton pass|Stealth Rock|p2a: Florges
|-sidestart|p2: qqqqw|move: Stealth Rock
|move|p2a: Florges|Wish|p2a: Florges
|
|turn|19
|
|switch|p1a: I dont know!|Rotom-Heat|300\/303
|move|p2a: Florges|Aromatherapy|p2a: Florges
|-cureteam|p2a: Florges|[from] move: Aromatherapy
|
|-heal|p1a: I dont know!|303\/303|[from] item: Leftovers
|turn|20
|
|switch|p1a: RIP baton pass|Celebi|404\/404
|move|p2a: Florges|Wish|p2a: Florges
|
|turn|21
|
|switch|p1a: I dont know!|Rotom-Heat|303\/303
|switch|p2a: Skarmory|Skarmory, F|293\/334
|-damage|p2a: Skarmory|252\/334|[from] Stealth Rock
|
|-heal|p2a: Skarmory|334\/334|[from] move: Wish|[wisher] Florges
|turn|22
|
|switch|p2a: Florges|Florges, F|352\/352
|-damage|p2a: Florges|308\/352|[from] Stealth Rock
|move|p1a: I dont know!|Volt Switch|p2a: Florges
|-damage|p2a: Florges|265\/352
|
|switch|p1a: Energizer|Azumarill, F|345\/345
|
|-heal|p2a: Florges|287\/352|[from] item: Leftovers
|turn|23
|
|switch|p2a: Skarmory|Skarmory, F|334\/334
|-damage|p2a: Skarmory|293\/334|[from] Stealth Rock
|switch|p1a: dat power tho|Kyurem-Black|295\/391
|-ability|p1a: dat power tho|Teravolt
|
|turn|24
|
|switch|p2a: Metagross|Metagross|330\/340
|-damage|p2a: Metagross|309\/340|[from] Stealth Rock
|move|p1a: dat power tho|Ice Beam|p2a: Metagross
|-resisted|p2a: Metagross
|-damage|p2a: Metagross|258\/340
|
|turn|25
|
|switch|p1a: I dont know!|Rotom-Heat|303\/303
|move|p2a: Metagross|Bullet Punch|p1a: I dont know!
|-resisted|p1a: I dont know!
|-damage|p1a: I dont know!|289\/303
|
|-heal|p1a: I dont know!|303\/303|[from] item: Leftovers
|turn|26
|
|switch|p2a: Florges|Florges, F|287\/352
|-damage|p2a: Florges|243\/352|[from] Stealth Rock
|move|p1a: I dont know!|Will-O-Wisp|p2a: Florges
|-status|p2a: Florges|brn
|
|-heal|p2a: Florges|265\/352 brn|[from] item: Leftovers
|-damage|p2a: Florges|221\/352 brn|[from] brn
|turn|27
|
|move|p1a: I dont know!|Volt Switch|p2a: Florges
|-damage|p2a: Florges|176\/352 brn
|
|switch|p1a: Energizer|Azumarill, F|345\/345
|move|p2a: Florges|Aromatherapy|p2a: Florges
|-cureteam|p2a: Florges|[from] move: Aromatherapy
|
|-heal|p2a: Florges|198\/352|[from] item: Leftovers
|turn|28
|
|switch|p1a: I dont know!|Rotom-Heat|303\/303
|move|p2a: Florges|Protect|p2a: Florges
|-fail|p2a: Florges
|
|-heal|p2a: Florges|220\/352|[from] item: Leftovers
|turn|29
|
|move|p1a: I dont know!|Volt Switch|p2a: Florges
|-damage|p2a: Florges|172\/352
|
|switch|p1a: eat a dick chansey|Scizor-Mega, M|201\/344
|move|p2a: Florges|Psychic|p1a: eat a dick chansey
|-resisted|p1a: eat a dick chansey
|-damage|p1a: eat a dick chansey|165\/344
|
|-heal|p2a: Florges|194\/352|[from] item: Leftovers
|turn|30
|
|move|p2a: Florges|Protect|p2a: Florges
|-singleturn|p2a: Florges|Protect
|move|p1a: eat a dick chansey|U-turn|p2a: Florges
|-activate|p2a: Florges|Protect
|
|-heal|p2a: Florges|216\/352|[from] item: Leftovers
|turn|31
|
|switch|p2a: Quagsire|Quagsire, F|214\/394
|-damage|p2a: Quagsire|190\/394|[from] Stealth Rock
|move|p1a: eat a dick chansey|Bullet Punch|p2a: Quagsire
|-resisted|p2a: Quagsire
|-damage|p2a: Quagsire|147\/394
|-damage|p1a: eat a dick chansey|108\/344|[from] item: Rocky Helmet|[of] p2a: Quagsire
|
|turn|32
|
|move|p1a: eat a dick chansey|U-turn|p2a: Quagsire
|-damage|p2a: Quagsire|48\/394
|-damage|p1a: eat a dick chansey|51\/344|[from] item: Rocky Helmet|[of] p2a: Quagsire
|
|switch|p1a: RIP baton pass|Celebi|404\/404
|move|p2a: Quagsire|Scald|p1a: RIP baton pass
|-resisted|p1a: RIP baton pass
|-damage|p1a: RIP baton pass|378\/404
|-status|p1a: RIP baton pass|brn
|
|-heal|p1a: RIP baton pass|403\/404 brn|[from] item: Leftovers
|-damage|p1a: RIP baton pass|353\/404 brn|[from] brn
|turn|33
|
|switch|p1a: I dont know!|Rotom-Heat|303\/303
|move|p2a: Quagsire|Rest|p2a: Quagsire
|-status|p2a: Quagsire|slp
|-heal|p2a: Quagsire|394\/394 slp|[silent]
|-status|p2a: Quagsire|slp|[from] move: Rest
|
|turn|34
|
|switch|p1a: eat a dick chansey|Scizor-Mega, M|51\/344
|switch|p2a: Florges|Florges, F|216\/352
|-damage|p2a: Florges|172\/352|[from] Stealth Rock
|
|-heal|p2a: Florges|194\/352|[from] item: Leftovers
|turn|35
|
|switch|p2a: Skarmory|Skarmory, F|293\/334
|-damage|p2a: Skarmory|252\/334|[from] Stealth Rock
|move|p1a: eat a dick chansey|Roost|p1a: eat a dick chansey
|-heal|p1a: eat a dick chansey|223\/344
|
|turn|36
|c|âCuberandgamer|you know quagsire gets recover right?
|
|move|p1a: eat a dick chansey|U-turn|p2a: Skarmory
|-resisted|p2a: Skarmory
|-damage|p2a: Skarmory|233\/334
|-damage|p1a: eat a dick chansey|166\/344|[from] item: Rocky Helmet|[of] p2a: Skarmory
|
|switch|p1a: I dont know!|Rotom-Heat|303\/303
|move|p2a: Skarmory|Stealth Rock|p1a: I dont know!
|-sidestart|p1: Cuberandgamer|move: Stealth Rock
|
|turn|37
|
|switch|p2a: Quagsire|Quagsire, F|394\/394 slp
|-damage|p2a: Quagsire|370\/394 slp|[from] Stealth Rock
|move|p1a: I dont know!|Volt Switch|p2a: Quagsire
|-immune|p2a: Quagsire|[msg]
|
|turn|38
|
|switch|p1a: RIP baton pass|Celebi|353\/404
|-damage|p1a: RIP baton pass|303\/404|[from] Stealth Rock
|switch|p2a: Florges|Florges, F|194\/352
|-damage|p2a: Florges|150\/352|[from] Stealth Rock
|
|-heal|p1a: RIP baton pass|328\/404|[from] item: Leftovers
|-heal|p2a: Florges|172\/352|[from] item: Leftovers
|turn|39
|
|switch|p1a: eat a dick chansey|Scizor-Mega, M|166\/344
|-damage|p1a: eat a dick chansey|123\/344|[from] Stealth Rock
|move|p2a: Florges|Wish|p2a: Florges
|
|-heal|p2a: Florges|194\/352|[from] item: Leftovers
|turn|40
|
|switch|p2a: Metagross|Metagross|258\/340
|-damage|p2a: Metagross|237\/340|[from] Stealth Rock
|move|p1a: eat a dick chansey|Defog|p2a: Metagross
|-fail|p2a: Metagross|unboost|[from] ability: Clear Body|[of] p2a: Metagross
|-sideend|p2: qqqqw|Stealth Rock|[from] move: Defog|[of] p2a: Metagross
|-sideend|p1: Cuberandgamer|Stealth Rock|[from] move: Defog|[of] p1a: eat a dick chansey
|
|-heal|p2a: Metagross|340\/340|[from] move: Wish|[wisher] Florges
|turn|41
|
|move|p1a: eat a dick chansey|Roost|p1a: eat a dick chansey
|-heal|p1a: eat a dick chansey|295\/344
|move|p2a: Metagross|Power-Up Punch|p1a: eat a dick chansey
|-damage|p1a: eat a dick chansey|260\/344
|-boost|p2a: Metagross|atk|1
|
|turn|42
|
|move|p1a: eat a dick chansey|U-turn|p2a: Metagross
|-damage|p2a: Metagross|228\/340
|
|switch|p1a: I dont know!|Rotom-Heat|303\/303
|move|p2a: Metagross|Rock Slide|p1a: I dont know!
|-supereffective|p1a: I dont know!
|-damage|p1a: I dont know!|75\/303
|
|-heal|p1a: I dont know!|93\/303|[from] item: Leftovers
|turn|43
|
|switch|p2a: Florges|Florges, F|194\/352
|move|p1a: I dont know!|Overheat|p2a: Florges
|-damage|p2a: Florges|113\/352
|-unboost|p1a: I dont know!|spa|2
|
|-heal|p1a: I dont know!|111\/303|[from] item: Leftovers
|-heal|p2a: Florges|135\/352|[from] item: Leftovers
|turn|44
|
|move|p1a: I dont know!|Volt Switch|p2a: Florges
|-damage|p2a: Florges|110\/352
|
|switch|p1a: RIP baton pass|Celebi|328\/404
|move|p2a: Florges|Wish|p2a: Florges
|
|-heal|p1a: RIP baton pass|353\/404|[from] item: Leftovers
|-heal|p2a: Florges|132\/352|[from] item: Leftovers
|turn|45
|
|move|p1a: RIP baton pass|Giga Drain|p2a: Florges
|-damage|p2a: Florges|87\/352
|-heal|p1a: RIP baton pass|376\/404|[from] drain|[of] p2a: Florges
|move|p2a: Florges|Aromatherapy|p2a: Florges
|-cureteam|p2a: Florges|[from] move: Aromatherapy
|
|-heal|p2a: Florges|263\/352|[from] move: Wish|[wisher] Florges
|-heal|p1a: RIP baton pass|401\/404|[from] item: Leftovers
|-heal|p2a: Florges|285\/352|[from] item: Leftovers
|turn|46
|
|move|p1a: RIP baton pass|Stealth Rock|p2a: Florges
|-sidestart|p2: qqqqw|move: Stealth Rock
|move|p2a: Florges|Wish|p2a: Florges
|
|-heal|p1a: RIP baton pass|404\/404|[from] item: Leftovers
|-heal|p2a: Florges|307\/352|[from] item: Leftovers
|turn|47
|
|switch|p2a: Skarmory|Skarmory, F|233\/334
|-damage|p2a: Skarmory|192\/334|[from] Stealth Rock
|move|p1a: RIP baton pass|Giga Drain|p2a: Skarmory
|-resisted|p2a: Skarmory
|-damage|p2a: Skarmory|161\/334
|
|-heal|p2a: Skarmory|334\/334|[from] move: Wish|[wisher] Florges
|turn|48
|
|move|p1a: RIP baton pass|Magic Coat|p1a: RIP baton pass
|-singleturn|p1a: RIP baton pass|move: Magic Coat
|move|p2a: Skarmory|Stealth Rock|p1a: RIP baton pass
|move|p1a: RIP baton pass|Stealth Rock|p2a: Skarmory|[from]Magic Coat
|-fail|p2a: Skarmory
|
|turn|49
|
|move|p1a: RIP baton pass|Magic Coat|p1a: RIP baton pass
|-singleturn|p1a: RIP baton pass|move: Magic Coat
|move|p2a: Skarmory|Stealth Rock|p1a: RIP baton pass
|move|p1a: RIP baton pass|Stealth Rock|p2a: Skarmory|[from]Magic Coat
|-fail|p2a: Skarmory
|
|turn|50
|
|move|p1a: RIP baton pass|Magic Coat|p1a: RIP baton pass
|-singleturn|p1a: RIP baton pass|move: Magic Coat
|move|p2a: Skarmory|Stealth Rock|p1a: RIP baton pass
|move|p1a: RIP baton pass|Stealth Rock|p2a: Skarmory|[from]Magic Coat
|-fail|p2a: Skarmory
|
|turn|51
|
|switch|p1a: I dont know!|Rotom-Heat|111\/303
|move|p2a: Skarmory|Stealth Rock|p1a: I dont know!
|-sidestart|p1: Cuberandgamer|move: Stealth Rock
|
|-heal|p1a: I dont know!|129\/303|[from] item: Leftovers
|turn|52
|
|switch|p2a: Florges|Florges, F|307\/352
|-damage|p2a: Florges|263\/352|[from] Stealth Rock
|move|p1a: I dont know!|Pain Split|p2a: Florges
|-sethp|p2a: Florges|196\/352|p1a: I dont know!|196\/303|[from] move: Pain Split
|
|-heal|p1a: I dont know!|214\/303|[from] item: Leftovers
|-heal|p2a: Florges|218\/352|[from] item: Leftovers
|turn|53
|
|move|p1a: I dont know!|Volt Switch|p2a: Florges
|-damage|p2a: Florges|175\/352
|
|switch|p1a: eat a dick chansey|Scizor-Mega, M|260\/344
|-damage|p1a: eat a dick chansey|217\/344|[from] Stealth Rock
|move|p2a: Florges|Psychic|p1a: eat a dick chansey
|-resisted|p1a: eat a dick chansey
|-damage|p1a: eat a dick chansey|181\/344
|
|-heal|p2a: Florges|197\/352|[from] item: Leftovers
|turn|54
|
|switch|p2a: Skarmory|Skarmory, F|334\/334
|-damage|p2a: Skarmory|293\/334|[from] Stealth Rock
|move|p1a: eat a dick chansey|Defog|p2a: Skarmory
|-unboost|p2a: Skarmory|evasion|1
|-sideend|p2: qqqqw|Stealth Rock|[from] move: Defog|[of] p2a: Skarmory
|-sideend|p1: Cuberandgamer|Stealth Rock|[from] move: Defog|[of] p1a: eat a dick chansey
|
|turn|55
|
|switch|p1a: I dont know!|Rotom-Heat|214\/303
|move|p2a: Skarmory|Stealth Rock|p1a: I dont know!
|-sidestart|p1: Cuberandgamer|move: Stealth Rock
|
|-heal|p1a: I dont know!|232\/303|[from] item: Leftovers
|turn|56
|
|switch|p2a: Florges|Florges, F|197\/352
|move|p1a: I dont know!|Will-O-Wisp|p2a: Florges
|-status|p2a: Florges|brn
|
|-heal|p1a: I dont know!|250\/303|[from] item: Leftovers
|-heal|p2a: Florges|219\/352 brn|[from] item: Leftovers
|-damage|p2a: Florges|175\/352 brn|[from] brn
|turn|57
|
|move|p1a: I dont know!|Volt Switch|p2a: Florges
|-damage|p2a: Florges|132\/352 brn
|
|switch|p1a: Energizer|Azumarill, F|345\/345
|-damage|p1a: Energizer|302\/345|[from] Stealth Rock
|move|p2a: Florges|Wish|p2a: Florges
|
|-heal|p2a: Florges|154\/352 brn|[from] item: Leftovers
|-damage|p2a: Florges|110\/352 brn|[from] brn
|turn|58
|
|switch|p2a: Venusaur|Venusaur-Mega, F|364\/364
|switch|p1a: I dont know!|Rotom-Heat|250\/303
|-damage|p1a: I dont know!|175\/303|[from] Stealth Rock
|
|-heal|p1a: I dont know!|193\/303|[from] item: Leftovers
|turn|59
|
|move|p1a: I dont know!|Will-O-Wisp|p2a: Venusaur
|-status|p2a: Venusaur|brn
|move|p2a: Venusaur|Leech Seed|p1a: I dont know!
|-start|p1a: I dont know!|move: Leech Seed
|
|-heal|p1a: I dont know!|211\/303|[from] item: Leftovers
|-damage|p1a: I dont know!|174\/303|[from] Leech Seed|[of] p2a: Venusaur
|-damage|p2a: Venusaur|319\/364 brn|[from] brn
|turn|60
|
|move|p1a: I dont know!|Pain Split|p2a: Venusaur
|-sethp|p2a: Venusaur|246\/364 brn|p1a: I dont know!|246\/303|[from] move: Pain Split
|move|p2a: Venusaur|Synthesis|p2a: Venusaur
|-heal|p2a: Venusaur|364\/364 brn
|
|-heal|p1a: I dont know!|264\/303|[from] item: Leftovers
|-damage|p1a: I dont know!|227\/303|[from] Leech Seed|[of] p2a: Venusaur
|-damage|p2a: Venusaur|319\/364 brn|[from] brn
|turn|61
|
|move|p1a: I dont know!|Volt Switch|p2a: Venusaur
|-resisted|p2a: Venusaur
|-damage|p2a: Venusaur|286\/364 brn
|
|switch|p1a: eat a dick chansey|Scizor-Mega, M|181\/344
|-damage|p1a: eat a dick chansey|138\/344|[from] Stealth Rock
|move|p2a: Venusaur|Curse|p2a: Venusaur
|-boost|p2a: Venusaur|atk|1
|-boost|p2a: Venusaur|def|1
|-unboost|p2a: Venusaur|spe|1
|
|-damage|p2a: Venusaur|241\/364 brn|[from] brn
|turn|62
|
|move|p1a: eat a dick chansey|Defog|p2a: Venusaur
|-unboost|p2a: Venusaur|evasion|1
|-sideend|p1: Cuberandgamer|Stealth Rock|[from] move: Defog|[of] p1a: eat a dick chansey
|move|p2a: Venusaur|Leech Seed|p1a: eat a dick chansey
|-start|p1a: eat a dick chansey|move: Leech Seed
|
|-damage|p1a: eat a dick chansey|95\/344|[from] Leech Seed|[of] p2a: Venusaur
|-heal|p2a: Venusaur|284\/364 brn|[silent]
|-damage|p2a: Venusaur|239\/364 brn|[from] brn
|turn|63
|
|move|p1a: eat a dick chansey|U-turn|p2a: Venusaur
|-damage|p2a: Venusaur|181\/364 brn
|
|switch|p1a: dat power tho|Kyurem-Black|295\/391
|-ability|p1a: dat power tho|Teravolt
|move|p2a: Venusaur|Curse|p2a: Venusaur
|-boost|p2a: Venusaur|atk|1
|-boost|p2a: Venusaur|def|1
|-unboost|p2a: Venusaur|spe|1
|
|-damage|p2a: Venusaur|136\/364 brn|[from] brn
|turn|64
|
|switch|p2a: Metagross|Metagross|228\/340
|move|p1a: dat power tho|Earth Power|p2a: Metagross
|-supereffective|p2a: Metagross
|-damage|p2a: Metagross|76\/340
|
|turn|65
|
|move|p2a: Metagross|Bullet Punch|p1a: dat power tho
|-supereffective|p1a: dat power tho
|-damage|p1a: dat power tho|119\/391
|move|p1a: dat power tho|Earth Power|p2a: Metagross
|-supereffective|p2a: Metagross
|-damage|p2a: Metagross|0 fnt
|faint|p2a: Metagross
|
|
|switch|p2a: Pidgeot|Pidgeot, M|308\/308
|turn|66
|
|switch|p1a: Energizer|Azumarill, F|302\/345
|move|p2a: Pidgeot|Brave Bird|p1a: Energizer
|-damage|p1a: Energizer|83\/345
|-damage|p2a: Pidgeot|236\/308|[from] recoil|[of] p1a: Energizer
|
|turn|67
|
|switch|p2a: Skarmory|Skarmory, F|293\/334
|move|p1a: Energizer|Waterfall|p2a: Skarmory
|-damage|p2a: Skarmory|193\/334
|-damage|p1a: Energizer|26\/345|[from] item: Rocky Helmet|[of] p2a: Skarmory
|
|turn|68
|
|switch|p1a: I dont know!|Rotom-Heat|227\/303
|move|p2a: Skarmory|Stealth Rock|p1a: I dont know!
|-sidestart|p1: Cuberandgamer|move: Stealth Rock
|
|-heal|p1a: I dont know!|245\/303|[from] item: Leftovers
|turn|69
|
|move|p1a: I dont know!|Volt Switch|p2a: Skarmory
|-supereffective|p2a: Skarmory
|-damage|p2a: Skarmory|0 fnt
|faint|p2a: Skarmory
|
|switch|p1a: Energizer|Azumarill, F|26\/345
|-damage|p1a: Energizer|0 fnt|[from] Stealth Rock
|faint|p1a: Energizer
|
|
|switch|p2a: Pidgeot|Pidgeot, M|236\/308
|switch|p1a: im scarfed|Terrakion|323\/323
|-damage|p1a: im scarfed|303\/323|[from] Stealth Rock
|turn|70
|
|move|p2a: Pidgeot|Brave Bird|p1a: im scarfed
|-damage|p1a: im scarfed|128\/323
|-damage|p2a: Pidgeot|178\/308|[from] recoil|[of] p1a: im scarfed
|move|p1a: im scarfed|Close Combat|p2a: Pidgeot
|-damage|p2a: Pidgeot|0 fnt
|-unboost|p1a: im scarfed|def|1
|-unboost|p1a: im scarfed|spd|1
|faint|p2a: Pidgeot
|
|-heal|p1a: im scarfed|148\/323|[from] item: Leftovers
|
|switch|p2a: Florges|Florges, F|110\/352 brn
|turn|71
|
|move|p1a: im scarfed|Stone Edge|p2a: Florges
|-damage|p2a: Florges|0 fnt
|faint|p2a: Florges
|
|-heal|p1a: im scarfed|168\/323|[from] item: Leftovers
|
|switch|p2a: Quagsire|Quagsire, F|370\/394
|turn|72
|
|move|p1a: im scarfed|Close Combat|p2a: Quagsire
|-damage|p2a: Quagsire|198\/394
|-damage|p1a: im scarfed|115\/323|[from] item: Rocky Helmet|[of] p2a: Quagsire
|-unboost|p1a: im scarfed|def|1
|-unboost|p1a: im scarfed|spd|1
|move|p2a: Quagsire|Scald|p1a: im scarfed
|-supereffective|p1a: im scarfed
|-damage|p1a: im scarfed|0 fnt
|faint|p1a: im scarfed
|
|
|switch|p1a: eat a dick chansey|Scizor-Mega, M|95\/344
|-damage|p1a: eat a dick chansey|52\/344|[from] Stealth Rock
|turn|73
|
|move|p1a: eat a dick chansey|Defog|p2a: Quagsire
|-unboost|p2a: Quagsire|evasion|1
|-sideend|p1: Cuberandgamer|Stealth Rock|[from] move: Defog|[of] p1a: eat a dick chansey
|move|p2a: Quagsire|Recover|p2a: Quagsire
|-heal|p2a: Quagsire|394\/394
|
|turn|74
|
|move|p1a: eat a dick chansey|Roost|p1a: eat a dick chansey
|-heal|p1a: eat a dick chansey|224\/344
|move|p2a: Quagsire|Scald|p1a: eat a dick chansey
|-damage|p1a: eat a dick chansey|166\/344
|
|turn|75
|
|move|p1a: eat a dick chansey|U-turn|p2a: Quagsire
|-damage|p2a: Quagsire|285\/394
|-damage|p1a: eat a dick chansey|109\/344|[from] item: Rocky Helmet|[of] p2a: Quagsire
|
|switch|p1a: RIP baton pass|Celebi|404\/404
|move|p2a: Quagsire|Scald|p1a: RIP baton pass
|-resisted|p1a: RIP baton pass
|-damage|p1a: RIP baton pass|377\/404
|-status|p1a: RIP baton pass|brn
|
|-heal|p1a: RIP baton pass|402\/404 brn|[from] item: Leftovers
|-damage|p1a: RIP baton pass|352\/404 brn|[from] brn
|turn|76
|
|switch|p2a: Venusaur|Venusaur-Mega, F|136\/364 brn
|move|p1a: RIP baton pass|Giga Drain|p2a: Venusaur
|-resisted|p2a: Venusaur
|-damage|p2a: Venusaur|119\/364 brn
|-heal|p1a: RIP baton pass|361\/404 brn|[from] drain|[of] p2a: Venusaur
|
|-heal|p1a: RIP baton pass|386\/404 brn|[from] item: Leftovers
|-damage|p1a: RIP baton pass|336\/404 brn|[from] brn
|-damage|p2a: Venusaur|74\/364 brn|[from] brn
|turn|77
|
|move|p1a: RIP baton pass|Stealth Rock|p2a: Venusaur
|-sidestart|p2: qqqqw|move: Stealth Rock
|move|p2a: Venusaur|Synthesis|p2a: Venusaur
|-heal|p2a: Venusaur|256\/364 brn
|
|-heal|p1a: RIP baton pass|361\/404 brn|[from] item: Leftovers
|-damage|p1a: RIP baton pass|311\/404 brn|[from] brn
|-damage|p2a: Venusaur|211\/364 brn|[from] brn
|turn|78
|
|switch|p1a: eat a dick chansey|Scizor-Mega, M|109\/344
|move|p2a: Venusaur|Leech Seed|p1a: eat a dick chansey|[miss]
|-miss|p2a: Venusaur|p1a: eat a dick chansey
|
|-damage|p2a: Venusaur|166\/364 brn|[from] brn
|turn|79
|
|switch|p2a: Quagsire|Quagsire, F|285\/394
|-damage|p2a: Quagsire|261\/394|[from] Stealth Rock
|move|p1a: eat a dick chansey|U-turn|p2a: Quagsire
|-damage|p2a: Quagsire|146\/394
|-damage|p1a: eat a dick chansey|52\/344|[from] item: Rocky Helmet|[of] p2a: Quagsire
|
|switch|p1a: dat power tho|Kyurem-Black|119\/391
|-ability|p1a: dat power tho|Teravolt
|
|turn|80
|
|move|p1a: dat power tho|Ice Beam|p2a: Quagsire
|-damage|p2a: Quagsire|0 fnt
|faint|p2a: Quagsire
|
|
|switch|p2a: Venusaur|Venusaur-Mega, F|166\/364 brn
|-damage|p2a: Venusaur|121\/364 brn|[from] Stealth Rock
|turn|81
|
|move|p1a: dat power tho|Ice Beam|p2a: Venusaur
|-supereffective|p2a: Venusaur
|-damage|p2a: Venusaur|0 fnt
|faint|p2a: Venusaur
|
|win|Cuberandgamer
|raw|Ladder updating...
|raw|Cuberandgamer's rating: 1629 &rarr; <strong>1645<\/strong><br \/>(+16 for winning)
|raw|qqqqw's rating: 1562 &rarr; <strong>1547<\/strong><br \/>(-15 for losing)
|c|âCuberandgamer|gg
|leave|qqqqw
|player|p2