|join|qqqqw
|join|TestingFr33dom
|player|p1|qqqqw|52
|player|p2|TestingFr33dom|134
|gametype|singles
|gen|6
|tier|OU
|rated
|clearpoke
|poke|p1|Regice
|poke|p1|Hippowdon, M
|poke|p1|Mienshao, M
|poke|p1|Empoleon, M
|poke|p1|Gyarados, F
|poke|p1|Dragonite, M
|poke|p2|Diggersby, F
|poke|p2|Suicune
|poke|p2|Heracross, M
|poke|p2|Mew
|poke|p2|Magnezone
|poke|p2|Latias, F
|rule|Swagger Clause: Swagger is banned
|rule|Baton Pass Clause: Limit one PokÃ©mon knowing Baton Pass
|rule|Sleep Clause Mod: Limit one foe put to sleep
|rule|Species Clause: Limit one of each PokÃ©mon
|rule|OHKO Clause: OHKO moves are banned
|rule|Moody Clause: Moody is banned
|rule|Evasion Moves Clause: Evasion moves are banned
|rule|Endless Battle Clause: Forcing endless battles is banned
|rule|HP Percentage Mod: HP is shown in percentages
|teampreview
|
|start
|switch|p1a: Gyarados|Gyarados, F|362\/362
|switch|p2a: Diggersby|Diggersby, F|311\/311
|-ability|p1a: Gyarados|Intimidate|[of] p2a: Diggersby
|-unboost|p2a: Diggersby|atk|1
|turn|1
|
|switch|p1a: Hippowdon|Hippowdon, M|420\/420
|move|p2a: Diggersby|Wild Charge|p1a: Hippowdon
|-immune|p1a: Hippowdon|[msg]
|
|turn|2
|
|switch|p2a: Suicune|Suicune|404\/404
|-ability|p2a: Suicune|Pressure
|move|p1a: Hippowdon|Stealth Rock|p2a: Suicune
|-sidestart|p2: TestingFr33dom|move: Stealth Rock
|
|turn|3
|
|switch|p2a: Magnezone|Magnezone|282\/282
|-damage|p2a: Magnezone|265\/282|[from] Stealth Rock
|switch|p1a: Mienshao|Mienshao, M|271\/271
|
|turn|4
|
|switch|p2a: Mew|Mew|404\/404
|-damage|p2a: Mew|354\/404|[from] Stealth Rock
|move|p1a: Mienshao|High Jump Kick|p2a: Mew
|-resisted|p2a: Mew
|-damage|p2a: Mew|229\/404
|
|-heal|p2a: Mew|254\/404|[from] item: Leftovers
|turn|5
|
|switch|p1a: Hippowdon|Hippowdon, M|420\/420
|move|p2a: Mew|Will-O-Wisp|p1a: Hippowdon
|-status|p1a: Hippowdon|brn
|
|-heal|p2a: Mew|279\/404|[from] item: Leftovers
|-damage|p1a: Hippowdon|368\/420 brn|[from] brn
|turn|6
|
|move|p2a: Mew|Taunt|p1a: Hippowdon
|-start|p1a: Hippowdon|move: Taunt
|move|p1a: Hippowdon|Ice Fang|p2a: Mew
|-damage|p2a: Mew|257\/404
|
|-heal|p2a: Mew|282\/404|[from] item: Leftovers
|-damage|p1a: Hippowdon|316\/420 brn|[from] brn
|turn|7
|
|switch|p1a: Gyarados|Gyarados, F|362\/362
|-ability|p1a: Gyarados|Intimidate|[of] p2a: Mew
|-unboost|p2a: Mew|atk|1
|move|p2a: Mew|Knock Off|p1a: Gyarados
|-damage|p1a: Gyarados|320\/362
|
|-heal|p2a: Mew|307\/404|[from] item: Leftovers
|turn|8
|
|detailschange|p1a: Gyarados|Gyarados-Mega, F
|message|Gyarados has Mega Evolved into Mega Gyarados!
|-ability|p1a: Gyarados|Mold Breaker
|move|p2a: Mew|Taunt|p1a: Gyarados
|-start|p1a: Gyarados|move: Taunt
|cant|p1a: Gyarados|move: Taunt|Substitute
|
|-heal|p2a: Mew|332\/404|[from] item: Leftovers
|turn|9
|
|switch|p1a: Empoleon|Empoleon, M|372\/372
|move|p2a: Mew|Will-O-Wisp|p1a: Empoleon
|-status|p1a: Empoleon|brn
|
|-heal|p2a: Mew|357\/404|[from] item: Leftovers
|-damage|p1a: Empoleon|326\/372 brn|[from] brn
|turn|10
|
|move|p2a: Mew|Taunt|p1a: Empoleon
|-start|p1a: Empoleon|move: Taunt
|move|p1a: Empoleon|Scald|p2a: Mew
|-damage|p2a: Mew|173\/404
|-status|p2a: Mew|brn
|
|-heal|p2a: Mew|198\/404 brn|[from] item: Leftovers
|-damage|p2a: Mew|148\/404 brn|[from] brn
|-damage|p1a: Empoleon|280\/372 brn|[from] brn
|turn|11
|
|switch|p2a: Latias|Latias, F|302\/302
|-damage|p2a: Latias|265\/302|[from] Stealth Rock
|move|p1a: Empoleon|Scald|p2a: Latias
|-resisted|p2a: Latias
|-damage|p2a: Latias|193\/302
|
|-damage|p1a: Empoleon|234\/372 brn|[from] brn
|turn|12
|
|switch|p1a: Regice|Regice|358\/358
|move|p2a: Latias|Defog|p1a: Regice
|-fail|p1a: Regice|unboost|[from] ability: Clear Body|[of] p1a: Regice
|-sideend|p2: TestingFr33dom|Stealth Rock|[from] move: Defog|[of] p2a: Latias
|
|turn|13
|
|switch|p2a: Magnezone|Magnezone|265\/282
|switch|p1a: Dragonite|Dragonite, M|324\/324
|
|turn|14
|
|move|p1a: Dragonite|Flamethrower|p2a: Magnezone
|-supereffective|p2a: Magnezone
|-damage|p2a: Magnezone|61\/282
|move|p2a: Magnezone|Volt Switch|p1a: Dragonite
|-damage|p1a: Dragonite|258\/324
|
|switch|p2a: Latias|Latias, F|193\/302
|
|turn|15
|
|switch|p1a: Regice|Regice|358\/358
|move|p2a: Latias|Trick|p1a: Regice
|-activate|p2a: Latias|move: Trick|[of] p1a: Regice
|-item|p1a: Regice|Choice Specs|[from] move: Trick
|-item|p2a: Latias|Never-Melt Ice|[from] move: Trick
|
|turn|16
|
|switch|p2a: Heracross|Heracross, M|305\/305
|move|p1a: Regice|Ice Beam|p2a: Heracross
|-damage|p2a: Heracross|121\/305
|
|turn|17
|
|switch|p1a: Hippowdon|Hippowdon, M|316\/420 brn
|detailschange|p2a: Heracross|Heracross-Mega, M
|message|Heracross has Mega Evolved into Mega Heracross!
|move|p2a: Heracross|Close Combat|p1a: Hippowdon
|-damage|p1a: Hippowdon|135\/420 brn
|-damage|p2a: Heracross|71\/305|[from] item: Rocky Helmet|[of] p1a: Hippowdon
|-unboost|p2a: Heracross|def|1
|-unboost|p2a: Heracross|spd|1
|
|-damage|p1a: Hippowdon|83\/420 brn|[from] brn
|turn|18
|
|move|p2a: Heracross|Bullet Seed|p1a: Hippowdon
|-supereffective|p1a: Hippowdon
|-damage|p1a: Hippowdon|27\/420 brn
|-supereffective|p1a: Hippowdon
|-damage|p1a: Hippowdon|0 fnt
|-hitcount|p1a: Hippowdon|2
|faint|p1a: Hippowdon
|
|
|switch|p1a: Dragonite|Dragonite, M|258\/324
|turn|19
|
|switch|p2a: Latias|Latias, F|193\/302
|move|p1a: Dragonite|Dragon Pulse|p2a: Latias
|-supereffective|p2a: Latias
|-damage|p2a: Latias|0 fnt
|faint|p2a: Latias
|
|
|switch|p2a: Diggersby|Diggersby, F|311\/311
|turn|20
|
|switch|p1a: Empoleon|Empoleon, M|234\/372 brn
|move|p2a: Diggersby|Frustration|p1a: Empoleon
|-crit|p1a: Empoleon
|-resisted|p1a: Empoleon
|-damage|p1a: Empoleon|80\/372 brn
|
|-damage|p1a: Empoleon|34\/372 brn|[from] brn
|turn|21
|
|move|p2a: Diggersby|Frustration|p1a: Empoleon
|-resisted|p1a: Empoleon
|-damage|p1a: Empoleon|0 fnt
|faint|p1a: Empoleon
|
|
|switch|p1a: Mienshao|Mienshao, M|271\/271
|turn|22
|
|switch|p2a: Mew|Mew|148\/404 brn
|move|p1a: Mienshao|High Jump Kick|p2a: Mew
|-resisted|p2a: Mew
|-damage|p2a: Mew|13\/404 brn
|
|-heal|p2a: Mew|38\/404 brn|[from] item: Leftovers
|-damage|p2a: Mew|0 fnt|[from] brn
|faint|p2a: Mew
|
|switch|p2a: Diggersby|Diggersby, F|311\/311
|turn|23
|
|move|p2a: Diggersby|U-turn|p1a: Mienshao
|-resisted|p1a: Mienshao
|-damage|p1a: Mienshao|186\/271
|
|switch|p2a: Magnezone|Magnezone|61\/282
|move|p1a: Mienshao|High Jump Kick|p2a: Magnezone
|-supereffective|p2a: Magnezone
|-damage|p2a: Magnezone|0 fnt
|faint|p2a: Magnezone
|
|
|switch|p2a: Diggersby|Diggersby, F|311\/311
|turn|24
|
|switch|p1a: Dragonite|Dragonite, M|258\/324
|move|p2a: Diggersby|Frustration|p1a: Dragonite
|-damage|p1a: Dragonite|26\/324
|
|turn|25
|
|move|p1a: Dragonite|Ice Beam|p2a: Diggersby
|-supereffective|p2a: Diggersby
|-damage|p2a: Diggersby|93\/311
|move|p2a: Diggersby|Frustration|p1a: Dragonite
|-damage|p1a: Dragonite|0 fnt
|faint|p1a: Dragonite
|
|
|switch|p1a: Gyarados|Gyarados-Mega, F|320\/362
|-ability|p1a: Gyarados|Mold Breaker
|turn|26
|
|switch|p2a: Suicune|Suicune|404\/404
|-ability|p2a: Suicune|Pressure
|move|p1a: Gyarados|Dragon Dance|p1a: Gyarados
|-boost|p1a: Gyarados|atk|1
|-boost|p1a: Gyarados|spe|1
|
|turn|27
|
|move|p1a: Gyarados|Substitute|p1a: Gyarados
|-start|p1a: Gyarados|Substitute
|-damage|p1a: Gyarados|230\/362
|move|p2a: Suicune|Scald|p1a: Gyarados
|-resisted|p1a: Gyarados
|-activate|p1a: Gyarados|Substitute|[damage]
|
|turn|28
|
|move|p1a: Gyarados|Dragon Dance|p1a: Gyarados
|-boost|p1a: Gyarados|atk|1
|-boost|p1a: Gyarados|spe|1
|move|p2a: Suicune|Scald|p1a: Gyarados
|-resisted|p1a: Gyarados
|-activate|p1a: Gyarados|Substitute|[damage]
|
|turn|29
|
|move|p1a: Gyarados|Dragon Dance|p1a: Gyarados
|-boost|p1a: Gyarados|atk|1
|-boost|p1a: Gyarados|spe|1
|move|p2a: Suicune|Scald|p1a: Gyarados
|-resisted|p1a: Gyarados
|-end|p1a: Gyarados|Substitute
|
|turn|30
|
|move|p1a: Gyarados|Substitute|p1a: Gyarados
|-start|p1a: Gyarados|Substitute
|-damage|p1a: Gyarados|140\/362
|move|p2a: Suicune|Scald|p1a: Gyarados
|-resisted|p1a: Gyarados
|-activate|p1a: Gyarados|Substitute|[damage]
|
|turn|31
|
|move|p1a: Gyarados|Earthquake|p2a: Suicune
|-damage|p2a: Suicune|191\/404
|move|p2a: Suicune|Scald|p1a: Gyarados
|-resisted|p1a: Gyarados
|-activate|p1a: Gyarados|Substitute|[damage]
|
|-heal|p2a: Suicune|216\/404|[from] item: Leftovers
|turn|32
|
|move|p1a: Gyarados|Earthquake|p2a: Suicune
|-damage|p2a: Suicune|0 fnt
|faint|p2a: Suicune
|
|-message|TestingFr33dom forfeited.
|
|win|qqqqw
|raw|Ladder updating...
|leave|TestingFr33dom
|player|p2
|raw|qqqqw's rating: 1494 &rarr; <strong>1515<\/strong><br \/>(+21 for winning)
|raw|TestingFr33dom's rating: 1507 &rarr; <strong>1487<\/strong><br \/>(-20 for losing)