|join|qqqqw
|join|minorpentatonic
|player|p1|qqqqw|52
|player|p2|minorpentatonic|164
|gametype|singles
|gen|6
|tier|OU
|rated
|clearpoke
|poke|p1|Torterra, M
|poke|p1|Alakazam, F
|poke|p1|Tyranitar, F
|poke|p1|Azumarill, M
|poke|p1|Mandibuzz, F
|poke|p1|Ditto
|poke|p2|Sceptile, F
|poke|p2|Gyarados, F
|poke|p2|Clefable, F
|poke|p2|Jirachi
|poke|p2|Zapdos
|poke|p2|Talonflame, M
|rule|Swagger Clause: Swagger is banned
|rule|Baton Pass Clause: Limit one PokÃ©mon knowing Baton Pass
|rule|Sleep Clause Mod: Limit one foe put to sleep
|rule|Species Clause: Limit one of each PokÃ©mon
|rule|OHKO Clause: OHKO moves are banned
|rule|Moody Clause: Moody is banned
|rule|Evasion Moves Clause: Evasion moves are banned
|rule|Endless Battle Clause: Forcing endless battles is banned
|rule|HP Percentage Mod: HP is shown in percentages
|teampreview
|
|start
|switch|p1a: Tyranitar|Tyranitar, F|404\/404
|switch|p2a: Sceptile|Sceptile, F|281\/281
|-weather|Sandstorm
|turn|1
|join|kellykelly be
|
|detailschange|p2a: Sceptile|Sceptile-Mega, F
|message|Sceptile has Mega Evolved into Mega Sceptile!
|move|p2a: Sceptile|Leaf Storm|p1a: Tyranitar
|-supereffective|p1a: Tyranitar
|-damage|p1a: Tyranitar|188\/404
|-unboost|p2a: Sceptile|spa|2
|move|p1a: Tyranitar|Stealth Rock|p2a: Sceptile
|-sidestart|p2: minorpentatonic|move: Stealth Rock
|
|-weather|Sandstorm|[upkeep]
|-damage|p2a: Sceptile|264\/281|[from] sandstorm
|turn|2
|
|move|p2a: Sceptile|Earthquake|p1a: Tyranitar
|-supereffective|p1a: Tyranitar
|-damage|p1a: Tyranitar|2\/404
|move|p1a: Tyranitar|Rock Slide|p2a: Sceptile
|-damage|p2a: Sceptile|113\/281
|
|-weather|Sandstorm|[upkeep]
|-damage|p2a: Sceptile|96\/281|[from] sandstorm
|turn|3
|
|move|p1a: Tyranitar|Protect|p1a: Tyranitar
|-singleturn|p1a: Tyranitar|Protect
|move|p2a: Sceptile|Leaf Storm|p1a: Tyranitar
|-activate|p1a: Tyranitar|Protect
|
|-weather|Sandstorm|[upkeep]
|-damage|p2a: Sceptile|79\/281|[from] sandstorm
|turn|4
|
|switch|p1a: Torterra|Torterra, M|394\/394
|move|p2a: Sceptile|Earthquake|p1a: Torterra
|-crit|p1a: Torterra
|-resisted|p1a: Torterra
|-damage|p1a: Torterra|331\/394
|
|-weather|Sandstorm|[upkeep]
|-damage|p2a: Sceptile|62\/281|[from] sandstorm
|turn|5
|
|switch|p2a: Clefable|Clefable, F|394\/394
|move|p1a: Torterra|Rock Tomb|p2a: Clefable
|-damage|p2a: Clefable|274\/394
|-unboost|p2a: Clefable|spe|1
|
|-weather|Sandstorm|[upkeep]
|-heal|p2a: Clefable|298\/394|[from] item: Leftovers
|turn|6
|
|switch|p1a: Ditto|Ditto|299\/299
|-transform|p1a: Ditto|p2a: Clefable
|move|p2a: Clefable|Flamethrower|p1a: Ditto
|-damage|p1a: Ditto|234\/299
|-status|p1a: Ditto|brn
|
|-weather|Sandstorm|[upkeep]
|-heal|p2a: Clefable|322\/394|[from] item: Leftovers
|turn|7
|
|switch|p1a: Azumarill|Azumarill, M|404\/404
|move|p2a: Clefable|Stealth Rock|p1a: Azumarill
|-sidestart|p1: qqqqw|move: Stealth Rock
|
|-weather|Sandstorm|[upkeep]
|-damage|p1a: Azumarill|379\/404|[from] sandstorm
|-heal|p2a: Clefable|346\/394|[from] item: Leftovers
|turn|8
|
|switch|p2a: Zapdos|Zapdos|369\/369
|-damage|p2a: Zapdos|277\/369|[from] Stealth Rock
|-ability|p2a: Zapdos|Pressure
|move|p1a: Azumarill|Knock Off|p2a: Zapdos
|-damage|p2a: Zapdos|109\/369
|-enditem|p2a: Zapdos|Leftovers|[from] move: Knock Off|[of] p1a: Azumarill
|
|-weather|none
|turn|9
|
|switch|p1a: Alakazam|Alakazam, F|252\/252
|move|p2a: Zapdos|Thunderbolt|p1a: Alakazam
|-damage|p1a: Alakazam|125\/252
|-status|p1a: Alakazam|par
|
|turn|10
|
|detailschange|p1a: Alakazam|Alakazam-Mega, F
|message|Alakazam has Mega Evolved into Mega Alakazam!
|-ability|p1a: Alakazam|Pressure|[from] ability: Trace|[of] p2a: Zapdos
|-ability|p1a: Alakazam|Pressure
|move|p1a: Alakazam|Protect|p1a: Alakazam
|-singleturn|p1a: Alakazam|Protect
|move|p2a: Zapdos|Thunderbolt|p1a: Alakazam
|-activate|p1a: Alakazam|Protect
|
|turn|11
|
|move|p2a: Zapdos|Thunderbolt|p1a: Alakazam
|-damage|p1a: Alakazam|0 fnt
|faint|p1a: Alakazam
|
|
|switch|p1a: Ditto|Ditto|234\/299 brn
|-damage|p1a: Ditto|197\/299 brn|[from] Stealth Rock
|-transform|p1a: Ditto|p2a: Zapdos
|-ability|p1a: Ditto|Pressure
|turn|12
|
|switch|p2a: Sceptile|Sceptile-Mega, F|62\/281
|-damage|p2a: Sceptile|27\/281|[from] Stealth Rock
|move|p1a: Ditto|Thunderbolt|p2a: Sceptile
|-boost|p2a: Sceptile|spa|1|[from] ability: Lightning Rod
|
|-damage|p1a: Ditto|160\/299 brn|[from] brn
|turn|13
|
|switch|p1a: Tyranitar|Tyranitar, F|2\/404
|-damage|p1a: Tyranitar|0 fnt|[from] Stealth Rock
|faint|p1a: Tyranitar
|move|p2a: Sceptile|Leaf Storm|p1: Tyranitar|[notarget]
|-notarget
|
|
|switch|p1a: Ditto|Ditto|160\/299 brn
|-damage|p1a: Ditto|123\/299 brn|[from] Stealth Rock
|-transform|p1a: Ditto|p2a: Sceptile
|turn|14
|
|move|p1a: Ditto|Dragon Pulse|p2a: Sceptile
|-supereffective|p2a: Sceptile
|-damage|p2a: Sceptile|0 fnt
|faint|p2a: Sceptile
|
|-damage|p1a: Ditto|86\/299 brn|[from] brn
|
|switch|p2a: Jirachi|Jirachi|404\/404
|-damage|p2a: Jirachi|379\/404|[from] Stealth Rock
|turn|15
|
|switch|p1a: Mandibuzz|Mandibuzz, F|424\/424
|-damage|p1a: Mandibuzz|318\/424|[from] Stealth Rock
|move|p2a: Jirachi|Wish|p2a: Jirachi
|
|-heal|p2a: Jirachi|404\/404|[from] item: Leftovers
|-heal|p1a: Mandibuzz|344\/424|[from] item: Leftovers
|turn|16
|
|move|p2a: Jirachi|U-turn|p1a: Mandibuzz
|-damage|p1a: Mandibuzz|308\/424
|
|switch|p2a: Zapdos|Zapdos|109\/369
|-damage|p2a: Zapdos|17\/369|[from] Stealth Rock
|-ability|p2a: Zapdos|Pressure
|move|p1a: Mandibuzz|Foul Play|p2a: Zapdos
|-crit|p2a: Zapdos
|-damage|p2a: Zapdos|0 fnt
|faint|p2a: Zapdos
|
|-heal|p1a: Mandibuzz|334\/424|[from] item: Leftovers
|
|switch|p2a: Clefable|Clefable, F|346\/394
|turn|17
|
|move|p1a: Mandibuzz|Taunt|p2a: Clefable
|-start|p2a: Clefable|move: Taunt
|move|p2a: Clefable|Moonblast|p1a: Mandibuzz
|-supereffective|p1a: Mandibuzz
|-damage|p1a: Mandibuzz|124\/424
|-unboost|p1a: Mandibuzz|spa|1
|
|-heal|p1a: Mandibuzz|150\/424|[from] item: Leftovers
|-heal|p2a: Clefable|370\/394|[from] item: Leftovers
|turn|18
|
|switch|p1a: Azumarill|Azumarill, M|379\/404
|-damage|p1a: Azumarill|329\/404|[from] Stealth Rock
|move|p2a: Clefable|Moonblast|p1a: Azumarill
|-crit|p1a: Azumarill
|-damage|p1a: Azumarill|134\/404
|
|-heal|p2a: Clefable|394\/394|[from] item: Leftovers
|turn|19
|
|move|p2a: Clefable|Moonblast|p1a: Azumarill
|-damage|p1a: Azumarill|0 fnt
|faint|p1a: Azumarill
|
|-end|p2a: Clefable|move: Taunt
|
|switch|p1a: Torterra|Torterra, M|331\/394
|-damage|p1a: Torterra|307\/394|[from] Stealth Rock
|turn|20
|
|move|p2a: Clefable|Flamethrower|p1a: Torterra
|-supereffective|p1a: Torterra
|-damage|p1a: Torterra|159\/394
|move|p1a: Torterra|Iron Head|p2a: Clefable
|-supereffective|p2a: Clefable
|-damage|p2a: Clefable|104\/394
|
|-heal|p2a: Clefable|128\/394|[from] item: Leftovers
|turn|21
|
|switch|p1a: Ditto|Ditto|86\/299 brn
|-damage|p1a: Ditto|49\/299 brn|[from] Stealth Rock
|-transform|p1a: Ditto|p2a: Clefable
|move|p2a: Clefable|Flamethrower|p1a: Ditto
|-damage|p1a: Ditto|0 fnt
|faint|p1a: Ditto
|
|-heal|p2a: Clefable|152\/394|[from] item: Leftovers
|
|switch|p1a: Mandibuzz|Mandibuzz, F|150\/424
|-damage|p1a: Mandibuzz|44\/424|[from] Stealth Rock
|turn|22
|
|move|p1a: Mandibuzz|Heat Wave|p2a: Clefable
|-damage|p2a: Clefable|109\/394
|move|p2a: Clefable|Moonblast|p1a: Mandibuzz
|-supereffective|p1a: Mandibuzz
|-damage|p1a: Mandibuzz|0 fnt
|faint|p1a: Mandibuzz
|
|-heal|p2a: Clefable|133\/394|[from] item: Leftovers
|
|switch|p1a: Torterra|Torterra, M|159\/394
|-damage|p1a: Torterra|135\/394|[from] Stealth Rock
|turn|23
|
|move|p2a: Clefable|Flamethrower|p1a: Torterra
|-supereffective|p1a: Torterra
|-damage|p1a: Torterra|0 fnt
|faint|p1a: Torterra
|
|win|minorpentatonic
|raw|Ladder updating...
|raw|qqqqw's rating: 1321 &rarr; <strong>1303<\/strong><br \/>(-18 for losing)
|raw|minorpentatonic's rating: 1363 &rarr; <strong>1380<\/strong><br \/>(+17 for winning)
|c|âminorpentatonic|gg
|leave|qqqqw
|player|p1