|join|qqqqw
|join|Rockerhmk
|player|p1|qqqqw|52
|player|p2|Rockerhmk|290
|gametype|singles
|gen|6
|tier|OU
|rated
|clearpoke
|poke|p1|Absol, M
|poke|p1|Azumarill, M
|poke|p1|Breloom, F
|poke|p1|Garchomp, F
|poke|p1|Gardevoir, M
|poke|p1|Scizor, F
|poke|p2|Charizard, M
|poke|p2|Mamoswine, M
|poke|p2|Noivern, M
|poke|p2|Tentacruel, M
|poke|p2|Gliscor, M
|poke|p2|Ferrothorn, M
|rule|Swagger Clause: Swagger is banned
|rule|Baton Pass Clause: Limit one PokÃ©mon knowing Baton Pass
|rule|Sleep Clause Mod: Limit one foe put to sleep
|rule|Species Clause: Limit one of each PokÃ©mon
|rule|OHKO Clause: OHKO moves are banned
|rule|Moody Clause: Moody is banned
|rule|Evasion Moves Clause: Evasion moves are banned
|rule|Endless Battle Clause: Forcing endless battles is banned
|rule|HP Percentage Mod: HP is shown in percentages
|teampreview
|
|start
|switch|p1a: Absol|Absol, M|271\/271
|switch|p2a: Banshee|Gliscor, M|354\/354
|-ability|p1a: Absol|Pressure
|turn|1
|
|detailschange|p1a: Absol|Absol-Mega, M
|-mega|p1a: Absol|Absol|Absolite
|move|p2a: Banshee|Protect|p2a: Banshee
|-singleturn|p2a: Banshee|Protect
|move|p1a: Absol|Knock Off|p2a: Banshee
|-activate|p2a: Banshee|Protect
|
|-status|p2a: Banshee|tox|[from] item: Toxic Orb
|turn|2
|
|move|p1a: Absol|Ice Beam|p2a: Banshee
|-supereffective|p2a: Banshee
|-damage|p2a: Banshee|0 fnt
|faint|p2a: Banshee
|
|
|switch|p2a: Draken|Charizard, M|331\/331
|turn|3
|
|switch|p1a: Garchomp|Garchomp, F|420\/420
|detailschange|p2a: Draken|Charizard-Mega-X, M
|-mega|p2a: Draken|Charizard|Charizardite X
|move|p2a: Draken|Dragon Dance|p2a: Draken
|-boost|p2a: Draken|atk|1
|-boost|p2a: Draken|spe|1
|
|turn|4
|
|switch|p2a: Chrom|Ferrothorn, M|352\/352
|move|p1a: Garchomp|Earthquake|p2a: Chrom
|-damage|p2a: Chrom|252\/352
|
|-heal|p2a: Chrom|274\/352|[from] item: Leftovers
|turn|5
|
|move|p1a: Garchomp|Fire Blast|p2a: Chrom
|-supereffective|p2a: Chrom
|-damage|p2a: Chrom|70\/352
|move|p2a: Chrom|Stealth Rock|p1a: Garchomp
|-sidestart|p1: qqqqw|move: Stealth Rock
|
|-heal|p2a: Chrom|92\/352|[from] item: Leftovers
|turn|6
|
|move|p1a: Garchomp|Stealth Rock|p2a: Chrom
|-sidestart|p2: Rockerhmk|move: Stealth Rock
|move|p2a: Chrom|Leech Seed|p1a: Garchomp
|-start|p1a: Garchomp|move: Leech Seed
|
|-heal|p2a: Chrom|114\/352|[from] item: Leftovers
|-damage|p1a: Garchomp|368\/420|[from] Leech Seed|[of] p2a: Chrom
|-heal|p2a: Chrom|166\/352|[silent]
|turn|7
|
|switch|p1a: Absol|Absol-Mega, M|271\/271
|-damage|p1a: Absol|238\/271|[from] Stealth Rock
|move|p2a: Chrom|Power Whip|p1a: Absol
|-damage|p1a: Absol|33\/271
|
|-heal|p2a: Chrom|188\/352|[from] item: Leftovers
|turn|8
|
|move|p1a: Absol|Flamethrower|p2a: Chrom
|-crit|p2a: Chrom
|-supereffective|p2a: Chrom
|-damage|p2a: Chrom|0 fnt
|faint|p2a: Chrom
|
|
|switch|p2a: Draken|Charizard-Mega-X, M|331\/331
|-damage|p2a: Draken|249\/331|[from] Stealth Rock
|turn|9
|
|move|p1a: Absol|Ice Beam|p2a: Draken
|-damage|p2a: Draken|143\/331
|move|p2a: Draken|Dragon Dance|p2a: Draken
|-boost|p2a: Draken|atk|1
|-boost|p2a: Draken|spe|1
|
|turn|10
|
|move|p2a: Draken|Roost|p2a: Draken
|-heal|p2a: Draken|309\/331
|move|p1a: Absol|Ice Beam|p2a: Draken
|-damage|p2a: Draken|198\/331
|
|turn|11
|
|switch|p1a: Azumarill|Azumarill, M|404\/404
|-damage|p1a: Azumarill|354\/404|[from] Stealth Rock
|move|p2a: Draken|Dragon Claw|p1a: Azumarill
|-immune|p1a: Azumarill|[msg]
|
|turn|12
|
|switch|p2a: Hentox|Tentacruel, M|364\/364
|-damage|p2a: Hentox|319\/364|[from] Stealth Rock
|move|p1a: Azumarill|Play Rough|p2a: Hentox
|-resisted|p2a: Hentox
|-damage|p2a: Hentox|116\/364
|
|-heal|p2a: Hentox|138\/364|[from] item: Black Sludge
|turn|13
|
|switch|p1a: Scizor|Scizor, F|311\/311
|-damage|p1a: Scizor|273\/311|[from] Stealth Rock
|move|p2a: Hentox|Rapid Spin|p1a: Scizor
|-resisted|p1a: Scizor
|-damage|p1a: Scizor|267\/311
|-sideend|p2: Rockerhmk|Stealth Rock|[from] move: Rapid Spin|[of] p2a: Hentox
|
|-heal|p2a: Hentox|160\/364|[from] item: Black Sludge
|turn|14
|
|switch|p2a: Draken|Charizard-Mega-X, M|198\/331
|move|p1a: Scizor|Knock Off|p2a: Draken
|-damage|p2a: Draken|85\/331
|
|turn|15
|
|switch|p1a: Gardevoir|Gardevoir, M|330\/330
|-damage|p1a: Gardevoir|289\/330|[from] Stealth Rock
|-ability|p1a: Gardevoir|Tough Claws|[from] ability: Trace|[of] p2a: Draken
|move|p2a: Draken|Roost|p2a: Draken
|-heal|p2a: Draken|251\/331
|
|-heal|p1a: Gardevoir|309\/330|[from] item: Leftovers
|turn|16
|
|move|p1a: Gardevoir|Moonblast|p2a: Draken
|-crit|p2a: Draken
|-damage|p2a: Draken|5\/331
|move|p2a: Draken|Flare Blitz|p1a: Gardevoir
|-crit|p1a: Gardevoir
|-damage|p1a: Gardevoir|0 fnt
|-damage|p2a: Draken|0 fnt|[from] recoil|[of] p1a: Gardevoir
|faint|p1a: Gardevoir
|faint|p2a: Draken
|
|
|switch|p1a: Garchomp|Garchomp, F|368\/420
|switch|p2a: Hentox|Tentacruel, M|160\/364
|-damage|p1a: Garchomp|342\/420|[from] Stealth Rock
|turn|17
|
|move|p1a: Garchomp|Stealth Rock|p2a: Hentox
|-sidestart|p2: Rockerhmk|move: Stealth Rock
|move|p2a: Hentox|Scald|p1a: Garchomp
|-damage|p1a: Garchomp|254\/420
|
|-heal|p2a: Hentox|182\/364|[from] item: Black Sludge
|turn|18
|
|switch|p2a: Wyvang|Noivern, M|311\/311
|-damage|p2a: Wyvang|234\/311|[from] Stealth Rock
|move|p1a: Garchomp|Earthquake|p2a: Wyvang
|-immune|p2a: Wyvang|[msg]
|
|turn|19
|
|switch|p1a: Scizor|Scizor, F|267\/311
|-damage|p1a: Scizor|229\/311|[from] Stealth Rock
|move|p2a: Wyvang|Air Slash|p1a: Scizor
|-crit|p1a: Scizor
|-damage|p1a: Scizor|0 fnt
|faint|p1a: Scizor
|
|
|switch|p1a: Azumarill|Azumarill, M|354\/404
|-damage|p1a: Azumarill|304\/404|[from] Stealth Rock
|turn|20
|
|switch|p2a: Hentox|Tentacruel, M|182\/364
|-damage|p2a: Hentox|137\/364|[from] Stealth Rock
|move|p1a: Azumarill|Play Rough|p2a: Hentox
|-resisted|p2a: Hentox
|-damage|p2a: Hentox|0 fnt
|faint|p2a: Hentox
|
|
|switch|p2a: Deafy|Mamoswine, M|369\/369
|-damage|p2a: Deafy|323\/369|[from] Stealth Rock
|turn|21
|
|switch|p1a: Absol|Absol-Mega, M|33\/271
|-damage|p1a: Absol|0 fnt|[from] Stealth Rock
|faint|p1a: Absol
|move|p2a: Deafy|Earthquake|p1: Absol|[notarget]
|-notarget
|
|
|switch|p1a: Azumarill|Azumarill, M|304\/404
|-damage|p1a: Azumarill|254\/404|[from] Stealth Rock
|turn|22
|
|move|p1a: Azumarill|Aqua Jet|p2a: Deafy
|-supereffective|p2a: Deafy
|-damage|p2a: Deafy|21\/369
|move|p2a: Deafy|Earthquake|p1a: Azumarill
|-damage|p1a: Azumarill|0 fnt
|-damage|p2a: Deafy|0 fnt|[from] item: Life Orb
|faint|p1a: Azumarill
|faint|p2a: Deafy
|
|
|switch|p2a: Wyvang|Noivern, M|234\/311
|switch|p1a: Garchomp|Garchomp, F|254\/420
|-damage|p2a: Wyvang|157\/311|[from] Stealth Rock
|-damage|p1a: Garchomp|228\/420|[from] Stealth Rock
|turn|23
|
|move|p2a: Wyvang|Air Slash|p1a: Garchomp
|-damage|p1a: Garchomp|54\/420
|move|p1a: Garchomp|Rock Slide|p2a: Wyvang
|-supereffective|p2a: Wyvang
|-damage|p2a: Wyvang|1\/311
|
|turn|24
|
|move|p2a: Wyvang|Air Slash|p1a: Garchomp
|-crit|p1a: Garchomp
|-damage|p1a: Garchomp|0 fnt
|faint|p1a: Garchomp
|
|
|switch|p1a: Breloom|Breloom, F|262\/262
|-damage|p1a: Breloom|246\/262|[from] Stealth Rock
|turn|25
|c|âRockerhmk|gg
|c|âqqqqw|gg
|
|move|p1a: Breloom|Mach Punch|p2a: Wyvang
|-resisted|p2a: Wyvang
|-damage|p2a: Wyvang|0 fnt
|faint|p2a: Wyvang
|
|win|qqqqw
|raw|Ladder updating...
|raw|qqqqw's rating: 1661 &rarr; <strong>1672<\/strong><br \/>(+11 for winning)
|raw|Rockerhmk's rating: 1499 &rarr; <strong>1488<\/strong><br \/>(-11 for losing)
|leave|qqqqw