|join|Chetifight
|join|qqqqw
|player|p1|Chetifight|50
|player|p2|qqqqw|52
|gametype|singles
|gen|6
|tier|OU
|rated
|clearpoke
|poke|p1|Chansey, F
|poke|p1|Slowbro, F
|poke|p1|Sableye, F
|poke|p1|Excadrill, M
|poke|p1|Greninja, F
|poke|p1|Hippowdon, M
|poke|p2|Abomasnow, F
|poke|p2|Umbreon, F
|poke|p2|Cofagrigus, F
|poke|p2|Registeel
|poke|p2|Tentacruel, M
|poke|p2|Espeon, F
|rule|Swagger Clause: Swagger is banned
|rule|Baton Pass Clause: Limit one PokÃ©mon knowing Baton Pass
|rule|Sleep Clause Mod: Limit one foe put to sleep
|rule|Species Clause: Limit one of each PokÃ©mon
|rule|OHKO Clause: OHKO moves are banned
|rule|Moody Clause: Moody is banned
|rule|Evasion Moves Clause: Evasion moves are banned
|rule|Endless Battle Clause: Forcing endless battles is banned
|rule|HP Percentage Mod: HP is shown in percentages
|teampreview
|
|start
|switch|p1a: Sableye|Sableye, F|304\/304
|switch|p2a: Tentacruel|Tentacruel, M|351\/351
|turn|1
|
|detailschange|p1a: Sableye|Sableye-Mega, F
|message|Sableye has Mega Evolved into Mega Sableye!
|move|p1a: Sableye|Will-O-Wisp|p2a: Tentacruel|[miss]
|-miss|p1a: Sableye|p2a: Tentacruel
|move|p2a: Tentacruel|Acid Spray|p1a: Sableye
|-resisted|p1a: Sableye
|-damage|p1a: Sableye|287\/304
|-unboost|p1a: Sableye|spd|2
|
|turn|2
|
|move|p2a: Tentacruel|Scald|p1a: Sableye
|-damage|p1a: Sableye|140\/304
|move|p1a: Sableye|Will-O-Wisp|p2a: Tentacruel
|-status|p2a: Tentacruel|brn
|
|-damage|p2a: Tentacruel|308\/351 brn|[from] brn
|turn|3
|
|switch|p1a: Chansey|Chansey, F|704\/704
|move|p2a: Tentacruel|Scald|p1a: Chansey
|-damage|p1a: Chansey|658\/704
|
|-damage|p2a: Tentacruel|265\/351 brn|[from] brn
|turn|4
|
|switch|p2a: Registeel|Registeel|364\/364
|move|p1a: Chansey|Seismic Toss|p2a: Registeel
|-damage|p2a: Registeel|264\/364
|
|-heal|p2a: Registeel|286\/364|[from] item: Leftovers
|turn|5
|
|switch|p1a: Sableye|Sableye-Mega, F|140\/304
|move|p2a: Registeel|Iron Head|p1a: Sableye
|-damage|p1a: Sableye|97\/304
|
|-heal|p2a: Registeel|308\/364|[from] item: Leftovers
|turn|6
|
|switch|p2a: Abomasnow|Abomasnow, F|384\/384
|-weather|Hail
|move|p1a: Sableye|Recover|p1a: Sableye
|-heal|p1a: Sableye|249\/304
|
|-weather|Hail|[upkeep]
|-damage|p1a: Sableye|230\/304|[from] hail
|turn|7
|
|switch|p1a: Chansey|Chansey, F|658\/704
|detailschange|p2a: Abomasnow|Abomasnow-Mega, F
|message|Abomasnow has Mega Evolved into Mega Abomasnow!
|move|p2a: Abomasnow|Blizzard|p1a: Chansey
|-damage|p1a: Chansey|523\/704
|
|-weather|Hail|[upkeep]
|-damage|p1a: Chansey|479\/704|[from] hail
|turn|8
|
|switch|p2a: Cofagrigus|Cofagrigus, F|320\/320
|move|p1a: Chansey|Toxic|p2a: Cofagrigus
|-status|p2a: Cofagrigus|tox
|
|-weather|Hail|[upkeep]
|-damage|p1a: Chansey|435\/704|[from] hail
|-damage|p2a: Cofagrigus|300\/320 tox|[from] hail
|-damage|p2a: Cofagrigus|280\/320 tox|[from] psn
|turn|9
|
|switch|p1a: Sableye|Sableye-Mega, F|230\/304
|move|p2a: Cofagrigus|Knock Off|p1a: Sableye
|-damage|p1a: Sableye|211\/304
|
|-weather|Hail|[upkeep]
|-damage|p1a: Sableye|192\/304|[from] hail
|-damage|p2a: Cofagrigus|260\/320 tox|[from] hail
|-damage|p2a: Cofagrigus|220\/320 tox|[from] psn
|turn|10
|
|switch|p2a: Umbreon|Umbreon, F|394\/394
|move|p1a: Sableye|Knock Off|p2a: Umbreon
|-resisted|p2a: Umbreon
|-damage|p2a: Umbreon|357\/394
|-enditem|p2a: Umbreon|Leftovers|[from] move: Knock Off|[of] p1a: Sableye
|
|-weather|none
|turn|11
|
|move|p2a: Umbreon|Heal Bell|p2a: Umbreon
|-cureteam|p2a: Umbreon|[from] move: HealBell
|move|p1a: Sableye|Recover|p1a: Sableye
|-heal|p1a: Sableye|304\/304
|
|turn|12
|
|switch|p2a: Espeon|Espeon, F|272\/272
|move|p1a: Sableye|Knock Off|p2a: Espeon
|-supereffective|p2a: Espeon
|-damage|p2a: Espeon|0 fnt
|-enditem|p2a: Espeon|Choice Scarf|[from] move: Knock Off|[of] p1a: Sableye
|faint|p2a: Espeon
|
|
|switch|p2a: Tentacruel|Tentacruel, M|265\/351
|turn|13
|
|move|p2a: Tentacruel|Scald|p1a: Sableye
|-damage|p1a: Sableye|237\/304
|move|p1a: Sableye|Knock Off|p2a: Tentacruel
|-damage|p2a: Tentacruel|174\/351
|-enditem|p2a: Tentacruel|Assault Vest|[from] move: Knock Off|[of] p1a: Sableye
|
|turn|14
|
|switch|p2a: Abomasnow|Abomasnow-Mega, F|384\/384
|-weather|Hail
|switch|p1a: Chansey|Chansey, F|435\/704
|
|-weather|Hail|[upkeep]
|-damage|p1a: Chansey|391\/704|[from] hail
|turn|15
|
|move|p1a: Chansey|Soft-Boiled|p1a: Chansey
|-heal|p1a: Chansey|704\/704
|move|p2a: Abomasnow|Blizzard|p1a: Chansey
|-damage|p1a: Chansey|562\/704
|
|-weather|Hail|[upkeep]
|-damage|p1a: Chansey|518\/704|[from] hail
|turn|16
|
|move|p1a: Chansey|Toxic|p2a: Abomasnow
|-status|p2a: Abomasnow|tox
|move|p2a: Abomasnow|Blizzard|p1a: Chansey
|-damage|p1a: Chansey|374\/704
|
|-weather|Hail|[upkeep]
|-damage|p1a: Chansey|330\/704|[from] hail
|-damage|p2a: Abomasnow|360\/384 tox|[from] psn
|turn|17
|
|move|p1a: Chansey|Soft-Boiled|p1a: Chansey
|-heal|p1a: Chansey|682\/704
|move|p2a: Abomasnow|Blizzard|p1a: Chansey
|-damage|p1a: Chansey|550\/704
|
|-weather|Hail|[upkeep]
|-damage|p1a: Chansey|506\/704|[from] hail
|-damage|p2a: Abomasnow|312\/384 tox|[from] psn
|turn|18
|
|switch|p2a: Umbreon|Umbreon, F|357\/394
|move|p1a: Chansey|Toxic|p2a: Umbreon
|-status|p2a: Umbreon|tox
|-status|p1a: Chansey|tox
|
|-weather|none
|-damage|p2a: Umbreon|333\/394 tox|[from] psn
|-damage|p1a: Chansey|462\/704 tox|[from] psn
|turn|19
|
|switch|p1a: Sableye|Sableye-Mega, F|237\/304
|move|p2a: Umbreon|Heal Bell|p2a: Umbreon
|-cureteam|p2a: Umbreon|[from] move: HealBell
|
|turn|20
|
|move|p2a: Umbreon|Wish|p2a: Umbreon
|move|p1a: Sableye|Foul Play|p2a: Umbreon
|-resisted|p2a: Umbreon
|-damage|p2a: Umbreon|304\/394
|
|turn|21
|
|switch|p2a: Tentacruel|Tentacruel, M|174\/351
|move|p1a: Sableye|Knock Off|p2a: Tentacruel
|-damage|p2a: Tentacruel|114\/351
|
|-heal|p2a: Tentacruel|311\/351|[from] move: Wish|[wisher] Umbreon
|turn|22
|
|move|p2a: Tentacruel|Acid Spray|p1a: Sableye
|-resisted|p1a: Sableye
|-damage|p1a: Sableye|221\/304
|-unboost|p1a: Sableye|spd|2
|move|p1a: Sableye|Will-O-Wisp|p2a: Tentacruel|[miss]
|-miss|p1a: Sableye|p2a: Tentacruel
|
|turn|23
|
|switch|p1a: Chansey|Chansey, F|462\/704
|move|p2a: Tentacruel|Dazzling Gleam|p1a: Chansey
|-damage|p1a: Chansey|430\/704
|
|turn|24
|
|move|p2a: Tentacruel|Acid Spray|p1a: Chansey
|-damage|p1a: Chansey|405\/704
|-unboost|p1a: Chansey|spd|2
|move|p1a: Chansey|Seismic Toss|p2a: Tentacruel
|-damage|p2a: Tentacruel|211\/351
|
|turn|25
|
|switch|p1a: Slowbro|Slowbro, F|394\/394
|move|p2a: Tentacruel|Scald|p1a: Slowbro
|-resisted|p1a: Slowbro
|-damage|p1a: Slowbro|345\/394
|
|turn|26
|
|switch|p2a: Abomasnow|Abomasnow-Mega, F|312\/384
|-weather|Hail
|move|p1a: Slowbro|Scald|p2a: Abomasnow
|-resisted|p2a: Abomasnow
|-damage|p2a: Abomasnow|270\/384
|
|-weather|Hail|[upkeep]
|-damage|p1a: Slowbro|321\/394|[from] hail
|turn|27
|
|switch|p1a: Chansey|Chansey, F|405\/704
|move|p2a: Abomasnow|Energy Ball|p1a: Chansey
|-crit|p1a: Chansey
|-damage|p1a: Chansey|230\/704
|
|-weather|Hail|[upkeep]
|-damage|p1a: Chansey|186\/704|[from] hail
|turn|28
|
|move|p1a: Chansey|Soft-Boiled|p1a: Chansey
|-heal|p1a: Chansey|538\/704
|move|p2a: Abomasnow|Blizzard|p1a: Chansey
|-damage|p1a: Chansey|396\/704
|
|-weather|Hail|[upkeep]
|-damage|p1a: Chansey|352\/704|[from] hail
|turn|29
|
|move|p1a: Chansey|Soft-Boiled|p1a: Chansey
|-heal|p1a: Chansey|704\/704
|move|p2a: Abomasnow|Earthquake|p1a: Chansey
|-damage|p1a: Chansey|572\/704
|
|-weather|Hail|[upkeep]
|-damage|p1a: Chansey|528\/704|[from] hail
|turn|30
|
|switch|p2a: Umbreon|Umbreon, F|304\/394
|move|p1a: Chansey|Toxic|p2a: Umbreon
|-status|p2a: Umbreon|tox
|-status|p1a: Chansey|tox
|
|-weather|none
|-damage|p2a: Umbreon|280\/394 tox|[from] psn
|-damage|p1a: Chansey|484\/704 tox|[from] psn
|turn|31
|
|move|p2a: Umbreon|Wish|p2a: Umbreon
|move|p1a: Chansey|Aromatherapy|p1a: Chansey
|-cureteam|p1a: Chansey|[from] move: Aromatherapy
|
|-damage|p2a: Umbreon|232\/394 tox|[from] psn
|turn|32
|
|switch|p2a: Tentacruel|Tentacruel, M|211\/351
|move|p1a: Chansey|Seismic Toss|p2a: Tentacruel
|-damage|p2a: Tentacruel|111\/351
|
|-heal|p2a: Tentacruel|308\/351|[from] move: Wish|[wisher] Umbreon
|turn|33
|
|switch|p1a: Slowbro|Slowbro, F|394\/394
|move|p2a: Tentacruel|Acid Spray|p1a: Slowbro
|-damage|p1a: Slowbro|351\/394
|-unboost|p1a: Slowbro|spd|2
|
|turn|34
|
|switch|p1a: Chansey|Chansey, F|484\/704
|move|p2a: Tentacruel|Scald|p1a: Chansey
|-damage|p1a: Chansey|429\/704
|
|turn|35
|
|move|p2a: Tentacruel|Acid Spray|p1a: Chansey
|-crit|p1a: Chansey
|-damage|p1a: Chansey|392\/704
|-unboost|p1a: Chansey|spd|2
|move|p1a: Chansey|Seismic Toss|p2a: Tentacruel
|-damage|p2a: Tentacruel|208\/351
|
|turn|36
|
|switch|p1a: Slowbro|Slowbro, F|394\/394
|move|p2a: Tentacruel|Scald|p1a: Slowbro
|-resisted|p1a: Slowbro
|-damage|p1a: Slowbro|350\/394
|
|turn|37
|
|move|p2a: Tentacruel|Scald|p1a: Slowbro
|-resisted|p1a: Slowbro
|-damage|p1a: Slowbro|302\/394
|move|p1a: Slowbro|Psyshock|p2a: Tentacruel
|-supereffective|p2a: Tentacruel
|-damage|p2a: Tentacruel|32\/351
|
|turn|38
|
|switch|p2a: Umbreon|Umbreon, F|232\/394 tox
|move|p1a: Slowbro|Scald|p2a: Umbreon
|-damage|p2a: Umbreon|154\/394 tox
|
|-damage|p2a: Umbreon|130\/394 tox|[from] psn
|turn|39
|
|switch|p1a: Excadrill|Excadrill, M|362\/362
|-ability|p1a: Excadrill|Mold Breaker
|move|p2a: Umbreon|Heal Bell|p2a: Umbreon
|-cureteam|p2a: Umbreon|[from] move: HealBell
|
|turn|40
|
|switch|p2a: Cofagrigus|Cofagrigus, F|220\/320
|move|p1a: Excadrill|Earthquake|p2a: Cofagrigus
|-damage|p2a: Cofagrigus|118\/320
|
|turn|41
|
|switch|p1a: Sableye|Sableye-Mega, F|221\/304
|switch|p2a: Umbreon|Umbreon, F|130\/394
|
|turn|42
|
|switch|p1a: Excadrill|Excadrill, M|362\/362
|-ability|p1a: Excadrill|Mold Breaker
|move|p2a: Umbreon|Wish|p2a: Umbreon
|
|turn|43
|
|move|p2a: Umbreon|Protect|p2a: Umbreon
|-singleturn|p2a: Umbreon|Protect
|move|p1a: Excadrill|Iron Head|p2a: Umbreon
|-activate|p2a: Umbreon|Protect
|
|-heal|p2a: Umbreon|327\/394|[from] move: Wish|[wisher] Umbreon
|turn|44
|
|switch|p2a: Cofagrigus|Cofagrigus, F|118\/320
|move|p1a: Excadrill|Iron Head|p2a: Cofagrigus
|-damage|p2a: Cofagrigus|40\/320
|-endability|p1a: Excadrill|moldbreaker|[from] Mummy
|-ability|p1a: Excadrill|Mummy|[from] Mummy
|
|turn|45
|
|move|p1a: Excadrill|Iron Head|p2a: Cofagrigus
|-damage|p2a: Cofagrigus|0 fnt
|faint|p2a: Cofagrigus
|
|
|switch|p2a: Umbreon|Umbreon, F|327\/394
|turn|46
|
|switch|p1a: Greninja|Greninja, F|285\/285
|move|p2a: Umbreon|Foul Play|p1a: Greninja
|-resisted|p1a: Greninja
|-damage|p1a: Greninja|194\/285
|
|turn|47
|
|move|p2a: Umbreon|Protect|p2a: Umbreon
|-singleturn|p2a: Umbreon|Protect
|move|p1a: Greninja|Scald|p2a: Umbreon
|-start|p1a: Greninja|typechange|Water|[from] Protean
|-activate|p2a: Umbreon|Protect
|
|turn|48
|
|move|p1a: Greninja|Scald|p2a: Umbreon
|-damage|p2a: Umbreon|230\/394
|move|p2a: Umbreon|Foul Play|p1a: Greninja
|-damage|p1a: Greninja|16\/285
|
|turn|49
|
|switch|p1a: Hippowdon|Hippowdon, M|420\/420
|-weather|Sandstorm
|move|p2a: Umbreon|Wish|p2a: Umbreon
|
|-weather|Sandstorm|[upkeep]
|-damage|p2a: Umbreon|206\/394|[from] sandstorm
|turn|50
|
|switch|p2a: Tentacruel|Tentacruel, M|32\/351
|move|p1a: Hippowdon|Earthquake|p2a: Tentacruel
|-supereffective|p2a: Tentacruel
|-damage|p2a: Tentacruel|0 fnt
|faint|p2a: Tentacruel
|
|-weather|Sandstorm|[upkeep]
|
|switch|p2a: Abomasnow|Abomasnow-Mega, F|270\/384
|-weather|Hail
|turn|51
|
|switch|p1a: Chansey|Chansey, F|392\/704
|move|p2a: Abomasnow|Blizzard|p1a: Chansey
|-damage|p1a: Chansey|250\/704
|
|-weather|Hail|[upkeep]
|-damage|p1a: Chansey|206\/704|[from] hail
|turn|52
|
|move|p1a: Chansey|Soft-Boiled|p1a: Chansey
|-heal|p1a: Chansey|558\/704
|move|p2a: Abomasnow|Energy Ball|p1a: Chansey
|-damage|p1a: Chansey|449\/704
|-unboost|p1a: Chansey|spd|1
|
|-weather|Hail|[upkeep]
|-damage|p1a: Chansey|405\/704|[from] hail
|turn|53
|
|move|p1a: Chansey|Soft-Boiled|p1a: Chansey
|-heal|p1a: Chansey|704\/704
|move|p2a: Abomasnow|Energy Ball|p1a: Chansey
|-damage|p1a: Chansey|521\/704
|
|-weather|Hail|[upkeep]
|-damage|p1a: Chansey|477\/704|[from] hail
|turn|54
|
|switch|p1a: Greninja|Greninja, F|16\/285
|move|p2a: Abomasnow|Energy Ball|p1a: Greninja
|-supereffective|p1a: Greninja
|-damage|p1a: Greninja|0 fnt
|faint|p1a: Greninja
|
|-weather|Hail|[upkeep]
|
|switch|p1a: Excadrill|Excadrill, M|362\/362
|-ability|p1a: Excadrill|Mold Breaker
|turn|55
|
|switch|p2a: Registeel|Registeel|308\/364
|move|p1a: Excadrill|Iron Head|p2a: Registeel
|-resisted|p2a: Registeel
|-damage|p2a: Registeel|257\/364
|
|-weather|none
|-heal|p2a: Registeel|279\/364|[from] item: Leftovers
|turn|56
|
|switch|p1a: Sableye|Sableye-Mega, F|221\/304
|switch|p2a: Umbreon|Umbreon, F|206\/394
|
|turn|57
|
|switch|p1a: Hippowdon|Hippowdon, M|420\/420
|-weather|Sandstorm
|move|p2a: Umbreon|Wish|p2a: Umbreon
|
|-weather|Sandstorm|[upkeep]
|-damage|p2a: Umbreon|182\/394|[from] sandstorm
|turn|58
|
|move|p2a: Umbreon|Protect|p2a: Umbreon
|-singleturn|p2a: Umbreon|Protect
|move|p1a: Hippowdon|Stealth Rock|p2a: Umbreon
|-sidestart|p2: qqqqw|move: Stealth Rock
|
|-weather|Sandstorm|[upkeep]
|-damage|p2a: Umbreon|158\/394|[from] sandstorm
|-heal|p2a: Umbreon|355\/394|[from] move: Wish|[wisher] Umbreon
|turn|59
|
|move|p2a: Umbreon|Foul Play|p1a: Hippowdon
|-damage|p1a: Hippowdon|345\/420
|move|p1a: Hippowdon|Earthquake|p2a: Umbreon
|-crit|p2a: Umbreon
|-damage|p2a: Umbreon|213\/394
|
|-weather|Sandstorm|[upkeep]
|-damage|p2a: Umbreon|189\/394|[from] sandstorm
|-heal|p1a: Hippowdon|371\/420|[from] item: Leftovers
|turn|60
|
|move|p2a: Umbreon|Wish|p2a: Umbreon
|move|p1a: Hippowdon|Earthquake|p2a: Umbreon
|-damage|p2a: Umbreon|95\/394
|
|-weather|Sandstorm|[upkeep]
|-damage|p2a: Umbreon|71\/394|[from] sandstorm
|-heal|p1a: Hippowdon|397\/420|[from] item: Leftovers
|turn|61
|
|switch|p1a: Excadrill|Excadrill, M|362\/362
|-ability|p1a: Excadrill|Mold Breaker
|move|p2a: Umbreon|Protect|p2a: Umbreon
|-fail|p2a: Umbreon
|
|-weather|none
|-heal|p2a: Umbreon|268\/394|[from] move: Wish|[wisher] Umbreon
|turn|62
|
|move|p1a: Excadrill|Earthquake|p2a: Umbreon
|-crit|p2a: Umbreon
|-damage|p2a: Umbreon|93\/394
|move|p2a: Umbreon|Foul Play|p1a: Excadrill
|-damage|p1a: Excadrill|106\/362
|
|turn|63
|
|switch|p2a: Abomasnow|Abomasnow-Mega, F|270\/384
|-damage|p2a: Abomasnow|174\/384|[from] Stealth Rock
|-weather|Hail
|move|p1a: Excadrill|Earthquake|p2a: Abomasnow
|-resisted|p2a: Abomasnow
|-damage|p2a: Abomasnow|88\/384
|
|-weather|Hail|[upkeep]
|-damage|p1a: Excadrill|84\/362|[from] hail
|turn|64
|
|move|p2a: Abomasnow|Ice Shard|p1a: Excadrill
|-damage|p1a: Excadrill|0 fnt
|faint|p1a: Excadrill
|
|-weather|Hail|[upkeep]
|
|switch|p1a: Slowbro|Slowbro, F|394\/394
|turn|65
|
|switch|p1a: Chansey|Chansey, F|477\/704
|move|p2a: Abomasnow|Energy Ball|p1a: Chansey
|-damage|p1a: Chansey|369\/704
|
|-weather|Hail|[upkeep]
|-damage|p1a: Chansey|325\/704|[from] hail
|turn|66
|
|move|p1a: Chansey|Seismic Toss|p2a: Abomasnow
|-damage|p2a: Abomasnow|0 fnt
|faint|p2a: Abomasnow
|
|-weather|Hail|[upkeep]
|-damage|p1a: Chansey|281\/704|[from] hail
|
|switch|p2a: Registeel|Registeel|279\/364
|-damage|p2a: Registeel|257\/364|[from] Stealth Rock
|turn|67
|
|move|p2a: Registeel|Stealth Rock|p1a: Chansey
|-sidestart|p1: Chetifight|move: Stealth Rock
|move|p1a: Chansey|Soft-Boiled|p1a: Chansey
|-heal|p1a: Chansey|633\/704
|
|-weather|none
|-heal|p2a: Registeel|279\/364|[from] item: Leftovers
|turn|68
|
|move|p2a: Registeel|Iron Head|p1a: Chansey
|-damage|p1a: Chansey|542\/704
|move|p1a: Chansey|Seismic Toss|p2a: Registeel
|-damage|p2a: Registeel|179\/364
|
|-heal|p2a: Registeel|201\/364|[from] item: Leftovers
|turn|69
|
|move|p2a: Registeel|Thunder Wave|p1a: Chansey
|-status|p1a: Chansey|par
|cant|p1a: Chansey|par
|
|-heal|p2a: Registeel|223\/364|[from] item: Leftovers
|turn|70
|
|move|p2a: Registeel|Iron Head|p1a: Chansey
|-damage|p1a: Chansey|446\/704 par
|move|p1a: Chansey|Seismic Toss|p2a: Registeel
|-damage|p2a: Registeel|123\/364
|
|-heal|p2a: Registeel|145\/364|[from] item: Leftovers
|turn|71
|
|move|p2a: Registeel|Iron Head|p1a: Chansey
|-damage|p1a: Chansey|355\/704 par
|move|p1a: Chansey|Aromatherapy|p1a: Chansey
|-cureteam|p1a: Chansey|[from] move: Aromatherapy
|
|-heal|p2a: Registeel|167\/364|[from] item: Leftovers
|turn|72
|
|switch|p2a: Umbreon|Umbreon, F|93\/394
|-damage|p2a: Umbreon|44\/394|[from] Stealth Rock
|switch|p1a: Hippowdon|Hippowdon, M|397\/420
|-damage|p1a: Hippowdon|371\/420|[from] Stealth Rock
|-weather|Sandstorm
|
|-weather|Sandstorm|[upkeep]
|-damage|p2a: Umbreon|20\/394|[from] sandstorm
|-heal|p1a: Hippowdon|397\/420|[from] item: Leftovers
|turn|73
|
|move|p2a: Umbreon|Wish|p2a: Umbreon
|move|p1a: Hippowdon|Earthquake|p2a: Umbreon
|-damage|p2a: Umbreon|0 fnt
|faint|p2a: Umbreon
|
|-weather|Sandstorm|[upkeep]
|-heal|p1a: Hippowdon|420\/420|[from] item: Leftovers
|
|switch|p2a: Registeel|Registeel|167\/364
|-damage|p2a: Registeel|145\/364|[from] Stealth Rock
|turn|74
|c|âChetifight|gg
|
|move|p2a: Registeel|Seismic Toss|p1a: Hippowdon
|-damage|p1a: Hippowdon|320\/420
|move|p1a: Hippowdon|Earthquake|p2a: Registeel
|-supereffective|p2a: Registeel
|-damage|p2a: Registeel|0 fnt
|faint|p2a: Registeel
|
|win|Chetifight
|raw|Ladder updating...
|raw|Chetifight's rating: 1470 &rarr; <strong>1489<\/strong><br \/>(+19 for winning)
|raw|qqqqw's rating: 1449 &rarr; <strong>1430<\/strong><br \/>(-19 for losing)
|c|âqqqqw|gg[