|join|qqqqw
|join|something cooler
|player|p1|qqqqw|52
|player|p2|something cooler|29
|gametype|singles
|gen|6
|tier|OU
|rated
|clearpoke
|poke|p1|Registeel
|poke|p1|Clefable, M
|poke|p1|Dragonite, F
|poke|p1|Gyarados, M
|poke|p1|Mienshao, F
|poke|p1|Hippowdon, M
|poke|p2|Charizard, M
|poke|p2|Landorus-Therian, M
|poke|p2|Keldeo-Resolute, shiny
|poke|p2|Latios, M, shiny
|poke|p2|Scizor, F
|poke|p2|Mamoswine, F
|rule|Swagger Clause: Swagger is banned
|rule|Baton Pass Clause: Limit one PokÃ©mon knowing Baton Pass
|rule|Sleep Clause Mod: Limit one foe put to sleep
|rule|Species Clause: Limit one of each PokÃ©mon
|rule|OHKO Clause: OHKO moves are banned
|rule|Moody Clause: Moody is banned
|rule|Evasion Moves Clause: Evasion moves are banned
|rule|Endless Battle Clause: Forcing endless battles is banned
|rule|HP Percentage Mod: HP is shown in percentages
|teampreview
|
|start
|switch|p1a: Dragonite|Dragonite, F|324\/324
|switch|p2a: Mamoswine|Mamoswine, F|424\/424
|turn|1
|
|switch|p1a: Mienshao|Mienshao, F|271\/271
|move|p2a: Mamoswine|Stealth Rock|p1a: Mienshao
|-sidestart|p1: qqqqw|move: Stealth Rock
|
|turn|2
|
|switch|p2a: Keldeo-Resolute|Keldeo-Resolute, shiny|322\/322
|move|p1a: Mienshao|Knock Off|p2a: Keldeo-Resolute
|-crit|p2a: Keldeo-Resolute
|-resisted|p2a: Keldeo-Resolute
|-damage|p2a: Keldeo-Resolute|236\/322
|-boost|p2a: Keldeo-Resolute|atk|1|[from] ability: Justified
|-enditem|p2a: Keldeo-Resolute|Choice Specs|[from] move: Knock Off|[of] p1a: Mienshao
|
|turn|3
|
|switch|p1a: Clefable|Clefable, M|352\/352
|-damage|p1a: Clefable|308\/352|[from] Stealth Rock
|move|p2a: Keldeo-Resolute|Hidden Power|p1a: Clefable
|-damage|p1a: Clefable|239\/352
|
|turn|4
|
|switch|p2a: Landorus-Therian|Landorus-Therian, M|320\/320
|-ability|p2a: Landorus-Therian|Intimidate|[of] p1a: Clefable
|-unboost|p1a: Clefable|atk|1
|move|p1a: Clefable|Thunder Wave|p2a: Landorus-Therian
|-immune|p2a: Landorus-Therian|[msg]
|
|turn|5
|
|move|p1a: Clefable|Protect|p1a: Clefable
|-singleturn|p1a: Clefable|Protect
|move|p2a: Landorus-Therian|Knock Off|p1a: Clefable
|-activate|p1a: Clefable|Protect
|
|turn|6
|
|switch|p1a: Gyarados|Gyarados, M|355\/355
|-damage|p1a: Gyarados|267\/355|[from] Stealth Rock
|-ability|p1a: Gyarados|Intimidate|[of] p2a: Landorus-Therian
|-unboost|p2a: Landorus-Therian|atk|1
|move|p2a: Landorus-Therian|Knock Off|p1a: Gyarados
|-damage|p1a: Gyarados|200\/355
|
|turn|7
|
|switch|p2a: Scizor|Scizor, F|344\/344
|move|p1a: Gyarados|Dragon Dance|p1a: Gyarados
|-boost|p1a: Gyarados|atk|1
|-boost|p1a: Gyarados|spe|1
|
|turn|8
|
|detailschange|p1a: Gyarados|Gyarados-Mega, M
|message|Gyarados has Mega Evolved into Mega Gyarados!
|-ability|p1a: Gyarados|Mold Breaker
|move|p1a: Gyarados|Waterfall|p2a: Scizor
|-damage|p2a: Scizor|103\/344
|move|p2a: Scizor|U-turn|p1a: Gyarados
|-supereffective|p1a: Gyarados
|-damage|p1a: Gyarados|0 fnt
|faint|p1a: Gyarados
|
|switch|p2a: Landorus-Therian|Landorus-Therian, M|320\/320
|
|
|switch|p1a: Dragonite|Dragonite, F|324\/324
|-damage|p1a: Dragonite|243\/324|[from] Stealth Rock
|turn|9
|
|move|p2a: Landorus-Therian|Stone Edge|p1a: Dragonite
|-supereffective|p1a: Dragonite
|-damage|p1a: Dragonite|0 fnt
|faint|p1a: Dragonite
|
|
|switch|p1a: Hippowdon|Hippowdon, M|420\/420
|-damage|p1a: Hippowdon|394\/420|[from] Stealth Rock
|turn|10
|
|switch|p2a: Keldeo-Resolute|Keldeo-Resolute, shiny|236\/322
|move|p1a: Hippowdon|Stealth Rock|p2a: Keldeo-Resolute
|-sidestart|p2: something cooler|move: Stealth Rock
|
|turn|11
|
|move|p2a: Keldeo-Resolute|Hydro Pump|p1a: Hippowdon|[miss]
|-miss|p2a: Keldeo-Resolute|p1a: Hippowdon
|move|p1a: Hippowdon|Yawn|p2a: Keldeo-Resolute
|-start|p2a: Keldeo-Resolute|move: Yawn|[of] p1a: Hippowdon
|
|turn|12
|
|move|p2a: Keldeo-Resolute|Scald|p1a: Hippowdon
|-supereffective|p1a: Hippowdon
|-damage|p1a: Hippowdon|0 fnt
|faint|p1a: Hippowdon
|
|-status|p2a: Keldeo-Resolute|slp
|
|switch|p1a: Clefable|Clefable, M|239\/352
|-damage|p1a: Clefable|195\/352|[from] Stealth Rock
|turn|13
|
|switch|p2a: Scizor|Scizor, F|103\/344
|-damage|p2a: Scizor|60\/344|[from] Stealth Rock
|move|p1a: Clefable|Wish|p1a: Clefable
|
|turn|14
|
|move|p1a: Clefable|Protect|p1a: Clefable
|-singleturn|p1a: Clefable|Protect
|move|p2a: Scizor|Bullet Punch|p1a: Clefable
|-activate|p1a: Clefable|Protect
|
|-heal|p1a: Clefable|352\/352|[from] move: Wish|[wisher] Clefable
|turn|15
|
|move|p2a: Scizor|Bullet Punch|p1a: Clefable
|-supereffective|p1a: Clefable
|-damage|p1a: Clefable|0 fnt
|-damage|p2a: Scizor|3\/344|[from] item: Rocky Helmet|[of] p1a: Clefable
|faint|p1a: Clefable
|
|
|switch|p1a: Registeel|Registeel|364\/364
|-damage|p1a: Registeel|342\/364|[from] Stealth Rock
|turn|16
|
|switch|p2a: Landorus-Therian|Landorus-Therian, M|320\/320
|-damage|p2a: Landorus-Therian|280\/320|[from] Stealth Rock
|-ability|p2a: Landorus-Therian|Intimidate|[of] p1a: Registeel
|-fail|p1a: Registeel|unboost|[from] ability: Clear Body|[of] p1a: Registeel
|move|p1a: Registeel|Seismic Toss|p2a: Landorus-Therian
|-damage|p2a: Landorus-Therian|180\/320
|
|-heal|p1a: Registeel|364\/364|[from] item: Leftovers
|turn|17
|
|move|p2a: Landorus-Therian|Earthquake|p1a: Registeel
|-supereffective|p1a: Registeel
|-damage|p1a: Registeel|104\/364
|move|p1a: Registeel|Seismic Toss|p2a: Landorus-Therian
|-damage|p2a: Landorus-Therian|80\/320
|
|-heal|p1a: Registeel|126\/364|[from] item: Leftovers
|turn|18
|
|move|p2a: Landorus-Therian|Earthquake|p1a: Registeel
|-supereffective|p1a: Registeel
|-damage|p1a: Registeel|0 fnt
|faint|p1a: Registeel
|
|
|switch|p1a: Mienshao|Mienshao, F|271\/271
|-damage|p1a: Mienshao|255\/271|[from] Stealth Rock
|turn|19
|
|switch|p2a: Latios|Latios, M, shiny|302\/302
|-damage|p2a: Latios|265\/302|[from] Stealth Rock
|move|p1a: Mienshao|Knock Off|p2a: Latios
|-supereffective|p2a: Latios
|-damage|p2a: Latios|17\/302
|-enditem|p2a: Latios|Life Orb|[from] move: Knock Off|[of] p1a: Mienshao
|
|turn|20
|
|move|p1a: Mienshao|Knock Off|p2a: Latios
|-crit|p2a: Latios
|-supereffective|p2a: Latios
|-damage|p2a: Latios|0 fnt
|faint|p2a: Latios
|
|
|switch|p2a: Landorus-Therian|Landorus-Therian, M|80\/320
|-damage|p2a: Landorus-Therian|40\/320|[from] Stealth Rock
|-ability|p2a: Landorus-Therian|Intimidate|[of] p1a: Mienshao
|-unboost|p1a: Mienshao|atk|1
|turn|21
|
|move|p1a: Mienshao|Knock Off|p2a: Landorus-Therian
|-crit|p2a: Landorus-Therian
|-damage|p2a: Landorus-Therian|0 fnt
|-enditem|p2a: Landorus-Therian|Choice Scarf|[from] move: Knock Off|[of] p1a: Mienshao
|faint|p2a: Landorus-Therian
|
|
|switch|p2a: Keldeo-Resolute|Keldeo-Resolute, shiny|236\/322 slp
|-damage|p2a: Keldeo-Resolute|216\/322 slp|[from] Stealth Rock
|turn|22
|
|move|p1a: Mienshao|Knock Off|p2a: Keldeo-Resolute
|-resisted|p2a: Keldeo-Resolute
|-damage|p2a: Keldeo-Resolute|190\/322 slp
|-boost|p2a: Keldeo-Resolute|atk|1|[from] ability: Justified
|cant|p2a: Keldeo-Resolute|slp
|
|turn|23
|
|move|p1a: Mienshao|Knock Off|p2a: Keldeo-Resolute
|-resisted|p2a: Keldeo-Resolute
|-damage|p2a: Keldeo-Resolute|162\/322 slp
|-boost|p2a: Keldeo-Resolute|atk|1|[from] ability: Justified
|-curestatus|p2a: Keldeo-Resolute|slp
|move|p2a: Keldeo-Resolute|Scald|p1a: Mienshao
|-damage|p1a: Mienshao|24\/271
|
|turn|24
|
|move|p1a: Mienshao|Knock Off|p2a: Keldeo-Resolute
|-resisted|p2a: Keldeo-Resolute
|-damage|p2a: Keldeo-Resolute|136\/322
|-boost|p2a: Keldeo-Resolute|atk|1|[from] ability: Justified
|move|p2a: Keldeo-Resolute|Hidden Power|p1a: Mienshao
|-supereffective|p1a: Mienshao
|-damage|p1a: Mienshao|0 fnt
|faint|p1a: Mienshao
|
|win|something cooler
|raw|Ladder updating...
|raw|qqqqw's rating: 1389 &rarr; <strong>1368<\/strong><br \/>(-21 for losing)
|raw|something cooler's rating: 1365 &rarr; <strong>1387<\/strong><br \/>(+22 for winning)