|join|rodex
|join|qqqqw
|player|p1|rodex|170
|player|p2|qqqqw|52
|gametype|singles
|gen|6
|tier|OU
|rated
|clearpoke
|poke|p1|Slowbro, M
|poke|p1|Hippowdon, F
|poke|p1|Cryogonal
|poke|p1|Doublade, M
|poke|p1|Dragonite, M
|poke|p1|Greninja, M
|poke|p2|Muk, F
|poke|p2|Dragonite, M
|poke|p2|Conkeldurr, F
|poke|p2|Aggron, F
|poke|p2|Latias, F
|poke|p2|Ferrothorn, M
|rule|Swagger Clause: Swagger is banned
|rule|Baton Pass Clause: Limit one PokÃ©mon knowing Baton Pass
|rule|Sleep Clause Mod: Limit one foe put to sleep
|rule|Species Clause: Limit one of each PokÃ©mon
|rule|OHKO Clause: OHKO moves are banned
|rule|Moody Clause: Moody is banned
|rule|Evasion Moves Clause: Evasion moves are banned
|rule|Endless Battle Clause: Forcing endless battles is banned
|rule|HP Percentage Mod: HP is shown in percentages
|teampreview
|
|start
|switch|p1a: Slowbro|Slowbro, M|394\/394
|switch|p2a: Conkeldurr|Conkeldurr, F|414\/414
|turn|1
|
|detailschange|p1a: Slowbro|Slowbro-Mega, M
|message|Slowbro has Mega Evolved into Mega Slowbro!
|move|p2a: Conkeldurr|Knock Off|p1a: Slowbro
|-supereffective|p1a: Slowbro
|-damage|p1a: Slowbro|320\/394
|move|p1a: Slowbro|Scald|p2a: Conkeldurr
|-damage|p2a: Conkeldurr|318\/414
|-status|p2a: Conkeldurr|brn
|
|-damage|p2a: Conkeldurr|267\/414 brn|[from] brn
|turn|2
|
|move|p2a: Conkeldurr|Thunder Punch|p1a: Slowbro
|-supereffective|p1a: Slowbro
|-damage|p1a: Slowbro|200\/394
|move|p1a: Slowbro|Slack Off|p1a: Slowbro
|-heal|p1a: Slowbro|394\/394
|
|-damage|p2a: Conkeldurr|216\/414 brn|[from] brn
|turn|3
|
|switch|p2a: Ferrothorn|Ferrothorn, M|352\/352
|move|p1a: Slowbro|Scald|p2a: Ferrothorn
|-resisted|p2a: Ferrothorn
|-damage|p2a: Ferrothorn|284\/352
|
|turn|4
|
|move|p1a: Slowbro|Fire Blast|p2a: Ferrothorn
|-supereffective|p2a: Ferrothorn
|-damage|p2a: Ferrothorn|0 fnt
|faint|p2a: Ferrothorn
|
|
|switch|p2a: Latias|Latias, F|363\/363
|turn|5
|
|move|p2a: Latias|Substitute|p2a: Latias
|-start|p2a: Latias|Substitute
|-damage|p2a: Latias|273\/363
|move|p1a: Slowbro|Ice Beam|p2a: Latias
|-supereffective|p2a: Latias
|-end|p2a: Latias|Substitute
|
|-heal|p2a: Latias|295\/363|[from] item: Leftovers
|turn|6
|
|move|p2a: Latias|Toxic|p1a: Slowbro
|-status|p1a: Slowbro|tox
|move|p1a: Slowbro|Ice Beam|p2a: Latias
|-supereffective|p2a: Latias
|-damage|p2a: Latias|137\/363
|
|-heal|p2a: Latias|159\/363|[from] item: Leftovers
|-damage|p1a: Slowbro|370\/394 tox|[from] psn
|turn|7
|
|move|p2a: Latias|Substitute|p2a: Latias
|-start|p2a: Latias|Substitute
|-damage|p2a: Latias|69\/363
|move|p1a: Slowbro|Ice Beam|p2a: Latias
|-supereffective|p2a: Latias
|-end|p2a: Latias|Substitute
|
|-heal|p2a: Latias|91\/363|[from] item: Leftovers
|-damage|p1a: Slowbro|322\/394 tox|[from] psn
|turn|8
|
|move|p2a: Latias|Recover|p2a: Latias
|-heal|p2a: Latias|273\/363
|move|p1a: Slowbro|Ice Beam|p2a: Latias
|-supereffective|p2a: Latias
|-damage|p2a: Latias|103\/363
|
|-heal|p2a: Latias|125\/363|[from] item: Leftovers
|-damage|p1a: Slowbro|250\/394 tox|[from] psn
|turn|9
|
|switch|p1a: Doublade|Doublade, M|322\/322
|move|p2a: Latias|Recover|p2a: Latias
|-heal|p2a: Latias|307\/363
|
|-heal|p2a: Latias|329\/363|[from] item: Leftovers
|turn|10
|
|switch|p2a: Aggron|Aggron, F|344\/344
|move|p1a: Doublade|Swords Dance|p1a: Doublade
|-boost|p1a: Doublade|atk|2
|
|turn|11
|
|detailschange|p2a: Aggron|Aggron-Mega, F
|message|Aggron has Mega Evolved into Mega Aggron!
|move|p2a: Aggron|Earthquake|p1a: Doublade
|-supereffective|p1a: Doublade
|-damage|p1a: Doublade|228\/322
|move|p1a: Doublade|Sacred Sword|p2a: Aggron
|-supereffective|p2a: Aggron
|-damage|p2a: Aggron|221\/344
|
|turn|12
|
|move|p2a: Aggron|Earthquake|p1a: Doublade
|-supereffective|p1a: Doublade
|-damage|p1a: Doublade|138\/322
|move|p1a: Doublade|Sacred Sword|p2a: Aggron
|-supereffective|p2a: Aggron
|-damage|p2a: Aggron|109\/344
|
|turn|13
|
|move|p2a: Aggron|Earthquake|p1a: Doublade
|-supereffective|p1a: Doublade
|-damage|p1a: Doublade|42\/322
|move|p1a: Doublade|Sacred Sword|p2a: Aggron
|-crit|p2a: Aggron
|-supereffective|p2a: Aggron
|-damage|p2a: Aggron|0 fnt
|faint|p2a: Aggron
|
|
|switch|p2a: Muk|Muk, F|414\/414
|turn|14
|
|switch|p1a: Hippowdon|Hippowdon, F|420\/420
|-weather|Sandstorm
|move|p2a: Muk|Shadow Sneak|p1a: Hippowdon
|-damage|p1a: Hippowdon|389\/420
|-damage|p2a: Muk|345\/414|[from] item: Rocky Helmet|[of] p1a: Hippowdon
|
|-weather|Sandstorm|[upkeep]
|-damage|p2a: Muk|320\/414|[from] sandstorm
|turn|15
|
|switch|p2a: Conkeldurr|Conkeldurr, F|216\/414 brn
|move|p1a: Hippowdon|Stealth Rock|p2a: Conkeldurr
|-sidestart|p2: qqqqw|move: Stealth Rock
|
|-weather|Sandstorm|[upkeep]
|-damage|p2a: Conkeldurr|191\/414 brn|[from] sandstorm
|-damage|p2a: Conkeldurr|140\/414 brn|[from] brn
|turn|16
|
|move|p1a: Hippowdon|Earthquake|p2a: Conkeldurr
|-damage|p2a: Conkeldurr|23\/414 brn
|move|p2a: Conkeldurr|Knock Off|p1a: Hippowdon
|-damage|p1a: Hippowdon|297\/420
|-damage|p2a: Conkeldurr|0 fnt|[from] item: Rocky Helmet|[of] p1a: Hippowdon
|faint|p2a: Conkeldurr
|
|-weather|Sandstorm|[upkeep]
|
|switch|p2a: Latias|Latias, F|329\/363
|-damage|p2a: Latias|284\/363|[from] Stealth Rock
|turn|17
|
|move|p2a: Latias|Substitute|p2a: Latias
|-start|p2a: Latias|Substitute
|-damage|p2a: Latias|194\/363
|move|p1a: Hippowdon|Stealth Rock|p2a: Latias
|-fail|p2a: Latias
|
|-weather|Sandstorm|[upkeep]
|-damage|p2a: Latias|172\/363|[from] sandstorm
|-heal|p2a: Latias|194\/363|[from] item: Leftovers
|turn|18
|
|move|p2a: Latias|Toxic|p1a: Hippowdon
|-status|p1a: Hippowdon|tox
|move|p1a: Hippowdon|Whirlwind|p2a: Latias
|drag|p2a: Muk|Muk, F|320\/414
|-damage|p2a: Muk|269\/414|[from] Stealth Rock
|
|-weather|none
|-damage|p1a: Hippowdon|271\/420 tox|[from] psn
|turn|19
|
|move|p2a: Muk|Poison Jab|p1a: Hippowdon
|-resisted|p1a: Hippowdon
|-damage|p1a: Hippowdon|232\/420 tox
|-damage|p2a: Muk|200\/414|[from] item: Rocky Helmet|[of] p1a: Hippowdon
|move|p1a: Hippowdon|Whirlwind|p2a: Muk
|drag|p2a: Dragonite|Dragonite, M|324\/324
|-damage|p2a: Dragonite|243\/324|[from] Stealth Rock
|
|-damage|p1a: Hippowdon|180\/420 tox|[from] psn
|turn|20
|
|move|p2a: Dragonite|Waterfall|p1a: Hippowdon
|-supereffective|p1a: Hippowdon
|-damage|p1a: Hippowdon|52\/420 tox
|-damage|p2a: Dragonite|189\/324|[from] item: Rocky Helmet|[of] p1a: Hippowdon
|move|p1a: Hippowdon|Slack Off|p1a: Hippowdon
|-heal|p1a: Hippowdon|262\/420 tox
|
|-damage|p1a: Hippowdon|184\/420 tox|[from] psn
|turn|21
|
|move|p2a: Dragonite|Waterfall|p1a: Hippowdon
|-crit|p1a: Hippowdon
|-supereffective|p1a: Hippowdon
|-damage|p1a: Hippowdon|0 fnt
|-damage|p2a: Dragonite|135\/324|[from] item: Rocky Helmet|[of] p1a: Hippowdon
|faint|p1a: Hippowdon
|
|
|switch|p1a: Greninja|Greninja, M|285\/285
|turn|22
|
|move|p1a: Greninja|Ice Beam|p2a: Dragonite
|-start|p1a: Greninja|typechange|Ice|[from] Protean
|-supereffective|p2a: Dragonite
|-damage|p2a: Dragonite|0 fnt
|faint|p2a: Dragonite
|
|
|switch|p2a: Muk|Muk, F|200\/414
|-damage|p2a: Muk|149\/414|[from] Stealth Rock
|turn|23
|
|move|p1a: Greninja|Extrasensory|p2a: Muk
|-start|p1a: Greninja|typechange|Psychic|[from] Protean
|-supereffective|p2a: Muk
|-damage|p2a: Muk|0 fnt
|faint|p2a: Muk
|
|
|switch|p2a: Latias|Latias, F|194\/363
|-damage|p2a: Latias|149\/363|[from] Stealth Rock
|turn|24
|
|move|p1a: Greninja|Ice Beam|p2a: Latias
|-start|p1a: Greninja|typechange|Ice|[from] Protean
|-supereffective|p2a: Latias
|-damage|p2a: Latias|0 fnt
|faint|p2a: Latias
|
|win|rodex
|raw|Ladder updating...
|raw|Ladder (probably) updated, but score could not be retrieved (Error: read ECONNRESET).
|leave|qqqqw
|player|p2