|join|Sid_Saurav
|join|qqqqw
|player|p1|Sid_Saurav|164
|player|p2|qqqqw|52
|gametype|singles
|gen|6
|tier|OU
|rated
|clearpoke
|poke|p1|Gliscor, M
|poke|p1|Scizor, M
|poke|p1|Rotom-Wash
|poke|p1|Gothitelle, M
|poke|p1|Ditto
|poke|p1|Chansey, F
|poke|p2|Regice
|poke|p2|Hippowdon, F
|poke|p2|Mienshao, F
|poke|p2|Empoleon, F
|poke|p2|Gyarados, M
|poke|p2|Dragonite, F
|rule|Swagger Clause: Swagger is banned
|rule|Baton Pass Clause: Limit one PokÃ©mon knowing Baton Pass
|rule|Sleep Clause Mod: Limit one foe put to sleep
|rule|Species Clause: Limit one of each PokÃ©mon
|rule|OHKO Clause: OHKO moves are banned
|rule|Moody Clause: Moody is banned
|rule|Evasion Moves Clause: Evasion moves are banned
|rule|Endless Battle Clause: Forcing endless battles is banned
|rule|HP Percentage Mod: HP is shown in percentages
|teampreview
|
|start
|switch|p1a: Ditto|Ditto|300\/300
|switch|p2a: Mienshao|Mienshao, F|271\/271
|-transform|p1a: Ditto|p2a: Mienshao
|turn|1
|
|switch|p2a: Hippowdon|Hippowdon, F|420\/420
|-weather|Sandstorm
|move|p1a: Ditto|High Jump Kick|p2a: Hippowdon
|-damage|p2a: Hippowdon|273\/420
|-damage|p1a: Ditto|250\/300|[from] item: Rocky Helmet|[of] p2a: Hippowdon
|
|-weather|Sandstorm|[upkeep]
|-damage|p1a: Ditto|232\/300|[from] sandstorm
|turn|2
|
|switch|p1a: Rotom-Wash|Rotom-Wash|304\/304
|move|p2a: Hippowdon|Stealth Rock|p1a: Rotom-Wash
|-sidestart|p1: Sid_Saurav|move: Stealth Rock
|
|-weather|Sandstorm|[upkeep]
|-damage|p1a: Rotom-Wash|285\/304|[from] sandstorm
|-heal|p1a: Rotom-Wash|304\/304|[from] item: Leftovers
|turn|3
|
|switch|p2a: Regice|Regice|358\/358
|move|p1a: Rotom-Wash|Will-O-Wisp|p2a: Regice
|-status|p2a: Regice|brn
|
|-weather|Sandstorm|[upkeep]
|-damage|p1a: Rotom-Wash|285\/304|[from] sandstorm
|-damage|p2a: Regice|336\/358 brn|[from] sandstorm
|-heal|p1a: Rotom-Wash|304\/304|[from] item: Leftovers
|-damage|p2a: Regice|292\/358 brn|[from] brn
|turn|4
|
|switch|p2a: Hippowdon|Hippowdon, F|273\/420
|move|p1a: Rotom-Wash|Hydro Pump|p2a: Hippowdon
|-crit|p2a: Hippowdon
|-supereffective|p2a: Hippowdon
|-damage|p2a: Hippowdon|0 fnt
|faint|p2a: Hippowdon
|
|-weather|Sandstorm|[upkeep]
|-damage|p1a: Rotom-Wash|285\/304|[from] sandstorm
|-heal|p1a: Rotom-Wash|304\/304|[from] item: Leftovers
|
|switch|p2a: Regice|Regice|292\/358 brn
|turn|5
|
|move|p1a: Rotom-Wash|Hydro Pump|p2a: Regice
|-damage|p2a: Regice|228\/358 brn
|move|p2a: Regice|Ice Beam|p1a: Rotom-Wash
|-resisted|p1a: Rotom-Wash
|-damage|p1a: Rotom-Wash|235\/304
|
|-weather|none
|-heal|p1a: Rotom-Wash|254\/304|[from] item: Leftovers
|-damage|p2a: Regice|184\/358 brn|[from] brn
|turn|6
|
|move|p1a: Rotom-Wash|Volt Switch|p2a: Regice
|-damage|p2a: Regice|144\/358 brn
|
|switch|p1a: Scizor|Scizor, M|344\/344
|-damage|p1a: Scizor|301\/344|[from] Stealth Rock
|move|p2a: Regice|Rest|p2a: Regice
|-status|p2a: Regice|slp
|-heal|p2a: Regice|358\/358 slp|[silent]
|-status|p2a: Regice|slp|[from] move: Rest
|
|turn|7
|
|switch|p2a: Dragonite|Dragonite, F|324\/324
|detailschange|p1a: Scizor|Scizor-Mega, M
|message|Scizor has Mega Evolved into Mega Scizor!
|move|p1a: Scizor|Swords Dance|p1a: Scizor
|-boost|p1a: Scizor|atk|2
|
|turn|8
|
|switch|p1a: Rotom-Wash|Rotom-Wash|254\/304
|-damage|p1a: Rotom-Wash|216\/304|[from] Stealth Rock
|move|p2a: Dragonite|Flamethrower|p1a: Rotom-Wash
|-resisted|p1a: Rotom-Wash
|-damage|p1a: Rotom-Wash|170\/304
|
|-heal|p1a: Rotom-Wash|189\/304|[from] item: Leftovers
|turn|9
|
|switch|p2a: Regice|Regice|358\/358 slp
|move|p1a: Rotom-Wash|Will-O-Wisp|p2a: Regice
|-fail|p2a: Regice
|
|-heal|p1a: Rotom-Wash|208\/304|[from] item: Leftovers
|turn|10
|
|move|p1a: Rotom-Wash|Volt Switch|p2a: Regice
|-damage|p2a: Regice|310\/358 slp
|
|switch|p1a: Gothitelle|Gothitelle, M|301\/301
|-damage|p1a: Gothitelle|264\/301|[from] Stealth Rock
|cant|p2a: Regice|slp
|move|p2a: Regice|Sleep Talk|p2a: Regice
|move|p2a: Regice|Rest|p2a: Regice|[from]Sleep Talk
|-fail|p2a: Regice
|
|turn|11
|
|move|p1a: Gothitelle|Hidden Power|p2a: Regice
|-supereffective|p2a: Regice
|-damage|p2a: Regice|258\/358 slp
|cant|p2a: Regice|slp
|
|turn|12
|
|move|p1a: Gothitelle|Hidden Power|p2a: Regice
|-supereffective|p2a: Regice
|-damage|p2a: Regice|202\/358 slp
|-curestatus|p2a: Regice|slp
|move|p2a: Regice|Ice Beam|p1a: Gothitelle
|-damage|p1a: Gothitelle|146\/301
|-status|p1a: Gothitelle|frz
|
|turn|13
|
|switch|p1a: Scizor|Scizor-Mega, M|301\/344
|-damage|p1a: Scizor|258\/344|[from] Stealth Rock
|move|p2a: Regice|Ice Beam|p1a: Scizor
|-resisted|p1a: Scizor
|-damage|p1a: Scizor|183\/344
|-status|p1a: Scizor|frz
|
|turn|14
|c|âSid_Saurav|lol
|
|switch|p2a: Gyarados|Gyarados, M|362\/362
|-ability|p2a: Gyarados|Intimidate|[of] p1a: Scizor
|-unboost|p1a: Scizor|atk|1
|cant|p1a: Scizor|frz
|
|turn|15
|
|move|p2a: Gyarados|Dragon Dance|p2a: Gyarados
|-boost|p2a: Gyarados|atk|1
|-boost|p2a: Gyarados|spe|1
|-curestatus|p1a: Scizor|frz
|move|p1a: Scizor|Roost|p1a: Scizor
|-heal|p1a: Scizor|344\/344
|
|turn|16
|c|âqqqqw|REGICE
|
|move|p2a: Gyarados|Waterfall|p1a: Scizor
|-damage|p1a: Scizor|217\/344
|move|p1a: Scizor|Knock Off|p2a: Gyarados
|-damage|p2a: Gyarados|293\/362
|
|turn|17
|c|âSid_Saurav|!DT device
No Pokemon, item, move, ability or nature named 'device' was found. Showing the data of 'Regice' instead.
|c|~|\/data-pokemon Regice
|raw|<font size="1"><font color=#585858>Dex#:<\/font> 378&nbsp;|&ThickSpace;<font color=#585858>Height:<\/font> 1.8 m&nbsp;|&ThickSpace;<font color=#585858>Weight:<\/font> 175 kg <em>(100 BP)<\/em>&nbsp;|&ThickSpace;<font color=#585858>Dex Colour:<\/font> Blue&nbsp;|&ThickSpace;<font color=#585858>Egg Group(s):<\/font> Undiscovered&nbsp;|&ThickSpace;<font color=#585858><font color=#585858>Does Not Evolve<\/font><\/font><\/font>
|
|move|p2a: Gyarados|Dragon Dance|p2a: Gyarados
|-boost|p2a: Gyarados|atk|1
|-boost|p2a: Gyarados|spe|1
|move|p1a: Scizor|Roost|p1a: Scizor
|-heal|p1a: Scizor|344\/344
|
|turn|18
|
|switch|p1a: Gothitelle|Gothitelle, M|146\/301 frz
|-damage|p1a: Gothitelle|109\/301 frz|[from] Stealth Rock
|move|p2a: Gyarados|Waterfall|p1a: Gothitelle
|-damage|p1a: Gothitelle|0 fnt
|faint|p1a: Gothitelle
|
|
|switch|p1a: Ditto|Ditto|300\/300
|-damage|p1a: Ditto|263\/300|[from] Stealth Rock
|-transform|p1a: Ditto|p2a: Gyarados
|-ability|p1a: Ditto|Intimidate|[of] p2a: Gyarados
|-unboost|p2a: Gyarados|atk|1
|turn|19
|
|move|p1a: Ditto|Waterfall|p2a: Gyarados
|-resisted|p2a: Gyarados
|-damage|p2a: Gyarados|118\/362
|move|p2a: Gyarados|Dragon Dance|p2a: Gyarados
|-boost|p2a: Gyarados|atk|1
|-boost|p2a: Gyarados|spe|1
|
|turn|20
|
|detailschange|p2a: Gyarados|Gyarados-Mega, M
|message|Gyarados has Mega Evolved into Mega Gyarados!
|-ability|p2a: Gyarados|Mold Breaker
|move|p1a: Ditto|Waterfall|p2a: Gyarados
|-resisted|p2a: Gyarados
|-damage|p2a: Gyarados|0 fnt
|faint|p2a: Gyarados
|
|c|âSid_Saurav|lol
|c|âSid_Saurav|Mega
|
|switch|p2a: Mienshao|Mienshao, F|271\/271
|turn|21
|c|âSid_Saurav|But I missed
|
|move|p2a: Mienshao|Fake Out|p1a: Ditto
|-damage|p1a: Ditto|179\/300
|cant|p1a: Ditto|flinch
|
|turn|22
|
|switch|p2a: Empoleon|Empoleon, F|372\/372
|move|p1a: Ditto|Waterfall|p2a: Empoleon
|-resisted|p2a: Empoleon
|-damage|p2a: Empoleon|231\/372
|
|turn|23
|
|move|p1a: Ditto|Waterfall|p2a: Empoleon
|-resisted|p2a: Empoleon
|-damage|p2a: Empoleon|107\/372
|move|p2a: Empoleon|Scald|p1a: Ditto
|-resisted|p1a: Ditto
|-damage|p1a: Ditto|46\/300
|-status|p1a: Ditto|brn
|
|-damage|p1a: Ditto|9\/300 brn|[from] brn
|turn|24
|
|move|p1a: Ditto|Waterfall|p2a: Empoleon
|-resisted|p2a: Empoleon
|-damage|p2a: Empoleon|37\/372
|cant|p2a: Empoleon|flinch
|
|-damage|p1a: Ditto|0 fnt|[from] brn
|faint|p1a: Ditto
|
|switch|p1a: Gliscor|Gliscor, M|352\/352
|-damage|p1a: Gliscor|308\/352|[from] Stealth Rock
|turn|25
|
|switch|p2a: Regice|Regice|202\/358
|move|p1a: Gliscor|Substitute|p1a: Gliscor
|-start|p1a: Gliscor|Substitute
|-damage|p1a: Gliscor|220\/352
|
|-status|p1a: Gliscor|tox|[from] item: Toxic Orb
|turn|26
|
|move|p1a: Gliscor|Toxic|p2a: Regice
|-status|p2a: Regice|tox
|move|p2a: Regice|Rest|p2a: Regice
|-status|p2a: Regice|slp
|-heal|p2a: Regice|358\/358 slp|[silent]
|-status|p2a: Regice|slp|[from] move: Rest
|
|-heal|p1a: Gliscor|264\/352 tox|[from] ability: Poison Heal
|turn|27
|
|move|p1a: Gliscor|Earthquake|p2a: Regice
|-damage|p2a: Regice|246\/358 slp
|cant|p2a: Regice|slp
|move|p2a: Regice|Sleep Talk|p2a: Regice
|move|p2a: Regice|Thunder Wave|p1a: Gliscor|[from]Sleep Talk
|-immune|p1a: Gliscor|[msg]
|
|-heal|p1a: Gliscor|308\/352 tox|[from] ability: Poison Heal
|turn|28
|
|move|p1a: Gliscor|Earthquake|p2a: Regice
|-damage|p2a: Regice|132\/358 slp
|cant|p2a: Regice|slp
|move|p2a: Regice|Sleep Talk|p2a: Regice
|move|p2a: Regice|Rest|p2a: Regice|[from]Sleep Talk
|-fail|p2a: Regice
|
|-heal|p1a: Gliscor|352\/352 tox|[from] ability: Poison Heal
|turn|29
|
|move|p1a: Gliscor|Toxic|p2a: Regice
|-fail|p2a: Regice
|-curestatus|p2a: Regice|slp
|move|p2a: Regice|Rest|p2a: Regice
|-status|p2a: Regice|slp
|-heal|p2a: Regice|358\/358 slp|[silent]
|-status|p2a: Regice|slp|[from] move: Rest
|
|turn|30
|
|switch|p1a: Scizor|Scizor-Mega, M|344\/344
|-damage|p1a: Scizor|301\/344|[from] Stealth Rock
|cant|p2a: Regice|slp
|move|p2a: Regice|Sleep Talk|p2a: Regice
|move|p2a: Regice|Rest|p2a: Regice|[from]Sleep Talk
|-fail|p2a: Regice
|
|turn|31
|
|switch|p2a: Dragonite|Dragonite, F|324\/324
|move|p1a: Scizor|Bullet Punch|p2a: Dragonite
|-damage|p2a: Dragonite|261\/324
|
|turn|32
|
|switch|p1a: Rotom-Wash|Rotom-Wash|208\/304
|-damage|p1a: Rotom-Wash|170\/304|[from] Stealth Rock
|move|p2a: Dragonite|Flamethrower|p1a: Rotom-Wash
|-resisted|p1a: Rotom-Wash
|-damage|p1a: Rotom-Wash|124\/304
|
|-heal|p1a: Rotom-Wash|143\/304|[from] item: Leftovers
|turn|33
|
|switch|p2a: Regice|Regice|358\/358 slp
|move|p1a: Rotom-Wash|Volt Switch|p2a: Regice
|-damage|p2a: Regice|312\/358 slp
|
|switch|p1a: Scizor|Scizor-Mega, M|301\/344
|-damage|p1a: Scizor|258\/344|[from] Stealth Rock
|
|turn|34
|
|switch|p2a: Dragonite|Dragonite, F|261\/324
|move|p1a: Scizor|Bullet Punch|p2a: Dragonite
|-damage|p2a: Dragonite|149\/324
|
|turn|35
|
|switch|p1a: Rotom-Wash|Rotom-Wash|143\/304
|-damage|p1a: Rotom-Wash|105\/304|[from] Stealth Rock
|move|p2a: Dragonite|Flamethrower|p1a: Rotom-Wash
|-resisted|p1a: Rotom-Wash
|-damage|p1a: Rotom-Wash|56\/304
|
|-heal|p1a: Rotom-Wash|75\/304|[from] item: Leftovers
|turn|36
|
|switch|p2a: Regice|Regice|312\/358 slp
|move|p1a: Rotom-Wash|Volt Switch|p2a: Regice
|-damage|p2a: Regice|267\/358 slp
|
|switch|p1a: Scizor|Scizor-Mega, M|258\/344
|-damage|p1a: Scizor|215\/344|[from] Stealth Rock
|
|turn|37
|
|switch|p2a: Dragonite|Dragonite, F|149\/324
|move|p1a: Scizor|Swords Dance|p1a: Scizor
|-boost|p1a: Scizor|atk|2
|
|turn|38
|
|move|p1a: Scizor|Bullet Punch|p2a: Dragonite
|-damage|p2a: Dragonite|0 fnt
|faint|p2a: Dragonite
|
|
|switch|p2a: Mienshao|Mienshao, F|271\/271
|turn|39
|
|switch|p1a: Rotom-Wash|Rotom-Wash|75\/304
|-damage|p1a: Rotom-Wash|37\/304|[from] Stealth Rock
|move|p2a: Mienshao|Fake Out|p1a: Rotom-Wash
|-damage|p1a: Rotom-Wash|0 fnt
|faint|p1a: Rotom-Wash
|
|
|switch|p1a: Gliscor|Gliscor, M|352\/352 tox
|-damage|p1a: Gliscor|308\/352 tox|[from] Stealth Rock
|turn|40
|
|switch|p2a: Regice|Regice|267\/358 slp
|move|p1a: Gliscor|Protect|p1a: Gliscor
|-fail|p1a: Gliscor
|
|-heal|p1a: Gliscor|352\/352 tox|[from] ability: Poison Heal
|turn|41
|
|move|p1a: Gliscor|Earthquake|p2a: Regice
|-damage|p2a: Regice|156\/358 slp
|cant|p2a: Regice|slp
|move|p2a: Regice|Sleep Talk|p2a: Regice
|move|p2a: Regice|Thunder Wave|p1a: Gliscor|[from]Sleep Talk
|-immune|p1a: Gliscor|[msg]
|
|turn|42
|
|switch|p1a: Scizor|Scizor-Mega, M|215\/344
|-damage|p1a: Scizor|172\/344|[from] Stealth Rock
|-curestatus|p2a: Regice|slp
|move|p2a: Regice|Ice Beam|p1a: Scizor
|-resisted|p1a: Scizor
|-damage|p1a: Scizor|100\/344
|
|turn|43
|
|move|p1a: Scizor|Roost|p1a: Scizor
|-heal|p1a: Scizor|272\/344
|move|p2a: Regice|Ice Beam|p1a: Scizor
|-resisted|p1a: Scizor
|-damage|p1a: Scizor|199\/344
|
|turn|44
|
|move|p1a: Scizor|Swords Dance|p1a: Scizor
|-boost|p1a: Scizor|atk|2
|move|p2a: Regice|Thunder Wave|p1a: Scizor
|-status|p1a: Scizor|par
|
|turn|45
|
|move|p2a: Regice|Ice Beam|p1a: Scizor
|-resisted|p1a: Scizor
|-damage|p1a: Scizor|134\/344 par
|cant|p1a: Scizor|par
|
|turn|46
|
|move|p2a: Regice|Ice Beam|p1a: Scizor
|-resisted|p1a: Scizor
|-damage|p1a: Scizor|71\/344 par
|move|p1a: Scizor|Roost|p1a: Scizor
|-heal|p1a: Scizor|243\/344 par
|
|turn|47
|
|move|p2a: Regice|Ice Beam|p1a: Scizor
|-resisted|p1a: Scizor
|-damage|p1a: Scizor|177\/344 par
|move|p1a: Scizor|Swords Dance|p1a: Scizor
|-boost|p1a: Scizor|atk|2
|
|turn|48
|c|âSid_Saurav|lol
|c|âSid_Saurav|Regice is a monster
|
|move|p2a: Regice|Ice Beam|p1a: Scizor
|-resisted|p1a: Scizor
|-damage|p1a: Scizor|105\/344 par
|move|p1a: Scizor|Roost|p1a: Scizor
|-heal|p1a: Scizor|277\/344 par
|
|turn|49
|c|âqqqqw|kkk
|
|move|p2a: Regice|Ice Beam|p1a: Scizor
|-crit|p1a: Scizor
|-resisted|p1a: Scizor
|-damage|p1a: Scizor|176\/344 par
|move|p1a: Scizor|Swords Dance|p1a: Scizor
|-boost|p1a: Scizor|atk|2
|
|turn|50
|c|âSid_Saurav|Hey dude
|
|move|p2a: Regice|Ice Beam|p1a: Scizor
|-resisted|p1a: Scizor
|-damage|p1a: Scizor|113\/344 par
|cant|p1a: Scizor|par
|
|turn|51
|
|move|p2a: Regice|Ice Beam|p1a: Scizor
|-resisted|p1a: Scizor
|-damage|p1a: Scizor|41\/344 par
|move|p1a: Scizor|Roost|p1a: Scizor
|-heal|p1a: Scizor|213\/344 par
|
|turn|52
|
|move|p2a: Regice|Ice Beam|p1a: Scizor
|-resisted|p1a: Scizor
|-damage|p1a: Scizor|142\/344 par
|cant|p1a: Scizor|par
|
|turn|53
|
|switch|p2a: Mienshao|Mienshao, F|271\/271
|move|p1a: Scizor|Roost|p1a: Scizor
|-heal|p1a: Scizor|314\/344 par
|
|turn|54
|
|move|p1a: Scizor|Bullet Punch|p2a: Mienshao
|-damage|p2a: Mienshao|0 fnt
|faint|p2a: Mienshao
|
|c|âSid_Saurav|lol
|c|âqqqqw|-.-7
|
|switch|p2a: Empoleon|Empoleon, F|37\/372
|turn|55
|
|move|p1a: Scizor|Bullet Punch|p2a: Empoleon
|-resisted|p2a: Empoleon
|-damage|p2a: Empoleon|0 fnt
|faint|p2a: Empoleon
|
|
|switch|p2a: Regice|Regice|156\/358
|turn|56
|c|âSid_Saurav|I won dude
|
|cant|p1a: Scizor|par
|move|p2a: Regice|Ice Beam|p1a: Scizor
|-resisted|p1a: Scizor
|-damage|p1a: Scizor|245\/344 par
|
|turn|57
|c|âSid_Saurav|Hey
|c|âSid_Saurav|Wait
|c|âSid_Saurav|Can you give me your team
|
|move|p1a: Scizor|Bullet Punch|p2a: Regice
|-supereffective|p2a: Regice
|-damage|p2a: Regice|0 fnt
|faint|p2a: Regice
|
|win|Sid_Saurav
|raw|Ladder updating...
|raw|Sid_Saurav's rating: 1471 &rarr; <strong>1494<\/strong><br \/>(+23 for winning)
|raw|qqqqw's rating: 1516 &rarr; <strong>1494<\/strong><br \/>(-22 for losing)
|c|âSid_Saurav|Hey
|c|âSid_Saurav|Please
|c|âqqqqw|yes
|c|âSid_Saurav|Then
|c|âqqqqw|diga
|c|âSid_Saurav|On pastebin.com