|join|qqqqw
|join|DutyFree
|player|p1|qqqqw|244
|player|p2|DutyFree|1
|gametype|singles
|gen|6
|tier|OU
|rated
|clearpoke
|poke|p1|Slowbro, M
|poke|p1|Bisharp, F
|poke|p1|Serperior, F
|poke|p1|Ferroseed, L1, M
|poke|p1|Klefki, M
|poke|p1|Hydreigon, M
|poke|p2|Mew
|poke|p2|Excadrill, F
|poke|p2|Venusaur, F
|poke|p2|Clefable, F
|poke|p2|Dragonite, F
|poke|p2|Rotom-Wash
|rule|Swagger Clause: Swagger is banned
|rule|Baton Pass Clause: Limit one PokÃ©mon knowing Baton Pass
|rule|Sleep Clause Mod: Limit one foe put to sleep
|rule|Species Clause: Limit one of each PokÃ©mon
|rule|OHKO Clause: OHKO moves are banned
|rule|Moody Clause: Moody is banned
|rule|Evasion Moves Clause: Evasion moves are banned
|rule|Endless Battle Clause: Forcing endless battles is banned
|rule|HP Percentage Mod: HP is shown in percentages
|teampreview
|
|start
|switch|p1a: Ferroseed|Ferroseed, L1, M|12\/12
|switch|p2a: Excadrill|Excadrill, F|361\/361
|-ability|p2a: Excadrill|Mold Breaker
|-item|p2a: Excadrill|Air Balloon
|turn|1
|
|move|p2a: Excadrill|Stealth Rock|p1a: Ferroseed
|-sidestart|p1: qqqqw|move: Stealth Rock
|move|p1a: Ferroseed|Endeavor|p2a: Excadrill
|-damage|p2a: Excadrill|12\/361
|-enditem|p2a: Excadrill|Air Balloon
|
|turn|2
|
|move|p2a: Excadrill|Iron Head|p1a: Ferroseed
|-resisted|p1a: Ferroseed
|-enditem|p1a: Ferroseed|Focus Sash
|-damage|p1a: Ferroseed|1\/12
|-damage|p2a: Excadrill|0 fnt|[from] ability: Iron Barbs|[of] p1a: Ferroseed
|faint|p2a: Excadrill
|move|p1a: Ferroseed|Leech Seed|p2: Excadrill|[notarget]
|-notarget
|
|
|switch|p2a: Rotom-Wash|Rotom-Wash|241\/241
|turn|3
|
|move|p2a: Rotom-Wash|Volt Switch|p1a: Ferroseed
|-resisted|p1a: Ferroseed
|-damage|p1a: Ferroseed|0 fnt
|faint|p1a: Ferroseed
|
|switch|p2a: Venusaur|Venusaur, F|364\/364
|
|
|switch|p1a: Bisharp|Bisharp, F|311\/311
|-damage|p1a: Bisharp|292\/311|[from] Stealth Rock
|turn|4
|
|detailschange|p2a: Venusaur|Venusaur-Mega, F
|-mega|p2a: Venusaur|Venusaur|Venusaurite
|move|p2a: Venusaur|Leech Seed|p1a: Bisharp
|-start|p1a: Bisharp|move: Leech Seed
|move|p1a: Bisharp|Iron Head|p2a: Venusaur
|-damage|p2a: Venusaur|274\/364
|
|-damage|p1a: Bisharp|254\/311|[from] Leech Seed|[of] p2a: Venusaur
|-heal|p2a: Venusaur|312\/364|[silent]
|turn|5
|
|switch|p1a: Klefki|Klefki, M|317\/317
|-damage|p1a: Klefki|298\/317|[from] Stealth Rock
|move|p2a: Venusaur|Giga Drain|p1a: Klefki
|-resisted|p1a: Klefki
|-damage|p1a: Klefki|237\/317
|-heal|p2a: Venusaur|343\/364|[from] drain|[of] p1a: Klefki
|
|turn|6
|
|switch|p2a: Clefable|Clefable, F|394\/394
|move|p1a: Klefki|Light Screen|p1a: Klefki
|-sidestart|p1: qqqqw|move: Light Screen
|
|turn|7
|
|move|p1a: Klefki|Thunder Wave|p2a: Clefable
|-status|p2a: Clefable|par
|move|p2a: Clefable|Calm Mind|p2a: Clefable
|-boost|p2a: Clefable|spa|1
|-boost|p2a: Clefable|spd|1
|
|turn|8
|
|switch|p1a: Bisharp|Bisharp, F|254\/311
|-damage|p1a: Bisharp|235\/311|[from] Stealth Rock
|move|p2a: Clefable|Calm Mind|p2a: Clefable
|-boost|p2a: Clefable|spa|1
|-boost|p2a: Clefable|spd|1
|
|turn|9
|
|switch|p2a: Rotom-Wash|Rotom-Wash|241\/241
|move|p1a: Bisharp|Iron Head|p2a: Rotom-Wash
|-resisted|p2a: Rotom-Wash
|-damage|p2a: Rotom-Wash|207\/241
|
|turn|10
|
|switch|p1a: Serperior|Serperior, F|291\/291
|-damage|p1a: Serperior|255\/291|[from] Stealth Rock
|move|p2a: Rotom-Wash|Trick|p1a: Serperior
|-activate|p2a: Rotom-Wash|move: Trick|[of] p1a: Serperior
|-item|p1a: Serperior|Choice Scarf|[from] move: Trick
|-item|p2a: Rotom-Wash|Leftovers|[from] move: Trick
|
|-heal|p2a: Rotom-Wash|222\/241|[from] item: Leftovers
|turn|11
|
|switch|p2a: Venusaur|Venusaur-Mega, F|343\/364
|move|p1a: Serperior|Leaf Storm|p2a: Venusaur
|-resisted|p2a: Venusaur
|-damage|p2a: Venusaur|315\/364
|-boost|p1a: Serperior|spa|2
|
|turn|12
|
|move|p1a: Serperior|Leaf Storm|p2a: Venusaur
|-resisted|p2a: Venusaur
|-damage|p2a: Venusaur|255\/364
|-boost|p1a: Serperior|spa|2
|move|p2a: Venusaur|Leech Seed|p1a: Serperior
|-immune|p1a: Serperior|[msg]
|
|turn|13
|
|move|p1a: Serperior|Leaf Storm|p2a: Venusaur
|-resisted|p2a: Venusaur
|-damage|p2a: Venusaur|156\/364
|-boost|p1a: Serperior|spa|2
|move|p2a: Venusaur|Sludge Bomb|p1a: Serperior
|-supereffective|p1a: Serperior
|-damage|p1a: Serperior|129\/291
|
|-sideend|p1: qqqqw|move: Light Screen
|turn|14
|
|move|p1a: Serperior|Leaf Storm|p2a: Venusaur
|-resisted|p2a: Venusaur
|-damage|p2a: Venusaur|37\/364
|move|p2a: Venusaur|Synthesis|p2a: Venusaur
|-heal|p2a: Venusaur|219\/364
|
|turn|15
|
|move|p1a: Serperior|Leaf Storm|p2a: Venusaur
|-resisted|p2a: Venusaur
|-damage|p2a: Venusaur|105\/364
|move|p2a: Venusaur|Synthesis|p2a: Venusaur
|-heal|p2a: Venusaur|287\/364
|
|turn|16
|
|move|p1a: Serperior|Leaf Storm|p2a: Venusaur
|-resisted|p2a: Venusaur
|-damage|p2a: Venusaur|156\/364
|move|p2a: Venusaur|Synthesis|p2a: Venusaur
|-heal|p2a: Venusaur|338\/364
|
|turn|17
|
|move|p1a: Serperior|Leaf Storm|p2a: Venusaur
|-resisted|p2a: Venusaur
|-damage|p2a: Venusaur|204\/364
|move|p2a: Venusaur|Sludge Bomb|p1a: Serperior
|-supereffective|p1a: Serperior
|-damage|p1a: Serperior|0 fnt
|faint|p1a: Serperior
|
|
|switch|p1a: Klefki|Klefki, M|237\/317
|-damage|p1a: Klefki|218\/317|[from] Stealth Rock
|turn|18
|-message|qqqqw forfeited.
|leave|qqqqw
|
|win|DutyFree
|raw|Ladder updating...
|player|p1
|raw|qqqqw's rating: 1293 &rarr; <strong>1269<\/strong><br \/>(-24 for losing)
|raw|DutyFree's rating: 1305 &rarr; <strong>1324<\/strong><br \/>(+19 for winning)