|join|qqqqw
|join|Lylien
|player|p1|qqqqw|52
|player|p2|Lylien|266
|gametype|singles
|gen|6
|tier|OU
|rated
|clearpoke
|poke|p1|Absol, M
|poke|p1|Azumarill, F
|poke|p1|Breloom, M
|poke|p1|Garchomp, M
|poke|p1|Gardevoir, M
|poke|p1|Ditto
|poke|p2|Slowbro, M
|poke|p2|Bisharp, F
|poke|p2|Sylveon, M
|poke|p2|Rotom-Wash
|poke|p2|Tornadus-Therian, M
|poke|p2|Garchomp, M
|rule|Swagger Clause: Swagger is banned
|rule|Baton Pass Clause: Limit one PokÃ©mon knowing Baton Pass
|rule|Sleep Clause Mod: Limit one foe put to sleep
|rule|Species Clause: Limit one of each PokÃ©mon
|rule|OHKO Clause: OHKO moves are banned
|rule|Moody Clause: Moody is banned
|rule|Evasion Moves Clause: Evasion moves are banned
|rule|Endless Battle Clause: Forcing endless battles is banned
|rule|HP Percentage Mod: HP is shown in percentages
|teampreview
|
|start
|switch|p1a: Absol|Absol, M|271\/271
|switch|p2a: Tornadus-Therian|Tornadus-Therian, M|331\/331
|-ability|p1a: Absol|Pressure
|turn|1
|
|detailschange|p1a: Absol|Absol-Mega, M
|-mega|p1a: Absol|Absol|Absolite
|move|p1a: Absol|Protect|p1a: Absol
|-singleturn|p1a: Absol|Protect
|move|p2a: Tornadus-Therian|Superpower|p1a: Absol
|-activate|p1a: Absol|Protect
|
|turn|2
|
|switch|p1a: Garchomp|Garchomp, M|420\/420
|move|p2a: Tornadus-Therian|Knock Off|p1a: Garchomp
|-damage|p1a: Garchomp|330\/420
|-damage|p2a: Tornadus-Therian|290\/331|[from] ability: Rough Skin|[of] p1a: Garchomp
|-damage|p2a: Tornadus-Therian|235\/331|[from] item: Rocky Helmet|[of] p1a: Garchomp
|-enditem|p1a: Garchomp|Rocky Helmet|[from] move: Knock Off|[of] p2a: Tornadus-Therian
|
|turn|3
|
|switch|p1a: Azumarill|Azumarill, F|403\/403
|move|p2a: Tornadus-Therian|U-turn|p1a: Azumarill
|-resisted|p1a: Azumarill
|-damage|p1a: Azumarill|362\/403
|
|switch|p2a: Slowbro|Slowbro, M|394\/394
|
|turn|4
|
|move|p1a: Azumarill|Body Slam|p2a: Slowbro
|-damage|p2a: Slowbro|261\/394
|move|p2a: Slowbro|Calm Mind|p2a: Slowbro
|-boost|p2a: Slowbro|spa|1
|-boost|p2a: Slowbro|spd|1
|
|turn|5
|
|detailschange|p2a: Slowbro|Slowbro-Mega, M
|-mega|p2a: Slowbro|Slowbro|Slowbronite
|move|p1a: Azumarill|Body Slam|p2a: Slowbro
|-damage|p2a: Slowbro|168\/394
|-status|p2a: Slowbro|par
|cant|p2a: Slowbro|par
|
|turn|6
|
|switch|p1a: Absol|Absol-Mega, M|271\/271
|move|p2a: Slowbro|Rest|p2a: Slowbro
|-status|p2a: Slowbro|slp
|-heal|p2a: Slowbro|394\/394 slp|[silent]
|-status|p2a: Slowbro|slp|[from] move: Rest
|
|turn|7
|
|switch|p1a: Breloom|Breloom, M|262\/262
|cant|p2a: Slowbro|slp
|move|p2a: Slowbro|Sleep Talk|p2a: Slowbro
|move|p2a: Slowbro|Scald|p1a: Breloom|[from]Sleep Talk
|-crit|p1a: Breloom
|-resisted|p1a: Breloom
|-damage|p1a: Breloom|61\/262
|-status|p1a: Breloom|brn
|
|-damage|p1a: Breloom|29\/262 brn|[from] brn
|turn|8
|
|move|p1a: Breloom|Bullet Seed|p2a: Slowbro
|-supereffective|p2a: Slowbro
|-damage|p2a: Slowbro|358\/394 slp
|-supereffective|p2a: Slowbro
|-damage|p2a: Slowbro|326\/394 slp
|-hitcount|p2a: Slowbro|2
|cant|p2a: Slowbro|slp
|move|p2a: Slowbro|Sleep Talk|p2a: Slowbro
|move|p2a: Slowbro|Scald|p1a: Breloom|[from]Sleep Talk
|-resisted|p1a: Breloom
|-damage|p1a: Breloom|0 fnt
|faint|p1a: Breloom
|
|
|switch|p1a: Azumarill|Azumarill, F|362\/403
|turn|9
|
|move|p1a: Azumarill|Play Rough|p2a: Slowbro
|-damage|p2a: Slowbro|185\/394 slp
|-curestatus|p2a: Slowbro|slp
|move|p2a: Slowbro|Calm Mind|p2a: Slowbro
|-boost|p2a: Slowbro|spa|1
|-boost|p2a: Slowbro|spd|1
|
|turn|10
|
|move|p1a: Azumarill|Play Rough|p2a: Slowbro|[miss]
|-miss|p1a: Azumarill|p2a: Slowbro
|move|p2a: Slowbro|Rest|p2a: Slowbro
|-status|p2a: Slowbro|slp
|-heal|p2a: Slowbro|394\/394 slp|[silent]
|-status|p2a: Slowbro|slp|[from] move: Rest
|
|turn|11
|
|move|p1a: Azumarill|Play Rough|p2a: Slowbro
|-damage|p2a: Slowbro|247\/394 slp
|cant|p2a: Slowbro|slp
|move|p2a: Slowbro|Sleep Talk|p2a: Slowbro
|move|p2a: Slowbro|Rest|p2a: Slowbro|[from]Sleep Talk
|-fail|p2a: Slowbro
|
|turn|12
|
|move|p1a: Azumarill|Play Rough|p2a: Slowbro
|-damage|p2a: Slowbro|120\/394 slp
|cant|p2a: Slowbro|slp
|move|p2a: Slowbro|Sleep Talk|p2a: Slowbro
|move|p2a: Slowbro|Scald|p1a: Azumarill|[from]Sleep Talk
|-resisted|p1a: Azumarill
|-damage|p1a: Azumarill|226\/403
|
|turn|13
|
|switch|p2a: Rotom-Wash|Rotom-Wash|304\/304
|move|p1a: Azumarill|Play Rough|p2a: Rotom-Wash
|-damage|p2a: Rotom-Wash|12\/304
|
|turn|14
|
|switch|p1a: Garchomp|Garchomp, M|330\/420
|move|p2a: Rotom-Wash|Will-O-Wisp|p1a: Garchomp
|-status|p1a: Garchomp|brn
|
|-damage|p1a: Garchomp|278\/420 brn|[from] brn
|turn|15
|
|move|p1a: Garchomp|Stealth Rock|p2a: Rotom-Wash
|-sidestart|p2: Lylien|move: Stealth Rock
|move|p2a: Rotom-Wash|Rest|p2a: Rotom-Wash
|-status|p2a: Rotom-Wash|slp
|-heal|p2a: Rotom-Wash|304\/304 slp|[silent]
|-status|p2a: Rotom-Wash|slp|[from] move: Rest
|-enditem|p2a: Rotom-Wash|Chesto Berry|[eat]
|-curestatus|p2a: Rotom-Wash|slp
|
|-damage|p1a: Garchomp|226\/420 brn|[from] brn
|turn|16
|
|switch|p1a: Gardevoir|Gardevoir, M|330\/330
|-ability|p1a: Gardevoir|Levitate|[from] ability: Trace|[of] p2a: Rotom-Wash
|move|p2a: Rotom-Wash|Hydro Pump|p1a: Gardevoir
|-damage|p1a: Gardevoir|203\/330
|
|-heal|p1a: Gardevoir|223\/330|[from] item: Leftovers
|turn|17
|
|switch|p1a: Absol|Absol-Mega, M|271\/271
|move|p2a: Rotom-Wash|Volt Switch|p1a: Absol
|-damage|p1a: Absol|153\/271
|
|switch|p2a: Sylveon|Sylveon, M|394\/394
|-damage|p2a: Sylveon|345\/394|[from] Stealth Rock
|
|-heal|p2a: Sylveon|369\/394|[from] item: Leftovers
|turn|18
|
|move|p1a: Absol|Knock Off|p2a: Sylveon
|-resisted|p2a: Sylveon
|-damage|p2a: Sylveon|267\/394
|-enditem|p2a: Sylveon|Leftovers|[from] move: Knock Off|[of] p1a: Absol
|move|p2a: Sylveon|Heal Bell|p2a: Sylveon
|-cureteam|p2a: Sylveon|[from] move: HealBell
|
|turn|19
|
|switch|p1a: Azumarill|Azumarill, F|226\/403
|move|p2a: Sylveon|Wish|p2a: Sylveon
|
|turn|20
|
|move|p2a: Sylveon|Protect|p2a: Sylveon
|-singleturn|p2a: Sylveon|Protect
|move|p1a: Azumarill|Play Rough|p2a: Sylveon
|-activate|p2a: Sylveon|Protect
|
|-heal|p2a: Sylveon|394\/394|[from] move: Wish|[wisher] Sylveon
|turn|21
|
|move|p2a: Sylveon|Hyper Voice|p1a: Azumarill
|-damage|p1a: Azumarill|54\/403
|move|p1a: Azumarill|Play Rough|p2a: Sylveon
|-damage|p2a: Sylveon|0 fnt
|faint|p2a: Sylveon
|
|
|switch|p2a: Bisharp|Bisharp, F|272\/272
|-damage|p2a: Bisharp|255\/272|[from] Stealth Rock
|turn|22
|
|switch|p1a: Garchomp|Garchomp, M|226\/420 brn
|move|p2a: Bisharp|Iron Head|p1a: Garchomp
|-damage|p1a: Garchomp|38\/420 brn
|-damage|p2a: Bisharp|221\/272|[from] ability: Rough Skin|[of] p1a: Garchomp
|-damage|p2a: Bisharp|194\/272|[from] item: Life Orb
|
|-damage|p1a: Garchomp|0 fnt|[from] brn
|faint|p1a: Garchomp
|
|switch|p1a: Absol|Absol-Mega, M|153\/271
|turn|23
|
|switch|p2a: Garchomp|Garchomp, M|420\/420
|-damage|p2a: Garchomp|394\/420|[from] Stealth Rock
|move|p1a: Absol|Flamethrower|p2a: Garchomp
|-resisted|p2a: Garchomp
|-damage|p2a: Garchomp|333\/420
|
|turn|24
|
|move|p1a: Absol|Protect|p1a: Absol
|-singleturn|p1a: Absol|Protect
|move|p2a: Garchomp|Stealth Rock|p1a: Absol
|move|p1a: Absol|Stealth Rock|p2a: Garchomp|[from]Magic Bounce
|-fail|p2a: Garchomp
|
|turn|25
|
|move|p1a: Absol|Ice Beam|p2a: Garchomp
|-supereffective|p2a: Garchomp
|-damage|p2a: Garchomp|0 fnt
|faint|p2a: Garchomp
|
|
|switch|p2a: Tornadus-Therian|Tornadus-Therian, M|331\/331
|-damage|p2a: Tornadus-Therian|249\/331|[from] Stealth Rock
|turn|26
|
|move|p1a: Absol|Protect|p1a: Absol
|-singleturn|p1a: Absol|Protect
|move|p2a: Tornadus-Therian|U-turn|p1a: Absol
|-activate|p1a: Absol|Protect
|
|turn|27
|
|switch|p1a: Azumarill|Azumarill, F|54\/403
|move|p2a: Tornadus-Therian|Superpower|p1a: Azumarill
|-resisted|p1a: Azumarill
|-damage|p1a: Azumarill|0 fnt
|-unboost|p2a: Tornadus-Therian|atk|1
|-unboost|p2a: Tornadus-Therian|def|1
|faint|p1a: Azumarill
|
|
|switch|p1a: Gardevoir|Gardevoir, M|223\/330
|-ability|p1a: Gardevoir|Regenerator|[from] ability: Trace|[of] p2a: Tornadus-Therian
|turn|28
|
|switch|p2a: Rotom-Wash|Rotom-Wash|304\/304
|-damage|p2a: Rotom-Wash|266\/304|[from] Stealth Rock
|move|p1a: Gardevoir|Calm Mind|p1a: Gardevoir
|-boost|p1a: Gardevoir|spa|1
|-boost|p1a: Gardevoir|spd|1
|
|-heal|p1a: Gardevoir|243\/330|[from] item: Leftovers
|turn|29
|
|move|p1a: Gardevoir|Calm Mind|p1a: Gardevoir
|-boost|p1a: Gardevoir|spa|1
|-boost|p1a: Gardevoir|spd|1
|move|p2a: Rotom-Wash|Will-O-Wisp|p1a: Gardevoir
|-status|p1a: Gardevoir|brn
|
|-heal|p1a: Gardevoir|263\/330 brn|[from] item: Leftovers
|-damage|p1a: Gardevoir|222\/330 brn|[from] brn
|turn|30
|
|move|p1a: Gardevoir|Moonblast|p2a: Rotom-Wash
|-damage|p2a: Rotom-Wash|94\/304
|move|p2a: Rotom-Wash|Hydro Pump|p1a: Gardevoir
|-damage|p1a: Gardevoir|164\/330 brn
|
|-heal|p1a: Gardevoir|184\/330 brn|[from] item: Leftovers
|-damage|p1a: Gardevoir|143\/330 brn|[from] brn
|turn|31
|
|move|p1a: Gardevoir|Moonblast|p2a: Rotom-Wash
|-damage|p2a: Rotom-Wash|0 fnt
|faint|p2a: Rotom-Wash
|
|-heal|p1a: Gardevoir|163\/330 brn|[from] item: Leftovers
|-damage|p1a: Gardevoir|122\/330 brn|[from] brn
|
|switch|p2a: Bisharp|Bisharp, F|194\/272
|-damage|p2a: Bisharp|177\/272|[from] Stealth Rock
|turn|32
|
|switch|p1a: Ditto|Ditto|300\/300
|-transform|p1a: Ditto|p2a: Bisharp
|move|p2a: Bisharp|Sucker Punch|p1a: Ditto
|-fail|p1a: Ditto
|
|turn|33
|
|move|p1a: Ditto|Swords Dance|p1a: Ditto
|-boost|p1a: Ditto|atk|2
|move|p2a: Bisharp|Iron Head|p1a: Ditto
|-resisted|p1a: Ditto
|-damage|p1a: Ditto|206\/300
|-damage|p2a: Bisharp|150\/272|[from] item: Life Orb
|
|turn|34
|
|move|p1a: Ditto|Swords Dance|p1a: Ditto
|-boost|p1a: Ditto|atk|2
|move|p2a: Bisharp|Iron Head|p1a: Ditto
|-resisted|p1a: Ditto
|-damage|p1a: Ditto|114\/300
|-damage|p2a: Bisharp|123\/272|[from] item: Life Orb
|
|turn|35
|
|switch|p1a: Gardevoir|Gardevoir, M|232\/330 brn
|-ability|p1a: Gardevoir|Defiant|[from] ability: Trace|[of] p2a: Bisharp
|move|p2a: Bisharp|Sucker Punch|p1a: Gardevoir
|-fail|p1a: Gardevoir
|
|-heal|p1a: Gardevoir|252\/330 brn|[from] item: Leftovers
|-damage|p1a: Gardevoir|211\/330 brn|[from] brn
|turn|36
|
|switch|p1a: Ditto|Ditto|114\/300
|-transform|p1a: Ditto|p2a: Bisharp
|move|p2a: Bisharp|Sucker Punch|p1a: Ditto
|-fail|p1a: Ditto
|
|turn|37
|
|move|p1a: Ditto|Knock Off|p2a: Bisharp
|-resisted|p2a: Bisharp
|-damage|p2a: Bisharp|28\/272
|-enditem|p2a: Bisharp|Life Orb|[from] move: Knock Off|[of] p1a: Ditto
|move|p2a: Bisharp|Iron Head|p1a: Ditto
|-resisted|p1a: Ditto
|-damage|p1a: Ditto|38\/300
|
|turn|38
|
|switch|p2a: Tornadus-Therian|Tornadus-Therian, M|331\/331
|-damage|p2a: Tornadus-Therian|249\/331|[from] Stealth Rock
|move|p1a: Ditto|Knock Off|p2a: Tornadus-Therian
|-damage|p2a: Tornadus-Therian|0 fnt
|-enditem|p2a: Tornadus-Therian|Assault Vest|[from] move: Knock Off|[of] p1a: Ditto
|faint|p2a: Tornadus-Therian
|
|
|switch|p2a: Bisharp|Bisharp, F|28\/272
|-damage|p2a: Bisharp|11\/272|[from] Stealth Rock
|turn|39
|c|âLylien|choice and use sword dance ? lol
|
|switch|p1a: Gardevoir|Gardevoir, M|211\/330 brn
|-ability|p1a: Gardevoir|Defiant|[from] ability: Trace|[of] p2a: Bisharp
|move|p2a: Bisharp|Sucker Punch|p1a: Gardevoir
|-fail|p1a: Gardevoir
|
|-heal|p1a: Gardevoir|231\/330 brn|[from] item: Leftovers
|-damage|p1a: Gardevoir|190\/330 brn|[from] brn
|turn|40
|c|âqqqqw|hausdhuehw
|
|switch|p1a: Absol|Absol-Mega, M|153\/271
|move|p2a: Bisharp|Swords Dance|p2a: Bisharp
|-boost|p2a: Bisharp|atk|2
|
|turn|41
|
|move|p2a: Bisharp|Sucker Punch|p1a: Absol
|-resisted|p1a: Absol
|-damage|p1a: Absol|0 fnt
|faint|p1a: Absol
|
|
|switch|p1a: Ditto|Ditto|38\/300
|-transform|p1a: Ditto|p2a: Bisharp
|turn|42
|
|move|p1a: Ditto|Sucker Punch|p2a: Bisharp
|-resisted|p2a: Bisharp
|-damage|p2a: Bisharp|0 fnt
|faint|p2a: Bisharp
|
|
|switch|p2a: Slowbro|Slowbro-Mega, M|120\/394
|-damage|p2a: Slowbro|71\/394|[from] Stealth Rock
|turn|43
|
|switch|p1a: Gardevoir|Gardevoir, M|190\/330 brn
|-ability|p1a: Gardevoir|Shell Armor|[from] ability: Trace|[of] p2a: Slowbro
|move|p2a: Slowbro|Rest|p2a: Slowbro
|-status|p2a: Slowbro|slp
|-heal|p2a: Slowbro|394\/394 slp|[silent]
|-status|p2a: Slowbro|slp|[from] move: Rest
|
|-heal|p1a: Gardevoir|210\/330 brn|[from] item: Leftovers
|-damage|p1a: Gardevoir|169\/330 brn|[from] brn
|turn|44
|
|move|p1a: Gardevoir|Calm Mind|p1a: Gardevoir
|-boost|p1a: Gardevoir|spa|1
|-boost|p1a: Gardevoir|spd|1
|cant|p2a: Slowbro|slp
|move|p2a: Slowbro|Sleep Talk|p2a: Slowbro
|move|p2a: Slowbro|Calm Mind|p2a: Slowbro|[from]Sleep Talk
|-boost|p2a: Slowbro|spa|1
|-boost|p2a: Slowbro|spd|1
|
|-heal|p1a: Gardevoir|189\/330 brn|[from] item: Leftovers
|-damage|p1a: Gardevoir|148\/330 brn|[from] brn
|turn|45
|
|move|p1a: Gardevoir|Moonblast|p2a: Slowbro
|-damage|p2a: Slowbro|226\/394 slp
|cant|p2a: Slowbro|slp
|move|p2a: Slowbro|Sleep Talk|p2a: Slowbro
|move|p2a: Slowbro|Scald|p1a: Gardevoir|[from]Sleep Talk
|-damage|p1a: Gardevoir|34\/330 brn
|
|-heal|p1a: Gardevoir|54\/330 brn|[from] item: Leftovers
|-damage|p1a: Gardevoir|13\/330 brn|[from] brn
|turn|46
|
|move|p1a: Gardevoir|Moonblast|p2a: Slowbro
|-damage|p2a: Slowbro|73\/394 slp
|-curestatus|p2a: Slowbro|slp
|move|p2a: Slowbro|Rest|p2a: Slowbro
|-status|p2a: Slowbro|slp
|-heal|p2a: Slowbro|394\/394 slp|[silent]
|-status|p2a: Slowbro|slp|[from] move: Rest
|
|-heal|p1a: Gardevoir|33\/330 brn|[from] item: Leftovers
|-damage|p1a: Gardevoir|0 fnt|[from] brn
|faint|p1a: Gardevoir
|
|switch|p1a: Ditto|Ditto|38\/300
|-transform|p1a: Ditto|p2a: Slowbro
|turn|47
|
|move|p1a: Ditto|Scald|p2a: Slowbro
|-resisted|p2a: Slowbro
|-damage|p2a: Slowbro|321\/394 slp
|cant|p2a: Slowbro|slp
|move|p2a: Slowbro|Sleep Talk|p2a: Slowbro
|move|p2a: Slowbro|Rest|p2a: Slowbro|[from]Sleep Talk
|-fail|p2a: Slowbro
|
|turn|48
|
|move|p1a: Ditto|Scald|p2a: Slowbro
|-resisted|p2a: Slowbro
|-damage|p2a: Slowbro|252\/394 slp
|cant|p2a: Slowbro|slp
|move|p2a: Slowbro|Sleep Talk|p2a: Slowbro
|move|p2a: Slowbro|Scald|p1a: Ditto|[from]Sleep Talk
|-resisted|p1a: Ditto
|-damage|p1a: Ditto|0 fnt
|faint|p1a: Ditto
|
|win|Lylien
|raw|Ladder updating...
|c|âLylien|gg
|raw|qqqqw's rating: 1465 &rarr; <strong>1438<\/strong><br \/>(-27 for losing)
|raw|Lylien's rating: 1345 &rarr; <strong>1372<\/strong><br \/>(+27 for winning)