|join|ddt1673
|join|qqqqw
|player|p1|ddt1673|169
|player|p2|qqqqw|52
|gametype|singles
|gen|6
|tier|OU
|rated
|clearpoke
|poke|p1|Charizard, F
|poke|p1|Garchomp, F
|poke|p1|Bisharp, F
|poke|p1|Dragonite, F
|poke|p1|Serperior, M
|poke|p1|Latias, F
|poke|p2|Abomasnow, F
|poke|p2|Umbreon, M
|poke|p2|Cofagrigus, F
|poke|p2|Registeel
|poke|p2|Tentacruel, M
|poke|p2|Espeon, M
|rule|Swagger Clause: Swagger is banned
|rule|Baton Pass Clause: Limit one PokÃ©mon knowing Baton Pass
|rule|Sleep Clause Mod: Limit one foe put to sleep
|rule|Species Clause: Limit one of each PokÃ©mon
|rule|OHKO Clause: OHKO moves are banned
|rule|Moody Clause: Moody is banned
|rule|Evasion Moves Clause: Evasion moves are banned
|rule|Endless Battle Clause: Forcing endless battles is banned
|rule|HP Percentage Mod: HP is shown in percentages
|teampreview
|
|start
|switch|p1a: Garchomp|Garchomp, F|357\/357
|switch|p2a: Cofagrigus|Cofagrigus, F|320\/320
|turn|1
|
|move|p1a: Garchomp|Stealth Rock|p2a: Cofagrigus
|-sidestart|p2: qqqqw|move: Stealth Rock
|move|p2a: Cofagrigus|Will-O-Wisp|p1a: Garchomp
|-status|p1a: Garchomp|brn
|
|-damage|p1a: Garchomp|313\/357 brn|[from] brn
|turn|2
|
|move|p1a: Garchomp|Swords Dance|p1a: Garchomp
|-boost|p1a: Garchomp|atk|2
|move|p2a: Cofagrigus|Toxic Spikes|p1a: Garchomp
|-sidestart|p1: ddt1673|move: Toxic Spikes
|
|-damage|p1a: Garchomp|269\/357 brn|[from] brn
|turn|3
|
|move|p1a: Garchomp|Outrage|p2a: Cofagrigus
|-damage|p2a: Cofagrigus|193\/320
|-endability|p1a: Garchomp|roughskin|[from] Mummy
|-ability|p1a: Garchomp|Mummy|[from] Mummy
|move|p2a: Cofagrigus|Toxic Spikes|p1a: Garchomp
|-sidestart|p1: ddt1673|move: Toxic Spikes
|
|-damage|p1a: Garchomp|225\/357 brn|[from] brn
|turn|4
|
|move|p1a: Garchomp|Outrage|p2a: Cofagrigus
|-damage|p2a: Cofagrigus|84\/320
|move|p2a: Cofagrigus|Trick Room|p2a: Cofagrigus
|-fieldstart|move: Trick Room|[of] p2a: Cofagrigus
|
|-end|p1a: Garchomp|rampage
|-start|p1a: Garchomp|confusion
|-damage|p1a: Garchomp|181\/357 brn|[from] brn
|turn|5
|
|switch|p2a: Umbreon|Umbreon, M|394\/394
|-damage|p2a: Umbreon|345\/394|[from] Stealth Rock
|-activate|p1a: Garchomp|confusion
|-damage|p1a: Garchomp|128\/357 brn|[from] confusion
|
|-heal|p2a: Umbreon|369\/394|[from] item: Leftovers
|-damage|p1a: Garchomp|84\/357 brn|[from] brn
|turn|6
|
|move|p2a: Umbreon|Foul Play|p1a: Garchomp
|-damage|p1a: Garchomp|0 fnt
|-endability|p2a: Umbreon|synchronize|[from] Mummy
|-ability|p2a: Umbreon|Mummy|[from] Mummy
|faint|p1a: Garchomp
|
|-heal|p2a: Umbreon|393\/394|[from] item: Leftovers
|
|switch|p1a: Bisharp|Bisharp, F|271\/271
|turn|7
|
|switch|p2a: Cofagrigus|Cofagrigus, F|84\/320
|-damage|p2a: Cofagrigus|44\/320|[from] Stealth Rock
|move|p1a: Bisharp|Swords Dance|p1a: Bisharp
|-boost|p1a: Bisharp|atk|2
|
|turn|8
|
|switch|p1a: Latias|Latias, F|319\/319
|move|p2a: Cofagrigus|Will-O-Wisp|p1a: Latias|[miss]
|-miss|p2a: Cofagrigus|p1a: Latias
|
|-fieldend|move: Trick Room
|turn|9
|
|move|p1a: Latias|Hidden Power|p2a: Cofagrigus
|-damage|p2a: Cofagrigus|0 fnt
|-damage|p1a: Latias|288\/319|[from] item: Life Orb
|faint|p2a: Cofagrigus
|
|
|switch|p2a: Registeel|Registeel|364\/364
|-damage|p2a: Registeel|342\/364|[from] Stealth Rock
|turn|10
|
|move|p1a: Latias|Hidden Power|p2a: Registeel
|-supereffective|p2a: Registeel
|-damage|p2a: Registeel|256\/364
|-damage|p1a: Latias|257\/319|[from] item: Life Orb
|move|p2a: Registeel|Thunder Wave|p1a: Latias
|-status|p1a: Latias|par
|
|-heal|p2a: Registeel|278\/364|[from] item: Leftovers
|turn|11
|
|move|p2a: Registeel|Stealth Rock|p1a: Latias
|-sidestart|p1: ddt1673|move: Stealth Rock
|cant|p1a: Latias|par
|
|-heal|p2a: Registeel|300\/364|[from] item: Leftovers
|turn|12
|
|move|p2a: Registeel|Iron Head|p1a: Latias
|-damage|p1a: Latias|181\/319 par
|move|p1a: Latias|Defog|p2a: Registeel
|-fail|p2a: Registeel|unboost|[from] ability: Clear Body|[of] p2a: Registeel
|-sideend|p2: qqqqw|Stealth Rock|[from] move: Defog|[of] p2a: Registeel
|-sideend|p1: ddt1673|Toxic Spikes|[from] move: Defog|[of] p1a: Latias
|-sideend|p1: ddt1673|Stealth Rock|[from] move: Defog|[of] p1a: Latias
|
|-heal|p2a: Registeel|322\/364|[from] item: Leftovers
|turn|13
|
|switch|p1a: Serperior|Serperior, M|291\/291
|move|p2a: Registeel|Thunder Wave|p1a: Serperior
|-status|p1a: Serperior|par
|
|-heal|p2a: Registeel|344\/364|[from] item: Leftovers
|turn|14
|
|move|p2a: Registeel|Stealth Rock|p1a: Serperior
|-sidestart|p1: ddt1673|move: Stealth Rock
|move|p1a: Serperior|Leaf Storm|p2a: Registeel
|-resisted|p2a: Registeel
|-damage|p2a: Registeel|299\/364
|-boost|p1a: Serperior|spa|2
|
|-heal|p2a: Registeel|321\/364|[from] item: Leftovers
|turn|15
|
|move|p2a: Registeel|Iron Head|p1a: Serperior
|-damage|p1a: Serperior|212\/291 par
|cant|p1a: Serperior|flinch
|
|-heal|p2a: Registeel|343\/364|[from] item: Leftovers
|turn|16
|
|move|p2a: Registeel|Iron Head|p1a: Serperior
|-crit|p1a: Serperior
|-damage|p1a: Serperior|92\/291 par
|move|p1a: Serperior|Hidden Power|p2a: Registeel
|-supereffective|p2a: Registeel
|-damage|p2a: Registeel|239\/364
|
|-heal|p2a: Registeel|261\/364|[from] item: Leftovers
|turn|17
|
|switch|p1a: Latias|Latias, F|181\/319 par
|-damage|p1a: Latias|142\/319 par|[from] Stealth Rock
|move|p2a: Registeel|Iron Head|p1a: Latias
|-damage|p1a: Latias|58\/319 par
|
|-heal|p2a: Registeel|283\/364|[from] item: Leftovers
|turn|18
|
|move|p2a: Registeel|Iron Head|p1a: Latias
|-damage|p1a: Latias|0 fnt
|faint|p1a: Latias
|
|-heal|p2a: Registeel|305\/364|[from] item: Leftovers
|
|switch|p1a: Dragonite|Dragonite, F|323\/323
|-damage|p1a: Dragonite|243\/323|[from] Stealth Rock
|turn|19
|
|switch|p2a: Umbreon|Umbreon, M|393\/394
|move|p1a: Dragonite|Dragon Dance|p1a: Dragonite
|-boost|p1a: Dragonite|atk|1
|-boost|p1a: Dragonite|spe|1
|
|-heal|p2a: Umbreon|394\/394|[from] item: Leftovers
|turn|20
|
|move|p1a: Dragonite|Outrage|p2a: Umbreon
|-damage|p2a: Umbreon|163\/394
|move|p2a: Umbreon|Foul Play|p1a: Dragonite
|-damage|p1a: Dragonite|0 fnt
|faint|p1a: Dragonite
|
|-heal|p2a: Umbreon|187\/394|[from] item: Leftovers
|
|switch|p1a: Bisharp|Bisharp, F|271\/271
|-damage|p1a: Bisharp|255\/271|[from] Stealth Rock
|turn|21
|
|move|p1a: Bisharp|Swords Dance|p1a: Bisharp
|-boost|p1a: Bisharp|atk|2
|move|p2a: Umbreon|Foul Play|p1a: Bisharp
|-crit|p1a: Bisharp
|-resisted|p1a: Bisharp
|-damage|p1a: Bisharp|0 fnt
|faint|p1a: Bisharp
|
|-heal|p2a: Umbreon|211\/394|[from] item: Leftovers
|
|switch|p1a: Charizard|Charizard, F|333\/333
|-damage|p1a: Charizard|167\/333|[from] Stealth Rock
|turn|22
|
|move|p1a: Charizard|Roost|p1a: Charizard
|-heal|p1a: Charizard|333\/333
|move|p2a: Umbreon|Foul Play|p1a: Charizard
|-damage|p1a: Charizard|149\/333
|
|-heal|p2a: Umbreon|235\/394|[from] item: Leftovers
|turn|23
|
|detailschange|p1a: Charizard|Charizard-Mega-X, F
|-mega|p1a: Charizard|Charizard|Charizardite X
|move|p1a: Charizard|Roost|p1a: Charizard
|-heal|p1a: Charizard|316\/333
|move|p2a: Umbreon|Foul Play|p1a: Charizard
|-damage|p1a: Charizard|150\/333
|
|-heal|p2a: Umbreon|259\/394|[from] item: Leftovers
|turn|24
|
|move|p1a: Charizard|Dragon Claw|p2a: Umbreon
|-damage|p2a: Umbreon|121\/394
|move|p2a: Umbreon|Foul Play|p1a: Charizard
|-damage|p1a: Charizard|0 fnt
|faint|p1a: Charizard
|
|-heal|p2a: Umbreon|145\/394|[from] item: Leftovers
|c|âqqqqw|critical
|
|switch|p1a: Serperior|Serperior, M|92\/291 par
|-damage|p1a: Serperior|56\/291 par|[from] Stealth Rock
|turn|25
|-message|ddt1673 forfeited.
|
|win|qqqqw
|raw|Ladder updating...
|leave|ddt1673
|player|p1