|join|qqqqw
|join|RaiDays
|player|p1|qqqqw|244
|player|p2|RaiDays|216
|gametype|singles
|gen|6
|tier|OU
|rated
|clearpoke
|poke|p1|Aggron, F
|poke|p1|Latias, F
|poke|p1|Dusknoir, M
|poke|p1|Arcanine, M
|poke|p1|Ditto
|poke|p1|Slowbro, M
|poke|p2|Sylveon, F
|poke|p2|Bisharp, F
|poke|p2|Slowbro, F
|poke|p2|Landorus-Therian, M
|poke|p2|Lopunny, M
|poke|p2|Rotom-Wash
|rule|Swagger Clause: Swagger is banned
|rule|Baton Pass Clause: Limit one PokÃ©mon knowing Baton Pass
|rule|Sleep Clause Mod: Limit one foe put to sleep
|rule|Species Clause: Limit one of each PokÃ©mon
|rule|OHKO Clause: OHKO moves are banned
|rule|Moody Clause: Moody is banned
|rule|Evasion Moves Clause: Evasion moves are banned
|rule|Endless Battle Clause: Forcing endless battles is banned
|rule|HP Percentage Mod: HP is shown in percentages
|teampreview
|
|start
|switch|p1a: Arcanine|Arcanine, M|384\/384
|switch|p2a: Bisharp|Bisharp, F|272\/272
|turn|1
|
|move|p2a: Bisharp|Knock Off|p1a: Arcanine
|-damage|p1a: Arcanine|165\/384
|-enditem|p1a: Arcanine|Leftovers|[from] move: Knock Off|[of] p2a: Bisharp
|move|p1a: Arcanine|Will-O-Wisp|p2a: Bisharp
|-status|p2a: Bisharp|brn
|
|-damage|p2a: Bisharp|238\/272 brn|[from] brn
|turn|2
|
|move|p2a: Bisharp|Stealth Rock|p1a: Arcanine
|-sidestart|p1: qqqqw|move: Stealth Rock
|move|p1a: Arcanine|Morning Sun|p1a: Arcanine
|-heal|p1a: Arcanine|357\/384
|
|-damage|p2a: Bisharp|204\/272 brn|[from] brn
|turn|3
|
|move|p2a: Bisharp|Sucker Punch|p1a: Arcanine
|-damage|p1a: Arcanine|267\/384
|move|p1a: Arcanine|Iron Head|p2a: Bisharp
|-resisted|p2a: Bisharp
|-damage|p2a: Bisharp|168\/272 brn
|
|-damage|p2a: Bisharp|134\/272 brn|[from] brn
|turn|4
|
|move|p2a: Bisharp|Knock Off|p1a: Arcanine
|-damage|p1a: Arcanine|188\/384
|move|p1a: Arcanine|Will-O-Wisp|p2a: Bisharp
|-fail|p2a: Bisharp|brn
|
|-damage|p2a: Bisharp|100\/272 brn|[from] brn
|turn|5
|
|move|p2a: Bisharp|Knock Off|p1a: Arcanine
|-damage|p1a: Arcanine|119\/384
|move|p1a: Arcanine|Morning Sun|p1a: Arcanine
|-heal|p1a: Arcanine|311\/384
|
|-damage|p2a: Bisharp|66\/272 brn|[from] brn
|turn|6
|
|move|p2a: Bisharp|Knock Off|p1a: Arcanine
|-damage|p1a: Arcanine|241\/384
|move|p1a: Arcanine|Will-O-Wisp|p2a: Bisharp|[miss]
|-miss|p1a: Arcanine|p2a: Bisharp
|
|-damage|p2a: Bisharp|32\/272 brn|[from] brn
|turn|7
|
|move|p2a: Bisharp|Knock Off|p1a: Arcanine
|-damage|p1a: Arcanine|169\/384
|move|p1a: Arcanine|Morning Sun|p1a: Arcanine
|-heal|p1a: Arcanine|361\/384
|
|-damage|p2a: Bisharp|0 fnt|[from] brn
|faint|p2a: Bisharp
|
|switch|p2a: Landorus-Therian|Landorus-Therian, M|382\/382
|-ability|p2a: Landorus-Therian|Intimidate|[of] p1a: Arcanine
|-unboost|p1a: Arcanine|atk|1
|turn|8
|
|switch|p1a: Ditto|Ditto|300\/300
|-damage|p1a: Ditto|263\/300|[from] Stealth Rock
|-transform|p1a: Ditto|p2a: Landorus-Therian
|-ability|p1a: Ditto|Intimidate|[of] p2a: Landorus-Therian
|-unboost|p2a: Landorus-Therian|atk|1
|move|p2a: Landorus-Therian|U-turn|p1a: Ditto
|-resisted|p1a: Ditto
|-damage|p1a: Ditto|244\/300
|
|switch|p2a: Haydunn|Slowbro, F|394\/394
|
|turn|9
|
|move|p1a: Ditto|U-turn|p2a: Haydunn
|-supereffective|p2a: Haydunn
|-damage|p2a: Haydunn|298\/394
|
|switch|p1a: Latias|Latias, F|355\/355
|-damage|p1a: Latias|311\/355|[from] Stealth Rock
|move|p2a: Haydunn|Scald|p1a: Latias
|-resisted|p1a: Latias
|-damage|p1a: Latias|273\/355
|-status|p1a: Latias|brn
|
|-heal|p1a: Latias|295\/355 brn|[from] item: Leftovers
|-heal|p2a: Haydunn|322\/394|[from] item: Leftovers
|-damage|p1a: Latias|251\/355 brn|[from] brn
|turn|10
|
|switch|p2a: Sylveon|Sylveon, F|393\/393
|move|p1a: Latias|Toxic|p2a: Sylveon
|-status|p2a: Sylveon|tox
|
|-heal|p1a: Latias|273\/355 brn|[from] item: Leftovers
|-damage|p1a: Latias|229\/355 brn|[from] brn
|-damage|p2a: Sylveon|369\/393 tox|[from] psn
|turn|11
|
|switch|p1a: Aggron|Aggron, F|343\/343
|-damage|p1a: Aggron|322\/343|[from] Stealth Rock
|move|p2a: Sylveon|Hyper Voice|p1a: Aggron
|-resisted|p1a: Aggron
|-damage|p1a: Aggron|102\/343
|
|-damage|p2a: Sylveon|321\/393 tox|[from] psn
|turn|12
|
|detailschange|p1a: Aggron|Aggron-Mega, F
|-mega|p1a: Aggron|Aggron|Aggronite
|move|p2a: Sylveon|Hyper Voice|p1a: Aggron
|-resisted|p1a: Aggron
|-damage|p1a: Aggron|0 fnt
|faint|p1a: Aggron
|
|-damage|p2a: Sylveon|249\/393 tox|[from] psn
|
|switch|p1a: Dusknoir|Dusknoir, M|293\/293
|-damage|p1a: Dusknoir|257\/293|[from] Stealth Rock
|-item|p2a: Sylveon|Choice Specs|[from] ability: Frisk|[of] p1a: Dusknoir|[identify]
|turn|13
|
|move|p2a: Sylveon|Hyper Voice|p1a: Dusknoir
|-damage|p1a: Dusknoir|41\/293
|move|p1a: Dusknoir|Trick|p2a: Sylveon
|-activate|p1a: Dusknoir|move: Trick|[of] p2a: Sylveon
|-item|p2a: Sylveon|Choice Band|[from] move: Trick
|-item|p1a: Dusknoir|Choice Specs|[from] move: Trick
|
|-damage|p2a: Sylveon|153\/393 tox|[from] psn
|turn|14
|
|switch|p1a: Arcanine|Arcanine, M|361\/384
|-damage|p1a: Arcanine|265\/384|[from] Stealth Rock
|move|p2a: Sylveon|Hyper Voice|p1a: Arcanine
|-resisted|p1a: Arcanine
|-damage|p1a: Arcanine|186\/384
|
|-damage|p2a: Sylveon|33\/393 tox|[from] psn
|turn|15
|
|move|p1a: Arcanine|Morning Sun|p1a: Arcanine
|-heal|p1a: Arcanine|378\/384
|move|p2a: Sylveon|Hyper Voice|p1a: Arcanine
|-resisted|p1a: Arcanine
|-damage|p1a: Arcanine|291\/384
|
|-damage|p2a: Sylveon|0 fnt|[from] psn
|faint|p2a: Sylveon
|
|switch|p2a: Landorus-Therian|Landorus-Therian, M|382\/382
|-ability|p2a: Landorus-Therian|Intimidate|[of] p1a: Arcanine
|-unboost|p1a: Arcanine|atk|1
|turn|16
|
|move|p1a: Arcanine|Will-O-Wisp|p2a: Landorus-Therian
|-status|p2a: Landorus-Therian|brn
|move|p2a: Landorus-Therian|Rock Slide|p1a: Arcanine
|-supereffective|p1a: Arcanine
|-damage|p1a: Arcanine|189\/384
|
|-damage|p2a: Landorus-Therian|335\/382 brn|[from] brn
|turn|17
|
|move|p1a: Arcanine|Morning Sun|p1a: Arcanine
|-heal|p1a: Arcanine|381\/384
|move|p2a: Landorus-Therian|U-turn|p1a: Arcanine
|-resisted|p1a: Arcanine
|-damage|p1a: Arcanine|358\/384
|
|switch|p2a: Lopunny|Lopunny, M|272\/272
|
|turn|18
|
|switch|p1a: Slowbro|Slowbro, M|394\/394
|-damage|p1a: Slowbro|345\/394|[from] Stealth Rock
|detailschange|p2a: Lopunny|Lopunny-Mega, M
|-mega|p2a: Lopunny|Lopunny|Lopunnite
|move|p2a: Lopunny|Fake Out|p1a: Slowbro
|-damage|p1a: Slowbro|297\/394
|-damage|p2a: Lopunny|227\/272|[from] item: Rocky Helmet|[of] p1a: Slowbro
|
|turn|19
|
|switch|p2a: Rotom-Wash|Rotom-Wash|303\/303
|move|p1a: Slowbro|Calm Mind|p1a: Slowbro
|-boost|p1a: Slowbro|spa|1
|-boost|p1a: Slowbro|spd|1
|
|turn|20
|
|move|p2a: Rotom-Wash|Will-O-Wisp|p1a: Slowbro|[miss]
|-miss|p2a: Rotom-Wash|p1a: Slowbro
|move|p1a: Slowbro|Rest|p1a: Slowbro
|-status|p1a: Slowbro|slp
|-heal|p1a: Slowbro|394\/394 slp|[silent]
|-status|p1a: Slowbro|slp|[from] move: Rest
|
|turn|21
|
|move|p2a: Rotom-Wash|Will-O-Wisp|p1a: Slowbro
|-fail|p1a: Slowbro
|cant|p1a: Slowbro|slp
|move|p1a: Slowbro|Sleep Talk|p1a: Slowbro
|move|p1a: Slowbro|Calm Mind|p1a: Slowbro|[from]Sleep Talk
|-boost|p1a: Slowbro|spa|1
|-boost|p1a: Slowbro|spd|1
|
|turn|22
|
|move|p2a: Rotom-Wash|Will-O-Wisp|p1a: Slowbro
|-fail|p1a: Slowbro
|cant|p1a: Slowbro|slp
|move|p1a: Slowbro|Sleep Talk|p1a: Slowbro
|move|p1a: Slowbro|Scald|p2a: Rotom-Wash|[from]Sleep Talk
|-resisted|p2a: Rotom-Wash
|-damage|p2a: Rotom-Wash|210\/303
|
|-heal|p2a: Rotom-Wash|228\/303|[from] item: Leftovers
|turn|23
|
|move|p2a: Rotom-Wash|Volt Switch|p1a: Slowbro
|-supereffective|p1a: Slowbro
|-damage|p1a: Slowbro|292\/394 slp
|
|switch|p2a: Haydunn|Slowbro, F|394\/394
|-curestatus|p1a: Slowbro|slp
|move|p1a: Slowbro|Sleep Talk|p1a: Slowbro
|-fail|p1a: Slowbro
|
|turn|24
|
|move|p2a: Haydunn|Calm Mind|p2a: Haydunn
|-boost|p2a: Haydunn|spa|1
|-boost|p2a: Haydunn|spd|1
|move|p1a: Slowbro|Scald|p2a: Haydunn
|-resisted|p2a: Haydunn
|-damage|p2a: Haydunn|319\/394
|
|-heal|p2a: Haydunn|343\/394|[from] item: Leftovers
|turn|25
|
|move|p1a: Slowbro|Scald|p2a: Haydunn
|-resisted|p2a: Haydunn
|-damage|p2a: Haydunn|265\/394
|move|p2a: Haydunn|Thunder Wave|p1a: Slowbro
|-status|p1a: Slowbro|par
|
|-heal|p2a: Haydunn|289\/394|[from] item: Leftovers
|turn|26
|
|move|p2a: Haydunn|Calm Mind|p2a: Haydunn
|-boost|p2a: Haydunn|spa|1
|-boost|p2a: Haydunn|spd|1
|move|p1a: Slowbro|Scald|p2a: Haydunn
|-resisted|p2a: Haydunn
|-damage|p2a: Haydunn|232\/394
|
|-heal|p2a: Haydunn|256\/394|[from] item: Leftovers
|turn|27
|
|move|p2a: Haydunn|Calm Mind|p2a: Haydunn
|-boost|p2a: Haydunn|spa|1
|-boost|p2a: Haydunn|spd|1
|cant|p1a: Slowbro|par
|
|-heal|p2a: Haydunn|280\/394|[from] item: Leftovers
|turn|28
|
|move|p2a: Haydunn|Calm Mind|p2a: Haydunn
|-boost|p2a: Haydunn|spa|1
|-boost|p2a: Haydunn|spd|1
|move|p1a: Slowbro|Scald|p2a: Haydunn
|-resisted|p2a: Haydunn
|-damage|p2a: Haydunn|245\/394
|
|-heal|p2a: Haydunn|269\/394|[from] item: Leftovers
|turn|29
|
|move|p2a: Haydunn|Calm Mind|p2a: Haydunn
|-boost|p2a: Haydunn|spa|1
|-boost|p2a: Haydunn|spd|1
|move|p1a: Slowbro|Sleep Talk|p1a: Slowbro
|-fail|p1a: Slowbro
|
|-heal|p2a: Haydunn|293\/394|[from] item: Leftovers
|turn|30
|
|move|p2a: Haydunn|Calm Mind|p2a: Haydunn
|-boost|p2a: Haydunn|spa|1
|-boost|p2a: Haydunn|spd|1
|move|p1a: Slowbro|Rest|p1a: Slowbro
|-status|p1a: Slowbro|slp
|-heal|p1a: Slowbro|394\/394 slp|[silent]
|-status|p1a: Slowbro|slp|[from] move: Rest
|
|-heal|p2a: Haydunn|317\/394|[from] item: Leftovers
|turn|31
|
|cant|p1a: Slowbro|slp
|move|p1a: Slowbro|Sleep Talk|p1a: Slowbro
|move|p1a: Slowbro|Rest|p1a: Slowbro|[from]Sleep Talk
|-fail|p1a: Slowbro
|move|p2a: Haydunn|Scald|p1a: Slowbro
|-resisted|p1a: Slowbro
|-damage|p1a: Slowbro|283\/394 slp
|
|-heal|p2a: Haydunn|341\/394|[from] item: Leftovers
|turn|32
|
|cant|p1a: Slowbro|slp
|move|p1a: Slowbro|Sleep Talk|p1a: Slowbro
|move|p1a: Slowbro|Rest|p1a: Slowbro|[from]Sleep Talk
|-fail|p1a: Slowbro
|move|p2a: Haydunn|Scald|p1a: Slowbro
|-resisted|p1a: Slowbro
|-damage|p1a: Slowbro|172\/394 slp
|
|-heal|p2a: Haydunn|365\/394|[from] item: Leftovers
|turn|33
|
|move|p2a: Haydunn|Scald|p1a: Slowbro
|-resisted|p1a: Slowbro
|-damage|p1a: Slowbro|64\/394 slp
|-curestatus|p1a: Slowbro|slp
|move|p1a: Slowbro|Rest|p1a: Slowbro
|-status|p1a: Slowbro|slp
|-heal|p1a: Slowbro|394\/394 slp|[silent]
|-status|p1a: Slowbro|slp|[from] move: Rest
|
|-heal|p2a: Haydunn|389\/394|[from] item: Leftovers
|turn|34
|
|cant|p1a: Slowbro|slp
|move|p1a: Slowbro|Sleep Talk|p1a: Slowbro
|move|p1a: Slowbro|Rest|p1a: Slowbro|[from]Sleep Talk
|-fail|p1a: Slowbro
|move|p2a: Haydunn|Scald|p1a: Slowbro
|-resisted|p1a: Slowbro
|-damage|p1a: Slowbro|283\/394 slp
|
|-heal|p2a: Haydunn|394\/394|[from] item: Leftovers
|turn|35
|
|move|p2a: Haydunn|Scald|p1a: Slowbro
|-resisted|p1a: Slowbro
|-damage|p1a: Slowbro|160\/394 slp
|cant|p1a: Slowbro|slp
|move|p1a: Slowbro|Sleep Talk|p1a: Slowbro
|move|p1a: Slowbro|Rest|p1a: Slowbro|[from]Sleep Talk
|-fail|p1a: Slowbro
|
|turn|36
|c|âqqqqw|:(
|
|-curestatus|p1a: Slowbro|slp
|move|p1a: Slowbro|Rest|p1a: Slowbro
|-status|p1a: Slowbro|slp
|-heal|p1a: Slowbro|394\/394 slp|[silent]
|-status|p1a: Slowbro|slp|[from] move: Rest
|move|p2a: Haydunn|Scald|p1a: Slowbro
|-resisted|p1a: Slowbro
|-damage|p1a: Slowbro|286\/394 slp
|
|turn|37
|
|cant|p1a: Slowbro|slp
|move|p1a: Slowbro|Sleep Talk|p1a: Slowbro
|move|p1a: Slowbro|Scald|p2a: Haydunn|[from]Sleep Talk
|-resisted|p2a: Haydunn
|-damage|p2a: Haydunn|367\/394
|-status|p2a: Haydunn|brn
|move|p2a: Haydunn|Scald|p1a: Slowbro
|-resisted|p1a: Slowbro
|-damage|p1a: Slowbro|182\/394 slp
|
|-heal|p2a: Haydunn|391\/394 brn|[from] item: Leftovers
|-damage|p2a: Haydunn|342\/394 brn|[from] brn
|turn|38
|
|cant|p1a: Slowbro|slp
|move|p1a: Slowbro|Sleep Talk|p1a: Slowbro
|move|p1a: Slowbro|Scald|p2a: Haydunn|[from]Sleep Talk
|-resisted|p2a: Haydunn
|-damage|p2a: Haydunn|314\/394 brn
|move|p2a: Haydunn|Scald|p1a: Slowbro
|-resisted|p1a: Slowbro
|-damage|p1a: Slowbro|77\/394 slp
|
|-heal|p2a: Haydunn|338\/394 brn|[from] item: Leftovers
|-damage|p2a: Haydunn|289\/394 brn|[from] brn
|turn|39
|
|-curestatus|p1a: Slowbro|slp
|move|p1a: Slowbro|Rest|p1a: Slowbro
|-status|p1a: Slowbro|slp
|-heal|p1a: Slowbro|394\/394 slp|[silent]
|-status|p1a: Slowbro|slp|[from] move: Rest
|move|p2a: Haydunn|Scald|p1a: Slowbro
|-resisted|p1a: Slowbro
|-damage|p1a: Slowbro|278\/394 slp
|
|-heal|p2a: Haydunn|313\/394 brn|[from] item: Leftovers
|-damage|p2a: Haydunn|264\/394 brn|[from] brn
|turn|40
|
|cant|p1a: Slowbro|slp
|move|p1a: Slowbro|Sleep Talk|p1a: Slowbro
|move|p1a: Slowbro|Scald|p2a: Haydunn|[from]Sleep Talk
|-resisted|p2a: Haydunn
|-damage|p2a: Haydunn|234\/394 brn
|move|p2a: Haydunn|Scald|p1a: Slowbro
|-resisted|p1a: Slowbro
|-damage|p1a: Slowbro|162\/394 slp
|
|-heal|p2a: Haydunn|258\/394 brn|[from] item: Leftovers
|-damage|p2a: Haydunn|209\/394 brn|[from] brn
|turn|41
|
|move|p2a: Haydunn|Slack Off|p2a: Haydunn
|-heal|p2a: Haydunn|394\/394 brn
|cant|p1a: Slowbro|slp
|move|p1a: Slowbro|Sleep Talk|p1a: Slowbro
|move|p1a: Slowbro|Scald|p2a: Haydunn|[from]Sleep Talk
|-resisted|p2a: Haydunn
|-damage|p2a: Haydunn|368\/394 brn
|
|-heal|p2a: Haydunn|392\/394 brn|[from] item: Leftovers
|-damage|p2a: Haydunn|343\/394 brn|[from] brn
|turn|42
|
|move|p2a: Haydunn|Scald|p1a: Slowbro
|-resisted|p1a: Slowbro
|-damage|p1a: Slowbro|47\/394 slp
|-curestatus|p1a: Slowbro|slp
|move|p1a: Slowbro|Rest|p1a: Slowbro
|-status|p1a: Slowbro|slp
|-heal|p1a: Slowbro|394\/394 slp|[silent]
|-status|p1a: Slowbro|slp|[from] move: Rest
|
|-heal|p2a: Haydunn|367\/394 brn|[from] item: Leftovers
|-damage|p2a: Haydunn|318\/394 brn|[from] brn
|turn|43
|
|cant|p1a: Slowbro|slp
|move|p1a: Slowbro|Sleep Talk|p1a: Slowbro
|move|p1a: Slowbro|Calm Mind|p1a: Slowbro|[from]Sleep Talk
|-boost|p1a: Slowbro|spa|1
|-boost|p1a: Slowbro|spd|1
|move|p2a: Haydunn|Calm Mind|p2a: Haydunn
|-fail|p2a: Haydunn
|
|-heal|p2a: Haydunn|342\/394 brn|[from] item: Leftovers
|-damage|p2a: Haydunn|293\/394 brn|[from] brn
|turn|44
|
|move|p2a: Haydunn|Scald|p1a: Slowbro
|-resisted|p1a: Slowbro
|-damage|p1a: Slowbro|300\/394 slp
|cant|p1a: Slowbro|slp
|move|p1a: Slowbro|Sleep Talk|p1a: Slowbro
|move|p1a: Slowbro|Calm Mind|p1a: Slowbro|[from]Sleep Talk
|-boost|p1a: Slowbro|spa|1
|-boost|p1a: Slowbro|spd|1
|
|-heal|p2a: Haydunn|317\/394 brn|[from] item: Leftovers
|-damage|p2a: Haydunn|268\/394 brn|[from] brn
|turn|45
|
|-curestatus|p1a: Slowbro|slp
|move|p1a: Slowbro|Calm Mind|p1a: Slowbro
|-boost|p1a: Slowbro|spa|1
|-boost|p1a: Slowbro|spd|1
|move|p2a: Haydunn|Slack Off|p2a: Haydunn
|-heal|p2a: Haydunn|394\/394 brn
|
|-damage|p2a: Haydunn|345\/394 brn|[from] brn
|turn|46
|
|move|p1a: Slowbro|Calm Mind|p1a: Slowbro
|-boost|p1a: Slowbro|spa|1
|-boost|p1a: Slowbro|spd|1
|move|p2a: Haydunn|Scald|p1a: Slowbro
|-resisted|p1a: Slowbro
|-damage|p1a: Slowbro|240\/394
|-status|p1a: Slowbro|brn
|
|-heal|p2a: Haydunn|369\/394 brn|[from] item: Leftovers
|-damage|p1a: Slowbro|191\/394 brn|[from] brn
|-damage|p2a: Haydunn|320\/394 brn|[from] brn
|turn|47
|
|move|p2a: Haydunn|Scald|p1a: Slowbro
|-resisted|p1a: Slowbro
|-damage|p1a: Slowbro|137\/394 brn
|move|p1a: Slowbro|Rest|p1a: Slowbro
|-status|p1a: Slowbro|slp
|-heal|p1a: Slowbro|394\/394 slp|[silent]
|-status|p1a: Slowbro|slp|[from] move: Rest
|
|-heal|p2a: Haydunn|344\/394 brn|[from] item: Leftovers
|-damage|p2a: Haydunn|295\/394 brn|[from] brn
|turn|48
|
|move|p2a: Haydunn|Thunder Wave|p1a: Slowbro
|-fail|p1a: Slowbro
|cant|p1a: Slowbro|slp
|
|-heal|p2a: Haydunn|319\/394 brn|[from] item: Leftovers
|-damage|p2a: Haydunn|270\/394 brn|[from] brn
|turn|49
|
|cant|p1a: Slowbro|slp
|move|p2a: Haydunn|Slack Off|p2a: Haydunn
|-heal|p2a: Haydunn|394\/394 brn
|
|-damage|p2a: Haydunn|345\/394 brn|[from] brn
|turn|50
|
|move|p2a: Haydunn|Thunder Wave|p1a: Slowbro
|-fail|p1a: Slowbro
|-curestatus|p1a: Slowbro|slp
|move|p1a: Slowbro|Scald|p2a: Haydunn
|-resisted|p2a: Haydunn
|-damage|p2a: Haydunn|291\/394 brn
|
|-heal|p2a: Haydunn|315\/394 brn|[from] item: Leftovers
|-damage|p2a: Haydunn|266\/394 brn|[from] brn
|turn|51
|
|move|p1a: Slowbro|Scald|p2a: Haydunn
|-resisted|p2a: Haydunn
|-damage|p2a: Haydunn|211\/394 brn
|move|p2a: Haydunn|Scald|p1a: Slowbro
|-resisted|p1a: Slowbro
|-damage|p1a: Slowbro|338\/394
|
|-heal|p2a: Haydunn|235\/394 brn|[from] item: Leftovers
|-damage|p2a: Haydunn|186\/394 brn|[from] brn
|turn|52
|
|move|p1a: Slowbro|Scald|p2a: Haydunn
|-resisted|p2a: Haydunn
|-damage|p2a: Haydunn|126\/394 brn
|move|p2a: Haydunn|Scald|p1a: Slowbro
|-resisted|p1a: Slowbro
|-damage|p1a: Slowbro|281\/394
|
|-heal|p2a: Haydunn|150\/394 brn|[from] item: Leftovers
|-damage|p2a: Haydunn|101\/394 brn|[from] brn
|turn|53
|
|move|p1a: Slowbro|Scald|p2a: Haydunn
|-resisted|p2a: Haydunn
|-damage|p2a: Haydunn|49\/394 brn
|move|p2a: Haydunn|Slack Off|p2a: Haydunn
|-heal|p2a: Haydunn|246\/394 brn
|
|-heal|p2a: Haydunn|270\/394 brn|[from] item: Leftovers
|-damage|p2a: Haydunn|221\/394 brn|[from] brn
|turn|54
|
|move|p2a: Haydunn|Scald|p1a: Slowbro
|-resisted|p1a: Slowbro
|-damage|p1a: Slowbro|219\/394
|-status|p1a: Slowbro|brn
|move|p1a: Slowbro|Scald|p2a: Haydunn
|-resisted|p2a: Haydunn
|-damage|p2a: Haydunn|161\/394 brn
|
|-heal|p2a: Haydunn|185\/394 brn|[from] item: Leftovers
|-damage|p2a: Haydunn|136\/394 brn|[from] brn
|-damage|p1a: Slowbro|170\/394 brn|[from] brn
|turn|55
|
|move|p1a: Slowbro|Rest|p1a: Slowbro
|-status|p1a: Slowbro|slp
|-heal|p1a: Slowbro|394\/394 slp|[silent]
|-status|p1a: Slowbro|slp|[from] move: Rest
|move|p2a: Haydunn|Slack Off|p2a: Haydunn
|-heal|p2a: Haydunn|333\/394 brn
|
|-heal|p2a: Haydunn|357\/394 brn|[from] item: Leftovers
|-damage|p2a: Haydunn|308\/394 brn|[from] brn
|turn|56
|
|cant|p1a: Slowbro|slp
|move|p2a: Haydunn|Calm Mind|p2a: Haydunn
|-fail|p2a: Haydunn
|
|-heal|p2a: Haydunn|332\/394 brn|[from] item: Leftovers
|-damage|p2a: Haydunn|283\/394 brn|[from] brn
|turn|57
|
|move|p2a: Haydunn|Calm Mind|p2a: Haydunn
|-fail|p2a: Haydunn
|cant|p1a: Slowbro|slp
|
|-heal|p2a: Haydunn|307\/394 brn|[from] item: Leftovers
|-damage|p2a: Haydunn|258\/394 brn|[from] brn
|turn|58
|
|-curestatus|p1a: Slowbro|slp
|move|p1a: Slowbro|Scald|p2a: Haydunn
|-resisted|p2a: Haydunn
|-damage|p2a: Haydunn|198\/394 brn
|move|p2a: Haydunn|Slack Off|p2a: Haydunn
|-heal|p2a: Haydunn|394\/394 brn
|
|-damage|p2a: Haydunn|345\/394 brn|[from] brn
|turn|59
|
|move|p2a: Haydunn|Scald|p1a: Slowbro
|-resisted|p1a: Slowbro
|-damage|p1a: Slowbro|336\/394
|move|p1a: Slowbro|Scald|p2a: Haydunn
|-resisted|p2a: Haydunn
|-damage|p2a: Haydunn|291\/394 brn
|
|-heal|p2a: Haydunn|315\/394 brn|[from] item: Leftovers
|-damage|p2a: Haydunn|266\/394 brn|[from] brn
|turn|60
|
|move|p2a: Haydunn|Thunder Wave|p1a: Slowbro
|-status|p1a: Slowbro|par
|move|p1a: Slowbro|Scald|p2a: Haydunn
|-resisted|p2a: Haydunn
|-damage|p2a: Haydunn|209\/394 brn
|
|-heal|p2a: Haydunn|233\/394 brn|[from] item: Leftovers
|-damage|p2a: Haydunn|184\/394 brn|[from] brn
|turn|61
|
|move|p2a: Haydunn|Slack Off|p2a: Haydunn
|-heal|p2a: Haydunn|381\/394 brn
|cant|p1a: Slowbro|par
|
|-heal|p2a: Haydunn|394\/394 brn|[from] item: Leftovers
|-damage|p2a: Haydunn|345\/394 brn|[from] brn
|turn|62
|
|move|p2a: Haydunn|Scald|p1a: Slowbro
|-resisted|p1a: Slowbro
|-damage|p1a: Slowbro|280\/394 par
|cant|p1a: Slowbro|par
|
|-heal|p2a: Haydunn|369\/394 brn|[from] item: Leftovers
|-damage|p2a: Haydunn|320\/394 brn|[from] brn
|turn|63
|
|move|p2a: Haydunn|Scald|p1a: Slowbro
|-resisted|p1a: Slowbro
|-damage|p1a: Slowbro|224\/394 par
|move|p1a: Slowbro|Scald|p2a: Haydunn
|-resisted|p2a: Haydunn
|-damage|p2a: Haydunn|263\/394 brn
|
|-heal|p2a: Haydunn|287\/394 brn|[from] item: Leftovers
|-damage|p2a: Haydunn|238\/394 brn|[from] brn
|turn|64
|
|move|p2a: Haydunn|Calm Mind|p2a: Haydunn
|-fail|p2a: Haydunn
|move|p1a: Slowbro|Scald|p2a: Haydunn
|-resisted|p2a: Haydunn
|-damage|p2a: Haydunn|186\/394 brn
|
|-heal|p2a: Haydunn|210\/394 brn|[from] item: Leftovers
|-damage|p2a: Haydunn|161\/394 brn|[from] brn
|turn|65
|
|move|p2a: Haydunn|Slack Off|p2a: Haydunn
|-heal|p2a: Haydunn|358\/394 brn
|move|p1a: Slowbro|Scald|p2a: Haydunn
|-resisted|p2a: Haydunn
|-damage|p2a: Haydunn|303\/394 brn
|
|-heal|p2a: Haydunn|327\/394 brn|[from] item: Leftovers
|-damage|p2a: Haydunn|278\/394 brn|[from] brn
|turn|66
|
|move|p2a: Haydunn|Calm Mind|p2a: Haydunn
|-fail|p2a: Haydunn
|move|p1a: Slowbro|Scald|p2a: Haydunn
|-resisted|p2a: Haydunn
|-damage|p2a: Haydunn|227\/394 brn
|
|-heal|p2a: Haydunn|251\/394 brn|[from] item: Leftovers
|-damage|p2a: Haydunn|202\/394 brn|[from] brn
|turn|67
|
|move|p2a: Haydunn|Calm Mind|p2a: Haydunn
|-fail|p2a: Haydunn
|cant|p1a: Slowbro|par
|
|-heal|p2a: Haydunn|226\/394 brn|[from] item: Leftovers
|-damage|p2a: Haydunn|177\/394 brn|[from] brn
|turn|68
|
|move|p2a: Haydunn|Calm Mind|p2a: Haydunn
|-fail|p2a: Haydunn
|move|p1a: Slowbro|Calm Mind|p1a: Slowbro
|-fail|p1a: Slowbro
|
|-heal|p2a: Haydunn|201\/394 brn|[from] item: Leftovers
|-damage|p2a: Haydunn|152\/394 brn|[from] brn
|turn|69
|
|move|p2a: Haydunn|Slack Off|p2a: Haydunn
|-heal|p2a: Haydunn|349\/394 brn
|cant|p1a: Slowbro|par
|
|-heal|p2a: Haydunn|373\/394 brn|[from] item: Leftovers
|-damage|p2a: Haydunn|324\/394 brn|[from] brn
|turn|70
|
|move|p2a: Haydunn|Scald|p1a: Slowbro
|-resisted|p1a: Slowbro
|-damage|p1a: Slowbro|164\/394 par
|move|p1a: Slowbro|Calm Mind|p1a: Slowbro
|-fail|p1a: Slowbro
|
|-heal|p2a: Haydunn|348\/394 brn|[from] item: Leftovers
|-damage|p2a: Haydunn|299\/394 brn|[from] brn
|turn|71
|
|move|p2a: Haydunn|Scald|p1a: Slowbro
|-resisted|p1a: Slowbro
|-damage|p1a: Slowbro|106\/394 par
|move|p1a: Slowbro|Calm Mind|p1a: Slowbro
|-fail|p1a: Slowbro
|
|-heal|p2a: Haydunn|323\/394 brn|[from] item: Leftovers
|-damage|p2a: Haydunn|274\/394 brn|[from] brn
|turn|72
|
|move|p2a: Haydunn|Scald|p1a: Slowbro
|-resisted|p1a: Slowbro
|-damage|p1a: Slowbro|49\/394 par
|move|p1a: Slowbro|Rest|p1a: Slowbro
|-status|p1a: Slowbro|slp
|-heal|p1a: Slowbro|394\/394 slp|[silent]
|-status|p1a: Slowbro|slp|[from] move: Rest
|
|-heal|p2a: Haydunn|298\/394 brn|[from] item: Leftovers
|-damage|p2a: Haydunn|249\/394 brn|[from] brn
|turn|73
|
|cant|p1a: Slowbro|slp
|move|p2a: Haydunn|Slack Off|p2a: Haydunn
|-heal|p2a: Haydunn|394\/394 brn
|
|-damage|p2a: Haydunn|345\/394 brn|[from] brn
|turn|74
|
|switch|p2a: Rotom-Wash|Rotom-Wash|228\/303
|cant|p1a: Slowbro|slp
|
|-heal|p2a: Rotom-Wash|246\/303|[from] item: Leftovers
|turn|75
|
|move|p2a: Rotom-Wash|Volt Switch|p1a: Slowbro
|-supereffective|p1a: Slowbro
|-damage|p1a: Slowbro|340\/394 slp
|
|switch|p2a: Haydunn|Slowbro, F|394\/394 brn
|-curestatus|p1a: Slowbro|slp
|move|p1a: Slowbro|Sleep Talk|p1a: Slowbro
|-fail|p1a: Slowbro
|
|-damage|p2a: Haydunn|345\/394 brn|[from] brn
|turn|76
|
|move|p2a: Haydunn|Calm Mind|p2a: Haydunn
|-boost|p2a: Haydunn|spa|1
|-boost|p2a: Haydunn|spd|1
|move|p1a: Slowbro|Scald|p2a: Haydunn
|-resisted|p2a: Haydunn
|-damage|p2a: Haydunn|188\/394 brn
|
|-heal|p2a: Haydunn|212\/394 brn|[from] item: Leftovers
|-damage|p2a: Haydunn|163\/394 brn|[from] brn
|turn|77
|
|move|p2a: Haydunn|Slack Off|p2a: Haydunn
|-heal|p2a: Haydunn|360\/394 brn
|move|p1a: Slowbro|Scald|p2a: Haydunn
|-resisted|p2a: Haydunn
|-damage|p2a: Haydunn|214\/394 brn
|
|-heal|p2a: Haydunn|238\/394 brn|[from] item: Leftovers
|-damage|p2a: Haydunn|189\/394 brn|[from] brn
|turn|78
|
|move|p2a: Haydunn|Calm Mind|p2a: Haydunn
|-boost|p2a: Haydunn|spa|1
|-boost|p2a: Haydunn|spd|1
|move|p1a: Slowbro|Scald|p2a: Haydunn
|-resisted|p2a: Haydunn
|-damage|p2a: Haydunn|80\/394 brn
|
|-heal|p2a: Haydunn|104\/394 brn|[from] item: Leftovers
|-damage|p2a: Haydunn|55\/394 brn|[from] brn
|turn|79
|
|move|p2a: Haydunn|Slack Off|p2a: Haydunn
|-heal|p2a: Haydunn|252\/394 brn
|move|p1a: Slowbro|Scald|p2a: Haydunn
|-resisted|p2a: Haydunn
|-damage|p2a: Haydunn|149\/394 brn
|
|-heal|p2a: Haydunn|173\/394 brn|[from] item: Leftovers
|-damage|p2a: Haydunn|124\/394 brn|[from] brn
|turn|80
|
|move|p1a: Slowbro|Scald|p2a: Haydunn
|-resisted|p2a: Haydunn
|-damage|p2a: Haydunn|15\/394 brn
|move|p2a: Haydunn|Slack Off|p2a: Haydunn
|-heal|p2a: Haydunn|212\/394 brn
|
|-heal|p2a: Haydunn|236\/394 brn|[from] item: Leftovers
|-damage|p2a: Haydunn|187\/394 brn|[from] brn
|turn|81
|
|move|p2a: Haydunn|Slack Off|p2a: Haydunn
|-heal|p2a: Haydunn|384\/394 brn
|move|p1a: Slowbro|Scald|p2a: Haydunn
|-resisted|p2a: Haydunn
|-damage|p2a: Haydunn|275\/394 brn
|
|-heal|p2a: Haydunn|299\/394 brn|[from] item: Leftovers
|-damage|p2a: Haydunn|250\/394 brn|[from] brn
|turn|82
|
|move|p2a: Haydunn|Calm Mind|p2a: Haydunn
|-boost|p2a: Haydunn|spa|1
|-boost|p2a: Haydunn|spd|1
|move|p1a: Slowbro|Calm Mind|p1a: Slowbro
|-fail|p1a: Slowbro
|
|-heal|p2a: Haydunn|274\/394 brn|[from] item: Leftovers
|-damage|p2a: Haydunn|225\/394 brn|[from] brn
|turn|83
|
|move|p1a: Slowbro|Rest|p1a: Slowbro
|-status|p1a: Slowbro|slp
|-heal|p1a: Slowbro|394\/394 slp|[silent]
|-status|p1a: Slowbro|slp|[from] move: Rest
|move|p2a: Haydunn|Calm Mind|p2a: Haydunn
|-boost|p2a: Haydunn|spa|1
|-boost|p2a: Haydunn|spd|1
|
|-heal|p2a: Haydunn|249\/394 brn|[from] item: Leftovers
|-damage|p2a: Haydunn|200\/394 brn|[from] brn
|turn|84
|
|cant|p1a: Slowbro|slp
|move|p2a: Haydunn|Calm Mind|p2a: Haydunn
|-boost|p2a: Haydunn|spa|1
|-boost|p2a: Haydunn|spd|1
|
|-heal|p2a: Haydunn|224\/394 brn|[from] item: Leftovers
|-damage|p2a: Haydunn|175\/394 brn|[from] brn
|turn|85
|
|cant|p1a: Slowbro|slp
|move|p2a: Haydunn|Calm Mind|p2a: Haydunn
|-boost|p2a: Haydunn|spa|1
|-boost|p2a: Haydunn|spd|1
|
|-heal|p2a: Haydunn|199\/394 brn|[from] item: Leftovers
|-damage|p2a: Haydunn|150\/394 brn|[from] brn
|turn|86
|
|move|p2a: Haydunn|Slack Off|p2a: Haydunn
|-heal|p2a: Haydunn|347\/394 brn
|-curestatus|p1a: Slowbro|slp
|move|p1a: Slowbro|Calm Mind|p1a: Slowbro
|-fail|p1a: Slowbro
|
|-heal|p2a: Haydunn|371\/394 brn|[from] item: Leftovers
|-damage|p2a: Haydunn|322\/394 brn|[from] brn
|turn|87
|
|move|p2a: Haydunn|Thunder Wave|p1a: Slowbro
|-status|p1a: Slowbro|par
|move|p1a: Slowbro|Calm Mind|p1a: Slowbro
|-fail|p1a: Slowbro
|
|-heal|p2a: Haydunn|346\/394 brn|[from] item: Leftovers
|-damage|p2a: Haydunn|297\/394 brn|[from] brn
|turn|88
|
|switch|p2a: Rotom-Wash|Rotom-Wash|246\/303
|move|p1a: Slowbro|Calm Mind|p1a: Slowbro
|-fail|p1a: Slowbro
|
|-heal|p2a: Rotom-Wash|264\/303|[from] item: Leftovers
|turn|89
|
|move|p2a: Rotom-Wash|Pain Split|p1a: Slowbro
|-sethp|p1a: Slowbro|329\/394 par|p2a: Rotom-Wash|303\/303|[from] move: Pain Split
|move|p1a: Slowbro|Rest|p1a: Slowbro
|-status|p1a: Slowbro|slp
|-heal|p1a: Slowbro|394\/394 slp|[silent]
|-status|p1a: Slowbro|slp|[from] move: Rest
|
|turn|90
|
|move|p2a: Rotom-Wash|Volt Switch|p1a: Slowbro
|-supereffective|p1a: Slowbro
|-damage|p1a: Slowbro|344\/394 slp
|
|switch|p2a: Haydunn|Slowbro, F|394\/394 brn
|cant|p1a: Slowbro|slp
|
|-damage|p2a: Haydunn|345\/394 brn|[from] brn
|turn|91
|
|move|p2a: Haydunn|Thunder Wave|p1a: Slowbro
|-fail|p1a: Slowbro
|cant|p1a: Slowbro|slp
|
|-heal|p2a: Haydunn|369\/394 brn|[from] item: Leftovers
|-damage|p2a: Haydunn|320\/394 brn|[from] brn
|turn|92
|
|-curestatus|p1a: Slowbro|slp
|move|p1a: Slowbro|Calm Mind|p1a: Slowbro
|-fail|p1a: Slowbro
|move|p2a: Haydunn|Calm Mind|p2a: Haydunn
|-boost|p2a: Haydunn|spa|1
|-boost|p2a: Haydunn|spd|1
|
|-heal|p2a: Haydunn|344\/394 brn|[from] item: Leftovers
|-damage|p2a: Haydunn|295\/394 brn|[from] brn
|turn|93
|
|move|p1a: Slowbro|Calm Mind|p1a: Slowbro
|-fail|p1a: Slowbro
|move|p2a: Haydunn|Thunder Wave|p1a: Slowbro
|-status|p1a: Slowbro|par
|
|-heal|p2a: Haydunn|319\/394 brn|[from] item: Leftovers
|-damage|p2a: Haydunn|270\/394 brn|[from] brn
|turn|94
|
|switch|p2a: Rotom-Wash|Rotom-Wash|303\/303
|cant|p1a: Slowbro|par
|
|turn|95
|
|move|p2a: Rotom-Wash|Volt Switch|p1a: Slowbro
|-supereffective|p1a: Slowbro
|-damage|p1a: Slowbro|290\/394 par
|
|switch|p2a: Lopunny|Lopunny-Mega, M|227\/272
|move|p1a: Slowbro|Calm Mind|p1a: Slowbro
|-fail|p1a: Slowbro
|
|turn|96
|
|move|p2a: Lopunny|Fake Out|p1a: Slowbro
|-damage|p1a: Slowbro|244\/394 par
|-damage|p2a: Lopunny|182\/272|[from] item: Rocky Helmet|[of] p1a: Slowbro
|cant|p1a: Slowbro|flinch
|
|turn|97
|
|switch|p2a: Landorus-Therian|Landorus-Therian, M|335\/382 brn
|-ability|p2a: Landorus-Therian|Intimidate|[of] p1a: Slowbro
|-unboost|p1a: Slowbro|atk|1
|move|p1a: Slowbro|Scald|p2a: Landorus-Therian
|-supereffective|p2a: Landorus-Therian
|-damage|p2a: Landorus-Therian|0 fnt
|faint|p2a: Landorus-Therian
|
|
|switch|p2a: Lopunny|Lopunny-Mega, M|182\/272
|turn|98
|
|move|p2a: Lopunny|Return|p1a: Slowbro
|-damage|p1a: Slowbro|112\/394 par
|-damage|p2a: Lopunny|137\/272|[from] item: Rocky Helmet|[of] p1a: Slowbro
|cant|p1a: Slowbro|par
|
|turn|99
|
|move|p2a: Lopunny|Return|p1a: Slowbro
|-damage|p1a: Slowbro|0 fnt
|-damage|p2a: Lopunny|92\/272|[from] item: Rocky Helmet|[of] p1a: Slowbro
|faint|p1a: Slowbro
|
|
|switch|p1a: Ditto|Ditto|244\/300
|-damage|p1a: Ditto|207\/300|[from] Stealth Rock
|-transform|p1a: Ditto|p2a: Lopunny
|turn|100
|
|switch|p2a: Haydunn|Slowbro, F|394\/394 brn
|move|p1a: Ditto|Return|p2a: Haydunn
|-damage|p2a: Haydunn|277\/394 brn
|
|-heal|p2a: Haydunn|301\/394 brn|[from] item: Leftovers
|-damage|p2a: Haydunn|252\/394 brn|[from] brn
|turn|101
|
|move|p1a: Ditto|Return|p2a: Haydunn
|-damage|p2a: Haydunn|117\/394 brn
|move|p2a: Haydunn|Thunder Wave|p1a: Ditto
|-status|p1a: Ditto|par
|
|-heal|p2a: Haydunn|141\/394 brn|[from] item: Leftovers
|-damage|p2a: Haydunn|92\/394 brn|[from] brn
|turn|102
|
|move|p1a: Ditto|Return|p2a: Haydunn
|-damage|p2a: Haydunn|0 fnt
|faint|p2a: Haydunn
|
|
|switch|p2a: Lopunny|Lopunny-Mega, M|92\/272
|turn|103
|
|move|p2a: Lopunny|Drain Punch|p1a: Ditto
|-supereffective|p1a: Ditto
|-damage|p1a: Ditto|0 fnt
|-heal|p2a: Lopunny|196\/272|[from] drain|[of] p1a: Ditto
|faint|p1a: Ditto
|
|
|switch|p1a: Arcanine|Arcanine, M|358\/384
|-damage|p1a: Arcanine|262\/384|[from] Stealth Rock
|turn|104
|
|switch|p2a: Rotom-Wash|Rotom-Wash|303\/303
|move|p1a: Arcanine|Snarl|p2a: Rotom-Wash
|-crit|p2a: Rotom-Wash
|-damage|p2a: Rotom-Wash|247\/303
|-unboost|p2a: Rotom-Wash|spa|1
|
|-heal|p2a: Rotom-Wash|265\/303|[from] item: Leftovers
|turn|105
|
|move|p1a: Arcanine|Snarl|p2a: Rotom-Wash
|-damage|p2a: Rotom-Wash|229\/303
|-unboost|p2a: Rotom-Wash|spa|1
|move|p2a: Rotom-Wash|Hydro Pump|p1a: Arcanine|[miss]
|-miss|p2a: Rotom-Wash|p1a: Arcanine
|
|-heal|p2a: Rotom-Wash|247\/303|[from] item: Leftovers
|turn|106
|
|move|p1a: Arcanine|Will-O-Wisp|p2a: Rotom-Wash|[miss]
|-miss|p1a: Arcanine|p2a: Rotom-Wash
|move|p2a: Rotom-Wash|Hydro Pump|p1a: Arcanine
|-supereffective|p1a: Arcanine
|-damage|p1a: Arcanine|154\/384
|
|-heal|p2a: Rotom-Wash|265\/303|[from] item: Leftovers
|turn|107
|
|move|p1a: Arcanine|Will-O-Wisp|p2a: Rotom-Wash
|-status|p2a: Rotom-Wash|brn
|move|p2a: Rotom-Wash|Hydro Pump|p1a: Arcanine
|-supereffective|p1a: Arcanine
|-damage|p1a: Arcanine|32\/384
|
|-heal|p2a: Rotom-Wash|283\/303 brn|[from] item: Leftovers
|-damage|p2a: Rotom-Wash|246\/303 brn|[from] brn
|turn|108
|
|move|p1a: Arcanine|Morning Sun|p1a: Arcanine
|-heal|p1a: Arcanine|224\/384
|move|p2a: Rotom-Wash|Hydro Pump|p1a: Arcanine
|-supereffective|p1a: Arcanine
|-damage|p1a: Arcanine|120\/384
|
|-heal|p2a: Rotom-Wash|264\/303 brn|[from] item: Leftovers
|-damage|p2a: Rotom-Wash|227\/303 brn|[from] brn
|turn|109
|
|move|p1a: Arcanine|Snarl|p2a: Rotom-Wash
|-damage|p2a: Rotom-Wash|190\/303 brn
|-unboost|p2a: Rotom-Wash|spa|1
|move|p2a: Rotom-Wash|Volt Switch|p1a: Arcanine
|-damage|p1a: Arcanine|90\/384
|
|switch|p2a: Lopunny|Lopunny-Mega, M|196\/272
|
|turn|110
|
|move|p2a: Lopunny|Fake Out|p1a: Arcanine
|-damage|p1a: Arcanine|0 fnt
|faint|p1a: Arcanine
|
|
|switch|p1a: Latias|Latias, F|229\/355 brn
|-damage|p1a: Latias|185\/355 brn|[from] Stealth Rock
|turn|111
|
|move|p2a: Lopunny|Return|p1a: Latias
|-damage|p1a: Latias|22\/355 brn
|move|p1a: Latias|Recover|p1a: Latias
|-heal|p1a: Latias|200\/355 brn
|
|-heal|p1a: Latias|222\/355 brn|[from] item: Leftovers
|-damage|p1a: Latias|178\/355 brn|[from] brn
|turn|112
|
|move|p2a: Lopunny|Return|p1a: Latias
|-damage|p1a: Latias|40\/355 brn
|move|p1a: Latias|Toxic|p2a: Lopunny
|-status|p2a: Lopunny|tox
|
|-heal|p1a: Latias|62\/355 brn|[from] item: Leftovers
|-damage|p2a: Lopunny|179\/272 tox|[from] psn
|-damage|p1a: Latias|18\/355 brn|[from] brn
|turn|113
|
|move|p2a: Lopunny|Ice Punch|p1a: Latias
|-crit|p1a: Latias
|-supereffective|p1a: Latias
|-damage|p1a: Latias|0 fnt
|faint|p1a: Latias
|
|-damage|p2a: Lopunny|145\/272 tox|[from] psn
|
|switch|p1a: Dusknoir|Dusknoir, M|41\/293
|-damage|p1a: Dusknoir|5\/293|[from] Stealth Rock
|-item|p2a: Lopunny|Lopunnite|[from] ability: Frisk|[of] p1a: Dusknoir|[identify]
|turn|114
|
|move|p1a: Dusknoir|Shadow Sneak|p2a: Lopunny
|-immune|p2a: Lopunny|[msg]
|move|p2a: Lopunny|Return|p1a: Dusknoir
|-damage|p1a: Dusknoir|0 fnt
|faint|p1a: Dusknoir
|
|win|RaiDays
|raw|Ladder updating...
|raw|qqqqw's rating: 1488 &rarr; <strong>1461<\/strong><br \/>(-27 for losing)
|raw|RaiDays's rating: 1358 &rarr; <strong>1385<\/strong><br \/>(+27 for winning)
|c|âRaiDays|gg