|join|Benis incarnate
|join|qqqqw
|player|p1|Benis incarnate|266
|player|p2|qqqqw|244
|gametype|singles
|gen|6
|tier|OU
|rated
|clearpoke
|poke|p1|Slowbro, M, shiny
|poke|p1|Wurmple, F
|poke|p1|Ferroseed, L1, F
|poke|p1|Shuckle, F
|poke|p1|Florges, F
|poke|p1|Slowking, F
|poke|p2|Hippowdon, M
|poke|p2|Gyarados, F
|poke|p2|Regice
|poke|p2|Tornadus-Therian, M
|poke|p2|Clefable, F
|poke|p2|Dragonite, F
|rule|Swagger Clause: Swagger is banned
|rule|Baton Pass Clause: Limit one PokÃ©mon knowing Baton Pass
|rule|Sleep Clause Mod: Limit one foe put to sleep
|rule|Species Clause: Limit one of each PokÃ©mon
|rule|OHKO Clause: OHKO moves are banned
|rule|Moody Clause: Moody is banned
|rule|Evasion Moves Clause: Evasion moves are banned
|rule|Endless Battle Clause: Forcing endless battles is banned
|rule|HP Percentage Mod: HP is shown in percentages
|teampreview
|c|âBenis incarnate|hello
|c|âBenis incarnate|:)
|join|NJimlmao
NJimlmao was promoted to Room Voice by Benis incarnate.
|join|Reese-kun
|join|PeachyPepper~
|join|BasedRed
|c|âBenis incarnate|reese why did you give me the flowre queen
|c| Reese-kun|because I like flowre queen
|join|The Newfag
|
|start
|switch|p1a: 2st meme|Ferroseed, L1, F|12\/12
|switch|p2a: Gyarados|Gyarados, F|343\/343
|-ability|p2a: Gyarados|Intimidate|[of] p1a: 2st meme
|-unboost|p1a: 2st meme|atk|1
|turn|1
|join|datwerg
|c|âBenis incarnate|stupid queen
|c| BasedRed|flowre queen best foliage y\/n
|c| PeachyPepper~|Ferroseed's animation is unsettling
|join|Specs Anorith
|c|âBenis incarnate|yuck this avatar
|c| datwerg|the model or the sprite
|
|move|p2a: Gyarados|Substitute|p2a: Gyarados
|-start|p2a: Gyarados|Substitute
|-damage|p2a: Gyarados|258\/343
|move|p1a: 2st meme|Endeavor|p2a: Gyarados
|-end|p2a: Gyarados|Substitute
|
|turn|2
|c| PeachyPepper~|Model
|c| datwerg|yeh
|c| Reese-kun|I swept a rain team with flowre queen once
|c| PeachyPepper~|Its BW sprite is fine
|c| Reese-kun|good times
|c| PeachyPepper~|Champ, Nate is a adorable
|join|metatran
|join|Unzips qt
|c| PeachyPepper~|Pls no change
|
|switch|p2a: Clefable|Clefable, F|390\/390
|move|p1a: 2st meme|Endeavor|p2a: Clefable
|-damage|p2a: Clefable|12\/390
|-damage|p1a: 2st meme|10\/12|[from] item: Rocky Helmet|[of] p2a: Clefable
|
|turn|3
|c|âBenis incarnate|i changed it ok
|c| PeachyPepper~|>Rocky Helm
|
|move|p2a: Clefable|Moonblast|p1a: 2st meme
|-resisted|p1a: 2st meme
|-damage|p1a: 2st meme|0 fnt
|faint|p1a: 2st meme
|
|c| BasedRed|>
|c|âBenis incarnate|OW
|
|switch|p1a: top meme|Wurmple, F|293\/293
|turn|4
|join|Akiii
|c| Reese-kun|kill with wurmplel
|c| Reese-kun|style points
|
|move|p2a: Clefable|Moonblast|p1a: top meme
|-damage|p1a: top meme|0 fnt
|faint|p1a: top meme
|
|c|âBenis incarnate|rop
|c| BasedRed|kill for evolve
|c| BasedRed|nvm
|c| Reese-kun|start setting up flowre imo
|
|switch|p1a: Flowre Queen|Florges, F|360\/360
|turn|5
|join|100and
|join|SmogonLiveStream
|
|move|p1a: Flowre Queen|Calm Mind|p1a: Flowre Queen
|-boost|p1a: Flowre Queen|spa|1
|-boost|p1a: Flowre Queen|spd|1
|move|p2a: Clefable|Moonblast|p1a: Flowre Queen
|-damage|p1a: Flowre Queen|284\/360
|
|-heal|p1a: Flowre Queen|306\/360|[from] item: Leftovers
|turn|6
|c| Unzips qt|champ you spelled flour wrong....
|
|move|p1a: Flowre Queen|Calm Mind|p1a: Flowre Queen
|-boost|p1a: Flowre Queen|spa|1
|-boost|p1a: Flowre Queen|spd|1
|move|p2a: Clefable|Wish|p2a: Clefable
|
|-heal|p1a: Flowre Queen|328\/360|[from] item: Leftovers
|turn|7
|c|âBenis incarnate|s-sorry
|
|move|p1a: Flowre Queen|Giga Drain|p2a: Clefable
|-damage|p2a: Clefable|0 fnt
|-heal|p1a: Flowre Queen|334\/360|[from] drain|[of] p2a: Clefable
|faint|p2a: Clefable
|
|-heal|p1a: Flowre Queen|356\/360|[from] item: Leftovers
|c| BasedRed|champ spelled flour wrong
|c| BasedRed|impeach
|c|âBenis incarnate|nice wish imo
|
|switch|p2a: Regice|Regice|364\/364
|turn|8
|c| Reese-kun|oh no, ice
|c| Unzips qt|he wished he wasnt dead
|c| BasedRed|oh no not an ice type
|
|move|p1a: Flowre Queen|Calm Mind|p1a: Flowre Queen
|-boost|p1a: Flowre Queen|spa|1
|-boost|p1a: Flowre Queen|spd|1
|move|p2a: Regice|Thunder Wave|p1a: Flowre Queen
|-status|p1a: Flowre Queen|par
|
|-heal|p1a: Flowre Queen|360\/360 par|[from] item: Leftovers
|turn|9
|c| Reese-kun|ice beats grass :^(
|join|Zeatgheist
|
|move|p2a: Regice|Ice Beam|p1a: Flowre Queen
|-damage|p1a: Flowre Queen|324\/360 par
|cant|p1a: Flowre Queen|par
|
|-heal|p1a: Flowre Queen|346\/360 par|[from] item: Leftovers
|turn|10
|c| BasedRed|:^)
|leave|Zeatgheist
|
|move|p2a: Regice|Ice Beam|p1a: Flowre Queen
|-damage|p1a: Flowre Queen|309\/360 par
|cant|p1a: Flowre Queen|par
|
|-heal|p1a: Flowre Queen|331\/360 par|[from] item: Leftovers
|turn|11
|c| BasedRed|u got triked
|
|move|p2a: Regice|Ice Beam|p1a: Flowre Queen
|-damage|p1a: Flowre Queen|297\/360 par
|move|p1a: Flowre Queen|Giga Drain|p2a: Regice
|-damage|p2a: Regice|267\/364
|-heal|p1a: Flowre Queen|346\/360 par|[from] drain|[of] p2a: Regice
|
|-heal|p1a: Flowre Queen|360\/360 par|[from] item: Leftovers
|turn|12
|
|move|p2a: Regice|Ice Beam|p1a: Flowre Queen
|-damage|p1a: Flowre Queen|327\/360 par
|move|p1a: Flowre Queen|Calm Mind|p1a: Flowre Queen
|-boost|p1a: Flowre Queen|spa|1
|-boost|p1a: Flowre Queen|spd|1
|
|-heal|p1a: Flowre Queen|349\/360 par|[from] item: Leftovers
|turn|13
|c| Reese-kun|do the meme, champ
|
|move|p2a: Regice|Ice Beam|p1a: Flowre Queen
|-damage|p1a: Flowre Queen|318\/360 par
|move|p1a: Flowre Queen|Calm Mind|p1a: Flowre Queen
|-boost|p1a: Flowre Queen|spa|1
|-boost|p1a: Flowre Queen|spd|1
|
|-heal|p1a: Flowre Queen|340\/360 par|[from] item: Leftovers
|turn|14
|c|âBenis incarnate|fine
|c| Reese-kun|you can balk nice beams all day
|c| BasedRed|eating it up
|
|switch|p2a: Dragonite|Dragonite, F|323\/323
|move|p1a: Flowre Queen|Camouflage|p1a: Flowre Queen
|-start|p1a: Flowre Queen|typechange|Normal
|
|-heal|p1a: Flowre Queen|360\/360 par|[from] item: Leftovers
|turn|15
|c|âBenis incarnate|what do
|c| BasedRed|kill
|join|lolsidkwhatimdoing
|c| BasedRed|somehow
|c| Akiii|and now its over
|c| Reese-kun|you needed grasse
|
|switch|p1a: Can't Buckle|Shuckle, F|244\/244
|move|p2a: Dragonite|Hurricane|p1a: Can't Buckle
|-damage|p1a: Can't Buckle|178\/244
|
|turn|16
|c| Akiii|PLS
|c| PeachyPepper~|Eh
|c|âBenis incarnate|>special
|c| Reese-kun|>switching
|c| Reese-kun|bls
|
|switch|p2a: Hippowdon|Hippowdon, M|420\/420
|move|p1a: Can't Buckle|Infestation|p2a: Hippowdon
|-damage|p2a: Hippowdon|411\/420
|-damage|p1a: Can't Buckle|138\/244|[from] item: Rocky Helmet|[of] p2a: Hippowdon
|-activate|p2a: Hippowdon|move: Infestation|[of] p1a: Can't Buckle
|
|-damage|p2a: Hippowdon|359\/420|[from] move: Infestation|[partiallytrapped]
|turn|17
|c|âqqqqw|HUHUHUHU
|c| Reese-kun|HUHUHUHU
|c| Unzips qt|HUHUHUHU
|c|âBenis incarnate|huhuuhu
|
|move|p2a: Hippowdon|Stealth Rock|p1a: Can't Buckle
|-sidestart|p1: Benis incarnate|move: Stealth Rock
|move|p1a: Can't Buckle|Shell Smash|p1a: Can't Buckle
|-unboost|p1a: Can't Buckle|atk|2
|-unboost|p1a: Can't Buckle|spa|2
|-unboost|p1a: Can't Buckle|spe|2
|-boost|p1a: Can't Buckle|def|1
|-boost|p1a: Can't Buckle|spd|1
|
|-damage|p2a: Hippowdon|307\/420|[from] move: Infestation|[partiallytrapped]
|turn|18
|c| 100and|HUHUHUHU
|c| BasedRed|>two helmets
|join|wee60
|c| BasedRed|item clause, get banned hacker
|
|move|p2a: Hippowdon|Yawn|p1a: Can't Buckle
|-start|p1a: Can't Buckle|move: Yawn|[of] p2a: Hippowdon
|move|p1a: Can't Buckle|Shell Smash|p1a: Can't Buckle
|-unboost|p1a: Can't Buckle|atk|2
|-unboost|p1a: Can't Buckle|spa|2
|-unboost|p1a: Can't Buckle|spe|2
|-boost|p1a: Can't Buckle|def|1
|-boost|p1a: Can't Buckle|spd|1
|
|-damage|p2a: Hippowdon|255\/420|[from] move: Infestation|[partiallytrapped]
|turn|19
|
|move|p2a: Hippowdon|Yawn|p1a: Can't Buckle
|-fail|p1a: Can't Buckle
|move|p1a: Can't Buckle|Rest|p1a: Can't Buckle
|-status|p1a: Can't Buckle|slp
|-heal|p1a: Can't Buckle|244\/244 slp|[silent]
|-status|p1a: Can't Buckle|slp|[from] move: Rest
|
|-damage|p2a: Hippowdon|203\/420|[from] move: Infestation|[partiallytrapped]
|turn|20
|
|move|p2a: Hippowdon|Earthquake|p1a: Can't Buckle
|-damage|p1a: Can't Buckle|217\/244 slp
|cant|p1a: Can't Buckle|slp
|move|p1a: Can't Buckle|Sleep Talk|p1a: Can't Buckle
|move|p1a: Can't Buckle|Infestation|p2a: Hippowdon|[from]Sleep Talk
|-damage|p2a: Hippowdon|200\/420
|-damage|p1a: Can't Buckle|177\/244 slp|[from] item: Rocky Helmet|[of] p2a: Hippowdon
|
|-end|p2a: Hippowdon|Infestation|[partiallytrapped]
|turn|21
|c| 100and|lol
|c| 100and|already sleepy
|
|switch|p2a: Gyarados|Gyarados, F|258\/343
|-ability|p2a: Gyarados|Intimidate|[of] p1a: Can't Buckle
|-boost|p1a: Can't Buckle|atk|1
|cant|p1a: Can't Buckle|slp
|move|p1a: Can't Buckle|Sleep Talk|p1a: Can't Buckle
|move|p1a: Can't Buckle|Shell Smash|p1a: Can't Buckle|[from]Sleep Talk
|-unboost|p1a: Can't Buckle|atk|2
|-unboost|p1a: Can't Buckle|spa|2
|-unboost|p1a: Can't Buckle|spe|2
|-boost|p1a: Can't Buckle|def|1
|-boost|p1a: Can't Buckle|spd|1
|
|turn|22
|
|move|p2a: Gyarados|Substitute|p2a: Gyarados
|-start|p2a: Gyarados|Substitute
|-damage|p2a: Gyarados|173\/343
|-curestatus|p1a: Can't Buckle|slp
|move|p1a: Can't Buckle|Infestation|p2a: Gyarados
|-resisted|p2a: Gyarados
|-activate|p2a: Gyarados|Substitute|[damage]
|
|turn|23
|c| PeachyPepper~|Yikes
|c|âBenis incarnate|o-oh
|join|flarezap
|c| Unzips qt|le dancing queen
|
|switch|p1a: Barney the Balk|Slowbro, M, shiny|393\/393
|-damage|p1a: Barney the Balk|344\/393|[from] Stealth Rock
|move|p2a: Gyarados|Dragon Dance|p2a: Gyarados
|-boost|p2a: Gyarados|atk|1
|-boost|p2a: Gyarados|spe|1
|
|turn|24
|
|detailschange|p2a: Gyarados|Gyarados-Mega, F
|-mega|p2a: Gyarados|Gyarados|Gyaradosite
|-ability|p2a: Gyarados|Mold Breaker
|detailschange|p1a: Barney the Balk|Slowbro-Mega, M, shiny
|-mega|p1a: Barney the Balk|Slowbro|Slowbronite
|move|p2a: Gyarados|Dragon Dance|p2a: Gyarados
|-boost|p2a: Gyarados|atk|1
|-boost|p2a: Gyarados|spe|1
|move|p1a: Barney the Balk|Iron Defense|p1a: Barney the Balk
|-boost|p1a: Barney the Balk|def|2
|
|turn|25
|c| Unzips qt|crunch inc
|c|âBenis incarnate|muh mold
|c| 100and|maybe we'll be okay
|
|move|p2a: Gyarados|Dragon Dance|p2a: Gyarados
|-boost|p2a: Gyarados|atk|1
|-boost|p2a: Gyarados|spe|1
|move|p1a: Barney the Balk|Iron Defense|p1a: Barney the Balk
|-boost|p1a: Barney the Balk|def|2
|
|turn|26
|join|DoomWillBefallAll
|c| PeachyPepper~|This is okay
|
|move|p2a: Gyarados|Dragon Dance|p2a: Gyarados
|-boost|p2a: Gyarados|atk|1
|-boost|p2a: Gyarados|spe|1
|move|p1a: Barney the Balk|Iron Defense|p1a: Barney the Balk
|-boost|p1a: Barney the Balk|def|2
|
|turn|27
|join|OrangeEggs
|
|move|p2a: Gyarados|Earthquake|p1a: Barney the Balk
|-damage|p1a: Barney the Balk|283\/393
|move|p1a: Barney the Balk|Scald|p2a: Gyarados
|-resisted|p2a: Gyarados
|-activate|p2a: Gyarados|Substitute|[damage]
|
|turn|28
|c| PeachyPepper~|Eh
|join|roseyraid
|c|âBenis incarnate|will the mold be broken??
|c| 100and|not stab
|join|SuperStrokes
|c| PeachyPepper~|No scald?
|c| Reese-kun|haha time for le crunching man
|
|move|p2a: Gyarados|Earthquake|p1a: Barney the Balk
|-damage|p1a: Barney the Balk|218\/393
|move|p1a: Barney the Balk|Scald|p2a: Gyarados
|-resisted|p2a: Gyarados
|-end|p2a: Gyarados|Substitute
|
|turn|29
|c| 100and|NOT STAB
|c| PeachyPepper~|Err
|c| PeachyPepper~|NoCrunch
|c| PeachyPepper~|Why
|
|move|p2a: Gyarados|Substitute|p2a: Gyarados
|-start|p2a: Gyarados|Substitute
|-damage|p2a: Gyarados|88\/343
|move|p1a: Barney the Balk|Scald|p2a: Gyarados
|-resisted|p2a: Gyarados
|-activate|p2a: Gyarados|Substitute|[damage]
|
|turn|30
|join|Avelinie
|
|move|p2a: Gyarados|Earthquake|p1a: Barney the Balk
|-damage|p1a: Barney the Balk|155\/393
|move|p1a: Barney the Balk|Scald|p2a: Gyarados
|-resisted|p2a: Gyarados
|-end|p2a: Gyarados|Substitute
|
|turn|31
|c| Unzips qt|is this guy fucking retarded
|c| Reese-kun|haha time for crits
|c| Reese-kun|haha time for crits
|
|switch|p2a: Hippowdon|Hippowdon, M|200\/420
|move|p1a: Barney the Balk|Scald|p2a: Hippowdon
|-supereffective|p2a: Hippowdon
|-damage|p2a: Hippowdon|0 fnt
|faint|p2a: Hippowdon
|
|c| PeachyPepper~|Champ, Mold Breaker bypasses shell Arm-
|c| Unzips qt|yeh
|c| PeachyPepper~|Okay
|c| Unzips qt|yeh
|
|switch|p2a: Dragonite|Dragonite, F|323\/323
|turn|32
|c| flarezap|lmao
|c| Unzips qt|he is
|c|âBenis incarnate|whew
|c| BasedRed|good switch
|
|move|p2a: Dragonite|Thunderbolt|p1a: Barney the Balk
|-supereffective|p1a: Barney the Balk
|-damage|p1a: Barney the Balk|13\/393
|move|p1a: Barney the Balk|Slack Off|p1a: Barney the Balk
|-heal|p1a: Barney the Balk|210\/393
|
|turn|33
|c| PeachyPepper~|Eep
|
|move|p2a: Dragonite|Thunderbolt|p1a: Barney the Balk
|-supereffective|p1a: Barney the Balk
|-damage|p1a: Barney the Balk|60\/393
|move|p1a: Barney the Balk|Slack Off|p1a: Barney the Balk
|-heal|p1a: Barney the Balk|257\/393
|
|turn|34
|c|âBenis incarnate|no para
|
|move|p2a: Dragonite|Thunderbolt|p1a: Barney the Balk
|-supereffective|p1a: Barney the Balk
|-damage|p1a: Barney the Balk|109\/393
|move|p1a: Barney the Balk|Amnesia|p1a: Barney the Balk
|-boost|p1a: Barney the Balk|spd|2
|
|turn|35
|c| flarezap|ded
|c| Reese-kun|champ you would have shreked his dragonite with flowre
|c| Reese-kun|jsyk
|
|switch|p2a: Regice|Regice|267\/364
|move|p1a: Barney the Balk|Slack Off|p1a: Barney the Balk
|-heal|p1a: Barney the Balk|306\/393
|
|turn|36
|
|move|p2a: Regice|Thunder Wave|p1a: Barney the Balk
|-status|p1a: Barney the Balk|par
|cant|p1a: Barney the Balk|par
|
|turn|37
|c|âBenis incarnate|para
|
|switch|p2a: Dragonite|Dragonite, F|323\/323
|cant|p1a: Barney the Balk|par
|
|turn|38
|c| PeachyPepper~|Well
|c| 100and|better outspeed slowbro!!!
|c| PeachyPepper~|It's a bit too late for that now
|
|move|p2a: Dragonite|Thunderbolt|p1a: Barney the Balk
|-supereffective|p1a: Barney the Balk
|-damage|p1a: Barney the Balk|228\/393 par
|move|p1a: Barney the Balk|Amnesia|p1a: Barney the Balk
|-boost|p1a: Barney the Balk|spd|2
|
|turn|39
|c| OrangeEggs|nice skill
|c| wee60|Champ why didn't you put leftovers on mega slowbro ya dum-dum!
|
|move|p2a: Dragonite|Thunderbolt|p1a: Barney the Balk
|-supereffective|p1a: Barney the Balk
|-damage|p1a: Barney the Balk|174\/393 par
|move|p1a: Barney the Balk|Amnesia|p1a: Barney the Balk
|-boost|p1a: Barney the Balk|spd|2
|
|turn|40
|c|âBenis incarnate|s-sorry
|
|move|p2a: Dragonite|Thunderbolt|p1a: Barney the Balk
|-supereffective|p1a: Barney the Balk
|-damage|p1a: Barney the Balk|138\/393 par
|cant|p1a: Barney the Balk|par
|
|turn|41
|
|move|p2a: Dragonite|Thunderbolt|p1a: Barney the Balk
|-supereffective|p1a: Barney the Balk
|-damage|p1a: Barney the Balk|100\/393 par
|move|p1a: Barney the Balk|Slack Off|p1a: Barney the Balk
|-heal|p1a: Barney the Balk|297\/393 par
|
|turn|42
|c|âBenis incarnate|do you think he'll crit?
|join|is this vaporwave
|c| 100and|y
|
|move|p2a: Dragonite|Thunderbolt|p1a: Barney the Balk
|-supereffective|p1a: Barney the Balk
|-damage|p1a: Barney the Balk|259\/393 par
|cant|p1a: Barney the Balk|par
|
|turn|43
|c| OrangeEggs|cut him some slack
|
|switch|p2a: Regice|Regice|267\/364
|move|p1a: Barney the Balk|Scald|p2a: Regice
|-damage|p2a: Regice|212\/364
|
|turn|44
|c| flarezap|off
|c| PeachyPepper~|Oy
|c| wee60|probably, better switch!
|c| is this vaporwave|xhemp any good tonite?
|c| OrangeEggs|nice burn chance
|c| Reese-kun|gyarados was his only hope
|
|move|p2a: Regice|Ice Beam|p1a: Barney the Balk
|-resisted|p1a: Barney the Balk
|-damage|p1a: Barney the Balk|247\/393 par
|cant|p1a: Barney the Balk|par
|
|turn|45
|c| PeachyPepper~|Champ what's your spread?
|c|âBenis incarnate|oh no frz chance
|c| BasedRed|all this para
|c| wee60|wew, thank god we didn't get frozen!
|c|âBenis incarnate|check bread
|c|+NJimlmao|CANT HARM THE BARN
|c| OrangeEggs|LET IT GOOOO
|
|move|p2a: Regice|Ice Beam|p1a: Barney the Balk
|-resisted|p1a: Barney the Balk
|-damage|p1a: Barney the Balk|235\/393 par
|move|p1a: Barney the Balk|Slack Off|p1a: Barney the Balk
|-heal|p1a: Barney the Balk|393\/393 par
|
|turn|46
|join|AlkanosTEST
|join|JustinBrett
|c| PeachyPepper~|Oh
|
|move|p2a: Regice|Rest|p2a: Regice
|-status|p2a: Regice|slp
|-heal|p2a: Regice|364\/364 slp|[silent]
|-status|p2a: Regice|slp|[from] move: Rest
|move|p1a: Barney the Balk|Scald|p2a: Regice
|-damage|p2a: Regice|315\/364 slp
|
|turn|47
|c| wee60|aww shit
|c|âBenis incarnate|o no
|c|âqqqqw|huahuahuaew
|c| PeachyPepper~|Well to the suggester, max SpAtk may be more beneficial
|c|âBenis incarnate|are you high
|c| OrangeEggs|br? br
|c| wee60|huehuehue br?
|c| 100and|br?
|c| BasedRed|>not being high
|c| wee60|gibe moni pls
|c| 100and|huehuehueuhe
|c| wee60|i report u
|c| PeachyPepper~|>not supporting a healthy lifestyle
|c| PeachyPepper~|Be cool, stay in school
|
|switch|p1a: bussy lips|Slowking, F|394\/394
|-damage|p1a: bussy lips|345\/394|[from] Stealth Rock
|cant|p2a: Regice|slp
|
|-heal|p1a: bussy lips|369\/394|[from] item: Leftovers
|turn|48
|c| 100and|guys
|c| BasedRed|>guys
|c| wee60|Education is important, but Pokemon is importanter
|leave|AlkanosTEST
|
|cant|p2a: Regice|slp
|move|p2a: Regice|Sleep Talk|p2a: Regice
|move|p2a: Regice|Thunder Wave|p1a: bussy lips|[from]Sleep Talk
|-status|p1a: bussy lips|par
|move|p1a: bussy lips|Belly Drum|p1a: bussy lips
|-damage|p1a: bussy lips|172\/394 par
|-setboost|p1a: bussy lips|atk|6|[from] move: Belly Drum
|
|-heal|p1a: bussy lips|196\/394 par|[from] item: Leftovers
|turn|49
|
|-curestatus|p2a: Regice|slp
|move|p2a: Regice|Ice Beam|p1a: bussy lips
|-crit|p1a: bussy lips
|-resisted|p1a: bussy lips
|-damage|p1a: bussy lips|112\/394 par
|move|p1a: bussy lips|Drain Punch|p2a: Regice
|-supereffective|p2a: Regice
|-damage|p2a: Regice|0 fnt
|-heal|p1a: bussy lips|270\/394 par|[from] drain|[of] p2a: Regice
|faint|p2a: Regice
|
|-heal|p1a: bussy lips|294\/394 par|[from] item: Leftovers
|c|+NJimlmao|first
|c|âBenis incarnate|pls
|c|+NJimlmao|we bang the drum
|c| PeachyPepper~|How come you didn't Sleep Talk the first time?
|c|+NJimlmao|then, we bang your mum
|c| PeachyPepper~|Yikes
|
|switch|p2a: Tornadus-Therian|Tornadus-Therian, M|319\/319
|turn|50
|
|move|p2a: Tornadus-Therian|Air Slash|p1a: bussy lips
|-damage|p1a: bussy lips|144\/394 par
|move|p1a: bussy lips|Ice Punch|p2a: Tornadus-Therian
|-supereffective|p2a: Tornadus-Therian
|-damage|p2a: Tornadus-Therian|0 fnt
|faint|p2a: Tornadus-Therian
|
|-heal|p1a: bussy lips|168\/394 par|[from] item: Leftovers
|c| 100and|LEL
|c| is this vaporwave|lel
|c|+NJimlmao|nice paraflinch
|
|switch|p2a: Dragonite|Dragonite, F|323\/323
|turn|51
|c| OrangeEggs|tfw no stall ball
|
|move|p2a: Dragonite|Hurricane|p1a: bussy lips
|-damage|p1a: bussy lips|8\/394 par
|move|p1a: bussy lips|Ice Punch|p2a: Dragonite
|-supereffective|p2a: Dragonite
|-damage|p2a: Dragonite|0 fnt
|faint|p2a: Dragonite
|
|-heal|p1a: bussy lips|32\/394 par|[from] item: Leftovers
|c| is this vaporwave|HUEHUAHUEHUAHUEHUAHUEHUA
|c|âBenis incarnate|ayy
|
|switch|p2a: Gyarados|Gyarados-Mega, F|88\/343
|-ability|p2a: Gyarados|Mold Breaker
|turn|52
|c| OrangeEggs|wew
|c| is this vaporwave|HUEHUAHUEHUAHUEHUAHUEHUA
|c| wee60|noice
|c|+NJimlmao|BALKED
|c| PeachyPepper~|No ParaFlinch nor ParaFusion
|c|âBenis incarnate|HUHUHUHU
|c| DoomWillBefallAll|pfff
|
|move|p2a: Gyarados|Dragon Dance|p2a: Gyarados
|-boost|p2a: Gyarados|atk|1
|-boost|p2a: Gyarados|spe|1
|move|p1a: bussy lips|Drain Punch|p2a: Gyarados
|-supereffective|p2a: Gyarados
|-damage|p2a: Gyarados|0 fnt
|-heal|p1a: bussy lips|76\/394 par|[from] drain|[of] p2a: Gyarados
|faint|p2a: Gyarados
|
|win|Benis incarnate
|raw|Ladder updating...
|raw|Benis incarnate's rating: 1287 &rarr; <strong>1319<\/strong><br \/>(+32 for winning)
|raw|qqqqw's rating: 1381 &rarr; <strong>1356<\/strong><br \/>(-25 for losing)
|c| PeachyPepper~|Eh
|c|âBenis incarnate|ayyyyyyyyyyyyyyyyyyyyyyyyyyyyyyyyyyyyyyyyyyyyyyyyyyyyyyyyyyyyyyyyyyyyyyyyyyyyy
|c| wee60|kek
|c| OrangeEggs|ayyyy
|c| is this vaporwave|HUEHUAHUEHUAHUEHUAHUEHUA
|c| is this vaporwave|HUEHUAHUEHUAHUEHUAHUEHUA
|c| is this vaporwave|HUEHUAHUEHUAHUEHUAHUEHUA
|c| is this vaporwave|HUEHUAHUEHUAHUEHUAHUEHUA
|c| is this vaporwave|HUEHUAHUEHUAHUEHUAHUEHUA
|c|âqqqqw|very nice
|c| 100and|wtf just happened
|leave|flarezap
|leave|BasedRed
|leave|qqqqw
|player|p2
|c|+NJimlmao|CHAMP U CAN CHANGE BARNEY A LITTLE IF U WANT DIFFERENT IVS OR REST INSTEAD OF SLACK OFF
|c| is this vaporwave|HUEHUAHUEHUAHUEHUAHUEHUA
|leave|metatran
|leave|100and
|c| OrangeEggs|wombo
|leave|OrangeEggs
|join|LysolJones
|leave|NJimlmao