|join|qqqqw
|join|anusplugger
|player|p1|qqqqw|52
|player|p2|anusplugger|170
|gametype|singles
|gen|6
|tier|OU (suspect test)
|rated
|clearpoke
|poke|p1|Absol, M
|poke|p1|Azumarill, M
|poke|p1|Breloom, M
|poke|p1|Garchomp, M
|poke|p1|Gardevoir, M
|poke|p1|Scizor, F
|poke|p2|Metagross
|poke|p2|Weavile, M
|poke|p2|Magnezone
|poke|p2|Landorus-Therian, M
|poke|p2|Latias, F
|poke|p2|Rotom-Wash
|rule|Swagger Clause: Swagger is banned
|rule|Baton Pass Clause: Limit one PokÃ©mon knowing Baton Pass
|rule|Sleep Clause Mod: Limit one foe put to sleep
|rule|Species Clause: Limit one of each PokÃ©mon
|rule|OHKO Clause: OHKO moves are banned
|rule|Moody Clause: Moody is banned
|rule|Evasion Moves Clause: Evasion moves are banned
|rule|Endless Battle Clause: Forcing endless battles is banned
|rule|HP Percentage Mod: HP is shown in percentages
|teampreview
|
|start
|switch|p1a: Absol|Absol, M|271\/271
|switch|p2a: Weavile|Weavile, M|281\/281
|-ability|p2a: Weavile|Pressure
|-ability|p1a: Absol|Pressure
|turn|1
|
|detailschange|p1a: Absol|Absol-Mega, M
|-mega|p1a: Absol|Absol|Absolite
|move|p1a: Absol|Protect|p1a: Absol
|-singleturn|p1a: Absol|Protect
|move|p2a: Weavile|Low Kick|p1a: Absol
|-activate|p1a: Absol|Protect
|
|turn|2
|
|switch|p1a: Garchomp|Garchomp, M|420\/420
|move|p2a: Weavile|Low Kick|p1a: Garchomp
|-damage|p1a: Garchomp|308\/420
|-damage|p2a: Weavile|246\/281|[from] ability: Rough Skin|[of] p1a: Garchomp
|-damage|p2a: Weavile|200\/281|[from] item: Rocky Helmet|[of] p1a: Garchomp
|-damage|p2a: Weavile|172\/281|[from] item: Life Orb
|
|turn|3
|
|switch|p1a: Scizor|Scizor, F|311\/311
|move|p2a: Weavile|Icicle Crash|p1a: Scizor
|-resisted|p1a: Scizor
|-damage|p1a: Scizor|216\/311
|-damage|p2a: Weavile|144\/281|[from] item: Life Orb
|
|turn|4
|
|switch|p2a: Rotom-Wash|Rotom-Wash|304\/304
|move|p1a: Scizor|Knock Off|p2a: Rotom-Wash
|-damage|p2a: Rotom-Wash|158\/304
|-enditem|p2a: Rotom-Wash|Leftovers|[from] move: Knock Off|[of] p1a: Scizor
|
|turn|5
|
|switch|p1a: Gardevoir|Gardevoir, M|330\/330
|-ability|p1a: Gardevoir|Levitate|[from] ability: Trace|[of] p2a: Rotom-Wash
|move|p2a: Rotom-Wash|Will-O-Wisp|p1a: Gardevoir
|-status|p1a: Gardevoir|brn
|
|-damage|p1a: Gardevoir|289\/330 brn|[from] brn
|turn|6
|
|move|p1a: Gardevoir|Focus Blast|p2a: Rotom-Wash
|-damage|p2a: Rotom-Wash|45\/304
|move|p2a: Rotom-Wash|Volt Switch|p1a: Gardevoir
|-damage|p1a: Gardevoir|207\/330 brn
|
|switch|p2a: Metagross|Metagross|301\/301
|
|-heal|p1a: Gardevoir|227\/330 brn|[from] item: Leftovers
|-damage|p1a: Gardevoir|186\/330 brn|[from] brn
|turn|7
|
|switch|p1a: Garchomp|Garchomp, M|308\/420
|detailschange|p2a: Metagross|Metagross-Mega
|-mega|p2a: Metagross|Metagross|Metagrossite
|move|p2a: Metagross|Bullet Punch|p1a: Garchomp
|-damage|p1a: Garchomp|202\/420
|-damage|p2a: Metagross|264\/301|[from] ability: Rough Skin|[of] p1a: Garchomp
|-damage|p2a: Metagross|214\/301|[from] item: Rocky Helmet|[of] p1a: Garchomp
|
|turn|8
|
|move|p2a: Metagross|Meteor Mash|p1a: Garchomp
|-damage|p1a: Garchomp|0 fnt
|-damage|p2a: Metagross|177\/301|[from] ability: Rough Skin|[of] p1a: Garchomp
|-damage|p2a: Metagross|127\/301|[from] item: Rocky Helmet|[of] p1a: Garchomp
|faint|p1a: Garchomp
|
|
|switch|p1a: Scizor|Scizor, F|216\/311
|turn|9
|
|move|p2a: Metagross|Zen Headbutt|p1a: Scizor
|-resisted|p1a: Scizor
|-damage|p1a: Scizor|114\/311
|move|p1a: Scizor|Knock Off|p2a: Metagross
|-supereffective|p2a: Metagross
|-damage|p2a: Metagross|0 fnt
|faint|p2a: Metagross
|
|
|switch|p2a: Magnezone|Magnezone|312\/312
|turn|10
|
|move|p1a: Scizor|Knock Off|p2a: Magnezone
|-crit|p2a: Magnezone
|-damage|p2a: Magnezone|80\/312
|-enditem|p2a: Magnezone|Choice Specs|[from] move: Knock Off|[of] p1a: Scizor
|move|p2a: Magnezone|Volt Switch|p1a: Scizor
|-damage|p1a: Scizor|0 fnt
|faint|p1a: Scizor
|
|switch|p2a: Weavile|Weavile, M|144\/281
|-ability|p2a: Weavile|Pressure
|
|
|switch|p1a: Azumarill|Azumarill, M|404\/404
|turn|11
|
|switch|p2a: Landorus-Therian|Landorus-Therian, M|381\/381
|-ability|p2a: Landorus-Therian|Intimidate|[of] p1a: Azumarill
|-unboost|p1a: Azumarill|atk|1
|move|p1a: Azumarill|Play Rough|p2a: Landorus-Therian
|-damage|p2a: Landorus-Therian|231\/381
|
|-heal|p2a: Landorus-Therian|254\/381|[from] item: Leftovers
|turn|12
|
|switch|p1a: Absol|Absol-Mega, M|271\/271
|move|p2a: Landorus-Therian|U-turn|p1a: Absol
|-supereffective|p1a: Absol
|-damage|p1a: Absol|53\/271
|
|switch|p2a: Weavile|Weavile, M|144\/281
|-ability|p2a: Weavile|Pressure
|
|turn|13
|
|switch|p1a: Azumarill|Azumarill, M|404\/404
|move|p2a: Weavile|Ice Shard|p1a: Azumarill
|-resisted|p1a: Azumarill
|-damage|p1a: Azumarill|353\/404
|-damage|p2a: Weavile|116\/281|[from] item: Life Orb
|
|turn|14
|
|switch|p2a: Rotom-Wash|Rotom-Wash|45\/304
|move|p1a: Azumarill|Ice Punch|p2a: Rotom-Wash
|-resisted|p2a: Rotom-Wash
|-damage|p2a: Rotom-Wash|0 fnt
|faint|p2a: Rotom-Wash
|
|
|switch|p2a: Magnezone|Magnezone|80\/312
|turn|15
|
|switch|p1a: Gardevoir|Gardevoir, M|186\/330 brn
|-ability|p1a: Gardevoir|Magnet Pull|[from] ability: Trace|[of] p2a: Magnezone
|move|p2a: Magnezone|Volt Switch|p1a: Gardevoir
|-damage|p1a: Gardevoir|59\/330 brn
|
|switch|p2a: Weavile|Weavile, M|116\/281
|-ability|p2a: Weavile|Pressure
|
|-heal|p1a: Gardevoir|79\/330 brn|[from] item: Leftovers
|-damage|p1a: Gardevoir|38\/330 brn|[from] brn
|turn|16
|
|move|p2a: Weavile|Ice Shard|p1a: Gardevoir
|-damage|p1a: Gardevoir|0 fnt
|-damage|p2a: Weavile|88\/281|[from] item: Life Orb
|faint|p1a: Gardevoir
|
|
|switch|p1a: Azumarill|Azumarill, M|353\/404
|turn|17
|
|switch|p2a: Landorus-Therian|Landorus-Therian, M|254\/381
|-ability|p2a: Landorus-Therian|Intimidate|[of] p1a: Azumarill
|-unboost|p1a: Azumarill|atk|1
|move|p1a: Azumarill|Knock Off|p2a: Landorus-Therian
|-damage|p2a: Landorus-Therian|148\/381
|-enditem|p2a: Landorus-Therian|Leftovers|[from] move: Knock Off|[of] p1a: Azumarill
|
|turn|18
|
|move|p2a: Landorus-Therian|Earthquake|p1a: Azumarill
|-damage|p1a: Azumarill|154\/404
|move|p1a: Azumarill|Knock Off|p2a: Landorus-Therian
|-damage|p2a: Landorus-Therian|79\/381
|
|turn|19
|
|move|p2a: Landorus-Therian|U-turn|p1a: Azumarill
|-resisted|p1a: Azumarill
|-damage|p1a: Azumarill|107\/404
|
|switch|p2a: Magnezone|Magnezone|80\/312
|move|p1a: Azumarill|Knock Off|p2a: Magnezone
|-damage|p2a: Magnezone|0 fnt
|faint|p2a: Magnezone
|
|
|switch|p2a: Landorus-Therian|Landorus-Therian, M|79\/381
|-ability|p2a: Landorus-Therian|Intimidate|[of] p1a: Azumarill
|-unboost|p1a: Azumarill|atk|1
|turn|20
|
|switch|p1a: Breloom|Breloom, M|262\/262
|move|p2a: Landorus-Therian|Earthquake|p1a: Breloom
|-crit|p1a: Breloom
|-resisted|p1a: Breloom
|-damage|p1a: Breloom|121\/262
|
|turn|21
|
|move|p1a: Breloom|Mach Punch|p2a: Landorus-Therian
|-resisted|p2a: Landorus-Therian
|-damage|p2a: Landorus-Therian|40\/381
|move|p2a: Landorus-Therian|U-turn|p1a: Breloom
|-damage|p1a: Breloom|28\/262
|
|switch|p2a: Weavile|Weavile, M|88\/281
|-ability|p2a: Weavile|Pressure
|
|turn|22
|
|move|p2a: Weavile|Ice Shard|p1a: Breloom
|-supereffective|p1a: Breloom
|-damage|p1a: Breloom|0 fnt
|-damage|p2a: Weavile|60\/281|[from] item: Life Orb
|faint|p1a: Breloom
|
|
|switch|p1a: Azumarill|Azumarill, M|107\/404
|turn|23
|
|switch|p2a: Latias|Latias, F|319\/319
|move|p1a: Azumarill|Aqua Jet|p2a: Latias
|-resisted|p2a: Latias
|-damage|p2a: Latias|248\/319
|
|turn|24
|
|switch|p1a: Absol|Absol-Mega, M|53\/271
|move|p2a: Latias|Healing Wish|p2a: Latias
|faint|p2a: Latias
|
|
|switch|p2a: Weavile|Weavile, M|60\/281
|-heal|p2a: Weavile|281\/281|[from] move: Healing Wish
|-ability|p2a: Weavile|Pressure
|turn|25
|
|move|p2a: Weavile|Ice Shard|p1a: Absol
|-damage|p1a: Absol|0 fnt
|-damage|p2a: Weavile|253\/281|[from] item: Life Orb
|faint|p1a: Absol
|
|
|switch|p1a: Azumarill|Azumarill, M|107\/404
|turn|26
|
|move|p1a: Azumarill|Aqua Jet|p2a: Weavile
|-damage|p2a: Weavile|72\/281
|move|p2a: Weavile|Knock Off|p1a: Azumarill
|-crit|p1a: Azumarill
|-resisted|p1a: Azumarill
|-damage|p1a: Azumarill|0 fnt
|-enditem|p1a: Azumarill|Choice Band|[from] move: Knock Off|[of] p2a: Weavile
|-damage|p2a: Weavile|44\/281|[from] item: Life Orb
|faint|p1a: Azumarill
|
|win|anusplugger
|raw|Ladder updating...
|raw|qqqqw's rating: 1341 &rarr; <strong>1317<\/strong><br \/>(-24 for losing)
|raw|anusplugger's rating: 1272 &rarr; <strong>1302<\/strong><br \/>(+30 for winning)
|c|âanusplugger|GG
|c|âanusplugger|very close