|join|Feyitomi
|join|omegaW
|player|p1|Feyitomi|214
|player|p2|omegaW|32
|gametype|singles
|gen|6
|tier|ORAS OU
|rated
|rule|Sleep Clause Mod: Limit one foe put to sleep
|rule|Species Clause: Limit one of each PokÃ©mon
|rule|OHKO Clause: OHKO moves are banned
|rule|Moody Clause: Moody is banned
|rule|Evasion Moves Clause: Evasion moves are banned
|rule|Endless Battle Clause: Forcing endless battles is banned
|rule|HP Percentage Mod: HP is shown in percentages
|clearpoke
|poke|p1|Salamence, F
|poke|p1|Azelf
|poke|p1|Azumarill, F
|poke|p1|Thundurus, M
|poke|p1|Excadrill, M
|poke|p1|Talonflame, F
|poke|p2|Salamence, M
|poke|p2|Landorus-Therian, M
|poke|p2|Heatran, M
|poke|p2|Rotom-Wash
|poke|p2|Latios, M
|poke|p2|Bisharp, M
|rule|Swagger Clause: Swagger is banned
|rule|Baton Pass Clause: Limit one PokÃ©mon knowing Baton Pass
|teampreview
|
|start
|switch|p1a: Azelf|Azelf|291\/291
|switch|p2a: Landorus-Therian|Landorus-Therian, M|321\/321
|-ability|p2a: Landorus-Therian|Intimidate|[of] p1a: Azelf
|-unboost|p1a: Azelf|atk|1
|turn|1
|
|move|p2a: Landorus-Therian|U-turn|p1a: Azelf
|-supereffective|p1a: Azelf
|-damage|p1a: Azelf|27\/291
|
|switch|p2a: Salamence|Salamence, M|331\/331
|-ability|p2a: Salamence|Intimidate|[of] p1a: Azelf
|-unboost|p1a: Azelf|atk|1
|move|p1a: Azelf|Stealth Rock|p2a: Salamence
|-sidestart|p2: omegaW|move: Stealth Rock
|
|turn|2
|join|hjfkyuf
|
|detailschange|p2a: Salamence|Salamence-Mega, M
|message|Salamence has Mega Evolved into Mega Salamence!
|move|p1a: Azelf|Taunt|p2a: Salamence
|-start|p2a: Salamence|move: Taunt
|cant|p2a: Salamence|move: Taunt|Dragon Dance
|
|turn|3
|
|move|p1a: Azelf|Explosion|p2a: Salamence
|-damage|p2a: Salamence|211\/331
|faint|p1a: Azelf
|move|p2a: Salamence|Frustration|p1: Azelf|[notarget]
|-notarget
|
|
|switch|p1a: Salamence|Salamence, F|361\/361
|-ability|p1a: Salamence|Intimidate|[of] p2a: Salamence
|-unboost|p2a: Salamence|atk|1
|turn|4
|
|switch|p2a: Rotom-Wash|Rotom-Wash|304\/304
|-damage|p2a: Rotom-Wash|266\/304|[from] Stealth Rock
|switch|p1a: Thundurus|Thundurus, M|299\/299
|
|-heal|p2a: Rotom-Wash|285\/304|[from] item: Leftovers
|turn|5
|
|switch|p2a: Latios|Latios, M|301\/301
|-damage|p2a: Latios|264\/301|[from] Stealth Rock
|move|p1a: Thundurus|Thunderbolt|p2a: Latios
|-resisted|p2a: Latios
|-damage|p2a: Latios|170\/301
|-damage|p1a: Thundurus|270\/299|[from] item: Life Orb
|
|turn|6
|c| hjfkyuf|get predicted poopyhead
|
|move|p1a: Thundurus|Hidden Power|p2a: Latios
|-supereffective|p2a: Latios
|-damage|p2a: Latios|9\/301
|-damage|p1a: Thundurus|241\/299|[from] item: Life Orb
|move|p2a: Latios|Defog|p1a: Thundurus
|-unboost|p1a: Thundurus|evasion|1
|-sideend|p2: omegaW|Stealth Rock|[from] move: Defog|[of] p2a: Latios
|
|turn|7
|
|move|p1a: Thundurus|Hidden Power|p2a: Latios
|-crit|p2a: Latios
|-supereffective|p2a: Latios
|-damage|p2a: Latios|0 fnt
|-damage|p1a: Thundurus|212\/299|[from] item: Life Orb
|faint|p2a: Latios
|
|
|switch|p2a: Bisharp|Bisharp, M|272\/272
|turn|8
|
|move|p1a: Thundurus|Thunder Wave|p2a: Bisharp
|-status|p2a: Bisharp|par
|cant|p2a: Bisharp|par
|
|turn|9
|
|switch|p1a: Azumarill|Azumarill, F|404\/404
|cant|p2a: Bisharp|par
|
|turn|10
|
|move|p1a: Azumarill|Belly Drum|p1a: Azumarill
|-damage|p1a: Azumarill|202\/404
|-setboost|p1a: Azumarill|atk|6|[from] move: Belly Drum
|-enditem|p1a: Azumarill|Sitrus Berry|[eat]
|-heal|p1a: Azumarill|303\/404|[from] item: Sitrus Berry
|cant|p2a: Bisharp|par
|
|turn|11
|c|âomegaW|wao
|c|âomegaW|wtf
|
|move|p1a: Azumarill|Aqua Jet|p2a: Bisharp
|-damage|p2a: Bisharp|0 fnt
|faint|p2a: Bisharp
|
|
|switch|p2a: Salamence|Salamence-Mega, M|211\/331
|turn|12
|c|âFeyitomi|happens to me all the time
|
|move|p1a: Azumarill|Aqua Jet|p2a: Salamence
|-resisted|p2a: Salamence
|-damage|p2a: Salamence|65\/331
|move|p2a: Salamence|Frustration|p1a: Azumarill
|-damage|p1a: Azumarill|0 fnt
|faint|p1a: Azumarill
|
|
|switch|p1a: Thundurus|Thundurus, M|212\/299
|turn|13
|c|âomegaW|i went for knock off on thundurus
|c|âomegaW|and got para
|c|âomegaW|then iron head
|c|âomegaW|-__
|c| hjfkyuf|imagine extremes peed salamence
|
|switch|p2a: Heatran|Heatran, M|386\/386
|move|p1a: Thundurus|Hidden Power|p2a: Heatran
|-resisted|p2a: Heatran
|-damage|p2a: Heatran|370\/386
|-damage|p1a: Thundurus|183\/299|[from] item: Life Orb
|
|-heal|p2a: Heatran|386\/386|[from] item: Leftovers
|turn|14
|
|move|p1a: Thundurus|Thunder Wave|p2a: Heatran
|-status|p2a: Heatran|par
|move|p2a: Heatran|Lava Plume|p1a: Thundurus
|-damage|p1a: Thundurus|41\/299
|
|turn|15
|
|move|p1a: Thundurus|Thunderbolt|p2a: Heatran
|-damage|p2a: Heatran|234\/386 par
|-damage|p1a: Thundurus|12\/299|[from] item: Life Orb
|cant|p2a: Heatran|par
|
|-heal|p2a: Heatran|258\/386 par|[from] item: Leftovers
|turn|16
|c|âomegaW|....
|
|switch|p1a: Talonflame|Talonflame, F|297\/297
|move|p2a: Heatran|Stealth Rock|p1a: Talonflame
|-sidestart|p1: Feyitomi|move: Stealth Rock
|
|-heal|p2a: Heatran|282\/386 par|[from] item: Leftovers
|turn|17
|
|move|p1a: Talonflame|Brave Bird|p2a: Heatran
|-resisted|p2a: Heatran
|-damage|p2a: Heatran|167\/386 par
|-damage|p1a: Talonflame|259\/297|[from] recoil|[of] p2a: Heatran
|move|p2a: Heatran|Roar|p1a: Talonflame
|drag|p1a: Salamence|Salamence, F|361\/361
|-damage|p1a: Salamence|271\/361|[from] Stealth Rock
|-ability|p1a: Salamence|Intimidate|[of] p2a: Heatran
|-unboost|p2a: Heatran|atk|1
|
|-heal|p2a: Heatran|191\/386 par|[from] item: Leftovers
|turn|18
|
|switch|p2a: Rotom-Wash|Rotom-Wash|285\/304
|detailschange|p1a: Salamence|Salamence-Mega, F
|message|Salamence has Mega Evolved into Mega Salamence!
|move|p1a: Salamence|Earthquake|p2a: Rotom-Wash
|-immune|p2a: Rotom-Wash|[msg]
|
|-heal|p2a: Rotom-Wash|304\/304|[from] item: Leftovers
|turn|19
|
|switch|p1a: Thundurus|Thundurus, M|12\/299
|-damage|p1a: Thundurus|0 fnt|[from] Stealth Rock
|faint|p1a: Thundurus
|switch|p2a: Landorus-Therian|Landorus-Therian, M|321\/321
|
|
|switch|p1a: Excadrill|Excadrill, M|362\/362
|-damage|p1a: Excadrill|351\/362|[from] Stealth Rock
|-ability|p1a: Excadrill|Mold Breaker
|turn|20
|join|Mantadragon2k
|
|move|p2a: Landorus-Therian|Stone Edge|p1a: Excadrill
|-resisted|p1a: Excadrill
|-damage|p1a: Excadrill|302\/362
|move|p1a: Excadrill|Iron Head|p2a: Landorus-Therian
|-damage|p2a: Landorus-Therian|140\/321
|
|turn|21
|leave|Mantadragon2k
|
|switch|p2a: Rotom-Wash|Rotom-Wash|304\/304
|switch|p1a: Talonflame|Talonflame, F|259\/297
|-damage|p1a: Talonflame|111\/297|[from] Stealth Rock
|
|turn|22
|
|move|p1a: Talonflame|Brave Bird|p2a: Rotom-Wash
|-resisted|p2a: Rotom-Wash
|-damage|p2a: Rotom-Wash|220\/304
|-damage|p1a: Talonflame|83\/297|[from] recoil|[of] p2a: Rotom-Wash
|move|p2a: Rotom-Wash|Hydro Pump|p1a: Talonflame
|-supereffective|p1a: Talonflame
|-damage|p1a: Talonflame|0 fnt
|faint|p1a: Talonflame
|
|-heal|p2a: Rotom-Wash|239\/304|[from] item: Leftovers
|leave|hjfkyuf
|
|switch|p1a: Salamence|Salamence-Mega, F|271\/361
|-damage|p1a: Salamence|181\/361|[from] Stealth Rock
|turn|23
|
|move|p1a: Salamence|Dragon Dance|p1a: Salamence
|-boost|p1a: Salamence|atk|1
|-boost|p1a: Salamence|spe|1
|move|p2a: Rotom-Wash|Will-O-Wisp|p1a: Salamence|[miss]
|-miss|p2a: Rotom-Wash|p1a: Salamence
|
|-heal|p2a: Rotom-Wash|258\/304|[from] item: Leftovers
|turn|24
|c|âomegaW|Yo wtf
|
|move|p1a: Salamence|Frustration|p2a: Rotom-Wash
|-resisted|p2a: Rotom-Wash
|-damage|p2a: Rotom-Wash|111\/304
|move|p2a: Rotom-Wash|Will-O-Wisp|p1a: Salamence
|-status|p1a: Salamence|brn
|
|-heal|p2a: Rotom-Wash|130\/304|[from] item: Leftovers
|-damage|p1a: Salamence|136\/361 brn|[from] brn
|turn|25
|c|âomegaW|is this
|
|move|p1a: Salamence|Frustration|p2a: Rotom-Wash
|-resisted|p2a: Rotom-Wash
|-damage|p2a: Rotom-Wash|55\/304
|move|p2a: Rotom-Wash|Volt Switch|p1a: Salamence
|-damage|p1a: Salamence|34\/361 brn
|
|switch|p2a: Landorus-Therian|Landorus-Therian, M|140\/321
|-ability|p2a: Landorus-Therian|Intimidate|[of] p1a: Salamence
|-unboost|p1a: Salamence|atk|1
|
|-damage|p1a: Salamence|0 fnt|[from] brn
|faint|p1a: Salamence
|
|switch|p1a: Excadrill|Excadrill, M|302\/362
|-damage|p1a: Excadrill|291\/362|[from] Stealth Rock
|-ability|p1a: Excadrill|Mold Breaker
|turn|26
|
|move|p2a: Landorus-Therian|Earthquake|p1a: Excadrill
|-supereffective|p1a: Excadrill
|-damage|p1a: Excadrill|0 fnt
|faint|p1a: Excadrill
|
|win|omegaW
|raw|Ladder updating...
|raw|Feyitomi's rating: 1456 &rarr; <strong>1437<\/strong><br \/>(-19 for losing)
|raw|omegaW's rating: 1464 &rarr; <strong>1483<\/strong><br \/>(+19 for winning)
|c|âomegaW|gg...
|leave|Feyitomi
|player|p1