|join|Albyness
|join|Feyitomi
|player|p1|Albyness|101
|player|p2|Feyitomi|214
|gametype|singles
|gen|6
|tier|ORAS OU
|rated
|rule|Sleep Clause Mod: Limit one foe put to sleep
|rule|Species Clause: Limit one of each PokÃ©mon
|rule|OHKO Clause: OHKO moves are banned
|rule|Moody Clause: Moody is banned
|rule|Evasion Moves Clause: Evasion moves are banned
|rule|Endless Battle Clause: Forcing endless battles is banned
|rule|HP Percentage Mod: HP is shown in percentages
|clearpoke
|poke|p1|Metagross
|poke|p1|Rotom-Wash
|poke|p1|Excadrill, M
|poke|p1|Landorus-Therian, M
|poke|p1|Greninja, M
|poke|p1|Gengar, M
|poke|p2|Salamence, M
|poke|p2|Magnezone
|poke|p2|Greninja, M
|poke|p2|Talonflame, M
|poke|p2|Clefable, M
|poke|p2|Latios, M
|rule|Swagger Clause: Swagger is banned
|rule|Baton Pass Clause: Limit one PokÃ©mon knowing Baton Pass
|teampreview
|
|start
|switch|p1a: Landorus-Therian|Landorus-Therian, M|319\/319
|switch|p2a: Clefable|Clefable, M|394\/394
|-ability|p1a: Landorus-Therian|Intimidate|[of] p2a: Clefable
|-unboost|p2a: Clefable|atk|1
|turn|1
|join|DBZGTAF
|leave|DBZGTAF
|
|move|p1a: Landorus-Therian|Knock Off|p2a: Clefable
|-resisted|p2a: Clefable
|-damage|p2a: Clefable|330\/394
|-enditem|p2a: Clefable|Leftovers|[from] move: Knock Off|[of] p1a: Landorus-Therian
|move|p2a: Clefable|Stealth Rock|p1a: Landorus-Therian
|-sidestart|p1: Albyness|move: Stealth Rock
|
|turn|2
|
|switch|p1a: Excadrill|Excadrill, M|417\/417
|-damage|p1a: Excadrill|404\/417|[from] Stealth Rock
|-ability|p1a: Excadrill|Mold Breaker
|switch|p2a: Salamence|Salamence, M|337\/337
|-ability|p2a: Salamence|Intimidate|[of] p1a: Excadrill
|-unboost|p1a: Excadrill|atk|1
|
|turn|3
|
|switch|p1a: Landorus-Therian|Landorus-Therian, M|319\/319
|-damage|p1a: Landorus-Therian|280\/319|[from] Stealth Rock
|-ability|p1a: Landorus-Therian|Intimidate|[of] p2a: Salamence
|-unboost|p2a: Salamence|atk|1
|detailschange|p2a: Salamence|Salamence-Mega, M
|message|Salamence has Mega Evolved into Mega Salamence!
|move|p2a: Salamence|Dragon Dance|p2a: Salamence
|-boost|p2a: Salamence|atk|1
|-boost|p2a: Salamence|spe|1
|
|turn|4
|
|move|p2a: Salamence|Return|p1a: Landorus-Therian
|-damage|p1a: Landorus-Therian|0 fnt
|faint|p1a: Landorus-Therian
|
|
|switch|p1a: Rotom-Wash|Rotom-Wash|303\/303
|-damage|p1a: Rotom-Wash|266\/303|[from] Stealth Rock
|turn|5
|
|switch|p2a: Clefable|Clefable, M|330\/394
|move|p1a: Rotom-Wash|Will-O-Wisp|p2a: Clefable
|-status|p2a: Clefable|brn
|
|-heal|p1a: Rotom-Wash|284\/303|[from] item: Leftovers
|turn|6
|
|move|p1a: Rotom-Wash|Volt Switch|p2a: Clefable
|-damage|p2a: Clefable|257\/394 brn
|
|switch|p1a: Excadrill|Excadrill, M|404\/417
|-damage|p1a: Excadrill|391\/417|[from] Stealth Rock
|-ability|p1a: Excadrill|Mold Breaker
|move|p2a: Clefable|Moonblast|p1a: Excadrill
|-resisted|p1a: Excadrill
|-damage|p1a: Excadrill|334\/417
|
|turn|7
|
|switch|p2a: Magnezone|Magnezone|281\/281
|move|p1a: Excadrill|Stealth Rock|p2a: Magnezone
|-sidestart|p2: Feyitomi|move: Stealth Rock
|
|turn|8
|
|move|p2a: Magnezone|Hidden Power|p1a: Excadrill
|-supereffective|p1a: Excadrill
|-damage|p1a: Excadrill|182\/417
|move|p1a: Excadrill|Earthquake|p2a: Magnezone
|-supereffective|p2a: Magnezone
|-damage|p2a: Magnezone|0 fnt
|faint|p2a: Magnezone
|
|
|switch|p2a: Greninja|Greninja, M|285\/285
|-damage|p2a: Greninja|250\/285|[from] Stealth Rock
|turn|9
|
|move|p2a: Greninja|Hydro Pump|p1a: Excadrill
|-start|p2a: Greninja|typechange|Water|[from] Protean
|-supereffective|p1a: Excadrill
|-damage|p1a: Excadrill|0 fnt
|-damage|p2a: Greninja|222\/285|[from] item: Life Orb
|faint|p1a: Excadrill
|
|
|switch|p1a: Rotom-Wash|Rotom-Wash|284\/303
|-damage|p1a: Rotom-Wash|247\/303|[from] Stealth Rock
|turn|10
|
|switch|p2a: Clefable|Clefable, M|257\/394 brn
|move|p1a: Rotom-Wash|Volt Switch|p2a: Clefable
|-damage|p2a: Clefable|182\/394 brn
|
|switch|p1a: Metagross|Metagross|302\/302
|-damage|p1a: Metagross|284\/302|[from] Stealth Rock
|
|turn|11
|
|detailschange|p1a: Metagross|Metagross-Mega
|message|Metagross has Mega Evolved into Mega Metagross!
|move|p1a: Metagross|Meteor Mash|p2a: Clefable
|-supereffective|p2a: Clefable
|-damage|p2a: Clefable|0 fnt
|-boost|p1a: Metagross|atk|1
|faint|p2a: Clefable
|
|
|switch|p2a: Greninja|Greninja, M|222\/285
|-damage|p2a: Greninja|187\/285|[from] Stealth Rock
|turn|12
|
|move|p2a: Greninja|Hydro Pump|p1a: Metagross|[miss]
|-start|p2a: Greninja|typechange|Water|[from] Protean
|-miss|p2a: Greninja|p1a: Metagross
|move|p1a: Metagross|Meteor Mash|p2a: Greninja
|-resisted|p2a: Greninja
|-damage|p2a: Greninja|0 fnt
|faint|p2a: Greninja
|
|
|switch|p2a: Latios|Latios, M|301\/301
|-damage|p2a: Latios|264\/301|[from] Stealth Rock
|turn|13
|
|move|p2a: Latios|Draco Meteor|p1a: Metagross
|-resisted|p1a: Metagross
|-damage|p1a: Metagross|144\/302
|-unboost|p2a: Latios|spa|2
|-damage|p2a: Latios|234\/301|[from] item: Life Orb
|move|p1a: Metagross|Ice Punch|p2a: Latios
|-supereffective|p2a: Latios
|-damage|p2a: Latios|0 fnt
|faint|p2a: Latios
|
|
|switch|p2a: Talonflame|Talonflame, M|309\/309
|-damage|p2a: Talonflame|155\/309|[from] Stealth Rock
|turn|14
|
|move|p1a: Metagross|Zen Headbutt|p2a: Talonflame
|-damage|p2a: Talonflame|0 fnt
|faint|p2a: Talonflame
|
|
|switch|p2a: Salamence|Salamence-Mega, M|337\/337
|-damage|p2a: Salamence|253\/337|[from] Stealth Rock
|turn|15
|
|move|p1a: Metagross|Ice Punch|p2a: Salamence
|-supereffective|p2a: Salamence
|-damage|p2a: Salamence|0 fnt
|faint|p2a: Salamence
|
|win|Albyness
|raw|Ladder updating...
|raw|Albyness's rating: 1256 &rarr; <strong>1286<\/strong><br \/>(+30 for winning)
|raw|Feyitomi's rating: 1324 &rarr; <strong>1300<\/strong><br \/>(-24 for losing)
|leave|Feyitomi
|player|p2