|join|Feyitomi
|join|bloody gods
|player|p1|Feyitomi|214
|player|p2|bloody gods|101
|gametype|singles
|gen|6
|tier|ORAS OU
|rated
|rule|Sleep Clause Mod: Limit one foe put to sleep
|rule|Species Clause: Limit one of each PokÃ©mon
|rule|OHKO Clause: OHKO moves are banned
|rule|Moody Clause: Moody is banned
|rule|Evasion Moves Clause: Evasion moves are banned
|rule|Endless Battle Clause: Forcing endless battles is banned
|rule|HP Percentage Mod: HP is shown in percentages
|clearpoke
|poke|p1|Metagross
|poke|p1|Thundurus, M
|poke|p1|Excadrill, F
|poke|p1|Latios, M
|poke|p1|Talonflame, F
|poke|p1|Keldeo-Resolute
|poke|p2|Terrakion
|poke|p2|Greninja, F
|poke|p2|Metagross
|poke|p2|Latios, M
|poke|p2|Weavile, M
|poke|p2|Azumarill, M
|rule|Swagger Clause: Swagger is banned
|rule|Baton Pass Clause: Limit one PokÃ©mon knowing Baton Pass
|teampreview
|
|start
|switch|p1a: Excadrill|Excadrill, F|362\/362
|switch|p2a: Terrakion|Terrakion|323\/323
|-ability|p1a: Excadrill|Mold Breaker
|turn|1
|
|move|p1a: Excadrill|Iron Head|p2a: Terrakion
|-crit|p2a: Terrakion
|-supereffective|p2a: Terrakion
|-enditem|p2a: Terrakion|Focus Sash
|-damage|p2a: Terrakion|1\/323
|move|p2a: Terrakion|Close Combat|p1a: Excadrill
|-supereffective|p1a: Excadrill
|-damage|p1a: Excadrill|0 fnt
|-unboost|p2a: Terrakion|def|1
|-unboost|p2a: Terrakion|spd|1
|faint|p1a: Excadrill
|
|
|switch|p1a: Thundurus|Thundurus, M|299\/299
|turn|2
|
|move|p1a: Thundurus|Thunderbolt|p2a: Terrakion
|-damage|p2a: Terrakion|0 fnt
|-damage|p1a: Thundurus|270\/299|[from] item: Life Orb
|faint|p2a: Terrakion
|
|
|switch|p2a: Latios|Latios, M|301\/301
|turn|3
|
|switch|p1a: Metagross|Metagross|301\/301
|move|p2a: Latios|Dragon Pulse|p1a: Metagross
|-resisted|p1a: Metagross
|-damage|p1a: Metagross|178\/301
|-damage|p2a: Latios|271\/301|[from] item: Life Orb
|
|turn|4
|
|detailschange|p1a: Metagross|Metagross-Mega
|message|Metagross has Mega Evolved into Mega Metagross!
|move|p2a: Latios|Hidden Power|p1a: Metagross
|-supereffective|p1a: Metagross
|-damage|p1a: Metagross|0 fnt
|-damage|p2a: Latios|241\/301|[from] item: Life Orb
|faint|p1a: Metagross
|
|
|switch|p1a: Talonflame|Talonflame, F|309\/309
|turn|5
|
|move|p2a: Latios|Dragon Pulse|p1a: Talonflame
|-damage|p1a: Talonflame|20\/309
|-damage|p2a: Latios|211\/301|[from] item: Life Orb
|move|p1a: Talonflame|Swords Dance|p1a: Talonflame
|-boost|p1a: Talonflame|atk|2
|
|turn|6
|
|move|p1a: Talonflame|Brave Bird|p2a: Latios
|-damage|p2a: Latios|0 fnt
|-damage|p1a: Talonflame|0 fnt|[from] recoil|[of] p2a: Latios
|faint|p2a: Latios
|faint|p1a: Talonflame
|
|
|switch|p2a: Greninja|Greninja, F|285\/285
|switch|p1a: Keldeo-Resolute|Keldeo-Resolute|323\/323
|turn|7
|
|move|p2a: Greninja|Grass Knot|p1a: Keldeo-Resolute
|-start|p2a: Greninja|typechange|Grass|[from] Protean
|-supereffective|p1a: Keldeo-Resolute
|-damage|p1a: Keldeo-Resolute|81\/323
|-damage|p2a: Greninja|257\/285|[from] item: Life Orb
|move|p1a: Keldeo-Resolute|Scald|p2a: Greninja
|-resisted|p2a: Greninja
|-damage|p2a: Greninja|125\/285
|
|turn|8
|
|switch|p1a: Latios|Latios, M|301\/301
|move|p2a: Greninja|Grass Knot|p1a: Latios
|-resisted|p1a: Latios
|-damage|p1a: Latios|228\/301
|-damage|p2a: Greninja|97\/285|[from] item: Life Orb
|
|turn|9
|
|move|p2a: Greninja|Ice Beam|p1a: Latios
|-start|p2a: Greninja|typechange|Ice|[from] Protean
|-supereffective|p1a: Latios
|-damage|p1a: Latios|0 fnt
|-damage|p2a: Greninja|69\/285|[from] item: Life Orb
|faint|p1a: Latios
|
|-message|Feyitomi forfeited.
|
|win|bloody gods
|raw|Ladder updating...
|leave|Feyitomi
|player|p1
|raw|Feyitomi's rating: 1219 &rarr; <strong>1193<\/strong><br \/>(-26 for losing)
|raw|bloody gods's rating: 1211 &rarr; <strong>1237<\/strong><br \/>(+26 for winning)