|join|Aka DH
|join|Feyitomi
|player|p1|Aka DH|68
|player|p2|Feyitomi|214
|gametype|singles
|gen|6
|tier|ORAS OU
|rated
|rule|Sleep Clause Mod: Limit one foe put to sleep
|rule|Species Clause: Limit one of each PokÃ©mon
|rule|OHKO Clause: OHKO moves are banned
|rule|Moody Clause: Moody is banned
|rule|Evasion Moves Clause: Evasion moves are banned
|rule|Endless Battle Clause: Forcing endless battles is banned
|rule|HP Percentage Mod: HP is shown in percentages
|clearpoke
|poke|p1|Bisharp, M
|poke|p1|Venusaur, M
|poke|p1|Heatran, F
|poke|p1|Keldeo
|poke|p1|Chansey, F
|poke|p1|Skarmory, M
|poke|p2|Altaria, F
|poke|p2|Entei, shiny
|poke|p2|Metagross
|poke|p2|Cobalion
|poke|p2|Keldeo-Resolute
|poke|p2|Latios, M
|rule|Swagger Clause: Swagger is banned
|rule|Baton Pass Clause: Limit one PokÃ©mon knowing Baton Pass
|teampreview
|join|Zenzoh
|join|Smelliot95
|
|start
|switch|p1a: Heatran|Heatran, F|340\/340
|switch|p2a: Cobalion|Cobalion|386\/386
|-item|p1a: Heatran|Air Balloon
|turn|1
|
|move|p2a: Cobalion|Taunt|p1a: Heatran
|-start|p1a: Heatran|move: Taunt
|cant|p1a: Heatran|move: Taunt|Stealth Rock
|
|turn|2
|
|switch|p1a: Venusaur|Venusaur, M|364\/364
|move|p2a: Cobalion|Stealth Rock|p1a: Venusaur
|-sidestart|p1: Aka DH|move: Stealth Rock
|
|turn|3
|
|detailschange|p1a: Venusaur|Venusaur-Mega, M
|message|Venusaur has Mega Evolved into Mega Venusaur!
|move|p2a: Cobalion|Iron Head|p1a: Venusaur
|-damage|p1a: Venusaur|310\/364
|cant|p1a: Venusaur|flinch
|
|turn|4
|
|move|p2a: Cobalion|Taunt|p1a: Venusaur
|-start|p1a: Venusaur|move: Taunt
|cant|p1a: Venusaur|move: Taunt|Leech Seed
|
|turn|5
|leave|Zenzoh
|
|move|p1a: Venusaur|Giga Drain|p2a: Cobalion
|-resisted|p2a: Cobalion
|-damage|p2a: Cobalion|315\/386
|-heal|p1a: Venusaur|346\/364|[from] drain|[of] p2a: Cobalion
|move|p2a: Cobalion|Roar|p1a: Venusaur
|drag|p1a: Keldeo|Keldeo|323\/323
|-damage|p1a: Keldeo|303\/323|[from] Stealth Rock
|
|-heal|p1a: Keldeo|323\/323|[from] item: Leftovers
|turn|6
|
|move|p1a: Keldeo|Icy Wind|p2a: Cobalion
|-resisted|p2a: Cobalion
|-damage|p2a: Cobalion|269\/386
|-unboost|p2a: Cobalion|spe|1
|move|p2a: Cobalion|Taunt|p1a: Keldeo
|-start|p1a: Keldeo|move: Taunt
|
|turn|7
|
|move|p1a: Keldeo|Scald|p2a: Cobalion
|-damage|p2a: Cobalion|77\/386
|move|p2a: Cobalion|Roar|p1a: Keldeo
|drag|p1a: Heatran|Heatran, F|340\/340
|-damage|p1a: Heatran|298\/340|[from] Stealth Rock
|-item|p1a: Heatran|Air Balloon
|
|turn|8
|
|move|p1a: Heatran|Stealth Rock|p2a: Cobalion
|-sidestart|p2: Feyitomi|move: Stealth Rock
|move|p2a: Cobalion|Taunt|p1a: Heatran
|-start|p1a: Heatran|move: Taunt
|
|turn|9
|
|move|p1a: Heatran|Fire Blast|p2a: Cobalion
|-supereffective|p2a: Cobalion
|-damage|p2a: Cobalion|0 fnt
|faint|p2a: Cobalion
|
|
|switch|p2a: Keldeo-Resolute|Keldeo-Resolute|324\/324
|-damage|p2a: Keldeo-Resolute|304\/324|[from] Stealth Rock
|turn|10
|
|switch|p1a: Venusaur|Venusaur-Mega, M|346\/364
|-damage|p1a: Venusaur|301\/364|[from] Stealth Rock
|move|p2a: Keldeo-Resolute|Scald|p1a: Venusaur
|-resisted|p1a: Venusaur
|-damage|p1a: Venusaur|214\/364
|-status|p1a: Venusaur|brn
|
|-damage|p1a: Venusaur|169\/364 brn|[from] brn
|turn|11
|
|switch|p2a: Entei|Entei, shiny|371\/371
|-damage|p2a: Entei|279\/371|[from] Stealth Rock
|-ability|p2a: Entei|Pressure
|move|p1a: Venusaur|Synthesis|p1a: Venusaur
|-heal|p1a: Venusaur|351\/364 brn
|
|-damage|p1a: Venusaur|306\/364 brn|[from] brn
|turn|12
|
|move|p2a: Entei|Sacred Fire|p1a: Venusaur
|-crit|p1a: Venusaur
|-supereffective|p1a: Venusaur
|-damage|p1a: Venusaur|28\/364 brn
|move|p1a: Venusaur|Leech Seed|p2a: Entei
|-start|p2a: Entei|move: Leech Seed
|
|-damage|p2a: Entei|233\/371|[from] Leech Seed|[of] p1a: Venusaur
|-heal|p1a: Venusaur|74\/364 brn|[silent]
|-damage|p1a: Venusaur|29\/364 brn|[from] brn
|turn|13
|
|switch|p2a: Keldeo-Resolute|Keldeo-Resolute|304\/324
|-damage|p2a: Keldeo-Resolute|284\/324|[from] Stealth Rock
|switch|p1a: Heatran|Heatran, F|298\/340
|-damage|p1a: Heatran|256\/340|[from] Stealth Rock
|-item|p1a: Heatran|Air Balloon
|
|turn|14
|
|switch|p1a: Venusaur|Venusaur-Mega, M|29\/364 brn
|-damage|p1a: Venusaur|0 fnt|[from] Stealth Rock
|faint|p1a: Venusaur
|move|p2a: Keldeo-Resolute|Scald|p1: Venusaur|[notarget]
|-notarget
|
|
|switch|p1a: Keldeo|Keldeo|323\/323
|-damage|p1a: Keldeo|303\/323|[from] Stealth Rock
|turn|15
|
|switch|p2a: Entei|Entei, shiny|233\/371
|-damage|p2a: Entei|141\/371|[from] Stealth Rock
|-ability|p2a: Entei|Pressure
|move|p1a: Keldeo|Icy Wind|p2a: Entei
|-crit|p2a: Entei
|-resisted|p2a: Entei
|-damage|p2a: Entei|76\/371
|-unboost|p2a: Entei|spe|1
|
|-heal|p1a: Keldeo|323\/323|[from] item: Leftovers
|turn|16
|
|move|p2a: Entei|Extreme Speed|p1a: Keldeo
|-damage|p1a: Keldeo|163\/323
|move|p1a: Keldeo|Scald|p2a: Entei
|-supereffective|p2a: Entei
|-damage|p2a: Entei|0 fnt
|faint|p2a: Entei
|
|-heal|p1a: Keldeo|183\/323|[from] item: Leftovers
|
|switch|p2a: Metagross|Metagross|302\/302
|-damage|p2a: Metagross|284\/302|[from] Stealth Rock
|turn|17
|
|switch|p1a: Skarmory|Skarmory, M|334\/334
|-damage|p1a: Skarmory|293\/334|[from] Stealth Rock
|move|p2a: Metagross|Agility|p2a: Metagross
|-boost|p2a: Metagross|spe|2
|
|turn|18
|
|move|p2a: Metagross|Zen Headbutt|p1a: Skarmory
|-resisted|p1a: Skarmory
|-damage|p1a: Skarmory|224\/334
|-damage|p2a: Metagross|234\/302|[from] item: Rocky Helmet|[of] p1a: Skarmory
|-damage|p2a: Metagross|204\/302|[from] item: Life Orb
|move|p1a: Skarmory|Spikes|p2a: Metagross
|-sidestart|p2: Feyitomi|Spikes
|
|turn|19
|
|switch|p2a: Keldeo-Resolute|Keldeo-Resolute|284\/324
|-damage|p2a: Keldeo-Resolute|244\/324|[from] Spikes
|-damage|p2a: Keldeo-Resolute|224\/324|[from] Stealth Rock
|move|p1a: Skarmory|Roost|p1a: Skarmory
|-heal|p1a: Skarmory|334\/334
|
|turn|20
|
|move|p2a: Keldeo-Resolute|Scald|p1a: Skarmory
|-damage|p1a: Skarmory|108\/334
|-status|p1a: Skarmory|brn
|move|p1a: Skarmory|Brave Bird|p2a: Keldeo-Resolute
|-supereffective|p2a: Keldeo-Resolute
|-damage|p2a: Keldeo-Resolute|92\/324
|-damage|p1a: Skarmory|64\/334 brn|[from] recoil|[of] p2a: Keldeo-Resolute
|
|-damage|p1a: Skarmory|23\/334 brn|[from] brn
|turn|21
|
|switch|p1a: Chansey|Chansey, F|684\/684
|-damage|p1a: Chansey|599\/684|[from] Stealth Rock
|move|p2a: Keldeo-Resolute|Scald|p1a: Chansey
|-damage|p1a: Chansey|478\/684
|
|turn|22
|
|switch|p2a: Metagross|Metagross|204\/302
|-damage|p2a: Metagross|167\/302|[from] Spikes
|-damage|p2a: Metagross|149\/302|[from] Stealth Rock
|move|p1a: Chansey|Soft-Boiled|p1a: Chansey
|-heal|p1a: Chansey|684\/684
|
|turn|23
|
|move|p2a: Metagross|Agility|p2a: Metagross
|-boost|p2a: Metagross|spe|2
|move|p1a: Chansey|Thunder Wave|p2a: Metagross
|-status|p2a: Metagross|par
|
|turn|24
|
|switch|p1a: Skarmory|Skarmory, M|23\/334 brn
|-damage|p1a: Skarmory|0 fnt|[from] Stealth Rock
|faint|p1a: Skarmory
|cant|p2a: Metagross|par
|
|
|switch|p1a: Bisharp|Bisharp, M|334\/334
|-damage|p1a: Bisharp|314\/334|[from] Stealth Rock
|turn|25
|
|move|p1a: Bisharp|Knock Off|p2a: Metagross
|-supereffective|p2a: Metagross
|-damage|p2a: Metagross|0 fnt
|-enditem|p2a: Metagross|Life Orb|[from] move: Knock Off|[of] p1a: Bisharp
|faint|p2a: Metagross
|
|-heal|p1a: Bisharp|334\/334|[from] item: Leftovers
|
|switch|p2a: Keldeo-Resolute|Keldeo-Resolute|92\/324
|-damage|p2a: Keldeo-Resolute|72\/324|[from] Stealth Rock
|-damage|p2a: Keldeo-Resolute|32\/324|[from] Spikes
|turn|26
|
|move|p1a: Bisharp|Sucker Punch|p2a: Keldeo-Resolute
|-resisted|p2a: Keldeo-Resolute
|-damage|p2a: Keldeo-Resolute|0 fnt
|faint|p2a: Keldeo-Resolute
|
|
|switch|p2a: Altaria|Altaria, F|291\/291
|-damage|p2a: Altaria|219\/291|[from] Stealth Rock
|-ability|p2a: Altaria|Cloud Nine
|turn|27
|
|switch|p1a: Chansey|Chansey, F|684\/684
|-damage|p1a: Chansey|599\/684|[from] Stealth Rock
|detailschange|p2a: Altaria|Altaria-Mega, F
|message|Altaria has Mega Evolved into Mega Altaria!
|move|p2a: Altaria|Earthquake|p1a: Chansey
|-damage|p1a: Chansey|448\/684
|
|turn|28
|
|move|p2a: Altaria|Dragon Dance|p2a: Altaria
|-boost|p2a: Altaria|atk|1
|-boost|p2a: Altaria|spe|1
|move|p1a: Chansey|Thunder Wave|p2a: Altaria
|-status|p2a: Altaria|par
|
|turn|29
|
|move|p1a: Chansey|Seismic Toss|p2a: Altaria
|-damage|p2a: Altaria|119\/291 par
|move|p2a: Altaria|Return|p1a: Chansey
|-damage|p1a: Chansey|0 fnt
|faint|p1a: Chansey
|
|
|switch|p1a: Keldeo|Keldeo|183\/323
|-damage|p1a: Keldeo|163\/323|[from] Stealth Rock
|turn|30
|
|move|p1a: Keldeo|Icy Wind|p2a: Altaria
|-supereffective|p2a: Altaria
|-damage|p2a: Altaria|0 fnt
|faint|p2a: Altaria
|
|-heal|p1a: Keldeo|183\/323|[from] item: Leftovers
|-message|Feyitomi forfeited.
|
|win|Aka DH
|raw|Ladder updating...
|leave|Feyitomi
|player|p2
|raw|Aka DH's rating: 1474 &rarr; <strong>1485<\/strong><br \/>(+11 for winning)
|raw|Feyitomi's rating: 1309 &rarr; <strong>1298<\/strong><br \/>(-11 for losing)
|leave|Smelliot95