|join|Feyitomi
|join|Aka DH
|player|p1|Feyitomi|214
|player|p2|Aka DH|68
|gametype|singles
|gen|6
|tier|ORAS OU
|rated
|rule|Sleep Clause Mod: Limit one foe put to sleep
|rule|Species Clause: Limit one of each PokÃ©mon
|rule|OHKO Clause: OHKO moves are banned
|rule|Moody Clause: Moody is banned
|rule|Evasion Moves Clause: Evasion moves are banned
|rule|Endless Battle Clause: Forcing endless battles is banned
|rule|HP Percentage Mod: HP is shown in percentages
|clearpoke
|poke|p1|Salamence, M
|poke|p1|Azelf
|poke|p1|Azumarill, M
|poke|p1|Thundurus, M
|poke|p1|Excadrill, F
|poke|p1|Talonflame, F
|poke|p2|Bisharp, F
|poke|p2|Venusaur, M
|poke|p2|Heatran, M
|poke|p2|Keldeo
|poke|p2|Chansey, F
|poke|p2|Skarmory, F
|rule|Swagger Clause: Swagger is banned
|rule|Baton Pass Clause: Limit one PokÃ©mon knowing Baton Pass
|teampreview
|join|uCan'tSeeMe
|
|start
|switch|p1a: Azelf|Azelf|291\/291
|switch|p2a: Heatran|Heatran, M|340\/340
|-item|p2a: Heatran|Air Balloon
|turn|1
|c| uCan'tSeeMe|go bloody!
|join|i came from leddit
|join|CleanerThanRotom-W
|
|move|p1a: Azelf|Taunt|p2a: Heatran
|-start|p2a: Heatran|move: Taunt
|move|p2a: Heatran|Fire Blast|p1a: Azelf
|-damage|p1a: Azelf|87\/291
|
|turn|2
|c| CleanerThanRotom-W|go bloody!
|c| i came from leddit|go cleaner!
|c| uCan'tSeeMe|lol
|
|move|p1a: Azelf|Stealth Rock|p2a: Heatran
|-sidestart|p2: Aka DH|move: Stealth Rock
|move|p2a: Heatran|Fire Blast|p1a: Azelf
|-damage|p1a: Azelf|0 fnt
|faint|p1a: Azelf
|
|
|switch|p1a: Azumarill|Azumarill, M|404\/404
|turn|3
|
|switch|p2a: Venusaur|Venusaur, M|364\/364
|-damage|p2a: Venusaur|319\/364|[from] Stealth Rock
|move|p1a: Azumarill|Belly Drum|p1a: Azumarill
|-damage|p1a: Azumarill|202\/404
|-setboost|p1a: Azumarill|atk|6|[from] move: Belly Drum
|-enditem|p1a: Azumarill|Sitrus Berry|[eat]
|-heal|p1a: Azumarill|303\/404|[from] item: Sitrus Berry
|
|turn|4
|
|detailschange|p2a: Venusaur|Venusaur-Mega, M
|message|Venusaur has Mega Evolved into Mega Venusaur!
|move|p2a: Venusaur|Giga Drain|p1a: Azumarill
|-supereffective|p1a: Azumarill
|-damage|p1a: Azumarill|37\/404
|-heal|p2a: Venusaur|364\/364|[from] drain|[of] p1a: Azumarill
|move|p1a: Azumarill|Play Rough|p2a: Venusaur
|-resisted|p2a: Venusaur
|-damage|p2a: Venusaur|137\/364
|
|turn|5
|
|move|p1a: Azumarill|Aqua Jet|p2a: Venusaur
|-resisted|p2a: Venusaur
|-damage|p2a: Venusaur|30\/364
|move|p2a: Venusaur|Synthesis|p2a: Venusaur
|-heal|p2a: Venusaur|212\/364
|
|turn|6
|
|move|p1a: Azumarill|Aqua Jet|p2a: Venusaur
|-resisted|p2a: Venusaur
|-damage|p2a: Venusaur|97\/364
|move|p2a: Venusaur|Giga Drain|p1a: Azumarill
|-supereffective|p1a: Azumarill
|-damage|p1a: Azumarill|0 fnt
|-heal|p2a: Venusaur|116\/364|[from] drain|[of] p1a: Azumarill
|faint|p1a: Azumarill
|
|
|switch|p1a: Excadrill|Excadrill, F|362\/362
|-ability|p1a: Excadrill|Mold Breaker
|turn|7
|
|switch|p1a: Thundurus|Thundurus, M|299\/299
|move|p2a: Venusaur|Synthesis|p2a: Venusaur
|-heal|p2a: Venusaur|298\/364
|
|turn|8
|
|move|p1a: Thundurus|Thunder Wave|p2a: Venusaur
|-status|p2a: Venusaur|par
|move|p2a: Venusaur|Leech Seed|p1a: Thundurus
|-start|p1a: Thundurus|move: Leech Seed
|
|-damage|p1a: Thundurus|262\/299|[from] Leech Seed|[of] p2a: Venusaur
|-heal|p2a: Venusaur|335\/364 par|[silent]
|turn|9
|join|CH Heavy Rain
|
|switch|p1a: Talonflame|Talonflame, F|297\/297
|move|p2a: Venusaur|Leech Seed|p1a: Talonflame
|-start|p1a: Talonflame|move: Leech Seed
|
|-damage|p1a: Talonflame|260\/297|[from] Leech Seed|[of] p2a: Venusaur
|-heal|p2a: Venusaur|364\/364 par|[silent]
|turn|10
|
|move|p1a: Talonflame|U-turn|p2a: Venusaur
|-damage|p2a: Venusaur|303\/364 par
|
|switch|p1a: Salamence|Salamence, M|361\/361
|-ability|p1a: Salamence|Intimidate|[of] p2a: Venusaur
|-unboost|p2a: Venusaur|atk|1
|move|p2a: Venusaur|Leech Seed|p1a: Salamence
|-start|p1a: Salamence|move: Leech Seed
|
|-damage|p1a: Salamence|316\/361|[from] Leech Seed|[of] p2a: Venusaur
|-heal|p2a: Venusaur|348\/364 par|[silent]
|turn|11
|
|switch|p1a: Talonflame|Talonflame, F|260\/297
|switch|p2a: Skarmory|Skarmory, F|334\/334
|-damage|p2a: Skarmory|293\/334|[from] Stealth Rock
|
|turn|12
|
|move|p1a: Talonflame|Flare Blitz|p2a: Skarmory
|-supereffective|p2a: Skarmory
|-damage|p2a: Skarmory|0 fnt
|-damage|p1a: Talonflame|211\/297|[from] item: Rocky Helmet|[of] p2a: Skarmory
|-damage|p1a: Talonflame|114\/297|[from] recoil|[of] p2a: Skarmory
|faint|p2a: Skarmory
|
|
|switch|p2a: Heatran|Heatran, M|340\/340
|-damage|p2a: Heatran|298\/340|[from] Stealth Rock
|-item|p2a: Heatran|Air Balloon
|turn|13
|join|CH Cold Frozen
|
|switch|p1a: Salamence|Salamence, M|316\/361
|-ability|p1a: Salamence|Intimidate|[of] p2a: Heatran
|-unboost|p2a: Heatran|atk|1
|move|p2a: Heatran|Stealth Rock|p1a: Salamence
|-sidestart|p1: Feyitomi|move: Stealth Rock
|
|turn|14
|
|detailschange|p1a: Salamence|Salamence-Mega, M
|message|Salamence has Mega Evolved into Mega Salamence!
|move|p2a: Heatran|Toxic|p1a: Salamence
|-status|p1a: Salamence|tox
|move|p1a: Salamence|Substitute|p1a: Salamence
|-start|p1a: Salamence|Substitute
|-damage|p1a: Salamence|226\/361 tox
|
|-damage|p1a: Salamence|204\/361 tox|[from] psn
|turn|15
|join|CH Frozen Cold
|leave|CH Frozen Cold
|
|move|p1a: Salamence|Dragon Dance|p1a: Salamence
|-boost|p1a: Salamence|atk|1
|-boost|p1a: Salamence|spe|1
|move|p2a: Heatran|Taunt|p1a: Salamence
|-start|p1a: Salamence|move: Taunt
|
|-damage|p1a: Salamence|160\/361 tox|[from] psn
|turn|16
|
|move|p1a: Salamence|Frustration|p2a: Heatran
|-resisted|p2a: Heatran
|-damage|p2a: Heatran|128\/340
|-enditem|p2a: Heatran|Air Balloon
|move|p2a: Heatran|Fire Blast|p1a: Salamence
|-crit|p1a: Salamence
|-resisted|p1a: Salamence
|-end|p1a: Salamence|Substitute
|
|-damage|p1a: Salamence|94\/361 tox|[from] psn
|turn|17
|
|move|p1a: Salamence|Earthquake|p2a: Heatran
|-supereffective|p2a: Heatran
|-damage|p2a: Heatran|0 fnt
|faint|p2a: Heatran
|
|-damage|p1a: Salamence|6\/361 tox|[from] psn
|
|switch|p2a: Bisharp|Bisharp, F|334\/334
|-damage|p2a: Bisharp|314\/334|[from] Stealth Rock
|turn|18
|
|switch|p1a: Excadrill|Excadrill, F|362\/362
|-damage|p1a: Excadrill|351\/362|[from] Stealth Rock
|-ability|p1a: Excadrill|Mold Breaker
|move|p2a: Bisharp|Sucker Punch|p1a: Excadrill
|-fail|p1a: Excadrill
|
|-heal|p2a: Bisharp|334\/334|[from] item: Leftovers
|turn|19
|
|switch|p2a: Venusaur|Venusaur-Mega, M|348\/364 par
|-damage|p2a: Venusaur|303\/364 par|[from] Stealth Rock
|move|p1a: Excadrill|Rapid Spin|p2a: Venusaur
|-damage|p2a: Venusaur|285\/364 par
|-sideend|p1: Feyitomi|Stealth Rock|[from] move: Rapid Spin|[of] p1a: Excadrill
|
|turn|20
|
|switch|p1a: Salamence|Salamence-Mega, M|6\/361 tox
|cant|p2a: Venusaur|par
|
|-damage|p1a: Salamence|0 fnt|[from] psn
|faint|p1a: Salamence
|
|switch|p1a: Talonflame|Talonflame, F|114\/297
|turn|21
|
|switch|p2a: Chansey|Chansey, F|684\/684
|-damage|p2a: Chansey|599\/684|[from] Stealth Rock
|move|p1a: Talonflame|Brave Bird|p2a: Chansey
|-damage|p2a: Chansey|266\/684
|-damage|p1a: Talonflame|4\/297|[from] recoil|[of] p2a: Chansey
|
|turn|22
|
|move|p1a: Talonflame|Brave Bird|p2a: Chansey
|-damage|p2a: Chansey|0 fnt
|-damage|p1a: Talonflame|0 fnt|[from] recoil|[of] p2a: Chansey
|faint|p2a: Chansey
|faint|p1a: Talonflame
|
|
|switch|p1a: Excadrill|Excadrill, F|351\/362
|switch|p2a: Venusaur|Venusaur-Mega, M|285\/364 par
|-damage|p2a: Venusaur|240\/364 par|[from] Stealth Rock
|-ability|p1a: Excadrill|Mold Breaker
|turn|23
|
|move|p1a: Excadrill|Earthquake|p2a: Venusaur
|-damage|p2a: Venusaur|120\/364 par
|move|p2a: Venusaur|Giga Drain|p1a: Excadrill
|-damage|p1a: Excadrill|204\/362
|-heal|p2a: Venusaur|194\/364 par|[from] drain|[of] p1a: Excadrill
|
|turn|24
|
|move|p1a: Excadrill|Earthquake|p2a: Venusaur
|-damage|p2a: Venusaur|74\/364 par
|cant|p2a: Venusaur|par
|
|turn|25
|
|move|p1a: Excadrill|Earthquake|p2a: Venusaur
|-crit|p2a: Venusaur
|-damage|p2a: Venusaur|0 fnt
|faint|p2a: Venusaur
|
|c| i came from leddit|whats the next
|c| uCan'tSeeMe|my venu ,,,
|
|switch|p2a: Bisharp|Bisharp, F|334\/334
|-damage|p2a: Bisharp|314\/334|[from] Stealth Rock
|turn|26
|
|move|p2a: Bisharp|Sucker Punch|p1a: Excadrill
|-damage|p1a: Excadrill|0 fnt
|faint|p1a: Excadrill
|
|-heal|p2a: Bisharp|334\/334|[from] item: Leftovers
|
|switch|p1a: Thundurus|Thundurus, M|262\/299
|turn|27
|
|switch|p2a: Keldeo|Keldeo|323\/323
|-damage|p2a: Keldeo|303\/323|[from] Stealth Rock
|move|p1a: Thundurus|Thunderbolt|p2a: Keldeo
|-supereffective|p2a: Keldeo
|-damage|p2a: Keldeo|0 fnt
|-damage|p1a: Thundurus|233\/299|[from] item: Life Orb
|faint|p2a: Keldeo
|
|
|switch|p2a: Bisharp|Bisharp, F|334\/334
|-damage|p2a: Bisharp|314\/334|[from] Stealth Rock
|turn|28
|
|move|p1a: Thundurus|Thunderbolt|p2a: Bisharp
|-damage|p2a: Bisharp|33\/334
|-damage|p1a: Thundurus|204\/299|[from] item: Life Orb
|move|p2a: Bisharp|Knock Off|p1a: Thundurus
|-damage|p1a: Thundurus|0 fnt
|-enditem|p1a: Thundurus|Life Orb|[from] move: Knock Off|[of] p2a: Bisharp
|faint|p1a: Thundurus
|
|win|Aka DH
|raw|Ladder updating...
|raw|Feyitomi's rating: 1517 &rarr; <strong>1500<\/strong><br \/>(-17 for losing)
|raw|Aka DH's rating: 1573 &rarr; <strong>1590<\/strong><br \/>(+17 for winning)
|c| uCan'tSeeMe|rekt
|leave|Feyitomi
|player|p1
|c|âAka DH|bulky
|c| uCan'tSeeMe|bisharps spread
|leave|CleanerThanRotom-W
|c| uCan'tSeeMe|...
|leave|Aka DH
|player|p2
|join|oras time
|leave|i came from leddit