|join|Feyitomi
|join|Reverb
|player|p1|Feyitomi|214
|player|p2|Reverb|#reverb
|gametype|singles
|gen|6
|tier|ORAS OU
|rated
|rule|Sleep Clause Mod: Limit one foe put to sleep
|rule|Species Clause: Limit one of each PokÃ©mon
|rule|OHKO Clause: OHKO moves are banned
|rule|Moody Clause: Moody is banned
|rule|Evasion Moves Clause: Evasion moves are banned
|rule|Endless Battle Clause: Forcing endless battles is banned
|rule|HP Percentage Mod: HP is shown in percentages
|clearpoke
|poke|p1|Salamence, F
|poke|p1|Azelf
|poke|p1|Azumarill, M
|poke|p1|Thundurus, M
|poke|p1|Excadrill, M
|poke|p1|Talonflame, M
|poke|p2|Landorus-Therian, M
|poke|p2|Conkeldurr, F
|poke|p2|Magnezone
|poke|p2|Azumarill, F
|poke|p2|Salamence, F
|poke|p2|Empoleon, M
|rule|Swagger Clause: Swagger is banned
|rule|Baton Pass Clause: Limit one PokÃ©mon knowing Baton Pass
|teampreview
|join|I ABR I
|
|start
|switch|p1a: Azelf|Azelf|291\/291
|switch|p2a: Landorus-Therian|Landorus-Therian, M|327\/327
|-ability|p2a: Landorus-Therian|Intimidate|[of] p1a: Azelf
|-unboost|p1a: Azelf|atk|1
|turn|1
|join|Austin
|join|Sparklet
|
|move|p2a: Landorus-Therian|U-turn|p1a: Azelf
|-supereffective|p1a: Azelf
|-damage|p1a: Azelf|41\/291
|
|switch|p2a: Empoleon|Empoleon, M|371\/371
|move|p1a: Azelf|Stealth Rock|p2a: Empoleon
|-sidestart|p2: Reverb|move: Stealth Rock
|
|turn|2
|
|switch|p2a: Landorus-Therian|Landorus-Therian, M|327\/327
|-damage|p2a: Landorus-Therian|287\/327|[from] Stealth Rock
|-ability|p2a: Landorus-Therian|Intimidate|[of] p1a: Azelf
|-unboost|p1a: Azelf|atk|1
|move|p1a: Azelf|Taunt|p2a: Landorus-Therian
|-start|p2a: Landorus-Therian|move: Taunt
|
|turn|3
|join|NuB Central
|
|move|p2a: Landorus-Therian|U-turn|p1a: Azelf
|-supereffective|p1a: Azelf
|-damage|p1a: Azelf|0 fnt
|faint|p1a: Azelf
|c| NuB Central|you have ocd
|c| NuB Central|confirmed
|
|switch|p2a: Azumarill|Azumarill, F|349\/349
|-damage|p2a: Azumarill|306\/349|[from] Stealth Rock
|
|
|switch|p1a: Thundurus|Thundurus, M|299\/299
|turn|4
|
|switch|p2a: Conkeldurr|Conkeldurr, F|365\/365
|-damage|p2a: Conkeldurr|343\/365|[from] Stealth Rock
|move|p1a: Thundurus|Thunderbolt|p2a: Conkeldurr
|-damage|p2a: Conkeldurr|197\/365
|-damage|p1a: Thundurus|270\/299|[from] item: Life Orb
|
|turn|5
|join|Cienight
|
|switch|p1a: Azumarill|Azumarill, M|404\/404
|switch|p2a: Empoleon|Empoleon, M|371\/371
|-damage|p2a: Empoleon|348\/371|[from] Stealth Rock
|
|-heal|p2a: Empoleon|371\/371|[from] item: Leftovers
|turn|6
|
|move|p2a: Empoleon|Defog|p1a: Azumarill
|-unboost|p1a: Azumarill|evasion|1
|-sideend|p2: Reverb|Stealth Rock|[from] move: Defog|[of] p2a: Empoleon
|move|p1a: Azumarill|Belly Drum|p1a: Azumarill
|-damage|p1a: Azumarill|202\/404
|-setboost|p1a: Azumarill|atk|6|[from] move: Belly Drum
|-enditem|p1a: Azumarill|Sitrus Berry|[eat]
|-heal|p1a: Azumarill|303\/404|[from] item: Sitrus Berry
|
|turn|7
|c| I ABR I|banded spower go
|join|Jukain
|c| NuB Central|mence checks this so easily
|
|switch|p2a: Conkeldurr|Conkeldurr, F|197\/365
|move|p1a: Azumarill|Play Rough|p2a: Conkeldurr
|-supereffective|p2a: Conkeldurr
|-damage|p2a: Conkeldurr|0 fnt
|faint|p2a: Conkeldurr
|
|c| Cienight|if hes smart enough he has brick brack
|c| Cienight|not super power
|c| I ABR I|eh does it do 75
|
|switch|p2a: Salamence|Salamence, F|331\/331
|-ability|p2a: Salamence|Intimidate|[of] p1a: Azumarill
|-unboost|p1a: Azumarill|atk|1
|turn|8
|c|âFeyitomi|yeah, after i remove half you hp
|join|AM
|c| NuB Central|he eats thos
|c|âReverb|no it doesnt
|c| NuB Central|watch
|
|detailschange|p2a: Salamence|Salamence-Mega, F
|message|Salamence has Mega Evolved into Mega Salamence!
|move|p1a: Azumarill|Aqua Jet|p2a: Salamence
|-resisted|p2a: Salamence
|-damage|p2a: Salamence|205\/331
|move|p2a: Salamence|Frustration|p1a: Azumarill
|-damage|p1a: Azumarill|0 fnt
|faint|p1a: Azumarill
|
|join|CleanerThanRotom-W
|c|âFeyitomi|lol
|c| I ABR I|...
|c| I ABR I|o
|join|rnrzrnr
|
|switch|p1a: Salamence|Salamence, F|361\/361
|-ability|p1a: Salamence|Intimidate|[of] p2a: Salamence
|-unboost|p2a: Salamence|atk|1
|turn|9
|c| I ABR I|it does do 75
|join|illestt
|leave|CleanerThanRotom-W
|
|switch|p2a: Empoleon|Empoleon, M|371\/371
|detailschange|p1a: Salamence|Salamence-Mega, F
|message|Salamence has Mega Evolved into Mega Salamence!
|move|p1a: Salamence|Dragon Dance|p1a: Salamence
|-boost|p1a: Salamence|atk|1
|-boost|p1a: Salamence|spe|1
|
|turn|10
|c| NuB Central|too OP
|c| I ABR I|but now ur setup fodder
|leave|rnrzrnr
|c|+Jukain|nah
|
|switch|p2a: Landorus-Therian|Landorus-Therian, M|287\/327
|-ability|p2a: Landorus-Therian|Intimidate|[of] p1a: Salamence
|-unboost|p1a: Salamence|atk|1
|move|p1a: Salamence|Substitute|p1a: Salamence
|-start|p1a: Salamence|Substitute
|-damage|p1a: Salamence|271\/361
|
|turn|11
|c| I ABR I|nb
|c|+Jukain|lol the play
|
|move|p1a: Salamence|Dragon Dance|p1a: Salamence
|-boost|p1a: Salamence|atk|1
|-boost|p1a: Salamence|spe|1
|move|p2a: Landorus-Therian|U-turn|p1a: Salamence
|-resisted|p1a: Salamence
|-activate|p1a: Salamence|Substitute|[damage]
|
|switch|p2a: Empoleon|Empoleon, M|371\/371
|
|turn|12
|c|+AM|rip
|c| I ABR I|gg lol
|
|move|p1a: Salamence|Earthquake|p2a: Empoleon
|-supereffective|p2a: Empoleon
|-damage|p2a: Empoleon|53\/371
|move|p2a: Empoleon|Roar|p1a: Salamence
|drag|p1a: Talonflame|Talonflame, M|297\/297
|
|-heal|p2a: Empoleon|76\/371|[from] item: Leftovers
|turn|13
|join|Omzig
|c|+Jukain|o this tanks it
|c|+Jukain|nb
|c| NuB Central|u guys
|c| I ABR I|the phys def empo
|c| I ABR I|is real
|c| NuB Central|are such noobs
|
|move|p1a: Talonflame|Brave Bird|p2a: Empoleon
|-resisted|p2a: Empoleon
|-damage|p2a: Empoleon|0 fnt
|-damage|p1a: Talonflame|272\/297|[from] recoil|[of] p2a: Empoleon
|faint|p2a: Empoleon
|
|c| NuB Central|stfu
|c|+AM|nice
|c|+AM|lol
|c| NuB Central|XD
|c| Omzig|NuB central
|c| Omzig|shut your cornball ass up hoe
|c| NuB Central|whats a cornball
|leave|Cienight
|c| NuB Central|good one bra
|
|switch|p2a: Salamence|Salamence-Mega, F|205\/331
|turn|14
|c| Omzig|you slut
|
|move|p1a: Talonflame|Brave Bird|p2a: Salamence
|-damage|p2a: Salamence|1\/331
|-damage|p1a: Talonflame|205\/297|[from] recoil|[of] p2a: Salamence
|move|p2a: Salamence|Frustration|p1a: Talonflame
|-damage|p1a: Talonflame|0 fnt
|faint|p1a: Talonflame
|
|c| Omzig|"bra"
|c| Omzig|who are you kid
|
|switch|p1a: Thundurus|Thundurus, M|270\/299
|turn|15
|
|move|p2a: Salamence|Frustration|p1a: Thundurus
|-resisted|p1a: Thundurus
|-damage|p1a: Thundurus|94\/299
|move|p1a: Thundurus|Hidden Power|p2a: Salamence
|-supereffective|p2a: Salamence
|-damage|p2a: Salamence|0 fnt
|-damage|p1a: Thundurus|65\/299|[from] item: Life Orb
|faint|p2a: Salamence
|
|c| NuB Central|ur superior
|c| NuB Central|thats all
|join|Burger Patty
|
|switch|p2a: Landorus-Therian|Landorus-Therian, M|287\/327
|-ability|p2a: Landorus-Therian|Intimidate|[of] p1a: Thundurus
|-unboost|p1a: Thundurus|atk|1
|turn|16
|c| Omzig|I would 6-0 you with my level 100 dragonite
|leave|AM
|join|AjTheEpic
|
|move|p2a: Landorus-Therian|U-turn|p1a: Thundurus
|-resisted|p1a: Thundurus
|-damage|p1a: Thundurus|3\/299
|
|switch|p2a: Magnezone|Magnezone|282\/282
|move|p1a: Thundurus|Thunderbolt|p2a: Magnezone
|-resisted|p2a: Magnezone
|-damage|p2a: Magnezone|177\/282
|-damage|p1a: Thundurus|0 fnt|[from] item: Life Orb
|faint|p1a: Thundurus
|
|
|switch|p1a: Salamence|Salamence-Mega, F|271\/361
|turn|17
|c| AjTheEpic|That freaking mence is around
|
|move|p2a: Magnezone|Volt Switch|p1a: Salamence
|-crit|p1a: Salamence
|-damage|p1a: Salamence|75\/361
|
|switch|p2a: Landorus-Therian|Landorus-Therian, M|287\/327
|-ability|p2a: Landorus-Therian|Intimidate|[of] p1a: Salamence
|-unboost|p1a: Salamence|atk|1
|move|p1a: Salamence|Dragon Dance|p1a: Salamence
|-boost|p1a: Salamence|atk|1
|-boost|p1a: Salamence|spe|1
|
|turn|18
|c| Omzig|jk mob o3o
|
|move|p1a: Salamence|Frustration|p2a: Landorus-Therian
|-damage|p2a: Landorus-Therian|0 fnt
|faint|p2a: Landorus-Therian
|
|
|switch|p2a: Azumarill|Azumarill, F|306\/349
|turn|19
|c| AjTheEpic|oml
|
|move|p2a: Azumarill|Aqua Jet|p1a: Salamence
|-resisted|p1a: Salamence
|-damage|p1a: Salamence|25\/361
|move|p1a: Salamence|Frustration|p2a: Azumarill
|-damage|p2a: Azumarill|11\/349
|
|turn|20
|c| AjTheEpic|It's so broke
|c| AjTheEpic|plz ban
|c| I ABR I|y didnt u mence sac
|c| Omzig|OML
|c|âFeyitomi|ggggg
|c| I ABR I|uh
|c| I ABR I|mag*
|c| Omzig|LOL
|c|+Jukain|damn o\/
|
|move|p2a: Azumarill|Aqua Jet|p1a: Salamence
|-resisted|p1a: Salamence
|-damage|p1a: Salamence|0 fnt
|faint|p1a: Salamence
|
|
|switch|p1a: Excadrill|Excadrill, M|362\/362
|-ability|p1a: Excadrill|Mold Breaker
|turn|21
|join|jake5
|c| Omzig|THOSE WHERE THE GREATEST TWO TURNS
|
|move|p2a: Azumarill|Aqua Jet|p1a: Excadrill
|-supereffective|p1a: Excadrill
|-damage|p1a: Excadrill|0 fnt
|faint|p1a: Excadrill
|
|win|Reverb
|raw|Ladder updating...
|c| Omzig|I'VE EVER SEEN
|raw|Feyitomi's rating: 1527 &rarr; <strong>1509<\/strong><br \/>(-18 for losing)
|raw|Reverb's rating: 1567 &rarr; <strong>1584<\/strong><br \/>(+17 for winning)
|c|âReverb|gg
|c|+Jukain|that vswitch crit
|c| AjTheEpic|azumarill actually saving the game
|c|+Jukain|actually fucked him
|c|âFeyitomi|lol
|c| AjTheEpic|wow
|c|+Jukain|not even bad