|join|feyitomi
|join|slurpuffizfood
|player|p1|feyitomi|214
|player|p2|slurpuffizfood|268
|gametype|singles
|gen|6
|tier|ORAS OU
|rated
|rule|Sleep Clause Mod: Limit one foe put to sleep
|rule|Species Clause: Limit one of each PokÃ©mon
|rule|OHKO Clause: OHKO moves are banned
|rule|Moody Clause: Moody is banned
|rule|Evasion Moves Clause: Evasion moves are banned
|rule|Endless Battle Clause: Forcing endless battles is banned
|rule|HP Percentage Mod: HP is shown in percentages
|clearpoke
|poke|p1|Salamence, M
|poke|p1|Azelf
|poke|p1|Azumarill, M
|poke|p1|Thundurus, M
|poke|p1|Excadrill, F
|poke|p1|Talonflame, M
|poke|p2|Slowbro, M
|poke|p2|Amoonguss, M
|poke|p2|Darmanitan, M
|poke|p2|Landorus, M
|poke|p2|Mamoswine, M
|poke|p2|Lucario, F
|rule|Swagger Clause: Swagger is banned
|rule|Baton Pass Clause: Limit one PokÃ©mon knowing Baton Pass
|teampreview
|
|start
|switch|p1a: Azelf|Azelf|291\/291
|switch|p2a: Darmanitan|Darmanitan, M|351\/351
|turn|1
|
|move|p2a: Darmanitan|U-turn|p1a: Azelf
|-crit|p1a: Azelf
|-supereffective|p1a: Azelf
|-enditem|p1a: Azelf|Focus Sash
|-damage|p1a: Azelf|1\/291
|
|switch|p2a: Lucario|Lucario, F|281\/281
|move|p1a: Azelf|Stealth Rock|p2a: Lucario
|-sidestart|p2: slurpuffizfood|move: Stealth Rock
|
|turn|2
|
|move|p2a: Lucario|Extreme Speed|p1a: Azelf
|-damage|p1a: Azelf|0 fnt
|-damage|p2a: Lucario|253\/281|[from] item: Life Orb
|faint|p1a: Azelf
|
|
|switch|p1a: Salamence|Salamence, M|361\/361
|-ability|p1a: Salamence|Intimidate|[of] p2a: Lucario
|-unboost|p2a: Lucario|atk|1
|turn|3
|
|switch|p1a: Azumarill|Azumarill, M|404\/404
|move|p2a: Lucario|Swords Dance|p2a: Lucario
|-boost|p2a: Lucario|atk|2
|
|turn|4
|
|move|p2a: Lucario|Earthquake|p1a: Azumarill
|-damage|p1a: Azumarill|161\/404
|-damage|p2a: Lucario|225\/281|[from] item: Life Orb
|-enditem|p1a: Azumarill|Sitrus Berry|[eat]
|-heal|p1a: Azumarill|262\/404|[from] item: Sitrus Berry
|move|p1a: Azumarill|Play Rough|p2a: Lucario
|-damage|p2a: Lucario|0 fnt
|faint|p2a: Lucario
|
|
|switch|p2a: Amoonguss|Amoonguss, M|431\/431
|-damage|p2a: Amoonguss|378\/431|[from] Stealth Rock
|turn|5
|
|switch|p1a: Thundurus|Thundurus, M|299\/299
|move|p2a: Amoonguss|Spore|p1a: Thundurus
|-status|p1a: Thundurus|slp
|
|-heal|p2a: Amoonguss|404\/431|[from] item: Leftovers
|turn|6
|
|switch|p1a: Talonflame|Talonflame, M|297\/297
|move|p2a: Amoonguss|Foul Play|p1a: Talonflame
|-damage|p1a: Talonflame|187\/297
|
|-heal|p2a: Amoonguss|430\/431|[from] item: Leftovers
|turn|7
|
|switch|p2a: Slowbro|Slowbro, M|393\/393
|-damage|p2a: Slowbro|344\/393|[from] Stealth Rock
|move|p1a: Talonflame|Brave Bird|p2a: Slowbro
|-damage|p2a: Slowbro|170\/393
|-damage|p1a: Talonflame|130\/297|[from] recoil|[of] p2a: Slowbro
|
|turn|8
|
|detailschange|p2a: Slowbro|Slowbro-Mega, M
|message|Slowbro has Mega Evolved into Mega Slowbro!
|move|p1a: Talonflame|Brave Bird|p2a: Slowbro
|-damage|p2a: Slowbro|43\/393
|-damage|p1a: Talonflame|88\/297|[from] recoil|[of] p2a: Slowbro
|move|p2a: Slowbro|Rest|p2a: Slowbro
|-status|p2a: Slowbro|slp
|-heal|p2a: Slowbro|393\/393 slp|[silent]
|-status|p2a: Slowbro|slp|[from] move: Rest
|
|turn|9
|
|switch|p1a: Azumarill|Azumarill, M|262\/404
|cant|p2a: Slowbro|slp
|move|p2a: Slowbro|Sleep Talk|p2a: Slowbro
|move|p2a: Slowbro|Rest|p2a: Slowbro|[from]Sleep Talk
|-fail|p2a: Slowbro
|
|turn|10
|
|switch|p2a: Amoonguss|Amoonguss, M|431\/431
|-damage|p2a: Amoonguss|378\/431|[from] Stealth Rock
|move|p1a: Azumarill|Belly Drum|p1a: Azumarill
|-damage|p1a: Azumarill|60\/404
|-setboost|p1a: Azumarill|atk|6|[from] move: Belly Drum
|
|-heal|p2a: Amoonguss|404\/431|[from] item: Leftovers
|turn|11
|
|move|p1a: Azumarill|Play Rough|p2a: Amoonguss
|-resisted|p2a: Amoonguss
|-damage|p2a: Amoonguss|0 fnt
|faint|p2a: Amoonguss
|
|
|switch|p2a: Mamoswine|Mamoswine, M|361\/361
|-damage|p2a: Mamoswine|316\/361|[from] Stealth Rock
|turn|12
|
|move|p2a: Mamoswine|Ice Shard|p1a: Azumarill
|-resisted|p1a: Azumarill
|-damage|p1a: Azumarill|0 fnt
|-damage|p2a: Mamoswine|280\/361|[from] item: Life Orb
|faint|p1a: Azumarill
|
|
|switch|p1a: Talonflame|Talonflame, M|88\/297
|turn|13
|
|switch|p2a: Slowbro|Slowbro-Mega, M|393\/393 slp
|-damage|p2a: Slowbro|344\/393 slp|[from] Stealth Rock
|move|p1a: Talonflame|U-turn|p2a: Slowbro
|-supereffective|p2a: Slowbro
|-damage|p2a: Slowbro|250\/393 slp
|
|switch|p1a: Salamence|Salamence, M|361\/361
|-ability|p1a: Salamence|Intimidate|[of] p2a: Slowbro
|-unboost|p2a: Slowbro|atk|1
|
|turn|14
|
|detailschange|p1a: Salamence|Salamence-Mega, M
|message|Salamence has Mega Evolved into Mega Salamence!
|move|p1a: Salamence|Substitute|p1a: Salamence
|-start|p1a: Salamence|Substitute
|-damage|p1a: Salamence|271\/361
|cant|p2a: Slowbro|slp
|move|p2a: Slowbro|Sleep Talk|p2a: Slowbro
|move|p2a: Slowbro|Calm Mind|p2a: Slowbro|[from]Sleep Talk
|-boost|p2a: Slowbro|spa|1
|-boost|p2a: Slowbro|spd|1
|
|turn|15
|
|move|p1a: Salamence|Dragon Dance|p1a: Salamence
|-boost|p1a: Salamence|atk|1
|-boost|p1a: Salamence|spe|1
|-curestatus|p2a: Slowbro|slp
|move|p2a: Slowbro|Scald|p1a: Salamence
|-resisted|p1a: Salamence
|-end|p1a: Salamence|Substitute
|
|turn|16
|
|move|p1a: Salamence|Frustration|p2a: Slowbro
|-damage|p2a: Slowbro|39\/393
|move|p2a: Slowbro|Scald|p1a: Salamence
|-resisted|p1a: Salamence
|-damage|p1a: Salamence|173\/361
|-status|p1a: Salamence|brn
|
|-damage|p1a: Salamence|128\/361 brn|[from] brn
|turn|17
|
|move|p1a: Salamence|Frustration|p2a: Slowbro
|-damage|p2a: Slowbro|0 fnt
|faint|p2a: Slowbro
|
|-damage|p1a: Salamence|83\/361 brn|[from] brn
|
|switch|p2a: Mamoswine|Mamoswine, M|280\/361
|-damage|p2a: Mamoswine|235\/361|[from] Stealth Rock
|turn|18
|
|move|p2a: Mamoswine|Ice Shard|p1a: Salamence
|-supereffective|p1a: Salamence
|-damage|p1a: Salamence|0 fnt
|-damage|p2a: Mamoswine|199\/361|[from] item: Life Orb
|faint|p1a: Salamence
|
|
|switch|p1a: Talonflame|Talonflame, M|88\/297
|turn|19
|
|switch|p2a: Landorus|Landorus, M|319\/319
|-damage|p2a: Landorus|280\/319|[from] Stealth Rock
|move|p1a: Talonflame|Brave Bird|p2a: Landorus
|-damage|p2a: Landorus|9\/319
|-damage|p1a: Talonflame|0 fnt|[from] recoil|[of] p2a: Landorus
|faint|p1a: Talonflame
|
|
|switch|p1a: Excadrill|Excadrill, F|362\/362
|-ability|p1a: Excadrill|Mold Breaker
|turn|20
|
|move|p1a: Excadrill|Iron Head|p2a: Landorus
|-damage|p2a: Landorus|0 fnt
|faint|p2a: Landorus
|
|
|switch|p2a: Darmanitan|Darmanitan, M|351\/351
|-damage|p2a: Darmanitan|264\/351|[from] Stealth Rock
|turn|21
|
|switch|p1a: Thundurus|Thundurus, M|299\/299 slp
|move|p2a: Darmanitan|Flare Blitz|p1a: Thundurus
|-damage|p1a: Thundurus|0 fnt
|-damage|p2a: Darmanitan|165\/351|[from] recoil|[of] p1a: Thundurus
|faint|p1a: Thundurus
|
|c|âslurpuffizfood|gg
|
|switch|p1a: Excadrill|Excadrill, F|362\/362
|-ability|p1a: Excadrill|Mold Breaker
|turn|22
|c|âfeyitomi|gg
|
|move|p2a: Darmanitan|Flare Blitz|p1a: Excadrill
|-supereffective|p1a: Excadrill
|-damage|p1a: Excadrill|0 fnt
|-damage|p2a: Darmanitan|46\/351|[from] recoil|[of] p1a: Excadrill
|faint|p1a: Excadrill
|
|win|slurpuffizfood
|raw|Ladder updating...
|raw|feyitomi's rating: 1389 &rarr; <strong>1363<\/strong><br \/>(-26 for losing)
|raw|slurpuffizfood's rating: 1289 &rarr; <strong>1321<\/strong><br \/>(+32 for winning)
|leave|feyitomi
|player|p1