|join|Feyitomi
|join|Steahm Fish
|player|p1|Feyitomi|214
|player|p2|Steahm Fish|102
|gametype|singles
|gen|6
|tier|ORAS OU
|rated
|rule|Sleep Clause Mod: Limit one foe put to sleep
|rule|Species Clause: Limit one of each PokÃ©mon
|rule|OHKO Clause: OHKO moves are banned
|rule|Moody Clause: Moody is banned
|rule|Evasion Moves Clause: Evasion moves are banned
|rule|Endless Battle Clause: Forcing endless battles is banned
|rule|HP Percentage Mod: HP is shown in percentages
|clearpoke
|poke|p1|Salamence, F
|poke|p1|Azelf
|poke|p1|Azumarill, M
|poke|p1|Thundurus, M
|poke|p1|Excadrill, F
|poke|p1|Talonflame, M
|poke|p2|Latias, F
|poke|p2|Mamoswine, F
|poke|p2|Magnezone
|poke|p2|Latios, M
|poke|p2|Rotom-Wash
|poke|p2|Keldeo-Resolute
|rule|Swagger Clause: Swagger is banned
|rule|Baton Pass Clause: Limit one PokÃ©mon knowing Baton Pass
|teampreview
|
|start
|switch|p1a: Azelf|Azelf|291\/291
|switch|p2a: Rotom-Wash|Rotom-Wash|304\/304
|turn|1
|
|move|p1a: Azelf|Stealth Rock|p2a: Rotom-Wash
|-sidestart|p2: Steahm Fish|move: Stealth Rock
|move|p2a: Rotom-Wash|Volt Switch|p1a: Azelf
|-damage|p1a: Azelf|182\/291
|
|switch|p2a: Keldeo-Resolute|Keldeo-Resolute|324\/324
|-damage|p2a: Keldeo-Resolute|304\/324|[from] Stealth Rock
|
|turn|2
|
|move|p2a: Keldeo-Resolute|Scald|p1a: Azelf
|-damage|p1a: Azelf|0 fnt
|faint|p1a: Azelf
|
|
|switch|p1a: Talonflame|Talonflame, M|297\/297
|turn|3
|
|move|p2a: Keldeo-Resolute|Scald|p1a: Talonflame
|-supereffective|p1a: Talonflame
|-damage|p1a: Talonflame|0 fnt
|faint|p1a: Talonflame
|
|
|switch|p1a: Salamence|Salamence, F|361\/361
|-ability|p1a: Salamence|Intimidate|[of] p2a: Keldeo-Resolute
|-unboost|p2a: Keldeo-Resolute|atk|1
|turn|4
|
|switch|p2a: Rotom-Wash|Rotom-Wash|304\/304
|-damage|p2a: Rotom-Wash|266\/304|[from] Stealth Rock
|move|p1a: Salamence|Frustration|p2a: Rotom-Wash
|-damage|p2a: Rotom-Wash|174\/304
|
|-heal|p2a: Rotom-Wash|193\/304|[from] item: Leftovers
|turn|5
|
|detailschange|p1a: Salamence|Salamence-Mega, F
|message|Salamence has Mega Evolved into Mega Salamence!
|move|p1a: Salamence|Substitute|p1a: Salamence
|-start|p1a: Salamence|Substitute
|-damage|p1a: Salamence|271\/361
|move|p2a: Rotom-Wash|Will-O-Wisp|p1a: Salamence
|
|-heal|p2a: Rotom-Wash|212\/304|[from] item: Leftovers
|turn|6
|
|move|p1a: Salamence|Dragon Dance|p1a: Salamence
|-boost|p1a: Salamence|atk|1
|-boost|p1a: Salamence|spe|1
|move|p2a: Rotom-Wash|Volt Switch|p1a: Salamence
|-activate|p1a: Salamence|Substitute|[damage]
|
|switch|p2a: Magnezone|Magnezone|285\/285
|-damage|p2a: Magnezone|268\/285|[from] Stealth Rock
|
|turn|7
|
|move|p1a: Salamence|Earthquake|p2a: Magnezone
|-supereffective|p2a: Magnezone
|-damage|p2a: Magnezone|0 fnt
|faint|p2a: Magnezone
|
|
|switch|p2a: Rotom-Wash|Rotom-Wash|212\/304
|-damage|p2a: Rotom-Wash|174\/304|[from] Stealth Rock
|turn|8
|
|move|p1a: Salamence|Dragon Dance|p1a: Salamence
|-boost|p1a: Salamence|atk|1
|-boost|p1a: Salamence|spe|1
|move|p2a: Rotom-Wash|Volt Switch|p1a: Salamence
|-end|p1a: Salamence|Substitute
|
|switch|p2a: Mamoswine|Mamoswine, F|361\/361
|-damage|p2a: Mamoswine|316\/361|[from] Stealth Rock
|
|turn|9
|
|move|p2a: Mamoswine|Ice Shard|p1a: Salamence
|-supereffective|p1a: Salamence
|-damage|p1a: Salamence|0 fnt
|-damage|p2a: Mamoswine|280\/361|[from] item: Life Orb
|faint|p1a: Salamence
|
|
|switch|p1a: Azumarill|Azumarill, M|404\/404
|turn|10
|
|switch|p2a: Latios|Latios, M|301\/301
|-damage|p2a: Latios|264\/301|[from] Stealth Rock
|move|p1a: Azumarill|Belly Drum|p1a: Azumarill
|-damage|p1a: Azumarill|202\/404
|-setboost|p1a: Azumarill|atk|6|[from] move: Belly Drum
|-enditem|p1a: Azumarill|Sitrus Berry|[eat]
|-heal|p1a: Azumarill|303\/404|[from] item: Sitrus Berry
|
|turn|11
|
|move|p1a: Azumarill|Aqua Jet|p2a: Latios
|-resisted|p2a: Latios
|-damage|p2a: Latios|51\/301
|move|p2a: Latios|Psyshock|p1a: Azumarill
|-damage|p1a: Azumarill|79\/404
|-damage|p2a: Latios|21\/301|[from] item: Life Orb
|
|turn|12
|
|move|p1a: Azumarill|Aqua Jet|p2a: Latios
|-resisted|p2a: Latios
|-damage|p2a: Latios|0 fnt
|faint|p2a: Latios
|
|
|switch|p2a: Latias|Latias, F|364\/364
|-damage|p2a: Latias|319\/364|[from] Stealth Rock
|turn|13
|
|detailschange|p2a: Latias|Latias-Mega, F
|message|Latias has Mega Evolved into Mega Latias!
|move|p1a: Azumarill|Aqua Jet|p2a: Latias
|-resisted|p2a: Latias
|-damage|p2a: Latias|204\/364
|move|p2a: Latias|Psyshock|p1a: Azumarill
|-damage|p1a: Azumarill|0 fnt
|faint|p1a: Azumarill
|
|
|switch|p1a: Excadrill|Excadrill, F|362\/362
|-ability|p1a: Excadrill|Mold Breaker
|turn|14
|
|move|p1a: Excadrill|Earthquake|p2a: Latias
|-damage|p2a: Latias|63\/364
|move|p2a: Latias|Roost|p2a: Latias
|-heal|p2a: Latias|245\/364
|
|turn|15
|
|move|p1a: Excadrill|Earthquake|p2a: Latias
|-damage|p2a: Latias|98\/364
|move|p2a: Latias|Roost|p2a: Latias
|-heal|p2a: Latias|280\/364
|
|turn|16
|
|move|p1a: Excadrill|Earthquake|p2a: Latias
|-damage|p2a: Latias|153\/364
|move|p2a: Latias|Roost|p2a: Latias
|-heal|p2a: Latias|335\/364
|
|turn|17
|
|switch|p1a: Thundurus|Thundurus, M|299\/299
|move|p2a: Latias|Dragon Pulse|p1a: Thundurus
|-damage|p1a: Thundurus|140\/299
|
|turn|18
|
|move|p1a: Thundurus|Thunder Wave|p2a: Latias
|-status|p2a: Latias|par
|cant|p2a: Latias|par
|
|turn|19
|
|switch|p1a: Excadrill|Excadrill, F|362\/362
|-ability|p1a: Excadrill|Mold Breaker
|move|p2a: Latias|Dragon Pulse|p1a: Excadrill
|-resisted|p1a: Excadrill
|-damage|p1a: Excadrill|269\/362
|
|turn|20
|
|switch|p2a: Rotom-Wash|Rotom-Wash|174\/304
|-damage|p2a: Rotom-Wash|136\/304|[from] Stealth Rock
|move|p1a: Excadrill|Iron Head|p2a: Rotom-Wash
|-resisted|p2a: Rotom-Wash
|-damage|p2a: Rotom-Wash|107\/304
|
|-heal|p2a: Rotom-Wash|126\/304|[from] item: Leftovers
|turn|21
|
|switch|p1a: Thundurus|Thundurus, M|140\/299
|move|p2a: Rotom-Wash|Volt Switch|p1a: Thundurus
|-damage|p1a: Thundurus|28\/299
|
|switch|p2a: Mamoswine|Mamoswine, F|280\/361
|-damage|p2a: Mamoswine|235\/361|[from] Stealth Rock
|
|turn|22
|
|switch|p1a: Excadrill|Excadrill, F|269\/362
|-ability|p1a: Excadrill|Mold Breaker
|move|p2a: Mamoswine|Ice Shard|p1a: Excadrill
|-damage|p1a: Excadrill|120\/362
|-damage|p2a: Mamoswine|199\/361|[from] item: Life Orb
|
|turn|23
|
|move|p2a: Mamoswine|Ice Shard|p1a: Excadrill
|-damage|p1a: Excadrill|0 fnt
|-damage|p2a: Mamoswine|163\/361|[from] item: Life Orb
|faint|p1a: Excadrill
|
|-message|Feyitomi forfeited.
|
|win|Steahm Fish
|raw|Ladder updating...
|leave|Feyitomi
|player|p1
|raw|Feyitomi's rating: 1479 &rarr; <strong>1453<\/strong><br \/>(-26 for losing)
|raw|Steahm Fish's rating: 1360 &rarr; <strong>1386<\/strong><br \/>(+26 for winning)