|join|Feyitomi
|join|LimitedInfinity
|player|p1|Feyitomi|214
|player|p2|LimitedInfinity|1
|gametype|singles
|gen|6
|tier|ORAS OU
|rated
|rule|Sleep Clause Mod: Limit one foe put to sleep
|rule|Species Clause: Limit one of each PokÃ©mon
|rule|OHKO Clause: OHKO moves are banned
|rule|Moody Clause: Moody is banned
|rule|Evasion Moves Clause: Evasion moves are banned
|rule|Endless Battle Clause: Forcing endless battles is banned
|rule|HP Percentage Mod: HP is shown in percentages
|clearpoke
|poke|p1|Salamence, M
|poke|p1|Azelf
|poke|p1|Azumarill, M
|poke|p1|Thundurus, M
|poke|p1|Excadrill, M
|poke|p1|Talonflame, M
|poke|p2|Terrakion
|poke|p2|Keldeo
|poke|p2|Garchomp, M
|poke|p2|Heracross, F
|poke|p2|Bisharp, F
|poke|p2|Heatran, M
|rule|Swagger Clause: Swagger is banned
|rule|Baton Pass Clause: Limit one PokÃ©mon knowing Baton Pass
|teampreview
|
|start
|switch|p1a: Azelf|Azelf|291\/291
|switch|p2a: Heracross|Heracross, F|302\/302
|turn|1
|
|detailschange|p2a: Heracross|Heracross-Mega, F
|message|Heracross has Mega Evolved into Mega Heracross!
|move|p1a: Azelf|Stealth Rock|p2a: Heracross
|-sidestart|p2: LimitedInfinity|move: Stealth Rock
|move|p2a: Heracross|Pin Missile|p1a: Azelf
|-crit|p1a: Azelf
|-supereffective|p1a: Azelf
|-damage|p1a: Azelf|25\/291
|-supereffective|p1a: Azelf
|-damage|p1a: Azelf|0 fnt
|-hitcount|p1a: Azelf|2
|faint|p1a: Azelf
|
|
|switch|p1a: Talonflame|Talonflame, M|297\/297
|turn|2
|
|move|p1a: Talonflame|U-turn|p2a: Heracross
|-resisted|p2a: Heracross
|-damage|p2a: Heracross|260\/302
|
|switch|p1a: Excadrill|Excadrill, M|362\/362
|-ability|p1a: Excadrill|Mold Breaker
|move|p2a: Heracross|Rock Blast|p1a: Excadrill
|-resisted|p1a: Excadrill
|-damage|p1a: Excadrill|346\/362
|-resisted|p1a: Excadrill
|-damage|p1a: Excadrill|329\/362
|-crit|p1a: Excadrill
|-resisted|p1a: Excadrill
|-damage|p1a: Excadrill|305\/362
|-resisted|p1a: Excadrill
|-damage|p1a: Excadrill|290\/362
|-resisted|p1a: Excadrill
|-damage|p1a: Excadrill|274\/362
|-hitcount|p1a: Excadrill|5
|
|turn|3
|
|move|p1a: Excadrill|Iron Head|p2a: Heracross
|-damage|p2a: Heracross|124\/302
|move|p2a: Heracross|Close Combat|p1a: Excadrill
|-supereffective|p1a: Excadrill
|-damage|p1a: Excadrill|0 fnt
|-unboost|p2a: Heracross|def|1
|-unboost|p2a: Heracross|spd|1
|faint|p1a: Excadrill
|
|
|switch|p1a: Thundurus|Thundurus, M|299\/299
|turn|4
|
|move|p1a: Thundurus|Thunderbolt|p2a: Heracross
|-damage|p2a: Heracross|0 fnt
|-damage|p1a: Thundurus|270\/299|[from] item: Life Orb
|faint|p2a: Heracross
|
|
|switch|p2a: Heatran|Heatran, M|337\/337
|-damage|p2a: Heatran|295\/337|[from] Stealth Rock
|turn|5
|
|switch|p1a: Salamence|Salamence, M|361\/361
|-ability|p1a: Salamence|Intimidate|[of] p2a: Heatran
|-unboost|p2a: Heatran|atk|1
|move|p2a: Heatran|Lava Plume|p1a: Salamence
|-resisted|p1a: Salamence
|-damage|p1a: Salamence|262\/361
|-status|p1a: Salamence|brn
|
|-heal|p2a: Heatran|316\/337|[from] item: Leftovers
|-damage|p1a: Salamence|217\/361 brn|[from] brn
|turn|6
|
|detailschange|p1a: Salamence|Salamence-Mega, M
|message|Salamence has Mega Evolved into Mega Salamence!
|move|p1a: Salamence|Dragon Dance|p1a: Salamence
|-boost|p1a: Salamence|atk|1
|-boost|p1a: Salamence|spe|1
|move|p2a: Heatran|Flash Cannon|p1a: Salamence
|-damage|p1a: Salamence|34\/361 brn
|
|-heal|p2a: Heatran|337\/337|[from] item: Leftovers
|-damage|p1a: Salamence|0 fnt|[from] brn
|faint|p1a: Salamence
|
|switch|p1a: Azumarill|Azumarill, M|404\/404
|turn|7
|
|move|p2a: Heatran|Flash Cannon|p1a: Azumarill
|-damage|p1a: Azumarill|202\/404
|-enditem|p1a: Azumarill|Sitrus Berry|[eat]
|-heal|p1a: Azumarill|303\/404|[from] item: Sitrus Berry
|move|p1a: Azumarill|Belly Drum|p1a: Azumarill
|-damage|p1a: Azumarill|101\/404
|-setboost|p1a: Azumarill|atk|6|[from] move: Belly Drum
|
|turn|8
|
|move|p1a: Azumarill|Aqua Jet|p2a: Heatran
|-supereffective|p2a: Heatran
|-damage|p2a: Heatran|0 fnt
|faint|p2a: Heatran
|
|
|switch|p2a: Keldeo|Keldeo|323\/323
|-damage|p2a: Keldeo|303\/323|[from] Stealth Rock
|turn|9
|
|move|p1a: Azumarill|Aqua Jet|p2a: Keldeo
|-resisted|p2a: Keldeo
|-damage|p2a: Keldeo|109\/323
|move|p2a: Keldeo|Scald|p1a: Azumarill
|-resisted|p1a: Azumarill
|-damage|p1a: Azumarill|0 fnt
|faint|p1a: Azumarill
|
|
|switch|p1a: Thundurus|Thundurus, M|270\/299
|turn|10
|
|move|p1a: Thundurus|Thunderbolt|p2a: Keldeo
|-supereffective|p2a: Keldeo
|-damage|p2a: Keldeo|0 fnt
|-damage|p1a: Thundurus|241\/299|[from] item: Life Orb
|faint|p2a: Keldeo
|
|
|switch|p2a: Garchomp|Garchomp, M|358\/358
|-damage|p2a: Garchomp|336\/358|[from] Stealth Rock
|turn|11
|
|move|p2a: Garchomp|Outrage|p1a: Thundurus
|-damage|p1a: Thundurus|0 fnt
|faint|p1a: Thundurus
|
|
|switch|p1a: Talonflame|Talonflame, M|297\/297
|turn|12
|
|move|p1a: Talonflame|Brave Bird|p2a: Garchomp
|-damage|p2a: Garchomp|80\/358
|-damage|p1a: Talonflame|260\/297|[from] ability: Rough Skin|[of] p2a: Garchomp
|-damage|p1a: Talonflame|176\/297|[from] recoil|[of] p2a: Garchomp
|move|p2a: Garchomp|Outrage|p1a: Talonflame
|-damage|p1a: Talonflame|0 fnt
|faint|p1a: Talonflame
|
|win|LimitedInfinity
|raw|Ladder updating...
|raw|Feyitomi's rating: 1387 &rarr; <strong>1360<\/strong><br \/>(-27 for losing)
|raw|LimitedInfinity's rating: 1246 &rarr; <strong>1281<\/strong><br \/>(+35 for winning)
|leave|Feyitomi
|player|p1