|join|Feyitomi
|join|Richizen
|player|p1|Feyitomi|266
|player|p2|Richizen|1
|gametype|singles
|gen|6
|tier|OU
|rated
|clearpoke
|poke|p1|Gallade, M
|poke|p1|Bisharp, M
|poke|p1|Sylveon, F
|poke|p1|Latios, M
|poke|p1|Talonflame, M
|poke|p1|Excadrill, M
|poke|p2|Ferrothorn, M, shiny
|poke|p2|Gallade, M
|poke|p2|Greninja, M, shiny
|poke|p2|Excadrill, M
|poke|p2|Gothitelle, F
|poke|p2|Clefable, F, shiny
|rule|Swagger Clause: Swagger is banned
|rule|Baton Pass Clause: Limit one PokÃ©mon knowing Baton Pass
|rule|Sleep Clause Mod: Limit one foe put to sleep
|rule|Species Clause: Limit one of each PokÃ©mon
|rule|OHKO Clause: OHKO moves are banned
|rule|Moody Clause: Moody is banned
|rule|Evasion Moves Clause: Evasion moves are banned
|rule|Endless Battle Clause: Forcing endless battles is banned
|rule|HP Percentage Mod: HP is shown in percentages
|teampreview
|
|start
|switch|p1a: Sylveon|Sylveon, F|391\/391
|switch|p2a: Ferrothorn|Ferrothorn, M, shiny|352\/352
|turn|1
|
|move|p1a: Sylveon|Hidden Power|p2a: Ferrothorn
|-supereffective|p2a: Ferrothorn
|-damage|p2a: Ferrothorn|8\/352
|move|p2a: Ferrothorn|Stealth Rock|p1a: Sylveon
|-sidestart|p1: Feyitomi|move: Stealth Rock
|
|-heal|p2a: Ferrothorn|30\/352|[from] item: Leftovers
|turn|2
|
|switch|p1a: Latios|Latios, M|301\/301
|-damage|p1a: Latios|264\/301|[from] Stealth Rock
|move|p2a: Ferrothorn|Gyro Ball|p1a: Latios
|-crit|p1a: Latios
|-damage|p1a: Latios|0 fnt
|faint|p1a: Latios
|
|-heal|p2a: Ferrothorn|52\/352|[from] item: Leftovers
|
|switch|p1a: Bisharp|Bisharp, M|272\/272
|-damage|p1a: Bisharp|255\/272|[from] Stealth Rock
|turn|3
|
|switch|p2a: Gallade|Gallade, M|302\/302
|move|p1a: Bisharp|Knock Off|p2a: Gallade
|-damage|p2a: Gallade|88\/302
|-boost|p2a: Gallade|atk|1|[from] ability: Justified
|-damage|p1a: Bisharp|228\/272|[from] item: Life Orb
|
|turn|4
|
|detailschange|p2a: Gallade|Gallade-Mega, M
|message|Gallade has Mega Evolved into Mega Gallade!
|move|p1a: Bisharp|Sucker Punch|p2a: Gallade
|-fail|p2a: Gallade
|move|p2a: Gallade|Bulk Up|p2a: Gallade
|-boost|p2a: Gallade|atk|1
|-boost|p2a: Gallade|def|1
|
|turn|5
|
|move|p1a: Bisharp|Sucker Punch|p2a: Gallade
|-fail|p2a: Gallade
|move|p2a: Gallade|Bulk Up|p2a: Gallade
|-boost|p2a: Gallade|atk|1
|-boost|p2a: Gallade|def|1
|
|turn|6
|
|move|p1a: Bisharp|Sucker Punch|p2a: Gallade
|-damage|p2a: Gallade|0 fnt
|-damage|p1a: Bisharp|201\/272|[from] item: Life Orb
|faint|p2a: Gallade
|
|
|switch|p2a: Greninja|Greninja, M, shiny|285\/285
|turn|7
|
|switch|p1a: Excadrill|Excadrill, M|362\/362
|-damage|p1a: Excadrill|351\/362|[from] Stealth Rock
|-ability|p1a: Excadrill|Mold Breaker
|-item|p1a: Excadrill|Air Balloon
|move|p2a: Greninja|Hydro Pump|p1a: Excadrill
|-start|p2a: Greninja|typechange|Water|[from] Protean
|-supereffective|p1a: Excadrill
|-damage|p1a: Excadrill|0 fnt
|-enditem|p1a: Excadrill|Air Balloon
|-damage|p2a: Greninja|257\/285|[from] item: Life Orb
|faint|p1a: Excadrill
|
|
|switch|p1a: Gallade|Gallade, M|277\/277
|-damage|p1a: Gallade|260\/277|[from] Stealth Rock
|turn|8
|
|detailschange|p1a: Gallade|Gallade-Mega, M
|message|Gallade has Mega Evolved into Mega Gallade!
|move|p2a: Greninja|Gunk Shot|p1a: Gallade
|-start|p2a: Greninja|typechange|Poison|[from] Protean
|-damage|p1a: Gallade|61\/277
|-status|p1a: Gallade|psn
|-damage|p2a: Greninja|229\/285|[from] item: Life Orb
|move|p1a: Gallade|Close Combat|p2a: Greninja
|-resisted|p2a: Greninja
|-damage|p2a: Greninja|21\/285
|-unboost|p1a: Gallade|def|1
|-unboost|p1a: Gallade|spd|1
|
|-damage|p1a: Gallade|27\/277 psn|[from] psn
|turn|9
|
|switch|p2a: Ferrothorn|Ferrothorn, M, shiny|52\/352
|move|p1a: Gallade|Knock Off|p2a: Ferrothorn
|-damage|p2a: Ferrothorn|0 fnt
|-damage|p1a: Gallade|0 fnt|[from] ability: Iron Barbs|[of] p2a: Ferrothorn
|faint|p1a: Gallade
|faint|p2a: Ferrothorn
|
|
|switch|p1a: Bisharp|Bisharp, M|201\/272
|switch|p2a: Gothitelle|Gothitelle, F|344\/344
|-damage|p1a: Bisharp|184\/272|[from] Stealth Rock
|turn|10
|
|switch|p2a: Greninja|Greninja, M, shiny|21\/285
|move|p1a: Bisharp|Sucker Punch|p2a: Greninja
|-fail|p2a: Greninja
|
|turn|11
|
|move|p1a: Bisharp|Sucker Punch|p2a: Greninja
|-resisted|p2a: Greninja
|-damage|p2a: Greninja|0 fnt
|-damage|p1a: Bisharp|157\/272|[from] item: Life Orb
|faint|p2a: Greninja
|
|
|switch|p2a: Excadrill|Excadrill, M|362\/362
|-ability|p2a: Excadrill|Mold Breaker
|-item|p2a: Excadrill|Air Balloon
|turn|12
|
|switch|p1a: Sylveon|Sylveon, F|391\/391
|-damage|p1a: Sylveon|343\/391|[from] Stealth Rock
|move|p2a: Excadrill|Iron Head|p1a: Sylveon
|-supereffective|p1a: Sylveon
|-damage|p1a: Sylveon|0 fnt
|faint|p1a: Sylveon
|
|
|switch|p1a: Talonflame|Talonflame, M|297\/297
|-damage|p1a: Talonflame|149\/297|[from] Stealth Rock
|turn|13
|
|switch|p2a: Gothitelle|Gothitelle, F|344\/344
|move|p1a: Talonflame|Tailwind|p1a: Talonflame
|-sidestart|p1: Feyitomi|move: Tailwind
|
|turn|14
|
|move|p1a: Talonflame|Tailwind|p1a: Talonflame
|-fail|p1a: Talonflame
|move|p2a: Gothitelle|Thunderbolt|p1a: Talonflame
|-supereffective|p1a: Talonflame
|-damage|p1a: Talonflame|0 fnt
|faint|p1a: Talonflame
|
|
|switch|p1a: Bisharp|Bisharp, M|157\/272
|-damage|p1a: Bisharp|140\/272|[from] Stealth Rock
|turn|15
|
|move|p1a: Bisharp|Knock Off|p2a: Gothitelle
|-supereffective|p2a: Gothitelle
|-damage|p2a: Gothitelle|0 fnt
|-enditem|p2a: Gothitelle|Choice Specs|[from] move: Knock Off|[of] p1a: Bisharp
|-damage|p1a: Bisharp|113\/272|[from] item: Life Orb
|faint|p2a: Gothitelle
|
|
|switch|p2a: Excadrill|Excadrill, M|362\/362
|-ability|p2a: Excadrill|Mold Breaker
|-item|p2a: Excadrill|Air Balloon
|turn|16
|
|move|p1a: Bisharp|Knock Off|p2a: Excadrill
|-damage|p2a: Excadrill|29\/362
|-enditem|p2a: Excadrill|Air Balloon
|-damage|p1a: Bisharp|86\/272|[from] item: Life Orb
|move|p2a: Excadrill|Earthquake|p1a: Bisharp
|-supereffective|p1a: Bisharp
|-damage|p1a: Bisharp|0 fnt
|faint|p1a: Bisharp
|
|win|Richizen
|raw|Ladder updating...
|raw|Feyitomi's rating: 1434 &rarr; <strong>1417<\/strong><br \/>(-17 for losing)
|raw|Richizen's rating: 1471 &rarr; <strong>1489<\/strong><br \/>(+18 for winning)
|leave|Feyitomi
|player|p1