|join|Aka DH
|join|Feyitomi
|player|p1|Aka DH|68
|player|p2|Feyitomi|214
|gametype|singles
|gen|6
|tier|OU
|rated
|clearpoke
|poke|p1|Bisharp, M
|poke|p1|Venusaur, F
|poke|p1|Heatran, M
|poke|p1|Keldeo
|poke|p1|Chansey, F
|poke|p1|Skarmory, M
|poke|p2|Gyarados, M, shiny
|poke|p2|Talonflame, M, shiny
|poke|p2|Excadrill, F
|poke|p2|Latios, M
|poke|p2|Rotom-Wash, shiny
|poke|p2|Terrakion
|rule|Swagger Clause: Swagger is banned
|rule|Baton Pass Clause: Limit one PokÃ©mon knowing Baton Pass
|rule|Sleep Clause Mod: Limit one foe put to sleep
|rule|Species Clause: Limit one of each PokÃ©mon
|rule|OHKO Clause: OHKO moves are banned
|rule|Moody Clause: Moody is banned
|rule|Evasion Moves Clause: Evasion moves are banned
|rule|Endless Battle Clause: Forcing endless battles is banned
|rule|HP Percentage Mod: HP is shown in percentages
|teampreview
|
|start
|switch|p1a: Heatran|Heatran, M|340\/340
|switch|p2a: Terrakion|Terrakion|323\/323
|-item|p1a: Heatran|Air Balloon
|turn|1
|
|switch|p1a: Venusaur|Venusaur, F|364\/364
|move|p2a: Terrakion|Taunt|p1a: Venusaur
|-start|p1a: Venusaur|move: Taunt
|
|turn|2
|join|Aka Fren
|
|detailschange|p1a: Venusaur|Venusaur-Mega, F
|message|Venusaur has Mega Evolved into Mega Venusaur!
|move|p2a: Terrakion|Stealth Rock|p1a: Venusaur
|-sidestart|p1: Aka DH|move: Stealth Rock
|move|p1a: Venusaur|Giga Drain|p2a: Terrakion
|-supereffective|p2a: Terrakion
|-damage|p2a: Terrakion|81\/323
|
|turn|3
|join|Imo XE
|c| Imo XE|n_n
|
|move|p2a: Terrakion|Stone Edge|p1a: Venusaur
|-damage|p1a: Venusaur|268\/364
|move|p1a: Venusaur|Giga Drain|p2a: Terrakion
|-supereffective|p2a: Terrakion
|-damage|p2a: Terrakion|0 fnt
|-heal|p1a: Venusaur|309\/364|[from] drain|[of] p2a: Terrakion
|faint|p2a: Terrakion
|
|c| Imo XE|Poluke: very nice attitude man
|c| Imo XE|Poluke: keep doing what makes u happy
|c| Imo XE|:^)
|
|switch|p2a: Talonflame|Talonflame, M, shiny|297\/297
|turn|4
|
|switch|p1a: Skarmory|Skarmory, M|334\/334
|-damage|p1a: Skarmory|293\/334|[from] Stealth Rock
|move|p2a: Talonflame|U-turn|p1a: Skarmory
|-resisted|p1a: Skarmory
|-damage|p1a: Skarmory|283\/334
|-damage|p2a: Talonflame|248\/297|[from] item: Rocky Helmet|[of] p1a: Skarmory
|
|switch|p2a: Latios|Latios, M|301\/301
|
|turn|5
|
|switch|p1a: Chansey|Chansey, F|684\/684
|-damage|p1a: Chansey|599\/684|[from] Stealth Rock
|move|p2a: Latios|Thunderbolt|p1a: Chansey
|-damage|p1a: Chansey|521\/684
|-damage|p2a: Latios|271\/301|[from] item: Life Orb
|
|turn|6
|
|move|p2a: Latios|Psyshock|p1a: Chansey
|-damage|p1a: Chansey|287\/684
|-damage|p2a: Latios|241\/301|[from] item: Life Orb
|move|p1a: Chansey|Soft-Boiled|p1a: Chansey
|-heal|p1a: Chansey|629\/684
|
|turn|7
|
|switch|p2a: Gyarados|Gyarados, M, shiny|331\/331
|-ability|p2a: Gyarados|Intimidate|[of] p1a: Chansey
|-unboost|p1a: Chansey|atk|1
|move|p1a: Chansey|Seismic Toss|p2a: Gyarados
|-damage|p2a: Gyarados|231\/331
|
|turn|8
|
|detailschange|p2a: Gyarados|Gyarados-Mega, M, shiny
|message|Gyarados has Mega Evolved into Mega Gyarados!
|-ability|p2a: Gyarados|Mold Breaker
|move|p2a: Gyarados|Dragon Dance|p2a: Gyarados
|-boost|p2a: Gyarados|atk|1
|-boost|p2a: Gyarados|spe|1
|move|p1a: Chansey|Thunder Wave|p2a: Gyarados
|-status|p2a: Gyarados|par
|
|turn|9
|
|switch|p1a: Skarmory|Skarmory, M|283\/334
|-damage|p1a: Skarmory|242\/334|[from] Stealth Rock
|move|p2a: Gyarados|Waterfall|p1a: Skarmory
|-damage|p1a: Skarmory|68\/334
|-damage|p2a: Gyarados|176\/331 par|[from] item: Rocky Helmet|[of] p1a: Skarmory
|
|turn|10
|
|move|p1a: Skarmory|Spikes|p2a: Gyarados
|-sidestart|p2: Feyitomi|Spikes
|move|p2a: Gyarados|Dragon Dance|p2a: Gyarados
|-boost|p2a: Gyarados|atk|1
|-boost|p2a: Gyarados|spe|1
|
|turn|11
|
|move|p1a: Skarmory|Brave Bird|p2a: Gyarados
|-damage|p2a: Gyarados|61\/331 par
|-damage|p1a: Skarmory|30\/334|[from] recoil|[of] p2a: Gyarados
|cant|p2a: Gyarados|par
|
|turn|12
|
|move|p1a: Skarmory|Brave Bird|p2a: Gyarados
|-damage|p2a: Gyarados|0 fnt
|-damage|p1a: Skarmory|10\/334|[from] recoil|[of] p2a: Gyarados
|faint|p2a: Gyarados
|
|
|switch|p2a: Rotom-Wash|Rotom-Wash, shiny|303\/303
|turn|13
|join|ggunlucky
|
|switch|p1a: Chansey|Chansey, F|629\/684
|-damage|p1a: Chansey|544\/684|[from] Stealth Rock
|move|p2a: Rotom-Wash|Volt Switch|p1a: Chansey
|-damage|p1a: Chansey|496\/684
|
|switch|p2a: Talonflame|Talonflame, M, shiny|248\/297
|
|turn|14
|c| Imo XE|ez
|
|switch|p1a: Skarmory|Skarmory, M|10\/334
|-damage|p1a: Skarmory|0 fnt|[from] Stealth Rock
|faint|p1a: Skarmory
|move|p2a: Talonflame|Brave Bird|p1: Skarmory|[notarget]
|-notarget
|
|
|switch|p1a: Heatran|Heatran, M|340\/340
|-damage|p1a: Heatran|298\/340|[from] Stealth Rock
|-item|p1a: Heatran|Air Balloon
|turn|15
|
|move|p2a: Talonflame|Brave Bird|p1a: Heatran
|-crit|p1a: Heatran
|-resisted|p1a: Heatran
|-damage|p1a: Heatran|172\/340
|-enditem|p1a: Heatran|Air Balloon
|-damage|p2a: Talonflame|206\/297|[from] recoil|[of] p1a: Heatran
|move|p1a: Heatran|Toxic|p2a: Talonflame
|-status|p2a: Talonflame|tox
|
|-damage|p2a: Talonflame|188\/297 tox|[from] psn
|turn|16
|
|move|p2a: Talonflame|Brave Bird|p1a: Heatran
|-resisted|p1a: Heatran
|-damage|p1a: Heatran|87\/340
|-damage|p2a: Talonflame|160\/297 tox|[from] recoil|[of] p1a: Heatran
|move|p1a: Heatran|Stealth Rock|p2a: Talonflame
|-sidestart|p2: Feyitomi|move: Stealth Rock
|
|-damage|p2a: Talonflame|124\/297 tox|[from] psn
|turn|17
|
|switch|p2a: Excadrill|Excadrill, F|391\/391
|-damage|p2a: Excadrill|379\/391|[from] Stealth Rock
|-damage|p2a: Excadrill|331\/391|[from] Spikes
|-ability|p2a: Excadrill|Mold Breaker
|move|p1a: Heatran|Fire Blast|p2a: Excadrill
|-supereffective|p2a: Excadrill
|-damage|p2a: Excadrill|121\/391
|
|turn|18
|c| Imo XE|>
|c| Imo XE|>av
|
|move|p1a: Heatran|Fire Blast|p2a: Excadrill
|-supereffective|p2a: Excadrill
|-damage|p2a: Excadrill|0 fnt
|faint|p2a: Excadrill
|
|
|switch|p2a: Rotom-Wash|Rotom-Wash, shiny|303\/303
|-damage|p2a: Rotom-Wash|266\/303|[from] Stealth Rock
|turn|19
|c| Aka Fren|guess AV helped u!
|c| Aka Fren|kek
|
|move|p1a: Heatran|Toxic|p2a: Rotom-Wash
|-status|p2a: Rotom-Wash|tox
|move|p2a: Rotom-Wash|Volt Switch|p1a: Heatran
|-damage|p1a: Heatran|9\/340
|
|switch|p2a: Talonflame|Talonflame, M, shiny|124\/297 tox
|-damage|p2a: Talonflame|0 fnt|[from] Stealth Rock
|faint|p2a: Talonflame
|
|c| Aka Fren|kek
|
|switch|p2a: Latios|Latios, M|241\/301
|-damage|p2a: Latios|204\/301|[from] Stealth Rock
|turn|20
|
|move|p2a: Latios|Psyshock|p1a: Heatran
|-resisted|p1a: Heatran
|-damage|p1a: Heatran|0 fnt
|-damage|p2a: Latios|174\/301|[from] item: Life Orb
|faint|p1a: Heatran
|
|c| Aka Fren|>not going lati first
|c| Aka Fren|whats the next
|
|switch|p1a: Chansey|Chansey, F|496\/684
|-damage|p1a: Chansey|411\/684|[from] Stealth Rock
|turn|21
|
|move|p2a: Latios|Psyshock|p1a: Chansey
|-damage|p1a: Chansey|169\/684
|-damage|p2a: Latios|144\/301|[from] item: Life Orb
|move|p1a: Chansey|Soft-Boiled|p1a: Chansey
|-heal|p1a: Chansey|511\/684
|
|turn|22
|c| Imo XE|nice!
|
|move|p2a: Latios|Psyshock|p1a: Chansey
|-damage|p1a: Chansey|254\/684
|-damage|p2a: Latios|114\/301|[from] item: Life Orb
|move|p1a: Chansey|Seismic Toss|p2a: Latios
|-damage|p2a: Latios|14\/301
|
|turn|23
|
|move|p2a: Latios|Psyshock|p1a: Chansey
|-damage|p1a: Chansey|0 fnt
|-damage|p2a: Latios|0 fnt|[from] item: Life Orb
|faint|p1a: Chansey
|faint|p2a: Latios
|
|
|switch|p2a: Rotom-Wash|Rotom-Wash, shiny|266\/303 tox
|-damage|p2a: Rotom-Wash|229\/303 tox|[from] Stealth Rock
|switch|p1a: Venusaur|Venusaur-Mega, F|309\/364
|-damage|p1a: Venusaur|264\/364|[from] Stealth Rock
|turn|24
|
|move|p2a: Rotom-Wash|Light Screen|p2a: Rotom-Wash
|-sidestart|p2: Feyitomi|move: Light Screen
|move|p1a: Venusaur|Giga Drain|p2a: Rotom-Wash
|-supereffective|p2a: Rotom-Wash
|-damage|p2a: Rotom-Wash|129\/303 tox
|-heal|p1a: Venusaur|314\/364|[from] drain|[of] p2a: Rotom-Wash
|
|-heal|p2a: Rotom-Wash|147\/303 tox|[from] item: Leftovers
|-damage|p2a: Rotom-Wash|129\/303 tox|[from] psn
|turn|25
|
|move|p2a: Rotom-Wash|Will-O-Wisp|p1a: Venusaur
|-status|p1a: Venusaur|brn
|move|p1a: Venusaur|Giga Drain|p2a: Rotom-Wash
|-supereffective|p2a: Rotom-Wash
|-damage|p2a: Rotom-Wash|36\/303 tox
|-heal|p1a: Venusaur|361\/364 brn|[from] drain|[of] p2a: Rotom-Wash
|
|-heal|p2a: Rotom-Wash|54\/303 tox|[from] item: Leftovers
|-damage|p2a: Rotom-Wash|18\/303 tox|[from] psn
|-damage|p1a: Venusaur|316\/364 brn|[from] brn
|turn|26
|c| Imo XE|>>>>>
|
|move|p2a: Rotom-Wash|Hydro Pump|p1a: Venusaur
|-resisted|p1a: Venusaur
|-damage|p1a: Venusaur|261\/364 brn
|move|p1a: Venusaur|Giga Drain|p2a: Rotom-Wash
|-supereffective|p2a: Rotom-Wash
|-damage|p2a: Rotom-Wash|0 fnt
|-heal|p1a: Venusaur|270\/364 brn|[from] drain|[of] p2a: Rotom-Wash
|faint|p2a: Rotom-Wash
|
|win|Aka DH
|raw|Ladder updating...
|raw|Aka DH's rating: 1842 &rarr; <strong>1854<\/strong><br \/>(+12 for winning)
|raw|Feyitomi's rating: 1689 &rarr; <strong>1677<\/strong><br \/>(-12 for losing)
|c| Imo XE|gg nerd