|join|feyitomi
|join|X-Lan
|player|p1|feyitomi|101
|player|p2|X-Lan|151
|gametype|singles
|gen|6
|tier|OU
|rated
|clearpoke
|poke|p1|Pinsir, F
|poke|p1|Bisharp, M
|poke|p1|Aegislash, F
|poke|p1|Garchomp, F
|poke|p1|Starmie
|poke|p1|Thundurus, M
|poke|p2|Tyranitar, F
|poke|p2|Thundurus, M
|poke|p2|Scizor, F
|poke|p2|Ditto
|poke|p2|Conkeldurr, F
|poke|p2|Kyurem-Black
|rule|Sleep Clause Mod: Limit one foe put to sleep
|rule|Species Clause: Limit one of each Pokemon
|rule|OHKO Clause: OHKO moves are banned
|rule|Moody Clause: Moody is banned
|rule|Evasion Moves Clause: Evasion moves are banned
|rule|Endless Battle Clause: Forcing endless battles is banned.
|rule|HP Percentage Mod: HP is reported as percentages
|teampreview
|
|start
|switch|p1a: Garchomp|Garchomp, F|357\/357
|switch|p2a: Tyranitar|Tyranitar, F|404\/404
|-weather|Sandstorm
|turn|1
|
|move|p1a: Garchomp|Stealth Rock|p2a: Tyranitar
|-sidestart|p2: X-Lan|move: Stealth Rock
|move|p2a: Tyranitar|Ice Beam|p1a: Garchomp
|-supereffective|p1a: Garchomp
|-damage|p1a: Garchomp|33\/357
|
|-weather|Sandstorm|[upkeep]
|turn|2
|
|move|p1a: Garchomp|Earthquake|p2a: Tyranitar
|-supereffective|p2a: Tyranitar
|-damage|p2a: Tyranitar|11\/404
|-damage|p1a: Garchomp|0 fnt|[from] item: Life Orb
|faint|p1a: Garchomp
|move|p2a: Tyranitar|Pursuit|p1: Garchomp|[notarget]
|-notarget
|
|-weather|Sandstorm|[upkeep]
|
|switch|p1a: Pinsir|Pinsir, F|271\/271
|turn|3
|
|-formechange|p1a: Pinsir|Pinsir-Mega
|message|Pinsir has Mega Evolved into Mega Pinsir!
|move|p1a: Pinsir|Quick Attack|p2a: Tyranitar
|-resisted|p2a: Tyranitar
|-damage|p2a: Tyranitar|0 fnt
|faint|p2a: Tyranitar
|
|-weather|Sandstorm|[upkeep]
|-damage|p1a: Pinsir|255\/271|[from] sandstorm
|
|switch|p2a: Thundurus|Thundurus, M|299\/299
|-damage|p2a: Thundurus|225\/299|[from] Stealth Rock
|turn|4
|
|switch|p1a: Aegislash|Aegislash, F|322\/322
|move|p2a: Thundurus|Thunderbolt|p1a: Aegislash
|-damage|p1a: Aegislash|219\/322
|
|-weather|Sandstorm|[upkeep]
|-damage|p2a: Thundurus|207\/299|[from] sandstorm
|-heal|p2a: Thundurus|225\/299|[from] item: Leftovers
|-heal|p1a: Aegislash|239\/322|[from] item: Leftovers
|turn|5
|
|move|p2a: Thundurus|Thunderbolt|p1a: Aegislash
|-crit|p1a: Aegislash
|-damage|p1a: Aegislash|80\/322
|-formechange|p1a: Aegislash|Aegislash-Blade
|move|p1a: Aegislash|Shadow Ball|p2a: Thundurus
|-damage|p2a: Thundurus|12\/299
|
|-weather|none
|-heal|p2a: Thundurus|30\/299|[from] item: Leftovers
|-heal|p1a: Aegislash|100\/322|[from] item: Leftovers
|turn|6
|
|move|p2a: Thundurus|Thunder Wave|p1a: Aegislash
|-status|p1a: Aegislash|par
|move|p1a: Aegislash|Shadow Sneak|p2a: Thundurus
|-damage|p2a: Thundurus|0 fnt
|faint|p2a: Thundurus
|
|-heal|p1a: Aegislash|120\/322 par|[from] item: Leftovers
|
|switch|p2a: Scizor|Scizor, F|340\/340
|-damage|p2a: Scizor|298\/340|[from] Stealth Rock
|turn|7
|
|-formechange|p2a: Scizor|Scizor-Mega
|message|Scizor has Mega Evolved into Mega Scizor!
|move|p2a: Scizor|Defog|p1a: Aegislash
|-unboost|p1a: Aegislash|evasion|1
|-sideend|p2: X-Lan|Stealth Rock|[from] move: Defog|[of] p2a: Scizor
|move|p1a: Aegislash|Shadow Ball|p2a: Scizor
|-damage|p2a: Scizor|136\/340
|
|-heal|p1a: Aegislash|140\/322 par|[from] item: Leftovers
|turn|8
|
|-formechange|p1a: Aegislash|Aegislash
|move|p1a: Aegislash|King's Shield|p1a: Aegislash
|-singleturn|p1a: Aegislash|Protect
|move|p2a: Scizor|U-turn|p1a: Aegislash
|-activate|p1a: Aegislash|Protect
|-unboost|p2a: Scizor|atk|2
|
|-heal|p1a: Aegislash|160\/322 par|[from] item: Leftovers
|turn|9
|
|move|p2a: Scizor|U-turn|p1a: Aegislash
|-resisted|p1a: Aegislash
|-damage|p1a: Aegislash|147\/322 par
|
|switch|p2a: Conkeldurr|Conkeldurr, F|385\/385
|-formechange|p1a: Aegislash|Aegislash-Blade
|cant|p1a: Aegislash|par
|
|-heal|p1a: Aegislash|167\/322 par|[from] item: Leftovers
|turn|10
|
|move|p2a: Conkeldurr|Drain Punch|p1a: Aegislash
|-immune|p1a: Aegislash|[msg]
|move|p1a: Aegislash|Shadow Ball|p2a: Conkeldurr
|-damage|p2a: Conkeldurr|240\/385
|
|-heal|p1a: Aegislash|187\/322 par|[from] item: Leftovers
|turn|11
|
|-formechange|p1a: Aegislash|Aegislash
|cant|p1a: Aegislash|par
|move|p2a: Conkeldurr|Drain Punch|p1a: Aegislash
|-immune|p1a: Aegislash|[msg]
|
|-heal|p1a: Aegislash|207\/322 par|[from] item: Leftovers
|turn|12
|
|move|p2a: Conkeldurr|Knock Off|p1a: Aegislash
|-supereffective|p1a: Aegislash
|-damage|p1a: Aegislash|33\/322 par
|-enditem|p1a: Aegislash|Leftovers|[from] move: Knock Off|[of] p2a: Conkeldurr
|-formechange|p1a: Aegislash|Aegislash-Blade
|cant|p1a: Aegislash|par
|
|turn|13
|
|move|p1a: Aegislash|Shadow Sneak|p2a: Conkeldurr
|-damage|p2a: Conkeldurr|167\/385
|move|p2a: Conkeldurr|Knock Off|p1a: Aegislash
|-supereffective|p1a: Aegislash
|-damage|p1a: Aegislash|0 fnt
|faint|p1a: Aegislash
|
|
|switch|p1a: Pinsir|Pinsir, F|255\/271
|-formechange|p1a: Pinsir|Pinsir-Mega
|turn|14
|
|switch|p2a: Scizor|Scizor, F|136\/340
|-formechange|p2a: Scizor|Scizor-Mega
|move|p1a: Pinsir|Return|p2a: Scizor
|-damage|p2a: Scizor|0 fnt
|faint|p2a: Scizor
|
|
|switch|p2a: Ditto|Ditto|300\/300
|-transform|p2a: Ditto|p1a: Pinsir
|turn|15
|
|switch|p1a: Starmie|Starmie|261\/261
|move|p2a: Ditto|Return|p1a: Starmie
|-damage|p1a: Starmie|0 fnt
|faint|p1a: Starmie
|
|
|switch|p1a: Thundurus|Thundurus, M|299\/299
|turn|16
|
|switch|p2a: Kyurem-Black|Kyurem-Black|404\/404
|-ability|p2a: Kyurem-Black|Teravolt
|switch|p1a: Pinsir|Pinsir, F|255\/271
|-formechange|p1a: Pinsir|Pinsir-Mega
|
|turn|17
|
|move|p1a: Pinsir|Return|p2a: Kyurem-Black
|-damage|p2a: Kyurem-Black|115\/404
|move|p2a: Kyurem-Black|Fusion Bolt|p1a: Pinsir
|-supereffective|p1a: Pinsir
|-damage|p1a: Pinsir|0 fnt
|faint|p1a: Pinsir
|
|
|switch|p1a: Bisharp|Bisharp, M|291\/291
|turn|18
|
|move|p2a: Kyurem-Black|Fusion Bolt|p1a: Bisharp
|-damage|p1a: Bisharp|145\/291
|move|p1a: Bisharp|Iron Head|p2a: Kyurem-Black
|-supereffective|p2a: Kyurem-Black
|-damage|p2a: Kyurem-Black|0 fnt
|-damage|p1a: Bisharp|116\/291|[from] item: Life Orb
|faint|p2a: Kyurem-Black
|
|
|switch|p2a: Conkeldurr|Conkeldurr, F|167\/385
|turn|19
|
|switch|p1a: Thundurus|Thundurus, M|299\/299
|move|p2a: Conkeldurr|Drain Punch|p1a: Thundurus
|-resisted|p1a: Thundurus
|-damage|p1a: Thundurus|201\/299
|-heal|p2a: Conkeldurr|216\/385|[from] drain|[of] p1a: Thundurus
|
|turn|20
|
|move|p1a: Thundurus|Thunderbolt|p2a: Conkeldurr
|-damage|p2a: Conkeldurr|33\/385
|-damage|p1a: Thundurus|172\/299|[from] item: Life Orb
|move|p2a: Conkeldurr|Ice Punch|p1a: Thundurus
|-supereffective|p1a: Thundurus
|-damage|p1a: Thundurus|0 fnt
|faint|p1a: Thundurus
|
|chat|X-Lan|gg
|
|switch|p1a: Bisharp|Bisharp, M|116\/291
|turn|21
|
|move|p1a: Bisharp|Sucker Punch|p2a: Conkeldurr
|-resisted|p2a: Conkeldurr
|-damage|p2a: Conkeldurr|0 fnt
|-damage|p1a: Bisharp|87\/291|[from] item: Life Orb
|faint|p2a: Conkeldurr
|
|
|switch|p2a: Ditto|Ditto|300\/300
|-transform|p2a: Ditto|p1a: Bisharp
|turn|22
|
|move|p1a: Bisharp|Sucker Punch|p2a: Ditto
|-resisted|p2a: Ditto
|-damage|p2a: Ditto|192\/300
|-damage|p1a: Bisharp|58\/291|[from] item: Life Orb
|move|p2a: Ditto|Knock Off|p1a: Bisharp
|-crit|p1a: Bisharp
|-resisted|p1a: Bisharp
|-damage|p1a: Bisharp|0 fnt
|faint|p1a: Bisharp
|
|win|X-Lan
|raw|Ladder updating...
|raw|feyitomi's rating: 1639 &rarr; <strong>1614<\/strong><br \/>(-25 for losing)
|raw|X-Lan's rating: 1543 &rarr; <strong>1568<\/strong><br \/>(+25 for winning)
|leave|feyitomi
|player|p1