|join|Reverb
|join|Feyitomi
|player|p1|Reverb|#reverb
|player|p2|Feyitomi|214
|gametype|singles
|gen|6
|tier|OU
|rated
|clearpoke
|poke|p1|Landorus-Therian, M
|poke|p1|Conkeldurr, F
|poke|p1|Magnezone
|poke|p1|Azumarill, M
|poke|p1|Pinsir, F
|poke|p1|Empoleon, M
|poke|p2|Charizard, M, shiny
|poke|p2|Latios, M
|poke|p2|Bisharp, M, shiny
|poke|p2|Clefable, M
|poke|p2|Keldeo-Resolute
|poke|p2|Landorus-Therian, M
|rule|Swagger Clause: Swagger is banned
|rule|Baton Pass Clause: Limit one PokÃ©mon knowing Baton Pass
|rule|Sleep Clause Mod: Limit one foe put to sleep
|rule|Species Clause: Limit one of each PokÃ©mon
|rule|OHKO Clause: OHKO moves are banned
|rule|Moody Clause: Moody is banned
|rule|Evasion Moves Clause: Evasion moves are banned
|rule|Endless Battle Clause: Forcing endless battles is banned
|rule|HP Percentage Mod: HP is shown in percentages
|teampreview
|join|Gizmo
|
|start
|switch|p1a: Landorus-Therian|Landorus-Therian, M|328\/328
|switch|p2a: Resolute Unicorn|Keldeo-Resolute|323\/323
|-ability|p1a: Landorus-Therian|Intimidate|[of] p2a: Resolute Unicorn
|-unboost|p2a: Resolute Unicorn|atk|1
|turn|1
|c| Gizmo|damn
|join|habajiga
|join|Austin
|c| Gizmo|all these pins counters
|c| Gizmo|hehe bwoi
|join|jake5alt
|c| habajiga|gizmo
|c| habajiga|we talked about this
|join|KratosMana
|join|Paul Gilbert
|c| Gizmo|;_;
|c| habajiga|u cant go to zion with jheri curls
|c| habajiga|>_>
|leave|KratosMana
|
|switch|p1a: Empoleon|Empoleon, M|371\/371
|move|p2a: Resolute Unicorn|Scald|p1a: Empoleon
|-resisted|p1a: Empoleon
|-damage|p1a: Empoleon|273\/371
|
|-heal|p1a: Empoleon|296\/371|[from] item: Leftovers
|turn|2
|c| Gizmo|I hope you both have an exciting battle of wits, and there is no exchange of luck whatsoever.
|c| jake5alt|why hard switch?
|join|Cienight
|join|Staller=Fags
|c|+Paul Gilbert|^
|c|âFeyitomi|I hope so too
|c|+Paul Gilbert|that is what people need to say
|
|move|p2a: Resolute Unicorn|Scald|p1a: Empoleon
|-resisted|p1a: Empoleon
|-damage|p1a: Empoleon|194\/371
|move|p1a: Empoleon|Stealth Rock|p2a: Resolute Unicorn
|-sidestart|p2: Feyitomi|move: Stealth Rock
|
|-heal|p1a: Empoleon|217\/371|[from] item: Leftovers
|turn|3
|c|+Paul Gilbert|when they start a battle
|c|+Paul Gilbert|not GL
|c|âReverb|lol
|
|move|p2a: Resolute Unicorn|Scald|p1a: Empoleon
|-resisted|p1a: Empoleon
|-damage|p1a: Empoleon|116\/371
|-status|p1a: Empoleon|brn
|move|p1a: Empoleon|Scald|p2a: Resolute Unicorn
|-crit|p2a: Resolute Unicorn
|-resisted|p2a: Resolute Unicorn
|-damage|p2a: Resolute Unicorn|200\/323
|-status|p2a: Resolute Unicorn|brn
|
|-heal|p1a: Empoleon|139\/371 brn|[from] item: Leftovers
|-damage|p2a: Resolute Unicorn|160\/323 brn|[from] brn
|-damage|p1a: Empoleon|93\/371 brn|[from] brn
|turn|4
|c| jake5alt|hahahah
|c| jake5alt|he gets a burn
|c| jake5alt|and you get a crit burn
|
|switch|p2a: Keldeo Counter|Latios, M|301\/301
|-damage|p2a: Keldeo Counter|264\/301|[from] Stealth Rock
|move|p1a: Empoleon|Scald|p2a: Keldeo Counter
|-resisted|p2a: Keldeo Counter
|-damage|p2a: Keldeo Counter|191\/301
|
|-heal|p1a: Empoleon|116\/371 brn|[from] item: Leftovers
|-damage|p1a: Empoleon|70\/371 brn|[from] brn
|turn|5
|c| Gizmo|whenever scald crits
|c| Gizmo|it burns
|c| jake5alt|lel
|
|move|p2a: Keldeo Counter|Defog|p1a: Empoleon
|-unboost|p1a: Empoleon|evasion|1
|-sideend|p2: Feyitomi|Stealth Rock|[from] move: Defog|[of] p2a: Keldeo Counter
|move|p1a: Empoleon|Stealth Rock|p2a: Keldeo Counter
|-sidestart|p2: Feyitomi|move: Stealth Rock
|
|-heal|p1a: Empoleon|93\/371 brn|[from] item: Leftovers
|-damage|p1a: Empoleon|47\/371 brn|[from] brn
|turn|6
|join|hellfiend
|c|+Paul Gilbert|keep SRing haha
|c| jake5alt|mm yeah
|c| jake5alt|keep rox on the field
|
|move|p2a: Keldeo Counter|Defog|p1a: Empoleon
|-unboost|p1a: Empoleon|evasion|1
|-sideend|p2: Feyitomi|Stealth Rock|[from] move: Defog|[of] p2a: Keldeo Counter
|move|p1a: Empoleon|Stealth Rock|p2a: Keldeo Counter
|-sidestart|p2: Feyitomi|move: Stealth Rock
|
|-heal|p1a: Empoleon|70\/371 brn|[from] item: Leftovers
|-damage|p1a: Empoleon|24\/371 brn|[from] brn
|turn|7
|c|âReverb|jake5alt
|c|âReverb|check your p ms
|c| jake5alt|yeah i saw it
|c|âReverb|click it
|
|move|p2a: Keldeo Counter|Thunderbolt|p1a: Empoleon
|-supereffective|p1a: Empoleon
|-damage|p1a: Empoleon|0 fnt
|-damage|p2a: Keldeo Counter|161\/301|[from] item: Life Orb
|faint|p1a: Empoleon
|
|c| Gizmo|i wouldn't call latios a keldeo counter
|c| jake5alt|its a check
|
|switch|p1a: Landorus-Therian|Landorus-Therian, M|328\/328
|-ability|p1a: Landorus-Therian|Intimidate|[of] p2a: Keldeo Counter
|-unboost|p2a: Keldeo Counter|atk|1
|turn|8
|c| jake5alt|a decent one
|c|âFeyitomi|It actually is 
|c| jake5alt|its not a counter its a check
|c|âReverb|mhm
|c| Gizmo|it really is more of a check
|
|switch|p2a: Resolute Unicorn|Keldeo-Resolute|160\/323 brn
|-damage|p2a: Resolute Unicorn|140\/323 brn|[from] Stealth Rock
|move|p1a: Landorus-Therian|U-turn|p2a: Resolute Unicorn
|-resisted|p2a: Resolute Unicorn
|-damage|p2a: Resolute Unicorn|95\/323 brn
|c| Gizmo|a really reliable one
|c| Gizmo|but still a check
|
|switch|p1a: Magnezone|Magnezone|282\/282
|
|-damage|p2a: Resolute Unicorn|55\/323 brn|[from] brn
|turn|9
|c|âFeyitomi|I guess
|c|âFeyitomi|so
|c| jake5alt|yeah pretty decent
|
|move|p1a: Magnezone|Flash Cannon|p2a: Resolute Unicorn
|-resisted|p2a: Resolute Unicorn
|-damage|p2a: Resolute Unicorn|0 fnt
|faint|p2a: Resolute Unicorn
|
|c| Gizmo|every time you come in you risk scald burn
|
|switch|p2a: Dragon X|Charizard, M, shiny|315\/315
|-damage|p2a: Dragon X|158\/315|[from] Stealth Rock
|turn|10
|leave|Cienight
|c| Gizmo|and secret sword does like 40%
|leave|habajiga
|
|switch|p1a: Landorus-Therian|Landorus-Therian, M|328\/328
|-ability|p1a: Landorus-Therian|Intimidate|[of] p2a: Dragon X
|-unboost|p2a: Dragon X|atk|1
|detailschange|p2a: Dragon X|Charizard-Mega-X, M, shiny
|message|Charizard has Mega Evolved into Mega Charizard!
|move|p2a: Dragon X|Dragon Dance|p2a: Dragon X
|-boost|p2a: Dragon X|atk|1
|-boost|p2a: Dragon X|spe|1
|
|turn|11
|
|switch|p1a: Azumarill|Azumarill, M|349\/349
|move|p2a: Dragon X|Flare Blitz|p1a: Azumarill
|-resisted|p1a: Azumarill
|-damage|p1a: Azumarill|201\/349
|-status|p1a: Azumarill|brn
|-damage|p2a: Dragon X|109\/315|[from] recoil|[of] p1a: Azumarill
|
|-damage|p1a: Azumarill|158\/349 brn|[from] brn
|turn|12
|c| jake5alt|shame that people do'nt run lo
|join|LT5A Dennis
|
|move|p1a: Azumarill|Aqua Jet|p2a: Dragon X
|-damage|p2a: Dragon X|52\/315
|move|p2a: Dragon X|Roost|p2a: Dragon X
|-heal|p2a: Dragon X|210\/315
|
|-damage|p1a: Azumarill|115\/349 brn|[from] brn
|turn|13
|c| jake5alt|lo keldeo
|c|+Paul Gilbert|10% burn
|c| Gizmo|keldeo has nice bulk
|c| jake5alt|would literally fuck paul's team up after azu is ded
|c| Gizmo|i'd hate to run lo and lose that
|leave|LT5A Dennis
|
|switch|p1a: Landorus-Therian|Landorus-Therian, M|328\/328
|-ability|p1a: Landorus-Therian|Intimidate|[of] p2a: Dragon X
|-unboost|p2a: Dragon X|atk|1
|move|p2a: Dragon X|Dragon Dance|p2a: Dragon X
|-boost|p2a: Dragon X|atk|1
|-boost|p2a: Dragon X|spe|1
|
|turn|14
|join|habajiga
|
|switch|p2a: Keldeo Counter|Latios, M|161\/301
|-damage|p2a: Keldeo Counter|124\/301|[from] Stealth Rock
|move|p1a: Landorus-Therian|Earthquake|p2a: Keldeo Counter
|-immune|p2a: Keldeo Counter|[msg]
|
|turn|15
|
|switch|p1a: Magnezone|Magnezone|282\/282
|move|p2a: Keldeo Counter|Defog|p1a: Magnezone
|-unboost|p1a: Magnezone|evasion|1
|-sideend|p2: Feyitomi|Stealth Rock|[from] move: Defog|[of] p2a: Keldeo Counter
|
|turn|16
|join|Cienight
|
|switch|p2a: Dragon X|Charizard-Mega-X, M, shiny|210\/315
|move|p1a: Magnezone|Volt Switch|p2a: Dragon X
|-resisted|p2a: Dragon X
|-damage|p2a: Dragon X|137\/315
|join|ShootinStarmie
|c| ShootinStarmie|cinight
|c| ShootinStarmie|do u wanna hax?
|
|switch|p1a: Landorus-Therian|Landorus-Therian, M|328\/328
|-ability|p1a: Landorus-Therian|Intimidate|[of] p2a: Dragon X
|-unboost|p2a: Dragon X|atk|1
|
|turn|17
|c| Gizmo|ohh mememe
|c| Gizmo|starmie babe
|c| ShootinStarmie|babe 
|
|switch|p2a: Fairy Tail|Clefable, M|392\/392
|move|p1a: Landorus-Therian|Stone Edge|p2a: Fairy Tail|[miss]
|-miss|p1a: Landorus-Therian|p2a: Fairy Tail
|
|turn|18
|
|switch|p1a: Azumarill|Azumarill, M|115\/349 brn
|move|p2a: Fairy Tail|Fire Blast|p1a: Azumarill
|-resisted|p1a: Azumarill
|-damage|p1a: Azumarill|70\/349 brn
|
|-damage|p1a: Azumarill|27\/349 brn|[from] brn
|turn|19
|c| ShootinStarmie|we r disscussing whos gona host
|c| Gizmo|o
|
|move|p2a: Fairy Tail|Moonblast|p1a: Azumarill
|-damage|p1a: Azumarill|0 fnt
|faint|p1a: Azumarill
|
|
|switch|p1a: Pinsir|Pinsir, F|271\/271
|turn|20
|c| Gizmo|cienight has very study italian net
|c| Cienight|won't play
|c| Cienight|too laggy lately
|
|detailschange|p1a: Pinsir|Pinsir-Mega, F
|message|Pinsir has Mega Evolved into Mega Pinsir!
|move|p1a: Pinsir|Frustration|p2a: Fairy Tail
|-damage|p2a: Fairy Tail|172\/392
|move|p2a: Fairy Tail|Fire Blast|p1a: Pinsir|[miss]
|-miss|p2a: Fairy Tail|p1a: Pinsir
|
|-heal|p2a: Fairy Tail|196\/392|[from] item: Leftovers
|turn|21
|c| Cienight|gotta fix the problem
|c| Cienight|:|
|c| ShootinStarmie|but doesn't everything itialian smell?
|
|switch|p2a: Earth Power|Landorus-Therian, M|381\/381
|-ability|p2a: Earth Power|Intimidate|[of] p1a: Pinsir
|-unboost|p1a: Pinsir|atk|1
|move|p1a: Pinsir|Frustration|p2a: Earth Power
|-damage|p2a: Earth Power|215\/381
|
|-heal|p2a: Earth Power|238\/381|[from] item: Leftovers
|turn|22
|c| habajiga|are u queers playing haxball?
|c| Cienight|I don't
|c| Cienight|soz
|c| ShootinStarmie|who is haba
|
|move|p1a: Pinsir|Substitute|p1a: Pinsir
|-start|p1a: Pinsir|Substitute
|-damage|p1a: Pinsir|204\/271
|move|p2a: Earth Power|Stealth Rock|p1a: Pinsir
|-sidestart|p1: Reverb|move: Stealth Rock
|
|-heal|p2a: Earth Power|261\/381|[from] item: Leftovers
|turn|23
|c| Gizmo|habajiga
|c| Gizmo|is a hrose
|c| Gizmo|horse*
|
|move|p1a: Pinsir|Frustration|p2a: Earth Power
|-damage|p2a: Earth Power|83\/381
|move|p2a: Earth Power|Stone Edge|p1a: Pinsir
|-supereffective|p1a: Pinsir
|-end|p1a: Pinsir|Substitute
|
|-heal|p2a: Earth Power|106\/381|[from] item: Leftovers
|turn|24
|
|move|p1a: Pinsir|Frustration|p2a: Earth Power
|-damage|p2a: Earth Power|0 fnt
|faint|p2a: Earth Power
|
|c| habajiga|u queers better not be playing fagsball
|c| ShootinStarmie|a knight?
|
|switch|p2a: Keldeo Counter|Latios, M|124\/301
|turn|25
|c| ShootinStarmie|stfu haba
|
|switch|p1a: Magnezone|Magnezone|282\/282
|-damage|p1a: Magnezone|265\/282|[from] Stealth Rock
|move|p2a: Keldeo Counter|Draco Meteor|p1a: Magnezone
|-resisted|p1a: Magnezone
|-damage|p1a: Magnezone|108\/282
|-unboost|p2a: Keldeo Counter|spa|2
|-damage|p2a: Keldeo Counter|94\/301|[from] item: Life Orb
|
|turn|26
|c|+Paul Gilbert|shouldve went for the miss
|c| ShootinStarmie|ur annoying
|c| habajiga|starmie ill twist ur cock off
|c| Cienight|too bad latios doesnt counter kledeo
|
|move|p1a: Magnezone|Volt Switch|p2a: Keldeo Counter
|-resisted|p2a: Keldeo Counter
|-damage|p2a: Keldeo Counter|31\/301
|join|Alldaalts
|
|switch|p1a: Conkeldurr|Conkeldurr, F|365\/365
|-damage|p1a: Conkeldurr|343\/365|[from] Stealth Rock
|move|p2a: Keldeo Counter|Draco Meteor|p1a: Conkeldurr
|-damage|p1a: Conkeldurr|242\/365
|-unboost|p2a: Keldeo Counter|spa|2
|-damage|p2a: Keldeo Counter|1\/301|[from] item: Life Orb
|
|turn|27
|c| ShootinStarmie|reverb can u lock this guy
|c| ShootinStarmie|i feel violated
|join|TehSpider
|
|switch|p2a: Fairy Tail|Clefable, M|196\/392
|move|p1a: Conkeldurr|Mach Punch|p2a: Fairy Tail
|-resisted|p2a: Fairy Tail
|-damage|p2a: Fairy Tail|158\/392
|
|-heal|p2a: Fairy Tail|182\/392|[from] item: Leftovers
|turn|28
|c| Gizmo|you can't lock haba
|c| habajiga|reverb can u give me a shovel pls>
|
|switch|p1a: Magnezone|Magnezone|108\/282
|-damage|p1a: Magnezone|91\/282|[from] Stealth Rock
|move|p2a: Fairy Tail|Moonlight|p2a: Fairy Tail
|-heal|p2a: Fairy Tail|378\/392
|
|-heal|p2a: Fairy Tail|392\/392|[from] item: Leftovers
|turn|29
|c| Gizmo|he's above the law
|c| habajiga|im about to regulate
|c| TehSpider|is this ou lol
|
|switch|p2a: Keldeo Counter|Latios, M|1\/301
|move|p1a: Magnezone|Flash Cannon|p2a: Keldeo Counter
|-damage|p2a: Keldeo Counter|0 fnt
|faint|p2a: Keldeo Counter
|
|
|switch|p2a: Dragon X|Charizard-Mega-X, M, shiny|137\/315
|turn|30
|c| TehSpider|the names are so
|c| Gizmo|welp
|
|switch|p1a: Landorus-Therian|Landorus-Therian, M|328\/328
|-damage|p1a: Landorus-Therian|287\/328|[from] Stealth Rock
|-ability|p1a: Landorus-Therian|Intimidate|[of] p2a: Dragon X
|-unboost|p2a: Dragon X|atk|1
|move|p2a: Dragon X|Dragon Dance|p2a: Dragon X
|-boost|p2a: Dragon X|atk|1
|-boost|p2a: Dragon X|spe|1
|
|turn|31
|c| TehSpider|cool
|c| TehSpider|(sarcasmen)
|c| Gizmo|blitz kills
|c| Gizmo|you better be olly
|
|move|p2a: Dragon X|Flare Blitz|p1a: Landorus-Therian
|-damage|p1a: Landorus-Therian|0 fnt
|-damage|p2a: Dragon X|42\/315|[from] recoil|[of] p1a: Landorus-Therian
|faint|p1a: Landorus-Therian
|
|c|+Paul Gilbert|funny if char
|c| hellfiend|Feyitomi y not softboiled instead of moonlight 
|c|+Paul Gilbert|is addy
|
|switch|p1a: Conkeldurr|Conkeldurr, F|242\/365
|-damage|p1a: Conkeldurr|220\/365|[from] Stealth Rock
|turn|32
|c| ShootinStarmie|http:\/\/www.haxball.com\/?roomid=~2af75483cb5ba1c224da57115734e3bf43b18be5df2ca8f3ff79789534ade9947
|c| jake5alt|yeah i think its guaranteed after sr or something
|c|âFeyitomi|who here thinks charizard x doesn't deserve s
|c| ShootinStarmie|if u nigs wanna join
|
|switch|p2a: Fairy Tail|Clefable, M|392\/392
|move|p1a: Conkeldurr|Mach Punch|p2a: Fairy Tail
|-resisted|p2a: Fairy Tail
|-damage|p2a: Fairy Tail|359\/392
|
|-heal|p2a: Fairy Tail|383\/392|[from] item: Leftovers
|turn|33
|c|âFeyitomi|My clef airy is unaware so i have to run moonligh
|leave|ShootinStarmie
|
|switch|p1a: Magnezone|Magnezone|91\/282
|-damage|p1a: Magnezone|74\/282|[from] Stealth Rock
|move|p2a: Fairy Tail|Moonblast|p1a: Magnezone
|-resisted|p1a: Magnezone
|-damage|p1a: Magnezone|16\/282
|
|-heal|p2a: Fairy Tail|392\/392|[from] item: Leftovers
|turn|34
|c| hellfiend|okay
|
|switch|p2a: Dragon X|Charizard-Mega-X, M, shiny|42\/315
|move|p1a: Magnezone|Flash Cannon|p2a: Dragon X
|-resisted|p2a: Dragon X
|-damage|p2a: Dragon X|0 fnt
|faint|p2a: Dragon X
|
|
|switch|p2a: Blue Power Ranger|Bisharp, M, shiny|272\/272
|turn|35
|
|switch|p1a: Conkeldurr|Conkeldurr, F|220\/365
|-damage|p1a: Conkeldurr|198\/365|[from] Stealth Rock
|move|p2a: Blue Power Ranger|Iron Head|p1a: Conkeldurr
|-damage|p1a: Conkeldurr|0 fnt
|-damage|p2a: Blue Power Ranger|245\/272|[from] item: Life Orb
|faint|p1a: Conkeldurr
|
|
|switch|p1a: Pinsir|Pinsir-Mega, F|204\/271
|-damage|p1a: Pinsir|69\/271|[from] Stealth Rock
|turn|36
|
|move|p2a: Blue Power Ranger|Sucker Punch|p1a: Pinsir
|-damage|p1a: Pinsir|0 fnt
|-damage|p2a: Blue Power Ranger|218\/272|[from] item: Life Orb
|faint|p1a: Pinsir
|
|join|Thomas9779
|-message|Reverb forfeited.
|
|win|Feyitomi
|raw|Ladder updating...
|leave|Reverb
|player|p1
|leave|Thomas9779
|raw|Reverb's rating: 1731 &rarr; <strong>1712<\/strong><br \/>(-19 for losing)
|raw|Feyitomi's rating: 1756 &rarr; <strong>1775<\/strong><br \/>(+19 for winning)
|leave|Austin
|leave|hellfiend