|join|Davon
|join|Feyitomi
|player|p1|Davon|75
|player|p2|Feyitomi|265
|gametype|singles
|gen|6
|tier|OU
|rated
|clearpoke
|poke|p1|Dugtrio, M
|poke|p1|Charizard, F
|poke|p1|Ferrothorn, F
|poke|p1|Excadrill, M
|poke|p1|Clefable, F
|poke|p1|Slowbro, F
|poke|p2|Diancie
|poke|p2|Rotom-Wash
|poke|p2|Chesnaught, M
|poke|p2|Talonflame, F
|poke|p2|Greninja, F
|poke|p2|Excadrill, M
|rule|Swagger Clause: Swagger is banned
|rule|Baton Pass Clause: Limit one PokÃ©mon knowing Baton Pass
|rule|Sleep Clause Mod: Limit one foe put to sleep
|rule|Species Clause: Limit one of each PokÃ©mon
|rule|OHKO Clause: OHKO moves are banned
|rule|Moody Clause: Moody is banned
|rule|Evasion Moves Clause: Evasion moves are banned
|rule|Endless Battle Clause: Forcing endless battles is banned
|rule|HP Percentage Mod: HP is shown in percentages
|teampreview
|
|start
|switch|p1a: Charizard|Charizard, F|297\/297
|switch|p2a: Rotom-Wash|Rotom-Wash|303\/303
|turn|1
|
|detailschange|p1a: Charizard|Charizard-Mega-X, F
|message|Charizard has Mega Evolved into Mega Charizard!
|move|p1a: Charizard|Dragon Claw|p2a: Rotom-Wash
|-damage|p2a: Rotom-Wash|177\/303
|move|p2a: Rotom-Wash|Volt Switch|p1a: Charizard
|-resisted|p1a: Charizard
|-damage|p1a: Charizard|243\/297
|
|switch|p2a: Diancie|Diancie|241\/241
|
|turn|2
|
|switch|p1a: Dugtrio|Dugtrio, M|212\/212
|detailschange|p2a: Diancie|Diancie-Mega
|message|Diancie has Mega Evolved into Mega Diancie!
|move|p2a: Diancie|Stealth Rock|p1a: Dugtrio
|-sidestart|p1: Davon|move: Stealth Rock
|
|turn|3
|
|move|p1a: Dugtrio|Earthquake|p2a: Diancie
|-supereffective|p2a: Diancie
|-damage|p2a: Diancie|0 fnt
|faint|p2a: Diancie
|
|
|switch|p2a: Chesnaught|Chesnaught, M|380\/380
|turn|4
|
|move|p1a: Dugtrio|Toxic|p2a: Chesnaught|[miss]
|-miss|p1a: Dugtrio|p2a: Chesnaught
|move|p2a: Chesnaught|Drain Punch|p1a: Dugtrio
|-damage|p1a: Dugtrio|62\/212
|
|turn|5
|
|move|p1a: Dugtrio|Toxic|p2a: Chesnaught
|-status|p2a: Chesnaught|tox
|move|p2a: Chesnaught|Spikes|p1a: Dugtrio
|-sidestart|p1: Davon|Spikes
|
|-damage|p2a: Chesnaught|357\/380 tox|[from] psn
|turn|6
|
|move|p1a: Dugtrio|Stealth Rock|p2a: Chesnaught
|-sidestart|p2: Feyitomi|move: Stealth Rock
|move|p2a: Chesnaught|Spikes|p1a: Dugtrio
|-sidestart|p1: Davon|Spikes
|
|-heal|p2a: Chesnaught|380\/380 tox|[from] item: Leftovers
|-damage|p2a: Chesnaught|334\/380 tox|[from] psn
|turn|7
|
|move|p1a: Dugtrio|Stone Edge|p2a: Chesnaught
|-resisted|p2a: Chesnaught
|-damage|p2a: Chesnaught|305\/380 tox
|move|p2a: Chesnaught|Drain Punch|p1a: Dugtrio
|-damage|p1a: Dugtrio|0 fnt
|-heal|p2a: Chesnaught|336\/380 tox|[from] drain|[of] p1a: Dugtrio
|faint|p1a: Dugtrio
|
|-heal|p2a: Chesnaught|359\/380 tox|[from] item: Leftovers
|-damage|p2a: Chesnaught|290\/380 tox|[from] psn
|
|switch|p1a: Excadrill|Excadrill, M|362\/362
|-damage|p1a: Excadrill|302\/362|[from] Spikes
|-damage|p1a: Excadrill|291\/362|[from] Stealth Rock
|-ability|p1a: Excadrill|Mold Breaker
|turn|8
|
|move|p1a: Excadrill|Rapid Spin|p2a: Chesnaught
|-damage|p2a: Chesnaught|273\/380 tox
|-sideend|p1: Davon|Spikes|[from] move: Rapid Spin|[of] p1a: Excadrill
|-sideend|p1: Davon|Stealth Rock|[from] move: Rapid Spin|[of] p1a: Excadrill
|move|p2a: Chesnaught|Drain Punch|p1a: Excadrill
|-supereffective|p1a: Excadrill
|-damage|p1a: Excadrill|19\/362
|-heal|p2a: Chesnaught|380\/380 tox|[from] drain|[of] p1a: Excadrill
|
|-damage|p2a: Chesnaught|288\/380 tox|[from] psn
|turn|9
|
|switch|p1a: Charizard|Charizard-Mega-X, F|243\/297
|move|p2a: Chesnaught|Spikes|p1a: Charizard
|-sidestart|p1: Davon|Spikes
|
|-heal|p2a: Chesnaught|311\/380 tox|[from] item: Leftovers
|-damage|p2a: Chesnaught|196\/380 tox|[from] psn
|turn|10
|
|move|p1a: Charizard|Dragon Dance|p1a: Charizard
|-boost|p1a: Charizard|atk|1
|-boost|p1a: Charizard|spe|1
|move|p2a: Chesnaught|Spikes|p1a: Charizard
|-sidestart|p1: Davon|Spikes
|
|-heal|p2a: Chesnaught|219\/380 tox|[from] item: Leftovers
|-damage|p2a: Chesnaught|81\/380 tox|[from] psn
|turn|11
|
|move|p2a: Chesnaught|Spiky Shield|p2a: Chesnaught
|-singleturn|p2a: Chesnaught|move: Protect
|move|p1a: Charizard|Roost|p1a: Charizard
|-heal|p1a: Charizard|297\/297
|
|-heal|p2a: Chesnaught|104\/380 tox|[from] item: Leftovers
|-damage|p2a: Chesnaught|0 fnt|[from] psn
|faint|p2a: Chesnaught
|
|switch|p2a: Excadrill|Excadrill, M|377\/377
|-damage|p2a: Excadrill|366\/377|[from] Stealth Rock
|-ability|p2a: Excadrill|Mold Breaker
|turn|12
|
|move|p1a: Charizard|Flare Blitz|p2a: Excadrill
|-supereffective|p2a: Excadrill
|-damage|p2a: Excadrill|0 fnt
|-damage|p1a: Charizard|176\/297|[from] recoil|[of] p2a: Excadrill
|faint|p2a: Excadrill
|
|
|switch|p2a: Talonflame|Talonflame, F|297\/297
|-damage|p2a: Talonflame|149\/297|[from] Stealth Rock
|turn|13
|
|move|p2a: Talonflame|Brave Bird|p1a: Charizard
|-crit|p1a: Charizard
|-damage|p1a: Charizard|0 fnt
|-damage|p2a: Talonflame|91\/297|[from] recoil|[of] p1a: Charizard
|faint|p1a: Charizard
|
|
|switch|p1a: Slowbro|Slowbro, F|394\/394
|-damage|p1a: Slowbro|329\/394|[from] Spikes
|turn|14
|
|move|p2a: Talonflame|Brave Bird|p1a: Slowbro
|-damage|p1a: Slowbro|167\/394
|-damage|p2a: Talonflame|38\/297|[from] recoil|[of] p1a: Slowbro
|move|p1a: Slowbro|Scald|p2a: Talonflame
|-supereffective|p2a: Talonflame
|-damage|p2a: Talonflame|0 fnt
|faint|p2a: Talonflame
|
|-heal|p1a: Slowbro|191\/394|[from] item: Leftovers
|
|switch|p2a: Rotom-Wash|Rotom-Wash|177\/303
|-damage|p2a: Rotom-Wash|140\/303|[from] Stealth Rock
|turn|15
|
|move|p2a: Rotom-Wash|Volt Switch|p1a: Slowbro
|-supereffective|p1a: Slowbro
|-damage|p1a: Slowbro|0 fnt
|faint|p1a: Slowbro
|
|switch|p2a: Greninja|Greninja, F|285\/285
|-damage|p2a: Greninja|250\/285|[from] Stealth Rock
|
|
|switch|p1a: Ferrothorn|Ferrothorn, F|352\/352
|-damage|p1a: Ferrothorn|294\/352|[from] Spikes
|turn|16
|
|switch|p2a: Rotom-Wash|Rotom-Wash|140\/303
|-damage|p2a: Rotom-Wash|103\/303|[from] Stealth Rock
|move|p1a: Ferrothorn|Leech Seed|p2a: Rotom-Wash
|-start|p2a: Rotom-Wash|move: Leech Seed
|
|-heal|p2a: Rotom-Wash|121\/303|[from] item: Leftovers
|-heal|p1a: Ferrothorn|316\/352|[from] item: Leftovers
|-damage|p2a: Rotom-Wash|84\/303|[from] Leech Seed|[of] p1a: Ferrothorn
|-heal|p1a: Ferrothorn|352\/352|[silent]
|turn|17
|
|move|p1a: Ferrothorn|Protect|p1a: Ferrothorn
|-singleturn|p1a: Ferrothorn|Protect
|move|p2a: Rotom-Wash|Hidden Power|p1a: Ferrothorn
|-activate|p1a: Ferrothorn|Protect
|
|-heal|p2a: Rotom-Wash|102\/303|[from] item: Leftovers
|-damage|p2a: Rotom-Wash|65\/303|[from] Leech Seed|[of] p1a: Ferrothorn
|turn|18
|
|switch|p1a: Excadrill|Excadrill, M|19\/362
|-damage|p1a: Excadrill|0 fnt|[from] Spikes
|faint|p1a: Excadrill
|move|p2a: Rotom-Wash|Volt Switch|p1: Excadrill|[notarget]
|-notarget
|
|-heal|p2a: Rotom-Wash|83\/303|[from] item: Leftovers
|
|switch|p1a: Clefable|Clefable, F|385\/385
|-damage|p1a: Clefable|321\/385|[from] Spikes
|turn|19
|
|move|p2a: Rotom-Wash|Will-O-Wisp|p1a: Clefable
|-status|p1a: Clefable|brn
|move|p1a: Clefable|Moonblast|p2a: Rotom-Wash
|-damage|p2a: Rotom-Wash|0 fnt
|faint|p2a: Rotom-Wash
|
|-heal|p1a: Clefable|345\/385 brn|[from] item: Leftovers
|-damage|p1a: Clefable|297\/385 brn|[from] brn
|join|Drifblimp
|
|switch|p2a: Greninja|Greninja, F|250\/285
|-damage|p2a: Greninja|215\/285|[from] Stealth Rock
|turn|20
|
|move|p2a: Greninja|Gunk Shot|p1a: Clefable
|-start|p2a: Greninja|typechange|Poison|[from] Protean
|-supereffective|p1a: Clefable
|-damage|p1a: Clefable|0 fnt
|-damage|p2a: Greninja|187\/285|[from] item: Life Orb
|faint|p1a: Clefable
|
|
|switch|p1a: Ferrothorn|Ferrothorn, F|352\/352
|-damage|p1a: Ferrothorn|294\/352|[from] Spikes
|turn|21
|
|move|p1a: Ferrothorn|Protect|p1a: Ferrothorn
|-singleturn|p1a: Ferrothorn|Protect
|move|p2a: Greninja|Ice Beam|p1a: Ferrothorn
|-start|p2a: Greninja|typechange|Ice|[from] Protean
|-activate|p1a: Ferrothorn|Protect
|
|-heal|p1a: Ferrothorn|316\/352|[from] item: Leftovers
|turn|22
|join|tomibello
|
|move|p2a: Greninja|Ice Beam|p1a: Ferrothorn
|-damage|p1a: Ferrothorn|194\/352
|-damage|p2a: Greninja|159\/285|[from] item: Life Orb
|move|p1a: Ferrothorn|Leech Seed|p2a: Greninja|[miss]
|-miss|p1a: Ferrothorn|p2a: Greninja
|
|-heal|p1a: Ferrothorn|216\/352|[from] item: Leftovers
|turn|23
|
|move|p2a: Greninja|Ice Beam|p1a: Ferrothorn
|-damage|p1a: Ferrothorn|95\/352
|-damage|p2a: Greninja|131\/285|[from] item: Life Orb
|move|p1a: Ferrothorn|Gyro Ball|p2a: Greninja
|-supereffective|p2a: Greninja
|-damage|p2a: Greninja|0 fnt
|faint|p2a: Greninja
|
|win|Davon
|raw|Ladder updating...
|leave|Feyitomi
|player|p2