|join|Kid Nausicaa
|join|Feyitomi
|player|p1|Kid Nausicaa|223
|player|p2|Feyitomi|266
|gametype|singles
|gen|6
|tier|OU
|rated
|clearpoke
|poke|p1|Rotom-Wash, shiny
|poke|p1|Ferrothorn, F
|poke|p1|Gengar, F, shiny
|poke|p1|Entei, shiny
|poke|p1|Latios, M
|poke|p1|Gallade, M, shiny
|poke|p2|Metagross
|poke|p2|Magnezone
|poke|p2|Landorus-Therian, M
|poke|p2|Keldeo-Resolute
|poke|p2|Latios, M
|poke|p2|Talonflame, F
|rule|Swagger Clause: Swagger is banned
|rule|Baton Pass Clause: Limit one PokÃ©mon knowing Baton Pass
|rule|Sleep Clause Mod: Limit one foe put to sleep
|rule|Species Clause: Limit one of each PokÃ©mon
|rule|OHKO Clause: OHKO moves are banned
|rule|Moody Clause: Moody is banned
|rule|Evasion Moves Clause: Evasion moves are banned
|rule|Endless Battle Clause: Forcing endless battles is banned
|rule|HP Percentage Mod: HP is shown in percentages
|teampreview
|c|âKid Nausicaa|gl
|
|start
|switch|p1a: Rotom-Wash|Rotom-Wash, shiny|304\/304
|switch|p2a: Keldeo-Resolute|Keldeo-Resolute|323\/323
|turn|1
|
|switch|p2a: Latios|Latios, M|301\/301
|move|p1a: Rotom-Wash|Volt Switch|p2a: Latios
|-resisted|p2a: Latios
|-damage|p2a: Latios|263\/301
|
|switch|p1a: Gengar|Gengar, F, shiny|262\/262
|
|turn|2
|
|move|p1a: Gengar|Shadow Ball|p2a: Latios
|-supereffective|p2a: Latios
|-damage|p2a: Latios|5\/301
|move|p2a: Latios|Psyshock|p1a: Gengar
|-supereffective|p1a: Gengar
|-enditem|p1a: Gengar|Focus Sash
|-damage|p1a: Gengar|1\/262
|-damage|p2a: Latios|0 fnt|[from] item: Life Orb
|faint|p2a: Latios
|
|
|switch|p2a: Magnezone|Magnezone|281\/281
|turn|3
|
|move|p2a: Magnezone|Volt Switch|p1a: Gengar
|-damage|p1a: Gengar|0 fnt
|faint|p1a: Gengar
|
|switch|p2a: Keldeo-Resolute|Keldeo-Resolute|323\/323
|
|
|switch|p1a: Rotom-Wash|Rotom-Wash, shiny|304\/304
|turn|4
|
|move|p2a: Keldeo-Resolute|Scald|p1a: Rotom-Wash
|-resisted|p1a: Rotom-Wash
|-damage|p1a: Rotom-Wash|229\/304
|move|p1a: Rotom-Wash|Hydro Pump|p2a: Keldeo-Resolute
|-resisted|p2a: Keldeo-Resolute
|-damage|p2a: Keldeo-Resolute|251\/323
|
|-heal|p1a: Rotom-Wash|248\/304|[from] item: Leftovers
|turn|5
|
|move|p2a: Keldeo-Resolute|Scald|p1a: Rotom-Wash
|-resisted|p1a: Rotom-Wash
|-damage|p1a: Rotom-Wash|171\/304
|move|p1a: Rotom-Wash|Volt Switch|p2a: Keldeo-Resolute
|-supereffective|p2a: Keldeo-Resolute
|-damage|p2a: Keldeo-Resolute|69\/323
|
|switch|p1a: Ferrothorn|Ferrothorn, F|352\/352
|
|turn|6
|
|switch|p2a: Magnezone|Magnezone|281\/281
|switch|p1a: Entei|Entei, shiny|371\/371
|-ability|p1a: Entei|Pressure
|
|turn|7
|
|move|p2a: Magnezone|Volt Switch|p1a: Entei
|-crit|p1a: Entei
|-damage|p1a: Entei|113\/371
|
|switch|p2a: Landorus-Therian|Landorus-Therian, M|381\/381
|-ability|p2a: Landorus-Therian|Intimidate|[of] p1a: Entei
|-unboost|p1a: Entei|atk|1
|move|p1a: Entei|Sacred Fire|p2a: Landorus-Therian
|-damage|p2a: Landorus-Therian|231\/381
|
|-heal|p2a: Landorus-Therian|254\/381|[from] item: Leftovers
|turn|8
|
|move|p1a: Entei|Sacred Fire|p2a: Landorus-Therian
|-damage|p2a: Landorus-Therian|77\/381
|-status|p2a: Landorus-Therian|brn
|move|p2a: Landorus-Therian|Stealth Rock|p1a: Entei
|-sidestart|p1: Kid Nausicaa|move: Stealth Rock
|
|-heal|p2a: Landorus-Therian|100\/381 brn|[from] item: Leftovers
|-damage|p2a: Landorus-Therian|53\/381 brn|[from] brn
|turn|9
|
|move|p1a: Entei|Sacred Fire|p2a: Landorus-Therian
|-damage|p2a: Landorus-Therian|0 fnt
|faint|p2a: Landorus-Therian
|
|
|switch|p2a: Keldeo-Resolute|Keldeo-Resolute|69\/323
|turn|10
|
|switch|p1a: Rotom-Wash|Rotom-Wash, shiny|171\/304
|-damage|p1a: Rotom-Wash|133\/304|[from] Stealth Rock
|move|p2a: Keldeo-Resolute|Scald|p1a: Rotom-Wash
|-resisted|p1a: Rotom-Wash
|-damage|p1a: Rotom-Wash|60\/304
|-status|p1a: Rotom-Wash|brn
|
|-heal|p1a: Rotom-Wash|79\/304 brn|[from] item: Leftovers
|-damage|p1a: Rotom-Wash|41\/304 brn|[from] brn
|turn|11
|
|move|p2a: Keldeo-Resolute|Scald|p1a: Rotom-Wash
|-resisted|p1a: Rotom-Wash
|-damage|p1a: Rotom-Wash|0 fnt
|faint|p1a: Rotom-Wash
|
|
|switch|p1a: Latios|Latios, M|302\/302
|-damage|p1a: Latios|265\/302|[from] Stealth Rock
|turn|12
|
|switch|p2a: Magnezone|Magnezone|281\/281
|move|p1a: Latios|Hidden Power|p2a: Magnezone
|-supereffective|p2a: Magnezone
|-damage|p2a: Magnezone|119\/281
|
|turn|13
|
|move|p1a: Latios|Hidden Power|p2a: Magnezone
|-supereffective|p2a: Magnezone
|-damage|p2a: Magnezone|0 fnt
|faint|p2a: Magnezone
|
|
|switch|p2a: Talonflame|Talonflame, F|297\/297
|turn|14
|
|switch|p1a: Ferrothorn|Ferrothorn, F|352\/352
|-damage|p1a: Ferrothorn|330\/352|[from] Stealth Rock
|move|p2a: Talonflame|Swords Dance|p2a: Talonflame
|-boost|p2a: Talonflame|atk|2
|
|turn|15
|
|move|p2a: Talonflame|Flare Blitz|p1a: Ferrothorn
|-crit|p1a: Ferrothorn
|-supereffective|p1a: Ferrothorn
|-damage|p1a: Ferrothorn|0 fnt
|-damage|p2a: Talonflame|260\/297|[from] ability: Iron Barbs|[of] p1a: Ferrothorn
|-damage|p2a: Talonflame|211\/297|[from] item: Rocky Helmet|[of] p1a: Ferrothorn
|-damage|p2a: Talonflame|102\/297|[from] recoil|[of] p1a: Ferrothorn
|faint|p1a: Ferrothorn
|
|
|switch|p1a: Entei|Entei, shiny|113\/371
|-damage|p1a: Entei|21\/371|[from] Stealth Rock
|-ability|p1a: Entei|Pressure
|turn|16
|
|switch|p2a: Metagross|Metagross|301\/301
|move|p1a: Entei|Extreme Speed|p2a: Metagross
|-crit|p2a: Metagross
|-resisted|p2a: Metagross
|-damage|p2a: Metagross|222\/301
|
|turn|17
|
|detailschange|p2a: Metagross|Metagross-Mega
|message|Metagross has Mega Evolved into Mega Metagross!
|move|p1a: Entei|Extreme Speed|p2a: Metagross
|-resisted|p2a: Metagross
|-damage|p2a: Metagross|170\/301
|move|p2a: Metagross|Ice Punch|p1a: Entei
|-resisted|p1a: Entei
|-damage|p1a: Entei|0 fnt
|faint|p1a: Entei
|
|
|switch|p1a: Gallade|Gallade, M, shiny|277\/277
|-damage|p1a: Gallade|260\/277|[from] Stealth Rock
|turn|18
|
|detailschange|p1a: Gallade|Gallade-Mega, M, shiny
|message|Gallade has Mega Evolved into Mega Gallade!
|move|p2a: Metagross|Meteor Mash|p1a: Gallade
|-damage|p1a: Gallade|8\/277
|move|p1a: Gallade|Knock Off|p2a: Metagross
|-supereffective|p2a: Metagross
|-damage|p2a: Metagross|32\/301
|
|turn|19
|
|move|p1a: Gallade|Close Combat|p2a: Metagross
|-crit|p2a: Metagross
|-damage|p2a: Metagross|0 fnt
|-unboost|p1a: Gallade|def|1
|-unboost|p1a: Gallade|spd|1
|faint|p2a: Metagross
|
|
|switch|p2a: Talonflame|Talonflame, F|102\/297
|turn|20
|
|move|p2a: Talonflame|Brave Bird|p1a: Gallade
|-supereffective|p1a: Gallade
|-damage|p1a: Gallade|0 fnt
|-damage|p2a: Talonflame|99\/297|[from] recoil|[of] p1a: Gallade
|faint|p1a: Gallade
|
|
|switch|p1a: Latios|Latios, M|265\/302
|-damage|p1a: Latios|228\/302|[from] Stealth Rock
|turn|21
|
|move|p2a: Talonflame|Brave Bird|p1a: Latios
|-damage|p1a: Latios|11\/302
|-damage|p2a: Talonflame|27\/297|[from] recoil|[of] p1a: Latios
|move|p1a: Latios|Thunderbolt|p2a: Talonflame
|-supereffective|p2a: Talonflame
|-damage|p2a: Talonflame|0 fnt
|faint|p2a: Talonflame
|
|
|switch|p2a: Keldeo-Resolute|Keldeo-Resolute|69\/323
|turn|22
|
|move|p1a: Latios|Thunderbolt|p2a: Keldeo-Resolute
|-supereffective|p2a: Keldeo-Resolute
|-damage|p2a: Keldeo-Resolute|0 fnt
|faint|p2a: Keldeo-Resolute
|
|win|Kid Nausicaa
|raw|Ladder updating...
|c|âKid Nausicaa|gg
|c|âFeyitomi|gg
|raw|Kid Nausicaa's rating: 1647 &rarr; <strong>1671<\/strong><br \/>(+24 for winning)
|raw|Feyitomi's rating: 1715 &rarr; <strong>1691<\/strong><br \/>(-24 for losing)