|join|Feyitomi
|join|Rack Mc
|player|p1|Feyitomi|214
|player|p2|Rack Mc|214
|gametype|singles
|gen|6
|tier|OU
|rated
|clearpoke
|poke|p1|Charizard, M
|poke|p1|Latios, M
|poke|p1|Bisharp, F
|poke|p1|Clefable, M
|poke|p1|Keldeo-Resolute
|poke|p1|Landorus-Therian, M
|poke|p2|Arcanine, M
|poke|p2|Dragonite, F
|poke|p2|Venusaur, F
|poke|p2|Skarmory, F
|poke|p2|Tyranitar, F
|poke|p2|Magnezone
|rule|Swagger Clause: Swagger is banned
|rule|Baton Pass Clause: Limit one PokÃ©mon knowing Baton Pass
|rule|Sleep Clause Mod: Limit one foe put to sleep
|rule|Species Clause: Limit one of each PokÃ©mon
|rule|OHKO Clause: OHKO moves are banned
|rule|Moody Clause: Moody is banned
|rule|Evasion Moves Clause: Evasion moves are banned
|rule|Endless Battle Clause: Forcing endless battles is banned
|rule|HP Percentage Mod: HP is shown in percentages
|teampreview
|
|start
|switch|p1a: Keldeo-Resolute|Keldeo-Resolute|323\/323
|switch|p2a: Magnezone|Magnezone|344\/344
|turn|1
|
|switch|p1a: Landorus-Therian|Landorus-Therian, M|381\/381
|-ability|p1a: Landorus-Therian|Intimidate|[of] p2a: Magnezone
|-unboost|p2a: Magnezone|atk|1
|move|p2a: Magnezone|Thunderbolt|p1a: Landorus-Therian
|-immune|p1a: Landorus-Therian|[msg]
|
|turn|2
|
|switch|p2a: Skarmory|Skarmory, F|334\/334
|move|p1a: Landorus-Therian|Stealth Rock|p2a: Skarmory
|-sidestart|p2: Rack Mc|move: Stealth Rock
|
|turn|3
|
|switch|p1a: Charizard|Charizard, M|301\/301
|move|p2a: Skarmory|Defog|p1a: Charizard
|-unboost|p1a: Charizard|evasion|1
|-sideend|p2: Rack Mc|Stealth Rock|[from] move: Defog|[of] p2a: Skarmory
|
|turn|4
|
|switch|p2a: Arcanine|Arcanine, M|384\/384
|-ability|p2a: Arcanine|Intimidate|[of] p1a: Charizard
|-unboost|p1a: Charizard|atk|1
|detailschange|p1a: Charizard|Charizard-Mega-X, M
|message|Charizard has Mega Evolved into Mega Charizard!
|move|p1a: Charizard|Flare Blitz|p2a: Arcanine
|-resisted|p2a: Arcanine
|-damage|p2a: Arcanine|270\/384
|-damage|p1a: Charizard|263\/301|[from] recoil|[of] p2a: Arcanine
|
|-heal|p2a: Arcanine|294\/384|[from] item: Leftovers
|turn|5
|
|move|p1a: Charizard|Dragon Claw|p2a: Arcanine
|-damage|p2a: Arcanine|149\/384
|move|p2a: Arcanine|Flare Blitz|p1a: Charizard
|-resisted|p1a: Charizard
|-damage|p1a: Charizard|223\/301
|-damage|p2a: Arcanine|136\/384|[from] recoil|[of] p1a: Charizard
|
|-heal|p2a: Arcanine|160\/384|[from] item: Leftovers
|turn|6
|
|move|p1a: Charizard|Roost|p1a: Charizard
|-heal|p1a: Charizard|301\/301
|move|p2a: Arcanine|Morning Sun|p2a: Arcanine
|-heal|p2a: Arcanine|352\/384
|
|-heal|p2a: Arcanine|376\/384|[from] item: Leftovers
|turn|7
|
|switch|p2a: Skarmory|Skarmory, F|334\/334
|move|p1a: Charizard|Dragon Dance|p1a: Charizard
|-boost|p1a: Charizard|atk|1
|-boost|p1a: Charizard|spe|1
|
|turn|8
|
|move|p1a: Charizard|Flare Blitz|p2a: Skarmory
|-supereffective|p2a: Skarmory
|-activate|p2a: Skarmory|Sturdy
|-damage|p2a: Skarmory|1\/334
|-damage|p1a: Charizard|251\/301|[from] item: Rocky Helmet|[of] p2a: Skarmory
|-damage|p1a: Charizard|141\/301|[from] recoil|[of] p2a: Skarmory
|move|p2a: Skarmory|Brave Bird|p1a: Charizard
|-damage|p1a: Charizard|36\/301
|-damage|p2a: Skarmory|0 fnt|[from] recoil|[of] p1a: Charizard
|faint|p2a: Skarmory
|
|
|switch|p2a: D-Nite|Dragonite, F|363\/363
|turn|9
|
|switch|p1a: Landorus-Therian|Landorus-Therian, M|381\/381
|-ability|p1a: Landorus-Therian|Intimidate|[of] p2a: D-Nite
|-unboost|p2a: D-Nite|atk|1
|move|p2a: D-Nite|Extreme Speed|p1a: Landorus-Therian
|-damage|p1a: Landorus-Therian|320\/381
|
|-heal|p1a: Landorus-Therian|343\/381|[from] item: Leftovers
|turn|10
|
|move|p1a: Landorus-Therian|Stealth Rock|p2a: D-Nite
|-sidestart|p2: Rack Mc|move: Stealth Rock
|move|p2a: D-Nite|Dragon Dance|p2a: D-Nite
|-boost|p2a: D-Nite|atk|1
|-boost|p2a: D-Nite|spe|1
|
|-heal|p1a: Landorus-Therian|366\/381|[from] item: Leftovers
|turn|11
|
|move|p2a: D-Nite|Fire Punch|p1a: Landorus-Therian
|-damage|p1a: Landorus-Therian|282\/381
|move|p1a: Landorus-Therian|U-turn|p2a: D-Nite
|-resisted|p2a: D-Nite
|-damage|p2a: D-Nite|344\/363
|
|switch|p1a: Clefable|Clefable, M|392\/392
|
|turn|12
|
|switch|p2a: Venusaur|Venusaur, F|364\/364
|-damage|p2a: Venusaur|319\/364|[from] Stealth Rock
|move|p1a: Clefable|Moonblast|p2a: Venusaur
|-resisted|p2a: Venusaur
|-damage|p2a: Venusaur|269\/364
|
|turn|13
|
|switch|p1a: Landorus-Therian|Landorus-Therian, M|282\/381
|-ability|p1a: Landorus-Therian|Intimidate|[of] p2a: Venusaur
|-unboost|p2a: Venusaur|atk|1
|detailschange|p2a: Venusaur|Venusaur-Mega, F
|message|Venusaur has Mega Evolved into Mega Venusaur!
|move|p2a: Venusaur|Sludge Bomb|p1a: Landorus-Therian
|-resisted|p1a: Landorus-Therian
|-damage|p1a: Landorus-Therian|189\/381
|-status|p1a: Landorus-Therian|psn
|
|-heal|p1a: Landorus-Therian|212\/381 psn|[from] item: Leftovers
|-damage|p1a: Landorus-Therian|165\/381 psn|[from] psn
|turn|14
|
|move|p1a: Landorus-Therian|U-turn|p2a: Venusaur
|-damage|p2a: Venusaur|210\/364
|
|switch|p1a: Latios|Latios, M|301\/301
|move|p2a: Venusaur|Giga Drain|p1a: Latios
|-resisted|p1a: Latios
|-damage|p1a: Latios|247\/301
|-heal|p2a: Venusaur|237\/364|[from] drain|[of] p1a: Latios
|
|turn|15
|
|switch|p2a: Tyranitar|Tyranitar, F|404\/404
|-damage|p2a: Tyranitar|354\/404|[from] Stealth Rock
|-weather|Sandstorm
|move|p1a: Latios|Draco Meteor|p2a: Tyranitar
|-damage|p2a: Tyranitar|225\/404
|-unboost|p1a: Latios|spa|2
|-damage|p1a: Latios|217\/301|[from] item: Life Orb
|
|-weather|Sandstorm|[upkeep]
|-damage|p1a: Latios|199\/301|[from] sandstorm
|turn|16
|
|move|p2a: Tyranitar|Pursuit|p1a: Latios|[from]Pursuit
|-supereffective|p1a: Latios
|-damage|p1a: Latios|0 fnt
|faint|p1a: Latios
|
|-weather|Sandstorm|[upkeep]
|
|switch|p1a: Landorus-Therian|Landorus-Therian, M|165\/381 psn
|-ability|p1a: Landorus-Therian|Intimidate|[of] p2a: Tyranitar
|-unboost|p2a: Tyranitar|atk|1
|turn|17
|
|switch|p2a: D-Nite|Dragonite, F|344\/363
|-damage|p2a: D-Nite|254\/363|[from] Stealth Rock
|move|p1a: Landorus-Therian|Earthquake|p2a: D-Nite
|-immune|p2a: D-Nite|[msg]
|
|-weather|Sandstorm|[upkeep]
|-damage|p2a: D-Nite|232\/363|[from] sandstorm
|-heal|p1a: Landorus-Therian|188\/381 psn|[from] item: Leftovers
|-damage|p1a: Landorus-Therian|141\/381 psn|[from] psn
|turn|18
|
|move|p1a: Landorus-Therian|Stone Edge|p2a: D-Nite|[miss]
|-miss|p1a: Landorus-Therian|p2a: D-Nite
|move|p2a: D-Nite|Fire Punch|p1a: Landorus-Therian
|-damage|p1a: Landorus-Therian|52\/381 psn
|
|-weather|Sandstorm|[upkeep]
|-damage|p2a: D-Nite|210\/363|[from] sandstorm
|-heal|p1a: Landorus-Therian|75\/381 psn|[from] item: Leftovers
|-damage|p1a: Landorus-Therian|28\/381 psn|[from] psn
|turn|19
|
|switch|p1a: Clefable|Clefable, M|392\/392
|move|p2a: D-Nite|Extreme Speed|p1a: Clefable
|-damage|p1a: Clefable|300\/392
|
|-weather|none
|-heal|p1a: Clefable|324\/392|[from] item: Leftovers
|turn|20
|
|switch|p1a: Charizard|Charizard-Mega-X, M|36\/301
|move|p2a: D-Nite|Extreme Speed|p1a: Charizard
|-damage|p1a: Charizard|0 fnt
|faint|p1a: Charizard
|
|
|switch|p1a: Clefable|Clefable, M|324\/392
|turn|21
|
|switch|p2a: Magnezone|Magnezone|344\/344
|-damage|p2a: Magnezone|323\/344|[from] Stealth Rock
|move|p1a: Clefable|Calm Mind|p1a: Clefable
|-boost|p1a: Clefable|spa|1
|-boost|p1a: Clefable|spd|1
|
|-heal|p2a: Magnezone|344\/344|[from] item: Leftovers
|-heal|p1a: Clefable|348\/392|[from] item: Leftovers
|turn|22
|
|move|p2a: Magnezone|Flash Cannon|p1a: Clefable
|-supereffective|p1a: Clefable
|-damage|p1a: Clefable|106\/392
|move|p1a: Clefable|Calm Mind|p1a: Clefable
|-boost|p1a: Clefable|spa|1
|-boost|p1a: Clefable|spd|1
|
|-heal|p1a: Clefable|130\/392|[from] item: Leftovers
|turn|23
|
|switch|p1a: Bisharp|Bisharp, F|272\/272
|move|p2a: Magnezone|Flash Cannon|p1a: Bisharp
|-resisted|p1a: Bisharp
|-damage|p1a: Bisharp|167\/272
|
|turn|24
|
|move|p1a: Bisharp|Low Kick|p2a: Magnezone
|-supereffective|p2a: Magnezone
|-damage|p2a: Magnezone|29\/344
|-damage|p1a: Bisharp|140\/272|[from] item: Life Orb
|move|p2a: Magnezone|Substitute|p2a: Magnezone
|-fail|p2a: Magnezone|move: Substitute|[weak]
|
|-heal|p2a: Magnezone|50\/344|[from] item: Leftovers
|turn|25
|
|move|p1a: Bisharp|Knock Off|p2a: Magnezone
|-damage|p2a: Magnezone|0 fnt
|-enditem|p2a: Magnezone|Leftovers|[from] move: Knock Off|[of] p1a: Bisharp
|-damage|p1a: Bisharp|113\/272|[from] item: Life Orb
|faint|p2a: Magnezone
|
|
|switch|p2a: Arcanine|Arcanine, M|376\/384
|-damage|p2a: Arcanine|280\/384|[from] Stealth Rock
|-ability|p2a: Arcanine|Intimidate|[of] p1a: Bisharp
|-unboost|p1a: Bisharp|atk|1
|-boost|p1a: Bisharp|atk|2|[from] ability: Defiant
|turn|26
|
|switch|p1a: Landorus-Therian|Landorus-Therian, M|28\/381 psn
|-ability|p1a: Landorus-Therian|Intimidate|[of] p2a: Arcanine
|-unboost|p2a: Arcanine|atk|1
|move|p2a: Arcanine|Will-O-Wisp|p1a: Landorus-Therian
|-fail|p1a: Landorus-Therian
|
|-heal|p1a: Landorus-Therian|51\/381 psn|[from] item: Leftovers
|-heal|p2a: Arcanine|304\/384|[from] item: Leftovers
|-damage|p1a: Landorus-Therian|4\/381 psn|[from] psn
|turn|27
|
|move|p1a: Landorus-Therian|Stone Edge|p2a: Arcanine
|-supereffective|p2a: Arcanine
|-damage|p2a: Arcanine|88\/384
|move|p2a: Arcanine|Morning Sun|p2a: Arcanine
|-heal|p2a: Arcanine|280\/384
|
|-heal|p1a: Landorus-Therian|27\/381 psn|[from] item: Leftovers
|-heal|p2a: Arcanine|304\/384|[from] item: Leftovers
|-damage|p1a: Landorus-Therian|0 fnt|[from] psn
|faint|p1a: Landorus-Therian
|
|switch|p1a: Keldeo-Resolute|Keldeo-Resolute|323\/323
|turn|28
|
|switch|p2a: Venusaur|Venusaur-Mega, F|237\/364
|-damage|p2a: Venusaur|192\/364|[from] Stealth Rock
|move|p1a: Keldeo-Resolute|Hydro Pump|p2a: Venusaur
|-resisted|p2a: Venusaur
|-damage|p2a: Venusaur|111\/364
|
|turn|29
|
|move|p1a: Keldeo-Resolute|Hydro Pump|p2a: Venusaur
|-resisted|p2a: Venusaur
|-damage|p2a: Venusaur|24\/364
|move|p2a: Venusaur|Sleep Powder|p1a: Keldeo-Resolute
|-status|p1a: Keldeo-Resolute|slp
|
|turn|30
|
|switch|p1a: Bisharp|Bisharp, F|113\/272
|move|p2a: Venusaur|Giga Drain|p1a: Bisharp
|-resisted|p1a: Bisharp
|-damage|p1a: Bisharp|36\/272
|-heal|p2a: Venusaur|63\/364|[from] drain|[of] p1a: Bisharp
|
|turn|31
|
|switch|p2a: Tyranitar|Tyranitar, F|225\/404
|-damage|p2a: Tyranitar|175\/404|[from] Stealth Rock
|-weather|Sandstorm
|move|p1a: Bisharp|Knock Off|p2a: Tyranitar
|-resisted|p2a: Tyranitar
|-damage|p2a: Tyranitar|67\/404
|-enditem|p2a: Tyranitar|Assault Vest|[from] move: Knock Off|[of] p1a: Bisharp
|-damage|p1a: Bisharp|9\/272|[from] item: Life Orb
|
|-weather|Sandstorm|[upkeep]
|turn|32
|
|move|p2a: Tyranitar|Pursuit|p1a: Bisharp|[from]Pursuit
|-resisted|p1a: Bisharp
|-damage|p1a: Bisharp|0 fnt
|faint|p1a: Bisharp
|
|-weather|Sandstorm|[upkeep]
|
|switch|p1a: Keldeo-Resolute|Keldeo-Resolute|323\/323 slp
|turn|33
|
|cant|p1a: Keldeo-Resolute|slp
|move|p2a: Tyranitar|Earthquake|p1a: Keldeo-Resolute
|-damage|p1a: Keldeo-Resolute|177\/323 slp
|
|-weather|Sandstorm|[upkeep]
|-damage|p1a: Keldeo-Resolute|157\/323 slp|[from] sandstorm
|turn|34
|
|cant|p1a: Keldeo-Resolute|slp
|move|p2a: Tyranitar|Earthquake|p1a: Keldeo-Resolute
|-damage|p1a: Keldeo-Resolute|11\/323 slp
|
|-weather|Sandstorm|[upkeep]
|-damage|p1a: Keldeo-Resolute|0 fnt|[from] sandstorm
|faint|p1a: Keldeo-Resolute
|
|switch|p1a: Clefable|Clefable, M|130\/392
|turn|35
|
|move|p2a: Tyranitar|Earthquake|p1a: Clefable
|-damage|p1a: Clefable|22\/392
|move|p1a: Clefable|Moonlight|p1a: Clefable
|-heal|p1a: Clefable|120\/392
|
|-weather|none
|-heal|p1a: Clefable|144\/392|[from] item: Leftovers
|turn|36
|
|move|p2a: Tyranitar|Stone Edge|p1a: Clefable|[miss]
|-miss|p2a: Tyranitar|p1a: Clefable
|move|p1a: Clefable|Moonlight|p1a: Clefable
|-heal|p1a: Clefable|340\/392
|
|-heal|p1a: Clefable|364\/392|[from] item: Leftovers
|turn|37
|
|move|p2a: Tyranitar|Stone Edge|p1a: Clefable
|-damage|p1a: Clefable|202\/392
|move|p1a: Clefable|Calm Mind|p1a: Clefable
|-boost|p1a: Clefable|spa|1
|-boost|p1a: Clefable|spd|1
|
|-heal|p1a: Clefable|226\/392|[from] item: Leftovers
|turn|38
|
|move|p2a: Tyranitar|Stone Edge|p1a: Clefable|[miss]
|-miss|p2a: Tyranitar|p1a: Clefable
|move|p1a: Clefable|Moonlight|p1a: Clefable
|-heal|p1a: Clefable|392\/392
|
|turn|39
|
|move|p2a: Tyranitar|Stone Edge|p1a: Clefable
|-damage|p1a: Clefable|212\/392
|move|p1a: Clefable|Calm Mind|p1a: Clefable
|-boost|p1a: Clefable|spa|1
|-boost|p1a: Clefable|spd|1
|
|-heal|p1a: Clefable|236\/392|[from] item: Leftovers
|turn|40
|
|move|p2a: Tyranitar|Stone Edge|p1a: Clefable
|-damage|p1a: Clefable|68\/392
|move|p1a: Clefable|Moonlight|p1a: Clefable
|-heal|p1a: Clefable|264\/392
|
|-heal|p1a: Clefable|288\/392|[from] item: Leftovers
|turn|41
|
|move|p2a: Tyranitar|Stone Edge|p1a: Clefable
|-damage|p1a: Clefable|102\/392
|move|p1a: Clefable|Moonlight|p1a: Clefable
|-heal|p1a: Clefable|298\/392
|
|-heal|p1a: Clefable|322\/392|[from] item: Leftovers
|turn|42
|c|âFeyitomi|gg
|c|âFeyitomi|i can't sweep with venusaur right there lol
|c|âFeyitomi|sleep powder = gg
|
|move|p2a: Tyranitar|Stone Edge|p1a: Clefable|[miss]
|-miss|p2a: Tyranitar|p1a: Clefable
|move|p1a: Clefable|Moonblast|p2a: Tyranitar
|-supereffective|p2a: Tyranitar
|-damage|p2a: Tyranitar|0 fnt
|faint|p2a: Tyranitar
|
|-heal|p1a: Clefable|346\/392|[from] item: Leftovers
|
|switch|p2a: Arcanine|Arcanine, M|304\/384
|-damage|p2a: Arcanine|208\/384|[from] Stealth Rock
|-ability|p2a: Arcanine|Intimidate|[of] p1a: Clefable
|-unboost|p1a: Clefable|atk|1
|turn|43
|
|move|p2a: Arcanine|Flare Blitz|p1a: Clefable
|-damage|p1a: Clefable|177\/392
|-damage|p2a: Arcanine|152\/384|[from] recoil|[of] p1a: Clefable
|move|p1a: Clefable|Moonblast|p2a: Arcanine
|-resisted|p2a: Arcanine
|-damage|p2a: Arcanine|26\/384
|
|-heal|p2a: Arcanine|50\/384|[from] item: Leftovers
|-heal|p1a: Clefable|201\/392|[from] item: Leftovers
|turn|44
|
|move|p2a: Arcanine|Morning Sun|p2a: Arcanine
|-heal|p2a: Arcanine|242\/384
|move|p1a: Clefable|Moonlight|p1a: Clefable
|-heal|p1a: Clefable|392\/392
|
|-heal|p2a: Arcanine|266\/384|[from] item: Leftovers
|turn|45
|
|move|p2a: Arcanine|Flare Blitz|p1a: Clefable
|-damage|p1a: Clefable|220\/392
|-status|p1a: Clefable|brn
|-damage|p2a: Arcanine|209\/384|[from] recoil|[of] p1a: Clefable
|move|p1a: Clefable|Calm Mind|p1a: Clefable
|-boost|p1a: Clefable|spa|1
|-boost|p1a: Clefable|spd|1
|
|-heal|p2a: Arcanine|233\/384|[from] item: Leftovers
|-heal|p1a: Clefable|244\/392 brn|[from] item: Leftovers
|-damage|p1a: Clefable|195\/392 brn|[from] brn
|turn|46
|
|move|p2a: Arcanine|Flare Blitz|p1a: Clefable
|-damage|p1a: Clefable|33\/392 brn
|-damage|p2a: Arcanine|180\/384|[from] recoil|[of] p1a: Clefable
|move|p1a: Clefable|Moonlight|p1a: Clefable
|-heal|p1a: Clefable|229\/392 brn
|
|-heal|p2a: Arcanine|204\/384|[from] item: Leftovers
|-heal|p1a: Clefable|253\/392 brn|[from] item: Leftovers
|-damage|p1a: Clefable|204\/392 brn|[from] brn
|turn|47
|
|move|p2a: Arcanine|Flare Blitz|p1a: Clefable
|-damage|p1a: Clefable|30\/392 brn
|-damage|p2a: Arcanine|147\/384|[from] recoil|[of] p1a: Clefable
|move|p1a: Clefable|Moonblast|p2a: Arcanine
|-resisted|p2a: Arcanine
|-damage|p2a: Arcanine|0 fnt
|faint|p2a: Arcanine
|
|-heal|p1a: Clefable|54\/392 brn|[from] item: Leftovers
|-damage|p1a: Clefable|5\/392 brn|[from] brn
|-message|Feyitomi forfeited.
|
|win|Rack Mc
|raw|Ladder updating...
|leave|Feyitomi
|player|p1
|raw|Feyitomi's rating: 1754 &rarr; <strong>1729<\/strong><br \/>(-25 for losing)
|raw|Rack Mc's rating: 1660 &rarr; <strong>1686<\/strong><br \/>(+26 for winning)