|join|dEnIsSsS
|join|Feyitomi
|player|p1|dEnIsSsS|288
|player|p2|Feyitomi|102
|gametype|singles
|gen|6
|tier|OU
|rated
|clearpoke
|poke|p1|Smeargle, M, shiny
|poke|p1|Scolipede, M, shiny
|poke|p1|Vaporeon, F
|poke|p1|Espeon, M, shiny
|poke|p1|Clefable, M, shiny
|poke|p1|Deoxys-Speed
|poke|p2|Talonflame, F
|poke|p2|Gyarados, F
|poke|p2|Landorus, M
|poke|p2|Deoxys-Speed
|poke|p2|Aegislash, M
|poke|p2|Thundurus, M
|rule|Baton Pass Clause: Limit 3 pokemon knowing Baton Pass
|rule|Sleep Clause Mod: Limit one foe put to sleep
|rule|Species Clause: Limit one of each Pokemon
|rule|OHKO Clause: OHKO moves are banned
|rule|Moody Clause: Moody is banned
|rule|Evasion Moves Clause: Evasion moves are banned
|rule|Endless Battle Clause: Forcing endless battles is banned
|rule|HP Percentage Mod: HP is reported as percentages
|teampreview
|
|start
|switch|p1a: YAKUZA|Deoxys-Speed|304\/304
|switch|p2a: Thundurus|Thundurus, M|299\/299
|-ability|p1a: YAKUZA|Pressure
|turn|1
|join|LTI MushMonkey
|join|sick ducker
|chat|LTI MushMonkey|dEnIsSsS = destroyer of wolrds
|chat|LTI MushMonkey|worlds *
|
|move|p2a: Thundurus|Taunt|p1a: YAKUZA
|-start|p1a: YAKUZA|move: Taunt
|cant|p1a: YAKUZA|move: Taunt|Taunt
|
|turn|2
|
|switch|p1a: FAIRY DEMON|Clefable, M, shiny|385\/385
|move|p2a: Thundurus|Thunderbolt|p1a: FAIRY DEMON
|-damage|p1a: FAIRY DEMON|186\/385
|-damage|p2a: Thundurus|270\/299|[from] item: Life Orb
|
|-heal|p1a: FAIRY DEMON|210\/385|[from] item: Leftovers
|turn|3
|
|move|p2a: Thundurus|Thunderbolt|p1a: FAIRY DEMON
|-damage|p1a: FAIRY DEMON|15\/385
|-damage|p2a: Thundurus|241\/299|[from] item: Life Orb
|move|p1a: FAIRY DEMON|Moonblast|p2a: Thundurus
|-damage|p2a: Thundurus|100\/299
|
|-heal|p1a: FAIRY DEMON|39\/385|[from] item: Leftovers
|turn|4
|
|switch|p1a: YAKUZA|Deoxys-Speed|304\/304
|-ability|p1a: YAKUZA|Pressure
|move|p2a: Thundurus|Thunderbolt|p1a: YAKUZA
|-damage|p1a: YAKUZA|73\/304
|-damage|p2a: Thundurus|71\/299|[from] item: Life Orb
|
|turn|5
|join|newbie123
|chat|sick ducker|taunt thundurus fucks bp kek
|
|switch|p1a: DON CORLEONE|Espeon, M, shiny|321\/321
|switch|p2a: Talonflame|Talonflame, F|297\/297
|
|turn|6
|
|switch|p1a: FAIRY DEMON|Clefable, M, shiny|39\/385
|move|p2a: Talonflame|U-turn|p1a: FAIRY DEMON
|-resisted|p1a: FAIRY DEMON
|-damage|p1a: FAIRY DEMON|0 fnt
|faint|p1a: FAIRY DEMON
|
|switch|p2a: Deoxys-Speed|Deoxys-Speed|295\/295
|-ability|p2a: Deoxys-Speed|Pressure
|
|
|switch|p1a: YAKUZA|Deoxys-Speed|73\/304
|-ability|p1a: YAKUZA|Pressure
|turn|7
|
|move|p2a: Deoxys-Speed|Magic Coat|p2a: Deoxys-Speed
|-singleturn|p2a: Deoxys-Speed|move: Magic Coat
|move|p1a: YAKUZA|Reflect|p1a: YAKUZA
|-sidestart|p1: dEnIsSsS|Reflect
|
|turn|8
|
|switch|p1a: DON CORLEONE|Espeon, M, shiny|321\/321
|move|p2a: Deoxys-Speed|Stealth Rock|p1a: DON CORLEONE
|move|p1a: DON CORLEONE|Stealth Rock|p2a: Deoxys-Speed|[from]Magic Bounce
|-sidestart|p2: Feyitomi|move: Stealth Rock
|
|turn|9
|
|switch|p2a: Thundurus|Thundurus, M|71\/299
|-damage|p2a: Thundurus|0 fnt|[from] Stealth Rock
|faint|p2a: Thundurus
|move|p1a: DON CORLEONE|Substitute|p1a: DON CORLEONE
|-start|p1a: DON CORLEONE|Substitute
|-damage|p1a: DON CORLEONE|241\/321
|
|-heal|p1a: DON CORLEONE|261\/321|[from] item: Leftovers
|-message|Feyitomi forfeited.
|
|win|dEnIsSsS
|raw|Ladder updating...
|leave|Feyitomi
|player|p2
|raw|dEnIsSsS's rating: 1961 &rarr; <strong>1972<\/strong><br \/>(+11 for winning)
|raw|Feyitomi's rating: 1799 &rarr; <strong>1787<\/strong><br \/>(-12 for losing)
|leave|sick ducker
|chat|LTI MushMonkey|xD
|leave|LTI MushMonkey
|join|sick ducker