|join|Feyitomi
|join|Yong'Seun
|player|p1|Feyitomi|101
|player|p2|Yong'Seun|294
|gametype|singles
|gen|6
|tier|OU
|rated
|clearpoke
|poke|p1|Terrakion, shiny
|poke|p1|Thundurus, M, shiny
|poke|p1|Aegislash, M, shiny
|poke|p1|Charizard, F, shiny
|poke|p1|Landorus, M, shiny
|poke|p1|Greninja, F, shiny
|poke|p2|Yanmega, F
|poke|p2|Thundurus, M
|poke|p2|Blastoise, F
|poke|p2|Porygon2
|poke|p2|Hippowdon, F
|poke|p2|Latios, M
|rule|Swagger Clause: Swagger is banned
|rule|Baton Pass Clause: Limit one PokÃ©mon knowing Baton Pass
|rule|Sleep Clause Mod: Limit one foe put to sleep
|rule|Species Clause: Limit one of each PokÃ©mon
|rule|OHKO Clause: OHKO moves are banned
|rule|Moody Clause: Moody is banned
|rule|Evasion Moves Clause: Evasion moves are banned
|rule|Endless Battle Clause: Forcing endless battles is banned
|rule|HP Percentage Mod: HP is reported as percentages
|teampreview
|
|start
|switch|p1a: Terrakion|Terrakion, shiny|323\/323
|switch|p2a: Bloody sand|Hippowdon, F|420\/420
|turn|1
|
|move|p1a: Terrakion|Taunt|p2a: Bloody sand
|-start|p2a: Bloody sand|move: Taunt
|move|p2a: Bloody sand|Earthquake|p1a: Terrakion
|-supereffective|p1a: Terrakion
|-damage|p1a: Terrakion|41\/323
|
|turn|2
|join|Drummy
|
|move|p1a: Terrakion|Stealth Rock|p2a: Bloody sand
|-sidestart|p2: Yong'Seun|move: Stealth Rock
|move|p2a: Bloody sand|Earthquake|p1a: Terrakion
|-supereffective|p1a: Terrakion
|-damage|p1a: Terrakion|0 fnt
|faint|p1a: Terrakion
|
|
|switch|p1a: Aegislash|Aegislash, M, shiny|262\/262
|-item|p1a: Aegislash|Air Balloon
|turn|3
|
|move|p1a: Aegislash|Swords Dance|p1a: Aegislash
|-boost|p1a: Aegislash|atk|2
|move|p2a: Bloody sand|Ice Fang|p1a: Aegislash
|-resisted|p1a: Aegislash
|-damage|p1a: Aegislash|242\/262
|-enditem|p1a: Aegislash|Air Balloon
|
|-end|p2a: Bloody sand|move: Taunt
|turn|4
|
|-formechange|p1a: Aegislash|Aegislash-Blade
|move|p1a: Aegislash|Sacred Sword|p2a: Bloody sand
|-damage|p2a: Bloody sand|196\/420
|move|p2a: Bloody sand|Stealth Rock|p1a: Aegislash
|-sidestart|p1: Feyitomi|move: Stealth Rock
|
|-heal|p2a: Bloody sand|222\/420|[from] item: Leftovers
|turn|5
|
|move|p1a: Aegislash|Sacred Sword|p2a: Bloody sand
|-damage|p2a: Bloody sand|0 fnt
|faint|p2a: Bloody sand
|
|
|switch|p2a: Gen 1 RpZ|Blastoise, F|362\/362
|-damage|p2a: Gen 1 RpZ|317\/362|[from] Stealth Rock
|turn|6
|
|detailschange|p2a: Gen 1 RpZ|Blastoise-Mega, F
|message|Blastoise has Mega Evolved into Mega Blastoise!
|move|p2a: Gen 1 RpZ|Dark Pulse|p1a: Aegislash
|-supereffective|p1a: Aegislash
|-damage|p1a: Aegislash|0 fnt
|faint|p1a: Aegislash
|
|
|switch|p1a: Thundurus|Thundurus, M, shiny|299\/299
|-damage|p1a: Thundurus|225\/299|[from] Stealth Rock
|turn|7
|
|switch|p2a: Noob poke <--|Latios, M|301\/301
|-damage|p2a: Noob poke <--|264\/301|[from] Stealth Rock
|move|p1a: Thundurus|Thunderbolt|p2a: Noob poke <--
|-resisted|p2a: Noob poke <--
|-damage|p2a: Noob poke <--|170\/301
|-damage|p1a: Thundurus|196\/299|[from] item: Life Orb
|
|turn|8
|
|move|p2a: Noob poke <--|Draco Meteor|p1a: Thundurus
|-damage|p1a: Thundurus|0 fnt
|-unboost|p2a: Noob poke <--|spa|2
|faint|p1a: Thundurus
|
|
|switch|p1a: Charizard|Charizard, F, shiny|333\/333
|-damage|p1a: Charizard|167\/333|[from] Stealth Rock
|turn|9
|
|move|p2a: Noob poke <--|Draco Meteor|p1a: Charizard
|-damage|p1a: Charizard|46\/333
|-unboost|p2a: Noob poke <--|spa|2
|move|p1a: Charizard|Roost|p1a: Charizard
|-heal|p1a: Charizard|213\/333
|
|turn|10
|
|switch|p2a: Porygon 2.1|Porygon2|374\/374
|-damage|p2a: Porygon 2.1|328\/374|[from] Stealth Rock
|-ability|p2a: Porygon 2.1|Blaze|[from] ability: Trace|[of] p1a: Charizard
|move|p1a: Charizard|Dragon Dance|p1a: Charizard
|-boost|p1a: Charizard|atk|1
|-boost|p1a: Charizard|spe|1
|
|turn|11
|
|detailschange|p1a: Charizard|Charizard-Mega-X, F, shiny
|message|Charizard has Mega Evolved into Mega Charizard!
|move|p1a: Charizard|Dragon Dance|p1a: Charizard
|-boost|p1a: Charizard|atk|1
|-boost|p1a: Charizard|spe|1
|move|p2a: Porygon 2.1|Thunder Wave|p1a: Charizard
|-status|p1a: Charizard|par
|
|turn|12
|
|move|p2a: Porygon 2.1|Thunderbolt|p1a: Charizard
|-resisted|p1a: Charizard
|-damage|p1a: Charizard|170\/333 par
|move|p1a: Charizard|Flare Blitz|p2a: Porygon 2.1
|-damage|p2a: Porygon 2.1|22\/374
|-damage|p1a: Charizard|69\/333 par|[from] recoil|[of] p2a: Porygon 2.1
|
|turn|13
|
|move|p2a: Porygon 2.1|Recover|p2a: Porygon 2.1
|-heal|p2a: Porygon 2.1|209\/374
|move|p1a: Charizard|Roost|p1a: Charizard
|-heal|p1a: Charizard|236\/333 par
|
|turn|14
|join|glebber
|
|move|p2a: Porygon 2.1|Recover|p2a: Porygon 2.1
|-heal|p2a: Porygon 2.1|374\/374
|cant|p1a: Charizard|par
|
|turn|15
|
|switch|p2a: 1st Mega|Yanmega, F|314\/314
|-damage|p2a: 1st Mega|157\/314|[from] Stealth Rock
|move|p1a: Charizard|Roost|p1a: Charizard
|-heal|p1a: Charizard|333\/333 par
|
|turn|16
|
|move|p2a: 1st Mega|Hidden Power|p1a: Charizard
|-supereffective|p1a: Charizard
|-damage|p1a: Charizard|95\/333 par
|move|p1a: Charizard|Dragon Claw|p2a: 1st Mega
|-damage|p2a: 1st Mega|0 fnt
|faint|p2a: 1st Mega
|
|
|switch|p2a: Gen 1 RpZ|Blastoise-Mega, F|317\/362
|-damage|p2a: Gen 1 RpZ|272\/362|[from] Stealth Rock
|turn|17
|
|move|p2a: Gen 1 RpZ|Water Pulse|p1a: Charizard
|-damage|p1a: Charizard|0 fnt
|faint|p1a: Charizard
|
|
|switch|p1a: Greninja|Greninja, F, shiny|286\/286
|-damage|p1a: Greninja|251\/286|[from] Stealth Rock
|turn|18
|
|move|p1a: Greninja|Dark Pulse|p2a: Gen 1 RpZ
|-start|p1a: Greninja|typechange|Dark|[from] Protean
|-crit|p2a: Gen 1 RpZ
|-damage|p2a: Gen 1 RpZ|68\/362
|-damage|p1a: Greninja|223\/286|[from] item: Life Orb
|move|p2a: Gen 1 RpZ|Dark Pulse|p1a: Greninja
|-resisted|p1a: Greninja
|-damage|p1a: Greninja|136\/286
|
|turn|19
|
|move|p1a: Greninja|Hydro Pump|p2a: Gen 1 RpZ
|-start|p1a: Greninja|typechange|Water|[from] Protean
|-crit|p2a: Gen 1 RpZ
|-resisted|p2a: Gen 1 RpZ
|-damage|p2a: Gen 1 RpZ|0 fnt
|-damage|p1a: Greninja|108\/286|[from] item: Life Orb
|faint|p2a: Gen 1 RpZ
|
|
|switch|p2a: Porygon 2.1|Porygon2|374\/374
|-damage|p2a: Porygon 2.1|328\/374|[from] Stealth Rock
|-ability|p2a: Porygon 2.1|Protean|[from] ability: Trace|[of] p1a: Greninja
|turn|20
|-message|Feyitomi forfeited.
|
|win|Yong'Seun
|raw|Ladder updating...
|leave|Feyitomi
|player|p1
|raw|Feyitomi's rating: 1777 &rarr; <strong>1754<\/strong><br \/>(-23 for losing)
|raw|Yong&apos;Seun's rating: 1723 &rarr; <strong>1746<\/strong><br \/>(+23 for winning)
|leave|glebber