|join|Reverb
|join|Feyitomi
|join|seba1124
|player|p1|Reverb|33
|player|p2|Feyitomi|266
|gametype|singles
|gen|6
|tier|OU
|rated
|clearpoke
|poke|p1|Azelf
|poke|p1|Breloom, M
|poke|p1|Azumarill, M
|poke|p1|Lopunny, F
|poke|p1|Raikou
|poke|p1|Keldeo
|poke|p2|Slowbro, F
|poke|p2|Chansey, F
|poke|p2|Chesnaught, M
|poke|p2|Heatran, F
|poke|p2|Hippowdon, M
|poke|p2|Sylveon, F
|rule|Swagger Clause: Swagger is banned
|rule|Baton Pass Clause: Limit one PokÃ©mon knowing Baton Pass
|rule|Sleep Clause Mod: Limit one foe put to sleep
|rule|Species Clause: Limit one of each PokÃ©mon
|rule|OHKO Clause: OHKO moves are banned
|rule|Moody Clause: Moody is banned
|rule|Evasion Moves Clause: Evasion moves are banned
|rule|Endless Battle Clause: Forcing endless battles is banned
|rule|HP Percentage Mod: HP is shown in percentages
|teampreview
|join|Ox the Fox
|join|Squirrelll
|
|start
|switch|p1a: Lead|Azelf|353\/353
|switch|p2a: Slowbro|Slowbro, F|393\/393
|turn|1
|c| Squirrelll|lol
|c| Squirrelll|this match up is funny
|c|âReverb|your mom is funny
|
|detailschange|p2a: Slowbro|Slowbro-Mega, F
|-mega|p2a: Slowbro|Slowbro|Slowbronite
|move|p1a: Lead|Stealth Rock|p2a: Slowbro
|-sidestart|p2: Feyitomi|move: Stealth Rock
|move|p2a: Slowbro|Scald|p1a: Lead
|-damage|p1a: Lead|206\/353
|
|turn|2
|join|Yuttt.ttttt
|join|goodyblooming
|join|Ailurophilia
|c| Ox the Fox|this is why I think the switch to goth is worth it
|c|âReverb|maybe
|
|move|p1a: Lead|Light Screen|p1a: Lead
|-sidestart|p1: Reverb|move: Light Screen
|move|p2a: Slowbro|Scald|p1a: Lead
|-damage|p1a: Lead|125\/353
|
|turn|3
|
|move|p1a: Lead|Reflect|p1a: Lead
|-sidestart|p1: Reverb|Reflect
|move|p2a: Slowbro|Scald|p1a: Lead
|-damage|p1a: Lead|47\/353
|-status|p1a: Lead|brn
|
|-damage|p1a: Lead|3\/353 brn|[from] brn
|turn|4
|c| Squirrelll|why is goth worth it in this situation
|
|move|p1a: Lead|Taunt|p2a: Slowbro
|-start|p2a: Slowbro|move: Taunt
|cant|p2a: Slowbro|move: Taunt|Slack Off
|
|-damage|p1a: Lead|0 fnt|[from] brn
|faint|p1a: Lead
|leave|goodyblooming
|
|switch|p1a: Bunny 1|Azumarill, M|364\/364
|turn|5
|c|âReverb|bc squirrelll
|c|âReverb|your parents dont love you
|c| Yuttt.ttttt|ooohhh gottem
|
|switch|p2a: Chesnaught|Chesnaught, M|378\/378
|-damage|p2a: Chesnaught|355\/378|[from] Stealth Rock
|move|p1a: Bunny 1|Belly Drum|p1a: Bunny 1
|-damage|p1a: Bunny 1|182\/364
|-setboost|p1a: Bunny 1|atk|6|[from] move: Belly Drum
|-enditem|p1a: Bunny 1|Sitrus Berry|[eat]
|-heal|p1a: Bunny 1|273\/364|[from] item: Sitrus Berry
|
|-heal|p2a: Chesnaught|378\/378|[from] item: Leftovers
|turn|6
|c| Ox the Fox|thats cold
|c| Squirrelll|i cant speak freely w\/o spoiling lol
|c| Squirrelll|ahh there it is
|c| Squirrelll|just 6-0s
|c| Ox the Fox|imo u deserved the lock haunter gave u
|join|SwaggBoi
|
|move|p2a: Chesnaught|Spiky Shield|p2a: Chesnaught
|-singleturn|p2a: Chesnaught|move: Protect
|move|p1a: Bunny 1|Play Rough|p2a: Chesnaught
|-activate|p2a: Chesnaught|move: Protect
|-damage|p1a: Bunny 1|228\/364|[from] Spiky Shield|[of] p2a: Chesnaught
|
|turn|7
|c| Ox the Fox|unless chesnaught is fast
|c| Yuttt.ttttt|geeze these players making their teams weak to everything
|c| Yuttt.ttttt|make good teams prease
|c| Yuttt.ttttt|thansk you
|
|move|p1a: Bunny 1|Play Rough|p2a: Chesnaught
|-supereffective|p2a: Chesnaught
|-damage|p2a: Chesnaught|0 fnt
|faint|p2a: Chesnaught
|
|c| Ox the Fox|>doesn't even try to play around it
|c|âReverb|what is standard ches
|
|switch|p2a: Heatran|Heatran, F|386\/386
|-damage|p2a: Heatran|338\/386|[from] Stealth Rock
|turn|8
|c|âReverb|dpunch\/leech\/spiky\/spikes?
|c| Squirrelll|synthesis
|
|move|p2a: Heatran|Protect|p2a: Heatran
|-singleturn|p2a: Heatran|Protect
|move|p1a: Bunny 1|Aqua Jet|p2a: Heatran
|-activate|p2a: Heatran|Protect
|
|-heal|p2a: Heatran|362\/386|[from] item: Leftovers
|turn|9
|join|Gizmo
|c| Yuttt.ttttt|yes that is standard reverb
|c| Squirrelll|should be over shield imo
|c| Yuttt.ttttt|or double stab over sheild
|join|iamalexwolf
|c| Ox the Fox|or synthesis
|c| Yuttt.ttttt|if youses fast
|
|switch|p2a: Slowbro|Slowbro-Mega, F|393\/393
|-damage|p2a: Slowbro|344\/393|[from] Stealth Rock
|move|p1a: Bunny 1|Aqua Jet|p2a: Slowbro
|-resisted|p2a: Slowbro
|-damage|p2a: Slowbro|260\/393
|
|-sideend|p1: Reverb|move: Light Screen
|turn|10
|join|mouse de frank
|c| Ox the Fox|why are u playing around it with mons that don't have recoil \/ outspeed
|
|switch|p2a: Heatran|Heatran, F|362\/386
|-damage|p2a: Heatran|314\/386|[from] Stealth Rock
|move|p1a: Bunny 1|Knock Off|p2a: Heatran
|-damage|p2a: Heatran|0 fnt
|-enditem|p2a: Heatran|Leftovers|[from] move: Knock Off|[of] p1a: Bunny 1
|faint|p2a: Heatran
|
|-sideend|p1: Reverb|Reflect
|join|Cholera90
|-message|Feyitomi forfeited.
|leave|Feyitomi
|
|switch|p2a: Hippowdon|Hippowdon, M|420\/420
|-damage|p2a: Hippowdon|394\/420|[from] Stealth Rock
|-weather|Sandstorm
|turn|11
|leave|iamalexwolf
|
|win|Reverb
|raw|Ladder updating...
|player|p2
|raw|Reverb's rating: 1815 &rarr; <strong>1823<\/strong><br \/>(+8 for winning)
|raw|Feyitomi's rating: 1573 &rarr; <strong>1565<\/strong><br \/>(-8 for losing)
|leave|mouse de frank