|join|livEnwolC
|join|hdf egg
|player|p1|livEnwolC|59
|player|p2|hdf egg|6
|gametype|singles
|gen|6
|tier|OU
|rated
|clearpoke
|poke|p1|Pinsir, M
|poke|p1|Heatran, M
|poke|p1|Krookodile, M
|poke|p1|Vaporeon, M
|poke|p1|Latios, M
|poke|p1|Thundurus, M
|poke|p2|Ferrothorn, F
|poke|p2|Landorus, M
|poke|p2|Terrakion
|poke|p2|Aerodactyl, M
|poke|p2|Hippowdon, F
|poke|p2|Gastrodon, M
|rule|Sleep Clause Mod: Limit one foe put to sleep
|rule|Species Clause: Limit one of each Pokemon
|rule|OHKO Clause: OHKO moves are banned
|rule|Moody Clause: Moody is banned
|rule|Evasion Moves Clause: Evasion moves are banned
|rule|Endless Battle Clause: Forcing endless battles is banned.
|rule|HP Percentage Mod: HP is reported as percentages
|teampreview
|
|start
|switch|p1a: Vaporeon|Vaporeon, M|464\/464
|switch|p2a: Terrakion|Terrakion|323\/323
|turn|1
|
|move|p2a: Terrakion|Substitute|p2a: Terrakion
|-start|p2a: Terrakion|Substitute
|-damage|p2a: Terrakion|243\/323
|move|p1a: Vaporeon|Toxic|p2a: Terrakion
|
|-heal|p2a: Terrakion|263\/323|[from] item: Leftovers
|turn|2
|
|move|p2a: Terrakion|Close Combat|p1a: Vaporeon
|-damage|p1a: Vaporeon|248\/464
|-unboost|p2a: Terrakion|def|1
|-unboost|p2a: Terrakion|spd|1
|move|p1a: Vaporeon|Scald|p2a: Terrakion
|-supereffective|p2a: Terrakion
|-end|p2a: Terrakion|Substitute
|
|-heal|p2a: Terrakion|283\/323|[from] item: Leftovers
|-heal|p1a: Vaporeon|277\/464|[from] item: Leftovers
|turn|3
|
|switch|p2a: Ferrothorn|Ferrothorn, F|352\/352
|move|p1a: Vaporeon|Toxic|p2a: Ferrothorn|[miss]
|-miss|p1a: Vaporeon|p2a: Ferrothorn
|
|-heal|p1a: Vaporeon|306\/464|[from] item: Leftovers
|turn|4
|
|move|p1a: Vaporeon|Scald|p2a: Ferrothorn
|-resisted|p2a: Ferrothorn
|-damage|p2a: Ferrothorn|304\/352
|move|p2a: Ferrothorn|Stealth Rock|p1a: Vaporeon
|-sidestart|p1: livEnwolC|move: Stealth Rock
|
|-heal|p1a: Vaporeon|335\/464|[from] item: Leftovers
|turn|5
|
|switch|p1a: Heatran|Heatran, M|386\/386
|-damage|p1a: Heatran|338\/386|[from] Stealth Rock
|-item|p1a: Heatran|Air Balloon
|move|p2a: Ferrothorn|Leech Seed|p1a: Heatran
|-start|p1a: Heatran|move: Leech Seed
|
|-damage|p1a: Heatran|290\/386|[from] Leech Seed|[of] p2a: Ferrothorn
|-heal|p2a: Ferrothorn|352\/352|[silent]
|turn|6
|
|move|p2a: Ferrothorn|Protect|p2a: Ferrothorn
|-singleturn|p2a: Ferrothorn|Protect
|move|p1a: Heatran|Stealth Rock|p2a: Ferrothorn
|-sidestart|p2: hdf egg|move: Stealth Rock
|
|-damage|p1a: Heatran|242\/386|[from] Leech Seed|[of] p2a: Ferrothorn
|turn|7
|
|switch|p2a: Gastrodon|Gastrodon, M|426\/426
|-damage|p2a: Gastrodon|400\/426|[from] Stealth Rock
|move|p1a: Heatran|Lava Plume|p2a: Gastrodon
|-resisted|p2a: Gastrodon
|-damage|p2a: Gastrodon|302\/426
|
|-heal|p2a: Gastrodon|328\/426|[from] item: Leftovers
|-damage|p1a: Heatran|194\/386|[from] Leech Seed|[of] p2a: Gastrodon
|-heal|p2a: Gastrodon|376\/426|[silent]
|turn|8
|
|switch|p1a: Latios|Latios, M|302\/302
|-damage|p1a: Latios|265\/302|[from] Stealth Rock
|move|p2a: Gastrodon|Stockpile|p2a: Gastrodon
|-start|p2a: Gastrodon|stockpile1
|-boost|p2a: Gastrodon|def|1
|-boost|p2a: Gastrodon|spd|1
|
|-heal|p2a: Gastrodon|402\/426|[from] item: Leftovers
|turn|9
|
|move|p1a: Latios|Energy Ball|p2a: Gastrodon
|-supereffective|p2a: Gastrodon
|-damage|p2a: Gastrodon|0 fnt
|-damage|p1a: Latios|235\/302|[from] item: Life Orb
|faint|p2a: Gastrodon
|
|
|switch|p2a: Ferrothorn|Ferrothorn, F|352\/352
|-damage|p2a: Ferrothorn|330\/352|[from] Stealth Rock
|turn|10
|
|move|p1a: Latios|Defog|p2a: Ferrothorn
|-unboost|p2a: Ferrothorn|evasion|1
|-sideend|p2: hdf egg|Stealth Rock|[from] move: Defog|[of] p2a: Ferrothorn
|-sideend|p1: livEnwolC|Stealth Rock|[from] move: Defog|[of] p1a: Latios
|move|p2a: Ferrothorn|Leech Seed|p1a: Latios
|-start|p1a: Latios|move: Leech Seed
|
|-damage|p1a: Latios|198\/302|[from] Leech Seed|[of] p2a: Ferrothorn
|-heal|p2a: Ferrothorn|352\/352|[silent]
|turn|11
|
|switch|p1a: Heatran|Heatran, M|194\/386
|-item|p1a: Heatran|Air Balloon
|move|p2a: Ferrothorn|Leech Seed|p1a: Heatran
|-start|p1a: Heatran|move: Leech Seed
|
|-damage|p1a: Heatran|146\/386|[from] Leech Seed|[of] p2a: Ferrothorn
|turn|12
|
|switch|p2a: Hippowdon|Hippowdon, F|420\/420
|-weather|Sandstorm
|move|p1a: Heatran|Lava Plume|p2a: Hippowdon
|-damage|p2a: Hippowdon|206\/420
|
|-weather|Sandstorm|[upkeep]
|-damage|p1a: Heatran|98\/386|[from] Leech Seed|[of] p2a: Hippowdon
|-heal|p2a: Hippowdon|254\/420|[silent]
|turn|13
|
|move|p1a: Heatran|Stealth Rock|p2a: Hippowdon
|-sidestart|p2: hdf egg|move: Stealth Rock
|move|p2a: Hippowdon|Slack Off|p2a: Hippowdon
|-heal|p2a: Hippowdon|420\/420
|
|-weather|Sandstorm|[upkeep]
|-damage|p1a: Heatran|50\/386|[from] Leech Seed|[of] p2a: Hippowdon
|turn|14
|
|move|p1a: Heatran|Lava Plume|p2a: Hippowdon
|-damage|p2a: Hippowdon|207\/420
|move|p2a: Hippowdon|Crunch|p1a: Heatran
|-damage|p1a: Heatran|0 fnt
|-enditem|p1a: Heatran|Air Balloon
|faint|p1a: Heatran
|
|-weather|Sandstorm|[upkeep]
|
|switch|p1a: Vaporeon|Vaporeon, M|335\/464
|turn|15
|
|move|p1a: Vaporeon|Scald|p2a: Hippowdon
|-supereffective|p2a: Hippowdon
|-damage|p2a: Hippowdon|0 fnt
|faint|p2a: Hippowdon
|
|-weather|Sandstorm|[upkeep]
|-damage|p1a: Vaporeon|306\/464|[from] sandstorm
|-heal|p1a: Vaporeon|335\/464|[from] item: Leftovers
|
|switch|p2a: Ferrothorn|Ferrothorn, F|352\/352
|-damage|p2a: Ferrothorn|330\/352|[from] Stealth Rock
|turn|16
|
|switch|p1a: Pinsir|Pinsir, M|271\/271
|-ability|p1a: Pinsir|Mold Breaker
|move|p2a: Ferrothorn|Leech Seed|p1a: Pinsir
|-start|p1a: Pinsir|move: Leech Seed
|
|-weather|Sandstorm|[upkeep]
|-damage|p1a: Pinsir|255\/271|[from] sandstorm
|-damage|p1a: Pinsir|222\/271|[from] Leech Seed|[of] p2a: Ferrothorn
|-heal|p2a: Ferrothorn|352\/352|[silent]
|turn|17
|
|detailschange|p1a: Pinsir|Pinsir-Mega, M
|message|Pinsir has Mega Evolved into Mega Pinsir!
|move|p1a: Pinsir|Close Combat|p2a: Ferrothorn
|-crit|p2a: Ferrothorn
|-supereffective|p2a: Ferrothorn
|-damage|p2a: Ferrothorn|58\/352
|-damage|p1a: Pinsir|189\/271|[from] ability: Iron Barbs|[of] p2a: Ferrothorn
|-damage|p1a: Pinsir|144\/271|[from] item: Rocky Helmet|[of] p2a: Ferrothorn
|-unboost|p1a: Pinsir|def|1
|-unboost|p1a: Pinsir|spd|1
|move|p2a: Ferrothorn|Gyro Ball|p1a: Pinsir
|-damage|p1a: Pinsir|0 fnt
|faint|p1a: Pinsir
|
|-weather|Sandstorm|[upkeep]
|
|switch|p1a: Thundurus|Thundurus, M|300\/300
|turn|18
|
|move|p1a: Thundurus|Hidden Power|p2a: Ferrothorn
|-damage|p2a: Ferrothorn|0 fnt
|faint|p2a: Ferrothorn
|
|-weather|Sandstorm|[upkeep]
|-damage|p1a: Thundurus|282\/300|[from] sandstorm
|
|switch|p2a: Aerodactyl|Aerodactyl, M|302\/302
|-damage|p2a: Aerodactyl|227\/302|[from] Stealth Rock
|-ability|p2a: Aerodactyl|Pressure
|turn|19
|
|switch|p1a: Vaporeon|Vaporeon, M|335\/464
|detailschange|p2a: Aerodactyl|Aerodactyl-Mega, M
|message|Aerodactyl has Mega Evolved into Mega Aerodactyl!
|move|p2a: Aerodactyl|Stone Edge|p1a: Vaporeon
|-crit|p1a: Vaporeon
|-damage|p1a: Vaporeon|41\/464
|
|-weather|none
|-heal|p1a: Vaporeon|70\/464|[from] item: Leftovers
|turn|20
|
|move|p2a: Aerodactyl|Aerial Ace|p1a: Vaporeon
|-crit|p1a: Vaporeon
|-damage|p1a: Vaporeon|0 fnt
|faint|p1a: Vaporeon
|
|
|switch|p1a: Krookodile|Krookodile, M|332\/332
|turn|21
|
|move|p1a: Krookodile|Crunch|p2a: Aerodactyl
|-damage|p2a: Aerodactyl|82\/302
|move|p2a: Aerodactyl|Aqua Tail|p1a: Krookodile
|-supereffective|p1a: Krookodile
|-damage|p1a: Krookodile|0 fnt
|faint|p1a: Krookodile
|
|
|switch|p1a: Thundurus|Thundurus, M|282\/300
|turn|22
|
|move|p2a: Aerodactyl|Stone Edge|p1a: Thundurus
|-crit|p1a: Thundurus
|-supereffective|p1a: Thundurus
|-damage|p1a: Thundurus|0 fnt
|faint|p1a: Thundurus
|
|
|switch|p1a: Latios|Latios, M|198\/302
|turn|23
|
|move|p2a: Aerodactyl|Ice Fang|p1a: Latios
|-supereffective|p1a: Latios
|-damage|p1a: Latios|0 fnt
|faint|p1a: Latios
|
|win|hdf egg
|raw|Ladder updating...
|raw|livEnwolC's rating: 1428 &rarr; <strong>1409<\/strong><br \/>(-19 for losing)
|raw|hdf egg's rating: 1447 &rarr; <strong>1466<\/strong><br \/>(+19 for winning)
|leave|livEnwolC
|player|p1