|join|PauLMOR
|join|livEnwolC
|player|p1|PauLMOR|264
|player|p2|livEnwolC|59
|gametype|singles
|gen|6
|tier|OU
|rated
|clearpoke
|poke|p1|Tyranitar, M
|poke|p1|Aerodactyl, M
|poke|p1|Excadrill, M
|poke|p1|Espeon, F
|poke|p1|Volcarona, M
|poke|p1|Electivire, M
|poke|p2|Breloom, F
|poke|p2|Greninja, F, shiny
|poke|p2|Heatran, F
|poke|p2|Excadrill, M
|poke|p2|Togekiss, M
|poke|p2|Thundurus, M, shiny
|rule|Sleep Clause Mod: Limit one foe put to sleep
|rule|Species Clause: Limit one of each Pokemon
|rule|OHKO Clause: OHKO moves are banned
|rule|Moody Clause: Moody is banned
|rule|Evasion Moves Clause: Evasion moves are banned
|rule|Endless Battle Clause: Forcing endless battles is banned.
|rule|HP Percentage Mod: HP is reported as percentages
|teampreview
|
|start
|switch|p1a: Excadrill|Excadrill, M|361\/361
|switch|p2a: Heatran|Heatran, F|386\/386
|-item|p1a: Excadrill|Air Balloon
|-item|p2a: Heatran|Air Balloon
|turn|1
|
|move|p1a: Excadrill|Brick Break|p2a: Heatran
|-supereffective|p2a: Heatran
|-damage|p2a: Heatran|184\/386
|-enditem|p2a: Heatran|Air Balloon
|move|p2a: Heatran|Stealth Rock|p1a: Excadrill
|-sidestart|p1: PauLMOR|move: Stealth Rock
|
|turn|2
|
|switch|p2a: Breloom|Breloom, F|324\/324
|move|p1a: Excadrill|Earthquake|p2a: Breloom
|-resisted|p2a: Breloom
|-damage|p2a: Breloom|199\/324
|
|-status|p2a: Breloom|tox|[from] item: Toxic Orb
|turn|3
|
|move|p1a: Excadrill|Rapid Spin|p2a: Breloom
|-damage|p2a: Breloom|166\/324 tox
|-sideend|p1: PauLMOR|Stealth Rock|[from] move: Rapid Spin|[of] p1a: Excadrill
|move|p2a: Breloom|Drain Punch|p1a: Excadrill
|-supereffective|p1a: Excadrill
|-damage|p1a: Excadrill|23\/361
|-heal|p2a: Breloom|324\/324 tox|[from] drain|[of] p1a: Excadrill
|-enditem|p1a: Excadrill|Air Balloon
|
|turn|4
|
|move|p2a: Breloom|Mach Punch|p1a: Excadrill
|-supereffective|p1a: Excadrill
|-damage|p1a: Excadrill|0 fnt
|faint|p1a: Excadrill
|
|
|switch|p1a: Volcarona|Volcarona, M|311\/311
|turn|5
|
|move|p1a: Volcarona|Bug Buzz|p2a: Breloom
|-damage|p2a: Breloom|78\/324 tox
|move|p2a: Breloom|Spore|p1a: Volcarona
|-status|p1a: Volcarona|slp
|
|-heal|p2a: Breloom|118\/324 tox|[from] ability: Poison Heal
|turn|6
|
|switch|p2a: Heatran|Heatran, F|184\/386
|cant|p1a: Volcarona|slp
|
|turn|7
|
|switch|p1a: Espeon|Espeon, F|272\/272
|move|p2a: Heatran|Ancient Power|p1a: Espeon
|-damage|p1a: Espeon|187\/272
|
|-heal|p1a: Espeon|204\/272|[from] item: Leftovers
|turn|8
|
|move|p1a: Espeon|Psychic|p2a: Heatran
|-resisted|p2a: Heatran
|-damage|p2a: Heatran|112\/386
|move|p2a: Heatran|Lava Plume|p1a: Espeon
|-damage|p1a: Espeon|26\/272
|-status|p1a: Espeon|brn
|
|-heal|p1a: Espeon|43\/272 brn|[from] item: Leftovers
|-damage|p1a: Espeon|9\/272 brn|[from] brn
|turn|9
|
|switch|p2a: Greninja|Greninja, F, shiny|286\/286
|move|p1a: Espeon|Shadow Ball|p2a: Greninja
|-resisted|p2a: Greninja
|-damage|p2a: Greninja|223\/286
|
|-heal|p1a: Espeon|26\/272 brn|[from] item: Leftovers
|-damage|p1a: Espeon|0 fnt|[from] brn
|faint|p1a: Espeon
|
|switch|p1a: Volcarona|Volcarona, M|311\/311 slp
|turn|10
|
|-start|p2a: Greninja|typechange|Water|[from] Protean
|move|p2a: Greninja|Surf|p1a: Volcarona
|-supereffective|p1a: Volcarona
|-damage|p1a: Volcarona|23\/311 slp
|cant|p1a: Volcarona|slp
|
|-heal|p1a: Volcarona|42\/311 slp|[from] item: Leftovers
|turn|11
|
|move|p2a: Greninja|Surf|p1a: Volcarona
|-supereffective|p1a: Volcarona
|-damage|p1a: Volcarona|0 fnt
|faint|p1a: Volcarona
|
|
|switch|p1a: Titan|Tyranitar, M|341\/341
|-weather|Sandstorm
|turn|12
|
|switch|p2a: Thundurus|Thundurus, M, shiny|300\/300
|move|p1a: Titan|Dragon Dance|p1a: Titan
|-boost|p1a: Titan|atk|1
|-boost|p1a: Titan|spe|1
|
|-weather|Sandstorm|[upkeep]
|-damage|p2a: Thundurus|282\/300|[from] Sandstorm
|turn|13
|
|switch|p1a: Electivire|Electivire, M|291\/291
|move|p2a: Thundurus|Thunderbolt|p1a: Electivire
|-boost|p1a: Electivire|spe|1|[from] ability: Motor Drive
|
|-weather|Sandstorm|[upkeep]
|-damage|p1a: Electivire|273\/291|[from] Sandstorm
|-damage|p2a: Thundurus|264\/300|[from] Sandstorm
|turn|14
|
|move|p1a: Electivire|Ice Punch|p2a: Thundurus
|-supereffective|p2a: Thundurus
|-damage|p2a: Thundurus|0 fnt
|faint|p2a: Thundurus
|
|-weather|Sandstorm|[upkeep]
|-damage|p1a: Electivire|255\/291|[from] Sandstorm
|
|switch|p2a: Excadrill|Excadrill, M|362\/362
|-ability|p2a: Excadrill|Mold Breaker
|turn|15
|
|move|p1a: Electivire|Power-Up Punch|p2a: Excadrill
|-supereffective|p2a: Excadrill
|-damage|p2a: Excadrill|189\/362
|-boost|p1a: Electivire|atk|1
|move|p2a: Excadrill|Iron Head|p1a: Electivire
|-resisted|p1a: Electivire
|-damage|p1a: Electivire|149\/291
|
|-weather|Sandstorm|[upkeep]
|-damage|p1a: Electivire|131\/291|[from] Sandstorm
|turn|16
|
|switch|p2a: Togekiss|Togekiss, M|374\/374
|move|p1a: Electivire|Fire Punch|p2a: Togekiss
|-damage|p2a: Togekiss|249\/374
|-status|p2a: Togekiss|brn
|
|-weather|none
|-heal|p2a: Togekiss|272\/374 brn|[from] item: Leftovers
|-damage|p2a: Togekiss|226\/374 brn|[from] brn
|turn|17
|
|move|p1a: Electivire|Ice Punch|p2a: Togekiss
|-supereffective|p2a: Togekiss
|-damage|p2a: Togekiss|0 fnt
|faint|p2a: Togekiss
|
|
|switch|p2a: Heatran|Heatran, F|112\/386
|turn|18
|chat|PauLMOR|problem?
|
|move|p1a: Electivire|Power-Up Punch|p2a: Heatran
|-supereffective|p2a: Heatran
|-damage|p2a: Heatran|0 fnt
|-boost|p1a: Electivire|atk|1
|faint|p2a: Heatran
|
|
|switch|p2a: Breloom|Breloom, F|118\/324 tox
|turn|19
|
|move|p2a: Breloom|Mach Punch|p1a: Electivire
|-damage|p1a: Electivire|22\/291
|move|p1a: Electivire|Fire Punch|p2a: Breloom
|-crit|p2a: Breloom
|-supereffective|p2a: Breloom
|-damage|p2a: Breloom|0 fnt
|faint|p2a: Breloom
|
|
|switch|p2a: Greninja|Greninja, F, shiny|223\/286
|turn|20
|
|move|p1a: Electivire|Thunder Punch|p2a: Greninja
|-crit|p2a: Greninja
|-supereffective|p2a: Greninja
|-damage|p2a: Greninja|0 fnt
|faint|p2a: Greninja
|
|
|switch|p2a: Excadrill|Excadrill, M|189\/362
|-ability|p2a: Excadrill|Mold Breaker
|turn|21
|
|move|p1a: Electivire|Fire Punch|p2a: Excadrill
|-supereffective|p2a: Excadrill
|-damage|p2a: Excadrill|0 fnt
|faint|p2a: Excadrill
|
|win|PauLMOR
|raw|Ladder updating...
|raw|PauLMOR's rating: 1365 &rarr; <strong>1383<\/strong><br \/>(+18 for winning)
|raw|livEnwolC's rating: 1324 &rarr; <strong>1306<\/strong><br \/>(-18 for losing)
|leave|livEnwolC
|player|p2
|chat|PauLMOR|:C