|join|livEnwolC
|join|Arknash
|player|p1|livEnwolC|59
|player|p2|Arknash|293
|gametype|singles
|gen|6
|tier|OU
|rated
|clearpoke
|poke|p1|Breloom, F
|poke|p1|Greninja, M, shiny
|poke|p1|Heatran, F
|poke|p1|Excadrill, M
|poke|p1|Togekiss, M
|poke|p1|Thundurus, M, shiny
|poke|p2|Medicham, F
|poke|p2|Crobat, M
|poke|p2|Nidoking, M
|poke|p2|Cofagrigus, M
|poke|p2|Goodra, M
|poke|p2|Espeon, F
|rule|Sleep Clause Mod: Limit one foe put to sleep
|rule|Species Clause: Limit one of each Pokemon
|rule|OHKO Clause: OHKO moves are banned
|rule|Moody Clause: Moody is banned
|rule|Evasion Moves Clause: Evasion moves are banned
|rule|Endless Battle Clause: Forcing endless battles is banned.
|rule|HP Percentage Mod: HP is reported as percentages
|teampreview
|
|start
|switch|p1a: Thundurus|Thundurus, M, shiny|300\/300
|switch|p2a: Batman|Crobat, M|311\/311
|turn|1
|
|switch|p2a: .__.|Espeon, F|272\/272
|move|p1a: Thundurus|Thunderbolt|p2a: .__.
|-damage|p2a: .__.|104\/272
|
|turn|2
|
|move|p2a: .__.|Trick|p1a: Thundurus
|-activate|p2a: .__.|move: Trick|[of] p1a: Thundurus
|-item|p1a: Thundurus|Choice Scarf|[from] move: Trick
|-item|p2a: .__.|Red Card|[from] move: Trick
|move|p1a: Thundurus|Thunderbolt|p2a: .__.
|-crit|p2a: .__.
|-damage|p2a: .__.|0 fnt
|faint|p2a: .__.
|
|
|switch|p2a: King|Nidoking, M|304\/304
|turn|3
|
|switch|p1a: Excadrill|Excadrill, M|362\/362
|-ability|p1a: Excadrill|Mold Breaker
|move|p2a: King|Ice Beam|p1a: Excadrill
|-damage|p1a: Excadrill|183\/362
|
|turn|4
|
|move|p1a: Excadrill|Earthquake|p2a: King
|-supereffective|p2a: King
|-damage|p2a: King|0 fnt
|faint|p2a: King
|
|
|switch|p2a: Batman|Crobat, M|311\/311
|turn|5
|
|move|p2a: Batman|Pursuit|p1a: Excadrill|[from]Pursuit
|-damage|p1a: Excadrill|70\/362
|switch|p1a: Thundurus|Thundurus, M, shiny|300\/300
|
|turn|6
|
|switch|p2a: Goy|Goodra, M|384\/384
|move|p1a: Thundurus|Thunderbolt|p2a: Goy
|-resisted|p2a: Goy
|-damage|p2a: Goy|355\/384
|
|turn|7
|
|switch|p1a: Excadrill|Excadrill, M|70\/362
|-ability|p1a: Excadrill|Mold Breaker
|move|p2a: Goy|Dragon Tail|p1a: Excadrill
|-resisted|p1a: Excadrill
|-damage|p1a: Excadrill|13\/362
|drag|p1a: Greninja|Greninja, M, shiny|286\/286
|
|turn|8
|
|-start|p1a: Greninja|typechange|Ice|[from] Protean
|move|p1a: Greninja|Ice Beam|p2a: Goy
|-supereffective|p2a: Goy
|-damage|p2a: Goy|247\/384
|move|p2a: Goy|Flamethrower|p1a: Greninja
|-supereffective|p1a: Greninja
|-damage|p1a: Greninja|94\/286
|
|turn|9
|
|switch|p1a: Heatran|Heatran, F|386\/386
|-item|p1a: Heatran|Air Balloon
|move|p2a: Goy|Dragon Tail|p1a: Heatran
|-resisted|p1a: Heatran
|-damage|p1a: Heatran|354\/386
|-enditem|p1a: Heatran|Air Balloon
|drag|p1a: Togekiss|Togekiss, M|374\/374
|
|turn|10
|
|move|p1a: Togekiss|Air Slash|p2a: Goy
|-damage|p2a: Goy|211\/384
|cant|p2a: Goy|flinch
|
|turn|11
|
|move|p1a: Togekiss|Air Slash|p2a: Goy
|-damage|p2a: Goy|169\/384
|move|p2a: Goy|Sludge Wave|p1a: Togekiss
|-supereffective|p1a: Togekiss
|-damage|p1a: Togekiss|268\/374
|
|-heal|p1a: Togekiss|291\/374|[from] item: Leftovers
|turn|12
|
|move|p1a: Togekiss|Air Slash|p2a: Goy
|-damage|p2a: Goy|133\/384
|cant|p2a: Goy|flinch
|
|-heal|p1a: Togekiss|314\/374|[from] item: Leftovers
|turn|13
|
|move|p1a: Togekiss|Air Slash|p2a: Goy
|-damage|p2a: Goy|93\/384
|cant|p2a: Goy|flinch
|
|-heal|p1a: Togekiss|337\/374|[from] item: Leftovers
|turn|14
|
|switch|p2a: Batman|Crobat, M|311\/311
|move|p1a: Togekiss|Air Slash|p2a: Batman
|-damage|p2a: Batman|184\/311
|
|-heal|p2a: Batman|203\/311|[from] item: Black Sludge
|-heal|p1a: Togekiss|360\/374|[from] item: Leftovers
|turn|15
|
|switch|p1a: Thundurus|Thundurus, M, shiny|300\/300
|move|p2a: Batman|Brave Bird|p1a: Thundurus
|-resisted|p1a: Thundurus
|-damage|p1a: Thundurus|190\/300
|-damage|p2a: Batman|167\/311|[from] recoil|[of] p1a: Thundurus
|
|-heal|p2a: Batman|186\/311|[from] item: Black Sludge
|turn|16
|
|switch|p2a: Goy|Goodra, M|93\/384
|move|p1a: Thundurus|Volt Switch|p2a: Goy
|-resisted|p2a: Goy
|-damage|p2a: Goy|72\/384
|
|switch|p1a: Togekiss|Togekiss, M|360\/374
|
|-heal|p1a: Togekiss|374\/374|[from] item: Leftovers
|turn|17
|
|move|p1a: Togekiss|Air Slash|p2a: Goy
|-damage|p2a: Goy|36\/384
|cant|p2a: Goy|flinch
|
|turn|18
|
|move|p1a: Togekiss|Dazzling Gleam|p2a: Goy
|-supereffective|p2a: Goy
|-damage|p2a: Goy|0 fnt
|faint|p2a: Goy
|
|
|switch|p2a: Batman|Crobat, M|186\/311
|turn|19
|
|move|p2a: Batman|U-turn|p1a: Togekiss
|-resisted|p1a: Togekiss
|-damage|p1a: Togekiss|358\/374
|
|switch|p2a: Cof-cof|Cofagrigus, M|258\/258
|move|p1a: Togekiss|Air Slash|p2a: Cof-cof
|-damage|p2a: Cof-cof|167\/258
|
|-heal|p1a: Togekiss|374\/374|[from] item: Leftovers
|turn|20
|
|move|p1a: Togekiss|Air Slash|p2a: Cof-cof
|-damage|p2a: Cof-cof|76\/258
|move|p2a: Cof-cof|Pain Split|p1a: Togekiss
|-sethp|p1a: Togekiss|225\/374|p2a: Cof-cof|225\/258|[from] move: Pain Split
|
|-heal|p1a: Togekiss|248\/374|[from] item: Leftovers
|turn|21
|
|move|p1a: Togekiss|Air Slash|p2a: Cof-cof
|-damage|p2a: Cof-cof|126\/258
|cant|p2a: Cof-cof|flinch
|
|-heal|p1a: Togekiss|271\/374|[from] item: Leftovers
|turn|22
|
|move|p1a: Togekiss|Air Slash|p2a: Cof-cof
|-damage|p2a: Cof-cof|24\/258
|cant|p2a: Cof-cof|flinch
|
|-heal|p1a: Togekiss|294\/374|[from] item: Leftovers
|turn|23
|
|move|p1a: Togekiss|Air Slash|p2a: Cof-cof
|-damage|p2a: Cof-cof|0 fnt
|faint|p2a: Cof-cof
|
|-heal|p1a: Togekiss|317\/374|[from] item: Leftovers
|
|switch|p2a: Batman|Crobat, M|186\/311
|turn|24
|
|move|p2a: Batman|Brave Bird|p1a: Togekiss
|-damage|p1a: Togekiss|137\/374
|-damage|p2a: Batman|127\/311|[from] recoil|[of] p1a: Togekiss
|move|p1a: Togekiss|Air Slash|p2a: Batman
|-damage|p2a: Batman|7\/311
|
|-heal|p2a: Batman|26\/311|[from] item: Black Sludge
|-heal|p1a: Togekiss|160\/374|[from] item: Leftovers
|turn|25
|
|move|p2a: Batman|Brave Bird|p1a: Togekiss
|-damage|p1a: Togekiss|0 fnt
|-damage|p2a: Batman|0 fnt|[from] recoil|[of] p1a: Togekiss
|faint|p1a: Togekiss
|faint|p2a: Batman
|
|
|switch|p2a: ...|Medicham, F|324\/324
|switch|p1a: Breloom|Breloom, F|324\/324
|turn|26
|
|-formechange|p2a: ...|Medicham-Mega
|message|Medicham has Mega Evolved into Mega Medicham!
|move|p2a: ...|Fake Out|p1a: Breloom
|-damage|p1a: Breloom|224\/324
|cant|p1a: Breloom|flinch
|
|-status|p1a: Breloom|tox|[from] item: Toxic Orb
|turn|27
|
|move|p2a: ...|Ice Punch|p1a: Breloom
|-supereffective|p1a: Breloom
|-damage|p1a: Breloom|0 fnt
|faint|p1a: Breloom
|
|
|switch|p1a: Excadrill|Excadrill, M|13\/362
|-ability|p1a: Excadrill|Mold Breaker
|turn|28
|
|move|p2a: ...|Bullet Punch|p1a: Excadrill
|-resisted|p1a: Excadrill
|-damage|p1a: Excadrill|0 fnt
|faint|p1a: Excadrill
|
|
|switch|p1a: Greninja|Greninja, M, shiny|94\/286
|turn|29
|
|-start|p1a: Greninja|typechange|Dark|[from] Protean
|move|p1a: Greninja|Dark Pulse|p2a: ...
|-damage|p2a: ...|192\/324
|move|p2a: ...|Drain Punch|p1a: Greninja
|-supereffective|p1a: Greninja
|-damage|p1a: Greninja|0 fnt
|-heal|p2a: ...|239\/324|[from] drain|[of] p1a: Greninja
|faint|p1a: Greninja
|
|
|switch|p1a: Thundurus|Thundurus, M, shiny|190\/300
|turn|30
|
|move|p1a: Thundurus|Thunderbolt|p2a: ...
|-damage|p2a: ...|76\/324
|move|p2a: ...|Ice Punch|p1a: Thundurus
|-supereffective|p1a: Thundurus
|-damage|p1a: Thundurus|0 fnt
|faint|p1a: Thundurus
|
|
|switch|p1a: Heatran|Heatran, F|354\/386
|turn|31
|
|move|p2a: ...|Drain Punch|p1a: Heatran
|-supereffective|p1a: Heatran
|-damage|p1a: Heatran|0 fnt
|-heal|p2a: ...|253\/324|[from] drain|[of] p1a: Heatran
|faint|p1a: Heatran
|
|win|Arknash
|raw|Ladder updating...
|chat|Arknash|gg
|leave|livEnwolC
|player|p1
|raw|Ladder (probably) updated, but score could not be retrieved (timeout).
|raw|Ladder (probably) updated, but score could not be retrieved (Error: socket hang up).
|leave|Arknash
|player|p2
|join|Arknash