|join|SL) VetDancX
|join|livEnwolC
|player|p1|SL) VetDancX|153
|player|p2|livEnwolC|59
|gametype|singles
|gen|6
|tier|OU
|rated
|clearpoke
|poke|p1|Latios, M
|poke|p1|Gengar, F
|poke|p1|Heatran, M
|poke|p1|Landorus-Therian, M
|poke|p1|Gyarados, M
|poke|p1|Flygon, F
|poke|p2|Terrakion
|poke|p2|Scizor, M
|poke|p2|Celebi
|poke|p2|Skarmory, M
|poke|p2|Heatran, F
|poke|p2|Beedrill, F
|rule|Swagger Clause: Swagger is banned
|rule|Baton Pass Clause: Limit one PokÃ©mon knowing Baton Pass
|rule|Sleep Clause Mod: Limit one foe put to sleep
|rule|Species Clause: Limit one of each PokÃ©mon
|rule|OHKO Clause: OHKO moves are banned
|rule|Moody Clause: Moody is banned
|rule|Evasion Moves Clause: Evasion moves are banned
|rule|Endless Battle Clause: Forcing endless battles is banned
|rule|HP Percentage Mod: HP is shown in percentages
|teampreview
|
|start
|switch|p1a: Landorus-Therian|Landorus-Therian, M|320\/320
|switch|p2a: Body Bag|Terrakion|323\/323
|-ability|p1a: Landorus-Therian|Intimidate|[of] p2a: Body Bag
|-unboost|p2a: Body Bag|atk|1
|turn|1
|
|switch|p2a: Skarmory|Skarmory, M|334\/334
|move|p1a: Landorus-Therian|Earthquake|p2a: Skarmory
|-immune|p2a: Skarmory|[msg]
|
|turn|2
|
|switch|p1a: StellDog|Heatran, M|376\/376
|move|p2a: Skarmory|Spikes|p1a: StellDog
|-sidestart|p1: SL) VetDancX|Spikes
|
|turn|3
|
|switch|p2a: Heatran|Heatran, F|363\/363
|-item|p2a: Heatran|Air Balloon
|move|p1a: StellDog|Stealth Rock|p2a: Heatran
|-sidestart|p2: livEnwolC|move: Stealth Rock
|
|turn|4
|
|switch|p1a: Gengar|Gengar, F|262\/262
|move|p2a: Heatran|Stealth Rock|p1a: Gengar
|-sidestart|p1: SL) VetDancX|move: Stealth Rock
|
|turn|5
|
|switch|p2a: Celebi|Celebi|396\/396
|-damage|p2a: Celebi|347\/396|[from] Stealth Rock
|move|p1a: Gengar|Focus Blast|p2a: Celebi|[miss]
|-miss|p1a: Gengar|p2a: Celebi
|
|-heal|p2a: Celebi|371\/396|[from] item: Leftovers
|turn|6
|
|move|p1a: Gengar|Shadow Ball|p2a: Celebi
|-supereffective|p2a: Celebi
|-damage|p2a: Celebi|155\/396
|move|p2a: Celebi|Psychic|p1a: Gengar
|-supereffective|p1a: Gengar
|-damage|p1a: Gengar|8\/262
|
|-heal|p1a: Gengar|24\/262|[from] item: Black Sludge
|-heal|p2a: Celebi|179\/396|[from] item: Leftovers
|turn|7
|
|switch|p2a: Scizor|Scizor, M|344\/344
|-damage|p2a: Scizor|301\/344|[from] Stealth Rock
|move|p1a: Gengar|Shadow Ball|p2a: Scizor
|-damage|p2a: Scizor|130\/344
|
|-heal|p1a: Gengar|40\/262|[from] item: Black Sludge
|turn|8
|
|switch|p1a: Landorus-Therian|Landorus-Therian, M|320\/320
|-damage|p1a: Landorus-Therian|280\/320|[from] Stealth Rock
|-ability|p1a: Landorus-Therian|Intimidate|[of] p2a: Scizor
|-unboost|p2a: Scizor|atk|1
|move|p2a: Scizor|Bullet Punch|p1a: Landorus-Therian
|-damage|p1a: Landorus-Therian|189\/320
|
|turn|9
|
|switch|p2a: Skarmory|Skarmory, M|334\/334
|-damage|p2a: Skarmory|293\/334|[from] Stealth Rock
|move|p1a: Landorus-Therian|U-turn|p2a: Skarmory
|-resisted|p2a: Skarmory
|-damage|p2a: Skarmory|279\/334
|-damage|p1a: Landorus-Therian|136\/320|[from] item: Rocky Helmet|[of] p2a: Skarmory
|
|switch|p1a: Gengar|Gengar, F|40\/262
|-damage|p1a: Gengar|8\/262|[from] Stealth Rock
|
|-heal|p1a: Gengar|24\/262|[from] item: Black Sludge
|turn|10
|
|move|p1a: Gengar|Shadow Ball|p2a: Skarmory
|-damage|p2a: Skarmory|80\/334
|move|p2a: Skarmory|Whirlwind|p1a: Gengar
|drag|p1a: StellDog|Heatran, M|376\/376
|-damage|p1a: StellDog|329\/376|[from] Spikes
|-damage|p1a: StellDog|282\/376|[from] Stealth Rock
|
|-heal|p1a: StellDog|305\/376|[from] item: Leftovers
|turn|11
|
|switch|p2a: Heatran|Heatran, F|363\/363
|-damage|p2a: Heatran|318\/363|[from] Stealth Rock
|-item|p2a: Heatran|Air Balloon
|move|p1a: StellDog|Lava Plume|p2a: Heatran
|-start|p2a: Heatran|ability: Flash Fire
|
|-heal|p1a: StellDog|328\/376|[from] item: Leftovers
|turn|12
|
|switch|p1a: Latios|Latios, M|302\/302
|-damage|p1a: Latios|265\/302|[from] Stealth Rock
|move|p2a: Heatran|Roar|p1a: Latios
|drag|p1a: StellDog|Heatran, M|328\/376
|-damage|p1a: StellDog|281\/376|[from] Stealth Rock
|-damage|p1a: StellDog|234\/376|[from] Spikes
|
|-heal|p1a: StellDog|257\/376|[from] item: Leftovers
|turn|13
|
|switch|p1a: Latios|Latios, M|265\/302
|-damage|p1a: Latios|228\/302|[from] Stealth Rock
|move|p2a: Heatran|Roar|p1a: Latios
|drag|p1a: Gengar|Gengar, F|24\/262
|-damage|p1a: Gengar|0 fnt|[from] Stealth Rock
|faint|p1a: Gengar
|
|
|switch|p1a: Terra Formars|Flygon, F|301\/301
|-damage|p1a: Terra Formars|283\/301|[from] Stealth Rock
|turn|14
|
|move|p1a: Terra Formars|U-turn|p2a: Heatran
|-crit|p2a: Heatran
|-resisted|p2a: Heatran
|-damage|p2a: Heatran|287\/363
|-enditem|p2a: Heatran|Air Balloon
|-damage|p1a: Terra Formars|253\/301|[from] item: Life Orb
|
|switch|p1a: Latios|Latios, M|228\/302
|-damage|p1a: Latios|191\/302|[from] Stealth Rock
|move|p2a: Heatran|Lava Plume|p1a: Latios
|-resisted|p1a: Latios
|-damage|p1a: Latios|80\/302
|
|turn|15
|
|move|p1a: Latios|Defog|p2a: Heatran
|-unboost|p2a: Heatran|evasion|1
|-sideend|p2: livEnwolC|Stealth Rock|[from] move: Defog|[of] p2a: Heatran
|-sideend|p1: SL) VetDancX|Spikes|[from] move: Defog|[of] p1a: Latios
|-sideend|p1: SL) VetDancX|Stealth Rock|[from] move: Defog|[of] p1a: Latios
|move|p2a: Heatran|Lava Plume|p1a: Latios
|-resisted|p1a: Latios
|-damage|p1a: Latios|0 fnt
|faint|p1a: Latios
|
|
|switch|p1a: Terra Formars|Flygon, F|253\/301
|turn|16
|
|move|p1a: Terra Formars|Earthquake|p2a: Heatran
|-supereffective|p2a: Heatran
|-damage|p2a: Heatran|0 fnt
|-damage|p1a: Terra Formars|223\/301|[from] item: Life Orb
|faint|p2a: Heatran
|
|
|switch|p2a: Skarmory|Skarmory, M|80\/334
|turn|17
|
|move|p1a: Terra Formars|Fire Punch|p2a: Skarmory
|-supereffective|p2a: Skarmory
|-damage|p2a: Skarmory|0 fnt
|-damage|p1a: Terra Formars|173\/301|[from] item: Rocky Helmet|[of] p2a: Skarmory
|-damage|p1a: Terra Formars|143\/301|[from] item: Life Orb
|faint|p2a: Skarmory
|
|
|switch|p2a: Beedrill|Beedrill, F|272\/272
|turn|18
|
|switch|p1a: Landorus-Therian|Landorus-Therian, M|136\/320
|-ability|p1a: Landorus-Therian|Intimidate|[of] p2a: Beedrill
|-unboost|p2a: Beedrill|atk|1
|detailschange|p2a: Beedrill|Beedrill-Mega, F
|message|Beedrill has Mega Evolved into Mega Beedrill!
|move|p2a: Beedrill|Protect|p2a: Beedrill
|-fail|p2a: Beedrill
|
|turn|19
|
|move|p2a: Beedrill|Protect|p2a: Beedrill
|-singleturn|p2a: Beedrill|Protect
|move|p1a: Landorus-Therian|Stone Edge|p2a: Beedrill
|-activate|p2a: Beedrill|Protect
|
|turn|20
|
|switch|p2a: Body Bag|Terrakion|323\/323
|move|p1a: Landorus-Therian|Stone Edge|p2a: Body Bag
|-resisted|p2a: Body Bag
|-damage|p2a: Body Bag|249\/323
|
|turn|21
|
|switch|p1a: VetDancX|Gyarados, M|332\/332
|-ability|p1a: VetDancX|Intimidate|[of] p2a: Body Bag
|-unboost|p2a: Body Bag|atk|1
|move|p2a: Body Bag|Rock Slide|p1a: VetDancX
|-supereffective|p1a: VetDancX
|-damage|p1a: VetDancX|126\/332
|
|turn|22
|
|detailschange|p1a: VetDancX|Gyarados-Mega, M
|message|Gyarados has Mega Evolved into Mega Gyarados!
|-ability|p1a: VetDancX|Mold Breaker
|move|p2a: Body Bag|Rock Slide|p1a: VetDancX
|-damage|p1a: VetDancX|42\/332
|move|p1a: VetDancX|Waterfall|p2a: Body Bag
|-supereffective|p2a: Body Bag
|-damage|p2a: Body Bag|0 fnt
|faint|p2a: Body Bag
|
|
|switch|p2a: Beedrill|Beedrill-Mega, F|272\/272
|turn|23
|
|move|p2a: Beedrill|Poison Jab|p1a: VetDancX
|-damage|p1a: VetDancX|0 fnt
|faint|p1a: VetDancX
|
|
|switch|p1a: Landorus-Therian|Landorus-Therian, M|136\/320
|-ability|p1a: Landorus-Therian|Intimidate|[of] p2a: Beedrill
|-unboost|p2a: Beedrill|atk|1
|turn|24
|
|move|p2a: Beedrill|Protect|p2a: Beedrill
|-singleturn|p2a: Beedrill|Protect
|move|p1a: Landorus-Therian|Stone Edge|p2a: Beedrill
|-activate|p2a: Beedrill|Protect
|
|turn|25
|
|switch|p2a: Celebi|Celebi|179\/396
|move|p1a: Landorus-Therian|Stone Edge|p2a: Celebi
|-damage|p2a: Celebi|59\/396
|
|-heal|p2a: Celebi|83\/396|[from] item: Leftovers
|turn|26
|
|move|p1a: Landorus-Therian|Stone Edge|p2a: Celebi
|-damage|p2a: Celebi|0 fnt
|faint|p2a: Celebi
|
|
|switch|p2a: Scizor|Scizor, M|130\/344
|turn|27
|
|switch|p1a: Terra Formars|Flygon, F|143\/301
|move|p2a: Scizor|Swords Dance|p2a: Scizor
|-boost|p2a: Scizor|atk|2
|
|turn|28
|
|move|p2a: Scizor|Bullet Punch|p1a: Terra Formars
|-damage|p1a: Terra Formars|0 fnt
|faint|p1a: Terra Formars
|
|
|switch|p1a: Landorus-Therian|Landorus-Therian, M|136\/320
|-ability|p1a: Landorus-Therian|Intimidate|[of] p2a: Scizor
|-unboost|p2a: Scizor|atk|1
|turn|29
|
|switch|p1a: StellDog|Heatran, M|257\/376
|move|p2a: Scizor|Bullet Punch|p1a: StellDog
|-resisted|p1a: StellDog
|-damage|p1a: StellDog|213\/376
|
|-heal|p1a: StellDog|236\/376|[from] item: Leftovers
|turn|30
|
|move|p1a: StellDog|Lava Plume|p2a: Scizor
|-supereffective|p2a: Scizor
|-damage|p2a: Scizor|0 fnt
|faint|p2a: Scizor
|
|-heal|p1a: StellDog|259\/376|[from] item: Leftovers
|
|switch|p2a: Beedrill|Beedrill-Mega, F|272\/272
|turn|31
|c|âlivEnwolC|gg
|
|move|p2a: Beedrill|Drill Run|p1a: StellDog
|-supereffective|p1a: StellDog
|-damage|p1a: StellDog|0 fnt
|faint|p1a: StellDog
|
|
|switch|p1a: Landorus-Therian|Landorus-Therian, M|136\/320
|-ability|p1a: Landorus-Therian|Intimidate|[of] p2a: Beedrill
|-unboost|p2a: Beedrill|atk|1
|turn|32
|
|move|p1a: Landorus-Therian|Stone Edge|p2a: Beedrill
|-supereffective|p2a: Beedrill
|-damage|p2a: Beedrill|0 fnt
|faint|p2a: Beedrill
|
|win|SL) VetDancX
|raw|Ladder updating...
|c|âSL) VetDancX|GG