|join|MLOPTEST
|join|livEnwolC
|player|p1|MLOPTEST|292
|player|p2|livEnwolC|59
|gametype|singles
|gen|6
|tier|OU
|rated
|clearpoke
|poke|p1|Rotom-Wash
|poke|p1|Diggersby, F
|poke|p1|Whimsicott, F
|poke|p1|Xatu, F
|poke|p1|Lopunny, F, shiny
|poke|p1|Cobalion
|poke|p2|Beedrill, F
|poke|p2|Magnezone
|poke|p2|Heatran, F
|poke|p2|Gliscor, F
|poke|p2|Togekiss, F
|poke|p2|Latias, F
|rule|Swagger Clause: Swagger is banned
|rule|Baton Pass Clause: Limit one PokÃ©mon knowing Baton Pass
|rule|Sleep Clause Mod: Limit one foe put to sleep
|rule|Species Clause: Limit one of each PokÃ©mon
|rule|OHKO Clause: OHKO moves are banned
|rule|Moody Clause: Moody is banned
|rule|Evasion Moves Clause: Evasion moves are banned
|rule|Endless Battle Clause: Forcing endless battles is banned
|rule|HP Percentage Mod: HP is shown in percentages
|teampreview
|
|start
|switch|p1a: Lopunny|Lopunny, F, shiny|272\/272
|switch|p2a: Its Inside|Beedrill, F|272\/272
|turn|1
|
|detailschange|p1a: Lopunny|Lopunny-Mega, F, shiny
|message|Lopunny has Mega Evolved into Mega Lopunny!
|detailschange|p2a: Its Inside|Beedrill-Mega, F
|message|Beedrill has Mega Evolved into Mega Beedrill!
|move|p2a: Its Inside|Protect|p2a: Its Inside
|-singleturn|p2a: Its Inside|Protect
|move|p1a: Lopunny|Return|p2a: Its Inside
|-activate|p2a: Its Inside|Protect
|
|turn|2
|
|switch|p1a: Cobalion|Cobalion|324\/324
|move|p2a: Its Inside|U-turn|p1a: Cobalion
|-resisted|p1a: Cobalion
|-damage|p1a: Cobalion|289\/324
|
|switch|p2a: Gliscor|Gliscor, F|354\/354
|
|-status|p2a: Gliscor|tox|[from] item: Toxic Orb
|turn|3
|
|move|p1a: Cobalion|Taunt|p2a: Gliscor
|-start|p2a: Gliscor|move: Taunt
|cant|p2a: Gliscor|move: Taunt|Substitute
|
|turn|4
|
|switch|p2a: Togekiss|Togekiss, F|374\/374
|move|p1a: Cobalion|Stealth Rock|p2a: Togekiss
|-sidestart|p2: livEnwolC|move: Stealth Rock
|
|turn|5
|
|move|p1a: Cobalion|Taunt|p2a: Togekiss
|-start|p2a: Togekiss|move: Taunt
|move|p2a: Togekiss|Flamethrower|p1a: Cobalion
|-supereffective|p1a: Cobalion
|-damage|p1a: Cobalion|0 fnt
|faint|p1a: Cobalion
|
|
|switch|p1a: Rotom-Wash|Rotom-Wash|304\/304
|turn|6
|
|move|p1a: Rotom-Wash|Hydro Pump|p2a: Togekiss|[miss]
|-miss|p1a: Rotom-Wash|p2a: Togekiss
|move|p2a: Togekiss|Dazzling Gleam|p1a: Rotom-Wash
|-damage|p1a: Rotom-Wash|163\/304
|
|-heal|p1a: Rotom-Wash|182\/304|[from] item: Leftovers
|turn|7
|
|move|p1a: Rotom-Wash|Volt Switch|p2a: Togekiss
|-supereffective|p2a: Togekiss
|-damage|p2a: Togekiss|210\/374
|
|switch|p1a: Whimsicott|Whimsicott, F|261\/261
|move|p2a: Togekiss|Dazzling Gleam|p1a: Whimsicott
|-damage|p1a: Whimsicott|77\/261
|
|-heal|p2a: Togekiss|233\/374|[from] item: Leftovers
|-end|p2a: Togekiss|move: Taunt
|turn|8
|
|move|p1a: Whimsicott|Moonblast|p2a: Togekiss
|-damage|p2a: Togekiss|107\/374
|-damage|p1a: Whimsicott|51\/261|[from] item: Life Orb
|move|p2a: Togekiss|Dazzling Gleam|p1a: Whimsicott
|-damage|p1a: Whimsicott|0 fnt
|faint|p1a: Whimsicott
|
|-heal|p2a: Togekiss|130\/374|[from] item: Leftovers
|
|switch|p1a: Lopunny|Lopunny-Mega, F, shiny|272\/272
|turn|9
|
|move|p1a: Lopunny|Return|p2a: Togekiss
|-damage|p2a: Togekiss|0 fnt
|faint|p2a: Togekiss
|
|
|switch|p2a: Gliscor|Gliscor, F|354\/354 tox
|-damage|p2a: Gliscor|310\/354 tox|[from] Stealth Rock
|turn|10
|
|move|p1a: Lopunny|Power-Up Punch|p2a: Gliscor
|-resisted|p2a: Gliscor
|-damage|p2a: Gliscor|287\/354 tox
|-boost|p1a: Lopunny|atk|1
|move|p2a: Gliscor|Swords Dance|p2a: Gliscor
|-boost|p2a: Gliscor|atk|2
|
|-heal|p2a: Gliscor|331\/354 tox|[from] ability: Poison Heal
|turn|11
|
|move|p1a: Lopunny|Encore|p2a: Gliscor
|-start|p2a: Gliscor|Encore
|move|p2a: Gliscor|Swords Dance|p2a: Gliscor
|-boost|p2a: Gliscor|atk|2
|
|-heal|p2a: Gliscor|354\/354 tox|[from] ability: Poison Heal
|turn|12
|
|move|p1a: Lopunny|Power-Up Punch|p2a: Gliscor
|-resisted|p2a: Gliscor
|-damage|p2a: Gliscor|317\/354 tox
|-boost|p1a: Lopunny|atk|1
|move|p2a: Gliscor|Swords Dance|p2a: Gliscor
|-boost|p2a: Gliscor|atk|2
|
|-heal|p2a: Gliscor|354\/354 tox|[from] ability: Poison Heal
|turn|13
|
|move|p1a: Lopunny|Return|p2a: Gliscor
|-damage|p2a: Gliscor|99\/354 tox
|move|p2a: Gliscor|Swords Dance|p2a: Gliscor
|-fail|p2a: Gliscor
|
|-heal|p2a: Gliscor|143\/354 tox|[from] ability: Poison Heal
|-end|p2a: Gliscor|Encore
|turn|14
|
|move|p2a: Gliscor|Protect|p2a: Gliscor
|-singleturn|p2a: Gliscor|Protect
|move|p1a: Lopunny|Return|p2a: Gliscor
|-activate|p2a: Gliscor|Protect
|
|-heal|p2a: Gliscor|187\/354 tox|[from] ability: Poison Heal
|turn|15
|
|move|p1a: Lopunny|Return|p2a: Gliscor
|-damage|p2a: Gliscor|0 fnt
|faint|p2a: Gliscor
|
|
|switch|p2a: Its Inside|Beedrill-Mega, F|272\/272
|-damage|p2a: Its Inside|204\/272|[from] Stealth Rock
|turn|16
|
|move|p2a: Its Inside|Poison Jab|p1a: Lopunny
|-damage|p1a: Lopunny|50\/272
|move|p1a: Lopunny|Return|p2a: Its Inside
|-damage|p2a: Its Inside|0 fnt
|faint|p2a: Its Inside
|
|
|switch|p2a: Latias|Latias, F|364\/364
|-damage|p2a: Latias|319\/364|[from] Stealth Rock
|turn|17
|
|move|p1a: Lopunny|Return|p2a: Latias
|-damage|p2a: Latias|0 fnt
|faint|p2a: Latias
|
|-message|livEnwolC forfeited.
|
|win|MLOPTEST
|raw|Ladder updating...
|leave|livEnwolC
|player|p2
|raw|MLOPTEST's rating: 1342 &rarr; <strong>1361<\/strong><br \/>(+19 for winning)
|raw|livEnwolC's rating: 1323 &rarr; <strong>1304<\/strong><br \/>(-19 for losing)