|join|RK)Darklight
|join|livEnwolC
|player|p1|RK)Darklight|1
|player|p2|livEnwolC|59
|gametype|singles
|gen|6
|tier|OU
|rated
|clearpoke
|poke|p1|Manectric, M
|poke|p1|Chansey, F
|poke|p1|Gothitelle, M
|poke|p1|Skarmory, M
|poke|p1|Landorus-Therian, M
|poke|p1|Conkeldurr, M
|poke|p2|Scizor, F
|poke|p2|Vaporeon, F
|poke|p2|Talonflame, F
|poke|p2|Terrakion
|poke|p2|Tornadus, M
|poke|p2|Rotom-Wash
|rule|Swagger Clause: Swagger is banned
|rule|Baton Pass Clause: Limit one PokÃ©mon knowing Baton Pass
|rule|Sleep Clause Mod: Limit one foe put to sleep
|rule|Species Clause: Limit one of each PokÃ©mon
|rule|OHKO Clause: OHKO moves are banned
|rule|Moody Clause: Moody is banned
|rule|Evasion Moves Clause: Evasion moves are banned
|rule|Endless Battle Clause: Forcing endless battles is banned
|rule|HP Percentage Mod: HP is shown in percentages
|teampreview
|
|start
|switch|p1a: Ground|Landorus-Therian, M|320\/320
|switch|p2a: Tornadus|Tornadus, M|300\/300
|-ability|p1a: Ground|Intimidate|[of] p2a: Tornadus
|-unboost|p2a: Tornadus|atk|1
|turn|1
|
|move|p2a: Tornadus|Taunt|p1a: Ground
|-start|p1a: Ground|move: Taunt
|move|p1a: Ground|Stone Edge|p2a: Tornadus|[miss]
|-miss|p1a: Ground|p2a: Tornadus
|
|turn|2
|c|âRK)Darklight|hmm
|
|switch|p2a: Rotom-Wash|Rotom-Wash|304\/304
|move|p1a: Ground|Stone Edge|p2a: Rotom-Wash
|-damage|p2a: Rotom-Wash|208\/304
|
|-heal|p2a: Rotom-Wash|227\/304|[from] item: Leftovers
|turn|3
|
|switch|p1a: Gorda|Chansey, F|642\/642
|move|p2a: Rotom-Wash|Will-O-Wisp|p1a: Gorda|[miss]
|-miss|p2a: Rotom-Wash|p1a: Gorda
|
|-heal|p2a: Rotom-Wash|246\/304|[from] item: Leftovers
|turn|4
|
|switch|p2a: Scizor|Scizor, F|344\/344
|move|p1a: Gorda|Seismic Toss|p2a: Scizor
|-damage|p2a: Scizor|244\/344
|
|turn|5
|
|switch|p1a: Conkeldurr|Conkeldurr, M|414\/414
|move|p2a: Scizor|U-turn|p1a: Conkeldurr
|-resisted|p1a: Conkeldurr
|-damage|p1a: Conkeldurr|342\/414
|
|switch|p2a: Tornadus|Tornadus, M|300\/300
|
|turn|6
|
|move|p2a: Tornadus|Air Slash|p1a: Conkeldurr
|-supereffective|p1a: Conkeldurr
|-damage|p1a: Conkeldurr|118\/414
|cant|p1a: Conkeldurr|flinch
|
|turn|7
|c|âRK)Darklight|Oc
|c|âRK)Darklight|Oc
|c|âRK)Darklight|Oc
|c|âRK)Darklight|Oc
|c|âRK)Darklight|hAX
|c|âRK)Darklight|OP
|
|move|p1a: Conkeldurr|Mach Punch|p2a: Tornadus
|-resisted|p2a: Tornadus
|-damage|p2a: Tornadus|246\/300
|move|p2a: Tornadus|Air Slash|p1a: Conkeldurr
|-supereffective|p1a: Conkeldurr
|-damage|p1a: Conkeldurr|0 fnt
|faint|p1a: Conkeldurr
|
|
|switch|p1a: MM|Manectric, M|281\/281
|turn|8
|
|switch|p2a: Rotom-Wash|Rotom-Wash|246\/304
|detailschange|p1a: MM|Manectric-Mega, M
|message|Manectric has Mega Evolved into Mega Manectric!
|-ability|p1a: MM|Intimidate|[of] p2a: Rotom-Wash
|-unboost|p2a: Rotom-Wash|atk|1
|move|p1a: MM|Thunderbolt|p2a: Rotom-Wash
|-damage|p2a: Rotom-Wash|101\/304
|
|-heal|p2a: Rotom-Wash|120\/304|[from] item: Leftovers
|turn|9
|
|switch|p2a: Talonflame|Talonflame, F|298\/298
|move|p1a: MM|Thunderbolt|p2a: Talonflame
|-supereffective|p2a: Talonflame
|-damage|p2a: Talonflame|0 fnt
|faint|p2a: Talonflame
|
|
|switch|p2a: Terrakion|Terrakion|323\/323
|turn|10
|
|switch|p1a: Steel|Skarmory, M|334\/334
|move|p2a: Terrakion|Rock Slide|p1a: Steel
|-damage|p1a: Steel|264\/334
|
|turn|11
|
|switch|p2a: Rotom-Wash|Rotom-Wash|120\/304
|move|p1a: Steel|Brave Bird|p2a: Rotom-Wash
|-resisted|p2a: Rotom-Wash
|-damage|p2a: Rotom-Wash|83\/304
|-damage|p1a: Steel|252\/334|[from] recoil|[of] p2a: Rotom-Wash
|
|-heal|p2a: Rotom-Wash|102\/304|[from] item: Leftovers
|turn|12
|
|switch|p1a: Ground|Landorus-Therian, M|320\/320
|-ability|p1a: Ground|Intimidate|[of] p2a: Rotom-Wash
|-unboost|p2a: Rotom-Wash|atk|1
|move|p2a: Rotom-Wash|Pain Split|p1a: Ground
|-sethp|p1a: Ground|211\/320|p2a: Rotom-Wash|211\/304|[from] move: Pain Split
|
|-heal|p2a: Rotom-Wash|230\/304|[from] item: Leftovers
|turn|13
|
|move|p1a: Ground|U-turn|p2a: Rotom-Wash
|-damage|p2a: Rotom-Wash|166\/304
|
|switch|p1a: Gorda|Chansey, F|642\/642
|move|p2a: Rotom-Wash|Will-O-Wisp|p1a: Gorda
|-status|p1a: Gorda|brn
|
|-heal|p2a: Rotom-Wash|185\/304|[from] item: Leftovers
|-damage|p1a: Gorda|562\/642 brn|[from] brn
|turn|14
|
|switch|p2a: Terrakion|Terrakion|323\/323
|move|p1a: Gorda|Wish|p1a: Gorda
|
|-damage|p1a: Gorda|482\/642 brn|[from] brn
|turn|15
|
|switch|p1a: Ground|Landorus-Therian, M|211\/320
|-ability|p1a: Ground|Intimidate|[of] p2a: Terrakion
|-unboost|p2a: Terrakion|atk|1
|move|p2a: Terrakion|Rock Slide|p1a: Ground
|-miss|p2a: Terrakion|p1a: Ground
|
|-heal|p1a: Ground|320\/320|[from] move: Wish|[wisher] Gorda
|turn|16
|
|switch|p2a: Vaporeon|Vaporeon, F|464\/464
|move|p1a: Ground|Stone Edge|p2a: Vaporeon
|-damage|p2a: Vaporeon|339\/464
|
|-heal|p2a: Vaporeon|368\/464|[from] item: Leftovers
|turn|17
|
|switch|p1a: Raise Your Orejas|Gothitelle, M|296\/296
|move|p2a: Vaporeon|Scald|p1a: Raise Your Orejas
|-damage|p1a: Raise Your Orejas|203\/296
|
|-heal|p2a: Vaporeon|397\/464|[from] item: Leftovers
|turn|18
|
|move|p1a: Raise Your Orejas|Trick|p2a: Vaporeon
|-activate|p1a: Raise Your Orejas|move: Trick|[of] p2a: Vaporeon
|-item|p2a: Vaporeon|Choice Specs|[from] move: Trick
|-item|p1a: Raise Your Orejas|Leftovers|[from] move: Trick
|move|p2a: Vaporeon|Toxic|p1a: Raise Your Orejas
|-status|p1a: Raise Your Orejas|tox
|
|-heal|p1a: Raise Your Orejas|221\/296 tox|[from] item: Leftovers
|-damage|p1a: Raise Your Orejas|203\/296 tox|[from] psn
|turn|19
|
|move|p1a: Raise Your Orejas|Calm Mind|p1a: Raise Your Orejas
|-boost|p1a: Raise Your Orejas|spa|1
|-boost|p1a: Raise Your Orejas|spd|1
|move|p2a: Vaporeon|Toxic|p1a: Raise Your Orejas
|-fail|p1a: Raise Your Orejas|tox
|
|-heal|p1a: Raise Your Orejas|221\/296 tox|[from] item: Leftovers
|-damage|p1a: Raise Your Orejas|185\/296 tox|[from] psn
|turn|20
|
|move|p1a: Raise Your Orejas|Calm Mind|p1a: Raise Your Orejas
|-boost|p1a: Raise Your Orejas|spa|1
|-boost|p1a: Raise Your Orejas|spd|1
|move|p2a: Vaporeon|Toxic|p1a: Raise Your Orejas
|-fail|p1a: Raise Your Orejas|tox
|
|-heal|p1a: Raise Your Orejas|203\/296 tox|[from] item: Leftovers
|-damage|p1a: Raise Your Orejas|149\/296 tox|[from] psn
|turn|21
|
|move|p1a: Raise Your Orejas|Calm Mind|p1a: Raise Your Orejas
|-boost|p1a: Raise Your Orejas|spa|1
|-boost|p1a: Raise Your Orejas|spd|1
|move|p2a: Vaporeon|Toxic|p1a: Raise Your Orejas
|-fail|p1a: Raise Your Orejas|tox
|
|-heal|p1a: Raise Your Orejas|167\/296 tox|[from] item: Leftovers
|-damage|p1a: Raise Your Orejas|95\/296 tox|[from] psn
|turn|22
|
|move|p1a: Raise Your Orejas|Rest|p1a: Raise Your Orejas
|-status|p1a: Raise Your Orejas|slp
|-heal|p1a: Raise Your Orejas|296\/296 slp|[silent]
|-status|p1a: Raise Your Orejas|slp|[from] move: Rest
|move|p2a: Vaporeon|Toxic|p1a: Raise Your Orejas
|-fail|p1a: Raise Your Orejas
|
|turn|23
|c|âRK)Darklight|:]
|
|cant|p1a: Raise Your Orejas|slp
|move|p2a: Vaporeon|Toxic|p1a: Raise Your Orejas|[miss]
|-miss|p2a: Vaporeon|p1a: Raise Your Orejas
|
|turn|24
|
|cant|p1a: Raise Your Orejas|slp
|move|p2a: Vaporeon|Toxic|p1a: Raise Your Orejas
|-fail|p1a: Raise Your Orejas
|
|turn|25
|
|-curestatus|p1a: Raise Your Orejas|slp
|move|p1a: Raise Your Orejas|Calm Mind|p1a: Raise Your Orejas
|-boost|p1a: Raise Your Orejas|spa|1
|-boost|p1a: Raise Your Orejas|spd|1
|move|p2a: Vaporeon|Toxic|p1a: Raise Your Orejas
|-status|p1a: Raise Your Orejas|tox
|
|-damage|p1a: Raise Your Orejas|278\/296 tox|[from] psn
|turn|26
|
|move|p1a: Raise Your Orejas|Calm Mind|p1a: Raise Your Orejas
|-boost|p1a: Raise Your Orejas|spa|1
|-boost|p1a: Raise Your Orejas|spd|1
|move|p2a: Vaporeon|Toxic|p1a: Raise Your Orejas
|-fail|p1a: Raise Your Orejas|tox
|
|-heal|p1a: Raise Your Orejas|296\/296 tox|[from] item: Leftovers
|-damage|p1a: Raise Your Orejas|260\/296 tox|[from] psn
|turn|27
|c|âlivEnwolC|=\/
|c|âRK)Darklight|awa
|
|move|p1a: Raise Your Orejas|Calm Mind|p1a: Raise Your Orejas
|-boost|p1a: Raise Your Orejas|spa|1
|-boost|p1a: Raise Your Orejas|spd|1
|move|p2a: Vaporeon|Toxic|p1a: Raise Your Orejas
|-fail|p1a: Raise Your Orejas|tox
|
|-heal|p1a: Raise Your Orejas|278\/296 tox|[from] item: Leftovers
|-damage|p1a: Raise Your Orejas|224\/296 tox|[from] psn
|turn|28
|
|move|p1a: Raise Your Orejas|Rest|p1a: Raise Your Orejas
|-status|p1a: Raise Your Orejas|slp
|-heal|p1a: Raise Your Orejas|296\/296 slp|[silent]
|-status|p1a: Raise Your Orejas|slp|[from] move: Rest
|move|p2a: Vaporeon|Toxic|p1a: Raise Your Orejas|[miss]
|-miss|p2a: Vaporeon|p1a: Raise Your Orejas
|
|turn|29
|
|cant|p1a: Raise Your Orejas|slp
|move|p2a: Vaporeon|Toxic|p1a: Raise Your Orejas
|-fail|p1a: Raise Your Orejas
|
|turn|30
|
|cant|p1a: Raise Your Orejas|slp
|move|p2a: Vaporeon|Toxic|p1a: Raise Your Orejas|[miss]
|-miss|p2a: Vaporeon|p1a: Raise Your Orejas
|
|turn|31
|
|-curestatus|p1a: Raise Your Orejas|slp
|move|p1a: Raise Your Orejas|Calm Mind|p1a: Raise Your Orejas
|-fail|p1a: Raise Your Orejas
|move|p2a: Vaporeon|Toxic|p1a: Raise Your Orejas
|-status|p1a: Raise Your Orejas|tox
|
|-damage|p1a: Raise Your Orejas|278\/296 tox|[from] psn
|turn|32
|c|âlivEnwolC|watch your plan just fail
|
|move|p1a: Raise Your Orejas|Rest|p1a: Raise Your Orejas
|-status|p1a: Raise Your Orejas|slp
|-heal|p1a: Raise Your Orejas|296\/296 slp|[silent]
|-status|p1a: Raise Your Orejas|slp|[from] move: Rest
|move|p2a: Vaporeon|Toxic|p1a: Raise Your Orejas
|-fail|p1a: Raise Your Orejas
|
|turn|33
|
|cant|p1a: Raise Your Orejas|slp
|move|p2a: Vaporeon|Toxic|p1a: Raise Your Orejas
|-fail|p1a: Raise Your Orejas
|
|turn|34
|
|cant|p1a: Raise Your Orejas|slp
|-activate|p2a: Vaporeon|move: Struggle
|move|p2a: Vaporeon|Struggle|p1a: Raise Your Orejas
|-damage|p1a: Raise Your Orejas|270\/296 slp
|-damage|p2a: Vaporeon|281\/464
|
|-heal|p1a: Raise Your Orejas|288\/296 slp|[from] item: Leftovers
|turn|35
|c|âRK)Darklight|:0
|
|-curestatus|p1a: Raise Your Orejas|slp
|move|p1a: Raise Your Orejas|Trick|p2a: Vaporeon
|-activate|p1a: Raise Your Orejas|move: Trick|[of] p2a: Vaporeon
|-item|p2a: Vaporeon|Leftovers|[from] move: Trick
|-item|p1a: Raise Your Orejas|Choice Specs|[from] move: Trick
|-activate|p2a: Vaporeon|move: Struggle
|move|p2a: Vaporeon|Struggle|p1a: Raise Your Orejas
|-damage|p1a: Raise Your Orejas|260\/296
|-damage|p2a: Vaporeon|165\/464
|
|-heal|p2a: Vaporeon|194\/464|[from] item: Leftovers
|turn|36
|c|âRK)Darklight|:V
|
|move|p1a: Raise Your Orejas|Psychic|p2a: Vaporeon
|-damage|p2a: Vaporeon|0 fnt
|faint|p2a: Vaporeon
|
|
|switch|p2a: Scizor|Scizor, F|244\/344
|turn|37
|
|move|p2a: Scizor|Bullet Punch|p1a: Raise Your Orejas
|-damage|p1a: Raise Your Orejas|128\/296
|move|p1a: Raise Your Orejas|Psychic|p2a: Scizor
|-resisted|p2a: Scizor
|-damage|p2a: Scizor|0 fnt
|faint|p2a: Scizor
|
|
|switch|p2a: Terrakion|Terrakion|323\/323
|turn|38
|
|switch|p1a: Ground|Landorus-Therian, M|320\/320
|-ability|p1a: Ground|Intimidate|[of] p2a: Terrakion
|-unboost|p2a: Terrakion|atk|1
|move|p2a: Terrakion|Rock Slide|p1a: Ground
|-damage|p1a: Ground|221\/320
|
|turn|39
|c|âlivEnwolC|lol
|
|switch|p2a: Rotom-Wash|Rotom-Wash|185\/304
|move|p1a: Ground|U-turn|p2a: Rotom-Wash
|-damage|p2a: Rotom-Wash|122\/304
|
|switch|p1a: MM|Manectric-Mega, M|281\/281
|-ability|p1a: MM|Intimidate|[of] p2a: Rotom-Wash
|-unboost|p2a: Rotom-Wash|atk|1
|
|-heal|p2a: Rotom-Wash|141\/304|[from] item: Leftovers
|turn|40
|
|move|p1a: MM|Volt Switch|p2a: Rotom-Wash
|-damage|p2a: Rotom-Wash|23\/304
|
|switch|p1a: Raise Your Orejas|Gothitelle, M|128\/296
|move|p2a: Rotom-Wash|Will-O-Wisp|p1a: Raise Your Orejas
|-status|p1a: Raise Your Orejas|brn
|
|-heal|p2a: Rotom-Wash|42\/304|[from] item: Leftovers
|-damage|p1a: Raise Your Orejas|91\/296 brn|[from] brn
|turn|41
|
|move|p1a: Raise Your Orejas|Psychic|p2a: Rotom-Wash
|-damage|p2a: Rotom-Wash|0 fnt
|faint|p2a: Rotom-Wash
|
|-damage|p1a: Raise Your Orejas|54\/296 brn|[from] brn
|c|âRK)Darklight|:\/
|
|switch|p2a: Tornadus|Tornadus, M|246\/300
|turn|42
|
|move|p2a: Tornadus|Air Slash|p1a: Raise Your Orejas
|-damage|p1a: Raise Your Orejas|0 fnt
|faint|p1a: Raise Your Orejas
|
|
|switch|p1a: MM|Manectric-Mega, M|281\/281
|-ability|p1a: MM|Intimidate|[of] p2a: Tornadus
|-unboost|p2a: Tornadus|atk|1
|turn|43
|
|switch|p2a: Terrakion|Terrakion|323\/323
|move|p1a: MM|Thunderbolt|p2a: Terrakion
|-damage|p2a: Terrakion|152\/323
|
|turn|44
|
|switch|p1a: Steel|Skarmory, M|252\/334
|move|p2a: Terrakion|Earthquake|p1a: Steel
|-immune|p1a: Steel|[msg]
|
|turn|45
|
|switch|p2a: Tornadus|Tornadus, M|246\/300
|move|p1a: Steel|Brave Bird|p2a: Tornadus
|-damage|p2a: Tornadus|98\/300
|-damage|p1a: Steel|203\/334|[from] recoil|[of] p2a: Tornadus
|
|turn|46
|
|move|p2a: Tornadus|Heat Wave|p1a: Steel
|-supereffective|p1a: Steel
|-damage|p1a: Steel|0 fnt
|faint|p1a: Steel
|
|
|switch|p1a: MM|Manectric-Mega, M|281\/281
|-ability|p1a: MM|Intimidate|[of] p2a: Tornadus
|-unboost|p2a: Tornadus|atk|1
|turn|47
|
|move|p1a: MM|Thunderbolt|p2a: Tornadus
|-supereffective|p2a: Tornadus
|-damage|p2a: Tornadus|0 fnt
|faint|p2a: Tornadus
|
|
|switch|p2a: Terrakion|Terrakion|152\/323
|turn|48
|
|move|p2a: Terrakion|Rock Slide|p1a: MM
|-damage|p1a: MM|86\/281
|move|p1a: MM|Thunderbolt|p2a: Terrakion
|-damage|p2a: Terrakion|0 fnt
|faint|p2a: Terrakion
|
|win|RK)Darklight
|raw|Ladder updating...
|raw|RK)Darklight's rating: 1256 &rarr; <strong>1284<\/strong><br \/>(+28 for winning)
|raw|livEnwolC's rating: 1305 &rarr; <strong>1282<\/strong><br \/>(-23 for losing)
|c|âRK)Darklight|gg
|c|âlivEnwolC|gg =\/
|c|âRK)Darklight|:)