|join|livenwolC
|join|LegendaryMouse
|player|p1|livenwolC|59
|player|p2|LegendaryMouse|156
|gametype|singles
|gen|6
|tier|OU
|rated
|clearpoke
|poke|p1|Politoed, M
|poke|p1|Ludicolo, M
|poke|p1|Tornadus, M
|poke|p1|Scizor, M, shiny
|poke|p1|Garchomp, M
|poke|p1|Raichu, M
|poke|p2|Landorus-Therian, M
|poke|p2|Raikou
|poke|p2|Talonflame, M
|poke|p2|Greninja, M
|poke|p2|Terrakion
|poke|p2|Scizor, M
|rule|Swagger Clause: Swagger is banned
|rule|Baton Pass Clause: Limit one PokÃ©mon knowing Baton Pass
|rule|Sleep Clause Mod: Limit one foe put to sleep
|rule|Species Clause: Limit one of each PokÃ©mon
|rule|OHKO Clause: OHKO moves are banned
|rule|Moody Clause: Moody is banned
|rule|Evasion Moves Clause: Evasion moves are banned
|rule|Endless Battle Clause: Forcing endless battles is banned
|rule|HP Percentage Mod: HP is shown in percentages
|teampreview
|
|start
|switch|p1a: Tornadus|Tornadus, M|300\/300
|switch|p2a: Raikou|Raikou|322\/322
|-ability|p2a: Raikou|Pressure
|turn|1
|
|switch|p1a: Raichu|Raichu, M|262\/262
|move|p2a: Raikou|Volt Switch|p1a: Raichu
|-boost|p1a: Raichu|spa|1|[from] ability: Lightningrod
|
|turn|2
|
|switch|p2a: Landorus-Therian|Landorus-Therian, M|319\/319
|-ability|p2a: Landorus-Therian|Intimidate|[of] p1a: Raichu
|-unboost|p1a: Raichu|atk|1
|move|p1a: Raichu|Volt Switch|p2a: Landorus-Therian
|-immune|p2a: Landorus-Therian|[msg]
|
|turn|3
|
|move|p2a: Landorus-Therian|Earthquake|p1a: Raichu
|-supereffective|p1a: Raichu
|-damage|p1a: Raichu|0 fnt
|faint|p1a: Raichu
|
|
|switch|p1a: Politoed|Politoed, M|384\/384
|-weather|RainDance
|turn|4
|
|move|p2a: Landorus-Therian|Earthquake|p1a: Politoed
|-damage|p1a: Politoed|239\/384
|move|p1a: Politoed|Scald|p2a: Landorus-Therian
|-supereffective|p2a: Landorus-Therian
|-damage|p2a: Landorus-Therian|13\/319
|-status|p2a: Landorus-Therian|brn
|
|-weather|RainDance|[upkeep]
|-damage|p2a: Landorus-Therian|0 fnt|[from] brn
|faint|p2a: Landorus-Therian
|
|switch|p2a: Raikou|Raikou|322\/322
|-ability|p2a: Raikou|Pressure
|turn|5
|
|move|p1a: Politoed|Protect|p1a: Politoed
|-singleturn|p1a: Politoed|Protect
|move|p2a: Raikou|Hidden Power|p1a: Politoed
|-activate|p1a: Politoed|Protect
|
|-weather|RainDance|[upkeep]
|turn|6
|
|switch|p2a: Terrakion|Terrakion|324\/324
|switch|p1a: Garchomp|Garchomp, M|358\/358
|
|-weather|RainDance|[upkeep]
|turn|7
|
|move|p1a: Garchomp|Earthquake|p2a: Terrakion
|-supereffective|p2a: Terrakion
|-damage|p2a: Terrakion|0 fnt
|faint|p2a: Terrakion
|
|-weather|RainDance|[upkeep]
|
|switch|p2a: Greninja|Greninja, M|285\/285
|turn|8
|
|move|p2a: Greninja|Ice Beam|p1a: Garchomp
|-start|p2a: Greninja|typechange|Ice|[from] Protean
|-supereffective|p1a: Garchomp
|-damage|p1a: Garchomp|0 fnt
|faint|p1a: Garchomp
|
|-weather|RainDance|[upkeep]
|
|switch|p1a: Scizor|Scizor, M, shiny|313\/313
|turn|9
|
|switch|p2a: Raikou|Raikou|322\/322
|-ability|p2a: Raikou|Pressure
|move|p1a: Scizor|Bullet Punch|p2a: Raikou
|-resisted|p2a: Raikou
|-damage|p2a: Raikou|244\/322
|
|-weather|RainDance|[upkeep]
|turn|10
|
|move|p2a: Raikou|Thunderbolt|p1a: Scizor
|-crit|p1a: Scizor
|-damage|p1a: Scizor|0 fnt
|faint|p1a: Scizor
|
|-weather|RainDance|[upkeep]
|c|âlivenwolC|-_-
|
|switch|p1a: Mega-Ludicolo|Ludicolo, M|302\/302
|turn|11
|
|switch|p2a: Scizor|Scizor, M|344\/344
|move|p1a: Mega-Ludicolo|Surf|p2a: Scizor
|-damage|p2a: Scizor|118\/344
|
|-weather|none
|turn|12
|
|switch|p1a: Tornadus|Tornadus, M|300\/300
|detailschange|p2a: Scizor|Scizor-Mega, M
|message|Scizor has Mega Evolved into Mega Scizor!
|move|p2a: Scizor|Bug Bite|p1a: Tornadus
|-resisted|p1a: Tornadus
|-damage|p1a: Tornadus|180\/300
|
|turn|13
|
|move|p1a: Tornadus|Heat Wave|p2a: Scizor
|-supereffective|p2a: Scizor
|-damage|p2a: Scizor|0 fnt
|faint|p2a: Scizor
|
|
|switch|p2a: Greninja|Greninja, M|285\/285
|turn|14
|
|move|p1a: Tornadus|Rain Dance|p1a: Tornadus
|-weather|RainDance
|move|p2a: Greninja|Ice Beam|p1a: Tornadus
|-start|p2a: Greninja|typechange|Ice|[from] Protean
|-supereffective|p1a: Tornadus
|-damage|p1a: Tornadus|0 fnt
|faint|p1a: Tornadus
|
|-weather|RainDance|[upkeep]
|
|switch|p1a: Mega-Ludicolo|Ludicolo, M|302\/302
|turn|15
|
|switch|p2a: Raikou|Raikou|244\/322
|-ability|p2a: Raikou|Pressure
|move|p1a: Mega-Ludicolo|Surf|p2a: Raikou
|-damage|p2a: Raikou|28\/322
|
|-weather|RainDance|[upkeep]
|turn|16
|
|move|p1a: Mega-Ludicolo|Surf|p2a: Raikou
|-crit|p2a: Raikou
|-damage|p2a: Raikou|0 fnt
|faint|p2a: Raikou
|
|-weather|RainDance|[upkeep]
|
|switch|p2a: Talonflame|Talonflame, M|298\/298
|turn|17
|
|switch|p1a: Politoed|Politoed, M|239\/384
|move|p2a: Talonflame|Brave Bird|p1a: Politoed
|-damage|p1a: Politoed|52\/384
|-damage|p2a: Talonflame|236\/298|[from] recoil|[of] p1a: Politoed
|
|-weather|RainDance|[upkeep]
|turn|18
|
|move|p2a: Talonflame|Brave Bird|p1a: Politoed
|-damage|p1a: Politoed|0 fnt
|-damage|p2a: Talonflame|219\/298|[from] recoil|[of] p1a: Politoed
|faint|p1a: Politoed
|
|-weather|none
|
|switch|p1a: Mega-Ludicolo|Ludicolo, M|302\/302
|turn|19
|
|move|p2a: Talonflame|Brave Bird|p1a: Mega-Ludicolo
|-supereffective|p1a: Mega-Ludicolo
|-damage|p1a: Mega-Ludicolo|0 fnt
|-damage|p2a: Talonflame|119\/298|[from] recoil|[of] p1a: Mega-Ludicolo
|faint|p1a: Mega-Ludicolo
|
|win|LegendaryMouse
|raw|Ladder updating...
|raw|livenwolC's rating: 1397 &rarr; <strong>1373<\/strong><br \/>(-24 for losing)
|raw|LegendaryMouse's rating: 1334 &rarr; <strong>1358<\/strong><br \/>(+24 for winning)
|c|âLegendaryMouse|gg
|c|âLegendaryMouse|talonrekt