|join|Hogback_fosh_men
|join|livEnwolC
|player|p1|Hogback_fosh_men|1
|player|p2|livEnwolC|59
|gametype|singles
|gen|6
|tier|OU
|rated
|clearpoke
|poke|p1|Altaria, M
|poke|p1|Heatran, F
|poke|p1|Zapdos
|poke|p1|Ferrothorn, F
|poke|p1|Terrakion
|poke|p1|Greninja, F
|poke|p2|Swampert, M
|poke|p2|Skarmory, M
|poke|p2|Scizor, F
|poke|p2|Celebi
|poke|p2|Thundurus, M
|poke|p2|Heatran, F
|rule|Swagger Clause: Swagger is banned
|rule|Baton Pass Clause: Limit one PokÃ©mon knowing Baton Pass
|rule|Sleep Clause Mod: Limit one foe put to sleep
|rule|Species Clause: Limit one of each PokÃ©mon
|rule|OHKO Clause: OHKO moves are banned
|rule|Moody Clause: Moody is banned
|rule|Evasion Moves Clause: Evasion moves are banned
|rule|Endless Battle Clause: Forcing endless battles is banned
|rule|HP Percentage Mod: HP is shown in percentages
|teampreview
|
|start
|switch|p1a: SilentHomicide|Greninja, F|286\/286
|switch|p2a: Machoke v2|Swampert, M|404\/404
|turn|1
|
|detailschange|p2a: Machoke v2|Swampert-Mega, M
|message|Swampert has Mega Evolved into Mega Swampert!
|move|p1a: SilentHomicide|Scald|p2a: Machoke v2
|-start|p1a: SilentHomicide|typechange|Water|[from] Protean
|-damage|p2a: Machoke v2|264\/404
|-damage|p1a: SilentHomicide|258\/286|[from] item: Life Orb
|move|p2a: Machoke v2|Waterfall|p1a: SilentHomicide
|-resisted|p1a: SilentHomicide
|-damage|p1a: SilentHomicide|137\/286
|
|turn|2
|
|switch|p1a: Ferrothorn|Ferrothorn, F|352\/352
|move|p2a: Machoke v2|Earthquake|p1a: Ferrothorn
|-damage|p1a: Ferrothorn|199\/352
|
|turn|3
|
|move|p2a: Machoke v2|Earthquake|p1a: Ferrothorn
|-damage|p1a: Ferrothorn|52\/352
|move|p1a: Ferrothorn|Stealth Rock|p2a: Machoke v2
|-sidestart|p2: livEnwolC|move: Stealth Rock
|
|turn|4
|
|switch|p1a: Altaria|Altaria, M|292\/292
|move|p2a: Machoke v2|Ice Punch|p1a: Altaria
|-supereffective|p1a: Altaria
|-damage|p1a: Altaria|0 fnt
|faint|p1a: Altaria
|
|
|switch|p1a: SilentHomicide|Greninja, F|137\/286
|turn|5
|
|move|p1a: SilentHomicide|Scald|p2a: Machoke v2
|-start|p1a: SilentHomicide|typechange|Water|[from] Protean
|-damage|p2a: Machoke v2|124\/404
|-status|p2a: Machoke v2|brn
|-damage|p1a: SilentHomicide|109\/286|[from] item: Life Orb
|move|p2a: Machoke v2|Waterfall|p1a: SilentHomicide
|-resisted|p1a: SilentHomicide
|-damage|p1a: SilentHomicide|52\/286
|
|-damage|p2a: Machoke v2|74\/404 brn|[from] brn
|turn|6
|
|switch|p2a: Celebrity|Celebi|404\/404
|-damage|p2a: Celebrity|354\/404|[from] Stealth Rock
|move|p1a: SilentHomicide|Dark Pulse|p2a: Celebrity
|-start|p1a: SilentHomicide|typechange|Dark|[from] Protean
|-supereffective|p2a: Celebrity
|-damage|p2a: Celebrity|136\/404
|-damage|p1a: SilentHomicide|24\/286|[from] item: Life Orb
|
|-heal|p2a: Celebrity|161\/404|[from] item: Leftovers
|turn|7
|
|switch|p2a: Hard Body|Skarmory, M|334\/334
|-damage|p2a: Hard Body|293\/334|[from] Stealth Rock
|move|p1a: SilentHomicide|Dark Pulse|p2a: Hard Body
|-crit|p2a: Hard Body
|-damage|p2a: Hard Body|0 fnt
|-damage|p1a: SilentHomicide|0 fnt|[from] item: Life Orb
|faint|p2a: Hard Body
|faint|p1a: SilentHomicide
|
|
|switch|p1a: Zapdos|Zapdos|384\/384
|switch|p2a: Machoke v2|Swampert-Mega, M|74\/404 brn
|-ability|p1a: Zapdos|Pressure
|-damage|p2a: Machoke v2|49\/404 brn|[from] Stealth Rock
|turn|8
|
|move|p1a: Zapdos|Hidden Power|p2a: Machoke v2
|-damage|p2a: Machoke v2|0 fnt
|faint|p2a: Machoke v2
|
|
|switch|p2a: Celebrity|Celebi|161\/404
|-damage|p2a: Celebrity|111\/404|[from] Stealth Rock
|turn|9
|
|move|p2a: Celebrity|Toxic|p1a: Zapdos
|-status|p1a: Zapdos|tox
|move|p1a: Zapdos|Heat Wave|p2a: Celebrity
|-crit|p2a: Celebrity
|-supereffective|p2a: Celebrity
|-damage|p2a: Celebrity|0 fnt
|faint|p2a: Celebrity
|
|-damage|p1a: Zapdos|360\/384 tox|[from] psn
|
|switch|p2a: Lebron Flames|Heatran, F|363\/363
|-damage|p2a: Lebron Flames|318\/363|[from] Stealth Rock
|-item|p2a: Lebron Flames|Air Balloon
|turn|10
|
|move|p1a: Zapdos|Discharge|p2a: Lebron Flames
|-damage|p2a: Lebron Flames|206\/363
|-enditem|p2a: Lebron Flames|Air Balloon
|move|p2a: Lebron Flames|Ancient Power|p1a: Zapdos
|-supereffective|p1a: Zapdos
|-damage|p1a: Zapdos|186\/384 tox
|
|-heal|p1a: Zapdos|210\/384 tox|[from] item: Leftovers
|-damage|p1a: Zapdos|162\/384 tox|[from] psn
|turn|11
|
|move|p1a: Zapdos|Discharge|p2a: Lebron Flames
|-damage|p2a: Lebron Flames|94\/363
|move|p2a: Lebron Flames|Ancient Power|p1a: Zapdos
|-supereffective|p1a: Zapdos
|-damage|p1a: Zapdos|0 fnt
|faint|p1a: Zapdos
|
|
|switch|p1a: WarDestroyer|Terrakion|324\/324
|turn|12
|
|switch|p2a: Edward|Scizor, F|344\/344
|-damage|p2a: Edward|301\/344|[from] Stealth Rock
|move|p1a: WarDestroyer|Close Combat|p2a: Edward
|-damage|p2a: Edward|0 fnt
|-unboost|p1a: WarDestroyer|def|1
|-unboost|p1a: WarDestroyer|spd|1
|faint|p2a: Edward
|
|
|switch|p2a: Gliscor (|Thundurus, M|300\/300
|-damage|p2a: Gliscor (|225\/300|[from] Stealth Rock
|turn|13
|
|switch|p1a: Ferrothorn|Ferrothorn, F|52\/352
|move|p2a: Gliscor (|Thunder Wave|p1a: Ferrothorn
|-status|p1a: Ferrothorn|par
|
|turn|14
|
|move|p2a: Gliscor (|Thunderbolt|p1a: Ferrothorn
|-resisted|p1a: Ferrothorn
|-damage|p1a: Ferrothorn|0 fnt
|faint|p1a: Ferrothorn
|
|
|switch|p1a: Heatran|Heatran, F|324\/324
|turn|15
|
|move|p2a: Gliscor (|Thunder Wave|p1a: Heatran
|-status|p1a: Heatran|par
|move|p1a: Heatran|Lava Plume|p2a: Gliscor (
|-damage|p2a: Gliscor (|57\/300
|-status|p2a: Gliscor (|brn
|
|-damage|p2a: Gliscor (|20\/300 brn|[from] brn
|turn|16
|
|move|p2a: Gliscor (|Thunderbolt|p1a: Heatran
|-damage|p1a: Heatran|180\/324 par
|cant|p1a: Heatran|par
|
|-heal|p1a: Heatran|200\/324 par|[from] item: Leftovers
|-damage|p2a: Gliscor (|0 fnt|[from] brn
|faint|p2a: Gliscor (
|
|switch|p2a: Lebron Flames|Heatran, F|94\/363
|-damage|p2a: Lebron Flames|49\/363|[from] Stealth Rock
|turn|17
|
|move|p2a: Lebron Flames|Earth Power|p1a: Heatran
|-supereffective|p1a: Heatran
|-damage|p1a: Heatran|0 fnt
|faint|p1a: Heatran
|
|
|switch|p1a: WarDestroyer|Terrakion|324\/324
|turn|18
|c|âlivEnwolC|gg
|
|move|p1a: WarDestroyer|Close Combat|p2a: Lebron Flames
|-supereffective|p2a: Lebron Flames
|-damage|p2a: Lebron Flames|0 fnt
|-unboost|p1a: WarDestroyer|def|1
|-unboost|p1a: WarDestroyer|spd|1
|faint|p2a: Lebron Flames
|
|win|Hogback_fosh_men
|raw|Ladder updating...
|c|âHogback_fosh_men|gg
|raw|Hogback_fosh_men's rating: 1333 &rarr; <strong>1354<\/strong><br \/>(+21 for winning)
|raw|livEnwolC's rating: 1356 &rarr; <strong>1334<\/strong><br \/>(-22 for losing)
|c|âHogback_fosh_men|no focus?