|join|livEnwolC
|join|fgtfgtfgtfgt
|player|p1|livEnwolC|59
|player|p2|fgtfgtfgtfgt|1
|gametype|singles
|gen|6
|tier|OU
|rated
|clearpoke
|poke|p1|Heatran, F
|poke|p1|Scizor, F
|poke|p1|Excadrill, F
|poke|p1|Vaporeon, F
|poke|p1|Thundurus, M
|poke|p1|Tyranitar, F
|poke|p2|Garchomp, M
|poke|p2|Azumarill, M
|poke|p2|Latias, F
|poke|p2|Pinsir, M
|poke|p2|Diggersby, M
|poke|p2|Magnezone
|rule|Swagger Clause: Swagger is banned
|rule|Baton Pass Clause: Limit one PokÃ©mon knowing Baton Pass
|rule|Sleep Clause Mod: Limit one foe put to sleep
|rule|Species Clause: Limit one of each PokÃ©mon
|rule|OHKO Clause: OHKO moves are banned
|rule|Moody Clause: Moody is banned
|rule|Evasion Moves Clause: Evasion moves are banned
|rule|Endless Battle Clause: Forcing endless battles is banned
|rule|HP Percentage Mod: HP is shown in percentages
|teampreview
|
|start
|switch|p1a: Thundurus|Thundurus, M|300\/300
|switch|p2a: Magnezone|Magnezone|282\/282
|turn|1
|
|move|p2a: Magnezone|Volt Switch|p1a: Thundurus
|-damage|p1a: Thundurus|161\/300
|
|switch|p2a: Garchomp|Garchomp, M|357\/357
|move|p1a: Thundurus|Volt Switch|p2a: Garchomp
|-immune|p2a: Garchomp|[msg]
|
|turn|2
|
|switch|p2a: Azumarill|Azumarill, M|404\/404
|move|p1a: Thundurus|Hidden Power|p2a: Azumarill
|-resisted|p2a: Azumarill
|-damage|p2a: Azumarill|377\/404
|
|turn|3
|
|move|p2a: Azumarill|Aqua Jet|p1a: Thundurus
|-damage|p1a: Thundurus|47\/300
|move|p1a: Thundurus|Volt Switch|p2a: Azumarill
|-supereffective|p2a: Azumarill
|-damage|p2a: Azumarill|171\/404
|
|switch|p1a: Tyranitar|Tyranitar, F|404\/404
|-weather|Sandstorm
|
|-weather|Sandstorm|[upkeep]
|-damage|p2a: Azumarill|146\/404|[from] sandstorm
|turn|4
|
|move|p1a: Tyranitar|Protect|p1a: Tyranitar
|-singleturn|p1a: Tyranitar|Protect
|move|p2a: Azumarill|Aqua Jet|p1a: Tyranitar
|-activate|p1a: Tyranitar|Protect
|
|-weather|Sandstorm|[upkeep]
|-damage|p2a: Azumarill|121\/404|[from] sandstorm
|turn|5
|
|switch|p1a: Vaporeon|Vaporeon, F|464\/464
|switch|p2a: Garchomp|Garchomp, M|357\/357
|
|-weather|Sandstorm|[upkeep]
|-damage|p1a: Vaporeon|435\/464|[from] sandstorm
|-heal|p1a: Vaporeon|464\/464|[from] item: Leftovers
|turn|6
|
|move|p2a: Garchomp|Stealth Rock|p1a: Vaporeon
|-sidestart|p1: livEnwolC|move: Stealth Rock
|move|p1a: Vaporeon|Scald|p2a: Garchomp
|-damage|p2a: Garchomp|230\/357
|-status|p2a: Garchomp|brn
|-enditem|p2a: Garchomp|Lum Berry|[eat]
|-curestatus|p2a: Garchomp|brn
|
|-weather|Sandstorm|[upkeep]
|-damage|p1a: Vaporeon|435\/464|[from] sandstorm
|-heal|p1a: Vaporeon|464\/464|[from] item: Leftovers
|turn|7
|
|move|p2a: Garchomp|Earthquake|p1a: Vaporeon
|-damage|p1a: Vaporeon|283\/464
|move|p1a: Vaporeon|Scald|p2a: Garchomp
|-damage|p2a: Garchomp|98\/357
|
|-weather|Sandstorm|[upkeep]
|-damage|p1a: Vaporeon|254\/464|[from] sandstorm
|-heal|p1a: Vaporeon|283\/464|[from] item: Leftovers
|turn|8
|
|switch|p2a: Magnezone|Magnezone|282\/282
|move|p1a: Vaporeon|Scald|p2a: Magnezone
|-damage|p2a: Magnezone|164\/282
|
|-weather|Sandstorm|[upkeep]
|-damage|p1a: Vaporeon|254\/464|[from] sandstorm
|-heal|p1a: Vaporeon|283\/464|[from] item: Leftovers
|turn|9
|
|switch|p1a: Excadrill|Excadrill, F|362\/362
|-damage|p1a: Excadrill|351\/362|[from] Stealth Rock
|move|p2a: Magnezone|Volt Switch|p1a: Excadrill
|-immune|p1a: Excadrill|[msg]
|
|-weather|Sandstorm|[upkeep]
|turn|10
|
|switch|p2a: Garchomp|Garchomp, M|98\/357
|move|p1a: Excadrill|Iron Head|p2a: Garchomp
|-damage|p2a: Garchomp|0 fnt
|-damage|p1a: Excadrill|306\/362|[from] ability: Rough Skin|[of] p2a: Garchomp
|-damage|p1a: Excadrill|270\/362|[from] item: Life Orb
|faint|p2a: Garchomp
|
|-weather|none
|
|switch|p2a: Azumarill|Azumarill, M|121\/404
|turn|11
|
|switch|p1a: Vaporeon|Vaporeon, F|283\/464
|-damage|p1a: Vaporeon|225\/464|[from] Stealth Rock
|move|p2a: Azumarill|Aqua Jet|p1a: Vaporeon
|-heal|p1a: Vaporeon|341\/464|[from] ability: Water Absorb|[of] p2a: Azumarill
|
|-heal|p1a: Vaporeon|370\/464|[from] item: Leftovers
|turn|12
|
|switch|p2a: Latias|Latias, F|302\/302
|move|p1a: Vaporeon|Scald|p2a: Latias
|-resisted|p2a: Latias
|-damage|p2a: Latias|257\/302
|
|-heal|p1a: Vaporeon|399\/464|[from] item: Leftovers
|turn|13
|
|switch|p1a: Tyranitar|Tyranitar, F|404\/404
|-damage|p1a: Tyranitar|354\/404|[from] Stealth Rock
|-weather|Sandstorm
|move|p2a: Latias|Psyshock|p1a: Tyranitar
|-immune|p1a: Tyranitar|[msg]
|
|-weather|Sandstorm|[upkeep]
|-damage|p2a: Latias|239\/302|[from] sandstorm
|turn|14
|
|move|p2a: Latias|Healing Wish|p2a: Latias
|faint|p2a: Latias
|move|p1a: Tyranitar|Pursuit|p2: Latias|[notarget]
|-notarget
|
|-weather|Sandstorm|[upkeep]
|
|switch|p2a: Azumarill|Azumarill, M|121\/404
|-heal|p2a: Azumarill|404\/404|[from] move: Healing Wish
|turn|15
|
|move|p1a: Tyranitar|Protect|p1a: Tyranitar
|-singleturn|p1a: Tyranitar|Protect
|move|p2a: Azumarill|Knock Off|p1a: Tyranitar
|-activate|p1a: Tyranitar|Protect
|
|-weather|Sandstorm|[upkeep]
|-damage|p2a: Azumarill|379\/404|[from] sandstorm
|turn|16
|
|switch|p1a: Scizor|Scizor, F|314\/314
|-damage|p1a: Scizor|275\/314|[from] Stealth Rock
|switch|p2a: Pinsir|Pinsir, M|271\/271
|
|-weather|Sandstorm|[upkeep]
|-damage|p2a: Pinsir|255\/271|[from] sandstorm
|turn|17
|
|detailschange|p2a: Pinsir|Pinsir-Mega, M
|message|Pinsir has Mega Evolved into Mega Pinsir!
|move|p2a: Pinsir|Swords Dance|p2a: Pinsir
|-boost|p2a: Pinsir|atk|2
|move|p1a: Scizor|Defog|p2a: Pinsir
|-unboost|p2a: Pinsir|evasion|1
|-sideend|p1: livEnwolC|Stealth Rock|[from] move: Defog|[of] p1a: Scizor
|
|-weather|Sandstorm|[upkeep]
|-damage|p2a: Pinsir|239\/271|[from] sandstorm
|turn|18
|
|move|p2a: Pinsir|Return|p1a: Scizor
|-damage|p1a: Scizor|0 fnt
|faint|p1a: Scizor
|
|-weather|Sandstorm|[upkeep]
|-damage|p2a: Pinsir|223\/271|[from] sandstorm
|
|switch|p1a: Excadrill|Excadrill, F|270\/362
|turn|19
|
|switch|p2a: Magnezone|Magnezone|164\/282
|move|p1a: Excadrill|Rock Slide|p2a: Magnezone
|-crit|p2a: Magnezone
|-resisted|p2a: Magnezone
|-damage|p2a: Magnezone|82\/282
|-damage|p1a: Excadrill|234\/362|[from] item: Life Orb
|
|-weather|Sandstorm|[upkeep]
|turn|20
|
|move|p1a: Excadrill|Earthquake|p2a: Magnezone
|-supereffective|p2a: Magnezone
|-damage|p2a: Magnezone|0 fnt
|-damage|p1a: Excadrill|198\/362|[from] item: Life Orb
|faint|p2a: Magnezone
|
|-weather|none
|
|switch|p2a: Azumarill|Azumarill, M|379\/404
|turn|21
|
|switch|p1a: Vaporeon|Vaporeon, F|399\/464
|move|p2a: Azumarill|Play Rough|p1a: Vaporeon
|-damage|p1a: Vaporeon|210\/464
|
|-heal|p1a: Vaporeon|239\/464|[from] item: Leftovers
|turn|22
|
|move|p1a: Vaporeon|Scald|p2a: Azumarill
|-crit|p2a: Azumarill
|-resisted|p2a: Azumarill
|-damage|p2a: Azumarill|322\/404
|move|p2a: Azumarill|Knock Off|p1a: Vaporeon
|-damage|p1a: Vaporeon|103\/464
|-enditem|p1a: Vaporeon|Leftovers|[from] move: Knock Off|[of] p2a: Azumarill
|
|turn|23
|
|move|p1a: Vaporeon|Scald|p2a: Azumarill
|-resisted|p2a: Azumarill
|-damage|p2a: Azumarill|281\/404
|move|p2a: Azumarill|Play Rough|p1a: Vaporeon
|-damage|p1a: Vaporeon|0 fnt
|faint|p1a: Vaporeon
|
|
|switch|p1a: Thundurus|Thundurus, M|47\/300
|turn|24
|
|move|p2a: Azumarill|Aqua Jet|p1a: Thundurus
|-damage|p1a: Thundurus|0 fnt
|faint|p1a: Thundurus
|
|
|switch|p1a: Tyranitar|Tyranitar, F|354\/404
|-weather|Sandstorm
|turn|25
|
|switch|p2a: Pinsir|Pinsir-Mega, M|223\/271
|move|p1a: Tyranitar|Protect|p1a: Tyranitar
|-fail|p1a: Tyranitar
|
|-weather|Sandstorm|[upkeep]
|-damage|p2a: Pinsir|207\/271|[from] sandstorm
|turn|26
|
|move|p2a: Pinsir|Close Combat|p1a: Tyranitar
|-supereffective|p1a: Tyranitar
|-damage|p1a: Tyranitar|0 fnt
|-unboost|p2a: Pinsir|def|1
|-unboost|p2a: Pinsir|spd|1
|faint|p1a: Tyranitar
|
|-weather|Sandstorm|[upkeep]
|-damage|p2a: Pinsir|191\/271|[from] sandstorm
|
|switch|p1a: Excadrill|Excadrill, F|198\/362
|turn|27
|
|move|p2a: Pinsir|Quick Attack|p1a: Excadrill
|-resisted|p1a: Excadrill
|-damage|p1a: Excadrill|115\/362
|move|p1a: Excadrill|Iron Head|p2a: Pinsir
|-damage|p2a: Pinsir|0 fnt
|-damage|p1a: Excadrill|79\/362|[from] item: Life Orb
|faint|p2a: Pinsir
|
|-weather|Sandstorm|[upkeep]
|c|âfgtfgtfgtfgt|think its gg 
|
|switch|p2a: Azumarill|Azumarill, M|281\/404
|turn|28
|
|move|p2a: Azumarill|Aqua Jet|p1a: Excadrill
|-supereffective|p1a: Excadrill
|-damage|p1a: Excadrill|0 fnt
|faint|p1a: Excadrill
|
|-weather|Sandstorm|[upkeep]
|-damage|p2a: Azumarill|256\/404|[from] sandstorm
|
|switch|p1a: Heatran|Heatran, F|386\/386
|-item|p1a: Heatran|Air Balloon
|turn|29
|
|move|p2a: Azumarill|Aqua Jet|p1a: Heatran
|-supereffective|p1a: Heatran
|-damage|p1a: Heatran|222\/386
|-enditem|p1a: Heatran|Air Balloon
|move|p1a: Heatran|Lava Plume|p2a: Azumarill
|-resisted|p2a: Azumarill
|-damage|p2a: Azumarill|198\/404
|
|-weather|Sandstorm|[upkeep]
|-damage|p2a: Azumarill|173\/404|[from] sandstorm
|turn|30
|c|âfgtfgtfgtfgt|yup gg got sashed diggersby 2
|
|move|p2a: Azumarill|Aqua Jet|p1a: Heatran
|-supereffective|p1a: Heatran
|-damage|p1a: Heatran|54\/386
|move|p1a: Heatran|Lava Plume|p2a: Azumarill
|-resisted|p2a: Azumarill
|-damage|p2a: Azumarill|114\/404
|
|-weather|Sandstorm|[upkeep]
|-damage|p2a: Azumarill|89\/404|[from] sandstorm
|turn|31
|
|move|p2a: Azumarill|Aqua Jet|p1a: Heatran
|-supereffective|p1a: Heatran
|-damage|p1a: Heatran|0 fnt
|faint|p1a: Heatran
|
|win|fgtfgtfgtfgt
|raw|Ladder updating...
|c|âlivEnwolC|gg
|raw|livEnwolC's rating: 1344 &rarr; <strong>1323<\/strong><br \/>(-21 for losing)
|raw|fgtfgtfgtfgt's rating: 1321 &rarr; <strong>1342<\/strong><br \/>(+21 for winning)