|join|AThatCritMattered
|join|livEnwolC
|player|p1|AThatCritMattered|161
|player|p2|livEnwolC|59
|gametype|singles
|gen|6
|tier|OU
|rated
|clearpoke
|poke|p1|Manectric, M, shiny
|poke|p1|Landorus-Therian, M, shiny
|poke|p1|Togekiss, M
|poke|p1|Garchomp, M
|poke|p1|Chansey, F
|poke|p1|Bisharp, F
|poke|p2|Thundurus, M
|poke|p2|Conkeldurr, M
|poke|p2|Scizor, F
|poke|p2|Heatran, F
|poke|p2|Togekiss, M
|poke|p2|Venusaur, F, shiny
|rule|Baton Pass Clause: Limit 3 pokemon knowing Baton Pass
|rule|Sleep Clause Mod: Limit one foe put to sleep
|rule|Species Clause: Limit one of each Pokemon
|rule|OHKO Clause: OHKO moves are banned
|rule|Moody Clause: Moody is banned
|rule|Evasion Moves Clause: Evasion moves are banned
|rule|Endless Battle Clause: Forcing endless battles is banned
|rule|HP Percentage Mod: HP is reported as percentages
|teampreview
|
|start
|switch|p1a: Manectric|Manectric, M, shiny|281\/281
|switch|p2a: Thunder R Us|Thundurus, M|300\/300
|turn|1
|
|detailschange|p1a: Manectric|Manectric-Mega, M, shiny
|message|Manectric has Mega Evolved into Mega Manectric!
|-ability|p1a: Manectric|Intimidate|[of] p2a: Thunder R Us
|-unboost|p2a: Thunder R Us|atk|1
|move|p2a: Thunder R Us|Volt Switch|p1a: Manectric
|-resisted|p1a: Manectric
|-damage|p1a: Manectric|209\/281
|
|switch|p2a: Venusaur|Venusaur, F, shiny|364\/364
|move|p1a: Manectric|Thunderbolt|p2a: Venusaur
|-resisted|p2a: Venusaur
|-damage|p2a: Venusaur|278\/364
|
|turn|2
|
|switch|p2a: Heatran|Heatran, F|386\/386
|-item|p2a: Heatran|Air Balloon
|move|p1a: Manectric|Volt Switch|p2a: Heatran
|-damage|p2a: Heatran|266\/386
|-enditem|p2a: Heatran|Air Balloon
|
|switch|p1a: Landorus-Therian|Landorus-Therian, M, shiny|382\/382
|-ability|p1a: Landorus-Therian|Intimidate|[of] p2a: Heatran
|-unboost|p2a: Heatran|atk|1
|
|turn|3
|
|switch|p2a: Thunder R Us|Thundurus, M|300\/300
|move|p1a: Landorus-Therian|Stealth Rock|p2a: Thunder R Us
|-sidestart|p2: livEnwolC|move: Stealth Rock
|
|turn|4
|
|move|p2a: Thunder R Us|Hidden Power|p1a: Landorus-Therian
|-supereffective|p1a: Landorus-Therian
|-damage|p1a: Landorus-Therian|54\/382
|move|p1a: Landorus-Therian|Stone Edge|p2a: Thunder R Us
|-supereffective|p2a: Thunder R Us
|-damage|p2a: Thunder R Us|0 fnt
|faint|p2a: Thunder R Us
|
|-heal|p1a: Landorus-Therian|77\/382|[from] item: Leftovers
|chat|AThatCritMattered|if you had life orb you would have killed
|
|switch|p2a: Conkeldurr|Conkeldurr, M|414\/414
|-damage|p2a: Conkeldurr|389\/414|[from] Stealth Rock
|turn|5
|
|move|p2a: Conkeldurr|Mach Punch|p1a: Landorus-Therian
|-resisted|p1a: Landorus-Therian
|-damage|p1a: Landorus-Therian|38\/382
|-damage|p2a: Conkeldurr|348\/414|[from] item: Life Orb
|move|p1a: Landorus-Therian|Earthquake|p2a: Conkeldurr
|-damage|p2a: Conkeldurr|179\/414
|
|-heal|p1a: Landorus-Therian|61\/382|[from] item: Leftovers
|turn|6
|chat|AThatCritMattered|ew.... a life orb conkeldurr? lol
|
|move|p1a: Landorus-Therian|Stone Edge|p2a: Conkeldurr
|-resisted|p2a: Conkeldurr
|-damage|p2a: Conkeldurr|120\/414
|move|p2a: Conkeldurr|Drain Punch|p1a: Landorus-Therian
|-resisted|p1a: Landorus-Therian
|-damage|p1a: Landorus-Therian|0 fnt
|-heal|p2a: Conkeldurr|151\/414|[from] drain|[of] p1a: Landorus-Therian
|-damage|p2a: Conkeldurr|110\/414|[from] item: Life Orb
|faint|p1a: Landorus-Therian
|
|
|switch|p1a: Garchomp|Garchomp, M|358\/358
|turn|7
|
|switch|p2a: Togekiss|Togekiss, M|372\/372
|-damage|p2a: Togekiss|279\/372|[from] Stealth Rock
|move|p1a: Garchomp|Earthquake|p2a: Togekiss
|-immune|p2a: Togekiss|[msg]
|
|-heal|p2a: Togekiss|302\/372|[from] item: Leftovers
|turn|8
|
|switch|p1a: Chansey|Chansey, F|704\/704
|move|p2a: Togekiss|Dazzling Gleam|p1a: Chansey
|-damage|p1a: Chansey|608\/704
|
|-heal|p2a: Togekiss|325\/372|[from] item: Leftovers
|turn|9
|
|switch|p1a: Manectric|Manectric-Mega, M, shiny|209\/281
|-ability|p1a: Manectric|Intimidate|[of] p2a: Togekiss
|-unboost|p2a: Togekiss|atk|1
|move|p2a: Togekiss|Air Slash|p1a: Manectric
|-resisted|p1a: Manectric
|-damage|p1a: Manectric|125\/281
|
|-heal|p2a: Togekiss|348\/372|[from] item: Leftovers
|turn|10
|
|switch|p2a: Venusaur|Venusaur, F, shiny|278\/364
|-damage|p2a: Venusaur|233\/364|[from] Stealth Rock
|move|p1a: Manectric|Thunderbolt|p2a: Venusaur
|-resisted|p2a: Venusaur
|-damage|p2a: Venusaur|146\/364
|
|turn|11
|
|detailschange|p2a: Venusaur|Venusaur-Mega, F, shiny
|message|Venusaur has Mega Evolved into Mega Venusaur!
|move|p1a: Manectric|Volt Switch|p2a: Venusaur
|-resisted|p2a: Venusaur
|-damage|p2a: Venusaur|95\/364
|
|switch|p1a: Togekiss|Togekiss, M|373\/373
|move|p2a: Venusaur|Hidden Power|p1a: Togekiss
|-damage|p1a: Togekiss|311\/373
|
|-heal|p1a: Togekiss|334\/373|[from] item: Leftovers
|turn|12
|
|move|p1a: Togekiss|Thunder Wave|p2a: Venusaur
|-status|p2a: Venusaur|par
|move|p2a: Venusaur|Leech Seed|p1a: Togekiss|[miss]
|-miss|p2a: Venusaur|p1a: Togekiss
|
|-heal|p1a: Togekiss|357\/373|[from] item: Leftovers
|turn|13
|-message|livEnwolC forfeited.
|
|win|AThatCritMattered
|raw|Ladder updating...
|leave|livEnwolC
|player|p2
|raw|AThatCritMattered's rating: 1409 &rarr; <strong>1427<\/strong><br \/>(+18 for winning)
|raw|livEnwolC's rating: 1385 &rarr; <strong>1366<\/strong><br \/>(-19 for losing)