|join|Sweeptard
|join|livEnwolC
|player|p1|Sweeptard|292
|player|p2|livEnwolC|59
|gametype|singles
|tier|OU (beta)
|rated
|clearpoke
|poke|p1|Malamar, F
|poke|p1|Scizor, F
|poke|p1|Heracross, M
|poke|p1|Greninja, M
|poke|p1|Garchomp, M
|poke|p1|Blissey, F
|poke|p2|Rotom-Wash, shiny
|poke|p2|Excadrill, F, shiny
|poke|p2|Lucario, M
|poke|p2|Togekiss, M
|poke|p2|Ferrothorn, F
|poke|p2|Jumpluff, M
|rule|Sleep Clause Mod: Limit one foe put to sleep
|rule|Species Clause: Limit one of each Pokemon
|rule|OHKO Clause: OHKO moves are banned
|rule|Moody Clause: Moody is banned
|rule|Evasion Moves Clause: Evasion moves are banned
|rule|HP Percentage Mod: HP is reported as percentages
|teampreview
|callback|decision
|
|start
|switch|p1a: Squidward|Malamar, F|314\/314
|switch|p2a: Scrotom-Wash|Rotom-Wash, shiny|295\/295
|turn|1
|callback|decision
|
|move|p1a: Squidward|Superpower|p2a: Scrotom-Wash
|-damage|p2a: Scrotom-Wash|205\/295
|-boost|p1a: Squidward|atk|1
|-boost|p1a: Squidward|def|1
|move|p2a: Scrotom-Wash|Will-O-Wisp|p1a: Squidward
|-status|p1a: Squidward|brn
|
|-heal|p2a: Scrotom-Wash|223\/295|[from] item: Leftovers
|-damage|p1a: Squidward|275\/314 brn|[from] brn
|turn|2
|callback|decision
|
|move|p1a: Squidward|Superpower|p2a: Scrotom-Wash
|-damage|p2a: Scrotom-Wash|156\/295
|-boost|p1a: Squidward|atk|1
|-boost|p1a: Squidward|def|1
|move|p2a: Scrotom-Wash|Volt Switch|p1a: Squidward
|-damage|p1a: Squidward|172\/314 brn
|callback|decision
|
|switch|p2a: Togekiss|Togekiss, M|367\/367
|
|-heal|p1a: Squidward|191\/314 brn|[from] item: Leftovers
|-damage|p1a: Squidward|152\/314 brn|[from] brn
|turn|3
|callback|decision
|
|switch|p1a: Miss Bliss|Blissey, F|714\/714
|move|p2a: Togekiss|Dazzling Gleam|p1a: Miss Bliss
|-damage|p1a: Miss Bliss|597\/714
|
|-heal|p1a: Miss Bliss|641\/714|[from] item: Leftovers
|turn|4
|callback|decision
|
|move|p2a: Togekiss|Air Slash|p1a: Miss Bliss
|-damage|p1a: Miss Bliss|529\/714
|cant|p1a: Miss Bliss|flinch
|
|-heal|p1a: Miss Bliss|573\/714|[from] item: Leftovers
|turn|5
|callback|decision
|
|switch|p2a: Luke Car E O|Lucario, M|281\/281
|move|p1a: Miss Bliss|Thunder|p2a: Luke Car E O|[miss]
|-miss|p1a: Miss Bliss|p2a: Luke Car E O
|
|-heal|p1a: Miss Bliss|617\/714|[from] item: Leftovers
|turn|6
|callback|decision
|
|switch|p1a: Volkswagen|Heracross, M|364\/364
|move|p2a: Luke Car E O|Close Combat|p1a: Volkswagen
|-resisted|p1a: Volkswagen
|-damage|p1a: Volkswagen|244\/364
|-unboost|p2a: Luke Car E O|def|1
|-unboost|p2a: Luke Car E O|spd|1
|
|turn|7
|callback|decision
|
|-formechange|p2a: Luke Car E O|Lucario-Mega
|message|Lucario has Mega Evolved into Mega Lucario!
|move|p2a: Luke Car E O|Close Combat|p1a: Volkswagen
|-resisted|p1a: Volkswagen
|-damage|p1a: Volkswagen|58\/364
|-unboost|p2a: Luke Car E O|def|1
|-unboost|p2a: Luke Car E O|spd|1
|move|p1a: Volkswagen|Close Combat|p2a: Luke Car E O
|-supereffective|p2a: Luke Car E O
|-damage|p2a: Luke Car E O|0 fnt
|-unboost|p1a: Volkswagen|def|1
|-unboost|p1a: Volkswagen|spd|1
|faint|p2a: Luke Car E O
|
|callback|decision
|
|switch|p2a: Diggersby Tho|Excadrill, F, shiny|362\/362
|-ability|p2a: Diggersby Tho|Mold Breaker
|turn|8
|callback|decision
|
|-formechange|p1a: Volkswagen|Heracross-Mega
|message|Heracross has Mega Evolved into Mega Heracross!
|move|p2a: Diggersby Tho|Earthquake|p1a: Volkswagen
|-resisted|p1a: Volkswagen
|-damage|p1a: Volkswagen|0 fnt
|faint|p1a: Volkswagen
|
|callback|decision
|
|switch|p1a: Dragon Sharpedo|Garchomp, M|358\/358
|turn|9
|callback|decision
|
|switch|p2a: Togekiss|Togekiss, M|367\/367
|move|p1a: Dragon Sharpedo|Stone Edge|p2a: Togekiss
|-supereffective|p2a: Togekiss
|-damage|p2a: Togekiss|24\/367
|-damage|p1a: Dragon Sharpedo|323\/358|[from] item: Life Orb
|
|-heal|p2a: Togekiss|46\/367|[from] item: Leftovers
|turn|10
|callback|decision
|
|switch|p2a: Bin Laden|Ferrothorn, F|352\/352
|move|p1a: Dragon Sharpedo|Fire Fang|p2a: Bin Laden
|-supereffective|p2a: Bin Laden
|-damage|p2a: Bin Laden|118\/352
|-damage|p1a: Dragon Sharpedo|279\/358|[from] ability: Iron Barbs|[of] p2a: Bin Laden
|-damage|p1a: Dragon Sharpedo|220\/358|[from] item: Rocky Helmet|[of] p2a: Bin Laden
|-damage|p1a: Dragon Sharpedo|185\/358|[from] item: Life Orb
|
|turn|11
|callback|decision
|
|move|p1a: Dragon Sharpedo|Fire Fang|p2a: Bin Laden
|-supereffective|p2a: Bin Laden
|-damage|p2a: Bin Laden|0 fnt
|-damage|p1a: Dragon Sharpedo|141\/358|[from] ability: Iron Barbs|[of] p2a: Bin Laden
|-damage|p1a: Dragon Sharpedo|82\/358|[from] item: Rocky Helmet|[of] p2a: Bin Laden
|-damage|p1a: Dragon Sharpedo|47\/358|[from] item: Life Orb
|faint|p2a: Bin Laden
|
|callback|decision
|
|switch|p2a: Diggersby Tho|Excadrill, F, shiny|362\/362
|-ability|p2a: Diggersby Tho|Mold Breaker
|turn|12
|callback|decision
|
|move|p2a: Diggersby Tho|Earthquake|p1a: Dragon Sharpedo
|-damage|p1a: Dragon Sharpedo|0 fnt
|faint|p1a: Dragon Sharpedo
|
|callback|decision
|
|switch|p1a: Miss Bliss|Blissey, F|617\/714
|turn|13
|callback|decision
|
|move|p2a: Diggersby Tho|Earthquake|p1a: Miss Bliss
|-damage|p1a: Miss Bliss|280\/714
|move|p1a: Miss Bliss|Heal Bell|p1a: Miss Bliss
|-cureteam|p1a: Miss Bliss|[from] move: HealBell
|
|-heal|p1a: Miss Bliss|324\/714|[from] item: Leftovers
|turn|14
|callback|decision
|
|switch|p1a: Squidward|Malamar, F|152\/314
|move|p2a: Diggersby Tho|Earthquake|p1a: Squidward
|-damage|p1a: Squidward|0 fnt
|faint|p1a: Squidward
|
|callback|decision
|
|switch|p1a: Tongue-jutsu|Greninja, M|286\/286
|turn|15
|callback|decision
|
|switch|p2a: Scrotom-Wash|Rotom-Wash, shiny|156\/295
|-start|p1a: Tongue-jutsu|typechange|Water|[from] Protean
|move|p1a: Tongue-jutsu|Surf|p2a: Scrotom-Wash
|-resisted|p2a: Scrotom-Wash
|-damage|p2a: Scrotom-Wash|70\/295
|-damage|p1a: Tongue-jutsu|258\/286|[from] item: Life Orb
|
|-heal|p2a: Scrotom-Wash|88\/295|[from] item: Leftovers
|turn|16
|callback|decision
|
|-start|p1a: Tongue-jutsu|typechange|Dark|[from] Protean
|move|p1a: Tongue-jutsu|Dark Pulse|p2a: Scrotom-Wash
|-damage|p2a: Scrotom-Wash|0 fnt
|-damage|p1a: Tongue-jutsu|230\/286|[from] item: Life Orb
|faint|p2a: Scrotom-Wash
|
|callback|decision
|
|switch|p2a: Tripod|Jumpluff, M|354\/354
|turn|17
|callback|decision
|
|-start|p1a: Tongue-jutsu|typechange|Bug|[from] Protean
|move|p1a: Tongue-jutsu|U-turn|p2a: Tripod
|-damage|p2a: Tripod|218\/354
|-damage|p1a: Tongue-jutsu|202\/286|[from] item: Life Orb
|callback|decision
|
|switch|p1a: Julius Scizor|Scizor, F|344\/344
|move|p2a: Tripod|U-turn|p1a: Julius Scizor
|-resisted|p1a: Julius Scizor
|-damage|p1a: Julius Scizor|328\/344
|callback|decision
|
|switch|p2a: Diggersby Tho|Excadrill, F, shiny|362\/362
|-ability|p2a: Diggersby Tho|Mold Breaker
|
|turn|18
|callback|decision
|
|move|p2a: Diggersby Tho|Earthquake|p1a: Julius Scizor
|-damage|p1a: Julius Scizor|147\/344
|move|p1a: Julius Scizor|U-turn|p2a: Diggersby Tho
|-resisted|p2a: Diggersby Tho
|-damage|p2a: Diggersby Tho|210\/362
|callback|decision
|
|switch|p1a: Tongue-jutsu|Greninja, M|202\/286
|
|turn|19
|callback|decision
|
|switch|p2a: Tripod|Jumpluff, M|218\/354
|-start|p1a: Tongue-jutsu|typechange|Water|[from] Protean
|move|p1a: Tongue-jutsu|Surf|p2a: Tripod
|-resisted|p2a: Tripod
|-damage|p2a: Tripod|132\/354
|-damage|p1a: Tongue-jutsu|174\/286|[from] item: Life Orb
|
|-heal|p2a: Tripod|154\/354|[from] item: Leftovers
|turn|20
|callback|decision
|
|-start|p1a: Tongue-jutsu|typechange|Bug|[from] Protean
|move|p1a: Tongue-jutsu|U-turn|p2a: Tripod
|-damage|p2a: Tripod|21\/354
|-damage|p1a: Tongue-jutsu|146\/286|[from] item: Life Orb
|callback|decision
|
|switch|p1a: Miss Bliss|Blissey, F|324\/714
|move|p2a: Tripod|U-turn|p1a: Miss Bliss
|-damage|p1a: Miss Bliss|263\/714
|callback|decision
|
|switch|p2a: Diggersby Tho|Excadrill, F, shiny|210\/362
|-ability|p2a: Diggersby Tho|Mold Breaker
|
|-heal|p1a: Miss Bliss|307\/714|[from] item: Leftovers
|turn|21
|callback|decision
|
|move|p1a: Miss Bliss|Protect|p1a: Miss Bliss
|-singleturn|p1a: Miss Bliss|Protect
|move|p2a: Diggersby Tho|Earthquake|p1a: Miss Bliss
|-activate|p1a: Miss Bliss|Protect
|
|-heal|p1a: Miss Bliss|351\/714|[from] item: Leftovers
|turn|22
|callback|decision
|
|move|p2a: Diggersby Tho|Earthquake|p1a: Miss Bliss
|-damage|p1a: Miss Bliss|35\/714
|move|p1a: Miss Bliss|Soft-Boiled|p1a: Miss Bliss
|-heal|p1a: Miss Bliss|392\/714
|
|-heal|p1a: Miss Bliss|436\/714|[from] item: Leftovers
|turn|23
|callback|decision
|
|switch|p2a: Togekiss|Togekiss, M|46\/367
|move|p1a: Miss Bliss|Protect|p1a: Miss Bliss
|-fail|p1a: Miss Bliss
|
|-heal|p2a: Togekiss|68\/367|[from] item: Leftovers
|-heal|p1a: Miss Bliss|480\/714|[from] item: Leftovers
|turn|24
|callback|decision
|
|move|p2a: Togekiss|Air Slash|p1a: Miss Bliss
|-damage|p1a: Miss Bliss|365\/714
|move|p1a: Miss Bliss|Thunder|p2a: Togekiss
|-supereffective|p2a: Togekiss
|-damage|p2a: Togekiss|0 fnt
|faint|p2a: Togekiss
|
|-heal|p1a: Miss Bliss|409\/714|[from] item: Leftovers
|callback|decision
|
|switch|p2a: Tripod|Jumpluff, M|21\/354
|turn|25
|callback|decision
|
|move|p2a: Tripod|Encore|p1a: Miss Bliss
|-start|p1a: Miss Bliss|Encore
|move|p1a: Miss Bliss|Thunder|p2a: Tripod
|-damage|p2a: Tripod|0 fnt
|faint|p2a: Tripod
|
|-heal|p1a: Miss Bliss|453\/714|[from] item: Leftovers
|callback|decision
|
|switch|p2a: Diggersby Tho|Excadrill, F, shiny|210\/362
|-ability|p2a: Diggersby Tho|Mold Breaker
|turn|26
|callback|decision
|
|switch|p1a: Julius Scizor|Scizor, F|147\/344
|move|p2a: Diggersby Tho|Earthquake|p1a: Julius Scizor
|-damage|p1a: Julius Scizor|0 fnt
|faint|p1a: Julius Scizor
|
|callback|decision
|
|switch|p1a: Tongue-jutsu|Greninja, M|146\/286
|turn|27
|callback|decision
|
|move|p2a: Diggersby Tho|Earthquake|p1a: Tongue-jutsu
|-damage|p1a: Tongue-jutsu|0 fnt
|faint|p1a: Tongue-jutsu
|
|callback|decision
|
|switch|p1a: Miss Bliss|Blissey, F|453\/714
|turn|28
|callback|decision
|chat|Sweeptard|dat outspeed
|
|move|p2a: Diggersby Tho|Earthquake|p1a: Miss Bliss
|-damage|p1a: Miss Bliss|101\/714
|move|p1a: Miss Bliss|Soft-Boiled|p1a: Miss Bliss
|-heal|p1a: Miss Bliss|458\/714
|
|-heal|p1a: Miss Bliss|502\/714|[from] item: Leftovers
|turn|29
|callback|decision
|
|move|p1a: Miss Bliss|Protect|p1a: Miss Bliss
|-singleturn|p1a: Miss Bliss|Protect
|move|p2a: Diggersby Tho|Earthquake|p1a: Miss Bliss
|-activate|p1a: Miss Bliss|Protect
|
|-heal|p1a: Miss Bliss|546\/714|[from] item: Leftovers
|turn|30
|callback|decision
|
|move|p2a: Diggersby Tho|Earthquake|p1a: Miss Bliss
|-damage|p1a: Miss Bliss|204\/714
|move|p1a: Miss Bliss|Soft-Boiled|p1a: Miss Bliss
|-heal|p1a: Miss Bliss|561\/714
|
|-heal|p1a: Miss Bliss|605\/714|[from] item: Leftovers
|turn|31
|callback|decision
|
|move|p1a: Miss Bliss|Protect|p1a: Miss Bliss
|-singleturn|p1a: Miss Bliss|Protect
|move|p2a: Diggersby Tho|Earthquake|p1a: Miss Bliss
|-activate|p1a: Miss Bliss|Protect
|
|-heal|p1a: Miss Bliss|649\/714|[from] item: Leftovers
|turn|32
|callback|decision
|
|move|p2a: Diggersby Tho|Earthquake|p1a: Miss Bliss
|-damage|p1a: Miss Bliss|333\/714
|move|p1a: Miss Bliss|Soft-Boiled|p1a: Miss Bliss
|-heal|p1a: Miss Bliss|690\/714
|
|-heal|p1a: Miss Bliss|714\/714|[from] item: Leftovers
|turn|33
|callback|decision
|
|move|p1a: Miss Bliss|Protect|p1a: Miss Bliss
|-singleturn|p1a: Miss Bliss|Protect
|move|p2a: Diggersby Tho|Earthquake|p1a: Miss Bliss
|-activate|p1a: Miss Bliss|Protect
|
|turn|34
|callback|decision
|
|move|p2a: Diggersby Tho|Earthquake|p1a: Miss Bliss
|-damage|p1a: Miss Bliss|402\/714
|move|p1a: Miss Bliss|Soft-Boiled|p1a: Miss Bliss
|-heal|p1a: Miss Bliss|714\/714
|
|turn|35
|callback|decision
|
|move|p1a: Miss Bliss|Protect|p1a: Miss Bliss
|-singleturn|p1a: Miss Bliss|Protect
|-activate|p2a: Diggersby Tho|move: Struggle
|move|p2a: Diggersby Tho|Struggle|p1a: Miss Bliss
|-activate|p1a: Miss Bliss|Protect
|
|turn|36
|callback|decision
|
|-activate|p2a: Diggersby Tho|move: Struggle
|move|p2a: Diggersby Tho|Struggle|p1a: Miss Bliss
|-damage|p1a: Miss Bliss|596\/714
|-damage|p2a: Diggersby Tho|120\/362
|move|p1a: Miss Bliss|Soft-Boiled|p1a: Miss Bliss
|-heal|p1a: Miss Bliss|714\/714
|
|turn|37
|callback|decision
|
|-activate|p2a: Diggersby Tho|move: Struggle
|move|p2a: Diggersby Tho|Struggle|p1a: Miss Bliss
|-damage|p1a: Miss Bliss|607\/714
|-damage|p2a: Diggersby Tho|30\/362
|move|p1a: Miss Bliss|Soft-Boiled|p1a: Miss Bliss
|-heal|p1a: Miss Bliss|714\/714
|
|turn|38
|callback|decision
|
|-activate|p2a: Diggersby Tho|move: Struggle
|move|p2a: Diggersby Tho|Struggle|p1a: Miss Bliss
|-damage|p1a: Miss Bliss|595\/714
|-damage|p2a: Diggersby Tho|0 fnt
|faint|p2a: Diggersby Tho
|
|win|Sweeptard
|raw|Ladder updating...
|raw|Sweeptard's rating: 1575 &rarr; <strong>1665<\/strong><br \/>(+90 for winning)
|raw|livEnwolC's rating: 1805 &rarr; <strong>1802<\/strong><br \/>(-3 for losing)