|join|The Prosecutor
|join|gobosox2
|player|p1|The Prosecutor|282
|player|p2|gobosox2|99
|gametype|singles
|gen|6
|tier|UU
|rated
|rule|Sleep Clause Mod: Limit one foe put to sleep
|rule|Species Clause: Limit one of each PokÃ©mon
|rule|OHKO Clause: OHKO moves are banned
|rule|Moody Clause: Moody is banned
|rule|Evasion Moves Clause: Evasion moves are banned
|rule|Endless Battle Clause: Forcing endless battles is banned
|rule|HP Percentage Mod: HP is shown in percentages
|clearpoke
|poke|p1|Cloyster, M
|poke|p1|Trevenant, M
|poke|p1|Krookodile, M
|poke|p1|Lucario, F
|poke|p1|Ampharos, F
|poke|p1|Crobat, F
|poke|p2|Sableye, F
|poke|p2|Golduck, M
|poke|p2|Qwilfish, F
|poke|p2|Kabutops, F
|poke|p2|Seismitoad, F
|poke|p2|Tornadus, M
|rule|Swagger Clause: Swagger is banned
|rule|Baton Pass Clause: Limit one PokÃ©mon knowing Baton Pass
|teampreview
|c|âThe Prosecutor|glhf
|c|âgobosox2|same
|join|Happee
|c|âThe Prosecutor|thx
|join|Nightmare Vampire
|
|start
|switch|p1a: Sunburnt!|Krookodile, M|394\/394
|switch|p2a: Sableye|Sableye, F|304\/304
|-ability|p1a: Sunburnt!|Intimidate|[of] p2a: Sableye
|-unboost|p2a: Sableye|atk|1
|turn|1
|
|move|p2a: Sableye|Rain Dance|p2a: Sableye
|-weather|RainDance
|move|p1a: Sunburnt!|Knock Off|p2a: Sableye
|-damage|p2a: Sableye|196\/304
|-enditem|p2a: Sableye|Damp Rock|[from] move: Knock Off|[of] p1a: Sunburnt!
|
|-weather|RainDance|[upkeep]
|turn|2
|
|switch|p2a: Seismitoad|Seismitoad, F|351\/351
|move|p1a: Sunburnt!|Knock Off|p2a: Seismitoad
|-damage|p2a: Seismitoad|155\/351
|-enditem|p2a: Seismitoad|Life Orb|[from] move: Knock Off|[of] p1a: Sunburnt!
|
|-weather|RainDance|[upkeep]
|turn|3
|
|switch|p1a: Sudowoodo 2.0|Trevenant, M|311\/311
|move|p2a: Seismitoad|Stealth Rock|p1a: Sudowoodo 2.0
|-sidestart|p1: The Prosecutor|move: Stealth Rock
|
|-weather|RainDance|[upkeep]
|turn|4
|
|move|p2a: Seismitoad|Surf|p1a: Sudowoodo 2.0
|-resisted|p1a: Sudowoodo 2.0
|-damage|p1a: Sudowoodo 2.0|206\/311
|move|p1a: Sudowoodo 2.0|Substitute|p1a: Sudowoodo 2.0
|-start|p1a: Sudowoodo 2.0|Substitute
|-damage|p1a: Sudowoodo 2.0|129\/311
|-enditem|p1a: Sudowoodo 2.0|Sitrus Berry|[eat]
|-heal|p1a: Sudowoodo 2.0|206\/311|[from] item: Sitrus Berry
|
|-weather|RainDance|[upkeep]
|turn|5
|
|move|p2a: Seismitoad|Surf|p1a: Sudowoodo 2.0
|-crit|p1a: Sudowoodo 2.0
|-resisted|p1a: Sudowoodo 2.0
|-end|p1a: Sudowoodo 2.0|Substitute
|move|p1a: Sudowoodo 2.0|Substitute|p1a: Sudowoodo 2.0
|-start|p1a: Sudowoodo 2.0|Substitute
|-damage|p1a: Sudowoodo 2.0|129\/311
|
|-weather|RainDance|[upkeep]
|-item|p1a: Sudowoodo 2.0|Sitrus Berry|[from] ability: Harvest
|-enditem|p1a: Sudowoodo 2.0|Sitrus Berry|[eat]
|-heal|p1a: Sudowoodo 2.0|206\/311|[from] item: Sitrus Berry
|turn|6
|
|move|p2a: Seismitoad|Surf|p1a: Sudowoodo 2.0
|-crit|p1a: Sudowoodo 2.0
|-resisted|p1a: Sudowoodo 2.0
|-end|p1a: Sudowoodo 2.0|Substitute
|move|p1a: Sudowoodo 2.0|Substitute|p1a: Sudowoodo 2.0
|-start|p1a: Sudowoodo 2.0|Substitute
|-damage|p1a: Sudowoodo 2.0|129\/311
|
|-weather|RainDance|[upkeep]
|-item|p1a: Sudowoodo 2.0|Sitrus Berry|[from] ability: Harvest
|-enditem|p1a: Sudowoodo 2.0|Sitrus Berry|[eat]
|-heal|p1a: Sudowoodo 2.0|206\/311|[from] item: Sitrus Berry
|turn|7
|
|move|p2a: Seismitoad|Surf|p1a: Sudowoodo 2.0
|-resisted|p1a: Sudowoodo 2.0
|-end|p1a: Sudowoodo 2.0|Substitute
|move|p1a: Sudowoodo 2.0|Substitute|p1a: Sudowoodo 2.0
|-start|p1a: Sudowoodo 2.0|Substitute
|-damage|p1a: Sudowoodo 2.0|129\/311
|
|-weather|RainDance|[upkeep]
|turn|8
|
|move|p2a: Seismitoad|Surf|p1a: Sudowoodo 2.0
|-resisted|p1a: Sudowoodo 2.0
|-end|p1a: Sudowoodo 2.0|Substitute
|move|p1a: Sudowoodo 2.0|Substitute|p1a: Sudowoodo 2.0
|-start|p1a: Sudowoodo 2.0|Substitute
|-damage|p1a: Sudowoodo 2.0|52\/311
|
|-weather|none
|-item|p1a: Sudowoodo 2.0|Sitrus Berry|[from] ability: Harvest
|-enditem|p1a: Sudowoodo 2.0|Sitrus Berry|[eat]
|-heal|p1a: Sudowoodo 2.0|129\/311|[from] item: Sitrus Berry
|turn|9
|join|wot4
|
|move|p2a: Seismitoad|Surf|p1a: Sudowoodo 2.0
|-crit|p1a: Sudowoodo 2.0
|-resisted|p1a: Sudowoodo 2.0
|-end|p1a: Sudowoodo 2.0|Substitute
|move|p1a: Sudowoodo 2.0|Wood Hammer|p2a: Seismitoad
|-supereffective|p2a: Seismitoad
|-damage|p2a: Seismitoad|0 fnt
|-damage|p1a: Sudowoodo 2.0|78\/311|[from] recoil|[of] p2a: Seismitoad
|faint|p2a: Seismitoad
|
|c|âThe Prosecutor|oh, no
|
|switch|p2a: Tornadus|Tornadus, M|299\/299
|turn|10
|c|âThe Prosecutor|I wanted my sub to live :(
|join|Shit User
|
|move|p2a: Tornadus|U-turn|p1a: Sudowoodo 2.0
|-damage|p1a: Sudowoodo 2.0|0 fnt
|faint|p1a: Sudowoodo 2.0
|
|switch|p2a: Sableye|Sableye, F|196\/304
|
|
|switch|p1a: Megampharos|Ampharos, F|384\/384
|-damage|p1a: Megampharos|336\/384|[from] Stealth Rock
|turn|11
|
|detailschange|p1a: Megampharos|Ampharos-Mega, F
|message|Ampharos has Mega Evolved into Mega Ampharos!
|-ability|p1a: Megampharos|Mold Breaker
|move|p2a: Sableye|Rain Dance|p2a: Sableye
|-weather|RainDance
|move|p1a: Megampharos|Volt Switch|p2a: Sableye
|-damage|p2a: Sableye|21\/304
|
|switch|p1a: Sunburnt!|Krookodile, M|394\/394
|-damage|p1a: Sunburnt!|370\/394|[from] Stealth Rock
|-ability|p1a: Sunburnt!|Intimidate|[of] p2a: Sableye
|-unboost|p2a: Sableye|atk|1
|
|-weather|RainDance|[upkeep]
|-heal|p1a: Sunburnt!|394\/394|[from] item: Leftovers
|turn|12
|
|move|p1a: Sunburnt!|Knock Off|p2a: Sableye
|-damage|p2a: Sableye|0 fnt
|faint|p2a: Sableye
|
|-weather|RainDance|[upkeep]
|
|switch|p2a: Qwilfish|Qwilfish, F|272\/272
|turn|13
|
|move|p2a: Qwilfish|Waterfall|p1a: Sunburnt!
|-crit|p1a: Sunburnt!
|-supereffective|p1a: Sunburnt!
|-damage|p1a: Sunburnt!|0 fnt
|-damage|p2a: Qwilfish|245\/272|[from] item: Life Orb
|faint|p1a: Sunburnt!
|
|-weather|RainDance|[upkeep]
|
|switch|p1a: The Black Pearl|Cloyster, M|241\/241
|-damage|p1a: The Black Pearl|181\/241|[from] Stealth Rock
|turn|14
|
|move|p2a: Qwilfish|Waterfall|p1a: The Black Pearl
|-resisted|p1a: The Black Pearl
|-damage|p1a: The Black Pearl|102\/241
|-damage|p2a: Qwilfish|218\/272|[from] item: Life Orb
|move|p1a: The Black Pearl|Rock Blast|p2a: Qwilfish
|-damage|p2a: Qwilfish|184\/272
|-damage|p2a: Qwilfish|149\/272
|-damage|p2a: Qwilfish|114\/272
|-crit|p2a: Qwilfish
|-damage|p2a: Qwilfish|67\/272
|-damage|p2a: Qwilfish|30\/272
|-hitcount|p2a: Qwilfish|5
|
|-weather|RainDance|[upkeep]
|turn|15
|
|switch|p2a: Golduck|Golduck, M|302\/302
|move|p1a: The Black Pearl|Icicle Spear|p2a: Golduck
|-resisted|p2a: Golduck
|-damage|p2a: Golduck|278\/302
|-crit|p2a: Golduck
|-resisted|p2a: Golduck
|-damage|p2a: Golduck|245\/302
|-resisted|p2a: Golduck
|-damage|p2a: Golduck|221\/302
|-resisted|p2a: Golduck
|-damage|p2a: Golduck|197\/302
|-resisted|p2a: Golduck
|-damage|p2a: Golduck|172\/302
|-hitcount|p2a: Golduck|5
|
|-weather|none
|turn|16
|join|Aerow
|
|switch|p1a: Megampharos|Ampharos-Mega, F|336\/384
|-damage|p1a: Megampharos|288\/384|[from] Stealth Rock
|-ability|p1a: Megampharos|Mold Breaker
|move|p2a: Golduck|Hidden Power|p1a: Megampharos
|-resisted|p1a: Megampharos
|-damage|p1a: Megampharos|263\/384
|-damage|p2a: Golduck|142\/302|[from] item: Life Orb
|
|turn|17
|
|move|p2a: Golduck|Psychic|p1a: Megampharos
|-damage|p1a: Megampharos|182\/384
|-unboost|p1a: Megampharos|spd|1
|-damage|p2a: Golduck|112\/302|[from] item: Life Orb
|move|p1a: Megampharos|Rest|p1a: Megampharos
|-status|p1a: Megampharos|slp
|-heal|p1a: Megampharos|384\/384 slp|[silent]
|-status|p1a: Megampharos|slp|[from] move: Rest
|
|turn|18
|
|move|p2a: Golduck|Calm Mind|p2a: Golduck
|-boost|p2a: Golduck|spa|1
|-boost|p2a: Golduck|spd|1
|cant|p1a: Megampharos|slp
|move|p1a: Megampharos|Sleep Talk|p1a: Megampharos
|move|p1a: Megampharos|Rest|p1a: Megampharos|[from]Sleep Talk
|-fail|p1a: Megampharos
|
|turn|19
|leave|Aerow
|
|switch|p1a: The Black Pearl|Cloyster, M|102\/241
|-damage|p1a: The Black Pearl|42\/241|[from] Stealth Rock
|move|p2a: Golduck|Surf|p1a: The Black Pearl
|-resisted|p1a: The Black Pearl
|-damage|p1a: The Black Pearl|0 fnt
|-damage|p2a: Golduck|82\/302|[from] item: Life Orb
|faint|p1a: The Black Pearl
|
|
|switch|p1a: Probat|Crobat, F|311\/311
|-damage|p1a: Probat|234\/311|[from] Stealth Rock
|turn|20
|
|move|p1a: Probat|Brave Bird|p2a: Golduck
|-damage|p2a: Golduck|0 fnt
|-damage|p1a: Probat|207\/311|[from] recoil|[of] p2a: Golduck
|faint|p2a: Golduck
|
|-heal|p1a: Probat|226\/311|[from] item: Black Sludge
|
|switch|p2a: Tornadus|Tornadus, M|299\/299
|turn|21
|leave|Shit User
|join|Aerow
|leave|Aerow
|join|Aerow
|
|move|p2a: Tornadus|Rain Dance|p2a: Tornadus
|-weather|RainDance
|move|p1a: Probat|Brave Bird|p2a: Tornadus
|-damage|p2a: Tornadus|53\/299
|-damage|p1a: Probat|145\/311|[from] recoil|[of] p2a: Tornadus
|
|-weather|RainDance|[upkeep]
|-heal|p1a: Probat|164\/311|[from] item: Black Sludge
|turn|22
|join|Nakeen
|
|move|p1a: Probat|Brave Bird|p2a: Tornadus
|-damage|p2a: Tornadus|0 fnt
|-damage|p1a: Probat|147\/311|[from] recoil|[of] p2a: Tornadus
|faint|p2a: Tornadus
|
|-weather|RainDance|[upkeep]
|-heal|p1a: Probat|166\/311|[from] item: Black Sludge
|leave|Aerow
|
|switch|p2a: Qwilfish|Qwilfish, F|30\/272
|turn|23
|
|move|p2a: Qwilfish|Spikes|p1a: Probat
|-sidestart|p1: The Prosecutor|Spikes
|move|p1a: Probat|Roost|p1a: Probat
|-heal|p1a: Probat|311\/311
|
|-weather|RainDance|[upkeep]
|turn|24
|leave|Nightmare Vampire
|
|move|p2a: Qwilfish|Spikes|p1a: Probat
|-sidestart|p1: The Prosecutor|Spikes
|move|p1a: Probat|Defog|p2a: Qwilfish
|-unboost|p2a: Qwilfish|evasion|1
|-sideend|p1: The Prosecutor|Spikes|[from] move: Defog|[of] p1a: Probat
|-sideend|p1: The Prosecutor|Stealth Rock|[from] move: Defog|[of] p1a: Probat
|
|-weather|RainDance|[upkeep]
|turn|25
|
|move|p2a: Qwilfish|Waterfall|p1a: Probat
|-damage|p1a: Probat|38\/311
|-damage|p2a: Qwilfish|3\/272|[from] item: Life Orb
|cant|p1a: Probat|flinch
|
|-weather|RainDance|[upkeep]
|-heal|p1a: Probat|57\/311|[from] item: Black Sludge
|turn|26
|c|âThe Prosecutor|awh
|
|move|p2a: Qwilfish|Waterfall|p1a: Probat
|-crit|p1a: Probat
|-damage|p1a: Probat|0 fnt
|-damage|p2a: Qwilfish|0 fnt|[from] item: Life Orb
|faint|p1a: Probat
|faint|p2a: Qwilfish
|
|-weather|RainDance|[upkeep]
|c| Nakeen|Lightspeed Qwilfish in da place x)
|
|switch|p2a: Satan Dome|Kabutops, F|261\/261
|switch|p1a: Megampharos|Ampharos-Mega, F|384\/384 slp
|-ability|p1a: Megampharos|Mold Breaker
|turn|27
|
|move|p2a: Satan Dome|Waterfall|p1a: Megampharos
|-resisted|p1a: Megampharos
|-damage|p1a: Megampharos|243\/384 slp
|cant|p1a: Megampharos|slp
|move|p1a: Megampharos|Sleep Talk|p1a: Megampharos
|move|p1a: Megampharos|Dragon Pulse|p2a: Satan Dome|[from]Sleep Talk
|-damage|p2a: Satan Dome|62\/261
|
|-weather|RainDance|[upkeep]
|turn|28
|c|âgobosox2|gg
|-message|gobosox2 forfeited.
|
|win|The Prosecutor
|raw|Ladder updating...
|c| Nakeen|LORD DOOME
|raw|The Prosecutor's rating: 1410 &rarr; <strong>1423<\/strong><br \/>(+13 for winning)
|raw|gobosox2's rating: 1284 &rarr; <strong>1268<\/strong><br \/>(-16 for losing)
|c| Nakeen|DOOOOME
|leave|gobosox2
|player|p2
|c|âThe Prosecutor|gg
|c| Nakeen|GO DOME