|join|PrettySmallDick
|join|The Prosecutor
|player|p1|PrettySmallDick|144
|player|p2|The Prosecutor|110
|gametype|singles
|gen|6
|tier|UU
|rated
|rule|Sleep Clause Mod: Limit one foe put to sleep
|rule|Species Clause: Limit one of each PokÃ©mon
|rule|OHKO Clause: OHKO moves are banned
|rule|Moody Clause: Moody is banned
|rule|Evasion Moves Clause: Evasion moves are banned
|rule|Endless Battle Clause: Forcing endless battles is banned
|rule|HP Percentage Mod: HP is shown in percentages
|clearpoke
|poke|p1|Togetic, M
|poke|p1|Hydreigon, F
|poke|p1|Chandelure, M
|poke|p1|Exploud, F
|poke|p1|Donphan, M
|poke|p1|Suicune
|poke|p2|Cloyster, M
|poke|p2|Trevenant, M
|poke|p2|Krookodile, F
|poke|p2|Lucario, F
|poke|p2|Ampharos, F
|poke|p2|Crobat, F
|rule|Swagger Clause: Swagger is banned
|rule|Baton Pass Clause: Limit one PokÃ©mon knowing Baton Pass
|teampreview
|c|âThe Prosecutor|glhf
|c|âPrettySmallDick|thanks
|
|start
|switch|p1a: Hydreigon|Hydreigon, F|325\/325
|switch|p2a: Sunburnt!|Krookodile, F|394\/394
|-ability|p2a: Sunburnt!|Intimidate|[of] p1a: Hydreigon
|-unboost|p1a: Hydreigon|atk|1
|turn|1
|
|switch|p2a: Megampharos|Ampharos, F|384\/384
|move|p1a: Hydreigon|U-turn|p2a: Megampharos
|-damage|p2a: Megampharos|327\/384
|-status|p1a: Hydreigon|par
|-damage|p1a: Hydreigon|293\/325 par|[from] item: Life Orb
|
|switch|p1a: Donphan|Donphan, M|382\/382
|
|turn|2
|
|switch|p2a: Sunburnt!|Krookodile, F|394\/394
|-ability|p2a: Sunburnt!|Intimidate|[of] p1a: Donphan
|-unboost|p1a: Donphan|atk|1
|move|p1a: Donphan|Stealth Rock|p2a: Sunburnt!
|-sidestart|p2: The Prosecutor|move: Stealth Rock
|
|turn|3
|c|âPrettySmallDick|just notice
|c|âPrettySmallDick|u got a lucky
|c|âPrettySmallDick|fucking cluth
|c|âPrettySmallDick|clutch
|c|âPrettySmallDick|ass static para
|c|âPrettySmallDick|lucky as fuck imo
|
|switch|p1a: Togetic|Togetic, M|313\/313
|move|p2a: Sunburnt!|Knock Off|p1a: Togetic
|-resisted|p1a: Togetic
|-damage|p1a: Togetic|278\/313
|-enditem|p1a: Togetic|Eviolite|[from] move: Knock Off|[of] p2a: Sunburnt!
|
|turn|4
|
|move|p2a: Sunburnt!|Stealth Rock|p1a: Togetic
|-sidestart|p1: PrettySmallDick|move: Stealth Rock
|move|p1a: Togetic|Nasty Plot|p1a: Togetic
|-boost|p1a: Togetic|spa|2
|
|turn|5
|
|move|p1a: Togetic|Magic Coat|p1a: Togetic
|-singleturn|p1a: Togetic|move: Magic Coat
|move|p2a: Sunburnt!|Taunt|p1a: Togetic
|move|p1a: Togetic|Taunt|p2a: Sunburnt!|[from]Magic Coat
|-start|p2a: Sunburnt!|move: Taunt
|
|turn|6
|
|move|p2a: Sunburnt!|Knock Off|p1a: Togetic
|-resisted|p1a: Togetic
|-damage|p1a: Togetic|241\/313
|move|p1a: Togetic|Nasty Plot|p1a: Togetic
|-boost|p1a: Togetic|spa|2
|
|turn|7
|
|switch|p2a: Probat|Crobat, F|311\/311
|-damage|p2a: Probat|234\/311|[from] Stealth Rock
|move|p1a: Togetic|Nasty Plot|p1a: Togetic
|-boost|p1a: Togetic|spa|2
|
|-heal|p2a: Probat|253\/311|[from] item: Black Sludge
|turn|8
|
|move|p2a: Probat|Defog|p1a: Togetic
|-unboost|p1a: Togetic|evasion|1
|-sideend|p1: PrettySmallDick|Stealth Rock|[from] move: Defog|[of] p1a: Togetic
|-sideend|p2: The Prosecutor|Stealth Rock|[from] move: Defog|[of] p2a: Probat
|move|p1a: Togetic|Baton Pass|p1a: Togetic
|
|switch|p1a: Exploud|Exploud, F|349\/349
|
|-heal|p2a: Probat|272\/311|[from] item: Black Sludge
|turn|9
|
|move|p2a: Probat|Brave Bird|p1a: Exploud
|-damage|p1a: Exploud|111\/349
|-damage|p2a: Probat|193\/311|[from] recoil|[of] p1a: Exploud
|move|p1a: Exploud|Boomburst|p2a: Probat
|-crit|p2a: Probat
|-damage|p2a: Probat|0 fnt
|faint|p2a: Probat
|
|
|switch|p2a: Brawl|Lucario, F|281\/281
|turn|10
|
|switch|p1a: Chandelure|Chandelure, M|261\/261
|move|p2a: Brawl|Extreme Speed|p1a: Chandelure
|-immune|p1a: Chandelure|[msg]
|
|turn|11
|
|switch|p2a: Megampharos|Ampharos, F|327\/384
|move|p1a: Chandelure|Fire Blast|p2a: Megampharos|[miss]
|-miss|p1a: Chandelure|p2a: Megampharos
|
|turn|12
|c|âPrettySmallDick|wowwwwwwwwwwwwwww
|c|âPrettySmallDick|clutch ass miss
|c|âPrettySmallDick|holy shit
|c|âPrettySmallDick|holy fucking shit
|c|âPrettySmallDick|that ampharos is god
|c|âPrettySmallDick|holy fuck
|
|switch|p1a: Donphan|Donphan, M|382\/382
|detailschange|p2a: Megampharos|Ampharos-Mega, F
|message|Ampharos has Mega Evolved into Mega Ampharos!
|-ability|p2a: Megampharos|Mold Breaker
|move|p2a: Megampharos|Volt Switch|p1a: Donphan
|-immune|p1a: Donphan|[msg]
|
|turn|13
|
|switch|p1a: Chandelure|Chandelure, M|261\/261
|switch|p2a: The Black Pearl|Cloyster, M|241\/241
|
|turn|14
|
|switch|p1a: Suicune|Suicune|402\/402
|-ability|p1a: Suicune|Pressure
|move|p2a: The Black Pearl|Rock Blast|p1a: Suicune
|-damage|p1a: Suicune|384\/402
|-damage|p1a: Suicune|366\/402
|-damage|p1a: Suicune|348\/402
|-damage|p1a: Suicune|329\/402
|-damage|p1a: Suicune|311\/402
|-hitcount|p1a: Suicune|5
|
|-heal|p1a: Suicune|336\/402|[from] item: Leftovers
|turn|15
|
|switch|p2a: Sudowoodo 2.0|Trevenant, M|311\/311
|move|p1a: Suicune|Calm Mind|p1a: Suicune
|-boost|p1a: Suicune|spa|1
|-boost|p1a: Suicune|spd|1
|
|-heal|p1a: Suicune|361\/402|[from] item: Leftovers
|turn|16
|
|switch|p1a: Chandelure|Chandelure, M|261\/261
|move|p2a: Sudowoodo 2.0|Wood Hammer|p1a: Chandelure
|-resisted|p1a: Chandelure
|-damage|p1a: Chandelure|150\/261
|-damage|p2a: Sudowoodo 2.0|274\/311|[from] recoil|[of] p1a: Chandelure
|
|turn|17
|
|switch|p2a: Megampharos|Ampharos-Mega, F|327\/384
|-ability|p2a: Megampharos|Mold Breaker
|move|p1a: Chandelure|Shadow Ball|p2a: Megampharos
|-damage|p2a: Megampharos|180\/384
|
|turn|18
|c|âPrettySmallDick|if i didnt miss
|c|âPrettySmallDick|that trash would be dead
|c|âPrettySmallDick|fucking garbage player
|
|switch|p1a: Togetic|Togetic, M|241\/313
|move|p2a: Megampharos|Rest|p2a: Megampharos
|-status|p2a: Megampharos|slp
|-heal|p2a: Megampharos|384\/384 slp|[silent]
|-status|p2a: Megampharos|slp|[from] move: Rest
|
|turn|19
|c|âThe Prosecutor|nope
|c|âPrettySmallDick|yup
|c|âPrettySmallDick|:)
|
|switch|p2a: The Black Pearl|Cloyster, M|241\/241
|move|p1a: Togetic|Nasty Plot|p1a: Togetic
|-boost|p1a: Togetic|spa|2
|
|turn|20
|
|move|p2a: The Black Pearl|Rock Blast|p1a: Togetic|[miss]
|-miss|p2a: The Black Pearl|p1a: Togetic
|move|p1a: Togetic|Baton Pass|p1a: Togetic
|c|âThe Prosecutor|happy?
|
|switch|p1a: Exploud|Exploud, F|111\/349
|
|turn|21
|c|âPrettySmallDick|not really
|c|âPrettySmallDick|that doesnt make up for my static para and fire miss
|
|move|p1a: Exploud|Boomburst|p2a: The Black Pearl
|-enditem|p2a: The Black Pearl|Focus Sash
|-damage|p2a: The Black Pearl|1\/241
|move|p2a: The Black Pearl|Shell Smash|p2a: The Black Pearl
|-boost|p2a: The Black Pearl|atk|2
|-boost|p2a: The Black Pearl|spa|2
|-boost|p2a: The Black Pearl|spe|2
|-unboost|p2a: The Black Pearl|def|1
|-unboost|p2a: The Black Pearl|spd|1
|
|turn|22
|
|switch|p1a: Hydreigon|Hydreigon, F|293\/325 par
|move|p2a: The Black Pearl|Rock Blast|p1a: Hydreigon
|-damage|p1a: Hydreigon|231\/325 par
|-damage|p1a: Hydreigon|168\/325 par
|-damage|p1a: Hydreigon|107\/325 par
|-damage|p1a: Hydreigon|42\/325 par
|-damage|p1a: Hydreigon|0 fnt
|-hitcount|p1a: Hydreigon|5
|faint|p1a: Hydreigon
|
|
|switch|p1a: Suicune|Suicune|361\/402
|-ability|p1a: Suicune|Pressure
|turn|23
|
|move|p2a: The Black Pearl|Rock Blast|p1a: Suicune
|-crit|p1a: Suicune
|-damage|p1a: Suicune|304\/402
|-damage|p1a: Suicune|270\/402
|-damage|p1a: Suicune|237\/402
|-damage|p1a: Suicune|199\/402
|-damage|p1a: Suicune|162\/402
|-hitcount|p1a: Suicune|5
|move|p1a: Suicune|Scald|p2a: The Black Pearl
|-resisted|p2a: The Black Pearl
|-damage|p2a: The Black Pearl|0 fnt
|faint|p2a: The Black Pearl
|
|-heal|p1a: Suicune|187\/402|[from] item: Leftovers
|
|switch|p2a: Sudowoodo 2.0|Trevenant, M|274\/311
|turn|24
|
|switch|p1a: Togetic|Togetic, M|241\/313
|move|p2a: Sudowoodo 2.0|Earthquake|p1a: Togetic
|-immune|p1a: Togetic|[msg]
|
|turn|25
|
|switch|p2a: Megampharos|Ampharos-Mega, F|384\/384 slp
|-ability|p2a: Megampharos|Mold Breaker
|move|p1a: Togetic|Nasty Plot|p1a: Togetic
|-boost|p1a: Togetic|spa|2
|
|turn|26
|
|cant|p2a: Megampharos|slp
|move|p2a: Megampharos|Sleep Talk|p2a: Megampharos
|move|p2a: Megampharos|Rest|p2a: Megampharos|[from]Sleep Talk
|-fail|p2a: Megampharos
|move|p1a: Togetic|Baton Pass|p1a: Togetic
|
|switch|p1a: Exploud|Exploud, F|111\/349
|
|turn|27
|
|move|p1a: Exploud|Boomburst|p2a: Megampharos
|-damage|p2a: Megampharos|120\/384 slp
|cant|p2a: Megampharos|slp
|move|p2a: Megampharos|Sleep Talk|p2a: Megampharos
|move|p2a: Megampharos|Rest|p2a: Megampharos|[from]Sleep Talk
|-fail|p2a: Megampharos
|
|turn|28
|c|âPrettySmallDick|k
|c|âPrettySmallDick|there
|c|âPrettySmallDick|that made up for it
|c|âThe Prosecutor|happy now??
|c|âPrettySmallDick|yes
|
|move|p1a: Exploud|Boomburst|p2a: Megampharos
|-damage|p2a: Megampharos|0 fnt
|faint|p2a: Megampharos
|
|
|switch|p2a: Brawl|Lucario, F|281\/281
|turn|29
|
|move|p1a: Exploud|Boomburst|p2a: Brawl
|-resisted|p2a: Brawl
|-damage|p2a: Brawl|32\/281
|move|p2a: Brawl|Crunch|p1a: Exploud
|-damage|p1a: Exploud|0 fnt
|-damage|p2a: Brawl|4\/281|[from] item: Life Orb
|faint|p1a: Exploud
|
|
|switch|p1a: Togetic|Togetic, M|241\/313
|turn|30
|
|move|p2a: Brawl|Swords Dance|p2a: Brawl
|-boost|p2a: Brawl|atk|2
|move|p1a: Togetic|Roost|p1a: Togetic
|-heal|p1a: Togetic|313\/313
|
|turn|31
|
|switch|p1a: Suicune|Suicune|187\/402
|-ability|p1a: Suicune|Pressure
|move|p2a: Brawl|Extreme Speed|p1a: Suicune
|-damage|p1a: Suicune|39\/402
|-damage|p2a: Brawl|0 fnt|[from] item: Life Orb
|faint|p2a: Brawl
|
|-heal|p1a: Suicune|64\/402|[from] item: Leftovers
|
|switch|p2a: Sudowoodo 2.0|Trevenant, M|274\/311
|turn|32
|
|move|p2a: Sudowoodo 2.0|Substitute|p2a: Sudowoodo 2.0
|-start|p2a: Sudowoodo 2.0|Substitute
|-damage|p2a: Sudowoodo 2.0|197\/311
|move|p1a: Suicune|Rest|p1a: Suicune
|-status|p1a: Suicune|slp
|-heal|p1a: Suicune|402\/402 slp|[silent]
|-status|p1a: Suicune|slp|[from] move: Rest
|
|turn|33
|
|switch|p1a: Togetic|Togetic, M|313\/313
|move|p2a: Sudowoodo 2.0|Earthquake|p1a: Togetic
|-immune|p1a: Togetic|[msg]
|
|turn|34
|
|move|p2a: Sudowoodo 2.0|Will-O-Wisp|p1a: Togetic|[miss]
|-miss|p2a: Sudowoodo 2.0|p1a: Togetic
|move|p1a: Togetic|Nasty Plot|p1a: Togetic
|-boost|p1a: Togetic|spa|2
|
|turn|35
|
|move|p1a: Togetic|Magic Coat|p1a: Togetic
|-singleturn|p1a: Togetic|move: Magic Coat
|move|p2a: Sudowoodo 2.0|Will-O-Wisp|p1a: Togetic
|move|p1a: Togetic|Will-O-Wisp|p2a: Sudowoodo 2.0|[from]Magic Coat
|
|turn|36
|
|switch|p1a: Chandelure|Chandelure, M|150\/261
|move|p2a: Sudowoodo 2.0|Will-O-Wisp|p1a: Chandelure
|-start|p1a: Chandelure|ability: Flash Fire
|
|turn|37
|
|move|p1a: Chandelure|Fire Blast|p2a: Sudowoodo 2.0
|-supereffective|p2a: Sudowoodo 2.0
|-end|p2a: Sudowoodo 2.0|Substitute
|move|p2a: Sudowoodo 2.0|Earthquake|p1a: Chandelure
|-supereffective|p1a: Chandelure
|-damage|p1a: Chandelure|0 fnt
|faint|p1a: Chandelure
|
|
|switch|p1a: Donphan|Donphan, M|382\/382
|turn|38
|
|switch|p2a: Sunburnt!|Krookodile, F|394\/394
|-ability|p2a: Sunburnt!|Intimidate|[of] p1a: Donphan
|-unboost|p1a: Donphan|atk|1
|move|p1a: Donphan|Knock Off|p2a: Sunburnt!
|-resisted|p2a: Sunburnt!
|-damage|p2a: Sunburnt!|358\/394
|-enditem|p2a: Sunburnt!|Leftovers|[from] move: Knock Off|[of] p1a: Donphan
|
|turn|39
|
|switch|p1a: Togetic|Togetic, M|313\/313
|move|p2a: Sunburnt!|Taunt|p1a: Togetic
|-start|p1a: Togetic|move: Taunt
|
|turn|40
|
|switch|p1a: Suicune|Suicune|402\/402 slp
|-ability|p1a: Suicune|Pressure
|move|p2a: Sunburnt!|Stealth Rock|p1a: Suicune
|-sidestart|p1: PrettySmallDick|move: Stealth Rock
|
|turn|41
|
|switch|p1a: Togetic|Togetic, M|313\/313
|-damage|p1a: Togetic|235\/313|[from] Stealth Rock
|move|p2a: Sunburnt!|Taunt|p1a: Togetic
|-start|p1a: Togetic|move: Taunt
|
|turn|42
|c|âPrettySmallDick|damn
|c|âPrettySmallDick|sacking chandelure
|c|âPrettySmallDick|was my mistake
|c|âPrettySmallDick|fuck
|c|âPrettySmallDick|choked an easy ass win
|
|switch|p2a: Sudowoodo 2.0|Trevenant, M|197\/311
|switch|p1a: Suicune|Suicune|402\/402 slp
|-damage|p1a: Suicune|352\/402 slp|[from] Stealth Rock
|-ability|p1a: Suicune|Pressure
|
|-heal|p1a: Suicune|377\/402 slp|[from] item: Leftovers
|turn|43
|
|switch|p1a: Togetic|Togetic, M|235\/313
|-damage|p1a: Togetic|157\/313|[from] Stealth Rock
|move|p2a: Sudowoodo 2.0|Substitute|p2a: Sudowoodo 2.0
|-start|p2a: Sudowoodo 2.0|Substitute
|-damage|p2a: Sudowoodo 2.0|120\/311
|-enditem|p2a: Sudowoodo 2.0|Sitrus Berry|[eat]
|-heal|p2a: Sudowoodo 2.0|197\/311|[from] item: Sitrus Berry
|
|-item|p2a: Sudowoodo 2.0|Sitrus Berry|[from] ability: Harvest
|turn|44
|
|move|p2a: Sudowoodo 2.0|Wood Hammer|p1a: Togetic
|-resisted|p1a: Togetic
|-damage|p1a: Togetic|66\/313
|-damage|p2a: Sudowoodo 2.0|167\/311|[from] recoil|[of] p1a: Togetic
|move|p1a: Togetic|Roost|p1a: Togetic
|-heal|p1a: Togetic|223\/313
|
|turn|45
|
|move|p2a: Sudowoodo 2.0|Will-O-Wisp|p1a: Togetic
|-status|p1a: Togetic|brn
|move|p1a: Togetic|Nasty Plot|p1a: Togetic
|-boost|p1a: Togetic|spa|2
|
|-damage|p1a: Togetic|184\/313 brn|[from] brn
|turn|46
|
|move|p2a: Sudowoodo 2.0|Wood Hammer|p1a: Togetic
|-resisted|p1a: Togetic
|-damage|p1a: Togetic|85\/313 brn
|-damage|p2a: Sudowoodo 2.0|134\/311|[from] recoil|[of] p1a: Togetic
|-enditem|p2a: Sudowoodo 2.0|Sitrus Berry|[eat]
|-heal|p2a: Sudowoodo 2.0|211\/311|[from] item: Sitrus Berry
|move|p1a: Togetic|Nasty Plot|p1a: Togetic
|-boost|p1a: Togetic|spa|2
|
|-damage|p1a: Togetic|46\/313 brn|[from] brn
|-item|p2a: Sudowoodo 2.0|Sitrus Berry|[from] ability: Harvest
|turn|47
|c|âPrettySmallDick|nice
|
|move|p2a: Sudowoodo 2.0|Wood Hammer|p1a: Togetic
|-resisted|p1a: Togetic
|-damage|p1a: Togetic|0 fnt
|-damage|p2a: Sudowoodo 2.0|196\/311|[from] recoil|[of] p1a: Togetic
|faint|p1a: Togetic
|
|-message|PrettySmallDick forfeited.
|leave|PrettySmallDick
|
|win|The Prosecutor
|raw|Ladder updating...
|player|p1
|raw|PrettySmallDick's rating: 1371 &rarr; <strong>1353<\/strong><br \/>(-18 for losing)
|raw|The Prosecutor's rating: 1399 &rarr; <strong>1418<\/strong><br \/>(+19 for winning)