|join|SoloSh0ck
|join|The Prosecutor
|player|p1|SoloSh0ck|156
|player|p2|The Prosecutor|110
|gametype|singles
|gen|6
|tier|UU
|rated
|rule|Sleep Clause Mod: Limit one foe put to sleep
|rule|Species Clause: Limit one of each PokÃ©mon
|rule|OHKO Clause: OHKO moves are banned
|rule|Moody Clause: Moody is banned
|rule|Evasion Moves Clause: Evasion moves are banned
|rule|Endless Battle Clause: Forcing endless battles is banned
|rule|HP Percentage Mod: HP is shown in percentages
|clearpoke
|poke|p1|Raikou
|poke|p1|Snorlax, M
|poke|p1|Kabutops, F
|poke|p1|Weezing, F
|poke|p1|Infernape, F
|poke|p1|Registeel
|poke|p2|Cloyster, F
|poke|p2|Trevenant, F
|poke|p2|Krookodile, M
|poke|p2|Chandelure, M
|poke|p2|Lucario, F
|poke|p2|Tentacruel, F
|rule|Swagger Clause: Swagger is banned
|rule|Baton Pass Clause: Limit one PokÃ©mon knowing Baton Pass
|teampreview
|chat|The Prosecutor|glhf
|
|start
|switch|p1a: Infernape|Infernape, F|293\/293
|switch|p2a: Krookodile|Krookodile, M|394\/394
|-ability|p2a: Krookodile|Intimidate|[of] p1a: Infernape
|-unboost|p1a: Infernape|atk|1
|turn|1
|
|switch|p1a: Registeel|Registeel|364\/364
|switch|p2a: Chandelure|Chandelure, M|261\/261
|
|turn|2
|
|move|p2a: Chandelure|Fire Blast|p1a: Registeel
|-supereffective|p1a: Registeel
|-damage|p1a: Registeel|124\/364
|move|p1a: Registeel|Stealth Rock|p2a: Chandelure
|-sidestart|p2: The Prosecutor|move: Stealth Rock
|
|-heal|p1a: Registeel|146\/364|[from] item: Leftovers
|turn|3
|
|switch|p2a: Tentacruel|Tentacruel, F|364\/364
|-damage|p2a: Tentacruel|319\/364|[from] Stealth Rock
|switch|p1a: Snorlax|Snorlax, M|524\/524
|
|-heal|p2a: Tentacruel|341\/364|[from] item: Black Sludge
|turn|4
|
|move|p2a: Tentacruel|Rapid Spin|p1a: Snorlax
|-damage|p1a: Snorlax|510\/524
|-sideend|p2: The Prosecutor|Stealth Rock|[from] move: Rapid Spin|[of] p2a: Tentacruel
|move|p1a: Snorlax|Curse|p1a: Snorlax
|-boost|p1a: Snorlax|atk|1
|-boost|p1a: Snorlax|def|1
|-unboost|p1a: Snorlax|spe|1
|
|-heal|p2a: Tentacruel|363\/364|[from] item: Black Sludge
|turn|5
|
|move|p2a: Tentacruel|Scald|p1a: Snorlax
|-damage|p1a: Snorlax|441\/524
|move|p1a: Snorlax|Curse|p1a: Snorlax
|-boost|p1a: Snorlax|atk|1
|-boost|p1a: Snorlax|def|1
|-unboost|p1a: Snorlax|spe|1
|
|-heal|p2a: Tentacruel|364\/364|[from] item: Black Sludge
|turn|6
|
|move|p2a: Tentacruel|Scald|p1a: Snorlax
|-damage|p1a: Snorlax|365\/524
|move|p1a: Snorlax|Body Slam|p2a: Tentacruel
|-damage|p2a: Tentacruel|0 fnt
|faint|p2a: Tentacruel
|
|
|switch|p2a: Trevenant|Trevenant, F|311\/311
|turn|7
|
|move|p2a: Trevenant|Substitute|p2a: Trevenant
|-start|p2a: Trevenant|Substitute
|-damage|p2a: Trevenant|234\/311
|move|p1a: Snorlax|Crunch|p2a: Trevenant
|-supereffective|p2a: Trevenant
|-end|p2a: Trevenant|Substitute
|
|turn|8
|
|move|p2a: Trevenant|Will-O-Wisp|p1a: Snorlax
|-status|p1a: Snorlax|brn
|-enditem|p1a: Snorlax|Lum Berry|[eat]
|-curestatus|p1a: Snorlax|brn
|move|p1a: Snorlax|Crunch|p2a: Trevenant
|-supereffective|p2a: Trevenant
|-damage|p2a: Trevenant|0 fnt
|faint|p2a: Trevenant
|
|
|switch|p2a: Lucario|Lucario, F|281\/281
|turn|9
|
|move|p2a: Lucario|Close Combat|p1a: Snorlax
|-supereffective|p1a: Snorlax
|-damage|p1a: Snorlax|0 fnt
|-unboost|p2a: Lucario|def|1
|-unboost|p2a: Lucario|spd|1
|-damage|p2a: Lucario|253\/281|[from] item: Life Orb
|faint|p1a: Snorlax
|
|
|switch|p1a: Infernape|Infernape, F|293\/293
|turn|10
|
|switch|p2a: Chandelure|Chandelure, M|261\/261
|move|p1a: Infernape|Swords Dance|p1a: Infernape
|-boost|p1a: Infernape|atk|2
|
|turn|11
|
|move|p1a: Infernape|Swords Dance|p1a: Infernape
|-boost|p1a: Infernape|atk|2
|move|p2a: Chandelure|Flame Charge|p1a: Infernape
|-resisted|p1a: Infernape
|-damage|p1a: Infernape|272\/293
|-boost|p2a: Chandelure|spe|1
|
|turn|12
|
|move|p2a: Chandelure|Shadow Ball|p1a: Infernape
|-damage|p1a: Infernape|62\/293
|move|p1a: Infernape|Thunder Punch|p2a: Chandelure
|-damage|p2a: Chandelure|0 fnt
|faint|p2a: Chandelure
|
|
|switch|p2a: Cloyster|Cloyster, F|241\/241
|turn|13
|
|move|p2a: Cloyster|Icicle Spear|p1a: Infernape
|-resisted|p1a: Infernape
|-damage|p1a: Infernape|38\/293
|-resisted|p1a: Infernape
|-damage|p1a: Infernape|12\/293
|-resisted|p1a: Infernape
|-damage|p1a: Infernape|0 fnt
|-hitcount|p1a: Infernape|3
|faint|p1a: Infernape
|
|
|switch|p1a: Weezing|Weezing, F|292\/292
|turn|14
|
|move|p2a: Cloyster|Icicle Spear|p1a: Weezing
|-damage|p1a: Weezing|265\/292
|-damage|p1a: Weezing|232\/292
|-damage|p1a: Weezing|201\/292
|-damage|p1a: Weezing|171\/292
|-damage|p1a: Weezing|144\/292
|-hitcount|p1a: Weezing|5
|move|p1a: Weezing|Will-O-Wisp|p2a: Cloyster
|-status|p2a: Cloyster|brn
|
|-heal|p1a: Weezing|162\/292|[from] item: Black Sludge
|-damage|p2a: Cloyster|211\/241 brn|[from] brn
|turn|15
|
|switch|p2a: Krookodile|Krookodile, M|394\/394
|-ability|p2a: Krookodile|Intimidate|[of] p1a: Weezing
|-unboost|p1a: Weezing|atk|1
|move|p1a: Weezing|Destiny Bond|p1a: Weezing
|-singlemove|p1a: Weezing|Destiny Bond
|
|-heal|p1a: Weezing|180\/292|[from] item: Black Sludge
|turn|16
|
|move|p2a: Krookodile|Taunt|p1a: Weezing
|-start|p1a: Weezing|move: Taunt
|cant|p1a: Weezing|move: Taunt|Will-O-Wisp
|
|-heal|p1a: Weezing|198\/292|[from] item: Black Sludge
|turn|17
|
|move|p2a: Krookodile|Stealth Rock|p1a: Weezing
|-sidestart|p1: SoloSh0ck|move: Stealth Rock
|move|p1a: Weezing|Sludge Wave|p2a: Krookodile
|-resisted|p2a: Krookodile
|-damage|p2a: Krookodile|321\/394
|
|-heal|p2a: Krookodile|345\/394|[from] item: Leftovers
|-heal|p1a: Weezing|216\/292|[from] item: Black Sludge
|turn|18
|
|move|p2a: Krookodile|Knock Off|p1a: Weezing
|-damage|p1a: Weezing|117\/292
|-enditem|p1a: Weezing|Black Sludge|[from] move: Knock Off|[of] p2a: Krookodile
|move|p1a: Weezing|Sludge Wave|p2a: Krookodile
|-resisted|p2a: Krookodile
|-damage|p2a: Krookodile|276\/394
|
|-heal|p2a: Krookodile|300\/394|[from] item: Leftovers
|-end|p1a: Weezing|move: Taunt
|turn|19
|
|switch|p1a: Kabutops|Kabutops, F|324\/324
|-damage|p1a: Kabutops|284\/324|[from] Stealth Rock
|move|p2a: Krookodile|Taunt|p1a: Kabutops
|-start|p1a: Kabutops|move: Taunt
|
|-heal|p2a: Krookodile|324\/394|[from] item: Leftovers
|turn|20
|
|switch|p2a: Cloyster|Cloyster, F|211\/241 brn
|move|p1a: Kabutops|Waterfall|p2a: Cloyster
|-resisted|p2a: Cloyster
|-damage|p2a: Cloyster|151\/241 brn
|
|-damage|p2a: Cloyster|121\/241 brn|[from] brn
|turn|21
|
|switch|p1a: Weezing|Weezing, F|117\/292
|-damage|p1a: Weezing|81\/292|[from] Stealth Rock
|move|p2a: Cloyster|Hydro Pump|p1a: Weezing
|-damage|p1a: Weezing|0 fnt
|faint|p1a: Weezing
|
|-damage|p2a: Cloyster|91\/241 brn|[from] brn
|
|switch|p1a: Kabutops|Kabutops, F|284\/324
|-damage|p1a: Kabutops|244\/324|[from] Stealth Rock
|turn|22
|
|move|p2a: Cloyster|Hydro Pump|p1a: Kabutops
|-damage|p1a: Kabutops|91\/324
|move|p1a: Kabutops|Brick Break|p2a: Cloyster
|-supereffective|p2a: Cloyster
|-damage|p2a: Cloyster|0 fnt
|faint|p2a: Cloyster
|
|
|switch|p2a: Krookodile|Krookodile, M|324\/394
|-ability|p2a: Krookodile|Intimidate|[of] p1a: Kabutops
|-unboost|p1a: Kabutops|atk|1
|turn|23
|
|switch|p1a: Registeel|Registeel|146\/364
|-damage|p1a: Registeel|124\/364|[from] Stealth Rock
|move|p2a: Krookodile|Earthquake|p1a: Registeel
|-supereffective|p1a: Registeel
|-damage|p1a: Registeel|0 fnt
|faint|p1a: Registeel
|
|-heal|p2a: Krookodile|348\/394|[from] item: Leftovers
|
|switch|p1a: Kabutops|Kabutops, F|91\/324
|-damage|p1a: Kabutops|51\/324|[from] Stealth Rock
|turn|24
|
|switch|p2a: Lucario|Lucario, F|253\/281
|move|p1a: Kabutops|Aqua Jet|p2a: Lucario
|-damage|p2a: Lucario|100\/281
|
|turn|25
|
|move|p2a: Lucario|Extreme Speed|p1a: Kabutops
|-resisted|p1a: Kabutops
|-damage|p1a: Kabutops|0 fnt
|-damage|p2a: Lucario|72\/281|[from] item: Life Orb
|faint|p1a: Kabutops
|
|
|switch|p1a: Raikou|Raikou|322\/322
|-damage|p1a: Raikou|282\/322|[from] Stealth Rock
|-ability|p1a: Raikou|Pressure
|turn|26
|
|move|p2a: Lucario|Extreme Speed|p1a: Raikou
|-damage|p1a: Raikou|136\/322
|-damage|p2a: Lucario|44\/281|[from] item: Life Orb
|move|p1a: Raikou|Shadow Ball|p2a: Lucario
|-damage|p2a: Lucario|0 fnt
|-damage|p1a: Raikou|104\/322|[from] item: Life Orb
|faint|p2a: Lucario
|
|
|switch|p2a: Krookodile|Krookodile, M|348\/394
|-ability|p2a: Krookodile|Intimidate|[of] p1a: Raikou
|-unboost|p1a: Raikou|atk|1
|turn|27
|
|move|p1a: Raikou|Hidden Power|p2a: Krookodile
|-supereffective|p2a: Krookodile
|-damage|p2a: Krookodile|119\/394
|-damage|p1a: Raikou|72\/322|[from] item: Life Orb
|move|p2a: Krookodile|Earthquake|p1a: Raikou
|-supereffective|p1a: Raikou
|-damage|p1a: Raikou|0 fnt
|faint|p1a: Raikou
|
|win|The Prosecutor
|raw|Ladder updating...
|raw|SoloSh0ck's rating: 1108 &rarr; <strong>1088<\/strong><br \/>(-20 for losing)
|raw|The Prosecutor's rating: 1178 &rarr; <strong>1198<\/strong><br \/>(+20 for winning)
|chat|The Prosecutor|gg
|chat|SoloSh0ck|jerk
|chat|The Prosecutor|?
|chat|SoloSh0ck|cocky jerk.
|leave|SoloSh0ck
|player|p1
|chat|The Prosecutor|says you?