|join|Try me Fry me
|join|The Prosecutor
|player|p1|Try me Fry me|35
|player|p2|The Prosecutor|150
|gametype|singles
|gen|6
|tier|UU
|rated
|rule|Sleep Clause Mod: Limit one foe put to sleep
|rule|Species Clause: Limit one of each PokÃ©mon
|rule|OHKO Clause: OHKO moves are banned
|rule|Moody Clause: Moody is banned
|rule|Evasion Moves Clause: Evasion moves are banned
|rule|Endless Battle Clause: Forcing endless battles is banned
|rule|HP Percentage Mod: HP is shown in percentages
|clearpoke
|poke|p1|Arcanine, F
|poke|p1|Blastoise, F
|poke|p1|Shaymin
|poke|p1|Alakazam, M
|poke|p1|Liepard, F
|poke|p1|Mienshao, F
|poke|p2|Cloyster, F
|poke|p2|Tauros, M
|poke|p2|Golbat, F
|poke|p2|Lucario, M
|poke|p2|Umbreon, F
|poke|p2|Chandelure, F
|rule|Swagger Clause: Swagger is banned
|rule|Baton Pass Clause: Limit one PokÃ©mon knowing Baton Pass
|teampreview
|c|âThe Prosecutor|glhf
|c|âTry me Fry me|You too.
|c|âThe Prosecutor|thx
|
|start
|switch|p1a: Fighting.|Mienshao, F|271\/271
|switch|p2a: Golbat|Golbat, F|353\/353
|turn|1
|
|move|p1a: Fighting.|Fake Out|p2a: Golbat
|-damage|p2a: Golbat|317\/353
|-damage|p1a: Fighting.|244\/271|[from] item: Life Orb
|cant|p2a: Golbat|flinch
|
|turn|2
|
|move|p1a: Fighting.|U-turn|p2a: Golbat
|-resisted|p2a: Golbat
|-damage|p2a: Golbat|303\/353
|-damage|p1a: Fighting.|217\/271|[from] item: Life Orb
|
|switch|p1a: Fire.|Arcanine, F|373\/373
|-ability|p1a: Fire.|Intimidate|[of] p2a: Golbat
|-unboost|p2a: Golbat|atk|1
|move|p2a: Golbat|Brave Bird|p1a: Fire.
|-crit|p1a: Fire.
|-damage|p1a: Fire.|157\/373
|-damage|p2a: Golbat|232\/353|[from] recoil|[of] p1a: Fire.
|
|-heal|p1a: Fire.|180\/373|[from] item: Leftovers
|turn|3
|
|switch|p2a: Chandelure|Chandelure, F|261\/261
|move|p1a: Fire.|Morning Sun|p1a: Fire.
|-heal|p1a: Fire.|366\/373
|
|-heal|p1a: Fire.|373\/373|[from] item: Leftovers
|turn|4
|
|switch|p1a: Water.|Blastoise, F|362\/362
|move|p2a: Chandelure|Substitute|p2a: Chandelure
|-start|p2a: Chandelure|Substitute
|-damage|p2a: Chandelure|196\/261
|
|turn|5
|
|move|p2a: Chandelure|Shadow Ball|p1a: Water.
|-damage|p1a: Water.|167\/362
|-damage|p2a: Chandelure|170\/261|[from] item: Life Orb
|move|p1a: Water.|Scald|p2a: Chandelure
|-supereffective|p2a: Chandelure
|-end|p2a: Chandelure|Substitute
|
|-heal|p1a: Water.|189\/362|[from] item: Leftovers
|turn|6
|
|switch|p2a: Umbreon|Umbreon, F|394\/394
|move|p1a: Water.|Scald|p2a: Umbreon
|-damage|p2a: Umbreon|342\/394
|
|-heal|p1a: Water.|211\/362|[from] item: Leftovers
|-heal|p2a: Umbreon|366\/394|[from] item: Leftovers
|turn|7
|
|switch|p1a: Grass.|Shaymin|404\/404
|move|p2a: Umbreon|Wish|p2a: Umbreon
|
|-heal|p2a: Umbreon|390\/394|[from] item: Leftovers
|turn|8
|
|switch|p2a: Golbat|Golbat, F|232\/353
|move|p1a: Grass.|Seed Flare|p2a: Golbat
|-resisted|p2a: Golbat
|-damage|p2a: Golbat|181\/353
|-damage|p1a: Grass.|364\/404|[from] item: Life Orb
|
|-heal|p2a: Golbat|353\/353|[from] move: Wish|[wisher] Umbreon
|turn|9
|
|switch|p1a: Fire.|Arcanine, F|373\/373
|-ability|p1a: Fire.|Intimidate|[of] p2a: Golbat
|-unboost|p2a: Golbat|atk|1
|move|p2a: Golbat|Toxic|p1a: Fire.
|-status|p1a: Fire.|tox
|
|-damage|p1a: Fire.|350\/373 tox|[from] psn
|turn|10
|
|switch|p1a: Dark.|Liepard, F|269\/269
|switch|p2a: Umbreon|Umbreon, F|390\/394
|
|-heal|p2a: Umbreon|394\/394|[from] item: Leftovers
|turn|11
|
|move|p1a: Dark.|Substitute|p1a: Dark.
|-start|p1a: Dark.|Substitute
|-damage|p1a: Dark.|202\/269
|move|p2a: Umbreon|Foul Play|p1a: Dark.
|-resisted|p1a: Dark.
|-end|p1a: Dark.|Substitute
|
|-heal|p1a: Dark.|218\/269|[from] item: Leftovers
|turn|12
|
|switch|p1a: Fire.|Arcanine, F|350\/373 tox
|-ability|p1a: Fire.|Intimidate|[of] p2a: Umbreon
|-unboost|p2a: Umbreon|atk|1
|move|p2a: Umbreon|Foul Play|p1a: Fire.
|-damage|p1a: Fire.|211\/373 tox
|
|-heal|p1a: Fire.|234\/373 tox|[from] item: Leftovers
|-damage|p1a: Fire.|211\/373 tox|[from] psn
|turn|13
|
|switch|p2a: Chandelure|Chandelure, F|170\/261
|move|p1a: Fire.|Morning Sun|p1a: Fire.
|-heal|p1a: Fire.|373\/373 tox
|
|-damage|p1a: Fire.|327\/373 tox|[from] psn
|turn|14
|
|switch|p1a: Dark.|Liepard, F|218\/269
|move|p2a: Chandelure|Substitute|p2a: Chandelure
|-start|p2a: Chandelure|Substitute
|-damage|p2a: Chandelure|105\/261
|
|-heal|p1a: Dark.|234\/269|[from] item: Leftovers
|turn|15
|
|switch|p2a: Lucario|Lucario, M|281\/281
|move|p1a: Dark.|Substitute|p1a: Dark.
|-start|p1a: Dark.|Substitute
|-damage|p1a: Dark.|167\/269
|
|-heal|p1a: Dark.|183\/269|[from] item: Leftovers
|turn|16
|
|switch|p2a: Golbat|Golbat, F|353\/353
|move|p1a: Dark.|Hidden Power|p2a: Golbat
|-resisted|p2a: Golbat
|-damage|p2a: Golbat|342\/353
|
|-heal|p1a: Dark.|199\/269|[from] item: Leftovers
|turn|17
|
|move|p1a: Dark.|Nasty Plot|p1a: Dark.
|-boost|p1a: Dark.|spa|2
|move|p2a: Golbat|Brave Bird|p1a: Dark.
|-damage|p1a: Dark.|0 fnt
|-damage|p2a: Golbat|276\/353|[from] recoil|[of] p1a: Dark.
|faint|p1a: Dark.
|
|
|switch|p1a: Psychic.|Alakazam, M|252\/252
|turn|18
|
|switch|p2a: Umbreon|Umbreon, F|394\/394
|detailschange|p1a: Psychic.|Alakazam-Mega, M
|message|Alakazam has Mega Evolved into Mega Alakazam!
|-ability|p1a: Psychic.|Synchronize|[from] ability: Trace|[of] p2a: Umbreon
|move|p1a: Psychic.|Psyshock|p2a: Umbreon
|-immune|p2a: Umbreon|[msg]
|
|turn|19
|
|move|p1a: Psychic.|Dazzling Gleam|p2a: Umbreon
|-supereffective|p2a: Umbreon
|-damage|p2a: Umbreon|250\/394
|move|p2a: Umbreon|Foul Play|p1a: Psychic.
|-supereffective|p1a: Psychic.
|-damage|p1a: Psychic.|124\/252
|
|-heal|p2a: Umbreon|274\/394|[from] item: Leftovers
|turn|20
|
|switch|p1a: Fighting.|Mienshao, F|271\/271
|move|p2a: Umbreon|Wish|p2a: Umbreon
|
|-heal|p2a: Umbreon|298\/394|[from] item: Leftovers
|turn|21
|
|switch|p2a: Golbat|Golbat, F|276\/353
|move|p1a: Fighting.|Knock Off|p2a: Golbat
|-damage|p2a: Golbat|188\/353
|-enditem|p2a: Golbat|Eviolite|[from] move: Knock Off|[of] p1a: Fighting.
|-damage|p1a: Fighting.|244\/271|[from] item: Life Orb
|
|-heal|p2a: Golbat|353\/353|[from] move: Wish|[wisher] Umbreon
|turn|22
|
|move|p1a: Fighting.|U-turn|p2a: Golbat
|-resisted|p2a: Golbat
|-damage|p2a: Golbat|327\/353
|-damage|p1a: Fighting.|217\/271|[from] item: Life Orb
|
|switch|p1a: Water.|Blastoise, F|211\/362
|move|p2a: Golbat|Brave Bird|p1a: Water.
|-damage|p1a: Water.|126\/362
|-damage|p2a: Golbat|299\/353|[from] recoil|[of] p1a: Water.
|
|-heal|p1a: Water.|148\/362|[from] item: Leftovers
|turn|23
|
|switch|p1a: Fighting.|Mienshao, F|271\/271
|move|p2a: Golbat|Toxic|p1a: Fighting.
|-status|p1a: Fighting.|tox
|
|-damage|p1a: Fighting.|255\/271 tox|[from] psn
|turn|24
|
|move|p1a: Fighting.|Fake Out|p2a: Golbat
|-damage|p2a: Golbat|242\/353
|-damage|p1a: Fighting.|228\/271 tox|[from] item: Life Orb
|cant|p2a: Golbat|flinch
|
|-damage|p1a: Fighting.|196\/271 tox|[from] psn
|turn|25
|
|move|p1a: Fighting.|U-turn|p2a: Golbat
|-resisted|p2a: Golbat
|-damage|p2a: Golbat|217\/353
|-damage|p1a: Fighting.|169\/271 tox|[from] item: Life Orb
|
|switch|p1a: Fire.|Arcanine, F|327\/373 tox
|-ability|p1a: Fire.|Intimidate|[of] p2a: Golbat
|-unboost|p2a: Golbat|atk|1
|move|p2a: Golbat|Roost|p2a: Golbat
|-heal|p2a: Golbat|353\/353
|
|-heal|p1a: Fire.|350\/373 tox|[from] item: Leftovers
|-damage|p1a: Fire.|327\/373 tox|[from] psn
|turn|26
|-message|Try me Fry me forfeited.
|
|win|The Prosecutor
|raw|Ladder updating...
|leave|Try me Fry me
|player|p1
|raw|Try me Fry me's rating: 1342 &rarr; <strong>1326<\/strong><br \/>(-16 for losing)
|raw|The Prosecutor's rating: 1400 &rarr; <strong>1417<\/strong><br \/>(+17 for winning)