|join|The Prosecutor
|join|veveveve0
|player|p1|The Prosecutor|3
|player|p2|veveveve0|101
|gametype|singles
|gen|6
|tier|UU
|rated
|rule|Sleep Clause Mod: Limit one foe put to sleep
|rule|Species Clause: Limit one of each PokÃ©mon
|rule|OHKO Clause: OHKO moves are banned
|rule|Moody Clause: Moody is banned
|rule|Evasion Moves Clause: Evasion moves are banned
|rule|Endless Battle Clause: Forcing endless battles is banned
|rule|HP Percentage Mod: HP is shown in percentages
|clearpoke
|poke|p1|Cloyster, M
|poke|p1|Trevenant, M
|poke|p1|Krookodile, M
|poke|p1|Lucario, M
|poke|p1|Ampharos, F
|poke|p1|Crobat, F
|poke|p2|Blastoise, F
|poke|p2|Hydreigon, M
|poke|p2|Hippowdon, M
|poke|p2|Shaymin
|poke|p2|Entei, shiny
|poke|p2|Lucario, M
|rule|Swagger Clause: Swagger is banned
|rule|Baton Pass Clause: Limit one PokÃ©mon knowing Baton Pass
|teampreview
|c|âThe Prosecutor|glhf
|c|âveveveve0|glhf
|c|âThe Prosecutor|thx
|
|start
|switch|p1a: Sunburnt!|Krookodile, M|394\/394
|switch|p2a: Hippowdon|Hippowdon, M|420\/420
|-ability|p1a: Sunburnt!|Intimidate|[of] p2a: Hippowdon
|-unboost|p2a: Hippowdon|atk|1
|-weather|Sandstorm
|turn|1
|
|move|p1a: Sunburnt!|Taunt|p2a: Hippowdon
|-start|p2a: Hippowdon|move: Taunt
|cant|p2a: Hippowdon|move: Taunt|Stealth Rock
|
|-weather|Sandstorm|[upkeep]
|turn|2
|
|switch|p2a: Shaymin|Shaymin|404\/404
|move|p1a: Sunburnt!|Stealth Rock|p2a: Shaymin
|-sidestart|p2: veveveve0|move: Stealth Rock
|
|-weather|Sandstorm|[upkeep]
|-damage|p2a: Shaymin|379\/404|[from] sandstorm
|-heal|p2a: Shaymin|404\/404|[from] item: Leftovers
|turn|3
|
|switch|p1a: Probat|Crobat, F|311\/311
|move|p2a: Shaymin|Seed Flare|p1a: Probat
|-resisted|p1a: Probat
|-damage|p1a: Probat|257\/311
|
|-weather|Sandstorm|[upkeep]
|-damage|p1a: Probat|238\/311|[from] sandstorm
|-damage|p2a: Shaymin|379\/404|[from] sandstorm
|-heal|p1a: Probat|257\/311|[from] item: Black Sludge
|-heal|p2a: Shaymin|404\/404|[from] item: Leftovers
|turn|4
|
|switch|p2a: Entei|Entei, shiny|372\/372
|-damage|p2a: Entei|279\/372|[from] Stealth Rock
|-ability|p2a: Entei|Pressure
|move|p1a: Probat|U-turn|p2a: Entei
|-resisted|p2a: Entei
|-damage|p2a: Entei|240\/372
|
|switch|p1a: Sunburnt!|Krookodile, M|394\/394
|-ability|p1a: Sunburnt!|Intimidate|[of] p2a: Entei
|-unboost|p2a: Entei|atk|1
|
|-weather|Sandstorm|[upkeep]
|-damage|p2a: Entei|217\/372|[from] sandstorm
|turn|5
|
|move|p2a: Entei|Sacred Fire|p1a: Sunburnt!
|-damage|p1a: Sunburnt!|232\/394
|-status|p1a: Sunburnt!|brn
|move|p1a: Sunburnt!|Knock Off|p2a: Entei
|-damage|p2a: Entei|145\/372
|-enditem|p2a: Entei|Choice Band|[from] move: Knock Off|[of] p1a: Sunburnt!
|
|-weather|none
|-heal|p1a: Sunburnt!|256\/394 brn|[from] item: Leftovers
|-damage|p1a: Sunburnt!|207\/394 brn|[from] brn
|turn|6
|
|switch|p2a: Blastoise|Blastoise, F|362\/362
|-damage|p2a: Blastoise|317\/362|[from] Stealth Rock
|move|p1a: Sunburnt!|Earthquake|p2a: Blastoise
|-crit|p2a: Blastoise
|-damage|p2a: Blastoise|223\/362
|
|-heal|p1a: Sunburnt!|231\/394 brn|[from] item: Leftovers
|-damage|p1a: Sunburnt!|182\/394 brn|[from] brn
|turn|7
|
|switch|p1a: Sudowoodo 2.0|Trevenant, M|311\/311
|detailschange|p2a: Blastoise|Blastoise-Mega, F
|message|Blastoise has Mega Evolved into Mega Blastoise!
|move|p2a: Blastoise|Dark Pulse|p1a: Sudowoodo 2.0
|-supereffective|p1a: Sudowoodo 2.0
|-damage|p1a: Sudowoodo 2.0|0 fnt
|faint|p1a: Sudowoodo 2.0
|
|
|switch|p1a: Megampharos|Ampharos, F|384\/384
|turn|8
|
|detailschange|p1a: Megampharos|Ampharos-Mega, F
|message|Ampharos has Mega Evolved into Mega Ampharos!
|-ability|p1a: Megampharos|Mold Breaker
|move|p2a: Blastoise|Rapid Spin|p1a: Megampharos
|-damage|p1a: Megampharos|370\/384
|-sideend|p2: veveveve0|Stealth Rock|[from] move: Rapid Spin|[of] p2a: Blastoise
|move|p1a: Megampharos|Volt Switch|p2a: Blastoise
|-supereffective|p2a: Blastoise
|-damage|p2a: Blastoise|0 fnt
|faint|p2a: Blastoise
|
|switch|p1a: Probat|Crobat, F|257\/311
|
|-heal|p1a: Probat|276\/311|[from] item: Black Sludge
|
|switch|p2a: Hippowdon|Hippowdon, M|420\/420
|-weather|Sandstorm
|turn|9
|
|move|p1a: Probat|U-turn|p2a: Hippowdon
|-damage|p2a: Hippowdon|363\/420
|
|switch|p1a: The Black Pearl|Cloyster, M|241\/241
|move|p2a: Hippowdon|Stealth Rock|p1a: The Black Pearl
|-sidestart|p1: The Prosecutor|move: Stealth Rock
|
|-weather|Sandstorm|[upkeep]
|-damage|p1a: The Black Pearl|226\/241|[from] sandstorm
|-heal|p2a: Hippowdon|389\/420|[from] item: Leftovers
|turn|10
|
|move|p1a: The Black Pearl|Hydro Pump|p2a: Hippowdon|[miss]
|-miss|p1a: The Black Pearl|p2a: Hippowdon
|move|p2a: Hippowdon|Whirlwind|p1a: The Black Pearl
|drag|p1a: Megampharos|Ampharos-Mega, F|370\/384
|-damage|p1a: Megampharos|322\/384|[from] Stealth Rock
|-ability|p1a: Megampharos|Mold Breaker
|
|-weather|Sandstorm|[upkeep]
|-damage|p1a: Megampharos|298\/384|[from] sandstorm
|-heal|p2a: Hippowdon|415\/420|[from] item: Leftovers
|turn|11
|c|âThe Prosecutor|awh
|
|switch|p1a: Probat|Crobat, F|276\/311
|-damage|p1a: Probat|199\/311|[from] Stealth Rock
|move|p2a: Hippowdon|Earthquake|p1a: Probat
|-immune|p1a: Probat|[msg]
|
|-weather|Sandstorm|[upkeep]
|-damage|p1a: Probat|180\/311|[from] sandstorm
|-heal|p1a: Probat|199\/311|[from] item: Black Sludge
|-heal|p2a: Hippowdon|420\/420|[from] item: Leftovers
|turn|12
|
|move|p1a: Probat|Defog|p2a: Hippowdon
|-unboost|p2a: Hippowdon|evasion|1
|-sideend|p1: The Prosecutor|Stealth Rock|[from] move: Defog|[of] p1a: Probat
|move|p2a: Hippowdon|Slack Off|p2a: Hippowdon
|-fail|p2a: Hippowdon
|
|-weather|Sandstorm|[upkeep]
|-damage|p1a: Probat|180\/311|[from] sandstorm
|-heal|p1a: Probat|199\/311|[from] item: Black Sludge
|turn|13
|
|move|p1a: Probat|U-turn|p2a: Hippowdon
|-damage|p2a: Hippowdon|367\/420
|
|switch|p1a: The Black Pearl|Cloyster, M|226\/241
|move|p2a: Hippowdon|Stealth Rock|p1a: The Black Pearl
|-sidestart|p1: The Prosecutor|move: Stealth Rock
|
|-weather|none
|-heal|p2a: Hippowdon|393\/420|[from] item: Leftovers
|turn|14
|
|switch|p2a: Shaymin|Shaymin|404\/404
|move|p1a: The Black Pearl|Icicle Spear|p2a: Shaymin
|-supereffective|p2a: Shaymin
|-damage|p2a: Shaymin|324\/404
|-supereffective|p2a: Shaymin
|-damage|p2a: Shaymin|240\/404
|-supereffective|p2a: Shaymin
|-damage|p2a: Shaymin|160\/404
|-supereffective|p2a: Shaymin
|-damage|p2a: Shaymin|80\/404
|-supereffective|p2a: Shaymin
|-damage|p2a: Shaymin|2\/404
|-hitcount|p2a: Shaymin|5
|
|-heal|p2a: Shaymin|27\/404|[from] item: Leftovers
|turn|15
|
|switch|p1a: Probat|Crobat, F|199\/311
|-damage|p1a: Probat|122\/311|[from] Stealth Rock
|move|p2a: Shaymin|Seed Flare|p1a: Probat|[miss]
|-miss|p2a: Shaymin|p1a: Probat
|
|-heal|p1a: Probat|141\/311|[from] item: Black Sludge
|-heal|p2a: Shaymin|52\/404|[from] item: Leftovers
|turn|16
|
|move|p1a: Probat|Defog|p2a: Shaymin
|-unboost|p2a: Shaymin|evasion|1
|-sideend|p1: The Prosecutor|Stealth Rock|[from] move: Defog|[of] p1a: Probat
|move|p2a: Shaymin|Leech Seed|p1a: Probat
|-start|p1a: Probat|move: Leech Seed
|
|-heal|p1a: Probat|160\/311|[from] item: Black Sludge
|-heal|p2a: Shaymin|77\/404|[from] item: Leftovers
|-damage|p1a: Probat|122\/311|[from] Leech Seed|[of] p2a: Shaymin
|-heal|p2a: Shaymin|115\/404|[silent]
|turn|17
|
|move|p1a: Probat|U-turn|p2a: Shaymin
|-supereffective|p2a: Shaymin
|-damage|p2a: Shaymin|0 fnt
|faint|p2a: Shaymin
|
|switch|p1a: Sunburnt!|Krookodile, M|182\/394 brn
|
|-heal|p1a: Sunburnt!|206\/394 brn|[from] item: Leftovers
|-damage|p1a: Sunburnt!|157\/394 brn|[from] brn
|
|switch|p2a: Hydreigon|Hydreigon, M|325\/325
|turn|18
|
|move|p2a: Hydreigon|Earth Power|p1a: Sunburnt!
|-damage|p1a: Sunburnt!|25\/394 brn
|move|p1a: Sunburnt!|Stealth Rock|p2a: Hydreigon
|-sidestart|p2: veveveve0|move: Stealth Rock
|
|-heal|p1a: Sunburnt!|49\/394 brn|[from] item: Leftovers
|-damage|p1a: Sunburnt!|0 fnt|[from] brn
|faint|p1a: Sunburnt!
|
|switch|p1a: Probat|Crobat, F|122\/311
|turn|19
|
|switch|p2a: Hippowdon|Hippowdon, M|393\/420
|-damage|p2a: Hippowdon|367\/420|[from] Stealth Rock
|-weather|Sandstorm
|move|p1a: Probat|U-turn|p2a: Hippowdon
|-crit|p2a: Hippowdon
|-damage|p2a: Hippowdon|277\/420
|
|switch|p1a: The Black Pearl|Cloyster, M|226\/241
|
|-weather|Sandstorm|[upkeep]
|-damage|p1a: The Black Pearl|211\/241|[from] sandstorm
|-heal|p2a: Hippowdon|303\/420|[from] item: Leftovers
|turn|20
|
|move|p1a: The Black Pearl|Icicle Spear|p2a: Hippowdon
|-supereffective|p2a: Hippowdon
|-damage|p2a: Hippowdon|231\/420
|-supereffective|p2a: Hippowdon
|-damage|p2a: Hippowdon|159\/420
|-supereffective|p2a: Hippowdon
|-damage|p2a: Hippowdon|87\/420
|-supereffective|p2a: Hippowdon
|-damage|p2a: Hippowdon|21\/420
|-supereffective|p2a: Hippowdon
|-damage|p2a: Hippowdon|0 fnt
|-hitcount|p2a: Hippowdon|5
|faint|p2a: Hippowdon
|
|-weather|Sandstorm|[upkeep]
|-damage|p1a: The Black Pearl|196\/241|[from] sandstorm
|
|switch|p2a: Lucario|Lucario, M|281\/281
|-damage|p2a: Lucario|273\/281|[from] Stealth Rock
|turn|21
|
|move|p2a: Lucario|Swords Dance|p2a: Lucario
|-boost|p2a: Lucario|atk|2
|move|p1a: The Black Pearl|Hydro Pump|p2a: Lucario|[miss]
|-miss|p1a: The Black Pearl|p2a: Lucario
|
|-weather|Sandstorm|[upkeep]
|-damage|p1a: The Black Pearl|181\/241|[from] sandstorm
|turn|22
|c|âThe Prosecutor|not again
|
|move|p2a: Lucario|Close Combat|p1a: The Black Pearl
|-supereffective|p1a: The Black Pearl
|-damage|p1a: The Black Pearl|0 fnt
|-unboost|p2a: Lucario|def|1
|-unboost|p2a: Lucario|spd|1
|-damage|p2a: Lucario|245\/281|[from] item: Life Orb
|faint|p1a: The Black Pearl
|
|-weather|Sandstorm|[upkeep]
|c|âThe Prosecutor|:(
|c|âveveveve0|yeah sorry
|c|âThe Prosecutor|that may have broken the game
|
|switch|p1a: Probat|Crobat, F|122\/311
|turn|23
|
|move|p2a: Lucario|Extreme Speed|p1a: Probat
|-damage|p1a: Probat|0 fnt
|-damage|p2a: Lucario|217\/281|[from] item: Life Orb
|faint|p1a: Probat
|
|-weather|none
|
|switch|p1a: Brawl|Lucario, M|281\/281
|turn|24
|c|âveveveve0|quite likely
|
|move|p1a: Brawl|Close Combat|p2a: Lucario
|-supereffective|p2a: Lucario
|-damage|p2a: Lucario|0 fnt
|-unboost|p1a: Brawl|def|1
|-unboost|p1a: Brawl|spd|1
|-damage|p1a: Brawl|253\/281|[from] item: Life Orb
|faint|p2a: Lucario
|
|c|âThe Prosecutor|or not :O
|c|âveveveve0|adamant?
|c|âThe Prosecutor|no, I think Im jolly
|
|switch|p2a: Hydreigon|Hydreigon, M|325\/325
|-damage|p2a: Hydreigon|285\/325|[from] Stealth Rock
|turn|25
|c|âveveveve0|ahhh
|
|move|p1a: Brawl|Extreme Speed|p2a: Hydreigon
|-damage|p2a: Hydreigon|160\/325
|-damage|p1a: Brawl|225\/281|[from] item: Life Orb
|move|p2a: Hydreigon|Earth Power|p1a: Brawl
|-supereffective|p1a: Brawl
|-damage|p1a: Brawl|0 fnt
|faint|p1a: Brawl
|
|
|switch|p1a: Megampharos|Ampharos-Mega, F|298\/384
|-ability|p1a: Megampharos|Mold Breaker
|turn|26
|
|move|p2a: Hydreigon|Earth Power|p1a: Megampharos
|-supereffective|p1a: Megampharos
|-damage|p1a: Megampharos|135\/384
|move|p1a: Megampharos|Dragon Pulse|p2a: Hydreigon
|-supereffective|p2a: Hydreigon
|-damage|p2a: Hydreigon|0 fnt
|faint|p2a: Hydreigon
|
|
|switch|p2a: Entei|Entei, shiny|145\/372
|-damage|p2a: Entei|52\/372|[from] Stealth Rock
|-ability|p2a: Entei|Pressure
|turn|27
|c|âveveveve0|hmm
|
|move|p2a: Entei|Extreme Speed|p1a: Megampharos
|-damage|p1a: Megampharos|50\/384
|move|p1a: Megampharos|Dragon Pulse|p2a: Entei
|-damage|p2a: Entei|0 fnt
|faint|p2a: Entei
|
|win|The Prosecutor
|raw|Ladder updating...
|raw|The Prosecutor's rating: 1403 &rarr; <strong>1430<\/strong><br \/>(+27 for winning)
|raw|veveveve0's rating: 1541 &rarr; <strong>1514<\/strong><br \/>(-27 for losing)
|c|âThe Prosecutor|gg
|c|âveveveve0|ooh
|c|âveveveve0|bulky
|c|âveveveve0|gg
|c|âThe Prosecutor|max hp and sp def
|c|âThe Prosecutor|to Close
|c|âThe Prosecutor|too
|c|âThe Prosecutor|*
|leave|veveveve0
|player|p2