|join|The Prosecutor
|join|Yung Drake
|player|p1|The Prosecutor|110
|player|p2|Yung Drake|262
|gametype|singles
|gen|6
|tier|UU
|rated
|rule|Sleep Clause Mod: Limit one foe put to sleep
|rule|Species Clause: Limit one of each PokÃ©mon
|rule|OHKO Clause: OHKO moves are banned
|rule|Moody Clause: Moody is banned
|rule|Evasion Moves Clause: Evasion moves are banned
|rule|Endless Battle Clause: Forcing endless battles is banned
|rule|HP Percentage Mod: HP is shown in percentages
|clearpoke
|poke|p1|Cloyster, F
|poke|p1|Trevenant, F
|poke|p1|Krookodile, F
|poke|p1|Lucario, F
|poke|p1|Ampharos, F
|poke|p1|Crobat, M
|poke|p2|Krookodile, M
|poke|p2|Trevenant, M
|poke|p2|Gothitelle, F
|poke|p2|Empoleon, M
|poke|p2|Rotom-Heat
|poke|p2|Mienshao, M
|rule|Swagger Clause: Swagger is banned
|rule|Baton Pass Clause: Limit one PokÃ©mon knowing Baton Pass
|teampreview
|chat|The Prosecutor|glhf
|chat|Yung Drake|u2
|chat|The Prosecutor|thx
|
|start
|switch|p1a: Ampharos|Ampharos, F|384\/384
|switch|p2a: Jackie Chun|Mienshao, M|271\/271
|turn|1
|chat|The Prosecutor|that team reminds me much about pyrotoz
|
|detailschange|p1a: Ampharos|Ampharos-Mega, F
|message|Ampharos has Mega Evolved into Mega Ampharos!
|-ability|p1a: Ampharos|Mold Breaker
|move|p2a: Jackie Chun|Fake Out|p1a: Ampharos
|-damage|p1a: Ampharos|322\/384
|-damage|p2a: Jackie Chun|244\/271|[from] item: Life Orb
|cant|p1a: Ampharos|flinch
|
|turn|2
|
|switch|p1a: Trevenant|Trevenant, F|311\/311
|move|p2a: Jackie Chun|U-turn|p1a: Trevenant
|-damage|p1a: Trevenant|178\/311
|-damage|p2a: Jackie Chun|217\/271|[from] item: Life Orb
|
|switch|p2a: Gordan Ramsey|Rotom-Heat|241\/241
|
|turn|3
|
|switch|p1a: Ampharos|Ampharos-Mega, F|322\/384
|-ability|p1a: Ampharos|Mold Breaker
|move|p2a: Gordan Ramsey|Overheat|p1a: Ampharos
|-resisted|p1a: Ampharos
|-damage|p1a: Ampharos|258\/384
|-unboost|p2a: Gordan Ramsey|spa|2
|
|turn|4
|
|switch|p2a: Grimlock|Krookodile, M|332\/332
|move|p1a: Ampharos|Dragon Pulse|p2a: Grimlock
|-damage|p2a: Grimlock|200\/332
|
|turn|5
|chat|The Prosecutor|yup
|
|switch|p1a: Krookodile|Krookodile, F|394\/394
|-ability|p1a: Krookodile|Intimidate|[of] p2a: Grimlock
|-unboost|p2a: Grimlock|atk|1
|move|p2a: Grimlock|Earthquake|p1a: Krookodile
|-damage|p1a: Krookodile|294\/394
|
|-heal|p1a: Krookodile|318\/394|[from] item: Leftovers
|turn|6
|
|switch|p2a: Jackie Chun|Mienshao, M|271\/271
|move|p1a: Krookodile|Earthquake|p2a: Jackie Chun
|-damage|p2a: Jackie Chun|72\/271
|
|-heal|p1a: Krookodile|342\/394|[from] item: Leftovers
|turn|7
|
|switch|p1a: Crobat|Crobat, M|311\/311
|move|p2a: Jackie Chun|Fake Out|p1a: Crobat
|-damage|p1a: Crobat|245\/311
|-damage|p2a: Jackie Chun|45\/271|[from] item: Life Orb
|
|-heal|p1a: Crobat|264\/311|[from] item: Black Sludge
|turn|8
|
|switch|p2a: Gordan Ramsey|Rotom-Heat|241\/241
|move|p1a: Crobat|U-turn|p2a: Gordan Ramsey
|-resisted|p2a: Gordan Ramsey
|-damage|p2a: Gordan Ramsey|211\/241
|
|switch|p1a: Ampharos|Ampharos-Mega, F|258\/384
|-ability|p1a: Ampharos|Mold Breaker
|
|turn|9
|
|move|p2a: Gordan Ramsey|Volt Switch|p1a: Ampharos
|-resisted|p1a: Ampharos
|-damage|p1a: Ampharos|239\/384
|
|switch|p2a: Luke Skywalker|Empoleon, M|372\/372
|move|p1a: Ampharos|Dragon Pulse|p2a: Luke Skywalker
|-resisted|p2a: Luke Skywalker
|-damage|p2a: Luke Skywalker|300\/372
|
|-heal|p2a: Luke Skywalker|323\/372|[from] item: Leftovers
|turn|10
|
|move|p2a: Luke Skywalker|Ice Beam|p1a: Ampharos
|-crit|p1a: Ampharos
|-supereffective|p1a: Ampharos
|-damage|p1a: Ampharos|85\/384
|move|p1a: Ampharos|Volt Switch|p2a: Luke Skywalker
|-supereffective|p2a: Luke Skywalker
|-damage|p2a: Luke Skywalker|59\/372
|
|switch|p1a: Lucario|Lucario, F|281\/281
|
|-heal|p2a: Luke Skywalker|82\/372|[from] item: Leftovers
|turn|11
|
|switch|p2a: Trevenant|Trevenant, M|374\/374
|move|p1a: Lucario|Crunch|p2a: Trevenant
|-supereffective|p2a: Trevenant
|-damage|p2a: Trevenant|117\/374
|-damage|p1a: Lucario|253\/281|[from] item: Life Orb
|-enditem|p2a: Trevenant|Sitrus Berry|[eat]
|-heal|p2a: Trevenant|210\/374|[from] item: Sitrus Berry
|
|turn|12
|
|switch|p2a: Gordan Ramsey|Rotom-Heat|211\/241
|move|p1a: Lucario|Crunch|p2a: Gordan Ramsey
|-damage|p2a: Gordan Ramsey|103\/241
|-damage|p1a: Lucario|225\/281|[from] item: Life Orb
|
|turn|13
|
|move|p1a: Lucario|Extreme Speed|p2a: Gordan Ramsey
|-damage|p2a: Gordan Ramsey|2\/241
|-damage|p1a: Lucario|197\/281|[from] item: Life Orb
|move|p2a: Gordan Ramsey|Overheat|p1a: Lucario
|-supereffective|p1a: Lucario
|-damage|p1a: Lucario|0 fnt
|-unboost|p2a: Gordan Ramsey|spa|2
|faint|p1a: Lucario
|
|chat|The Prosecutor|awh
|chat|The Prosecutor|dat max\/min
|
|switch|p1a: Ampharos|Ampharos-Mega, F|85\/384
|-ability|p1a: Ampharos|Mold Breaker
|turn|14
|
|switch|p2a: Grimlock|Krookodile, M|200\/332
|move|p1a: Ampharos|Rest|p1a: Ampharos
|-status|p1a: Ampharos|slp
|-heal|p1a: Ampharos|384\/384 slp|[silent]
|-status|p1a: Ampharos|slp|[from] move: Rest
|
|turn|15
|
|switch|p1a: Crobat|Crobat, M|264\/311
|move|p2a: Grimlock|Earthquake|p1a: Crobat
|-immune|p1a: Crobat|[msg]
|
|-heal|p1a: Crobat|283\/311|[from] item: Black Sludge
|turn|16
|
|move|p1a: Crobat|Brave Bird|p2a: Grimlock
|-damage|p2a: Grimlock|0 fnt
|-damage|p1a: Crobat|217\/311|[from] recoil|[of] p2a: Grimlock
|faint|p2a: Grimlock
|
|-heal|p1a: Crobat|236\/311|[from] item: Black Sludge
|
|switch|p2a: Gordan Ramsey|Rotom-Heat|2\/241
|turn|17
|
|switch|p1a: Krookodile|Krookodile, F|342\/394
|-ability|p1a: Krookodile|Intimidate|[of] p2a: Gordan Ramsey
|-unboost|p2a: Gordan Ramsey|atk|1
|move|p2a: Gordan Ramsey|Overheat|p1a: Krookodile
|-damage|p1a: Krookodile|80\/394
|-unboost|p2a: Gordan Ramsey|spa|2
|
|-heal|p1a: Krookodile|104\/394|[from] item: Leftovers
|turn|18
|
|switch|p1a: Ampharos|Ampharos-Mega, F|384\/384 slp
|-ability|p1a: Ampharos|Mold Breaker
|move|p2a: Gordan Ramsey|Overheat|p1a: Ampharos
|-resisted|p1a: Ampharos
|-damage|p1a: Ampharos|348\/384 slp
|-unboost|p2a: Gordan Ramsey|spa|2
|
|turn|19
|
|switch|p2a: Trevenant|Trevenant, M|210\/374
|cant|p1a: Ampharos|slp
|move|p1a: Ampharos|Sleep Talk|p1a: Ampharos
|move|p1a: Ampharos|Volt Switch|p2a: Trevenant|[from]Sleep Talk
|-resisted|p2a: Trevenant
|-damage|p2a: Trevenant|161\/374
|
|switch|p1a: Crobat|Crobat, M|236\/311
|
|-heal|p1a: Crobat|255\/311|[from] item: Black Sludge
|turn|20
|
|switch|p2a: Luke Skywalker|Empoleon, M|82\/372
|move|p1a: Crobat|Brave Bird|p2a: Luke Skywalker
|-resisted|p2a: Luke Skywalker
|-damage|p2a: Luke Skywalker|19\/372
|-damage|p1a: Crobat|234\/311|[from] recoil|[of] p2a: Luke Skywalker
|
|-heal|p1a: Crobat|253\/311|[from] item: Black Sludge
|-heal|p2a: Luke Skywalker|42\/372|[from] item: Leftovers
|turn|21
|
|move|p1a: Crobat|Brave Bird|p2a: Luke Skywalker
|-resisted|p2a: Luke Skywalker
|-damage|p2a: Luke Skywalker|0 fnt
|-damage|p1a: Crobat|239\/311|[from] recoil|[of] p2a: Luke Skywalker
|faint|p2a: Luke Skywalker
|
|-heal|p1a: Crobat|258\/311|[from] item: Black Sludge
|
|switch|p2a: Jackie Chun|Mienshao, M|135\/271
|turn|22
|
|move|p2a: Jackie Chun|Fake Out|p1a: Crobat
|-damage|p1a: Crobat|189\/311
|-damage|p2a: Jackie Chun|108\/271|[from] item: Life Orb
|cant|p1a: Crobat|flinch
|
|-heal|p1a: Crobat|208\/311|[from] item: Black Sludge
|turn|23
|
|switch|p2a: Gothic Lesbian|Gothitelle, F|344\/344
|move|p1a: Crobat|Brave Bird|p2a: Gothic Lesbian
|-damage|p2a: Gothic Lesbian|182\/344
|-damage|p1a: Crobat|155\/311|[from] recoil|[of] p2a: Gothic Lesbian
|
|-heal|p1a: Crobat|174\/311|[from] item: Black Sludge
|turn|24
|
|move|p1a: Crobat|U-turn|p2a: Gothic Lesbian
|-supereffective|p2a: Gothic Lesbian
|-damage|p2a: Gothic Lesbian|42\/344
|
|switch|p1a: Krookodile|Krookodile, F|104\/394
|-ability|p1a: Krookodile|Intimidate|[of] p2a: Gothic Lesbian
|-unboost|p2a: Gothic Lesbian|atk|1
|-boost|p2a: Gothic Lesbian|spa|2|[from] ability: Competitive
|move|p2a: Gothic Lesbian|Psyshock|p1a: Krookodile
|-immune|p1a: Krookodile|[msg]
|
|-heal|p1a: Krookodile|128\/394|[from] item: Leftovers
|turn|25
|
|switch|p2a: Jackie Chun|Mienshao, M|198\/271
|move|p1a: Krookodile|Knock Off|p2a: Jackie Chun
|-resisted|p2a: Jackie Chun
|-damage|p2a: Jackie Chun|101\/271
|-enditem|p2a: Jackie Chun|Life Orb|[from] move: Knock Off|[of] p1a: Krookodile
|
|-heal|p1a: Krookodile|152\/394|[from] item: Leftovers
|turn|26
|
|move|p2a: Jackie Chun|Fake Out|p1a: Krookodile
|-damage|p1a: Krookodile|116\/394
|cant|p1a: Krookodile|flinch
|
|-heal|p1a: Krookodile|140\/394|[from] item: Leftovers
|turn|27
|
|move|p2a: Jackie Chun|U-turn|p1a: Krookodile
|-crit|p1a: Krookodile
|-supereffective|p1a: Krookodile
|-damage|p1a: Krookodile|0 fnt
|faint|p1a: Krookodile
|
|switch|p2a: Gordan Ramsey|Rotom-Heat|2\/241
|
|
|switch|p1a: Ampharos|Ampharos-Mega, F|348\/384 slp
|-ability|p1a: Ampharos|Mold Breaker
|turn|28
|
|move|p2a: Gordan Ramsey|Volt Switch|p1a: Ampharos
|-resisted|p1a: Ampharos
|-damage|p1a: Ampharos|330\/384 slp
|
|switch|p2a: Gothic Lesbian|Gothitelle, F|42\/344
|cant|p1a: Ampharos|slp
|move|p1a: Ampharos|Sleep Talk|p1a: Ampharos
|move|p1a: Ampharos|Rest|p1a: Ampharos|[from]Sleep Talk
|-fail|p1a: Ampharos
|
|turn|29
|
|move|p2a: Gothic Lesbian|Psyshock|p1a: Ampharos
|-damage|p1a: Ampharos|137\/384 slp
|-curestatus|p1a: Ampharos|slp
|move|p1a: Ampharos|Volt Switch|p2a: Gothic Lesbian
|-crit|p2a: Gothic Lesbian
|-damage|p2a: Gothic Lesbian|0 fnt
|faint|p2a: Gothic Lesbian
|
|switch|p1a: Trevenant|Trevenant, F|178\/311
|
|
|switch|p2a: Jackie Chun|Mienshao, M|191\/271
|turn|30
|
|move|p2a: Jackie Chun|Poison Jab|p1a: Trevenant
|-damage|p1a: Trevenant|52\/311
|-status|p1a: Trevenant|psn
|-enditem|p1a: Trevenant|Sitrus Berry|[eat]
|-heal|p1a: Trevenant|129\/311 psn|[from] item: Sitrus Berry
|move|p1a: Trevenant|Wood Hammer|p2a: Jackie Chun
|-damage|p2a: Jackie Chun|0 fnt
|-damage|p1a: Trevenant|66\/311 psn|[from] recoil|[of] p2a: Jackie Chun
|faint|p2a: Jackie Chun
|
|-damage|p1a: Trevenant|28\/311 psn|[from] psn
|
|switch|p2a: Gordan Ramsey|Rotom-Heat|2\/241
|turn|31
|
|move|p2a: Gordan Ramsey|Volt Switch|p1a: Trevenant
|-resisted|p1a: Trevenant
|-damage|p1a: Trevenant|0 fnt
|faint|p1a: Trevenant
|
|switch|p2a: Trevenant|Trevenant, M|161\/374
|
|
|switch|p1a: Cloyster|Cloyster, F|241\/241
|turn|32
|
|move|p1a: Cloyster|Shell Smash|p1a: Cloyster
|-boost|p1a: Cloyster|atk|2
|-boost|p1a: Cloyster|spa|2
|-boost|p1a: Cloyster|spe|2
|-unboost|p1a: Cloyster|def|1
|-unboost|p1a: Cloyster|spd|1
|move|p2a: Trevenant|Horn Leech|p1a: Cloyster
|-supereffective|p1a: Cloyster
|-damage|p1a: Cloyster|53\/241
|-heal|p2a: Trevenant|255\/374|[from] drain|[of] p1a: Cloyster
|
|turn|33
|
|move|p1a: Cloyster|Icicle Spear|p2a: Trevenant
|-supereffective|p2a: Trevenant
|-damage|p2a: Trevenant|63\/374
|-supereffective|p2a: Trevenant
|-damage|p2a: Trevenant|0 fnt
|-hitcount|p2a: Trevenant|2
|faint|p2a: Trevenant
|
|
|switch|p2a: Gordan Ramsey|Rotom-Heat|2\/241
|turn|34
|
|move|p1a: Cloyster|Icicle Spear|p2a: Gordan Ramsey
|-resisted|p2a: Gordan Ramsey
|-damage|p2a: Gordan Ramsey|0 fnt
|-hitcount|p2a: Gordan Ramsey|1
|faint|p2a: Gordan Ramsey
|
|win|The Prosecutor
|raw|Ladder updating...
|raw|The Prosecutor's rating: 1223 &rarr; <strong>1251<\/strong><br \/>(+28 for winning)
|raw|Yung Drake's rating: 1259 &rarr; <strong>1232<\/strong><br \/>(-27 for losing)
|chat|The Prosecutor|gg
|chat|Yung Drake|gg