|join|The Prosecutor
|join|A1d0g
|player|p1|The Prosecutor|3
|player|p2|A1d0g|294
|gametype|singles
|gen|6
|tier|UU
|rated
|rule|Sleep Clause Mod: Limit one foe put to sleep
|rule|Species Clause: Limit one of each PokÃ©mon
|rule|OHKO Clause: OHKO moves are banned
|rule|Moody Clause: Moody is banned
|rule|Evasion Moves Clause: Evasion moves are banned
|rule|Endless Battle Clause: Forcing endless battles is banned
|rule|HP Percentage Mod: HP is shown in percentages
|clearpoke
|poke|p1|Porygon-Z
|poke|p1|Honchkrow, F
|poke|p1|Galvantula, F
|poke|p1|Zygarde
|poke|p1|Chandelure, F
|poke|p1|Tentacruel, F
|poke|p2|Froslass, F, shiny
|poke|p2|Honchkrow, M, shiny
|poke|p2|Blastoise, M
|poke|p2|Nidoking, M
|poke|p2|Porygon-Z
|poke|p2|Mienshao, F
|rule|Swagger Clause: Swagger is banned
|rule|Baton Pass Clause: Limit one PokÃ©mon knowing Baton Pass
|teampreview
|c|âThe Prosecutor|glhf
|
|start
|switch|p1a: Ep038|Porygon-Z|311\/311
|switch|p2a: Bitch|Froslass, F, shiny|344\/344
|turn|1
|
|move|p1a: Ep038|Dark Pulse|p2a: Bitch
|-supereffective|p2a: Bitch
|-damage|p2a: Bitch|96\/344
|-start|p1a: Ep038|Disable|Dark Pulse
|move|p2a: Bitch|Icy Wind|p1a: Ep038
|-damage|p1a: Ep038|244\/311
|-unboost|p1a: Ep038|spe|1
|
|turn|2
|
|switch|p1a: Tentacruel|Tentacruel, F|364\/364
|move|p2a: Bitch|Icy Wind|p1a: Tentacruel
|-resisted|p1a: Tentacruel
|-damage|p1a: Tentacruel|343\/364
|
|-heal|p1a: Tentacruel|364\/364|[from] item: Black Sludge
|turn|3
|
|move|p2a: Bitch|Spikes|p1a: Tentacruel
|-sidestart|p1: The Prosecutor|Spikes
|move|p1a: Tentacruel|Scald|p2a: Bitch
|-damage|p2a: Bitch|0 fnt
|faint|p2a: Bitch
|
|
|switch|p2a: Smell Yah Later|Nidoking, M|303\/303
|turn|4
|c|âThe Prosecutor|lol, I get it
|c|âA1d0g|;)
|
|move|p2a: Smell Yah Later|Earth Power|p1a: Tentacruel
|-supereffective|p1a: Tentacruel
|-damage|p1a: Tentacruel|29\/364
|move|p1a: Tentacruel|Scald|p2a: Smell Yah Later
|-supereffective|p2a: Smell Yah Later
|-damage|p2a: Smell Yah Later|91\/303
|
|-heal|p1a: Tentacruel|51\/364|[from] item: Black Sludge
|turn|5
|
|move|p2a: Smell Yah Later|Sludge Wave|p1a: Tentacruel
|-crit|p1a: Tentacruel
|-resisted|p1a: Tentacruel
|-damage|p1a: Tentacruel|0 fnt
|faint|p1a: Tentacruel
|
|
|switch|p1a: Ep038|Porygon-Z|244\/311
|-damage|p1a: Ep038|206\/311|[from] Spikes
|turn|6
|
|switch|p2a: Arm Cannons|Blastoise, M|358\/358
|move|p1a: Ep038|Tri Attack|p2a: Arm Cannons
|-damage|p2a: Arm Cannons|186\/358
|
|turn|7
|
|switch|p1a: Buzz Lightyear|Galvantula, F|281\/281
|-damage|p1a: Buzz Lightyear|246\/281|[from] Spikes
|detailschange|p2a: Arm Cannons|Blastoise-Mega, M
|-mega|p2a: Arm Cannons|Blastoise|Blastoisinite
|move|p2a: Arm Cannons|Water Pulse|p1a: Buzz Lightyear
|-damage|p1a: Buzz Lightyear|0 fnt
|faint|p1a: Buzz Lightyear
|
|
|switch|p1a: Al Capone|Honchkrow, F|341\/341
|turn|8
|
|move|p1a: Al Capone|Brave Bird|p2a: Arm Cannons
|-damage|p2a: Arm Cannons|0 fnt
|-damage|p1a: Al Capone|280\/341|[from] recoil|[of] p2a: Arm Cannons
|faint|p2a: Arm Cannons
|-boost|p1a: Al Capone|atk|1|[from] ability: Moxie
|
|-heal|p1a: Al Capone|301\/341|[from] item: Leftovers
|
|switch|p2a: Mienshao|Mienshao, F|271\/271
|turn|9
|
|switch|p1a: Midgard|Zygarde|357\/357
|-damage|p1a: Midgard|313\/357|[from] Spikes
|-ability|p1a: Midgard|Aura Break
|move|p2a: Mienshao|Stone Edge|p1a: Midgard
|-resisted|p1a: Midgard
|-damage|p1a: Midgard|252\/357
|-damage|p2a: Mienshao|244\/271|[from] item: Life Orb
|
|-heal|p1a: Midgard|274\/357|[from] item: Leftovers
|turn|10
|
|move|p2a: Mienshao|High Jump Kick|p1a: Midgard
|-damage|p1a: Midgard|21\/357
|-damage|p2a: Mienshao|217\/271|[from] item: Life Orb
|move|p1a: Midgard|Outrage|p2a: Mienshao
|-damage|p2a: Mienshao|0 fnt
|faint|p2a: Mienshao
|
|-heal|p1a: Midgard|43\/357|[from] item: Leftovers
|
|switch|p2a: Psycho|Porygon-Z|311\/311
|turn|11
|
|move|p2a: Psycho|Ice Beam|p1a: Midgard
|-supereffective|p1a: Midgard
|-damage|p1a: Midgard|0 fnt
|faint|p1a: Midgard
|
|
|switch|p1a: Ep038|Porygon-Z|206\/311
|-damage|p1a: Ep038|168\/311|[from] Spikes
|turn|12
|
|switch|p2a: Smell Yah Later|Nidoking, M|91\/303
|move|p1a: Ep038|Tri Attack|p2a: Smell Yah Later
|-damage|p2a: Smell Yah Later|0 fnt
|faint|p2a: Smell Yah Later
|
|
|switch|p2a: Pimp Bird|Honchkrow, M, shiny|341\/341
|turn|13
|
|switch|p1a: Yomiel|Chandelure, F|261\/261
|-damage|p1a: Yomiel|229\/261|[from] Spikes
|move|p2a: Pimp Bird|Sucker Punch|p1a: Yomiel
|-fail|p1a: Yomiel
|
|turn|14
|
|move|p2a: Pimp Bird|Sucker Punch|p1a: Yomiel
|-fail|p1a: Yomiel
|move|p1a: Yomiel|Substitute|p1a: Yomiel
|-start|p1a: Yomiel|Substitute
|-damage|p1a: Yomiel|164\/261
|
|turn|15
|
|move|p1a: Yomiel|Fire Blast|p2a: Pimp Bird
|-damage|p2a: Pimp Bird|0 fnt
|-damage|p1a: Yomiel|138\/261|[from] item: Life Orb
|faint|p2a: Pimp Bird
|
|-message|A1d0g forfeited.
|
|win|The Prosecutor
|raw|Ladder updating...
|leave|A1d0g
|player|p2
|raw|The Prosecutor's rating: 1282 &rarr; <strong>1310<\/strong><br \/>(+28 for winning)
|raw|A1d0g's rating: 1320 &rarr; <strong>1298<\/strong><br \/>(-22 for losing)