|join|Expert BLT
|join|The Prosecutor
|player|p1|Expert BLT|265
|player|p2|The Prosecutor|150
|gametype|singles
|gen|6
|tier|UU
|rated
|rule|Sleep Clause Mod: Limit one foe put to sleep
|rule|Species Clause: Limit one of each PokÃ©mon
|rule|OHKO Clause: OHKO moves are banned
|rule|Moody Clause: Moody is banned
|rule|Evasion Moves Clause: Evasion moves are banned
|rule|Endless Battle Clause: Forcing endless battles is banned
|rule|HP Percentage Mod: HP is shown in percentages
|clearpoke
|poke|p1|Hydreigon, F
|poke|p1|Haunter, F
|poke|p1|Milotic, M
|poke|p1|Forretress, M
|poke|p1|Infernape, F
|poke|p1|Ampharos, M
|poke|p2|Zygarde
|poke|p2|Cloyster, M
|poke|p2|Golbat, M
|poke|p2|Nidoqueen, F
|poke|p2|Umbreon, M
|poke|p2|Trevenant, F, shiny
|rule|Swagger Clause: Swagger is banned
|rule|Baton Pass Clause: Limit one PokÃ©mon knowing Baton Pass
|teampreview
|c|âExpert BLT|gl
|c|âThe Prosecutor|glhf
|
|start
|switch|p1a: Hydreigon|Hydreigon, F|325\/325
|switch|p2a: Queen|Nidoqueen, F|384\/384
|turn|1
|
|move|p1a: Hydreigon|Draco Meteor|p2a: Queen
|-damage|p2a: Queen|90\/384
|-unboost|p1a: Hydreigon|spa|2
|-damage|p1a: Hydreigon|293\/325|[from] item: Life Orb
|move|p2a: Queen|Sludge Wave|p1a: Hydreigon
|-damage|p1a: Hydreigon|62\/325
|
|turn|2
|
|switch|p2a: Happy--|Umbreon, M|394\/394
|move|p1a: Hydreigon|Superpower|p2a: Happy--
|-supereffective|p2a: Happy--
|-damage|p2a: Happy--|95\/394
|-unboost|p1a: Hydreigon|atk|1
|-unboost|p1a: Hydreigon|def|1
|-damage|p1a: Hydreigon|30\/325|[from] item: Life Orb
|
|-heal|p2a: Happy--|119\/394|[from] item: Leftovers
|turn|3
|
|switch|p1a: Infernape|Infernape, F|293\/293
|move|p2a: Happy--|Wish|p2a: Happy--
|
|-heal|p2a: Happy--|143\/394|[from] item: Leftovers
|turn|4
|
|move|p2a: Happy--|Protect|p2a: Happy--
|-singleturn|p2a: Happy--|Protect
|move|p1a: Infernape|Flare Blitz|p2a: Happy--
|-activate|p2a: Happy--|Protect
|
|-heal|p2a: Happy--|340\/394|[from] move: Wish|[wisher] Happy--
|-heal|p2a: Happy--|364\/394|[from] item: Leftovers
|turn|5
|
|switch|p2a: Golbatman|Golbat, M|353\/353
|move|p1a: Infernape|Flare Blitz|p2a: Golbatman
|-damage|p2a: Golbatman|188\/353
|-damage|p1a: Infernape|239\/293|[from] recoil|[of] p2a: Golbatman
|
|turn|6
|
|switch|p1a: Forretress|Forretress, M|353\/353
|move|p2a: Golbatman|Roost|p2a: Golbatman
|-heal|p2a: Golbatman|353\/353
|
|turn|7
|
|move|p2a: Golbatman|Taunt|p1a: Forretress
|-start|p1a: Forretress|move: Taunt
|cant|p1a: Forretress|move: Taunt|Stealth Rock
|
|turn|8
|
|move|p2a: Golbatman|Brave Bird|p1a: Forretress
|-damage|p1a: Forretress|290\/353
|-damage|p2a: Golbatman|332\/353|[from] recoil|[of] p1a: Forretress
|move|p1a: Forretress|Volt Switch|p2a: Golbatman
|-supereffective|p2a: Golbatman
|-damage|p2a: Golbatman|272\/353
|
|switch|p1a: Ampharos|Ampharos, M|383\/383
|
|turn|9
|
|switch|p2a: Happy--|Umbreon, M|364\/394
|detailschange|p1a: Ampharos|Ampharos-Mega, M
|message|Ampharos has Mega Evolved into Mega Ampharos!
|-ability|p1a: Ampharos|Mold Breaker
|move|p1a: Ampharos|Dragon Pulse|p2a: Happy--
|-damage|p2a: Happy--|271\/394
|
|-heal|p2a: Happy--|295\/394|[from] item: Leftovers
|turn|10
|
|move|p2a: Happy--|Wish|p2a: Happy--
|move|p1a: Ampharos|Volt Switch|p2a: Happy--
|-damage|p2a: Happy--|220\/394
|
|switch|p1a: Infernape|Infernape, F|239\/293
|
|-heal|p2a: Happy--|244\/394|[from] item: Leftovers
|turn|11
|
|move|p2a: Happy--|Protect|p2a: Happy--
|-singleturn|p2a: Happy--|Protect
|move|p1a: Infernape|Flare Blitz|p2a: Happy--
|-activate|p2a: Happy--|Protect
|
|-heal|p2a: Happy--|394\/394|[from] move: Wish|[wisher] Happy--
|turn|12
|
|switch|p1a: Forretress|Forretress, M|290\/353
|move|p2a: Happy--|Wish|p2a: Happy--
|
|-heal|p1a: Forretress|312\/353|[from] item: Leftovers
|turn|13
|
|switch|p2a: Queen|Nidoqueen, F|90\/384
|move|p1a: Forretress|Gyro Ball|p2a: Queen
|-damage|p2a: Queen|11\/384
|
|-heal|p2a: Queen|208\/384|[from] move: Wish|[wisher] Happy--
|-heal|p1a: Forretress|334\/353|[from] item: Leftovers
|turn|14
|c|âExpert BLT|huh
|
|switch|p1a: Milotic|Milotic, M|393\/393
|move|p2a: Queen|Earth Power|p1a: Milotic
|-damage|p1a: Milotic|286\/393
|
|turn|15
|
|switch|p2a: Halloween!|Trevenant, F, shiny|312\/312
|move|p1a: Milotic|Ice Beam|p2a: Halloween!
|-supereffective|p2a: Halloween!
|-damage|p2a: Halloween!|150\/312
|-status|p2a: Halloween!|frz
|-enditem|p2a: Halloween!|Sitrus Berry|[eat]
|-heal|p2a: Halloween!|228\/312 frz|[from] item: Sitrus Berry
|
|turn|16
|c|âThe Prosecutor|no!
|
|switch|p2a: Happy--|Umbreon, M|394\/394
|move|p1a: Milotic|Ice Beam|p2a: Happy--
|-damage|p2a: Happy--|353\/394
|
|-heal|p2a: Happy--|377\/394|[from] item: Leftovers
|turn|17
|
|move|p2a: Happy--|Heal Bell|p2a: Happy--
|-cureteam|p2a: Happy--|[from] move: HealBell
|move|p1a: Milotic|Dragon Tail|p2a: Happy--
|-crit|p2a: Happy--
|-damage|p2a: Happy--|335\/394
|drag|p2a: Midgard|Zygarde|420\/420
|-ability|p2a: Midgard|Aura Break
|
|turn|18
|
|switch|p2a: Happy--|Umbreon, M|335\/394
|move|p1a: Milotic|Ice Beam|p2a: Happy--
|-damage|p2a: Happy--|289\/394
|
|-heal|p2a: Happy--|313\/394|[from] item: Leftovers
|turn|19
|
|switch|p1a: Forretress|Forretress, M|334\/353
|move|p2a: Happy--|Wish|p2a: Happy--
|
|-heal|p2a: Happy--|337\/394|[from] item: Leftovers
|-heal|p1a: Forretress|353\/353|[from] item: Leftovers
|turn|20
|
|switch|p2a: Golbatman|Golbat, M|272\/353
|move|p1a: Forretress|Stealth Rock|p2a: Golbatman
|-sidestart|p2: The Prosecutor|move: Stealth Rock
|
|-heal|p2a: Golbatman|353\/353|[from] move: Wish|[wisher] Happy--
|turn|21
|
|switch|p1a: Milotic|Milotic, M|286\/393
|move|p2a: Golbatman|Defog|p1a: Milotic
|-unboost|p1a: Milotic|evasion|1
|-boost|p1a: Milotic|spa|2|[from] ability: Competitive
|-sideend|p2: The Prosecutor|Stealth Rock|[from] move: Defog|[of] p2a: Golbatman
|
|turn|22
|
|switch|p2a: Happy--|Umbreon, M|337\/394
|move|p1a: Milotic|Scald|p2a: Happy--
|-damage|p2a: Happy--|220\/394
|
|-heal|p2a: Happy--|244\/394|[from] item: Leftovers
|turn|23
|
|move|p2a: Happy--|Wish|p2a: Happy--
|move|p1a: Milotic|Dragon Tail|p2a: Happy--
|-damage|p2a: Happy--|220\/394
|drag|p2a: Halloween!|Trevenant, F, shiny|228\/312
|
|-item|p2a: Halloween!|Sitrus Berry|[from] ability: Harvest
|turn|24
|
|move|p2a: Halloween!|Substitute|p2a: Halloween!
|-start|p2a: Halloween!|Substitute
|-damage|p2a: Halloween!|150\/312
|-enditem|p2a: Halloween!|Sitrus Berry|[eat]
|-heal|p2a: Halloween!|228\/312|[from] item: Sitrus Berry
|move|p1a: Milotic|Ice Beam|p2a: Halloween!
|-supereffective|p2a: Halloween!
|-end|p2a: Halloween!|Substitute
|
|-heal|p2a: Halloween!|312\/312|[from] move: Wish|[wisher] Happy--
|turn|25
|
|switch|p1a: Infernape|Infernape, F|239\/293
|move|p2a: Halloween!|Substitute|p2a: Halloween!
|-start|p2a: Halloween!|Substitute
|-damage|p2a: Halloween!|234\/312
|
|-item|p2a: Halloween!|Sitrus Berry|[from] ability: Harvest
|turn|26
|
|move|p1a: Infernape|U-turn|p2a: Halloween!
|-end|p2a: Halloween!|Substitute
|
|switch|p1a: Ampharos|Ampharos-Mega, M|383\/383
|-ability|p1a: Ampharos|Mold Breaker
|move|p2a: Halloween!|Substitute|p2a: Halloween!
|-start|p2a: Halloween!|Substitute
|-damage|p2a: Halloween!|156\/312
|-enditem|p2a: Halloween!|Sitrus Berry|[eat]
|-heal|p2a: Halloween!|234\/312|[from] item: Sitrus Berry
|
|-item|p2a: Halloween!|Sitrus Berry|[from] ability: Harvest
|turn|27
|
|move|p2a: Halloween!|Leech Seed|p1a: Ampharos
|-start|p1a: Ampharos|move: Leech Seed
|move|p1a: Ampharos|Dragon Pulse|p2a: Halloween!
|-end|p2a: Halloween!|Substitute
|
|-damage|p1a: Ampharos|336\/383|[from] Leech Seed|[of] p2a: Halloween!
|-heal|p2a: Halloween!|281\/312|[silent]
|turn|28
|
|move|p2a: Halloween!|Substitute|p2a: Halloween!
|-start|p2a: Halloween!|Substitute
|-damage|p2a: Halloween!|203\/312
|move|p1a: Ampharos|Thunder Wave|p2a: Halloween!
|
|-damage|p1a: Ampharos|289\/383|[from] Leech Seed|[of] p2a: Halloween!
|-heal|p2a: Halloween!|250\/312|[silent]
|turn|29
|
|switch|p1a: Forretress|Forretress, M|353\/353
|move|p2a: Halloween!|Shadow Claw|p1a: Forretress
|-damage|p1a: Forretress|289\/353
|
|-heal|p1a: Forretress|311\/353|[from] item: Leftovers
|turn|30
|
|move|p2a: Halloween!|Leech Seed|p1a: Forretress
|-start|p1a: Forretress|move: Leech Seed
|move|p1a: Forretress|Toxic Spikes|p2a: Halloween!
|-sidestart|p2: The Prosecutor|move: Toxic Spikes
|
|-heal|p1a: Forretress|333\/353|[from] item: Leftovers
|-damage|p1a: Forretress|289\/353|[from] Leech Seed|[of] p2a: Halloween!
|-heal|p2a: Halloween!|294\/312|[silent]
|turn|31
|
|move|p2a: Halloween!|Shadow Claw|p1a: Forretress
|-crit|p1a: Forretress
|-damage|p1a: Forretress|190\/353
|move|p1a: Forretress|Stealth Rock|p2a: Halloween!
|-sidestart|p2: The Prosecutor|move: Stealth Rock
|
|-heal|p1a: Forretress|212\/353|[from] item: Leftovers
|-damage|p1a: Forretress|168\/353|[from] Leech Seed|[of] p2a: Halloween!
|-heal|p2a: Halloween!|312\/312|[silent]
|turn|32
|
|move|p2a: Halloween!|Shadow Claw|p1a: Forretress
|-damage|p1a: Forretress|101\/353
|move|p1a: Forretress|Volt Switch|p2a: Halloween!
|-resisted|p2a: Halloween!
|-activate|p2a: Halloween!|Substitute|[damage]
|
|switch|p1a: Infernape|Infernape, F|239\/293
|
|turn|33
|
|move|p1a: Infernape|Flare Blitz|p2a: Halloween!
|-supereffective|p2a: Halloween!
|-end|p2a: Halloween!|Substitute
|-damage|p1a: Infernape|221\/293|[from] recoil|[of] p2a: Halloween!
|move|p2a: Halloween!|Substitute|p2a: Halloween!
|-start|p2a: Halloween!|Substitute
|-damage|p2a: Halloween!|234\/312
|
|turn|34
|
|move|p1a: Infernape|Flare Blitz|p2a: Halloween!
|-supereffective|p2a: Halloween!
|-end|p2a: Halloween!|Substitute
|-damage|p1a: Infernape|195\/293|[from] recoil|[of] p2a: Halloween!
|move|p2a: Halloween!|Shadow Claw|p1a: Infernape
|-damage|p1a: Infernape|24\/293
|
|turn|35
|
|switch|p2a: Midgard|Zygarde|420\/420
|-status|p2a: Midgard|psn
|-damage|p2a: Midgard|394\/420 psn|[from] Stealth Rock
|-ability|p2a: Midgard|Aura Break
|move|p1a: Infernape|Flare Blitz|p2a: Midgard
|-resisted|p2a: Midgard
|-damage|p2a: Midgard|223\/420 psn
|-damage|p1a: Infernape|0 fnt|[from] recoil|[of] p2a: Midgard
|faint|p1a: Infernape
|
|-damage|p2a: Midgard|171\/420 psn|[from] psn
|
|switch|p1a: Haunter|Haunter, F|231\/231
|turn|36
|
|move|p1a: Haunter|Hex|p2a: Midgard
|-damage|p2a: Midgard|11\/420 psn
|move|p2a: Midgard|Outrage|p1a: Haunter
|-damage|p1a: Haunter|0 fnt
|faint|p1a: Haunter
|
|-damage|p2a: Midgard|0 fnt|[from] psn
|faint|p2a: Midgard
|c|âExpert BLT|bullshit
|
|switch|p1a: Milotic|Milotic, M|286\/393
|switch|p2a: Queen|Nidoqueen, F|208\/384
|-damage|p2a: Queen|184\/384|[from] Stealth Rock
|-sideend|p2: The Prosecutor|move: Toxic Spikes|[of] p2a: Queen
|turn|37
|
|switch|p2a: Happy--|Umbreon, M|220\/394
|-damage|p2a: Happy--|171\/394|[from] Stealth Rock
|move|p1a: Milotic|Scald|p2a: Happy--
|-damage|p2a: Happy--|108\/394
|-status|p2a: Happy--|brn
|-status|p1a: Milotic|brn
|
|-heal|p2a: Happy--|132\/394 brn|[from] item: Leftovers
|-damage|p1a: Milotic|237\/393 brn|[from] brn
|-damage|p2a: Happy--|83\/394 brn|[from] brn
|turn|38
|
|move|p1a: Milotic|Scald|p2a: Happy--
|-damage|p2a: Happy--|26\/394 brn
|move|p2a: Happy--|Wish|p2a: Happy--
|
|-heal|p2a: Happy--|50\/394 brn|[from] item: Leftovers
|-damage|p1a: Milotic|188\/393 brn|[from] brn
|-damage|p2a: Happy--|1\/394 brn|[from] brn
|turn|39
|c|âExpert BLT|u little cunt
|
|switch|p1a: Hydreigon|Hydreigon, F|30\/325
|move|p2a: Happy--|Protect|p2a: Happy--
|-fail|p2a: Happy--
|
|-heal|p2a: Happy--|198\/394 brn|[from] move: Wish|[wisher] Happy--
|-heal|p2a: Happy--|222\/394 brn|[from] item: Leftovers
|-damage|p2a: Happy--|173\/394 brn|[from] brn
|turn|40
|c|âThe Prosecutor|You are the one to get the burn
|c|âExpert BLT|i wanted the burn dumbass
|c|âExpert BLT|i didn't want u to survive w 1 health
|c|âExpert BLT|or a couple health w zygarde preventing the sweep
|
|move|p1a: Hydreigon|Draco Meteor|p2a: Happy--
|-damage|p2a: Happy--|31\/394 brn
|-unboost|p1a: Hydreigon|spa|2
|-damage|p1a: Hydreigon|0 fnt|[from] item: Life Orb
|faint|p1a: Hydreigon
|move|p2a: Happy--|Foul Play|p1: Hydreigon|[notarget]
|-notarget
|
|-heal|p2a: Happy--|55\/394 brn|[from] item: Leftovers
|-damage|p2a: Happy--|6\/394 brn|[from] brn
|c|âThe Prosecutor|silly play, I know
|
|switch|p1a: Forretress|Forretress, M|101\/353
|turn|41
|
|move|p2a: Happy--|Heal Bell|p2a: Happy--
|-cureteam|p2a: Happy--|[from] move: HealBell
|move|p1a: Forretress|Toxic Spikes|p2a: Happy--
|-sidestart|p2: The Prosecutor|move: Toxic Spikes
|
|-heal|p2a: Happy--|30\/394|[from] item: Leftovers
|-heal|p1a: Forretress|123\/353|[from] item: Leftovers
|turn|42
|
|move|p2a: Happy--|Wish|p2a: Happy--
|move|p1a: Forretress|Gyro Ball|p2a: Happy--
|-damage|p2a: Happy--|0 fnt
|faint|p2a: Happy--
|
|-heal|p1a: Forretress|145\/353|[from] item: Leftovers
|
|switch|p2a: Queen|Nidoqueen, F|184\/384
|-damage|p2a: Queen|160\/384|[from] Stealth Rock
|-sideend|p2: The Prosecutor|move: Toxic Spikes|[of] p2a: Queen
|turn|43
|
|move|p2a: Queen|Earth Power|p1a: Forretress
|-damage|p1a: Forretress|0 fnt
|faint|p1a: Forretress
|
|-heal|p2a: Queen|357\/384|[from] move: Wish|[wisher] Happy--
|
|switch|p1a: Milotic|Milotic, M|188\/393 brn
|turn|44
|
|move|p1a: Milotic|Ice Beam|p2a: Queen
|-crit|p2a: Queen
|-supereffective|p2a: Queen
|-damage|p2a: Queen|117\/384
|move|p2a: Queen|Earth Power|p1a: Milotic
|-damage|p1a: Milotic|78\/393 brn
|
|-damage|p1a: Milotic|29\/393 brn|[from] brn
|turn|45
|
|move|p1a: Milotic|Ice Beam|p2a: Queen
|-supereffective|p2a: Queen
|-damage|p2a: Queen|0 fnt
|faint|p2a: Queen
|
|-damage|p1a: Milotic|0 fnt|[from] brn
|faint|p1a: Milotic
|
|switch|p2a: Golbatman|Golbat, M|353\/353
|-damage|p2a: Golbatman|265\/353|[from] Stealth Rock
|switch|p1a: Ampharos|Ampharos-Mega, M|289\/383
|-ability|p1a: Ampharos|Mold Breaker
|turn|46
|
|move|p2a: Golbatman|Defog|p1a: Ampharos
|-unboost|p1a: Ampharos|evasion|1
|-sideend|p2: The Prosecutor|Stealth Rock|[from] move: Defog|[of] p2a: Golbatman
|move|p1a: Ampharos|Thunder Wave|p2a: Golbatman
|-status|p2a: Golbatman|par
|
|turn|47
|
|move|p1a: Ampharos|Volt Switch|p2a: Golbatman
|-supereffective|p2a: Golbatman
|-damage|p2a: Golbatman|47\/353 par
|cant|p2a: Golbatman|par
|
|turn|48
|
|move|p1a: Ampharos|Dragon Pulse|p2a: Golbatman
|-damage|p2a: Golbatman|0 fnt
|faint|p2a: Golbatman
|
|
|switch|p2a: Harpun|Cloyster, M|241\/241
|turn|49
|
|move|p2a: Harpun|Icicle Spear|p1a: Ampharos
|-supereffective|p1a: Ampharos
|-damage|p1a: Ampharos|209\/383
|-supereffective|p1a: Ampharos
|-damage|p1a: Ampharos|137\/383
|-supereffective|p1a: Ampharos
|-damage|p1a: Ampharos|69\/383
|-supereffective|p1a: Ampharos
|-damage|p1a: Ampharos|0 fnt
|-hitcount|p1a: Ampharos|4
|faint|p1a: Ampharos
|
|win|The Prosecutor
|raw|Ladder updating...
|raw|Expert BLT's rating: 1311 &rarr; <strong>1295<\/strong><br \/>(-16 for losing)
|raw|The Prosecutor's rating: 1382 &rarr; <strong>1398<\/strong><br \/>(+16 for winning)
|c|âThe Prosecutor|gg
|c|âExpert BLT|not really
|leave|Expert BLT
|player|p1