|join|The Prosecutor
|join|Thantis
|c|âThe Prosecutor|glhf
|player|p1|The Prosecutor|3
|player|p2|Thantis|1
|gametype|singles
|gen|6
|tier|UU
|rated
|rule|Sleep Clause Mod: Limit one foe put to sleep
|rule|Species Clause: Limit one of each PokÃ©mon
|rule|OHKO Clause: OHKO moves are banned
|rule|Moody Clause: Moody is banned
|rule|Evasion Moves Clause: Evasion moves are banned
|rule|Endless Battle Clause: Forcing endless battles is banned
|rule|HP Percentage Mod: HP is shown in percentages
|clearpoke
|poke|p1|Porygon-Z
|poke|p1|Honchkrow, F
|poke|p1|Galvantula, F
|poke|p1|Zygarde
|poke|p1|Chandelure, F
|poke|p1|Tentacruel, F
|poke|p2|Hippowdon, F
|poke|p2|Mienshao, M
|poke|p2|Ambipom, F
|poke|p2|Forretress, F
|poke|p2|Banette, F
|poke|p2|Vaporeon, M
|rule|Swagger Clause: Swagger is banned
|rule|Baton Pass Clause: Limit one PokÃ©mon knowing Baton Pass
|teampreview
|
|start
|switch|p1a: Midgard|Zygarde|357\/357
|switch|p2a: Athens|Ambipom, F|291\/291
|-ability|p1a: Midgard|Aura Break
|turn|1
|
|move|p2a: Athens|Fake Out|p1a: Midgard
|-damage|p1a: Midgard|258\/357
|-damage|p2a: Athens|262\/291|[from] item: Life Orb
|cant|p1a: Midgard|flinch
|
|-heal|p1a: Midgard|280\/357|[from] item: Leftovers
|turn|2
|
|move|p2a: Athens|U-turn|p1a: Midgard
|-damage|p1a: Midgard|206\/357
|-damage|p2a: Athens|233\/291|[from] item: Life Orb
|
|switch|p2a: Argos|Forretress, F|312\/312
|move|p1a: Midgard|Dragon Dance|p1a: Midgard
|-boost|p1a: Midgard|atk|1
|-boost|p1a: Midgard|spe|1
|
|-heal|p1a: Midgard|228\/357|[from] item: Leftovers
|turn|3
|
|move|p1a: Midgard|Earthquake|p2a: Argos
|-damage|p2a: Argos|141\/312
|move|p2a: Argos|Toxic|p1a: Midgard|[miss]
|-miss|p2a: Argos|p1a: Midgard
|
|-heal|p1a: Midgard|250\/357|[from] item: Leftovers
|-heal|p2a: Argos|160\/312|[from] item: Leftovers
|turn|4
|
|move|p1a: Midgard|Earthquake|p2a: Argos
|-damage|p2a: Argos|0 fnt
|faint|p2a: Argos
|
|-heal|p1a: Midgard|272\/357|[from] item: Leftovers
|
|switch|p2a: Delphi|Banette, F|332\/332
|-item|p1a: Midgard|Leftovers|[from] ability: Frisk|[of] p2a: Delphi|[identify]
|turn|5
|
|detailschange|p2a: Delphi|Banette-Mega, F
|-mega|p2a: Delphi|Banette|Banettite
|move|p2a: Delphi|Protect|p2a: Delphi
|-singleturn|p2a: Delphi|Protect
|move|p1a: Midgard|Outrage|p2a: Delphi
|-activate|p2a: Delphi|Protect
|
|-heal|p1a: Midgard|294\/357|[from] item: Leftovers
|turn|6
|
|move|p2a: Delphi|Will-O-Wisp|p1a: Midgard
|-status|p1a: Midgard|brn
|move|p1a: Midgard|Outrage|p2a: Delphi
|-damage|p2a: Delphi|161\/332
|
|-heal|p1a: Midgard|316\/357 brn|[from] item: Leftovers
|-damage|p1a: Midgard|272\/357 brn|[from] brn
|turn|7
|
|move|p2a: Delphi|Protect|p2a: Delphi
|-singleturn|p2a: Delphi|Protect
|move|p1a: Midgard|Outrage|p2a: Delphi
|-activate|p2a: Delphi|Protect
|
|-end|p1a: Midgard|rampage
|-start|p1a: Midgard|confusion
|-heal|p1a: Midgard|294\/357 brn|[from] item: Leftovers
|-damage|p1a: Midgard|250\/357 brn|[from] brn
|turn|8
|
|switch|p1a: Tentacruel|Tentacruel, F|364\/364
|move|p2a: Delphi|Shadow Claw|p1a: Tentacruel
|-damage|p1a: Tentacruel|201\/364
|
|-heal|p1a: Tentacruel|223\/364|[from] item: Black Sludge
|turn|9
|
|move|p2a: Delphi|Will-O-Wisp|p1a: Tentacruel
|-status|p1a: Tentacruel|brn
|move|p1a: Tentacruel|Toxic Spikes|p2a: Delphi
|-sidestart|p2: Thantis|move: Toxic Spikes
|
|-heal|p1a: Tentacruel|245\/364 brn|[from] item: Black Sludge
|-damage|p1a: Tentacruel|200\/364 brn|[from] brn
|turn|10
|
|switch|p1a: Ep038|Porygon-Z|311\/311
|move|p2a: Delphi|Shadow Claw|p1a: Ep038
|-immune|p1a: Ep038|[msg]
|
|turn|11
|
|move|p2a: Delphi|Protect|p2a: Delphi
|-singleturn|p2a: Delphi|Protect
|move|p1a: Ep038|Dark Pulse|p2a: Delphi
|-activate|p2a: Delphi|Protect
|
|turn|12
|
|move|p2a: Delphi|Destiny Bond|p2a: Delphi
|-singlemove|p2a: Delphi|Destiny Bond
|move|p1a: Ep038|Dark Pulse|p2a: Delphi
|-supereffective|p2a: Delphi
|-damage|p2a: Delphi|0 fnt
|faint|p2a: Delphi
|-activate|p2a: Delphi|Destiny Bond
|faint|p1a: Ep038
|
|
|switch|p2a: Athens|Ambipom, F|233\/291
|switch|p1a: Buzz Lightyear|Galvantula, F|281\/281
|-status|p2a: Athens|psn
|turn|13
|
|switch|p1a: Midgard|Zygarde|250\/357 brn
|-ability|p1a: Midgard|Aura Break
|move|p2a: Athens|Fake Out|p1a: Midgard
|-damage|p1a: Midgard|147\/357 brn
|-damage|p2a: Athens|204\/291 psn|[from] item: Life Orb
|
|-heal|p1a: Midgard|169\/357 brn|[from] item: Leftovers
|-damage|p2a: Athens|168\/291 psn|[from] psn
|-damage|p1a: Midgard|125\/357 brn|[from] brn
|turn|14
|
|move|p2a: Athens|Knock Off|p1a: Midgard
|-damage|p1a: Midgard|20\/357 brn
|-enditem|p1a: Midgard|Leftovers|[from] move: Knock Off|[of] p2a: Athens
|-damage|p2a: Athens|139\/291 psn|[from] item: Life Orb
|move|p1a: Midgard|Earthquake|p2a: Athens
|-damage|p2a: Athens|16\/291 psn
|
|-damage|p2a: Athens|0 fnt|[from] psn
|-damage|p1a: Midgard|0 fnt|[from] brn
|faint|p2a: Athens
|faint|p1a: Midgard
|
|switch|p1a: Buzz Lightyear|Galvantula, F|281\/281
|switch|p2a: Sparta|Mienshao, M|271\/271
|-status|p2a: Sparta|psn
|turn|15
|
|switch|p1a: Tentacruel|Tentacruel, F|200\/364 brn
|move|p2a: Sparta|Fake Out|p1a: Tentacruel
|-damage|p1a: Tentacruel|143\/364 brn
|-damage|p2a: Sparta|244\/271 psn|[from] item: Life Orb
|
|-heal|p1a: Tentacruel|165\/364 brn|[from] item: Black Sludge
|-damage|p2a: Sparta|211\/271 psn|[from] psn
|-damage|p1a: Tentacruel|120\/364 brn|[from] brn
|turn|16
|
|move|p2a: Sparta|Knock Off|p1a: Tentacruel
|-damage|p1a: Tentacruel|0 fnt
|-enditem|p1a: Tentacruel|Black Sludge|[from] move: Knock Off|[of] p2a: Sparta
|-damage|p2a: Sparta|184\/271 psn|[from] item: Life Orb
|faint|p1a: Tentacruel
|
|-damage|p2a: Sparta|151\/271 psn|[from] psn
|
|switch|p1a: Buzz Lightyear|Galvantula, F|281\/281
|turn|17
|
|switch|p2a: Corinth|Hippowdon, F|420\/420
|-status|p2a: Corinth|psn
|-weather|Sandstorm
|move|p1a: Buzz Lightyear|Energy Ball|p2a: Corinth
|-supereffective|p2a: Corinth
|-damage|p2a: Corinth|202\/420 psn
|
|-weather|Sandstorm|[upkeep]
|-damage|p1a: Buzz Lightyear|264\/281|[from] sandstorm
|-heal|p2a: Corinth|228\/420 psn|[from] item: Leftovers
|-damage|p2a: Corinth|176\/420 psn|[from] psn
|turn|18
|
|move|p1a: Buzz Lightyear|Energy Ball|p2a: Corinth
|-supereffective|p2a: Corinth
|-damage|p2a: Corinth|0 fnt
|faint|p2a: Corinth
|
|-weather|Sandstorm|[upkeep]
|-damage|p1a: Buzz Lightyear|247\/281|[from] sandstorm
|
|switch|p2a: Sparta|Mienshao, M|241\/271 psn
|turn|19
|
|switch|p1a: Yomiel|Chandelure, F|261\/261
|move|p2a: Sparta|Knock Off|p1a: Yomiel
|-supereffective|p1a: Yomiel
|-damage|p1a: Yomiel|0 fnt
|-enditem|p1a: Yomiel|Life Orb|[from] move: Knock Off|[of] p2a: Sparta
|-damage|p2a: Sparta|214\/271 psn|[from] item: Life Orb
|faint|p1a: Yomiel
|
|-weather|Sandstorm|[upkeep]
|-damage|p2a: Sparta|198\/271 psn|[from] sandstorm
|-damage|p2a: Sparta|165\/271 psn|[from] psn
|
|switch|p1a: Buzz Lightyear|Galvantula, F|247\/281
|turn|20
|
|switch|p2a: Megara|Vaporeon, M|464\/464
|-status|p2a: Megara|psn
|move|p1a: Buzz Lightyear|Thunder|p2a: Megara
|-supereffective|p2a: Megara
|-damage|p2a: Megara|222\/464 psn
|
|-weather|Sandstorm|[upkeep]
|-damage|p1a: Buzz Lightyear|230\/281|[from] sandstorm
|-damage|p2a: Megara|193\/464 psn|[from] sandstorm
|-heal|p2a: Megara|222\/464 psn|[from] item: Leftovers
|-damage|p2a: Megara|164\/464 psn|[from] psn
|turn|21
|
|move|p2a: Megara|Protect|p2a: Megara
|-singleturn|p2a: Megara|Protect
|move|p1a: Buzz Lightyear|Thunder|p2a: Megara
|-activate|p2a: Megara|Protect
|
|-weather|none
|-heal|p2a: Megara|193\/464 psn|[from] item: Leftovers
|-damage|p2a: Megara|135\/464 psn|[from] psn
|turn|22
|
|move|p1a: Buzz Lightyear|Energy Ball|p2a: Megara
|-supereffective|p2a: Megara
|-damage|p2a: Megara|0 fnt
|faint|p2a: Megara
|
|
|switch|p2a: Sparta|Mienshao, M|255\/271 psn
|turn|23
|
|move|p2a: Sparta|Fake Out|p1a: Buzz Lightyear
|-damage|p1a: Buzz Lightyear|130\/281
|-damage|p2a: Sparta|228\/271 psn|[from] item: Life Orb
|cant|p1a: Buzz Lightyear|flinch
|
|-damage|p2a: Sparta|195\/271 psn|[from] psn
|turn|24
|
|move|p1a: Buzz Lightyear|Energy Ball|p2a: Sparta
|-damage|p2a: Sparta|55\/271 psn
|move|p2a: Sparta|High Jump Kick|p1a: Buzz Lightyear
|-resisted|p1a: Buzz Lightyear
|-damage|p1a: Buzz Lightyear|0 fnt
|-damage|p2a: Sparta|28\/271 psn|[from] item: Life Orb
|faint|p1a: Buzz Lightyear
|
|-damage|p2a: Sparta|0 fnt|[from] psn
|faint|p2a: Sparta
|
|win|The Prosecutor
|raw|Ladder updating...
|raw|The Prosecutor's rating: 1360 &rarr; <strong>1376<\/strong><br \/>(+16 for winning)
|raw|Thantis's rating: 1290 &rarr; <strong>1270<\/strong><br \/>(-20 for losing)
|c|âThe Prosecutor|gg
|c|âThantis|gg