|join|The Prosecutor
|join|Pseudo-Yoik
|player|p1|The Prosecutor|3
|player|p2|Pseudo-Yoik|148
|gametype|singles
|gen|6
|tier|UU
|rated
|rule|Sleep Clause Mod: Limit one foe put to sleep
|rule|Species Clause: Limit one of each PokÃ©mon
|rule|OHKO Clause: OHKO moves are banned
|rule|Moody Clause: Moody is banned
|rule|Evasion Moves Clause: Evasion moves are banned
|rule|Endless Battle Clause: Forcing endless battles is banned
|rule|HP Percentage Mod: HP is shown in percentages
|clearpoke
|poke|p1|Porygon-Z
|poke|p1|Honchkrow, F
|poke|p1|Galvantula, M
|poke|p1|Chandelure, M
|poke|p1|Tentacruel, F
|poke|p1|Serperior, F
|poke|p2|Hydreigon, F
|poke|p2|Audino, M
|poke|p2|Empoleon, M
|poke|p2|Chesnaught, F
|poke|p2|Rotom-Heat
|poke|p2|Doublade, M
|rule|Swagger Clause: Swagger is banned
|rule|Baton Pass Clause: Limit one PokÃ©mon knowing Baton Pass
|teampreview
|c|âThe Prosecutor|glhf
|c|âPseudo-Yoik|Same to you
|c|âThe Prosecutor|thx
|
|start
|switch|p1a: Buzz Lightyear|Galvantula, M|281\/281
|switch|p2a: Rotom-Heat|Rotom-Heat|241\/241
|turn|1
|
|move|p1a: Buzz Lightyear|Sticky Web|p2a: Rotom-Heat
|-sidestart|p2: Pseudo-Yoik|move: Sticky Web
|move|p2a: Rotom-Heat|Volt Switch|p1a: Buzz Lightyear
|-resisted|p1a: Buzz Lightyear
|-damage|p1a: Buzz Lightyear|155\/281
|
|switch|p2a: Hydreigon|Hydreigon, F|325\/325
|
|turn|2
|
|switch|p1a: Tentacruel|Tentacruel, F|364\/364
|move|p2a: Hydreigon|Dark Pulse|p1a: Tentacruel
|-damage|p1a: Tentacruel|253\/364
|
|-heal|p1a: Tentacruel|275\/364|[from] item: Black Sludge
|turn|3
|
|switch|p2a: Empoleon|Empoleon, M|369\/369
|-activate|p2a: Empoleon|move: Sticky Web
|-unboost|p2a: Empoleon|spe|1
|move|p1a: Tentacruel|Scald|p2a: Empoleon
|-resisted|p2a: Empoleon
|-damage|p2a: Empoleon|339\/369
|
|-heal|p1a: Tentacruel|297\/364|[from] item: Black Sludge
|-heal|p2a: Empoleon|362\/369|[from] item: Leftovers
|turn|4
|
|switch|p1a: Serperior|Serperior, F|291\/291
|move|p2a: Empoleon|Scald|p1a: Serperior
|-resisted|p1a: Serperior
|-damage|p1a: Serperior|242\/291
|
|-heal|p1a: Serperior|260\/291|[from] item: Leftovers
|-heal|p2a: Empoleon|369\/369|[from] item: Leftovers
|turn|5
|
|move|p1a: Serperior|Leaf Storm|p2a: Empoleon
|-damage|p2a: Empoleon|257\/369
|-boost|p1a: Serperior|spa|2
|move|p2a: Empoleon|Roar|p1a: Serperior
|drag|p1a: Yomiel|Chandelure, M|261\/261
|
|-heal|p2a: Empoleon|280\/369|[from] item: Leftovers
|turn|6
|
|move|p1a: Yomiel|Fire Blast|p2a: Empoleon
|-damage|p2a: Empoleon|62\/369
|-damage|p1a: Yomiel|235\/261|[from] item: Life Orb
|move|p2a: Empoleon|Defog|p1a: Yomiel
|-unboost|p1a: Yomiel|evasion|1
|-sideend|p2: Pseudo-Yoik|Sticky Web|[from] move: Defog|[of] p2a: Empoleon
|
|-heal|p2a: Empoleon|85\/369|[from] item: Leftovers
|turn|7
|
|switch|p2a: Rotom-Heat|Rotom-Heat|241\/241
|move|p1a: Yomiel|Shadow Ball|p2a: Rotom-Heat
|-damage|p2a: Rotom-Heat|25\/241
|-damage|p1a: Yomiel|209\/261|[from] item: Life Orb
|
|turn|8
|
|switch|p1a: Serperior|Serperior, F|260\/291
|move|p2a: Rotom-Heat|Thunderbolt|p1a: Serperior
|-resisted|p1a: Serperior
|-damage|p1a: Serperior|150\/291
|
|-heal|p1a: Serperior|168\/291|[from] item: Leftovers
|turn|9
|
|switch|p2a: Hydreigon|Hydreigon, F|325\/325
|move|p1a: Serperior|Leaf Storm|p2a: Hydreigon
|-resisted|p2a: Hydreigon
|-damage|p2a: Hydreigon|232\/325
|-boost|p1a: Serperior|spa|2
|
|-heal|p1a: Serperior|186\/291|[from] item: Leftovers
|turn|10
|
|switch|p1a: Tentacruel|Tentacruel, F|297\/364
|move|p2a: Hydreigon|Draco Meteor|p1a: Tentacruel
|-damage|p1a: Tentacruel|90\/364
|-unboost|p2a: Hydreigon|spa|2
|
|-heal|p1a: Tentacruel|112\/364|[from] item: Black Sludge
|turn|11
|
|switch|p2a: Empoleon|Empoleon, M|85\/369
|move|p1a: Tentacruel|Toxic Spikes|p2a: Empoleon
|-sidestart|p2: Pseudo-Yoik|move: Toxic Spikes
|
|-heal|p1a: Tentacruel|134\/364|[from] item: Black Sludge
|-heal|p2a: Empoleon|108\/369|[from] item: Leftovers
|turn|12
|
|move|p1a: Tentacruel|Scald|p2a: Empoleon
|-resisted|p2a: Empoleon
|-damage|p2a: Empoleon|82\/369
|-status|p2a: Empoleon|brn
|move|p2a: Empoleon|Defog|p1a: Tentacruel
|-fail|p1a: Tentacruel|unboost|[from] ability: Clear Body|[of] p1a: Tentacruel
|-sideend|p2: Pseudo-Yoik|Toxic Spikes|[from] move: Defog|[of] p2a: Empoleon
|
|-heal|p1a: Tentacruel|156\/364|[from] item: Black Sludge
|-heal|p2a: Empoleon|105\/369 brn|[from] item: Leftovers
|-damage|p2a: Empoleon|59\/369 brn|[from] brn
|turn|13
|
|move|p1a: Tentacruel|Toxic Spikes|p2a: Empoleon
|-sidestart|p2: Pseudo-Yoik|move: Toxic Spikes
|move|p2a: Empoleon|Scald|p1a: Tentacruel
|-resisted|p1a: Tentacruel
|-damage|p1a: Tentacruel|85\/364
|-status|p1a: Tentacruel|brn
|
|-heal|p1a: Tentacruel|107\/364 brn|[from] item: Black Sludge
|-heal|p2a: Empoleon|82\/369 brn|[from] item: Leftovers
|-damage|p1a: Tentacruel|62\/364 brn|[from] brn
|-damage|p2a: Empoleon|36\/369 brn|[from] brn
|turn|14
|
|switch|p1a: Al Capone|Honchkrow, F|341\/341
|move|p2a: Empoleon|Defog|p1a: Al Capone
|-unboost|p1a: Al Capone|evasion|1
|-sideend|p2: Pseudo-Yoik|Toxic Spikes|[from] move: Defog|[of] p2a: Empoleon
|
|-heal|p2a: Empoleon|59\/369 brn|[from] item: Leftovers
|-damage|p2a: Empoleon|13\/369 brn|[from] brn
|turn|15
|
|move|p1a: Al Capone|Pursuit|p2a: Empoleon|[from]Pursuit
|-damage|p2a: Empoleon|0 fnt
|faint|p2a: Empoleon
|-boost|p1a: Al Capone|atk|1|[from] ability: Moxie
|
|
|switch|p2a: Audino|Audino, M|401\/401
|turn|16
|
|detailschange|p2a: Audino|Audino-Mega, M
|-mega|p2a: Audino|Audino|Audinite
|move|p1a: Al Capone|Brave Bird|p2a: Audino
|-damage|p2a: Audino|113\/401
|-damage|p1a: Al Capone|246\/341|[from] recoil|[of] p2a: Audino
|move|p2a: Audino|Dazzling Gleam|p1a: Al Capone
|-supereffective|p1a: Al Capone
|-damage|p1a: Al Capone|0 fnt
|faint|p1a: Al Capone
|
|
|switch|p1a: Yomiel|Chandelure, M|209\/261
|turn|17
|
|move|p1a: Yomiel|Fire Blast|p2a: Audino|[miss]
|-miss|p1a: Yomiel|p2a: Audino
|move|p2a: Audino|Rest|p2a: Audino
|-status|p2a: Audino|slp
|-heal|p2a: Audino|401\/401 slp|[silent]
|-status|p2a: Audino|slp|[from] move: Rest
|
|turn|18
|c|âThe Prosecutor|awh, man
|
|move|p1a: Yomiel|Substitute|p1a: Yomiel
|-start|p1a: Yomiel|Substitute
|-damage|p1a: Yomiel|144\/261
|cant|p2a: Audino|slp
|move|p2a: Audino|Sleep Talk|p2a: Audino
|move|p2a: Audino|Dazzling Gleam|p1a: Yomiel|[from]Sleep Talk
|-resisted|p1a: Yomiel
|-activate|p1a: Yomiel|Substitute|[damage]
|
|turn|19
|
|move|p1a: Yomiel|Pain Split|p2a: Audino
|-sethp|p2a: Audino|272\/401 slp|p1a: Yomiel|261\/261|[from] move: Pain Split
|cant|p2a: Audino|slp
|move|p2a: Audino|Sleep Talk|p2a: Audino
|move|p2a: Audino|Dazzling Gleam|p1a: Yomiel|[from]Sleep Talk
|-resisted|p1a: Yomiel
|-end|p1a: Yomiel|Substitute
|
|turn|20
|
|move|p1a: Yomiel|Fire Blast|p2a: Audino
|-damage|p2a: Audino|99\/401 slp
|-damage|p1a: Yomiel|235\/261|[from] item: Life Orb
|-curestatus|p2a: Audino|slp
|move|p2a: Audino|Rest|p2a: Audino
|-status|p2a: Audino|slp
|-heal|p2a: Audino|401\/401 slp|[silent]
|-status|p2a: Audino|slp|[from] move: Rest
|
|turn|21
|c|âPseudo-Yoik|It's my first time facing Chandelure like that
|
|switch|p2a: Rotom-Heat|Rotom-Heat|25\/241
|move|p1a: Yomiel|Substitute|p1a: Yomiel
|-start|p1a: Yomiel|Substitute
|-damage|p1a: Yomiel|170\/261
|
|turn|22
|
|move|p2a: Rotom-Heat|Volt Switch|p1a: Yomiel
|-end|p1a: Yomiel|Substitute
|
|switch|p2a: Hydreigon|Hydreigon, F|232\/325
|move|p1a: Yomiel|Shadow Ball|p2a: Hydreigon
|-resisted|p2a: Hydreigon
|-damage|p2a: Hydreigon|109\/325
|-damage|p1a: Yomiel|144\/261|[from] item: Life Orb
|
|turn|23
|
|switch|p1a: Tentacruel|Tentacruel, F|62\/364 brn
|move|p2a: Hydreigon|Dark Pulse|p1a: Tentacruel
|-damage|p1a: Tentacruel|0 fnt
|faint|p1a: Tentacruel
|
|
|switch|p1a: Serperior|Serperior, F|186\/291
|turn|24
|
|move|p2a: Hydreigon|Dark Pulse|p1a: Serperior
|-damage|p1a: Serperior|41\/291
|move|p1a: Serperior|Glare|p2a: Hydreigon
|-status|p2a: Hydreigon|par
|
|-heal|p1a: Serperior|59\/291|[from] item: Leftovers
|turn|25
|
|switch|p2a: Doublade|Doublade, M|321\/321
|move|p1a: Serperior|Leaf Storm|p2a: Doublade
|-resisted|p2a: Doublade
|-damage|p2a: Doublade|245\/321
|-boost|p1a: Serperior|spa|2
|
|-heal|p1a: Serperior|77\/291|[from] item: Leftovers
|turn|26
|
|move|p1a: Serperior|Hidden Power|p2a: Doublade
|-supereffective|p2a: Doublade
|-damage|p2a: Doublade|63\/321
|move|p2a: Doublade|Swords Dance|p2a: Doublade
|-boost|p2a: Doublade|atk|2
|
|-heal|p1a: Serperior|95\/291|[from] item: Leftovers
|turn|27
|
|switch|p1a: Ep038|Porygon-Z|311\/311
|move|p2a: Doublade|Shadow Sneak|p1a: Ep038
|-immune|p1a: Ep038|[msg]
|
|turn|28
|
|switch|p2a: Audino|Audino-Mega, M|401\/401 slp
|move|p1a: Ep038|Ice Beam|p2a: Audino
|-damage|p2a: Audino|330\/401 slp
|
|turn|29
|
|switch|p1a: Yomiel|Chandelure, M|144\/261
|cant|p2a: Audino|slp
|move|p2a: Audino|Sleep Talk|p2a: Audino
|move|p2a: Audino|Rest|p2a: Audino|[from]Sleep Talk
|-fail|p2a: Audino
|
|turn|30
|c|âThe Prosecutor|that audino should have been ded
|
|move|p1a: Yomiel|Substitute|p1a: Yomiel
|-start|p1a: Yomiel|Substitute
|-damage|p1a: Yomiel|79\/261
|cant|p2a: Audino|slp
|move|p2a: Audino|Sleep Talk|p2a: Audino
|move|p2a: Audino|Dazzling Gleam|p1a: Yomiel|[from]Sleep Talk
|-resisted|p1a: Yomiel
|-activate|p1a: Yomiel|Substitute|[damage]
|
|turn|31
|
|switch|p2a: Rotom-Heat|Rotom-Heat|25\/241
|move|p1a: Yomiel|Pain Split|p2a: Rotom-Heat
|-sethp|p2a: Rotom-Heat|52\/241|p1a: Yomiel|52\/261|[from] move: Pain Split
|
|turn|32
|
|move|p2a: Rotom-Heat|Volt Switch|p1a: Yomiel
|-end|p1a: Yomiel|Substitute
|
|switch|p2a: Chesnaught|Chesnaught, F|369\/369
|move|p1a: Yomiel|Pain Split|p2a: Chesnaught
|-sethp|p2a: Chesnaught|210\/369|p1a: Yomiel|210\/261|[from] move: Pain Split
|
|-heal|p2a: Chesnaught|233\/369|[from] item: Leftovers
|turn|33
|
|move|p1a: Yomiel|Fire Blast|p2a: Chesnaught
|-supereffective|p2a: Chesnaught
|-damage|p2a: Chesnaught|0 fnt
|-damage|p1a: Yomiel|184\/261|[from] item: Life Orb
|faint|p2a: Chesnaught
|
|
|switch|p2a: Audino|Audino-Mega, M|330\/401 slp
|turn|34
|
|move|p1a: Yomiel|Fire Blast|p2a: Audino
|-damage|p2a: Audino|157\/401 slp
|-damage|p1a: Yomiel|158\/261|[from] item: Life Orb
|-curestatus|p2a: Audino|slp
|move|p2a: Audino|Heal Bell|p2a: Audino
|-cureteam|p2a: Audino|[from] move: HealBell
|
|turn|35
|
|move|p1a: Yomiel|Fire Blast|p2a: Audino
|-damage|p2a: Audino|0 fnt
|-damage|p1a: Yomiel|132\/261|[from] item: Life Orb
|faint|p2a: Audino
|
|
|switch|p2a: Rotom-Heat|Rotom-Heat|52\/241
|turn|36
|
|switch|p1a: Buzz Lightyear|Galvantula, M|155\/281
|move|p2a: Rotom-Heat|Thunderbolt|p1a: Buzz Lightyear
|-resisted|p1a: Buzz Lightyear
|-damage|p1a: Buzz Lightyear|0 fnt
|faint|p1a: Buzz Lightyear
|
|
|switch|p1a: Serperior|Serperior, F|95\/291
|turn|37
|
|move|p1a: Serperior|Leaf Storm|p2a: Rotom-Heat
|-resisted|p2a: Rotom-Heat
|-damage|p2a: Rotom-Heat|0 fnt
|-boost|p1a: Serperior|spa|2
|faint|p2a: Rotom-Heat
|
|-heal|p1a: Serperior|113\/291|[from] item: Leftovers
|
|switch|p2a: Hydreigon|Hydreigon, F|109\/325
|turn|38
|
|move|p2a: Hydreigon|Dark Pulse|p1a: Serperior
|-damage|p1a: Serperior|0 fnt
|faint|p1a: Serperior
|
|
|switch|p1a: Ep038|Porygon-Z|311\/311
|turn|39
|
|move|p2a: Hydreigon|Dark Pulse|p1a: Ep038
|-damage|p1a: Ep038|131\/311
|move|p1a: Ep038|Ice Beam|p2a: Hydreigon
|-supereffective|p2a: Hydreigon
|-damage|p2a: Hydreigon|0 fnt
|faint|p2a: Hydreigon
|
|
|switch|p2a: Doublade|Doublade, M|63\/321
|turn|40
|
|switch|p1a: Yomiel|Chandelure, M|132\/261
|move|p2a: Doublade|Gyro Ball|p1a: Yomiel
|-resisted|p1a: Yomiel
|-damage|p1a: Yomiel|54\/261
|
|turn|41
|
|move|p2a: Doublade|Shadow Sneak|p1a: Yomiel
|-supereffective|p1a: Yomiel
|-damage|p1a: Yomiel|0 fnt
|faint|p1a: Yomiel
|
|
|switch|p1a: Ep038|Porygon-Z|131\/311
|turn|42
|
|move|p1a: Ep038|Dark Pulse|p2a: Doublade
|-supereffective|p2a: Doublade
|-damage|p2a: Doublade|0 fnt
|faint|p2a: Doublade
|
|win|The Prosecutor
|raw|Ladder updating...
|raw|The Prosecutor's rating: 1485 &rarr; <strong>1497<\/strong><br \/>(+12 for winning)
|raw|Pseudo-Yoik's rating: 1336 &rarr; <strong>1324<\/strong><br \/>(-12 for losing)
|c|âThe Prosecutor|gg
|c|âPseudo-Yoik|GG
|leave|Pseudo-Yoik
|player|p2