|join|Bob the Bae
|join|Angela Management
|player|p1|Bob the Bae|23
|player|p2|Angela Management|100
|gametype|singles
|gen|6
|tier|UU
|rated
|rule|Sleep Clause Mod: Limit one foe put to sleep
|rule|Species Clause: Limit one of each PokÃ©mon
|rule|OHKO Clause: OHKO moves are banned
|rule|Moody Clause: Moody is banned
|rule|Evasion Moves Clause: Evasion moves are banned
|rule|Endless Battle Clause: Forcing endless battles is banned
|rule|HP Percentage Mod: HP is shown in percentages
|clearpoke
|poke|p1|Altaria, F
|poke|p1|Bronzong
|poke|p1|Quagsire, M
|poke|p1|Tentacruel, F
|poke|p1|Blissey, F
|poke|p1|Celebi
|poke|p2|Slowking, F
|poke|p2|Zygarde
|poke|p2|Infernape, F
|poke|p2|Forretress, F
|poke|p2|Pidgeot, F
|poke|p2|Florges, F
|rule|Swagger Clause: Swagger is banned
|rule|Baton Pass Clause: Limit one PokÃ©mon knowing Baton Pass
|teampreview
|join|OmegaW
|join|sniperaim
|join|adfssv
|c|âBob the Bae|oh
|c|âBob the Bae|rip
|join|42O 42O 42O
|c| sniperaim|nice
|c| adfssv|nice tams
|c|âBob the Bae|hold up, migrating to the shitter
|c| sniperaim|start timer pls
|c| adfssv|lol
|c| sniperaim|Lmao
|c|âBob the Bae|fkn rude
|c| sniperaim|angela's team is a problem
|c|âAngela Management|playing on the shitter is rude
|
|start
|switch|p1a: Altaria|Altaria, F|353\/353
|switch|p2a: Forretress|Forretress, F|354\/354
|turn|1
|join|wooope
|
|switch|p2a: Florges|Florges, F|360\/360
|detailschange|p1a: Altaria|Altaria-Mega, F
|message|Altaria has Mega Evolved into Mega Altaria!
|move|p1a: Altaria|Flamethrower|p2a: Florges
|-damage|p2a: Florges|308\/360
|
|-heal|p2a: Florges|330\/360|[from] item: Leftovers
|turn|2
|c|âBob the Bae|wow scouted my sets
|c|âBob the Bae|rude
|
|switch|p1a: Bronzong|Bronzong|338\/338
|move|p2a: Florges|Moonblast|p1a: Bronzong
|-resisted|p1a: Bronzong
|-damage|p1a: Bronzong|287\/338
|
|-heal|p2a: Florges|352\/360|[from] item: Leftovers
|-heal|p1a: Bronzong|308\/338|[from] item: Leftovers
|turn|3
|
|switch|p2a: Forretress|Forretress, F|354\/354
|move|p1a: Bronzong|Stealth Rock|p2a: Forretress
|-sidestart|p2: Angela Management|move: Stealth Rock
|
|-heal|p1a: Bronzong|329\/338|[from] item: Leftovers
|turn|4
|
|switch|p1a: Tentacruel|Tentacruel, F|364\/364
|move|p2a: Forretress|Rapid Spin|p1a: Tentacruel
|-damage|p1a: Tentacruel|349\/364
|-sideend|p2: Angela Management|Stealth Rock|[from] move: Rapid Spin|[of] p2a: Forretress
|
|-heal|p1a: Tentacruel|364\/364|[from] item: Black Sludge
|turn|5
|
|move|p1a: Tentacruel|Toxic Spikes|p2a: Forretress
|-sidestart|p2: Angela Management|move: Toxic Spikes
|move|p2a: Forretress|Volt Switch|p1a: Tentacruel
|-supereffective|p1a: Tentacruel
|-damage|p1a: Tentacruel|306\/364
|
|switch|p2a: Pidgeot|Pidgeot, F|325\/325
|
|-heal|p1a: Tentacruel|328\/364|[from] item: Black Sludge
|turn|6
|
|switch|p1a: Blissey|Blissey, F|714\/714
|detailschange|p2a: Pidgeot|Pidgeot-Mega, F
|message|Pidgeot has Mega Evolved into Mega Pidgeot!
|move|p2a: Pidgeot|Hurricane|p1a: Blissey
|-damage|p1a: Blissey|561\/714
|
|-heal|p1a: Blissey|605\/714|[from] item: Leftovers
|turn|7
|
|switch|p2a: Forretress|Forretress, F|354\/354
|switch|p1a: Altaria|Altaria-Mega, F|353\/353
|
|turn|8
|
|move|p1a: Altaria|Flamethrower|p2a: Forretress
|-supereffective|p2a: Forretress
|-damage|p2a: Forretress|6\/354
|move|p2a: Forretress|Gyro Ball|p1a: Altaria
|-supereffective|p1a: Altaria
|-damage|p1a: Altaria|189\/353
|
|-heal|p2a: Forretress|28\/354|[from] item: Leftovers
|turn|9
|c|âBob the Bae|mfw
|
|move|p1a: Altaria|Hyper Voice|p2a: Forretress
|-resisted|p2a: Forretress
|-damage|p2a: Forretress|0 fnt
|faint|p2a: Forretress
|
|
|switch|p2a: Pidgeot|Pidgeot-Mega, F|325\/325
|turn|10
|
|switch|p1a: Blissey|Blissey, F|605\/714
|move|p2a: Pidgeot|Work Up|p2a: Pidgeot
|-boost|p2a: Pidgeot|atk|1
|-boost|p2a: Pidgeot|spa|1
|
|-heal|p1a: Blissey|649\/714|[from] item: Leftovers
|turn|11
|c| sniperaim|bob if u lose
|c| sniperaim|i ban
|c| sniperaim|lmao
|
|switch|p1a: Bronzong|Bronzong|329\/338
|move|p2a: Pidgeot|Work Up|p2a: Pidgeot
|-boost|p2a: Pidgeot|atk|1
|-boost|p2a: Pidgeot|spa|1
|
|-heal|p1a: Bronzong|338\/338|[from] item: Leftovers
|turn|12
|c|âBob the Bae|pls no
|c| adfssv|:O
|
|move|p2a: Pidgeot|Hurricane|p1a: Bronzong
|-resisted|p1a: Bronzong
|-damage|p1a: Bronzong|161\/338
|move|p1a: Bronzong|Toxic|p2a: Pidgeot
|-status|p2a: Pidgeot|tox
|
|-heal|p1a: Bronzong|182\/338|[from] item: Leftovers
|-damage|p2a: Pidgeot|305\/325 tox|[from] psn
|turn|13
|
|switch|p1a: Blissey|Blissey, F|649\/714
|move|p2a: Pidgeot|Hurricane|p1a: Blissey
|-damage|p1a: Blissey|343\/714
|-start|p1a: Blissey|confusion
|
|-heal|p1a: Blissey|387\/714|[from] item: Leftovers
|-damage|p2a: Pidgeot|265\/325 tox|[from] psn
|turn|14
|c|âBob the Bae|fk thats strong
|
|switch|p1a: Quagsire|Quagsire, M|394\/394
|move|p2a: Pidgeot|Refresh|p2a: Pidgeot
|-curestatus|p2a: Pidgeot|tox
|
|turn|15
|c| sniperaim|lol
|c|âBob the Bae|mfw
|c| sniperaim|gg
|c|âBob the Bae|rip
|c| sniperaim|lmao
|c| adfssv|:OOOOO
|c|âAngela Management|behold
|
|move|p2a: Pidgeot|Hurricane|p1a: Quagsire
|-damage|p1a: Quagsire|115\/394
|-start|p1a: Quagsire|confusion
|-activate|p1a: Quagsire|confusion
|-damage|p1a: Quagsire|92\/394|[from] confusion
|
|-heal|p1a: Quagsire|116\/394|[from] item: Leftovers
|turn|16
|c| sniperaim|slayed
|c|âBob the Bae|brb stealing set
|c| sniperaim|lmao
|
|move|p2a: Pidgeot|Hurricane|p1a: Quagsire
|-damage|p1a: Quagsire|0 fnt
|faint|p1a: Quagsire
|
|
|switch|p1a: Bronzong|Bronzong|182\/338
|turn|17
|
|move|p2a: Pidgeot|Hurricane|p1a: Bronzong
|-resisted|p1a: Bronzong
|-damage|p1a: Bronzong|0 fnt
|faint|p1a: Bronzong
|
|
|switch|p1a: Tentacruel|Tentacruel, F|328\/364
|turn|18
|
|move|p2a: Pidgeot|Hurricane|p1a: Tentacruel
|-damage|p1a: Tentacruel|0 fnt
|faint|p1a: Tentacruel
|
|
|switch|p1a: Blissey|Blissey, F|387\/714
|turn|19
|
|move|p2a: Pidgeot|Work Up|p2a: Pidgeot
|-boost|p2a: Pidgeot|atk|1
|-boost|p2a: Pidgeot|spa|1
|move|p1a: Blissey|Wish|p1a: Blissey
|
|-heal|p1a: Blissey|431\/714|[from] item: Leftovers
|turn|20
|
|move|p2a: Pidgeot|Work Up|p2a: Pidgeot
|-boost|p2a: Pidgeot|atk|1
|-boost|p2a: Pidgeot|spa|1
|move|p1a: Blissey|Seismic Toss|p2a: Pidgeot
|-damage|p2a: Pidgeot|165\/325
|
|-heal|p1a: Blissey|714\/714|[from] move: Wish|[wisher] Blissey
|turn|21
|c| sniperaim|lmao
|c| sniperaim|i love u angela
|
|move|p2a: Pidgeot|Hurricane|p1a: Blissey
|-damage|p1a: Blissey|224\/714
|move|p1a: Blissey|Seismic Toss|p2a: Pidgeot
|-damage|p2a: Pidgeot|65\/325
|
|-heal|p1a: Blissey|268\/714|[from] item: Leftovers
|turn|22
|
|move|p2a: Pidgeot|Roost|p2a: Pidgeot
|-heal|p2a: Pidgeot|228\/325
|move|p1a: Blissey|Seismic Toss|p2a: Pidgeot
|-damage|p2a: Pidgeot|128\/325
|
|-heal|p1a: Blissey|312\/714|[from] item: Leftovers
|turn|23
|
|move|p2a: Pidgeot|Roost|p2a: Pidgeot
|-heal|p2a: Pidgeot|291\/325
|move|p1a: Blissey|Seismic Toss|p2a: Pidgeot
|-damage|p2a: Pidgeot|191\/325
|
|-heal|p1a: Blissey|356\/714|[from] item: Leftovers
|turn|24
|c|âBob the Bae|am u a fgt
|
|move|p2a: Pidgeot|Roost|p2a: Pidgeot
|-heal|p2a: Pidgeot|325\/325
|move|p1a: Blissey|Seismic Toss|p2a: Pidgeot
|-damage|p2a: Pidgeot|225\/325
|
|-heal|p1a: Blissey|400\/714|[from] item: Leftovers
|turn|25
|c|âAngela Management|lol
|c| sniperaim|lol
|c|âAngela Management|ik ur
|c|âAngela Management|sucker celebi
|
|move|p1a: Blissey|Protect|p1a: Blissey
|-singleturn|p1a: Blissey|Protect
|move|p2a: Pidgeot|Hurricane|p1a: Blissey
|-activate|p1a: Blissey|Protect
|
|-heal|p1a: Blissey|444\/714|[from] item: Leftovers
|turn|26
|c|âBob the Bae|n
|c|âBob the Bae|sucker is shit
|
|move|p2a: Pidgeot|Hurricane|p1a: Blissey
|-damage|p1a: Blissey|0 fnt
|faint|p1a: Blissey
|
|c| sniperaim|am is so strong
|
|switch|p1a: Altaria|Altaria-Mega, F|189\/353
|turn|27
|
|move|p2a: Pidgeot|Hurricane|p1a: Altaria
|-crit|p1a: Altaria
|-damage|p1a: Altaria|0 fnt
|faint|p1a: Altaria
|
|
|switch|p1a: Celebi|Celebi|341\/341
|turn|28
|c|âAngela Management|sniperaim: bob if u lose
|c|âAngela Management|sniperaim: i ban
|c|âAngela Management|sniperaim: lmao
|c|âAngela Management|rip
|
|move|p2a: Pidgeot|Hurricane|p1a: Celebi
|-supereffective|p1a: Celebi
|-damage|p1a: Celebi|0 fnt
|faint|p1a: Celebi
|
|win|Angela Management
|raw|Ladder updating...
|raw|Bob the Bae's rating: 1595 &rarr; <strong>1570<\/strong><br \/>(-25 for losing)
|raw|Angela Management's rating: 1510 &rarr; <strong>1535<\/strong><br \/>(+25 for winning)