|join|Angela Management
|join|bouff
|player|p1|Angela Management|112
|player|p2|bouff|251
|gametype|singles
|gen|6
|tier|UU
|rated
|rule|Sleep Clause Mod: Limit one foe put to sleep
|rule|Species Clause: Limit one of each Pokemon
|rule|OHKO Clause: OHKO moves are banned
|rule|Moody Clause: Moody is banned
|rule|Evasion Moves Clause: Evasion moves are banned
|rule|Endless Battle Clause: Forcing endless battles is banned
|rule|HP Percentage Mod: HP is reported as percentages
|clearpoke
|poke|p1|Kabutops, M
|poke|p1|Claydol
|poke|p1|Sableye, F
|poke|p1|Tornadus, M
|poke|p1|Ludicolo, M
|poke|p1|Staraptor, M
|poke|p2|Blissey, F
|poke|p2|Swampert, F
|poke|p2|Crobat, M
|poke|p2|Jirachi
|poke|p2|Heracross, F
|poke|p2|Hydreigon, F
|rule|Baton Pass Clause: Limit 3 pokemon knowing Baton Pass
|teampreview
|join|Real Professor Oak
|
|start
|switch|p1a: Zeroes and Ones|Claydol|261\/261
|switch|p2a: BLEVE|Heracross, F|301\/301
|turn|1
|
|move|p2a: BLEVE|Megahorn|p1a: Zeroes and Ones
|-supereffective|p1a: Zeroes and Ones
|-enditem|p1a: Zeroes and Ones|Focus Sash
|-damage|p1a: Zeroes and Ones|1\/261
|move|p1a: Zeroes and Ones|Stealth Rock|p2a: BLEVE
|-sidestart|p2: bouff|move: Stealth Rock
|
|turn|2
|
|switch|p1a: Tornadus|Tornadus, M|299\/299
|move|p2a: BLEVE|Knock Off|p1a: Tornadus
|-damage|p1a: Tornadus|150\/299
|-enditem|p1a: Tornadus|Damp Rock|[from] move: Knock Off|[of] p2a: BLEVE
|
|turn|3
|join|LTI Cyrus
|
|switch|p2a: Hydreigon|Hydreigon, F|325\/325
|-damage|p2a: Hydreigon|285\/325|[from] Stealth Rock
|move|p1a: Tornadus|Knock Off|p2a: Hydreigon
|-resisted|p2a: Hydreigon
|-damage|p2a: Hydreigon|231\/325
|-enditem|p2a: Hydreigon|Choice Scarf|[from] move: Knock Off|[of] p1a: Tornadus
|
|turn|4
|
|move|p1a: Tornadus|Hurricane|p2a: Hydreigon
|-damage|p2a: Hydreigon|8\/325
|-start|p2a: Hydreigon|confusion
|-activate|p2a: Hydreigon|confusion
|move|p2a: Hydreigon|Draco Meteor|p1a: Tornadus
|-damage|p1a: Tornadus|0 fnt
|-unboost|p2a: Hydreigon|spa|2
|faint|p1a: Tornadus
|
|
|switch|p1a: Sableye|Sableye, F|251\/251
|turn|5
|
|switch|p2a: BLEVE|Heracross, F|301\/301
|-damage|p2a: BLEVE|264\/301|[from] Stealth Rock
|move|p1a: Sableye|Rain Dance|p1a: Sableye
|-weather|RainDance
|
|-weather|RainDance|[upkeep]
|-heal|p2a: BLEVE|282\/301|[from] item: Leftovers
|turn|6
|
|switch|p1a: Zeroes and Ones|Claydol|1\/261
|move|p2a: BLEVE|Megahorn|p1a: Zeroes and Ones
|-supereffective|p1a: Zeroes and Ones
|-damage|p1a: Zeroes and Ones|0 fnt
|faint|p1a: Zeroes and Ones
|
|-weather|RainDance|[upkeep]
|-heal|p2a: BLEVE|300\/301|[from] item: Leftovers
|
|switch|p1a: Staraptor|Staraptor, M|311\/311
|turn|7
|
|switch|p2a: Hydreigon|Hydreigon, F|8\/325
|-damage|p2a: Hydreigon|0 fnt|[from] Stealth Rock
|faint|p2a: Hydreigon
|move|p1a: Staraptor|Thief|p2: Hydreigon|[notarget]
|-notarget
|
|-weather|RainDance|[upkeep]
|chat|LTI Cyrus|what is claydol for btw
|chat|LTI Cyrus|seems like a shit mon
|
|switch|p2a: DODMEN|Swampert, F|401\/401
|-damage|p2a: DODMEN|376\/401|[from] Stealth Rock
|turn|8
|chat|Angela Management|magic coat\/spin before
|chat|Angela Management|and boom
|chat|Angela Management|idk
|
|switch|p1a: Ludicolo|Ludicolo, M|301\/301
|move|p2a: DODMEN|Stealth Rock|p1a: Ludicolo
|-sidestart|p1: Angela Management|move: Stealth Rock
|
|-weather|RainDance|[upkeep]
|-heal|p2a: DODMEN|401\/401|[from] item: Leftovers
|turn|9
|chat|LTI Cyrus|oh magic coat
|chat|LTI Cyrus|that's cute I guess
|
|switch|p2a: GRANVILLE TAYLOR|Crobat, M|355\/355
|-damage|p2a: GRANVILLE TAYLOR|267\/355|[from] Stealth Rock
|move|p1a: Ludicolo|Swords Dance|p1a: Ludicolo
|-boost|p1a: Ludicolo|atk|2
|
|-weather|RainDance|[upkeep]
|-heal|p2a: GRANVILLE TAYLOR|289\/355|[from] item: Black Sludge
|turn|10
|
|move|p1a: Ludicolo|Waterfall|p2a: GRANVILLE TAYLOR
|-damage|p2a: GRANVILLE TAYLOR|0 fnt
|-damage|p1a: Ludicolo|271\/301|[from] item: Life Orb
|faint|p2a: GRANVILLE TAYLOR
|
|-weather|RainDance|[upkeep]
|chat|LTI Cyrus|seems like forretress is better tho
|
|switch|p2a: HIVE|Blissey, F|714\/714
|-damage|p2a: HIVE|625\/714|[from] Stealth Rock
|turn|11
|
|move|p1a: Ludicolo|Swords Dance|p1a: Ludicolo
|-boost|p1a: Ludicolo|atk|2
|move|p2a: HIVE|Seismic Toss|p1a: Ludicolo
|-damage|p1a: Ludicolo|171\/301
|
|-weather|RainDance|[upkeep]
|-heal|p2a: HIVE|669\/714|[from] item: Leftovers
|turn|12
|
|move|p1a: Ludicolo|Waterfall|p2a: HIVE
|-damage|p2a: HIVE|0 fnt
|-damage|p1a: Ludicolo|141\/301|[from] item: Life Orb
|faint|p2a: HIVE
|
|-weather|none
|
|switch|p2a: RADIANTHERO156|Jirachi|342\/342
|-damage|p2a: RADIANTHERO156|321\/342|[from] Stealth Rock
|turn|13
|
|move|p2a: RADIANTHERO156|Iron Head|p1a: Ludicolo
|-crit|p1a: Ludicolo
|-resisted|p1a: Ludicolo
|-damage|p1a: Ludicolo|21\/301
|cant|p1a: Ludicolo|flinch
|
|-heal|p2a: RADIANTHERO156|342\/342|[from] item: Leftovers
|turn|14
|chat|LTI Cyrus|#skill
|
|move|p2a: RADIANTHERO156|Iron Head|p1a: Ludicolo
|-crit|p1a: Ludicolo
|-resisted|p1a: Ludicolo
|-damage|p1a: Ludicolo|0 fnt
|faint|p1a: Ludicolo
|
|
|switch|p1a: Sableye|Sableye, F|251\/251
|-damage|p1a: Sableye|220\/251|[from] Stealth Rock
|turn|15
|
|switch|p2a: BLEVE|Heracross, F|300\/301
|-damage|p2a: BLEVE|263\/301|[from] Stealth Rock
|move|p1a: Sableye|Knock Off|p2a: BLEVE
|-resisted|p2a: BLEVE
|-damage|p2a: BLEVE|203\/301
|-enditem|p2a: BLEVE|Leftovers|[from] move: Knock Off|[of] p1a: Sableye
|
|turn|16
|
|move|p1a: Sableye|Rain Dance|p1a: Sableye
|-weather|RainDance
|move|p2a: BLEVE|Close Combat|p1a: Sableye
|-immune|p1a: Sableye|[msg]
|
|-weather|RainDance|[upkeep]
|turn|17
|chat|bouff|fug
|chat|LTI Cyrus|ok
|chat|bouff|why did i misclick
|chat|bouff|.-.
|
|move|p2a: BLEVE|Megahorn|p1a: Sableye
|-damage|p1a: Sableye|0 fnt
|faint|p1a: Sableye
|
|-weather|RainDance|[upkeep]
|
|switch|p1a: Kabutops|Kabutops, M|261\/261
|-damage|p1a: Kabutops|229\/261|[from] Stealth Rock
|turn|18
|
|move|p1a: Kabutops|Waterfall|p2a: BLEVE
|-damage|p2a: BLEVE|0 fnt
|-damage|p1a: Kabutops|203\/261|[from] item: Life Orb
|faint|p2a: BLEVE
|
|-weather|RainDance|[upkeep]
|
|switch|p2a: DODMEN|Swampert, F|401\/401
|-damage|p2a: DODMEN|376\/401|[from] Stealth Rock
|turn|19
|
|move|p1a: Kabutops|Waterfall|p2a: DODMEN
|-damage|p2a: DODMEN|162\/401
|-damage|p1a: Kabutops|177\/261|[from] item: Life Orb
|cant|p2a: DODMEN|flinch
|
|-weather|RainDance|[upkeep]
|-heal|p2a: DODMEN|187\/401|[from] item: Leftovers
|turn|20
|chat|LTI Cyrus|#skill
|chat|bouff|god
|chat|bouff|fuck me
|
|move|p1a: Kabutops|Waterfall|p2a: DODMEN
|-damage|p2a: DODMEN|0 fnt
|-damage|p1a: Kabutops|151\/261|[from] item: Life Orb
|faint|p2a: DODMEN
|
|-weather|RainDance|[upkeep]
|
|switch|p2a: RADIANTHERO156|Jirachi|342\/342
|-damage|p2a: RADIANTHERO156|321\/342|[from] Stealth Rock
|turn|21
|chat|bouff|i clinched that lol
|chat|bouff|w\/e
|
|move|p1a: Kabutops|Waterfall|p2a: RADIANTHERO156
|-damage|p2a: RADIANTHERO156|47\/342
|-damage|p1a: Kabutops|125\/261|[from] item: Life Orb
|cant|p2a: RADIANTHERO156|flinch
|
|-weather|RainDance|[upkeep]
|-heal|p2a: RADIANTHERO156|68\/342|[from] item: Leftovers
|turn|22
|chat|bouff|kings rock life orb imo
|
|move|p1a: Kabutops|Waterfall|p2a: RADIANTHERO156
|-damage|p2a: RADIANTHERO156|0 fnt
|-damage|p1a: Kabutops|99\/261|[from] item: Life Orb
|faint|p2a: RADIANTHERO156
|
|win|Angela Management
|raw|Ladder updating...
|chat|Angela Management|lol
|raw|Angela Management's rating: 1612 &rarr; <strong>1634<\/strong><br \/>(+22 for winning)
|raw|bouff's rating: 1659 &rarr; <strong>1636<\/strong><br \/>(-23 for losing)
|leave|bouff
|player|p2
|chat|Angela Management|;[
|leave|Angela Management
|player|p1
|leave|LTI Cyrus