|join|angela management
|join|Ultra Super Jak
|player|p1|angela management|100
|player|p2|Ultra Super Jak|161
|gametype|singles
|gen|6
|tier|UU
|rated
|rule|Sleep Clause Mod: Limit one foe put to sleep
|rule|Species Clause: Limit one of each PokÃ©mon
|rule|OHKO Clause: OHKO moves are banned
|rule|Moody Clause: Moody is banned
|rule|Evasion Moves Clause: Evasion moves are banned
|rule|Endless Battle Clause: Forcing endless battles is banned
|rule|HP Percentage Mod: HP is reported as percentages
|clearpoke
|poke|p1|Lucario, F
|poke|p1|Crobat, F
|poke|p1|Shaymin
|poke|p1|Azelf
|poke|p1|Manaphy
|poke|p1|Ampharos, M
|poke|p2|Ampharos, F, shiny
|poke|p2|Forretress, M, shiny
|poke|p2|Victini, shiny
|poke|p2|Suicune, shiny
|poke|p2|Blissey, F, shiny
|poke|p2|Slowbro, M, shiny
|rule|Swagger Clause: Swagger is banned
|rule|Baton Pass Clause: Limit one PokÃ©mon knowing Baton Pass
|teampreview
|
|start
|switch|p1a: Ampharos|Ampharos, M|341\/341
|switch|p2a: Ready For Sex|Victini, shiny|341\/341
|turn|1
|
|detailschange|p1a: Ampharos|Ampharos-Mega, M
|message|Ampharos has Mega Evolved into Mega Ampharos!
|-ability|p1a: Ampharos|Mold Breaker
|move|p2a: Ready For Sex|U-turn|p1a: Ampharos
|-damage|p1a: Ampharos|243\/341
|join|Mfw Kekturne
|chat|Ultra Super Jak|>Mfw kekturne
|
|switch|p2a: Pink Blob|Blissey, F, shiny|714\/714
|move|p1a: Ampharos|Volt Switch|p2a: Pink Blob
|-damage|p2a: Pink Blob|581\/714
|
|switch|p1a: Azelf|Azelf|291\/291
|
|-heal|p2a: Pink Blob|625\/714|[from] item: Leftovers
|turn|2
|
|move|p1a: Azelf|Taunt|p2a: Pink Blob
|-start|p2a: Pink Blob|move: Taunt
|cant|p2a: Pink Blob|move: Taunt|Wish
|
|-heal|p2a: Pink Blob|669\/714|[from] item: Leftovers
|turn|3
|
|switch|p2a: Shrapnel|Forretress, M, shiny|354\/354
|move|p1a: Azelf|Knock Off|p2a: Shrapnel
|-damage|p2a: Shrapnel|291\/354
|-enditem|p2a: Shrapnel|Leftovers|[from] move: Knock Off|[of] p1a: Azelf
|
|turn|4
|
|move|p1a: Azelf|Taunt|p2a: Shrapnel
|-start|p2a: Shrapnel|move: Taunt
|move|p2a: Shrapnel|Volt Switch|p1a: Azelf
|-damage|p1a: Azelf|239\/291
|
|switch|p2a: Ready For Sex|Victini, shiny|341\/341
|
|turn|5
|
|switch|p1a: Ampharos|Ampharos-Mega, M|243\/341
|-ability|p1a: Ampharos|Mold Breaker
|move|p2a: Ready For Sex|U-turn|p1a: Ampharos
|-damage|p1a: Ampharos|146\/341
|
|switch|p2a: Pink Blob|Blissey, F, shiny|669\/714
|
|-heal|p2a: Pink Blob|713\/714|[from] item: Leftovers
|turn|6
|
|move|p1a: Ampharos|Volt Switch|p2a: Pink Blob
|-damage|p2a: Pink Blob|589\/714
|
|switch|p1a: Azelf|Azelf|239\/291
|move|p2a: Pink Blob|Wish|p2a: Pink Blob
|
|-heal|p2a: Pink Blob|633\/714|[from] item: Leftovers
|turn|7
|
|switch|p1a: Ampharos|Ampharos-Mega, M|146\/341
|-ability|p1a: Ampharos|Mold Breaker
|switch|p2a: Shrapnel|Forretress, M, shiny|291\/354
|
|-heal|p2a: Shrapnel|354\/354|[from] move: Wish|[wisher] Pink Blob
|turn|8
|leave|Mfw Kekturne
|
|switch|p2a: Pink Blob|Blissey, F, shiny|633\/714
|move|p1a: Ampharos|Thunderbolt|p2a: Pink Blob
|-damage|p2a: Pink Blob|461\/714
|
|-heal|p2a: Pink Blob|505\/714|[from] item: Leftovers
|turn|9
|
|move|p1a: Ampharos|Volt Switch|p2a: Pink Blob
|-damage|p2a: Pink Blob|367\/714
|
|switch|p1a: Azelf|Azelf|239\/291
|move|p2a: Pink Blob|Wish|p2a: Pink Blob
|
|-heal|p2a: Pink Blob|411\/714|[from] item: Leftovers
|turn|10
|
|move|p1a: Azelf|Stealth Rock|p2a: Pink Blob
|-sidestart|p2: Ultra Super Jak|move: Stealth Rock
|move|p2a: Pink Blob|Seismic Toss|p1a: Azelf
|-damage|p1a: Azelf|139\/291
|
|-heal|p2a: Pink Blob|714\/714|[from] move: Wish|[wisher] Pink Blob
|turn|11
|
|switch|p2a: Shrapnel|Forretress, M, shiny|354\/354
|-damage|p2a: Shrapnel|310\/354|[from] Stealth Rock
|move|p1a: Azelf|Knock Off|p2a: Shrapnel
|-damage|p2a: Shrapnel|268\/354
|
|turn|12
|
|move|p1a: Azelf|Explosion|p2a: Shrapnel
|-resisted|p2a: Shrapnel
|-damage|p2a: Shrapnel|182\/354
|faint|p1a: Azelf
|move|p2a: Shrapnel|Rapid Spin|p1: Azelf|[notarget]
|-notarget
|
|
|switch|p1a: Ampharos|Ampharos-Mega, M|146\/341
|-ability|p1a: Ampharos|Mold Breaker
|turn|13
|
|switch|p2a: Pink Blob|Blissey, F, shiny|714\/714
|-damage|p2a: Pink Blob|625\/714|[from] Stealth Rock
|move|p1a: Ampharos|Volt Switch|p2a: Pink Blob
|-damage|p2a: Pink Blob|498\/714
|
|switch|p1a: Lucario|Lucario, F|281\/281
|
|-heal|p2a: Pink Blob|542\/714|[from] item: Leftovers
|turn|14
|
|switch|p1a: Ampharos|Ampharos-Mega, M|146\/341
|-ability|p1a: Ampharos|Mold Breaker
|switch|p2a: Shrapnel|Forretress, M, shiny|182\/354
|-damage|p2a: Shrapnel|138\/354|[from] Stealth Rock
|
|turn|15
|
|move|p1a: Ampharos|Volt Switch|p2a: Shrapnel
|-crit|p2a: Shrapnel
|-damage|p2a: Shrapnel|0 fnt
|faint|p2a: Shrapnel
|chat|Ultra Super Jak|i'm getting outplayed'
|chat|Ultra Super Jak|your
|chat|Ultra Super Jak|too
|chat|Ultra Super Jak|good
|chat|angela management|;[
|
|switch|p1a: Shaymin|Shaymin|341\/341
|
|chat|Ultra Super Jak|I'm being serious lol
|
|switch|p2a: Ready For Sex|Victini, shiny|341\/341
|-damage|p2a: Ready For Sex|256\/341|[from] Stealth Rock
|turn|16
|
|switch|p1a: Manaphy|Manaphy|401\/401
|move|p2a: Ready For Sex|V-create|p1a: Manaphy
|-resisted|p1a: Manaphy
|-damage|p1a: Manaphy|209\/401
|-unboost|p2a: Ready For Sex|def|1
|-unboost|p2a: Ready For Sex|spd|1
|-unboost|p2a: Ready For Sex|spe|1
|
|-heal|p1a: Manaphy|234\/401|[from] item: Leftovers
|turn|17
|
|switch|p2a: Pink Blob|Blissey, F, shiny|542\/714
|-damage|p2a: Pink Blob|453\/714|[from] Stealth Rock
|move|p1a: Manaphy|Tail Glow|p1a: Manaphy
|-boost|p1a: Manaphy|spa|3
|
|-heal|p1a: Manaphy|259\/401|[from] item: Leftovers
|-heal|p2a: Pink Blob|497\/714|[from] item: Leftovers
|turn|18
|
|move|p1a: Manaphy|Scald|p2a: Pink Blob
|-damage|p2a: Pink Blob|302\/714
|-status|p2a: Pink Blob|brn
|move|p2a: Pink Blob|Wish|p2a: Pink Blob
|
|-heal|p1a: Manaphy|284\/401|[from] item: Leftovers
|-heal|p2a: Pink Blob|346\/714 brn|[from] item: Leftovers
|-damage|p2a: Pink Blob|257\/714 brn|[from] brn
|turn|19
|
|move|p1a: Manaphy|Tail Glow|p1a: Manaphy
|-boost|p1a: Manaphy|spa|3
|move|p2a: Pink Blob|Seismic Toss|p1a: Manaphy
|-damage|p1a: Manaphy|184\/401
|
|-heal|p2a: Pink Blob|614\/714 brn|[from] move: Wish|[wisher] Pink Blob
|-heal|p1a: Manaphy|209\/401|[from] item: Leftovers
|-heal|p2a: Pink Blob|658\/714 brn|[from] item: Leftovers
|-damage|p2a: Pink Blob|569\/714 brn|[from] brn
|turn|20
|
|move|p1a: Manaphy|Scald|p2a: Pink Blob
|-damage|p2a: Pink Blob|296\/714 brn
|move|p2a: Pink Blob|Wish|p2a: Pink Blob
|
|-heal|p1a: Manaphy|234\/401|[from] item: Leftovers
|-heal|p2a: Pink Blob|340\/714 brn|[from] item: Leftovers
|-damage|p2a: Pink Blob|251\/714 brn|[from] brn
|turn|21
|
|move|p1a: Manaphy|Scald|p2a: Pink Blob
|-damage|p2a: Pink Blob|0 fnt
|faint|p2a: Pink Blob
|
|-heal|p1a: Manaphy|259\/401|[from] item: Leftovers
|
|switch|p2a: Ready For Sex|Victini, shiny|256\/341
|-damage|p2a: Ready For Sex|171\/341|[from] Stealth Rock
|turn|22
|
|switch|p1a: Crobat|Crobat, F|323\/323
|move|p2a: Ready For Sex|V-create|p1a: Crobat
|-damage|p1a: Crobat|0 fnt
|-unboost|p2a: Ready For Sex|def|1
|-unboost|p2a: Ready For Sex|spd|1
|-unboost|p2a: Ready For Sex|spe|1
|faint|p1a: Crobat
|
|
|switch|p1a: Manaphy|Manaphy|259\/401
|turn|23
|
|switch|p2a: Dur?|Slowbro, M, shiny|394\/394
|-damage|p2a: Dur?|345\/394|[from] Stealth Rock
|move|p1a: Manaphy|Scald|p2a: Dur?
|-resisted|p2a: Dur?
|-damage|p2a: Dur?|286\/394
|
|-heal|p1a: Manaphy|284\/401|[from] item: Leftovers
|-heal|p2a: Dur?|310\/394|[from] item: Leftovers
|turn|24
|
|switch|p2a: Ready For Sex|Victini, shiny|171\/341
|-damage|p2a: Ready For Sex|86\/341|[from] Stealth Rock
|move|p1a: Manaphy|Scald|p2a: Ready For Sex
|-supereffective|p2a: Ready For Sex
|-damage|p2a: Ready For Sex|0 fnt
|faint|p2a: Ready For Sex
|
|-heal|p1a: Manaphy|309\/401|[from] item: Leftovers
|
|switch|p2a: Amphabulous|Ampharos, F, shiny|384\/384
|-damage|p2a: Amphabulous|336\/384|[from] Stealth Rock
|turn|25
|
|detailschange|p2a: Amphabulous|Ampharos-Mega, F, shiny
|message|Ampharos has Mega Evolved into Mega Ampharos!
|-ability|p2a: Amphabulous|Mold Breaker
|move|p1a: Manaphy|Ice Beam|p2a: Amphabulous
|-supereffective|p2a: Amphabulous
|-damage|p2a: Amphabulous|192\/384
|move|p2a: Amphabulous|Thunderbolt|p1a: Manaphy
|-supereffective|p1a: Manaphy
|-damage|p1a: Manaphy|0 fnt
|faint|p1a: Manaphy
|
|
|switch|p1a: Shaymin|Shaymin|341\/341
|turn|26
|
|move|p1a: Shaymin|Earth Power|p2a: Amphabulous
|-supereffective|p2a: Amphabulous
|-damage|p2a: Amphabulous|0 fnt
|faint|p2a: Amphabulous
|
|
|switch|p2a: NiteNite|Suicune, shiny|404\/404
|-damage|p2a: NiteNite|354\/404|[from] Stealth Rock
|-ability|p2a: NiteNite|Pressure
|turn|27
|chat|Ultra Super Jak|gg wp
|
|switch|p1a: Ampharos|Ampharos-Mega, M|146\/341
|-ability|p1a: Ampharos|Mold Breaker
|move|p2a: NiteNite|Scald|p1a: Ampharos
|-crit|p1a: Ampharos
|-resisted|p1a: Ampharos
|-damage|p1a: Ampharos|83\/341
|-status|p1a: Ampharos|brn
|
|-heal|p2a: NiteNite|379\/404|[from] item: Leftovers
|-damage|p1a: Ampharos|41\/341 brn|[from] brn
|turn|28
|chat|angela management|ty
|
|switch|p1a: Lucario|Lucario, F|281\/281
|move|p2a: NiteNite|Scald|p1a: Lucario
|-damage|p1a: Lucario|172\/281
|-status|p1a: Lucario|brn
|
|-heal|p2a: NiteNite|404\/404|[from] item: Leftovers
|-damage|p1a: Lucario|137\/281 brn|[from] brn
|turn|29
|
|move|p1a: Lucario|Close Combat|p2a: NiteNite
|-damage|p2a: NiteNite|318\/404
|-unboost|p1a: Lucario|def|1
|-unboost|p1a: Lucario|spd|1
|-damage|p1a: Lucario|109\/281 brn|[from] item: Life Orb
|move|p2a: NiteNite|Calm Mind|p2a: NiteNite
|-boost|p2a: NiteNite|spa|1
|-boost|p2a: NiteNite|spd|1
|
|-heal|p2a: NiteNite|343\/404|[from] item: Leftovers
|-damage|p1a: Lucario|74\/281 brn|[from] brn
|turn|30
|chat|angela management|lol
|chat|Ultra Super Jak|Can I come to you
|chat|angela management|late game choke
|chat|Ultra Super Jak|for teamhelp
|
|switch|p1a: Shaymin|Shaymin|341\/341
|move|p2a: NiteNite|Calm Mind|p2a: NiteNite
|-boost|p2a: NiteNite|spa|1
|-boost|p2a: NiteNite|spd|1
|
|-heal|p2a: NiteNite|368\/404|[from] item: Leftovers
|turn|31
|
|move|p1a: Shaymin|Seed Flare|p2a: NiteNite|[miss]
|-miss|p1a: Shaymin|p2a: NiteNite
|move|p2a: NiteNite|Scald|p1a: Shaymin
|-resisted|p1a: Shaymin
|-damage|p1a: Shaymin|258\/341
|
|-heal|p2a: NiteNite|393\/404|[from] item: Leftovers
|turn|32
|
|move|p1a: Shaymin|Seed Flare|p2a: NiteNite
|-supereffective|p2a: NiteNite
|-damage|p2a: NiteNite|163\/404
|-unboost|p2a: NiteNite|spd|2
|move|p2a: NiteNite|Calm Mind|p2a: NiteNite
|-boost|p2a: NiteNite|spa|1
|-boost|p2a: NiteNite|spd|1
|
|-heal|p2a: NiteNite|188\/404|[from] item: Leftovers
|turn|33
|chat|Ultra Super Jak|and now I choke lol
|
|move|p1a: Shaymin|Seed Flare|p2a: NiteNite
|-supereffective|p2a: NiteNite
|-damage|p2a: NiteNite|0 fnt
|faint|p2a: NiteNite
|
|
|switch|p2a: Dur?|Slowbro, M, shiny|310\/394
|-damage|p2a: Dur?|261\/394|[from] Stealth Rock
|turn|34
|
|switch|p1a: Lucario|Lucario, F|74\/281 brn
|move|p2a: Dur?|Psyshock|p1a: Lucario
|-damage|p1a: Lucario|0 fnt
|faint|p1a: Lucario
|
|-heal|p2a: Dur?|285\/394|[from] item: Leftovers
|
|switch|p1a: Shaymin|Shaymin|258\/341
|turn|35
|
|move|p1a: Shaymin|Healing Wish|p1a: Shaymin
|faint|p1a: Shaymin
|move|p2a: Dur?|Psyshock|p1: Shaymin|[notarget]
|-notarget
|
|-heal|p2a: Dur?|309\/394|[from] item: Leftovers
|
|switch|p1a: Ampharos|Ampharos-Mega, M|41\/341 brn
|-heal|p1a: Ampharos|341\/341|[from] move: Healing Wish
|-ability|p1a: Ampharos|Mold Breaker
|turn|36
|chat|Ultra Super Jak|Smart
|chat|Ultra Super Jak|gg
|
|move|p1a: Ampharos|Thunderbolt|p2a: Dur?
|-supereffective|p2a: Dur?
|-damage|p2a: Dur?|0 fnt
|faint|p2a: Dur?
|
|win|angela management
|raw|Ladder updating...
|raw|angela management's rating: 1563 &rarr; <strong>1574<\/strong><br \/>(+11 for winning)
|raw|Ultra Super Jak's rating: 1387 &rarr; <strong>1376<\/strong><br \/>(-11 for losing)