|join|Angela Management
|join|moxie100
|player|p1|Angela Management|112
|player|p2|moxie100|163
|gametype|singles
|gen|6
|tier|UU
|rated
|rule|Sleep Clause Mod: Limit one foe put to sleep
|rule|Species Clause: Limit one of each Pokemon
|rule|OHKO Clause: OHKO moves are banned
|rule|Moody Clause: Moody is banned
|rule|Evasion Moves Clause: Evasion moves are banned
|rule|Endless Battle Clause: Forcing endless battles is banned
|rule|HP Percentage Mod: HP is reported as percentages
|clearpoke
|poke|p1|Snorlax, M
|poke|p1|Slowbro, F
|poke|p1|Gligar, M
|poke|p1|Florges, F
|poke|p1|Infernape, M
|poke|p1|Tentacruel, F
|poke|p2|Hydreigon, F
|poke|p2|Nidoqueen, F
|poke|p2|Azelf
|poke|p2|Alakazam, M
|poke|p2|Lucario, F
|poke|p2|Chandelure, M
|rule|Baton Pass Clause: Limit 3 pokemon knowing Baton Pass
|teampreview
|
|start
|switch|p1a: Infernape|Infernape, M|293\/293
|switch|p2a: Alakazam|Alakazam, M|252\/252
|turn|1
|
|move|p1a: Infernape|U-turn|p2a: Alakazam
|-supereffective|p2a: Alakazam
|-enditem|p2a: Alakazam|Focus Sash
|-damage|p2a: Alakazam|1\/252
|
|switch|p1a: Gligar|Gligar, M|334\/334
|move|p2a: Alakazam|Psyshock|p1a: Gligar
|-damage|p1a: Gligar|267\/334
|
|turn|2
|
|move|p2a: Alakazam|Shadow Ball|p1a: Gligar
|-damage|p1a: Gligar|181\/334
|move|p1a: Gligar|Knock Off|p2a: Alakazam
|-supereffective|p2a: Alakazam
|-damage|p2a: Alakazam|0 fnt
|faint|p2a: Alakazam
|
|
|switch|p2a: Hydreigon|Hydreigon, F|325\/325
|turn|3
|
|switch|p2a: Nidoqueen|Nidoqueen, F|366\/366
|switch|p1a: Snorlax|Snorlax, M|491\/491
|
|turn|4
|
|move|p2a: Nidoqueen|Stealth Rock|p1a: Snorlax
|-sidestart|p1: Angela Management|move: Stealth Rock
|move|p1a: Snorlax|Frustration|p2a: Nidoqueen
|-damage|p2a: Nidoqueen|228\/366
|
|turn|5
|
|switch|p2a: Chandelure|Chandelure, M|261\/261
|move|p1a: Snorlax|Frustration|p2a: Chandelure
|-immune|p2a: Chandelure|[msg]
|
|turn|6
|
|switch|p1a: Tentacruel|Tentacruel, F|364\/364
|-damage|p1a: Tentacruel|319\/364|[from] Stealth Rock
|move|p2a: Chandelure|Trick|p1a: Tentacruel
|-activate|p2a: Chandelure|move: Trick|[of] p1a: Tentacruel
|-item|p1a: Tentacruel|Choice Scarf|[from] move: Trick
|-item|p2a: Chandelure|Black Sludge|[from] move: Trick
|
|-damage|p2a: Chandelure|229\/261|[from] item: Black Sludge
|turn|7
|
|switch|p2a: Hydreigon|Hydreigon, F|325\/325
|move|p1a: Tentacruel|Scald|p2a: Hydreigon
|-resisted|p2a: Hydreigon
|-damage|p2a: Hydreigon|281\/325
|
|turn|8
|
|switch|p2a: Nidoqueen|Nidoqueen, F|228\/366
|move|p1a: Tentacruel|Scald|p2a: Nidoqueen
|-crit|p2a: Nidoqueen
|-supereffective|p2a: Nidoqueen
|-damage|p2a: Nidoqueen|0 fnt
|faint|p2a: Nidoqueen
|
|chat|moxie100|.
|
|switch|p2a: Lucario|Lucario, F|281\/281
|turn|9
|
|move|p1a: Tentacruel|Scald|p2a: Lucario
|-damage|p2a: Lucario|179\/281
|move|p2a: Lucario|Swords Dance|p2a: Lucario
|-boost|p2a: Lucario|atk|2
|
|turn|10
|
|switch|p1a: Slowbro|Slowbro, F|393\/393
|-damage|p1a: Slowbro|344\/393|[from] Stealth Rock
|move|p2a: Lucario|Close Combat|p1a: Slowbro
|-resisted|p1a: Slowbro
|-damage|p1a: Slowbro|149\/393
|-damage|p2a: Lucario|133\/281|[from] item: Rocky Helmet|[of] p1a: Slowbro
|-unboost|p2a: Lucario|def|1
|-unboost|p2a: Lucario|spd|1
|-damage|p2a: Lucario|105\/281|[from] item: Life Orb
|
|turn|11
|
|move|p2a: Lucario|Close Combat|p1a: Slowbro
|-resisted|p1a: Slowbro
|-damage|p1a: Slowbro|0 fnt
|-damage|p2a: Lucario|59\/281|[from] item: Rocky Helmet|[of] p1a: Slowbro
|-unboost|p2a: Lucario|def|1
|-unboost|p2a: Lucario|spd|1
|-damage|p2a: Lucario|31\/281|[from] item: Life Orb
|faint|p1a: Slowbro
|
|
|switch|p1a: Florges|Florges, F|360\/360
|-damage|p1a: Florges|315\/360|[from] Stealth Rock
|turn|12
|
|move|p2a: Lucario|Close Combat|p1a: Florges
|-crit|p1a: Florges
|-resisted|p1a: Florges
|-damage|p1a: Florges|0 fnt
|-unboost|p2a: Lucario|def|1
|-unboost|p2a: Lucario|spd|1
|-damage|p2a: Lucario|3\/281|[from] item: Life Orb
|faint|p1a: Florges
|
|
|switch|p1a: Infernape|Infernape, M|293\/293
|-damage|p1a: Infernape|257\/293|[from] Stealth Rock
|turn|13
|
|switch|p1a: Gligar|Gligar, M|181\/334
|-damage|p1a: Gligar|140\/334|[from] Stealth Rock
|move|p2a: Lucario|Extreme Speed|p1a: Gligar
|-damage|p1a: Gligar|15\/334
|-damage|p2a: Lucario|0 fnt|[from] item: Life Orb
|faint|p2a: Lucario
|
|
|switch|p2a: Azelf|Azelf|292\/292
|turn|14
|
|move|p2a: Azelf|Knock Off|p1a: Gligar
|-damage|p1a: Gligar|0 fnt
|faint|p1a: Gligar
|
|
|switch|p1a: Infernape|Infernape, M|257\/293
|-damage|p1a: Infernape|221\/293|[from] Stealth Rock
|turn|15
|
|move|p1a: Infernape|U-turn|p2a: Azelf
|-crit|p2a: Azelf
|-supereffective|p2a: Azelf
|-damage|p2a: Azelf|16\/292
|
|switch|p1a: Snorlax|Snorlax, M|491\/491
|-damage|p1a: Snorlax|430\/491|[from] Stealth Rock
|move|p2a: Azelf|Knock Off|p1a: Snorlax
|-damage|p1a: Snorlax|298\/491
|-enditem|p1a: Snorlax|Leftovers|[from] move: Knock Off|[of] p2a: Azelf
|
|turn|16
|
|move|p2a: Azelf|Explosion|p1a: Snorlax
|-damage|p1a: Snorlax|0 fnt
|faint|p2a: Azelf
|faint|p1a: Snorlax
|
|
|switch|p1a: Infernape|Infernape, M|221\/293
|-damage|p1a: Infernape|185\/293|[from] Stealth Rock
|switch|p2a: Hydreigon|Hydreigon, F|281\/325
|turn|17
|
|switch|p2a: Chandelure|Chandelure, M|229\/261
|move|p1a: Infernape|U-turn|p2a: Chandelure
|-resisted|p2a: Chandelure
|-damage|p2a: Chandelure|210\/261
|
|switch|p1a: Tentacruel|Tentacruel, F|319\/364
|-damage|p1a: Tentacruel|274\/364|[from] Stealth Rock
|
|-damage|p2a: Chandelure|178\/261|[from] item: Black Sludge
|turn|18
|
|switch|p2a: Hydreigon|Hydreigon, F|281\/325
|move|p1a: Tentacruel|Scald|p2a: Hydreigon
|-resisted|p2a: Hydreigon
|-damage|p2a: Hydreigon|236\/325
|
|turn|19
|
|move|p1a: Tentacruel|Scald|p2a: Hydreigon
|-resisted|p2a: Hydreigon
|-damage|p2a: Hydreigon|187\/325
|-status|p2a: Hydreigon|brn
|move|p2a: Hydreigon|Draco Meteor|p1a: Tentacruel
|-damage|p1a: Tentacruel|19\/364
|-unboost|p2a: Hydreigon|spa|2
|-damage|p2a: Hydreigon|155\/325 brn|[from] item: Life Orb
|
|-damage|p2a: Hydreigon|115\/325 brn|[from] brn
|turn|20
|
|move|p1a: Tentacruel|Scald|p2a: Hydreigon
|-resisted|p2a: Hydreigon
|-damage|p2a: Hydreigon|69\/325 brn
|move|p2a: Hydreigon|Roost|p2a: Hydreigon
|-heal|p2a: Hydreigon|232\/325 brn
|
|-damage|p2a: Hydreigon|192\/325 brn|[from] brn
|turn|21
|
|move|p1a: Tentacruel|Scald|p2a: Hydreigon
|-resisted|p2a: Hydreigon
|-damage|p2a: Hydreigon|145\/325 brn
|move|p2a: Hydreigon|Roost|p2a: Hydreigon
|-heal|p2a: Hydreigon|308\/325 brn
|
|-damage|p2a: Hydreigon|268\/325 brn|[from] brn
|turn|22
|
|move|p1a: Tentacruel|Scald|p2a: Hydreigon
|-resisted|p2a: Hydreigon
|-damage|p2a: Hydreigon|220\/325 brn
|move|p2a: Hydreigon|Dark Pulse|p1a: Tentacruel
|-damage|p1a: Tentacruel|0 fnt
|-damage|p2a: Hydreigon|188\/325 brn|[from] item: Life Orb
|faint|p1a: Tentacruel
|
|-damage|p2a: Hydreigon|148\/325 brn|[from] brn
|
|switch|p1a: Infernape|Infernape, M|185\/293
|-damage|p1a: Infernape|149\/293|[from] Stealth Rock
|turn|23
|
|move|p1a: Infernape|Rock Slide|p2a: Hydreigon
|-damage|p2a: Hydreigon|64\/325 brn
|cant|p2a: Hydreigon|flinch
|
|-damage|p2a: Hydreigon|24\/325 brn|[from] brn
|turn|24
|chat|moxie100|.........
|
|move|p1a: Infernape|Rock Slide|p2a: Hydreigon
|-miss|p1a: Infernape|p2a: Hydreigon
|move|p2a: Hydreigon|Draco Meteor|p1a: Infernape|[miss]
|-miss|p2a: Hydreigon|p1a: Infernape
|
|-damage|p2a: Hydreigon|0 fnt|[from] brn
|faint|p2a: Hydreigon
|chat|moxie100|LOL
|
|switch|p2a: Chandelure|Chandelure, M|178\/261
|turn|25
|chat|moxie100|this is fucking great
|
|move|p1a: Infernape|Rock Slide|p2a: Chandelure
|-supereffective|p2a: Chandelure
|-damage|p2a: Chandelure|20\/261
|move|p2a: Chandelure|Shadow Ball|p1a: Infernape
|-damage|p1a: Infernape|0 fnt
|faint|p1a: Infernape
|
|win|moxie100
|raw|Ladder updating...
|raw|Angela Management's rating: 1607 &rarr; <strong>1590<\/strong><br \/>(-17 for losing)
|raw|moxie100's rating: 1659 &rarr; <strong>1676<\/strong><br \/>(+17 for winning)
|leave|Angela Management
|player|p1