|join|Angela Management
|join|AmoCran3
|player|p1|Angela Management|100
|player|p2|AmoCran3|169
|gametype|singles
|gen|6
|tier|UU
|rated
|rule|Sleep Clause Mod: Limit one foe put to sleep
|rule|Species Clause: Limit one of each PokÃ©mon
|rule|OHKO Clause: OHKO moves are banned
|rule|Moody Clause: Moody is banned
|rule|Evasion Moves Clause: Evasion moves are banned
|rule|Endless Battle Clause: Forcing endless battles is banned
|rule|HP Percentage Mod: HP is shown in percentages
|clearpoke
|poke|p1|Suicune
|poke|p1|Cobalion
|poke|p1|Aerodactyl, F
|poke|p1|Swampert, M
|poke|p1|Flygon, F
|poke|p1|Reuniclus, M
|poke|p2|Blastoise, M
|poke|p2|Darmanitan, M
|poke|p2|Whimsicott, F
|poke|p2|Absol, F
|poke|p2|Escavalier, M
|poke|p2|Azelf
|rule|Swagger Clause: Swagger is banned
|rule|Baton Pass Clause: Limit one PokÃ©mon knowing Baton Pass
|teampreview
|
|start
|switch|p1a: Flygon|Flygon, F|301\/301
|switch|p2a: Azelf|Azelf|291\/291
|turn|1
|
|move|p1a: Flygon|U-turn|p2a: Azelf
|-crit|p2a: Azelf
|-supereffective|p2a: Azelf
|-enditem|p2a: Azelf|Focus Sash
|-damage|p2a: Azelf|1\/291
|
|switch|p1a: Aerodactyl|Aerodactyl, F|301\/301
|-ability|p1a: Aerodactyl|Pressure
|move|p2a: Azelf|Stealth Rock|p1a: Aerodactyl
|-sidestart|p1: Angela Management|move: Stealth Rock
|
|turn|2
|
|detailschange|p1a: Aerodactyl|Aerodactyl-Mega, F
|message|Aerodactyl has Mega Evolved into Mega Aerodactyl!
|move|p2a: Azelf|Extrasensory|p1a: Aerodactyl
|-damage|p1a: Aerodactyl|156\/301
|move|p1a: Aerodactyl|Roost|p1a: Aerodactyl
|-heal|p1a: Aerodactyl|301\/301
|
|turn|3
|
|move|p1a: Aerodactyl|Pursuit|p2a: Azelf
|-supereffective|p2a: Azelf
|-damage|p2a: Azelf|0 fnt
|faint|p2a: Azelf
|
|
|switch|p2a: Escavalier|Escavalier, M|344\/344
|turn|4
|
|switch|p1a: Swampert|Swampert, M|401\/401
|-damage|p1a: Swampert|376\/401|[from] Stealth Rock
|move|p2a: Escavalier|Knock Off|p1a: Swampert
|-damage|p1a: Swampert|273\/401
|-enditem|p1a: Swampert|Leftovers|[from] move: Knock Off|[of] p2a: Escavalier
|
|turn|5
|
|switch|p1a: Flygon|Flygon, F|301\/301
|-damage|p1a: Flygon|283\/301|[from] Stealth Rock
|move|p2a: Escavalier|Megahorn|p1a: Flygon
|-damage|p1a: Flygon|0 fnt
|faint|p1a: Flygon
|
|
|switch|p1a: Cobalion|Cobalion|323\/323
|-damage|p1a: Cobalion|313\/323|[from] Stealth Rock
|turn|6
|
|move|p1a: Cobalion|Swords Dance|p1a: Cobalion
|-boost|p1a: Cobalion|atk|2
|move|p2a: Escavalier|Knock Off|p1a: Cobalion
|-resisted|p1a: Cobalion
|-damage|p1a: Cobalion|256\/323
|-boost|p1a: Cobalion|atk|1|[from] ability: Justified
|-enditem|p1a: Cobalion|Lum Berry|[from] move: Knock Off|[of] p2a: Escavalier
|
|turn|7
|
|move|p1a: Cobalion|Close Combat|p2a: Escavalier
|-damage|p2a: Escavalier|0 fnt
|-unboost|p1a: Cobalion|def|1
|-unboost|p1a: Cobalion|spd|1
|faint|p2a: Escavalier
|
|
|switch|p2a: Darmanitan|Darmanitan, M|351\/351
|turn|8
|
|switch|p1a: Suicune|Suicune|401\/401
|-damage|p1a: Suicune|351\/401|[from] Stealth Rock
|-ability|p1a: Suicune|Pressure
|move|p2a: Darmanitan|Flare Blitz|p1a: Suicune
|-resisted|p1a: Suicune
|-damage|p1a: Suicune|216\/401
|-damage|p2a: Darmanitan|306\/351|[from] recoil|[of] p1a: Suicune
|
|-heal|p1a: Suicune|241\/401|[from] item: Leftovers
|turn|9
|
|switch|p2a: Whimsicott|Whimsicott, F|324\/324
|move|p1a: Suicune|Scald|p2a: Whimsicott
|-resisted|p2a: Whimsicott
|-damage|p2a: Whimsicott|270\/324
|
|-heal|p2a: Whimsicott|290\/324|[from] item: Leftovers
|-heal|p1a: Suicune|266\/401|[from] item: Leftovers
|turn|10
|
|switch|p1a: Reuniclus|Reuniclus, M|422\/422
|move|p2a: Whimsicott|Encore|p1a: Reuniclus
|-fail|p1a: Reuniclus
|
|-heal|p2a: Whimsicott|310\/324|[from] item: Leftovers
|turn|11
|
|move|p2a: Whimsicott|Leech Seed|p1a: Reuniclus
|-start|p1a: Reuniclus|move: Leech Seed
|move|p1a: Reuniclus|Signal Beam|p2a: Whimsicott
|-damage|p2a: Whimsicott|184\/324
|
|-heal|p2a: Whimsicott|204\/324|[from] item: Leftovers
|turn|12
|
|switch|p2a: Absol|Absol, F|271\/271
|move|p1a: Reuniclus|Psychic|p2a: Absol
|-immune|p2a: Absol|[msg]
|
|turn|13
|
|switch|p1a: Cobalion|Cobalion|256\/323
|-damage|p1a: Cobalion|246\/323|[from] Stealth Rock
|move|p2a: Absol|Psycho Cut|p1a: Cobalion
|-crit|p1a: Cobalion
|-damage|p1a: Cobalion|149\/323
|
|turn|14
|
|switch|p2a: Blastoise|Blastoise, M|362\/362
|move|p1a: Cobalion|Close Combat|p2a: Blastoise
|-damage|p2a: Blastoise|184\/362
|-unboost|p1a: Cobalion|def|1
|-unboost|p1a: Cobalion|spd|1
|
|turn|15
|
|switch|p1a: Suicune|Suicune|266\/401
|-damage|p1a: Suicune|216\/401|[from] Stealth Rock
|-ability|p1a: Suicune|Pressure
|detailschange|p2a: Blastoise|Blastoise-Mega, M
|message|Blastoise has Mega Evolved into Mega Blastoise!
|move|p2a: Blastoise|Hydro Pump|p1a: Suicune
|-resisted|p1a: Suicune
|-damage|p1a: Suicune|117\/401
|
|-heal|p1a: Suicune|142\/401|[from] item: Leftovers
|turn|16
|join|DMT
|
|move|p1a: Suicune|Calm Mind|p1a: Suicune
|-boost|p1a: Suicune|spa|1
|-boost|p1a: Suicune|spd|1
|move|p2a: Blastoise|Aura Sphere|p1a: Suicune
|-damage|p1a: Suicune|45\/401
|
|-heal|p1a: Suicune|70\/401|[from] item: Leftovers
|turn|17
|
|switch|p2a: Whimsicott|Whimsicott, F|204\/324
|move|p1a: Suicune|Rest|p1a: Suicune
|-status|p1a: Suicune|slp
|-heal|p1a: Suicune|401\/401 slp|[silent]
|-status|p1a: Suicune|slp|[from] move: Rest
|
|-heal|p2a: Whimsicott|224\/324|[from] item: Leftovers
|turn|18
|
|switch|p1a: Reuniclus|Reuniclus, M|422\/422
|move|p2a: Whimsicott|Encore|p1a: Reuniclus
|-fail|p1a: Reuniclus
|
|-heal|p2a: Whimsicott|244\/324|[from] item: Leftovers
|turn|19
|
|move|p2a: Whimsicott|Leech Seed|p1a: Reuniclus
|-start|p1a: Reuniclus|move: Leech Seed
|move|p1a: Reuniclus|Signal Beam|p2a: Whimsicott
|-damage|p2a: Whimsicott|136\/324
|
|-heal|p2a: Whimsicott|156\/324|[from] item: Leftovers
|turn|20
|join|sniperaim
|
|switch|p2a: Absol|Absol, F|271\/271
|move|p1a: Reuniclus|Signal Beam|p2a: Absol
|-supereffective|p2a: Absol
|-damage|p2a: Absol|0 fnt
|faint|p2a: Absol
|
|
|switch|p2a: Blastoise|Blastoise-Mega, M|184\/362
|turn|21
|
|switch|p1a: Suicune|Suicune|401\/401 slp
|-damage|p1a: Suicune|351\/401 slp|[from] Stealth Rock
|-ability|p1a: Suicune|Pressure
|move|p2a: Blastoise|Aura Sphere|p1a: Suicune
|-damage|p1a: Suicune|218\/401 slp
|
|-heal|p1a: Suicune|243\/401 slp|[from] item: Leftovers
|turn|22
|join|Billtodamax
|leave|DMT
|
|cant|p1a: Suicune|slp
|move|p1a: Suicune|Sleep Talk|p1a: Suicune
|move|p1a: Suicune|Calm Mind|p1a: Suicune|[from]Sleep Talk
|-boost|p1a: Suicune|spa|1
|-boost|p1a: Suicune|spd|1
|move|p2a: Blastoise|Aura Sphere|p1a: Suicune
|-damage|p1a: Suicune|148\/401 slp
|
|-heal|p1a: Suicune|173\/401 slp|[from] item: Leftovers
|turn|23
|
|cant|p1a: Suicune|slp
|move|p1a: Suicune|Sleep Talk|p1a: Suicune
|move|p1a: Suicune|Scald|p2a: Blastoise|[from]Sleep Talk
|-resisted|p2a: Blastoise
|-damage|p2a: Blastoise|129\/362
|move|p2a: Blastoise|Aura Sphere|p1a: Suicune
|-damage|p1a: Suicune|75\/401 slp
|
|-heal|p1a: Suicune|100\/401 slp|[from] item: Leftovers
|turn|24
|
|-curestatus|p1a: Suicune|slp
|move|p1a: Suicune|Scald|p2a: Blastoise
|-resisted|p2a: Blastoise
|-damage|p2a: Blastoise|75\/362
|move|p2a: Blastoise|Aura Sphere|p1a: Suicune
|-damage|p1a: Suicune|9\/401
|
|-heal|p1a: Suicune|34\/401|[from] item: Leftovers
|turn|25
|
|move|p1a: Suicune|Scald|p2a: Blastoise
|-resisted|p2a: Blastoise
|-damage|p2a: Blastoise|18\/362
|move|p2a: Blastoise|Dragon Pulse|p1a: Suicune
|-damage|p1a: Suicune|0 fnt
|faint|p1a: Suicune
|
|
|switch|p1a: Aerodactyl|Aerodactyl-Mega, F|301\/301
|-damage|p1a: Aerodactyl|226\/301|[from] Stealth Rock
|turn|26
|
|move|p1a: Aerodactyl|Pursuit|p2a: Blastoise
|-damage|p2a: Blastoise|0 fnt
|faint|p2a: Blastoise
|
|
|switch|p2a: Whimsicott|Whimsicott, F|156\/324
|turn|27
|
|switch|p1a: Reuniclus|Reuniclus, M|422\/422
|move|p2a: Whimsicott|Encore|p1a: Reuniclus
|-fail|p1a: Reuniclus
|
|-heal|p2a: Whimsicott|176\/324|[from] item: Leftovers
|turn|28
|
|move|p2a: Whimsicott|Moonblast|p1a: Reuniclus
|-damage|p1a: Reuniclus|311\/422
|move|p1a: Reuniclus|Psychic|p2a: Whimsicott
|-damage|p2a: Whimsicott|0 fnt
|faint|p2a: Whimsicott
|
|
|switch|p2a: Darmanitan|Darmanitan, M|306\/351
|turn|29
|
|move|p2a: Darmanitan|Superpower|p1a: Reuniclus
|-resisted|p1a: Reuniclus
|-damage|p1a: Reuniclus|245\/422
|-unboost|p2a: Darmanitan|atk|1
|-unboost|p2a: Darmanitan|def|1
|move|p1a: Reuniclus|Psychic|p2a: Darmanitan
|-damage|p2a: Darmanitan|25\/351
|
|turn|30
|
|move|p2a: Darmanitan|Superpower|p1a: Reuniclus
|-resisted|p1a: Reuniclus
|-damage|p1a: Reuniclus|203\/422
|-unboost|p2a: Darmanitan|atk|1
|-unboost|p2a: Darmanitan|def|1
|move|p1a: Reuniclus|Psychic|p2a: Darmanitan
|-damage|p2a: Darmanitan|0 fnt
|faint|p2a: Darmanitan
|
|win|Angela Management
|raw|Ladder updating...
|raw|Angela Management's rating: 1620 &rarr; <strong>1629<\/strong><br \/>(+9 for winning)
|raw|AmoCran3's rating: 1394 &rarr; <strong>1385<\/strong><br \/>(-9 for losing)
|leave|Angela Management
|player|p1