|join|Angela Management
|join|BFoxy
|player|p1|Angela Management|112
|player|p2|BFoxy|154
|gametype|singles
|gen|6
|tier|UU
|rated
|rule|Sleep Clause Mod: Limit one foe put to sleep
|rule|Species Clause: Limit one of each Pokemon
|rule|OHKO Clause: OHKO moves are banned
|rule|Moody Clause: Moody is banned
|rule|Evasion Moves Clause: Evasion moves are banned
|rule|Endless Battle Clause: Forcing endless battles is banned
|rule|HP Percentage Mod: HP is reported as percentages
|clearpoke
|poke|p1|Cobalion
|poke|p1|Florges, F
|poke|p1|Suicune
|poke|p1|Flygon, F
|poke|p1|Swampert, M
|poke|p1|Reuniclus, F
|poke|p2|Slowbro, M
|poke|p2|Florges, F
|poke|p2|Roserade, M
|poke|p2|Escavalier, M
|poke|p2|Aerodactyl, M, shiny
|poke|p2|Hippowdon, M
|rule|Baton Pass Clause: Limit 3 pokemon knowing Baton Pass
|teampreview
|
|start
|switch|p1a: Flygon|Flygon, F|301\/301
|switch|p2a: Highgarden|Roserade, M|261\/261
|turn|1
|
|switch|p2a: Short Bus|Slowbro, M|393\/393
|move|p1a: Flygon|U-turn|p2a: Short Bus
|-supereffective|p2a: Short Bus
|-damage|p2a: Short Bus|301\/393
|-damage|p1a: Flygon|251\/301|[from] item: Rocky Helmet|[of] p2a: Short Bus
|join|zTerribadTastic
|
|switch|p1a: Reuniclus|Reuniclus, F|422\/422
|
|turn|2
|
|switch|p2a: KnightsOftheRound|Escavalier, M|343\/343
|move|p1a: Reuniclus|Shadow Ball|p2a: KnightsOftheRound
|-damage|p2a: KnightsOftheRound|284\/343
|
|-heal|p2a: KnightsOftheRound|305\/343|[from] item: Leftovers
|turn|3
|
|switch|p1a: yep PKMN is shit|Suicune|401\/401
|-ability|p1a: yep PKMN is shit|Pressure
|switch|p2a: Highgarden|Roserade, M|261\/261
|
|turn|4
|
|switch|p1a: BAN LUCARIO|Cobalion|329\/329
|move|p2a: Highgarden|Sleep Powder|p1a: BAN LUCARIO
|-status|p1a: BAN LUCARIO|slp
|
|turn|5
|
|switch|p1a: Flygon|Flygon, F|251\/301
|move|p2a: Highgarden|Hidden Power|p1a: Flygon
|-resisted|p1a: Flygon
|-damage|p1a: Flygon|198\/301
|-damage|p2a: Highgarden|235\/261|[from] item: Life Orb
|
|turn|6
|join|LTI Cyrus
|
|switch|p1a: Swampert|Swampert, M|401\/401
|switch|p2a: Short Bus|Slowbro, M|393\/393
|
|turn|7
|
|move|p1a: Swampert|Stealth Rock|p2a: Short Bus
|-sidestart|p2: BFoxy|move: Stealth Rock
|move|p2a: Short Bus|Calm Mind|p2a: Short Bus
|-boost|p2a: Short Bus|spa|1
|-boost|p2a: Short Bus|spd|1
|
|turn|8
|
|switch|p1a: Reuniclus|Reuniclus, F|422\/422
|move|p2a: Short Bus|Scald|p1a: Reuniclus
|-damage|p1a: Reuniclus|260\/422
|-status|p1a: Reuniclus|brn
|
|-heal|p1a: Reuniclus|286\/422 brn|[from] item: Leftovers
|turn|9
|
|switch|p2a: KnightsOftheRound|Escavalier, M|305\/343
|-damage|p2a: KnightsOftheRound|263\/343|[from] Stealth Rock
|move|p1a: Reuniclus|Shadow Ball|p2a: KnightsOftheRound
|-damage|p2a: KnightsOftheRound|203\/343
|
|-heal|p1a: Reuniclus|312\/422 brn|[from] item: Leftovers
|-heal|p2a: KnightsOftheRound|224\/343|[from] item: Leftovers
|turn|10
|
|switch|p1a: BAN LUCARIO|Cobalion|329\/329 slp
|move|p2a: KnightsOftheRound|Megahorn|p1a: BAN LUCARIO
|-resisted|p1a: BAN LUCARIO
|-damage|p1a: BAN LUCARIO|296\/329 slp
|
|-heal|p2a: KnightsOftheRound|245\/343|[from] item: Leftovers
|turn|11
|
|switch|p1a: Florges|Florges, F|360\/360
|switch|p2a: Petrie|Aerodactyl, M, shiny|361\/361
|-damage|p2a: Petrie|271\/361|[from] Stealth Rock
|
|turn|12
|
|detailschange|p2a: Petrie|Aerodactyl-Mega, M, shiny
|message|Aerodactyl has Mega Evolved into Mega Aerodactyl!
|move|p2a: Petrie|Defog|p1a: Florges
|-unboost|p1a: Florges|evasion|1
|-sideend|p2: BFoxy|Stealth Rock|[from] move: Defog|[of] p2a: Petrie
|move|p1a: Florges|Moonblast|p2a: Petrie
|-damage|p2a: Petrie|153\/361
|
|turn|13
|
|switch|p2a: Highgarden|Roserade, M|235\/261
|switch|p1a: Swampert|Swampert, M|401\/401
|
|turn|14
|
|switch|p1a: BAN LUCARIO|Cobalion|296\/329 slp
|move|p2a: Highgarden|Giga Drain|p1a: BAN LUCARIO
|-resisted|p1a: BAN LUCARIO
|-damage|p1a: BAN LUCARIO|180\/329 slp
|-heal|p2a: Highgarden|261\/261|[from] drain|[of] p1a: BAN LUCARIO
|-damage|p2a: Highgarden|235\/261|[from] item: Life Orb
|
|turn|15
|
|cant|p1a: BAN LUCARIO|slp
|move|p2a: Highgarden|Giga Drain|p1a: BAN LUCARIO
|-resisted|p1a: BAN LUCARIO
|-damage|p1a: BAN LUCARIO|66\/329 slp
|-heal|p2a: Highgarden|261\/261|[from] drain|[of] p1a: BAN LUCARIO
|-damage|p2a: Highgarden|235\/261|[from] item: Life Orb
|
|turn|16
|
|switch|p1a: Flygon|Flygon, F|198\/301
|move|p2a: Highgarden|Giga Drain|p1a: Flygon
|-damage|p1a: Flygon|0 fnt
|-heal|p2a: Highgarden|261\/261|[from] drain|[of] p1a: Flygon
|-damage|p2a: Highgarden|235\/261|[from] item: Life Orb
|faint|p1a: Flygon
|
|join|blouff
|-message|Angela Management forfeited.
|
|win|BFoxy
|raw|Ladder updating...
|leave|Angela Management
|player|p1
|raw|Angela Management's rating: 1635 &rarr; <strong>1613<\/strong><br \/>(-22 for losing)
|raw|BFoxy's rating: 1600 &rarr; <strong>1622<\/strong><br \/>(+22 for winning)
|chat|BFoxy|lol
|leave|blouff
|join|blouff