|join|Angela Management
|join|Fat Lenny
|player|p1|Angela Management|112
|player|p2|Fat Lenny|224
|gametype|singles
|gen|6
|tier|UU
|rated
|rule|Sleep Clause Mod: Limit one foe put to sleep
|rule|Species Clause: Limit one of each Pokemon
|rule|OHKO Clause: OHKO moves are banned
|rule|Moody Clause: Moody is banned
|rule|Evasion Moves Clause: Evasion moves are banned
|rule|Endless Battle Clause: Forcing endless battles is banned
|rule|HP Percentage Mod: HP is reported as percentages
|clearpoke
|poke|p1|Kabutops, M
|poke|p1|Archeops, F
|poke|p1|Sableye, F
|poke|p1|Tornadus, M
|poke|p1|Ludicolo, F
|poke|p1|Jirachi, shiny
|poke|p2|Heracross, F
|poke|p2|Nidoqueen, F
|poke|p2|Aerodactyl, F
|poke|p2|Victini
|poke|p2|Lucario, F
|poke|p2|Hydreigon, M
|rule|Baton Pass Clause: Limit 3 pokemon knowing Baton Pass
|teampreview
|
|start
|switch|p1a: Sableye|Sableye, F|251\/251
|switch|p2a: Nidoqueen|Nidoqueen, F|366\/366
|turn|1
|
|move|p1a: Sableye|Taunt|p2a: Nidoqueen
|-start|p2a: Nidoqueen|move: Taunt
|move|p2a: Nidoqueen|Earth Power|p1a: Sableye
|-damage|p1a: Sableye|21\/251
|
|turn|2
|join|LTI Cyrus
|
|switch|p2a: Heracross|Heracross, F|311\/311
|move|p1a: Sableye|Rain Dance|p1a: Sableye
|-weather|RainDance
|
|-weather|RainDance|[upkeep]
|turn|3
|
|move|p2a: Heracross|Swords Dance|p2a: Heracross
|-boost|p2a: Heracross|atk|2
|move|p1a: Sableye|Knock Off|p2a: Heracross
|-resisted|p2a: Heracross
|-damage|p2a: Heracross|252\/311
|-enditem|p2a: Heracross|Leftovers|[from] move: Knock Off|[of] p1a: Sableye
|
|-weather|RainDance|[upkeep]
|turn|4
|join|Nein Megger
|
|move|p2a: Heracross|Swords Dance|p2a: Heracross
|-boost|p2a: Heracross|atk|2
|move|p1a: Sableye|Knock Off|p2a: Heracross
|-resisted|p2a: Heracross
|-damage|p2a: Heracross|211\/311
|
|-weather|RainDance|[upkeep]
|turn|5
|
|move|p1a: Sableye|Taunt|p2a: Heracross
|-start|p2a: Heracross|move: Taunt
|cant|p2a: Heracross|move: Taunt|Swords Dance
|
|-weather|RainDance|[upkeep]
|turn|6
|
|move|p2a: Heracross|Close Combat|p1a: Sableye
|-immune|p1a: Sableye|[msg]
|move|p1a: Sableye|Knock Off|p2a: Heracross
|-resisted|p2a: Heracross
|-damage|p2a: Heracross|173\/311
|
|-weather|RainDance|[upkeep]
|turn|7
|chat|LTI Cyrus|rekt
|
|move|p2a: Heracross|Close Combat|p1a: Sableye
|-immune|p1a: Sableye|[msg]
|move|p1a: Sableye|Knock Off|p2a: Heracross
|-resisted|p2a: Heracross
|-damage|p2a: Heracross|137\/311
|
|-weather|RainDance|[upkeep]
|-end|p2a: Heracross|move: Taunt
|turn|8
|chat|Nein Megger|lel
|
|move|p2a: Heracross|Swords Dance|p2a: Heracross
|-boost|p2a: Heracross|atk|2
|move|p1a: Sableye|Knock Off|p2a: Heracross
|-resisted|p2a: Heracross
|-damage|p2a: Heracross|102\/311
|
|-weather|RainDance|[upkeep]
|turn|9
|
|move|p2a: Heracross|Knock Off|p1a: Sableye
|-damage|p1a: Sableye|0 fnt
|faint|p1a: Sableye
|
|-weather|none
|
|switch|p1a: Flappy Bird|Archeops, F|291\/291
|turn|10
|
|move|p1a: Flappy Bird|Sky Attack|p2a: Heracross|[still]
|-prepare|p1a: Flappy Bird|Sky Attack|p2a: Heracross
|-enditem|p1a: Flappy Bird|Power Herb
|-anim|p1a: Flappy Bird|Sky Attack|p2a: Heracross
|-supereffective|p2a: Heracross
|-damage|p2a: Heracross|0 fnt
|faint|p2a: Heracross
|
|chat|LTI Cyrus|lol fuck me that name
|join|SmashBrosBrawl
|chat|SmashBrosBrawl|burd
|
|switch|p2a: Aerodactyl|Aerodactyl, F|331\/331
|turn|11
|
|detailschange|p2a: Aerodactyl|Aerodactyl-Mega, F
|message|Aerodactyl has Mega Evolved into Mega Aerodactyl!
|move|p2a: Aerodactyl|Aqua Tail|p1a: Flappy Bird
|-supereffective|p1a: Flappy Bird
|-damage|p1a: Flappy Bird|0 fnt
|faint|p1a: Flappy Bird
|
|chat|Nein Megger|>using arshitops
|chat|Nein Megger|its like u want to lose
|
|switch|p1a: Jirachi|Jirachi, shiny|341\/341
|turn|12
|chat|SmashBrosBrawl|103-29
|chat|Angela Management|I've been past caring for a long while
|chat|SmashBrosBrawl|negger
|
|switch|p2a: Nidoqueen|Nidoqueen, F|366\/366
|move|p1a: Jirachi|Psyshock|p2a: Nidoqueen
|-supereffective|p2a: Nidoqueen
|-damage|p2a: Nidoqueen|0 fnt
|-damage|p1a: Jirachi|307\/341|[from] item: Life Orb
|faint|p2a: Nidoqueen
|
|chat|SmashBrosBrawl|:]
|chat|Nein Megger|lel
|chat|Nein Megger|rused
|chat|LTI Cyrus|252 Atk Archeops Sky Attack vs. 4 HP \/ 0 Def Heracross: 1224-1444 (405.2 - 478.1%) 
|
|switch|p2a: Victini|Victini|341\/341
|turn|13
|
|move|p2a: Victini|U-turn|p1a: Jirachi
|-crit|p1a: Jirachi
|-damage|p1a: Jirachi|147\/341
|chat|LTI Cyrus|archeops is legit, it does 400% to heracross
|chat|LTI Cyrus|don't diss it
|
|switch|p2a: Aerodactyl|Aerodactyl-Mega, F|331\/331
|move|p1a: Jirachi|Shadow Ball|p2a: Aerodactyl
|-damage|p2a: Aerodactyl|219\/331
|-damage|p1a: Jirachi|113\/341|[from] item: Life Orb
|
|turn|14
|
|move|p2a: Aerodactyl|Aqua Tail|p1a: Jirachi
|-damage|p1a: Jirachi|0 fnt
|faint|p1a: Jirachi
|
|
|switch|p1a: Tornadus|Tornadus, M|299\/299
|turn|15
|
|move|p1a: Tornadus|Rain Dance|p1a: Tornadus
|-weather|RainDance
|move|p2a: Aerodactyl|Aqua Tail|p1a: Tornadus
|-damage|p1a: Tornadus|28\/299
|
|-weather|RainDance|[upkeep]
|turn|16
|join|Watches you Fap
|
|move|p2a: Aerodactyl|Roost|p2a: Aerodactyl
|-heal|p2a: Aerodactyl|331\/331
|move|p1a: Tornadus|Hurricane|p2a: Aerodactyl
|-resisted|p2a: Aerodactyl
|-damage|p2a: Aerodactyl|239\/331
|-start|p2a: Aerodactyl|confusion
|
|-weather|RainDance|[upkeep]
|turn|17
|chat|SmashBrosBrawl|wtf survival
|chat|Nein Megger|switch imo
|join|MasterJKK
|leave|MasterJKK
|leave|Watches you Fap
|chat|Nein Megger|be real
|
|switch|p1a: Ludicolo|Ludicolo, F|301\/301
|-activate|p2a: Aerodactyl|confusion
|move|p2a: Aerodactyl|Roost|p2a: Aerodactyl
|-heal|p2a: Aerodactyl|331\/331
|
|-weather|RainDance|[upkeep]
|turn|18
|chat|Nein Megger|nasty plot
|
|switch|p2a: Victini|Victini|341\/341
|move|p1a: Ludicolo|Waterfall|p2a: Victini
|-supereffective|p2a: Victini
|-damage|p2a: Victini|0 fnt
|-damage|p1a: Ludicolo|271\/301|[from] item: Life Orb
|faint|p2a: Victini
|
|-weather|RainDance|[upkeep]
|
|switch|p2a: Hydreigon|Hydreigon, M|325\/325
|turn|19
|
|move|p2a: Hydreigon|U-turn|p1a: Ludicolo
|-supereffective|p1a: Ludicolo
|-damage|p1a: Ludicolo|135\/301
|join|mkprime
|chat|SmashBrosBrawl|wtf faster
|
|switch|p2a: Aerodactyl|Aerodactyl-Mega, F|331\/331
|move|p1a: Ludicolo|Ice Punch|p2a: Aerodactyl
|-supereffective|p2a: Aerodactyl
|-damage|p2a: Aerodactyl|144\/331
|-damage|p1a: Ludicolo|105\/301|[from] item: Life Orb
|
|-weather|RainDance|[upkeep]
|turn|20
|chat|blouff|go to luc
|chat|SmashBrosBrawl|i bet
|chat|SmashBrosBrawl|aero outspeeds
|chat|blouff|na
|chat|blouff|anger loses
|chat|blouff|cuz he didn't sd like i said
|chat|SmashBrosBrawl|he wins anyway
|chat|SmashBrosBrawl|cuz luke
|join|CoolStoryBrobat
|chat|SmashBrosBrawl|exspeed
|chat|SmashBrosBrawl|torn
|chat|SmashBrosBrawl|and outspeeds kabu
|
|switch|p2a: Hydreigon|Hydreigon, M|325\/325
|move|p1a: Ludicolo|Waterfall|p2a: Hydreigon
|-resisted|p2a: Hydreigon
|-damage|p2a: Hydreigon|216\/325
|-damage|p1a: Ludicolo|75\/301|[from] item: Life Orb
|
|-weather|RainDance|[upkeep]
|turn|21
|chat|CoolStoryBrobat|This is what you been using Anger?
|chat|SmashBrosBrawl|103-29 bat
|chat|SmashBrosBrawl|dont diss
|chat|CoolStoryBrobat|Oh you actually busted out the SD Ludicolo
|chat|CoolStoryBrobat|My nig
|chat|Angela Management|i use many things
|
|move|p2a: Hydreigon|U-turn|p1a: Ludicolo
|-supereffective|p1a: Ludicolo
|-damage|p1a: Ludicolo|0 fnt
|faint|p1a: Ludicolo
|chat|CoolStoryBrobat|I wasn't dissing, smashbros
|
|switch|p2a: Aerodactyl|Aerodactyl-Mega, F|144\/331
|
|-weather|RainDance|[upkeep]
|chat|CoolStoryBrobat|I just never know what this guy uses to get 7 alts on the ladder
|chat|LTI Cyrus|anger has had a rain team for ages
|chat|blouff|>implying 103-29 is god
|chat|CoolStoryBrobat|I never knew of it
|
|switch|p1a: Kabutops|Kabutops, M|261\/261
|turn|22
|chat|blouff|i dont lose
|join|SwaglySwagless
|chat|LTI Cyrus|though this isn't his normal config
|chat|Angela Management|u dont play
|chat|SmashBrosBrawl|if this kabutops is jolly
|chat|Angela Management|u shit
|chat|SmashBrosBrawl|i literally close this window
|
|move|p1a: Kabutops|Waterfall|p2a: Aerodactyl
|-supereffective|p2a: Aerodactyl
|-damage|p2a: Aerodactyl|0 fnt
|-damage|p1a: Kabutops|235\/261|[from] item: Life Orb
|faint|p2a: Aerodactyl
|
|-weather|none
|-message|Angela Management forfeited.
|
|win|Fat Lenny
|raw|Ladder updating...
|leave|Angela Management
|player|p1
|raw|Angela Management's rating: 1631 &rarr; <strong>1616<\/strong><br \/>(-15 for losing)
|raw|Fat Lenny's rating: 1729 &rarr; <strong>1743<\/strong><br \/>(+14 for winning)
|chat|SmashBrosBrawl|lel
|chat|LTI Cyrus|kek
|leave|SwaglySwagless
|chat|mkprime| ( Í¡Â° ÍÊ Í¡Â°)
|leave|LTI Cyrus
|leave|blouff
|chat|CoolStoryBrobat|Wait
|leave|mkprime
|join|DatChandelure
|leave|SmashBrosBrawl
|leave|DatChandelure