|join|Angela Management
|join|radianthero156
|player|p1|Angela Management|100
|player|p2|radianthero156|80
|gametype|singles
|gen|6
|tier|UU
|rated
|rule|Sleep Clause Mod: Limit one foe put to sleep
|rule|Species Clause: Limit one of each PokÃ©mon
|rule|OHKO Clause: OHKO moves are banned
|rule|Moody Clause: Moody is banned
|rule|Evasion Moves Clause: Evasion moves are banned
|rule|Endless Battle Clause: Forcing endless battles is banned
|rule|HP Percentage Mod: HP is reported as percentages
|clearpoke
|poke|p1|Chandelure, M
|poke|p1|Scrafty, F
|poke|p1|Swampert, M
|poke|p1|Florges, F
|poke|p1|Flygon, F
|poke|p1|Mew
|poke|p2|Haxorus, M
|poke|p2|Yanmega, M
|poke|p2|Jirachi, shiny
|poke|p2|Nidoqueen, F
|poke|p2|Absol, F, shiny
|poke|p2|Starmie
|rule|Swagger Clause: Swagger is banned
|rule|Baton Pass Clause: Limit one PokÃ©mon knowing Baton Pass
|teampreview
|chat|radianthero156|ah
|chat|radianthero156|is this metric
|join|ah yueah
|chat|Angela Management|hi
|chat|radianthero156|damn
|chat|radianthero156|here comes the annoying team
|chat|radianthero156|:[
|chat|ah yueah|oh anger
|chat|ah yueah|pretty sure anger is the reason why scarfty is uu yn
|join|Dudeman130498
|
|start
|switch|p1a: Flygon|Flygon, F|301\/301
|switch|p2a: Jirachi|Jirachi, shiny|341\/341
|turn|1
|chat|radianthero156|scrafty owns my team
|chat|radianthero156|:[
|chat|Angela Management|just like xMarth is why
|chat|Angela Management|Noivern is uu
|chat|radianthero156|ye
|
|move|p1a: Flygon|Earthquake|p2a: Jirachi
|-supereffective|p2a: Jirachi
|-damage|p2a: Jirachi|45\/341
|move|p2a: Jirachi|U-turn|p1a: Flygon
|-damage|p1a: Flygon|220\/301
|
|switch|p2a: Yanmega|Yanmega, M|313\/313
|
|turn|2
|chat|Dudeman130498|where was ice punch
|chat|radianthero156|i thought he'd switch
|chat|radianthero156|._.
|
|switch|p1a: Florges|Florges, F|360\/360
|move|p2a: Yanmega|U-turn|p1a: Florges
|-resisted|p1a: Florges
|-damage|p1a: Florges|304\/360
|
|switch|p2a: Nidoqueen|Nidoqueen, F|384\/384
|
|-heal|p1a: Florges|326\/360|[from] item: Leftovers
|turn|3
|chat|ah yueah|anger is to real
|
|switch|p1a: Scrafty|Scrafty, F|334\/334
|move|p2a: Nidoqueen|Toxic Spikes|p1a: Scrafty
|-sidestart|p1: Angela Management|move: Toxic Spikes
|
|turn|4
|
|switch|p2a: Absol|Absol, F, shiny|271\/271
|move|p1a: Scrafty|Knock Off|p2a: Absol
|-resisted|p2a: Absol
|-damage|p2a: Absol|211\/271
|-boost|p2a: Absol|atk|1|[from] ability: Justified
|
|turn|5
|chat|radianthero156|i think i lose tbh
|join|D0n's Alt
|
|detailschange|p2a: Absol|Absol-Mega, F, shiny
|message|Absol has Mega Evolved into Mega Absol!
|move|p2a: Absol|Iron Tail|p1a: Scrafty|[miss]
|-miss|p2a: Absol|p1a: Scrafty
|move|p1a: Scrafty|Drain Punch|p2a: Absol
|-supereffective|p2a: Absol
|-damage|p2a: Absol|0 fnt
|faint|p2a: Absol
|
|chat|radianthero156|wtf
|chat|ah yueah|ah the iron tail absol
|chat|radianthero156|why would you not send florges here
|chat|radianthero156|._.
|
|switch|p2a: Yanmega|Yanmega, M|313\/313
|turn|6
|chat|Angela Management|because yan
|
|move|p2a: Yanmega|Bug Buzz|p1a: Scrafty
|-damage|p1a: Scrafty|133\/334
|move|p1a: Scrafty|Knock Off|p2a: Yanmega
|-damage|p2a: Yanmega|162\/313
|-enditem|p2a: Yanmega|Choice Specs|[from] move: Knock Off|[of] p1a: Scrafty
|
|-heal|p1a: Scrafty|153\/334|[from] item: Leftovers
|turn|7
|chat|radianthero156|i think florges was still the best move there tbh
|
|switch|p1a: Florges|Florges, F|326\/360
|-status|p1a: Florges|psn
|move|p2a: Yanmega|Bug Buzz|p1a: Florges
|-resisted|p1a: Florges
|-damage|p1a: Florges|206\/360 psn
|
|-heal|p1a: Florges|228\/360 psn|[from] item: Leftovers
|-damage|p1a: Florges|183\/360 psn|[from] psn
|turn|8
|
|move|p2a: Yanmega|Bug Buzz|p1a: Florges
|-resisted|p1a: Florges
|-damage|p1a: Florges|81\/360 psn
|move|p1a: Florges|Wish|p1a: Florges
|
|-heal|p1a: Florges|103\/360 psn|[from] item: Leftovers
|-damage|p1a: Florges|58\/360 psn|[from] psn
|turn|9
|
|switch|p2a: Nidoqueen|Nidoqueen, F|384\/384
|move|p1a: Florges|Protect|p1a: Florges
|-fail|p1a: Florges
|
|-heal|p1a: Florges|238\/360 psn|[from] move: Wish|[wisher] Florges
|-heal|p1a: Florges|260\/360 psn|[from] item: Leftovers
|-damage|p1a: Florges|215\/360 psn|[from] psn
|turn|10
|
|switch|p2a: Yanmega|Yanmega, M|162\/313
|switch|p1a: Mew|Mew|401\/401
|-status|p1a: Mew|psn
|
|-damage|p1a: Mew|351\/401 psn|[from] psn
|turn|11
|
|move|p1a: Mew|Psyshock|p2a: Yanmega
|-damage|p2a: Yanmega|42\/313
|move|p2a: Yanmega|Bug Buzz|p1a: Mew
|-supereffective|p1a: Mew
|-damage|p1a: Mew|51\/401 psn
|
|-heal|p1a: Mew|76\/401 psn|[from] item: Leftovers
|-damage|p1a: Mew|26\/401 psn|[from] psn
|turn|12
|chat|radianthero156|how
|chat|radianthero156|are u so fast
|chat|radianthero156|and so bulky
|chat|radianthero156|.__.
|
|switch|p2a: Starmie|Starmie|261\/261
|move|p1a: Mew|Dark Pulse|p2a: Starmie
|-supereffective|p2a: Starmie
|-damage|p2a: Starmie|103\/261
|
|-heal|p1a: Mew|51\/401 psn|[from] item: Leftovers
|-damage|p1a: Mew|1\/401 psn|[from] psn
|turn|13
|chat|Angela Management|it's mew
|
|move|p2a: Starmie|Ice Beam|p1a: Mew
|-damage|p1a: Mew|0 fnt
|-damage|p2a: Starmie|77\/261|[from] item: Life Orb
|faint|p1a: Mew
|
|
|switch|p1a: Flygon|Flygon, F|220\/301
|turn|14
|
|switch|p2a: Nidoqueen|Nidoqueen, F|384\/384
|move|p1a: Flygon|U-turn|p2a: Nidoqueen
|-resisted|p2a: Nidoqueen
|-damage|p2a: Nidoqueen|355\/384
|join|Shulk Fanboy Tears
|
|switch|p1a: Swampert|Swampert, M|401\/401
|-status|p1a: Swampert|psn
|
|-heal|p2a: Nidoqueen|379\/384|[from] item: Black Sludge
|-damage|p1a: Swampert|351\/401 psn|[from] psn
|turn|15
|
|switch|p2a: Starmie|Starmie|77\/261
|move|p1a: Swampert|Scald|p2a: Starmie
|-resisted|p2a: Starmie
|-damage|p2a: Starmie|26\/261
|
|-heal|p1a: Swampert|376\/401 psn|[from] item: Leftovers
|-damage|p1a: Swampert|326\/401 psn|[from] psn
|turn|16
|
|switch|p1a: Scrafty|Scrafty, F|153\/334
|-status|p1a: Scrafty|psn
|move|p2a: Starmie|Hydro Pump|p1a: Scrafty
|-crit|p1a: Scrafty
|-damage|p1a: Scrafty|0 fnt
|-damage|p2a: Starmie|0 fnt|[from] item: Life Orb
|faint|p1a: Scrafty
|faint|p2a: Starmie
|
|
|switch|p1a: Flygon|Flygon, F|220\/301
|switch|p2a: Nidoqueen|Nidoqueen, F|379\/384
|turn|17
|
|move|p1a: Flygon|U-turn|p2a: Nidoqueen
|-resisted|p2a: Nidoqueen
|-damage|p2a: Nidoqueen|348\/384
|
|switch|p1a: Swampert|Swampert, M|326\/401 psn
|move|p2a: Nidoqueen|Earth Power|p1a: Swampert
|-damage|p1a: Swampert|187\/401 psn
|
|-heal|p2a: Nidoqueen|372\/384|[from] item: Black Sludge
|-heal|p1a: Swampert|212\/401 psn|[from] item: Leftovers
|-damage|p1a: Swampert|162\/401 psn|[from] psn
|turn|18
|chat|Shulk Fanboy Tears|ballsy
|
|switch|p2a: Yanmega|Yanmega, M|42\/313
|move|p1a: Swampert|Scald|p2a: Yanmega
|-damage|p2a: Yanmega|0 fnt
|faint|p2a: Yanmega
|
|-heal|p1a: Swampert|187\/401 psn|[from] item: Leftovers
|-damage|p1a: Swampert|137\/401 psn|[from] psn
|chat|radianthero156|plz ko him nido
|
|switch|p2a: Nidoqueen|Nidoqueen, F|372\/384
|turn|19
|
|move|p2a: Nidoqueen|Earth Power|p1a: Swampert
|-damage|p1a: Swampert|2\/401 psn
|move|p1a: Swampert|Earthquake|p2a: Nidoqueen
|-supereffective|p2a: Nidoqueen
|-damage|p2a: Nidoqueen|136\/384
|
|-heal|p2a: Nidoqueen|160\/384|[from] item: Black Sludge
|-heal|p1a: Swampert|27\/401 psn|[from] item: Leftovers
|-damage|p1a: Swampert|0 fnt|[from] psn
|faint|p1a: Swampert
|chat|radianthero156|meh i lose anyay
|
|switch|p1a: Chandelure|Chandelure, M|285\/285
|-status|p1a: Chandelure|psn
|turn|20
|chat|radianthero156|i shouldn't have risked the speed tie on turn 1
|
|move|p1a: Chandelure|Flamethrower|p2a: Nidoqueen
|-damage|p2a: Nidoqueen|0 fnt
|faint|p2a: Nidoqueen
|
|-damage|p1a: Chandelure|250\/285 psn|[from] psn
|
|switch|p2a: Haxorus|Haxorus, M|301\/301
|-ability|p2a: Haxorus|Mold Breaker
|turn|21
|
|move|p2a: Haxorus|Dragon Dance|p2a: Haxorus
|-boost|p2a: Haxorus|atk|1
|-boost|p2a: Haxorus|spe|1
|move|p1a: Chandelure|Shadow Ball|p2a: Haxorus
|-crit|p2a: Haxorus
|-damage|p2a: Haxorus|3\/301
|-unboost|p2a: Haxorus|spd|1
|
|-heal|p1a: Chandelure|267\/285 psn|[from] item: Leftovers
|-damage|p1a: Chandelure|232\/285 psn|[from] psn
|turn|22
|chat|Angela Management|oof
|chat|Dudeman130498|;o
|chat|Shulk Fanboy Tears|dat survive
|chat|radianthero156|didn't matter
|chat|Shulk Fanboy Tears|1 hp imo
|chat|radianthero156|the crit i mean
|chat|Dudeman130498|dd again
|
|move|p2a: Haxorus|Outrage|p1a: Chandelure
|-damage|p1a: Chandelure|0 fnt
|faint|p1a: Chandelure
|
|
|switch|p1a: Flygon|Flygon, F|220\/301
|turn|23
|chat|radianthero156|ok
|chat|Shulk Fanboy Tears|no eq?
|chat|radianthero156|it's up to you jirachi
|chat|radianthero156|._.
|
|move|p1a: Flygon|Earthquake|p2a: Haxorus
|-damage|p2a: Haxorus|0 fnt
|faint|p2a: Haxorus
|
|
|switch|p2a: Jirachi|Jirachi, shiny|45\/341
|turn|24
|
|move|p2a: Jirachi|Iron Head|p1a: Flygon
|-damage|p1a: Flygon|75\/301
|cant|p1a: Flygon|flinch
|
|turn|25
|chat|Dudeman130498|ooooooooo
|chat|Shulk Fanboy Tears|unf
|
|move|p1a: Flygon|Earthquake|p2a: Jirachi
|-supereffective|p2a: Jirachi
|-damage|p2a: Jirachi|0 fnt
|faint|p2a: Jirachi
|
|win|Angela Management
|raw|Ladder updating...
|raw|Angela Management's rating: 1643 &rarr; <strong>1667<\/strong><br \/>(+24 for winning)
|raw|radianthero156's rating: 1698 &rarr; <strong>1675<\/strong><br \/>(-23 for losing)
|chat|radianthero156|damn
|chat|radianthero156|gg
|chat|ah yueah|bop
|chat|Shulk Fanboy Tears|aww
|chat|Angela Management|:o
|chat|Angela Management|gg
|leave|radianthero156
|player|p2
|chat|Dudeman130498|str8 to da wire