|join|iDestructioNx
|join|asdsadasd
|player|p1|iDestructioNx|2
|player|p2|asdsadasd|131
|gametype|singles
|gen|6
|tier|ORAS OU
|rated
|rule|Sleep Clause Mod: Limit one foe put to sleep
|rule|Species Clause: Limit one of each PokÃ©mon
|rule|OHKO Clause: OHKO moves are banned
|rule|Moody Clause: Moody is banned
|rule|Evasion Moves Clause: Evasion moves are banned
|rule|Endless Battle Clause: Forcing endless battles is banned
|rule|HP Percentage Mod: HP is shown in percentages
|clearpoke
|poke|p1|Sceptile, M
|poke|p1|Landorus-Therian, M
|poke|p1|Latios, M, shiny
|poke|p1|Skarmory, M
|poke|p1|Dragonite, M
|poke|p1|Suicune, shiny
|poke|p2|Sceptile, F
|poke|p2|Heatran, M
|poke|p2|Landorus-Therian, M
|poke|p2|Latias, F, shiny
|poke|p2|Rotom-Wash
|poke|p2|Scizor, M, shiny
|rule|Swagger Clause: Swagger is banned
|rule|Baton Pass Clause: Limit one PokÃ©mon knowing Baton Pass
|teampreview
|
|start
|switch|p1a: Landorus-Therian|Landorus-Therian, M|319\/319
|switch|p2a: Heatler|Heatran, M|386\/386
|-ability|p1a: Landorus-Therian|Intimidate|[of] p2a: Heatler
|-unboost|p2a: Heatler|atk|1
|turn|1
|
|move|p1a: Landorus-Therian|Earthquake|p2a: Heatler
|-supereffective|p2a: Heatler
|-damage|p2a: Heatler|0 fnt
|faint|p2a: Heatler
|
|
|switch|p2a: Washington|Rotom-Wash|304\/304
|turn|2
|
|switch|p1a: Latios|Latios, M, shiny|301\/301
|move|p2a: Washington|Will-O-Wisp|p1a: Latios|[miss]
|-miss|p2a: Washington|p1a: Latios
|
|turn|3
|
|move|p1a: Latios|Psyshock|p2a: Washington
|-damage|p2a: Washington|166\/304
|-damage|p1a: Latios|271\/301|[from] item: Life Orb
|move|p2a: Washington|Will-O-Wisp|p1a: Latios
|-status|p1a: Latios|brn
|
|-heal|p2a: Washington|185\/304|[from] item: Leftovers
|-damage|p1a: Latios|234\/301 brn|[from] brn
|turn|4
|
|move|p1a: Latios|Draco Meteor|p2a: Washington|[miss]
|-miss|p1a: Latios|p2a: Washington
|move|p2a: Washington|Pain Split|p1a: Latios
|-sethp|p1a: Latios|209\/301 brn|p2a: Washington|209\/304|[from] move: Pain Split
|
|-heal|p2a: Washington|228\/304|[from] item: Leftovers
|-damage|p1a: Latios|172\/301 brn|[from] brn
|turn|5
|
|move|p1a: Latios|Psyshock|p2a: Washington
|-damage|p2a: Washington|106\/304
|-damage|p1a: Latios|142\/301 brn|[from] item: Life Orb
|move|p2a: Washington|Pain Split|p1a: Latios
|-sethp|p1a: Latios|124\/301 brn|p2a: Washington|124\/304|[from] move: Pain Split
|
|-heal|p2a: Washington|143\/304|[from] item: Leftovers
|-damage|p1a: Latios|87\/301 brn|[from] brn
|turn|6
|
|switch|p2a: Caesar|Scizor, M, shiny|344\/344
|move|p1a: Latios|Draco Meteor|p2a: Caesar
|-resisted|p2a: Caesar
|-damage|p2a: Caesar|171\/344
|-unboost|p1a: Latios|spa|2
|-damage|p1a: Latios|57\/301 brn|[from] item: Life Orb
|
|-damage|p1a: Latios|20\/301 brn|[from] brn
|turn|7
|
|move|p2a: Caesar|Bullet Punch|p1a: Latios
|-damage|p1a: Latios|0 fnt
|faint|p1a: Latios
|
|
|switch|p1a: Landorus-Therian|Landorus-Therian, M|319\/319
|-ability|p1a: Landorus-Therian|Intimidate|[of] p2a: Caesar
|-unboost|p2a: Caesar|atk|1
|turn|8
|
|switch|p1a: Suicune|Suicune, shiny|404\/404
|-ability|p1a: Suicune|Pressure
|switch|p2a: Washington|Rotom-Wash|143\/304
|
|-heal|p2a: Washington|162\/304|[from] item: Leftovers
|turn|9
|
|move|p2a: Washington|Volt Switch|p1a: Suicune
|-supereffective|p1a: Suicune
|-damage|p1a: Suicune|258\/404
|
|switch|p2a: Grassilisk|Sceptile, F|281\/281
|move|p1a: Suicune|Calm Mind|p1a: Suicune
|-boost|p1a: Suicune|spa|1
|-boost|p1a: Suicune|spd|1
|
|-heal|p1a: Suicune|283\/404|[from] item: Leftovers
|turn|10
|
|detailschange|p2a: Grassilisk|Sceptile-Mega, F
|message|Sceptile has Mega Evolved into Mega Sceptile!
|move|p2a: Grassilisk|Leaf Storm|p1a: Suicune
|-crit|p1a: Suicune
|-supereffective|p1a: Suicune
|-damage|p1a: Suicune|0 fnt
|-unboost|p2a: Grassilisk|spa|2
|faint|p1a: Suicune
|
|c|âiDestructioNx|that def mattered
|
|switch|p1a: Sceptile|Sceptile, M|281\/281
|turn|11
|
|switch|p2a: Caesar|Scizor, M, shiny|171\/344
|move|p1a: Sceptile|Swords Dance|p1a: Sceptile
|-boost|p1a: Sceptile|atk|2
|
|turn|12
|
|detailschange|p1a: Sceptile|Sceptile-Mega, M
|message|Sceptile has Mega Evolved into Mega Sceptile!
|move|p1a: Sceptile|Earthquake|p2a: Caesar
|-damage|p2a: Caesar|0 fnt
|faint|p2a: Caesar
|
|
|switch|p2a: Cringer|Landorus-Therian, M|320\/320
|-ability|p2a: Cringer|Intimidate|[of] p1a: Sceptile
|-unboost|p1a: Sceptile|atk|1
|turn|13
|
|move|p2a: Cringer|U-turn|p1a: Sceptile
|-supereffective|p1a: Sceptile
|-damage|p1a: Sceptile|63\/281
|
|switch|p2a: Danger Zone|Latias, F, shiny|329\/329
|move|p1a: Sceptile|Swords Dance|p1a: Sceptile
|-boost|p1a: Sceptile|atk|2
|
|turn|14
|
|move|p1a: Sceptile|Outrage|p2a: Danger Zone
|-supereffective|p2a: Danger Zone
|-damage|p2a: Danger Zone|0 fnt
|faint|p2a: Danger Zone
|
|
|switch|p2a: Cringer|Landorus-Therian, M|320\/320
|-ability|p2a: Cringer|Intimidate|[of] p1a: Sceptile
|-unboost|p1a: Sceptile|atk|1
|turn|15
|
|move|p2a: Cringer|U-turn|p1a: Sceptile
|-supereffective|p1a: Sceptile
|-damage|p1a: Sceptile|0 fnt
|faint|p1a: Sceptile
|
|switch|p2a: Grassilisk|Sceptile-Mega, F|281\/281
|
|c|âiDestructioNx|u hit like a pussy
|
|switch|p1a: Landorus-Therian|Landorus-Therian, M|319\/319
|-ability|p1a: Landorus-Therian|Intimidate|[of] p2a: Grassilisk
|-unboost|p2a: Grassilisk|atk|1
|turn|16
|
|move|p1a: Landorus-Therian|U-turn|p2a: Grassilisk
|-supereffective|p2a: Grassilisk
|-damage|p2a: Grassilisk|23\/281
|
|switch|p1a: Skarmory|Skarmory, M|334\/334
|move|p2a: Grassilisk|Leaf Storm|p1a: Skarmory
|-resisted|p1a: Skarmory
|-damage|p1a: Skarmory|255\/334
|-unboost|p2a: Grassilisk|spa|2
|
|-heal|p1a: Skarmory|275\/334|[from] item: Leftovers
|turn|17
|
|switch|p2a: Washington|Rotom-Wash|162\/304
|move|p1a: Skarmory|Stealth Rock|p2a: Washington
|-sidestart|p2: asdsadasd|move: Stealth Rock
|
|-heal|p2a: Washington|181\/304|[from] item: Leftovers
|-heal|p1a: Skarmory|295\/334|[from] item: Leftovers
|turn|18
|
|move|p2a: Washington|Will-O-Wisp|p1a: Skarmory
|-status|p1a: Skarmory|brn
|move|p1a: Skarmory|Brave Bird|p2a: Washington
|-resisted|p2a: Washington
|-damage|p2a: Washington|159\/304
|-damage|p1a: Skarmory|288\/334 brn|[from] recoil|[of] p2a: Washington
|
|-heal|p2a: Washington|178\/304|[from] item: Leftovers
|-heal|p1a: Skarmory|308\/334 brn|[from] item: Leftovers
|-damage|p1a: Skarmory|267\/334 brn|[from] brn
|turn|19
|
|move|p2a: Washington|Pain Split|p1a: Skarmory
|-sethp|p1a: Skarmory|222\/334 brn|p2a: Washington|222\/304|[from] move: Pain Split
|move|p1a: Skarmory|Brave Bird|p2a: Washington
|-resisted|p2a: Washington
|-damage|p2a: Washington|203\/304
|-damage|p1a: Skarmory|216\/334 brn|[from] recoil|[of] p2a: Washington
|
|-heal|p2a: Washington|222\/304|[from] item: Leftovers
|-heal|p1a: Skarmory|236\/334 brn|[from] item: Leftovers
|-damage|p1a: Skarmory|195\/334 brn|[from] brn
|turn|20
|
|move|p2a: Washington|Hydro Pump|p1a: Skarmory
|-damage|p1a: Skarmory|21\/334 brn
|move|p1a: Skarmory|Roost|p1a: Skarmory
|-heal|p1a: Skarmory|188\/334 brn
|
|-heal|p2a: Washington|241\/304|[from] item: Leftovers
|-heal|p1a: Skarmory|208\/334 brn|[from] item: Leftovers
|-damage|p1a: Skarmory|167\/334 brn|[from] brn
|turn|21
|c|âiDestructioNx|u hit like a pussy
|
|move|p2a: Washington|Hydro Pump|p1a: Skarmory
|-damage|p1a: Skarmory|0 fnt
|faint|p1a: Skarmory
|
|-heal|p2a: Washington|260\/304|[from] item: Leftovers
|
|switch|p1a: Dragonite|Dragonite, M|323\/323
|turn|22
|
|move|p1a: Dragonite|Dragon Dance|p1a: Dragonite
|-boost|p1a: Dragonite|atk|1
|-boost|p1a: Dragonite|spe|1
|move|p2a: Washington|Will-O-Wisp|p1a: Dragonite
|-status|p1a: Dragonite|brn
|-enditem|p1a: Dragonite|Lum Berry|[eat]
|-curestatus|p1a: Dragonite|brn
|
|-heal|p2a: Washington|279\/304|[from] item: Leftovers
|turn|23
|
|move|p1a: Dragonite|Dragon Claw|p2a: Washington
|-damage|p2a: Washington|116\/304
|move|p2a: Washington|Will-O-Wisp|p1a: Dragonite
|-status|p1a: Dragonite|brn
|
|-heal|p2a: Washington|135\/304|[from] item: Leftovers
|-damage|p1a: Dragonite|283\/323 brn|[from] brn
|turn|24
|
|move|p1a: Dragonite|Dragon Claw|p2a: Washington
|-damage|p2a: Washington|54\/304
|move|p2a: Washington|Pain Split|p1a: Dragonite
|-sethp|p1a: Dragonite|168\/323 brn|p2a: Washington|168\/304|[from] move: Pain Split
|
|-heal|p2a: Washington|187\/304|[from] item: Leftovers
|-damage|p1a: Dragonite|128\/323 brn|[from] brn
|turn|25
|
|move|p1a: Dragonite|Dragon Dance|p1a: Dragonite
|-boost|p1a: Dragonite|atk|1
|-boost|p1a: Dragonite|spe|1
|move|p2a: Washington|Pain Split|p1a: Dragonite
|-sethp|p1a: Dragonite|157\/323 brn|p2a: Washington|157\/304|[from] move: Pain Split
|
|-heal|p2a: Washington|176\/304|[from] item: Leftovers
|-damage|p1a: Dragonite|117\/323 brn|[from] brn
|turn|26
|
|move|p1a: Dragonite|Dragon Dance|p1a: Dragonite
|-boost|p1a: Dragonite|atk|1
|-boost|p1a: Dragonite|spe|1
|move|p2a: Washington|Hydro Pump|p1a: Dragonite|[miss]
|-miss|p2a: Washington|p1a: Dragonite
|
|-heal|p2a: Washington|195\/304|[from] item: Leftovers
|-damage|p1a: Dragonite|77\/323 brn|[from] brn
|turn|27
|
|move|p1a: Dragonite|Dragon Claw|p2a: Washington
|-damage|p2a: Washington|50\/304
|move|p2a: Washington|Hydro Pump|p1a: Dragonite
|-resisted|p1a: Dragonite
|-damage|p1a: Dragonite|13\/323 brn
|
|-heal|p2a: Washington|69\/304|[from] item: Leftovers
|-damage|p1a: Dragonite|0 fnt|[from] brn
|faint|p1a: Dragonite
|
|switch|p1a: Landorus-Therian|Landorus-Therian, M|319\/319
|-ability|p1a: Landorus-Therian|Intimidate|[of] p2a: Washington
|-unboost|p2a: Washington|atk|1
|turn|28
|
|move|p1a: Landorus-Therian|Stone Edge|p2a: Washington
|-damage|p2a: Washington|0 fnt
|faint|p2a: Washington
|
|
|switch|p2a: Cringer|Landorus-Therian, M|320\/320
|-damage|p2a: Cringer|280\/320|[from] Stealth Rock
|-ability|p2a: Cringer|Intimidate|[of] p1a: Landorus-Therian
|-unboost|p1a: Landorus-Therian|atk|1
|turn|29
|
|move|p2a: Cringer|Knock Off|p1a: Landorus-Therian
|-damage|p1a: Landorus-Therian|176\/319
|-enditem|p1a: Landorus-Therian|Choice Scarf|[from] move: Knock Off|[of] p2a: Cringer
|move|p1a: Landorus-Therian|Stone Edge|p2a: Cringer
|-damage|p2a: Cringer|180\/320
|
|turn|30
|
|switch|p2a: Grassilisk|Sceptile-Mega, F|23\/281
|-damage|p2a: Grassilisk|0 fnt|[from] Stealth Rock
|faint|p2a: Grassilisk
|move|p1a: Landorus-Therian|Stone Edge|p2: Grassilisk|[notarget]
|-notarget
|
|
|switch|p2a: Cringer|Landorus-Therian, M|180\/320
|-damage|p2a: Cringer|140\/320|[from] Stealth Rock
|-ability|p2a: Cringer|Intimidate|[of] p1a: Landorus-Therian
|-unboost|p1a: Landorus-Therian|atk|1
|turn|31
|
|move|p2a: Cringer|Stone Edge|p1a: Landorus-Therian
|-damage|p1a: Landorus-Therian|47\/319
|move|p1a: Landorus-Therian|Stone Edge|p2a: Cringer|[miss]
|-miss|p1a: Landorus-Therian|p2a: Cringer
|
|turn|32
|-message|iDestructioNx forfeited.
|
|win|asdsadasd
|raw|Ladder updating...
|leave|iDestructioNx
|player|p1
|raw|iDestructioNx's rating: 1223 &rarr; <strong>1196<\/strong><br \/>(-27 for losing)
|raw|asdsadasd's rating: 1203 &rarr; <strong>1229<\/strong><br \/>(+26 for winning)