|join|iDestructioNx
|join|Jellyalt
|player|p1|iDestructioNx|102
|player|p2|Jellyalt|181
|gametype|singles
|gen|6
|tier|ORAS OU
|rated
|rule|Sleep Clause Mod: Limit one foe put to sleep
|rule|Species Clause: Limit one of each PokÃ©mon
|rule|OHKO Clause: OHKO moves are banned
|rule|Moody Clause: Moody is banned
|rule|Evasion Moves Clause: Evasion moves are banned
|rule|Endless Battle Clause: Forcing endless battles is banned
|rule|HP Percentage Mod: HP is shown in percentages
|clearpoke
|poke|p1|Sceptile, M
|poke|p1|Landorus-Therian, M
|poke|p1|Latios, M, shiny
|poke|p1|Skarmory, F
|poke|p1|Dragonite, M
|poke|p1|Suicune, shiny
|poke|p2|Salamence, M
|poke|p2|Cloyster, F
|poke|p2|Latias, F
|poke|p2|Greninja, F
|poke|p2|Scolipede, F
|poke|p2|Ferrothorn, F
|rule|Swagger Clause: Swagger is banned
|rule|Baton Pass Clause: Limit one PokÃ©mon knowing Baton Pass
|teampreview
|
|start
|switch|p1a: Dragonite|Dragonite, M|323\/323
|switch|p2a: Bench|Ferrothorn, F|352\/352
|turn|1
|
|move|p1a: Dragonite|Dragon Dance|p1a: Dragonite
|-boost|p1a: Dragonite|atk|1
|-boost|p1a: Dragonite|spe|1
|move|p2a: Bench|Stealth Rock|p1a: Dragonite
|-sidestart|p1: iDestructioNx|move: Stealth Rock
|
|turn|2
|
|move|p1a: Dragonite|Fire Punch|p2a: Bench
|-crit|p2a: Bench
|-supereffective|p2a: Bench
|-damage|p2a: Bench|0 fnt
|-damage|p1a: Dragonite|283\/323|[from] ability: Iron Barbs|[of] p2a: Bench
|faint|p2a: Bench
|
|
|switch|p2a: Submarine|Cloyster, F|242\/242
|turn|3
|
|move|p2a: Submarine|Ice Shard|p1a: Dragonite
|-supereffective|p1a: Dragonite
|-damage|p1a: Dragonite|27\/323
|move|p1a: Dragonite|Outrage|p2a: Submarine
|-damage|p2a: Submarine|37\/242
|
|turn|4
|
|move|p2a: Submarine|Ice Shard|p1a: Dragonite
|-supereffective|p1a: Dragonite
|-damage|p1a: Dragonite|0 fnt
|faint|p1a: Dragonite
|
|
|switch|p1a: Latios|Latios, M, shiny|301\/301
|-damage|p1a: Latios|264\/301|[from] Stealth Rock
|turn|5
|
|switch|p2a: Train|Scolipede, F|262\/262
|move|p1a: Latios|Psyshock|p2a: Train
|-supereffective|p2a: Train
|-enditem|p2a: Train|Focus Sash
|-damage|p2a: Train|1\/262
|-damage|p1a: Latios|234\/301|[from] item: Life Orb
|
|turn|6
|
|move|p1a: Latios|Defog|p2a: Train
|-unboost|p2a: Train|evasion|1
|-sideend|p1: iDestructioNx|Stealth Rock|[from] move: Defog|[of] p1a: Latios
|move|p2a: Train|Megahorn|p1a: Latios|[miss]
|-miss|p2a: Train|p1a: Latios
|
|-boost|p2a: Train|spe|1|[from] ability: Speed Boost
|turn|7
|
|switch|p1a: Skarmory|Skarmory, F|334\/334
|move|p2a: Train|Megahorn|p1a: Skarmory
|-resisted|p1a: Skarmory
|-damage|p1a: Skarmory|306\/334
|
|-heal|p1a: Skarmory|326\/334|[from] item: Leftovers
|-boost|p2a: Train|spe|1|[from] ability: Speed Boost
|turn|8
|
|switch|p2a: Raft|Greninja, F|285\/285
|move|p1a: Skarmory|Stealth Rock|p2a: Raft
|-sidestart|p2: Jellyalt|move: Stealth Rock
|
|-heal|p1a: Skarmory|334\/334|[from] item: Leftovers
|turn|9
|
|move|p2a: Raft|Hydro Pump|p1a: Skarmory|[miss]
|-start|p2a: Raft|typechange|Water|[from] Protean
|-miss|p2a: Raft|p1a: Skarmory
|move|p1a: Skarmory|Brave Bird|p2a: Raft
|-damage|p2a: Raft|101\/285
|-damage|p1a: Skarmory|273\/334|[from] recoil|[of] p2a: Raft
|
|-heal|p1a: Skarmory|293\/334|[from] item: Leftovers
|turn|10
|
|switch|p1a: Suicune|Suicune, shiny|404\/404
|-ability|p1a: Suicune|Pressure
|move|p2a: Raft|Hydro Pump|p1a: Suicune
|-resisted|p1a: Suicune
|-damage|p1a: Suicune|314\/404
|-damage|p2a: Raft|73\/285|[from] item: Life Orb
|
|-heal|p1a: Suicune|339\/404|[from] item: Leftovers
|turn|11
|
|switch|p2a: Shuttle|Latias, F|302\/302
|-damage|p2a: Shuttle|265\/302|[from] Stealth Rock
|move|p1a: Suicune|Scald|p2a: Shuttle
|-resisted|p2a: Shuttle
|-damage|p2a: Shuttle|233\/302
|
|-heal|p1a: Suicune|364\/404|[from] item: Leftovers
|turn|12
|
|move|p2a: Shuttle|Defog|p1a: Suicune
|-unboost|p1a: Suicune|evasion|1
|-sideend|p2: Jellyalt|Stealth Rock|[from] move: Defog|[of] p2a: Shuttle
|move|p1a: Suicune|Calm Mind|p1a: Suicune
|-boost|p1a: Suicune|spa|1
|-boost|p1a: Suicune|spd|1
|
|-heal|p1a: Suicune|389\/404|[from] item: Leftovers
|turn|13
|
|switch|p2a: Battleship|Salamence, M|373\/373
|-ability|p2a: Battleship|Intimidate|[of] p1a: Suicune
|-unboost|p1a: Suicune|atk|1
|switch|p1a: Skarmory|Skarmory, F|293\/334
|
|-heal|p1a: Skarmory|313\/334|[from] item: Leftovers
|turn|14
|
|detailschange|p2a: Battleship|Salamence-Mega, M
|message|Salamence has Mega Evolved into Mega Salamence!
|move|p2a: Battleship|Return|p1a: Skarmory
|-resisted|p1a: Skarmory
|-damage|p1a: Skarmory|239\/334
|move|p1a: Skarmory|Stealth Rock|p2a: Battleship
|-sidestart|p2: Jellyalt|move: Stealth Rock
|
|-heal|p1a: Skarmory|259\/334|[from] item: Leftovers
|turn|15
|
|move|p2a: Battleship|Return|p1a: Skarmory
|-resisted|p1a: Skarmory
|-damage|p1a: Skarmory|193\/334
|move|p1a: Skarmory|Whirlwind|p2a: Battleship
|drag|p2a: Shuttle|Latias, F|233\/302
|-damage|p2a: Shuttle|196\/302|[from] Stealth Rock
|
|-heal|p1a: Skarmory|213\/334|[from] item: Leftovers
|turn|16
|
|switch|p1a: Sceptile|Sceptile, M|281\/281
|move|p2a: Shuttle|Defog|p1a: Sceptile
|-unboost|p1a: Sceptile|evasion|1
|-sideend|p2: Jellyalt|Stealth Rock|[from] move: Defog|[of] p2a: Shuttle
|
|turn|17
|
|detailschange|p1a: Sceptile|Sceptile-Mega, M
|message|Sceptile has Mega Evolved into Mega Sceptile!
|move|p1a: Sceptile|Swords Dance|p1a: Sceptile
|-boost|p1a: Sceptile|atk|2
|move|p2a: Shuttle|Healing Wish|p2a: Shuttle
|faint|p2a: Shuttle
|
|
|switch|p2a: Submarine|Cloyster, F|37\/242
|-heal|p2a: Submarine|242\/242|[from] move: Healing Wish
|turn|18
|
|switch|p1a: Skarmory|Skarmory, F|213\/334
|move|p2a: Submarine|Ice Shard|p1a: Skarmory
|-damage|p1a: Skarmory|174\/334
|
|-heal|p1a: Skarmory|194\/334|[from] item: Leftovers
|turn|19
|
|move|p2a: Submarine|Icicle Spear|p1a: Skarmory
|-damage|p1a: Skarmory|170\/334
|-damage|p1a: Skarmory|146\/334
|-damage|p1a: Skarmory|122\/334
|-damage|p1a: Skarmory|97\/334
|-damage|p1a: Skarmory|73\/334
|-hitcount|p1a: Skarmory|5
|move|p1a: Skarmory|Stealth Rock|p2a: Submarine
|-sidestart|p2: Jellyalt|move: Stealth Rock
|
|-heal|p1a: Skarmory|93\/334|[from] item: Leftovers
|turn|20
|
|move|p2a: Submarine|Icicle Spear|p1a: Skarmory
|-damage|p1a: Skarmory|69\/334
|-damage|p1a: Skarmory|44\/334
|-damage|p1a: Skarmory|20\/334
|-damage|p1a: Skarmory|0 fnt
|-hitcount|p1a: Skarmory|4
|faint|p1a: Skarmory
|
|
|switch|p1a: Landorus-Therian|Landorus-Therian, M|319\/319
|-ability|p1a: Landorus-Therian|Intimidate|[of] p2a: Submarine
|-unboost|p2a: Submarine|atk|1
|turn|21
|
|switch|p1a: Suicune|Suicune, shiny|389\/404
|-ability|p1a: Suicune|Pressure
|move|p2a: Submarine|Shell Smash|p2a: Submarine
|-boost|p2a: Submarine|atk|2
|-boost|p2a: Submarine|spa|2
|-boost|p2a: Submarine|spe|2
|-unboost|p2a: Submarine|def|1
|-unboost|p2a: Submarine|spd|1
|
|-heal|p1a: Suicune|404\/404|[from] item: Leftovers
|turn|22
|
|move|p2a: Submarine|Rock Blast|p1a: Suicune
|-damage|p1a: Suicune|379\/404
|-damage|p1a: Suicune|355\/404
|-damage|p1a: Suicune|329\/404
|-damage|p1a: Suicune|302\/404
|-damage|p1a: Suicune|278\/404
|-hitcount|p1a: Suicune|5
|move|p1a: Suicune|Scald|p2a: Submarine
|-resisted|p2a: Submarine
|-damage|p2a: Submarine|127\/242
|-status|p2a: Submarine|brn
|
|-heal|p1a: Suicune|303\/404|[from] item: Leftovers
|-damage|p2a: Submarine|97\/242 brn|[from] brn
|turn|23
|
|move|p2a: Submarine|Shell Smash|p2a: Submarine
|-boost|p2a: Submarine|atk|2
|-boost|p2a: Submarine|spa|2
|-boost|p2a: Submarine|spe|2
|-unboost|p2a: Submarine|def|1
|-unboost|p2a: Submarine|spd|1
|move|p1a: Suicune|Calm Mind|p1a: Suicune
|-boost|p1a: Suicune|spa|1
|-boost|p1a: Suicune|spd|1
|
|-heal|p1a: Suicune|328\/404|[from] item: Leftovers
|-damage|p2a: Submarine|67\/242 brn|[from] brn
|turn|24
|
|move|p2a: Submarine|Rock Blast|p1a: Suicune
|-damage|p1a: Suicune|305\/404
|-damage|p1a: Suicune|284\/404
|-damage|p1a: Suicune|260\/404
|-crit|p1a: Suicune
|-damage|p1a: Suicune|229\/404
|-damage|p1a: Suicune|206\/404
|-hitcount|p1a: Suicune|5
|move|p1a: Suicune|Scald|p2a: Submarine
|-resisted|p2a: Submarine
|-damage|p2a: Submarine|0 fnt
|faint|p2a: Submarine
|
|-heal|p1a: Suicune|231\/404|[from] item: Leftovers
|
|switch|p2a: Battleship|Salamence-Mega, M|373\/373
|-damage|p2a: Battleship|280\/373|[from] Stealth Rock
|turn|25
|
|move|p2a: Battleship|Substitute|p2a: Battleship
|-start|p2a: Battleship|Substitute
|-damage|p2a: Battleship|187\/373
|move|p1a: Suicune|Scald|p2a: Battleship
|-resisted|p2a: Battleship
|-activate|p2a: Battleship|Substitute|[damage]
|
|-heal|p1a: Suicune|256\/404|[from] item: Leftovers
|turn|26
|
|move|p2a: Battleship|Dragon Dance|p2a: Battleship
|-boost|p2a: Battleship|atk|1
|-boost|p2a: Battleship|spe|1
|move|p1a: Suicune|Scald|p2a: Battleship
|-resisted|p2a: Battleship
|-end|p2a: Battleship|Substitute
|
|-heal|p1a: Suicune|281\/404|[from] item: Leftovers
|turn|27
|
|switch|p1a: Landorus-Therian|Landorus-Therian, M|319\/319
|-ability|p1a: Landorus-Therian|Intimidate|[of] p2a: Battleship
|-unboost|p2a: Battleship|atk|1
|move|p2a: Battleship|Substitute|p2a: Battleship
|-start|p2a: Battleship|Substitute
|-damage|p2a: Battleship|94\/373
|
|turn|28
|
|move|p2a: Battleship|Roost|p2a: Battleship
|-heal|p2a: Battleship|281\/373
|move|p1a: Landorus-Therian|Stone Edge|p2a: Battleship
|-end|p2a: Battleship|Substitute
|
|turn|29
|
|move|p2a: Battleship|Substitute|p2a: Battleship
|-start|p2a: Battleship|Substitute
|-damage|p2a: Battleship|188\/373
|move|p1a: Landorus-Therian|Stone Edge|p2a: Battleship|[miss]
|-miss|p1a: Landorus-Therian|p2a: Battleship
|
|turn|30
|
|move|p2a: Battleship|Dragon Dance|p2a: Battleship
|-boost|p2a: Battleship|atk|1
|-boost|p2a: Battleship|spe|1
|move|p1a: Landorus-Therian|Stone Edge|p2a: Battleship
|-supereffective|p2a: Battleship
|-end|p2a: Battleship|Substitute
|
|turn|31
|
|move|p2a: Battleship|Roost|p2a: Battleship
|-heal|p2a: Battleship|373\/373
|move|p1a: Landorus-Therian|Stone Edge|p2a: Battleship
|-damage|p2a: Battleship|255\/373
|
|turn|32
|
|move|p2a: Battleship|Substitute|p2a: Battleship
|-start|p2a: Battleship|Substitute
|-damage|p2a: Battleship|162\/373
|move|p1a: Landorus-Therian|Stone Edge|p2a: Battleship|[miss]
|-miss|p1a: Landorus-Therian|p2a: Battleship
|
|turn|33
|-message|iDestructioNx forfeited.
|
|win|Jellyalt
|raw|Ladder updating...
|leave|iDestructioNx
|player|p1
|raw|iDestructioNx's rating: 1155 &rarr; <strong>1132<\/strong><br \/>(-23 for losing)
|raw|Jellyalt's rating: 1188 &rarr; <strong>1211<\/strong><br \/>(+23 for winning)