|join|iDestructioNx
|join|ForeverCubone
|player|p1|iDestructioNx|2
|player|p2|ForeverCubone|101
|gametype|singles
|gen|6
|tier|ORAS OU
|rated
|rule|Sleep Clause Mod: Limit one foe put to sleep
|rule|Species Clause: Limit one of each PokÃ©mon
|rule|OHKO Clause: OHKO moves are banned
|rule|Moody Clause: Moody is banned
|rule|Evasion Moves Clause: Evasion moves are banned
|rule|Endless Battle Clause: Forcing endless battles is banned
|rule|HP Percentage Mod: HP is shown in percentages
|clearpoke
|poke|p1|Swampert, F
|poke|p1|Kingdra, M
|poke|p1|Politoed, M, shiny
|poke|p1|Latios, M, shiny
|poke|p1|Suicune
|poke|p1|Gothitelle, M
|poke|p2|Salamence, F
|poke|p2|Rotom-Wash
|poke|p2|Amoonguss, M
|poke|p2|Talonflame, M
|poke|p2|Latias, F
|poke|p2|Sylveon, F
|rule|Swagger Clause: Swagger is banned
|rule|Baton Pass Clause: Limit one PokÃ©mon knowing Baton Pass
|teampreview
|
|start
|switch|p1a: Latios|Latios, M, shiny|301\/301
|switch|p2a: Sylveon|Sylveon, F|394\/394
|turn|1
|c|âForeverCubone|( Í¡Â° ÍÊ Í¡Â°)There are no switch ins
|
|switch|p1a: Gothitelle|Gothitelle, M|344\/344
|move|p2a: Sylveon|Hyper Voice|p1a: Gothitelle
|-crit|p1a: Gothitelle
|-damage|p1a: Gothitelle|0 fnt
|faint|p1a: Gothitelle
|
|
|switch|p1a: Politoed|Politoed, M, shiny|384\/384
|-weather|RainDance
|turn|2
|
|move|p1a: Politoed|Scald|p2a: Sylveon
|-damage|p2a: Sylveon|297\/394
|-status|p2a: Sylveon|brn
|move|p2a: Sylveon|Hyper Voice|p1a: Politoed
|-damage|p1a: Politoed|104\/384
|
|-weather|RainDance|[upkeep]
|-damage|p2a: Sylveon|248\/394 brn|[from] brn
|turn|3
|c|âForeverCubone|omnom
|c|âForeverCubone|( Í¡Â° ÍÊ Í¡Â°)There are no switch ins
|c|âForeverCubone|you cannot end the train
|
|switch|p1a: Suicune|Suicune|404\/404
|-ability|p1a: Suicune|Pressure
|move|p2a: Sylveon|Hyper Voice|p1a: Suicune
|-damage|p1a: Suicune|137\/404
|
|-weather|RainDance|[upkeep]
|-heal|p1a: Suicune|162\/404|[from] item: Leftovers
|-damage|p2a: Sylveon|199\/394 brn|[from] brn
|turn|4
|c|âForeverCubone|( Í¡Â° ÍÊ Í¡Â°)There are no switch ins
|
|move|p1a: Suicune|Calm Mind|p1a: Suicune
|-boost|p1a: Suicune|spa|1
|-boost|p1a: Suicune|spd|1
|move|p2a: Sylveon|Hyper Voice|p1a: Suicune
|-damage|p1a: Suicune|0 fnt
|faint|p1a: Suicune
|
|-weather|RainDance|[upkeep]
|-damage|p2a: Sylveon|150\/394 brn|[from] brn
|c|âForeverCubone|have you not leaned
|
|switch|p1a: Swampert|Swampert, F|341\/341
|turn|5
|c|âForeverCubone|learned*
|
|switch|p2a: Rotom-Wash|Rotom-Wash|241\/241
|detailschange|p1a: Swampert|Swampert-Mega, F
|message|Swampert has Mega Evolved into Mega Swampert!
|move|p1a: Swampert|Waterfall|p2a: Rotom-Wash
|-resisted|p2a: Rotom-Wash
|-damage|p2a: Rotom-Wash|107\/241
|
|-weather|RainDance|[upkeep]
|turn|6
|
|move|p1a: Swampert|Waterfall|p2a: Rotom-Wash
|-resisted|p2a: Rotom-Wash
|-damage|p2a: Rotom-Wash|0 fnt
|faint|p2a: Rotom-Wash
|
|-weather|RainDance|[upkeep]
|c|âiDestructioNx|bro
|c|âiDestructioNx|obvious specs is obvious
|
|switch|p2a: Amoonguss|Amoonguss, M|432\/432
|turn|7
|c|âForeverCubone|no shit rly
|
|switch|p1a: Latios|Latios, M, shiny|301\/301
|move|p2a: Amoonguss|Giga Drain|p1a: Latios
|-resisted|p1a: Latios
|-damage|p1a: Latios|264\/301
|
|-weather|RainDance|[upkeep]
|turn|8
|
|switch|p2a: Latias|Latias, F|364\/364
|move|p1a: Latios|Psyshock|p2a: Latias
|-resisted|p2a: Latias
|-damage|p2a: Latias|259\/364
|-damage|p1a: Latios|234\/301|[from] item: Life Orb
|
|-weather|RainDance|[upkeep]
|-heal|p2a: Latias|281\/364|[from] item: Leftovers
|turn|9
|c|âForeverCubone|drop a draco imo
|
|switch|p2a: Amoonguss|Amoonguss, M|432\/432
|move|p1a: Latios|Draco Meteor|p2a: Amoonguss
|-damage|p2a: Amoonguss|65\/432
|-unboost|p1a: Latios|spa|2
|-damage|p1a: Latios|204\/301|[from] item: Life Orb
|
|-weather|none
|-heal|p2a: Amoonguss|92\/432|[from] item: Black Sludge
|turn|10
|
|switch|p2a: Latias|Latias, F|281\/364
|move|p1a: Latios|Draco Meteor|p2a: Latias
|-supereffective|p2a: Latias
|-damage|p2a: Latias|102\/364
|-unboost|p1a: Latios|spa|2
|-damage|p1a: Latios|174\/301|[from] item: Life Orb
|
|-heal|p2a: Latias|124\/364|[from] item: Leftovers
|turn|11
|
|switch|p1a: Politoed|Politoed, M, shiny|104\/384
|-weather|RainDance
|move|p2a: Latias|Healing Wish|p2a: Latias
|faint|p2a: Latias
|
|-weather|RainDance|[upkeep]
|c|âForeverCubone|turn up the death
|
|switch|p2a: Sylveon|Sylveon, F|150\/394 brn
|-heal|p2a: Sylveon|394\/394|[from] move: Healing Wish
|turn|12
|
|move|p1a: Politoed|Toxic|p2a: Sylveon
|-status|p2a: Sylveon|tox
|move|p2a: Sylveon|Hyper Voice|p1a: Politoed
|-damage|p1a: Politoed|0 fnt
|faint|p1a: Politoed
|
|-weather|RainDance|[upkeep]
|-damage|p2a: Sylveon|370\/394 tox|[from] psn
|c|âForeverCubone|that wont stop the sylveon
|
|switch|p1a: Swampert|Swampert-Mega, F|341\/341
|turn|13
|c|âForeverCubone|only pert can
|c|âForeverCubone|rofl
|c|âiDestructioNx|yo bro
|c|âiDestructioNx|u talked alot of shit
|
|switch|p2a: Amoonguss|Amoonguss, M|236\/432
|move|p1a: Swampert|Waterfall|p2a: Amoonguss
|-resisted|p2a: Amoonguss
|-damage|p2a: Amoonguss|122\/432
|
|-weather|RainDance|[upkeep]
|-heal|p2a: Amoonguss|149\/432|[from] item: Black Sludge
|turn|14
|c|âiDestructioNx|but gg
|c|âiDestructioNx|your game is over
|c|âForeverCubone|as if
|c|âForeverCubone|:P
|
|switch|p2a: Talonflame|Talonflame, M|298\/298
|move|p1a: Swampert|Ice Punch|p2a: Talonflame
|-damage|p2a: Talonflame|146\/298
|
|-weather|RainDance|[upkeep]
|-heal|p2a: Talonflame|164\/298|[from] item: Leftovers
|turn|15
|
|move|p2a: Talonflame|Brave Bird|p1a: Swampert
|-damage|p1a: Swampert|170\/341
|-damage|p2a: Talonflame|108\/298|[from] recoil|[of] p1a: Swampert
|move|p1a: Swampert|Waterfall|p2a: Talonflame
|-supereffective|p2a: Talonflame
|-damage|p2a: Talonflame|0 fnt
|faint|p2a: Talonflame
|
|-weather|RainDance|[upkeep]
|
|switch|p2a: Amoonguss|Amoonguss, M|293\/432
|turn|16
|
|switch|p2a: Salamence|Salamence, F|331\/331
|-ability|p2a: Salamence|Intimidate|[of] p1a: Swampert
|-unboost|p1a: Swampert|atk|1
|move|p1a: Swampert|Ice Punch|p2a: Salamence
|-supereffective|p2a: Salamence
|-damage|p2a: Salamence|0 fnt
|faint|p2a: Salamence
|
|-weather|RainDance|[upkeep]
|
|switch|p2a: Amoonguss|Amoonguss, M|432\/432
|turn|17
|
|move|p1a: Swampert|Ice Punch|p2a: Amoonguss
|-supereffective|p2a: Amoonguss
|-damage|p2a: Amoonguss|294\/432
|move|p2a: Amoonguss|Giga Drain|p1a: Swampert
|-supereffective|p1a: Swampert
|-damage|p1a: Swampert|0 fnt
|-heal|p2a: Amoonguss|379\/432|[from] drain|[of] p1a: Swampert
|faint|p1a: Swampert
|
|-weather|RainDance|[upkeep]
|-heal|p2a: Amoonguss|406\/432|[from] item: Black Sludge
|c|âForeverCubone|rofl
|c|âForeverCubone|>ended
|
|switch|p1a: Kingdra|Kingdra, M|291\/291
|turn|18
|
|move|p1a: Kingdra|Dragon Dance|p1a: Kingdra
|-boost|p1a: Kingdra|atk|1
|-boost|p1a: Kingdra|spe|1
|move|p2a: Amoonguss|Sludge Bomb|p1a: Kingdra
|-damage|p1a: Kingdra|198\/291
|
|-weather|none
|-heal|p2a: Amoonguss|432\/432|[from] item: Black Sludge
|turn|19
|c|âForeverCubone|oh 
|
|move|p1a: Kingdra|Rain Dance|p1a: Kingdra
|-weather|RainDance
|move|p2a: Amoonguss|Foul Play|p1a: Kingdra
|-damage|p1a: Kingdra|34\/291
|
|-weather|RainDance|[upkeep]
|turn|20
|c|âForeverCubone|were playing that game
|
|move|p1a: Kingdra|Outrage|p2a: Amoonguss
|-damage|p2a: Amoonguss|103\/432
|-damage|p1a: Kingdra|5\/291|[from] item: Life Orb
|move|p2a: Amoonguss|Foul Play|p1a: Kingdra
|-damage|p1a: Kingdra|0 fnt
|faint|p1a: Kingdra
|
|-weather|RainDance|[upkeep]
|-heal|p2a: Amoonguss|130\/432|[from] item: Black Sludge
|c|âForeverCubone|kthx
|c|âForeverCubone|rof
|
|switch|p1a: Latios|Latios, M, shiny|174\/301
|turn|21
|
|move|p1a: Latios|Psyshock|p2a: Amoonguss
|-supereffective|p2a: Amoonguss
|-damage|p2a: Amoonguss|0 fnt
|-damage|p1a: Latios|144\/301|[from] item: Life Orb
|faint|p2a: Amoonguss
|
|-weather|RainDance|[upkeep]
|
|switch|p2a: Sylveon|Sylveon, F|370\/394 tox
|turn|22
|c|âForeverCubone|gg
|c|âForeverCubone|dont tell me when my game is over
|c|âiDestructioNx|i must admit
|c|âForeverCubone|( Í¡Â° ÍÊ Í¡Â°)There are no switch ins
|c|âiDestructioNx|was a gg
|c|âForeverCubone|inb4 i miss this
|c|âForeverCubone|rofl
|c|âiDestructioNx|but tbh
|c|âiDestructioNx|you i stated off slow
|c|âiDestructioNx|idk why i didnt switch out smap
|c|âiDestructioNx|swamp
|c|âForeverCubone|Well 2 turns were left
|c|âiDestructioNx|against that mushroom
|c|âForeverCubone|once rain went down shroom won
|c|âiDestructioNx|no
|c|âiDestructioNx|im still faster
|c|âiDestructioNx|my spread is in speed
|c|âiDestructioNx|not the vaerage pert
|c|âForeverCubone|the giga drain turn was your switch out kingra's DD was last
|c|âiDestructioNx|avaerage
|c|âiDestructioNx|still
|c|âForeverCubone|shroom ate that
|c|âiDestructioNx|all u had left
|c|âForeverCubone|even with rain
|c|âiDestructioNx|was those 2 pokes
|c|âiDestructioNx|mushroom
|c|âForeverCubone|it did 50 r so with out rain
|c|âForeverCubone|tbh
|c|âiDestructioNx|and silv
|c|âiDestructioNx|if i switched
|c|âiDestructioNx|iwoulda won
|c|âForeverCubone|switched into lati yes
|c|âForeverCubone|but not kingra
|c|âiDestructioNx|cause latios woulda finished shroom
|c|âiDestructioNx|and pert woulda drestroyed silv
|c|âiDestructioNx|tbh
|c|âForeverCubone|psyshock would of cleaned
|c|âForeverCubone|rbh
|
|move|p1a: Latios|Psyshock|p2a: Sylveon
|-damage|p2a: Sylveon|97\/394 tox
|-damage|p1a: Latios|114\/301|[from] item: Life Orb
|move|p2a: Sylveon|Hyper Beam|p1a: Latios
|-supereffective|p1a: Latios
|-damage|p1a: Latios|0 fnt
|faint|p1a: Latios
|
|win|ForeverCubone
|raw|Ladder updating...
|c|âForeverCubone|tbh*
|raw|iDestructioNx's rating: 1253 &rarr; <strong>1233<\/strong><br \/>(-20 for losing)
|raw|ForeverCubone's rating: 1315 &rarr; <strong>1331<\/strong><br \/>(+16 for winning)
|c|âiDestructioNx|still woulda won
|leave|iDestructioNx
|player|p1
|c|âForeverCubone|oh god not this again