|join|BahaFan
|join|iDestructioNx
|player|p1|BahaFan|256
|player|p2|iDestructioNx|101
|gametype|singles
|gen|6
|tier|OU
|rated
|clearpoke
|poke|p1|Medicham, M
|poke|p1|Clefable, F
|poke|p1|Landorus, M, shiny
|poke|p1|Skarmory, F
|poke|p1|Keldeo
|poke|p1|Tyranitar, M
|poke|p2|Charizard, M, shiny
|poke|p2|Tyranitar, M, shiny
|poke|p2|Landorus-Therian, M
|poke|p2|Suicune, shiny
|poke|p2|Skarmory, M
|poke|p2|Latias, F
|rule|Swagger Clause: Swagger is banned
|rule|Baton Pass Clause: Limit one PokÃ©mon knowing Baton Pass
|rule|Sleep Clause Mod: Limit one foe put to sleep
|rule|Species Clause: Limit one of each PokÃ©mon
|rule|OHKO Clause: OHKO moves are banned
|rule|Moody Clause: Moody is banned
|rule|Evasion Moves Clause: Evasion moves are banned
|rule|Endless Battle Clause: Forcing endless battles is banned
|rule|HP Percentage Mod: HP is shown in percentages
|teampreview
|
|start
|switch|p1a: Neus|Medicham, M|261\/261
|switch|p2a: Landorus-Therian|Landorus-Therian, M|319\/319
|-ability|p2a: Landorus-Therian|Intimidate|[of] p1a: Neus
|-unboost|p1a: Neus|atk|1
|turn|1
|
|detailschange|p1a: Neus|Medicham-Mega, M
|message|Medicham has Mega Evolved into Mega Medicham!
|move|p1a: Neus|Fake Out|p2a: Landorus-Therian
|-damage|p2a: Landorus-Therian|258\/319
|cant|p2a: Landorus-Therian|flinch
|
|turn|2
|
|switch|p1a: Neus|Landorus, M, shiny|319\/319
|move|p2a: Landorus-Therian|Knock Off|p1a: Neus
|-damage|p1a: Neus|176\/319
|-enditem|p1a: Neus|Life Orb|[from] move: Knock Off|[of] p2a: Landorus-Therian
|
|turn|3
|
|switch|p2a: Latias|Latias, F|301\/301
|move|p1a: Neus|Stealth Rock|p2a: Latias
|-sidestart|p2: iDestructioNx|move: Stealth Rock
|
|turn|4
|
|move|p2a: Latias|Defog|p1a: Neus
|-unboost|p1a: Neus|evasion|1
|-sideend|p2: iDestructioNx|Stealth Rock|[from] move: Defog|[of] p2a: Latias
|move|p1a: Neus|Sludge Wave|p2a: Latias
|-damage|p2a: Latias|190\/301
|
|turn|5
|
|move|p2a: Latias|Draco Meteor|p1a: Neus
|-damage|p1a: Neus|0 fnt
|-unboost|p2a: Latias|spa|2
|-damage|p2a: Latias|160\/301|[from] item: Life Orb
|faint|p1a: Neus
|
|
|switch|p1a: Neus|Tyranitar, M|404\/404
|-weather|Sandstorm
|turn|6
|
|move|p2a: Latias|Reflect Type|p1a: Neus
|-start|p2a: Latias|typechange|Rock\/Dark|[from] move: Reflect Type|[of] p1a: Neus
|move|p1a: Neus|Pursuit|p2a: Latias
|-resisted|p2a: Latias
|-damage|p2a: Latias|114\/301
|
|-weather|Sandstorm|[upkeep]
|turn|7
|
|switch|p2a: Charizard|Charizard, M, shiny|297\/297
|move|p1a: Neus|Stone Edge|p2a: Charizard
|-supereffective|p2a: Charizard
|-damage|p2a: Charizard|0 fnt
|faint|p2a: Charizard
|
|-weather|Sandstorm|[upkeep]
|
|switch|p2a: Suicune|Suicune, shiny|404\/404
|-ability|p2a: Suicune|Pressure
|turn|8
|
|switch|p1a: Neus|Clefable, F|393\/393
|move|p2a: Suicune|Scald|p1a: Neus
|-damage|p1a: Neus|297\/393
|-status|p1a: Neus|brn
|
|-weather|Sandstorm|[upkeep]
|-damage|p2a: Suicune|379\/404|[from] sandstorm
|-heal|p2a: Suicune|404\/404|[from] item: Leftovers
|-heal|p1a: Neus|321\/393 brn|[from] item: Leftovers
|turn|9
|
|move|p2a: Suicune|Calm Mind|p2a: Suicune
|-boost|p2a: Suicune|spa|1
|-boost|p2a: Suicune|spd|1
|move|p1a: Neus|Calm Mind|p1a: Neus
|-boost|p1a: Neus|spa|1
|-boost|p1a: Neus|spd|1
|
|-weather|Sandstorm|[upkeep]
|-damage|p2a: Suicune|379\/404|[from] sandstorm
|-heal|p2a: Suicune|404\/404|[from] item: Leftovers
|-heal|p1a: Neus|345\/393 brn|[from] item: Leftovers
|turn|10
|
|move|p2a: Suicune|Calm Mind|p2a: Suicune
|-boost|p2a: Suicune|spa|1
|-boost|p2a: Suicune|spd|1
|move|p1a: Neus|Calm Mind|p1a: Neus
|-boost|p1a: Neus|spa|1
|-boost|p1a: Neus|spd|1
|
|-weather|none
|-heal|p1a: Neus|369\/393 brn|[from] item: Leftovers
|turn|11
|
|move|p2a: Suicune|Calm Mind|p2a: Suicune
|-boost|p2a: Suicune|spa|1
|-boost|p2a: Suicune|spd|1
|move|p1a: Neus|Calm Mind|p1a: Neus
|-boost|p1a: Neus|spa|1
|-boost|p1a: Neus|spd|1
|
|-heal|p1a: Neus|393\/393 brn|[from] item: Leftovers
|turn|12
|
|move|p2a: Suicune|Calm Mind|p2a: Suicune
|-boost|p2a: Suicune|spa|1
|-boost|p2a: Suicune|spd|1
|move|p1a: Neus|Calm Mind|p1a: Neus
|-boost|p1a: Neus|spa|1
|-boost|p1a: Neus|spd|1
|
|turn|13
|
|move|p2a: Suicune|Calm Mind|p2a: Suicune
|-boost|p2a: Suicune|spa|1
|-boost|p2a: Suicune|spd|1
|move|p1a: Neus|Calm Mind|p1a: Neus
|-boost|p1a: Neus|spa|1
|-boost|p1a: Neus|spd|1
|
|turn|14
|
|move|p2a: Suicune|Calm Mind|p2a: Suicune
|-boost|p2a: Suicune|spa|1
|-boost|p2a: Suicune|spd|1
|move|p1a: Neus|Calm Mind|p1a: Neus
|-boost|p1a: Neus|spa|1
|-boost|p1a: Neus|spd|1
|
|turn|15
|
|move|p2a: Suicune|Scald|p1a: Neus
|-damage|p1a: Neus|297\/393 brn
|move|p1a: Neus|Stored Power|p2a: Suicune
|-damage|p2a: Suicune|246\/404
|
|-heal|p2a: Suicune|271\/404|[from] item: Leftovers
|-heal|p1a: Neus|321\/393 brn|[from] item: Leftovers
|turn|16
|
|move|p2a: Suicune|Scald|p1a: Neus
|-damage|p1a: Neus|234\/393 brn
|move|p1a: Neus|Stored Power|p2a: Suicune
|-damage|p2a: Suicune|101\/404
|
|-heal|p2a: Suicune|126\/404|[from] item: Leftovers
|-heal|p1a: Neus|258\/393 brn|[from] item: Leftovers
|turn|17
|
|move|p2a: Suicune|Rest|p2a: Suicune
|-status|p2a: Suicune|slp
|-heal|p2a: Suicune|404\/404 slp|[silent]
|-status|p2a: Suicune|slp|[from] move: Rest
|move|p1a: Neus|Stored Power|p2a: Suicune
|-damage|p2a: Suicune|223\/404 slp
|
|-heal|p2a: Suicune|248\/404 slp|[from] item: Leftovers
|-heal|p1a: Neus|282\/393 brn|[from] item: Leftovers
|turn|18
|
|cant|p2a: Suicune|slp
|move|p2a: Suicune|Sleep Talk|p2a: Suicune
|move|p2a: Suicune|Rest|p2a: Suicune|[from]Sleep Talk
|-fail|p2a: Suicune
|move|p1a: Neus|Stored Power|p2a: Suicune
|-damage|p2a: Suicune|88\/404 slp
|
|-heal|p2a: Suicune|113\/404 slp|[from] item: Leftovers
|-heal|p1a: Neus|306\/393 brn|[from] item: Leftovers
|turn|19
|
|cant|p2a: Suicune|slp
|move|p2a: Suicune|Sleep Talk|p2a: Suicune
|move|p2a: Suicune|Scald|p1a: Neus|[from]Sleep Talk
|-damage|p1a: Neus|210\/393 brn
|move|p1a: Neus|Stored Power|p2a: Suicune
|-damage|p2a: Suicune|0 fnt
|faint|p2a: Suicune
|
|-heal|p1a: Neus|234\/393 brn|[from] item: Leftovers
|
|switch|p2a: Tyranitar|Tyranitar, M, shiny|341\/341
|-weather|Sandstorm
|turn|20
|
|move|p2a: Tyranitar|Stone Edge|p1a: Neus
|-damage|p1a: Neus|68\/393 brn
|move|p1a: Neus|Moonblast|p2a: Tyranitar
|-crit|p2a: Tyranitar
|-supereffective|p2a: Tyranitar
|-damage|p2a: Tyranitar|0 fnt
|faint|p2a: Tyranitar
|
|-weather|Sandstorm|[upkeep]
|-heal|p1a: Neus|92\/393 brn|[from] item: Leftovers
|
|switch|p2a: Landorus-Therian|Landorus-Therian, M|258\/319
|-ability|p2a: Landorus-Therian|Intimidate|[of] p1a: Neus
|-unboost|p1a: Neus|atk|1
|turn|21
|
|switch|p1a: Neus|Skarmory, F|334\/334
|move|p2a: Landorus-Therian|Earthquake|p1a: Neus
|-immune|p1a: Neus|[msg]
|
|-weather|Sandstorm|[upkeep]
|turn|22
|-message|iDestructioNx forfeited.
|
|win|BahaFan
|raw|Ladder updating...
|leave|iDestructioNx
|player|p2
|raw|BahaFan's rating: 1751 &rarr; <strong>1770<\/strong><br \/>(+19 for winning)
|raw|iDestructioNx's rating: 1744 &rarr; <strong>1724<\/strong><br \/>(-20 for losing)