|join|iDestructioNx
|join|Azuko
|player|p1|iDestructioNx|170
|player|p2|Azuko|294
|gametype|singles
|gen|6
|tier|OU
|rated
|clearpoke
|poke|p1|Charizard, M, shiny
|poke|p1|Tyranitar, M, shiny
|poke|p1|Landorus-Therian, M
|poke|p1|Suicune, shiny
|poke|p1|Skarmory, M
|poke|p1|Latios, M
|poke|p2|Gengar, M
|poke|p2|Gyarados, M
|poke|p2|Dragonite, F
|poke|p2|Landorus, M
|poke|p2|Excadrill, M
|poke|p2|Magnezone
|rule|Swagger Clause: Swagger is banned
|rule|Baton Pass Clause: Limit one PokÃ©mon knowing Baton Pass
|rule|Sleep Clause Mod: Limit one foe put to sleep
|rule|Species Clause: Limit one of each PokÃ©mon
|rule|OHKO Clause: OHKO moves are banned
|rule|Moody Clause: Moody is banned
|rule|Evasion Moves Clause: Evasion moves are banned
|rule|Endless Battle Clause: Forcing endless battles is banned
|rule|HP Percentage Mod: HP is shown in percentages
|teampreview
|
|start
|switch|p1a: Landorus-Therian|Landorus-Therian, M|319\/319
|switch|p2a: Landorus|Landorus, M|335\/335
|-ability|p1a: Landorus-Therian|Intimidate|[of] p2a: Landorus
|-unboost|p2a: Landorus|atk|1
|turn|1
|
|move|p1a: Landorus-Therian|Knock Off|p2a: Landorus
|-damage|p2a: Landorus|176\/335
|-enditem|p2a: Landorus|Life Orb|[from] move: Knock Off|[of] p1a: Landorus-Therian
|move|p2a: Landorus|Hidden Power|p1a: Landorus-Therian
|-supereffective|p1a: Landorus-Therian
|-damage|p1a: Landorus-Therian|0 fnt
|faint|p1a: Landorus-Therian
|
|
|switch|p1a: Tyranitar|Tyranitar, M, shiny|341\/341
|-weather|Sandstorm
|turn|2
|
|switch|p1a: Latios|Latios, M|301\/301
|move|p2a: Landorus|Earth Power|p1a: Latios
|-immune|p1a: Latios|[msg]
|
|-weather|Sandstorm|[upkeep]
|-damage|p1a: Latios|283\/301|[from] sandstorm
|turn|3
|
|switch|p2a: Excadrill|Excadrill, M|404\/404
|-ability|p2a: Excadrill|Mold Breaker
|move|p1a: Latios|Draco Meteor|p2a: Excadrill|[miss]
|-miss|p1a: Latios|p2a: Excadrill
|
|-weather|Sandstorm|[upkeep]
|-damage|p1a: Latios|265\/301|[from] sandstorm
|turn|4
|
|switch|p2a: Magnezone|Magnezone|323\/323
|move|p1a: Latios|Hidden Power|p2a: Magnezone
|-supereffective|p2a: Magnezone
|-damage|p2a: Magnezone|131\/323
|-damage|p1a: Latios|235\/301|[from] item: Life Orb
|
|-weather|Sandstorm|[upkeep]
|-damage|p1a: Latios|217\/301|[from] sandstorm
|turn|5
|c|âAzuko|Zzzz
|
|switch|p2a: Excadrill|Excadrill, M|404\/404
|-ability|p2a: Excadrill|Mold Breaker
|move|p1a: Latios|Hidden Power|p2a: Excadrill
|-supereffective|p2a: Excadrill
|-damage|p2a: Excadrill|287\/404
|-damage|p1a: Latios|187\/301|[from] item: Life Orb
|
|-weather|Sandstorm|[upkeep]
|-damage|p1a: Latios|169\/301|[from] sandstorm
|turn|6
|
|switch|p1a: Skarmory|Skarmory, M|323\/323
|move|p2a: Excadrill|Earthquake|p1a: Skarmory
|-immune|p1a: Skarmory|[msg]
|
|-weather|none
|turn|7
|
|move|p2a: Excadrill|Earthquake|p1a: Skarmory
|-immune|p1a: Skarmory|[msg]
|move|p1a: Skarmory|Stealth Rock|p2a: Excadrill
|-sidestart|p2: Azuko|move: Stealth Rock
|
|turn|8
|
|switch|p2a: Magnezone|Magnezone|131\/323
|-damage|p2a: Magnezone|111\/323|[from] Stealth Rock
|switch|p1a: Suicune|Suicune, shiny|404\/404
|-ability|p1a: Suicune|Pressure
|
|turn|9
|
|switch|p1a: Latios|Latios, M|169\/301
|move|p2a: Magnezone|Thunderbolt|p1a: Latios
|-resisted|p1a: Latios
|-damage|p1a: Latios|58\/301
|
|turn|10
|
|switch|p2a: Excadrill|Excadrill, M|287\/404
|-damage|p2a: Excadrill|275\/404|[from] Stealth Rock
|-ability|p2a: Excadrill|Mold Breaker
|move|p1a: Latios|Draco Meteor|p2a: Excadrill
|-resisted|p2a: Excadrill
|-damage|p2a: Excadrill|178\/404
|-unboost|p1a: Latios|spa|2
|-damage|p1a: Latios|28\/301|[from] item: Life Orb
|
|turn|11
|
|switch|p1a: Suicune|Suicune, shiny|404\/404
|-ability|p1a: Suicune|Pressure
|move|p2a: Excadrill|Rapid Spin|p1a: Suicune
|-damage|p1a: Suicune|389\/404
|-sideend|p2: Azuko|Stealth Rock|[from] move: Rapid Spin|[of] p2a: Excadrill
|
|-heal|p1a: Suicune|404\/404|[from] item: Leftovers
|turn|12
|
|switch|p2a: Gengar|Gengar, M|268\/268
|move|p1a: Suicune|Calm Mind|p1a: Suicune
|-boost|p1a: Suicune|spa|1
|-boost|p1a: Suicune|spd|1
|
|turn|13
|
|move|p2a: Gengar|Disable|p1a: Suicune
|-start|p1a: Suicune|Disable|Calm Mind
|move|p1a: Suicune|Scald|p2a: Gengar
|-damage|p2a: Gengar|114\/268
|
|-heal|p2a: Gengar|130\/268|[from] item: Black Sludge
|turn|14
|
|switch|p2a: Magnezone|Magnezone|111\/323
|move|p1a: Suicune|Scald|p2a: Magnezone
|-damage|p2a: Magnezone|0 fnt
|faint|p2a: Magnezone
|
|
|switch|p2a: Dragonite|Dragonite, F|323\/323
|turn|15
|
|switch|p1a: Skarmory|Skarmory, M|323\/323
|move|p2a: Dragonite|Dragon Dance|p2a: Dragonite
|-boost|p2a: Dragonite|atk|1
|-boost|p2a: Dragonite|spe|1
|
|turn|16
|
|move|p2a: Dragonite|Dragon Claw|p1a: Skarmory
|-resisted|p1a: Skarmory
|-damage|p1a: Skarmory|256\/323
|move|p1a: Skarmory|Stealth Rock|p2a: Dragonite
|-sidestart|p2: Azuko|move: Stealth Rock
|
|-heal|p1a: Skarmory|276\/323|[from] item: Leftovers
|turn|17
|
|move|p2a: Dragonite|Dragon Dance|p2a: Dragonite
|-boost|p2a: Dragonite|atk|1
|-boost|p2a: Dragonite|spe|1
|move|p1a: Skarmory|Whirlwind|p2a: Dragonite
|drag|p2a: Gengar|Gengar, M|130\/268
|-damage|p2a: Gengar|97\/268|[from] Stealth Rock
|
|-heal|p2a: Gengar|113\/268|[from] item: Black Sludge
|-heal|p1a: Skarmory|296\/323|[from] item: Leftovers
|turn|18
|
|switch|p1a: Tyranitar|Tyranitar, M, shiny|341\/341
|-weather|Sandstorm
|move|p2a: Gengar|Substitute|p2a: Gengar
|-start|p2a: Gengar|Substitute
|-damage|p2a: Gengar|46\/268
|
|-weather|Sandstorm|[upkeep]
|-damage|p2a: Gengar|30\/268|[from] sandstorm
|-heal|p2a: Gengar|46\/268|[from] item: Black Sludge
|turn|19
|
|move|p2a: Gengar|Will-O-Wisp|p1a: Tyranitar
|-status|p1a: Tyranitar|brn
|move|p1a: Tyranitar|Pursuit|p2a: Gengar
|-supereffective|p2a: Gengar
|-end|p2a: Gengar|Substitute
|
|-weather|Sandstorm|[upkeep]
|-damage|p2a: Gengar|30\/268|[from] sandstorm
|-heal|p2a: Gengar|46\/268|[from] item: Black Sludge
|-damage|p1a: Tyranitar|299\/341 brn|[from] brn
|turn|20
|
|move|p2a: Gengar|Disable|p1a: Tyranitar
|-start|p1a: Tyranitar|Disable|Pursuit
|cant|p1a: Tyranitar|Disable|Pursuit
|
|-weather|Sandstorm|[upkeep]
|-damage|p2a: Gengar|30\/268|[from] sandstorm
|-heal|p2a: Gengar|46\/268|[from] item: Black Sludge
|-damage|p1a: Tyranitar|257\/341 brn|[from] brn
|turn|21
|
|switch|p2a: Gyarados|Gyarados, M|353\/353
|-damage|p2a: Gyarados|265\/353|[from] Stealth Rock
|-ability|p2a: Gyarados|Intimidate|[of] p1a: Tyranitar
|-unboost|p1a: Tyranitar|atk|1
|move|p1a: Tyranitar|Stone Edge|p2a: Gyarados|[miss]
|-miss|p1a: Tyranitar|p2a: Gyarados
|
|-weather|Sandstorm|[upkeep]
|-damage|p2a: Gyarados|243\/353|[from] sandstorm
|-damage|p1a: Tyranitar|215\/341 brn|[from] brn
|turn|22
|
|switch|p1a: Skarmory|Skarmory, M|296\/323
|detailschange|p2a: Gyarados|Gyarados-Mega, M
|message|Gyarados has Mega Evolved into Mega Gyarados!
|-ability|p2a: Gyarados|Mold Breaker
|move|p2a: Gyarados|Dragon Dance|p2a: Gyarados
|-boost|p2a: Gyarados|atk|1
|-boost|p2a: Gyarados|spe|1
|
|-weather|none
|-heal|p1a: Skarmory|316\/323|[from] item: Leftovers
|turn|23
|
|move|p2a: Gyarados|Waterfall|p1a: Skarmory
|-damage|p1a: Skarmory|184\/323
|move|p1a: Skarmory|Whirlwind|p2a: Gyarados
|drag|p2a: Landorus|Landorus, M|176\/335
|-damage|p2a: Landorus|135\/335|[from] Stealth Rock
|
|-heal|p1a: Skarmory|204\/323|[from] item: Leftovers
|turn|24
|
|switch|p1a: Suicune|Suicune, shiny|404\/404
|-ability|p1a: Suicune|Pressure
|move|p2a: Landorus|Rock Polish|p2a: Landorus
|-boost|p2a: Landorus|spe|2
|
|turn|25
|
|switch|p1a: Tyranitar|Tyranitar, M, shiny|215\/341 brn
|-weather|Sandstorm
|move|p2a: Landorus|Earth Power|p1a: Tyranitar
|-supereffective|p1a: Tyranitar
|-damage|p1a: Tyranitar|39\/341 brn
|
|-weather|Sandstorm|[upkeep]
|-damage|p1a: Tyranitar|0 fnt|[from] brn
|faint|p1a: Tyranitar
|
|switch|p1a: Suicune|Suicune, shiny|404\/404
|-ability|p1a: Suicune|Pressure
|turn|26
|
|move|p2a: Landorus|Earth Power|p1a: Suicune
|-damage|p1a: Suicune|205\/404
|move|p1a: Suicune|Calm Mind|p1a: Suicune
|-boost|p1a: Suicune|spa|1
|-boost|p1a: Suicune|spd|1
|
|-weather|Sandstorm|[upkeep]
|-damage|p1a: Suicune|180\/404|[from] sandstorm
|-heal|p1a: Suicune|205\/404|[from] item: Leftovers
|turn|27
|
|move|p2a: Landorus|Earth Power|p1a: Suicune
|-damage|p1a: Suicune|78\/404
|move|p1a: Suicune|Rest|p1a: Suicune
|-status|p1a: Suicune|slp
|-heal|p1a: Suicune|404\/404 slp|[silent]
|-status|p1a: Suicune|slp|[from] move: Rest
|
|-weather|Sandstorm|[upkeep]
|-damage|p1a: Suicune|379\/404 slp|[from] sandstorm
|-heal|p1a: Suicune|404\/404 slp|[from] item: Leftovers
|turn|28
|
|move|p2a: Landorus|Earth Power|p1a: Suicune
|-damage|p1a: Suicune|289\/404 slp
|cant|p1a: Suicune|slp
|
|-weather|Sandstorm|[upkeep]
|-damage|p1a: Suicune|264\/404 slp|[from] sandstorm
|-heal|p1a: Suicune|289\/404 slp|[from] item: Leftovers
|turn|29
|
|move|p2a: Landorus|Earth Power|p1a: Suicune
|-damage|p1a: Suicune|169\/404 slp
|cant|p1a: Suicune|slp
|move|p1a: Suicune|Sleep Talk|p1a: Suicune
|move|p1a: Suicune|Rest|p1a: Suicune|[from]Sleep Talk
|-fail|p1a: Suicune
|
|-weather|none
|-heal|p1a: Suicune|194\/404 slp|[from] item: Leftovers
|turn|30
|
|move|p2a: Landorus|Earth Power|p1a: Suicune
|-damage|p1a: Suicune|79\/404 slp
|-curestatus|p1a: Suicune|slp
|move|p1a: Suicune|Rest|p1a: Suicune
|-status|p1a: Suicune|slp
|-heal|p1a: Suicune|404\/404 slp|[silent]
|-status|p1a: Suicune|slp|[from] move: Rest
|
|turn|31
|c|âAzuko|Zzzzzzz
|
|switch|p2a: Dragonite|Dragonite, F|323\/323
|-damage|p2a: Dragonite|243\/323|[from] Stealth Rock
|cant|p1a: Suicune|slp
|move|p1a: Suicune|Sleep Talk|p1a: Suicune
|move|p1a: Suicune|Calm Mind|p1a: Suicune|[from]Sleep Talk
|-boost|p1a: Suicune|spa|1
|-boost|p1a: Suicune|spd|1
|
|turn|32
|
|move|p2a: Dragonite|Dragon Dance|p2a: Dragonite
|-boost|p2a: Dragonite|atk|1
|-boost|p2a: Dragonite|spe|1
|cant|p1a: Suicune|slp
|
|turn|33
|
|move|p2a: Dragonite|Dragon Dance|p2a: Dragonite
|-boost|p2a: Dragonite|atk|1
|-boost|p2a: Dragonite|spe|1
|-curestatus|p1a: Suicune|slp
|move|p1a: Suicune|Calm Mind|p1a: Suicune
|-boost|p1a: Suicune|spa|1
|-boost|p1a: Suicune|spd|1
|
|turn|34
|
|move|p2a: Dragonite|Dragon Claw|p1a: Suicune
|-damage|p1a: Suicune|221\/404
|move|p1a: Suicune|Scald|p2a: Dragonite
|-resisted|p2a: Dragonite
|-damage|p2a: Dragonite|131\/323
|
|-heal|p1a: Suicune|246\/404|[from] item: Leftovers
|turn|35
|
|move|p2a: Dragonite|Dragon Claw|p1a: Suicune
|-damage|p1a: Suicune|59\/404
|move|p1a: Suicune|Scald|p2a: Dragonite
|-resisted|p2a: Dragonite
|-damage|p2a: Dragonite|21\/323
|-status|p2a: Dragonite|brn
|
|-heal|p1a: Suicune|84\/404|[from] item: Leftovers
|-damage|p2a: Dragonite|0 fnt|[from] brn
|faint|p2a: Dragonite
|c|âiDestructioNx|loooooooool
|c|âAzuko|fuck you 
|
|switch|p2a: Gyarados|Gyarados-Mega, M|243\/353
|-damage|p2a: Gyarados|199\/353|[from] Stealth Rock
|-ability|p2a: Gyarados|Mold Breaker
|turn|36
|c|âiDestructioNx|lmaoooooooooooooo
|
|switch|p1a: Skarmory|Skarmory, M|204\/323
|move|p2a: Gyarados|Earthquake|p1a: Skarmory
|-immune|p1a: Skarmory|[msg]
|
|-heal|p1a: Skarmory|224\/323|[from] item: Leftovers
|turn|37
|
|move|p2a: Gyarados|Waterfall|p1a: Skarmory
|-damage|p1a: Skarmory|121\/323
|move|p1a: Skarmory|Whirlwind|p2a: Gyarados
|drag|p2a: Gengar|Gengar, M|46\/268
|-damage|p2a: Gengar|13\/268|[from] Stealth Rock
|
|-heal|p2a: Gengar|29\/268|[from] item: Black Sludge
|-heal|p1a: Skarmory|141\/323|[from] item: Leftovers
|turn|38
|
|move|p2a: Gengar|Shadow Ball|p1a: Skarmory
|-damage|p1a: Skarmory|0 fnt
|faint|p1a: Skarmory
|
|-heal|p2a: Gengar|45\/268|[from] item: Black Sludge
|
|switch|p1a: Suicune|Suicune, shiny|84\/404
|-ability|p1a: Suicune|Pressure
|turn|39
|
|move|p2a: Gengar|Shadow Ball|p1a: Suicune
|-damage|p1a: Suicune|0 fnt
|faint|p1a: Suicune
|
|-heal|p2a: Gengar|61\/268|[from] item: Black Sludge
|-message|iDestructioNx forfeited.
|
|win|Azuko
|raw|Ladder updating...
|leave|iDestructioNx
|player|p1
|raw|iDestructioNx's rating: 1454 &rarr; <strong>1430<\/strong><br \/>(-24 for losing)
|raw|Azuko's rating: 1393 &rarr; <strong>1417<\/strong><br \/>(+24 for winning)