|join|iDestructioNx
|join|Richizen
|player|p1|iDestructioNx|2
|player|p2|Richizen|2
|gametype|singles
|gen|6
|tier|OU
|rated
|clearpoke
|poke|p1|Charizard, F
|poke|p1|Tyranitar, M, shiny
|poke|p1|Latios, M, shiny
|poke|p1|Skarmory, F
|poke|p1|Landorus-Therian, M
|poke|p1|Scizor, M
|poke|p2|Nidoking, M
|poke|p2|Gyarados, M
|poke|p2|Mew
|poke|p2|Weavile, F, shiny
|poke|p2|Hawlucha, M, shiny
|poke|p2|Manectric, F, shiny
|rule|Swagger Clause: Swagger is banned
|rule|Baton Pass Clause: Limit one PokÃ©mon knowing Baton Pass
|rule|Sleep Clause Mod: Limit one foe put to sleep
|rule|Species Clause: Limit one of each PokÃ©mon
|rule|OHKO Clause: OHKO moves are banned
|rule|Moody Clause: Moody is banned
|rule|Evasion Moves Clause: Evasion moves are banned
|rule|Endless Battle Clause: Forcing endless battles is banned
|rule|HP Percentage Mod: HP is shown in percentages
|teampreview
|
|start
|switch|p1a: Landorus-Therian|Landorus-Therian, M|319\/319
|switch|p2a: Shinrei|Mew|403\/403
|-ability|p1a: Landorus-Therian|Intimidate|[of] p2a: Shinrei
|-unboost|p2a: Shinrei|atk|1
|turn|1
|
|move|p1a: Landorus-Therian|Knock Off|p2a: Shinrei
|-supereffective|p2a: Shinrei
|-damage|p2a: Shinrei|209\/403
|-enditem|p2a: Shinrei|Leftovers|[from] move: Knock Off|[of] p1a: Landorus-Therian
|move|p2a: Shinrei|Stealth Rock|p1a: Landorus-Therian
|-sidestart|p1: iDestructioNx|move: Stealth Rock
|
|turn|2
|
|move|p1a: Landorus-Therian|Knock Off|p2a: Shinrei
|-supereffective|p2a: Shinrei
|-damage|p2a: Shinrei|73\/403
|move|p2a: Shinrei|Knock Off|p1a: Landorus-Therian
|-damage|p1a: Landorus-Therian|265\/319
|-enditem|p1a: Landorus-Therian|Choice Scarf|[from] move: Knock Off|[of] p2a: Shinrei
|
|turn|3
|
|move|p1a: Landorus-Therian|Knock Off|p2a: Shinrei
|-supereffective|p2a: Shinrei
|-damage|p2a: Shinrei|0 fnt
|faint|p2a: Shinrei
|
|
|switch|p2a: Mexitacos|Hawlucha, M, shiny|299\/299
|turn|4
|
|move|p2a: Mexitacos|Swords Dance|p2a: Mexitacos
|-boost|p2a: Mexitacos|atk|2
|move|p1a: Landorus-Therian|Stone Edge|p2a: Mexitacos
|-damage|p2a: Mexitacos|107\/299
|
|turn|5
|
|switch|p1a: Skarmory|Skarmory, F|330\/330
|-damage|p1a: Skarmory|289\/330|[from] Stealth Rock
|move|p2a: Mexitacos|Sky Attack|p1a: Skarmory|[still]
|-prepare|p2a: Mexitacos|Sky Attack|p1a: Skarmory
|-enditem|p2a: Mexitacos|Power Herb
|-anim|p2a: Mexitacos|Sky Attack|p1a: Skarmory
|-crit|p1a: Skarmory
|-resisted|p1a: Skarmory
|-damage|p1a: Skarmory|109\/330
|
|turn|6
|
|move|p2a: Mexitacos|High Jump Kick|p1a: Skarmory
|-damage|p1a: Skarmory|0 fnt
|-damage|p2a: Mexitacos|58\/299|[from] item: Rocky Helmet|[of] p1a: Skarmory
|faint|p1a: Skarmory
|
|
|switch|p1a: Landorus-Therian|Landorus-Therian, M|265\/319
|-damage|p1a: Landorus-Therian|226\/319|[from] Stealth Rock
|-ability|p1a: Landorus-Therian|Intimidate|[of] p2a: Mexitacos
|-unboost|p2a: Mexitacos|atk|1
|turn|7
|
|move|p2a: Mexitacos|Acrobatics|p1a: Landorus-Therian
|-damage|p1a: Landorus-Therian|0 fnt
|faint|p1a: Landorus-Therian
|
|
|switch|p1a: Scizor|Scizor, M|281\/281
|-damage|p1a: Scizor|246\/281|[from] Stealth Rock
|turn|8
|
|switch|p2a: KarpStyle|Gyarados, M|393\/393
|-ability|p2a: KarpStyle|Intimidate|[of] p1a: Scizor
|-unboost|p1a: Scizor|atk|1
|move|p1a: Scizor|Bullet Punch|p2a: KarpStyle
|-resisted|p2a: KarpStyle
|-damage|p2a: KarpStyle|349\/393
|-damage|p1a: Scizor|218\/281|[from] item: Life Orb
|
|-heal|p2a: KarpStyle|373\/393|[from] item: Leftovers
|turn|9
|
|switch|p1a: Latios|Latios, M, shiny|301\/301
|-damage|p1a: Latios|264\/301|[from] Stealth Rock
|move|p2a: KarpStyle|Dragon Dance|p2a: KarpStyle
|-boost|p2a: KarpStyle|atk|1
|-boost|p2a: KarpStyle|spe|1
|
|-heal|p2a: KarpStyle|393\/393|[from] item: Leftovers
|turn|10
|
|move|p1a: Latios|Draco Meteor|p2a: KarpStyle
|-damage|p2a: KarpStyle|97\/393
|-unboost|p1a: Latios|spa|2
|-damage|p1a: Latios|234\/301|[from] item: Life Orb
|move|p2a: KarpStyle|Dragon Dance|p2a: KarpStyle
|-boost|p2a: KarpStyle|atk|1
|-boost|p2a: KarpStyle|spe|1
|
|-heal|p2a: KarpStyle|121\/393|[from] item: Leftovers
|turn|11
|
|move|p2a: KarpStyle|Rest|p2a: KarpStyle
|-status|p2a: KarpStyle|slp
|-heal|p2a: KarpStyle|393\/393 slp|[silent]
|-status|p2a: KarpStyle|slp|[from] move: Rest
|move|p1a: Latios|Draco Meteor|p2a: KarpStyle|[miss]
|-miss|p1a: Latios|p2a: KarpStyle
|
|turn|12
|
|cant|p2a: KarpStyle|slp
|move|p2a: KarpStyle|Sleep Talk|p2a: KarpStyle
|move|p2a: KarpStyle|Rest|p2a: KarpStyle|[from]Sleep Talk
|-fail|p2a: KarpStyle
|move|p1a: Latios|Defog|p2a: KarpStyle
|-unboost|p2a: KarpStyle|evasion|1
|-sideend|p1: iDestructioNx|Stealth Rock|[from] move: Defog|[of] p1a: Latios
|
|turn|13
|
|switch|p1a: Tyranitar|Tyranitar, M, shiny|341\/341
|-weather|Sandstorm
|cant|p2a: KarpStyle|slp
|move|p2a: KarpStyle|Sleep Talk|p2a: KarpStyle
|move|p2a: KarpStyle|Waterfall|p1a: Tyranitar|[from]Sleep Talk
|-supereffective|p1a: Tyranitar
|-damage|p1a: Tyranitar|0 fnt
|faint|p1a: Tyranitar
|
|-weather|Sandstorm|[upkeep]
|-damage|p2a: KarpStyle|369\/393 slp|[from] sandstorm
|-heal|p2a: KarpStyle|393\/393 slp|[from] item: Leftovers
|
|switch|p1a: Charizard|Charizard, F|297\/297
|turn|14
|
|detailschange|p1a: Charizard|Charizard-Mega-Y, F
|message|Charizard has Mega Evolved into Mega Charizard!
|-weather|SunnyDay
|-curestatus|p2a: KarpStyle|slp
|move|p2a: KarpStyle|Waterfall|p1a: Charizard
|-supereffective|p1a: Charizard
|-damage|p1a: Charizard|39\/297
|cant|p1a: Charizard|flinch
|
|-weather|SunnyDay|[upkeep]
|turn|15
|-message|iDestructioNx forfeited.
|
|win|Richizen
|raw|Ladder updating...
|raw|iDestructioNx's rating: 1728 &rarr; <strong>1702<\/strong><br \/>(-26 for losing)
|raw|Richizen's rating: 1619 &rarr; <strong>1645<\/strong><br \/>(+26 for winning)
|leave|iDestructioNx
|player|p1