|join|Greed_Demon
|join|iDestructioNx
|player|p1|Greed_Demon|165
|player|p2|iDestructioNx|2
|gametype|singles
|gen|6
|tier|OU
|rated
|clearpoke
|poke|p1|Smeargle, F, shiny
|poke|p1|Gyarados, M
|poke|p1|Rotom-Heat
|poke|p1|Whimsicott, M
|poke|p1|Excadrill, M
|poke|p1|Sableye, M
|poke|p2|Garchomp, M
|poke|p2|Talonflame, F
|poke|p2|Suicune, shiny
|poke|p2|Magnezone
|poke|p2|Tentacruel, M
|poke|p2|Charizard, F
|rule|Swagger Clause: Swagger is banned
|rule|Baton Pass Clause: Limit one PokÃ©mon knowing Baton Pass
|rule|Sleep Clause Mod: Limit one foe put to sleep
|rule|Species Clause: Limit one of each PokÃ©mon
|rule|OHKO Clause: OHKO moves are banned
|rule|Moody Clause: Moody is banned
|rule|Evasion Moves Clause: Evasion moves are banned
|rule|Endless Battle Clause: Forcing endless battles is banned
|rule|HP Percentage Mod: HP is shown in percentages
|teampreview
|
|start
|switch|p1a: Biscotti|Smeargle, F, shiny|314\/314
|switch|p2a: Garchomp|Garchomp, M|357\/357
|turn|1
|
|move|p1a: Biscotti|Magic Coat|p1a: Biscotti
|-singleturn|p1a: Biscotti|move: Magic Coat
|move|p2a: Garchomp|Earthquake|p1a: Biscotti
|-enditem|p1a: Biscotti|Focus Sash
|-damage|p1a: Biscotti|1\/314
|
|turn|2
|
|switch|p1a: Cotton Swab|Whimsicott, M|323\/323
|move|p2a: Garchomp|Stealth Rock|p1a: Cotton Swab
|-sidestart|p1: Greed_Demon|move: Stealth Rock
|
|turn|3
|
|move|p1a: Cotton Swab|Leech Seed|p2a: Garchomp
|-start|p2a: Garchomp|move: Leech Seed
|move|p2a: Garchomp|Swords Dance|p2a: Garchomp
|-boost|p2a: Garchomp|atk|2
|
|-damage|p2a: Garchomp|313\/357|[from] Leech Seed|[of] p1a: Cotton Swab
|turn|4
|
|move|p1a: Cotton Swab|Encore|p2a: Garchomp
|-start|p2a: Garchomp|Encore
|move|p2a: Garchomp|Swords Dance|p2a: Garchomp
|-boost|p2a: Garchomp|atk|2
|
|-damage|p2a: Garchomp|269\/357|[from] Leech Seed|[of] p1a: Cotton Swab
|turn|5
|
|move|p1a: Cotton Swab|Leech Seed|p2a: Garchomp
|-fail|p2a: Garchomp
|move|p2a: Garchomp|Swords Dance|p2a: Garchomp
|-boost|p2a: Garchomp|atk|2
|
|-damage|p2a: Garchomp|225\/357|[from] Leech Seed|[of] p1a: Cotton Swab
|turn|6
|
|switch|p2a: Talonflame|Talonflame, F|326\/326
|move|p1a: Cotton Swab|Substitute|p1a: Cotton Swab
|-start|p1a: Cotton Swab|Substitute
|-damage|p1a: Cotton Swab|243\/323
|
|-heal|p1a: Cotton Swab|263\/323|[from] item: Leftovers
|turn|7
|
|move|p2a: Talonflame|Brave Bird|p1a: Cotton Swab
|-supereffective|p1a: Cotton Swab
|-end|p1a: Cotton Swab|Substitute
|-damage|p2a: Talonflame|300\/326|[from] recoil|[of] p1a: Cotton Swab
|move|p1a: Cotton Swab|Leech Seed|p2a: Talonflame|[miss]
|-miss|p1a: Cotton Swab|p2a: Talonflame
|
|-heal|p1a: Cotton Swab|283\/323|[from] item: Leftovers
|turn|8
|
|switch|p1a: Biscotti|Smeargle, F, shiny|1\/314
|-damage|p1a: Biscotti|0 fnt|[from] Stealth Rock
|faint|p1a: Biscotti
|move|p2a: Talonflame|Brave Bird|p1: Biscotti|[notarget]
|-notarget
|
|
|switch|p1a: Baker|Rotom-Heat|304\/304
|-damage|p1a: Baker|228\/304|[from] Stealth Rock
|turn|9
|
|switch|p2a: Garchomp|Garchomp, M|225\/357
|move|p1a: Baker|Trick|p2a: Garchomp
|-activate|p1a: Baker|move: Trick|[of] p2a: Garchomp
|-item|p2a: Garchomp|Choice Band|[from] move: Trick
|-item|p1a: Baker|Lum Berry|[from] move: Trick
|
|turn|10
|c|âiDestructioNx|ty
|
|switch|p1a: Cotton Swab|Whimsicott, M|283\/323
|-damage|p1a: Cotton Swab|243\/323|[from] Stealth Rock
|move|p2a: Garchomp|Outrage|p1a: Cotton Swab
|-immune|p1a: Cotton Swab|[msg]
|
|-heal|p1a: Cotton Swab|263\/323|[from] item: Leftovers
|turn|11
|
|switch|p2a: Talonflame|Talonflame, F|300\/326
|move|p1a: Cotton Swab|Leech Seed|p2a: Talonflame
|-start|p2a: Talonflame|move: Leech Seed
|
|-heal|p1a: Cotton Swab|283\/323|[from] item: Leftovers
|-damage|p2a: Talonflame|260\/326|[from] Leech Seed|[of] p1a: Cotton Swab
|-heal|p1a: Cotton Swab|323\/323|[silent]
|turn|12
|
|switch|p1a: Baker|Rotom-Heat|228\/304
|-damage|p1a: Baker|152\/304|[from] Stealth Rock
|move|p2a: Talonflame|Brave Bird|p1a: Baker
|-resisted|p1a: Baker
|-damage|p1a: Baker|74\/304
|-damage|p2a: Talonflame|234\/326|[from] recoil|[of] p1a: Baker
|
|-damage|p2a: Talonflame|194\/326|[from] Leech Seed|[of] p1a: Baker
|-heal|p1a: Baker|114\/304|[silent]
|turn|13
|
|switch|p2a: Garchomp|Garchomp, M|225\/357
|move|p1a: Baker|Overheat|p2a: Garchomp
|-resisted|p2a: Garchomp
|-damage|p2a: Garchomp|111\/357
|-unboost|p1a: Baker|spa|2
|
|turn|14
|
|switch|p1a: Tunnel King|Excadrill, M|362\/362
|-damage|p1a: Tunnel King|351\/362|[from] Stealth Rock
|-ability|p1a: Tunnel King|Mold Breaker
|-item|p1a: Tunnel King|Air Balloon
|move|p2a: Garchomp|Earthquake|p1a: Tunnel King
|-immune|p1a: Tunnel King|[msg]
|
|turn|15
|
|switch|p2a: Magnezone|Magnezone|281\/281
|move|p1a: Tunnel King|Rapid Spin|p2a: Magnezone
|-resisted|p2a: Magnezone
|-damage|p2a: Magnezone|269\/281
|-sideend|p1: Greed_Demon|Stealth Rock|[from] move: Rapid Spin|[of] p1a: Tunnel King
|
|turn|16
|
|switch|p2a: Suicune|Suicune, shiny|404\/404
|-ability|p2a: Suicune|Pressure
|move|p1a: Tunnel King|Earthquake|p2a: Suicune
|-damage|p2a: Suicune|283\/404
|
|-heal|p2a: Suicune|308\/404|[from] item: Leftovers
|turn|17
|
|switch|p1a: Baker|Rotom-Heat|114\/304
|move|p2a: Suicune|Scald|p1a: Baker
|-supereffective|p1a: Baker
|-damage|p1a: Baker|0 fnt
|faint|p1a: Baker
|
|-heal|p2a: Suicune|333\/404|[from] item: Leftovers
|
|switch|p1a: Rampage|Gyarados, M|332\/332
|turn|18
|
|switch|p2a: Magnezone|Magnezone|269\/281
|move|p1a: Rampage|Dragon Dance|p1a: Rampage
|-boost|p1a: Rampage|atk|1
|-boost|p1a: Rampage|spe|1
|
|turn|19
|
|switch|p1a: Tunnel King|Excadrill, M|351\/362
|-ability|p1a: Tunnel King|Mold Breaker
|-item|p1a: Tunnel King|Air Balloon
|move|p2a: Magnezone|Thunderbolt|p1a: Tunnel King
|-immune|p1a: Tunnel King|[msg]
|
|turn|20
|
|switch|p2a: Suicune|Suicune, shiny|333\/404
|-ability|p2a: Suicune|Pressure
|move|p1a: Tunnel King|Iron Head|p2a: Suicune
|-resisted|p2a: Suicune
|-damage|p2a: Suicune|279\/404
|
|-heal|p2a: Suicune|304\/404|[from] item: Leftovers
|turn|21
|
|switch|p1a: Cotton Swab|Whimsicott, M|323\/323
|move|p2a: Suicune|Scald|p1a: Cotton Swab
|-resisted|p1a: Cotton Swab
|-damage|p1a: Cotton Swab|265\/323
|
|-heal|p1a: Cotton Swab|285\/323|[from] item: Leftovers
|-heal|p2a: Suicune|329\/404|[from] item: Leftovers
|turn|22
|
|switch|p2a: Talonflame|Talonflame, F|194\/326
|move|p1a: Cotton Swab|Leech Seed|p2a: Talonflame
|-start|p2a: Talonflame|move: Leech Seed
|
|-heal|p1a: Cotton Swab|305\/323|[from] item: Leftovers
|-damage|p2a: Talonflame|154\/326|[from] Leech Seed|[of] p1a: Cotton Swab
|-heal|p1a: Cotton Swab|323\/323|[silent]
|turn|23
|
|switch|p1a: Rampage|Gyarados, M|332\/332
|move|p2a: Talonflame|Roost|p2a: Talonflame
|-heal|p2a: Talonflame|317\/326
|
|-damage|p2a: Talonflame|277\/326|[from] Leech Seed|[of] p1a: Rampage
|turn|24
|
|move|p2a: Talonflame|Swords Dance|p2a: Talonflame
|-boost|p2a: Talonflame|atk|2
|move|p1a: Rampage|Aqua Tail|p2a: Talonflame
|-supereffective|p2a: Talonflame
|-damage|p2a: Talonflame|0 fnt
|faint|p2a: Talonflame
|-boost|p1a: Rampage|atk|1|[from] ability: Moxie
|
|
|switch|p2a: Garchomp|Garchomp, M|111\/357
|turn|25
|c|âGreed_Demon|glad hes gone
|
|switch|p1a: Cotton Swab|Whimsicott, M|323\/323
|move|p2a: Garchomp|Outrage|p1a: Cotton Swab
|-immune|p1a: Cotton Swab|[msg]
|
|turn|26
|
|switch|p2a: Magnezone|Magnezone|269\/281
|move|p1a: Cotton Swab|Leech Seed|p2a: Magnezone
|-start|p2a: Magnezone|move: Leech Seed
|
|-damage|p2a: Magnezone|234\/281|[from] Leech Seed|[of] p1a: Cotton Swab
|turn|27
|c|âiDestructioNx|of course cause u suck
|c|âiDestructioNx|have u noticed?
|
|move|p1a: Cotton Swab|Substitute|p1a: Cotton Swab
|-start|p1a: Cotton Swab|Substitute
|-damage|p1a: Cotton Swab|243\/323
|move|p2a: Magnezone|Hidden Power|p1a: Cotton Swab
|-supereffective|p1a: Cotton Swab
|-end|p1a: Cotton Swab|Substitute
|
|-heal|p1a: Cotton Swab|263\/323|[from] item: Leftovers
|-damage|p2a: Magnezone|199\/281|[from] Leech Seed|[of] p1a: Cotton Swab
|-heal|p1a: Cotton Swab|298\/323|[silent]
|turn|28
|c|âGreed_Demon|If I suck you would have defeated me
|c|âiDestructioNx|u suck bro
|c|âiDestructioNx|lets just be honest
|
|switch|p2a: Garchomp|Garchomp, M|111\/357
|move|p1a: Cotton Swab|Substitute|p1a: Cotton Swab
|-start|p1a: Cotton Swab|Substitute
|-damage|p1a: Cotton Swab|218\/323
|
|-heal|p1a: Cotton Swab|238\/323|[from] item: Leftovers
|turn|29
|c|âGreed_Demon|It would truely suck if you lost though
|c|âGreed_Demon|after talking all that shit
|c|âiDestructioNx|just saying u bnot good
|
|switch|p1a: Rampage|Gyarados, M|332\/332
|move|p2a: Garchomp|Stealth Rock|p1a: Rampage
|-sidestart|p1: Greed_Demon|move: Stealth Rock
|
|turn|30
|c|âiDestructioNx|iva faced better
|c|âiDestructioNx|i have
|c|âiDestructioNx|you just have annoying tactics , your not a real competitor
|
|switch|p2a: Magnezone|Magnezone|199\/281
|move|p1a: Rampage|Aqua Tail|p2a: Magnezone
|-damage|p2a: Magnezone|49\/281
|
|turn|31
|c|âiDestructioNx|not trying to hurt your feelings
|c|âGreed_Demon|I dont care your just some guy as far as I know
|c|âiDestructioNx|just sying
|c|âiDestructioNx|just saying
|
|switch|p2a: Garchomp|Garchomp, M|111\/357
|switch|p1a: Troll|Sableye, M|304\/304
|-damage|p1a: Troll|266\/304|[from] Stealth Rock
|
|turn|32
|
|switch|p2a: Charizard|Charizard, F|297\/297
|move|p1a: Troll|Will-O-Wisp|p2a: Charizard
|-fail|p2a: Charizard
|
|turn|33
|
|switch|p1a: Cotton Swab|Whimsicott, M|238\/323
|-damage|p1a: Cotton Swab|198\/323|[from] Stealth Rock
|move|p2a: Charizard|Dragon Dance|p2a: Charizard
|-boost|p2a: Charizard|atk|1
|-boost|p2a: Charizard|spe|1
|
|-heal|p1a: Cotton Swab|218\/323|[from] item: Leftovers
|turn|34
|
|detailschange|p2a: Charizard|Charizard-Mega-X, F
|message|Charizard has Mega Evolved into Mega Charizard!
|move|p1a: Cotton Swab|Substitute|p1a: Cotton Swab
|-start|p1a: Cotton Swab|Substitute
|-damage|p1a: Cotton Swab|138\/323
|move|p2a: Charizard|Flare Blitz|p1a: Cotton Swab
|-crit|p1a: Cotton Swab
|-supereffective|p1a: Cotton Swab
|-end|p1a: Cotton Swab|Substitute
|-damage|p2a: Charizard|271\/297|[from] recoil|[of] p1a: Cotton Swab
|
|-heal|p1a: Cotton Swab|158\/323|[from] item: Leftovers
|turn|35
|
|move|p1a: Cotton Swab|Encore|p2a: Charizard
|-start|p2a: Charizard|Encore
|move|p2a: Charizard|Flare Blitz|p1a: Cotton Swab
|-supereffective|p1a: Cotton Swab
|-damage|p1a: Cotton Swab|0 fnt
|-damage|p2a: Charizard|219\/297|[from] recoil|[of] p1a: Cotton Swab
|faint|p1a: Cotton Swab
|
|
|switch|p1a: Rampage|Gyarados, M|332\/332
|-damage|p1a: Rampage|249\/332|[from] Stealth Rock
|turn|36
|
|switch|p2a: Suicune|Suicune, shiny|329\/404
|-ability|p2a: Suicune|Pressure
|move|p1a: Rampage|Aqua Tail|p2a: Suicune
|-resisted|p2a: Suicune
|-damage|p2a: Suicune|268\/404
|
|-heal|p2a: Suicune|293\/404|[from] item: Leftovers
|turn|37
|
|switch|p2a: Charizard|Charizard-Mega-X, F|219\/297
|move|p1a: Rampage|Dragon Dance|p1a: Rampage
|-boost|p1a: Rampage|atk|1
|-boost|p1a: Rampage|spe|1
|
|turn|38
|
|switch|p2a: Suicune|Suicune, shiny|293\/404
|-ability|p2a: Suicune|Pressure
|move|p1a: Rampage|Dragon Dance|p1a: Rampage
|-boost|p1a: Rampage|atk|1
|-boost|p1a: Rampage|spe|1
|
|-heal|p2a: Suicune|318\/404|[from] item: Leftovers
|turn|39
|
|move|p1a: Rampage|Bounce|p2a: Suicune|[still]
|-prepare|p1a: Rampage|Bounce|p2a: Suicune
|move|p2a: Suicune|Scald|p1a: Rampage|[miss]
|-miss|p2a: Suicune|p1a: Rampage
|
|-heal|p2a: Suicune|343\/404|[from] item: Leftovers
|turn|40
|c|âGreed_Demon|dont hope on the burn
|
|switch|p2a: Magnezone|Magnezone|49\/281
|move|p1a: Rampage|Bounce|p2a: Magnezone
|-resisted|p2a: Magnezone
|-damage|p2a: Magnezone|0 fnt
|faint|p2a: Magnezone
|-boost|p1a: Rampage|atk|1|[from] ability: Moxie
|
|c|âGreed_Demon|your getting your ass beatr
|c|âiDestructioNx|bro
|c|âGreed_Demon|but a sucky person like me
|c|âiDestructioNx|you just dont undersatnd
|c|âGreed_Demon|hows it feel
|c|âiDestructioNx|look at your team
|c|âiDestructioNx|an annoying person
|c|âiDestructioNx|will win sometimes
|c|âiDestructioNx|u just dont get it
|c|âiDestructioNx|smh
|c|âiDestructioNx|pathetic maybe when u grow a little
|c|âGreed_Demon|Dont be mad because your loseing
|c|âiDestructioNx|a person with a annoying team will always win sometimes
|c|âiDestructioNx|because of rage annoyance
|c|âiDestructioNx|that some people dont have time for
|c|âiDestructioNx|u dont get it
|c|âGreed_Demon|thats the whole porpose of cotton swab. he is an annoyer
|c|âiDestructioNx|people that have annoyance teams are not good
|c|âGreed_Demon|and its working to
|c|âiDestructioNx|not singalizing u out
|c|âiDestructioNx|i can easily make that team
|c|âGreed_Demon|I dont care just take this ass kciking
|c|âiDestructioNx|but thats not real competition
|c|âiDestructioNx|u dont get it
|
|switch|p2a: Suicune|Suicune, shiny|343\/404
|-ability|p2a: Suicune|Pressure
|turn|41
|c|âGreed_Demon|stop whining and take it
|
|move|p1a: Rampage|Bounce|p2a: Suicune|[still]
|-prepare|p1a: Rampage|Bounce|p2a: Suicune
|move|p2a: Suicune|Calm Mind|p2a: Suicune
|-boost|p2a: Suicune|spa|1
|-boost|p2a: Suicune|spd|1
|
|-heal|p2a: Suicune|368\/404|[from] item: Leftovers
|turn|42
|
|move|p1a: Rampage|Bounce|p2a: Suicune
|-damage|p2a: Suicune|91\/404
|-status|p2a: Suicune|par
|cant|p2a: Suicune|par
|
|-heal|p2a: Suicune|116\/404 par|[from] item: Leftovers
|turn|43
|c|âiDestructioNx|see
|c|âiDestructioNx|that what i mean
|c|âiDestructioNx|annoyance people have luck
|c|âGreed_Demon|it didnt matter
|c|âiDestructioNx|not skill
|
|move|p1a: Rampage|Bounce|p2a: Suicune|[still]
|-prepare|p1a: Rampage|Bounce|p2a: Suicune
|move|p2a: Suicune|Rest|p2a: Suicune
|-status|p2a: Suicune|slp
|-heal|p2a: Suicune|404\/404 slp|[silent]
|-status|p2a: Suicune|slp|[from] move: Rest
|
|turn|44
|
|move|p1a: Rampage|Bounce|p2a: Suicune
|-damage|p2a: Suicune|158\/404 slp
|cant|p2a: Suicune|slp
|move|p2a: Suicune|Sleep Talk|p2a: Suicune
|move|p2a: Suicune|Calm Mind|p2a: Suicune|[from]Sleep Talk
|-boost|p2a: Suicune|spa|1
|-boost|p2a: Suicune|spd|1
|
|-heal|p2a: Suicune|183\/404 slp|[from] item: Leftovers
|turn|45
|c|âiDestructioNx|it mattered
|c|âiDestructioNx|u coulda been burned
|c|âiDestructioNx|of course it mattered
|
|move|p1a: Rampage|Bounce|p2a: Suicune|[still]
|-prepare|p1a: Rampage|Bounce|p2a: Suicune
|cant|p2a: Suicune|slp
|move|p2a: Suicune|Sleep Talk|p2a: Suicune
|move|p2a: Suicune|Rest|p2a: Suicune|[from]Sleep Talk
|-fail|p2a: Suicune
|
|-heal|p2a: Suicune|208\/404 slp|[from] item: Leftovers
|turn|46
|
|move|p1a: Rampage|Bounce|p2a: Suicune
|-damage|p2a: Suicune|0 fnt
|faint|p2a: Suicune
|-boost|p1a: Rampage|atk|1|[from] ability: Moxie
|
|-message|iDestructioNx forfeited.
|
|win|Greed_Demon
|raw|Ladder updating...
|leave|iDestructioNx
|player|p2
|raw|Greed_Demon's rating: 1450 &rarr; <strong>1467<\/strong><br \/>(+17 for winning)
|raw|iDestructioNx's rating: 1398 &rarr; <strong>1381<\/strong><br \/>(-17 for losing)