|join|iDestructioNx
|join|JTewi
|player|p1|iDestructioNx|101
|player|p2|JTewi|170
|gametype|singles
|gen|6
|tier|OU
|rated
|clearpoke
|poke|p1|Charizard, M, shiny
|poke|p1|Tyranitar, M, shiny
|poke|p1|Landorus-Therian, M
|poke|p1|Suicune, shiny
|poke|p1|Skarmory, M
|poke|p1|Latios, M, shiny
|poke|p2|Cresselia, F
|poke|p2|Slowking, M
|poke|p2|Venusaur, F
|poke|p2|Heatran, M
|poke|p2|Crawdaunt, F
|poke|p2|Latios, M
|rule|Swagger Clause: Swagger is banned
|rule|Baton Pass Clause: Limit one PokÃ©mon knowing Baton Pass
|rule|Sleep Clause Mod: Limit one foe put to sleep
|rule|Species Clause: Limit one of each PokÃ©mon
|rule|OHKO Clause: OHKO moves are banned
|rule|Moody Clause: Moody is banned
|rule|Evasion Moves Clause: Evasion moves are banned
|rule|Endless Battle Clause: Forcing endless battles is banned
|rule|HP Percentage Mod: HP is shown in percentages
|teampreview
|
|start
|switch|p1a: Landorus-Therian|Landorus-Therian, M|319\/319
|switch|p2a: Venusaur|Venusaur, F|364\/364
|-ability|p1a: Landorus-Therian|Intimidate|[of] p2a: Venusaur
|-unboost|p2a: Venusaur|atk|1
|turn|1
|
|detailschange|p2a: Venusaur|Venusaur-Mega, F
|message|Venusaur has Mega Evolved into Mega Venusaur!
|move|p1a: Landorus-Therian|U-turn|p2a: Venusaur
|-damage|p2a: Venusaur|304\/364
|
|switch|p1a: Latios|Latios, M, shiny|301\/301
|move|p2a: Venusaur|Knock Off|p1a: Latios
|-supereffective|p1a: Latios
|-damage|p1a: Latios|189\/301
|-enditem|p1a: Latios|Life Orb|[from] move: Knock Off|[of] p2a: Venusaur
|
|turn|2
|
|switch|p2a: Heatran|Heatran, M|385\/385
|move|p1a: Latios|Psyshock|p2a: Heatran
|-resisted|p2a: Heatran
|-damage|p2a: Heatran|319\/385
|
|-heal|p2a: Heatran|343\/385|[from] item: Leftovers
|turn|3
|
|switch|p1a: Suicune|Suicune, shiny|404\/404
|-ability|p1a: Suicune|Pressure
|move|p2a: Heatran|Stealth Rock|p1a: Suicune
|-sidestart|p1: iDestructioNx|move: Stealth Rock
|
|-heal|p2a: Heatran|367\/385|[from] item: Leftovers
|turn|4
|
|switch|p2a: Latios|Latios, M|301\/301
|move|p1a: Suicune|Calm Mind|p1a: Suicune
|-boost|p1a: Suicune|spa|1
|-boost|p1a: Suicune|spd|1
|
|turn|5
|
|move|p2a: Latios|Trick|p1a: Suicune
|-activate|p2a: Latios|move: Trick|[of] p1a: Suicune
|-item|p1a: Suicune|Choice Scarf|[from] move: Trick
|-item|p2a: Latios|Leftovers|[from] move: Trick
|move|p1a: Suicune|Calm Mind|p1a: Suicune
|-boost|p1a: Suicune|spa|1
|-boost|p1a: Suicune|spd|1
|
|turn|6
|
|switch|p2a: Crawdaunt|Crawdaunt, F|330\/330
|switch|p1a: Latios|Latios, M, shiny|189\/301
|-damage|p1a: Latios|152\/301|[from] Stealth Rock
|
|turn|7
|
|switch|p2a: Heatran|Heatran, M|367\/385
|move|p1a: Latios|Thunderbolt|p2a: Heatran
|-damage|p2a: Heatran|292\/385
|-status|p2a: Heatran|par
|
|-heal|p2a: Heatran|316\/385 par|[from] item: Leftovers
|turn|8
|
|move|p1a: Latios|Defog|p2a: Heatran
|-unboost|p2a: Heatran|evasion|1
|-sideend|p1: iDestructioNx|Stealth Rock|[from] move: Defog|[of] p1a: Latios
|cant|p2a: Heatran|par
|
|-heal|p2a: Heatran|340\/385 par|[from] item: Leftovers
|turn|9
|
|switch|p1a: Landorus-Therian|Landorus-Therian, M|319\/319
|-ability|p1a: Landorus-Therian|Intimidate|[of] p2a: Heatran
|-unboost|p2a: Heatran|atk|1
|move|p2a: Heatran|Stealth Rock|p1a: Landorus-Therian
|-sidestart|p1: iDestructioNx|move: Stealth Rock
|
|-heal|p2a: Heatran|364\/385 par|[from] item: Leftovers
|turn|10
|
|switch|p2a: Slowking|Slowking, M|394\/394
|move|p1a: Landorus-Therian|U-turn|p2a: Slowking
|-supereffective|p2a: Slowking
|-damage|p2a: Slowking|158\/394
|
|switch|p1a: Tyranitar|Tyranitar, M, shiny|341\/341
|-damage|p1a: Tyranitar|299\/341|[from] Stealth Rock
|-weather|Sandstorm
|
|-weather|Sandstorm|[upkeep]
|-damage|p2a: Slowking|134\/394|[from] sandstorm
|-heal|p2a: Slowking|158\/394|[from] item: Leftovers
|turn|11
|
|move|p1a: Tyranitar|Pursuit|p2a: Slowking
|-supereffective|p2a: Slowking
|-damage|p2a: Slowking|0 fnt
|faint|p2a: Slowking
|
|-weather|Sandstorm|[upkeep]
|
|switch|p2a: Crawdaunt|Crawdaunt, F|330\/330
|turn|12
|
|move|p1a: Tyranitar|Stone Edge|p2a: Crawdaunt
|-damage|p2a: Crawdaunt|98\/330
|move|p2a: Crawdaunt|Crabhammer|p1a: Tyranitar
|-supereffective|p1a: Tyranitar
|-damage|p1a: Tyranitar|0 fnt
|faint|p1a: Tyranitar
|
|-weather|Sandstorm|[upkeep]
|-damage|p2a: Crawdaunt|78\/330|[from] sandstorm
|
|switch|p1a: Landorus-Therian|Landorus-Therian, M|319\/319
|-damage|p1a: Landorus-Therian|280\/319|[from] Stealth Rock
|-ability|p1a: Landorus-Therian|Intimidate|[of] p2a: Crawdaunt
|-unboost|p2a: Crawdaunt|atk|1
|turn|13
|
|switch|p2a: Venusaur|Venusaur-Mega, F|304\/364
|move|p1a: Landorus-Therian|U-turn|p2a: Venusaur
|-damage|p2a: Venusaur|239\/364
|
|switch|p1a: Latios|Latios, M, shiny|152\/301
|-damage|p1a: Latios|115\/301|[from] Stealth Rock
|
|-weather|Sandstorm|[upkeep]
|-damage|p1a: Latios|97\/301|[from] sandstorm
|-damage|p2a: Venusaur|217\/364|[from] sandstorm
|turn|14
|
|switch|p2a: Heatran|Heatran, M|364\/385 par
|move|p1a: Latios|Psyshock|p2a: Heatran
|-crit|p2a: Heatran
|-resisted|p2a: Heatran
|-damage|p2a: Heatran|265\/385 par
|
|-weather|none
|-heal|p2a: Heatran|289\/385 par|[from] item: Leftovers
|turn|15
|
|move|p1a: Latios|Defog|p2a: Heatran
|-unboost|p2a: Heatran|evasion|1
|-sideend|p1: iDestructioNx|Stealth Rock|[from] move: Defog|[of] p1a: Latios
|move|p2a: Heatran|Lava Plume|p1a: Latios
|-resisted|p1a: Latios
|-damage|p1a: Latios|43\/301
|
|-heal|p2a: Heatran|313\/385 par|[from] item: Leftovers
|turn|16
|
|switch|p1a: Charizard|Charizard, M, shiny|297\/297
|cant|p2a: Heatran|par
|
|-heal|p2a: Heatran|337\/385 par|[from] item: Leftovers
|turn|17
|
|detailschange|p1a: Charizard|Charizard-Mega-Y, M, shiny
|message|Charizard has Mega Evolved into Mega Charizard!
|-weather|SunnyDay
|move|p1a: Charizard|Focus Blast|p2a: Heatran
|-supereffective|p2a: Heatran
|-damage|p2a: Heatran|79\/385 par
|move|p2a: Heatran|Stealth Rock|p1a: Charizard
|-sidestart|p1: iDestructioNx|move: Stealth Rock
|
|-weather|SunnyDay|[upkeep]
|-heal|p2a: Heatran|103\/385 par|[from] item: Leftovers
|turn|18
|
|switch|p2a: Latios|Latios, M|301\/301
|move|p1a: Charizard|Substitute|p1a: Charizard
|-start|p1a: Charizard|Substitute
|-damage|p1a: Charizard|223\/297
|
|-weather|SunnyDay|[upkeep]
|turn|19
|
|move|p2a: Latios|Thunderbolt|p1a: Charizard
|-supereffective|p1a: Charizard
|-end|p1a: Charizard|Substitute
|move|p1a: Charizard|Fire Blast|p2a: Latios
|-resisted|p2a: Latios
|-damage|p2a: Latios|133\/301
|
|-weather|SunnyDay|[upkeep]
|-heal|p2a: Latios|151\/301|[from] item: Leftovers
|turn|20
|
|switch|p1a: Skarmory|Skarmory, M|323\/323
|-damage|p1a: Skarmory|283\/323|[from] Stealth Rock
|move|p2a: Latios|Draco Meteor|p1a: Skarmory
|-resisted|p1a: Skarmory
|-damage|p1a: Skarmory|136\/323
|-unboost|p2a: Latios|spa|2
|
|-weather|SunnyDay|[upkeep]
|-heal|p2a: Latios|169\/301|[from] item: Leftovers
|-heal|p1a: Skarmory|156\/323|[from] item: Leftovers
|turn|21
|
|switch|p1a: Landorus-Therian|Landorus-Therian, M|280\/319
|-damage|p1a: Landorus-Therian|241\/319|[from] Stealth Rock
|-ability|p1a: Landorus-Therian|Intimidate|[of] p2a: Latios
|-unboost|p2a: Latios|atk|1
|move|p2a: Latios|Thunderbolt|p1a: Landorus-Therian
|-immune|p1a: Landorus-Therian|[msg]
|
|-weather|none
|-heal|p2a: Latios|187\/301|[from] item: Leftovers
|turn|22
|
|switch|p2a: Heatran|Heatran, M|103\/385 par
|move|p1a: Landorus-Therian|U-turn|p2a: Heatran
|-resisted|p2a: Heatran
|-damage|p2a: Heatran|79\/385 par
|
|switch|p1a: Latios|Latios, M, shiny|43\/301
|-damage|p1a: Latios|6\/301|[from] Stealth Rock
|
|-heal|p2a: Heatran|103\/385 par|[from] item: Leftovers
|turn|23
|
|move|p1a: Latios|Defog|p2a: Heatran
|-unboost|p2a: Heatran|evasion|1
|-sideend|p1: iDestructioNx|Stealth Rock|[from] move: Defog|[of] p1a: Latios
|move|p2a: Heatran|Stealth Rock|p1a: Latios
|-sidestart|p1: iDestructioNx|move: Stealth Rock
|
|-heal|p2a: Heatran|127\/385 par|[from] item: Leftovers
|turn|24
|
|move|p1a: Latios|Defog|p2a: Heatran
|-unboost|p2a: Heatran|evasion|1
|-sideend|p1: iDestructioNx|Stealth Rock|[from] move: Defog|[of] p1a: Latios
|move|p2a: Heatran|Stealth Rock|p1a: Latios
|-sidestart|p1: iDestructioNx|move: Stealth Rock
|
|-heal|p2a: Heatran|151\/385 par|[from] item: Leftovers
|turn|25
|
|move|p1a: Latios|Defog|p2a: Heatran
|-unboost|p2a: Heatran|evasion|1
|-sideend|p1: iDestructioNx|Stealth Rock|[from] move: Defog|[of] p1a: Latios
|cant|p2a: Heatran|par
|
|-heal|p2a: Heatran|175\/385 par|[from] item: Leftovers
|turn|26
|
|move|p1a: Latios|Thunderbolt|p2a: Heatran
|-damage|p2a: Heatran|95\/385 par
|move|p2a: Heatran|Stealth Rock|p1a: Latios
|-sidestart|p1: iDestructioNx|move: Stealth Rock
|
|-heal|p2a: Heatran|119\/385 par|[from] item: Leftovers
|turn|27
|
|move|p1a: Latios|Defog|p2a: Heatran
|-unboost|p2a: Heatran|evasion|1
|-sideend|p1: iDestructioNx|Stealth Rock|[from] move: Defog|[of] p1a: Latios
|move|p2a: Heatran|Stealth Rock|p1a: Latios
|-sidestart|p1: iDestructioNx|move: Stealth Rock
|
|-heal|p2a: Heatran|143\/385 par|[from] item: Leftovers
|turn|28
|
|move|p1a: Latios|Thunderbolt|p2a: Heatran
|-damage|p2a: Heatran|65\/385 par
|move|p2a: Heatran|Stealth Rock|p1a: Latios
|-fail|p1a: Latios
|
|-heal|p2a: Heatran|89\/385 par|[from] item: Leftovers
|turn|29
|
|move|p1a: Latios|Defog|p2a: Heatran
|-unboost|p2a: Heatran|evasion|1
|-sideend|p1: iDestructioNx|Stealth Rock|[from] move: Defog|[of] p1a: Latios
|move|p2a: Heatran|Stealth Rock|p1a: Latios
|-sidestart|p1: iDestructioNx|move: Stealth Rock
|
|-heal|p2a: Heatran|113\/385 par|[from] item: Leftovers
|turn|30
|
|move|p2a: Heatran|Protect|p2a: Heatran
|-singleturn|p2a: Heatran|Protect
|move|p1a: Latios|Defog|p2a: Heatran
|-activate|p2a: Heatran|Protect
|
|-heal|p2a: Heatran|137\/385 par|[from] item: Leftovers
|turn|31
|
|switch|p2a: Crawdaunt|Crawdaunt, F|78\/330
|move|p1a: Latios|Defog|p2a: Crawdaunt
|-unboost|p2a: Crawdaunt|evasion|1
|-sideend|p1: iDestructioNx|Stealth Rock|[from] move: Defog|[of] p1a: Latios
|
|turn|32
|
|switch|p1a: Skarmory|Skarmory, M|156\/323
|switch|p2a: Heatran|Heatran, M|137\/385 par
|
|-heal|p1a: Skarmory|176\/323|[from] item: Leftovers
|-heal|p2a: Heatran|161\/385 par|[from] item: Leftovers
|turn|33
|
|switch|p1a: Charizard|Charizard-Mega-Y, M, shiny|223\/297
|-weather|SunnyDay
|move|p2a: Heatran|Lava Plume|p1a: Charizard
|-crit|p1a: Charizard
|-resisted|p1a: Charizard
|-damage|p1a: Charizard|114\/297
|
|-weather|SunnyDay|[upkeep]
|-heal|p2a: Heatran|185\/385 par|[from] item: Leftovers
|turn|34
|
|switch|p2a: Latios|Latios, M|187\/301
|move|p1a: Charizard|Focus Blast|p2a: Latios
|-resisted|p2a: Latios
|-damage|p2a: Latios|102\/301
|
|-weather|SunnyDay|[upkeep]
|-heal|p2a: Latios|120\/301|[from] item: Leftovers
|turn|35
|
|switch|p1a: Skarmory|Skarmory, M|176\/323
|move|p2a: Latios|Draco Meteor|p1a: Skarmory
|-resisted|p1a: Skarmory
|-damage|p1a: Skarmory|32\/323
|-unboost|p2a: Latios|spa|2
|
|-weather|SunnyDay|[upkeep]
|-heal|p2a: Latios|138\/301|[from] item: Leftovers
|-heal|p1a: Skarmory|52\/323|[from] item: Leftovers
|turn|36
|
|switch|p1a: Landorus-Therian|Landorus-Therian, M|241\/319
|-ability|p1a: Landorus-Therian|Intimidate|[of] p2a: Latios
|-unboost|p2a: Latios|atk|1
|move|p2a: Latios|Thunderbolt|p1a: Landorus-Therian
|-immune|p1a: Landorus-Therian|[msg]
|
|-weather|SunnyDay|[upkeep]
|-heal|p2a: Latios|156\/301|[from] item: Leftovers
|turn|37
|
|switch|p2a: Venusaur|Venusaur-Mega, F|217\/364
|move|p1a: Landorus-Therian|Knock Off|p2a: Venusaur
|-damage|p2a: Venusaur|158\/364
|
|-weather|none
|turn|38
|
|switch|p1a: Skarmory|Skarmory, M|52\/323
|move|p2a: Venusaur|Sludge Bomb|p1a: Skarmory
|-immune|p1a: Skarmory|[msg]
|
|-heal|p1a: Skarmory|72\/323|[from] item: Leftovers
|turn|39
|
|move|p2a: Venusaur|Hidden Power|p1a: Skarmory
|-supereffective|p1a: Skarmory
|-damage|p1a: Skarmory|0 fnt
|faint|p1a: Skarmory
|
|
|switch|p1a: Charizard|Charizard-Mega-Y, M, shiny|114\/297
|-weather|SunnyDay
|turn|40
|
|move|p1a: Charizard|Substitute|p1a: Charizard
|-start|p1a: Charizard|Substitute
|-damage|p1a: Charizard|40\/297
|move|p2a: Venusaur|Sludge Bomb|p1a: Charizard
|-end|p1a: Charizard|Substitute
|
|-weather|SunnyDay|[upkeep]
|turn|41
|
|move|p1a: Charizard|Fire Blast|p2a: Venusaur
|-supereffective|p2a: Venusaur
|-damage|p2a: Venusaur|0 fnt
|faint|p2a: Venusaur
|
|-weather|SunnyDay|[upkeep]
|
|switch|p2a: Latios|Latios, M|156\/301
|turn|42
|
|switch|p1a: Suicune|Suicune, shiny|404\/404
|-ability|p1a: Suicune|Pressure
|move|p2a: Latios|Thunderbolt|p1a: Suicune
|-supereffective|p1a: Suicune
|-damage|p1a: Suicune|228\/404
|-status|p1a: Suicune|par
|
|-weather|SunnyDay|[upkeep]
|-heal|p2a: Latios|174\/301|[from] item: Leftovers
|turn|43
|
|switch|p2a: Heatran|Heatran, M|185\/385 par
|move|p1a: Suicune|Rest|p1a: Suicune
|-status|p1a: Suicune|slp
|-heal|p1a: Suicune|404\/404 slp|[silent]
|-status|p1a: Suicune|slp|[from] move: Rest
|
|-weather|SunnyDay|[upkeep]
|-heal|p2a: Heatran|209\/385 par|[from] item: Leftovers
|turn|44
|
|switch|p1a: Charizard|Charizard-Mega-Y, M, shiny|40\/297
|move|p2a: Heatran|Lava Plume|p1a: Charizard
|-resisted|p1a: Charizard
|-damage|p1a: Charizard|0 fnt
|faint|p1a: Charizard
|
|-weather|none
|-heal|p2a: Heatran|233\/385 par|[from] item: Leftovers
|
|switch|p1a: Landorus-Therian|Landorus-Therian, M|241\/319
|-ability|p1a: Landorus-Therian|Intimidate|[of] p2a: Heatran
|-unboost|p2a: Heatran|atk|1
|turn|45
|
|move|p2a: Heatran|Protect|p2a: Heatran
|-singleturn|p2a: Heatran|Protect
|move|p1a: Landorus-Therian|Knock Off|p2a: Heatran
|-activate|p2a: Heatran|Protect
|
|-heal|p2a: Heatran|257\/385 par|[from] item: Leftovers
|turn|46
|
|switch|p1a: Suicune|Suicune, shiny|404\/404 slp
|-ability|p1a: Suicune|Pressure
|switch|p2a: Cresselia|Cresselia, F|443\/443
|
|turn|47
|
|switch|p1a: Landorus-Therian|Landorus-Therian, M|241\/319
|-ability|p1a: Landorus-Therian|Intimidate|[of] p2a: Cresselia
|-unboost|p2a: Cresselia|atk|1
|move|p2a: Cresselia|Trick Room|p2a: Cresselia
|-fieldstart|move: Trick Room|[of] p2a: Cresselia
|
|turn|48
|
|switch|p1a: Suicune|Suicune, shiny|404\/404 slp
|-ability|p1a: Suicune|Pressure
|move|p2a: Cresselia|Psyshock|p1a: Suicune
|-damage|p1a: Suicune|356\/404 slp
|
|turn|49
|
|switch|p2a: Crawdaunt|Crawdaunt, F|78\/330
|cant|p1a: Suicune|slp
|move|p1a: Suicune|Sleep Talk|p1a: Suicune
|move|p1a: Suicune|Rest|p1a: Suicune|[from]Sleep Talk
|-fail|p1a: Suicune
|
|turn|50
|
|move|p2a: Crawdaunt|Crunch|p1a: Suicune
|-damage|p1a: Suicune|158\/404 slp
|cant|p1a: Suicune|slp
|move|p1a: Suicune|Sleep Talk|p1a: Suicune
|move|p1a: Suicune|Rest|p1a: Suicune|[from]Sleep Talk
|-fail|p1a: Suicune
|
|turn|51
|
|switch|p1a: Latios|Latios, M, shiny|6\/301
|move|p2a: Crawdaunt|Crunch|p1a: Latios
|-supereffective|p1a: Latios
|-damage|p1a: Latios|0 fnt
|faint|p1a: Latios
|
|-fieldend|move: Trick Room
|
|switch|p1a: Landorus-Therian|Landorus-Therian, M|241\/319
|-ability|p1a: Landorus-Therian|Intimidate|[of] p2a: Crawdaunt
|-unboost|p2a: Crawdaunt|atk|1
|turn|52
|c|âJTewi|its nice to see suicune on OU, not much people use it
|
|switch|p2a: Heatran|Heatran, M|257\/385 par
|move|p1a: Landorus-Therian|U-turn|p2a: Heatran
|-resisted|p2a: Heatran
|-damage|p2a: Heatran|233\/385 par
|
|switch|p1a: Suicune|Suicune, shiny|158\/404 slp
|-ability|p1a: Suicune|Pressure
|
|-heal|p2a: Heatran|257\/385 par|[from] item: Leftovers
|turn|53
|
|move|p2a: Heatran|Protect|p2a: Heatran
|-singleturn|p2a: Heatran|Protect
|-curestatus|p1a: Suicune|slp
|move|p1a: Suicune|Rest|p1a: Suicune
|-status|p1a: Suicune|slp
|-heal|p1a: Suicune|404\/404 slp|[silent]
|-status|p1a: Suicune|slp|[from] move: Rest
|
|-heal|p2a: Heatran|281\/385 par|[from] item: Leftovers
|turn|54
|
|switch|p1a: Landorus-Therian|Landorus-Therian, M|241\/319
|-ability|p1a: Landorus-Therian|Intimidate|[of] p2a: Heatran
|-unboost|p2a: Heatran|atk|1
|move|p2a: Heatran|Lava Plume|p1a: Landorus-Therian
|-damage|p1a: Landorus-Therian|91\/319
|
|-heal|p2a: Heatran|305\/385 par|[from] item: Leftovers
|turn|55
|c|âiDestructioNx|tbh
|c|âiDestructioNx|i usually sweep people with it
|c|âiDestructioNx|i made a bad play by leaving him in on latios
|c|âiDestructioNx|your choice scarf through him off
|c|âiDestructioNx|and i alomost switched him but oh well
|c|âJTewi|if i didnt trick him,probably i get sweeped by him, i only have dragon tail on slowbro who dies so early
|
|move|p2a: Heatran|Protect|p2a: Heatran
|-singleturn|p2a: Heatran|Protect
|move|p1a: Landorus-Therian|Earthquake|p2a: Heatran
|-activate|p2a: Heatran|Protect
|
|-heal|p2a: Heatran|329\/385 par|[from] item: Leftovers
|turn|56
|
|switch|p1a: Suicune|Suicune, shiny|404\/404 slp
|-ability|p1a: Suicune|Pressure
|switch|p2a: Latios|Latios, M|174\/301
|
|-heal|p2a: Latios|192\/301|[from] item: Leftovers
|turn|57
|
|move|p2a: Latios|Thunderbolt|p1a: Suicune
|-supereffective|p1a: Suicune
|-damage|p1a: Suicune|212\/404 slp
|cant|p1a: Suicune|slp
|move|p1a: Suicune|Sleep Talk|p1a: Suicune
|move|p1a: Suicune|Calm Mind|p1a: Suicune|[from]Sleep Talk
|-boost|p1a: Suicune|spa|1
|-boost|p1a: Suicune|spd|1
|
|-heal|p2a: Latios|210\/301|[from] item: Leftovers
|turn|58
|c|âiDestructioNx|oh well if i lose this
|c|âiDestructioNx|i wont lose again
|c|âiDestructioNx|wont leave him on latios anymore
|
|switch|p1a: Landorus-Therian|Landorus-Therian, M|91\/319
|-ability|p1a: Landorus-Therian|Intimidate|[of] p2a: Latios
|-unboost|p2a: Latios|atk|1
|move|p2a: Latios|Thunderbolt|p1a: Landorus-Therian
|-immune|p1a: Landorus-Therian|[msg]
|
|-heal|p2a: Latios|228\/301|[from] item: Leftovers
|turn|59
|c|âJTewi|life orb latios is the standart now
|join|cutes
|c|âJTewi|but choiced its not that bad
|
|switch|p2a: Cresselia|Cresselia, F|443\/443
|move|p1a: Landorus-Therian|Knock Off|p2a: Cresselia
|-supereffective|p2a: Cresselia
|-enditem|p2a: Cresselia|Colbur Berry|[eat]
|-damage|p2a: Cresselia|362\/443
|
|turn|60
|c|âiDestructioNx|yea
|
|switch|p1a: Suicune|Suicune, shiny|212\/404 slp
|-ability|p1a: Suicune|Pressure
|move|p2a: Cresselia|Trick Room|p2a: Cresselia
|-fieldstart|move: Trick Room|[of] p2a: Cresselia
|
|turn|61
|
|move|p2a: Cresselia|Lunar Dance|p2a: Cresselia
|faint|p2a: Cresselia
|cant|p1a: Suicune|slp
|move|p1a: Suicune|Sleep Talk|p1a: Suicune
|move|p1a: Suicune|Scald|p2: Cresselia|[from]Sleep Talk|[notarget]
|-notarget
|
|
|switch|p2a: Crawdaunt|Crawdaunt, F|78\/330
|-heal|p2a: Crawdaunt|330\/330|[from] move: Lunar Dance
|turn|62
|
|switch|p1a: Landorus-Therian|Landorus-Therian, M|91\/319
|-ability|p1a: Landorus-Therian|Intimidate|[of] p2a: Crawdaunt
|-unboost|p2a: Crawdaunt|atk|1
|move|p2a: Crawdaunt|Crunch|p1a: Landorus-Therian
|-damage|p1a: Landorus-Therian|0 fnt
|faint|p1a: Landorus-Therian
|
|
|switch|p1a: Suicune|Suicune, shiny|212\/404 slp
|-ability|p1a: Suicune|Pressure
|turn|63
|
|move|p2a: Crawdaunt|Crunch|p1a: Suicune
|-damage|p1a: Suicune|76\/404 slp
|-curestatus|p1a: Suicune|slp
|move|p1a: Suicune|Scald|p2a: Crawdaunt
|-resisted|p2a: Crawdaunt
|-damage|p2a: Crawdaunt|258\/330
|
|turn|64
|c|âJTewi|gg
|c|âiDestructioNx|t his scarf is messing me up
|
|move|p2a: Crawdaunt|Crunch|p1a: Suicune
|-damage|p1a: Suicune|0 fnt
|faint|p1a: Suicune
|
|win|JTewi
|raw|Ladder updating...
|leave|cutes
|leave|iDestructioNx
|player|p1
|raw|Ladder (probably) updated, but score could not be retrieved (timeout).
|raw|Ladder (probably) updated, but score could not be retrieved (Error: socket hang up).