|join|iDestructioNx
|join|i have no alts
|player|p1|iDestructioNx|266
|player|p2|i have no alts|266
|gametype|singles
|gen|6
|tier|OU
|rated
|clearpoke
|poke|p1|Charizard, M, shiny
|poke|p1|Tyranitar, M, shiny
|poke|p1|Landorus-Therian, M
|poke|p1|Latios, M, shiny
|poke|p1|Suicune, shiny
|poke|p1|Skarmory, M
|poke|p2|Keldeo
|poke|p2|Thundurus, M
|poke|p2|Latios, M
|poke|p2|Landorus-Therian, M
|poke|p2|Tyranitar, M
|poke|p2|Scizor, M
|rule|Swagger Clause: Swagger is banned
|rule|Baton Pass Clause: Limit one PokÃ©mon knowing Baton Pass
|rule|Sleep Clause Mod: Limit one foe put to sleep
|rule|Species Clause: Limit one of each PokÃ©mon
|rule|OHKO Clause: OHKO moves are banned
|rule|Moody Clause: Moody is banned
|rule|Evasion Moves Clause: Evasion moves are banned
|rule|Endless Battle Clause: Forcing endless battles is banned
|rule|HP Percentage Mod: HP is shown in percentages
|teampreview
|
|start
|switch|p1a: Landorus-Therian|Landorus-Therian, M|319\/319
|switch|p2a: Thundurus|Thundurus, M|299\/299
|-ability|p1a: Landorus-Therian|Intimidate|[of] p2a: Thundurus
|-unboost|p2a: Thundurus|atk|1
|-boost|p2a: Thundurus|atk|2|[from] ability: Defiant
|turn|1
|c|âiDestructioNx|wtf
|
|switch|p2a: Landorus-Therian|Landorus-Therian, M|382\/382
|-ability|p2a: Landorus-Therian|Intimidate|[of] p1a: Landorus-Therian
|-unboost|p1a: Landorus-Therian|atk|1
|move|p1a: Landorus-Therian|Stone Edge|p2a: Landorus-Therian|[miss]
|-miss|p1a: Landorus-Therian|p2a: Landorus-Therian
|
|turn|2
|
|switch|p1a: Charizard|Charizard, M, shiny|297\/297
|move|p2a: Landorus-Therian|U-turn|p1a: Charizard
|-resisted|p1a: Charizard
|-damage|p1a: Charizard|276\/297
|
|switch|p2a: Keldeo|Keldeo|322\/322
|
|turn|3
|
|switch|p2a: Latios|Latios, M|301\/301
|detailschange|p1a: Charizard|Charizard-Mega-Y, M, shiny
|message|Charizard has Mega Evolved into Mega Charizard!
|-weather|SunnyDay
|move|p1a: Charizard|Solar Beam|p2a: Latios|[still]
|-prepare|p1a: Charizard|Solar Beam|p2a: Latios
|-anim|p1a: Charizard|Solar Beam|p2a: Latios
|-resisted|p2a: Latios
|-damage|p2a: Latios|215\/301
|
|-weather|SunnyDay|[upkeep]
|turn|4
|
|switch|p2a: Tyranitar|Tyranitar, M|341\/341
|-weather|Sandstorm
|switch|p1a: Tyranitar|Tyranitar, M, shiny|341\/341
|
|-weather|Sandstorm|[upkeep]
|turn|5
|
|switch|p2a: Landorus-Therian|Landorus-Therian, M|382\/382
|-ability|p2a: Landorus-Therian|Intimidate|[of] p1a: Tyranitar
|-unboost|p1a: Tyranitar|atk|1
|switch|p1a: Landorus-Therian|Landorus-Therian, M|319\/319
|-ability|p1a: Landorus-Therian|Intimidate|[of] p2a: Landorus-Therian
|-unboost|p2a: Landorus-Therian|atk|1
|
|-weather|Sandstorm|[upkeep]
|turn|6
|
|move|p1a: Landorus-Therian|Knock Off|p2a: Landorus-Therian
|-damage|p2a: Landorus-Therian|282\/382
|-enditem|p2a: Landorus-Therian|Leftovers|[from] move: Knock Off|[of] p1a: Landorus-Therian
|move|p2a: Landorus-Therian|U-turn|p1a: Landorus-Therian
|-resisted|p1a: Landorus-Therian
|-damage|p1a: Landorus-Therian|290\/319
|
|switch|p2a: Thundurus|Thundurus, M|299\/299
|
|-weather|Sandstorm|[upkeep]
|-damage|p2a: Thundurus|281\/299|[from] sandstorm
|turn|7
|
|switch|p2a: Tyranitar|Tyranitar, M|341\/341
|move|p1a: Landorus-Therian|Knock Off|p2a: Tyranitar
|-resisted|p2a: Tyranitar
|-damage|p2a: Tyranitar|299\/341
|
|-weather|Sandstorm|[upkeep]
|turn|8
|
|switch|p1a: Skarmory|Skarmory, M|320\/320
|detailschange|p2a: Tyranitar|Tyranitar-Mega, M
|message|Tyranitar has Mega Evolved into Mega Tyranitar!
|move|p2a: Tyranitar|Stone Edge|p1a: Skarmory
|-crit|p1a: Skarmory
|-damage|p1a: Skarmory|127\/320
|
|-weather|none
|-heal|p1a: Skarmory|147\/320|[from] item: Leftovers
|turn|9
|
|switch|p2a: Keldeo|Keldeo|322\/322
|move|p1a: Skarmory|Stealth Rock|p2a: Keldeo
|-sidestart|p2: i have no alts|move: Stealth Rock
|
|-heal|p1a: Skarmory|167\/320|[from] item: Leftovers
|turn|10
|
|switch|p1a: Latios|Latios, M, shiny|301\/301
|move|p2a: Keldeo|Scald|p1a: Latios
|-resisted|p1a: Latios
|-damage|p1a: Latios|199\/301
|
|turn|11
|
|switch|p1a: Suicune|Suicune, shiny|404\/404
|-ability|p1a: Suicune|Pressure
|switch|p2a: Scizor|Scizor, M|331\/331
|-damage|p2a: Scizor|290\/331|[from] Stealth Rock
|
|turn|12
|
|move|p1a: Suicune|Calm Mind|p1a: Suicune
|-boost|p1a: Suicune|spa|1
|-boost|p1a: Suicune|spd|1
|move|p2a: Scizor|U-turn|p1a: Suicune
|-damage|p1a: Suicune|257\/404
|
|switch|p2a: Latios|Latios, M|215\/301
|-damage|p2a: Latios|178\/301|[from] Stealth Rock
|
|-heal|p1a: Suicune|282\/404|[from] item: Leftovers
|turn|13
|
|switch|p1a: Tyranitar|Tyranitar, M, shiny|341\/341
|-weather|Sandstorm
|move|p2a: Latios|Trick|p1a: Tyranitar
|-activate|p2a: Latios|move: Trick|[of] p1a: Tyranitar
|-item|p1a: Tyranitar|Choice Scarf|[from] move: Trick
|-item|p2a: Latios|Assault Vest|[from] move: Trick
|
|-weather|Sandstorm|[upkeep]
|-damage|p2a: Latios|160\/301|[from] sandstorm
|turn|14
|
|move|p1a: Tyranitar|Pursuit|p2a: Latios|[from]Pursuit
|-supereffective|p2a: Latios
|-damage|p2a: Latios|0 fnt
|faint|p2a: Latios
|
|-weather|Sandstorm|[upkeep]
|
|switch|p2a: Keldeo|Keldeo|322\/322
|-damage|p2a: Keldeo|302\/322|[from] Stealth Rock
|turn|15
|c|âiDestructioNx|ty
|
|switch|p1a: Latios|Latios, M, shiny|199\/301
|move|p2a: Keldeo|Scald|p1a: Latios
|-resisted|p1a: Latios
|-damage|p1a: Latios|100\/301
|
|-weather|Sandstorm|[upkeep]
|-damage|p1a: Latios|82\/301|[from] sandstorm
|-damage|p2a: Keldeo|282\/322|[from] sandstorm
|turn|16
|
|switch|p2a: Scizor|Scizor, M|290\/331
|-damage|p2a: Scizor|249\/331|[from] Stealth Rock
|move|p1a: Latios|Draco Meteor|p2a: Scizor
|-resisted|p2a: Scizor
|-damage|p2a: Scizor|62\/331
|-unboost|p1a: Latios|spa|2
|-damage|p1a: Latios|52\/301|[from] item: Life Orb
|
|-weather|Sandstorm|[upkeep]
|-damage|p1a: Latios|34\/301|[from] sandstorm
|turn|17
|
|move|p2a: Scizor|Bullet Punch|p1a: Latios
|-damage|p1a: Latios|0 fnt
|faint|p1a: Latios
|
|-weather|none
|
|switch|p1a: Suicune|Suicune, shiny|282\/404
|-ability|p1a: Suicune|Pressure
|turn|18
|
|switch|p2a: Thundurus|Thundurus, M|281\/299
|-damage|p2a: Thundurus|207\/299|[from] Stealth Rock
|move|p1a: Suicune|Scald|p2a: Thundurus
|-damage|p2a: Thundurus|99\/299
|
|-heal|p1a: Suicune|307\/404|[from] item: Leftovers
|turn|19
|
|move|p2a: Thundurus|Superpower|p1a: Suicune
|-damage|p1a: Suicune|213\/404
|-unboost|p2a: Thundurus|atk|1
|-unboost|p2a: Thundurus|def|1
|-damage|p2a: Thundurus|70\/299|[from] item: Life Orb
|move|p1a: Suicune|Scald|p2a: Thundurus
|-crit|p2a: Thundurus
|-damage|p2a: Thundurus|0 fnt
|faint|p2a: Thundurus
|
|-heal|p1a: Suicune|238\/404|[from] item: Leftovers
|c|âiDestructioNx|lmao
|
|switch|p2a: Keldeo|Keldeo|282\/322
|-damage|p2a: Keldeo|262\/322|[from] Stealth Rock
|turn|20
|
|move|p2a: Keldeo|Secret Sword|p1a: Suicune
|-damage|p1a: Suicune|82\/404
|move|p1a: Suicune|Rest|p1a: Suicune
|-status|p1a: Suicune|slp
|-heal|p1a: Suicune|404\/404 slp|[silent]
|-status|p1a: Suicune|slp|[from] move: Rest
|
|turn|21
|
|move|p2a: Keldeo|Secret Sword|p1a: Suicune
|-damage|p1a: Suicune|247\/404 slp
|cant|p1a: Suicune|slp
|move|p1a: Suicune|Sleep Talk|p1a: Suicune
|move|p1a: Suicune|Calm Mind|p1a: Suicune|[from]Sleep Talk
|-boost|p1a: Suicune|spa|1
|-boost|p1a: Suicune|spd|1
|
|-heal|p1a: Suicune|272\/404 slp|[from] item: Leftovers
|turn|22
|
|move|p2a: Keldeo|Secret Sword|p1a: Suicune
|-damage|p1a: Suicune|127\/404 slp
|cant|p1a: Suicune|slp
|move|p1a: Suicune|Sleep Talk|p1a: Suicune
|move|p1a: Suicune|Rest|p1a: Suicune|[from]Sleep Talk
|-fail|p1a: Suicune
|
|-heal|p1a: Suicune|152\/404 slp|[from] item: Leftovers
|turn|23
|
|move|p2a: Keldeo|Secret Sword|p1a: Suicune
|-damage|p1a: Suicune|0 fnt
|faint|p1a: Suicune
|
|
|switch|p1a: Charizard|Charizard-Mega-Y, M, shiny|276\/297
|-weather|SunnyDay
|turn|24
|
|switch|p2a: Scizor|Scizor, M|62\/331
|-damage|p2a: Scizor|21\/331|[from] Stealth Rock
|switch|p1a: Landorus-Therian|Landorus-Therian, M|290\/319
|-ability|p1a: Landorus-Therian|Intimidate|[of] p2a: Scizor
|-unboost|p2a: Scizor|atk|1
|
|-weather|SunnyDay|[upkeep]
|turn|25
|
|move|p1a: Landorus-Therian|Knock Off|p2a: Scizor
|-damage|p2a: Scizor|0 fnt
|-enditem|p2a: Scizor|Choice Band|[from] move: Knock Off|[of] p1a: Landorus-Therian
|faint|p2a: Scizor
|
|-weather|SunnyDay|[upkeep]
|
|switch|p2a: Keldeo|Keldeo|262\/322
|-damage|p2a: Keldeo|242\/322|[from] Stealth Rock
|turn|26
|
|switch|p1a: Skarmory|Skarmory, M|167\/320
|move|p2a: Keldeo|Scald|p1a: Skarmory
|-damage|p1a: Skarmory|23\/320
|
|-weather|SunnyDay|[upkeep]
|-heal|p1a: Skarmory|43\/320|[from] item: Leftovers
|turn|27
|
|move|p2a: Keldeo|Scald|p1a: Skarmory
|-damage|p1a: Skarmory|0 fnt
|faint|p1a: Skarmory
|
|-weather|SunnyDay|[upkeep]
|
|switch|p1a: Charizard|Charizard-Mega-Y, M, shiny|276\/297
|turn|28
|
|move|p2a: Keldeo|Scald|p1a: Charizard
|-supereffective|p1a: Charizard
|-damage|p1a: Charizard|82\/297
|move|p1a: Charizard|Substitute|p1a: Charizard
|-start|p1a: Charizard|Substitute
|-damage|p1a: Charizard|8\/297
|
|-weather|none
|turn|29
|
|move|p2a: Keldeo|Scald|p1a: Charizard
|-supereffective|p1a: Charizard
|-end|p1a: Charizard|Substitute
|move|p1a: Charizard|Focus Blast|p2a: Keldeo
|-damage|p2a: Keldeo|45\/322
|
|turn|30
|
|move|p2a: Keldeo|Scald|p1a: Charizard
|-supereffective|p1a: Charizard
|-damage|p1a: Charizard|0 fnt
|faint|p1a: Charizard
|
|
|switch|p1a: Landorus-Therian|Landorus-Therian, M|290\/319
|-ability|p1a: Landorus-Therian|Intimidate|[of] p2a: Keldeo
|-unboost|p2a: Keldeo|atk|1
|turn|31
|
|move|p1a: Landorus-Therian|U-turn|p2a: Keldeo
|-crit|p2a: Keldeo
|-resisted|p2a: Keldeo
|-damage|p2a: Keldeo|0 fnt
|faint|p2a: Keldeo
|
|switch|p1a: Tyranitar|Tyranitar, M, shiny|341\/341
|-weather|Sandstorm
|
|-weather|Sandstorm|[upkeep]
|
|switch|p2a: Landorus-Therian|Landorus-Therian, M|282\/382
|-damage|p2a: Landorus-Therian|235\/382|[from] Stealth Rock
|-ability|p2a: Landorus-Therian|Intimidate|[of] p1a: Tyranitar
|-unboost|p1a: Tyranitar|atk|1
|turn|32
|
|switch|p1a: Landorus-Therian|Landorus-Therian, M|290\/319
|-ability|p1a: Landorus-Therian|Intimidate|[of] p2a: Landorus-Therian
|-unboost|p2a: Landorus-Therian|atk|1
|move|p2a: Landorus-Therian|U-turn|p1a: Landorus-Therian
|-resisted|p1a: Landorus-Therian
|-damage|p1a: Landorus-Therian|261\/319
|
|switch|p2a: Tyranitar|Tyranitar-Mega, M|299\/341
|-damage|p2a: Tyranitar|257\/341|[from] Stealth Rock
|
|-weather|Sandstorm|[upkeep]
|turn|33
|c|âiDestructioNx|this is crazy
|c|âiDestructioNx|ive never been a match like this
|
|switch|p2a: Landorus-Therian|Landorus-Therian, M|235\/382
|-damage|p2a: Landorus-Therian|188\/382|[from] Stealth Rock
|-ability|p2a: Landorus-Therian|Intimidate|[of] p1a: Landorus-Therian
|-unboost|p1a: Landorus-Therian|atk|1
|move|p1a: Landorus-Therian|Earthquake|p2a: Landorus-Therian
|-immune|p2a: Landorus-Therian|[msg]
|
|-weather|Sandstorm|[upkeep]
|turn|34
|
|move|p1a: Landorus-Therian|Earthquake|p2a: Landorus-Therian
|-immune|p2a: Landorus-Therian|[msg]
|move|p2a: Landorus-Therian|Earthquake|p1a: Landorus-Therian
|-immune|p1a: Landorus-Therian|[msg]
|
|-weather|Sandstorm|[upkeep]
|turn|35
|
|move|p1a: Landorus-Therian|Earthquake|p2a: Landorus-Therian
|-immune|p2a: Landorus-Therian|[msg]
|move|p2a: Landorus-Therian|Earthquake|p1a: Landorus-Therian
|-immune|p1a: Landorus-Therian|[msg]
|
|-weather|none
|turn|36
|c|âiDestructioNx|wtf
|c|âiDestructioNx|LOL
|c|âi have no alts|your scarfed
|
|move|p1a: Landorus-Therian|Earthquake|p2a: Landorus-Therian
|-immune|p2a: Landorus-Therian|[msg]
|move|p2a: Landorus-Therian|Earthquake|p1a: Landorus-Therian
|-immune|p1a: Landorus-Therian|[msg]
|
|turn|37
|
|move|p1a: Landorus-Therian|Earthquake|p2a: Landorus-Therian
|-immune|p2a: Landorus-Therian|[msg]
|move|p2a: Landorus-Therian|Hidden Power|p1a: Landorus-Therian
|-supereffective|p1a: Landorus-Therian
|-damage|p1a: Landorus-Therian|29\/319
|
|turn|38
|
|move|p1a: Landorus-Therian|Earthquake|p2a: Landorus-Therian
|-immune|p2a: Landorus-Therian|[msg]
|move|p2a: Landorus-Therian|U-turn|p1a: Landorus-Therian
|-resisted|p1a: Landorus-Therian
|-damage|p1a: Landorus-Therian|0 fnt
|faint|p1a: Landorus-Therian
|
|switch|p2a: Tyranitar|Tyranitar-Mega, M|257\/341
|-damage|p2a: Tyranitar|215\/341|[from] Stealth Rock
|-weather|Sandstorm
|
|-weather|Sandstorm|[upkeep]
|
|switch|p1a: Tyranitar|Tyranitar, M, shiny|341\/341
|turn|39
|
|move|p1a: Tyranitar|Earthquake|p2a: Tyranitar
|-supereffective|p2a: Tyranitar
|-damage|p2a: Tyranitar|33\/341
|move|p2a: Tyranitar|Earthquake|p1a: Tyranitar
|-supereffective|p1a: Tyranitar
|-damage|p1a: Tyranitar|67\/341
|
|-weather|Sandstorm|[upkeep]
|turn|40
|
|move|p1a: Tyranitar|Earthquake|p2a: Tyranitar
|-supereffective|p2a: Tyranitar
|-damage|p2a: Tyranitar|0 fnt
|faint|p2a: Tyranitar
|
|-weather|Sandstorm|[upkeep]
|c|âi have no alts|gg
|
|switch|p2a: Landorus-Therian|Landorus-Therian, M|188\/382
|-damage|p2a: Landorus-Therian|141\/382|[from] Stealth Rock
|-ability|p2a: Landorus-Therian|Intimidate|[of] p1a: Tyranitar
|-unboost|p1a: Tyranitar|atk|1
|turn|41
|
|move|p1a: Tyranitar|Earthquake|p2a: Landorus-Therian
|-immune|p2a: Landorus-Therian|[msg]
|move|p2a: Landorus-Therian|Earthquake|p1a: Tyranitar
|-supereffective|p1a: Tyranitar
|-damage|p1a: Tyranitar|0 fnt
|faint|p1a: Tyranitar
|
|win|i have no alts
|raw|Ladder updating...
|raw|iDestructioNx's rating: 1589 &rarr; <strong>1570<\/strong><br \/>(-19 for losing)
|raw|i have no alts's rating: 1526 &rarr; <strong>1549<\/strong><br \/>(+23 for winning)