|join|iDestructioNx
|join|Heyihavepseudo
|player|p1|iDestructioNx|265
|player|p2|Heyihavepseudo|165
|gametype|singles
|gen|6
|tier|OU
|rated
|clearpoke
|poke|p1|Metagross
|poke|p1|Skarmory, F
|poke|p1|Latios, M, shiny
|poke|p1|Dragonite, F
|poke|p1|Suicune, shiny
|poke|p1|Mamoswine, M
|poke|p2|Metagross
|poke|p2|Landorus-Therian, M
|poke|p2|Latios, M
|poke|p2|Manaphy
|poke|p2|Clefable, F
|poke|p2|Talonflame, F
|rule|Swagger Clause: Swagger is banned
|rule|Baton Pass Clause: Limit one PokÃ©mon knowing Baton Pass
|rule|Sleep Clause Mod: Limit one foe put to sleep
|rule|Species Clause: Limit one of each PokÃ©mon
|rule|OHKO Clause: OHKO moves are banned
|rule|Moody Clause: Moody is banned
|rule|Evasion Moves Clause: Evasion moves are banned
|rule|Endless Battle Clause: Forcing endless battles is banned
|rule|HP Percentage Mod: HP is shown in percentages
|teampreview
|
|start
|switch|p1a: Dragonite|Dragonite, F|323\/323
|switch|p2a: Landorus-Therian|Landorus-Therian, M|381\/381
|-ability|p2a: Landorus-Therian|Intimidate|[of] p1a: Dragonite
|-unboost|p1a: Dragonite|atk|1
|turn|1
|
|move|p1a: Dragonite|Dragon Dance|p1a: Dragonite
|-boost|p1a: Dragonite|atk|1
|-boost|p1a: Dragonite|spe|1
|move|p2a: Landorus-Therian|Stealth Rock|p1a: Dragonite
|-sidestart|p1: iDestructioNx|move: Stealth Rock
|
|turn|2
|
|move|p1a: Dragonite|Outrage|p2a: Landorus-Therian
|-damage|p2a: Landorus-Therian|206\/381
|move|p2a: Landorus-Therian|U-turn|p1a: Dragonite
|-crit|p1a: Dragonite
|-resisted|p1a: Dragonite
|-damage|p1a: Dragonite|295\/323
|
|switch|p2a: Metagross|Metagross|301\/301
|
|turn|3
|
|detailschange|p2a: Metagross|Metagross-Mega
|message|Metagross has Mega Evolved into Mega Metagross!
|move|p1a: Dragonite|Outrage|p2a: Metagross
|-resisted|p2a: Metagross
|-damage|p2a: Metagross|222\/301
|move|p2a: Metagross|Ice Punch|p1a: Dragonite
|-supereffective|p1a: Dragonite
|-damage|p1a: Dragonite|0 fnt
|faint|p1a: Dragonite
|
|
|switch|p1a: Skarmory|Skarmory, F|334\/334
|-damage|p1a: Skarmory|293\/334|[from] Stealth Rock
|turn|4
|
|switch|p2a: Talonflame|Talonflame, F|359\/359
|move|p1a: Skarmory|Stealth Rock|p2a: Talonflame
|-sidestart|p2: Heyihavepseudo|move: Stealth Rock
|
|-heal|p1a: Skarmory|313\/334|[from] item: Leftovers
|turn|5
|
|move|p2a: Talonflame|Will-O-Wisp|p1a: Skarmory
|-status|p1a: Skarmory|brn
|move|p1a: Skarmory|Whirlwind|p2a: Talonflame
|drag|p2a: Clefable|Clefable, F|394\/394
|
|-heal|p1a: Skarmory|333\/334 brn|[from] item: Leftovers
|-damage|p1a: Skarmory|292\/334 brn|[from] brn
|turn|6
|
|move|p2a: Clefable|Fire Blast|p1a: Skarmory|[miss]
|-miss|p2a: Clefable|p1a: Skarmory
|move|p1a: Skarmory|Whirlwind|p2a: Clefable
|drag|p2a: Manaphy|Manaphy|361\/361
|-damage|p2a: Manaphy|316\/361|[from] Stealth Rock
|
|-heal|p2a: Manaphy|338\/361|[from] item: Leftovers
|-heal|p1a: Skarmory|312\/334 brn|[from] item: Leftovers
|-damage|p1a: Skarmory|271\/334 brn|[from] brn
|turn|7
|
|move|p2a: Manaphy|Surf|p1a: Skarmory
|-damage|p1a: Skarmory|106\/334 brn
|move|p1a: Skarmory|Whirlwind|p2a: Manaphy
|drag|p2a: Clefable|Clefable, F|394\/394
|
|-heal|p1a: Skarmory|126\/334 brn|[from] item: Leftovers
|-damage|p1a: Skarmory|85\/334 brn|[from] brn
|turn|8
|
|switch|p1a: Suicune|Suicune, shiny|404\/404
|-damage|p1a: Suicune|354\/404|[from] Stealth Rock
|-ability|p1a: Suicune|Pressure
|move|p2a: Clefable|Fire Blast|p1a: Suicune
|-resisted|p1a: Suicune
|-damage|p1a: Suicune|305\/404
|
|-heal|p1a: Suicune|330\/404|[from] item: Leftovers
|turn|9
|
|switch|p2a: Manaphy|Manaphy|338\/361
|-damage|p2a: Manaphy|293\/361|[from] Stealth Rock
|move|p1a: Suicune|Calm Mind|p1a: Suicune
|-boost|p1a: Suicune|spa|1
|-boost|p1a: Suicune|spd|1
|
|-heal|p2a: Manaphy|315\/361|[from] item: Leftovers
|-heal|p1a: Suicune|355\/404|[from] item: Leftovers
|turn|10
|
|move|p2a: Manaphy|Tail Glow|p2a: Manaphy
|-boost|p2a: Manaphy|spa|3
|move|p1a: Suicune|Scald|p2a: Manaphy
|-resisted|p2a: Manaphy
|-damage|p2a: Manaphy|254\/361
|
|-heal|p2a: Manaphy|276\/361|[from] item: Leftovers
|-heal|p1a: Suicune|380\/404|[from] item: Leftovers
|turn|11
|
|move|p2a: Manaphy|Tail Glow|p2a: Manaphy
|-boost|p2a: Manaphy|spa|3
|move|p1a: Suicune|Calm Mind|p1a: Suicune
|-boost|p1a: Suicune|spa|1
|-boost|p1a: Suicune|spd|1
|
|-heal|p2a: Manaphy|298\/361|[from] item: Leftovers
|-heal|p1a: Suicune|404\/404|[from] item: Leftovers
|turn|12
|
|move|p2a: Manaphy|Tail Glow|p2a: Manaphy
|-fail|p2a: Manaphy
|move|p1a: Suicune|Calm Mind|p1a: Suicune
|-boost|p1a: Suicune|spa|1
|-boost|p1a: Suicune|spd|1
|
|-heal|p2a: Manaphy|320\/361|[from] item: Leftovers
|turn|13
|
|move|p2a: Manaphy|Energy Ball|p1a: Suicune
|-supereffective|p1a: Suicune
|-damage|p1a: Suicune|166\/404
|-unboost|p1a: Suicune|spd|1
|move|p1a: Suicune|Calm Mind|p1a: Suicune
|-boost|p1a: Suicune|spa|1
|-boost|p1a: Suicune|spd|1
|
|-heal|p2a: Manaphy|342\/361|[from] item: Leftovers
|-heal|p1a: Suicune|191\/404|[from] item: Leftovers
|turn|14
|
|move|p2a: Manaphy|Energy Ball|p1a: Suicune
|-supereffective|p1a: Suicune
|-damage|p1a: Suicune|0 fnt
|faint|p1a: Suicune
|
|-heal|p2a: Manaphy|361\/361|[from] item: Leftovers
|
|switch|p1a: Latios|Latios, M, shiny|301\/301
|-damage|p1a: Latios|264\/301|[from] Stealth Rock
|turn|15
|
|move|p1a: Latios|Psyshock|p2a: Manaphy
|-damage|p2a: Manaphy|176\/361
|-damage|p1a: Latios|234\/301|[from] item: Life Orb
|move|p2a: Manaphy|Ice Beam|p1a: Latios
|-supereffective|p1a: Latios
|-damage|p1a: Latios|0 fnt
|faint|p1a: Latios
|
|-heal|p2a: Manaphy|198\/361|[from] item: Leftovers
|
|switch|p1a: Metagross|Metagross|301\/301
|-damage|p1a: Metagross|283\/301|[from] Stealth Rock
|turn|16
|
|move|p2a: Manaphy|Surf|p1a: Metagross
|-damage|p1a: Metagross|0 fnt
|faint|p1a: Metagross
|
|-heal|p2a: Manaphy|220\/361|[from] item: Leftovers
|-message|iDestructioNx forfeited.
|
|win|Heyihavepseudo
|raw|Ladder updating...
|leave|iDestructioNx
|player|p1
|c|âHeyihavepseudo|Manasweep