|join|iDestructioNx
|join|llodownedu
|player|p1|iDestructioNx|2
|player|p2|llodownedu|265
|gametype|singles
|gen|6
|tier|OU
|rated
|clearpoke
|poke|p1|Charizard, M, shiny
|poke|p1|Tyranitar, M, shiny
|poke|p1|Skarmory, M
|poke|p1|Latios, M, shiny
|poke|p1|Landorus-Therian, M
|poke|p1|Suicune, shiny
|poke|p2|Blissey, F
|poke|p2|Skarmory, M
|poke|p2|Gothitelle, M
|poke|p2|Thundurus, M
|poke|p2|Whimsicott, M
|poke|p2|Gliscor, F
|rule|Swagger Clause: Swagger is banned
|rule|Baton Pass Clause: Limit one PokÃ©mon knowing Baton Pass
|rule|Sleep Clause Mod: Limit one foe put to sleep
|rule|Species Clause: Limit one of each PokÃ©mon
|rule|OHKO Clause: OHKO moves are banned
|rule|Moody Clause: Moody is banned
|rule|Evasion Moves Clause: Evasion moves are banned
|rule|Endless Battle Clause: Forcing endless battles is banned
|rule|HP Percentage Mod: HP is shown in percentages
|teampreview
|
|start
|switch|p1a: Landorus-Therian|Landorus-Therian, M|319\/319
|switch|p2a: Thundurus|Thundurus, M|362\/362
|-ability|p1a: Landorus-Therian|Intimidate|[of] p2a: Thundurus
|-unboost|p2a: Thundurus|atk|1
|turn|1
|
|move|p1a: Landorus-Therian|Rock Slide|p2a: Thundurus
|-supereffective|p2a: Thundurus
|-damage|p2a: Thundurus|44\/362
|move|p2a: Thundurus|Knock Off|p1a: Landorus-Therian
|-damage|p1a: Landorus-Therian|261\/319
|-enditem|p1a: Landorus-Therian|Choice Scarf|[from] move: Knock Off|[of] p2a: Thundurus
|
|-heal|p2a: Thundurus|66\/362|[from] item: Leftovers
|turn|2
|
|switch|p1a: Skarmory|Skarmory, M|322\/322
|move|p2a: Thundurus|Hidden Power|p1a: Skarmory
|-damage|p1a: Skarmory|248\/322
|
|-heal|p2a: Thundurus|88\/362|[from] item: Leftovers
|-heal|p1a: Skarmory|268\/322|[from] item: Leftovers
|turn|3
|
|switch|p1a: Tyranitar|Tyranitar, M, shiny|341\/341
|-weather|Sandstorm
|move|p2a: Thundurus|Volt Switch|p1a: Tyranitar
|-damage|p1a: Tyranitar|295\/341
|
|switch|p2a: Skarmory|Skarmory, M|334\/334
|
|-weather|Sandstorm|[upkeep]
|turn|4
|
|switch|p1a: Skarmory|Skarmory, M|268\/322
|switch|p2a: Blissey|Blissey, F|652\/652
|
|-weather|Sandstorm|[upkeep]
|-damage|p2a: Blissey|612\/652|[from] sandstorm
|-heal|p1a: Skarmory|288\/322|[from] item: Leftovers
|-heal|p2a: Blissey|652\/652|[from] item: Leftovers
|turn|5
|
|move|p1a: Skarmory|Brave Bird|p2a: Blissey
|-damage|p2a: Blissey|414\/652
|-damage|p1a: Skarmory|209\/322|[from] recoil|[of] p2a: Blissey
|move|p2a: Blissey|Wish|p2a: Blissey
|
|-weather|Sandstorm|[upkeep]
|-damage|p2a: Blissey|374\/652|[from] sandstorm
|-heal|p1a: Skarmory|229\/322|[from] item: Leftovers
|-heal|p2a: Blissey|414\/652|[from] item: Leftovers
|turn|6
|
|move|p1a: Skarmory|Stealth Rock|p2a: Blissey
|-sidestart|p2: llodownedu|move: Stealth Rock
|move|p2a: Blissey|Toxic|p1a: Skarmory
|-fail|p1a: Skarmory
|
|-weather|Sandstorm|[upkeep]
|-damage|p2a: Blissey|374\/652|[from] sandstorm
|-heal|p2a: Blissey|652\/652|[from] move: Wish|[wisher] Blissey
|-heal|p1a: Skarmory|249\/322|[from] item: Leftovers
|turn|7
|
|move|p2a: Blissey|Toxic|p1a: Skarmory
|-fail|p1a: Skarmory
|move|p1a: Skarmory|Whirlwind|p2a: Blissey
|drag|p2a: Gliscor|Gliscor, F|354\/354
|-damage|p2a: Gliscor|310\/354|[from] Stealth Rock
|
|-weather|none
|-heal|p1a: Skarmory|269\/322|[from] item: Leftovers
|-status|p2a: Gliscor|tox|[from] item: Toxic Orb
|turn|8
|
|switch|p1a: Suicune|Suicune, shiny|404\/404
|-ability|p1a: Suicune|Pressure
|move|p2a: Gliscor|Knock Off|p1a: Suicune
|-damage|p1a: Suicune|358\/404
|-enditem|p1a: Suicune|Leftovers|[from] move: Knock Off|[of] p2a: Gliscor
|
|-heal|p2a: Gliscor|354\/354 tox|[from] ability: Poison Heal
|turn|9
|
|switch|p2a: Whimsicott|Whimsicott, M|324\/324
|-damage|p2a: Whimsicott|284\/324|[from] Stealth Rock
|move|p1a: Suicune|Calm Mind|p1a: Suicune
|-boost|p1a: Suicune|spa|1
|-boost|p1a: Suicune|spd|1
|
|-heal|p2a: Whimsicott|304\/324|[from] item: Leftovers
|turn|10
|
|switch|p1a: Charizard|Charizard, M, shiny|297\/297
|move|p2a: Whimsicott|Encore|p1a: Charizard
|-fail|p1a: Charizard
|
|-heal|p2a: Whimsicott|324\/324|[from] item: Leftovers
|turn|11
|
|switch|p1a: Tyranitar|Tyranitar, M, shiny|295\/341
|-weather|Sandstorm
|move|p2a: Whimsicott|Substitute|p2a: Whimsicott
|-start|p2a: Whimsicott|Substitute
|-damage|p2a: Whimsicott|243\/324
|
|-weather|Sandstorm|[upkeep]
|-damage|p2a: Whimsicott|223\/324|[from] sandstorm
|-heal|p2a: Whimsicott|243\/324|[from] item: Leftovers
|turn|12
|
|move|p2a: Whimsicott|Leech Seed|p1a: Tyranitar
|-start|p1a: Tyranitar|move: Leech Seed
|move|p1a: Tyranitar|Fire Punch|p2a: Whimsicott
|-supereffective|p2a: Whimsicott
|-end|p2a: Whimsicott|Substitute
|
|-weather|Sandstorm|[upkeep]
|-damage|p2a: Whimsicott|223\/324|[from] sandstorm
|-heal|p2a: Whimsicott|243\/324|[from] item: Leftovers
|-damage|p1a: Tyranitar|253\/341|[from] Leech Seed|[of] p2a: Whimsicott
|-heal|p2a: Whimsicott|285\/324|[silent]
|turn|13
|
|move|p2a: Whimsicott|Substitute|p2a: Whimsicott
|-start|p2a: Whimsicott|Substitute
|-damage|p2a: Whimsicott|204\/324
|move|p1a: Tyranitar|Fire Punch|p2a: Whimsicott
|-supereffective|p2a: Whimsicott
|-end|p2a: Whimsicott|Substitute
|
|-weather|Sandstorm|[upkeep]
|-damage|p2a: Whimsicott|184\/324|[from] sandstorm
|-heal|p2a: Whimsicott|204\/324|[from] item: Leftovers
|-damage|p1a: Tyranitar|211\/341|[from] Leech Seed|[of] p2a: Whimsicott
|-heal|p2a: Whimsicott|246\/324|[silent]
|turn|14
|
|switch|p1a: Skarmory|Skarmory, M|269\/322
|move|p2a: Whimsicott|Substitute|p2a: Whimsicott
|-start|p2a: Whimsicott|Substitute
|-damage|p2a: Whimsicott|165\/324
|
|-weather|Sandstorm|[upkeep]
|-damage|p2a: Whimsicott|145\/324|[from] sandstorm
|-heal|p2a: Whimsicott|165\/324|[from] item: Leftovers
|-heal|p1a: Skarmory|289\/322|[from] item: Leftovers
|turn|15
|
|move|p2a: Whimsicott|Leech Seed|p1a: Skarmory
|-start|p1a: Skarmory|move: Leech Seed
|move|p1a: Skarmory|Brave Bird|p2a: Whimsicott
|-supereffective|p2a: Whimsicott
|-end|p2a: Whimsicott|Substitute
|-damage|p1a: Skarmory|262\/322|[from] recoil|[of] p2a: Whimsicott
|
|-weather|none
|-heal|p2a: Whimsicott|185\/324|[from] item: Leftovers
|-heal|p1a: Skarmory|282\/322|[from] item: Leftovers
|-damage|p1a: Skarmory|242\/322|[from] Leech Seed|[of] p2a: Whimsicott
|-heal|p2a: Whimsicott|225\/324|[silent]
|turn|16
|
|move|p2a: Whimsicott|U-turn|p1a: Skarmory
|-resisted|p1a: Skarmory
|-damage|p1a: Skarmory|237\/322
|
|switch|p2a: Gliscor|Gliscor, F|354\/354 tox
|-damage|p2a: Gliscor|310\/354 tox|[from] Stealth Rock
|move|p1a: Skarmory|Whirlwind|p2a: Gliscor
|drag|p2a: Whimsicott|Whimsicott, M|225\/324
|-damage|p2a: Whimsicott|185\/324|[from] Stealth Rock
|
|-heal|p2a: Whimsicott|205\/324|[from] item: Leftovers
|-heal|p1a: Skarmory|257\/322|[from] item: Leftovers
|-damage|p1a: Skarmory|217\/322|[from] Leech Seed|[of] p2a: Whimsicott
|-heal|p2a: Whimsicott|245\/324|[silent]
|turn|17
|
|move|p2a: Whimsicott|U-turn|p1a: Skarmory
|-resisted|p1a: Skarmory
|-damage|p1a: Skarmory|212\/322
|
|switch|p2a: Gliscor|Gliscor, F|310\/354 tox
|-damage|p2a: Gliscor|266\/354 tox|[from] Stealth Rock
|move|p1a: Skarmory|Brave Bird|p2a: Gliscor
|-damage|p2a: Gliscor|182\/354 tox
|-damage|p1a: Skarmory|184\/322|[from] recoil|[of] p2a: Gliscor
|
|-heal|p1a: Skarmory|204\/322|[from] item: Leftovers
|-damage|p1a: Skarmory|164\/322|[from] Leech Seed|[of] p2a: Gliscor
|-heal|p2a: Gliscor|222\/354 tox|[silent]
|-heal|p2a: Gliscor|266\/354 tox|[from] ability: Poison Heal
|turn|18
|
|switch|p1a: Charizard|Charizard, M, shiny|297\/297
|move|p2a: Gliscor|Toxic|p1a: Charizard
|-status|p1a: Charizard|tox
|
|-damage|p1a: Charizard|279\/297 tox|[from] psn
|-heal|p2a: Gliscor|310\/354 tox|[from] ability: Poison Heal
|turn|19
|
|detailschange|p1a: Charizard|Charizard-Mega-Y, M, shiny
|message|Charizard has Mega Evolved into Mega Charizard!
|-weather|SunnyDay
|move|p2a: Gliscor|Protect|p2a: Gliscor
|-singleturn|p2a: Gliscor|Protect
|move|p1a: Charizard|Fire Blast|p2a: Gliscor
|-activate|p2a: Gliscor|Protect
|
|-weather|SunnyDay|[upkeep]
|-damage|p1a: Charizard|243\/297 tox|[from] psn
|-heal|p2a: Gliscor|354\/354 tox|[from] ability: Poison Heal
|turn|20
|
|switch|p2a: Blissey|Blissey, F|652\/652
|-damage|p2a: Blissey|571\/652|[from] Stealth Rock
|move|p1a: Charizard|Fire Blast|p2a: Blissey
|-damage|p2a: Blissey|310\/652
|
|-weather|SunnyDay|[upkeep]
|-heal|p2a: Blissey|350\/652|[from] item: Leftovers
|-damage|p1a: Charizard|189\/297 tox|[from] psn
|turn|21
|
|move|p1a: Charizard|Fire Blast|p2a: Blissey
|-crit|p2a: Blissey
|-damage|p2a: Blissey|19\/652
|move|p2a: Blissey|Wish|p2a: Blissey
|
|-weather|SunnyDay|[upkeep]
|-heal|p2a: Blissey|59\/652|[from] item: Leftovers
|-damage|p1a: Charizard|117\/297 tox|[from] psn
|turn|22
|
|switch|p1a: Tyranitar|Tyranitar, M, shiny|211\/341
|-weather|Sandstorm
|move|p2a: Blissey|Protect|p2a: Blissey
|-fail|p2a: Blissey
|
|-weather|Sandstorm|[upkeep]
|-damage|p2a: Blissey|19\/652|[from] sandstorm
|-heal|p2a: Blissey|345\/652|[from] move: Wish|[wisher] Blissey
|-heal|p2a: Blissey|385\/652|[from] item: Leftovers
|turn|23
|
|move|p1a: Tyranitar|Superpower|p2a: Blissey
|-supereffective|p2a: Blissey
|-damage|p2a: Blissey|0 fnt
|-unboost|p1a: Tyranitar|atk|1
|-unboost|p1a: Tyranitar|def|1
|faint|p2a: Blissey
|
|-weather|Sandstorm|[upkeep]
|
|switch|p2a: Gliscor|Gliscor, F|354\/354 tox
|-damage|p2a: Gliscor|310\/354 tox|[from] Stealth Rock
|turn|24
|
|switch|p1a: Skarmory|Skarmory, M|164\/322
|move|p2a: Gliscor|Knock Off|p1a: Skarmory
|-damage|p1a: Skarmory|121\/322
|-enditem|p1a: Skarmory|Leftovers|[from] move: Knock Off|[of] p2a: Gliscor
|
|-weather|Sandstorm|[upkeep]
|-heal|p2a: Gliscor|354\/354 tox|[from] ability: Poison Heal
|turn|25
|
|switch|p2a: Skarmory|Skarmory, M|334\/334
|-damage|p2a: Skarmory|293\/334|[from] Stealth Rock
|move|p1a: Skarmory|Roost|p1a: Skarmory
|-heal|p1a: Skarmory|282\/322
|
|-weather|Sandstorm|[upkeep]
|-heal|p2a: Skarmory|313\/334|[from] item: Leftovers
|turn|26
|
|switch|p1a: Suicune|Suicune, shiny|358\/404
|-ability|p1a: Suicune|Pressure
|move|p2a: Skarmory|Defog|p1a: Suicune
|-unboost|p1a: Suicune|evasion|1
|-sideend|p2: llodownedu|Stealth Rock|[from] move: Defog|[of] p2a: Skarmory
|
|-weather|none
|-heal|p2a: Skarmory|333\/334|[from] item: Leftovers
|turn|27
|
|switch|p1a: Skarmory|Skarmory, M|282\/322
|switch|p2a: Gothitelle|Gothitelle, M|344\/344
|
|turn|28
|
|move|p1a: Skarmory|Stealth Rock|p2a: Gothitelle
|-sidestart|p2: llodownedu|move: Stealth Rock
|move|p2a: Gothitelle|Thunder Wave|p1a: Skarmory
|-status|p1a: Skarmory|par
|
|turn|29
|
|move|p2a: Gothitelle|Psychic|p1a: Skarmory
|-crit|p1a: Skarmory
|-resisted|p1a: Skarmory
|-damage|p1a: Skarmory|176\/322 par
|move|p1a: Skarmory|Whirlwind|p2a: Gothitelle
|drag|p2a: Skarmory|Skarmory, M|333\/334
|-damage|p2a: Skarmory|292\/334|[from] Stealth Rock
|
|-heal|p2a: Skarmory|312\/334|[from] item: Leftovers
|turn|30
|
|move|p2a: Skarmory|Defog|p1a: Skarmory
|-unboost|p1a: Skarmory|evasion|1
|-sideend|p2: llodownedu|Stealth Rock|[from] move: Defog|[of] p2a: Skarmory
|move|p1a: Skarmory|Whirlwind|p2a: Skarmory
|drag|p2a: Gothitelle|Gothitelle, M|344\/344
|
|turn|31
|
|switch|p2a: Skarmory|Skarmory, M|312\/334
|cant|p1a: Skarmory|par
|
|-heal|p2a: Skarmory|332\/334|[from] item: Leftovers
|turn|32
|
|move|p2a: Skarmory|Whirlwind|p1a: Skarmory
|drag|p1a: Landorus-Therian|Landorus-Therian, M|261\/319
|-ability|p1a: Landorus-Therian|Intimidate|[of] p2a: Skarmory
|-unboost|p2a: Skarmory|atk|1
|
|-heal|p2a: Skarmory|334\/334|[from] item: Leftovers
|turn|33
|
|move|p1a: Landorus-Therian|Knock Off|p2a: Skarmory
|-damage|p2a: Skarmory|251\/334
|-enditem|p2a: Skarmory|Leftovers|[from] move: Knock Off|[of] p1a: Landorus-Therian
|move|p2a: Skarmory|Brave Bird|p1a: Landorus-Therian
|-damage|p1a: Landorus-Therian|171\/319
|-damage|p2a: Skarmory|221\/334|[from] recoil|[of] p1a: Landorus-Therian
|
|turn|34
|
|switch|p1a: Skarmory|Skarmory, M|176\/322 par
|move|p2a: Skarmory|Roost|p2a: Skarmory
|-heal|p2a: Skarmory|334\/334
|
|turn|35
|
|switch|p2a: Thundurus|Thundurus, M|88\/362
|move|p1a: Skarmory|Stealth Rock|p2a: Thundurus
|-sidestart|p2: llodownedu|move: Stealth Rock
|
|-heal|p2a: Thundurus|110\/362|[from] item: Leftovers
|turn|36
|
|switch|p1a: Tyranitar|Tyranitar, M, shiny|211\/341
|-weather|Sandstorm
|move|p2a: Thundurus|Knock Off|p1a: Tyranitar
|-resisted|p1a: Tyranitar
|-damage|p1a: Tyranitar|172\/341
|-enditem|p1a: Tyranitar|Assault Vest|[from] move: Knock Off|[of] p2a: Thundurus
|
|-weather|Sandstorm|[upkeep]
|-damage|p2a: Thundurus|88\/362|[from] sandstorm
|-heal|p2a: Thundurus|110\/362|[from] item: Leftovers
|turn|37
|
|move|p2a: Thundurus|Volt Switch|p1a: Tyranitar
|-damage|p1a: Tyranitar|108\/341
|
|move|p1a: Tyranitar|Pursuit|p2a: Thundurus|[from]Pursuit
|-crit|p2a: Thundurus
|-damage|p2a: Thundurus|0 fnt
|faint|p2a: Thundurus
|
|-weather|Sandstorm|[upkeep]
|
|switch|p2a: Gliscor|Gliscor, F|354\/354 tox
|-damage|p2a: Gliscor|310\/354 tox|[from] Stealth Rock
|turn|38
|
|move|p1a: Tyranitar|Stone Edge|p2a: Gliscor
|-damage|p2a: Gliscor|195\/354 tox
|move|p2a: Gliscor|Toxic|p1a: Tyranitar
|-status|p1a: Tyranitar|tox
|
|-weather|Sandstorm|[upkeep]
|-damage|p1a: Tyranitar|87\/341 tox|[from] psn
|-heal|p2a: Gliscor|239\/354 tox|[from] ability: Poison Heal
|turn|39
|
|switch|p1a: Skarmory|Skarmory, M|176\/322 par
|move|p2a: Gliscor|Knock Off|p1a: Skarmory
|-damage|p1a: Skarmory|148\/322 par
|
|-weather|Sandstorm|[upkeep]
|-heal|p2a: Gliscor|283\/354 tox|[from] ability: Poison Heal
|turn|40
|
|move|p2a: Gliscor|Knock Off|p1a: Skarmory
|-damage|p1a: Skarmory|121\/322 par
|move|p1a: Skarmory|Whirlwind|p2a: Gliscor
|drag|p2a: Whimsicott|Whimsicott, M|245\/324
|-damage|p2a: Whimsicott|205\/324|[from] Stealth Rock
|
|-weather|none
|-heal|p2a: Whimsicott|225\/324|[from] item: Leftovers
|turn|41
|
|move|p2a: Whimsicott|Leech Seed|p1a: Skarmory
|-start|p1a: Skarmory|move: Leech Seed
|move|p1a: Skarmory|Roost|p1a: Skarmory
|-heal|p1a: Skarmory|282\/322 par
|
|-heal|p2a: Whimsicott|245\/324|[from] item: Leftovers
|-damage|p1a: Skarmory|242\/322 par|[from] Leech Seed|[of] p2a: Whimsicott
|-heal|p2a: Whimsicott|285\/324|[silent]
|turn|42
|
|move|p2a: Whimsicott|Leech Seed|p1a: Skarmory
|-fail|p1a: Skarmory
|move|p1a: Skarmory|Whirlwind|p2a: Whimsicott
|drag|p2a: Gothitelle|Gothitelle, M|344\/344
|-damage|p2a: Gothitelle|301\/344|[from] Stealth Rock
|
|-heal|p2a: Gothitelle|322\/344|[from] item: Leftovers
|-damage|p1a: Skarmory|202\/322 par|[from] Leech Seed|[of] p2a: Gothitelle
|-heal|p2a: Gothitelle|344\/344|[silent]
|turn|43
|
|switch|p2a: Skarmory|Skarmory, M|334\/334
|-damage|p2a: Skarmory|293\/334|[from] Stealth Rock
|move|p1a: Skarmory|Whirlwind|p2a: Skarmory
|drag|p2a: Gliscor|Gliscor, F|283\/354 tox
|-damage|p2a: Gliscor|239\/354 tox|[from] Stealth Rock
|
|-damage|p1a: Skarmory|162\/322 par|[from] Leech Seed|[of] p2a: Gliscor
|-heal|p2a: Gliscor|279\/354 tox|[silent]
|-heal|p2a: Gliscor|323\/354 tox|[from] ability: Poison Heal
|turn|44
|
|switch|p1a: Suicune|Suicune, shiny|358\/404
|-ability|p1a: Suicune|Pressure
|move|p2a: Gliscor|Knock Off|p1a: Suicune
|-damage|p1a: Suicune|326\/404
|
|-heal|p2a: Gliscor|354\/354 tox|[from] ability: Poison Heal
|turn|45
|
|switch|p2a: Gothitelle|Gothitelle, M|344\/344
|-damage|p2a: Gothitelle|301\/344|[from] Stealth Rock
|move|p1a: Suicune|Scald|p2a: Gothitelle
|-crit|p2a: Gothitelle
|-damage|p2a: Gothitelle|217\/344
|
|-heal|p2a: Gothitelle|238\/344|[from] item: Leftovers
|turn|46
|
|move|p1a: Suicune|Scald|p2a: Gothitelle
|-damage|p2a: Gothitelle|180\/344
|move|p2a: Gothitelle|Thunder Wave|p1a: Suicune
|-status|p1a: Suicune|par
|
|-heal|p2a: Gothitelle|201\/344|[from] item: Leftovers
|turn|47
|
|move|p2a: Gothitelle|Calm Mind|p2a: Gothitelle
|-boost|p2a: Gothitelle|spa|1
|-boost|p2a: Gothitelle|spd|1
|move|p1a: Suicune|Calm Mind|p1a: Suicune
|-boost|p1a: Suicune|spa|1
|-boost|p1a: Suicune|spd|1
|
|-heal|p2a: Gothitelle|222\/344|[from] item: Leftovers
|turn|48
|
|move|p2a: Gothitelle|Calm Mind|p2a: Gothitelle
|-boost|p2a: Gothitelle|spa|1
|-boost|p2a: Gothitelle|spd|1
|cant|p1a: Suicune|par
|
|-heal|p2a: Gothitelle|243\/344|[from] item: Leftovers
|turn|49
|
|move|p2a: Gothitelle|Calm Mind|p2a: Gothitelle
|-boost|p2a: Gothitelle|spa|1
|-boost|p2a: Gothitelle|spd|1
|cant|p1a: Suicune|par
|
|-heal|p2a: Gothitelle|264\/344|[from] item: Leftovers
|turn|50
|
|move|p2a: Gothitelle|Psychic|p1a: Suicune
|-damage|p1a: Suicune|176\/404 par
|move|p1a: Suicune|Calm Mind|p1a: Suicune
|-boost|p1a: Suicune|spa|1
|-boost|p1a: Suicune|spd|1
|
|-heal|p2a: Gothitelle|285\/344|[from] item: Leftovers
|turn|51
|
|move|p2a: Gothitelle|Psychic|p1a: Suicune
|-damage|p1a: Suicune|64\/404 par
|cant|p1a: Suicune|par
|
|-heal|p2a: Gothitelle|306\/344|[from] item: Leftovers
|turn|52
|
|move|p2a: Gothitelle|Psychic|p1a: Suicune
|-damage|p1a: Suicune|0 fnt
|faint|p1a: Suicune
|
|-heal|p2a: Gothitelle|327\/344|[from] item: Leftovers
|
|switch|p1a: Tyranitar|Tyranitar, M, shiny|87\/341 tox
|-weather|Sandstorm
|turn|53
|
|move|p1a: Tyranitar|Pursuit|p2a: Gothitelle
|-supereffective|p2a: Gothitelle
|-damage|p2a: Gothitelle|159\/344
|move|p2a: Gothitelle|Rest|p2a: Gothitelle
|-status|p2a: Gothitelle|slp
|-heal|p2a: Gothitelle|344\/344 slp|[silent]
|-status|p2a: Gothitelle|slp|[from] move: Rest
|
|-weather|Sandstorm|[upkeep]
|-damage|p2a: Gothitelle|323\/344 slp|[from] sandstorm
|-heal|p2a: Gothitelle|344\/344 slp|[from] item: Leftovers
|-damage|p1a: Tyranitar|66\/341 tox|[from] psn
|turn|54
|
|move|p1a: Tyranitar|Pursuit|p2a: Gothitelle|[from]Pursuit
|-supereffective|p2a: Gothitelle
|-damage|p2a: Gothitelle|14\/344 slp
|switch|p2a: Skarmory|Skarmory, M|293\/334
|-damage|p2a: Skarmory|252\/334|[from] Stealth Rock
|
|-weather|Sandstorm|[upkeep]
|-damage|p1a: Tyranitar|24\/341 tox|[from] psn
|turn|55
|join|Noodles9
|
|move|p1a: Tyranitar|Fire Punch|p2a: Skarmory
|-supereffective|p2a: Skarmory
|-damage|p2a: Skarmory|142\/334
|-status|p2a: Skarmory|brn
|move|p2a: Skarmory|Defog|p1a: Tyranitar
|-unboost|p1a: Tyranitar|evasion|1
|-sideend|p2: llodownedu|Stealth Rock|[from] move: Defog|[of] p2a: Skarmory
|
|-weather|Sandstorm|[upkeep]
|-damage|p1a: Tyranitar|0 fnt|[from] psn
|-damage|p2a: Skarmory|101\/334 brn|[from] brn
|faint|p1a: Tyranitar
|
|switch|p1a: Skarmory|Skarmory, M|162\/322 par
|turn|56
|
|move|p2a: Skarmory|Roost|p2a: Skarmory
|-heal|p2a: Skarmory|268\/334 brn
|move|p1a: Skarmory|Stealth Rock|p2a: Skarmory
|-sidestart|p2: llodownedu|move: Stealth Rock
|
|-weather|Sandstorm|[upkeep]
|-damage|p2a: Skarmory|227\/334 brn|[from] brn
|turn|57
|
|move|p2a: Skarmory|Defog|p1a: Skarmory
|-unboost|p1a: Skarmory|evasion|1
|-sideend|p2: llodownedu|Stealth Rock|[from] move: Defog|[of] p2a: Skarmory
|move|p1a: Skarmory|Whirlwind|p2a: Skarmory
|drag|p2a: Gliscor|Gliscor, F|354\/354 tox
|
|-weather|none
|turn|58
|
|switch|p2a: Skarmory|Skarmory, M|227\/334 brn
|move|p1a: Skarmory|Stealth Rock|p2a: Skarmory
|-sidestart|p2: llodownedu|move: Stealth Rock
|
|-damage|p2a: Skarmory|186\/334 brn|[from] brn
|turn|59
|
|switch|p1a: Latios|Latios, M, shiny|301\/301
|move|p2a: Skarmory|Roost|p2a: Skarmory
|-heal|p2a: Skarmory|334\/334 brn
|
|-damage|p2a: Skarmory|293\/334 brn|[from] brn
|turn|60
|
|move|p1a: Latios|Hidden Power|p2a: Skarmory
|-supereffective|p2a: Skarmory
|-damage|p2a: Skarmory|46\/334 brn
|-damage|p1a: Latios|271\/301|[from] item: Life Orb
|move|p2a: Skarmory|Roost|p2a: Skarmory
|-heal|p2a: Skarmory|213\/334 brn
|
|-damage|p2a: Skarmory|172\/334 brn|[from] brn
|turn|61
|
|switch|p2a: Gliscor|Gliscor, F|354\/354 tox
|-damage|p2a: Gliscor|310\/354 tox|[from] Stealth Rock
|move|p1a: Latios|Hidden Power|p2a: Gliscor
|-damage|p2a: Gliscor|197\/354 tox
|-damage|p1a: Latios|241\/301|[from] item: Life Orb
|
|-heal|p2a: Gliscor|241\/354 tox|[from] ability: Poison Heal
|turn|62
|
|switch|p2a: Whimsicott|Whimsicott, M|285\/324
|-damage|p2a: Whimsicott|245\/324|[from] Stealth Rock
|move|p1a: Latios|Draco Meteor|p2a: Whimsicott
|-immune|p2a: Whimsicott|[msg]
|
|-heal|p2a: Whimsicott|265\/324|[from] item: Leftovers
|turn|63
|
|move|p2a: Whimsicott|Encore|p1a: Latios
|-start|p1a: Latios|Encore
|move|p1a: Latios|Draco Meteor|p2a: Whimsicott
|-immune|p2a: Whimsicott|[msg]
|
|-heal|p2a: Whimsicott|285\/324|[from] item: Leftovers
|turn|64
|
|switch|p1a: Skarmory|Skarmory, M|162\/322 par
|move|p2a: Whimsicott|Leech Seed|p1a: Skarmory
|-start|p1a: Skarmory|move: Leech Seed
|
|-heal|p2a: Whimsicott|305\/324|[from] item: Leftovers
|-damage|p1a: Skarmory|122\/322 par|[from] Leech Seed|[of] p2a: Whimsicott
|-heal|p2a: Whimsicott|324\/324|[silent]
|turn|65
|
|switch|p1a: Latios|Latios, M, shiny|241\/301
|move|p2a: Whimsicott|U-turn|p1a: Latios
|-supereffective|p1a: Latios
|-damage|p1a: Latios|137\/301
|
|switch|p2a: Gliscor|Gliscor, F|241\/354 tox
|-damage|p2a: Gliscor|197\/354 tox|[from] Stealth Rock
|
|-heal|p2a: Gliscor|241\/354 tox|[from] ability: Poison Heal
|turn|66
|
|move|p2a: Gliscor|Protect|p2a: Gliscor
|-singleturn|p2a: Gliscor|Protect
|move|p1a: Latios|Draco Meteor|p2a: Gliscor
|-activate|p2a: Gliscor|Protect
|
|-heal|p2a: Gliscor|285\/354 tox|[from] ability: Poison Heal
|turn|67
|
|move|p1a: Latios|Draco Meteor|p2a: Gliscor|[miss]
|-miss|p1a: Latios|p2a: Gliscor
|move|p2a: Gliscor|Knock Off|p1a: Latios
|-supereffective|p1a: Latios
|-damage|p1a: Latios|0 fnt
|-enditem|p1a: Latios|Life Orb|[from] move: Knock Off|[of] p2a: Gliscor
|faint|p1a: Latios
|
|-heal|p2a: Gliscor|329\/354 tox|[from] ability: Poison Heal
|
|switch|p1a: Charizard|Charizard-Mega-Y, M, shiny|117\/297 tox
|-weather|SunnyDay
|turn|68
|c|âiDestructioNx|u suk
|
|move|p2a: Gliscor|Protect|p2a: Gliscor
|-singleturn|p2a: Gliscor|Protect
|move|p1a: Charizard|Fire Blast|p2a: Gliscor
|-activate|p2a: Gliscor|Protect
|
|-weather|SunnyDay|[upkeep]
|-damage|p1a: Charizard|99\/297 tox|[from] psn
|-heal|p2a: Gliscor|354\/354 tox|[from] ability: Poison Heal
|turn|69
|
|switch|p2a: Gothitelle|Gothitelle, M|14\/344 slp
|-damage|p2a: Gothitelle|0 fnt|[from] Stealth Rock
|faint|p2a: Gothitelle
|move|p1a: Charizard|Fire Blast|p2: Gothitelle|[notarget]
|-notarget
|
|-weather|SunnyDay|[upkeep]
|-damage|p1a: Charizard|63\/297 tox|[from] psn
|
|switch|p2a: Whimsicott|Whimsicott, M|324\/324
|-damage|p2a: Whimsicott|284\/324|[from] Stealth Rock
|turn|70
|
|switch|p1a: Skarmory|Skarmory, M|122\/322 par
|move|p2a: Whimsicott|Substitute|p2a: Whimsicott
|-start|p2a: Whimsicott|Substitute
|-damage|p2a: Whimsicott|203\/324
|
|-weather|SunnyDay|[upkeep]
|-heal|p2a: Whimsicott|223\/324|[from] item: Leftovers
|turn|71
|
|move|p2a: Whimsicott|Leech Seed|p1a: Skarmory
|-start|p1a: Skarmory|move: Leech Seed
|move|p1a: Skarmory|Roost|p1a: Skarmory
|-heal|p1a: Skarmory|283\/322 par
|
|-weather|SunnyDay|[upkeep]
|-heal|p2a: Whimsicott|243\/324|[from] item: Leftovers
|-damage|p1a: Skarmory|243\/322 par|[from] Leech Seed|[of] p2a: Whimsicott
|-heal|p2a: Whimsicott|283\/324|[silent]
|turn|72
|
|move|p2a: Whimsicott|Encore|p1a: Skarmory
|-start|p1a: Skarmory|Encore
|move|p1a: Skarmory|Roost|p1a: Skarmory
|-heal|p1a: Skarmory|322\/322 par
|
|-weather|none
|-heal|p2a: Whimsicott|303\/324|[from] item: Leftovers
|-damage|p1a: Skarmory|282\/322 par|[from] Leech Seed|[of] p2a: Whimsicott
|-heal|p2a: Whimsicott|324\/324|[silent]
|turn|73
|
|switch|p1a: Landorus-Therian|Landorus-Therian, M|171\/319
|-activate|p2a: Whimsicott|Substitute|ability: Intimidate|[of] p1a: Landorus-Therian
|move|p2a: Whimsicott|Leech Seed|p1a: Landorus-Therian
|-start|p1a: Landorus-Therian|move: Leech Seed
|
|-damage|p1a: Landorus-Therian|132\/319|[from] Leech Seed|[of] p2a: Whimsicott
|turn|74
|
|move|p2a: Whimsicott|Substitute|p2a: Whimsicott
|-fail|p2a: Whimsicott|move: Substitute
|move|p1a: Landorus-Therian|U-turn|p2a: Whimsicott
|-end|p2a: Whimsicott|Substitute
|
|switch|p1a: Skarmory|Skarmory, M|282\/322 par
|
|turn|75
|
|move|p2a: Whimsicott|Leech Seed|p1a: Skarmory
|-start|p1a: Skarmory|move: Leech Seed
|move|p1a: Skarmory|Brave Bird|p2a: Whimsicott
|-supereffective|p2a: Whimsicott
|-damage|p2a: Whimsicott|120\/324
|-damage|p1a: Skarmory|215\/322 par|[from] recoil|[of] p2a: Whimsicott
|
|-heal|p2a: Whimsicott|140\/324|[from] item: Leftovers
|-damage|p1a: Skarmory|175\/322 par|[from] Leech Seed|[of] p2a: Whimsicott
|-heal|p2a: Whimsicott|180\/324|[silent]
|turn|76
|
|switch|p1a: Landorus-Therian|Landorus-Therian, M|132\/319
|-ability|p1a: Landorus-Therian|Intimidate|[of] p2a: Whimsicott
|-unboost|p2a: Whimsicott|atk|1
|move|p2a: Whimsicott|U-turn|p1a: Landorus-Therian
|-resisted|p1a: Landorus-Therian
|-damage|p1a: Landorus-Therian|118\/319
|
|switch|p2a: Gliscor|Gliscor, F|354\/354 tox
|-damage|p2a: Gliscor|310\/354 tox|[from] Stealth Rock
|
|-heal|p2a: Gliscor|354\/354 tox|[from] ability: Poison Heal
|turn|77
|
|switch|p1a: Skarmory|Skarmory, M|175\/322 par
|move|p2a: Gliscor|Toxic|p1a: Skarmory
|-fail|p1a: Skarmory
|
|turn|78
|
|move|p2a: Gliscor|Knock Off|p1a: Skarmory
|-damage|p1a: Skarmory|144\/322 par
|cant|p1a: Skarmory|par
|
|turn|79
|
|move|p2a: Gliscor|Toxic|p1a: Skarmory
|-fail|p1a: Skarmory
|cant|p1a: Skarmory|par
|
|turn|80
|
|move|p2a: Gliscor|Knock Off|p1a: Skarmory
|-damage|p1a: Skarmory|114\/322 par
|cant|p1a: Skarmory|par
|
|turn|81
|
|move|p2a: Gliscor|Knock Off|p1a: Skarmory
|-damage|p1a: Skarmory|87\/322 par
|move|p1a: Skarmory|Roost|p1a: Skarmory
|-heal|p1a: Skarmory|248\/322 par
|
|turn|82
|
|move|p2a: Gliscor|Toxic|p1a: Skarmory
|-fail|p1a: Skarmory
|move|p1a: Skarmory|Brave Bird|p2a: Gliscor
|-damage|p2a: Gliscor|275\/354 tox
|-damage|p1a: Skarmory|222\/322 par|[from] recoil|[of] p2a: Gliscor
|
|-heal|p2a: Gliscor|319\/354 tox|[from] ability: Poison Heal
|turn|83
|
|move|p2a: Gliscor|Knock Off|p1a: Skarmory
|-damage|p1a: Skarmory|192\/322 par
|move|p1a: Skarmory|Brave Bird|p2a: Gliscor
|-damage|p2a: Gliscor|237\/354 tox
|-damage|p1a: Skarmory|165\/322 par|[from] recoil|[of] p2a: Gliscor
|
|-heal|p2a: Gliscor|281\/354 tox|[from] ability: Poison Heal
|turn|84
|leave|Noodles9
|
|move|p2a: Gliscor|Knock Off|p1a: Skarmory
|-damage|p1a: Skarmory|137\/322 par
|move|p1a: Skarmory|Roost|p1a: Skarmory
|-heal|p1a: Skarmory|298\/322 par
|
|-heal|p2a: Gliscor|325\/354 tox|[from] ability: Poison Heal
|turn|85
|join|Noodles9
|
|move|p2a: Gliscor|Knock Off|p1a: Skarmory
|-damage|p1a: Skarmory|271\/322 par
|move|p1a: Skarmory|Whirlwind|p2a: Gliscor
|drag|p2a: Whimsicott|Whimsicott, M|180\/324
|-damage|p2a: Whimsicott|140\/324|[from] Stealth Rock
|
|-heal|p2a: Whimsicott|160\/324|[from] item: Leftovers
|turn|86
|
|move|p2a: Whimsicott|Encore|p1a: Skarmory
|-start|p1a: Skarmory|Encore
|move|p1a: Skarmory|Whirlwind|p2a: Whimsicott
|drag|p2a: Gliscor|Gliscor, F|325\/354 tox
|-damage|p2a: Gliscor|281\/354 tox|[from] Stealth Rock
|
|-heal|p2a: Gliscor|325\/354 tox|[from] ability: Poison Heal
|turn|87
|
|move|p2a: Gliscor|Toxic|p1a: Skarmory
|-fail|p1a: Skarmory
|move|p1a: Skarmory|Whirlwind|p2a: Gliscor
|drag|p2a: Whimsicott|Whimsicott, M|160\/324
|-damage|p2a: Whimsicott|120\/324|[from] Stealth Rock
|
|-heal|p2a: Whimsicott|140\/324|[from] item: Leftovers
|turn|88
|join|kdarewolf
|
|move|p2a: Whimsicott|Leech Seed|p1a: Skarmory
|-start|p1a: Skarmory|move: Leech Seed
|move|p1a: Skarmory|Whirlwind|p2a: Whimsicott
|drag|p2a: Skarmory|Skarmory, M|172\/334 brn
|-damage|p2a: Skarmory|131\/334 brn|[from] Stealth Rock
|
|-damage|p1a: Skarmory|231\/322 par|[from] Leech Seed|[of] p2a: Skarmory
|-heal|p2a: Skarmory|171\/334 brn|[silent]
|-damage|p2a: Skarmory|130\/334 brn|[from] brn
|-end|p1a: Skarmory|Encore
|turn|89
|
|switch|p1a: Landorus-Therian|Landorus-Therian, M|118\/319
|-ability|p1a: Landorus-Therian|Intimidate|[of] p2a: Skarmory
|-unboost|p2a: Skarmory|atk|1
|move|p2a: Skarmory|Roost|p2a: Skarmory
|-heal|p2a: Skarmory|297\/334 brn
|
|-damage|p2a: Skarmory|256\/334 brn|[from] brn
|turn|90
|join|Mikeytehbuffalo
|
|switch|p1a: Skarmory|Skarmory, M|231\/322 par
|move|p2a: Skarmory|Defog|p1a: Skarmory
|-unboost|p1a: Skarmory|evasion|1
|-sideend|p2: llodownedu|Stealth Rock|[from] move: Defog|[of] p2a: Skarmory
|
|-damage|p2a: Skarmory|215\/334 brn|[from] brn
|turn|91
|
|move|p2a: Skarmory|Roost|p2a: Skarmory
|-heal|p2a: Skarmory|334\/334 brn
|move|p1a: Skarmory|Stealth Rock|p2a: Skarmory
|-sidestart|p2: llodownedu|move: Stealth Rock
|
|-damage|p2a: Skarmory|293\/334 brn|[from] brn
|turn|92
|join|amida666
|
|move|p2a: Skarmory|Defog|p1a: Skarmory
|-unboost|p1a: Skarmory|evasion|1
|-sideend|p2: llodownedu|Stealth Rock|[from] move: Defog|[of] p2a: Skarmory
|move|p1a: Skarmory|Whirlwind|p2a: Skarmory
|drag|p2a: Whimsicott|Whimsicott, M|140\/324
|
|-heal|p2a: Whimsicott|160\/324|[from] item: Leftovers
|turn|93
|
|move|p2a: Whimsicott|Substitute|p2a: Whimsicott
|-start|p2a: Whimsicott|Substitute
|-damage|p2a: Whimsicott|79\/324
|cant|p1a: Skarmory|par
|
|-heal|p2a: Whimsicott|99\/324|[from] item: Leftovers
|turn|94
|join|Peyote2
|
|move|p2a: Whimsicott|Leech Seed|p1a: Skarmory
|-start|p1a: Skarmory|move: Leech Seed
|move|p1a: Skarmory|Brave Bird|p2a: Whimsicott
|-supereffective|p2a: Whimsicott
|-end|p2a: Whimsicott|Substitute
|-damage|p1a: Skarmory|204\/322 par|[from] recoil|[of] p2a: Whimsicott
|
|-heal|p2a: Whimsicott|119\/324|[from] item: Leftovers
|-damage|p1a: Skarmory|164\/322 par|[from] Leech Seed|[of] p2a: Whimsicott
|-heal|p2a: Whimsicott|159\/324|[silent]
|turn|95
|
|switch|p1a: Landorus-Therian|Landorus-Therian, M|118\/319
|-ability|p1a: Landorus-Therian|Intimidate|[of] p2a: Whimsicott
|-unboost|p2a: Whimsicott|atk|1
|move|p2a: Whimsicott|U-turn|p1a: Landorus-Therian
|-crit|p1a: Landorus-Therian
|-resisted|p1a: Landorus-Therian
|-damage|p1a: Landorus-Therian|84\/319
|c| Peyote2|:D
|
|switch|p2a: Gliscor|Gliscor, F|325\/354 tox
|
|-heal|p2a: Gliscor|354\/354 tox|[from] ability: Poison Heal
|turn|96
|
|move|p1a: Landorus-Therian|U-turn|p2a: Gliscor
|-resisted|p2a: Gliscor
|-damage|p2a: Gliscor|321\/354 tox
|
|switch|p1a: Skarmory|Skarmory, M|164\/322 par
|move|p2a: Gliscor|Toxic|p1a: Skarmory
|-fail|p1a: Skarmory
|
|-heal|p2a: Gliscor|354\/354 tox|[from] ability: Poison Heal
|turn|97
|leave|Peyote2
|leave|kdarewolf
|
|move|p2a: Gliscor|Knock Off|p1a: Skarmory
|-crit|p1a: Skarmory
|-damage|p1a: Skarmory|120\/322 par
|move|p1a: Skarmory|Whirlwind|p2a: Gliscor
|drag|p2a: Skarmory|Skarmory, M|293\/334 brn
|
|-damage|p2a: Skarmory|252\/334 brn|[from] brn
|turn|98
|leave|Mikeytehbuffalo
|join|kdarewolf
|
|move|p1a: Skarmory|Stealth Rock|p2a: Skarmory
|-sidestart|p2: llodownedu|move: Stealth Rock
|move|p2a: Skarmory|Whirlwind|p1a: Skarmory
|drag|p1a: Charizard|Charizard-Mega-Y, M, shiny|63\/297 tox
|-weather|SunnyDay
|
|-weather|SunnyDay|[upkeep]
|-damage|p1a: Charizard|45\/297 tox|[from] psn
|-damage|p2a: Skarmory|211\/334 brn|[from] brn
|turn|99
|leave|kdarewolf
|join|kdarewolf
|
|switch|p2a: Gliscor|Gliscor, F|354\/354 tox
|-damage|p2a: Gliscor|310\/354 tox|[from] Stealth Rock
|move|p1a: Charizard|Fire Blast|p2a: Gliscor
|-damage|p2a: Gliscor|0 fnt
|faint|p2a: Gliscor
|
|-weather|SunnyDay|[upkeep]
|-damage|p1a: Charizard|9\/297 tox|[from] psn
|leave|kdarewolf
|
|switch|p2a: Whimsicott|Whimsicott, M|159\/324
|-damage|p2a: Whimsicott|119\/324|[from] Stealth Rock
|turn|100
|
|switch|p1a: Landorus-Therian|Landorus-Therian, M|84\/319
|-ability|p1a: Landorus-Therian|Intimidate|[of] p2a: Whimsicott
|-unboost|p2a: Whimsicott|atk|1
|move|p2a: Whimsicott|Substitute|p2a: Whimsicott
|-start|p2a: Whimsicott|Substitute
|-damage|p2a: Whimsicott|38\/324
|
|-weather|SunnyDay|[upkeep]
|-heal|p2a: Whimsicott|58\/324|[from] item: Leftovers
|turn|101
|
|move|p1a: Landorus-Therian|Knock Off|p2a: Whimsicott
|-resisted|p2a: Whimsicott
|-activate|p2a: Whimsicott|Substitute|[damage]
|move|p2a: Whimsicott|U-turn|p1a: Landorus-Therian
|-resisted|p1a: Landorus-Therian
|-damage|p1a: Landorus-Therian|71\/319
|
|switch|p2a: Skarmory|Skarmory, M|211\/334 brn
|-damage|p2a: Skarmory|170\/334 brn|[from] Stealth Rock
|
|-weather|SunnyDay|[upkeep]
|-damage|p2a: Skarmory|129\/334 brn|[from] brn
|turn|102
|
|move|p1a: Landorus-Therian|Rock Slide|p2a: Skarmory
|-damage|p2a: Skarmory|64\/334 brn
|move|p2a: Skarmory|Roost|p2a: Skarmory
|-heal|p2a: Skarmory|231\/334 brn
|
|-weather|none
|-damage|p2a: Skarmory|190\/334 brn|[from] brn
|turn|103
|
|switch|p1a: Skarmory|Skarmory, M|120\/322 par
|move|p2a: Skarmory|Defog|p1a: Skarmory
|-unboost|p1a: Skarmory|evasion|1
|-sideend|p2: llodownedu|Stealth Rock|[from] move: Defog|[of] p2a: Skarmory
|
|-damage|p2a: Skarmory|149\/334 brn|[from] brn
|turn|104
|
|move|p2a: Skarmory|Roost|p2a: Skarmory
|-heal|p2a: Skarmory|316\/334 brn
|move|p1a: Skarmory|Roost|p1a: Skarmory
|-heal|p1a: Skarmory|281\/322 par
|
|-damage|p2a: Skarmory|275\/334 brn|[from] brn
|turn|105
|
|move|p1a: Skarmory|Stealth Rock|p2a: Skarmory
|-sidestart|p2: llodownedu|move: Stealth Rock
|move|p2a: Skarmory|Whirlwind|p1a: Skarmory
|drag|p1a: Landorus-Therian|Landorus-Therian, M|71\/319
|-ability|p1a: Landorus-Therian|Intimidate|[of] p2a: Skarmory
|-unboost|p2a: Skarmory|atk|1
|
|-damage|p2a: Skarmory|234\/334 brn|[from] brn
|turn|106
|
|move|p1a: Landorus-Therian|Rock Slide|p2a: Skarmory
|-damage|p2a: Skarmory|169\/334 brn
|move|p2a: Skarmory|Brave Bird|p1a: Landorus-Therian
|-damage|p1a: Landorus-Therian|28\/319
|-damage|p2a: Skarmory|155\/334 brn|[from] recoil|[of] p1a: Landorus-Therian
|
|-damage|p2a: Skarmory|114\/334 brn|[from] brn
|turn|107
|join|perkz
|
|move|p1a: Landorus-Therian|Rock Slide|p2a: Skarmory
|-damage|p2a: Skarmory|55\/334 brn
|move|p2a: Skarmory|Roost|p2a: Skarmory
|-heal|p2a: Skarmory|222\/334 brn
|
|-damage|p2a: Skarmory|181\/334 brn|[from] brn
|turn|108
|join|the ou team
|
|switch|p1a: Skarmory|Skarmory, M|281\/322 par
|move|p2a: Skarmory|Roost|p2a: Skarmory
|-heal|p2a: Skarmory|334\/334 brn
|
|-damage|p2a: Skarmory|293\/334 brn|[from] brn
|turn|109
|leave|perkz
|
|move|p2a: Skarmory|Defog|p1a: Skarmory
|-unboost|p1a: Skarmory|evasion|1
|-sideend|p2: llodownedu|Stealth Rock|[from] move: Defog|[of] p2a: Skarmory
|move|p1a: Skarmory|Whirlwind|p2a: Skarmory
|drag|p2a: Whimsicott|Whimsicott, M|58\/324
|
|-heal|p2a: Whimsicott|78\/324|[from] item: Leftovers
|turn|110
|
|move|p2a: Whimsicott|Encore|p1a: Skarmory
|-start|p1a: Skarmory|Encore
|move|p1a: Skarmory|Whirlwind|p2a: Whimsicott
|drag|p2a: Skarmory|Skarmory, M|293\/334 brn
|
|-damage|p2a: Skarmory|252\/334 brn|[from] brn
|turn|111
|
|move|p2a: Skarmory|Whirlwind|p1a: Skarmory
|drag|p1a: Landorus-Therian|Landorus-Therian, M|28\/319
|-ability|p1a: Landorus-Therian|Intimidate|[of] p2a: Skarmory
|-unboost|p2a: Skarmory|atk|1
|
|-damage|p2a: Skarmory|211\/334 brn|[from] brn
|turn|112
|
|switch|p1a: Skarmory|Skarmory, M|281\/322 par
|move|p2a: Skarmory|Whirlwind|p1a: Skarmory
|drag|p1a: Charizard|Charizard-Mega-Y, M, shiny|9\/297 tox
|-weather|SunnyDay
|
|-weather|SunnyDay|[upkeep]
|-damage|p1a: Charizard|0 fnt|[from] psn
|-damage|p2a: Skarmory|170\/334 brn|[from] brn
|faint|p1a: Charizard
|
|switch|p1a: Skarmory|Skarmory, M|281\/322 par
|turn|113
|
|move|p2a: Skarmory|Roost|p2a: Skarmory
|-heal|p2a: Skarmory|334\/334 brn
|cant|p1a: Skarmory|par
|
|-weather|SunnyDay|[upkeep]
|-damage|p2a: Skarmory|293\/334 brn|[from] brn
|turn|114
|
|switch|p2a: Whimsicott|Whimsicott, M|78\/324
|move|p1a: Skarmory|Stealth Rock|p2a: Whimsicott
|-sidestart|p2: llodownedu|move: Stealth Rock
|
|-weather|SunnyDay|[upkeep]
|-heal|p2a: Whimsicott|98\/324|[from] item: Leftovers
|turn|115
|
|switch|p1a: Landorus-Therian|Landorus-Therian, M|28\/319
|-ability|p1a: Landorus-Therian|Intimidate|[of] p2a: Whimsicott
|-unboost|p2a: Whimsicott|atk|1
|move|p2a: Whimsicott|Encore|p1a: Landorus-Therian
|-fail|p1a: Landorus-Therian
|
|-weather|SunnyDay|[upkeep]
|-heal|p2a: Whimsicott|118\/324|[from] item: Leftovers
|turn|116
|
|move|p1a: Landorus-Therian|U-turn|p2a: Whimsicott
|-damage|p2a: Whimsicott|39\/324
|
|switch|p1a: Skarmory|Skarmory, M|281\/322 par
|move|p2a: Whimsicott|U-turn|p1a: Skarmory
|-resisted|p1a: Skarmory
|-damage|p1a: Skarmory|277\/322 par
|
|switch|p2a: Skarmory|Skarmory, M|293\/334 brn
|-damage|p2a: Skarmory|252\/334 brn|[from] Stealth Rock
|
|-weather|none
|-damage|p2a: Skarmory|211\/334 brn|[from] brn
|turn|117
|
|move|p2a: Skarmory|Defog|p1a: Skarmory
|-unboost|p1a: Skarmory|evasion|1
|-sideend|p2: llodownedu|Stealth Rock|[from] move: Defog|[of] p2a: Skarmory
|move|p1a: Skarmory|Brave Bird|p2a: Skarmory
|-resisted|p2a: Skarmory
|-damage|p2a: Skarmory|173\/334 brn
|-damage|p1a: Skarmory|264\/322 par|[from] recoil|[of] p2a: Skarmory
|
|-damage|p2a: Skarmory|132\/334 brn|[from] brn
|turn|118
|
|move|p2a: Skarmory|Roost|p2a: Skarmory
|-heal|p2a: Skarmory|299\/334 brn
|move|p1a: Skarmory|Stealth Rock|p2a: Skarmory
|-sidestart|p2: llodownedu|move: Stealth Rock
|
|-damage|p2a: Skarmory|258\/334 brn|[from] brn
|turn|119
|
|move|p2a: Skarmory|Defog|p1a: Skarmory
|-unboost|p1a: Skarmory|evasion|1
|-sideend|p2: llodownedu|Stealth Rock|[from] move: Defog|[of] p2a: Skarmory
|move|p1a: Skarmory|Whirlwind|p2a: Skarmory
|drag|p2a: Whimsicott|Whimsicott, M|39\/324
|
|-heal|p2a: Whimsicott|59\/324|[from] item: Leftovers
|turn|120
|
|move|p2a: Whimsicott|Encore|p1a: Skarmory
|-start|p1a: Skarmory|Encore
|move|p1a: Skarmory|Whirlwind|p2a: Whimsicott
|drag|p2a: Skarmory|Skarmory, M|258\/334 brn
|
|-damage|p2a: Skarmory|217\/334 brn|[from] brn
|turn|121
|leave|the ou team
|
|move|p2a: Skarmory|Brave Bird|p1a: Skarmory
|-resisted|p1a: Skarmory
|-damage|p1a: Skarmory|248\/322 par
|-damage|p2a: Skarmory|212\/334 brn|[from] recoil|[of] p1a: Skarmory
|move|p1a: Skarmory|Whirlwind|p2a: Skarmory
|drag|p2a: Whimsicott|Whimsicott, M|59\/324
|
|-heal|p2a: Whimsicott|79\/324|[from] item: Leftovers
|turn|122
|
|move|p2a: Whimsicott|Leech Seed|p1a: Skarmory
|-start|p1a: Skarmory|move: Leech Seed
|move|p1a: Skarmory|Whirlwind|p2a: Whimsicott
|drag|p2a: Skarmory|Skarmory, M|212\/334 brn
|
|-damage|p1a: Skarmory|208\/322 par|[from] Leech Seed|[of] p2a: Skarmory
|-heal|p2a: Skarmory|252\/334 brn|[silent]
|-damage|p2a: Skarmory|211\/334 brn|[from] brn
|-end|p1a: Skarmory|Encore
|turn|123
|
|move|p2a: Skarmory|Brave Bird|p1a: Skarmory
|-resisted|p1a: Skarmory
|-damage|p1a: Skarmory|190\/322 par
|-damage|p2a: Skarmory|205\/334 brn|[from] recoil|[of] p1a: Skarmory
|move|p1a: Skarmory|Stealth Rock|p2a: Skarmory
|-sidestart|p2: llodownedu|move: Stealth Rock
|
|-damage|p1a: Skarmory|150\/322 par|[from] Leech Seed|[of] p2a: Skarmory
|-heal|p2a: Skarmory|245\/334 brn|[silent]
|-damage|p2a: Skarmory|204\/334 brn|[from] brn
|turn|124
|
|move|p2a: Skarmory|Brave Bird|p1a: Skarmory
|-resisted|p1a: Skarmory
|-damage|p1a: Skarmory|132\/322 par
|-damage|p2a: Skarmory|198\/334 brn|[from] recoil|[of] p1a: Skarmory
|cant|p1a: Skarmory|par
|
|-damage|p1a: Skarmory|92\/322 par|[from] Leech Seed|[of] p2a: Skarmory
|-heal|p2a: Skarmory|238\/334 brn|[silent]
|-damage|p2a: Skarmory|197\/334 brn|[from] brn
|turn|125
|
|move|p2a: Skarmory|Defog|p1a: Skarmory
|-unboost|p1a: Skarmory|evasion|1
|-sideend|p2: llodownedu|Stealth Rock|[from] move: Defog|[of] p2a: Skarmory
|cant|p1a: Skarmory|par
|
|-damage|p1a: Skarmory|52\/322 par|[from] Leech Seed|[of] p2a: Skarmory
|-heal|p2a: Skarmory|237\/334 brn|[silent]
|-damage|p2a: Skarmory|196\/334 brn|[from] brn
|turn|126
|
|move|p2a: Skarmory|Brave Bird|p1a: Skarmory
|-resisted|p1a: Skarmory
|-damage|p1a: Skarmory|34\/322 par
|-damage|p2a: Skarmory|190\/334 brn|[from] recoil|[of] p1a: Skarmory
|move|p1a: Skarmory|Roost|p1a: Skarmory
|-heal|p1a: Skarmory|195\/322 par
|
|-damage|p1a: Skarmory|155\/322 par|[from] Leech Seed|[of] p2a: Skarmory
|-heal|p2a: Skarmory|230\/334 brn|[silent]
|-damage|p2a: Skarmory|189\/334 brn|[from] brn
|turn|127
|
|move|p2a: Skarmory|Brave Bird|p1a: Skarmory
|-resisted|p1a: Skarmory
|-damage|p1a: Skarmory|137\/322 par
|-damage|p2a: Skarmory|183\/334 brn|[from] recoil|[of] p1a: Skarmory
|move|p1a: Skarmory|Roost|p1a: Skarmory
|-heal|p1a: Skarmory|298\/322 par
|
|-damage|p1a: Skarmory|258\/322 par|[from] Leech Seed|[of] p2a: Skarmory
|-heal|p2a: Skarmory|223\/334 brn|[silent]
|-damage|p2a: Skarmory|182\/334 brn|[from] brn
|turn|128
|
|move|p2a: Skarmory|Brave Bird|p1a: Skarmory
|-resisted|p1a: Skarmory
|-damage|p1a: Skarmory|241\/322 par
|-damage|p2a: Skarmory|176\/334 brn|[from] recoil|[of] p1a: Skarmory
|move|p1a: Skarmory|Stealth Rock|p2a: Skarmory
|-sidestart|p2: llodownedu|move: Stealth Rock
|
|-damage|p1a: Skarmory|201\/322 par|[from] Leech Seed|[of] p2a: Skarmory
|-heal|p2a: Skarmory|216\/334 brn|[silent]
|-damage|p2a: Skarmory|175\/334 brn|[from] brn
|turn|129
|
|move|p2a: Skarmory|Brave Bird|p1a: Skarmory
|-resisted|p1a: Skarmory
|-damage|p1a: Skarmory|183\/322 par
|-damage|p2a: Skarmory|169\/334 brn|[from] recoil|[of] p1a: Skarmory
|move|p1a: Skarmory|Roost|p1a: Skarmory
|-heal|p1a: Skarmory|322\/322 par
|
|-damage|p1a: Skarmory|282\/322 par|[from] Leech Seed|[of] p2a: Skarmory
|-heal|p2a: Skarmory|209\/334 brn|[silent]
|-damage|p2a: Skarmory|168\/334 brn|[from] brn
|turn|130
|
|move|p2a: Skarmory|Brave Bird|p1a: Skarmory
|-resisted|p1a: Skarmory
|-damage|p1a: Skarmory|264\/322 par
|-damage|p2a: Skarmory|162\/334 brn|[from] recoil|[of] p1a: Skarmory
|cant|p1a: Skarmory|par
|
|-damage|p1a: Skarmory|224\/322 par|[from] Leech Seed|[of] p2a: Skarmory
|-heal|p2a: Skarmory|202\/334 brn|[silent]
|-damage|p2a: Skarmory|161\/334 brn|[from] brn
|turn|131
|
|move|p2a: Skarmory|Defog|p1a: Skarmory
|-unboost|p1a: Skarmory|evasion|1
|-sideend|p2: llodownedu|Stealth Rock|[from] move: Defog|[of] p2a: Skarmory
|move|p1a: Skarmory|Brave Bird|p2a: Skarmory
|-resisted|p2a: Skarmory
|-damage|p2a: Skarmory|125\/334 brn
|-damage|p1a: Skarmory|212\/322 par|[from] recoil|[of] p2a: Skarmory
|
|-damage|p1a: Skarmory|172\/322 par|[from] Leech Seed|[of] p2a: Skarmory
|-heal|p2a: Skarmory|165\/334 brn|[silent]
|-damage|p2a: Skarmory|124\/334 brn|[from] brn
|turn|132
|
|move|p2a: Skarmory|Roost|p2a: Skarmory
|-heal|p2a: Skarmory|291\/334 brn
|move|p1a: Skarmory|Stealth Rock|p2a: Skarmory
|-sidestart|p2: llodownedu|move: Stealth Rock
|
|-damage|p1a: Skarmory|132\/322 par|[from] Leech Seed|[of] p2a: Skarmory
|-heal|p2a: Skarmory|331\/334 brn|[silent]
|-damage|p2a: Skarmory|290\/334 brn|[from] brn
|turn|133
|
|move|p2a: Skarmory|Defog|p1a: Skarmory
|-unboost|p1a: Skarmory|evasion|1
|-sideend|p2: llodownedu|Stealth Rock|[from] move: Defog|[of] p2a: Skarmory
|cant|p1a: Skarmory|par
|
|-damage|p1a: Skarmory|92\/322 par|[from] Leech Seed|[of] p2a: Skarmory
|-heal|p2a: Skarmory|330\/334 brn|[silent]
|-damage|p2a: Skarmory|289\/334 brn|[from] brn
|turn|134
|
|move|p2a: Skarmory|Brave Bird|p1a: Skarmory
|-resisted|p1a: Skarmory
|-damage|p1a: Skarmory|74\/322 par
|-damage|p2a: Skarmory|283\/334 brn|[from] recoil|[of] p1a: Skarmory
|move|p1a: Skarmory|Roost|p1a: Skarmory
|-heal|p1a: Skarmory|235\/322 par
|
|-damage|p1a: Skarmory|195\/322 par|[from] Leech Seed|[of] p2a: Skarmory
|-heal|p2a: Skarmory|323\/334 brn|[silent]
|-damage|p2a: Skarmory|282\/334 brn|[from] brn
|turn|135
|
|move|p2a: Skarmory|Brave Bird|p1a: Skarmory
|-resisted|p1a: Skarmory
|-damage|p1a: Skarmory|178\/322 par
|-damage|p2a: Skarmory|276\/334 brn|[from] recoil|[of] p1a: Skarmory
|cant|p1a: Skarmory|par
|
|-damage|p1a: Skarmory|138\/322 par|[from] Leech Seed|[of] p2a: Skarmory
|-heal|p2a: Skarmory|316\/334 brn|[silent]
|-damage|p2a: Skarmory|275\/334 brn|[from] brn
|turn|136
|
|move|p2a: Skarmory|Brave Bird|p1a: Skarmory
|-resisted|p1a: Skarmory
|-damage|p1a: Skarmory|120\/322 par
|-damage|p2a: Skarmory|269\/334 brn|[from] recoil|[of] p1a: Skarmory
|move|p1a: Skarmory|Roost|p1a: Skarmory
|-heal|p1a: Skarmory|281\/322 par
|
|-damage|p1a: Skarmory|241\/322 par|[from] Leech Seed|[of] p2a: Skarmory
|-heal|p2a: Skarmory|309\/334 brn|[silent]
|-damage|p2a: Skarmory|268\/334 brn|[from] brn
|turn|137
|
|move|p2a: Skarmory|Brave Bird|p1a: Skarmory
|-resisted|p1a: Skarmory
|-damage|p1a: Skarmory|223\/322 par
|-damage|p2a: Skarmory|262\/334 brn|[from] recoil|[of] p1a: Skarmory
|move|p1a: Skarmory|Stealth Rock|p2a: Skarmory
|-sidestart|p2: llodownedu|move: Stealth Rock
|
|-damage|p1a: Skarmory|183\/322 par|[from] Leech Seed|[of] p2a: Skarmory
|-heal|p2a: Skarmory|302\/334 brn|[silent]
|-damage|p2a: Skarmory|261\/334 brn|[from] brn
|turn|138
|join|Arteries
|
|switch|p1a: Landorus-Therian|Landorus-Therian, M|28\/319
|-ability|p1a: Landorus-Therian|Intimidate|[of] p2a: Skarmory
|-unboost|p2a: Skarmory|atk|1
|move|p2a: Skarmory|Brave Bird|p1a: Landorus-Therian
|-damage|p1a: Landorus-Therian|0 fnt
|-damage|p2a: Skarmory|252\/334 brn|[from] recoil|[of] p1a: Landorus-Therian
|faint|p1a: Landorus-Therian
|
|-damage|p2a: Skarmory|211\/334 brn|[from] brn
|
|switch|p1a: Skarmory|Skarmory, M|183\/322 par
|turn|139
|
|move|p2a: Skarmory|Defog|p1a: Skarmory
|-unboost|p1a: Skarmory|evasion|1
|-sideend|p2: llodownedu|Stealth Rock|[from] move: Defog|[of] p2a: Skarmory
|move|p1a: Skarmory|Roost|p1a: Skarmory
|-heal|p1a: Skarmory|322\/322 par
|
|-damage|p2a: Skarmory|170\/334 brn|[from] brn
|turn|140
|leave|Arteries
|
|move|p2a: Skarmory|Roost|p2a: Skarmory
|-heal|p2a: Skarmory|334\/334 brn
|cant|p1a: Skarmory|par
|
|-damage|p2a: Skarmory|293\/334 brn|[from] brn
|turn|141
|c|âiDestructioNx|dude is garbage
|
|move|p2a: Skarmory|Brave Bird|p1a: Skarmory
|-crit|p1a: Skarmory
|-resisted|p1a: Skarmory
|-damage|p1a: Skarmory|295\/322 par
|-damage|p2a: Skarmory|284\/334 brn|[from] recoil|[of] p1a: Skarmory
|move|p1a: Skarmory|Stealth Rock|p2a: Skarmory
|-sidestart|p2: llodownedu|move: Stealth Rock
|
|-damage|p2a: Skarmory|243\/334 brn|[from] brn
|turn|142
|join|Giaggi
|
|move|p2a: Skarmory|Defog|p1a: Skarmory
|-unboost|p1a: Skarmory|evasion|1
|-sideend|p2: llodownedu|Stealth Rock|[from] move: Defog|[of] p2a: Skarmory
|move|p1a: Skarmory|Stealth Rock|p2a: Skarmory
|-sidestart|p2: llodownedu|move: Stealth Rock
|
|-damage|p2a: Skarmory|202\/334 brn|[from] brn
|turn|143
|
|move|p2a: Skarmory|Defog|p1a: Skarmory
|-unboost|p1a: Skarmory|evasion|1
|-sideend|p2: llodownedu|Stealth Rock|[from] move: Defog|[of] p2a: Skarmory
|move|p1a: Skarmory|Stealth Rock|p2a: Skarmory
|-sidestart|p2: llodownedu|move: Stealth Rock
|
|-damage|p2a: Skarmory|161\/334 brn|[from] brn
|turn|144
|
|move|p2a: Skarmory|Roost|p2a: Skarmory
|-heal|p2a: Skarmory|328\/334 brn
|cant|p1a: Skarmory|par
|
|-damage|p2a: Skarmory|287\/334 brn|[from] brn
|turn|145
|join|anite^-1(x)
|
|move|p2a: Skarmory|Defog|p1a: Skarmory
|-unboost|p1a: Skarmory|evasion|1
|-sideend|p2: llodownedu|Stealth Rock|[from] move: Defog|[of] p2a: Skarmory
|cant|p1a: Skarmory|par
|
|-damage|p2a: Skarmory|246\/334 brn|[from] brn
|turn|146
|leave|anite^-1(x)
|
|move|p2a: Skarmory|Brave Bird|p1a: Skarmory
|-resisted|p1a: Skarmory
|-damage|p1a: Skarmory|283\/322 par
|-damage|p2a: Skarmory|242\/334 brn|[from] recoil|[of] p1a: Skarmory
|move|p1a: Skarmory|Stealth Rock|p2a: Skarmory
|-sidestart|p2: llodownedu|move: Stealth Rock
|
|-damage|p2a: Skarmory|201\/334 brn|[from] brn
|turn|147
|
|switch|p2a: Whimsicott|Whimsicott, M|79\/324
|-damage|p2a: Whimsicott|39\/324|[from] Stealth Rock
|move|p1a: Skarmory|Stealth Rock|p2a: Whimsicott
|-fail|p2a: Whimsicott
|
|-heal|p2a: Whimsicott|59\/324|[from] item: Leftovers
|turn|148
|
|move|p2a: Whimsicott|Encore|p1a: Skarmory
|-start|p1a: Skarmory|Encore
|move|p1a: Skarmory|Stealth Rock|p2a: Whimsicott
|-fail|p2a: Whimsicott
|
|-heal|p2a: Whimsicott|79\/324|[from] item: Leftovers
|turn|149
|c| Noodles9|So this is basically pp stall till struggle?
|
|move|p2a: Whimsicott|Leech Seed|p1a: Skarmory
|-start|p1a: Skarmory|move: Leech Seed
|move|p1a: Skarmory|Stealth Rock|p2a: Whimsicott
|-fail|p2a: Whimsicott
|
|-heal|p2a: Whimsicott|99\/324|[from] item: Leftovers
|-damage|p1a: Skarmory|243\/322 par|[from] Leech Seed|[of] p2a: Whimsicott
|-heal|p2a: Whimsicott|139\/324|[silent]
|turn|150
|c|âiDestructioNx|noodles
|c|âiDestructioNx|this dude sucks
|c|âllodownedu|gg
|leave|Giaggi
|c|âiDestructioNx|all my attacks 
|c|âiDestructioNx|that would have killed
|c|âiDestructioNx|missed
|c|âiDestructioNx|hes garbage
|c|âiDestructioNx|yet hes still struggles
|
|move|p2a: Whimsicott|Leech Seed|p1a: Skarmory
|-fail|p1a: Skarmory
|move|p1a: Skarmory|Stealth Rock|p2a: Whimsicott
|-fail|p2a: Whimsicott
|
|-heal|p2a: Whimsicott|159\/324|[from] item: Leftovers
|-damage|p1a: Skarmory|203\/322 par|[from] Leech Seed|[of] p2a: Whimsicott
|-heal|p2a: Whimsicott|199\/324|[silent]
|-end|p1a: Skarmory|Encore
|turn|151
|c|âllodownedu|#soreloser
|c|âiDestructioNx|if u were good
|c|âiDestructioNx|id give u credit
|c|âiDestructioNx|but u not
|c|âllodownedu|#soreloser
|c|âiDestructioNx|k easy
|
|move|p2a: Whimsicott|Leech Seed|p1a: Skarmory
|-fail|p1a: Skarmory
|cant|p1a: Skarmory|par
|
|-heal|p2a: Whimsicott|219\/324|[from] item: Leftovers
|-damage|p1a: Skarmory|163\/322 par|[from] Leech Seed|[of] p2a: Whimsicott
|-heal|p2a: Whimsicott|259\/324|[silent]
|turn|152
|
|move|p2a: Whimsicott|Substitute|p2a: Whimsicott
|-start|p2a: Whimsicott|Substitute
|-damage|p2a: Whimsicott|178\/324
|cant|p1a: Skarmory|par
|
|-heal|p2a: Whimsicott|198\/324|[from] item: Leftovers
|-damage|p1a: Skarmory|123\/322 par|[from] Leech Seed|[of] p2a: Whimsicott
|-heal|p2a: Whimsicott|238\/324|[silent]
|turn|153
|
|move|p2a: Whimsicott|Leech Seed|p1a: Skarmory
|-fail|p1a: Skarmory
|move|p1a: Skarmory|Roost|p1a: Skarmory
|-heal|p1a: Skarmory|284\/322 par
|
|-heal|p2a: Whimsicott|258\/324|[from] item: Leftovers
|-damage|p1a: Skarmory|244\/322 par|[from] Leech Seed|[of] p2a: Whimsicott
|-heal|p2a: Whimsicott|298\/324|[silent]
|turn|154
|
|move|p2a: Whimsicott|Substitute|p2a: Whimsicott
|-fail|p2a: Whimsicott|move: Substitute
|move|p1a: Skarmory|Brave Bird|p2a: Whimsicott
|-supereffective|p2a: Whimsicott
|-end|p2a: Whimsicott|Substitute
|-damage|p1a: Skarmory|217\/322 par|[from] recoil|[of] p2a: Whimsicott
|
|-heal|p2a: Whimsicott|318\/324|[from] item: Leftovers
|-damage|p1a: Skarmory|177\/322 par|[from] Leech Seed|[of] p2a: Whimsicott
|-heal|p2a: Whimsicott|324\/324|[silent]
|turn|155
|
|move|p2a: Whimsicott|Substitute|p2a: Whimsicott
|-start|p2a: Whimsicott|Substitute
|-damage|p2a: Whimsicott|243\/324
|move|p1a: Skarmory|Brave Bird|p2a: Whimsicott
|-supereffective|p2a: Whimsicott
|-end|p2a: Whimsicott|Substitute
|-damage|p1a: Skarmory|150\/322 par|[from] recoil|[of] p2a: Whimsicott
|
|-heal|p2a: Whimsicott|263\/324|[from] item: Leftovers
|-damage|p1a: Skarmory|110\/322 par|[from] Leech Seed|[of] p2a: Whimsicott
|-heal|p2a: Whimsicott|303\/324|[silent]
|turn|156
|join|tygghgh\
|c|âllodownedu|gg
|leave|tygghgh\
|-message|iDestructioNx lost due to inactivity.
|
|win|llodownedu
|raw|Ladder updating...
|raw|iDestructioNx's rating: 1718 &rarr; <strong>1696<\/strong><br \/>(-22 for losing)
|raw|llodownedu's rating: 1674 &rarr; <strong>1697<\/strong><br \/>(+23 for winning)