|join|TachyonLord
|join|iDestructioNx
|player|p1|TachyonLord|290
|player|p2|iDestructioNx|169
|gametype|singles
|gen|6
|tier|OU
|rated
|clearpoke
|poke|p1|Slowbro, M, shiny
|poke|p1|Keldeo-Resolute
|poke|p1|Tyranitar, F
|poke|p1|Latias, F
|poke|p1|Landorus-Therian, M
|poke|p1|Clefable, F
|poke|p2|Gyarados, M, shiny
|poke|p2|Raikou, shiny
|poke|p2|Talonflame, M, shiny
|poke|p2|Hydreigon, M
|poke|p2|Tentacruel, M
|poke|p2|Scizor, F
|rule|Swagger Clause: Swagger is banned
|rule|Baton Pass Clause: Limit one PokÃ©mon knowing Baton Pass
|rule|Sleep Clause Mod: Limit one foe put to sleep
|rule|Species Clause: Limit one of each PokÃ©mon
|rule|OHKO Clause: OHKO moves are banned
|rule|Moody Clause: Moody is banned
|rule|Evasion Moves Clause: Evasion moves are banned
|rule|Endless Battle Clause: Forcing endless battles is banned
|rule|HP Percentage Mod: HP is shown in percentages
|teampreview
|
|start
|switch|p1a: Landorus-Therian|Landorus-Therian, M|319\/319
|switch|p2a: Gyarados|Gyarados, M, shiny|331\/331
|-ability|p1a: Landorus-Therian|Intimidate|[of] p2a: Gyarados
|-unboost|p2a: Gyarados|atk|1
|-ability|p2a: Gyarados|Intimidate|[of] p1a: Landorus-Therian
|-unboost|p1a: Landorus-Therian|atk|1
|turn|1
|
|move|p1a: Landorus-Therian|U-turn|p2a: Gyarados
|-resisted|p2a: Gyarados
|-damage|p2a: Gyarados|296\/331
|
|switch|p1a: Clefable|Clefable, F|394\/394
|move|p2a: Gyarados|Dragon Dance|p2a: Gyarados
|-boost|p2a: Gyarados|atk|1
|-boost|p2a: Gyarados|spe|1
|
|turn|2
|
|move|p2a: Gyarados|Dragon Dance|p2a: Gyarados
|-boost|p2a: Gyarados|atk|1
|-boost|p2a: Gyarados|spe|1
|move|p1a: Clefable|Moonblast|p2a: Gyarados
|-crit|p2a: Gyarados
|-damage|p2a: Gyarados|143\/331
|
|turn|3
|
|move|p2a: Gyarados|Waterfall|p1a: Clefable
|-damage|p1a: Clefable|268\/394
|move|p1a: Clefable|Fire Blast|p2a: Gyarados
|-resisted|p2a: Gyarados
|-damage|p2a: Gyarados|100\/331
|
|-heal|p1a: Clefable|292\/394|[from] item: Leftovers
|turn|4
|
|move|p2a: Gyarados|Waterfall|p1a: Clefable
|-damage|p1a: Clefable|168\/394
|move|p1a: Clefable|Wish|p1a: Clefable
|
|-heal|p1a: Clefable|192\/394|[from] item: Leftovers
|turn|5
|
|move|p1a: Clefable|Protect|p1a: Clefable
|-singleturn|p1a: Clefable|Protect
|move|p2a: Gyarados|Waterfall|p1a: Clefable
|-activate|p1a: Clefable|Protect
|
|-heal|p1a: Clefable|389\/394|[from] move: Wish|[wisher] Clefable
|-heal|p1a: Clefable|394\/394|[from] item: Leftovers
|turn|6
|
|move|p2a: Gyarados|Waterfall|p1a: Clefable
|-damage|p1a: Clefable|253\/394
|move|p1a: Clefable|Moonblast|p2a: Gyarados
|-damage|p2a: Gyarados|0 fnt
|faint|p2a: Gyarados
|
|-heal|p1a: Clefable|277\/394|[from] item: Leftovers
|
|switch|p2a: Scizor|Scizor, F|281\/281
|turn|7
|
|switch|p2a: Tentacruel|Tentacruel, M|364\/364
|move|p1a: Clefable|Protect|p1a: Clefable
|-fail|p1a: Clefable
|
|-heal|p1a: Clefable|301\/394|[from] item: Leftovers
|turn|8
|
|switch|p1a: Tyranitar|Tyranitar, F|403\/403
|-weather|Sandstorm
|move|p2a: Tentacruel|Acid Spray|p1a: Tyranitar
|-resisted|p1a: Tyranitar
|-damage|p1a: Tyranitar|389\/403
|-unboost|p1a: Tyranitar|spd|2
|
|-weather|Sandstorm|[upkeep]
|-damage|p2a: Tentacruel|342\/364|[from] sandstorm
|-heal|p2a: Tentacruel|364\/364|[from] item: Leftovers
|turn|9
|
|move|p2a: Tentacruel|Scald|p1a: Tyranitar
|-supereffective|p1a: Tyranitar
|-damage|p1a: Tyranitar|191\/403
|move|p1a: Tyranitar|Stone Edge|p2a: Tentacruel|[miss]
|-miss|p1a: Tyranitar|p2a: Tentacruel
|
|-weather|Sandstorm|[upkeep]
|-damage|p2a: Tentacruel|342\/364|[from] sandstorm
|-heal|p2a: Tentacruel|364\/364|[from] item: Leftovers
|turn|10
|
|switch|p1a: Latias|Latias, F|301\/301
|move|p2a: Tentacruel|Scald|p1a: Latias
|-resisted|p1a: Latias
|-damage|p1a: Latias|271\/301
|
|-weather|Sandstorm|[upkeep]
|-damage|p1a: Latias|253\/301|[from] sandstorm
|-damage|p2a: Tentacruel|342\/364|[from] sandstorm
|-heal|p1a: Latias|271\/301|[from] item: Leftovers
|-heal|p2a: Tentacruel|364\/364|[from] item: Leftovers
|turn|11
|
|switch|p2a: Scizor|Scizor, F|281\/281
|move|p1a: Latias|Psychic|p2a: Scizor
|-resisted|p2a: Scizor
|-damage|p2a: Scizor|202\/281
|
|-weather|Sandstorm|[upkeep]
|-damage|p1a: Latias|253\/301|[from] sandstorm
|-heal|p1a: Latias|271\/301|[from] item: Leftovers
|turn|12
|
|switch|p1a: Landorus-Therian|Landorus-Therian, M|319\/319
|-ability|p1a: Landorus-Therian|Intimidate|[of] p2a: Scizor
|-unboost|p2a: Scizor|atk|1
|move|p2a: Scizor|Swords Dance|p2a: Scizor
|-boost|p2a: Scizor|atk|2
|
|-weather|none
|turn|13
|
|move|p1a: Landorus-Therian|U-turn|p2a: Scizor
|-resisted|p2a: Scizor
|-damage|p2a: Scizor|157\/281
|
|switch|p1a: Keldeo-Resolute|Keldeo-Resolute|323\/323
|move|p2a: Scizor|Swords Dance|p2a: Scizor
|-boost|p2a: Scizor|atk|2
|
|turn|14
|
|move|p1a: Keldeo-Resolute|Scald|p2a: Scizor
|-damage|p2a: Scizor|0 fnt
|faint|p2a: Scizor
|
|
|switch|p2a: Raikou|Raikou, shiny|321\/321
|-ability|p2a: Raikou|Pressure
|turn|15
|
|switch|p1a: Tyranitar|Tyranitar, F|191\/403
|-weather|Sandstorm
|move|p2a: Raikou|Thunderbolt|p1a: Tyranitar
|-damage|p1a: Tyranitar|94\/403
|
|-weather|Sandstorm|[upkeep]
|-damage|p2a: Raikou|301\/321|[from] sandstorm
|turn|16
|
|move|p2a: Raikou|Thunderbolt|p1a: Tyranitar
|-damage|p1a: Tyranitar|0 fnt
|faint|p1a: Tyranitar
|
|-weather|Sandstorm|[upkeep]
|-damage|p2a: Raikou|281\/321|[from] sandstorm
|
|switch|p1a: Landorus-Therian|Landorus-Therian, M|319\/319
|-ability|p1a: Landorus-Therian|Intimidate|[of] p2a: Raikou
|-unboost|p2a: Raikou|atk|1
|turn|17
|
|switch|p2a: Hydreigon|Hydreigon, M|325\/325
|move|p1a: Landorus-Therian|U-turn|p2a: Hydreigon
|-supereffective|p2a: Hydreigon
|-damage|p2a: Hydreigon|131\/325
|
|switch|p1a: Clefable|Clefable, F|301\/394
|
|-weather|Sandstorm|[upkeep]
|-damage|p2a: Hydreigon|111\/325|[from] sandstorm
|-damage|p1a: Clefable|277\/394|[from] sandstorm
|-heal|p1a: Clefable|301\/394|[from] item: Leftovers
|turn|18
|
|move|p1a: Clefable|Protect|p1a: Clefable
|-singleturn|p1a: Clefable|Protect
|move|p2a: Hydreigon|Flash Cannon|p1a: Clefable
|-activate|p1a: Clefable|Protect
|
|-weather|Sandstorm|[upkeep]
|-damage|p2a: Hydreigon|91\/325|[from] sandstorm
|-damage|p1a: Clefable|277\/394|[from] sandstorm
|-heal|p1a: Clefable|301\/394|[from] item: Leftovers
|turn|19
|
|switch|p2a: Raikou|Raikou, shiny|281\/321
|-ability|p2a: Raikou|Pressure
|switch|p1a: Keldeo-Resolute|Keldeo-Resolute|323\/323
|
|-weather|none
|turn|20
|
|switch|p1a: Latias|Latias, F|271\/301
|move|p2a: Raikou|Hidden Power|p1a: Latias
|-supereffective|p1a: Latias
|-damage|p1a: Latias|139\/301
|
|-heal|p1a: Latias|157\/301|[from] item: Leftovers
|turn|21
|
|move|p2a: Raikou|Shadow Ball|p1a: Latias
|-supereffective|p1a: Latias
|-damage|p1a: Latias|0 fnt
|faint|p1a: Latias
|
|
|switch|p1a: Landorus-Therian|Landorus-Therian, M|319\/319
|-ability|p1a: Landorus-Therian|Intimidate|[of] p2a: Raikou
|-unboost|p2a: Raikou|atk|1
|turn|22
|
|switch|p2a: Talonflame|Talonflame, M, shiny|299\/299
|move|p1a: Landorus-Therian|U-turn|p2a: Talonflame
|-resisted|p2a: Talonflame
|-damage|p2a: Talonflame|272\/299
|
|switch|p1a: Slowbro|Slowbro, M, shiny|393\/393
|
|turn|23
|
|switch|p2a: Raikou|Raikou, shiny|281\/321
|-ability|p2a: Raikou|Pressure
|detailschange|p1a: Slowbro|Slowbro-Mega, M, shiny
|-mega|p1a: Slowbro|Slowbro|Slowbronite
|move|p1a: Slowbro|Scald|p2a: Raikou
|-crit|p2a: Raikou
|-damage|p2a: Raikou|97\/321
|
|turn|24
|
|switch|p1a: Clefable|Clefable, F|301\/394
|move|p2a: Raikou|Thunderbolt|p1a: Clefable
|-damage|p1a: Clefable|132\/394
|
|-heal|p1a: Clefable|156\/394|[from] item: Leftovers
|turn|25
|
|move|p1a: Clefable|Protect|p1a: Clefable
|-singleturn|p1a: Clefable|Protect
|move|p2a: Raikou|Hidden Power|p1a: Clefable
|-activate|p1a: Clefable|Protect
|
|-heal|p1a: Clefable|180\/394|[from] item: Leftovers
|turn|26
|
|move|p2a: Raikou|Volt Switch|p1a: Clefable
|-damage|p1a: Clefable|60\/394
|
|switch|p2a: Tentacruel|Tentacruel, M|364\/364
|move|p1a: Clefable|Moonblast|p2a: Tentacruel
|-crit|p2a: Tentacruel
|-resisted|p2a: Tentacruel
|-damage|p2a: Tentacruel|301\/364
|
|-heal|p2a: Tentacruel|323\/364|[from] item: Leftovers
|-heal|p1a: Clefable|84\/394|[from] item: Leftovers
|turn|27
|
|switch|p1a: Slowbro|Slowbro-Mega, M, shiny|393\/393
|move|p2a: Tentacruel|Acid Spray|p1a: Slowbro
|-damage|p1a: Slowbro|356\/393
|-unboost|p1a: Slowbro|spd|2
|
|-heal|p2a: Tentacruel|345\/364|[from] item: Leftovers
|turn|28
|
|switch|p1a: Clefable|Clefable, F|84\/394
|move|p2a: Tentacruel|Acid Spray|p1a: Clefable
|-crit|p1a: Clefable
|-supereffective|p1a: Clefable
|-damage|p1a: Clefable|0 fnt
|faint|p1a: Clefable
|
|-heal|p2a: Tentacruel|364\/364|[from] item: Leftovers
|
|switch|p1a: Keldeo-Resolute|Keldeo-Resolute|323\/323
|turn|29
|
|move|p1a: Keldeo-Resolute|Substitute|p1a: Keldeo-Resolute
|-start|p1a: Keldeo-Resolute|Substitute
|-damage|p1a: Keldeo-Resolute|243\/323
|move|p2a: Tentacruel|Acid Spray|p1a: Keldeo-Resolute
|-activate|p1a: Keldeo-Resolute|Substitute|[damage]
|
|-heal|p1a: Keldeo-Resolute|263\/323|[from] item: Leftovers
|turn|30
|
|move|p1a: Keldeo-Resolute|Calm Mind|p1a: Keldeo-Resolute
|-boost|p1a: Keldeo-Resolute|spa|1
|-boost|p1a: Keldeo-Resolute|spd|1
|move|p2a: Tentacruel|Scald|p1a: Keldeo-Resolute
|-resisted|p1a: Keldeo-Resolute
|-activate|p1a: Keldeo-Resolute|Substitute|[damage]
|
|-heal|p1a: Keldeo-Resolute|283\/323|[from] item: Leftovers
|turn|31
|
|move|p1a: Keldeo-Resolute|Calm Mind|p1a: Keldeo-Resolute
|-boost|p1a: Keldeo-Resolute|spa|1
|-boost|p1a: Keldeo-Resolute|spd|1
|move|p2a: Tentacruel|Haze|p2a: Tentacruel
|-clearallboost
|
|-heal|p1a: Keldeo-Resolute|303\/323|[from] item: Leftovers
|turn|32
|
|move|p1a: Keldeo-Resolute|Scald|p2a: Tentacruel
|-resisted|p2a: Tentacruel
|-damage|p2a: Tentacruel|309\/364
|move|p2a: Tentacruel|Scald|p1a: Keldeo-Resolute
|-crit|p1a: Keldeo-Resolute
|-resisted|p1a: Keldeo-Resolute
|-end|p1a: Keldeo-Resolute|Substitute
|
|-heal|p1a: Keldeo-Resolute|323\/323|[from] item: Leftovers
|-heal|p2a: Tentacruel|331\/364|[from] item: Leftovers
|turn|33
|
|move|p1a: Keldeo-Resolute|Substitute|p1a: Keldeo-Resolute
|-start|p1a: Keldeo-Resolute|Substitute
|-damage|p1a: Keldeo-Resolute|243\/323
|move|p2a: Tentacruel|Scald|p1a: Keldeo-Resolute
|-resisted|p1a: Keldeo-Resolute
|-activate|p1a: Keldeo-Resolute|Substitute|[damage]
|
|-heal|p1a: Keldeo-Resolute|263\/323|[from] item: Leftovers
|-heal|p2a: Tentacruel|353\/364|[from] item: Leftovers
|turn|34
|
|move|p1a: Keldeo-Resolute|Scald|p2a: Tentacruel
|-resisted|p2a: Tentacruel
|-damage|p2a: Tentacruel|292\/364
|-status|p2a: Tentacruel|brn
|move|p2a: Tentacruel|Scald|p1a: Keldeo-Resolute
|-resisted|p1a: Keldeo-Resolute
|-end|p1a: Keldeo-Resolute|Substitute
|
|-heal|p1a: Keldeo-Resolute|283\/323|[from] item: Leftovers
|-heal|p2a: Tentacruel|314\/364 brn|[from] item: Leftovers
|-damage|p2a: Tentacruel|269\/364 brn|[from] brn
|turn|35
|
|move|p1a: Keldeo-Resolute|Substitute|p1a: Keldeo-Resolute
|-start|p1a: Keldeo-Resolute|Substitute
|-damage|p1a: Keldeo-Resolute|203\/323
|move|p2a: Tentacruel|Scald|p1a: Keldeo-Resolute
|-resisted|p1a: Keldeo-Resolute
|-activate|p1a: Keldeo-Resolute|Substitute|[damage]
|
|-heal|p1a: Keldeo-Resolute|223\/323|[from] item: Leftovers
|-heal|p2a: Tentacruel|291\/364 brn|[from] item: Leftovers
|-damage|p2a: Tentacruel|246\/364 brn|[from] brn
|turn|36
|
|move|p1a: Keldeo-Resolute|Calm Mind|p1a: Keldeo-Resolute
|-boost|p1a: Keldeo-Resolute|spa|1
|-boost|p1a: Keldeo-Resolute|spd|1
|move|p2a: Tentacruel|Scald|p1a: Keldeo-Resolute
|-resisted|p1a: Keldeo-Resolute
|-activate|p1a: Keldeo-Resolute|Substitute|[damage]
|
|-heal|p1a: Keldeo-Resolute|243\/323|[from] item: Leftovers
|-heal|p2a: Tentacruel|268\/364 brn|[from] item: Leftovers
|-damage|p2a: Tentacruel|223\/364 brn|[from] brn
|turn|37
|
|move|p1a: Keldeo-Resolute|Secret Sword|p2a: Tentacruel
|-resisted|p2a: Tentacruel
|-damage|p2a: Tentacruel|108\/364 brn
|move|p2a: Tentacruel|Haze|p2a: Tentacruel
|-clearallboost
|
|-heal|p1a: Keldeo-Resolute|263\/323|[from] item: Leftovers
|-heal|p2a: Tentacruel|130\/364 brn|[from] item: Leftovers
|-damage|p2a: Tentacruel|85\/364 brn|[from] brn
|turn|38
|
|move|p1a: Keldeo-Resolute|Calm Mind|p1a: Keldeo-Resolute
|-boost|p1a: Keldeo-Resolute|spa|1
|-boost|p1a: Keldeo-Resolute|spd|1
|move|p2a: Tentacruel|Scald|p1a: Keldeo-Resolute
|-resisted|p1a: Keldeo-Resolute
|-end|p1a: Keldeo-Resolute|Substitute
|
|-heal|p1a: Keldeo-Resolute|283\/323|[from] item: Leftovers
|-heal|p2a: Tentacruel|107\/364 brn|[from] item: Leftovers
|-damage|p2a: Tentacruel|62\/364 brn|[from] brn
|turn|39
|
|move|p1a: Keldeo-Resolute|Substitute|p1a: Keldeo-Resolute
|-start|p1a: Keldeo-Resolute|Substitute
|-damage|p1a: Keldeo-Resolute|203\/323
|move|p2a: Tentacruel|Acid Spray|p1a: Keldeo-Resolute
|-activate|p1a: Keldeo-Resolute|Substitute|[damage]
|
|-heal|p1a: Keldeo-Resolute|223\/323|[from] item: Leftovers
|-heal|p2a: Tentacruel|84\/364 brn|[from] item: Leftovers
|-damage|p2a: Tentacruel|39\/364 brn|[from] brn
|turn|40
|
|move|p1a: Keldeo-Resolute|Secret Sword|p2a: Tentacruel
|-resisted|p2a: Tentacruel
|-damage|p2a: Tentacruel|0 fnt
|faint|p2a: Tentacruel
|
|-heal|p1a: Keldeo-Resolute|243\/323|[from] item: Leftovers
|
|switch|p2a: Hydreigon|Hydreigon, M|91\/325
|turn|41
|
|move|p2a: Hydreigon|Draco Meteor|p1a: Keldeo-Resolute
|-end|p1a: Keldeo-Resolute|Substitute
|-unboost|p2a: Hydreigon|spa|2
|move|p1a: Keldeo-Resolute|Calm Mind|p1a: Keldeo-Resolute
|-boost|p1a: Keldeo-Resolute|spa|1
|-boost|p1a: Keldeo-Resolute|spd|1
|
|-heal|p1a: Keldeo-Resolute|263\/323|[from] item: Leftovers
|turn|42
|
|move|p2a: Hydreigon|Draco Meteor|p1a: Keldeo-Resolute
|-damage|p1a: Keldeo-Resolute|188\/323
|-unboost|p2a: Hydreigon|spa|2
|move|p1a: Keldeo-Resolute|Substitute|p1a: Keldeo-Resolute
|-start|p1a: Keldeo-Resolute|Substitute
|-damage|p1a: Keldeo-Resolute|108\/323
|
|-heal|p1a: Keldeo-Resolute|128\/323|[from] item: Leftovers
|turn|43
|
|move|p2a: Hydreigon|Draco Meteor|p1a: Keldeo-Resolute
|-activate|p1a: Keldeo-Resolute|Substitute|[damage]
|-unboost|p2a: Hydreigon|spa|2
|move|p1a: Keldeo-Resolute|Secret Sword|p2a: Hydreigon
|-supereffective|p2a: Hydreigon
|-damage|p2a: Hydreigon|0 fnt
|faint|p2a: Hydreigon
|
|-heal|p1a: Keldeo-Resolute|148\/323|[from] item: Leftovers
|
|switch|p2a: Raikou|Raikou, shiny|97\/321
|-ability|p2a: Raikou|Pressure
|turn|44
|
|move|p2a: Raikou|Volt Switch|p1a: Keldeo-Resolute
|-supereffective|p1a: Keldeo-Resolute
|-end|p1a: Keldeo-Resolute|Substitute
|
|switch|p2a: Talonflame|Talonflame, M, shiny|272\/299
|move|p1a: Keldeo-Resolute|Scald|p2a: Talonflame
|-supereffective|p2a: Talonflame
|-damage|p2a: Talonflame|0 fnt
|faint|p2a: Talonflame
|
|-heal|p1a: Keldeo-Resolute|168\/323|[from] item: Leftovers
|
|switch|p2a: Raikou|Raikou, shiny|97\/321
|-ability|p2a: Raikou|Pressure
|turn|45
|
|move|p2a: Raikou|Thunderbolt|p1a: Keldeo-Resolute
|-supereffective|p1a: Keldeo-Resolute
|-damage|p1a: Keldeo-Resolute|0 fnt
|faint|p1a: Keldeo-Resolute
|
|
|switch|p1a: Landorus-Therian|Landorus-Therian, M|319\/319
|-ability|p1a: Landorus-Therian|Intimidate|[of] p2a: Raikou
|-unboost|p2a: Raikou|atk|1
|turn|46
|
|move|p1a: Landorus-Therian|Earthquake|p2a: Raikou
|-supereffective|p2a: Raikou
|-damage|p2a: Raikou|0 fnt
|faint|p2a: Raikou
|
|win|TachyonLord
|raw|Ladder updating...
|c|âTachyonLord|gg
|raw|TachyonLord's rating: 1487 &rarr; <strong>1510<\/strong><br \/>(+23 for winning)
|raw|iDestructioNx's rating: 1536 &rarr; <strong>1514<\/strong><br \/>(-22 for losing)
|leave|iDestructioNx
|player|p2