|join|iDestructioNx
|join|TachyonLord
|player|p1|iDestructioNx|2
|player|p2|TachyonLord|267
|gametype|singles
|gen|6
|tier|OU
|rated
|clearpoke
|poke|p1|Gyarados, F, shiny
|poke|p1|Raikou, shiny
|poke|p1|Talonflame, F, shiny
|poke|p1|Hydreigon, F
|poke|p1|Tentacruel, M
|poke|p1|Scizor, F
|poke|p2|Entei, shiny
|poke|p2|Starmie
|poke|p2|Altaria, M
|poke|p2|Bisharp, M
|poke|p2|Landorus-Therian, M
|poke|p2|Breloom, M
|rule|Swagger Clause: Swagger is banned
|rule|Baton Pass Clause: Limit one PokÃ©mon knowing Baton Pass
|rule|Sleep Clause Mod: Limit one foe put to sleep
|rule|Species Clause: Limit one of each PokÃ©mon
|rule|OHKO Clause: OHKO moves are banned
|rule|Moody Clause: Moody is banned
|rule|Evasion Moves Clause: Evasion moves are banned
|rule|Endless Battle Clause: Forcing endless battles is banned
|rule|HP Percentage Mod: HP is shown in percentages
|teampreview
|
|start
|switch|p1a: Gyarados|Gyarados, F, shiny|331\/331
|switch|p2a: Starmie|Starmie|261\/261
|-ability|p1a: Gyarados|Intimidate|[of] p2a: Starmie
|-unboost|p2a: Starmie|atk|1
|turn|1
|
|switch|p1a: Hydreigon|Hydreigon, F|325\/325
|move|p2a: Starmie|Thunderbolt|p1a: Hydreigon
|-resisted|p1a: Hydreigon
|-damage|p1a: Hydreigon|239\/325
|-damage|p2a: Starmie|235\/261|[from] item: Life Orb
|
|turn|2
|
|switch|p1a: Raikou|Raikou, shiny|321\/321
|-ability|p1a: Raikou|Pressure
|switch|p2a: Altaria|Altaria, M|353\/353
|
|turn|3
|
|detailschange|p2a: Altaria|Altaria-Mega, M
|-mega|p2a: Altaria|Altaria|Altarianite
|move|p1a: Raikou|Volt Switch|p2a: Altaria
|-resisted|p2a: Altaria
|-damage|p2a: Altaria|301\/353
|
|switch|p1a: Tentacruel|Tentacruel, M|364\/364
|move|p2a: Altaria|Frustration|p1a: Tentacruel
|-resisted|p1a: Tentacruel
|-damage|p1a: Tentacruel|288\/364
|
|-heal|p1a: Tentacruel|310\/364|[from] item: Leftovers
|turn|4
|
|switch|p2a: Starmie|Starmie|235\/261
|move|p1a: Tentacruel|Acid Spray|p2a: Starmie
|-damage|p2a: Starmie|192\/261
|-unboost|p2a: Starmie|spd|2
|
|-heal|p1a: Tentacruel|332\/364|[from] item: Leftovers
|turn|5
|
|switch|p1a: Raikou|Raikou, shiny|321\/321
|-ability|p1a: Raikou|Pressure
|move|p2a: Starmie|Thunderbolt|p1a: Raikou
|-resisted|p1a: Raikou
|-damage|p1a: Raikou|244\/321
|-damage|p2a: Starmie|166\/261|[from] item: Life Orb
|
|turn|6
|
|move|p1a: Raikou|Hidden Power|p2a: Starmie
|-resisted|p2a: Starmie
|-damage|p2a: Starmie|91\/261
|move|p2a: Starmie|Hydro Pump|p1a: Raikou
|-damage|p1a: Raikou|0 fnt
|-damage|p2a: Starmie|65\/261|[from] item: Life Orb
|faint|p1a: Raikou
|
|
|switch|p1a: Talonflame|Talonflame, F, shiny|299\/299
|turn|7
|
|switch|p2a: Landorus-Therian|Landorus-Therian, M|381\/381
|-ability|p2a: Landorus-Therian|Intimidate|[of] p1a: Talonflame
|-unboost|p1a: Talonflame|atk|1
|move|p1a: Talonflame|Brave Bird|p2a: Landorus-Therian
|-damage|p2a: Landorus-Therian|287\/381
|-damage|p1a: Talonflame|268\/299|[from] recoil|[of] p2a: Landorus-Therian
|
|-heal|p2a: Landorus-Therian|310\/381|[from] item: Leftovers
|turn|8
|
|switch|p1a: Gyarados|Gyarados, F, shiny|331\/331
|-ability|p1a: Gyarados|Intimidate|[of] p2a: Landorus-Therian
|-unboost|p2a: Landorus-Therian|atk|1
|move|p2a: Landorus-Therian|Stealth Rock|p1a: Gyarados
|-sidestart|p1: iDestructioNx|move: Stealth Rock
|
|-heal|p2a: Landorus-Therian|333\/381|[from] item: Leftovers
|turn|9
|
|detailschange|p1a: Gyarados|Gyarados-Mega, F, shiny
|-mega|p1a: Gyarados|Gyarados|Gyaradosite
|-ability|p1a: Gyarados|Mold Breaker
|move|p1a: Gyarados|Dragon Dance|p1a: Gyarados
|-boost|p1a: Gyarados|atk|1
|-boost|p1a: Gyarados|spe|1
|move|p2a: Landorus-Therian|U-turn|p1a: Gyarados
|-supereffective|p1a: Gyarados
|-damage|p1a: Gyarados|241\/331
|
|switch|p2a: Breloom|Breloom, M|261\/261
|
|turn|10
|
|move|p2a: Breloom|Mach Punch|p1a: Gyarados
|-supereffective|p1a: Gyarados
|-damage|p1a: Gyarados|59\/331
|move|p1a: Gyarados|Waterfall|p2a: Breloom
|-resisted|p2a: Breloom
|-damage|p2a: Breloom|111\/261
|
|turn|11
|
|switch|p1a: Tentacruel|Tentacruel, M|332\/364
|-damage|p1a: Tentacruel|287\/364|[from] Stealth Rock
|move|p2a: Breloom|Mach Punch|p1a: Tentacruel
|-resisted|p1a: Tentacruel
|-damage|p1a: Tentacruel|236\/364
|
|-heal|p1a: Tentacruel|258\/364|[from] item: Leftovers
|turn|12
|
|move|p2a: Breloom|Spore|p1a: Tentacruel
|-status|p1a: Tentacruel|slp
|cant|p1a: Tentacruel|slp
|
|-heal|p1a: Tentacruel|280\/364 slp|[from] item: Leftovers
|turn|13
|
|move|p2a: Breloom|Bullet Seed|p1a: Tentacruel
|-damage|p1a: Tentacruel|214\/364 slp
|-damage|p1a: Tentacruel|154\/364 slp
|-damage|p1a: Tentacruel|93\/364 slp
|-damage|p1a: Tentacruel|35\/364 slp
|-hitcount|p1a: Tentacruel|4
|-curestatus|p1a: Tentacruel|slp
|move|p1a: Tentacruel|Rapid Spin|p2a: Breloom
|-damage|p2a: Breloom|98\/261
|-sideend|p1: iDestructioNx|Stealth Rock|[from] move: Rapid Spin|[of] p1a: Tentacruel
|
|-heal|p1a: Tentacruel|57\/364|[from] item: Leftovers
|turn|14
|
|move|p2a: Breloom|Bullet Seed|p1a: Tentacruel
|-damage|p1a: Tentacruel|0 fnt
|-hitcount|p1a: Tentacruel|1
|faint|p1a: Tentacruel
|
|
|switch|p1a: Scizor|Scizor, F|281\/281
|turn|15
|
|move|p1a: Scizor|Bullet Punch|p2a: Breloom
|-damage|p2a: Breloom|0 fnt
|faint|p2a: Breloom
|
|
|switch|p2a: Entei|Entei, shiny|385\/385
|-ability|p2a: Entei|Pressure
|turn|16
|
|switch|p1a: Hydreigon|Hydreigon, F|239\/325
|move|p2a: Entei|Sacred Fire|p1a: Hydreigon
|-resisted|p1a: Hydreigon
|-damage|p1a: Hydreigon|114\/325
|-status|p1a: Hydreigon|brn
|-damage|p2a: Entei|347\/385|[from] item: Life Orb
|
|-damage|p1a: Hydreigon|74\/325 brn|[from] brn
|turn|17
|
|move|p2a: Entei|Extreme Speed|p1a: Hydreigon
|-damage|p1a: Hydreigon|0 fnt
|-damage|p2a: Entei|309\/385|[from] item: Life Orb
|faint|p1a: Hydreigon
|
|
|switch|p1a: Talonflame|Talonflame, F, shiny|268\/299
|turn|18
|
|switch|p2a: Starmie|Starmie|65\/261
|move|p1a: Talonflame|Swords Dance|p1a: Talonflame
|-boost|p1a: Talonflame|atk|2
|
|turn|19
|
|move|p1a: Talonflame|Brave Bird|p2a: Starmie
|-damage|p2a: Starmie|0 fnt
|-damage|p1a: Talonflame|247\/299|[from] recoil|[of] p2a: Starmie
|faint|p2a: Starmie
|
|
|switch|p2a: Landorus-Therian|Landorus-Therian, M|333\/381
|-ability|p2a: Landorus-Therian|Intimidate|[of] p1a: Talonflame
|-unboost|p1a: Talonflame|atk|1
|turn|20
|
|move|p1a: Talonflame|Swords Dance|p1a: Talonflame
|-boost|p1a: Talonflame|atk|2
|move|p2a: Landorus-Therian|Stone Edge|p1a: Talonflame|[miss]
|-miss|p2a: Landorus-Therian|p1a: Talonflame
|
|-heal|p2a: Landorus-Therian|356\/381|[from] item: Leftovers
|turn|21
|
|move|p1a: Talonflame|Brave Bird|p2a: Landorus-Therian
|-damage|p2a: Landorus-Therian|0 fnt
|-damage|p1a: Talonflame|130\/299|[from] recoil|[of] p2a: Landorus-Therian
|faint|p2a: Landorus-Therian
|
|
|switch|p2a: Bisharp|Bisharp, M|290\/290
|turn|22
|
|move|p1a: Talonflame|Roost|p1a: Talonflame
|-heal|p1a: Talonflame|280\/299
|move|p2a: Bisharp|Knock Off|p1a: Talonflame
|-damage|p1a: Talonflame|9\/299
|-enditem|p1a: Talonflame|Sharp Beak|[from] move: Knock Off|[of] p2a: Bisharp
|
|turn|23
|
|move|p1a: Talonflame|Flare Blitz|p2a: Bisharp
|-supereffective|p2a: Bisharp
|-damage|p2a: Bisharp|0 fnt
|-damage|p1a: Talonflame|0 fnt|[from] recoil|[of] p2a: Bisharp
|faint|p2a: Bisharp
|faint|p1a: Talonflame
|
|
|switch|p2a: Entei|Entei, shiny|309\/385
|switch|p1a: Gyarados|Gyarados-Mega, F, shiny|59\/331
|-ability|p2a: Entei|Pressure
|-ability|p1a: Gyarados|Mold Breaker
|turn|24
|
|move|p2a: Entei|Extreme Speed|p1a: Gyarados
|-damage|p1a: Gyarados|0 fnt
|-damage|p2a: Entei|271\/385|[from] item: Life Orb
|faint|p1a: Gyarados
|
|-message|iDestructioNx forfeited.
|leave|iDestructioNx
|
|win|TachyonLord
|raw|Ladder updating...
|player|p1
|raw|iDestructioNx's rating: 1597 &rarr; <strong>1576<\/strong><br \/>(-21 for losing)
|raw|TachyonLord's rating: 1568 &rarr; <strong>1590<\/strong><br \/>(+22 for winning)