|join|UrNemesis357
|join|iDestructioNx
|player|p1|UrNemesis357|144
|player|p2|iDestructioNx|2
|gametype|singles
|gen|6
|tier|OU (suspect test)
|rated
|clearpoke
|poke|p1|Houndoom, F
|poke|p1|Toxicroak, F
|poke|p1|Landorus-Therian, M
|poke|p1|Azumarill, F
|poke|p1|Latios, M
|poke|p1|Ferrothorn, M
|poke|p2|Gyarados, M, shiny
|poke|p2|Raikou, shiny
|poke|p2|Conkeldurr, M
|poke|p2|Talonflame, F, shiny
|poke|p2|Latios, M, shiny
|poke|p2|Scizor, M
|rule|Swagger Clause: Swagger is banned
|rule|Baton Pass Clause: Limit one PokÃ©mon knowing Baton Pass
|rule|Sleep Clause Mod: Limit one foe put to sleep
|rule|Species Clause: Limit one of each PokÃ©mon
|rule|OHKO Clause: OHKO moves are banned
|rule|Moody Clause: Moody is banned
|rule|Evasion Moves Clause: Evasion moves are banned
|rule|Endless Battle Clause: Forcing endless battles is banned
|rule|HP Percentage Mod: HP is shown in percentages
|teampreview
|
|start
|switch|p1a: Azumarill|Azumarill, F|341\/341
|switch|p2a: Raikou|Raikou, shiny|321\/321
|-ability|p2a: Raikou|Pressure
|turn|1
|
|switch|p1a: Landorus-Therian|Landorus-Therian, M|382\/382
|-ability|p1a: Landorus-Therian|Intimidate|[of] p2a: Raikou
|-unboost|p2a: Raikou|atk|1
|move|p2a: Raikou|Thunderbolt|p1a: Landorus-Therian
|-immune|p1a: Landorus-Therian|[msg]
|
|turn|2
|
|move|p2a: Raikou|Hidden Power|p1a: Landorus-Therian
|-supereffective|p1a: Landorus-Therian
|-damage|p1a: Landorus-Therian|27\/382
|move|p1a: Landorus-Therian|Stealth Rock|p2a: Raikou
|-sidestart|p2: iDestructioNx|move: Stealth Rock
|
|-heal|p1a: Landorus-Therian|50\/382|[from] item: Leftovers
|turn|3
|
|switch|p1a: Ferrothorn|Ferrothorn, M|352\/352
|move|p2a: Raikou|Hidden Power|p1a: Ferrothorn
|-damage|p1a: Ferrothorn|298\/352
|
|turn|4
|
|move|p2a: Raikou|Volt Switch|p1a: Ferrothorn
|-resisted|p1a: Ferrothorn
|-damage|p1a: Ferrothorn|250\/352
|
|switch|p2a: Latios|Latios, M, shiny|301\/301
|-damage|p2a: Latios|264\/301|[from] Stealth Rock
|move|p1a: Ferrothorn|Leech Seed|p2a: Latios
|-start|p2a: Latios|move: Leech Seed
|
|-damage|p2a: Latios|227\/301|[from] Leech Seed|[of] p1a: Ferrothorn
|-heal|p1a: Ferrothorn|287\/352|[silent]
|turn|5
|
|move|p1a: Ferrothorn|Protect|p1a: Ferrothorn
|-singleturn|p1a: Ferrothorn|Protect
|move|p2a: Latios|Hidden Power|p1a: Ferrothorn
|-activate|p1a: Ferrothorn|Protect
|
|-damage|p2a: Latios|190\/301|[from] Leech Seed|[of] p1a: Ferrothorn
|-heal|p1a: Ferrothorn|324\/352|[silent]
|turn|6
|
|switch|p1a: Azumarill|Azumarill, F|341\/341
|move|p2a: Latios|Defog|p1a: Azumarill
|-unboost|p1a: Azumarill|evasion|1
|-sideend|p2: iDestructioNx|Stealth Rock|[from] move: Defog|[of] p2a: Latios
|
|-damage|p2a: Latios|153\/301|[from] Leech Seed|[of] p1a: Azumarill
|turn|7
|
|move|p2a: Latios|Psyshock|p1a: Azumarill
|-damage|p1a: Azumarill|107\/341
|-damage|p2a: Latios|123\/301|[from] item: Life Orb
|move|p1a: Azumarill|Waterfall|p2a: Latios
|-resisted|p2a: Latios
|-damage|p2a: Latios|18\/301
|
|-damage|p2a: Latios|0 fnt|[from] Leech Seed|[of] p1a: Azumarill
|-heal|p1a: Azumarill|125\/341|[silent]
|faint|p2a: Latios
|
|switch|p2a: Raikou|Raikou, shiny|321\/321
|-ability|p2a: Raikou|Pressure
|turn|8
|
|move|p1a: Azumarill|Aqua Jet|p2a: Raikou
|-crit|p2a: Raikou
|-damage|p2a: Raikou|149\/321
|move|p2a: Raikou|Thunderbolt|p1a: Azumarill
|-supereffective|p1a: Azumarill
|-damage|p1a: Azumarill|0 fnt
|faint|p1a: Azumarill
|
|
|switch|p1a: Latios|Latios, M|301\/301
|turn|9
|
|switch|p1a: Houndoom|Houndoom, F|291\/291
|move|p2a: Raikou|Shadow Ball|p1a: Houndoom
|-resisted|p1a: Houndoom
|-damage|p1a: Houndoom|241\/291
|
|turn|10
|
|switch|p1a: Ferrothorn|Ferrothorn, M|324\/352
|move|p2a: Raikou|Thunderbolt|p1a: Ferrothorn
|-resisted|p1a: Ferrothorn
|-damage|p1a: Ferrothorn|264\/352
|
|turn|11
|
|move|p2a: Raikou|Volt Switch|p1a: Ferrothorn
|-resisted|p1a: Ferrothorn
|-damage|p1a: Ferrothorn|218\/352
|
|switch|p2a: Talonflame|Talonflame, F, shiny|299\/299
|move|p1a: Ferrothorn|Leech Seed|p2a: Talonflame
|-start|p2a: Talonflame|move: Leech Seed
|
|-damage|p2a: Talonflame|262\/299|[from] Leech Seed|[of] p1a: Ferrothorn
|-heal|p1a: Ferrothorn|255\/352|[silent]
|turn|12
|
|move|p2a: Talonflame|Swords Dance|p2a: Talonflame
|-boost|p2a: Talonflame|atk|2
|move|p1a: Ferrothorn|Spikes|p2a: Talonflame
|-sidestart|p2: iDestructioNx|Spikes
|
|-damage|p2a: Talonflame|225\/299|[from] Leech Seed|[of] p1a: Ferrothorn
|-heal|p1a: Ferrothorn|292\/352|[silent]
|turn|13
|
|switch|p1a: Houndoom|Houndoom, F|241\/291
|move|p2a: Talonflame|Flare Blitz|p1a: Houndoom
|-start|p1a: Houndoom|ability: Flash Fire
|
|-damage|p2a: Talonflame|188\/299|[from] Leech Seed|[of] p1a: Houndoom
|-heal|p1a: Houndoom|278\/291|[silent]
|turn|14
|
|switch|p1a: Ferrothorn|Ferrothorn, M|292\/352
|move|p2a: Talonflame|Brave Bird|p1a: Ferrothorn
|-damage|p1a: Ferrothorn|52\/352
|-damage|p2a: Talonflame|151\/299|[from] ability: Iron Barbs|[of] p1a: Ferrothorn
|-damage|p2a: Talonflame|72\/299|[from] recoil|[of] p1a: Ferrothorn
|
|-damage|p2a: Talonflame|35\/299|[from] Leech Seed|[of] p1a: Ferrothorn
|-heal|p1a: Ferrothorn|89\/352|[silent]
|turn|15
|
|move|p2a: Talonflame|Roost|p2a: Talonflame
|-heal|p2a: Talonflame|185\/299
|move|p1a: Ferrothorn|Gyro Ball|p2a: Talonflame
|-resisted|p2a: Talonflame
|-damage|p2a: Talonflame|65\/299
|
|-damage|p2a: Talonflame|28\/299|[from] Leech Seed|[of] p1a: Ferrothorn
|-heal|p1a: Ferrothorn|126\/352|[silent]
|turn|16
|c|âUrNemesis357|hehe gimme all your health nice
|
|move|p1a: Ferrothorn|Protect|p1a: Ferrothorn
|-singleturn|p1a: Ferrothorn|Protect
|move|p2a: Talonflame|Flare Blitz|p1a: Ferrothorn
|-activate|p1a: Ferrothorn|Protect
|
|-damage|p2a: Talonflame|0 fnt|[from] Leech Seed|[of] p1a: Ferrothorn
|-heal|p1a: Ferrothorn|154\/352|[silent]
|faint|p2a: Talonflame
|
|switch|p2a: Gyarados|Gyarados, M, shiny|331\/331
|-ability|p2a: Gyarados|Intimidate|[of] p1a: Ferrothorn
|-unboost|p1a: Ferrothorn|atk|1
|turn|17
|
|switch|p1a: Landorus-Therian|Landorus-Therian, M|50\/382
|-ability|p1a: Landorus-Therian|Intimidate|[of] p2a: Gyarados
|-unboost|p2a: Gyarados|atk|1
|detailschange|p2a: Gyarados|Gyarados-Mega, M, shiny
|-mega|p2a: Gyarados|Gyarados|Gyaradosite
|-ability|p2a: Gyarados|Mold Breaker
|move|p2a: Gyarados|Dragon Dance|p2a: Gyarados
|-boost|p2a: Gyarados|atk|1
|-boost|p2a: Gyarados|spe|1
|
|-heal|p1a: Landorus-Therian|73\/382|[from] item: Leftovers
|turn|18
|
|move|p2a: Gyarados|Dragon Dance|p2a: Gyarados
|-boost|p2a: Gyarados|atk|1
|-boost|p2a: Gyarados|spe|1
|move|p1a: Landorus-Therian|U-turn|p2a: Gyarados
|-supereffective|p2a: Gyarados
|-damage|p2a: Gyarados|185\/331
|
|switch|p1a: Latios|Latios, M|301\/301
|
|turn|19
|
|move|p1a: Latios|Draco Meteor|p2a: Gyarados
|-damage|p2a: Gyarados|0 fnt
|-unboost|p1a: Latios|spa|2
|faint|p2a: Gyarados
|
|join|tbr
|c| tbr|nice play bro
|c| tbr|:]
|leave|tbr
|c|âiDestructioNx|modchat+
|c|âiDestructioNx|how u do it
|c|âiDestructioNx|modchat+\/
|c|âUrNemesis357|idk lol
|c|âUrNemesis357|why
|
|switch|p2a: Raikou|Raikou, shiny|149\/321
|-damage|p2a: Raikou|109\/321|[from] Spikes
|-ability|p2a: Raikou|Pressure
|turn|20
|c|âUrNemesis357|you're timing out
|c|âiDestructioNx|cause thats guys a troll
|
|move|p1a: Latios|Draco Meteor|p2a: Raikou
|-damage|p2a: Raikou|0 fnt
|-unboost|p1a: Latios|spa|2
|faint|p2a: Raikou
|
|c|âUrNemesis357|oh lo
|
|switch|p2a: Conkeldurr|Conkeldurr, M|380\/380
|-damage|p2a: Conkeldurr|333\/380|[from] Spikes
|turn|21
|c|âUrNemesis357|lol
|c|âUrNemesis357|you can complain if you want
|
|switch|p1a: Landorus-Therian|Landorus-Therian, M|73\/382
|-ability|p1a: Landorus-Therian|Intimidate|[of] p2a: Conkeldurr
|-unboost|p2a: Conkeldurr|atk|1
|move|p2a: Conkeldurr|Bulk Up|p2a: Conkeldurr
|-boost|p2a: Conkeldurr|atk|1
|-boost|p2a: Conkeldurr|def|1
|
|-heal|p1a: Landorus-Therian|96\/382|[from] item: Leftovers
|-heal|p2a: Conkeldurr|356\/380|[from] item: Leftovers
|turn|22
|
|move|p1a: Landorus-Therian|Earthquake|p2a: Conkeldurr
|-damage|p2a: Conkeldurr|235\/380
|move|p2a: Conkeldurr|Bulk Up|p2a: Conkeldurr
|-boost|p2a: Conkeldurr|atk|1
|-boost|p2a: Conkeldurr|def|1
|
|-heal|p1a: Landorus-Therian|119\/382|[from] item: Leftovers
|-heal|p2a: Conkeldurr|258\/380|[from] item: Leftovers
|turn|23
|
|switch|p1a: Toxicroak|Toxicroak, F|307\/307
|move|p2a: Conkeldurr|Bulk Up|p2a: Conkeldurr
|-boost|p2a: Conkeldurr|atk|1
|-boost|p2a: Conkeldurr|def|1
|
|-heal|p2a: Conkeldurr|281\/380|[from] item: Leftovers
|turn|24
|
|move|p1a: Toxicroak|Gunk Shot|p2a: Conkeldurr
|-damage|p2a: Conkeldurr|168\/380
|-damage|p1a: Toxicroak|277\/307|[from] item: Life Orb
|move|p2a: Conkeldurr|Bulk Up|p2a: Conkeldurr
|-boost|p2a: Conkeldurr|atk|1
|-boost|p2a: Conkeldurr|def|1
|
|-heal|p2a: Conkeldurr|191\/380|[from] item: Leftovers
|turn|25
|
|switch|p1a: Ferrothorn|Ferrothorn, M|154\/352
|move|p2a: Conkeldurr|Mach Punch|p1a: Ferrothorn
|-supereffective|p1a: Ferrothorn
|-damage|p1a: Ferrothorn|0 fnt
|-damage|p2a: Conkeldurr|144\/380|[from] ability: Iron Barbs|[of] p1a: Ferrothorn
|faint|p1a: Ferrothorn
|
|-heal|p2a: Conkeldurr|167\/380|[from] item: Leftovers
|
|switch|p1a: Latios|Latios, M|301\/301
|turn|26
|
|move|p2a: Conkeldurr|Mach Punch|p1a: Latios
|-resisted|p1a: Latios
|-damage|p1a: Latios|168\/301
|move|p1a: Latios|Draco Meteor|p2a: Conkeldurr
|-damage|p2a: Conkeldurr|0 fnt
|-unboost|p1a: Latios|spa|2
|faint|p2a: Conkeldurr
|
|
|switch|p2a: Scizor|Scizor, M|281\/281
|-damage|p2a: Scizor|246\/281|[from] Spikes
|turn|27
|
|switch|p1a: Landorus-Therian|Landorus-Therian, M|119\/382
|-ability|p1a: Landorus-Therian|Intimidate|[of] p2a: Scizor
|-unboost|p2a: Scizor|atk|1
|move|p2a: Scizor|Swords Dance|p2a: Scizor
|-boost|p2a: Scizor|atk|2
|
|-heal|p1a: Landorus-Therian|142\/382|[from] item: Leftovers
|turn|28
|
|move|p2a: Scizor|Swords Dance|p2a: Scizor
|-boost|p2a: Scizor|atk|2
|move|p1a: Landorus-Therian|Earthquake|p2a: Scizor
|-damage|p2a: Scizor|74\/281
|
|-heal|p1a: Landorus-Therian|165\/382|[from] item: Leftovers
|turn|29
|
|move|p2a: Scizor|Bullet Punch|p1a: Landorus-Therian
|-damage|p1a: Landorus-Therian|0 fnt
|faint|p1a: Landorus-Therian
|
|
|switch|p1a: Toxicroak|Toxicroak, F|277\/307
|turn|30
|
|move|p1a: Toxicroak|Sucker Punch|p2a: Scizor
|-damage|p2a: Scizor|0 fnt
|-damage|p1a: Toxicroak|247\/307|[from] item: Life Orb
|faint|p2a: Scizor
|
|win|UrNemesis357
|raw|Ladder updating...
|raw|UrNemesis357's rating: 1368 &rarr; <strong>1387<\/strong><br \/>(+19 for winning)
|raw|iDestructioNx's rating: 1356 &rarr; <strong>1336<\/strong><br \/>(-20 for losing)
|leave|iDestructioNx
|player|p2