|join|iDestructioNx
|join|Karxrida
|player|p1|iDestructioNx|169
|player|p2|Karxrida|169
|gametype|singles
|gen|6
|tier|OU (suspect test)
|rated
|clearpoke
|poke|p1|Scizor, M
|poke|p1|Landorus-Therian, M
|poke|p1|Talonflame, F, shiny
|poke|p1|Suicune, shiny
|poke|p1|Terrakion, shiny
|poke|p1|Latios, M
|poke|p2|Scizor, M, shiny
|poke|p2|Manaphy, shiny
|poke|p2|Thundurus, M
|poke|p2|Landorus-Therian, M
|poke|p2|Cobalion
|poke|p2|Latios, M
|rule|Swagger Clause: Swagger is banned
|rule|Baton Pass Clause: Limit one PokÃ©mon knowing Baton Pass
|rule|Sleep Clause Mod: Limit one foe put to sleep
|rule|Species Clause: Limit one of each PokÃ©mon
|rule|OHKO Clause: OHKO moves are banned
|rule|Moody Clause: Moody is banned
|rule|Evasion Moves Clause: Evasion moves are banned
|rule|Endless Battle Clause: Forcing endless battles is banned
|rule|HP Percentage Mod: HP is shown in percentages
|teampreview
|c|âKarxrida|Your Talonflame is SD, am I right?
|
|start
|switch|p1a: Terrakion|Terrakion, shiny|323\/323
|switch|p2a: Cobalion|Cobalion|358\/358
|turn|1
|
|move|p1a: Terrakion|Stealth Rock|p2a: Cobalion
|-sidestart|p2: Karxrida|move: Stealth Rock
|move|p2a: Cobalion|Iron Head|p1a: Terrakion
|-supereffective|p1a: Terrakion
|-damage|p1a: Terrakion|125\/323
|
|turn|2
|
|move|p2a: Cobalion|Iron Head|p1a: Terrakion
|-supereffective|p1a: Terrakion
|-damage|p1a: Terrakion|0 fnt
|faint|p1a: Terrakion
|
|
|switch|p1a: Landorus-Therian|Landorus-Therian, M|319\/319
|-ability|p1a: Landorus-Therian|Intimidate|[of] p2a: Cobalion
|-unboost|p2a: Cobalion|atk|1
|turn|3
|
|move|p1a: Landorus-Therian|Knock Off|p2a: Cobalion
|-resisted|p2a: Cobalion
|-damage|p2a: Cobalion|300\/358
|-boost|p2a: Cobalion|atk|1|[from] ability: Justified
|-enditem|p2a: Cobalion|Leftovers|[from] move: Knock Off|[of] p1a: Landorus-Therian
|move|p2a: Cobalion|Iron Head|p1a: Landorus-Therian
|-damage|p1a: Landorus-Therian|207\/319
|
|turn|4
|
|switch|p1a: Talonflame|Talonflame, F, shiny|299\/299
|move|p2a: Cobalion|Iron Head|p1a: Talonflame
|-resisted|p1a: Talonflame
|-damage|p1a: Talonflame|229\/299
|
|turn|5
|
|move|p1a: Talonflame|Flare Blitz|p2a: Cobalion
|-supereffective|p2a: Cobalion
|-damage|p2a: Cobalion|48\/358
|-damage|p1a: Talonflame|146\/299|[from] recoil|[of] p2a: Cobalion
|move|p2a: Cobalion|Volt Switch|p1a: Talonflame
|-supereffective|p1a: Talonflame
|-damage|p1a: Talonflame|30\/299
|
|switch|p2a: Landorus-Therian|Landorus-Therian, M|381\/381
|-damage|p2a: Landorus-Therian|334\/381|[from] Stealth Rock
|-ability|p2a: Landorus-Therian|Intimidate|[of] p1a: Talonflame
|-unboost|p1a: Talonflame|atk|1
|
|-heal|p2a: Landorus-Therian|357\/381|[from] item: Leftovers
|turn|6
|c|âKarxrida|Yeah, SD
|c|âKarxrida|Band would have killed
|
|move|p1a: Talonflame|Roost|p1a: Talonflame
|-heal|p1a: Talonflame|180\/299
|move|p2a: Landorus-Therian|U-turn|p1a: Talonflame
|-resisted|p1a: Talonflame
|-damage|p1a: Talonflame|131\/299
|
|switch|p2a: Thundurus|Thundurus, M|299\/299
|-damage|p2a: Thundurus|225\/299|[from] Stealth Rock
|
|-heal|p2a: Thundurus|243\/299|[from] item: Leftovers
|turn|7
|
|switch|p1a: Landorus-Therian|Landorus-Therian, M|207\/319
|-ability|p1a: Landorus-Therian|Intimidate|[of] p2a: Thundurus
|-unboost|p2a: Thundurus|atk|1
|move|p2a: Thundurus|Hidden Power|p1a: Landorus-Therian
|-supereffective|p1a: Landorus-Therian
|-damage|p1a: Landorus-Therian|0 fnt
|faint|p1a: Landorus-Therian
|
|-heal|p2a: Thundurus|261\/299|[from] item: Leftovers
|
|switch|p1a: Talonflame|Talonflame, F, shiny|131\/299
|turn|8
|
|move|p2a: Thundurus|Thunder Wave|p1a: Talonflame
|-status|p1a: Talonflame|par
|cant|p1a: Talonflame|par
|
|-heal|p2a: Thundurus|279\/299|[from] item: Leftovers
|turn|9
|
|move|p2a: Thundurus|Taunt|p1a: Talonflame
|-start|p1a: Talonflame|move: Taunt
|move|p1a: Talonflame|Brave Bird|p2a: Thundurus
|-resisted|p2a: Thundurus
|-damage|p2a: Thundurus|168\/299
|-damage|p1a: Talonflame|94\/299 par|[from] recoil|[of] p2a: Thundurus
|
|-heal|p2a: Thundurus|186\/299|[from] item: Leftovers
|turn|10
|
|move|p1a: Talonflame|Brave Bird|p2a: Thundurus
|-crit|p2a: Thundurus
|-resisted|p2a: Thundurus
|-damage|p2a: Thundurus|27\/299
|-damage|p1a: Talonflame|42\/299 par|[from] recoil|[of] p2a: Thundurus
|move|p2a: Thundurus|Volt Switch|p1a: Talonflame
|-supereffective|p1a: Talonflame
|-damage|p1a: Talonflame|0 fnt
|faint|p1a: Talonflame
|
|switch|p2a: Cobalion|Cobalion|48\/358
|-damage|p2a: Cobalion|37\/358|[from] Stealth Rock
|
|
|switch|p1a: Scizor|Scizor, M|281\/281
|turn|11
|
|detailschange|p1a: Scizor|Scizor-Mega, M
|-mega|p1a: Scizor|Scizor|Scizorite
|move|p2a: Cobalion|Taunt|p1a: Scizor
|-start|p1a: Scizor|move: Taunt
|cant|p1a: Scizor|move: Taunt|Swords Dance
|
|turn|12
|
|move|p1a: Scizor|Bullet Punch|p2a: Cobalion
|-resisted|p2a: Cobalion
|-damage|p2a: Cobalion|0 fnt
|faint|p2a: Cobalion
|
|
|switch|p2a: Landorus-Therian|Landorus-Therian, M|357\/381
|-damage|p2a: Landorus-Therian|310\/381|[from] Stealth Rock
|-ability|p2a: Landorus-Therian|Intimidate|[of] p1a: Scizor
|-unboost|p1a: Scizor|atk|1
|turn|13
|
|switch|p1a: Suicune|Suicune, shiny|404\/404
|-ability|p1a: Suicune|Pressure
|move|p2a: Landorus-Therian|Rock Tomb|p1a: Suicune
|-damage|p1a: Suicune|360\/404
|-unboost|p1a: Suicune|spe|1
|
|-heal|p2a: Landorus-Therian|333\/381|[from] item: Leftovers
|-heal|p1a: Suicune|385\/404|[from] item: Leftovers
|turn|14
|
|switch|p1a: Scizor|Scizor-Mega, M|281\/281
|move|p2a: Landorus-Therian|U-turn|p1a: Scizor
|-resisted|p1a: Scizor
|-damage|p1a: Scizor|253\/281
|
|switch|p2a: Manaphy|Manaphy, shiny|351\/351
|-damage|p2a: Manaphy|308\/351|[from] Stealth Rock
|
|-heal|p2a: Manaphy|329\/351|[from] item: Leftovers
|turn|15
|
|switch|p1a: Latios|Latios, M|301\/301
|move|p2a: Manaphy|Scald|p1a: Latios
|-resisted|p1a: Latios
|-damage|p1a: Latios|240\/301
|
|-heal|p2a: Manaphy|350\/351|[from] item: Leftovers
|turn|16
|
|switch|p2a: Thundurus|Thundurus, M|27\/299
|-damage|p2a: Thundurus|0 fnt|[from] Stealth Rock
|faint|p2a: Thundurus
|move|p1a: Latios|Psyshock|p2: Thundurus|[notarget]
|-notarget
|
|
|switch|p2a: Latios|Latios, M|301\/301
|-damage|p2a: Latios|264\/301|[from] Stealth Rock
|turn|17
|
|switch|p1a: Suicune|Suicune, shiny|385\/404
|-ability|p1a: Suicune|Pressure
|move|p2a: Latios|Draco Meteor|p1a: Suicune
|-damage|p1a: Suicune|187\/404
|-unboost|p2a: Latios|spa|2
|
|-heal|p1a: Suicune|212\/404|[from] item: Leftovers
|turn|18
|
|switch|p2a: Manaphy|Manaphy, shiny|350\/351
|-damage|p2a: Manaphy|307\/351|[from] Stealth Rock
|move|p1a: Suicune|Calm Mind|p1a: Suicune
|-boost|p1a: Suicune|spa|1
|-boost|p1a: Suicune|spd|1
|
|-heal|p2a: Manaphy|328\/351|[from] item: Leftovers
|-heal|p1a: Suicune|237\/404|[from] item: Leftovers
|turn|19
|
|move|p2a: Manaphy|Tail Glow|p2a: Manaphy
|-boost|p2a: Manaphy|spa|3
|move|p1a: Suicune|Calm Mind|p1a: Suicune
|-boost|p1a: Suicune|spa|1
|-boost|p1a: Suicune|spd|1
|
|-heal|p2a: Manaphy|349\/351|[from] item: Leftovers
|-heal|p1a: Suicune|262\/404|[from] item: Leftovers
|turn|20
|
|move|p2a: Manaphy|Tail Glow|p2a: Manaphy
|-boost|p2a: Manaphy|spa|3
|move|p1a: Suicune|Calm Mind|p1a: Suicune
|-boost|p1a: Suicune|spa|1
|-boost|p1a: Suicune|spd|1
|
|-heal|p2a: Manaphy|351\/351|[from] item: Leftovers
|-heal|p1a: Suicune|287\/404|[from] item: Leftovers
|turn|21
|c|âKarxrida|gg
|
|move|p2a: Manaphy|Energy Ball|p1a: Suicune
|-supereffective|p1a: Suicune
|-damage|p1a: Suicune|0 fnt
|faint|p1a: Suicune
|
|
|switch|p1a: Latios|Latios, M|240\/301
|turn|22
|
|move|p1a: Latios|Draco Meteor|p2a: Manaphy
|-crit|p2a: Manaphy
|-damage|p2a: Manaphy|0 fnt
|-unboost|p1a: Latios|spa|2
|-damage|p1a: Latios|210\/301|[from] item: Life Orb
|faint|p2a: Manaphy
|
|
|switch|p2a: Latios|Latios, M|264\/301
|-damage|p2a: Latios|227\/301|[from] Stealth Rock
|turn|23
|
|move|p2a: Latios|Draco Meteor|p1a: Latios
|-supereffective|p1a: Latios
|-damage|p1a: Latios|0 fnt
|-unboost|p2a: Latios|spa|2
|faint|p1a: Latios
|
|
|switch|p1a: Scizor|Scizor-Mega, M|253\/281
|turn|24
|
|switch|p2a: Landorus-Therian|Landorus-Therian, M|333\/381
|-damage|p2a: Landorus-Therian|286\/381|[from] Stealth Rock
|-ability|p2a: Landorus-Therian|Intimidate|[of] p1a: Scizor
|-unboost|p1a: Scizor|atk|1
|move|p1a: Scizor|Swords Dance|p1a: Scizor
|-boost|p1a: Scizor|atk|2
|
|-heal|p2a: Landorus-Therian|309\/381|[from] item: Leftovers
|turn|25
|
|move|p1a: Scizor|Swords Dance|p1a: Scizor
|-boost|p1a: Scizor|atk|2
|move|p2a: Landorus-Therian|Earthquake|p1a: Scizor
|-damage|p1a: Scizor|129\/281
|
|-heal|p2a: Landorus-Therian|332\/381|[from] item: Leftovers
|turn|26
|
|move|p1a: Scizor|Bullet Punch|p2a: Landorus-Therian
|-damage|p2a: Landorus-Therian|71\/381
|move|p2a: Landorus-Therian|Rock Tomb|p1a: Scizor
|-damage|p1a: Scizor|83\/281
|-unboost|p1a: Scizor|spe|1
|
|-heal|p2a: Landorus-Therian|94\/381|[from] item: Leftovers
|turn|27
|
|move|p1a: Scizor|Bullet Punch|p2a: Landorus-Therian
|-damage|p2a: Landorus-Therian|0 fnt
|faint|p2a: Landorus-Therian
|
|
|switch|p2a: Scizor|Scizor, M, shiny|291\/291
|-damage|p2a: Scizor|255\/291|[from] Stealth Rock
|turn|28
|
|detailschange|p2a: Scizor|Scizor-Mega, M, shiny
|-mega|p2a: Scizor|Scizor|Scizorite
|move|p2a: Scizor|Superpower|p1a: Scizor
|-damage|p1a: Scizor|0 fnt
|-unboost|p2a: Scizor|atk|1
|-unboost|p2a: Scizor|def|1
|faint|p1a: Scizor
|
|win|Karxrida
|raw|Ladder updating...
|raw|iDestructioNx's rating: 1403 &rarr; <strong>1382<\/strong><br \/>(-21 for losing)
|raw|Karxrida's rating: 1381 &rarr; <strong>1402<\/strong><br \/>(+21 for winning)
|c|âiDestructioNx|trashy ass
|c|âiDestructioNx|u suck
|c|âKarxrida|:P
|leave|iDestructioNx
|player|p1