|join|AAron 33
|join|5th
|player|p1|AAron 33|248
|player|p2|5th|52
|gametype|singles
|gen|6
|tier|ORAS OU
|rated
|rule|Sleep Clause Mod: Limit one foe put to sleep
|rule|Species Clause: Limit one of each PokÃ©mon
|rule|OHKO Clause: OHKO moves are banned
|rule|Moody Clause: Moody is banned
|rule|Evasion Moves Clause: Evasion moves are banned
|rule|Endless Battle Clause: Forcing endless battles is banned
|rule|HP Percentage Mod: HP is shown in percentages
|clearpoke
|poke|p1|Slowbro, M, shiny
|poke|p1|Conkeldurr, M
|poke|p1|Landorus-Therian, M
|poke|p1|Latios, M
|poke|p1|Ferrothorn, M
|poke|p1|Greninja, M, shiny
|poke|p2|Latias, F
|poke|p2|Empoleon, F
|poke|p2|Chesnaught, M
|poke|p2|Landorus-Therian, M
|poke|p2|Azumarill, F
|poke|p2|Rotom-Wash
|rule|Swagger Clause: Swagger is banned
|rule|Baton Pass Clause: Limit one PokÃ©mon knowing Baton Pass
|teampreview
|
|start
|switch|p1a: Ferrothorn|Ferrothorn, M|352\/352
|switch|p2a: Rotom-Wash|Rotom-Wash|303\/303
|turn|1
|
|move|p2a: Rotom-Wash|Will-O-Wisp|p1a: Ferrothorn
|-status|p1a: Ferrothorn|brn
|-enditem|p1a: Ferrothorn|Lum Berry|[eat]
|-curestatus|p1a: Ferrothorn|brn
|move|p1a: Ferrothorn|Power Whip|p2a: Rotom-Wash
|-supereffective|p2a: Rotom-Wash
|-damage|p2a: Rotom-Wash|63\/303
|
|-heal|p2a: Rotom-Wash|81\/303|[from] item: Leftovers
|turn|2
|
|move|p2a: Rotom-Wash|Volt Switch|p1a: Ferrothorn
|-resisted|p1a: Ferrothorn
|-damage|p1a: Ferrothorn|315\/352
|
|switch|p2a: Chesnaught|Chesnaught, M|380\/380
|move|p1a: Ferrothorn|Stealth Rock|p2a: Chesnaught
|-sidestart|p2: 5th|move: Stealth Rock
|
|turn|3
|
|switch|p1a: Landorus-Therian|Landorus-Therian, M|382\/382
|-ability|p1a: Landorus-Therian|Intimidate|[of] p2a: Chesnaught
|-unboost|p2a: Chesnaught|atk|1
|move|p2a: Chesnaught|Leech Seed|p1a: Landorus-Therian|[miss]
|-miss|p2a: Chesnaught|p1a: Landorus-Therian
|
|turn|4
|
|move|p2a: Chesnaught|Spiky Shield|p2a: Chesnaught
|-singleturn|p2a: Chesnaught|move: Protect
|move|p1a: Landorus-Therian|Knock Off|p2a: Chesnaught
|-activate|p2a: Chesnaught|move: Protect
|-damage|p1a: Landorus-Therian|335\/382|[from] Spiky Shield|[of] p2a: Chesnaught
|
|turn|5
|
|move|p1a: Landorus-Therian|Knock Off|p2a: Chesnaught
|-resisted|p2a: Chesnaught
|-damage|p2a: Chesnaught|339\/380
|-enditem|p2a: Chesnaught|Leftovers|[from] move: Knock Off|[of] p1a: Landorus-Therian
|move|p2a: Chesnaught|Leech Seed|p1a: Landorus-Therian
|-start|p1a: Landorus-Therian|move: Leech Seed
|
|-damage|p1a: Landorus-Therian|288\/382|[from] Leech Seed|[of] p2a: Chesnaught
|-heal|p2a: Chesnaught|380\/380|[silent]
|turn|6
|
|move|p1a: Landorus-Therian|U-turn|p2a: Chesnaught
|-damage|p2a: Chesnaught|317\/380
|
|switch|p1a: Ferrothorn|Ferrothorn, M|315\/352
|move|p2a: Chesnaught|Leech Seed|p1a: Ferrothorn
|-immune|p1a: Ferrothorn|[msg]
|
|turn|7
|
|move|p2a: Chesnaught|Spikes|p1a: Ferrothorn
|-sidestart|p1: AAron 33|Spikes
|move|p1a: Ferrothorn|Leech Seed|p2a: Chesnaught
|-immune|p2a: Chesnaught|[msg]
|
|turn|8
|
|switch|p1a: Latios|Latios, M|302\/302
|move|p2a: Chesnaught|Leech Seed|p1a: Latios
|-start|p1a: Latios|move: Leech Seed
|
|-damage|p1a: Latios|265\/302|[from] Leech Seed|[of] p2a: Chesnaught
|-heal|p2a: Chesnaught|354\/380|[silent]
|turn|9
|
|move|p2a: Chesnaught|Spiky Shield|p2a: Chesnaught
|-singleturn|p2a: Chesnaught|move: Protect
|move|p1a: Latios|Defog|p2a: Chesnaught
|-activate|p2a: Chesnaught|move: Protect
|
|-damage|p1a: Latios|228\/302|[from] Leech Seed|[of] p2a: Chesnaught
|-heal|p2a: Chesnaught|380\/380|[silent]
|turn|10
|
|switch|p2a: Empoleon|Empoleon, F|371\/371
|-damage|p2a: Empoleon|348\/371|[from] Stealth Rock
|move|p1a: Latios|Psyshock|p2a: Empoleon
|-resisted|p2a: Empoleon
|-damage|p2a: Empoleon|240\/371
|-damage|p1a: Latios|198\/302|[from] item: Life Orb
|
|-heal|p2a: Empoleon|263\/371|[from] item: Leftovers
|-damage|p1a: Latios|161\/302|[from] Leech Seed|[of] p2a: Empoleon
|-heal|p2a: Empoleon|300\/371|[silent]
|turn|11
|
|move|p1a: Latios|Defog|p2a: Empoleon
|-unboost|p2a: Empoleon|evasion|1
|-sideend|p2: 5th|Stealth Rock|[from] move: Defog|[of] p2a: Empoleon
|-sideend|p1: AAron 33|Spikes|[from] move: Defog|[of] p1a: Latios
|move|p2a: Empoleon|Stealth Rock|p1a: Latios
|-sidestart|p1: AAron 33|move: Stealth Rock
|
|-heal|p2a: Empoleon|323\/371|[from] item: Leftovers
|-damage|p1a: Latios|124\/302|[from] Leech Seed|[of] p2a: Empoleon
|-heal|p2a: Empoleon|360\/371|[silent]
|turn|12
|
|switch|p1a: Conkeldurr|Conkeldurr, M|414\/414
|-damage|p1a: Conkeldurr|389\/414|[from] Stealth Rock
|move|p2a: Empoleon|Scald|p1a: Conkeldurr
|-damage|p1a: Conkeldurr|286\/414
|
|-heal|p2a: Empoleon|371\/371|[from] item: Leftovers
|turn|13
|
|switch|p2a: Chesnaught|Chesnaught, M|380\/380
|move|p1a: Conkeldurr|Drain Punch|p2a: Chesnaught
|-damage|p2a: Chesnaught|278\/380
|-heal|p1a: Conkeldurr|337\/414|[from] drain|[of] p2a: Chesnaught
|
|turn|14
|
|move|p2a: Chesnaught|Leech Seed|p1a: Conkeldurr
|-start|p1a: Conkeldurr|move: Leech Seed
|move|p1a: Conkeldurr|Poison Jab|p2a: Chesnaught
|-supereffective|p2a: Chesnaught
|-damage|p2a: Chesnaught|146\/380
|
|-damage|p1a: Conkeldurr|286\/414|[from] Leech Seed|[of] p2a: Chesnaught
|-heal|p2a: Chesnaught|197\/380|[silent]
|turn|15
|
|switch|p1a: Latios|Latios, M|124\/302
|-damage|p1a: Latios|87\/302|[from] Stealth Rock
|move|p2a: Chesnaught|Spiky Shield|p2a: Chesnaught
|-fail|p2a: Chesnaught
|
|turn|16
|
|move|p1a: Latios|Draco Meteor|p2a: Chesnaught|[miss]
|-miss|p1a: Latios|p2a: Chesnaught
|move|p2a: Chesnaught|Leech Seed|p1a: Latios
|-start|p1a: Latios|move: Leech Seed
|
|-damage|p1a: Latios|50\/302|[from] Leech Seed|[of] p2a: Chesnaught
|-heal|p2a: Chesnaught|234\/380|[silent]
|turn|17
|
|move|p2a: Chesnaught|Spiky Shield|p2a: Chesnaught
|-singleturn|p2a: Chesnaught|move: Protect
|move|p1a: Latios|Defog|p2a: Chesnaught
|-activate|p2a: Chesnaught|move: Protect
|
|-damage|p1a: Latios|13\/302|[from] Leech Seed|[of] p2a: Chesnaught
|-heal|p2a: Chesnaught|271\/380|[silent]
|turn|18
|
|switch|p2a: Empoleon|Empoleon, F|371\/371
|move|p1a: Latios|Draco Meteor|p2a: Empoleon
|-resisted|p2a: Empoleon
|-damage|p2a: Empoleon|266\/371
|-unboost|p1a: Latios|spa|2
|-damage|p1a: Latios|0 fnt|[from] item: Life Orb
|faint|p1a: Latios
|
|-heal|p2a: Empoleon|289\/371|[from] item: Leftovers
|
|switch|p1a: Conkeldurr|Conkeldurr, M|286\/414
|-damage|p1a: Conkeldurr|261\/414|[from] Stealth Rock
|turn|19
|
|switch|p2a: Landorus-Therian|Landorus-Therian, M|319\/319
|-ability|p2a: Landorus-Therian|Intimidate|[of] p1a: Conkeldurr
|-unboost|p1a: Conkeldurr|atk|1
|move|p1a: Conkeldurr|Drain Punch|p2a: Landorus-Therian
|-resisted|p2a: Landorus-Therian
|-damage|p2a: Landorus-Therian|268\/319
|-heal|p1a: Conkeldurr|287\/414|[from] drain|[of] p2a: Landorus-Therian
|
|turn|20
|join|LoganUnderFire
|
|move|p2a: Landorus-Therian|U-turn|p1a: Conkeldurr
|-resisted|p1a: Conkeldurr
|-damage|p1a: Conkeldurr|241\/414
|
|switch|p2a: Chesnaught|Chesnaught, M|271\/380
|move|p1a: Conkeldurr|Ice Punch|p2a: Chesnaught
|-supereffective|p2a: Chesnaught
|-damage|p2a: Chesnaught|183\/380
|
|turn|21
|
|move|p2a: Chesnaught|Spiky Shield|p2a: Chesnaught
|-singleturn|p2a: Chesnaught|move: Protect
|move|p1a: Conkeldurr|Poison Jab|p2a: Chesnaught
|-activate|p2a: Chesnaught|move: Protect
|-damage|p1a: Conkeldurr|190\/414|[from] Spiky Shield|[of] p2a: Chesnaught
|
|turn|22
|
|switch|p2a: Landorus-Therian|Landorus-Therian, M|268\/319
|-ability|p2a: Landorus-Therian|Intimidate|[of] p1a: Conkeldurr
|-unboost|p1a: Conkeldurr|atk|1
|switch|p1a: Ferrothorn|Ferrothorn, M|315\/352
|-damage|p1a: Ferrothorn|293\/352|[from] Stealth Rock
|
|turn|23
|
|move|p2a: Landorus-Therian|U-turn|p1a: Ferrothorn
|-damage|p1a: Ferrothorn|218\/352
|-damage|p2a: Landorus-Therian|229\/319|[from] ability: Iron Barbs|[of] p1a: Ferrothorn
|
|switch|p2a: Chesnaught|Chesnaught, M|183\/380
|move|p1a: Ferrothorn|Leech Seed|p2a: Chesnaught
|-immune|p2a: Chesnaught|[msg]
|
|turn|24
|
|switch|p1a: Greninja|Greninja, M, shiny|285\/285
|-damage|p1a: Greninja|250\/285|[from] Stealth Rock
|move|p2a: Chesnaught|Leech Seed|p1a: Greninja|[miss]
|-miss|p2a: Chesnaught|p1a: Greninja
|
|turn|25
|
|switch|p2a: Empoleon|Empoleon, F|289\/371
|move|p1a: Greninja|Ice Beam|p2a: Empoleon
|-start|p1a: Greninja|typechange|Ice|[from] Protean
|-resisted|p2a: Empoleon
|-damage|p2a: Empoleon|266\/371
|
|-heal|p2a: Empoleon|289\/371|[from] item: Leftovers
|turn|26
|
|switch|p1a: Conkeldurr|Conkeldurr, M|190\/414
|-damage|p1a: Conkeldurr|165\/414|[from] Stealth Rock
|move|p2a: Empoleon|Scald|p1a: Conkeldurr
|-damage|p1a: Conkeldurr|63\/414
|
|-heal|p2a: Empoleon|312\/371|[from] item: Leftovers
|turn|27
|
|move|p1a: Conkeldurr|Mach Punch|p2a: Empoleon
|-supereffective|p2a: Empoleon
|-damage|p2a: Empoleon|114\/371
|move|p2a: Empoleon|Scald|p1a: Conkeldurr
|-damage|p1a: Conkeldurr|0 fnt
|faint|p1a: Conkeldurr
|
|-heal|p2a: Empoleon|137\/371|[from] item: Leftovers
|
|switch|p1a: Landorus-Therian|Landorus-Therian, M|288\/382
|-damage|p1a: Landorus-Therian|241\/382|[from] Stealth Rock
|-ability|p1a: Landorus-Therian|Intimidate|[of] p2a: Empoleon
|-unboost|p2a: Empoleon|atk|1
|turn|28
|
|switch|p2a: Chesnaught|Chesnaught, M|183\/380
|move|p1a: Landorus-Therian|Knock Off|p2a: Chesnaught
|-resisted|p2a: Chesnaught
|-damage|p2a: Chesnaught|155\/380
|
|turn|29
|
|move|p1a: Landorus-Therian|U-turn|p2a: Chesnaught
|-damage|p2a: Chesnaught|96\/380
|
|switch|p1a: Greninja|Greninja, M, shiny|250\/285
|-damage|p1a: Greninja|215\/285|[from] Stealth Rock
|move|p2a: Chesnaught|Leech Seed|p1a: Greninja
|-start|p1a: Greninja|move: Leech Seed
|
|-damage|p1a: Greninja|180\/285|[from] Leech Seed|[of] p2a: Chesnaught
|-heal|p2a: Chesnaught|131\/380|[silent]
|turn|30
|
|move|p2a: Chesnaught|Spiky Shield|p2a: Chesnaught
|-singleturn|p2a: Chesnaught|move: Protect
|move|p1a: Greninja|Ice Beam|p2a: Chesnaught
|-start|p1a: Greninja|typechange|Ice|[from] Protean
|-activate|p2a: Chesnaught|move: Protect
|
|-damage|p1a: Greninja|145\/285|[from] Leech Seed|[of] p2a: Chesnaught
|-heal|p2a: Chesnaught|166\/380|[silent]
|turn|31
|
|switch|p1a: Landorus-Therian|Landorus-Therian, M|241\/382
|-damage|p1a: Landorus-Therian|194\/382|[from] Stealth Rock
|-ability|p1a: Landorus-Therian|Intimidate|[of] p2a: Chesnaught
|-unboost|p2a: Chesnaught|atk|1
|switch|p2a: Empoleon|Empoleon, F|137\/371
|
|-heal|p2a: Empoleon|160\/371|[from] item: Leftovers
|turn|32
|
|switch|p2a: Chesnaught|Chesnaught, M|166\/380
|move|p1a: Landorus-Therian|Earthquake|p2a: Chesnaught
|-resisted|p2a: Chesnaught
|-damage|p2a: Chesnaught|95\/380
|
|turn|33
|
|move|p2a: Chesnaught|Spiky Shield|p2a: Chesnaught
|-singleturn|p2a: Chesnaught|move: Protect
|move|p1a: Landorus-Therian|U-turn|p2a: Chesnaught
|-activate|p2a: Chesnaught|move: Protect
|-damage|p1a: Landorus-Therian|147\/382|[from] Spiky Shield|[of] p2a: Chesnaught
|
|turn|34
|
|move|p1a: Landorus-Therian|Earthquake|p2a: Chesnaught
|-resisted|p2a: Chesnaught
|-damage|p2a: Chesnaught|23\/380
|move|p2a: Chesnaught|Drain Punch|p1a: Landorus-Therian
|-crit|p1a: Landorus-Therian
|-resisted|p1a: Landorus-Therian
|-damage|p1a: Landorus-Therian|76\/382
|-heal|p2a: Chesnaught|59\/380|[from] drain|[of] p1a: Landorus-Therian
|
|turn|35
|
|switch|p2a: Landorus-Therian|Landorus-Therian, M|229\/319
|-ability|p2a: Landorus-Therian|Intimidate|[of] p1a: Landorus-Therian
|-unboost|p1a: Landorus-Therian|atk|1
|move|p1a: Landorus-Therian|U-turn|p2a: Landorus-Therian
|-resisted|p2a: Landorus-Therian
|-damage|p2a: Landorus-Therian|194\/319
|
|switch|p1a: Slowbro|Slowbro, M, shiny|394\/394
|-damage|p1a: Slowbro|345\/394|[from] Stealth Rock
|
|turn|36
|
|detailschange|p1a: Slowbro|Slowbro-Mega, M, shiny
|message|Slowbro has Mega Evolved into Mega Slowbro!
|move|p2a: Landorus-Therian|U-turn|p1a: Slowbro
|-supereffective|p1a: Slowbro
|-damage|p1a: Slowbro|263\/394
|
|switch|p2a: Chesnaught|Chesnaught, M|59\/380
|move|p1a: Slowbro|Scald|p2a: Chesnaught
|-resisted|p2a: Chesnaught
|-damage|p2a: Chesnaught|0 fnt
|faint|p2a: Chesnaught
|
|
|switch|p2a: Rotom-Wash|Rotom-Wash|81\/303
|turn|37
|
|switch|p1a: Landorus-Therian|Landorus-Therian, M|76\/382
|-damage|p1a: Landorus-Therian|29\/382|[from] Stealth Rock
|-ability|p1a: Landorus-Therian|Intimidate|[of] p2a: Rotom-Wash
|-unboost|p2a: Rotom-Wash|atk|1
|move|p2a: Rotom-Wash|Will-O-Wisp|p1a: Landorus-Therian|[miss]
|-miss|p2a: Rotom-Wash|p1a: Landorus-Therian
|
|-heal|p2a: Rotom-Wash|99\/303|[from] item: Leftovers
|turn|38
|
|switch|p2a: Azumarill|Azumarill, F|403\/403
|move|p1a: Landorus-Therian|Knock Off|p2a: Azumarill
|-crit|p2a: Azumarill
|-resisted|p2a: Azumarill
|-damage|p2a: Azumarill|288\/403
|-enditem|p2a: Azumarill|Choice Band|[from] move: Knock Off|[of] p1a: Landorus-Therian
|
|turn|39
|
|move|p2a: Azumarill|Aqua Jet|p1a: Landorus-Therian
|-supereffective|p1a: Landorus-Therian
|-damage|p1a: Landorus-Therian|0 fnt
|faint|p1a: Landorus-Therian
|
|
|switch|p1a: Ferrothorn|Ferrothorn, M|218\/352
|-damage|p1a: Ferrothorn|196\/352|[from] Stealth Rock
|turn|40
|
|move|p2a: Azumarill|Superpower|p1a: Ferrothorn
|-supereffective|p1a: Ferrothorn
|-damage|p1a: Ferrothorn|0 fnt
|-damage|p2a: Azumarill|238\/403|[from] ability: Iron Barbs|[of] p1a: Ferrothorn
|-unboost|p2a: Azumarill|atk|1
|-unboost|p2a: Azumarill|def|1
|faint|p1a: Ferrothorn
|
|
|switch|p1a: Slowbro|Slowbro-Mega, M, shiny|263\/394
|-damage|p1a: Slowbro|214\/394|[from] Stealth Rock
|turn|41
|
|switch|p2a: Rotom-Wash|Rotom-Wash|99\/303
|move|p1a: Slowbro|Calm Mind|p1a: Slowbro
|-boost|p1a: Slowbro|spa|1
|-boost|p1a: Slowbro|spd|1
|
|-heal|p2a: Rotom-Wash|117\/303|[from] item: Leftovers
|turn|42
|
|move|p2a: Rotom-Wash|Volt Switch|p1a: Slowbro
|-supereffective|p1a: Slowbro
|-damage|p1a: Slowbro|70\/394
|
|switch|p2a: Empoleon|Empoleon, F|160\/371
|move|p1a: Slowbro|Rest|p1a: Slowbro
|-status|p1a: Slowbro|slp
|-heal|p1a: Slowbro|394\/394 slp|[silent]
|-status|p1a: Slowbro|slp|[from] move: Rest
|
|-heal|p2a: Empoleon|183\/371|[from] item: Leftovers
|turn|43
|
|cant|p1a: Slowbro|slp
|move|p1a: Slowbro|Sleep Talk|p1a: Slowbro
|move|p1a: Slowbro|Calm Mind|p1a: Slowbro|[from]Sleep Talk
|-boost|p1a: Slowbro|spa|1
|-boost|p1a: Slowbro|spd|1
|move|p2a: Empoleon|Roar|p1a: Slowbro
|drag|p1a: Greninja|Greninja, M, shiny|145\/285
|-damage|p1a: Greninja|110\/285|[from] Stealth Rock
|
|-heal|p2a: Empoleon|206\/371|[from] item: Leftovers
|turn|44
|
|switch|p2a: Azumarill|Azumarill, F|238\/403
|move|p1a: Greninja|Dark Pulse|p2a: Azumarill
|-start|p1a: Greninja|typechange|Dark|[from] Protean
|-resisted|p2a: Azumarill
|-damage|p2a: Azumarill|164\/403
|
|turn|45
|
|move|p2a: Azumarill|Aqua Jet|p1a: Greninja
|-damage|p1a: Greninja|0 fnt
|faint|p1a: Greninja
|
|
|switch|p1a: Slowbro|Slowbro-Mega, M, shiny|394\/394 slp
|-damage|p1a: Slowbro|345\/394 slp|[from] Stealth Rock
|turn|46
|
|switch|p2a: Latias|Latias, F|363\/363
|cant|p1a: Slowbro|slp
|move|p1a: Slowbro|Sleep Talk|p1a: Slowbro
|move|p1a: Slowbro|Rest|p1a: Slowbro|[from]Sleep Talk
|-fail|p1a: Slowbro
|
|turn|47
|
|detailschange|p2a: Latias|Latias-Mega, F
|message|Latias has Mega Evolved into Mega Latias!
|move|p2a: Latias|Substitute|p2a: Latias
|-start|p2a: Latias|Substitute
|-damage|p2a: Latias|273\/363
|-curestatus|p1a: Slowbro|slp
|move|p1a: Slowbro|Calm Mind|p1a: Slowbro
|-boost|p1a: Slowbro|spa|1
|-boost|p1a: Slowbro|spd|1
|
|turn|48
|
|move|p2a: Latias|Calm Mind|p2a: Latias
|-boost|p2a: Latias|spa|1
|-boost|p2a: Latias|spd|1
|move|p1a: Slowbro|Scald|p2a: Latias
|-resisted|p2a: Latias
|-activate|p2a: Latias|Substitute|[damage]
|
|turn|49
|
|move|p2a: Latias|Calm Mind|p2a: Latias
|-boost|p2a: Latias|spa|1
|-boost|p2a: Latias|spd|1
|move|p1a: Slowbro|Scald|p2a: Latias
|-crit|p2a: Latias
|-resisted|p2a: Latias
|-end|p2a: Latias|Substitute
|
|turn|50
|
|move|p2a: Latias|Substitute|p2a: Latias
|-start|p2a: Latias|Substitute
|-damage|p2a: Latias|183\/363
|move|p1a: Slowbro|Scald|p2a: Latias
|-resisted|p2a: Latias
|-activate|p2a: Latias|Substitute|[damage]
|
|turn|51
|
|move|p2a: Latias|Calm Mind|p2a: Latias
|-boost|p2a: Latias|spa|1
|-boost|p2a: Latias|spd|1
|move|p1a: Slowbro|Calm Mind|p1a: Slowbro
|-boost|p1a: Slowbro|spa|1
|-boost|p1a: Slowbro|spd|1
|
|turn|52
|
|move|p2a: Latias|Calm Mind|p2a: Latias
|-boost|p2a: Latias|spa|1
|-boost|p2a: Latias|spd|1
|move|p1a: Slowbro|Calm Mind|p1a: Slowbro
|-boost|p1a: Slowbro|spa|1
|-boost|p1a: Slowbro|spd|1
|
|turn|53
|
|move|p2a: Latias|Calm Mind|p2a: Latias
|-boost|p2a: Latias|spa|1
|-boost|p2a: Latias|spd|1
|move|p1a: Slowbro|Calm Mind|p1a: Slowbro
|-boost|p1a: Slowbro|spa|1
|-boost|p1a: Slowbro|spd|1
|
|turn|54
|
|move|p2a: Latias|Calm Mind|p2a: Latias
|-boost|p2a: Latias|spa|1
|-boost|p2a: Latias|spd|1
|move|p1a: Slowbro|Calm Mind|p1a: Slowbro
|-boost|p1a: Slowbro|spa|1
|-boost|p1a: Slowbro|spd|1
|
|turn|55
|
|move|p2a: Latias|Stored Power|p1a: Slowbro
|-resisted|p1a: Slowbro
|-damage|p1a: Slowbro|61\/394
|move|p1a: Slowbro|Calm Mind|p1a: Slowbro
|-boost|p1a: Slowbro|spa|1
|-boost|p1a: Slowbro|spd|1
|
|turn|56
|c|âAAron 33|gg
|c|â5th|gg
|
|move|p2a: Latias|Stored Power|p1a: Slowbro
|-resisted|p1a: Slowbro
|-damage|p1a: Slowbro|0 fnt
|faint|p1a: Slowbro
|
|win|5th
|raw|Ladder updating...
|leave|AAron 33
|player|p1
|raw|Ladder (probably) updated, but score could not be retrieved (timeout).
|raw|Ladder (probably) updated, but score could not be retrieved (Error: socket hang up).
|leave|LoganUnderFire
|join|LoganUnderFire
|leave|LoganUnderFire