|join|Timid Metagross
|join|5th
|player|p1|Timid Metagross|162
|player|p2|5th|20
|gametype|singles
|gen|6
|tier|OU
|clearpoke
|poke|p1|Diancie
|poke|p1|Magnezone
|poke|p1|Slowbro, F
|poke|p1|Porygon2
|poke|p1|Landorus-Therian, M
|poke|p1|Celebi
|poke|p2|Metagross
|poke|p2|Rotom-Wash
|poke|p2|Ferrothorn, M
|poke|p2|Landorus-Therian, M
|poke|p2|Keldeo
|poke|p2|Latias, F
|rule|Swagger Clause: Swagger is banned
|rule|Baton Pass Clause: Limit one PokÃ©mon knowing Baton Pass
|rule|Sleep Clause Mod: Limit one foe put to sleep
|rule|Species Clause: Limit one of each PokÃ©mon
|rule|OHKO Clause: OHKO moves are banned
|rule|Moody Clause: Moody is banned
|rule|Evasion Moves Clause: Evasion moves are banned
|rule|Endless Battle Clause: Forcing endless battles is banned
|rule|HP Percentage Mod: HP is shown in percentages
|teampreview
|c|â5th|glhf
|join|riraiteu
|c|âTimid Metagross|you too
|
|start
|switch|p1a: Landorus-Therian|Landorus-Therian, M|319\/319
|switch|p2a: Keldeo|Keldeo|323\/323
|-ability|p1a: Landorus-Therian|Intimidate|[of] p2a: Keldeo
|-unboost|p2a: Keldeo|atk|1
|turn|1
|
|move|p1a: Landorus-Therian|U-turn|p2a: Keldeo
|-resisted|p2a: Keldeo
|-damage|p2a: Keldeo|271\/323
|
|switch|p1a: Porygon2|Porygon2|373\/373
|-ability|p1a: Porygon2|Justified|[from] ability: Trace|[of] p2a: Keldeo
|move|p2a: Keldeo|Scald|p1a: Porygon2
|-damage|p1a: Porygon2|298\/373
|
|-heal|p2a: Keldeo|291\/323|[from] item: Leftovers
|turn|2
|
|move|p2a: Keldeo|Substitute|p2a: Keldeo
|-start|p2a: Keldeo|Substitute
|-damage|p2a: Keldeo|211\/323
|move|p1a: Porygon2|Thunderbolt|p2a: Keldeo
|-supereffective|p2a: Keldeo
|-end|p2a: Keldeo|Substitute
|
|-heal|p2a: Keldeo|231\/323|[from] item: Leftovers
|turn|3
|
|switch|p2a: Rotom-Wash|Rotom-Wash|303\/303
|move|p1a: Porygon2|Thunderbolt|p2a: Rotom-Wash
|-damage|p2a: Rotom-Wash|233\/303
|
|-heal|p2a: Rotom-Wash|251\/303|[from] item: Leftovers
|turn|4
|
|move|p2a: Rotom-Wash|Volt Switch|p1a: Porygon2
|-damage|p1a: Porygon2|253\/373
|
|switch|p2a: Ferrothorn|Ferrothorn, M|352\/352
|move|p1a: Porygon2|Toxic|p2a: Ferrothorn
|-fail|p2a: Ferrothorn
|
|turn|5
|
|switch|p1a: Magnezone|Magnezone|281\/281
|switch|p2a: Rotom-Wash|Rotom-Wash|251\/303
|
|-heal|p2a: Rotom-Wash|269\/303|[from] item: Leftovers
|turn|6
|
|move|p1a: Magnezone|Hidden Power|p2a: Rotom-Wash
|-resisted|p2a: Rotom-Wash
|-damage|p2a: Rotom-Wash|233\/303
|move|p2a: Rotom-Wash|Will-O-Wisp|p1a: Magnezone
|-status|p1a: Magnezone|brn
|
|-heal|p2a: Rotom-Wash|251\/303|[from] item: Leftovers
|-damage|p1a: Magnezone|246\/281 brn|[from] brn
|turn|7
|
|switch|p1a: Porygon2|Porygon2|253\/373
|-ability|p1a: Porygon2|Levitate|[from] ability: Trace|[of] p2a: Rotom-Wash
|move|p2a: Rotom-Wash|Volt Switch|p1a: Porygon2
|-damage|p1a: Porygon2|207\/373
|
|switch|p2a: Keldeo|Keldeo|231\/323
|
|-heal|p2a: Keldeo|251\/323|[from] item: Leftovers
|turn|8
|
|switch|p2a: Rotom-Wash|Rotom-Wash|251\/303
|switch|p1a: Slowbro|Slowbro, F|394\/394
|
|-heal|p2a: Rotom-Wash|269\/303|[from] item: Leftovers
|turn|9
|
|switch|p1a: Landorus-Therian|Landorus-Therian, M|319\/319
|-ability|p1a: Landorus-Therian|Intimidate|[of] p2a: Rotom-Wash
|-unboost|p2a: Rotom-Wash|atk|1
|move|p2a: Rotom-Wash|Volt Switch|p1a: Landorus-Therian
|-immune|p1a: Landorus-Therian|[msg]
|
|-heal|p2a: Rotom-Wash|287\/303|[from] item: Leftovers
|turn|10
|
|move|p1a: Landorus-Therian|U-turn|p2a: Rotom-Wash
|-damage|p2a: Rotom-Wash|223\/303
|
|switch|p1a: Magnezone|Magnezone|246\/281 brn
|move|p2a: Rotom-Wash|Will-O-Wisp|p1a: Magnezone
|-fail|p1a: Magnezone|brn
|
|-heal|p2a: Rotom-Wash|241\/303|[from] item: Leftovers
|-damage|p1a: Magnezone|211\/281 brn|[from] brn
|turn|11
|
|switch|p2a: Landorus-Therian|Landorus-Therian, M|319\/319
|-ability|p2a: Landorus-Therian|Intimidate|[of] p1a: Magnezone
|-unboost|p1a: Magnezone|atk|1
|move|p1a: Magnezone|Thunderbolt|p2a: Landorus-Therian
|-immune|p2a: Landorus-Therian|[msg]
|
|-damage|p1a: Magnezone|176\/281 brn|[from] brn
|turn|12
|
|switch|p1a: Slowbro|Slowbro, F|394\/394
|move|p2a: Landorus-Therian|U-turn|p1a: Slowbro
|-supereffective|p1a: Slowbro
|-damage|p1a: Slowbro|278\/394
|
|switch|p2a: Rotom-Wash|Rotom-Wash|241\/303
|
|-heal|p2a: Rotom-Wash|259\/303|[from] item: Leftovers
|-heal|p1a: Slowbro|302\/394|[from] item: Leftovers
|turn|13
|
|switch|p1a: Landorus-Therian|Landorus-Therian, M|319\/319
|-ability|p1a: Landorus-Therian|Intimidate|[of] p2a: Rotom-Wash
|-unboost|p2a: Rotom-Wash|atk|1
|move|p2a: Rotom-Wash|Volt Switch|p1a: Landorus-Therian
|-immune|p1a: Landorus-Therian|[msg]
|
|-heal|p2a: Rotom-Wash|277\/303|[from] item: Leftovers
|turn|14
|
|move|p1a: Landorus-Therian|Rock Slide|p2a: Rotom-Wash
|-damage|p2a: Rotom-Wash|210\/303
|cant|p2a: Rotom-Wash|flinch
|
|-heal|p2a: Rotom-Wash|228\/303|[from] item: Leftovers
|turn|15
|join|AnusFetus
|
|move|p1a: Landorus-Therian|Rock Slide|p2a: Rotom-Wash
|-miss|p1a: Landorus-Therian|p2a: Rotom-Wash
|move|p2a: Rotom-Wash|Hydro Pump|p1a: Landorus-Therian
|-supereffective|p1a: Landorus-Therian
|-damage|p1a: Landorus-Therian|0 fnt
|faint|p1a: Landorus-Therian
|
|-heal|p2a: Rotom-Wash|246\/303|[from] item: Leftovers
|leave|AnusFetus
|
|switch|p1a: Porygon2|Porygon2|207\/373
|-ability|p1a: Porygon2|Levitate|[from] ability: Trace|[of] p2a: Rotom-Wash
|turn|16
|
|move|p2a: Rotom-Wash|Will-O-Wisp|p1a: Porygon2
|-status|p1a: Porygon2|brn
|move|p1a: Porygon2|Recover|p1a: Porygon2
|-heal|p1a: Porygon2|373\/373 brn
|
|-heal|p2a: Rotom-Wash|264\/303|[from] item: Leftovers
|-damage|p1a: Porygon2|327\/373 brn|[from] brn
|turn|17
|
|move|p2a: Rotom-Wash|Volt Switch|p1a: Porygon2
|-damage|p1a: Porygon2|282\/373 brn
|
|switch|p2a: Metagross|Metagross|301\/301
|move|p1a: Porygon2|Tri Attack|p2a: Metagross
|-resisted|p2a: Metagross
|-damage|p2a: Metagross|248\/301
|
|-damage|p1a: Porygon2|236\/373 brn|[from] brn
|turn|18
|join|AnusFetus
|join|mudkipz9001
|
|switch|p1a: Slowbro|Slowbro, F|394\/394
|detailschange|p2a: Metagross|Metagross-Mega
|-mega|p2a: Metagross|Metagross|Metagrossite
|move|p2a: Metagross|Meteor Mash|p1a: Slowbro
|-resisted|p1a: Slowbro
|-damage|p1a: Slowbro|317\/394
|
|-heal|p1a: Slowbro|341\/394|[from] item: Leftovers
|turn|19
|join|LetTherebePizza
|
|switch|p2a: Rotom-Wash|Rotom-Wash|264\/303
|move|p1a: Slowbro|Iron Defense|p1a: Slowbro
|-boost|p1a: Slowbro|def|2
|
|-heal|p2a: Rotom-Wash|282\/303|[from] item: Leftovers
|-heal|p1a: Slowbro|365\/394|[from] item: Leftovers
|turn|20
|
|move|p2a: Rotom-Wash|Will-O-Wisp|p1a: Slowbro
|-status|p1a: Slowbro|brn
|move|p1a: Slowbro|Slack Off|p1a: Slowbro
|-heal|p1a: Slowbro|394\/394 brn
|
|-heal|p2a: Rotom-Wash|300\/303|[from] item: Leftovers
|-damage|p1a: Slowbro|345\/394 brn|[from] brn
|turn|21
|join|EternusDraco
|
|move|p2a: Rotom-Wash|Volt Switch|p1a: Slowbro
|-supereffective|p1a: Slowbro
|-damage|p1a: Slowbro|127\/394 brn
|
|switch|p2a: Latias|Latias, F|301\/301
|move|p1a: Slowbro|Calm Mind|p1a: Slowbro
|-boost|p1a: Slowbro|spa|1
|-boost|p1a: Slowbro|spd|1
|
|-heal|p1a: Slowbro|151\/394 brn|[from] item: Leftovers
|-damage|p1a: Slowbro|102\/394 brn|[from] brn
|turn|22
|leave|LetTherebePizza
|
|switch|p1a: Diancie|Diancie|241\/241
|move|p2a: Latias|Draco Meteor|p1a: Diancie
|-immune|p1a: Diancie|[msg]
|
|turn|23
|join|K4KASH1
|c| K4KASH1|fo my money timid gonna lose
|
|switch|p2a: Ferrothorn|Ferrothorn, M|352\/352
|detailschange|p1a: Diancie|Diancie-Mega
|-mega|p1a: Diancie|Diancie|Diancite
|move|p1a: Diancie|Rock Polish|p1a: Diancie
|-boost|p1a: Diancie|spe|2
|
|turn|24
|join|Ghostfear
|c| K4KASH1|nikka action
|c| K4KASH1|I want the action
|
|move|p1a: Diancie|Earth Power|p2a: Ferrothorn
|-damage|p2a: Ferrothorn|264\/352
|move|p2a: Ferrothorn|Gyro Ball|p1a: Diancie
|-supereffective|p1a: Diancie
|-damage|p1a: Diancie|0 fnt
|faint|p1a: Diancie
|
|-heal|p2a: Ferrothorn|286\/352|[from] item: Leftovers
|c| K4KASH1|SWAG
|leave|EternusDraco
|c| K4KASH1|5th can easily body this nikka if he really want to
|c| Ghostfear|oh ok
|
|switch|p1a: Magnezone|Magnezone|176\/281 brn
|turn|25
|c| Ghostfear|scouting out the item
|
|move|p2a: Ferrothorn|Protect|p2a: Ferrothorn
|-singleturn|p2a: Ferrothorn|Protect
|move|p1a: Magnezone|Hidden Power|p2a: Ferrothorn
|-activate|p2a: Ferrothorn|Protect
|
|-heal|p2a: Ferrothorn|308\/352|[from] item: Leftovers
|-damage|p1a: Magnezone|141\/281 brn|[from] brn
|turn|26
|
|move|p1a: Magnezone|Hidden Power|p2a: Ferrothorn
|-supereffective|p2a: Ferrothorn
|-damage|p2a: Ferrothorn|76\/352
|move|p2a: Ferrothorn|Leech Seed|p1a: Magnezone|[miss]
|-miss|p2a: Ferrothorn|p1a: Magnezone
|
|-heal|p2a: Ferrothorn|98\/352|[from] item: Leftovers
|-damage|p1a: Magnezone|106\/281 brn|[from] brn
|turn|27
|
|move|p2a: Ferrothorn|Protect|p2a: Ferrothorn
|-singleturn|p2a: Ferrothorn|Protect
|move|p1a: Magnezone|Hidden Power|p2a: Ferrothorn
|-activate|p2a: Ferrothorn|Protect
|
|-heal|p2a: Ferrothorn|120\/352|[from] item: Leftovers
|-damage|p1a: Magnezone|71\/281 brn|[from] brn
|turn|28
|
|move|p1a: Magnezone|Hidden Power|p2a: Ferrothorn
|-supereffective|p2a: Ferrothorn
|-damage|p2a: Ferrothorn|0 fnt
|faint|p2a: Ferrothorn
|
|-damage|p1a: Magnezone|36\/281 brn|[from] brn
|
|switch|p2a: Keldeo|Keldeo|251\/323
|turn|29
|
|switch|p1a: Celebi|Celebi|396\/396
|move|p2a: Keldeo|Substitute|p2a: Keldeo
|-start|p2a: Keldeo|Substitute
|-damage|p2a: Keldeo|171\/323
|
|-heal|p2a: Keldeo|191\/323|[from] item: Leftovers
|turn|30
|
|move|p2a: Keldeo|Scald|p1a: Celebi
|-resisted|p1a: Celebi
|-damage|p1a: Celebi|321\/396
|-status|p1a: Celebi|brn
|move|p1a: Celebi|Psychic|p2a: Keldeo
|-supereffective|p2a: Keldeo
|-end|p2a: Keldeo|Substitute
|
|-heal|p2a: Keldeo|211\/323|[from] item: Leftovers
|-heal|p1a: Celebi|345\/396 brn|[from] item: Leftovers
|-damage|p1a: Celebi|296\/396 brn|[from] brn
|turn|31
|
|switch|p2a: Latias|Latias, F|301\/301
|move|p1a: Celebi|Psychic|p2a: Latias
|-resisted|p2a: Latias
|-damage|p2a: Latias|247\/301
|
|-heal|p1a: Celebi|320\/396 brn|[from] item: Leftovers
|-damage|p1a: Celebi|271\/396 brn|[from] brn
|turn|32
|join|REDxLOTUS
|
|switch|p1a: Slowbro|Slowbro, F|233\/394 brn
|move|p2a: Latias|Draco Meteor|p1a: Slowbro
|-damage|p1a: Slowbro|0 fnt
|-unboost|p2a: Latias|spa|2
|-damage|p2a: Latias|217\/301|[from] item: Life Orb
|faint|p1a: Slowbro
|
|c| K4KASH1|swag for dayz
|leave|Timid Metagross
|player|p1
|c| AnusFetus|huehue
|leave|AnusFetus
|leave|mudkipz9001
|leave|K4KASH1
|leave|REDxLOTUS
|join|Timid Metagross
|player|p1|Timid Metagross|162
|
|switch|p1a: Porygon2|Porygon2|236\/373 brn
|-ability|p1a: Porygon2|Levitate|[from] ability: Trace|[of] p2a: Latias
|turn|33
|c|âTimid Metagross|kek
|c|â5th|lol
|
|switch|p2a: Rotom-Wash|Rotom-Wash|300\/303
|move|p1a: Porygon2|Tri Attack|p2a: Rotom-Wash
|-damage|p2a: Rotom-Wash|206\/303
|
|-heal|p2a: Rotom-Wash|224\/303|[from] item: Leftovers
|-damage|p1a: Porygon2|190\/373 brn|[from] brn
|turn|34
|leave|Timid Metagross
|player|p1
|join|mudkipz9001
|leave|mudkipz9001
|join|AnusFetus
|leave|AnusFetus
|join|Maiora
|-message|Player 1 lost due to inactivity.
|
|win|5th
|leave|5th
|player|p2
|leave|Ghostfear