|join|5th
|join|MoB Barley
|join|Hallovv
|join|WORSTshowdownplaya
|join|Hammerburst
|join|Bluwing
|join|Orei
|join|iamjustanothernoob
|player|p1|5th|20
|player|p2|MoB Barley|161
|gametype|singles
|gen|6
|tier|OU
|clearpoke
|poke|p1|Metagross
|poke|p1|Keldeo
|poke|p1|Thundurus, M
|poke|p1|Landorus-Therian, M
|poke|p1|Bisharp, F
|poke|p1|Garchomp, F
|poke|p2|Victini
|poke|p2|Greninja, M, shiny
|poke|p2|Bisharp, M, shiny
|poke|p2|Lopunny, F, shiny
|poke|p2|Azumarill, M
|poke|p2|Latios, M
|rule|Swagger Clause: Swagger is banned
|rule|Baton Pass Clause: Limit one PokÃ©mon knowing Baton Pass
|rule|Sleep Clause Mod: Limit one foe put to sleep
|rule|Species Clause: Limit one of each PokÃ©mon
|rule|OHKO Clause: OHKO moves are banned
|rule|Moody Clause: Moody is banned
|rule|Evasion Moves Clause: Evasion moves are banned
|rule|Endless Battle Clause: Forcing endless battles is banned
|rule|HP Percentage Mod: HP is shown in percentages
|teampreview
|join|Liem A
|c| WORSTshowdownplaya|GO 5TH GO
|join|TheJFrenzy1
|c|â5th|:(
|leave|iamjustanothernoob
|join|Nega-DKR
|
|start
|switch|p1a: Garchomp|Garchomp, F|358\/358
|switch|p2a: Prioritize|Bisharp, M, shiny|271\/271
|turn|1
|join|Quacker
|join|Agilis
|join|yiyiddd
|
|move|p1a: Garchomp|Earthquake|p2a: Prioritize
|-supereffective|p2a: Prioritize
|-enditem|p2a: Prioritize|Focus Sash
|-damage|p2a: Prioritize|1\/271
|move|p2a: Prioritize|Stealth Rock|p1a: Garchomp
|-sidestart|p1: 5th|move: Stealth Rock
|
|turn|2
|c| Nega-DKR|That's new
|join|The Fog
|c| Bluwing|it's a waste off a bisharp imo tho
|c| Bluwing|but i guess it works
|
|move|p1a: Garchomp|Stealth Rock|p2a: Prioritize
|-sidestart|p2: MoB Barley|move: Stealth Rock
|move|p2a: Prioritize|Knock Off|p1a: Garchomp
|-damage|p1a: Garchomp|159\/358
|-damage|p2a: Prioritize|0 fnt|[from] ability: Rough Skin|[of] p1a: Garchomp
|faint|p2a: Prioritize
|
|c|âMoB Barley|nah bro
|c| Agilis|In terms of suicide leads it isn't optimal.
|
|switch|p2a: Babs|Lopunny, F, shiny|271\/271
|-damage|p2a: Babs|238\/271|[from] Stealth Rock
|turn|3
|c|âMoB Barley|it fits a good niche for my team
|c| Bluwing|might be
|c| Bluwing|idk ur team
|join|TheObsessed
|c| Agilis|MoB what kind of niche?? It is a damn suicide lead.
|join|Alldaalts
|
|detailschange|p2a: Babs|Lopunny-Mega, F, shiny
|-mega|p2a: Babs|Lopunny|Lopunnite
|move|p2a: Babs|Ice Punch|p1a: Garchomp
|-supereffective|p1a: Garchomp
|-damage|p1a: Garchomp|0 fnt
|-damage|p2a: Babs|205\/271|[from] ability: Rough Skin|[of] p1a: Garchomp
|faint|p1a: Garchomp
|
|c|âMoB Barley|not always
|join|Albacore
|join|U got Solid Snake
|join|crawdauntite
|
|switch|p1a: Landorus-Therian|Landorus-Therian, M|319\/319
|-damage|p1a: Landorus-Therian|280\/319|[from] Stealth Rock
|-ability|p1a: Landorus-Therian|Intimidate|[of] p2a: Babs
|-unboost|p2a: Babs|atk|1
|turn|4
|join|shadow pokeaim
|c|âMoB Barley|my teams extremely weak to scarf lando
|c|âMoB Barley|which sucks
|c| Bluwing|most offensive teams are
|c| Bluwing|but sharp is usually a very good check regardless
|c| Agilis|MoB what Azu set is that?
|c|âMoB Barley|what a good time to tell you
|
|move|p1a: Landorus-Therian|U-turn|p2a: Babs
|-resisted|p2a: Babs
|-damage|p2a: Babs|154\/271
|c| shadow pokeaim|lol
|c|+Albacore|it's sap sipper
|c| WORSTshowdownplaya|its sap sipper
|c| WORSTshowdownplaya|toxic
|c| WORSTshowdownplaya|scald
|
|switch|p1a: Metagross|Metagross|301\/301
|-damage|p1a: Metagross|283\/301|[from] Stealth Rock
|move|p2a: Babs|High Jump Kick|p1a: Metagross|[miss]
|-miss|p2a: Babs|p1a: Metagross
|-damage|p2a: Babs|19\/271|[from] highjumpkick
|
|turn|5
|c| Agilis|PM me if you must, but I am trying to see what might work.
|c|âMoB Barley|perish song thick fat
|c| Bluwing|ouch
|c|âMoB Barley|welp'
|c|âMoB Barley|that'll do it
|c|â5th|Man, that sucks
|c|â5th|sorry
|c| Bluwing|that was huge lol
|join|HJ regicide
|leave|yiyiddd
|c| Liem A|dont wanna miss, use karate chop
|leave|crawdauntite
|
|detailschange|p1a: Metagross|Metagross-Mega
|-mega|p1a: Metagross|Metagross|Metagrossite
|move|p2a: Babs|High Jump Kick|p1a: Metagross
|-damage|p1a: Metagross|168\/301
|move|p1a: Metagross|Ice Punch|p2a: Babs
|-damage|p2a: Babs|0 fnt
|faint|p2a: Babs
|
|
|switch|p2a: Fr0gger|Greninja, M, shiny|285\/285
|-damage|p2a: Fr0gger|250\/285|[from] Stealth Rock
|turn|6
|c| Nega-DKR|Jeez, Mega-Gross is a fucking Frankenstien
|join|CSS)bleachzxzx
|
|switch|p1a: Keldeo|Keldeo|323\/323
|-damage|p1a: Keldeo|303\/323|[from] Stealth Rock
|move|p2a: Fr0gger|Hidden Power|p1a: Keldeo
|-start|p2a: Fr0gger|typechange|Fire|[from] Protean
|-resisted|p1a: Keldeo
|-damage|p1a: Keldeo|243\/323
|-damage|p2a: Fr0gger|222\/285|[from] item: Life Orb
|
|-heal|p1a: Keldeo|263\/323|[from] item: Leftovers
|turn|7
|c| Liem A|actually the monster wasnt named frankenstein
|c| Nega-DKR|Don't be that gut
|c| Nega-DKR|*guy
|c| Liem A|LOL tbh.
|join|the catcher
|c| Liem A|u right
|
|move|p2a: Fr0gger|Gunk Shot|p1a: Keldeo
|-start|p2a: Fr0gger|typechange|Poison|[from] Protean
|-damage|p1a: Keldeo|67\/323
|-damage|p2a: Fr0gger|194\/285|[from] item: Life Orb
|move|p1a: Keldeo|Scald|p2a: Fr0gger
|-crit|p2a: Fr0gger
|-damage|p2a: Fr0gger|0 fnt
|faint|p2a: Fr0gger
|
|-heal|p1a: Keldeo|87\/323|[from] item: Leftovers
|
|switch|p2a: Water Bomb|Azumarill, M|360\/360
|-damage|p2a: Water Bomb|315\/360|[from] Stealth Rock
|turn|8
|c| HJ regicide|Mob you can't lose after that crazy play you made
|c| HJ regicide|vs me
|
|move|p1a: Keldeo|Scald|p2a: Water Bomb
|-crit|p2a: Water Bomb
|-resisted|p2a: Water Bomb
|-damage|p2a: Water Bomb|193\/360
|-status|p2a: Water Bomb|brn
|move|p2a: Water Bomb|Belly Drum|p2a: Water Bomb
|-damage|p2a: Water Bomb|13\/360 brn
|-setboost|p2a: Water Bomb|atk|6|[from] move: Belly Drum
|-enditem|p2a: Water Bomb|Sitrus Berry|[eat]
|-heal|p2a: Water Bomb|103\/360 brn|[from] item: Sitrus Berry
|
|-heal|p1a: Keldeo|107\/323|[from] item: Leftovers
|-damage|p2a: Water Bomb|58\/360 brn|[from] brn
|turn|9
|c| Bluwing|tgats bs lol
|c| Liem A|gg
|c|âMoB Barley|gg
|join|ZNain
|-message|MoB Barley forfeited.
|c| The Fog|lol crit burn
|leave|MoB Barley
|c| HJ regicide|Noooo
|leave|Albacore
|leave|U got Solid Snake
|leave|Bluwing
|leave|TheObsessed
|
|win|5th
|leave|the catcher
|c| HJ regicide|my hero:(
|leave|5th
|player|p2