|join|AnusFetus
|join|5th
|player|p1|AnusFetus|250
|player|p2|5th|20
|gametype|singles
|gen|6
|tier|OU
|clearpoke
|poke|p1|Diancie
|poke|p1|Slowbro, M, shiny
|poke|p1|Rotom-Wash
|poke|p1|Talonflame, F
|poke|p1|Latios, M
|poke|p1|Quagsire, F
|poke|p2|Gallade, M
|poke|p2|Bisharp, F
|poke|p2|Clefable, F
|poke|p2|Gengar, F
|poke|p2|Rotom-Wash
|poke|p2|Landorus-Therian, M
|rule|Swagger Clause: Swagger is banned
|rule|Baton Pass Clause: Limit one PokÃ©mon knowing Baton Pass
|rule|Sleep Clause Mod: Limit one foe put to sleep
|rule|Species Clause: Limit one of each PokÃ©mon
|rule|OHKO Clause: OHKO moves are banned
|rule|Moody Clause: Moody is banned
|rule|Evasion Moves Clause: Evasion moves are banned
|rule|Endless Battle Clause: Forcing endless battles is banned
|rule|HP Percentage Mod: HP is shown in percentages
|teampreview
|c|â5th|glhf
|c|âAnusFetus|you 2
|join|mudkipz9001
|c|â5th|So many Diancies
|c|â5th|e_e
|join|Sal-Mns
|c|âAnusFetus|huehue
|join|LoganUnderFire
|
|start
|switch|p1a: Diancie|Diancie|303\/303
|switch|p2a: Rotom-Wash|Rotom-Wash|303\/303
|turn|1
|c|âAnusFetus|:) diance is boss
|join|riraiteu
|c| mudkipz9001|i know
|join|Maiora
|join|Timid Metagross
|
|detailschange|p1a: Diancie|Diancie-Mega
|-mega|p1a: Diancie|Diancie|Diancite
|move|p2a: Rotom-Wash|Hydro Pump|p1a: Diancie|[miss]
|-miss|p2a: Rotom-Wash|p1a: Diancie
|move|p1a: Diancie|Moonblast|p2a: Rotom-Wash
|-crit|p2a: Rotom-Wash
|-damage|p2a: Rotom-Wash|38\/303
|
|-heal|p2a: Rotom-Wash|56\/303|[from] item: Leftovers
|turn|2
|c|â5th|Welp
|join|GrandBlack
|c| LoganUnderFire|gg
|c|âAnusFetus|close
|leave|Timid Metagross
|c| Sal-Mns|ITS A CRIT
|c|â5th|Basically
|c|âAnusFetus|whew
|c| mudkipz9001|all over
|c| Sal-Mns|#shadyreferences
|c|â5th|I don't even know why I try
|c| Sal-Mns|all ogre now
|c|â5th|`_`
|c| mudkipz9001|it's his swamp
|
|switch|p2a: Gengar|Gengar, F|259\/259
|move|p1a: Diancie|Moonblast|p2a: Gengar
|-resisted|p2a: Gengar
|-damage|p2a: Gengar|133\/259
|-unboost|p2a: Gengar|spa|1
|
|turn|3
|c|â5th|Wow
|c|â5th|Can you please stop that
|c|â5th|Thanks
|c|âAnusFetus|sorry bud
|c|âAnusFetus|don't mean it :\/
|c|â5th|Nah, it's not your fault lol
|c|âAnusFetus|lol
|c| Sal-Mns|i was only nine years old
|c| Sal-Mns|i loved shrek so much i had all his merchandise and movies
|
|switch|p2a: Clefable|Clefable, F|393\/393
|move|p1a: Diancie|Diamond Storm|p2a: Clefable
|-damage|p2a: Clefable|239\/393
|
|-heal|p2a: Clefable|263\/393|[from] item: Leftovers
|turn|4
|c| Sal-Mns|i pray to shrek every night before bed, thanking him for the life he has given me
|raw|<div class="broadcast-red"><b>Moderated chat was set to +!<\/b><br \/>Only users of rank + and higher can talk.<\/div>
|join|Fizz on my Jayce
|c|â5th|Let's not
|
|move|p1a: Diancie|Moonblast|p2a: Clefable
|-damage|p2a: Clefable|19\/393
|-unboost|p2a: Clefable|spa|1
|move|p2a: Clefable|Moonblast|p1a: Diancie
|-damage|p1a: Diancie|243\/303
|
|-heal|p2a: Clefable|43\/393|[from] item: Leftovers
|turn|5
|c|âAnusFetus|:)
|c|â5th|Why the drops
|c|â5th|:(
|c|â5th|Stop
|
|move|p1a: Diancie|Moonblast|p2a: Clefable
|-damage|p2a: Clefable|0 fnt
|faint|p2a: Clefable
|
|c|âAnusFetus|damnit Diancie
|
|switch|p2a: Landorus-Therian|Landorus-Therian, M|319\/319
|-ability|p2a: Landorus-Therian|Intimidate|[of] p1a: Diancie
|-unboost|p1a: Diancie|atk|1
|turn|6
|c|â5th|Crit
|c|âAnusFetus|stop being soop right now
|c|â5th|drop
|c|â5th|drop
|c|â5th|pls
|c|â5th|Have mercy
|join|Mr. Bendover Man
|join|Reverend
|
|switch|p1a: Rotom-Wash|Rotom-Wash|304\/304
|move|p2a: Landorus-Therian|U-turn|p1a: Rotom-Wash
|-damage|p1a: Rotom-Wash|242\/304
|
|switch|p2a: Rotom-Wash|Rotom-Wash|56\/303
|
|-heal|p2a: Rotom-Wash|74\/303|[from] item: Leftovers
|-heal|p1a: Rotom-Wash|261\/304|[from] item: Leftovers
|turn|7
|
|move|p1a: Rotom-Wash|Will-O-Wisp|p2a: Rotom-Wash|[miss]
|-miss|p1a: Rotom-Wash|p2a: Rotom-Wash
|move|p2a: Rotom-Wash|Pain Split|p1a: Rotom-Wash
|-sethp|p1a: Rotom-Wash|167\/304|p2a: Rotom-Wash|167\/303|[from] move: Pain Split
|
|-heal|p1a: Rotom-Wash|186\/304|[from] item: Leftovers
|-heal|p2a: Rotom-Wash|185\/303|[from] item: Leftovers
|turn|8
|
|switch|p2a: Bisharp|Bisharp, F|271\/271
|move|p1a: Rotom-Wash|Light Screen|p1a: Rotom-Wash
|-sidestart|p1: AnusFetus|move: Light Screen
|
|-heal|p1a: Rotom-Wash|205\/304|[from] item: Leftovers
|turn|9
|
|move|p2a: Bisharp|Swords Dance|p2a: Bisharp
|-boost|p2a: Bisharp|atk|2
|move|p1a: Rotom-Wash|Will-O-Wisp|p2a: Bisharp
|-status|p2a: Bisharp|brn
|-enditem|p2a: Bisharp|Lum Berry|[eat]
|-curestatus|p2a: Bisharp|brn
|
|-heal|p1a: Rotom-Wash|224\/304|[from] item: Leftovers
|turn|10
|c|âAnusFetus|oml
|c|âAnusFetus|scared
|
|move|p2a: Bisharp|Knock Off|p1a: Rotom-Wash
|-damage|p1a: Rotom-Wash|0 fnt
|-enditem|p1a: Rotom-Wash|Leftovers|[from] move: Knock Off|[of] p2a: Bisharp
|faint|p1a: Rotom-Wash
|
|
|switch|p1a: Quagsire|Quagsire, F|394\/394
|turn|11
|join|22dula
|leave|22dula
|join|22dula
|join|king of spycrabs
|
|move|p2a: Bisharp|Knock Off|p1a: Quagsire
|-damage|p1a: Quagsire|237\/394
|-enditem|p1a: Quagsire|Leftovers|[from] move: Knock Off|[of] p2a: Bisharp
|move|p1a: Quagsire|Scald|p2a: Bisharp
|-damage|p2a: Bisharp|177\/271
|
|turn|12
|
|move|p2a: Bisharp|Sucker Punch|p1a: Quagsire
|-damage|p1a: Quagsire|113\/394
|move|p1a: Quagsire|Infestation|p2a: Bisharp
|-damage|p2a: Bisharp|161\/271
|-activate|p2a: Bisharp|move: Infestation|[of] p1a: Quagsire
|
|-damage|p2a: Bisharp|128\/271|[from] move: Infestation|[partiallytrapped]
|-sideend|p1: AnusFetus|move: Light Screen
|turn|13
|c|â5th|o.O
|c|âAnusFetus|bruh
|c|âAnusFetus|<3
|
|move|p2a: Bisharp|Iron Head|p1a: Quagsire
|-resisted|p1a: Quagsire
|-damage|p1a: Quagsire|54\/394
|move|p1a: Quagsire|Recover|p1a: Quagsire
|-heal|p1a: Quagsire|251\/394
|
|-damage|p2a: Bisharp|95\/271|[from] move: Infestation|[partiallytrapped]
|turn|14
|
|move|p2a: Bisharp|Sucker Punch|p1a: Quagsire
|-damage|p1a: Quagsire|125\/394
|move|p1a: Quagsire|Scald|p2a: Bisharp
|-damage|p2a: Bisharp|10\/271
|
|-damage|p2a: Bisharp|0 fnt|[from] move: Infestation|[partiallytrapped]
|faint|p2a: Bisharp
|
|switch|p2a: Gallade|Gallade, M|277\/277
|turn|15
|
|detailschange|p2a: Gallade|Gallade-Mega, M
|-mega|p2a: Gallade|Gallade|Galladite
|move|p2a: Gallade|Zen Headbutt|p1a: Quagsire
|-damage|p1a: Quagsire|0 fnt
|faint|p1a: Quagsire
|
|
|switch|p1a: Talonflame|Talonflame, F|297\/297
|turn|16
|leave|Sal-Mns
|
|move|p1a: Talonflame|Brave Bird|p2a: Gallade
|-supereffective|p2a: Gallade
|-damage|p2a: Gallade|0 fnt
|-damage|p1a: Talonflame|206\/297|[from] recoil|[of] p2a: Gallade
|faint|p2a: Gallade
|
|
|switch|p2a: Rotom-Wash|Rotom-Wash|185\/303
|turn|17
|
|switch|p1a: Latios|Latios, M|301\/301
|move|p2a: Rotom-Wash|Volt Switch|p1a: Latios
|-resisted|p1a: Latios
|-damage|p1a: Latios|263\/301
|
|switch|p2a: Landorus-Therian|Landorus-Therian, M|319\/319
|-ability|p2a: Landorus-Therian|Intimidate|[of] p1a: Latios
|-unboost|p1a: Latios|atk|1
|
|turn|18
|leave|Reverend
|
|switch|p1a: Diancie|Diancie-Mega|243\/303
|move|p2a: Landorus-Therian|U-turn|p1a: Diancie
|-resisted|p1a: Diancie
|-damage|p1a: Diancie|199\/303
|join|Ken Valbrandur
|
|switch|p2a: Gengar|Gengar, F|133\/259
|
|turn|19
|
|move|p2a: Gengar|Sludge Wave|p1a: Diancie
|-damage|p1a: Diancie|0 fnt
|-damage|p2a: Gengar|108\/259|[from] item: Life Orb
|faint|p1a: Diancie
|
|join|Alvadora
|
|switch|p1a: Latios|Latios, M|263\/301
|turn|20
|join|BreastPlayer
|
|move|p2a: Gengar|Shadow Ball|p1a: Latios
|-supereffective|p1a: Latios
|-damage|p1a: Latios|0 fnt
|-damage|p2a: Gengar|83\/259|[from] item: Life Orb
|faint|p1a: Latios
|
|
|switch|p1a: Talonflame|Talonflame, F|206\/297
|turn|21
|
|switch|p2a: Rotom-Wash|Rotom-Wash|185\/303
|move|p1a: Talonflame|Swords Dance|p1a: Talonflame
|-boost|p1a: Talonflame|atk|2
|
|-heal|p2a: Rotom-Wash|203\/303|[from] item: Leftovers
|turn|22
|join|1o2
|
|move|p1a: Talonflame|Brave Bird|p2a: Rotom-Wash
|-resisted|p2a: Rotom-Wash
|-damage|p2a: Rotom-Wash|54\/303
|-damage|p1a: Talonflame|157\/297|[from] recoil|[of] p2a: Rotom-Wash
|move|p2a: Rotom-Wash|Volt Switch|p1a: Talonflame
|-crit|p1a: Talonflame
|-supereffective|p1a: Talonflame
|-damage|p1a: Talonflame|0 fnt
|faint|p1a: Talonflame
|
|switch|p2a: Gengar|Gengar, F|83\/259
|
|
|switch|p1a: Slowbro|Slowbro, M, shiny|373\/373
|turn|23
|join|aj112354
|c|âAnusFetus|that speed tie :\/
|c|â5th|Yerp
|
|move|p2a: Gengar|Shadow Ball|p1a: Slowbro
|-supereffective|p1a: Slowbro
|-damage|p1a: Slowbro|0 fnt
|-damage|p2a: Gengar|58\/259|[from] item: Life Orb
|faint|p1a: Slowbro
|
|win|5th
|c|âAnusFetus|all my luck left
|leave|AnusFetus
|leave|Ken Valbrandur
|player|p1
|leave|5th
|player|p2
|leave|mudkipz9001
|leave|GrandBlack
|leave|1o2
|leave|Maiora
|leave|Alvadora
|leave|aj112354
|leave|Mr. Bendover Man
|leave|BreastPlayer
|leave|22dula