|join|Bulky Normal
|join|5th
|player|p1|Bulky Normal|2
|player|p2|5th|20
|gametype|singles
|gen|6
|tier|OU
|rated
|clearpoke
|poke|p1|Sceptile, M
|poke|p1|Bisharp, F
|poke|p1|Rotom-Wash
|poke|p1|Talonflame, F
|poke|p1|Tentacruel, F
|poke|p1|Mamoswine, F
|poke|p2|Metagross
|poke|p2|Rotom-Wash
|poke|p2|Ferrothorn, F
|poke|p2|Landorus-Therian, M
|poke|p2|Keldeo
|poke|p2|Latias, F
|rule|Swagger Clause: Swagger is banned
|rule|Baton Pass Clause: Limit one PokÃ©mon knowing Baton Pass
|rule|Sleep Clause Mod: Limit one foe put to sleep
|rule|Species Clause: Limit one of each PokÃ©mon
|rule|OHKO Clause: OHKO moves are banned
|rule|Moody Clause: Moody is banned
|rule|Evasion Moves Clause: Evasion moves are banned
|rule|Endless Battle Clause: Forcing endless battles is banned
|rule|HP Percentage Mod: HP is shown in percentages
|teampreview
|
|start
|switch|p1a: Sceptile|Sceptile, M|281\/281
|switch|p2a: Rotom-Wash|Rotom-Wash|303\/303
|turn|1
|
|switch|p2a: Ferrothorn|Ferrothorn, F|352\/352
|detailschange|p1a: Sceptile|Sceptile-Mega, M
|message|Sceptile has Mega Evolved into Mega Sceptile!
|move|p1a: Sceptile|Hidden Power|p2a: Ferrothorn
|-supereffective|p2a: Ferrothorn
|-damage|p2a: Ferrothorn|108\/352
|
|-heal|p2a: Ferrothorn|130\/352|[from] item: Leftovers
|turn|2
|
|move|p2a: Ferrothorn|Protect|p2a: Ferrothorn
|-singleturn|p2a: Ferrothorn|Protect
|move|p1a: Sceptile|Hidden Power|p2a: Ferrothorn
|-activate|p2a: Ferrothorn|Protect
|
|-heal|p2a: Ferrothorn|152\/352|[from] item: Leftovers
|turn|3
|
|switch|p2a: Landorus-Therian|Landorus-Therian, M|319\/319
|-ability|p2a: Landorus-Therian|Intimidate|[of] p1a: Sceptile
|-unboost|p1a: Sceptile|atk|1
|move|p1a: Sceptile|Hidden Power|p2a: Landorus-Therian
|-damage|p2a: Landorus-Therian|224\/319
|
|turn|4
|
|switch|p1a: Rotom-Wash|Rotom-Wash|303\/303
|move|p2a: Landorus-Therian|U-turn|p1a: Rotom-Wash
|-damage|p1a: Rotom-Wash|243\/303
|
|switch|p2a: Rotom-Wash|Rotom-Wash|303\/303
|
|-heal|p1a: Rotom-Wash|261\/303|[from] item: Leftovers
|turn|5
|
|move|p1a: Rotom-Wash|Will-O-Wisp|p2a: Rotom-Wash
|-status|p2a: Rotom-Wash|brn
|move|p2a: Rotom-Wash|Will-O-Wisp|p1a: Rotom-Wash
|-status|p1a: Rotom-Wash|brn
|
|-heal|p1a: Rotom-Wash|279\/303 brn|[from] item: Leftovers
|-damage|p1a: Rotom-Wash|242\/303 brn|[from] brn
|-damage|p2a: Rotom-Wash|266\/303 brn|[from] brn
|turn|6
|
|move|p2a: Rotom-Wash|Will-O-Wisp|p1a: Rotom-Wash
|-fail|p1a: Rotom-Wash|brn
|move|p1a: Rotom-Wash|Volt Switch|p2a: Rotom-Wash
|-damage|p2a: Rotom-Wash|191\/303 brn
|c|âBulky Normal|speed tie tho
|
|switch|p1a: Sceptile|Sceptile-Mega, M|281\/281
|
|-heal|p2a: Rotom-Wash|209\/303 brn|[from] item: Leftovers
|-damage|p2a: Rotom-Wash|172\/303 brn|[from] brn
|turn|7
|c|â5th|Should've ran less haha
|
|switch|p2a: Ferrothorn|Ferrothorn, F|152\/352
|move|p1a: Sceptile|Dragon Pulse|p2a: Ferrothorn
|-resisted|p2a: Ferrothorn
|-damage|p2a: Ferrothorn|89\/352
|
|-heal|p2a: Ferrothorn|111\/352|[from] item: Leftovers
|turn|8
|
|move|p2a: Ferrothorn|Protect|p2a: Ferrothorn
|-singleturn|p2a: Ferrothorn|Protect
|move|p1a: Sceptile|Hidden Power|p2a: Ferrothorn
|-activate|p2a: Ferrothorn|Protect
|
|-heal|p2a: Ferrothorn|133\/352|[from] item: Leftovers
|turn|9
|
|move|p1a: Sceptile|Hidden Power|p2a: Ferrothorn
|-supereffective|p2a: Ferrothorn
|-damage|p2a: Ferrothorn|0 fnt
|faint|p2a: Ferrothorn
|
|
|switch|p2a: Landorus-Therian|Landorus-Therian, M|224\/319
|-ability|p2a: Landorus-Therian|Intimidate|[of] p1a: Sceptile
|-unboost|p1a: Sceptile|atk|1
|turn|10
|
|switch|p1a: Talonflame|Talonflame, F|297\/297
|move|p2a: Landorus-Therian|U-turn|p1a: Talonflame
|-resisted|p1a: Talonflame
|-damage|p1a: Talonflame|266\/297
|
|switch|p2a: Rotom-Wash|Rotom-Wash|172\/303 brn
|
|-heal|p2a: Rotom-Wash|190\/303 brn|[from] item: Leftovers
|-damage|p2a: Rotom-Wash|153\/303 brn|[from] brn
|turn|11
|
|move|p1a: Talonflame|U-turn|p2a: Rotom-Wash
|-damage|p2a: Rotom-Wash|77\/303 brn
|
|switch|p1a: Mamoswine|Mamoswine, F|361\/361
|move|p2a: Rotom-Wash|Pain Split|p1a: Mamoswine
|-sethp|p1a: Mamoswine|219\/361|p2a: Rotom-Wash|219\/303 brn|[from] move: Pain Split
|
|-heal|p2a: Rotom-Wash|237\/303 brn|[from] item: Leftovers
|-damage|p2a: Rotom-Wash|200\/303 brn|[from] brn
|turn|12
|
|switch|p1a: Rotom-Wash|Rotom-Wash|242\/303 brn
|switch|p2a: Keldeo|Keldeo|323\/323
|
|-heal|p1a: Rotom-Wash|260\/303 brn|[from] item: Leftovers
|-damage|p1a: Rotom-Wash|223\/303 brn|[from] brn
|turn|13
|c|â5th|You there ?_?
|c|âBulky Normal|sorry
|c|â5th|np
|c|âBulky Normal|im doing several things
|
|switch|p2a: Landorus-Therian|Landorus-Therian, M|224\/319
|-ability|p2a: Landorus-Therian|Intimidate|[of] p1a: Rotom-Wash
|-unboost|p1a: Rotom-Wash|atk|1
|move|p1a: Rotom-Wash|Will-O-Wisp|p2a: Landorus-Therian
|-status|p2a: Landorus-Therian|brn
|
|-heal|p1a: Rotom-Wash|241\/303 brn|[from] item: Leftovers
|-damage|p2a: Landorus-Therian|185\/319 brn|[from] brn
|-damage|p1a: Rotom-Wash|204\/303 brn|[from] brn
|turn|14
|c|â5th|ah, right
|c|âBulky Normal|but still guessing right :p
|c|â5th|haha
|
|move|p2a: Landorus-Therian|U-turn|p1a: Rotom-Wash
|-damage|p1a: Rotom-Wash|173\/303 brn
|
|switch|p2a: Metagross|Metagross|301\/301
|move|p1a: Rotom-Wash|Volt Switch|p2a: Metagross
|-damage|p2a: Metagross|210\/301
|
|switch|p1a: Talonflame|Talonflame, F|266\/297
|
|turn|15
|
|detailschange|p2a: Metagross|Metagross-Mega
|message|Metagross has Mega Evolved into Mega Metagross!
|move|p1a: Talonflame|Flare Blitz|p2a: Metagross
|-supereffective|p2a: Metagross
|-damage|p2a: Metagross|0 fnt
|-damage|p1a: Talonflame|197\/297|[from] recoil|[of] p2a: Metagross
|faint|p2a: Metagross
|
|
|switch|p2a: Rotom-Wash|Rotom-Wash|200\/303 brn
|turn|16
|c|â5th|I'm doing badly lol
|c|âBulky Normal|werll
|c|âBulky Normal|well*
|c|âBulky Normal|thats was 50\/50
|c|â5th|Ik haha
|c|â5th|but I've been on tilt lately
|c|â5th|so eh
|
|switch|p1a: Rotom-Wash|Rotom-Wash|173\/303 brn
|switch|p2a: Latias|Latias, F|301\/301
|
|-heal|p1a: Rotom-Wash|191\/303 brn|[from] item: Leftovers
|-damage|p1a: Rotom-Wash|154\/303 brn|[from] brn
|turn|17
|
|switch|p1a: Bisharp|Bisharp, F|277\/277
|move|p2a: Latias|Draco Meteor|p1a: Bisharp
|-resisted|p1a: Bisharp
|-damage|p1a: Bisharp|98\/277
|-unboost|p2a: Latias|spa|2
|-damage|p2a: Latias|271\/301|[from] item: Life Orb
|
|turn|18
|
|move|p2a: Latias|Healing Wish|p2a: Latias
|faint|p2a: Latias
|move|p1a: Bisharp|Knock Off|p2: Latias|[notarget]
|-notarget
|
|
|switch|p2a: Landorus-Therian|Landorus-Therian, M|185\/319 brn
|-heal|p2a: Landorus-Therian|319\/319|[from] move: Healing Wish
|-ability|p2a: Landorus-Therian|Intimidate|[of] p1a: Bisharp
|-unboost|p1a: Bisharp|atk|1
|-boost|p1a: Bisharp|atk|2|[from] ability: Defiant
|turn|19
|c|âBulky Normal|bruh
|c|â5th|Didn't have much of a choice
|c|â5th|imo
|c|âBulky Normal|yeah
|c|â5th|Didn't want to risk the Pursuit haha
|c|âBulky Normal|yeah
|
|switch|p2a: Keldeo|Keldeo|323\/323
|move|p1a: Bisharp|Knock Off|p2a: Keldeo
|-resisted|p2a: Keldeo
|-damage|p2a: Keldeo|140\/323
|-boost|p2a: Keldeo|atk|1|[from] ability: Justified
|-enditem|p2a: Keldeo|Leftovers|[from] move: Knock Off|[of] p1a: Bisharp
|-damage|p1a: Bisharp|71\/277|[from] item: Life Orb
|
|turn|20
|c|âBulky Normal|i like people guessing i run it
|c|â5th|It does its job well lol
|
|switch|p1a: Tentacruel|Tentacruel, F|363\/363
|move|p2a: Keldeo|Secret Sword|p1a: Tentacruel
|-resisted|p1a: Tentacruel
|-damage|p1a: Tentacruel|261\/363
|
|-heal|p1a: Tentacruel|283\/363|[from] item: Black Sludge
|turn|21
|
|switch|p2a: Rotom-Wash|Rotom-Wash|200\/303 brn
|move|p1a: Tentacruel|Acid Spray|p2a: Rotom-Wash
|-damage|p2a: Rotom-Wash|160\/303 brn
|-unboost|p2a: Rotom-Wash|spd|2
|
|-heal|p1a: Tentacruel|305\/363|[from] item: Black Sludge
|-heal|p2a: Rotom-Wash|178\/303 brn|[from] item: Leftovers
|-damage|p2a: Rotom-Wash|141\/303 brn|[from] brn
|turn|22
|
|switch|p1a: Bisharp|Bisharp, F|71\/277
|switch|p2a: Landorus-Therian|Landorus-Therian, M|319\/319
|-ability|p2a: Landorus-Therian|Intimidate|[of] p1a: Bisharp
|-unboost|p1a: Bisharp|atk|1
|-boost|p1a: Bisharp|atk|2|[from] ability: Defiant
|
|turn|23
|
|move|p1a: Bisharp|Sucker Punch|p2a: Landorus-Therian
|-damage|p2a: Landorus-Therian|0 fnt
|-damage|p1a: Bisharp|44\/277|[from] item: Life Orb
|faint|p2a: Landorus-Therian
|
|c|â5th|ah
|c|â5th|rused
|
|switch|p2a: Keldeo|Keldeo|140\/323
|turn|24
|
|move|p1a: Bisharp|Sucker Punch|p2a: Keldeo
|-resisted|p2a: Keldeo
|-damage|p2a: Keldeo|0 fnt
|-damage|p1a: Bisharp|17\/277|[from] item: Life Orb
|faint|p2a: Keldeo
|
|
|switch|p2a: Rotom-Wash|Rotom-Wash|141\/303 brn
|turn|25
|c|â5th|gg
|c|âBulky Normal|it was a nice battle
|c|âBulky Normal|gg
|c|â5th|Gonna take a break for a while
|c|â5th|haha
|c|âBulky Normal|haha i sse what you mean
|c|â5th|Dropped 100 points over the week
|c|â5th|but eh
|
|move|p1a: Bisharp|Knock Off|p2a: Rotom-Wash
|-damage|p2a: Rotom-Wash|0 fnt
|-enditem|p2a: Rotom-Wash|Leftovers|[from] move: Knock Off|[of] p1a: Bisharp
|-damage|p1a: Bisharp|0 fnt|[from] item: Life Orb
|faint|p2a: Rotom-Wash
|faint|p1a: Bisharp
|
|win|Bulky Normal
|raw|Ladder updating...
|c|âBulky Normal|Yeah
|c|â5th|well
|c|â5th|gg
|c|â5th|!
|raw|Bulky Normal's rating: 1603 &rarr; <strong>1623<\/strong><br \/>(+20 for winning)
|raw|5th's rating: 1606 &rarr; <strong>1586<\/strong><br \/>(-20 for losing)
|leave|5th
|player|p2