|join|5th
|join|Kos HyperBeam
|player|p1|5th|52
|player|p2|Kos HyperBeam|125
|gametype|singles
|gen|6
|tier|OU
|clearpoke
|poke|p1|Metagross
|poke|p1|Rotom-Wash
|poke|p1|Ferrothorn, F
|poke|p1|Landorus-Therian, M
|poke|p1|Keldeo
|poke|p1|Latias, F
|poke|p2|Ferrothorn, M
|poke|p2|Sylveon, M
|poke|p2|Heatran, F
|poke|p2|Lopunny, M
|poke|p2|Latias, F
|poke|p2|Sharpedo, M, shiny
|rule|Swagger Clause: Swagger is banned
|rule|Baton Pass Clause: Limit one PokÃ©mon knowing Baton Pass
|rule|Sleep Clause Mod: Limit one foe put to sleep
|rule|Species Clause: Limit one of each PokÃ©mon
|rule|OHKO Clause: OHKO moves are banned
|rule|Moody Clause: Moody is banned
|rule|Evasion Moves Clause: Evasion moves are banned
|rule|Endless Battle Clause: Forcing endless battles is banned
|rule|HP Percentage Mod: HP is shown in percentages
|teampreview
|join|bicks26
|join|ninjapingu
|join|pedrorealmadrid
|join|Sakis
|join|Issawrap
|join|TBRS
|join|suckitman
|join|En4cer
|join|thejkbird
|join|Thyst
|c|â5th|glhf
|join|NovusOrdoSeclorum
|join|TheGreatSplurge
|join|todd_p42
|join|Franklin98
|join|PsyManiac
|join|Stoppi
|join|kliheala
|c|âKos HyperBeam|u2
|join|soitsdonnie
|join|Soulic
|join|Mugiwara-sogeking
|join|Floundso
|join|Raset
|
|start
|switch|p1a: Rotom-Wash|Rotom-Wash|303\/303
|switch|p2a: Ferrothorn|Ferrothorn, M|352\/352
|turn|1
|join|alldayeveryday
|c| Sakis|gl KOS
|join|Dino_User123
|join|liverisalive
|join|Uwoodz03
|
|move|p1a: Rotom-Wash|Will-O-Wisp|p2a: Ferrothorn
|-status|p2a: Ferrothorn|brn
|move|p2a: Ferrothorn|Stealth Rock|p1a: Rotom-Wash
|-sidestart|p1: 5th|move: Stealth Rock
|
|-damage|p2a: Ferrothorn|308\/352 brn|[from] brn
|turn|2
|leave|kliheala
|c| TheGreatSplurge|gl guys
|join|Flare Mintz
|join|GavinMeansBusiness
|join|PresidentBlue
|join|Faldar
|c| Thyst|whoah
|join|Loppi
|
|move|p1a: Rotom-Wash|Volt Switch|p2a: Ferrothorn
|-resisted|p2a: Ferrothorn
|-damage|p2a: Ferrothorn|270\/352 brn
|c| Dino_User123|GO 5th
|
|switch|p1a: Ferrothorn|Ferrothorn, F|352\/352
|-damage|p1a: Ferrothorn|330\/352|[from] Stealth Rock
|move|p2a: Ferrothorn|Leech Seed|p1a: Ferrothorn
|-immune|p1a: Ferrothorn|[msg]
|
|-heal|p1a: Ferrothorn|352\/352|[from] item: Leftovers
|-heal|p2a: Ferrothorn|292\/352 brn|[from] item: Leftovers
|-damage|p2a: Ferrothorn|248\/352 brn|[from] brn
|turn|3
|c| alldayeveryday|*turns on epic battle music*
|join|Kingslock
|join|NinjaBrandon11
|c| Issawrap|A burned ferrothorn is a sad ferrothorn.
|join|Lycon
|
|switch|p2a: Kos HyperBeam|Heatran, F|386\/386
|-item|p2a: Kos HyperBeam|Air Balloon
|move|p1a: Ferrothorn|Stealth Rock|p2a: Kos HyperBeam
|-sidestart|p2: Kos HyperBeam|move: Stealth Rock
|
|turn|4
|leave|todd_p42
|
|switch|p1a: Rotom-Wash|Rotom-Wash|303\/303
|-damage|p1a: Rotom-Wash|266\/303|[from] Stealth Rock
|move|p2a: Kos HyperBeam|Overheat|p1a: Rotom-Wash
|-resisted|p1a: Rotom-Wash
|-damage|p1a: Rotom-Wash|151\/303
|-unboost|p2a: Kos HyperBeam|spa|2
|
|-heal|p1a: Rotom-Wash|169\/303|[from] item: Leftovers
|turn|5
|join|Updated Kanto
|join|Bowling for Stew
|
|switch|p2a: Lopunny|Lopunny, M|272\/272
|-damage|p2a: Lopunny|238\/272|[from] Stealth Rock
|move|p1a: Rotom-Wash|Pain Split|p2a: Lopunny
|-sethp|p2a: Lopunny|203\/272|p1a: Rotom-Wash|203\/303|[from] move: Pain Split
|
|-heal|p1a: Rotom-Wash|221\/303|[from] item: Leftovers
|turn|6
|join|njfadeaway
|join|Christopher151
|join|Terantiel
|c| Updated Kanto|>sharpedo and lopunny on the same team when lopunny is obv the mega
|
|switch|p1a: Ferrothorn|Ferrothorn, F|352\/352
|-damage|p1a: Ferrothorn|330\/352|[from] Stealth Rock
|detailschange|p2a: Lopunny|Lopunny-Mega, M
|message|Lopunny has Mega Evolved into Mega Lopunny!
|move|p2a: Lopunny|Fake Out|p1a: Ferrothorn
|-resisted|p1a: Ferrothorn
|-damage|p1a: Ferrothorn|306\/352
|-damage|p2a: Lopunny|169\/272|[from] ability: Iron Barbs|[of] p1a: Ferrothorn
|
|-heal|p1a: Ferrothorn|328\/352|[from] item: Leftovers
|turn|7
|c| Terantiel|gogo 5th.
|c| Updated Kanto|why
|c| Updated Kanto|how
|c| Updated Kanto|when
|join|kianlong16
|
|switch|p2a: Kos HyperBeam|Heatran, F|386\/386
|-damage|p2a: Kos HyperBeam|338\/386|[from] Stealth Rock
|-item|p2a: Kos HyperBeam|Air Balloon
|switch|p1a: Landorus-Therian|Landorus-Therian, M|319\/319
|-damage|p1a: Landorus-Therian|280\/319|[from] Stealth Rock
|-ability|p1a: Landorus-Therian|Intimidate|[of] p2a: Kos HyperBeam
|-unboost|p2a: Kos HyperBeam|atk|1
|
|turn|8
|c| alldayeveryday|where
|
|move|p1a: Landorus-Therian|U-turn|p2a: Kos HyperBeam
|-resisted|p2a: Kos HyperBeam
|-damage|p2a: Kos HyperBeam|318\/386
|-enditem|p2a: Kos HyperBeam|Air Balloon
|
|switch|p1a: Rotom-Wash|Rotom-Wash|221\/303
|-damage|p1a: Rotom-Wash|184\/303|[from] Stealth Rock
|move|p2a: Kos HyperBeam|Overheat|p1a: Rotom-Wash
|-resisted|p1a: Rotom-Wash
|-damage|p1a: Rotom-Wash|61\/303
|-unboost|p2a: Kos HyperBeam|spa|2
|
|-heal|p1a: Rotom-Wash|79\/303|[from] item: Leftovers
|turn|9
|
|switch|p2a: Ferrothorn|Ferrothorn, M|248\/352 brn
|-damage|p2a: Ferrothorn|226\/352 brn|[from] Stealth Rock
|move|p1a: Rotom-Wash|Pain Split|p2a: Ferrothorn
|-sethp|p2a: Ferrothorn|152\/352 brn|p1a: Rotom-Wash|152\/303|[from] move: Pain Split
|
|-heal|p1a: Rotom-Wash|170\/303|[from] item: Leftovers
|-heal|p2a: Ferrothorn|174\/352 brn|[from] item: Leftovers
|-damage|p2a: Ferrothorn|130\/352 brn|[from] brn
|turn|10
|join|Xiayou
|
|move|p1a: Rotom-Wash|Volt Switch|p2a: Ferrothorn
|-resisted|p2a: Ferrothorn
|-damage|p2a: Ferrothorn|94\/352 brn
|
|switch|p1a: Ferrothorn|Ferrothorn, F|328\/352
|-damage|p1a: Ferrothorn|306\/352|[from] Stealth Rock
|move|p2a: Ferrothorn|Leech Seed|p1a: Ferrothorn
|-immune|p1a: Ferrothorn|[msg]
|
|-heal|p2a: Ferrothorn|116\/352 brn|[from] item: Leftovers
|-heal|p1a: Ferrothorn|328\/352|[from] item: Leftovers
|-damage|p2a: Ferrothorn|72\/352 brn|[from] brn
|turn|11
|
|switch|p2a: Kos HyperBeam|Heatran, F|318\/386
|-damage|p2a: Kos HyperBeam|270\/386|[from] Stealth Rock
|move|p1a: Ferrothorn|Leech Seed|p2a: Kos HyperBeam
|-start|p2a: Kos HyperBeam|move: Leech Seed
|
|-heal|p1a: Ferrothorn|350\/352|[from] item: Leftovers
|-damage|p2a: Kos HyperBeam|222\/386|[from] Leech Seed|[of] p1a: Ferrothorn
|-heal|p1a: Ferrothorn|352\/352|[silent]
|turn|12
|c| Christopher151|wow
|
|switch|p1a: Keldeo|Keldeo|323\/323
|-damage|p1a: Keldeo|303\/323|[from] Stealth Rock
|move|p2a: Kos HyperBeam|Overheat|p1a: Keldeo
|-resisted|p1a: Keldeo
|-damage|p1a: Keldeo|173\/323
|-unboost|p2a: Kos HyperBeam|spa|2
|
|-heal|p1a: Keldeo|193\/323|[from] item: Leftovers
|-damage|p2a: Kos HyperBeam|174\/386|[from] Leech Seed|[of] p1a: Keldeo
|-heal|p1a: Keldeo|241\/323|[silent]
|turn|13
|c| Issawrap|Plays are being made.
|join|H4rdC0reX
|c| bicks26|^
|
|switch|p2a: GreekCat|Sylveon, M|394\/394
|-damage|p2a: GreekCat|345\/394|[from] Stealth Rock
|move|p1a: Keldeo|Scald|p2a: GreekCat
|-crit|p2a: GreekCat
|-damage|p2a: GreekCat|176\/394
|-status|p2a: GreekCat|brn
|
|-heal|p1a: Keldeo|261\/323|[from] item: Leftovers
|-damage|p2a: GreekCat|127\/394 brn|[from] brn
|turn|14
|
|switch|p1a: Metagross|Metagross|301\/301
|-damage|p1a: Metagross|283\/301|[from] Stealth Rock
|move|p2a: GreekCat|Hyper Voice|p1a: Metagross
|-resisted|p1a: Metagross
|-damage|p1a: Metagross|125\/301
|
|-damage|p2a: GreekCat|78\/394 brn|[from] brn
|turn|15
|c| Terantiel|... rip.
|c| Lycon|why greek lol
|c| Issawrap|#CritBurn.
|join|Treecho2gud4Ubers
|c|â5th|specs!
|join|wombology
|join|Zuchiha
|c| Terantiel|!!
|join|winterjam010
|c| Xiayou|strong O_O
|c| Sakis|because he is greek
|
|switch|p2a: Ferrothorn|Ferrothorn, M|72\/352 brn
|-damage|p2a: Ferrothorn|50\/352 brn|[from] Stealth Rock
|detailschange|p1a: Metagross|Metagross-Mega
|message|Metagross has Mega Evolved into Mega Metagross!
|move|p1a: Metagross|Earthquake|p2a: Ferrothorn
|-damage|p2a: Ferrothorn|0 fnt
|faint|p2a: Ferrothorn
|
|c| GavinMeansBusiness|specs?
|c| Sakis|ofc
|leave|PresidentBlue
|c| Lycon|yo mum is
|c| Updated Kanto|ahh
|
|switch|p2a: Kos HyperBeam|Heatran, F|174\/386
|-damage|p2a: Kos HyperBeam|126\/386|[from] Stealth Rock
|turn|16
|c| Updated Kanto|not even bad
|c| Dino_User123|fucking
|
|switch|p2a: LATIASOMG!|Latias, F|364\/364
|-damage|p2a: LATIASOMG!|319\/364|[from] Stealth Rock
|move|p1a: Metagross|Earthquake|p2a: LATIASOMG!
|-immune|p2a: LATIASOMG!|[msg]
|
|-heal|p2a: LATIASOMG!|341\/364|[from] item: Leftovers
|turn|17
|c| Dino_User123|metagross
|leave|wombology
|c| Issawrap|I was waiting for an Agility but that's not an agility.
|join|JackRusso
|c| Updated Kanto|what was the point of that double swtich
|c| Updated Kanto|lol
|c| GavinMeansBusiness|lol
|leave|Thyst
|c| Soulic|what was the point of that lplah
|c| Issawrap|Waste PP.
|c|âKos HyperBeam|missclicked
|c| Terantiel|Oh you made the switch already.
|c| Soulic|play*
|leave|Dino_User123
|c| Updated Kanto|all you did was make two mons take sr damage
|c| Updated Kanto|>waste pp
|c| Updated Kanto|LOL
|leave|suckitman
|c| Issawrap|>Greentext
|c| Issawrap|LMAO
|
|switch|p1a: Latias|Latias, F|301\/301
|-damage|p1a: Latias|264\/301|[from] Stealth Rock
|move|p2a: LATIASOMG!|Calm Mind|p2a: LATIASOMG!
|-boost|p2a: LATIASOMG!|spa|1
|-boost|p2a: LATIASOMG!|spd|1
|
|-heal|p2a: LATIASOMG!|363\/364|[from] item: Leftovers
|turn|18
|c| Terantiel|Good, Lati works better with the team.
|c| Soulic|lol and rocks damage
|
|move|p1a: Latias|Draco Meteor|p2a: LATIASOMG!
|-supereffective|p2a: LATIASOMG!
|-damage|p2a: LATIASOMG!|72\/364
|-unboost|p1a: Latias|spa|2
|-damage|p1a: Latias|234\/301|[from] item: Life Orb
|move|p2a: LATIASOMG!|Ice Beam|p1a: Latias
|-supereffective|p1a: Latias
|-damage|p1a: Latias|38\/301
|
|-heal|p2a: LATIASOMG!|94\/364|[from] item: Leftovers
|turn|19
|c| Issawrap|The Latias is inside.
|
|move|p1a: Latias|Draco Meteor|p2a: LATIASOMG!
|-supereffective|p2a: LATIASOMG!
|-damage|p2a: LATIASOMG!|0 fnt
|-unboost|p1a: Latias|spa|2
|-damage|p1a: Latias|8\/301|[from] item: Life Orb
|faint|p2a: LATIASOMG!
|
|c| alldayeveryday|megagross
|c| GavinMeansBusiness|they look like tey are dancing
|
|switch|p2a: 2Fab4You|Sharpedo, M, shiny|281\/281
|-damage|p2a: 2Fab4You|246\/281|[from] Stealth Rock
|turn|20
|join|wombology
|c| Updated Kanto|Issawrap: >Greentext
|c| Updated Kanto|4chan is how i got this avatar...........
|
|move|p2a: 2Fab4You|Protect|p2a: 2Fab4You
|-singleturn|p2a: 2Fab4You|Protect
|move|p1a: Latias|Healing Wish|p1a: Latias
|faint|p1a: Latias
|
|-boost|p2a: 2Fab4You|spe|1|[from] ability: Speed Boost
|
|switch|p1a: Metagross|Metagross-Mega|125\/301
|-heal|p1a: Metagross|301\/301|[from] move: Healing Wish
|-damage|p1a: Metagross|283\/301|[from] Stealth Rock
|turn|21
|c| Lycon|REK|T
|c| alldayeveryday|bye
|c| Soulic|ayeee
|c| Xiayou|i knew it
|c| Issawrap|Updated Kanto: This isn't 4Chan.
|
|switch|p1a: Ferrothorn|Ferrothorn, F|352\/352
|-damage|p1a: Ferrothorn|330\/352|[from] Stealth Rock
|move|p2a: 2Fab4You|Crunch|p1a: Ferrothorn
|-damage|p1a: Ferrothorn|190\/352
|-damage|p2a: 2Fab4You|211\/281|[from] ability: Iron Barbs|[of] p1a: Ferrothorn
|-unboost|p1a: Ferrothorn|def|1
|-damage|p2a: 2Fab4You|183\/281|[from] item: Life Orb
|
|-heal|p1a: Ferrothorn|212\/352|[from] item: Leftovers
|-boost|p2a: 2Fab4You|spe|1|[from] ability: Speed Boost
|turn|22
|c| GavinMeansBusiness|ouch
|join|ResteCalme
|c| Soulic|ayee
|join|javikun1
|c| Lycon|HAX
|c| GavinMeansBusiness|killem!
|
|move|p1a: Ferrothorn|Protect|p1a: Ferrothorn
|-singleturn|p1a: Ferrothorn|Protect
|move|p2a: 2Fab4You|Crunch|p1a: Ferrothorn
|-activate|p1a: Ferrothorn|Protect
|
|-heal|p1a: Ferrothorn|234\/352|[from] item: Leftovers
|-boost|p2a: 2Fab4You|spe|1|[from] ability: Speed Boost
|turn|23
|leave|Treecho2gud4Ubers
|join|mazanyai
|c| Sakis|sharpedo is power
|c| Xiayou|finish him!!
|c| wombology|when I battled 5th he didnt have a metagross or a latias js :p
|c| Updated Kanto|I never said it was 4chan
|c| Updated Kanto|but ok
|c|â5th|I switch between two teams
|c| Terantiel|^
|c|â5th|unless that's not allowed ._.
|
|switch|p1a: Keldeo|Keldeo|261\/323
|-damage|p1a: Keldeo|241\/323|[from] Stealth Rock
|move|p2a: 2Fab4You|Crunch|p1a: Keldeo
|-resisted|p1a: Keldeo
|-damage|p1a: Keldeo|138\/323
|-boost|p1a: Keldeo|atk|1|[from] ability: Justified
|-damage|p2a: 2Fab4You|155\/281|[from] item: Life Orb
|
|-heal|p1a: Keldeo|158\/323|[from] item: Leftovers
|-boost|p2a: 2Fab4You|spe|1|[from] ability: Speed Boost
|turn|24
|c| mazanyai|its allowed
|c| Terantiel|Fuck your Hydregion
|c| Terantiel|It's a piece of shit.
|c| GavinMeansBusiness|oh no! his attack
|c| Soulic|oohh the attack boost
|c| GavinMeansBusiness|haha
|
|move|p2a: 2Fab4You|Earthquake|p1a: Keldeo
|-damage|p1a: Keldeo|0 fnt
|-damage|p2a: 2Fab4You|127\/281|[from] item: Life Orb
|faint|p1a: Keldeo
|
|-boost|p2a: 2Fab4You|spe|1|[from] ability: Speed Boost
|c| Issawrap|You obviously must be lost then because you're using greentext as if it's funny here. It's actually the opposite. That'd be like me using Kappa here.
|
|switch|p1a: Ferrothorn|Ferrothorn, F|234\/352
|-damage|p1a: Ferrothorn|212\/352|[from] Stealth Rock
|turn|25
|c| liverisalive|i
|join|LolMe
|leave|NinjaBrandon11
|c| Updated Kanto|LOL
|
|move|p2a: 2Fab4You|Crunch|p1a: Ferrothorn
|-damage|p1a: Ferrothorn|91\/352
|-damage|p2a: 2Fab4You|92\/281|[from] ability: Iron Barbs|[of] p1a: Ferrothorn
|-damage|p2a: 2Fab4You|64\/281|[from] item: Life Orb
|move|p1a: Ferrothorn|Gyro Ball|p2a: 2Fab4You
|-resisted|p2a: 2Fab4You
|-damage|p2a: 2Fab4You|0 fnt
|faint|p2a: 2Fab4You
|
|-heal|p1a: Ferrothorn|113\/352|[from] item: Leftovers
|c| liverisalive|Issawrap is mad hes not pro af
|c| Updated Kanto|kid you're 12 you don't know what you're talkinga bout
|
|switch|p2a: GreekCat|Sylveon, M|78\/394 brn
|-damage|p2a: GreekCat|29\/394 brn|[from] Stealth Rock
|turn|26
|c| Issawrap|12? Lmao. No.
|
|move|p1a: Ferrothorn|Protect|p1a: Ferrothorn
|-singleturn|p1a: Ferrothorn|Protect
|move|p2a: GreekCat|Hyper Voice|p1a: Ferrothorn
|-activate|p1a: Ferrothorn|Protect
|
|-heal|p1a: Ferrothorn|135\/352|[from] item: Leftovers
|-damage|p2a: GreekCat|0 fnt|[from] brn
|faint|p2a: GreekCat
|c| Lycon|yo mum is crao
|c| Updated Kanto|"ok"
|c| Terantiel|rip
|
|switch|p2a: Kos HyperBeam|Heatran, F|126\/386
|-damage|p2a: Kos HyperBeam|78\/386|[from] Stealth Rock
|turn|27
|c| Xiayou|damn
|c| Lycon|crap
|join|tittiesfor200
|leave|njfadeaway
|
|switch|p1a: Rotom-Wash|Rotom-Wash|170\/303
|-damage|p1a: Rotom-Wash|133\/303|[from] Stealth Rock
|move|p2a: Kos HyperBeam|Overheat|p1a: Rotom-Wash
|-crit|p1a: Rotom-Wash
|-resisted|p1a: Rotom-Wash
|-damage|p1a: Rotom-Wash|0 fnt
|-unboost|p2a: Kos HyperBeam|spa|2
|faint|p1a: Rotom-Wash
|
|leave|Xiayou
|c| javikun1|nb
|c| Issawrap|Nice insult though. Shows you lack any other real creativity.
|c| liverisalive|critcity
|c| Terantiel|rip crit
|c|âKos HyperBeam|its ok im happy reached in the final of OU
|c| GavinMeansBusiness|crits!
|
|switch|p1a: Landorus-Therian|Landorus-Therian, M|280\/319
|-damage|p1a: Landorus-Therian|241\/319|[from] Stealth Rock
|-ability|p1a: Landorus-Therian|Intimidate|[of] p2a: Kos HyperBeam
|-unboost|p2a: Kos HyperBeam|atk|1
|turn|28
|leave|JackRusso
|
|switch|p2a: Lopunny|Lopunny-Mega, M|169\/272
|-damage|p2a: Lopunny|152\/272|[from] Stealth Rock
|move|p1a: Landorus-Therian|Earthquake|p2a: Lopunny
|-crit|p2a: Lopunny
|-damage|p2a: Lopunny|0 fnt
|faint|p2a: Lopunny
|
|c| Updated Kanto|why would i spend time thinking of a comeback
|c| Terantiel|Was a good run then Kos. o:
|
|switch|p2a: Kos HyperBeam|Heatran, F|78\/386
|-damage|p2a: Kos HyperBeam|30\/386|[from] Stealth Rock
|turn|29
|c|âKos HyperBeam|gg man
|c| Updated Kanto|for you
|c| Lycon|gg
|c| Christopher151|gg
|c| Updated Kanto|there is no point
|c|â5th|gg
|
|move|p1a: Landorus-Therian|Earthquake|p2a: Kos HyperBeam
|-supereffective|p2a: Kos HyperBeam
|-damage|p2a: Kos HyperBeam|0 fnt
|faint|p2a: Kos HyperBeam
|
|win|5th
|c| liverisalive|gg 5th
|join|8TheAwesomeDude8
|leave|mazanyai
|leave|GavinMeansBusiness
|leave|soitsdonnie
|c| alldayeveryday|good game
|leave|thejkbird
|leave|liverisalive
|leave|pedrorealmadrid
|leave|ResteCalme
|leave|Updated Kanto
|leave|5th
|player|p1
|leave|Christopher151
|c| Issawrap|You obviously did but whatever man.
|leave|Flare Mintz
|leave|tittiesfor200
|leave|bicks26
|leave|PsyManiac
|leave|Sakis
|leave|Terantiel
|leave|8TheAwesomeDude8
|leave|Kos HyperBeam
|player|p2
|leave|Uwoodz03
|leave|H4rdC0reX
|leave|Issawrap
|leave|alldayeveryday
|leave|Kingslock
|leave|TBRS
|leave|Mugiwara-sogeking
|leave|Lycon
|leave|TheGreatSplurge
|leave|javikun1
|leave|ninjapingu
|leave|Stoppi