|join|lil manaphy
|join|5th
|player|p1|lil manaphy|8
|player|p2|5th|186
|gametype|singles
|gen|6
|tier|OU
|rated
|clearpoke
|poke|p1|Lopunny, M
|poke|p1|Rotom-Wash
|poke|p1|Gothitelle, F
|poke|p1|Mandibuzz, F
|poke|p1|Heatran, F
|poke|p1|Celebi
|poke|p2|Metagross
|poke|p2|Rotom-Wash
|poke|p2|Ferrothorn, M
|poke|p2|Landorus-Therian, M
|poke|p2|Keldeo
|poke|p2|Latias, F
|rule|Swagger Clause: Swagger is banned
|rule|Baton Pass Clause: Limit one PokÃ©mon knowing Baton Pass
|rule|Sleep Clause Mod: Limit one foe put to sleep
|rule|Species Clause: Limit one of each PokÃ©mon
|rule|OHKO Clause: OHKO moves are banned
|rule|Moody Clause: Moody is banned
|rule|Evasion Moves Clause: Evasion moves are banned
|rule|Endless Battle Clause: Forcing endless battles is banned
|rule|HP Percentage Mod: HP is shown in percentages
|teampreview
|
|start
|switch|p1a: Rotom-Wash|Rotom-Wash|303\/303
|switch|p2a: Rotom-Wash|Rotom-Wash|303\/303
|turn|1
|
|switch|p1a: Celebi|Celebi|404\/404
|move|p2a: Rotom-Wash|Will-O-Wisp|p1a: Celebi
|-status|p1a: Celebi|brn
|
|-damage|p1a: Celebi|354\/404 brn|[from] brn
|turn|2
|
|switch|p2a: Latias|Latias, F|301\/301
|move|p1a: Celebi|Baton Pass|p1a: Celebi
|
|switch|p1a: Heatran|Heatran, F|386\/386
|
|turn|3
|
|switch|p2a: Keldeo|Keldeo|323\/323
|move|p1a: Heatran|Stealth Rock|p2a: Keldeo
|-sidestart|p2: 5th|move: Stealth Rock
|
|turn|4
|
|switch|p2a: Metagross|Metagross|301\/301
|-damage|p2a: Metagross|283\/301|[from] Stealth Rock
|switch|p1a: Celebi|Celebi|354\/404
|
|-heal|p1a: Celebi|379\/404|[from] item: Leftovers
|turn|5
|
|switch|p1a: Mandibuzz|Mandibuzz, F|424\/424
|detailschange|p2a: Metagross|Metagross-Mega
|message|Metagross has Mega Evolved into Mega Metagross!
|move|p2a: Metagross|Meteor Mash|p1a: Mandibuzz
|-damage|p1a: Mandibuzz|250\/424
|
|-heal|p1a: Mandibuzz|276\/424|[from] item: Leftovers
|turn|6
|
|switch|p2a: Rotom-Wash|Rotom-Wash|303\/303
|-damage|p2a: Rotom-Wash|266\/303|[from] Stealth Rock
|move|p1a: Mandibuzz|Roost|p1a: Mandibuzz
|-heal|p1a: Mandibuzz|424\/424
|
|-heal|p2a: Rotom-Wash|284\/303|[from] item: Leftovers
|turn|7
|
|switch|p1a: Celebi|Celebi|379\/404
|move|p2a: Rotom-Wash|Volt Switch|p1a: Celebi
|-resisted|p1a: Celebi
|-damage|p1a: Celebi|347\/404
|
|switch|p2a: Landorus-Therian|Landorus-Therian, M|319\/319
|-damage|p2a: Landorus-Therian|280\/319|[from] Stealth Rock
|-ability|p2a: Landorus-Therian|Intimidate|[of] p1a: Celebi
|-unboost|p1a: Celebi|atk|1
|
|-heal|p1a: Celebi|372\/404|[from] item: Leftovers
|turn|8
|
|switch|p1a: Rotom-Wash|Rotom-Wash|303\/303
|move|p2a: Landorus-Therian|U-turn|p1a: Rotom-Wash
|-damage|p1a: Rotom-Wash|240\/303
|
|switch|p2a: Rotom-Wash|Rotom-Wash|284\/303
|-damage|p2a: Rotom-Wash|247\/303|[from] Stealth Rock
|
|-heal|p1a: Rotom-Wash|258\/303|[from] item: Leftovers
|-heal|p2a: Rotom-Wash|265\/303|[from] item: Leftovers
|turn|9
|
|switch|p1a: Celebi|Celebi|372\/404
|move|p2a: Rotom-Wash|Volt Switch|p1a: Celebi
|-resisted|p1a: Celebi
|-damage|p1a: Celebi|340\/404
|
|switch|p2a: Landorus-Therian|Landorus-Therian, M|280\/319
|-damage|p2a: Landorus-Therian|241\/319|[from] Stealth Rock
|-ability|p2a: Landorus-Therian|Intimidate|[of] p1a: Celebi
|-unboost|p1a: Celebi|atk|1
|
|-heal|p1a: Celebi|365\/404|[from] item: Leftovers
|turn|10
|
|switch|p1a: Heatran|Heatran, F|386\/386
|move|p2a: Landorus-Therian|U-turn|p1a: Heatran
|-resisted|p1a: Heatran
|-damage|p1a: Heatran|365\/386
|
|switch|p2a: Metagross|Metagross-Mega|283\/301
|-damage|p2a: Metagross|265\/301|[from] Stealth Rock
|
|-heal|p1a: Heatran|386\/386|[from] item: Leftovers
|turn|11
|
|switch|p1a: Mandibuzz|Mandibuzz, F|424\/424
|move|p2a: Metagross|Earthquake|p1a: Mandibuzz
|-immune|p1a: Mandibuzz|[msg]
|
|turn|12
|
|switch|p2a: Rotom-Wash|Rotom-Wash|265\/303
|-damage|p2a: Rotom-Wash|228\/303|[from] Stealth Rock
|move|p1a: Mandibuzz|Foul Play|p2a: Rotom-Wash
|-damage|p2a: Rotom-Wash|186\/303
|
|-heal|p2a: Rotom-Wash|204\/303|[from] item: Leftovers
|turn|13
|
|switch|p1a: Celebi|Celebi|365\/404
|move|p2a: Rotom-Wash|Volt Switch|p1a: Celebi
|-resisted|p1a: Celebi
|-damage|p1a: Celebi|330\/404
|
|switch|p2a: Landorus-Therian|Landorus-Therian, M|241\/319
|-damage|p2a: Landorus-Therian|202\/319|[from] Stealth Rock
|-ability|p2a: Landorus-Therian|Intimidate|[of] p1a: Celebi
|-unboost|p1a: Celebi|atk|1
|
|-heal|p1a: Celebi|355\/404|[from] item: Leftovers
|turn|14
|
|switch|p1a: Rotom-Wash|Rotom-Wash|258\/303
|move|p2a: Landorus-Therian|U-turn|p1a: Rotom-Wash
|-damage|p1a: Rotom-Wash|194\/303
|
|switch|p2a: Latias|Latias, F|301\/301
|-damage|p2a: Latias|264\/301|[from] Stealth Rock
|
|-heal|p1a: Rotom-Wash|212\/303|[from] item: Leftovers
|turn|15
|
|switch|p1a: Heatran|Heatran, F|386\/386
|move|p2a: Latias|Defog|p1a: Heatran
|-unboost|p1a: Heatran|evasion|1
|-sideend|p2: 5th|Stealth Rock|[from] move: Defog|[of] p2a: Latias
|
|turn|16
|
|switch|p2a: Rotom-Wash|Rotom-Wash|204\/303
|move|p1a: Heatran|Stealth Rock|p2a: Rotom-Wash
|-sidestart|p2: 5th|move: Stealth Rock
|
|-heal|p2a: Rotom-Wash|222\/303|[from] item: Leftovers
|turn|17
|
|switch|p1a: Celebi|Celebi|355\/404
|move|p2a: Rotom-Wash|Hydro Pump|p1a: Celebi
|-resisted|p1a: Celebi
|-damage|p1a: Celebi|309\/404
|
|-heal|p1a: Celebi|334\/404|[from] item: Leftovers
|-heal|p2a: Rotom-Wash|240\/303|[from] item: Leftovers
|turn|18
|
|move|p1a: Celebi|Giga Drain|p2a: Rotom-Wash
|-supereffective|p2a: Rotom-Wash
|-damage|p2a: Rotom-Wash|88\/303
|-heal|p1a: Celebi|404\/404|[from] drain|[of] p2a: Rotom-Wash
|move|p2a: Rotom-Wash|Pain Split|p1a: Celebi
|-sethp|p1a: Celebi|246\/404|p2a: Rotom-Wash|246\/303|[from] move: Pain Split
|
|-heal|p1a: Celebi|271\/404|[from] item: Leftovers
|-heal|p2a: Rotom-Wash|264\/303|[from] item: Leftovers
|turn|19
|
|switch|p2a: Latias|Latias, F|264\/301
|-damage|p2a: Latias|227\/301|[from] Stealth Rock
|move|p1a: Celebi|Recover|p1a: Celebi
|-heal|p1a: Celebi|404\/404
|
|turn|20
|
|switch|p1a: Heatran|Heatran, F|386\/386
|move|p2a: Latias|Defog|p1a: Heatran
|-unboost|p1a: Heatran|evasion|1
|-sideend|p2: 5th|Stealth Rock|[from] move: Defog|[of] p2a: Latias
|
|turn|21
|
|switch|p2a: Rotom-Wash|Rotom-Wash|264\/303
|move|p1a: Heatran|Stealth Rock|p2a: Rotom-Wash
|-sidestart|p2: 5th|move: Stealth Rock
|
|-heal|p2a: Rotom-Wash|282\/303|[from] item: Leftovers
|turn|22
|
|move|p2a: Rotom-Wash|Hydro Pump|p1a: Heatran
|-supereffective|p1a: Heatran
|-damage|p1a: Heatran|192\/386
|move|p1a: Heatran|Toxic|p2a: Rotom-Wash
|-status|p2a: Rotom-Wash|tox
|
|-heal|p2a: Rotom-Wash|300\/303 tox|[from] item: Leftovers
|-heal|p1a: Heatran|216\/386|[from] item: Leftovers
|-damage|p2a: Rotom-Wash|282\/303 tox|[from] psn
|turn|23
|
|switch|p2a: Keldeo|Keldeo|323\/323
|-damage|p2a: Keldeo|303\/323|[from] Stealth Rock
|move|p1a: Heatran|Protect|p1a: Heatran
|-fail|p1a: Heatran
|
|-heal|p2a: Keldeo|323\/323|[from] item: Leftovers
|-heal|p1a: Heatran|240\/386|[from] item: Leftovers
|turn|24
|
|switch|p1a: Celebi|Celebi|404\/404
|move|p2a: Keldeo|Scald|p1a: Celebi
|-resisted|p1a: Celebi
|-damage|p1a: Celebi|355\/404
|
|-heal|p1a: Celebi|380\/404|[from] item: Leftovers
|turn|25
|
|move|p2a: Keldeo|Substitute|p2a: Keldeo
|-start|p2a: Keldeo|Substitute
|-damage|p2a: Keldeo|243\/323
|move|p1a: Celebi|Giga Drain|p2a: Keldeo
|-supereffective|p2a: Keldeo
|-end|p2a: Keldeo|Substitute
|-heal|p1a: Celebi|404\/404|[from] drain|[of] p2a: Keldeo
|
|-heal|p2a: Keldeo|263\/323|[from] item: Leftovers
|turn|26
|
|move|p2a: Keldeo|Substitute|p2a: Keldeo
|-start|p2a: Keldeo|Substitute
|-damage|p2a: Keldeo|183\/323
|move|p1a: Celebi|Giga Drain|p2a: Keldeo
|-supereffective|p2a: Keldeo
|-end|p2a: Keldeo|Substitute
|
|-heal|p2a: Keldeo|203\/323|[from] item: Leftovers
|turn|27
|
|switch|p2a: Ferrothorn|Ferrothorn, M|352\/352
|-damage|p2a: Ferrothorn|330\/352|[from] Stealth Rock
|move|p1a: Celebi|Giga Drain|p2a: Ferrothorn
|-resisted|p2a: Ferrothorn
|-damage|p2a: Ferrothorn|312\/352
|
|-heal|p2a: Ferrothorn|334\/352|[from] item: Leftovers
|turn|28
|
|move|p1a: Celebi|Baton Pass|p1a: Celebi
|
|switch|p1a: Gothitelle|Gothitelle, F|301\/301
|move|p2a: Ferrothorn|Stealth Rock|p1a: Gothitelle
|-sidestart|p1: lil manaphy|move: Stealth Rock
|
|-heal|p2a: Ferrothorn|352\/352|[from] item: Leftovers
|turn|29
|
|move|p1a: Gothitelle|Trick|p2a: Ferrothorn
|-activate|p1a: Gothitelle|move: Trick|[of] p2a: Ferrothorn
|-item|p2a: Ferrothorn|Choice Scarf|[from] move: Trick
|-item|p1a: Gothitelle|Leftovers|[from] move: Trick
|move|p2a: Ferrothorn|Gyro Ball|p1a: Gothitelle
|-damage|p1a: Gothitelle|181\/301
|
|-heal|p1a: Gothitelle|199\/301|[from] item: Leftovers
|turn|30
|
|switch|p1a: Mandibuzz|Mandibuzz, F|424\/424
|-damage|p1a: Mandibuzz|318\/424|[from] Stealth Rock
|move|p2a: Ferrothorn|Gyro Ball|p1a: Mandibuzz
|-damage|p1a: Mandibuzz|258\/424
|
|-heal|p1a: Mandibuzz|284\/424|[from] item: Leftovers
|turn|31
|
|switch|p2a: Rotom-Wash|Rotom-Wash|282\/303 tox
|-damage|p2a: Rotom-Wash|245\/303 tox|[from] Stealth Rock
|move|p1a: Mandibuzz|Defog|p2a: Rotom-Wash
|-unboost|p2a: Rotom-Wash|evasion|1
|-sideend|p2: 5th|Stealth Rock|[from] move: Defog|[of] p2a: Rotom-Wash
|-sideend|p1: lil manaphy|Stealth Rock|[from] move: Defog|[of] p1a: Mandibuzz
|
|-heal|p2a: Rotom-Wash|263\/303 tox|[from] item: Leftovers
|-heal|p1a: Mandibuzz|310\/424|[from] item: Leftovers
|-damage|p2a: Rotom-Wash|245\/303 tox|[from] psn
|turn|32
|
|switch|p1a: Celebi|Celebi|404\/404
|move|p2a: Rotom-Wash|Volt Switch|p1a: Celebi
|-resisted|p1a: Celebi
|-damage|p1a: Celebi|372\/404
|
|switch|p2a: Landorus-Therian|Landorus-Therian, M|202\/319
|-ability|p2a: Landorus-Therian|Intimidate|[of] p1a: Celebi
|-unboost|p1a: Celebi|atk|1
|
|-heal|p1a: Celebi|397\/404|[from] item: Leftovers
|turn|33
|
|switch|p1a: Rotom-Wash|Rotom-Wash|212\/303
|move|p2a: Landorus-Therian|U-turn|p1a: Rotom-Wash
|-damage|p1a: Rotom-Wash|149\/303
|
|switch|p2a: Latias|Latias, F|227\/301
|
|-heal|p1a: Rotom-Wash|167\/303|[from] item: Leftovers
|turn|34
|
|switch|p2a: Metagross|Metagross-Mega|265\/301
|switch|p1a: Heatran|Heatran, F|240\/386
|
|-heal|p1a: Heatran|264\/386|[from] item: Leftovers
|turn|35
|
|move|p1a: Heatran|Protect|p1a: Heatran
|-singleturn|p1a: Heatran|Protect
|move|p2a: Metagross|Earthquake|p1a: Heatran
|-activate|p1a: Heatran|Protect
|
|-heal|p1a: Heatran|288\/386|[from] item: Leftovers
|turn|36
|
|switch|p1a: Gothitelle|Gothitelle, F|199\/301
|move|p2a: Metagross|Meteor Mash|p1a: Gothitelle
|-damage|p1a: Gothitelle|0 fnt
|faint|p1a: Gothitelle
|
|
|switch|p1a: Mandibuzz|Mandibuzz, F|310\/424
|turn|37
|
|switch|p2a: Rotom-Wash|Rotom-Wash|245\/303 tox
|move|p1a: Mandibuzz|Roost|p1a: Mandibuzz
|-heal|p1a: Mandibuzz|424\/424
|
|-heal|p2a: Rotom-Wash|263\/303 tox|[from] item: Leftovers
|-damage|p2a: Rotom-Wash|245\/303 tox|[from] psn
|turn|38
|
|switch|p1a: Celebi|Celebi|397\/404
|move|p2a: Rotom-Wash|Volt Switch|p1a: Celebi
|-resisted|p1a: Celebi
|-damage|p1a: Celebi|365\/404
|
|switch|p2a: Landorus-Therian|Landorus-Therian, M|202\/319
|-ability|p2a: Landorus-Therian|Intimidate|[of] p1a: Celebi
|-unboost|p1a: Celebi|atk|1
|
|-heal|p1a: Celebi|390\/404|[from] item: Leftovers
|turn|39
|
|switch|p1a: Mandibuzz|Mandibuzz, F|424\/424
|move|p2a: Landorus-Therian|U-turn|p1a: Mandibuzz
|-damage|p1a: Mandibuzz|354\/424
|
|switch|p2a: Rotom-Wash|Rotom-Wash|245\/303 tox
|
|-heal|p2a: Rotom-Wash|263\/303 tox|[from] item: Leftovers
|-heal|p1a: Mandibuzz|380\/424|[from] item: Leftovers
|-damage|p2a: Rotom-Wash|245\/303 tox|[from] psn
|turn|40
|
|move|p2a: Rotom-Wash|Volt Switch|p1a: Mandibuzz
|-supereffective|p1a: Mandibuzz
|-damage|p1a: Mandibuzz|206\/424
|
|switch|p2a: Keldeo|Keldeo|203\/323
|move|p1a: Mandibuzz|Roost|p1a: Mandibuzz
|-heal|p1a: Mandibuzz|418\/424
|
|-heal|p2a: Keldeo|223\/323|[from] item: Leftovers
|-heal|p1a: Mandibuzz|424\/424|[from] item: Leftovers
|turn|41
|
|switch|p2a: Landorus-Therian|Landorus-Therian, M|202\/319
|-ability|p2a: Landorus-Therian|Intimidate|[of] p1a: Mandibuzz
|-unboost|p1a: Mandibuzz|atk|1
|switch|p1a: Celebi|Celebi|390\/404
|
|-heal|p1a: Celebi|404\/404|[from] item: Leftovers
|turn|42
|
|switch|p1a: Lopunny|Lopunny, M|271\/271
|move|p2a: Landorus-Therian|U-turn|p1a: Lopunny
|-damage|p1a: Lopunny|173\/271
|
|switch|p2a: Keldeo|Keldeo|223\/323
|
|-heal|p2a: Keldeo|243\/323|[from] item: Leftovers
|turn|43
|
|switch|p2a: Ferrothorn|Ferrothorn, M|352\/352
|detailschange|p1a: Lopunny|Lopunny-Mega, M
|message|Lopunny has Mega Evolved into Mega Lopunny!
|move|p1a: Lopunny|Fake Out|p2a: Ferrothorn
|-resisted|p2a: Ferrothorn
|-damage|p2a: Ferrothorn|325\/352
|-damage|p1a: Lopunny|140\/271|[from] ability: Iron Barbs|[of] p2a: Ferrothorn
|
|turn|44
|
|move|p1a: Lopunny|High Jump Kick|p2a: Ferrothorn
|-supereffective|p2a: Ferrothorn
|-damage|p2a: Ferrothorn|0 fnt
|-damage|p1a: Lopunny|107\/271|[from] ability: Iron Barbs|[of] p2a: Ferrothorn
|faint|p2a: Ferrothorn
|
|
|switch|p2a: Landorus-Therian|Landorus-Therian, M|202\/319
|-ability|p2a: Landorus-Therian|Intimidate|[of] p1a: Lopunny
|-unboost|p1a: Lopunny|atk|1
|turn|45
|
|switch|p1a: Mandibuzz|Mandibuzz, F|424\/424
|move|p2a: Landorus-Therian|U-turn|p1a: Mandibuzz
|-damage|p1a: Mandibuzz|363\/424
|
|switch|p2a: Rotom-Wash|Rotom-Wash|245\/303 tox
|
|-heal|p2a: Rotom-Wash|263\/303 tox|[from] item: Leftovers
|-heal|p1a: Mandibuzz|389\/424|[from] item: Leftovers
|-damage|p2a: Rotom-Wash|245\/303 tox|[from] psn
|turn|46
|
|switch|p1a: Celebi|Celebi|404\/404
|move|p2a: Rotom-Wash|Volt Switch|p1a: Celebi
|-resisted|p1a: Celebi
|-damage|p1a: Celebi|373\/404
|
|switch|p2a: Landorus-Therian|Landorus-Therian, M|202\/319
|-ability|p2a: Landorus-Therian|Intimidate|[of] p1a: Celebi
|-unboost|p1a: Celebi|atk|1
|
|-heal|p1a: Celebi|398\/404|[from] item: Leftovers
|turn|47
|
|switch|p1a: Heatran|Heatran, F|288\/386
|move|p2a: Landorus-Therian|U-turn|p1a: Heatran
|-resisted|p1a: Heatran
|-damage|p1a: Heatran|266\/386
|
|switch|p2a: Metagross|Metagross-Mega|265\/301
|
|-heal|p1a: Heatran|290\/386|[from] item: Leftovers
|turn|48
|
|move|p1a: Heatran|Protect|p1a: Heatran
|-singleturn|p1a: Heatran|Protect
|move|p2a: Metagross|Earthquake|p1a: Heatran
|-activate|p1a: Heatran|Protect
|
|-heal|p1a: Heatran|314\/386|[from] item: Leftovers
|turn|49
|
|switch|p1a: Mandibuzz|Mandibuzz, F|389\/424
|move|p2a: Metagross|Earthquake|p1a: Mandibuzz
|-immune|p1a: Mandibuzz|[msg]
|
|-heal|p1a: Mandibuzz|415\/424|[from] item: Leftovers
|turn|50
|
|switch|p2a: Rotom-Wash|Rotom-Wash|245\/303 tox
|switch|p1a: Heatran|Heatran, F|314\/386
|
|-heal|p2a: Rotom-Wash|263\/303 tox|[from] item: Leftovers
|-heal|p1a: Heatran|338\/386|[from] item: Leftovers
|-damage|p2a: Rotom-Wash|245\/303 tox|[from] psn
|turn|51
|
|move|p2a: Rotom-Wash|Hydro Pump|p1a: Heatran
|-supereffective|p1a: Heatran
|-damage|p1a: Heatran|156\/386
|move|p1a: Heatran|Stealth Rock|p2a: Rotom-Wash
|-sidestart|p2: 5th|move: Stealth Rock
|
|-heal|p2a: Rotom-Wash|263\/303 tox|[from] item: Leftovers
|-heal|p1a: Heatran|180\/386|[from] item: Leftovers
|-damage|p2a: Rotom-Wash|227\/303 tox|[from] psn
|turn|52
|
|move|p1a: Heatran|Protect|p1a: Heatran
|-singleturn|p1a: Heatran|Protect
|move|p2a: Rotom-Wash|Volt Switch|p1a: Heatran
|-activate|p1a: Heatran|Protect
|
|-heal|p2a: Rotom-Wash|245\/303 tox|[from] item: Leftovers
|-heal|p1a: Heatran|204\/386|[from] item: Leftovers
|-damage|p2a: Rotom-Wash|191\/303 tox|[from] psn
|turn|53
|
|switch|p1a: Celebi|Celebi|398\/404
|move|p2a: Rotom-Wash|Volt Switch|p1a: Celebi
|-resisted|p1a: Celebi
|-damage|p1a: Celebi|367\/404
|
|switch|p2a: Landorus-Therian|Landorus-Therian, M|202\/319
|-damage|p2a: Landorus-Therian|163\/319|[from] Stealth Rock
|-ability|p2a: Landorus-Therian|Intimidate|[of] p1a: Celebi
|-unboost|p1a: Celebi|atk|1
|
|-heal|p1a: Celebi|392\/404|[from] item: Leftovers
|turn|54
|
|switch|p1a: Lopunny|Lopunny-Mega, M|107\/271
|move|p2a: Landorus-Therian|U-turn|p1a: Lopunny
|-resisted|p1a: Lopunny
|-damage|p1a: Lopunny|59\/271
|
|switch|p2a: Metagross|Metagross-Mega|265\/301
|-damage|p2a: Metagross|247\/301|[from] Stealth Rock
|
|turn|55
|
|move|p1a: Lopunny|Fake Out|p2a: Metagross
|-resisted|p2a: Metagross
|-damage|p2a: Metagross|220\/301
|cant|p2a: Metagross|flinch
|
|turn|56
|
|switch|p1a: Mandibuzz|Mandibuzz, F|415\/424
|move|p2a: Metagross|Bullet Punch|p1a: Mandibuzz
|-damage|p1a: Mandibuzz|336\/424
|
|-heal|p1a: Mandibuzz|362\/424|[from] item: Leftovers
|turn|57
|
|switch|p2a: Keldeo|Keldeo|243\/323
|-damage|p2a: Keldeo|223\/323|[from] Stealth Rock
|move|p1a: Mandibuzz|Foul Play|p2a: Keldeo
|-resisted|p2a: Keldeo
|-damage|p2a: Keldeo|191\/323
|-boost|p2a: Keldeo|atk|1|[from] ability: Justified
|
|-heal|p2a: Keldeo|211\/323|[from] item: Leftovers
|-heal|p1a: Mandibuzz|388\/424|[from] item: Leftovers
|turn|58
|
|switch|p2a: Latias|Latias, F|227\/301
|-damage|p2a: Latias|190\/301|[from] Stealth Rock
|switch|p1a: Celebi|Celebi|392\/404
|
|-heal|p1a: Celebi|404\/404|[from] item: Leftovers
|turn|59
|
|switch|p1a: Heatran|Heatran, F|204\/386
|move|p2a: Latias|Defog|p1a: Heatran
|-unboost|p1a: Heatran|evasion|1
|-sideend|p2: 5th|Stealth Rock|[from] move: Defog|[of] p2a: Latias
|
|-heal|p1a: Heatran|228\/386|[from] item: Leftovers
|turn|60
|
|switch|p2a: Keldeo|Keldeo|211\/323
|move|p1a: Heatran|Stealth Rock|p2a: Keldeo
|-sidestart|p2: 5th|move: Stealth Rock
|
|-heal|p2a: Keldeo|231\/323|[from] item: Leftovers
|-heal|p1a: Heatran|252\/386|[from] item: Leftovers
|turn|61
|
|move|p1a: Heatran|Protect|p1a: Heatran
|-singleturn|p1a: Heatran|Protect
|move|p2a: Keldeo|Scald|p1a: Heatran
|-activate|p1a: Heatran|Protect
|
|-heal|p2a: Keldeo|251\/323|[from] item: Leftovers
|-heal|p1a: Heatran|276\/386|[from] item: Leftovers
|turn|62
|
|switch|p2a: Landorus-Therian|Landorus-Therian, M|163\/319
|-damage|p2a: Landorus-Therian|124\/319|[from] Stealth Rock
|-ability|p2a: Landorus-Therian|Intimidate|[of] p1a: Heatran
|-unboost|p1a: Heatran|atk|1
|switch|p1a: Celebi|Celebi|404\/404
|
|turn|63
|
|switch|p1a: Rotom-Wash|Rotom-Wash|167\/303
|move|p2a: Landorus-Therian|U-turn|p1a: Rotom-Wash
|-crit|p1a: Rotom-Wash
|-damage|p1a: Rotom-Wash|73\/303
|
|switch|p2a: Latias|Latias, F|190\/301
|-damage|p2a: Latias|153\/301|[from] Stealth Rock
|
|-heal|p1a: Rotom-Wash|91\/303|[from] item: Leftovers
|turn|64
|
|switch|p1a: Heatran|Heatran, F|276\/386
|move|p2a: Latias|Draco Meteor|p1a: Heatran
|-resisted|p1a: Heatran
|-damage|p1a: Heatran|180\/386
|-unboost|p2a: Latias|spa|2
|-damage|p2a: Latias|123\/301|[from] item: Life Orb
|
|-heal|p1a: Heatran|204\/386|[from] item: Leftovers
|turn|65
|
|move|p2a: Latias|Defog|p1a: Heatran
|-unboost|p1a: Heatran|evasion|1
|-sideend|p2: 5th|Stealth Rock|[from] move: Defog|[of] p2a: Latias
|move|p1a: Heatran|Toxic|p2a: Latias
|-status|p2a: Latias|tox
|
|-heal|p1a: Heatran|228\/386|[from] item: Leftovers
|-damage|p2a: Latias|105\/301 tox|[from] psn
|turn|66
|
|switch|p2a: Keldeo|Keldeo|251\/323
|move|p1a: Heatran|Stealth Rock|p2a: Keldeo
|-sidestart|p2: 5th|move: Stealth Rock
|
|-heal|p2a: Keldeo|271\/323|[from] item: Leftovers
|-heal|p1a: Heatran|252\/386|[from] item: Leftovers
|turn|67
|
|switch|p1a: Celebi|Celebi|404\/404
|move|p2a: Keldeo|Calm Mind|p2a: Keldeo
|-boost|p2a: Keldeo|spa|1
|-boost|p2a: Keldeo|spd|1
|
|-heal|p2a: Keldeo|291\/323|[from] item: Leftovers
|turn|68
|
|switch|p2a: Metagross|Metagross-Mega|220\/301
|-damage|p2a: Metagross|202\/301|[from] Stealth Rock
|move|p1a: Celebi|Giga Drain|p2a: Metagross
|-resisted|p2a: Metagross
|-damage|p2a: Metagross|164\/301
|
|turn|69
|
|switch|p1a: Mandibuzz|Mandibuzz, F|388\/424
|move|p2a: Metagross|Meteor Mash|p1a: Mandibuzz
|-damage|p1a: Mandibuzz|237\/424
|
|-heal|p1a: Mandibuzz|263\/424|[from] item: Leftovers
|turn|70
|
|switch|p2a: Keldeo|Keldeo|291\/323
|-damage|p2a: Keldeo|271\/323|[from] Stealth Rock
|move|p1a: Mandibuzz|Roost|p1a: Mandibuzz
|-heal|p1a: Mandibuzz|424\/424
|
|-heal|p2a: Keldeo|291\/323|[from] item: Leftovers
|turn|71
|
|switch|p2a: Landorus-Therian|Landorus-Therian, M|124\/319
|-damage|p2a: Landorus-Therian|85\/319|[from] Stealth Rock
|-ability|p2a: Landorus-Therian|Intimidate|[of] p1a: Mandibuzz
|-unboost|p1a: Mandibuzz|atk|1
|switch|p1a: Celebi|Celebi|404\/404
|
|turn|72
|
|switch|p1a: Heatran|Heatran, F|252\/386
|move|p2a: Landorus-Therian|U-turn|p1a: Heatran
|-resisted|p1a: Heatran
|-damage|p1a: Heatran|230\/386
|
|switch|p2a: Keldeo|Keldeo|291\/323
|-damage|p2a: Keldeo|271\/323|[from] Stealth Rock
|
|-heal|p2a: Keldeo|291\/323|[from] item: Leftovers
|-heal|p1a: Heatran|254\/386|[from] item: Leftovers
|turn|73
|
|switch|p1a: Celebi|Celebi|404\/404
|move|p2a: Keldeo|Scald|p1a: Celebi
|-resisted|p1a: Celebi
|-damage|p1a: Celebi|352\/404
|
|-heal|p2a: Keldeo|311\/323|[from] item: Leftovers
|-heal|p1a: Celebi|377\/404|[from] item: Leftovers
|turn|74
|
|switch|p2a: Metagross|Metagross-Mega|164\/301
|-damage|p2a: Metagross|146\/301|[from] Stealth Rock
|move|p1a: Celebi|Baton Pass|p1a: Celebi
|
|switch|p1a: Mandibuzz|Mandibuzz, F|424\/424
|
|turn|75
|
|switch|p2a: Keldeo|Keldeo|311\/323
|-damage|p2a: Keldeo|291\/323|[from] Stealth Rock
|move|p1a: Mandibuzz|Foul Play|p2a: Keldeo
|-resisted|p2a: Keldeo
|-damage|p2a: Keldeo|258\/323
|-boost|p2a: Keldeo|atk|1|[from] ability: Justified
|
|-heal|p2a: Keldeo|278\/323|[from] item: Leftovers
|turn|76
|
|switch|p1a: Celebi|Celebi|377\/404
|move|p2a: Keldeo|Calm Mind|p2a: Keldeo
|-boost|p2a: Keldeo|spa|1
|-boost|p2a: Keldeo|spd|1
|
|-heal|p2a: Keldeo|298\/323|[from] item: Leftovers
|-heal|p1a: Celebi|402\/404|[from] item: Leftovers
|turn|77
|
|move|p2a: Keldeo|Substitute|p2a: Keldeo
|-start|p2a: Keldeo|Substitute
|-damage|p2a: Keldeo|218\/323
|move|p1a: Celebi|Perish Song|p1a: Celebi
|-fieldactivate|move: Perish Song
|
|-start|p2a: Keldeo|perish3
|-start|p1a: Celebi|perish3
|-heal|p2a: Keldeo|238\/323|[from] item: Leftovers
|-heal|p1a: Celebi|404\/404|[from] item: Leftovers
|turn|78
|
|move|p2a: Keldeo|Scald|p1a: Celebi
|-resisted|p1a: Celebi
|-damage|p1a: Celebi|329\/404
|move|p1a: Celebi|Giga Drain|p2a: Keldeo
|-supereffective|p2a: Keldeo
|-end|p2a: Keldeo|Substitute
|-heal|p1a: Celebi|369\/404|[from] drain|[of] p2a: Keldeo
|
|-start|p2a: Keldeo|perish2
|-start|p1a: Celebi|perish2
|-heal|p2a: Keldeo|258\/323|[from] item: Leftovers
|-heal|p1a: Celebi|394\/404|[from] item: Leftovers
|turn|79
|
|move|p2a: Keldeo|Substitute|p2a: Keldeo
|-start|p2a: Keldeo|Substitute
|-damage|p2a: Keldeo|178\/323
|move|p1a: Celebi|Giga Drain|p2a: Keldeo
|-supereffective|p2a: Keldeo
|-end|p2a: Keldeo|Substitute
|-heal|p1a: Celebi|404\/404|[from] drain|[of] p2a: Keldeo
|
|-start|p2a: Keldeo|perish1
|-start|p1a: Celebi|perish1
|-heal|p2a: Keldeo|198\/323|[from] item: Leftovers
|turn|80
|
|switch|p2a: Rotom-Wash|Rotom-Wash|191\/303 tox
|-damage|p2a: Rotom-Wash|154\/303 tox|[from] Stealth Rock
|switch|p1a: Lopunny|Lopunny-Mega, M|59\/271
|
|-heal|p2a: Rotom-Wash|172\/303 tox|[from] item: Leftovers
|-damage|p2a: Rotom-Wash|154\/303 tox|[from] psn
|turn|81
|
|move|p1a: Lopunny|Fake Out|p2a: Rotom-Wash
|-damage|p2a: Rotom-Wash|96\/303 tox
|cant|p2a: Rotom-Wash|flinch
|
|-heal|p2a: Rotom-Wash|114\/303 tox|[from] item: Leftovers
|-damage|p2a: Rotom-Wash|78\/303 tox|[from] psn
|turn|82
|
|move|p1a: Lopunny|Return|p2a: Rotom-Wash
|-damage|p2a: Rotom-Wash|0 fnt
|faint|p2a: Rotom-Wash
|
|
|switch|p2a: Landorus-Therian|Landorus-Therian, M|85\/319
|-damage|p2a: Landorus-Therian|46\/319|[from] Stealth Rock
|-ability|p2a: Landorus-Therian|Intimidate|[of] p1a: Lopunny
|-unboost|p1a: Lopunny|atk|1
|turn|83
|
|switch|p1a: Rotom-Wash|Rotom-Wash|91\/303
|move|p2a: Landorus-Therian|U-turn|p1a: Rotom-Wash
|-damage|p1a: Rotom-Wash|23\/303
|
|switch|p2a: Latias|Latias, F|105\/301 tox
|-damage|p2a: Latias|68\/301 tox|[from] Stealth Rock
|
|-heal|p1a: Rotom-Wash|41\/303|[from] item: Leftovers
|-damage|p2a: Latias|50\/301 tox|[from] psn
|turn|84
|
|switch|p1a: Heatran|Heatran, F|254\/386
|move|p2a: Latias|Healing Wish|p2a: Latias
|faint|p2a: Latias
|
|-heal|p1a: Heatran|278\/386|[from] item: Leftovers
|
|switch|p2a: Landorus-Therian|Landorus-Therian, M|46\/319
|-heal|p2a: Landorus-Therian|319\/319|[from] move: Healing Wish
|-damage|p2a: Landorus-Therian|280\/319|[from] Stealth Rock
|-ability|p2a: Landorus-Therian|Intimidate|[of] p1a: Heatran
|-unboost|p1a: Heatran|atk|1
|turn|85
|
|move|p1a: Heatran|Protect|p1a: Heatran
|-singleturn|p1a: Heatran|Protect
|move|p2a: Landorus-Therian|Earthquake|p1a: Heatran
|-activate|p1a: Heatran|Protect
|
|-heal|p1a: Heatran|302\/386|[from] item: Leftovers
|turn|86
|
|switch|p2a: Keldeo|Keldeo|198\/323
|-damage|p2a: Keldeo|178\/323|[from] Stealth Rock
|switch|p1a: Rotom-Wash|Rotom-Wash|41\/303
|
|-heal|p2a: Keldeo|198\/323|[from] item: Leftovers
|-heal|p1a: Rotom-Wash|59\/303|[from] item: Leftovers
|turn|87
|
|switch|p1a: Celebi|Celebi|404\/404
|move|p2a: Keldeo|Secret Sword|p1a: Celebi
|-resisted|p1a: Celebi
|-damage|p1a: Celebi|322\/404
|
|-heal|p2a: Keldeo|218\/323|[from] item: Leftovers
|-heal|p1a: Celebi|347\/404|[from] item: Leftovers
|turn|88
|
|switch|p2a: Metagross|Metagross-Mega|146\/301
|-damage|p2a: Metagross|128\/301|[from] Stealth Rock
|move|p1a: Celebi|Baton Pass|p1a: Celebi
|
|switch|p1a: Mandibuzz|Mandibuzz, F|424\/424
|
|turn|89
|
|switch|p2a: Keldeo|Keldeo|218\/323
|-damage|p2a: Keldeo|198\/323|[from] Stealth Rock
|move|p1a: Mandibuzz|Foul Play|p2a: Keldeo
|-resisted|p2a: Keldeo
|-damage|p2a: Keldeo|161\/323
|-boost|p2a: Keldeo|atk|1|[from] ability: Justified
|
|-heal|p2a: Keldeo|181\/323|[from] item: Leftovers
|turn|90
|
|switch|p1a: Celebi|Celebi|347\/404
|move|p2a: Keldeo|Scald|p1a: Celebi
|-resisted|p1a: Celebi
|-damage|p1a: Celebi|290\/404
|
|-heal|p2a: Keldeo|201\/323|[from] item: Leftovers
|-heal|p1a: Celebi|315\/404|[from] item: Leftovers
|turn|91
|
|switch|p2a: Metagross|Metagross-Mega|128\/301
|-damage|p2a: Metagross|110\/301|[from] Stealth Rock
|move|p1a: Celebi|Giga Drain|p2a: Metagross
|-resisted|p2a: Metagross
|-damage|p2a: Metagross|70\/301
|-heal|p1a: Celebi|335\/404|[from] drain|[of] p2a: Metagross
|
|-heal|p1a: Celebi|360\/404|[from] item: Leftovers
|turn|92
|
|switch|p1a: Mandibuzz|Mandibuzz, F|424\/424
|move|p2a: Metagross|Meteor Mash|p1a: Mandibuzz
|-damage|p1a: Mandibuzz|247\/424
|-boost|p2a: Metagross|atk|1
|
|-heal|p1a: Mandibuzz|273\/424|[from] item: Leftovers
|turn|93
|
|move|p2a: Metagross|Meteor Mash|p1a: Mandibuzz
|-damage|p1a: Mandibuzz|32\/424
|-boost|p2a: Metagross|atk|1
|move|p1a: Mandibuzz|Foul Play|p2a: Metagross
|-supereffective|p2a: Metagross
|-damage|p2a: Metagross|0 fnt
|faint|p2a: Metagross
|
|-heal|p1a: Mandibuzz|58\/424|[from] item: Leftovers
|
|switch|p2a: Keldeo|Keldeo|201\/323
|-damage|p2a: Keldeo|181\/323|[from] Stealth Rock
|turn|94
|
|switch|p2a: Landorus-Therian|Landorus-Therian, M|280\/319
|-damage|p2a: Landorus-Therian|241\/319|[from] Stealth Rock
|-ability|p2a: Landorus-Therian|Intimidate|[of] p1a: Mandibuzz
|-unboost|p1a: Mandibuzz|atk|1
|switch|p1a: Celebi|Celebi|360\/404
|
|-heal|p1a: Celebi|385\/404|[from] item: Leftovers
|turn|95
|
|switch|p1a: Mandibuzz|Mandibuzz, F|58\/424
|move|p2a: Landorus-Therian|U-turn|p1a: Mandibuzz
|-damage|p1a: Mandibuzz|0 fnt
|faint|p1a: Mandibuzz
|
|switch|p2a: Keldeo|Keldeo|181\/323
|-damage|p2a: Keldeo|161\/323|[from] Stealth Rock
|
|-heal|p2a: Keldeo|181\/323|[from] item: Leftovers
|
|switch|p1a: Celebi|Celebi|385\/404
|turn|96
|
|switch|p2a: Landorus-Therian|Landorus-Therian, M|241\/319
|-damage|p2a: Landorus-Therian|202\/319|[from] Stealth Rock
|-ability|p2a: Landorus-Therian|Intimidate|[of] p1a: Celebi
|-unboost|p1a: Celebi|atk|1
|move|p1a: Celebi|Giga Drain|p2a: Landorus-Therian
|-damage|p2a: Landorus-Therian|105\/319
|-heal|p1a: Celebi|404\/404|[from] drain|[of] p2a: Landorus-Therian
|
|turn|97
|
|switch|p1a: Heatran|Heatran, F|302\/386
|move|p2a: Landorus-Therian|U-turn|p1a: Heatran
|-resisted|p1a: Heatran
|-damage|p1a: Heatran|280\/386
|
|switch|p2a: Keldeo|Keldeo|181\/323
|-damage|p2a: Keldeo|161\/323|[from] Stealth Rock
|
|-heal|p2a: Keldeo|181\/323|[from] item: Leftovers
|-heal|p1a: Heatran|304\/386|[from] item: Leftovers
|turn|98
|
|switch|p1a: Celebi|Celebi|404\/404
|move|p2a: Keldeo|Secret Sword|p1a: Celebi
|-resisted|p1a: Celebi
|-damage|p1a: Celebi|322\/404
|
|-heal|p2a: Keldeo|201\/323|[from] item: Leftovers
|-heal|p1a: Celebi|347\/404|[from] item: Leftovers
|turn|99
|
|move|p2a: Keldeo|Scald|p1a: Celebi
|-resisted|p1a: Celebi
|-damage|p1a: Celebi|290\/404
|move|p1a: Celebi|Giga Drain|p2a: Keldeo
|-supereffective|p2a: Keldeo
|-damage|p2a: Keldeo|7\/323
|-heal|p1a: Celebi|387\/404|[from] drain|[of] p2a: Keldeo
|
|-heal|p2a: Keldeo|27\/323|[from] item: Leftovers
|-heal|p1a: Celebi|404\/404|[from] item: Leftovers
|turn|100
|
|move|p2a: Keldeo|Scald|p1a: Celebi
|-resisted|p1a: Celebi
|-damage|p1a: Celebi|355\/404
|move|p1a: Celebi|Giga Drain|p2a: Keldeo
|-supereffective|p2a: Keldeo
|-damage|p2a: Keldeo|0 fnt
|-heal|p1a: Celebi|369\/404|[from] drain|[of] p2a: Keldeo
|faint|p2a: Keldeo
|
|-heal|p1a: Celebi|394\/404|[from] item: Leftovers
|
|switch|p2a: Landorus-Therian|Landorus-Therian, M|105\/319
|-damage|p2a: Landorus-Therian|66\/319|[from] Stealth Rock
|-ability|p2a: Landorus-Therian|Intimidate|[of] p1a: Celebi
|-unboost|p1a: Celebi|atk|1
|turn|101
|
|move|p2a: Landorus-Therian|U-turn|p1a: Celebi
|-supereffective|p1a: Celebi
|-damage|p1a: Celebi|42\/404
|move|p1a: Celebi|Giga Drain|p2a: Landorus-Therian
|-damage|p2a: Landorus-Therian|0 fnt
|-heal|p1a: Celebi|75\/404|[from] drain|[of] p2a: Landorus-Therian
|faint|p2a: Landorus-Therian
|
|win|lil manaphy
|raw|Ladder updating...