|join|Aka DH
|join|5th
|player|p1|Aka DH|68
|player|p2|5th|52
|gametype|singles
|gen|6
|tier|OU
|rated
|clearpoke
|poke|p1|Bisharp, M
|poke|p1|Venusaur, M
|poke|p1|Heatran, M
|poke|p1|Keldeo
|poke|p1|Chansey, F
|poke|p1|Skarmory, F
|poke|p2|Metagross
|poke|p2|Rotom-Wash
|poke|p2|Ferrothorn, M
|poke|p2|Landorus-Therian, M
|poke|p2|Keldeo
|poke|p2|Latias, F
|rule|Swagger Clause: Swagger is banned
|rule|Baton Pass Clause: Limit one PokÃ©mon knowing Baton Pass
|rule|Sleep Clause Mod: Limit one foe put to sleep
|rule|Species Clause: Limit one of each PokÃ©mon
|rule|OHKO Clause: OHKO moves are banned
|rule|Moody Clause: Moody is banned
|rule|Evasion Moves Clause: Evasion moves are banned
|rule|Endless Battle Clause: Forcing endless battles is banned
|rule|HP Percentage Mod: HP is shown in percentages
|teampreview
Aka DH turned on modjoin.
|raw|<div class="broadcast-red"><b>Moderated chat was set to +!<\/b><br \/>Only users of rank + and higher can talk.<\/div>
Aka DH made this room private.
|
|start
|switch|p1a: Heatran|Heatran, M|340\/340
|switch|p2a: Metagross|Metagross|301\/301
|-item|p1a: Heatran|Air Balloon
|turn|1
|
|switch|p2a: Rotom-Wash|Rotom-Wash|303\/303
|move|p1a: Heatran|Fire Blast|p2a: Rotom-Wash
|-resisted|p2a: Rotom-Wash
|-damage|p2a: Rotom-Wash|228\/303
|-status|p2a: Rotom-Wash|brn
|
|-heal|p2a: Rotom-Wash|246\/303 brn|[from] item: Leftovers
|-damage|p2a: Rotom-Wash|209\/303 brn|[from] brn
|turn|2
|
|move|p1a: Heatran|Stealth Rock|p2a: Rotom-Wash
|-sidestart|p2: 5th|move: Stealth Rock
|move|p2a: Rotom-Wash|Volt Switch|p1a: Heatran
|-damage|p1a: Heatran|252\/340
|-enditem|p1a: Heatran|Air Balloon
|
|switch|p2a: Keldeo|Keldeo|323\/323
|-damage|p2a: Keldeo|303\/323|[from] Stealth Rock
|
|-heal|p2a: Keldeo|323\/323|[from] item: Leftovers
|turn|3
|
|switch|p2a: Latias|Latias, F|301\/301
|-damage|p2a: Latias|264\/301|[from] Stealth Rock
|move|p1a: Heatran|Toxic|p2a: Latias
|-status|p2a: Latias|tox
|
|-damage|p2a: Latias|246\/301 tox|[from] psn
|turn|4
|
|switch|p2a: Keldeo|Keldeo|323\/323
|-damage|p2a: Keldeo|303\/323|[from] Stealth Rock
|move|p1a: Heatran|Stealth Rock|p2a: Keldeo
|-fail|p2a: Keldeo
|
|-heal|p2a: Keldeo|323\/323|[from] item: Leftovers
|turn|5
|
|move|p2a: Keldeo|Substitute|p2a: Keldeo
|-start|p2a: Keldeo|Substitute
|-damage|p2a: Keldeo|243\/323
|move|p1a: Heatran|Toxic|p2a: Keldeo|[miss]
|-miss|p1a: Heatran|p2a: Keldeo
|
|-heal|p2a: Keldeo|263\/323|[from] item: Leftovers
|turn|6
|
|switch|p1a: Venusaur|Venusaur, M|364\/364
|move|p2a: Keldeo|Scald|p1a: Venusaur
|-resisted|p1a: Venusaur
|-damage|p1a: Venusaur|289\/364
|
|-heal|p2a: Keldeo|283\/323|[from] item: Leftovers
|turn|7
|
|detailschange|p1a: Venusaur|Venusaur-Mega, M
|message|Venusaur has Mega Evolved into Mega Venusaur!
|move|p2a: Keldeo|Scald|p1a: Venusaur
|-resisted|p1a: Venusaur
|-damage|p1a: Venusaur|229\/364
|-status|p1a: Venusaur|brn
|move|p1a: Venusaur|Giga Drain|p2a: Keldeo
|-crit|p2a: Keldeo
|-supereffective|p2a: Keldeo
|-end|p2a: Keldeo|Substitute
|-heal|p1a: Venusaur|269\/364 brn|[from] drain|[of] p2a: Keldeo
|
|-heal|p2a: Keldeo|303\/323|[from] item: Leftovers
|-damage|p1a: Venusaur|224\/364 brn|[from] brn
|turn|8
|
|switch|p1a: Bisharp|Bisharp, M|334\/334
|move|p2a: Keldeo|Calm Mind|p2a: Keldeo
|-boost|p2a: Keldeo|spa|1
|-boost|p2a: Keldeo|spd|1
|
|-heal|p2a: Keldeo|323\/323|[from] item: Leftovers
|turn|9
|
|switch|p1a: Heatran|Heatran, M|252\/340
|move|p2a: Keldeo|Scald|p1a: Heatran
|-supereffective|p1a: Heatran
|-damage|p1a: Heatran|0 fnt
|faint|p1a: Heatran
|
|
|switch|p1a: Venusaur|Venusaur-Mega, M|224\/364 brn
|turn|10
|
|move|p2a: Keldeo|Substitute|p2a: Keldeo
|-start|p2a: Keldeo|Substitute
|-damage|p2a: Keldeo|243\/323
|move|p1a: Venusaur|Giga Drain|p2a: Keldeo
|-supereffective|p2a: Keldeo
|-end|p2a: Keldeo|Substitute
|-heal|p1a: Venusaur|264\/364 brn|[from] drain|[of] p2a: Keldeo
|
|-heal|p2a: Keldeo|263\/323|[from] item: Leftovers
|-damage|p1a: Venusaur|219\/364 brn|[from] brn
|turn|11
|
|switch|p2a: Ferrothorn|Ferrothorn, M|352\/352
|-damage|p2a: Ferrothorn|330\/352|[from] Stealth Rock
|move|p1a: Venusaur|Giga Drain|p2a: Ferrothorn
|-resisted|p2a: Ferrothorn
|-damage|p2a: Ferrothorn|311\/352
|-heal|p1a: Venusaur|229\/364 brn|[from] drain|[of] p2a: Ferrothorn
|
|-heal|p2a: Ferrothorn|333\/352|[from] item: Leftovers
|-damage|p1a: Venusaur|184\/364 brn|[from] brn
|turn|12
|
|move|p1a: Venusaur|Synthesis|p1a: Venusaur
|-heal|p1a: Venusaur|364\/364 brn
|move|p2a: Ferrothorn|Stealth Rock|p1a: Venusaur
|-sidestart|p1: Aka DH|move: Stealth Rock
|
|-heal|p2a: Ferrothorn|352\/352|[from] item: Leftovers
|-damage|p1a: Venusaur|319\/364 brn|[from] brn
|turn|13
|
|switch|p1a: Bisharp|Bisharp, M|334\/334
|-damage|p1a: Bisharp|314\/334|[from] Stealth Rock
|switch|p2a: Landorus-Therian|Landorus-Therian, M|319\/319
|-damage|p2a: Landorus-Therian|280\/319|[from] Stealth Rock
|-ability|p2a: Landorus-Therian|Intimidate|[of] p1a: Bisharp
|-unboost|p1a: Bisharp|atk|1
|-boost|p1a: Bisharp|atk|2|[from] ability: Defiant
|
|-heal|p1a: Bisharp|334\/334|[from] item: Leftovers
|turn|14
|
|switch|p1a: Skarmory|Skarmory, F|334\/334
|-damage|p1a: Skarmory|293\/334|[from] Stealth Rock
|move|p2a: Landorus-Therian|U-turn|p1a: Skarmory
|-resisted|p1a: Skarmory
|-damage|p1a: Skarmory|279\/334
|-damage|p2a: Landorus-Therian|227\/319|[from] item: Rocky Helmet|[of] p1a: Skarmory
|
|switch|p2a: Rotom-Wash|Rotom-Wash|209\/303 brn
|-damage|p2a: Rotom-Wash|172\/303 brn|[from] Stealth Rock
|
|-heal|p2a: Rotom-Wash|190\/303 brn|[from] item: Leftovers
|-damage|p2a: Rotom-Wash|153\/303 brn|[from] brn
|turn|15
|
|move|p2a: Rotom-Wash|Will-O-Wisp|p1a: Skarmory
|-status|p1a: Skarmory|brn
|move|p1a: Skarmory|Roost|p1a: Skarmory
|-heal|p1a: Skarmory|334\/334 brn
|
|-heal|p2a: Rotom-Wash|171\/303 brn|[from] item: Leftovers
|-damage|p2a: Rotom-Wash|134\/303 brn|[from] brn
|-damage|p1a: Skarmory|293\/334 brn|[from] brn
|turn|16
|
|switch|p1a: Chansey|Chansey, F|684\/684
|-damage|p1a: Chansey|599\/684|[from] Stealth Rock
|move|p2a: Rotom-Wash|Pain Split|p1a: Chansey
|-sethp|p1a: Chansey|366\/684|p2a: Rotom-Wash|303\/303 brn|[from] move: Pain Split
|
|-damage|p2a: Rotom-Wash|266\/303 brn|[from] brn
|turn|17
|
|move|p2a: Rotom-Wash|Volt Switch|p1a: Chansey
|-damage|p1a: Chansey|311\/684
|
|switch|p2a: Ferrothorn|Ferrothorn, M|352\/352
|-damage|p2a: Ferrothorn|330\/352|[from] Stealth Rock
|move|p1a: Chansey|Aromatherapy|p1a: Chansey
|-cureteam|p1a: Chansey|[from] move: Aromatherapy
|
|-heal|p2a: Ferrothorn|352\/352|[from] item: Leftovers
|turn|18
|
|move|p1a: Chansey|Soft-Boiled|p1a: Chansey
|-heal|p1a: Chansey|653\/684
|move|p2a: Ferrothorn|Leech Seed|p1a: Chansey
|-start|p1a: Chansey|move: Leech Seed
|
|-damage|p1a: Chansey|568\/684|[from] Leech Seed|[of] p2a: Ferrothorn
|turn|19
|
|switch|p1a: Skarmory|Skarmory, F|293\/334
|-damage|p1a: Skarmory|252\/334|[from] Stealth Rock
|switch|p2a: Landorus-Therian|Landorus-Therian, M|227\/319
|-damage|p2a: Landorus-Therian|188\/319|[from] Stealth Rock
|-ability|p2a: Landorus-Therian|Intimidate|[of] p1a: Skarmory
|-unboost|p1a: Skarmory|atk|1
|
|turn|20
|
|switch|p2a: Rotom-Wash|Rotom-Wash|266\/303 brn
|-damage|p2a: Rotom-Wash|229\/303 brn|[from] Stealth Rock
|move|p1a: Skarmory|Spikes|p2a: Rotom-Wash
|-sidestart|p2: 5th|Spikes
|
|-heal|p2a: Rotom-Wash|247\/303 brn|[from] item: Leftovers
|-damage|p2a: Rotom-Wash|210\/303 brn|[from] brn
|turn|21
|
|move|p2a: Rotom-Wash|Volt Switch|p1a: Skarmory
|-supereffective|p1a: Skarmory
|-damage|p1a: Skarmory|66\/334
|
|switch|p2a: Latias|Latias, F|246\/301 tox
|-damage|p2a: Latias|209\/301 tox|[from] Stealth Rock
|move|p1a: Skarmory|Roost|p1a: Skarmory
|-heal|p1a: Skarmory|233\/334
|
|-damage|p2a: Latias|191\/301 tox|[from] psn
|turn|22
|
|move|p2a: Latias|Draco Meteor|p1a: Skarmory
|-resisted|p1a: Skarmory
|-damage|p1a: Skarmory|93\/334
|-unboost|p2a: Latias|spa|2
|-damage|p2a: Latias|161\/301 tox|[from] item: Life Orb
|move|p1a: Skarmory|Spikes|p2a: Latias
|-sidestart|p2: 5th|Spikes
|
|-damage|p2a: Latias|125\/301 tox|[from] psn
|turn|23
|
|move|p2a: Latias|Defog|p1a: Skarmory
|-unboost|p1a: Skarmory|evasion|1
|-sideend|p1: Aka DH|Stealth Rock|[from] move: Defog|[of] p1a: Skarmory
|-sideend|p2: 5th|Spikes|[from] move: Defog|[of] p2a: Latias
|-sideend|p2: 5th|Stealth Rock|[from] move: Defog|[of] p2a: Latias
|move|p1a: Skarmory|Roost|p1a: Skarmory
|-heal|p1a: Skarmory|260\/334
|
|-damage|p2a: Latias|71\/301 tox|[from] psn
|turn|24
|
|switch|p2a: Rotom-Wash|Rotom-Wash|210\/303 brn
|move|p1a: Skarmory|Spikes|p2a: Rotom-Wash
|-sidestart|p2: 5th|Spikes
|
|-heal|p2a: Rotom-Wash|228\/303 brn|[from] item: Leftovers
|-damage|p2a: Rotom-Wash|191\/303 brn|[from] brn
|turn|25
|
|switch|p1a: Chansey|Chansey, F|568\/684
|move|p2a: Rotom-Wash|Will-O-Wisp|p1a: Chansey
|-status|p1a: Chansey|brn
|
|-heal|p2a: Rotom-Wash|209\/303 brn|[from] item: Leftovers
|-damage|p2a: Rotom-Wash|172\/303 brn|[from] brn
|-damage|p1a: Chansey|483\/684 brn|[from] brn
|turn|26
|
|move|p2a: Rotom-Wash|Pain Split|p1a: Chansey
|-sethp|p1a: Chansey|327\/684 brn|p2a: Rotom-Wash|303\/303 brn|[from] move: Pain Split
|move|p1a: Chansey|Seismic Toss|p2a: Rotom-Wash
|-damage|p2a: Rotom-Wash|203\/303 brn
|
|-heal|p2a: Rotom-Wash|221\/303 brn|[from] item: Leftovers
|-damage|p2a: Rotom-Wash|184\/303 brn|[from] brn
|-damage|p1a: Chansey|242\/684 brn|[from] brn
|turn|27
|
|move|p2a: Rotom-Wash|Volt Switch|p1a: Chansey
|-damage|p1a: Chansey|188\/684 brn
|
|switch|p2a: Keldeo|Keldeo|263\/323
|-damage|p2a: Keldeo|223\/323|[from] Spikes
|move|p1a: Chansey|Soft-Boiled|p1a: Chansey
|-heal|p1a: Chansey|530\/684 brn
|
|-heal|p2a: Keldeo|243\/323|[from] item: Leftovers
|-damage|p1a: Chansey|445\/684 brn|[from] brn
|turn|28
|
|switch|p1a: Venusaur|Venusaur-Mega, M|319\/364
|move|p2a: Keldeo|Secret Sword|p1a: Venusaur
|-resisted|p1a: Venusaur
|-damage|p1a: Venusaur|271\/364
|
|-heal|p2a: Keldeo|263\/323|[from] item: Leftovers
|turn|29
|
|switch|p2a: Ferrothorn|Ferrothorn, M|352\/352
|-damage|p2a: Ferrothorn|308\/352|[from] Spikes
|move|p1a: Venusaur|Hidden Power|p2a: Ferrothorn
|-supereffective|p2a: Ferrothorn
|-damage|p2a: Ferrothorn|136\/352
|
|-heal|p2a: Ferrothorn|158\/352|[from] item: Leftovers
|turn|30
|
|move|p2a: Ferrothorn|Protect|p2a: Ferrothorn
|-singleturn|p2a: Ferrothorn|Protect
|move|p1a: Venusaur|Hidden Power|p2a: Ferrothorn
|-activate|p2a: Ferrothorn|Protect
|
|-heal|p2a: Ferrothorn|180\/352|[from] item: Leftovers
|turn|31
|
|switch|p2a: Metagross|Metagross|301\/301
|-damage|p2a: Metagross|264\/301|[from] Spikes
|move|p1a: Venusaur|Hidden Power|p2a: Metagross
|-supereffective|p2a: Metagross
|-damage|p2a: Metagross|144\/301
|
|turn|32
|
|switch|p1a: Skarmory|Skarmory, F|260\/334
|detailschange|p2a: Metagross|Metagross-Mega
|message|Metagross has Mega Evolved into Mega Metagross!
|move|p2a: Metagross|Zen Headbutt|p1a: Skarmory
|-crit|p1a: Skarmory
|-resisted|p1a: Skarmory
|-damage|p1a: Skarmory|170\/334
|-damage|p2a: Metagross|94\/301|[from] item: Rocky Helmet|[of] p1a: Skarmory
|
|turn|33
|
|switch|p2a: Rotom-Wash|Rotom-Wash|184\/303 brn
|move|p1a: Skarmory|Roost|p1a: Skarmory
|-heal|p1a: Skarmory|334\/334
|
|-heal|p2a: Rotom-Wash|202\/303 brn|[from] item: Leftovers
|-damage|p2a: Rotom-Wash|165\/303 brn|[from] brn
|turn|34
|
|switch|p1a: Venusaur|Venusaur-Mega, M|271\/364
|move|p2a: Rotom-Wash|Pain Split|p1a: Venusaur
|-sethp|p1a: Venusaur|218\/364|p2a: Rotom-Wash|218\/303 brn|[from] move: Pain Split
|
|-heal|p2a: Rotom-Wash|236\/303 brn|[from] item: Leftovers
|-damage|p2a: Rotom-Wash|199\/303 brn|[from] brn
|turn|35
|
|switch|p2a: Ferrothorn|Ferrothorn, M|180\/352
|-damage|p2a: Ferrothorn|136\/352|[from] Spikes
|move|p1a: Venusaur|Giga Drain|p2a: Ferrothorn
|-resisted|p2a: Ferrothorn
|-damage|p2a: Ferrothorn|116\/352
|-heal|p1a: Venusaur|228\/364|[from] drain|[of] p2a: Ferrothorn
|
|-heal|p2a: Ferrothorn|138\/352|[from] item: Leftovers
|turn|36
|
|move|p1a: Venusaur|Hidden Power|p2a: Ferrothorn
|-supereffective|p2a: Ferrothorn
|-damage|p2a: Ferrothorn|0 fnt
|faint|p2a: Ferrothorn
|
|
|switch|p2a: Metagross|Metagross-Mega|94\/301
|-damage|p2a: Metagross|57\/301|[from] Spikes
|turn|37
|
|switch|p2a: Rotom-Wash|Rotom-Wash|199\/303 brn
|switch|p1a: Skarmory|Skarmory, F|334\/334
|
|-heal|p2a: Rotom-Wash|217\/303 brn|[from] item: Leftovers
|-damage|p2a: Rotom-Wash|180\/303 brn|[from] brn
|turn|38
|
|move|p2a: Rotom-Wash|Volt Switch|p1a: Skarmory
|-supereffective|p1a: Skarmory
|-damage|p1a: Skarmory|136\/334
|
|switch|p2a: Keldeo|Keldeo|263\/323
|-damage|p2a: Keldeo|223\/323|[from] Spikes
|move|p1a: Skarmory|Spikes|p2a: Keldeo
|-sidestart|p2: 5th|Spikes
|
|-heal|p2a: Keldeo|243\/323|[from] item: Leftovers
|turn|39
|
|move|p2a: Keldeo|Scald|p1a: Skarmory
|-damage|p1a: Skarmory|0 fnt
|faint|p1a: Skarmory
|
|-heal|p2a: Keldeo|263\/323|[from] item: Leftovers
|
|switch|p1a: Venusaur|Venusaur-Mega, M|228\/364
|turn|40
|
|switch|p2a: Rotom-Wash|Rotom-Wash|180\/303 brn
|move|p1a: Venusaur|Giga Drain|p2a: Rotom-Wash
|-supereffective|p2a: Rotom-Wash
|-damage|p2a: Rotom-Wash|0 fnt
|-heal|p1a: Venusaur|318\/364|[from] drain|[of] p2a: Rotom-Wash
|faint|p2a: Rotom-Wash
|
|
|switch|p2a: Latias|Latias, F|71\/301 tox
|turn|41
|
|move|p2a: Latias|Healing Wish|p2a: Latias
|faint|p2a: Latias
|move|p1a: Venusaur|Leech Seed|p2: Latias|[notarget]
|-notarget
|
|
|switch|p2a: Metagross|Metagross-Mega|57\/301
|-heal|p2a: Metagross|301\/301|[from] move: Healing Wish
|-damage|p2a: Metagross|251\/301|[from] Spikes
|turn|42
|
|move|p2a: Metagross|Zen Headbutt|p1a: Venusaur
|-supereffective|p1a: Venusaur
|-damage|p1a: Venusaur|82\/364
|move|p1a: Venusaur|Leech Seed|p2a: Metagross
|-start|p2a: Metagross|move: Leech Seed
|
|-damage|p2a: Metagross|214\/301|[from] Leech Seed|[of] p1a: Venusaur
|-heal|p1a: Venusaur|119\/364|[silent]
|turn|43
|
|move|p2a: Metagross|Zen Headbutt|p1a: Venusaur
|-supereffective|p1a: Venusaur
|-damage|p1a: Venusaur|0 fnt
|faint|p1a: Venusaur
|
|
|switch|p1a: Keldeo|Keldeo|323\/323
|turn|44
|
|switch|p1a: Bisharp|Bisharp, M|334\/334
|move|p2a: Metagross|Earthquake|p1a: Bisharp
|-supereffective|p1a: Bisharp
|-damage|p1a: Bisharp|86\/334
|
|-heal|p1a: Bisharp|106\/334|[from] item: Leftovers
|-damage|p2a: Metagross|177\/301|[from] Leech Seed|[of] p1a: Bisharp
|-heal|p1a: Bisharp|143\/334|[silent]
|turn|45
|
|switch|p2a: Keldeo|Keldeo|263\/323
|-damage|p2a: Keldeo|210\/323|[from] Spikes
|switch|p1a: Chansey|Chansey, F|445\/684
|
|-heal|p2a: Keldeo|230\/323|[from] item: Leftovers
|turn|46
|
|move|p2a: Keldeo|Secret Sword|p1a: Chansey
|-supereffective|p1a: Chansey
|-damage|p1a: Chansey|17\/684
|move|p1a: Chansey|Seismic Toss|p2a: Keldeo
|-damage|p2a: Keldeo|130\/323
|
|-heal|p2a: Keldeo|150\/323|[from] item: Leftovers
|turn|47
|
|move|p2a: Keldeo|Secret Sword|p1a: Chansey
|-supereffective|p1a: Chansey
|-damage|p1a: Chansey|0 fnt
|faint|p1a: Chansey
|
|-heal|p2a: Keldeo|170\/323|[from] item: Leftovers
|
|switch|p1a: Keldeo|Keldeo|323\/323
|turn|48
|
|switch|p2a: Landorus-Therian|Landorus-Therian, M|188\/319
|-ability|p2a: Landorus-Therian|Intimidate|[of] p1a: Keldeo
|-unboost|p1a: Keldeo|atk|1
|move|p1a: Keldeo|Secret Sword|p2a: Landorus-Therian
|-resisted|p2a: Landorus-Therian
|-damage|p2a: Landorus-Therian|107\/319
|
|turn|49
|
|move|p2a: Landorus-Therian|Earthquake|p1a: Keldeo
|-damage|p1a: Keldeo|119\/323
|move|p1a: Keldeo|Scald|p2a: Landorus-Therian
|-crit|p2a: Landorus-Therian
|-supereffective|p2a: Landorus-Therian
|-damage|p2a: Landorus-Therian|0 fnt
|faint|p2a: Landorus-Therian
|
|-heal|p1a: Keldeo|139\/323|[from] item: Leftovers
|
|switch|p2a: Metagross|Metagross-Mega|177\/301
|-damage|p2a: Metagross|127\/301|[from] Spikes
|turn|50
|
|move|p2a: Metagross|Zen Headbutt|p1a: Keldeo
|-supereffective|p1a: Keldeo
|-damage|p1a: Keldeo|0 fnt
|faint|p1a: Keldeo
|
|-message|Aka DH forfeited.
|
|win|5th
|raw|Ladder updating...
|leave|Aka DH
|player|p1
|raw|Aka DH's rating: 1642 &rarr; <strong>1620<\/strong><br \/>(-22 for losing)
|raw|5th's rating: 1600 &rarr; <strong>1623<\/strong><br \/>(+23 for winning)