|join|Miles Tails
|join|5th
|player|p1|Miles Tails|1
|player|p2|5th|20
|gametype|singles
|gen|6
|tier|OU
|clearpoke
|poke|p1|Venusaur, M
|poke|p1|Rhyperior, M
|poke|p1|Manaphy
|poke|p1|Hawlucha, M
|poke|p1|Latios, M
|poke|p1|Clefable, F
|poke|p2|Metagross
|poke|p2|Keldeo
|poke|p2|Thundurus, M
|poke|p2|Landorus-Therian, M
|poke|p2|Bisharp, F
|poke|p2|Garchomp, F
|rule|Swagger Clause: Swagger is banned
|rule|Baton Pass Clause: Limit one PokÃ©mon knowing Baton Pass
|rule|Sleep Clause Mod: Limit one foe put to sleep
|rule|Species Clause: Limit one of each PokÃ©mon
|rule|OHKO Clause: OHKO moves are banned
|rule|Moody Clause: Moody is banned
|rule|Evasion Moves Clause: Evasion moves are banned
|rule|Endless Battle Clause: Forcing endless battles is banned
|rule|HP Percentage Mod: HP is shown in percentages
|teampreview
|c|â5th|glhf
|join|noob321
|c|âMiles Tails|u2
|
|start
|switch|p1a: Clefable|Clefable, F|394\/394
|switch|p2a: Keldeo|Keldeo|323\/323
|turn|1
|
|switch|p2a: Metagross|Metagross|301\/301
|move|p1a: Clefable|Thunder Wave|p2a: Metagross
|-status|p2a: Metagross|par
|
|turn|2
|
|switch|p1a: Manaphy|Manaphy|404\/404
|detailschange|p2a: Metagross|Metagross-Mega
|-mega|p2a: Metagross|Metagross|Metagrossite
|move|p2a: Metagross|Meteor Mash|p1a: Manaphy|[miss]
|-miss|p2a: Metagross|p1a: Manaphy
|
|turn|3
|
|move|p1a: Manaphy|Scald|p2a: Metagross
|-damage|p2a: Metagross|211\/301 par
|move|p2a: Metagross|Zen Headbutt|p1a: Manaphy
|-damage|p1a: Manaphy|254\/404
|
|-heal|p1a: Manaphy|279\/404|[from] item: Leftovers
|turn|4
|
|move|p1a: Manaphy|Rain Dance|p1a: Manaphy
|-weather|RainDance
|move|p2a: Metagross|Zen Headbutt|p1a: Manaphy
|-damage|p1a: Manaphy|131\/404
|
|-weather|RainDance|[upkeep]
|-heal|p1a: Manaphy|156\/404|[from] item: Leftovers
|turn|5
|
|move|p1a: Manaphy|Rest|p1a: Manaphy
|-status|p1a: Manaphy|slp
|-heal|p1a: Manaphy|404\/404 slp|[silent]
|-status|p1a: Manaphy|slp|[from] move: Rest
|cant|p2a: Metagross|par
|
|-weather|RainDance|[upkeep]
|-curestatus|p1a: Manaphy|slp
|turn|6
|
|switch|p2a: Keldeo|Keldeo|323\/323
|move|p1a: Manaphy|Scald|p2a: Keldeo
|-resisted|p2a: Keldeo
|-damage|p2a: Keldeo|242\/323
|
|-weather|RainDance|[upkeep]
|-heal|p2a: Keldeo|262\/323|[from] item: Leftovers
|turn|7
|
|switch|p1a: Latios|Latios, M|301\/301
|move|p2a: Keldeo|Secret Sword|p1a: Latios
|-resisted|p1a: Latios
|-damage|p1a: Latios|214\/301
|
|-weather|RainDance|[upkeep]
|-heal|p2a: Keldeo|282\/323|[from] item: Leftovers
|turn|8
|
|switch|p1a: Rhyperior|Rhyperior, M|424\/424
|switch|p2a: Metagross|Metagross-Mega|211\/301 par
|
|-weather|none
|turn|9
|
|switch|p2a: Keldeo|Keldeo|282\/323
|move|p1a: Rhyperior|Stealth Rock|p2a: Keldeo
|-sidestart|p2: 5th|move: Stealth Rock
|
|-heal|p2a: Keldeo|302\/323|[from] item: Leftovers
|turn|10
|
|switch|p1a: Latios|Latios, M|214\/301
|move|p2a: Keldeo|Scald|p1a: Latios
|-resisted|p1a: Latios
|-damage|p1a: Latios|149\/301
|
|-heal|p2a: Keldeo|322\/323|[from] item: Leftovers
|turn|11
|
|switch|p2a: Metagross|Metagross-Mega|211\/301 par
|-damage|p2a: Metagross|193\/301 par|[from] Stealth Rock
|move|p1a: Latios|Draco Meteor|p2a: Metagross
|-resisted|p2a: Metagross
|-damage|p2a: Metagross|34\/301 par
|-unboost|p1a: Latios|spa|2
|-damage|p1a: Latios|119\/301|[from] item: Life Orb
|
|turn|12
|
|switch|p1a: Manaphy|Manaphy|404\/404
|move|p2a: Metagross|Zen Headbutt|p1a: Manaphy
|-damage|p1a: Manaphy|242\/404
|
|-heal|p1a: Manaphy|267\/404|[from] item: Leftovers
|turn|13
|
|move|p1a: Manaphy|Scald|p2a: Metagross
|-damage|p2a: Metagross|0 fnt
|faint|p2a: Metagross
|
|-heal|p1a: Manaphy|292\/404|[from] item: Leftovers
|
|switch|p2a: Keldeo|Keldeo|322\/323
|-damage|p2a: Keldeo|302\/323|[from] Stealth Rock
|turn|14
|
|switch|p1a: Latios|Latios, M|119\/301
|move|p2a: Keldeo|Scald|p1a: Latios
|-resisted|p1a: Latios
|-damage|p1a: Latios|57\/301
|-status|p1a: Latios|brn
|
|-heal|p2a: Keldeo|322\/323|[from] item: Leftovers
|-damage|p1a: Latios|20\/301 brn|[from] brn
|turn|15
|
|switch|p2a: Bisharp|Bisharp, F|271\/271
|-damage|p2a: Bisharp|255\/271|[from] Stealth Rock
|move|p1a: Latios|Draco Meteor|p2a: Bisharp
|-resisted|p2a: Bisharp
|-damage|p2a: Bisharp|44\/271
|-unboost|p1a: Latios|spa|2
|-damage|p1a: Latios|0 fnt|[from] item: Life Orb
|faint|p1a: Latios
|
|
|switch|p1a: Hawlucha|Hawlucha, M|308\/308
|turn|16
|
|switch|p2a: Thundurus|Thundurus, M|304\/304
|-damage|p2a: Thundurus|228\/304|[from] Stealth Rock
|move|p1a: Hawlucha|High Jump Kick|p2a: Thundurus
|-resisted|p2a: Thundurus
|-damage|p2a: Thundurus|102\/304
|
|turn|17
|
|switch|p1a: Rhyperior|Rhyperior, M|424\/424
|switch|p2a: Keldeo|Keldeo|322\/323
|-damage|p2a: Keldeo|302\/323|[from] Stealth Rock
|
|-heal|p2a: Keldeo|322\/323|[from] item: Leftovers
|turn|18
|
|switch|p1a: Venusaur|Venusaur, M|350\/350
|move|p2a: Keldeo|Scald|p1a: Venusaur
|-resisted|p1a: Venusaur
|-damage|p1a: Venusaur|279\/350
|-status|p1a: Venusaur|brn
|
|-heal|p2a: Keldeo|323\/323|[from] item: Leftovers
|-damage|p1a: Venusaur|236\/350 brn|[from] brn
|turn|19
|
|switch|p2a: Garchomp|Garchomp, F|358\/358
|-damage|p2a: Garchomp|336\/358|[from] Stealth Rock
|detailschange|p1a: Venusaur|Venusaur-Mega, M
|-mega|p1a: Venusaur|Venusaur|Venusaurite
|move|p1a: Venusaur|Giga Drain|p2a: Garchomp
|-damage|p2a: Garchomp|189\/358
|-heal|p1a: Venusaur|310\/350 brn|[from] drain|[of] p2a: Garchomp
|
|-damage|p1a: Venusaur|267\/350 brn|[from] brn
|turn|20
|
|switch|p1a: Rhyperior|Rhyperior, M|424\/424
|move|p2a: Garchomp|Stealth Rock|p1a: Rhyperior
|-sidestart|p1: Miles Tails|move: Stealth Rock
|
|turn|21
|
|switch|p2a: Keldeo|Keldeo|323\/323
|-damage|p2a: Keldeo|303\/323|[from] Stealth Rock
|move|p1a: Rhyperior|Earthquake|p2a: Keldeo
|-damage|p2a: Keldeo|116\/323
|
|-heal|p2a: Keldeo|136\/323|[from] item: Leftovers
|turn|22
|
|switch|p1a: Venusaur|Venusaur-Mega, M|267\/350 brn
|-damage|p1a: Venusaur|224\/350 brn|[from] Stealth Rock
|move|p2a: Keldeo|Scald|p1a: Venusaur
|-resisted|p1a: Venusaur
|-damage|p1a: Venusaur|163\/350 brn
|
|-heal|p2a: Keldeo|156\/323|[from] item: Leftovers
|-damage|p1a: Venusaur|120\/350 brn|[from] brn
|turn|23
|
|switch|p2a: Garchomp|Garchomp, F|189\/358
|-damage|p2a: Garchomp|167\/358|[from] Stealth Rock
|move|p1a: Venusaur|Synthesis|p1a: Venusaur
|-heal|p1a: Venusaur|295\/350 brn
|
|-damage|p1a: Venusaur|252\/350 brn|[from] brn
|turn|24
|
|switch|p1a: Rhyperior|Rhyperior, M|424\/424
|-damage|p1a: Rhyperior|398\/424|[from] Stealth Rock
|move|p2a: Garchomp|Swords Dance|p2a: Garchomp
|-boost|p2a: Garchomp|atk|2
|
|-heal|p1a: Rhyperior|424\/424|[from] item: Leftovers
|turn|25
|
|move|p2a: Garchomp|Outrage|p1a: Rhyperior
|-damage|p1a: Rhyperior|121\/424
|move|p1a: Rhyperior|Earthquake|p2a: Garchomp
|-damage|p2a: Garchomp|0 fnt
|faint|p2a: Garchomp
|
|-heal|p1a: Rhyperior|147\/424|[from] item: Leftovers
|
|switch|p2a: Keldeo|Keldeo|156\/323
|-damage|p2a: Keldeo|136\/323|[from] Stealth Rock
|turn|26
|
|move|p2a: Keldeo|Scald|p1a: Rhyperior
|-supereffective|p1a: Rhyperior
|-damage|p1a: Rhyperior|0 fnt
|faint|p1a: Rhyperior
|
|-heal|p2a: Keldeo|156\/323|[from] item: Leftovers
|
|switch|p1a: Clefable|Clefable, F|394\/394
|turn|27
|
|move|p2a: Keldeo|Scald|p1a: Clefable
|-crit|p1a: Clefable
|-damage|p1a: Clefable|171\/394
|move|p1a: Clefable|Moonblast|p2a: Keldeo
|-supereffective|p2a: Keldeo
|-damage|p2a: Keldeo|0 fnt
|faint|p2a: Keldeo
|
|-heal|p1a: Clefable|195\/394|[from] item: Leftovers
|
|switch|p2a: Bisharp|Bisharp, F|44\/271
|-damage|p2a: Bisharp|28\/271|[from] Stealth Rock
|turn|28
|
|switch|p1a: Hawlucha|Hawlucha, M|308\/308
|-damage|p1a: Hawlucha|270\/308|[from] Stealth Rock
|move|p2a: Bisharp|Iron Head|p1a: Hawlucha
|-damage|p1a: Hawlucha|89\/308
|-enditem|p1a: Hawlucha|Sitrus Berry|[eat]
|-heal|p1a: Hawlucha|166\/308|[from] item: Sitrus Berry
|
|turn|29
|
|switch|p2a: Landorus-Therian|Landorus-Therian, M|319\/319
|-damage|p2a: Landorus-Therian|280\/319|[from] Stealth Rock
|-ability|p2a: Landorus-Therian|Intimidate|[of] p1a: Hawlucha
|-unboost|p1a: Hawlucha|atk|1
|move|p1a: Hawlucha|Acrobatics|p2a: Landorus-Therian
|-damage|p2a: Landorus-Therian|177\/319
|
|turn|30
|
|switch|p1a: Manaphy|Manaphy|292\/404
|-damage|p1a: Manaphy|242\/404|[from] Stealth Rock
|move|p2a: Landorus-Therian|Stone Edge|p1a: Manaphy
|-crit|p1a: Manaphy
|-damage|p1a: Manaphy|89\/404
|
|-heal|p1a: Manaphy|114\/404|[from] item: Leftovers
|turn|31
|
|move|p2a: Landorus-Therian|Stone Edge|p1a: Manaphy
|-damage|p1a: Manaphy|25\/404
|move|p1a: Manaphy|Scald|p2a: Landorus-Therian
|-supereffective|p2a: Landorus-Therian
|-damage|p2a: Landorus-Therian|0 fnt
|faint|p2a: Landorus-Therian
|
|-heal|p1a: Manaphy|50\/404|[from] item: Leftovers
|
|switch|p2a: Bisharp|Bisharp, F|28\/271
|-damage|p2a: Bisharp|12\/271|[from] Stealth Rock
|turn|32
|
|move|p2a: Bisharp|Sucker Punch|p1a: Manaphy
|-damage|p1a: Manaphy|0 fnt
|faint|p1a: Manaphy
|
|
|switch|p1a: Hawlucha|Hawlucha, M|166\/308
|-damage|p1a: Hawlucha|128\/308|[from] Stealth Rock
|turn|33
|
|move|p2a: Bisharp|Sucker Punch|p1a: Hawlucha
|-resisted|p1a: Hawlucha
|-damage|p1a: Hawlucha|34\/308
|move|p1a: Hawlucha|Acrobatics|p2a: Bisharp
|-resisted|p2a: Bisharp
|-damage|p2a: Bisharp|0 fnt
|faint|p2a: Bisharp
|
|c|âMiles Tails|gg
|c|â5th|gg
|
|switch|p2a: Thundurus|Thundurus, M|102\/304
|-damage|p2a: Thundurus|26\/304|[from] Stealth Rock
|turn|34
|
|move|p1a: Hawlucha|Acrobatics|p2a: Thundurus
|-resisted|p2a: Thundurus
|-damage|p2a: Thundurus|0 fnt
|faint|p2a: Thundurus
|
|win|Miles Tails