|join|Miles Tails
|join|5th
|player|p1|Miles Tails|1
|player|p2|5th|20
|gametype|singles
|gen|6
|tier|OU
|clearpoke
|poke|p1|Victini
|poke|p1|Bisharp, M
|poke|p1|Latias, F
|poke|p1|Diancie
|poke|p1|Serperior, M, shiny
|poke|p1|Landorus-Therian, M, shiny
|poke|p2|Metagross
|poke|p2|Rotom-Wash
|poke|p2|Ferrothorn, M
|poke|p2|Landorus-Therian, M
|poke|p2|Keldeo
|poke|p2|Latias, F
|rule|Swagger Clause: Swagger is banned
|rule|Baton Pass Clause: Limit one PokÃ©mon knowing Baton Pass
|rule|Sleep Clause Mod: Limit one foe put to sleep
|rule|Species Clause: Limit one of each PokÃ©mon
|rule|OHKO Clause: OHKO moves are banned
|rule|Moody Clause: Moody is banned
|rule|Evasion Moves Clause: Evasion moves are banned
|rule|Endless Battle Clause: Forcing endless battles is banned
|rule|HP Percentage Mod: HP is shown in percentages
|teampreview
|c|â5th|glhf
|c|âMiles Tails|u2
|
|start
|switch|p1a: Victini|Victini|341\/341
|switch|p2a: Landorus-Therian|Landorus-Therian, M|319\/319
|-ability|p2a: Landorus-Therian|Intimidate|[of] p1a: Victini
|-unboost|p1a: Victini|atk|1
|turn|1
|
|move|p1a: Victini|U-turn|p2a: Landorus-Therian
|-resisted|p2a: Landorus-Therian
|-damage|p2a: Landorus-Therian|292\/319
|
|switch|p1a: Landorus-Therian|Landorus-Therian, M, shiny|381\/381
|-ability|p1a: Landorus-Therian|Intimidate|[of] p2a: Landorus-Therian
|-unboost|p2a: Landorus-Therian|atk|1
|move|p2a: Landorus-Therian|U-turn|p1a: Landorus-Therian
|-resisted|p1a: Landorus-Therian
|-damage|p1a: Landorus-Therian|358\/381
|
|switch|p2a: Keldeo|Keldeo|323\/323
|
|-heal|p1a: Landorus-Therian|381\/381|[from] item: Leftovers
|turn|2
|
|switch|p1a: Latias|Latias, F|317\/317
|move|p2a: Keldeo|Scald|p1a: Latias
|-resisted|p1a: Latias
|-damage|p1a: Latias|256\/317
|
|turn|3
|
|switch|p2a: Ferrothorn|Ferrothorn, M|352\/352
|switch|p1a: Victini|Victini|341\/341
|
|turn|4
|
|move|p2a: Ferrothorn|Protect|p2a: Ferrothorn
|-singleturn|p2a: Ferrothorn|Protect
|move|p1a: Victini|V-create|p2a: Ferrothorn
|-activate|p2a: Ferrothorn|Protect
|
|turn|5
|
|switch|p2a: Rotom-Wash|Rotom-Wash|303\/303
|move|p1a: Victini|V-create|p2a: Rotom-Wash
|-resisted|p2a: Rotom-Wash
|-damage|p2a: Rotom-Wash|206\/303
|-unboost|p1a: Victini|def|1
|-unboost|p1a: Victini|spd|1
|-unboost|p1a: Victini|spe|1
|
|-heal|p2a: Rotom-Wash|224\/303|[from] item: Leftovers
|turn|6
|
|switch|p1a: Diancie|Diancie|257\/257
|move|p2a: Rotom-Wash|Volt Switch|p1a: Diancie
|-damage|p1a: Diancie|190\/257
|
|switch|p2a: Keldeo|Keldeo|323\/323
|
|turn|7
|
|detailschange|p1a: Diancie|Diancie-Mega
|-mega|p1a: Diancie|Diancie|Diancite
|move|p2a: Keldeo|Substitute|p2a: Keldeo
|-start|p2a: Keldeo|Substitute
|-damage|p2a: Keldeo|243\/323
|move|p1a: Diancie|Moonblast|p2a: Keldeo
|-supereffective|p2a: Keldeo
|-end|p2a: Keldeo|Substitute
|
|-heal|p2a: Keldeo|263\/323|[from] item: Leftovers
|turn|8
|
|switch|p2a: Ferrothorn|Ferrothorn, M|352\/352
|switch|p1a: Serperior|Serperior, M, shiny|295\/295
|
|turn|9
|
|move|p1a: Serperior|Hidden Power|p2a: Ferrothorn
|-supereffective|p2a: Ferrothorn
|-damage|p2a: Ferrothorn|160\/352
|-damage|p1a: Serperior|266\/295|[from] item: Life Orb
|move|p2a: Ferrothorn|Gyro Ball|p1a: Serperior
|-damage|p1a: Serperior|104\/295
|
|-heal|p2a: Ferrothorn|182\/352|[from] item: Leftovers
|turn|10
|
|switch|p1a: Victini|Victini|341\/341
|move|p2a: Ferrothorn|Protect|p2a: Ferrothorn
|-fail|p2a: Ferrothorn
|
|-heal|p2a: Ferrothorn|204\/352|[from] item: Leftovers
|turn|11
|
|move|p2a: Ferrothorn|Protect|p2a: Ferrothorn
|-singleturn|p2a: Ferrothorn|Protect
|move|p1a: Victini|V-create|p2a: Ferrothorn
|-activate|p2a: Ferrothorn|Protect
|
|-heal|p2a: Ferrothorn|226\/352|[from] item: Leftovers
|turn|12
|
|switch|p2a: Rotom-Wash|Rotom-Wash|224\/303
|move|p1a: Victini|V-create|p2a: Rotom-Wash
|-resisted|p2a: Rotom-Wash
|-damage|p2a: Rotom-Wash|127\/303
|-unboost|p1a: Victini|def|1
|-unboost|p1a: Victini|spd|1
|-unboost|p1a: Victini|spe|1
|
|-heal|p2a: Rotom-Wash|145\/303|[from] item: Leftovers
|turn|13
|
|switch|p1a: Serperior|Serperior, M, shiny|104\/295
|move|p2a: Rotom-Wash|Volt Switch|p1a: Serperior
|-resisted|p1a: Serperior
|-damage|p1a: Serperior|55\/295
|
|switch|p2a: Landorus-Therian|Landorus-Therian, M|292\/319
|-ability|p2a: Landorus-Therian|Intimidate|[of] p1a: Serperior
|-boost|p1a: Serperior|atk|1
|
|turn|14
|
|switch|p1a: Diancie|Diancie-Mega|190\/257
|move|p2a: Landorus-Therian|U-turn|p1a: Diancie
|-resisted|p1a: Diancie
|-damage|p1a: Diancie|150\/257
|
|switch|p2a: Metagross|Metagross|301\/301
|
|turn|15
|
|switch|p1a: Landorus-Therian|Landorus-Therian, M, shiny|381\/381
|-ability|p1a: Landorus-Therian|Intimidate|[of] p2a: Metagross
|-fail|p2a: Metagross|unboost|[from] ability: Clear Body|[of] p2a: Metagross
|detailschange|p2a: Metagross|Metagross-Mega
|-mega|p2a: Metagross|Metagross|Metagrossite
|move|p2a: Metagross|Meteor Mash|p1a: Landorus-Therian
|-damage|p1a: Landorus-Therian|189\/381
|
|-heal|p1a: Landorus-Therian|212\/381|[from] item: Leftovers
|turn|16
|
|switch|p2a: Rotom-Wash|Rotom-Wash|145\/303
|move|p1a: Landorus-Therian|Stealth Rock|p2a: Rotom-Wash
|-sidestart|p2: 5th|move: Stealth Rock
|
|-heal|p1a: Landorus-Therian|235\/381|[from] item: Leftovers
|-heal|p2a: Rotom-Wash|163\/303|[from] item: Leftovers
|turn|17
|
|move|p1a: Landorus-Therian|U-turn|p2a: Rotom-Wash
|-damage|p2a: Rotom-Wash|113\/303
|
|switch|p1a: Serperior|Serperior, M, shiny|55\/295
|move|p2a: Rotom-Wash|Hydro Pump|p1a: Serperior|[miss]
|-miss|p2a: Rotom-Wash|p1a: Serperior
|
|-heal|p2a: Rotom-Wash|131\/303|[from] item: Leftovers
|turn|18
|c|âMiles Tails|sorry bro
|c|â5th|Happens, man
|join|soulpriest
|c|â5th|probably just not my day
|leave|soulpriest
|
|switch|p2a: Ferrothorn|Ferrothorn, M|226\/352
|-damage|p2a: Ferrothorn|204\/352|[from] Stealth Rock
|move|p1a: Serperior|Leaf Storm|p2a: Ferrothorn
|-resisted|p2a: Ferrothorn
|-damage|p2a: Ferrothorn|168\/352
|-boost|p1a: Serperior|spa|2
|-damage|p1a: Serperior|26\/295|[from] item: Life Orb
|
|-heal|p2a: Ferrothorn|190\/352|[from] item: Leftovers
|turn|19
|
|move|p1a: Serperior|Leaf Storm|p2a: Ferrothorn
|-resisted|p2a: Ferrothorn
|-damage|p2a: Ferrothorn|115\/352
|-boost|p1a: Serperior|spa|2
|-damage|p1a: Serperior|0 fnt|[from] item: Life Orb
|faint|p1a: Serperior
|move|p2a: Ferrothorn|Stealth Rock|p1: Serperior
|-sidestart|p1: Miles Tails|move: Stealth Rock
|
|-heal|p2a: Ferrothorn|137\/352|[from] item: Leftovers
|
|switch|p1a: Victini|Victini|341\/341
|-damage|p1a: Victini|256\/341|[from] Stealth Rock
|turn|20
|
|move|p2a: Ferrothorn|Protect|p2a: Ferrothorn
|-singleturn|p2a: Ferrothorn|Protect
|move|p1a: Victini|V-create|p2a: Ferrothorn
|-activate|p2a: Ferrothorn|Protect
|
|-heal|p2a: Ferrothorn|159\/352|[from] item: Leftovers
|turn|21
|
|move|p1a: Victini|V-create|p2a: Ferrothorn
|-supereffective|p2a: Ferrothorn
|-damage|p2a: Ferrothorn|0 fnt
|-damage|p1a: Victini|214\/341|[from] ability: Iron Barbs|[of] p2a: Ferrothorn
|-unboost|p1a: Victini|def|1
|-unboost|p1a: Victini|spd|1
|-unboost|p1a: Victini|spe|1
|faint|p2a: Ferrothorn
|
|
|switch|p2a: Keldeo|Keldeo|263\/323
|-damage|p2a: Keldeo|243\/323|[from] Stealth Rock
|turn|22
|
|switch|p1a: Latias|Latias, F|256\/317
|-damage|p1a: Latias|217\/317|[from] Stealth Rock
|move|p2a: Keldeo|Scald|p1a: Latias
|-resisted|p1a: Latias
|-damage|p1a: Latias|159\/317
|
|-heal|p2a: Keldeo|263\/323|[from] item: Leftovers
|turn|23
|join|noob321
|
|switch|p2a: Metagross|Metagross-Mega|301\/301
|-damage|p2a: Metagross|283\/301|[from] Stealth Rock
|move|p1a: Latias|Psyshock|p2a: Metagross
|-resisted|p2a: Metagross
|-damage|p2a: Metagross|254\/301
|-damage|p1a: Latias|128\/317|[from] item: Life Orb
|
|turn|24
|
|switch|p1a: Landorus-Therian|Landorus-Therian, M, shiny|235\/381
|-damage|p1a: Landorus-Therian|188\/381|[from] Stealth Rock
|-ability|p1a: Landorus-Therian|Intimidate|[of] p2a: Metagross
|-unboost|p2a: Metagross|atk|1
|move|p2a: Metagross|Meteor Mash|p1a: Landorus-Therian
|-damage|p1a: Landorus-Therian|74\/381
|
|-heal|p1a: Landorus-Therian|97\/381|[from] item: Leftovers
|turn|25
|
|switch|p2a: Landorus-Therian|Landorus-Therian, M|292\/319
|-damage|p2a: Landorus-Therian|253\/319|[from] Stealth Rock
|-ability|p2a: Landorus-Therian|Intimidate|[of] p1a: Landorus-Therian
|-unboost|p1a: Landorus-Therian|atk|1
|move|p1a: Landorus-Therian|Earthquake|p2a: Landorus-Therian
|-immune|p2a: Landorus-Therian|[msg]
|
|-heal|p1a: Landorus-Therian|120\/381|[from] item: Leftovers
|turn|26
|
|move|p2a: Landorus-Therian|U-turn|p1a: Landorus-Therian
|-resisted|p1a: Landorus-Therian
|-damage|p1a: Landorus-Therian|84\/381
|
|switch|p2a: Rotom-Wash|Rotom-Wash|131\/303
|-damage|p2a: Rotom-Wash|94\/303|[from] Stealth Rock
|move|p1a: Landorus-Therian|U-turn|p2a: Rotom-Wash
|-damage|p2a: Rotom-Wash|59\/303
|
|switch|p1a: Bisharp|Bisharp, M|271\/271
|-damage|p1a: Bisharp|255\/271|[from] Stealth Rock
|
|-heal|p2a: Rotom-Wash|77\/303|[from] item: Leftovers
|turn|27
|
|switch|p2a: Keldeo|Keldeo|263\/323
|-damage|p2a: Keldeo|243\/323|[from] Stealth Rock
|move|p1a: Bisharp|Knock Off|p2a: Keldeo
|-resisted|p2a: Keldeo
|-damage|p2a: Keldeo|143\/323
|-boost|p2a: Keldeo|atk|1|[from] ability: Justified
|-enditem|p2a: Keldeo|Leftovers|[from] move: Knock Off|[of] p1a: Bisharp
|
|turn|28
|
|switch|p1a: Landorus-Therian|Landorus-Therian, M, shiny|84\/381
|-damage|p1a: Landorus-Therian|37\/381|[from] Stealth Rock
|-ability|p1a: Landorus-Therian|Intimidate|[of] p2a: Keldeo
|-unboost|p2a: Keldeo|atk|1
|move|p2a: Keldeo|Secret Sword|p1a: Landorus-Therian
|-resisted|p1a: Landorus-Therian
|-damage|p1a: Landorus-Therian|0 fnt
|faint|p1a: Landorus-Therian
|
|
|switch|p1a: Latias|Latias, F|128\/317
|-damage|p1a: Latias|89\/317|[from] Stealth Rock
|turn|29
|
|switch|p2a: Metagross|Metagross-Mega|254\/301
|-damage|p2a: Metagross|236\/301|[from] Stealth Rock
|switch|p1a: Victini|Victini|214\/341
|-damage|p1a: Victini|129\/341|[from] Stealth Rock
|
|turn|30
|
|switch|p2a: Latias|Latias, F|301\/301
|-damage|p2a: Latias|264\/301|[from] Stealth Rock
|move|p1a: Victini|V-create|p2a: Latias
|-resisted|p2a: Latias
|-damage|p2a: Latias|120\/301
|-unboost|p1a: Victini|def|1
|-unboost|p1a: Victini|spd|1
|-unboost|p1a: Victini|spe|1
|
|turn|31
|
|switch|p1a: Bisharp|Bisharp, M|255\/271
|-damage|p1a: Bisharp|239\/271|[from] Stealth Rock
|move|p2a: Latias|Healing Wish|p2a: Latias
|faint|p2a: Latias
|
|
|switch|p2a: Keldeo|Keldeo|143\/323
|-heal|p2a: Keldeo|323\/323|[from] move: Healing Wish
|-damage|p2a: Keldeo|303\/323|[from] Stealth Rock
|turn|32
|c|âMiles Tails|1 sec
|
|switch|p1a: Victini|Victini|129\/341
|-damage|p1a: Victini|44\/341|[from] Stealth Rock
|move|p2a: Keldeo|Secret Sword|p1a: Victini
|-resisted|p1a: Victini
|-damage|p1a: Victini|0 fnt
|faint|p1a: Victini
|
|
|switch|p1a: Diancie|Diancie-Mega|150\/257
|-damage|p1a: Diancie|118\/257|[from] Stealth Rock
|turn|33
|
|switch|p2a: Rotom-Wash|Rotom-Wash|77\/303
|-damage|p2a: Rotom-Wash|40\/303|[from] Stealth Rock
|move|p1a: Diancie|Rock Polish|p1a: Diancie
|-boost|p1a: Diancie|spe|2
|
|-heal|p2a: Rotom-Wash|58\/303|[from] item: Leftovers
|turn|34
|
|move|p1a: Diancie|Moonblast|p2a: Rotom-Wash
|-damage|p2a: Rotom-Wash|0 fnt
|faint|p2a: Rotom-Wash
|
|
|switch|p2a: Metagross|Metagross-Mega|236\/301
|-damage|p2a: Metagross|218\/301|[from] Stealth Rock
|turn|35
|
|move|p2a: Metagross|Bullet Punch|p1a: Diancie
|-supereffective|p1a: Diancie
|-damage|p1a: Diancie|0 fnt
|faint|p1a: Diancie
|
|
|switch|p1a: Bisharp|Bisharp, M|239\/271
|-damage|p1a: Bisharp|223\/271|[from] Stealth Rock
|turn|36
|c|âMiles Tails|Lol
|c|âMiles Tails|gg
|c|â5th|gg
|
|move|p2a: Metagross|Earthquake|p1a: Bisharp
|-supereffective|p1a: Bisharp
|-damage|p1a: Bisharp|0 fnt
|faint|p1a: Bisharp
|
|
|switch|p1a: Latias|Latias, F|89\/317
|-damage|p1a: Latias|50\/317|[from] Stealth Rock
|turn|37
|
|move|p2a: Metagross|Meteor Mash|p1a: Latias
|-damage|p1a: Latias|0 fnt
|faint|p1a: Latias
|
|win|5th
|leave|5th