|join|vane0706
|join|toiletpkay
|player|p1|vane0706|2
|player|p2|toiletpkay|293
|gametype|singles
|gen|6
|tier|OU
|rated
|clearpoke
|poke|p1|Tyranitar, M
|poke|p1|Excadrill, M
|poke|p1|Greninja, F
|poke|p1|Pinsir, M
|poke|p1|Talonflame, M
|poke|p1|Dragonite, F
|poke|p2|Azumarill, F
|poke|p2|Victini
|poke|p2|Manectric, F
|poke|p2|Scizor, M
|poke|p2|Landorus-Therian, M
|poke|p2|Keldeo
|rule|Swagger Clause: Swagger is banned
|rule|Baton Pass Clause: Limit one PokÃ©mon knowing Baton Pass
|rule|Sleep Clause Mod: Limit one foe put to sleep
|rule|Species Clause: Limit one of each PokÃ©mon
|rule|OHKO Clause: OHKO moves are banned
|rule|Moody Clause: Moody is banned
|rule|Evasion Moves Clause: Evasion moves are banned
|rule|Endless Battle Clause: Forcing endless battles is banned
|rule|HP Percentage Mod: HP is shown in percentages
|teampreview
|c|âtoiletpkay|hmmm
|join|Baka-Skippy
|c|âtoiletpkay|didnt i just face u
|c|âvane0706|oh yea lol
|
|start
|switch|p1a: Tyranitar|Tyranitar, M|341\/341
|switch|p2a: Azumarill|Azumarill, F|342\/342
|-weather|Sandstorm
|turn|1
|join|Edwardo M
|
|move|p1a: Tyranitar|Stealth Rock|p2a: Azumarill
|-sidestart|p2: toiletpkay|move: Stealth Rock
|move|p2a: Azumarill|Play Rough|p1a: Tyranitar
|-supereffective|p1a: Tyranitar
|-enditem|p1a: Tyranitar|Focus Sash
|-damage|p1a: Tyranitar|1\/341
|
|-weather|Sandstorm|[upkeep]
|-damage|p2a: Azumarill|321\/342|[from] sandstorm
|turn|2
|
|move|p2a: Azumarill|Aqua Jet|p1a: Tyranitar
|-supereffective|p1a: Tyranitar
|-damage|p1a: Tyranitar|0 fnt
|faint|p1a: Tyranitar
|
|-weather|Sandstorm|[upkeep]
|-damage|p2a: Azumarill|300\/342|[from] sandstorm
|
|switch|p1a: Greninja|Greninja, F|290\/290
|turn|3
|
|switch|p2a: Scizor|Scizor, M|281\/281
|-damage|p2a: Scizor|246\/281|[from] Stealth Rock
|move|p1a: Greninja|Hidden Power|p2a: Scizor
|-start|p1a: Greninja|typechange|Grass|[from] Protean
|-resisted|p2a: Scizor
|-damage|p2a: Scizor|227\/281
|-damage|p1a: Greninja|261\/290|[from] item: Life Orb
|
|-weather|Sandstorm|[upkeep]
|-damage|p1a: Greninja|243\/290|[from] sandstorm
|turn|4
|
|move|p1a: Greninja|Hydro Pump|p2a: Scizor
|-start|p1a: Greninja|typechange|Water|[from] Protean
|-damage|p2a: Scizor|101\/281
|-damage|p1a: Greninja|214\/290|[from] item: Life Orb
|move|p2a: Scizor|U-turn|p1a: Greninja
|-damage|p1a: Greninja|39\/290
|
|switch|p2a: Azumarill|Azumarill, F|300\/342
|-damage|p2a: Azumarill|258\/342|[from] Stealth Rock
|
|-weather|Sandstorm|[upkeep]
|-damage|p1a: Greninja|21\/290|[from] sandstorm
|-damage|p2a: Azumarill|237\/342|[from] sandstorm
|turn|5
|
|move|p2a: Azumarill|Aqua Jet|p1a: Greninja
|-resisted|p1a: Greninja
|-damage|p1a: Greninja|0 fnt
|faint|p1a: Greninja
|
|-weather|none
|
|switch|p1a: Talonflame|Talonflame, M|309\/309
|turn|6
|
|move|p1a: Talonflame|Brave Bird|p2a: Azumarill
|-crit|p2a: Azumarill
|-damage|p2a: Azumarill|0 fnt
|-damage|p1a: Talonflame|231\/309|[from] recoil|[of] p2a: Azumarill
|faint|p2a: Azumarill
|
|
|switch|p2a: Landorus-Therian|Landorus-Therian, M|350\/350
|-damage|p2a: Landorus-Therian|307\/350|[from] Stealth Rock
|-ability|p2a: Landorus-Therian|Intimidate|[of] p1a: Talonflame
|-unboost|p1a: Talonflame|atk|1
|turn|7
|
|switch|p1a: Excadrill|Excadrill, M|371\/371
|move|p2a: Landorus-Therian|Knock Off|p1a: Excadrill
|-damage|p1a: Excadrill|149\/371
|-enditem|p1a: Excadrill|Life Orb|[from] move: Knock Off|[of] p2a: Landorus-Therian
|
|-heal|p2a: Landorus-Therian|328\/350|[from] item: Leftovers
|turn|8
|join|CleanerThanRotom-W
|c| CleanerThanRotom-W|yo
|c| CleanerThanRotom-W|watup
|
|move|p1a: Excadrill|Iron Head|p2a: Landorus-Therian
|-crit|p2a: Landorus-Therian
|-damage|p2a: Landorus-Therian|78\/350
|move|p2a: Landorus-Therian|Stealth Rock|p1a: Excadrill
|-sidestart|p1: vane0706|move: Stealth Rock
|
|-heal|p2a: Landorus-Therian|99\/350|[from] item: Leftovers
|turn|9
|join|oras time
|
|move|p1a: Excadrill|Rapid Spin|p2a: Landorus-Therian
|-damage|p2a: Landorus-Therian|69\/350
|-sideend|p1: vane0706|Stealth Rock|[from] move: Rapid Spin|[of] p1a: Excadrill
|move|p2a: Landorus-Therian|Earthquake|p1a: Excadrill
|-supereffective|p1a: Excadrill
|-damage|p1a: Excadrill|0 fnt
|faint|p1a: Excadrill
|
|-heal|p2a: Landorus-Therian|90\/350|[from] item: Leftovers
|
|switch|p1a: Talonflame|Talonflame, M|231\/309
|turn|10
|leave|Edwardo M
|
|switch|p2a: Scizor|Scizor, M|101\/281
|-damage|p2a: Scizor|66\/281|[from] Stealth Rock
|move|p1a: Talonflame|Brave Bird|p2a: Scizor
|-damage|p2a: Scizor|0 fnt
|-damage|p1a: Talonflame|209\/309|[from] recoil|[of] p2a: Scizor
|faint|p2a: Scizor
|
|
|switch|p2a: Manectric|Manectric, F|281\/281
|-damage|p2a: Manectric|246\/281|[from] Stealth Rock
|turn|11
|
|detailschange|p2a: Manectric|Manectric-Mega, F
|message|Manectric has Mega Evolved into Mega Manectric!
|-ability|p2a: Manectric|Intimidate|[of] p1a: Talonflame
|-unboost|p1a: Talonflame|atk|1
|move|p1a: Talonflame|Brave Bird|p2a: Manectric
|-resisted|p2a: Manectric
|-damage|p2a: Manectric|147\/281
|-damage|p1a: Talonflame|176\/309|[from] recoil|[of] p2a: Manectric
|move|p2a: Manectric|Volt Switch|p1a: Talonflame
|-crit|p1a: Talonflame
|-supereffective|p1a: Talonflame
|-damage|p1a: Talonflame|0 fnt
|faint|p1a: Talonflame
|
|switch|p2a: Keldeo|Keldeo|323\/323
|-damage|p2a: Keldeo|303\/323|[from] Stealth Rock
|
|
|switch|p1a: Pinsir|Pinsir, M|271\/271
|turn|12
|
|switch|p2a: Victini|Victini|341\/341
|-damage|p2a: Victini|256\/341|[from] Stealth Rock
|detailschange|p1a: Pinsir|Pinsir-Mega, M
|message|Pinsir has Mega Evolved into Mega Pinsir!
|move|p1a: Pinsir|Quick Attack|p2a: Victini
|-crit|p2a: Victini
|-damage|p2a: Victini|57\/341
|
|turn|13
|
|move|p1a: Pinsir|Quick Attack|p2a: Victini
|-damage|p2a: Victini|0 fnt
|faint|p2a: Victini
|
|
|switch|p2a: Manectric|Manectric-Mega, F|147\/281
|-damage|p2a: Manectric|112\/281|[from] Stealth Rock
|-ability|p2a: Manectric|Intimidate|[of] p1a: Pinsir
|-unboost|p1a: Pinsir|atk|1
|turn|14
|c| CleanerThanRotom-W|pkay
|c| CleanerThanRotom-W|u need to get high up again
|c| CleanerThanRotom-W|:J
|c|âtoiletpkay|lol chill
|
|move|p1a: Pinsir|Quick Attack|p2a: Manectric
|-resisted|p2a: Manectric
|-damage|p2a: Manectric|64\/281
|move|p2a: Manectric|Thunderbolt|p1a: Pinsir
|-supereffective|p1a: Pinsir
|-damage|p1a: Pinsir|0 fnt
|faint|p1a: Pinsir
|
|c|âtoiletpkay|only had like 12 battles since i came back
|
|switch|p1a: Dragonite|Dragonite, F|323\/323
|turn|15
|c| CleanerThanRotom-W|lolol
|c| CleanerThanRotom-W|ur team is flawless
|c| CleanerThanRotom-W|so get back
|c| CleanerThanRotom-W|:]
|c|âtoiletpkay|i probably still lose
|
|switch|p2a: Landorus-Therian|Landorus-Therian, M|90\/350
|-damage|p2a: Landorus-Therian|47\/350|[from] Stealth Rock
|-ability|p2a: Landorus-Therian|Intimidate|[of] p1a: Dragonite
|-unboost|p1a: Dragonite|atk|1
|move|p1a: Dragonite|Extreme Speed|p2a: Landorus-Therian
|-damage|p2a: Landorus-Therian|0 fnt
|faint|p2a: Landorus-Therian
|
|c|âtoiletpkay|choice band inc
|c| CleanerThanRotom-W|oh
|
|switch|p2a: Manectric|Manectric-Mega, F|64\/281
|-damage|p2a: Manectric|29\/281|[from] Stealth Rock
|-ability|p2a: Manectric|Intimidate|[of] p1a: Dragonite
|-unboost|p1a: Dragonite|atk|1
|turn|16
|
|move|p1a: Dragonite|Extreme Speed|p2a: Manectric
|-damage|p2a: Manectric|0 fnt
|faint|p2a: Manectric
|
|c| CleanerThanRotom-W|he got this
|
|switch|p2a: Keldeo|Keldeo|303\/323
|-damage|p2a: Keldeo|283\/323|[from] Stealth Rock
|turn|17
|c| CleanerThanRotom-W|u have to burn
|c|âvane0706|no icy?
|
|move|p1a: Dragonite|Extreme Speed|p2a: Keldeo
|-damage|p2a: Keldeo|198\/323
|move|p2a: Keldeo|Scald|p1a: Dragonite
|-resisted|p1a: Dragonite
|-damage|p1a: Dragonite|280\/323
|-status|p1a: Dragonite|brn
|
|-damage|p1a: Dragonite|240\/323 brn|[from] brn
|turn|18
|c|âtoiletpkay|probably
|c|âvane0706|crit incomming
|c|âtoiletpkay|lol
|
|move|p1a: Dragonite|Extreme Speed|p2a: Keldeo
|-damage|p2a: Keldeo|151\/323
|move|p2a: Keldeo|Scald|p1a: Dragonite
|-resisted|p1a: Dragonite
|-damage|p1a: Dragonite|158\/323 brn
|
|-damage|p1a: Dragonite|118\/323 brn|[from] brn
|turn|19
|c| CleanerThanRotom-W|lololol
|c| CleanerThanRotom-W|told u ur team is flawless
|c|âvane0706|love my hax :)
|
|move|p1a: Dragonite|Extreme Speed|p2a: Keldeo
|-crit|p2a: Keldeo
|-damage|p2a: Keldeo|18\/323
|move|p2a: Keldeo|Substitute|p2a: Keldeo
|-fail|p2a: Keldeo|move: Substitute|[weak]
|
|-damage|p1a: Dragonite|78\/323 brn|[from] brn
|turn|20
|c| CleanerThanRotom-W|u crit espees
|c| CleanerThanRotom-W|LOL
|c|âtoiletpkay|omggg looool
|c| CleanerThanRotom-W|i called it
|c|âvane0706|Lol
|c| oras time|justice yn
|c|âvane0706|gg
|c|âtoiletpkay|gg
|c|âtoiletpkay|u deserve to win anyways
|-message|toiletpkay forfeited.
|
|win|vane0706
|raw|Ladder updating...
|leave|toiletpkay
|player|p2
|raw|vane0706's rating: 1797 &rarr; <strong>1818<\/strong><br \/>(+21 for winning)
|raw|toiletpkay's rating: 1814 &rarr; <strong>1793<\/strong><br \/>(-21 for losing)