|join|toiletpkay
|join|TimeTravel_2
|player|p1|toiletpkay|293
|player|p2|TimeTravel_2|169
|gametype|singles
|gen|6
|tier|OU
|rated
|clearpoke
|poke|p1|Azumarill, M
|poke|p1|Victini
|poke|p1|Manectric, F
|poke|p1|Scizor, F
|poke|p1|Landorus-Therian, M
|poke|p1|Keldeo
|poke|p2|Garchomp, M
|poke|p2|Bisharp, F
|poke|p2|Breloom, F
|poke|p2|Charizard, M
|poke|p2|Azumarill, M
|poke|p2|Latias, F
|rule|Swagger Clause: Swagger is banned
|rule|Baton Pass Clause: Limit one PokÃ©mon knowing Baton Pass
|rule|Sleep Clause Mod: Limit one foe put to sleep
|rule|Species Clause: Limit one of each PokÃ©mon
|rule|OHKO Clause: OHKO moves are banned
|rule|Moody Clause: Moody is banned
|rule|Evasion Moves Clause: Evasion moves are banned
|rule|Endless Battle Clause: Forcing endless battles is banned
|rule|HP Percentage Mod: HP is shown in percentages
|teampreview
|
|start
|switch|p1a: Keldeo|Keldeo|323\/323
|switch|p2a: Bisharp|Bisharp, F|271\/271
|turn|1
|
|switch|p2a: Latias|Latias, F|301\/301
|move|p1a: Keldeo|Scald|p2a: Latias
|-resisted|p2a: Latias
|-damage|p2a: Latias|235\/301
|
|turn|2
|
|switch|p1a: Scizor|Scizor, F|281\/281
|move|p2a: Latias|Draco Meteor|p1a: Scizor
|-crit|p1a: Scizor
|-resisted|p1a: Scizor
|-damage|p1a: Scizor|159\/281
|-unboost|p2a: Latias|spa|2
|-damage|p2a: Latias|205\/301|[from] item: Life Orb
|
|turn|3
|
|move|p1a: Scizor|Pursuit|p2a: Latias|[from]Pursuit
|-supereffective|p2a: Latias
|-damage|p2a: Latias|0 fnt
|faint|p2a: Latias
|
|
|switch|p2a: Garchomp|Garchomp, M|358\/358
|turn|4
|
|move|p1a: Scizor|Bullet Punch|p2a: Garchomp
|-damage|p2a: Garchomp|228\/358
|-damage|p1a: Scizor|124\/281|[from] ability: Rough Skin|[of] p2a: Garchomp
|move|p2a: Garchomp|Swords Dance|p2a: Garchomp
|-boost|p2a: Garchomp|atk|2
|
|turn|5
|
|move|p1a: Scizor|Bullet Punch|p2a: Garchomp
|-damage|p2a: Garchomp|104\/358
|-damage|p1a: Scizor|89\/281|[from] ability: Rough Skin|[of] p2a: Garchomp
|move|p2a: Garchomp|Stealth Rock|p1a: Scizor
|-sidestart|p1: toiletpkay|move: Stealth Rock
|
|turn|6
|
|switch|p2a: Charizard|Charizard, M|359\/359
|move|p1a: Scizor|Bullet Punch|p2a: Charizard
|-resisted|p2a: Charizard
|-damage|p2a: Charizard|282\/359
|
|turn|7
|c|âtoiletpkay|lol what was that for
|
|move|p2a: Charizard|Dragon Dance|p2a: Charizard
|-boost|p2a: Charizard|atk|1
|-boost|p2a: Charizard|spe|1
|move|p1a: Scizor|U-turn|p2a: Charizard
|-resisted|p2a: Charizard
|-damage|p2a: Charizard|242\/359
|
|switch|p1a: Landorus-Therian|Landorus-Therian, M|350\/350
|-damage|p1a: Landorus-Therian|307\/350|[from] Stealth Rock
|-ability|p1a: Landorus-Therian|Intimidate|[of] p2a: Charizard
|-unboost|p2a: Charizard|atk|1
|
|-heal|p1a: Landorus-Therian|328\/350|[from] item: Leftovers
|turn|8
|c|âtoiletpkay|ohh
|c|âtoiletpkay|Ur deserpate rate now
|
|switch|p1a: Scizor|Scizor, F|89\/281
|-damage|p1a: Scizor|54\/281|[from] Stealth Rock
|move|p2a: Charizard|Dragon Claw|p1a: Scizor
|-resisted|p1a: Scizor
|-damage|p1a: Scizor|20\/281
|
|turn|9
|
|move|p2a: Charizard|Dragon Dance|p2a: Charizard
|-boost|p2a: Charizard|atk|1
|-boost|p2a: Charizard|spe|1
|move|p1a: Scizor|U-turn|p2a: Charizard
|-resisted|p2a: Charizard
|-damage|p2a: Charizard|198\/359
|
|switch|p1a: Landorus-Therian|Landorus-Therian, M|328\/350
|-damage|p1a: Landorus-Therian|285\/350|[from] Stealth Rock
|-ability|p1a: Landorus-Therian|Intimidate|[of] p2a: Charizard
|-unboost|p2a: Charizard|atk|1
|
|-heal|p1a: Landorus-Therian|306\/350|[from] item: Leftovers
|turn|10
|
|move|p2a: Charizard|Dragon Claw|p1a: Landorus-Therian
|-damage|p1a: Landorus-Therian|224\/350
|move|p1a: Landorus-Therian|Stealth Rock|p2a: Charizard
|-sidestart|p2: TimeTravel_2|move: Stealth Rock
|
|-heal|p1a: Landorus-Therian|245\/350|[from] item: Leftovers
|turn|11
|
|move|p2a: Charizard|Dragon Dance|p2a: Charizard
|-boost|p2a: Charizard|atk|1
|-boost|p2a: Charizard|spe|1
|move|p1a: Landorus-Therian|Knock Off|p2a: Charizard
|-damage|p2a: Charizard|87\/359
|
|-heal|p1a: Landorus-Therian|266\/350|[from] item: Leftovers
|turn|12
|
|detailschange|p2a: Charizard|Charizard-Mega-X, M
|message|Charizard has Mega Evolved into Mega Charizard!
|move|p2a: Charizard|Dragon Claw|p1a: Landorus-Therian
|-damage|p1a: Landorus-Therian|0 fnt
|faint|p1a: Landorus-Therian
|
|
|switch|p1a: Azumarill|Azumarill, M|342\/342
|-damage|p1a: Azumarill|300\/342|[from] Stealth Rock
|turn|13
|
|move|p1a: Azumarill|Aqua Jet|p2a: Charizard
|-damage|p2a: Charizard|6\/359
|move|p2a: Charizard|Roost|p2a: Charizard
|-heal|p2a: Charizard|186\/359
|
|turn|14
|c|âTimeTravel_2|yes
|c|âTimeTravel_2|im desperate
|
|move|p2a: Charizard|Roost|p2a: Charizard
|-heal|p2a: Charizard|359\/359
|move|p1a: Azumarill|Play Rough|p2a: Charizard
|-crit|p2a: Charizard
|-damage|p2a: Charizard|106\/359
|
|turn|15
|
|move|p2a: Charizard|Roost|p2a: Charizard
|-heal|p2a: Charizard|286\/359
|move|p1a: Azumarill|Belly Drum|p1a: Azumarill
|-damage|p1a: Azumarill|129\/342
|-setboost|p1a: Azumarill|atk|6|[from] move: Belly Drum
|-enditem|p1a: Azumarill|Sitrus Berry|[eat]
|-heal|p1a: Azumarill|214\/342|[from] item: Sitrus Berry
|
|turn|16
|c|âtoiletpkay|ayt
|
|move|p1a: Azumarill|Aqua Jet|p2a: Charizard
|-crit|p2a: Charizard
|-damage|p2a: Charizard|0 fnt
|faint|p2a: Charizard
|
|
|switch|p2a: Breloom|Breloom, F|262\/262
|-damage|p2a: Breloom|246\/262|[from] Stealth Rock
|turn|17
|
|move|p1a: Azumarill|Aqua Jet|p2a: Breloom
|-resisted|p2a: Breloom
|-damage|p2a: Breloom|37\/262
|move|p2a: Breloom|Spore|p1a: Azumarill
|-status|p1a: Azumarill|slp
|
|turn|18
|
|cant|p1a: Azumarill|slp
|move|p2a: Breloom|Bullet Seed|p1a: Azumarill
|-supereffective|p1a: Azumarill
|-damage|p1a: Azumarill|62\/342 slp
|-supereffective|p1a: Azumarill
|-damage|p1a: Azumarill|0 fnt
|-hitcount|p1a: Azumarill|2
|faint|p1a: Azumarill
|
|
|switch|p1a: Manectric|Manectric, F|281\/281
|-damage|p1a: Manectric|246\/281|[from] Stealth Rock
|turn|19
|
|detailschange|p1a: Manectric|Manectric-Mega, F
|message|Manectric has Mega Evolved into Mega Manectric!
|-ability|p1a: Manectric|Intimidate|[of] p2a: Breloom
|-unboost|p2a: Breloom|atk|1
|move|p2a: Breloom|Mach Punch|p1a: Manectric
|-damage|p1a: Manectric|162\/281
|move|p1a: Manectric|Flamethrower|p2a: Breloom
|-supereffective|p2a: Breloom
|-damage|p2a: Breloom|0 fnt
|faint|p2a: Breloom
|
|
|switch|p2a: Bisharp|Bisharp, F|271\/271
|-damage|p2a: Bisharp|255\/271|[from] Stealth Rock
|turn|20
|
|switch|p1a: Keldeo|Keldeo|323\/323
|-damage|p1a: Keldeo|303\/323|[from] Stealth Rock
|move|p2a: Bisharp|Sucker Punch|p1a: Keldeo
|-fail|p1a: Keldeo
|
|turn|21
|c|âTimeTravel_2|switch
|c|âTimeTravel_2|to keld
|
|switch|p2a: Garchomp|Garchomp, M|104\/358
|-damage|p2a: Garchomp|82\/358|[from] Stealth Rock
|move|p1a: Keldeo|Scald|p2a: Garchomp
|-damage|p2a: Garchomp|0 fnt
|faint|p2a: Garchomp
|
|
|switch|p2a: Azumarill|Azumarill, M|342\/342
|-damage|p2a: Azumarill|300\/342|[from] Stealth Rock
|turn|22
|
|move|p1a: Keldeo|Substitute|p1a: Keldeo
|-start|p1a: Keldeo|Substitute
|-damage|p1a: Keldeo|223\/323
|move|p2a: Azumarill|Belly Drum|p2a: Azumarill
|-damage|p2a: Azumarill|129\/342
|-setboost|p2a: Azumarill|atk|6|[from] move: Belly Drum
|-enditem|p2a: Azumarill|Sitrus Berry|[eat]
|-heal|p2a: Azumarill|214\/342|[from] item: Sitrus Berry
|
|turn|23
|
|move|p2a: Azumarill|Aqua Jet|p1a: Keldeo
|-resisted|p1a: Keldeo
|-end|p1a: Keldeo|Substitute
|move|p1a: Keldeo|Substitute|p1a: Keldeo
|-start|p1a: Keldeo|Substitute
|-damage|p1a: Keldeo|143\/323
|
|turn|24
|
|move|p2a: Azumarill|Aqua Jet|p1a: Keldeo
|-resisted|p1a: Keldeo
|-end|p1a: Keldeo|Substitute
|move|p1a: Keldeo|Scald|p2a: Azumarill
|-resisted|p2a: Azumarill
|-damage|p2a: Azumarill|109\/342
|
|turn|25
|
|move|p2a: Azumarill|Aqua Jet|p1a: Keldeo
|-resisted|p1a: Keldeo
|-damage|p1a: Keldeo|0 fnt
|faint|p1a: Keldeo
|
|
|switch|p1a: Manectric|Manectric-Mega, F|162\/281
|-damage|p1a: Manectric|127\/281|[from] Stealth Rock
|-ability|p1a: Manectric|Intimidate|[of] p2a: Azumarill
|-unboost|p2a: Azumarill|atk|1
|turn|26
|c|âtoiletpkay|and the desperate no skiller wins
|
|move|p2a: Azumarill|Aqua Jet|p1a: Manectric
|-damage|p1a: Manectric|0 fnt
|faint|p1a: Manectric
|
|c|âTimeTravel_2|lol me desperate
|c|âTimeTravel_2|no
|c|âTimeTravel_2|u meen
|c|âtoiletpkay|ur way to desperate
|c|âtoiletpkay|all u do is try set up
|c|âTimeTravel_2|the desperate no skill loses
|c|âTimeTravel_2|their ass
|-message|toiletpkay forfeited.
|
|win|TimeTravel_2
|raw|Ladder updating...
|leave|toiletpkay
|player|p1
|raw|toiletpkay's rating: 1793 &rarr; <strong>1777<\/strong><br \/>(-16 for losing)
|raw|TimeTravel_2's rating: 1866 &rarr; <strong>1882<\/strong><br \/>(+16 for winning)
|join|Catamancer
|join|Albacore
|join|Time_To_Deul
|join|Sir_Unicorn123
|join|Harb1nger
|join|Da Booty Snatcher
|leave|Albacore
|join|asf dasf
|join|LT6C Henry
|join|SiggysTundra
|join|MXH
|join|gamzee_HONK