|join|toiletpkay
|join|iFenrear
|player|p1|toiletpkay|293
|player|p2|iFenrear|156
|gametype|singles
|gen|6
|tier|OU
|clearpoke
|poke|p1|Azumarill, M
|poke|p1|Victini
|poke|p1|Manectric, M
|poke|p1|Scizor, M
|poke|p1|Landorus-Therian, M
|poke|p1|Keldeo
|poke|p2|Hydreigon, M
|poke|p2|Toxicroak, M
|poke|p2|Meloetta
|poke|p2|Suicune
|poke|p2|Aggron, M
|poke|p2|Donphan, M
|rule|Swagger Clause: Swagger is banned
|rule|Baton Pass Clause: Limit one PokÃ©mon knowing Baton Pass
|rule|Sleep Clause Mod: Limit one foe put to sleep
|rule|Species Clause: Limit one of each PokÃ©mon
|rule|OHKO Clause: OHKO moves are banned
|rule|Moody Clause: Moody is banned
|rule|Evasion Moves Clause: Evasion moves are banned
|rule|Endless Battle Clause: Forcing endless battles is banned
|rule|HP Percentage Mod: HP is shown in percentages
|teampreview
|
|start
|switch|p1a: Azumarill|Azumarill, M|342\/342
|switch|p2a: Hybrid|Hydreigon, M|325\/325
|turn|1
|
|switch|p2a: Ironhide|Aggron, M|344\/344
|move|p1a: Azumarill|Superpower|p2a: Ironhide
|-supereffective|p2a: Ironhide
|-damage|p2a: Ironhide|20\/344
|-unboost|p1a: Azumarill|atk|1
|-unboost|p1a: Azumarill|def|1
|
|turn|2
|
|detailschange|p2a: Ironhide|Aggron-Mega, M
|message|Aggron has Mega Evolved into Mega Aggron!
|move|p1a: Azumarill|Aqua Jet|p2a: Ironhide
|-crit|p2a: Ironhide
|-damage|p2a: Ironhide|0 fnt
|faint|p2a: Ironhide
|
|
|switch|p2a: Dendro|Toxicroak, M|308\/308
|turn|3
|
|switch|p1a: Scizor|Scizor, M|281\/281
|move|p2a: Dendro|Ice Punch|p1a: Scizor
|-resisted|p1a: Scizor
|-damage|p1a: Scizor|230\/281
|-status|p1a: Scizor|frz
|-damage|p2a: Dendro|278\/308|[from] item: Life Orb
|
|turn|4
|c|âtoiletpkay|aw man
|
|cant|p1a: Scizor|frz
|move|p2a: Dendro|Ice Punch|p1a: Scizor
|-resisted|p1a: Scizor
|-damage|p1a: Scizor|173\/281 frz
|-damage|p2a: Dendro|248\/308|[from] item: Life Orb
|
|turn|5
|
|move|p2a: Dendro|Drain Punch|p1a: Scizor
|-damage|p1a: Scizor|16\/281 frz
|-heal|p2a: Dendro|308\/308|[from] drain|[of] p1a: Scizor
|-damage|p2a: Dendro|278\/308|[from] item: Life Orb
|cant|p1a: Scizor|frz
|
|turn|6
|
|move|p2a: Dendro|Sucker Punch|p1a: Scizor
|-damage|p1a: Scizor|0 fnt
|-damage|p2a: Dendro|248\/308|[from] item: Life Orb
|faint|p1a: Scizor
|
|c|âtoiletpkay|that kinda matterd for me lol
|c|âiFenrear|ikr
|
|switch|p1a: Landorus-Therian|Landorus-Therian, M|350\/350
|-ability|p1a: Landorus-Therian|Intimidate|[of] p2a: Dendro
|-unboost|p2a: Dendro|atk|1
|turn|7
|
|switch|p2a: Hybrid|Hydreigon, M|325\/325
|switch|p1a: Victini|Victini|341\/341
|
|turn|8
|
|switch|p1a: Azumarill|Azumarill, M|342\/342
|move|p2a: Hybrid|Dark Pulse|p1a: Azumarill
|-crit|p1a: Azumarill
|-resisted|p1a: Azumarill
|-damage|p1a: Azumarill|156\/342
|-enditem|p1a: Azumarill|Sitrus Berry|[eat]
|-heal|p1a: Azumarill|241\/342|[from] item: Sitrus Berry
|
|turn|9
|
|move|p2a: Hybrid|Dark Pulse|p1a: Azumarill
|-resisted|p1a: Azumarill
|-damage|p1a: Azumarill|118\/342
|move|p1a: Azumarill|Play Rough|p2a: Hybrid
|-supereffective|p2a: Hybrid
|-damage|p2a: Hybrid|0 fnt
|faint|p2a: Hybrid
|
|
|switch|p2a: Dendro|Toxicroak, M|248\/308
|turn|10
|
|move|p2a: Dendro|Poison Jab|p1a: Azumarill
|-supereffective|p1a: Azumarill
|-damage|p1a: Azumarill|0 fnt
|-damage|p2a: Dendro|218\/308|[from] item: Life Orb
|faint|p1a: Azumarill
|
|c|âiFenrear|for a uuteam
|c|âiFenrear|this is pretty good
|c|âiFenrear|y\/y?
|
|switch|p1a: Manectric|Manectric, M|281\/281
|turn|11
|
|switch|p1a: Keldeo|Keldeo|323\/323
|switch|p2a: Falcon|Donphan, M|353\/353
|
|turn|12
|
|move|p1a: Keldeo|Secret Sword|p2a: Falcon
|-damage|p2a: Falcon|229\/353
|move|p2a: Falcon|Earthquake|p1a: Keldeo
|-damage|p1a: Keldeo|149\/323
|
|turn|13
|
|move|p1a: Keldeo|Secret Sword|p2a: Falcon
|-crit|p2a: Falcon
|-damage|p2a: Falcon|51\/353
|move|p2a: Falcon|Knock Off|p1a: Keldeo
|-crit|p1a: Keldeo
|-resisted|p1a: Keldeo
|-damage|p1a: Keldeo|62\/323
|-boost|p1a: Keldeo|atk|1|[from] ability: Justified
|-enditem|p1a: Keldeo|Mystic Water|[from] move: Knock Off|[of] p2a: Falcon
|
|turn|14
|
|move|p2a: Falcon|Ice Shard|p1a: Keldeo
|-resisted|p1a: Keldeo
|-damage|p1a: Keldeo|40\/323
|move|p1a: Keldeo|Secret Sword|p2a: Falcon
|-damage|p2a: Falcon|0 fnt
|faint|p2a: Falcon
|
|
|switch|p2a: Dendro|Toxicroak, M|218\/308
|turn|15
|
|move|p2a: Dendro|Sucker Punch|p1a: Keldeo
|-resisted|p1a: Keldeo
|-damage|p1a: Keldeo|0 fnt
|-damage|p2a: Dendro|188\/308|[from] item: Life Orb
|faint|p1a: Keldeo
|
|
|switch|p1a: Manectric|Manectric, M|281\/281
|turn|16
|
|switch|p2a: Tsunami|Suicune|404\/404
|-ability|p2a: Tsunami|Pressure
|detailschange|p1a: Manectric|Manectric-Mega, M
|message|Manectric has Mega Evolved into Mega Manectric!
|-ability|p1a: Manectric|Intimidate|[of] p2a: Tsunami
|-unboost|p2a: Tsunami|atk|1
|move|p1a: Manectric|Thunderbolt|p2a: Tsunami
|-supereffective|p2a: Tsunami
|-damage|p2a: Tsunami|126\/404
|
|-heal|p2a: Tsunami|151\/404|[from] item: Leftovers
|turn|17
|
|move|p1a: Manectric|Thunderbolt|p2a: Tsunami
|-supereffective|p2a: Tsunami
|-damage|p2a: Tsunami|0 fnt
|faint|p2a: Tsunami
|
|
|switch|p2a: Zelda|Meloetta|404\/404
|turn|18
|
|move|p1a: Manectric|Volt Switch|p2a: Zelda
|-damage|p2a: Zelda|298\/404
|
|switch|p1a: Landorus-Therian|Landorus-Therian, M|350\/350
|-ability|p1a: Landorus-Therian|Intimidate|[of] p2a: Zelda
|-unboost|p2a: Zelda|atk|1
|move|p2a: Zelda|Psyshock|p1a: Landorus-Therian
|-damage|p1a: Landorus-Therian|224\/350
|
|-heal|p1a: Landorus-Therian|245\/350|[from] item: Leftovers
|-heal|p2a: Zelda|323\/404|[from] item: Leftovers
|turn|19
|
|move|p1a: Landorus-Therian|U-turn|p2a: Zelda
|-crit|p2a: Zelda
|-supereffective|p2a: Zelda
|-damage|p2a: Zelda|89\/404
|
|switch|p1a: Victini|Victini|341\/341
|move|p2a: Zelda|Psyshock|p1a: Victini
|-resisted|p1a: Victini
|-damage|p1a: Victini|280\/341
|
|-heal|p2a: Zelda|114\/404|[from] item: Leftovers
|turn|20
|c|âiFenrear|:(
|
|move|p1a: Victini|Blue Flare|p2a: Zelda
|-damage|p2a: Zelda|0 fnt
|faint|p2a: Zelda
|
|
|switch|p2a: Dendro|Toxicroak, M|188\/308
|turn|21
|c|âtoiletpkay|gg
|
|move|p2a: Dendro|Sucker Punch|p1a: Victini
|-supereffective|p1a: Victini
|-damage|p1a: Victini|15\/341
|-damage|p2a: Dendro|158\/308|[from] item: Life Orb
|move|p1a: Victini|V-create|p2a: Dendro
|-damage|p2a: Dendro|0 fnt
|-unboost|p1a: Victini|def|1
|-unboost|p1a: Victini|spd|1
|-unboost|p1a: Victini|spe|1
|faint|p2a: Dendro
|
|win|toiletpkay
|c|âiFenrear|gg
|c|âiFenrear|damn
|leave|iFenrear
|player|p2