|join|toiletpkay
|join|Arcadoge
|player|p1|toiletpkay|293
|player|p2|Arcadoge|130
|gametype|singles
|gen|6
|tier|OU
|rated
|clearpoke
|poke|p1|Azumarill, F
|poke|p1|Victini
|poke|p1|Manectric, M
|poke|p1|Scizor, M
|poke|p1|Landorus-Therian, M
|poke|p1|Keldeo
|poke|p2|Heatran, F
|poke|p2|Charizard, F
|poke|p2|Zapdos
|poke|p2|Slowbro, M
|poke|p2|Conkeldurr, F
|poke|p2|Clefable, M
|rule|Swagger Clause: Swagger is banned
|rule|Baton Pass Clause: Limit one PokÃ©mon knowing Baton Pass
|rule|Sleep Clause Mod: Limit one foe put to sleep
|rule|Species Clause: Limit one of each PokÃ©mon
|rule|OHKO Clause: OHKO moves are banned
|rule|Moody Clause: Moody is banned
|rule|Evasion Moves Clause: Evasion moves are banned
|rule|Endless Battle Clause: Forcing endless battles is banned
|rule|HP Percentage Mod: HP is shown in percentages
|teampreview
|
|start
|switch|p1a: Manectric|Manectric, M|281\/281
|switch|p2a: Zapdos|Zapdos|384\/384
|-ability|p2a: Zapdos|Pressure
|turn|1
|
|switch|p2a: Heatran|Heatran, F|386\/386
|detailschange|p1a: Manectric|Manectric-Mega, M
|message|Manectric has Mega Evolved into Mega Manectric!
|-ability|p1a: Manectric|Intimidate|[of] p2a: Heatran
|-unboost|p2a: Heatran|atk|1
|move|p1a: Manectric|Volt Switch|p2a: Heatran
|-damage|p2a: Heatran|302\/386
|
|switch|p1a: Landorus-Therian|Landorus-Therian, M|350\/350
|-ability|p1a: Landorus-Therian|Intimidate|[of] p2a: Heatran
|-unboost|p2a: Heatran|atk|1
|
|-heal|p2a: Heatran|326\/386|[from] item: Leftovers
|turn|2
|
|switch|p2a: Clefable|Clefable, M|394\/394
|move|p1a: Landorus-Therian|Stealth Rock|p2a: Clefable
|-sidestart|p2: Arcadoge|move: Stealth Rock
|
|turn|3
|
|move|p1a: Landorus-Therian|Knock Off|p2a: Clefable
|-resisted|p2a: Clefable
|-damage|p2a: Clefable|336\/394
|-enditem|p2a: Clefable|Leftovers|[from] move: Knock Off|[of] p1a: Landorus-Therian
|move|p2a: Clefable|Ice Beam|p1a: Landorus-Therian
|-supereffective|p1a: Landorus-Therian
|-damage|p1a: Landorus-Therian|46\/350
|-status|p1a: Landorus-Therian|frz
|
|-heal|p1a: Landorus-Therian|67\/350 frz|[from] item: Leftovers
|turn|4
|c|âtoiletpkay|lol
|c|âtoiletpkay|ok
|c|âArcadoge|i have 2 fire types
|c|âArcadoge|flamethrower is useless
|
|switch|p1a: Victini|Victini|341\/341
|move|p2a: Clefable|Moonblast|p1a: Victini
|-resisted|p1a: Victini
|-damage|p1a: Victini|287\/341
|
|turn|5
|c|âtoiletpkay|was talking about the freeze
|
|switch|p2a: Heatran|Heatran, F|326\/386
|-damage|p2a: Heatran|278\/386|[from] Stealth Rock
|move|p1a: Victini|Bolt Strike|p2a: Heatran
|-damage|p2a: Heatran|137\/386
|
|-heal|p2a: Heatran|161\/386|[from] item: Leftovers
|turn|6
|c|âArcadoge|oh
|c|âArcadoge|yeah sorry
|
|move|p1a: Victini|Bolt Strike|p2a: Heatran
|-damage|p2a: Heatran|20\/386
|move|p2a: Heatran|Stealth Rock|p1a: Victini
|-sidestart|p1: toiletpkay|move: Stealth Rock
|
|-heal|p2a: Heatran|44\/386|[from] item: Leftovers
|turn|7
|
|move|p1a: Victini|Bolt Strike|p2a: Heatran
|-damage|p2a: Heatran|0 fnt
|faint|p2a: Heatran
|
|
|switch|p2a: Conkeldurr|Conkeldurr, F|351\/351
|-damage|p2a: Conkeldurr|330\/351|[from] Stealth Rock
|turn|8
|
|switch|p2a: Slowbro|Slowbro, M|371\/371
|-damage|p2a: Slowbro|325\/371|[from] Stealth Rock
|move|p1a: Victini|V-create|p2a: Slowbro
|-resisted|p2a: Slowbro
|-damage|p2a: Slowbro|210\/371
|-unboost|p1a: Victini|def|1
|-unboost|p1a: Victini|spd|1
|-unboost|p1a: Victini|spe|1
|
|-heal|p2a: Slowbro|233\/371|[from] item: Leftovers
|turn|9
|join|lt6a ary
|
|move|p1a: Victini|Bolt Strike|p2a: Slowbro
|-supereffective|p2a: Slowbro
|-damage|p2a: Slowbro|37\/371
|move|p2a: Slowbro|Scald|p1a: Victini
|-supereffective|p1a: Victini
|-damage|p1a: Victini|0 fnt
|faint|p1a: Victini
|
|-heal|p2a: Slowbro|60\/371|[from] item: Leftovers
|leave|lt6a ary
|
|switch|p1a: Scizor|Scizor, M|281\/281
|-damage|p1a: Scizor|246\/281|[from] Stealth Rock
|turn|10
|
|move|p1a: Scizor|Pursuit|p2a: Slowbro|[from]Pursuit
|-supereffective|p2a: Slowbro
|-damage|p2a: Slowbro|0 fnt
|faint|p2a: Slowbro
|
|
|switch|p2a: Zapdos|Zapdos|384\/384
|-damage|p2a: Zapdos|288\/384|[from] Stealth Rock
|-ability|p2a: Zapdos|Pressure
|turn|11
|
|switch|p1a: Manectric|Manectric-Mega, M|281\/281
|-damage|p1a: Manectric|246\/281|[from] Stealth Rock
|-ability|p1a: Manectric|Intimidate|[of] p2a: Zapdos
|-unboost|p2a: Zapdos|atk|1
|move|p2a: Zapdos|Defog|p1a: Manectric
|-unboost|p1a: Manectric|evasion|1
|-sideend|p1: toiletpkay|Stealth Rock|[from] move: Defog|[of] p1a: Manectric
|-sideend|p2: Arcadoge|Stealth Rock|[from] move: Defog|[of] p2a: Zapdos
|
|-heal|p2a: Zapdos|312\/384|[from] item: Leftovers
|turn|12
|
|switch|p2a: Clefable|Clefable, M|336\/394
|move|p1a: Manectric|Volt Switch|p2a: Clefable
|-damage|p2a: Clefable|195\/394
|
|switch|p1a: Scizor|Scizor, M|246\/281
|
|turn|13
|
|move|p1a: Scizor|U-turn|p2a: Clefable
|-resisted|p2a: Clefable
|-damage|p2a: Clefable|131\/394
|
|switch|p1a: Landorus-Therian|Landorus-Therian, M|67\/350 frz
|-ability|p1a: Landorus-Therian|Intimidate|[of] p2a: Clefable
|-unboost|p2a: Clefable|atk|1
|move|p2a: Clefable|Ice Beam|p1a: Landorus-Therian
|-supereffective|p1a: Landorus-Therian
|-damage|p1a: Landorus-Therian|0 fnt
|faint|p1a: Landorus-Therian
|
|
|switch|p1a: Manectric|Manectric-Mega, M|246\/281
|-ability|p1a: Manectric|Intimidate|[of] p2a: Clefable
|-unboost|p2a: Clefable|atk|1
|turn|14
|
|move|p1a: Manectric|Thunderbolt|p2a: Clefable
|-damage|p2a: Clefable|0 fnt
|faint|p2a: Clefable
|
|
|switch|p2a: Conkeldurr|Conkeldurr, F|330\/351
|turn|15
|
|move|p1a: Manectric|Volt Switch|p2a: Conkeldurr
|-damage|p2a: Conkeldurr|246\/351
|
|switch|p1a: Scizor|Scizor, M|246\/281
|move|p2a: Conkeldurr|Knock Off|p1a: Scizor
|-damage|p1a: Scizor|109\/281
|-enditem|p1a: Scizor|Assault Vest|[from] move: Knock Off|[of] p2a: Conkeldurr
|
|turn|16
|c|âArcadoge|hm
|c|âArcadoge|interesting
|
|move|p1a: Scizor|Aerial Ace|p2a: Conkeldurr
|-supereffective|p2a: Conkeldurr
|-damage|p2a: Conkeldurr|0 fnt
|faint|p2a: Conkeldurr
|
|c|âtoiletpkay|all my pokes
|c|âtoiletpkay|are my sets
|
|switch|p2a: Zapdos|Zapdos|312\/384
|-ability|p2a: Zapdos|Pressure
|turn|17
|c|âtoiletpkay|thats why i didnt say nothing about your ice beam
|c|âtoiletpkay|good to be orginal
|c|âArcadoge|o
|
|move|p1a: Scizor|Bullet Punch|p2a: Zapdos
|-resisted|p2a: Zapdos
|-damage|p2a: Zapdos|255\/384
|move|p2a: Zapdos|Heat Wave|p1a: Scizor
|-supereffective|p1a: Scizor
|-damage|p1a: Scizor|0 fnt
|faint|p1a: Scizor
|
|-heal|p2a: Zapdos|279\/384|[from] item: Leftovers
|
|switch|p1a: Manectric|Manectric-Mega, M|246\/281
|-ability|p1a: Manectric|Intimidate|[of] p2a: Zapdos
|-unboost|p2a: Zapdos|atk|1
|turn|18
|
|move|p1a: Manectric|Thunderbolt|p2a: Zapdos
|-damage|p2a: Zapdos|89\/384
|move|p2a: Zapdos|Heat Wave|p1a: Manectric
|-damage|p1a: Manectric|133\/281
|
|-heal|p2a: Zapdos|113\/384|[from] item: Leftovers
|turn|19
|c|âArcadoge|well i think my ice beam is fine, considering i have 2 fire types to begin with, and its cm, not cp
|
|move|p1a: Manectric|Volt Switch|p2a: Zapdos
|-damage|p2a: Zapdos|0 fnt
|faint|p2a: Zapdos
|
|switch|p1a: Keldeo|Keldeo|323\/323
|
|
|switch|p2a: Charizard|Charizard, F|360\/360
|turn|20
|
|detailschange|p2a: Charizard|Charizard-Mega-X, F
|message|Charizard has Mega Evolved into Mega Charizard!
|move|p1a: Keldeo|Scald|p2a: Charizard
|-damage|p2a: Charizard|185\/360
|move|p2a: Charizard|Dragon Dance|p2a: Charizard
|-boost|p2a: Charizard|atk|1
|-boost|p2a: Charizard|spe|1
|
|turn|21
|
|switch|p1a: Manectric|Manectric-Mega, M|133\/281
|-ability|p1a: Manectric|Intimidate|[of] p2a: Charizard
|-unboost|p2a: Charizard|atk|1
|move|p2a: Charizard|Dragon Dance|p2a: Charizard
|-boost|p2a: Charizard|atk|1
|-boost|p2a: Charizard|spe|1
|
|turn|22
|
|move|p2a: Charizard|Dragon Dance|p2a: Charizard
|-boost|p2a: Charizard|atk|1
|-boost|p2a: Charizard|spe|1
|move|p1a: Manectric|Volt Switch|p2a: Charizard
|-resisted|p2a: Charizard
|-damage|p2a: Charizard|112\/360
|
|switch|p1a: Keldeo|Keldeo|323\/323
|
|turn|23
|
|move|p2a: Charizard|Dragon Claw|p1a: Keldeo
|-damage|p1a: Keldeo|0 fnt
|faint|p1a: Keldeo
|
|
|switch|p1a: Azumarill|Azumarill, F|342\/342
|turn|24
|
|move|p1a: Azumarill|Aqua Jet|p2a: Charizard
|-damage|p2a: Charizard|43\/360
|move|p2a: Charizard|Roost|p2a: Charizard
|-heal|p2a: Charizard|223\/360
|
|turn|25
|
|switch|p1a: Manectric|Manectric-Mega, M|133\/281
|-ability|p1a: Manectric|Intimidate|[of] p2a: Charizard
|-unboost|p2a: Charizard|atk|1
|move|p2a: Charizard|Roost|p2a: Charizard
|-heal|p2a: Charizard|360\/360
|
|turn|26
|
|move|p2a: Charizard|Flare Blitz|p1a: Manectric
|-damage|p1a: Manectric|0 fnt
|-damage|p2a: Charizard|316\/360|[from] recoil|[of] p1a: Manectric
|faint|p1a: Manectric
|
|
|switch|p1a: Azumarill|Azumarill, F|342\/342
|turn|27
|
|move|p2a: Charizard|Dragon Dance|p2a: Charizard
|-boost|p2a: Charizard|atk|1
|-boost|p2a: Charizard|spe|1
|move|p1a: Azumarill|Play Rough|p2a: Charizard
|-damage|p2a: Charizard|171\/360
|-unboost|p2a: Charizard|atk|1
|
|turn|28
|c|âArcadoge|hm
|c|âArcadoge|this will be interesting
|
|move|p2a: Charizard|Roost|p2a: Charizard
|-heal|p2a: Charizard|351\/360
|move|p1a: Azumarill|Belly Drum|p1a: Azumarill
|-damage|p1a: Azumarill|171\/342
|-setboost|p1a: Azumarill|atk|6|[from] move: Belly Drum
|-enditem|p1a: Azumarill|Sitrus Berry|[eat]
|-heal|p1a: Azumarill|256\/342|[from] item: Sitrus Berry
|
|turn|29
|
|move|p1a: Azumarill|Aqua Jet|p2a: Charizard
|-damage|p2a: Charizard|89\/360
|move|p2a: Charizard|Flare Blitz|p1a: Azumarill
|-resisted|p1a: Azumarill
|-damage|p1a: Azumarill|36\/342
|-damage|p2a: Charizard|16\/360|[from] recoil|[of] p1a: Azumarill
|
|turn|30
|c|âtoiletpkay|gg
|c|âArcadoge|gg
|c|âArcadoge|actaully no
|c|âArcadoge|not gg
|c|âArcadoge|that fucking attack drop
|c|âtoiletpkay|?
|c|âArcadoge|ruined me
|c|âtoiletpkay|if i play roughed
|c|âtoiletpkay|u would of roost
|c|âtoiletpkay|thats why i went for it
|c|âArcadoge|you had a 10% chance to win
|c|âtoiletpkay|even with the attack drop
|c|âArcadoge|and it happened
|c|âtoiletpkay|with +2 attack zard x wont kill azu
|c|âtoiletpkay|so if u did blitz me
|c|âtoiletpkay|u would of die
|c|âArcadoge|no
|c|âtoiletpkay|so i had to make u roost by going for play rough
|c|âtoiletpkay|do the calc...
|c|âArcadoge|if that hadnt dropped, i could have killed you right here
|c|âtoiletpkay|+2 charizard blitz
|c|âtoiletpkay|full hp
|c|âArcadoge|you dont have ful
|c|âtoiletpkay|mate
|c|âArcadoge|+2 252+ Atk Tough Claws Mega Charizard X Flare Blitz vs. 92 HP \/ 0 Def Azumarill: 345-406 (94.7 - 111.5%) -- 68.8% chance to OHKO
|c|âArcadoge|also that
|c|âArcadoge|i woulda won
|c|âArcadoge|if it werent for that fucking drop
|
|move|p1a: Azumarill|Aqua Jet|p2a: Charizard
|-damage|p2a: Charizard|0 fnt
|faint|p2a: Charizard
|
|win|toiletpkay
|raw|Ladder updating...
|raw|toiletpkay's rating: 1868 &rarr; <strong>1881<\/strong><br \/>(+13 for winning)
|raw|Arcadoge's rating: 1725 &rarr; <strong>1713<\/strong><br \/>(-12 for losing)
|c|âtoiletpkay|well u was stalling :\/
|c|âtoiletpkay|not my faullt
|c|âArcadoge|so you just pull back your whole damn arrgument
|c|âArcadoge|whatever 
|c|âArcadoge|i won
|c|âtoiletpkay|and mate
|c|âtoiletpkay|u froze my lando
|leave|Arcadoge
|player|p2
|c|âtoiletpkay|which couldnt get the rocks back up
|c|âtoiletpkay|so its a hax for a attk drop