|join|toiletpkay
|join|LT6V Updated Kanto
|player|p1|toiletpkay|293
|player|p2|LT6V Updated Kanto|232
|gametype|singles
|gen|6
|tier|OU
|rated
|clearpoke
|poke|p1|Azumarill, F
|poke|p1|Victini
|poke|p1|Manectric, F
|poke|p1|Scizor, F
|poke|p1|Landorus-Therian, M
|poke|p1|Keldeo
|poke|p2|Gardevoir, M
|poke|p2|Thundurus, M
|poke|p2|Tyranitar, M
|poke|p2|Latias, F
|poke|p2|Excadrill, F
|poke|p2|Azumarill, M
|rule|Swagger Clause: Swagger is banned
|rule|Baton Pass Clause: Limit one PokÃ©mon knowing Baton Pass
|rule|Sleep Clause Mod: Limit one foe put to sleep
|rule|Species Clause: Limit one of each PokÃ©mon
|rule|OHKO Clause: OHKO moves are banned
|rule|Moody Clause: Moody is banned
|rule|Evasion Moves Clause: Evasion moves are banned
|rule|Endless Battle Clause: Forcing endless battles is banned
|rule|HP Percentage Mod: HP is shown in percentages
|teampreview
|c|âLT6V Updated Kanto|ahhhhhhhhhhh
|c|âLT6V Updated Kanto|the volt-turno
|c|âLT6V Updated Kanto|;(
|
|start
|switch|p1a: Keldeo|Keldeo|323\/323
|switch|p2a: Thundurus|Thundurus, M|299\/299
|turn|1
|
|move|p2a: Thundurus|Thunderbolt|p1a: Keldeo
|-supereffective|p1a: Keldeo
|-damage|p1a: Keldeo|0 fnt
|-damage|p2a: Thundurus|270\/299|[from] item: Life Orb
|faint|p1a: Keldeo
|
|
|switch|p1a: Victini|Victini|341\/341
|turn|2
|
|switch|p2a: Tyranitar|Tyranitar, M|341\/341
|-weather|Sandstorm
|switch|p1a: Manectric|Manectric, F|281\/281
|
|-weather|Sandstorm|[upkeep]
|-damage|p1a: Manectric|264\/281|[from] sandstorm
|turn|3
|
|detailschange|p1a: Manectric|Manectric-Mega, F
|message|Manectric has Mega Evolved into Mega Manectric!
|-ability|p1a: Manectric|Intimidate|[of] p2a: Tyranitar
|-unboost|p2a: Tyranitar|atk|1
|move|p1a: Manectric|Volt Switch|p2a: Tyranitar
|-damage|p2a: Tyranitar|244\/341
|
|switch|p1a: Scizor|Scizor, F|281\/281
|move|p2a: Tyranitar|Fire Blast|p1a: Scizor
|-supereffective|p1a: Scizor
|-damage|p1a: Scizor|29\/281
|
|-weather|Sandstorm|[upkeep]
|turn|4
|
|switch|p2a: Excadrill|Excadrill, F|362\/362
|move|p1a: Scizor|U-turn|p2a: Excadrill
|-resisted|p2a: Excadrill
|-damage|p2a: Excadrill|267\/362
|
|switch|p1a: Landorus-Therian|Landorus-Therian, M|350\/350
|-ability|p1a: Landorus-Therian|Intimidate|[of] p2a: Excadrill
|-unboost|p2a: Excadrill|atk|1
|
|-weather|Sandstorm|[upkeep]
|turn|5
|
|switch|p2a: Thundurus|Thundurus, M|270\/299
|move|p1a: Landorus-Therian|Knock Off|p2a: Thundurus
|-damage|p2a: Thundurus|72\/299
|-enditem|p2a: Thundurus|Life Orb|[from] move: Knock Off|[of] p1a: Landorus-Therian
|
|-weather|Sandstorm|[upkeep]
|-damage|p2a: Thundurus|54\/299|[from] sandstorm
|turn|6
|
|switch|p1a: Scizor|Scizor, F|29\/281
|move|p2a: Thundurus|Knock Off|p1a: Scizor
|-damage|p1a: Scizor|0 fnt
|-enditem|p1a: Scizor|Assault Vest|[from] move: Knock Off|[of] p2a: Thundurus
|faint|p1a: Scizor
|
|-weather|Sandstorm|[upkeep]
|-damage|p2a: Thundurus|36\/299|[from] sandstorm
|
|switch|p1a: Manectric|Manectric-Mega, F|264\/281
|-ability|p1a: Manectric|Intimidate|[of] p2a: Thundurus
|-unboost|p2a: Thundurus|atk|1
|-boost|p2a: Thundurus|atk|2|[from] ability: Defiant
|turn|7
|
|switch|p2a: Tyranitar|Tyranitar, M|244\/341
|move|p1a: Manectric|Flamethrower|p2a: Tyranitar
|-resisted|p2a: Tyranitar
|-damage|p2a: Tyranitar|201\/341
|
|-weather|Sandstorm|[upkeep]
|-damage|p1a: Manectric|247\/281|[from] sandstorm
|turn|8
|
|move|p1a: Manectric|Volt Switch|p2a: Tyranitar
|-damage|p2a: Tyranitar|111\/341
|
|switch|p1a: Victini|Victini|341\/341
|move|p2a: Tyranitar|Stealth Rock|p1a: Victini
|-sidestart|p1: toiletpkay|move: Stealth Rock
|
|-weather|Sandstorm|[upkeep]
|-damage|p1a: Victini|320\/341|[from] sandstorm
|turn|9
|join|feed the egâ
|
|switch|p2a: Thundurus|Thundurus, M|36\/299
|move|p1a: Victini|Bolt Strike|p2a: Thundurus
|-damage|p2a: Thundurus|0 fnt
|faint|p2a: Thundurus
|
|-weather|none
|join|z0mOG
|join|bellicose
|leave|z0mOG
|
|switch|p2a: Tyranitar|Tyranitar, M|111\/341
|-weather|Sandstorm
|turn|10
|
|move|p1a: Victini|V-create|p2a: Tyranitar
|-resisted|p2a: Tyranitar
|-damage|p2a: Tyranitar|0 fnt
|-unboost|p1a: Victini|def|1
|-unboost|p1a: Victini|spd|1
|-unboost|p1a: Victini|spe|1
|faint|p2a: Tyranitar
|
|-weather|Sandstorm|[upkeep]
|-damage|p1a: Victini|299\/341|[from] sandstorm
|join|lt6a ary
|c| bellicose|Kanto youre awful
|
|switch|p2a: Azumarill|Azumarill, M|401\/401
|turn|11
|join|strOKing
|
|move|p1a: Victini|Bolt Strike|p2a: Azumarill
|-supereffective|p2a: Azumarill
|-damage|p2a: Azumarill|67\/401
|-status|p2a: Azumarill|par
|move|p2a: Azumarill|Play Rough|p1a: Victini
|-resisted|p1a: Victini
|-damage|p1a: Victini|123\/341
|
|-weather|Sandstorm|[upkeep]
|-damage|p1a: Victini|102\/341|[from] sandstorm
|-damage|p2a: Azumarill|42\/401 par|[from] sandstorm
|turn|12
|
|switch|p1a: Azumarill|Azumarill, F|342\/342
|-damage|p1a: Azumarill|300\/342|[from] Stealth Rock
|move|p2a: Azumarill|Play Rough|p1a: Azumarill|[miss]
|-miss|p2a: Azumarill|p1a: Azumarill
|
|-weather|Sandstorm|[upkeep]
|-damage|p1a: Azumarill|279\/342|[from] sandstorm
|-damage|p2a: Azumarill|17\/401 par|[from] sandstorm
|turn|13
|c| bellicose|What was that kanto..
|
|move|p1a: Azumarill|Aqua Jet|p2a: Azumarill
|-resisted|p2a: Azumarill
|-damage|p2a: Azumarill|0 fnt
|faint|p2a: Azumarill
|
|-weather|Sandstorm|[upkeep]
|-damage|p1a: Azumarill|258\/342|[from] sandstorm
|
|switch|p2a: Excadrill|Excadrill, F|267\/362
|turn|14
|
|move|p1a: Azumarill|Aqua Jet|p2a: Excadrill
|-supereffective|p2a: Excadrill
|-damage|p2a: Excadrill|0 fnt
|faint|p2a: Excadrill
|
|-weather|Sandstorm|[upkeep]
|-damage|p1a: Azumarill|237\/342|[from] sandstorm
|
|switch|p2a: Latias|Latias, F|302\/302
|turn|15
|
|move|p2a: Latias|Psyshock|p1a: Azumarill
|-damage|p1a: Azumarill|25\/342
|-damage|p2a: Latias|272\/302|[from] item: Life Orb
|-enditem|p1a: Azumarill|Sitrus Berry|[eat]
|-heal|p1a: Azumarill|110\/342|[from] item: Sitrus Berry
|move|p1a: Azumarill|Play Rough|p2a: Latias
|-supereffective|p2a: Latias
|-damage|p2a: Latias|0 fnt
|faint|p2a: Latias
|
|-weather|Sandstorm|[upkeep]
|-damage|p1a: Azumarill|89\/342|[from] sandstorm
|
|switch|p2a: Gardevoir|Gardevoir, M|278\/278
|turn|16
|c|âLT6V Updated Kanto|wait
|c|âLT6V Updated Kanto|if you aren't banded
|c|âLT6V Updated Kanto|then you literally got a high roll vs excadrill
|c|âLT6V Updated Kanto|thats fucking gay
|
|detailschange|p2a: Gardevoir|Gardevoir-Mega, M
|message|Gardevoir has Mega Evolved into Mega Gardevoir!
|move|p1a: Azumarill|Aqua Jet|p2a: Gardevoir
|-damage|p2a: Gardevoir|154\/278
|move|p2a: Gardevoir|Hyper Voice|p1a: Azumarill
|-damage|p1a: Azumarill|0 fnt
|faint|p1a: Azumarill
|
|-weather|Sandstorm|[upkeep]
|-damage|p2a: Gardevoir|137\/278|[from] sandstorm
|c|âLT6V Updated Kanto|the roll cost me teh game
|c|âtoiletpkay|blaming rolls....
|
|switch|p1a: Manectric|Manectric-Mega, F|247\/281
|-damage|p1a: Manectric|212\/281|[from] Stealth Rock
|-ability|p1a: Manectric|Intimidate|[of] p2a: Gardevoir
|-unboost|p2a: Gardevoir|atk|1
|turn|17
|c|âLT6V Updated Kanto|LOL
|join|I'm Rick Astley
|c|âLT6V Updated Kanto| that roll won you the game
|join|lt6e ary
|join|TOTâ¶âââ EMO
|c|âtoiletpkay|ITS A ROLL
|c|âLT6V Updated Kanto|other wise latias woulda just won
|
|move|p1a: Manectric|Volt Switch|p2a: Gardevoir
|-damage|p2a: Gardevoir|37\/278
|
|switch|p1a: Victini|Victini|102\/341
|-damage|p1a: Victini|17\/341|[from] Stealth Rock
|move|p2a: Gardevoir|Hyper Voice|p1a: Victini
|-resisted|p1a: Victini
|-damage|p1a: Victini|0 fnt
|faint|p1a: Victini
|
|-weather|none
|c|âtoiletpkay|i have lando with full hp :\/
|leave|lt6e ary
|
|switch|p1a: Manectric|Manectric-Mega, F|212\/281
|-damage|p1a: Manectric|177\/281|[from] Stealth Rock
|-ability|p1a: Manectric|Intimidate|[of] p2a: Gardevoir
|-unboost|p2a: Gardevoir|atk|1
|turn|18
|leave|feed the egâ
|
|move|p1a: Manectric|Thunderbolt|p2a: Gardevoir
|-damage|p2a: Gardevoir|0 fnt
|faint|p2a: Gardevoir
|
|win|toiletpkay
|raw|Ladder updating...
|raw|toiletpkay's rating: 1852 &rarr; <strong>1868<\/strong><br \/>(+16 for winning)
|raw|LT6V Updated Kanto's rating: 1784 &rarr; <strong>1768<\/strong><br \/>(-16 for losing)
|leave|LT6V Updated Kanto
|player|p2
|join|feed the egâ