|join|LT6A Heiiraiser
|join|toiletpkay
|player|p1|LT6A Heiiraiser|102
|player|p2|toiletpkay|293
|gametype|singles
|gen|6
|tier|OU
|rated
|clearpoke
|poke|p1|Tyranitar, F
|poke|p1|Excadrill, F
|poke|p1|Rotom-Wash
|poke|p1|Landorus, M
|poke|p1|Latios, M
|poke|p1|Scizor, F
|poke|p2|Azumarill, M
|poke|p2|Victini
|poke|p2|Manectric, F
|poke|p2|Scizor, M
|poke|p2|Landorus-Therian, M
|poke|p2|Keldeo
|rule|Swagger Clause: Swagger is banned
|rule|Baton Pass Clause: Limit one PokÃ©mon knowing Baton Pass
|rule|Sleep Clause Mod: Limit one foe put to sleep
|rule|Species Clause: Limit one of each PokÃ©mon
|rule|OHKO Clause: OHKO moves are banned
|rule|Moody Clause: Moody is banned
|rule|Evasion Moves Clause: Evasion moves are banned
|rule|Endless Battle Clause: Forcing endless battles is banned
|rule|HP Percentage Mod: HP is shown in percentages
|teampreview
|
|start
|switch|p1a: Xespirito|Rotom-Wash|304\/304
|switch|p2a: Keldeo|Keldeo|323\/323
|turn|1
|
|move|p2a: Keldeo|Substitute|p2a: Keldeo
|-start|p2a: Keldeo|Substitute
|-damage|p2a: Keldeo|243\/323
|move|p1a: Xespirito|Volt Switch|p2a: Keldeo
|-supereffective|p2a: Keldeo
|-end|p2a: Keldeo|Substitute
|
|switch|p1a: Antedegmon|Latios, M|302\/302
|
|turn|2
|
|switch|p2a: Scizor|Scizor, M|281\/281
|move|p1a: Antedegmon|Psychic|p2a: Scizor
|-resisted|p2a: Scizor
|-damage|p2a: Scizor|220\/281
|-damage|p1a: Antedegmon|272\/302|[from] item: Life Orb
|
|turn|3
|
|move|p1a: Antedegmon|Hidden Power|p2a: Scizor
|-supereffective|p2a: Scizor
|-damage|p2a: Scizor|0 fnt
|-damage|p1a: Antedegmon|242\/302|[from] item: Life Orb
|faint|p2a: Scizor
|
|
|switch|p2a: Landorus-Therian|Landorus-Therian, M|350\/350
|-ability|p2a: Landorus-Therian|Intimidate|[of] p1a: Antedegmon
|-unboost|p1a: Antedegmon|atk|1
|turn|4
|join|KratosSnake
|
|switch|p1a: Rasputin|Landorus, M|319\/319
|move|p2a: Landorus-Therian|U-turn|p1a: Rasputin
|-resisted|p1a: Rasputin
|-damage|p1a: Rasputin|265\/319
|
|switch|p2a: Manectric|Manectric, F|281\/281
|
|turn|5
|join|illestt
|
|switch|p1a: Bowser|Tyranitar, F|404\/404
|-weather|Sandstorm
|detailschange|p2a: Manectric|Manectric-Mega, F
|message|Manectric has Mega Evolved into Mega Manectric!
|-ability|p2a: Manectric|Intimidate|[of] p1a: Bowser
|-unboost|p1a: Bowser|atk|1
|move|p2a: Manectric|Flamethrower|p1a: Bowser
|-resisted|p1a: Bowser
|-damage|p1a: Bowser|375\/404
|
|-weather|Sandstorm|[upkeep]
|-damage|p2a: Manectric|264\/281|[from] sandstorm
|turn|6
|
|move|p2a: Manectric|Volt Switch|p1a: Bowser
|-damage|p1a: Bowser|311\/404
|
|switch|p2a: Landorus-Therian|Landorus-Therian, M|350\/350
|-ability|p2a: Landorus-Therian|Intimidate|[of] p1a: Bowser
|-unboost|p1a: Bowser|atk|1
|move|p1a: Bowser|Stealth Rock|p2a: Landorus-Therian
|-sidestart|p2: toiletpkay|move: Stealth Rock
|
|-weather|Sandstorm|[upkeep]
|turn|7
|
|switch|p1a: Rasputin|Landorus, M|265\/319
|move|p2a: Landorus-Therian|U-turn|p1a: Rasputin
|-resisted|p1a: Rasputin
|-damage|p1a: Rasputin|213\/319
|join|LT6A Heist
|leave|illestt
|
|switch|p2a: Keldeo|Keldeo|243\/323
|-damage|p2a: Keldeo|223\/323|[from] Stealth Rock
|
|-weather|Sandstorm|[upkeep]
|-damage|p2a: Keldeo|203\/323|[from] sandstorm
|turn|8
|
|switch|p1a: Xespirito|Rotom-Wash|304\/304
|move|p2a: Keldeo|Substitute|p2a: Keldeo
|-start|p2a: Keldeo|Substitute
|-damage|p2a: Keldeo|123\/323
|
|-weather|Sandstorm|[upkeep]
|-damage|p2a: Keldeo|103\/323|[from] sandstorm
|-damage|p1a: Xespirito|285\/304|[from] sandstorm
|-heal|p1a: Xespirito|304\/304|[from] item: Leftovers
|turn|9
|
|move|p2a: Keldeo|Endeavor|p1a: Xespirito
|-damage|p1a: Xespirito|103\/304
|move|p1a: Xespirito|Volt Switch|p2a: Keldeo
|-supereffective|p2a: Keldeo
|-end|p2a: Keldeo|Substitute
|join|InToDaPussi
|
|switch|p1a: Antedegmon|Latios, M|242\/302
|
|-weather|Sandstorm|[upkeep]
|-damage|p1a: Antedegmon|224\/302|[from] sandstorm
|-damage|p2a: Keldeo|83\/323|[from] sandstorm
|turn|10
|
|switch|p2a: Victini|Victini|341\/341
|-damage|p2a: Victini|256\/341|[from] Stealth Rock
|move|p1a: Antedegmon|Psychic|p2a: Victini
|-resisted|p2a: Victini
|-damage|p2a: Victini|157\/341
|-damage|p1a: Antedegmon|194\/302|[from] item: Life Orb
|
|-weather|Sandstorm|[upkeep]
|-damage|p1a: Antedegmon|176\/302|[from] sandstorm
|-damage|p2a: Victini|136\/341|[from] sandstorm
|turn|11
|
|move|p1a: Antedegmon|Draco Meteor|p2a: Victini
|-damage|p2a: Victini|0 fnt
|-unboost|p1a: Antedegmon|spa|2
|-damage|p1a: Antedegmon|146\/302|[from] item: Life Orb
|faint|p2a: Victini
|
|-weather|Sandstorm|[upkeep]
|-damage|p1a: Antedegmon|128\/302|[from] sandstorm
|
|switch|p2a: Azumarill|Azumarill, M|342\/342
|-damage|p2a: Azumarill|300\/342|[from] Stealth Rock
|turn|12
|
|switch|p1a: Reepor|Scizor, F|344\/344
|move|p2a: Azumarill|Belly Drum|p2a: Azumarill
|-damage|p2a: Azumarill|129\/342
|-setboost|p2a: Azumarill|atk|6|[from] move: Belly Drum
|-enditem|p2a: Azumarill|Sitrus Berry|[eat]
|-heal|p2a: Azumarill|214\/342|[from] item: Sitrus Berry
|
|-weather|none
|turn|13
|
|detailschange|p1a: Reepor|Scizor-Mega, F
|message|Scizor has Mega Evolved into Mega Scizor!
|move|p2a: Azumarill|Aqua Jet|p1a: Reepor
|-damage|p1a: Reepor|103\/344
|move|p1a: Reepor|Bullet Punch|p2a: Azumarill
|-damage|p2a: Azumarill|84\/342
|
|turn|14
|c|âtoiletpkay|gg i think
|c| InToDaPussi|i wouldnt call 1 click move gg but yeah
|join|Nelson
|c| Nelson|lol yan
|c| Nelson|why are u still playing
|c|âLT6A Heiiraiser|idk
|c|âtoiletpkay|since i came back i only lost once
|c|âLT6A Heiiraiser|bored
|c| Nelson|u alrdy qualified dumby
|c|âtoiletpkay|pretty dope for being rusty
|c|âLT6A Heiiraiser|whats the chance
|c|âLT6A Heiiraiser|i outspeed
|c|âLT6A Heiiraiser|him
|c|âtoiletpkay|u dont
|c|âtoiletpkay|im maxed speed
|c|âLT6A Heiiraiser|how do u know
|c|âLT6A Heiiraiser|im not
|c|âLT6A Heiiraiser|oO
|join|SSDokho
|c| InToDaPussi|lol then do it
|c|âtoiletpkay|bp me
|c| InToDaPussi|and qualified for what
|c| Nelson|stop playing seriously yan, ur current ranking is enough to end #1
|c|âtoiletpkay|whats his rank?
|
|switch|p1a: Bowser|Tyranitar, F|311\/404
|-weather|Sandstorm
|move|p2a: Azumarill|Aqua Jet|p1a: Bowser
|-supereffective|p1a: Bowser
|-damage|p1a: Bowser|0 fnt
|faint|p1a: Bowser
|
|-weather|Sandstorm|[upkeep]
|-damage|p2a: Azumarill|63\/342|[from] sandstorm
|c| Nelson|on LT6
|c|âtoiletpkay|1954
|c| Nelson|he's first
|
|switch|p1a: Reepor|Scizor-Mega, F|103\/344
|turn|15
|
|move|p2a: Azumarill|Aqua Jet|p1a: Reepor
|-damage|p1a: Reepor|0 fnt
|faint|p1a: Reepor
|
|-weather|Sandstorm|[upkeep]
|-damage|p2a: Azumarill|42\/342|[from] sandstorm
|
|switch|p1a: Antedegmon|Latios, M|128\/302
|turn|16
|
|move|p2a: Azumarill|Aqua Jet|p1a: Antedegmon
|-resisted|p1a: Antedegmon
|-damage|p1a: Antedegmon|0 fnt
|faint|p1a: Antedegmon
|
|-weather|Sandstorm|[upkeep]
|-damage|p2a: Azumarill|21\/342|[from] sandstorm
|
|switch|p1a: Rasputin|Landorus, M|213\/319
|turn|17
|
|move|p2a: Azumarill|Aqua Jet|p1a: Rasputin
|-supereffective|p1a: Rasputin
|-damage|p1a: Rasputin|0 fnt
|faint|p1a: Rasputin
|
|-weather|Sandstorm|[upkeep]
|-damage|p2a: Azumarill|0 fnt|[from] sandstorm
|faint|p2a: Azumarill
|c| Nelson|why no double to rotom
|c| Nelson|lol
|c|âtoiletpkay|think i still got it
|c|âtoiletpkay|or maybe he wins
|
|switch|p1a: Glorioso Xicao|Excadrill, F|369\/369
|switch|p2a: Landorus-Therian|Landorus-Therian, M|350\/350
|-damage|p2a: Landorus-Therian|307\/350|[from] Stealth Rock
|-ability|p2a: Landorus-Therian|Intimidate|[of] p1a: Glorioso Xicao
|-unboost|p1a: Glorioso Xicao|atk|1
|turn|18
|c| InToDaPussi|zz you win
|
|move|p1a: Glorioso Xicao|Iron Head|p2a: Landorus-Therian
|-damage|p2a: Landorus-Therian|165\/350
|-damage|p1a: Glorioso Xicao|333\/369|[from] item: Life Orb
|move|p2a: Landorus-Therian|Knock Off|p1a: Glorioso Xicao
|-damage|p1a: Glorioso Xicao|146\/369
|-enditem|p1a: Glorioso Xicao|Life Orb|[from] move: Knock Off|[of] p2a: Landorus-Therian
|
|-weather|Sandstorm|[upkeep]
|-heal|p2a: Landorus-Therian|186\/350|[from] item: Leftovers
|turn|19
|
|move|p1a: Glorioso Xicao|Earthquake|p2a: Landorus-Therian
|-immune|p2a: Landorus-Therian|[msg]
|move|p2a: Landorus-Therian|Earthquake|p1a: Glorioso Xicao
|-supereffective|p1a: Glorioso Xicao
|-damage|p1a: Glorioso Xicao|0 fnt
|faint|p1a: Glorioso Xicao
|
|-weather|Sandstorm|[upkeep]
|-heal|p2a: Landorus-Therian|207\/350|[from] item: Leftovers
|
|switch|p1a: Xespirito|Rotom-Wash|103\/304
|turn|20
|
|move|p2a: Landorus-Therian|Knock Off|p1a: Xespirito
|-damage|p1a: Xespirito|5\/304
|-enditem|p1a: Xespirito|Leftovers|[from] move: Knock Off|[of] p2a: Landorus-Therian
|move|p1a: Xespirito|Will-O-Wisp|p2a: Landorus-Therian
|-status|p2a: Landorus-Therian|brn
|
|-weather|Sandstorm|[upkeep]
|-damage|p1a: Xespirito|0 fnt|[from] sandstorm
|-heal|p2a: Landorus-Therian|228\/350 brn|[from] item: Leftovers
|-damage|p2a: Landorus-Therian|185\/350 brn|[from] brn
|faint|p1a: Xespirito
|
|win|toiletpkay
|raw|Ladder updating...
|raw|LT6A Heiiraiser's rating: 1954 &rarr; <strong>1924<\/strong><br \/>(-30 for losing)
|raw|toiletpkay's rating: 1776 &rarr; <strong>1805<\/strong><br \/>(+29 for winning)
|leave|LT6A Heiiraiser
|player|p1
|leave|Nelson
|leave|SSDokho
|c|âtoiletpkay|think im done for today
|c|âtoiletpkay|cya guys
|c|âtoiletpkay|ill be watching some battles
|leave|KratosSnake