|join|tele strikes back
|join|toiletpkay
|player|p1|tele strikes back|168
|player|p2|toiletpkay|293
|gametype|singles
|gen|6
|tier|OU
|rated
|clearpoke
|poke|p1|Slowbro, F
|poke|p1|Latios, M
|poke|p1|Heatran, F
|poke|p1|Scizor, M
|poke|p1|Clefable, F
|poke|p1|Terrakion
|poke|p2|Azumarill, F
|poke|p2|Victini
|poke|p2|Manectric, F
|poke|p2|Scizor, M
|poke|p2|Landorus-Therian, M
|poke|p2|Keldeo
|rule|Swagger Clause: Swagger is banned
|rule|Baton Pass Clause: Limit one PokÃ©mon knowing Baton Pass
|rule|Sleep Clause Mod: Limit one foe put to sleep
|rule|Species Clause: Limit one of each PokÃ©mon
|rule|OHKO Clause: OHKO moves are banned
|rule|Moody Clause: Moody is banned
|rule|Evasion Moves Clause: Evasion moves are banned
|rule|Endless Battle Clause: Forcing endless battles is banned
|rule|HP Percentage Mod: HP is shown in percentages
|teampreview
|
|start
|switch|p1a: Scizor|Scizor, M|342\/342
|switch|p2a: Keldeo|Keldeo|323\/323
|turn|1
|
|switch|p1a: Slowbro|Slowbro, F|394\/394
|move|p2a: Keldeo|Scald|p1a: Slowbro
|-resisted|p1a: Slowbro
|-damage|p1a: Slowbro|288\/394
|-status|p1a: Slowbro|brn
|
|-heal|p1a: Slowbro|312\/394 brn|[from] item: Leftovers
|-damage|p1a: Slowbro|263\/394 brn|[from] brn
|turn|2
|
|switch|p2a: Scizor|Scizor, M|281\/281
|move|p1a: Slowbro|Scald|p2a: Scizor
|-damage|p2a: Scizor|226\/281
|
|-heal|p1a: Slowbro|287\/394 brn|[from] item: Leftovers
|-damage|p1a: Slowbro|238\/394 brn|[from] brn
|turn|3
|
|move|p2a: Scizor|Pursuit|p1a: Slowbro
|-supereffective|p1a: Slowbro
|-damage|p1a: Slowbro|130\/394 brn
|move|p1a: Slowbro|Slack Off|p1a: Slowbro
|-heal|p1a: Slowbro|327\/394 brn
|
|-heal|p1a: Slowbro|351\/394 brn|[from] item: Leftovers
|-damage|p1a: Slowbro|302\/394 brn|[from] brn
|turn|4
|
|move|p2a: Scizor|U-turn|p1a: Slowbro
|-supereffective|p1a: Slowbro
|-damage|p1a: Slowbro|104\/394 brn
|
|switch|p2a: Manectric|Manectric, F|281\/281
|move|p1a: Slowbro|Scald|p2a: Manectric
|-damage|p2a: Manectric|142\/281
|-status|p2a: Manectric|brn
|
|-heal|p1a: Slowbro|128\/394 brn|[from] item: Leftovers
|-damage|p2a: Manectric|107\/281 brn|[from] brn
|-damage|p1a: Slowbro|79\/394 brn|[from] brn
|turn|5
|
|switch|p1a: Heatran|Heatran, F|385\/385
|detailschange|p2a: Manectric|Manectric-Mega, F
|message|Manectric has Mega Evolved into Mega Manectric!
|-ability|p2a: Manectric|Intimidate|[of] p1a: Heatran
|-unboost|p1a: Heatran|atk|1
|move|p2a: Manectric|Volt Switch|p1a: Heatran
|-damage|p1a: Heatran|294\/385
|
|switch|p2a: Landorus-Therian|Landorus-Therian, M|350\/350
|-ability|p2a: Landorus-Therian|Intimidate|[of] p1a: Heatran
|-unboost|p1a: Heatran|atk|1
|
|-heal|p1a: Heatran|318\/385|[from] item: Leftovers
|turn|6
|
|switch|p1a: Slowbro|Slowbro, F|210\/394 brn
|move|p2a: Landorus-Therian|Stealth Rock|p1a: Slowbro
|-sidestart|p1: tele strikes back|move: Stealth Rock
|
|-heal|p1a: Slowbro|234\/394 brn|[from] item: Leftovers
|-damage|p1a: Slowbro|185\/394 brn|[from] brn
|turn|7
|
|move|p2a: Landorus-Therian|Knock Off|p1a: Slowbro
|-supereffective|p1a: Slowbro
|-damage|p1a: Slowbro|0 fnt
|-enditem|p1a: Slowbro|Leftovers|[from] move: Knock Off|[of] p2a: Landorus-Therian
|faint|p1a: Slowbro
|
|
|switch|p1a: Scizor|Scizor, M|342\/342
|-damage|p1a: Scizor|300\/342|[from] Stealth Rock
|turn|8
|
|detailschange|p1a: Scizor|Scizor-Mega, M
|message|Scizor has Mega Evolved into Mega Scizor!
|move|p2a: Landorus-Therian|Earthquake|p1a: Scizor
|-damage|p1a: Scizor|176\/342
|move|p1a: Scizor|Knock Off|p2a: Landorus-Therian
|-damage|p2a: Landorus-Therian|228\/350
|-enditem|p2a: Landorus-Therian|Leftovers|[from] move: Knock Off|[of] p1a: Scizor
|
|turn|9
|
|move|p2a: Landorus-Therian|U-turn|p1a: Scizor
|-resisted|p1a: Scizor
|-damage|p1a: Scizor|147\/342
|
|switch|p2a: Victini|Victini|341\/341
|move|p1a: Scizor|Roost|p1a: Scizor
|-heal|p1a: Scizor|318\/342
|
|turn|10
|
|switch|p1a: Heatran|Heatran, F|318\/385
|-damage|p1a: Heatran|270\/385|[from] Stealth Rock
|move|p2a: Victini|Bolt Strike|p1a: Heatran
|-damage|p1a: Heatran|130\/385
|
|-heal|p1a: Heatran|154\/385|[from] item: Leftovers
|turn|11
|
|move|p2a: Victini|Bolt Strike|p1a: Heatran
|-damage|p1a: Heatran|18\/385
|move|p1a: Heatran|Stealth Rock|p2a: Victini
|-sidestart|p2: toiletpkay|move: Stealth Rock
|
|-heal|p1a: Heatran|42\/385|[from] item: Leftovers
|turn|12
|
|move|p1a: Heatran|Protect|p1a: Heatran
|-singleturn|p1a: Heatran|Protect
|move|p2a: Victini|Bolt Strike|p1a: Heatran
|-activate|p1a: Heatran|Protect
|
|-heal|p1a: Heatran|66\/385|[from] item: Leftovers
|turn|13
|
|switch|p1a: Terrakion|Terrakion|323\/323
|-damage|p1a: Terrakion|303\/323|[from] Stealth Rock
|move|p2a: Victini|Bolt Strike|p1a: Terrakion
|-crit|p1a: Terrakion
|-damage|p1a: Terrakion|81\/323
|
|turn|14
|
|switch|p2a: Landorus-Therian|Landorus-Therian, M|228\/350
|-damage|p2a: Landorus-Therian|185\/350|[from] Stealth Rock
|-ability|p2a: Landorus-Therian|Intimidate|[of] p1a: Terrakion
|-unboost|p1a: Terrakion|atk|1
|move|p1a: Terrakion|Stone Edge|p2a: Landorus-Therian
|-damage|p2a: Landorus-Therian|55\/350
|
|turn|15
|
|switch|p2a: Scizor|Scizor, M|226\/281
|-damage|p2a: Scizor|191\/281|[from] Stealth Rock
|move|p1a: Terrakion|Stone Edge|p2a: Scizor
|-damage|p2a: Scizor|68\/281
|
|turn|16
|
|switch|p1a: Scizor|Scizor-Mega, M|318\/342
|-damage|p1a: Scizor|276\/342|[from] Stealth Rock
|move|p2a: Scizor|U-turn|p1a: Scizor
|-resisted|p1a: Scizor
|-damage|p1a: Scizor|237\/342
|
|switch|p2a: Victini|Victini|341\/341
|-damage|p2a: Victini|256\/341|[from] Stealth Rock
|
|turn|17
|
|switch|p1a: Heatran|Heatran, F|66\/385
|-damage|p1a: Heatran|18\/385|[from] Stealth Rock
|move|p2a: Victini|Blue Flare|p1a: Heatran
|-start|p1a: Heatran|ability: Flash Fire
|
|-heal|p1a: Heatran|42\/385|[from] item: Leftovers
|turn|18
|
|move|p2a: Victini|Bolt Strike|p1a: Heatran
|-damage|p1a: Heatran|0 fnt
|faint|p1a: Heatran
|
|
|switch|p1a: Terrakion|Terrakion|81\/323
|-damage|p1a: Terrakion|61\/323|[from] Stealth Rock
|turn|19
|
|switch|p2a: Landorus-Therian|Landorus-Therian, M|55\/350
|-damage|p2a: Landorus-Therian|12\/350|[from] Stealth Rock
|-ability|p2a: Landorus-Therian|Intimidate|[of] p1a: Terrakion
|-unboost|p1a: Terrakion|atk|1
|move|p1a: Terrakion|Stone Edge|p2a: Landorus-Therian
|-damage|p2a: Landorus-Therian|0 fnt
|faint|p2a: Landorus-Therian
|
|
|switch|p2a: Keldeo|Keldeo|323\/323
|-damage|p2a: Keldeo|303\/323|[from] Stealth Rock
|turn|20
|
|switch|p1a: Latios|Latios, M|302\/302
|-damage|p1a: Latios|265\/302|[from] Stealth Rock
|move|p2a: Keldeo|Scald|p1a: Latios
|-resisted|p1a: Latios
|-damage|p1a: Latios|188\/302
|
|turn|21
|join|ox the box
|
|switch|p2a: Scizor|Scizor, M|68\/281
|-damage|p2a: Scizor|33\/281|[from] Stealth Rock
|move|p1a: Latios|Psyshock|p2a: Scizor
|-resisted|p2a: Scizor
|-damage|p2a: Scizor|0 fnt
|faint|p2a: Scizor
|
|
|switch|p2a: Azumarill|Azumarill, F|342\/342
|-damage|p2a: Azumarill|300\/342|[from] Stealth Rock
|turn|22
|
|move|p1a: Latios|Psyshock|p2a: Azumarill
|-damage|p2a: Azumarill|119\/342
|-enditem|p2a: Azumarill|Sitrus Berry|[eat]
|-heal|p2a: Azumarill|204\/342|[from] item: Sitrus Berry
|move|p2a: Azumarill|Belly Drum|p2a: Azumarill
|-damage|p2a: Azumarill|33\/342
|-setboost|p2a: Azumarill|atk|6|[from] move: Belly Drum
|
|turn|23
|
|switch|p1a: Clefable|Clefable, F|394\/394
|move|p2a: Azumarill|Aqua Jet|p1a: Clefable
|-damage|p1a: Clefable|13\/394
|
|-heal|p1a: Clefable|37\/394|[from] item: Leftovers
|turn|24
|
|move|p2a: Azumarill|Aqua Jet|p1a: Clefable
|-damage|p1a: Clefable|0 fnt
|faint|p1a: Clefable
|
|
|switch|p1a: Scizor|Scizor-Mega, M|237\/342
|-damage|p1a: Scizor|195\/342|[from] Stealth Rock
|turn|25
|
|move|p2a: Azumarill|Aqua Jet|p1a: Scizor
|-damage|p1a: Scizor|0 fnt
|faint|p1a: Scizor
|
|-message|tele strikes back forfeited.
|
|win|toiletpkay
|raw|Ladder updating...
|leave|tele strikes back
|player|p1
|raw|tele strikes back's rating: 1992 &rarr; <strong>1963<\/strong><br \/>(-29 for losing)
|raw|toiletpkay's rating: 1827 &rarr; <strong>1856<\/strong><br \/>(+29 for winning)
|join|irl cat
|join|Dlikvideos
|join|dr_poopie64
|join|boltaway
|leave|irl cat
|leave|ox the box
|join|Timid Quil
|leave|boltaway
|join|CleanerThanRotom-W
|join|lemmy3124
|join|Whizzer
|join|Ask Me If l Care
|join|Gizmo $_$
|leave|Ask Me If l Care
|leave|lemmy3124
|leave|Gizmo $_$
|leave|Whizzer