|join|IEatShinigami
|join|toiletpkay
|player|p1|IEatShinigami|209
|player|p2|toiletpkay|293
|gametype|singles
|gen|6
|tier|OU
|rated
|clearpoke
|poke|p1|Dragonite, M
|poke|p1|Raikou
|poke|p1|Manaphy
|poke|p1|Lopunny, F
|poke|p1|Bisharp, F
|poke|p1|Garchomp, M
|poke|p2|Azumarill, F
|poke|p2|Victini
|poke|p2|Manectric, M
|poke|p2|Scizor, F
|poke|p2|Landorus-Therian, M
|poke|p2|Keldeo
|rule|Swagger Clause: Swagger is banned
|rule|Baton Pass Clause: Limit one PokÃ©mon knowing Baton Pass
|rule|Sleep Clause Mod: Limit one foe put to sleep
|rule|Species Clause: Limit one of each PokÃ©mon
|rule|OHKO Clause: OHKO moves are banned
|rule|Moody Clause: Moody is banned
|rule|Evasion Moves Clause: Evasion moves are banned
|rule|Endless Battle Clause: Forcing endless battles is banned
|rule|HP Percentage Mod: HP is shown in percentages
|teampreview
|
|start
|switch|p1a: Long|Garchomp, M|357\/357
|switch|p2a: Victini|Victini|341\/341
|turn|1
|
|switch|p2a: Landorus-Therian|Landorus-Therian, M|350\/350
|-ability|p2a: Landorus-Therian|Intimidate|[of] p1a: Long
|-unboost|p1a: Long|atk|1
|move|p1a: Long|Stealth Rock|p2a: Landorus-Therian
|-sidestart|p2: toiletpkay|move: Stealth Rock
|
|turn|2
|
|switch|p1a: Meti|Manaphy|341\/341
|move|p2a: Landorus-Therian|Stealth Rock|p1a: Meti
|-sidestart|p1: IEatShinigami|move: Stealth Rock
|
|turn|3
|
|switch|p2a: Manectric|Manectric, M|281\/281
|-damage|p2a: Manectric|246\/281|[from] Stealth Rock
|move|p1a: Meti|Surf|p2a: Manectric
|-damage|p2a: Manectric|47\/281
|
|turn|4
|
|switch|p1a: Zeus|Raikou|320\/320
|-damage|p1a: Zeus|280\/320|[from] Stealth Rock
|-ability|p1a: Zeus|Pressure
|detailschange|p2a: Manectric|Manectric-Mega, M
|-mega|p2a: Manectric|Manectric|Manectite
|-ability|p2a: Manectric|Intimidate|[of] p1a: Zeus
|-unboost|p1a: Zeus|atk|1
|move|p2a: Manectric|Hidden Power|p1a: Zeus
|-damage|p1a: Zeus|236\/320
|
|turn|5
|
|move|p2a: Manectric|Volt Switch|p1a: Zeus
|-resisted|p1a: Zeus
|-damage|p1a: Zeus|197\/320
|
|switch|p2a: Scizor|Scizor, F|281\/281
|-damage|p2a: Scizor|246\/281|[from] Stealth Rock
|move|p1a: Zeus|Hidden Power|p2a: Scizor
|-crit|p2a: Scizor
|-resisted|p2a: Scizor
|-damage|p2a: Scizor|218\/281
|
|turn|6
|
|move|p1a: Zeus|Volt Switch|p2a: Scizor
|-damage|p2a: Scizor|154\/281
|
|switch|p1a: Long|Garchomp, M|357\/357
|-damage|p1a: Long|335\/357|[from] Stealth Rock
|move|p2a: Scizor|U-turn|p1a: Long
|-damage|p1a: Long|188\/357
|-damage|p2a: Scizor|119\/281|[from] ability: Rough Skin|[of] p1a: Long
|
|switch|p2a: Landorus-Therian|Landorus-Therian, M|350\/350
|-damage|p2a: Landorus-Therian|307\/350|[from] Stealth Rock
|-ability|p2a: Landorus-Therian|Intimidate|[of] p1a: Long
|-unboost|p1a: Long|atk|1
|
|-heal|p2a: Landorus-Therian|328\/350|[from] item: Leftovers
|turn|7
|
|move|p1a: Long|Swords Dance|p1a: Long
|-boost|p1a: Long|atk|2
|move|p2a: Landorus-Therian|Earthquake|p1a: Long
|-crit|p1a: Long
|-damage|p1a: Long|0 fnt
|faint|p1a: Long
|
|-heal|p2a: Landorus-Therian|349\/350|[from] item: Leftovers
|
|switch|p1a: Meti|Manaphy|341\/341
|-damage|p1a: Meti|299\/341|[from] Stealth Rock
|turn|8
|
|switch|p2a: Keldeo|Keldeo|323\/323
|-damage|p2a: Keldeo|303\/323|[from] Stealth Rock
|move|p1a: Meti|Energy Ball|p2a: Keldeo
|-supereffective|p2a: Keldeo
|-damage|p2a: Keldeo|117\/323
|
|-heal|p1a: Meti|320\/341|[from] item: Leftovers
|turn|9
|
|switch|p1a: Zeus|Raikou|197\/320
|-damage|p1a: Zeus|157\/320|[from] Stealth Rock
|-ability|p1a: Zeus|Pressure
|move|p2a: Keldeo|Substitute|p2a: Keldeo
|-start|p2a: Keldeo|Substitute
|-damage|p2a: Keldeo|37\/323
|
|turn|10
|
|move|p1a: Zeus|Thunderbolt|p2a: Keldeo
|-supereffective|p2a: Keldeo
|-end|p2a: Keldeo|Substitute
|move|p2a: Keldeo|Scald|p1a: Zeus
|-damage|p1a: Zeus|39\/320
|
|turn|11
|
|switch|p2a: Scizor|Scizor, F|119\/281
|-damage|p2a: Scizor|84\/281|[from] Stealth Rock
|move|p1a: Zeus|Extrasensory|p2a: Scizor
|-resisted|p2a: Scizor
|-damage|p2a: Scizor|58\/281
|
|turn|12
|
|switch|p1a: Eris|Bisharp, F|291\/291
|-damage|p1a: Eris|273\/291|[from] Stealth Rock
|move|p2a: Scizor|Bullet Punch|p1a: Eris
|-resisted|p1a: Eris
|-damage|p1a: Eris|213\/291
|
|turn|13
|
|move|p1a: Eris|Pursuit|p2a: Scizor
|-damage|p2a: Scizor|0 fnt
|faint|p2a: Scizor
|
|
|switch|p2a: Azumarill|Azumarill, F|342\/342
|-damage|p2a: Azumarill|300\/342|[from] Stealth Rock
|turn|14
|
|move|p1a: Eris|Iron Head|p2a: Azumarill
|-damage|p2a: Azumarill|129\/342
|-enditem|p2a: Azumarill|Sitrus Berry|[eat]
|-heal|p2a: Azumarill|214\/342|[from] item: Sitrus Berry
|move|p2a: Azumarill|Play Rough|p1a: Eris
|-damage|p1a: Eris|17\/291
|
|turn|15
|
|move|p1a: Eris|Sucker Punch|p2a: Azumarill
|-resisted|p2a: Azumarill
|-damage|p2a: Azumarill|115\/342
|move|p2a: Azumarill|Aqua Jet|p1a: Eris
|-damage|p1a: Eris|0 fnt
|faint|p1a: Eris
|
|
|switch|p1a: Aphrodite|Lopunny, F|271\/271
|-damage|p1a: Aphrodite|238\/271|[from] Stealth Rock
|turn|16
|
|switch|p2a: Keldeo|Keldeo|37\/323
|-damage|p2a: Keldeo|17\/323|[from] Stealth Rock
|detailschange|p1a: Aphrodite|Lopunny-Mega, F
|-mega|p1a: Aphrodite|Lopunny|Lopunnite
|move|p1a: Aphrodite|Fake Out|p2a: Keldeo
|-damage|p2a: Keldeo|0 fnt
|faint|p2a: Keldeo
|
|
|switch|p2a: Victini|Victini|341\/341
|-damage|p2a: Victini|256\/341|[from] Stealth Rock
|turn|17
|
|switch|p1a: Zeus|Raikou|39\/320
|-damage|p1a: Zeus|0 fnt|[from] Stealth Rock
|faint|p1a: Zeus
|move|p2a: Victini|Bolt Strike|p1: Zeus|[notarget]
|-notarget
|
|
|switch|p1a: Aphrodite|Lopunny-Mega, F|238\/271
|-damage|p1a: Aphrodite|222\/271|[from] Stealth Rock
|turn|18
|
|switch|p2a: Azumarill|Azumarill, F|115\/342
|-damage|p2a: Azumarill|73\/342|[from] Stealth Rock
|move|p1a: Aphrodite|Fake Out|p2a: Azumarill
|-damage|p2a: Azumarill|0 fnt
|faint|p2a: Azumarill
|
|
|switch|p2a: Victini|Victini|256\/341
|-damage|p2a: Victini|171\/341|[from] Stealth Rock
|turn|19
|
|switch|p1a: Thanatos|Dragonite, M|323\/323
|-damage|p1a: Thanatos|243\/323|[from] Stealth Rock
|move|p2a: Victini|Bolt Strike|p1a: Thanatos
|-damage|p1a: Thanatos|87\/323
|
|turn|20
|
|move|p1a: Thanatos|Extreme Speed|p2a: Victini
|-damage|p2a: Victini|6\/341
|move|p2a: Victini|Bolt Strike|p1a: Thanatos
|-crit|p1a: Thanatos
|-damage|p1a: Thanatos|0 fnt
|faint|p1a: Thanatos
|
|
|switch|p1a: Aphrodite|Lopunny-Mega, F|222\/271
|-damage|p1a: Aphrodite|206\/271|[from] Stealth Rock
|turn|21
|
|move|p1a: Aphrodite|Fake Out|p2a: Victini
|-damage|p2a: Victini|0 fnt
|faint|p2a: Victini
|
|
|switch|p2a: Landorus-Therian|Landorus-Therian, M|349\/350
|-damage|p2a: Landorus-Therian|306\/350|[from] Stealth Rock
|-ability|p2a: Landorus-Therian|Intimidate|[of] p1a: Aphrodite
|-unboost|p1a: Aphrodite|atk|1
|turn|22
|
|switch|p1a: Meti|Manaphy|320\/341
|-damage|p1a: Meti|278\/341|[from] Stealth Rock
|move|p2a: Landorus-Therian|Earthquake|p1a: Meti
|-damage|p1a: Meti|59\/341
|
|-heal|p1a: Meti|80\/341|[from] item: Leftovers
|-heal|p2a: Landorus-Therian|327\/350|[from] item: Leftovers
|turn|23
|c|âIEatShinigami|gg
|
|move|p1a: Meti|Ice Beam|p2a: Landorus-Therian
|-supereffective|p2a: Landorus-Therian
|-damage|p2a: Landorus-Therian|0 fnt
|faint|p2a: Landorus-Therian
|
|-heal|p1a: Meti|101\/341|[from] item: Leftovers
|
|switch|p2a: Manectric|Manectric-Mega, M|47\/281
|-damage|p2a: Manectric|12\/281|[from] Stealth Rock
|-ability|p2a: Manectric|Intimidate|[of] p1a: Meti
|-unboost|p1a: Meti|atk|1
|turn|24
|
|move|p2a: Manectric|Thunderbolt|p1a: Meti
|-supereffective|p1a: Meti
|-damage|p1a: Meti|0 fnt
|faint|p1a: Meti
|
|
|switch|p1a: Aphrodite|Lopunny-Mega, F|206\/271
|-damage|p1a: Aphrodite|190\/271|[from] Stealth Rock
|turn|25
|
|move|p1a: Aphrodite|Fake Out|p2a: Manectric
|-damage|p2a: Manectric|0 fnt
|faint|p2a: Manectric
|
|win|IEatShinigami
|raw|Ladder updating...
|raw|IEatShinigami's rating: 1377 &rarr; <strong>1400<\/strong><br \/>(+23 for winning)
|raw|toiletpkay's rating: 1433 &rarr; <strong>1410<\/strong><br \/>(-23 for losing)
|leave|toiletpkay