|join|Lef Deppard
|join|toiletpkay
|player|p1|Lef Deppard|240
|player|p2|toiletpkay|293
|gametype|singles
|gen|6
|tier|OU
|rated
|clearpoke
|poke|p1|Donphan, M
|poke|p1|Zapdos
|poke|p1|Keldeo-Resolute
|poke|p1|Pinsir, M
|poke|p1|Metagross
|poke|p1|Celebi
|poke|p2|Azumarill, F
|poke|p2|Victini
|poke|p2|Manectric, M
|poke|p2|Scizor, M
|poke|p2|Landorus-Therian, M
|poke|p2|Keldeo
|rule|Swagger Clause: Swagger is banned
|rule|Baton Pass Clause: Limit one PokÃ©mon knowing Baton Pass
|rule|Sleep Clause Mod: Limit one foe put to sleep
|rule|Species Clause: Limit one of each PokÃ©mon
|rule|OHKO Clause: OHKO moves are banned
|rule|Moody Clause: Moody is banned
|rule|Evasion Moves Clause: Evasion moves are banned
|rule|Endless Battle Clause: Forcing endless battles is banned
|rule|HP Percentage Mod: HP is shown in percentages
|teampreview
|
|start
|switch|p1a: Pour sugar on me|Donphan, M|384\/384
|switch|p2a: Keldeo|Keldeo|323\/323
|turn|1
|
|switch|p2a: Scizor|Scizor, M|281\/281
|switch|p1a: Love bites|Celebi|404\/404
|
|turn|2
|
|switch|p1a: Photograph|Zapdos|384\/384
|-ability|p1a: Photograph|Pressure
|move|p2a: Scizor|U-turn|p1a: Photograph
|-resisted|p1a: Photograph
|-damage|p1a: Photograph|303\/384
|
|switch|p2a: Victini|Victini|341\/341
|
|-heal|p1a: Photograph|327\/384|[from] item: Leftovers
|turn|3
|
|switch|p1a: Animal|Keldeo-Resolute|322\/322
|move|p2a: Victini|Bolt Strike|p1a: Animal
|-supereffective|p1a: Animal
|-damage|p1a: Animal|34\/322
|
|turn|4
|
|switch|p1a: Pour sugar on me|Donphan, M|384\/384
|switch|p2a: Scizor|Scizor, M|281\/281
|
|turn|5
|
|switch|p2a: Keldeo|Keldeo|323\/323
|move|p1a: Pour sugar on me|Knock Off|p2a: Keldeo
|-resisted|p2a: Keldeo
|-damage|p2a: Keldeo|260\/323
|-boost|p2a: Keldeo|atk|1|[from] ability: Justified
|-enditem|p2a: Keldeo|Mystic Water|[from] move: Knock Off|[of] p1a: Pour sugar on me
|
|turn|6
|
|switch|p1a: Love bites|Celebi|404\/404
|move|p2a: Keldeo|Scald|p1a: Love bites
|-resisted|p1a: Love bites
|-damage|p1a: Love bites|353\/404
|
|-heal|p1a: Love bites|378\/404|[from] item: Leftovers
|turn|7
|
|move|p2a: Keldeo|Substitute|p2a: Keldeo
|-start|p2a: Keldeo|Substitute
|-damage|p2a: Keldeo|180\/323
|move|p1a: Love bites|Thunder Wave|p2a: Keldeo
|
|-heal|p1a: Love bites|403\/404|[from] item: Leftovers
|turn|8
|
|move|p2a: Keldeo|Scald|p1a: Love bites
|-resisted|p1a: Love bites
|-damage|p1a: Love bites|354\/404
|-status|p1a: Love bites|brn
|move|p1a: Love bites|Giga Drain|p2a: Keldeo
|-supereffective|p2a: Keldeo
|-end|p2a: Keldeo|Substitute
|-heal|p1a: Love bites|394\/404 brn|[from] drain|[of] p2a: Keldeo
|
|-heal|p1a: Love bites|404\/404 brn|[from] item: Leftovers
|-damage|p1a: Love bites|354\/404 brn|[from] brn
|turn|9
|
|switch|p2a: Scizor|Scizor, M|281\/281
|switch|p1a: Photograph|Zapdos|327\/384
|-ability|p1a: Photograph|Pressure
|
|-heal|p1a: Photograph|351\/384|[from] item: Leftovers
|turn|10
|
|switch|p2a: Victini|Victini|341\/341
|move|p1a: Photograph|Heat Wave|p2a: Victini
|-resisted|p2a: Victini
|-damage|p2a: Victini|296\/341
|
|-heal|p1a: Photograph|375\/384|[from] item: Leftovers
|turn|11
|
|move|p2a: Victini|Blue Flare|p1a: Photograph
|-damage|p1a: Photograph|228\/384
|move|p1a: Photograph|Roost|p1a: Photograph
|-heal|p1a: Photograph|384\/384
|
|turn|12
|
|move|p2a: Victini|Blue Flare|p1a: Photograph
|-damage|p1a: Photograph|224\/384
|move|p1a: Photograph|Heat Wave|p2a: Victini
|-resisted|p2a: Victini
|-damage|p2a: Victini|250\/341
|
|-heal|p1a: Photograph|248\/384|[from] item: Leftovers
|turn|13
|
|move|p2a: Victini|V-create|p1a: Photograph
|-damage|p1a: Photograph|0 fnt
|-unboost|p2a: Victini|def|1
|-unboost|p2a: Victini|spd|1
|-unboost|p2a: Victini|spe|1
|faint|p1a: Photograph
|
|
|switch|p1a: Armageddon it|Pinsir, M|271\/271
|turn|14
|
|detailschange|p1a: Armageddon it|Pinsir-Mega, M
|-mega|p1a: Armageddon it|Pinsir|Pinsirite
|move|p1a: Armageddon it|Return|p2a: Victini
|-crit|p2a: Victini
|-damage|p2a: Victini|0 fnt
|faint|p2a: Victini
|
|
|switch|p2a: Manectric|Manectric, M|281\/281
|turn|15
|
|switch|p1a: Love bites|Celebi|354\/404
|detailschange|p2a: Manectric|Manectric-Mega, M
|-mega|p2a: Manectric|Manectric|Manectite
|-ability|p2a: Manectric|Intimidate|[of] p1a: Love bites
|-unboost|p1a: Love bites|atk|1
|move|p2a: Manectric|Flamethrower|p1a: Love bites
|-supereffective|p1a: Love bites
|-damage|p1a: Love bites|192\/404
|
|-heal|p1a: Love bites|217\/404|[from] item: Leftovers
|turn|16
|
|move|p2a: Manectric|Volt Switch|p1a: Love bites
|-resisted|p1a: Love bites
|-damage|p1a: Love bites|169\/404
|
|switch|p2a: Landorus-Therian|Landorus-Therian, M|350\/350
|-ability|p2a: Landorus-Therian|Intimidate|[of] p1a: Love bites
|-unboost|p1a: Love bites|atk|1
|move|p1a: Love bites|Recover|p1a: Love bites
|-heal|p1a: Love bites|371\/404
|
|-heal|p1a: Love bites|396\/404|[from] item: Leftovers
|turn|17
|
|switch|p1a: Pour sugar on me|Donphan, M|384\/384
|move|p2a: Landorus-Therian|Stealth Rock|p1a: Pour sugar on me
|-sidestart|p1: Lef Deppard|move: Stealth Rock
|
|turn|18
|
|switch|p2a: Keldeo|Keldeo|180\/323
|move|p1a: Pour sugar on me|Rapid Spin|p2a: Keldeo
|-damage|p2a: Keldeo|151\/323
|-sideend|p1: Lef Deppard|Stealth Rock|[from] move: Rapid Spin|[of] p1a: Pour sugar on me
|
|turn|19
|
|switch|p2a: Scizor|Scizor, M|281\/281
|switch|p1a: Love bites|Celebi|396\/404
|
|-heal|p1a: Love bites|404\/404|[from] item: Leftovers
|turn|20
|
|move|p2a: Scizor|Pursuit|p1a: Love bites|[from]Pursuit
|-supereffective|p1a: Love bites
|-damage|p1a: Love bites|196\/404
|switch|p1a: Armageddon it|Pinsir-Mega, M|271\/271
|
|turn|21
|
|switch|p1a: Pour sugar on me|Donphan, M|384\/384
|switch|p2a: Landorus-Therian|Landorus-Therian, M|350\/350
|-ability|p2a: Landorus-Therian|Intimidate|[of] p1a: Pour sugar on me
|-unboost|p1a: Pour sugar on me|atk|1
|
|turn|22
|
|move|p2a: Landorus-Therian|Stealth Rock|p1a: Pour sugar on me
|-sidestart|p1: Lef Deppard|move: Stealth Rock
|move|p1a: Pour sugar on me|Knock Off|p2a: Landorus-Therian
|-damage|p2a: Landorus-Therian|260\/350
|-enditem|p2a: Landorus-Therian|Leftovers|[from] move: Knock Off|[of] p1a: Pour sugar on me
|
|turn|23
|
|move|p2a: Landorus-Therian|Knock Off|p1a: Pour sugar on me
|-damage|p1a: Pour sugar on me|256\/384
|-enditem|p1a: Pour sugar on me|Leftovers|[from] move: Knock Off|[of] p2a: Landorus-Therian
|move|p1a: Pour sugar on me|Rapid Spin|p2a: Landorus-Therian
|-damage|p2a: Landorus-Therian|241\/350
|-sideend|p1: Lef Deppard|Stealth Rock|[from] move: Rapid Spin|[of] p1a: Pour sugar on me
|
|turn|24
|
|switch|p2a: Keldeo|Keldeo|151\/323
|move|p1a: Pour sugar on me|Ice Shard|p2a: Keldeo
|-resisted|p2a: Keldeo
|-damage|p2a: Keldeo|134\/323
|
|turn|25
|
|switch|p2a: Scizor|Scizor, M|281\/281
|switch|p1a: Armageddon it|Pinsir-Mega, M|271\/271
|
|turn|26
|
|switch|p2a: Manectric|Manectric-Mega, M|281\/281
|-ability|p2a: Manectric|Intimidate|[of] p1a: Armageddon it
|-unboost|p1a: Armageddon it|atk|1
|move|p1a: Armageddon it|Return|p2a: Manectric
|-resisted|p2a: Manectric
|-damage|p2a: Manectric|165\/281
|
|turn|27
|
|switch|p1a: Animal|Keldeo-Resolute|34\/322
|move|p2a: Manectric|Flamethrower|p1a: Animal
|-resisted|p1a: Animal
|-damage|p1a: Animal|0 fnt
|faint|p1a: Animal
|
|
|switch|p1a: Pour sugar on me|Donphan, M|256\/384
|turn|28
|
|switch|p2a: Landorus-Therian|Landorus-Therian, M|241\/350
|-ability|p2a: Landorus-Therian|Intimidate|[of] p1a: Pour sugar on me
|-unboost|p1a: Pour sugar on me|atk|1
|move|p1a: Pour sugar on me|Earthquake|p2a: Landorus-Therian
|-immune|p2a: Landorus-Therian|[msg]
|
|turn|29
|
|switch|p2a: Keldeo|Keldeo|134\/323
|switch|p1a: Armageddon it|Pinsir-Mega, M|271\/271
|
|turn|30
|
|move|p2a: Keldeo|Scald|p1a: Armageddon it
|-damage|p1a: Armageddon it|127\/271
|move|p1a: Armageddon it|Return|p2a: Keldeo
|-supereffective|p2a: Keldeo
|-damage|p2a: Keldeo|0 fnt
|faint|p2a: Keldeo
|
|
|switch|p2a: Manectric|Manectric-Mega, M|165\/281
|-ability|p2a: Manectric|Intimidate|[of] p1a: Armageddon it
|-unboost|p1a: Armageddon it|atk|1
|turn|31
|
|switch|p1a: Love bites|Celebi|196\/404
|move|p2a: Manectric|Flamethrower|p1a: Love bites
|-supereffective|p1a: Love bites
|-damage|p1a: Love bites|32\/404
|
|-heal|p1a: Love bites|57\/404|[from] item: Leftovers
|turn|32
|
|move|p2a: Manectric|Volt Switch|p1a: Love bites
|-resisted|p1a: Love bites
|-damage|p1a: Love bites|14\/404
|
|switch|p2a: Scizor|Scizor, M|281\/281
|move|p1a: Love bites|Recover|p1a: Love bites
|-heal|p1a: Love bites|216\/404
|
|-heal|p1a: Love bites|241\/404|[from] item: Leftovers
|turn|33
|
|move|p1a: Love bites|Thunder Wave|p2a: Scizor
|-status|p2a: Scizor|par
|move|p2a: Scizor|U-turn|p1a: Love bites
|-supereffective|p1a: Love bites
|-damage|p1a: Love bites|0 fnt
|faint|p1a: Love bites
|
|switch|p2a: Landorus-Therian|Landorus-Therian, M|241\/350
|
|
|switch|p1a: Armageddon it|Pinsir-Mega, M|127\/271
|turn|34
|
|move|p1a: Armageddon it|Return|p2a: Landorus-Therian
|-damage|p2a: Landorus-Therian|0 fnt
|faint|p2a: Landorus-Therian
|
|
|switch|p2a: Manectric|Manectric-Mega, M|165\/281
|-ability|p2a: Manectric|Intimidate|[of] p1a: Armageddon it
|-unboost|p1a: Armageddon it|atk|1
|turn|35
|
|move|p1a: Armageddon it|Quick Attack|p2a: Manectric
|-resisted|p2a: Manectric
|-damage|p2a: Manectric|123\/281
|move|p2a: Manectric|Flamethrower|p1a: Armageddon it
|-supereffective|p1a: Armageddon it
|-damage|p1a: Armageddon it|0 fnt
|faint|p1a: Armageddon it
|
|
|switch|p1a: Pour sugar on me|Donphan, M|256\/384
|turn|36
|
|switch|p2a: Scizor|Scizor, M|281\/281 par
|move|p1a: Pour sugar on me|Earthquake|p2a: Scizor
|-damage|p2a: Scizor|91\/281 par
|
|turn|37
|
|switch|p1a: Undefeated|Metagross|364\/364
|move|p2a: Scizor|U-turn|p1a: Undefeated
|-damage|p1a: Undefeated|256\/364
|
|switch|p2a: Manectric|Manectric-Mega, M|123\/281
|-ability|p2a: Manectric|Intimidate|[of] p1a: Undefeated
|-fail|p1a: Undefeated|unboost|[from] ability: Clear Body|[of] p1a: Undefeated
|
|-heal|p1a: Undefeated|278\/364|[from] item: Leftovers
|turn|38
|
|move|p2a: Manectric|Flamethrower|p1a: Undefeated
|-supereffective|p1a: Undefeated
|-damage|p1a: Undefeated|26\/364
|move|p1a: Undefeated|Earthquake|p2a: Manectric
|-supereffective|p2a: Manectric
|-damage|p2a: Manectric|0 fnt
|faint|p2a: Manectric
|
|-heal|p1a: Undefeated|48\/364|[from] item: Leftovers
|
|switch|p2a: Azumarill|Azumarill, F|342\/342
|turn|39
|
|move|p2a: Azumarill|Aqua Jet|p1a: Undefeated
|-damage|p1a: Undefeated|0 fnt
|faint|p1a: Undefeated
|
|
|switch|p1a: Pour sugar on me|Donphan, M|256\/384
|turn|40
|
|move|p2a: Azumarill|Play Rough|p1a: Pour sugar on me
|-crit|p1a: Pour sugar on me
|-damage|p1a: Pour sugar on me|0 fnt
|faint|p1a: Pour sugar on me
|
|win|toiletpkay
|raw|Ladder updating...
|raw|Lef Deppard's rating: 1707 &rarr; <strong>1680<\/strong><br \/>(-27 for losing)
|raw|toiletpkay's rating: 1573 &rarr; <strong>1601<\/strong><br \/>(+28 for winning)
|c|âtoiletpkay|gg
|leave|Lef Deppard