|join|toiletpkay
|join|Jukain
|player|p1|toiletpkay|293
|player|p2|Jukain|291
|gametype|singles
|gen|6
|tier|OU
|rated
|clearpoke
|poke|p1|Azumarill, M
|poke|p1|Victini
|poke|p1|Manectric, M
|poke|p1|Scizor, F
|poke|p1|Landorus-Therian, M
|poke|p1|Keldeo
|poke|p2|Serperior, M
|poke|p2|Metagross
|poke|p2|Latios, M
|poke|p2|Keldeo
|poke|p2|Clefable, F
|poke|p2|Landorus-Therian, M
|rule|Swagger Clause: Swagger is banned
|rule|Baton Pass Clause: Limit one PokÃ©mon knowing Baton Pass
|rule|Sleep Clause Mod: Limit one foe put to sleep
|rule|Species Clause: Limit one of each PokÃ©mon
|rule|OHKO Clause: OHKO moves are banned
|rule|Moody Clause: Moody is banned
|rule|Evasion Moves Clause: Evasion moves are banned
|rule|Endless Battle Clause: Forcing endless battles is banned
|rule|HP Percentage Mod: HP is shown in percentages
|teampreview
|
|start
|switch|p1a: Keldeo|Keldeo|323\/323
|switch|p2a: Latios|Latios, M|301\/301
|turn|1
|
|switch|p2a: Keldeo|Keldeo|323\/323
|switch|p1a: Scizor|Scizor, F|281\/281
|
|turn|2
|join|AM
|
|move|p2a: Keldeo|Scald|p1a: Scizor
|-damage|p1a: Scizor|196\/281
|-status|p1a: Scizor|brn
|move|p1a: Scizor|Aerial Ace|p2a: Keldeo
|-supereffective|p2a: Keldeo
|-damage|p2a: Keldeo|193\/323
|
|-heal|p2a: Keldeo|213\/323|[from] item: Leftovers
|-damage|p1a: Scizor|161\/281 brn|[from] brn
|turn|3
|c|âtoiletpkay|k
|
|switch|p2a: Metagross|Metagross|301\/301
|move|p1a: Scizor|U-turn|p2a: Metagross
|-damage|p2a: Metagross|249\/301
|
|switch|p1a: Victini|Victini|341\/341
|
|turn|4
|
|switch|p2a: Latios|Latios, M|301\/301
|move|p1a: Victini|V-create|p2a: Latios
|-resisted|p2a: Latios
|-damage|p2a: Latios|94\/301
|-unboost|p1a: Victini|def|1
|-unboost|p1a: Victini|spd|1
|-unboost|p1a: Victini|spe|1
|
|turn|5
|join|Burori
|
|switch|p2a: Landorus-Therian|Landorus-Therian, M|382\/382
|-ability|p2a: Landorus-Therian|Intimidate|[of] p1a: Victini
|-unboost|p1a: Victini|atk|1
|switch|p1a: Scizor|Scizor, F|161\/281 brn
|
|-damage|p1a: Scizor|126\/281 brn|[from] brn
|turn|6
|
|switch|p1a: Keldeo|Keldeo|323\/323
|move|p2a: Landorus-Therian|Stealth Rock|p1a: Keldeo
|-sidestart|p1: toiletpkay|move: Stealth Rock
|
|turn|7
|
|switch|p2a: Latios|Latios, M|94\/301
|move|p1a: Keldeo|Scald|p2a: Latios
|-resisted|p2a: Latios
|-damage|p2a: Latios|15\/301
|
|turn|8
|
|switch|p1a: Scizor|Scizor, F|126\/281 brn
|-damage|p1a: Scizor|91\/281 brn|[from] Stealth Rock
|move|p2a: Latios|Psyshock|p1a: Scizor
|-crit|p1a: Scizor
|-resisted|p1a: Scizor
|-damage|p1a: Scizor|0 fnt
|faint|p1a: Scizor
|
|join|JSB15
|join|NocturOP
|
|switch|p1a: Azumarill|Azumarill, M|342\/342
|-damage|p1a: Azumarill|300\/342|[from] Stealth Rock
|turn|9
|
|move|p1a: Azumarill|Aqua Jet|p2a: Latios
|-resisted|p2a: Latios
|-damage|p2a: Latios|0 fnt
|faint|p2a: Latios
|
|join|ArchPhantom
|
|switch|p2a: Serperior|Serperior, M|291\/291
|turn|10
|join|luke317
|
|switch|p1a: Victini|Victini|341\/341
|-damage|p1a: Victini|256\/341|[from] Stealth Rock
|move|p2a: Serperior|Leaf Storm|p1a: Victini
|-resisted|p1a: Victini
|-damage|p1a: Victini|155\/341
|-boost|p2a: Serperior|spa|2
|-damage|p2a: Serperior|262\/291|[from] item: Life Orb
|
|turn|11
|leave|NocturOP
|
|switch|p2a: Landorus-Therian|Landorus-Therian, M|382\/382
|-ability|p2a: Landorus-Therian|Intimidate|[of] p1a: Victini
|-unboost|p1a: Victini|atk|1
|move|p1a: Victini|V-create|p2a: Landorus-Therian
|-damage|p2a: Landorus-Therian|201\/382
|-unboost|p1a: Victini|def|1
|-unboost|p1a: Victini|spd|1
|-unboost|p1a: Victini|spe|1
|
|-heal|p2a: Landorus-Therian|224\/382|[from] item: Leftovers
|turn|12
|
|move|p2a: Landorus-Therian|U-turn|p1a: Victini
|-damage|p1a: Victini|27\/341
|
|switch|p2a: Keldeo|Keldeo|213\/323
|move|p1a: Victini|V-create|p2a: Keldeo
|-resisted|p2a: Keldeo
|-damage|p2a: Keldeo|75\/323
|-unboost|p1a: Victini|def|1
|-unboost|p1a: Victini|spd|1
|-unboost|p1a: Victini|spe|1
|
|-heal|p2a: Keldeo|95\/323|[from] item: Leftovers
|turn|13
|join|Agilis
|
|move|p2a: Keldeo|Substitute|p2a: Keldeo
|-start|p2a: Keldeo|Substitute
|-damage|p2a: Keldeo|15\/323
|move|p1a: Victini|V-create|p2a: Keldeo
|-resisted|p2a: Keldeo
|-end|p2a: Keldeo|Substitute
|-unboost|p1a: Victini|def|1
|-unboost|p1a: Victini|spd|1
|-unboost|p1a: Victini|spe|1
|
|-heal|p2a: Keldeo|35\/323|[from] item: Leftovers
|turn|14
|
|move|p2a: Keldeo|Scald|p1a: Victini
|-supereffective|p1a: Victini
|-damage|p1a: Victini|0 fnt
|faint|p1a: Victini
|
|-heal|p2a: Keldeo|55\/323|[from] item: Leftovers
|
|switch|p1a: Azumarill|Azumarill, M|300\/342
|-damage|p1a: Azumarill|258\/342|[from] Stealth Rock
|turn|15
|
|move|p2a: Keldeo|Scald|p1a: Azumarill
|-resisted|p1a: Azumarill
|-damage|p1a: Azumarill|174\/342
|-status|p1a: Azumarill|brn
|move|p1a: Azumarill|Belly Drum|p1a: Azumarill
|-damage|p1a: Azumarill|3\/342 brn
|-setboost|p1a: Azumarill|atk|6|[from] move: Belly Drum
|-enditem|p1a: Azumarill|Sitrus Berry|[eat]
|-heal|p1a: Azumarill|88\/342 brn|[from] item: Sitrus Berry
|
|-heal|p2a: Keldeo|75\/323|[from] item: Leftovers
|-damage|p1a: Azumarill|46\/342 brn|[from] brn
|turn|16
|c|âJukain|sorry
|c|âtoiletpkay|why u getting so lucky
|c|âJukain|though
|c|âJukain|it didnt really
|c|âJukain|amtter
|c|âtoiletpkay|u burned my scizor and azu
|c|âJukain|in long run
|c|âJukain|this burn
|c|âJukain|doesnt matter at all
|
|move|p1a: Azumarill|Aqua Jet|p2a: Keldeo
|-resisted|p2a: Keldeo
|-damage|p2a: Keldeo|0 fnt
|faint|p2a: Keldeo
|
|-damage|p1a: Azumarill|4\/342 brn|[from] brn
|c|âJukain|o.o
|c|âtoiletpkay|my scizor would of 1 shot
|c|âJukain|this cant sweep
|c|âtoiletpkay|your keldeo
|c|âJukain|lol dude
|c|âJukain|the aerial ace
|c|âJukain|did 40%
|c|âJukain|with burn
|c|âJukain|nice ohko
|c|âtoiletpkay|burnt
|c|âJukain|it does 80%
|c|âJukain|but still
|c|âJukain|not denying i got a little lucky with that but calm down
|c|âtoiletpkay|u got too lucky
|
|switch|p2a: Metagross|Metagross|249\/301
|turn|17
|c|âJukain|'too lucky'
|c|âtoiletpkay|with burns
|c|âJukain|implying i couldn't win without burns
|c| ArchPhantom|time to hit that X, lol
|c|âtoiletpkay|u never beat me once
|c| ArchPhantom|gg jukain, nice squad
|c|âtoiletpkay|its the first time ur gona beat me
|
|detailschange|p2a: Metagross|Metagross-Mega
|-mega|p2a: Metagross|Metagross|Metagrossite
|move|p1a: Azumarill|Aqua Jet|p2a: Metagross
|-damage|p2a: Metagross|126\/301
|move|p2a: Metagross|Pursuit|p1a: Azumarill
|-resisted|p1a: Azumarill
|-damage|p1a: Azumarill|0 fnt
|faint|p1a: Azumarill
|
|c|âJukain|lol dude
|leave|ArchPhantom
|
|switch|p1a: Landorus-Therian|Landorus-Therian, M|350\/350
|-damage|p1a: Landorus-Therian|307\/350|[from] Stealth Rock
|-ability|p1a: Landorus-Therian|Intimidate|[of] p2a: Metagross
|-unboost|p2a: Metagross|atk|1
|turn|18
|c|âtoiletpkay|just admit it lol
|c|âJukain|'just admit it'
|c|âJukain|what am i supposed to admit
|
|switch|p1a: Keldeo|Keldeo|323\/323
|-damage|p1a: Keldeo|303\/323|[from] Stealth Rock
|move|p2a: Metagross|Meteor Mash|p1a: Keldeo|[miss]
|-miss|p2a: Metagross|p1a: Keldeo
|
|turn|19
|join|cftxdrzse
|
|move|p2a: Metagross|Zen Headbutt|p1a: Keldeo
|-supereffective|p1a: Keldeo
|-damage|p1a: Keldeo|27\/323
|move|p1a: Keldeo|Secret Sword|p2a: Metagross
|-damage|p2a: Metagross|27\/301
|
|turn|20
|
|move|p2a: Metagross|Meteor Mash|p1a: Keldeo|[miss]
|-miss|p2a: Metagross|p1a: Keldeo
|move|p1a: Keldeo|Secret Sword|p2a: Metagross
|-damage|p2a: Metagross|0 fnt
|faint|p2a: Metagross
|
|leave|cftxdrzse
|
|switch|p2a: Serperior|Serperior, M|262\/291
|turn|21
|
|move|p2a: Serperior|Giga Drain|p1a: Keldeo
|-supereffective|p1a: Keldeo
|-damage|p1a: Keldeo|0 fnt
|-heal|p2a: Serperior|276\/291|[from] drain|[of] p1a: Keldeo
|-damage|p2a: Serperior|247\/291|[from] item: Life Orb
|faint|p1a: Keldeo
|
|
|switch|p1a: Manectric|Manectric, M|281\/281
|-damage|p1a: Manectric|246\/281|[from] Stealth Rock
|turn|22
|
|detailschange|p1a: Manectric|Manectric-Mega, M
|-mega|p1a: Manectric|Manectric|Manectite
|-ability|p1a: Manectric|Intimidate|[of] p2a: Serperior
|-boost|p2a: Serperior|atk|1
|move|p2a: Serperior|Leaf Storm|p1a: Manectric
|-damage|p1a: Manectric|3\/281
|-boost|p2a: Serperior|spa|2
|-damage|p2a: Serperior|218\/291|[from] item: Life Orb
|move|p1a: Manectric|Flamethrower|p2a: Serperior
|-supereffective|p2a: Serperior
|-damage|p2a: Serperior|0 fnt
|faint|p2a: Serperior
|
|
|switch|p2a: Clefable|Clefable, F|394\/394
|turn|23
|
|move|p1a: Manectric|Thunderbolt|p2a: Clefable
|-damage|p2a: Clefable|237\/394
|move|p2a: Clefable|Calm Mind|p2a: Clefable
|-boost|p2a: Clefable|spa|1
|-boost|p2a: Clefable|spd|1
|
|-heal|p2a: Clefable|261\/394|[from] item: Leftovers
|turn|24
|
|move|p1a: Manectric|Volt Switch|p2a: Clefable
|-damage|p2a: Clefable|182\/394
|
|switch|p1a: Landorus-Therian|Landorus-Therian, M|307\/350
|-damage|p1a: Landorus-Therian|264\/350|[from] Stealth Rock
|-ability|p1a: Landorus-Therian|Intimidate|[of] p2a: Clefable
|-unboost|p2a: Clefable|atk|1
|move|p2a: Clefable|Soft-Boiled|p2a: Clefable
|-heal|p2a: Clefable|379\/394
|
|-heal|p1a: Landorus-Therian|285\/350|[from] item: Leftovers
|-heal|p2a: Clefable|394\/394|[from] item: Leftovers
|turn|25
|
|move|p1a: Landorus-Therian|Earthquake|p2a: Clefable
|-crit|p2a: Clefable
|-damage|p2a: Clefable|37\/394
|move|p2a: Clefable|Moonblast|p1a: Landorus-Therian
|-damage|p1a: Landorus-Therian|95\/350
|
|-heal|p1a: Landorus-Therian|116\/350|[from] item: Leftovers
|-heal|p2a: Clefable|61\/394|[from] item: Leftovers
|turn|26
|
|move|p1a: Landorus-Therian|Earthquake|p2a: Clefable
|-crit|p2a: Clefable
|-damage|p2a: Clefable|0 fnt
|faint|p2a: Clefable
|
|-heal|p1a: Landorus-Therian|137\/350|[from] item: Leftovers
|
|switch|p2a: Landorus-Therian|Landorus-Therian, M|224\/382
|-ability|p2a: Landorus-Therian|Intimidate|[of] p1a: Landorus-Therian
|-unboost|p1a: Landorus-Therian|atk|1
|turn|27
|c|%AM|rip
|c|âJukain|lol i swear
|c|âJukain|if i lose this
|
|move|p1a: Landorus-Therian|U-turn|p2a: Landorus-Therian
|-resisted|p2a: Landorus-Therian
|-damage|p2a: Landorus-Therian|196\/382
|
|switch|p1a: Manectric|Manectric-Mega, M|3\/281
|-damage|p1a: Manectric|0 fnt|[from] Stealth Rock
|faint|p1a: Manectric
|move|p2a: Landorus-Therian|Stone Edge|p1: Manectric|[notarget]
|-notarget
|
|-heal|p2a: Landorus-Therian|219\/382|[from] item: Leftovers
|c|âtoiletpkay|exactly what im saying
|c|âtoiletpkay|those 2 burns saved u
|c|âJukain|'saved me'
|
|switch|p1a: Landorus-Therian|Landorus-Therian, M|137\/350
|-damage|p1a: Landorus-Therian|94\/350|[from] Stealth Rock
|-ability|p1a: Landorus-Therian|Intimidate|[of] p2a: Landorus-Therian
|-unboost|p2a: Landorus-Therian|atk|1
|turn|28
|c|âJukain|do u fucking know
|c|âJukain|how to play this game
|c|âJukain|'saved me'
|c|âJukain|ok
|c|âtoiletpkay|u never beat me once
|c|âtoiletpkay|out of 10 games
|c|âJukain|LOOOOOOOOOOOL
|c|âJukain|dude
|c| luke317|who cares...
|c|âJukain|i have won against u
|c|âJukain|every time ive played u
|c|âtoiletpkay|u never beat me once
|c|âJukain|r o f l
|
|move|p1a: Landorus-Therian|Knock Off|p2a: Landorus-Therian
|-damage|p2a: Landorus-Therian|114\/382
|-enditem|p2a: Landorus-Therian|Leftovers|[from] move: Knock Off|[of] p1a: Landorus-Therian
|move|p2a: Landorus-Therian|Stone Edge|p1a: Landorus-Therian|[miss]
|-miss|p2a: Landorus-Therian|p1a: Landorus-Therian
|
|-heal|p1a: Landorus-Therian|115\/350|[from] item: Leftovers
|turn|29
|c| luke317|if anything juk has been haxed more than u
|
|move|p1a: Landorus-Therian|Knock Off|p2a: Landorus-Therian
|-damage|p2a: Landorus-Therian|47\/382
|move|p2a: Landorus-Therian|Stone Edge|p1a: Landorus-Therian
|-damage|p1a: Landorus-Therian|39\/350
|
|-heal|p1a: Landorus-Therian|60\/350|[from] item: Leftovers
|turn|30
|c|âJukain|me haxing u ok
|c|âJukain|lucky kid
|c|âtoiletpkay|never beat me once
|c|âtoiletpkay|shit kid
|c|âJukain|that was the most ridiculous
|
|move|p1a: Landorus-Therian|Knock Off|p2a: Landorus-Therian
|-damage|p2a: Landorus-Therian|0 fnt
|faint|p2a: Landorus-Therian
|
|win|toiletpkay
|raw|Ladder updating...
|c|âJukain|set of end-game sequences
|raw|toiletpkay's rating: 1656 &rarr; <strong>1675<\/strong><br \/>(+19 for winning)
|raw|Jukain's rating: 1642 &rarr; <strong>1622<\/strong><br \/>(-20 for losing)
|c|âtoiletpkay|invites everyone when u burn my pokes
|c|âJukain|dont save this replays please
|c|âJukain|._.
|leave|luke317
|c|âJukain|why do i play on the ladder
|c|âJukain|if i dont want ppl to save replays
|c|âJukain|of course lucky idiots will save replays
|c|âtoiletpkay|idiot
|c|âtoiletpkay|u never beat me once
|c|âtoiletpkay|want to rm?
|c|âJukain|LOOOOOOOOOOOL
|c|âtoiletpkay|challenge me
|c|âJukain|dude
|c|âJukain|youre a lucky retard
|c|âJukain|shut up
|c|âtoiletpkay|ill destroy u again
|c|âJukain|looooooooooooooooooool
|c|âtoiletpkay|ur soooo mad
|c|âJukain|âtoiletpkay: ill destroy u again
|c|âtoiletpkay|why u even ranked voiced?
|c|âJukain|>destroy
|c|âJukain|ur the worst ladder fag
|c|âJukain|of them all
|leave|Jukain
|c|âtoiletpkay|im better than u
|player|p2
|c|âtoiletpkay|challenge me