|join|Ugly Weirdo
|join|Charmalane
|player|p1|Ugly Weirdo|235
|player|p2|Charmalane|281
|gametype|doubles
|gen|6
|tier|ORAS Smogon Doubles
|rated
|rule|Species Clause: Limit one of each PokÃ©mon
|rule|OHKO Clause: OHKO moves are banned
|rule|Moody Clause: Moody is banned
|rule|Evasion Abilities Clause: Evasion abilities are banned
|rule|Evasion Moves Clause: Evasion moves are banned
|rule|Endless Battle Clause: Forcing endless battles is banned
|rule|HP Percentage Mod: HP is shown in percentages
|clearpoke
|poke|p1|Gengar, M, shiny
|poke|p1|Whimsicott, M
|poke|p1|Sylveon, M
|poke|p1|Conkeldurr, F
|poke|p1|Gothitelle, M
|poke|p1|Heatran, F
|poke|p2|Ludicolo, M
|poke|p2|Lombre, M
|poke|p2|Gourgeist-*, F
|poke|p2|Dusclops, M
|poke|p2|Swampert, M
|poke|p2|Clefable, F
|teampreview
|
|start
|switch|p1a: Gengar|Gengar, M, shiny|317\/317
|switch|p1b: Whimsicott|Whimsicott, M|324\/324
|switch|p2a: Buhdeuce|Ludicolo, M|325\/325
|switch|p2b: SwaySway|Lombre, M|305\/305
|turn|1
|join|Falkner's Gold
|
|detailschange|p1a: Gengar|Gengar-Mega, M, shiny
|message|Gengar has Mega Evolved into Mega Gengar!
|move|p2a: Buhdeuce|Fake Out|p1b: Whimsicott
|-damage|p1b: Whimsicott|305\/324
|cant|p1b: Whimsicott|flinch
|move|p1a: Gengar|Substitute|p1a: Gengar
|-start|p1a: Gengar|Substitute
|-damage|p1a: Gengar|238\/317
|move|p2b: SwaySway|Rain Dance|p2b: SwaySway
|-weather|RainDance
|
|-weather|RainDance|[upkeep]
|turn|2
|join|Chiraag
|leave|Chiraag
|
|move|p1b: Whimsicott|Encore|p2b: SwaySway
|-start|p2b: SwaySway|Encore
|move|p2a: Buhdeuce|Ice Beam|p1b: Whimsicott
|-supereffective|p1b: Whimsicott
|-damage|p1b: Whimsicott|117\/324
|move|p1a: Gengar|Perish Song|p1a: Gengar
|-fieldactivate|move: Perish Song
|move|p2b: SwaySway|Rain Dance|p2b: SwaySway
|-fail|p2b: SwaySway
|
|-start|p2a: Buhdeuce|perish3
|-start|p1a: Gengar|perish3
|-start|p1b: Whimsicott|perish3
|-start|p2b: SwaySway|perish3
|-weather|RainDance|[upkeep]
|turn|3
|
|switch|p1b: Conkeldurr|Conkeldurr, F|414\/414
|move|p1a: Gengar|Protect|p1a: Gengar
|-singleturn|p1a: Gengar|Protect
|move|p2a: Buhdeuce|Ice Beam|p1b: Conkeldurr
|-damage|p1b: Conkeldurr|349\/414
|move|p2b: SwaySway|Rain Dance|p2b: SwaySway
|-fail|p2b: SwaySway
|
|-start|p2a: Buhdeuce|perish2
|-start|p1a: Gengar|perish2
|-start|p2b: SwaySway|perish2
|-weather|RainDance|[upkeep]
|turn|4
|
|switch|p1a: Gothitelle|Gothitelle, M|344\/344
|move|p2a: Buhdeuce|Scald|p1a: Gothitelle
|-damage|p1a: Gothitelle|250\/344
|-status|p1a: Gothitelle|brn
|move|p2b: SwaySway|Rain Dance|p2b: SwaySway
|-fail|p2b: SwaySway
|move|p1b: Conkeldurr|Drain Punch|p2a: Buhdeuce
|-damage|p2a: Buhdeuce|163\/325
|-heal|p1b: Conkeldurr|414\/414|[from] drain|[of] p2a: Buhdeuce
|
|-start|p2a: Buhdeuce|perish1
|-start|p2b: SwaySway|perish1
|-weather|RainDance|[upkeep]
|-damage|p1a: Gothitelle|207\/344 brn|[from] brn
|-end|p2b: SwaySway|Encore
|turn|5
|
|move|p2a: Buhdeuce|Scald|p1a: Gothitelle
|-crit|p1a: Gothitelle
|-damage|p1a: Gothitelle|56\/344 brn
|move|p1a: Gothitelle|Substitute|p1a: Gothitelle
|-fail|p1a: Gothitelle|move: Substitute|[weak]
|move|p2b: SwaySway|Leech Seed|p1b: Conkeldurr|[miss]
|-miss|p2b: SwaySway|p1b: Conkeldurr
|move|p1b: Conkeldurr|Drain Punch|p2b: SwaySway
|-damage|p2b: SwaySway|152\/305
|
|-start|p2a: Buhdeuce|perish0
|-start|p2b: SwaySway|perish0
|-weather|none
|-damage|p1a: Gothitelle|13\/344 brn|[from] brn
|faint|p2a: Buhdeuce
|faint|p2b: SwaySway
|
|switch|p2a: Sonic|Swampert, M|361\/361
|switch|p2b: Amy|Clefable, F|394\/394
|turn|6
|
|switch|p1a: Sylveon|Sylveon, M|394\/394
|detailschange|p2a: Sonic|Swampert-Mega, M
|message|Swampert has Mega Evolved into Mega Swampert!
|move|p2a: Sonic|Earthquake|p1b: Conkeldurr
|-damage|p2b: Amy|222\/394
|-damage|p1a: Sylveon|232\/394
|-damage|p1b: Conkeldurr|243\/414
|move|p2b: Amy|Dazzling Gleam|p1b: Conkeldurr
|-damage|p1a: Sylveon|178\/394
|-supereffective|p1b: Conkeldurr
|-damage|p1b: Conkeldurr|111\/414
|move|p1b: Conkeldurr|Poison Jab|p2b: Amy
|-supereffective|p2b: Amy
|-damage|p2b: Amy|0 fnt
|faint|p2b: Amy
|
|-heal|p1a: Sylveon|202\/394|[from] item: Leftovers
|
|switch|p2b: Poe|Dusclops, M|284\/284
|-item|p1a: Sylveon|Leftovers|[from] ability: Frisk|[of] p2b: Poe|[identify]
|-item|p1b: Conkeldurr|Assault Vest|[from] ability: Frisk|[of] p2b: Poe|[identify]
|turn|7
|
|move|p2a: Sonic|Earthquake|p1a: Sylveon
|-damage|p2b: Poe|208\/284
|-damage|p1a: Sylveon|39\/394
|-crit|p1b: Conkeldurr
|-damage|p1b: Conkeldurr|0 fnt
|faint|p1b: Conkeldurr
|move|p1a: Sylveon|Hyper Voice|p2a: Sonic
|-damage|p2a: Sonic|261\/361
|-damage|p2b: Poe|159\/284
|move|p2b: Poe|Trick Room|p2b: Poe
|-fieldstart|move: Trick Room|[of] p2b: Poe
|
|-heal|p1a: Sylveon|63\/394|[from] item: Leftovers
|
|switch|p1b: Gothitelle|Gothitelle, M|13\/344 brn
|turn|8
|
|switch|p1a: Whimsicott|Whimsicott, M|117\/324
|move|p2b: Poe|Infestation|p1a: Whimsicott
|-damage|p1a: Whimsicott|102\/324
|-activate|p1a: Whimsicott|move: Infestation|[of] p2b: Poe
|move|p2a: Sonic|Earthquake|p1b: Gothitelle
|-damage|p2b: Poe|78\/284
|-resisted|p1a: Whimsicott
|-damage|p1a: Whimsicott|33\/324
|-crit|p1b: Gothitelle
|-damage|p1b: Gothitelle|0 fnt
|faint|p1b: Gothitelle
|
|-damage|p1a: Whimsicott|0 fnt|[from] move: Infestation|[partiallytrapped]
|faint|p1a: Whimsicott
|-message|Ugly Weirdo forfeited.
|
|win|Charmalane
|raw|Ladder updating...
|leave|Ugly Weirdo
|player|p1
|raw|Ugly Weirdo's rating: 1000 &rarr; <strong>1000<\/strong><br \/>(+0 for losing)
|raw|Charmalane's rating: 1052 &rarr; <strong>1079<\/strong><br \/>(+27 for winning)