|join|Ugly Weirdo
|join|EchoBeast
|player|p1|Ugly Weirdo|235
|player|p2|EchoBeast|170
|gametype|singles
|gen|6
|tier|ORAS OU
|rated
|rule|Sleep Clause Mod: Limit one foe put to sleep
|rule|Species Clause: Limit one of each PokÃ©mon
|rule|OHKO Clause: OHKO moves are banned
|rule|Moody Clause: Moody is banned
|rule|Evasion Moves Clause: Evasion moves are banned
|rule|Endless Battle Clause: Forcing endless battles is banned
|rule|HP Percentage Mod: HP is shown in percentages
|clearpoke
|poke|p1|Sableye, M, shiny
|poke|p1|Shedinja
|poke|p1|Clefable, M, shiny
|poke|p1|Chansey, F, shiny
|poke|p1|Heatran, F
|poke|p1|Skarmory, F
|poke|p2|Sceptile, M
|poke|p2|Klefki, M
|poke|p2|Rotom-Wash
|poke|p2|Excadrill, F
|poke|p2|Alakazam, F
|poke|p2|Chandelure, M
|rule|Swagger Clause: Swagger is banned
|rule|Baton Pass Clause: Limit one PokÃ©mon knowing Baton Pass
|teampreview
|c|âEchoBeast|that team looks evil as fuck
|
|start
|switch|p1a: Sableye|Sableye, M, shiny|303\/303
|switch|p2a: Klefki|Klefki, M|317\/317
|turn|1
|c|âUgly Weirdo|stop it, I'm blushing :3
|
|detailschange|p1a: Sableye|Sableye-Mega, M, shiny
|message|Sableye has Mega Evolved into Mega Sableye!
|move|p2a: Klefki|Foul Play|p1a: Sableye
|-damage|p1a: Sableye|266\/303
|move|p1a: Sableye|Snarl|p2a: Klefki
|-resisted|p2a: Klefki
|-damage|p2a: Klefki|287\/317
|-unboost|p2a: Klefki|spa|1
|
|-heal|p2a: Klefki|306\/317|[from] item: Leftovers
|turn|2
|
|move|p2a: Klefki|Foul Play|p1a: Sableye
|-damage|p1a: Sableye|224\/303
|move|p1a: Sableye|Will-O-Wisp|p2a: Klefki
|-status|p2a: Klefki|brn
|
|-heal|p2a: Klefki|317\/317 brn|[from] item: Leftovers
|-damage|p2a: Klefki|278\/317 brn|[from] brn
|turn|3
|
|switch|p2a: Rotom-Wash|Rotom-Wash|303\/303
|move|p1a: Sableye|Knock Off|p2a: Rotom-Wash
|-damage|p2a: Rotom-Wash|204\/303
|-enditem|p2a: Rotom-Wash|Leftovers|[from] move: Knock Off|[of] p1a: Sableye
|
|turn|4
|
|switch|p1a: Shedinja|Shedinja|1\/1
|move|p2a: Rotom-Wash|Hydro Pump|p1a: Shedinja
|-activate|p1a: Shedinja|ability: Wonder Guard
|
|turn|5
|
|switch|p1a: Sableye|Sableye-Mega, M, shiny|224\/303
|move|p2a: Rotom-Wash|Will-O-Wisp|p1a: Sableye
|move|p1a: Sableye|Will-O-Wisp|p2a: Rotom-Wash|[from]Magic Bounce
|-status|p2a: Rotom-Wash|brn
|
|-damage|p2a: Rotom-Wash|167\/303 brn|[from] brn
|turn|6
|
|switch|p1a: Chansey|Chansey, F, shiny|704\/704
|move|p2a: Rotom-Wash|Hydro Pump|p1a: Chansey
|-damage|p1a: Chansey|623\/704
|
|-damage|p2a: Rotom-Wash|130\/303 brn|[from] brn
|turn|7
|
|move|p2a: Rotom-Wash|Pain Split|p1a: Chansey
|-sethp|p1a: Chansey|376\/704|p2a: Rotom-Wash|303\/303 brn|[from] move: Pain Split
|move|p1a: Chansey|Seismic Toss|p2a: Rotom-Wash
|-damage|p2a: Rotom-Wash|203\/303 brn
|
|-damage|p2a: Rotom-Wash|166\/303 brn|[from] brn
|turn|8
|
|move|p2a: Rotom-Wash|Pain Split|p1a: Chansey
|-sethp|p1a: Chansey|271\/704|p2a: Rotom-Wash|271\/303 brn|[from] move: Pain Split
|move|p1a: Chansey|Soft-Boiled|p1a: Chansey
|-heal|p1a: Chansey|623\/704
|
|-damage|p2a: Rotom-Wash|234\/303 brn|[from] brn
|turn|9
|
|switch|p2a: Chandelure|Chandelure, M|261\/261
|move|p1a: Chansey|Seismic Toss|p2a: Chandelure
|-immune|p2a: Chandelure|[msg]
|
|turn|10
|
|switch|p2a: Sceptile|Sceptile, M|281\/281
|move|p1a: Chansey|Toxic|p2a: Sceptile
|-status|p2a: Sceptile|tox
|
|-damage|p2a: Sceptile|264\/281 tox|[from] psn
|turn|11
|
|detailschange|p2a: Sceptile|Sceptile-Mega, M
|message|Sceptile has Mega Evolved into Mega Sceptile!
|move|p2a: Sceptile|Swords Dance|p2a: Sceptile
|-boost|p2a: Sceptile|atk|2
|move|p1a: Chansey|Soft-Boiled|p1a: Chansey
|-heal|p1a: Chansey|704\/704
|
|-damage|p2a: Sceptile|230\/281 tox|[from] psn
|turn|12
|
|switch|p1a: Clefable|Clefable, M, shiny|394\/394
|move|p2a: Sceptile|Leaf Blade|p1a: Clefable
|-damage|p1a: Clefable|261\/394
|
|-heal|p1a: Clefable|285\/394|[from] item: Leftovers
|-damage|p2a: Sceptile|179\/281 tox|[from] psn
|turn|13
|
|switch|p2a: Excadrill|Excadrill, F|423\/423
|-ability|p2a: Excadrill|Mold Breaker
|-item|p2a: Excadrill|Air Balloon
|move|p1a: Clefable|Wish|p1a: Clefable
|
|-heal|p1a: Clefable|309\/394|[from] item: Leftovers
|turn|14
|
|switch|p1a: Skarmory|Skarmory, F|334\/334
|move|p2a: Excadrill|Stealth Rock|p1a: Skarmory
|-sidestart|p1: Ugly Weirdo|move: Stealth Rock
|
|turn|15
|
|switch|p2a: Chandelure|Chandelure, M|261\/261
|move|p1a: Skarmory|Defog|p2a: Chandelure
|-unboost|p2a: Chandelure|evasion|1
|-sideend|p1: Ugly Weirdo|Stealth Rock|[from] move: Defog|[of] p1a: Skarmory
|
|turn|16
|
|switch|p1a: Heatran|Heatran, F|386\/386
|move|p2a: Chandelure|Trick|p1a: Heatran
|-activate|p2a: Chandelure|move: Trick|[of] p1a: Heatran
|-item|p1a: Heatran|Choice Scarf|[from] move: Trick
|-item|p2a: Chandelure|Leftovers|[from] move: Trick
|
|turn|17
|
|switch|p2a: Excadrill|Excadrill, F|423\/423
|-ability|p2a: Excadrill|Mold Breaker
|-item|p2a: Excadrill|Air Balloon
|move|p1a: Heatran|Earth Power|p2a: Excadrill
|-immune|p2a: Excadrill|[msg]
|
|turn|18
|
|switch|p1a: Skarmory|Skarmory, F|334\/334
|switch|p2a: Rotom-Wash|Rotom-Wash|234\/303 brn
|
|-damage|p2a: Rotom-Wash|197\/303 brn|[from] brn
|turn|19
|
|switch|p1a: Chansey|Chansey, F, shiny|704\/704
|move|p2a: Rotom-Wash|Will-O-Wisp|p1a: Chansey
|-status|p1a: Chansey|brn
|
|-damage|p2a: Rotom-Wash|160\/303 brn|[from] brn
|-damage|p1a: Chansey|616\/704 brn|[from] brn
|turn|20
|
|switch|p1a: Shedinja|Shedinja|1\/1
|move|p2a: Rotom-Wash|Volt Switch|p1a: Shedinja
|-activate|p1a: Shedinja|ability: Wonder Guard
|
|-damage|p2a: Rotom-Wash|123\/303 brn|[from] brn
|turn|21
|
|switch|p1a: Chansey|Chansey, F, shiny|616\/704
|move|p2a: Rotom-Wash|Volt Switch|p1a: Chansey
|-damage|p1a: Chansey|562\/704
|
|switch|p2a: Excadrill|Excadrill, F|423\/423
|-ability|p2a: Excadrill|Mold Breaker
|-item|p2a: Excadrill|Air Balloon
|
|turn|22
|
|switch|p1a: Sableye|Sableye-Mega, M, shiny|224\/303
|move|p2a: Excadrill|Stealth Rock|p1a: Sableye
|-sidestart|p1: Ugly Weirdo|move: Stealth Rock
|
|turn|23
|c|âEchoBeast|thts a glitch?
|c|âUgly Weirdo|mmh don't know
|c|âUgly Weirdo|no wait
|c|âUgly Weirdo|mold break 
|c|âEchoBeast|oh ha
|
|move|p2a: Excadrill|Earthquake|p1a: Sableye
|-damage|p1a: Sableye|107\/303
|move|p1a: Sableye|Knock Off|p2a: Excadrill
|-damage|p2a: Excadrill|267\/423
|-enditem|p2a: Excadrill|Air Balloon
|
|turn|24
|c|âUgly Weirdo|nice move ;)
|
|switch|p1a: Skarmory|Skarmory, F|334\/334
|-damage|p1a: Skarmory|293\/334|[from] Stealth Rock
|move|p2a: Excadrill|Earthquake|p1a: Skarmory
|-immune|p1a: Skarmory|[msg]
|
|turn|25
|
|switch|p2a: Rotom-Wash|Rotom-Wash|123\/303 brn
|move|p1a: Skarmory|Defog|p2a: Rotom-Wash
|-unboost|p2a: Rotom-Wash|evasion|1
|-sideend|p1: Ugly Weirdo|Stealth Rock|[from] move: Defog|[of] p1a: Skarmory
|
|-damage|p2a: Rotom-Wash|86\/303 brn|[from] brn
|turn|26
|
|switch|p1a: Chansey|Chansey, F, shiny|562\/704
|move|p2a: Rotom-Wash|Pain Split|p1a: Chansey
|-sethp|p1a: Chansey|324\/704|p2a: Rotom-Wash|303\/303 brn|[from] move: Pain Split
|
|-damage|p2a: Rotom-Wash|266\/303 brn|[from] brn
|turn|27
|
|move|p2a: Rotom-Wash|Will-O-Wisp|p1a: Chansey
|-status|p1a: Chansey|brn
|move|p1a: Chansey|Soft-Boiled|p1a: Chansey
|-heal|p1a: Chansey|676\/704 brn
|
|-damage|p2a: Rotom-Wash|229\/303 brn|[from] brn
|-damage|p1a: Chansey|588\/704 brn|[from] brn
|turn|28
|
|move|p2a: Rotom-Wash|Will-O-Wisp|p1a: Chansey
|-fail|p1a: Chansey|brn
|move|p1a: Chansey|Heal Bell|p1a: Chansey
|-cureteam|p1a: Chansey|[from] move: HealBell
|
|-damage|p2a: Rotom-Wash|192\/303 brn|[from] brn
|turn|29
|
|move|p2a: Rotom-Wash|Volt Switch|p1a: Chansey
|-damage|p1a: Chansey|536\/704
|
|switch|p2a: Chandelure|Chandelure, M|261\/261
|move|p1a: Chansey|Seismic Toss|p2a: Chandelure
|-immune|p2a: Chandelure|[msg]
|
|turn|30
|
|switch|p1a: Heatran|Heatran, F|386\/386
|move|p2a: Chandelure|Shadow Ball|p1a: Heatran
|-damage|p1a: Heatran|275\/386
|
|turn|31
|
|switch|p2a: Rotom-Wash|Rotom-Wash|192\/303 brn
|move|p1a: Heatran|Lava Plume|p2a: Rotom-Wash
|-resisted|p2a: Rotom-Wash
|-damage|p2a: Rotom-Wash|150\/303 brn
|
|-damage|p2a: Rotom-Wash|113\/303 brn|[from] brn
|turn|32
|
|switch|p1a: Shedinja|Shedinja|1\/1
|move|p2a: Rotom-Wash|Pain Split|p1a: Shedinja
|-sethp|p1a: Shedinja|1\/1|p2a: Rotom-Wash|57\/303 brn|[from] move: Pain Split
|
|-damage|p2a: Rotom-Wash|20\/303 brn|[from] brn
|turn|33
|
|move|p2a: Rotom-Wash|Pain Split|p1a: Shedinja
|-sethp|p1a: Shedinja|1\/1|p2a: Rotom-Wash|10\/303 brn|[from] move: Pain Split
|move|p1a: Shedinja|Confuse Ray|p2a: Rotom-Wash
|-start|p2a: Rotom-Wash|confusion
|
|-damage|p2a: Rotom-Wash|0 fnt|[from] brn
|faint|p2a: Rotom-Wash
|
|switch|p2a: Alakazam|Alakazam, F|252\/252
|turn|34
|
|switch|p1a: Chansey|Chansey, F, shiny|536\/704
|move|p2a: Alakazam|Shadow Ball|p1a: Chansey
|-immune|p1a: Chansey|[msg]
|
|turn|35
|
|move|p2a: Alakazam|Psyshock|p1a: Chansey
|-damage|p1a: Chansey|349\/704
|move|p1a: Chansey|Soft-Boiled|p1a: Chansey
|-heal|p1a: Chansey|701\/704
|
|turn|36
|
|move|p2a: Alakazam|Focus Blast|p1a: Chansey|[miss]
|-miss|p2a: Alakazam|p1a: Chansey
|move|p1a: Chansey|Toxic|p2a: Alakazam
|-status|p2a: Alakazam|tox
|
|turn|37
|
|move|p2a: Alakazam|Focus Blast|p1a: Chansey|[miss]
|-miss|p2a: Alakazam|p1a: Chansey
|move|p1a: Chansey|Seismic Toss|p2a: Alakazam
|-damage|p2a: Alakazam|152\/252 tox
|
|turn|38
|
|switch|p2a: Chandelure|Chandelure, M|261\/261
|move|p1a: Chansey|Toxic|p2a: Chandelure
|-status|p2a: Chandelure|tox
|
|-damage|p2a: Chandelure|245\/261 tox|[from] psn
|turn|39
|
|switch|p2a: Sceptile|Sceptile-Mega, M|179\/281 tox
|switch|p1a: Heatran|Heatran, F|275\/386
|
|-damage|p2a: Sceptile|162\/281 tox|[from] psn
|turn|40
|
|move|p1a: Heatran|Protect|p1a: Heatran
|-singleturn|p1a: Heatran|Protect
|move|p2a: Sceptile|Earthquake|p1a: Heatran
|-activate|p1a: Heatran|Protect
|
|-damage|p2a: Sceptile|128\/281 tox|[from] psn
|turn|41
|
|switch|p2a: Alakazam|Alakazam, F|152\/252 tox
|switch|p1a: Shedinja|Shedinja|1\/1
|
|turn|42
|
|switch|p1a: Chansey|Chansey, F, shiny|701\/704
|move|p2a: Alakazam|Psyshock|p1a: Chansey
|-damage|p1a: Chansey|503\/704
|
|turn|43
|
|move|p2a: Alakazam|Focus Blast|p1a: Chansey
|-crit|p1a: Chansey
|-supereffective|p1a: Chansey
|-damage|p1a: Chansey|197\/704
|-unboost|p1a: Chansey|spd|1
|move|p1a: Chansey|Soft-Boiled|p1a: Chansey
|-heal|p1a: Chansey|549\/704
|
|turn|44
|
|switch|p1a: Sableye|Sableye-Mega, M, shiny|107\/303
|move|p2a: Alakazam|Focus Blast|p1a: Sableye
|-immune|p1a: Sableye|[msg]
|
|turn|45
|
|switch|p1a: Chansey|Chansey, F, shiny|549\/704
|move|p2a: Alakazam|Dazzling Gleam|p1a: Chansey
|-damage|p1a: Chansey|491\/704
|
|turn|46
|c|âEchoBeast|i really cant do much here. see ya
|-message|EchoBeast forfeited.
|
|win|Ugly Weirdo
|raw|Ladder updating...
|leave|EchoBeast
|player|p2