|join|Ugly Weirdo
|join|LyzaWink
|player|p1|Ugly Weirdo|42
|player|p2|LyzaWink|215
|gametype|singles
|gen|6
|tier|OU
|rated
|clearpoke
|poke|p1|Sableye, M
|poke|p1|Tangrowth, F
|poke|p1|Skarmory, F
|poke|p1|Chansey, F
|poke|p1|Clefable, M, shiny
|poke|p1|Alomomola, M, shiny
|poke|p2|Aggron, F
|poke|p2|Chansey, F
|poke|p2|Gliscor, F, shiny
|poke|p2|Ferrothorn, F, shiny
|poke|p2|Heatran, F
|poke|p2|Slowbro, F
|rule|Swagger Clause: Swagger is banned
|rule|Baton Pass Clause: Limit one PokÃ©mon knowing Baton Pass
|rule|Sleep Clause Mod: Limit one foe put to sleep
|rule|Species Clause: Limit one of each PokÃ©mon
|rule|OHKO Clause: OHKO moves are banned
|rule|Moody Clause: Moody is banned
|rule|Evasion Moves Clause: Evasion moves are banned
|rule|Endless Battle Clause: Forcing endless battles is banned
|rule|HP Percentage Mod: HP is shown in percentages
|teampreview
|
|start
|switch|p1a: Sableye|Sableye, M|304\/304
|switch|p2a: Gliscor|Gliscor, F, shiny|352\/352
|turn|1
|
|detailschange|p1a: Sableye|Sableye-Mega, M
|-mega|p1a: Sableye|Sableye|Sablenite
|move|p1a: Sableye|Will-O-Wisp|p2a: Gliscor
|-status|p2a: Gliscor|brn
|move|p2a: Gliscor|Knock Off|p1a: Sableye
|-damage|p1a: Sableye|288\/304
|
|-damage|p2a: Gliscor|308\/352 brn|[from] brn
|turn|2
|
|switch|p2a: Heatran|Heatran, F|386\/386
|-item|p2a: Heatran|Air Balloon
|move|p1a: Sableye|Calm Mind|p1a: Sableye
|-boost|p1a: Sableye|spa|1
|-boost|p1a: Sableye|spd|1
|
|turn|3
|
|switch|p1a: Alomomola|Alomomola, M, shiny|497\/497
|move|p2a: Heatran|Roar|p1a: Alomomola
|drag|p1a: Sableye|Sableye-Mega, M|288\/304
|
|turn|4
|
|switch|p1a: Alomomola|Alomomola, M, shiny|497\/497
|move|p2a: Heatran|Roar|p1a: Alomomola
|drag|p1a: Chansey|Chansey, F|703\/703
|
|turn|5
|
|move|p2a: Heatran|Stealth Rock|p1a: Chansey
|-sidestart|p1: Ugly Weirdo|move: Stealth Rock
|move|p1a: Chansey|Seismic Toss|p2a: Heatran
|-damage|p2a: Heatran|286\/386
|-enditem|p2a: Heatran|Air Balloon
|
|turn|6
|
|switch|p2a: Chansey|Chansey, F|642\/642
|move|p1a: Chansey|Seismic Toss|p2a: Chansey
|-damage|p2a: Chansey|542\/642
|
|turn|7
|
|switch|p1a: Skarmory|Skarmory, F|333\/333
|-damage|p1a: Skarmory|292\/333|[from] Stealth Rock
|move|p2a: Chansey|Wish|p2a: Chansey
|
|turn|8
|
|switch|p2a: Heatran|Heatran, F|286\/386
|move|p1a: Skarmory|Defog|p2a: Heatran
|-unboost|p2a: Heatran|evasion|1
|-sideend|p1: Ugly Weirdo|Stealth Rock|[from] move: Defog|[of] p1a: Skarmory
|
|-heal|p2a: Heatran|386\/386|[from] move: Wish|[wisher] Chansey
|turn|9
|
|switch|p1a: Alomomola|Alomomola, M, shiny|497\/497
|move|p2a: Heatran|Lava Plume|p1a: Alomomola
|-resisted|p1a: Alomomola
|-damage|p1a: Alomomola|425\/497
|
|-heal|p1a: Alomomola|456\/497|[from] item: Leftovers
|turn|10
|
|switch|p2a: Ferrothorn|Ferrothorn, F, shiny|352\/352
|switch|p1a: Sableye|Sableye-Mega, M|288\/304
|
|turn|11
|
|move|p1a: Sableye|Shadow Ball|p2a: Ferrothorn
|-damage|p2a: Ferrothorn|280\/352
|-unboost|p2a: Ferrothorn|spd|1
|move|p2a: Ferrothorn|Giga Drain|p1a: Sableye
|-damage|p1a: Sableye|236\/304
|-heal|p2a: Ferrothorn|306\/352|[from] drain|[of] p1a: Sableye
|
|-heal|p2a: Ferrothorn|328\/352|[from] item: Leftovers
|turn|12
|
|switch|p2a: Chansey|Chansey, F|542\/642
|move|p1a: Sableye|Recover|p1a: Sableye
|-heal|p1a: Sableye|304\/304
|
|turn|13
|
|move|p2a: Chansey|Wish|p2a: Chansey
|move|p1a: Sableye|Calm Mind|p1a: Sableye
|-boost|p1a: Sableye|spa|1
|-boost|p1a: Sableye|spd|1
|
|turn|14
|
|move|p2a: Chansey|Seismic Toss|p1a: Sableye
|-immune|p1a: Sableye|[msg]
|move|p1a: Sableye|Calm Mind|p1a: Sableye
|-boost|p1a: Sableye|spa|1
|-boost|p1a: Sableye|spd|1
|
|-heal|p2a: Chansey|642\/642|[from] move: Wish|[wisher] Chansey
|turn|15
|
|switch|p2a: Heatran|Heatran, F|386\/386
|move|p1a: Sableye|Will-O-Wisp|p2a: Heatran
|-start|p2a: Heatran|ability: Flash Fire
|
|turn|16
|
|move|p1a: Sableye|Shadow Ball|p2a: Heatran
|-damage|p2a: Heatran|278\/386
|move|p2a: Heatran|Roar|p1a: Sableye
|move|p1a: Sableye|Roar|p2a: Heatran|[from]Magic Bounce
|drag|p2a: Gliscor|Gliscor, F, shiny|308\/352 brn
|
|-damage|p2a: Gliscor|264\/352 brn|[from] brn
|turn|17
|
|switch|p2a: Aggron|Aggron, F|344\/344
|move|p1a: Sableye|Calm Mind|p1a: Sableye
|-boost|p1a: Sableye|spa|1
|-boost|p1a: Sableye|spd|1
|
|turn|18
|
|detailschange|p2a: Aggron|Aggron-Mega, F
|-mega|p2a: Aggron|Aggron|Aggronite
|move|p2a: Aggron|Iron Head|p1a: Sableye
|-damage|p1a: Sableye|232\/304
|cant|p1a: Sableye|flinch
|
|turn|19
|
|move|p2a: Aggron|Iron Head|p1a: Sableye
|-damage|p1a: Sableye|150\/304
|move|p1a: Sableye|Will-O-Wisp|p2a: Aggron
|-status|p2a: Aggron|brn
|
|-damage|p2a: Aggron|301\/344 brn|[from] brn
|turn|20
|
|move|p2a: Aggron|Iron Head|p1a: Sableye
|-damage|p1a: Sableye|113\/304
|cant|p1a: Sableye|flinch
|
|-damage|p2a: Aggron|258\/344 brn|[from] brn
|turn|21
|
|move|p2a: Aggron|Iron Head|p1a: Sableye
|-damage|p1a: Sableye|77\/304
|move|p1a: Sableye|Recover|p1a: Sableye
|-heal|p1a: Sableye|229\/304
|
|-damage|p2a: Aggron|215\/344 brn|[from] brn
|turn|22
|
|move|p2a: Aggron|Rest|p2a: Aggron
|-status|p2a: Aggron|slp
|-heal|p2a: Aggron|344\/344 slp|[silent]
|-status|p2a: Aggron|slp|[from] move: Rest
|move|p1a: Sableye|Recover|p1a: Sableye
|-heal|p1a: Sableye|304\/304
|
|turn|23
|
|cant|p2a: Aggron|slp
|move|p2a: Aggron|Sleep Talk|p2a: Aggron
|move|p2a: Aggron|Earthquake|p1a: Sableye|[from]Sleep Talk
|-damage|p1a: Sableye|244\/304
|move|p1a: Sableye|Shadow Ball|p2a: Aggron
|-damage|p2a: Aggron|142\/344 slp
|
|turn|24
|
|cant|p2a: Aggron|slp
|move|p2a: Aggron|Sleep Talk|p2a: Aggron
|move|p2a: Aggron|Rest|p2a: Aggron|[from]Sleep Talk
|-fail|p2a: Aggron
|move|p1a: Sableye|Calm Mind|p1a: Sableye
|-boost|p1a: Sableye|spa|1
|-boost|p1a: Sableye|spd|1
|
|turn|25
|
|-curestatus|p2a: Aggron|slp
|move|p2a: Aggron|Rest|p2a: Aggron
|-status|p2a: Aggron|slp
|-heal|p2a: Aggron|344\/344 slp|[silent]
|-status|p2a: Aggron|slp|[from] move: Rest
|move|p1a: Sableye|Shadow Ball|p2a: Aggron
|-damage|p2a: Aggron|112\/344 slp
|
|turn|26
|
|switch|p2a: Chansey|Chansey, F|642\/642
|move|p1a: Sableye|Shadow Ball|p2a: Chansey
|-immune|p2a: Chansey|[msg]
|
|turn|27
|
|move|p2a: Chansey|Seismic Toss|p1a: Sableye
|-immune|p1a: Sableye|[msg]
|move|p1a: Sableye|Will-O-Wisp|p2a: Chansey
|-status|p2a: Chansey|brn
|
|-damage|p2a: Chansey|562\/642 brn|[from] brn
|turn|28
|
|move|p2a: Chansey|Wish|p2a: Chansey
|move|p1a: Sableye|Calm Mind|p1a: Sableye
|-boost|p1a: Sableye|spa|1
|-boost|p1a: Sableye|spd|1
|
|-damage|p2a: Chansey|482\/642 brn|[from] brn
|turn|29
|
|move|p2a: Chansey|Toxic|p1a: Sableye
|move|p1a: Sableye|Toxic|p2a: Chansey|[from]Magic Bounce
|-fail|p2a: Chansey
|move|p1a: Sableye|Shadow Ball|p2a: Chansey
|-immune|p2a: Chansey|[msg]
|
|-heal|p2a: Chansey|642\/642 brn|[from] move: Wish|[wisher] Chansey
|-damage|p2a: Chansey|562\/642 brn|[from] brn
|turn|30
|
|move|p2a: Chansey|Seismic Toss|p1a: Sableye
|-immune|p1a: Sableye|[msg]
|move|p1a: Sableye|Calm Mind|p1a: Sableye
|-boost|p1a: Sableye|spa|1
|-boost|p1a: Sableye|spd|1
|
|-damage|p2a: Chansey|482\/642 brn|[from] brn
|turn|31
|
|move|p2a: Chansey|Seismic Toss|p1a: Sableye
|-immune|p1a: Sableye|[msg]
|move|p1a: Sableye|Calm Mind|p1a: Sableye
|-fail|p1a: Sableye
|
|-damage|p2a: Chansey|402\/642 brn|[from] brn
|turn|32
|
|move|p2a: Chansey|Wish|p2a: Chansey
|move|p1a: Sableye|Calm Mind|p1a: Sableye
|-fail|p1a: Sableye
|
|-damage|p2a: Chansey|322\/642 brn|[from] brn
|turn|33
|
|move|p2a: Chansey|Seismic Toss|p1a: Sableye
|-immune|p1a: Sableye|[msg]
|move|p1a: Sableye|Calm Mind|p1a: Sableye
|-fail|p1a: Sableye
|
|-heal|p2a: Chansey|642\/642 brn|[from] move: Wish|[wisher] Chansey
|-damage|p2a: Chansey|562\/642 brn|[from] brn
|turn|34
|
|move|p2a: Chansey|Seismic Toss|p1a: Sableye
|-immune|p1a: Sableye|[msg]
|move|p1a: Sableye|Calm Mind|p1a: Sableye
|-fail|p1a: Sableye
|
|-damage|p2a: Chansey|482\/642 brn|[from] brn
|turn|35
|
|switch|p1a: Skarmory|Skarmory, F|292\/333
|move|p2a: Chansey|Wish|p2a: Chansey
|
|-damage|p2a: Chansey|402\/642 brn|[from] brn
|turn|36
|
|switch|p2a: Aggron|Aggron-Mega, F|112\/344 slp
|move|p1a: Skarmory|Whirlwind|p2a: Aggron
|drag|p2a: Heatran|Heatran, F|278\/386
|
|-heal|p2a: Heatran|386\/386|[from] move: Wish|[wisher] Chansey
|turn|37
|
|switch|p1a: Alomomola|Alomomola, M, shiny|497\/497
|move|p2a: Heatran|Lava Plume|p1a: Alomomola
|-resisted|p1a: Alomomola
|-damage|p1a: Alomomola|417\/497
|
|-heal|p1a: Alomomola|448\/497|[from] item: Leftovers
|turn|38
|
|switch|p2a: Ferrothorn|Ferrothorn, F, shiny|328\/352
|switch|p1a: Sableye|Sableye-Mega, M|244\/304
|
|-heal|p2a: Ferrothorn|350\/352|[from] item: Leftovers
|turn|39
|
|switch|p2a: Chansey|Chansey, F|402\/642
|move|p1a: Sableye|Will-O-Wisp|p2a: Chansey|[miss]
|-miss|p1a: Sableye|p2a: Chansey
|
|turn|40
|
|switch|p1a: Skarmory|Skarmory, F|292\/333
|move|p2a: Chansey|Wish|p2a: Chansey
|
|turn|41
|
|switch|p2a: Aggron|Aggron-Mega, F|112\/344 slp
|move|p1a: Skarmory|Roost|p1a: Skarmory
|-heal|p1a: Skarmory|333\/333
|
|-heal|p2a: Aggron|344\/344 slp|[from] move: Wish|[wisher] Chansey
|turn|42
|
|switch|p2a: Heatran|Heatran, F|386\/386
|move|p1a: Skarmory|Counter|p2a: Heatran
|-fail|p2a: Heatran
|
|turn|43
|
|switch|p1a: Alomomola|Alomomola, M, shiny|497\/497
|move|p2a: Heatran|Lava Plume|p1a: Alomomola
|-resisted|p1a: Alomomola
|-damage|p1a: Alomomola|420\/497
|-status|p1a: Alomomola|brn
|
|-heal|p1a: Alomomola|451\/497 brn|[from] item: Leftovers
|-damage|p1a: Alomomola|389\/497 brn|[from] brn
|turn|44
|
|switch|p2a: Ferrothorn|Ferrothorn, F, shiny|350\/352
|switch|p1a: Sableye|Sableye-Mega, M|244\/304
|
|-heal|p2a: Ferrothorn|352\/352|[from] item: Leftovers
|turn|45
|
|switch|p2a: Chansey|Chansey, F|402\/642
|switch|p1a: Chansey|Chansey, F|703\/703
|
|turn|46
|
|move|p2a: Chansey|Wish|p2a: Chansey
|move|p1a: Chansey|Heal Bell|p1a: Chansey
|-cureteam|p1a: Chansey|[from] move: HealBell
|
|turn|47
|
|move|p2a: Chansey|Heal Bell|p2a: Chansey
|-cureteam|p2a: Chansey|[from] move: HealBell
|move|p1a: Chansey|Seismic Toss|p2a: Chansey
|-damage|p2a: Chansey|302\/642
|
|-heal|p2a: Chansey|623\/642|[from] move: Wish|[wisher] Chansey
|turn|48
|
|switch|p1a: Tangrowth|Tangrowth, F|404\/404
|move|p2a: Chansey|Toxic|p1a: Tangrowth
|-status|p1a: Tangrowth|tox
|
|-damage|p1a: Tangrowth|379\/404 tox|[from] psn
|turn|49
|
|move|p2a: Chansey|Wish|p2a: Chansey
|move|p1a: Tangrowth|Knock Off|p2a: Chansey
|-damage|p2a: Chansey|484\/642
|-enditem|p2a: Chansey|Eviolite|[from] move: Knock Off|[of] p1a: Tangrowth
|
|-damage|p1a: Tangrowth|329\/404 tox|[from] psn
|turn|50
|
|switch|p2a: Gliscor|Gliscor, F, shiny|264\/352
|switch|p1a: Chansey|Chansey, F|703\/703
|
|-heal|p2a: Gliscor|352\/352|[from] move: Wish|[wisher] Chansey
|-status|p2a: Gliscor|tox|[from] item: Toxic Orb
|turn|51
|
|move|p2a: Gliscor|Taunt|p1a: Chansey
|-start|p1a: Chansey|move: Taunt
|cant|p1a: Chansey|move: Taunt|Heal Bell
|
|turn|52
|
|switch|p1a: Skarmory|Skarmory, F|333\/333
|move|p2a: Gliscor|Knock Off|p1a: Skarmory
|-damage|p1a: Skarmory|288\/333
|-damage|p2a: Gliscor|294\/352 tox|[from] item: Rocky Helmet|[of] p1a: Skarmory
|-enditem|p1a: Skarmory|Rocky Helmet|[from] move: Knock Off|[of] p2a: Gliscor
|
|-heal|p2a: Gliscor|338\/352 tox|[from] ability: Poison Heal
|turn|53
|
|move|p2a: Gliscor|Taunt|p1a: Skarmory
|-start|p1a: Skarmory|move: Taunt
|cant|p1a: Skarmory|move: Taunt|Whirlwind
|
|-heal|p2a: Gliscor|352\/352 tox|[from] ability: Poison Heal
|turn|54
|
|switch|p2a: Heatran|Heatran, F|386\/386
|move|p1a: Skarmory|Counter|p2a: Heatran
|-fail|p2a: Heatran
|
|turn|55
|
|switch|p1a: Chansey|Chansey, F|703\/703
|move|p2a: Heatran|Stealth Rock|p1a: Chansey
|-sidestart|p1: Ugly Weirdo|move: Stealth Rock
|
|turn|56
|
|switch|p1a: Skarmory|Skarmory, F|288\/333
|-damage|p1a: Skarmory|247\/333|[from] Stealth Rock
|move|p2a: Heatran|Roar|p1a: Skarmory
|drag|p1a: Chansey|Chansey, F|703\/703
|-damage|p1a: Chansey|616\/703|[from] Stealth Rock
|
|turn|57
|
|move|p1a: Chansey|Seismic Toss|p2a: Heatran
|-damage|p2a: Heatran|286\/386
|move|p2a: Heatran|Roar|p1a: Chansey
|drag|p1a: Tangrowth|Tangrowth, F|404\/404 tox
|-damage|p1a: Tangrowth|354\/404 tox|[from] Stealth Rock
|
|-damage|p1a: Tangrowth|329\/404 tox|[from] psn
|turn|58
|
|switch|p2a: Gliscor|Gliscor, F, shiny|352\/352 tox
|move|p1a: Tangrowth|Earthquake|p2a: Gliscor
|-immune|p2a: Gliscor|[msg]
|
|-damage|p1a: Tangrowth|279\/404 tox|[from] psn
|turn|59
|
|switch|p1a: Skarmory|Skarmory, F|247\/333
|-damage|p1a: Skarmory|206\/333|[from] Stealth Rock
|move|p2a: Gliscor|Knock Off|p1a: Skarmory
|-damage|p1a: Skarmory|179\/333
|
|turn|60
|
|switch|p1a: Sableye|Sableye-Mega, M|244\/304
|-damage|p1a: Sableye|206\/304|[from] Stealth Rock
|move|p2a: Gliscor|Taunt|p1a: Sableye
|move|p1a: Sableye|Taunt|p2a: Gliscor|[from]Magic Bounce
|-start|p2a: Gliscor|move: Taunt
|
|turn|61
|
|switch|p2a: Chansey|Chansey, F|484\/642
|move|p1a: Sableye|Recover|p1a: Sableye
|-heal|p1a: Sableye|304\/304
|
|turn|62
|
|move|p2a: Chansey|Wish|p2a: Chansey
|move|p1a: Sableye|Will-O-Wisp|p2a: Chansey
|-status|p2a: Chansey|brn
|
|-damage|p2a: Chansey|404\/642 brn|[from] brn
|turn|63
|
|switch|p2a: Heatran|Heatran, F|286\/386
|move|p1a: Sableye|Calm Mind|p1a: Sableye
|-boost|p1a: Sableye|spa|1
|-boost|p1a: Sableye|spd|1
|
|-heal|p2a: Heatran|386\/386|[from] move: Wish|[wisher] Chansey
|turn|64
|
|switch|p2a: Chansey|Chansey, F|404\/642
|move|p1a: Sableye|Calm Mind|p1a: Sableye
|-boost|p1a: Sableye|spa|1
|-boost|p1a: Sableye|spd|1
|
|turn|65
|
|move|p2a: Chansey|Wish|p2a: Chansey
|move|p1a: Sableye|Will-O-Wisp|p2a: Chansey|[miss]
|-miss|p1a: Sableye|p2a: Chansey
|
|turn|66
|
|move|p2a: Chansey|Seismic Toss|p1a: Sableye
|-immune|p1a: Sableye|[msg]
|move|p1a: Sableye|Calm Mind|p1a: Sableye
|-boost|p1a: Sableye|spa|1
|-boost|p1a: Sableye|spd|1
|
|-heal|p2a: Chansey|642\/642|[from] move: Wish|[wisher] Chansey
|turn|67
|
|move|p2a: Chansey|Seismic Toss|p1a: Sableye
|-immune|p1a: Sableye|[msg]
|move|p1a: Sableye|Will-O-Wisp|p2a: Chansey
|-status|p2a: Chansey|brn
|
|-damage|p2a: Chansey|562\/642 brn|[from] brn
|turn|68
|
|move|p2a: Chansey|Seismic Toss|p1a: Sableye
|-immune|p1a: Sableye|[msg]
|move|p1a: Sableye|Calm Mind|p1a: Sableye
|-boost|p1a: Sableye|spa|1
|-boost|p1a: Sableye|spd|1
|
|-damage|p2a: Chansey|482\/642 brn|[from] brn
|turn|69
|
|move|p2a: Chansey|Seismic Toss|p1a: Sableye
|-immune|p1a: Sableye|[msg]
|move|p1a: Sableye|Calm Mind|p1a: Sableye
|-boost|p1a: Sableye|spa|1
|-boost|p1a: Sableye|spd|1
|
|-damage|p2a: Chansey|402\/642 brn|[from] brn
|turn|70
|
|move|p2a: Chansey|Seismic Toss|p1a: Sableye
|-immune|p1a: Sableye|[msg]
|move|p1a: Sableye|Shadow Ball|p2a: Chansey
|-immune|p2a: Chansey|[msg]
|
|-damage|p2a: Chansey|322\/642 brn|[from] brn
|turn|71
|
|move|p2a: Chansey|Wish|p2a: Chansey
|move|p1a: Sableye|Calm Mind|p1a: Sableye
|-boost|p1a: Sableye|spa|1
|-boost|p1a: Sableye|spd|1
|
|-damage|p2a: Chansey|242\/642 brn|[from] brn
|turn|72
|
|move|p2a: Chansey|Toxic|p1a: Sableye
|move|p1a: Sableye|Toxic|p2a: Chansey|[from]Magic Bounce
|-fail|p2a: Chansey
|move|p1a: Sableye|Calm Mind|p1a: Sableye
|-fail|p1a: Sableye
|
|-heal|p2a: Chansey|563\/642 brn|[from] move: Wish|[wisher] Chansey
|-damage|p2a: Chansey|483\/642 brn|[from] brn
|turn|73
|
|move|p2a: Chansey|Seismic Toss|p1a: Sableye
|-immune|p1a: Sableye|[msg]
|move|p1a: Sableye|Calm Mind|p1a: Sableye
|-fail|p1a: Sableye
|
|-damage|p2a: Chansey|403\/642 brn|[from] brn
|turn|74
|
|move|p2a: Chansey|Seismic Toss|p1a: Sableye
|-immune|p1a: Sableye|[msg]
|move|p1a: Sableye|Recover|p1a: Sableye
|-fail|p1a: Sableye
|
|-damage|p2a: Chansey|323\/642 brn|[from] brn
|turn|75
|
|move|p2a: Chansey|Seismic Toss|p1a: Sableye
|-immune|p1a: Sableye|[msg]
|move|p1a: Sableye|Calm Mind|p1a: Sableye
|-fail|p1a: Sableye
|
|-damage|p2a: Chansey|243\/642 brn|[from] brn
|turn|76
|
|move|p2a: Chansey|Wish|p2a: Chansey
|move|p1a: Sableye|Will-O-Wisp|p2a: Chansey
|-fail|p2a: Chansey|brn
|
|-damage|p2a: Chansey|163\/642 brn|[from] brn
|turn|77
|
|move|p2a: Chansey|Toxic|p1a: Sableye
|move|p1a: Sableye|Toxic|p2a: Chansey|[from]Magic Bounce
|-fail|p2a: Chansey
|move|p1a: Sableye|Shadow Ball|p2a: Chansey
|-immune|p2a: Chansey|[msg]
|
|-heal|p2a: Chansey|484\/642 brn|[from] move: Wish|[wisher] Chansey
|-damage|p2a: Chansey|404\/642 brn|[from] brn
|turn|78
|
|move|p2a: Chansey|Heal Bell|p2a: Chansey
|-cureteam|p2a: Chansey|[from] move: HealBell
|move|p1a: Sableye|Will-O-Wisp|p2a: Chansey|[miss]
|-miss|p1a: Sableye|p2a: Chansey
|
|turn|79
|
|move|p2a: Chansey|Seismic Toss|p1a: Sableye
|-immune|p1a: Sableye|[msg]
|move|p1a: Sableye|Will-O-Wisp|p2a: Chansey
|-status|p2a: Chansey|brn
|
|-damage|p2a: Chansey|324\/642 brn|[from] brn
|turn|80
|
|move|p2a: Chansey|Toxic|p1a: Sableye
|move|p1a: Sableye|Toxic|p2a: Chansey|[from]Magic Bounce
|-fail|p2a: Chansey
|move|p1a: Sableye|Will-O-Wisp|p2a: Chansey|[miss]
|-miss|p1a: Sableye|p2a: Chansey
|
|-damage|p2a: Chansey|244\/642 brn|[from] brn
|turn|81
|
|move|p2a: Chansey|Wish|p2a: Chansey
|move|p1a: Sableye|Will-O-Wisp|p2a: Chansey
|-fail|p2a: Chansey|brn
|
|-damage|p2a: Chansey|164\/642 brn|[from] brn
|turn|82
|
|move|p2a: Chansey|Heal Bell|p2a: Chansey
|-cureteam|p2a: Chansey|[from] move: HealBell
|move|p1a: Sableye|Shadow Ball|p2a: Chansey
|-immune|p2a: Chansey|[msg]
|
|-heal|p2a: Chansey|485\/642|[from] move: Wish|[wisher] Chansey
|turn|83
|
|move|p2a: Chansey|Seismic Toss|p1a: Sableye
|-immune|p1a: Sableye|[msg]
|move|p1a: Sableye|Will-O-Wisp|p2a: Chansey
|-status|p2a: Chansey|brn
|
|-damage|p2a: Chansey|405\/642 brn|[from] brn
|turn|84
|
|move|p2a: Chansey|Toxic|p1a: Sableye
|move|p1a: Sableye|Toxic|p2a: Chansey|[from]Magic Bounce
|-fail|p2a: Chansey
|move|p1a: Sableye|Recover|p1a: Sableye
|-fail|p1a: Sableye
|
|-damage|p2a: Chansey|325\/642 brn|[from] brn
|turn|85
|
|move|p2a: Chansey|Toxic|p1a: Sableye
|move|p1a: Sableye|Toxic|p2a: Chansey|[from]Magic Bounce
|-fail|p2a: Chansey
|move|p1a: Sableye|Calm Mind|p1a: Sableye
|-fail|p1a: Sableye
|
|-damage|p2a: Chansey|245\/642 brn|[from] brn
|turn|86
|
|move|p2a: Chansey|Heal Bell|p2a: Chansey
|-cureteam|p2a: Chansey|[from] move: HealBell
|move|p1a: Sableye|Shadow Ball|p2a: Chansey
|-immune|p2a: Chansey|[msg]
|
|turn|87
|
|move|p2a: Chansey|Wish|p2a: Chansey
|move|p1a: Sableye|Will-O-Wisp|p2a: Chansey|[miss]
|-miss|p1a: Sableye|p2a: Chansey
|
|turn|88
|
|move|p2a: Chansey|Seismic Toss|p1a: Sableye
|-immune|p1a: Sableye|[msg]
|move|p1a: Sableye|Will-O-Wisp|p2a: Chansey
|-status|p2a: Chansey|brn
|
|-heal|p2a: Chansey|566\/642 brn|[from] move: Wish|[wisher] Chansey
|-damage|p2a: Chansey|486\/642 brn|[from] brn
|turn|89
|
|move|p2a: Chansey|Seismic Toss|p1a: Sableye
|-immune|p1a: Sableye|[msg]
|move|p1a: Sableye|Calm Mind|p1a: Sableye
|-fail|p1a: Sableye
|
|-damage|p2a: Chansey|406\/642 brn|[from] brn
|turn|90
|
|move|p2a: Chansey|Seismic Toss|p1a: Sableye
|-immune|p1a: Sableye|[msg]
|move|p1a: Sableye|Shadow Ball|p2a: Chansey
|-immune|p2a: Chansey|[msg]
|
|-damage|p2a: Chansey|326\/642 brn|[from] brn
|turn|91
|
|move|p2a: Chansey|Seismic Toss|p1a: Sableye
|-immune|p1a: Sableye|[msg]
|move|p1a: Sableye|Calm Mind|p1a: Sableye
|-fail|p1a: Sableye
|
|-damage|p2a: Chansey|246\/642 brn|[from] brn
|turn|92
|
|move|p2a: Chansey|Seismic Toss|p1a: Sableye
|-immune|p1a: Sableye|[msg]
|move|p1a: Sableye|Recover|p1a: Sableye
|-fail|p1a: Sableye
|
|-damage|p2a: Chansey|166\/642 brn|[from] brn
|turn|93
|
|move|p2a: Chansey|Wish|p2a: Chansey
|move|p1a: Sableye|Will-O-Wisp|p2a: Chansey
|-fail|p2a: Chansey|brn
|
|-damage|p2a: Chansey|86\/642 brn|[from] brn
|turn|94
|
|move|p2a: Chansey|Heal Bell|p2a: Chansey
|-cureteam|p2a: Chansey|[from] move: HealBell
|move|p1a: Sableye|Recover|p1a: Sableye
|-fail|p1a: Sableye
|
|-heal|p2a: Chansey|407\/642|[from] move: Wish|[wisher] Chansey
|turn|95
|
|move|p2a: Chansey|Seismic Toss|p1a: Sableye
|-immune|p1a: Sableye|[msg]
|move|p1a: Sableye|Will-O-Wisp|p2a: Chansey
|-status|p2a: Chansey|brn
|
|-damage|p2a: Chansey|327\/642 brn|[from] brn
|turn|96
|
|move|p2a: Chansey|Seismic Toss|p1a: Sableye
|-immune|p1a: Sableye|[msg]
|move|p1a: Sableye|Calm Mind|p1a: Sableye
|-fail|p1a: Sableye
|
|-damage|p2a: Chansey|247\/642 brn|[from] brn
|turn|97
|
|move|p2a: Chansey|Seismic Toss|p1a: Sableye
|-immune|p1a: Sableye|[msg]
|move|p1a: Sableye|Calm Mind|p1a: Sableye
|-fail|p1a: Sableye
|
|-damage|p2a: Chansey|167\/642 brn|[from] brn
|turn|98
|
|move|p2a: Chansey|Wish|p2a: Chansey
|move|p1a: Sableye|Calm Mind|p1a: Sableye
|-fail|p1a: Sableye
|
|-damage|p2a: Chansey|87\/642 brn|[from] brn
|turn|99
|
|move|p2a: Chansey|Heal Bell|p2a: Chansey
|-cureteam|p2a: Chansey|[from] move: HealBell
|move|p1a: Sableye|Will-O-Wisp|p2a: Chansey
|-status|p2a: Chansey|brn
|
|-heal|p2a: Chansey|408\/642 brn|[from] move: Wish|[wisher] Chansey
|-damage|p2a: Chansey|328\/642 brn|[from] brn
|turn|100
|
|move|p2a: Chansey|Heal Bell|p2a: Chansey
|-cureteam|p2a: Chansey|[from] move: HealBell
|move|p1a: Sableye|Calm Mind|p1a: Sableye
|-fail|p1a: Sableye
|
|turn|101
|
|move|p2a: Chansey|Seismic Toss|p1a: Sableye
|-immune|p1a: Sableye|[msg]
|move|p1a: Sableye|Will-O-Wisp|p2a: Chansey
|-status|p2a: Chansey|brn
|
|-damage|p2a: Chansey|248\/642 brn|[from] brn
|turn|102
|
|move|p2a: Chansey|Heal Bell|p2a: Chansey
|-cureteam|p2a: Chansey|[from] move: HealBell
|move|p1a: Sableye|Calm Mind|p1a: Sableye
|-fail|p1a: Sableye
|
|turn|103
|
|move|p2a: Chansey|Seismic Toss|p1a: Sableye
|-immune|p1a: Sableye|[msg]
|move|p1a: Sableye|Shadow Ball|p2a: Chansey
|-immune|p2a: Chansey|[msg]
|
|turn|104
|
|move|p2a: Chansey|Seismic Toss|p1a: Sableye
|-immune|p1a: Sableye|[msg]
|move|p1a: Sableye|Will-O-Wisp|p2a: Chansey
|-status|p2a: Chansey|brn
|
|-damage|p2a: Chansey|168\/642 brn|[from] brn
|turn|105
|
|move|p2a: Chansey|Seismic Toss|p1a: Sableye
|-immune|p1a: Sableye|[msg]
|move|p1a: Sableye|Calm Mind|p1a: Sableye
|-fail|p1a: Sableye
|
|-damage|p2a: Chansey|88\/642 brn|[from] brn
|turn|106
|
|move|p2a: Chansey|Seismic Toss|p1a: Sableye
|-immune|p1a: Sableye|[msg]
|move|p1a: Sableye|Calm Mind|p1a: Sableye
|-fail|p1a: Sableye
|
|-damage|p2a: Chansey|8\/642 brn|[from] brn
|turn|107
|
|move|p2a: Chansey|Seismic Toss|p1a: Sableye
|-immune|p1a: Sableye|[msg]
|move|p1a: Sableye|Calm Mind|p1a: Sableye
|-fail|p1a: Sableye
|
|-damage|p2a: Chansey|0 fnt|[from] brn
|faint|p2a: Chansey
|
|switch|p2a: Gliscor|Gliscor, F, shiny|352\/352
|turn|108
|
|move|p2a: Gliscor|Roost|p2a: Gliscor
|-fail|p2a: Gliscor
|move|p1a: Sableye|Shadow Ball|p2a: Gliscor
|-damage|p2a: Gliscor|37\/352
|
|-status|p2a: Gliscor|tox|[from] item: Toxic Orb
|turn|109
|
|move|p2a: Gliscor|Roost|p2a: Gliscor
|-heal|p2a: Gliscor|213\/352 tox
|move|p1a: Sableye|Shadow Ball|p2a: Gliscor
|-damage|p2a: Gliscor|0 fnt
|faint|p2a: Gliscor
|
|
|switch|p2a: Aggron|Aggron-Mega, F|344\/344
|turn|110
|
|move|p2a: Aggron|Rest|p2a: Aggron
|-fail|p2a: Aggron
|move|p1a: Sableye|Shadow Ball|p2a: Aggron
|-damage|p2a: Aggron|55\/344
|
|turn|111
|
|move|p2a: Aggron|Rest|p2a: Aggron
|-status|p2a: Aggron|slp
|-heal|p2a: Aggron|344\/344 slp|[silent]
|-status|p2a: Aggron|slp|[from] move: Rest
|move|p1a: Sableye|Shadow Ball|p2a: Aggron
|-damage|p2a: Aggron|25\/344 slp
|
|turn|112
|
|switch|p2a: Heatran|Heatran, F|386\/386
|move|p1a: Sableye|Shadow Ball|p2a: Heatran
|-damage|p2a: Heatran|142\/386
|
|turn|113
|
|move|p2a: Heatran|Protect|p2a: Heatran
|-singleturn|p2a: Heatran|Protect
|move|p1a: Sableye|Shadow Ball|p2a: Heatran
|-activate|p2a: Heatran|Protect
|
|turn|114
|
|move|p1a: Sableye|Shadow Ball|p2a: Heatran
|-damage|p2a: Heatran|0 fnt
|faint|p2a: Heatran
|
|
|switch|p2a: Ferrothorn|Ferrothorn, F, shiny|352\/352
|turn|115
|
|move|p2a: Ferrothorn|Protect|p2a: Ferrothorn
|-singleturn|p2a: Ferrothorn|Protect
|move|p1a: Sableye|Will-O-Wisp|p2a: Ferrothorn
|-activate|p2a: Ferrothorn|Protect
|
|turn|116
|
|move|p2a: Ferrothorn|Giga Drain|p1a: Sableye
|-damage|p1a: Sableye|291\/304
|move|p1a: Sableye|Shadow Ball|p2a: Ferrothorn
|-damage|p2a: Ferrothorn|81\/352
|
|-heal|p2a: Ferrothorn|103\/352|[from] item: Leftovers
|turn|117
|
|move|p2a: Ferrothorn|Protect|p2a: Ferrothorn
|-singleturn|p2a: Ferrothorn|Protect
|move|p1a: Sableye|Will-O-Wisp|p2a: Ferrothorn
|-activate|p2a: Ferrothorn|Protect
|
|-heal|p2a: Ferrothorn|125\/352|[from] item: Leftovers
|turn|118
|
|move|p1a: Sableye|Shadow Ball|p2a: Ferrothorn
|-damage|p2a: Ferrothorn|0 fnt
|faint|p2a: Ferrothorn
|
|
|switch|p2a: Aggron|Aggron-Mega, F|25\/344 slp
|turn|119
|
|cant|p2a: Aggron|slp
|move|p2a: Aggron|Sleep Talk|p2a: Aggron
|move|p2a: Aggron|Earthquake|p1a: Sableye|[from]Sleep Talk
|-damage|p1a: Sableye|221\/304
|move|p1a: Sableye|Shadow Ball|p2a: Aggron
|-damage|p2a: Aggron|0 fnt
|faint|p2a: Aggron
|
|
|switch|p2a: Slowbro|Slowbro, F|394\/394
|turn|120
|
|move|p2a: Slowbro|Scald|p1a: Sableye
|-damage|p1a: Sableye|202\/304
|move|p1a: Sableye|Shadow Ball|p2a: Slowbro
|-supereffective|p2a: Slowbro
|-damage|p2a: Slowbro|0 fnt
|faint|p2a: Slowbro
|
|win|Ugly Weirdo
|raw|Ladder updating...
|raw|Ugly Weirdo's rating: 1388 &rarr; <strong>1408<\/strong><br \/>(+20 for winning)
|raw|LyzaWink's rating: 1374 &rarr; <strong>1355<\/strong><br \/>(-19 for losing)
|leave|LyzaWink
|player|p2