|join|j21
|join|Ugly Weirdo
|player|p1|j21|92
|player|p2|Ugly Weirdo|42
|gametype|singles
|gen|6
|tier|OU
|rated
|clearpoke
|poke|p1|Togekiss, M
|poke|p1|Rotom-Wash
|poke|p1|Dragonite, M
|poke|p1|Scizor, M
|poke|p1|Breloom, M
|poke|p1|Talonflame, M
|poke|p2|Sableye, M
|poke|p2|Tangrowth, M
|poke|p2|Skarmory, F
|poke|p2|Chansey, F
|poke|p2|Clefable, F, shiny
|poke|p2|Alomomola, F, shiny
|rule|Swagger Clause: Swagger is banned
|rule|Baton Pass Clause: Limit one PokÃ©mon knowing Baton Pass
|rule|Sleep Clause Mod: Limit one foe put to sleep
|rule|Species Clause: Limit one of each PokÃ©mon
|rule|OHKO Clause: OHKO moves are banned
|rule|Moody Clause: Moody is banned
|rule|Evasion Moves Clause: Evasion moves are banned
|rule|Endless Battle Clause: Forcing endless battles is banned
|rule|HP Percentage Mod: HP is shown in percentages
|teampreview
|
|start
|switch|p1a: Talonflame|Talonflame, M|302\/302
|switch|p2a: Sableye|Sableye, M|304\/304
|turn|1
|
|detailschange|p2a: Sableye|Sableye-Mega, M
|-mega|p2a: Sableye|Sableye|Sablenite
|move|p1a: Talonflame|Brave Bird|p2a: Sableye
|-damage|p2a: Sableye|184\/304
|-damage|p1a: Talonflame|262\/302|[from] recoil|[of] p2a: Sableye
|move|p2a: Sableye|Shadow Ball|p1a: Talonflame
|-damage|p1a: Talonflame|160\/302
|
|turn|2
|
|move|p1a: Talonflame|Swords Dance|p1a: Talonflame
|-boost|p1a: Talonflame|atk|2
|move|p2a: Sableye|Recover|p2a: Sableye
|-heal|p2a: Sableye|304\/304
|
|turn|3
|
|switch|p2a: Alomomola|Alomomola, F, shiny|497\/497
|move|p1a: Talonflame|Roost|p1a: Talonflame
|-heal|p1a: Talonflame|302\/302
|
|turn|4
|
|move|p1a: Talonflame|Brave Bird|p2a: Alomomola
|-damage|p2a: Alomomola|133\/497
|-damage|p1a: Talonflame|182\/302|[from] recoil|[of] p2a: Alomomola
|move|p2a: Alomomola|Scald|p1a: Talonflame
|-supereffective|p1a: Talonflame
|-damage|p1a: Talonflame|66\/302
|
|-heal|p2a: Alomomola|164\/497|[from] item: Leftovers
|turn|5
|
|switch|p2a: Skarmory|Skarmory, F|333\/333
|move|p1a: Talonflame|Brave Bird|p2a: Skarmory
|-resisted|p2a: Skarmory
|-damage|p2a: Skarmory|219\/333
|-damage|p1a: Talonflame|16\/302|[from] item: Rocky Helmet|[of] p2a: Skarmory
|-damage|p1a: Talonflame|0 fnt|[from] recoil|[of] p2a: Skarmory
|faint|p1a: Talonflame
|
|
|switch|p1a: Breloom|Breloom, M|262\/262
|turn|6
|
|switch|p1a: Togekiss|Togekiss, M|374\/374
|switch|p2a: Tangrowth|Tangrowth, M|404\/404
|
|turn|7
|
|switch|p2a: Chansey|Chansey, F|703\/703
|move|p1a: Togekiss|Thunder Wave|p2a: Chansey
|-status|p2a: Chansey|par
|
|turn|8
|c|âj21|stall
|c|âj21|again
|
|switch|p1a: Scizor|Scizor, M|343\/343
|move|p2a: Chansey|Toxic|p1a: Scizor
|-fail|p1a: Scizor
|
|turn|9
|leave|Ugly Weirdo
|player|p2
|join|Ugly Weirdo
|player|p2|Ugly Weirdo|42
|
|switch|p2a: Skarmory|Skarmory, F|219\/333
|detailschange|p1a: Scizor|Scizor-Mega, M
|-mega|p1a: Scizor|Scizor|Scizorite
|move|p1a: Scizor|Swords Dance|p1a: Scizor
|-boost|p1a: Scizor|atk|2
|
|turn|10
|
|switch|p2a: Sableye|Sableye-Mega, M|304\/304
|move|p1a: Scizor|Knock Off|p2a: Sableye
|-damage|p2a: Sableye|191\/304
|
|turn|11
|
|move|p1a: Scizor|Bullet Punch|p2a: Sableye
|-damage|p2a: Sableye|32\/304
|move|p2a: Sableye|Will-O-Wisp|p1a: Scizor
|-status|p1a: Scizor|brn
|
|-damage|p1a: Scizor|301\/343 brn|[from] brn
|turn|12
|
|switch|p2a: Skarmory|Skarmory, F|219\/333
|move|p1a: Scizor|Knock Off|p2a: Skarmory
|-damage|p2a: Skarmory|132\/333
|-damage|p1a: Scizor|244\/343 brn|[from] item: Rocky Helmet|[of] p2a: Skarmory
|-enditem|p2a: Skarmory|Rocky Helmet|[from] move: Knock Off|[of] p1a: Scizor
|
|-damage|p1a: Scizor|202\/343 brn|[from] brn
|turn|13
|
|switch|p1a: Togekiss|Togekiss, M|374\/374
|move|p2a: Skarmory|Roost|p2a: Skarmory
|-heal|p2a: Skarmory|299\/333
|
|turn|14
|
|switch|p2a: Chansey|Chansey, F|703\/703
|move|p1a: Togekiss|Heal Bell|p1a: Togekiss
|-cureteam|p1a: Togekiss|[from] move: HealBell
|
|turn|15
|
|move|p1a: Togekiss|Thunder Wave|p2a: Chansey
|-status|p2a: Chansey|par
|move|p2a: Chansey|Seismic Toss|p1a: Togekiss
|-damage|p1a: Togekiss|274\/374
|
|-heal|p1a: Togekiss|297\/374|[from] item: Leftovers
|turn|16
|
|switch|p1a: Scizor|Scizor-Mega, M|202\/343
|move|p2a: Chansey|Seismic Toss|p1a: Scizor
|-damage|p1a: Scizor|102\/343
|
|turn|17
|
|switch|p2a: Skarmory|Skarmory, F|299\/333
|move|p1a: Scizor|Swords Dance|p1a: Scizor
|-boost|p1a: Scizor|atk|2
|
|turn|18
|
|move|p1a: Scizor|Superpower|p2a: Skarmory
|-damage|p2a: Skarmory|107\/333
|-unboost|p1a: Scizor|atk|1
|-unboost|p1a: Scizor|def|1
|move|p2a: Skarmory|Counter|p1a: Scizor
|-damage|p1a: Scizor|0 fnt
|faint|p1a: Scizor
|
|
|switch|p1a: Rotom-Wash|Rotom-Wash|304\/304
|turn|19
|
|switch|p2a: Chansey|Chansey, F|703\/703
|move|p1a: Rotom-Wash|Volt Switch|p2a: Chansey
|-damage|p2a: Chansey|649\/703
|
|switch|p1a: Dragonite|Dragonite, M|323\/323
|
|turn|20
|
|switch|p2a: Clefable|Clefable, F, shiny|394\/394
|move|p1a: Dragonite|Dragon Dance|p1a: Dragonite
|-boost|p1a: Dragonite|atk|1
|-boost|p1a: Dragonite|spe|1
|
|turn|21
|
|move|p1a: Dragonite|Earthquake|p2a: Clefable
|-damage|p2a: Clefable|283\/394
|move|p2a: Clefable|Moonblast|p1a: Dragonite
|-supereffective|p1a: Dragonite
|-damage|p1a: Dragonite|212\/323
|
|-heal|p2a: Clefable|307\/394|[from] item: Leftovers
|turn|22
|
|switch|p1a: Togekiss|Togekiss, M|297\/374
|move|p2a: Clefable|Moonblast|p1a: Togekiss
|-damage|p1a: Togekiss|231\/374
|-unboost|p1a: Togekiss|spa|1
|
|-heal|p1a: Togekiss|254\/374|[from] item: Leftovers
|-heal|p2a: Clefable|331\/394|[from] item: Leftovers
|turn|23
|
|switch|p2a: Sableye|Sableye-Mega, M|32\/304
|move|p1a: Togekiss|Thunder Wave|p2a: Sableye
|move|p2a: Sableye|Thunder Wave|p1a: Togekiss|[from]Magic Bounce
|-status|p1a: Togekiss|par
|
|-heal|p1a: Togekiss|277\/374 par|[from] item: Leftovers
|turn|24
|
|switch|p2a: Chansey|Chansey, F|649\/703
|move|p1a: Togekiss|Air Slash|p2a: Chansey
|-damage|p2a: Chansey|601\/703
|
|-heal|p1a: Togekiss|300\/374 par|[from] item: Leftovers
|turn|25
|
|move|p2a: Chansey|Seismic Toss|p1a: Togekiss
|-damage|p1a: Togekiss|200\/374 par
|move|p1a: Togekiss|Heal Bell|p1a: Togekiss
|-cureteam|p1a: Togekiss|[from] move: HealBell
|
|-heal|p1a: Togekiss|223\/374|[from] item: Leftovers
|turn|26
|
|switch|p1a: Rotom-Wash|Rotom-Wash|304\/304
|move|p2a: Chansey|Toxic|p1a: Rotom-Wash
|-status|p1a: Rotom-Wash|tox
|
|-damage|p1a: Rotom-Wash|285\/304 tox|[from] psn
|turn|27
|
|switch|p2a: Skarmory|Skarmory, F|107\/333
|move|p1a: Rotom-Wash|Will-O-Wisp|p2a: Skarmory
|-status|p2a: Skarmory|brn
|
|-heal|p1a: Rotom-Wash|304\/304 tox|[from] item: Leftovers
|-damage|p1a: Rotom-Wash|266\/304 tox|[from] psn
|-damage|p2a: Skarmory|66\/333 brn|[from] brn
|turn|28
|
|switch|p2a: Tangrowth|Tangrowth, M|404\/404
|move|p1a: Rotom-Wash|Volt Switch|p2a: Tangrowth
|-crit|p2a: Tangrowth
|-resisted|p2a: Tangrowth
|-damage|p2a: Tangrowth|350\/404
|
|switch|p1a: Togekiss|Togekiss, M|223\/374
|
|-heal|p1a: Togekiss|246\/374|[from] item: Leftovers
|turn|29
|
|move|p1a: Togekiss|Heal Bell|p1a: Togekiss
|-cureteam|p1a: Togekiss|[from] move: HealBell
|move|p2a: Tangrowth|Knock Off|p1a: Togekiss
|-resisted|p1a: Togekiss
|-damage|p1a: Togekiss|209\/374
|-enditem|p1a: Togekiss|Leftovers|[from] move: Knock Off|[of] p2a: Tangrowth
|
|turn|30
|
|switch|p2a: Chansey|Chansey, F|601\/703
|move|p1a: Togekiss|Air Slash|p2a: Chansey
|-damage|p2a: Chansey|532\/703
|
|turn|31
|
|switch|p1a: Rotom-Wash|Rotom-Wash|266\/304
|move|p2a: Chansey|Toxic|p1a: Rotom-Wash
|-status|p1a: Rotom-Wash|tox
|
|-heal|p1a: Rotom-Wash|285\/304 tox|[from] item: Leftovers
|-damage|p1a: Rotom-Wash|266\/304 tox|[from] psn
|turn|32
|
|move|p1a: Rotom-Wash|Will-O-Wisp|p2a: Chansey
|-status|p2a: Chansey|brn
|move|p2a: Chansey|Seismic Toss|p1a: Rotom-Wash
|-damage|p1a: Rotom-Wash|166\/304 tox
|
|-heal|p1a: Rotom-Wash|185\/304 tox|[from] item: Leftovers
|-damage|p1a: Rotom-Wash|147\/304 tox|[from] psn
|-damage|p2a: Chansey|445\/703 brn|[from] brn
|turn|33
|
|move|p1a: Rotom-Wash|Pain Split|p2a: Chansey
|-sethp|p2a: Chansey|296\/703 brn|p1a: Rotom-Wash|296\/304 tox|[from] move: Pain Split
|move|p2a: Chansey|Heal Bell|p2a: Chansey
|-cureteam|p2a: Chansey|[from] move: HealBell
|
|-heal|p1a: Rotom-Wash|304\/304 tox|[from] item: Leftovers
|-damage|p1a: Rotom-Wash|247\/304 tox|[from] psn
|turn|34
|
|move|p1a: Rotom-Wash|Will-O-Wisp|p2a: Chansey
|-status|p2a: Chansey|brn
|move|p2a: Chansey|Soft-Boiled|p2a: Chansey
|-heal|p2a: Chansey|648\/703 brn
|
|-heal|p1a: Rotom-Wash|266\/304 tox|[from] item: Leftovers
|-damage|p1a: Rotom-Wash|190\/304 tox|[from] psn
|-damage|p2a: Chansey|561\/703 brn|[from] brn
|turn|35
|
|switch|p2a: Alomomola|Alomomola, F, shiny|329\/497
|move|p1a: Rotom-Wash|Pain Split|p2a: Alomomola
|-sethp|p2a: Alomomola|259\/497|p1a: Rotom-Wash|259\/304 tox|[from] move: Pain Split
|
|-heal|p1a: Rotom-Wash|278\/304 tox|[from] item: Leftovers
|-heal|p2a: Alomomola|290\/497|[from] item: Leftovers
|-damage|p1a: Rotom-Wash|183\/304 tox|[from] psn
|turn|36
|
|move|p2a: Alomomola|Protect|p2a: Alomomola
|-singleturn|p2a: Alomomola|Protect
|move|p1a: Rotom-Wash|Will-O-Wisp|p2a: Alomomola
|-activate|p2a: Alomomola|Protect
|
|-heal|p1a: Rotom-Wash|202\/304 tox|[from] item: Leftovers
|-heal|p2a: Alomomola|321\/497|[from] item: Leftovers
|-damage|p1a: Rotom-Wash|88\/304 tox|[from] psn
|turn|37
|
|move|p1a: Rotom-Wash|Pain Split|p2a: Alomomola
|-sethp|p2a: Alomomola|204\/497|p1a: Rotom-Wash|204\/304 tox|[from] move: Pain Split
|move|p2a: Alomomola|Mirror Coat|p1a: Rotom-Wash
|-fail|p1a: Rotom-Wash
|
|-heal|p1a: Rotom-Wash|223\/304 tox|[from] item: Leftovers
|-heal|p2a: Alomomola|235\/497|[from] item: Leftovers
|-damage|p1a: Rotom-Wash|90\/304 tox|[from] psn
|turn|38
|
|switch|p1a: Togekiss|Togekiss, M|209\/374
|move|p2a: Alomomola|Protect|p2a: Alomomola
|-fail|p2a: Alomomola
|
|-heal|p2a: Alomomola|266\/497|[from] item: Leftovers
|turn|39
|
|move|p1a: Togekiss|Heal Bell|p1a: Togekiss
|-cureteam|p1a: Togekiss|[from] move: HealBell
|move|p2a: Alomomola|Wish|p2a: Alomomola
|
|-heal|p2a: Alomomola|297\/497|[from] item: Leftovers
|turn|40
|
|switch|p2a: Sableye|Sableye-Mega, M|32\/304
|move|p1a: Togekiss|Air Slash|p2a: Sableye
|-damage|p2a: Sableye|0 fnt
|faint|p2a: Sableye
|
|
|switch|p2a: Alomomola|Alomomola, F, shiny|462\/497
|turn|41
|
|move|p1a: Togekiss|Thunder Wave|p2a: Alomomola
|-status|p2a: Alomomola|par
|move|p2a: Alomomola|Scald|p1a: Togekiss
|-damage|p1a: Togekiss|181\/374
|-status|p1a: Togekiss|brn
|
|-heal|p2a: Alomomola|493\/497 par|[from] item: Leftovers
|-damage|p1a: Togekiss|135\/374 brn|[from] brn
|turn|42
|
|move|p1a: Togekiss|Heal Bell|p1a: Togekiss
|-cureteam|p1a: Togekiss|[from] move: HealBell
|move|p2a: Alomomola|Scald|p1a: Togekiss
|-damage|p1a: Togekiss|107\/374
|-status|p1a: Togekiss|brn
|
|-heal|p2a: Alomomola|497\/497 par|[from] item: Leftovers
|-damage|p1a: Togekiss|61\/374 brn|[from] brn
|turn|43
|
|move|p1a: Togekiss|Heal Bell|p1a: Togekiss
|-cureteam|p1a: Togekiss|[from] move: HealBell
|move|p2a: Alomomola|Scald|p1a: Togekiss
|-damage|p1a: Togekiss|28\/374
|
|turn|44
|
|move|p1a: Togekiss|Air Slash|p2a: Alomomola
|-damage|p2a: Alomomola|361\/497 par
|cant|p2a: Alomomola|par
|
|-heal|p2a: Alomomola|392\/497 par|[from] item: Leftovers
|turn|45
|
|move|p2a: Alomomola|Protect|p2a: Alomomola
|-singleturn|p2a: Alomomola|Protect
|move|p1a: Togekiss|Air Slash|p2a: Alomomola
|-activate|p2a: Alomomola|Protect
|
|-heal|p2a: Alomomola|423\/497 par|[from] item: Leftovers
|turn|46
|
|move|p1a: Togekiss|Air Slash|p2a: Alomomola
|-damage|p2a: Alomomola|285\/497 par
|cant|p2a: Alomomola|flinch
|
|-heal|p2a: Alomomola|316\/497 par|[from] item: Leftovers
|turn|47
|
|move|p1a: Togekiss|Air Slash|p2a: Alomomola
|-damage|p2a: Alomomola|171\/497 par
|move|p2a: Alomomola|Mirror Coat|p1a: Togekiss
|-damage|p1a: Togekiss|0 fnt
|faint|p1a: Togekiss
|
|-heal|p2a: Alomomola|202\/497 par|[from] item: Leftovers
|
|switch|p1a: Rotom-Wash|Rotom-Wash|90\/304
|turn|48
|
|switch|p2a: Tangrowth|Tangrowth, M|404\/404
|move|p1a: Rotom-Wash|Volt Switch|p2a: Tangrowth
|-resisted|p2a: Tangrowth
|-damage|p2a: Tangrowth|368\/404
|
|switch|p1a: Dragonite|Dragonite, M|212\/323
|
|turn|49
|
|move|p1a: Dragonite|Dragon Dance|p1a: Dragonite
|-boost|p1a: Dragonite|atk|1
|-boost|p1a: Dragonite|spe|1
|move|p2a: Tangrowth|Hidden Power|p1a: Dragonite
|-supereffective|p1a: Dragonite
|-damage|p1a: Dragonite|20\/323
|
|turn|50
|
|switch|p2a: Skarmory|Skarmory, F|66\/333
|move|p1a: Dragonite|Outrage|p2a: Skarmory
|-resisted|p2a: Skarmory
|-damage|p2a: Skarmory|0 fnt
|faint|p2a: Skarmory
|
|
|switch|p2a: Clefable|Clefable, F, shiny|331\/394
|turn|51
|
|move|p1a: Dragonite|Outrage|p2a: Clefable
|-immune|p2a: Clefable|[msg]
|move|p2a: Clefable|Moonblast|p1a: Dragonite
|-supereffective|p1a: Dragonite
|-damage|p1a: Dragonite|0 fnt
|faint|p1a: Dragonite
|
|-heal|p2a: Clefable|355\/394|[from] item: Leftovers
|
|switch|p1a: Breloom|Breloom, M|262\/262
|turn|52
|
|move|p1a: Breloom|Rock Tomb|p2a: Clefable
|-damage|p2a: Clefable|264\/394
|-unboost|p2a: Clefable|spe|1
|move|p2a: Clefable|Moonblast|p1a: Breloom
|-supereffective|p1a: Breloom
|-enditem|p1a: Breloom|Focus Sash
|-damage|p1a: Breloom|1\/262
|
|-heal|p2a: Clefable|288\/394|[from] item: Leftovers
|turn|53
|
|switch|p2a: Tangrowth|Tangrowth, M|404\/404
|move|p1a: Breloom|Spore|p2a: Tangrowth
|-fail|p2a: Tangrowth
|
|turn|54
|
|move|p1a: Breloom|Rock Tomb|p2a: Tangrowth
|-damage|p2a: Tangrowth|328\/404
|-unboost|p2a: Tangrowth|spe|1
|move|p2a: Tangrowth|Knock Off|p1a: Breloom
|-resisted|p1a: Breloom
|-damage|p1a: Breloom|0 fnt
|faint|p1a: Breloom
|
|
|switch|p1a: Rotom-Wash|Rotom-Wash|90\/304
|turn|55
|
|move|p1a: Rotom-Wash|Pain Split|p2a: Tangrowth
|-sethp|p2a: Tangrowth|209\/404|p1a: Rotom-Wash|209\/304|[from] move: Pain Split
|move|p2a: Tangrowth|Giga Drain|p1a: Rotom-Wash
|-supereffective|p1a: Rotom-Wash
|-damage|p1a: Rotom-Wash|77\/304
|-heal|p2a: Tangrowth|275\/404|[from] drain|[of] p1a: Rotom-Wash
|
|-heal|p1a: Rotom-Wash|96\/304|[from] item: Leftovers
|turn|56
|
|move|p1a: Rotom-Wash|Pain Split|p2a: Tangrowth
|-sethp|p2a: Tangrowth|185\/404|p1a: Rotom-Wash|185\/304|[from] move: Pain Split
|move|p2a: Tangrowth|Giga Drain|p1a: Rotom-Wash
|-crit|p1a: Rotom-Wash
|-supereffective|p1a: Rotom-Wash
|-damage|p1a: Rotom-Wash|0 fnt
|-heal|p2a: Tangrowth|278\/404|[from] drain|[of] p1a: Rotom-Wash
|faint|p1a: Rotom-Wash
|
|win|Ugly Weirdo
|raw|Ladder updating...
|raw|j21's rating: 1620 &rarr; <strong>1596<\/strong><br \/>(-24 for losing)
|raw|Ugly Weirdo's rating: 1551 &rarr; <strong>1575<\/strong><br \/>(+24 for winning)
|c|âUgly Weirdo|Gg