|join|Ugly Weirdo
|join|waterfire555
|c|âwaterfire555|HI
|player|p1|Ugly Weirdo|42
|player|p2|waterfire555|170
|gametype|singles
|gen|6
|tier|OU (suspect test)
|rated
|clearpoke
|poke|p1|Sableye, F
|poke|p1|Tangrowth, F
|poke|p1|Skarmory, M
|poke|p1|Chansey, F
|poke|p1|Clefable, M, shiny
|poke|p1|Alomomola, M, shiny
|poke|p2|Gallade, M
|poke|p2|Scolipede, F
|poke|p2|Ferrothorn, F
|poke|p2|Keldeo
|poke|p2|Blastoise, F
|poke|p2|Thundurus, M
|rule|Swagger Clause: Swagger is banned
|rule|Baton Pass Clause: Limit one PokÃ©mon knowing Baton Pass
|rule|Sleep Clause Mod: Limit one foe put to sleep
|rule|Species Clause: Limit one of each PokÃ©mon
|rule|OHKO Clause: OHKO moves are banned
|rule|Moody Clause: Moody is banned
|rule|Evasion Moves Clause: Evasion moves are banned
|rule|Endless Battle Clause: Forcing endless battles is banned
|rule|HP Percentage Mod: HP is shown in percentages
|teampreview
|c|âUgly Weirdo|Gl hf
|c|âwaterfire555|ur good
|c|âwaterfire555|8 and 1
|
|start
|switch|p1a: Sableye|Sableye, F|304\/304
|switch|p2a: Thundurus|Thundurus, M|300\/300
|turn|1
|c|âUgly Weirdo|8 and 1 what?
|
|detailschange|p1a: Sableye|Sableye-Mega, F
|-mega|p1a: Sableye|Sableye|Sablenite
|move|p1a: Sableye|Calm Mind|p1a: Sableye
|-boost|p1a: Sableye|spa|1
|-boost|p1a: Sableye|spd|1
|move|p2a: Thundurus|Thunderbolt|p1a: Sableye
|-damage|p1a: Sableye|204\/304
|
|turn|2
|c|âwaterfire555|u have 8 wins 1 lose
|
|move|p2a: Thundurus|Nasty Plot|p2a: Thundurus
|-boost|p2a: Thundurus|spa|2
|move|p1a: Sableye|Recover|p1a: Sableye
|-heal|p1a: Sableye|304\/304
|
|turn|3
|
|switch|p1a: Chansey|Chansey, F|703\/703
|move|p2a: Thundurus|Thunderbolt|p1a: Chansey
|-damage|p1a: Chansey|492\/703
|
|turn|4
|
|switch|p2a: Keldeo|Keldeo|324\/324
|move|p1a: Chansey|Seismic Toss|p2a: Keldeo
|-damage|p2a: Keldeo|224\/324
|
|turn|5
|
|switch|p1a: Tangrowth|Tangrowth, F|404\/404
|move|p2a: Keldeo|Secret Sword|p1a: Tangrowth
|-damage|p1a: Tangrowth|248\/404
|
|turn|6
|
|switch|p2a: Ferrothorn|Ferrothorn, F|352\/352
|move|p1a: Tangrowth|Giga Drain|p2a: Ferrothorn
|-resisted|p2a: Ferrothorn
|-damage|p2a: Ferrothorn|333\/352
|-heal|p1a: Tangrowth|258\/404|[from] drain|[of] p2a: Ferrothorn
|
|-heal|p2a: Ferrothorn|352\/352|[from] item: Leftovers
|turn|7
|
|switch|p1a: Sableye|Sableye-Mega, F|304\/304
|move|p2a: Ferrothorn|Spikes|p1a: Sableye
|move|p1a: Sableye|Spikes|p2a: Ferrothorn|[from]Magic Bounce
|-sidestart|p2: waterfire555|Spikes
|
|turn|8
|c|âwaterfire555|lol
|c|âwaterfire555|i forgot
|
|switch|p2a: Thundurus|Thundurus, M|300\/300
|move|p1a: Sableye|Will-O-Wisp|p2a: Thundurus
|-status|p2a: Thundurus|brn
|
|-damage|p2a: Thundurus|263\/300 brn|[from] brn
|turn|9
|c|âUgly Weirdo|I didn't event know how to check that, maybe I'm not so good lol
|
|move|p2a: Thundurus|Thunderbolt|p1a: Sableye
|-damage|p1a: Sableye|169\/304
|move|p1a: Sableye|Shadow Ball|p2a: Thundurus
|-damage|p2a: Thundurus|158\/300 brn
|-unboost|p2a: Thundurus|spd|1
|
|-heal|p2a: Thundurus|176\/300 brn|[from] item: Leftovers
|-damage|p2a: Thundurus|139\/300 brn|[from] brn
|turn|10
|c|âwaterfire555|do .\/ranking (name)
|c|âUgly Weirdo|oh k, ty
|
|switch|p2a: Keldeo|Keldeo|224\/324
|-damage|p2a: Keldeo|184\/324|[from] Spikes
|switch|p1a: Chansey|Chansey, F|492\/703
|
|turn|11
|
|switch|p1a: Alomomola|Alomomola, M, shiny|497\/497
|move|p2a: Keldeo|Icy Wind|p1a: Alomomola
|-miss|p2a: Keldeo|p1a: Alomomola
|
|turn|12
|
|switch|p2a: Blastoise|Blastoise, F|362\/362
|-damage|p2a: Blastoise|317\/362|[from] Spikes
|move|p1a: Alomomola|Mirror Coat|p2a: Blastoise
|-fail|p2a: Blastoise
|
|-heal|p2a: Blastoise|339\/362|[from] item: Leftovers
|turn|13
|c|âwaterfire555|ur team is bulky
|
|switch|p1a: Sableye|Sableye-Mega, F|169\/304
|move|p2a: Blastoise|Rapid Spin|p1a: Sableye
|-immune|p1a: Sableye|[msg]
|
|-heal|p2a: Blastoise|361\/362|[from] item: Leftovers
|turn|14
|
|switch|p1a: Tangrowth|Tangrowth, F|392\/404
|move|p2a: Blastoise|Scald|p1a: Tangrowth
|-resisted|p1a: Tangrowth
|-damage|p1a: Tangrowth|358\/404
|-status|p1a: Tangrowth|brn
|
|-heal|p2a: Blastoise|362\/362|[from] item: Leftovers
|-damage|p1a: Tangrowth|308\/404 brn|[from] brn
|turn|15
|c|âwaterfire555|im trying 2 build a team
|c|âUgly Weirdo|This one seems pretty good
|
|switch|p2a: Ferrothorn|Ferrothorn, F|352\/352
|-damage|p2a: Ferrothorn|308\/352|[from] Spikes
|switch|p1a: Sableye|Sableye-Mega, F|169\/304
|
|-heal|p2a: Ferrothorn|330\/352|[from] item: Leftovers
|turn|16
|c|âwaterfire555|its just for passing baton pass
|
|move|p1a: Sableye|Will-O-Wisp|p2a: Ferrothorn
|-status|p2a: Ferrothorn|brn
|move|p2a: Ferrothorn|Gyro Ball|p1a: Sableye
|-damage|p1a: Sableye|151\/304
|
|-heal|p2a: Ferrothorn|352\/352 brn|[from] item: Leftovers
|-damage|p2a: Ferrothorn|308\/352 brn|[from] brn
|turn|17
|
|switch|p2a: Keldeo|Keldeo|184\/324
|-damage|p2a: Keldeo|144\/324|[from] Spikes
|move|p1a: Sableye|Will-O-Wisp|p2a: Keldeo
|-status|p2a: Keldeo|brn
|
|-damage|p2a: Keldeo|104\/324 brn|[from] brn
|turn|18
|c|âwaterfire555|iv one 3 in a row i think im losing this 1
|
|switch|p1a: Chansey|Chansey, F|492\/703
|move|p2a: Keldeo|Hydro Pump|p1a: Chansey
|-damage|p1a: Chansey|305\/703
|
|-damage|p2a: Keldeo|64\/324 brn|[from] brn
|turn|19
|
|switch|p1a: Sableye|Sableye-Mega, F|151\/304
|move|p2a: Keldeo|Hydro Pump|p1a: Sableye
|-damage|p1a: Sableye|0 fnt
|faint|p1a: Sableye
|
|-damage|p2a: Keldeo|24\/324 brn|[from] brn
|c|âwaterfire555|im just yolo i cant wi
|c|âwaterfire555|he he now iv got a chance
|
|switch|p1a: Alomomola|Alomomola, M, shiny|497\/497
|turn|20
|c|âUgly Weirdo|More than one i think
|
|switch|p2a: Blastoise|Blastoise, F|362\/362
|-damage|p2a: Blastoise|317\/362|[from] Spikes
|move|p1a: Alomomola|Protect|p1a: Alomomola
|-fail|p1a: Alomomola
|
|-heal|p2a: Blastoise|339\/362|[from] item: Leftovers
|turn|21
|
|move|p2a: Blastoise|Rapid Spin|p1a: Alomomola
|-damage|p1a: Alomomola|486\/497
|-sideend|p2: waterfire555|Spikes|[from] move: Rapid Spin|[of] p2a: Blastoise
|move|p1a: Alomomola|Wish|p1a: Alomomola
|
|-heal|p2a: Blastoise|361\/362|[from] item: Leftovers
|-heal|p1a: Alomomola|497\/497|[from] item: Leftovers
|turn|22
|
|switch|p1a: Chansey|Chansey, F|305\/703
|move|p2a: Blastoise|Scald|p1a: Chansey
|-crit|p1a: Chansey
|-damage|p1a: Chansey|226\/703
|
|-heal|p1a: Chansey|474\/703|[from] move: Wish|[wisher] Alomomola
|-heal|p2a: Blastoise|362\/362|[from] item: Leftovers
|turn|23
|c|âwaterfire555|u burned half my team...
|c|âwaterfire555|HALF
|
|switch|p2a: Ferrothorn|Ferrothorn, F|308\/352 brn
|move|p1a: Chansey|Heal Bell|p1a: Chansey
|-cureteam|p1a: Chansey|[from] move: HealBell
|
|-heal|p2a: Ferrothorn|330\/352 brn|[from] item: Leftovers
|-damage|p2a: Ferrothorn|286\/352 brn|[from] brn
|turn|24
|c|âwaterfire555|what is a good special wall
|
|switch|p1a: Tangrowth|Tangrowth, F|404\/404
|move|p2a: Ferrothorn|Spikes|p1a: Tangrowth
|-sidestart|p1: Ugly Weirdo|Spikes
|
|-heal|p2a: Ferrothorn|308\/352 brn|[from] item: Leftovers
|-damage|p2a: Ferrothorn|264\/352 brn|[from] brn
|turn|25
|
|move|p1a: Tangrowth|Hidden Power|p2a: Ferrothorn
|-damage|p2a: Ferrothorn|222\/352 brn
|move|p2a: Ferrothorn|Spikes|p1a: Tangrowth
|-sidestart|p1: Ugly Weirdo|Spikes
|
|-heal|p2a: Ferrothorn|244\/352 brn|[from] item: Leftovers
|-damage|p2a: Ferrothorn|200\/352 brn|[from] brn
|turn|26
|c|âUgly Weirdo|Chansey, heatran, cresselia, sylveon
|c|âUgly Weirdo|empoleon, tentacruel, clefable
|c|âwaterfire555|empoleon will do
|
|move|p1a: Tangrowth|Earthquake|p2a: Ferrothorn
|-damage|p2a: Ferrothorn|156\/352 brn
|move|p2a: Ferrothorn|Spikes|p1a: Tangrowth
|-sidestart|p1: Ugly Weirdo|Spikes
|
|-heal|p2a: Ferrothorn|178\/352 brn|[from] item: Leftovers
|-damage|p2a: Ferrothorn|134\/352 brn|[from] brn
|turn|27
|
|move|p1a: Tangrowth|Hidden Power|p2a: Ferrothorn
|-damage|p2a: Ferrothorn|90\/352 brn
|move|p2a: Ferrothorn|Gyro Ball|p1a: Tangrowth
|-damage|p1a: Tangrowth|370\/404
|
|-heal|p2a: Ferrothorn|112\/352 brn|[from] item: Leftovers
|-damage|p2a: Ferrothorn|68\/352 brn|[from] brn
|turn|28
|
|switch|p1a: Skarmory|Skarmory, M|333\/333
|switch|p2a: Scolipede|Scolipede, F|262\/262
|
|turn|29
|c|âwaterfire555|what hp r u
|
|move|p2a: Scolipede|Substitute|p2a: Scolipede
|-start|p2a: Scolipede|Substitute
|-damage|p2a: Scolipede|197\/262
|move|p1a: Skarmory|Defog|p2a: Scolipede
|-sideend|p1: Ugly Weirdo|Spikes|[from] move: Defog|[of] p1a: Skarmory
|
|-heal|p2a: Scolipede|213\/262|[from] item: Leftovers
|-boost|p2a: Scolipede|spe|1|[from] ability: Speed Boost
|turn|30
|
|move|p2a: Scolipede|Swords Dance|p2a: Scolipede
|-boost|p2a: Scolipede|atk|2
|move|p1a: Skarmory|Stealth Rock|p2a: Scolipede
|-sidestart|p2: waterfire555|move: Stealth Rock
|
|-heal|p2a: Scolipede|229\/262|[from] item: Leftovers
|-boost|p2a: Scolipede|spe|1|[from] ability: Speed Boost
|turn|31
|c|âwaterfire555|HALF MY mons r burned...
|c|âwaterfire555|now  u brave bird
|
|switch|p1a: Tangrowth|Tangrowth, F|404\/404
|move|p2a: Scolipede|Baton Pass|p2a: Scolipede
|
|switch|p2a: Gallade|Gallade, M|278\/278
|-damage|p2a: Gallade|261\/278|[from] Stealth Rock
|
|turn|32
|
|switch|p1a: Alomomola|Alomomola, M, shiny|497\/497
|move|p2a: Gallade|Ice Punch|p1a: Alomomola
|-resisted|p1a: Alomomola
|-damage|p1a: Alomomola|419\/497
|-status|p1a: Alomomola|frz
|
|-heal|p1a: Alomomola|450\/497 frz|[from] item: Leftovers
|turn|33
|c|âwaterfire555|O.o
|c|âwaterfire555|ur gonna thaw right away
|
|detailschange|p2a: Gallade|Gallade-Mega, M
|-mega|p2a: Gallade|Gallade|Galladite
|move|p2a: Gallade|Knock Off|p1a: Alomomola
|-damage|p1a: Alomomola|189\/497 frz
|-enditem|p1a: Alomomola|Leftovers|[from] move: Knock Off|[of] p2a: Gallade
|-curestatus|p1a: Alomomola|frz
|move|p1a: Alomomola|Scald|p2a: Gallade
|-activate|p2a: Gallade|Substitute|[damage]
|
|turn|34
|c|âwaterfire555|u has scald
|
|move|p1a: Alomomola|Protect|p1a: Alomomola
|-singleturn|p1a: Alomomola|Protect
|move|p2a: Gallade|Close Combat|p1a: Alomomola
|-activate|p1a: Alomomola|Protect
|
|turn|35
|
|switch|p1a: Tangrowth|Tangrowth, F|404\/404
|move|p2a: Gallade|Close Combat|p1a: Tangrowth
|-damage|p1a: Tangrowth|0 fnt
|-unboost|p2a: Gallade|def|1
|-unboost|p2a: Gallade|spd|1
|faint|p1a: Tangrowth
|
|c|âwaterfire555|bopped
|
|switch|p1a: Clefable|Clefable, M, shiny|394\/394
|turn|36
|
|move|p2a: Gallade|Psycho Cut|p1a: Clefable
|-damage|p1a: Clefable|111\/394
|move|p1a: Clefable|Moonblast|p2a: Gallade
|-supereffective|p2a: Gallade
|-end|p2a: Gallade|Substitute
|
|-heal|p1a: Clefable|135\/394|[from] item: Leftovers
|turn|37
|
|move|p2a: Gallade|Psycho Cut|p1a: Clefable
|-damage|p1a: Clefable|0 fnt
|faint|p1a: Clefable
|
|
|switch|p1a: Skarmory|Skarmory, M|333\/333
|turn|38
|c|âUgly Weirdo|Nothing I can do here
|
|move|p2a: Gallade|Close Combat|p1a: Skarmory
|-damage|p1a: Skarmory|42\/333
|-damage|p2a: Gallade|215\/278|[from] item: Rocky Helmet|[of] p1a: Skarmory
|-unboost|p2a: Gallade|def|1
|-unboost|p2a: Gallade|spd|1
|move|p1a: Skarmory|Counter|p2a: Gallade
|-damage|p2a: Gallade|0 fnt
|faint|p2a: Gallade
|
|c|âwaterfire555|ur 8 and 1 u can win
|
|switch|p2a: Thundurus|Thundurus, M|139\/300 brn
|-damage|p2a: Thundurus|64\/300 brn|[from] Stealth Rock
|turn|39
|c|âwaterfire555|and u burn half my team
|
|switch|p1a: Chansey|Chansey, F|474\/703
|move|p2a: Thundurus|Thunderbolt|p1a: Chansey
|-damage|p1a: Chansey|374\/703
|-status|p1a: Chansey|par
|
|-heal|p2a: Thundurus|82\/300 brn|[from] item: Leftovers
|-damage|p2a: Thundurus|45\/300 brn|[from] brn
|turn|40
|c|âwaterfire555|i think u may win
|
|switch|p2a: Ferrothorn|Ferrothorn, F|68\/352 brn
|-damage|p2a: Ferrothorn|46\/352 brn|[from] Stealth Rock
|cant|p1a: Chansey|par
|
|-heal|p2a: Ferrothorn|68\/352 brn|[from] item: Leftovers
|-damage|p2a: Ferrothorn|24\/352 brn|[from] brn
|turn|41
|
|switch|p1a: Skarmory|Skarmory, M|42\/333
|move|p2a: Ferrothorn|Leech Seed|p1a: Skarmory
|-start|p1a: Skarmory|move: Leech Seed
|
|-heal|p2a: Ferrothorn|46\/352 brn|[from] item: Leftovers
|-damage|p1a: Skarmory|1\/333|[from] Leech Seed|[of] p2a: Ferrothorn
|-heal|p2a: Ferrothorn|87\/352 brn|[silent]
|-damage|p2a: Ferrothorn|43\/352 brn|[from] brn
|turn|42
|c|âUgly Weirdo|Let's see. Anyway, great battle
|c|âwaterfire555|yep
|
|move|p2a: Ferrothorn|Protect|p2a: Ferrothorn
|-singleturn|p2a: Ferrothorn|Protect
|move|p1a: Skarmory|Roost|p1a: Skarmory
|-heal|p1a: Skarmory|168\/333
|
|-heal|p2a: Ferrothorn|65\/352 brn|[from] item: Leftovers
|-damage|p1a: Skarmory|127\/333|[from] Leech Seed|[of] p2a: Ferrothorn
|-heal|p2a: Ferrothorn|106\/352 brn|[silent]
|-damage|p2a: Ferrothorn|62\/352 brn|[from] brn
|turn|43
|c|âwaterfire555|ur giving me mor hp
|
|switch|p1a: Alomomola|Alomomola, M, shiny|354\/497
|move|p2a: Ferrothorn|Spikes|p1a: Alomomola
|-sidestart|p1: Ugly Weirdo|Spikes
|
|-heal|p2a: Ferrothorn|84\/352 brn|[from] item: Leftovers
|-damage|p2a: Ferrothorn|40\/352 brn|[from] brn
|turn|44
|
|move|p1a: Alomomola|Scald|p2a: Ferrothorn
|-resisted|p2a: Ferrothorn
|-damage|p2a: Ferrothorn|20\/352 brn
|move|p2a: Ferrothorn|Leech Seed|p1a: Alomomola
|-start|p1a: Alomomola|move: Leech Seed
|
|-heal|p2a: Ferrothorn|42\/352 brn|[from] item: Leftovers
|-damage|p1a: Alomomola|292\/497|[from] Leech Seed|[of] p2a: Ferrothorn
|-heal|p2a: Ferrothorn|104\/352 brn|[silent]
|-damage|p2a: Ferrothorn|60\/352 brn|[from] brn
|turn|45
|
|switch|p1a: Skarmory|Skarmory, M|127\/333
|move|p2a: Ferrothorn|Leech Seed|p1a: Skarmory
|-start|p1a: Skarmory|move: Leech Seed
|
|-heal|p2a: Ferrothorn|82\/352 brn|[from] item: Leftovers
|-damage|p1a: Skarmory|86\/333|[from] Leech Seed|[of] p2a: Ferrothorn
|-heal|p2a: Ferrothorn|123\/352 brn|[silent]
|-damage|p2a: Ferrothorn|79\/352 brn|[from] brn
|turn|46
|c|âwaterfire555|:D
|
|move|p1a: Skarmory|Roost|p1a: Skarmory
|-heal|p1a: Skarmory|253\/333
|move|p2a: Ferrothorn|Spikes|p1a: Skarmory
|-sidestart|p1: Ugly Weirdo|Spikes
|
|-heal|p2a: Ferrothorn|101\/352 brn|[from] item: Leftovers
|-damage|p1a: Skarmory|212\/333|[from] Leech Seed|[of] p2a: Ferrothorn
|-heal|p2a: Ferrothorn|142\/352 brn|[silent]
|-damage|p2a: Ferrothorn|98\/352 brn|[from] brn
|turn|47
|c|âwaterfire555|ur rocky helmet?
|
|switch|p1a: Alomomola|Alomomola, M, shiny|457\/497
|-damage|p1a: Alomomola|375\/497|[from] Spikes
|move|p2a: Ferrothorn|Protect|p2a: Ferrothorn
|-fail|p2a: Ferrothorn
|
|-heal|p2a: Ferrothorn|120\/352 brn|[from] item: Leftovers
|-damage|p2a: Ferrothorn|76\/352 brn|[from] brn
|turn|48
|
|move|p1a: Alomomola|Protect|p1a: Alomomola
|-singleturn|p1a: Alomomola|Protect
|move|p2a: Ferrothorn|Leech Seed|p1a: Alomomola
|-activate|p1a: Alomomola|Protect
|
|-heal|p2a: Ferrothorn|98\/352 brn|[from] item: Leftovers
|-damage|p2a: Ferrothorn|54\/352 brn|[from] brn
|turn|49
|c|âwaterfire555|though u would defog
|c|âwaterfire555|go 2 chansey :P
|c|âUgly Weirdo|Lol yeah, immediately
|
|move|p1a: Alomomola|Protect|p1a: Alomomola
|-fail|p1a: Alomomola
|move|p2a: Ferrothorn|Leech Seed|p1a: Alomomola
|-start|p1a: Alomomola|move: Leech Seed
|
|-heal|p2a: Ferrothorn|76\/352 brn|[from] item: Leftovers
|-damage|p1a: Alomomola|313\/497|[from] Leech Seed|[of] p2a: Ferrothorn
|-heal|p2a: Ferrothorn|138\/352 brn|[silent]
|-damage|p2a: Ferrothorn|94\/352 brn|[from] brn
|turn|50
|
|switch|p1a: Skarmory|Skarmory, M|212\/333
|move|p2a: Ferrothorn|Leech Seed|p1a: Skarmory
|-start|p1a: Skarmory|move: Leech Seed
|
|-heal|p2a: Ferrothorn|116\/352 brn|[from] item: Leftovers
|-damage|p1a: Skarmory|171\/333|[from] Leech Seed|[of] p2a: Ferrothorn
|-heal|p2a: Ferrothorn|157\/352 brn|[silent]
|-damage|p2a: Ferrothorn|113\/352 brn|[from] brn
|turn|51
|
|move|p1a: Skarmory|Roost|p1a: Skarmory
|-heal|p1a: Skarmory|333\/333
|move|p2a: Ferrothorn|Spikes|p1a: Skarmory
|-sidestart|p1: Ugly Weirdo|Spikes
|
|-heal|p2a: Ferrothorn|135\/352 brn|[from] item: Leftovers
|-damage|p1a: Skarmory|292\/333|[from] Leech Seed|[of] p2a: Ferrothorn
|-heal|p2a: Ferrothorn|176\/352 brn|[silent]
|-damage|p2a: Ferrothorn|132\/352 brn|[from] brn
|turn|52
|c|âwaterfire555|this battle
|c|âwaterfire555|im gonna be full hp soon
|
|move|p2a: Ferrothorn|Leech Seed|p1a: Skarmory
|-fail|p1a: Skarmory
|move|p1a: Skarmory|Counter|p2a: Ferrothorn
|-fail|p2a: Ferrothorn
|
|-heal|p2a: Ferrothorn|154\/352 brn|[from] item: Leftovers
|-damage|p1a: Skarmory|251\/333|[from] Leech Seed|[of] p2a: Ferrothorn
|-heal|p2a: Ferrothorn|195\/352 brn|[silent]
|-damage|p2a: Ferrothorn|151\/352 brn|[from] brn
|turn|53
|c|âUgly Weirdo|Ahah probably
|
|move|p1a: Skarmory|Roost|p1a: Skarmory
|-heal|p1a: Skarmory|333\/333
|move|p2a: Ferrothorn|Spikes|p1a: Skarmory
|-fail|p1a: Skarmory
|
|-heal|p2a: Ferrothorn|173\/352 brn|[from] item: Leftovers
|-damage|p1a: Skarmory|292\/333|[from] Leech Seed|[of] p2a: Ferrothorn
|-heal|p2a: Ferrothorn|214\/352 brn|[silent]
|-damage|p2a: Ferrothorn|170\/352 brn|[from] brn
|turn|54
|c|âwaterfire555|dont u have defog?
|
|move|p1a: Skarmory|Stealth Rock|p2a: Ferrothorn
|-fail|p2a: Ferrothorn
|move|p2a: Ferrothorn|Leech Seed|p1a: Skarmory|[miss]
|-miss|p2a: Ferrothorn|p1a: Skarmory
|
|-heal|p2a: Ferrothorn|192\/352 brn|[from] item: Leftovers
|-damage|p1a: Skarmory|251\/333|[from] Leech Seed|[of] p2a: Ferrothorn
|-heal|p2a: Ferrothorn|233\/352 brn|[silent]
|-damage|p2a: Ferrothorn|189\/352 brn|[from] brn
|turn|55
|
|move|p1a: Skarmory|Defog|p2a: Ferrothorn
|-unboost|p2a: Ferrothorn|evasion|1
|-sideend|p2: waterfire555|Stealth Rock|[from] move: Defog|[of] p2a: Ferrothorn
|-sideend|p1: Ugly Weirdo|Spikes|[from] move: Defog|[of] p1a: Skarmory
|move|p2a: Ferrothorn|Spikes|p1a: Skarmory
|-sidestart|p1: Ugly Weirdo|Spikes
|
|-heal|p2a: Ferrothorn|211\/352 brn|[from] item: Leftovers
|-damage|p1a: Skarmory|210\/333|[from] Leech Seed|[of] p2a: Ferrothorn
|-heal|p2a: Ferrothorn|252\/352 brn|[silent]
|-damage|p2a: Ferrothorn|208\/352 brn|[from] brn
|turn|56
|
|switch|p1a: Alomomola|Alomomola, M, shiny|478\/497
|-damage|p1a: Alomomola|416\/497|[from] Spikes
|move|p2a: Ferrothorn|Spikes|p1a: Alomomola
|-sidestart|p1: Ugly Weirdo|Spikes
|
|-heal|p2a: Ferrothorn|230\/352 brn|[from] item: Leftovers
|-damage|p2a: Ferrothorn|186\/352 brn|[from] brn
|turn|57
|c|âwaterfire555|what is this
|
|move|p1a: Alomomola|Protect|p1a: Alomomola
|-singleturn|p1a: Alomomola|Protect
|move|p2a: Ferrothorn|Spikes|p1a: Alomomola
|-sidestart|p1: Ugly Weirdo|Spikes
|
|-heal|p2a: Ferrothorn|208\/352 brn|[from] item: Leftovers
|-damage|p2a: Ferrothorn|164\/352 brn|[from] brn
|turn|58
|c|âwaterfire555|how bout we both switch?
|
|switch|p1a: Skarmory|Skarmory, M|210\/333
|move|p2a: Ferrothorn|Leech Seed|p1a: Skarmory
|-start|p1a: Skarmory|move: Leech Seed
|
|-heal|p2a: Ferrothorn|186\/352 brn|[from] item: Leftovers
|-damage|p1a: Skarmory|169\/333|[from] Leech Seed|[of] p2a: Ferrothorn
|-heal|p2a: Ferrothorn|227\/352 brn|[silent]
|-damage|p2a: Ferrothorn|183\/352 brn|[from] brn
|turn|59
|
|switch|p2a: Blastoise|Blastoise, F|362\/362
|move|p1a: Skarmory|Defog|p2a: Blastoise
|-unboost|p2a: Blastoise|evasion|1
|-sideend|p1: Ugly Weirdo|Spikes|[from] move: Defog|[of] p1a: Skarmory
|
|-damage|p1a: Skarmory|128\/333|[from] Leech Seed|[of] p2a: Blastoise
|turn|60
|
|switch|p1a: Chansey|Chansey, F|374\/703
|move|p2a: Blastoise|Ice Beam|p1a: Chansey
|-damage|p1a: Chansey|336\/703
|
|turn|61
|
|switch|p2a: Ferrothorn|Ferrothorn, F|183\/352 brn
|move|p1a: Chansey|Seismic Toss|p2a: Ferrothorn
|-damage|p2a: Ferrothorn|83\/352 brn
|-damage|p1a: Chansey|249\/703|[from] ability: Iron Barbs|[of] p2a: Ferrothorn
|
|-heal|p2a: Ferrothorn|105\/352 brn|[from] item: Leftovers
|-damage|p2a: Ferrothorn|61\/352 brn|[from] brn
|turn|62
|c|âwaterfire555|game take forever D:
|
|move|p1a: Chansey|Seismic Toss|p2a: Ferrothorn
|-damage|p2a: Ferrothorn|0 fnt
|-damage|p1a: Chansey|162\/703|[from] ability: Iron Barbs|[of] p2a: Ferrothorn
|faint|p2a: Ferrothorn
|
|
|switch|p2a: Keldeo|Keldeo|24\/324 brn
|turn|63
|c|âwaterfire555|2 bucks u go into
|c|âwaterfire555|amolda
|
|switch|p1a: Alomomola|Alomomola, M, shiny|497\/497
|move|p2a: Keldeo|Secret Sword|p1a: Alomomola
|-damage|p1a: Alomomola|296\/497
|
|-damage|p2a: Keldeo|0 fnt|[from] brn
|faint|p2a: Keldeo
|
|switch|p2a: Thundurus|Thundurus, M|45\/300 brn
|turn|64
|
|move|p1a: Alomomola|Protect|p1a: Alomomola
|-singleturn|p1a: Alomomola|Protect
|move|p2a: Thundurus|Thunderbolt|p1a: Alomomola
|-activate|p1a: Alomomola|Protect
|
|-heal|p2a: Thundurus|63\/300 brn|[from] item: Leftovers
|-damage|p2a: Thundurus|26\/300 brn|[from] brn
|turn|65
|
|switch|p1a: Chansey|Chansey, F|162\/703
|move|p2a: Thundurus|Thunderbolt|p1a: Chansey
|-damage|p1a: Chansey|63\/703
|
|-heal|p2a: Thundurus|44\/300 brn|[from] item: Leftovers
|-damage|p2a: Thundurus|7\/300 brn|[from] brn
|turn|66
|c|âwaterfire555|god ur team is stally
|c|âwaterfire555|something dies here though
|
|move|p2a: Thundurus|Thunderbolt|p1a: Chansey
|-damage|p1a: Chansey|0 fnt
|faint|p1a: Chansey
|
|-heal|p2a: Thundurus|25\/300 brn|[from] item: Leftovers
|-damage|p2a: Thundurus|0 fnt|[from] brn
|faint|p2a: Thundurus
|
|switch|p2a: Blastoise|Blastoise, F|362\/362
|switch|p1a: Alomomola|Alomomola, M, shiny|461\/497
|turn|67
|
|move|p2a: Blastoise|Scald|p1a: Alomomola
|-resisted|p1a: Alomomola
|-damage|p1a: Alomomola|410\/497
|move|p1a: Alomomola|Scald|p2a: Blastoise
|-resisted|p2a: Blastoise
|-damage|p2a: Blastoise|347\/362
|-status|p2a: Blastoise|brn
|
|-heal|p2a: Blastoise|362\/362 brn|[from] item: Leftovers
|-damage|p2a: Blastoise|317\/362 brn|[from] brn
|turn|68
|
|move|p1a: Alomomola|Protect|p1a: Alomomola
|-singleturn|p1a: Alomomola|Protect
|move|p2a: Blastoise|Scald|p1a: Alomomola
|-activate|p1a: Alomomola|Protect
|
|-heal|p2a: Blastoise|339\/362 brn|[from] item: Leftovers
|-damage|p2a: Blastoise|294\/362 brn|[from] brn
|turn|69
|
|move|p2a: Blastoise|Scald|p1a: Alomomola
|-resisted|p1a: Alomomola
|-damage|p1a: Alomomola|353\/497
|move|p1a: Alomomola|Mirror Coat|p2a: Blastoise
|-damage|p2a: Blastoise|180\/362 brn
|
|-heal|p2a: Blastoise|202\/362 brn|[from] item: Leftovers
|-damage|p2a: Blastoise|157\/362 brn|[from] brn
|turn|70
|
|move|p2a: Blastoise|Scald|p1a: Alomomola
|-resisted|p1a: Alomomola
|-damage|p1a: Alomomola|303\/497
|-status|p1a: Alomomola|brn
|move|p1a: Alomomola|Scald|p2a: Blastoise
|-resisted|p2a: Blastoise
|-damage|p2a: Blastoise|142\/362 brn
|
|-heal|p2a: Blastoise|164\/362 brn|[from] item: Leftovers
|-damage|p2a: Blastoise|119\/362 brn|[from] brn
|-damage|p1a: Alomomola|241\/497 brn|[from] brn
|turn|71
|
|move|p2a: Blastoise|Rest|p2a: Blastoise
|-status|p2a: Blastoise|slp
|-heal|p2a: Blastoise|362\/362 slp|[silent]
|-status|p2a: Blastoise|slp|[from] move: Rest
|move|p1a: Alomomola|Wish|p1a: Alomomola
|
|-damage|p1a: Alomomola|179\/497 brn|[from] brn
|turn|72
|c|âwaterfire555|u have wish
|c|âwaterfire555|D:
|c|âwaterfire555|200 turns later
|
|switch|p1a: Skarmory|Skarmory, M|128\/333
|cant|p2a: Blastoise|slp
|
|-heal|p1a: Skarmory|333\/333|[from] move: Wish|[wisher] Alomomola
|turn|73
|
|cant|p2a: Blastoise|slp
|move|p1a: Skarmory|Stealth Rock|p2a: Blastoise
|-sidestart|p2: waterfire555|move: Stealth Rock
|
|turn|74
|
|switch|p1a: Alomomola|Alomomola, M, shiny|344\/497 brn
|-curestatus|p2a: Blastoise|slp
|move|p2a: Blastoise|Rapid Spin|p1a: Alomomola
|-damage|p1a: Alomomola|333\/497 brn
|-sideend|p2: waterfire555|Stealth Rock|[from] move: Rapid Spin|[of] p2a: Blastoise
|
|-damage|p1a: Alomomola|271\/497 brn|[from] brn
|turn|75
|
|move|p2a: Blastoise|Scald|p1a: Alomomola
|-resisted|p1a: Alomomola
|-damage|p1a: Alomomola|221\/497 brn
|move|p1a: Alomomola|Wish|p1a: Alomomola
|
|-damage|p1a: Alomomola|159\/497 brn|[from] brn
|turn|76
|c|âwaterfire555|\/\/
|c|âwaterfire555|UGg
|
|move|p2a: Blastoise|Scald|p1a: Alomomola
|-resisted|p1a: Alomomola
|-damage|p1a: Alomomola|104\/497 brn
|move|p1a: Alomomola|Mirror Coat|p2a: Blastoise
|-damage|p2a: Blastoise|252\/362
|
|-heal|p1a: Alomomola|352\/497 brn|[from] move: Wish|[wisher] Alomomola
|-heal|p2a: Blastoise|274\/362|[from] item: Leftovers
|-damage|p1a: Alomomola|290\/497 brn|[from] brn
|turn|77
|
|move|p2a: Blastoise|Rapid Spin|p1a: Alomomola
|-damage|p1a: Alomomola|278\/497 brn
|move|p1a: Alomomola|Wish|p1a: Alomomola
|
|-heal|p2a: Blastoise|296\/362|[from] item: Leftovers
|-damage|p1a: Alomomola|216\/497 brn|[from] brn
|turn|78
|
|switch|p1a: Skarmory|Skarmory, M|333\/333
|move|p2a: Blastoise|Ice Beam|p1a: Skarmory
|-damage|p1a: Skarmory|252\/333
|
|-heal|p1a: Skarmory|333\/333|[from] move: Wish|[wisher] Alomomola
|-heal|p2a: Blastoise|318\/362|[from] item: Leftovers
|turn|79
|c|âwaterfire555|game= forever
|
|switch|p1a: Alomomola|Alomomola, M, shiny|381\/497 brn
|move|p2a: Blastoise|Ice Beam|p1a: Alomomola
|-resisted|p1a: Alomomola
|-damage|p1a: Alomomola|341\/497 brn
|
|-heal|p2a: Blastoise|340\/362|[from] item: Leftovers
|-damage|p1a: Alomomola|279\/497 brn|[from] brn
|turn|80
|
|switch|p1a: Skarmory|Skarmory, M|333\/333
|move|p2a: Blastoise|Rapid Spin|p1a: Skarmory
|-crit|p1a: Skarmory
|-resisted|p1a: Skarmory
|-damage|p1a: Skarmory|327\/333
|-damage|p2a: Blastoise|280\/362|[from] item: Rocky Helmet|[of] p1a: Skarmory
|
|-heal|p2a: Blastoise|302\/362|[from] item: Leftovers
|turn|81
|c|âwaterfire555|ITS A CRIT
|
|switch|p1a: Alomomola|Alomomola, M, shiny|444\/497 brn
|move|p2a: Blastoise|Scald|p1a: Alomomola
|-resisted|p1a: Alomomola
|-damage|p1a: Alomomola|390\/497 brn
|
|-heal|p2a: Blastoise|324\/362|[from] item: Leftovers
|-damage|p1a: Alomomola|328\/497 brn|[from] brn
|turn|82
|
|move|p2a: Blastoise|Scald|p1a: Alomomola
|-resisted|p1a: Alomomola
|-damage|p1a: Alomomola|273\/497 brn
|move|p1a: Alomomola|Mirror Coat|p2a: Blastoise
|-damage|p2a: Blastoise|214\/362
|
|-heal|p2a: Blastoise|236\/362|[from] item: Leftovers
|-damage|p1a: Alomomola|211\/497 brn|[from] brn
|turn|83
|
|move|p2a: Blastoise|Scald|p1a: Alomomola
|-resisted|p1a: Alomomola
|-damage|p1a: Alomomola|162\/497 brn
|move|p1a: Alomomola|Wish|p1a: Alomomola
|
|-heal|p2a: Blastoise|258\/362|[from] item: Leftovers
|-damage|p1a: Alomomola|100\/497 brn|[from] brn
|turn|84
|
|move|p2a: Blastoise|Rapid Spin|p1a: Alomomola
|-damage|p1a: Alomomola|87\/497 brn
|move|p1a: Alomomola|Mirror Coat|p2a: Blastoise
|-fail|p2a: Blastoise
|
|-heal|p1a: Alomomola|335\/497 brn|[from] move: Wish|[wisher] Alomomola
|-heal|p2a: Blastoise|280\/362|[from] item: Leftovers
|-damage|p1a: Alomomola|273\/497 brn|[from] brn
|turn|85
|c|âwaterfire555|what ks a
|c|âwaterfire555|what is a god choice scarf special attacker
|
|switch|p1a: Skarmory|Skarmory, M|327\/333
|move|p2a: Blastoise|Scald|p1a: Skarmory
|-damage|p1a: Skarmory|225\/333
|-status|p1a: Skarmory|brn
|
|-heal|p2a: Blastoise|302\/362|[from] item: Leftovers
|-damage|p1a: Skarmory|184\/333 brn|[from] brn
|turn|86
|
|move|p2a: Blastoise|Ice Beam|p1a: Skarmory
|-damage|p1a: Skarmory|103\/333 brn
|move|p1a: Skarmory|Roost|p1a: Skarmory
|-heal|p1a: Skarmory|270\/333 brn
|
|-heal|p2a: Blastoise|324\/362|[from] item: Leftovers
|-damage|p1a: Skarmory|229\/333 brn|[from] brn
|turn|87
|c|âwaterfire555|good
|
|switch|p1a: Alomomola|Alomomola, M, shiny|438\/497 brn
|move|p2a: Blastoise|Ice Beam|p1a: Alomomola
|-resisted|p1a: Alomomola
|-damage|p1a: Alomomola|398\/497 brn
|
|-heal|p2a: Blastoise|346\/362|[from] item: Leftovers
|-damage|p1a: Alomomola|336\/497 brn|[from] brn
|turn|88
|c|âUgly Weirdo|Mmh idk
|
|switch|p1a: Skarmory|Skarmory, M|229\/333 brn
|move|p2a: Blastoise|Rapid Spin|p1a: Skarmory
|-resisted|p1a: Skarmory
|-damage|p1a: Skarmory|225\/333 brn
|-damage|p2a: Blastoise|286\/362|[from] item: Rocky Helmet|[of] p1a: Skarmory
|
|-heal|p2a: Blastoise|308\/362|[from] item: Leftovers
|-damage|p1a: Skarmory|184\/333 brn|[from] brn
|turn|89
|c|âwaterfire555|how much power points u got total?
|
|move|p2a: Blastoise|Rapid Spin|p1a: Skarmory
|-resisted|p1a: Skarmory
|-damage|p1a: Skarmory|180\/333 brn
|-damage|p2a: Blastoise|248\/362|[from] item: Rocky Helmet|[of] p1a: Skarmory
|move|p1a: Skarmory|Roost|p1a: Skarmory
|-heal|p1a: Skarmory|333\/333 brn
|
|-heal|p2a: Blastoise|270\/362|[from] item: Leftovers
|-damage|p1a: Skarmory|292\/333 brn|[from] brn
|turn|90
|c|âUgly Weirdo|Power point?
|c|âwaterfire555|how many attacks can u do?
|c|âwaterfire555|i still have 56 rapid spins
|
|switch|p1a: Alomomola|Alomomola, M, shiny|497\/497 brn
|move|p2a: Blastoise|Ice Beam|p1a: Alomomola
|-resisted|p1a: Alomomola
|-damage|p1a: Alomomola|454\/497 brn
|
|-heal|p2a: Blastoise|292\/362|[from] item: Leftovers
|-damage|p1a: Alomomola|392\/497 brn|[from] brn
|turn|91
|c|âUgly Weirdo|I have less
|
|switch|p1a: Skarmory|Skarmory, M|292\/333 brn
|move|p2a: Blastoise|Scald|p1a: Skarmory
|-damage|p1a: Skarmory|183\/333 brn
|
|-heal|p2a: Blastoise|314\/362|[from] item: Leftovers
|-damage|p1a: Skarmory|142\/333 brn|[from] brn
|turn|92
|c|âwaterfire555|i still have scolopied in the back
|
|move|p2a: Blastoise|Ice Beam|p1a: Skarmory
|-damage|p1a: Skarmory|60\/333 brn
|move|p1a: Skarmory|Roost|p1a: Skarmory
|-heal|p1a: Skarmory|227\/333 brn
|
|-heal|p2a: Blastoise|336\/362|[from] item: Leftovers
|-damage|p1a: Skarmory|186\/333 brn|[from] brn
|turn|93
|c|âwaterfire555|how much wish u still have?
|c|âwaterfire555|and roost
|
|move|p2a: Blastoise|Rapid Spin|p1a: Skarmory
|-resisted|p1a: Skarmory
|-damage|p1a: Skarmory|182\/333 brn
|-damage|p2a: Blastoise|276\/362|[from] item: Rocky Helmet|[of] p1a: Skarmory
|move|p1a: Skarmory|Roost|p1a: Skarmory
|-heal|p1a: Skarmory|333\/333 brn
|
|-heal|p2a: Blastoise|298\/362|[from] item: Leftovers
|-damage|p1a: Skarmory|292\/333 brn|[from] brn
|turn|94
|
|switch|p1a: Alomomola|Alomomola, M, shiny|497\/497 brn
|move|p2a: Blastoise|Rapid Spin|p1a: Alomomola
|-damage|p1a: Alomomola|486\/497 brn
|
|-heal|p2a: Blastoise|320\/362|[from] item: Leftovers
|-damage|p1a: Alomomola|424\/497 brn|[from] brn
|turn|95
|c|âwaterfire555|dude how much wish and roosts u got?
|
|move|p2a: Blastoise|Ice Beam|p1a: Alomomola
|-resisted|p1a: Alomomola
|-damage|p1a: Alomomola|383\/497 brn
|move|p1a: Alomomola|Scald|p2a: Blastoise
|-resisted|p2a: Blastoise
|-damage|p2a: Blastoise|305\/362
|-status|p2a: Blastoise|brn
|
|-heal|p2a: Blastoise|327\/362 brn|[from] item: Leftovers
|-damage|p2a: Blastoise|282\/362 brn|[from] brn
|-damage|p1a: Alomomola|321\/497 brn|[from] brn
|turn|96
|c|âUgly Weirdo|dunno, 20 in total i think
|
|switch|p1a: Skarmory|Skarmory, M|292\/333 brn
|move|p2a: Blastoise|Rapid Spin|p1a: Skarmory
|-resisted|p1a: Skarmory
|-damage|p1a: Skarmory|290\/333 brn
|-damage|p2a: Blastoise|222\/362 brn|[from] item: Rocky Helmet|[of] p1a: Skarmory
|
|-heal|p2a: Blastoise|244\/362 brn|[from] item: Leftovers
|-damage|p2a: Blastoise|199\/362 brn|[from] brn
|-damage|p1a: Skarmory|249\/333 brn|[from] brn
|turn|97
|c|âwaterfire555|damage
|
|switch|p1a: Alomomola|Alomomola, M, shiny|486\/497 brn
|move|p2a: Blastoise|Scald|p1a: Alomomola
|-resisted|p1a: Alomomola
|-damage|p1a: Alomomola|435\/497 brn
|
|-heal|p2a: Blastoise|221\/362 brn|[from] item: Leftovers
|-damage|p2a: Blastoise|176\/362 brn|[from] brn
|-damage|p1a: Alomomola|373\/497 brn|[from] brn
|turn|98
|c|âwaterfire555|its gonna be a strugle war
|
|move|p2a: Blastoise|Ice Beam|p1a: Alomomola
|-crit|p1a: Alomomola
|-resisted|p1a: Alomomola
|-damage|p1a: Alomomola|310\/497 brn
|move|p1a: Alomomola|Scald|p2a: Blastoise
|-resisted|p2a: Blastoise
|-damage|p2a: Blastoise|161\/362 brn
|
|-heal|p2a: Blastoise|183\/362 brn|[from] item: Leftovers
|-damage|p2a: Blastoise|138\/362 brn|[from] brn
|-damage|p1a: Alomomola|248\/497 brn|[from] brn
|turn|99
|
|move|p2a: Blastoise|Ice Beam|p1a: Alomomola
|-resisted|p1a: Alomomola
|-damage|p1a: Alomomola|208\/497 brn
|move|p1a: Alomomola|Mirror Coat|p2a: Blastoise
|-damage|p2a: Blastoise|58\/362 brn
|
|-heal|p2a: Blastoise|80\/362 brn|[from] item: Leftovers
|-damage|p2a: Blastoise|35\/362 brn|[from] brn
|-damage|p1a: Alomomola|146\/497 brn|[from] brn
|turn|100
|c|âwaterfire555|hmm
|
|switch|p1a: Skarmory|Skarmory, M|249\/333 brn
|move|p2a: Blastoise|Rest|p2a: Blastoise
|-status|p2a: Blastoise|slp
|-heal|p2a: Blastoise|362\/362 slp|[silent]
|-status|p2a: Blastoise|slp|[from] move: Rest
|
|-damage|p1a: Skarmory|208\/333 brn|[from] brn
|turn|101
|
|switch|p1a: Alomomola|Alomomola, M, shiny|311\/497 brn
|cant|p2a: Blastoise|slp
|
|-damage|p1a: Alomomola|249\/497 brn|[from] brn
|turn|102
|
|switch|p1a: Skarmory|Skarmory, M|208\/333 brn
|cant|p2a: Blastoise|slp
|
|-damage|p1a: Skarmory|167\/333 brn|[from] brn
|turn|103
|c|âwaterfire555|wwhat r u doing
|c|âUgly Weirdo|recovering
|
|switch|p1a: Alomomola|Alomomola, M, shiny|414\/497 brn
|-curestatus|p2a: Blastoise|slp
|move|p2a: Blastoise|Rapid Spin|p1a: Alomomola
|-crit|p1a: Alomomola
|-damage|p1a: Alomomola|398\/497 brn
|
|-damage|p1a: Alomomola|336\/497 brn|[from] brn
|turn|104
|c|âwaterfire555|o yeah
|
|move|p2a: Blastoise|Rapid Spin|p1a: Alomomola
|-damage|p1a: Alomomola|324\/497 brn
|move|p1a: Alomomola|Mirror Coat|p2a: Blastoise
|-fail|p2a: Blastoise
|
|-damage|p1a: Alomomola|262\/497 brn|[from] brn
|turn|105
|
|move|p2a: Blastoise|Scald|p1a: Alomomola
|-resisted|p1a: Alomomola
|-damage|p1a: Alomomola|212\/497 brn
|move|p1a: Alomomola|Wish|p1a: Alomomola
|
|-damage|p1a: Alomomola|150\/497 brn|[from] brn
|turn|106
|c|âwaterfire555|how many wish u has?
|c|âUgly Weirdo|11
|
|switch|p1a: Skarmory|Skarmory, M|167\/333 brn
|move|p2a: Blastoise|Rapid Spin|p1a: Skarmory
|-resisted|p1a: Skarmory
|-damage|p1a: Skarmory|163\/333 brn
|-damage|p2a: Blastoise|302\/362|[from] item: Rocky Helmet|[of] p1a: Skarmory
|
|-heal|p1a: Skarmory|333\/333 brn|[from] move: Wish|[wisher] Alomomola
|-heal|p2a: Blastoise|324\/362|[from] item: Leftovers
|-damage|p1a: Skarmory|292\/333 brn|[from] brn
|turn|107
|c|âwaterfire555|how many roosts
|c|âUgly Weirdo|10
|c|âUgly Weirdo|no 9
|
|switch|p1a: Alomomola|Alomomola, M, shiny|315\/497 brn
|move|p2a: Blastoise|Rapid Spin|p1a: Alomomola
|-damage|p1a: Alomomola|303\/497 brn
|
|-heal|p2a: Blastoise|346\/362|[from] item: Leftovers
|-damage|p1a: Alomomola|241\/497 brn|[from] brn
|turn|108
|
|switch|p1a: Skarmory|Skarmory, M|292\/333 brn
|move|p2a: Blastoise|Rapid Spin|p1a: Skarmory
|-resisted|p1a: Skarmory
|-damage|p1a: Skarmory|288\/333 brn
|-damage|p2a: Blastoise|286\/362|[from] item: Rocky Helmet|[of] p1a: Skarmory
|
|-heal|p2a: Blastoise|308\/362|[from] item: Leftovers
|-damage|p1a: Skarmory|247\/333 brn|[from] brn
|turn|109
|
|switch|p1a: Alomomola|Alomomola, M, shiny|406\/497 brn
|move|p2a: Blastoise|Ice Beam|p1a: Alomomola
|-crit|p1a: Alomomola
|-resisted|p1a: Alomomola
|-damage|p1a: Alomomola|344\/497 brn
|
|-heal|p2a: Blastoise|330\/362|[from] item: Leftovers
|-damage|p1a: Alomomola|282\/497 brn|[from] brn
|turn|110
|
|switch|p1a: Skarmory|Skarmory, M|247\/333 brn
|move|p2a: Blastoise|Rapid Spin|p1a: Skarmory
|-resisted|p1a: Skarmory
|-damage|p1a: Skarmory|243\/333 brn
|-damage|p2a: Blastoise|270\/362|[from] item: Rocky Helmet|[of] p1a: Skarmory
|
|-heal|p2a: Blastoise|292\/362|[from] item: Leftovers
|-damage|p1a: Skarmory|202\/333 brn|[from] brn
|turn|111
|
|move|p2a: Blastoise|Rapid Spin|p1a: Skarmory
|-resisted|p1a: Skarmory
|-damage|p1a: Skarmory|198\/333 brn
|-damage|p2a: Blastoise|232\/362|[from] item: Rocky Helmet|[of] p1a: Skarmory
|move|p1a: Skarmory|Roost|p1a: Skarmory
|-heal|p1a: Skarmory|333\/333 brn
|
|-heal|p2a: Blastoise|254\/362|[from] item: Leftovers
|-damage|p1a: Skarmory|292\/333 brn|[from] brn
|turn|112
|
|switch|p1a: Alomomola|Alomomola, M, shiny|447\/497 brn
|move|p2a: Blastoise|Rapid Spin|p1a: Alomomola
|-damage|p1a: Alomomola|436\/497 brn
|
|-heal|p2a: Blastoise|276\/362|[from] item: Leftovers
|-damage|p1a: Alomomola|374\/497 brn|[from] brn
|turn|113
|c|âwaterfire555|ur lucky i g2g soon
|
|switch|p1a: Skarmory|Skarmory, M|292\/333 brn
|move|p2a: Blastoise|Scald|p1a: Skarmory
|-damage|p1a: Skarmory|180\/333 brn
|
|-heal|p2a: Blastoise|298\/362|[from] item: Leftovers
|-damage|p1a: Skarmory|139\/333 brn|[from] brn
|turn|114
|
|move|p2a: Blastoise|Scald|p1a: Skarmory
|-damage|p1a: Skarmory|33\/333 brn
|move|p1a: Skarmory|Roost|p1a: Skarmory
|-heal|p1a: Skarmory|200\/333 brn
|
|-heal|p2a: Blastoise|320\/362|[from] item: Leftovers
|-damage|p1a: Skarmory|159\/333 brn|[from] brn
|turn|115
|c|âwaterfire555|u roost 12 times
|
|switch|p1a: Alomomola|Alomomola, M, shiny|497\/497 brn
|move|p2a: Blastoise|Rapid Spin|p1a: Alomomola
|-damage|p1a: Alomomola|485\/497 brn
|
|-heal|p2a: Blastoise|342\/362|[from] item: Leftovers
|-damage|p1a: Alomomola|423\/497 brn|[from] brn
|turn|116
|c|âwaterfire555|u only has 2 roosts
|c|âUgly Weirdo|lol no
|
|move|p2a: Blastoise|Rapid Spin|p1a: Alomomola
|-damage|p1a: Alomomola|411\/497 brn
|move|p1a: Alomomola|Scald|p2a: Blastoise
|-resisted|p2a: Blastoise
|-damage|p2a: Blastoise|324\/362
|
|-heal|p2a: Blastoise|346\/362|[from] item: Leftovers
|-damage|p1a: Alomomola|349\/497 brn|[from] brn
|turn|117
|c|âwaterfire555|how many u has:
|c|âUgly Weirdo|more than 2 lol
|
|move|p2a: Blastoise|Scald|p1a: Alomomola
|-resisted|p1a: Alomomola
|-damage|p1a: Alomomola|298\/497 brn
|move|p1a: Alomomola|Scald|p2a: Blastoise
|-resisted|p2a: Blastoise
|-damage|p2a: Blastoise|331\/362
|
|-heal|p2a: Blastoise|353\/362|[from] item: Leftovers
|-damage|p1a: Alomomola|236\/497 brn|[from] brn
|turn|118
|c|âwaterfire555|only a couple though
|
|move|p2a: Blastoise|Scald|p1a: Alomomola
|-resisted|p1a: Alomomola
|-damage|p1a: Alomomola|186\/497 brn
|move|p1a: Alomomola|Wish|p1a: Alomomola
|
|-heal|p2a: Blastoise|362\/362|[from] item: Leftovers
|-damage|p1a: Alomomola|124\/497 brn|[from] brn
|turn|119
|
|switch|p1a: Skarmory|Skarmory, M|159\/333 brn
|move|p2a: Blastoise|Rapid Spin|p1a: Skarmory
|-resisted|p1a: Skarmory
|-damage|p1a: Skarmory|155\/333 brn
|-damage|p2a: Blastoise|302\/362|[from] item: Rocky Helmet|[of] p1a: Skarmory
|
|-heal|p1a: Skarmory|333\/333 brn|[from] move: Wish|[wisher] Alomomola
|-heal|p2a: Blastoise|324\/362|[from] item: Leftovers
|-damage|p1a: Skarmory|292\/333 brn|[from] brn
|turn|120
|
|switch|p1a: Alomomola|Alomomola, M, shiny|289\/497 brn
|move|p2a: Blastoise|Rapid Spin|p1a: Alomomola
|-damage|p1a: Alomomola|278\/497 brn
|
|-heal|p2a: Blastoise|346\/362|[from] item: Leftovers
|-damage|p1a: Alomomola|216\/497 brn|[from] brn
|turn|121
|c|âwaterfire555|this game though
|c|âwaterfire555|move 121 D:
|
|switch|p1a: Skarmory|Skarmory, M|292\/333 brn
|move|p2a: Blastoise|Rapid Spin|p1a: Skarmory
|-resisted|p1a: Skarmory
|-damage|p1a: Skarmory|288\/333 brn
|-damage|p2a: Blastoise|286\/362|[from] item: Rocky Helmet|[of] p1a: Skarmory
|
|-heal|p2a: Blastoise|308\/362|[from] item: Leftovers
|-damage|p1a: Skarmory|247\/333 brn|[from] brn
|turn|122
|
|switch|p1a: Alomomola|Alomomola, M, shiny|381\/497 brn
|move|p2a: Blastoise|Rapid Spin|p1a: Alomomola
|-damage|p1a: Alomomola|370\/497 brn
|
|-heal|p2a: Blastoise|330\/362|[from] item: Leftovers
|-damage|p1a: Alomomola|308\/497 brn|[from] brn
|turn|123
|c|âwaterfire555|i still have 63 baton passes
|
|move|p2a: Blastoise|Rapid Spin|p1a: Alomomola
|-damage|p1a: Alomomola|296\/497 brn
|move|p1a: Alomomola|Scald|p2a: Blastoise
|-resisted|p2a: Blastoise
|-damage|p2a: Blastoise|313\/362
|-status|p2a: Blastoise|brn
|
|-heal|p2a: Blastoise|335\/362 brn|[from] item: Leftovers
|-damage|p2a: Blastoise|290\/362 brn|[from] brn
|-damage|p1a: Alomomola|234\/497 brn|[from] brn
|turn|124
|c|âwaterfire555|u have 2 conserve ur wishes
|
|switch|p1a: Skarmory|Skarmory, M|247\/333 brn
|move|p2a: Blastoise|Rapid Spin|p1a: Skarmory
|-resisted|p1a: Skarmory
|-damage|p1a: Skarmory|245\/333 brn
|-damage|p2a: Blastoise|230\/362 brn|[from] item: Rocky Helmet|[of] p1a: Skarmory
|
|-heal|p2a: Blastoise|252\/362 brn|[from] item: Leftovers
|-damage|p2a: Blastoise|207\/362 brn|[from] brn
|-damage|p1a: Skarmory|204\/333 brn|[from] brn
|turn|125
|
|switch|p1a: Alomomola|Alomomola, M, shiny|399\/497 brn
|move|p2a: Blastoise|Rapid Spin|p1a: Alomomola
|-damage|p1a: Alomomola|394\/497 brn
|
|-heal|p2a: Blastoise|229\/362 brn|[from] item: Leftovers
|-damage|p2a: Blastoise|184\/362 brn|[from] brn
|-damage|p1a: Alomomola|332\/497 brn|[from] brn
|turn|126
|
|move|p2a: Blastoise|Ice Beam|p1a: Alomomola
|-resisted|p1a: Alomomola
|-damage|p1a: Alomomola|293\/497 brn
|move|p1a: Alomomola|Mirror Coat|p2a: Blastoise
|-damage|p2a: Blastoise|106\/362 brn
|
|-heal|p2a: Blastoise|128\/362 brn|[from] item: Leftovers
|-damage|p2a: Blastoise|83\/362 brn|[from] brn
|-damage|p1a: Alomomola|231\/497 brn|[from] brn
|turn|127
|
|switch|p1a: Skarmory|Skarmory, M|204\/333 brn
|move|p2a: Blastoise|Rest|p2a: Blastoise
|-status|p2a: Blastoise|slp
|-heal|p2a: Blastoise|362\/362 slp|[silent]
|-status|p2a: Blastoise|slp|[from] move: Rest
|
|-damage|p1a: Skarmory|163\/333 brn|[from] brn
|turn|128
|c|âwaterfire555|u has 5 or 6 roosts?
|
|cant|p2a: Blastoise|slp
|move|p1a: Skarmory|Stealth Rock|p2a: Blastoise
|-sidestart|p2: waterfire555|move: Stealth Rock
|
|-damage|p1a: Skarmory|122\/333 brn|[from] brn
|turn|129
|
|switch|p1a: Alomomola|Alomomola, M, shiny|396\/497 brn
|cant|p2a: Blastoise|slp
|
|-damage|p1a: Alomomola|334\/497 brn|[from] brn
|turn|130
|
|-curestatus|p2a: Blastoise|slp
|move|p2a: Blastoise|Rapid Spin|p1a: Alomomola
|-damage|p1a: Alomomola|323\/497 brn
|-sideend|p2: waterfire555|Stealth Rock|[from] move: Rapid Spin|[of] p2a: Blastoise
|move|p1a: Alomomola|Mirror Coat|p2a: Blastoise
|-fail|p2a: Blastoise
|
|-damage|p1a: Alomomola|261\/497 brn|[from] brn
|turn|131
|
|move|p2a: Blastoise|Scald|p1a: Alomomola
|-resisted|p1a: Alomomola
|-damage|p1a: Alomomola|203\/497 brn
|move|p1a: Alomomola|Wish|p1a: Alomomola
|
|-damage|p1a: Alomomola|141\/497 brn|[from] brn
|turn|132
|
|switch|p1a: Skarmory|Skarmory, M|122\/333 brn
|move|p2a: Blastoise|Scald|p1a: Skarmory
|-damage|p1a: Skarmory|17\/333 brn
|
|-heal|p1a: Skarmory|265\/333 brn|[from] move: Wish|[wisher] Alomomola
|-damage|p1a: Skarmory|224\/333 brn|[from] brn
|turn|133
|c|âUgly Weirdo|I know it's quite bastard, but I think I'll go with the losing time technique
|c|âwaterfire555|ur running out of stalls
|c|âUgly Weirdo|I'd really like to win this one even if I don't think I'll menage to
|c|âwaterfire555|i have 13 rests still
|c|âwaterfire555|and burn qill WARE U
|
|switch|p1a: Alomomola|Alomomola, M, shiny|306\/497 brn
|move|p2a: Blastoise|Rapid Spin|p1a: Alomomola
|-damage|p1a: Alomomola|295\/497 brn
|
|-damage|p1a: Alomomola|233\/497 brn|[from] brn
|turn|134
|
|switch|p1a: Skarmory|Skarmory, M|224\/333 brn
|move|p2a: Blastoise|Rapid Spin|p1a: Skarmory
|-resisted|p1a: Skarmory
|-damage|p1a: Skarmory|220\/333 brn
|-damage|p2a: Blastoise|302\/362|[from] item: Rocky Helmet|[of] p1a: Skarmory
|
|-heal|p2a: Blastoise|324\/362|[from] item: Leftovers
|-damage|p1a: Skarmory|179\/333 brn|[from] brn
|turn|135
|
|switch|p1a: Alomomola|Alomomola, M, shiny|398\/497 brn
|move|p2a: Blastoise|Rapid Spin|p1a: Alomomola
|-damage|p1a: Alomomola|387\/497 brn
|
|-heal|p2a: Blastoise|346\/362|[from] item: Leftovers
|-damage|p1a: Alomomola|325\/497 brn|[from] brn
|turn|136
|
|move|p2a: Blastoise|Scald|p1a: Alomomola
|-crit|p1a: Alomomola
|-resisted|p1a: Alomomola
|-damage|p1a: Alomomola|240\/497 brn
|move|p1a: Alomomola|Scald|p2a: Blastoise
|-resisted|p2a: Blastoise
|-damage|p2a: Blastoise|330\/362
|
|-heal|p2a: Blastoise|352\/362|[from] item: Leftovers
|-damage|p1a: Alomomola|178\/497 brn|[from] brn
|turn|137
|
|switch|p1a: Skarmory|Skarmory, M|179\/333 brn
|move|p2a: Blastoise|Rapid Spin|p1a: Skarmory
|-resisted|p1a: Skarmory
|-damage|p1a: Skarmory|175\/333 brn
|-damage|p2a: Blastoise|292\/362|[from] item: Rocky Helmet|[of] p1a: Skarmory
|
|-heal|p2a: Blastoise|314\/362|[from] item: Leftovers
|-damage|p1a: Skarmory|134\/333 brn|[from] brn
|turn|138
|
|switch|p1a: Alomomola|Alomomola, M, shiny|343\/497 brn
|move|p2a: Blastoise|Rapid Spin|p1a: Alomomola
|-damage|p1a: Alomomola|331\/497 brn
|
|-heal|p2a: Blastoise|336\/362|[from] item: Leftovers
|-damage|p1a: Alomomola|269\/497 brn|[from] brn
|turn|139
|
|move|p2a: Blastoise|Ice Beam|p1a: Alomomola
|-resisted|p1a: Alomomola
|-damage|p1a: Alomomola|232\/497 brn
|move|p1a: Alomomola|Wish|p1a: Alomomola
|
|-heal|p2a: Blastoise|358\/362|[from] item: Leftovers
|-damage|p1a: Alomomola|170\/497 brn|[from] brn
|turn|140
|
|switch|p1a: Skarmory|Skarmory, M|134\/333 brn
|move|p2a: Blastoise|Rapid Spin|p1a: Skarmory
|-resisted|p1a: Skarmory
|-damage|p1a: Skarmory|131\/333 brn
|-damage|p2a: Blastoise|298\/362|[from] item: Rocky Helmet|[of] p1a: Skarmory
|
|-heal|p1a: Skarmory|333\/333 brn|[from] move: Wish|[wisher] Alomomola
|-heal|p2a: Blastoise|320\/362|[from] item: Leftovers
|-damage|p1a: Skarmory|292\/333 brn|[from] brn
|turn|141
|
|move|p2a: Blastoise|Rest|p2a: Blastoise
|-status|p2a: Blastoise|slp
|-heal|p2a: Blastoise|362\/362 slp|[silent]
|-status|p2a: Blastoise|slp|[from] move: Rest
|move|p1a: Skarmory|Counter|p2a: Blastoise
|-fail|p2a: Blastoise
|
|-damage|p1a: Skarmory|251\/333 brn|[from] brn
|turn|142
|
|switch|p1a: Alomomola|Alomomola, M, shiny|335\/497 brn
|cant|p2a: Blastoise|slp
|
|-damage|p1a: Alomomola|273\/497 brn|[from] brn
|turn|143
|
|switch|p1a: Skarmory|Skarmory, M|251\/333 brn
|cant|p2a: Blastoise|slp
|
|-damage|p1a: Skarmory|210\/333 brn|[from] brn
|turn|144
|c|âwaterfire555|could u forfiet
|
|switch|p1a: Alomomola|Alomomola, M, shiny|438\/497 brn
|-curestatus|p2a: Blastoise|slp
|move|p2a: Blastoise|Rapid Spin|p1a: Alomomola
|-damage|p1a: Alomomola|426\/497 brn
|
|-damage|p1a: Alomomola|364\/497 brn|[from] brn
|turn|145
|
|switch|p1a: Skarmory|Skarmory, M|210\/333 brn
|move|p2a: Blastoise|Rest|p2a: Blastoise
|-fail|p2a: Blastoise
|
|-damage|p1a: Skarmory|169\/333 brn|[from] brn
|turn|146
|
|switch|p1a: Alomomola|Alomomola, M, shiny|497\/497 brn
|move|p2a: Blastoise|Rapid Spin|p1a: Alomomola
|-damage|p1a: Alomomola|485\/497 brn
|
|-damage|p1a: Alomomola|423\/497 brn|[from] brn
|turn|147
|
|move|p2a: Blastoise|Scald|p1a: Alomomola
|-resisted|p1a: Alomomola
|-damage|p1a: Alomomola|371\/497 brn
|move|p1a: Alomomola|Scald|p2a: Blastoise
|-crit|p2a: Blastoise
|-resisted|p2a: Blastoise
|-damage|p2a: Blastoise|340\/362
|
|-heal|p2a: Blastoise|362\/362|[from] item: Leftovers
|-damage|p1a: Alomomola|309\/497 brn|[from] brn
|turn|148
|
|move|p2a: Blastoise|Scald|p1a: Alomomola
|-resisted|p1a: Alomomola
|-damage|p1a: Alomomola|257\/497 brn
|move|p1a: Alomomola|Scald|p2a: Blastoise
|-crit|p2a: Blastoise
|-resisted|p2a: Blastoise
|-damage|p2a: Blastoise|340\/362
|
|-heal|p2a: Blastoise|362\/362|[from] item: Leftovers
|-damage|p1a: Alomomola|195\/497 brn|[from] brn
|turn|149
|
|switch|p1a: Skarmory|Skarmory, M|169\/333 brn
|move|p2a: Blastoise|Rest|p2a: Blastoise
|-fail|p2a: Blastoise
|
|-damage|p1a: Skarmory|128\/333 brn|[from] brn
|turn|150
|
|switch|p1a: Alomomola|Alomomola, M, shiny|360\/497 brn
|move|p2a: Blastoise|Rapid Spin|p1a: Alomomola
|-damage|p1a: Alomomola|349\/497 brn
|
|-damage|p1a: Alomomola|287\/497 brn|[from] brn
|turn|151
|
|move|p2a: Blastoise|Rapid Spin|p1a: Alomomola
|-damage|p1a: Alomomola|276\/497 brn
|move|p1a: Alomomola|Mirror Coat|p2a: Blastoise
|-fail|p2a: Blastoise
|
|-damage|p1a: Alomomola|214\/497 brn|[from] brn
|turn|152
|-message|waterfire555 forfeited.
|leave|waterfire555
|
|win|Ugly Weirdo
|raw|Ladder updating...
|player|p2
|raw|Ugly Weirdo's rating: 1201 &rarr; <strong>1227<\/strong><br \/>(+26 for winning)
|raw|waterfire555's rating: 1211 &rarr; <strong>1185<\/strong><br \/>(-26 for losing)