|join|Bakun
|join|Ugly Weirdo
|player|p1|Bakun|20
|player|p2|Ugly Weirdo|42
|gametype|singles
|gen|6
|tier|OU (suspect test)
|rated
|clearpoke
|poke|p1|Sableye, M
|poke|p1|Chansey, F
|poke|p1|Slowbro, M
|poke|p1|Skarmory, M
|poke|p1|Amoonguss, M
|poke|p1|Clefable, F
|poke|p2|Sableye, F
|poke|p2|Tangrowth, M
|poke|p2|Skarmory, M
|poke|p2|Chansey, F
|poke|p2|Clefable, F, shiny
|poke|p2|Alomomola, M, shiny
|rule|Swagger Clause: Swagger is banned
|rule|Baton Pass Clause: Limit one PokÃ©mon knowing Baton Pass
|rule|Sleep Clause Mod: Limit one foe put to sleep
|rule|Species Clause: Limit one of each PokÃ©mon
|rule|OHKO Clause: OHKO moves are banned
|rule|Moody Clause: Moody is banned
|rule|Evasion Moves Clause: Evasion moves are banned
|rule|Endless Battle Clause: Forcing endless battles is banned
|rule|HP Percentage Mod: HP is shown in percentages
|teampreview
|
|start
|switch|p1a: Sableye|Sableye, M|304\/304
|switch|p2a: Sableye|Sableye, F|304\/304
|turn|1
|
|detailschange|p2a: Sableye|Sableye-Mega, F
|-mega|p2a: Sableye|Sableye|Sablenite
|detailschange|p1a: Sableye|Sableye-Mega, M
|-mega|p1a: Sableye|Sableye|Sablenite
|move|p2a: Sableye|Shadow Ball|p1a: Sableye
|-damage|p1a: Sableye|226\/304
|move|p1a: Sableye|Knock Off|p2a: Sableye
|-damage|p2a: Sableye|265\/304
|
|turn|2
|
|switch|p1a: Clefable|Clefable, F|394\/394
|move|p2a: Sableye|Calm Mind|p2a: Sableye
|-boost|p2a: Sableye|spa|1
|-boost|p2a: Sableye|spd|1
|
|turn|3
|join|MrPoke16
|
|switch|p2a: Chansey|Chansey, F|703\/703
|move|p1a: Clefable|Moonblast|p2a: Chansey
|-damage|p2a: Chansey|633\/703
|
|turn|4
|
|switch|p1a: Sableye|Sableye-Mega, M|226\/304
|move|p2a: Chansey|Seismic Toss|p1a: Sableye
|-immune|p1a: Sableye|[msg]
|
|turn|5
|
|switch|p2a: Sableye|Sableye-Mega, F|265\/304
|move|p1a: Sableye|Knock Off|p2a: Sableye
|-damage|p2a: Sableye|229\/304
|
|turn|6
|
|switch|p1a: Clefable|Clefable, F|394\/394
|move|p2a: Sableye|Shadow Ball|p1a: Clefable
|-damage|p1a: Clefable|300\/394
|
|-heal|p1a: Clefable|324\/394|[from] item: Leftovers
|turn|7
|c|âUgly Weirdo|It's basically the seam team
|c|âUgly Weirdo|And you probably are my lost brother
|
|switch|p2a: Chansey|Chansey, F|633\/703
|move|p1a: Clefable|Moonblast|p2a: Chansey
|-damage|p2a: Chansey|566\/703
|
|-heal|p1a: Clefable|348\/394|[from] item: Leftovers
|turn|8
|
|move|p1a: Clefable|Stealth Rock|p2a: Chansey
|-sidestart|p2: Ugly Weirdo|move: Stealth Rock
|move|p2a: Chansey|Seismic Toss|p1a: Clefable
|-damage|p1a: Clefable|248\/394
|
|-heal|p1a: Clefable|272\/394|[from] item: Leftovers
|turn|9
|
|switch|p1a: Sableye|Sableye-Mega, M|226\/304
|switch|p2a: Clefable|Clefable, F, shiny|394\/394
|
|turn|10
|
|switch|p1a: Chansey|Chansey, F|642\/642
|move|p2a: Clefable|Calm Mind|p2a: Clefable
|-boost|p2a: Clefable|spa|1
|-boost|p2a: Clefable|spd|1
|
|turn|11
|
|move|p2a: Clefable|Calm Mind|p2a: Clefable
|-boost|p2a: Clefable|spa|1
|-boost|p2a: Clefable|spd|1
|move|p1a: Chansey|Thunder Wave|p2a: Clefable
|-status|p2a: Clefable|par
|
|turn|12
|
|switch|p1a: Amoonguss|Amoonguss, M|432\/432
|move|p2a: Clefable|Moonblast|p1a: Amoonguss
|-resisted|p1a: Amoonguss
|-damage|p1a: Amoonguss|313\/432
|
|-heal|p1a: Amoonguss|340\/432|[from] item: Black Sludge
|turn|13
|
|move|p1a: Amoonguss|Clear Smog|p2a: Clefable
|-crit|p2a: Clefable
|-supereffective|p2a: Clefable
|-damage|p2a: Clefable|218\/394 par
|-clearboost|p2a: Clefable
|cant|p2a: Clefable|par
|
|-heal|p1a: Amoonguss|367\/432|[from] item: Black Sludge
|-heal|p2a: Clefable|242\/394 par|[from] item: Leftovers
|turn|14
|
|switch|p2a: Skarmory|Skarmory, M|333\/333
|-damage|p2a: Skarmory|292\/333|[from] Stealth Rock
|move|p1a: Amoonguss|Clear Smog|p2a: Skarmory
|-immune|p2a: Skarmory|[msg]
|
|-heal|p1a: Amoonguss|394\/432|[from] item: Black Sludge
|turn|15
|
|switch|p1a: Sableye|Sableye-Mega, M|226\/304
|move|p2a: Skarmory|Defog|p1a: Sableye
|move|p1a: Sableye|Defog|p2a: Skarmory|[from]Magic Bounce
|-unboost|p2a: Skarmory|evasion|1
|-sideend|p2: Ugly Weirdo|Stealth Rock|[from] move: Defog|[of] p2a: Skarmory
|
|turn|16
|
|move|p1a: Sableye|Knock Off|p2a: Skarmory
|-damage|p2a: Skarmory|241\/333
|-damage|p1a: Sableye|176\/304|[from] item: Rocky Helmet|[of] p2a: Skarmory
|-enditem|p2a: Skarmory|Rocky Helmet|[from] move: Knock Off|[of] p1a: Sableye
|move|p2a: Skarmory|Counter|p1a: Sableye
|-immune|p1a: Sableye|[msg]
|
|turn|17
|c|âUgly Weirdo|Oh right
|
|switch|p2a: Sableye|Sableye-Mega, F|229\/304
|move|p1a: Sableye|Recover|p1a: Sableye
|-heal|p1a: Sableye|304\/304
|
|turn|18
|
|switch|p1a: Clefable|Clefable, F|272\/394
|move|p2a: Sableye|Calm Mind|p2a: Sableye
|-boost|p2a: Sableye|spa|1
|-boost|p2a: Sableye|spd|1
|
|-heal|p1a: Clefable|296\/394|[from] item: Leftovers
|turn|19
|
|move|p1a: Clefable|Wish|p1a: Clefable
|move|p2a: Sableye|Shadow Ball|p1a: Clefable
|-damage|p1a: Clefable|203\/394
|
|-heal|p1a: Clefable|227\/394|[from] item: Leftovers
|turn|20
|
|move|p1a: Clefable|Moonblast|p2a: Sableye
|-supereffective|p2a: Sableye
|-damage|p2a: Sableye|29\/304
|move|p2a: Sableye|Recover|p2a: Sableye
|-heal|p2a: Sableye|181\/304
|
|-heal|p1a: Clefable|394\/394|[from] move: Wish|[wisher] Clefable
|turn|21
|
|switch|p2a: Alomomola|Alomomola, M, shiny|497\/497
|move|p1a: Clefable|Moonblast|p2a: Alomomola
|-damage|p2a: Alomomola|364\/497
|
|-heal|p2a: Alomomola|395\/497|[from] item: Leftovers
|turn|22
|
|switch|p2a: Sableye|Sableye-Mega, F|181\/304
|switch|p1a: Sableye|Sableye-Mega, M|304\/304
|
|turn|23
|
|switch|p1a: Clefable|Clefable, F|394\/394
|move|p2a: Sableye|Recover|p2a: Sableye
|-heal|p2a: Sableye|304\/304
|
|turn|24
|
|switch|p2a: Chansey|Chansey, F|566\/703
|move|p1a: Clefable|Moonblast|p2a: Chansey
|-damage|p2a: Chansey|502\/703
|
|turn|25
|
|switch|p2a: Sableye|Sableye-Mega, F|304\/304
|move|p1a: Clefable|Moonblast|p2a: Sableye
|-supereffective|p2a: Sableye
|-damage|p2a: Sableye|118\/304
|-unboost|p2a: Sableye|spa|1
|
|turn|26
|
|switch|p2a: Tangrowth|Tangrowth, M|404\/404
|move|p1a: Clefable|Moonblast|p2a: Tangrowth
|-damage|p2a: Tangrowth|325\/404
|-unboost|p2a: Tangrowth|spa|1
|
|turn|27
|
|switch|p1a: Sableye|Sableye-Mega, M|304\/304
|move|p2a: Tangrowth|Knock Off|p1a: Sableye
|-damage|p1a: Sableye|273\/304
|
|turn|28
|
|switch|p2a: Sableye|Sableye-Mega, F|118\/304
|switch|p1a: Skarmory|Skarmory, M|334\/334
|
|turn|29
|
|move|p1a: Skarmory|Brave Bird|p2a: Sableye
|-damage|p2a: Sableye|49\/304
|-damage|p1a: Skarmory|311\/334|[from] recoil|[of] p2a: Sableye
|move|p2a: Sableye|Recover|p2a: Sableye
|-heal|p2a: Sableye|201\/304
|
|turn|30
|
|switch|p1a: Clefable|Clefable, F|394\/394
|move|p2a: Sableye|Shadow Ball|p1a: Clefable
|-damage|p1a: Clefable|304\/394
|
|-heal|p1a: Clefable|328\/394|[from] item: Leftovers
|turn|31
|
|switch|p2a: Alomomola|Alomomola, M, shiny|497\/497
|move|p1a: Clefable|Moonblast|p2a: Alomomola
|-damage|p2a: Alomomola|367\/497
|
|-heal|p2a: Alomomola|398\/497|[from] item: Leftovers
|-heal|p1a: Clefable|352\/394|[from] item: Leftovers
|turn|32
|
|move|p1a: Clefable|Protect|p1a: Clefable
|-singleturn|p1a: Clefable|Protect
|move|p2a: Alomomola|Scald|p1a: Clefable
|-activate|p1a: Clefable|Protect
|
|-heal|p2a: Alomomola|429\/497|[from] item: Leftovers
|-heal|p1a: Clefable|376\/394|[from] item: Leftovers
|turn|33
|
|switch|p1a: Sableye|Sableye-Mega, M|273\/304
|move|p2a: Alomomola|Scald|p1a: Sableye
|-damage|p1a: Sableye|233\/304
|-status|p1a: Sableye|brn
|
|-heal|p2a: Alomomola|460\/497|[from] item: Leftovers
|-damage|p1a: Sableye|195\/304 brn|[from] brn
|turn|34
|
|switch|p2a: Sableye|Sableye-Mega, F|201\/304
|switch|p1a: Chansey|Chansey, F|642\/642
|
|turn|35
|
|move|p1a: Chansey|Aromatherapy|p1a: Chansey
|-cureteam|p1a: Chansey|[from] move: Aromatherapy
|move|p2a: Sableye|Calm Mind|p2a: Sableye
|-boost|p2a: Sableye|spa|1
|-boost|p2a: Sableye|spd|1
|
|turn|36
|
|switch|p1a: Clefable|Clefable, F|376\/394
|move|p2a: Sableye|Calm Mind|p2a: Sableye
|-boost|p2a: Sableye|spa|1
|-boost|p2a: Sableye|spd|1
|
|-heal|p1a: Clefable|394\/394|[from] item: Leftovers
|turn|37
|
|move|p1a: Clefable|Moonblast|p2a: Sableye
|-supereffective|p2a: Sableye
|-damage|p2a: Sableye|21\/304
|move|p2a: Sableye|Recover|p2a: Sableye
|-heal|p2a: Sableye|173\/304
|
|turn|38
|
|switch|p2a: Tangrowth|Tangrowth, M|404\/404
|move|p1a: Clefable|Moonblast|p2a: Tangrowth
|-damage|p2a: Tangrowth|317\/404
|
|turn|39
|
|move|p1a: Clefable|Protect|p1a: Clefable
|-singleturn|p1a: Clefable|Protect
|move|p2a: Tangrowth|Knock Off|p1a: Clefable
|-activate|p1a: Clefable|Protect
|
|turn|40
|
|move|p1a: Clefable|Stealth Rock|p2a: Tangrowth
|-sidestart|p2: Ugly Weirdo|move: Stealth Rock
|move|p2a: Tangrowth|Giga Drain|p1a: Clefable
|-damage|p1a: Clefable|291\/394
|-heal|p2a: Tangrowth|369\/404|[from] drain|[of] p1a: Clefable
|
|-heal|p1a: Clefable|315\/394|[from] item: Leftovers
|turn|41
|
|move|p1a: Clefable|Protect|p1a: Clefable
|-singleturn|p1a: Clefable|Protect
|move|p2a: Tangrowth|Hidden Power|p1a: Clefable
|-activate|p1a: Clefable|Protect
|
|-heal|p1a: Clefable|339\/394|[from] item: Leftovers
|turn|42
|
|switch|p1a: Chansey|Chansey, F|642\/642
|move|p2a: Tangrowth|Knock Off|p1a: Chansey
|-damage|p1a: Chansey|547\/642
|-enditem|p1a: Chansey|Eviolite|[from] move: Knock Off|[of] p2a: Tangrowth
|
|turn|43
|
|move|p1a: Chansey|Thunder Wave|p2a: Tangrowth
|-status|p2a: Tangrowth|par
|move|p2a: Tangrowth|Earthquake|p1a: Chansey
|-damage|p1a: Chansey|392\/642
|
|turn|44
|
|switch|p2a: Chansey|Chansey, F|502\/703
|-damage|p2a: Chansey|415\/703|[from] Stealth Rock
|move|p1a: Chansey|Soft-Boiled|p1a: Chansey
|-heal|p1a: Chansey|642\/642
|
|turn|45
|
|move|p1a: Chansey|Thunder Wave|p2a: Chansey
|-status|p2a: Chansey|par
|move|p2a: Chansey|Heal Bell|p2a: Chansey
|-cureteam|p2a: Chansey|[from] move: HealBell
|
|turn|46
|
|switch|p2a: Sableye|Sableye-Mega, F|173\/304
|-damage|p2a: Sableye|135\/304|[from] Stealth Rock
|move|p1a: Chansey|Seismic Toss|p2a: Sableye
|-immune|p2a: Sableye|[msg]
|
|turn|47
|
|switch|p1a: Clefable|Clefable, F|339\/394
|move|p2a: Sableye|Recover|p2a: Sableye
|-heal|p2a: Sableye|287\/304
|
|-heal|p1a: Clefable|363\/394|[from] item: Leftovers
|turn|48
|
|switch|p2a: Alomomola|Alomomola, M, shiny|497\/497
|-damage|p2a: Alomomola|435\/497|[from] Stealth Rock
|move|p1a: Clefable|Moonblast|p2a: Alomomola
|-damage|p2a: Alomomola|302\/497
|
|-heal|p2a: Alomomola|333\/497|[from] item: Leftovers
|-heal|p1a: Clefable|387\/394|[from] item: Leftovers
|turn|49
|
|switch|p1a: Amoonguss|Amoonguss, M|432\/432
|move|p2a: Alomomola|Wish|p2a: Alomomola
|
|-heal|p2a: Alomomola|364\/497|[from] item: Leftovers
|turn|50
|
|switch|p1a: Clefable|Clefable, F|387\/394
|move|p2a: Alomomola|Protect|p2a: Alomomola
|-fail|p2a: Alomomola
|
|-heal|p2a: Alomomola|497\/497|[from] move: Wish|[wisher] Alomomola
|-heal|p1a: Clefable|394\/394|[from] item: Leftovers
|turn|51
|
|switch|p1a: Amoonguss|Amoonguss, M|432\/432
|move|p2a: Alomomola|Wish|p2a: Alomomola
|
|turn|52
|
|switch|p2a: Skarmory|Skarmory, M|241\/333
|-damage|p2a: Skarmory|200\/333|[from] Stealth Rock
|move|p1a: Amoonguss|Giga Drain|p2a: Skarmory
|-resisted|p2a: Skarmory
|-damage|p2a: Skarmory|172\/333
|
|-heal|p2a: Skarmory|333\/333|[from] move: Wish|[wisher] Alomomola
|turn|53
|c| MrPoke16|so bored...
|
|switch|p1a: Sableye|Sableye-Mega, M|195\/304
|move|p2a: Skarmory|Defog|p1a: Sableye
|move|p1a: Sableye|Defog|p2a: Skarmory|[from]Magic Bounce
|-unboost|p2a: Skarmory|evasion|1
|-sideend|p2: Ugly Weirdo|Stealth Rock|[from] move: Defog|[of] p2a: Skarmory
|
|turn|54
|
|switch|p2a: Sableye|Sableye-Mega, F|287\/304
|move|p1a: Sableye|Recover|p1a: Sableye
|-heal|p1a: Sableye|304\/304
|
|turn|55
|
|switch|p1a: Clefable|Clefable, F|394\/394
|move|p2a: Sableye|Shadow Ball|p1a: Clefable
|-damage|p1a: Clefable|301\/394
|
|-heal|p1a: Clefable|325\/394|[from] item: Leftovers
|turn|56
|
|switch|p2a: Alomomola|Alomomola, M, shiny|497\/497
|move|p1a: Clefable|Moonblast|p2a: Alomomola
|-damage|p2a: Alomomola|344\/497
|
|-heal|p2a: Alomomola|375\/497|[from] item: Leftovers
|-heal|p1a: Clefable|349\/394|[from] item: Leftovers
|turn|57
|
|switch|p1a: Amoonguss|Amoonguss, M|432\/432
|move|p2a: Alomomola|Scald|p1a: Amoonguss
|-resisted|p1a: Amoonguss
|-damage|p1a: Amoonguss|403\/432
|
|-heal|p2a: Alomomola|406\/497|[from] item: Leftovers
|-heal|p1a: Amoonguss|430\/432|[from] item: Black Sludge
|turn|58
|
|move|p2a: Alomomola|Protect|p2a: Alomomola
|-singleturn|p2a: Alomomola|Protect
|move|p1a: Amoonguss|Giga Drain|p2a: Alomomola
|-activate|p2a: Alomomola|Protect
|
|-heal|p2a: Alomomola|437\/497|[from] item: Leftovers
|-heal|p1a: Amoonguss|432\/432|[from] item: Black Sludge
|turn|59
|
|move|p1a: Amoonguss|Giga Drain|p2a: Alomomola
|-supereffective|p2a: Alomomola
|-damage|p2a: Alomomola|219\/497
|move|p2a: Alomomola|Mirror Coat|p1a: Amoonguss
|-damage|p1a: Amoonguss|0 fnt
|faint|p1a: Amoonguss
|
|-heal|p2a: Alomomola|250\/497|[from] item: Leftovers
|
|switch|p1a: Slowbro|Slowbro, M|394\/394
|turn|60
|
|move|p2a: Alomomola|Protect|p2a: Alomomola
|-singleturn|p2a: Alomomola|Protect
|move|p1a: Slowbro|Toxic|p2a: Alomomola
|-activate|p2a: Alomomola|Protect
|
|-heal|p2a: Alomomola|281\/497|[from] item: Leftovers
|turn|61
|
|switch|p2a: Clefable|Clefable, F, shiny|242\/394
|switch|p1a: Clefable|Clefable, F|349\/394
|
|-heal|p1a: Clefable|373\/394|[from] item: Leftovers
|-heal|p2a: Clefable|266\/394|[from] item: Leftovers
|turn|62
|
|move|p2a: Clefable|Wish|p2a: Clefable
|move|p1a: Clefable|Moonblast|p2a: Clefable
|-damage|p2a: Clefable|151\/394
|
|-heal|p2a: Clefable|175\/394|[from] item: Leftovers
|-heal|p1a: Clefable|394\/394|[from] item: Leftovers
|turn|63
|
|move|p2a: Clefable|Calm Mind|p2a: Clefable
|-boost|p2a: Clefable|spa|1
|-boost|p2a: Clefable|spd|1
|move|p1a: Clefable|Moonblast|p2a: Clefable
|-damage|p2a: Clefable|57\/394
|-unboost|p2a: Clefable|spa|1
|
|-heal|p2a: Clefable|254\/394|[from] move: Wish|[wisher] Clefable
|-heal|p2a: Clefable|278\/394|[from] item: Leftovers
|turn|64
|
|switch|p1a: Chansey|Chansey, F|642\/642
|move|p2a: Clefable|Wish|p2a: Clefable
|
|-heal|p2a: Clefable|302\/394|[from] item: Leftovers
|turn|65
|
|switch|p2a: Sableye|Sableye-Mega, F|287\/304
|move|p1a: Chansey|Thunder Wave|p2a: Sableye
|move|p2a: Sableye|Thunder Wave|p1a: Chansey|[from]Magic Bounce
|-status|p1a: Chansey|par
|
|-heal|p2a: Sableye|304\/304|[from] move: Wish|[wisher] Clefable
|turn|66
|
|switch|p1a: Clefable|Clefable, F|394\/394
|move|p2a: Sableye|Shadow Ball|p1a: Clefable
|-damage|p1a: Clefable|310\/394
|
|-heal|p1a: Clefable|334\/394|[from] item: Leftovers
|turn|67
|
|switch|p2a: Alomomola|Alomomola, M, shiny|446\/497
|move|p1a: Clefable|Moonblast|p2a: Alomomola
|-damage|p2a: Alomomola|301\/497
|
|-heal|p2a: Alomomola|332\/497|[from] item: Leftovers
|-heal|p1a: Clefable|358\/394|[from] item: Leftovers
|turn|68
|
|switch|p1a: Slowbro|Slowbro, M|394\/394
|move|p2a: Alomomola|Scald|p1a: Slowbro
|-resisted|p1a: Slowbro
|-damage|p1a: Slowbro|369\/394
|
|-heal|p2a: Alomomola|363\/497|[from] item: Leftovers
|turn|69
|
|switch|p2a: Clefable|Clefable, F, shiny|302\/394
|move|p1a: Slowbro|Psyshock|p2a: Clefable
|-damage|p2a: Clefable|221\/394
|
|-heal|p2a: Clefable|245\/394|[from] item: Leftovers
|turn|70
|
|switch|p1a: Chansey|Chansey, F|642\/642
|move|p2a: Clefable|Wish|p2a: Clefable
|
|-heal|p2a: Clefable|269\/394|[from] item: Leftovers
|turn|71
|
|switch|p1a: Clefable|Clefable, F|358\/394
|move|p2a: Clefable|Calm Mind|p2a: Clefable
|-boost|p2a: Clefable|spa|1
|-boost|p2a: Clefable|spd|1
|
|-heal|p2a: Clefable|394\/394|[from] move: Wish|[wisher] Clefable
|-heal|p1a: Clefable|382\/394|[from] item: Leftovers
|turn|72
|
|switch|p1a: Chansey|Chansey, F|642\/642
|move|p2a: Clefable|Moonblast|p1a: Chansey
|-damage|p1a: Chansey|524\/642
|-unboost|p1a: Chansey|spa|1
|
|turn|73
|
|move|p2a: Clefable|Calm Mind|p2a: Clefable
|-boost|p2a: Clefable|spa|1
|-boost|p2a: Clefable|spd|1
|move|p1a: Chansey|Thunder Wave|p2a: Clefable
|-status|p2a: Clefable|par
|
|turn|74
|
|move|p1a: Chansey|Seismic Toss|p2a: Clefable
|-damage|p2a: Clefable|294\/394 par
|cant|p2a: Clefable|par
|
|-heal|p2a: Clefable|318\/394 par|[from] item: Leftovers
|turn|75
|
|move|p1a: Chansey|Seismic Toss|p2a: Clefable
|-damage|p2a: Clefable|218\/394 par
|cant|p2a: Clefable|par
|
|-heal|p2a: Clefable|242\/394 par|[from] item: Leftovers
|turn|76
|
|move|p1a: Chansey|Seismic Toss|p2a: Clefable
|-damage|p2a: Clefable|142\/394 par
|move|p2a: Clefable|Wish|p2a: Clefable
|
|-heal|p2a: Clefable|166\/394 par|[from] item: Leftovers
|turn|77
|
|move|p1a: Chansey|Seismic Toss|p2a: Clefable
|-damage|p2a: Clefable|66\/394 par
|cant|p2a: Clefable|par
|
|-heal|p2a: Clefable|263\/394 par|[from] move: Wish|[wisher] Clefable
|-heal|p2a: Clefable|287\/394 par|[from] item: Leftovers
|turn|78
|
|move|p1a: Chansey|Seismic Toss|p2a: Clefable
|-damage|p2a: Clefable|187\/394 par
|move|p2a: Clefable|Moonblast|p1a: Chansey
|-damage|p1a: Chansey|371\/642
|
|-heal|p2a: Clefable|211\/394 par|[from] item: Leftovers
|turn|79
|
|move|p1a: Chansey|Seismic Toss|p2a: Clefable
|-damage|p2a: Clefable|111\/394 par
|cant|p2a: Clefable|par
|
|-heal|p2a: Clefable|135\/394 par|[from] item: Leftovers
|turn|80
|
|switch|p2a: Sableye|Sableye-Mega, F|304\/304
|move|p1a: Chansey|Seismic Toss|p2a: Sableye
|-immune|p2a: Sableye|[msg]
|
|turn|81
|
|switch|p2a: Alomomola|Alomomola, M, shiny|497\/497
|move|p1a: Chansey|Soft-Boiled|p1a: Chansey
|-heal|p1a: Chansey|642\/642
|
|turn|82
|
|switch|p2a: Sableye|Sableye-Mega, F|304\/304
|switch|p1a: Slowbro|Slowbro, M|394\/394
|
|turn|83
|
|move|p1a: Slowbro|Scald|p2a: Sableye
|-damage|p2a: Sableye|214\/304
|move|p2a: Sableye|Shadow Ball|p1a: Slowbro
|-supereffective|p1a: Slowbro
|-damage|p1a: Slowbro|188\/394
|
|turn|84
|
|switch|p1a: Clefable|Clefable, F|382\/394
|move|p2a: Sableye|Shadow Ball|p1a: Clefable
|-damage|p1a: Clefable|294\/394
|-unboost|p1a: Clefable|spd|1
|
|-heal|p1a: Clefable|318\/394|[from] item: Leftovers
|turn|85
|
|switch|p2a: Tangrowth|Tangrowth, M|404\/404
|move|p1a: Clefable|Moonblast|p2a: Tangrowth
|-damage|p2a: Tangrowth|313\/404
|
|-heal|p1a: Clefable|342\/394|[from] item: Leftovers
|turn|86
|
|switch|p1a: Sableye|Sableye-Mega, M|304\/304
|move|p2a: Tangrowth|Giga Drain|p1a: Sableye
|-damage|p1a: Sableye|216\/304
|-heal|p2a: Tangrowth|357\/404|[from] drain|[of] p1a: Sableye
|
|turn|87
|
|switch|p2a: Sableye|Sableye-Mega, F|214\/304
|move|p1a: Sableye|Knock Off|p2a: Sableye
|-damage|p2a: Sableye|178\/304
|
|turn|88
|
|move|p1a: Sableye|Foul Play|p2a: Sableye
|-damage|p2a: Sableye|126\/304
|move|p2a: Sableye|Recover|p2a: Sableye
|-heal|p2a: Sableye|278\/304
|
|turn|89
|
|move|p2a: Sableye|Calm Mind|p2a: Sableye
|-boost|p2a: Sableye|spa|1
|-boost|p2a: Sableye|spd|1
|move|p1a: Sableye|Foul Play|p2a: Sableye
|-damage|p2a: Sableye|223\/304
|
|turn|90
|
|switch|p1a: Clefable|Clefable, F|342\/394
|move|p2a: Sableye|Shadow Ball|p1a: Clefable
|-damage|p1a: Clefable|255\/394
|
|-heal|p1a: Clefable|279\/394|[from] item: Leftovers
|turn|91
|
|switch|p1a: Chansey|Chansey, F|642\/642
|switch|p2a: Alomomola|Alomomola, M, shiny|497\/497
|
|turn|92
|
|switch|p2a: Sableye|Sableye-Mega, F|223\/304
|switch|p1a: Slowbro|Slowbro, M|319\/394
|
|turn|93
|
|switch|p1a: Chansey|Chansey, F|642\/642
|move|p2a: Sableye|Shadow Ball|p1a: Chansey
|-immune|p1a: Chansey|[msg]
|
|turn|94
|
|move|p1a: Chansey|Seismic Toss|p2a: Sableye
|-immune|p2a: Sableye|[msg]
|move|p2a: Sableye|Will-O-Wisp|p1a: Chansey
|-status|p1a: Chansey|brn
|
|-damage|p1a: Chansey|562\/642 brn|[from] brn
|turn|95
|
|move|p1a: Chansey|Aromatherapy|p1a: Chansey
|-cureteam|p1a: Chansey|[from] move: Aromatherapy
|move|p2a: Sableye|Shadow Ball|p1a: Chansey
|-immune|p1a: Chansey|[msg]
|
|turn|96
|
|switch|p1a: Sableye|Sableye-Mega, M|216\/304
|move|p2a: Sableye|Will-O-Wisp|p1a: Sableye
|move|p1a: Sableye|Will-O-Wisp|p2a: Sableye|[from]Magic Bounce
|-status|p2a: Sableye|brn
|
|-damage|p2a: Sableye|185\/304 brn|[from] brn
|turn|97
|
|move|p1a: Sableye|Knock Off|p2a: Sableye
|-damage|p2a: Sableye|145\/304 brn
|move|p2a: Sableye|Shadow Ball|p1a: Sableye
|-damage|p1a: Sableye|140\/304
|
|-damage|p2a: Sableye|107\/304 brn|[from] brn
|turn|98
|
|move|p1a: Sableye|Recover|p1a: Sableye
|-heal|p1a: Sableye|292\/304
|move|p2a: Sableye|Recover|p2a: Sableye
|-heal|p2a: Sableye|259\/304 brn
|
|-damage|p2a: Sableye|221\/304 brn|[from] brn
|turn|99
|
|move|p1a: Sableye|Foul Play|p2a: Sableye
|-damage|p2a: Sableye|170\/304 brn
|move|p2a: Sableye|Calm Mind|p2a: Sableye
|-boost|p2a: Sableye|spa|1
|-boost|p2a: Sableye|spd|1
|
|-damage|p2a: Sableye|132\/304 brn|[from] brn
|turn|100
|
|switch|p1a: Clefable|Clefable, F|279\/394
|move|p2a: Sableye|Calm Mind|p2a: Sableye
|-boost|p2a: Sableye|spa|1
|-boost|p2a: Sableye|spd|1
|
|-heal|p1a: Clefable|303\/394|[from] item: Leftovers
|-damage|p2a: Sableye|94\/304 brn|[from] brn
|turn|101
|
|switch|p2a: Chansey|Chansey, F|415\/703
|move|p1a: Clefable|Moonblast|p2a: Chansey
|-damage|p2a: Chansey|346\/703
|-unboost|p2a: Chansey|spa|1
|
|-heal|p1a: Clefable|327\/394|[from] item: Leftovers
|turn|102
|
|switch|p1a: Sableye|Sableye-Mega, M|292\/304
|move|p2a: Chansey|Heal Bell|p2a: Chansey
|-cureteam|p2a: Chansey|[from] move: HealBell
|
|turn|103
|
|switch|p2a: Skarmory|Skarmory, M|333\/333
|switch|p1a: Clefable|Clefable, F|327\/394
|
|-heal|p1a: Clefable|351\/394|[from] item: Leftovers
|turn|104
|
|switch|p2a: Chansey|Chansey, F|346\/703
|switch|p1a: Sableye|Sableye-Mega, M|292\/304
|
|turn|105
|
|switch|p2a: Skarmory|Skarmory, M|333\/333
|move|p1a: Sableye|Knock Off|p2a: Skarmory
|-crit|p2a: Skarmory
|-damage|p2a: Skarmory|281\/333
|
|turn|106
|
|move|p1a: Sableye|Foul Play|p2a: Skarmory
|-damage|p2a: Skarmory|235\/333
|move|p2a: Skarmory|Whirlwind|p1a: Sableye
|move|p1a: Sableye|Whirlwind|p2a: Skarmory|[from]Magic Bounce
|drag|p2a: Sableye|Sableye-Mega, F|94\/304
|
|turn|107
|
|switch|p1a: Clefable|Clefable, F|351\/394
|move|p2a: Sableye|Recover|p2a: Sableye
|-heal|p2a: Sableye|246\/304
|
|-heal|p1a: Clefable|375\/394|[from] item: Leftovers
|turn|108
|
|switch|p2a: Alomomola|Alomomola, M, shiny|497\/497
|move|p1a: Clefable|Moonblast|p2a: Alomomola
|-damage|p2a: Alomomola|349\/497
|-unboost|p2a: Alomomola|spa|1
|
|-heal|p2a: Alomomola|380\/497|[from] item: Leftovers
|-heal|p1a: Clefable|394\/394|[from] item: Leftovers
|turn|109
|
|switch|p1a: Slowbro|Slowbro, M|394\/394
|move|p2a: Alomomola|Wish|p2a: Alomomola
|
|-heal|p2a: Alomomola|411\/497|[from] item: Leftovers
|turn|110
|
|switch|p2a: Chansey|Chansey, F|346\/703
|move|p1a: Slowbro|Scald|p2a: Chansey
|-crit|p2a: Chansey
|-damage|p2a: Chansey|259\/703
|
|-heal|p2a: Chansey|507\/703|[from] move: Wish|[wisher] Alomomola
|turn|111
|
|switch|p2a: Sableye|Sableye-Mega, F|246\/304
|move|p1a: Slowbro|Psyshock|p2a: Sableye
|-immune|p2a: Sableye|[msg]
|
|turn|112
|
|switch|p1a: Chansey|Chansey, F|562\/642
|move|p2a: Sableye|Shadow Ball|p1a: Chansey
|-immune|p1a: Chansey|[msg]
|
|turn|113
|
|switch|p1a: Sableye|Sableye-Mega, M|292\/304
|move|p2a: Sableye|Will-O-Wisp|p1a: Sableye
|move|p1a: Sableye|Will-O-Wisp|p2a: Sableye|[from]Magic Bounce
|-status|p2a: Sableye|brn
|
|-damage|p2a: Sableye|208\/304 brn|[from] brn
|turn|114
|
|switch|p1a: Chansey|Chansey, F|562\/642
|move|p2a: Sableye|Will-O-Wisp|p1a: Chansey
|-status|p1a: Chansey|brn
|
|-damage|p1a: Chansey|482\/642 brn|[from] brn
|-damage|p2a: Sableye|170\/304 brn|[from] brn
|turn|115
|
|switch|p1a: Clefable|Clefable, F|394\/394
|switch|p2a: Chansey|Chansey, F|507\/703
|
|turn|116
|
|switch|p1a: Chansey|Chansey, F|482\/642
|move|p2a: Chansey|Heal Bell|p2a: Chansey
|-cureteam|p2a: Chansey|[from] move: HealBell
|
|turn|117
|
|move|p2a: Chansey|Toxic|p1a: Chansey
|-status|p1a: Chansey|tox
|move|p1a: Chansey|Thunder Wave|p2a: Chansey
|-status|p2a: Chansey|par
|
|-damage|p1a: Chansey|442\/642 tox|[from] psn
|turn|118
|
|switch|p1a: Sableye|Sableye-Mega, M|292\/304
|switch|p2a: Tangrowth|Tangrowth, M|404\/404
|
|turn|119
|
|switch|p2a: Skarmory|Skarmory, M|235\/333
|move|p1a: Sableye|Knock Off|p2a: Skarmory
|-damage|p2a: Skarmory|196\/333
|
|turn|120
|
|move|p2a: Skarmory|Roost|p2a: Skarmory
|-heal|p2a: Skarmory|333\/333
|move|p1a: Sableye|Knock Off|p2a: Skarmory
|-damage|p2a: Skarmory|299\/333
|
|turn|121
|
|move|p1a: Sableye|Foul Play|p2a: Skarmory
|-damage|p2a: Skarmory|248\/333
|move|p2a: Skarmory|Counter|p1a: Sableye
|-immune|p1a: Sableye|[msg]
|
|turn|122
|
|move|p1a: Sableye|Will-O-Wisp|p2a: Skarmory|[miss]
|-miss|p1a: Sableye|p2a: Skarmory
|move|p2a: Skarmory|Whirlwind|p1a: Sableye
|move|p1a: Sableye|Whirlwind|p2a: Skarmory|[from]Magic Bounce
|drag|p2a: Sableye|Sableye-Mega, F|170\/304
|
|turn|123
|
|switch|p1a: Chansey|Chansey, F|442\/642
|move|p2a: Sableye|Calm Mind|p2a: Sableye
|-boost|p2a: Sableye|spa|1
|-boost|p2a: Sableye|spd|1
|
|turn|124
|
|switch|p1a: Clefable|Clefable, F|394\/394
|move|p2a: Sableye|Calm Mind|p2a: Sableye
|-boost|p2a: Sableye|spa|1
|-boost|p2a: Sableye|spd|1
|
|turn|125
|
|switch|p2a: Alomomola|Alomomola, M, shiny|497\/497
|move|p1a: Clefable|Moonblast|p2a: Alomomola
|-damage|p2a: Alomomola|350\/497
|-unboost|p2a: Alomomola|spa|1
|
|-heal|p2a: Alomomola|381\/497|[from] item: Leftovers
|turn|126
|
|switch|p1a: Chansey|Chansey, F|442\/642
|move|p2a: Alomomola|Wish|p2a: Alomomola
|
|-heal|p2a: Alomomola|412\/497|[from] item: Leftovers
|turn|127
|
|switch|p2a: Sableye|Sableye-Mega, F|170\/304
|move|p1a: Chansey|Thunder Wave|p2a: Sableye
|move|p2a: Sableye|Thunder Wave|p1a: Chansey|[from]Magic Bounce
|-status|p1a: Chansey|par
|
|-heal|p2a: Sableye|304\/304|[from] move: Wish|[wisher] Alomomola
|turn|128
|
|switch|p1a: Skarmory|Skarmory, M|311\/334
|move|p2a: Sableye|Calm Mind|p2a: Sableye
|-boost|p2a: Sableye|spa|1
|-boost|p2a: Sableye|spd|1
|
|turn|129
|
|move|p1a: Skarmory|Brave Bird|p2a: Sableye
|-crit|p2a: Sableye
|-damage|p2a: Sableye|189\/304
|-damage|p1a: Skarmory|273\/334|[from] recoil|[of] p2a: Sableye
|move|p2a: Sableye|Calm Mind|p2a: Sableye
|-boost|p2a: Sableye|spa|1
|-boost|p2a: Sableye|spd|1
|
|turn|130
|
|move|p1a: Skarmory|Brave Bird|p2a: Sableye
|-damage|p2a: Sableye|117\/304
|-damage|p1a: Skarmory|249\/334|[from] recoil|[of] p2a: Sableye
|move|p2a: Sableye|Shadow Ball|p1a: Skarmory
|-crit|p1a: Skarmory
|-damage|p1a: Skarmory|0 fnt
|faint|p1a: Skarmory
|
|
|switch|p1a: Clefable|Clefable, F|394\/394
|turn|131
|
|switch|p2a: Alomomola|Alomomola, M, shiny|497\/497
|move|p1a: Clefable|Moonblast|p2a: Alomomola
|-damage|p2a: Alomomola|349\/497
|-unboost|p2a: Alomomola|spa|1
|
|-heal|p2a: Alomomola|380\/497|[from] item: Leftovers
|turn|132
|
|switch|p1a: Chansey|Chansey, F|442\/642
|move|p2a: Alomomola|Wish|p2a: Alomomola
|
|-heal|p2a: Alomomola|411\/497|[from] item: Leftovers
|turn|133
|
|switch|p2a: Sableye|Sableye-Mega, F|117\/304
|switch|p1a: Clefable|Clefable, F|394\/394
|
|-heal|p2a: Sableye|304\/304|[from] move: Wish|[wisher] Alomomola
|turn|134
|
|switch|p2a: Tangrowth|Tangrowth, M|404\/404
|move|p1a: Clefable|Protect|p1a: Clefable
|-fail|p1a: Clefable
|
|turn|135
|
|switch|p1a: Sableye|Sableye-Mega, M|292\/304
|move|p2a: Tangrowth|Knock Off|p1a: Sableye
|-damage|p1a: Sableye|258\/304
|
|turn|136
|
|switch|p2a: Skarmory|Skarmory, M|248\/333
|move|p1a: Sableye|Knock Off|p2a: Skarmory
|-damage|p2a: Skarmory|212\/333
|
|turn|137
|
|switch|p2a: Sableye|Sableye-Mega, F|304\/304
|move|p1a: Sableye|Will-O-Wisp|p2a: Sableye
|move|p2a: Sableye|Will-O-Wisp|p1a: Sableye|[from]Magic Bounce
|-status|p1a: Sableye|brn
|
|-damage|p1a: Sableye|220\/304 brn|[from] brn
|turn|138
|
|switch|p1a: Chansey|Chansey, F|442\/642
|move|p2a: Sableye|Calm Mind|p2a: Sableye
|-boost|p2a: Sableye|spa|1
|-boost|p2a: Sableye|spd|1
|
|turn|139
|
|move|p1a: Chansey|Aromatherapy|p1a: Chansey
|-cureteam|p1a: Chansey|[from] move: Aromatherapy
|move|p2a: Sableye|Calm Mind|p2a: Sableye
|-boost|p2a: Sableye|spa|1
|-boost|p2a: Sableye|spd|1
|
|turn|140
|
|switch|p1a: Clefable|Clefable, F|394\/394
|move|p2a: Sableye|Calm Mind|p2a: Sableye
|-boost|p2a: Sableye|spa|1
|-boost|p2a: Sableye|spd|1
|
|turn|141
|
|move|p1a: Clefable|Stealth Rock|p2a: Sableye
|move|p2a: Sableye|Stealth Rock|p1a: Clefable|[from]Magic Bounce
|-sidestart|p1: Bakun|move: Stealth Rock
|move|p2a: Sableye|Calm Mind|p2a: Sableye
|-boost|p2a: Sableye|spa|1
|-boost|p2a: Sableye|spd|1
|
|turn|142
|
|move|p1a: Clefable|Stealth Rock|p2a: Sableye
|move|p2a: Sableye|Stealth Rock|p1a: Clefable|[from]Magic Bounce
|-fail|p1a: Clefable
|move|p2a: Sableye|Calm Mind|p2a: Sableye
|-boost|p2a: Sableye|spa|1
|-boost|p2a: Sableye|spd|1
|
|turn|143
|
|move|p1a: Clefable|Moonblast|p2a: Sableye
|-supereffective|p2a: Sableye
|-damage|p2a: Sableye|110\/304
|-unboost|p2a: Sableye|spa|1
|move|p2a: Sableye|Calm Mind|p2a: Sableye
|-boost|p2a: Sableye|spa|1
|-boost|p2a: Sableye|spd|1
|
|turn|144
|
|switch|p2a: Alomomola|Alomomola, M, shiny|497\/497
|move|p1a: Clefable|Stealth Rock|p2a: Alomomola
|-sidestart|p2: Ugly Weirdo|move: Stealth Rock
|
|turn|145
|
|switch|p1a: Chansey|Chansey, F|442\/642
|-damage|p1a: Chansey|362\/642|[from] Stealth Rock
|move|p2a: Alomomola|Scald|p1a: Chansey
|-damage|p1a: Chansey|326\/642
|-status|p1a: Chansey|brn
|
|-damage|p1a: Chansey|246\/642 brn|[from] brn
|turn|146
|
|move|p2a: Alomomola|Scald|p1a: Chansey
|-damage|p1a: Chansey|213\/642 brn
|move|p1a: Chansey|Soft-Boiled|p1a: Chansey
|-heal|p1a: Chansey|534\/642 brn
|
|-damage|p1a: Chansey|454\/642 brn|[from] brn
|turn|147
|
|switch|p1a: Slowbro|Slowbro, M|394\/394
|-damage|p1a: Slowbro|345\/394|[from] Stealth Rock
|move|p2a: Alomomola|Wish|p2a: Alomomola
|
|turn|148
|
|switch|p2a: Sableye|Sableye-Mega, F|110\/304
|-damage|p2a: Sableye|72\/304|[from] Stealth Rock
|move|p1a: Slowbro|Scald|p2a: Sableye
|-damage|p2a: Sableye|0 fnt
|faint|p2a: Sableye
|
|
|switch|p2a: Chansey|Chansey, F|507\/703
|-damage|p2a: Chansey|420\/703|[from] Stealth Rock
|turn|149
|
|move|p2a: Chansey|Soft-Boiled|p2a: Chansey
|-heal|p2a: Chansey|703\/703
|move|p1a: Slowbro|Toxic|p2a: Chansey
|-status|p2a: Chansey|tox
|
|-damage|p2a: Chansey|660\/703 tox|[from] psn
|turn|150
|
|switch|p2a: Alomomola|Alomomola, M, shiny|497\/497
|-damage|p2a: Alomomola|435\/497|[from] Stealth Rock
|switch|p1a: Sableye|Sableye-Mega, M|220\/304
|-damage|p1a: Sableye|182\/304|[from] Stealth Rock
|
|-heal|p2a: Alomomola|466\/497|[from] item: Leftovers
|turn|151
|
|move|p2a: Alomomola|Wish|p2a: Alomomola
|move|p1a: Sableye|Knock Off|p2a: Alomomola
|-damage|p2a: Alomomola|385\/497
|-enditem|p2a: Alomomola|Leftovers|[from] move: Knock Off|[of] p1a: Sableye
|
|turn|152
|
|switch|p2a: Clefable|Clefable, F, shiny|135\/394
|move|p1a: Sableye|Recover|p1a: Sableye
|-heal|p1a: Sableye|304\/304
|
|-heal|p2a: Clefable|383\/394|[from] move: Wish|[wisher] Alomomola
|-heal|p2a: Clefable|394\/394|[from] item: Leftovers
|turn|153
|
|switch|p1a: Chansey|Chansey, F|454\/642
|-damage|p1a: Chansey|374\/642|[from] Stealth Rock
|move|p2a: Clefable|Moonblast|p1a: Chansey
|-damage|p1a: Chansey|292\/642
|
|turn|154
|
|move|p2a: Clefable|Calm Mind|p2a: Clefable
|-boost|p2a: Clefable|spa|1
|-boost|p2a: Clefable|spd|1
|move|p1a: Chansey|Soft-Boiled|p1a: Chansey
|-heal|p1a: Chansey|613\/642
|
|turn|155
|
|move|p2a: Clefable|Calm Mind|p2a: Clefable
|-boost|p2a: Clefable|spa|1
|-boost|p2a: Clefable|spd|1
|move|p1a: Chansey|Thunder Wave|p2a: Clefable
|-status|p2a: Clefable|par
|
|turn|156
|
|move|p1a: Chansey|Seismic Toss|p2a: Clefable
|-damage|p2a: Clefable|294\/394 par
|move|p2a: Clefable|Calm Mind|p2a: Clefable
|-boost|p2a: Clefable|spa|1
|-boost|p2a: Clefable|spd|1
|
|-heal|p2a: Clefable|318\/394 par|[from] item: Leftovers
|turn|157
|
|move|p1a: Chansey|Seismic Toss|p2a: Clefable
|-damage|p2a: Clefable|218\/394 par
|move|p2a: Clefable|Wish|p2a: Clefable
|
|-heal|p2a: Clefable|242\/394 par|[from] item: Leftovers
|turn|158
|
|move|p1a: Chansey|Seismic Toss|p2a: Clefable
|-damage|p2a: Clefable|142\/394 par
|cant|p2a: Clefable|par
|
|-heal|p2a: Clefable|339\/394 par|[from] move: Wish|[wisher] Clefable
|-heal|p2a: Clefable|363\/394 par|[from] item: Leftovers
|turn|159
|
|move|p1a: Chansey|Seismic Toss|p2a: Clefable
|-damage|p2a: Clefable|263\/394 par
|move|p2a: Clefable|Moonblast|p1a: Chansey
|-damage|p1a: Chansey|423\/642
|
|-heal|p2a: Clefable|287\/394 par|[from] item: Leftovers
|turn|160
|
|move|p1a: Chansey|Seismic Toss|p2a: Clefable
|-damage|p2a: Clefable|187\/394 par
|cant|p2a: Clefable|par
|
|-heal|p2a: Clefable|211\/394 par|[from] item: Leftovers
|turn|161
|
|switch|p2a: Chansey|Chansey, F|660\/703
|-damage|p2a: Chansey|573\/703|[from] Stealth Rock
|move|p1a: Chansey|Seismic Toss|p2a: Chansey
|-damage|p2a: Chansey|473\/703
|
|turn|162
|
|switch|p1a: Sableye|Sableye-Mega, M|304\/304
|-damage|p1a: Sableye|266\/304|[from] Stealth Rock
|move|p2a: Chansey|Heal Bell|p2a: Chansey
|-cureteam|p2a: Chansey|[from] move: HealBell
|
|turn|163
|
|switch|p2a: Skarmory|Skarmory, M|212\/333
|-damage|p2a: Skarmory|171\/333|[from] Stealth Rock
|move|p1a: Sableye|Knock Off|p2a: Skarmory
|-damage|p2a: Skarmory|132\/333
|
|turn|164
|
|move|p2a: Skarmory|Defog|p1a: Sableye
|move|p1a: Sableye|Defog|p2a: Skarmory|[from]Magic Bounce
|-unboost|p2a: Skarmory|evasion|1
|-sideend|p2: Ugly Weirdo|Stealth Rock|[from] move: Defog|[of] p2a: Skarmory
|-sideend|p1: Bakun|Stealth Rock|[from] move: Defog|[of] p1a: Sableye
|move|p1a: Sableye|Will-O-Wisp|p2a: Skarmory
|-status|p2a: Skarmory|brn
|
|-damage|p2a: Skarmory|91\/333 brn|[from] brn
|turn|165
|
|move|p2a: Skarmory|Roost|p2a: Skarmory
|-heal|p2a: Skarmory|258\/333 brn
|move|p1a: Sableye|Foul Play|p2a: Skarmory
|-damage|p2a: Skarmory|209\/333 brn
|
|-damage|p2a: Skarmory|168\/333 brn|[from] brn
|turn|166
|
|switch|p1a: Slowbro|Slowbro, M|394\/394
|move|p2a: Skarmory|Roost|p2a: Skarmory
|-heal|p2a: Skarmory|333\/333 brn
|
|-damage|p2a: Skarmory|292\/333 brn|[from] brn
|turn|167
|
|switch|p2a: Clefable|Clefable, F, shiny|211\/394
|move|p1a: Slowbro|Scald|p2a: Clefable
|-damage|p2a: Clefable|111\/394
|
|-heal|p2a: Clefable|135\/394|[from] item: Leftovers
|turn|168
|
|move|p2a: Clefable|Wish|p2a: Clefable
|move|p1a: Slowbro|Psyshock|p2a: Clefable
|-damage|p2a: Clefable|54\/394
|
|-heal|p2a: Clefable|78\/394|[from] item: Leftovers
|turn|169
|
|switch|p2a: Alomomola|Alomomola, M, shiny|497\/497
|switch|p1a: Chansey|Chansey, F|423\/642
|
|turn|170
|
|switch|p2a: Chansey|Chansey, F|473\/703
|switch|p1a: Slowbro|Slowbro, M|394\/394
|
|turn|171
|
|move|p2a: Chansey|Toxic|p1a: Slowbro
|-status|p1a: Slowbro|tox
|move|p1a: Slowbro|Psyshock|p2a: Chansey
|-damage|p2a: Chansey|343\/703
|
|-damage|p1a: Slowbro|370\/394 tox|[from] psn
|turn|172
|
|switch|p1a: Chansey|Chansey, F|423\/642
|move|p2a: Chansey|Soft-Boiled|p2a: Chansey
|-heal|p2a: Chansey|695\/703
|
|turn|173
|
|move|p2a: Chansey|Seismic Toss|p1a: Chansey
|-damage|p1a: Chansey|323\/642
|move|p1a: Chansey|Thunder Wave|p2a: Chansey
|-status|p2a: Chansey|par
|
|turn|174
|
|switch|p2a: Alomomola|Alomomola, M, shiny|497\/497
|move|p1a: Chansey|Soft-Boiled|p1a: Chansey
|-heal|p1a: Chansey|642\/642
|
|turn|175
|
|switch|p1a: Slowbro|Slowbro, M|394\/394 tox
|move|p2a: Alomomola|Wish|p2a: Alomomola
|
|-damage|p1a: Slowbro|370\/394 tox|[from] psn
|turn|176
|
|switch|p1a: Chansey|Chansey, F|642\/642
|move|p2a: Alomomola|Mirror Coat|p1a: Chansey
|-fail|p1a: Chansey
|
|turn|177
|
|switch|p2a: Tangrowth|Tangrowth, M|404\/404
|move|p1a: Chansey|Thunder Wave|p2a: Tangrowth
|-status|p2a: Tangrowth|par
|
|turn|178
|
|switch|p1a: Sableye|Sableye-Mega, M|266\/304
|move|p2a: Tangrowth|Giga Drain|p1a: Sableye
|-damage|p1a: Sableye|178\/304
|
|turn|179
|
|switch|p1a: Chansey|Chansey, F|642\/642
|switch|p2a: Alomomola|Alomomola, M, shiny|497\/497
|
|turn|180
|
|move|p2a: Alomomola|Protect|p2a: Alomomola
|-singleturn|p2a: Alomomola|Protect
|move|p1a: Chansey|Seismic Toss|p2a: Alomomola
|-activate|p2a: Alomomola|Protect
|
|turn|181
|
|switch|p2a: Chansey|Chansey, F|695\/703
|move|p1a: Chansey|Thunder Wave|p2a: Chansey
|-status|p2a: Chansey|par
|
|turn|182
|
|switch|p1a: Sableye|Sableye-Mega, M|178\/304
|move|p2a: Chansey|Heal Bell|p2a: Chansey
|-cureteam|p2a: Chansey|[from] move: HealBell
|
|turn|183
|
|switch|p2a: Skarmory|Skarmory, M|292\/333
|move|p1a: Sableye|Knock Off|p2a: Skarmory
|-damage|p2a: Skarmory|255\/333
|
|turn|184
|
|switch|p2a: Clefable|Clefable, F, shiny|78\/394
|switch|p1a: Clefable|Clefable, F|394\/394
|
|-heal|p2a: Clefable|102\/394|[from] item: Leftovers
|turn|185
|
|switch|p1a: Chansey|Chansey, F|642\/642
|switch|p2a: Tangrowth|Tangrowth, M|404\/404
|
|turn|186
|
|switch|p1a: Slowbro|Slowbro, M|394\/394 tox
|switch|p2a: Chansey|Chansey, F|695\/703
|
|-damage|p1a: Slowbro|370\/394 tox|[from] psn
|turn|187
|
|switch|p1a: Sableye|Sableye-Mega, M|178\/304
|move|p2a: Chansey|Seismic Toss|p1a: Sableye
|-immune|p1a: Sableye|[msg]
|
|turn|188
|
|switch|p2a: Clefable|Clefable, F, shiny|102\/394
|switch|p1a: Chansey|Chansey, F|642\/642
|
|-heal|p2a: Clefable|126\/394|[from] item: Leftovers
|turn|189
|
|switch|p2a: Chansey|Chansey, F|695\/703
|move|p1a: Chansey|Thunder Wave|p2a: Chansey
|-status|p2a: Chansey|par
|
|turn|190
|
|switch|p1a: Sableye|Sableye-Mega, M|178\/304
|switch|p2a: Clefable|Clefable, F, shiny|126\/394
|
|-heal|p2a: Clefable|150\/394|[from] item: Leftovers
|turn|191
|
|switch|p1a: Chansey|Chansey, F|642\/642
|move|p2a: Clefable|Wish|p2a: Clefable
|
|-heal|p2a: Clefable|174\/394|[from] item: Leftovers
|turn|192
|
|switch|p2a: Chansey|Chansey, F|695\/703
|move|p1a: Chansey|Thunder Wave|p2a: Chansey
|-status|p2a: Chansey|par
|
|-heal|p2a: Chansey|703\/703 par|[from] move: Wish|[wisher] Clefable
|turn|193
|
|switch|p1a: Clefable|Clefable, F|394\/394
|move|p2a: Chansey|Seismic Toss|p1a: Clefable
|-damage|p1a: Clefable|294\/394
|
|-heal|p1a: Clefable|318\/394|[from] item: Leftovers
|turn|194
|
|move|p1a: Clefable|Stealth Rock|p2a: Chansey
|-sidestart|p2: Ugly Weirdo|move: Stealth Rock
|move|p2a: Chansey|Toxic|p1a: Clefable
|-status|p1a: Clefable|tox
|
|-heal|p1a: Clefable|342\/394 tox|[from] item: Leftovers
|-damage|p1a: Clefable|318\/394 tox|[from] psn
|turn|195
|
|switch|p1a: Sableye|Sableye-Mega, M|178\/304
|move|p2a: Chansey|Seismic Toss|p1a: Sableye
|-immune|p1a: Sableye|[msg]
|
|turn|196
|
|switch|p2a: Alomomola|Alomomola, M, shiny|497\/497
|-damage|p2a: Alomomola|435\/497|[from] Stealth Rock
|move|p1a: Sableye|Knock Off|p2a: Alomomola
|-damage|p2a: Alomomola|381\/497
|
|turn|197
|
|switch|p2a: Clefable|Clefable, F, shiny|174\/394
|switch|p1a: Slowbro|Slowbro, M|394\/394 tox
|
|-heal|p2a: Clefable|198\/394|[from] item: Leftovers
|-damage|p1a: Slowbro|370\/394 tox|[from] psn
|turn|198
|
|switch|p1a: Chansey|Chansey, F|642\/642
|move|p2a: Clefable|Wish|p2a: Clefable
|
|-heal|p2a: Clefable|222\/394|[from] item: Leftovers
|turn|199
|
|switch|p2a: Skarmory|Skarmory, M|255\/333
|-damage|p2a: Skarmory|214\/333|[from] Stealth Rock
|move|p1a: Chansey|Thunder Wave|p2a: Skarmory
|-status|p2a: Skarmory|par
|
|-heal|p2a: Skarmory|333\/333 par|[from] move: Wish|[wisher] Clefable
|turn|200
|
|move|p1a: Chansey|Aromatherapy|p1a: Chansey
|-cureteam|p1a: Chansey|[from] move: Aromatherapy
|cant|p2a: Skarmory|par
|
|turn|201
|
|switch|p1a: Slowbro|Slowbro, M|394\/394
|cant|p2a: Skarmory|par
|
|turn|202
|
|move|p1a: Slowbro|Scald|p2a: Skarmory
|-damage|p2a: Skarmory|201\/333 par
|cant|p2a: Skarmory|par
|
|turn|203
|
|switch|p2a: Clefable|Clefable, F, shiny|222\/394
|move|p1a: Slowbro|Scald|p2a: Clefable
|-damage|p2a: Clefable|119\/394
|
|-heal|p2a: Clefable|143\/394|[from] item: Leftovers
|turn|204
|
|switch|p2a: Chansey|Chansey, F|703\/703
|-damage|p2a: Chansey|616\/703|[from] Stealth Rock
|switch|p1a: Chansey|Chansey, F|642\/642
|
|turn|205
|
|switch|p1a: Sableye|Sableye-Mega, M|178\/304
|move|p2a: Chansey|Toxic|p1a: Sableye
|move|p1a: Sableye|Toxic|p2a: Chansey|[from]Magic Bounce
|-status|p2a: Chansey|tox
|
|-damage|p2a: Chansey|573\/703 tox|[from] psn
|turn|206
|
|switch|p2a: Skarmory|Skarmory, M|201\/333 par
|-damage|p2a: Skarmory|160\/333 par|[from] Stealth Rock
|move|p1a: Sableye|Recover|p1a: Sableye
|-heal|p1a: Sableye|304\/304
|
|turn|207
|
|switch|p1a: Slowbro|Slowbro, M|394\/394
|move|p2a: Skarmory|Defog|p1a: Slowbro
|-unboost|p1a: Slowbro|evasion|1
|-sideend|p2: Ugly Weirdo|Stealth Rock|[from] move: Defog|[of] p2a: Skarmory
|
|turn|208
|
|switch|p2a: Alomomola|Alomomola, M, shiny|497\/497
|move|p1a: Slowbro|Scald|p2a: Alomomola
|-resisted|p2a: Alomomola
|-damage|p2a: Alomomola|440\/497
|
|turn|209
|
|switch|p2a: Clefable|Clefable, F, shiny|143\/394
|switch|p1a: Clefable|Clefable, F|318\/394
|
|-heal|p2a: Clefable|167\/394|[from] item: Leftovers
|-heal|p1a: Clefable|342\/394|[from] item: Leftovers
|turn|210
|
|switch|p2a: Alomomola|Alomomola, M, shiny|497\/497
|move|p1a: Clefable|Stealth Rock|p2a: Alomomola
|-sidestart|p2: Ugly Weirdo|move: Stealth Rock
|
|-heal|p1a: Clefable|366\/394|[from] item: Leftovers
|turn|211
|
|switch|p1a: Sableye|Sableye-Mega, M|304\/304
|move|p2a: Alomomola|Scald|p1a: Sableye
|-damage|p1a: Sableye|259\/304
|
|turn|212
|
|switch|p1a: Slowbro|Slowbro, M|394\/394
|move|p2a: Alomomola|Scald|p1a: Slowbro
|-crit|p1a: Slowbro
|-resisted|p1a: Slowbro
|-damage|p1a: Slowbro|353\/394
|-status|p1a: Slowbro|brn
|
|-damage|p1a: Slowbro|304\/394 brn|[from] brn
|turn|213
|
|switch|p2a: Clefable|Clefable, F, shiny|167\/394
|move|p1a: Slowbro|Toxic|p2a: Clefable
|-status|p2a: Clefable|tox
|
|-heal|p2a: Clefable|191\/394 tox|[from] item: Leftovers
|-damage|p1a: Slowbro|255\/394 brn|[from] brn
|turn|214
|
|switch|p2a: Chansey|Chansey, F|573\/703
|-damage|p2a: Chansey|486\/703|[from] Stealth Rock
|switch|p1a: Chansey|Chansey, F|642\/642
|
|turn|215
|
|move|p2a: Chansey|Toxic|p1a: Chansey
|-status|p1a: Chansey|tox
|move|p1a: Chansey|Thunder Wave|p2a: Chansey
|-status|p2a: Chansey|par
|
|-damage|p1a: Chansey|602\/642 tox|[from] psn
|turn|216
|
|switch|p1a: Slowbro|Slowbro, M|386\/394 brn
|switch|p2a: Clefable|Clefable, F, shiny|191\/394 tox
|
|-heal|p2a: Clefable|215\/394 tox|[from] item: Leftovers
|-damage|p1a: Slowbro|337\/394 brn|[from] brn
|turn|217
|
|move|p2a: Clefable|Calm Mind|p2a: Clefable
|-boost|p2a: Clefable|spa|1
|-boost|p2a: Clefable|spd|1
|move|p1a: Slowbro|Scald|p2a: Clefable
|-damage|p2a: Clefable|146\/394 tox
|
|-heal|p2a: Clefable|170\/394 tox|[from] item: Leftovers
|-damage|p1a: Slowbro|288\/394 brn|[from] brn
|turn|218
|
|switch|p1a: Chansey|Chansey, F|602\/642
|move|p2a: Clefable|Wish|p2a: Clefable
|
|-heal|p2a: Clefable|194\/394 tox|[from] item: Leftovers
|turn|219
|
|move|p2a: Clefable|Calm Mind|p2a: Clefable
|-boost|p2a: Clefable|spa|1
|-boost|p2a: Clefable|spd|1
|move|p1a: Chansey|Seismic Toss|p2a: Clefable
|-damage|p2a: Clefable|94\/394 tox
|
|-heal|p2a: Clefable|291\/394 tox|[from] move: Wish|[wisher] Clefable
|-heal|p2a: Clefable|315\/394 tox|[from] item: Leftovers
|turn|220
|
|move|p2a: Clefable|Calm Mind|p2a: Clefable
|-boost|p2a: Clefable|spa|1
|-boost|p2a: Clefable|spd|1
|move|p1a: Chansey|Seismic Toss|p2a: Clefable
|-damage|p2a: Clefable|215\/394 tox
|
|-heal|p2a: Clefable|239\/394 tox|[from] item: Leftovers
|turn|221
|
|move|p2a: Clefable|Wish|p2a: Clefable
|move|p1a: Chansey|Seismic Toss|p2a: Clefable
|-damage|p2a: Clefable|139\/394 tox
|
|-heal|p2a: Clefable|163\/394 tox|[from] item: Leftovers
|turn|222
|
|move|p2a: Clefable|Calm Mind|p2a: Clefable
|-boost|p2a: Clefable|spa|1
|-boost|p2a: Clefable|spd|1
|move|p1a: Chansey|Seismic Toss|p2a: Clefable
|-damage|p2a: Clefable|63\/394 tox
|
|-heal|p2a: Clefable|260\/394 tox|[from] move: Wish|[wisher] Clefable
|-heal|p2a: Clefable|284\/394 tox|[from] item: Leftovers
|turn|223
|
|move|p2a: Clefable|Moonblast|p1a: Chansey
|-damage|p1a: Chansey|367\/642
|move|p1a: Chansey|Seismic Toss|p2a: Clefable
|-damage|p2a: Clefable|184\/394 tox
|
|-heal|p2a: Clefable|208\/394 tox|[from] item: Leftovers
|turn|224
|
|move|p2a: Clefable|Wish|p2a: Clefable
|move|p1a: Chansey|Soft-Boiled|p1a: Chansey
|-heal|p1a: Chansey|642\/642
|
|-heal|p2a: Clefable|232\/394 tox|[from] item: Leftovers
|turn|225
|
|move|p2a: Clefable|Calm Mind|p2a: Clefable
|-boost|p2a: Clefable|spa|1
|-boost|p2a: Clefable|spd|1
|move|p1a: Chansey|Seismic Toss|p2a: Clefable
|-damage|p2a: Clefable|132\/394 tox
|
|-heal|p2a: Clefable|329\/394 tox|[from] move: Wish|[wisher] Clefable
|-heal|p2a: Clefable|353\/394 tox|[from] item: Leftovers
|turn|226
|
|move|p2a: Clefable|Moonblast|p1a: Chansey
|-damage|p1a: Chansey|369\/642
|-unboost|p1a: Chansey|spa|1
|move|p1a: Chansey|Seismic Toss|p2a: Clefable
|-damage|p2a: Clefable|253\/394 tox
|
|-heal|p2a: Clefable|277\/394 tox|[from] item: Leftovers
|turn|227
|join|TwiiXxToTheTop
|
|move|p2a: Clefable|Moonblast|p1a: Chansey
|-damage|p1a: Chansey|66\/642
|-unboost|p1a: Chansey|spa|1
|move|p1a: Chansey|Soft-Boiled|p1a: Chansey
|-heal|p1a: Chansey|387\/642
|
|-heal|p2a: Clefable|301\/394 tox|[from] item: Leftovers
|turn|228
|c| TwiiXxToTheTop|os divertis?
|
|move|p2a: Clefable|Calm Mind|p2a: Clefable
|-boost|p2a: Clefable|spa|1
|-boost|p2a: Clefable|spd|1
|move|p1a: Chansey|Soft-Boiled|p1a: Chansey
|-heal|p1a: Chansey|642\/642
|
|-heal|p2a: Clefable|325\/394 tox|[from] item: Leftovers
|turn|229
|
|move|p2a: Clefable|Moonblast|p1a: Chansey
|-damage|p1a: Chansey|327\/642
|move|p1a: Chansey|Seismic Toss|p2a: Clefable
|-damage|p2a: Clefable|225\/394 tox
|
|-heal|p2a: Clefable|249\/394 tox|[from] item: Leftovers
|turn|230
|
|move|p2a: Clefable|Moonblast|p1a: Chansey
|-damage|p1a: Chansey|12\/642
|move|p1a: Chansey|Soft-Boiled|p1a: Chansey
|-heal|p1a: Chansey|333\/642
|
|-heal|p2a: Clefable|273\/394 tox|[from] item: Leftovers
|turn|231
|
|switch|p1a: Clefable|Clefable, F|366\/394
|move|p2a: Clefable|Moonblast|p1a: Clefable
|-damage|p1a: Clefable|246\/394
|-unboost|p1a: Clefable|spa|1
|
|-heal|p1a: Clefable|270\/394|[from] item: Leftovers
|-heal|p2a: Clefable|297\/394 tox|[from] item: Leftovers
|turn|232
|
|move|p1a: Clefable|Moonblast|p2a: Clefable
|-damage|p2a: Clefable|219\/394 tox
|move|p2a: Clefable|Moonblast|p1a: Clefable
|-damage|p1a: Clefable|153\/394
|
|-heal|p2a: Clefable|243\/394 tox|[from] item: Leftovers
|-heal|p1a: Clefable|177\/394|[from] item: Leftovers
|turn|233
|
|move|p1a: Clefable|Protect|p1a: Clefable
|-singleturn|p1a: Clefable|Protect
|move|p2a: Clefable|Flamethrower|p1a: Clefable
|-activate|p1a: Clefable|Protect
|
|-heal|p1a: Clefable|201\/394|[from] item: Leftovers
|-heal|p2a: Clefable|267\/394 tox|[from] item: Leftovers
|turn|234
|
|move|p1a: Clefable|Wish|p1a: Clefable
|move|p2a: Clefable|Moonblast|p1a: Clefable
|-damage|p1a: Clefable|77\/394
|-unboost|p1a: Clefable|spa|1
|
|-heal|p2a: Clefable|291\/394 tox|[from] item: Leftovers
|-heal|p1a: Clefable|101\/394|[from] item: Leftovers
|turn|235
|
|move|p1a: Clefable|Protect|p1a: Clefable
|-singleturn|p1a: Clefable|Protect
|move|p2a: Clefable|Moonblast|p1a: Clefable
|-activate|p1a: Clefable|Protect
|
|-heal|p1a: Clefable|298\/394|[from] move: Wish|[wisher] Clefable
|-heal|p1a: Clefable|322\/394|[from] item: Leftovers
|-heal|p2a: Clefable|315\/394 tox|[from] item: Leftovers
|turn|236
|
|move|p1a: Clefable|Moonblast|p2a: Clefable
|-damage|p2a: Clefable|257\/394 tox
|move|p2a: Clefable|Flamethrower|p1a: Clefable
|-damage|p1a: Clefable|243\/394
|
|-heal|p1a: Clefable|267\/394|[from] item: Leftovers
|-heal|p2a: Clefable|281\/394 tox|[from] item: Leftovers
|turn|237
|
|move|p1a: Clefable|Wish|p1a: Clefable
|move|p2a: Clefable|Flamethrower|p1a: Clefable
|-damage|p1a: Clefable|193\/394
|
|-heal|p2a: Clefable|305\/394 tox|[from] item: Leftovers
|-heal|p1a: Clefable|217\/394|[from] item: Leftovers
|turn|238
|
|move|p1a: Clefable|Protect|p1a: Clefable
|-singleturn|p1a: Clefable|Protect
|move|p2a: Clefable|Flamethrower|p1a: Clefable
|-activate|p1a: Clefable|Protect
|
|-heal|p1a: Clefable|394\/394|[from] move: Wish|[wisher] Clefable
|-heal|p2a: Clefable|329\/394 tox|[from] item: Leftovers
|turn|239
|
|move|p2a: Clefable|Flamethrower|p1a: Clefable
|-damage|p1a: Clefable|316\/394
|move|p1a: Clefable|Wish|p1a: Clefable
|
|-heal|p2a: Clefable|353\/394 tox|[from] item: Leftovers
|-heal|p1a: Clefable|340\/394|[from] item: Leftovers
|turn|240
|
|switch|p1a: Chansey|Chansey, F|333\/642
|move|p2a: Clefable|Calm Mind|p2a: Clefable
|-fail|p2a: Clefable
|
|-heal|p1a: Chansey|530\/642|[from] move: Wish|[wisher] Clefable
|-heal|p2a: Clefable|377\/394 tox|[from] item: Leftovers
|turn|241
|
|move|p2a: Clefable|Moonblast|p1a: Chansey
|-damage|p1a: Chansey|220\/642
|move|p1a: Chansey|Soft-Boiled|p1a: Chansey
|-heal|p1a: Chansey|541\/642
|
|-heal|p2a: Clefable|394\/394 tox|[from] item: Leftovers
|turn|242
|
|move|p2a: Clefable|Flamethrower|p1a: Chansey
|-damage|p1a: Chansey|317\/642
|move|p1a: Chansey|Soft-Boiled|p1a: Chansey
|-heal|p1a: Chansey|638\/642
|
|turn|243
|
|move|p2a: Clefable|Flamethrower|p1a: Chansey
|-damage|p1a: Chansey|441\/642
|move|p1a: Chansey|Seismic Toss|p2a: Clefable
|-damage|p2a: Clefable|294\/394 tox
|
|-heal|p2a: Clefable|318\/394 tox|[from] item: Leftovers
|turn|244
|
|move|p2a: Clefable|Moonblast|p1a: Chansey
|-damage|p1a: Chansey|102\/642
|move|p1a: Chansey|Seismic Toss|p2a: Clefable
|-damage|p2a: Clefable|218\/394 tox
|
|-heal|p2a: Clefable|242\/394 tox|[from] item: Leftovers
|turn|245
|
|switch|p1a: Clefable|Clefable, F|340\/394
|move|p2a: Clefable|Flamethrower|p1a: Clefable
|-damage|p1a: Clefable|262\/394
|
|-heal|p1a: Clefable|286\/394|[from] item: Leftovers
|-heal|p2a: Clefable|266\/394 tox|[from] item: Leftovers
|turn|246
|
|move|p1a: Clefable|Protect|p1a: Clefable
|-singleturn|p1a: Clefable|Protect
|move|p2a: Clefable|Flamethrower|p1a: Clefable
|-activate|p1a: Clefable|Protect
|
|-heal|p2a: Clefable|290\/394 tox|[from] item: Leftovers
|-heal|p1a: Clefable|310\/394|[from] item: Leftovers
|turn|247
|
|move|p2a: Clefable|Moonblast|p1a: Clefable
|-damage|p1a: Clefable|189\/394
|-unboost|p1a: Clefable|spa|1
|move|p1a: Clefable|Stealth Rock|p2a: Clefable
|-fail|p2a: Clefable
|
|-heal|p2a: Clefable|314\/394 tox|[from] item: Leftovers
|-heal|p1a: Clefable|213\/394|[from] item: Leftovers
|turn|248
|
|move|p2a: Clefable|Calm Mind|p2a: Clefable
|-fail|p2a: Clefable
|move|p1a: Clefable|Wish|p1a: Clefable
|
|-heal|p1a: Clefable|237\/394|[from] item: Leftovers
|-heal|p2a: Clefable|338\/394 tox|[from] item: Leftovers
|turn|249
|
|move|p1a: Clefable|Stealth Rock|p2a: Clefable
|-fail|p2a: Clefable
|move|p2a: Clefable|Flamethrower|p1a: Clefable
|-crit|p1a: Clefable
|-damage|p1a: Clefable|124\/394
|
|-heal|p1a: Clefable|321\/394|[from] move: Wish|[wisher] Clefable
|-heal|p1a: Clefable|345\/394|[from] item: Leftovers
|-heal|p2a: Clefable|362\/394 tox|[from] item: Leftovers
|turn|250
|
|switch|p1a: Slowbro|Slowbro, M|394\/394 brn
|move|p2a: Clefable|Flamethrower|p1a: Slowbro
|-resisted|p1a: Slowbro
|-damage|p1a: Slowbro|241\/394 brn
|
|-heal|p2a: Clefable|386\/394 tox|[from] item: Leftovers
|-damage|p1a: Slowbro|192\/394 brn|[from] brn
|turn|251
|
|switch|p1a: Clefable|Clefable, F|345\/394
|move|p2a: Clefable|Moonblast|p1a: Clefable
|-damage|p1a: Clefable|222\/394
|
|-heal|p2a: Clefable|394\/394 tox|[from] item: Leftovers
|-heal|p1a: Clefable|246\/394|[from] item: Leftovers
|turn|252
|
|move|p2a: Clefable|Flamethrower|p1a: Clefable
|-damage|p1a: Clefable|167\/394
|move|p1a: Clefable|Wish|p1a: Clefable
|
|-heal|p1a: Clefable|191\/394|[from] item: Leftovers
|turn|253
|
|move|p1a: Clefable|Protect|p1a: Clefable
|-singleturn|p1a: Clefable|Protect
|move|p2a: Clefable|Flamethrower|p1a: Clefable
|-activate|p1a: Clefable|Protect
|
|-heal|p1a: Clefable|388\/394|[from] move: Wish|[wisher] Clefable
|-heal|p1a: Clefable|394\/394|[from] item: Leftovers
|turn|254
|
|move|p1a: Clefable|Protect|p1a: Clefable
|-singleturn|p1a: Clefable|Protect
|move|p2a: Clefable|Calm Mind|p2a: Clefable
|-fail|p2a: Clefable
|
|turn|255
|
|move|p1a: Clefable|Protect|p1a: Clefable
|-fail|p1a: Clefable
|move|p2a: Clefable|Flamethrower|p1a: Clefable
|-damage|p1a: Clefable|318\/394
|-status|p1a: Clefable|brn
|
|-heal|p1a: Clefable|342\/394 brn|[from] item: Leftovers
|-damage|p1a: Clefable|293\/394 brn|[from] brn
|turn|256
|
|move|p2a: Clefable|Flamethrower|p1a: Clefable
|-damage|p1a: Clefable|214\/394 brn
|move|p1a: Clefable|Wish|p1a: Clefable
|
|-heal|p1a: Clefable|238\/394 brn|[from] item: Leftovers
|-damage|p1a: Clefable|189\/394 brn|[from] brn
|turn|257
|
|move|p1a: Clefable|Protect|p1a: Clefable
|-singleturn|p1a: Clefable|Protect
|move|p2a: Clefable|Calm Mind|p2a: Clefable
|-fail|p2a: Clefable
|
|-heal|p1a: Clefable|386\/394 brn|[from] move: Wish|[wisher] Clefable
|-heal|p1a: Clefable|394\/394 brn|[from] item: Leftovers
|-damage|p1a: Clefable|345\/394 brn|[from] brn
|turn|258
|
|switch|p1a: Slowbro|Slowbro, M|323\/394 brn
|move|p2a: Clefable|Moonblast|p1a: Slowbro
|-damage|p1a: Slowbro|0 fnt
|faint|p1a: Slowbro
|
|join|Mndez
|
|switch|p1a: Clefable|Clefable, F|345\/394 brn
|turn|259
|
|move|p1a: Clefable|Protect|p1a: Clefable
|-singleturn|p1a: Clefable|Protect
|move|p2a: Clefable|Calm Mind|p2a: Clefable
|-fail|p2a: Clefable
|
|-heal|p1a: Clefable|369\/394 brn|[from] item: Leftovers
|-damage|p1a: Clefable|320\/394 brn|[from] brn
|turn|260
|
|move|p2a: Clefable|Flamethrower|p1a: Clefable
|-damage|p1a: Clefable|249\/394 brn
|move|p1a: Clefable|Stealth Rock|p2a: Clefable
|-fail|p2a: Clefable
|
|-heal|p1a: Clefable|273\/394 brn|[from] item: Leftovers
|-damage|p1a: Clefable|224\/394 brn|[from] brn
|turn|261
|
|move|p2a: Clefable|Calm Mind|p2a: Clefable
|-fail|p2a: Clefable
|move|p1a: Clefable|Wish|p1a: Clefable
|
|-heal|p1a: Clefable|248\/394 brn|[from] item: Leftovers
|-damage|p1a: Clefable|199\/394 brn|[from] brn
|turn|262
|
|move|p1a: Clefable|Protect|p1a: Clefable
|-singleturn|p1a: Clefable|Protect
|move|p2a: Clefable|Calm Mind|p2a: Clefable
|-fail|p2a: Clefable
|
|-heal|p1a: Clefable|394\/394 brn|[from] move: Wish|[wisher] Clefable
|-damage|p1a: Clefable|345\/394 brn|[from] brn
|turn|263
|join|lucia metalera
|join|emilixon
|
|move|p1a: Clefable|Stealth Rock|p2a: Clefable
|-fail|p2a: Clefable
|move|p2a: Clefable|Calm Mind|p2a: Clefable
|-fail|p2a: Clefable
|
|-heal|p1a: Clefable|369\/394 brn|[from] item: Leftovers
|-damage|p1a: Clefable|320\/394 brn|[from] brn
|turn|264
|join|crack-warrior
|
|move|p1a: Clefable|Stealth Rock|p2a: Clefable
|-fail|p2a: Clefable
|move|p2a: Clefable|Flamethrower|p1a: Clefable
|-damage|p1a: Clefable|243\/394 brn
|
|-heal|p1a: Clefable|267\/394 brn|[from] item: Leftovers
|-damage|p1a: Clefable|218\/394 brn|[from] brn
|turn|265
|leave|emilixon
|join|poketati
|leave|crack-warrior
|leave|poketati
|c| lucia metalera|LOL XD
|c| TwiiXxToTheTop|flipa
|c|âBakun|kkkkkkk
|
|move|p1a: Clefable|Wish|p1a: Clefable
|move|p2a: Clefable|Flamethrower|p1a: Clefable
|-damage|p1a: Clefable|138\/394 brn
|
|-heal|p1a: Clefable|162\/394 brn|[from] item: Leftovers
|-damage|p1a: Clefable|113\/394 brn|[from] brn
|turn|266
|c| MrPoke16|Llevan 2 horas
|
|move|p1a: Clefable|Protect|p1a: Clefable
|-singleturn|p1a: Clefable|Protect
|move|p2a: Clefable|Calm Mind|p2a: Clefable
|-fail|p2a: Clefable
|
|-heal|p1a: Clefable|310\/394 brn|[from] move: Wish|[wisher] Clefable
|-heal|p1a: Clefable|334\/394 brn|[from] item: Leftovers
|-damage|p1a: Clefable|285\/394 brn|[from] brn
|turn|267
|c|âBakun|pra vc ver
|c|âBakun|'-'
|c| lucia metalera|xDDDDD
|leave|lucia metalera
|
|move|p1a: Clefable|Wish|p1a: Clefable
|move|p2a: Clefable|Flamethrower|p1a: Clefable
|-damage|p1a: Clefable|209\/394 brn
|
|-heal|p1a: Clefable|233\/394 brn|[from] item: Leftovers
|-damage|p1a: Clefable|184\/394 brn|[from] brn
|turn|268
|c|âBakun|ainda bem q to jogando outras por fora
|c|âBakun|sahsuiahs
|
|move|p1a: Clefable|Protect|p1a: Clefable
|-singleturn|p1a: Clefable|Protect
|move|p2a: Clefable|Calm Mind|p2a: Clefable
|-fail|p2a: Clefable
|
|-heal|p1a: Clefable|381\/394 brn|[from] move: Wish|[wisher] Clefable
|-heal|p1a: Clefable|394\/394 brn|[from] item: Leftovers
|-damage|p1a: Clefable|345\/394 brn|[from] brn
|turn|269
|
|move|p1a: Clefable|Moonblast|p2a: Clefable
|-damage|p2a: Clefable|276\/394 tox
|move|p2a: Clefable|Moonblast|p1a: Clefable
|-damage|p1a: Clefable|219\/394 brn
|-unboost|p1a: Clefable|spa|1
|
|-heal|p2a: Clefable|300\/394 tox|[from] item: Leftovers
|-heal|p1a: Clefable|243\/394 brn|[from] item: Leftovers
|-damage|p1a: Clefable|194\/394 brn|[from] brn
|turn|270
|c| Mndez|its the longest battle ever
|c| Mndez|LOL
|c| Mndez|i think
|c| TwiiXxToTheTop|i think
|
|move|p2a: Clefable|Moonblast|p1a: Clefable
|-damage|p1a: Clefable|85\/394 brn
|move|p1a: Clefable|Wish|p1a: Clefable
|
|-heal|p2a: Clefable|324\/394 tox|[from] item: Leftovers
|-heal|p1a: Clefable|109\/394 brn|[from] item: Leftovers
|-damage|p1a: Clefable|60\/394 brn|[from] brn
|turn|271
|
|move|p2a: Clefable|Flamethrower|p1a: Clefable
|-damage|p1a: Clefable|0 fnt
|faint|p1a: Clefable
|
|-heal|p2a: Clefable|348\/394 tox|[from] item: Leftovers
|c|âBakun|hsuahs
|c|âBakun|gg
|
|switch|p1a: Chansey|Chansey, F|102\/642
|turn|272
|
|move|p2a: Clefable|Moonblast|p1a: Chansey
|-damage|p1a: Chansey|0 fnt
|faint|p1a: Chansey
|
|-heal|p2a: Clefable|372\/394 tox|[from] item: Leftovers
|c|âUgly Weirdo|Gg
|
|switch|p1a: Sableye|Sableye-Mega, M|259\/304
|turn|273
|
|move|p2a: Clefable|Moonblast|p1a: Sableye
|-supereffective|p1a: Sableye
|-damage|p1a: Sableye|0 fnt
|faint|p1a: Sableye
|
|win|Ugly Weirdo
|raw|Ladder updating...
|raw|Bakun's rating: 1488 &rarr; <strong>1461<\/strong><br \/>(-27 for losing)
|raw|Ugly Weirdo's rating: 1344 &rarr; <strong>1372<\/strong><br \/>(+28 for winning)
|c|âUgly Weirdo|Good team BTW ;)