|join|rnd900
|join|Ugly Weirdo
|player|p1|rnd900|101
|player|p2|Ugly Weirdo|42
|gametype|singles
|gen|6
|tier|OU (suspect test)
|rated
|clearpoke
|poke|p1|Shedinja
|poke|p1|Lickilicky, M
|poke|p1|Skarmory, F
|poke|p1|Blissey, F
|poke|p1|Thundurus, M
|poke|p1|Torkoal, F
|poke|p2|Sableye, M
|poke|p2|Tangrowth, M
|poke|p2|Skarmory, M
|poke|p2|Chansey, F
|poke|p2|Clefable, M, shiny
|poke|p2|Alomomola, M, shiny
|rule|Swagger Clause: Swagger is banned
|rule|Baton Pass Clause: Limit one PokÃ©mon knowing Baton Pass
|rule|Sleep Clause Mod: Limit one foe put to sleep
|rule|Species Clause: Limit one of each PokÃ©mon
|rule|OHKO Clause: OHKO moves are banned
|rule|Moody Clause: Moody is banned
|rule|Evasion Moves Clause: Evasion moves are banned
|rule|Endless Battle Clause: Forcing endless battles is banned
|rule|HP Percentage Mod: HP is shown in percentages
|teampreview
|
|start
|switch|p1a: Shedinja|Shedinja|1\/1
|switch|p2a: Sableye|Sableye, M|304\/304
|turn|1
|
|detailschange|p2a: Sableye|Sableye-Mega, M
|-mega|p2a: Sableye|Sableye|Sablenite
|move|p2a: Sableye|Will-O-Wisp|p1a: Shedinja
|-status|p1a: Shedinja|brn
|move|p1a: Shedinja|X-Scissor|p2a: Sableye
|-damage|p2a: Sableye|256\/304
|-damage|p1a: Shedinja|0 fnt|[from] item: Life Orb
|faint|p1a: Shedinja
|
|join|Hunker
|
|switch|p1a: Torkoal|Torkoal, F|281\/281
|turn|2
|
|switch|p2a: Alomomola|Alomomola, M, shiny|497\/497
|move|p1a: Torkoal|Shell Smash|p1a: Torkoal
|-boost|p1a: Torkoal|atk|2
|-boost|p1a: Torkoal|spa|2
|-boost|p1a: Torkoal|spe|2
|-unboost|p1a: Torkoal|def|1
|-unboost|p1a: Torkoal|spd|1
|
|turn|3
|
|move|p1a: Torkoal|Solar Beam|p2a: Alomomola|[still]
|-prepare|p1a: Torkoal|Solar Beam|p2a: Alomomola
|-enditem|p1a: Torkoal|Power Herb
|-anim|p1a: Torkoal|Solar Beam|p2a: Alomomola
|-crit|p2a: Alomomola
|-supereffective|p2a: Alomomola
|-damage|p2a: Alomomola|0 fnt
|faint|p2a: Alomomola
|
|
|switch|p2a: Chansey|Chansey, F|703\/703
|turn|4
|
|move|p1a: Torkoal|Shell Smash|p1a: Torkoal
|-boost|p1a: Torkoal|atk|2
|-boost|p1a: Torkoal|spa|2
|-boost|p1a: Torkoal|spe|2
|-unboost|p1a: Torkoal|def|1
|-unboost|p1a: Torkoal|spd|1
|move|p2a: Chansey|Toxic|p1a: Torkoal
|-status|p1a: Torkoal|tox
|
|-damage|p1a: Torkoal|264\/281 tox|[from] psn
|turn|5
|leave|Hunker
|
|move|p1a: Torkoal|Superpower|p2a: Chansey
|-supereffective|p2a: Chansey
|-damage|p2a: Chansey|55\/703
|-unboost|p1a: Torkoal|atk|1
|-unboost|p1a: Torkoal|def|1
|move|p2a: Chansey|Seismic Toss|p1a: Torkoal
|-damage|p1a: Torkoal|164\/281 tox
|
|-damage|p1a: Torkoal|130\/281 tox|[from] psn
|turn|6
|
|switch|p2a: Sableye|Sableye-Mega, M|256\/304
|move|p1a: Torkoal|Fire Blast|p2a: Sableye|[miss]
|-miss|p1a: Torkoal|p2a: Sableye
|
|-damage|p1a: Torkoal|79\/281 tox|[from] psn
|turn|7
|
|switch|p2a: Clefable|Clefable, M, shiny|394\/394
|move|p1a: Torkoal|Fire Blast|p2a: Clefable
|-damage|p2a: Clefable|0 fnt
|faint|p2a: Clefable
|
|-damage|p1a: Torkoal|11\/281 tox|[from] psn
|
|switch|p2a: Skarmory|Skarmory, M|333\/333
|turn|8
|
|move|p1a: Torkoal|Fire Blast|p2a: Skarmory|[miss]
|-miss|p1a: Torkoal|p2a: Skarmory
|move|p2a: Skarmory|Roost|p2a: Skarmory
|-fail|p2a: Skarmory
|
|-damage|p1a: Torkoal|0 fnt|[from] psn
|faint|p1a: Torkoal
|
|switch|p1a: Blissey|Blissey, F|652\/652
|turn|9
|
|switch|p2a: Sableye|Sableye-Mega, M|256\/304
|move|p1a: Blissey|Fire Blast|p2a: Sableye
|-crit|p2a: Sableye
|-damage|p2a: Sableye|45\/304
|
|turn|10
|
|move|p1a: Blissey|Fire Blast|p2a: Sableye
|-damage|p2a: Sableye|0 fnt
|faint|p2a: Sableye
|
|
|switch|p2a: Tangrowth|Tangrowth, M|404\/404
|turn|11
|
|move|p1a: Blissey|Fire Blast|p2a: Tangrowth
|-supereffective|p2a: Tangrowth
|-damage|p2a: Tangrowth|154\/404
|move|p2a: Tangrowth|Knock Off|p1a: Blissey
|-damage|p1a: Blissey|513\/652
|-enditem|p1a: Blissey|Choice Specs|[from] move: Knock Off|[of] p2a: Tangrowth
|
|turn|12
|
|switch|p2a: Skarmory|Skarmory, M|333\/333
|move|p1a: Blissey|Fire Blast|p2a: Skarmory
|-supereffective|p2a: Skarmory
|-damage|p2a: Skarmory|73\/333
|
|turn|13
|-message|Ugly Weirdo forfeited.
|leave|Ugly Weirdo
|
|win|rnd900
|raw|Ladder updating...
|player|p2
|raw|rnd900's rating: 1412 &rarr; <strong>1430<\/strong><br \/>(+18 for winning)
|raw|Ugly Weirdo's rating: 1368 &rarr; <strong>1351<\/strong><br \/>(-17 for losing)