|join|TYL3RDURD3N
|join|doctor sparkks
|player|p1|TYL3RDURD3N|2
|player|p2|doctor sparkks|101
|gametype|singles
|gen|6
|tier|UU
|rated
|rule|Sleep Clause Mod: Limit one foe put to sleep
|rule|Species Clause: Limit one of each PokÃ©mon
|rule|OHKO Clause: OHKO moves are banned
|rule|Moody Clause: Moody is banned
|rule|Evasion Moves Clause: Evasion moves are banned
|rule|Endless Battle Clause: Forcing endless battles is banned
|rule|HP Percentage Mod: HP is shown in percentages
|clearpoke
|poke|p1|Jirachi
|poke|p1|Crobat, M
|poke|p1|Swampert, M
|poke|p1|Celebi
|poke|p1|Florges, F
|poke|p1|Krookodile, M
|poke|p2|Florges, F
|poke|p2|Forretress, F
|poke|p2|Suicune
|poke|p2|Shaymin
|poke|p2|Arcanine, F
|poke|p2|Mienshao, F
|rule|Swagger Clause: Swagger is banned
|rule|Baton Pass Clause: Limit one PokÃ©mon knowing Baton Pass
|teampreview
|
|start
|switch|p1a: Swampert|Swampert, M|404\/404
|switch|p2a: Forretress|Forretress, F|354\/354
|turn|1
|
|move|p1a: Swampert|Stealth Rock|p2a: Forretress
|-sidestart|p2: doctor sparkks|move: Stealth Rock
|move|p2a: Forretress|Stealth Rock|p1a: Swampert
|-sidestart|p1: TYL3RDURD3N|move: Stealth Rock
|
|turn|2
|
|switch|p2a: Shaymin|Shaymin|341\/341
|-damage|p2a: Shaymin|299\/341|[from] Stealth Rock
|move|p1a: Swampert|Roar|p2a: Shaymin
|drag|p2a: Suicune|Suicune|404\/404
|-damage|p2a: Suicune|354\/404|[from] Stealth Rock
|-ability|p2a: Suicune|Pressure
|
|-heal|p2a: Suicune|379\/404|[from] item: Leftovers
|turn|3
|c|âTYL3RDURD3N|wtf
|c|âTYL3RDURD3N|why does showdown lag so badly you poopyhead
|
|switch|p1a: Celebi|Celebi|404\/404
|-damage|p1a: Celebi|354\/404|[from] Stealth Rock
|move|p2a: Suicune|Scald|p1a: Celebi
|-resisted|p1a: Celebi
|-damage|p1a: Celebi|320\/404
|-status|p1a: Celebi|brn
|
|-heal|p1a: Celebi|345\/404 brn|[from] item: Leftovers
|-heal|p2a: Suicune|404\/404|[from] item: Leftovers
|-damage|p1a: Celebi|295\/404 brn|[from] brn
|turn|4
|c|âdoctor sparkks|why are you insulting me..?
|
|switch|p2a: Florges|Florges, F|360\/360
|-damage|p2a: Florges|315\/360|[from] Stealth Rock
|move|p1a: Celebi|Recover|p1a: Celebi
|-heal|p1a: Celebi|404\/404 brn
|
|-heal|p2a: Florges|337\/360|[from] item: Leftovers
|-damage|p1a: Celebi|354\/404 brn|[from] brn
|turn|5
|c|âTYL3RDURD3N|what
|c|âTYL3RDURD3N|asshole
|c|âdoctor sparkks|... mkay?
|c|âTYL3RDURD3N|prick
|
|move|p1a: Celebi|Leech Seed|p2a: Florges
|-start|p2a: Florges|move: Leech Seed
|move|p2a: Florges|Moonblast|p1a: Celebi
|-damage|p1a: Celebi|254\/404 brn
|-unboost|p1a: Celebi|spa|1
|
|-heal|p1a: Celebi|279\/404 brn|[from] item: Leftovers
|-heal|p2a: Florges|359\/360|[from] item: Leftovers
|-damage|p2a: Florges|314\/360|[from] Leech Seed|[of] p1a: Celebi
|-heal|p1a: Celebi|324\/404 brn|[silent]
|-damage|p1a: Celebi|274\/404 brn|[from] brn
|turn|6
|
|switch|p1a: Jirachi|Jirachi|345\/345
|-damage|p1a: Jirachi|324\/345|[from] Stealth Rock
|switch|p2a: Forretress|Forretress, F|354\/354
|-damage|p2a: Forretress|310\/354|[from] Stealth Rock
|
|-heal|p2a: Forretress|332\/354|[from] item: Leftovers
|turn|7
|
|switch|p2a: Suicune|Suicune|404\/404
|-damage|p2a: Suicune|354\/404|[from] Stealth Rock
|-ability|p2a: Suicune|Pressure
|move|p1a: Jirachi|Fire Punch|p2a: Suicune
|-resisted|p2a: Suicune
|-damage|p2a: Suicune|332\/404
|
|-heal|p2a: Suicune|357\/404|[from] item: Leftovers
|turn|8
|
|switch|p1a: Celebi|Celebi|274\/404
|-damage|p1a: Celebi|224\/404|[from] Stealth Rock
|switch|p2a: Forretress|Forretress, F|332\/354
|-damage|p2a: Forretress|288\/354|[from] Stealth Rock
|
|-heal|p1a: Celebi|249\/404|[from] item: Leftovers
|-heal|p2a: Forretress|310\/354|[from] item: Leftovers
|turn|9
|
|move|p1a: Celebi|Leech Seed|p2a: Forretress
|-start|p2a: Forretress|move: Leech Seed
|move|p2a: Forretress|Rapid Spin|p1a: Celebi
|-damage|p1a: Celebi|234\/404
|-end|p2a: Forretress|Leech Seed|[from] move: Rapid Spin|[of] p2a: Forretress
|-sideend|p2: doctor sparkks|Stealth Rock|[from] move: Rapid Spin|[of] p2a: Forretress
|
|-heal|p1a: Celebi|259\/404|[from] item: Leftovers
|-heal|p2a: Forretress|332\/354|[from] item: Leftovers
|turn|10
|
|switch|p2a: Arcanine|Arcanine, F|321\/321
|-ability|p2a: Arcanine|Intimidate|[of] p1a: Celebi
|-unboost|p1a: Celebi|atk|1
|move|p1a: Celebi|Recover|p1a: Celebi
|-heal|p1a: Celebi|404\/404
|
|turn|11
|
|switch|p2a: Shaymin|Shaymin|299\/341
|switch|p1a: Swampert|Swampert, M|404\/404
|-damage|p1a: Swampert|379\/404|[from] Stealth Rock
|
|-heal|p1a: Swampert|404\/404|[from] item: Leftovers
|turn|12
|
|switch|p1a: Crobat|Crobat, M|373\/373
|-damage|p1a: Crobat|280\/373|[from] Stealth Rock
|move|p2a: Shaymin|Seed Flare|p1a: Crobat
|-resisted|p1a: Crobat
|-damage|p1a: Crobat|216\/373
|-unboost|p1a: Crobat|spd|2
|-damage|p2a: Shaymin|265\/341|[from] item: Life Orb
|
|-heal|p1a: Crobat|239\/373|[from] item: Black Sludge
|turn|13
|
|move|p1a: Crobat|Brave Bird|p2a: Shaymin
|-supereffective|p2a: Shaymin
|-damage|p2a: Shaymin|0 fnt
|-damage|p1a: Crobat|152\/373|[from] recoil|[of] p2a: Shaymin
|faint|p2a: Shaymin
|
|-heal|p1a: Crobat|175\/373|[from] item: Black Sludge
|
|switch|p2a: Arcanine|Arcanine, F|321\/321
|-ability|p2a: Arcanine|Intimidate|[of] p1a: Crobat
|-unboost|p1a: Crobat|atk|1
|turn|14
|
|move|p2a: Arcanine|Extreme Speed|p1a: Crobat
|-damage|p1a: Crobat|0 fnt
|faint|p1a: Crobat
|
|
|switch|p1a: Jirachi|Jirachi|324\/345
|-damage|p1a: Jirachi|303\/345|[from] Stealth Rock
|turn|15
|
|switch|p2a: Suicune|Suicune|357\/404
|-ability|p2a: Suicune|Pressure
|move|p1a: Jirachi|U-turn|p2a: Suicune
|-damage|p2a: Suicune|307\/404
|
|switch|p1a: Celebi|Celebi|404\/404
|-damage|p1a: Celebi|354\/404|[from] Stealth Rock
|
|-heal|p1a: Celebi|379\/404|[from] item: Leftovers
|-heal|p2a: Suicune|332\/404|[from] item: Leftovers
|turn|16
|
|switch|p2a: Arcanine|Arcanine, F|321\/321
|-ability|p2a: Arcanine|Intimidate|[of] p1a: Celebi
|-unboost|p1a: Celebi|atk|1
|move|p1a: Celebi|Leech Seed|p2a: Arcanine
|-start|p2a: Arcanine|move: Leech Seed
|
|-heal|p1a: Celebi|404\/404|[from] item: Leftovers
|-damage|p2a: Arcanine|281\/321|[from] Leech Seed|[of] p1a: Celebi
|turn|17
|
|switch|p1a: Swampert|Swampert, M|404\/404
|-damage|p1a: Swampert|379\/404|[from] Stealth Rock
|move|p2a: Arcanine|Flare Blitz|p1a: Swampert
|-resisted|p1a: Swampert
|-damage|p1a: Swampert|244\/404
|-damage|p2a: Arcanine|236\/321|[from] recoil|[of] p1a: Swampert
|
|-heal|p1a: Swampert|269\/404|[from] item: Leftovers
|-damage|p2a: Arcanine|196\/321|[from] Leech Seed|[of] p1a: Swampert
|-heal|p1a: Swampert|309\/404|[silent]
|turn|18
|
|switch|p2a: Forretress|Forretress, F|332\/354
|move|p1a: Swampert|Stealth Rock|p2a: Forretress
|-sidestart|p2: doctor sparkks|move: Stealth Rock
|
|-heal|p1a: Swampert|334\/404|[from] item: Leftovers
|-heal|p2a: Forretress|354\/354|[from] item: Leftovers
|turn|19
|
|move|p1a: Swampert|Scald|p2a: Forretress
|-crit|p2a: Forretress
|-damage|p2a: Forretress|161\/354
|-status|p2a: Forretress|brn
|move|p2a: Forretress|Rapid Spin|p1a: Swampert
|-damage|p1a: Swampert|328\/404
|-sideend|p2: doctor sparkks|Stealth Rock|[from] move: Rapid Spin|[of] p2a: Forretress
|
|-heal|p1a: Swampert|353\/404|[from] item: Leftovers
|-heal|p2a: Forretress|183\/354 brn|[from] item: Leftovers
|-damage|p2a: Forretress|139\/354 brn|[from] brn
|turn|20
|
|switch|p2a: Florges|Florges, F|314\/360
|move|p1a: Swampert|Stealth Rock|p2a: Florges
|-sidestart|p2: doctor sparkks|move: Stealth Rock
|
|-heal|p2a: Florges|336\/360|[from] item: Leftovers
|-heal|p1a: Swampert|378\/404|[from] item: Leftovers
|turn|21
|
|switch|p1a: Jirachi|Jirachi|303\/345
|-damage|p1a: Jirachi|282\/345|[from] Stealth Rock
|move|p2a: Florges|Aromatherapy|p2a: Florges
|-cureteam|p2a: Florges|[from] move: Aromatherapy
|
|-heal|p2a: Florges|358\/360|[from] item: Leftovers
|turn|22
|
|move|p2a: Florges|Protect|p2a: Florges
|-singleturn|p2a: Florges|Protect
|move|p1a: Jirachi|U-turn|p2a: Florges
|-activate|p2a: Florges|Protect
|
|-heal|p2a: Florges|360\/360|[from] item: Leftovers
|turn|23
|
|move|p1a: Jirachi|U-turn|p2a: Florges
|-resisted|p2a: Florges
|-damage|p2a: Florges|312\/360
|
|switch|p1a: Celebi|Celebi|404\/404
|-damage|p1a: Celebi|354\/404|[from] Stealth Rock
|move|p2a: Florges|Wish|p2a: Florges
|
|-heal|p1a: Celebi|379\/404|[from] item: Leftovers
|-heal|p2a: Florges|334\/360|[from] item: Leftovers
|turn|24
|
|switch|p2a: Forretress|Forretress, F|139\/354
|-damage|p2a: Forretress|95\/354|[from] Stealth Rock
|move|p1a: Celebi|Leech Seed|p2a: Forretress
|-start|p2a: Forretress|move: Leech Seed
|
|-heal|p2a: Forretress|275\/354|[from] move: Wish|[wisher] Florges
|-heal|p1a: Celebi|404\/404|[from] item: Leftovers
|-heal|p2a: Forretress|297\/354|[from] item: Leftovers
|-damage|p2a: Forretress|253\/354|[from] Leech Seed|[of] p1a: Celebi
|turn|25
|
|switch|p1a: Swampert|Swampert, M|378\/404
|-damage|p1a: Swampert|353\/404|[from] Stealth Rock
|move|p2a: Forretress|Rapid Spin|p1a: Swampert
|-damage|p1a: Swampert|340\/404
|-end|p2a: Forretress|Leech Seed|[from] move: Rapid Spin|[of] p2a: Forretress
|-sideend|p2: doctor sparkks|Stealth Rock|[from] move: Rapid Spin|[of] p2a: Forretress
|
|-heal|p1a: Swampert|365\/404|[from] item: Leftovers
|-heal|p2a: Forretress|275\/354|[from] item: Leftovers
|turn|26
|
|switch|p2a: Florges|Florges, F|334\/360
|move|p1a: Swampert|Stealth Rock|p2a: Florges
|-sidestart|p2: doctor sparkks|move: Stealth Rock
|
|-heal|p2a: Florges|356\/360|[from] item: Leftovers
|-heal|p1a: Swampert|390\/404|[from] item: Leftovers
|turn|27
|
|move|p2a: Florges|Moonblast|p1a: Swampert
|-damage|p1a: Swampert|264\/404
|move|p1a: Swampert|Earthquake|p2a: Florges
|-damage|p2a: Florges|190\/360
|
|-heal|p2a: Florges|212\/360|[from] item: Leftovers
|-heal|p1a: Swampert|289\/404|[from] item: Leftovers
|turn|28
|
|switch|p2a: Suicune|Suicune|332\/404
|-damage|p2a: Suicune|282\/404|[from] Stealth Rock
|-ability|p2a: Suicune|Pressure
|switch|p1a: Jirachi|Jirachi|282\/345
|-damage|p1a: Jirachi|261\/345|[from] Stealth Rock
|
|-heal|p2a: Suicune|307\/404|[from] item: Leftovers
|turn|29
|
|move|p1a: Jirachi|Trick|p2a: Suicune
|-activate|p1a: Jirachi|move: Trick|[of] p2a: Suicune
|-item|p2a: Suicune|Choice Scarf|[from] move: Trick
|-item|p1a: Jirachi|Leftovers|[from] move: Trick
|move|p2a: Suicune|Calm Mind|p2a: Suicune
|-boost|p2a: Suicune|spa|1
|-boost|p2a: Suicune|spd|1
|
|-heal|p1a: Jirachi|282\/345|[from] item: Leftovers
|turn|30
|
|switch|p2a: Forretress|Forretress, F|275\/354
|-damage|p2a: Forretress|231\/354|[from] Stealth Rock
|move|p1a: Jirachi|U-turn|p2a: Forretress
|-resisted|p2a: Forretress
|-damage|p2a: Forretress|213\/354
|
|switch|p1a: Swampert|Swampert, M|289\/404
|-damage|p1a: Swampert|264\/404|[from] Stealth Rock
|
|-heal|p1a: Swampert|289\/404|[from] item: Leftovers
|-heal|p2a: Forretress|235\/354|[from] item: Leftovers
|turn|31
|
|move|p1a: Swampert|Scald|p2a: Forretress
|-damage|p2a: Forretress|114\/354
|move|p2a: Forretress|Rapid Spin|p1a: Swampert
|-damage|p1a: Swampert|277\/404
|-sideend|p2: doctor sparkks|Stealth Rock|[from] move: Rapid Spin|[of] p2a: Forretress
|
|-heal|p1a: Swampert|302\/404|[from] item: Leftovers
|-heal|p2a: Forretress|136\/354|[from] item: Leftovers
|turn|32
|c|âTYL3RDURD3N|wtf is this
|c|âTYL3RDURD3N|fucking lags
|
|move|p1a: Swampert|Stealth Rock|p2a: Forretress
|-sidestart|p2: doctor sparkks|move: Stealth Rock
|move|p2a: Forretress|Rapid Spin|p1a: Swampert
|-damage|p1a: Swampert|289\/404
|-sideend|p2: doctor sparkks|Stealth Rock|[from] move: Rapid Spin|[of] p2a: Forretress
|
|-heal|p1a: Swampert|314\/404|[from] item: Leftovers
|-heal|p2a: Forretress|158\/354|[from] item: Leftovers
|turn|33
|c|âTYL3RDURD3N|poopyhead
|c|âdoctor sparkks|not my fucking fault you damn asshole
|c|âTYL3RDURD3N|its your fault
|
|move|p1a: Swampert|Scald|p2a: Forretress
|-damage|p2a: Forretress|29\/354
|move|p2a: Forretress|Rapid Spin|p1a: Swampert
|-damage|p1a: Swampert|302\/404
|
|-heal|p1a: Swampert|327\/404|[from] item: Leftovers
|-heal|p2a: Forretress|51\/354|[from] item: Leftovers
|turn|34
|c|âdoctor sparkks|shut the fuck up
|c|âTYL3RDURD3N|no
|
|move|p1a: Swampert|Stealth Rock|p2a: Forretress
|-sidestart|p2: doctor sparkks|move: Stealth Rock
|move|p2a: Forretress|Rapid Spin|p1a: Swampert
|-damage|p1a: Swampert|316\/404
|-sideend|p2: doctor sparkks|Stealth Rock|[from] move: Rapid Spin|[of] p2a: Forretress
|
|-heal|p1a: Swampert|341\/404|[from] item: Leftovers
|-heal|p2a: Forretress|73\/354|[from] item: Leftovers
|turn|35
|
|move|p1a: Swampert|Scald|p2a: Forretress
|-damage|p2a: Forretress|0 fnt
|faint|p2a: Forretress
|
|-heal|p1a: Swampert|366\/404|[from] item: Leftovers
|
|switch|p2a: Mienshao|Mienshao, F|271\/271
|turn|36
|
|move|p2a: Mienshao|Knock Off|p1a: Swampert
|-damage|p1a: Swampert|241\/404
|-enditem|p1a: Swampert|Leftovers|[from] move: Knock Off|[of] p2a: Mienshao
|-damage|p2a: Mienshao|244\/271|[from] item: Life Orb
|move|p1a: Swampert|Stealth Rock|p2a: Mienshao
|-sidestart|p2: doctor sparkks|move: Stealth Rock
|
|turn|37
|
|move|p2a: Mienshao|High Jump Kick|p1a: Swampert
|-damage|p1a: Swampert|0 fnt
|-damage|p2a: Mienshao|217\/271|[from] item: Life Orb
|faint|p1a: Swampert
|
|
|switch|p1a: Florges|Florges, F|360\/360
|-damage|p1a: Florges|315\/360|[from] Stealth Rock
|turn|38
|
|switch|p2a: Florges|Florges, F|212\/360
|-damage|p2a: Florges|167\/360|[from] Stealth Rock
|move|p1a: Florges|Toxic|p2a: Florges
|-status|p2a: Florges|tox
|
|-heal|p2a: Florges|189\/360 tox|[from] item: Leftovers
|-heal|p1a: Florges|337\/360|[from] item: Leftovers
|-damage|p2a: Florges|167\/360 tox|[from] psn
|turn|39
|
|switch|p1a: Jirachi|Jirachi|282\/345
|-damage|p1a: Jirachi|261\/345|[from] Stealth Rock
|move|p2a: Florges|Aromatherapy|p2a: Florges
|-cureteam|p2a: Florges|[from] move: Aromatherapy
|
|-heal|p1a: Jirachi|282\/345|[from] item: Leftovers
|-heal|p2a: Florges|189\/360|[from] item: Leftovers
|turn|40
|
|move|p2a: Florges|Protect|p2a: Florges
|-singleturn|p2a: Florges|Protect
|move|p1a: Jirachi|Iron Head|p2a: Florges
|-activate|p2a: Florges|Protect
|
|-heal|p1a: Jirachi|303\/345|[from] item: Leftovers
|-heal|p2a: Florges|211\/360|[from] item: Leftovers
|turn|41
|
|switch|p2a: Suicune|Suicune|307\/404
|-damage|p2a: Suicune|257\/404|[from] Stealth Rock
|-ability|p2a: Suicune|Pressure
|move|p1a: Jirachi|Iron Head|p2a: Suicune
|-resisted|p2a: Suicune
|-damage|p2a: Suicune|216\/404
|
|-heal|p1a: Jirachi|324\/345|[from] item: Leftovers
|turn|42
|
|move|p1a: Jirachi|U-turn|p2a: Suicune
|-damage|p2a: Suicune|169\/404
|
|switch|p1a: Florges|Florges, F|337\/360
|-damage|p1a: Florges|292\/360|[from] Stealth Rock
|move|p2a: Suicune|Rest|p2a: Suicune
|-status|p2a: Suicune|slp
|-heal|p2a: Suicune|404\/404 slp|[silent]
|-status|p2a: Suicune|slp|[from] move: Rest
|
|-heal|p1a: Florges|314\/360|[from] item: Leftovers
|turn|43
|
|switch|p2a: Florges|Florges, F|211\/360
|-damage|p2a: Florges|166\/360|[from] Stealth Rock
|move|p1a: Florges|Moonblast|p2a: Florges
|-damage|p2a: Florges|103\/360
|
|-heal|p2a: Florges|125\/360|[from] item: Leftovers
|-heal|p1a: Florges|336\/360|[from] item: Leftovers
|turn|44
|
|move|p2a: Florges|Wish|p2a: Florges
|move|p1a: Florges|Toxic|p2a: Florges
|-status|p2a: Florges|tox
|
|-heal|p2a: Florges|147\/360 tox|[from] item: Leftovers
|-heal|p1a: Florges|358\/360|[from] item: Leftovers
|-damage|p2a: Florges|125\/360 tox|[from] psn
|turn|45
|
|move|p2a: Florges|Aromatherapy|p2a: Florges
|-cureteam|p2a: Florges|[from] move: Aromatherapy
|move|p1a: Florges|Moonblast|p2a: Florges
|-damage|p2a: Florges|62\/360
|
|-heal|p2a: Florges|242\/360|[from] move: Wish|[wisher] Florges
|-heal|p2a: Florges|264\/360|[from] item: Leftovers
|-heal|p1a: Florges|360\/360|[from] item: Leftovers
|turn|46
|
|move|p2a: Florges|Wish|p2a: Florges
|move|p1a: Florges|Toxic|p2a: Florges
|-status|p2a: Florges|tox
|
|-heal|p2a: Florges|286\/360 tox|[from] item: Leftovers
|-damage|p2a: Florges|264\/360 tox|[from] psn
|turn|47
|
|switch|p2a: Arcanine|Arcanine, F|196\/321
|-damage|p2a: Arcanine|116\/321|[from] Stealth Rock
|-ability|p2a: Arcanine|Intimidate|[of] p1a: Florges
|-unboost|p1a: Florges|atk|1
|move|p1a: Florges|Toxic|p2a: Arcanine
|-status|p2a: Arcanine|tox
|
|-heal|p2a: Arcanine|296\/321 tox|[from] move: Wish|[wisher] Florges
|-damage|p2a: Arcanine|276\/321 tox|[from] psn
|turn|48
|
|move|p1a: Florges|Protect|p1a: Florges
|-singleturn|p1a: Florges|Protect
|move|p2a: Arcanine|Flare Blitz|p1a: Florges
|-activate|p1a: Florges|Protect
|
|-damage|p2a: Arcanine|236\/321 tox|[from] psn
|turn|49
|
|move|p2a: Arcanine|Flare Blitz|p1a: Florges
|-damage|p1a: Florges|41\/360
|-damage|p2a: Arcanine|131\/321 tox|[from] recoil|[of] p1a: Florges
|move|p1a: Florges|Wish|p1a: Florges
|
|-heal|p1a: Florges|63\/360|[from] item: Leftovers
|-damage|p2a: Arcanine|71\/321 tox|[from] psn
|turn|50
|
|move|p1a: Florges|Protect|p1a: Florges
|-singleturn|p1a: Florges|Protect
|move|p2a: Arcanine|Flare Blitz|p1a: Florges
|-activate|p1a: Florges|Protect
|
|-heal|p1a: Florges|243\/360|[from] move: Wish|[wisher] Florges
|-heal|p1a: Florges|265\/360|[from] item: Leftovers
|-damage|p2a: Arcanine|0 fnt|[from] psn
|faint|p2a: Arcanine
|c|âdoctor sparkks|what a fucking stally asshole
|c|âTYL3RDURD3N|poopyhead
|c|âdoctor sparkks|oh no, im a poopy head?
|
|switch|p2a: Suicune|Suicune|404\/404
|-damage|p2a: Suicune|354\/404|[from] Stealth Rock
|-ability|p2a: Suicune|Pressure
|turn|51
|c|âdoctor sparkks|you so mean!!
|
|move|p2a: Suicune|Scald|p1a: Florges
|-damage|p1a: Florges|214\/360
|move|p1a: Florges|Toxic|p2a: Suicune
|-status|p2a: Suicune|tox
|
|-heal|p1a: Florges|236\/360|[from] item: Leftovers
|-damage|p2a: Suicune|329\/404 tox|[from] psn
|turn|52
|
|switch|p1a: Celebi|Celebi|404\/404
|-damage|p1a: Celebi|354\/404|[from] Stealth Rock
|move|p2a: Suicune|Scald|p1a: Celebi
|-resisted|p1a: Celebi
|-damage|p1a: Celebi|323\/404
|
|-heal|p1a: Celebi|348\/404|[from] item: Leftovers
|-damage|p2a: Suicune|279\/404 tox|[from] psn
|turn|53
|
|switch|p2a: Mienshao|Mienshao, F|271\/271
|-damage|p2a: Mienshao|255\/271|[from] Stealth Rock
|move|p1a: Celebi|Leech Seed|p2a: Mienshao
|-start|p2a: Mienshao|move: Leech Seed
|
|-heal|p1a: Celebi|373\/404|[from] item: Leftovers
|-damage|p2a: Mienshao|222\/271|[from] Leech Seed|[of] p1a: Celebi
|-heal|p1a: Celebi|404\/404|[silent]
|turn|54
|
|switch|p1a: Florges|Florges, F|236\/360
|-damage|p1a: Florges|191\/360|[from] Stealth Rock
|move|p2a: Mienshao|Knock Off|p1a: Florges
|-resisted|p1a: Florges
|-damage|p1a: Florges|116\/360
|-enditem|p1a: Florges|Leftovers|[from] move: Knock Off|[of] p2a: Mienshao
|-damage|p2a: Mienshao|195\/271|[from] item: Life Orb
|
|-damage|p2a: Mienshao|162\/271|[from] Leech Seed|[of] p1a: Florges
|-heal|p1a: Florges|149\/360|[silent]
|turn|55
|
|switch|p2a: Florges|Florges, F|264\/360 tox
|-damage|p2a: Florges|219\/360 tox|[from] Stealth Rock
|move|p1a: Florges|Protect|p1a: Florges
|-fail|p1a: Florges
|
|-heal|p2a: Florges|241\/360 tox|[from] item: Leftovers
|-damage|p2a: Florges|219\/360 tox|[from] psn
|turn|56
|
|move|p2a: Florges|Wish|p2a: Florges
|move|p1a: Florges|Wish|p1a: Florges
|
|-heal|p2a: Florges|241\/360 tox|[from] item: Leftovers
|-damage|p2a: Florges|197\/360 tox|[from] psn
|turn|57
|
|move|p2a: Florges|Aromatherapy|p2a: Florges
|-cureteam|p2a: Florges|[from] move: Aromatherapy
|move|p1a: Florges|Toxic|p2a: Florges
|-status|p2a: Florges|tox
|
|-heal|p2a: Florges|360\/360 tox|[from] move: Wish|[wisher] Florges
|-heal|p1a: Florges|329\/360|[from] move: Wish|[wisher] Florges
|-damage|p2a: Florges|338\/360 tox|[from] psn
|turn|58
|
|move|p2a: Florges|Moonblast|p1a: Florges
|-damage|p1a: Florges|250\/360
|move|p1a: Florges|Toxic|p2a: Florges
|-fail|p2a: Florges|tox
|
|-heal|p2a: Florges|360\/360 tox|[from] item: Leftovers
|-damage|p2a: Florges|316\/360 tox|[from] psn
|turn|59
|-message|TYL3RDURD3N lost due to inactivity.
|
|move|p2a: Florges|Moonblast|p1a: Florges
|-damage|p1a: Florges|178\/360
|move|p1a: Florges|Wish|p1a: Florges
|
|-heal|p2a: Florges|338\/360 tox|[from] item: Leftovers
|-damage|p2a: Florges|272\/360 tox|[from] psn
|turn|60
|
|win|doctor sparkks
|raw|Ladder updating...
|raw|TYL3RDURD3N's rating: 1221 &rarr; <strong>1205<\/strong><br \/>(-16 for losing)
|raw|doctor sparkks's rating: 1355 &rarr; <strong>1367<\/strong><br \/>(+12 for winning)
|c|âTYL3RDURD3N|stupid game
|c|âdoctor sparkks|;D
|leave|doctor sparkks