|join|Meroz
|join|Passiv
|player|p1|Meroz|92
|player|p2|Passiv|274
|gametype|singles
|gen|6
|tier|ORAS OU
|rated
|rule|Sleep Clause Mod: Limit one foe put to sleep
|rule|Species Clause: Limit one of each PokÃ©mon
|rule|OHKO Clause: OHKO moves are banned
|rule|Moody Clause: Moody is banned
|rule|Evasion Moves Clause: Evasion moves are banned
|rule|Endless Battle Clause: Forcing endless battles is banned
|rule|HP Percentage Mod: HP is shown in percentages
|clearpoke
|poke|p1|Salamence, M
|poke|p1|Scizor, M
|poke|p1|Rotom-Wash
|poke|p1|Landorus-Therian, M
|poke|p1|Heatran, M
|poke|p1|Latios, M
|poke|p2|Swampert, F
|poke|p2|Politoed, F
|poke|p2|Scizor, F
|poke|p2|Rotom-Wash
|poke|p2|Goodra, F
|poke|p2|Skarmory, F
|rule|Swagger Clause: Swagger is banned
|rule|Baton Pass Clause: Limit one PokÃ©mon knowing Baton Pass
|teampreview
|
|start
|switch|p1a: Rotom-Wash|Rotom-Wash|304\/304
|switch|p2a: Politoed|Politoed, F|384\/384
|-weather|RainDance
|turn|1
|
|switch|p2a: Goodra|Goodra, F|384\/384
|move|p1a: Rotom-Wash|Volt Switch|p2a: Goodra
|-resisted|p2a: Goodra
|-damage|p2a: Goodra|361\/384
|
|switch|p1a: Scizor|Scizor, M|344\/344
|
|-weather|RainDance|[upkeep]
|-heal|p2a: Goodra|384\/384|[from] item: Leftovers
|turn|2
|
|switch|p2a: Skarmory|Skarmory, F|334\/334
|move|p1a: Scizor|U-turn|p2a: Skarmory
|-resisted|p2a: Skarmory
|-damage|p2a: Skarmory|303\/334
|-damage|p1a: Scizor|287\/344|[from] item: Rocky Helmet|[of] p2a: Skarmory
|
|switch|p1a: Rotom-Wash|Rotom-Wash|304\/304
|
|-weather|RainDance|[upkeep]
|turn|3
|
|switch|p2a: Goodra|Goodra, F|384\/384
|move|p1a: Rotom-Wash|Will-O-Wisp|p2a: Goodra
|-status|p2a: Goodra|brn
|
|-weather|RainDance|[upkeep]
|-curestatus|p2a: Goodra|brn
|turn|4
|
|move|p1a: Rotom-Wash|Volt Switch|p2a: Goodra
|-resisted|p2a: Goodra
|-damage|p2a: Goodra|360\/384
|
|switch|p1a: Latios|Latios, M|302\/302
|move|p2a: Goodra|Dragon Tail|p1a: Latios
|-supereffective|p1a: Latios
|-damage|p1a: Latios|116\/302
|drag|p1a: Scizor|Scizor, M|287\/344
|
|-weather|RainDance|[upkeep]
|-heal|p2a: Goodra|384\/384|[from] item: Leftovers
|turn|5
|
|switch|p2a: Skarmory|Skarmory, F|303\/334
|move|p1a: Scizor|U-turn|p2a: Skarmory
|-resisted|p2a: Skarmory
|-damage|p2a: Skarmory|272\/334
|-damage|p1a: Scizor|230\/344|[from] item: Rocky Helmet|[of] p2a: Skarmory
|
|switch|p1a: Heatran|Heatran, M|386\/386
|
|-weather|RainDance|[upkeep]
|turn|6
|
|switch|p2a: Goodra|Goodra, F|384\/384
|move|p1a: Heatran|Stealth Rock|p2a: Goodra
|-sidestart|p2: Passiv|move: Stealth Rock
|
|-weather|RainDance|[upkeep]
|turn|7
|
|move|p1a: Heatran|Protect|p1a: Heatran
|-singleturn|p1a: Heatran|Protect
|move|p2a: Goodra|Dragon Tail|p1a: Heatran
|-activate|p1a: Heatran|Protect
|
|-weather|RainDance|[upkeep]
|turn|8
|
|move|p1a: Heatran|Lava Plume|p2a: Goodra
|-resisted|p2a: Goodra
|-damage|p2a: Goodra|366\/384
|move|p2a: Goodra|Dragon Tail|p1a: Heatran
|-resisted|p1a: Heatran
|-damage|p1a: Heatran|351\/386
|drag|p1a: Landorus-Therian|Landorus-Therian, M|320\/320
|-ability|p1a: Landorus-Therian|Intimidate|[of] p2a: Goodra
|-unboost|p2a: Goodra|atk|1
|
|-weather|none
|-heal|p2a: Goodra|384\/384|[from] item: Leftovers
|turn|9
|
|switch|p2a: Politoed|Politoed, F|384\/384
|-damage|p2a: Politoed|336\/384|[from] Stealth Rock
|-weather|RainDance
|move|p1a: Landorus-Therian|Knock Off|p2a: Politoed
|-damage|p2a: Politoed|229\/384
|-enditem|p2a: Politoed|Damp Rock|[from] move: Knock Off|[of] p1a: Landorus-Therian
|
|-weather|RainDance|[upkeep]
|turn|10
|
|switch|p1a: Rotom-Wash|Rotom-Wash|304\/304
|switch|p2a: Swampert|Swampert, F|341\/341
|-damage|p2a: Swampert|320\/341|[from] Stealth Rock
|
|-weather|RainDance|[upkeep]
|turn|11
|
|switch|p2a: Goodra|Goodra, F|384\/384
|-damage|p2a: Goodra|336\/384|[from] Stealth Rock
|move|p1a: Rotom-Wash|Will-O-Wisp|p2a: Goodra
|-status|p2a: Goodra|brn
|
|-weather|RainDance|[upkeep]
|-curestatus|p2a: Goodra|brn
|-heal|p2a: Goodra|360\/384|[from] item: Leftovers
|turn|12
|
|move|p1a: Rotom-Wash|Volt Switch|p2a: Goodra
|-resisted|p2a: Goodra
|-damage|p2a: Goodra|336\/384
|
|switch|p1a: Landorus-Therian|Landorus-Therian, M|320\/320
|-ability|p1a: Landorus-Therian|Intimidate|[of] p2a: Goodra
|-unboost|p2a: Goodra|atk|1
|move|p2a: Goodra|Dragon Tail|p1a: Landorus-Therian
|-damage|p1a: Landorus-Therian|266\/320
|drag|p1a: Heatran|Heatran, M|351\/386
|
|-weather|RainDance|[upkeep]
|-heal|p2a: Goodra|360\/384|[from] item: Leftovers
|-heal|p1a: Heatran|375\/386|[from] item: Leftovers
|turn|13
|
|switch|p2a: Rotom-Wash|Rotom-Wash|304\/304
|-damage|p2a: Rotom-Wash|266\/304|[from] Stealth Rock
|move|p1a: Heatran|Lava Plume|p2a: Rotom-Wash
|-resisted|p2a: Rotom-Wash
|-damage|p2a: Rotom-Wash|247\/304
|
|-weather|RainDance|[upkeep]
|-heal|p2a: Rotom-Wash|266\/304|[from] item: Leftovers
|-heal|p1a: Heatran|386\/386|[from] item: Leftovers
|turn|14
|
|move|p1a: Heatran|Protect|p1a: Heatran
|-singleturn|p1a: Heatran|Protect
|move|p2a: Rotom-Wash|Will-O-Wisp|p1a: Heatran
|-activate|p1a: Heatran|Protect
|
|-weather|RainDance|[upkeep]
|-heal|p2a: Rotom-Wash|285\/304|[from] item: Leftovers
|turn|15
|
|switch|p1a: Latios|Latios, M|116\/302
|move|p2a: Rotom-Wash|Hydro Pump|p1a: Latios
|-resisted|p1a: Latios
|-damage|p1a: Latios|29\/302
|
|-weather|RainDance|[upkeep]
|-heal|p2a: Rotom-Wash|304\/304|[from] item: Leftovers
|turn|16
|
|move|p1a: Latios|Defog|p2a: Rotom-Wash
|-unboost|p2a: Rotom-Wash|evasion|1
|-sideend|p2: Passiv|Stealth Rock|[from] move: Defog|[of] p2a: Rotom-Wash
|move|p2a: Rotom-Wash|Hydro Pump|p1a: Latios
|-resisted|p1a: Latios
|-damage|p1a: Latios|0 fnt
|faint|p1a: Latios
|
|-weather|none
|
|switch|p1a: Scizor|Scizor, M|230\/344
|turn|17
|
|move|p2a: Rotom-Wash|Will-O-Wisp|p1a: Scizor|[miss]
|-miss|p2a: Rotom-Wash|p1a: Scizor
|move|p1a: Scizor|U-turn|p2a: Rotom-Wash
|-damage|p2a: Rotom-Wash|123\/304
|
|switch|p1a: Rotom-Wash|Rotom-Wash|304\/304
|
|-heal|p2a: Rotom-Wash|142\/304|[from] item: Leftovers
|turn|18
|
|switch|p2a: Politoed|Politoed, F|229\/384
|-weather|RainDance
|move|p1a: Rotom-Wash|Volt Switch|p2a: Politoed
|-supereffective|p2a: Politoed
|-damage|p2a: Politoed|59\/384
|
|switch|p1a: Salamence|Salamence, M|331\/331
|-ability|p1a: Salamence|Intimidate|[of] p2a: Politoed
|-unboost|p2a: Politoed|atk|1
|
|-weather|RainDance|[upkeep]
|turn|19
|
|switch|p1a: Heatran|Heatran, M|386\/386
|switch|p2a: Skarmory|Skarmory, F|272\/334
|
|-weather|RainDance|[upkeep]
|turn|20
|
|switch|p2a: Goodra|Goodra, F|360\/384
|move|p1a: Heatran|Stealth Rock|p2a: Goodra
|-sidestart|p2: Passiv|move: Stealth Rock
|
|-weather|RainDance|[upkeep]
|-heal|p2a: Goodra|384\/384|[from] item: Leftovers
|turn|21
|-message|Passiv forfeited.
|
|win|Meroz
|raw|Ladder updating...
|leave|Passiv
|player|p2
|raw|Meroz's rating: 1120 &rarr; <strong>1144<\/strong><br \/>(+24 for winning)
|raw|Passiv's rating: 1106 &rarr; <strong>1082<\/strong><br \/>(-24 for losing)
|leave|Meroz
|player|p1