|join|Meroz
|join|Bionzella
|player|p1|Meroz|92
|player|p2|Bionzella|46
|gametype|singles
|gen|6
|tier|OU
|rated
|clearpoke
|poke|p1|Charizard, M
|poke|p1|Mandibuzz, F
|poke|p1|Bisharp, M
|poke|p1|Keldeo
|poke|p1|Sylveon, M
|poke|p1|Hippowdon, M
|poke|p2|Manectric, M
|poke|p2|Ditto
|poke|p2|Conkeldurr, F
|poke|p2|Aegislash, L99, M
|poke|p2|Hawlucha, M
|poke|p2|Mandibuzz, F
|rule|Swagger Clause: Swagger is banned
|rule|Baton Pass Clause: Limit 3 pokemon knowing Baton Pass
|rule|Sleep Clause Mod: Limit one foe put to sleep
|rule|Species Clause: Limit one of each Pokemon
|rule|OHKO Clause: OHKO moves are banned
|rule|Moody Clause: Moody is banned
|rule|Evasion Moves Clause: Evasion moves are banned
|rule|Endless Battle Clause: Forcing endless battles is banned
|rule|HP Percentage Mod: HP is reported as percentages
|teampreview
|
|start
|switch|p1a: Hippowdon|Hippowdon, M|420\/420
|switch|p2a: Bau!|Manectric, M|281\/281
|-weather|Sandstorm
|turn|1
|
|detailschange|p2a: Bau!|Manectric-Mega, M
|message|Manectric has Mega Evolved into Mega Manectric!
|-ability|p2a: Bau!|Intimidate|[of] p1a: Hippowdon
|-unboost|p1a: Hippowdon|atk|1
|move|p2a: Bau!|Hidden Power|p1a: Hippowdon
|-crit|p1a: Hippowdon
|-supereffective|p1a: Hippowdon
|-damage|p1a: Hippowdon|136\/420
|move|p1a: Hippowdon|Stealth Rock|p2a: Bau!
|-sidestart|p2: Bionzella|move: Stealth Rock
|
|-weather|Sandstorm|[upkeep]
|-damage|p2a: Bau!|264\/281|[from] sandstorm
|-heal|p1a: Hippowdon|162\/420|[from] item: Leftovers
|turn|2
|
|switch|p1a: Sylveon|Sylveon, M|394\/394
|move|p2a: Bau!|Hidden Power|p1a: Sylveon
|-damage|p1a: Sylveon|347\/394
|
|-weather|Sandstorm|[upkeep]
|-damage|p2a: Bau!|247\/281|[from] sandstorm
|-damage|p1a: Sylveon|323\/394|[from] sandstorm
|-heal|p1a: Sylveon|347\/394|[from] item: Leftovers
|turn|3
|
|move|p2a: Bau!|Volt Switch|p1a: Sylveon
|-damage|p1a: Sylveon|265\/394
|
|switch|p2a: So' na spada!|Aegislash, L99, M|320\/320
|-damage|p2a: So' na spada!|300\/320|[from] Stealth Rock
|move|p1a: Sylveon|Wish|p1a: Sylveon
|
|-weather|Sandstorm|[upkeep]
|-damage|p1a: Sylveon|241\/394|[from] sandstorm
|-heal|p1a: Sylveon|265\/394|[from] item: Leftovers
|turn|4
|
|switch|p1a: Hippowdon|Hippowdon, M|162\/420
|-formechange|p2a: So' na spada!|Aegislash-Blade
|move|p2a: So' na spada!|Flash Cannon|p1a: Hippowdon
|-damage|p1a: Hippowdon|0 fnt
|faint|p1a: Hippowdon
|
|-weather|Sandstorm|[upkeep]
|
|switch|p1a: Charizard|Charizard, M|297\/297
|turn|5
|
|detailschange|p1a: Charizard|Charizard-Mega-Y, M
|message|Charizard has Mega Evolved into Mega Charizard!
|-weather|SunnyDay
|-formechange|p2a: So' na spada!|Aegislash
|move|p2a: So' na spada!|King's Shield|p2a: So' na spada!
|-singleturn|p2a: So' na spada!|Protect
|move|p1a: Charizard|Flamethrower|p2a: So' na spada!
|-activate|p2a: So' na spada!|Protect
|
|-weather|SunnyDay|[upkeep]
|turn|6
|
|switch|p2a: Tu Sei Come Me!|Ditto|300\/300
|-damage|p2a: Tu Sei Come Me!|263\/300|[from] Stealth Rock
|-transform|p2a: Tu Sei Come Me!|p1a: Charizard
|move|p1a: Charizard|Flamethrower|p2a: Tu Sei Come Me!
|-resisted|p2a: Tu Sei Come Me!
|-damage|p2a: Tu Sei Come Me!|125\/300
|
|-weather|SunnyDay|[upkeep]
|turn|7
|
|move|p2a: Tu Sei Come Me!|Roost|p2a: Tu Sei Come Me!
|-heal|p2a: Tu Sei Come Me!|275\/300
|move|p1a: Charizard|Roost|p1a: Charizard
|-fail|p1a: Charizard
|
|-weather|SunnyDay|[upkeep]
|turn|8
|
|switch|p2a: Malaugurio|Mandibuzz, F|424\/424
|-damage|p2a: Malaugurio|318\/424|[from] Stealth Rock
|move|p1a: Charizard|Flamethrower|p2a: Malaugurio
|-damage|p2a: Malaugurio|0 fnt
|faint|p2a: Malaugurio
|
|-weather|SunnyDay|[upkeep]
|
|switch|p2a: Bau!|Manectric-Mega, M|247\/281
|-damage|p2a: Bau!|212\/281|[from] Stealth Rock
|-ability|p2a: Bau!|Intimidate|[of] p1a: Charizard
|-unboost|p1a: Charizard|atk|1
|turn|9
|
|move|p2a: Bau!|Thunderbolt|p1a: Charizard
|-supereffective|p1a: Charizard
|-damage|p1a: Charizard|0 fnt
|faint|p1a: Charizard
|
|-weather|none
|
|switch|p1a: The Vampire|Bisharp, M|272\/272
|turn|10
|
|move|p1a: The Vampire|Pursuit|p2a: Bau!|[from]Pursuit
|-damage|p2a: Bau!|0 fnt
|-damage|p1a: The Vampire|245\/272|[from] item: Life Orb
|faint|p2a: Bau!
|
|
|switch|p2a: Voi na manata?|Conkeldurr, F|414\/414
|-damage|p2a: Voi na manata?|389\/414|[from] Stealth Rock
|turn|11
|
|move|p1a: The Vampire|Knock Off|p2a: Voi na manata?
|-resisted|p2a: Voi na manata?
|-damage|p2a: Voi na manata?|255\/414
|-enditem|p2a: Voi na manata?|Assault Vest|[from] move: Knock Off|[of] p1a: The Vampire
|-damage|p1a: The Vampire|218\/272|[from] item: Life Orb
|move|p2a: Voi na manata?|Knock Off|p1a: The Vampire
|-resisted|p1a: The Vampire
|-damage|p1a: The Vampire|150\/272
|-enditem|p1a: The Vampire|Life Orb|[from] move: Knock Off|[of] p2a: Voi na manata?
|
|turn|12
|
|move|p1a: The Vampire|Iron Head|p2a: Voi na manata?
|-damage|p2a: Voi na manata?|86\/414
|move|p2a: Voi na manata?|Drain Punch|p1a: The Vampire
|-supereffective|p1a: The Vampire
|-damage|p1a: The Vampire|0 fnt
|-heal|p2a: Voi na manata?|161\/414|[from] drain|[of] p1a: The Vampire
|faint|p1a: The Vampire
|
|
|switch|p1a: Sylveon|Sylveon, M|265\/394
|turn|13
|
|switch|p2a: So' na spada!|Aegislash, L99, M|300\/320
|-damage|p2a: So' na spada!|280\/320|[from] Stealth Rock
|move|p1a: Sylveon|Wish|p1a: Sylveon
|
|-heal|p1a: Sylveon|289\/394|[from] item: Leftovers
|turn|14
|
|switch|p1a: Keldeo|Keldeo|323\/323
|-formechange|p2a: So' na spada!|Aegislash-Blade
|move|p2a: So' na spada!|Flash Cannon|p1a: Keldeo
|-resisted|p1a: Keldeo
|-damage|p1a: Keldeo|233\/323
|
|-heal|p1a: Keldeo|323\/323|[from] move: Wish|[wisher] Sylveon
|turn|15
|
|-formechange|p2a: So' na spada!|Aegislash
|move|p2a: So' na spada!|King's Shield|p2a: So' na spada!
|-singleturn|p2a: So' na spada!|Protect
|move|p1a: Keldeo|Scald|p2a: So' na spada!
|-activate|p2a: So' na spada!|Protect
|
|turn|16
|
|switch|p2a: Tu Sei Come Me!|Ditto|275\/300
|-damage|p2a: Tu Sei Come Me!|238\/300|[from] Stealth Rock
|-transform|p2a: Tu Sei Come Me!|p1a: Keldeo
|move|p1a: Keldeo|Scald|p2a: Tu Sei Come Me!
|-resisted|p2a: Tu Sei Come Me!
|-damage|p2a: Tu Sei Come Me!|115\/300
|
|turn|17
|
|switch|p1a: Sylveon|Sylveon, M|289\/394
|move|p2a: Tu Sei Come Me!|Hydro Pump|p1a: Sylveon|[miss]
|-miss|p2a: Tu Sei Come Me!|p1a: Sylveon
|
|-heal|p1a: Sylveon|313\/394|[from] item: Leftovers
|turn|18
|
|switch|p2a: Dora-La-Luchadora|Hawlucha, M|297\/297
|-damage|p2a: Dora-La-Luchadora|260\/297|[from] Stealth Rock
|move|p1a: Sylveon|Wish|p1a: Sylveon
|
|-heal|p1a: Sylveon|337\/394|[from] item: Leftovers
|turn|19
|
|switch|p2a: Tu Sei Come Me!|Ditto|115\/300
|-damage|p2a: Tu Sei Come Me!|78\/300|[from] Stealth Rock
|-transform|p2a: Tu Sei Come Me!|p1a: Sylveon
|move|p1a: Sylveon|Hyper Voice|p2a: Tu Sei Come Me!
|-crit|p2a: Tu Sei Come Me!
|-damage|p2a: Tu Sei Come Me!|0 fnt
|faint|p2a: Tu Sei Come Me!
|
|-heal|p1a: Sylveon|394\/394|[from] move: Wish|[wisher] Sylveon
|
|switch|p2a: So' na spada!|Aegislash, L99, M|280\/320
|-damage|p2a: So' na spada!|260\/320|[from] Stealth Rock
|turn|20
|
|switch|p1a: Mandibuzz|Mandibuzz, F|424\/424
|-formechange|p2a: So' na spada!|Aegislash-Blade
|move|p2a: So' na spada!|Shadow Ball|p1a: Mandibuzz
|-resisted|p1a: Mandibuzz
|-damage|p1a: Mandibuzz|337\/424
|
|-heal|p1a: Mandibuzz|363\/424|[from] item: Leftovers
|turn|21
|
|-formechange|p2a: So' na spada!|Aegislash
|move|p2a: So' na spada!|King's Shield|p2a: So' na spada!
|-singleturn|p2a: So' na spada!|Protect
|move|p1a: Mandibuzz|Foul Play|p2a: So' na spada!
|-activate|p2a: So' na spada!|Protect
|-unboost|p1a: Mandibuzz|atk|2
|
|-heal|p1a: Mandibuzz|389\/424|[from] item: Leftovers
|turn|22
|
|move|p1a: Mandibuzz|Foul Play|p2a: So' na spada!
|-supereffective|p2a: So' na spada!
|-damage|p2a: So' na spada!|156\/320
|-enditem|p2a: So' na spada!|Weakness Policy
|-boost|p2a: So' na spada!|atk|2|[from] item: Weakness Policy
|-boost|p2a: So' na spada!|spa|2|[from] item: Weakness Policy
|-formechange|p2a: So' na spada!|Aegislash-Blade
|move|p2a: So' na spada!|Flash Cannon|p1a: Mandibuzz
|-damage|p1a: Mandibuzz|64\/424
|
|-heal|p1a: Mandibuzz|90\/424|[from] item: Leftovers
|turn|23
|
|move|p2a: So' na spada!|Shadow Sneak|p1a: Mandibuzz
|-resisted|p1a: Mandibuzz
|-damage|p1a: Mandibuzz|42\/424
|move|p1a: Mandibuzz|Foul Play|p2a: So' na spada!
|-supereffective|p2a: So' na spada!
|-damage|p2a: So' na spada!|0 fnt
|faint|p2a: So' na spada!
|
|-heal|p1a: Mandibuzz|68\/424|[from] item: Leftovers
|
|switch|p2a: Dora-La-Luchadora|Hawlucha, M|260\/297
|-damage|p2a: Dora-La-Luchadora|223\/297|[from] Stealth Rock
|turn|24
|
|move|p2a: Dora-La-Luchadora|Swords Dance|p2a: Dora-La-Luchadora
|-boost|p2a: Dora-La-Luchadora|atk|2
|move|p1a: Mandibuzz|Foul Play|p2a: Dora-La-Luchadora
|-resisted|p2a: Dora-La-Luchadora
|-damage|p2a: Dora-La-Luchadora|45\/297
|
|-heal|p1a: Mandibuzz|94\/424|[from] item: Leftovers
|turn|25
|
|move|p2a: Dora-La-Luchadora|High Jump Kick|p1a: Mandibuzz
|-damage|p1a: Mandibuzz|0 fnt
|faint|p1a: Mandibuzz
|
|
|switch|p1a: Sylveon|Sylveon, M|394\/394
|turn|26
|
|move|p1a: Sylveon|Protect|p1a: Sylveon
|-singleturn|p1a: Sylveon|Protect
|move|p2a: Dora-La-Luchadora|Sky Attack|p1a: Sylveon|[still]
|-prepare|p2a: Dora-La-Luchadora|Sky Attack|p1a: Sylveon
|-enditem|p2a: Dora-La-Luchadora|Power Herb
|-anim|p2a: Dora-La-Luchadora|Sky Attack|p1a: Sylveon
|-activate|p1a: Sylveon|Protect
|
|turn|27
|
|move|p2a: Dora-La-Luchadora|Acrobatics|p1a: Sylveon
|-damage|p1a: Sylveon|0 fnt
|faint|p1a: Sylveon
|
|
|switch|p1a: Keldeo|Keldeo|323\/323
|turn|28
|
|move|p2a: Dora-La-Luchadora|Acrobatics|p1a: Keldeo
|-supereffective|p1a: Keldeo
|-damage|p1a: Keldeo|0 fnt
|faint|p1a: Keldeo
|
|win|Bionzella
|raw|Ladder updating...
|raw|Meroz's rating: 1475 &rarr; <strong>1453<\/strong><br \/>(-22 for losing)
|raw|Bionzella's rating: 1444 &rarr; <strong>1465<\/strong><br \/>(+21 for winning)
|chat|Bionzella|gg
|chat|Meroz|gg
|leave|Meroz
|player|p1