|join|Meroz
|join|No Pain no Walrein
|player|p1|Meroz|92
|player|p2|No Pain no Walrein|288
|gametype|singles
|gen|6
|tier|OU
|rated
|clearpoke
|poke|p1|Pinsir, M
|poke|p1|Latios, M
|poke|p1|Clefable, M
|poke|p1|Keldeo-Resolute, shiny
|poke|p1|Magnezone, shiny
|poke|p1|Landorus-Therian, M
|poke|p2|Gengar, F
|poke|p2|Magneton
|poke|p2|Pinsir, M
|poke|p2|Garchomp, F
|poke|p2|Greninja, F
|poke|p2|Azumarill, M
|rule|Swagger Clause: Swagger is banned
|rule|Baton Pass Clause: Limit one PokÃ©mon knowing Baton Pass
|rule|Sleep Clause Mod: Limit one foe put to sleep
|rule|Species Clause: Limit one of each PokÃ©mon
|rule|OHKO Clause: OHKO moves are banned
|rule|Moody Clause: Moody is banned
|rule|Evasion Moves Clause: Evasion moves are banned
|rule|Endless Battle Clause: Forcing endless battles is banned
|rule|HP Percentage Mod: HP is shown in percentages
|teampreview
|
|start
|switch|p1a: Latios|Latios, M|309\/309
|switch|p2a: Azumarill|Azumarill, M|364\/364
|turn|1
|join|AA SORINESS
|
|switch|p1a: Clefable|Clefable, M|390\/390
|move|p2a: Azumarill|Belly Drum|p2a: Azumarill
|-damage|p2a: Azumarill|182\/364
|-setboost|p2a: Azumarill|atk|6|[from] move: Belly Drum
|-enditem|p2a: Azumarill|Sitrus Berry|[eat]
|-heal|p2a: Azumarill|273\/364|[from] item: Sitrus Berry
|
|turn|2
|c|âNo Pain no Walrein|hale
|c|âNo Pain no Walrein|solucionado
|
|move|p2a: Azumarill|Return|p1a: Clefable
|-damage|p1a: Clefable|0 fnt
|faint|p1a: Clefable
|
|c| AA SORINESS|Al megneton llamale nazi
|c|âNo Pain no Walrein|okay
|
|switch|p1a: Keldeo-Resolute|Keldeo-Resolute, shiny|323\/323
|turn|3
|c| AA SORINESS|XDDDDDDDDDDDDDDDDDDD
|
|move|p1a: Keldeo-Resolute|Hidden Power|p2a: Azumarill
|-supereffective|p2a: Azumarill
|-damage|p2a: Azumarill|19\/364
|move|p2a: Azumarill|Return|p1a: Keldeo-Resolute
|-damage|p1a: Keldeo-Resolute|0 fnt
|faint|p1a: Keldeo-Resolute
|
|c| AA SORINESS|eres un nazi maldini
|
|switch|p1a: Pinsir|Pinsir, M|271\/271
|turn|4
|c| AA SORINESS|maldini es un nazi
|
|switch|p2a: Garchomp|Garchomp, F|358\/358
|detailschange|p1a: Pinsir|Pinsir-Mega, M
|message|Pinsir has Mega Evolved into Mega Pinsir!
|move|p1a: Pinsir|Quick Attack|p2a: Garchomp
|-damage|p2a: Garchomp|240\/358
|-damage|p1a: Pinsir|238\/271|[from] ability: Rough Skin|[of] p2a: Garchomp
|
|turn|5
|c|âNo Pain no Walrein|y tanto
|
|switch|p1a: Magnezone|Magnezone, shiny|281\/281
|move|p2a: Garchomp|Stealth Rock|p1a: Magnezone
|-sidestart|p1: Meroz|move: Stealth Rock
|
|turn|6
|c| AA SORINESS|xdDdddddd
|c| AA SORINESS|MEM EO
|
|move|p1a: Magnezone|Flash Cannon|p2a: Garchomp
|-damage|p2a: Garchomp|48\/358
|move|p2a: Garchomp|Earthquake|p1a: Magnezone
|-supereffective|p1a: Magnezone
|-damage|p1a: Magnezone|0 fnt
|faint|p1a: Magnezone
|
|c| AA SORINESS|AJJAJAJAJ
|c|âNo Pain no Walrein|pero que hace
|c| AA SORINESS|ES BUENISIMO
|c|âNo Pain no Walrein|a que juega
|c| AA SORINESS|SOS UN NASI
|c| AA SORINESS|UN NAZÃ
|
|switch|p1a: Latios|Latios, M|309\/309
|-damage|p1a: Latios|271\/309|[from] Stealth Rock
|turn|7
|c|âNo Pain no Walrein|si me la tiene ganada
|
|move|p1a: Latios|Defog|p2a: Garchomp
|-unboost|p2a: Garchomp|evasion|1
|-sideend|p1: Meroz|Stealth Rock|[from] move: Defog|[of] p1a: Latios
|move|p2a: Garchomp|Dragon Claw|p1a: Latios
|-supereffective|p1a: Latios
|-damage|p1a: Latios|0 fnt
|faint|p1a: Latios
|
|c|âNo Pain no Walrein|peroqueeeeee
|
|switch|p1a: Pinsir|Pinsir-Mega, M|238\/271
|turn|8
|
|move|p1a: Pinsir|Swords Dance|p1a: Pinsir
|-boost|p1a: Pinsir|atk|2
|move|p2a: Garchomp|Dragon Claw|p1a: Pinsir
|-damage|p1a: Pinsir|117\/271
|
|turn|9
|
|move|p1a: Pinsir|Quick Attack|p2a: Garchomp
|-damage|p2a: Garchomp|0 fnt
|-damage|p1a: Pinsir|84\/271|[from] ability: Rough Skin|[of] p2a: Garchomp
|faint|p2a: Garchomp
|
|c|âNo Pain no Walrein|....
|c|âNo Pain no Walrein|he perdido
|c|âNo Pain no Walrein|doy asco
|c| AA SORINESS|si
|c| AA SORINESS|too weak
|
|switch|p2a: Magneton|Magneton|242\/242
|turn|10
|
|move|p1a: Pinsir|Earthquake|p2a: Magneton
|-crit|p2a: Magneton
|-supereffective|p2a: Magneton
|-damage|p2a: Magneton|0 fnt
|faint|p2a: Magneton
|
|c| AA SORINESS|EQ HIJO DE SATAN
|c| AA SORINESS|EQ
|c| AA SORINESS|EQ
|c| AA SORINESS|EQ
|c| AA SORINESS|EQ
|
|switch|p2a: Greninja|Greninja, F|285\/285
|turn|11
|c| AA SORINESS|SACA A BOMBACHOS
|
|move|p1a: Pinsir|Quick Attack|p2a: Greninja
|-damage|p2a: Greninja|0 fnt
|faint|p2a: Greninja
|
|c|âNo Pain no Walrein|wtf
|c|âNo Pain no Walrein|necesito un tanque tete
|-message|No Pain no Walrein forfeited.
|
|win|Meroz
|raw|Ladder updating...
|leave|No Pain no Walrein
|player|p2
|raw|Meroz's rating: 1606 &rarr; <strong>1623<\/strong><br \/>(+17 for winning)
|raw|No Pain no Walrein's rating: 1557 &rarr; <strong>1540<\/strong><br \/>(-17 for losing)
|leave|AA SORINESS