|join|tablet player
|join|Meroz
|player|p1|tablet player|170
|player|p2|Meroz|163
|gametype|singles
|gen|6
|tier|OU
|rated
|clearpoke
|poke|p1|Pinsir, M, shiny
|poke|p1|Deoxys-Defense
|poke|p1|Bisharp, M, shiny
|poke|p1|Azumarill, M
|poke|p1|Aegislash, M
|poke|p1|Excadrill, M
|poke|p2|Skarmory, M
|poke|p2|Heracross, M
|poke|p2|Magnezone
|poke|p2|Dugtrio, M
|poke|p2|Deoxys-Speed
|poke|p2|Talonflame, F
|rule|Sleep Clause Mod: Limit one foe put to sleep
|rule|Species Clause: Limit one of each Pokemon
|rule|OHKO Clause: OHKO moves are banned
|rule|Moody Clause: Moody is banned
|rule|Evasion Moves Clause: Evasion moves are banned
|rule|Endless Battle Clause: Forcing endless battles is banned.
|rule|HP Percentage Mod: HP is reported as percentages
|teampreview
|
|start
|switch|p1a: Deoxys-Defense|Deoxys-Defense|304\/304
|switch|p2a: Magnezone|Magnezone|343\/343
|-ability|p1a: Deoxys-Defense|Pressure
|turn|1
|
|move|p1a: Deoxys-Defense|Stealth Rock|p2a: Magnezone
|-sidestart|p2: Meroz|move: Stealth Rock
|move|p2a: Magnezone|Thunderbolt|p1a: Deoxys-Defense
|-damage|p1a: Deoxys-Defense|190\/304
|-enditem|p1a: Deoxys-Defense|Red Card|[of] p2a: Magnezone
|drag|p2a: Dugtrio|Dugtrio, M|212\/212
|-damage|p2a: Dugtrio|199\/212|[from] Stealth Rock
|
|turn|2
|
|move|p2a: Dugtrio|Earthquake|p1a: Deoxys-Defense
|-damage|p1a: Deoxys-Defense|100\/304
|move|p1a: Deoxys-Defense|Spikes|p2a: Dugtrio
|-sidestart|p2: Meroz|Spikes
|
|turn|3
|
|move|p2a: Dugtrio|Earthquake|p1a: Deoxys-Defense
|-damage|p1a: Deoxys-Defense|19\/304
|move|p1a: Deoxys-Defense|Spikes|p2a: Dugtrio
|-sidestart|p2: Meroz|Spikes
|
|turn|4
|
|move|p2a: Dugtrio|Earthquake|p1a: Deoxys-Defense
|-damage|p1a: Deoxys-Defense|0 fnt
|faint|p1a: Deoxys-Defense
|
|
|switch|p1a: Excadrill|Excadrill, M|361\/361
|-ability|p1a: Excadrill|Mold Breaker
|turn|5
|
|move|p1a: Excadrill|Earthquake|p2a: Dugtrio
|-damage|p2a: Dugtrio|0 fnt
|faint|p2a: Dugtrio
|
|
|switch|p2a: Talonflame|Talonflame, F|298\/298
|-damage|p2a: Talonflame|149\/298|[from] Stealth Rock
|turn|6
|
|switch|p1a: BLUE|Azumarill, M|404\/404
|move|p2a: Talonflame|Flare Blitz|p1a: BLUE
|-resisted|p1a: BLUE
|-damage|p1a: BLUE|276\/404
|-damage|p2a: Talonflame|107\/298|[from] recoil|[of] p1a: BLUE
|
|turn|7
|
|move|p2a: Talonflame|Flare Blitz|p1a: BLUE
|-resisted|p1a: BLUE
|-damage|p1a: BLUE|147\/404
|-damage|p2a: Talonflame|64\/298|[from] recoil|[of] p1a: BLUE
|move|p1a: BLUE|Waterfall|p2a: Talonflame
|-supereffective|p2a: Talonflame
|-damage|p2a: Talonflame|0 fnt
|faint|p2a: Talonflame
|
|
|switch|p2a: Magnezone|Magnezone|343\/343
|-damage|p2a: Magnezone|286\/343|[from] Spikes
|-damage|p2a: Magnezone|265\/343|[from] Stealth Rock
|turn|8
|
|move|p2a: Magnezone|Thunderbolt|p1a: BLUE
|-supereffective|p1a: BLUE
|-damage|p1a: BLUE|0 fnt
|faint|p1a: BLUE
|
|-heal|p2a: Magnezone|286\/343|[from] item: Leftovers
|
|switch|p1a: Excadrill|Excadrill, M|361\/361
|-ability|p1a: Excadrill|Mold Breaker
|turn|9
|
|switch|p2a: Skarmory|Skarmory, M|334\/334
|-damage|p2a: Skarmory|293\/334|[from] Stealth Rock
|move|p1a: Excadrill|Earthquake|p2a: Skarmory
|-immune|p2a: Skarmory|[msg]
|
|-heal|p2a: Skarmory|313\/334|[from] item: Leftovers
|turn|10
|
|switch|p1a: Aegislash|Aegislash, M|261\/261
|-item|p1a: Aegislash|Air Balloon
|move|p2a: Skarmory|Stealth Rock|p1a: Aegislash
|-sidestart|p1: tablet player|move: Stealth Rock
|
|-heal|p2a: Skarmory|333\/334|[from] item: Leftovers
|turn|11
|
|move|p2a: Skarmory|Spikes|p1a: Aegislash
|-sidestart|p1: tablet player|Spikes
|-formechange|p1a: Aegislash|Aegislash-Blade
|move|p1a: Aegislash|Shadow Ball|p2a: Skarmory
|-damage|p2a: Skarmory|89\/334
|
|-heal|p2a: Skarmory|109\/334|[from] item: Leftovers
|turn|12
|
|move|p2a: Skarmory|Spikes|p1a: Aegislash
|-sidestart|p1: tablet player|Spikes
|move|p1a: Aegislash|Shadow Ball|p2a: Skarmory
|-damage|p2a: Skarmory|0 fnt
|faint|p2a: Skarmory
|
|
|switch|p2a: Magnezone|Magnezone|286\/343
|-damage|p2a: Magnezone|265\/343|[from] Stealth Rock
|-damage|p2a: Magnezone|208\/343|[from] Spikes
|turn|13
|
|-formechange|p1a: Aegislash|Aegislash
|move|p1a: Aegislash|King's Shield|p1a: Aegislash
|-singleturn|p1a: Aegislash|Protect
|move|p2a: Magnezone|Thunderbolt|p1a: Aegislash
|-activate|p1a: Aegislash|Protect
|
|-heal|p2a: Magnezone|229\/343|[from] item: Leftovers
|turn|14
|
|move|p2a: Magnezone|Thunderbolt|p1a: Aegislash
|-damage|p1a: Aegislash|140\/261
|-enditem|p1a: Aegislash|Air Balloon
|-formechange|p1a: Aegislash|Aegislash-Blade
|move|p1a: Aegislash|Shadow Ball|p2a: Magnezone
|-damage|p2a: Magnezone|27\/343
|
|-heal|p2a: Magnezone|48\/343|[from] item: Leftovers
|turn|15
|
|move|p1a: Aegislash|Shadow Sneak|p2a: Magnezone
|-crit|p2a: Magnezone
|-damage|p2a: Magnezone|0 fnt
|faint|p2a: Magnezone
|
|
|switch|p2a: Deoxys-Speed|Deoxys-Speed|241\/241
|-damage|p2a: Deoxys-Speed|211\/241|[from] Stealth Rock
|-damage|p2a: Deoxys-Speed|171\/241|[from] Spikes
|-ability|p2a: Deoxys-Speed|Pressure
|turn|16
|
|move|p1a: Aegislash|Shadow Sneak|p2a: Deoxys-Speed
|-supereffective|p2a: Deoxys-Speed
|-damage|p2a: Deoxys-Speed|0 fnt
|faint|p2a: Deoxys-Speed
|
|
|switch|p2a: Heracross|Heracross, M|301\/301
|-damage|p2a: Heracross|264\/301|[from] Stealth Rock
|-damage|p2a: Heracross|214\/301|[from] Spikes
|turn|17
|-message|Meroz forfeited.
|
|win|tablet player
|raw|Ladder updating...
|leave|Meroz
|player|p2
|raw|tablet player's rating: 1370 &rarr; <strong>1391<\/strong><br \/>(+21 for winning)
|raw|Meroz's rating: 1383 &rarr; <strong>1362<\/strong><br \/>(-21 for losing)