|join|Meroz
|join|Mentalist Swag
|player|p1|Meroz|163
|player|p2|Mentalist Swag|206
|gametype|singles
|gen|6
|tier|OU
|clearpoke
|poke|p1|Florges, F
|poke|p1|Mandibuzz, F
|poke|p1|Dusclops, M
|poke|p1|Tyranitar, F
|poke|p1|Charizard, M
|poke|p1|Conkeldurr, M
|poke|p2|Klefki, M
|poke|p2|Latias, F
|poke|p2|Latios, M
|poke|p2|Infernape, M, shiny
|poke|p2|Espeon, M
|poke|p2|Vaporeon, M
|rule|Sleep Clause Mod: Limit one foe put to sleep
|rule|Species Clause: Limit one of each Pokemon
|rule|OHKO Clause: OHKO moves are banned
|rule|Moody Clause: Moody is banned
|rule|Evasion Moves Clause: Evasion moves are banned
|rule|Endless Battle Clause: Forcing endless battles is banned.
|rule|HP Percentage Mod: HP is reported as percentages
|teampreview
|chat|Meroz|gl hf
|
|start
|switch|p1a: Tyranitar|Tyranitar, F|342\/342
|switch|p2a: Infernape|Infernape, M, shiny|293\/293
|-weather|Sandstorm
|turn|1
|
|switch|p1a: Mandibuzz|Mandibuzz, F|424\/424
|move|p2a: Infernape|Fake Out|p1a: Mandibuzz
|-damage|p1a: Mandibuzz|396\/424
|-damage|p2a: Infernape|245\/293|[from] item: Rocky Helmet|[of] p1a: Mandibuzz
|
|-weather|Sandstorm|[upkeep]
|-damage|p2a: Infernape|227\/293|[from] sandstorm
|-heal|p2a: Infernape|245\/293|[from] item: Leftovers
|turn|2
|
|move|p2a: Infernape|Thunder Punch|p1a: Mandibuzz
|-supereffective|p1a: Mandibuzz
|-damage|p1a: Mandibuzz|264\/424
|-damage|p2a: Infernape|197\/293|[from] item: Rocky Helmet|[of] p1a: Mandibuzz
|move|p1a: Mandibuzz|Knock Off|p2a: Infernape
|-resisted|p2a: Infernape
|-damage|p2a: Infernape|134\/293
|-enditem|p2a: Infernape|Leftovers|[from] move: Knock Off|[of] p1a: Mandibuzz
|
|-weather|Sandstorm|[upkeep]
|-damage|p2a: Infernape|116\/293|[from] sandstorm
|turn|3
|
|switch|p2a: Vaporeon|Vaporeon, M|464\/464
|move|p1a: Mandibuzz|Roost|p1a: Mandibuzz
|-heal|p1a: Mandibuzz|424\/424
|
|-weather|Sandstorm|[upkeep]
|-damage|p2a: Vaporeon|435\/464|[from] sandstorm
|-heal|p2a: Vaporeon|464\/464|[from] item: Leftovers
|turn|4
|
|switch|p1a: Conkeldurr|Conkeldurr, M|414\/414
|move|p2a: Vaporeon|Scald|p1a: Conkeldurr
|-damage|p1a: Conkeldurr|315\/414
|
|-weather|Sandstorm|[upkeep]
|-damage|p2a: Vaporeon|435\/464|[from] sandstorm
|-damage|p1a: Conkeldurr|290\/414|[from] sandstorm
|-heal|p2a: Vaporeon|464\/464|[from] item: Leftovers
|turn|5
|
|move|p2a: Vaporeon|Protect|p2a: Vaporeon
|-singleturn|p2a: Vaporeon|Protect
|move|p1a: Conkeldurr|Mach Punch|p2a: Vaporeon
|-activate|p2a: Vaporeon|Protect
|
|-weather|none
|turn|6
|
|move|p2a: Vaporeon|Scald|p1a: Conkeldurr
|-damage|p1a: Conkeldurr|184\/414
|move|p1a: Conkeldurr|Knock Off|p2a: Vaporeon
|-damage|p2a: Vaporeon|256\/464
|-enditem|p2a: Vaporeon|Leftovers|[from] move: Knock Off|[of] p1a: Conkeldurr
|
|turn|7
|
|move|p2a: Vaporeon|Wish|p2a: Vaporeon
|move|p1a: Conkeldurr|Drain Punch|p2a: Vaporeon
|-damage|p2a: Vaporeon|25\/464
|-heal|p1a: Conkeldurr|300\/414|[from] drain|[of] p2a: Vaporeon
|
|turn|8
|
|move|p2a: Vaporeon|Protect|p2a: Vaporeon
|-singleturn|p2a: Vaporeon|Protect
|move|p1a: Conkeldurr|Drain Punch|p2a: Vaporeon
|-activate|p2a: Vaporeon|Protect
|
|-heal|p2a: Vaporeon|257\/464|[from] move: Wish|[wisher] Vaporeon
|turn|9
|
|switch|p2a: Latias|Latias, F|302\/302
|move|p1a: Conkeldurr|Drain Punch|p2a: Latias
|-resisted|p2a: Latias
|-damage|p2a: Latias|224\/302
|-heal|p1a: Conkeldurr|339\/414|[from] drain|[of] p2a: Latias
|
|-heal|p2a: Latias|242\/302|[from] item: Leftovers
|turn|10
|
|switch|p1a: Dusclops|Dusclops, M|284\/284
|-item|p2a: Latias|Leftovers|[from] ability: Frisk|[of] p1a: Dusclops|[identify]
|move|p2a: Latias|Thunderbolt|p1a: Dusclops
|-damage|p1a: Dusclops|246\/284
|
|-heal|p2a: Latias|260\/302|[from] item: Leftovers
|turn|11
|
|switch|p2a: Espeon|Espeon, M|272\/272
|move|p1a: Dusclops|Will-O-Wisp|p2a: Espeon
|move|p2a: Espeon|Will-O-Wisp|p1a: Dusclops|[from]Magic Bounce
|-status|p1a: Dusclops|brn
|
|-damage|p1a: Dusclops|211\/284 brn|[from] brn
|turn|12
|
|switch|p1a: Florges|Florges, F|297\/297
|move|p2a: Espeon|Shadow Ball|p1a: Florges
|-damage|p1a: Florges|229\/297
|
|turn|13
|
|move|p2a: Espeon|Calm Mind|p2a: Espeon
|-boost|p2a: Espeon|spa|1
|-boost|p2a: Espeon|spd|1
|move|p1a: Florges|Moonblast|p2a: Espeon
|-damage|p2a: Espeon|89\/272
|
|-heal|p2a: Espeon|106\/272|[from] item: Leftovers
|turn|14
|
|move|p2a: Espeon|Psyshock|p1a: Florges
|-damage|p1a: Florges|0 fnt
|faint|p1a: Florges
|
|-heal|p2a: Espeon|123\/272|[from] item: Leftovers
|
|switch|p1a: Tyranitar|Tyranitar, F|342\/342
|-weather|Sandstorm
|turn|15
|
|move|p1a: Tyranitar|Fire Blast|p2a: Espeon|[miss]
|-miss|p1a: Tyranitar|p2a: Espeon
|move|p2a: Espeon|Shadow Ball|p1a: Tyranitar
|-resisted|p1a: Tyranitar
|-damage|p1a: Tyranitar|296\/342
|
|-weather|Sandstorm|[upkeep]
|-damage|p2a: Espeon|106\/272|[from] sandstorm
|-heal|p2a: Espeon|123\/272|[from] item: Leftovers
|turn|16
|join|Malachite
|
|switch|p2a: Latias|Latias, F|260\/302
|move|p1a: Tyranitar|Fire Blast|p2a: Latias
|-resisted|p2a: Latias
|-damage|p2a: Latias|221\/302
|-status|p2a: Latias|brn
|
|-weather|Sandstorm|[upkeep]
|-damage|p2a: Latias|203\/302 brn|[from] sandstorm
|-heal|p2a: Latias|221\/302 brn|[from] item: Leftovers
|-damage|p2a: Latias|184\/302 brn|[from] brn
|turn|17
|
|switch|p1a: Dusclops|Dusclops, M|211\/284 brn
|-item|p2a: Latias|Leftovers|[from] ability: Frisk|[of] p1a: Dusclops|[identify]
|move|p2a: Latias|Calm Mind|p2a: Latias
|-boost|p2a: Latias|spa|1
|-boost|p2a: Latias|spd|1
|
|-weather|Sandstorm|[upkeep]
|-damage|p2a: Latias|166\/302 brn|[from] sandstorm
|-damage|p1a: Dusclops|194\/284 brn|[from] sandstorm
|-heal|p2a: Latias|184\/302 brn|[from] item: Leftovers
|-damage|p2a: Latias|147\/302 brn|[from] brn
|-damage|p1a: Dusclops|159\/284 brn|[from] brn
|turn|18
|
|move|p2a: Latias|Dragon Pulse|p1a: Dusclops
|-damage|p1a: Dusclops|75\/284 brn
|move|p1a: Dusclops|Haze|p1a: Dusclops
|-clearallboost
|
|-weather|Sandstorm|[upkeep]
|-damage|p2a: Latias|129\/302 brn|[from] sandstorm
|-damage|p1a: Dusclops|58\/284 brn|[from] sandstorm
|-heal|p2a: Latias|147\/302 brn|[from] item: Leftovers
|-damage|p2a: Latias|110\/302 brn|[from] brn
|-damage|p1a: Dusclops|23\/284 brn|[from] brn
|turn|19
|
|move|p2a: Latias|Dragon Pulse|p1a: Dusclops
|-damage|p1a: Dusclops|0 fnt
|faint|p1a: Dusclops
|
|-weather|none
|-heal|p2a: Latias|128\/302 brn|[from] item: Leftovers
|-damage|p2a: Latias|91\/302 brn|[from] brn
|
|switch|p1a: Tyranitar|Tyranitar, F|296\/342
|-weather|Sandstorm
|turn|20
|
|switch|p2a: Klefki|Klefki, M|318\/318
|move|p1a: Tyranitar|Ice Beam|p2a: Klefki
|-resisted|p2a: Klefki
|-damage|p2a: Klefki|282\/318
|
|-weather|Sandstorm|[upkeep]
|turn|21
|
|switch|p1a: Conkeldurr|Conkeldurr, M|339\/414
|move|p2a: Klefki|Spikes|p1a: Conkeldurr
|-sidestart|p1: Meroz|Spikes
|
|-weather|Sandstorm|[upkeep]
|-damage|p1a: Conkeldurr|314\/414|[from] sandstorm
|turn|22
|
|switch|p2a: Infernape|Infernape, M, shiny|116\/293
|move|p1a: Conkeldurr|Knock Off|p2a: Infernape
|-resisted|p2a: Infernape
|-damage|p2a: Infernape|52\/293
|
|-weather|Sandstorm|[upkeep]
|-damage|p2a: Infernape|34\/293|[from] sandstorm
|-damage|p1a: Conkeldurr|289\/414|[from] sandstorm
|turn|23
|
|switch|p1a: Mandibuzz|Mandibuzz, F|424\/424
|move|p2a: Infernape|Fake Out|p1a: Mandibuzz
|-crit|p1a: Mandibuzz
|-damage|p1a: Mandibuzz|378\/424
|-damage|p2a: Infernape|0 fnt|[from] item: Rocky Helmet|[of] p1a: Mandibuzz
|faint|p2a: Infernape
|
|-weather|Sandstorm|[upkeep]
|
|switch|p2a: Vaporeon|Vaporeon, M|257\/464
|turn|24
|
|switch|p1a: Conkeldurr|Conkeldurr, M|289\/414
|-damage|p1a: Conkeldurr|238\/414|[from] Spikes
|move|p2a: Vaporeon|Scald|p1a: Conkeldurr
|-damage|p1a: Conkeldurr|147\/414
|
|-weather|none
|turn|25
|
|move|p2a: Vaporeon|Scald|p1a: Conkeldurr
|-damage|p1a: Conkeldurr|48\/414
|move|p1a: Conkeldurr|Drain Punch|p2a: Vaporeon
|-damage|p2a: Vaporeon|2\/464
|-heal|p1a: Conkeldurr|176\/414|[from] drain|[of] p2a: Vaporeon
|
|turn|26
|
|move|p2a: Vaporeon|Scald|p1a: Conkeldurr
|-damage|p1a: Conkeldurr|70\/414
|-status|p1a: Conkeldurr|brn
|move|p1a: Conkeldurr|Knock Off|p2a: Vaporeon
|-damage|p2a: Vaporeon|0 fnt
|faint|p2a: Vaporeon
|
|-damage|p1a: Conkeldurr|19\/414 brn|[from] brn
|
|switch|p2a: Latios|Latios, M|302\/302
|turn|27
|
|move|p2a: Latios|Dragon Pulse|p1a: Conkeldurr
|-damage|p1a: Conkeldurr|0 fnt
|faint|p1a: Conkeldurr
|
|
|switch|p1a: Charizard|Charizard, M|298\/298
|turn|28
|
|-formechange|p1a: Charizard|Charizard-Mega-X
|message|Charizard has Mega Evolved into Mega Charizard!
|move|p2a: Latios|Dragon Pulse|p1a: Charizard
|-supereffective|p1a: Charizard
|-damage|p1a: Charizard|0 fnt
|faint|p1a: Charizard
|
|
|switch|p1a: Tyranitar|Tyranitar, F|296\/342
|-damage|p1a: Tyranitar|254\/342|[from] Spikes
|-weather|Sandstorm
|turn|29
|
|switch|p2a: Klefki|Klefki, M|282\/318
|move|p1a: Tyranitar|Ice Beam|p2a: Klefki
|-resisted|p2a: Klefki
|-damage|p2a: Klefki|249\/318
|
|-weather|Sandstorm|[upkeep]
|turn|30
|
|switch|p1a: Mandibuzz|Mandibuzz, F|378\/424
|move|p2a: Klefki|Thunder Wave|p1a: Mandibuzz
|-status|p1a: Mandibuzz|par
|
|-weather|Sandstorm|[upkeep]
|turn|31
|
|move|p2a: Klefki|Spikes|p1a: Mandibuzz
|-sidestart|p1: Meroz|Spikes
|cant|p1a: Mandibuzz|par
|
|-weather|Sandstorm|[upkeep]
|turn|32
|
|move|p2a: Klefki|Spikes|p1a: Mandibuzz
|-sidestart|p1: Meroz|Spikes
|move|p1a: Mandibuzz|Knock Off|p2a: Klefki
|-resisted|p2a: Klefki
|-damage|p2a: Klefki|204\/318
|-enditem|p2a: Klefki|Light Clay|[from] move: Knock Off|[of] p1a: Mandibuzz
|
|-weather|Sandstorm|[upkeep]
|turn|33
|join|Sigon
|
|move|p2a: Klefki|Reflect|p2a: Klefki
|-sidestart|p2: Mentalist Swag|Reflect
|move|p1a: Mandibuzz|Foul Play|p2a: Klefki
|-resisted|p2a: Klefki
|-damage|p2a: Klefki|181\/318
|
|-weather|none
|turn|34
|
|move|p2a: Klefki|Thunder Wave|p1a: Mandibuzz
|-fail|p1a: Mandibuzz|par
|cant|p1a: Mandibuzz|par
|
|turn|35
|
|move|p2a: Klefki|Light Screen|p2a: Klefki
|-sidestart|p2: Mentalist Swag|move: Light Screen
|move|p1a: Mandibuzz|Knock Off|p2a: Klefki
|-resisted|p2a: Klefki
|-damage|p2a: Klefki|166\/318
|
|turn|36
|
|switch|p2a: Latias|Latias, F|91\/302 brn
|move|p1a: Mandibuzz|Knock Off|p2a: Latias
|-supereffective|p2a: Latias
|-damage|p2a: Latias|1\/302 brn
|-enditem|p2a: Latias|Leftovers|[from] move: Knock Off|[of] p1a: Mandibuzz
|
|-damage|p2a: Latias|0 fnt|[from] brn
|faint|p2a: Latias
|chat|Sigon|guys
|chat|Sigon|send me finals link who ever wins
|
|switch|p2a: Latios|Latios, M|302\/302
|turn|37
|leave|Sigon
|
|move|p2a: Latios|Calm Mind|p2a: Latios
|-boost|p2a: Latios|spa|1
|-boost|p2a: Latios|spd|1
|cant|p1a: Mandibuzz|par
|
|-sideend|p2: Mentalist Swag|Reflect
|turn|38
|
|move|p2a: Latios|Dragon Pulse|p1a: Mandibuzz
|-damage|p1a: Mandibuzz|138\/424 par
|move|p1a: Mandibuzz|Knock Off|p2a: Latios
|-supereffective|p2a: Latios
|-damage|p2a: Latios|90\/302
|-enditem|p2a: Latios|Leftovers|[from] move: Knock Off|[of] p1a: Mandibuzz
|
|turn|39
|
|move|p2a: Latios|Dragon Pulse|p1a: Mandibuzz
|-damage|p1a: Mandibuzz|0 fnt
|faint|p1a: Mandibuzz
|
|-sideend|p2: Mentalist Swag|move: Light Screen
|
|switch|p1a: Tyranitar|Tyranitar, F|254\/342
|-damage|p1a: Tyranitar|169\/342|[from] Spikes
|-weather|Sandstorm
|turn|40
|
|switch|p2a: Klefki|Klefki, M|166\/318
|move|p1a: Tyranitar|Ice Beam|p2a: Klefki
|-crit|p2a: Klefki
|-resisted|p2a: Klefki
|-damage|p2a: Klefki|119\/318
|
|-weather|Sandstorm|[upkeep]
|turn|41
|chat|Meroz|gg
|
|move|p2a: Klefki|Thunder Wave|p1a: Tyranitar
|-status|p1a: Tyranitar|par
|move|p1a: Tyranitar|Ice Beam|p2a: Klefki
|-resisted|p2a: Klefki
|-damage|p2a: Klefki|87\/318
|
|-weather|Sandstorm|[upkeep]
|turn|42
|
|move|p2a: Klefki|Spikes|p1a: Tyranitar
|-fail|p1a: Tyranitar
|move|p1a: Tyranitar|Ice Beam|p2a: Klefki
|-resisted|p2a: Klefki
|-damage|p2a: Klefki|52\/318
|
|-weather|Sandstorm|[upkeep]
|turn|43
|
|move|p2a: Klefki|Spikes|p1a: Tyranitar
|-fail|p1a: Tyranitar
|cant|p1a: Tyranitar|par
|
|-weather|Sandstorm|[upkeep]
|turn|44
|
|move|p2a: Klefki|Reflect|p2a: Klefki
|-sidestart|p2: Mentalist Swag|Reflect
|move|p1a: Tyranitar|Ice Beam|p2a: Klefki
|-crit|p2a: Klefki
|-resisted|p2a: Klefki
|-damage|p2a: Klefki|0 fnt
|faint|p2a: Klefki
|
|-weather|none
|
|switch|p2a: Espeon|Espeon, M|123\/272
|turn|45
|chat|Mentalist Swag|shit got the wrong screen up
|
|move|p2a: Espeon|Calm Mind|p2a: Espeon
|-boost|p2a: Espeon|spa|1
|-boost|p2a: Espeon|spd|1
|move|p1a: Tyranitar|Ice Beam|p2a: Espeon
|-damage|p2a: Espeon|61\/272
|
|-heal|p2a: Espeon|78\/272|[from] item: Leftovers
|turn|46
|
|move|p2a: Espeon|Shadow Ball|p1a: Tyranitar
|-resisted|p1a: Tyranitar
|-damage|p1a: Tyranitar|99\/342 par
|cant|p1a: Tyranitar|par
|
|-heal|p2a: Espeon|95\/272|[from] item: Leftovers
|turn|47
|
|move|p2a: Espeon|Shadow Ball|p1a: Tyranitar
|-resisted|p1a: Tyranitar
|-damage|p1a: Tyranitar|29\/342 par
|move|p1a: Tyranitar|Ice Beam|p2a: Espeon
|-damage|p2a: Espeon|36\/272
|
|-heal|p2a: Espeon|53\/272|[from] item: Leftovers
|turn|48
|chat|Mentalist Swag|GG
|
|move|p2a: Espeon|Shadow Ball|p1a: Tyranitar
|-resisted|p1a: Tyranitar
|-damage|p1a: Tyranitar|0 fnt
|faint|p1a: Tyranitar
|
|win|Mentalist Swag