|join|zoom test
|join|Meroz
|player|p1|zoom test|267
|player|p2|Meroz|102
|gametype|singles
|gen|6
|tier|OU
|rated
|clearpoke
|poke|p1|Charizard, M
|poke|p1|Azumarill, F
|poke|p1|Zygarde
|poke|p1|Heatran, M
|poke|p1|Sylveon, F
|poke|p1|Mandibuzz, F
|poke|p2|Excadrill, F
|poke|p2|Terrakion
|poke|p2|Azumarill, M
|poke|p2|Thundurus, M
|poke|p2|Charizard, M
|poke|p2|Dragonite, M
|rule|Sleep Clause Mod: Limit one foe put to sleep
|rule|Species Clause: Limit one of each Pokemon
|rule|OHKO Clause: OHKO moves are banned
|rule|Moody Clause: Moody is banned
|rule|Evasion Moves Clause: Evasion moves are banned
|rule|Endless Battle Clause: Forcing endless battles is banned.
|rule|HP Percentage Mod: HP is reported as percentages
|teampreview
|join|Raindropss
|
|start
|switch|p1a: Zygarde|Zygarde|420\/420
|switch|p2a: Thundurus|Thundurus, M|300\/300
|-ability|p1a: Zygarde|Aura Break
|turn|1
|
|move|p1a: Zygarde|Extreme Speed|p2a: Thundurus
|-damage|p2a: Thundurus|139\/300
|move|p2a: Thundurus|Hidden Power|p1a: Zygarde
|-supereffective|p1a: Zygarde
|-damage|p1a: Zygarde|112\/420
|
|-heal|p2a: Thundurus|157\/300|[from] item: Leftovers
|turn|2
|
|switch|p2a: Terrakion|Terrakion|323\/323
|move|p1a: Zygarde|Extreme Speed|p2a: Terrakion
|-resisted|p2a: Terrakion
|-damage|p2a: Terrakion|254\/323
|
|turn|3
|
|switch|p1a: Sylveon|Sylveon, F|394\/394
|move|p2a: Terrakion|Earthquake|p1a: Sylveon
|-crit|p1a: Sylveon
|-damage|p1a: Sylveon|232\/394
|
|-heal|p1a: Sylveon|256\/394|[from] item: Leftovers
|turn|4
|
|move|p2a: Terrakion|Stealth Rock|p1a: Sylveon
|-sidestart|p1: zoom test|move: Stealth Rock
|move|p1a: Sylveon|Hyper Voice|p2a: Terrakion
|-supereffective|p2a: Terrakion
|-damage|p2a: Terrakion|0 fnt
|faint|p2a: Terrakion
|
|-heal|p1a: Sylveon|280\/394|[from] item: Leftovers
|
|switch|p2a: Excadrill|Excadrill, F|362\/362
|-ability|p2a: Excadrill|Mold Breaker
|turn|5
|
|switch|p1a: Mandibuzz|Mandibuzz, F|424\/424
|-damage|p1a: Mandibuzz|318\/424|[from] Stealth Rock
|move|p2a: Excadrill|Rock Slide|p1a: Mandibuzz
|-miss|p2a: Excadrill|p1a: Mandibuzz
|
|turn|6
|
|switch|p2a: Azumarill|Azumarill, M|404\/404
|move|p1a: Mandibuzz|Roost|p1a: Mandibuzz
|-heal|p1a: Mandibuzz|424\/424
|
|turn|7
|
|move|p1a: Mandibuzz|Knock Off|p2a: Azumarill
|-resisted|p2a: Azumarill
|-damage|p2a: Azumarill|356\/404
|-enditem|p2a: Azumarill|Sitrus Berry|[from] move: Knock Off|[of] p1a: Mandibuzz
|move|p2a: Azumarill|Belly Drum|p2a: Azumarill
|-damage|p2a: Azumarill|154\/404
|-setboost|p2a: Azumarill|atk|6|[from] move: Belly Drum
|
|turn|8
|
|move|p1a: Mandibuzz|Foul Play|p2a: Azumarill
|-resisted|p2a: Azumarill
|-damage|p2a: Azumarill|0 fnt
|faint|p2a: Azumarill
|
|
|switch|p2a: Thundurus|Thundurus, M|157\/300
|turn|9
|
|switch|p1a: Heatran|Heatran, M|386\/386
|-damage|p1a: Heatran|338\/386|[from] Stealth Rock
|move|p2a: Thundurus|Thunderbolt|p1a: Heatran
|-damage|p1a: Heatran|224\/386
|
|-heal|p2a: Thundurus|175\/300|[from] item: Leftovers
|-heal|p1a: Heatran|248\/386|[from] item: Leftovers
|turn|10
|
|move|p2a: Thundurus|Focus Blast|p1a: Heatran
|-supereffective|p1a: Heatran
|-damage|p1a: Heatran|66\/386
|move|p1a: Heatran|Stealth Rock|p2a: Thundurus
|-sidestart|p2: Meroz|move: Stealth Rock
|
|-heal|p2a: Thundurus|193\/300|[from] item: Leftovers
|-heal|p1a: Heatran|90\/386|[from] item: Leftovers
|turn|11
|
|move|p2a: Thundurus|Thunderbolt|p1a: Heatran
|-damage|p1a: Heatran|0 fnt
|faint|p1a: Heatran
|
|-heal|p2a: Thundurus|211\/300|[from] item: Leftovers
|
|switch|p1a: Zygarde|Zygarde|112\/420
|-damage|p1a: Zygarde|86\/420|[from] Stealth Rock
|-ability|p1a: Zygarde|Aura Break
|turn|12
|
|move|p1a: Zygarde|Extreme Speed|p2a: Thundurus
|-damage|p2a: Thundurus|37\/300
|move|p2a: Thundurus|Hidden Power|p1a: Zygarde
|-supereffective|p1a: Zygarde
|-damage|p1a: Zygarde|0 fnt
|faint|p1a: Zygarde
|
|-heal|p2a: Thundurus|55\/300|[from] item: Leftovers
|
|switch|p1a: Azumarill|Azumarill, F|404\/404
|-damage|p1a: Azumarill|354\/404|[from] Stealth Rock
|turn|13
|
|move|p1a: Azumarill|Aqua Jet|p2a: Thundurus
|-damage|p2a: Thundurus|0 fnt
|faint|p2a: Thundurus
|
|
|switch|p2a: Dragonite|Dragonite, M|324\/324
|-damage|p2a: Dragonite|243\/324|[from] Stealth Rock
|turn|14
|
|switch|p1a: Mandibuzz|Mandibuzz, F|424\/424
|-damage|p1a: Mandibuzz|318\/424|[from] Stealth Rock
|move|p2a: Dragonite|Earthquake|p1a: Mandibuzz
|-immune|p1a: Mandibuzz|[msg]
|
|turn|15
|
|move|p2a: Dragonite|Dragon Claw|p1a: Mandibuzz
|-damage|p1a: Mandibuzz|201\/424
|-damage|p2a: Dragonite|189\/324|[from] item: Rocky Helmet|[of] p1a: Mandibuzz
|move|p1a: Mandibuzz|Foul Play|p2a: Dragonite
|-damage|p2a: Dragonite|0 fnt
|faint|p2a: Dragonite
|
|
|switch|p2a: Excadrill|Excadrill, F|362\/362
|-damage|p2a: Excadrill|351\/362|[from] Stealth Rock
|-ability|p2a: Excadrill|Mold Breaker
|turn|16
|
|move|p2a: Excadrill|Rapid Spin|p1a: Mandibuzz
|-damage|p1a: Mandibuzz|181\/424
|-damage|p2a: Excadrill|291\/362|[from] item: Rocky Helmet|[of] p1a: Mandibuzz
|-sideend|p2: Meroz|Stealth Rock|[from] move: Rapid Spin|[of] p2a: Excadrill
|move|p1a: Mandibuzz|Roost|p1a: Mandibuzz
|-heal|p1a: Mandibuzz|393\/424
|
|turn|17
|
|move|p2a: Excadrill|Rapid Spin|p1a: Mandibuzz
|-damage|p1a: Mandibuzz|375\/424
|-damage|p2a: Excadrill|231\/362|[from] item: Rocky Helmet|[of] p1a: Mandibuzz
|move|p1a: Mandibuzz|Defog|p2a: Excadrill
|-unboost|p2a: Excadrill|evasion|1
|-sideend|p1: zoom test|Stealth Rock|[from] move: Defog|[of] p1a: Mandibuzz
|
|turn|18
|
|switch|p2a: Charizard|Charizard, M|298\/298
|move|p1a: Mandibuzz|Knock Off|p2a: Charizard
|-damage|p2a: Charizard|226\/298
|
|turn|19
|
|detailschange|p2a: Charizard|Charizard-Mega-X, M
|message|Charizard has Mega Evolved into Mega Charizard!
|move|p2a: Charizard|Flare Blitz|p1a: Mandibuzz
|-damage|p1a: Mandibuzz|191\/424
|-damage|p2a: Charizard|177\/298|[from] item: Rocky Helmet|[of] p1a: Mandibuzz
|-status|p1a: Mandibuzz|brn
|-damage|p2a: Charizard|116\/298|[from] recoil|[of] p1a: Mandibuzz
|move|p1a: Mandibuzz|Foul Play|p2a: Charizard
|-damage|p2a: Charizard|37\/298
|
|-damage|p1a: Mandibuzz|138\/424 brn|[from] brn
|turn|20
|-message|Meroz forfeited.
|
|win|zoom test
|raw|Ladder updating...
|leave|Meroz
|player|p2
|raw|zoom test's rating: 1641 &rarr; <strong>1665<\/strong><br \/>(+24 for winning)
|raw|Meroz's rating: 1710 &rarr; <strong>1686<\/strong><br \/>(-24 for losing)
|leave|zoom test
|player|p1