|join|OPGGNORE
|join|Meroz
|player|p1|OPGGNORE|266
|player|p2|Meroz|102
|gametype|singles
|gen|6
|tier|OU
|rated
|clearpoke
|poke|p1|Gliscor, M, shiny
|poke|p1|Venusaur, M
|poke|p1|Landorus-Therian, M
|poke|p1|Heatran, F
|poke|p1|Crawdaunt, F
|poke|p1|Mandibuzz, F
|poke|p2|Excadrill, F
|poke|p2|Terrakion
|poke|p2|Azumarill, M
|poke|p2|Thundurus, M
|poke|p2|Charizard, M
|poke|p2|Latios, M
|rule|Sleep Clause Mod: Limit one foe put to sleep
|rule|Species Clause: Limit one of each Pokemon
|rule|OHKO Clause: OHKO moves are banned
|rule|Moody Clause: Moody is banned
|rule|Evasion Moves Clause: Evasion moves are banned
|rule|Endless Battle Clause: Forcing endless battles is banned.
|rule|HP Percentage Mod: HP is reported as percentages
|teampreview
|
|start
|switch|p1a: Landorus-Therian|Landorus-Therian, M|320\/320
|switch|p2a: Thundurus|Thundurus, M|300\/300
|-ability|p1a: Landorus-Therian|Intimidate|[of] p2a: Thundurus
|-unboost|p2a: Thundurus|atk|1
|turn|1
|
|move|p1a: Landorus-Therian|Stone Edge|p2a: Thundurus
|-crit|p2a: Thundurus
|-supereffective|p2a: Thundurus
|-damage|p2a: Thundurus|0 fnt
|faint|p2a: Thundurus
|
|
|switch|p2a: Azumarill|Azumarill, M|404\/404
|turn|2
|
|switch|p1a: Venusaur|Venusaur, M|364\/364
|switch|p2a: Latios|Latios, M|302\/302
|
|turn|3
|
|detailschange|p1a: Venusaur|Venusaur-Mega, M
|message|Venusaur has Mega Evolved into Mega Venusaur!
|move|p2a: Latios|Thunderbolt|p1a: Venusaur
|-resisted|p1a: Venusaur
|-damage|p1a: Venusaur|320\/364
|-damage|p2a: Latios|272\/302|[from] item: Life Orb
|move|p1a: Venusaur|Sludge Bomb|p2a: Latios
|-damage|p2a: Latios|155\/302
|-status|p2a: Latios|psn
|
|-damage|p2a: Latios|118\/302 psn|[from] psn
|turn|4
|
|switch|p1a: Crawdaunt|Crawdaunt, F|330\/330
|move|p2a: Latios|Psyshock|p1a: Crawdaunt
|-immune|p1a: Crawdaunt|[msg]
|
|-damage|p2a: Latios|81\/302 psn|[from] psn
|turn|5
|
|move|p1a: Crawdaunt|Aqua Jet|p2a: Latios
|-resisted|p2a: Latios
|-damage|p2a: Latios|0 fnt
|faint|p2a: Latios
|
|
|switch|p2a: Azumarill|Azumarill, M|404\/404
|turn|6
|
|switch|p1a: Venusaur|Venusaur-Mega, M|320\/364
|move|p2a: Azumarill|Belly Drum|p2a: Azumarill
|-damage|p2a: Azumarill|202\/404
|-setboost|p2a: Azumarill|atk|6|[from] move: Belly Drum
|-enditem|p2a: Azumarill|Sitrus Berry|[eat]
|-heal|p2a: Azumarill|303\/404|[from] item: Sitrus Berry
|
|turn|7
|
|move|p1a: Venusaur|Sludge Bomb|p2a: Azumarill
|-supereffective|p2a: Azumarill
|-damage|p2a: Azumarill|21\/404
|-status|p2a: Azumarill|psn
|move|p2a: Azumarill|Play Rough|p1a: Venusaur
|-resisted|p1a: Venusaur
|-damage|p1a: Venusaur|0 fnt
|faint|p1a: Venusaur
|
|-damage|p2a: Azumarill|0 fnt|[from] psn
|faint|p2a: Azumarill
|
|switch|p1a: Landorus-Therian|Landorus-Therian, M|320\/320
|switch|p2a: Terrakion|Terrakion|323\/323
|-ability|p1a: Landorus-Therian|Intimidate|[of] p2a: Terrakion
|-unboost|p2a: Terrakion|atk|1
|turn|8
|
|move|p1a: Landorus-Therian|U-turn|p2a: Terrakion
|-resisted|p2a: Terrakion
|-damage|p2a: Terrakion|265\/323
|
|switch|p1a: Gliscor|Gliscor, M, shiny|354\/354
|move|p2a: Terrakion|Stealth Rock|p1a: Gliscor
|-sidestart|p1: OPGGNORE|move: Stealth Rock
|
|-status|p1a: Gliscor|tox|[from] item: Toxic Orb
|turn|9
|
|switch|p2a: Charizard|Charizard, M|298\/298
|move|p1a: Gliscor|Toxic|p2a: Charizard|[miss]
|-miss|p1a: Gliscor|p2a: Charizard
|
|turn|10
|
|move|p2a: Charizard|Swords Dance|p2a: Charizard
|-boost|p2a: Charizard|atk|2
|move|p1a: Gliscor|Toxic|p2a: Charizard|[miss]
|-miss|p1a: Gliscor|p2a: Charizard
|
|turn|11
|chat|OPGGNORE|wtf
|
|move|p2a: Charizard|Swords Dance|p2a: Charizard
|-boost|p2a: Charizard|atk|2
|move|p1a: Gliscor|Toxic|p2a: Charizard
|-status|p2a: Charizard|tox
|
|-damage|p2a: Charizard|280\/298 tox|[from] psn
|turn|12
|
|switch|p1a: Landorus-Therian|Landorus-Therian, M|320\/320
|-damage|p1a: Landorus-Therian|280\/320|[from] Stealth Rock
|-ability|p1a: Landorus-Therian|Intimidate|[of] p2a: Charizard
|-unboost|p2a: Charizard|atk|1
|move|p2a: Charizard|Tailwind|p2a: Charizard
|-sidestart|p2: Meroz|move: Tailwind
|
|-damage|p2a: Charizard|244\/298 tox|[from] psn
|turn|13
|
|switch|p1a: Gliscor|Gliscor, M, shiny|354\/354 tox
|-damage|p1a: Gliscor|310\/354 tox|[from] Stealth Rock
|detailschange|p2a: Charizard|Charizard-Mega-X, M
|message|Charizard has Mega Evolved into Mega Charizard!
|move|p2a: Charizard|Dragon Claw|p1a: Gliscor
|-damage|p1a: Gliscor|18\/354 tox
|
|-damage|p2a: Charizard|190\/298 tox|[from] psn
|-heal|p1a: Gliscor|62\/354 tox|[from] ability: Poison Heal
|turn|14
|
|move|p1a: Gliscor|Protect|p1a: Gliscor
|-singleturn|p1a: Gliscor|Protect
|move|p2a: Charizard|Dragon Claw|p1a: Gliscor
|-activate|p1a: Gliscor|Protect
|
|-damage|p2a: Charizard|118\/298 tox|[from] psn
|-heal|p1a: Gliscor|106\/354 tox|[from] ability: Poison Heal
|turn|15
|
|move|p1a: Gliscor|Protect|p1a: Gliscor
|-fail|p1a: Gliscor
|move|p2a: Charizard|Dragon Claw|p1a: Gliscor
|-damage|p1a: Gliscor|0 fnt
|faint|p1a: Gliscor
|
|-damage|p2a: Charizard|28\/298 tox|[from] psn
|-sideend|p2: Meroz|move: Tailwind
|
|switch|p1a: Landorus-Therian|Landorus-Therian, M|280\/320
|-damage|p1a: Landorus-Therian|240\/320|[from] Stealth Rock
|-ability|p1a: Landorus-Therian|Intimidate|[of] p2a: Charizard
|-unboost|p2a: Charizard|atk|1
|turn|16
|
|move|p1a: Landorus-Therian|Earthquake|p2a: Charizard
|-supereffective|p2a: Charizard
|-damage|p2a: Charizard|0 fnt
|faint|p2a: Charizard
|
|-message|Meroz forfeited.
|
|win|OPGGNORE
|raw|Ladder updating...
|raw|OPGGNORE's rating: 1693 &rarr; <strong>1715<\/strong><br \/>(+22 for winning)
|raw|Meroz's rating: 1724 &rarr; <strong>1702<\/strong><br \/>(-22 for losing)
|leave|Meroz
|player|p2