|join|Here to GG
|join|Meroz
|player|p1|Here to GG|148
|player|p2|Meroz|92
|gametype|singles
|gen|6
|tier|OU
|rated
|clearpoke
|poke|p1|Gothitelle, F
|poke|p1|Metagross
|poke|p1|Raikou
|poke|p1|Skarmory, M
|poke|p1|Tyranitar, F
|poke|p1|Azumarill, M
|poke|p2|Cacturne, F
|poke|p2|Archeops, F
|poke|p2|Gyarados, M
|poke|p2|Weavile, M
|poke|p2|Gengar, F
|poke|p2|Landorus-Therian, M
|rule|Swagger Clause: Swagger is banned
|rule|Baton Pass Clause: Limit one PokÃ©mon knowing Baton Pass
|rule|Sleep Clause Mod: Limit one foe put to sleep
|rule|Species Clause: Limit one of each PokÃ©mon
|rule|OHKO Clause: OHKO moves are banned
|rule|Moody Clause: Moody is banned
|rule|Evasion Moves Clause: Evasion moves are banned
|rule|Endless Battle Clause: Forcing endless battles is banned
|rule|HP Percentage Mod: HP is shown in percentages
|teampreview
|
|start
|switch|p1a: Raikou|Raikou|321\/321
|switch|p2a: Archeops|Archeops, F|291\/291
|-ability|p1a: Raikou|Pressure
|turn|1
|
|move|p1a: Raikou|Thunderbolt|p2a: Archeops
|-supereffective|p2a: Archeops
|-enditem|p2a: Archeops|Focus Sash
|-damage|p2a: Archeops|1\/291
|move|p2a: Archeops|Endeavor|p1a: Raikou
|-damage|p1a: Raikou|1\/321
|
|turn|2
|
|move|p1a: Raikou|Hidden Power|p2a: Archeops
|-supereffective|p2a: Archeops
|-damage|p2a: Archeops|0 fnt
|faint|p2a: Archeops
|
|
|switch|p2a: Landorus-Therian|Landorus-Therian, M|319\/319
|-ability|p2a: Landorus-Therian|Intimidate|[of] p1a: Raikou
|-unboost|p1a: Raikou|atk|1
|turn|3
|
|switch|p1a: Skarmory|Skarmory, M|334\/334
|move|p2a: Landorus-Therian|U-turn|p1a: Skarmory
|-resisted|p1a: Skarmory
|-damage|p1a: Skarmory|320\/334
|-damage|p2a: Landorus-Therian|266\/319|[from] item: Rocky Helmet|[of] p1a: Skarmory
|
|switch|p2a: Gengar|Gengar, F|261\/261
|
|turn|4
|
|switch|p1a: Tyranitar|Tyranitar, F|341\/341
|-weather|Sandstorm
|move|p2a: Gengar|Focus Blast|p1a: Tyranitar
|-crit|p1a: Tyranitar
|-supereffective|p1a: Tyranitar
|-damage|p1a: Tyranitar|0 fnt
|-damage|p2a: Gengar|235\/261|[from] item: Life Orb
|faint|p1a: Tyranitar
|
|-weather|Sandstorm|[upkeep]
|-damage|p2a: Gengar|219\/261|[from] sandstorm
|
|switch|p1a: Gothitelle|Gothitelle, F|301\/301
|turn|5
|
|switch|p2a: Weavile|Weavile, M|281\/281
|-ability|p2a: Weavile|Pressure
|move|p1a: Gothitelle|Psyshock|p2a: Weavile
|-immune|p2a: Weavile|[msg]
|
|-weather|Sandstorm|[upkeep]
|-damage|p2a: Weavile|264\/281|[from] sandstorm
|-damage|p1a: Gothitelle|283\/301|[from] sandstorm
|turn|6
|c|âHere to GG|derp lol
|
|switch|p1a: Skarmory|Skarmory, M|320\/334
|move|p2a: Weavile|Knock Off|p1a: Skarmory
|-damage|p1a: Skarmory|198\/334
|-damage|p2a: Weavile|218\/281|[from] item: Rocky Helmet|[of] p1a: Skarmory
|-enditem|p1a: Skarmory|Rocky Helmet|[from] move: Knock Off|[of] p2a: Weavile
|-damage|p2a: Weavile|190\/281|[from] item: Life Orb
|
|-weather|Sandstorm|[upkeep]
|-damage|p2a: Weavile|173\/281|[from] sandstorm
|turn|7
|
|switch|p2a: Gengar|Gengar, F|219\/261
|move|p1a: Skarmory|Stealth Rock|p2a: Gengar
|-sidestart|p2: Meroz|move: Stealth Rock
|
|-weather|Sandstorm|[upkeep]
|-damage|p2a: Gengar|203\/261|[from] sandstorm
|turn|8
|
|move|p2a: Gengar|Shadow Ball|p1a: Skarmory
|-damage|p1a: Skarmory|0 fnt
|-damage|p2a: Gengar|177\/261|[from] item: Life Orb
|faint|p1a: Skarmory
|
|-weather|none
|
|switch|p1a: Raikou|Raikou|1\/321
|-ability|p1a: Raikou|Pressure
|turn|9
|c|âMeroz|getting rid of that tyranitar lets gengar do so much work
|c|âHere to GG|mmm
|
|switch|p2a: Gyarados|Gyarados, M|331\/331
|-damage|p2a: Gyarados|249\/331|[from] Stealth Rock
|-ability|p2a: Gyarados|Intimidate|[of] p1a: Raikou
|-unboost|p1a: Raikou|atk|1
|move|p1a: Raikou|Shadow Ball|p2a: Gyarados
|-damage|p2a: Gyarados|168\/331
|
|turn|10
|
|switch|p2a: Landorus-Therian|Landorus-Therian, M|266\/319
|-damage|p2a: Landorus-Therian|227\/319|[from] Stealth Rock
|-ability|p2a: Landorus-Therian|Intimidate|[of] p1a: Raikou
|-unboost|p1a: Raikou|atk|1
|move|p1a: Raikou|Hidden Power|p2a: Landorus-Therian
|-supereffective|p2a: Landorus-Therian
|-damage|p2a: Landorus-Therian|0 fnt
|faint|p2a: Landorus-Therian
|
|
|switch|p2a: Weavile|Weavile, M|173\/281
|-damage|p2a: Weavile|103\/281|[from] Stealth Rock
|-ability|p2a: Weavile|Pressure
|turn|11
|c|âMeroz|nice
|c|âHere to GG|thanks
|c|âHere to GG|now this thing tho :L
|c|âMeroz|lol
|
|switch|p1a: Gothitelle|Gothitelle, F|283\/301
|move|p2a: Weavile|Knock Off|p1a: Gothitelle
|-supereffective|p1a: Gothitelle
|-damage|p1a: Gothitelle|0 fnt
|-enditem|p1a: Gothitelle|Choice Scarf|[from] move: Knock Off|[of] p2a: Weavile
|-damage|p2a: Weavile|75\/281|[from] item: Life Orb
|faint|p1a: Gothitelle
|
|
|switch|p1a: Azumarill|Azumarill, M|364\/364
|turn|12
|
|switch|p2a: Gyarados|Gyarados, M|168\/331
|-damage|p2a: Gyarados|86\/331|[from] Stealth Rock
|-ability|p2a: Gyarados|Intimidate|[of] p1a: Azumarill
|-unboost|p1a: Azumarill|atk|1
|move|p1a: Azumarill|Belly Drum|p1a: Azumarill
|-damage|p1a: Azumarill|182\/364
|-setboost|p1a: Azumarill|atk|6|[from] move: Belly Drum
|-enditem|p1a: Azumarill|Sitrus Berry|[eat]
|-heal|p1a: Azumarill|273\/364|[from] item: Sitrus Berry
|
|turn|13
|c|âMeroz|ah
|c|âMeroz|bit of a problem i see
|
|move|p1a: Azumarill|Aqua Jet|p2a: Gyarados
|-resisted|p2a: Gyarados
|-damage|p2a: Gyarados|0 fnt
|faint|p2a: Gyarados
|
|
|switch|p2a: Cacturne|Cacturne, F|282\/282
|-damage|p2a: Cacturne|247\/282|[from] Stealth Rock
|turn|14
|c|âHere to GG|tiny bit :L
|
|move|p1a: Azumarill|Aqua Jet|p2a: Cacturne
|-heal|p2a: Cacturne|282\/282|[from] ability: Water Absorb|[of] p1a: Azumarill
|move|p2a: Cacturne|Seed Bomb|p1a: Azumarill
|-supereffective|p1a: Azumarill
|-damage|p1a: Azumarill|0 fnt
|faint|p1a: Azumarill
|
|c|âMeroz|problem solved
|c|âHere to GG|derp
|c|âHere to GG|dont know this thing haha
|
|switch|p1a: Metagross|Metagross|301\/301
|turn|15
|c|âMeroz|thats the thing
|c|âMeroz|so beautiful
|
|detailschange|p1a: Metagross|Metagross-Mega
|-mega|p1a: Metagross|Metagross|Metagrossite
|move|p1a: Metagross|Meteor Mash|p2a: Cacturne
|-enditem|p2a: Cacturne|Focus Sash
|-damage|p2a: Cacturne|1\/282
|-boost|p1a: Metagross|atk|1
|move|p2a: Cacturne|Counter|p1a: Metagross
|-damage|p1a: Metagross|0 fnt
|faint|p1a: Metagross
|
|c|âMeroz|its good isnt it?
|c|âHere to GG|mmm
|c|âMeroz|gg
|c|âHere to GG|i screwed myself haha
|c|âHere to GG|gg
|-message|Here to GG forfeited.
|
|win|Meroz
|raw|Ladder updating...
|leave|Here to GG
|player|p1
|raw|Here to GG's rating: 1646 &rarr; <strong>1623<\/strong><br \/>(-23 for losing)
|raw|Meroz's rating: 1594 &rarr; <strong>1617<\/strong><br \/>(+23 for winning)