|join|Meroz
|join|Flayam
|player|p1|Meroz|163
|player|p2|Flayam|160
|gametype|singles
|gen|6
|tier|OU
|rated
|clearpoke
|poke|p1|Volcarona, M
|poke|p1|Mandibuzz, F
|poke|p1|Gourgeist-*, M
|poke|p1|Tyranitar, F
|poke|p1|Charizard, F
|poke|p1|Florges, F
|poke|p2|Exploud, F
|poke|p2|Blastoise, F
|poke|p2|Ferrothorn, F
|poke|p2|Talonflame, M
|poke|p2|Rotom-Wash
|poke|p2|Conkeldurr, M
|rule|Sleep Clause Mod: Limit one foe put to sleep
|rule|Species Clause: Limit one of each Pokemon
|rule|OHKO Clause: OHKO moves are banned
|rule|Moody Clause: Moody is banned
|rule|Evasion Moves Clause: Evasion moves are banned
|rule|Endless Battle Clause: Forcing endless battles is banned.
|rule|HP Percentage Mod: HP is reported as percentages
|teampreview
|
|start
|switch|p1a: Florges|Florges, F|317\/317
|switch|p2a: Exploud|Exploud, F|349\/349
|turn|1
|
|move|p1a: Florges|Moonblast|p2a: Exploud
|-crit|p2a: Exploud
|-damage|p2a: Exploud|0 fnt
|faint|p2a: Exploud
|
|chat|Flayam|offesnive Floges?
|chat|Flayam|wut
|
|switch|p2a: Ferrothorn|Ferrothorn, F|352\/352
|turn|2
|chat|Meroz|hav u seen the sp atk stat?
|chat|Meroz|its not bad
|chat|Flayam|Sylveon would be better
|chat|Flayam|pixalte hyper voice is more powerful
|chat|Meroz|i cud try that
|chat|Meroz|thnx
|chat|Flayam|I was more suprised at the speed investment
|
|switch|p1a: Volcarona|Volcarona, M|373\/373
|move|p2a: Ferrothorn|Thunder Wave|p1a: Volcarona
|-status|p1a: Volcarona|par
|
|turn|3
|
|switch|p2a: Talonflame|Talonflame, M|297\/297
|cant|p1a: Volcarona|par
|
|turn|4
|
|move|p2a: Talonflame|U-turn|p1a: Volcarona
|-resisted|p1a: Volcarona
|-damage|p1a: Volcarona|323\/373 par
|
|switch|p2a: Blastoise|Blastoise, F|362\/362
|cant|p1a: Volcarona|par
|
|-heal|p1a: Volcarona|346\/373 par|[from] item: Leftovers
|turn|5
|
|-formechange|p2a: Blastoise|Blastoise-Mega
|message|Blastoise has Mega Evolved into Mega Blastoise!
|move|p2a: Blastoise|Water Pulse|p1a: Volcarona
|-supereffective|p1a: Volcarona
|-damage|p1a: Volcarona|20\/373 par
|cant|p1a: Volcarona|par
|
|-heal|p1a: Volcarona|43\/373 par|[from] item: Leftovers
|turn|6
|chat|Flayam|oh wow
|
|move|p2a: Blastoise|Water Pulse|p1a: Volcarona
|-supereffective|p1a: Volcarona
|-damage|p1a: Volcarona|0 fnt
|faint|p1a: Volcarona
|
|
|switch|p1a: Florges|Florges, F|317\/317
|turn|7
|chat|Flayam|unlukcy
|chat|Meroz|yep
|
|switch|p2a: Ferrothorn|Ferrothorn, F|352\/352
|move|p1a: Florges|Energy Ball|p2a: Ferrothorn
|-resisted|p2a: Ferrothorn
|-damage|p2a: Ferrothorn|321\/352
|
|-heal|p2a: Ferrothorn|343\/352|[from] item: Leftovers
|turn|8
|
|switch|p1a: Tyranitar|Tyranitar, F|342\/342
|-weather|Sandstorm
|move|p2a: Ferrothorn|Thunder Wave|p1a: Tyranitar
|-status|p1a: Tyranitar|par
|
|-weather|Sandstorm|[upkeep]
|-heal|p2a: Ferrothorn|352\/352|[from] item: Leftovers
|turn|9
|
|switch|p2a: Blastoise|Blastoise, F|362\/362
|-formechange|p2a: Blastoise|Blastoise-Mega
|move|p1a: Tyranitar|Fire Blast|p2a: Blastoise
|-crit|p2a: Blastoise
|-resisted|p2a: Blastoise
|-damage|p2a: Blastoise|297\/362
|
|-weather|Sandstorm|[upkeep]
|-damage|p2a: Blastoise|275\/362|[from] sandstorm
|turn|10
|
|switch|p1a: Florges|Florges, F|317\/317
|move|p2a: Blastoise|Dark Pulse|p1a: Florges
|-resisted|p1a: Florges
|-damage|p1a: Florges|263\/317
|
|-weather|Sandstorm|[upkeep]
|-damage|p1a: Florges|244\/317|[from] sandstorm
|-damage|p2a: Blastoise|253\/362|[from] sandstorm
|turn|11
|
|switch|p2a: Ferrothorn|Ferrothorn, F|352\/352
|move|p1a: Florges|Energy Ball|p2a: Ferrothorn
|-resisted|p2a: Ferrothorn
|-damage|p2a: Ferrothorn|322\/352
|
|-weather|Sandstorm|[upkeep]
|-damage|p1a: Florges|225\/317|[from] sandstorm
|-heal|p2a: Ferrothorn|344\/352|[from] item: Leftovers
|turn|12
|
|switch|p1a: Tyranitar|Tyranitar, F|342\/342 par
|move|p2a: Ferrothorn|Stealth Rock|p1a: Tyranitar
|-sidestart|p1: Meroz|move: Stealth Rock
|
|-weather|none
|-heal|p2a: Ferrothorn|352\/352|[from] item: Leftovers
|turn|13
|
|move|p1a: Tyranitar|Thunderbolt|p2a: Ferrothorn
|-resisted|p2a: Ferrothorn
|-damage|p2a: Ferrothorn|317\/352
|move|p2a: Ferrothorn|Leech Seed|p1a: Tyranitar
|-start|p1a: Tyranitar|move: Leech Seed
|
|-heal|p2a: Ferrothorn|339\/352|[from] item: Leftovers
|-damage|p1a: Tyranitar|300\/342 par|[from] Leech Seed|[of] p2a: Ferrothorn
|-heal|p2a: Ferrothorn|352\/352|[silent]
|turn|14
|
|switch|p1a: Mandibuzz|Mandibuzz, F|424\/424
|-damage|p1a: Mandibuzz|318\/424|[from] Stealth Rock
|move|p2a: Ferrothorn|Power Whip|p1a: Mandibuzz|[miss]
|-miss|p2a: Ferrothorn|p1a: Mandibuzz
|
|turn|15
|
|move|p1a: Mandibuzz|Defog|p2a: Ferrothorn
|-unboost|p2a: Ferrothorn|evasion|1
|-sideend|p1: Meroz|Stealth Rock|[from] move: Defog|[of] p1a: Mandibuzz
|move|p2a: Ferrothorn|Leech Seed|p1a: Mandibuzz
|-start|p1a: Mandibuzz|move: Leech Seed
|
|-damage|p1a: Mandibuzz|265\/424|[from] Leech Seed|[of] p2a: Ferrothorn
|turn|16
|
|switch|p1a: Tyranitar|Tyranitar, F|300\/342 par
|-weather|Sandstorm
|move|p2a: Ferrothorn|Thunder Wave|p1a: Tyranitar
|-fail|p1a: Tyranitar|par
|
|-weather|Sandstorm|[upkeep]
|turn|17
|
|switch|p2a: Conkeldurr|Conkeldurr, M|351\/351
|cant|p1a: Tyranitar|par
|
|-weather|Sandstorm|[upkeep]
|-damage|p2a: Conkeldurr|330\/351|[from] sandstorm
|turn|18
|
|switch|p1a: Gourgeist-Large|Gourgeist-Large, M|354\/354
|-item|p2a: Conkeldurr|Assault Vest|[from] ability: Frisk|[of] p1a: Gourgeist-Large|[identify]
|move|p2a: Conkeldurr|Knock Off|p1a: Gourgeist-Large
|-supereffective|p1a: Gourgeist-Large
|-damage|p1a: Gourgeist-Large|134\/354
|-enditem|p1a: Gourgeist-Large|Leftovers|[from] move: Knock Off|[of] p2a: Conkeldurr
|
|-weather|Sandstorm|[upkeep]
|-damage|p1a: Gourgeist-Large|112\/354|[from] sandstorm
|-damage|p2a: Conkeldurr|309\/351|[from] sandstorm
|turn|19
|
|move|p1a: Gourgeist-Large|Pain Split|p2a: Conkeldurr
|-sethp|p2a: Conkeldurr|210\/351|p1a: Gourgeist-Large|210\/354|[from] move: Pain Split
|move|p2a: Conkeldurr|Knock Off|p1a: Gourgeist-Large
|-supereffective|p1a: Gourgeist-Large
|-damage|p1a: Gourgeist-Large|54\/354
|
|-weather|Sandstorm|[upkeep]
|-damage|p1a: Gourgeist-Large|32\/354|[from] sandstorm
|-damage|p2a: Conkeldurr|189\/351|[from] sandstorm
|turn|20
|
|move|p1a: Gourgeist-Large|Pain Split|p2a: Conkeldurr
|-sethp|p2a: Conkeldurr|110\/351|p1a: Gourgeist-Large|110\/354|[from] move: Pain Split
|move|p2a: Conkeldurr|Knock Off|p1a: Gourgeist-Large
|-supereffective|p1a: Gourgeist-Large
|-damage|p1a: Gourgeist-Large|0 fnt
|faint|p1a: Gourgeist-Large
|
|-weather|none
|
|switch|p1a: Florges|Florges, F|225\/317
|turn|21
|
|switch|p2a: Ferrothorn|Ferrothorn, F|352\/352
|move|p1a: Florges|Hidden Power|p2a: Ferrothorn
|-supereffective|p2a: Ferrothorn
|-damage|p2a: Ferrothorn|16\/352
|
|-heal|p2a: Ferrothorn|38\/352|[from] item: Leftovers
|turn|22
|
|switch|p2a: Rotom-Wash|Rotom-Wash|303\/303
|move|p1a: Florges|Hidden Power|p2a: Rotom-Wash
|-resisted|p2a: Rotom-Wash
|-damage|p2a: Rotom-Wash|256\/303
|
|-heal|p2a: Rotom-Wash|274\/303|[from] item: Leftovers
|turn|23
|
|switch|p1a: Mandibuzz|Mandibuzz, F|265\/424
|move|p2a: Rotom-Wash|Volt Switch|p1a: Mandibuzz
|-supereffective|p1a: Mandibuzz
|-damage|p1a: Mandibuzz|79\/424
|
|switch|p2a: Talonflame|Talonflame, M|297\/297
|
|turn|24
|
|move|p2a: Talonflame|Brave Bird|p1a: Mandibuzz
|-damage|p1a: Mandibuzz|0 fnt
|-damage|p2a: Talonflame|271\/297|[from] recoil|[of] p1a: Mandibuzz
|-damage|p2a: Talonflame|222\/297|[from] item: Rocky Helmet|[of] p1a: Mandibuzz
|faint|p1a: Mandibuzz
|
|
|switch|p1a: Tyranitar|Tyranitar, F|300\/342 par
|-weather|Sandstorm
|turn|25
|
|switch|p2a: Rotom-Wash|Rotom-Wash|274\/303
|move|p1a: Tyranitar|Thunderbolt|p2a: Rotom-Wash
|-damage|p2a: Rotom-Wash|190\/303
|
|-weather|Sandstorm|[upkeep]
|-damage|p2a: Rotom-Wash|172\/303|[from] sandstorm
|-heal|p2a: Rotom-Wash|190\/303|[from] item: Leftovers
|turn|26
|
|switch|p1a: Florges|Florges, F|225\/317
|move|p2a: Rotom-Wash|Volt Switch|p1a: Florges
|-damage|p1a: Florges|162\/317
|
|switch|p2a: Talonflame|Talonflame, M|222\/297
|
|-weather|Sandstorm|[upkeep]
|-damage|p2a: Talonflame|204\/297|[from] sandstorm
|-damage|p1a: Florges|143\/317|[from] sandstorm
|turn|27
|
|move|p2a: Talonflame|Brave Bird|p1a: Florges
|-damage|p1a: Florges|0 fnt
|-damage|p2a: Talonflame|157\/297|[from] recoil|[of] p1a: Florges
|faint|p1a: Florges
|
|-weather|Sandstorm|[upkeep]
|-damage|p2a: Talonflame|139\/297|[from] sandstorm
|
|switch|p1a: Tyranitar|Tyranitar, F|300\/342 par
|turn|28
|
|switch|p2a: Ferrothorn|Ferrothorn, F|38\/352
|cant|p1a: Tyranitar|par
|
|-weather|Sandstorm|[upkeep]
|-heal|p2a: Ferrothorn|60\/352|[from] item: Leftovers
|turn|29
|
|move|p1a: Tyranitar|Dark Pulse|p2a: Ferrothorn
|-damage|p2a: Ferrothorn|0 fnt
|faint|p2a: Ferrothorn
|
|-weather|none
|
|switch|p2a: Conkeldurr|Conkeldurr, M|110\/351
|turn|30
|
|move|p2a: Conkeldurr|Drain Punch|p1a: Tyranitar
|-supereffective|p1a: Tyranitar
|-damage|p1a: Tyranitar|0 fnt
|-heal|p2a: Conkeldurr|260\/351|[from] drain|[of] p1a: Tyranitar
|faint|p1a: Tyranitar
|
|
|switch|p1a: Charizard|Charizard, F|298\/298
|turn|31
|
|-formechange|p1a: Charizard|Charizard-Mega-X
|message|Charizard has Mega Evolved into Mega Charizard!
|move|p1a: Charizard|Outrage|p2a: Conkeldurr
|-damage|p2a: Conkeldurr|0 fnt
|faint|p2a: Conkeldurr
|
|
|switch|p2a: Rotom-Wash|Rotom-Wash|190\/303
|turn|32
|
|move|p1a: Charizard|Outrage|p2a: Rotom-Wash
|-damage|p2a: Rotom-Wash|0 fnt
|faint|p2a: Rotom-Wash
|
|-end|p1a: Charizard|rampage
|-start|p1a: Charizard|confusion
|
|switch|p2a: Blastoise|Blastoise, F|253\/362
|-formechange|p2a: Blastoise|Blastoise-Mega
|turn|33
|
|-activate|p1a: Charizard|confusion
|-damage|p1a: Charizard|252\/298|[from] confusion
|move|p2a: Blastoise|Water Pulse|p1a: Charizard
|-damage|p1a: Charizard|39\/298
|
|turn|34
|-message|Meroz forfeited.
|
|win|Flayam
|raw|Ladder updating...
|leave|Meroz
|player|p1
|raw|Meroz's rating: 1588 &rarr; <strong>1563<\/strong><br \/>(-25 for losing)
|raw|Flayam's rating: 1498 &rarr; <strong>1523<\/strong><br \/>(+25 for winning)