|join|Meroz
|join|jakejacobz
|player|p1|Meroz|163
|player|p2|jakejacobz|64
|gametype|singles
|gen|6
|tier|OU
|rated
|clearpoke
|poke|p1|Bisharp, M
|poke|p1|Keldeo
|poke|p1|Pinsir, F
|poke|p1|Heatran, M
|poke|p1|Excadrill, F
|poke|p1|Talonflame, M
|poke|p2|Keldeo
|poke|p2|Tyranitar, F
|poke|p2|Tornadus-Therian, M
|poke|p2|Tentacruel, F
|poke|p2|Tangrowth, M
|poke|p2|Scizor, M
|rule|Sleep Clause Mod: Limit one foe put to sleep
|rule|Species Clause: Limit one of each Pokemon
|rule|OHKO Clause: OHKO moves are banned
|rule|Moody Clause: Moody is banned
|rule|Evasion Moves Clause: Evasion moves are banned
|rule|Endless Battle Clause: Forcing endless battles is banned.
|rule|HP Percentage Mod: HP is reported as percentages
|teampreview
|
|start
|switch|p1a: Keldeo|Keldeo|323\/323
|switch|p2a: IM BACKKKKKKK|Tornadus-Therian, M|299\/299
|turn|1
|
|switch|p2a: Jellicent Jr.|Tentacruel, F|364\/364
|move|p1a: Keldeo|Hydro Pump|p2a: Jellicent Jr.
|-resisted|p2a: Jellicent Jr.
|-damage|p2a: Jellicent Jr.|259\/364
|
|-heal|p2a: Jellicent Jr.|281\/364|[from] item: Black Sludge
|turn|2
|
|switch|p1a: Excadrill|Excadrill, F|361\/361
|-ability|p1a: Excadrill|Mold Breaker
|-item|p1a: Excadrill|Air Balloon
|move|p2a: Jellicent Jr.|Scald|p1a: Excadrill
|-supereffective|p1a: Excadrill
|-damage|p1a: Excadrill|131\/361
|-enditem|p1a: Excadrill|Air Balloon
|
|-heal|p2a: Jellicent Jr.|303\/364|[from] item: Black Sludge
|turn|3
|
|switch|p2a: Nappy|Tangrowth, M|404\/404
|move|p1a: Excadrill|Earthquake|p2a: Nappy
|-resisted|p2a: Nappy
|-damage|p2a: Nappy|346\/404
|
|-heal|p2a: Nappy|371\/404|[from] item: Leftovers
|turn|4
|
|switch|p1a: Heatran|Heatran, M|386\/386
|move|p2a: Nappy|Sleep Powder|p1a: Heatran
|-status|p1a: Heatran|slp
|
|-heal|p2a: Nappy|396\/404|[from] item: Leftovers
|turn|5
|
|cant|p1a: Heatran|slp
|move|p2a: Nappy|Knock Off|p1a: Heatran
|-damage|p1a: Heatran|316\/386 slp
|-enditem|p1a: Heatran|Leftovers|[from] move: Knock Off|[of] p2a: Nappy
|
|-heal|p2a: Nappy|404\/404|[from] item: Leftovers
|turn|6
|
|switch|p2a: Tar|Tyranitar, F|341\/341
|-weather|Sandstorm
|cant|p1a: Heatran|slp
|
|-weather|Sandstorm|[upkeep]
|turn|7
|
|switch|p1a: Keldeo|Keldeo|323\/323
|move|p2a: Tar|Stealth Rock|p1a: Keldeo
|-sidestart|p1: Meroz|move: Stealth Rock
|
|-weather|Sandstorm|[upkeep]
|-damage|p1a: Keldeo|303\/323|[from] sandstorm
|turn|8
|
|switch|p2a: Jellicent Jr.|Tentacruel, F|303\/364
|move|p1a: Keldeo|Hydro Pump|p2a: Jellicent Jr.|[miss]
|-miss|p1a: Keldeo|p2a: Jellicent Jr.
|
|-weather|Sandstorm|[upkeep]
|-damage|p1a: Keldeo|283\/323|[from] sandstorm
|-damage|p2a: Jellicent Jr.|281\/364|[from] sandstorm
|-heal|p2a: Jellicent Jr.|303\/364|[from] item: Black Sludge
|turn|9
|
|switch|p1a: Heatran|Heatran, M|316\/386 slp
|-damage|p1a: Heatran|268\/386 slp|[from] Stealth Rock
|move|p2a: Jellicent Jr.|Scald|p1a: Heatran
|-supereffective|p1a: Heatran
|-damage|p1a: Heatran|146\/386 slp
|
|-weather|Sandstorm|[upkeep]
|-damage|p2a: Jellicent Jr.|281\/364|[from] sandstorm
|-heal|p2a: Jellicent Jr.|303\/364|[from] item: Black Sludge
|turn|10
|
|-curestatus|p1a: Heatran|slp
|move|p1a: Heatran|Protect|p1a: Heatran
|-singleturn|p1a: Heatran|Protect
|move|p2a: Jellicent Jr.|Scald|p1a: Heatran
|-activate|p1a: Heatran|Protect
|
|-weather|none
|-heal|p2a: Jellicent Jr.|325\/364|[from] item: Black Sludge
|turn|11
|
|switch|p1a: Bisharp|Bisharp, M|272\/272
|-damage|p1a: Bisharp|255\/272|[from] Stealth Rock
|move|p2a: Jellicent Jr.|Scald|p1a: Bisharp
|-damage|p1a: Bisharp|137\/272
|
|-heal|p2a: Jellicent Jr.|347\/364|[from] item: Black Sludge
|turn|12
|
|move|p1a: Bisharp|Swords Dance|p1a: Bisharp
|-boost|p1a: Bisharp|atk|2
|move|p2a: Jellicent Jr.|Scald|p1a: Bisharp
|-damage|p1a: Bisharp|20\/272
|
|-heal|p2a: Jellicent Jr.|364\/364|[from] item: Black Sludge
|turn|13
|
|switch|p2a: Scizor|Scizor, M|344\/344
|move|p1a: Bisharp|Knock Off|p2a: Scizor
|-damage|p2a: Scizor|0 fnt
|-damage|p1a: Bisharp|0 fnt|[from] item: Life Orb
|faint|p2a: Scizor
|faint|p1a: Bisharp
|
|
|switch|p1a: Excadrill|Excadrill, F|131\/361
|-damage|p1a: Excadrill|120\/361|[from] Stealth Rock
|switch|p2a: Jellicent Jr.|Tentacruel, F|364\/364
|-ability|p1a: Excadrill|Mold Breaker
|turn|14
|
|move|p1a: Excadrill|Rapid Spin|p2a: Jellicent Jr.
|-damage|p2a: Jellicent Jr.|322\/364
|-sideend|p1: Meroz|Stealth Rock|[from] move: Rapid Spin|[of] p1a: Excadrill
|move|p2a: Jellicent Jr.|Scald|p1a: Excadrill
|-supereffective|p1a: Excadrill
|-damage|p1a: Excadrill|0 fnt
|faint|p1a: Excadrill
|
|-heal|p2a: Jellicent Jr.|344\/364|[from] item: Black Sludge
|
|switch|p1a: Pinsir|Pinsir, F|271\/271
|turn|15
|
|-formechange|p1a: Pinsir|Pinsir-Mega
|message|Pinsir has Mega Evolved into Mega Pinsir!
|move|p1a: Pinsir|Swords Dance|p1a: Pinsir
|-boost|p1a: Pinsir|atk|2
|move|p2a: Jellicent Jr.|Scald|p1a: Pinsir
|-damage|p1a: Pinsir|169\/271
|-status|p1a: Pinsir|brn
|
|-heal|p2a: Jellicent Jr.|364\/364|[from] item: Black Sludge
|-damage|p1a: Pinsir|136\/271 brn|[from] brn
|turn|16
|
|move|p2a: Jellicent Jr.|Protect|p2a: Jellicent Jr.
|-singleturn|p2a: Jellicent Jr.|Protect
|move|p1a: Pinsir|Earthquake|p2a: Jellicent Jr.
|-activate|p2a: Jellicent Jr.|Protect
|
|-damage|p1a: Pinsir|103\/271 brn|[from] brn
|turn|17
|
|switch|p2a: IM BACKKKKKKK|Tornadus-Therian, M|299\/299
|move|p1a: Pinsir|Return|p2a: IM BACKKKKKKK
|-damage|p2a: IM BACKKKKKKK|2\/299
|
|-damage|p1a: Pinsir|70\/271 brn|[from] brn
|turn|18
|
|move|p2a: IM BACKKKKKKK|Superpower|p1a: Pinsir
|-resisted|p1a: Pinsir
|-damage|p1a: Pinsir|41\/271 brn
|-unboost|p2a: IM BACKKKKKKK|atk|1
|-unboost|p2a: IM BACKKKKKKK|def|1
|-damage|p2a: IM BACKKKKKKK|0 fnt|[from] item: Life Orb
|faint|p2a: IM BACKKKKKKK
|move|p1a: Pinsir|Swords Dance|p1a: Pinsir
|-boost|p1a: Pinsir|atk|2
|
|-damage|p1a: Pinsir|8\/271 brn|[from] brn
|
|switch|p2a: Jellicent Jr.|Tentacruel, F|364\/364
|turn|19
|
|switch|p1a: Talonflame|Talonflame, M|298\/298
|move|p2a: Jellicent Jr.|Protect|p2a: Jellicent Jr.
|-fail|p2a: Jellicent Jr.
|
|turn|20
|
|switch|p2a: Tar|Tyranitar, F|341\/341
|-weather|Sandstorm
|move|p1a: Talonflame|Bulk Up|p1a: Talonflame
|-boost|p1a: Talonflame|atk|1
|-boost|p1a: Talonflame|def|1
|
|-weather|Sandstorm|[upkeep]
|-damage|p1a: Talonflame|280\/298|[from] sandstorm
|turn|21
|
|move|p1a: Talonflame|U-turn|p2a: Tar
|-supereffective|p2a: Tar
|-damage|p2a: Tar|161\/341
|-heal|p1a: Talonflame|298\/298|[from] item: Shell Bell|[of] p2a: Tar
|
|switch|p1a: Pinsir|Pinsir, F|8\/271 brn
|-formechange|p1a: Pinsir|Pinsir-Mega
|move|p2a: Tar|Stone Edge|p1a: Pinsir
|-supereffective|p1a: Pinsir
|-damage|p1a: Pinsir|0 fnt
|faint|p1a: Pinsir
|
|-weather|Sandstorm|[upkeep]
|-heal|p2a: Tar|182\/341|[from] item: Leftovers
|
|switch|p1a: Keldeo|Keldeo|283\/323
|turn|22
|
|switch|p2a: Jellicent Jr.|Tentacruel, F|364\/364
|move|p1a: Keldeo|Secret Sword|p2a: Jellicent Jr.
|-resisted|p2a: Jellicent Jr.
|-damage|p2a: Jellicent Jr.|215\/364
|
|-weather|Sandstorm|[upkeep]
|-damage|p1a: Keldeo|263\/323|[from] sandstorm
|-damage|p2a: Jellicent Jr.|193\/364|[from] sandstorm
|-heal|p2a: Jellicent Jr.|215\/364|[from] item: Black Sludge
|turn|23
|
|move|p1a: Keldeo|Secret Sword|p2a: Jellicent Jr.
|-resisted|p2a: Jellicent Jr.
|-damage|p2a: Jellicent Jr.|62\/364
|move|p2a: Jellicent Jr.|Scald|p1a: Keldeo
|-resisted|p1a: Keldeo
|-damage|p1a: Keldeo|217\/323
|
|-weather|Sandstorm|[upkeep]
|-damage|p1a: Keldeo|197\/323|[from] sandstorm
|-damage|p2a: Jellicent Jr.|40\/364|[from] sandstorm
|-heal|p2a: Jellicent Jr.|62\/364|[from] item: Black Sludge
|turn|24
|
|move|p2a: Jellicent Jr.|Protect|p2a: Jellicent Jr.
|-singleturn|p2a: Jellicent Jr.|Protect
|move|p1a: Keldeo|Secret Sword|p2a: Jellicent Jr.
|-activate|p2a: Jellicent Jr.|Protect
|
|-weather|none
|-heal|p2a: Jellicent Jr.|84\/364|[from] item: Black Sludge
|turn|25
|
|switch|p1a: Heatran|Heatran, M|146\/386
|move|p2a: Jellicent Jr.|Sludge Bomb|p1a: Heatran
|-immune|p1a: Heatran|[msg]
|
|-heal|p2a: Jellicent Jr.|106\/364|[from] item: Black Sludge
|turn|26
|
|move|p2a: Jellicent Jr.|Scald|p1a: Heatran
|-supereffective|p1a: Heatran
|-damage|p1a: Heatran|36\/386
|move|p1a: Heatran|Earth Power|p2a: Jellicent Jr.
|-supereffective|p2a: Jellicent Jr.
|-damage|p2a: Jellicent Jr.|0 fnt
|faint|p2a: Jellicent Jr.
|
|
|switch|p2a: Horse II|Keldeo|323\/323
|turn|27
|
|move|p1a: Heatran|Protect|p1a: Heatran
|-singleturn|p1a: Heatran|Protect
|move|p2a: Horse II|Scald|p1a: Heatran
|-activate|p1a: Heatran|Protect
|
|turn|28
|
|move|p2a: Horse II|Scald|p1a: Heatran
|-supereffective|p1a: Heatran
|-damage|p1a: Heatran|0 fnt
|faint|p1a: Heatran
|
|
|switch|p1a: Keldeo|Keldeo|197\/323
|turn|29
|
|move|p2a: Horse II|Scald|p1a: Keldeo
|-resisted|p1a: Keldeo
|-damage|p1a: Keldeo|122\/323
|-status|p1a: Keldeo|brn
|move|p1a: Keldeo|Secret Sword|p2a: Horse II
|-damage|p2a: Horse II|86\/323
|
|-damage|p1a: Keldeo|82\/323 brn|[from] brn
|turn|30
|
|move|p2a: Horse II|Scald|p1a: Keldeo
|-resisted|p1a: Keldeo
|-damage|p1a: Keldeo|3\/323 brn
|move|p1a: Keldeo|Secret Sword|p2a: Horse II
|-crit|p2a: Horse II
|-damage|p2a: Horse II|0 fnt
|faint|p2a: Horse II
|
|-damage|p1a: Keldeo|0 fnt|[from] brn
|faint|p1a: Keldeo
|
|switch|p1a: Talonflame|Talonflame, M|298\/298
|switch|p2a: Tar|Tyranitar, F|182\/341
|-weather|Sandstorm
|turn|31
|
|move|p1a: Talonflame|U-turn|p2a: Tar
|-supereffective|p2a: Tar
|-damage|p2a: Tar|68\/341
|move|p2a: Tar|Stone Edge|p1a: Talonflame
|-supereffective|p1a: Talonflame
|-damage|p1a: Talonflame|0 fnt
|faint|p1a: Talonflame
|
|win|jakejacobz
|raw|Ladder updating...
|raw|Meroz's rating: 1553 &rarr; <strong>1534<\/strong><br \/>(-19 for losing)
|raw|jakejacobz's rating: 1568 &rarr; <strong>1587<\/strong><br \/>(+19 for winning)
|chat|Meroz|gg
|leave|Meroz
|player|p1
|chat|jakejacobz|gg