|join|Meroz
|join|Shivaerus
|player|p1|Meroz|92
|player|p2|Shivaerus|276
|gametype|singles
|gen|6
|tier|OU Monotype
|rated
|rule|Same Type Clause: Pokemon in a team must share a type
|rule|Sleep Clause Mod: Limit one foe put to sleep
|rule|Species Clause: Limit one of each Pokemon
|rule|OHKO Clause: OHKO moves are banned
|rule|Moody Clause: Moody is banned
|rule|Evasion Moves Clause: Evasion moves are banned
|rule|Endless Battle Clause: Forcing endless battles is banned.
|rule|HP Percentage Mod: HP is reported as percentages
|clearpoke
|poke|p1|Smeargle, F
|poke|p1|Ambipom, F
|poke|p1|Cinccino, M
|poke|p1|Chansey, F
|poke|p1|Exploud, F
|poke|p1|Porygon-Z
|poke|p2|Trevenant, M
|poke|p2|Banette, F, shiny
|poke|p2|Chandelure, F
|poke|p2|Sableye, M
|poke|p2|Golurk
|poke|p2|Dusknoir, M
|teampreview
|
|start
|switch|p1a: Exploud|Exploud, F|349\/349
|switch|p2a: Tharja|Banette, F, shiny|332\/332
|turn|1
|
|detailschange|p2a: Tharja|Banette-Mega, F, shiny
|message|Banette has Mega Evolved into Mega Banette!
|move|p2a: Tharja|Protect|p2a: Tharja
|-singleturn|p2a: Tharja|Protect
|move|p1a: Exploud|Boomburst|p2a: Tharja
|-activate|p2a: Tharja|Protect
|
|turn|2
|
|switch|p1a: Cinccino|Cinccino, M|291\/291
|move|p2a: Tharja|Destiny Bond|p2a: Tharja
|-singlemove|p2a: Tharja|Destiny Bond
|
|turn|3
|
|move|p2a: Tharja|Confuse Ray|p1a: Cinccino
|-start|p1a: Cinccino|confusion
|-activate|p1a: Cinccino|confusion
|move|p1a: Cinccino|Knock Off|p2a: Tharja
|-supereffective|p2a: Tharja
|-damage|p2a: Tharja|174\/332
|
|turn|4
|
|switch|p1a: Porygon-Z|Porygon-Z|312\/312
|move|p2a: Tharja|Destiny Bond|p2a: Tharja
|-singlemove|p2a: Tharja|Destiny Bond
|
|turn|5
|
|move|p1a: Porygon-Z|Dark Pulse|p2a: Tharja
|-supereffective|p2a: Tharja
|-damage|p2a: Tharja|0 fnt
|-damage|p1a: Porygon-Z|281\/312|[from] item: Life Orb
|faint|p2a: Tharja
|-activate|p2a: Tharja|Destiny Bond
|faint|p1a: Porygon-Z
|
|
|switch|p1a: Smeargle|Smeargle, F|314\/314
|switch|p2a: Thifer|Sableye, M|304\/304
|turn|6
|
|switch|p1a: Exploud|Exploud, F|349\/349
|move|p2a: Thifer|Confuse Ray|p1a: Exploud
|-start|p1a: Exploud|confusion
|
|turn|7
|
|move|p2a: Thifer|Toxic|p1a: Exploud
|-status|p1a: Exploud|tox
|-activate|p1a: Exploud|confusion
|move|p1a: Exploud|Boomburst|p2a: Thifer
|-damage|p2a: Thifer|27\/304
|
|-damage|p1a: Exploud|328\/349 tox|[from] psn
|turn|8
|
|move|p2a: Thifer|Recover|p2a: Thifer
|-heal|p2a: Thifer|179\/304
|-activate|p1a: Exploud|confusion
|-damage|p1a: Exploud|287\/349 tox|[from] confusion
|
|-damage|p1a: Exploud|245\/349 tox|[from] psn
|turn|9
|
|move|p2a: Thifer|Recover|p2a: Thifer
|-heal|p2a: Thifer|304\/304
|-end|p1a: Exploud|confusion
|move|p1a: Exploud|Boomburst|p2a: Thifer
|-damage|p2a: Thifer|21\/304
|
|-damage|p1a: Exploud|182\/349 tox|[from] psn
|turn|10
|
|move|p2a: Thifer|Confuse Ray|p1a: Exploud
|-start|p1a: Exploud|confusion
|-activate|p1a: Exploud|confusion
|-damage|p1a: Exploud|144\/349 tox|[from] confusion
|
|-damage|p1a: Exploud|60\/349 tox|[from] psn
|turn|11
|
|move|p2a: Thifer|Recover|p2a: Thifer
|-heal|p2a: Thifer|173\/304
|-activate|p1a: Exploud|confusion
|-damage|p1a: Exploud|19\/349 tox|[from] confusion
|
|-damage|p1a: Exploud|0 fnt|[from] psn
|faint|p1a: Exploud
|-message|Meroz forfeited.
|
|win|Shivaerus
|raw|Ladder updating...
|raw|Meroz's rating: 1146 &rarr; <strong>1126<\/strong><br \/>(-20 for losing)
|raw|Shivaerus's rating: 1215 &rarr; <strong>1235<\/strong><br \/>(+20 for winning)
|leave|Meroz
|player|p1