|join|tuRk.jpg
|join|ChoiceBnddUmbreon
|player|p1|tuRk.jpg|115
|player|p2|ChoiceBnddUmbreon|101
|gametype|singles
|gen|6
|tier|UU
|rated
|rule|Sleep Clause Mod: Limit one foe put to sleep
|rule|Species Clause: Limit one of each PokÃ©mon
|rule|OHKO Clause: OHKO moves are banned
|rule|Moody Clause: Moody is banned
|rule|Evasion Moves Clause: Evasion moves are banned
|rule|Endless Battle Clause: Forcing endless battles is banned
|rule|HP Percentage Mod: HP is shown in percentages
|clearpoke
|poke|p1|Medicham, F
|poke|p1|Jirachi
|poke|p1|Krookodile, F
|poke|p1|Toxicroak, F
|poke|p1|Entei, shiny
|poke|p1|Forretress, F
|poke|p2|Lucario, M
|poke|p2|Chesnaught, M
|poke|p2|Blissey, F
|poke|p2|Donphan, M
|poke|p2|Jirachi
|poke|p2|Houndoom, M, shiny
|rule|Swagger Clause: Swagger is banned
|rule|Baton Pass Clause: Limit one PokÃ©mon knowing Baton Pass
|teampreview
|
|start
|switch|p1a: Medicham|Medicham, F|261\/261
|switch|p2a: Keep Rollin|Donphan, M|384\/384
|turn|1
|
|switch|p2a: Mo's Embodyment|Jirachi|341\/341
|detailschange|p1a: Medicham|Medicham-Mega, F
|-mega|p1a: Medicham|Medicham|Medichamite
|move|p1a: Medicham|Fake Out|p2a: Mo's Embodyment
|-crit|p2a: Mo's Embodyment
|-resisted|p2a: Mo's Embodyment
|-damage|p2a: Mo's Embodyment|279\/341
|
|turn|2
|
|switch|p1a: Forretress|Forretress, F|354\/354
|move|p2a: Mo's Embodyment|U-turn|p1a: Forretress
|-resisted|p1a: Forretress
|-damage|p1a: Forretress|335\/354
|
|switch|p2a: Scooby Doom|Houndoom, M, shiny|291\/291
|
|-heal|p1a: Forretress|354\/354|[from] item: Leftovers
|turn|3
|
|detailschange|p2a: Scooby Doom|Houndoom-Mega, M, shiny
|-mega|p2a: Scooby Doom|Houndoom|Houndoominite
|move|p2a: Scooby Doom|Flamethrower|p1a: Forretress
|-supereffective|p1a: Forretress
|-activate|p1a: Forretress|Sturdy
|-damage|p1a: Forretress|1\/354
|move|p1a: Forretress|Stealth Rock|p2a: Scooby Doom
|-sidestart|p2: ChoiceBnddUmbreon|move: Stealth Rock
|
|-heal|p1a: Forretress|23\/354|[from] item: Leftovers
|turn|4
|
|move|p2a: Scooby Doom|Dark Pulse|p1a: Forretress
|-damage|p1a: Forretress|0 fnt
|faint|p1a: Forretress
|
|c|âChoiceBnddUmbreon|mega cham is not for uu
|c|âtuRk.jpg|its broken
|c|âtuRk.jpg|pure power is ridic
|
|switch|p1a: Entei|Entei, shiny|371\/371
|-ability|p1a: Entei|Pressure
|turn|5
|
|switch|p2a: Anubis|Lucario, M|281\/281
|-damage|p2a: Anubis|273\/281|[from] Stealth Rock
|move|p1a: Entei|Extreme Speed|p2a: Anubis
|-resisted|p2a: Anubis
|-damage|p2a: Anubis|180\/281
|
|turn|6
|c|âChoiceBnddUmbreon|and now sth dies
|
|move|p1a: Entei|Extreme Speed|p2a: Anubis
|-resisted|p2a: Anubis
|-damage|p2a: Anubis|90\/281
|move|p2a: Anubis|Earthquake|p1a: Entei
|-supereffective|p1a: Entei
|-damage|p1a: Entei|123\/371
|
|turn|7
|c|âChoiceBnddUmbreon|oh...i predicted stone edgw
|
|switch|p2a: Keep Rollin|Donphan, M|384\/384
|-damage|p2a: Keep Rollin|360\/384|[from] Stealth Rock
|move|p1a: Entei|Extreme Speed|p2a: Keep Rollin
|-damage|p2a: Keep Rollin|261\/384
|
|-heal|p2a: Keep Rollin|285\/384|[from] item: Leftovers
|turn|8
|
|switch|p1a: Medicham|Medicham-Mega, F|261\/261
|move|p2a: Keep Rollin|Rapid Spin|p1a: Medicham
|-damage|p1a: Medicham|239\/261
|-sideend|p2: ChoiceBnddUmbreon|Stealth Rock|[from] move: Rapid Spin|[of] p2a: Keep Rollin
|
|-heal|p2a: Keep Rollin|309\/384|[from] item: Leftovers
|turn|9
|c|âChoiceBnddUmbreon|u have banded entei and mega cham...what am i supposed to do?
|
|move|p1a: Medicham|High Jump Kick|p2a: Keep Rollin
|-damage|p2a: Keep Rollin|27\/384
|move|p2a: Keep Rollin|Stealth Rock|p1a: Medicham
|-sidestart|p1: tuRk.jpg|move: Stealth Rock
|
|-heal|p2a: Keep Rollin|51\/384|[from] item: Leftovers
|turn|10
|
|switch|p2a: Thorns & Roses|Chesnaught, M|380\/380
|move|p1a: Medicham|Drain Punch|p2a: Thorns & Roses
|-damage|p2a: Thorns & Roses|233\/380
|-heal|p1a: Medicham|261\/261|[from] drain|[of] p2a: Thorns & Roses
|-damage|p1a: Medicham|218\/261|[from] item: Rocky Helmet|[of] p2a: Thorns & Roses
|
|turn|11
|
|move|p2a: Thorns & Roses|Spiky Shield|p2a: Thorns & Roses
|-singleturn|p2a: Thorns & Roses|move: Protect
|move|p1a: Medicham|Drain Punch|p2a: Thorns & Roses
|-activate|p2a: Thorns & Roses|move: Protect
|-damage|p1a: Medicham|186\/261|[from] Spiky Shield|[of] p2a: Thorns & Roses
|
|turn|12
|
|move|p1a: Medicham|High Jump Kick|p2a: Thorns & Roses
|-damage|p2a: Thorns & Roses|0 fnt
|-damage|p1a: Medicham|143\/261|[from] item: Rocky Helmet|[of] p2a: Thorns & Roses
|faint|p2a: Thorns & Roses
|
|
|switch|p2a: Mo's Embodyment|Jirachi|279\/341
|turn|13
|
|switch|p1a: Krookodile|Krookodile, F|331\/331
|-damage|p1a: Krookodile|311\/331|[from] Stealth Rock
|-ability|p1a: Krookodile|Intimidate|[of] p2a: Mo's Embodyment
|-unboost|p2a: Mo's Embodyment|atk|1
|move|p2a: Mo's Embodyment|Iron Head|p1a: Krookodile
|-damage|p1a: Krookodile|218\/331
|
|turn|14
|
|move|p1a: Krookodile|Pursuit|p2a: Mo's Embodyment|[from]Pursuit
|-supereffective|p2a: Mo's Embodyment
|-damage|p2a: Mo's Embodyment|0 fnt
|faint|p2a: Mo's Embodyment
|
|
|switch|p2a: Anubis|Lucario, M|90\/281
|turn|15
|
|move|p1a: Krookodile|Pursuit|p2a: Anubis
|-resisted|p2a: Anubis
|-damage|p2a: Anubis|23\/281
|-boost|p2a: Anubis|atk|1|[from] ability: Justified
|move|p2a: Anubis|Close Combat|p1a: Krookodile
|-supereffective|p1a: Krookodile
|-damage|p1a: Krookodile|0 fnt
|-unboost|p2a: Anubis|def|1
|-unboost|p2a: Anubis|spd|1
|faint|p1a: Krookodile
|
|
|switch|p1a: Medicham|Medicham-Mega, F|143\/261
|-damage|p1a: Medicham|127\/261|[from] Stealth Rock
|turn|16
|
|switch|p2a: Keep Rollin|Donphan, M|51\/384
|move|p1a: Medicham|Fake Out|p2a: Keep Rollin
|-damage|p2a: Keep Rollin|0 fnt
|faint|p2a: Keep Rollin
|
|
|switch|p2a: Scooby Doom|Houndoom-Mega, M, shiny|291\/291
|turn|17
|c|âChoiceBnddUmbreon|mega doom puts in work though
|
|switch|p1a: Entei|Entei, shiny|123\/371
|-damage|p1a: Entei|31\/371|[from] Stealth Rock
|-ability|p1a: Entei|Pressure
|move|p2a: Scooby Doom|Flamethrower|p1a: Entei
|-resisted|p1a: Entei
|-damage|p1a: Entei|0 fnt
|faint|p1a: Entei
|
|
|switch|p1a: Toxicroak|Toxicroak, F|307\/307
|-damage|p1a: Toxicroak|288\/307|[from] Stealth Rock
|turn|18
|
|move|p2a: Scooby Doom|Flamethrower|p1a: Toxicroak
|-crit|p1a: Toxicroak
|-damage|p1a: Toxicroak|0 fnt
|faint|p1a: Toxicroak
|
|c|âtuRk.jpg|wow
|c|âChoiceBnddUmbreon|didnt matter
|c|âChoiceBnddUmbreon|i calced it
|c|âtuRk.jpg|it did
|c|âChoiceBnddUmbreon|no
|c|âChoiceBnddUmbreon|i needed average damage to ohko
|c|âtuRk.jpg|timid?
|c|âChoiceBnddUmbreon|yes
|c|âtuRk.jpg|252 SpA Houndoom Flamethrower vs. 0 HP \/ 4 SpD Dry Skin Toxicroak: 229-271 (74.5 - 88.2%) -- guaranteed 2HKO after Stealth Rock
|
|switch|p1a: Jirachi|Jirachi|341\/341
|-damage|p1a: Jirachi|320\/341|[from] Stealth Rock
|turn|19
|c|âChoiceBnddUmbreon|showdown calc says 89-101 %
|
|move|p1a: Jirachi|Iron Head|p2a: Scooby Doom
|-resisted|p2a: Scooby Doom
|-damage|p2a: Scooby Doom|228\/291
|cant|p2a: Scooby Doom|flinch
|
|turn|20
|c|âtuRk.jpg|thats what im using
|
|move|p1a: Jirachi|Iron Head|p2a: Scooby Doom
|-resisted|p2a: Scooby Doom
|-damage|p2a: Scooby Doom|167\/291
|cant|p2a: Scooby Doom|flinch
|
|turn|21
|
|move|p1a: Jirachi|Iron Head|p2a: Scooby Doom
|-resisted|p2a: Scooby Doom
|-damage|p2a: Scooby Doom|104\/291
|move|p2a: Scooby Doom|Flamethrower|p1a: Jirachi
|-supereffective|p1a: Jirachi
|-damage|p1a: Jirachi|2\/341
|
|turn|22
|
|switch|p2a: Evil Nurse|Blissey, F|652\/652
|move|p1a: Jirachi|Iron Head|p2a: Evil Nurse
|-damage|p2a: Evil Nurse|403\/652
|
|-heal|p2a: Evil Nurse|443\/652|[from] item: Leftovers
|turn|23
|
|switch|p1a: Medicham|Medicham-Mega, F|127\/261
|-damage|p1a: Medicham|111\/261|[from] Stealth Rock
|move|p2a: Evil Nurse|Thunder Wave|p1a: Medicham
|-status|p1a: Medicham|par
|
|-heal|p2a: Evil Nurse|483\/652|[from] item: Leftovers
|turn|24
|
|switch|p2a: Anubis|Lucario, M|23\/281
|cant|p1a: Medicham|par
|
|turn|25
|c|âChoiceBnddUmbreon|sorry
|c|âtuRk.jpg|its ok
|
|move|p1a: Medicham|Bullet Punch|p2a: Anubis
|-resisted|p2a: Anubis
|-damage|p2a: Anubis|0 fnt
|faint|p2a: Anubis
|
|
|switch|p2a: Scooby Doom|Houndoom-Mega, M, shiny|104\/291
|turn|26
|
|switch|p1a: Jirachi|Jirachi|2\/341
|-damage|p1a: Jirachi|0 fnt|[from] Stealth Rock
|faint|p1a: Jirachi
|move|p2a: Scooby Doom|Flamethrower|p1: Jirachi|[notarget]
|-notarget
|
|
|switch|p1a: Medicham|Medicham-Mega, F|111\/261 par
|-damage|p1a: Medicham|95\/261 par|[from] Stealth Rock
|turn|27
|
|move|p1a: Medicham|Fake Out|p2a: Scooby Doom
|-damage|p2a: Scooby Doom|2\/291
|cant|p2a: Scooby Doom|flinch
|
|turn|28
|
|move|p1a: Medicham|Bullet Punch|p2a: Scooby Doom
|-resisted|p2a: Scooby Doom
|-damage|p2a: Scooby Doom|0 fnt
|faint|p2a: Scooby Doom
|
|c|âChoiceBnddUmbreon|u die to s toss
|c|âChoiceBnddUmbreon|i hope
|
|switch|p2a: Evil Nurse|Blissey, F|483\/652
|turn|29
|
|move|p2a: Evil Nurse|Seismic Toss|p1a: Medicham
|-damage|p1a: Medicham|0 fnt
|faint|p1a: Medicham
|
|win|ChoiceBnddUmbreon
|raw|Ladder updating...
|raw|tuRk.jpg's rating: 1533 &rarr; <strong>1506<\/strong><br \/>(-27 for losing)
|raw|ChoiceBnddUmbreon's rating: 1415 &rarr; <strong>1441<\/strong><br \/>(+26 for winning)
|c|âtuRk.jpg|gg
|c|âChoiceBnddUmbreon|so gg
|leave|tuRk.jpg
|player|p1