|join|tuRk.jpg
|join|Pseudo-Yoik
|player|p1|tuRk.jpg|115
|player|p2|Pseudo-Yoik|153
|gametype|singles
|gen|6
|tier|UU
|rated
|rule|Sleep Clause Mod: Limit one foe put to sleep
|rule|Species Clause: Limit one of each PokÃ©mon
|rule|OHKO Clause: OHKO moves are banned
|rule|Moody Clause: Moody is banned
|rule|Evasion Moves Clause: Evasion moves are banned
|rule|Endless Battle Clause: Forcing endless battles is banned
|rule|HP Percentage Mod: HP is shown in percentages
|clearpoke
|poke|p1|Sceptile, M
|poke|p1|Jirachi
|poke|p1|Krookodile, M
|poke|p1|Toxicroak, F
|poke|p1|Rotom-Heat
|poke|p1|Doublade, F
|poke|p2|Hydreigon, M
|poke|p2|Audino, M
|poke|p2|Empoleon, M
|poke|p2|Chesnaught, F
|poke|p2|Rotom-Heat
|poke|p2|Doublade, M
|rule|Swagger Clause: Swagger is banned
|rule|Baton Pass Clause: Limit one PokÃ©mon knowing Baton Pass
|teampreview
|
|start
|switch|p1a: Rotom-Heat|Rotom-Heat|304\/304
|switch|p2a: Hydreigon|Hydreigon, M|325\/325
|turn|1
|
|switch|p1a: Jirachi|Jirachi|341\/341
|move|p2a: Hydreigon|Draco Meteor|p1a: Jirachi
|-resisted|p1a: Jirachi
|-damage|p1a: Jirachi|233\/341
|-unboost|p2a: Hydreigon|spa|2
|
|turn|2
|
|switch|p2a: Audino|Audino, M|401\/401
|move|p1a: Jirachi|U-turn|p2a: Audino
|-damage|p2a: Audino|326\/401
|
|switch|p1a: Rotom-Heat|Rotom-Heat|304\/304
|
|turn|3
|
|switch|p2a: Rotom-Heat|Rotom-Heat|241\/241
|move|p1a: Rotom-Heat|Overheat|p2a: Rotom-Heat
|-resisted|p2a: Rotom-Heat
|-damage|p2a: Rotom-Heat|152\/241
|-unboost|p1a: Rotom-Heat|spa|2
|
|turn|4
|
|move|p2a: Rotom-Heat|Volt Switch|p1a: Rotom-Heat
|-resisted|p1a: Rotom-Heat
|-damage|p1a: Rotom-Heat|226\/304
|
|switch|p2a: Audino|Audino, M|401\/401
|move|p1a: Rotom-Heat|Overheat|p2a: Audino
|-damage|p2a: Audino|319\/401
|-unboost|p1a: Rotom-Heat|spa|2
|
|-heal|p1a: Rotom-Heat|245\/304|[from] item: Leftovers
|turn|5
|
|switch|p2a: Rotom-Heat|Rotom-Heat|152\/241
|move|p1a: Rotom-Heat|Will-O-Wisp|p2a: Rotom-Heat
|-fail|p2a: Rotom-Heat
|
|-heal|p1a: Rotom-Heat|264\/304|[from] item: Leftovers
|turn|6
|
|move|p2a: Rotom-Heat|Volt Switch|p1a: Rotom-Heat
|-resisted|p1a: Rotom-Heat
|-damage|p1a: Rotom-Heat|181\/304
|
|switch|p2a: Hydreigon|Hydreigon, M|325\/325
|move|p1a: Rotom-Heat|Volt Switch|p2a: Hydreigon
|-resisted|p2a: Hydreigon
|-damage|p2a: Hydreigon|305\/325
|
|switch|p1a: Jirachi|Jirachi|233\/341
|
|turn|7
|
|switch|p2a: Audino|Audino, M|401\/401
|move|p1a: Jirachi|U-turn|p2a: Audino
|-damage|p2a: Audino|319\/401
|
|switch|p1a: Rotom-Heat|Rotom-Heat|181\/304
|
|-heal|p1a: Rotom-Heat|200\/304|[from] item: Leftovers
|turn|8
|
|detailschange|p2a: Audino|Audino-Mega, M
|-mega|p2a: Audino|Audino|Audinite
|move|p1a: Rotom-Heat|Volt Switch|p2a: Audino
|-crit|p2a: Audino
|-damage|p2a: Audino|211\/401
|
|switch|p1a: Toxicroak|Toxicroak, F|307\/307
|move|p2a: Audino|Dazzling Gleam|p1a: Toxicroak
|-damage|p1a: Toxicroak|199\/307
|
|turn|9
|
|switch|p1a: Rotom-Heat|Rotom-Heat|200\/304
|switch|p2a: Doublade|Doublade, M|321\/321
|
|-heal|p1a: Rotom-Heat|219\/304|[from] item: Leftovers
|turn|10
|
|switch|p2a: Rotom-Heat|Rotom-Heat|152\/241
|move|p1a: Rotom-Heat|Volt Switch|p2a: Rotom-Heat
|-resisted|p2a: Rotom-Heat
|-damage|p2a: Rotom-Heat|97\/241
|
|switch|p1a: Krookodile|Krookodile, M|331\/331
|-ability|p1a: Krookodile|Intimidate|[of] p2a: Rotom-Heat
|-unboost|p2a: Rotom-Heat|atk|1
|
|turn|11
|
|move|p2a: Rotom-Heat|Overheat|p1a: Krookodile
|-damage|p1a: Krookodile|0 fnt
|-unboost|p2a: Rotom-Heat|spa|2
|faint|p1a: Krookodile
|
|
|switch|p1a: Rotom-Heat|Rotom-Heat|219\/304
|turn|12
|
|switch|p2a: Audino|Audino-Mega, M|211\/401
|move|p1a: Rotom-Heat|Volt Switch|p2a: Audino
|-damage|p2a: Audino|142\/401
|
|switch|p1a: Sceptile|Sceptile, M|281\/281
|
|turn|13
|
|switch|p2a: Chesnaught|Chesnaught, F|369\/369
|detailschange|p1a: Sceptile|Sceptile-Mega, M
|-mega|p1a: Sceptile|Sceptile|Sceptilite
|move|p1a: Sceptile|Leaf Storm|p2a: Chesnaught
|-resisted|p2a: Chesnaught
|-damage|p2a: Chesnaught|224\/369
|-unboost|p1a: Sceptile|spa|2
|
|-heal|p2a: Chesnaught|247\/369|[from] item: Leftovers
|turn|14
|
|move|p1a: Sceptile|Hidden Power|p2a: Chesnaught
|-crit|p2a: Chesnaught
|-supereffective|p2a: Chesnaught
|-damage|p2a: Chesnaught|0 fnt
|faint|p2a: Chesnaught
|
|
|switch|p2a: Audino|Audino-Mega, M|142\/401
|turn|15
|
|switch|p1a: Jirachi|Jirachi|233\/341
|move|p2a: Audino|Rest|p2a: Audino
|-status|p2a: Audino|slp
|-heal|p2a: Audino|401\/401 slp|[silent]
|-status|p2a: Audino|slp|[from] move: Rest
|
|turn|16
|
|switch|p2a: Empoleon|Empoleon, M|369\/369
|move|p1a: Jirachi|U-turn|p2a: Empoleon
|-resisted|p2a: Empoleon
|-damage|p2a: Empoleon|332\/369
|
|switch|p1a: Toxicroak|Toxicroak, F|199\/307
|
|-heal|p2a: Empoleon|355\/369|[from] item: Leftovers
|turn|17
|
|switch|p1a: Rotom-Heat|Rotom-Heat|219\/304
|move|p2a: Empoleon|Stealth Rock|p1a: Rotom-Heat
|-sidestart|p1: tuRk.jpg|move: Stealth Rock
|
|-heal|p1a: Rotom-Heat|238\/304|[from] item: Leftovers
|-heal|p2a: Empoleon|369\/369|[from] item: Leftovers
|turn|18
|
|move|p1a: Rotom-Heat|Volt Switch|p2a: Empoleon
|-supereffective|p2a: Empoleon
|-damage|p2a: Empoleon|223\/369
|
|switch|p1a: Toxicroak|Toxicroak, F|199\/307
|-damage|p1a: Toxicroak|180\/307|[from] Stealth Rock
|move|p2a: Empoleon|Roar|p1a: Toxicroak
|drag|p1a: Rotom-Heat|Rotom-Heat|238\/304
|-damage|p1a: Rotom-Heat|162\/304|[from] Stealth Rock
|
|-heal|p1a: Rotom-Heat|181\/304|[from] item: Leftovers
|-heal|p2a: Empoleon|246\/369|[from] item: Leftovers
|turn|19
|
|move|p1a: Rotom-Heat|Volt Switch|p2a: Empoleon
|-supereffective|p2a: Empoleon
|-damage|p2a: Empoleon|88\/369
|
|switch|p1a: Toxicroak|Toxicroak, F|180\/307
|-damage|p1a: Toxicroak|161\/307|[from] Stealth Rock
|move|p2a: Empoleon|Scald|p1a: Toxicroak
|-heal|p1a: Toxicroak|237\/307|[from] ability: Dry Skin|[of] p2a: Empoleon
|
|-heal|p2a: Empoleon|111\/369|[from] item: Leftovers
|turn|20
|
|switch|p2a: Doublade|Doublade, M|321\/321
|move|p1a: Toxicroak|Drain Punch|p2a: Doublade
|-immune|p2a: Doublade|[msg]
|
|turn|21
|
|switch|p1a: Doublade|Doublade, F|312\/312
|-damage|p1a: Doublade|293\/312|[from] Stealth Rock
|move|p2a: Doublade|Sacred Sword|p1a: Doublade
|-immune|p1a: Doublade|[msg]
|
|turn|22
|
|move|p1a: Doublade|Pursuit|p2a: Doublade|[from]Pursuit
|-supereffective|p2a: Doublade
|-damage|p2a: Doublade|237\/321
|switch|p2a: Hydreigon|Hydreigon, M|305\/325
|
|turn|23
|
|move|p2a: Hydreigon|Dark Pulse|p1a: Doublade
|-supereffective|p1a: Doublade
|-damage|p1a: Doublade|0 fnt
|faint|p1a: Doublade
|
|
|switch|p1a: Jirachi|Jirachi|233\/341
|-damage|p1a: Jirachi|212\/341|[from] Stealth Rock
|turn|24
|
|switch|p2a: Audino|Audino-Mega, M|401\/401 slp
|move|p1a: Jirachi|U-turn|p2a: Audino
|-resisted|p2a: Audino
|-damage|p2a: Audino|374\/401 slp
|
|switch|p1a: Rotom-Heat|Rotom-Heat|181\/304
|-damage|p1a: Rotom-Heat|105\/304|[from] Stealth Rock
|
|-heal|p1a: Rotom-Heat|124\/304|[from] item: Leftovers
|turn|25
|
|switch|p2a: Rotom-Heat|Rotom-Heat|97\/241
|move|p1a: Rotom-Heat|Pain Split|p2a: Rotom-Heat
|-sethp|p2a: Rotom-Heat|110\/241|p1a: Rotom-Heat|110\/304|[from] move: Pain Split
|
|-heal|p1a: Rotom-Heat|129\/304|[from] item: Leftovers
|turn|26
|
|move|p2a: Rotom-Heat|Overheat|p1a: Rotom-Heat
|-resisted|p1a: Rotom-Heat
|-damage|p1a: Rotom-Heat|0 fnt
|-unboost|p2a: Rotom-Heat|spa|2
|faint|p1a: Rotom-Heat
|
|
|switch|p1a: Sceptile|Sceptile-Mega, M|281\/281
|-damage|p1a: Sceptile|246\/281|[from] Stealth Rock
|turn|27
|
|switch|p2a: Empoleon|Empoleon, M|111\/369
|move|p1a: Sceptile|Dragon Pulse|p2a: Empoleon
|-resisted|p2a: Empoleon
|-damage|p2a: Empoleon|49\/369
|
|-heal|p2a: Empoleon|72\/369|[from] item: Leftovers
|turn|28
|
|switch|p2a: Audino|Audino-Mega, M|374\/401 slp
|move|p1a: Sceptile|Focus Blast|p2a: Audino
|-damage|p2a: Audino|282\/401 slp
|
|turn|29
|
|move|p1a: Sceptile|Leaf Storm|p2a: Audino
|-damage|p2a: Audino|116\/401 slp
|-unboost|p1a: Sceptile|spa|2
|cant|p2a: Audino|slp
|move|p2a: Audino|Sleep Talk|p2a: Audino
|move|p2a: Audino|Heal Bell|p2a: Audino|[from]Sleep Talk
|-cureteam|p2a: Audino|[from] move: HealBell
|
|turn|30
|
|switch|p1a: Jirachi|Jirachi|212\/341
|-damage|p1a: Jirachi|191\/341|[from] Stealth Rock
|move|p2a: Audino|Rest|p2a: Audino
|-status|p2a: Audino|slp
|-heal|p2a: Audino|401\/401 slp|[silent]
|-status|p2a: Audino|slp|[from] move: Rest
|
|turn|31
|
|switch|p2a: Rotom-Heat|Rotom-Heat|110\/241
|move|p1a: Jirachi|Iron Head|p2a: Rotom-Heat
|-resisted|p2a: Rotom-Heat
|-damage|p2a: Rotom-Heat|81\/241
|
|turn|32
|
|move|p1a: Jirachi|Iron Head|p2a: Rotom-Heat
|-resisted|p2a: Rotom-Heat
|-damage|p2a: Rotom-Heat|53\/241
|cant|p2a: Rotom-Heat|flinch
|
|turn|33
|
|switch|p2a: Doublade|Doublade, M|237\/321
|move|p1a: Jirachi|Iron Head|p2a: Doublade
|-resisted|p2a: Doublade
|-damage|p2a: Doublade|210\/321
|
|turn|34
|
|switch|p1a: Sceptile|Sceptile-Mega, M|246\/281
|-damage|p1a: Sceptile|211\/281|[from] Stealth Rock
|move|p2a: Doublade|Swords Dance|p2a: Doublade
|-boost|p2a: Doublade|atk|2
|
|turn|35
|
|switch|p2a: Audino|Audino-Mega, M|401\/401 slp
|move|p1a: Sceptile|Hidden Power|p2a: Audino
|-damage|p2a: Audino|351\/401 slp
|
|turn|36
|
|switch|p1a: Jirachi|Jirachi|191\/341
|-damage|p1a: Jirachi|170\/341|[from] Stealth Rock
|cant|p2a: Audino|slp
|move|p2a: Audino|Sleep Talk|p2a: Audino
|move|p2a: Audino|Dazzling Gleam|p1a: Jirachi|[from]Sleep Talk
|-resisted|p1a: Jirachi
|-damage|p1a: Jirachi|134\/341
|
|turn|37
|
|switch|p2a: Empoleon|Empoleon, M|72\/369
|move|p1a: Jirachi|Iron Head|p2a: Empoleon
|-crit|p2a: Empoleon
|-resisted|p2a: Empoleon
|-damage|p2a: Empoleon|23\/369
|
|-heal|p2a: Empoleon|46\/369|[from] item: Leftovers
|turn|38
|
|move|p1a: Jirachi|Iron Head|p2a: Empoleon
|-resisted|p2a: Empoleon
|-damage|p2a: Empoleon|10\/369
|move|p2a: Empoleon|Roar|p1a: Jirachi
|drag|p1a: Toxicroak|Toxicroak, F|237\/307
|-damage|p1a: Toxicroak|218\/307|[from] Stealth Rock
|
|-heal|p2a: Empoleon|33\/369|[from] item: Leftovers
|turn|39
|
|switch|p2a: Doublade|Doublade, M|210\/321
|move|p1a: Toxicroak|Drain Punch|p2a: Doublade
|-immune|p2a: Doublade|[msg]
|
|turn|40
|
|switch|p1a: Sceptile|Sceptile-Mega, M|211\/281
|-damage|p1a: Sceptile|176\/281|[from] Stealth Rock
|move|p2a: Doublade|Gyro Ball|p1a: Sceptile
|-damage|p1a: Sceptile|0 fnt
|faint|p1a: Sceptile
|
|
|switch|p1a: Jirachi|Jirachi|134\/341
|-damage|p1a: Jirachi|113\/341|[from] Stealth Rock
|turn|41
|
|move|p2a: Doublade|Shadow Sneak|p1a: Jirachi
|-supereffective|p1a: Jirachi
|-damage|p1a: Jirachi|0 fnt
|faint|p1a: Jirachi
|
|
|switch|p1a: Toxicroak|Toxicroak, F|218\/307
|-damage|p1a: Toxicroak|199\/307|[from] Stealth Rock
|turn|42
|
|move|p1a: Toxicroak|Swords Dance|p1a: Toxicroak
|-boost|p1a: Toxicroak|atk|2
|move|p2a: Doublade|Gyro Ball|p1a: Toxicroak
|-damage|p1a: Toxicroak|0 fnt
|faint|p1a: Toxicroak
|
|win|Pseudo-Yoik
|raw|Ladder updating...
|raw|tuRk.jpg's rating: 1570 &rarr; <strong>1550<\/strong><br \/>(-20 for losing)
|raw|Pseudo-Yoik's rating: 1566 &rarr; <strong>1586<\/strong><br \/>(+20 for winning)
|c|âtuRk.jpg|gg
|leave|tuRk.jpg
|c|âPseudo-Yoik|GG
|player|p1