|join|tuRk.jpg
|join|DimSunIce2089
|player|p1|tuRk.jpg|115
|player|p2|DimSunIce2089|1
|gametype|singles
|gen|6
|tier|UU
|rated
|rule|Sleep Clause Mod: Limit one foe put to sleep
|rule|Species Clause: Limit one of each PokÃ©mon
|rule|OHKO Clause: OHKO moves are banned
|rule|Moody Clause: Moody is banned
|rule|Evasion Moves Clause: Evasion moves are banned
|rule|Endless Battle Clause: Forcing endless battles is banned
|rule|HP Percentage Mod: HP is shown in percentages
|clearpoke
|poke|p1|Sceptile, M
|poke|p1|Jirachi
|poke|p1|Krookodile, M
|poke|p1|Toxicroak, F
|poke|p1|Rotom-Heat
|poke|p1|Doublade, M
|poke|p2|Scrafty, M
|poke|p2|Jellicent, M
|poke|p2|Amoonguss, M
|poke|p2|Meloetta
|poke|p2|Slowking, F
|poke|p2|Ambipom, M
|rule|Swagger Clause: Swagger is banned
|rule|Baton Pass Clause: Limit one PokÃ©mon knowing Baton Pass
|teampreview
|
|start
|switch|p1a: Doublade|Doublade, M|312\/312
|switch|p2a: Ambipom|Ambipom, M|291\/291
|turn|1
|
|move|p2a: Ambipom|Knock Off|p1a: Doublade
|-supereffective|p1a: Doublade
|-damage|p1a: Doublade|218\/312
|-enditem|p1a: Doublade|Eviolite|[from] move: Knock Off|[of] p2a: Ambipom
|cant|p1a: Doublade|flinch
|
|turn|2
|c|âtuRk.jpg|what?
|
|move|p2a: Ambipom|Beat Up|p1a: Doublade
|-supereffective|p1a: Doublade
|-damage|p1a: Doublade|186\/312
|-supereffective|p1a: Doublade
|-damage|p1a: Doublade|162\/312
|-supereffective|p1a: Doublade
|-damage|p1a: Doublade|134\/312
|-supereffective|p1a: Doublade
|-damage|p1a: Doublade|108\/312
|-supereffective|p1a: Doublade
|-damage|p1a: Doublade|82\/312
|-supereffective|p1a: Doublade
|-damage|p1a: Doublade|52\/312
|-hitcount|p1a: Doublade|6
|cant|p1a: Doublade|flinch
|
|turn|3
|c|âDimSunIce2089|kings rock
|
|switch|p1a: Krookodile|Krookodile, M|331\/331
|-ability|p1a: Krookodile|Intimidate|[of] p2a: Ambipom
|-unboost|p2a: Ambipom|atk|1
|move|p2a: Ambipom|Beat Up|p1a: Krookodile
|-resisted|p1a: Krookodile
|-damage|p1a: Krookodile|323\/331
|-resisted|p1a: Krookodile
|-damage|p1a: Krookodile|318\/331
|-resisted|p1a: Krookodile
|-damage|p1a: Krookodile|312\/331
|-resisted|p1a: Krookodile
|-damage|p1a: Krookodile|305\/331
|-resisted|p1a: Krookodile
|-damage|p1a: Krookodile|298\/331
|-resisted|p1a: Krookodile
|-damage|p1a: Krookodile|291\/331
|-hitcount|p1a: Krookodile|6
|
|turn|4
|
|switch|p2a: Amoonguss|Amoonguss, M|432\/432
|move|p1a: Krookodile|Stealth Rock|p2a: Amoonguss
|-sidestart|p2: DimSunIce2089|move: Stealth Rock
|
|turn|5
|
|switch|p1a: Rotom-Heat|Rotom-Heat|304\/304
|move|p2a: Amoonguss|Spore|p1a: Rotom-Heat
|-status|p1a: Rotom-Heat|slp
|
|turn|6
|
|switch|p1a: Sceptile|Sceptile, M|281\/281
|switch|p2a: Scrafty|Scrafty, M|334\/334
|-damage|p2a: Scrafty|314\/334|[from] Stealth Rock
|
|-heal|p2a: Scrafty|334\/334|[from] item: Leftovers
|turn|7
|
|switch|p2a: Amoonguss|Amoonguss, M|432\/432
|-damage|p2a: Amoonguss|378\/432|[from] Stealth Rock
|detailschange|p1a: Sceptile|Sceptile-Mega, M
|-mega|p1a: Sceptile|Sceptile|Sceptilite
|move|p1a: Sceptile|Dragon Pulse|p2a: Amoonguss
|-damage|p2a: Amoonguss|230\/432
|
|-heal|p2a: Amoonguss|257\/432|[from] item: Black Sludge
|turn|8
|
|move|p1a: Sceptile|Hidden Power|p2a: Amoonguss
|-supereffective|p2a: Amoonguss
|-damage|p2a: Amoonguss|133\/432
|move|p2a: Amoonguss|Toxic|p1a: Sceptile
|-status|p1a: Sceptile|tox
|
|-heal|p2a: Amoonguss|160\/432|[from] item: Black Sludge
|-damage|p1a: Sceptile|264\/281 tox|[from] psn
|turn|9
|
|move|p1a: Sceptile|Dragon Pulse|p2a: Amoonguss
|-damage|p2a: Amoonguss|25\/432
|move|p2a: Amoonguss|Sludge Bomb|p1a: Sceptile
|-crit|p1a: Sceptile
|-supereffective|p1a: Sceptile
|-damage|p1a: Sceptile|0 fnt
|faint|p1a: Sceptile
|
|-heal|p2a: Amoonguss|52\/432|[from] item: Black Sludge
|
|switch|p1a: Krookodile|Krookodile, M|291\/331
|-ability|p1a: Krookodile|Intimidate|[of] p2a: Amoonguss
|-unboost|p2a: Amoonguss|atk|1
|turn|10
|
|move|p1a: Krookodile|Pursuit|p2a: Amoonguss|[from]Pursuit
|-damage|p2a: Amoonguss|0 fnt
|-damage|p1a: Krookodile|258\/331|[from] item: Life Orb
|faint|p2a: Amoonguss
|
|
|switch|p2a: Scrafty|Scrafty, M|334\/334
|-damage|p2a: Scrafty|314\/334|[from] Stealth Rock
|turn|11
|
|move|p1a: Krookodile|Earthquake|p2a: Scrafty
|-damage|p2a: Scrafty|139\/334
|-damage|p1a: Krookodile|225\/331|[from] item: Life Orb
|move|p2a: Scrafty|Bulk Up|p2a: Scrafty
|-boost|p2a: Scrafty|atk|1
|-boost|p2a: Scrafty|def|1
|
|-heal|p2a: Scrafty|159\/334|[from] item: Leftovers
|turn|12
|
|move|p1a: Krookodile|Earthquake|p2a: Scrafty
|-damage|p2a: Scrafty|34\/334
|-damage|p1a: Krookodile|192\/331|[from] item: Life Orb
|move|p2a: Scrafty|Rest|p2a: Scrafty
|-status|p2a: Scrafty|slp
|-heal|p2a: Scrafty|334\/334 slp|[silent]
|-status|p2a: Scrafty|slp|[from] move: Rest
|
|-activate|p2a: Scrafty|ability: Shed Skin
|-curestatus|p2a: Scrafty|slp
|turn|13
|
|switch|p1a: Doublade|Doublade, M|52\/312
|move|p2a: Scrafty|Bulk Up|p2a: Scrafty
|-boost|p2a: Scrafty|atk|1
|-boost|p2a: Scrafty|def|1
|
|turn|14
|
|move|p2a: Scrafty|Bulk Up|p2a: Scrafty
|-boost|p2a: Scrafty|atk|1
|-boost|p2a: Scrafty|def|1
|move|p1a: Doublade|Sacred Sword|p2a: Scrafty
|-supereffective|p2a: Scrafty
|-damage|p2a: Scrafty|162\/334
|
|-heal|p2a: Scrafty|182\/334|[from] item: Leftovers
|turn|15
|
|move|p1a: Doublade|Shadow Sneak|p2a: Scrafty
|-resisted|p2a: Scrafty
|-damage|p2a: Scrafty|170\/334
|move|p2a: Scrafty|Knock Off|p1a: Doublade
|-supereffective|p1a: Doublade
|-damage|p1a: Doublade|0 fnt
|faint|p1a: Doublade
|
|-heal|p2a: Scrafty|190\/334|[from] item: Leftovers
|
|switch|p1a: Jirachi|Jirachi|341\/341
|turn|16
|
|move|p1a: Jirachi|U-turn|p2a: Scrafty
|-damage|p2a: Scrafty|164\/334
|
|switch|p1a: Rotom-Heat|Rotom-Heat|304\/304 slp
|move|p2a: Scrafty|Knock Off|p1a: Rotom-Heat
|-damage|p1a: Rotom-Heat|0 fnt
|-enditem|p1a: Rotom-Heat|Leftovers|[from] move: Knock Off|[of] p2a: Scrafty
|faint|p1a: Rotom-Heat
|
|-heal|p2a: Scrafty|184\/334|[from] item: Leftovers
|
|switch|p1a: Krookodile|Krookodile, M|192\/331
|-ability|p1a: Krookodile|Intimidate|[of] p2a: Scrafty
|-unboost|p2a: Scrafty|atk|1
|turn|17
|
|move|p1a: Krookodile|Knock Off|p2a: Scrafty
|-resisted|p2a: Scrafty
|-damage|p2a: Scrafty|166\/334
|-enditem|p2a: Scrafty|Leftovers|[from] move: Knock Off|[of] p1a: Krookodile
|-damage|p1a: Krookodile|159\/331|[from] item: Life Orb
|move|p2a: Scrafty|Drain Punch|p1a: Krookodile
|-supereffective|p1a: Krookodile
|-damage|p1a: Krookodile|0 fnt
|-heal|p2a: Scrafty|246\/334|[from] drain|[of] p1a: Krookodile
|faint|p1a: Krookodile
|
|
|switch|p1a: Jirachi|Jirachi|341\/341
|turn|18
|
|move|p1a: Jirachi|Iron Head|p2a: Scrafty
|-damage|p2a: Scrafty|198\/334
|move|p2a: Scrafty|Knock Off|p1a: Jirachi
|-supereffective|p1a: Jirachi
|-damage|p1a: Jirachi|0 fnt
|-enditem|p1a: Jirachi|Choice Scarf|[from] move: Knock Off|[of] p2a: Scrafty
|faint|p1a: Jirachi
|
|
|switch|p1a: Toxicroak|Toxicroak, F|307\/307
|turn|19
|
|move|p1a: Toxicroak|Swords Dance|p1a: Toxicroak
|-boost|p1a: Toxicroak|atk|2
|move|p2a: Scrafty|Knock Off|p1a: Toxicroak
|-resisted|p1a: Toxicroak
|-damage|p1a: Toxicroak|95\/307
|-enditem|p1a: Toxicroak|Life Orb|[from] move: Knock Off|[of] p2a: Scrafty
|
|turn|20
|
|move|p1a: Toxicroak|Drain Punch|p2a: Scrafty
|-supereffective|p2a: Scrafty
|-damage|p2a: Scrafty|12\/334
|-heal|p1a: Toxicroak|188\/307|[from] drain|[of] p2a: Scrafty
|move|p2a: Scrafty|Drain Punch|p1a: Toxicroak
|-resisted|p1a: Toxicroak
|-damage|p1a: Toxicroak|38\/307
|-heal|p2a: Scrafty|87\/334|[from] drain|[of] p1a: Toxicroak
|
|turn|21
|
|switch|p2a: Jellicent|Jellicent, M|404\/404
|-damage|p2a: Jellicent|354\/404|[from] Stealth Rock
|move|p1a: Toxicroak|Drain Punch|p2a: Jellicent
|-immune|p2a: Jellicent|[msg]
|
|-heal|p2a: Jellicent|379\/404|[from] item: Leftovers
|turn|22
|
|move|p1a: Toxicroak|Gunk Shot|p2a: Jellicent
|-resisted|p2a: Jellicent
|-damage|p2a: Jellicent|185\/404
|-start|p1a: Toxicroak|Disable|Gunk Shot
|-status|p2a: Jellicent|psn
|move|p2a: Jellicent|Will-O-Wisp|p1a: Toxicroak|[miss]
|-miss|p2a: Jellicent|p1a: Toxicroak
|
|-heal|p2a: Jellicent|210\/404 psn|[from] item: Leftovers
|-damage|p2a: Jellicent|160\/404 psn|[from] psn
|turn|23
|
|move|p1a: Toxicroak|Swords Dance|p1a: Toxicroak
|-boost|p1a: Toxicroak|atk|2
|move|p2a: Jellicent|Will-O-Wisp|p1a: Toxicroak|[miss]
|-miss|p2a: Jellicent|p1a: Toxicroak
|
|-heal|p2a: Jellicent|185\/404 psn|[from] item: Leftovers
|-damage|p2a: Jellicent|135\/404 psn|[from] psn
|turn|24
|
|move|p1a: Toxicroak|Swords Dance|p1a: Toxicroak
|-boost|p1a: Toxicroak|atk|2
|move|p2a: Jellicent|Will-O-Wisp|p1a: Toxicroak
|-status|p1a: Toxicroak|brn
|
|-heal|p2a: Jellicent|160\/404 psn|[from] item: Leftovers
|-damage|p1a: Toxicroak|0 fnt|[from] brn
|-damage|p2a: Jellicent|110\/404 psn|[from] psn
|faint|p1a: Toxicroak
|
|win|DimSunIce2089
|raw|Ladder updating...
|raw|tuRk.jpg's rating: 1595 &rarr; <strong>1561<\/strong><br \/>(-34 for losing)
|raw|DimSunIce2089's rating: 1294 &rarr; <strong>1337<\/strong><br \/>(+43 for winning)
|c|âDimSunIce2089|gg
|leave|tuRk.jpg
|player|p1