|join|ult lowgock
|join|tuRk.jpg
|player|p1|ult lowgock|1
|player|p2|tuRk.jpg|115
|gametype|singles
|gen|6
|tier|UU
|rated
|rule|Sleep Clause Mod: Limit one foe put to sleep
|rule|Species Clause: Limit one of each PokÃ©mon
|rule|OHKO Clause: OHKO moves are banned
|rule|Moody Clause: Moody is banned
|rule|Evasion Moves Clause: Evasion moves are banned
|rule|Endless Battle Clause: Forcing endless battles is banned
|rule|HP Percentage Mod: HP is shown in percentages
|clearpoke
|poke|p1|Slurpuff, F
|poke|p1|Kingdra, M
|poke|p1|Aerodactyl, M
|poke|p1|Nidoqueen, F
|poke|p1|Cobalion
|poke|p1|Honchkrow, M
|poke|p2|Medicham, F
|poke|p2|Jirachi
|poke|p2|Krookodile, F
|poke|p2|Toxicroak, F
|poke|p2|Entei, shiny
|poke|p2|Doublade, F
|rule|Swagger Clause: Swagger is banned
|rule|Baton Pass Clause: Limit one PokÃ©mon knowing Baton Pass
|teampreview
|
|start
|switch|p1a: Aerodactyl|Aerodactyl, M|301\/301
|switch|p2a: Krookodile|Krookodile, F|331\/331
|-ability|p2a: Krookodile|Intimidate|[of] p1a: Aerodactyl
|-unboost|p1a: Aerodactyl|atk|1
|turn|1
|join|ULT BiG BiRD
|
|detailschange|p1a: Aerodactyl|Aerodactyl-Mega, M
|-mega|p1a: Aerodactyl|Aerodactyl|Aerodactylite
|move|p1a: Aerodactyl|Aqua Tail|p2a: Krookodile
|-supereffective|p2a: Krookodile
|-damage|p2a: Krookodile|99\/331
|move|p2a: Krookodile|Knock Off|p1a: Aerodactyl
|-damage|p1a: Aerodactyl|127\/301
|
|turn|2
|
|switch|p1a: Nidoqueen|Nidoqueen, F|345\/345
|switch|p2a: Jirachi|Jirachi|341\/341
|
|turn|3
|
|move|p2a: Jirachi|Iron Head|p1a: Nidoqueen
|-damage|p1a: Nidoqueen|216\/345
|cant|p1a: Nidoqueen|flinch
|
|turn|4
|
|move|p2a: Jirachi|Iron Head|p1a: Nidoqueen
|-damage|p1a: Nidoqueen|81\/345
|move|p1a: Nidoqueen|Earth Power|p2a: Jirachi
|-supereffective|p2a: Jirachi
|-damage|p2a: Jirachi|0 fnt
|faint|p2a: Jirachi
|
|
|switch|p2a: Krookodile|Krookodile, F|99\/331
|-ability|p2a: Krookodile|Intimidate|[of] p1a: Nidoqueen
|-unboost|p1a: Nidoqueen|atk|1
|turn|5
|
|move|p2a: Krookodile|Knock Off|p1a: Nidoqueen
|-damage|p1a: Nidoqueen|0 fnt
|-enditem|p1a: Nidoqueen|Life Orb|[from] move: Knock Off|[of] p2a: Krookodile
|faint|p1a: Nidoqueen
|
|
|switch|p1a: Cobalion|Cobalion|323\/323
|turn|6
|
|switch|p1a: Honchkrow|Honchkrow, M|341\/341
|move|p2a: Krookodile|Knock Off|p1a: Honchkrow
|-resisted|p1a: Honchkrow
|-damage|p1a: Honchkrow|147\/341
|-enditem|p1a: Honchkrow|Life Orb|[from] move: Knock Off|[of] p2a: Krookodile
|
|turn|7
|
|switch|p1a: Cobalion|Cobalion|323\/323
|move|p2a: Krookodile|Knock Off|p1a: Cobalion
|-crit|p1a: Cobalion
|-resisted|p1a: Cobalion
|-damage|p1a: Cobalion|180\/323
|-boost|p1a: Cobalion|atk|1|[from] ability: Justified
|-enditem|p1a: Cobalion|Lum Berry|[from] move: Knock Off|[of] p2a: Krookodile
|
|turn|8
|
|switch|p2a: Doublade|Doublade, F|312\/312
|move|p1a: Cobalion|Swords Dance|p1a: Cobalion
|-boost|p1a: Cobalion|atk|2
|
|turn|9
|
|move|p1a: Cobalion|Iron Head|p2a: Doublade
|-resisted|p2a: Doublade
|-damage|p2a: Doublade|252\/312
|move|p2a: Doublade|Sacred Sword|p1a: Cobalion
|-supereffective|p1a: Cobalion
|-damage|p1a: Cobalion|12\/323
|
|turn|10
|
|move|p2a: Doublade|Pursuit|p1a: Cobalion|[from]Pursuit
|-resisted|p1a: Cobalion
|-damage|p1a: Cobalion|0 fnt
|faint|p1a: Cobalion
|
|
|switch|p1a: Honchkrow|Honchkrow, M|147\/341
|turn|11
|join|Snowballin
|
|move|p1a: Honchkrow|Pursuit|p2a: Doublade
|-supereffective|p2a: Doublade
|-damage|p2a: Doublade|178\/312
|move|p2a: Doublade|Sacred Sword|p1a: Honchkrow
|-damage|p1a: Honchkrow|0 fnt
|faint|p1a: Honchkrow
|
|
|switch|p1a: Kingdra|Kingdra, M|301\/301
|turn|12
|
|move|p1a: Kingdra|Dragon Dance|p1a: Kingdra
|-boost|p1a: Kingdra|atk|1
|-boost|p1a: Kingdra|spe|1
|move|p2a: Doublade|Swords Dance|p2a: Doublade
|-boost|p2a: Doublade|atk|2
|
|turn|13
|
|move|p2a: Doublade|Shadow Sneak|p1a: Kingdra
|-damage|p1a: Kingdra|160\/301
|move|p1a: Kingdra|Waterfall|p2a: Doublade
|-crit|p2a: Doublade
|-damage|p2a: Doublade|0 fnt
|faint|p2a: Doublade
|
|
|switch|p2a: Medicham|Medicham, F|261\/261
|turn|14
|
|detailschange|p2a: Medicham|Medicham-Mega, F
|-mega|p2a: Medicham|Medicham|Medichamite
|move|p2a: Medicham|Fake Out|p1a: Kingdra
|-damage|p1a: Kingdra|64\/301
|cant|p1a: Kingdra|flinch
|
|turn|15
|
|switch|p2a: Krookodile|Krookodile, F|99\/331
|-ability|p2a: Krookodile|Intimidate|[of] p1a: Kingdra
|-unboost|p1a: Kingdra|atk|1
|move|p1a: Kingdra|Outrage|p2a: Krookodile
|-damage|p2a: Krookodile|0 fnt
|faint|p2a: Krookodile
|
|
|switch|p2a: Medicham|Medicham-Mega, F|261\/261
|turn|16
|
|move|p2a: Medicham|Fake Out|p1a: Kingdra
|-damage|p1a: Kingdra|0 fnt
|faint|p1a: Kingdra
|
|
|switch|p1a: Aerodactyl|Aerodactyl-Mega, M|127\/301
|turn|17
|
|move|p2a: Medicham|Bullet Punch|p1a: Aerodactyl
|-supereffective|p1a: Aerodactyl
|-damage|p1a: Aerodactyl|0 fnt
|faint|p1a: Aerodactyl
|
|
|switch|p1a: Slurpuff|Slurpuff, F|316\/316
|turn|18
|
|move|p2a: Medicham|Drain Punch|p1a: Slurpuff
|-resisted|p1a: Slurpuff
|-damage|p1a: Slurpuff|172\/316
|move|p1a: Slurpuff|Play Rough|p2a: Medicham
|-supereffective|p2a: Medicham
|-damage|p2a: Medicham|0 fnt
|faint|p2a: Medicham
|
|
|switch|p2a: Entei|Entei, shiny|371\/371
|-ability|p2a: Entei|Pressure
|turn|19
|
|move|p2a: Entei|Flare Blitz|p1a: Slurpuff
|-damage|p1a: Slurpuff|0 fnt
|-damage|p2a: Entei|314\/371|[from] recoil|[of] p1a: Slurpuff
|faint|p1a: Slurpuff
|
|win|tuRk.jpg
|raw|Ladder updating...
|raw|ult lowgock's rating: 1694 &rarr; <strong>1669<\/strong><br \/>(-25 for losing)
|raw|tuRk.jpg's rating: 1600 &rarr; <strong>1625<\/strong><br \/>(+25 for winning)