|join|pepperonipizza
|join|SlurpuffIzFood
|player|p1|pepperonipizza|234
|player|p2|SlurpuffIzFood|172
|gametype|singles
|gen|6
|tier|ORAS OU
|rated
|rule|Sleep Clause Mod: Limit one foe put to sleep
|rule|Species Clause: Limit one of each PokÃ©mon
|rule|OHKO Clause: OHKO moves are banned
|rule|Moody Clause: Moody is banned
|rule|Evasion Moves Clause: Evasion moves are banned
|rule|Endless Battle Clause: Forcing endless battles is banned
|rule|HP Percentage Mod: HP is shown in percentages
|clearpoke
|poke|p1|Dragonite, F, shiny
|poke|p1|Tyranitar, F
|poke|p1|Talonflame, F
|poke|p1|Metagross
|poke|p1|Greninja, M, shiny
|poke|p1|Excadrill, F
|poke|p2|Sableye, F
|poke|p2|Mamoswine, F
|poke|p2|Klefki, F
|poke|p2|Mew
|poke|p2|Kyurem-Black
|poke|p2|Keldeo
|rule|Swagger Clause: Swagger is banned
|rule|Baton Pass Clause: Limit one PokÃ©mon knowing Baton Pass
|teampreview
|
|start
|switch|p1a: The Bravest|Talonflame, F|298\/298
|switch|p2a: Kyurem-Black|Kyurem-Black|391\/391
|-ability|p2a: Kyurem-Black|Teravolt
|turn|1
|
|move|p1a: The Bravest|U-turn|p2a: Kyurem-Black
|-damage|p2a: Kyurem-Black|281\/391
|
|switch|p1a: Behemoth|Tyranitar, F|341\/341
|-weather|Sandstorm
|move|p2a: Kyurem-Black|Ice Beam|p1a: Behemoth
|-damage|p1a: Behemoth|193\/341
|-damage|p2a: Kyurem-Black|242\/391|[from] item: Life Orb
|
|-weather|Sandstorm|[upkeep]
|-damage|p2a: Kyurem-Black|218\/391|[from] sandstorm
|turn|2
|
|switch|p2a: Klefki|Klefki, F|317\/317
|move|p1a: Behemoth|Stealth Rock|p2a: Klefki
|-sidestart|p2: SlurpuffIzFood|move: Stealth Rock
|
|-weather|Sandstorm|[upkeep]
|turn|3
|
|move|p2a: Klefki|Reflect|p2a: Klefki
|-sidestart|p2: SlurpuffIzFood|Reflect
|move|p1a: Behemoth|Fire Blast|p2a: Klefki
|-supereffective|p2a: Klefki
|-damage|p2a: Klefki|73\/317
|
|-weather|Sandstorm|[upkeep]
|-heal|p2a: Klefki|92\/317|[from] item: Leftovers
|turn|4
|
|switch|p2a: Mew|Mew|404\/404
|-damage|p2a: Mew|354\/404|[from] Stealth Rock
|move|p1a: Behemoth|Fire Blast|p2a: Mew
|-damage|p2a: Mew|235\/404
|
|-weather|Sandstorm|[upkeep]
|-damage|p2a: Mew|210\/404|[from] sandstorm
|-heal|p2a: Mew|235\/404|[from] item: Leftovers
|turn|5
|
|move|p2a: Mew|Stealth Rock|p1a: Behemoth
|-sidestart|p1: pepperonipizza|move: Stealth Rock
|move|p1a: Behemoth|Crunch|p2a: Mew
|-supereffective|p2a: Mew
|-damage|p2a: Mew|117\/404
|
|-weather|none
|-heal|p2a: Mew|142\/404|[from] item: Leftovers
|turn|6
|
|move|p2a: Mew|Roost|p2a: Mew
|-heal|p2a: Mew|344\/404
|move|p1a: Behemoth|Ice Beam|p2a: Mew
|-damage|p2a: Mew|252\/404
|
|-heal|p2a: Mew|277\/404|[from] item: Leftovers
|turn|7
|
|move|p2a: Mew|Will-O-Wisp|p1a: Behemoth|[miss]
|-miss|p2a: Mew|p1a: Behemoth
|move|p1a: Behemoth|Fire Blast|p2a: Mew
|-damage|p2a: Mew|164\/404
|
|-heal|p2a: Mew|189\/404|[from] item: Leftovers
|-sideend|p2: SlurpuffIzFood|Reflect
|turn|8
|
|move|p2a: Mew|Will-O-Wisp|p1a: Behemoth
|-status|p1a: Behemoth|brn
|move|p1a: Behemoth|Crunch|p2a: Mew
|-supereffective|p2a: Mew
|-damage|p2a: Mew|79\/404
|
|-heal|p2a: Mew|104\/404|[from] item: Leftovers
|-damage|p1a: Behemoth|151\/341 brn|[from] brn
|turn|9
|
|move|p2a: Mew|Roost|p2a: Mew
|-heal|p2a: Mew|306\/404
|move|p1a: Behemoth|Fire Blast|p2a: Mew
|-crit|p2a: Mew
|-damage|p2a: Mew|146\/404
|
|-heal|p2a: Mew|171\/404|[from] item: Leftovers
|-damage|p1a: Behemoth|109\/341 brn|[from] brn
|turn|10
|
|move|p2a: Mew|Roost|p2a: Mew
|-heal|p2a: Mew|373\/404
|move|p1a: Behemoth|Fire Blast|p2a: Mew
|-crit|p2a: Mew
|-damage|p2a: Mew|196\/404
|
|-heal|p2a: Mew|221\/404|[from] item: Leftovers
|-damage|p1a: Behemoth|67\/341 brn|[from] brn
|turn|11
|
|move|p2a: Mew|Defog|p1a: Behemoth
|-unboost|p1a: Behemoth|evasion|1
|-sideend|p1: pepperonipizza|Stealth Rock|[from] move: Defog|[of] p1a: Behemoth
|-sideend|p2: SlurpuffIzFood|Stealth Rock|[from] move: Defog|[of] p2a: Mew
|move|p1a: Behemoth|Crunch|p2a: Mew
|-supereffective|p2a: Mew
|-damage|p2a: Mew|111\/404
|
|-heal|p2a: Mew|136\/404|[from] item: Leftovers
|-damage|p1a: Behemoth|25\/341 brn|[from] brn
|turn|12
|
|move|p2a: Mew|Stealth Rock|p1a: Behemoth
|-sidestart|p1: pepperonipizza|move: Stealth Rock
|move|p1a: Behemoth|Stealth Rock|p2a: Mew
|-sidestart|p2: SlurpuffIzFood|move: Stealth Rock
|
|-heal|p2a: Mew|161\/404|[from] item: Leftovers
|-damage|p1a: Behemoth|0 fnt|[from] brn
|faint|p1a: Behemoth
|
|switch|p1a: Grenigger|Greninja, M, shiny|286\/286
|-damage|p1a: Grenigger|251\/286|[from] Stealth Rock
|turn|13
|
|switch|p2a: Keldeo|Keldeo|323\/323
|-damage|p2a: Keldeo|303\/323|[from] Stealth Rock
|move|p1a: Grenigger|Gunk Shot|p2a: Keldeo
|-start|p1a: Grenigger|typechange|Poison|[from] Protean
|-damage|p2a: Keldeo|118\/323
|-damage|p1a: Grenigger|223\/286|[from] item: Life Orb
|
|turn|14
|
|move|p2a: Keldeo|Hydro Pump|p1a: Grenigger
|-damage|p1a: Grenigger|0 fnt
|faint|p1a: Grenigger
|
|
|switch|p1a: New-Meta|Metagross|302\/302
|-damage|p1a: New-Meta|284\/302|[from] Stealth Rock
|turn|15
|
|detailschange|p1a: New-Meta|Metagross-Mega
|message|Metagross has Mega Evolved into Mega Metagross!
|move|p2a: Keldeo|Hydro Pump|p1a: New-Meta
|-damage|p1a: New-Meta|100\/302
|move|p1a: New-Meta|Zen Headbutt|p2a: Keldeo
|-supereffective|p2a: Keldeo
|-damage|p2a: Keldeo|0 fnt
|faint|p2a: Keldeo
|
|
|switch|p2a: Sableye|Sableye, F|304\/304
|-damage|p2a: Sableye|266\/304|[from] Stealth Rock
|turn|16
|
|switch|p1a: The Bravest|Talonflame, F|298\/298
|-damage|p1a: The Bravest|149\/298|[from] Stealth Rock
|detailschange|p2a: Sableye|Sableye-Mega, F
|message|Sableye has Mega Evolved into Mega Sableye!
|move|p2a: Sableye|Shadow Claw|p1a: The Bravest
|-crit|p1a: The Bravest
|-damage|p1a: The Bravest|0 fnt
|faint|p1a: The Bravest
|
|
|switch|p1a: Holy M.|Excadrill, F|362\/362
|-damage|p1a: Holy M.|351\/362|[from] Stealth Rock
|-ability|p1a: Holy M.|Mold Breaker
|turn|17
|
|switch|p2a: Mew|Mew|161\/404
|-damage|p2a: Mew|111\/404|[from] Stealth Rock
|move|p1a: Holy M.|Rapid Spin|p2a: Mew
|-damage|p2a: Mew|84\/404
|-sideend|p1: pepperonipizza|Stealth Rock|[from] move: Rapid Spin|[of] p1a: Holy M.
|-damage|p1a: Holy M.|315\/362|[from] item: Life Orb
|
|-heal|p2a: Mew|109\/404|[from] item: Leftovers
|turn|18
|
|move|p1a: Holy M.|Earthquake|p2a: Mew
|-damage|p2a: Mew|0 fnt
|-damage|p1a: Holy M.|279\/362|[from] item: Life Orb
|faint|p2a: Mew
|
|
|switch|p2a: Kyurem-Black|Kyurem-Black|218\/391
|-damage|p2a: Kyurem-Black|121\/391|[from] Stealth Rock
|-ability|p2a: Kyurem-Black|Teravolt
|turn|19
|
|move|p2a: Kyurem-Black|Ice Beam|p1a: Holy M.
|-damage|p1a: Holy M.|0 fnt
|-damage|p2a: Kyurem-Black|82\/391|[from] item: Life Orb
|faint|p1a: Holy M.
|
|
|switch|p1a: New-Meta|Metagross-Mega|100\/302
|turn|20
|
|move|p1a: New-Meta|Meteor Mash|p2a: Kyurem-Black
|-supereffective|p2a: Kyurem-Black
|-damage|p2a: Kyurem-Black|0 fnt
|faint|p2a: Kyurem-Black
|
|
|switch|p2a: Sableye|Sableye-Mega, F|266\/304
|-damage|p2a: Sableye|228\/304|[from] Stealth Rock
|turn|21
|
|switch|p1a: Nitenite|Dragonite, F, shiny|323\/323
|move|p2a: Sableye|Shadow Claw|p1a: Nitenite
|-damage|p1a: Nitenite|276\/323
|
|turn|22
|
|switch|p2a: Ifightformyfrens|Mamoswine, F|361\/361
|-damage|p2a: Ifightformyfrens|316\/361|[from] Stealth Rock
|move|p1a: Nitenite|Earthquake|p2a: Ifightformyfrens
|-damage|p2a: Ifightformyfrens|73\/361
|
|turn|23
|
|switch|p1a: New-Meta|Metagross-Mega|100\/302
|move|p2a: Ifightformyfrens|Icicle Crash|p1a: New-Meta
|-resisted|p1a: New-Meta
|-damage|p1a: New-Meta|27\/302
|-damage|p2a: Ifightformyfrens|37\/361|[from] item: Life Orb
|
|turn|24
|
|move|p1a: New-Meta|Bullet Punch|p2a: Ifightformyfrens
|-supereffective|p2a: Ifightformyfrens
|-damage|p2a: Ifightformyfrens|0 fnt
|faint|p2a: Ifightformyfrens
|
|
|switch|p2a: Sableye|Sableye-Mega, F|228\/304
|-damage|p2a: Sableye|190\/304|[from] Stealth Rock
|turn|25
|
|move|p1a: New-Meta|Meteor Mash|p2a: Sableye
|-damage|p2a: Sableye|18\/304
|move|p2a: Sableye|Recover|p2a: Sableye
|-heal|p2a: Sableye|170\/304
|
|turn|26
|
|move|p2a: Sableye|Sucker Punch|p1a: New-Meta
|-supereffective|p1a: New-Meta
|-damage|p1a: New-Meta|0 fnt
|faint|p1a: New-Meta
|
|
|switch|p1a: Nitenite|Dragonite, F, shiny|276\/323
|turn|27
|
|move|p1a: Nitenite|Earthquake|p2a: Sableye
|-damage|p2a: Sableye|20\/304
|move|p2a: Sableye|Recover|p2a: Sableye
|-heal|p2a: Sableye|172\/304
|
|turn|28
|
|move|p1a: Nitenite|Earthquake|p2a: Sableye
|-damage|p2a: Sableye|29\/304
|move|p2a: Sableye|Recover|p2a: Sableye
|-heal|p2a: Sableye|181\/304
|
|turn|29
|
|move|p1a: Nitenite|Earthquake|p2a: Sableye
|-damage|p2a: Sableye|23\/304
|move|p2a: Sableye|Recover|p2a: Sableye
|-heal|p2a: Sableye|175\/304
|
|turn|30
|
|move|p1a: Nitenite|Earthquake|p2a: Sableye
|-damage|p2a: Sableye|14\/304
|move|p2a: Sableye|Recover|p2a: Sableye
|-heal|p2a: Sableye|166\/304
|
|turn|31
|
|move|p1a: Nitenite|Earthquake|p2a: Sableye
|-damage|p2a: Sableye|5\/304
|move|p2a: Sableye|Shadow Claw|p1a: Nitenite
|-damage|p1a: Nitenite|177\/323
|
|turn|32
|
|move|p2a: Sableye|Sucker Punch|p1a: Nitenite
|-damage|p1a: Nitenite|59\/323
|move|p1a: Nitenite|Earthquake|p2a: Sableye
|-damage|p2a: Sableye|0 fnt
|faint|p2a: Sableye
|
|
|switch|p2a: Klefki|Klefki, F|92\/317
|-damage|p2a: Klefki|73\/317|[from] Stealth Rock
|turn|33
|
|move|p2a: Klefki|Thunder Wave|p1a: Nitenite
|-status|p1a: Nitenite|par
|cant|p1a: Nitenite|par
|
|-heal|p2a: Klefki|92\/317|[from] item: Leftovers
|turn|34
|c|âpepperonipizza|damn hax...
|
|move|p2a: Klefki|Play Rough|p1a: Nitenite
|-supereffective|p1a: Nitenite
|-damage|p1a: Nitenite|0 fnt
|faint|p1a: Nitenite
|
|win|SlurpuffIzFood
|raw|Ladder updating...
|raw|pepperonipizza's rating: 1375 &rarr; <strong>1358<\/strong><br \/>(-17 for losing)
|raw|SlurpuffIzFood's rating: 1435 &rarr; <strong>1451<\/strong><br \/>(+16 for winning)