|join|SlurpuffIzFood
|join|Ahlex
|player|p1|SlurpuffIzFood|172
|player|p2|Ahlex|39
|gametype|singles
|gen|6
|tier|ORAS OU
|rated
|rule|Sleep Clause Mod: Limit one foe put to sleep
|rule|Species Clause: Limit one of each PokÃ©mon
|rule|OHKO Clause: OHKO moves are banned
|rule|Moody Clause: Moody is banned
|rule|Evasion Moves Clause: Evasion moves are banned
|rule|Endless Battle Clause: Forcing endless battles is banned
|rule|HP Percentage Mod: HP is shown in percentages
|clearpoke
|poke|p1|Sceptile, F
|poke|p1|Azumarill, F
|poke|p1|Heatran, F
|poke|p1|Mamoswine, F
|poke|p1|Mandibuzz, F
|poke|p1|Conkeldurr, M
|poke|p2|Politoed, F
|poke|p2|Clefable, M, shiny
|poke|p2|Tornadus-Therian, M
|poke|p2|Swampert, M
|poke|p2|Kingdra, F
|poke|p2|Thundurus, M
|rule|Swagger Clause: Swagger is banned
|rule|Baton Pass Clause: Limit one PokÃ©mon knowing Baton Pass
|teampreview
|
|start
|switch|p1a: Worst-Mega|Sceptile, F|281\/281
|switch|p2a: Tornadus-Therian|Tornadus-Therian, M|299\/299
|turn|1
|
|switch|p1a: Standard|Heatran, F|385\/385
|move|p2a: Tornadus-Therian|U-turn|p1a: Standard
|-resisted|p1a: Standard
|-damage|p1a: Standard|367\/385
|-damage|p2a: Tornadus-Therian|270\/299|[from] item: Life Orb
|
|switch|p2a: Politoed|Politoed, F|384\/384
|-weather|RainDance
|
|-weather|RainDance|[upkeep]
|-heal|p1a: Standard|385\/385|[from] item: Leftovers
|turn|2
|
|switch|p1a: Worst-Mega|Sceptile, F|281\/281
|switch|p2a: Swampert|Swampert, M|341\/341
|
|-weather|RainDance|[upkeep]
|turn|3
|
|switch|p2a: Tornadus-Therian|Tornadus-Therian, M|299\/299
|detailschange|p1a: Worst-Mega|Sceptile-Mega, F
|message|Sceptile has Mega Evolved into Mega Sceptile!
|move|p1a: Worst-Mega|Giga Drain|p2a: Tornadus-Therian
|-resisted|p2a: Tornadus-Therian
|-damage|p2a: Tornadus-Therian|221\/299
|
|-weather|RainDance|[upkeep]
|turn|4
|
|move|p1a: Worst-Mega|Substitute|p1a: Worst-Mega
|-start|p1a: Worst-Mega|Substitute
|-damage|p1a: Worst-Mega|211\/281
|move|p2a: Tornadus-Therian|Focus Blast|p1a: Worst-Mega
|-end|p1a: Worst-Mega|Substitute
|-damage|p2a: Tornadus-Therian|192\/299|[from] item: Life Orb
|
|-weather|RainDance|[upkeep]
|turn|5
|
|move|p1a: Worst-Mega|Substitute|p1a: Worst-Mega
|-start|p1a: Worst-Mega|Substitute
|-damage|p1a: Worst-Mega|141\/281
|move|p2a: Tornadus-Therian|Hurricane|p1a: Worst-Mega
|-supereffective|p1a: Worst-Mega
|-end|p1a: Worst-Mega|Substitute
|-damage|p2a: Tornadus-Therian|163\/299|[from] item: Life Orb
|
|-weather|RainDance|[upkeep]
|turn|6
|
|move|p1a: Worst-Mega|Dragon Pulse|p2a: Tornadus-Therian
|-damage|p2a: Tornadus-Therian|0 fnt
|faint|p2a: Tornadus-Therian
|
|-weather|RainDance|[upkeep]
|
|switch|p2a: Clefable|Clefable, M, shiny|394\/394
|turn|7
|
|switch|p1a: Frenship Bunny!|Azumarill, F|362\/362
|switch|p2a: Swampert|Swampert, M|341\/341
|
|-weather|RainDance|[upkeep]
|turn|8
|
|detailschange|p2a: Swampert|Swampert-Mega, M
|message|Swampert has Mega Evolved into Mega Swampert!
|move|p2a: Swampert|Earthquake|p1a: Frenship Bunny!
|-damage|p1a: Frenship Bunny!|119\/362
|move|p1a: Frenship Bunny!|Waterfall|p2a: Swampert
|-damage|p2a: Swampert|0 fnt
|faint|p2a: Swampert
|
|-weather|none
|
|switch|p2a: Thundurus|Thundurus, M|300\/300
|turn|9
|
|switch|p2a: Politoed|Politoed, F|384\/384
|-weather|RainDance
|switch|p1a: Standard|Heatran, F|385\/385
|
|-weather|RainDance|[upkeep]
|turn|10
|
|switch|p2a: Kingdra|Kingdra, F|291\/291
|move|p1a: Standard|Stealth Rock|p2a: Kingdra
|-sidestart|p2: Ahlex|move: Stealth Rock
|
|-weather|RainDance|[upkeep]
|turn|11
|
|move|p1a: Standard|Protect|p1a: Standard
|-singleturn|p1a: Standard|Protect
|move|p2a: Kingdra|Surf|p1a: Standard
|-activate|p1a: Standard|Protect
|
|-weather|RainDance|[upkeep]
|turn|12
|
|move|p2a: Kingdra|Surf|p1a: Standard
|-supereffective|p1a: Standard
|-damage|p1a: Standard|0 fnt
|faint|p1a: Standard
|
|-weather|RainDance|[upkeep]
|
|switch|p1a: Worst-Mega|Sceptile-Mega, F|141\/281
|turn|13
|
|switch|p2a: Clefable|Clefable, M, shiny|394\/394
|move|p1a: Worst-Mega|Giga Drain|p2a: Clefable
|-damage|p2a: Clefable|232\/394
|-heal|p1a: Worst-Mega|222\/281|[from] drain|[of] p2a: Clefable
|
|-weather|RainDance|[upkeep]
|-heal|p2a: Clefable|256\/394|[from] item: Leftovers
|turn|14
|
|move|p1a: Worst-Mega|Giga Drain|p2a: Clefable
|-damage|p2a: Clefable|103\/394
|-heal|p1a: Worst-Mega|281\/281|[from] drain|[of] p2a: Clefable
|move|p2a: Clefable|Calm Mind|p2a: Clefable
|-boost|p2a: Clefable|spa|1
|-boost|p2a: Clefable|spd|1
|
|-weather|RainDance|[upkeep]
|-heal|p2a: Clefable|127\/394|[from] item: Leftovers
|turn|15
|
|move|p1a: Worst-Mega|Giga Drain|p2a: Clefable
|-damage|p2a: Clefable|18\/394
|move|p2a: Clefable|Soft-Boiled|p2a: Clefable
|-heal|p2a: Clefable|215\/394
|
|-weather|RainDance|[upkeep]
|-heal|p2a: Clefable|239\/394|[from] item: Leftovers
|turn|16
|
|switch|p1a: Frenship Bunny!|Azumarill, F|119\/362
|move|p2a: Clefable|Soft-Boiled|p2a: Clefable
|-heal|p2a: Clefable|394\/394
|
|-weather|none
|turn|17
|
|move|p1a: Frenship Bunny!|Waterfall|p2a: Clefable
|-damage|p2a: Clefable|153\/394
|move|p2a: Clefable|Moonblast|p1a: Frenship Bunny!
|-damage|p1a: Frenship Bunny!|0 fnt
|faint|p1a: Frenship Bunny!
|
|-heal|p2a: Clefable|177\/394|[from] item: Leftovers
|
|switch|p1a: Ifightformyfrens|Mamoswine, F|361\/361
|turn|18
|
|move|p1a: Ifightformyfrens|Earthquake|p2a: Clefable
|-damage|p2a: Clefable|0 fnt
|-damage|p1a: Ifightformyfrens|325\/361|[from] item: Life Orb
|faint|p2a: Clefable
|
|
|switch|p2a: Politoed|Politoed, F|384\/384
|-damage|p2a: Politoed|336\/384|[from] Stealth Rock
|-weather|RainDance
|turn|19
|
|switch|p1a: Mandibuzz|Mandibuzz, F|423\/423
|move|p2a: Politoed|Hydro Pump|p1a: Mandibuzz|[miss]
|-miss|p2a: Politoed|p1a: Mandibuzz
|
|-weather|RainDance|[upkeep]
|turn|20
|
|move|p1a: Mandibuzz|Foul Play|p2a: Politoed
|-damage|p2a: Politoed|240\/384
|move|p2a: Politoed|Encore|p1a: Mandibuzz
|-start|p1a: Mandibuzz|Encore
|
|-weather|RainDance|[upkeep]
|turn|21
|
|move|p1a: Mandibuzz|Foul Play|p2a: Politoed
|-damage|p2a: Politoed|134\/384
|move|p2a: Politoed|Hydro Pump|p1a: Mandibuzz|[miss]
|-miss|p2a: Politoed|p1a: Mandibuzz
|
|-weather|RainDance|[upkeep]
|turn|22
|
|move|p1a: Mandibuzz|Foul Play|p2a: Politoed
|-damage|p2a: Politoed|41\/384
|move|p2a: Politoed|Hydro Pump|p1a: Mandibuzz
|-damage|p1a: Mandibuzz|242\/423
|
|-weather|RainDance|[upkeep]
|-heal|p1a: Mandibuzz|268\/423|[from] item: Leftovers
|turn|23
|
|move|p1a: Mandibuzz|Foul Play|p2a: Politoed
|-crit|p2a: Politoed
|-damage|p2a: Politoed|0 fnt
|faint|p2a: Politoed
|
|-weather|RainDance|[upkeep]
|-heal|p1a: Mandibuzz|294\/423|[from] item: Leftovers
|-end|p1a: Mandibuzz|Encore
|
|switch|p2a: Thundurus|Thundurus, M|300\/300
|-damage|p2a: Thundurus|225\/300|[from] Stealth Rock
|turn|24
|
|move|p2a: Thundurus|Hidden Power|p1a: Mandibuzz
|-supereffective|p1a: Mandibuzz
|-damage|p1a: Mandibuzz|96\/423
|-damage|p2a: Thundurus|195\/300|[from] item: Life Orb
|move|p1a: Mandibuzz|Roost|p1a: Mandibuzz
|-heal|p1a: Mandibuzz|308\/423
|
|-weather|RainDance|[upkeep]
|-heal|p1a: Mandibuzz|334\/423|[from] item: Leftovers
|turn|25
|
|switch|p1a: Ifightformyfrens|Mamoswine, F|325\/361
|move|p2a: Thundurus|Thunderbolt|p1a: Ifightformyfrens
|-immune|p1a: Ifightformyfrens|[msg]
|
|-weather|RainDance|[upkeep]
|turn|26
|
|move|p1a: Ifightformyfrens|Ice Shard|p2a: Thundurus
|-supereffective|p2a: Thundurus
|-damage|p2a: Thundurus|0 fnt
|-damage|p1a: Ifightformyfrens|289\/361|[from] item: Life Orb
|faint|p2a: Thundurus
|
|-weather|none
|
|switch|p2a: Kingdra|Kingdra, F|291\/291
|-damage|p2a: Kingdra|255\/291|[from] Stealth Rock
|turn|27
|
|move|p1a: Ifightformyfrens|Ice Shard|p2a: Kingdra
|-damage|p2a: Kingdra|150\/291
|-damage|p1a: Ifightformyfrens|253\/361|[from] item: Life Orb
|move|p2a: Kingdra|Dragon Pulse|p1a: Ifightformyfrens
|-damage|p1a: Ifightformyfrens|0 fnt
|faint|p1a: Ifightformyfrens
|
|
|switch|p1a: Worst-Mega|Sceptile-Mega, F|281\/281
|turn|28
|
|move|p1a: Worst-Mega|Dragon Pulse|p2a: Kingdra
|-crit|p2a: Kingdra
|-supereffective|p2a: Kingdra
|-damage|p2a: Kingdra|0 fnt
|faint|p2a: Kingdra
|
|win|SlurpuffIzFood
|raw|Ladder updating...
|raw|SlurpuffIzFood's rating: 1411 &rarr; <strong>1428<\/strong><br \/>(+17 for winning)
|raw|Ahlex's rating: 1367 &rarr; <strong>1350<\/strong><br \/>(-17 for losing)
|leave|Ahlex
|player|p2