|join|SlurpuffIzFood
|join|Void123
|player|p1|SlurpuffIzFood|172
|player|p2|Void123|214
|gametype|singles
|gen|6
|tier|ORAS OU
|rated
|rule|Sleep Clause Mod: Limit one foe put to sleep
|rule|Species Clause: Limit one of each PokÃ©mon
|rule|OHKO Clause: OHKO moves are banned
|rule|Moody Clause: Moody is banned
|rule|Evasion Moves Clause: Evasion moves are banned
|rule|Endless Battle Clause: Forcing endless battles is banned
|rule|HP Percentage Mod: HP is shown in percentages
|clearpoke
|poke|p1|Sceptile, F
|poke|p1|Azumarill, F
|poke|p1|Heatran, F
|poke|p1|Mamoswine, M
|poke|p1|Mandibuzz, F
|poke|p1|Conkeldurr, M
|poke|p2|Salamence, F
|poke|p2|Rotom-Wash
|poke|p2|Heatran, M
|poke|p2|Excadrill, M
|poke|p2|Azumarill, M
|poke|p2|Shaymin
|rule|Swagger Clause: Swagger is banned
|rule|Baton Pass Clause: Limit one PokÃ©mon knowing Baton Pass
|teampreview
|
|start
|switch|p1a: Worst-Mega|Sceptile, F|281\/281
|switch|p2a: Azumarill|Azumarill, M|374\/374
|turn|1
|
|switch|p2a: Shaymin|Shaymin|341\/341
|detailschange|p1a: Worst-Mega|Sceptile-Mega, F
|message|Sceptile has Mega Evolved into Mega Sceptile!
|move|p1a: Worst-Mega|Substitute|p1a: Worst-Mega
|-start|p1a: Worst-Mega|Substitute
|-damage|p1a: Worst-Mega|211\/281
|
|turn|2
|
|move|p1a: Worst-Mega|Dragon Pulse|p2a: Shaymin
|-damage|p2a: Shaymin|176\/341
|move|p2a: Shaymin|Dazzling Gleam|p1a: Worst-Mega
|-supereffective|p1a: Worst-Mega
|-end|p1a: Worst-Mega|Substitute
|-damage|p2a: Shaymin|142\/341|[from] item: Life Orb
|
|turn|3
|
|switch|p2a: Excadrill|Excadrill, M|361\/361
|-ability|p2a: Excadrill|Mold Breaker
|move|p1a: Worst-Mega|Substitute|p1a: Worst-Mega
|-start|p1a: Worst-Mega|Substitute
|-damage|p1a: Worst-Mega|141\/281
|
|turn|4
|
|move|p1a: Worst-Mega|Giga Drain|p2a: Excadrill
|-damage|p2a: Excadrill|141\/361
|-heal|p1a: Worst-Mega|251\/281|[from] drain|[of] p2a: Excadrill
|move|p2a: Excadrill|Iron Head|p1a: Worst-Mega
|-end|p1a: Worst-Mega|Substitute
|
|turn|5
|
|switch|p2a: Heatran|Heatran, M|337\/337
|-item|p2a: Heatran|Air Balloon
|move|p1a: Worst-Mega|Giga Drain|p2a: Heatran
|-resisted|p2a: Heatran
|-damage|p2a: Heatran|305\/337
|-heal|p1a: Worst-Mega|267\/281|[from] drain|[of] p2a: Heatran
|-enditem|p2a: Heatran|Air Balloon
|
|turn|6
|
|move|p1a: Worst-Mega|Leech Seed|p2a: Heatran
|-start|p2a: Heatran|move: Leech Seed
|move|p2a: Heatran|Stealth Rock|p1a: Worst-Mega
|-sidestart|p1: SlurpuffIzFood|move: Stealth Rock
|
|-damage|p2a: Heatran|263\/337|[from] Leech Seed|[of] p1a: Worst-Mega
|-heal|p1a: Worst-Mega|281\/281|[silent]
|turn|7
|
|move|p1a: Worst-Mega|Substitute|p1a: Worst-Mega
|-start|p1a: Worst-Mega|Substitute
|-damage|p1a: Worst-Mega|211\/281
|move|p2a: Heatran|Hidden Power|p1a: Worst-Mega
|-supereffective|p1a: Worst-Mega
|-end|p1a: Worst-Mega|Substitute
|
|-damage|p2a: Heatran|221\/337|[from] Leech Seed|[of] p1a: Worst-Mega
|-heal|p1a: Worst-Mega|253\/281|[silent]
|turn|8
|
|move|p1a: Worst-Mega|Substitute|p1a: Worst-Mega
|-start|p1a: Worst-Mega|Substitute
|-damage|p1a: Worst-Mega|183\/281
|move|p2a: Heatran|Hidden Power|p1a: Worst-Mega
|-crit|p1a: Worst-Mega
|-supereffective|p1a: Worst-Mega
|-end|p1a: Worst-Mega|Substitute
|
|-damage|p2a: Heatran|179\/337|[from] Leech Seed|[of] p1a: Worst-Mega
|-heal|p1a: Worst-Mega|225\/281|[silent]
|turn|9
|
|switch|p1a: Frenship Bunny!|Azumarill, F|362\/362
|-damage|p1a: Frenship Bunny!|317\/362|[from] Stealth Rock
|move|p2a: Heatran|Hidden Power|p1a: Frenship Bunny!
|-resisted|p1a: Frenship Bunny!
|-damage|p1a: Frenship Bunny!|271\/362
|
|-damage|p2a: Heatran|137\/337|[from] Leech Seed|[of] p1a: Frenship Bunny!
|-heal|p1a: Frenship Bunny!|313\/362|[silent]
|turn|10
|
|move|p2a: Heatran|Fire Blast|p1a: Frenship Bunny!
|-resisted|p1a: Frenship Bunny!
|-damage|p1a: Frenship Bunny!|190\/362
|move|p1a: Frenship Bunny!|Play Rough|p2a: Heatran
|-resisted|p2a: Heatran
|-damage|p2a: Heatran|71\/337
|
|-damage|p2a: Heatran|29\/337|[from] Leech Seed|[of] p1a: Frenship Bunny!
|-heal|p1a: Frenship Bunny!|232\/362|[silent]
|turn|11
|
|move|p2a: Heatran|Fire Blast|p1a: Frenship Bunny!
|-resisted|p1a: Frenship Bunny!
|-damage|p1a: Frenship Bunny!|120\/362
|move|p1a: Frenship Bunny!|Play Rough|p2a: Heatran
|-resisted|p2a: Heatran
|-damage|p2a: Heatran|0 fnt
|faint|p2a: Heatran
|
|
|switch|p2a: Shaymin|Shaymin|142\/341
|turn|12
|join|napty
|
|switch|p1a: Worst-Mega|Sceptile-Mega, F|225\/281
|-damage|p1a: Worst-Mega|190\/281|[from] Stealth Rock
|move|p2a: Shaymin|Seed Flare|p1a: Worst-Mega
|-resisted|p1a: Worst-Mega
|-damage|p1a: Worst-Mega|116\/281
|-unboost|p1a: Worst-Mega|spd|2
|-damage|p2a: Shaymin|108\/341|[from] item: Life Orb
|
|turn|13
|
|switch|p2a: Azumarill|Azumarill, M|374\/374
|move|p1a: Worst-Mega|Dragon Pulse|p2a: Azumarill
|-immune|p2a: Azumarill|[msg]
|
|turn|14
|
|switch|p1a: Mandibuzz|Mandibuzz, F|423\/423
|-damage|p1a: Mandibuzz|318\/423|[from] Stealth Rock
|switch|p2a: Shaymin|Shaymin|108\/341
|
|-heal|p1a: Mandibuzz|344\/423|[from] item: Leftovers
|turn|15
|
|move|p2a: Shaymin|Dazzling Gleam|p1a: Mandibuzz
|-supereffective|p1a: Mandibuzz
|-damage|p1a: Mandibuzz|89\/423
|-damage|p2a: Shaymin|74\/341|[from] item: Life Orb
|move|p1a: Mandibuzz|Defog|p2a: Shaymin
|-unboost|p2a: Shaymin|evasion|1
|-sideend|p1: SlurpuffIzFood|Stealth Rock|[from] move: Defog|[of] p1a: Mandibuzz
|
|-heal|p1a: Mandibuzz|115\/423|[from] item: Leftovers
|turn|16
|
|move|p2a: Shaymin|Dazzling Gleam|p1a: Mandibuzz
|-supereffective|p1a: Mandibuzz
|-damage|p1a: Mandibuzz|0 fnt
|-damage|p2a: Shaymin|40\/341|[from] item: Life Orb
|faint|p1a: Mandibuzz
|
|
|switch|p1a: Worst-Mega|Sceptile-Mega, F|116\/281
|turn|17
|
|move|p1a: Worst-Mega|Giga Drain|p2a: Shaymin
|-resisted|p2a: Shaymin
|-damage|p2a: Shaymin|0 fnt
|-heal|p1a: Worst-Mega|136\/281|[from] drain|[of] p2a: Shaymin
|faint|p2a: Shaymin
|
|
|switch|p2a: Many Happy Returns|Salamence, F|361\/361
|-ability|p2a: Many Happy Returns|Intimidate|[of] p1a: Worst-Mega
|-unboost|p1a: Worst-Mega|atk|1
|turn|18
|
|detailschange|p2a: Many Happy Returns|Salamence-Mega, F
|message|Salamence has Mega Evolved into Mega Salamence!
|move|p1a: Worst-Mega|Dragon Pulse|p2a: Many Happy Returns
|-crit|p2a: Many Happy Returns
|-supereffective|p2a: Many Happy Returns
|-damage|p2a: Many Happy Returns|0 fnt
|faint|p2a: Many Happy Returns
|
|
|switch|p2a: Rotom-Wash|Rotom-Wash|303\/303
|turn|19
|
|move|p1a: Worst-Mega|Giga Drain|p2a: Rotom-Wash
|-supereffective|p2a: Rotom-Wash
|-damage|p2a: Rotom-Wash|21\/303
|-heal|p1a: Worst-Mega|277\/281|[from] drain|[of] p2a: Rotom-Wash
|move|p2a: Rotom-Wash|Hidden Power|p1a: Worst-Mega
|-supereffective|p1a: Worst-Mega
|-damage|p1a: Worst-Mega|49\/281
|
|-heal|p2a: Rotom-Wash|39\/303|[from] item: Leftovers
|turn|20
|-message|Void123 forfeited.
|
|win|SlurpuffIzFood
|raw|Ladder updating...
|leave|Void123
|player|p2
|raw|SlurpuffIzFood's rating: 1428 &rarr; <strong>1452<\/strong><br \/>(+24 for winning)
|raw|Void123's rating: 1491 &rarr; <strong>1467<\/strong><br \/>(-24 for losing)