|join|SlurpuffIzFood
|join|gottacatchthemall
|player|p1|SlurpuffIzFood|172
|player|p2|gottacatchthemall|2
|gametype|singles
|gen|6
|tier|ORAS OU
|rated
|rule|Sleep Clause Mod: Limit one foe put to sleep
|rule|Species Clause: Limit one of each PokÃ©mon
|rule|OHKO Clause: OHKO moves are banned
|rule|Moody Clause: Moody is banned
|rule|Evasion Moves Clause: Evasion moves are banned
|rule|Endless Battle Clause: Forcing endless battles is banned
|rule|HP Percentage Mod: HP is shown in percentages
|clearpoke
|poke|p1|Swampert, M
|poke|p1|Politoed, F
|poke|p1|Ferrothorn, M
|poke|p1|Gothitelle, M
|poke|p1|Omastar, F
|poke|p1|Tornadus, M
|poke|p2|Metagross
|poke|p2|Latios, M
|poke|p2|Landorus-Therian, M
|poke|p2|Raikou
|poke|p2|Talonflame, M
|poke|p2|Keldeo
|rule|Swagger Clause: Swagger is banned
|rule|Baton Pass Clause: Limit one PokÃ©mon knowing Baton Pass
|teampreview
|
|start
|switch|p1a: Inb4 hpfire|Ferrothorn, M|352\/352
|switch|p2a: Raikou|Raikou|321\/321
|-ability|p2a: Raikou|Pressure
|turn|1
|
|move|p2a: Raikou|Volt Switch|p1a: Inb4 hpfire
|-resisted|p1a: Inb4 hpfire
|-damage|p1a: Inb4 hpfire|309\/352
|
|switch|p2a: Keldeo|Keldeo|323\/323
|move|p1a: Inb4 hpfire|Leech Seed|p2a: Keldeo
|-start|p2a: Keldeo|move: Leech Seed
|
|-heal|p1a: Inb4 hpfire|331\/352|[from] item: Leftovers
|-damage|p2a: Keldeo|283\/323|[from] Leech Seed|[of] p1a: Inb4 hpfire
|-heal|p1a: Inb4 hpfire|352\/352|[silent]
|turn|2
|
|move|p1a: Inb4 hpfire|Protect|p1a: Inb4 hpfire
|-singleturn|p1a: Inb4 hpfire|Protect
|move|p2a: Keldeo|Hydro Pump|p1a: Inb4 hpfire
|-activate|p1a: Inb4 hpfire|Protect
|
|-damage|p2a: Keldeo|243\/323|[from] Leech Seed|[of] p1a: Inb4 hpfire
|turn|3
|
|switch|p2a: Talonflame|Talonflame, M|327\/327
|move|p1a: Inb4 hpfire|Stealth Rock|p2a: Talonflame
|-sidestart|p2: gottacatchthemall|move: Stealth Rock
|
|turn|4
|
|move|p1a: Inb4 hpfire|Protect|p1a: Inb4 hpfire
|-singleturn|p1a: Inb4 hpfire|Protect
|move|p2a: Talonflame|Flare Blitz|p1a: Inb4 hpfire
|-activate|p1a: Inb4 hpfire|Protect
|
|turn|5
|
|move|p2a: Talonflame|Brave Bird|p1a: Inb4 hpfire
|-damage|p1a: Inb4 hpfire|217\/352
|-damage|p2a: Talonflame|287\/327|[from] ability: Iron Barbs|[of] p1a: Inb4 hpfire
|-damage|p2a: Talonflame|242\/327|[from] recoil|[of] p1a: Inb4 hpfire
|move|p1a: Inb4 hpfire|Leech Seed|p2a: Talonflame|[miss]
|-miss|p1a: Inb4 hpfire|p2a: Talonflame
|
|-heal|p1a: Inb4 hpfire|239\/352|[from] item: Leftovers
|turn|6
|
|switch|p1a: Shitfrog|Politoed, F|383\/383
|-weather|RainDance
|move|p2a: Talonflame|Brave Bird|p1a: Shitfrog
|-damage|p1a: Shitfrog|148\/383
|-damage|p2a: Talonflame|164\/327|[from] recoil|[of] p1a: Shitfrog
|
|-weather|RainDance|[upkeep]
|turn|7
|
|switch|p1a: Master?|Omastar, F|292\/292
|move|p2a: Talonflame|Brave Bird|p1a: Master?
|-resisted|p1a: Master?
|-damage|p1a: Master?|217\/292
|-damage|p2a: Talonflame|139\/327|[from] recoil|[of] p1a: Master?
|
|-weather|RainDance|[upkeep]
|turn|8
|
|switch|p2a: Raikou|Raikou|321\/321
|-damage|p2a: Raikou|281\/321|[from] Stealth Rock
|-ability|p2a: Raikou|Pressure
|move|p1a: Master?|Hydro Pump|p2a: Raikou
|-damage|p2a: Raikou|50\/321
|-damage|p1a: Master?|188\/292|[from] item: Life Orb
|
|-weather|RainDance|[upkeep]
|turn|9
|
|move|p1a: Master?|Hidden Power|p2a: Raikou
|-damage|p2a: Raikou|0 fnt
|-damage|p1a: Master?|159\/292|[from] item: Life Orb
|faint|p2a: Raikou
|
|-weather|RainDance|[upkeep]
|
|switch|p2a: Keldeo|Keldeo|243\/323
|-damage|p2a: Keldeo|223\/323|[from] Stealth Rock
|turn|10
|
|switch|p1a: Inb4 hpfire|Ferrothorn, M|239\/352
|move|p2a: Keldeo|Scald|p1a: Inb4 hpfire
|-resisted|p1a: Inb4 hpfire
|-damage|p1a: Inb4 hpfire|110\/352
|
|-weather|RainDance|[upkeep]
|-heal|p1a: Inb4 hpfire|132\/352|[from] item: Leftovers
|turn|11
|
|move|p2a: Keldeo|Scald|p1a: Inb4 hpfire
|-resisted|p1a: Inb4 hpfire
|-damage|p1a: Inb4 hpfire|17\/352
|move|p1a: Inb4 hpfire|Leech Seed|p2a: Keldeo
|-start|p2a: Keldeo|move: Leech Seed
|
|-weather|RainDance|[upkeep]
|-heal|p1a: Inb4 hpfire|39\/352|[from] item: Leftovers
|-damage|p2a: Keldeo|183\/323|[from] Leech Seed|[of] p1a: Inb4 hpfire
|-heal|p1a: Inb4 hpfire|79\/352|[silent]
|turn|12
|
|switch|p2a: Metagross|Metagross|301\/301
|-damage|p2a: Metagross|283\/301|[from] Stealth Rock
|move|p1a: Inb4 hpfire|Leech Seed|p2a: Metagross
|-start|p2a: Metagross|move: Leech Seed
|
|-weather|RainDance|[upkeep]
|-heal|p1a: Inb4 hpfire|101\/352|[from] item: Leftovers
|-damage|p2a: Metagross|246\/301|[from] Leech Seed|[of] p1a: Inb4 hpfire
|-heal|p1a: Inb4 hpfire|138\/352|[silent]
|turn|13
|
|detailschange|p2a: Metagross|Metagross-Mega
|message|Metagross has Mega Evolved into Mega Metagross!
|move|p1a: Inb4 hpfire|Protect|p1a: Inb4 hpfire
|-singleturn|p1a: Inb4 hpfire|Protect
|move|p2a: Metagross|Earthquake|p1a: Inb4 hpfire
|-activate|p1a: Inb4 hpfire|Protect
|
|-weather|none
|-heal|p1a: Inb4 hpfire|160\/352|[from] item: Leftovers
|-damage|p2a: Metagross|209\/301|[from] Leech Seed|[of] p1a: Inb4 hpfire
|-heal|p1a: Inb4 hpfire|197\/352|[silent]
|turn|14
|
|switch|p1a: Tornadus|Tornadus, M|299\/299
|move|p2a: Metagross|Earthquake|p1a: Tornadus
|-immune|p1a: Tornadus|[msg]
|
|-damage|p2a: Metagross|172\/301|[from] Leech Seed|[of] p1a: Tornadus
|turn|15
|
|move|p1a: Tornadus|Focus Blast|p2a: Metagross
|-damage|p2a: Metagross|10\/301
|-damage|p1a: Tornadus|270\/299|[from] item: Life Orb
|move|p2a: Metagross|Meteor Mash|p1a: Tornadus|[miss]
|-miss|p2a: Metagross|p1a: Tornadus
|
|-damage|p2a: Metagross|0 fnt|[from] Leech Seed|[of] p1a: Tornadus
|-heal|p1a: Tornadus|280\/299|[silent]
|faint|p2a: Metagross
|c|âSlurpuffIzFood|sry
|c|âSlurpuffIzFood|:[
|
|switch|p2a: Latios|Latios, M|301\/301
|-damage|p2a: Latios|264\/301|[from] Stealth Rock
|turn|16
|c|âgottacatchthemall|its fine
|
|move|p1a: Tornadus|U-turn|p2a: Latios
|-supereffective|p2a: Latios
|-damage|p2a: Latios|72\/301
|-damage|p1a: Tornadus|251\/299|[from] item: Life Orb
|
|switch|p1a: Inb4 hpfire|Ferrothorn, M|197\/352
|move|p2a: Latios|Defog|p1a: Inb4 hpfire
|-unboost|p1a: Inb4 hpfire|evasion|1
|-sideend|p2: gottacatchthemall|Stealth Rock|[from] move: Defog|[of] p2a: Latios
|
|-heal|p1a: Inb4 hpfire|219\/352|[from] item: Leftovers
|turn|17
|c|âgottacatchthemall|lol forgot to change to hpfire on latios
|
|switch|p2a: Talonflame|Talonflame, M|139\/327
|move|p1a: Inb4 hpfire|Leech Seed|p2a: Talonflame
|-start|p2a: Talonflame|move: Leech Seed
|
|-heal|p1a: Inb4 hpfire|241\/352|[from] item: Leftovers
|-damage|p2a: Talonflame|99\/327|[from] Leech Seed|[of] p1a: Inb4 hpfire
|-heal|p1a: Inb4 hpfire|281\/352|[silent]
|turn|18
|c|âSlurpuffIzFood|:\/
|
|switch|p1a: Sorry ;.;|Gothitelle, M|281\/281
|move|p2a: Talonflame|Roost|p2a: Talonflame
|-heal|p2a: Talonflame|263\/327
|
|-damage|p2a: Talonflame|223\/327|[from] Leech Seed|[of] p1a: Sorry ;.;
|turn|19
|
|move|p2a: Talonflame|Brave Bird|p1a: Sorry ;.;
|-damage|p1a: Sorry ;.;|79\/281
|-damage|p2a: Talonflame|156\/327|[from] recoil|[of] p1a: Sorry ;.;
|move|p1a: Sorry ;.;|Thunderbolt|p2a: Talonflame
|-supereffective|p2a: Talonflame
|-damage|p2a: Talonflame|0 fnt
|faint|p2a: Talonflame
|
|
|switch|p2a: Landorus-Therian|Landorus-Therian, M|371\/371
|-ability|p2a: Landorus-Therian|Intimidate|[of] p1a: Sorry ;.;
|-unboost|p1a: Sorry ;.;|atk|1
|turn|20
|c|âSlurpuffIzFood|O.o only 48%
|c|âSlurpuffIzFood|spdef talonflame?
|
|move|p1a: Sorry ;.;|Thunderbolt|p2a: Landorus-Therian
|-immune|p2a: Landorus-Therian|[msg]
|move|p2a: Landorus-Therian|U-turn|p1a: Sorry ;.;
|-supereffective|p1a: Sorry ;.;
|-damage|p1a: Sorry ;.;|0 fnt
|faint|p1a: Sorry ;.;
|c|âgottacatchthemall|wait what
|c|âgottacatchthemall|it died
|c|âgottacatchthemall|so it would only lose whatit had
|
|switch|p2a: Keldeo|Keldeo|183\/323
|
|c|âSlurpuffIzFood|oh ya
|c|âSlurpuffIzFood|i always skip turns
|c|âSlurpuffIzFood|so i dont see the animations
|
|switch|p1a: Tornadus|Tornadus, M|251\/299
|turn|21
|
|switch|p2a: Landorus-Therian|Landorus-Therian, M|371\/371
|-ability|p2a: Landorus-Therian|Intimidate|[of] p1a: Tornadus
|-unboost|p1a: Tornadus|atk|1
|move|p1a: Tornadus|Hurricane|p2a: Landorus-Therian
|-damage|p2a: Landorus-Therian|94\/371
|-damage|p1a: Tornadus|222\/299|[from] item: Life Orb
|
|-heal|p2a: Landorus-Therian|117\/371|[from] item: Leftovers
|turn|22
|
|switch|p1a: Shitfrog|Politoed, F|148\/383
|-weather|RainDance
|move|p2a: Landorus-Therian|Stone Edge|p1a: Shitfrog
|-damage|p1a: Shitfrog|14\/383
|
|-weather|RainDance|[upkeep]
|-heal|p2a: Landorus-Therian|140\/371|[from] item: Leftovers
|turn|23
|
|move|p2a: Landorus-Therian|Earthquake|p1a: Shitfrog
|-damage|p1a: Shitfrog|0 fnt
|faint|p1a: Shitfrog
|
|-weather|RainDance|[upkeep]
|-heal|p2a: Landorus-Therian|163\/371|[from] item: Leftovers
|
|switch|p1a: Mega-TeamPlayer|Swampert, M|366\/366
|turn|24
|
|detailschange|p1a: Mega-TeamPlayer|Swampert-Mega, M
|message|Swampert has Mega Evolved into Mega Swampert!
|move|p2a: Landorus-Therian|Earthquake|p1a: Mega-TeamPlayer
|-crit|p1a: Mega-TeamPlayer
|-damage|p1a: Mega-TeamPlayer|156\/366
|move|p1a: Mega-TeamPlayer|Waterfall|p2a: Landorus-Therian
|-supereffective|p2a: Landorus-Therian
|-damage|p2a: Landorus-Therian|0 fnt
|faint|p2a: Landorus-Therian
|
|-weather|RainDance|[upkeep]
|
|switch|p2a: Keldeo|Keldeo|183\/323
|turn|25
|
|move|p1a: Mega-TeamPlayer|Earthquake|p2a: Keldeo
|-damage|p2a: Keldeo|0 fnt
|faint|p2a: Keldeo
|
|-weather|RainDance|[upkeep]
|
|switch|p2a: Latios|Latios, M|72\/301
|turn|26
|
|move|p1a: Mega-TeamPlayer|Waterfall|p2a: Latios
|-resisted|p2a: Latios
|-damage|p2a: Latios|0 fnt
|faint|p2a: Latios
|
|win|SlurpuffIzFood
|raw|Ladder updating...
|raw|SlurpuffIzFood's rating: 1333 &rarr; <strong>1355<\/strong><br \/>(+22 for winning)
|raw|gottacatchthemall's rating: 1369 &rarr; <strong>1347<\/strong><br \/>(-22 for losing)
|c|âSlurpuffIzFood|gg
|c|âgottacatchthemall|gg