|join|SlurpuffIzFood
|join|co1
|player|p1|SlurpuffIzFood|172
|player|p2|co1|170
|gametype|singles
|gen|6
|tier|ORAS OU
|rated
|rule|Sleep Clause Mod: Limit one foe put to sleep
|rule|Species Clause: Limit one of each PokÃ©mon
|rule|OHKO Clause: OHKO moves are banned
|rule|Moody Clause: Moody is banned
|rule|Evasion Moves Clause: Evasion moves are banned
|rule|Endless Battle Clause: Forcing endless battles is banned
|rule|HP Percentage Mod: HP is shown in percentages
|clearpoke
|poke|p1|Sableye, F
|poke|p1|Mamoswine, M
|poke|p1|Klefki, F
|poke|p1|Mew
|poke|p1|Kyurem-Black
|poke|p1|Keldeo
|poke|p2|Latios, M
|poke|p2|Magnezone
|poke|p2|Kyurem-Black
|poke|p2|Ferrothorn, M
|poke|p2|Tornadus-Therian, M
|poke|p2|Mamoswine, M
|rule|Swagger Clause: Swagger is banned
|rule|Baton Pass Clause: Limit one PokÃ©mon knowing Baton Pass
|teampreview
|
|start
|switch|p1a: Kyurem-Black|Kyurem-Black|391\/391
|switch|p2a: Magnezone|Magnezone|344\/344
|-ability|p1a: Kyurem-Black|Teravolt
|turn|1
|
|switch|p1a: Klefki|Klefki, F|317\/317
|move|p2a: Magnezone|Flash Cannon|p1a: Klefki
|-crit|p1a: Klefki
|-damage|p1a: Klefki|0 fnt
|faint|p1a: Klefki
|
|
|switch|p1a: Keldeo|Keldeo|323\/323
|turn|2
|
|switch|p2a: Latios|Latios, M|301\/301
|move|p1a: Keldeo|Secret Sword|p2a: Latios
|-resisted|p2a: Latios
|-damage|p2a: Latios|196\/301
|
|turn|3
|
|switch|p1a: Mew|Mew|404\/404
|detailschange|p2a: Latios|Latios-Mega, M
|message|Latios has Mega Evolved into Mega Latios!
|move|p2a: Latios|Dragon Claw|p1a: Mew
|-damage|p1a: Mew|266\/404
|
|-heal|p1a: Mew|291\/404|[from] item: Leftovers
|turn|4
|
|move|p2a: Latios|Dragon Dance|p2a: Latios
|-boost|p2a: Latios|atk|1
|-boost|p2a: Latios|spe|1
|move|p1a: Mew|Will-O-Wisp|p2a: Latios
|-status|p2a: Latios|brn
|
|-heal|p1a: Mew|316\/404|[from] item: Leftovers
|-damage|p2a: Latios|159\/301 brn|[from] brn
|turn|5
|
|switch|p2a: Ferrothorn|Ferrothorn, M|352\/352
|move|p1a: Mew|Stealth Rock|p2a: Ferrothorn
|-sidestart|p2: co1|move: Stealth Rock
|
|-heal|p1a: Mew|341\/404|[from] item: Leftovers
|turn|6
|
|move|p1a: Mew|Will-O-Wisp|p2a: Ferrothorn
|-status|p2a: Ferrothorn|brn
|move|p2a: Ferrothorn|Thunder Wave|p1a: Mew
|-status|p1a: Mew|par
|
|-heal|p1a: Mew|366\/404 par|[from] item: Leftovers
|-damage|p2a: Ferrothorn|308\/352 brn|[from] brn
|turn|7
|
|switch|p1a: Sableye|Sableye, F|304\/304
|move|p2a: Ferrothorn|Stealth Rock|p1a: Sableye
|-sidestart|p1: SlurpuffIzFood|move: Stealth Rock
|
|-damage|p2a: Ferrothorn|264\/352 brn|[from] brn
|turn|8
|
|switch|p2a: Mamoswine|Mamoswine, M|361\/361
|-damage|p2a: Mamoswine|316\/361|[from] Stealth Rock
|detailschange|p1a: Sableye|Sableye-Mega, F
|message|Sableye has Mega Evolved into Mega Sableye!
|move|p1a: Sableye|Power-Up Punch|p2a: Mamoswine
|-supereffective|p2a: Mamoswine
|-damage|p2a: Mamoswine|226\/361
|-boost|p1a: Sableye|atk|1
|
|turn|9
|
|move|p2a: Mamoswine|Icicle Crash|p1a: Sableye
|-damage|p1a: Sableye|144\/304
|-damage|p2a: Mamoswine|190\/361|[from] item: Life Orb
|cant|p1a: Sableye|flinch
|
|turn|10
|
|move|p1a: Sableye|Sucker Punch|p2a: Mamoswine
|-damage|p2a: Mamoswine|10\/361
|move|p2a: Mamoswine|Earthquake|p1a: Sableye
|-damage|p1a: Sableye|0 fnt
|-damage|p2a: Mamoswine|0 fnt|[from] item: Life Orb
|faint|p1a: Sableye
|faint|p2a: Mamoswine
|
|
|switch|p1a: Keldeo|Keldeo|323\/323
|-damage|p1a: Keldeo|303\/323|[from] Stealth Rock
|switch|p2a: Kyurem-Black|Kyurem-Black|454\/454
|-damage|p2a: Kyurem-Black|341\/454|[from] Stealth Rock
|-ability|p2a: Kyurem-Black|Teravolt
|turn|11
|
|switch|p2a: Ferrothorn|Ferrothorn, M|264\/352 brn
|-damage|p2a: Ferrothorn|242\/352 brn|[from] Stealth Rock
|move|p1a: Keldeo|Secret Sword|p2a: Ferrothorn
|-supereffective|p2a: Ferrothorn
|-damage|p2a: Ferrothorn|0 fnt
|faint|p2a: Ferrothorn
|
|
|switch|p2a: Tornadus-Therian|Tornadus-Therian, M|299\/299
|-damage|p2a: Tornadus-Therian|225\/299|[from] Stealth Rock
|turn|12
|
|switch|p1a: Mew|Mew|366\/404 par
|-damage|p1a: Mew|316\/404 par|[from] Stealth Rock
|move|p2a: Tornadus-Therian|Hurricane|p1a: Mew
|-damage|p1a: Mew|86\/404 par
|-damage|p2a: Tornadus-Therian|196\/299|[from] item: Life Orb
|
|-heal|p1a: Mew|111\/404 par|[from] item: Leftovers
|turn|13
|
|move|p2a: Tornadus-Therian|Knock Off|p1a: Mew
|-supereffective|p1a: Mew
|-damage|p1a: Mew|0 fnt
|-enditem|p1a: Mew|Leftovers|[from] move: Knock Off|[of] p2a: Tornadus-Therian
|-damage|p2a: Tornadus-Therian|167\/299|[from] item: Life Orb
|faint|p1a: Mew
|
|
|switch|p1a: Ifightformyfrens|Mamoswine, M|361\/361
|-damage|p1a: Ifightformyfrens|316\/361|[from] Stealth Rock
|turn|14
|
|switch|p2a: Magnezone|Magnezone|344\/344
|-damage|p2a: Magnezone|323\/344|[from] Stealth Rock
|move|p1a: Ifightformyfrens|Earthquake|p2a: Magnezone
|-supereffective|p2a: Magnezone
|-damage|p2a: Magnezone|0 fnt
|-damage|p1a: Ifightformyfrens|280\/361|[from] item: Life Orb
|faint|p2a: Magnezone
|
|
|switch|p2a: Kyurem-Black|Kyurem-Black|341\/454
|-damage|p2a: Kyurem-Black|228\/454|[from] Stealth Rock
|-ability|p2a: Kyurem-Black|Teravolt
|turn|15
|
|switch|p1a: Kyurem-Black|Kyurem-Black|391\/391
|-damage|p1a: Kyurem-Black|294\/391|[from] Stealth Rock
|-ability|p1a: Kyurem-Black|Teravolt
|move|p2a: Kyurem-Black|Earth Power|p1a: Kyurem-Black
|-damage|p1a: Kyurem-Black|207\/391
|
|turn|16
|
|move|p1a: Kyurem-Black|Ice Beam|p2a: Kyurem-Black
|-damage|p2a: Kyurem-Black|60\/454
|-damage|p1a: Kyurem-Black|168\/391|[from] item: Life Orb
|move|p2a: Kyurem-Black|Dragon Claw|p1a: Kyurem-Black
|-supereffective|p1a: Kyurem-Black
|-damage|p1a: Kyurem-Black|0 fnt
|faint|p1a: Kyurem-Black
|
|
|switch|p1a: Keldeo|Keldeo|303\/323
|-damage|p1a: Keldeo|283\/323|[from] Stealth Rock
|turn|17
|
|move|p1a: Keldeo|Icy Wind|p2a: Kyurem-Black
|-damage|p2a: Kyurem-Black|4\/454
|-unboost|p2a: Kyurem-Black|spe|1
|move|p2a: Kyurem-Black|Fusion Bolt|p1a: Keldeo
|-supereffective|p1a: Keldeo
|-damage|p1a: Keldeo|0 fnt
|faint|p1a: Keldeo
|
|
|switch|p1a: Ifightformyfrens|Mamoswine, M|280\/361
|-damage|p1a: Ifightformyfrens|235\/361|[from] Stealth Rock
|turn|18
|
|move|p1a: Ifightformyfrens|Ice Shard|p2a: Kyurem-Black
|-damage|p2a: Kyurem-Black|0 fnt
|-damage|p1a: Ifightformyfrens|199\/361|[from] item: Life Orb
|faint|p2a: Kyurem-Black
|
|
|switch|p2a: Latios|Latios-Mega, M|159\/301 brn
|-damage|p2a: Latios|122\/301 brn|[from] Stealth Rock
|turn|19
|
|move|p1a: Ifightformyfrens|Ice Shard|p2a: Latios
|-crit|p2a: Latios
|-supereffective|p2a: Latios
|-damage|p2a: Latios|0 fnt
|-damage|p1a: Ifightformyfrens|163\/361|[from] item: Life Orb
|faint|p2a: Latios
|
|
|switch|p2a: Tornadus-Therian|Tornadus-Therian, M|266\/299
|-damage|p2a: Tornadus-Therian|192\/299|[from] Stealth Rock
|turn|20
|
|move|p1a: Ifightformyfrens|Ice Shard|p2a: Tornadus-Therian
|-supereffective|p2a: Tornadus-Therian
|-damage|p2a: Tornadus-Therian|0 fnt
|-damage|p1a: Ifightformyfrens|127\/361|[from] item: Life Orb
|faint|p2a: Tornadus-Therian
|
|win|SlurpuffIzFood
|raw|Ladder updating...
|raw|SlurpuffIzFood's rating: 1467 &rarr; <strong>1480<\/strong><br \/>(+13 for winning)
|raw|co1's rating: 1333 &rarr; <strong>1320<\/strong><br \/>(-13 for losing)
|c|âSlurpuffIzFood|gg
|leave|co1
|player|p2