|join|SlurpuffIzFood
|join|Skelphix
|player|p1|SlurpuffIzFood|172
|player|p2|Skelphix|80
|gametype|singles
|gen|6
|tier|ORAS OU
|rated
|rule|Sleep Clause Mod: Limit one foe put to sleep
|rule|Species Clause: Limit one of each PokÃ©mon
|rule|OHKO Clause: OHKO moves are banned
|rule|Moody Clause: Moody is banned
|rule|Evasion Moves Clause: Evasion moves are banned
|rule|Endless Battle Clause: Forcing endless battles is banned
|rule|HP Percentage Mod: HP is shown in percentages
|clearpoke
|poke|p1|Sceptile, F
|poke|p1|Azumarill, F
|poke|p1|Heatran, M
|poke|p1|Mamoswine, M
|poke|p1|Crobat, F
|poke|p1|Clefable, F
|poke|p2|Salamence, M
|poke|p2|Keldeo
|poke|p2|Ferrothorn, M
|poke|p2|Clefable, F
|poke|p2|Azumarill, F, shiny
|poke|p2|Tyranitar, M
|rule|Swagger Clause: Swagger is banned
|rule|Baton Pass Clause: Limit one PokÃ©mon knowing Baton Pass
|teampreview
|c|âSlurpuffIzFood|ow
|join|napty
|c| napty|very OU team
|
|start
|switch|p1a: Burd Jesus the 2nd|Crobat, F|311\/311
|switch|p2a: Keldeo|Keldeo|322\/322
|turn|1
|c|âSlurpuffIzFood|megamence is scary
|
|switch|p2a: Ferrothorn|Ferrothorn, M|352\/352
|move|p1a: Burd Jesus the 2nd|U-turn|p2a: Ferrothorn
|-crit|p2a: Ferrothorn
|-damage|p2a: Ferrothorn|260\/352
|-damage|p1a: Burd Jesus the 2nd|273\/311|[from] ability: Iron Barbs|[of] p2a: Ferrothorn
|c| napty|yep
|
|switch|p1a: Standard|Heatran, M|385\/385
|
|turn|2
|c| napty|this ferro is weak
|c| napty|offensive ferro?
|c| napty|hahahaha
|c| napty|i see no rocky helmet and no lefties
|c|âSlurpuffIzFood|naw specially def
|c|âSlurpuffIzFood|watch it live the lavaplume
|c| napty|that would be weird
|
|switch|p2a: Tyranitar|Tyranitar, M|404\/404
|-weather|Sandstorm
|move|p1a: Standard|Stealth Rock|p2a: Tyranitar
|-sidestart|p2: Skelphix|move: Stealth Rock
|
|-weather|Sandstorm|[upkeep]
|turn|3
|c| napty|hahahaha
|
|switch|p1a: Frenship Bunny!|Azumarill, F|381\/381
|move|p2a: Tyranitar|Earthquake|p1a: Frenship Bunny!
|-damage|p1a: Frenship Bunny!|213\/381
|
|-weather|Sandstorm|[upkeep]
|-damage|p1a: Frenship Bunny!|190\/381|[from] sandstorm
|turn|4
|
|switch|p2a: Clefable|Clefable, F|394\/394
|move|p1a: Frenship Bunny!|Superpower|p2a: Clefable
|-resisted|p2a: Clefable
|-damage|p2a: Clefable|278\/394
|-unboost|p1a: Frenship Bunny!|atk|1
|-unboost|p1a: Frenship Bunny!|def|1
|
|-weather|Sandstorm|[upkeep]
|-damage|p1a: Frenship Bunny!|167\/381|[from] sandstorm
|-heal|p2a: Clefable|302\/394|[from] item: Leftovers
|turn|5
|
|switch|p1a: Burd Jesus the 2nd|Crobat, F|273\/311
|switch|p2a: Azumarill|Azumarill, F, shiny|345\/345
|-damage|p2a: Azumarill|302\/345|[from] Stealth Rock
|
|-weather|Sandstorm|[upkeep]
|-damage|p1a: Burd Jesus the 2nd|254\/311|[from] sandstorm
|-damage|p2a: Azumarill|281\/345|[from] sandstorm
|turn|6
|
|switch|p2a: Ferrothorn|Ferrothorn, M|260\/352
|-damage|p2a: Ferrothorn|238\/352|[from] Stealth Rock
|move|p1a: Burd Jesus the 2nd|U-turn|p2a: Ferrothorn
|-damage|p2a: Ferrothorn|177\/352
|-damage|p1a: Burd Jesus the 2nd|216\/311|[from] ability: Iron Barbs|[of] p2a: Ferrothorn
|
|switch|p1a: Ifightformyfrens|Mamoswine, M|361\/361
|
|-weather|none
|turn|7
|c|âSlurpuffIzFood|eq
|c| napty|crobat is doing work
|c|âSlurpuffIzFood|does it kill
|c| napty|no
|c| napty|unless life orb
|c|âSlurpuffIzFood|i hope it does
|
|move|p1a: Ifightformyfrens|Superpower|p2a: Ferrothorn
|-supereffective|p2a: Ferrothorn
|-damage|p2a: Ferrothorn|0 fnt
|-damage|p1a: Ifightformyfrens|316\/361|[from] ability: Iron Barbs|[of] p2a: Ferrothorn
|-unboost|p1a: Ifightformyfrens|atk|1
|-unboost|p1a: Ifightformyfrens|def|1
|-damage|p1a: Ifightformyfrens|280\/361|[from] item: Life Orb
|faint|p2a: Ferrothorn
|
|c| napty|i don't know which set you're running
|c|âSlurpuffIzFood|if not i quit
|c| napty|you smart guy
|
|switch|p2a: Azumarill|Azumarill, F, shiny|281\/345
|-damage|p2a: Azumarill|238\/345|[from] Stealth Rock
|turn|8
|
|switch|p1a: Bopbopbop|Clefable, F|393\/393
|move|p2a: Azumarill|Waterfall|p1a: Bopbopbop
|-damage|p1a: Bopbopbop|228\/393
|
|-heal|p1a: Bopbopbop|252\/393|[from] item: Leftovers
|turn|9
|
|move|p1a: Bopbopbop|Soft-Boiled|p1a: Bopbopbop
|-heal|p1a: Bopbopbop|393\/393
|move|p2a: Azumarill|Play Rough|p1a: Bopbopbop
|-damage|p1a: Bopbopbop|222\/393
|
|-heal|p1a: Bopbopbop|246\/393|[from] item: Leftovers
|turn|10
|c| napty|you're talking in the chat to win your battle xD
|c|âSlurpuffIzFood|naw only those im friendly against
|
|switch|p2a: Clefable|Clefable, F|302\/394
|move|p1a: Bopbopbop|Soft-Boiled|p1a: Bopbopbop
|-heal|p1a: Bopbopbop|393\/393
|
|-heal|p2a: Clefable|326\/394|[from] item: Leftovers
|turn|11
|c| napty|nobody knows u're liying except me
|c| napty|and your obvious earthquake on sceptile
|
|switch|p1a: Burd Jesus the 2nd|Crobat, F|216\/311
|move|p2a: Clefable|Soft-Boiled|p2a: Clefable
|-heal|p2a: Clefable|394\/394
|
|turn|12
|c|âSlurpuffIzFood|lol
|
|move|p1a: Burd Jesus the 2nd|Cross Poison|p2a: Clefable
|-supereffective|p2a: Clefable
|-damage|p2a: Clefable|152\/394
|move|p2a: Clefable|Moonblast|p1a: Burd Jesus the 2nd
|-resisted|p1a: Burd Jesus the 2nd
|-damage|p1a: Burd Jesus the 2nd|153\/311
|
|-heal|p2a: Clefable|176\/394|[from] item: Leftovers
|turn|13
|c| napty|that did nothing
|
|switch|p1a: Worst-Mega|Sceptile, F|281\/281
|switch|p2a: Tyranitar|Tyranitar, M|404\/404
|-damage|p2a: Tyranitar|354\/404|[from] Stealth Rock
|-weather|Sandstorm
|
|-weather|Sandstorm|[upkeep]
|-damage|p1a: Worst-Mega|264\/281|[from] sandstorm
|turn|14
|
|switch|p2a: Clefable|Clefable, F|176\/394
|detailschange|p1a: Worst-Mega|Sceptile-Mega, F
|message|Sceptile has Mega Evolved into Mega Sceptile!
|move|p1a: Worst-Mega|Leaf Storm|p2a: Clefable
|-damage|p2a: Clefable|0 fnt
|-unboost|p1a: Worst-Mega|spa|2
|faint|p2a: Clefable
|
|-weather|Sandstorm|[upkeep]
|-damage|p1a: Worst-Mega|247\/281|[from] sandstorm
|
|switch|p2a: Tyranitar|Tyranitar, M|354\/404
|-damage|p2a: Tyranitar|304\/404|[from] Stealth Rock
|turn|15
|c|âSlurpuffIzFood|lol inb4 scarf
|c|âSlurpuffIzFood|focus blast dont miss pls
|c| napty|inb4 pursuit
|c|âSlurpuffIzFood|just this once
|
|move|p2a: Tyranitar|Pursuit|p1a: Worst-Mega|[from]Pursuit
|-damage|p1a: Worst-Mega|27\/281
|switch|p1a: Bopbopbop|Clefable, F|393\/393
|
|-weather|Sandstorm|[upkeep]
|turn|16
|c|âSlurpuffIzFood|lol
|
|move|p1a: Bopbopbop|Moonblast|p2a: Tyranitar
|-supereffective|p2a: Tyranitar
|-damage|p2a: Tyranitar|164\/404
|move|p2a: Tyranitar|Stone Edge|p1a: Bopbopbop|[miss]
|-miss|p2a: Tyranitar|p1a: Bopbopbop
|
|-weather|Sandstorm|[upkeep]
|turn|17
|
|move|p2a: Tyranitar|Stone Edge|p1a: Bopbopbop
|-damage|p1a: Bopbopbop|227\/393
|move|p1a: Bopbopbop|Moonblast|p2a: Tyranitar
|-supereffective|p2a: Tyranitar
|-damage|p2a: Tyranitar|32\/404
|
|-weather|none
|-heal|p1a: Bopbopbop|251\/393|[from] item: Leftovers
|turn|18
|c|âSlurpuffIzFood|so av
|
|move|p2a: Tyranitar|Stone Edge|p1a: Bopbopbop
|-damage|p1a: Bopbopbop|91\/393
|move|p1a: Bopbopbop|Soft-Boiled|p1a: Bopbopbop
|-heal|p1a: Bopbopbop|288\/393
|
|-heal|p1a: Bopbopbop|312\/393|[from] item: Leftovers
|turn|19
|
|move|p2a: Tyranitar|Stone Edge|p1a: Bopbopbop
|-damage|p1a: Bopbopbop|149\/393
|move|p1a: Bopbopbop|Soft-Boiled|p1a: Bopbopbop
|-heal|p1a: Bopbopbop|346\/393
|
|-heal|p1a: Bopbopbop|370\/393|[from] item: Leftovers
|turn|20
|c| napty|each time I see a ttar i'm assuming he's AV
|
|move|p1a: Bopbopbop|Soft-Boiled|p1a: Bopbopbop
|-heal|p1a: Bopbopbop|393\/393
|move|p2a: Tyranitar|Stone Edge|p1a: Bopbopbop
|-damage|p1a: Bopbopbop|219\/393
|
|-heal|p1a: Bopbopbop|243\/393|[from] item: Leftovers
|turn|21
|c|âSlurpuffIzFood|wut
|c|âSlurpuffIzFood|speed tie?
|
|move|p2a: Tyranitar|Stone Edge|p1a: Bopbopbop
|-damage|p1a: Bopbopbop|69\/393
|move|p1a: Bopbopbop|Soft-Boiled|p1a: Bopbopbop
|-heal|p1a: Bopbopbop|266\/393
|
|-heal|p1a: Bopbopbop|290\/393|[from] item: Leftovers
|turn|22
|c| napty|lol yeah
|
|move|p2a: Tyranitar|Earthquake|p1a: Bopbopbop
|-damage|p1a: Bopbopbop|179\/393
|move|p1a: Bopbopbop|Soft-Boiled|p1a: Bopbopbop
|-heal|p1a: Bopbopbop|376\/393
|
|-heal|p1a: Bopbopbop|393\/393|[from] item: Leftovers
|turn|23
|c| napty|don't you invest 12 speed on clefable?
|
|move|p1a: Bopbopbop|Moonblast|p2a: Tyranitar
|-supereffective|p2a: Tyranitar
|-damage|p2a: Tyranitar|0 fnt
|faint|p2a: Tyranitar
|
|c| napty|because i do
|
|switch|p2a: Salamence|Salamence, M|331\/331
|-damage|p2a: Salamence|249\/331|[from] Stealth Rock
|-ability|p2a: Salamence|Intimidate|[of] p1a: Bopbopbop
|-unboost|p1a: Bopbopbop|atk|1
|turn|24
|c|âSlurpuffIzFood|8 only
|
|detailschange|p2a: Salamence|Salamence-Mega, M
|message|Salamence has Mega Evolved into Mega Salamence!
|move|p2a: Salamence|Dragon Dance|p2a: Salamence
|-boost|p2a: Salamence|atk|1
|-boost|p2a: Salamence|spe|1
|move|p1a: Bopbopbop|Moonblast|p2a: Salamence
|-supereffective|p2a: Salamence
|-damage|p2a: Salamence|1\/331
|
|turn|25
|
|move|p2a: Salamence|Return|p1a: Bopbopbop
|-damage|p1a: Bopbopbop|75\/393
|move|p1a: Bopbopbop|Moonblast|p2a: Salamence
|-supereffective|p2a: Salamence
|-damage|p2a: Salamence|0 fnt
|faint|p2a: Salamence
|
|-heal|p1a: Bopbopbop|99\/393|[from] item: Leftovers
|c| napty|unaware tho
|c|âSlurpuffIzFood|no lol
|c| napty|seriously?
|c|âSlurpuffIzFood|magi guard
|
|switch|p2a: Keldeo|Keldeo|322\/322
|-damage|p2a: Keldeo|302\/322|[from] Stealth Rock
|turn|26
|c| napty|this return was weak so
|
|switch|p1a: Standard|Heatran, M|385\/385
|move|p2a: Keldeo|Scald|p1a: Standard
|-supereffective|p1a: Standard
|-damage|p1a: Standard|185\/385
|
|-heal|p1a: Standard|209\/385|[from] item: Leftovers
|turn|27
|c| napty|unless you're bold 252\/252
|
|move|p2a: Keldeo|Scald|p1a: Standard
|-supereffective|p1a: Standard
|-damage|p1a: Standard|11\/385
|move|p1a: Standard|Toxic|p2a: Keldeo
|-status|p2a: Keldeo|tox
|
|-heal|p1a: Standard|35\/385|[from] item: Leftovers
|-damage|p2a: Keldeo|282\/322 tox|[from] psn
|turn|28
|c|âSlurpuffIzFood|yea i am
|
|move|p1a: Standard|Protect|p1a: Standard
|-singleturn|p1a: Standard|Protect
|move|p2a: Keldeo|Scald|p1a: Standard
|-activate|p1a: Standard|Protect
|
|-heal|p1a: Standard|59\/385|[from] item: Leftovers
|-damage|p2a: Keldeo|242\/322 tox|[from] psn
|turn|29
|c| napty|aw okay
|
|switch|p2a: Azumarill|Azumarill, F, shiny|238\/345
|-damage|p2a: Azumarill|195\/345|[from] Stealth Rock
|move|p1a: Standard|Lava Plume|p2a: Azumarill
|-resisted|p2a: Azumarill
|-damage|p2a: Azumarill|157\/345
|
|-heal|p1a: Standard|83\/385|[from] item: Leftovers
|turn|30
|c| napty|gonna do some battles
|leave|napty
|
|move|p1a: Standard|Toxic|p2a: Azumarill
|-status|p2a: Azumarill|tox
|move|p2a: Azumarill|Waterfall|p1a: Standard
|-supereffective|p1a: Standard
|-damage|p1a: Standard|0 fnt
|faint|p1a: Standard
|
|-damage|p2a: Azumarill|136\/345 tox|[from] psn
|
|switch|p1a: Bopbopbop|Clefable, F|99\/393
|turn|31
|
|move|p1a: Bopbopbop|Soft-Boiled|p1a: Bopbopbop
|-heal|p1a: Bopbopbop|296\/393
|move|p2a: Azumarill|Facade|p1a: Bopbopbop
|-damage|p1a: Bopbopbop|116\/393
|
|-heal|p1a: Bopbopbop|140\/393|[from] item: Leftovers
|-damage|p2a: Azumarill|94\/345 tox|[from] psn
|turn|32
|
|move|p2a: Azumarill|Aqua Jet|p1a: Bopbopbop
|-damage|p1a: Bopbopbop|67\/393
|move|p1a: Bopbopbop|Moonblast|p2a: Azumarill
|-damage|p2a: Azumarill|27\/345 tox
|
|-heal|p1a: Bopbopbop|91\/393|[from] item: Leftovers
|-damage|p2a: Azumarill|0 fnt|[from] psn
|faint|p2a: Azumarill
|
|switch|p2a: Keldeo|Keldeo|242\/322 tox
|-damage|p2a: Keldeo|222\/322 tox|[from] Stealth Rock
|turn|33
|
|move|p2a: Keldeo|Scald|p1a: Bopbopbop
|-damage|p1a: Bopbopbop|0 fnt
|faint|p1a: Bopbopbop
|
|-damage|p2a: Keldeo|202\/322 tox|[from] psn
|
|switch|p1a: Burd Jesus the 2nd|Crobat, F|153\/311
|turn|34
|
|move|p2a: Keldeo|Scald|p1a: Burd Jesus the 2nd
|-damage|p1a: Burd Jesus the 2nd|0 fnt
|faint|p1a: Burd Jesus the 2nd
|
|-damage|p2a: Keldeo|162\/322 tox|[from] psn
|
|switch|p1a: Worst-Mega|Sceptile-Mega, F|27\/281
|turn|35
|
|move|p2a: Keldeo|Scald|p1a: Worst-Mega
|-resisted|p1a: Worst-Mega
|-damage|p1a: Worst-Mega|0 fnt
|faint|p1a: Worst-Mega
|
|-damage|p2a: Keldeo|102\/322 tox|[from] psn
|
|switch|p1a: Frenship Bunny!|Azumarill, F|167\/381
|turn|36
|
|move|p1a: Frenship Bunny!|Aqua Jet|p2a: Keldeo
|-resisted|p2a: Keldeo
|-damage|p2a: Keldeo|30\/322 tox
|move|p2a: Keldeo|Scald|p1a: Frenship Bunny!
|-resisted|p1a: Frenship Bunny!
|-damage|p1a: Frenship Bunny!|73\/381
|
|-damage|p2a: Keldeo|0 fnt|[from] psn
|faint|p2a: Keldeo
|
|win|SlurpuffIzFood
|raw|Ladder updating...
|raw|SlurpuffIzFood's rating: 1396 &rarr; <strong>1407<\/strong><br \/>(+11 for winning)
|raw|Skelphix's rating: 1225 &rarr; <strong>1212<\/strong><br \/>(-13 for losing)