|join|SlurpuffIzFood
|join|Krunpocalyptick
|player|p1|SlurpuffIzFood|172
|player|p2|Krunpocalyptick|117
|gametype|singles
|gen|6
|tier|ORAS OU
|rated
|rule|Sleep Clause Mod: Limit one foe put to sleep
|rule|Species Clause: Limit one of each PokÃ©mon
|rule|OHKO Clause: OHKO moves are banned
|rule|Moody Clause: Moody is banned
|rule|Evasion Moves Clause: Evasion moves are banned
|rule|Endless Battle Clause: Forcing endless battles is banned
|rule|HP Percentage Mod: HP is shown in percentages
|clearpoke
|poke|p1|Swampert, M
|poke|p1|Politoed, M
|poke|p1|Ferrothorn, F
|poke|p1|Gothitelle, M
|poke|p1|Omastar, F
|poke|p1|Tornadus, M
|poke|p2|Diancie
|poke|p2|Clefable, F
|poke|p2|Rotom-Wash
|poke|p2|Conkeldurr, M
|poke|p2|Scizor, M
|poke|p2|Landorus-Therian, M
|rule|Swagger Clause: Swagger is banned
|rule|Baton Pass Clause: Limit one PokÃ©mon knowing Baton Pass
|teampreview
|
|start
|switch|p1a: Master?|Omastar, F|292\/292
|switch|p2a: Rotom-Wash|Rotom-Wash|303\/303
|turn|1
|
|switch|p1a: Inb4 hpfire|Ferrothorn, F|352\/352
|move|p2a: Rotom-Wash|Volt Switch|p1a: Inb4 hpfire
|-resisted|p1a: Inb4 hpfire
|-damage|p1a: Inb4 hpfire|316\/352
|
|switch|p2a: Conkeldurr|Conkeldurr, M|395\/395
|
|-heal|p1a: Inb4 hpfire|338\/352|[from] item: Leftovers
|turn|2
|
|move|p2a: Conkeldurr|Knock Off|p1a: Inb4 hpfire
|-damage|p1a: Inb4 hpfire|255\/352
|-damage|p2a: Conkeldurr|346\/395|[from] ability: Iron Barbs|[of] p1a: Inb4 hpfire
|-enditem|p1a: Inb4 hpfire|Leftovers|[from] move: Knock Off|[of] p2a: Conkeldurr
|move|p1a: Inb4 hpfire|Leech Seed|p2a: Conkeldurr|[miss]
|-miss|p1a: Inb4 hpfire|p2a: Conkeldurr
|
|turn|3
|
|switch|p1a: Tornadus|Tornadus, M|299\/299
|move|p2a: Conkeldurr|Drain Punch|p1a: Tornadus
|-resisted|p1a: Tornadus
|-damage|p1a: Tornadus|183\/299
|-heal|p2a: Conkeldurr|395\/395|[from] drain|[of] p1a: Tornadus
|
|turn|4
|
|move|p1a: Tornadus|Hurricane|p2a: Conkeldurr
|-supereffective|p2a: Conkeldurr
|-damage|p2a: Conkeldurr|0 fnt
|-damage|p1a: Tornadus|154\/299|[from] item: Life Orb
|faint|p2a: Conkeldurr
|
|
|switch|p2a: Rotom-Wash|Rotom-Wash|303\/303
|turn|5
|
|switch|p1a: Inb4 hpfire|Ferrothorn, F|255\/352
|move|p2a: Rotom-Wash|Volt Switch|p1a: Inb4 hpfire
|-resisted|p1a: Inb4 hpfire
|-damage|p1a: Inb4 hpfire|223\/352
|
|switch|p2a: Landorus-Therian|Landorus-Therian, M|319\/319
|-ability|p2a: Landorus-Therian|Intimidate|[of] p1a: Inb4 hpfire
|-unboost|p1a: Inb4 hpfire|atk|1
|
|turn|6
|
|move|p2a: Landorus-Therian|Earthquake|p1a: Inb4 hpfire
|-damage|p1a: Inb4 hpfire|84\/352
|move|p1a: Inb4 hpfire|Stealth Rock|p2a: Landorus-Therian
|-sidestart|p2: Krunpocalyptick|move: Stealth Rock
|
|turn|7
|
|switch|p1a: Tornadus|Tornadus, M|154\/299
|move|p2a: Landorus-Therian|Earthquake|p1a: Tornadus
|-immune|p1a: Tornadus|[msg]
|
|turn|8
|
|switch|p2a: Rotom-Wash|Rotom-Wash|303\/303
|-damage|p2a: Rotom-Wash|266\/303|[from] Stealth Rock
|move|p1a: Tornadus|Hurricane|p2a: Rotom-Wash|[miss]
|-miss|p1a: Tornadus|p2a: Rotom-Wash
|
|-heal|p2a: Rotom-Wash|284\/303|[from] item: Leftovers
|turn|9
|
|switch|p1a: Inb4 hpfire|Ferrothorn, F|84\/352
|move|p2a: Rotom-Wash|Hydro Pump|p1a: Inb4 hpfire|[miss]
|-miss|p2a: Rotom-Wash|p1a: Inb4 hpfire
|
|-heal|p2a: Rotom-Wash|302\/303|[from] item: Leftovers
|turn|10
|
|move|p2a: Rotom-Wash|Will-O-Wisp|p1a: Inb4 hpfire
|-status|p1a: Inb4 hpfire|brn
|move|p1a: Inb4 hpfire|Leech Seed|p2a: Rotom-Wash
|-start|p2a: Rotom-Wash|move: Leech Seed
|
|-heal|p2a: Rotom-Wash|303\/303|[from] item: Leftovers
|-damage|p2a: Rotom-Wash|266\/303|[from] Leech Seed|[of] p1a: Inb4 hpfire
|-heal|p1a: Inb4 hpfire|121\/352 brn|[silent]
|-damage|p1a: Inb4 hpfire|77\/352 brn|[from] brn
|turn|11
|
|move|p1a: Inb4 hpfire|Protect|p1a: Inb4 hpfire
|-singleturn|p1a: Inb4 hpfire|Protect
|move|p2a: Rotom-Wash|Hydro Pump|p1a: Inb4 hpfire
|-activate|p1a: Inb4 hpfire|Protect
|
|-heal|p2a: Rotom-Wash|284\/303|[from] item: Leftovers
|-damage|p2a: Rotom-Wash|247\/303|[from] Leech Seed|[of] p1a: Inb4 hpfire
|-heal|p1a: Inb4 hpfire|114\/352 brn|[silent]
|-damage|p1a: Inb4 hpfire|70\/352 brn|[from] brn
|turn|12
|
|move|p2a: Rotom-Wash|Hydro Pump|p1a: Inb4 hpfire
|-resisted|p1a: Inb4 hpfire
|-damage|p1a: Inb4 hpfire|19\/352 brn
|move|p1a: Inb4 hpfire|Gyro Ball|p2a: Rotom-Wash
|-resisted|p2a: Rotom-Wash
|-damage|p2a: Rotom-Wash|234\/303
|
|-heal|p2a: Rotom-Wash|252\/303|[from] item: Leftovers
|-damage|p2a: Rotom-Wash|215\/303|[from] Leech Seed|[of] p1a: Inb4 hpfire
|-heal|p1a: Inb4 hpfire|56\/352 brn|[silent]
|-damage|p1a: Inb4 hpfire|12\/352 brn|[from] brn
|turn|13
|
|move|p1a: Inb4 hpfire|Protect|p1a: Inb4 hpfire
|-singleturn|p1a: Inb4 hpfire|Protect
|move|p2a: Rotom-Wash|Volt Switch|p1a: Inb4 hpfire
|-activate|p1a: Inb4 hpfire|Protect
|
|-heal|p2a: Rotom-Wash|233\/303|[from] item: Leftovers
|-damage|p2a: Rotom-Wash|196\/303|[from] Leech Seed|[of] p1a: Inb4 hpfire
|-heal|p1a: Inb4 hpfire|49\/352 brn|[silent]
|-damage|p1a: Inb4 hpfire|5\/352 brn|[from] brn
|turn|14
|
|move|p1a: Inb4 hpfire|Protect|p1a: Inb4 hpfire
|-fail|p1a: Inb4 hpfire
|move|p2a: Rotom-Wash|Volt Switch|p1a: Inb4 hpfire
|-resisted|p1a: Inb4 hpfire
|-damage|p1a: Inb4 hpfire|0 fnt
|faint|p1a: Inb4 hpfire
|
|switch|p2a: Landorus-Therian|Landorus-Therian, M|319\/319
|-damage|p2a: Landorus-Therian|280\/319|[from] Stealth Rock
|
|
|switch|p1a: Mega-TeamPlayer|Swampert, M|366\/366
|turn|15
|
|detailschange|p1a: Mega-TeamPlayer|Swampert-Mega, M
|message|Swampert has Mega Evolved into Mega Swampert!
|move|p2a: Landorus-Therian|U-turn|p1a: Mega-TeamPlayer
|-damage|p1a: Mega-TeamPlayer|282\/366
|
|switch|p2a: Rotom-Wash|Rotom-Wash|196\/303
|-damage|p2a: Rotom-Wash|159\/303|[from] Stealth Rock
|move|p1a: Mega-TeamPlayer|Waterfall|p2a: Rotom-Wash
|-resisted|p2a: Rotom-Wash
|-damage|p2a: Rotom-Wash|93\/303
|
|-heal|p2a: Rotom-Wash|111\/303|[from] item: Leftovers
|turn|16
|
|switch|p1a: Sorry ;.;|Gothitelle, M|281\/281
|move|p2a: Rotom-Wash|Pain Split|p1a: Sorry ;.;
|-sethp|p1a: Sorry ;.;|196\/281|p2a: Rotom-Wash|196\/303|[from] move: Pain Split
|
|-heal|p2a: Rotom-Wash|214\/303|[from] item: Leftovers
|turn|17
|
|move|p1a: Sorry ;.;|Energy Ball|p2a: Rotom-Wash
|-crit|p2a: Rotom-Wash
|-supereffective|p2a: Rotom-Wash
|-damage|p2a: Rotom-Wash|0 fnt
|faint|p2a: Rotom-Wash
|
|
|switch|p2a: Landorus-Therian|Landorus-Therian, M|280\/319
|-damage|p2a: Landorus-Therian|241\/319|[from] Stealth Rock
|-ability|p2a: Landorus-Therian|Intimidate|[of] p1a: Sorry ;.;
|-unboost|p1a: Sorry ;.;|atk|1
|turn|18
|
|switch|p1a: Shitfrog|Politoed, M|383\/383
|-weather|RainDance
|move|p2a: Landorus-Therian|U-turn|p1a: Shitfrog
|-damage|p1a: Shitfrog|268\/383
|
|switch|p2a: Scizor|Scizor, M|343\/343
|-damage|p2a: Scizor|301\/343|[from] Stealth Rock
|
|-weather|RainDance|[upkeep]
|-heal|p2a: Scizor|322\/343|[from] item: Leftovers
|turn|19
|
|move|p1a: Shitfrog|Scald|p2a: Scizor
|-damage|p2a: Scizor|201\/343
|move|p2a: Scizor|Defog|p1a: Shitfrog
|-unboost|p1a: Shitfrog|evasion|1
|-sideend|p2: Krunpocalyptick|Stealth Rock|[from] move: Defog|[of] p2a: Scizor
|
|-weather|RainDance|[upkeep]
|-heal|p2a: Scizor|222\/343|[from] item: Leftovers
|turn|20
|
|move|p1a: Shitfrog|Encore|p2a: Scizor
|-start|p2a: Scizor|Encore
|move|p2a: Scizor|Defog|p1a: Shitfrog
|-unboost|p1a: Shitfrog|evasion|1
|
|-weather|RainDance|[upkeep]
|-heal|p2a: Scizor|243\/343|[from] item: Leftovers
|turn|21
|
|switch|p1a: Mega-TeamPlayer|Swampert-Mega, M|282\/366
|move|p2a: Scizor|Defog|p1a: Mega-TeamPlayer
|-unboost|p1a: Mega-TeamPlayer|evasion|1
|
|-weather|RainDance|[upkeep]
|-heal|p2a: Scizor|264\/343|[from] item: Leftovers
|turn|22
|
|move|p1a: Mega-TeamPlayer|Waterfall|p2a: Scizor
|-damage|p2a: Scizor|0 fnt
|faint|p2a: Scizor
|
|-weather|RainDance|[upkeep]
|
|switch|p2a: Clefable|Clefable, F|394\/394
|turn|23
|
|move|p1a: Mega-TeamPlayer|Waterfall|p2a: Clefable
|-crit|p2a: Clefable
|-damage|p2a: Clefable|51\/394
|move|p2a: Clefable|Toxic|p1a: Mega-TeamPlayer
|-status|p1a: Mega-TeamPlayer|tox
|
|-weather|RainDance|[upkeep]
|-heal|p2a: Clefable|75\/394|[from] item: Leftovers
|-damage|p1a: Mega-TeamPlayer|260\/366 tox|[from] psn
|turn|24
|
|move|p1a: Mega-TeamPlayer|Waterfall|p2a: Clefable
|-damage|p2a: Clefable|0 fnt
|faint|p2a: Clefable
|
|-weather|RainDance|[upkeep]
|-damage|p1a: Mega-TeamPlayer|216\/366 tox|[from] psn
|
|switch|p2a: Landorus-Therian|Landorus-Therian, M|241\/319
|-ability|p2a: Landorus-Therian|Intimidate|[of] p1a: Mega-TeamPlayer
|-unboost|p1a: Mega-TeamPlayer|atk|1
|turn|25
|
|move|p2a: Landorus-Therian|Earthquake|p1a: Mega-TeamPlayer
|-damage|p1a: Mega-TeamPlayer|48\/366 tox
|move|p1a: Mega-TeamPlayer|Waterfall|p2a: Landorus-Therian
|-supereffective|p2a: Landorus-Therian
|-damage|p2a: Landorus-Therian|0 fnt
|faint|p2a: Landorus-Therian
|
|-weather|none
|-damage|p1a: Mega-TeamPlayer|0 fnt|[from] psn
|faint|p1a: Mega-TeamPlayer
|
|switch|p1a: Shitfrog|Politoed, M|268\/383
|switch|p2a: Diancie|Diancie|241\/241
|-weather|RainDance
|turn|26
|c|âSlurpuffIzFood|gg
|c|âSlurpuffIzFood|wow dat 12-1 
|
|detailschange|p2a: Diancie|Diancie-Mega
|message|Diancie has Mega Evolved into Mega Diancie!
|move|p1a: Shitfrog|Perish Song|p1a: Shitfrog
|-fieldactivate|move: Perish Song
|move|p2a: Diancie|Moonblast|p1a: Shitfrog
|-damage|p1a: Shitfrog|124\/383
|-unboost|p1a: Shitfrog|spa|1
|
|-start|p2a: Diancie|perish3
|-start|p1a: Shitfrog|perish3
|-weather|RainDance|[upkeep]
|turn|27
|c|âSlurpuffIzFood|O.o
|c|âKrunpocalyptick|gg
|
|move|p2a: Diancie|Moonblast|p1a: Shitfrog
|-crit|p1a: Shitfrog
|-damage|p1a: Shitfrog|0 fnt
|faint|p1a: Shitfrog
|
|-start|p2a: Diancie|perish2
|-weather|RainDance|[upkeep]
|
|switch|p1a: Master?|Omastar, F|292\/292
|turn|28
|
|move|p1a: Master?|Hydro Pump|p2a: Diancie
|-supereffective|p2a: Diancie
|-damage|p2a: Diancie|0 fnt
|-damage|p1a: Master?|263\/292|[from] item: Life Orb
|faint|p2a: Diancie
|
|win|SlurpuffIzFood
|raw|Ladder updating...
|raw|SlurpuffIzFood's rating: 1293 &rarr; <strong>1319<\/strong><br \/>(+26 for winning)
|raw|Krunpocalyptick's rating: 1305 &rarr; <strong>1284<\/strong><br \/>(-21 for losing)
|leave|Krunpocalyptick
|player|p2