|join|Syberia
|join|SlurpuffIzFood
|player|p1|Syberia|102
|player|p2|SlurpuffIzFood|172
|gametype|singles
|gen|6
|tier|ORAS OU
|rated
|rule|Sleep Clause Mod: Limit one foe put to sleep
|rule|Species Clause: Limit one of each PokÃ©mon
|rule|OHKO Clause: OHKO moves are banned
|rule|Moody Clause: Moody is banned
|rule|Evasion Moves Clause: Evasion moves are banned
|rule|Endless Battle Clause: Forcing endless battles is banned
|rule|HP Percentage Mod: HP is shown in percentages
|clearpoke
|poke|p1|Breloom, M, shiny
|poke|p1|Greninja, F
|poke|p1|Conkeldurr, F
|poke|p1|Gengar, F
|poke|p1|Mamoswine, M
|poke|p1|Salamence, F, shiny
|poke|p2|Swampert, F
|poke|p2|Politoed, F
|poke|p2|Ferrothorn, M
|poke|p2|Gothitelle, M
|poke|p2|Omastar, M
|poke|p2|Tornadus, M
|rule|Swagger Clause: Swagger is banned
|rule|Baton Pass Clause: Limit one PokÃ©mon knowing Baton Pass
|teampreview
|
|start
|switch|p1a: Roids|Conkeldurr, F|351\/351
|switch|p2a: Tornadus|Tornadus, M|299\/299
|turn|1
|
|move|p2a: Tornadus|Hurricane|p1a: Roids
|-supereffective|p1a: Roids
|-damage|p1a: Roids|0 fnt
|-damage|p2a: Tornadus|270\/299|[from] item: Life Orb
|faint|p1a: Roids
|
|
|switch|p1a: ManBearPig|Mamoswine, M|362\/362
|turn|2
|
|switch|p2a: Inb4 hpfire|Ferrothorn, M|352\/352
|move|p1a: ManBearPig|Earthquake|p2a: Inb4 hpfire
|-damage|p2a: Inb4 hpfire|195\/352
|-damage|p1a: ManBearPig|326\/362|[from] item: Life Orb
|
|-heal|p2a: Inb4 hpfire|217\/352|[from] item: Leftovers
|turn|3
|
|move|p1a: ManBearPig|Earthquake|p2a: Inb4 hpfire
|-damage|p2a: Inb4 hpfire|69\/352
|-damage|p1a: ManBearPig|290\/362|[from] item: Life Orb
|move|p2a: Inb4 hpfire|Leech Seed|p1a: ManBearPig
|-start|p1a: ManBearPig|move: Leech Seed
|
|-heal|p2a: Inb4 hpfire|91\/352|[from] item: Leftovers
|-damage|p1a: ManBearPig|245\/362|[from] Leech Seed|[of] p2a: Inb4 hpfire
|-heal|p2a: Inb4 hpfire|136\/352|[silent]
|turn|4
|
|switch|p1a: Penumbra|Gengar, F|262\/262
|move|p2a: Inb4 hpfire|Stealth Rock|p1a: Penumbra
|-sidestart|p1: Syberia|move: Stealth Rock
|
|-heal|p2a: Inb4 hpfire|158\/352|[from] item: Leftovers
|turn|5
|
|move|p1a: Penumbra|Will-O-Wisp|p2a: Inb4 hpfire
|-status|p2a: Inb4 hpfire|brn
|move|p2a: Inb4 hpfire|Gyro Ball|p1a: Penumbra
|-damage|p1a: Penumbra|132\/262
|
|-heal|p1a: Penumbra|148\/262|[from] item: Leftovers
|-heal|p2a: Inb4 hpfire|180\/352 brn|[from] item: Leftovers
|-damage|p2a: Inb4 hpfire|136\/352 brn|[from] brn
|turn|6
|
|move|p1a: Penumbra|Shadow Ball|p2a: Inb4 hpfire
|-damage|p2a: Inb4 hpfire|36\/352 brn
|move|p2a: Inb4 hpfire|Leech Seed|p1a: Penumbra
|-start|p1a: Penumbra|move: Leech Seed
|
|-heal|p1a: Penumbra|164\/262|[from] item: Leftovers
|-heal|p2a: Inb4 hpfire|58\/352 brn|[from] item: Leftovers
|-damage|p1a: Penumbra|132\/262|[from] Leech Seed|[of] p2a: Inb4 hpfire
|-heal|p2a: Inb4 hpfire|90\/352 brn|[silent]
|-damage|p2a: Inb4 hpfire|46\/352 brn|[from] brn
|turn|7
|
|move|p2a: Inb4 hpfire|Protect|p2a: Inb4 hpfire
|-singleturn|p2a: Inb4 hpfire|Protect
|move|p1a: Penumbra|Shadow Ball|p2a: Inb4 hpfire
|-activate|p2a: Inb4 hpfire|Protect
|
|-heal|p1a: Penumbra|148\/262|[from] item: Leftovers
|-heal|p2a: Inb4 hpfire|68\/352 brn|[from] item: Leftovers
|-damage|p1a: Penumbra|116\/262|[from] Leech Seed|[of] p2a: Inb4 hpfire
|-heal|p2a: Inb4 hpfire|100\/352 brn|[silent]
|-damage|p2a: Inb4 hpfire|56\/352 brn|[from] brn
|turn|8
|
|switch|p2a: Shitfrog|Politoed, F|383\/383
|-weather|RainDance
|move|p1a: Penumbra|Shadow Ball|p2a: Shitfrog
|-damage|p2a: Shitfrog|271\/383
|
|-weather|RainDance|[upkeep]
|-heal|p1a: Penumbra|132\/262|[from] item: Leftovers
|-damage|p1a: Penumbra|100\/262|[from] Leech Seed|[of] p2a: Shitfrog
|-heal|p2a: Shitfrog|303\/383|[silent]
|turn|9
|
|switch|p1a: Shiitake|Breloom, M, shiny|262\/262
|-damage|p1a: Shiitake|246\/262|[from] Stealth Rock
|switch|p2a: Inb4 hpfire|Ferrothorn, M|56\/352 brn
|
|-weather|RainDance|[upkeep]
|-heal|p2a: Inb4 hpfire|78\/352 brn|[from] item: Leftovers
|-damage|p2a: Inb4 hpfire|34\/352 brn|[from] brn
|turn|10
|
|move|p1a: Shiitake|Bullet Seed|p2a: Inb4 hpfire
|-resisted|p2a: Inb4 hpfire
|-damage|p2a: Inb4 hpfire|23\/352 brn
|-resisted|p2a: Inb4 hpfire
|-damage|p2a: Inb4 hpfire|12\/352 brn
|-resisted|p2a: Inb4 hpfire
|-damage|p2a: Inb4 hpfire|1\/352 brn
|-hitcount|p2a: Inb4 hpfire|3
|move|p2a: Inb4 hpfire|Gyro Ball|p1a: Shiitake
|-damage|p1a: Shiitake|152\/262
|
|-weather|RainDance|[upkeep]
|-heal|p2a: Inb4 hpfire|23\/352 brn|[from] item: Leftovers
|-damage|p2a: Inb4 hpfire|0 fnt|[from] brn
|faint|p2a: Inb4 hpfire
|
|switch|p2a: Tornadus|Tornadus, M|270\/299
|turn|11
|
|move|p1a: Shiitake|Mach Punch|p2a: Tornadus
|-resisted|p2a: Tornadus
|-damage|p2a: Tornadus|190\/299
|move|p2a: Tornadus|Hurricane|p1a: Shiitake
|-supereffective|p1a: Shiitake
|-damage|p1a: Shiitake|0 fnt
|-damage|p2a: Tornadus|161\/299|[from] item: Life Orb
|faint|p1a: Shiitake
|
|-weather|RainDance|[upkeep]
|
|switch|p1a: Switchblade|Greninja, F|285\/285
|-damage|p1a: Switchblade|250\/285|[from] Stealth Rock
|turn|12
|
|switch|p2a: Sorry ;.;|Gothitelle, M|281\/281
|move|p1a: Switchblade|Surf|p2a: Sorry ;.;
|-start|p1a: Switchblade|typechange|Water|[from] Protean
|-damage|p2a: Sorry ;.;|107\/281
|
|-weather|RainDance|[upkeep]
|turn|13
|
|move|p1a: Switchblade|Surf|p2a: Sorry ;.;
|-crit|p2a: Sorry ;.;
|-damage|p2a: Sorry ;.;|0 fnt
|faint|p2a: Sorry ;.;
|
|-weather|RainDance|[upkeep]
|
|switch|p2a: Shitfrog|Politoed, F|303\/383
|turn|14
|
|move|p1a: Switchblade|Gunk Shot|p2a: Shitfrog|[miss]
|-start|p1a: Switchblade|typechange|Poison|[from] Protean
|-miss|p1a: Switchblade|p2a: Shitfrog
|move|p2a: Shitfrog|Scald|p1a: Switchblade
|-damage|p1a: Switchblade|70\/285
|
|-weather|RainDance|[upkeep]
|turn|15
|
|move|p1a: Switchblade|Dark Pulse|p2a: Shitfrog
|-start|p1a: Switchblade|typechange|Dark|[from] Protean
|-damage|p2a: Shitfrog|222\/383
|move|p2a: Shitfrog|Scald|p1a: Switchblade
|-damage|p1a: Switchblade|0 fnt
|faint|p1a: Switchblade
|
|-weather|none
|
|switch|p1a: ManBearPig|Mamoswine, M|245\/362
|-damage|p1a: ManBearPig|200\/362|[from] Stealth Rock
|turn|16
|
|switch|p2a: Tornadus|Tornadus, M|161\/299
|move|p1a: ManBearPig|Earthquake|p2a: Tornadus
|-immune|p2a: Tornadus|[msg]
|
|turn|17
|
|switch|p2a: Shitfrog|Politoed, F|222\/383
|-weather|RainDance
|move|p1a: ManBearPig|Ice Shard|p2a: Shitfrog
|-resisted|p2a: Shitfrog
|-damage|p2a: Shitfrog|164\/383
|-damage|p1a: ManBearPig|164\/362|[from] item: Life Orb
|
|-weather|RainDance|[upkeep]
|turn|18
|
|move|p1a: ManBearPig|Earthquake|p2a: Shitfrog
|-crit|p2a: Shitfrog
|-damage|p2a: Shitfrog|0 fnt
|-damage|p1a: ManBearPig|128\/362|[from] item: Life Orb
|faint|p2a: Shitfrog
|
|-weather|RainDance|[upkeep]
|
|switch|p2a: Mega-TeamPlayer|Swampert, F|366\/366
|turn|19
|
|detailschange|p2a: Mega-TeamPlayer|Swampert-Mega, F
|message|Swampert has Mega Evolved into Mega Swampert!
|move|p1a: ManBearPig|Earthquake|p2a: Mega-TeamPlayer
|-damage|p2a: Mega-TeamPlayer|154\/366
|-damage|p1a: ManBearPig|92\/362|[from] item: Life Orb
|move|p2a: Mega-TeamPlayer|Waterfall|p1a: ManBearPig
|-supereffective|p1a: ManBearPig
|-damage|p1a: ManBearPig|0 fnt
|faint|p1a: ManBearPig
|
|-weather|RainDance|[upkeep]
|
|switch|p1a: Smaug|Salamence, F, shiny|332\/332
|-damage|p1a: Smaug|249\/332|[from] Stealth Rock
|-ability|p1a: Smaug|Intimidate|[of] p2a: Mega-TeamPlayer
|-unboost|p2a: Mega-TeamPlayer|atk|1
|turn|20
|
|detailschange|p1a: Smaug|Salamence-Mega, F, shiny
|message|Salamence has Mega Evolved into Mega Salamence!
|move|p2a: Mega-TeamPlayer|Ice Punch|p1a: Smaug
|-supereffective|p1a: Smaug
|-damage|p1a: Smaug|17\/332
|move|p1a: Smaug|Dragon Dance|p1a: Smaug
|-boost|p1a: Smaug|atk|1
|-boost|p1a: Smaug|spe|1
|
|-weather|RainDance|[upkeep]
|turn|21
|
|switch|p2a: Tornadus|Tornadus, M|161\/299
|move|p1a: Smaug|Roost|p1a: Smaug
|-heal|p1a: Smaug|183\/332
|
|-weather|RainDance|[upkeep]
|turn|22
|
|move|p1a: Smaug|Return|p2a: Tornadus
|-damage|p2a: Tornadus|0 fnt
|faint|p2a: Tornadus
|
|-weather|RainDance|[upkeep]
|
|switch|p2a: Master?|Omastar, M|292\/292
|turn|23
|
|move|p1a: Smaug|Substitute|p1a: Smaug
|-start|p1a: Smaug|Substitute
|-damage|p1a: Smaug|100\/332
|move|p2a: Master?|Ice Beam|p1a: Smaug
|-supereffective|p1a: Smaug
|-end|p1a: Smaug|Substitute
|-damage|p2a: Master?|263\/292|[from] item: Life Orb
|
|-weather|RainDance|[upkeep]
|turn|24
|
|move|p1a: Smaug|Substitute|p1a: Smaug
|-start|p1a: Smaug|Substitute
|-damage|p1a: Smaug|17\/332
|move|p2a: Master?|Ice Beam|p1a: Smaug
|-supereffective|p1a: Smaug
|-end|p1a: Smaug|Substitute
|-damage|p2a: Master?|234\/292|[from] item: Life Orb
|
|-weather|none
|turn|25
|
|move|p1a: Smaug|Return|p2a: Master?
|-resisted|p2a: Master?
|-damage|p2a: Master?|78\/292
|move|p2a: Master?|Ice Beam|p1a: Smaug
|-supereffective|p1a: Smaug
|-damage|p1a: Smaug|0 fnt
|-damage|p2a: Master?|49\/292|[from] item: Life Orb
|faint|p1a: Smaug
|
|
|switch|p1a: Penumbra|Gengar, F|100\/262
|-damage|p1a: Penumbra|68\/262|[from] Stealth Rock
|turn|26
|
|move|p1a: Penumbra|Shadow Ball|p2a: Master?
|-damage|p2a: Master?|0 fnt
|faint|p2a: Master?
|
|-heal|p1a: Penumbra|84\/262|[from] item: Leftovers
|
|switch|p2a: Mega-TeamPlayer|Swampert-Mega, F|154\/366
|turn|27
|
|move|p1a: Penumbra|Shadow Ball|p2a: Mega-TeamPlayer
|-damage|p2a: Mega-TeamPlayer|33\/366
|move|p2a: Mega-TeamPlayer|Waterfall|p1a: Penumbra
|-damage|p1a: Penumbra|0 fnt
|faint|p1a: Penumbra
|
|win|SlurpuffIzFood
|raw|Ladder updating...
|raw|Syberia's rating: 1460 &rarr; <strong>1434<\/strong><br \/>(-26 for losing)
|raw|SlurpuffIzFood's rating: 1355 &rarr; <strong>1381<\/strong><br \/>(+26 for winning)
|c|âSlurpuffIzFood|gg
|leave|Syberia
|player|p1