|join|td;lr git gud
|join|SlurpuffIzFood
|player|p1|td;lr git gud|110
|player|p2|SlurpuffIzFood|172
|gametype|singles
|gen|6
|tier|ORAS OU
|rated
|rule|Sleep Clause Mod: Limit one foe put to sleep
|rule|Species Clause: Limit one of each PokÃ©mon
|rule|OHKO Clause: OHKO moves are banned
|rule|Moody Clause: Moody is banned
|rule|Evasion Moves Clause: Evasion moves are banned
|rule|Endless Battle Clause: Forcing endless battles is banned
|rule|HP Percentage Mod: HP is shown in percentages
|clearpoke
|poke|p1|Metagross
|poke|p1|Magnezone
|poke|p1|Latios, M
|poke|p1|Landorus-Therian, M
|poke|p1|Terrakion
|poke|p1|Rotom-Wash
|poke|p2|Sableye, F
|poke|p2|Mamoswine, F
|poke|p2|Klefki, M
|poke|p2|Mew
|poke|p2|Kyurem-Black
|poke|p2|Keldeo
|rule|Swagger Clause: Swagger is banned
|rule|Baton Pass Clause: Limit one PokÃ©mon knowing Baton Pass
|teampreview
|
|start
|switch|p1a: Soon|Rotom-Wash|304\/304
|switch|p2a: Kyurem-Black|Kyurem-Black|391\/391
|-ability|p2a: Kyurem-Black|Teravolt
|turn|1
|
|move|p2a: Kyurem-Black|Ice Beam|p1a: Soon
|-resisted|p1a: Soon
|-damage|p1a: Soon|200\/304
|-damage|p2a: Kyurem-Black|352\/391|[from] item: Life Orb
|move|p1a: Soon|Volt Switch|p2a: Kyurem-Black
|-resisted|p2a: Kyurem-Black
|-damage|p2a: Kyurem-Black|304\/391
|
|switch|p1a: Underwhelming|Metagross|302\/302
|
|turn|2
|
|detailschange|p1a: Underwhelming|Metagross-Mega
|message|Metagross has Mega Evolved into Mega Metagross!
|move|p2a: Kyurem-Black|Earth Power|p1a: Underwhelming
|-supereffective|p1a: Underwhelming
|-damage|p1a: Underwhelming|26\/302
|-damage|p2a: Kyurem-Black|265\/391|[from] item: Life Orb
|move|p1a: Underwhelming|Meteor Mash|p2a: Kyurem-Black
|-supereffective|p2a: Kyurem-Black
|-damage|p2a: Kyurem-Black|0 fnt
|faint|p2a: Kyurem-Black
|
|join|The King in Yellow
|
|switch|p2a: Sableye|Sableye, F|304\/304
|turn|3
|
|switch|p1a: Wait what?|Latios, M|302\/302
|detailschange|p2a: Sableye|Sableye-Mega, F
|message|Sableye has Mega Evolved into Mega Sableye!
|move|p2a: Sableye|Power-Up Punch|p1a: Wait what?
|-resisted|p1a: Wait what?
|-damage|p1a: Wait what?|281\/302
|-boost|p2a: Sableye|atk|1
|
|turn|4
|
|move|p2a: Sableye|Sucker Punch|p1a: Wait what?
|-supereffective|p1a: Wait what?
|-damage|p1a: Wait what?|0 fnt
|faint|p1a: Wait what?
|
|
|switch|p1a: The doctor|Landorus-Therian, M|382\/382
|-ability|p1a: The doctor|Intimidate|[of] p2a: Sableye
|-unboost|p2a: Sableye|atk|1
|turn|5
|
|move|p1a: The doctor|Earthquake|p2a: Sableye
|-damage|p2a: Sableye|136\/304
|move|p2a: Sableye|Power-Up Punch|p1a: The doctor
|-resisted|p1a: The doctor
|-damage|p1a: The doctor|362\/382
|-boost|p2a: Sableye|atk|1
|
|-heal|p1a: The doctor|382\/382|[from] item: Leftovers
|turn|6
|
|move|p2a: Sableye|Sucker Punch|p1a: The doctor
|-damage|p1a: The doctor|196\/382
|move|p1a: The doctor|Earthquake|p2a: Sableye
|-damage|p2a: Sableye|0 fnt
|faint|p2a: Sableye
|
|-heal|p1a: The doctor|219\/382|[from] item: Leftovers
|
|switch|p2a: Ifightformyfrens|Mamoswine, F|361\/361
|turn|7
|
|switch|p1a: Soon|Rotom-Wash|200\/304
|move|p2a: Ifightformyfrens|Superpower|p1a: Soon
|-damage|p1a: Soon|56\/304
|-unboost|p2a: Ifightformyfrens|atk|1
|-unboost|p2a: Ifightformyfrens|def|1
|-damage|p2a: Ifightformyfrens|325\/361|[from] item: Life Orb
|
|-heal|p1a: Soon|75\/304|[from] item: Leftovers
|turn|8
|
|move|p2a: Ifightformyfrens|Superpower|p1a: Soon
|-damage|p1a: Soon|0 fnt
|-unboost|p2a: Ifightformyfrens|atk|1
|-unboost|p2a: Ifightformyfrens|def|1
|-damage|p2a: Ifightformyfrens|289\/361|[from] item: Life Orb
|faint|p1a: Soon
|
|
|switch|p1a: Underwhelming|Metagross-Mega|26\/302
|turn|9
|
|switch|p2a: Mew|Mew|404\/404
|move|p1a: Underwhelming|Bullet Punch|p2a: Mew
|-damage|p2a: Mew|316\/404
|
|-heal|p2a: Mew|341\/404|[from] item: Leftovers
|turn|10
|
|switch|p1a: The doctor|Landorus-Therian, M|219\/382
|-ability|p1a: The doctor|Intimidate|[of] p2a: Mew
|-unboost|p2a: Mew|atk|1
|move|p2a: Mew|Will-O-Wisp|p1a: The doctor
|-status|p1a: The doctor|brn
|
|-heal|p2a: Mew|366\/404|[from] item: Leftovers
|-heal|p1a: The doctor|242\/382 brn|[from] item: Leftovers
|-damage|p1a: The doctor|195\/382 brn|[from] brn
|turn|11
|
|move|p2a: Mew|Stealth Rock|p1a: The doctor
|-sidestart|p1: td;lr git gud|move: Stealth Rock
|move|p1a: The doctor|Stealth Rock|p2a: Mew
|-sidestart|p2: SlurpuffIzFood|move: Stealth Rock
|
|-heal|p2a: Mew|391\/404|[from] item: Leftovers
|-heal|p1a: The doctor|218\/382 brn|[from] item: Leftovers
|-damage|p1a: The doctor|171\/382 brn|[from] brn
|turn|12
|
|move|p2a: Mew|Defog|p1a: The doctor
|-unboost|p1a: The doctor|evasion|1
|-sideend|p1: td;lr git gud|Stealth Rock|[from] move: Defog|[of] p1a: The doctor
|-sideend|p2: SlurpuffIzFood|Stealth Rock|[from] move: Defog|[of] p2a: Mew
|move|p1a: The doctor|Knock Off|p2a: Mew
|-supereffective|p2a: Mew
|-damage|p2a: Mew|271\/404
|-enditem|p2a: Mew|Leftovers|[from] move: Knock Off|[of] p1a: The doctor
|
|-heal|p1a: The doctor|194\/382 brn|[from] item: Leftovers
|-damage|p1a: The doctor|147\/382 brn|[from] brn
|turn|13
|
|move|p2a: Mew|Stealth Rock|p1a: The doctor
|-sidestart|p1: td;lr git gud|move: Stealth Rock
|move|p1a: The doctor|U-turn|p2a: Mew
|-crit|p2a: Mew
|-supereffective|p2a: Mew
|-damage|p2a: Mew|151\/404
|
|switch|p1a: Underwhelming|Metagross-Mega|26\/302
|-damage|p1a: Underwhelming|8\/302|[from] Stealth Rock
|
|turn|14
|
|move|p1a: Underwhelming|Meteor Mash|p2a: Mew
|-crit|p2a: Mew
|-damage|p2a: Mew|0 fnt
|faint|p2a: Mew
|
|
|switch|p2a: Keldeo|Keldeo|323\/323
|turn|15
|
|move|p2a: Keldeo|Scald|p1a: Underwhelming
|-crit|p1a: Underwhelming
|-damage|p1a: Underwhelming|0 fnt
|faint|p1a: Underwhelming
|
|
|switch|p1a: TRAPPED|Magnezone|282\/282
|-damage|p1a: TRAPPED|265\/282|[from] Stealth Rock
|turn|16
|
|switch|p2a: Ifightformyfrens|Mamoswine, F|289\/361
|move|p1a: TRAPPED|Volt Switch|p2a: Ifightformyfrens
|-immune|p2a: Ifightformyfrens|[msg]
|
|turn|17
|
|switch|p1a: The doctor|Landorus-Therian, M|147\/382 brn
|-damage|p1a: The doctor|100\/382 brn|[from] Stealth Rock
|-ability|p1a: The doctor|Intimidate|[of] p2a: Ifightformyfrens
|-unboost|p2a: Ifightformyfrens|atk|1
|move|p2a: Ifightformyfrens|Icicle Crash|p1a: The doctor
|-supereffective|p1a: The doctor
|-damage|p1a: The doctor|0 fnt
|-damage|p2a: Ifightformyfrens|253\/361|[from] item: Life Orb
|faint|p1a: The doctor
|
|
|switch|p1a: ASSWRECKER|Terrakion|323\/323
|-damage|p1a: ASSWRECKER|303\/323|[from] Stealth Rock
|turn|18
|
|switch|p2a: Klefki|Klefki, M|317\/317
|move|p1a: ASSWRECKER|Close Combat|p2a: Klefki
|-damage|p2a: Klefki|167\/317
|-unboost|p1a: ASSWRECKER|def|1
|-unboost|p1a: ASSWRECKER|spd|1
|
|-heal|p2a: Klefki|186\/317|[from] item: Leftovers
|turn|19
|
|switch|p1a: TRAPPED|Magnezone|265\/282
|-damage|p1a: TRAPPED|248\/282|[from] Stealth Rock
|move|p2a: Klefki|Play Rough|p1a: TRAPPED
|-resisted|p1a: TRAPPED
|-damage|p1a: TRAPPED|209\/282
|
|-heal|p2a: Klefki|205\/317|[from] item: Leftovers
|turn|20
|
|move|p1a: TRAPPED|Volt Switch|p2a: Klefki
|-damage|p2a: Klefki|58\/317
|
|switch|p1a: ASSWRECKER|Terrakion|303\/323
|-damage|p1a: ASSWRECKER|283\/323|[from] Stealth Rock
|move|p2a: Klefki|Play Rough|p1a: ASSWRECKER|[miss]
|-miss|p2a: Klefki|p1a: ASSWRECKER
|
|-heal|p2a: Klefki|77\/317|[from] item: Leftovers
|turn|21
|
|switch|p1a: TRAPPED|Magnezone|209\/282
|-damage|p1a: TRAPPED|192\/282|[from] Stealth Rock
|move|p2a: Klefki|Thunder Wave|p1a: TRAPPED
|-fail|p1a: TRAPPED
|
|-heal|p2a: Klefki|96\/317|[from] item: Leftovers
|turn|22
|
|move|p1a: TRAPPED|Volt Switch|p2a: Klefki
|-damage|p2a: Klefki|0 fnt
|faint|p2a: Klefki
|
|switch|p1a: ASSWRECKER|Terrakion|283\/323
|-damage|p1a: ASSWRECKER|263\/323|[from] Stealth Rock
|
|
|switch|p2a: Keldeo|Keldeo|323\/323
|turn|23
|
|move|p1a: ASSWRECKER|Close Combat|p2a: Keldeo
|-damage|p2a: Keldeo|77\/323
|-unboost|p1a: ASSWRECKER|def|1
|-unboost|p1a: ASSWRECKER|spd|1
|move|p2a: Keldeo|Scald|p1a: ASSWRECKER
|-supereffective|p1a: ASSWRECKER
|-damage|p1a: ASSWRECKER|0 fnt
|faint|p1a: ASSWRECKER
|
|c|âSlurpuffIzFood|gg
|
|switch|p1a: TRAPPED|Magnezone|192\/282
|-damage|p1a: TRAPPED|175\/282|[from] Stealth Rock
|turn|24
|
|move|p2a: Keldeo|Scald|p1a: TRAPPED
|-damage|p1a: TRAPPED|30\/282
|move|p1a: TRAPPED|Flash Cannon|p2a: Keldeo
|-resisted|p2a: Keldeo
|-damage|p2a: Keldeo|0 fnt
|faint|p2a: Keldeo
|
|
|switch|p2a: Ifightformyfrens|Mamoswine, F|253\/361
|turn|25
|
|move|p2a: Ifightformyfrens|Ice Shard|p1a: TRAPPED
|-resisted|p1a: TRAPPED
|-damage|p1a: TRAPPED|0 fnt
|-damage|p2a: Ifightformyfrens|217\/361|[from] item: Life Orb
|faint|p1a: TRAPPED
|
|win|SlurpuffIzFood
|raw|Ladder updating...
|raw|td;lr git gud's rating: 1528 &rarr; <strong>1506<\/strong><br \/>(-22 for losing)
|raw|SlurpuffIzFood's rating: 1497 &rarr; <strong>1519<\/strong><br \/>(+22 for winning)
|leave|td;lr git gud
|player|p1
|leave|The King in Yellow