|join|SlurpuffIzFood
|join|BlueCrow
|player|p1|SlurpuffIzFood|172
|player|p2|BlueCrow|209
|gametype|singles
|gen|6
|tier|ORAS OU
|rated
|rule|Sleep Clause Mod: Limit one foe put to sleep
|rule|Species Clause: Limit one of each PokÃ©mon
|rule|OHKO Clause: OHKO moves are banned
|rule|Moody Clause: Moody is banned
|rule|Evasion Moves Clause: Evasion moves are banned
|rule|Endless Battle Clause: Forcing endless battles is banned
|rule|HP Percentage Mod: HP is shown in percentages
|clearpoke
|poke|p1|Garchomp, F
|poke|p1|Manectric, M
|poke|p1|Landorus-Therian, M
|poke|p1|Tyranitar, F
|poke|p1|Keldeo
|poke|p1|Mew
|poke|p2|Rotom-Heat
|poke|p2|Nidoking, M
|poke|p2|Shuckle, F
|poke|p2|Salamence, F
|poke|p2|Venusaur, M
|poke|p2|Greninja, M
|rule|Swagger Clause: Swagger is banned
|rule|Baton Pass Clause: Limit one PokÃ©mon knowing Baton Pass
|teampreview
|
|start
|switch|p1a: Mew|Mew|404\/404
|switch|p2a: Enredadera|Shuckle, F|243\/243
|turn|1
|
|move|p1a: Mew|Taunt|p2a: Enredadera
|-start|p2a: Enredadera|move: Taunt
|-enditem|p2a: Enredadera|Mental Herb
|-end|p2a: Enredadera|move: Taunt
|move|p2a: Enredadera|Sticky Web|p1a: Mew
|-sidestart|p1: SlurpuffIzFood|move: Sticky Web
|
|turn|2
|
|move|p1a: Mew|Taunt|p2a: Enredadera
|-start|p2a: Enredadera|move: Taunt
|move|p2a: Enredadera|Knock Off|p1a: Mew
|-supereffective|p1a: Mew
|-damage|p1a: Mew|372\/404
|-enditem|p1a: Mew|Leftovers|[from] move: Knock Off|[of] p2a: Enredadera
|
|turn|3
|
|switch|p2a: Rotom-Heat|Rotom-Heat|210\/210
|move|p1a: Mew|Will-O-Wisp|p2a: Rotom-Heat
|-fail|p2a: Rotom-Heat
|
|turn|4
|
|switch|p1a: Manectric|Manectric, M|281\/281
|-activate|p1a: Manectric|move: Sticky Web
|-unboost|p1a: Manectric|spe|1
|move|p2a: Rotom-Heat|Volt Switch|p1a: Manectric
|-boost|p1a: Manectric|spa|1|[from] ability: Lightning Rod
|
|turn|5
|
|move|p1a: Manectric|Flamethrower|p2a: Rotom-Heat
|-resisted|p2a: Rotom-Heat
|-damage|p2a: Rotom-Heat|146\/210
|move|p2a: Rotom-Heat|Overheat|p1a: Manectric|[miss]
|-miss|p2a: Rotom-Heat|p1a: Manectric
|
|turn|6
|
|move|p1a: Manectric|Volt Switch|p2a: Rotom-Heat
|-resisted|p2a: Rotom-Heat
|-damage|p2a: Rotom-Heat|66\/210
|
|switch|p1a: Tyranitar|Tyranitar, F|403\/403
|-activate|p1a: Tyranitar|move: Sticky Web
|-unboost|p1a: Tyranitar|spe|1
|-weather|Sandstorm
|move|p2a: Rotom-Heat|Overheat|p1a: Tyranitar
|-resisted|p1a: Tyranitar
|-damage|p1a: Tyranitar|338\/403
|-unboost|p2a: Rotom-Heat|spa|2
|-damage|p2a: Rotom-Heat|45\/210|[from] item: Life Orb
|
|-weather|Sandstorm|[upkeep]
|-damage|p2a: Rotom-Heat|32\/210|[from] sandstorm
|-heal|p1a: Tyranitar|363\/403|[from] item: Leftovers
|turn|7
|
|move|p2a: Rotom-Heat|Pain Split|p1a: Tyranitar
|-sethp|p1a: Tyranitar|197\/403|p2a: Rotom-Heat|197\/210|[from] move: Pain Split
|move|p1a: Tyranitar|Superpower|p2a: Rotom-Heat
|-damage|p2a: Rotom-Heat|102\/210
|-unboost|p1a: Tyranitar|atk|1
|-unboost|p1a: Tyranitar|def|1
|
|-weather|Sandstorm|[upkeep]
|-damage|p2a: Rotom-Heat|89\/210|[from] sandstorm
|-heal|p1a: Tyranitar|222\/403|[from] item: Leftovers
|turn|8
|
|move|p2a: Rotom-Heat|Pain Split|p1a: Tyranitar
|-sethp|p1a: Tyranitar|155\/403|p2a: Rotom-Heat|155\/210|[from] move: Pain Split
|move|p1a: Tyranitar|Pursuit|p2a: Rotom-Heat
|-damage|p2a: Rotom-Heat|127\/210
|
|-weather|Sandstorm|[upkeep]
|-damage|p2a: Rotom-Heat|114\/210|[from] sandstorm
|-heal|p1a: Tyranitar|180\/403|[from] item: Leftovers
|turn|9
|
|move|p2a: Rotom-Heat|Thunder Wave|p1a: Tyranitar
|-status|p1a: Tyranitar|par
|cant|p1a: Tyranitar|par
|
|-weather|Sandstorm|[upkeep]
|-damage|p2a: Rotom-Heat|101\/210|[from] sandstorm
|-heal|p1a: Tyranitar|205\/403 par|[from] item: Leftovers
|turn|10
|
|switch|p1a: Manectric|Manectric, M|281\/281
|-activate|p1a: Manectric|move: Sticky Web
|-unboost|p1a: Manectric|spe|1
|move|p2a: Rotom-Heat|Pain Split|p1a: Manectric
|-sethp|p1a: Manectric|191\/281|p2a: Rotom-Heat|191\/210|[from] move: Pain Split
|
|-weather|none
|turn|11
|
|move|p1a: Manectric|Flamethrower|p2a: Rotom-Heat
|-resisted|p2a: Rotom-Heat
|-damage|p2a: Rotom-Heat|145\/210
|move|p2a: Rotom-Heat|Overheat|p1a: Manectric
|-damage|p1a: Manectric|0 fnt
|-unboost|p2a: Rotom-Heat|spa|2
|-damage|p2a: Rotom-Heat|124\/210|[from] item: Life Orb
|faint|p1a: Manectric
|
|
|switch|p1a: Keldeo|Keldeo|323\/323
|-activate|p1a: Keldeo|move: Sticky Web
|-unboost|p1a: Keldeo|spe|1
|turn|12
|
|switch|p1a: Landorus-Therian|Landorus-Therian, M|381\/381
|-ability|p1a: Landorus-Therian|Intimidate|[of] p2a: Rotom-Heat
|-unboost|p2a: Rotom-Heat|atk|1
|move|p2a: Rotom-Heat|Volt Switch|p1a: Landorus-Therian
|-immune|p1a: Landorus-Therian|[msg]
|
|turn|13
|
|move|p1a: Landorus-Therian|Stone Edge|p2a: Rotom-Heat
|-supereffective|p2a: Rotom-Heat
|-damage|p2a: Rotom-Heat|0 fnt
|faint|p2a: Rotom-Heat
|
|
|switch|p2a: Greninja|Greninja, M|285\/285
|turn|14
|
|switch|p1a: Mew|Mew|372\/404
|-activate|p1a: Mew|move: Sticky Web
|-unboost|p1a: Mew|spe|1
|move|p2a: Greninja|Ice Beam|p1a: Mew
|-start|p2a: Greninja|typechange|Ice|[from] Protean
|-damage|p1a: Mew|185\/404
|-damage|p2a: Greninja|257\/285|[from] item: Life Orb
|
|turn|15
|
|switch|p1a: Keldeo|Keldeo|323\/323
|-activate|p1a: Keldeo|move: Sticky Web
|-unboost|p1a: Keldeo|spe|1
|move|p2a: Greninja|Dark Pulse|p1a: Keldeo
|-start|p2a: Greninja|typechange|Dark|[from] Protean
|-resisted|p1a: Keldeo
|-damage|p1a: Keldeo|240\/323
|-boost|p1a: Keldeo|atk|1|[from] ability: Justified
|-damage|p2a: Greninja|229\/285|[from] item: Life Orb
|
|turn|16
|
|switch|p2a: Enredadera|Shuckle, F|243\/243
|switch|p1a: Garchomp|Garchomp, F|357\/357
|-activate|p1a: Garchomp|move: Sticky Web
|-unboost|p1a: Garchomp|spe|1
|
|turn|17
|
|move|p1a: Garchomp|Substitute|p1a: Garchomp
|-start|p1a: Garchomp|Substitute
|-damage|p1a: Garchomp|268\/357
|move|p2a: Enredadera|Encore|p1a: Garchomp
|-start|p1a: Garchomp|Encore
|
|turn|18
|
|switch|p1a: Landorus-Therian|Landorus-Therian, M|381\/381
|-ability|p1a: Landorus-Therian|Intimidate|[of] p2a: Enredadera
|-unboost|p2a: Enredadera|atk|1
|switch|p2a: Venusaur|Venusaur, M|345\/345
|
|turn|19
|
|detailschange|p2a: Venusaur|Venusaur-Mega, M
|message|Venusaur has Mega Evolved into Mega Venusaur!
|move|p1a: Landorus-Therian|Stealth Rock|p2a: Venusaur
|-sidestart|p2: BlueCrow|move: Stealth Rock
|move|p2a: Venusaur|Giga Drain|p1a: Landorus-Therian
|-damage|p1a: Landorus-Therian|204\/381
|
|-heal|p1a: Landorus-Therian|227\/381|[from] item: Leftovers
|turn|20
|
|move|p1a: Landorus-Therian|U-turn|p2a: Venusaur
|-damage|p2a: Venusaur|279\/345
|
|switch|p1a: Garchomp|Garchomp, F|268\/357
|-activate|p1a: Garchomp|move: Sticky Web
|-unboost|p1a: Garchomp|spe|1
|move|p2a: Venusaur|Giga Drain|p1a: Garchomp
|-damage|p1a: Garchomp|114\/357
|-heal|p2a: Venusaur|345\/345|[from] drain|[of] p1a: Garchomp
|
|turn|21
|-message|SlurpuffIzFood forfeited.
|
|win|BlueCrow
|raw|Ladder updating...
|leave|SlurpuffIzFood
|player|p1
|raw|SlurpuffIzFood's rating: 1300 &rarr; <strong>1274<\/strong><br \/>(-26 for losing)
|raw|BlueCrow's rating: 1185 &rarr; <strong>1218<\/strong><br \/>(+33 for winning)