|join|SlurpuffIzFood
|join|carbelerin
|player|p1|SlurpuffIzFood|172
|player|p2|carbelerin|265
|gametype|singles
|gen|6
|tier|ORAS OU
|rated
|rule|Sleep Clause Mod: Limit one foe put to sleep
|rule|Species Clause: Limit one of each PokÃ©mon
|rule|OHKO Clause: OHKO moves are banned
|rule|Moody Clause: Moody is banned
|rule|Evasion Moves Clause: Evasion moves are banned
|rule|Endless Battle Clause: Forcing endless battles is banned
|rule|HP Percentage Mod: HP is shown in percentages
|clearpoke
|poke|p1|Medicham, M
|poke|p1|Bisharp, M
|poke|p1|Thundurus, M
|poke|p1|Landorus-Therian, M
|poke|p1|Porygon2
|poke|p1|Greninja, M
|poke|p2|Steelix, M
|poke|p2|Tyranitar, M, shiny
|poke|p2|Charizard, F
|poke|p2|Greninja, M, shiny
|poke|p2|Ferrothorn, M, shiny
|poke|p2|Conkeldurr, F
|rule|Swagger Clause: Swagger is banned
|rule|Baton Pass Clause: Limit one PokÃ©mon knowing Baton Pass
|teampreview
|
|start
|switch|p1a: Landorus-Therian|Landorus-Therian, M|381\/381
|switch|p2a: Ferrothorn|Ferrothorn, M, shiny|352\/352
|-ability|p1a: Landorus-Therian|Intimidate|[of] p2a: Ferrothorn
|-unboost|p2a: Ferrothorn|atk|1
|turn|1
|
|move|p1a: Landorus-Therian|U-turn|p2a: Ferrothorn
|-damage|p2a: Ferrothorn|289\/352
|-damage|p1a: Landorus-Therian|334\/381|[from] ability: Iron Barbs|[of] p2a: Ferrothorn
|-damage|p1a: Landorus-Therian|271\/381|[from] item: Rocky Helmet|[of] p2a: Ferrothorn
|
|switch|p1a: Champ|Medicham, M|261\/261
|move|p2a: Ferrothorn|Leech Seed|p1a: Champ
|-start|p1a: Champ|move: Leech Seed
|
|-damage|p1a: Champ|229\/261|[from] Leech Seed|[of] p2a: Ferrothorn
|-heal|p2a: Ferrothorn|321\/352|[silent]
|turn|2
|
|switch|p1a: Greninja|Greninja, M|285\/285
|move|p2a: Ferrothorn|Protect|p2a: Ferrothorn
|-fail|p2a: Ferrothorn
|
|turn|3
|
|move|p1a: Greninja|Hidden Power|p2a: Ferrothorn
|-start|p1a: Greninja|typechange|Fire|[from] Protean
|-supereffective|p2a: Ferrothorn
|-damage|p2a: Ferrothorn|0 fnt
|-damage|p1a: Greninja|257\/285|[from] item: Life Orb
|faint|p2a: Ferrothorn
|
|join|spuun
|c|âSlurpuffIzFood|is that thaaat spuun?
|c|âSlurpuffIzFood|the yt one?
|
|switch|p2a: Greninja|Greninja, M, shiny|286\/286
|turn|4
|
|switch|p1a: Porygon2|Porygon2|373\/373
|-ability|p1a: Porygon2|Protean|[from] ability: Trace|[of] p2a: Greninja
|move|p2a: Greninja|U-turn|p1a: Porygon2
|-start|p2a: Greninja|typechange|Bug|[from] Protean
|-crit|p1a: Porygon2
|-damage|p1a: Porygon2|306\/373
|c| spuun|c:
|c|âSlurpuffIzFood|:]]
|
|switch|p2a: Conkeldurr|Conkeldurr, F|414\/414
|
|turn|5
|
|switch|p1a: Landorus-Therian|Landorus-Therian, M|271\/381
|-ability|p1a: Landorus-Therian|Intimidate|[of] p2a: Conkeldurr
|-unboost|p2a: Conkeldurr|atk|1
|move|p2a: Conkeldurr|Drain Punch|p1a: Landorus-Therian
|-resisted|p1a: Landorus-Therian
|-damage|p1a: Landorus-Therian|228\/381
|
|-heal|p1a: Landorus-Therian|251\/381|[from] item: Leftovers
|turn|6
|
|move|p1a: Landorus-Therian|U-turn|p2a: Conkeldurr
|-resisted|p2a: Conkeldurr
|-damage|p2a: Conkeldurr|375\/414
|
|switch|p1a: Champ|Medicham, M|229\/261
|move|p2a: Conkeldurr|Knock Off|p1a: Champ
|-damage|p1a: Champ|157\/261
|
|turn|7
|c| spuun|new computer, lost all teams, spectating for some fun ideas.
|c|âSlurpuffIzFood|:o
|
|detailschange|p1a: Champ|Medicham-Mega, M
|message|Medicham has Mega Evolved into Mega Medicham!
|move|p1a: Champ|High Jump Kick|p2a: Conkeldurr|[miss]
|-miss|p1a: Champ|p2a: Conkeldurr
|-damage|p1a: Champ|27\/261|[from] highjumpkick
|move|p2a: Conkeldurr|Drain Punch|p1a: Champ
|-resisted|p1a: Champ
|-damage|p1a: Champ|0 fnt
|-heal|p2a: Conkeldurr|389\/414|[from] drain|[of] p1a: Champ
|faint|p1a: Champ
|
|c|âSlurpuffIzFood|wow rly psycho cut okhos
|c|âcarbelerin|yep xd
|c|âcarbelerin|u want an a idea ?
|c|âSlurpuffIzFood|and u stayed in
|
|switch|p1a: Landorus-Therian|Landorus-Therian, M|251\/381
|-ability|p1a: Landorus-Therian|Intimidate|[of] p2a: Conkeldurr
|-unboost|p2a: Conkeldurr|atk|1
|turn|8
|c|âcarbelerin|weakneas policy rhyperior 
|
|move|p1a: Landorus-Therian|Earthquake|p2a: Conkeldurr
|-damage|p2a: Conkeldurr|211\/414
|move|p2a: Conkeldurr|Knock Off|p1a: Landorus-Therian
|-damage|p1a: Landorus-Therian|198\/381
|-enditem|p1a: Landorus-Therian|Leftovers|[from] move: Knock Off|[of] p2a: Conkeldurr
|
|turn|9
|
|switch|p2a: Charizard|Charizard, F|298\/298
|move|p1a: Landorus-Therian|U-turn|p2a: Charizard
|-resisted|p2a: Charizard
|-damage|p2a: Charizard|276\/298
|
|switch|p1a: Thundurus|Thundurus, M|299\/299
|
|turn|10
|c| spuun|hm.
|
|move|p1a: Thundurus|Thunder Wave|p2a: Charizard
|-status|p2a: Charizard|par
|move|p2a: Charizard|Ancient Power|p1a: Thundurus
|-supereffective|p1a: Thundurus
|-damage|p1a: Thundurus|86\/299
|-damage|p2a: Charizard|247\/298 par|[from] item: Life Orb
|
|turn|11
|c|âcarbelerin|for real 
|c|âcarbelerin|252 speed 252 def 
|c|âcarbelerin|adamant 
|c|âcarbelerin|rock polish
|c|âcarbelerin|ice punch 
|c|âcarbelerin|eartquake
|c|âcarbelerin|rock slide 
|c|âcarbelerin|pretty fun 
|
|move|p1a: Thundurus|Thunderbolt|p2a: Charizard
|-supereffective|p2a: Charizard
|-damage|p2a: Charizard|0 fnt
|-damage|p1a: Thundurus|57\/299|[from] item: Life Orb
|faint|p2a: Charizard
|
|
|switch|p2a: Greninja|Greninja, M, shiny|286\/286
|turn|12
|
|move|p1a: Thundurus|Thunder Wave|p2a: Greninja
|-status|p2a: Greninja|par
|move|p2a: Greninja|Hydro Pump|p1a: Thundurus
|-start|p2a: Greninja|typechange|Water|[from] Protean
|-damage|p1a: Thundurus|0 fnt
|faint|p1a: Thundurus
|
|c| spuun|p2 looks pretty fun too
|
|switch|p1a: Bisharp|Bisharp, M|271\/271
|turn|13
|c|âcarbelerin|o yeah thunderwave xd
|c|âSlurpuffIzFood|ye it is
|
|move|p1a: Bisharp|Knock Off|p2a: Greninja
|-damage|p2a: Greninja|0 fnt
|-enditem|p2a: Greninja|Wide Lens|[from] move: Knock Off|[of] p1a: Bisharp
|-damage|p1a: Bisharp|244\/271|[from] item: Life Orb
|faint|p2a: Greninja
|
|
|switch|p2a: Steelix|Steelix, M|354\/354
|turn|14
|
|switch|p1a: Landorus-Therian|Landorus-Therian, M|198\/381
|-ability|p1a: Landorus-Therian|Intimidate|[of] p2a: Steelix
|-unboost|p2a: Steelix|atk|1
|detailschange|p2a: Steelix|Steelix-Mega, M
|message|Steelix has Mega Evolved into Mega Steelix!
|move|p2a: Steelix|Curse|p2a: Steelix
|-boost|p2a: Steelix|atk|1
|-boost|p2a: Steelix|def|1
|-unboost|p2a: Steelix|spe|1
|
|turn|15
|
|move|p1a: Landorus-Therian|U-turn|p2a: Steelix
|-resisted|p2a: Steelix
|-damage|p2a: Steelix|345\/354
|
|switch|p1a: Greninja|Greninja, M|257\/285
|move|p2a: Steelix|Iron Head|p1a: Greninja
|-resisted|p1a: Greninja
|-damage|p1a: Greninja|175\/285
|
|turn|16
|
|switch|p2a: Tyranitar|Tyranitar, M, shiny|404\/404
|-weather|Sandstorm
|move|p1a: Greninja|Hydro Pump|p2a: Tyranitar
|-start|p1a: Greninja|typechange|Water|[from] Protean
|-supereffective|p2a: Tyranitar
|-damage|p2a: Tyranitar|89\/404
|-damage|p1a: Greninja|147\/285|[from] item: Life Orb
|
|-weather|Sandstorm|[upkeep]
|-damage|p1a: Greninja|130\/285|[from] sandstorm
|turn|17
|
|move|p1a: Greninja|Ice Beam|p2a: Tyranitar
|-start|p1a: Greninja|typechange|Ice|[from] Protean
|-damage|p2a: Tyranitar|0 fnt
|-damage|p1a: Greninja|102\/285|[from] item: Life Orb
|faint|p2a: Tyranitar
|
|-weather|Sandstorm|[upkeep]
|-damage|p1a: Greninja|85\/285|[from] sandstorm
|
|switch|p2a: Conkeldurr|Conkeldurr, F|211\/414
|turn|18
|
|switch|p1a: Landorus-Therian|Landorus-Therian, M|198\/381
|-ability|p1a: Landorus-Therian|Intimidate|[of] p2a: Conkeldurr
|-unboost|p2a: Conkeldurr|atk|1
|move|p2a: Conkeldurr|Drain Punch|p1a: Landorus-Therian
|-resisted|p1a: Landorus-Therian
|-damage|p1a: Landorus-Therian|156\/381
|-heal|p2a: Conkeldurr|232\/414|[from] drain|[of] p1a: Landorus-Therian
|
|-weather|Sandstorm|[upkeep]
|-damage|p2a: Conkeldurr|207\/414|[from] sandstorm
|turn|19
|
|move|p1a: Landorus-Therian|Earthquake|p2a: Conkeldurr
|-damage|p2a: Conkeldurr|42\/414
|move|p2a: Conkeldurr|Drain Punch|p1a: Landorus-Therian
|-resisted|p1a: Landorus-Therian
|-damage|p1a: Landorus-Therian|114\/381
|-heal|p2a: Conkeldurr|63\/414|[from] drain|[of] p1a: Landorus-Therian
|
|-weather|Sandstorm|[upkeep]
|-damage|p2a: Conkeldurr|38\/414|[from] sandstorm
|turn|20
|
|move|p1a: Landorus-Therian|Earthquake|p2a: Conkeldurr
|-damage|p2a: Conkeldurr|0 fnt
|faint|p2a: Conkeldurr
|
|-weather|Sandstorm|[upkeep]
|
|switch|p2a: Steelix|Steelix-Mega, M|345\/354
|turn|21
|
|move|p1a: Landorus-Therian|Earthquake|p2a: Steelix
|-supereffective|p2a: Steelix
|-damage|p2a: Steelix|223\/354
|move|p2a: Steelix|Curse|p2a: Steelix
|-boost|p2a: Steelix|atk|1
|-boost|p2a: Steelix|def|1
|-unboost|p2a: Steelix|spe|1
|
|-weather|Sandstorm|[upkeep]
|turn|22
|
|move|p1a: Landorus-Therian|Earthquake|p2a: Steelix
|-supereffective|p2a: Steelix
|-damage|p2a: Steelix|137\/354
|move|p2a: Steelix|Iron Head|p1a: Landorus-Therian
|-damage|p1a: Landorus-Therian|0 fnt
|faint|p1a: Landorus-Therian
|
|-weather|Sandstorm|[upkeep]
|
|switch|p1a: Greninja|Greninja, M|85\/285
|turn|23
|
|move|p1a: Greninja|Hydro Pump|p2a: Steelix|[miss]
|-start|p1a: Greninja|typechange|Water|[from] Protean
|-miss|p1a: Greninja|p2a: Steelix
|move|p2a: Steelix|Iron Head|p1a: Greninja
|-resisted|p1a: Greninja
|-damage|p1a: Greninja|0 fnt
|faint|p1a: Greninja
|
|-weather|none
|
|switch|p1a: Porygon2|Porygon2|306\/373
|-ability|p1a: Porygon2|Sand Force|[from] ability: Trace|[of] p2a: Steelix
|turn|24
|c|âSlurpuffIzFood|greninja u piece o sht
|
|move|p1a: Porygon2|Ice Beam|p2a: Steelix
|-damage|p2a: Steelix|55\/354
|move|p2a: Steelix|Rest|p2a: Steelix
|-status|p2a: Steelix|slp
|-heal|p2a: Steelix|354\/354 slp|[silent]
|-status|p2a: Steelix|slp|[from] move: Rest
|
|turn|25
|
|move|p1a: Porygon2|Ice Beam|p2a: Steelix
|-crit|p2a: Steelix
|-damage|p2a: Steelix|235\/354 slp
|cant|p2a: Steelix|slp
|move|p2a: Steelix|Sleep Talk|p2a: Steelix
|move|p2a: Steelix|Iron Head|p1a: Porygon2|[from]Sleep Talk
|-damage|p1a: Porygon2|206\/373
|
|turn|26
|
|move|p1a: Porygon2|Ice Beam|p2a: Steelix
|-damage|p2a: Steelix|157\/354 slp
|cant|p2a: Steelix|slp
|move|p2a: Steelix|Sleep Talk|p2a: Steelix
|move|p2a: Steelix|Iron Head|p1a: Porygon2|[from]Sleep Talk
|-damage|p1a: Porygon2|109\/373
|
|turn|27
|
|move|p1a: Porygon2|Ice Beam|p2a: Steelix
|-damage|p2a: Steelix|79\/354 slp
|-curestatus|p2a: Steelix|slp
|move|p2a: Steelix|Rest|p2a: Steelix
|-status|p2a: Steelix|slp
|-heal|p2a: Steelix|354\/354 slp|[silent]
|-status|p2a: Steelix|slp|[from] move: Rest
|
|turn|28
|
|move|p1a: Porygon2|Recover|p1a: Porygon2
|-heal|p1a: Porygon2|296\/373
|cant|p2a: Steelix|slp
|move|p2a: Steelix|Sleep Talk|p2a: Steelix
|move|p2a: Steelix|Curse|p2a: Steelix|[from]Sleep Talk
|-boost|p2a: Steelix|atk|1
|-boost|p2a: Steelix|def|1
|-unboost|p2a: Steelix|spe|1
|
|turn|29
|
|move|p1a: Porygon2|Ice Beam|p2a: Steelix
|-damage|p2a: Steelix|282\/354 slp
|cant|p2a: Steelix|slp
|move|p2a: Steelix|Sleep Talk|p2a: Steelix
|move|p2a: Steelix|Rest|p2a: Steelix|[from]Sleep Talk
|-fail|p2a: Steelix
|
|turn|30
|
|move|p1a: Porygon2|Ice Beam|p2a: Steelix
|-damage|p2a: Steelix|199\/354 slp
|-curestatus|p2a: Steelix|slp
|move|p2a: Steelix|Iron Head|p1a: Porygon2
|-damage|p1a: Porygon2|164\/373
|
|turn|31
|
|move|p1a: Porygon2|Ice Beam|p2a: Steelix
|-damage|p2a: Steelix|121\/354
|move|p2a: Steelix|Rest|p2a: Steelix
|-status|p2a: Steelix|slp
|-heal|p2a: Steelix|354\/354 slp|[silent]
|-status|p2a: Steelix|slp|[from] move: Rest
|
|turn|32
|
|move|p1a: Porygon2|Ice Beam|p2a: Steelix
|-damage|p2a: Steelix|281\/354 slp
|cant|p2a: Steelix|slp
|move|p2a: Steelix|Sleep Talk|p2a: Steelix
|move|p2a: Steelix|Rest|p2a: Steelix|[from]Sleep Talk
|-fail|p2a: Steelix
|
|turn|33
|
|move|p1a: Porygon2|Recover|p1a: Porygon2
|-heal|p1a: Porygon2|351\/373
|cant|p2a: Steelix|slp
|move|p2a: Steelix|Sleep Talk|p2a: Steelix
|move|p2a: Steelix|Curse|p2a: Steelix|[from]Sleep Talk
|-boost|p2a: Steelix|atk|1
|-boost|p2a: Steelix|def|1
|-unboost|p2a: Steelix|spe|1
|
|turn|34
|
|move|p1a: Porygon2|Ice Beam|p2a: Steelix
|-damage|p2a: Steelix|197\/354 slp
|-curestatus|p2a: Steelix|slp
|move|p2a: Steelix|Curse|p2a: Steelix
|-boost|p2a: Steelix|atk|1
|-boost|p2a: Steelix|def|1
|-unboost|p2a: Steelix|spe|1
|
|turn|35
|
|move|p1a: Porygon2|Ice Beam|p2a: Steelix
|-damage|p2a: Steelix|119\/354
|move|p2a: Steelix|Rest|p2a: Steelix
|-status|p2a: Steelix|slp
|-heal|p2a: Steelix|354\/354 slp|[silent]
|-status|p2a: Steelix|slp|[from] move: Rest
|
|turn|36
|
|move|p1a: Porygon2|Ice Beam|p2a: Steelix
|-damage|p2a: Steelix|271\/354 slp
|cant|p2a: Steelix|slp
|move|p2a: Steelix|Sleep Talk|p2a: Steelix
|move|p2a: Steelix|Rest|p2a: Steelix|[from]Sleep Talk
|-fail|p2a: Steelix
|
|turn|37
|
|move|p1a: Porygon2|Ice Beam|p2a: Steelix
|-damage|p2a: Steelix|198\/354 slp
|cant|p2a: Steelix|slp
|move|p2a: Steelix|Sleep Talk|p2a: Steelix
|move|p2a: Steelix|Rest|p2a: Steelix|[from]Sleep Talk
|-fail|p2a: Steelix
|
|turn|38
|
|move|p1a: Porygon2|Ice Beam|p2a: Steelix
|-damage|p2a: Steelix|120\/354 slp
|-curestatus|p2a: Steelix|slp
|move|p2a: Steelix|Rest|p2a: Steelix
|-status|p2a: Steelix|slp
|-heal|p2a: Steelix|354\/354 slp|[silent]
|-status|p2a: Steelix|slp|[from] move: Rest
|
|turn|39
|
|move|p1a: Porygon2|Ice Beam|p2a: Steelix
|-damage|p2a: Steelix|277\/354 slp
|cant|p2a: Steelix|slp
|move|p2a: Steelix|Sleep Talk|p2a: Steelix
|move|p2a: Steelix|Curse|p2a: Steelix|[from]Sleep Talk
|-boost|p2a: Steelix|atk|1
|-boost|p2a: Steelix|def|1
|-unboost|p2a: Steelix|spe|1
|
|turn|40
|
|move|p1a: Porygon2|Ice Beam|p2a: Steelix
|-damage|p2a: Steelix|198\/354 slp
|cant|p2a: Steelix|slp
|move|p2a: Steelix|Sleep Talk|p2a: Steelix
|move|p2a: Steelix|Rest|p2a: Steelix|[from]Sleep Talk
|-fail|p2a: Steelix
|
|turn|41
|
|move|p1a: Porygon2|Ice Beam|p2a: Steelix
|-damage|p2a: Steelix|114\/354 slp
|-curestatus|p2a: Steelix|slp
|move|p2a: Steelix|Iron Head|p1a: Porygon2
|-damage|p1a: Porygon2|126\/373
|
|turn|42
|
|move|p1a: Porygon2|Recover|p1a: Porygon2
|-heal|p1a: Porygon2|313\/373
|move|p2a: Steelix|Rest|p2a: Steelix
|-status|p2a: Steelix|slp
|-heal|p2a: Steelix|354\/354 slp|[silent]
|-status|p2a: Steelix|slp|[from] move: Rest
|
|turn|43
|
|switch|p1a: Bisharp|Bisharp, M|244\/271
|cant|p2a: Steelix|slp
|move|p2a: Steelix|Sleep Talk|p2a: Steelix
|move|p2a: Steelix|Rest|p2a: Steelix|[from]Sleep Talk
|-fail|p2a: Steelix
|
|turn|44
|
|move|p1a: Bisharp|Knock Off|p2a: Steelix
|-damage|p2a: Steelix|335\/354 slp
|-damage|p1a: Bisharp|217\/271|[from] item: Life Orb
|cant|p2a: Steelix|slp
|move|p2a: Steelix|Sleep Talk|p2a: Steelix
|move|p2a: Steelix|Iron Head|p1a: Bisharp|[from]Sleep Talk
|-resisted|p1a: Bisharp
|-damage|p1a: Bisharp|19\/271
|
|turn|45
|
|switch|p1a: Porygon2|Porygon2|313\/373
|-ability|p1a: Porygon2|Sand Force|[from] ability: Trace|[of] p2a: Steelix
|-curestatus|p2a: Steelix|slp
|move|p2a: Steelix|Curse|p2a: Steelix
|-boost|p2a: Steelix|atk|1
|-boost|p2a: Steelix|def|1
|-unboost|p2a: Steelix|spe|1
|
|turn|46
|
|move|p1a: Porygon2|Discharge|p2a: Steelix
|-immune|p2a: Steelix|[msg]
|move|p2a: Steelix|Iron Head|p1a: Porygon2
|-crit|p1a: Porygon2
|-damage|p1a: Porygon2|0 fnt
|faint|p1a: Porygon2
|
|
|switch|p1a: Bisharp|Bisharp, M|19\/271
|turn|47
|
|move|p1a: Bisharp|Sucker Punch|p2a: Steelix
|-damage|p2a: Steelix|316\/354
|-damage|p1a: Bisharp|0 fnt|[from] item: Life Orb
|faint|p1a: Bisharp
|
|win|carbelerin
|raw|Ladder updating...
|raw|SlurpuffIzFood's rating: 1396 &rarr; <strong>1367<\/strong><br \/>(-29 for losing)
|raw|carbelerin's rating: 1233 &rarr; <strong>1269<\/strong><br \/>(+36 for winning)
|leave|SlurpuffIzFood
|player|p1
|c|âcarbelerin|:)
|leave|spuun