|join|jek
|join|SlurpuffIzFood
|player|p1|jek|101
|player|p2|SlurpuffIzFood|172
|gametype|singles
|gen|6
|tier|ORAS OU
|rated
|rule|Sleep Clause Mod: Limit one foe put to sleep
|rule|Species Clause: Limit one of each PokÃ©mon
|rule|OHKO Clause: OHKO moves are banned
|rule|Moody Clause: Moody is banned
|rule|Evasion Moves Clause: Evasion moves are banned
|rule|Endless Battle Clause: Forcing endless battles is banned
|rule|HP Percentage Mod: HP is shown in percentages
|clearpoke
|poke|p1|Beedrill, M
|poke|p1|Weavile, M
|poke|p1|Starmie
|poke|p1|Latias, F
|poke|p1|Ferrothorn, F
|poke|p1|Landorus-Therian, M
|poke|p2|Sceptile, F
|poke|p2|Azumarill, F
|poke|p2|Heatran, F
|poke|p2|Mamoswine, M
|poke|p2|Crobat, M
|poke|p2|Clefable, F
|rule|Swagger Clause: Swagger is banned
|rule|Baton Pass Clause: Limit one PokÃ©mon knowing Baton Pass
|teampreview
|
|start
|switch|p1a: Beedrill|Beedrill, M|271\/271
|switch|p2a: Burd Jesus the 2nd|Crobat, M|311\/311
|turn|1
|
|detailschange|p1a: Beedrill|Beedrill-Mega, M
|message|Beedrill has Mega Evolved into Mega Beedrill!
|move|p1a: Beedrill|Protect|p1a: Beedrill
|-singleturn|p1a: Beedrill|Protect
|move|p2a: Burd Jesus the 2nd|U-turn|p1a: Beedrill
|-activate|p1a: Beedrill|Protect
|
|turn|2
|
|switch|p2a: Standard|Heatran, F|385\/385
|move|p1a: Beedrill|U-turn|p2a: Standard
|-resisted|p2a: Standard
|-damage|p2a: Standard|339\/385
|
|switch|p1a: Landorus-Therian|Landorus-Therian, M|377\/377
|-ability|p1a: Landorus-Therian|Intimidate|[of] p2a: Standard
|-unboost|p2a: Standard|atk|1
|
|-heal|p2a: Standard|363\/385|[from] item: Leftovers
|turn|3
|
|move|p1a: Landorus-Therian|U-turn|p2a: Standard
|-resisted|p2a: Standard
|-damage|p2a: Standard|345\/385
|
|switch|p1a: Latias|Latias, F|301\/301
|move|p2a: Standard|Toxic|p1a: Latias
|-status|p1a: Latias|tox
|
|-heal|p2a: Standard|369\/385|[from] item: Leftovers
|-damage|p1a: Latias|283\/301 tox|[from] psn
|turn|4
|c|âjek|that was real
|c|âSlurpuffIzFood|lol
|
|switch|p1a: Starmie|Starmie|271\/271
|move|p2a: Standard|Stealth Rock|p1a: Starmie
|-sidestart|p1: jek|move: Stealth Rock
|
|-heal|p2a: Standard|385\/385|[from] item: Leftovers
|turn|5
|c|âSlurpuffIzFood|ik im learning to be a man
|
|switch|p2a: Bopbopbop|Clefable, F|393\/393
|move|p1a: Starmie|Trick|p2a: Bopbopbop
|-activate|p1a: Starmie|move: Trick|[of] p2a: Bopbopbop
|-item|p2a: Bopbopbop|Choice Scarf|[from] move: Trick
|-item|p1a: Starmie|Leftovers|[from] move: Trick
|
|turn|6
|c|âjek|:>
|c|âjek|us both
|
|switch|p1a: Ferrothorn|Ferrothorn, F|352\/352
|-damage|p1a: Ferrothorn|330\/352|[from] Stealth Rock
|move|p2a: Bopbopbop|Moonblast|p1a: Ferrothorn
|-resisted|p1a: Ferrothorn
|-damage|p1a: Ferrothorn|295\/352
|
|turn|7
|c|âSlurpuffIzFood|but my manliness, sadly has caused me to lose like 5 battles in a row
|
|switch|p2a: Standard|Heatran, F|385\/385
|move|p1a: Ferrothorn|Gyro Ball|p2a: Standard
|-resisted|p2a: Standard
|-damage|p2a: Standard|352\/385
|
|-heal|p2a: Standard|376\/385|[from] item: Leftovers
|turn|8
|c|âjek|but manliness doe
|c|âjek|is something
|
|switch|p2a: Frenship Bunny!|Azumarill, F|381\/381
|switch|p1a: Landorus-Therian|Landorus-Therian, M|377\/377
|-damage|p1a: Landorus-Therian|330\/377|[from] Stealth Rock
|-ability|p1a: Landorus-Therian|Intimidate|[of] p2a: Frenship Bunny!
|-unboost|p2a: Frenship Bunny!|atk|1
|
|-heal|p1a: Landorus-Therian|353\/377|[from] item: Leftovers
|turn|9
|c|âjek|look atchu
|c|âSlurpuffIzFood|:]
|
|move|p1a: Landorus-Therian|U-turn|p2a: Frenship Bunny!
|-resisted|p2a: Frenship Bunny!
|-damage|p2a: Frenship Bunny!|336\/381
|
|switch|p1a: Ferrothorn|Ferrothorn, F|295\/352
|-damage|p1a: Ferrothorn|273\/352|[from] Stealth Rock
|move|p2a: Frenship Bunny!|Superpower|p1a: Ferrothorn
|-supereffective|p1a: Ferrothorn
|-damage|p1a: Ferrothorn|23\/352
|-damage|p2a: Frenship Bunny!|289\/381|[from] ability: Iron Barbs|[of] p1a: Ferrothorn
|-unboost|p2a: Frenship Bunny!|atk|1
|-unboost|p2a: Frenship Bunny!|def|1
|
|turn|10
|c|âjek|big boy pants 4u
|
|move|p1a: Ferrothorn|Protect|p1a: Ferrothorn
|-singleturn|p1a: Ferrothorn|Protect
|move|p2a: Frenship Bunny!|Superpower|p1a: Ferrothorn
|-activate|p1a: Ferrothorn|Protect
|
|turn|11
|c|âSlurpuffIzFood|:]
|
|move|p2a: Frenship Bunny!|Superpower|p1a: Ferrothorn
|-supereffective|p1a: Ferrothorn
|-damage|p1a: Ferrothorn|0 fnt
|-damage|p2a: Frenship Bunny!|242\/381|[from] ability: Iron Barbs|[of] p1a: Ferrothorn
|-unboost|p2a: Frenship Bunny!|atk|1
|-unboost|p2a: Frenship Bunny!|def|1
|faint|p1a: Ferrothorn
|
|
|switch|p1a: Beedrill|Beedrill-Mega, M|271\/271
|-damage|p1a: Beedrill|204\/271|[from] Stealth Rock
|turn|12
|
|switch|p2a: Ifightformyfrens|Mamoswine, M|361\/361
|move|p1a: Beedrill|Poison Jab|p2a: Ifightformyfrens
|-resisted|p2a: Ifightformyfrens
|-damage|p2a: Ifightformyfrens|228\/361
|
|turn|13
|c|âjek|fren pls
|
|move|p2a: Ifightformyfrens|Ice Shard|p1a: Beedrill
|-damage|p1a: Beedrill|0 fnt
|-damage|p2a: Ifightformyfrens|192\/361|[from] item: Life Orb
|faint|p1a: Beedrill
|
|c|âjek|oh god
|c|âSlurpuffIzFood|haha paper
|c|âjek|i forgot im a bee
|c|âSlurpuffIzFood|lol
|
|switch|p1a: Starmie|Starmie|271\/271
|-damage|p1a: Starmie|238\/271|[from] Stealth Rock
|turn|14
|
|switch|p2a: Bopbopbop|Clefable, F|393\/393
|move|p1a: Starmie|Rapid Spin|p2a: Bopbopbop
|-damage|p2a: Bopbopbop|383\/393
|-sideend|p1: jek|Stealth Rock|[from] move: Rapid Spin|[of] p1a: Starmie
|
|-heal|p1a: Starmie|254\/271|[from] item: Leftovers
|turn|15
|
|move|p1a: Starmie|Trick|p2a: Bopbopbop
|-activate|p1a: Starmie|move: Trick|[of] p2a: Bopbopbop
|-item|p2a: Bopbopbop|Leftovers|[from] move: Trick
|-item|p1a: Starmie|Choice Scarf|[from] move: Trick
|move|p2a: Bopbopbop|Moonblast|p1a: Starmie
|-damage|p1a: Starmie|142\/271
|
|-heal|p2a: Bopbopbop|393\/393|[from] item: Leftovers
|turn|16
|c|âjek|misclick ok
|c|âSlurpuffIzFood|lol
|c|âjek|dont m8
|
|switch|p2a: Burd Jesus the 2nd|Crobat, M|311\/311
|move|p1a: Starmie|Psyshock|p2a: Burd Jesus the 2nd
|-supereffective|p2a: Burd Jesus the 2nd
|-damage|p2a: Burd Jesus the 2nd|5\/311
|
|turn|17
|c|âjek|boop
|
|move|p1a: Starmie|Psyshock|p2a: Burd Jesus the 2nd
|-supereffective|p2a: Burd Jesus the 2nd
|-damage|p2a: Burd Jesus the 2nd|0 fnt
|faint|p2a: Burd Jesus the 2nd
|
|
|switch|p2a: Standard|Heatran, F|376\/385
|turn|18
|
|move|p1a: Starmie|Psyshock|p2a: Standard
|-resisted|p2a: Standard
|-damage|p2a: Standard|317\/385
|move|p2a: Standard|Toxic|p1a: Starmie
|-status|p1a: Starmie|tox
|
|-heal|p2a: Standard|341\/385|[from] item: Leftovers
|-damage|p1a: Starmie|126\/271 tox|[from] psn
|turn|19
|
|switch|p1a: Weavile|Weavile, M|281\/281
|move|p2a: Standard|Toxic|p1a: Weavile
|-status|p1a: Weavile|tox
|
|-heal|p2a: Standard|365\/385|[from] item: Leftovers
|-damage|p1a: Weavile|264\/281 tox|[from] psn
|turn|20
|
|move|p1a: Weavile|Low Kick|p2a: Standard
|-crit|p2a: Standard
|-supereffective|p2a: Standard
|-damage|p2a: Standard|0 fnt
|-damage|p1a: Weavile|236\/281 tox|[from] item: Life Orb
|faint|p2a: Standard
|
|-damage|p1a: Weavile|202\/281 tox|[from] psn
|c|âjek|NOT SORRY
|
|switch|p2a: Bopbopbop|Clefable, F|393\/393
|turn|21
|c|âSlurpuffIzFood|lol
|
|switch|p1a: Landorus-Therian|Landorus-Therian, M|353\/377
|-ability|p1a: Landorus-Therian|Intimidate|[of] p2a: Bopbopbop
|-unboost|p2a: Bopbopbop|atk|1
|move|p2a: Bopbopbop|Moonblast|p1a: Landorus-Therian
|-damage|p1a: Landorus-Therian|215\/377
|
|-heal|p1a: Landorus-Therian|238\/377|[from] item: Leftovers
|turn|22
|
|move|p1a: Landorus-Therian|Earthquake|p2a: Bopbopbop
|-damage|p2a: Bopbopbop|260\/393
|move|p2a: Bopbopbop|Moonblast|p1a: Landorus-Therian
|-damage|p1a: Landorus-Therian|112\/377
|
|-heal|p1a: Landorus-Therian|135\/377|[from] item: Leftovers
|-heal|p2a: Bopbopbop|284\/393|[from] item: Leftovers
|turn|23
|
|move|p1a: Landorus-Therian|Earthquake|p2a: Bopbopbop
|-damage|p2a: Bopbopbop|130\/393
|move|p2a: Bopbopbop|Soft-Boiled|p2a: Bopbopbop
|-heal|p2a: Bopbopbop|327\/393
|
|-heal|p1a: Landorus-Therian|158\/377|[from] item: Leftovers
|-heal|p2a: Bopbopbop|351\/393|[from] item: Leftovers
|turn|24
|
|move|p1a: Landorus-Therian|Earthquake|p2a: Bopbopbop
|-damage|p2a: Bopbopbop|209\/393
|move|p2a: Bopbopbop|Moonblast|p1a: Landorus-Therian
|-damage|p1a: Landorus-Therian|23\/377
|
|-heal|p1a: Landorus-Therian|46\/377|[from] item: Leftovers
|-heal|p2a: Bopbopbop|233\/393|[from] item: Leftovers
|turn|25
|
|move|p1a: Landorus-Therian|Earthquake|p2a: Bopbopbop
|-damage|p2a: Bopbopbop|92\/393
|move|p2a: Bopbopbop|Soft-Boiled|p2a: Bopbopbop
|-heal|p2a: Bopbopbop|289\/393
|
|-heal|p1a: Landorus-Therian|69\/377|[from] item: Leftovers
|-heal|p2a: Bopbopbop|313\/393|[from] item: Leftovers
|turn|26
|
|move|p1a: Landorus-Therian|Earthquake|p2a: Bopbopbop
|-damage|p2a: Bopbopbop|163\/393
|move|p2a: Bopbopbop|Soft-Boiled|p2a: Bopbopbop
|-heal|p2a: Bopbopbop|360\/393
|
|-heal|p1a: Landorus-Therian|92\/377|[from] item: Leftovers
|-heal|p2a: Bopbopbop|384\/393|[from] item: Leftovers
|turn|27
|
|move|p1a: Landorus-Therian|Earthquake|p2a: Bopbopbop
|-damage|p2a: Bopbopbop|240\/393
|move|p2a: Bopbopbop|Moonblast|p1a: Landorus-Therian
|-damage|p1a: Landorus-Therian|0 fnt
|faint|p1a: Landorus-Therian
|
|-heal|p2a: Bopbopbop|264\/393|[from] item: Leftovers
|c|âSlurpuffIzFood|bopbopbop
|
|switch|p1a: Latias|Latias, F|283\/301 tox
|turn|28
|
|move|p1a: Latias|Psyshock|p2a: Bopbopbop
|-damage|p2a: Bopbopbop|107\/393
|-damage|p1a: Latias|253\/301 tox|[from] item: Life Orb
|move|p2a: Bopbopbop|Soft-Boiled|p2a: Bopbopbop
|-heal|p2a: Bopbopbop|304\/393
|
|-heal|p2a: Bopbopbop|328\/393|[from] item: Leftovers
|-damage|p1a: Latias|235\/301 tox|[from] psn
|turn|29
|
|move|p1a: Latias|Healing Wish|p1a: Latias
|faint|p1a: Latias
|move|p2a: Bopbopbop|Moonblast|p1: Latias|[notarget]
|-notarget
|
|-heal|p2a: Bopbopbop|352\/393|[from] item: Leftovers
|
|switch|p1a: Starmie|Starmie|126\/271
|-heal|p1a: Starmie|271\/271|[from] move: Healing Wish
|turn|30
|
|switch|p2a: Worst-Mega|Sceptile, F|281\/281
|move|p1a: Starmie|Psyshock|p2a: Worst-Mega
|-crit|p2a: Worst-Mega
|-damage|p2a: Worst-Mega|31\/281
|
|turn|31
|c|âjek|no wai worst mega
|
|detailschange|p2a: Worst-Mega|Sceptile-Mega, F
|message|Sceptile has Mega Evolved into Mega Sceptile!
|move|p1a: Starmie|Psyshock|p2a: Worst-Mega
|-damage|p2a: Worst-Mega|0 fnt
|faint|p2a: Worst-Mega
|
|c|âSlurpuffIzFood|no real enough
|c|âSlurpuffIzFood|y u no trick
|
|switch|p2a: Frenship Bunny!|Azumarill, F|242\/381
|turn|32
|c|âjek|too real
|
|move|p1a: Starmie|Psyshock|p2a: Frenship Bunny!
|-damage|p2a: Frenship Bunny!|98\/381
|move|p2a: Frenship Bunny!|Play Rough|p1a: Starmie
|-damage|p1a: Starmie|0 fnt
|faint|p1a: Starmie
|
|
|switch|p1a: Weavile|Weavile, M|202\/281 tox
|turn|33
|c|âjek|gg fren
|c|âSlurpuffIzFood|frenship!
|
|move|p1a: Weavile|Icicle Crash|p2a: Frenship Bunny!
|-resisted|p2a: Frenship Bunny!
|-damage|p2a: Frenship Bunny!|0 fnt
|-damage|p1a: Weavile|174\/281 tox|[from] item: Life Orb
|faint|p2a: Frenship Bunny!
|
|-damage|p1a: Weavile|157\/281 tox|[from] psn
|c|âSlurpuffIzFood|gg
|c|âSlurpuffIzFood|nice real enough to miss the miss
|c|âjek|bring dinoelephant in
|c|âSlurpuffIzFood|risk the miss*
|
|switch|p2a: Ifightformyfrens|Mamoswine, M|192\/361
|turn|34
|c|âSlurpuffIzFood|low kick me
|
|move|p2a: Ifightformyfrens|Ice Shard|p1a: Weavile
|-resisted|p1a: Weavile
|-damage|p1a: Weavile|79\/281 tox
|-damage|p2a: Ifightformyfrens|156\/361|[from] item: Life Orb
|move|p1a: Weavile|Low Kick|p2a: Ifightformyfrens
|-supereffective|p2a: Ifightformyfrens
|-damage|p2a: Ifightformyfrens|0 fnt
|-damage|p1a: Weavile|51\/281 tox|[from] item: Life Orb
|faint|p2a: Ifightformyfrens
|
|-damage|p1a: Weavile|17\/281 tox|[from] psn
|c|âjek|k now we getn real
|
|switch|p2a: Bopbopbop|Clefable, F|352\/393
|turn|35
|c|âjek|will i
|c|âjek|get the real flinch
|c|âjek|wont matter
|c|âjek|but will be kek
|c|âSlurpuffIzFood|lol
|
|move|p1a: Weavile|Icicle Crash|p2a: Bopbopbop
|-damage|p2a: Bopbopbop|180\/393
|-damage|p1a: Weavile|0 fnt|[from] item: Life Orb
|faint|p1a: Weavile
|
|win|SlurpuffIzFood
|raw|Ladder updating...
|raw|jek's rating: 1373 &rarr; <strong>1351<\/strong><br \/>(-22 for losing)
|raw|SlurpuffIzFood's rating: 1353 &rarr; <strong>1374<\/strong><br \/>(+21 for winning)
|c|âjek|aw
|c|âjek|:>
|c|âjek|gg
|c|âSlurpuffIzFood|haha
|c|âSlurpuffIzFood|gg
|c|âjek|2real9mi
|c|âjek|man on
|c|âSlurpuffIzFood|:]
|c|âjek|frens 4eva