|join|SlurpuffIzFood
|join|machicoulis
|player|p1|SlurpuffIzFood|172
|player|p2|machicoulis|43
|gametype|singles
|gen|6
|tier|ORAS OU
|rated
|rule|Sleep Clause Mod: Limit one foe put to sleep
|rule|Species Clause: Limit one of each PokÃ©mon
|rule|OHKO Clause: OHKO moves are banned
|rule|Moody Clause: Moody is banned
|rule|Evasion Moves Clause: Evasion moves are banned
|rule|Endless Battle Clause: Forcing endless battles is banned
|rule|HP Percentage Mod: HP is shown in percentages
|clearpoke
|poke|p1|Sceptile, M
|poke|p1|Azumarill, M
|poke|p1|Heatran, M
|poke|p1|Mamoswine, F
|poke|p1|Mandibuzz, F
|poke|p1|Conkeldurr, F
|poke|p2|Umbreon, M, shiny
|poke|p2|Porygon-Z
|poke|p2|Sylveon, F
|poke|p2|Thundurus, M
|poke|p2|Lopunny, F
|poke|p2|Hippowdon, F, shiny
|rule|Swagger Clause: Swagger is banned
|rule|Baton Pass Clause: Limit one PokÃ©mon knowing Baton Pass
|teampreview
|
|start
|switch|p1a: Mandibuzz|Mandibuzz, F|423\/423
|switch|p2a: Hippowdon|Hippowdon, F, shiny|420\/420
|turn|1
|
|move|p1a: Mandibuzz|Taunt|p2a: Hippowdon
|-start|p2a: Hippowdon|move: Taunt
|move|p2a: Hippowdon|Rock Tomb|p1a: Mandibuzz
|-supereffective|p1a: Mandibuzz
|-damage|p1a: Mandibuzz|347\/423
|-unboost|p1a: Mandibuzz|spe|1
|
|-heal|p1a: Mandibuzz|373\/423|[from] item: Leftovers
|turn|2
|
|switch|p2a: Umbreon|Umbreon, M, shiny|394\/394
|move|p1a: Mandibuzz|Foul Play|p2a: Umbreon
|-resisted|p2a: Umbreon
|-damage|p2a: Umbreon|373\/394
|
|-heal|p2a: Umbreon|394\/394|[from] item: Leftovers
|-heal|p1a: Mandibuzz|399\/423|[from] item: Leftovers
|turn|3
|
|switch|p1a: Frenship Bunny!|Azumarill, M|362\/362
|move|p2a: Umbreon|Foul Play|p1a: Frenship Bunny!
|-resisted|p1a: Frenship Bunny!
|-damage|p1a: Frenship Bunny!|296\/362
|
|turn|4
|
|move|p1a: Frenship Bunny!|Waterfall|p2a: Umbreon
|-damage|p2a: Umbreon|214\/394
|move|p2a: Umbreon|Yawn|p1a: Frenship Bunny!
|-start|p1a: Frenship Bunny!|move: Yawn|[of] p2a: Umbreon
|
|-heal|p2a: Umbreon|238\/394|[from] item: Leftovers
|turn|5
|
|switch|p1a: Ifightformyfrens|Mamoswine, F|361\/361
|switch|p2a: Hippowdon|Hippowdon, F, shiny|420\/420
|
|turn|6
|
|move|p1a: Ifightformyfrens|Icicle Crash|p2a: Hippowdon
|-supereffective|p2a: Hippowdon
|-damage|p2a: Hippowdon|163\/420
|-damage|p1a: Ifightformyfrens|325\/361|[from] item: Life Orb
|move|p2a: Hippowdon|Stealth Rock|p1a: Ifightformyfrens
|-sidestart|p1: SlurpuffIzFood|move: Stealth Rock
|
|-heal|p2a: Hippowdon|189\/420|[from] item: Leftovers
|turn|7
|
|move|p1a: Ifightformyfrens|Icicle Crash|p2a: Hippowdon
|-supereffective|p2a: Hippowdon
|-damage|p2a: Hippowdon|0 fnt
|-damage|p1a: Ifightformyfrens|289\/361|[from] item: Life Orb
|faint|p2a: Hippowdon
|
|
|switch|p2a: Lopunny|Lopunny, F|271\/271
|turn|8
|
|switch|p1a: Mandibuzz|Mandibuzz, F|399\/423
|-damage|p1a: Mandibuzz|294\/423|[from] Stealth Rock
|detailschange|p2a: Lopunny|Lopunny-Mega, F
|message|Lopunny has Mega Evolved into Mega Lopunny!
|move|p2a: Lopunny|Power-Up Punch|p1a: Mandibuzz
|-damage|p1a: Mandibuzz|243\/423
|-boost|p2a: Lopunny|atk|1
|
|-heal|p1a: Mandibuzz|269\/423|[from] item: Leftovers
|turn|9
|
|move|p2a: Lopunny|Return|p1a: Mandibuzz
|-damage|p1a: Mandibuzz|65\/423
|move|p1a: Mandibuzz|Foul Play|p2a: Lopunny
|-resisted|p2a: Lopunny
|-damage|p2a: Lopunny|126\/271
|
|-heal|p1a: Mandibuzz|91\/423|[from] item: Leftovers
|turn|10
|
|move|p2a: Lopunny|Drain Punch|p1a: Mandibuzz
|-damage|p1a: Mandibuzz|0 fnt
|-heal|p2a: Lopunny|172\/271|[from] drain|[of] p1a: Mandibuzz
|faint|p1a: Mandibuzz
|
|
|switch|p1a: Ifightformyfrens|Mamoswine, F|289\/361
|-damage|p1a: Ifightformyfrens|244\/361|[from] Stealth Rock
|turn|11
|
|move|p1a: Ifightformyfrens|Ice Shard|p2a: Lopunny
|-damage|p2a: Lopunny|69\/271
|-damage|p1a: Ifightformyfrens|208\/361|[from] item: Life Orb
|move|p2a: Lopunny|Drain Punch|p1a: Ifightformyfrens
|-supereffective|p1a: Ifightformyfrens
|-damage|p1a: Ifightformyfrens|0 fnt
|-heal|p2a: Lopunny|173\/271|[from] drain|[of] p1a: Ifightformyfrens
|faint|p1a: Ifightformyfrens
|
|
|switch|p1a: Conkeldurr|Conkeldurr, F|413\/413
|-damage|p1a: Conkeldurr|388\/413|[from] Stealth Rock
|turn|12
|
|move|p1a: Conkeldurr|Mach Punch|p2a: Lopunny
|-supereffective|p2a: Lopunny
|-damage|p2a: Lopunny|0 fnt
|faint|p2a: Lopunny
|
|
|switch|p2a: Sylveon|Sylveon, F|332\/332
|turn|13
|
|move|p2a: Sylveon|Psyshock|p1a: Conkeldurr
|-supereffective|p1a: Conkeldurr
|-damage|p1a: Conkeldurr|112\/413
|move|p1a: Conkeldurr|Poison Jab|p2a: Sylveon
|-supereffective|p2a: Sylveon
|-damage|p2a: Sylveon|0 fnt
|faint|p2a: Sylveon
|
|
|switch|p2a: Thundurus|Thundurus, M|300\/300
|turn|14
|
|switch|p1a: Standard|Heatran, M|385\/385
|-damage|p1a: Standard|337\/385|[from] Stealth Rock
|move|p2a: Thundurus|Thunderbolt|p1a: Standard
|-damage|p1a: Standard|220\/385
|
|-heal|p1a: Standard|244\/385|[from] item: Leftovers
|turn|15
|
|move|p2a: Thundurus|Thunder Wave|p1a: Standard
|-status|p1a: Standard|par
|move|p1a: Standard|Lava Plume|p2a: Thundurus
|-crit|p2a: Thundurus
|-damage|p2a: Thundurus|77\/300
|
|-heal|p2a: Thundurus|95\/300|[from] item: Leftovers
|-heal|p1a: Standard|268\/385 par|[from] item: Leftovers
|turn|16
|
|move|p2a: Thundurus|Thunderbolt|p1a: Standard
|-damage|p1a: Standard|156\/385 par
|move|p1a: Standard|Stealth Rock|p2a: Thundurus
|-sidestart|p2: machicoulis|move: Stealth Rock
|
|-heal|p2a: Thundurus|113\/300|[from] item: Leftovers
|-heal|p1a: Standard|180\/385 par|[from] item: Leftovers
|turn|17
|
|cant|p1a: Standard|par
|move|p2a: Thundurus|Thunderbolt|p1a: Standard
|-damage|p1a: Standard|71\/385 par
|
|-heal|p2a: Thundurus|131\/300|[from] item: Leftovers
|-heal|p1a: Standard|95\/385 par|[from] item: Leftovers
|turn|18
|
|move|p1a: Standard|Protect|p1a: Standard
|-singleturn|p1a: Standard|Protect
|move|p2a: Thundurus|Thunderbolt|p1a: Standard
|-activate|p1a: Standard|Protect
|
|-heal|p2a: Thundurus|149\/300|[from] item: Leftovers
|-heal|p1a: Standard|119\/385 par|[from] item: Leftovers
|turn|19
|
|move|p2a: Thundurus|Thunderbolt|p1a: Standard
|-damage|p1a: Standard|13\/385 par
|cant|p1a: Standard|par
|
|-heal|p2a: Thundurus|167\/300|[from] item: Leftovers
|-heal|p1a: Standard|37\/385 par|[from] item: Leftovers
|turn|20
|
|move|p2a: Thundurus|Thunderbolt|p1a: Standard
|-damage|p1a: Standard|0 fnt
|faint|p1a: Standard
|
|-heal|p2a: Thundurus|185\/300|[from] item: Leftovers
|
|switch|p1a: Worst-Mega|Sceptile, M|281\/281
|-damage|p1a: Worst-Mega|246\/281|[from] Stealth Rock
|turn|21
|
|detailschange|p1a: Worst-Mega|Sceptile-Mega, M
|message|Sceptile has Mega Evolved into Mega Sceptile!
|move|p1a: Worst-Mega|Dragon Pulse|p2a: Thundurus
|-damage|p2a: Thundurus|0 fnt
|faint|p2a: Thundurus
|
|
|switch|p2a: Umbreon|Umbreon, M, shiny|238\/394
|-damage|p2a: Umbreon|189\/394|[from] Stealth Rock
|turn|22
|
|move|p1a: Worst-Mega|Leech Seed|p2a: Umbreon
|-start|p2a: Umbreon|move: Leech Seed
|move|p2a: Umbreon|Foul Play|p1a: Worst-Mega
|-damage|p1a: Worst-Mega|105\/281
|
|-heal|p2a: Umbreon|213\/394|[from] item: Leftovers
|-damage|p2a: Umbreon|164\/394|[from] Leech Seed|[of] p1a: Worst-Mega
|-heal|p1a: Worst-Mega|154\/281|[silent]
|turn|23
|
|move|p1a: Worst-Mega|Giga Drain|p2a: Umbreon
|-damage|p2a: Umbreon|59\/394
|-heal|p1a: Worst-Mega|207\/281|[from] drain|[of] p2a: Umbreon
|move|p2a: Umbreon|Yawn|p1a: Worst-Mega
|-start|p1a: Worst-Mega|move: Yawn|[of] p2a: Umbreon
|
|-heal|p2a: Umbreon|83\/394|[from] item: Leftovers
|-damage|p2a: Umbreon|34\/394|[from] Leech Seed|[of] p1a: Worst-Mega
|-heal|p1a: Worst-Mega|256\/281|[silent]
|turn|24
|
|move|p1a: Worst-Mega|Giga Drain|p2a: Umbreon
|-damage|p2a: Umbreon|0 fnt
|-heal|p1a: Worst-Mega|273\/281|[from] drain|[of] p2a: Umbreon
|faint|p2a: Umbreon
|
|-status|p1a: Worst-Mega|slp
|
|switch|p2a: Porygon-Z|Porygon-Z|312\/312
|-damage|p2a: Porygon-Z|273\/312|[from] Stealth Rock
|turn|25
|
|cant|p1a: Worst-Mega|slp
|move|p2a: Porygon-Z|Tri Attack|p1a: Worst-Mega
|-crit|p1a: Worst-Mega
|-damage|p1a: Worst-Mega|0 fnt
|faint|p1a: Worst-Mega
|
|
|switch|p1a: Conkeldurr|Conkeldurr, F|112\/413
|-damage|p1a: Conkeldurr|87\/413|[from] Stealth Rock
|turn|26
|
|move|p1a: Conkeldurr|Mach Punch|p2a: Porygon-Z
|-supereffective|p2a: Porygon-Z
|-damage|p2a: Porygon-Z|55\/312
|move|p2a: Porygon-Z|Tri Attack|p1a: Conkeldurr
|-damage|p1a: Conkeldurr|0 fnt
|faint|p1a: Conkeldurr
|
|c|âSlurpuffIzFood|gg
|
|switch|p1a: Frenship Bunny!|Azumarill, M|296\/362
|-damage|p1a: Frenship Bunny!|251\/362|[from] Stealth Rock
|turn|27
|
|move|p1a: Frenship Bunny!|Aqua Jet|p2a: Porygon-Z
|-damage|p2a: Porygon-Z|0 fnt
|faint|p2a: Porygon-Z
|
|win|SlurpuffIzFood
|raw|Ladder updating...
|raw|SlurpuffIzFood's rating: 1392 &rarr; <strong>1412<\/strong><br \/>(+20 for winning)
|raw|machicoulis's rating: 1395 &rarr; <strong>1374<\/strong><br \/>(-21 for losing)
|leave|machicoulis
|player|p2