|join|SlurpuffIzFood
|join|Waffle_Muncher
|player|p1|SlurpuffIzFood|172
|player|p2|Waffle_Muncher|156
|gametype|singles
|gen|6
|tier|ORAS OU
|rated
|rule|Sleep Clause Mod: Limit one foe put to sleep
|rule|Species Clause: Limit one of each PokÃ©mon
|rule|OHKO Clause: OHKO moves are banned
|rule|Moody Clause: Moody is banned
|rule|Evasion Moves Clause: Evasion moves are banned
|rule|Endless Battle Clause: Forcing endless battles is banned
|rule|HP Percentage Mod: HP is shown in percentages
|clearpoke
|poke|p1|Sceptile, M
|poke|p1|Azumarill, F
|poke|p1|Heatran, F
|poke|p1|Mamoswine, F
|poke|p1|Crobat, M
|poke|p1|Clefable, F
|poke|p2|Sceptile, F
|poke|p2|Skarmory, F
|poke|p2|Heatran, M
|poke|p2|Latios, M
|poke|p2|Excadrill, F
|poke|p2|Dragonite, M
|rule|Swagger Clause: Swagger is banned
|rule|Baton Pass Clause: Limit one PokÃ©mon knowing Baton Pass
|teampreview
|
|start
|switch|p1a: Burd Jesus the 2nd|Crobat, M|311\/311
|switch|p2a: Heatran|Heatran, M|326\/326
|-item|p2a: Heatran|Air Balloon
|turn|1
|
|move|p1a: Burd Jesus the 2nd|U-turn|p2a: Heatran
|-resisted|p2a: Heatran
|-damage|p2a: Heatran|305\/326
|-enditem|p2a: Heatran|Air Balloon
|
|switch|p1a: Ifightformyfrens|Mamoswine, F|361\/361
|move|p2a: Heatran|Fire Blast|p1a: Ifightformyfrens
|-supereffective|p1a: Ifightformyfrens
|-damage|p1a: Ifightformyfrens|71\/361
|
|turn|2
|
|switch|p2a: Skarmory|Skarmory, F|334\/334
|move|p1a: Ifightformyfrens|Icicle Crash|p2a: Skarmory
|-damage|p2a: Skarmory|212\/334
|-damage|p1a: Ifightformyfrens|35\/361|[from] item: Life Orb
|
|-heal|p2a: Skarmory|232\/334|[from] item: Leftovers
|turn|3
|
|switch|p1a: Standard|Heatran, F|385\/385
|move|p2a: Skarmory|Roost|p2a: Skarmory
|-heal|p2a: Skarmory|334\/334
|
|turn|4
|
|move|p1a: Standard|Stealth Rock|p2a: Skarmory
|-sidestart|p2: Waffle_Muncher|move: Stealth Rock
|move|p2a: Skarmory|Whirlwind|p1a: Standard
|drag|p1a: Burd Jesus the 2nd|Crobat, M|311\/311
|
|turn|5
|
|move|p1a: Burd Jesus the 2nd|U-turn|p2a: Skarmory
|-resisted|p2a: Skarmory
|-damage|p2a: Skarmory|319\/334
|
|switch|p1a: Standard|Heatran, F|385\/385
|move|p2a: Skarmory|Brave Bird|p1a: Standard
|-resisted|p1a: Standard
|-damage|p1a: Standard|330\/385
|-damage|p2a: Skarmory|301\/334|[from] recoil|[of] p1a: Standard
|
|-heal|p1a: Standard|354\/385|[from] item: Leftovers
|-heal|p2a: Skarmory|321\/334|[from] item: Leftovers
|turn|6
|
|switch|p1a: Frenship Bunny!|Azumarill, F|381\/381
|switch|p2a: Heatran|Heatran, M|305\/326
|-damage|p2a: Heatran|265\/326|[from] Stealth Rock
|
|turn|7
|
|move|p2a: Heatran|Stealth Rock|p1a: Frenship Bunny!
|-sidestart|p1: SlurpuffIzFood|move: Stealth Rock
|move|p1a: Frenship Bunny!|Waterfall|p2a: Heatran
|-supereffective|p2a: Heatran
|-damage|p2a: Heatran|0 fnt
|faint|p2a: Heatran
|
|
|switch|p2a: Sceptile|Sceptile, F|281\/281
|-damage|p2a: Sceptile|246\/281|[from] Stealth Rock
|turn|8
|
|switch|p1a: Burd Jesus the 2nd|Crobat, M|311\/311
|-damage|p1a: Burd Jesus the 2nd|234\/311|[from] Stealth Rock
|move|p2a: Sceptile|Giga Drain|p1a: Burd Jesus the 2nd
|-resisted|p1a: Burd Jesus the 2nd
|-damage|p1a: Burd Jesus the 2nd|197\/311
|-heal|p2a: Sceptile|265\/281|[from] drain|[of] p1a: Burd Jesus the 2nd
|
|turn|9
|
|switch|p2a: Excadrill|Excadrill, F|424\/424
|-damage|p2a: Excadrill|411\/424|[from] Stealth Rock
|-ability|p2a: Excadrill|Mold Breaker
|-item|p2a: Excadrill|Air Balloon
|move|p1a: Burd Jesus the 2nd|U-turn|p2a: Excadrill
|-resisted|p2a: Excadrill
|-damage|p2a: Excadrill|339\/424
|-enditem|p2a: Excadrill|Air Balloon
|
|switch|p1a: Frenship Bunny!|Azumarill, F|381\/381
|-damage|p1a: Frenship Bunny!|334\/381|[from] Stealth Rock
|
|turn|10
|
|move|p2a: Excadrill|Rapid Spin|p1a: Frenship Bunny!
|-damage|p1a: Frenship Bunny!|299\/381
|-sideend|p2: Waffle_Muncher|Stealth Rock|[from] move: Rapid Spin|[of] p2a: Excadrill
|move|p1a: Frenship Bunny!|Waterfall|p2a: Excadrill
|-supereffective|p2a: Excadrill
|-damage|p2a: Excadrill|0 fnt
|faint|p2a: Excadrill
|
|
|switch|p2a: Latios|Latios, M|302\/302
|turn|11
|
|switch|p1a: Standard|Heatran, F|354\/385
|-damage|p1a: Standard|306\/385|[from] Stealth Rock
|move|p2a: Latios|Thunderbolt|p1a: Standard
|-damage|p1a: Standard|215\/385
|-damage|p2a: Latios|272\/302|[from] item: Life Orb
|
|-heal|p1a: Standard|239\/385|[from] item: Leftovers
|turn|12
|
|switch|p2a: Dragonite|Dragonite, M|323\/323
|move|p1a: Standard|Stealth Rock|p2a: Dragonite
|-sidestart|p2: Waffle_Muncher|move: Stealth Rock
|
|-heal|p1a: Standard|263\/385|[from] item: Leftovers
|turn|13
|
|move|p2a: Dragonite|Dragon Dance|p2a: Dragonite
|-boost|p2a: Dragonite|atk|1
|-boost|p2a: Dragonite|spe|1
|move|p1a: Standard|Toxic|p2a: Dragonite
|-status|p2a: Dragonite|tox
|
|-heal|p1a: Standard|287\/385|[from] item: Leftovers
|-damage|p2a: Dragonite|303\/323 tox|[from] psn
|turn|14
|
|move|p2a: Dragonite|Earthquake|p1a: Standard
|-supereffective|p1a: Standard
|-damage|p1a: Standard|0 fnt
|faint|p1a: Standard
|
|-damage|p2a: Dragonite|263\/323 tox|[from] psn
|
|switch|p1a: Bopbopbop|Clefable, F|393\/393
|turn|15
|
|move|p2a: Dragonite|Extreme Speed|p1a: Bopbopbop
|-damage|p1a: Bopbopbop|258\/393
|move|p1a: Bopbopbop|Moonblast|p2a: Dragonite
|-crit|p2a: Dragonite
|-supereffective|p2a: Dragonite
|-damage|p2a: Dragonite|0 fnt
|faint|p2a: Dragonite
|
|-heal|p1a: Bopbopbop|282\/393|[from] item: Leftovers
|
|switch|p2a: Latios|Latios, M|272\/302
|-damage|p2a: Latios|235\/302|[from] Stealth Rock
|turn|16
|
|move|p2a: Latios|Psyshock|p1a: Bopbopbop
|-damage|p1a: Bopbopbop|114\/393
|-damage|p2a: Latios|205\/302|[from] item: Life Orb
|move|p1a: Bopbopbop|Soft-Boiled|p1a: Bopbopbop
|-heal|p1a: Bopbopbop|311\/393
|
|-heal|p1a: Bopbopbop|335\/393|[from] item: Leftovers
|turn|17
|
|move|p2a: Latios|Psyshock|p1a: Bopbopbop
|-damage|p1a: Bopbopbop|183\/393
|-damage|p2a: Latios|175\/302|[from] item: Life Orb
|move|p1a: Bopbopbop|Soft-Boiled|p1a: Bopbopbop
|-heal|p1a: Bopbopbop|380\/393
|
|-heal|p1a: Bopbopbop|393\/393|[from] item: Leftovers
|turn|18
|
|switch|p2a: Skarmory|Skarmory, F|321\/334
|-damage|p2a: Skarmory|280\/334|[from] Stealth Rock
|move|p1a: Bopbopbop|Calm Mind|p1a: Bopbopbop
|-boost|p1a: Bopbopbop|spa|1
|-boost|p1a: Bopbopbop|spd|1
|
|-heal|p2a: Skarmory|300\/334|[from] item: Leftovers
|turn|19
|
|move|p1a: Bopbopbop|Flamethrower|p2a: Skarmory
|-supereffective|p2a: Skarmory
|-damage|p2a: Skarmory|14\/334
|move|p2a: Skarmory|Whirlwind|p1a: Bopbopbop
|drag|p1a: Worst-Mega|Sceptile, M|281\/281
|-damage|p1a: Worst-Mega|246\/281|[from] Stealth Rock
|
|-heal|p2a: Skarmory|34\/334|[from] item: Leftovers
|turn|20
|
|detailschange|p1a: Worst-Mega|Sceptile-Mega, M
|message|Sceptile has Mega Evolved into Mega Sceptile!
|move|p1a: Worst-Mega|Dragon Pulse|p2a: Skarmory
|-resisted|p2a: Skarmory
|-damage|p2a: Skarmory|0 fnt
|faint|p2a: Skarmory
|
|
|switch|p2a: Latios|Latios, M|175\/302
|-damage|p2a: Latios|138\/302|[from] Stealth Rock
|turn|21
|
|move|p1a: Worst-Mega|Dragon Pulse|p2a: Latios
|-supereffective|p2a: Latios
|-damage|p2a: Latios|0 fnt
|faint|p2a: Latios
|
|
|switch|p2a: Sceptile|Sceptile, F|265\/281
|-damage|p2a: Sceptile|230\/281|[from] Stealth Rock
|turn|22
|
|move|p1a: Worst-Mega|Dragon Pulse|p2a: Sceptile
|-damage|p2a: Sceptile|53\/281
|move|p2a: Sceptile|Dragon Pulse|p1a: Worst-Mega
|-supereffective|p1a: Worst-Mega
|-damage|p1a: Worst-Mega|22\/281
|
|turn|23
|
|move|p1a: Worst-Mega|Dragon Pulse|p2a: Sceptile
|-damage|p2a: Sceptile|0 fnt
|faint|p2a: Sceptile
|
|win|SlurpuffIzFood
|raw|Ladder updating...
|raw|SlurpuffIzFood's rating: 1407 &rarr; <strong>1422<\/strong><br \/>(+15 for winning)
|raw|Waffle_Muncher's rating: 1308 &rarr; <strong>1293<\/strong><br \/>(-15 for losing)