|join|SlurpuffIzFood
|join|zombie_killah
|player|p1|SlurpuffIzFood|172
|player|p2|zombie_killah|266
|gametype|singles
|gen|6
|tier|ORAS OU
|rated
|rule|Sleep Clause Mod: Limit one foe put to sleep
|rule|Species Clause: Limit one of each PokÃ©mon
|rule|OHKO Clause: OHKO moves are banned
|rule|Moody Clause: Moody is banned
|rule|Evasion Moves Clause: Evasion moves are banned
|rule|Endless Battle Clause: Forcing endless battles is banned
|rule|HP Percentage Mod: HP is shown in percentages
|clearpoke
|poke|p1|Sceptile, M
|poke|p1|Azumarill, M
|poke|p1|Heatran, F
|poke|p1|Mamoswine, F
|poke|p1|Crobat, M
|poke|p1|Clefable, M
|poke|p2|Porygon-Z
|poke|p2|Cloyster, F
|poke|p2|Rotom-Mow
|poke|p2|Flygon, F
|poke|p2|Metagross
|poke|p2|Umbreon, M
|rule|Swagger Clause: Swagger is banned
|rule|Baton Pass Clause: Limit one PokÃ©mon knowing Baton Pass
|teampreview
|
|start
|switch|p1a: Bopbopbop|Clefable, M|393\/393
|switch|p2a: Rotom-Mow|Rotom-Mow|304\/304
|turn|1
|
|move|p2a: Rotom-Mow|Volt Switch|p1a: Bopbopbop
|-damage|p1a: Bopbopbop|306\/393
|
|switch|p2a: Metagross|Metagross|364\/364
|move|p1a: Bopbopbop|Flamethrower|p2a: Metagross
|-supereffective|p2a: Metagross
|-damage|p2a: Metagross|212\/364
|
|-heal|p1a: Bopbopbop|330\/393|[from] item: Leftovers
|turn|2
|
|switch|p1a: Standard|Heatran, F|385\/385
|detailschange|p2a: Metagross|Metagross-Mega
|message|Metagross has Mega Evolved into Mega Metagross!
|move|p2a: Metagross|Meteor Mash|p1a: Standard
|-resisted|p1a: Standard
|-damage|p1a: Standard|328\/385
|
|-heal|p1a: Standard|352\/385|[from] item: Leftovers
|turn|3
|
|switch|p2a: Flygon|Flygon, F|364\/364
|switch|p1a: Burd Jesus the 2nd|Crobat, M|311\/311
|
|turn|4
|
|move|p1a: Burd Jesus the 2nd|U-turn|p2a: Flygon
|-damage|p2a: Flygon|261\/364
|
|switch|p1a: Standard|Heatran, F|352\/385
|move|p2a: Flygon|U-turn|p1a: Standard
|-resisted|p1a: Standard
|-damage|p1a: Standard|340\/385
|
|switch|p2a: Porygon-Z|Porygon-Z|312\/312
|-boost|p2a: Porygon-Z|atk|1|[from] ability: Download
|
|-heal|p1a: Standard|364\/385|[from] item: Leftovers
|turn|5
|
|move|p1a: Standard|Protect|p1a: Standard
|-singleturn|p1a: Standard|Protect
|move|p2a: Porygon-Z|Dark Pulse|p1a: Standard
|-activate|p1a: Standard|Protect
|
|-heal|p1a: Standard|385\/385|[from] item: Leftovers
|turn|6
|
|switch|p2a: Flygon|Flygon, F|261\/364
|move|p1a: Standard|Toxic|p2a: Flygon
|-status|p2a: Flygon|tox
|
|-heal|p2a: Flygon|283\/364 tox|[from] item: Leftovers
|-damage|p2a: Flygon|261\/364 tox|[from] psn
|turn|7
|
|move|p1a: Standard|Protect|p1a: Standard
|-singleturn|p1a: Standard|Protect
|move|p2a: Flygon|Earthquake|p1a: Standard
|-activate|p1a: Standard|Protect
|
|-heal|p2a: Flygon|283\/364 tox|[from] item: Leftovers
|-damage|p2a: Flygon|239\/364 tox|[from] psn
|turn|8
|
|switch|p1a: Burd Jesus the 2nd|Crobat, M|311\/311
|move|p2a: Flygon|Earthquake|p1a: Burd Jesus the 2nd
|-immune|p1a: Burd Jesus the 2nd|[msg]
|
|-heal|p2a: Flygon|261\/364 tox|[from] item: Leftovers
|-damage|p2a: Flygon|195\/364 tox|[from] psn
|turn|9
|
|move|p1a: Burd Jesus the 2nd|U-turn|p2a: Flygon
|-damage|p2a: Flygon|100\/364 tox
|
|switch|p1a: Bopbopbop|Clefable, M|330\/393
|move|p2a: Flygon|Roost|p2a: Flygon
|-heal|p2a: Flygon|282\/364 tox
|
|-heal|p2a: Flygon|304\/364 tox|[from] item: Leftovers
|-heal|p1a: Bopbopbop|354\/393|[from] item: Leftovers
|-damage|p2a: Flygon|216\/364 tox|[from] psn
|turn|10
|
|move|p2a: Flygon|U-turn|p1a: Bopbopbop
|-resisted|p1a: Bopbopbop
|-damage|p1a: Bopbopbop|328\/393
|
|switch|p2a: Metagross|Metagross-Mega|212\/364
|move|p1a: Bopbopbop|Flamethrower|p2a: Metagross
|-supereffective|p2a: Metagross
|-damage|p2a: Metagross|76\/364
|
|-heal|p1a: Bopbopbop|352\/393|[from] item: Leftovers
|turn|11
|
|switch|p1a: Burd Jesus the 2nd|Crobat, M|311\/311
|move|p2a: Metagross|Hammer Arm|p1a: Burd Jesus the 2nd
|-resisted|p1a: Burd Jesus the 2nd
|-damage|p1a: Burd Jesus the 2nd|254\/311
|-unboost|p2a: Metagross|spe|1
|
|turn|12
|
|move|p1a: Burd Jesus the 2nd|U-turn|p2a: Metagross
|-damage|p2a: Metagross|3\/364
|
|switch|p1a: Frenship Bunny!|Azumarill, M|381\/381
|move|p2a: Metagross|Zen Headbutt|p1a: Frenship Bunny!
|-damage|p1a: Frenship Bunny!|134\/381
|
|turn|13
|
|move|p1a: Frenship Bunny!|Aqua Jet|p2a: Metagross
|-damage|p2a: Metagross|0 fnt
|faint|p2a: Metagross
|
|
|switch|p2a: Rotom-Mow|Rotom-Mow|304\/304
|turn|14
|
|switch|p1a: Standard|Heatran, F|385\/385
|move|p2a: Rotom-Mow|Volt Switch|p1a: Standard
|-damage|p1a: Standard|328\/385
|
|switch|p2a: Flygon|Flygon, F|216\/364 tox
|
|-heal|p2a: Flygon|238\/364 tox|[from] item: Leftovers
|-heal|p1a: Standard|352\/385|[from] item: Leftovers
|-damage|p2a: Flygon|216\/364 tox|[from] psn
|turn|15
|
|move|p2a: Flygon|Earthquake|p1a: Standard
|-supereffective|p1a: Standard
|-damage|p1a: Standard|0 fnt
|faint|p1a: Standard
|
|-heal|p2a: Flygon|238\/364 tox|[from] item: Leftovers
|-damage|p2a: Flygon|194\/364 tox|[from] psn
|
|switch|p1a: Bopbopbop|Clefable, M|352\/393
|turn|16
|
|move|p2a: Flygon|Earthquake|p1a: Bopbopbop
|-damage|p1a: Bopbopbop|238\/393
|move|p1a: Bopbopbop|Calm Mind|p1a: Bopbopbop
|-boost|p1a: Bopbopbop|spa|1
|-boost|p1a: Bopbopbop|spd|1
|
|-heal|p2a: Flygon|216\/364 tox|[from] item: Leftovers
|-heal|p1a: Bopbopbop|262\/393|[from] item: Leftovers
|-damage|p2a: Flygon|150\/364 tox|[from] psn
|turn|17
|
|move|p2a: Flygon|Earthquake|p1a: Bopbopbop
|-damage|p1a: Bopbopbop|156\/393
|move|p1a: Bopbopbop|Soft-Boiled|p1a: Bopbopbop
|-heal|p1a: Bopbopbop|353\/393
|
|-heal|p2a: Flygon|172\/364 tox|[from] item: Leftovers
|-heal|p1a: Bopbopbop|377\/393|[from] item: Leftovers
|-damage|p2a: Flygon|84\/364 tox|[from] psn
|turn|18
|
|move|p2a: Flygon|Earthquake|p1a: Bopbopbop
|-damage|p1a: Bopbopbop|274\/393
|move|p1a: Bopbopbop|Calm Mind|p1a: Bopbopbop
|-boost|p1a: Bopbopbop|spa|1
|-boost|p1a: Bopbopbop|spd|1
|
|-heal|p2a: Flygon|106\/364 tox|[from] item: Leftovers
|-heal|p1a: Bopbopbop|298\/393|[from] item: Leftovers
|-damage|p2a: Flygon|0 fnt|[from] psn
|faint|p2a: Flygon
|
|switch|p2a: Cloyster|Cloyster, F|242\/242
|turn|19
|
|move|p2a: Cloyster|Shell Smash|p2a: Cloyster
|-boost|p2a: Cloyster|atk|2
|-boost|p2a: Cloyster|spa|2
|-boost|p2a: Cloyster|spe|2
|-unboost|p2a: Cloyster|def|1
|-unboost|p2a: Cloyster|spd|1
|move|p1a: Bopbopbop|Moonblast|p2a: Cloyster
|-enditem|p2a: Cloyster|Focus Sash
|-damage|p2a: Cloyster|1\/242
|-unboost|p2a: Cloyster|spa|1
|
|-heal|p1a: Bopbopbop|322\/393|[from] item: Leftovers
|turn|20
|
|switch|p1a: Burd Jesus the 2nd|Crobat, M|254\/311
|move|p2a: Cloyster|Icicle Spear|p1a: Burd Jesus the 2nd
|-supereffective|p1a: Burd Jesus the 2nd
|-damage|p1a: Burd Jesus the 2nd|48\/311
|-supereffective|p1a: Burd Jesus the 2nd
|-damage|p1a: Burd Jesus the 2nd|0 fnt
|-hitcount|p1a: Burd Jesus the 2nd|2
|faint|p1a: Burd Jesus the 2nd
|
|
|switch|p1a: Ifightformyfrens|Mamoswine, F|361\/361
|turn|21
|
|move|p2a: Cloyster|Ice Shard|p1a: Ifightformyfrens
|-damage|p1a: Ifightformyfrens|282\/361
|move|p1a: Ifightformyfrens|Ice Shard|p2a: Cloyster
|-resisted|p2a: Cloyster
|-damage|p2a: Cloyster|0 fnt
|-damage|p1a: Ifightformyfrens|246\/361|[from] item: Life Orb
|faint|p2a: Cloyster
|
|
|switch|p2a: Porygon-Z|Porygon-Z|312\/312
|-boost|p2a: Porygon-Z|spa|1|[from] ability: Download
|turn|22
|
|move|p1a: Ifightformyfrens|Ice Shard|p2a: Porygon-Z
|-damage|p2a: Porygon-Z|163\/312
|-damage|p1a: Ifightformyfrens|210\/361|[from] item: Life Orb
|move|p2a: Porygon-Z|Tri Attack|p1a: Ifightformyfrens
|-damage|p1a: Ifightformyfrens|0 fnt
|faint|p1a: Ifightformyfrens
|
|
|switch|p1a: Frenship Bunny!|Azumarill, M|134\/381
|turn|23
|
|move|p1a: Frenship Bunny!|Aqua Jet|p2a: Porygon-Z
|-damage|p2a: Porygon-Z|0 fnt
|faint|p2a: Porygon-Z
|
|
|switch|p2a: Rotom-Mow|Rotom-Mow|304\/304
|turn|24
|
|switch|p1a: Worst-Mega|Sceptile, M|281\/281
|move|p2a: Rotom-Mow|Volt Switch|p1a: Worst-Mega
|-resisted|p1a: Worst-Mega
|-damage|p1a: Worst-Mega|227\/281
|
|switch|p2a: Umbreon|Umbreon, M|394\/394
|
|turn|25
|
|switch|p1a: Bopbopbop|Clefable, M|322\/393
|move|p2a: Umbreon|Foul Play|p1a: Bopbopbop
|-resisted|p1a: Bopbopbop
|-damage|p1a: Bopbopbop|291\/393
|
|-heal|p1a: Bopbopbop|315\/393|[from] item: Leftovers
|turn|26
|-message|zombie_killah forfeited.
|
|win|SlurpuffIzFood
|raw|Ladder updating...
|leave|zombie_killah
|player|p2
|raw|SlurpuffIzFood's rating: 1320 &rarr; <strong>1345<\/strong><br \/>(+25 for winning)
|raw|zombie_killah's rating: 1403 &rarr; <strong>1378<\/strong><br \/>(-25 for losing)