|join|SlurpuffIzFood
|join|jcab246
|player|p1|SlurpuffIzFood|172
|player|p2|jcab246|170
|gametype|singles
|gen|6
|tier|ORAS OU
|rated
|rule|Sleep Clause Mod: Limit one foe put to sleep
|rule|Species Clause: Limit one of each PokÃ©mon
|rule|OHKO Clause: OHKO moves are banned
|rule|Moody Clause: Moody is banned
|rule|Evasion Moves Clause: Evasion moves are banned
|rule|Endless Battle Clause: Forcing endless battles is banned
|rule|HP Percentage Mod: HP is shown in percentages
|clearpoke
|poke|p1|Swampert, M
|poke|p1|Politoed, M
|poke|p1|Ferrothorn, F
|poke|p1|Gothitelle, M
|poke|p1|Omastar, M
|poke|p1|Tornadus, M
|poke|p2|Salamence, F
|poke|p2|Heatran, M
|poke|p2|Breloom, F
|poke|p2|Azumarill, M
|poke|p2|Landorus-Therian, M
|poke|p2|Magnezone
|rule|Swagger Clause: Swagger is banned
|rule|Baton Pass Clause: Limit one PokÃ©mon knowing Baton Pass
|teampreview
|
|start
|switch|p1a: Tornadus|Tornadus, M|299\/299
|switch|p2a: Heatran|Heatran, M|373\/373
|-item|p2a: Heatran|Air Balloon
|turn|1
|
|switch|p2a: Landorus-Therian|Landorus-Therian, M|320\/320
|-ability|p2a: Landorus-Therian|Intimidate|[of] p1a: Tornadus
|-unboost|p1a: Tornadus|atk|1
|move|p1a: Tornadus|Focus Blast|p2a: Landorus-Therian
|-resisted|p2a: Landorus-Therian
|-damage|p2a: Landorus-Therian|219\/320
|-unboost|p2a: Landorus-Therian|spd|1
|-damage|p1a: Tornadus|270\/299|[from] item: Life Orb
|
|turn|2
|
|switch|p1a: Inb4 hpfire|Ferrothorn, F|352\/352
|move|p2a: Landorus-Therian|Stone Edge|p1a: Inb4 hpfire
|-resisted|p1a: Inb4 hpfire
|-damage|p1a: Inb4 hpfire|311\/352
|
|-heal|p1a: Inb4 hpfire|333\/352|[from] item: Leftovers
|turn|3
|
|switch|p2a: Magnezone|Magnezone|344\/344
|move|p1a: Inb4 hpfire|Stealth Rock|p2a: Magnezone
|-sidestart|p2: jcab246|move: Stealth Rock
|
|-heal|p1a: Inb4 hpfire|352\/352|[from] item: Leftovers
|turn|4
|
|move|p2a: Magnezone|Flash Cannon|p1a: Inb4 hpfire
|-resisted|p1a: Inb4 hpfire
|-damage|p1a: Inb4 hpfire|295\/352
|move|p1a: Inb4 hpfire|Leech Seed|p2a: Magnezone
|-start|p2a: Magnezone|move: Leech Seed
|
|-heal|p1a: Inb4 hpfire|317\/352|[from] item: Leftovers
|-damage|p2a: Magnezone|301\/344|[from] Leech Seed|[of] p1a: Inb4 hpfire
|-heal|p1a: Inb4 hpfire|352\/352|[silent]
|turn|5
|
|switch|p2a: Salamence|Salamence, F|331\/331
|-damage|p2a: Salamence|249\/331|[from] Stealth Rock
|-ability|p2a: Salamence|Intimidate|[of] p1a: Inb4 hpfire
|-unboost|p1a: Inb4 hpfire|atk|1
|move|p1a: Inb4 hpfire|Protect|p1a: Inb4 hpfire
|-fail|p1a: Inb4 hpfire
|
|turn|6
|c|âjcab246|fire blast!
|
|switch|p1a: Shitfrog|Politoed, M|383\/383
|-weather|RainDance
|detailschange|p2a: Salamence|Salamence-Mega, F
|message|Salamence has Mega Evolved into Mega Salamence!
|move|p2a: Salamence|Dragon Dance|p2a: Salamence
|-boost|p2a: Salamence|atk|1
|-boost|p2a: Salamence|spe|1
|
|-weather|RainDance|[upkeep]
|turn|7
|c|âjcab246|darn
|c|âSlurpuffIzFood|fk
|
|move|p2a: Salamence|Return|p1a: Shitfrog
|-damage|p1a: Shitfrog|0 fnt
|faint|p1a: Shitfrog
|
|-weather|RainDance|[upkeep]
|c|âSlurpuffIzFood| dont dd again
|
|switch|p1a: Master?|Omastar, M|292\/292
|turn|8
|
|move|p2a: Salamence|Earthquake|p1a: Master?
|-supereffective|p1a: Master?
|-damage|p1a: Master?|0 fnt
|faint|p1a: Master?
|
|-weather|RainDance|[upkeep]
|
|switch|p1a: Mega-TeamPlayer|Swampert, M|366\/366
|turn|9
|
|detailschange|p1a: Mega-TeamPlayer|Swampert-Mega, M
|message|Swampert has Mega Evolved into Mega Swampert!
|move|p2a: Salamence|Return|p1a: Mega-TeamPlayer
|-damage|p1a: Mega-TeamPlayer|54\/366
|move|p1a: Mega-TeamPlayer|Ice Punch|p2a: Salamence
|-supereffective|p2a: Salamence
|-damage|p2a: Salamence|0 fnt
|faint|p2a: Salamence
|
|-weather|RainDance|[upkeep]
|
|switch|p2a: Breloom|Breloom, F|262\/262
|-damage|p2a: Breloom|246\/262|[from] Stealth Rock
|turn|10
|
|switch|p1a: Tornadus|Tornadus, M|270\/299
|move|p2a: Breloom|Mach Punch|p1a: Tornadus
|-resisted|p1a: Tornadus
|-damage|p1a: Tornadus|186\/299
|
|-weather|RainDance|[upkeep]
|turn|11
|
|switch|p2a: Magnezone|Magnezone|301\/344
|-damage|p2a: Magnezone|280\/344|[from] Stealth Rock
|move|p1a: Tornadus|Focus Blast|p2a: Magnezone
|-supereffective|p2a: Magnezone
|-damage|p2a: Magnezone|0 fnt
|-damage|p1a: Tornadus|157\/299|[from] item: Life Orb
|faint|p2a: Magnezone
|
|-weather|RainDance|[upkeep]
|
|switch|p2a: Landorus-Therian|Landorus-Therian, M|219\/320
|-damage|p2a: Landorus-Therian|179\/320|[from] Stealth Rock
|-ability|p2a: Landorus-Therian|Intimidate|[of] p1a: Tornadus
|-unboost|p1a: Tornadus|atk|1
|turn|12
|
|move|p2a: Landorus-Therian|U-turn|p1a: Tornadus
|-resisted|p1a: Tornadus
|-damage|p1a: Tornadus|89\/299
|
|switch|p2a: Heatran|Heatran, M|373\/373
|-damage|p2a: Heatran|327\/373|[from] Stealth Rock
|-item|p2a: Heatran|Air Balloon
|move|p1a: Tornadus|Focus Blast|p2a: Heatran
|-supereffective|p2a: Heatran
|-damage|p2a: Heatran|0 fnt
|-enditem|p2a: Heatran|Air Balloon
|-damage|p1a: Tornadus|60\/299|[from] item: Life Orb
|faint|p2a: Heatran
|
|-weather|RainDance|[upkeep]
|c|âjcab246|was that a prediction?
|
|switch|p2a: Landorus-Therian|Landorus-Therian, M|179\/320
|-damage|p2a: Landorus-Therian|139\/320|[from] Stealth Rock
|-ability|p2a: Landorus-Therian|Intimidate|[of] p1a: Tornadus
|-unboost|p1a: Tornadus|atk|1
|turn|13
|c|âSlurpuffIzFood|yep
|c|âjcab246|nice
|
|switch|p1a: Inb4 hpfire|Ferrothorn, F|352\/352
|move|p2a: Landorus-Therian|Knock Off|p1a: Inb4 hpfire
|-damage|p1a: Inb4 hpfire|262\/352
|-damage|p2a: Landorus-Therian|99\/320|[from] ability: Iron Barbs|[of] p1a: Inb4 hpfire
|-enditem|p1a: Inb4 hpfire|Leftovers|[from] move: Knock Off|[of] p2a: Landorus-Therian
|
|-weather|none
|turn|14
|
|switch|p2a: Breloom|Breloom, F|246\/262
|-damage|p2a: Breloom|230\/262|[from] Stealth Rock
|move|p1a: Inb4 hpfire|Gyro Ball|p2a: Breloom
|-damage|p2a: Breloom|19\/262
|
|turn|15
|c|âjcab246|welp gg bruh
|
|move|p2a: Breloom|Mach Punch|p1a: Inb4 hpfire
|-supereffective|p1a: Inb4 hpfire
|-damage|p1a: Inb4 hpfire|116\/352
|-damage|p2a: Breloom|0 fnt|[from] ability: Iron Barbs|[of] p1a: Inb4 hpfire
|faint|p2a: Breloom
|move|p1a: Inb4 hpfire|Gyro Ball|p2: Breloom|[notarget]
|-notarget
|
|c|âSlurpuffIzFood|gg
|c|âjcab246|i got fucked in the ass my th tornadoes
|c|âSlurpuffIzFood|those fblast saved me
|
|switch|p2a: Azumarill|Azumarill, M|404\/404
|-damage|p2a: Azumarill|354\/404|[from] Stealth Rock
|turn|16
|
|move|p2a: Azumarill|Waterfall|p1a: Inb4 hpfire
|-resisted|p1a: Inb4 hpfire
|-damage|p1a: Inb4 hpfire|28\/352
|-damage|p2a: Azumarill|304\/404|[from] ability: Iron Barbs|[of] p1a: Inb4 hpfire
|cant|p1a: Inb4 hpfire|flinch
|
|turn|17
|
|move|p2a: Azumarill|Waterfall|p1a: Inb4 hpfire
|-resisted|p1a: Inb4 hpfire
|-damage|p1a: Inb4 hpfire|0 fnt
|-damage|p2a: Azumarill|254\/404|[from] ability: Iron Barbs|[of] p1a: Inb4 hpfire
|faint|p1a: Inb4 hpfire
|
|
|switch|p1a: Sorry ;.;|Gothitelle, M|281\/281
|turn|18
|
|move|p1a: Sorry ;.;|Energy Ball|p2a: Azumarill
|-supereffective|p2a: Azumarill
|-damage|p2a: Azumarill|0 fnt
|faint|p2a: Azumarill
|
|
|switch|p2a: Landorus-Therian|Landorus-Therian, M|99\/320
|-damage|p2a: Landorus-Therian|59\/320|[from] Stealth Rock
|-ability|p2a: Landorus-Therian|Intimidate|[of] p1a: Sorry ;.;
|-unboost|p1a: Sorry ;.;|atk|1
|turn|19
|
|move|p2a: Landorus-Therian|U-turn|p1a: Sorry ;.;
|-supereffective|p1a: Sorry ;.;
|-damage|p1a: Sorry ;.;|107\/281
|move|p1a: Sorry ;.;|Energy Ball|p2a: Landorus-Therian
|-damage|p2a: Landorus-Therian|0 fnt
|faint|p2a: Landorus-Therian
|
|win|SlurpuffIzFood
|raw|Ladder updating...
|raw|SlurpuffIzFood's rating: 1314 &rarr; <strong>1333<\/strong><br \/>(+19 for winning)
|raw|jcab246's rating: 1297 &rarr; <strong>1273<\/strong><br \/>(-24 for losing)
|c|âSlurpuffIzFood|scarf lando not comin through
|c|âSlurpuffIzFood|gg