|join|Carl Murray
|join|SlurpuffIzFood
|player|p1|Carl Murray|2
|player|p2|SlurpuffIzFood|172
|gametype|singles
|gen|6
|tier|ORAS OU
|rated
|rule|Sleep Clause Mod: Limit one foe put to sleep
|rule|Species Clause: Limit one of each PokÃ©mon
|rule|OHKO Clause: OHKO moves are banned
|rule|Moody Clause: Moody is banned
|rule|Evasion Moves Clause: Evasion moves are banned
|rule|Endless Battle Clause: Forcing endless battles is banned
|rule|HP Percentage Mod: HP is shown in percentages
|clearpoke
|poke|p1|Metagross
|poke|p1|Breloom, F
|poke|p1|Rotom-Heat
|poke|p1|Azumarill, F
|poke|p1|Gliscor, M
|poke|p1|Latios, M
|poke|p2|Swampert, F
|poke|p2|Politoed, F
|poke|p2|Ferrothorn, M
|poke|p2|Gothitelle, M
|poke|p2|Omastar, F
|poke|p2|Tornadus, M
|rule|Swagger Clause: Swagger is banned
|rule|Baton Pass Clause: Limit one PokÃ©mon knowing Baton Pass
|teampreview
|
|start
|switch|p1a: Rotom-Heat|Rotom-Heat|304\/304
|switch|p2a: Sorry ;.;|Gothitelle, M|281\/281
|turn|1
|
|move|p2a: Sorry ;.;|Psyshock|p1a: Rotom-Heat
|-damage|p1a: Rotom-Heat|151\/304
|move|p1a: Rotom-Heat|Will-O-Wisp|p2a: Sorry ;.;
|-status|p2a: Sorry ;.;|brn
|
|-heal|p1a: Rotom-Heat|170\/304|[from] item: Leftovers
|-damage|p2a: Sorry ;.;|246\/281 brn|[from] brn
|turn|2
|
|move|p2a: Sorry ;.;|Psyshock|p1a: Rotom-Heat
|-damage|p1a: Rotom-Heat|17\/304
|move|p1a: Rotom-Heat|Pain Split|p2a: Sorry ;.;
|-sethp|p2a: Sorry ;.;|131\/281 brn|p1a: Rotom-Heat|131\/304|[from] move: Pain Split
|
|-heal|p1a: Rotom-Heat|150\/304|[from] item: Leftovers
|-damage|p2a: Sorry ;.;|96\/281 brn|[from] brn
|turn|3
|
|move|p2a: Sorry ;.;|Psyshock|p1a: Rotom-Heat
|-damage|p1a: Rotom-Heat|0 fnt
|faint|p1a: Rotom-Heat
|
|-damage|p2a: Sorry ;.;|61\/281 brn|[from] brn
|
|switch|p1a: Gliscor|Gliscor, M|354\/354
|turn|4
|
|switch|p2a: Tornadus|Tornadus, M|299\/299
|move|p1a: Gliscor|Substitute|p1a: Gliscor
|-start|p1a: Gliscor|Substitute
|-damage|p1a: Gliscor|266\/354
|
|-status|p1a: Gliscor|tox|[from] item: Toxic Orb
|turn|5
|
|move|p2a: Tornadus|Rain Dance|p2a: Tornadus
|-weather|RainDance
|move|p1a: Gliscor|Toxic|p2a: Tornadus
|-status|p2a: Tornadus|tox
|
|-weather|RainDance|[upkeep]
|-damage|p2a: Tornadus|281\/299 tox|[from] psn
|-heal|p1a: Gliscor|310\/354 tox|[from] ability: Poison Heal
|turn|6
|
|move|p2a: Tornadus|Hurricane|p1a: Gliscor
|-end|p1a: Gliscor|Substitute
|-damage|p2a: Tornadus|252\/299 tox|[from] item: Life Orb
|move|p1a: Gliscor|Substitute|p1a: Gliscor
|-start|p1a: Gliscor|Substitute
|-damage|p1a: Gliscor|222\/354 tox
|
|-weather|RainDance|[upkeep]
|-damage|p2a: Tornadus|216\/299 tox|[from] psn
|-heal|p1a: Gliscor|266\/354 tox|[from] ability: Poison Heal
|turn|7
|
|switch|p2a: Shitfrog|Politoed, F|383\/383
|move|p1a: Gliscor|Protect|p1a: Gliscor
|-fail|p1a: Gliscor
|
|-weather|RainDance|[upkeep]
|-heal|p1a: Gliscor|310\/354 tox|[from] ability: Poison Heal
|turn|8
|
|move|p1a: Gliscor|Earthquake|p2a: Shitfrog
|-damage|p2a: Shitfrog|239\/383
|move|p2a: Shitfrog|Encore|p1a: Gliscor
|-start|p1a: Gliscor|Encore
|
|-weather|RainDance|[upkeep]
|-heal|p1a: Gliscor|354\/354 tox|[from] ability: Poison Heal
|turn|9
|
|switch|p2a: Tornadus|Tornadus, M|216\/299 tox
|move|p1a: Gliscor|Earthquake|p2a: Tornadus
|-immune|p2a: Tornadus|[msg]
|
|-weather|none
|-damage|p2a: Tornadus|198\/299 tox|[from] psn
|turn|10
|
|move|p2a: Tornadus|Hurricane|p1a: Gliscor
|-end|p1a: Gliscor|Substitute
|-damage|p2a: Tornadus|169\/299 tox|[from] item: Life Orb
|move|p1a: Gliscor|Earthquake|p2a: Tornadus
|-immune|p2a: Tornadus|[msg]
|
|-damage|p2a: Tornadus|133\/299 tox|[from] psn
|turn|11
|
|switch|p2a: Shitfrog|Politoed, F|239\/383
|-weather|RainDance
|move|p1a: Gliscor|Earthquake|p2a: Shitfrog
|-damage|p2a: Shitfrog|91\/383
|
|-weather|RainDance|[upkeep]
|-end|p1a: Gliscor|Encore
|turn|12
|
|move|p1a: Gliscor|Earthquake|p2a: Shitfrog
|-damage|p2a: Shitfrog|0 fnt
|faint|p2a: Shitfrog
|
|-weather|RainDance|[upkeep]
|
|switch|p2a: Master?|Omastar, F|292\/292
|turn|13
|
|switch|p1a: Azumarill|Azumarill, F|404\/404
|move|p2a: Master?|Hydro Pump|p1a: Azumarill|[miss]
|-miss|p2a: Master?|p1a: Azumarill
|
|-weather|RainDance|[upkeep]
|turn|14
|
|switch|p2a: Inb4 hpfire|Ferrothorn, M|352\/352
|move|p1a: Azumarill|Knock Off|p2a: Inb4 hpfire
|-damage|p2a: Inb4 hpfire|255\/352
|-damage|p1a: Azumarill|354\/404|[from] ability: Iron Barbs|[of] p2a: Inb4 hpfire
|-enditem|p2a: Inb4 hpfire|Leftovers|[from] move: Knock Off|[of] p1a: Azumarill
|
|-weather|RainDance|[upkeep]
|turn|15
|
|switch|p1a: Gliscor|Gliscor, M|354\/354 tox
|move|p2a: Inb4 hpfire|Gyro Ball|p1a: Gliscor
|-crit|p1a: Gliscor
|-damage|p1a: Gliscor|204\/354 tox
|
|-weather|RainDance|[upkeep]
|-heal|p1a: Gliscor|248\/354 tox|[from] ability: Poison Heal
|turn|16
|
|switch|p2a: Tornadus|Tornadus, M|133\/299 tox
|move|p1a: Gliscor|Substitute|p1a: Gliscor
|-start|p1a: Gliscor|Substitute
|-damage|p1a: Gliscor|160\/354 tox
|
|-weather|RainDance|[upkeep]
|-damage|p2a: Tornadus|115\/299 tox|[from] psn
|-heal|p1a: Gliscor|204\/354 tox|[from] ability: Poison Heal
|turn|17
|
|move|p1a: Gliscor|Protect|p1a: Gliscor
|-singleturn|p1a: Gliscor|Protect
|move|p2a: Tornadus|Hurricane|p1a: Gliscor
|-activate|p1a: Gliscor|Protect
|
|-weather|RainDance|[upkeep]
|-damage|p2a: Tornadus|79\/299 tox|[from] psn
|-heal|p1a: Gliscor|248\/354 tox|[from] ability: Poison Heal
|turn|18
|c|âSlurpuffIzFood|what a fuucker
|c|âCarl Murray|says the guy with rain abuse
|
|move|p2a: Tornadus|U-turn|p1a: Gliscor
|-resisted|p1a: Gliscor
|-activate|p1a: Gliscor|Substitute|[damage]
|-damage|p2a: Tornadus|50\/299 tox|[from] item: Life Orb
|
|switch|p2a: Mega-TeamPlayer|Swampert, F|366\/366
|move|p1a: Gliscor|Substitute|p1a: Gliscor
|-fail|p1a: Gliscor|move: Substitute
|
|-weather|none
|-heal|p1a: Gliscor|292\/354 tox|[from] ability: Poison Heal
|turn|19
|
|detailschange|p2a: Mega-TeamPlayer|Swampert-Mega, F
|message|Swampert has Mega Evolved into Mega Swampert!
|move|p1a: Gliscor|Toxic|p2a: Mega-TeamPlayer
|-status|p2a: Mega-TeamPlayer|tox
|move|p2a: Mega-TeamPlayer|Ice Punch|p1a: Gliscor
|-supereffective|p1a: Gliscor
|-end|p1a: Gliscor|Substitute
|
|-heal|p1a: Gliscor|336\/354 tox|[from] ability: Poison Heal
|-damage|p2a: Mega-TeamPlayer|344\/366 tox|[from] psn
|turn|20
|
|move|p1a: Gliscor|Substitute|p1a: Gliscor
|-start|p1a: Gliscor|Substitute
|-damage|p1a: Gliscor|248\/354 tox
|move|p2a: Mega-TeamPlayer|Waterfall|p1a: Gliscor
|-supereffective|p1a: Gliscor
|-end|p1a: Gliscor|Substitute
|
|-heal|p1a: Gliscor|292\/354 tox|[from] ability: Poison Heal
|-damage|p2a: Mega-TeamPlayer|300\/366 tox|[from] psn
|turn|21
|c|âSlurpuffIzFood|wheres the rain abuse
|c|âSlurpuffIzFood|you gonna get ebola lol
|
|switch|p2a: Inb4 hpfire|Ferrothorn, M|255\/352
|move|p1a: Gliscor|Substitute|p1a: Gliscor
|-start|p1a: Gliscor|Substitute
|-damage|p1a: Gliscor|204\/354 tox
|
|-heal|p1a: Gliscor|248\/354 tox|[from] ability: Poison Heal
|turn|22
|c|âSlurpuffIzFood|EBOLA
|-message|SlurpuffIzFood forfeited.
|
|win|Carl Murray
|raw|Ladder updating...
|leave|SlurpuffIzFood
|player|p2
|raw|Carl Murray's rating: 1445 &rarr; <strong>1459<\/strong><br \/>(+14 for winning)
|raw|SlurpuffIzFood's rating: 1332 &rarr; <strong>1318<\/strong><br \/>(-14 for losing)