|join|pantofel
|join|SlurpuffIzFood
|player|p1|pantofel|2
|player|p2|SlurpuffIzFood|172
|gametype|singles
|gen|6
|tier|ORAS OU
|rated
|rule|Sleep Clause Mod: Limit one foe put to sleep
|rule|Species Clause: Limit one of each PokÃ©mon
|rule|OHKO Clause: OHKO moves are banned
|rule|Moody Clause: Moody is banned
|rule|Evasion Moves Clause: Evasion moves are banned
|rule|Endless Battle Clause: Forcing endless battles is banned
|rule|HP Percentage Mod: HP is shown in percentages
|clearpoke
|poke|p1|Gyarados, F
|poke|p1|Steelix, F
|poke|p1|Mamoswine, M
|poke|p1|Hydreigon, M
|poke|p1|Talonflame, M
|poke|p1|Empoleon, F
|poke|p2|Sableye, F
|poke|p2|Mamoswine, F
|poke|p2|Klefki, M
|poke|p2|Mew
|poke|p2|Kyurem-Black
|poke|p2|Keldeo
|rule|Swagger Clause: Swagger is banned
|rule|Baton Pass Clause: Limit one PokÃ©mon knowing Baton Pass
|teampreview
|
|start
|switch|p1a: Talonflame|Talonflame, M|297\/297
|switch|p2a: Kyurem-Black|Kyurem-Black|391\/391
|-ability|p2a: Kyurem-Black|Teravolt
|turn|1
|
|move|p1a: Talonflame|Flare Blitz|p2a: Kyurem-Black
|-damage|p2a: Kyurem-Black|205\/391
|-damage|p1a: Talonflame|236\/297|[from] recoil|[of] p2a: Kyurem-Black
|move|p2a: Kyurem-Black|Fusion Bolt|p1a: Talonflame
|-supereffective|p1a: Talonflame
|-damage|p1a: Talonflame|0 fnt
|-damage|p2a: Kyurem-Black|166\/391|[from] item: Life Orb
|faint|p1a: Talonflame
|
|
|switch|p1a: Mamoswine|Mamoswine, M|424\/424
|turn|2
|
|switch|p2a: Mew|Mew|404\/404
|move|p1a: Mamoswine|Stealth Rock|p2a: Mew
|-sidestart|p2: SlurpuffIzFood|move: Stealth Rock
|
|turn|3
|
|switch|p1a: Hydreigon|Hydreigon, M|326\/326
|move|p2a: Mew|Will-O-Wisp|p1a: Hydreigon
|-status|p1a: Hydreigon|brn
|
|-damage|p1a: Hydreigon|286\/326 brn|[from] brn
|turn|4
|
|switch|p2a: Klefki|Klefki, M|317\/317
|-damage|p2a: Klefki|298\/317|[from] Stealth Rock
|move|p1a: Hydreigon|Dark Pulse|p2a: Klefki
|-resisted|p2a: Klefki
|-damage|p2a: Klefki|186\/317
|-damage|p1a: Hydreigon|254\/326 brn|[from] item: Life Orb
|
|-heal|p2a: Klefki|205\/317|[from] item: Leftovers
|-damage|p1a: Hydreigon|214\/326 brn|[from] brn
|turn|5
|
|switch|p1a: Mamoswine|Mamoswine, M|424\/424
|switch|p2a: Ifightformyfrens|Mamoswine, F|361\/361
|-damage|p2a: Ifightformyfrens|316\/361|[from] Stealth Rock
|
|turn|6
|
|move|p2a: Ifightformyfrens|Superpower|p1a: Mamoswine
|-supereffective|p1a: Mamoswine
|-damage|p1a: Mamoswine|70\/424
|-unboost|p2a: Ifightformyfrens|atk|1
|-unboost|p2a: Ifightformyfrens|def|1
|-damage|p2a: Ifightformyfrens|280\/361|[from] item: Life Orb
|move|p1a: Mamoswine|Earthquake|p2a: Ifightformyfrens
|-damage|p2a: Ifightformyfrens|6\/361
|
|turn|7
|
|move|p2a: Ifightformyfrens|Ice Shard|p1a: Mamoswine
|-damage|p1a: Mamoswine|41\/424
|-damage|p2a: Ifightformyfrens|0 fnt|[from] item: Life Orb
|faint|p2a: Ifightformyfrens
|move|p1a: Mamoswine|Earthquake|p2: Ifightformyfrens|[notarget]
|-notarget
|
|
|switch|p2a: Mew|Mew|404\/404
|-damage|p2a: Mew|354\/404|[from] Stealth Rock
|turn|8
|
|switch|p1a: Hydreigon|Hydreigon, M|214\/326 brn
|move|p2a: Mew|Defog|p1a: Hydreigon
|-unboost|p1a: Hydreigon|evasion|1
|-sideend|p2: SlurpuffIzFood|Stealth Rock|[from] move: Defog|[of] p2a: Mew
|
|-heal|p2a: Mew|379\/404|[from] item: Leftovers
|-damage|p1a: Hydreigon|174\/326 brn|[from] brn
|turn|9
|
|move|p1a: Hydreigon|Flash Cannon|p2a: Mew
|-damage|p2a: Mew|239\/404
|-damage|p1a: Hydreigon|142\/326 brn|[from] item: Life Orb
|move|p2a: Mew|Stealth Rock|p1a: Hydreigon
|-sidestart|p1: pantofel|move: Stealth Rock
|
|-heal|p2a: Mew|264\/404|[from] item: Leftovers
|-damage|p1a: Hydreigon|102\/326 brn|[from] brn
|turn|10
|
|switch|p2a: Klefki|Klefki, M|205\/317
|move|p1a: Hydreigon|Dark Pulse|p2a: Klefki
|-resisted|p2a: Klefki
|-damage|p2a: Klefki|96\/317
|-damage|p1a: Hydreigon|70\/326 brn|[from] item: Life Orb
|
|-heal|p2a: Klefki|115\/317|[from] item: Leftovers
|-damage|p1a: Hydreigon|30\/326 brn|[from] brn
|turn|11
|
|move|p2a: Klefki|Spikes|p1a: Hydreigon
|-sidestart|p1: pantofel|Spikes
|move|p1a: Hydreigon|Roost|p1a: Hydreigon
|-heal|p1a: Hydreigon|193\/326 brn
|
|-heal|p2a: Klefki|134\/317|[from] item: Leftovers
|-damage|p1a: Hydreigon|153\/326 brn|[from] brn
|turn|12
|
|switch|p1a: Empoleon|Empoleon, F|372\/372
|-damage|p1a: Empoleon|326\/372|[from] Spikes
|-damage|p1a: Empoleon|303\/372|[from] Stealth Rock
|move|p2a: Klefki|Play Rough|p1a: Empoleon
|-resisted|p1a: Empoleon
|-damage|p1a: Empoleon|254\/372
|
|-heal|p2a: Klefki|153\/317|[from] item: Leftovers
|-heal|p1a: Empoleon|277\/372|[from] item: Leftovers
|turn|13
|
|move|p2a: Klefki|Thunder Wave|p1a: Empoleon
|-status|p1a: Empoleon|par
|move|p1a: Empoleon|Knock Off|p2a: Klefki
|-resisted|p2a: Klefki
|-damage|p2a: Klefki|130\/317
|-enditem|p2a: Klefki|Leftovers|[from] move: Knock Off|[of] p1a: Empoleon
|
|-heal|p1a: Empoleon|300\/372 par|[from] item: Leftovers
|turn|14
|
|switch|p2a: Sableye|Sableye, F|304\/304
|cant|p1a: Empoleon|par
|
|-heal|p1a: Empoleon|323\/372 par|[from] item: Leftovers
|turn|15
|
|detailschange|p2a: Sableye|Sableye-Mega, F
|message|Sableye has Mega Evolved into Mega Sableye!
|move|p2a: Sableye|Power-Up Punch|p1a: Empoleon
|-supereffective|p1a: Empoleon
|-damage|p1a: Empoleon|239\/372 par
|-boost|p2a: Sableye|atk|1
|move|p1a: Empoleon|Scald|p2a: Sableye
|-damage|p2a: Sableye|217\/304
|
|-heal|p1a: Empoleon|262\/372 par|[from] item: Leftovers
|turn|16
|
|move|p2a: Sableye|Power-Up Punch|p1a: Empoleon
|-supereffective|p1a: Empoleon
|-damage|p1a: Empoleon|134\/372 par
|-boost|p2a: Sableye|atk|1
|move|p1a: Empoleon|Defog|p2a: Sableye
|move|p2a: Sableye|Defog|p1a: Empoleon|[from]Magic Bounce
|-unboost|p1a: Empoleon|evasion|1
|-sideend|p1: pantofel|Spikes|[from] move: Defog|[of] p1a: Empoleon
|-sideend|p1: pantofel|Stealth Rock|[from] move: Defog|[of] p1a: Empoleon
|
|-heal|p1a: Empoleon|157\/372 par|[from] item: Leftovers
|turn|17
|
|move|p2a: Sableye|Power-Up Punch|p1a: Empoleon
|-supereffective|p1a: Empoleon
|-damage|p1a: Empoleon|1\/372 par
|-boost|p2a: Sableye|atk|1
|move|p1a: Empoleon|Scald|p2a: Sableye
|-damage|p2a: Sableye|88\/304
|
|-heal|p1a: Empoleon|24\/372 par|[from] item: Leftovers
|turn|18
|
|move|p2a: Sableye|Recover|p2a: Sableye
|-heal|p2a: Sableye|240\/304
|move|p1a: Empoleon|Scald|p2a: Sableye
|-damage|p2a: Sableye|93\/304
|
|-heal|p1a: Empoleon|47\/372 par|[from] item: Leftovers
|turn|19
|
|move|p2a: Sableye|Power-Up Punch|p1a: Empoleon
|-supereffective|p1a: Empoleon
|-damage|p1a: Empoleon|0 fnt
|-boost|p2a: Sableye|atk|1
|faint|p1a: Empoleon
|
|
|switch|p1a: Gyarados|Gyarados, F|351\/351
|-ability|p1a: Gyarados|Intimidate|[of] p2a: Sableye
|-unboost|p2a: Sableye|atk|1
|turn|20
|
|move|p2a: Sableye|Sucker Punch|p1a: Gyarados
|-damage|p1a: Gyarados|39\/351
|move|p1a: Gyarados|Waterfall|p2a: Sableye
|-damage|p2a: Sableye|0 fnt
|faint|p2a: Sableye
|
|-heal|p1a: Gyarados|60\/351|[from] item: Leftovers
|leave|pantofel
|player|p1
|join|pantofel
|player|p1|pantofel|2
|
|switch|p2a: Keldeo|Keldeo|323\/323
|turn|21
|
|move|p2a: Keldeo|Scald|p1a: Gyarados
|-resisted|p1a: Gyarados
|-damage|p1a: Gyarados|0 fnt
|faint|p1a: Gyarados
|
|
|switch|p1a: Hydreigon|Hydreigon, M|153\/326 brn
|turn|22
|
|switch|p2a: Klefki|Klefki, M|130\/317
|move|p1a: Hydreigon|Roost|p1a: Hydreigon
|-heal|p1a: Hydreigon|316\/326 brn
|
|-damage|p1a: Hydreigon|276\/326 brn|[from] brn
|turn|23
|
|switch|p2a: Keldeo|Keldeo|323\/323
|move|p1a: Hydreigon|Flash Cannon|p2a: Keldeo
|-resisted|p2a: Keldeo
|-damage|p2a: Keldeo|245\/323
|-damage|p1a: Hydreigon|244\/326 brn|[from] item: Life Orb
|
|-damage|p1a: Hydreigon|204\/326 brn|[from] brn
|turn|24
|
|switch|p1a: Mamoswine|Mamoswine, M|41\/424
|move|p2a: Keldeo|Icy Wind|p1a: Mamoswine
|-miss|p2a: Keldeo|p1a: Mamoswine
|
|turn|25
|
|move|p2a: Keldeo|Icy Wind|p1a: Mamoswine
|-damage|p1a: Mamoswine|0 fnt
|faint|p1a: Mamoswine
|
|
|switch|p1a: Steelix|Steelix, F|354\/354
|turn|26
|
|switch|p2a: Kyurem-Black|Kyurem-Black|166\/391
|-ability|p2a: Kyurem-Black|Teravolt
|detailschange|p1a: Steelix|Steelix-Mega, F
|message|Steelix has Mega Evolved into Mega Steelix!
|move|p1a: Steelix|Earthquake|p2a: Kyurem-Black
|-damage|p2a: Kyurem-Black|19\/391
|
|turn|27
|
|switch|p1a: Hydreigon|Hydreigon, M|204\/326 brn
|move|p2a: Kyurem-Black|Ice Beam|p1a: Hydreigon
|-supereffective|p1a: Hydreigon
|-damage|p1a: Hydreigon|0 fnt
|-damage|p2a: Kyurem-Black|0 fnt|[from] item: Life Orb
|faint|p1a: Hydreigon
|faint|p2a: Kyurem-Black
|
|
|switch|p2a: Keldeo|Keldeo|245\/323
|switch|p1a: Steelix|Steelix-Mega, F|354\/354
|turn|28
|c|âpantofel|fuck stupid sableye
|c|âpantofel|set
|-message|pantofel forfeited.
|
|win|SlurpuffIzFood
|raw|Ladder updating...
|leave|pantofel
|player|p1
|raw|pantofel's rating: 1491 &rarr; <strong>1467<\/strong><br \/>(-24 for losing)
|raw|SlurpuffIzFood's rating: 1418 &rarr; <strong>1442<\/strong><br \/>(+24 for winning)