|join|teamstealer 101
|join|SlurpuffIzFood
|player|p1|teamstealer 101|1
|player|p2|SlurpuffIzFood|172
|gametype|singles
|gen|6
|tier|OU
|rated
|clearpoke
|poke|p1|Sceptile, M
|poke|p1|Greninja, M
|poke|p1|Rotom-Wash
|poke|p1|Landorus-Therian, M
|poke|p1|Heatran, M
|poke|p1|Latios, M
|poke|p2|Beedrill, M
|poke|p2|Greninja, F
|poke|p2|Scizor, M
|poke|p2|Latios, M
|poke|p2|Landorus-Therian, M
|poke|p2|Heatran, F
|rule|Swagger Clause: Swagger is banned
|rule|Baton Pass Clause: Limit one PokÃ©mon knowing Baton Pass
|rule|Sleep Clause Mod: Limit one foe put to sleep
|rule|Species Clause: Limit one of each PokÃ©mon
|rule|OHKO Clause: OHKO moves are banned
|rule|Moody Clause: Moody is banned
|rule|Evasion Moves Clause: Evasion moves are banned
|rule|Endless Battle Clause: Forcing endless battles is banned
|rule|HP Percentage Mod: HP is shown in percentages
|teampreview
|
|start
|switch|p1a: Landorus-Therian|Landorus-Therian, M|325\/325
|switch|p2a: Landorus-Therian|Landorus-Therian, M|319\/319
|-ability|p1a: Landorus-Therian|Intimidate|[of] p2a: Landorus-Therian
|-unboost|p2a: Landorus-Therian|atk|1
|-ability|p2a: Landorus-Therian|Intimidate|[of] p1a: Landorus-Therian
|-unboost|p1a: Landorus-Therian|atk|1
|turn|1
|
|switch|p1a: Rotom-Wash|Rotom-Wash|303\/303
|move|p2a: Landorus-Therian|Stealth Rock|p1a: Rotom-Wash
|-sidestart|p1: teamstealer 101|move: Stealth Rock
|
|turn|2
|
|move|p2a: Landorus-Therian|U-turn|p1a: Rotom-Wash
|-damage|p1a: Rotom-Wash|260\/303
|
|switch|p2a: Latios|Latios, M|301\/301
|move|p1a: Rotom-Wash|Will-O-Wisp|p2a: Latios
|-status|p2a: Latios|brn
|
|-heal|p1a: Rotom-Wash|278\/303|[from] item: Leftovers
|-damage|p2a: Latios|264\/301 brn|[from] brn
|turn|3
|
|switch|p1a: Heatran|Heatran, M|380\/380
|-damage|p1a: Heatran|333\/380|[from] Stealth Rock
|move|p2a: Latios|Trick|p1a: Heatran
|-activate|p2a: Latios|move: Trick|[of] p1a: Heatran
|-item|p1a: Heatran|Choice Scarf|[from] move: Trick
|-item|p2a: Latios|Leftovers|[from] move: Trick
|
|-heal|p2a: Latios|282\/301 brn|[from] item: Leftovers
|-damage|p2a: Latios|245\/301 brn|[from] brn
|turn|4
|
|switch|p2a: Greninja|Greninja, F|285\/285
|move|p1a: Heatran|Stealth Rock|p2a: Greninja
|-sidestart|p2: SlurpuffIzFood|move: Stealth Rock
|
|turn|5
|
|switch|p1a: Rotom-Wash|Rotom-Wash|278\/303
|-damage|p1a: Rotom-Wash|241\/303|[from] Stealth Rock
|move|p2a: Greninja|Gunk Shot|p1a: Rotom-Wash|[miss]
|-start|p2a: Greninja|typechange|Poison|[from] Protean
|-miss|p2a: Greninja|p1a: Rotom-Wash
|
|-heal|p1a: Rotom-Wash|259\/303|[from] item: Leftovers
|turn|6
|
|switch|p2a: Landorus-Therian|Landorus-Therian, M|319\/319
|-damage|p2a: Landorus-Therian|280\/319|[from] Stealth Rock
|-ability|p2a: Landorus-Therian|Intimidate|[of] p1a: Rotom-Wash
|-unboost|p1a: Rotom-Wash|atk|1
|move|p1a: Rotom-Wash|Volt Switch|p2a: Landorus-Therian
|-immune|p2a: Landorus-Therian|[msg]
|
|-heal|p1a: Rotom-Wash|277\/303|[from] item: Leftovers
|turn|7
|
|move|p2a: Landorus-Therian|U-turn|p1a: Rotom-Wash
|-damage|p1a: Rotom-Wash|216\/303
|
|switch|p2a: Latios|Latios, M|245\/301 brn
|-damage|p2a: Latios|208\/301 brn|[from] Stealth Rock
|move|p1a: Rotom-Wash|Volt Switch|p2a: Latios
|-resisted|p2a: Latios
|-damage|p2a: Latios|169\/301 brn
|
|switch|p1a: Landorus-Therian|Landorus-Therian, M|325\/325
|-damage|p1a: Landorus-Therian|285\/325|[from] Stealth Rock
|-ability|p1a: Landorus-Therian|Intimidate|[of] p2a: Latios
|-unboost|p2a: Latios|atk|1
|
|-heal|p2a: Latios|187\/301 brn|[from] item: Leftovers
|-damage|p2a: Latios|150\/301 brn|[from] brn
|turn|8
|
|switch|p2a: Landorus-Therian|Landorus-Therian, M|280\/319
|-damage|p2a: Landorus-Therian|241\/319|[from] Stealth Rock
|-ability|p2a: Landorus-Therian|Intimidate|[of] p1a: Landorus-Therian
|-unboost|p1a: Landorus-Therian|atk|1
|move|p1a: Landorus-Therian|U-turn|p2a: Landorus-Therian
|-resisted|p2a: Landorus-Therian
|-damage|p2a: Landorus-Therian|207\/319
|
|switch|p1a: Greninja|Greninja, M|285\/285
|-damage|p1a: Greninja|250\/285|[from] Stealth Rock
|
|turn|9
|
|switch|p2a: Scizor|Scizor, M|343\/343
|-damage|p2a: Scizor|301\/343|[from] Stealth Rock
|move|p1a: Greninja|Ice Beam|p2a: Scizor
|-start|p1a: Greninja|typechange|Ice|[from] Protean
|-resisted|p2a: Scizor
|-damage|p2a: Scizor|233\/343
|-damage|p1a: Greninja|222\/285|[from] item: Life Orb
|
|-heal|p2a: Scizor|254\/343|[from] item: Leftovers
|turn|10
|
|switch|p1a: Heatran|Heatran, M|333\/380
|-damage|p1a: Heatran|286\/380|[from] Stealth Rock
|move|p2a: Scizor|U-turn|p1a: Heatran
|-resisted|p1a: Heatran
|-damage|p1a: Heatran|262\/380
|
|switch|p2a: Greninja|Greninja, F|285\/285
|-damage|p2a: Greninja|250\/285|[from] Stealth Rock
|
|turn|11
|
|move|p2a: Greninja|Hydro Pump|p1a: Heatran
|-start|p2a: Greninja|typechange|Water|[from] Protean
|-supereffective|p1a: Heatran
|-damage|p1a: Heatran|0 fnt
|-damage|p2a: Greninja|222\/285|[from] item: Life Orb
|faint|p1a: Heatran
|
|
|switch|p1a: Sceptile|Sceptile, M|289\/289
|-damage|p1a: Sceptile|253\/289|[from] Stealth Rock
|turn|12
|
|switch|p2a: Scizor|Scizor, M|254\/343
|-damage|p2a: Scizor|212\/343|[from] Stealth Rock
|detailschange|p1a: Sceptile|Sceptile-Mega, M
|message|Sceptile has Mega Evolved into Mega Sceptile!
|move|p1a: Sceptile|Protect|p1a: Sceptile
|-fail|p1a: Sceptile
|
|-heal|p2a: Scizor|233\/343|[from] item: Leftovers
|turn|13
|
|switch|p1a: Landorus-Therian|Landorus-Therian, M|285\/325
|-damage|p1a: Landorus-Therian|245\/325|[from] Stealth Rock
|-ability|p1a: Landorus-Therian|Intimidate|[of] p2a: Scizor
|-unboost|p2a: Scizor|atk|1
|move|p2a: Scizor|U-turn|p1a: Landorus-Therian
|-resisted|p1a: Landorus-Therian
|-damage|p1a: Landorus-Therian|206\/325
|
|switch|p2a: Landorus-Therian|Landorus-Therian, M|207\/319
|-damage|p2a: Landorus-Therian|168\/319|[from] Stealth Rock
|-ability|p2a: Landorus-Therian|Intimidate|[of] p1a: Landorus-Therian
|-unboost|p1a: Landorus-Therian|atk|1
|
|turn|14
|
|move|p1a: Landorus-Therian|U-turn|p2a: Landorus-Therian
|-resisted|p2a: Landorus-Therian
|-damage|p2a: Landorus-Therian|138\/319
|
|switch|p1a: Rotom-Wash|Rotom-Wash|216\/303
|-damage|p1a: Rotom-Wash|179\/303|[from] Stealth Rock
|move|p2a: Landorus-Therian|U-turn|p1a: Rotom-Wash
|-damage|p1a: Rotom-Wash|113\/303
|
|switch|p2a: Latios|Latios, M|150\/301 brn
|-damage|p2a: Latios|113\/301 brn|[from] Stealth Rock
|
|-heal|p2a: Latios|131\/301 brn|[from] item: Leftovers
|-heal|p1a: Rotom-Wash|131\/303|[from] item: Leftovers
|-damage|p2a: Latios|94\/301 brn|[from] brn
|turn|15
|
|move|p2a: Latios|Dragon Pulse|p1a: Rotom-Wash
|-damage|p1a: Rotom-Wash|8\/303
|move|p1a: Rotom-Wash|Volt Switch|p2a: Latios
|-resisted|p2a: Latios
|-damage|p2a: Latios|52\/301 brn
|
|switch|p1a: Sceptile|Sceptile-Mega, M|253\/289
|-damage|p1a: Sceptile|217\/289|[from] Stealth Rock
|
|-heal|p2a: Latios|70\/301 brn|[from] item: Leftovers
|-damage|p2a: Latios|33\/301 brn|[from] brn
|turn|16
|
|move|p1a: Sceptile|Dragon Pulse|p2a: Latios
|-supereffective|p2a: Latios
|-damage|p2a: Latios|0 fnt
|faint|p2a: Latios
|
|
|switch|p2a: Scizor|Scizor, M|233\/343
|-damage|p2a: Scizor|191\/343|[from] Stealth Rock
|turn|17
|
|switch|p1a: Rotom-Wash|Rotom-Wash|8\/303
|-damage|p1a: Rotom-Wash|0 fnt|[from] Stealth Rock
|faint|p1a: Rotom-Wash
|move|p2a: Scizor|Bullet Punch|p1: Rotom-Wash|[notarget]
|-notarget
|
|-heal|p2a: Scizor|212\/343|[from] item: Leftovers
|
|switch|p1a: Greninja|Greninja, M|222\/285
|-damage|p1a: Greninja|187\/285|[from] Stealth Rock
|turn|18
|
|switch|p2a: Heatran|Heatran, F|385\/385
|-damage|p2a: Heatran|337\/385|[from] Stealth Rock
|move|p1a: Greninja|Dark Pulse|p2a: Heatran
|-start|p1a: Greninja|typechange|Dark|[from] Protean
|-damage|p2a: Heatran|211\/385
|-damage|p1a: Greninja|159\/285|[from] item: Life Orb
|
|-heal|p2a: Heatran|235\/385|[from] item: Leftovers
|turn|19
|
|move|p1a: Greninja|Low Kick|p2a: Heatran
|-start|p1a: Greninja|typechange|Fighting|[from] Protean
|-supereffective|p2a: Heatran
|-damage|p2a: Heatran|0 fnt
|-damage|p1a: Greninja|131\/285|[from] item: Life Orb
|faint|p2a: Heatran
|
|
|switch|p2a: Shit|Beedrill, M|271\/271
|-damage|p2a: Shit|204\/271|[from] Stealth Rock
|turn|20
|
|detailschange|p2a: Shit|Beedrill-Mega, M
|message|Beedrill has Mega Evolved into Mega Beedrill!
|move|p2a: Shit|Protect|p2a: Shit
|-singleturn|p2a: Shit|Protect
|move|p1a: Greninja|Ice Beam|p2a: Shit
|-start|p1a: Greninja|typechange|Ice|[from] Protean
|-activate|p2a: Shit|Protect
|
|turn|21
|
|switch|p1a: Landorus-Therian|Landorus-Therian, M|206\/325
|-damage|p1a: Landorus-Therian|166\/325|[from] Stealth Rock
|-ability|p1a: Landorus-Therian|Intimidate|[of] p2a: Shit
|-unboost|p2a: Shit|atk|1
|move|p2a: Shit|Poison Jab|p1a: Landorus-Therian
|-resisted|p1a: Landorus-Therian
|-damage|p1a: Landorus-Therian|87\/325
|
|turn|22
|
|switch|p2a: Landorus-Therian|Landorus-Therian, M|138\/319
|-damage|p2a: Landorus-Therian|99\/319|[from] Stealth Rock
|-ability|p2a: Landorus-Therian|Intimidate|[of] p1a: Landorus-Therian
|-unboost|p1a: Landorus-Therian|atk|1
|move|p1a: Landorus-Therian|Stone Edge|p2a: Landorus-Therian
|-damage|p2a: Landorus-Therian|9\/319
|
|turn|23
|
|move|p1a: Landorus-Therian|Stone Edge|p2a: Landorus-Therian
|-crit|p2a: Landorus-Therian
|-damage|p2a: Landorus-Therian|0 fnt
|faint|p2a: Landorus-Therian
|
|
|switch|p2a: Scizor|Scizor, M|212\/343
|-damage|p2a: Scizor|170\/343|[from] Stealth Rock
|turn|24
|
|switch|p1a: Greninja|Greninja, M|131\/285
|-damage|p1a: Greninja|96\/285|[from] Stealth Rock
|move|p2a: Scizor|Roost|p2a: Scizor
|-heal|p2a: Scizor|342\/343
|
|-heal|p2a: Scizor|343\/343|[from] item: Leftovers
|turn|25
|
|move|p2a: Scizor|Bullet Punch|p1a: Greninja
|-resisted|p1a: Greninja
|-damage|p1a: Greninja|35\/285
|move|p1a: Greninja|Dark Pulse|p2a: Scizor
|-start|p1a: Greninja|typechange|Dark|[from] Protean
|-damage|p2a: Scizor|229\/343
|-damage|p1a: Greninja|7\/285|[from] item: Life Orb
|
|-heal|p2a: Scizor|250\/343|[from] item: Leftovers
|turn|26
|
|move|p2a: Scizor|Bullet Punch|p1a: Greninja
|-damage|p1a: Greninja|0 fnt
|faint|p1a: Greninja
|
|-heal|p2a: Scizor|271\/343|[from] item: Leftovers
|
|switch|p1a: Latios|Latios, M|301\/301
|-damage|p1a: Latios|264\/301|[from] Stealth Rock
|turn|27
|
|move|p1a: Latios|Draco Meteor|p2a: Scizor
|-resisted|p2a: Scizor
|-damage|p2a: Scizor|123\/343
|-unboost|p1a: Latios|spa|2
|-damage|p1a: Latios|234\/301|[from] item: Life Orb
|move|p2a: Scizor|U-turn|p1a: Latios
|-supereffective|p1a: Latios
|-damage|p1a: Latios|0 fnt
|faint|p1a: Latios
|
|switch|p2a: Greninja|Greninja, F|222\/285
|-damage|p2a: Greninja|187\/285|[from] Stealth Rock
|
|
|switch|p1a: Landorus-Therian|Landorus-Therian, M|87\/325
|-damage|p1a: Landorus-Therian|47\/325|[from] Stealth Rock
|-ability|p1a: Landorus-Therian|Intimidate|[of] p2a: Greninja
|-unboost|p2a: Greninja|atk|1
|turn|28
|
|move|p1a: Landorus-Therian|Earthquake|p2a: Greninja
|-damage|p2a: Greninja|0 fnt
|faint|p2a: Greninja
|
|
|switch|p2a: Scizor|Scizor, M|123\/343
|-damage|p2a: Scizor|81\/343|[from] Stealth Rock
|turn|29
|
|move|p2a: Scizor|Bullet Punch|p1a: Landorus-Therian
|-damage|p1a: Landorus-Therian|0 fnt
|faint|p1a: Landorus-Therian
|
|-heal|p2a: Scizor|102\/343|[from] item: Leftovers
|
|switch|p1a: Sceptile|Sceptile-Mega, M|217\/289
|-damage|p1a: Sceptile|181\/289|[from] Stealth Rock
|turn|30
|
|move|p2a: Scizor|Bullet Punch|p1a: Sceptile
|-damage|p1a: Sceptile|54\/289
|move|p1a: Sceptile|Focus Blast|p2a: Scizor
|-damage|p2a: Scizor|0 fnt
|faint|p2a: Scizor
|
|
|switch|p2a: Shit|Beedrill-Mega, M|204\/271
|-damage|p2a: Shit|137\/271|[from] Stealth Rock
|turn|31
|
|move|p2a: Shit|Poison Jab|p1a: Sceptile
|-supereffective|p1a: Sceptile
|-damage|p1a: Sceptile|0 fnt
|faint|p1a: Sceptile
|
|win|SlurpuffIzFood
|raw|Ladder updating...
|raw|teamstealer 101's rating: 1561 &rarr; <strong>1534<\/strong><br \/>(-27 for losing)
|raw|SlurpuffIzFood's rating: 1441 &rarr; <strong>1467<\/strong><br \/>(+26 for winning)
|c|âSlurpuffIzFood|gg
|leave|teamstealer 101
|player|p1