|join|SlurpuffIzFood
|join|LightSpark
|player|p1|SlurpuffIzFood|172
|player|p2|LightSpark|80
|gametype|singles
|gen|6
|tier|OU
|rated
|clearpoke
|poke|p1|Beedrill, M
|poke|p1|Greninja, F
|poke|p1|Scizor, M
|poke|p1|Latios, M
|poke|p1|Landorus-Therian, M
|poke|p1|Heatran, F
|poke|p2|Lopunny, M
|poke|p2|Bisharp, F
|poke|p2|Magnezone
|poke|p2|Mew
|poke|p2|Latias, F
|poke|p2|Greninja, F
|rule|Swagger Clause: Swagger is banned
|rule|Baton Pass Clause: Limit one PokÃ©mon knowing Baton Pass
|rule|Sleep Clause Mod: Limit one foe put to sleep
|rule|Species Clause: Limit one of each PokÃ©mon
|rule|OHKO Clause: OHKO moves are banned
|rule|Moody Clause: Moody is banned
|rule|Evasion Moves Clause: Evasion moves are banned
|rule|Endless Battle Clause: Forcing endless battles is banned
|rule|HP Percentage Mod: HP is shown in percentages
|teampreview
|
|start
|switch|p1a: Shit|Beedrill, M|271\/271
|switch|p2a: Greninja|Greninja, F|285\/285
|turn|1
|
|switch|p2a: Bisharp|Bisharp, F|280\/280
|detailschange|p1a: Shit|Beedrill-Mega, M
|message|Beedrill has Mega Evolved into Mega Beedrill!
|move|p1a: Shit|Protect|p1a: Shit
|-fail|p1a: Shit
|
|turn|2
|
|switch|p1a: Heatran|Heatran, F|385\/385
|move|p2a: Bisharp|Sucker Punch|p1a: Heatran
|-fail|p1a: Heatran
|
|turn|3
|
|switch|p2a: Greninja|Greninja, F|285\/285
|move|p1a: Heatran|Lava Plume|p2a: Greninja
|-resisted|p2a: Greninja
|-damage|p2a: Greninja|200\/285
|
|turn|4
|
|switch|p1a: Latios|Latios, M|301\/301
|move|p2a: Greninja|Hydro Pump|p1a: Latios|[miss]
|-start|p2a: Greninja|typechange|Water|[from] Protean
|-miss|p2a: Greninja|p1a: Latios
|
|turn|5
|
|switch|p2a: Bisharp|Bisharp, F|280\/280
|move|p1a: Latios|Thunderbolt|p2a: Bisharp
|-crit|p2a: Bisharp
|-damage|p2a: Bisharp|140\/280
|
|turn|6
|
|move|p2a: Bisharp|Pursuit|p1a: Latios|[from]Pursuit
|-supereffective|p1a: Latios
|-damage|p1a: Latios|0 fnt
|faint|p1a: Latios
|
|
|switch|p1a: Heatran|Heatran, F|385\/385
|turn|7
|
|switch|p2a: Mew|Mew|404\/404
|move|p1a: Heatran|Lava Plume|p2a: Mew
|-crit|p2a: Mew
|-damage|p2a: Mew|268\/404
|
|-heal|p2a: Mew|293\/404|[from] item: Leftovers
|turn|8
|
|move|p2a: Mew|Stealth Rock|p1a: Heatran
|-sidestart|p1: SlurpuffIzFood|move: Stealth Rock
|move|p1a: Heatran|Toxic|p2a: Mew|[miss]
|-miss|p1a: Heatran|p2a: Mew
|
|-heal|p2a: Mew|318\/404|[from] item: Leftovers
|turn|9
|
|move|p2a: Mew|Stealth Rock|p1a: Heatran
|-fail|p1a: Heatran
|move|p1a: Heatran|Toxic|p2a: Mew
|-status|p2a: Mew|tox
|
|-heal|p2a: Mew|343\/404 tox|[from] item: Leftovers
|-damage|p2a: Mew|318\/404 tox|[from] psn
|turn|10
|
|move|p2a: Mew|Knock Off|p1a: Heatran
|-damage|p1a: Heatran|321\/385
|-enditem|p1a: Heatran|Leftovers|[from] move: Knock Off|[of] p2a: Mew
|move|p1a: Heatran|Lava Plume|p2a: Mew
|-damage|p2a: Mew|222\/404 tox
|
|-heal|p2a: Mew|247\/404 tox|[from] item: Leftovers
|-damage|p2a: Mew|197\/404 tox|[from] psn
|turn|11
|
|move|p2a: Mew|Soft-Boiled|p2a: Mew
|-heal|p2a: Mew|399\/404 tox
|move|p1a: Heatran|Lava Plume|p2a: Mew
|-damage|p2a: Mew|306\/404 tox
|
|-heal|p2a: Mew|331\/404 tox|[from] item: Leftovers
|-damage|p2a: Mew|256\/404 tox|[from] psn
|turn|12
|
|switch|p2a: Greninja|Greninja, F|200\/285
|move|p1a: Heatran|Lava Plume|p2a: Greninja
|-resisted|p2a: Greninja
|-damage|p2a: Greninja|113\/285
|
|turn|13
|
|move|p2a: Greninja|Hydro Pump|p1a: Heatran
|-start|p2a: Greninja|typechange|Water|[from] Protean
|-supereffective|p1a: Heatran
|-damage|p1a: Heatran|0 fnt
|-damage|p2a: Greninja|85\/285|[from] item: Life Orb
|faint|p1a: Heatran
|
|
|switch|p1a: Shit|Beedrill-Mega, M|271\/271
|-damage|p1a: Shit|204\/271|[from] Stealth Rock
|turn|14
|
|switch|p2a: Mew|Mew|256\/404 tox
|move|p1a: Shit|Knock Off|p2a: Mew
|-supereffective|p2a: Mew
|-damage|p2a: Mew|10\/404 tox
|-enditem|p2a: Mew|Leftovers|[from] move: Knock Off|[of] p1a: Shit
|
|-damage|p2a: Mew|0 fnt|[from] psn
|faint|p2a: Mew
|
|switch|p2a: Lopunny|Lopunny, M|272\/272
|turn|15
|
|detailschange|p2a: Lopunny|Lopunny-Mega, M
|message|Lopunny has Mega Evolved into Mega Lopunny!
|move|p1a: Shit|Protect|p1a: Shit
|-singleturn|p1a: Shit|Protect
|move|p2a: Lopunny|Fake Out|p1a: Shit
|-activate|p1a: Shit|Protect
|
|turn|16
|
|move|p1a: Shit|U-turn|p2a: Lopunny
|-resisted|p2a: Lopunny
|-damage|p2a: Lopunny|178\/272
|
|switch|p1a: Landorus-Therian|Landorus-Therian, M|319\/319
|-damage|p1a: Landorus-Therian|280\/319|[from] Stealth Rock
|-ability|p1a: Landorus-Therian|Intimidate|[of] p2a: Lopunny
|-unboost|p2a: Lopunny|atk|1
|move|p2a: Lopunny|Return|p1a: Landorus-Therian
|-damage|p1a: Landorus-Therian|148\/319
|
|turn|17
|
|move|p2a: Lopunny|Ice Punch|p1a: Landorus-Therian
|-supereffective|p1a: Landorus-Therian
|-damage|p1a: Landorus-Therian|0 fnt
|faint|p1a: Landorus-Therian
|
|
|switch|p1a: Scizor|Scizor, M|343\/343
|-damage|p1a: Scizor|301\/343|[from] Stealth Rock
|turn|18
|
|switch|p2a: Magnezone|Magnezone|321\/321
|move|p1a: Scizor|U-turn|p2a: Magnezone
|-resisted|p2a: Magnezone
|-damage|p2a: Magnezone|268\/321
|
|switch|p1a: Greninja|Greninja, F|285\/285
|-damage|p1a: Greninja|250\/285|[from] Stealth Rock
|
|turn|19
|
|move|p1a: Greninja|Hydro Pump|p2a: Magnezone
|-start|p1a: Greninja|typechange|Water|[from] Protean
|-damage|p2a: Magnezone|57\/321
|-damage|p1a: Greninja|222\/285|[from] item: Life Orb
|move|p2a: Magnezone|Volt Switch|p1a: Greninja
|-supereffective|p1a: Greninja
|-damage|p1a: Greninja|0 fnt
|faint|p1a: Greninja
|
|switch|p2a: Greninja|Greninja, F|85\/285
|
|
|switch|p1a: Shit|Beedrill-Mega, M|204\/271
|-damage|p1a: Shit|137\/271|[from] Stealth Rock
|turn|20
|
|move|p1a: Shit|Poison Jab|p2a: Greninja
|-damage|p2a: Greninja|0 fnt
|faint|p2a: Greninja
|
|
|switch|p2a: Bisharp|Bisharp, F|140\/280
|turn|21
|
|switch|p1a: Scizor|Scizor, M|301\/343
|-damage|p1a: Scizor|259\/343|[from] Stealth Rock
|move|p2a: Bisharp|Sucker Punch|p1a: Scizor
|-fail|p1a: Scizor
|
|-heal|p1a: Scizor|280\/343|[from] item: Leftovers
|turn|22
|
|switch|p2a: Latias|Latias, F|302\/302
|move|p1a: Scizor|Defog|p2a: Latias
|-unboost|p2a: Latias|evasion|1
|-sideend|p1: SlurpuffIzFood|Stealth Rock|[from] move: Defog|[of] p1a: Scizor
|
|-heal|p1a: Scizor|301\/343|[from] item: Leftovers
|turn|23
|
|move|p2a: Latias|Draco Meteor|p1a: Scizor
|-resisted|p1a: Scizor
|-damage|p1a: Scizor|184\/343
|-unboost|p2a: Latias|spa|2
|-damage|p2a: Latias|272\/302|[from] item: Life Orb
|move|p1a: Scizor|U-turn|p2a: Latias
|-crit|p2a: Latias
|-supereffective|p2a: Latias
|-damage|p2a: Latias|0 fnt
|faint|p2a: Latias
|
|switch|p1a: Shit|Beedrill-Mega, M|137\/271
|
|
|switch|p2a: Lopunny|Lopunny-Mega, M|178\/272
|turn|24
|
|move|p1a: Shit|Protect|p1a: Shit
|-singleturn|p1a: Shit|Protect
|move|p2a: Lopunny|Fake Out|p1a: Shit
|-activate|p1a: Shit|Protect
|
|turn|25
|
|move|p1a: Shit|Poison Jab|p2a: Lopunny
|-crit|p2a: Lopunny
|-damage|p2a: Lopunny|0 fnt
|faint|p2a: Lopunny
|
|
|switch|p2a: Bisharp|Bisharp, F|140\/280
|turn|26
|
|move|p1a: Shit|U-turn|p2a: Bisharp
|-crit|p2a: Bisharp
|-damage|p2a: Bisharp|0 fnt
|faint|p2a: Bisharp
|
|switch|p1a: Scizor|Scizor, M|184\/343
|
|-heal|p1a: Scizor|205\/343|[from] item: Leftovers
|-message|LightSpark forfeited.
|
|win|SlurpuffIzFood
|raw|Ladder updating...
|leave|LightSpark
|player|p2
|raw|SlurpuffIzFood's rating: 1315 &rarr; <strong>1333<\/strong><br \/>(+18 for winning)
|raw|LightSpark's rating: 1283 &rarr; <strong>1260<\/strong><br \/>(-23 for losing)
|c|âSlurpuffIzFood|phew