|join|SlurpuffIzFood
|join|LewisCrisp
|player|p1|SlurpuffIzFood|172
|player|p2|LewisCrisp|10
|gametype|singles
|gen|6
|tier|OU
|rated
|clearpoke
|poke|p1|Beedrill, M
|poke|p1|Greninja, F
|poke|p1|Scizor, M
|poke|p1|Latios, M
|poke|p1|Landorus-Therian, M
|poke|p1|Heatran, F
|poke|p2|Manectric, M
|poke|p2|Landorus-Therian, M
|poke|p2|Gyarados, F, shiny
|poke|p2|Latios, M, shiny
|poke|p2|Heatran, M
|poke|p2|Breloom, M
|rule|Swagger Clause: Swagger is banned
|rule|Baton Pass Clause: Limit one PokÃ©mon knowing Baton Pass
|rule|Sleep Clause Mod: Limit one foe put to sleep
|rule|Species Clause: Limit one of each PokÃ©mon
|rule|OHKO Clause: OHKO moves are banned
|rule|Moody Clause: Moody is banned
|rule|Evasion Moves Clause: Evasion moves are banned
|rule|Endless Battle Clause: Forcing endless battles is banned
|rule|HP Percentage Mod: HP is shown in percentages
|teampreview
|
|start
|switch|p1a: Greninja|Greninja, F|285\/285
|switch|p2a: Green Arrow|Manectric, M|281\/281
|turn|1
|
|switch|p1a: Landorus-Therian|Landorus-Therian, M|319\/319
|-ability|p1a: Landorus-Therian|Intimidate|[of] p2a: Green Arrow
|-unboost|p2a: Green Arrow|atk|1
|detailschange|p2a: Green Arrow|Manectric-Mega, M
|message|Manectric has Mega Evolved into Mega Manectric!
|-ability|p2a: Green Arrow|Intimidate|[of] p1a: Landorus-Therian
|-unboost|p1a: Landorus-Therian|atk|1
|move|p2a: Green Arrow|Volt Switch|p1a: Landorus-Therian
|-immune|p1a: Landorus-Therian|[msg]
|
|turn|2
|
|switch|p1a: Scizor|Scizor, M|343\/343
|move|p2a: Green Arrow|Hidden Power|p1a: Scizor
|-resisted|p1a: Scizor
|-damage|p1a: Scizor|309\/343
|
|-heal|p1a: Scizor|330\/343|[from] item: Leftovers
|turn|3
|
|switch|p1a: Heatran|Heatran, F|385\/385
|move|p2a: Green Arrow|Volt Switch|p1a: Heatran
|-damage|p1a: Heatran|261\/385
|
|switch|p2a: TheCurrentKingofFr|Landorus-Therian, M|382\/382
|-ability|p2a: TheCurrentKingofFr|Intimidate|[of] p1a: Heatran
|-unboost|p1a: Heatran|atk|1
|
|-heal|p1a: Heatran|285\/385|[from] item: Leftovers
|turn|4
|
|move|p2a: TheCurrentKingofFr|Stealth Rock|p1a: Heatran
|-sidestart|p1: SlurpuffIzFood|move: Stealth Rock
|move|p1a: Heatran|Toxic|p2a: TheCurrentKingofFr
|-status|p2a: TheCurrentKingofFr|tox
|
|-heal|p1a: Heatran|309\/385|[from] item: Leftovers
|-damage|p2a: TheCurrentKingofFr|359\/382 tox|[from] psn
|turn|5
|
|switch|p1a: Landorus-Therian|Landorus-Therian, M|319\/319
|-damage|p1a: Landorus-Therian|280\/319|[from] Stealth Rock
|-ability|p1a: Landorus-Therian|Intimidate|[of] p2a: TheCurrentKingofFr
|-unboost|p2a: TheCurrentKingofFr|atk|1
|move|p2a: TheCurrentKingofFr|U-turn|p1a: Landorus-Therian
|-resisted|p1a: Landorus-Therian
|-damage|p1a: Landorus-Therian|243\/319
|
|switch|p2a: Green Arrow|Manectric-Mega, M|281\/281
|-ability|p2a: Green Arrow|Intimidate|[of] p1a: Landorus-Therian
|-unboost|p1a: Landorus-Therian|atk|1
|
|turn|6
|
|move|p2a: Green Arrow|Volt Switch|p1a: Landorus-Therian
|-immune|p1a: Landorus-Therian|[msg]
|move|p1a: Landorus-Therian|U-turn|p2a: Green Arrow
|-damage|p2a: Green Arrow|203\/281
|
|switch|p1a: Heatran|Heatran, F|309\/385
|-damage|p1a: Heatran|261\/385|[from] Stealth Rock
|
|-heal|p1a: Heatran|285\/385|[from] item: Leftovers
|turn|7
|
|move|p2a: Green Arrow|Volt Switch|p1a: Heatran
|-damage|p1a: Heatran|170\/385
|
|switch|p2a: Breloom|Breloom, M|324\/324
|move|p1a: Heatran|Lava Plume|p2a: Breloom
|-supereffective|p2a: Breloom
|-damage|p2a: Breloom|0 fnt
|faint|p2a: Breloom
|
|-heal|p1a: Heatran|194\/385|[from] item: Leftovers
|c|âLewisCrisp|:(
|
|switch|p2a: Jakpak1|Gyarados, F, shiny|332\/332
|-ability|p2a: Jakpak1|Intimidate|[of] p1a: Heatran
|-unboost|p1a: Heatran|atk|1
|turn|8
|c|âSlurpuffIzFood|lol
|
|move|p2a: Jakpak1|Dragon Dance|p2a: Jakpak1
|-boost|p2a: Jakpak1|atk|1
|-boost|p2a: Jakpak1|spe|1
|move|p1a: Heatran|Stone Edge|p2a: Jakpak1
|-supereffective|p2a: Jakpak1
|-damage|p2a: Jakpak1|220\/332
|
|-heal|p2a: Jakpak1|240\/332|[from] item: Leftovers
|-heal|p1a: Heatran|218\/385|[from] item: Leftovers
|turn|9
|
|move|p2a: Jakpak1|Waterfall|p1a: Heatran
|-supereffective|p1a: Heatran
|-damage|p1a: Heatran|0 fnt
|faint|p1a: Heatran
|
|-heal|p2a: Jakpak1|260\/332|[from] item: Leftovers
|
|switch|p1a: Latios|Latios, M|301\/301
|-damage|p1a: Latios|264\/301|[from] Stealth Rock
|turn|10
|
|move|p1a: Latios|Thunderbolt|p2a: Jakpak1
|-supereffective|p2a: Jakpak1
|-damage|p2a: Jakpak1|0 fnt
|faint|p2a: Jakpak1
|
|
|switch|p2a: Green Arrow|Manectric-Mega, M|203\/281
|-ability|p2a: Green Arrow|Intimidate|[of] p1a: Latios
|-unboost|p1a: Latios|atk|1
|turn|11
|
|switch|p2a: TheCurrentKingofFr|Landorus-Therian, M|359\/382 tox
|-ability|p2a: TheCurrentKingofFr|Intimidate|[of] p1a: Latios
|-unboost|p1a: Latios|atk|1
|move|p1a: Latios|Thunderbolt|p2a: TheCurrentKingofFr
|-immune|p2a: TheCurrentKingofFr|[msg]
|
|-heal|p2a: TheCurrentKingofFr|382\/382 tox|[from] item: Leftovers
|-damage|p2a: TheCurrentKingofFr|359\/382 tox|[from] psn
|turn|12
|
|switch|p1a: Landorus-Therian|Landorus-Therian, M|243\/319
|-damage|p1a: Landorus-Therian|204\/319|[from] Stealth Rock
|-ability|p1a: Landorus-Therian|Intimidate|[of] p2a: TheCurrentKingofFr
|-unboost|p2a: TheCurrentKingofFr|atk|1
|move|p2a: TheCurrentKingofFr|U-turn|p1a: Landorus-Therian
|-resisted|p1a: Landorus-Therian
|-damage|p1a: Landorus-Therian|167\/319
|
|switch|p2a: Green Arrow|Manectric-Mega, M|203\/281
|-ability|p2a: Green Arrow|Intimidate|[of] p1a: Landorus-Therian
|-unboost|p1a: Landorus-Therian|atk|1
|
|turn|13
|
|switch|p1a: Greninja|Greninja, F|285\/285
|-damage|p1a: Greninja|250\/285|[from] Stealth Rock
|move|p2a: Green Arrow|Hidden Power|p1a: Greninja
|-resisted|p1a: Greninja
|-damage|p1a: Greninja|196\/285
|
|turn|14
|
|switch|p1a: Scizor|Scizor, M|330\/343
|-damage|p1a: Scizor|288\/343|[from] Stealth Rock
|move|p2a: Green Arrow|Volt Switch|p1a: Scizor
|-damage|p1a: Scizor|170\/343
|
|switch|p2a: Wario|Heatran, M|323\/323
|
|-heal|p1a: Scizor|191\/343|[from] item: Leftovers
|turn|15
|
|switch|p1a: Shit|Beedrill, M|271\/271
|-damage|p1a: Shit|204\/271|[from] Stealth Rock
|move|p2a: Wario|Fire Blast|p1a: Shit
|-supereffective|p1a: Shit
|-damage|p1a: Shit|0 fnt
|faint|p1a: Shit
|
|
|switch|p1a: Greninja|Greninja, F|196\/285
|-damage|p1a: Greninja|161\/285|[from] Stealth Rock
|turn|16
|
|move|p2a: Wario|Fire Blast|p1a: Greninja|[miss]
|-miss|p2a: Wario|p1a: Greninja
|move|p1a: Greninja|Hydro Pump|p2a: Wario
|-start|p1a: Greninja|typechange|Water|[from] Protean
|-supereffective|p2a: Wario
|-damage|p2a: Wario|0 fnt
|-damage|p1a: Greninja|133\/285|[from] item: Life Orb
|faint|p2a: Wario
|
|
|switch|p2a: Green Arrow|Manectric-Mega, M|203\/281
|-ability|p2a: Green Arrow|Intimidate|[of] p1a: Greninja
|-unboost|p1a: Greninja|atk|1
|turn|17
|
|switch|p1a: Scizor|Scizor, M|191\/343
|-damage|p1a: Scizor|149\/343|[from] Stealth Rock
|move|p2a: Green Arrow|Hidden Power|p1a: Scizor
|-resisted|p1a: Scizor
|-damage|p1a: Scizor|117\/343
|
|-heal|p1a: Scizor|138\/343|[from] item: Leftovers
|turn|18
|
|move|p2a: Green Arrow|Thunderbolt|p1a: Scizor
|-damage|p1a: Scizor|0 fnt
|faint|p1a: Scizor
|
|
|switch|p1a: Latios|Latios, M|264\/301
|-damage|p1a: Latios|227\/301|[from] Stealth Rock
|turn|19
|
|move|p1a: Latios|Dragon Pulse|p2a: Green Arrow
|-damage|p2a: Green Arrow|16\/281
|move|p2a: Green Arrow|Volt Switch|p1a: Latios
|-resisted|p1a: Latios
|-damage|p1a: Latios|163\/301
|
|switch|p2a: Luigi|Latios, M, shiny|302\/302
|
|turn|20
|
|move|p1a: Latios|Dragon Pulse|p2a: Luigi
|-supereffective|p2a: Luigi
|-damage|p2a: Luigi|0 fnt
|faint|p2a: Luigi
|
|
|switch|p2a: TheCurrentKingofFr|Landorus-Therian, M|359\/382 tox
|-ability|p2a: TheCurrentKingofFr|Intimidate|[of] p1a: Latios
|-unboost|p1a: Latios|atk|1
|turn|21
|
|switch|p1a: Landorus-Therian|Landorus-Therian, M|167\/319
|-damage|p1a: Landorus-Therian|128\/319|[from] Stealth Rock
|-ability|p1a: Landorus-Therian|Intimidate|[of] p2a: TheCurrentKingofFr
|-unboost|p2a: TheCurrentKingofFr|atk|1
|move|p2a: TheCurrentKingofFr|U-turn|p1a: Landorus-Therian
|-resisted|p1a: Landorus-Therian
|-damage|p1a: Landorus-Therian|92\/319
|
|switch|p2a: Green Arrow|Manectric-Mega, M|16\/281
|-ability|p2a: Green Arrow|Intimidate|[of] p1a: Landorus-Therian
|-unboost|p1a: Landorus-Therian|atk|1
|
|turn|22
|
|switch|p1a: Greninja|Greninja, F|133\/285
|-damage|p1a: Greninja|98\/285|[from] Stealth Rock
|move|p2a: Green Arrow|Hidden Power|p1a: Greninja
|-resisted|p1a: Greninja
|-damage|p1a: Greninja|44\/285
|
|turn|23
|
|switch|p1a: Latios|Latios, M|163\/301
|-damage|p1a: Latios|126\/301|[from] Stealth Rock
|move|p2a: Green Arrow|Thunderbolt|p1a: Latios
|-resisted|p1a: Latios
|-damage|p1a: Latios|54\/301
|
|turn|24
|
|move|p1a: Latios|Dragon Pulse|p2a: Green Arrow
|-damage|p2a: Green Arrow|0 fnt
|faint|p2a: Green Arrow
|
|
|switch|p2a: TheCurrentKingofFr|Landorus-Therian, M|359\/382 tox
|-ability|p2a: TheCurrentKingofFr|Intimidate|[of] p1a: Latios
|-unboost|p1a: Latios|atk|1
|turn|25
|
|move|p1a: Latios|Dragon Pulse|p2a: TheCurrentKingofFr
|-damage|p2a: TheCurrentKingofFr|188\/382 tox
|move|p2a: TheCurrentKingofFr|U-turn|p1a: Latios
|-supereffective|p1a: Latios
|-damage|p1a: Latios|0 fnt
|faint|p1a: Latios
|
|-heal|p2a: TheCurrentKingofFr|211\/382 tox|[from] item: Leftovers
|-damage|p2a: TheCurrentKingofFr|188\/382 tox|[from] psn
|
|switch|p1a: Landorus-Therian|Landorus-Therian, M|92\/319
|-damage|p1a: Landorus-Therian|53\/319|[from] Stealth Rock
|-ability|p1a: Landorus-Therian|Intimidate|[of] p2a: TheCurrentKingofFr
|-unboost|p2a: TheCurrentKingofFr|atk|1
|turn|26
|c|âLewisCrisp|gg
|
|move|p1a: Landorus-Therian|Stone Edge|p2a: TheCurrentKingofFr|[miss]
|-miss|p1a: Landorus-Therian|p2a: TheCurrentKingofFr
|move|p2a: TheCurrentKingofFr|Stone Edge|p1a: Landorus-Therian
|-damage|p1a: Landorus-Therian|0 fnt
|faint|p1a: Landorus-Therian
|
|-heal|p2a: TheCurrentKingofFr|211\/382 tox|[from] item: Leftovers
|-damage|p2a: TheCurrentKingofFr|165\/382 tox|[from] psn
|c|âSlurpuffIzFood|gg..
|
|switch|p1a: Greninja|Greninja, F|44\/285
|-damage|p1a: Greninja|9\/285|[from] Stealth Rock
|turn|27
|
|move|p1a: Greninja|Ice Beam|p2a: TheCurrentKingofFr
|-start|p1a: Greninja|typechange|Ice|[from] Protean
|-crit|p2a: TheCurrentKingofFr
|-supereffective|p2a: TheCurrentKingofFr
|-damage|p2a: TheCurrentKingofFr|0 fnt
|-damage|p1a: Greninja|0 fnt|[from] item: Life Orb
|faint|p2a: TheCurrentKingofFr
|faint|p1a: Greninja
|
|win|SlurpuffIzFood
|raw|Ladder updating...
|raw|SlurpuffIzFood's rating: 1333 &rarr; <strong>1352<\/strong><br \/>(+19 for winning)
|raw|LewisCrisp's rating: 1311 &rarr; <strong>1293<\/strong><br \/>(-18 for losing)
|c|âSlurpuffIzFood|wait ur not scarfed wtf
|c|âSlurpuffIzFood|lol
|c|âLewisCrisp|nooppe
|c|âLewisCrisp|no speed investment at all
|c|âSlurpuffIzFood|o
|c|âSlurpuffIzFood|wow i played
|c|âSlurpuffIzFood|under the impression you were scarfed
|c|âLewisCrisp|gg tho
|c|âSlurpuffIzFood|gg
|c|âSlurpuffIzFood|:]]