|join|allaboutchoice
|join|SlurpuffIzFood
|player|p1|allaboutchoice|288
|player|p2|SlurpuffIzFood|172
|gametype|singles
|gen|6
|tier|OU
|rated
|clearpoke
|poke|p1|Pinsir, F
|poke|p1|Heatran, F
|poke|p1|Sylveon, M
|poke|p1|Landorus-Therian, M
|poke|p1|Keldeo
|poke|p1|Zapdos, shiny
|poke|p2|Rotom-Wash
|poke|p2|Greninja, F
|poke|p2|Charizard, M
|poke|p2|Latias, F
|poke|p2|Landorus-Therian, M
|poke|p2|Ferrothorn, F
|rule|Swagger Clause: Swagger is banned
|rule|Baton Pass Clause: Limit one PokÃ©mon knowing Baton Pass
|rule|Sleep Clause Mod: Limit one foe put to sleep
|rule|Species Clause: Limit one of each PokÃ©mon
|rule|OHKO Clause: OHKO moves are banned
|rule|Moody Clause: Moody is banned
|rule|Evasion Moves Clause: Evasion moves are banned
|rule|Endless Battle Clause: Forcing endless battles is banned
|rule|HP Percentage Mod: HP is shown in percentages
|teampreview
|
|start
|switch|p1a: Grrr...|Landorus-Therian, M|341\/341
|switch|p2a: Rotom-Wash|Rotom-Wash|303\/303
|-ability|p1a: Grrr...|Intimidate|[of] p2a: Rotom-Wash
|-unboost|p2a: Rotom-Wash|atk|1
|turn|1
|
|move|p1a: Grrr...|U-turn|p2a: Rotom-Wash
|-damage|p2a: Rotom-Wash|246\/303
|
|switch|p1a: Nothin to see here|Sylveon, M|373\/373
|move|p2a: Rotom-Wash|Will-O-Wisp|p1a: Nothin to see here
|-status|p1a: Nothin to see here|brn
|
|-heal|p2a: Rotom-Wash|264\/303|[from] item: Leftovers
|-damage|p1a: Nothin to see here|327\/373 brn|[from] brn
|turn|2
|
|move|p2a: Rotom-Wash|Volt Switch|p1a: Nothin to see here
|-damage|p1a: Nothin to see here|258\/373 brn
|
|switch|p2a: Ferrothorn|Ferrothorn, F|351\/351
|move|p1a: Nothin to see here|Hyper Voice|p2a: Ferrothorn
|-resisted|p2a: Ferrothorn
|-damage|p2a: Ferrothorn|233\/351
|
|-heal|p2a: Ferrothorn|254\/351|[from] item: Leftovers
|-damage|p1a: Nothin to see here|212\/373 brn|[from] brn
|turn|3
|
|switch|p1a: Spaceship|Heatran, F|386\/386
|move|p2a: Ferrothorn|Stealth Rock|p1a: Spaceship
|-sidestart|p1: allaboutchoice|move: Stealth Rock
|
|-heal|p2a: Ferrothorn|275\/351|[from] item: Leftovers
|turn|4
|
|switch|p2a: Rotom-Wash|Rotom-Wash|264\/303
|move|p1a: Spaceship|Stealth Rock|p2a: Rotom-Wash
|-sidestart|p2: SlurpuffIzFood|move: Stealth Rock
|
|-heal|p2a: Rotom-Wash|282\/303|[from] item: Leftovers
|turn|5
|
|move|p1a: Spaceship|Protect|p1a: Spaceship
|-singleturn|p1a: Spaceship|Protect
|move|p2a: Rotom-Wash|Hydro Pump|p1a: Spaceship
|-activate|p1a: Spaceship|Protect
|
|-heal|p2a: Rotom-Wash|300\/303|[from] item: Leftovers
|turn|6
|
|move|p2a: Rotom-Wash|Hydro Pump|p1a: Spaceship
|-supereffective|p1a: Spaceship
|-damage|p1a: Spaceship|186\/386
|move|p1a: Spaceship|Lava Plume|p2a: Rotom-Wash
|-crit|p2a: Rotom-Wash
|-resisted|p2a: Rotom-Wash
|-damage|p2a: Rotom-Wash|215\/303
|
|-heal|p2a: Rotom-Wash|233\/303|[from] item: Leftovers
|-heal|p1a: Spaceship|210\/386|[from] item: Leftovers
|turn|7
|
|move|p1a: Spaceship|Protect|p1a: Spaceship
|-singleturn|p1a: Spaceship|Protect
|move|p2a: Rotom-Wash|Will-O-Wisp|p1a: Spaceship
|-activate|p1a: Spaceship|Protect
|
|-heal|p2a: Rotom-Wash|251\/303|[from] item: Leftovers
|-heal|p1a: Spaceship|234\/386|[from] item: Leftovers
|turn|8
|
|switch|p1a: Pinocchio|Zapdos, shiny|383\/383
|-damage|p1a: Pinocchio|288\/383|[from] Stealth Rock
|-ability|p1a: Pinocchio|Pressure
|move|p2a: Rotom-Wash|Hydro Pump|p1a: Pinocchio|[miss]
|-miss|p2a: Rotom-Wash|p1a: Pinocchio
|
|-heal|p1a: Pinocchio|311\/383|[from] item: Leftovers
|-heal|p2a: Rotom-Wash|269\/303|[from] item: Leftovers
|turn|9
|
|move|p1a: Pinocchio|Volt Switch|p2a: Rotom-Wash
|-damage|p2a: Rotom-Wash|170\/303
|
|switch|p1a: Nothin to see here|Sylveon, M|212\/373 brn
|-damage|p1a: Nothin to see here|166\/373 brn|[from] Stealth Rock
|move|p2a: Rotom-Wash|Volt Switch|p1a: Nothin to see here
|-crit|p1a: Nothin to see here
|-damage|p1a: Nothin to see here|54\/373 brn
|
|switch|p2a: Landorus-Therian|Landorus-Therian, M|319\/319
|-damage|p2a: Landorus-Therian|280\/319|[from] Stealth Rock
|-ability|p2a: Landorus-Therian|Intimidate|[of] p1a: Nothin to see here
|-unboost|p1a: Nothin to see here|atk|1
|
|-damage|p1a: Nothin to see here|8\/373 brn|[from] brn
|turn|10
|
|move|p2a: Landorus-Therian|U-turn|p1a: Nothin to see here
|-resisted|p1a: Nothin to see here
|-damage|p1a: Nothin to see here|0 fnt
|faint|p1a: Nothin to see here
|
|switch|p2a: Latias|Latias, F|302\/302
|-damage|p2a: Latias|265\/302|[from] Stealth Rock
|
|
|switch|p1a: Grrr...|Landorus-Therian, M|341\/341
|-damage|p1a: Grrr...|299\/341|[from] Stealth Rock
|-ability|p1a: Grrr...|Intimidate|[of] p2a: Latias
|-unboost|p2a: Latias|atk|1
|turn|11
|
|switch|p2a: Ferrothorn|Ferrothorn, F|275\/351
|-damage|p2a: Ferrothorn|254\/351|[from] Stealth Rock
|move|p1a: Grrr...|Knock Off|p2a: Ferrothorn
|-damage|p2a: Ferrothorn|162\/351
|-damage|p1a: Grrr...|257\/341|[from] ability: Iron Barbs|[of] p2a: Ferrothorn
|-enditem|p2a: Ferrothorn|Leftovers|[from] move: Knock Off|[of] p1a: Grrr...
|
|turn|12
|
|switch|p1a: Whourse|Keldeo|323\/323
|-damage|p1a: Whourse|303\/323|[from] Stealth Rock
|move|p2a: Ferrothorn|Leech Seed|p1a: Whourse
|-start|p1a: Whourse|move: Leech Seed
|
|-damage|p1a: Whourse|263\/323|[from] Leech Seed|[of] p2a: Ferrothorn
|-heal|p2a: Ferrothorn|202\/351|[silent]
|turn|13
|
|switch|p1a: Grrr...|Landorus-Therian, M|257\/341
|-damage|p1a: Grrr...|215\/341|[from] Stealth Rock
|-ability|p1a: Grrr...|Intimidate|[of] p2a: Ferrothorn
|-unboost|p2a: Ferrothorn|atk|1
|switch|p2a: Latias|Latias, F|265\/302
|-damage|p2a: Latias|228\/302|[from] Stealth Rock
|
|turn|14
|
|switch|p2a: Landorus-Therian|Landorus-Therian, M|280\/319
|-damage|p2a: Landorus-Therian|241\/319|[from] Stealth Rock
|-ability|p2a: Landorus-Therian|Intimidate|[of] p1a: Grrr...
|-unboost|p1a: Grrr...|atk|1
|move|p1a: Grrr...|U-turn|p2a: Landorus-Therian
|-resisted|p2a: Landorus-Therian
|-damage|p2a: Landorus-Therian|212\/319
|
|switch|p1a: Spaceship|Heatran, F|234\/386
|-damage|p1a: Spaceship|186\/386|[from] Stealth Rock
|
|-heal|p1a: Spaceship|210\/386|[from] item: Leftovers
|turn|15
|
|move|p1a: Spaceship|Protect|p1a: Spaceship
|-singleturn|p1a: Spaceship|Protect
|move|p2a: Landorus-Therian|Earthquake|p1a: Spaceship
|-activate|p1a: Spaceship|Protect
|
|-heal|p1a: Spaceship|234\/386|[from] item: Leftovers
|turn|16
|
|switch|p2a: Greninja|Greninja, F|285\/285
|-damage|p2a: Greninja|250\/285|[from] Stealth Rock
|switch|p1a: Pinocchio|Zapdos, shiny|311\/383
|-damage|p1a: Pinocchio|216\/383|[from] Stealth Rock
|-ability|p1a: Pinocchio|Pressure
|
|-heal|p1a: Pinocchio|239\/383|[from] item: Leftovers
|turn|17
|
|move|p2a: Greninja|Ice Beam|p1a: Pinocchio
|-start|p2a: Greninja|typechange|Ice|[from] Protean
|-supereffective|p1a: Pinocchio
|-damage|p1a: Pinocchio|0 fnt
|-damage|p2a: Greninja|222\/285|[from] item: Life Orb
|faint|p1a: Pinocchio
|
|
|switch|p1a: Grrr...|Landorus-Therian, M|215\/341
|-damage|p1a: Grrr...|173\/341|[from] Stealth Rock
|-ability|p1a: Grrr...|Intimidate|[of] p2a: Greninja
|-unboost|p2a: Greninja|atk|1
|turn|18
|
|switch|p2a: Ferrothorn|Ferrothorn, F|202\/351
|-damage|p2a: Ferrothorn|181\/351|[from] Stealth Rock
|move|p1a: Grrr...|U-turn|p2a: Ferrothorn
|-damage|p2a: Ferrothorn|123\/351
|-damage|p1a: Grrr...|131\/341|[from] ability: Iron Barbs|[of] p2a: Ferrothorn
|
|switch|p1a: Whourse|Keldeo|263\/323
|-damage|p1a: Whourse|243\/323|[from] Stealth Rock
|
|turn|19
|
|switch|p2a: Latias|Latias, F|228\/302
|-damage|p2a: Latias|191\/302|[from] Stealth Rock
|move|p1a: Whourse|Hidden Power|p2a: Latias
|-supereffective|p2a: Latias
|-damage|p2a: Latias|7\/302
|
|turn|20
|
|switch|p1a: Spaceship|Heatran, F|234\/386
|-damage|p1a: Spaceship|186\/386|[from] Stealth Rock
|move|p2a: Latias|Healing Wish|p2a: Latias
|faint|p2a: Latias
|
|-heal|p1a: Spaceship|210\/386|[from] item: Leftovers
|
|switch|p2a: Rotom-Wash|Rotom-Wash|170\/303
|-heal|p2a: Rotom-Wash|303\/303|[from] move: Healing Wish
|-damage|p2a: Rotom-Wash|266\/303|[from] Stealth Rock
|turn|21
|
|move|p2a: Rotom-Wash|Hydro Pump|p1a: Spaceship|[miss]
|-miss|p2a: Rotom-Wash|p1a: Spaceship
|move|p1a: Spaceship|Lava Plume|p2a: Rotom-Wash
|-resisted|p2a: Rotom-Wash
|-damage|p2a: Rotom-Wash|211\/303
|
|-heal|p2a: Rotom-Wash|229\/303|[from] item: Leftovers
|-heal|p1a: Spaceship|234\/386|[from] item: Leftovers
|turn|22
|
|move|p1a: Spaceship|Protect|p1a: Spaceship
|-singleturn|p1a: Spaceship|Protect
|move|p2a: Rotom-Wash|Volt Switch|p1a: Spaceship
|-activate|p1a: Spaceship|Protect
|
|-heal|p2a: Rotom-Wash|247\/303|[from] item: Leftovers
|-heal|p1a: Spaceship|258\/386|[from] item: Leftovers
|turn|23
|
|move|p2a: Rotom-Wash|Hydro Pump|p1a: Spaceship
|-supereffective|p1a: Spaceship
|-damage|p1a: Spaceship|46\/386
|move|p1a: Spaceship|Lava Plume|p2a: Rotom-Wash
|-resisted|p2a: Rotom-Wash
|-damage|p2a: Rotom-Wash|193\/303
|
|-heal|p2a: Rotom-Wash|211\/303|[from] item: Leftovers
|-heal|p1a: Spaceship|70\/386|[from] item: Leftovers
|turn|24
|
|move|p1a: Spaceship|Protect|p1a: Spaceship
|-singleturn|p1a: Spaceship|Protect
|move|p2a: Rotom-Wash|Volt Switch|p1a: Spaceship
|-activate|p1a: Spaceship|Protect
|
|-heal|p2a: Rotom-Wash|229\/303|[from] item: Leftovers
|-heal|p1a: Spaceship|94\/386|[from] item: Leftovers
|turn|25
|
|move|p2a: Rotom-Wash|Hydro Pump|p1a: Spaceship|[miss]
|-miss|p2a: Rotom-Wash|p1a: Spaceship
|move|p1a: Spaceship|Lava Plume|p2a: Rotom-Wash
|-resisted|p2a: Rotom-Wash
|-damage|p2a: Rotom-Wash|175\/303
|-status|p2a: Rotom-Wash|brn
|
|-heal|p2a: Rotom-Wash|193\/303 brn|[from] item: Leftovers
|-heal|p1a: Spaceship|118\/386|[from] item: Leftovers
|-damage|p2a: Rotom-Wash|156\/303 brn|[from] brn
|turn|26
|
|move|p1a: Spaceship|Protect|p1a: Spaceship
|-singleturn|p1a: Spaceship|Protect
|move|p2a: Rotom-Wash|Hydro Pump|p1a: Spaceship
|-activate|p1a: Spaceship|Protect
|
|-heal|p2a: Rotom-Wash|174\/303 brn|[from] item: Leftovers
|-heal|p1a: Spaceship|142\/386|[from] item: Leftovers
|-damage|p2a: Rotom-Wash|137\/303 brn|[from] brn
|turn|27
|
|move|p2a: Rotom-Wash|Volt Switch|p1a: Spaceship
|-damage|p1a: Spaceship|84\/386
|
|switch|p2a: Charizard|Charizard, M|297\/297
|-damage|p2a: Charizard|149\/297|[from] Stealth Rock
|move|p1a: Spaceship|Lava Plume|p2a: Charizard
|-resisted|p2a: Charizard
|-damage|p2a: Charizard|77\/297
|
|-heal|p1a: Spaceship|108\/386|[from] item: Leftovers
|turn|28
|
|detailschange|p2a: Charizard|Charizard-Mega-X, M
|message|Charizard has Mega Evolved into Mega Charizard!
|move|p2a: Charizard|Outrage|p1a: Spaceship
|-resisted|p1a: Spaceship
|-damage|p1a: Spaceship|0 fnt
|faint|p1a: Spaceship
|
|
|switch|p1a: Whourse|Keldeo|243\/323
|-damage|p1a: Whourse|223\/323|[from] Stealth Rock
|turn|29
|
|move|p1a: Whourse|Secret Sword|p2a: Charizard
|-damage|p2a: Charizard|0 fnt
|faint|p2a: Charizard
|
|
|switch|p2a: Landorus-Therian|Landorus-Therian, M|212\/319
|-damage|p2a: Landorus-Therian|173\/319|[from] Stealth Rock
|-ability|p2a: Landorus-Therian|Intimidate|[of] p1a: Whourse
|-unboost|p1a: Whourse|atk|1
|turn|30
|
|switch|p1a: Grrr...|Landorus-Therian, M|131\/341
|-damage|p1a: Grrr...|89\/341|[from] Stealth Rock
|-ability|p1a: Grrr...|Intimidate|[of] p2a: Landorus-Therian
|-unboost|p2a: Landorus-Therian|atk|1
|move|p2a: Landorus-Therian|Stone Edge|p1a: Grrr...
|-damage|p1a: Grrr...|0 fnt
|faint|p1a: Grrr...
|
|
|switch|p1a: Whourse|Keldeo|223\/323
|-damage|p1a: Whourse|203\/323|[from] Stealth Rock
|turn|31
|
|switch|p2a: Ferrothorn|Ferrothorn, F|123\/351
|-damage|p2a: Ferrothorn|102\/351|[from] Stealth Rock
|move|p1a: Whourse|Secret Sword|p2a: Ferrothorn
|-supereffective|p2a: Ferrothorn
|-damage|p2a: Ferrothorn|0 fnt
|faint|p2a: Ferrothorn
|
|
|switch|p2a: Landorus-Therian|Landorus-Therian, M|173\/319
|-damage|p2a: Landorus-Therian|134\/319|[from] Stealth Rock
|-ability|p2a: Landorus-Therian|Intimidate|[of] p1a: Whourse
|-unboost|p1a: Whourse|atk|1
|turn|32
|
|move|p2a: Landorus-Therian|U-turn|p1a: Whourse
|-resisted|p1a: Whourse
|-damage|p1a: Whourse|157\/323
|
|switch|p2a: Rotom-Wash|Rotom-Wash|137\/303 brn
|-damage|p2a: Rotom-Wash|100\/303 brn|[from] Stealth Rock
|move|p1a: Whourse|Secret Sword|p2a: Rotom-Wash
|-damage|p2a: Rotom-Wash|0 fnt
|faint|p2a: Rotom-Wash
|
|
|switch|p2a: Greninja|Greninja, F|222\/285
|-damage|p2a: Greninja|187\/285|[from] Stealth Rock
|turn|33
|
|move|p2a: Greninja|Gunk Shot|p1a: Whourse
|-start|p2a: Greninja|typechange|Poison|[from] Protean
|-damage|p1a: Whourse|0 fnt
|-damage|p2a: Greninja|159\/285|[from] item: Life Orb
|faint|p1a: Whourse
|
|
|switch|p1a: Managing Anger 101|Pinsir, F|271\/271
|-damage|p1a: Managing Anger 101|204\/271|[from] Stealth Rock
|turn|34
|
|move|p2a: Greninja|Ice Beam|p1a: Managing Anger 101
|-start|p2a: Greninja|typechange|Ice|[from] Protean
|-damage|p1a: Managing Anger 101|0 fnt
|-damage|p2a: Greninja|131\/285|[from] item: Life Orb
|faint|p1a: Managing Anger 101
|
|win|SlurpuffIzFood
|raw|Ladder updating...
|raw|allaboutchoice's rating: 1415 &rarr; <strong>1395<\/strong><br \/>(-20 for losing)
|raw|SlurpuffIzFood's rating: 1421 &rarr; <strong>1441<\/strong><br \/>(+20 for winning)
|c|âallaboutchoice|gg
|leave|allaboutchoice
|player|p1
|c|âSlurpuffIzFood|gg