|join|SlurpuffIzFood
|join|Daggerz Rock
|player|p1|SlurpuffIzFood|172
|player|p2|Daggerz Rock|102
|gametype|singles
|gen|6
|tier|OU
|rated
|clearpoke
|poke|p1|Beedrill, M
|poke|p1|Greninja, F
|poke|p1|Scizor, M
|poke|p1|Latios, M
|poke|p1|Landorus-Therian, M
|poke|p1|Heatran, F
|poke|p2|Scizor, F
|poke|p2|Rotom-Wash
|poke|p2|Talonflame, M
|poke|p2|Excadrill, M
|poke|p2|Garchomp, M
|poke|p2|Chansey, F
|rule|Swagger Clause: Swagger is banned
|rule|Baton Pass Clause: Limit one PokÃ©mon knowing Baton Pass
|rule|Sleep Clause Mod: Limit one foe put to sleep
|rule|Species Clause: Limit one of each PokÃ©mon
|rule|OHKO Clause: OHKO moves are banned
|rule|Moody Clause: Moody is banned
|rule|Evasion Moves Clause: Evasion moves are banned
|rule|Endless Battle Clause: Forcing endless battles is banned
|rule|HP Percentage Mod: HP is shown in percentages
|teampreview
|
|start
|switch|p1a: Shit|Beedrill, M|271\/271
|switch|p2a: Garchomp|Garchomp, M|357\/357
|turn|1
|
|detailschange|p1a: Shit|Beedrill-Mega, M
|message|Beedrill has Mega Evolved into Mega Beedrill!
|move|p2a: Garchomp|Stealth Rock|p1a: Shit
|-sidestart|p1: SlurpuffIzFood|move: Stealth Rock
|move|p1a: Shit|U-turn|p2a: Garchomp
|-damage|p2a: Garchomp|157\/357
|-damage|p1a: Shit|238\/271|[from] ability: Rough Skin|[of] p2a: Garchomp
|
|switch|p1a: Latios|Latios, M|301\/301
|-damage|p1a: Latios|264\/301|[from] Stealth Rock
|
|turn|2
|
|switch|p2a: Chansey|Chansey, F|641\/641
|move|p1a: Latios|Trick|p2a: Chansey
|-activate|p1a: Latios|move: Trick|[of] p2a: Chansey
|-item|p2a: Chansey|Choice Scarf|[from] move: Trick
|-item|p1a: Latios|Eviolite|[from] move: Trick
|
|turn|3
|
|switch|p1a: Scizor|Scizor, M|343\/343
|-damage|p1a: Scizor|301\/343|[from] Stealth Rock
|move|p2a: Chansey|Toxic|p1a: Scizor
|-fail|p1a: Scizor
|
|-heal|p1a: Scizor|322\/343|[from] item: Leftovers
|turn|4
|
|switch|p2a: Talonflame|Talonflame, M|297\/297
|move|p1a: Scizor|U-turn|p2a: Talonflame
|-resisted|p2a: Talonflame
|-damage|p2a: Talonflame|261\/297
|
|switch|p1a: Landorus-Therian|Landorus-Therian, M|319\/319
|-damage|p1a: Landorus-Therian|280\/319|[from] Stealth Rock
|-ability|p1a: Landorus-Therian|Intimidate|[of] p2a: Talonflame
|-unboost|p2a: Talonflame|atk|1
|
|turn|5
|
|move|p2a: Talonflame|U-turn|p1a: Landorus-Therian
|-resisted|p1a: Landorus-Therian
|-damage|p1a: Landorus-Therian|255\/319
|
|switch|p2a: Rotom-Wash|Rotom-Wash|304\/304
|move|p1a: Landorus-Therian|U-turn|p2a: Rotom-Wash
|-damage|p2a: Rotom-Wash|244\/304
|
|switch|p1a: Latios|Latios, M|264\/301
|-damage|p1a: Latios|227\/301|[from] Stealth Rock
|
|-heal|p2a: Rotom-Wash|263\/304|[from] item: Leftovers
|turn|6
|
|move|p1a: Latios|Dragon Pulse|p2a: Rotom-Wash
|-damage|p2a: Rotom-Wash|128\/304
|move|p2a: Rotom-Wash|Will-O-Wisp|p1a: Latios
|-status|p1a: Latios|brn
|
|-heal|p2a: Rotom-Wash|147\/304|[from] item: Leftovers
|-damage|p1a: Latios|190\/301 brn|[from] brn
|turn|7
|
|move|p1a: Latios|Trick|p2a: Rotom-Wash
|-activate|p1a: Latios|move: Trick|[of] p2a: Rotom-Wash
|-item|p2a: Rotom-Wash|Eviolite|[from] move: Trick
|-item|p1a: Latios|Leftovers|[from] move: Trick
|move|p2a: Rotom-Wash|Pain Split|p1a: Latios
|-sethp|p1a: Latios|168\/301 brn|p2a: Rotom-Wash|168\/304|[from] move: Pain Split
|
|-heal|p1a: Latios|186\/301 brn|[from] item: Leftovers
|-damage|p1a: Latios|149\/301 brn|[from] brn
|turn|8
|
|switch|p2a: Chansey|Chansey, F|641\/641
|move|p1a: Latios|Dragon Pulse|p2a: Chansey
|-damage|p2a: Chansey|526\/641
|
|-heal|p1a: Latios|167\/301 brn|[from] item: Leftovers
|-damage|p1a: Latios|130\/301 brn|[from] brn
|turn|9
|
|switch|p1a: Shit|Beedrill-Mega, M|238\/271
|-damage|p1a: Shit|171\/271|[from] Stealth Rock
|move|p2a: Chansey|Seismic Toss|p1a: Shit
|-damage|p1a: Shit|71\/271
|
|turn|10
|
|switch|p2a: Scizor|Scizor, F|343\/343
|move|p1a: Shit|U-turn|p2a: Scizor
|-resisted|p2a: Scizor
|-damage|p2a: Scizor|245\/343
|
|switch|p1a: Scizor|Scizor, M|322\/343
|-damage|p1a: Scizor|280\/343|[from] Stealth Rock
|
|-heal|p1a: Scizor|301\/343|[from] item: Leftovers
|turn|11
|
|move|p1a: Scizor|Defog|p2a: Scizor
|-unboost|p2a: Scizor|evasion|1
|-sideend|p1: SlurpuffIzFood|Stealth Rock|[from] move: Defog|[of] p1a: Scizor
|move|p2a: Scizor|Superpower|p1a: Scizor
|-damage|p1a: Scizor|61\/343
|-unboost|p2a: Scizor|atk|1
|-unboost|p2a: Scizor|def|1
|
|-heal|p1a: Scizor|82\/343|[from] item: Leftovers
|turn|12
|
|move|p1a: Scizor|Roost|p1a: Scizor
|-heal|p1a: Scizor|254\/343
|move|p2a: Scizor|Superpower|p1a: Scizor
|-damage|p1a: Scizor|98\/343
|-unboost|p2a: Scizor|atk|1
|-unboost|p2a: Scizor|def|1
|
|-heal|p1a: Scizor|119\/343|[from] item: Leftovers
|turn|13
|
|switch|p2a: Talonflame|Talonflame, M|261\/297
|move|p1a: Scizor|Roost|p1a: Scizor
|-heal|p1a: Scizor|291\/343
|
|-heal|p1a: Scizor|312\/343|[from] item: Leftovers
|turn|14
|
|switch|p1a: Heatran|Heatran, F|385\/385
|move|p2a: Talonflame|U-turn|p1a: Heatran
|-resisted|p1a: Heatran
|-damage|p1a: Heatran|372\/385
|
|switch|p2a: Excadrill|Excadrill, M|361\/361
|-ability|p2a: Excadrill|Mold Breaker
|-item|p2a: Excadrill|Air Balloon
|
|-heal|p1a: Heatran|385\/385|[from] item: Leftovers
|turn|15
|
|switch|p1a: Landorus-Therian|Landorus-Therian, M|255\/319
|-ability|p1a: Landorus-Therian|Intimidate|[of] p2a: Excadrill
|-unboost|p2a: Excadrill|atk|1
|move|p2a: Excadrill|Iron Head|p1a: Landorus-Therian
|-damage|p1a: Landorus-Therian|140\/319
|
|turn|16
|
|switch|p2a: Talonflame|Talonflame, M|261\/297
|move|p1a: Landorus-Therian|U-turn|p2a: Talonflame
|-resisted|p2a: Talonflame
|-damage|p2a: Talonflame|234\/297
|
|switch|p1a: Heatran|Heatran, F|385\/385
|
|turn|17
|
|move|p2a: Talonflame|U-turn|p1a: Heatran
|-resisted|p1a: Heatran
|-damage|p1a: Heatran|372\/385
|
|switch|p2a: Chansey|Chansey, F|526\/641
|move|p1a: Heatran|Lava Plume|p2a: Chansey
|-damage|p2a: Chansey|430\/641
|-status|p2a: Chansey|brn
|
|-heal|p1a: Heatran|385\/385|[from] item: Leftovers
|-damage|p2a: Chansey|350\/641 brn|[from] brn
|turn|18
|
|switch|p1a: Scizor|Scizor, M|312\/343
|move|p2a: Chansey|Seismic Toss|p1a: Scizor
|-damage|p1a: Scizor|212\/343
|
|-heal|p1a: Scizor|233\/343|[from] item: Leftovers
|-damage|p2a: Chansey|270\/641 brn|[from] brn
|turn|19
|
|move|p1a: Scizor|Bullet Punch|p2a: Chansey
|-damage|p2a: Chansey|84\/641 brn
|move|p2a: Chansey|Seismic Toss|p1a: Scizor
|-damage|p1a: Scizor|133\/343
|
|-heal|p1a: Scizor|154\/343|[from] item: Leftovers
|-damage|p2a: Chansey|4\/641 brn|[from] brn
|turn|20
|
|move|p2a: Chansey|Seismic Toss|p1a: Scizor
|-damage|p1a: Scizor|54\/343
|move|p1a: Scizor|U-turn|p2a: Chansey
|-damage|p2a: Chansey|0 fnt
|faint|p2a: Chansey
|
|switch|p1a: Landorus-Therian|Landorus-Therian, M|140\/319
|
|
|switch|p2a: Scizor|Scizor, F|245\/343
|turn|21
|
|move|p1a: Landorus-Therian|Earthquake|p2a: Scizor
|-damage|p2a: Scizor|7\/343
|move|p2a: Scizor|Superpower|p1a: Landorus-Therian
|-resisted|p1a: Landorus-Therian
|-damage|p1a: Landorus-Therian|8\/319
|-unboost|p2a: Scizor|atk|1
|-unboost|p2a: Scizor|def|1
|
|turn|22
|
|switch|p2a: Rotom-Wash|Rotom-Wash|168\/304
|move|p1a: Landorus-Therian|Stone Edge|p2a: Rotom-Wash
|-damage|p2a: Rotom-Wash|85\/304
|
|turn|23
|
|move|p1a: Landorus-Therian|U-turn|p2a: Rotom-Wash
|-damage|p2a: Rotom-Wash|25\/304
|
|switch|p1a: Scizor|Scizor, M|54\/343
|move|p2a: Rotom-Wash|Hydro Pump|p1a: Scizor
|-damage|p1a: Scizor|0 fnt
|faint|p1a: Scizor
|
|
|switch|p1a: Shit|Beedrill-Mega, M|71\/271
|turn|24
|
|move|p1a: Shit|U-turn|p2a: Rotom-Wash
|-damage|p2a: Rotom-Wash|0 fnt
|faint|p2a: Rotom-Wash
|
|switch|p1a: Greninja|Greninja, F|285\/285
|
|
|switch|p2a: Talonflame|Talonflame, M|234\/297
|turn|25
|
|switch|p1a: Landorus-Therian|Landorus-Therian, M|8\/319
|-ability|p1a: Landorus-Therian|Intimidate|[of] p2a: Talonflame
|-unboost|p2a: Talonflame|atk|1
|move|p2a: Talonflame|U-turn|p1a: Landorus-Therian
|-resisted|p1a: Landorus-Therian
|-damage|p1a: Landorus-Therian|0 fnt
|faint|p1a: Landorus-Therian
|
|switch|p2a: Scizor|Scizor, F|7\/343
|
|
|switch|p1a: Greninja|Greninja, F|285\/285
|turn|26
|
|move|p1a: Greninja|Ice Beam|p2a: Scizor
|-start|p1a: Greninja|typechange|Ice|[from] Protean
|-resisted|p2a: Scizor
|-damage|p2a: Scizor|0 fnt
|-damage|p1a: Greninja|257\/285|[from] item: Life Orb
|faint|p2a: Scizor
|
|c|âDaggerz Rock|erm i thought i used bullet punch
|c|âDaggerz Rock|but okay
|c|âSlurpuffIzFood|idk
|
|switch|p2a: Talonflame|Talonflame, M|234\/297
|turn|27
|
|switch|p1a: Shit|Beedrill-Mega, M|71\/271
|switch|p2a: Excadrill|Excadrill, M|361\/361
|-ability|p2a: Excadrill|Mold Breaker
|-item|p2a: Excadrill|Air Balloon
|
|turn|28
|
|move|p1a: Shit|Knock Off|p2a: Excadrill
|-damage|p2a: Excadrill|175\/361
|-enditem|p2a: Excadrill|Air Balloon
|move|p2a: Excadrill|Rock Slide|p1a: Shit
|-supereffective|p1a: Shit
|-damage|p1a: Shit|0 fnt
|faint|p1a: Shit
|
|
|switch|p1a: Greninja|Greninja, F|257\/285
|turn|29
|
|switch|p2a: Talonflame|Talonflame, M|234\/297
|move|p1a: Greninja|Ice Beam|p2a: Talonflame
|-start|p1a: Greninja|typechange|Ice|[from] Protean
|-damage|p2a: Talonflame|12\/297
|-damage|p1a: Greninja|229\/285|[from] item: Life Orb
|
|turn|30
|
|switch|p1a: Heatran|Heatran, F|385\/385
|move|p2a: Talonflame|Brave Bird|p1a: Heatran
|-resisted|p1a: Heatran
|-damage|p1a: Heatran|299\/385
|-damage|p2a: Talonflame|0 fnt|[from] recoil|[of] p1a: Heatran
|faint|p2a: Talonflame
|
|-heal|p1a: Heatran|323\/385|[from] item: Leftovers
|
|switch|p2a: Garchomp|Garchomp, M|157\/357
|turn|31
|
|move|p2a: Garchomp|Earthquake|p1a: Heatran
|-supereffective|p1a: Heatran
|-damage|p1a: Heatran|0 fnt
|faint|p1a: Heatran
|
|
|switch|p1a: Latios|Latios, M|130\/301 brn
|turn|32
|
|move|p1a: Latios|Dragon Pulse|p2a: Garchomp
|-supereffective|p2a: Garchomp
|-damage|p2a: Garchomp|0 fnt
|faint|p2a: Garchomp
|
|-heal|p1a: Latios|148\/301 brn|[from] item: Leftovers
|-damage|p1a: Latios|111\/301 brn|[from] brn
|
|switch|p2a: Excadrill|Excadrill, M|175\/361
|-ability|p2a: Excadrill|Mold Breaker
|turn|33
|c|âSlurpuffIzFood|gg
|
|move|p1a: Latios|Dragon Pulse|p2a: Excadrill
|-resisted|p2a: Excadrill
|-damage|p2a: Excadrill|61\/361
|move|p2a: Excadrill|Earthquake|p1a: Latios
|-damage|p1a: Latios|0 fnt
|faint|p1a: Latios
|
|
|switch|p1a: Greninja|Greninja, F|229\/285
|turn|34
|c|âDaggerz Rock|gg
|
|move|p1a: Greninja|Ice Beam|p2a: Excadrill
|-start|p1a: Greninja|typechange|Ice|[from] Protean
|-damage|p2a: Excadrill|0 fnt
|-damage|p1a: Greninja|201\/285|[from] item: Life Orb
|faint|p2a: Excadrill
|
|win|SlurpuffIzFood
|raw|Ladder updating...
|raw|SlurpuffIzFood's rating: 1357 &rarr; <strong>1375<\/strong><br \/>(+18 for winning)
|raw|Daggerz Rock's rating: 1312 &rarr; <strong>1294<\/strong><br \/>(-18 for losing)
|leave|Daggerz Rock
|player|p2