|join|Kaz's Scizor
|join|SlurpuffIzFood
|player|p1|Kaz's Scizor|161
|player|p2|SlurpuffIzFood|172
|gametype|singles
|gen|6
|tier|OU
|rated
|clearpoke
|poke|p1|Politoed, M
|poke|p1|Manaphy
|poke|p1|Celebi
|poke|p1|Omastar, M
|poke|p1|Kingdra, M
|poke|p1|Scizor, M
|poke|p2|Volcarona, F
|poke|p2|Mew
|poke|p2|Dragonite, M
|poke|p2|Rotom-Wash
|poke|p2|Venusaur, F
|poke|p2|Heatran, F
|rule|Swagger Clause: Swagger is banned
|rule|Baton Pass Clause: Limit one PokÃ©mon knowing Baton Pass
|rule|Sleep Clause Mod: Limit one foe put to sleep
|rule|Species Clause: Limit one of each PokÃ©mon
|rule|OHKO Clause: OHKO moves are banned
|rule|Moody Clause: Moody is banned
|rule|Evasion Moves Clause: Evasion moves are banned
|rule|Endless Battle Clause: Forcing endless battles is banned
|rule|HP Percentage Mod: HP is shown in percentages
|teampreview
|
|start
|switch|p1a: Celebi|Celebi|403\/403
|switch|p2a: Venus|Venusaur, F|359\/359
|turn|1
|
|switch|p2a: Heatransexual|Heatran, F|375\/375
|move|p1a: Celebi|Stealth Rock|p2a: Heatransexual
|-sidestart|p2: SlurpuffIzFood|move: Stealth Rock
|
|turn|2
|
|switch|p1a: Manaphy|Manaphy|365\/365
|move|p2a: Heatransexual|Stealth Rock|p1a: Manaphy
|-sidestart|p1: Kaz's Scizor|move: Stealth Rock
|
|turn|3
|
|move|p1a: Manaphy|Tail Glow|p1a: Manaphy
|-boost|p1a: Manaphy|spa|3
|move|p2a: Heatransexual|Taunt|p1a: Manaphy
|-start|p1a: Manaphy|move: Taunt
|
|turn|4
|
|switch|p2a: Fren-Washer|Rotom-Wash|304\/304
|-damage|p2a: Fren-Washer|266\/304|[from] Stealth Rock
|move|p1a: Manaphy|Scald|p2a: Fren-Washer
|-resisted|p2a: Fren-Washer
|-damage|p2a: Fren-Washer|109\/304
|
|-heal|p2a: Fren-Washer|128\/304|[from] item: Leftovers
|turn|5
|
|switch|p2a: Venus|Venusaur, F|359\/359
|-damage|p2a: Venus|315\/359|[from] Stealth Rock
|move|p1a: Manaphy|Scald|p2a: Venus
|-resisted|p2a: Venus
|-damage|p2a: Venus|143\/359
|
|turn|6
|
|detailschange|p2a: Venus|Venusaur-Mega, F
|-mega|p2a: Venus|Venusaur|Venusaurite
|move|p1a: Manaphy|Psychic|p2a: Venus
|-supereffective|p2a: Venus
|-damage|p2a: Venus|0 fnt
|faint|p2a: Venus
|
|-end|p1a: Manaphy|move: Taunt
|-message|SlurpuffIzFood forfeited.
|
|win|Kaz's Scizor
|raw|Ladder updating...
|leave|SlurpuffIzFood
|player|p2
|raw|Kaz&apos;s Scizor's rating: 1553 &rarr; <strong>1572<\/strong><br \/>(+19 for winning)
|raw|SlurpuffIzFood's rating: 1527 &rarr; <strong>1509<\/strong><br \/>(-18 for losing)