|join|Shepcityrain
|join|SlurpuffIzFood
|player|p1|Shepcityrain|16
|player|p2|SlurpuffIzFood|172
|gametype|singles
|gen|6
|tier|OU
|rated
|clearpoke
|poke|p1|Zapdos
|poke|p1|Celebi
|poke|p1|Rotom-Wash
|poke|p1|Landorus-Therian, M
|poke|p1|Metagross
|poke|p1|Heatran, M
|poke|p2|Volcarona, F
|poke|p2|Mew
|poke|p2|Dragonite, F
|poke|p2|Rotom-Wash
|poke|p2|Venusaur, M
|poke|p2|Heatran, F
|rule|Swagger Clause: Swagger is banned
|rule|Baton Pass Clause: Limit one PokÃ©mon knowing Baton Pass
|rule|Sleep Clause Mod: Limit one foe put to sleep
|rule|Species Clause: Limit one of each PokÃ©mon
|rule|OHKO Clause: OHKO moves are banned
|rule|Moody Clause: Moody is banned
|rule|Evasion Moves Clause: Evasion moves are banned
|rule|Endless Battle Clause: Forcing endless battles is banned
|rule|HP Percentage Mod: HP is shown in percentages
|teampreview
|
|start
|switch|p1a: OG Kush|Landorus-Therian, M|319\/319
|switch|p2a: Fren-Washer|Rotom-Wash|304\/304
|-ability|p1a: OG Kush|Intimidate|[of] p2a: Fren-Washer
|-unboost|p2a: Fren-Washer|atk|1
|turn|1
|
|move|p1a: OG Kush|U-turn|p2a: Fren-Washer
|-damage|p2a: Fren-Washer|238\/304
|
|switch|p1a: Celebi|Celebi|373\/373
|move|p2a: Fren-Washer|Volt Switch|p1a: Celebi
|-resisted|p1a: Celebi
|-damage|p1a: Celebi|337\/373
|
|switch|p2a: Heatransexual|Heatran, F|375\/375
|
|-heal|p1a: Celebi|360\/373|[from] item: Leftovers
|turn|2
|c|âShepcityrain|lol clever name
|c|âSlurpuffIzFood|lol ty
|
|move|p1a: Celebi|Thunder Wave|p2a: Heatransexual
|-status|p2a: Heatransexual|par
|cant|p2a: Heatransexual|par
|
|-heal|p1a: Celebi|373\/373|[from] item: Leftovers
|turn|3
|
|switch|p1a: Fire Pacc|Heatran, M|385\/385
|-item|p1a: Fire Pacc|Air Balloon
|move|p2a: Heatransexual|Stealth Rock|p1a: Fire Pacc
|-sidestart|p1: Shepcityrain|move: Stealth Rock
|
|turn|4
|
|switch|p2a: Fren-Washer|Rotom-Wash|238\/304
|move|p1a: Fire Pacc|Stealth Rock|p2a: Fren-Washer
|-sidestart|p2: SlurpuffIzFood|move: Stealth Rock
|
|-heal|p2a: Fren-Washer|257\/304|[from] item: Leftovers
|turn|5
|
|switch|p1a: Celebi|Celebi|373\/373
|-damage|p1a: Celebi|327\/373|[from] Stealth Rock
|move|p2a: Fren-Washer|Volt Switch|p1a: Celebi
|-resisted|p1a: Celebi
|-damage|p1a: Celebi|289\/373
|
|switch|p2a: Venus|Venusaur, M|359\/359
|-damage|p2a: Venus|315\/359|[from] Stealth Rock
|
|-heal|p1a: Celebi|312\/373|[from] item: Leftovers
|turn|6
|
|detailschange|p2a: Venus|Venusaur-Mega, M
|-mega|p2a: Venus|Venusaur|Venusaurite
|move|p1a: Celebi|Thunder Wave|p2a: Venus
|-status|p2a: Venus|par
|move|p2a: Venus|Giga Drain|p1a: Celebi
|-resisted|p1a: Celebi
|-damage|p1a: Celebi|247\/373
|-heal|p2a: Venus|348\/359 par|[from] drain|[of] p1a: Celebi
|
|-heal|p1a: Celebi|270\/373|[from] item: Leftovers
|turn|7
|
|move|p1a: Celebi|Psychic|p2a: Venus
|-supereffective|p2a: Venus
|-damage|p2a: Venus|156\/359 par
|move|p2a: Venus|Hidden Power|p1a: Celebi
|-supereffective|p1a: Celebi
|-damage|p1a: Celebi|140\/373
|
|-heal|p1a: Celebi|163\/373|[from] item: Leftovers
|turn|8
|
|switch|p2a: Heatransexual|Heatran, F|375\/375 par
|-damage|p2a: Heatransexual|329\/375 par|[from] Stealth Rock
|move|p1a: Celebi|Psychic|p2a: Heatransexual
|-resisted|p2a: Heatransexual
|-damage|p2a: Heatransexual|281\/375 par
|
|-heal|p1a: Celebi|186\/373|[from] item: Leftovers
|-heal|p2a: Heatransexual|304\/375 par|[from] item: Leftovers
|turn|9
|
|switch|p1a: OG Kush|Landorus-Therian, M|319\/319
|-damage|p1a: OG Kush|280\/319|[from] Stealth Rock
|-ability|p1a: OG Kush|Intimidate|[of] p2a: Heatransexual
|-unboost|p2a: Heatransexual|atk|1
|switch|p2a: Fren-Washer|Rotom-Wash|257\/304
|-damage|p2a: Fren-Washer|219\/304|[from] Stealth Rock
|
|-heal|p2a: Fren-Washer|238\/304|[from] item: Leftovers
|turn|10
|
|move|p1a: OG Kush|Knock Off|p2a: Fren-Washer
|-damage|p2a: Fren-Washer|140\/304
|-enditem|p2a: Fren-Washer|Leftovers|[from] move: Knock Off|[of] p1a: OG Kush
|move|p2a: Fren-Washer|Volt Switch|p1a: OG Kush
|-immune|p1a: OG Kush|[msg]
|
|turn|11
|
|switch|p1a: Pineapple Express|Rotom-Wash|304\/304
|-damage|p1a: Pineapple Express|266\/304|[from] Stealth Rock
|move|p2a: Fren-Washer|Volt Switch|p1a: Pineapple Express
|-damage|p1a: Pineapple Express|209\/304
|
|switch|p2a: Venus|Venusaur-Mega, M|156\/359 par
|-damage|p2a: Venus|112\/359 par|[from] Stealth Rock
|
|-heal|p1a: Pineapple Express|228\/304|[from] item: Leftovers
|turn|12
|
|switch|p1a: Fire Pacc|Heatran, M|385\/385
|-damage|p1a: Fire Pacc|337\/385|[from] Stealth Rock
|-item|p1a: Fire Pacc|Air Balloon
|move|p2a: Venus|Synthesis|p2a: Venus
|-heal|p2a: Venus|291\/359 par
|
|turn|13
|
|move|p1a: Fire Pacc|Earth Power|p2a: Venus
|-damage|p2a: Venus|215\/359 par
|move|p2a: Venus|Giga Drain|p1a: Fire Pacc
|-resisted|p1a: Fire Pacc
|-damage|p1a: Fire Pacc|303\/385
|-heal|p2a: Venus|232\/359 par|[from] drain|[of] p1a: Fire Pacc
|-enditem|p1a: Fire Pacc|Air Balloon
|
|turn|14
|
|move|p1a: Fire Pacc|Flamethrower|p2a: Venus
|-supereffective|p2a: Venus
|-damage|p2a: Venus|118\/359 par
|move|p2a: Venus|Synthesis|p2a: Venus
|-heal|p2a: Venus|297\/359 par
|
|turn|15
|
|switch|p2a: Fren-Washer|Rotom-Wash|140\/304
|-damage|p2a: Fren-Washer|102\/304|[from] Stealth Rock
|move|p1a: Fire Pacc|Flamethrower|p2a: Fren-Washer
|-crit|p2a: Fren-Washer
|-resisted|p2a: Fren-Washer
|-damage|p2a: Fren-Washer|10\/304
|
|turn|16
|
|move|p1a: Fire Pacc|Flash Cannon|p2a: Fren-Washer
|-crit|p2a: Fren-Washer
|-resisted|p2a: Fren-Washer
|-damage|p2a: Fren-Washer|0 fnt
|faint|p2a: Fren-Washer
|
|
|switch|p2a: MooOooOOo|Mew|404\/404
|-damage|p2a: MooOooOOo|354\/404|[from] Stealth Rock
|turn|17
|
|move|p1a: Fire Pacc|Flamethrower|p2a: MooOooOOo
|-damage|p2a: MooOooOOo|237\/404
|move|p2a: MooOooOOo|Earthquake|p1a: Fire Pacc
|-supereffective|p1a: Fire Pacc
|-damage|p1a: Fire Pacc|0 fnt
|faint|p1a: Fire Pacc
|
|
|switch|p1a: OG Kush|Landorus-Therian, M|280\/319
|-damage|p1a: OG Kush|241\/319|[from] Stealth Rock
|-ability|p1a: OG Kush|Intimidate|[of] p2a: MooOooOOo
|-unboost|p2a: MooOooOOo|atk|1
|turn|18
|
|move|p1a: OG Kush|U-turn|p2a: MooOooOOo
|-supereffective|p2a: MooOooOOo
|-damage|p2a: MooOooOOo|21\/404
|
|switch|p1a: Pineapple Express|Rotom-Wash|228\/304
|-damage|p1a: Pineapple Express|190\/304|[from] Stealth Rock
|move|p2a: MooOooOOo|Roost|p2a: MooOooOOo
|-heal|p2a: MooOooOOo|223\/404
|
|-heal|p1a: Pineapple Express|209\/304|[from] item: Leftovers
|turn|19
|
|move|p2a: MooOooOOo|Roost|p2a: MooOooOOo
|-heal|p2a: MooOooOOo|404\/404
|move|p1a: Pineapple Express|Will-O-Wisp|p2a: MooOooOOo|[miss]
|-miss|p1a: Pineapple Express|p2a: MooOooOOo
|
|-heal|p1a: Pineapple Express|228\/304|[from] item: Leftovers
|turn|20
|
|move|p2a: MooOooOOo|Defog|p1a: Pineapple Express
|-unboost|p1a: Pineapple Express|evasion|1
|-sideend|p1: Shepcityrain|Stealth Rock|[from] move: Defog|[of] p1a: Pineapple Express
|-sideend|p2: SlurpuffIzFood|Stealth Rock|[from] move: Defog|[of] p2a: MooOooOOo
|move|p1a: Pineapple Express|Will-O-Wisp|p2a: MooOooOOo
|-status|p2a: MooOooOOo|brn
|-status|p1a: Pineapple Express|brn
|
|-heal|p1a: Pineapple Express|247\/304 brn|[from] item: Leftovers
|-damage|p2a: MooOooOOo|354\/404 brn|[from] brn
|-damage|p1a: Pineapple Express|209\/304 brn|[from] brn
|turn|21
|
|switch|p1a: OG Kush|Landorus-Therian, M|241\/319
|-ability|p1a: OG Kush|Intimidate|[of] p2a: MooOooOOo
|-unboost|p2a: MooOooOOo|atk|1
|move|p2a: MooOooOOo|Roost|p2a: MooOooOOo
|-heal|p2a: MooOooOOo|404\/404 brn
|
|-damage|p2a: MooOooOOo|354\/404 brn|[from] brn
|turn|22
|
|move|p1a: OG Kush|Knock Off|p2a: MooOooOOo
|-supereffective|p2a: MooOooOOo
|-damage|p2a: MooOooOOo|72\/404 brn
|-enditem|p2a: MooOooOOo|Earth Plate|[from] move: Knock Off|[of] p1a: OG Kush
|move|p2a: MooOooOOo|Will-O-Wisp|p1a: OG Kush|[miss]
|-miss|p2a: MooOooOOo|p1a: OG Kush
|
|-damage|p2a: MooOooOOo|22\/404 brn|[from] brn
|turn|23
|
|move|p1a: OG Kush|Knock Off|p2a: MooOooOOo
|-supereffective|p2a: MooOooOOo
|-damage|p2a: MooOooOOo|0 fnt
|faint|p2a: MooOooOOo
|
|
|switch|p2a: Volcarona|Volcarona, F|373\/373
|turn|24
|
|move|p1a: OG Kush|Knock Off|p2a: Volcarona
|-damage|p2a: Volcarona|233\/373
|-enditem|p2a: Volcarona|Leftovers|[from] move: Knock Off|[of] p1a: OG Kush
|move|p2a: Volcarona|Quiver Dance|p2a: Volcarona
|-boost|p2a: Volcarona|spa|1
|-boost|p2a: Volcarona|spd|1
|-boost|p2a: Volcarona|spe|1
|
|turn|25
|
|switch|p1a: Pineapple Express|Rotom-Wash|209\/304 brn
|move|p2a: Volcarona|Quiver Dance|p2a: Volcarona
|-boost|p2a: Volcarona|spa|1
|-boost|p2a: Volcarona|spd|1
|-boost|p2a: Volcarona|spe|1
|
|-heal|p1a: Pineapple Express|228\/304 brn|[from] item: Leftovers
|-damage|p1a: Pineapple Express|190\/304 brn|[from] brn
|turn|26
|
|move|p2a: Volcarona|Giga Drain|p1a: Pineapple Express
|-supereffective|p1a: Pineapple Express
|-damage|p1a: Pineapple Express|0 fnt
|-heal|p2a: Volcarona|328\/373|[from] drain|[of] p1a: Pineapple Express
|faint|p1a: Pineapple Express
|
|
|switch|p1a: OG Kush|Landorus-Therian, M|241\/319
|-ability|p1a: OG Kush|Intimidate|[of] p2a: Volcarona
|-unboost|p2a: Volcarona|atk|1
|turn|27
|
|move|p2a: Volcarona|Fiery Dance|p1a: OG Kush
|-damage|p1a: OG Kush|0 fnt
|-boost|p2a: Volcarona|spa|1
|faint|p1a: OG Kush
|
|c|âShepcityrain|whoo gg
|c|âSlurpuffIzFood|gg
|c|âShepcityrain|couldnt stop that setup nice
|c|âSlurpuffIzFood|:D
|
|switch|p1a: Maui Wowie|Zapdos|383\/383
|-ability|p1a: Maui Wowie|Pressure
|turn|28
|
|move|p2a: Volcarona|Fiery Dance|p1a: Maui Wowie
|-damage|p1a: Maui Wowie|31\/383
|move|p1a: Maui Wowie|Thunderbolt|p2a: Volcarona
|-damage|p2a: Volcarona|253\/373
|-status|p2a: Volcarona|par
|
|-heal|p1a: Maui Wowie|54\/383|[from] item: Leftovers
|turn|29
|
|move|p1a: Maui Wowie|Thunderbolt|p2a: Volcarona
|-damage|p2a: Volcarona|178\/373 par
|cant|p2a: Volcarona|par
|
|-heal|p1a: Maui Wowie|77\/383|[from] item: Leftovers
|turn|30
|
|move|p1a: Maui Wowie|Thunderbolt|p2a: Volcarona
|-damage|p2a: Volcarona|105\/373 par
|move|p2a: Volcarona|Roost|p2a: Volcarona
|-heal|p2a: Volcarona|292\/373 par
|
|-heal|p1a: Maui Wowie|100\/383|[from] item: Leftovers
|turn|31
|c|âSlurpuffIzFood|okay...
|
|move|p1a: Maui Wowie|Thunderbolt|p2a: Volcarona
|-damage|p2a: Volcarona|222\/373 par
|move|p2a: Volcarona|Roost|p2a: Volcarona
|-heal|p2a: Volcarona|373\/373 par
|
|-heal|p1a: Maui Wowie|123\/383|[from] item: Leftovers
|turn|32
|
|move|p1a: Maui Wowie|Thunderbolt|p2a: Volcarona
|-damage|p2a: Volcarona|306\/373 par
|move|p2a: Volcarona|Fiery Dance|p1a: Maui Wowie
|-damage|p1a: Maui Wowie|0 fnt
|faint|p1a: Maui Wowie
|
|
|switch|p1a: Grove City Kush|Metagross|333\/333
|turn|33
|
|detailschange|p1a: Grove City Kush|Metagross-Mega
|-mega|p1a: Grove City Kush|Metagross|Metagrossite
|move|p1a: Grove City Kush|Zen Headbutt|p2a: Volcarona
|-damage|p2a: Volcarona|68\/373 par
|-status|p1a: Grove City Kush|brn
|move|p2a: Volcarona|Fiery Dance|p1a: Grove City Kush
|-supereffective|p1a: Grove City Kush
|-damage|p1a: Grove City Kush|0 fnt
|-boost|p2a: Volcarona|spa|1
|faint|p1a: Grove City Kush
|
|
|switch|p1a: Celebi|Celebi|186\/373
|turn|34
|
|move|p1a: Celebi|Psychic|p2a: Volcarona
|-damage|p2a: Volcarona|8\/373 par
|move|p2a: Volcarona|Fiery Dance|p1a: Celebi
|-crit|p1a: Celebi
|-supereffective|p1a: Celebi
|-damage|p1a: Celebi|0 fnt
|faint|p1a: Celebi
|
|win|SlurpuffIzFood
|raw|Ladder updating...
|raw|Shepcityrain's rating: 1536 &rarr; <strong>1514<\/strong><br \/>(-22 for losing)
|raw|SlurpuffIzFood's rating: 1509 &rarr; <strong>1530<\/strong><br \/>(+21 for winning)
|leave|Shepcityrain
|player|p1