|join|bellicose
|join|SlurpuffIzFood
|player|p1|bellicose|102
|player|p2|SlurpuffIzFood|172
|gametype|singles
|gen|6
|tier|OU
|rated
|clearpoke
|poke|p1|Azelf
|poke|p1|Landorus-Therian, M
|poke|p1|Ferrothorn, F
|poke|p1|Keldeo
|poke|p1|Sableye, F
|poke|p1|Heatran, F
|poke|p2|Gyarados, F
|poke|p2|Mamoswine, F
|poke|p2|Gengar, M
|poke|p2|Bisharp, F
|poke|p2|Latias, F
|poke|p2|Talonflame, F
|rule|Swagger Clause: Swagger is banned
|rule|Baton Pass Clause: Limit one PokÃ©mon knowing Baton Pass
|rule|Sleep Clause Mod: Limit one foe put to sleep
|rule|Species Clause: Limit one of each PokÃ©mon
|rule|OHKO Clause: OHKO moves are banned
|rule|Moody Clause: Moody is banned
|rule|Evasion Moves Clause: Evasion moves are banned
|rule|Endless Battle Clause: Forcing endless battles is banned
|rule|HP Percentage Mod: HP is shown in percentages
|teampreview
|join|Ebinola
|c| Ebinola|here for mad skills
|join|Latias
|join|crappy gxe
|join|Pmma
|join|Altilt
|c| crappy gxe|slurpuff is friends
|c| crappy gxe|not food
|
|start
|switch|p1a: Keldeo|Keldeo|323\/323
|switch|p2a: Gengar|Gengar, M|261\/261
|turn|1
|
|switch|p2a: Latias|Latias, F|301\/301
|move|p1a: Keldeo|Scald|p2a: Latias
|-crit|p2a: Latias
|-resisted|p2a: Latias
|-damage|p2a: Latias|169\/301
|
|turn|2
|
|switch|p2a: Gengar|Gengar, M|261\/261
|switch|p1a: Ferrothorn|Ferrothorn, F|352\/352
|
|turn|3
|
|move|p2a: Gengar|Taunt|p1a: Ferrothorn
|-start|p1a: Ferrothorn|move: Taunt
|move|p1a: Ferrothorn|Gyro Ball|p2a: Gengar
|-damage|p2a: Gengar|2\/261
|
|turn|4
|
|switch|p1a: Landorus-Therian|Landorus-Therian, M|319\/319
|-ability|p1a: Landorus-Therian|Intimidate|[of] p2a: Gengar
|-unboost|p2a: Gengar|atk|1
|move|p2a: Gengar|Destiny Bond|p2a: Gengar
|-singlemove|p2a: Gengar|Destiny Bond
|
|turn|5
|c| crappy gxe|use shadow ball
|c| crappy gxe|now
|join|Clefairy
|c| crappy gxe|use shadow ball
|c| crappy gxe|use shadow ball
|c| crappy gxe|lol
|
|switch|p1a: Ferrothorn|Ferrothorn, F|352\/352
|move|p2a: Gengar|Shadow Ball|p1a: Ferrothorn
|-damage|p1a: Ferrothorn|237\/352
|
|-heal|p1a: Ferrothorn|259\/352|[from] item: Leftovers
|turn|6
|
|move|p1a: Ferrothorn|Protect|p1a: Ferrothorn
|-singleturn|p1a: Ferrothorn|Protect
|move|p2a: Gengar|Taunt|p1a: Ferrothorn
|-activate|p1a: Ferrothorn|Protect
|
|-heal|p1a: Ferrothorn|281\/352|[from] item: Leftovers
|turn|7
|c| crappy gxe|taunt
|c| crappy gxe|agian
|
|move|p2a: Gengar|Taunt|p1a: Ferrothorn
|-start|p1a: Ferrothorn|move: Taunt
|cant|p1a: Ferrothorn|move: Taunt|Stealth Rock
|
|-heal|p1a: Ferrothorn|303\/352|[from] item: Leftovers
|turn|8
|
|switch|p1a: Landorus-Therian|Landorus-Therian, M|319\/319
|-ability|p1a: Landorus-Therian|Intimidate|[of] p2a: Gengar
|-unboost|p2a: Gengar|atk|1
|move|p2a: Gengar|Destiny Bond|p2a: Gengar
|-singlemove|p2a: Gengar|Destiny Bond
|
|turn|9
|
|switch|p1a: Ferrothorn|Ferrothorn, F|303\/352
|move|p2a: Gengar|Shadow Ball|p1a: Ferrothorn
|-damage|p1a: Ferrothorn|200\/352
|
|-heal|p1a: Ferrothorn|222\/352|[from] item: Leftovers
|turn|10
|c| crappy gxe|bond
|c| crappy gxe|here
|join|mouse de frank
|join|ch1mpact
|c| crappy gxe|he wont see it coming
|
|move|p1a: Ferrothorn|Protect|p1a: Ferrothorn
|-singleturn|p1a: Ferrothorn|Protect
|move|p2a: Gengar|Taunt|p1a: Ferrothorn
|-activate|p1a: Ferrothorn|Protect
|
|-heal|p1a: Ferrothorn|244\/352|[from] item: Leftovers
|turn|11
|c| crappy gxe|Use dbond
|c| crappy gxe|NOW
|
|move|p2a: Gengar|Taunt|p1a: Ferrothorn
|-start|p1a: Ferrothorn|move: Taunt
|cant|p1a: Ferrothorn|move: Taunt|Stealth Rock
|
|-heal|p1a: Ferrothorn|266\/352|[from] item: Leftovers
|turn|12
|c| crappy gxe|USE DBOND WITH DIGNITY
|c| crappy gxe|ok
|join|Trashc0mpactor
|
|switch|p1a: Landorus-Therian|Landorus-Therian, M|319\/319
|-ability|p1a: Landorus-Therian|Intimidate|[of] p2a: Gengar
|-unboost|p2a: Gengar|atk|1
|move|p2a: Gengar|Destiny Bond|p2a: Gengar
|-singlemove|p2a: Gengar|Destiny Bond
|
|turn|13
|c| crappy gxe|use dbond next time
|
|switch|p1a: Ferrothorn|Ferrothorn, F|266\/352
|move|p2a: Gengar|Shadow Ball|p1a: Ferrothorn
|-damage|p1a: Ferrothorn|151\/352
|-unboost|p1a: Ferrothorn|spd|1
|
|-heal|p1a: Ferrothorn|173\/352|[from] item: Leftovers
|turn|14
|c| crappy gxe|use shadow
|
|switch|p1a: Landorus-Therian|Landorus-Therian, M|319\/319
|-ability|p1a: Landorus-Therian|Intimidate|[of] p2a: Gengar
|-unboost|p2a: Gengar|atk|1
|move|p2a: Gengar|Shadow Ball|p1a: Landorus-Therian
|-damage|p1a: Landorus-Therian|141\/319
|
|turn|15
|join|Reud
|c| crappy gxe|save this
|
|switch|p2a: Gyarados|Gyarados, F|333\/333
|-ability|p2a: Gyarados|Intimidate|[of] p1a: Landorus-Therian
|-unboost|p1a: Landorus-Therian|atk|1
|move|p1a: Landorus-Therian|U-turn|p2a: Gyarados
|-resisted|p2a: Gyarados
|-damage|p2a: Gyarados|294\/333
|
|switch|p1a: Sableye|Sableye, F|303\/303
|
|turn|16
|c| crappy gxe|go talon
|c| crappy gxe|LIKE WHY
|
|switch|p2a: Talonflame|Talonflame, F|317\/317
|move|p1a: Sableye|Will-O-Wisp|p2a: Talonflame
|-fail|p2a: Talonflame
|
|turn|17
|c| Reud|LOL
|c| crappy gxe|u turn ouuUT
|
|switch|p1a: Heatran|Heatran, F|386\/386
|move|p2a: Talonflame|Swords Dance|p2a: Talonflame
|-boost|p2a: Talonflame|atk|2
|
|turn|18
|c| crappy gxe|come on
|c| Reud|delicious
|
|move|p2a: Talonflame|Natural Gift|p1a: Heatran
|-supereffective|p1a: Heatran
|-damage|p1a: Heatran|42\/386
|move|p1a: Heatran|Roar|p2a: Talonflame
|drag|p2a: Latias|Latias, F|169\/301
|
|-heal|p1a: Heatran|66\/386|[from] item: Leftovers
|turn|19
|c| Reud|SD talon
|c| Reud|the donk
|c| crappy gxe|D
|c| Reud|the dink
|c| crappy gxe|DESTROYED
|c| crappy gxe|W
|c| crappy gxe|WHAT!
|c| Reud|the prediction
|c|âbellicose|Fucking kid
|c| Reud|the counter
|c| Reud|the lure
|c|âbellicose|Nice gyro live you hacker
|c| Reud|the life
|c| crappy gxe|GO TO TALON AGAIN
|c|âSlurpuffIzFood|SASH
|
|move|p2a: Latias|Psyshock|p1a: Heatran
|-resisted|p1a: Heatran
|-damage|p1a: Heatran|0 fnt
|-damage|p2a: Latias|139\/301|[from] item: Life Orb
|faint|p1a: Heatran
|
|leave|mouse de frank
|c| crappy gxe|WHAT
|c| crappy gxe|BELLICO
|
|switch|p1a: Ferrothorn|Ferrothorn, F|173\/352
|turn|20
|c| crappy gxe|WHY
|c| crappy gxe|SACKING TAT
|
|switch|p2a: Gengar|Gengar, M|2\/261
|move|p1a: Ferrothorn|Stealth Rock|p2a: Gengar
|-sidestart|p2: SlurpuffIzFood|move: Stealth Rock
|
|-heal|p1a: Ferrothorn|195\/352|[from] item: Leftovers
|turn|21
|c|âbellicose|Ayy lmao
|c| crappy gxe|bond here
|
|move|p2a: Gengar|Destiny Bond|p2a: Gengar
|-singlemove|p2a: Gengar|Destiny Bond
|move|p1a: Ferrothorn|Leech Seed|p2a: Gengar
|-start|p2a: Gengar|move: Leech Seed
|
|-heal|p1a: Ferrothorn|217\/352|[from] item: Leftovers
|-damage|p2a: Gengar|0 fnt|[from] Leech Seed|[of] p1a: Ferrothorn
|-heal|p1a: Ferrothorn|219\/352|[silent]
|faint|p2a: Gengar
|c| ch1mpact|I WOULDA TAUNTED
|join|Akkeshi
|c| Reud|ayyy
|
|switch|p2a: Gyarados|Gyarados, F|294\/333
|-damage|p2a: Gyarados|211\/333|[from] Stealth Rock
|-ability|p2a: Gyarados|Intimidate|[of] p1a: Ferrothorn
|-unboost|p1a: Ferrothorn|atk|1
|turn|22
|
|switch|p1a: Landorus-Therian|Landorus-Therian, M|141\/319
|-ability|p1a: Landorus-Therian|Intimidate|[of] p2a: Gyarados
|-unboost|p2a: Gyarados|atk|1
|move|p2a: Gyarados|Substitute|p2a: Gyarados
|-start|p2a: Gyarados|Substitute
|-damage|p2a: Gyarados|128\/333
|
|turn|23
|join|napty
|c| Akkeshi|el dance man
|
|move|p1a: Landorus-Therian|Stone Edge|p2a: Gyarados
|-supereffective|p2a: Gyarados
|-end|p2a: Gyarados|Substitute
|move|p2a: Gyarados|Waterfall|p1a: Landorus-Therian
|-supereffective|p1a: Landorus-Therian
|-damage|p1a: Landorus-Therian|0 fnt
|faint|p1a: Landorus-Therian
|
|c| Akkeshi|first i do my dance
|
|switch|p1a: Keldeo|Keldeo|323\/323
|turn|24
|c| napty|too much people here
|c| Akkeshi|belli
|c| Akkeshi|did you make this team?
|c| crappy gxe|he madeit
|c| Akkeshi|it's kinda not that good
|c| Akkeshi|:I
|
|move|p1a: Keldeo|Hydro Pump|p2a: Gyarados
|-resisted|p2a: Gyarados
|-damage|p2a: Gyarados|0 fnt
|faint|p2a: Gyarados
|
|
|switch|p2a: Latias|Latias, F|139\/301
|-damage|p2a: Latias|102\/301|[from] Stealth Rock
|turn|25
|
|move|p2a: Latias|Psyshock|p1a: Keldeo
|-supereffective|p1a: Keldeo
|-damage|p1a: Keldeo|0 fnt
|-damage|p2a: Latias|72\/301|[from] item: Life Orb
|faint|p1a: Keldeo
|
|
|switch|p1a: Azelf|Azelf|291\/291
|turn|26
|
|switch|p2a: Bisharp|Bisharp, F|271\/271
|-damage|p2a: Bisharp|255\/271|[from] Stealth Rock
|move|p1a: Azelf|Knock Off|p2a: Bisharp
|-resisted|p2a: Bisharp
|-damage|p2a: Bisharp|202\/271
|-enditem|p2a: Bisharp|Focus Sash|[from] move: Knock Off|[of] p1a: Azelf
|
|turn|27
|c| Akkeshi|nice vgc bisharp
|join|Bell Shadow Purity
|c|âSlurpuffIzFood|ty
|c|âSlurpuffIzFood|not my team tho
|join|Not Canadian
|c| napty|watch out for fire blast imo
|c| ch1mpact|why didn't you
|c| ch1mpact|defog
|leave|Bell Shadow Purity
|c| ch1mpact|with latias
|
|move|p1a: Azelf|Fire Blast|p2a: Bisharp
|-supereffective|p2a: Bisharp
|-damage|p2a: Bisharp|0 fnt
|faint|p2a: Bisharp
|
|c| ch1mpact|u bad kid!
|c| Akkeshi|lol
|c| Akkeshi|he warned you
|c| Akkeshi|tbf
|c|+Not Canadian|the bad kid
|c|+Not Canadian|!!
|
|switch|p2a: Mamoswine|Mamoswine, F|361\/361
|-damage|p2a: Mamoswine|316\/361|[from] Stealth Rock
|turn|28
|
|switch|p1a: Ferrothorn|Ferrothorn, F|219\/352
|move|p2a: Mamoswine|Ice Shard|p1a: Ferrothorn
|-damage|p1a: Ferrothorn|167\/352
|
|-heal|p1a: Ferrothorn|189\/352|[from] item: Leftovers
|turn|29
|
|move|p2a: Mamoswine|Stealth Rock|p1a: Ferrothorn
|-sidestart|p1: bellicose|move: Stealth Rock
|move|p1a: Ferrothorn|Leech Seed|p2a: Mamoswine
|-start|p2a: Mamoswine|move: Leech Seed
|
|-heal|p1a: Ferrothorn|211\/352|[from] item: Leftovers
|-damage|p2a: Mamoswine|271\/361|[from] Leech Seed|[of] p1a: Ferrothorn
|-heal|p1a: Ferrothorn|256\/352|[silent]
|turn|30
|
|move|p2a: Mamoswine|Earthquake|p1a: Ferrothorn
|-damage|p1a: Ferrothorn|141\/352
|move|p1a: Ferrothorn|Gyro Ball|p2a: Mamoswine
|-supereffective|p2a: Mamoswine
|-damage|p2a: Mamoswine|0 fnt
|faint|p2a: Mamoswine
|
|-heal|p1a: Ferrothorn|163\/352|[from] item: Leftovers
|c| crappy gxe|dont defog
|
|switch|p2a: Talonflame|Talonflame, F|317\/317
|-damage|p2a: Talonflame|159\/317|[from] Stealth Rock
|turn|31
|c| Reud|ok
|c| Reud|>following his advice
|
|move|p2a: Talonflame|Flare Blitz|p1a: Ferrothorn
|-supereffective|p1a: Ferrothorn
|-damage|p1a: Ferrothorn|0 fnt
|-damage|p2a: Talonflame|120\/317|[from] ability: Iron Barbs|[of] p1a: Ferrothorn
|-damage|p2a: Talonflame|66\/317|[from] recoil|[of] p1a: Ferrothorn
|faint|p1a: Ferrothorn
|
|c| crappy gxe|what
|c| Reud|you said don't defog
|
|switch|p1a: Azelf|Azelf|291\/291
|-damage|p1a: Azelf|255\/291|[from] Stealth Rock
|turn|32
|c| Reud|so he went straight to talon!
|
|move|p2a: Talonflame|Brave Bird|p1a: Azelf
|-damage|p1a: Azelf|32\/291
|-damage|p2a: Talonflame|0 fnt|[from] recoil|[of] p1a: Azelf
|faint|p2a: Talonflame
|move|p1a: Azelf|Explosion|p2: Talonflame|[notarget]
|-notarget
|faint|p1a: Azelf
|
|c| crappy gxe|i thought he had roost
|c| crappy gxe|what the fuck
|c|âSlurpuffIzFood|im chokin, my frens
|c|âbellicose|Keeeek
|c|âbellicose|oops
|c| crappy gxe|use dmeteor
|c|âbellicose|Ummmm
|
|switch|p2a: Latias|Latias, F|72\/301
|switch|p1a: Sableye|Sableye, F|303\/303
|-damage|p2a: Latias|35\/301|[from] Stealth Rock
|-damage|p1a: Sableye|266\/303|[from] Stealth Rock
|turn|33
|c| Altilt|c r i t
|c|âSlurpuffIzFood|crit!
|c|âSlurpuffIzFood|!!
|c| napty|shadow sneak
|
|detailschange|p1a: Sableye|Sableye-Mega, F
|-mega|p1a: Sableye|Sableye|Sablenite
|move|p2a: Latias|Draco Meteor|p1a: Sableye|[miss]
|-miss|p2a: Latias|p1a: Sableye
|move|p1a: Sableye|Dark Pulse|p2a: Latias
|-supereffective|p2a: Latias
|-damage|p2a: Latias|0 fnt
|faint|p2a: Latias
|
|win|bellicose
|raw|Ladder updating...
|raw|bellicose's rating: 1578 &rarr; <strong>1595<\/strong><br \/>(+17 for winning)
|raw|SlurpuffIzFood's rating: 1519 &rarr; <strong>1502<\/strong><br \/>(-17 for losing)
|c| ch1mpact|kek
|c|âSlurpuffIzFood|the fuck
|c|âbellicose|Kid take that
|c| Reud|kek
|c|âbellicose|fag
|leave|Pmma
|leave|bellicose
|leave|Reud
|player|p1
|leave|ch1mpact
|leave|crappy gxe