|join|MarbleDuck
|join|SlurpuffIzFood
|player|p1|MarbleDuck|170
|player|p2|SlurpuffIzFood|172
|gametype|singles
|gen|6
|tier|OU
|rated
|clearpoke
|poke|p1|Sylveon, M
|poke|p1|Metagross
|poke|p1|Rotom-Wash
|poke|p1|Diggersby, M
|poke|p1|Thundurus, M
|poke|p1|Forretress, M
|poke|p2|Gyarados, F
|poke|p2|Mamoswine, M
|poke|p2|Gengar, F
|poke|p2|Bisharp, F
|poke|p2|Latias, F
|poke|p2|Talonflame, F
|rule|Swagger Clause: Swagger is banned
|rule|Baton Pass Clause: Limit one PokÃ©mon knowing Baton Pass
|rule|Sleep Clause Mod: Limit one foe put to sleep
|rule|Species Clause: Limit one of each PokÃ©mon
|rule|OHKO Clause: OHKO moves are banned
|rule|Moody Clause: Moody is banned
|rule|Evasion Moves Clause: Evasion moves are banned
|rule|Endless Battle Clause: Forcing endless battles is banned
|rule|HP Percentage Mod: HP is shown in percentages
|teampreview
|
|start
|switch|p1a: Rotom-Wash|Rotom-Wash|303\/303
|switch|p2a: Gengar|Gengar, F|261\/261
|turn|1
|
|move|p2a: Gengar|Shadow Ball|p1a: Rotom-Wash
|-damage|p1a: Rotom-Wash|170\/303
|move|p1a: Rotom-Wash|Volt Switch|p2a: Gengar
|-damage|p2a: Gengar|155\/261
|
|switch|p1a: Diggersby|Diggersby, M|353\/353
|
|turn|2
|
|move|p2a: Gengar|Destiny Bond|p2a: Gengar
|-singlemove|p2a: Gengar|Destiny Bond
|move|p1a: Diggersby|Thunder Punch|p2a: Gengar
|-damage|p2a: Gengar|0 fnt
|-damage|p1a: Diggersby|318\/353|[from] item: Life Orb
|faint|p2a: Gengar
|-activate|p2a: Gengar|Destiny Bond
|faint|p1a: Diggersby
|
|
|switch|p2a: Mamoswine|Mamoswine, M|361\/361
|switch|p1a: Rotom-Wash|Rotom-Wash|170\/303
|turn|3
|
|move|p2a: Mamoswine|Stealth Rock|p1a: Rotom-Wash
|-sidestart|p1: MarbleDuck|move: Stealth Rock
|move|p1a: Rotom-Wash|Will-O-Wisp|p2a: Mamoswine
|-status|p2a: Mamoswine|brn
|
|-heal|p1a: Rotom-Wash|188\/303|[from] item: Leftovers
|-damage|p2a: Mamoswine|316\/361 brn|[from] brn
|turn|4
|
|switch|p2a: Latias|Latias, F|301\/301
|move|p1a: Rotom-Wash|Hydro Pump|p2a: Latias
|-resisted|p2a: Latias
|-damage|p2a: Latias|249\/301
|
|-heal|p1a: Rotom-Wash|206\/303|[from] item: Leftovers
|turn|5
|
|move|p2a: Latias|Draco Meteor|p1a: Rotom-Wash
|-damage|p1a: Rotom-Wash|0 fnt
|-unboost|p2a: Latias|spa|2
|-damage|p2a: Latias|219\/301|[from] item: Life Orb
|faint|p1a: Rotom-Wash
|
|
|switch|p1a: Metagross|Metagross|301\/301
|-damage|p1a: Metagross|283\/301|[from] Stealth Rock
|turn|6
|
|switch|p2a: Gyarados|Gyarados, F|333\/333
|-ability|p2a: Gyarados|Intimidate|[of] p1a: Metagross
|-fail|p1a: Metagross|unboost|[from] ability: Clear Body|[of] p1a: Metagross
|detailschange|p1a: Metagross|Metagross-Mega
|-mega|p1a: Metagross|Metagross|Metagrossite
|move|p1a: Metagross|Earthquake|p2a: Gyarados
|-immune|p2a: Gyarados|[msg]
|
|turn|7
|
|switch|p1a: Forretress|Forretress, M|354\/354
|-damage|p1a: Forretress|310\/354|[from] Stealth Rock
|detailschange|p2a: Gyarados|Gyarados-Mega, F
|-mega|p2a: Gyarados|Gyarados|Gyaradosite
|-ability|p2a: Gyarados|Mold Breaker
|move|p2a: Gyarados|Crunch|p1a: Forretress
|-damage|p1a: Forretress|211\/354
|
|-heal|p1a: Forretress|233\/354|[from] item: Leftovers
|turn|8
|
|move|p2a: Gyarados|Substitute|p2a: Gyarados
|-start|p2a: Gyarados|Substitute
|-damage|p2a: Gyarados|250\/333
|move|p1a: Forretress|Rapid Spin|p2a: Gyarados
|-crit|p2a: Gyarados
|-activate|p2a: Gyarados|Substitute|[damage]
|-sideend|p1: MarbleDuck|Stealth Rock|[from] move: Rapid Spin|[of] p1a: Forretress
|
|-heal|p1a: Forretress|255\/354|[from] item: Leftovers
|turn|9
|
|move|p2a: Gyarados|Waterfall|p1a: Forretress
|-damage|p1a: Forretress|168\/354
|move|p1a: Forretress|Stealth Rock|p2a: Gyarados
|-sidestart|p2: SlurpuffIzFood|move: Stealth Rock
|
|-heal|p1a: Forretress|190\/354|[from] item: Leftovers
|turn|10
|
|move|p2a: Gyarados|Dragon Dance|p2a: Gyarados
|-boost|p2a: Gyarados|atk|1
|-boost|p2a: Gyarados|spe|1
|move|p1a: Forretress|Spikes|p2a: Gyarados
|-sidestart|p2: SlurpuffIzFood|Spikes
|
|-heal|p1a: Forretress|212\/354|[from] item: Leftovers
|turn|11
|
|move|p2a: Gyarados|Dragon Dance|p2a: Gyarados
|-boost|p2a: Gyarados|atk|1
|-boost|p2a: Gyarados|spe|1
|move|p1a: Forretress|Volt Switch|p2a: Gyarados
|-supereffective|p2a: Gyarados
|-activate|p2a: Gyarados|Substitute|[damage]
|
|switch|p1a: Thundurus|Thundurus, M|299\/299
|
|turn|12
|
|move|p2a: Gyarados|Waterfall|p1a: Thundurus
|-enditem|p1a: Thundurus|Focus Sash
|-damage|p1a: Thundurus|1\/299
|move|p1a: Thundurus|Thunderbolt|p2a: Gyarados
|-supereffective|p2a: Gyarados
|-end|p2a: Gyarados|Substitute
|
|turn|13
|
|move|p1a: Thundurus|Thunder Wave|p2a: Gyarados
|-status|p2a: Gyarados|par
|move|p2a: Gyarados|Waterfall|p1a: Thundurus
|-damage|p1a: Thundurus|0 fnt
|faint|p1a: Thundurus
|
|
|switch|p1a: Sylveon|Sylveon, M|393\/393
|turn|14
|
|move|p1a: Sylveon|Hyper Voice|p2a: Gyarados
|-supereffective|p2a: Gyarados
|-damage|p2a: Gyarados|0 fnt
|faint|p2a: Gyarados
|
|
|switch|p2a: Latias|Latias, F|219\/301
|-damage|p2a: Latias|182\/301|[from] Stealth Rock
|turn|15
|
|move|p2a: Latias|Defog|p1a: Sylveon
|-unboost|p1a: Sylveon|evasion|1
|-sideend|p2: SlurpuffIzFood|Spikes|[from] move: Defog|[of] p2a: Latias
|-sideend|p2: SlurpuffIzFood|Stealth Rock|[from] move: Defog|[of] p2a: Latias
|move|p1a: Sylveon|Hyper Voice|p2a: Latias
|-supereffective|p2a: Latias
|-damage|p2a: Latias|0 fnt
|faint|p2a: Latias
|
|
|switch|p2a: Bisharp|Bisharp, F|271\/271
|turn|16
|
|move|p2a: Bisharp|Swords Dance|p2a: Bisharp
|-boost|p2a: Bisharp|atk|2
|move|p1a: Sylveon|Hyper Voice|p2a: Bisharp
|-enditem|p2a: Bisharp|Focus Sash
|-damage|p2a: Bisharp|1\/271
|
|turn|17
|
|move|p2a: Bisharp|Iron Head|p1a: Sylveon
|-supereffective|p1a: Sylveon
|-damage|p1a: Sylveon|0 fnt
|faint|p1a: Sylveon
|
|
|switch|p1a: Forretress|Forretress, M|212\/354
|turn|18
|
|move|p2a: Bisharp|Knock Off|p1a: Forretress
|-damage|p1a: Forretress|29\/354
|-enditem|p1a: Forretress|Leftovers|[from] move: Knock Off|[of] p2a: Bisharp
|move|p1a: Forretress|Rapid Spin|p2a: Bisharp
|-resisted|p2a: Bisharp
|-damage|p2a: Bisharp|0 fnt
|faint|p2a: Bisharp
|
|
|switch|p2a: Talonflame|Talonflame, F|317\/317
|turn|19
|
|move|p2a: Talonflame|Flare Blitz|p1a: Forretress
|-supereffective|p1a: Forretress
|-damage|p1a: Forretress|0 fnt
|-damage|p2a: Talonflame|307\/317|[from] recoil|[of] p1a: Forretress
|faint|p1a: Forretress
|
|
|switch|p1a: Metagross|Metagross-Mega|283\/301
|turn|20
|
|move|p2a: Talonflame|Flare Blitz|p1a: Metagross
|-supereffective|p1a: Metagross
|-damage|p1a: Metagross|77\/301
|-damage|p2a: Talonflame|239\/317|[from] recoil|[of] p1a: Metagross
|move|p1a: Metagross|Zen Headbutt|p2a: Talonflame
|-damage|p2a: Talonflame|0 fnt
|faint|p2a: Talonflame
|
|
|switch|p2a: Mamoswine|Mamoswine, M|316\/361 brn
|turn|21
|
|move|p1a: Metagross|Meteor Mash|p2a: Mamoswine
|-supereffective|p2a: Mamoswine
|-damage|p2a: Mamoswine|0 fnt
|faint|p2a: Mamoswine
|
|win|MarbleDuck
|raw|Ladder updating...
|c|âMarbleDuck|gg
|raw|MarbleDuck's rating: 1487 &rarr; <strong>1510<\/strong><br \/>(+23 for winning)
|raw|SlurpuffIzFood's rating: 1531 &rarr; <strong>1508<\/strong><br \/>(-23 for losing)
|leave|SlurpuffIzFood
|player|p2