|join|SS445
|join|slurpuffizfood
|player|p1|SS445|161
|player|p2|slurpuffizfood|172
|gametype|singles
|gen|6
|tier|OU
|rated
|clearpoke
|poke|p1|Hippowdon, M
|poke|p1|Excadrill, M
|poke|p1|Empoleon, M
|poke|p1|Sigilyph, M
|poke|p1|Tyranitar, M
|poke|p1|Garchomp, M
|poke|p2|Gallade, M
|poke|p2|Bisharp, M
|poke|p2|Manaphy
|poke|p2|Latias, F
|poke|p2|Landorus-Therian, M
|poke|p2|Klefki, F
|rule|Swagger Clause: Swagger is banned
|rule|Baton Pass Clause: Limit one PokÃ©mon knowing Baton Pass
|rule|Sleep Clause Mod: Limit one foe put to sleep
|rule|Species Clause: Limit one of each PokÃ©mon
|rule|OHKO Clause: OHKO moves are banned
|rule|Moody Clause: Moody is banned
|rule|Evasion Moves Clause: Evasion moves are banned
|rule|Endless Battle Clause: Forcing endless battles is banned
|rule|HP Percentage Mod: HP is shown in percentages
|teampreview
|
|start
|switch|p1a: Hippowdon|Hippowdon, M|420\/420
|switch|p2a: Landorus-Therian|Landorus-Therian, M|382\/382
|-ability|p2a: Landorus-Therian|Intimidate|[of] p1a: Hippowdon
|-unboost|p1a: Hippowdon|atk|1
|-weather|Sandstorm
|turn|1
|
|move|p2a: Landorus-Therian|Stealth Rock|p1a: Hippowdon
|-sidestart|p1: SS445|move: Stealth Rock
|move|p1a: Hippowdon|Toxic|p2a: Landorus-Therian
|-status|p2a: Landorus-Therian|tox
|
|-weather|Sandstorm|[upkeep]
|-damage|p2a: Landorus-Therian|359\/382 tox|[from] psn
|turn|2
|
|move|p2a: Landorus-Therian|U-turn|p1a: Hippowdon
|-damage|p1a: Hippowdon|359\/420
|
|switch|p2a: Manaphy|Manaphy|365\/365
|move|p1a: Hippowdon|Stealth Rock|p2a: Manaphy
|-sidestart|p2: slurpuffizfood|move: Stealth Rock
|
|-weather|Sandstorm|[upkeep]
|-damage|p2a: Manaphy|343\/365|[from] sandstorm
|-heal|p2a: Manaphy|365\/365|[from] item: Leftovers
|turn|3
|
|switch|p1a: Garchomp|Garchomp, M|359\/359
|-damage|p1a: Garchomp|337\/359|[from] Stealth Rock
|move|p2a: Manaphy|Surf|p1a: Garchomp
|-damage|p1a: Garchomp|171\/359
|
|-weather|Sandstorm|[upkeep]
|-damage|p2a: Manaphy|343\/365|[from] sandstorm
|-heal|p2a: Manaphy|365\/365|[from] item: Leftovers
|turn|4
|
|switch|p2a: Landorus-Therian|Landorus-Therian, M|359\/382 tox
|-damage|p2a: Landorus-Therian|312\/382 tox|[from] Stealth Rock
|-ability|p2a: Landorus-Therian|Intimidate|[of] p1a: Garchomp
|-unboost|p1a: Garchomp|atk|1
|detailschange|p1a: Garchomp|Garchomp-Mega, M
|-mega|p1a: Garchomp|Garchomp|Garchompite
|move|p1a: Garchomp|Earthquake|p2a: Landorus-Therian
|-immune|p2a: Landorus-Therian|[msg]
|
|-weather|Sandstorm|[upkeep]
|-heal|p2a: Landorus-Therian|335\/382 tox|[from] item: Leftovers
|-damage|p2a: Landorus-Therian|312\/382 tox|[from] psn
|turn|5
|
|move|p1a: Garchomp|Draco Meteor|p2a: Landorus-Therian
|-damage|p2a: Landorus-Therian|68\/382 tox
|-unboost|p1a: Garchomp|spa|2
|move|p2a: Landorus-Therian|Earthquake|p1a: Garchomp
|-damage|p1a: Garchomp|35\/359
|
|-weather|Sandstorm|[upkeep]
|-heal|p2a: Landorus-Therian|91\/382 tox|[from] item: Leftovers
|-damage|p2a: Landorus-Therian|45\/382 tox|[from] psn
|turn|6
|
|move|p1a: Garchomp|Draco Meteor|p2a: Landorus-Therian
|-damage|p2a: Landorus-Therian|0 fnt
|-unboost|p1a: Garchomp|spa|2
|faint|p2a: Landorus-Therian
|
|-weather|Sandstorm|[upkeep]
|
|switch|p2a: Gallade|Gallade, M|277\/277
|-damage|p2a: Gallade|260\/277|[from] Stealth Rock
|turn|7
|
|detailschange|p2a: Gallade|Gallade-Mega, M
|-mega|p2a: Gallade|Gallade|Galladite
|move|p1a: Garchomp|Earthquake|p2a: Gallade
|-damage|p2a: Gallade|86\/277
|move|p2a: Gallade|Swords Dance|p2a: Gallade
|-boost|p2a: Gallade|atk|2
|
|-weather|Sandstorm|[upkeep]
|-damage|p2a: Gallade|69\/277|[from] sandstorm
|turn|8
|
|move|p2a: Gallade|Drain Punch|p1a: Garchomp
|-damage|p1a: Garchomp|0 fnt
|-heal|p2a: Gallade|87\/277|[from] drain|[of] p1a: Garchomp
|faint|p1a: Garchomp
|
|-weather|none
|
|switch|p1a: Tyranitar|Tyranitar, M|341\/341
|-damage|p1a: Tyranitar|299\/341|[from] Stealth Rock
|-weather|Sandstorm
|turn|9
|c|âSS445|i have to sac t-tar :\/
|
|move|p1a: Tyranitar|Crunch|p2a: Gallade
|-damage|p2a: Gallade|0 fnt
|faint|p2a: Gallade
|
|-weather|Sandstorm|[upkeep]
|c|âSS445|:)
|
|switch|p2a: Klefki|Klefki, F|318\/318
|-damage|p2a: Klefki|299\/318|[from] Stealth Rock
|turn|10
|
|switch|p1a: Excadrill|Excadrill, M|365\/365
|-damage|p1a: Excadrill|354\/365|[from] Stealth Rock
|move|p2a: Klefki|Spikes|p1a: Excadrill
|-sidestart|p1: SS445|Spikes
|
|-weather|Sandstorm|[upkeep]
|-heal|p2a: Klefki|318\/318|[from] item: Leftovers
|turn|11
|
|switch|p2a: Latias|Latias, F|319\/319
|-damage|p2a: Latias|280\/319|[from] Stealth Rock
|move|p1a: Excadrill|Earthquake|p2a: Latias
|-immune|p2a: Latias|[msg]
|
|-weather|Sandstorm|[upkeep]
|-damage|p2a: Latias|261\/319|[from] sandstorm
|turn|12
|
|switch|p1a: Tyranitar|Tyranitar, M|299\/341
|-damage|p1a: Tyranitar|257\/341|[from] Stealth Rock
|-damage|p1a: Tyranitar|215\/341|[from] Spikes
|switch|p2a: Klefki|Klefki, F|318\/318
|-damage|p2a: Klefki|299\/318|[from] Stealth Rock
|
|-weather|Sandstorm|[upkeep]
|-heal|p2a: Klefki|318\/318|[from] item: Leftovers
|turn|13
|
|move|p2a: Klefki|Spikes|p1a: Tyranitar
|-sidestart|p1: SS445|Spikes
|move|p1a: Tyranitar|Earthquake|p2a: Klefki
|-supereffective|p2a: Klefki
|-damage|p2a: Klefki|50\/318
|
|-weather|none
|-heal|p2a: Klefki|69\/318|[from] item: Leftovers
|turn|14
|
|move|p2a: Klefki|Spikes|p1a: Tyranitar
|-sidestart|p1: SS445|Spikes
|move|p1a: Tyranitar|Earthquake|p2a: Klefki
|-supereffective|p2a: Klefki
|-damage|p2a: Klefki|0 fnt
|faint|p2a: Klefki
|
|
|switch|p2a: Manaphy|Manaphy|365\/365
|-damage|p2a: Manaphy|320\/365|[from] Stealth Rock
|turn|15
|
|move|p1a: Tyranitar|Earthquake|p2a: Manaphy
|-damage|p2a: Manaphy|192\/365
|move|p2a: Manaphy|Tail Glow|p2a: Manaphy
|-boost|p2a: Manaphy|spa|3
|
|-heal|p2a: Manaphy|214\/365|[from] item: Leftovers
|turn|16
|
|switch|p1a: Hippowdon|Hippowdon, M|359\/420
|-damage|p1a: Hippowdon|333\/420|[from] Stealth Rock
|-damage|p1a: Hippowdon|228\/420|[from] Spikes
|-weather|Sandstorm
|move|p2a: Manaphy|Surf|p1a: Hippowdon
|-supereffective|p1a: Hippowdon
|-damage|p1a: Hippowdon|0 fnt
|faint|p1a: Hippowdon
|
|-weather|Sandstorm|[upkeep]
|-damage|p2a: Manaphy|192\/365|[from] sandstorm
|-heal|p2a: Manaphy|214\/365|[from] item: Leftovers
|
|switch|p1a: Excadrill|Excadrill, M|354\/365
|-damage|p1a: Excadrill|343\/365|[from] Stealth Rock
|-damage|p1a: Excadrill|252\/365|[from] Spikes
|turn|17
|
|switch|p2a: Latias|Latias, F|261\/319
|-damage|p2a: Latias|222\/319|[from] Stealth Rock
|move|p1a: Excadrill|Earthquake|p2a: Latias
|-immune|p2a: Latias|[msg]
|
|-weather|Sandstorm|[upkeep]
|-damage|p2a: Latias|203\/319|[from] sandstorm
|turn|18
|
|move|p1a: Excadrill|Rapid Spin|p2a: Latias
|-crit|p2a: Latias
|-damage|p2a: Latias|146\/319
|-sideend|p1: SS445|Spikes|[from] move: Rapid Spin|[of] p1a: Excadrill
|-sideend|p1: SS445|Stealth Rock|[from] move: Rapid Spin|[of] p1a: Excadrill
|-damage|p1a: Excadrill|216\/365|[from] item: Life Orb
|move|p2a: Latias|Roost|p2a: Latias
|-heal|p2a: Latias|306\/319
|
|-weather|Sandstorm|[upkeep]
|-damage|p2a: Latias|287\/319|[from] sandstorm
|turn|19
|
|switch|p1a: Tyranitar|Tyranitar, M|215\/341
|move|p2a: Latias|Hidden Power|p1a: Tyranitar
|-crit|p1a: Tyranitar
|-supereffective|p1a: Tyranitar
|-damage|p1a: Tyranitar|0 fnt
|-damage|p2a: Latias|256\/319|[from] item: Life Orb
|faint|p1a: Tyranitar
|
|-weather|Sandstorm|[upkeep]
|-damage|p2a: Latias|237\/319|[from] sandstorm
|
|switch|p1a: Sigilyph|Sigilyph, M|285\/285
|turn|20
|
|move|p2a: Latias|Draco Meteor|p1a: Sigilyph
|-damage|p1a: Sigilyph|0 fnt
|-unboost|p2a: Latias|spa|2
|-damage|p2a: Latias|206\/319|[from] item: Life Orb
|faint|p1a: Sigilyph
|
|-weather|Sandstorm|[upkeep]
|-damage|p2a: Latias|187\/319|[from] sandstorm
|
|switch|p1a: Empoleon|Empoleon, M|310\/310
|-item|p1a: Empoleon|Air Balloon
|turn|21
|
|move|p2a: Latias|Roost|p2a: Latias
|-heal|p2a: Latias|319\/319
|move|p1a: Empoleon|Agility|p1a: Empoleon
|-boost|p1a: Empoleon|spe|2
|
|-weather|Sandstorm|[upkeep]
|-damage|p2a: Latias|300\/319|[from] sandstorm
|turn|22
|
|move|p1a: Empoleon|Ice Beam|p2a: Latias
|-supereffective|p2a: Latias
|-damage|p2a: Latias|124\/319
|move|p2a: Latias|Defog|p1a: Empoleon
|-unboost|p1a: Empoleon|evasion|1
|-sideend|p2: slurpuffizfood|Stealth Rock|[from] move: Defog|[of] p2a: Latias
|
|-weather|Sandstorm|[upkeep]
|-damage|p2a: Latias|105\/319|[from] sandstorm
|turn|23
|
|switch|p2a: Manaphy|Manaphy|214\/365
|move|p1a: Empoleon|Ice Beam|p2a: Manaphy
|-resisted|p2a: Manaphy
|-damage|p2a: Manaphy|162\/365
|
|-weather|none
|-heal|p2a: Manaphy|184\/365|[from] item: Leftovers
|turn|24
|
|move|p1a: Empoleon|Hydro Pump|p2a: Manaphy
|-resisted|p2a: Manaphy
|-damage|p2a: Manaphy|79\/365
|move|p2a: Manaphy|Energy Ball|p1a: Empoleon
|-damage|p1a: Empoleon|222\/310
|-enditem|p1a: Empoleon|Air Balloon
|
|-heal|p2a: Manaphy|101\/365|[from] item: Leftovers
|turn|25
|
|move|p1a: Empoleon|Hydro Pump|p2a: Manaphy
|-resisted|p2a: Manaphy
|-damage|p2a: Manaphy|11\/365
|move|p2a: Manaphy|Energy Ball|p1a: Empoleon
|-damage|p1a: Empoleon|140\/310
|
|-heal|p2a: Manaphy|33\/365|[from] item: Leftovers
|turn|26
|
|move|p1a: Empoleon|Grass Knot|p2a: Manaphy
|-supereffective|p2a: Manaphy
|-damage|p2a: Manaphy|0 fnt
|faint|p2a: Manaphy
|
|
|switch|p2a: Latias|Latias, F|105\/319
|turn|27
|
|move|p1a: Empoleon|Ice Beam|p2a: Latias
|-supereffective|p2a: Latias
|-damage|p2a: Latias|0 fnt
|faint|p2a: Latias
|
|
|switch|p2a: Bisharp|Bisharp, M|271\/271
|turn|28
|
|move|p2a: Bisharp|Sucker Punch|p1a: Empoleon
|-damage|p1a: Empoleon|0 fnt
|faint|p1a: Empoleon
|
|
|switch|p1a: Excadrill|Excadrill, M|216\/365
|turn|29
|c|âslurpuffizfood|gg
|
|move|p2a: Bisharp|Sucker Punch|p1a: Excadrill
|-damage|p1a: Excadrill|0 fnt
|faint|p1a: Excadrill
|
|win|slurpuffizfood
|raw|Ladder updating...
|raw|SS445's rating: 1497 &rarr; <strong>1480<\/strong><br \/>(-17 for losing)
|raw|slurpuffizfood's rating: 1552 &rarr; <strong>1569<\/strong><br \/>(+17 for winning)
|c|âSS445|gg