|join|SlurpuffIzFood
|join|e1337ist
|player|p1|SlurpuffIzFood|172
|player|p2|e1337ist|283
|gametype|singles
|gen|6
|tier|OU (suspect test)
|rated
|clearpoke
|poke|p1|Landorus-Therian, M
|poke|p1|Gardevoir, F
|poke|p1|Azumarill, M
|poke|p1|Bisharp, M
|poke|p1|Talonflame, M
|poke|p1|Latias, F
|poke|p2|Heatran, M
|poke|p2|Scizor, M
|poke|p2|Landorus-Therian, M
|poke|p2|Mandibuzz, F
|poke|p2|Latias, F
|poke|p2|Tyranitar, F
|rule|Swagger Clause: Swagger is banned
|rule|Baton Pass Clause: Limit one PokÃ©mon knowing Baton Pass
|rule|Sleep Clause Mod: Limit one foe put to sleep
|rule|Species Clause: Limit one of each PokÃ©mon
|rule|OHKO Clause: OHKO moves are banned
|rule|Moody Clause: Moody is banned
|rule|Evasion Moves Clause: Evasion moves are banned
|rule|Endless Battle Clause: Forcing endless battles is banned
|rule|HP Percentage Mod: HP is shown in percentages
|teampreview
|join|napty
|
|start
|switch|p1a: Landorus-Therian|Landorus-Therian, M|382\/382
|switch|p2a: Landorus-Therian|Landorus-Therian, M|319\/319
|-ability|p2a: Landorus-Therian|Intimidate|[of] p1a: Landorus-Therian
|-unboost|p1a: Landorus-Therian|atk|1
|-ability|p1a: Landorus-Therian|Intimidate|[of] p2a: Landorus-Therian
|-unboost|p2a: Landorus-Therian|atk|1
|turn|1
|
|move|p2a: Landorus-Therian|Stealth Rock|p1a: Landorus-Therian
|-sidestart|p1: SlurpuffIzFood|move: Stealth Rock
|move|p1a: Landorus-Therian|Stealth Rock|p2a: Landorus-Therian
|-sidestart|p2: e1337ist|move: Stealth Rock
|
|turn|2
|
|move|p2a: Landorus-Therian|Knock Off|p1a: Landorus-Therian
|-damage|p1a: Landorus-Therian|315\/382
|-damage|p2a: Landorus-Therian|266\/319|[from] item: Rocky Helmet|[of] p1a: Landorus-Therian
|-enditem|p1a: Landorus-Therian|Rocky Helmet|[from] move: Knock Off|[of] p2a: Landorus-Therian
|move|p1a: Landorus-Therian|U-turn|p2a: Landorus-Therian
|-resisted|p2a: Landorus-Therian
|-damage|p2a: Landorus-Therian|238\/319
|
|switch|p1a: Gardevoir|Gardevoir, F|277\/277
|-damage|p1a: Gardevoir|243\/277|[from] Stealth Rock
|-ability|p1a: Gardevoir|Intimidate|[from] ability: Trace|[of] p2a: Landorus-Therian
|-ability|p1a: Gardevoir|Intimidate|[of] p2a: Landorus-Therian
|-unboost|p2a: Landorus-Therian|atk|1
|
|-heal|p2a: Landorus-Therian|257\/319|[from] item: Leftovers
|turn|3
|
|detailschange|p1a: Gardevoir|Gardevoir-Mega, F
|-mega|p1a: Gardevoir|Gardevoir|Gardevoirite
|move|p2a: Landorus-Therian|U-turn|p1a: Gardevoir
|-damage|p1a: Gardevoir|176\/277
|
|switch|p2a: Heatran|Heatran, M|323\/323
|-damage|p2a: Heatran|283\/323|[from] Stealth Rock
|move|p1a: Gardevoir|Hyper Voice|p2a: Heatran
|-resisted|p2a: Heatran
|-damage|p2a: Heatran|223\/323
|
|turn|4
|
|move|p2a: Heatran|Flash Cannon|p1a: Gardevoir
|-supereffective|p1a: Gardevoir
|-damage|p1a: Gardevoir|0 fnt
|faint|p1a: Gardevoir
|
|
|switch|p1a: Azumarill|Azumarill, M|403\/403
|-damage|p1a: Azumarill|353\/403|[from] Stealth Rock
|turn|5
|
|switch|p2a: Latias|Latias, F|301\/301
|-damage|p2a: Latias|264\/301|[from] Stealth Rock
|move|p1a: Azumarill|Waterfall|p2a: Latias
|-resisted|p2a: Latias
|-damage|p2a: Latias|134\/301
|
|turn|6
|
|move|p2a: Latias|Thunderbolt|p1a: Azumarill
|-supereffective|p1a: Azumarill
|-damage|p1a: Azumarill|38\/403
|-damage|p2a: Latias|104\/301|[from] item: Life Orb
|move|p1a: Azumarill|Waterfall|p2a: Latias
|-resisted|p2a: Latias
|-damage|p2a: Latias|0 fnt
|faint|p2a: Latias
|
|
|switch|p2a: Scizor|Scizor, M|343\/343
|-damage|p2a: Scizor|301\/343|[from] Stealth Rock
|turn|7
|
|switch|p1a: Landorus-Therian|Landorus-Therian, M|315\/382
|-damage|p1a: Landorus-Therian|268\/382|[from] Stealth Rock
|-ability|p1a: Landorus-Therian|Intimidate|[of] p2a: Scizor
|-unboost|p2a: Scizor|atk|1
|detailschange|p2a: Scizor|Scizor-Mega, M
|-mega|p2a: Scizor|Scizor|Scizorite
|move|p2a: Scizor|Bullet Punch|p1a: Landorus-Therian
|-damage|p1a: Landorus-Therian|204\/382
|
|turn|8
|
|move|p1a: Landorus-Therian|U-turn|p2a: Scizor
|-resisted|p2a: Scizor
|-damage|p2a: Scizor|274\/343
|
|switch|p1a: Talonflame|Talonflame, M|297\/297
|-damage|p1a: Talonflame|149\/297|[from] Stealth Rock
|move|p2a: Scizor|Swords Dance|p2a: Scizor
|-boost|p2a: Scizor|atk|2
|
|turn|9
|
|switch|p2a: Heatran|Heatran, M|223\/323
|-damage|p2a: Heatran|183\/323|[from] Stealth Rock
|move|p1a: Talonflame|U-turn|p2a: Heatran
|-resisted|p2a: Heatran
|-damage|p2a: Heatran|163\/323
|
|switch|p1a: Latias|Latias, F|301\/301
|-damage|p1a: Latias|264\/301|[from] Stealth Rock
|
|turn|10
|
|switch|p2a: Scizor|Scizor-Mega, M|274\/343
|-damage|p2a: Scizor|232\/343|[from] Stealth Rock
|move|p1a: Latias|Defog|p2a: Scizor
|-unboost|p2a: Scizor|evasion|1
|-sideend|p2: e1337ist|Stealth Rock|[from] move: Defog|[of] p2a: Scizor
|-sideend|p1: SlurpuffIzFood|Stealth Rock|[from] move: Defog|[of] p1a: Latias
|
|turn|11
|
|switch|p1a: Talonflame|Talonflame, M|149\/297
|move|p2a: Scizor|Bug Bite|p1a: Talonflame
|-resisted|p1a: Talonflame
|-damage|p1a: Talonflame|87\/297
|
|turn|12
|
|switch|p2a: Landorus-Therian|Landorus-Therian, M|257\/319
|-ability|p2a: Landorus-Therian|Intimidate|[of] p1a: Talonflame
|-unboost|p1a: Talonflame|atk|1
|move|p1a: Talonflame|Flare Blitz|p2a: Landorus-Therian
|-damage|p2a: Landorus-Therian|88\/319
|-damage|p1a: Talonflame|31\/297|[from] recoil|[of] p2a: Landorus-Therian
|
|-heal|p2a: Landorus-Therian|107\/319|[from] item: Leftovers
|turn|13
|
|switch|p1a: Landorus-Therian|Landorus-Therian, M|204\/382
|-ability|p1a: Landorus-Therian|Intimidate|[of] p2a: Landorus-Therian
|-unboost|p2a: Landorus-Therian|atk|1
|switch|p2a: Mandibuzz|Mandibuzz, F|424\/424
|
|turn|14
|
|move|p1a: Landorus-Therian|Stealth Rock|p2a: Mandibuzz
|-sidestart|p2: e1337ist|move: Stealth Rock
|move|p2a: Mandibuzz|Whirlwind|p1a: Landorus-Therian
|drag|p1a: Latias|Latias, F|264\/301
|
|turn|15
|
|switch|p1a: Bisharp|Bisharp, M|271\/271
|move|p2a: Mandibuzz|Defog|p1a: Bisharp
|-unboost|p1a: Bisharp|evasion|1
|-boost|p1a: Bisharp|atk|2|[from] ability: Defiant
|-sideend|p2: e1337ist|Stealth Rock|[from] move: Defog|[of] p2a: Mandibuzz
|
|turn|16
|join|Terramort
|
|move|p1a: Bisharp|Iron Head|p2a: Mandibuzz
|-damage|p2a: Mandibuzz|83\/424
|-damage|p1a: Bisharp|244\/271|[from] item: Life Orb
|move|p2a: Mandibuzz|Whirlwind|p1a: Bisharp
|drag|p1a: Latias|Latias, F|264\/301
|
|-heal|p2a: Mandibuzz|109\/424|[from] item: Leftovers
|turn|17
|leave|Terramort
|
|switch|p1a: Landorus-Therian|Landorus-Therian, M|204\/382
|-ability|p1a: Landorus-Therian|Intimidate|[of] p2a: Mandibuzz
|-unboost|p2a: Mandibuzz|atk|1
|switch|p2a: Tyranitar|Tyranitar, F|342\/342
|-weather|Sandstorm
|
|-weather|Sandstorm|[upkeep]
|turn|18
|
|move|p1a: Landorus-Therian|U-turn|p2a: Tyranitar
|-supereffective|p2a: Tyranitar
|-damage|p2a: Tyranitar|196\/342
|
|switch|p1a: Bisharp|Bisharp, M|244\/271
|move|p2a: Tyranitar|Stone Edge|p1a: Bisharp
|-resisted|p1a: Bisharp
|-damage|p1a: Bisharp|138\/271
|
|-weather|Sandstorm|[upkeep]
|turn|19
|
|switch|p2a: Heatran|Heatran, M|163\/323
|move|p1a: Bisharp|Iron Head|p2a: Heatran
|-resisted|p2a: Heatran
|-damage|p2a: Heatran|115\/323
|-damage|p1a: Bisharp|111\/271|[from] item: Life Orb
|
|-weather|Sandstorm|[upkeep]
|turn|20
|c| napty|it packs a damn punch
|
|move|p1a: Bisharp|Sucker Punch|p2a: Heatran
|-damage|p2a: Heatran|0 fnt
|-damage|p1a: Bisharp|84\/271|[from] item: Life Orb
|faint|p2a: Heatran
|
|-weather|Sandstorm|[upkeep]
|c|âSlurpuffIzFood|band
|c| napty|yeah
|
|switch|p2a: Tyranitar|Tyranitar, F|196\/342
|turn|21
|
|switch|p1a: Landorus-Therian|Landorus-Therian, M|204\/382
|-ability|p1a: Landorus-Therian|Intimidate|[of] p2a: Tyranitar
|-unboost|p2a: Tyranitar|atk|1
|move|p2a: Tyranitar|Stone Edge|p1a: Landorus-Therian
|-damage|p1a: Landorus-Therian|101\/382
|
|-weather|none
|turn|22
|
|switch|p2a: Landorus-Therian|Landorus-Therian, M|107\/319
|-ability|p2a: Landorus-Therian|Intimidate|[of] p1a: Landorus-Therian
|-unboost|p1a: Landorus-Therian|atk|1
|move|p1a: Landorus-Therian|Earthquake|p2a: Landorus-Therian
|-immune|p2a: Landorus-Therian|[msg]
|
|-heal|p2a: Landorus-Therian|126\/319|[from] item: Leftovers
|turn|23
|join|Terramort
|
|move|p2a: Landorus-Therian|Stealth Rock|p1a: Landorus-Therian
|-sidestart|p1: SlurpuffIzFood|move: Stealth Rock
|move|p1a: Landorus-Therian|U-turn|p2a: Landorus-Therian
|-resisted|p2a: Landorus-Therian
|-damage|p2a: Landorus-Therian|97\/319
|
|switch|p1a: Latias|Latias, F|264\/301
|-damage|p1a: Latias|227\/301|[from] Stealth Rock
|
|-heal|p2a: Landorus-Therian|116\/319|[from] item: Leftovers
|turn|24
|
|switch|p2a: Scizor|Scizor-Mega, M|232\/343
|move|p1a: Latias|Draco Meteor|p2a: Scizor
|-resisted|p2a: Scizor
|-damage|p2a: Scizor|127\/343
|-unboost|p1a: Latias|spa|2
|-damage|p1a: Latias|197\/301|[from] item: Life Orb
|
|turn|25
|
|move|p1a: Latias|Hidden Power|p2a: Scizor
|-supereffective|p2a: Scizor
|-damage|p2a: Scizor|0 fnt
|-damage|p1a: Latias|167\/301|[from] item: Life Orb
|faint|p2a: Scizor
|
|
|switch|p2a: Tyranitar|Tyranitar, F|196\/342
|-weather|Sandstorm
|turn|26
|leave|Terramort
|
|move|p1a: Latias|Defog|p2a: Tyranitar
|-unboost|p2a: Tyranitar|evasion|1
|-sideend|p1: SlurpuffIzFood|Stealth Rock|[from] move: Defog|[of] p1a: Latias
|move|p2a: Tyranitar|Pursuit|p1a: Latias
|-supereffective|p1a: Latias
|-damage|p1a: Latias|0 fnt
|faint|p1a: Latias
|
|-weather|Sandstorm|[upkeep]
|
|switch|p1a: Landorus-Therian|Landorus-Therian, M|101\/382
|-ability|p1a: Landorus-Therian|Intimidate|[of] p2a: Tyranitar
|-unboost|p2a: Tyranitar|atk|1
|turn|27
|
|switch|p2a: Landorus-Therian|Landorus-Therian, M|116\/319
|-ability|p2a: Landorus-Therian|Intimidate|[of] p1a: Landorus-Therian
|-unboost|p1a: Landorus-Therian|atk|1
|move|p1a: Landorus-Therian|U-turn|p2a: Landorus-Therian
|-resisted|p2a: Landorus-Therian
|-damage|p2a: Landorus-Therian|88\/319
|
|switch|p1a: Azumarill|Azumarill, M|38\/403
|
|-weather|Sandstorm|[upkeep]
|-damage|p1a: Azumarill|13\/403|[from] sandstorm
|-heal|p2a: Landorus-Therian|107\/319|[from] item: Leftovers
|turn|28
|
|switch|p2a: Mandibuzz|Mandibuzz, F|109\/424
|move|p1a: Azumarill|Aqua Jet|p2a: Mandibuzz
|-damage|p2a: Mandibuzz|4\/424
|
|-weather|Sandstorm|[upkeep]
|-damage|p1a: Azumarill|0 fnt|[from] sandstorm
|-heal|p2a: Mandibuzz|30\/424|[from] item: Leftovers
|faint|p1a: Azumarill
|
|switch|p1a: Landorus-Therian|Landorus-Therian, M|101\/382
|-ability|p1a: Landorus-Therian|Intimidate|[of] p2a: Mandibuzz
|-unboost|p2a: Mandibuzz|atk|1
|turn|29
|
|move|p1a: Landorus-Therian|U-turn|p2a: Mandibuzz
|-damage|p2a: Mandibuzz|0 fnt
|faint|p2a: Mandibuzz
|
|switch|p1a: Talonflame|Talonflame, M|31\/297
|
|-weather|Sandstorm|[upkeep]
|-damage|p1a: Talonflame|13\/297|[from] sandstorm
|
|switch|p2a: Landorus-Therian|Landorus-Therian, M|107\/319
|-ability|p2a: Landorus-Therian|Intimidate|[of] p1a: Talonflame
|-unboost|p1a: Talonflame|atk|1
|turn|30
|
|move|p1a: Talonflame|Tailwind|p1a: Talonflame
|-sidestart|p1: SlurpuffIzFood|move: Tailwind
|move|p2a: Landorus-Therian|Knock Off|p1a: Talonflame
|-damage|p1a: Talonflame|0 fnt
|-enditem|p1a: Talonflame|Choice Band|[from] move: Knock Off|[of] p2a: Landorus-Therian
|faint|p1a: Talonflame
|
|-weather|none
|-heal|p2a: Landorus-Therian|126\/319|[from] item: Leftovers
|
|switch|p1a: Bisharp|Bisharp, M|84\/271
|turn|31
|
|move|p1a: Bisharp|Iron Head|p2a: Landorus-Therian
|-damage|p2a: Landorus-Therian|0 fnt
|-damage|p1a: Bisharp|57\/271|[from] item: Life Orb
|faint|p2a: Landorus-Therian
|
|c| napty|GG
|
|switch|p2a: Tyranitar|Tyranitar, F|196\/342
|-weather|Sandstorm
|turn|32
|c|âe1337ist|gg
|
|move|p1a: Bisharp|Iron Head|p2a: Tyranitar
|-supereffective|p2a: Tyranitar
|-damage|p2a: Tyranitar|0 fnt
|-damage|p1a: Bisharp|30\/271|[from] item: Life Orb
|faint|p2a: Tyranitar
|
|win|SlurpuffIzFood
|raw|Ladder updating...
|raw|SlurpuffIzFood's rating: 1209 &rarr; <strong>1229<\/strong><br \/>(+20 for winning)
|raw|e1337ist's rating: 1137 &rarr; <strong>1117<\/strong><br \/>(-20 for losing)
|c|âSlurpuffIzFood|gg
|leave|e1337ist
|player|p2
|c| napty|tailwind ftw