|join|HGM
|join|slurpuffizfood
|player|p1|HGM|169
|player|p2|slurpuffizfood|172
|gametype|singles
|gen|6
|tier|OU (suspect test)
|rated
|clearpoke
|poke|p1|Pinsir, M
|poke|p1|Magnezone
|poke|p1|Landorus-Therian, M
|poke|p1|Conkeldurr, F
|poke|p1|Latios, M
|poke|p1|Scizor, M
|poke|p2|Charizard, M
|poke|p2|Tyranitar, F
|poke|p2|Latias, F
|poke|p2|Rotom-Wash
|poke|p2|Landorus-Therian, M
|poke|p2|Ferrothorn, F
|rule|Swagger Clause: Swagger is banned
|rule|Baton Pass Clause: Limit one PokÃ©mon knowing Baton Pass
|rule|Sleep Clause Mod: Limit one foe put to sleep
|rule|Species Clause: Limit one of each PokÃ©mon
|rule|OHKO Clause: OHKO moves are banned
|rule|Moody Clause: Moody is banned
|rule|Evasion Moves Clause: Evasion moves are banned
|rule|Endless Battle Clause: Forcing endless battles is banned
|rule|HP Percentage Mod: HP is shown in percentages
|teampreview
|
|start
|switch|p1a: Conkeldurr|Conkeldurr, F|351\/351
|switch|p2a: Charizard|Charizard, M|297\/297
|turn|1
|
|switch|p1a: Latios|Latios, M|301\/301
|move|p2a: Charizard|Dragon Dance|p2a: Charizard
|-boost|p2a: Charizard|atk|1
|-boost|p2a: Charizard|spe|1
|
|turn|2
|join|napty
|c| napty|dragon claw
|c| napty|NOW
|c|âslurpuffizfood|ik
|c|âslurpuffizfood|lol
|c|âslurpuffizfood|am i dumb
|
|switch|p1a: Landorus-Therian|Landorus-Therian, M|382\/382
|-ability|p1a: Landorus-Therian|Intimidate|[of] p2a: Charizard
|-unboost|p2a: Charizard|atk|1
|detailschange|p2a: Charizard|Charizard-Mega-Y, M
|-mega|p2a: Charizard|Charizard|Charizardite Y
|-weather|SunnyDay
|move|p2a: Charizard|Flamethrower|p1a: Landorus-Therian
|-damage|p1a: Landorus-Therian|70\/382
|
|-weather|SunnyDay|[upkeep]
|-heal|p1a: Landorus-Therian|93\/382|[from] item: Leftovers
|turn|3
|c|âHGM|dd zard y
|c|âHGM|new meta
|c|âslurpuffizfood|wrong mega
|c|âslurpuffizfood|shit
|
|switch|p1a: Latios|Latios, M|301\/301
|move|p2a: Charizard|Flamethrower|p1a: Latios
|-resisted|p1a: Latios
|-damage|p1a: Latios|182\/301
|
|-weather|SunnyDay|[upkeep]
|turn|4
|c| napty|LOL
|
|switch|p2a: Tyranitar|Tyranitar, F|403\/403
|-weather|Sandstorm
|move|p1a: Latios|Psyshock|p2a: Tyranitar
|-immune|p2a: Tyranitar|[msg]
|
|-weather|Sandstorm|[upkeep]
|-damage|p1a: Latios|164\/301|[from] sandstorm
|turn|5
|
|move|p2a: Tyranitar|Pursuit|p1a: Latios|[from]Pursuit
|-supereffective|p1a: Latios
|-damage|p1a: Latios|0 fnt
|faint|p1a: Latios
|
|-weather|Sandstorm|[upkeep]
|
|switch|p1a: Conkeldurr|Conkeldurr, F|351\/351
|turn|6
|c|âslurpuffizfood|i got ze berry
|c|âslurpuffizfood|loel
|
|switch|p2a: Rotom-Wash|Rotom-Wash|304\/304
|move|p1a: Conkeldurr|Ice Punch|p2a: Rotom-Wash
|-resisted|p2a: Rotom-Wash
|-damage|p2a: Rotom-Wash|269\/304
|
|-weather|Sandstorm|[upkeep]
|-damage|p2a: Rotom-Wash|250\/304|[from] sandstorm
|-damage|p1a: Conkeldurr|330\/351|[from] sandstorm
|-heal|p2a: Rotom-Wash|269\/304|[from] item: Leftovers
|turn|7
|
|move|p2a: Rotom-Wash|Volt Switch|p1a: Conkeldurr
|-damage|p1a: Conkeldurr|273\/351
|
|switch|p2a: Ferrothorn|Ferrothorn, F|352\/352
|move|p1a: Conkeldurr|Drain Punch|p2a: Ferrothorn
|-supereffective|p2a: Ferrothorn
|-damage|p2a: Ferrothorn|134\/352
|-heal|p1a: Conkeldurr|351\/351|[from] drain|[of] p2a: Ferrothorn
|-damage|p1a: Conkeldurr|308\/351|[from] ability: Iron Barbs|[of] p2a: Ferrothorn
|
|-weather|Sandstorm|[upkeep]
|-damage|p1a: Conkeldurr|287\/351|[from] sandstorm
|-heal|p2a: Ferrothorn|156\/352|[from] item: Leftovers
|turn|8
|
|switch|p2a: Landorus-Therian|Landorus-Therian, M|319\/319
|-ability|p2a: Landorus-Therian|Intimidate|[of] p1a: Conkeldurr
|-unboost|p1a: Conkeldurr|atk|1
|move|p1a: Conkeldurr|Drain Punch|p2a: Landorus-Therian
|-resisted|p2a: Landorus-Therian
|-damage|p2a: Landorus-Therian|263\/319
|-heal|p1a: Conkeldurr|315\/351|[from] drain|[of] p2a: Landorus-Therian
|
|-weather|none
|turn|9
|
|move|p2a: Landorus-Therian|U-turn|p1a: Conkeldurr
|-resisted|p1a: Conkeldurr
|-damage|p1a: Conkeldurr|268\/351
|
|switch|p2a: Rotom-Wash|Rotom-Wash|269\/304
|move|p1a: Conkeldurr|Drain Punch|p2a: Rotom-Wash
|-damage|p2a: Rotom-Wash|191\/304
|-heal|p1a: Conkeldurr|307\/351|[from] drain|[of] p2a: Rotom-Wash
|
|-heal|p2a: Rotom-Wash|210\/304|[from] item: Leftovers
|turn|10
|
|switch|p1a: Landorus-Therian|Landorus-Therian, M|93\/382
|-ability|p1a: Landorus-Therian|Intimidate|[of] p2a: Rotom-Wash
|-unboost|p2a: Rotom-Wash|atk|1
|move|p2a: Rotom-Wash|Hydro Pump|p1a: Landorus-Therian
|-supereffective|p1a: Landorus-Therian
|-damage|p1a: Landorus-Therian|0 fnt
|faint|p1a: Landorus-Therian
|
|-heal|p2a: Rotom-Wash|229\/304|[from] item: Leftovers
|
|switch|p1a: Conkeldurr|Conkeldurr, F|307\/351
|turn|11
|
|move|p2a: Rotom-Wash|Volt Switch|p1a: Conkeldurr
|-damage|p1a: Conkeldurr|250\/351
|
|switch|p2a: Charizard|Charizard-Mega-Y, M|297\/297
|-weather|SunnyDay
|move|p1a: Conkeldurr|Knock Off|p2a: Charizard
|-damage|p2a: Charizard|184\/297
|
|-weather|SunnyDay|[upkeep]
|turn|12
|
|move|p2a: Charizard|Flamethrower|p1a: Conkeldurr
|-damage|p1a: Conkeldurr|61\/351
|move|p1a: Conkeldurr|Ice Punch|p2a: Charizard
|-damage|p2a: Charizard|34\/297
|
|-weather|SunnyDay|[upkeep]
|turn|13
|-message|HGM forfeited.
|
|win|slurpuffizfood
|raw|Ladder updating...
|leave|HGM
|player|p1
|raw|HGM's rating: 1323 &rarr; <strong>1301<\/strong><br \/>(-22 for losing)
|raw|slurpuffizfood's rating: 1295 &rarr; <strong>1322<\/strong><br \/>(+27 for winning)
|c|âslurpuffizfood|lol
|c|âslurpuffizfood|nb