|join|slurpuffizfood
|join|dannydarko
|player|p1|slurpuffizfood|172
|player|p2|dannydarko|163
|gametype|singles
|gen|6
|tier|OU (suspect test)
|rated
|clearpoke
|poke|p1|Charizard, F
|poke|p1|Tyranitar, F
|poke|p1|Latias, F
|poke|p1|Rotom-Wash
|poke|p1|Landorus-Therian, M
|poke|p1|Ferrothorn, M
|poke|p2|Blissey, F
|poke|p2|Skarmory, F
|poke|p2|Gothitelle, F
|poke|p2|Rotom-Wash
|poke|p2|Ferrothorn, F
|poke|p2|Togekiss, F
|rule|Swagger Clause: Swagger is banned
|rule|Baton Pass Clause: Limit one PokÃ©mon knowing Baton Pass
|rule|Sleep Clause Mod: Limit one foe put to sleep
|rule|Species Clause: Limit one of each PokÃ©mon
|rule|OHKO Clause: OHKO moves are banned
|rule|Moody Clause: Moody is banned
|rule|Evasion Moves Clause: Evasion moves are banned
|rule|Endless Battle Clause: Forcing endless battles is banned
|rule|HP Percentage Mod: HP is shown in percentages
|teampreview
|
|start
|switch|p1a: Charizard|Charizard, F|297\/297
|switch|p2a: Blissey|Blissey, F|714\/714
|turn|1
|
|switch|p1a: Landorus-Therian|Landorus-Therian, M|319\/319
|-ability|p1a: Landorus-Therian|Intimidate|[of] p2a: Blissey
|-unboost|p2a: Blissey|atk|1
|move|p2a: Blissey|Thunder Wave|p1a: Landorus-Therian
|-immune|p1a: Landorus-Therian|[msg]
|
|turn|2
|
|switch|p2a: Skarmory|Skarmory, F|334\/334
|move|p1a: Landorus-Therian|U-turn|p2a: Skarmory
|-resisted|p2a: Skarmory
|-damage|p2a: Skarmory|322\/334
|-damage|p1a: Landorus-Therian|266\/319|[from] item: Rocky Helmet|[of] p2a: Skarmory
|c|âslurpuffizfood|one DD and i win...?
|
|switch|p1a: Charizard|Charizard, F|297\/297
|
|turn|3
|
|switch|p2a: Blissey|Blissey, F|714\/714
|move|p1a: Charizard|Dragon Dance|p1a: Charizard
|-boost|p1a: Charizard|atk|1
|-boost|p1a: Charizard|spe|1
|
|turn|4
|
|switch|p1a: Landorus-Therian|Landorus-Therian, M|266\/319
|-ability|p1a: Landorus-Therian|Intimidate|[of] p2a: Blissey
|-unboost|p2a: Blissey|atk|1
|move|p2a: Blissey|Thunder Wave|p1a: Landorus-Therian
|-immune|p1a: Landorus-Therian|[msg]
|
|turn|5
|
|switch|p1a: Rotom-Wash|Rotom-Wash|304\/304
|move|p2a: Blissey|Thunder Wave|p1a: Rotom-Wash
|-fail|p1a: Rotom-Wash
|
|turn|6
|
|move|p2a: Blissey|Protect|p2a: Blissey
|-singleturn|p2a: Blissey|Protect
|move|p1a: Rotom-Wash|Will-O-Wisp|p2a: Blissey
|-activate|p2a: Blissey|Protect
|
|turn|7
|
|move|p1a: Rotom-Wash|Volt Switch|p2a: Blissey
|-damage|p2a: Blissey|648\/714
|
|switch|p1a: Landorus-Therian|Landorus-Therian, M|266\/319
|-ability|p1a: Landorus-Therian|Intimidate|[of] p2a: Blissey
|-unboost|p2a: Blissey|atk|1
|move|p2a: Blissey|Seismic Toss|p1a: Landorus-Therian
|-damage|p1a: Landorus-Therian|166\/319
|
|-heal|p2a: Blissey|692\/714|[from] item: Leftovers
|turn|8
|
|switch|p1a: Rotom-Wash|Rotom-Wash|304\/304
|switch|p2a: Skarmory|Skarmory, F|322\/334
|
|turn|9
|
|move|p1a: Rotom-Wash|Volt Switch|p2a: Skarmory
|-supereffective|p2a: Skarmory
|-damage|p2a: Skarmory|80\/334
|
|switch|p1a: Charizard|Charizard, F|297\/297
|move|p2a: Skarmory|Toxic|p1a: Charizard|[miss]
|-miss|p2a: Skarmory|p1a: Charizard
|
|turn|10
|
|switch|p2a: Rotom-Wash|Rotom-Wash|304\/304
|detailschange|p1a: Charizard|Charizard-Mega-Y, F
|-mega|p1a: Charizard|Charizard|Charizardite Y
|-weather|SunnyDay
|move|p1a: Charizard|Flamethrower|p2a: Rotom-Wash
|-resisted|p2a: Rotom-Wash
|-damage|p2a: Rotom-Wash|166\/304
|
|-weather|SunnyDay|[upkeep]
|-heal|p2a: Rotom-Wash|185\/304|[from] item: Leftovers
|turn|11
|
|switch|p1a: Rotom-Wash|Rotom-Wash|304\/304
|switch|p2a: Blissey|Blissey, F|692\/714
|
|-weather|SunnyDay|[upkeep]
|-heal|p2a: Blissey|714\/714|[from] item: Leftovers
|turn|12
|
|move|p1a: Rotom-Wash|Will-O-Wisp|p2a: Blissey
|-status|p2a: Blissey|brn
|move|p2a: Blissey|Seismic Toss|p1a: Rotom-Wash
|-damage|p1a: Rotom-Wash|204\/304
|
|-weather|SunnyDay|[upkeep]
|-heal|p1a: Rotom-Wash|223\/304|[from] item: Leftovers
|-damage|p2a: Blissey|625\/714 brn|[from] brn
|turn|13
|
|move|p1a: Rotom-Wash|Pain Split|p2a: Blissey
|-sethp|p2a: Blissey|424\/714 brn|p1a: Rotom-Wash|304\/304|[from] move: Pain Split
|move|p2a: Blissey|Wish|p2a: Blissey
|
|-weather|SunnyDay|[upkeep]
|-heal|p2a: Blissey|468\/714 brn|[from] item: Leftovers
|-damage|p2a: Blissey|379\/714 brn|[from] brn
|turn|14
|
|move|p1a: Rotom-Wash|Volt Switch|p2a: Blissey
|-damage|p2a: Blissey|310\/714 brn
|c|âdannydarko|asshole
|
|switch|p1a: Ferrothorn|Ferrothorn, M|352\/352
|move|p2a: Blissey|Seismic Toss|p1a: Ferrothorn
|-damage|p1a: Ferrothorn|252\/352
|-damage|p2a: Blissey|221\/714 brn|[from] ability: Iron Barbs|[of] p1a: Ferrothorn
|
|-weather|none
|-heal|p2a: Blissey|578\/714 brn|[from] move: Wish|[wisher] Blissey
|-heal|p2a: Blissey|622\/714 brn|[from] item: Leftovers
|-heal|p1a: Ferrothorn|274\/352|[from] item: Leftovers
|-damage|p2a: Blissey|533\/714 brn|[from] brn
|turn|15
|
|switch|p2a: Ferrothorn|Ferrothorn, F|352\/352
|switch|p1a: Rotom-Wash|Rotom-Wash|304\/304
|
|turn|16
|
|move|p1a: Rotom-Wash|Will-O-Wisp|p2a: Ferrothorn
|-status|p2a: Ferrothorn|brn
|move|p2a: Ferrothorn|Stealth Rock|p1a: Rotom-Wash
|-sidestart|p1: slurpuffizfood|move: Stealth Rock
|
|-damage|p2a: Ferrothorn|308\/352 brn|[from] brn
|turn|17
|
|switch|p2a: Blissey|Blissey, F|533\/714
|move|p1a: Rotom-Wash|Volt Switch|p2a: Blissey
|-damage|p2a: Blissey|469\/714
|
|switch|p1a: Latias|Latias, F|301\/301
|-damage|p1a: Latias|264\/301|[from] Stealth Rock
|
|-heal|p2a: Blissey|513\/714|[from] item: Leftovers
|turn|18
|
|switch|p1a: Rotom-Wash|Rotom-Wash|304\/304
|-damage|p1a: Rotom-Wash|266\/304|[from] Stealth Rock
|move|p2a: Blissey|Seismic Toss|p1a: Rotom-Wash
|-damage|p1a: Rotom-Wash|166\/304
|
|-heal|p1a: Rotom-Wash|185\/304|[from] item: Leftovers
|-heal|p2a: Blissey|557\/714|[from] item: Leftovers
|turn|19
|
|switch|p2a: Gothitelle|Gothitelle, F|301\/301
|move|p1a: Rotom-Wash|Will-O-Wisp|p2a: Gothitelle|[miss]
|-miss|p1a: Rotom-Wash|p2a: Gothitelle
|
|-heal|p1a: Rotom-Wash|204\/304|[from] item: Leftovers
|turn|20
|
|move|p2a: Gothitelle|Trick|p1a: Rotom-Wash
|-activate|p2a: Gothitelle|move: Trick|[of] p1a: Rotom-Wash
|-item|p1a: Rotom-Wash|Choice Scarf|[from] move: Trick
|-item|p2a: Gothitelle|Leftovers|[from] move: Trick
|move|p1a: Rotom-Wash|Volt Switch|p2a: Gothitelle
|-damage|p2a: Gothitelle|235\/301
|c|âdannydarko|y're annoying me
|c|âslurpuffizfood|says teh guy playing stall
|c|âdannydarko|so fuck you and fuck your painsplit
|c|âslurpuffizfood|fk you back
|c|âdannydarko|yea
|
|switch|p1a: Landorus-Therian|Landorus-Therian, M|166\/319
|-damage|p1a: Landorus-Therian|127\/319|[from] Stealth Rock
|-ability|p1a: Landorus-Therian|Intimidate|[of] p2a: Gothitelle
|-unboost|p2a: Gothitelle|atk|1
|
|-heal|p2a: Gothitelle|253\/301|[from] item: Leftovers
|turn|21
|
|switch|p2a: Skarmory|Skarmory, F|80\/334
|move|p1a: Landorus-Therian|U-turn|p2a: Skarmory
|-resisted|p2a: Skarmory
|-damage|p2a: Skarmory|67\/334
|-damage|p1a: Landorus-Therian|74\/319|[from] item: Rocky Helmet|[of] p2a: Skarmory
|
|switch|p1a: Rotom-Wash|Rotom-Wash|204\/304
|-damage|p1a: Rotom-Wash|166\/304|[from] Stealth Rock
|
|turn|22
|
|switch|p2a: Blissey|Blissey, F|557\/714
|move|p1a: Rotom-Wash|Volt Switch|p2a: Blissey
|-crit|p2a: Blissey
|-damage|p2a: Blissey|455\/714
|join|napty
|
|switch|p1a: Tyranitar|Tyranitar, F|403\/403
|-damage|p1a: Tyranitar|353\/403|[from] Stealth Rock
|-weather|Sandstorm
|
|-weather|Sandstorm|[upkeep]
|-damage|p2a: Blissey|411\/714|[from] sandstorm
|-heal|p1a: Tyranitar|378\/403|[from] item: Leftovers
|-heal|p2a: Blissey|455\/714|[from] item: Leftovers
|turn|23
|
|switch|p2a: Rotom-Wash|Rotom-Wash|185\/304
|move|p1a: Tyranitar|Stone Edge|p2a: Rotom-Wash
|-damage|p2a: Rotom-Wash|50\/304
|
|-weather|Sandstorm|[upkeep]
|-damage|p2a: Rotom-Wash|31\/304|[from] sandstorm
|-heal|p2a: Rotom-Wash|50\/304|[from] item: Leftovers
|-heal|p1a: Tyranitar|403\/403|[from] item: Leftovers
|turn|24
|
|switch|p2a: Ferrothorn|Ferrothorn, F|308\/352 brn
|switch|p1a: Landorus-Therian|Landorus-Therian, M|74\/319
|-damage|p1a: Landorus-Therian|35\/319|[from] Stealth Rock
|-ability|p1a: Landorus-Therian|Intimidate|[of] p2a: Ferrothorn
|-unboost|p2a: Ferrothorn|atk|1
|
|-weather|Sandstorm|[upkeep]
|-damage|p2a: Ferrothorn|264\/352 brn|[from] brn
|turn|25
|
|switch|p1a: Latias|Latias, F|264\/301
|-damage|p1a: Latias|227\/301|[from] Stealth Rock
|move|p2a: Ferrothorn|Leech Seed|p1a: Latias
|-start|p1a: Latias|move: Leech Seed
|
|-weather|Sandstorm|[upkeep]
|-damage|p1a: Latias|209\/301|[from] sandstorm
|-damage|p1a: Latias|172\/301|[from] Leech Seed|[of] p2a: Ferrothorn
|-heal|p2a: Ferrothorn|301\/352 brn|[silent]
|-damage|p2a: Ferrothorn|257\/352 brn|[from] brn
|turn|26
|
|move|p1a: Latias|Defog|p2a: Ferrothorn
|-unboost|p2a: Ferrothorn|evasion|1
|-sideend|p1: slurpuffizfood|Stealth Rock|[from] move: Defog|[of] p1a: Latias
|move|p2a: Ferrothorn|Stealth Rock|p1a: Latias
|-sidestart|p1: slurpuffizfood|move: Stealth Rock
|
|-weather|none
|-damage|p1a: Latias|135\/301|[from] Leech Seed|[of] p2a: Ferrothorn
|-heal|p2a: Ferrothorn|294\/352 brn|[silent]
|-damage|p2a: Ferrothorn|250\/352 brn|[from] brn
|turn|27
|c|âdannydarko|uops
|c|âdannydarko|sorry
|
|switch|p2a: Rotom-Wash|Rotom-Wash|50\/304
|move|p1a: Latias|Roost|p1a: Latias
|-heal|p1a: Latias|286\/301
|
|-heal|p2a: Rotom-Wash|69\/304|[from] item: Leftovers
|-damage|p1a: Latias|249\/301|[from] Leech Seed|[of] p2a: Rotom-Wash
|-heal|p2a: Rotom-Wash|106\/304|[silent]
|turn|28
|
|switch|p2a: Togekiss|Togekiss, F|374\/374
|move|p1a: Latias|Defog|p2a: Togekiss
|-unboost|p2a: Togekiss|evasion|1
|-sideend|p1: slurpuffizfood|Stealth Rock|[from] move: Defog|[of] p1a: Latias
|
|-damage|p1a: Latias|212\/301|[from] Leech Seed|[of] p2a: Togekiss
|turn|29
|
|switch|p1a: Charizard|Charizard-Mega-Y, F|297\/297
|-weather|SunnyDay
|move|p2a: Togekiss|Thunder Wave|p1a: Charizard
|-status|p1a: Charizard|par
|
|-weather|SunnyDay|[upkeep]
|turn|30
|
|switch|p1a: Tyranitar|Tyranitar, F|403\/403
|-weather|Sandstorm
|move|p2a: Togekiss|Air Slash|p1a: Tyranitar
|-resisted|p1a: Tyranitar
|-damage|p1a: Tyranitar|370\/403
|
|-weather|Sandstorm|[upkeep]
|-damage|p2a: Togekiss|351\/374|[from] sandstorm
|-heal|p2a: Togekiss|374\/374|[from] item: Leftovers
|-heal|p1a: Tyranitar|395\/403|[from] item: Leftovers
|turn|31
|
|switch|p2a: Ferrothorn|Ferrothorn, F|250\/352 brn
|move|p1a: Tyranitar|Stone Edge|p2a: Ferrothorn
|-resisted|p2a: Ferrothorn
|-damage|p2a: Ferrothorn|192\/352 brn
|
|-weather|Sandstorm|[upkeep]
|-heal|p1a: Tyranitar|403\/403|[from] item: Leftovers
|-damage|p2a: Ferrothorn|148\/352 brn|[from] brn
|turn|32
|c|âslurpuffizfood|hehe
|c|âslurpuffizfood|nice ferro
|
|move|p1a: Tyranitar|Low Kick|p2a: Ferrothorn
|-supereffective|p2a: Ferrothorn
|-damage|p2a: Ferrothorn|0 fnt
|-damage|p1a: Tyranitar|353\/403|[from] ability: Iron Barbs|[of] p2a: Ferrothorn
|-damage|p1a: Tyranitar|286\/403|[from] item: Rocky Helmet|[of] p2a: Ferrothorn
|faint|p2a: Ferrothorn
|
|-weather|Sandstorm|[upkeep]
|-heal|p1a: Tyranitar|311\/403|[from] item: Leftovers
|
|switch|p2a: Rotom-Wash|Rotom-Wash|106\/304
|turn|33
|
|switch|p1a: Landorus-Therian|Landorus-Therian, M|35\/319
|-ability|p1a: Landorus-Therian|Intimidate|[of] p2a: Rotom-Wash
|-unboost|p2a: Rotom-Wash|atk|1
|move|p2a: Rotom-Wash|Will-O-Wisp|p1a: Landorus-Therian
|-status|p1a: Landorus-Therian|brn
|
|-weather|Sandstorm|[upkeep]
|-damage|p2a: Rotom-Wash|87\/304|[from] sandstorm
|-heal|p2a: Rotom-Wash|106\/304|[from] item: Leftovers
|-damage|p1a: Landorus-Therian|0 fnt|[from] brn
|faint|p1a: Landorus-Therian
|c|âdannydarko|hehe
|
|switch|p1a: Latias|Latias, F|212\/301
|turn|34
|c|âdannydarko|nice landorous
|c|âslurpuffizfood|:]
|c|âslurpuffizfood|i was sacking it
|
|switch|p2a: Blissey|Blissey, F|455\/714
|move|p1a: Latias|Psyshock|p2a: Blissey
|-damage|p2a: Blissey|131\/714
|-damage|p1a: Latias|182\/301|[from] item: Life Orb
|
|-weather|none
|-heal|p2a: Blissey|175\/714|[from] item: Leftovers
|turn|35
|
|move|p2a: Blissey|Protect|p2a: Blissey
|-singleturn|p2a: Blissey|Protect
|move|p1a: Latias|Psyshock|p2a: Blissey
|-activate|p2a: Blissey|Protect
|
|-heal|p2a: Blissey|219\/714|[from] item: Leftovers
|turn|36
|
|switch|p2a: Gothitelle|Gothitelle, F|253\/301
|move|p1a: Latias|Psyshock|p2a: Gothitelle
|-resisted|p2a: Gothitelle
|-damage|p2a: Gothitelle|189\/301
|-damage|p1a: Latias|152\/301|[from] item: Life Orb
|
|-heal|p2a: Gothitelle|207\/301|[from] item: Leftovers
|turn|37
|
|switch|p2a: Blissey|Blissey, F|219\/714
|move|p1a: Latias|Roost|p1a: Latias
|-heal|p1a: Latias|301\/301
|
|-heal|p2a: Blissey|263\/714|[from] item: Leftovers
|turn|38
|
|switch|p1a: Tyranitar|Tyranitar, F|311\/403
|-weather|Sandstorm
|move|p2a: Blissey|Protect|p2a: Blissey
|-fail|p2a: Blissey
|
|-weather|Sandstorm|[upkeep]
|-damage|p2a: Blissey|219\/714|[from] sandstorm
|-heal|p1a: Tyranitar|336\/403|[from] item: Leftovers
|-heal|p2a: Blissey|263\/714|[from] item: Leftovers
|turn|39
|
|move|p2a: Blissey|Protect|p2a: Blissey
|-singleturn|p2a: Blissey|Protect
|move|p1a: Tyranitar|Pursuit|p2a: Blissey
|-activate|p2a: Blissey|Protect
|
|-weather|Sandstorm|[upkeep]
|-damage|p2a: Blissey|219\/714|[from] sandstorm
|-heal|p1a: Tyranitar|361\/403|[from] item: Leftovers
|-heal|p2a: Blissey|263\/714|[from] item: Leftovers
|turn|40
|
|move|p1a: Tyranitar|Stone Edge|p2a: Blissey
|-damage|p2a: Blissey|0 fnt
|faint|p2a: Blissey
|
|-weather|Sandstorm|[upkeep]
|-heal|p1a: Tyranitar|386\/403|[from] item: Leftovers
|
|switch|p2a: Rotom-Wash|Rotom-Wash|106\/304
|turn|41
|
|switch|p1a: Rotom-Wash|Rotom-Wash|166\/304
|move|p2a: Rotom-Wash|Pain Split|p1a: Rotom-Wash
|-sethp|p1a: Rotom-Wash|136\/304|p2a: Rotom-Wash|136\/304|[from] move: Pain Split
|
|-weather|Sandstorm|[upkeep]
|-damage|p1a: Rotom-Wash|117\/304|[from] sandstorm
|-damage|p2a: Rotom-Wash|117\/304|[from] sandstorm
|-heal|p2a: Rotom-Wash|136\/304|[from] item: Leftovers
|turn|42
|
|move|p1a: Rotom-Wash|Volt Switch|p2a: Rotom-Wash
|-damage|p2a: Rotom-Wash|51\/304
|
|switch|p1a: Latias|Latias, F|301\/301
|move|p2a: Rotom-Wash|Will-O-Wisp|p1a: Latias
|-status|p1a: Latias|brn
|
|-weather|none
|-heal|p2a: Rotom-Wash|70\/304|[from] item: Leftovers
|-damage|p1a: Latias|264\/301 brn|[from] brn
|turn|43
|
|switch|p2a: Togekiss|Togekiss, F|374\/374
|move|p1a: Latias|Psyshock|p2a: Togekiss
|-damage|p2a: Togekiss|189\/374
|-damage|p1a: Latias|234\/301 brn|[from] item: Life Orb
|
|-heal|p2a: Togekiss|212\/374|[from] item: Leftovers
|-damage|p1a: Latias|197\/301 brn|[from] brn
|turn|44
|
|switch|p1a: Charizard|Charizard-Mega-Y, F|297\/297 par
|-weather|SunnyDay
|move|p2a: Togekiss|Roost|p2a: Togekiss
|-heal|p2a: Togekiss|374\/374
|
|-weather|SunnyDay|[upkeep]
|turn|45
|
|move|p2a: Togekiss|Thunder Wave|p1a: Charizard
|-fail|p1a: Charizard|par
|move|p1a: Charizard|Flamethrower|p2a: Togekiss
|-damage|p2a: Togekiss|124\/374
|
|-weather|SunnyDay|[upkeep]
|-heal|p2a: Togekiss|147\/374|[from] item: Leftovers
|turn|46
|
|move|p2a: Togekiss|Air Slash|p1a: Charizard
|-crit|p1a: Charizard
|-damage|p1a: Charizard|167\/297 par
|cant|p1a: Charizard|par
|
|-weather|SunnyDay|[upkeep]
|-heal|p2a: Togekiss|170\/374|[from] item: Leftovers
|turn|47
|
|switch|p1a: Rotom-Wash|Rotom-Wash|117\/304
|move|p2a: Togekiss|Roost|p2a: Togekiss
|-heal|p2a: Togekiss|357\/374
|
|-weather|SunnyDay|[upkeep]
|-heal|p2a: Togekiss|374\/374|[from] item: Leftovers
|turn|48
|
|move|p1a: Rotom-Wash|Pain Split|p2a: Togekiss
|-sethp|p2a: Togekiss|245\/374|p1a: Rotom-Wash|245\/304|[from] move: Pain Split
|move|p2a: Togekiss|Thunder Wave|p1a: Rotom-Wash
|-fail|p1a: Rotom-Wash
|
|-weather|none
|-heal|p2a: Togekiss|268\/374|[from] item: Leftovers
|turn|49
|
|switch|p1a: Charizard|Charizard-Mega-Y, F|167\/297 par
|-weather|SunnyDay
|move|p2a: Togekiss|Thunder Wave|p1a: Charizard
|-fail|p1a: Charizard|par
|
|-weather|SunnyDay|[upkeep]
|-heal|p2a: Togekiss|291\/374|[from] item: Leftovers
|turn|50
|
|switch|p1a: Rotom-Wash|Rotom-Wash|245\/304
|move|p2a: Togekiss|Air Slash|p1a: Rotom-Wash
|-resisted|p1a: Rotom-Wash
|-damage|p1a: Rotom-Wash|198\/304
|
|-weather|SunnyDay|[upkeep]
|-heal|p2a: Togekiss|314\/374|[from] item: Leftovers
|turn|51
|
|switch|p2a: Gothitelle|Gothitelle, F|207\/301
|move|p1a: Rotom-Wash|Volt Switch|p2a: Gothitelle
|-crit|p2a: Gothitelle
|-damage|p2a: Gothitelle|111\/301
|
|switch|p1a: Latias|Latias, F|197\/301 brn
|
|-weather|SunnyDay|[upkeep]
|-heal|p2a: Gothitelle|129\/301|[from] item: Leftovers
|-damage|p1a: Latias|160\/301 brn|[from] brn
|turn|52
|
|switch|p2a: Togekiss|Togekiss, F|314\/374
|move|p1a: Latias|Psyshock|p2a: Togekiss
|-damage|p2a: Togekiss|146\/374
|-damage|p1a: Latias|130\/301 brn|[from] item: Life Orb
|
|-weather|SunnyDay|[upkeep]
|-heal|p2a: Togekiss|169\/374|[from] item: Leftovers
|-damage|p1a: Latias|93\/301 brn|[from] brn
|turn|53
|
|move|p1a: Latias|Roost|p1a: Latias
|-heal|p1a: Latias|244\/301 brn
|move|p2a: Togekiss|Roost|p2a: Togekiss
|-heal|p2a: Togekiss|356\/374
|
|-weather|none
|-heal|p2a: Togekiss|374\/374|[from] item: Leftovers
|-damage|p1a: Latias|207\/301 brn|[from] brn
|turn|54
|
|switch|p2a: Rotom-Wash|Rotom-Wash|70\/304
|move|p1a: Latias|Roost|p1a: Latias
|-heal|p1a: Latias|301\/301 brn
|
|-heal|p2a: Rotom-Wash|89\/304|[from] item: Leftovers
|-damage|p1a: Latias|264\/301 brn|[from] brn
|turn|55
|
|switch|p2a: Gothitelle|Gothitelle, F|129\/301
|move|p1a: Latias|Psyshock|p2a: Gothitelle
|-resisted|p2a: Gothitelle
|-damage|p2a: Gothitelle|64\/301
|-damage|p1a: Latias|234\/301 brn|[from] item: Life Orb
|
|-heal|p2a: Gothitelle|82\/301|[from] item: Leftovers
|-damage|p1a: Latias|197\/301 brn|[from] brn
|turn|56
|
|switch|p2a: Togekiss|Togekiss, F|374\/374
|move|p1a: Latias|Draco Meteor|p2a: Togekiss
|-immune|p2a: Togekiss|[msg]
|
|-damage|p1a: Latias|160\/301 brn|[from] brn
|turn|57
|
|move|p1a: Latias|Roost|p1a: Latias
|-heal|p1a: Latias|301\/301 brn
|move|p2a: Togekiss|Air Slash|p1a: Latias
|-damage|p1a: Latias|222\/301 brn
|
|-damage|p1a: Latias|185\/301 brn|[from] brn
|turn|58
|
|switch|p1a: Rotom-Wash|Rotom-Wash|198\/304
|move|p2a: Togekiss|Air Slash|p1a: Rotom-Wash
|-resisted|p1a: Rotom-Wash
|-damage|p1a: Rotom-Wash|145\/304
|
|turn|59
|
|switch|p2a: Skarmory|Skarmory, F|67\/334
|move|p1a: Rotom-Wash|Volt Switch|p2a: Skarmory
|-supereffective|p2a: Skarmory
|-damage|p2a: Skarmory|0 fnt
|faint|p2a: Skarmory
|
|switch|p1a: Latias|Latias, F|185\/301 brn
|
|-damage|p1a: Latias|148\/301 brn|[from] brn
|
|switch|p2a: Rotom-Wash|Rotom-Wash|89\/304
|turn|60
|
|switch|p2a: Togekiss|Togekiss, F|374\/374
|move|p1a: Latias|Psyshock|p2a: Togekiss
|-damage|p2a: Togekiss|206\/374
|-damage|p1a: Latias|118\/301 brn|[from] item: Life Orb
|
|-heal|p2a: Togekiss|229\/374|[from] item: Leftovers
|-damage|p1a: Latias|81\/301 brn|[from] brn
|turn|61
|
|switch|p2a: Rotom-Wash|Rotom-Wash|89\/304
|move|p1a: Latias|Roost|p1a: Latias
|-heal|p1a: Latias|232\/301 brn
|
|-heal|p2a: Rotom-Wash|108\/304|[from] item: Leftovers
|-damage|p1a: Latias|195\/301 brn|[from] brn
|turn|62
|
|switch|p2a: Gothitelle|Gothitelle, F|82\/301
|move|p1a: Latias|Psyshock|p2a: Gothitelle
|-resisted|p2a: Gothitelle
|-damage|p2a: Gothitelle|24\/301
|-damage|p1a: Latias|165\/301 brn|[from] item: Life Orb
|
|-heal|p2a: Gothitelle|42\/301|[from] item: Leftovers
|-damage|p1a: Latias|128\/301 brn|[from] brn
|turn|63
|
|move|p1a: Latias|Psyshock|p2a: Gothitelle
|-resisted|p2a: Gothitelle
|-damage|p2a: Gothitelle|0 fnt
|-damage|p1a: Latias|98\/301 brn|[from] item: Life Orb
|faint|p2a: Gothitelle
|
|-damage|p1a: Latias|61\/301 brn|[from] brn
|-message|dannydarko forfeited.
|
|win|slurpuffizfood
|raw|Ladder updating...
|leave|dannydarko
|player|p2
|raw|slurpuffizfood's rating: 1235 &rarr; <strong>1267<\/strong><br \/>(+32 for winning)
|raw|dannydarko's rating: 1332 &rarr; <strong>1307<\/strong><br \/>(-25 for losing)
|c|âslurpuffizfood|lel