|join|Banette is life
|join|DragonzaEX
|player|p1|Banette is life|163
|player|p2|DragonzaEX|290
|gametype|singles
|gen|6
|tier|UU
|rated
|rule|Sleep Clause Mod: Limit one foe put to sleep
|rule|Species Clause: Limit one of each PokÃ©mon
|rule|OHKO Clause: OHKO moves are banned
|rule|Moody Clause: Moody is banned
|rule|Evasion Moves Clause: Evasion moves are banned
|rule|Endless Battle Clause: Forcing endless battles is banned
|rule|HP Percentage Mod: HP is shown in percentages
|clearpoke
|poke|p1|Lopunny, F
|poke|p1|Jirachi
|poke|p1|Rotom-Heat
|poke|p1|Umbreon, M
|poke|p1|Salamence, M
|poke|p1|Nidoking, M
|poke|p2|Zygarde
|poke|p2|Raikou
|poke|p2|Jirachi
|poke|p2|Aerodactyl, M
|poke|p2|Chesnaught, M
|poke|p2|Hydreigon, F
|rule|Swagger Clause: Swagger is banned
|rule|Baton Pass Clause: Limit one PokÃ©mon knowing Baton Pass
|teampreview
|
|start
|switch|p1a: Jirachi|Jirachi|404\/404
|switch|p2a: Aerodactyl|Aerodactyl, M|301\/301
|-ability|p2a: Aerodactyl|Unnerve|p1: Banette is life
|turn|1
|join|DictatorOfArizona
|join|King Time Stall
|join|MajesticPlayer
|join|Lum_Beri
|
|switch|p1a: Salamence|Salamence, M|393\/393
|-ability|p1a: Salamence|Intimidate|[of] p2a: Aerodactyl
|-unboost|p2a: Aerodactyl|atk|1
|detailschange|p2a: Aerodactyl|Aerodactyl-Mega, M
|message|Aerodactyl has Mega Evolved into Mega Aerodactyl!
|move|p2a: Aerodactyl|Earthquake|p1a: Salamence
|-immune|p1a: Salamence|[msg]
|
|turn|2
|
|switch|p2a: Chesnaught|Chesnaught, M|380\/380
|switch|p1a: Jirachi|Jirachi|404\/404
|
|turn|3
|c| Lum_Beri|lol bannette, if you loseâ¦
|
|move|p2a: Chesnaught|Spiky Shield|p2a: Chesnaught
|-singleturn|p2a: Chesnaught|move: Protect
|move|p1a: Jirachi|Stealth Rock|p2a: Chesnaught
|-sidestart|p2: DragonzaEX|move: Stealth Rock
|
|turn|4
|
|move|p1a: Jirachi|U-turn|p2a: Chesnaught
|-damage|p2a: Chesnaught|346\/380
|
|switch|p1a: Nidoking|Nidoking, M|303\/303
|move|p2a: Chesnaught|Spikes|p1a: Nidoking
|-sidestart|p1: Banette is life|Spikes
|
|-heal|p2a: Chesnaught|369\/380|[from] item: Leftovers
|turn|5
|c| Lum_Beri|â¦you will look like SUCH a douche
|c|âBanette is life|true
|
|move|p2a: Chesnaught|Spiky Shield|p2a: Chesnaught
|-singleturn|p2a: Chesnaught|move: Protect
|move|p1a: Nidoking|Ice Beam|p2a: Chesnaught
|-activate|p2a: Chesnaught|move: Protect
|
|-heal|p2a: Chesnaught|380\/380|[from] item: Leftovers
|turn|6
|c| King Time Stall|pretty much
|
|move|p1a: Nidoking|Ice Beam|p2a: Chesnaught
|-supereffective|p2a: Chesnaught
|-damage|p2a: Chesnaught|114\/380
|move|p2a: Chesnaught|Spikes|p1a: Nidoking
|-sidestart|p1: Banette is life|Spikes
|
|-heal|p2a: Chesnaught|137\/380|[from] item: Leftovers
|turn|7
|c|âBanette is life|should never take that long though
|
|switch|p1a: Salamence|Salamence, M|393\/393
|-ability|p1a: Salamence|Intimidate|[of] p2a: Chesnaught
|-unboost|p2a: Chesnaught|atk|1
|move|p2a: Chesnaught|Spiky Shield|p2a: Chesnaught
|-fail|p2a: Chesnaught
|
|-heal|p2a: Chesnaught|160\/380|[from] item: Leftovers
|turn|8
|
|move|p2a: Chesnaught|Spiky Shield|p2a: Chesnaught
|-singleturn|p2a: Chesnaught|move: Protect
|move|p1a: Salamence|Defog|p2a: Chesnaught
|-activate|p2a: Chesnaught|move: Protect
|
|-heal|p2a: Chesnaught|183\/380|[from] item: Leftovers
|turn|9
|c|âBanette is life|lmao
|c|âBanette is life|this dude doesnt know the power of defensive mence
|
|switch|p2a: Hydreigon|Hydreigon, F|325\/325
|-damage|p2a: Hydreigon|285\/325|[from] Stealth Rock
|move|p1a: Salamence|Toxic|p2a: Hydreigon
|-status|p2a: Hydreigon|tox
|
|-damage|p2a: Hydreigon|265\/325 tox|[from] psn
|turn|10
|
|switch|p1a: Umbreon|Umbreon, M|394\/394
|-damage|p1a: Umbreon|329\/394|[from] Spikes
|move|p2a: Hydreigon|Draco Meteor|p1a: Umbreon
|-damage|p1a: Umbreon|129\/394
|-unboost|p2a: Hydreigon|spa|2
|-damage|p2a: Hydreigon|233\/325 tox|[from] item: Life Orb
|
|-heal|p1a: Umbreon|153\/394|[from] item: Leftovers
|-damage|p2a: Hydreigon|193\/325 tox|[from] psn
|turn|11
|
|move|p1a: Umbreon|Protect|p1a: Umbreon
|-singleturn|p1a: Umbreon|Protect
|move|p2a: Hydreigon|Iron Tail|p1a: Umbreon
|-activate|p1a: Umbreon|Protect
|
|-heal|p1a: Umbreon|177\/394|[from] item: Leftovers
|-damage|p2a: Hydreigon|133\/325 tox|[from] psn
|turn|12
|
|switch|p2a: Raikou|Raikou|322\/322
|-damage|p2a: Raikou|282\/322|[from] Stealth Rock
|-ability|p2a: Raikou|Pressure
|move|p1a: Umbreon|Wish|p1a: Umbreon
|
|-heal|p1a: Umbreon|201\/394|[from] item: Leftovers
|turn|13
|leave|DictatorOfArizona
|
|switch|p2a: Zygarde|Zygarde|358\/358
|-damage|p2a: Zygarde|336\/358|[from] Stealth Rock
|-ability|p2a: Zygarde|Aura Break
|move|p1a: Umbreon|Foul Play|p2a: Zygarde
|-damage|p2a: Zygarde|212\/358
|
|-heal|p1a: Umbreon|394\/394|[from] move: Wish|[wisher] Umbreon
|turn|14
|
|switch|p2a: Chesnaught|Chesnaught, M|183\/380
|-damage|p2a: Chesnaught|160\/380|[from] Stealth Rock
|move|p1a: Umbreon|Wish|p1a: Umbreon
|
|-heal|p2a: Chesnaught|183\/380|[from] item: Leftovers
|turn|15
|
|switch|p1a: Salamence|Salamence, M|393\/393
|-ability|p1a: Salamence|Intimidate|[of] p2a: Chesnaught
|-unboost|p2a: Chesnaught|atk|1
|move|p2a: Chesnaught|Leech Seed|p1a: Salamence
|-start|p1a: Salamence|move: Leech Seed
|
|-heal|p2a: Chesnaught|206\/380|[from] item: Leftovers
|-damage|p1a: Salamence|344\/393|[from] Leech Seed|[of] p2a: Chesnaught
|-heal|p2a: Chesnaught|255\/380|[silent]
|turn|16
|
|move|p2a: Chesnaught|Spiky Shield|p2a: Chesnaught
|-singleturn|p2a: Chesnaught|move: Protect
|move|p1a: Salamence|Defog|p2a: Chesnaught
|-activate|p2a: Chesnaught|move: Protect
|
|-heal|p1a: Salamence|368\/393|[from] item: Leftovers
|-heal|p2a: Chesnaught|278\/380|[from] item: Leftovers
|-damage|p1a: Salamence|319\/393|[from] Leech Seed|[of] p2a: Chesnaught
|-heal|p2a: Chesnaught|327\/380|[silent]
|turn|17
|
|switch|p2a: Hydreigon|Hydreigon, F|133\/325 tox
|-damage|p2a: Hydreigon|93\/325 tox|[from] Stealth Rock
|move|p1a: Salamence|Toxic|p2a: Hydreigon
|-fail|p2a: Hydreigon|tox
|
|-heal|p1a: Salamence|343\/393|[from] item: Leftovers
|-damage|p1a: Salamence|294\/393|[from] Leech Seed|[of] p2a: Hydreigon
|-heal|p2a: Hydreigon|142\/325 tox|[silent]
|-damage|p2a: Hydreigon|122\/325 tox|[from] psn
|turn|18
|
|switch|p1a: Jirachi|Jirachi|404\/404
|-damage|p1a: Jirachi|337\/404|[from] Spikes
|move|p2a: Hydreigon|Roost|p2a: Hydreigon
|-heal|p2a: Hydreigon|285\/325 tox
|
|-heal|p1a: Jirachi|362\/404|[from] item: Leftovers
|-damage|p2a: Hydreigon|245\/325 tox|[from] psn
|turn|19
|
|switch|p1a: Umbreon|Umbreon, M|394\/394
|-damage|p1a: Umbreon|329\/394|[from] Spikes
|move|p2a: Hydreigon|Dark Pulse|p1a: Umbreon
|-resisted|p1a: Umbreon
|-damage|p1a: Umbreon|269\/394
|-damage|p2a: Hydreigon|213\/325 tox|[from] item: Life Orb
|
|-heal|p1a: Umbreon|293\/394|[from] item: Leftovers
|-damage|p2a: Hydreigon|153\/325 tox|[from] psn
|turn|20
|leave|Lum_Beri
|
|switch|p2a: Aerodactyl|Aerodactyl-Mega, M|301\/301
|-damage|p2a: Aerodactyl|226\/301|[from] Stealth Rock
|move|p1a: Umbreon|Wish|p1a: Umbreon
|
|-heal|p1a: Umbreon|317\/394|[from] item: Leftovers
|turn|21
|
|move|p2a: Aerodactyl|Stone Edge|p1a: Umbreon
|-damage|p1a: Umbreon|176\/394
|move|p1a: Umbreon|Foul Play|p2a: Aerodactyl
|-damage|p2a: Aerodactyl|36\/301
|
|-heal|p1a: Umbreon|373\/394|[from] move: Wish|[wisher] Umbreon
|-heal|p1a: Umbreon|394\/394|[from] item: Leftovers
|turn|22
|c|âBanette is life|hurt
|
|move|p2a: Aerodactyl|Taunt|p1a: Umbreon
|-start|p1a: Umbreon|move: Taunt
|move|p1a: Umbreon|Foul Play|p2a: Aerodactyl
|-damage|p2a: Aerodactyl|0 fnt
|faint|p2a: Aerodactyl
|
|
|switch|p2a: Chesnaught|Chesnaught, M|327\/380
|-damage|p2a: Chesnaught|304\/380|[from] Stealth Rock
|turn|23
|
|switch|p1a: Salamence|Salamence, M|294\/393
|-ability|p1a: Salamence|Intimidate|[of] p2a: Chesnaught
|-unboost|p2a: Chesnaught|atk|1
|move|p2a: Chesnaught|Spikes|p1a: Salamence
|-sidestart|p1: Banette is life|Spikes
|
|-heal|p1a: Salamence|318\/393|[from] item: Leftovers
|-heal|p2a: Chesnaught|327\/380|[from] item: Leftovers
|turn|24
|
|move|p2a: Chesnaught|Spiky Shield|p2a: Chesnaught
|-singleturn|p2a: Chesnaught|move: Protect
|move|p1a: Salamence|Defog|p2a: Chesnaught
|-activate|p2a: Chesnaught|move: Protect
|
|-heal|p1a: Salamence|342\/393|[from] item: Leftovers
|-heal|p2a: Chesnaught|350\/380|[from] item: Leftovers
|turn|25
|
|switch|p2a: Hydreigon|Hydreigon, F|153\/325 tox
|-damage|p2a: Hydreigon|113\/325 tox|[from] Stealth Rock
|move|p1a: Salamence|Defog|p2a: Hydreigon
|-unboost|p2a: Hydreigon|evasion|1
|-sideend|p2: DragonzaEX|Stealth Rock|[from] move: Defog|[of] p2a: Hydreigon
|-sideend|p1: Banette is life|Spikes|[from] move: Defog|[of] p1a: Salamence
|
|-heal|p1a: Salamence|366\/393|[from] item: Leftovers
|-damage|p2a: Hydreigon|93\/325 tox|[from] psn
|turn|26
|
|move|p2a: Hydreigon|Draco Meteor|p1a: Salamence
|-supereffective|p1a: Salamence
|-damage|p1a: Salamence|0 fnt
|-unboost|p2a: Hydreigon|spa|2
|-damage|p2a: Hydreigon|61\/325 tox|[from] item: Life Orb
|faint|p1a: Salamence
|
|-damage|p2a: Hydreigon|21\/325 tox|[from] psn
|
|switch|p1a: Lopunny|Lopunny, F|271\/271
|turn|27
|
|detailschange|p1a: Lopunny|Lopunny-Mega, F
|message|Lopunny has Mega Evolved into Mega Lopunny!
|move|p1a: Lopunny|Power-Up Punch|p2a: Hydreigon
|-supereffective|p2a: Hydreigon
|-damage|p2a: Hydreigon|0 fnt
|-boost|p1a: Lopunny|atk|1
|faint|p2a: Hydreigon
|
|
|switch|p2a: Chesnaught|Chesnaught, M|350\/380
|turn|28
|
|move|p1a: Lopunny|Substitute|p1a: Lopunny
|-start|p1a: Lopunny|Substitute
|-damage|p1a: Lopunny|204\/271
|move|p2a: Chesnaught|Leech Seed|p1a: Lopunny
|
|-heal|p2a: Chesnaught|373\/380|[from] item: Leftovers
|turn|29
|-message|DragonzaEX forfeited.
|c|âBanette is life|lmfao
|
|win|Banette is life
|raw|Ladder updating...
|leave|DragonzaEX
|player|p2
|raw|Banette is life's rating: 1365 &rarr; <strong>1375<\/strong><br \/>(+10 for winning)
|raw|DragonzaEX's rating: 1173 &rarr; <strong>1161<\/strong><br \/>(-12 for losing)
|c|âBanette is life|sub mega lop is so OP