|join|Banette is life
|join|jorgemoreng
|player|p1|Banette is life|163
|player|p2|jorgemoreng|165
|gametype|singles
|gen|6
|tier|UU
|rated
|rule|Sleep Clause Mod: Limit one foe put to sleep
|rule|Species Clause: Limit one of each PokÃ©mon
|rule|OHKO Clause: OHKO moves are banned
|rule|Moody Clause: Moody is banned
|rule|Evasion Moves Clause: Evasion moves are banned
|rule|Endless Battle Clause: Forcing endless battles is banned
|rule|HP Percentage Mod: HP is shown in percentages
|clearpoke
|poke|p1|Aggron, F
|poke|p1|Trevenant, F
|poke|p1|Tentacruel, F
|poke|p1|Fletchinder, M
|poke|p1|Porygon-Z
|poke|p1|Mienshao, M
|poke|p2|Arcanine, M
|poke|p2|Porygon2
|poke|p2|Blastoise, M
|poke|p2|Crobat, M
|poke|p2|Mienshao, M
|poke|p2|Swampert, M
|rule|Swagger Clause: Swagger is banned
|rule|Baton Pass Clause: Limit one PokÃ©mon knowing Baton Pass
|teampreview
|
|start
|switch|p1a: Mienshao|Mienshao, M|271\/271
|switch|p2a: Blastoise|Blastoise, M|362\/362
|turn|1
|
|detailschange|p2a: Blastoise|Blastoise-Mega, M
|message|Blastoise has Mega Evolved into Mega Blastoise!
|move|p1a: Mienshao|U-turn|p2a: Blastoise
|-damage|p2a: Blastoise|308\/362
|
|switch|p1a: Trevenant|Trevenant, F|374\/374
|move|p2a: Blastoise|Scald|p1a: Trevenant
|-resisted|p1a: Trevenant
|-damage|p1a: Trevenant|306\/374
|
|turn|2
|
|switch|p2a: Crobat|Crobat, M|374\/374
|move|p1a: Trevenant|Leech Seed|p2a: Crobat
|-start|p2a: Crobat|move: Leech Seed
|
|-damage|p2a: Crobat|328\/374|[from] Leech Seed|[of] p1a: Trevenant
|-heal|p1a: Trevenant|352\/374|[silent]
|turn|3
|
|switch|p1a: Aggron|Aggron, F|344\/344
|move|p2a: Crobat|Brave Bird|p1a: Aggron
|-resisted|p1a: Aggron
|-damage|p1a: Aggron|315\/344
|-damage|p2a: Crobat|318\/374|[from] recoil|[of] p1a: Aggron
|
|-heal|p2a: Crobat|341\/374|[from] item: Black Sludge
|-damage|p2a: Crobat|295\/374|[from] Leech Seed|[of] p1a: Aggron
|-heal|p1a: Aggron|344\/344|[silent]
|turn|4
|
|switch|p2a: Arcanine|Arcanine, M|322\/322
|-ability|p2a: Arcanine|Intimidate|[of] p1a: Aggron
|-unboost|p1a: Aggron|atk|1
|detailschange|p1a: Aggron|Aggron-Mega, F
|message|Aggron has Mega Evolved into Mega Aggron!
|move|p1a: Aggron|Heavy Slam|p2a: Arcanine
|-resisted|p2a: Arcanine
|-damage|p2a: Arcanine|283\/322
|
|turn|5
|
|move|p2a: Arcanine|Flare Blitz|p1a: Aggron
|-supereffective|p1a: Aggron
|-damage|p1a: Aggron|187\/344
|-damage|p2a: Arcanine|231\/322|[from] recoil|[of] p1a: Aggron
|move|p1a: Aggron|Curse|p1a: Aggron
|-boost|p1a: Aggron|atk|1
|-boost|p1a: Aggron|def|1
|-unboost|p1a: Aggron|spe|1
|
|turn|6
|
|move|p2a: Arcanine|Close Combat|p1a: Aggron
|-supereffective|p1a: Aggron
|-damage|p1a: Aggron|117\/344
|-unboost|p2a: Arcanine|def|1
|-unboost|p2a: Arcanine|spd|1
|move|p1a: Aggron|Rest|p1a: Aggron
|-status|p1a: Aggron|slp
|-heal|p1a: Aggron|344\/344 slp|[silent]
|-status|p1a: Aggron|slp|[from] move: Rest
|
|turn|7
|
|switch|p2a: Blastoise|Blastoise-Mega, M|308\/362
|cant|p1a: Aggron|slp
|move|p1a: Aggron|Sleep Talk|p1a: Aggron
|move|p1a: Aggron|Rest|p1a: Aggron|[from]Sleep Talk
|-fail|p1a: Aggron
|
|turn|8
|
|move|p2a: Blastoise|Aura Sphere|p1a: Aggron
|-supereffective|p1a: Aggron
|-damage|p1a: Aggron|200\/344 slp
|cant|p1a: Aggron|slp
|move|p1a: Aggron|Sleep Talk|p1a: Aggron
|move|p1a: Aggron|Curse|p1a: Aggron|[from]Sleep Talk
|-boost|p1a: Aggron|atk|1
|-boost|p1a: Aggron|def|1
|-unboost|p1a: Aggron|spe|1
|
|turn|9
|
|switch|p1a: Trevenant|Trevenant, F|352\/374
|move|p2a: Blastoise|Aura Sphere|p1a: Trevenant
|-immune|p1a: Trevenant|[msg]
|
|turn|10
|
|move|p2a: Blastoise|Ice Beam|p1a: Trevenant
|-supereffective|p1a: Trevenant
|-damage|p1a: Trevenant|152\/374
|move|p1a: Trevenant|Leech Seed|p2a: Blastoise
|-start|p2a: Blastoise|move: Leech Seed
|
|-damage|p2a: Blastoise|263\/362|[from] Leech Seed|[of] p1a: Trevenant
|-heal|p1a: Trevenant|197\/374|[silent]
|turn|11
|
|switch|p2a: Arcanine|Arcanine, M|231\/322
|-ability|p2a: Arcanine|Intimidate|[of] p1a: Trevenant
|-unboost|p1a: Trevenant|atk|1
|switch|p1a: Aggron|Aggron-Mega, F|200\/344 slp
|
|turn|12
|
|move|p2a: Arcanine|Flare Blitz|p1a: Aggron
|-crit|p1a: Aggron
|-supereffective|p1a: Aggron
|-damage|p1a: Aggron|0 fnt
|-damage|p2a: Arcanine|165\/322|[from] recoil|[of] p1a: Aggron
|faint|p1a: Aggron
|
|c|âBanette is life|...
|
|switch|p1a: Porygon-Z|Porygon-Z|311\/311
|turn|13
|
|move|p1a: Porygon-Z|Tri Attack|p2a: Arcanine
|-damage|p2a: Arcanine|0 fnt
|faint|p2a: Arcanine
|
|
|switch|p2a: Porygon2|Porygon2|312\/312
|-ability|p2a: Porygon2|Adaptability|[from] ability: Trace|[of] p1a: Porygon-Z
|turn|14
|
|switch|p1a: Trevenant|Trevenant, F|197\/374
|move|p2a: Porygon2|Tri Attack|p1a: Trevenant
|-immune|p1a: Trevenant|[msg]
|
|turn|15
|
|move|p2a: Porygon2|Toxic|p1a: Trevenant
|-status|p1a: Trevenant|tox
|move|p1a: Trevenant|Leech Seed|p2a: Porygon2
|-start|p2a: Porygon2|move: Leech Seed
|
|-damage|p2a: Porygon2|273\/312|[from] Leech Seed|[of] p1a: Trevenant
|-heal|p1a: Trevenant|236\/374 tox|[silent]
|-damage|p1a: Trevenant|213\/374 tox|[from] psn
|turn|16
|
|switch|p2a: Crobat|Crobat, M|295\/374
|move|p1a: Trevenant|Rest|p1a: Trevenant
|-status|p1a: Trevenant|slp
|-heal|p1a: Trevenant|374\/374 slp|[silent]
|-status|p1a: Trevenant|slp|[from] move: Rest
|-enditem|p1a: Trevenant|Chesto Berry|[eat]
|-curestatus|p1a: Trevenant|slp
|
|-heal|p2a: Crobat|318\/374|[from] item: Black Sludge
|-item|p1a: Trevenant|Chesto Berry|[from] ability: Harvest
|turn|17
|
|switch|p1a: Tentacruel|Tentacruel, F|364\/364
|move|p2a: Crobat|Brave Bird|p1a: Tentacruel
|-damage|p1a: Tentacruel|93\/364
|-damage|p2a: Crobat|229\/374|[from] recoil|[of] p1a: Tentacruel
|
|-heal|p2a: Crobat|252\/374|[from] item: Black Sludge
|-heal|p1a: Tentacruel|115\/364|[from] item: Black Sludge
|turn|18
|
|move|p2a: Crobat|Brave Bird|p1a: Tentacruel
|-damage|p1a: Tentacruel|0 fnt
|-damage|p2a: Crobat|214\/374|[from] recoil|[of] p1a: Tentacruel
|faint|p1a: Tentacruel
|
|-heal|p2a: Crobat|237\/374|[from] item: Black Sludge
|
|switch|p1a: Mienshao|Mienshao, M|271\/271
|turn|19
|
|move|p1a: Mienshao|Stone Edge|p2a: Crobat
|-supereffective|p2a: Crobat
|-damage|p2a: Crobat|0 fnt
|faint|p2a: Crobat
|
|
|switch|p2a: Swampert|Swampert, M|341\/341
|turn|20
|
|switch|p1a: Trevenant|Trevenant, F|374\/374
|move|p2a: Swampert|Stealth Rock|p1a: Trevenant
|-sidestart|p1: Banette is life|move: Stealth Rock
|
|turn|21
|
|move|p2a: Swampert|Ice Punch|p1a: Trevenant
|-supereffective|p1a: Trevenant
|-damage|p1a: Trevenant|262\/374
|move|p1a: Trevenant|Leech Seed|p2a: Swampert
|-start|p2a: Swampert|move: Leech Seed
|
|-damage|p2a: Swampert|299\/341|[from] Leech Seed|[of] p1a: Trevenant
|-heal|p1a: Trevenant|304\/374|[silent]
|turn|22
|
|switch|p2a: Porygon2|Porygon2|273\/312
|-ability|p2a: Porygon2|Harvest|[from] ability: Trace|[of] p1a: Trevenant
|move|p1a: Trevenant|Will-O-Wisp|p2a: Porygon2|[miss]
|-miss|p1a: Trevenant|p2a: Porygon2
|
|turn|23
|
|move|p2a: Porygon2|Ice Beam|p1a: Trevenant
|-supereffective|p1a: Trevenant
|-damage|p1a: Trevenant|134\/374
|move|p1a: Trevenant|Leech Seed|p2a: Porygon2
|-start|p2a: Porygon2|move: Leech Seed
|
|-damage|p2a: Porygon2|234\/312|[from] Leech Seed|[of] p1a: Trevenant
|-heal|p1a: Trevenant|173\/374|[silent]
|turn|24
|
|move|p2a: Porygon2|Ice Beam|p1a: Trevenant
|-crit|p1a: Trevenant
|-supereffective|p1a: Trevenant
|-damage|p1a: Trevenant|0 fnt
|faint|p1a: Trevenant
|
|c|âBanette is life|THATS MY FUCKING LUCK
|
|switch|p1a: Mienshao|Mienshao, M|271\/271
|-damage|p1a: Mienshao|255\/271|[from] Stealth Rock
|turn|25
|c|âjorgemoreng|hahaha
|c|âBanette is life|fuck you
|
|move|p1a: Mienshao|High Jump Kick|p2a: Porygon2
|-supereffective|p2a: Porygon2
|-damage|p2a: Porygon2|0 fnt
|faint|p2a: Porygon2
|
|
|switch|p2a: Mienshao|Mienshao, M|271\/271
|turn|26
|
|move|p1a: Mienshao|High Jump Kick|p2a: Mienshao
|-enditem|p2a: Mienshao|Focus Sash
|-damage|p2a: Mienshao|1\/271
|move|p2a: Mienshao|High Jump Kick|p1a: Mienshao
|-damage|p1a: Mienshao|0 fnt
|faint|p1a: Mienshao
|
|
|switch|p1a: Fletchinder|Fletchinder, M|291\/291
|-damage|p1a: Fletchinder|146\/291|[from] Stealth Rock
|turn|27
|
|move|p1a: Fletchinder|Acrobatics|p2a: Mienshao
|-supereffective|p2a: Mienshao
|-damage|p2a: Mienshao|0 fnt
|faint|p2a: Mienshao
|
|
|switch|p2a: Swampert|Swampert, M|299\/341
|turn|28
|
|move|p1a: Fletchinder|Acrobatics|p2a: Swampert
|-damage|p2a: Swampert|163\/341
|move|p2a: Swampert|Waterfall|p1a: Fletchinder
|-supereffective|p1a: Fletchinder
|-damage|p1a: Fletchinder|0 fnt
|faint|p1a: Fletchinder
|
|-heal|p2a: Swampert|184\/341|[from] item: Leftovers
|
|switch|p1a: Porygon-Z|Porygon-Z|311\/311
|-damage|p1a: Porygon-Z|273\/311|[from] Stealth Rock
|turn|29
|
|move|p1a: Porygon-Z|Tri Attack|p2a: Swampert
|-damage|p2a: Swampert|0 fnt
|faint|p2a: Swampert
|
|
|switch|p2a: Blastoise|Blastoise-Mega, M|263\/362
|turn|30
|
|move|p1a: Porygon-Z|Tri Attack|p2a: Blastoise
|-crit|p2a: Blastoise
|-damage|p2a: Blastoise|0 fnt
|faint|p2a: Blastoise
|
|win|Banette is life
|raw|Ladder updating...
|leave|jorgemoreng
|player|p2
|c|âBanette is life|thats what you get bitch
|raw|Banette is life's rating: 1176 &rarr; <strong>1196<\/strong><br \/>(+20 for winning)
|raw|jorgemoreng's rating: 1106 &rarr; <strong>1086<\/strong><br \/>(-20 for losing)