|join|Banette is life
|join|CAG
|player|p1|Banette is life|163
|player|p2|CAG|170
|gametype|singles
|gen|6
|tier|UU
|rated
|rule|Sleep Clause Mod: Limit one foe put to sleep
|rule|Species Clause: Limit one of each PokÃ©mon
|rule|OHKO Clause: OHKO moves are banned
|rule|Moody Clause: Moody is banned
|rule|Evasion Moves Clause: Evasion moves are banned
|rule|Endless Battle Clause: Forcing endless battles is banned
|rule|HP Percentage Mod: HP is shown in percentages
|clearpoke
|poke|p1|Aggron, F
|poke|p1|Trevenant, F
|poke|p1|Blastoise, M
|poke|p1|Fletchinder, M
|poke|p1|Porygon-Z
|poke|p1|Mienshao, F
|poke|p2|Chandelure, F
|poke|p2|Machamp, F
|poke|p2|Galvantula, F
|poke|p2|Suicune
|poke|p2|Flygon, F
|poke|p2|Empoleon, M
|rule|Swagger Clause: Swagger is banned
|rule|Baton Pass Clause: Limit one PokÃ©mon knowing Baton Pass
|teampreview
|
|start
|switch|p1a: Nice and Harvest|Trevenant, F|374\/374
|switch|p2a: Suicune|Suicune|404\/404
|-ability|p2a: Suicune|Pressure
|turn|1
|
|switch|p2a: Chandelure|Chandelure, F|261\/261
|move|p1a: Nice and Harvest|Leech Seed|p2a: Chandelure
|-start|p2a: Chandelure|move: Leech Seed
|
|-damage|p2a: Chandelure|229\/261|[from] Leech Seed|[of] p1a: Nice and Harvest
|turn|2
|
|switch|p1a: 'Buster|Blastoise, M|362\/362
|move|p2a: Chandelure|Overheat|p1a: 'Buster
|-resisted|p1a: 'Buster
|-damage|p1a: 'Buster|173\/362
|-unboost|p2a: Chandelure|spa|2
|
|-heal|p1a: 'Buster|195\/362|[from] item: Leftovers
|-damage|p2a: Chandelure|197\/261|[from] Leech Seed|[of] p1a: 'Buster
|-heal|p1a: 'Buster|227\/362|[silent]
|turn|3
|
|switch|p2a: Galvantula|Galvantula, F|281\/281
|switch|p1a: Nice and Harvest|Trevenant, F|374\/374
|
|turn|4
|
|move|p2a: Galvantula|Thunder|p1a: Nice and Harvest
|-resisted|p1a: Nice and Harvest
|-damage|p1a: Nice and Harvest|287\/374
|move|p1a: Nice and Harvest|Leech Seed|p2a: Galvantula
|-start|p2a: Galvantula|move: Leech Seed
|
|-damage|p2a: Galvantula|246\/281|[from] Leech Seed|[of] p1a: Nice and Harvest
|-heal|p1a: Nice and Harvest|322\/374|[silent]
|turn|5
|
|move|p2a: Galvantula|Bug Buzz|p1a: Nice and Harvest
|-damage|p1a: Nice and Harvest|180\/374
|move|p1a: Nice and Harvest|Will-O-Wisp|p2a: Galvantula
|-status|p2a: Galvantula|brn
|
|-damage|p2a: Galvantula|211\/281 brn|[from] Leech Seed|[of] p1a: Nice and Harvest
|-heal|p1a: Nice and Harvest|215\/374|[silent]
|-damage|p2a: Galvantula|176\/281 brn|[from] brn
|turn|6
|
|switch|p2a: Chandelure|Chandelure, F|197\/261
|move|p1a: Nice and Harvest|Rest|p1a: Nice and Harvest
|-status|p1a: Nice and Harvest|slp
|-heal|p1a: Nice and Harvest|374\/374 slp|[silent]
|-status|p1a: Nice and Harvest|slp|[from] move: Rest
|-enditem|p1a: Nice and Harvest|Chesto Berry|[eat]
|-curestatus|p1a: Nice and Harvest|slp
|
|-item|p1a: Nice and Harvest|Chesto Berry|[from] ability: Harvest
|turn|7
|
|switch|p1a: 'Buster|Blastoise, M|227\/362
|move|p2a: Chandelure|Shadow Ball|p1a: 'Buster
|-damage|p1a: 'Buster|0 fnt
|faint|p1a: 'Buster
|
|
|switch|p1a: Desolation|Porygon-Z|311\/311
|turn|8
|
|switch|p2a: Empoleon|Empoleon, M|372\/372
|move|p1a: Desolation|Tri Attack|p2a: Empoleon
|-resisted|p2a: Empoleon
|-damage|p2a: Empoleon|259\/372
|
|-heal|p2a: Empoleon|282\/372|[from] item: Leftovers
|turn|9
|
|switch|p1a: Taomon|Mienshao, F|271\/271
|move|p2a: Empoleon|Stealth Rock|p1a: Taomon
|-sidestart|p1: Banette is life|move: Stealth Rock
|
|-heal|p2a: Empoleon|305\/372|[from] item: Leftovers
|turn|10
|
|move|p1a: Taomon|High Jump Kick|p2a: Empoleon
|-supereffective|p2a: Empoleon
|-damage|p2a: Empoleon|0 fnt
|faint|p2a: Empoleon
|
|
|switch|p2a: Chandelure|Chandelure, F|197\/261
|turn|11
|
|switch|p1a: BulkBiotch|Aggron, F|344\/344
|-damage|p1a: BulkBiotch|323\/344|[from] Stealth Rock
|move|p2a: Chandelure|Overheat|p1a: BulkBiotch
|-damage|p1a: BulkBiotch|0 fnt
|-unboost|p2a: Chandelure|spa|2
|faint|p1a: BulkBiotch
|
|
|switch|p1a: 'Lil Bro|Fletchinder, M|291\/291
|-damage|p1a: 'Lil Bro|146\/291|[from] Stealth Rock
|turn|12
|
|switch|p2a: Galvantula|Galvantula, F|176\/281 brn
|move|p1a: 'Lil Bro|Acrobatics|p2a: Galvantula
|-damage|p2a: Galvantula|0 fnt
|faint|p2a: Galvantula
|
|
|switch|p2a: Suicune|Suicune|404\/404
|-ability|p2a: Suicune|Pressure
|turn|13
|
|move|p1a: 'Lil Bro|Swords Dance|p1a: 'Lil Bro
|-boost|p1a: 'Lil Bro|atk|2
|move|p2a: Suicune|Calm Mind|p2a: Suicune
|-boost|p2a: Suicune|spa|1
|-boost|p2a: Suicune|spd|1
|
|turn|14
|
|move|p1a: 'Lil Bro|Acrobatics|p2a: Suicune
|-damage|p2a: Suicune|226\/404
|move|p2a: Suicune|Scald|p1a: 'Lil Bro
|-supereffective|p1a: 'Lil Bro
|-damage|p1a: 'Lil Bro|0 fnt
|faint|p1a: 'Lil Bro
|
|-heal|p2a: Suicune|251\/404|[from] item: Leftovers
|
|switch|p1a: Desolation|Porygon-Z|311\/311
|-damage|p1a: Desolation|273\/311|[from] Stealth Rock
|turn|15
|
|move|p1a: Desolation|Tri Attack|p2a: Suicune
|-damage|p2a: Suicune|55\/404
|move|p2a: Suicune|Scald|p1a: Desolation
|-crit|p1a: Desolation
|-damage|p1a: Desolation|24\/311
|
|-heal|p2a: Suicune|80\/404|[from] item: Leftovers
|turn|16
|
|switch|p1a: Taomon|Mienshao, F|271\/271
|-damage|p1a: Taomon|255\/271|[from] Stealth Rock
|switch|p2a: Chandelure|Chandelure, F|197\/261
|
|turn|17
|
|move|p1a: Taomon|Stone Edge|p2a: Chandelure
|-supereffective|p2a: Chandelure
|-damage|p2a: Chandelure|0 fnt
|faint|p2a: Chandelure
|
|
|switch|p2a: Flygon|Flygon, F|301\/301
|turn|18
|
|switch|p1a: Desolation|Porygon-Z|24\/311
|-damage|p1a: Desolation|0 fnt|[from] Stealth Rock
|faint|p1a: Desolation
|move|p2a: Flygon|Fire Punch|p1: Desolation|[notarget]
|-notarget
|
|
|switch|p1a: Taomon|Mienshao, F|255\/271
|-damage|p1a: Taomon|239\/271|[from] Stealth Rock
|turn|19
|
|switch|p2a: Suicune|Suicune|80\/404
|-ability|p2a: Suicune|Pressure
|move|p1a: Taomon|High Jump Kick|p2a: Suicune
|-damage|p2a: Suicune|0 fnt
|faint|p2a: Suicune
|
|
|switch|p2a: Flygon|Flygon, F|301\/301
|turn|20
|
|move|p1a: Taomon|High Jump Kick|p2a: Flygon
|-damage|p2a: Flygon|0 fnt
|faint|p2a: Flygon
|
|
|switch|p2a: Machamp|Machamp, F|322\/322
|turn|21
|
|move|p1a: Taomon|High Jump Kick|p2a: Machamp
|-damage|p2a: Machamp|6\/322
|move|p2a: Machamp|Knock Off|p1a: Taomon
|-resisted|p1a: Taomon
|-damage|p1a: Taomon|142\/271
|-enditem|p1a: Taomon|Choice Scarf|[from] move: Knock Off|[of] p2a: Machamp
|
|turn|22
|c|âBanette is life|gg
|
|move|p1a: Taomon|Poison Jab|p2a: Machamp
|-damage|p2a: Machamp|0 fnt
|faint|p2a: Machamp
|
|win|Banette is life
|raw|Ladder updating...
|leave|CAG
|player|p2
|raw|Banette is life's rating: 1390 &rarr; <strong>1411<\/strong><br \/>(+21 for winning)
|raw|CAG's rating: 1414 &rarr; <strong>1392<\/strong><br \/>(-22 for losing)