|join|Banette is life
|join|Disjunction
|player|p1|Banette is life|170
|player|p2|Disjunction|259
|gametype|singles
|gen|6
|tier|UU
|rated
|rule|Sleep Clause Mod: Limit one foe put to sleep
|rule|Species Clause: Limit one of each PokÃ©mon
|rule|OHKO Clause: OHKO moves are banned
|rule|Moody Clause: Moody is banned
|rule|Evasion Moves Clause: Evasion moves are banned
|rule|Endless Battle Clause: Forcing endless battles is banned
|rule|HP Percentage Mod: HP is shown in percentages
|clearpoke
|poke|p1|Medicham, M
|poke|p1|Donphan, M
|poke|p1|Lanturn, F
|poke|p1|Roserade, F
|poke|p1|Slurpuff, M
|poke|p1|Hydreigon, F
|poke|p2|Nidoqueen, F
|poke|p2|Starmie
|poke|p2|Pidgeot, M
|poke|p2|Infernape, M
|poke|p2|Porygon-Z
|poke|p2|Hydreigon, F
|rule|Swagger Clause: Swagger is banned
|rule|Baton Pass Clause: Limit one PokÃ©mon knowing Baton Pass
|teampreview
|c|âDisjunction|gl hf
|
|start
|switch|p1a: Fck Gallade|Medicham, M|261\/261
|switch|p2a: Pidgeot|Pidgeot, M|307\/307
|turn|1
|c|âBanette is life|u2
|
|detailschange|p2a: Pidgeot|Pidgeot-Mega, M
|-mega|p2a: Pidgeot|Pidgeot|Pidgeotite
|detailschange|p1a: Fck Gallade|Medicham-Mega, M
|-mega|p1a: Fck Gallade|Medicham|Medichamite
|move|p1a: Fck Gallade|Fake Out|p2a: Pidgeot
|-damage|p2a: Pidgeot|211\/307
|cant|p2a: Pidgeot|flinch
|
|turn|2
|
|switch|p2a: Nidoqueen|Nidoqueen, F|353\/353
|switch|p1a: Lure|Lanturn, F|453\/453
|
|turn|3
|
|switch|p1a: Fck Gallade|Medicham-Mega, M|261\/261
|move|p2a: Nidoqueen|Ice Beam|p1a: Fck Gallade
|-damage|p1a: Fck Gallade|104\/261
|
|turn|4
|
|switch|p2a: Starmie|Starmie|261\/261
|move|p1a: Fck Gallade|Fake Out|p2a: Starmie
|-damage|p2a: Starmie|175\/261
|
|turn|5
|
|switch|p1a: MF Drag Mag|Hydreigon, F|325\/325
|move|p2a: Starmie|Ice Beam|p1a: MF Drag Mag
|-supereffective|p1a: MF Drag Mag
|-damage|p1a: MF Drag Mag|0 fnt
|-damage|p2a: Starmie|149\/261|[from] item: Life Orb
|faint|p1a: MF Drag Mag
|
|c|âBanette is life|....
|c|âBanette is life|clicked the wrong mon
|
|switch|p1a: Silent&Deadly|Slurpuff, M|324\/324
|turn|6
|
|move|p2a: Starmie|Psyshock|p1a: Silent&Deadly
|-damage|p1a: Silent&Deadly|149\/324
|-damage|p2a: Starmie|123\/261|[from] item: Life Orb
|-enditem|p1a: Silent&Deadly|Sitrus Berry|[eat]
|-heal|p1a: Silent&Deadly|230\/324|[from] item: Sitrus Berry
|move|p1a: Silent&Deadly|Belly Drum|p1a: Silent&Deadly
|-damage|p1a: Silent&Deadly|68\/324
|-setboost|p1a: Silent&Deadly|atk|6|[from] move: Belly Drum
|
|turn|7
|
|move|p1a: Silent&Deadly|Return|p2a: Starmie
|-damage|p2a: Starmie|0 fnt
|faint|p2a: Starmie
|
|
|switch|p2a: Infernape|Infernape, M|293\/293
|turn|8
|
|move|p2a: Infernape|Mach Punch|p1a: Silent&Deadly
|-resisted|p1a: Silent&Deadly
|-damage|p1a: Silent&Deadly|14\/324
|move|p1a: Silent&Deadly|Drain Punch|p2a: Infernape
|-damage|p2a: Infernape|0 fnt
|-heal|p1a: Silent&Deadly|161\/324|[from] drain|[of] p2a: Infernape
|faint|p2a: Infernape
|
|-message|Disjunction forfeited.
|
|win|Banette is life
|raw|Ladder updating...
|leave|Disjunction
|player|p2
|raw|Banette is life's rating: 1460 &rarr; <strong>1474<\/strong><br \/>(+14 for winning)
|raw|Disjunction's rating: 1364 &rarr; <strong>1350<\/strong><br \/>(-14 for losing)
|c|âBanette is life|get rekt