|join|Aggron
|join|Banette is life
|c|âAggron|hf
|player|p1|Aggron|17
|player|p2|Banette is life|265
|gametype|singles
|gen|6
|tier|UU
|rated
|rule|Sleep Clause Mod: Limit one foe put to sleep
|rule|Species Clause: Limit one of each PokÃ©mon
|rule|OHKO Clause: OHKO moves are banned
|rule|Moody Clause: Moody is banned
|rule|Evasion Moves Clause: Evasion moves are banned
|rule|Endless Battle Clause: Forcing endless battles is banned
|rule|HP Percentage Mod: HP is shown in percentages
|clearpoke
|poke|p1|Darmanitan, M
|poke|p1|Roserade, F
|poke|p1|Blastoise, M
|poke|p1|Rhyperior, M
|poke|p1|Scrafty, M
|poke|p1|Crobat, M
|poke|p2|Aerodactyl, M
|poke|p2|Vaporeon, F
|poke|p2|Donphan, M
|poke|p2|Shaymin
|poke|p2|Rotom-Heat
|poke|p2|Jirachi
|rule|Swagger Clause: Swagger is banned
|rule|Baton Pass Clause: Limit one PokÃ©mon knowing Baton Pass
|teampreview
|
|start
|switch|p1a: Rhyperior|Rhyperior, M|432\/432
|switch|p2a: Donphan|Donphan, M|383\/383
|turn|1
|
|switch|p1a: Blastoise|Blastoise, M|361\/361
|move|p2a: Donphan|Stealth Rock|p1a: Blastoise
|-sidestart|p1: Aggron|move: Stealth Rock
|
|turn|2
|
|switch|p2a: Shaymin|Shaymin|341\/341
|detailschange|p1a: Blastoise|Blastoise-Mega, M
|-mega|p1a: Blastoise|Blastoise|Blastoisinite
|move|p1a: Blastoise|Rapid Spin|p2a: Shaymin
|-damage|p2a: Shaymin|327\/341
|-sideend|p1: Aggron|Stealth Rock|[from] move: Rapid Spin|[of] p1a: Blastoise
|
|turn|3
|
|switch|p1a: Crobat|Crobat, M|353\/353
|move|p2a: Shaymin|Psychic|p1a: Crobat
|-supereffective|p1a: Crobat
|-damage|p1a: Crobat|62\/353
|-damage|p2a: Shaymin|293\/341|[from] item: Life Orb
|
|-heal|p1a: Crobat|84\/353|[from] item: Black Sludge
|turn|4
|
|switch|p2a: Aerodactyl|Aerodactyl, M|311\/311
|-ability|p2a: Aerodactyl|Pressure
|move|p1a: Crobat|U-turn|p2a: Aerodactyl
|-crit|p2a: Aerodactyl
|-resisted|p2a: Aerodactyl
|-damage|p2a: Aerodactyl|253\/311
|
|switch|p1a: Blastoise|Blastoise-Mega, M|361\/361
|
|turn|5
|
|switch|p2a: Vaporeon|Vaporeon, F|451\/451
|switch|p1a: Roserade|Roserade, F|261\/261
|
|turn|6
|
|switch|p2a: Rotom-Heat|Rotom-Heat|241\/241
|move|p1a: Roserade|Spikes|p2a: Rotom-Heat
|-sidestart|p2: Banette is life|Spikes
|
|turn|7
|
|switch|p1a: Rhyperior|Rhyperior, M|432\/432
|move|p2a: Rotom-Heat|Hidden Power|p1a: Rhyperior
|-supereffective|p1a: Rhyperior
|-damage|p1a: Rhyperior|308\/432
|
|-heal|p1a: Rhyperior|335\/432|[from] item: Leftovers
|turn|8
|
|switch|p2a: Shaymin|Shaymin|293\/341
|-damage|p2a: Shaymin|251\/341|[from] Spikes
|move|p1a: Rhyperior|Stealth Rock|p2a: Shaymin
|-sidestart|p2: Banette is life|move: Stealth Rock
|
|-heal|p1a: Rhyperior|362\/432|[from] item: Leftovers
|turn|9
|
|switch|p1a: Crobat|Crobat, M|84\/353
|move|p2a: Shaymin|Psychic|p1a: Crobat
|-supereffective|p1a: Crobat
|-damage|p1a: Crobat|0 fnt
|-damage|p2a: Shaymin|217\/341|[from] item: Life Orb
|faint|p1a: Crobat
|
|
|switch|p1a: Darmanitan|Darmanitan, M|351\/351
|turn|10
|
|switch|p2a: Donphan|Donphan, M|383\/383
|-damage|p2a: Donphan|336\/383|[from] Spikes
|-damage|p2a: Donphan|313\/383|[from] Stealth Rock
|move|p1a: Darmanitan|U-turn|p2a: Donphan
|-damage|p2a: Donphan|255\/383
|
|switch|p1a: Roserade|Roserade, F|261\/261
|
|-heal|p2a: Donphan|278\/383|[from] item: Leftovers
|turn|11
|
|switch|p2a: Jirachi|Jirachi|341\/341
|-damage|p2a: Jirachi|320\/341|[from] Stealth Rock
|-damage|p2a: Jirachi|278\/341|[from] Spikes
|move|p1a: Roserade|Giga Drain|p2a: Jirachi
|-resisted|p2a: Jirachi
|-damage|p2a: Jirachi|201\/341
|-damage|p1a: Roserade|235\/261|[from] item: Life Orb
|
|turn|12
|
|switch|p1a: Scrafty|Scrafty, M|320\/320
|move|p2a: Jirachi|Zen Headbutt|p1a: Scrafty
|-immune|p1a: Scrafty|[msg]
|
|turn|13
|
|switch|p2a: Donphan|Donphan, M|278\/383
|-damage|p2a: Donphan|231\/383|[from] Spikes
|-damage|p2a: Donphan|208\/383|[from] Stealth Rock
|move|p1a: Scrafty|Knock Off|p2a: Donphan
|-crit|p2a: Donphan
|-damage|p2a: Donphan|103\/383
|-enditem|p2a: Donphan|Leftovers|[from] move: Knock Off|[of] p1a: Scrafty
|
|turn|14
|c|âBanette is life|unfortunately
|c|âBanette is life|that crit probs matters if ice punch
|c|âBanette is life|well shit
|c|âAggron|i don't have it
|c|âAggron|but brb
|c|âAggron|gotta get garbage
|c|âBanette is life|pls hurry
|
|switch|p1a: Roserade|Roserade, F|235\/261
|move|p2a: Donphan|Rapid Spin|p1a: Roserade
|-damage|p1a: Roserade|208\/261
|-sideend|p2: Banette is life|Spikes|[from] move: Rapid Spin|[of] p2a: Donphan
|-sideend|p2: Banette is life|Stealth Rock|[from] move: Rapid Spin|[of] p2a: Donphan
|
|turn|15
|
|switch|p2a: Aerodactyl|Aerodactyl, M|253\/311
|-ability|p2a: Aerodactyl|Pressure
|move|p1a: Roserade|Sludge Bomb|p2a: Aerodactyl
|-resisted|p2a: Aerodactyl
|-damage|p2a: Aerodactyl|130\/311
|-damage|p1a: Roserade|182\/261|[from] item: Life Orb
|
|turn|16
|
|switch|p1a: Rhyperior|Rhyperior, M|362\/432
|detailschange|p2a: Aerodactyl|Aerodactyl-Mega, M
|-mega|p2a: Aerodactyl|Aerodactyl|Aerodactylite
|move|p2a: Aerodactyl|Aerial Ace|p1a: Rhyperior
|-resisted|p1a: Rhyperior
|-damage|p1a: Rhyperior|302\/432
|
|-heal|p1a: Rhyperior|329\/432|[from] item: Leftovers
|turn|17
|
|switch|p2a: Shaymin|Shaymin|217\/341
|move|p1a: Rhyperior|Stone Edge|p2a: Shaymin
|-damage|p2a: Shaymin|31\/341
|
|-heal|p1a: Rhyperior|356\/432|[from] item: Leftovers
|turn|18
|
|switch|p1a: Darmanitan|Darmanitan, M|351\/351
|move|p2a: Shaymin|Rest|p2a: Shaymin
|-status|p2a: Shaymin|slp
|-heal|p2a: Shaymin|341\/341 slp|[silent]
|-status|p2a: Shaymin|slp|[from] move: Rest
|
|turn|19
|
|switch|p2a: Donphan|Donphan, M|103\/383
|move|p1a: Darmanitan|U-turn|p2a: Donphan
|-damage|p2a: Donphan|44\/383
|
|switch|p1a: Blastoise|Blastoise-Mega, M|361\/361
|
|turn|20
|
|move|p1a: Blastoise|Dark Pulse|p2a: Donphan
|-damage|p2a: Donphan|0 fnt
|faint|p2a: Donphan
|
|
|switch|p2a: Shaymin|Shaymin|341\/341
|turn|21
|
|switch|p1a: Darmanitan|Darmanitan, M|351\/351
|move|p2a: Shaymin|Seed Flare|p1a: Darmanitan
|-resisted|p1a: Darmanitan
|-damage|p1a: Darmanitan|176\/351
|-damage|p2a: Shaymin|307\/341|[from] item: Life Orb
|
|turn|22
|
|switch|p2a: Rotom-Heat|Rotom-Heat|241\/241
|move|p1a: Darmanitan|Flare Blitz|p2a: Rotom-Heat
|-resisted|p2a: Rotom-Heat
|-damage|p2a: Rotom-Heat|101\/241
|-damage|p1a: Darmanitan|130\/351|[from] recoil|[of] p2a: Rotom-Heat
|
|turn|23
|
|switch|p1a: Rhyperior|Rhyperior, M|356\/432
|move|p2a: Rotom-Heat|Hidden Power|p1a: Rhyperior
|-crit|p1a: Rhyperior
|-supereffective|p1a: Rhyperior
|-damage|p1a: Rhyperior|169\/432
|
|-heal|p1a: Rhyperior|196\/432|[from] item: Leftovers
|turn|24
|
|move|p2a: Rotom-Heat|Hidden Power|p1a: Rhyperior
|-supereffective|p1a: Rhyperior
|-damage|p1a: Rhyperior|61\/432
|move|p1a: Rhyperior|Stealth Rock|p2a: Rotom-Heat
|-sidestart|p2: Banette is life|move: Stealth Rock
|
|-heal|p1a: Rhyperior|88\/432|[from] item: Leftovers
|turn|25
|
|switch|p1a: Roserade|Roserade, F|182\/261
|move|p2a: Rotom-Heat|Hidden Power|p1a: Roserade
|-supereffective|p1a: Roserade
|-damage|p1a: Roserade|48\/261
|
|turn|26
|c|âAggron|oh lol wtf am i thinking
|
|switch|p1a: Blastoise|Blastoise-Mega, M|361\/361
|move|p2a: Rotom-Heat|Hidden Power|p1a: Blastoise
|-resisted|p1a: Blastoise
|-damage|p1a: Blastoise|335\/361
|
|turn|27
|c|âBanette is life|hahah
|c|âAggron|i immediately assume hp grass and at the last second i was like wait that should be doing way more to rhyp
|c|âBanette is life|hahah yes
|
|move|p2a: Rotom-Heat|Thunderbolt|p1a: Blastoise
|-supereffective|p1a: Blastoise
|-damage|p1a: Blastoise|37\/361
|move|p1a: Blastoise|Dark Pulse|p2a: Rotom-Heat
|-damage|p2a: Rotom-Heat|0 fnt
|faint|p2a: Rotom-Heat
|
|c|âAggron|and your not choiced
|c|âAggron|shit lol
|c|âBanette is life|exo belt
|c|âBanette is life|one sec must calc
|
|switch|p2a: Aerodactyl|Aerodactyl-Mega, M|130\/311
|-damage|p2a: Aerodactyl|53\/311|[from] Stealth Rock
|turn|28
|
|move|p2a: Aerodactyl|Aerial Ace|p1a: Blastoise
|-damage|p1a: Blastoise|0 fnt
|faint|p1a: Blastoise
|
|
|switch|p1a: Darmanitan|Darmanitan, M|130\/351
|turn|29
|
|move|p1a: Darmanitan|Flare Blitz|p2a: Aerodactyl
|-resisted|p2a: Aerodactyl
|-damage|p2a: Aerodactyl|0 fnt
|-damage|p1a: Darmanitan|113\/351|[from] recoil|[of] p2a: Aerodactyl
|faint|p2a: Aerodactyl
|
|
|switch|p2a: Vaporeon|Vaporeon, F|451\/451
|-damage|p2a: Vaporeon|395\/451|[from] Stealth Rock
|turn|30
|
|switch|p1a: Rhyperior|Rhyperior, M|88\/432
|move|p2a: Vaporeon|Scald|p1a: Rhyperior
|-crit|p1a: Rhyperior
|-supereffective|p1a: Rhyperior
|-damage|p1a: Rhyperior|0 fnt
|faint|p1a: Rhyperior
|
|-heal|p2a: Vaporeon|423\/451|[from] item: Leftovers
|
|switch|p1a: Roserade|Roserade, F|48\/261
|turn|31
|
|switch|p2a: Jirachi|Jirachi|201\/341
|-damage|p2a: Jirachi|180\/341|[from] Stealth Rock
|move|p1a: Roserade|Giga Drain|p2a: Jirachi
|-resisted|p2a: Jirachi
|-damage|p2a: Jirachi|94\/341
|-heal|p1a: Roserade|91\/261|[from] drain|[of] p2a: Jirachi
|-damage|p1a: Roserade|65\/261|[from] item: Life Orb
|
|turn|32
|
|move|p2a: Jirachi|Iron Head|p1a: Roserade
|-damage|p1a: Roserade|0 fnt
|faint|p1a: Roserade
|
|
|switch|p1a: Scrafty|Scrafty, M|320\/320
|turn|33
|
|move|p2a: Jirachi|Iron Head|p1a: Scrafty
|-damage|p1a: Scrafty|208\/320
|cant|p1a: Scrafty|flinch
|
|-heal|p1a: Scrafty|228\/320|[from] item: Leftovers
|turn|34
|
|move|p2a: Jirachi|Iron Head|p1a: Scrafty
|-damage|p1a: Scrafty|120\/320
|cant|p1a: Scrafty|flinch
|
|-heal|p1a: Scrafty|140\/320|[from] item: Leftovers
|turn|35
|c|âAggron|scrafty you got this
|c|âBanette is life|sorr for incoming hax
|c|âAggron|no your not lol
|c|âBanette is life|rachi gets pissed
|c|âBanette is life|and doesnt want other teamates to steal his spotlight
|c|âAggron|that's the entire reasoning behind iron head
|c|âBanette is life|in the last 2 games
|c|âBanette is life|he has had 13 flinches in a row to seal both games
|c|âBanette is life|and no, its its best stab
|c|âBanette is life|and im just here to get damage off
|
|move|p2a: Jirachi|Iron Head|p1a: Scrafty
|-damage|p1a: Scrafty|46\/320
|move|p1a: Scrafty|Rest|p1a: Scrafty
|-status|p1a: Scrafty|slp
|-heal|p1a: Scrafty|320\/320 slp|[silent]
|-status|p1a: Scrafty|slp|[from] move: Rest
|
|turn|36
|c|âBanette is life|cause vap wins the game
|c|âAggron|then run meteor mash
|c|âBanette is life|it misses
|c|âAggron|vap certainly doesn't win the game if scrafty comes out healthy
|c|âAggron|which isn't likely
|
|move|p2a: Jirachi|Iron Head|p1a: Scrafty
|-damage|p1a: Scrafty|220\/320 slp
|cant|p1a: Scrafty|slp
|
|-heal|p1a: Scrafty|240\/320 slp|[from] item: Leftovers
|turn|37
|c|âBanette is life|ive never seen rest scrafty but i assume shed ski
|c|âAggron|yeah
|
|move|p2a: Jirachi|Iron Head|p1a: Scrafty
|-damage|p1a: Scrafty|135\/320 slp
|cant|p1a: Scrafty|slp
|
|-heal|p1a: Scrafty|155\/320 slp|[from] item: Leftovers
|turn|38
|
|move|p2a: Jirachi|Iron Head|p1a: Scrafty
|-damage|p1a: Scrafty|52\/320 slp
|-curestatus|p1a: Scrafty|slp
|move|p1a: Scrafty|Rest|p1a: Scrafty
|-status|p1a: Scrafty|slp
|-heal|p1a: Scrafty|320\/320 slp|[silent]
|-status|p1a: Scrafty|slp|[from] move: Rest
|
|turn|39
|c|âBanette is life|omg
|c|âAggron|i just need to survive with enough to deal with shaymin
|
|move|p2a: Jirachi|Iron Head|p1a: Scrafty
|-damage|p1a: Scrafty|224\/320 slp
|cant|p1a: Scrafty|slp
|
|-heal|p1a: Scrafty|244\/320 slp|[from] item: Leftovers
|turn|40
|c|âBanette is life|how would you deal with shaymin exAclty
|c|âAggron|depends
|
|move|p2a: Jirachi|Iron Head|p1a: Scrafty
|-damage|p1a: Scrafty|145\/320 slp
|cant|p1a: Scrafty|slp
|
|-heal|p1a: Scrafty|165\/320 slp|[from] item: Leftovers
|turn|41
|c|âAggron|if im healthy i can bop it one
|c|âAggron|switch to sack darm if sdef drop
|c|âAggron|then bop it again
|c|âBanette is life|obv your dd probs with ice punch or poison jab
|c|âAggron|outspeed and rest on vap
|
|move|p2a: Jirachi|Iron Head|p1a: Scrafty
|-damage|p1a: Scrafty|56\/320 slp
|-curestatus|p1a: Scrafty|slp
|move|p1a: Scrafty|Rest|p1a: Scrafty
|-status|p1a: Scrafty|slp
|-heal|p1a: Scrafty|320\/320 slp|[silent]
|-status|p1a: Scrafty|slp|[from] move: Rest
|
|turn|42
|c|âAggron|shed skin damnit
|
|move|p2a: Jirachi|Iron Head|p1a: Scrafty
|-damage|p1a: Scrafty|226\/320 slp
|cant|p1a: Scrafty|slp
|
|-heal|p1a: Scrafty|246\/320 slp|[from] item: Leftovers
|turn|43
|
|move|p2a: Jirachi|Iron Head|p1a: Scrafty
|-damage|p1a: Scrafty|138\/320 slp
|cant|p1a: Scrafty|slp
|
|-heal|p1a: Scrafty|158\/320 slp|[from] item: Leftovers
|turn|44
|
|move|p2a: Jirachi|Iron Head|p1a: Scrafty
|-damage|p1a: Scrafty|52\/320 slp
|-curestatus|p1a: Scrafty|slp
|cant|p1a: Scrafty|flinch
|
|-heal|p1a: Scrafty|72\/320|[from] item: Leftovers
|turn|45
|c|âBanette is life|there you go
|c|âAggron|well that's game then
|c|âBanette is life|finally
|c|âBanette is life|gg
|
|move|p2a: Jirachi|Iron Head|p1a: Scrafty
|-damage|p1a: Scrafty|0 fnt
|faint|p1a: Scrafty
|
|
|switch|p1a: Darmanitan|Darmanitan, M|113\/351
|turn|46
|c|âBanette is life|the fact that like 4-5 times at the end you didnt get flinched is actually amazing
|
|move|p2a: Jirachi|Iron Head|p1a: Darmanitan
|-resisted|p1a: Darmanitan
|-damage|p1a: Darmanitan|21\/351
|move|p1a: Darmanitan|Flare Blitz|p2a: Jirachi
|-supereffective|p2a: Jirachi
|-damage|p2a: Jirachi|0 fnt
|-damage|p1a: Darmanitan|0 fnt|[from] recoil|[of] p2a: Jirachi
|faint|p2a: Jirachi
|faint|p1a: Darmanitan
|
|win|Banette is life
|raw|Ladder updating...
|c|âAggron|well not really
|c|âBanette is life|yeah
|c|âAggron|its still a 60%
|raw|Aggron's rating: 1428 &rarr; <strong>1410<\/strong><br \/>(-18 for losing)
|raw|Banette is life's rating: 1467 &rarr; <strong>1484<\/strong><br \/>(+17 for winning)
|c|âAggron|but gg
|c|âBanette is life|its a 60% chance to flinch
|leave|Aggron
|c|âBanette is life|gg
|player|p1