|join|Davmb
|join|Banette is life
|player|p1|Davmb|218
|player|p2|Banette is life|265
|gametype|singles
|gen|6
|tier|UU
|rated
|rule|Sleep Clause Mod: Limit one foe put to sleep
|rule|Species Clause: Limit one of each PokÃ©mon
|rule|OHKO Clause: OHKO moves are banned
|rule|Moody Clause: Moody is banned
|rule|Evasion Moves Clause: Evasion moves are banned
|rule|Endless Battle Clause: Forcing endless battles is banned
|rule|HP Percentage Mod: HP is shown in percentages
|clearpoke
|poke|p1|Empoleon, F
|poke|p1|Haxorus, M
|poke|p1|Forretress, F
|poke|p1|Florges, F
|poke|p1|Pidgeot, M
|poke|p1|Alakazam, F
|poke|p2|Aerodactyl, F
|poke|p2|Vaporeon, F
|poke|p2|Donphan, M
|poke|p2|Shaymin
|poke|p2|Rotom-Heat
|poke|p2|Jirachi
|rule|Swagger Clause: Swagger is banned
|rule|Baton Pass Clause: Limit one PokÃ©mon knowing Baton Pass
|teampreview
|
|start
|switch|p1a: Haxorus|Haxorus, M|293\/293
|switch|p2a: Rotom-Heat|Rotom-Heat|241\/241
|-ability|p1a: Haxorus|Mold Breaker
|turn|1
|
|move|p1a: Haxorus|Earthquake|p2a: Rotom-Heat
|-supereffective|p2a: Rotom-Heat
|-damage|p2a: Rotom-Heat|0 fnt
|faint|p2a: Rotom-Heat
|
|c|âBanette is life|well then
|
|switch|p2a: Aerodactyl|Aerodactyl, F|311\/311
|-ability|p2a: Aerodactyl|Pressure
|turn|2
|
|switch|p1a: Forretress|Forretress, F|354\/354
|detailschange|p2a: Aerodactyl|Aerodactyl-Mega, F
|-mega|p2a: Aerodactyl|Aerodactyl|Aerodactylite
|move|p2a: Aerodactyl|Stone Edge|p1a: Forretress
|-damage|p1a: Forretress|251\/354
|
|-heal|p1a: Forretress|273\/354|[from] item: Leftovers
|turn|3
|
|switch|p2a: Jirachi|Jirachi|341\/341
|move|p1a: Forretress|Toxic|p2a: Jirachi|[miss]
|-miss|p1a: Forretress|p2a: Jirachi
|
|-heal|p1a: Forretress|295\/354|[from] item: Leftovers
|turn|4
|
|move|p2a: Jirachi|Fire Punch|p1a: Forretress
|-supereffective|p1a: Forretress
|-damage|p1a: Forretress|131\/354
|move|p1a: Forretress|Stealth Rock|p2a: Jirachi
|-sidestart|p2: Banette is life|move: Stealth Rock
|
|-heal|p1a: Forretress|153\/354|[from] item: Leftovers
|turn|5
|
|switch|p1a: Empoleon|Empoleon, F|371\/371
|move|p2a: Jirachi|Fire Punch|p1a: Empoleon
|-damage|p1a: Empoleon|293\/371
|-status|p1a: Empoleon|brn
|
|-heal|p1a: Empoleon|316\/371 brn|[from] item: Leftovers
|-damage|p1a: Empoleon|270\/371 brn|[from] brn
|turn|6
|
|switch|p2a: Shaymin|Shaymin|341\/341
|-damage|p2a: Shaymin|299\/341|[from] Stealth Rock
|move|p1a: Empoleon|Swords Dance|p1a: Empoleon
|-boost|p1a: Empoleon|atk|2
|
|-heal|p1a: Empoleon|293\/371 brn|[from] item: Leftovers
|-damage|p1a: Empoleon|247\/371 brn|[from] brn
|turn|7
|
|move|p2a: Shaymin|Seed Flare|p1a: Empoleon
|-damage|p1a: Empoleon|20\/371 brn
|-unboost|p1a: Empoleon|spd|2
|-boost|p1a: Empoleon|atk|2|[from] ability: Defiant
|-damage|p2a: Shaymin|265\/341|[from] item: Life Orb
|move|p1a: Empoleon|Drill Peck|p2a: Shaymin
|-supereffective|p2a: Shaymin
|-damage|p2a: Shaymin|33\/341
|
|-heal|p1a: Empoleon|43\/371 brn|[from] item: Leftovers
|-damage|p1a: Empoleon|0 fnt|[from] brn
|faint|p1a: Empoleon
|c|âBanette is life|wtf was that
|
|switch|p1a: Pidgeot|Pidgeot, M|307\/307
|turn|8
|c|âDavmb|dude it works mor than you think
|c|âBanette is life|wow
|c|âDavmb|just because the burn your shaymin is alive
|
|detailschange|p1a: Pidgeot|Pidgeot-Mega, M
|-mega|p1a: Pidgeot|Pidgeot|Pidgeotite
|move|p1a: Pidgeot|Hurricane|p2a: Shaymin
|-supereffective|p2a: Shaymin
|-damage|p2a: Shaymin|0 fnt
|faint|p2a: Shaymin
|
|
|switch|p2a: Aerodactyl|Aerodactyl-Mega, F|311\/311
|-damage|p2a: Aerodactyl|234\/311|[from] Stealth Rock
|turn|9
|
|switch|p1a: Forretress|Forretress, F|153\/354
|move|p2a: Aerodactyl|Stone Edge|p1a: Forretress
|-crit|p1a: Forretress
|-damage|p1a: Forretress|0 fnt
|faint|p1a: Forretress
|
|c|âBanette is life|idc
|c|âBanette is life|2 wouldve killed anways
|
|switch|p1a: Alakazam|Alakazam, F|251\/251
|turn|10
|c|âDavmb|!dt aerodactyl
|c|~|\/data-pokemon Aerodactyl
|raw|<font size="1"><font color=#585858>Dex#:<\/font> 142&nbsp;|&ThickSpace;<font color=#585858>Height:<\/font> 1.8 m&nbsp;|&ThickSpace;<font color=#585858>Weight:<\/font> 59 kg <em>(80 BP)<\/em>&nbsp;|&ThickSpace;<font color=#585858>Dex Colour:<\/font> Purple&nbsp;|&ThickSpace;<font color=#585858>Egg Group(s):<\/font> Flying&nbsp;|&ThickSpace;<font color=#585858><font color=#585858>Does Not Evolve<\/font><\/font><\/font>
|
|switch|p2a: Donphan|Donphan, M|383\/383
|-damage|p2a: Donphan|360\/383|[from] Stealth Rock
|move|p1a: Alakazam|Psyshock|p2a: Donphan
|-damage|p2a: Donphan|261\/383
|
|-heal|p2a: Donphan|284\/383|[from] item: Leftovers
|turn|11
|
|switch|p1a: Pidgeot|Pidgeot-Mega, M|307\/307
|move|p2a: Donphan|Ice Shard|p1a: Pidgeot
|-supereffective|p1a: Pidgeot
|-damage|p1a: Pidgeot|217\/307
|
|-heal|p2a: Donphan|307\/383|[from] item: Leftovers
|turn|12
|
|switch|p2a: Vaporeon|Vaporeon, F|451\/451
|-damage|p2a: Vaporeon|395\/451|[from] Stealth Rock
|move|p1a: Pidgeot|Hurricane|p2a: Vaporeon
|-damage|p2a: Vaporeon|205\/451
|
|-heal|p2a: Vaporeon|233\/451|[from] item: Leftovers
|turn|13
|
|move|p1a: Pidgeot|Hurricane|p2a: Vaporeon
|-damage|p2a: Vaporeon|44\/451
|move|p2a: Vaporeon|Wish|p2a: Vaporeon
|
|-heal|p2a: Vaporeon|72\/451|[from] item: Leftovers
|turn|14
|
|switch|p2a: Aerodactyl|Aerodactyl-Mega, F|234\/311
|-damage|p2a: Aerodactyl|157\/311|[from] Stealth Rock
|move|p1a: Pidgeot|Roost|p1a: Pidgeot
|-heal|p1a: Pidgeot|307\/307
|
|-heal|p2a: Aerodactyl|311\/311|[from] move: Wish|[wisher] Vaporeon
|turn|15
|
|switch|p1a: Florges|Florges, F|360\/360
|move|p2a: Aerodactyl|Stone Edge|p1a: Florges|[miss]
|-miss|p2a: Aerodactyl|p1a: Florges
|
|turn|16
|
|switch|p2a: Vaporeon|Vaporeon, F|72\/451
|-damage|p2a: Vaporeon|16\/451|[from] Stealth Rock
|move|p1a: Florges|Moonblast|p2a: Vaporeon
|-damage|p2a: Vaporeon|0 fnt
|faint|p2a: Vaporeon
|
|
|switch|p2a: Jirachi|Jirachi|341\/341
|-damage|p2a: Jirachi|320\/341|[from] Stealth Rock
|turn|17
|
|move|p2a: Jirachi|Iron Head|p1a: Florges
|-supereffective|p1a: Florges
|-damage|p1a: Florges|40\/360
|cant|p1a: Florges|flinch
|
|-heal|p1a: Florges|62\/360|[from] item: Leftovers
|turn|18
|
|move|p2a: Jirachi|Iron Head|p1a: Florges
|-supereffective|p1a: Florges
|-damage|p1a: Florges|0 fnt
|faint|p1a: Florges
|
|
|switch|p1a: Haxorus|Haxorus, M|293\/293
|-ability|p1a: Haxorus|Mold Breaker
|turn|19
|
|move|p2a: Jirachi|Iron Head|p1a: Haxorus
|-damage|p1a: Haxorus|163\/293
|cant|p1a: Haxorus|flinch
|
|turn|20
|c|âBanette is life|sorry
|
|move|p2a: Jirachi|Iron Head|p1a: Haxorus
|-damage|p1a: Haxorus|43\/293
|cant|p1a: Haxorus|flinch
|
|turn|21
|c|âBanette is life|my god
|
|move|p2a: Jirachi|Iron Head|p1a: Haxorus
|-damage|p1a: Haxorus|0 fnt
|faint|p1a: Haxorus
|
|
|switch|p1a: Pidgeot|Pidgeot-Mega, M|307\/307
|turn|22
|c|âBanette is life|i was just trying to get damage for donphan
|
|move|p2a: Jirachi|Iron Head|p1a: Pidgeot
|-damage|p1a: Pidgeot|156\/307
|cant|p1a: Pidgeot|flinch
|
|turn|23
|c|âBanette is life|that bird is so fat
|c|âDavmb|i know its not your fault
|c|âBanette is life|and im so sorry
|
|move|p2a: Jirachi|Iron Head|p1a: Pidgeot
|-damage|p1a: Pidgeot|0 fnt
|faint|p1a: Pidgeot
|
|c|âBanette is life|gg tho
|
|switch|p1a: Alakazam|Alakazam, F|251\/251
|turn|24
|c|âDavmb|gg
|
|move|p2a: Jirachi|Iron Head|p1a: Alakazam
|-damage|p1a: Alakazam|32\/251
|cant|p1a: Alakazam|flinch
|
|turn|25
|
|move|p2a: Jirachi|Iron Head|p1a: Alakazam
|-crit|p1a: Alakazam
|-damage|p1a: Alakazam|0 fnt
|faint|p1a: Alakazam
|
|win|Banette is life
|raw|Ladder updating...
|c|âBanette is life|the hax is realllll
|raw|Davmb's rating: 1357 &rarr; <strong>1341<\/strong><br \/>(-16 for losing)
|raw|Banette is life's rating: 1432 &rarr; <strong>1448<\/strong><br \/>(+16 for winning)
|leave|Davmb
|player|p1