|join|michaelhariprashad
|join|Banette is life
|player|p1|michaelhariprashad|150
|player|p2|Banette is life|265
|gametype|singles
|gen|6
|tier|UU
|rated
|rule|Sleep Clause Mod: Limit one foe put to sleep
|rule|Species Clause: Limit one of each PokÃ©mon
|rule|OHKO Clause: OHKO moves are banned
|rule|Moody Clause: Moody is banned
|rule|Evasion Moves Clause: Evasion moves are banned
|rule|Endless Battle Clause: Forcing endless battles is banned
|rule|HP Percentage Mod: HP is shown in percentages
|clearpoke
|poke|p1|Forretress, F
|poke|p1|Ambipom, M
|poke|p1|Honchkrow, F
|poke|p1|Arcanine, M
|poke|p1|Roserade, F
|poke|p1|Flygon, M
|poke|p2|Aerodactyl, M
|poke|p2|Vaporeon, M
|poke|p2|Donphan, F
|poke|p2|Shaymin
|poke|p2|Rotom-Heat
|poke|p2|Jirachi
|rule|Swagger Clause: Swagger is banned
|rule|Baton Pass Clause: Limit one PokÃ©mon knowing Baton Pass
|teampreview
|
|start
|switch|p1a: Pimphandstrong|Ambipom, M|291\/291
|switch|p2a: Rotom-Heat|Rotom-Heat|241\/241
|turn|1
|
|switch|p2a: Donphan|Donphan, F|383\/383
|move|p1a: Pimphandstrong|Fake Out|p2a: Donphan
|-damage|p2a: Donphan|308\/383
|
|-heal|p2a: Donphan|331\/383|[from] item: Leftovers
|turn|2
|
|move|p1a: Pimphandstrong|U-turn|p2a: Donphan
|-damage|p2a: Donphan|288\/383
|
|switch|p1a: Floofhead II|Roserade, F|262\/262
|move|p2a: Donphan|Stealth Rock|p1a: Floofhead II
|-sidestart|p1: michaelhariprashad|move: Stealth Rock
|
|-heal|p2a: Donphan|311\/383|[from] item: Leftovers
|turn|3
|
|switch|p2a: Jirachi|Jirachi|341\/341
|move|p1a: Floofhead II|Leech Seed|p2a: Jirachi
|-start|p2a: Jirachi|move: Leech Seed
|
|-damage|p2a: Jirachi|299\/341|[from] Leech Seed|[of] p1a: Floofhead II
|turn|4
|
|move|p1a: Floofhead II|Protect|p1a: Floofhead II
|-singleturn|p1a: Floofhead II|Protect
|move|p2a: Jirachi|U-turn|p1a: Floofhead II
|-activate|p1a: Floofhead II|Protect
|
|-damage|p2a: Jirachi|257\/341|[from] Leech Seed|[of] p1a: Floofhead II
|turn|5
|
|switch|p1a: Canttouchdis|Forretress, F|354\/354
|-damage|p1a: Canttouchdis|310\/354|[from] Stealth Rock
|move|p2a: Jirachi|U-turn|p1a: Canttouchdis
|-resisted|p1a: Canttouchdis
|-damage|p1a: Canttouchdis|291\/354
|-damage|p2a: Jirachi|201\/341|[from] item: Rocky Helmet|[of] p1a: Canttouchdis
|
|switch|p2a: Rotom-Heat|Rotom-Heat|241\/241
|
|turn|6
|
|switch|p1a: such k9 wow|Arcanine, M|322\/322
|-damage|p1a: such k9 wow|242\/322|[from] Stealth Rock
|-ability|p1a: such k9 wow|Intimidate|[of] p2a: Rotom-Heat
|-unboost|p2a: Rotom-Heat|atk|1
|move|p2a: Rotom-Heat|Overheat|p1a: such k9 wow
|-resisted|p1a: such k9 wow
|-damage|p1a: such k9 wow|177\/322
|-unboost|p2a: Rotom-Heat|spa|2
|
|turn|7
|c|âBanette is life|AV  or spdef
|c|âBanette is life|intersting
|
|move|p2a: Rotom-Heat|Volt Switch|p1a: such k9 wow
|-damage|p1a: such k9 wow|143\/322
|
|switch|p2a: Vaporeon|Vaporeon, M|451\/451
|move|p1a: such k9 wow|Close Combat|p2a: Vaporeon
|-damage|p2a: Vaporeon|302\/451
|-unboost|p1a: such k9 wow|def|1
|-unboost|p1a: such k9 wow|spd|1
|
|-heal|p2a: Vaporeon|330\/451|[from] item: Leftovers
|turn|8
|
|switch|p1a: Floofhead II|Roserade, F|262\/262
|-damage|p1a: Floofhead II|230\/262|[from] Stealth Rock
|switch|p2a: Donphan|Donphan, F|311\/383
|
|-heal|p1a: Floofhead II|246\/262|[from] item: Black Sludge
|-heal|p2a: Donphan|334\/383|[from] item: Leftovers
|turn|9
|
|switch|p2a: Rotom-Heat|Rotom-Heat|241\/241
|move|p1a: Floofhead II|Leech Seed|p2a: Rotom-Heat
|-start|p2a: Rotom-Heat|move: Leech Seed
|
|-heal|p1a: Floofhead II|262\/262|[from] item: Black Sludge
|-damage|p2a: Rotom-Heat|211\/241|[from] Leech Seed|[of] p1a: Floofhead II
|turn|10
|
|move|p2a: Rotom-Heat|Volt Switch|p1a: Floofhead II
|-resisted|p1a: Floofhead II
|-damage|p1a: Floofhead II|227\/262
|
|switch|p2a: Jirachi|Jirachi|201\/341
|move|p1a: Floofhead II|Sludge Bomb|p2a: Jirachi
|-immune|p2a: Jirachi|[msg]
|
|-heal|p1a: Floofhead II|243\/262|[from] item: Black Sludge
|turn|11
|
|move|p1a: Floofhead II|Protect|p1a: Floofhead II
|-singleturn|p1a: Floofhead II|Protect
|move|p2a: Jirachi|Iron Head|p1a: Floofhead II
|-activate|p1a: Floofhead II|Protect
|
|-heal|p1a: Floofhead II|259\/262|[from] item: Black Sludge
|turn|12
|
|switch|p1a: Canttouchdis|Forretress, F|291\/354
|-damage|p1a: Canttouchdis|247\/354|[from] Stealth Rock
|move|p2a: Jirachi|Iron Head|p1a: Canttouchdis
|-resisted|p1a: Canttouchdis
|-damage|p1a: Canttouchdis|210\/354
|-damage|p2a: Jirachi|145\/341|[from] item: Rocky Helmet|[of] p1a: Canttouchdis
|
|turn|13
|
|switch|p2a: Rotom-Heat|Rotom-Heat|211\/241
|move|p1a: Canttouchdis|Rapid Spin|p2a: Rotom-Heat
|-damage|p2a: Rotom-Heat|196\/241
|-sideend|p1: michaelhariprashad|Stealth Rock|[from] move: Rapid Spin|[of] p1a: Canttouchdis
|
|turn|14
|
|switch|p1a: such k9 wow|Arcanine, M|143\/322
|-ability|p1a: such k9 wow|Intimidate|[of] p2a: Rotom-Heat
|-unboost|p2a: Rotom-Heat|atk|1
|move|p2a: Rotom-Heat|Thunderbolt|p1a: such k9 wow
|-damage|p1a: such k9 wow|64\/322
|
|turn|15
|
|move|p1a: such k9 wow|Extreme Speed|p2a: Rotom-Heat
|-damage|p2a: Rotom-Heat|104\/241
|move|p2a: Rotom-Heat|Thunderbolt|p1a: such k9 wow
|-damage|p1a: such k9 wow|0 fnt
|faint|p1a: such k9 wow
|
|
|switch|p1a: Bugface Killah|Flygon, M|302\/302
|turn|16
|
|move|p1a: Bugface Killah|Stone Edge|p2a: Rotom-Heat
|-crit|p2a: Rotom-Heat
|-supereffective|p2a: Rotom-Heat
|-damage|p2a: Rotom-Heat|0 fnt
|faint|p2a: Rotom-Heat
|
|
|switch|p2a: Jirachi|Jirachi|145\/341
|turn|17
|
|switch|p1a: Canttouchdis|Forretress, F|210\/354
|move|p2a: Jirachi|Fire Punch|p1a: Canttouchdis
|-supereffective|p1a: Canttouchdis
|-damage|p1a: Canttouchdis|30\/354
|-damage|p2a: Jirachi|89\/341|[from] item: Rocky Helmet|[of] p1a: Canttouchdis
|-status|p1a: Canttouchdis|brn
|
|-damage|p1a: Canttouchdis|0 fnt|[from] brn
|faint|p1a: Canttouchdis
|c|âmichaelhariprashad|ofc
|
|switch|p1a: Don Fedora|Honchkrow, F|404\/404
|turn|18
|c|âBanette is life|only happened cause serene grace
|
|move|p2a: Jirachi|Fire Punch|p1a: Don Fedora
|-damage|p1a: Don Fedora|282\/404
|move|p1a: Don Fedora|Pursuit|p2a: Jirachi
|-crit|p2a: Jirachi
|-supereffective|p2a: Jirachi
|-damage|p2a: Jirachi|0 fnt
|faint|p2a: Jirachi
|-boost|p1a: Don Fedora|atk|1|[from] ability: Moxie
|
|-heal|p1a: Don Fedora|307\/404|[from] item: Leftovers
|c|âmichaelhariprashad|it turns 10% to 25%
|c|âmichaelhariprashad|20%
|c|âmichaelhariprashad|which is still low
|c|âBanette is life|but actually decently higgh if you think about it
|
|switch|p2a: Aerodactyl|Aerodactyl, M|311\/311
|-ability|p2a: Aerodactyl|Pressure
|turn|19
|
|detailschange|p2a: Aerodactyl|Aerodactyl-Mega, M
|-mega|p2a: Aerodactyl|Aerodactyl|Aerodactylite
|move|p1a: Don Fedora|Sucker Punch|p2a: Aerodactyl
|-damage|p2a: Aerodactyl|31\/311
|move|p2a: Aerodactyl|Stone Edge|p1a: Don Fedora
|-supereffective|p1a: Don Fedora
|-damage|p1a: Don Fedora|0 fnt
|faint|p1a: Don Fedora
|
|c|âBanette is life|calc came through
|
|switch|p1a: Pimphandstrong|Ambipom, M|291\/291
|turn|20
|
|switch|p2a: Vaporeon|Vaporeon, M|330\/451
|move|p1a: Pimphandstrong|Fake Out|p2a: Vaporeon
|-damage|p2a: Vaporeon|222\/451
|
|-heal|p2a: Vaporeon|250\/451|[from] item: Leftovers
|turn|21
|
|move|p1a: Pimphandstrong|Knock Off|p2a: Vaporeon
|-crit|p2a: Vaporeon
|-damage|p2a: Vaporeon|95\/451
|-enditem|p2a: Vaporeon|Leftovers|[from] move: Knock Off|[of] p1a: Pimphandstrong
|move|p2a: Vaporeon|Scald|p1a: Pimphandstrong
|-damage|p1a: Pimphandstrong|149\/291
|
|turn|22
|
|move|p1a: Pimphandstrong|Return|p2a: Vaporeon
|-damage|p2a: Vaporeon|0 fnt
|faint|p2a: Vaporeon
|
|
|switch|p2a: Aerodactyl|Aerodactyl-Mega, M|31\/311
|turn|23
|
|move|p2a: Aerodactyl|Aerial Ace|p1a: Pimphandstrong
|-damage|p1a: Pimphandstrong|0 fnt
|faint|p1a: Pimphandstrong
|
|
|switch|p1a: Bugface Killah|Flygon, M|302\/302
|turn|24
|
|switch|p2a: Shaymin|Shaymin|341\/341
|move|p1a: Bugface Killah|Outrage|p2a: Shaymin
|-crit|p2a: Shaymin
|-damage|p2a: Shaymin|58\/341
|
|turn|25
|
|move|p1a: Bugface Killah|Outrage|p2a: Shaymin
|-damage|p2a: Shaymin|0 fnt
|faint|p2a: Shaymin
|
|
|switch|p2a: Donphan|Donphan, F|334\/383
|turn|26
|
|move|p2a: Donphan|Ice Shard|p1a: Bugface Killah
|-supereffective|p1a: Bugface Killah
|-damage|p1a: Bugface Killah|122\/302
|move|p1a: Bugface Killah|Outrage|p2a: Donphan
|-damage|p2a: Donphan|213\/383
|
|-end|p1a: Bugface Killah|rampage
|-start|p1a: Bugface Killah|confusion
|-heal|p2a: Donphan|236\/383|[from] item: Leftovers
|turn|27
|c|âmichaelhariprashad|always 3 turn outrage when i dont want
|
|switch|p1a: Floofhead II|Roserade, F|259\/262
|switch|p2a: Aerodactyl|Aerodactyl-Mega, M|31\/311
|
|-heal|p1a: Floofhead II|262\/262|[from] item: Black Sludge
|turn|28
|
|move|p2a: Aerodactyl|Aerial Ace|p1a: Floofhead II
|-supereffective|p1a: Floofhead II
|-damage|p1a: Floofhead II|0 fnt
|faint|p1a: Floofhead II
|
|
|switch|p1a: Bugface Killah|Flygon, M|122\/302
|turn|29
|c|âBanette is life|that was risky if you predicted
|c|âBanette is life|i was thinking youd stay in and i was just hoping you would hit yourself
|c|âBanette is life|but it was the play i had to make
|
|move|p1a: Bugface Killah|Outrage|p2a: Aerodactyl
|-damage|p2a: Aerodactyl|0 fnt
|faint|p2a: Aerodactyl
|
|c|âmichaelhariprashad|gg
|c|âmichaelhariprashad|iceshard ftw
|
|switch|p2a: Donphan|Donphan, F|236\/383
|turn|30
|c|âBanette is life|gg fren
|
|move|p2a: Donphan|Ice Shard|p1a: Bugface Killah
|-supereffective|p1a: Bugface Killah
|-damage|p1a: Bugface Killah|0 fnt
|faint|p1a: Bugface Killah
|
|win|Banette is life
|raw|Ladder updating...
|raw|michaelhariprashad's rating: 1286 &rarr; <strong>1272<\/strong><br \/>(-14 for losing)
|raw|Banette is life's rating: 1448 &rarr; <strong>1459<\/strong><br \/>(+11 for winning)
|leave|michaelhariprashad