|join|fjac
|join|thatisnotedible
|player|p1|fjac|102
|player|p2|thatisnotedible|102
|gametype|singles
|gen|4
|tier|[Gen 4] OU (beta)
|rated
|rule|Sleep Clause Mod: Limit one foe put to sleep
|rule|Species Clause: Limit one of each Pokemon
|rule|OHKO Clause: OHKO moves are banned
|rule|Moody Clause: Moody is banned
|rule|Evasion Moves Clause: Evasion moves are banned
|rule|Endless Battle Clause: Forcing endless battles is banned.
|rule|HP Percentage Mod: HP is reported as percentages
|
|start
|switch|p1a: Skarmory|Skarmory, F|297\/297
|switch|p2a: Metagross|Metagross|364\/364
|turn|1
|callback|decision
|
|switch|p2a: Heatran|Heatran, M|323\/323
|move|p1a: Skarmory|Stealth Rock|p2a: Heatran
|-sidestart|p2: thatisnotedible|move: Stealth Rock
|
|turn|2
|callback|decision
|
|switch|p1a: Lapras|Lapras, M|464\/464
|move|p2a: Heatran|Fire Blast|p1a: Lapras
|-damage|p1a: Lapras|193\/464
|-damage|p2a: Heatran|291\/323|[from] item: Life Orb
|
|-heal|p1a: Lapras|222\/464|[from] item: Leftovers
|turn|3
|callback|decision
|join|DanielBryan'sBeard
|
|move|p2a: Heatran|Fire Blast|p1a: Lapras
|-damage|p1a: Lapras|0 fnt
|-damage|p2a: Heatran|259\/323|[from] item: Life Orb
|faint|p1a: Lapras
|
|callback|decision
|
|switch|p1a: Tyranitar|Tyranitar, F|366\/366
|-weather|Sandstorm|[from] ability: Sand Stream|[of] p1a: Tyranitar
|turn|4
|callback|decision
|
|switch|p2a: Gyarados|Gyarados, M|331\/331
|-damage|p2a: Gyarados|249\/331|[from] Stealth Rock
|-ability|p2a: Gyarados|Intimidate|[of] p1a: Tyranitar
|-unboost|p1a: Tyranitar|atk|1
|move|p1a: Tyranitar|Earthquake|p2a: Gyarados
|-immune|p2a: Gyarados|[msg]
|
|-weather|Sandstorm|[upkeep]
|-damage|p2a: Gyarados|229\/331|[from] sandstorm
|turn|5
|callback|decision
|
|move|p2a: Gyarados|Waterfall|p1a: Tyranitar
|-supereffective|p1a: Tyranitar
|-damage|p1a: Tyranitar|4\/366
|-damage|p2a: Gyarados|196\/331|[from] item: Life Orb
|move|p1a: Tyranitar|Stone Edge|p2a: Gyarados
|-supereffective|p2a: Gyarados
|-damage|p2a: Gyarados|0 fnt
|faint|p2a: Gyarados
|
|-weather|Sandstorm|[upkeep]
|-heal|p1a: Tyranitar|26\/366|[from] item: Leftovers
|callback|decision
|
|switch|p2a: Jirachi|Jirachi|341\/341
|-damage|p2a: Jirachi|320\/341|[from] Stealth Rock
|turn|6
|callback|decision
|
|move|p2a: Jirachi|Fire Punch|p1a: Tyranitar
|-resisted|p1a: Tyranitar
|-damage|p1a: Tyranitar|0 fnt
|faint|p1a: Tyranitar
|
|-weather|Sandstorm|[upkeep]
|callback|decision
|
|switch|p1a: Dragonite|Dragonite, F|386\/386
|turn|7
|callback|decision
|
|switch|p2a: Metagross|Metagross|364\/364
|-damage|p2a: Metagross|342\/364|[from] Stealth Rock
|move|p1a: Dragonite|Earthquake|p2a: Metagross
|-crit|p2a: Metagross
|-supereffective|p2a: Metagross
|-damage|p2a: Metagross|36\/364
|
|-weather|Sandstorm|[upkeep]
|-damage|p1a: Dragonite|362\/386|[from] sandstorm
|-heal|p1a: Dragonite|386\/386|[from] item: Leftovers
|turn|8
|callback|decision
|
|move|p1a: Dragonite|Extreme Speed|p2a: Metagross
|-resisted|p2a: Metagross
|-damage|p2a: Metagross|2\/364
|move|p2a: Metagross|Explosion|p1a: Dragonite
|-damage|p1a: Dragonite|0 fnt
|faint|p1a: Dragonite
|faint|p2a: Metagross
|
|-weather|Sandstorm|[upkeep]
|callback|decision
|
|switch|p2a: Jirachi|Jirachi|320\/341
|-damage|p2a: Jirachi|299\/341|[from] Stealth Rock
|switch|p1a: Skarmory|Skarmory, F|297\/297
|turn|9
|callback|decision
|
|move|p2a: Jirachi|Fire Punch|p1a: Skarmory
|-crit|p1a: Skarmory
|-supereffective|p1a: Skarmory
|-damage|p1a: Skarmory|61\/297
|move|p1a: Skarmory|Spikes|p2a: Jirachi
|-sidestart|p2: thatisnotedible|Spikes
|
|-weather|Sandstorm|[upkeep]
|-heal|p1a: Skarmory|79\/297|[from] item: Leftovers
|turn|10
|callback|decision
|
|switch|p1a: Togekiss|Togekiss, F|337\/337
|move|p2a: Jirachi|Fire Punch|p1a: Togekiss
|-damage|p1a: Togekiss|266\/337
|
|-weather|Sandstorm|[upkeep]
|-damage|p1a: Togekiss|245\/337|[from] sandstorm
|-heal|p1a: Togekiss|266\/337|[from] item: Leftovers
|turn|11
|callback|decision
|
|switch|p2a: Vaporeon|Vaporeon, M|463\/463
|-damage|p2a: Vaporeon|406\/463|[from] Stealth Rock
|-damage|p2a: Vaporeon|349\/463|[from] Spikes
|move|p1a: Togekiss|Aura Sphere|p2a: Vaporeon
|-damage|p2a: Vaporeon|245\/463
|
|-weather|Sandstorm|[upkeep]
|-damage|p1a: Togekiss|245\/337|[from] sandstorm
|-damage|p2a: Vaporeon|217\/463|[from] sandstorm
|-heal|p1a: Togekiss|266\/337|[from] item: Leftovers
|-heal|p2a: Vaporeon|245\/463|[from] item: Leftovers
|turn|12
|callback|decision
|
|move|p1a: Togekiss|Air Slash|p2a: Vaporeon
|-damage|p2a: Vaporeon|118\/463
|move|p2a: Vaporeon|Wish|p2a: Vaporeon
|
|-weather|Sandstorm|[upkeep]
|-damage|p1a: Togekiss|245\/337|[from] sandstorm
|-damage|p2a: Vaporeon|90\/463|[from] sandstorm
|-heal|p1a: Togekiss|266\/337|[from] item: Leftovers
|-heal|p2a: Vaporeon|118\/463|[from] item: Leftovers
|turn|13
|callback|decision
|
|move|p2a: Vaporeon|Protect|p2a: Vaporeon
|-singleturn|p2a: Vaporeon|Protect
|move|p1a: Togekiss|Air Slash|p2a: Vaporeon
|-activate|p2a: Vaporeon|Protect
|
|-weather|Sandstorm|[upkeep]
|-damage|p1a: Togekiss|245\/337|[from] sandstorm
|-damage|p2a: Vaporeon|90\/463|[from] sandstorm
|-heal|p2a: Vaporeon|321\/463|[from] move: Wish|[wisher] Vaporeon
|-heal|p1a: Togekiss|266\/337|[from] item: Leftovers
|-heal|p2a: Vaporeon|349\/463|[from] item: Leftovers
|turn|14
|callback|decision
|
|move|p1a: Togekiss|Air Slash|p2a: Vaporeon
|-damage|p2a: Vaporeon|219\/463
|cant|p2a: Vaporeon|flinch
|
|-weather|Sandstorm|[upkeep]
|-damage|p1a: Togekiss|245\/337|[from] sandstorm
|-damage|p2a: Vaporeon|191\/463|[from] sandstorm
|-heal|p1a: Togekiss|266\/337|[from] item: Leftovers
|-heal|p2a: Vaporeon|219\/463|[from] item: Leftovers
|turn|15
|callback|decision
|
|move|p1a: Togekiss|Air Slash|p2a: Vaporeon
|-damage|p2a: Vaporeon|68\/463
|cant|p2a: Vaporeon|flinch
|
|-weather|Sandstorm|[upkeep]
|-damage|p1a: Togekiss|245\/337|[from] sandstorm
|-damage|p2a: Vaporeon|40\/463|[from] sandstorm
|-heal|p1a: Togekiss|266\/337|[from] item: Leftovers
|-heal|p2a: Vaporeon|68\/463|[from] item: Leftovers
|turn|16
|callback|decision
|
|move|p1a: Togekiss|Air Slash|p2a: Vaporeon
|-damage|p2a: Vaporeon|0 fnt
|faint|p2a: Vaporeon
|
|-weather|Sandstorm|[upkeep]
|-damage|p1a: Togekiss|245\/337|[from] sandstorm
|-heal|p1a: Togekiss|266\/337|[from] item: Leftovers
|callback|decision
|
|switch|p2a: Jirachi|Jirachi|299\/341
|-damage|p2a: Jirachi|257\/341|[from] Spikes
|-damage|p2a: Jirachi|236\/341|[from] Stealth Rock
|turn|17
|callback|decision
|join|Hoagie
|
|move|p2a: Jirachi|Iron Head|p1a: Togekiss
|-damage|p1a: Togekiss|142\/337
|move|p1a: Togekiss|Aura Sphere|p2a: Jirachi
|-damage|p2a: Jirachi|117\/341
|
|-weather|Sandstorm|[upkeep]
|-damage|p1a: Togekiss|121\/337|[from] sandstorm
|-heal|p1a: Togekiss|142\/337|[from] item: Leftovers
|turn|18
|callback|decision
|
|move|p2a: Jirachi|Iron Head|p1a: Togekiss
|-damage|p1a: Togekiss|16\/337
|move|p1a: Togekiss|Roost|p1a: Togekiss
|-heal|p1a: Togekiss|185\/337
|
|-weather|Sandstorm|[upkeep]
|-damage|p1a: Togekiss|164\/337|[from] sandstorm
|-heal|p1a: Togekiss|185\/337|[from] item: Leftovers
|turn|19
|callback|decision
|
|move|p2a: Jirachi|Iron Head|p1a: Togekiss
|-damage|p1a: Togekiss|76\/337
|cant|p1a: Togekiss|flinch
|
|-weather|Sandstorm|[upkeep]
|-damage|p1a: Togekiss|55\/337|[from] sandstorm
|-heal|p1a: Togekiss|76\/337|[from] item: Leftovers
|turn|20
|callback|decision
|
|switch|p1a: Skarmory|Skarmory, F|79\/297
|move|p2a: Jirachi|Iron Head|p1a: Skarmory
|-resisted|p1a: Skarmory
|-damage|p1a: Skarmory|37\/297
|
|-weather|Sandstorm|[upkeep]
|-heal|p1a: Skarmory|55\/297|[from] item: Leftovers
|turn|21
|callback|decision
|
|move|p2a: Jirachi|Iron Head|p1a: Skarmory
|-resisted|p1a: Skarmory
|-damage|p1a: Skarmory|10\/297
|cant|p1a: Skarmory|flinch
|
|-weather|Sandstorm|[upkeep]
|-heal|p1a: Skarmory|28\/297|[from] item: Leftovers
|turn|22
|callback|decision
|
|switch|p1a: Scizor|Scizor, F|343\/343
|move|p2a: Jirachi|Iron Head|p1a: Scizor
|-resisted|p1a: Scizor
|-damage|p1a: Scizor|283\/343
|
|-weather|Sandstorm|[upkeep]
|turn|23
|callback|decision
|
|switch|p2a: Heatran|Heatran, M|259\/323
|-damage|p2a: Heatran|219\/323|[from] Stealth Rock
|-damage|p2a: Heatran|179\/323|[from] Spikes
|move|p1a: Scizor|Superpower|p2a: Heatran
|-supereffective|p2a: Heatran
|-damage|p2a: Heatran|0 fnt
|-unboost|p1a: Scizor|atk|1
|-unboost|p1a: Scizor|def|1
|faint|p2a: Heatran
|
|-weather|Sandstorm|[upkeep]
|callback|decision
|
|switch|p2a: Snorlax|Snorlax, F|508\/508
|-damage|p2a: Snorlax|445\/508|[from] Spikes
|-damage|p2a: Snorlax|382\/508|[from] Stealth Rock
|turn|24
|callback|decision
|
|move|p1a: Scizor|Superpower|p2a: Snorlax
|-supereffective|p2a: Snorlax
|-damage|p2a: Snorlax|0 fnt
|-unboost|p1a: Scizor|atk|1
|-unboost|p1a: Scizor|def|1
|faint|p2a: Snorlax
|
|-weather|Sandstorm|[upkeep]
|callback|decision
|
|switch|p2a: Jirachi|Jirachi|117\/341
|-damage|p2a: Jirachi|75\/341|[from] Spikes
|-damage|p2a: Jirachi|54\/341|[from] Stealth Rock
|turn|25
|callback|decision
|
|move|p2a: Jirachi|Iron Head|p1a: Scizor
|-resisted|p1a: Scizor
|-damage|p1a: Scizor|157\/343
|cant|p1a: Scizor|flinch
|
|-weather|Sandstorm|[upkeep]
|turn|26
|callback|decision
|join|RandomStÃ»ff
|chat|fjac|gg
|
|move|p2a: Jirachi|Iron Head|p1a: Scizor
|-resisted|p1a: Scizor
|-damage|p1a: Scizor|33\/343
|move|p1a: Scizor|Superpower|p2a: Jirachi
|-damage|p2a: Jirachi|0 fnt
|-unboost|p1a: Scizor|atk|1
|-unboost|p1a: Scizor|def|1
|faint|p2a: Jirachi
|
|win|fjac
|raw|Ladder updating...
|raw|fjac's rating: 1393 &rarr; <strong>1429<\/strong><br \/>(+36 for winning)
|raw|thatisnotedible's rating: 1639 &rarr; <strong>1633<\/strong><br \/>(-6 for losing)
|chat|thatisnotedible|gg
|leave|Hoagie
|chat|thatisnotedible|dang if only one more flinch
|leave|thatisnotedible
|player|p2