|join|Thebob650
|join|thatisnotedible
|player|p1|Thebob650|101
|player|p2|thatisnotedible|169
|gametype|singles
|gen|4
|tier|[Gen 4] OU (beta)
|rated
|rule|Sleep Clause Mod: Limit one foe put to sleep
|rule|Species Clause: Limit one of each Pokemon
|rule|OHKO Clause: OHKO moves are banned
|rule|Moody Clause: Moody is banned
|rule|Evasion Moves Clause: Evasion moves are banned
|rule|Endless Battle Clause: Forcing endless battles is banned.
|rule|HP Percentage Mod: HP is reported as percentages
|
|start
|switch|p1a: Matt Stonie|Breloom, F, shiny|261\/261
|switch|p2a: Metagross|Metagross|364\/364
|turn|1
|callback|decision
|
|move|p1a: Matt Stonie|Spore|p2a: Metagross
|-status|p2a: Metagross|slp
|cant|p2a: Metagross|slp
|
|-activate|p1a: Matt Stonie|item: Toxic Orb
|-status|p1a: Matt Stonie|tox
|turn|2
|callback|decision
|
|switch|p2a: Jirachi|Jirachi|341\/341
|move|p1a: Matt Stonie|Substitute|p1a: Matt Stonie
|-start|p1a: Matt Stonie|Substitute
|-damage|p1a: Matt Stonie|196\/261 tox
|
|-heal|p1a: Matt Stonie|228\/261 tox|[from] ability: Poison Heal
|turn|3
|callback|decision
|
|-singleturn|p1a: Matt Stonie|move: Focus Punch
|move|p2a: Jirachi|Fire Punch|p1a: Matt Stonie
|-supereffective|p1a: Matt Stonie
|-end|p1a: Matt Stonie|Substitute
|move|p1a: Matt Stonie|Focus Punch|p2a: Jirachi
|-damage|p2a: Jirachi|44\/341
|
|-heal|p1a: Matt Stonie|260\/261 tox|[from] ability: Poison Heal
|turn|4
|callback|decision
|
|switch|p1a: Brandon|Rhyperior, M, shiny|404\/404
|move|p2a: Jirachi|Fire Punch|p1a: Brandon
|-resisted|p1a: Brandon
|-damage|p1a: Brandon|377\/404
|
|-heal|p1a: Brandon|402\/404|[from] item: Leftovers
|turn|5
|callback|decision
|
|switch|p2a: Gyarados|Gyarados, F|331\/331
|-ability|p2a: Gyarados|Intimidate|[of] p1a: Brandon
|-unboost|p1a: Brandon|atk|1
|move|p1a: Brandon|Substitute|p1a: Brandon
|-start|p1a: Brandon|Substitute
|-damage|p1a: Brandon|301\/404
|
|-heal|p1a: Brandon|326\/404|[from] item: Leftovers
|turn|6
|callback|decision
|
|switch|p2a: Vaporeon|Vaporeon, F|463\/463
|move|p1a: Brandon|Stone Edge|p2a: Vaporeon
|-damage|p2a: Vaporeon|331\/463
|
|-heal|p2a: Vaporeon|359\/463|[from] item: Leftovers
|-heal|p1a: Brandon|351\/404|[from] item: Leftovers
|turn|7
|callback|decision
|chat|thatisnotedible|Substituuuuuuutes
|
|move|p2a: Vaporeon|Surf|p1a: Brandon
|-supereffective|p1a: Brandon
|-end|p1a: Brandon|Substitute
|move|p1a: Brandon|Earthquake|p2a: Vaporeon
|-damage|p2a: Vaporeon|212\/463
|
|-heal|p2a: Vaporeon|240\/463|[from] item: Leftovers
|-heal|p1a: Brandon|376\/404|[from] item: Leftovers
|turn|8
|callback|decision
|
|switch|p2a: Jirachi|Jirachi|44\/341
|switch|p1a: Specs|Shaymin|383\/383
|
|turn|9
|callback|decision
|
|switch|p1a: Cuni|Suicune, shiny|341\/341
|-ability|p1a: Cuni|Pressure
|move|p2a: Jirachi|U-turn|p1a: Cuni
|-damage|p1a: Cuni|282\/341
|callback|decision
|
|switch|p2a: Rotom-Heat|Rotom-Heat|304\/304
|
|-heal|p1a: Cuni|303\/341|[from] item: Leftovers
|turn|10
|callback|decision
|
|switch|p1a: Yo mamma|Blissey, F|669\/669
|move|p2a: Rotom-Heat|Will-O-Wisp|p1a: Yo mamma
|-status|p1a: Yo mamma|brn
|
|-damage|p1a: Yo mamma|586\/669 brn|[from] brn
|turn|11
|callback|decision
|
|switch|p2a: Gyarados|Gyarados, F|331\/331
|-ability|p2a: Gyarados|Intimidate|[of] p1a: Yo mamma
|-unboost|p1a: Yo mamma|atk|1
|move|p1a: Yo mamma|Flamethrower|p2a: Gyarados
|-resisted|p2a: Gyarados
|-damage|p2a: Gyarados|300\/331
|
|-heal|p1a: Yo mamma|627\/669 brn|[from] item: Leftovers
|-damage|p1a: Yo mamma|544\/669 brn|[from] brn
|turn|12
|callback|decision
|
|switch|p1a: Cuni|Suicune, shiny|303\/341
|-ability|p1a: Cuni|Pressure
|move|p2a: Gyarados|Dragon Dance|p2a: Gyarados
|-boost|p2a: Gyarados|atk|1
|-boost|p2a: Gyarados|spe|1
|
|-heal|p1a: Cuni|324\/341|[from] item: Leftovers
|turn|13
|callback|decision
|
|move|p2a: Gyarados|Earthquake|p1a: Cuni
|-damage|p1a: Cuni|121\/341
|-damage|p2a: Gyarados|267\/331|[from] item: Life Orb
|move|p1a: Cuni|Hidden Power|p2a: Gyarados
|-crit|p2a: Gyarados
|-supereffective|p2a: Gyarados
|-damage|p2a: Gyarados|0 fnt
|faint|p2a: Gyarados
|
|-heal|p1a: Cuni|142\/341|[from] item: Leftovers
|callback|decision
|
|switch|p2a: Rotom-Heat|Rotom-Heat|304\/304
|turn|14
|callback|decision
|
|switch|p1a: Yo mamma|Blissey, F|544\/669
|switch|p2a: Metagross|Metagross|364\/364 slp
|
|-heal|p1a: Yo mamma|585\/669|[from] item: Leftovers
|turn|15
|callback|decision
|
|switch|p1a: Brandon|Rhyperior, M, shiny|376\/404
|cant|p2a: Metagross|slp
|
|-heal|p1a: Brandon|401\/404|[from] item: Leftovers
|turn|16
|callback|decision
|
|switch|p2a: Rotom-Heat|Rotom-Heat|304\/304
|move|p1a: Brandon|Substitute|p1a: Brandon
|-start|p1a: Brandon|Substitute
|-damage|p1a: Brandon|300\/404
|
|-heal|p1a: Brandon|325\/404|[from] item: Leftovers
|turn|17
|callback|decision
|
|move|p2a: Rotom-Heat|Shadow Ball|p1a: Brandon
|-end|p1a: Brandon|Substitute
|move|p1a: Brandon|Stone Edge|p2a: Rotom-Heat
|-damage|p2a: Rotom-Heat|130\/304
|
|-heal|p2a: Rotom-Heat|149\/304|[from] item: Leftovers
|-heal|p1a: Brandon|350\/404|[from] item: Leftovers
|turn|18
|callback|decision
|
|switch|p1a: Yo mamma|Blissey, F|585\/669
|move|p2a: Rotom-Heat|Will-O-Wisp|p1a: Yo mamma
|-status|p1a: Yo mamma|brn
|
|-heal|p2a: Rotom-Heat|168\/304|[from] item: Leftovers
|-heal|p1a: Yo mamma|626\/669 brn|[from] item: Leftovers
|-damage|p1a: Yo mamma|543\/669 brn|[from] brn
|turn|19
|callback|decision
|
|switch|p2a: Metagross|Metagross|364\/364 slp
|move|p1a: Yo mamma|Flamethrower|p2a: Metagross
|-supereffective|p2a: Metagross
|-enditem|p2a: Metagross|Occa Berry|[eat]
|-damage|p2a: Metagross|298\/364 slp
|
|-heal|p1a: Yo mamma|584\/669 brn|[from] item: Leftovers
|-damage|p1a: Yo mamma|501\/669 brn|[from] brn
|turn|20
|callback|decision
|
|switch|p1a: Brandon|Rhyperior, M, shiny|350\/404
|cant|p2a: Metagross|slp
|
|-heal|p1a: Brandon|375\/404|[from] item: Leftovers
|turn|21
|callback|decision
|
|cant|p2a: Metagross|slp
|move|p1a: Brandon|Substitute|p1a: Brandon
|-start|p1a: Brandon|Substitute
|-damage|p1a: Brandon|274\/404
|
|-heal|p1a: Brandon|299\/404|[from] item: Leftovers
|turn|22
|callback|decision
|
|-curestatus|p2a: Metagross|slp
|move|p2a: Metagross|Meteor Mash|p1a: Brandon
|-crit|p1a: Brandon
|-supereffective|p1a: Brandon
|-end|p1a: Brandon|Substitute
|-boost|p2a: Metagross|atk|1
|move|p1a: Brandon|Earthquake|p2a: Metagross
|-supereffective|p2a: Metagross
|-damage|p2a: Metagross|0 fnt
|faint|p2a: Metagross
|
|-heal|p1a: Brandon|324\/404|[from] item: Leftovers
|callback|decision
|
|switch|p2a: Vaporeon|Vaporeon, F|240\/463
|turn|23
|callback|decision
|
|switch|p1a: Matt Stonie|Breloom, F, shiny|260\/261 tox
|move|p2a: Vaporeon|Hidden Power|p1a: Matt Stonie
|-resisted|p1a: Matt Stonie
|-damage|p1a: Matt Stonie|216\/261 tox
|
|-heal|p2a: Vaporeon|268\/463|[from] item: Leftovers
|-heal|p1a: Matt Stonie|248\/261 tox|[from] ability: Poison Heal
|turn|24
|callback|decision
|
|move|p1a: Matt Stonie|Spore|p2a: Vaporeon
|-status|p2a: Vaporeon|slp
|cant|p2a: Vaporeon|slp
|
|-heal|p2a: Vaporeon|296\/463 slp|[from] item: Leftovers
|-heal|p1a: Matt Stonie|261\/261 tox|[from] ability: Poison Heal
|turn|25
|callback|decision
|
|switch|p2a: Jirachi|Jirachi|44\/341
|move|p1a: Matt Stonie|Substitute|p1a: Matt Stonie
|-start|p1a: Matt Stonie|Substitute
|-damage|p1a: Matt Stonie|196\/261 tox
|
|-heal|p1a: Matt Stonie|228\/261 tox|[from] ability: Poison Heal
|turn|26
|callback|decision
|
|move|p2a: Jirachi|U-turn|p1a: Matt Stonie
|-end|p1a: Matt Stonie|Substitute
|callback|decision
|
|switch|p2a: Rotom-Heat|Rotom-Heat|168\/304
|move|p1a: Matt Stonie|Substitute|p1a: Matt Stonie
|-start|p1a: Matt Stonie|Substitute
|-damage|p1a: Matt Stonie|163\/261 tox
|
|-heal|p2a: Rotom-Heat|187\/304|[from] item: Leftovers
|-heal|p1a: Matt Stonie|195\/261 tox|[from] ability: Poison Heal
|turn|27
|callback|decision
|
|move|p1a: Matt Stonie|Seed Bomb|p2a: Rotom-Heat
|-damage|p2a: Rotom-Heat|61\/304
|move|p2a: Rotom-Heat|Shadow Ball|p1a: Matt Stonie
|-end|p1a: Matt Stonie|Substitute
|
|-heal|p2a: Rotom-Heat|80\/304|[from] item: Leftovers
|-heal|p1a: Matt Stonie|227\/261 tox|[from] ability: Poison Heal
|turn|28
|callback|decision
|
|switch|p2a: Heatran|Heatran, M|323\/323
|move|p1a: Matt Stonie|Substitute|p1a: Matt Stonie
|-start|p1a: Matt Stonie|Substitute
|-damage|p1a: Matt Stonie|162\/261 tox
|
|-heal|p1a: Matt Stonie|194\/261 tox|[from] ability: Poison Heal
|turn|29
|callback|decision
|chat|thatisnotedible|EOoifjowjeoiajeioajdioajdfoiajenrowarjni
|
|-singleturn|p1a: Matt Stonie|move: Focus Punch
|move|p2a: Heatran|Fire Blast|p1a: Matt Stonie|[miss]
|-miss|p2a: Heatran|p1a: Matt Stonie
|move|p1a: Matt Stonie|Focus Punch|p2a: Heatran
|-supereffective|p2a: Heatran
|-damage|p2a: Heatran|0 fnt
|faint|p2a: Heatran
|
|-heal|p1a: Matt Stonie|226\/261 tox|[from] ability: Poison Heal
|callback|decision
|
|switch|p2a: Vaporeon|Vaporeon, F|296\/463 slp
|turn|30
|callback|decision
|
|switch|p2a: Rotom-Heat|Rotom-Heat|80\/304
|move|p1a: Matt Stonie|Seed Bomb|p2a: Rotom-Heat
|-damage|p2a: Rotom-Heat|0 fnt
|faint|p2a: Rotom-Heat
|
|-heal|p1a: Matt Stonie|258\/261 tox|[from] ability: Poison Heal
|callback|decision
|chat|Thebob650|There is the 6-0 I promised you :) 
|
|switch|p2a: Jirachi|Jirachi|44\/341
|turn|31
|callback|decision
|
|move|p2a: Jirachi|Fire Punch|p1a: Matt Stonie
|-supereffective|p1a: Matt Stonie
|-end|p1a: Matt Stonie|Substitute
|move|p1a: Matt Stonie|Substitute|p1a: Matt Stonie
|-start|p1a: Matt Stonie|Substitute
|-damage|p1a: Matt Stonie|193\/261 tox
|
|-heal|p1a: Matt Stonie|225\/261 tox|[from] ability: Poison Heal
|turn|32
|callback|decision
|
|-singleturn|p1a: Matt Stonie|move: Focus Punch
|move|p2a: Jirachi|Fire Punch|p1a: Matt Stonie
|-supereffective|p1a: Matt Stonie
|-end|p1a: Matt Stonie|Substitute
|move|p1a: Matt Stonie|Focus Punch|p2a: Jirachi
|-damage|p2a: Jirachi|0 fnt
|faint|p2a: Jirachi
|
|-heal|p1a: Matt Stonie|257\/261 tox|[from] ability: Poison Heal
|callback|decision
|
|switch|p2a: Vaporeon|Vaporeon, F|296\/463 slp
|turn|33
|callback|decision
|chat|Thebob650|Please, talk shit now 
|chat|thatisnotedible|Why? I'm not a child.
|chat|Thebob650|like you did last time with your bf
|chat|thatisnotedible|Ohhhh it's you baby!!
|chat|Thebob650|really? 
|chat|thatisnotedible|<3
|chat|thatisnotedible|What's up man!
|chat|thatisnotedible|:)
|chat|Thebob650|last time you had no problem 
|
|move|p1a: Matt Stonie|Seed Bomb|p2a: Vaporeon
|-supereffective|p2a: Vaporeon
|-damage|p2a: Vaporeon|0 fnt
|faint|p2a: Vaporeon
|
|win|Thebob650
|raw|Ladder updating...
|raw|Thebob650's rating: 1350 &rarr; <strong>1370<\/strong><br \/>(+20 for winning)
|raw|thatisnotedible's rating: 1273 &rarr; <strong>1254<\/strong><br \/>(-19 for losing)
|chat|thatisnotedible|Good game ;)