|join|zen95
|join|thatisnotedible
|player|p1|zen95|2
|player|p2|thatisnotedible|101
|gametype|singles
|gen|6
|tier|OU
|rated
|clearpoke
|poke|p1|Excadrill, F
|poke|p1|Charizard, M, shiny
|poke|p1|Dragonite, F
|poke|p1|Azumarill, F
|poke|p1|Thundurus, M
|poke|p1|Terrakion
|poke|p2|Landorus-Therian, M
|poke|p2|Dragonite, M
|poke|p2|Aegislash, M
|poke|p2|Greninja, M
|poke|p2|Rotom-Wash
|poke|p2|Heatran, M
|rule|Sleep Clause Mod: Limit one foe put to sleep
|rule|Species Clause: Limit one of each Pokemon
|rule|OHKO Clause: OHKO moves are banned
|rule|Moody Clause: Moody is banned
|rule|Evasion Moves Clause: Evasion moves are banned
|rule|Endless Battle Clause: Forcing endless battles is banned.
|rule|HP Percentage Mod: HP is reported as percentages
|teampreview
|
|start
|switch|p1a: Azumarill|Azumarill, F|380\/380
|switch|p2a: Landorus-T|Landorus-Therian, M|382\/382
|-ability|p2a: Landorus-T|Intimidate|[of] p1a: Azumarill
|-unboost|p1a: Azumarill|atk|1
|turn|1
|
|move|p2a: Landorus-T|Knock Off|p1a: Azumarill
|-resisted|p1a: Azumarill
|-damage|p1a: Azumarill|320\/380
|-enditem|p1a: Azumarill|Sitrus Berry|[from] move: Knock Off|[of] p2a: Landorus-T
|move|p1a: Azumarill|Belly Drum|p1a: Azumarill
|-damage|p1a: Azumarill|130\/380
|-setboost|p1a: Azumarill|atk|6|[from] move: Belly Drum
|
|turn|2
|
|move|p1a: Azumarill|Aqua Jet|p2a: Landorus-T
|-supereffective|p2a: Landorus-T
|-damage|p2a: Landorus-T|0 fnt
|faint|p2a: Landorus-T
|
|
|switch|p2a: Aegislash|Aegislash, M|261\/261
|turn|3
|
|move|p2a: Aegislash|King's Shield|p2a: Aegislash
|-singleturn|p2a: Aegislash|Protect
|move|p1a: Azumarill|Aqua Jet|p2a: Aegislash
|-activate|p2a: Aegislash|Protect
|-unboost|p1a: Azumarill|atk|2
|
|turn|4
|
|move|p1a: Azumarill|Waterfall|p2a: Aegislash
|-damage|p2a: Aegislash|0 fnt
|faint|p2a: Aegislash
|
|
|switch|p2a: Greninja|Greninja, M|285\/285
|turn|5
|
|move|p1a: Azumarill|Aqua Jet|p2a: Greninja
|-resisted|p2a: Greninja
|-damage|p2a: Greninja|107\/285
|-start|p2a: Greninja|typechange|Grass|[from] Protean
|move|p2a: Greninja|Grass Knot|p1a: Azumarill
|-supereffective|p1a: Azumarill
|-damage|p1a: Azumarill|0 fnt
|-damage|p2a: Greninja|79\/285|[from] item: Life Orb
|faint|p1a: Azumarill
|
|
|switch|p1a: Excadrill|Excadrill, F|361\/361
|-ability|p1a: Excadrill|Mold Breaker
|turn|6
|
|move|p1a: Excadrill|Rock Slide|p2a: Greninja
|-damage|p2a: Greninja|0 fnt
|faint|p2a: Greninja
|
|
|switch|p2a: Dragonite|Dragonite, M|323\/323
|turn|7
|
|move|p1a: Excadrill|Rock Slide|p2a: Dragonite
|-supereffective|p2a: Dragonite
|-damage|p2a: Dragonite|143\/323
|-enditem|p2a: Dragonite|Weakness Policy
|-boost|p2a: Dragonite|atk|2|[from] item: Weakness Policy
|-boost|p2a: Dragonite|spa|2|[from] item: Weakness Policy
|move|p2a: Dragonite|Dragon Dance|p2a: Dragonite
|-boost|p2a: Dragonite|atk|1
|-boost|p2a: Dragonite|spe|1
|
|turn|8
|
|move|p1a: Excadrill|Rock Slide|p2a: Dragonite
|-supereffective|p2a: Dragonite
|-damage|p2a: Dragonite|0 fnt
|faint|p2a: Dragonite
|
|
|switch|p2a: Heatran|Heatran, M|323\/323
|-item|p2a: Heatran|Air Balloon
|turn|9
|
|switch|p1a: Charizard|Charizard, M, shiny|297\/297
|move|p2a: Heatran|Fire Blast|p1a: Charizard
|-crit|p1a: Charizard
|-resisted|p1a: Charizard
|-damage|p1a: Charizard|133\/297
|
|turn|10
|
|-formechange|p1a: Charizard|Charizard-Mega-X
|message|Charizard has Mega Evolved into Mega Charizard!
|move|p1a: Charizard|Roost|p1a: Charizard
|-heal|p1a: Charizard|282\/297
|move|p2a: Heatran|Fire Blast|p1a: Charizard
|-resisted|p1a: Charizard
|-damage|p1a: Charizard|221\/297
|
|turn|11
|
|switch|p1a: Terrakion|Terrakion|323\/323
|move|p2a: Heatran|Earth Power|p1a: Terrakion
|-supereffective|p1a: Terrakion
|-damage|p1a: Terrakion|77\/323
|-unboost|p1a: Terrakion|spd|1
|
|turn|12
|
|move|p1a: Terrakion|Close Combat|p2a: Heatran
|-supereffective|p2a: Heatran
|-damage|p2a: Heatran|0 fnt
|-enditem|p2a: Heatran|Air Balloon
|-unboost|p1a: Terrakion|def|1
|-unboost|p1a: Terrakion|spd|1
|faint|p2a: Heatran
|
|
|switch|p2a: Rotom-Wash|Rotom-Wash|242\/242
|turn|13
|
|move|p1a: Terrakion|Close Combat|p2a: Rotom-Wash
|-damage|p2a: Rotom-Wash|53\/242
|-unboost|p1a: Terrakion|def|1
|-unboost|p1a: Terrakion|spd|1
|move|p2a: Rotom-Wash|Hydro Pump|p1a: Terrakion
|-supereffective|p1a: Terrakion
|-damage|p1a: Terrakion|0 fnt
|faint|p1a: Terrakion
|
|
|switch|p1a: Excadrill|Excadrill, F|361\/361
|-ability|p1a: Excadrill|Mold Breaker
|turn|14
|
|move|p1a: Excadrill|Earthquake|p2a: Rotom-Wash
|-supereffective|p2a: Rotom-Wash
|-damage|p2a: Rotom-Wash|0 fnt
|faint|p2a: Rotom-Wash
|
|win|zen95
|raw|Ladder updating...
|raw|zen95's rating: 1579 &rarr; <strong>1601<\/strong><br \/>(+22 for winning)
|raw|thatisnotedible's rating: 1611 &rarr; <strong>1589<\/strong><br \/>(-22 for losing)
|chat|zen95|gg
|leave|thatisnotedible
|player|p2