|join|WorthlessNoob
|join|thatisnotedible
|player|p1|WorthlessNoob|234
|player|p2|thatisnotedible|169
|gametype|singles
|gen|6
|tier|OU
|rated
|clearpoke
|poke|p1|Gardevoir, M
|poke|p1|Bisharp, M
|poke|p1|Keldeo
|poke|p1|Ferrothorn, F
|poke|p1|Latios, M
|poke|p1|Garchomp, M
|poke|p2|Landorus-Therian, M, shiny
|poke|p2|Dragonite, F
|poke|p2|Aegislash, M
|poke|p2|Greninja, M
|poke|p2|Rotom-Wash
|poke|p2|Heatran, F
|rule|Sleep Clause Mod: Limit one foe put to sleep
|rule|Species Clause: Limit one of each Pokemon
|rule|OHKO Clause: OHKO moves are banned
|rule|Moody Clause: Moody is banned
|rule|Evasion Moves Clause: Evasion moves are banned
|rule|Endless Battle Clause: Forcing endless battles is banned.
|rule|HP Percentage Mod: HP is reported as percentages
|teampreview
|
|start
|switch|p1a: Keldeo|Keldeo|323\/323
|switch|p2a: Rotom-Wash|Rotom-Wash|242\/242
|turn|1
|
|move|p1a: Keldeo|Scald|p2a: Rotom-Wash
|-resisted|p2a: Rotom-Wash
|-damage|p2a: Rotom-Wash|165\/242
|move|p2a: Rotom-Wash|Volt Switch|p1a: Keldeo
|-supereffective|p1a: Keldeo
|-damage|p1a: Keldeo|0 fnt
|faint|p1a: Keldeo
|
|switch|p2a: Landorus-T|Landorus-Therian, M, shiny|382\/382
|
|
|switch|p1a: Ferrothorn|Ferrothorn, F|352\/352
|turn|2
|
|move|p2a: Landorus-T|Knock Off|p1a: Ferrothorn
|-damage|p1a: Ferrothorn|282\/352
|-damage|p2a: Landorus-T|335\/382|[from] ability: Iron Barbs|[of] p1a: Ferrothorn
|-damage|p2a: Landorus-T|272\/382|[from] item: Rocky Helmet|[of] p1a: Ferrothorn
|-enditem|p1a: Ferrothorn|Rocky Helmet|[from] move: Knock Off|[of] p2a: Landorus-T
|move|p1a: Ferrothorn|Stealth Rock|p2a: Landorus-T
|-sidestart|p2: thatisnotedible|move: Stealth Rock
|
|-heal|p2a: Landorus-T|295\/382|[from] item: Leftovers
|turn|3
|
|move|p2a: Landorus-T|Stealth Rock|p1a: Ferrothorn
|-sidestart|p1: WorthlessNoob|move: Stealth Rock
|move|p1a: Ferrothorn|Leech Seed|p2a: Landorus-T
|-start|p2a: Landorus-T|move: Leech Seed
|
|-heal|p2a: Landorus-T|318\/382|[from] item: Leftovers
|-damage|p2a: Landorus-T|271\/382|[from] Leech Seed|[of] p1a: Ferrothorn
|-heal|p1a: Ferrothorn|329\/352|[silent]
|turn|4
|
|move|p2a: Landorus-T|U-turn|p1a: Ferrothorn
|-damage|p1a: Ferrothorn|283\/352
|-damage|p2a: Landorus-T|224\/382|[from] ability: Iron Barbs|[of] p1a: Ferrothorn
|
|switch|p2a: Heatran|Heatran, F|323\/323
|-damage|p2a: Heatran|283\/323|[from] Stealth Rock
|-item|p2a: Heatran|Air Balloon
|move|p1a: Ferrothorn|Thunder Wave|p2a: Heatran
|-status|p2a: Heatran|par
|
|turn|5
|
|switch|p1a: Latios|Latios, M|301\/301
|-damage|p1a: Latios|264\/301|[from] Stealth Rock
|cant|p2a: Heatran|par
|
|turn|6
|
|switch|p2a: Aegislash|Aegislash, M|261\/261
|-damage|p2a: Aegislash|245\/261|[from] Stealth Rock
|move|p1a: Latios|Surf|p2a: Aegislash
|-damage|p2a: Aegislash|173\/261
|
|-heal|p2a: Aegislash|189\/261|[from] item: Leftovers
|turn|7
|
|switch|p1a: Garchomp|Garchomp, M|358\/358
|-damage|p1a: Garchomp|336\/358|[from] Stealth Rock
|switch|p2a: Landorus-T|Landorus-Therian, M, shiny|224\/382
|-damage|p2a: Landorus-T|177\/382|[from] Stealth Rock
|-ability|p2a: Landorus-T|Intimidate|[of] p1a: Garchomp
|-unboost|p1a: Garchomp|atk|1
|
|-heal|p2a: Landorus-T|200\/382|[from] item: Leftovers
|turn|8
|
|move|p1a: Garchomp|Dragon Claw|p2a: Landorus-T
|-damage|p2a: Landorus-T|104\/382
|move|p2a: Landorus-T|Earthquake|p1a: Garchomp
|-damage|p1a: Garchomp|162\/358
|
|-heal|p2a: Landorus-T|127\/382|[from] item: Leftovers
|turn|9
|
|switch|p1a: Ferrothorn|Ferrothorn, F|283\/352
|-damage|p1a: Ferrothorn|261\/352|[from] Stealth Rock
|move|p2a: Landorus-T|Earthquake|p1a: Ferrothorn
|-damage|p1a: Ferrothorn|165\/352
|
|-heal|p2a: Landorus-T|150\/382|[from] item: Leftovers
|turn|10
|
|move|p2a: Landorus-T|Earthquake|p1a: Ferrothorn
|-damage|p1a: Ferrothorn|69\/352
|move|p1a: Ferrothorn|Leech Seed|p2a: Landorus-T
|-start|p2a: Landorus-T|move: Leech Seed
|
|-heal|p2a: Landorus-T|173\/382|[from] item: Leftovers
|-damage|p2a: Landorus-T|126\/382|[from] Leech Seed|[of] p1a: Ferrothorn
|-heal|p1a: Ferrothorn|116\/352|[silent]
|turn|11
|
|move|p2a: Landorus-T|U-turn|p1a: Ferrothorn
|-damage|p1a: Ferrothorn|65\/352
|-damage|p2a: Landorus-T|79\/382|[from] ability: Iron Barbs|[of] p1a: Ferrothorn
|
|switch|p2a: Heatran|Heatran, F|283\/323 par
|-damage|p2a: Heatran|243\/323 par|[from] Stealth Rock
|-item|p2a: Heatran|Air Balloon
|move|p1a: Ferrothorn|Power Whip|p2a: Heatran
|-resisted|p2a: Heatran
|-damage|p2a: Heatran|212\/323 par
|-enditem|p2a: Heatran|Air Balloon
|
|turn|12
|
|move|p1a: Ferrothorn|Leech Seed|p2a: Heatran|[miss]
|-miss|p1a: Ferrothorn|p2a: Heatran
|move|p2a: Heatran|Hidden Power|p1a: Ferrothorn
|-damage|p1a: Ferrothorn|7\/352
|
|turn|13
|
|switch|p2a: Rotom-Wash|Rotom-Wash|165\/242
|-damage|p2a: Rotom-Wash|135\/242|[from] Stealth Rock
|move|p1a: Ferrothorn|Leech Seed|p2a: Rotom-Wash
|-start|p2a: Rotom-Wash|move: Leech Seed
|
|-damage|p2a: Rotom-Wash|105\/242|[from] Leech Seed|[of] p1a: Ferrothorn
|-heal|p1a: Ferrothorn|37\/352|[silent]
|turn|14
|
|move|p2a: Rotom-Wash|Volt Switch|p1a: Ferrothorn
|-resisted|p1a: Ferrothorn
|-damage|p1a: Ferrothorn|0 fnt
|faint|p1a: Ferrothorn
|
|switch|p2a: Aegislash|Aegislash, M|189\/261
|-damage|p2a: Aegislash|173\/261|[from] Stealth Rock
|
|-heal|p2a: Aegislash|189\/261|[from] item: Leftovers
|
|switch|p1a: Bisharp|Bisharp, M|272\/272
|-damage|p1a: Bisharp|255\/272|[from] Stealth Rock
|turn|15
|
|move|p1a: Bisharp|Knock Off|p2a: Aegislash
|-crit|p2a: Aegislash
|-supereffective|p2a: Aegislash
|-damage|p2a: Aegislash|0 fnt
|faint|p2a: Aegislash
|
|
|switch|p2a: Heatran|Heatran, F|212\/323 par
|-damage|p2a: Heatran|172\/323 par|[from] Stealth Rock
|turn|16
|
|move|p1a: Bisharp|Knock Off|p2a: Heatran
|-damage|p2a: Heatran|39\/323 par
|move|p2a: Heatran|Hidden Power|p1a: Bisharp
|-resisted|p1a: Bisharp
|-damage|p1a: Bisharp|210\/272
|
|turn|17
|
|move|p1a: Bisharp|Knock Off|p2a: Heatran
|-damage|p2a: Heatran|0 fnt
|faint|p2a: Heatran
|
|
|switch|p2a: Greninja|Greninja, M|285\/285
|-damage|p2a: Greninja|250\/285|[from] Stealth Rock
|turn|18
|
|move|p1a: Bisharp|Sucker Punch|p2a: Greninja
|-resisted|p2a: Greninja
|-damage|p2a: Greninja|121\/285
|-start|p2a: Greninja|typechange|Water|[from] Protean
|move|p2a: Greninja|Hydro Pump|p1a: Bisharp
|-damage|p1a: Bisharp|0 fnt
|-damage|p2a: Greninja|93\/285|[from] item: Life Orb
|faint|p1a: Bisharp
|
|
|switch|p1a: Latios|Latios, M|264\/301
|-damage|p1a: Latios|227\/301|[from] Stealth Rock
|turn|19
|
|move|p1a: Latios|Psyshock|p2a: Greninja
|-damage|p2a: Greninja|0 fnt
|faint|p2a: Greninja
|
|
|switch|p2a: Rotom-Wash|Rotom-Wash|105\/242
|-damage|p2a: Rotom-Wash|75\/242|[from] Stealth Rock
|turn|20
|
|move|p1a: Latios|Psyshock|p2a: Rotom-Wash
|-damage|p2a: Rotom-Wash|0 fnt
|faint|p2a: Rotom-Wash
|
|
|switch|p2a: Landorus-T|Landorus-Therian, M, shiny|79\/382
|-damage|p2a: Landorus-T|32\/382|[from] Stealth Rock
|-ability|p2a: Landorus-T|Intimidate|[of] p1a: Latios
|-unboost|p1a: Latios|atk|1
|turn|21
|
|move|p1a: Latios|Psyshock|p2a: Landorus-T
|-damage|p2a: Landorus-T|0 fnt
|faint|p2a: Landorus-T
|
|
|switch|p2a: Dragonite|Dragonite, F|323\/323
|-damage|p2a: Dragonite|243\/323|[from] Stealth Rock
|turn|22
|
|move|p1a: Latios|Psyshock|p2a: Dragonite
|-damage|p2a: Dragonite|101\/323
|move|p2a: Dragonite|Dragon Dance|p2a: Dragonite
|-boost|p2a: Dragonite|atk|1
|-boost|p2a: Dragonite|spe|1
|
|turn|23
|
|move|p1a: Latios|Psyshock|p2a: Dragonite
|-damage|p2a: Dragonite|0 fnt
|faint|p2a: Dragonite
|
|win|WorthlessNoob
|raw|Ladder updating...
|raw|WorthlessNoob's rating: 1582 &rarr; <strong>1598<\/strong><br \/>(+16 for winning)
|raw|thatisnotedible's rating: 1509 &rarr; <strong>1493<\/strong><br \/>(-16 for losing)
|chat|WorthlessNoob|gg
|chat|thatisnotedible|gg