|join|Sith Grey Warden
|join|thatisnotedible
|player|p1|Sith Grey Warden|235
|player|p2|thatisnotedible|77
|gametype|singles
|gen|6
|tier|OU
|rated
|clearpoke
|poke|p1|Charizard, M
|poke|p1|Tyranitar, F
|poke|p1|Breloom, F
|poke|p1|Rotom-Wash
|poke|p1|Excadrill, M
|poke|p1|Sylveon, F
|poke|p2|Landorus-Therian, M
|poke|p2|Rotom-Wash
|poke|p2|Slurpuff, M
|poke|p2|Greninja, F
|poke|p2|Charizard, M
|poke|p2|Latias, F
|rule|Swagger Clause: Swagger is banned
|rule|Baton Pass Clause: Limit one PokÃ©mon knowing Baton Pass
|rule|Sleep Clause Mod: Limit one foe put to sleep
|rule|Species Clause: Limit one of each PokÃ©mon
|rule|OHKO Clause: OHKO moves are banned
|rule|Moody Clause: Moody is banned
|rule|Evasion Moves Clause: Evasion moves are banned
|rule|Endless Battle Clause: Forcing endless battles is banned
|rule|HP Percentage Mod: HP is shown in percentages
|teampreview
|
|start
|switch|p1a: GSC|Tyranitar, F|403\/403
|switch|p2a: Landorus-Therian|Landorus-Therian, M|320\/320
|-ability|p2a: Landorus-Therian|Intimidate|[of] p1a: GSC
|-unboost|p1a: GSC|atk|1
|-weather|Sandstorm
|turn|1
|
|switch|p1a: DPPt|Rotom-Wash|303\/303
|move|p2a: Landorus-Therian|U-turn|p1a: DPPt
|-damage|p1a: DPPt|238\/303
|
|switch|p2a: Charizard|Charizard, M|298\/298
|
|-weather|Sandstorm|[upkeep]
|-damage|p2a: Charizard|280\/298|[from] sandstorm
|-damage|p1a: DPPt|220\/303|[from] sandstorm
|-heal|p1a: DPPt|238\/303|[from] item: Leftovers
|turn|2
|
|detailschange|p2a: Charizard|Charizard-Mega-X, M
|message|Charizard has Mega Evolved into Mega Charizard!
|move|p2a: Charizard|Dragon Dance|p2a: Charizard
|-boost|p2a: Charizard|atk|1
|-boost|p2a: Charizard|spe|1
|move|p1a: DPPt|Volt Switch|p2a: Charizard
|-crit|p2a: Charizard
|-resisted|p2a: Charizard
|-damage|p2a: Charizard|202\/298
|
|switch|p1a: BW|Excadrill, M|361\/361
|
|-weather|Sandstorm|[upkeep]
|-damage|p2a: Charizard|184\/298|[from] sandstorm
|turn|3
|
|switch|p2a: Rotom-Wash|Rotom-Wash|304\/304
|move|p1a: BW|Rock Slide|p2a: Rotom-Wash
|-damage|p2a: Rotom-Wash|186\/304
|-damage|p1a: BW|325\/361|[from] item: Life Orb
|
|-weather|Sandstorm|[upkeep]
|-damage|p2a: Rotom-Wash|167\/304|[from] sandstorm
|-heal|p2a: Rotom-Wash|186\/304|[from] item: Leftovers
|turn|4
|
|switch|p1a: XY|Sylveon, F|394\/394
|move|p2a: Rotom-Wash|Hydro Pump|p1a: XY
|-damage|p1a: XY|280\/394
|
|-weather|Sandstorm|[upkeep]
|-damage|p2a: Rotom-Wash|167\/304|[from] sandstorm
|-damage|p1a: XY|256\/394|[from] sandstorm
|-heal|p2a: Rotom-Wash|186\/304|[from] item: Leftovers
|turn|5
|
|move|p2a: Rotom-Wash|Volt Switch|p1a: XY
|-crit|p1a: XY
|-damage|p1a: XY|157\/394
|
|switch|p2a: Landorus-Therian|Landorus-Therian, M|320\/320
|-ability|p2a: Landorus-Therian|Intimidate|[of] p1a: XY
|-unboost|p1a: XY|atk|1
|move|p1a: XY|Hyper Voice|p2a: Landorus-Therian
|-damage|p2a: Landorus-Therian|0 fnt
|faint|p2a: Landorus-Therian
|
|-weather|Sandstorm|[upkeep]
|-damage|p1a: XY|133\/394|[from] sandstorm
|
|switch|p2a: Greninja|Greninja, F|286\/286
|turn|6
|
|switch|p1a: DPPt|Rotom-Wash|238\/303
|move|p2a: Greninja|Hydro Pump|p1a: DPPt
|-start|p2a: Greninja|typechange|Water|[from] Protean
|-resisted|p1a: DPPt
|-damage|p1a: DPPt|135\/303
|-damage|p2a: Greninja|258\/286|[from] item: Life Orb
|
|-weather|Sandstorm|[upkeep]
|-damage|p2a: Greninja|241\/286|[from] sandstorm
|-damage|p1a: DPPt|117\/303|[from] sandstorm
|-heal|p1a: DPPt|135\/303|[from] item: Leftovers
|turn|7
|
|move|p2a: Greninja|Dark Pulse|p1a: DPPt
|-start|p2a: Greninja|typechange|Dark|[from] Protean
|-damage|p1a: DPPt|0 fnt
|-damage|p2a: Greninja|213\/286|[from] item: Life Orb
|faint|p1a: DPPt
|
|-weather|Sandstorm|[upkeep]
|-damage|p2a: Greninja|196\/286|[from] sandstorm
|
|switch|p1a: BW|Excadrill, M|325\/361
|turn|8
|
|switch|p2a: Rotom-Wash|Rotom-Wash|186\/304
|move|p1a: BW|Iron Head|p2a: Rotom-Wash
|-resisted|p2a: Rotom-Wash
|-damage|p2a: Rotom-Wash|134\/304
|-damage|p1a: BW|289\/361|[from] item: Life Orb
|
|-weather|none
|-heal|p2a: Rotom-Wash|153\/304|[from] item: Leftovers
|turn|9
|
|switch|p1a: XY|Sylveon, F|133\/394
|move|p2a: Rotom-Wash|Will-O-Wisp|p1a: XY
|-status|p1a: XY|brn
|
|-heal|p2a: Rotom-Wash|172\/304|[from] item: Leftovers
|-damage|p1a: XY|84\/394 brn|[from] brn
|turn|10
|
|move|p2a: Rotom-Wash|Hydro Pump|p1a: XY
|-damage|p1a: XY|0 fnt
|faint|p1a: XY
|
|-heal|p2a: Rotom-Wash|191\/304|[from] item: Leftovers
|
|switch|p1a: RBY|Charizard, M|319\/319
|turn|11
|
|detailschange|p1a: RBY|Charizard-Mega-X, M
|message|Charizard has Mega Evolved into Mega Charizard!
|move|p1a: RBY|Dragon Dance|p1a: RBY
|-boost|p1a: RBY|atk|1
|-boost|p1a: RBY|spe|1
|move|p2a: Rotom-Wash|Hydro Pump|p1a: RBY|[miss]
|-miss|p2a: Rotom-Wash|p1a: RBY
|
|-heal|p2a: Rotom-Wash|210\/304|[from] item: Leftovers
|turn|12
|
|move|p1a: RBY|Dragon Claw|p2a: Rotom-Wash
|-damage|p2a: Rotom-Wash|0 fnt
|faint|p2a: Rotom-Wash
|
|
|switch|p2a: Greninja|Greninja, F|196\/286
|turn|13
|
|move|p1a: RBY|Dragon Claw|p2a: Greninja
|-damage|p2a: Greninja|0 fnt
|faint|p2a: Greninja
|
|
|switch|p2a: Slurpuff|Slurpuff, M|334\/334
|turn|14
|
|move|p1a: RBY|Flare Blitz|p2a: Slurpuff
|-damage|p2a: Slurpuff|0 fnt
|-damage|p1a: RBY|209\/319|[from] recoil|[of] p2a: Slurpuff
|faint|p2a: Slurpuff
|
|
|switch|p2a: Charizard|Charizard-Mega-X, M|184\/298
|turn|15
|
|move|p1a: RBY|Dragon Claw|p2a: Charizard
|-supereffective|p2a: Charizard
|-damage|p2a: Charizard|0 fnt
|faint|p2a: Charizard
|
|
|switch|p2a: Latias|Latias, F|302\/302
|turn|16
|-message|thatisnotedible forfeited.
|
|win|Sith Grey Warden
|raw|Ladder updating...
|leave|thatisnotedible
|player|p2
|raw|Sith Grey Warden's rating: 1515 &rarr; <strong>1528<\/strong><br \/>(+13 for winning)
|raw|thatisnotedible's rating: 1390 &rarr; <strong>1377<\/strong><br \/>(-13 for losing)