|join|boobnoob
|join|thatisnotedible
|player|p1|boobnoob|290
|player|p2|thatisnotedible|101
|gametype|singles
|gen|6
|tier|OU
|rated
|clearpoke
|poke|p1|Talonflame, F
|poke|p1|Landorus-Therian, M
|poke|p1|Manaphy
|poke|p1|Conkeldurr, F
|poke|p1|Scizor, F
|poke|p1|Manectric, F
|poke|p2|Metagross
|poke|p2|Dragonite, F
|poke|p2|Aegislash, M
|poke|p2|Greninja, M
|poke|p2|Scizor, M
|poke|p2|Heatran, M
|rule|Sleep Clause Mod: Limit one foe put to sleep
|rule|Species Clause: Limit one of each Pokemon
|rule|OHKO Clause: OHKO moves are banned
|rule|Moody Clause: Moody is banned
|rule|Evasion Moves Clause: Evasion moves are banned
|rule|Endless Battle Clause: Forcing endless battles is banned.
|rule|HP Percentage Mod: HP is reported as percentages
|teampreview
|
|start
|switch|p1a: Manectric|Manectric, F|281\/281
|switch|p2a: Metagross|Metagross|340\/340
|turn|1
|
|-formechange|p1a: Manectric|Manectric-Mega
|message|Manectric has Mega Evolved into Mega Manectric!
|-ability|p1a: Manectric|Intimidate|[of] p2a: Metagross
|-fail|p2a: Metagross|unboost|[from] ability: Clear Body|[of] p2a: Metagross
|move|p1a: Manectric|Volt Switch|p2a: Metagross
|-damage|p2a: Metagross|192\/340
|
|switch|p1a: Landorus-Therian|Landorus-Therian, M|379\/379
|-ability|p1a: Landorus-Therian|Intimidate|[of] p2a: Metagross
|-fail|p2a: Metagross|unboost|[from] ability: Clear Body|[of] p2a: Metagross
|move|p2a: Metagross|Earthquake|p1a: Landorus-Therian
|-immune|p1a: Landorus-Therian|[msg]
|
|turn|2
|
|switch|p2a: Dragonite|Dragonite, F|323\/323
|move|p1a: Landorus-Therian|Knock Off|p2a: Dragonite
|-damage|p2a: Dragonite|256\/323
|-enditem|p2a: Dragonite|Weakness Policy|[from] move: Knock Off|[of] p1a: Landorus-Therian
|
|turn|3
|
|move|p2a: Dragonite|Dragon Dance|p2a: Dragonite
|-boost|p2a: Dragonite|atk|1
|-boost|p2a: Dragonite|spe|1
|move|p1a: Landorus-Therian|U-turn|p2a: Dragonite
|-resisted|p2a: Dragonite
|-damage|p2a: Dragonite|205\/323
|
|switch|p1a: Conkeldurr|Conkeldurr, F|414\/414
|
|turn|4
|
|move|p2a: Dragonite|Dragon Claw|p1a: Conkeldurr
|-crit|p1a: Conkeldurr
|-damage|p1a: Conkeldurr|50\/414
|move|p1a: Conkeldurr|Ice Punch|p2a: Dragonite
|-supereffective|p2a: Dragonite
|-damage|p2a: Dragonite|0 fnt
|faint|p2a: Dragonite
|
|
|switch|p2a: Scizor|Scizor, M|282\/282
|turn|5
|
|switch|p1a: Landorus-Therian|Landorus-Therian, M|379\/379
|-ability|p1a: Landorus-Therian|Intimidate|[of] p2a: Scizor
|-unboost|p2a: Scizor|atk|1
|-formechange|p2a: Scizor|Scizor-Mega
|message|Scizor has Mega Evolved into Mega Scizor!
|move|p2a: Scizor|U-turn|p1a: Landorus-Therian
|-crit|p1a: Landorus-Therian
|-resisted|p1a: Landorus-Therian
|-damage|p1a: Landorus-Therian|252\/379
|
|switch|p2a: Heatran|Heatran, M|323\/323
|-item|p2a: Heatran|Air Balloon
|
|turn|6
|
|move|p2a: Heatran|Hidden Power|p1a: Landorus-Therian
|-supereffective|p1a: Landorus-Therian
|-damage|p1a: Landorus-Therian|16\/379
|move|p1a: Landorus-Therian|U-turn|p2a: Heatran
|-resisted|p2a: Heatran
|-damage|p2a: Heatran|300\/323
|-enditem|p2a: Heatran|Air Balloon
|
|switch|p1a: Conkeldurr|Conkeldurr, F|50\/414
|
|turn|7
|
|switch|p2a: Aegislash|Aegislash, M|261\/261
|move|p1a: Conkeldurr|Mach Punch|p2a: Aegislash
|-immune|p2a: Aegislash|[msg]
|
|turn|8
|
|move|p1a: Conkeldurr|Mach Punch|p2a: Aegislash
|-immune|p2a: Aegislash|[msg]
|move|p2a: Aegislash|Swords Dance|p2a: Aegislash
|-boost|p2a: Aegislash|atk|2
|
|turn|9
|
|move|p2a: Aegislash|Swords Dance|p2a: Aegislash
|-boost|p2a: Aegislash|atk|2
|move|p1a: Conkeldurr|Knock Off|p2a: Aegislash
|-supereffective|p2a: Aegislash
|-damage|p2a: Aegislash|101\/261
|-enditem|p2a: Aegislash|Leftovers|[from] move: Knock Off|[of] p1a: Conkeldurr
|
|turn|10
|
|move|p2a: Aegislash|King's Shield|p2a: Aegislash
|-singleturn|p2a: Aegislash|Protect
|move|p1a: Conkeldurr|Knock Off|p2a: Aegislash
|-activate|p2a: Aegislash|Protect
|-unboost|p1a: Conkeldurr|atk|2
|
|turn|11
|
|move|p2a: Aegislash|Swords Dance|p2a: Aegislash
|-boost|p2a: Aegislash|atk|2
|move|p1a: Conkeldurr|Knock Off|p2a: Aegislash
|-crit|p2a: Aegislash
|-supereffective|p2a: Aegislash
|-damage|p2a: Aegislash|0 fnt
|faint|p2a: Aegislash
|
|chat|thatisnotedible|;-;
|
|switch|p2a: Scizor|Scizor, M|282\/282
|-formechange|p2a: Scizor|Scizor-Mega
|turn|12
|chat|boobnoob|you got crits too
|
|move|p2a: Scizor|U-turn|p1a: Conkeldurr
|-resisted|p1a: Conkeldurr
|-damage|p1a: Conkeldurr|0 fnt
|faint|p1a: Conkeldurr
|
|switch|p2a: Greninja|Greninja, M|285\/285
|
|
|switch|p1a: Manectric|Manectric, F|281\/281
|-formechange|p1a: Manectric|Manectric-Mega
|-ability|p1a: Manectric|Intimidate|[of] p2a: Greninja
|-unboost|p2a: Greninja|atk|1
|turn|13
|
|move|p1a: Manectric|Thunderbolt|p2a: Greninja
|-supereffective|p2a: Greninja
|-enditem|p2a: Greninja|Focus Sash
|-damage|p2a: Greninja|1\/285
|-start|p2a: Greninja|typechange|Water|[from] Protean
|move|p2a: Greninja|Hydro Pump|p1a: Manectric
|-damage|p1a: Manectric|79\/281
|
|turn|14
|
|switch|p2a: Metagross|Metagross|192\/340
|move|p1a: Manectric|Volt Switch|p2a: Metagross
|-damage|p2a: Metagross|47\/340
|
|switch|p1a: Talonflame|Talonflame, F|345\/345
|
|turn|15
|
|switch|p1a: Manaphy|Manaphy|341\/341
|move|p2a: Metagross|Meteor Mash|p1a: Manaphy
|-resisted|p1a: Manaphy
|-damage|p1a: Manaphy|245\/341
|
|-heal|p1a: Manaphy|266\/341|[from] item: Leftovers
|turn|16
|
|move|p1a: Manaphy|Scald|p2a: Metagross
|-damage|p2a: Metagross|0 fnt
|faint|p2a: Metagross
|
|-heal|p1a: Manaphy|287\/341|[from] item: Leftovers
|
|switch|p2a: Scizor|Scizor, M|282\/282
|-formechange|p2a: Scizor|Scizor-Mega
|turn|17
|
|switch|p1a: Landorus-Therian|Landorus-Therian, M|16\/379
|-ability|p1a: Landorus-Therian|Intimidate|[of] p2a: Scizor
|-unboost|p2a: Scizor|atk|1
|move|p2a: Scizor|U-turn|p1a: Landorus-Therian
|-resisted|p1a: Landorus-Therian
|-damage|p1a: Landorus-Therian|0 fnt
|faint|p1a: Landorus-Therian
|
|switch|p2a: Heatran|Heatran, M|300\/323
|
|
|switch|p1a: Manaphy|Manaphy|287\/341
|turn|18
|
|move|p1a: Manaphy|Tail Glow|p1a: Manaphy
|-boost|p1a: Manaphy|spa|3
|move|p2a: Heatran|Earth Power|p1a: Manaphy
|-damage|p1a: Manaphy|178\/341
|
|-heal|p1a: Manaphy|199\/341|[from] item: Leftovers
|turn|19
|
|move|p1a: Manaphy|Scald|p2a: Heatran
|-supereffective|p2a: Heatran
|-damage|p2a: Heatran|0 fnt
|faint|p2a: Heatran
|
|-heal|p1a: Manaphy|220\/341|[from] item: Leftovers
|
|switch|p2a: Greninja|Greninja, M|1\/285
|turn|20
|
|-start|p2a: Greninja|typechange|Dark|[from] Protean
|move|p2a: Greninja|Dark Pulse|p1a: Manaphy
|-damage|p1a: Manaphy|94\/341
|move|p1a: Manaphy|Scald|p2a: Greninja
|-crit|p2a: Greninja
|-damage|p2a: Greninja|0 fnt
|faint|p2a: Greninja
|
|-heal|p1a: Manaphy|115\/341|[from] item: Leftovers
|
|switch|p2a: Scizor|Scizor, M|282\/282
|-formechange|p2a: Scizor|Scizor-Mega
|turn|21
|
|move|p2a: Scizor|Bullet Punch|p1a: Manaphy
|-resisted|p1a: Manaphy
|-damage|p1a: Manaphy|49\/341
|move|p1a: Manaphy|Scald|p2a: Scizor
|-damage|p2a: Scizor|0 fnt
|faint|p2a: Scizor
|
|win|boobnoob
|raw|Ladder updating...
|chat|thatisnotedible|gg
|chat|boobnoob|gg
|leave|thatisnotedible
|player|p2
|raw|Ladder (probably) updated, but score could not be retrieved (timeout).
|raw|Ladder (probably) updated, but score could not be retrieved (Error: socket hang up).