|join|Menno
|join|thatisnotedible
|player|p1|Menno|2
|player|p2|thatisnotedible|102
|gametype|singles
|gen|6
|tier|OU
|rated
|clearpoke
|poke|p1|Deoxys-Defense
|poke|p1|Aegislash, M
|poke|p1|Manectric, M
|poke|p1|Keldeo-Resolute
|poke|p1|Weavile, F
|poke|p1|Staraptor, F
|poke|p2|Landorus-Therian, M, shiny
|poke|p2|Dragonite, M
|poke|p2|Aegislash, F
|poke|p2|Greninja, F
|poke|p2|Rotom-Wash
|poke|p2|Heatran, M
|rule|Sleep Clause Mod: Limit one foe put to sleep
|rule|Species Clause: Limit one of each Pokemon
|rule|OHKO Clause: OHKO moves are banned
|rule|Moody Clause: Moody is banned
|rule|Evasion Moves Clause: Evasion moves are banned
|rule|Endless Battle Clause: Forcing endless battles is banned.
|rule|HP Percentage Mod: HP is reported as percentages
|teampreview
|
|start
|switch|p1a: Deoxys-Defense|Deoxys-Defense|304\/304
|switch|p2a: Greninja|Greninja, F|285\/285
|-ability|p1a: Deoxys-Defense|Pressure
|turn|1
|
|-start|p2a: Greninja|typechange|Dark|[from] Protean
|move|p2a: Greninja|Dark Pulse|p1a: Deoxys-Defense
|-supereffective|p1a: Deoxys-Defense
|-damage|p1a: Deoxys-Defense|91\/304
|-enditem|p1a: Deoxys-Defense|Red Card|[of] p2a: Greninja
|drag|p2a: Heatran|Heatran, M|323\/323
|-item|p2a: Heatran|Air Balloon
|move|p1a: Deoxys-Defense|Stealth Rock|p2a: Heatran
|-sidestart|p2: thatisnotedible|move: Stealth Rock
|
|turn|2
|
|move|p1a: Deoxys-Defense|Taunt|p2a: Heatran
|-start|p2a: Heatran|move: Taunt
|move|p2a: Heatran|Fire Blast|p1a: Deoxys-Defense|[miss]
|-miss|p2a: Heatran|p1a: Deoxys-Defense
|
|turn|3
|
|move|p1a: Deoxys-Defense|Spikes|p2a: Heatran
|-sidestart|p2: thatisnotedible|Spikes
|move|p2a: Heatran|Fire Blast|p1a: Deoxys-Defense
|-damage|p1a: Deoxys-Defense|0 fnt
|faint|p1a: Deoxys-Defense
|
|
|switch|p1a: Weavile|Weavile, F|281\/281
|-ability|p1a: Weavile|Pressure
|turn|4
|
|move|p1a: Weavile|Low Kick|p2a: Heatran
|-supereffective|p2a: Heatran
|-damage|p2a: Heatran|14\/323
|-enditem|p2a: Heatran|Air Balloon
|-damage|p1a: Weavile|253\/281|[from] item: Life Orb
|move|p2a: Heatran|Fire Blast|p1a: Weavile
|-supereffective|p1a: Weavile
|-damage|p1a: Weavile|0 fnt
|faint|p1a: Weavile
|
|-end|p2a: Heatran|move: Taunt
|
|switch|p1a: Staraptor|Staraptor, F|312\/312
|turn|5
|
|move|p1a: Staraptor|U-turn|p2a: Heatran
|-resisted|p2a: Heatran
|-damage|p2a: Heatran|0 fnt
|faint|p2a: Heatran
|
|switch|p1a: Manectric|Manectric, M|282\/282
|
|
|switch|p2a: Aegislash|Aegislash, F|261\/261
|-damage|p2a: Aegislash|229\/261|[from] Spikes
|-damage|p2a: Aegislash|213\/261|[from] Stealth Rock
|turn|6
|
|-ability|p1a: Manectric|Intimidate|[of] p2a: Aegislash
|-unboost|p2a: Aegislash|atk|1
|detailschange|p1a: Manectric|Manectric-Mega, M
|message|Manectric has Mega Evolved into Mega Manectric!
|move|p2a: Aegislash|King's Shield|p2a: Aegislash
|-singleturn|p2a: Aegislash|Protect
|move|p1a: Manectric|Volt Switch|p2a: Aegislash
|-activate|p2a: Aegislash|Protect
|
|-heal|p2a: Aegislash|229\/261|[from] item: Leftovers
|turn|7
|
|move|p1a: Manectric|Volt Switch|p2a: Aegislash
|-damage|p2a: Aegislash|132\/261
|
|switch|p1a: Keldeo-Resolute|Keldeo-Resolute|323\/323
|move|p2a: Aegislash|Swords Dance|p2a: Aegislash
|-boost|p2a: Aegislash|atk|2
|
|-heal|p2a: Aegislash|148\/261|[from] item: Leftovers
|turn|8
|
|move|p2a: Aegislash|King's Shield|p2a: Aegislash
|-singleturn|p2a: Aegislash|Protect
|move|p1a: Keldeo-Resolute|Hydro Pump|p2a: Aegislash
|-activate|p2a: Aegislash|Protect
|
|-heal|p2a: Aegislash|164\/261|[from] item: Leftovers
|turn|9
|
|move|p1a: Keldeo-Resolute|Hydro Pump|p2a: Aegislash
|-damage|p2a: Aegislash|0 fnt
|faint|p2a: Aegislash
|
|
|switch|p2a: Rotom-Wash|Rotom-Wash|242\/242
|-damage|p2a: Rotom-Wash|212\/242|[from] Stealth Rock
|turn|10
|
|switch|p1a: Manectric|Manectric-Mega, M|282\/282
|-ability|p1a: Manectric|Intimidate|[of] p2a: Rotom-Wash
|-unboost|p2a: Rotom-Wash|atk|1
|move|p2a: Rotom-Wash|Volt Switch|p1a: Manectric
|-resisted|p1a: Manectric
|-damage|p1a: Manectric|187\/282
|
|switch|p2a: Landorus-T|Landorus-Therian, M, shiny|382\/382
|-damage|p2a: Landorus-T|335\/382|[from] Stealth Rock
|-ability|p2a: Landorus-T|Intimidate|[of] p1a: Manectric
|-unboost|p1a: Manectric|atk|1
|
|-heal|p2a: Landorus-T|358\/382|[from] item: Leftovers
|turn|11
|
|switch|p2a: Rotom-Wash|Rotom-Wash|212\/242
|-damage|p2a: Rotom-Wash|182\/242|[from] Stealth Rock
|move|p1a: Manectric|Hidden Power|p2a: Rotom-Wash
|-crit|p2a: Rotom-Wash
|-resisted|p2a: Rotom-Wash
|-damage|p2a: Rotom-Wash|142\/242
|
|turn|12
|
|switch|p1a: Aegislash|Aegislash, M|285\/285
|move|p2a: Rotom-Wash|Hydro Pump|p1a: Aegislash
|-damage|p1a: Aegislash|80\/285
|
|turn|13
|
|-formechange|p1a: Aegislash|Aegislash-Blade
|move|p1a: Aegislash|Shadow Sneak|p2a: Rotom-Wash
|-damage|p2a: Rotom-Wash|64\/242
|move|p2a: Rotom-Wash|Hydro Pump|p1a: Aegislash
|-damage|p1a: Aegislash|0 fnt
|faint|p1a: Aegislash
|
|
|switch|p1a: Staraptor|Staraptor, F|312\/312
|turn|14
|
|switch|p2a: Landorus-T|Landorus-Therian, M, shiny|358\/382
|-damage|p2a: Landorus-T|311\/382|[from] Stealth Rock
|-ability|p2a: Landorus-T|Intimidate|[of] p1a: Staraptor
|-unboost|p1a: Staraptor|atk|1
|move|p1a: Staraptor|Double-Edge|p2a: Landorus-T
|-damage|p2a: Landorus-T|146\/382
|-damage|p1a: Staraptor|258\/312|[from] recoil|[of] p2a: Landorus-T
|
|-heal|p2a: Landorus-T|169\/382|[from] item: Leftovers
|turn|15
|
|move|p1a: Staraptor|Double-Edge|p2a: Landorus-T
|-damage|p2a: Landorus-T|4\/382
|-damage|p1a: Staraptor|204\/312|[from] recoil|[of] p2a: Landorus-T
|move|p2a: Landorus-T|Stealth Rock|p1a: Staraptor
|-sidestart|p1: Menno|move: Stealth Rock
|
|-heal|p2a: Landorus-T|27\/382|[from] item: Leftovers
|turn|16
|
|move|p1a: Staraptor|Double-Edge|p2a: Landorus-T
|-damage|p2a: Landorus-T|0 fnt
|-damage|p1a: Staraptor|195\/312|[from] recoil|[of] p2a: Landorus-T
|faint|p2a: Landorus-T
|
|
|switch|p2a: Greninja|Greninja, F|285\/285
|-damage|p2a: Greninja|250\/285|[from] Spikes
|-damage|p2a: Greninja|215\/285|[from] Stealth Rock
|turn|17
|
|move|p1a: Staraptor|Double-Edge|p2a: Greninja
|-damage|p2a: Greninja|0 fnt
|-damage|p1a: Staraptor|124\/312|[from] recoil|[of] p2a: Greninja
|faint|p2a: Greninja
|
|
|switch|p2a: Dragonite|Dragonite, M|323\/323
|-damage|p2a: Dragonite|243\/323|[from] Stealth Rock
|turn|18
|
|move|p1a: Staraptor|Double-Edge|p2a: Dragonite
|-damage|p2a: Dragonite|71\/323
|-damage|p1a: Staraptor|67\/312|[from] recoil|[of] p2a: Dragonite
|move|p2a: Dragonite|Dragon Dance|p2a: Dragonite
|-boost|p2a: Dragonite|atk|1
|-boost|p2a: Dragonite|spe|1
|
|turn|19
|
|move|p1a: Staraptor|Double-Edge|p2a: Dragonite
|-damage|p2a: Dragonite|0 fnt
|-damage|p1a: Staraptor|44\/312|[from] recoil|[of] p2a: Dragonite
|faint|p2a: Dragonite
|
|
|switch|p2a: Rotom-Wash|Rotom-Wash|64\/242
|-damage|p2a: Rotom-Wash|34\/242|[from] Stealth Rock
|turn|20
|
|move|p1a: Staraptor|Double-Edge|p2a: Rotom-Wash
|-damage|p2a: Rotom-Wash|0 fnt
|-damage|p1a: Staraptor|33\/312|[from] recoil|[of] p2a: Rotom-Wash
|faint|p2a: Rotom-Wash
|
|win|Menno
|raw|Ladder updating...
|raw|Menno's rating: 1517 &rarr; <strong>1538<\/strong><br \/>(+21 for winning)
|raw|thatisnotedible's rating: 1547 &rarr; <strong>1525<\/strong><br \/>(-22 for losing)
|chat|Menno|gg
|chat|thatisnotedible|gg
|leave|thatisnotedible
|player|p2