|join|TheHealingWish
|join|thatisnotedible
|player|p1|TheHealingWish|267
|player|p2|thatisnotedible|77
|gametype|singles
|gen|6
|tier|OU
|rated
|clearpoke
|poke|p1|Gliscor, M
|poke|p1|Chansey, F
|poke|p1|Slowbro, F
|poke|p1|Quagsire, F
|poke|p1|Tyranitar, M
|poke|p1|Amoonguss, M
|poke|p2|Landorus-Therian, M, shiny
|poke|p2|Rotom-Wash
|poke|p2|Slurpuff, M
|poke|p2|Greninja, M, shiny
|poke|p2|Charizard, M
|poke|p2|Latias, F
|rule|Swagger Clause: Swagger is banned
|rule|Baton Pass Clause: Limit one PokÃ©mon knowing Baton Pass
|rule|Sleep Clause Mod: Limit one foe put to sleep
|rule|Species Clause: Limit one of each PokÃ©mon
|rule|OHKO Clause: OHKO moves are banned
|rule|Moody Clause: Moody is banned
|rule|Evasion Moves Clause: Evasion moves are banned
|rule|Endless Battle Clause: Forcing endless battles is banned
|rule|HP Percentage Mod: HP is shown in percentages
|teampreview
|
|start
|switch|p1a: Gliscor|Gliscor, M|352\/352
|switch|p2a: Landorus-Therian|Landorus-Therian, M, shiny|320\/320
|-ability|p2a: Landorus-Therian|Intimidate|[of] p1a: Gliscor
|-unboost|p1a: Gliscor|atk|1
|turn|1
|
|move|p1a: Gliscor|Protect|p1a: Gliscor
|-singleturn|p1a: Gliscor|Protect
|move|p2a: Landorus-Therian|Knock Off|p1a: Gliscor
|-activate|p1a: Gliscor|Protect
|
|-status|p1a: Gliscor|tox|[from] item: Toxic Orb
|turn|2
|
|switch|p2a: Rotom-Wash|Rotom-Wash|304\/304
|move|p1a: Gliscor|Substitute|p1a: Gliscor
|-start|p1a: Gliscor|Substitute
|-damage|p1a: Gliscor|264\/352 tox
|
|-heal|p1a: Gliscor|308\/352 tox|[from] ability: Poison Heal
|turn|3
|
|move|p1a: Gliscor|Toxic|p2a: Rotom-Wash
|-status|p2a: Rotom-Wash|tox
|move|p2a: Rotom-Wash|Hydro Pump|p1a: Gliscor|[miss]
|-miss|p2a: Rotom-Wash|p1a: Gliscor
|
|-heal|p1a: Gliscor|352\/352 tox|[from] ability: Poison Heal
|-damage|p2a: Rotom-Wash|285\/304 tox|[from] psn
|turn|4
|
|switch|p2a: Slurpuff|Slurpuff, M|317\/317
|move|p1a: Gliscor|Protect|p1a: Gliscor
|-fail|p1a: Gliscor
|
|turn|5
|
|switch|p1a: YEEEEEAAAHHH|Quagsire, F|394\/394
|move|p2a: Slurpuff|Belly Drum|p2a: Slurpuff
|-damage|p2a: Slurpuff|159\/317
|-setboost|p2a: Slurpuff|atk|6|[from] move: Belly Drum
|
|turn|6
|
|move|p2a: Slurpuff|Play Rough|p1a: YEEEEEAAAHHH
|-damage|p1a: YEEEEEAAAHHH|286\/394
|move|p1a: YEEEEEAAAHHH|Toxic|p2a: Slurpuff|[miss]
|-miss|p1a: YEEEEEAAAHHH|p2a: Slurpuff
|
|-heal|p1a: YEEEEEAAAHHH|310\/394|[from] item: Leftovers
|turn|7
|
|move|p2a: Slurpuff|Play Rough|p1a: YEEEEEAAAHHH
|-damage|p1a: YEEEEEAAAHHH|216\/394
|move|p1a: YEEEEEAAAHHH|Toxic|p2a: Slurpuff
|-status|p2a: Slurpuff|tox
|
|-heal|p1a: YEEEEEAAAHHH|240\/394|[from] item: Leftovers
|-damage|p2a: Slurpuff|140\/317 tox|[from] psn
|-enditem|p2a: Slurpuff|Sitrus Berry|[eat]
|-heal|p2a: Slurpuff|219\/317 tox|[from] item: Sitrus Berry
|turn|8
|
|move|p2a: Slurpuff|Aromatherapy|p2a: Slurpuff
|-cureteam|p2a: Slurpuff|[from] move: Aromatherapy
|move|p1a: YEEEEEAAAHHH|Recover|p1a: YEEEEEAAAHHH
|-heal|p1a: YEEEEEAAAHHH|394\/394
|
|turn|9
|
|move|p2a: Slurpuff|Drain Punch|p1a: YEEEEEAAAHHH
|-crit|p1a: YEEEEEAAAHHH
|-damage|p1a: YEEEEEAAAHHH|304\/394
|-heal|p2a: Slurpuff|264\/317|[from] drain|[of] p1a: YEEEEEAAAHHH
|move|p1a: YEEEEEAAAHHH|Toxic|p2a: Slurpuff
|-status|p2a: Slurpuff|tox
|
|-heal|p1a: YEEEEEAAAHHH|328\/394|[from] item: Leftovers
|-damage|p2a: Slurpuff|245\/317 tox|[from] psn
|turn|10
|
|move|p2a: Slurpuff|Aromatherapy|p2a: Slurpuff
|-cureteam|p2a: Slurpuff|[from] move: Aromatherapy
|move|p1a: YEEEEEAAAHHH|Earthquake|p2a: Slurpuff
|-damage|p2a: Slurpuff|130\/317
|
|-heal|p1a: YEEEEEAAAHHH|352\/394|[from] item: Leftovers
|turn|11
|
|switch|p2a: Rotom-Wash|Rotom-Wash|285\/304
|move|p1a: YEEEEEAAAHHH|Toxic|p2a: Rotom-Wash
|-status|p2a: Rotom-Wash|tox
|
|-heal|p2a: Rotom-Wash|304\/304 tox|[from] item: Leftovers
|-heal|p1a: YEEEEEAAAHHH|376\/394|[from] item: Leftovers
|-damage|p2a: Rotom-Wash|285\/304 tox|[from] psn
|turn|12
|
|switch|p1a: Gliscor|Gliscor, M|352\/352 tox
|move|p2a: Rotom-Wash|Will-O-Wisp|p1a: Gliscor
|-fail|p1a: Gliscor
|
|-heal|p2a: Rotom-Wash|304\/304 tox|[from] item: Leftovers
|-damage|p2a: Rotom-Wash|266\/304 tox|[from] psn
|turn|13
|
|switch|p1a: Chansey|Chansey, F|642\/642
|switch|p2a: Latias|Latias, F|302\/302
|
|turn|14
|
|switch|p1a: Tyranitar|Tyranitar, M|341\/341
|-weather|Sandstorm
|move|p2a: Latias|Psyshock|p1a: Tyranitar
|-immune|p1a: Tyranitar|[msg]
|
|-weather|Sandstorm|[upkeep]
|-damage|p2a: Latias|284\/302|[from] sandstorm
|-heal|p2a: Latias|302\/302|[from] item: Leftovers
|turn|15
|
|move|p1a: Tyranitar|Pursuit|p2a: Latias|[from]Pursuit
|-supereffective|p2a: Latias
|-damage|p2a: Latias|0 fnt
|faint|p2a: Latias
|
|-weather|Sandstorm|[upkeep]
|-message|thatisnotedible forfeited.
|
|win|TheHealingWish
|raw|Ladder updating...
|leave|thatisnotedible
|player|p2
|raw|TheHealingWish's rating: 1539 &rarr; <strong>1557<\/strong><br \/>(+18 for winning)
|raw|thatisnotedible's rating: 1496 &rarr; <strong>1479<\/strong><br \/>(-17 for losing)