|join|thatisnotedible
|join|pls stop winning
|player|p1|thatisnotedible|265
|player|p2|pls stop winning|161
|gametype|singles
|gen|6
|tier|OU
|rated
|clearpoke
|poke|p1|Metagross
|poke|p1|Dragonite, F
|poke|p1|Aegislash, M
|poke|p1|Greninja, M
|poke|p1|Scizor, M
|poke|p1|Heatran, F
|poke|p2|Landorus, M
|poke|p2|Gyarados, F
|poke|p2|Kyurem-Black
|poke|p2|Excadrill, M
|poke|p2|Azumarill, M
|poke|p2|Heatran, M
|rule|Sleep Clause Mod: Limit one foe put to sleep
|rule|Species Clause: Limit one of each Pokemon
|rule|OHKO Clause: OHKO moves are banned
|rule|Moody Clause: Moody is banned
|rule|Evasion Moves Clause: Evasion moves are banned
|rule|Endless Battle Clause: Forcing endless battles is banned.
|rule|HP Percentage Mod: HP is reported as percentages
|teampreview
|
|start
|switch|p1a: Metagross|Metagross|340\/340
|switch|p2a: FUCK STALL X3|Kyurem-Black|405\/405
|-ability|p2a: FUCK STALL X3|Teravolt
|turn|1
|
|switch|p2a: FUCK STALL X2|Gyarados, F|332\/332
|-ability|p2a: FUCK STALL X2|Intimidate|[of] p1a: Metagross
|-fail|p1a: Metagross|unboost|[from] ability: Clear Body|[of] p1a: Metagross
|move|p1a: Metagross|Meteor Mash|p2a: FUCK STALL X2|[miss]
|-miss|p1a: Metagross|p2a: FUCK STALL X2
|
|turn|2
|
|move|p2a: FUCK STALL X2|Dragon Dance|p2a: FUCK STALL X2
|-boost|p2a: FUCK STALL X2|atk|1
|-boost|p2a: FUCK STALL X2|spe|1
|move|p1a: Metagross|Meteor Mash|p2a: FUCK STALL X2
|-crit|p2a: FUCK STALL X2
|-resisted|p2a: FUCK STALL X2
|-damage|p2a: FUCK STALL X2|167\/332
|-boost|p1a: Metagross|atk|1
|
|turn|3
|
|-formechange|p2a: FUCK STALL X2|Gyarados-Mega
|message|Gyarados has Mega Evolved into Mega Gyarados!
|-ability|p2a: FUCK STALL X2|Mold Breaker
|move|p2a: FUCK STALL X2|Earthquake|p1a: Metagross
|-supereffective|p1a: Metagross
|-damage|p1a: Metagross|18\/340
|move|p1a: Metagross|Meteor Mash|p2a: FUCK STALL X2
|-resisted|p2a: FUCK STALL X2
|-damage|p2a: FUCK STALL X2|39\/332
|-boost|p1a: Metagross|atk|1
|
|turn|4
|
|move|p1a: Metagross|Bullet Punch|p2a: FUCK STALL X2
|-resisted|p2a: FUCK STALL X2
|-damage|p2a: FUCK STALL X2|0 fnt
|faint|p2a: FUCK STALL X2
|
|
|switch|p2a: Azumarill|Azumarill, M|404\/404
|turn|5
|
|move|p1a: Metagross|Bullet Punch|p2a: Azumarill
|-damage|p2a: Azumarill|205\/404
|move|p2a: Azumarill|Aqua Jet|p1a: Metagross
|-damage|p1a: Metagross|0 fnt
|faint|p1a: Metagross
|
|
|switch|p1a: Greninja|Greninja, M|285\/285
|turn|6
|
|-start|p1a: Greninja|typechange|Grass|[from] Protean
|move|p1a: Greninja|Grass Knot|p2a: Azumarill
|-supereffective|p2a: Azumarill
|-damage|p2a: Azumarill|0 fnt
|faint|p2a: Azumarill
|
|
|switch|p2a: FUCK STALL X3|Kyurem-Black|405\/405
|-ability|p2a: FUCK STALL X3|Teravolt
|turn|7
|
|switch|p1a: Aegislash|Aegislash, M|261\/261
|move|p2a: FUCK STALL X3|Substitute|p2a: FUCK STALL X3
|-start|p2a: FUCK STALL X3|Substitute
|-damage|p2a: FUCK STALL X3|304\/405
|
|-heal|p2a: FUCK STALL X3|329\/405|[from] item: Leftovers
|turn|8
|
|move|p2a: FUCK STALL X3|Earth Power|p1a: Aegislash
|-supereffective|p1a: Aegislash
|-damage|p1a: Aegislash|97\/261
|move|p1a: Aegislash|Swords Dance|p1a: Aegislash
|-boost|p1a: Aegislash|atk|2
|
|-heal|p2a: FUCK STALL X3|354\/405|[from] item: Leftovers
|-heal|p1a: Aegislash|113\/261|[from] item: Leftovers
|turn|9
|
|switch|p1a: Heatran|Heatran, F|323\/323
|-item|p1a: Heatran|Air Balloon
|move|p2a: FUCK STALL X3|Earth Power|p1a: Heatran
|-immune|p1a: Heatran|[msg]
|
|-heal|p2a: FUCK STALL X3|379\/405|[from] item: Leftovers
|turn|10
|
|move|p2a: FUCK STALL X3|Fusion Bolt|p1a: Heatran
|-damage|p1a: Heatran|205\/323
|-enditem|p1a: Heatran|Air Balloon
|move|p1a: Heatran|Hidden Power|p2a: FUCK STALL X3
|-crit|p2a: FUCK STALL X3
|-end|p2a: FUCK STALL X3|Substitute
|
|-heal|p2a: FUCK STALL X3|404\/405|[from] item: Leftovers
|turn|11
|
|switch|p1a: Dragonite|Dragonite, F|323\/323
|move|p2a: FUCK STALL X3|Substitute|p2a: FUCK STALL X3
|-start|p2a: FUCK STALL X3|Substitute
|-damage|p2a: FUCK STALL X3|303\/405
|
|-heal|p2a: FUCK STALL X3|328\/405|[from] item: Leftovers
|turn|12
|
|move|p2a: FUCK STALL X3|Ice Beam|p1a: Dragonite
|-supereffective|p1a: Dragonite
|-damage|p1a: Dragonite|0 fnt
|faint|p1a: Dragonite
|
|-heal|p2a: FUCK STALL X3|353\/405|[from] item: Leftovers
|
|switch|p1a: Scizor|Scizor, M|282\/282
|turn|13
|
|-formechange|p1a: Scizor|Scizor-Mega
|message|Scizor has Mega Evolved into Mega Scizor!
|move|p1a: Scizor|Bullet Punch|p2a: FUCK STALL X3
|-supereffective|p2a: FUCK STALL X3
|-end|p2a: FUCK STALL X3|Substitute
|move|p2a: FUCK STALL X3|Earth Power|p1a: Scizor
|-damage|p1a: Scizor|166\/282
|
|-heal|p2a: FUCK STALL X3|378\/405|[from] item: Leftovers
|turn|14
|
|switch|p2a: Heatran|Heatran, M|386\/386
|-item|p2a: Heatran|Air Balloon
|move|p1a: Scizor|Bullet Punch|p2a: Heatran
|-resisted|p2a: Heatran
|-damage|p2a: Heatran|362\/386
|-enditem|p2a: Heatran|Air Balloon
|
|turn|15
|
|switch|p1a: Heatran|Heatran, F|205\/323
|move|p2a: Heatran|Earth Power|p1a: Heatran
|-supereffective|p1a: Heatran
|-damage|p1a: Heatran|0 fnt
|faint|p1a: Heatran
|
|
|switch|p1a: Greninja|Greninja, M|285\/285
|turn|16
|
|-start|p1a: Greninja|typechange|Ice|[from] Protean
|move|p1a: Greninja|Ice Beam|p2a: Heatran
|-resisted|p2a: Heatran
|-damage|p2a: Heatran|326\/386
|-status|p2a: Heatran|frz
|cant|p2a: Heatran|frz
|
|turn|17
|chat|pls stop winning|this game is good
|
|-start|p1a: Greninja|typechange|Water|[from] Protean
|move|p1a: Greninja|Hydro Pump|p2a: Heatran
|-supereffective|p2a: Heatran
|-damage|p2a: Heatran|6\/386 frz
|cant|p2a: Heatran|frz
|
|turn|18
|
|-start|p1a: Greninja|typechange|Dark|[from] Protean
|move|p1a: Greninja|Dark Pulse|p2a: Heatran
|-damage|p2a: Heatran|0 fnt
|faint|p2a: Heatran
|
|
|switch|p2a: Excadrill|Excadrill, M|362\/362
|-ability|p2a: Excadrill|Mold Breaker
|turn|19
|
|move|p2a: Excadrill|Earthquake|p1a: Greninja
|-damage|p1a: Greninja|50\/285
|-start|p1a: Greninja|typechange|Water|[from] Protean
|move|p1a: Greninja|Hydro Pump|p2a: Excadrill
|-supereffective|p2a: Excadrill
|-damage|p2a: Excadrill|0 fnt
|faint|p2a: Excadrill
|
|
|switch|p2a: FUCK STALL X3|Kyurem-Black|378\/405
|-ability|p2a: FUCK STALL X3|Teravolt
|turn|20
|
|-start|p1a: Greninja|typechange|Ice|[from] Protean
|move|p1a: Greninja|Ice Beam|p2a: FUCK STALL X3
|-damage|p2a: FUCK STALL X3|221\/405
|move|p2a: FUCK STALL X3|Substitute|p2a: FUCK STALL X3
|-start|p2a: FUCK STALL X3|Substitute
|-damage|p2a: FUCK STALL X3|120\/405
|
|-heal|p2a: FUCK STALL X3|145\/405|[from] item: Leftovers
|turn|21
|
|switch|p1a: Aegislash|Aegislash, M|113\/261
|move|p2a: FUCK STALL X3|Earth Power|p1a: Aegislash
|-supereffective|p1a: Aegislash
|-damage|p1a: Aegislash|0 fnt
|faint|p1a: Aegislash
|
|-heal|p2a: FUCK STALL X3|170\/405|[from] item: Leftovers
|
|switch|p1a: Scizor|Scizor, M|166\/282
|-formechange|p1a: Scizor|Scizor-Mega
|turn|22
|
|move|p1a: Scizor|Bullet Punch|p2a: FUCK STALL X3
|-supereffective|p2a: FUCK STALL X3
|-end|p2a: FUCK STALL X3|Substitute
|move|p2a: FUCK STALL X3|Earth Power|p1a: Scizor
|-damage|p1a: Scizor|56\/282
|
|-heal|p2a: FUCK STALL X3|195\/405|[from] item: Leftovers
|turn|23
|
|move|p1a: Scizor|Bullet Punch|p2a: FUCK STALL X3
|-supereffective|p2a: FUCK STALL X3
|-damage|p2a: FUCK STALL X3|0 fnt
|faint|p2a: FUCK STALL X3
|
|
|switch|p2a: FUCK STALL|Landorus, M|320\/320
|turn|24
|
|move|p1a: Scizor|Bullet Punch|p2a: FUCK STALL
|-damage|p2a: FUCK STALL|167\/320
|move|p2a: FUCK STALL|Rock Polish|p2a: FUCK STALL
|-boost|p2a: FUCK STALL|spe|2
|
|turn|25
|
|move|p1a: Scizor|Bullet Punch|p2a: FUCK STALL
|-damage|p2a: FUCK STALL|26\/320
|move|p2a: FUCK STALL|Earth Power|p1a: Scizor
|-damage|p1a: Scizor|0 fnt
|faint|p1a: Scizor
|
|chat|pls stop winning|gg
|chat|thatisnotedible|gg
|chat|thatisnotedible|Did not expect the polish, nice touch
|
|switch|p1a: Greninja|Greninja, M|50\/285
|turn|26
|chat|pls stop winning|yeah its really helpful late game
|chat|pls stop winning|my team is really slow without it
|
|move|p2a: FUCK STALL|Earth Power|p1a: Greninja
|-damage|p1a: Greninja|0 fnt
|faint|p1a: Greninja
|
|win|pls stop winning
|raw|Ladder updating...
|chat|pls stop winning|gg
|chat|thatisnotedible|gg
|leave|thatisnotedible
|player|p1
|raw|Ladder (probably) updated, but score could not be retrieved (timeout).
|raw|Ladder (probably) updated, but score could not be retrieved (Error: socket hang up).