|join|dtw
|join|thatisnotedible
|player|p1|dtw|266
|player|p2|thatisnotedible|101
|gametype|singles
|gen|6
|tier|OU
|rated
|clearpoke
|poke|p1|Gengar, M
|poke|p1|Bisharp, M
|poke|p1|Charizard, M
|poke|p1|Keldeo
|poke|p1|Mew
|poke|p1|Talonflame, M
|poke|p2|Landorus-Therian, M, shiny
|poke|p2|Dragonite, M
|poke|p2|Aegislash, M
|poke|p2|Greninja, F
|poke|p2|Rotom-Wash
|poke|p2|Heatran, F
|rule|Swagger Clause: Swagger is banned
|rule|Baton Pass Clause: Limit three PokÃ©mon knowing Baton Pass
|rule|Sleep Clause Mod: Limit one foe put to sleep
|rule|Species Clause: Limit one of each PokÃ©mon
|rule|OHKO Clause: OHKO moves are banned
|rule|Moody Clause: Moody is banned
|rule|Evasion Moves Clause: Evasion moves are banned
|rule|Endless Battle Clause: Forcing endless battles is banned
|rule|HP Percentage Mod: HP is reported as percentages
|teampreview
|
|start
|switch|p1a: Mew|Mew|404\/404
|switch|p2a: Rotom-Wash|Rotom-Wash|242\/242
|turn|1
|
|move|p1a: Mew|Stealth Rock|p2a: Rotom-Wash
|-sidestart|p2: thatisnotedible|move: Stealth Rock
|move|p2a: Rotom-Wash|Trick|p1a: Mew
|-activate|p2a: Rotom-Wash|move: Trick|[of] p1a: Mew
|-item|p1a: Mew|Choice Specs|[from] move: Trick
|-item|p2a: Rotom-Wash|Leftovers|[from] move: Trick
|
|turn|2
|
|move|p1a: Mew|Psyshock|p2a: Rotom-Wash
|-damage|p2a: Rotom-Wash|107\/242
|move|p2a: Rotom-Wash|Hydro Pump|p1a: Mew
|-damage|p1a: Mew|272\/404
|
|-heal|p2a: Rotom-Wash|122\/242|[from] item: Leftovers
|turn|3
|
|switch|p2a: Greninja|Greninja, F|285\/285
|-damage|p2a: Greninja|250\/285|[from] Stealth Rock
|move|p1a: Mew|Psyshock|p2a: Greninja
|-immune|p2a: Greninja|[msg]
|
|turn|4
|
|-start|p2a: Greninja|typechange|Grass|[from] Protean
|move|p2a: Greninja|Grass Knot|p1a: Mew
|-damage|p1a: Mew|245\/404
|-damage|p2a: Greninja|222\/285|[from] item: Life Orb
|move|p1a: Mew|Psyshock|p2a: Greninja
|-damage|p2a: Greninja|39\/285
|
|turn|5
|
|-start|p2a: Greninja|typechange|Dark|[from] Protean
|move|p2a: Greninja|Dark Pulse|p1a: Mew
|-supereffective|p1a: Mew
|-damage|p1a: Mew|11\/404
|-damage|p2a: Greninja|11\/285|[from] item: Life Orb
|move|p1a: Mew|Psyshock|p2a: Greninja
|-immune|p2a: Greninja|[msg]
|
|turn|6
|
|move|p2a: Greninja|Dark Pulse|p1a: Mew
|-supereffective|p1a: Mew
|-damage|p1a: Mew|0 fnt
|-damage|p2a: Greninja|0 fnt|[from] item: Life Orb
|faint|p1a: Mew
|faint|p2a: Greninja
|
|
|switch|p1a: Keldeo|Keldeo|323\/323
|switch|p2a: Heatran|Heatran, F|323\/323
|-damage|p2a: Heatran|283\/323|[from] Stealth Rock
|-item|p2a: Heatran|Air Balloon
|turn|7
|
|switch|p2a: Aegislash|Aegislash, M|261\/261
|-damage|p2a: Aegislash|245\/261|[from] Stealth Rock
|move|p1a: Keldeo|Secret Sword|p2a: Aegislash
|-immune|p2a: Aegislash|[msg]
|
|-heal|p2a: Aegislash|261\/261|[from] item: Leftovers
|turn|8
|
|move|p1a: Keldeo|Hydro Pump|p2a: Aegislash
|-damage|p2a: Aegislash|69\/261
|-damage|p1a: Keldeo|291\/323|[from] item: Life Orb
|move|p2a: Aegislash|Swords Dance|p2a: Aegislash
|-boost|p2a: Aegislash|atk|2
|
|-heal|p2a: Aegislash|85\/261|[from] item: Leftovers
|turn|9
|
|move|p2a: Aegislash|King's Shield|p2a: Aegislash
|-singleturn|p2a: Aegislash|Protect
|move|p1a: Keldeo|Scald|p2a: Aegislash
|-activate|p2a: Aegislash|Protect
|
|-heal|p2a: Aegislash|101\/261|[from] item: Leftovers
|turn|10
|
|-formechange|p2a: Aegislash|Aegislash-Blade
|move|p2a: Aegislash|Shadow Sneak|p1a: Keldeo
|-damage|p1a: Keldeo|117\/323
|move|p1a: Keldeo|Scald|p2a: Aegislash
|-crit|p2a: Aegislash
|-damage|p2a: Aegislash|0 fnt
|-damage|p1a: Keldeo|85\/323|[from] item: Life Orb
|faint|p2a: Aegislash
|
|
|switch|p2a: Rotom-Wash|Rotom-Wash|122\/242
|-damage|p2a: Rotom-Wash|92\/242|[from] Stealth Rock
|turn|11
|
|move|p1a: Keldeo|Secret Sword|p2a: Rotom-Wash
|-damage|p2a: Rotom-Wash|0 fnt
|-damage|p1a: Keldeo|53\/323|[from] item: Life Orb
|faint|p2a: Rotom-Wash
|
|
|switch|p2a: Heatran|Heatran, F|283\/323
|-damage|p2a: Heatran|243\/323|[from] Stealth Rock
|-item|p2a: Heatran|Air Balloon
|turn|12
|
|switch|p2a: Landorus-T|Landorus-Therian, M, shiny|382\/382
|-damage|p2a: Landorus-T|335\/382|[from] Stealth Rock
|-ability|p2a: Landorus-T|Intimidate|[of] p1a: Keldeo
|-unboost|p1a: Keldeo|atk|1
|move|p1a: Keldeo|Secret Sword|p2a: Landorus-T
|-resisted|p2a: Landorus-T
|-damage|p2a: Landorus-T|249\/382
|-damage|p1a: Keldeo|21\/323|[from] item: Life Orb
|
|-heal|p2a: Landorus-T|272\/382|[from] item: Leftovers
|turn|13
|
|move|p1a: Keldeo|Icy Wind|p2a: Landorus-T
|-supereffective|p2a: Landorus-T
|-damage|p2a: Landorus-T|0 fnt
|-damage|p1a: Keldeo|0 fnt|[from] item: Life Orb
|faint|p2a: Landorus-T
|faint|p1a: Keldeo
|
|
|switch|p1a: Talonflame|Talonflame, M|297\/297
|switch|p2a: Heatran|Heatran, F|243\/323
|-damage|p2a: Heatran|203\/323|[from] Stealth Rock
|-item|p2a: Heatran|Air Balloon
|turn|14
|
|move|p1a: Talonflame|U-turn|p2a: Heatran
|-resisted|p2a: Heatran
|-damage|p2a: Heatran|183\/323
|-enditem|p2a: Heatran|Air Balloon
|
|switch|p1a: Charizard|Charizard, M|297\/297
|move|p2a: Heatran|Toxic|p1a: Charizard
|-status|p1a: Charizard|tox
|
|-damage|p1a: Charizard|279\/297 tox|[from] psn
|turn|15
|
|switch|p2a: Dragonite|Dragonite, M|323\/323
|-damage|p2a: Dragonite|243\/323|[from] Stealth Rock
|detailschange|p1a: Charizard|Charizard-Mega-Y, M
|message|Charizard has Mega Evolved into Mega Charizard!
|-weather|SunnyDay
|move|p1a: Charizard|Focus Blast|p2a: Dragonite
|-crit|p2a: Dragonite
|-resisted|p2a: Dragonite
|-damage|p2a: Dragonite|130\/323
|
|-weather|SunnyDay|[upkeep]
|-damage|p1a: Charizard|243\/297 tox|[from] psn
|turn|16
|
|move|p1a: Charizard|Fire Blast|p2a: Dragonite
|-resisted|p2a: Dragonite
|-damage|p2a: Dragonite|0 fnt
|faint|p2a: Dragonite
|
|-weather|SunnyDay|[upkeep]
|-damage|p1a: Charizard|189\/297 tox|[from] psn
|
|switch|p2a: Heatran|Heatran, F|183\/323
|-damage|p2a: Heatran|143\/323|[from] Stealth Rock
|turn|17
|
|move|p1a: Charizard|Focus Blast|p2a: Heatran
|-supereffective|p2a: Heatran
|-damage|p2a: Heatran|0 fnt
|faint|p2a: Heatran
|
|win|dtw
|raw|Ladder updating...
|raw|dtw's rating: 1554 &rarr; <strong>1569<\/strong><br \/>(+15 for winning)
|raw|thatisnotedible's rating: 1460 &rarr; <strong>1445<\/strong><br \/>(-15 for losing)
|chat|thatisnotedible|gg
|chat|dtw|gg
|leave|thatisnotedible
|player|p2