|join|Ox the Fox
|join|thatisnotedible
|player|p1|Ox the Fox|201
|player|p2|thatisnotedible|77
|gametype|singles
|gen|6
|tier|OU
|rated
|clearpoke
|poke|p1|Politoed, F, shiny
|poke|p1|Swampert, F, shiny
|poke|p1|Kingdra, F, shiny
|poke|p1|Latias, F, shiny
|poke|p1|Ferrothorn, M, shiny
|poke|p1|Lucario, F, shiny
|poke|p2|Landorus-Therian, M
|poke|p2|Rotom-Wash
|poke|p2|Charizard, F
|poke|p2|Azumarill, M
|poke|p2|Conkeldurr, M
|poke|p2|Latias, F
|rule|Swagger Clause: Swagger is banned
|rule|Baton Pass Clause: Limit one PokÃ©mon knowing Baton Pass
|rule|Sleep Clause Mod: Limit one foe put to sleep
|rule|Species Clause: Limit one of each PokÃ©mon
|rule|OHKO Clause: OHKO moves are banned
|rule|Moody Clause: Moody is banned
|rule|Evasion Moves Clause: Evasion moves are banned
|rule|Endless Battle Clause: Forcing endless battles is banned
|rule|HP Percentage Mod: HP is shown in percentages
|teampreview
|c|âOx the Fox|glhf
|c|âthatisnotedible|And the same to you!
|join|weqwe
|
|start
|switch|p1a: Ferrothorn|Ferrothorn, M, shiny|352\/352
|switch|p2a: Azuazu|Azumarill, M|404\/404
|turn|1
|leave|weqwe
|
|switch|p2a: Zard|Charizard, F|297\/297
|move|p1a: Ferrothorn|Stealth Rock|p2a: Zard
|-sidestart|p2: thatisnotedible|move: Stealth Rock
|
|turn|2
|
|switch|p1a: Politoed|Politoed, F, shiny|383\/383
|-weather|RainDance
|detailschange|p2a: Zard|Charizard-Mega-X, F
|-mega|p2a: Zard|Charizard|Charizardite X
|move|p2a: Zard|Flare Blitz|p1a: Politoed
|-resisted|p1a: Politoed
|-damage|p1a: Politoed|290\/383
|-status|p1a: Politoed|brn
|-damage|p2a: Zard|266\/297|[from] recoil|[of] p1a: Politoed
|
|-weather|RainDance|[upkeep]
|-damage|p1a: Politoed|243\/383 brn|[from] brn
|turn|3
|c|âOx the Fox|zzz'
|
|move|p2a: Zard|Dragon Claw|p1a: Politoed
|-damage|p1a: Politoed|0 fnt
|faint|p1a: Politoed
|
|-weather|RainDance|[upkeep]
|c|âOx the Fox|that fucking burn
|
|switch|p1a: Kingdra|Kingdra, F, shiny|298\/298
|turn|4
|join|NotRKA
|
|move|p1a: Kingdra|Hydro Pump|p2a: Zard
|-damage|p2a: Zard|0 fnt
|faint|p2a: Zard
|
|-weather|RainDance|[upkeep]
|
|switch|p2a: Azuazu|Azumarill, M|404\/404
|-damage|p2a: Azuazu|354\/404|[from] Stealth Rock
|turn|5
|join|PikachuCandy
|
|switch|p1a: Ferrothorn|Ferrothorn, M, shiny|352\/352
|move|p2a: Azuazu|Play Rough|p1a: Ferrothorn
|-resisted|p1a: Ferrothorn
|-damage|p1a: Ferrothorn|292\/352
|-damage|p2a: Azuazu|304\/404|[from] ability: Iron Barbs|[of] p1a: Ferrothorn
|
|-weather|RainDance|[upkeep]
|-heal|p1a: Ferrothorn|314\/352|[from] item: Leftovers
|turn|6
|
|move|p2a: Azuazu|Superpower|p1a: Ferrothorn
|-supereffective|p1a: Ferrothorn
|-damage|p1a: Ferrothorn|62\/352
|-damage|p2a: Azuazu|254\/404|[from] ability: Iron Barbs|[of] p1a: Ferrothorn
|-unboost|p2a: Azuazu|atk|1
|-unboost|p2a: Azuazu|def|1
|move|p1a: Ferrothorn|Leech Seed|p2a: Azuazu
|-start|p2a: Azuazu|move: Leech Seed
|
|-weather|RainDance|[upkeep]
|-heal|p1a: Ferrothorn|84\/352|[from] item: Leftovers
|-damage|p2a: Azuazu|204\/404|[from] Leech Seed|[of] p1a: Ferrothorn
|-heal|p1a: Ferrothorn|134\/352|[silent]
|turn|7
|
|switch|p2a: Latista|Latias, F|301\/301
|-damage|p2a: Latista|264\/301|[from] Stealth Rock
|move|p1a: Ferrothorn|Leech Seed|p2a: Latista
|-start|p2a: Latista|move: Leech Seed
|
|-weather|RainDance|[upkeep]
|-heal|p2a: Latista|282\/301|[from] item: Leftovers
|-heal|p1a: Ferrothorn|156\/352|[from] item: Leftovers
|-damage|p2a: Latista|245\/301|[from] Leech Seed|[of] p1a: Ferrothorn
|-heal|p1a: Ferrothorn|193\/352|[silent]
|turn|8
|
|move|p2a: Latista|Hidden Power|p1a: Ferrothorn
|-supereffective|p1a: Ferrothorn
|-damage|p1a: Ferrothorn|97\/352
|move|p1a: Ferrothorn|Gyro Ball|p2a: Latista
|-crit|p2a: Latista
|-damage|p2a: Latista|0 fnt
|faint|p2a: Latista
|
|-weather|RainDance|[upkeep]
|-heal|p1a: Ferrothorn|119\/352|[from] item: Leftovers
|c| PikachuCandy|u have 300+ losses
|c| PikachuCandy|scrub
|leave|PikachuCandy
|
|switch|p2a: Nose|Conkeldurr, M|413\/413
|-damage|p2a: Nose|388\/413|[from] Stealth Rock
|turn|9
|
|move|p2a: Nose|Knock Off|p1a: Ferrothorn
|-damage|p1a: Ferrothorn|33\/352
|-damage|p2a: Nose|337\/413|[from] ability: Iron Barbs|[of] p1a: Ferrothorn
|-enditem|p1a: Ferrothorn|Leftovers|[from] move: Knock Off|[of] p2a: Nose
|move|p1a: Ferrothorn|Leech Seed|p2a: Nose
|-start|p2a: Nose|move: Leech Seed
|
|-weather|none
|-damage|p2a: Nose|286\/413|[from] Leech Seed|[of] p1a: Ferrothorn
|-heal|p1a: Ferrothorn|84\/352|[silent]
|turn|10
|
|switch|p1a: Latias|Latias, F, shiny|319\/319
|move|p2a: Nose|Drain Punch|p1a: Latias
|-resisted|p1a: Latias
|-damage|p1a: Latias|214\/319
|-heal|p2a: Nose|339\/413|[from] drain|[of] p1a: Latias
|
|-damage|p2a: Nose|288\/413|[from] Leech Seed|[of] p1a: Latias
|-heal|p1a: Latias|265\/319|[silent]
|turn|11
|
|switch|p2a: Based God|Landorus-Therian, M|319\/319
|-damage|p2a: Based God|280\/319|[from] Stealth Rock
|-ability|p2a: Based God|Intimidate|[of] p1a: Latias
|-unboost|p1a: Latias|atk|1
|move|p1a: Latias|Psyshock|p2a: Based God
|-crit|p2a: Based God
|-damage|p2a: Based God|10\/319
|-damage|p1a: Latias|234\/319|[from] item: Life Orb
|
|turn|12
|
|switch|p1a: Lucario|Lucario, F, shiny|281\/281
|move|p2a: Based God|Earthquake|p1a: Lucario
|-supereffective|p1a: Lucario
|-damage|p1a: Lucario|0 fnt
|faint|p1a: Lucario
|
|
|switch|p1a: Swampert|Swampert, F, shiny|348\/348
|turn|13
|
|detailschange|p1a: Swampert|Swampert-Mega, F, shiny
|-mega|p1a: Swampert|Swampert|Swampertite
|move|p2a: Based God|Earthquake|p1a: Swampert
|-damage|p1a: Swampert|170\/348
|move|p1a: Swampert|Power-Up Punch|p2a: Based God
|-resisted|p2a: Based God
|-damage|p2a: Based God|0 fnt
|-boost|p1a: Swampert|atk|1
|faint|p2a: Based God
|
|join|PikachuCandy
|
|switch|p2a: Wosh|Rotom-Wash|304\/304
|-damage|p2a: Wosh|266\/304|[from] Stealth Rock
|turn|14
|leave|PikachuCandy
|
|switch|p1a: Latias|Latias, F, shiny|234\/319
|move|p2a: Wosh|Will-O-Wisp|p1a: Latias
|-status|p1a: Latias|brn
|
|-heal|p2a: Wosh|285\/304|[from] item: Leftovers
|-damage|p1a: Latias|195\/319 brn|[from] brn
|turn|15
|
|move|p1a: Latias|Psyshock|p2a: Wosh
|-damage|p2a: Wosh|136\/304
|-damage|p1a: Latias|164\/319 brn|[from] item: Life Orb
|move|p2a: Wosh|Volt Switch|p1a: Latias
|-resisted|p1a: Latias
|-damage|p1a: Latias|130\/319 brn
|
|switch|p2a: Azuazu|Azumarill, M|204\/404
|-damage|p2a: Azuazu|154\/404|[from] Stealth Rock
|-enditem|p2a: Azuazu|Sitrus Berry|[eat]
|-heal|p2a: Azuazu|255\/404|[from] item: Sitrus Berry
|
|-damage|p1a: Latias|91\/319 brn|[from] brn
|turn|16
|c|âOx the Fox|dude
|c|âOx the Fox|use knock off
|leave|NotRKA
|c|âOx the Fox|superpower is horrible on belly drum
|
|switch|p1a: Ferrothorn|Ferrothorn, M, shiny|84\/352
|move|p2a: Azuazu|Play Rough|p1a: Ferrothorn
|-resisted|p1a: Ferrothorn
|-damage|p1a: Ferrothorn|23\/352
|-damage|p2a: Azuazu|205\/404|[from] ability: Iron Barbs|[of] p1a: Ferrothorn
|
|turn|17
|c|âthatisnotedible|Used to run it, ran into ferros
|c|âOx the Fox|+6 knock kills ferro
|
|move|p2a: Azuazu|Play Rough|p1a: Ferrothorn
|-resisted|p1a: Ferrothorn
|-damage|p1a: Ferrothorn|0 fnt
|-damage|p2a: Azuazu|155\/404|[from] ability: Iron Barbs|[of] p1a: Ferrothorn
|faint|p1a: Ferrothorn
|
|c|âthatisnotedible|Usually don't end up belly drumming
|c|âOx the Fox|+6 252+ Atk Huge Power Azumarill Knock Off (97.5 BP) vs. 252 HP \/ 88+ Def Ferrothorn: 344-405 (97.7 - 115%) -- 87.5% chance to OHKO
|c|âthatisnotedible|Know do without +6
|c|âthatisnotedible|*Now
|
|switch|p1a: Swampert|Swampert-Mega, F, shiny|170\/348
|turn|18
|
|move|p2a: Azuazu|Aqua Jet|p1a: Swampert
|-damage|p1a: Swampert|82\/348
|move|p1a: Swampert|Earthquake|p2a: Azuazu
|-damage|p2a: Azuazu|0 fnt
|faint|p2a: Azuazu
|
|
|switch|p2a: Nose|Conkeldurr, M|288\/413
|-damage|p2a: Nose|263\/413|[from] Stealth Rock
|turn|19
|
|move|p2a: Nose|Mach Punch|p1a: Swampert
|-damage|p1a: Swampert|0 fnt
|faint|p1a: Swampert
|
|
|switch|p1a: Latias|Latias, F, shiny|91\/319 brn
|turn|20
|
|switch|p1a: Kingdra|Kingdra, F, shiny|298\/298
|switch|p2a: Wosh|Rotom-Wash|136\/304
|-damage|p2a: Wosh|98\/304|[from] Stealth Rock
|
|-heal|p2a: Wosh|117\/304|[from] item: Leftovers
|turn|21
|
|move|p1a: Kingdra|Dragon Pulse|p2a: Wosh
|-damage|p2a: Wosh|0 fnt
|faint|p2a: Wosh
|
|
|switch|p2a: Nose|Conkeldurr, M|263\/413
|-damage|p2a: Nose|238\/413|[from] Stealth Rock
|turn|22
|
|move|p1a: Kingdra|Dragon Pulse|p2a: Nose
|-damage|p2a: Nose|60\/413
|move|p2a: Nose|Drain Punch|p1a: Kingdra
|-damage|p1a: Kingdra|111\/298
|-heal|p2a: Nose|154\/413|[from] drain|[of] p1a: Kingdra
|
|turn|23
|
|move|p2a: Nose|Mach Punch|p1a: Kingdra
|-damage|p1a: Kingdra|12\/298
|move|p1a: Kingdra|Dragon Pulse|p2a: Nose
|-damage|p2a: Nose|0 fnt
|faint|p2a: Nose
|
|win|Ox the Fox
|raw|Ladder updating...