|join|Appreciation
|join|megas4ever
|player|p1|Appreciation|68
|player|p2|megas4ever|170
|gametype|singles
|gen|6
|tier|OU
|rated
|clearpoke
|poke|p1|Politoed, F
|poke|p1|Swampert, F
|poke|p1|Garchomp, F
|poke|p1|Latias, F
|poke|p1|Thundurus, M
|poke|p1|Lucario, M
|poke|p2|Lopunny, M
|poke|p2|Excadrill, F
|poke|p2|Talonflame, F
|poke|p2|Celebi
|poke|p2|Tyranitar, F
|poke|p2|Keldeo
|rule|Swagger Clause: Swagger is banned
|rule|Baton Pass Clause: Limit one PokÃ©mon knowing Baton Pass
|rule|Sleep Clause Mod: Limit one foe put to sleep
|rule|Species Clause: Limit one of each PokÃ©mon
|rule|OHKO Clause: OHKO moves are banned
|rule|Moody Clause: Moody is banned
|rule|Evasion Moves Clause: Evasion moves are banned
|rule|Endless Battle Clause: Forcing endless battles is banned
|rule|HP Percentage Mod: HP is shown in percentages
|teampreview
|c|âAppreciation|oh my tits
|c|âAppreciation|this is a full meta team leleleleel
|
|start
|switch|p1a: Politoed|Politoed, F|383\/383
|switch|p2a: Celebi|Celebi|403\/403
|-weather|RainDance
|turn|1
|c|âAppreciation|hts,,,
|
|switch|p1a: Garchomp|Garchomp, F|357\/357
|move|p2a: Celebi|Giga Drain|p1a: Garchomp
|-damage|p1a: Garchomp|251\/357
|
|-weather|RainDance|[upkeep]
|turn|2
|join|Here to GG
|c|âAppreciation|n_n
|
|move|p1a: Garchomp|Stealth Rock|p2a: Celebi
|-sidestart|p2: megas4ever|move: Stealth Rock
|move|p2a: Celebi|Giga Drain|p1a: Garchomp
|-damage|p1a: Garchomp|142\/357
|
|-weather|RainDance|[upkeep]
|turn|3
|
|switch|p1a: Thundurus|Thundurus, M|344\/344
|move|p2a: Celebi|Giga Drain|p1a: Thundurus
|-resisted|p1a: Thundurus
|-damage|p1a: Thundurus|292\/344
|
|-weather|RainDance|[upkeep]
|turn|4
|
|switch|p2a: Tyranitar|Tyranitar, F|399\/399
|-damage|p2a: Tyranitar|350\/399|[from] Stealth Rock
|-weather|Sandstorm
|move|p1a: Thundurus|Knock Off|p2a: Tyranitar
|-resisted|p2a: Tyranitar
|-damage|p2a: Tyranitar|292\/399
|-enditem|p2a: Tyranitar|Smooth Rock|[from] move: Knock Off|[of] p1a: Thundurus
|-damage|p1a: Thundurus|258\/344|[from] item: Life Orb
|
|-weather|Sandstorm|[upkeep]
|-damage|p1a: Thundurus|237\/344|[from] sandstorm
|turn|5
|c|âAppreciation|UH the rock
|
|move|p1a: Thundurus|Superpower|p2a: Tyranitar
|-supereffective|p2a: Tyranitar
|-damage|p2a: Tyranitar|0 fnt
|-unboost|p1a: Thundurus|atk|1
|-unboost|p1a: Thundurus|def|1
|-damage|p1a: Thundurus|203\/344|[from] item: Life Orb
|faint|p2a: Tyranitar
|
|-weather|Sandstorm|[upkeep]
|-damage|p1a: Thundurus|182\/344|[from] sandstorm
|c|âAppreciation|i almost
|c| Here to GG|why didnt he switch xD
|c|âAppreciation|clicked
|c|âAppreciation|knock off
|
|switch|p2a: Excadrill|Excadrill, F|362\/362
|-damage|p2a: Excadrill|351\/362|[from] Stealth Rock
|turn|6
|
|move|p2a: Excadrill|Rock Slide|p1a: Thundurus
|-supereffective|p1a: Thundurus
|-damage|p1a: Thundurus|0 fnt
|-damage|p2a: Excadrill|315\/362|[from] item: Life Orb
|faint|p1a: Thundurus
|
|-weather|Sandstorm|[upkeep]
|c| Here to GG|sometimes obvious is best
|
|switch|p1a: Politoed|Politoed, F|383\/383
|-weather|RainDance
|turn|7
|
|switch|p1a: Garchomp|Garchomp, F|142\/357
|move|p2a: Excadrill|Rapid Spin|p1a: Garchomp
|-damage|p1a: Garchomp|104\/357
|-damage|p2a: Excadrill|270\/362|[from] ability: Rough Skin|[of] p1a: Garchomp
|-sideend|p2: megas4ever|Stealth Rock|[from] move: Rapid Spin|[of] p2a: Excadrill
|-damage|p2a: Excadrill|234\/362|[from] item: Life Orb
|
|-weather|RainDance|[upkeep]
|turn|8
|
|move|p1a: Garchomp|Stealth Rock|p2a: Excadrill
|-sidestart|p2: megas4ever|move: Stealth Rock
|move|p2a: Excadrill|Earthquake|p1a: Garchomp
|-damage|p1a: Garchomp|0 fnt
|-damage|p2a: Excadrill|198\/362|[from] item: Life Orb
|faint|p1a: Garchomp
|
|-weather|RainDance|[upkeep]
|c|âAppreciation|lol
|
|switch|p1a: Swampert|Swampert, F|341\/341
|turn|9
|c|âAppreciation|NOOO I FORGOT I HAVE TO META
|
|detailschange|p1a: Swampert|Swampert-Mega, F
|-mega|p1a: Swampert|Swampert|Swampertite
|move|p2a: Excadrill|Rapid Spin|p1a: Swampert
|-damage|p1a: Swampert|306\/341
|-sideend|p2: megas4ever|Stealth Rock|[from] move: Rapid Spin|[of] p2a: Excadrill
|-damage|p2a: Excadrill|162\/362|[from] item: Life Orb
|move|p1a: Swampert|Power-Up Punch|p2a: Excadrill
|-supereffective|p2a: Excadrill
|-damage|p2a: Excadrill|0 fnt
|-boost|p1a: Swampert|atk|1
|faint|p2a: Excadrill
|
|-weather|RainDance|[upkeep]
|c|âAppreciation|o shiet
|
|switch|p2a: Celebi|Celebi|403\/403
|turn|10
|c| Here to GG|your so celebi weak :L
|c|âAppreciation|huh?
|c| Here to GG|goth>luke imo :P
|
|switch|p1a: Lucario|Lucario, M|281\/281
|move|p2a: Celebi|Giga Drain|p1a: Lucario
|-resisted|p1a: Lucario
|-damage|p1a: Lucario|222\/281
|
|-weather|RainDance|[upkeep]
|turn|11
|
|move|p1a: Lucario|Swords Dance|p1a: Lucario
|-boost|p1a: Lucario|atk|2
|move|p2a: Celebi|Earth Power|p1a: Lucario
|-supereffective|p1a: Lucario
|-damage|p1a: Lucario|50\/281
|
|-weather|RainDance|[upkeep]
|turn|12
|c|âAppreciation|OFC HE HAS IT
|
|move|p1a: Lucario|Crunch|p2a: Celebi
|-supereffective|p2a: Celebi
|-damage|p2a: Celebi|13\/403
|-damage|p1a: Lucario|22\/281|[from] item: Life Orb
|move|p2a: Celebi|Earth Power|p1a: Lucario
|-supereffective|p1a: Lucario
|-damage|p1a: Lucario|0 fnt
|faint|p1a: Lucario
|
|-weather|RainDance|[upkeep]
|-heal|p2a: Celebi|38\/403|[from] item: Leftovers
|c| Here to GG|either that or t wave
|c|âAppreciation|NICE
|c|âAppreciation|MIN
|c|âAppreciation|dAMAGE
|c| Here to GG|pert sweeps now
|c|âAppreciation|no it doesnt
|c| Here to GG|or lati
|
|switch|p1a: Swampert|Swampert-Mega, F|306\/341
|turn|13
|
|switch|p2a: Keldeo|Keldeo|324\/324
|move|p1a: Swampert|Waterfall|p2a: Keldeo
|-resisted|p2a: Keldeo
|-damage|p2a: Keldeo|187\/324
|
|-weather|RainDance|[upkeep]
|turn|14
|c| Here to GG|lol]
|
|move|p2a: Keldeo|Secret Sword|p1a: Swampert
|-damage|p1a: Swampert|165\/341
|move|p1a: Swampert|Earthquake|p2a: Keldeo
|-damage|p2a: Keldeo|0 fnt
|faint|p2a: Keldeo
|
|-weather|none
|c|âAppreciation|>
|c|âAppreciation|fuck this super low roll on celebvi
|
|switch|p2a: Lopunny|Lopunny, M|271\/271
|turn|15
|c| Here to GG|how do you know its min?
|
|switch|p1a: Politoed|Politoed, F|383\/383
|-weather|RainDance
|detailschange|p2a: Lopunny|Lopunny-Mega, M
|-mega|p2a: Lopunny|Lopunny|Lopunnite
|move|p2a: Lopunny|Power-Up Punch|p1a: Politoed
|-damage|p1a: Politoed|323\/383
|-boost|p2a: Lopunny|atk|1
|
|-weather|RainDance|[upkeep]
|turn|16
|c|âAppreciation|luc does more
|
|move|p2a: Lopunny|High Jump Kick|p1a: Politoed
|-damage|p1a: Politoed|38\/383
|move|p1a: Politoed|Scald|p2a: Lopunny
|-damage|p2a: Lopunny|147\/271
|
|-weather|RainDance|[upkeep]
|turn|17
|c|âAppreciation|why would i get a burn
|c|âAppreciation|for once
|
|move|p2a: Lopunny|Power-Up Punch|p1a: Politoed
|-damage|p1a: Politoed|0 fnt
|-boost|p2a: Lopunny|atk|1
|faint|p1a: Politoed
|
|-weather|RainDance|[upkeep]
|c| Here to GG|its gg regardless
|
|switch|p1a: Swampert|Swampert-Mega, F|165\/341
|turn|18
|c|âAppreciation|its not
|c| Here to GG|do you not live
|
|move|p1a: Swampert|Waterfall|p2a: Lopunny
|-damage|p2a: Lopunny|0 fnt
|faint|p2a: Lopunny
|
|-weather|RainDance|[upkeep]
|c|âAppreciation|i dont
|c| Here to GG|weak
|c| Here to GG|?
|
|switch|p2a: Talonflame|Talonflame, F|359\/359
|turn|19
|c| Here to GG|>
|
|move|p2a: Talonflame|Brave Bird|p1a: Swampert
|-damage|p1a: Swampert|6\/341
|-damage|p2a: Talonflame|307\/359|[from] recoil|[of] p1a: Swampert
|move|p1a: Swampert|Waterfall|p2a: Talonflame
|-supereffective|p2a: Talonflame
|-damage|p2a: Talonflame|0 fnt
|faint|p2a: Talonflame
|
|-weather|RainDance|[upkeep]
|c| Here to GG|bulky
|c|âAppreciation|balk
|c| Here to GG|flame
|c| Here to GG|\/\/
|c| Here to GG|not band
|c|âAppreciation|i dont think it was
|c|âAppreciation|sharp beak probs
|-message|megas4ever forfeited.
|leave|megas4ever
|c| Here to GG|sharpbreak
|
|win|Appreciation
|raw|Ladder updating...
|player|p2