|join|Appreciation
|join|Ligabue
|player|p1|Appreciation|68
|player|p2|Ligabue|53
|gametype|singles
|gen|6
|tier|OU
|rated
|clearpoke
|poke|p1|Beedrill, F
|poke|p1|Latios, M
|poke|p1|Keldeo
|poke|p1|Landorus-Therian, M
|poke|p1|Excadrill, M
|poke|p1|Tyranitar, M
|poke|p2|Chansey, F
|poke|p2|Gliscor, F
|poke|p2|Zapdos
|poke|p2|Scizor, M
|poke|p2|Slowbro, F
|poke|p2|Clefable, M
|rule|Swagger Clause: Swagger is banned
|rule|Baton Pass Clause: Limit one PokÃ©mon knowing Baton Pass
|rule|Sleep Clause Mod: Limit one foe put to sleep
|rule|Species Clause: Limit one of each PokÃ©mon
|rule|OHKO Clause: OHKO moves are banned
|rule|Moody Clause: Moody is banned
|rule|Evasion Moves Clause: Evasion moves are banned
|rule|Endless Battle Clause: Forcing endless battles is banned
|rule|HP Percentage Mod: HP is shown in percentages
|teampreview
|c|âAppreciation|stall :)
|join|CleanerThanRotom-W
|
|start
|switch|p1a: Beedrill|Beedrill, F|272\/272
|switch|p2a: Gliscor|Gliscor, F|352\/352
|turn|1
|
|detailschange|p1a: Beedrill|Beedrill-Mega, F
|-mega|p1a: Beedrill|Beedrill|Beedrillite
|move|p1a: Beedrill|Knock Off|p2a: Gliscor
|-damage|p2a: Gliscor|240\/352
|-enditem|p2a: Gliscor|Toxic Orb|[from] move: Knock Off|[of] p1a: Beedrill
|move|p2a: Gliscor|Knock Off|p1a: Beedrill
|-damage|p1a: Beedrill|171\/272
|
|turn|2
|c| CleanerThanRotom-W|lol
|c|âAppreciation|lol
|
|move|p1a: Beedrill|U-turn|p2a: Gliscor
|-resisted|p2a: Gliscor
|-damage|p2a: Gliscor|156\/352
|
|switch|p1a: Landorus-Therian|Landorus-Therian, M|319\/319
|-ability|p1a: Landorus-Therian|Intimidate|[of] p2a: Gliscor
|-unboost|p2a: Gliscor|atk|1
|move|p2a: Gliscor|Knock Off|p1a: Landorus-Therian
|-damage|p1a: Landorus-Therian|266\/319
|-enditem|p1a: Landorus-Therian|Earth Plate|[from] move: Knock Off|[of] p2a: Gliscor
|
|turn|3
|
|move|p1a: Landorus-Therian|Stealth Rock|p2a: Gliscor
|-sidestart|p2: Ligabue|move: Stealth Rock
|move|p2a: Gliscor|Roost|p2a: Gliscor
|-heal|p2a: Gliscor|332\/352
|
|turn|4
|
|move|p1a: Landorus-Therian|U-turn|p2a: Gliscor
|-resisted|p2a: Gliscor
|-damage|p2a: Gliscor|292\/352
|
|switch|p1a: Keldeo|Keldeo|323\/323
|move|p2a: Gliscor|Knock Off|p1a: Keldeo
|-resisted|p1a: Keldeo
|-damage|p1a: Keldeo|299\/323
|-boost|p1a: Keldeo|atk|1|[from] ability: Justified
|-enditem|p1a: Keldeo|Expert Belt|[from] move: Knock Off|[of] p2a: Gliscor
|
|turn|5
|
|switch|p2a: Slowbro|Slowbro, F|394\/394
|-damage|p2a: Slowbro|345\/394|[from] Stealth Rock
|move|p1a: Keldeo|Scald|p2a: Slowbro
|-resisted|p2a: Slowbro
|-damage|p2a: Slowbro|258\/394
|-status|p2a: Slowbro|brn
|
|-heal|p2a: Slowbro|282\/394 brn|[from] item: Leftovers
|-damage|p2a: Slowbro|233\/394 brn|[from] brn
|turn|6
|
|switch|p1a: Tyranitar|Tyranitar, M|403\/403
|-weather|Sandstorm
|move|p2a: Slowbro|Thunder Wave|p1a: Tyranitar
|-status|p1a: Tyranitar|par
|
|-weather|Sandstorm|[upkeep]
|-damage|p2a: Slowbro|209\/394 brn|[from] sandstorm
|-heal|p2a: Slowbro|233\/394 brn|[from] item: Leftovers
|-damage|p2a: Slowbro|184\/394 brn|[from] brn
|turn|7
|
|move|p1a: Tyranitar|Pursuit|p2a: Slowbro|[from]Pursuit
|-supereffective|p2a: Slowbro
|-damage|p2a: Slowbro|0 fnt
|faint|p2a: Slowbro
|
|-weather|Sandstorm|[upkeep]
|
|switch|p2a: Zapdos|Zapdos|384\/384
|-damage|p2a: Zapdos|288\/384|[from] Stealth Rock
|-ability|p2a: Zapdos|Pressure
|turn|8
|
|switch|p1a: Excadrill|Excadrill, M|361\/361
|move|p2a: Zapdos|Defog|p1a: Excadrill
|-unboost|p1a: Excadrill|evasion|1
|-sideend|p2: Ligabue|Stealth Rock|[from] move: Defog|[of] p2a: Zapdos
|
|-weather|Sandstorm|[upkeep]
|-damage|p2a: Zapdos|264\/384|[from] sandstorm
|-heal|p2a: Zapdos|288\/384|[from] item: Leftovers
|turn|9
|
|switch|p2a: Scizor|Scizor, M|343\/343
|move|p1a: Excadrill|Rock Slide|p2a: Scizor
|-damage|p2a: Scizor|204\/343
|-damage|p1a: Excadrill|325\/361|[from] item: Life Orb
|
|-weather|Sandstorm|[upkeep]
|turn|10
|
|switch|p2a: Zapdos|Zapdos|288\/384
|-ability|p2a: Zapdos|Pressure
|move|p1a: Excadrill|Earthquake|p2a: Zapdos
|-immune|p2a: Zapdos|[msg]
|
|-weather|none
|-heal|p2a: Zapdos|312\/384|[from] item: Leftovers
|turn|11
|
|move|p1a: Excadrill|Rock Slide|p2a: Zapdos
|-supereffective|p2a: Zapdos
|-damage|p2a: Zapdos|101\/384
|-damage|p1a: Excadrill|289\/361|[from] item: Life Orb
|move|p2a: Zapdos|Heat Wave|p1a: Excadrill
|-supereffective|p1a: Excadrill
|-damage|p1a: Excadrill|25\/361
|
|-heal|p2a: Zapdos|125\/384|[from] item: Leftovers
|turn|12
|c|âAppreciation|hi
|
|switch|p2a: Scizor|Scizor, M|204\/343
|move|p1a: Excadrill|Rock Slide|p2a: Scizor
|-damage|p2a: Scizor|66\/343
|-damage|p1a: Excadrill|0 fnt|[from] item: Life Orb
|faint|p1a: Excadrill
|
|
|switch|p1a: Landorus-Therian|Landorus-Therian, M|266\/319
|-ability|p1a: Landorus-Therian|Intimidate|[of] p2a: Scizor
|-unboost|p2a: Scizor|atk|1
|turn|13
|c| CleanerThanRotom-W|hi
|
|detailschange|p2a: Scizor|Scizor-Mega, M
|-mega|p2a: Scizor|Scizor|Scizorite
|move|p1a: Landorus-Therian|Earthquake|p2a: Scizor
|-damage|p2a: Scizor|0 fnt
|faint|p2a: Scizor
|
|c|âAppreciation|how are you
|c| CleanerThanRotom-W|im fine thx
|c| CleanerThanRotom-W|and u
|
|switch|p2a: Clefable|Clefable, M|394\/394
|turn|14
|c|âAppreciation|im also fine
|
|move|p1a: Landorus-Therian|Stealth Rock|p2a: Clefable
|-sidestart|p2: Ligabue|move: Stealth Rock
|move|p2a: Clefable|Calm Mind|p2a: Clefable
|-boost|p2a: Clefable|spa|1
|-boost|p2a: Clefable|spd|1
|
|turn|15
|c| CleanerThanRotom-W|what u doin rn
|
|move|p1a: Landorus-Therian|Earthquake|p2a: Clefable
|-damage|p2a: Clefable|210\/394
|move|p2a: Clefable|Calm Mind|p2a: Clefable
|-boost|p2a: Clefable|spa|1
|-boost|p2a: Clefable|spd|1
|
|-heal|p2a: Clefable|234\/394|[from] item: Leftovers
|turn|16
|
|move|p1a: Landorus-Therian|Earthquake|p2a: Clefable
|-damage|p2a: Clefable|54\/394
|move|p2a: Clefable|Wish|p2a: Clefable
|
|-heal|p2a: Clefable|78\/394|[from] item: Leftovers
|turn|17
|
|move|p1a: Landorus-Therian|Earthquake|p2a: Clefable
|-damage|p2a: Clefable|0 fnt
|faint|p2a: Clefable
|
|c|âAppreciation|#1
|-message|Ligabue forfeited.
|
|win|Appreciation
|raw|Ladder updating...
|raw|Appreciation's rating: 1501 &rarr; <strong>1525<\/strong><br \/>(+24 for winning)
|raw|Ligabue's rating: 1572 &rarr; <strong>1548<\/strong><br \/>(-24 for losing)
|leave|Ligabue
|player|p2
|c|âAppreciation|l8r