|join|Appreciation
|join|kloshitt
|player|p1|Appreciation|68
|player|p2|kloshitt|52
|gametype|singles
|gen|6
|tier|OU
|rated
|clearpoke
|poke|p1|Scizor, M
|poke|p1|Landorus, M
|poke|p1|Thundurus, M
|poke|p1|Diggersby, M
|poke|p1|Garchomp, M
|poke|p1|Latios, M
|poke|p2|Landorus-Therian, M
|poke|p2|Heatran, M
|poke|p2|Latias, F
|poke|p2|Weavile, M
|poke|p2|Lopunny, M
|poke|p2|Rotom-Wash
|rule|Swagger Clause: Swagger is banned
|rule|Baton Pass Clause: Limit one PokÃ©mon knowing Baton Pass
|rule|Sleep Clause Mod: Limit one foe put to sleep
|rule|Species Clause: Limit one of each PokÃ©mon
|rule|OHKO Clause: OHKO moves are banned
|rule|Moody Clause: Moody is banned
|rule|Evasion Moves Clause: Evasion moves are banned
|rule|Endless Battle Clause: Forcing endless battles is banned
|rule|HP Percentage Mod: HP is shown in percentages
|teampreview
|c|âAppreciation|shit its kloshirt
|c|âAppreciation|leleleel
|
|start
|switch|p1a: Garchomp|Garchomp, M|357\/357
|switch|p2a: Weavile|Weavile, M|281\/281
|-ability|p2a: Weavile|Pressure
|turn|1
|
|move|p2a: Weavile|Icicle Crash|p1a: Garchomp
|-supereffective|p1a: Garchomp
|-enditem|p1a: Garchomp|Focus Sash
|-damage|p1a: Garchomp|1\/357
|-damage|p2a: Weavile|253\/281|[from] item: Life Orb
|move|p1a: Garchomp|Earthquake|p2a: Weavile
|-damage|p2a: Weavile|0 fnt
|faint|p2a: Weavile
|
|c|âkloshitt|"shirt"
|c|âAppreciation|CLEAN
|
|switch|p2a: Landorus-Therian|Landorus-Therian, M|319\/319
|-ability|p2a: Landorus-Therian|Intimidate|[of] p1a: Garchomp
|-unboost|p1a: Garchomp|atk|1
|turn|2
|c|âAppreciation|knock out
|c|âAppreciation|right here
|
|move|p2a: Landorus-Therian|U-turn|p1a: Garchomp
|-damage|p1a: Garchomp|0 fnt
|-damage|p2a: Landorus-Therian|280\/319|[from] ability: Rough Skin|[of] p1a: Garchomp
|faint|p1a: Garchomp
|c|âAppreciation|ahh
|c|âAppreciation|the scarf reveal
|c|âAppreciation|NOT EVEN bad
|
|switch|p2a: Lopunny|Lopunny, M|271\/271
|
|c|âAppreciation|o shit
|c|âAppreciation|lopunny mega
|
|switch|p1a: Scizor|Scizor, M|282\/282
|turn|3
|
|detailschange|p2a: Lopunny|Lopunny-Mega, M
|-mega|p2a: Lopunny|Lopunny|Lopunnite
|detailschange|p1a: Scizor|Scizor-Mega, M
|-mega|p1a: Scizor|Scizor|Scizorite
|move|p2a: Lopunny|Fake Out|p1a: Scizor
|-resisted|p1a: Scizor
|-damage|p1a: Scizor|255\/282
|cant|p1a: Scizor|flinch
|
|turn|4
|c|âkloshitt|du wissen ich sprechen deutsch
|c|âkloshitt|oder
|c|âAppreciation|fuck?
|c|âAppreciation|ja
|c|âAppreciation|hahaah
|c|âAppreciation|ich bin nur etwas gay
|c|âAppreciation|sorry
|
|switch|p2a: Rotom-Wash|Rotom-Wash|304\/304
|move|p1a: Scizor|Swords Dance|p1a: Scizor
|-boost|p1a: Scizor|atk|2
|
|turn|5
|c|âkloshitt|LEL
|c|âAppreciation|wow
|c|âAppreciation|wieso tust du das
|
|move|p1a: Scizor|Bug Bite|p2a: Rotom-Wash
|-damage|p2a: Rotom-Wash|43\/304
|move|p2a: Rotom-Wash|Will-O-Wisp|p1a: Scizor
|-status|p1a: Scizor|brn
|
|-heal|p2a: Rotom-Wash|62\/304|[from] item: Leftovers
|-damage|p1a: Scizor|220\/282 brn|[from] brn
|turn|6
|c|âAppreciation|+2 252+ Atk Technician Mega Scizor Bug Bite vs. 248 HP \/ 216+ Def Rotom-W: 255-300 (84.1 - 99%) -- guaranteed 2HKO after Leftovers recovery
|c|âAppreciation|hix baby
|
|switch|p2a: Landorus-Therian|Landorus-Therian, M|280\/319
|-ability|p2a: Landorus-Therian|Intimidate|[of] p1a: Scizor
|-unboost|p1a: Scizor|atk|1
|move|p1a: Scizor|Bug Bite|p2a: Landorus-Therian
|-crit|p2a: Landorus-Therian
|-resisted|p2a: Landorus-Therian
|-damage|p2a: Landorus-Therian|173\/319
|
|-damage|p1a: Scizor|185\/282 brn|[from] brn
|turn|7
|c|âAppreciation|oh yeah
|c|âAppreciation|dat crit baby
|
|move|p2a: Landorus-Therian|Earthquake|p1a: Scizor
|-damage|p1a: Scizor|37\/282 brn
|move|p1a: Scizor|Superpower|p2a: Landorus-Therian
|-resisted|p2a: Landorus-Therian
|-damage|p2a: Landorus-Therian|107\/319
|-unboost|p1a: Scizor|atk|1
|-unboost|p1a: Scizor|def|1
|
|-damage|p1a: Scizor|2\/282 brn|[from] brn
|turn|8
|c|âAppreciation|great play by kloshit right here
|
|switch|p2a: Heatran|Heatran, M|386\/386
|move|p1a: Scizor|Bullet Punch|p2a: Heatran
|-resisted|p2a: Heatran
|-damage|p2a: Heatran|370\/386
|
|-heal|p2a: Heatran|386\/386|[from] item: Leftovers
|-damage|p1a: Scizor|0 fnt|[from] brn
|faint|p1a: Scizor
|c|âAppreciation|what a perfect play
|c|âAppreciation|do we see the switch into
|c|âAppreciation|the landorus here?
|
|switch|p1a: Diggersby|Diggersby, M|311\/311
|turn|9
|c|âAppreciation|hmm
|c|âAppreciation|this is
|c|âAppreciation|TOUGH man
|c|âAppreciation|hmmmmmmmmm
|
|move|p1a: Diggersby|Swords Dance|p1a: Diggersby
|-boost|p1a: Diggersby|atk|2
|move|p2a: Heatran|Lava Plume|p1a: Diggersby
|-damage|p1a: Diggersby|152\/311
|-status|p1a: Diggersby|brn
|
|-damage|p1a: Diggersby|114\/311 brn|[from] brn
|turn|10
|c|âAppreciation|oh yes
|c|âAppreciation|jesus fuck
|c|âAppreciation|youre lucky as shit
|c|âkloshitt|latias living quick attack anyways
|
|switch|p2a: Rotom-Wash|Rotom-Wash|62\/304
|move|p1a: Diggersby|Return|p2a: Rotom-Wash
|-damage|p2a: Rotom-Wash|0 fnt
|-damage|p1a: Diggersby|83\/311 brn|[from] item: Life Orb
|faint|p2a: Rotom-Wash
|
|-damage|p1a: Diggersby|45\/311 brn|[from] brn
|c|âAppreciation|that doesnt matter u nerd
|
|switch|p2a: Lopunny|Lopunny-Mega, M|271\/271
|turn|11
|
|move|p2a: Lopunny|Fake Out|p1a: Diggersby
|-damage|p1a: Diggersby|0 fnt
|faint|p1a: Diggersby
|
|
|switch|p1a: Latios|Latios, M|301\/301
|turn|12
|
|switch|p2a: Heatran|Heatran, M|386\/386
|move|p1a: Latios|Psyshock|p2a: Heatran
|-resisted|p2a: Heatran
|-damage|p2a: Heatran|323\/386
|
|-heal|p2a: Heatran|347\/386|[from] item: Leftovers
|turn|13
|
|switch|p1a: Landorus|Landorus, M|319\/319
|move|p2a: Heatran|Toxic|p1a: Landorus
|-status|p1a: Landorus|tox
|
|-heal|p2a: Heatran|371\/386|[from] item: Leftovers
|-damage|p1a: Landorus|300\/319 tox|[from] psn
|turn|14
|
|switch|p2a: Latias|Latias, F|320\/320
|move|p1a: Landorus|Calm Mind|p1a: Landorus
|-boost|p1a: Landorus|spa|1
|-boost|p1a: Landorus|spd|1
|
|-damage|p1a: Landorus|262\/319 tox|[from] psn
|turn|15
|
|move|p2a: Latias|Psyshock|p1a: Landorus
|-damage|p1a: Landorus|90\/319 tox
|-damage|p2a: Latias|288\/320|[from] item: Life Orb
|move|p1a: Landorus|Sludge Wave|p2a: Latias
|-damage|p2a: Latias|94\/320
|
|-damage|p1a: Landorus|33\/319 tox|[from] psn
|turn|16
|c|âAppreciation|nice aim frame
|
|move|p2a: Latias|Psyshock|p1a: Landorus
|-damage|p1a: Landorus|0 fnt
|-damage|p2a: Latias|62\/320|[from] item: Life Orb
|faint|p1a: Landorus
|
|c|âAppreciation|well
|c|âAppreciation|congrats on the burn
|c|âAppreciation|you won  by vluck
|c|âAppreciation|nothing new tho,,,
|c|âkloshitt|who cares bout ladder games?
|
|switch|p1a: Thundurus|Thundurus, M|299\/299
|turn|17
|c|âAppreciation|why do u play them then
|c|âAppreciation|if u can only win by luck
|c|âkloshitt|to test teams
|c|âAppreciation|lol
|c|âAppreciation|>to test teams
|
|switch|p2a: Heatran|Heatran, M|371\/386
|move|p1a: Thundurus|Knock Off|p2a: Heatran
|-damage|p2a: Heatran|248\/386
|-enditem|p2a: Heatran|Leftovers|[from] move: Knock Off|[of] p1a: Thundurus
|-damage|p1a: Thundurus|270\/299|[from] item: Life Orb
|
|turn|18
|c|âAppreciation|implying u can be good
|c|âAppreciation|at something
|c|âkloshitt|aha
|
|move|p1a: Thundurus|Superpower|p2a: Heatran
|-supereffective|p2a: Heatran
|-damage|p2a: Heatran|0 fnt
|-unboost|p1a: Thundurus|atk|1
|-unboost|p1a: Thundurus|def|1
|-damage|p1a: Thundurus|241\/299|[from] item: Life Orb
|faint|p2a: Heatran
|
|
|switch|p2a: Landorus-Therian|Landorus-Therian, M|107\/319
|-ability|p2a: Landorus-Therian|Intimidate|[of] p1a: Thundurus
|-unboost|p1a: Thundurus|atk|1
|-boost|p1a: Thundurus|atk|2|[from] ability: Defiant
|turn|19
|
|move|p2a: Landorus-Therian|Knock Off|p1a: Thundurus
|-damage|p1a: Thundurus|0 fnt
|-enditem|p1a: Thundurus|Life Orb|[from] move: Knock Off|[of] p2a: Landorus-Therian
|faint|p1a: Thundurus
|
|
|switch|p1a: Latios|Latios, M|301\/301
|turn|20
|c|âAppreciation|lol
|
|move|p1a: Latios|Psyshock|p2a: Landorus-Therian
|-damage|p2a: Landorus-Therian|0 fnt
|faint|p2a: Landorus-Therian
|
|c|âkloshitt|gewinnst doch eh
|c|âkloshitt|also beschwer dich nicht
|c|âAppreciation|ja weil du sucks
|c|âAppreciation|ka wieso du zu tran gegangen bist
|
|switch|p2a: Latias|Latias, F|62\/320
|turn|21
|c|âkloshitt|ja weil ich sucke
|c|âAppreciation|252 SpA Latios Psyshock vs. 72 HP \/ 0 Def Latias: 72-84 (22.5 - 26.3%) -- 15.5% chance to 4HKO
|c|âAppreciation|oh shit
|c|âkloshitt|eben
|c|âAppreciation|dont run bulk ok
|c|âkloshitt|76 hp 4 sdef lol
|
|move|p1a: Latios|Psyshock|p2a: Latias
|-resisted|p2a: Latias
|-damage|p2a: Latias|0 fnt
|faint|p2a: Latias
|
|
|switch|p2a: Lopunny|Lopunny-Mega, M|271\/271
|turn|22
|
|move|p2a: Lopunny|Fake Out|p1a: Latios
|-damage|p1a: Latios|205\/301
|cant|p1a: Latios|flinch
|
|turn|23
|-message|kloshitt forfeited.
|
|win|Appreciation
|raw|Ladder updating...
|leave|kloshitt
|player|p2
|raw|Appreciation's rating: 1648 &rarr; <strong>1672<\/strong><br \/>(+24 for winning)
|raw|kloshitt's rating: 1725 &rarr; <strong>1701<\/strong><br \/>(-24 for losing)