|join|Appreciation
|join|KUNG FU TANGA
|player|p1|Appreciation|68
|player|p2|KUNG FU TANGA|77
|gametype|singles
|gen|6
|tier|OU
|rated
|clearpoke
|poke|p1|Scizor, F
|poke|p1|Crawdaunt, M
|poke|p1|Thundurus, M
|poke|p1|Diggersby, F
|poke|p1|Garchomp, M
|poke|p1|Latios, M
|poke|p2|Rotom-Wash
|poke|p2|Pangoro, M
|poke|p2|Lopunny, F
|poke|p2|Jirachi
|poke|p2|Landorus, M
|poke|p2|Hawlucha, M
|rule|Swagger Clause: Swagger is banned
|rule|Baton Pass Clause: Limit one PokÃ©mon knowing Baton Pass
|rule|Sleep Clause Mod: Limit one foe put to sleep
|rule|Species Clause: Limit one of each PokÃ©mon
|rule|OHKO Clause: OHKO moves are banned
|rule|Moody Clause: Moody is banned
|rule|Evasion Moves Clause: Evasion moves are banned
|rule|Endless Battle Clause: Forcing endless battles is banned
|rule|HP Percentage Mod: HP is shown in percentages
|teampreview
|join|lord ledian
|
|start
|switch|p1a: Garchomp|Garchomp, M|357\/357
|switch|p2a: WONDERWOMAN|Lopunny, F|271\/271
|turn|1
|
|switch|p1a: Scizor|Scizor, F|282\/282
|detailschange|p2a: WONDERWOMAN|Lopunny-Mega, F
|-mega|p2a: WONDERWOMAN|Lopunny|Lopunnite
|move|p2a: WONDERWOMAN|Fake Out|p1a: Scizor
|-resisted|p1a: Scizor
|-damage|p1a: Scizor|242\/282
|
|turn|2
|
|detailschange|p1a: Scizor|Scizor-Mega, F
|-mega|p1a: Scizor|Scizor|Scizorite
|move|p2a: WONDERWOMAN|High Jump Kick|p1a: Scizor
|-damage|p1a: Scizor|58\/282
|move|p1a: Scizor|Superpower|p2a: WONDERWOMAN
|-supereffective|p2a: WONDERWOMAN
|-damage|p2a: WONDERWOMAN|0 fnt
|-unboost|p1a: Scizor|atk|1
|-unboost|p1a: Scizor|def|1
|faint|p2a: WONDERWOMAN
|
|
|switch|p2a: SAND MAN|Landorus, M|319\/319
|turn|3
|join|I Need A TwiiXx
|
|switch|p1a: Garchomp|Garchomp, M|357\/357
|move|p2a: SAND MAN|Stealth Rock|p1a: Garchomp
|-sidestart|p1: Appreciation|move: Stealth Rock
|
|turn|4
|
|switch|p2a: AQUAMAN|Rotom-Wash|303\/303
|move|p1a: Garchomp|Stealth Rock|p2a: AQUAMAN
|-sidestart|p2: KUNG FU TANGA|move: Stealth Rock
|
|turn|5
|
|move|p1a: Garchomp|Swords Dance|p1a: Garchomp
|-boost|p1a: Garchomp|atk|2
|move|p2a: AQUAMAN|Will-O-Wisp|p1a: Garchomp
|-status|p1a: Garchomp|brn
|-enditem|p1a: Garchomp|Lum Berry|[eat]
|-curestatus|p1a: Garchomp|brn
|
|turn|6
|
|move|p1a: Garchomp|Dragon Claw|p2a: AQUAMAN
|-damage|p2a: AQUAMAN|92\/303
|move|p2a: AQUAMAN|Will-O-Wisp|p1a: Garchomp
|-status|p1a: Garchomp|brn
|
|-heal|p2a: AQUAMAN|110\/303|[from] item: Leftovers
|-damage|p1a: Garchomp|313\/357 brn|[from] brn
|turn|7
|
|move|p1a: Garchomp|Swords Dance|p1a: Garchomp
|-boost|p1a: Garchomp|atk|2
|move|p2a: AQUAMAN|Pain Split|p1a: Garchomp
|-sethp|p1a: Garchomp|211\/357 brn|p2a: AQUAMAN|211\/303|[from] move: Pain Split
|
|-heal|p2a: AQUAMAN|229\/303|[from] item: Leftovers
|-damage|p1a: Garchomp|167\/357 brn|[from] brn
|turn|8
|
|switch|p2a: SAND MAN|Landorus, M|319\/319
|-damage|p2a: SAND MAN|280\/319|[from] Stealth Rock
|move|p1a: Garchomp|Dragon Claw|p2a: SAND MAN
|-damage|p2a: SAND MAN|48\/319
|
|-damage|p1a: Garchomp|123\/357 brn|[from] brn
|turn|9
|
|move|p1a: Garchomp|Dragon Claw|p2a: SAND MAN
|-damage|p2a: SAND MAN|0 fnt
|faint|p2a: SAND MAN
|
|-damage|p1a: Garchomp|79\/357 brn|[from] brn
|
|switch|p2a: REY MISTERIO|Hawlucha, M|300\/300
|-damage|p2a: REY MISTERIO|263\/300|[from] Stealth Rock
|turn|10
|
|move|p2a: REY MISTERIO|Acrobatics|p1a: Garchomp
|-crit|p1a: Garchomp
|-damage|p1a: Garchomp|0 fnt
|-damage|p2a: REY MISTERIO|226\/300|[from] ability: Rough Skin|[of] p1a: Garchomp
|faint|p1a: Garchomp
|
|
|switch|p1a: Latios|Latios, M|301\/301
|-damage|p1a: Latios|264\/301|[from] Stealth Rock
|turn|11
|
|switch|p2a: SILVERSURFER|Jirachi|401\/401
|-damage|p2a: SILVERSURFER|376\/401|[from] Stealth Rock
|move|p1a: Latios|Memento|p2a: SILVERSURFER
|-unboost|p2a: SILVERSURFER|atk|2
|-unboost|p2a: SILVERSURFER|spa|2
|faint|p1a: Latios
|
|-heal|p2a: SILVERSURFER|401\/401|[from] item: Leftovers
|
|switch|p1a: Diggersby|Diggersby, F|311\/311
|-damage|p1a: Diggersby|292\/311|[from] Stealth Rock
|turn|12
|
|move|p1a: Diggersby|Swords Dance|p1a: Diggersby
|-boost|p1a: Diggersby|atk|2
|move|p2a: SILVERSURFER|U-turn|p1a: Diggersby
|-damage|p1a: Diggersby|256\/311
|
|switch|p2a: REY MISTERIO|Hawlucha, M|226\/300
|-damage|p2a: REY MISTERIO|189\/300|[from] Stealth Rock
|
|turn|13
|
|switch|p2a: SILVERSURFER|Jirachi|401\/401
|-damage|p2a: SILVERSURFER|376\/401|[from] Stealth Rock
|move|p1a: Diggersby|Quick Attack|p2a: SILVERSURFER
|-resisted|p2a: SILVERSURFER
|-damage|p2a: SILVERSURFER|256\/401
|-damage|p1a: Diggersby|225\/311|[from] item: Life Orb
|
|-heal|p2a: SILVERSURFER|281\/401|[from] item: Leftovers
|turn|14
|
|move|p2a: SILVERSURFER|Protect|p2a: SILVERSURFER
|-singleturn|p2a: SILVERSURFER|Protect
|move|p1a: Diggersby|Earthquake|p2a: SILVERSURFER
|-activate|p2a: SILVERSURFER|Protect
|
|-heal|p2a: SILVERSURFER|306\/401|[from] item: Leftovers
|turn|15
|
|switch|p2a: REY MISTERIO|Hawlucha, M|189\/300
|-damage|p2a: REY MISTERIO|152\/300|[from] Stealth Rock
|move|p1a: Diggersby|Earthquake|p2a: REY MISTERIO
|-immune|p2a: REY MISTERIO|[msg]
|
|turn|16
|
|switch|p2a: SILVERSURFER|Jirachi|306\/401
|-damage|p2a: SILVERSURFER|281\/401|[from] Stealth Rock
|move|p1a: Diggersby|Quick Attack|p2a: SILVERSURFER
|-resisted|p2a: SILVERSURFER
|-damage|p2a: SILVERSURFER|169\/401
|-damage|p1a: Diggersby|194\/311|[from] item: Life Orb
|
|-heal|p2a: SILVERSURFER|194\/401|[from] item: Leftovers
|turn|17
|
|move|p1a: Diggersby|Return|p2a: SILVERSURFER
|-resisted|p2a: SILVERSURFER
|-damage|p2a: SILVERSURFER|0 fnt
|-damage|p1a: Diggersby|163\/311|[from] item: Life Orb
|faint|p2a: SILVERSURFER
|
|
|switch|p2a: PO|Pangoro, M|331\/331
|-damage|p2a: PO|311\/331|[from] Stealth Rock
|turn|18
|
|move|p1a: Diggersby|Quick Attack|p2a: PO
|-damage|p2a: PO|34\/331
|-damage|p1a: Diggersby|132\/311|[from] item: Life Orb
|move|p2a: PO|Superpower|p1a: Diggersby
|-supereffective|p1a: Diggersby
|-damage|p1a: Diggersby|0 fnt
|-unboost|p2a: PO|atk|1
|-unboost|p2a: PO|def|1
|faint|p1a: Diggersby
|
|
|switch|p1a: Crawdaunt|Crawdaunt, M|268\/268
|-damage|p1a: Crawdaunt|235\/268|[from] Stealth Rock
|turn|19
|
|move|p1a: Crawdaunt|Aqua Jet|p2a: PO
|-crit|p2a: PO
|-damage|p2a: PO|0 fnt
|-damage|p1a: Crawdaunt|209\/268|[from] item: Life Orb
|faint|p2a: PO
|
|
|switch|p2a: AQUAMAN|Rotom-Wash|229\/303
|-damage|p2a: AQUAMAN|192\/303|[from] Stealth Rock
|turn|20
|
|move|p1a: Crawdaunt|Knock Off|p2a: AQUAMAN
|-damage|p2a: AQUAMAN|5\/303
|-enditem|p2a: AQUAMAN|Leftovers|[from] move: Knock Off|[of] p1a: Crawdaunt
|-damage|p1a: Crawdaunt|183\/268|[from] item: Life Orb
|move|p2a: AQUAMAN|Volt Switch|p1a: Crawdaunt
|-supereffective|p1a: Crawdaunt
|-damage|p1a: Crawdaunt|0 fnt
|faint|p1a: Crawdaunt
|
|switch|p2a: REY MISTERIO|Hawlucha, M|152\/300
|-damage|p2a: REY MISTERIO|115\/300|[from] Stealth Rock
|-enditem|p2a: REY MISTERIO|Sitrus Berry|[eat]
|-heal|p2a: REY MISTERIO|190\/300|[from] item: Sitrus Berry
|
|
|switch|p1a: Thundurus|Thundurus, M|299\/299
|-damage|p1a: Thundurus|225\/299|[from] Stealth Rock
|turn|21
|
|move|p2a: REY MISTERIO|Substitute|p2a: REY MISTERIO
|-start|p2a: REY MISTERIO|Substitute
|-damage|p2a: REY MISTERIO|115\/300
|move|p1a: Thundurus|Thunderbolt|p2a: REY MISTERIO
|-supereffective|p2a: REY MISTERIO
|-end|p2a: REY MISTERIO|Substitute
|-damage|p1a: Thundurus|196\/299|[from] item: Life Orb
|
|turn|22
|
|move|p2a: REY MISTERIO|High Jump Kick|p1a: Thundurus
|-resisted|p1a: Thundurus
|-damage|p1a: Thundurus|46\/299
|move|p1a: Thundurus|Thunderbolt|p2a: REY MISTERIO
|-crit|p2a: REY MISTERIO
|-supereffective|p2a: REY MISTERIO
|-damage|p2a: REY MISTERIO|0 fnt
|-damage|p1a: Thundurus|17\/299|[from] item: Life Orb
|faint|p2a: REY MISTERIO
|
|
|switch|p2a: AQUAMAN|Rotom-Wash|5\/303
|-damage|p2a: AQUAMAN|0 fnt|[from] Stealth Rock
|faint|p2a: AQUAMAN
|
|win|Appreciation
|raw|Ladder updating...
|c|âKUNG FU TANGA|gg
|c|âAppreciation|gg
|raw|Appreciation's rating: 1724 &rarr; <strong>1742<\/strong><br \/>(+18 for winning)
|raw|KUNG FU TANGA's rating: 1688 &rarr; <strong>1670<\/strong><br \/>(-18 for losing)