|join|shasso
|join|Appreciation
|player|p1|shasso|169
|player|p2|Appreciation|68
|gametype|singles
|gen|6
|tier|OU
|rated
|clearpoke
|poke|p1|Bisharp, M
|poke|p1|Chesnaught, M
|poke|p1|Azumarill, F
|poke|p1|Rotom-Wash
|poke|p1|Landorus-Therian, M
|poke|p1|Gardevoir, F
|poke|p2|Scizor, M
|poke|p2|Landorus, M
|poke|p2|Thundurus, M
|poke|p2|Diggersby, F
|poke|p2|Garchomp, M
|poke|p2|Latios, M
|rule|Swagger Clause: Swagger is banned
|rule|Baton Pass Clause: Limit one PokÃ©mon knowing Baton Pass
|rule|Sleep Clause Mod: Limit one foe put to sleep
|rule|Species Clause: Limit one of each PokÃ©mon
|rule|OHKO Clause: OHKO moves are banned
|rule|Moody Clause: Moody is banned
|rule|Evasion Moves Clause: Evasion moves are banned
|rule|Endless Battle Clause: Forcing endless battles is banned
|rule|HP Percentage Mod: HP is shown in percentages
|teampreview
|
|start
|switch|p1a: Landorus-Therian|Landorus-Therian, M|382\/382
|switch|p2a: Garchomp|Garchomp, M|357\/357
|-ability|p1a: Landorus-Therian|Intimidate|[of] p2a: Garchomp
|-unboost|p2a: Garchomp|atk|1
|turn|1
|
|move|p2a: Garchomp|Stealth Rock|p1a: Landorus-Therian
|-sidestart|p1: shasso|move: Stealth Rock
|move|p1a: Landorus-Therian|Stealth Rock|p2a: Garchomp
|-sidestart|p2: Appreciation|move: Stealth Rock
|
|turn|2
|
|move|p2a: Garchomp|Swords Dance|p2a: Garchomp
|-boost|p2a: Garchomp|atk|2
|move|p1a: Landorus-Therian|Earthquake|p2a: Garchomp
|-damage|p2a: Garchomp|192\/357
|
|turn|3
|
|move|p2a: Garchomp|Dragon Claw|p1a: Landorus-Therian
|-damage|p1a: Landorus-Therian|226\/382
|move|p1a: Landorus-Therian|Earthquake|p2a: Garchomp
|-damage|p2a: Garchomp|14\/357
|
|-heal|p1a: Landorus-Therian|249\/382|[from] item: Leftovers
|turn|4
|
|switch|p1a: Azumarill|Azumarill, F|341\/341
|-damage|p1a: Azumarill|299\/341|[from] Stealth Rock
|move|p2a: Garchomp|Dragon Claw|p1a: Azumarill
|-immune|p1a: Azumarill|[msg]
|
|turn|5
|
|move|p1a: Azumarill|Aqua Jet|p2a: Garchomp
|-damage|p2a: Garchomp|0 fnt
|-damage|p1a: Azumarill|257\/341|[from] ability: Rough Skin|[of] p2a: Garchomp
|faint|p2a: Garchomp
|
|
|switch|p2a: Landorus|Landorus, M|319\/319
|-damage|p2a: Landorus|280\/319|[from] Stealth Rock
|turn|6
|
|move|p1a: Azumarill|Aqua Jet|p2a: Landorus
|-supereffective|p2a: Landorus
|-damage|p2a: Landorus|82\/319
|move|p2a: Landorus|Sludge Wave|p1a: Azumarill
|-supereffective|p1a: Azumarill
|-damage|p1a: Azumarill|0 fnt
|faint|p1a: Azumarill
|
|
|switch|p1a: Bisharp|Bisharp, M|271\/271
|-damage|p1a: Bisharp|255\/271|[from] Stealth Rock
|turn|7
|
|move|p1a: Bisharp|Sucker Punch|p2a: Landorus
|-damage|p2a: Landorus|0 fnt
|faint|p2a: Landorus
|
|
|switch|p2a: Scizor|Scizor, M|282\/282
|-damage|p2a: Scizor|247\/282|[from] Stealth Rock
|turn|8
|
|switch|p1a: Chesnaught|Chesnaught, M|380\/380
|-damage|p1a: Chesnaught|357\/380|[from] Stealth Rock
|detailschange|p2a: Scizor|Scizor-Mega, M
|-mega|p2a: Scizor|Scizor|Scizorite
|move|p2a: Scizor|Swords Dance|p2a: Scizor
|-boost|p2a: Scizor|atk|2
|
|-heal|p1a: Chesnaught|380\/380|[from] item: Leftovers
|turn|9
|
|move|p2a: Scizor|Bug Bite|p1a: Chesnaught
|-damage|p1a: Chesnaught|131\/380
|move|p1a: Chesnaught|Leech Seed|p2a: Scizor
|-start|p2a: Scizor|move: Leech Seed
|
|-heal|p1a: Chesnaught|154\/380|[from] item: Leftovers
|-damage|p2a: Scizor|212\/282|[from] Leech Seed|[of] p1a: Chesnaught
|-heal|p1a: Chesnaught|189\/380|[silent]
|turn|10
|
|move|p1a: Chesnaught|Spiky Shield|p1a: Chesnaught
|-singleturn|p1a: Chesnaught|move: Protect
|move|p2a: Scizor|Swords Dance|p2a: Scizor
|-boost|p2a: Scizor|atk|2
|
|-heal|p1a: Chesnaught|212\/380|[from] item: Leftovers
|-damage|p2a: Scizor|177\/282|[from] Leech Seed|[of] p1a: Chesnaught
|-heal|p1a: Chesnaught|247\/380|[silent]
|turn|11
|
|move|p2a: Scizor|Bug Bite|p1a: Chesnaught
|-damage|p1a: Chesnaught|0 fnt
|faint|p1a: Chesnaught
|
|
|switch|p1a: Bisharp|Bisharp, M|255\/271
|-damage|p1a: Bisharp|239\/271|[from] Stealth Rock
|turn|12
|
|move|p1a: Bisharp|Sucker Punch|p2a: Scizor
|-damage|p2a: Scizor|47\/282
|move|p2a: Scizor|Bug Bite|p1a: Bisharp
|-damage|p1a: Bisharp|0 fnt
|faint|p1a: Bisharp
|
|
|switch|p1a: Rotom-Wash|Rotom-Wash|304\/304
|-damage|p1a: Rotom-Wash|266\/304|[from] Stealth Rock
|turn|13
|
|move|p2a: Scizor|Bug Bite|p1a: Rotom-Wash
|-damage|p1a: Rotom-Wash|0 fnt
|faint|p1a: Rotom-Wash
|
|
|switch|p1a: Landorus-Therian|Landorus-Therian, M|249\/382
|-damage|p1a: Landorus-Therian|202\/382|[from] Stealth Rock
|-ability|p1a: Landorus-Therian|Intimidate|[of] p2a: Scizor
|-unboost|p2a: Scizor|atk|1
|turn|14
|
|move|p2a: Scizor|Bullet Punch|p1a: Landorus-Therian
|-damage|p1a: Landorus-Therian|0 fnt
|faint|p1a: Landorus-Therian
|
|
|switch|p1a: Gardevoir|Gardevoir, F|277\/277
|-damage|p1a: Gardevoir|243\/277|[from] Stealth Rock
|-ability|p1a: Gardevoir|Technician|[from] ability: Trace|[of] p2a: Scizor
|turn|15
|
|detailschange|p1a: Gardevoir|Gardevoir-Mega, F
|-mega|p1a: Gardevoir|Gardevoir|Gardevoirite
|move|p2a: Scizor|Bullet Punch|p1a: Gardevoir
|-supereffective|p1a: Gardevoir
|-damage|p1a: Gardevoir|0 fnt
|faint|p1a: Gardevoir
|
|win|Appreciation
|raw|Ladder updating...
|raw|shasso's rating: 1702 &rarr; <strong>1680<\/strong><br \/>(-22 for losing)
|raw|Appreciation's rating: 1672 &rarr; <strong>1694<\/strong><br \/>(+22 for winning)
|c|âAppreciation|gg