|join|timetock
|join|Appreciation
|player|p1|timetock|50
|player|p2|Appreciation|68
|gametype|singles
|gen|6
|tier|OU
|rated
|clearpoke
|poke|p1|Whimsicott, M
|poke|p1|Slowbro, F
|poke|p1|Chansey, F
|poke|p1|Ditto
|poke|p1|Gliscor, F
|poke|p1|Tentacruel, F
|poke|p2|Charizard, F
|poke|p2|Mew
|poke|p2|Rotom-Wash
|poke|p2|Azumarill, M
|poke|p2|Clefable, M
|poke|p2|Gothitelle, F
|rule|Swagger Clause: Swagger is banned
|rule|Baton Pass Clause: Limit one PokÃ©mon knowing Baton Pass
|rule|Sleep Clause Mod: Limit one foe put to sleep
|rule|Species Clause: Limit one of each PokÃ©mon
|rule|OHKO Clause: OHKO moves are banned
|rule|Moody Clause: Moody is banned
|rule|Evasion Moves Clause: Evasion moves are banned
|rule|Endless Battle Clause: Forcing endless battles is banned
|rule|HP Percentage Mod: HP is shown in percentages
|teampreview
|
|start
|switch|p1a: Gliscor|Gliscor, F|353\/353
|switch|p2a: Mew|Mew|404\/404
|turn|1
|
|switch|p2a: Azumarill|Azumarill, M|357\/357
|move|p1a: Gliscor|Substitute|p1a: Gliscor
|-start|p1a: Gliscor|Substitute
|-damage|p1a: Gliscor|265\/353
|
|-status|p1a: Gliscor|tox|[from] item: Toxic Orb
|turn|2
|
|move|p1a: Gliscor|Stealth Rock|p2a: Azumarill
|-sidestart|p2: Appreciation|move: Stealth Rock
|move|p2a: Azumarill|Waterfall|p1a: Gliscor
|-supereffective|p1a: Gliscor
|-end|p1a: Gliscor|Substitute
|
|-heal|p1a: Gliscor|309\/353 tox|[from] ability: Poison Heal
|turn|3
|
|switch|p1a: Slowbro|Slowbro, F|394\/394
|switch|p2a: Rotom-Wash|Rotom-Wash|304\/304
|-damage|p2a: Rotom-Wash|266\/304|[from] Stealth Rock
|
|-heal|p2a: Rotom-Wash|285\/304|[from] item: Leftovers
|turn|4
|
|switch|p1a: Chansey|Chansey, F|704\/704
|move|p2a: Rotom-Wash|Volt Switch|p1a: Chansey
|-damage|p1a: Chansey|646\/704
|
|switch|p2a: Gothitelle|Gothitelle, F|302\/302
|-damage|p2a: Gothitelle|265\/302|[from] Stealth Rock
|
|turn|5
|
|move|p2a: Gothitelle|Trick|p1a: Chansey
|-activate|p2a: Gothitelle|move: Trick|[of] p1a: Chansey
|-item|p1a: Chansey|Choice Scarf|[from] move: Trick
|-item|p2a: Gothitelle|Eviolite|[from] move: Trick
|move|p1a: Chansey|Wish|p1a: Chansey
|
|turn|6
|c|âtimetock|nooooo
|c|âtimetock|noooooooooo
|c|âAppreciation|lol
|
|move|p2a: Gothitelle|Psychic|p1a: Chansey
|-damage|p1a: Chansey|520\/704
|move|p1a: Chansey|Wish|p1a: Chansey
|-fail|p1a: Chansey
|
|-heal|p1a: Chansey|704\/704|[from] move: Wish|[wisher] Chansey
|turn|7
|
|move|p2a: Gothitelle|Rest|p2a: Gothitelle
|-status|p2a: Gothitelle|slp
|-heal|p2a: Gothitelle|302\/302 slp|[silent]
|-status|p2a: Gothitelle|slp|[from] move: Rest
|move|p1a: Chansey|Wish|p1a: Chansey
|
|turn|8
|
|cant|p2a: Gothitelle|slp
|move|p1a: Chansey|Wish|p1a: Chansey
|-fail|p1a: Chansey
|
|turn|9
|
|cant|p2a: Gothitelle|slp
|move|p1a: Chansey|Wish|p1a: Chansey
|
|turn|10
|
|-curestatus|p2a: Gothitelle|slp
|move|p2a: Gothitelle|Psychic|p1a: Chansey
|-damage|p1a: Chansey|581\/704
|move|p1a: Chansey|Wish|p1a: Chansey
|-fail|p1a: Chansey
|
|-heal|p1a: Chansey|704\/704|[from] move: Wish|[wisher] Chansey
|turn|11
|
|move|p2a: Gothitelle|Calm Mind|p2a: Gothitelle
|-boost|p2a: Gothitelle|spa|1
|-boost|p2a: Gothitelle|spd|1
|move|p1a: Chansey|Wish|p1a: Chansey
|
|turn|12
|
|move|p2a: Gothitelle|Psychic|p1a: Chansey
|-damage|p1a: Chansey|545\/704
|-unboost|p1a: Chansey|spd|1
|move|p1a: Chansey|Wish|p1a: Chansey
|-fail|p1a: Chansey
|
|-heal|p1a: Chansey|704\/704|[from] move: Wish|[wisher] Chansey
|turn|13
|
|move|p2a: Gothitelle|Psychic|p1a: Chansey
|-damage|p1a: Chansey|467\/704
|move|p1a: Chansey|Wish|p1a: Chansey
|
|turn|14
|
|move|p2a: Gothitelle|Psychic|p1a: Chansey
|-damage|p1a: Chansey|224\/704
|move|p1a: Chansey|Wish|p1a: Chansey
|-fail|p1a: Chansey
|
|-heal|p1a: Chansey|576\/704|[from] move: Wish|[wisher] Chansey
|turn|15
|
|move|p2a: Gothitelle|Psychic|p1a: Chansey
|-damage|p1a: Chansey|330\/704
|move|p1a: Chansey|Wish|p1a: Chansey
|
|turn|16
|c|âtimetock|?
|c|âtimetock|why not boost calm mind more
|
|move|p2a: Gothitelle|Psychic|p1a: Chansey
|-damage|p1a: Chansey|50\/704
|move|p1a: Chansey|Wish|p1a: Chansey
|-fail|p1a: Chansey
|
|-heal|p1a: Chansey|402\/704|[from] move: Wish|[wisher] Chansey
|turn|17
|
|move|p2a: Gothitelle|Psychic|p1a: Chansey
|-damage|p1a: Chansey|147\/704
|move|p1a: Chansey|Wish|p1a: Chansey
|
|turn|18
|
|move|p2a: Gothitelle|Calm Mind|p2a: Gothitelle
|-boost|p2a: Gothitelle|spa|1
|-boost|p2a: Gothitelle|spd|1
|move|p1a: Chansey|Wish|p1a: Chansey
|-fail|p1a: Chansey
|
|-heal|p1a: Chansey|499\/704|[from] move: Wish|[wisher] Chansey
|turn|19
|
|move|p2a: Gothitelle|Rest|p2a: Gothitelle
|-fail|p2a: Gothitelle
|move|p1a: Chansey|Wish|p1a: Chansey
|
|turn|20
|
|move|p2a: Gothitelle|Rest|p2a: Gothitelle
|-fail|p2a: Gothitelle
|move|p1a: Chansey|Wish|p1a: Chansey
|-fail|p1a: Chansey
|
|-heal|p1a: Chansey|704\/704|[from] move: Wish|[wisher] Chansey
|turn|21
|
|move|p2a: Gothitelle|Rest|p2a: Gothitelle
|-fail|p2a: Gothitelle
|move|p1a: Chansey|Struggle|p2a: Gothitelle
|-damage|p2a: Gothitelle|299\/302
|-damage|p1a: Chansey|528\/704
|
|turn|22
|
|move|p2a: Gothitelle|Calm Mind|p2a: Gothitelle
|-boost|p2a: Gothitelle|spa|1
|-boost|p2a: Gothitelle|spd|1
|move|p1a: Chansey|Struggle|p2a: Gothitelle
|-damage|p2a: Gothitelle|296\/302
|-damage|p1a: Chansey|352\/704
|
|turn|23
|
|move|p2a: Gothitelle|Trick|p1a: Chansey
|-activate|p2a: Gothitelle|move: Trick|[of] p1a: Chansey
|-item|p1a: Chansey|Eviolite|[from] move: Trick
|-item|p2a: Gothitelle|Choice Scarf|[from] move: Trick
|move|p1a: Chansey|Struggle|p2a: Gothitelle
|-damage|p2a: Gothitelle|293\/302
|-damage|p1a: Chansey|176\/704
|
|turn|24
|
|move|p2a: Gothitelle|Psychic|p1a: Chansey
|-damage|p1a: Chansey|0 fnt
|faint|p1a: Chansey
|
|
|switch|p1a: Ditto|Ditto|300\/300
|-transform|p1a: Ditto|p2a: Gothitelle
|turn|25
|
|move|p1a: Ditto|Psychic|p2a: Gothitelle
|-resisted|p2a: Gothitelle
|-damage|p2a: Gothitelle|242\/302
|move|p2a: Gothitelle|Psychic|p1a: Ditto
|-crit|p1a: Ditto
|-resisted|p1a: Ditto
|-damage|p1a: Ditto|96\/300
|
|turn|26
|
|move|p1a: Ditto|Psychic|p2a: Gothitelle
|-crit|p2a: Gothitelle
|-resisted|p2a: Gothitelle
|-damage|p2a: Gothitelle|40\/302
|move|p2a: Gothitelle|Psychic|p1a: Ditto
|-resisted|p1a: Ditto
|-damage|p1a: Ditto|38\/300
|
|turn|27
|
|move|p2a: Gothitelle|Psychic|p1a: Ditto
|-resisted|p1a: Ditto
|-damage|p1a: Ditto|0 fnt
|faint|p1a: Ditto
|
|c|âtimetock|i have no words for this
|
|switch|p1a: Slowbro|Slowbro, F|394\/394
|turn|28
|
|detailschange|p1a: Slowbro|Slowbro-Mega, F
|-mega|p1a: Slowbro|Slowbro|Slowbronite
|move|p2a: Gothitelle|Psychic|p1a: Slowbro
|-resisted|p1a: Slowbro
|-damage|p1a: Slowbro|199\/394
|move|p1a: Slowbro|Scald|p2a: Gothitelle
|-damage|p2a: Gothitelle|0 fnt
|faint|p2a: Gothitelle
|
|
|switch|p2a: Rotom-Wash|Rotom-Wash|285\/304
|-damage|p2a: Rotom-Wash|247\/304|[from] Stealth Rock
|turn|29
|
|switch|p1a: Gliscor|Gliscor, F|309\/353 tox
|move|p2a: Rotom-Wash|Volt Switch|p1a: Gliscor
|-immune|p1a: Gliscor|[msg]
|
|-heal|p2a: Rotom-Wash|266\/304|[from] item: Leftovers
|-heal|p1a: Gliscor|353\/353 tox|[from] ability: Poison Heal
|turn|30
|
|move|p1a: Gliscor|Substitute|p1a: Gliscor
|-start|p1a: Gliscor|Substitute
|-damage|p1a: Gliscor|265\/353 tox
|move|p2a: Rotom-Wash|Will-O-Wisp|p1a: Gliscor
|
|-heal|p2a: Rotom-Wash|285\/304|[from] item: Leftovers
|-heal|p1a: Gliscor|309\/353 tox|[from] ability: Poison Heal
|turn|31
|
|move|p1a: Gliscor|Knock Off|p2a: Rotom-Wash
|-damage|p2a: Rotom-Wash|231\/304
|-enditem|p2a: Rotom-Wash|Leftovers|[from] move: Knock Off|[of] p1a: Gliscor
|move|p2a: Rotom-Wash|Hydro Pump|p1a: Gliscor|[miss]
|-miss|p2a: Rotom-Wash|p1a: Gliscor
|
|-heal|p1a: Gliscor|353\/353 tox|[from] ability: Poison Heal
|turn|32
|c|âAppreciation|jesus youre awful
|
|move|p1a: Gliscor|Baton Pass|p1a: Gliscor
|
|switch|p1a: Tentacruel|Tentacruel, F|364\/364
|move|p2a: Rotom-Wash|Hydro Pump|p1a: Tentacruel
|-resisted|p1a: Tentacruel
|-activate|p1a: Tentacruel|Substitute|[damage]
|
|turn|33
|
|move|p1a: Tentacruel|Toxic Spikes|p2a: Rotom-Wash
|-sidestart|p2: Appreciation|move: Toxic Spikes
|move|p2a: Rotom-Wash|Volt Switch|p1a: Tentacruel
|-supereffective|p1a: Tentacruel
|-end|p1a: Tentacruel|Substitute
|
|switch|p2a: Mew|Mew|404\/404
|-status|p2a: Mew|psn
|-damage|p2a: Mew|354\/404 psn|[from] Stealth Rock
|
|-heal|p2a: Mew|379\/404 psn|[from] item: Leftovers
|-damage|p2a: Mew|329\/404 psn|[from] psn
|turn|34
|
|switch|p1a: Gliscor|Gliscor, F|353\/353 tox
|move|p2a: Mew|Defog|p1a: Gliscor
|-unboost|p1a: Gliscor|evasion|1
|-sideend|p2: Appreciation|Toxic Spikes|[from] move: Defog|[of] p2a: Mew
|-sideend|p2: Appreciation|Stealth Rock|[from] move: Defog|[of] p2a: Mew
|
|-heal|p2a: Mew|354\/404 psn|[from] item: Leftovers
|-damage|p2a: Mew|304\/404 psn|[from] psn
|turn|35
|
|switch|p2a: Azumarill|Azumarill, M|357\/357
|move|p1a: Gliscor|Substitute|p1a: Gliscor
|-start|p1a: Gliscor|Substitute
|-damage|p1a: Gliscor|265\/353 tox
|
|-heal|p1a: Gliscor|309\/353 tox|[from] ability: Poison Heal
|turn|36
|
|move|p1a: Gliscor|Stealth Rock|p2a: Azumarill
|-sidestart|p2: Appreciation|move: Stealth Rock
|move|p2a: Azumarill|Play Rough|p1a: Gliscor
|-end|p1a: Gliscor|Substitute
|
|-heal|p1a: Gliscor|353\/353 tox|[from] ability: Poison Heal
|turn|37
|
|move|p1a: Gliscor|Substitute|p1a: Gliscor
|-start|p1a: Gliscor|Substitute
|-damage|p1a: Gliscor|265\/353 tox
|move|p2a: Azumarill|Play Rough|p1a: Gliscor
|-end|p1a: Gliscor|Substitute
|
|-heal|p1a: Gliscor|309\/353 tox|[from] ability: Poison Heal
|turn|38
|
|move|p1a: Gliscor|Knock Off|p2a: Azumarill
|-resisted|p2a: Azumarill
|-damage|p2a: Azumarill|316\/357
|-enditem|p2a: Azumarill|Choice Band|[from] move: Knock Off|[of] p1a: Gliscor
|move|p2a: Azumarill|Play Rough|p1a: Gliscor
|-damage|p1a: Gliscor|138\/353 tox
|
|-heal|p1a: Gliscor|182\/353 tox|[from] ability: Poison Heal
|turn|39
|
|switch|p1a: Slowbro|Slowbro-Mega, F|199\/394
|move|p2a: Azumarill|Waterfall|p1a: Slowbro
|-resisted|p1a: Slowbro
|-damage|p1a: Slowbro|158\/394
|
|turn|40
|
|switch|p2a: Mew|Mew|304\/404 psn
|-damage|p2a: Mew|254\/404 psn|[from] Stealth Rock
|move|p1a: Slowbro|Slack Off|p1a: Slowbro
|-heal|p1a: Slowbro|355\/394
|
|-heal|p2a: Mew|279\/404 psn|[from] item: Leftovers
|-damage|p2a: Mew|229\/404 psn|[from] psn
|turn|41
|
|switch|p1a: Gliscor|Gliscor, F|182\/353 tox
|move|p2a: Mew|Taunt|p1a: Gliscor
|-start|p1a: Gliscor|move: Taunt
|
|-heal|p2a: Mew|254\/404 psn|[from] item: Leftovers
|-damage|p2a: Mew|204\/404 psn|[from] psn
|-heal|p1a: Gliscor|226\/353 tox|[from] ability: Poison Heal
|turn|42
|
|move|p2a: Mew|Defog|p1a: Gliscor
|-unboost|p1a: Gliscor|evasion|1
|-sideend|p2: Appreciation|Stealth Rock|[from] move: Defog|[of] p2a: Mew
|move|p1a: Gliscor|Knock Off|p2a: Mew
|-crit|p2a: Mew
|-supereffective|p2a: Mew
|-damage|p2a: Mew|14\/404 psn
|-enditem|p2a: Mew|Leftovers|[from] move: Knock Off|[of] p1a: Gliscor
|
|-damage|p2a: Mew|0 fnt|[from] psn
|-heal|p1a: Gliscor|270\/353 tox|[from] ability: Poison Heal
|faint|p2a: Mew
|
|switch|p2a: Charizard|Charizard, F|359\/359
|turn|43
|
|switch|p1a: Tentacruel|Tentacruel, F|364\/364
|detailschange|p2a: Charizard|Charizard-Mega-X, F
|-mega|p2a: Charizard|Charizard|Charizardite X
|move|p2a: Charizard|Dragon Claw|p1a: Tentacruel
|-damage|p1a: Tentacruel|216\/364
|
|-heal|p1a: Tentacruel|238\/364|[from] item: Black Sludge
|turn|44
|
|switch|p1a: Slowbro|Slowbro-Mega, F|355\/394
|move|p2a: Charizard|Dragon Claw|p1a: Slowbro
|-damage|p1a: Slowbro|286\/394
|
|turn|45
|
|move|p2a: Charizard|Will-O-Wisp|p1a: Slowbro
|-status|p1a: Slowbro|brn
|move|p1a: Slowbro|Scald|p2a: Charizard
|-damage|p2a: Charizard|250\/359
|
|-damage|p1a: Slowbro|237\/394 brn|[from] brn
|turn|46
|
|move|p2a: Charizard|Dragon Claw|p1a: Slowbro
|-damage|p1a: Slowbro|156\/394 brn
|move|p1a: Slowbro|Slack Off|p1a: Slowbro
|-heal|p1a: Slowbro|353\/394 brn
|
|-damage|p1a: Slowbro|304\/394 brn|[from] brn
|turn|47
|
|move|p2a: Charizard|Dragon Claw|p1a: Slowbro
|-damage|p1a: Slowbro|234\/394 brn
|move|p1a: Slowbro|Yawn|p2a: Charizard
|-start|p2a: Charizard|move: Yawn|[of] p1a: Slowbro
|
|-damage|p1a: Slowbro|185\/394 brn|[from] brn
|turn|48
|
|switch|p2a: Clefable|Clefable, M|394\/394
|move|p1a: Slowbro|Slack Off|p1a: Slowbro
|-heal|p1a: Slowbro|382\/394 brn
|
|-damage|p1a: Slowbro|333\/394 brn|[from] brn
|turn|49
|
|move|p2a: Clefable|Stealth Rock|p1a: Slowbro
|-sidestart|p1: timetock|move: Stealth Rock
|move|p1a: Slowbro|Yawn|p2a: Clefable
|-start|p2a: Clefable|move: Yawn|[of] p1a: Slowbro
|
|-damage|p1a: Slowbro|284\/394 brn|[from] brn
|turn|50
|
|switch|p2a: Rotom-Wash|Rotom-Wash|231\/304
|switch|p1a: Gliscor|Gliscor, F|270\/353 tox
|-damage|p1a: Gliscor|226\/353 tox|[from] Stealth Rock
|
|-heal|p1a: Gliscor|270\/353 tox|[from] ability: Poison Heal
|turn|51
|
|move|p1a: Gliscor|Substitute|p1a: Gliscor
|-start|p1a: Gliscor|Substitute
|-damage|p1a: Gliscor|182\/353 tox
|move|p2a: Rotom-Wash|Hydro Pump|p1a: Gliscor
|-supereffective|p1a: Gliscor
|-end|p1a: Gliscor|Substitute
|
|-heal|p1a: Gliscor|226\/353 tox|[from] ability: Poison Heal
|turn|52
|
|switch|p2a: Azumarill|Azumarill, M|316\/357
|move|p1a: Gliscor|Substitute|p1a: Gliscor
|-start|p1a: Gliscor|Substitute
|-damage|p1a: Gliscor|138\/353 tox
|
|-heal|p1a: Gliscor|182\/353 tox|[from] ability: Poison Heal
|turn|53
|
|move|p2a: Azumarill|Aqua Jet|p1a: Gliscor
|-crit|p1a: Gliscor
|-supereffective|p1a: Gliscor
|-end|p1a: Gliscor|Substitute
|move|p1a: Gliscor|Stealth Rock|p2a: Azumarill
|-sidestart|p2: Appreciation|move: Stealth Rock
|
|-heal|p1a: Gliscor|226\/353 tox|[from] ability: Poison Heal
|turn|54
|
|switch|p1a: Tentacruel|Tentacruel, F|238\/364
|-damage|p1a: Tentacruel|193\/364|[from] Stealth Rock
|move|p2a: Azumarill|Play Rough|p1a: Tentacruel
|-crit|p1a: Tentacruel
|-resisted|p1a: Tentacruel
|-damage|p1a: Tentacruel|60\/364
|
|-heal|p1a: Tentacruel|82\/364|[from] item: Black Sludge
|turn|55
|
|move|p1a: Tentacruel|Rapid Spin|p2a: Azumarill
|-damage|p2a: Azumarill|302\/357
|-sideend|p1: timetock|Stealth Rock|[from] move: Rapid Spin|[of] p1a: Tentacruel
|move|p2a: Azumarill|Waterfall|p1a: Tentacruel
|-resisted|p1a: Tentacruel
|-damage|p1a: Tentacruel|0 fnt
|faint|p1a: Tentacruel
|
|
|switch|p1a: Slowbro|Slowbro-Mega, F|284\/394 brn
|turn|56
|
|switch|p2a: Clefable|Clefable, M|394\/394
|move|p1a: Slowbro|Scald|p2a: Clefable
|-damage|p2a: Clefable|289\/394
|-status|p2a: Clefable|brn
|
|-heal|p2a: Clefable|313\/394 brn|[from] item: Leftovers
|-damage|p1a: Slowbro|235\/394 brn|[from] brn
|turn|57
|
|switch|p1a: Gliscor|Gliscor, F|226\/353 tox
|move|p2a: Clefable|Stealth Rock|p1a: Gliscor
|-sidestart|p1: timetock|move: Stealth Rock
|
|-heal|p2a: Clefable|337\/394 brn|[from] item: Leftovers
|-heal|p1a: Gliscor|270\/353 tox|[from] ability: Poison Heal
|turn|58
|
|move|p1a: Gliscor|Substitute|p1a: Gliscor
|-start|p1a: Gliscor|Substitute
|-damage|p1a: Gliscor|182\/353 tox
|move|p2a: Clefable|Moonblast|p1a: Gliscor
|-end|p1a: Gliscor|Substitute
|
|-heal|p2a: Clefable|361\/394 brn|[from] item: Leftovers
|-heal|p1a: Gliscor|226\/353 tox|[from] ability: Poison Heal
|turn|59
|
|move|p1a: Gliscor|Knock Off|p2a: Clefable
|-resisted|p2a: Clefable
|-damage|p2a: Clefable|322\/394 brn
|-enditem|p2a: Clefable|Leftovers|[from] move: Knock Off|[of] p1a: Gliscor
|move|p2a: Clefable|Moonblast|p1a: Gliscor
|-damage|p1a: Gliscor|123\/353 tox
|
|-heal|p1a: Gliscor|167\/353 tox|[from] ability: Poison Heal
|turn|60
|
|switch|p1a: Whimsicott|Whimsicott, M|323\/323
|-damage|p1a: Whimsicott|283\/323|[from] Stealth Rock
|move|p2a: Clefable|Moonblast|p1a: Whimsicott
|-damage|p1a: Whimsicott|154\/323
|
|-heal|p1a: Whimsicott|174\/323|[from] item: Leftovers
|turn|61
|
|move|p1a: Whimsicott|Moonblast|p2a: Clefable
|-damage|p2a: Clefable|244\/394 brn
|-unboost|p2a: Clefable|spa|1
|move|p2a: Clefable|Fire Blast|p1a: Whimsicott
|-supereffective|p1a: Whimsicott
|-damage|p1a: Whimsicott|26\/323
|
|-heal|p1a: Whimsicott|46\/323|[from] item: Leftovers
|turn|62
|
|move|p1a: Whimsicott|Moonblast|p2a: Clefable
|-crit|p2a: Clefable
|-damage|p2a: Clefable|123\/394 brn
|move|p2a: Clefable|Moonblast|p1a: Whimsicott
|-damage|p1a: Whimsicott|0 fnt
|faint|p1a: Whimsicott
|
|
|switch|p1a: Slowbro|Slowbro-Mega, F|235\/394 brn
|-damage|p1a: Slowbro|186\/394 brn|[from] Stealth Rock
|turn|63
|
|move|p2a: Clefable|Soft-Boiled|p2a: Clefable
|-heal|p2a: Clefable|320\/394 brn
|move|p1a: Slowbro|Slack Off|p1a: Slowbro
|-heal|p1a: Slowbro|383\/394 brn
|
|-damage|p1a: Slowbro|334\/394 brn|[from] brn
|turn|64
|
|switch|p2a: Rotom-Wash|Rotom-Wash|231\/304
|-damage|p2a: Rotom-Wash|193\/304|[from] Stealth Rock
|move|p1a: Slowbro|Scald|p2a: Rotom-Wash
|-resisted|p2a: Rotom-Wash
|-damage|p2a: Rotom-Wash|141\/304
|-status|p2a: Rotom-Wash|brn
|
|-damage|p2a: Rotom-Wash|103\/304 brn|[from] brn
|-damage|p1a: Slowbro|285\/394 brn|[from] brn
|turn|65
|
|move|p2a: Rotom-Wash|Hydro Pump|p1a: Slowbro
|-resisted|p1a: Slowbro
|-damage|p1a: Slowbro|207\/394 brn
|move|p1a: Slowbro|Slack Off|p1a: Slowbro
|-heal|p1a: Slowbro|394\/394 brn
|
|-damage|p2a: Rotom-Wash|65\/304 brn|[from] brn
|-damage|p1a: Slowbro|345\/394 brn|[from] brn
|turn|66
|
|move|p2a: Rotom-Wash|Pain Split|p1a: Slowbro
|-sethp|p1a: Slowbro|205\/394 brn|p2a: Rotom-Wash|205\/304 brn|[from] move: Pain Split
|move|p1a: Slowbro|Slack Off|p1a: Slowbro
|-heal|p1a: Slowbro|394\/394 brn
|
|-damage|p2a: Rotom-Wash|167\/304 brn|[from] brn
|-damage|p1a: Slowbro|345\/394 brn|[from] brn
|turn|67
|
|switch|p1a: Gliscor|Gliscor, F|167\/353 tox
|-damage|p1a: Gliscor|123\/353 tox|[from] Stealth Rock
|move|p2a: Rotom-Wash|Hydro Pump|p1a: Gliscor|[miss]
|-miss|p2a: Rotom-Wash|p1a: Gliscor
|
|-heal|p1a: Gliscor|167\/353 tox|[from] ability: Poison Heal
|-damage|p2a: Rotom-Wash|129\/304 brn|[from] brn
|turn|68
|c|âAppreciation|so awful...
|
|move|p1a: Gliscor|Substitute|p1a: Gliscor
|-start|p1a: Gliscor|Substitute
|-damage|p1a: Gliscor|79\/353 tox
|move|p2a: Rotom-Wash|Hydro Pump|p1a: Gliscor
|-supereffective|p1a: Gliscor
|-end|p1a: Gliscor|Substitute
|
|-heal|p1a: Gliscor|123\/353 tox|[from] ability: Poison Heal
|-damage|p2a: Rotom-Wash|91\/304 brn|[from] brn
|turn|69
|c|âtimetock|sorry.
|
|move|p1a: Gliscor|Substitute|p1a: Gliscor
|-start|p1a: Gliscor|Substitute
|-damage|p1a: Gliscor|35\/353 tox
|move|p2a: Rotom-Wash|Hydro Pump|p1a: Gliscor
|-supereffective|p1a: Gliscor
|-end|p1a: Gliscor|Substitute
|
|-heal|p1a: Gliscor|79\/353 tox|[from] ability: Poison Heal
|-damage|p2a: Rotom-Wash|53\/304 brn|[from] brn
|turn|70
|
|move|p1a: Gliscor|Baton Pass|p1a: Gliscor
|
|switch|p1a: Slowbro|Slowbro-Mega, F|345\/394 brn
|-damage|p1a: Slowbro|296\/394 brn|[from] Stealth Rock
|move|p2a: Rotom-Wash|Hydro Pump|p1a: Slowbro
|-resisted|p1a: Slowbro
|-damage|p1a: Slowbro|212\/394 brn
|
|-damage|p2a: Rotom-Wash|15\/304 brn|[from] brn
|-damage|p1a: Slowbro|163\/394 brn|[from] brn
|turn|71
|
|move|p2a: Rotom-Wash|Volt Switch|p1a: Slowbro
|-supereffective|p1a: Slowbro
|-damage|p1a: Slowbro|0 fnt
|faint|p1a: Slowbro
|
|switch|p2a: Azumarill|Azumarill, M|302\/357
|-damage|p2a: Azumarill|258\/357|[from] Stealth Rock
|
|-message|timetock forfeited.
|
|win|Appreciation
|raw|Ladder updating...
|raw|timetock's rating: 1568 &rarr; <strong>1549<\/strong><br \/>(-19 for losing)
|raw|Appreciation's rating: 1597 &rarr; <strong>1616<\/strong><br \/>(+19 for winning)
|leave|timetock
|player|p1