|join|LilBigham
|join|Planet Hell
|player|p1|LilBigham|80
|player|p2|Planet Hell|190
|gametype|singles
|gen|6
|tier|ORAS OU
|rated
|rule|Sleep Clause Mod: Limit one foe put to sleep
|rule|Species Clause: Limit one of each PokÃ©mon
|rule|OHKO Clause: OHKO moves are banned
|rule|Moody Clause: Moody is banned
|rule|Evasion Moves Clause: Evasion moves are banned
|rule|Endless Battle Clause: Forcing endless battles is banned
|rule|HP Percentage Mod: HP is shown in percentages
|clearpoke
|poke|p1|Gallade, M
|poke|p1|Tyranitar, F
|poke|p1|Ferrothorn, F
|poke|p1|Rotom-Wash
|poke|p1|Excadrill, M
|poke|p1|Landorus, M
|poke|p2|Salamence, F
|poke|p2|Mamoswine, F
|poke|p2|Latios, M
|poke|p2|Landorus, M
|poke|p2|Greninja, F
|poke|p2|Crawdaunt, M
|rule|Swagger Clause: Swagger is banned
|rule|Baton Pass Clause: Limit one PokÃ©mon knowing Baton Pass
|teampreview
|
|start
|switch|p1a: Rotom-Wash|Rotom-Wash|251\/251
|switch|p2a: Mamoswine|Mamoswine, F|361\/361
|turn|1
|
|move|p2a: Mamoswine|Freeze-Dry|p1a: Rotom-Wash
|-supereffective|p1a: Rotom-Wash
|-damage|p1a: Rotom-Wash|85\/251
|-status|p1a: Rotom-Wash|frz
|-damage|p2a: Mamoswine|325\/361|[from] item: Life Orb
|cant|p1a: Rotom-Wash|frz
|
|turn|2
|c|âLilBigham|I'm just speechless at this point
|
|move|p2a: Mamoswine|Freeze-Dry|p1a: Rotom-Wash
|-supereffective|p1a: Rotom-Wash
|-damage|p1a: Rotom-Wash|0 fnt
|-damage|p2a: Mamoswine|289\/361|[from] item: Life Orb
|faint|p1a: Rotom-Wash
|
|
|switch|p1a: Ferrothorn|Ferrothorn, F|352\/352
|turn|3
|c|âPlanet Hell|I couldn't care less at this point
|
|move|p2a: Mamoswine|Earthquake|p1a: Ferrothorn
|-damage|p1a: Ferrothorn|210\/352
|-damage|p2a: Mamoswine|253\/361|[from] item: Life Orb
|move|p1a: Ferrothorn|Gyro Ball|p2a: Mamoswine
|-supereffective|p2a: Mamoswine
|-damage|p2a: Mamoswine|0 fnt
|faint|p2a: Mamoswine
|
|
|switch|p2a: Latios|Latios, M|301\/301
|turn|4
|c|âLilBigham|First game of the day and that 
|
|move|p2a: Latios|Draco Meteor|p1a: Ferrothorn
|-resisted|p1a: Ferrothorn
|-damage|p1a: Ferrothorn|72\/352
|-unboost|p2a: Latios|spa|2
|-damage|p2a: Latios|271\/301|[from] item: Life Orb
|move|p1a: Ferrothorn|Knock Off|p2a: Latios
|-supereffective|p2a: Latios
|-damage|p2a: Latios|71\/301
|-enditem|p2a: Latios|Life Orb|[from] move: Knock Off|[of] p1a: Ferrothorn
|
|turn|5
|
|move|p2a: Latios|Hidden Power|p1a: Ferrothorn
|-supereffective|p1a: Ferrothorn
|-damage|p1a: Ferrothorn|0 fnt
|faint|p1a: Ferrothorn
|
|
|switch|p1a: Tyranitar|Tyranitar, F|386\/386
|-weather|Sandstorm
|turn|6
|
|move|p2a: Latios|Earthquake|p1a: Tyranitar
|-supereffective|p1a: Tyranitar
|-damage|p1a: Tyranitar|262\/386
|move|p1a: Tyranitar|Stealth Rock|p2a: Latios
|-sidestart|p2: Planet Hell|move: Stealth Rock
|
|-weather|Sandstorm|[upkeep]
|-damage|p2a: Latios|53\/301|[from] sandstorm
|turn|7
|
|move|p2a: Latios|Defog|p1a: Tyranitar
|-unboost|p1a: Tyranitar|evasion|1
|-sideend|p2: Planet Hell|Stealth Rock|[from] move: Defog|[of] p2a: Latios
|move|p1a: Tyranitar|Crunch|p2a: Latios
|-crit|p2a: Latios
|-supereffective|p2a: Latios
|-damage|p2a: Latios|0 fnt
|faint|p2a: Latios
|
|-weather|Sandstorm|[upkeep]
|
|switch|p2a: Crawdaunt|Crawdaunt, M|267\/267
|turn|8
|
|move|p2a: Crawdaunt|Swords Dance|p2a: Crawdaunt
|-boost|p2a: Crawdaunt|atk|2
|move|p1a: Tyranitar|Thunder Wave|p2a: Crawdaunt
|-status|p2a: Crawdaunt|par
|
|-weather|Sandstorm|[upkeep]
|-damage|p2a: Crawdaunt|251\/267 par|[from] sandstorm
|turn|9
|c|âPlanet Hell|you better pray I get para'd
|
|move|p2a: Crawdaunt|Aqua Jet|p1a: Tyranitar
|-supereffective|p1a: Tyranitar
|-damage|p1a: Tyranitar|0 fnt
|-damage|p2a: Crawdaunt|225\/267 par|[from] item: Life Orb
|faint|p1a: Tyranitar
|
|-weather|Sandstorm|[upkeep]
|-damage|p2a: Crawdaunt|209\/267 par|[from] sandstorm
|c|âLilBigham|yeah
|
|switch|p1a: Landorus|Landorus, M|319\/319
|turn|10
|
|move|p2a: Crawdaunt|Aqua Jet|p1a: Landorus
|-supereffective|p1a: Landorus
|-damage|p1a: Landorus|0 fnt
|-damage|p2a: Crawdaunt|183\/267 par|[from] item: Life Orb
|faint|p1a: Landorus
|
|-weather|Sandstorm|[upkeep]
|-damage|p2a: Crawdaunt|167\/267 par|[from] sandstorm
|
|switch|p1a: Gallade|Gallade, M|277\/277
|turn|11
|
|detailschange|p1a: Gallade|Gallade-Mega, M
|message|Gallade has Mega Evolved into Mega Gallade!
|move|p2a: Crawdaunt|Aqua Jet|p1a: Gallade
|-damage|p1a: Gallade|0 fnt
|-damage|p2a: Crawdaunt|141\/267 par|[from] item: Life Orb
|faint|p1a: Gallade
|
|-weather|Sandstorm|[upkeep]
|-damage|p2a: Crawdaunt|125\/267 par|[from] sandstorm
|c|âPlanet Hell|BIG MEATY CLAWS
|c|âPlanet Hell|ARE YOU FEELING IT MR. KRABS?
|
|switch|p1a: Excadrill|Excadrill, M|362\/362
|-item|p1a: Excadrill|Air Balloon
|turn|12
|
|move|p2a: Crawdaunt|Aqua Jet|p1a: Excadrill
|-supereffective|p1a: Excadrill
|-damage|p1a: Excadrill|0 fnt
|-enditem|p1a: Excadrill|Air Balloon
|-damage|p2a: Crawdaunt|99\/267 par|[from] item: Life Orb
|faint|p1a: Excadrill
|
|win|Planet Hell
|raw|Ladder updating...
|raw|LilBigham's rating: 1279 &rarr; <strong>1252<\/strong><br \/>(-27 for losing)
|raw|Planet Hell's rating: 1251 &rarr; <strong>1278<\/strong><br \/>(+27 for winning)
|leave|LilBigham
|player|p1