|join|Interpolate
|join|Planet Hell
|player|p1|Interpolate|88
|player|p2|Planet Hell|190
|gametype|singles
|gen|6
|tier|ORAS OU
|rated
|rule|Sleep Clause Mod: Limit one foe put to sleep
|rule|Species Clause: Limit one of each PokÃ©mon
|rule|OHKO Clause: OHKO moves are banned
|rule|Moody Clause: Moody is banned
|rule|Evasion Moves Clause: Evasion moves are banned
|rule|Endless Battle Clause: Forcing endless battles is banned
|rule|HP Percentage Mod: HP is shown in percentages
|clearpoke
|poke|p1|Metagross
|poke|p1|Landorus-Therian, M
|poke|p1|Greninja, F
|poke|p1|Latios, M
|poke|p1|Scizor, F
|poke|p1|Heatran, F
|poke|p2|Gallade, M
|poke|p2|Landorus-Therian, M
|poke|p2|Mamoswine, M
|poke|p2|Clefable, M
|poke|p2|Rotom-Wash
|poke|p2|Ferrothorn, M
|rule|Swagger Clause: Swagger is banned
|rule|Baton Pass Clause: Limit one PokÃ©mon knowing Baton Pass
|teampreview
|
|start
|switch|p1a: Greninja|Greninja, F|285\/285
|switch|p2a: Rotom-Wash|Rotom-Wash|304\/304
|turn|1
|
|move|p1a: Greninja|U-turn|p2a: Rotom-Wash
|-start|p1a: Greninja|typechange|Bug|[from] Protean
|-damage|p2a: Rotom-Wash|244\/304
|
|switch|p1a: Heatran|Heatran, F|386\/386
|move|p2a: Rotom-Wash|Volt Switch|p1a: Heatran
|-damage|p1a: Heatran|322\/386
|
|switch|p2a: Gallade|Gallade, M|277\/277
|
|-heal|p1a: Heatran|346\/386|[from] item: Leftovers
|turn|2
|
|detailschange|p2a: Gallade|Gallade-Mega, M
|message|Gallade has Mega Evolved into Mega Gallade!
|move|p2a: Gallade|Knock Off|p1a: Heatran
|-damage|p1a: Heatran|226\/386
|-enditem|p1a: Heatran|Leftovers|[from] move: Knock Off|[of] p2a: Gallade
|move|p1a: Heatran|Lava Plume|p2a: Gallade
|-damage|p2a: Gallade|178\/277
|
|turn|3
|
|move|p1a: Heatran|Protect|p1a: Heatran
|-singleturn|p1a: Heatran|Protect
|move|p2a: Gallade|Close Combat|p1a: Heatran
|-activate|p1a: Heatran|Protect
|
|turn|4
|
|switch|p1a: Landorus-Therian|Landorus-Therian, M|382\/382
|-ability|p1a: Landorus-Therian|Intimidate|[of] p2a: Gallade
|-unboost|p2a: Gallade|atk|1
|move|p2a: Gallade|Close Combat|p1a: Landorus-Therian
|-resisted|p1a: Landorus-Therian
|-damage|p1a: Landorus-Therian|320\/382
|-unboost|p2a: Gallade|def|1
|-unboost|p2a: Gallade|spd|1
|
|-heal|p1a: Landorus-Therian|343\/382|[from] item: Leftovers
|turn|5
|
|switch|p2a: Rotom-Wash|Rotom-Wash|244\/304
|move|p1a: Landorus-Therian|Stealth Rock|p2a: Rotom-Wash
|-sidestart|p2: Planet Hell|move: Stealth Rock
|
|-heal|p1a: Landorus-Therian|366\/382|[from] item: Leftovers
|-heal|p2a: Rotom-Wash|263\/304|[from] item: Leftovers
|turn|6
|
|move|p1a: Landorus-Therian|U-turn|p2a: Rotom-Wash
|-damage|p2a: Rotom-Wash|213\/304
|
|switch|p1a: Latios|Latios, M|301\/301
|move|p2a: Rotom-Wash|Hydro Pump|p1a: Latios
|-resisted|p1a: Latios
|-damage|p1a: Latios|235\/301
|
|-heal|p2a: Rotom-Wash|232\/304|[from] item: Leftovers
|turn|7
|
|move|p1a: Latios|Draco Meteor|p2a: Rotom-Wash
|-damage|p2a: Rotom-Wash|0 fnt
|-unboost|p1a: Latios|spa|2
|-damage|p1a: Latios|205\/301|[from] item: Life Orb
|faint|p2a: Rotom-Wash
|
|
|switch|p2a: Mamoswine|Mamoswine, M|361\/361
|-damage|p2a: Mamoswine|316\/361|[from] Stealth Rock
|turn|8
|
|switch|p1a: Scizor|Scizor, F|281\/281
|move|p2a: Mamoswine|Earthquake|p1a: Scizor
|-damage|p1a: Scizor|67\/281
|-damage|p2a: Mamoswine|280\/361|[from] item: Life Orb
|
|-heal|p1a: Scizor|84\/281|[from] item: Leftovers
|turn|9
|
|switch|p2a: Ferrothorn|Ferrothorn, M|352\/352
|-damage|p2a: Ferrothorn|330\/352|[from] Stealth Rock
|move|p1a: Scizor|Bullet Punch|p2a: Ferrothorn
|-resisted|p2a: Ferrothorn
|-damage|p2a: Ferrothorn|294\/352
|-damage|p1a: Scizor|49\/281|[from] ability: Iron Barbs|[of] p2a: Ferrothorn
|
|-heal|p1a: Scizor|66\/281|[from] item: Leftovers
|turn|10
|
|move|p1a: Scizor|Superpower|p2a: Ferrothorn
|-supereffective|p2a: Ferrothorn
|-damage|p2a: Ferrothorn|118\/352
|-damage|p1a: Scizor|31\/281|[from] ability: Iron Barbs|[of] p2a: Ferrothorn
|-unboost|p1a: Scizor|atk|1
|-unboost|p1a: Scizor|def|1
|move|p2a: Ferrothorn|Stealth Rock|p1a: Scizor
|-sidestart|p1: Interpolate|move: Stealth Rock
|
|-heal|p1a: Scizor|48\/281|[from] item: Leftovers
|turn|11
|
|move|p1a: Scizor|Superpower|p2a: Ferrothorn
|-supereffective|p2a: Ferrothorn
|-damage|p2a: Ferrothorn|0 fnt
|-damage|p1a: Scizor|13\/281|[from] ability: Iron Barbs|[of] p2a: Ferrothorn
|-unboost|p1a: Scizor|atk|1
|-unboost|p1a: Scizor|def|1
|faint|p2a: Ferrothorn
|
|-heal|p1a: Scizor|30\/281|[from] item: Leftovers
|
|switch|p2a: Landorus-Therian|Landorus-Therian, M|322\/322
|-damage|p2a: Landorus-Therian|282\/322|[from] Stealth Rock
|-ability|p2a: Landorus-Therian|Intimidate|[of] p1a: Scizor
|-unboost|p1a: Scizor|atk|1
|turn|12
|
|move|p2a: Landorus-Therian|U-turn|p1a: Scizor
|-resisted|p1a: Scizor
|-damage|p1a: Scizor|0 fnt
|faint|p1a: Scizor
|
|switch|p2a: Gallade|Gallade-Mega, M|178\/277
|-damage|p2a: Gallade|161\/277|[from] Stealth Rock
|
|
|switch|p1a: Landorus-Therian|Landorus-Therian, M|366\/382
|-damage|p1a: Landorus-Therian|319\/382|[from] Stealth Rock
|-ability|p1a: Landorus-Therian|Intimidate|[of] p2a: Gallade
|-unboost|p2a: Gallade|atk|1
|turn|13
|
|move|p2a: Gallade|Knock Off|p1a: Landorus-Therian
|-damage|p1a: Landorus-Therian|249\/382
|-enditem|p1a: Landorus-Therian|Leftovers|[from] move: Knock Off|[of] p2a: Gallade
|move|p1a: Landorus-Therian|Knock Off|p2a: Gallade
|-damage|p2a: Gallade|85\/277
|
|turn|14
|
|switch|p2a: Landorus-Therian|Landorus-Therian, M|282\/322
|-damage|p2a: Landorus-Therian|242\/322|[from] Stealth Rock
|-ability|p2a: Landorus-Therian|Intimidate|[of] p1a: Landorus-Therian
|-unboost|p1a: Landorus-Therian|atk|1
|move|p1a: Landorus-Therian|U-turn|p2a: Landorus-Therian
|-resisted|p2a: Landorus-Therian
|-damage|p2a: Landorus-Therian|213\/322
|
|switch|p1a: Greninja|Greninja, F|285\/285
|-damage|p1a: Greninja|250\/285|[from] Stealth Rock
|
|turn|15
|
|move|p1a: Greninja|Ice Beam|p2a: Landorus-Therian
|-start|p1a: Greninja|typechange|Ice|[from] Protean
|-supereffective|p2a: Landorus-Therian
|-damage|p2a: Landorus-Therian|0 fnt
|faint|p2a: Landorus-Therian
|
|
|switch|p2a: Mamoswine|Mamoswine, M|280\/361
|-damage|p2a: Mamoswine|235\/361|[from] Stealth Rock
|turn|16
|
|move|p1a: Greninja|Ice Beam|p2a: Mamoswine
|-damage|p2a: Mamoswine|112\/361
|move|p2a: Mamoswine|Earthquake|p1a: Greninja
|-damage|p1a: Greninja|0 fnt
|-damage|p2a: Mamoswine|76\/361|[from] item: Life Orb
|faint|p1a: Greninja
|
|
|switch|p1a: Metagross|Metagross|327\/327
|-damage|p1a: Metagross|307\/327|[from] Stealth Rock
|turn|17
|
|detailschange|p1a: Metagross|Metagross-Mega
|message|Metagross has Mega Evolved into Mega Metagross!
|move|p2a: Mamoswine|Earthquake|p1a: Metagross
|-supereffective|p1a: Metagross
|-damage|p1a: Metagross|0 fnt
|-damage|p2a: Mamoswine|40\/361|[from] item: Life Orb
|faint|p1a: Metagross
|
|
|switch|p1a: Latios|Latios, M|205\/301
|-damage|p1a: Latios|168\/301|[from] Stealth Rock
|turn|18
|
|switch|p1a: Heatran|Heatran, F|226\/386
|-damage|p1a: Heatran|178\/386|[from] Stealth Rock
|move|p2a: Mamoswine|Earthquake|p1a: Heatran
|-crit|p1a: Heatran
|-supereffective|p1a: Heatran
|-damage|p1a: Heatran|0 fnt
|-damage|p2a: Mamoswine|4\/361|[from] item: Life Orb
|faint|p1a: Heatran
|
|
|switch|p1a: Landorus-Therian|Landorus-Therian, M|249\/382
|-damage|p1a: Landorus-Therian|202\/382|[from] Stealth Rock
|-ability|p1a: Landorus-Therian|Intimidate|[of] p2a: Mamoswine
|-unboost|p2a: Mamoswine|atk|1
|turn|19
|
|move|p2a: Mamoswine|Ice Shard|p1a: Landorus-Therian
|-supereffective|p1a: Landorus-Therian
|-damage|p1a: Landorus-Therian|15\/382
|-damage|p2a: Mamoswine|0 fnt|[from] item: Life Orb
|faint|p2a: Mamoswine
|move|p1a: Landorus-Therian|Knock Off|p2: Mamoswine|[notarget]
|-notarget
|
|
|switch|p2a: Gallade|Gallade-Mega, M|85\/277
|-damage|p2a: Gallade|68\/277|[from] Stealth Rock
|turn|20
|
|move|p2a: Gallade|Knock Off|p1a: Landorus-Therian
|-damage|p1a: Landorus-Therian|0 fnt
|faint|p1a: Landorus-Therian
|
|
|switch|p1a: Latios|Latios, M|168\/301
|-damage|p1a: Latios|131\/301|[from] Stealth Rock
|turn|21
|
|move|p2a: Gallade|Knock Off|p1a: Latios
|-supereffective|p1a: Latios
|-damage|p1a: Latios|0 fnt
|-enditem|p1a: Latios|Life Orb|[from] move: Knock Off|[of] p2a: Gallade
|faint|p1a: Latios
|
|win|Planet Hell
|raw|Ladder updating...
|raw|Interpolate's rating: 1401 &rarr; <strong>1385<\/strong><br \/>(-16 for losing)
|raw|Planet Hell's rating: 1483 &rarr; <strong>1499<\/strong><br \/>(+16 for winning)