|join|Planet Hell
|join|WECAMEASROMANS
|player|p1|Planet Hell|190
|player|p2|WECAMEASROMANS|102
|gametype|singles
|gen|6
|tier|OU
|rated
|clearpoke
|poke|p1|Diggersby, M
|poke|p1|Latios, M
|poke|p1|Manectric, M
|poke|p1|Greninja, F
|poke|p1|Landorus-Therian, M
|poke|p1|Dragonite, F
|poke|p2|Garchomp, F
|poke|p2|Rotom-Wash
|poke|p2|Hippowdon, F
|poke|p2|Excadrill, M
|poke|p2|Ferrothorn, M
|poke|p2|Landorus-Therian, M
|rule|Swagger Clause: Swagger is banned
|rule|Baton Pass Clause: Limit one PokÃ©mon knowing Baton Pass
|rule|Sleep Clause Mod: Limit one foe put to sleep
|rule|Species Clause: Limit one of each PokÃ©mon
|rule|OHKO Clause: OHKO moves are banned
|rule|Moody Clause: Moody is banned
|rule|Evasion Moves Clause: Evasion moves are banned
|rule|Endless Battle Clause: Forcing endless battles is banned
|rule|HP Percentage Mod: HP is shown in percentages
|teampreview
|
|start
|switch|p1a: Greninja|Greninja, F|286\/286
|switch|p2a: Rotom-Wash|Rotom-Wash|304\/304
|turn|1
|
|move|p1a: Greninja|Spikes|p2a: Rotom-Wash
|-start|p1a: Greninja|typechange|Ground|[from] Protean
|-sidestart|p2: WECAMEASROMANS|Spikes
|move|p2a: Rotom-Wash|Volt Switch|p1a: Greninja
|-immune|p1a: Greninja|[msg]
|
|turn|2
|
|switch|p1a: Latios|Latios, M|302\/302
|move|p2a: Rotom-Wash|Hydro Pump|p1a: Latios
|-resisted|p1a: Latios
|-damage|p1a: Latios|241\/302
|
|turn|3
|
|switch|p2a: Ferrothorn|Ferrothorn, M|352\/352
|-damage|p2a: Ferrothorn|308\/352|[from] Spikes
|move|p1a: Latios|Psyshock|p2a: Ferrothorn
|-resisted|p2a: Ferrothorn
|-damage|p2a: Ferrothorn|242\/352
|-damage|p1a: Latios|211\/302|[from] item: Life Orb
|
|-heal|p2a: Ferrothorn|264\/352|[from] item: Leftovers
|turn|4
|
|move|p1a: Latios|Draco Meteor|p2a: Ferrothorn
|-crit|p2a: Ferrothorn
|-resisted|p2a: Ferrothorn
|-damage|p2a: Ferrothorn|100\/352
|-unboost|p1a: Latios|spa|2
|-damage|p1a: Latios|181\/302|[from] item: Life Orb
|move|p2a: Ferrothorn|Spikes|p1a: Latios
|-sidestart|p1: Planet Hell|Spikes
|
|-heal|p2a: Ferrothorn|122\/352|[from] item: Leftovers
|turn|5
|
|move|p1a: Latios|Hidden Power|p2a: Ferrothorn
|-supereffective|p2a: Ferrothorn
|-damage|p2a: Ferrothorn|0 fnt
|-damage|p1a: Latios|151\/302|[from] item: Life Orb
|faint|p2a: Ferrothorn
|
|
|switch|p2a: Landorus-Therian|Landorus-Therian, M|319\/319
|-ability|p2a: Landorus-Therian|Intimidate|[of] p1a: Latios
|-unboost|p1a: Latios|atk|1
|turn|6
|
|switch|p1a: Dragonite|Dragonite, F|323\/323
|move|p2a: Landorus-Therian|Rock Polish|p2a: Landorus-Therian
|-boost|p2a: Landorus-Therian|spe|2
|
|turn|7
|
|move|p2a: Landorus-Therian|Swords Dance|p2a: Landorus-Therian
|-boost|p2a: Landorus-Therian|atk|2
|move|p1a: Dragonite|Outrage|p2a: Landorus-Therian
|-damage|p2a: Landorus-Therian|0 fnt
|faint|p2a: Landorus-Therian
|
|
|switch|p2a: Hippowdon|Hippowdon, F|416\/416
|-damage|p2a: Hippowdon|364\/416|[from] Spikes
|-weather|Sandstorm
|turn|8
|
|move|p1a: Dragonite|Outrage|p2a: Hippowdon
|-damage|p2a: Hippowdon|114\/416
|move|p2a: Hippowdon|Stealth Rock|p1a: Dragonite
|-sidestart|p1: Planet Hell|move: Stealth Rock
|
|-end|p1a: Dragonite|rampage
|-start|p1a: Dragonite|confusion
|-weather|Sandstorm|[upkeep]
|-damage|p1a: Dragonite|303\/323|[from] sandstorm
|turn|9
|
|switch|p2a: Rotom-Wash|Rotom-Wash|304\/304
|-activate|p1a: Dragonite|confusion
|move|p1a: Dragonite|Outrage|p2a: Rotom-Wash
|-crit|p2a: Rotom-Wash
|-damage|p2a: Rotom-Wash|0 fnt
|faint|p2a: Rotom-Wash
|
|-weather|Sandstorm|[upkeep]
|-damage|p1a: Dragonite|283\/323|[from] sandstorm
|
|switch|p2a: Excadrill|Excadrill, M|361\/361
|-damage|p2a: Excadrill|316\/361|[from] Spikes
|turn|10
|
|move|p2a: Excadrill|Swords Dance|p2a: Excadrill
|-boost|p2a: Excadrill|atk|2
|-activate|p1a: Dragonite|confusion
|move|p1a: Dragonite|Outrage|p2a: Excadrill
|-resisted|p2a: Excadrill
|-damage|p2a: Excadrill|60\/361
|
|-end|p1a: Dragonite|rampage
|-weather|Sandstorm|[upkeep]
|-damage|p1a: Dragonite|263\/323|[from] sandstorm
|turn|11
|-message|WECAMEASROMANS forfeited.
|
|win|Planet Hell
|raw|Ladder updating...
|leave|WECAMEASROMANS
|player|p2
|raw|Planet Hell's rating: 1813 &rarr; <strong>1834<\/strong><br \/>(+21 for winning)
|raw|WECAMEASROMANS's rating: 1833 &rarr; <strong>1812<\/strong><br \/>(-21 for losing)