|join|Planet Hell
|join|SEXY GAMER DOG
|player|p1|Planet Hell|190
|player|p2|SEXY GAMER DOG|275
|gametype|singles
|gen|6
|tier|OU
|rated
|clearpoke
|poke|p1|Manectric, M
|poke|p1|Landorus-Therian, M
|poke|p1|Greninja, F
|poke|p1|Rotom-Wash
|poke|p1|Bisharp, M
|poke|p1|Scizor, F
|poke|p2|Rotom-Wash
|poke|p2|Ditto
|poke|p2|Chansey, F
|poke|p2|Scizor, M
|poke|p2|Gothitelle, M
|poke|p2|Wobbuffet, F
|rule|Swagger Clause: Swagger is banned
|rule|Baton Pass Clause: Limit one PokÃ©mon knowing Baton Pass
|rule|Sleep Clause Mod: Limit one foe put to sleep
|rule|Species Clause: Limit one of each PokÃ©mon
|rule|OHKO Clause: OHKO moves are banned
|rule|Moody Clause: Moody is banned
|rule|Evasion Moves Clause: Evasion moves are banned
|rule|Endless Battle Clause: Forcing endless battles is banned
|rule|HP Percentage Mod: HP is shown in percentages
|teampreview
|
|start
|switch|p1a: Richard C. Sanders|Scizor, F|305\/305
|switch|p2a: Smogon Laundromat|Rotom-Wash|304\/304
|turn|1
|
|switch|p1a: Robin G. Wilson|Rotom-Wash|304\/304
|move|p2a: Smogon Laundromat|Will-O-Wisp|p1a: Robin G. Wilson
|-status|p1a: Robin G. Wilson|brn
|
|-damage|p1a: Robin G. Wilson|266\/304 brn|[from] brn
|turn|2
|
|switch|p2a: Queen of Twerk|Chansey, F|704\/704
|move|p1a: Robin G. Wilson|Volt Switch|p2a: Queen of Twerk
|-damage|p2a: Queen of Twerk|644\/704
|
|switch|p1a: Jack D. Moore|Landorus-Therian, M|382\/382
|-ability|p1a: Jack D. Moore|Intimidate|[of] p2a: Queen of Twerk
|-unboost|p2a: Queen of Twerk|atk|1
|
|turn|3
|
|switch|p2a: Wombo Combo|Scizor, M|344\/344
|move|p1a: Jack D. Moore|Stealth Rock|p2a: Wombo Combo
|-sidestart|p2: SEXY GAMER DOG|move: Stealth Rock
|
|turn|4
|
|detailschange|p2a: Wombo Combo|Scizor-Mega, M
|message|Scizor has Mega Evolved into Mega Scizor!
|move|p1a: Jack D. Moore|U-turn|p2a: Wombo Combo
|-resisted|p2a: Wombo Combo
|-damage|p2a: Wombo Combo|322\/344
|
|switch|p1a: Matthew R. Miller|Manectric, M|281\/281
|move|p2a: Wombo Combo|Defog|p1a: Matthew R. Miller
|-unboost|p1a: Matthew R. Miller|evasion|1
|-sideend|p2: SEXY GAMER DOG|Stealth Rock|[from] move: Defog|[of] p2a: Wombo Combo
|
|turn|5
|
|switch|p2a: Queen of Twerk|Chansey, F|644\/704
|detailschange|p1a: Matthew R. Miller|Manectric-Mega, M
|message|Manectric has Mega Evolved into Mega Manectric!
|-ability|p1a: Matthew R. Miller|Intimidate|[of] p2a: Queen of Twerk
|-unboost|p2a: Queen of Twerk|atk|1
|move|p1a: Matthew R. Miller|Volt Switch|p2a: Queen of Twerk
|-damage|p2a: Queen of Twerk|560\/704
|
|switch|p1a: Jack D. Moore|Landorus-Therian, M|382\/382
|-ability|p1a: Jack D. Moore|Intimidate|[of] p2a: Queen of Twerk
|-unboost|p2a: Queen of Twerk|atk|1
|
|turn|6
|
|move|p1a: Jack D. Moore|Stealth Rock|p2a: Queen of Twerk
|-sidestart|p2: SEXY GAMER DOG|move: Stealth Rock
|move|p2a: Queen of Twerk|Toxic|p1a: Jack D. Moore
|-status|p1a: Jack D. Moore|tox
|
|-damage|p1a: Jack D. Moore|359\/382 tox|[from] psn
|turn|7
|
|move|p1a: Jack D. Moore|U-turn|p2a: Queen of Twerk
|-damage|p2a: Queen of Twerk|466\/704
|
|switch|p1a: Richard C. Sanders|Scizor, F|305\/305
|move|p2a: Queen of Twerk|Soft-Boiled|p2a: Queen of Twerk
|-heal|p2a: Queen of Twerk|704\/704
|
|turn|8
|
|switch|p2a: Wombo Combo|Scizor-Mega, M|322\/344
|-damage|p2a: Wombo Combo|279\/344|[from] Stealth Rock
|move|p1a: Richard C. Sanders|U-turn|p2a: Wombo Combo
|-resisted|p2a: Wombo Combo
|-damage|p2a: Wombo Combo|225\/344
|
|switch|p1a: Alistar B. Jackson|Greninja, F|286\/286
|
|turn|9
|
|switch|p2a: Queen of Twerk|Chansey, F|704\/704
|-damage|p2a: Queen of Twerk|616\/704|[from] Stealth Rock
|move|p1a: Alistar B. Jackson|Spikes|p2a: Queen of Twerk
|-start|p1a: Alistar B. Jackson|typechange|Ground|[from] Protean
|-sidestart|p2: SEXY GAMER DOG|Spikes
|
|turn|10
|
|switch|p1a: Robin G. Wilson|Rotom-Wash|266\/304 brn
|move|p2a: Queen of Twerk|Toxic|p1a: Robin G. Wilson
|-fail|p1a: Robin G. Wilson
|
|-heal|p1a: Robin G. Wilson|285\/304 brn|[from] item: Leftovers
|-damage|p1a: Robin G. Wilson|247\/304 brn|[from] brn
|turn|11
|
|switch|p2a: Smogon Laundromat|Rotom-Wash|304\/304
|-damage|p2a: Smogon Laundromat|266\/304|[from] Stealth Rock
|move|p1a: Robin G. Wilson|Volt Switch|p2a: Smogon Laundromat
|-damage|p2a: Smogon Laundromat|181\/304
|
|switch|p1a: Matthew R. Miller|Manectric-Mega, M|281\/281
|-ability|p1a: Matthew R. Miller|Intimidate|[of] p2a: Smogon Laundromat
|-unboost|p2a: Smogon Laundromat|atk|1
|
|turn|12
|
|move|p1a: Matthew R. Miller|Thunderbolt|p2a: Smogon Laundromat
|-damage|p2a: Smogon Laundromat|27\/304
|move|p2a: Smogon Laundromat|Volt Switch|p1a: Matthew R. Miller
|-resisted|p1a: Matthew R. Miller
|-damage|p1a: Matthew R. Miller|231\/281
|
|switch|p2a: Wombo Combo|Scizor-Mega, M|225\/344
|-damage|p2a: Wombo Combo|182\/344|[from] Stealth Rock
|-damage|p2a: Wombo Combo|139\/344|[from] Spikes
|
|turn|13
|
|move|p1a: Matthew R. Miller|Flamethrower|p2a: Wombo Combo
|-supereffective|p2a: Wombo Combo
|-damage|p2a: Wombo Combo|0 fnt
|faint|p2a: Wombo Combo
|
|-message|SEXY GAMER DOG forfeited.
|
|win|Planet Hell
|raw|Ladder updating...
|raw|Planet Hell's rating: 1822 &rarr; <strong>1837<\/strong><br \/>(+15 for winning)
|raw|SEXY GAMER DOG's rating: 1735 &rarr; <strong>1719<\/strong><br \/>(-16 for losing)
|leave|SEXY GAMER DOG
|player|p2