|join|Real Bobby Shmurda
|join|Planet Hell
|player|p1|Real Bobby Shmurda|278
|player|p2|Planet Hell|190
|gametype|singles
|gen|6
|tier|OU
|clearpoke
|poke|p1|Terrakion, shiny
|poke|p1|Whimsicott, F, shiny
|poke|p1|Ampharos, M, shiny
|poke|p1|Gliscor, M, shiny
|poke|p1|Cinccino, F, shiny
|poke|p1|Clefable, F, shiny
|poke|p2|Rotom-Wash
|poke|p2|Greninja, M
|poke|p2|Landorus-Therian, M
|poke|p2|Empoleon, M
|poke|p2|Metagross
|poke|p2|Gengar, M
|rule|Swagger Clause: Swagger is banned
|rule|Baton Pass Clause: Limit one PokÃ©mon knowing Baton Pass
|rule|Sleep Clause Mod: Limit one foe put to sleep
|rule|Species Clause: Limit one of each PokÃ©mon
|rule|OHKO Clause: OHKO moves are banned
|rule|Moody Clause: Moody is banned
|rule|Evasion Moves Clause: Evasion moves are banned
|rule|Endless Battle Clause: Forcing endless battles is banned
|rule|HP Percentage Mod: HP is shown in percentages
|teampreview
|join|testingsumcrap
|c|âReal Bobby Shmurda|i have the wrong team
|
|start
|switch|p1a: Fat Bith|Clefable, F, shiny|394\/394
|switch|p2a: Metagross|Metagross|302\/302
|turn|1
|c|âPlanet Hell|me too
|join|Orei
|
|detailschange|p2a: Metagross|Metagross-Mega
|message|Metagross has Mega Evolved into Mega Metagross!
|move|p2a: Metagross|Meteor Mash|p1a: Fat Bith
|-supereffective|p1a: Fat Bith
|-damage|p1a: Fat Bith|0 fnt
|faint|p1a: Fat Bith
|
|
|switch|p1a: TankScor|Gliscor, M, shiny|354\/354
|turn|2
|join|Aegislashed
|
|move|p1a: TankScor|Protect|p1a: TankScor
|-singleturn|p1a: TankScor|Protect
|move|p2a: Metagross|Ice Punch|p1a: TankScor
|-activate|p1a: TankScor|Protect
|
|-status|p1a: TankScor|tox|[from] item: Toxic Orb
|turn|3
|
|switch|p1a: Paris Hilton|Whimsicott, F, shiny|324\/324
|move|p2a: Metagross|Ice Punch|p1a: Paris Hilton
|-supereffective|p1a: Paris Hilton
|-damage|p1a: Paris Hilton|50\/324
|
|-heal|p1a: Paris Hilton|70\/324|[from] item: Leftovers
|turn|4
|
|move|p1a: Paris Hilton|Tailwind|p1a: Paris Hilton
|-sidestart|p1: Real Bobby Shmurda|move: Tailwind
|move|p2a: Metagross|Ice Punch|p1a: Paris Hilton
|-supereffective|p1a: Paris Hilton
|-damage|p1a: Paris Hilton|0 fnt
|faint|p1a: Paris Hilton
|
|
|switch|p1a: Diablo|Terrakion, shiny|323\/323
|turn|5
|join|PikachuCandyã
|
|switch|p2a: Landorus-Therian|Landorus-Therian, M|325\/325
|-ability|p2a: Landorus-Therian|Intimidate|[of] p1a: Diablo
|-unboost|p1a: Diablo|atk|1
|move|p1a: Diablo|Earthquake|p2a: Landorus-Therian
|-immune|p2a: Landorus-Therian|[msg]
|
|turn|6
|
|switch|p1a: TankScor|Gliscor, M, shiny|354\/354 tox
|move|p2a: Landorus-Therian|U-turn|p1a: TankScor
|-resisted|p1a: TankScor
|-damage|p1a: TankScor|325\/354 tox
|join|cheungknoodles
|
|switch|p2a: Gengar|Gengar, M|261\/261
|
|-heal|p1a: TankScor|354\/354 tox|[from] ability: Poison Heal
|turn|7
|
|move|p1a: TankScor|Rock Slide|p2a: Gengar
|-damage|p2a: Gengar|178\/261
|move|p2a: Gengar|Shadow Ball|p1a: TankScor
|-damage|p1a: TankScor|127\/354 tox
|-unboost|p1a: TankScor|spd|1
|-damage|p2a: Gengar|152\/261|[from] item: Life Orb
|
|-heal|p1a: TankScor|171\/354 tox|[from] ability: Poison Heal
|-sideend|p1: Real Bobby Shmurda|move: Tailwind
|turn|8
|
|switch|p1a: Kate Upton|Cinccino, F, shiny|291\/291
|move|p2a: Gengar|Focus Blast|p1a: Kate Upton
|-supereffective|p1a: Kate Upton
|-damage|p1a: Kate Upton|0 fnt
|-damage|p2a: Gengar|126\/261|[from] item: Life Orb
|faint|p1a: Kate Upton
|
|
|switch|p1a: Diablo|Terrakion, shiny|323\/323
|turn|9
|
|move|p2a: Gengar|Shadow Ball|p1a: Diablo
|-damage|p1a: Diablo|132\/323
|-damage|p2a: Gengar|100\/261|[from] item: Life Orb
|move|p1a: Diablo|Rock Slide|p2a: Gengar
|-miss|p1a: Diablo|p2a: Gengar
|
|turn|10
|
|switch|p1a: TankScor|Gliscor, M, shiny|171\/354 tox
|move|p2a: Gengar|Shadow Ball|p1a: TankScor
|-damage|p1a: TankScor|0 fnt
|-damage|p2a: Gengar|74\/261|[from] item: Life Orb
|faint|p1a: TankScor
|
|c|âReal Bobby Shmurda|gg stupid smogon team
|
|switch|p1a: Chief Amph|Ampharos, M, shiny|384\/384
|turn|11
|
|detailschange|p1a: Chief Amph|Ampharos-Mega, M, shiny
|message|Ampharos has Mega Evolved into Mega Ampharos!
|-ability|p1a: Chief Amph|Mold Breaker
|move|p1a: Chief Amph|Protect|p1a: Chief Amph
|-singleturn|p1a: Chief Amph|Protect
|move|p2a: Gengar|Taunt|p1a: Chief Amph
|-activate|p1a: Chief Amph|Protect
|
|turn|12
|
|move|p2a: Gengar|Sludge Wave|p1a: Chief Amph
|-damage|p1a: Chief Amph|172\/384
|-damage|p2a: Gengar|48\/261|[from] item: Life Orb
|move|p1a: Chief Amph|Thunderbolt|p2a: Gengar
|-damage|p2a: Gengar|0 fnt
|faint|p2a: Gengar
|
|
|switch|p2a: Metagross|Metagross-Mega|302\/302
|turn|13
|
|move|p2a: Metagross|Earthquake|p1a: Chief Amph
|-crit|p1a: Chief Amph
|-supereffective|p1a: Chief Amph
|-damage|p1a: Chief Amph|0 fnt
|faint|p1a: Chief Amph
|
|
|switch|p1a: Diablo|Terrakion, shiny|132\/323
|turn|14
|
|move|p2a: Metagross|Earthquake|p1a: Diablo
|-supereffective|p1a: Diablo
|-damage|p1a: Diablo|0 fnt
|faint|p1a: Diablo
|
|win|Planet Hell
|leave|Planet Hell
|player|p2
|leave|Real Bobby Shmurda
|player|p1
|leave|PikachuCandyã
|leave|testingsumcrap