|join|LowLadderGod
|join|Planet Hell
|player|p1|LowLadderGod|1
|player|p2|Planet Hell|190
|gametype|singles
|gen|6
|tier|OU
|rated
|clearpoke
|poke|p1|Milotic, M
|poke|p1|Bisharp, M
|poke|p1|Conkeldurr, M
|poke|p1|Zapdos
|poke|p1|Breloom, F
|poke|p1|Pinsir, F, shiny
|poke|p2|Rotom-Wash
|poke|p2|Greninja, F
|poke|p2|Bisharp, M
|poke|p2|Mamoswine, F
|poke|p2|Metagross
|poke|p2|Gengar, M
|rule|Swagger Clause: Swagger is banned
|rule|Baton Pass Clause: Limit one PokÃ©mon knowing Baton Pass
|rule|Sleep Clause Mod: Limit one foe put to sleep
|rule|Species Clause: Limit one of each PokÃ©mon
|rule|OHKO Clause: OHKO moves are banned
|rule|Moody Clause: Moody is banned
|rule|Evasion Moves Clause: Evasion moves are banned
|rule|Endless Battle Clause: Forcing endless battles is banned
|rule|HP Percentage Mod: HP is shown in percentages
|teampreview
|
|start
|switch|p1a: Conkeldurr|Conkeldurr, M|413\/413
|switch|p2a: Gengar|Gengar, M|262\/262
|turn|1
|
|switch|p2a: Rotom-Wash|Rotom-Wash|304\/304
|move|p1a: Conkeldurr|Knock Off|p2a: Rotom-Wash
|-damage|p2a: Rotom-Wash|207\/304
|-enditem|p2a: Rotom-Wash|Leftovers|[from] move: Knock Off|[of] p1a: Conkeldurr
|
|turn|2
|
|move|p2a: Rotom-Wash|Volt Switch|p1a: Conkeldurr
|-damage|p1a: Conkeldurr|325\/413
|
|switch|p2a: Metagross|Metagross|302\/302
|move|p1a: Conkeldurr|Drain Punch|p2a: Metagross
|-damage|p2a: Metagross|188\/302
|-heal|p1a: Conkeldurr|382\/413|[from] drain|[of] p2a: Metagross
|
|turn|3
|
|switch|p1a: Bisharp|Bisharp, M|334\/334
|detailschange|p2a: Metagross|Metagross-Mega
|message|Metagross has Mega Evolved into Mega Metagross!
|move|p2a: Metagross|Earthquake|p1a: Bisharp
|-supereffective|p1a: Bisharp
|-damage|p1a: Bisharp|72\/334
|
|turn|4
|
|switch|p2a: Greninja|Greninja, F|286\/286
|move|p1a: Bisharp|Knock Off|p2a: Greninja
|-resisted|p2a: Greninja
|-damage|p2a: Greninja|157\/286
|-enditem|p2a: Greninja|Life Orb|[from] move: Knock Off|[of] p1a: Bisharp
|
|turn|5
|
|move|p1a: Bisharp|Sucker Punch|p2a: Greninja
|-resisted|p2a: Greninja
|-damage|p2a: Greninja|48\/286
|move|p2a: Greninja|Hidden Power|p1a: Bisharp
|-start|p2a: Greninja|typechange|Fire|[from] Protean
|-supereffective|p1a: Bisharp
|-damage|p1a: Bisharp|0 fnt
|faint|p1a: Bisharp
|
|
|switch|p1a: Conkeldurr|Conkeldurr, M|382\/413
|turn|6
|
|switch|p2a: Metagross|Metagross-Mega|188\/302
|move|p1a: Conkeldurr|Knock Off|p2a: Metagross
|-supereffective|p2a: Metagross
|-damage|p2a: Metagross|72\/302
|
|turn|7
|
|move|p1a: Conkeldurr|Mach Punch|p2a: Metagross
|-damage|p2a: Metagross|18\/302
|move|p2a: Metagross|Zen Headbutt|p1a: Conkeldurr|[miss]
|-miss|p2a: Metagross|p1a: Conkeldurr
|
|turn|8
|
|move|p1a: Conkeldurr|Mach Punch|p2a: Metagross
|-damage|p2a: Metagross|0 fnt
|faint|p2a: Metagross
|
|
|switch|p2a: Rotom-Wash|Rotom-Wash|207\/304
|turn|9
|
|move|p2a: Rotom-Wash|Hydro Pump|p1a: Conkeldurr
|-damage|p1a: Conkeldurr|244\/413
|move|p1a: Conkeldurr|Knock Off|p2a: Rotom-Wash
|-damage|p2a: Rotom-Wash|138\/304
|
|turn|10
|
|move|p2a: Rotom-Wash|Hydro Pump|p1a: Conkeldurr
|-damage|p1a: Conkeldurr|117\/413
|move|p1a: Conkeldurr|Drain Punch|p2a: Rotom-Wash
|-crit|p2a: Rotom-Wash
|-damage|p2a: Rotom-Wash|0 fnt
|-heal|p1a: Conkeldurr|186\/413|[from] drain|[of] p2a: Rotom-Wash
|faint|p2a: Rotom-Wash
|
|
|switch|p2a: Gengar|Gengar, M|262\/262
|turn|11
|
|move|p2a: Gengar|Shadow Ball|p1a: Conkeldurr
|-damage|p1a: Conkeldurr|0 fnt
|-damage|p2a: Gengar|236\/262|[from] item: Life Orb
|faint|p1a: Conkeldurr
|
|
|switch|p1a: Zapdos|Zapdos|384\/384
|-ability|p1a: Zapdos|Pressure
|turn|12
|
|move|p2a: Gengar|Shadow Ball|p1a: Zapdos
|-damage|p1a: Zapdos|223\/384
|-damage|p2a: Gengar|210\/262|[from] item: Life Orb
|move|p1a: Zapdos|Heat Wave|p2a: Gengar
|-damage|p2a: Gengar|100\/262
|
|-heal|p1a: Zapdos|247\/384|[from] item: Leftovers
|turn|13
|
|move|p2a: Gengar|Sludge Wave|p1a: Zapdos
|-damage|p1a: Zapdos|40\/384
|-damage|p2a: Gengar|74\/262|[from] item: Life Orb
|move|p1a: Zapdos|Roost|p1a: Zapdos
|-heal|p1a: Zapdos|232\/384
|
|-heal|p1a: Zapdos|256\/384|[from] item: Leftovers
|turn|14
|
|switch|p2a: Mamoswine|Mamoswine, F|361\/361
|move|p1a: Zapdos|Roost|p1a: Zapdos
|-heal|p1a: Zapdos|384\/384
|
|turn|15
|
|move|p2a: Mamoswine|Stealth Rock|p1a: Zapdos
|-sidestart|p1: LowLadderGod|move: Stealth Rock
|move|p1a: Zapdos|Heat Wave|p2a: Mamoswine
|-crit|p2a: Mamoswine
|-supereffective|p2a: Mamoswine
|-damage|p2a: Mamoswine|139\/361
|
|turn|16
|
|move|p2a: Mamoswine|Endeavor|p1a: Zapdos
|-damage|p1a: Zapdos|139\/384
|move|p1a: Zapdos|Heat Wave|p2a: Mamoswine
|-supereffective|p2a: Mamoswine
|-damage|p2a: Mamoswine|9\/361
|
|-heal|p1a: Zapdos|163\/384|[from] item: Leftovers
|turn|17
|
|move|p2a: Mamoswine|Endeavor|p1a: Zapdos
|-damage|p1a: Zapdos|9\/384
|move|p1a: Zapdos|Heat Wave|p2a: Mamoswine
|-supereffective|p2a: Mamoswine
|-damage|p2a: Mamoswine|0 fnt
|faint|p2a: Mamoswine
|
|-heal|p1a: Zapdos|33\/384|[from] item: Leftovers
|
|switch|p2a: Greninja|Greninja, F|48\/286
|turn|18
|
|move|p2a: Greninja|Spikes|p1a: Zapdos
|-start|p2a: Greninja|typechange|Ground|[from] Protean
|-sidestart|p1: LowLadderGod|Spikes
|move|p1a: Zapdos|Roost|p1a: Zapdos
|-heal|p1a: Zapdos|225\/384
|
|-heal|p1a: Zapdos|249\/384|[from] item: Leftovers
|turn|19
|
|move|p2a: Greninja|Ice Beam|p1a: Zapdos
|-start|p2a: Greninja|typechange|Ice|[from] Protean
|-supereffective|p1a: Zapdos
|-damage|p1a: Zapdos|13\/384
|-status|p1a: Zapdos|frz
|-curestatus|p1a: Zapdos|frz
|move|p1a: Zapdos|Defog|p2a: Greninja
|-unboost|p2a: Greninja|evasion|1
|-sideend|p1: LowLadderGod|Spikes|[from] move: Defog|[of] p1a: Zapdos
|-sideend|p1: LowLadderGod|Stealth Rock|[from] move: Defog|[of] p1a: Zapdos
|
|-heal|p1a: Zapdos|37\/384|[from] item: Leftovers
|turn|20
|
|move|p2a: Greninja|Spikes|p1a: Zapdos
|-start|p2a: Greninja|typechange|Ground|[from] Protean
|-sidestart|p1: LowLadderGod|Spikes
|move|p1a: Zapdos|Roost|p1a: Zapdos
|-heal|p1a: Zapdos|229\/384
|
|-heal|p1a: Zapdos|253\/384|[from] item: Leftovers
|turn|21
|
|move|p2a: Greninja|Ice Beam|p1a: Zapdos
|-start|p2a: Greninja|typechange|Ice|[from] Protean
|-supereffective|p1a: Zapdos
|-damage|p1a: Zapdos|17\/384
|move|p1a: Zapdos|Defog|p2a: Greninja
|-unboost|p2a: Greninja|evasion|1
|-sideend|p1: LowLadderGod|Spikes|[from] move: Defog|[of] p1a: Zapdos
|
|-heal|p1a: Zapdos|41\/384|[from] item: Leftovers
|turn|22
|
|move|p2a: Greninja|Spikes|p1a: Zapdos
|-start|p2a: Greninja|typechange|Ground|[from] Protean
|-sidestart|p1: LowLadderGod|Spikes
|move|p1a: Zapdos|Roost|p1a: Zapdos
|-heal|p1a: Zapdos|233\/384
|
|-heal|p1a: Zapdos|257\/384|[from] item: Leftovers
|turn|23
|
|move|p2a: Greninja|Ice Beam|p1a: Zapdos
|-start|p2a: Greninja|typechange|Ice|[from] Protean
|-supereffective|p1a: Zapdos
|-damage|p1a: Zapdos|0 fnt
|faint|p1a: Zapdos
|
|
|switch|p1a: Pinsir|Pinsir, F, shiny|271\/271
|-damage|p1a: Pinsir|238\/271|[from] Spikes
|-ability|p1a: Pinsir|Mold Breaker
|turn|24
|
|detailschange|p1a: Pinsir|Pinsir-Mega, F, shiny
|message|Pinsir has Mega Evolved into Mega Pinsir!
|move|p1a: Pinsir|Quick Attack|p2a: Greninja
|-damage|p2a: Greninja|0 fnt
|faint|p2a: Greninja
|
|
|switch|p2a: Bisharp|Bisharp, M|271\/271
|turn|25
|
|move|p1a: Pinsir|Earthquake|p2a: Bisharp
|-supereffective|p2a: Bisharp
|-damage|p2a: Bisharp|21\/271
|move|p2a: Bisharp|Iron Head|p1a: Pinsir
|-damage|p1a: Pinsir|82\/271
|-damage|p2a: Bisharp|0 fnt|[from] item: Life Orb
|faint|p2a: Bisharp
|
|-message|Planet Hell forfeited.
|
|win|LowLadderGod
|raw|Ladder updating...
|leave|Planet Hell
|player|p2
|raw|LowLadderGod's rating: 1453 &rarr; <strong>1475<\/strong><br \/>(+22 for winning)
|raw|Planet Hell's rating: 1482 &rarr; <strong>1461<\/strong><br \/>(-21 for losing)
|c|âLowLadderGod|lel