|join|new@this
|join|Planet Hell
|player|p1|new@this|170
|player|p2|Planet Hell|175
|gametype|singles
|gen|6
|tier|OU
|clearpoke
|poke|p1|Azumarill, M
|poke|p1|Thundurus, M
|poke|p1|Klefki, F
|poke|p1|Zygarde
|poke|p1|Chandelure, M
|poke|p1|Talonflame, M
|poke|p2|Diggersby, M
|poke|p2|Latios, M
|poke|p2|Manectric, F
|poke|p2|Greninja, M
|poke|p2|Landorus-Therian, M
|poke|p2|Dragonite, F
|rule|Swagger Clause: Swagger is banned
|rule|Baton Pass Clause: Limit one PokÃ©mon knowing Baton Pass
|rule|Sleep Clause Mod: Limit one foe put to sleep
|rule|Species Clause: Limit one of each PokÃ©mon
|rule|OHKO Clause: OHKO moves are banned
|rule|Moody Clause: Moody is banned
|rule|Evasion Moves Clause: Evasion moves are banned
|rule|Endless Battle Clause: Forcing endless battles is banned
|rule|HP Percentage Mod: HP is shown in percentages
|teampreview
|c|âPlanet Hell|go ez on me
|c|ânew@this|this team got me to around 1400 but then I started sucking lol
|join|ClashMech
|join|Arceusism
|
|start
|switch|p1a: Thundurus|Thundurus, M|300\/300
|switch|p2a: Robert G. Sanchez|Manectric, F|281\/281
|turn|1
|join|V2S
|
|switch|p1a: Zygarde|Zygarde|397\/397
|-ability|p1a: Zygarde|Aura Break
|detailschange|p2a: Robert G. Sanchez|Manectric-Mega, F
|message|Manectric has Mega Evolved into Mega Manectric!
|-ability|p2a: Robert G. Sanchez|Intimidate|[of] p1a: Zygarde
|-unboost|p1a: Zygarde|atk|1
|move|p2a: Robert G. Sanchez|Thunderbolt|p1a: Zygarde
|-immune|p1a: Zygarde|[msg]
|
|turn|2
|join|Akix
|c|âPlanet Hell|dank
|c|âPlanet Hell|plays
|
|switch|p2a: Marcus D. Madison|Landorus-Therian, M|382\/382
|-ability|p2a: Marcus D. Madison|Intimidate|[of] p1a: Zygarde
|-unboost|p1a: Zygarde|atk|1
|switch|p1a: Klefki|Klefki, F|318\/318
|
|turn|3
|join|kota ââ¿â
|
|move|p1a: Klefki|Reflect|p1a: Klefki
|-sidestart|p1: new@this|Reflect
|move|p2a: Marcus D. Madison|Stealth Rock|p1a: Klefki
|-sidestart|p1: new@this|move: Stealth Rock
|
|turn|4
|leave|kota ââ¿â
|
|move|p2a: Marcus D. Madison|Earthquake|p1a: Klefki
|-supereffective|p1a: Klefki
|-damage|p1a: Klefki|183\/318
|move|p1a: Klefki|Foul Play|p2a: Marcus D. Madison
|-damage|p2a: Marcus D. Madison|303\/382
|
|-heal|p2a: Marcus D. Madison|326\/382|[from] item: Leftovers
|turn|5
|leave|ClashMech
|
|switch|p1a: Thundurus|Thundurus, M|300\/300
|-damage|p1a: Thundurus|225\/300|[from] Stealth Rock
|move|p2a: Marcus D. Madison|Earthquake|p1a: Thundurus
|-immune|p1a: Thundurus|[msg]
|
|-heal|p2a: Marcus D. Madison|349\/382|[from] item: Leftovers
|turn|6
|c|âPlanet Hell|don't you have a defogger?
|c|ânew@this|dang my donks
|c|ânew@this|not on this team
|c|âPlanet Hell|you have 3 mons weak to rocks lel
|
|switch|p2a: Robert G. Sanchez|Manectric-Mega, F|281\/281
|-ability|p2a: Robert G. Sanchez|Intimidate|[of] p1a: Thundurus
|-unboost|p1a: Thundurus|atk|1
|move|p1a: Thundurus|Hidden Power|p2a: Robert G. Sanchez
|-damage|p2a: Robert G. Sanchez|172\/281
|-damage|p1a: Thundurus|195\/300|[from] item: Life Orb
|
|turn|7
|c| Arceusism|why would he a have a defogger if he sets up reflect
|join|ClashMech
|c|âPlanet Hell|cause rocks kill
|
|move|p2a: Robert G. Sanchez|Volt Switch|p1a: Thundurus
|-damage|p1a: Thundurus|27\/300
|join|Please Fuse w\/ Me
|
|switch|p2a: Bryan B. Clarke|Greninja, M|286\/286
|move|p1a: Thundurus|Hidden Power|p2a: Bryan B. Clarke
|-resisted|p2a: Bryan B. Clarke
|-damage|p2a: Bryan B. Clarke|225\/286
|-damage|p1a: Thundurus|0 fnt|[from] item: Life Orb
|faint|p1a: Thundurus
|
|
|switch|p1a: Klefki|Klefki, F|183\/318
|-damage|p1a: Klefki|164\/318|[from] Stealth Rock
|turn|8
|
|move|p1a: Klefki|Thunder Wave|p2a: Bryan B. Clarke
|-status|p2a: Bryan B. Clarke|par
|move|p2a: Bryan B. Clarke|Spikes|p1a: Klefki
|-start|p2a: Bryan B. Clarke|typechange|Ground|[from] Protean
|-sidestart|p1: new@this|Spikes
|
|turn|9
|c|ânew@this|muh hazards
|
|move|p1a: Klefki|Light Screen|p1a: Klefki
|-sidestart|p1: new@this|move: Light Screen
|move|p2a: Bryan B. Clarke|Hydro Pump|p1a: Klefki
|-start|p2a: Bryan B. Clarke|typechange|Water|[from] Protean
|-damage|p1a: Klefki|46\/318
|-damage|p2a: Bryan B. Clarke|197\/286 par|[from] item: Life Orb
|
|turn|10
|c|âPlanet Hell|hazard stacking + volturn top taktiks m8
|
|switch|p1a: Azumarill|Azumarill, M|383\/383
|-damage|p1a: Azumarill|336\/383|[from] Spikes
|-damage|p1a: Azumarill|289\/383|[from] Stealth Rock
|cant|p2a: Bryan B. Clarke|par
|
|-sideend|p1: new@this|Reflect
|turn|11
|
|move|p1a: Azumarill|Waterfall|p2a: Bryan B. Clarke
|-resisted|p2a: Bryan B. Clarke
|-damage|p2a: Bryan B. Clarke|70\/286 par
|cant|p2a: Bryan B. Clarke|par
|
|turn|12
|
|move|p1a: Azumarill|Waterfall|p2a: Bryan B. Clarke
|-resisted|p2a: Bryan B. Clarke
|-damage|p2a: Bryan B. Clarke|0 fnt
|faint|p2a: Bryan B. Clarke
|
|c|ânew@this|no 6-0
|c|ânew@this|moral victory
|
|switch|p2a: Marcus D. Madison|Landorus-Therian, M|349\/382
|-ability|p2a: Marcus D. Madison|Intimidate|[of] p1a: Azumarill
|-unboost|p1a: Azumarill|atk|1
|turn|13
|
|move|p2a: Marcus D. Madison|Earthquake|p1a: Azumarill
|-damage|p1a: Azumarill|111\/383
|move|p1a: Azumarill|Waterfall|p2a: Marcus D. Madison
|-supereffective|p2a: Marcus D. Madison
|-damage|p2a: Marcus D. Madison|169\/382
|
|-heal|p2a: Marcus D. Madison|192\/382|[from] item: Leftovers
|turn|14
|c| Please Fuse w\/ Me|balk
|c|ânew@this|balk is real
|
|switch|p2a: Alex C. Montero|Latios, M|302\/302
|move|p1a: Azumarill|Aqua Jet|p2a: Alex C. Montero
|-resisted|p2a: Alex C. Montero
|-damage|p2a: Alex C. Montero|270\/302
|
|turn|15
|
|move|p2a: Alex C. Montero|Psyshock|p1a: Azumarill
|-damage|p1a: Azumarill|0 fnt
|-damage|p2a: Alex C. Montero|240\/302|[from] item: Life Orb
|faint|p1a: Azumarill
|
|
|switch|p1a: Chandelure|Chandelure, M|268\/268
|-damage|p1a: Chandelure|201\/268|[from] Stealth Rock
|-damage|p1a: Chandelure|168\/268|[from] Spikes
|turn|16
|
|move|p1a: Chandelure|Shadow Ball|p2a: Alex C. Montero
|-supereffective|p2a: Alex C. Montero
|-damage|p2a: Alex C. Montero|0 fnt
|faint|p2a: Alex C. Montero
|
|-sideend|p1: new@this|move: Light Screen
|
|switch|p2a: Billy J. Jefferson|Diggersby, M|311\/311
|turn|17
|c| Arceusism|using top 10 usage
|
|switch|p1a: Klefki|Klefki, F|46\/318
|-damage|p1a: Klefki|27\/318|[from] Stealth Rock
|-damage|p1a: Klefki|0 fnt|[from] Spikes
|faint|p1a: Klefki
|move|p2a: Billy J. Jefferson|Return|p1: Klefki|[notarget]
|-notarget
|
|c| V2S|incoming swords dance?
|
|switch|p1a: Chandelure|Chandelure, M|168\/268
|-damage|p1a: Chandelure|101\/268|[from] Stealth Rock
|-damage|p1a: Chandelure|68\/268|[from] Spikes
|turn|18
|c| V2S|awww
|
|move|p1a: Chandelure|Energy Ball|p2a: Billy J. Jefferson
|-crit|p2a: Billy J. Jefferson
|-supereffective|p2a: Billy J. Jefferson
|-damage|p2a: Billy J. Jefferson|0 fnt
|faint|p2a: Billy J. Jefferson
|
|
|switch|p2a: Keith F. Royal|Dragonite, F|323\/323
|turn|19
|c|ânew@this|no espeed pls
|
|move|p1a: Chandelure|Energy Ball|p2a: Keith F. Royal
|-resisted|p2a: Keith F. Royal
|-damage|p2a: Keith F. Royal|308\/323
|move|p2a: Keith F. Royal|Outrage|p1a: Chandelure
|-damage|p1a: Chandelure|0 fnt
|faint|p1a: Chandelure
|
|c|âPlanet Hell|ok
|
|switch|p1a: Talonflame|Talonflame, M|309\/309
|-damage|p1a: Talonflame|155\/309|[from] Stealth Rock
|turn|20
|
|move|p1a: Talonflame|Will-O-Wisp|p2a: Keith F. Royal
|-status|p2a: Keith F. Royal|brn
|move|p2a: Keith F. Royal|Outrage|p1a: Talonflame
|-damage|p1a: Talonflame|0 fnt
|faint|p1a: Talonflame
|
|-damage|p2a: Keith F. Royal|268\/323 brn|[from] brn
|
|switch|p1a: Zygarde|Zygarde|397\/397
|-damage|p1a: Zygarde|373\/397|[from] Stealth Rock
|-damage|p1a: Zygarde|324\/397|[from] Spikes
|-ability|p1a: Zygarde|Aura Break
|turn|21
|
|move|p2a: Keith F. Royal|Outrage|p1a: Zygarde
|-supereffective|p1a: Zygarde
|-damage|p1a: Zygarde|30\/397
|move|p1a: Zygarde|Dragon Dance|p1a: Zygarde
|-boost|p1a: Zygarde|atk|1
|-boost|p1a: Zygarde|spe|1
|
|-end|p2a: Keith F. Royal|rampage
|-start|p2a: Keith F. Royal|confusion
|-damage|p2a: Keith F. Royal|228\/323 brn|[from] brn
|turn|22
|c|ânew@this|fug
|
|move|p1a: Zygarde|Extreme Speed|p2a: Keith F. Royal
|-damage|p2a: Keith F. Royal|89\/323 brn
|-activate|p2a: Keith F. Royal|confusion
|-damage|p2a: Keith F. Royal|47\/323 brn|[from] confusion
|
|-damage|p2a: Keith F. Royal|7\/323 brn|[from] brn
|turn|23
|
|move|p1a: Zygarde|Extreme Speed|p2a: Keith F. Royal
|-damage|p2a: Keith F. Royal|0 fnt
|faint|p2a: Keith F. Royal
|
|
|switch|p2a: Marcus D. Madison|Landorus-Therian, M|192\/382
|-ability|p2a: Marcus D. Madison|Intimidate|[of] p1a: Zygarde
|-unboost|p1a: Zygarde|atk|1
|turn|24
|
|switch|p2a: Robert G. Sanchez|Manectric-Mega, F|172\/281
|-ability|p2a: Robert G. Sanchez|Intimidate|[of] p1a: Zygarde
|-unboost|p1a: Zygarde|atk|1
|move|p1a: Zygarde|Outrage|p2a: Robert G. Sanchez
|-damage|p2a: Robert G. Sanchez|24\/281
|
|turn|25
|
|move|p2a: Robert G. Sanchez|Hidden Power|p1a: Zygarde
|-supereffective|p1a: Zygarde
|-damage|p1a: Zygarde|0 fnt
|faint|p1a: Zygarde
|
|win|Planet Hell
|c|ânew@this|gg
|c|âPlanet Hell|gg
|leave|V2S
|leave|Planet Hell
|player|p2
|leave|Akix
|c|ânew@this|that's good sportsmanship
|leave|new@this
|player|p1
|leave|Arceusism
|leave|ClashMech
|join|new@this