|join|Rammasaur
|join|Planet Hell
|player|p1|Rammasaur|163
|player|p2|Planet Hell|190
|gametype|singles
|gen|6
|tier|OU
|clearpoke
|poke|p1|Gallade, M, shiny
|poke|p1|Togekiss, M
|poke|p1|Garchomp, M, shiny
|poke|p1|Greninja, F, shiny
|poke|p1|Rotom-Wash
|poke|p1|Bisharp, M, shiny
|poke|p2|Gardevoir, F
|poke|p2|Raikou
|poke|p2|Greninja, M
|poke|p2|Garchomp, M
|poke|p2|Bisharp, F
|poke|p2|Tornadus-Therian, M
|rule|Swagger Clause: Swagger is banned
|rule|Baton Pass Clause: Limit one PokÃ©mon knowing Baton Pass
|rule|Sleep Clause Mod: Limit one foe put to sleep
|rule|Species Clause: Limit one of each PokÃ©mon
|rule|OHKO Clause: OHKO moves are banned
|rule|Moody Clause: Moody is banned
|rule|Evasion Moves Clause: Evasion moves are banned
|rule|Endless Battle Clause: Forcing endless battles is banned
|rule|HP Percentage Mod: HP is shown in percentages
|teampreview
|join|User Of Splash
|join|Lord Qwilfish
|
|start
|switch|p1a: Greninja|Greninja, F, shiny|285\/285
|switch|p2a: Greninja|Greninja, M|285\/285
|turn|1
|join|Starlight Raven
|c|âRammasaur|oh lawd
|
|move|p1a: Greninja|Low Kick|p2a: Greninja
|-start|p1a: Greninja|typechange|Fighting|[from] Protean
|-crit|p2a: Greninja
|-supereffective|p2a: Greninja
|-damage|p2a: Greninja|0 fnt
|-damage|p1a: Greninja|257\/285|[from] item: Life Orb
|faint|p2a: Greninja
|
|join|teriatzy
|c|âRammasaur|AYYY
|c|âPlanet Hell|does that normally kill?
|c|âPlanet Hell|without crit
|c|âRammasaur|no idea
|
|switch|p2a: Raikou|Raikou|322\/322
|-ability|p2a: Raikou|Pressure
|turn|2
|join|Specs Fake-Out
|
|switch|p1a: Rotom-Wash|Rotom-Wash|304\/304
|move|p2a: Raikou|Hidden Power|p1a: Rotom-Wash
|-resisted|p1a: Rotom-Wash
|-damage|p1a: Rotom-Wash|258\/304
|
|turn|3
|c| User Of Splash|well low kick deals damage based on weight
|
|switch|p2a: Gardevoir|Gardevoir, F|277\/277
|-ability|p2a: Gardevoir|Levitate|[from] ability: Trace|[of] p1a: Rotom-Wash
|move|p1a: Rotom-Wash|Will-O-Wisp|p2a: Gardevoir
|-status|p2a: Gardevoir|brn
|
|-damage|p2a: Gardevoir|243\/277 brn|[from] brn
|turn|4
|c| User Of Splash|and greninja probably isn't very heavy
|c|âPlanet Hell|its 60bp
|
|switch|p1a: Togekiss|Togekiss, M|374\/374
|detailschange|p2a: Gardevoir|Gardevoir-Mega, F
|message|Gardevoir has Mega Evolved into Mega Gardevoir!
|move|p2a: Gardevoir|Hyper Voice|p1a: Togekiss
|-damage|p1a: Togekiss|206\/374
|
|-heal|p1a: Togekiss|229\/374|[from] item: Leftovers
|-damage|p2a: Gardevoir|209\/277 brn|[from] brn
|turn|5
|
|switch|p2a: Raikou|Raikou|322\/322
|-ability|p2a: Raikou|Pressure
|move|p1a: Togekiss|Air Slash|p2a: Raikou
|-resisted|p2a: Raikou
|-damage|p2a: Raikou|275\/322
|
|-heal|p1a: Togekiss|252\/374|[from] item: Leftovers
|turn|6
|c| Specs Fake-Out|yum
|
|switch|p1a: Rotom-Wash|Rotom-Wash|258\/304
|move|p2a: Raikou|Hidden Power|p1a: Rotom-Wash
|-resisted|p1a: Rotom-Wash
|-damage|p1a: Rotom-Wash|210\/304
|
|turn|7
|
|switch|p2a: Garchomp|Garchomp, M|420\/420
|move|p1a: Rotom-Wash|Trick|p2a: Garchomp
|-activate|p1a: Rotom-Wash|move: Trick|[of] p2a: Garchomp
|-item|p2a: Garchomp|Choice Specs|[from] move: Trick
|-item|p1a: Rotom-Wash|Rocky Helmet|[from] move: Trick
|
|turn|8
|
|move|p2a: Garchomp|Stealth Rock|p1a: Rotom-Wash
|-sidestart|p1: Rammasaur|move: Stealth Rock
|move|p1a: Rotom-Wash|Will-O-Wisp|p2a: Garchomp
|-status|p2a: Garchomp|brn
|
|-damage|p2a: Garchomp|368\/420 brn|[from] brn
|turn|9
|join|johnny3005
|
|switch|p2a: Raikou|Raikou|275\/322
|-ability|p2a: Raikou|Pressure
|move|p1a: Rotom-Wash|Hydro Pump|p2a: Raikou
|-damage|p2a: Raikou|101\/322
|
|turn|10
|
|move|p2a: Raikou|Volt Switch|p1a: Rotom-Wash
|-damage|p1a: Rotom-Wash|38\/304
|
|switch|p2a: Garchomp|Garchomp, M|368\/420 brn
|move|p1a: Rotom-Wash|Hydro Pump|p2a: Garchomp
|-damage|p2a: Garchomp|145\/420 brn
|
|-damage|p2a: Garchomp|93\/420 brn|[from] brn
|turn|11
|
|switch|p1a: Bisharp|Bisharp, M, shiny|334\/334
|-damage|p1a: Bisharp|314\/334|[from] Stealth Rock
|move|p2a: Garchomp|Dragon Tail|p1a: Bisharp
|-resisted|p1a: Bisharp
|-damage|p1a: Bisharp|291\/334
|drag|p1a: Gallade|Gallade, M, shiny|277\/277
|-damage|p1a: Gallade|260\/277|[from] Stealth Rock
|
|-damage|p2a: Garchomp|41\/420 brn|[from] brn
|turn|12
|
|detailschange|p1a: Gallade|Gallade-Mega, M, shiny
|message|Gallade has Mega Evolved into Mega Gallade!
|move|p1a: Gallade|Swords Dance|p1a: Gallade
|-boost|p1a: Gallade|atk|2
|move|p2a: Garchomp|Dragon Tail|p1a: Gallade
|-damage|p1a: Gallade|214\/277
|drag|p1a: Greninja|Greninja, F, shiny|257\/285
|-damage|p1a: Greninja|222\/285|[from] Stealth Rock
|
|-damage|p2a: Garchomp|0 fnt|[from] brn
|faint|p2a: Garchomp
|
|switch|p2a: Tornadus-Therian|Tornadus-Therian, M|332\/332
|turn|13
|
|move|p1a: Greninja|Ice Beam|p2a: Tornadus-Therian
|-start|p1a: Greninja|typechange|Ice|[from] Protean
|-supereffective|p2a: Tornadus-Therian
|-damage|p2a: Tornadus-Therian|75\/332
|-damage|p1a: Greninja|194\/285|[from] item: Life Orb
|move|p2a: Tornadus-Therian|Hurricane|p1a: Greninja
|-damage|p1a: Greninja|0 fnt
|faint|p1a: Greninja
|
|leave|Lord Qwilfish
|
|switch|p1a: Bisharp|Bisharp, M, shiny|291\/334
|-damage|p1a: Bisharp|271\/334|[from] Stealth Rock
|turn|14
|leave|johnny3005
|
|switch|p2a: Raikou|Raikou|101\/322
|-ability|p2a: Raikou|Pressure
|move|p1a: Bisharp|Iron Head|p2a: Raikou
|-crit|p2a: Raikou
|-resisted|p2a: Raikou
|-damage|p2a: Raikou|0 fnt
|faint|p2a: Raikou
|
|join|johnny3005
|join|mynameisjefff
|leave|johnny3005
|
|switch|p2a: Gardevoir|Gardevoir-Mega, F|209\/277 brn
|turn|15
|
|switch|p1a: Rotom-Wash|Rotom-Wash|38\/304
|-damage|p1a: Rotom-Wash|0 fnt|[from] Stealth Rock
|faint|p1a: Rotom-Wash
|move|p2a: Gardevoir|Hyper Voice|p1: Rotom-Wash|[notarget]
|-notarget
|
|-damage|p2a: Gardevoir|175\/277 brn|[from] brn
|
|switch|p1a: Togekiss|Togekiss, M|252\/374
|-damage|p1a: Togekiss|159\/374|[from] Stealth Rock
|turn|16
|
|move|p2a: Gardevoir|Psyshock|p1a: Togekiss
|-crit|p1a: Togekiss
|-damage|p1a: Togekiss|0 fnt
|faint|p1a: Togekiss
|
|-damage|p2a: Gardevoir|141\/277 brn|[from] brn
|
|switch|p1a: Gallade|Gallade-Mega, M, shiny|214\/277
|-damage|p1a: Gallade|197\/277|[from] Stealth Rock
|turn|17
|
|move|p1a: Gallade|Knock Off|p2a: Gardevoir
|-damage|p2a: Gardevoir|3\/277 brn
|move|p2a: Gardevoir|Hyper Voice|p1a: Gallade
|-supereffective|p1a: Gallade
|-damage|p1a: Gallade|0 fnt
|faint|p1a: Gallade
|
|-damage|p2a: Gardevoir|0 fnt|[from] brn
|faint|p2a: Gardevoir
|
|switch|p2a: Tornadus-Therian|Tornadus-Therian, M|185\/332
|switch|p1a: Garchomp|Garchomp, M, shiny|420\/420
|-damage|p1a: Garchomp|394\/420|[from] Stealth Rock
|turn|18
|
|move|p2a: Tornadus-Therian|Hurricane|p1a: Garchomp
|-damage|p1a: Garchomp|184\/420
|-start|p1a: Garchomp|confusion
|-activate|p1a: Garchomp|confusion
|-damage|p1a: Garchomp|150\/420|[from] confusion
|
|turn|19
|c|âRammasaur|omg haha
|
|move|p2a: Tornadus-Therian|Hurricane|p1a: Garchomp|[miss]
|-miss|p2a: Tornadus-Therian|p1a: Garchomp
|-activate|p1a: Garchomp|confusion
|-damage|p1a: Garchomp|119\/420|[from] confusion
|
|turn|20
|
|move|p2a: Tornadus-Therian|Hurricane|p1a: Garchomp|[miss]
|-miss|p2a: Tornadus-Therian|p1a: Garchomp
|-end|p1a: Garchomp|confusion
|move|p1a: Garchomp|Toxic|p2a: Tornadus-Therian
|-status|p2a: Tornadus-Therian|tox
|
|-damage|p2a: Tornadus-Therian|165\/332 tox|[from] psn
|turn|21
|c| mynameisjefff|ooh
|leave|User Of Splash
|join|fgtsaurus
|
|switch|p1a: Bisharp|Bisharp, M, shiny|271\/334
|-damage|p1a: Bisharp|251\/334|[from] Stealth Rock
|move|p2a: Tornadus-Therian|Focus Blast|p1a: Bisharp|[miss]
|-miss|p2a: Tornadus-Therian|p1a: Bisharp
|
|-damage|p2a: Tornadus-Therian|125\/332 tox|[from] psn
|turn|22
|c|âPlanet Hell|lmao
|c|âRammasaur|lawd
|
|move|p1a: Bisharp|Sucker Punch|p2a: Tornadus-Therian
|-damage|p2a: Tornadus-Therian|0 fnt
|faint|p2a: Tornadus-Therian
|
|
|switch|p2a: Bisharp|Bisharp, F|271\/271
|turn|23
|
|move|p2a: Bisharp|Knock Off|p1a: Bisharp
|-resisted|p1a: Bisharp
|-damage|p1a: Bisharp|121\/334
|-enditem|p1a: Bisharp|Black Glasses|[from] move: Knock Off|[of] p2a: Bisharp
|-damage|p2a: Bisharp|244\/271|[from] item: Life Orb
|move|p1a: Bisharp|Knock Off|p2a: Bisharp
|-crit|p2a: Bisharp
|-resisted|p2a: Bisharp
|-damage|p2a: Bisharp|113\/271
|-enditem|p2a: Bisharp|Life Orb|[from] move: Knock Off|[of] p1a: Bisharp
|
|turn|24
|
|move|p1a: Bisharp|Sucker Punch|p2a: Bisharp
|-resisted|p2a: Bisharp
|-damage|p2a: Bisharp|38\/271
|move|p2a: Bisharp|Iron Head|p1a: Bisharp
|-resisted|p1a: Bisharp
|-damage|p1a: Bisharp|51\/334
|
|turn|25
|
|move|p2a: Bisharp|Sucker Punch|p1a: Bisharp
|-resisted|p1a: Bisharp
|-damage|p1a: Bisharp|0 fnt
|faint|p1a: Bisharp
|
|
|switch|p1a: Garchomp|Garchomp, M, shiny|119\/420
|-damage|p1a: Garchomp|93\/420|[from] Stealth Rock
|turn|26
|c|âRammasaur|jesus
|
|move|p2a: Bisharp|Sucker Punch|p1a: Garchomp
|-damage|p1a: Garchomp|0 fnt
|-damage|p2a: Bisharp|5\/271|[from] ability: Rough Skin|[of] p1a: Garchomp
|-damage|p2a: Bisharp|0 fnt|[from] item: Rocky Helmet|[of] p1a: Garchomp
|faint|p2a: Bisharp
|faint|p1a: Garchomp
|
|win|Rammasaur
|c|âRammasaur|NOO
|c| Specs Fake-Out|lmao
|c| Specs Fake-Out|you won
|leave|Planet Hell
|player|p2
|c| mynameisjefff|wot
|leave|mynameisjefff
|leave|Specs Fake-Out
|leave|fgtsaurus
|leave|Rammasaur
|player|p1
|leave|Starlight Raven
|c| teriatzy|nice
|join|Rita Oral