|join|Lame Puzzle
|join|Planet Hell
|player|p1|Lame Puzzle|211
|player|p2|Planet Hell|190
|gametype|singles
|gen|6
|tier|OU
|clearpoke
|poke|p1|Landorus, M, shiny
|poke|p1|Infernape, F
|poke|p1|Manaphy, shiny
|poke|p1|Scizor, M, shiny
|poke|p1|Rhyperior, F, shiny
|poke|p1|Alakazam, M, shiny
|poke|p2|Rotom-Wash
|poke|p2|Greninja, F
|poke|p2|Landorus-Therian, M
|poke|p2|Empoleon, M
|poke|p2|Metagross
|poke|p2|Gengar, F
|rule|Swagger Clause: Swagger is banned
|rule|Baton Pass Clause: Limit one PokÃ©mon knowing Baton Pass
|rule|Sleep Clause Mod: Limit one foe put to sleep
|rule|Species Clause: Limit one of each PokÃ©mon
|rule|OHKO Clause: OHKO moves are banned
|rule|Moody Clause: Moody is banned
|rule|Evasion Moves Clause: Evasion moves are banned
|rule|Endless Battle Clause: Forcing endless battles is banned
|rule|HP Percentage Mod: HP is shown in percentages
|teampreview
|join|ItsPoopyTime
|join|Orei
|c|âLame Puzzle|lol i will prolly lose
|
|start
|switch|p1a: Infernape|Infernape, F|294\/294
|switch|p2a: Greninja|Greninja, F|285\/285
|turn|1
|
|move|p2a: Greninja|Hydro Pump|p1a: Infernape|[miss]
|-start|p2a: Greninja|typechange|Water|[from] Protean
|-miss|p2a: Greninja|p1a: Infernape
|move|p1a: Infernape|Stealth Rock|p2a: Greninja
|-sidestart|p2: Planet Hell|move: Stealth Rock
|
|turn|2
|
|move|p2a: Greninja|Hydro Pump|p1a: Infernape
|-supereffective|p1a: Infernape
|-enditem|p1a: Infernape|Focus Sash
|-damage|p1a: Infernape|1\/294
|-damage|p2a: Greninja|257\/285|[from] item: Life Orb
|move|p1a: Infernape|Endeavor|p2a: Greninja
|-damage|p2a: Greninja|1\/285
|
|turn|3
|
|switch|p2a: Gengar|Gengar, F|261\/261
|-damage|p2a: Gengar|229\/261|[from] Stealth Rock
|move|p1a: Infernape|Overheat|p2a: Gengar
|-damage|p2a: Gengar|0 fnt
|-unboost|p1a: Infernape|spa|2
|faint|p2a: Gengar
|
|
|switch|p2a: Landorus-Therian|Landorus-Therian, M|325\/325
|-damage|p2a: Landorus-Therian|285\/325|[from] Stealth Rock
|-ability|p2a: Landorus-Therian|Intimidate|[of] p1a: Infernape
|-unboost|p1a: Infernape|atk|1
|turn|4
|c|âLame Puzzle|oh...
|
|move|p2a: Landorus-Therian|U-turn|p1a: Infernape
|-resisted|p1a: Infernape
|-damage|p1a: Infernape|0 fnt
|faint|p1a: Infernape
|
|switch|p2a: Rotom-Wash|Rotom-Wash|304\/304
|-damage|p2a: Rotom-Wash|266\/304|[from] Stealth Rock
|
|-heal|p2a: Rotom-Wash|285\/304|[from] item: Leftovers
|
|switch|p1a: Manaphy|Manaphy, shiny|341\/341
|turn|5
|
|move|p1a: Manaphy|Tail Glow|p1a: Manaphy
|-boost|p1a: Manaphy|spa|3
|move|p2a: Rotom-Wash|Volt Switch|p1a: Manaphy
|-supereffective|p1a: Manaphy
|-enditem|p1a: Manaphy|Wacan Berry|[eat]
|-damage|p1a: Manaphy|254\/341
|
|switch|p2a: Empoleon|Empoleon, M|371\/371
|-damage|p2a: Empoleon|348\/371|[from] Stealth Rock
|
|-heal|p2a: Empoleon|371\/371|[from] item: Leftovers
|turn|6
|
|move|p1a: Manaphy|Energy Ball|p2a: Empoleon
|-damage|p2a: Empoleon|210\/371
|move|p2a: Empoleon|Roar|p1a: Manaphy
|drag|p1a: Rhyperior|Rhyperior, F, shiny|372\/372
|
|-heal|p2a: Empoleon|233\/371|[from] item: Leftovers
|turn|7
|
|switch|p2a: Rotom-Wash|Rotom-Wash|285\/304
|-damage|p2a: Rotom-Wash|247\/304|[from] Stealth Rock
|move|p1a: Rhyperior|Earthquake|p2a: Rotom-Wash
|-immune|p2a: Rotom-Wash|[msg]
|
|-heal|p2a: Rotom-Wash|266\/304|[from] item: Leftovers
|turn|8
|
|switch|p1a: Landorus|Landorus, M, shiny|320\/320
|move|p2a: Rotom-Wash|Volt Switch|p1a: Landorus
|-immune|p1a: Landorus|[msg]
|
|-heal|p2a: Rotom-Wash|285\/304|[from] item: Leftovers
|turn|9
|
|move|p1a: Landorus|U-turn|p2a: Rotom-Wash
|-damage|p2a: Rotom-Wash|229\/304
|
|switch|p1a: Manaphy|Manaphy, shiny|254\/341
|move|p2a: Rotom-Wash|Hydro Pump|p1a: Manaphy
|-resisted|p1a: Manaphy
|-damage|p1a: Manaphy|184\/341
|
|-heal|p2a: Rotom-Wash|248\/304|[from] item: Leftovers
|turn|10
|
|switch|p2a: Empoleon|Empoleon, M|233\/371
|-damage|p2a: Empoleon|210\/371|[from] Stealth Rock
|move|p1a: Manaphy|Energy Ball|p2a: Empoleon
|-damage|p2a: Empoleon|151\/371
|
|-heal|p2a: Empoleon|174\/371|[from] item: Leftovers
|turn|11
|
|switch|p1a: Alakazam|Alakazam, M, shiny|252\/252
|move|p2a: Empoleon|Stealth Rock|p1a: Alakazam
|-sidestart|p1: Lame Puzzle|move: Stealth Rock
|
|-heal|p2a: Empoleon|197\/371|[from] item: Leftovers
|turn|12
|
|switch|p2a: Greninja|Greninja, F|1\/285
|-damage|p2a: Greninja|0 fnt|[from] Stealth Rock
|faint|p2a: Greninja
|move|p1a: Alakazam|Focus Blast|p2: Greninja|[notarget]
|-notarget
|
|
|switch|p2a: Landorus-Therian|Landorus-Therian, M|285\/325
|-damage|p2a: Landorus-Therian|245\/325|[from] Stealth Rock
|-ability|p2a: Landorus-Therian|Intimidate|[of] p1a: Alakazam
|-unboost|p1a: Alakazam|atk|1
|turn|13
|join|Lucy Leviathan
|
|switch|p1a: Manaphy|Manaphy, shiny|184\/341
|-damage|p1a: Manaphy|142\/341|[from] Stealth Rock
|move|p2a: Landorus-Therian|U-turn|p1a: Manaphy
|-damage|p1a: Manaphy|46\/341
|
|switch|p2a: Empoleon|Empoleon, M|197\/371
|-damage|p2a: Empoleon|174\/371|[from] Stealth Rock
|
|-heal|p2a: Empoleon|197\/371|[from] item: Leftovers
|turn|14
|
|move|p1a: Manaphy|Energy Ball|p2a: Empoleon
|-damage|p2a: Empoleon|129\/371
|move|p2a: Empoleon|Scald|p1a: Manaphy
|-crit|p1a: Manaphy
|-resisted|p1a: Manaphy
|-damage|p1a: Manaphy|0 fnt
|faint|p1a: Manaphy
|
|-heal|p2a: Empoleon|152\/371|[from] item: Leftovers
|
|switch|p1a: Alakazam|Alakazam, M, shiny|252\/252
|turn|15
|
|move|p1a: Alakazam|Focus Blast|p2a: Empoleon|[miss]
|-miss|p1a: Alakazam|p2a: Empoleon
|move|p2a: Empoleon|Scald|p1a: Alakazam
|-damage|p1a: Alakazam|152\/252
|
|-heal|p2a: Empoleon|175\/371|[from] item: Leftovers
|turn|16
|
|switch|p2a: Landorus-Therian|Landorus-Therian, M|245\/325
|-damage|p2a: Landorus-Therian|205\/325|[from] Stealth Rock
|-ability|p2a: Landorus-Therian|Intimidate|[of] p1a: Alakazam
|-unboost|p1a: Alakazam|atk|1
|move|p1a: Alakazam|Focus Blast|p2a: Landorus-Therian
|-resisted|p2a: Landorus-Therian
|-damage|p2a: Landorus-Therian|113\/325
|
|turn|17
|
|switch|p1a: Landorus|Landorus, M, shiny|320\/320
|-damage|p1a: Landorus|280\/320|[from] Stealth Rock
|move|p2a: Landorus-Therian|U-turn|p1a: Landorus
|-crit|p1a: Landorus
|-resisted|p1a: Landorus
|-damage|p1a: Landorus|203\/320
|
|switch|p2a: Rotom-Wash|Rotom-Wash|248\/304
|-damage|p2a: Rotom-Wash|210\/304|[from] Stealth Rock
|
|-heal|p2a: Rotom-Wash|229\/304|[from] item: Leftovers
|turn|18
|
|move|p1a: Landorus|Explosion|p2a: Rotom-Wash
|-damage|p2a: Rotom-Wash|26\/304
|faint|p1a: Landorus
|move|p2a: Rotom-Wash|Hydro Pump|p1: Landorus|[notarget]
|-notarget
|
|-heal|p2a: Rotom-Wash|45\/304|[from] item: Leftovers
|
|switch|p1a: Alakazam|Alakazam, M, shiny|152\/252
|turn|19
|
|move|p1a: Alakazam|Psychic|p2a: Rotom-Wash
|-damage|p2a: Rotom-Wash|0 fnt
|faint|p2a: Rotom-Wash
|
|
|switch|p2a: Landorus-Therian|Landorus-Therian, M|113\/325
|-damage|p2a: Landorus-Therian|73\/325|[from] Stealth Rock
|-ability|p2a: Landorus-Therian|Intimidate|[of] p1a: Alakazam
|-unboost|p1a: Alakazam|atk|1
|turn|20
|
|move|p2a: Landorus-Therian|U-turn|p1a: Alakazam
|-supereffective|p1a: Alakazam
|-damage|p1a: Alakazam|0 fnt
|faint|p1a: Alakazam
|
|switch|p2a: Empoleon|Empoleon, M|175\/371
|-damage|p2a: Empoleon|152\/371|[from] Stealth Rock
|
|-heal|p2a: Empoleon|175\/371|[from] item: Leftovers
|
|switch|p1a: Scizor|Scizor, M, shiny|281\/281
|-damage|p1a: Scizor|246\/281|[from] Stealth Rock
|turn|21
|
|move|p1a: Scizor|Superpower|p2a: Empoleon
|-supereffective|p2a: Empoleon
|-damage|p2a: Empoleon|0 fnt
|-unboost|p1a: Scizor|atk|1
|-unboost|p1a: Scizor|def|1
|-damage|p1a: Scizor|218\/281|[from] item: Life Orb
|faint|p2a: Empoleon
|
|
|switch|p2a: Metagross|Metagross|302\/302
|-damage|p2a: Metagross|284\/302|[from] Stealth Rock
|turn|22
|
|detailschange|p2a: Metagross|Metagross-Mega
|message|Metagross has Mega Evolved into Mega Metagross!
|move|p2a: Metagross|Meteor Mash|p1a: Scizor
|-resisted|p1a: Scizor
|-damage|p1a: Scizor|51\/281
|move|p1a: Scizor|Bug Bite|p2a: Metagross
|-damage|p2a: Metagross|175\/302
|-damage|p1a: Scizor|23\/281|[from] item: Life Orb
|
|turn|23
|
|move|p1a: Scizor|Bullet Punch|p2a: Metagross
|-resisted|p2a: Metagross
|-damage|p2a: Metagross|141\/302
|-damage|p1a: Scizor|0 fnt|[from] item: Life Orb
|faint|p1a: Scizor
|move|p2a: Metagross|Meteor Mash|p1: Scizor|[notarget]
|-notarget
|
|
|switch|p1a: Rhyperior|Rhyperior, F, shiny|372\/372
|-damage|p1a: Rhyperior|349\/372|[from] Stealth Rock
|turn|24
|leave|ItsPoopyTime
|
|move|p2a: Metagross|Meteor Mash|p1a: Rhyperior
|-crit|p1a: Rhyperior
|-supereffective|p1a: Rhyperior
|-damage|p1a: Rhyperior|0 fnt
|faint|p1a: Rhyperior
|
|win|Planet Hell
|leave|Lame Puzzle
|player|p1
|leave|Planet Hell
|player|p2