|join|thomthebomb
|join|Planet Hell
|player|p1|thomthebomb|125
|player|p2|Planet Hell|190
|gametype|singles
|gen|6
|tier|OU
|clearpoke
|poke|p1|Hawlucha, M
|poke|p1|Florges, F
|poke|p1|Talonflame, M
|poke|p1|Greninja, M
|poke|p1|Sylveon, F
|poke|p1|Zygarde
|poke|p2|Togekiss, F
|poke|p2|Thundurus, M
|poke|p2|Rotom-Wash
|poke|p2|Crawdaunt, F
|poke|p2|Scizor, F
|poke|p2|Landorus-Therian, M
|rule|Swagger Clause: Swagger is banned
|rule|Baton Pass Clause: Limit one PokÃ©mon knowing Baton Pass
|rule|Sleep Clause Mod: Limit one foe put to sleep
|rule|Species Clause: Limit one of each PokÃ©mon
|rule|OHKO Clause: OHKO moves are banned
|rule|Moody Clause: Moody is banned
|rule|Evasion Moves Clause: Evasion moves are banned
|rule|Endless Battle Clause: Forcing endless battles is banned
|rule|HP Percentage Mod: HP is shown in percentages
|teampreview
|join|RollYourOwn
|
|start
|switch|p1a: Hawlucha|Hawlucha, M|299\/299
|switch|p2a: Rotom-Wash|Rotom-Wash|304\/304
|turn|1
|
|move|p1a: Hawlucha|Swords Dance|p1a: Hawlucha
|-boost|p1a: Hawlucha|atk|2
|move|p2a: Rotom-Wash|Volt Switch|p1a: Hawlucha
|-supereffective|p1a: Hawlucha
|-damage|p1a: Hawlucha|41\/299
|
|switch|p2a: Scizor|Scizor, F|343\/343
|
|turn|2
|
|detailschange|p2a: Scizor|Scizor-Mega, F
|message|Scizor has Mega Evolved into Mega Scizor!
|move|p2a: Scizor|Bullet Punch|p1a: Hawlucha
|-damage|p1a: Hawlucha|0 fnt
|faint|p1a: Hawlucha
|
|
|switch|p1a: Talonflame|Talonflame, M|298\/298
|turn|3
|
|switch|p2a: Rotom-Wash|Rotom-Wash|304\/304
|move|p1a: Talonflame|Swords Dance|p1a: Talonflame
|-boost|p1a: Talonflame|atk|2
|
|turn|4
|
|move|p1a: Talonflame|U-turn|p2a: Rotom-Wash
|-damage|p2a: Rotom-Wash|214\/304
|
|switch|p1a: Florges|Florges, F|360\/360
|move|p2a: Rotom-Wash|Hydro Pump|p1a: Florges
|-damage|p1a: Florges|294\/360
|
|-heal|p2a: Rotom-Wash|233\/304|[from] item: Leftovers
|turn|5
|
|move|p2a: Rotom-Wash|Volt Switch|p1a: Florges
|-damage|p1a: Florges|257\/360
|
|switch|p2a: Landorus-Therian|Landorus-Therian, M|382\/382
|-ability|p2a: Landorus-Therian|Intimidate|[of] p1a: Florges
|-unboost|p1a: Florges|atk|1
|move|p1a: Florges|Energy Ball|p2a: Landorus-Therian
|-damage|p2a: Landorus-Therian|256\/382
|
|-heal|p2a: Landorus-Therian|279\/382|[from] item: Leftovers
|turn|6
|
|move|p2a: Landorus-Therian|Stealth Rock|p1a: Florges
|-sidestart|p1: thomthebomb|move: Stealth Rock
|move|p1a: Florges|Moonblast|p2a: Landorus-Therian
|-damage|p2a: Landorus-Therian|69\/382
|
|-heal|p2a: Landorus-Therian|92\/382|[from] item: Leftovers
|turn|7
|
|move|p2a: Landorus-Therian|U-turn|p1a: Florges
|-resisted|p1a: Florges
|-damage|p1a: Florges|204\/360
|
|switch|p2a: Scizor|Scizor-Mega, F|343\/343
|move|p1a: Florges|Moonblast|p2a: Scizor
|-resisted|p2a: Scizor
|-damage|p2a: Scizor|268\/343
|
|turn|8
|
|move|p2a: Scizor|Bullet Punch|p1a: Florges
|-supereffective|p1a: Florges
|-damage|p1a: Florges|0 fnt
|faint|p1a: Florges
|
|
|switch|p1a: Greninja|Greninja, M|286\/286
|-damage|p1a: Greninja|251\/286|[from] Stealth Rock
|turn|9
|
|switch|p2a: Landorus-Therian|Landorus-Therian, M|92\/382
|-ability|p2a: Landorus-Therian|Intimidate|[of] p1a: Greninja
|-unboost|p1a: Greninja|atk|1
|move|p1a: Greninja|Surf|p2a: Landorus-Therian
|-start|p1a: Greninja|typechange|Water|[from] Protean
|-supereffective|p2a: Landorus-Therian
|-damage|p2a: Landorus-Therian|0 fnt
|-damage|p1a: Greninja|223\/286|[from] item: Life Orb
|faint|p2a: Landorus-Therian
|
|
|switch|p2a: Rotom-Wash|Rotom-Wash|233\/304
|turn|10
|
|move|p1a: Greninja|Dark Pulse|p2a: Rotom-Wash
|-start|p1a: Greninja|typechange|Dark|[from] Protean
|-damage|p2a: Rotom-Wash|81\/304
|-damage|p1a: Greninja|195\/286|[from] item: Life Orb
|move|p2a: Rotom-Wash|Volt Switch|p1a: Greninja
|-damage|p1a: Greninja|84\/286
|
|switch|p2a: Scizor|Scizor-Mega, F|268\/343
|
|turn|11
|
|move|p2a: Scizor|Bullet Punch|p1a: Greninja
|-damage|p1a: Greninja|0 fnt
|faint|p1a: Greninja
|
|
|switch|p1a: Talonflame|Talonflame, M|298\/298
|-damage|p1a: Talonflame|149\/298|[from] Stealth Rock
|turn|12
|
|switch|p2a: Thundurus|Thundurus, M|299\/299
|move|p1a: Talonflame|Roost|p1a: Talonflame
|-heal|p1a: Talonflame|298\/298
|
|turn|13
|
|move|p1a: Talonflame|U-turn|p2a: Thundurus
|-resisted|p2a: Thundurus
|-damage|p2a: Thundurus|259\/299
|
|switch|p1a: Sylveon|Sylveon, F|394\/394
|-damage|p1a: Sylveon|345\/394|[from] Stealth Rock
|move|p2a: Thundurus|Hidden Power|p1a: Sylveon
|-crit|p1a: Sylveon
|-damage|p1a: Sylveon|244\/394
|-damage|p2a: Thundurus|230\/299|[from] item: Life Orb
|
|-heal|p1a: Sylveon|268\/394|[from] item: Leftovers
|turn|14
|
|switch|p2a: Scizor|Scizor-Mega, F|268\/343
|move|p1a: Sylveon|Wish|p1a: Sylveon
|
|-heal|p1a: Sylveon|292\/394|[from] item: Leftovers
|turn|15
|
|switch|p1a: Zygarde|Zygarde|407\/407
|-damage|p1a: Zygarde|382\/407|[from] Stealth Rock
|-ability|p1a: Zygarde|Aura Break
|move|p2a: Scizor|Swords Dance|p2a: Scizor
|-boost|p2a: Scizor|atk|2
|
|-heal|p1a: Zygarde|407\/407|[from] move: Wish|[wisher] Sylveon
|turn|16
|
|move|p1a: Zygarde|Substitute|p1a: Zygarde
|-start|p1a: Zygarde|Substitute
|-damage|p1a: Zygarde|306\/407
|move|p2a: Scizor|Swords Dance|p2a: Scizor
|-boost|p2a: Scizor|atk|2
|
|-heal|p1a: Zygarde|331\/407|[from] item: Leftovers
|turn|17
|
|move|p2a: Scizor|Bullet Punch|p1a: Zygarde
|-end|p1a: Zygarde|Substitute
|move|p1a: Zygarde|Dragon Tail|p2a: Scizor
|-resisted|p2a: Scizor
|-damage|p2a: Scizor|244\/343
|drag|p2a: Crawdaunt|Crawdaunt, F|267\/267
|
|-heal|p1a: Zygarde|356\/407|[from] item: Leftovers
|turn|18
|
|move|p1a: Zygarde|Substitute|p1a: Zygarde
|-start|p1a: Zygarde|Substitute
|-damage|p1a: Zygarde|255\/407
|move|p2a: Crawdaunt|Knock Off|p1a: Zygarde
|-end|p1a: Zygarde|Substitute
|-damage|p2a: Crawdaunt|241\/267|[from] item: Life Orb
|
|-heal|p1a: Zygarde|280\/407|[from] item: Leftovers
|turn|19
|
|move|p1a: Zygarde|Coil|p1a: Zygarde
|-boost|p1a: Zygarde|atk|1
|-boost|p1a: Zygarde|def|1
|-boost|p1a: Zygarde|accuracy|1
|move|p2a: Crawdaunt|Knock Off|p1a: Zygarde
|-damage|p1a: Zygarde|98\/407
|-enditem|p1a: Zygarde|Leftovers|[from] move: Knock Off|[of] p2a: Crawdaunt
|-damage|p2a: Crawdaunt|215\/267|[from] item: Life Orb
|
|turn|20
|
|move|p1a: Zygarde|Earthquake|p2a: Crawdaunt
|-damage|p2a: Crawdaunt|16\/267
|move|p2a: Crawdaunt|Knock Off|p1a: Zygarde
|-damage|p1a: Zygarde|0 fnt
|-damage|p2a: Crawdaunt|0 fnt|[from] item: Life Orb
|faint|p1a: Zygarde
|faint|p2a: Crawdaunt
|
|
|switch|p1a: Talonflame|Talonflame, M|298\/298
|switch|p2a: Togekiss|Togekiss, F|311\/311
|-damage|p1a: Talonflame|149\/298|[from] Stealth Rock
|turn|21
|
|move|p1a: Talonflame|Roost|p1a: Talonflame
|-heal|p1a: Talonflame|298\/298
|move|p2a: Togekiss|Air Slash|p1a: Talonflame
|-damage|p1a: Talonflame|120\/298
|
|turn|22
|
|move|p1a: Talonflame|Brave Bird|p2a: Togekiss
|-damage|p2a: Togekiss|163\/311
|-damage|p1a: Talonflame|71\/298|[from] recoil|[of] p2a: Togekiss
|move|p2a: Togekiss|Air Slash|p1a: Talonflame|[miss]
|-miss|p2a: Togekiss|p1a: Talonflame
|
|-heal|p2a: Togekiss|182\/311|[from] item: Leftovers
|turn|23
|
|move|p1a: Talonflame|Brave Bird|p2a: Togekiss
|-damage|p2a: Togekiss|7\/311
|-damage|p1a: Talonflame|13\/298|[from] recoil|[of] p2a: Togekiss
|move|p2a: Togekiss|Air Slash|p1a: Talonflame
|-crit|p1a: Talonflame
|-damage|p1a: Talonflame|0 fnt
|faint|p1a: Talonflame
|
|-heal|p2a: Togekiss|26\/311|[from] item: Leftovers
|
|switch|p1a: Sylveon|Sylveon, F|292\/394
|-damage|p1a: Sylveon|243\/394|[from] Stealth Rock
|turn|24
|
|move|p2a: Togekiss|Air Slash|p1a: Sylveon
|-damage|p1a: Sylveon|134\/394
|cant|p1a: Sylveon|flinch
|
|-heal|p2a: Togekiss|45\/311|[from] item: Leftovers
|-heal|p1a: Sylveon|158\/394|[from] item: Leftovers
|turn|25
|
|move|p2a: Togekiss|Air Slash|p1a: Sylveon
|-damage|p1a: Sylveon|49\/394
|move|p1a: Sylveon|Wish|p1a: Sylveon
|
|-heal|p2a: Togekiss|64\/311|[from] item: Leftovers
|-heal|p1a: Sylveon|73\/394|[from] item: Leftovers
|turn|26
|
|move|p1a: Sylveon|Protect|p1a: Sylveon
|-singleturn|p1a: Sylveon|Protect
|move|p2a: Togekiss|Nasty Plot|p2a: Togekiss
|-boost|p2a: Togekiss|spa|2
|
|-heal|p1a: Sylveon|270\/394|[from] move: Wish|[wisher] Sylveon
|-heal|p2a: Togekiss|83\/311|[from] item: Leftovers
|-heal|p1a: Sylveon|294\/394|[from] item: Leftovers
|turn|27
|
|move|p2a: Togekiss|Air Slash|p1a: Sylveon
|-damage|p1a: Sylveon|65\/394
|move|p1a: Sylveon|Hyper Voice|p2a: Togekiss
|-damage|p2a: Togekiss|0 fnt
|faint|p2a: Togekiss
|
|-heal|p1a: Sylveon|89\/394|[from] item: Leftovers
|
|switch|p2a: Scizor|Scizor-Mega, F|244\/343
|turn|28
|
|move|p1a: Sylveon|Protect|p1a: Sylveon
|-singleturn|p1a: Sylveon|Protect
|move|p2a: Scizor|Bullet Punch|p1a: Sylveon
|-activate|p1a: Sylveon|Protect
|
|-heal|p1a: Sylveon|113\/394|[from] item: Leftovers
|turn|29
|
|move|p2a: Scizor|Bullet Punch|p1a: Sylveon
|-supereffective|p1a: Sylveon
|-damage|p1a: Sylveon|0 fnt
|faint|p1a: Sylveon
|
|win|Planet Hell
|c|âPlanet Hell|gg
|leave|Planet Hell
|player|p2
|c|âthomthebomb|g
|c|âthomthebomb|fuckin noob
|c|âthomthebomb|g