|join|Planet Hell
|join|lt7g rewer
|player|p1|Planet Hell|190
|player|p2|lt7g rewer|8
|gametype|singles
|gen|6
|tier|OU
|rated
|clearpoke
|poke|p1|Manectric, M
|poke|p1|Landorus-Therian, M
|poke|p1|Greninja, M
|poke|p1|Rotom-Wash
|poke|p1|Bisharp, M
|poke|p1|Latios, M
|poke|p2|Scizor, F
|poke|p2|Terrakion
|poke|p2|Greninja, F
|poke|p2|Latios, M
|poke|p2|Diggersby, M
|poke|p2|Dragonite, M
|rule|Swagger Clause: Swagger is banned
|rule|Baton Pass Clause: Limit one PokÃ©mon knowing Baton Pass
|rule|Sleep Clause Mod: Limit one foe put to sleep
|rule|Species Clause: Limit one of each PokÃ©mon
|rule|OHKO Clause: OHKO moves are banned
|rule|Moody Clause: Moody is banned
|rule|Evasion Moves Clause: Evasion moves are banned
|rule|Endless Battle Clause: Forcing endless battles is banned
|rule|HP Percentage Mod: HP is shown in percentages
|teampreview
|
|start
|switch|p1a: Jack D. Moore|Landorus-Therian, M|382\/382
|switch|p2a: Terrakion|Terrakion|323\/323
|-ability|p1a: Jack D. Moore|Intimidate|[of] p2a: Terrakion
|-unboost|p2a: Terrakion|atk|1
|turn|1
|
|move|p2a: Terrakion|Taunt|p1a: Jack D. Moore
|-start|p1a: Jack D. Moore|move: Taunt
|move|p1a: Jack D. Moore|U-turn|p2a: Terrakion
|-resisted|p2a: Terrakion
|-damage|p2a: Terrakion|284\/323
|
|switch|p1a: Alistar B. Jackson|Greninja, M|286\/286
|
|turn|2
|
|switch|p2a: Latios|Latios, M|301\/301
|move|p1a: Alistar B. Jackson|Hydro Pump|p2a: Latios|[miss]
|-start|p1a: Alistar B. Jackson|typechange|Water|[from] Protean
|-miss|p1a: Alistar B. Jackson|p2a: Latios
|
|turn|3
|
|switch|p1a: Bruce J. Carter|Bisharp, M|272\/272
|switch|p2a: Scizor|Scizor, F|299\/299
|
|turn|4
|
|switch|p1a: Robin G. Wilson|Rotom-Wash|304\/304
|switch|p2a: Terrakion|Terrakion|284\/323
|
|turn|5
|
|move|p2a: Terrakion|Stealth Rock|p1a: Robin G. Wilson
|-sidestart|p1: Planet Hell|move: Stealth Rock
|move|p1a: Robin G. Wilson|Volt Switch|p2a: Terrakion
|-damage|p2a: Terrakion|188\/323
|
|switch|p1a: Alistar B. Jackson|Greninja, M|286\/286
|-damage|p1a: Alistar B. Jackson|251\/286|[from] Stealth Rock
|
|turn|6
|
|move|p1a: Alistar B. Jackson|Hydro Pump|p2a: Terrakion
|-start|p1a: Alistar B. Jackson|typechange|Water|[from] Protean
|-supereffective|p2a: Terrakion
|-damage|p2a: Terrakion|0 fnt
|-damage|p1a: Alistar B. Jackson|223\/286|[from] item: Life Orb
|faint|p2a: Terrakion
|
|
|switch|p2a: Dragonite|Dragonite, M|329\/329
|turn|7
|
|switch|p2a: Scizor|Scizor, F|299\/299
|move|p1a: Alistar B. Jackson|Ice Beam|p2a: Scizor
|-start|p1a: Alistar B. Jackson|typechange|Ice|[from] Protean
|-resisted|p2a: Scizor
|-damage|p2a: Scizor|198\/299
|-damage|p1a: Alistar B. Jackson|195\/286|[from] item: Life Orb
|
|turn|8
|
|switch|p1a: Matthew R. Miller|Manectric, M|281\/281
|-damage|p1a: Matthew R. Miller|246\/281|[from] Stealth Rock
|detailschange|p2a: Scizor|Scizor-Mega, F
|message|Scizor has Mega Evolved into Mega Scizor!
|move|p2a: Scizor|Swords Dance|p2a: Scizor
|-boost|p2a: Scizor|atk|2
|
|turn|9
|
|detailschange|p1a: Matthew R. Miller|Manectric-Mega, M
|message|Manectric has Mega Evolved into Mega Manectric!
|-ability|p1a: Matthew R. Miller|Intimidate|[of] p2a: Scizor
|-unboost|p2a: Scizor|atk|1
|move|p2a: Scizor|Bullet Punch|p1a: Matthew R. Miller
|-resisted|p1a: Matthew R. Miller
|-damage|p1a: Matthew R. Miller|127\/281
|move|p1a: Matthew R. Miller|Flamethrower|p2a: Scizor
|-supereffective|p2a: Scizor
|-damage|p2a: Scizor|0 fnt
|faint|p2a: Scizor
|
|
|switch|p2a: Latios|Latios, M|301\/301
|turn|10
|
|move|p1a: Matthew R. Miller|Volt Switch|p2a: Latios
|-resisted|p2a: Latios
|-damage|p2a: Latios|244\/301
|
|switch|p1a: Robin G. Wilson|Rotom-Wash|304\/304
|-damage|p1a: Robin G. Wilson|266\/304|[from] Stealth Rock
|move|p2a: Latios|Hidden Power|p1a: Robin G. Wilson
|-resisted|p1a: Robin G. Wilson
|-damage|p1a: Robin G. Wilson|221\/304
|-damage|p2a: Latios|214\/301|[from] item: Life Orb
|
|-heal|p1a: Robin G. Wilson|240\/304|[from] item: Leftovers
|turn|11
|
|switch|p1a: Bruce J. Carter|Bisharp, M|272\/272
|-damage|p1a: Bruce J. Carter|255\/272|[from] Stealth Rock
|move|p2a: Latios|Draco Meteor|p1a: Bruce J. Carter|[miss]
|-miss|p2a: Latios|p1a: Bruce J. Carter
|
|turn|12
|
|move|p1a: Bruce J. Carter|Pursuit|p2a: Latios|[from]Pursuit
|-supereffective|p2a: Latios
|-damage|p2a: Latios|0 fnt
|-damage|p1a: Bruce J. Carter|228\/272|[from] item: Life Orb
|faint|p2a: Latios
|
|
|switch|p2a: Greninja|Greninja, F|286\/286
|turn|13
|
|switch|p1a: Andrew F. Mills|Latios, M|302\/302
|-damage|p1a: Andrew F. Mills|265\/302|[from] Stealth Rock
|move|p2a: Greninja|Hydro Pump|p1a: Andrew F. Mills
|-start|p2a: Greninja|typechange|Water|[from] Protean
|-resisted|p1a: Andrew F. Mills
|-damage|p1a: Andrew F. Mills|170\/302
|-damage|p2a: Greninja|258\/286|[from] item: Life Orb
|
|turn|14
|
|move|p1a: Andrew F. Mills|Psyshock|p2a: Greninja
|-damage|p2a: Greninja|53\/286
|move|p2a: Greninja|Dark Pulse|p1a: Andrew F. Mills
|-start|p2a: Greninja|typechange|Dark|[from] Protean
|-supereffective|p1a: Andrew F. Mills
|-damage|p1a: Andrew F. Mills|0 fnt
|-damage|p2a: Greninja|25\/286|[from] item: Life Orb
|faint|p1a: Andrew F. Mills
|
|c|âlt7g rewer|rip lmao
|
|switch|p1a: Bruce J. Carter|Bisharp, M|228\/272
|-damage|p1a: Bruce J. Carter|211\/272|[from] Stealth Rock
|turn|15
|
|switch|p2a: Diggersby|Diggersby, M|311\/311
|move|p1a: Bruce J. Carter|Sucker Punch|p2a: Diggersby
|-fail|p2a: Diggersby
|
|turn|16
|
|switch|p2a: Greninja|Greninja, F|25\/286
|move|p1a: Bruce J. Carter|Sucker Punch|p2a: Greninja
|-fail|p2a: Greninja
|
|turn|17
|
|switch|p2a: Diggersby|Diggersby, M|311\/311
|move|p1a: Bruce J. Carter|Sucker Punch|p2a: Diggersby
|-fail|p2a: Diggersby
|
|turn|18
|
|move|p1a: Bruce J. Carter|Sucker Punch|p2a: Diggersby
|-crit|p2a: Diggersby
|-damage|p2a: Diggersby|0 fnt
|-damage|p1a: Bruce J. Carter|184\/272|[from] item: Life Orb
|faint|p2a: Diggersby
|
|c|âPlanet Hell|rip lmao
|
|switch|p2a: Dragonite|Dragonite, M|329\/329
|turn|19
|c|âPlanet Hell|rip lmao
|c|âPlanet Hell|rip lmao
|c|âPlanet Hell|rip lmao
|c|âlt7g rewer|lol
|
|move|p2a: Dragonite|Fire Punch|p1a: Bruce J. Carter
|-supereffective|p1a: Bruce J. Carter
|-damage|p1a: Bruce J. Carter|0 fnt
|faint|p1a: Bruce J. Carter
|
|
|switch|p1a: Alistar B. Jackson|Greninja, M|195\/286
|-damage|p1a: Alistar B. Jackson|160\/286|[from] Stealth Rock
|turn|20
|
|switch|p2a: Greninja|Greninja, F|25\/286
|move|p1a: Alistar B. Jackson|Ice Beam|p2a: Greninja
|-start|p1a: Alistar B. Jackson|typechange|Ice|[from] Protean
|-resisted|p2a: Greninja
|-damage|p2a: Greninja|0 fnt
|-damage|p1a: Alistar B. Jackson|132\/286|[from] item: Life Orb
|faint|p2a: Greninja
|
|
|switch|p2a: Dragonite|Dragonite, M|329\/329
|turn|21
|
|move|p2a: Dragonite|Extreme Speed|p1a: Alistar B. Jackson
|-damage|p1a: Alistar B. Jackson|0 fnt
|faint|p1a: Alistar B. Jackson
|
|
|switch|p1a: Robin G. Wilson|Rotom-Wash|240\/304
|-damage|p1a: Robin G. Wilson|202\/304|[from] Stealth Rock
|turn|22
|
|move|p2a: Dragonite|Extreme Speed|p1a: Robin G. Wilson
|-damage|p1a: Robin G. Wilson|99\/304
|move|p1a: Robin G. Wilson|Will-O-Wisp|p2a: Dragonite
|-status|p2a: Dragonite|brn
|
|-heal|p1a: Robin G. Wilson|118\/304|[from] item: Leftovers
|-damage|p2a: Dragonite|288\/329 brn|[from] brn
|turn|23
|-message|lt7g rewer forfeited.
|
|win|Planet Hell
|raw|Ladder updating...
|raw|Planet Hell's rating: 1805 &rarr; <strong>1821<\/strong><br \/>(+16 for winning)
|raw|lt7g rewer's rating: 1745 &rarr; <strong>1728<\/strong><br \/>(-17 for losing)
|leave|Planet Hell
|player|p1