|join|Planet Hell
|join|TheHoennChamp
|player|p1|Planet Hell|190
|player|p2|TheHoennChamp|290
|gametype|singles
|gen|6
|tier|OU
|clearpoke
|poke|p1|Rotom-Wash
|poke|p1|Greninja, M
|poke|p1|Landorus-Therian, M
|poke|p1|Empoleon, F
|poke|p1|Metagross
|poke|p1|Gengar, M
|poke|p2|Latias, F
|poke|p2|Chesnaught, M
|poke|p2|Hippowdon, F
|poke|p2|Clefable, M
|poke|p2|Jirachi
|poke|p2|Rotom-Wash
|rule|Swagger Clause: Swagger is banned
|rule|Baton Pass Clause: Limit one PokÃ©mon knowing Baton Pass
|rule|Sleep Clause Mod: Limit one foe put to sleep
|rule|Species Clause: Limit one of each PokÃ©mon
|rule|OHKO Clause: OHKO moves are banned
|rule|Moody Clause: Moody is banned
|rule|Evasion Moves Clause: Evasion moves are banned
|rule|Endless Battle Clause: Forcing endless battles is banned
|rule|HP Percentage Mod: HP is shown in percentages
|teampreview
|c|âTheHoennChamp|gl hf
|join|Zibbity
|join|Demandred
|c| Zibbity|HEY
|c|âTheHoennChamp|Hey
|c| Zibbity|You are NOT the champ
|
|start
|switch|p1a: Rotom-Wash|Rotom-Wash|304\/304
|switch|p2a: Hippowdon|Hippowdon, F|420\/420
|turn|1
|c|âTheHoennChamp|Thank you?
|
|switch|p2a: Chesnaught|Chesnaught, M|380\/380
|move|p1a: Rotom-Wash|Hydro Pump|p2a: Chesnaught|[miss]
|-miss|p1a: Rotom-Wash|p2a: Chesnaught
|
|turn|2
|join|Zagmzp
|
|move|p1a: Rotom-Wash|Volt Switch|p2a: Chesnaught
|-resisted|p2a: Chesnaught
|-damage|p2a: Chesnaught|324\/380
|
|switch|p1a: Empoleon|Empoleon, F|371\/371
|move|p2a: Chesnaught|Drain Punch|p1a: Empoleon
|-supereffective|p1a: Empoleon
|-damage|p1a: Empoleon|171\/371
|-heal|p2a: Chesnaught|380\/380|[from] drain|[of] p1a: Empoleon
|
|-heal|p1a: Empoleon|194\/371|[from] item: Leftovers
|turn|3
|
|move|p2a: Chesnaught|Drain Punch|p1a: Empoleon
|-supereffective|p1a: Empoleon
|-damage|p1a: Empoleon|0 fnt
|faint|p1a: Empoleon
|
|join|Orei
|
|switch|p1a: Gengar|Gengar, M|261\/261
|turn|4
|
|move|p1a: Gengar|Shadow Ball|p2a: Chesnaught
|-immune|p2a: Chesnaught|[msg]|[from] Bulletproof
|move|p2a: Chesnaught|Leech Seed|p1a: Gengar
|-start|p1a: Gengar|move: Leech Seed
|
|-damage|p1a: Gengar|229\/261|[from] Leech Seed|[of] p2a: Chesnaught
|turn|5
|
|move|p1a: Gengar|Sludge Wave|p2a: Chesnaught
|-supereffective|p2a: Chesnaught
|-damage|p2a: Chesnaught|0 fnt
|-damage|p1a: Gengar|203\/261|[from] item: Life Orb
|faint|p2a: Chesnaught
|
|join|Zezma
|
|switch|p2a: Latias|Latias, F|363\/363
|turn|6
|c| Zibbity|wow Planet Hell
|
|switch|p1a: Metagross|Metagross|302\/302
|switch|p2a: Hippowdon|Hippowdon, F|420\/420
|
|turn|7
|
|switch|p1a: Rotom-Wash|Rotom-Wash|304\/304
|move|p2a: Hippowdon|Earthquake|p1a: Rotom-Wash
|-immune|p1a: Rotom-Wash|[msg]
|
|turn|8
|c|âTheHoennChamp|ah
|
|move|p1a: Rotom-Wash|Volt Switch|p2a: Hippowdon
|-immune|p2a: Hippowdon|[msg]
|move|p2a: Hippowdon|Stone Edge|p1a: Rotom-Wash
|-damage|p1a: Rotom-Wash|240\/304
|
|-heal|p1a: Rotom-Wash|259\/304|[from] item: Leftovers
|turn|9
|
|move|p1a: Rotom-Wash|Hydro Pump|p2a: Hippowdon|[miss]
|-miss|p1a: Rotom-Wash|p2a: Hippowdon
|move|p2a: Hippowdon|Stone Edge|p1a: Rotom-Wash
|-damage|p1a: Rotom-Wash|196\/304
|
|-heal|p1a: Rotom-Wash|215\/304|[from] item: Leftovers
|turn|10
|
|switch|p2a: Latias|Latias, F|363\/363
|move|p1a: Rotom-Wash|Hydro Pump|p2a: Latias|[miss]
|-miss|p1a: Rotom-Wash|p2a: Latias
|
|-heal|p1a: Rotom-Wash|234\/304|[from] item: Leftovers
|turn|11
|
|switch|p1a: Metagross|Metagross|302\/302
|detailschange|p2a: Latias|Latias-Mega, F
|message|Latias has Mega Evolved into Mega Latias!
|move|p2a: Latias|Substitute|p2a: Latias
|-start|p2a: Latias|Substitute
|-damage|p2a: Latias|273\/363
|
|turn|12
|
|detailschange|p1a: Metagross|Metagross-Mega
|message|Metagross has Mega Evolved into Mega Metagross!
|move|p2a: Latias|Calm Mind|p2a: Latias
|-boost|p2a: Latias|spa|1
|-boost|p2a: Latias|spd|1
|move|p1a: Metagross|Ice Punch|p2a: Latias
|-crit|p2a: Latias
|-supereffective|p2a: Latias
|-end|p2a: Latias|Substitute
|
|turn|13
|
|switch|p2a: Rotom-Wash|Rotom-Wash|304\/304
|move|p1a: Metagross|Ice Punch|p2a: Rotom-Wash
|-resisted|p2a: Rotom-Wash
|-damage|p2a: Rotom-Wash|257\/304
|
|-heal|p2a: Rotom-Wash|276\/304|[from] item: Leftovers
|turn|14
|
|switch|p1a: Rotom-Wash|Rotom-Wash|234\/304
|move|p2a: Rotom-Wash|Will-O-Wisp|p1a: Rotom-Wash
|-status|p1a: Rotom-Wash|brn
|
|-heal|p2a: Rotom-Wash|295\/304|[from] item: Leftovers
|-heal|p1a: Rotom-Wash|253\/304 brn|[from] item: Leftovers
|-damage|p1a: Rotom-Wash|215\/304 brn|[from] brn
|turn|15
|
|move|p2a: Rotom-Wash|Volt Switch|p1a: Rotom-Wash
|-damage|p1a: Rotom-Wash|134\/304 brn
|
|switch|p2a: Clefable|Clefable, M|394\/394
|move|p1a: Rotom-Wash|Will-O-Wisp|p2a: Clefable
|-status|p2a: Clefable|brn
|
|-heal|p1a: Rotom-Wash|153\/304 brn|[from] item: Leftovers
|-damage|p1a: Rotom-Wash|115\/304 brn|[from] brn
|-damage|p2a: Clefable|345\/394 brn|[from] brn
|turn|16
|leave|Zezma
|
|move|p1a: Rotom-Wash|Pain Split|p2a: Clefable
|-sethp|p2a: Clefable|230\/394 brn|p1a: Rotom-Wash|230\/304 brn|[from] move: Pain Split
|move|p2a: Clefable|Heal Bell|p2a: Clefable
|-cureteam|p2a: Clefable|[from] move: HealBell
|
|-heal|p1a: Rotom-Wash|249\/304 brn|[from] item: Leftovers
|-heal|p2a: Clefable|254\/394|[from] item: Leftovers
|-damage|p1a: Rotom-Wash|211\/304 brn|[from] brn
|turn|17
|
|move|p1a: Rotom-Wash|Volt Switch|p2a: Clefable
|-damage|p2a: Clefable|157\/394
|
|switch|p1a: Gengar|Gengar, M|203\/261
|move|p2a: Clefable|Calm Mind|p2a: Clefable
|-boost|p2a: Clefable|spa|1
|-boost|p2a: Clefable|spd|1
|
|-heal|p2a: Clefable|181\/394|[from] item: Leftovers
|turn|18
|
|move|p1a: Gengar|Sludge Wave|p2a: Clefable
|-supereffective|p2a: Clefable
|-damage|p2a: Clefable|0 fnt
|-damage|p1a: Gengar|177\/261|[from] item: Life Orb
|faint|p2a: Clefable
|
|
|switch|p2a: Latias|Latias-Mega, F|273\/363
|turn|19
|
|move|p1a: Gengar|Shadow Ball|p2a: Latias
|-supereffective|p2a: Latias
|-damage|p2a: Latias|23\/363
|-damage|p1a: Gengar|151\/261|[from] item: Life Orb
|move|p2a: Latias|Calm Mind|p2a: Latias
|-boost|p2a: Latias|spa|1
|-boost|p2a: Latias|spd|1
|
|turn|20
|
|move|p1a: Gengar|Shadow Ball|p2a: Latias
|-supereffective|p2a: Latias
|-damage|p2a: Latias|0 fnt
|-damage|p1a: Gengar|125\/261|[from] item: Life Orb
|faint|p2a: Latias
|
|
|switch|p2a: Rotom-Wash|Rotom-Wash|295\/304
|turn|21
|
|move|p1a: Gengar|Sludge Wave|p2a: Rotom-Wash
|-damage|p2a: Rotom-Wash|126\/304
|-damage|p1a: Gengar|99\/261|[from] item: Life Orb
|move|p2a: Rotom-Wash|Volt Switch|p1a: Gengar
|-damage|p1a: Gengar|0 fnt
|faint|p1a: Gengar
|
|switch|p2a: Hippowdon|Hippowdon, F|420\/420
|
|
|switch|p1a: Greninja|Greninja, M|285\/285
|turn|22
|
|move|p1a: Greninja|Hydro Pump|p2a: Hippowdon|[miss]
|-start|p1a: Greninja|typechange|Water|[from] Protean
|-miss|p1a: Greninja|p2a: Hippowdon
|move|p2a: Hippowdon|Stealth Rock|p1a: Greninja
|-sidestart|p1: Planet Hell|move: Stealth Rock
|
|turn|23
|
|move|p1a: Greninja|Hydro Pump|p2a: Hippowdon
|-supereffective|p2a: Hippowdon
|-damage|p2a: Hippowdon|0 fnt
|-damage|p1a: Greninja|257\/285|[from] item: Life Orb
|faint|p2a: Hippowdon
|
|c| Zagmzp|late game rocks op
|c|âTheHoennChamp|:)
|
|switch|p2a: Rotom-Wash|Rotom-Wash|126\/304
|turn|24
|
|move|p1a: Greninja|Hydro Pump|p2a: Rotom-Wash|[miss]
|-miss|p1a: Greninja|p2a: Rotom-Wash
|move|p2a: Rotom-Wash|Volt Switch|p1a: Greninja
|-supereffective|p1a: Greninja
|-damage|p1a: Greninja|39\/285
|
|switch|p2a: Jirachi|Jirachi|404\/404
|
|turn|25
|c| Zagmzp|:]
|
|move|p1a: Greninja|Hidden Power|p2a: Jirachi
|-start|p1a: Greninja|typechange|Fire|[from] Protean
|-supereffective|p2a: Jirachi
|-damage|p2a: Jirachi|232\/404
|-damage|p1a: Greninja|11\/285|[from] item: Life Orb
|move|p2a: Jirachi|Body Slam|p1a: Greninja
|-damage|p1a: Greninja|0 fnt
|faint|p1a: Greninja
|
|-heal|p2a: Jirachi|257\/404|[from] item: Leftovers
|
|switch|p1a: Metagross|Metagross-Mega|302\/302
|-damage|p1a: Metagross|284\/302|[from] Stealth Rock
|turn|26
|leave|Demandred
|
|move|p1a: Metagross|Earthquake|p2a: Jirachi
|-supereffective|p2a: Jirachi
|-damage|p2a: Jirachi|0 fnt
|faint|p2a: Jirachi
|
|c|âTheHoennChamp|gg
|
|switch|p2a: Rotom-Wash|Rotom-Wash|126\/304
|turn|27
|
|move|p1a: Metagross|Zen Headbutt|p2a: Rotom-Wash
|-damage|p2a: Rotom-Wash|0 fnt
|faint|p2a: Rotom-Wash
|
|win|Planet Hell
|leave|Planet Hell
|player|p1
|leave|TheHoennChamp
|player|p2
|leave|Zagmzp