|join|Planet Hell
|join|Exiline
|player|p1|Planet Hell|190
|player|p2|Exiline|131
|gametype|singles
|gen|6
|tier|OU
|rated
|clearpoke
|poke|p1|Rotom-Wash
|poke|p1|Greninja, M
|poke|p1|Landorus-Therian, M
|poke|p1|Empoleon, M
|poke|p1|Metagross
|poke|p1|Gengar, F
|poke|p2|Metagross, shiny
|poke|p2|Empoleon, F
|poke|p2|Rotom-Wash
|poke|p2|Gengar, F, shiny
|poke|p2|Greninja, F
|poke|p2|Landorus-Therian, M
|rule|Swagger Clause: Swagger is banned
|rule|Baton Pass Clause: Limit one PokÃ©mon knowing Baton Pass
|rule|Sleep Clause Mod: Limit one foe put to sleep
|rule|Species Clause: Limit one of each PokÃ©mon
|rule|OHKO Clause: OHKO moves are banned
|rule|Moody Clause: Moody is banned
|rule|Evasion Moves Clause: Evasion moves are banned
|rule|Endless Battle Clause: Forcing endless battles is banned
|rule|HP Percentage Mod: HP is shown in percentages
|teampreview
|c|âExiline|Oo
|c|âExiline|ok
|c|âPlanet Hell|nice team
|c|âExiline|yes u2 ^^'
|c|âPlanet Hell|how long you had it for?
|c|âExiline|for build ?
|
|start
|switch|p1a: Rotom-Wash|Rotom-Wash|304\/304
|switch|p2a: Rotom-Wash|Rotom-Wash|303\/303
|turn|1
|
|move|p2a: Rotom-Wash|Will-O-Wisp|p1a: Rotom-Wash
|-status|p1a: Rotom-Wash|brn
|move|p1a: Rotom-Wash|Will-O-Wisp|p2a: Rotom-Wash|[miss]
|-miss|p1a: Rotom-Wash|p2a: Rotom-Wash
|
|-damage|p1a: Rotom-Wash|266\/304 brn|[from] brn
|turn|2
|c|âExiline|sorry
|
|move|p2a: Rotom-Wash|Volt Switch|p1a: Rotom-Wash
|-damage|p1a: Rotom-Wash|190\/304 brn
|
|switch|p2a: Empoleon|Empoleon, F|371\/371
|move|p1a: Rotom-Wash|Volt Switch|p2a: Empoleon
|-supereffective|p2a: Empoleon
|-damage|p2a: Empoleon|251\/371
|
|switch|p1a: Gengar|Gengar, F|261\/261
|
|-heal|p2a: Empoleon|274\/371|[from] item: Leftovers
|turn|3
|join|Lucario powa
|
|switch|p2a: Landorus-Therian|Landorus-Therian, M|319\/319
|-ability|p2a: Landorus-Therian|Intimidate|[of] p1a: Gengar
|-unboost|p1a: Gengar|atk|1
|move|p1a: Gengar|Shadow Ball|p2a: Landorus-Therian
|-damage|p2a: Landorus-Therian|84\/319
|-damage|p1a: Gengar|235\/261|[from] item: Life Orb
|
|turn|4
|
|switch|p1a: Landorus-Therian|Landorus-Therian, M|325\/325
|-ability|p1a: Landorus-Therian|Intimidate|[of] p2a: Landorus-Therian
|-unboost|p2a: Landorus-Therian|atk|1
|move|p2a: Landorus-Therian|Stone Edge|p1a: Landorus-Therian
|-damage|p1a: Landorus-Therian|230\/325
|
|turn|5
|
|move|p2a: Landorus-Therian|Stone Edge|p1a: Landorus-Therian
|-damage|p1a: Landorus-Therian|140\/325
|move|p1a: Landorus-Therian|U-turn|p2a: Landorus-Therian
|-resisted|p2a: Landorus-Therian
|-damage|p2a: Landorus-Therian|37\/319
|
|switch|p1a: Empoleon|Empoleon, M|371\/371
|
|turn|6
|
|switch|p2a: Rotom-Wash|Rotom-Wash|303\/303
|move|p1a: Empoleon|Stealth Rock|p2a: Rotom-Wash
|-sidestart|p2: Exiline|move: Stealth Rock
|
|turn|7
|
|switch|p1a: Landorus-Therian|Landorus-Therian, M|140\/325
|-ability|p1a: Landorus-Therian|Intimidate|[of] p2a: Rotom-Wash
|-unboost|p2a: Rotom-Wash|atk|1
|move|p2a: Rotom-Wash|Volt Switch|p1a: Landorus-Therian
|-immune|p1a: Landorus-Therian|[msg]
|
|turn|8
|
|move|p1a: Landorus-Therian|U-turn|p2a: Rotom-Wash
|-damage|p2a: Rotom-Wash|242\/303
|
|switch|p1a: Rotom-Wash|Rotom-Wash|190\/304 brn
|move|p2a: Rotom-Wash|Volt Switch|p1a: Rotom-Wash
|-damage|p1a: Rotom-Wash|105\/304 brn
|
|switch|p2a: Greninja|Greninja, F|285\/285
|-damage|p2a: Greninja|250\/285|[from] Stealth Rock
|
|-heal|p1a: Rotom-Wash|124\/304 brn|[from] item: Leftovers
|-damage|p1a: Rotom-Wash|86\/304 brn|[from] brn
|turn|9
|
|switch|p2a: Gengar|Gengar, F, shiny|261\/261
|-damage|p2a: Gengar|229\/261|[from] Stealth Rock
|move|p1a: Rotom-Wash|Volt Switch|p2a: Gengar
|-damage|p2a: Gengar|123\/261
|
|switch|p1a: Greninja|Greninja, M|285\/285
|
|turn|10
|
|switch|p1a: Gengar|Gengar, F|235\/261
|switch|p2a: Empoleon|Empoleon, F|274\/371
|-damage|p2a: Empoleon|251\/371|[from] Stealth Rock
|
|-heal|p2a: Empoleon|274\/371|[from] item: Leftovers
|turn|11
|
|move|p1a: Gengar|Focus Blast|p2a: Empoleon
|-supereffective|p2a: Empoleon
|-damage|p2a: Empoleon|22\/371
|-damage|p1a: Gengar|209\/261|[from] item: Life Orb
|move|p2a: Empoleon|Scald|p1a: Gengar
|-damage|p1a: Gengar|7\/261
|
|-heal|p2a: Empoleon|45\/371|[from] item: Leftovers
|turn|12
|c|âExiline|Torrnt <3
|
|switch|p2a: Greninja|Greninja, F|250\/285
|-damage|p2a: Greninja|215\/285|[from] Stealth Rock
|move|p1a: Gengar|Shadow Ball|p2a: Greninja
|-resisted|p2a: Greninja
|-damage|p2a: Greninja|86\/285
|-damage|p1a: Gengar|0 fnt|[from] item: Life Orb
|faint|p1a: Gengar
|
|
|switch|p1a: Landorus-Therian|Landorus-Therian, M|140\/325
|-ability|p1a: Landorus-Therian|Intimidate|[of] p2a: Greninja
|-unboost|p2a: Greninja|atk|1
|turn|13
|
|switch|p2a: Landorus-Therian|Landorus-Therian, M|37\/319
|-damage|p2a: Landorus-Therian|0 fnt|[from] Stealth Rock
|faint|p2a: Landorus-Therian
|move|p1a: Landorus-Therian|U-turn|p2: Landorus-Therian|[notarget]
|-notarget
|
|
|switch|p2a: Rotom-Wash|Rotom-Wash|242\/303
|-damage|p2a: Rotom-Wash|205\/303|[from] Stealth Rock
|turn|14
|
|move|p1a: Landorus-Therian|U-turn|p2a: Rotom-Wash
|-damage|p2a: Rotom-Wash|141\/303
|c| Lucario powa|tmtc<3
|
|switch|p1a: Rotom-Wash|Rotom-Wash|86\/304 brn
|move|p2a: Rotom-Wash|Volt Switch|p1a: Rotom-Wash
|-damage|p1a: Rotom-Wash|10\/304 brn
|
|switch|p2a: Metagross|Metagross, shiny|301\/301
|-damage|p2a: Metagross|283\/301|[from] Stealth Rock
|
|-heal|p1a: Rotom-Wash|29\/304 brn|[from] item: Leftovers
|-damage|p1a: Rotom-Wash|0 fnt|[from] brn
|faint|p1a: Rotom-Wash
|
|switch|p1a: Greninja|Greninja, M|285\/285
|turn|15
|c|âExiline|humm
|
|detailschange|p2a: Metagross|Metagross-Mega, shiny
|message|Metagross has Mega Evolved into Mega Metagross!
|move|p1a: Greninja|Spikes|p2a: Metagross
|-start|p1a: Greninja|typechange|Ground|[from] Protean
|-sidestart|p2: Exiline|Spikes
|move|p2a: Metagross|Meteor Mash|p1a: Greninja
|-damage|p1a: Greninja|0 fnt
|-boost|p2a: Metagross|atk|1
|faint|p1a: Greninja
|
|
|switch|p1a: Landorus-Therian|Landorus-Therian, M|140\/325
|-ability|p1a: Landorus-Therian|Intimidate|[of] p2a: Metagross
|-unboost|p2a: Metagross|atk|1
|turn|16
|c|âExiline|nice
|c|âExiline|u have dark pulse
|c|âExiline|?
|c|âPlanet Hell|no
|c|âExiline|ok ^^'
|
|move|p1a: Landorus-Therian|U-turn|p2a: Metagross
|-damage|p2a: Metagross|216\/301
|
|switch|p1a: Empoleon|Empoleon, M|371\/371
|move|p2a: Metagross|Earthquake|p1a: Empoleon
|-supereffective|p1a: Empoleon
|-damage|p1a: Empoleon|115\/371
|
|-heal|p1a: Empoleon|138\/371|[from] item: Leftovers
|turn|17
|
|move|p2a: Metagross|Earthquake|p1a: Empoleon
|-supereffective|p1a: Empoleon
|-damage|p1a: Empoleon|0 fnt
|faint|p1a: Empoleon
|
|
|switch|p1a: Landorus-Therian|Landorus-Therian, M|140\/325
|-ability|p1a: Landorus-Therian|Intimidate|[of] p2a: Metagross
|-unboost|p2a: Metagross|atk|1
|turn|18
|
|switch|p2a: Empoleon|Empoleon, F|45\/371
|-damage|p2a: Empoleon|22\/371|[from] Stealth Rock
|-damage|p2a: Empoleon|0 fnt|[from] Spikes
|faint|p2a: Empoleon
|move|p1a: Landorus-Therian|U-turn|p2: Empoleon|[notarget]
|-notarget
|
|
|switch|p2a: Rotom-Wash|Rotom-Wash|141\/303
|-damage|p2a: Rotom-Wash|104\/303|[from] Stealth Rock
|turn|19
|
|move|p1a: Landorus-Therian|U-turn|p2a: Rotom-Wash
|-damage|p2a: Rotom-Wash|40\/303
|
|switch|p1a: Metagross|Metagross|302\/302
|move|p2a: Rotom-Wash|Will-O-Wisp|p1a: Metagross|[miss]
|-miss|p2a: Rotom-Wash|p1a: Metagross
|
|-heal|p2a: Rotom-Wash|58\/303|[from] item: Leftovers
|turn|20
|c| Lucario powa|exi
|
|detailschange|p1a: Metagross|Metagross-Mega
|message|Metagross has Mega Evolved into Mega Metagross!
|move|p1a: Metagross|Meteor Mash|p2a: Rotom-Wash|[miss]
|-miss|p1a: Metagross|p2a: Rotom-Wash
|move|p2a: Rotom-Wash|Will-O-Wisp|p1a: Metagross
|-status|p1a: Metagross|brn
|
|-heal|p2a: Rotom-Wash|76\/303|[from] item: Leftovers
|-damage|p1a: Metagross|265\/302 brn|[from] brn
|turn|21
|c|âExiline|oui ?
|-message|Planet Hell forfeited.
|
|win|Exiline
|raw|Ladder updating...
|c| Lucario powa|tu haxx
|leave|Planet Hell
|player|p1
|raw|Planet Hell's rating: 1752 &rarr; <strong>1727<\/strong><br \/>(-25 for losing)
|raw|Exiline's rating: 1652 &rarr; <strong>1677<\/strong><br \/>(+25 for winning)
|c|âExiline|nop
|c|âExiline|je viens juste de miss le mien lol
|c| Lucario powa|osef
|c|âExiline|team miroir FTW
|c| Lucario powa|tu haxx