|join|supermii2
|join|Planet Hell
|player|p1|supermii2|167
|player|p2|Planet Hell|190
|gametype|singles
|gen|6
|tier|OU
|clearpoke
|poke|p1|Latios, M
|poke|p1|Scizor, F
|poke|p1|Rotom-Wash
|poke|p1|Heatran, M
|poke|p1|Venusaur, M
|poke|p1|Kyurem-Black
|poke|p2|Manectric, F
|poke|p2|Landorus-Therian, M
|poke|p2|Bisharp, M
|poke|p2|Diggersby, F
|poke|p2|Keldeo
|poke|p2|Latios, M
|rule|Swagger Clause: Swagger is banned
|rule|Baton Pass Clause: Limit one PokÃ©mon knowing Baton Pass
|rule|Sleep Clause Mod: Limit one foe put to sleep
|rule|Species Clause: Limit one of each PokÃ©mon
|rule|OHKO Clause: OHKO moves are banned
|rule|Moody Clause: Moody is banned
|rule|Evasion Moves Clause: Evasion moves are banned
|rule|Endless Battle Clause: Forcing endless battles is banned
|rule|HP Percentage Mod: HP is shown in percentages
|teampreview
|
|start
|switch|p1a: Kyurem-Black|Kyurem-Black|391\/391
|switch|p2a: Keldeo|Keldeo|323\/323
|-ability|p1a: Kyurem-Black|Teravolt
|turn|1
|
|move|p1a: Kyurem-Black|Ice Beam|p2a: Keldeo
|-resisted|p2a: Keldeo
|-damage|p2a: Keldeo|244\/323
|move|p2a: Keldeo|Scald|p1a: Kyurem-Black
|-resisted|p1a: Kyurem-Black
|-damage|p1a: Kyurem-Black|273\/391
|
|turn|2
|
|switch|p1a: Rotom-Wash|Rotom-Wash|304\/304
|move|p2a: Keldeo|Scald|p1a: Rotom-Wash
|-resisted|p1a: Rotom-Wash
|-damage|p1a: Rotom-Wash|207\/304
|
|-heal|p1a: Rotom-Wash|226\/304|[from] item: Leftovers
|turn|3
|
|switch|p2a: Latios|Latios, M|299\/299
|move|p1a: Rotom-Wash|Volt Switch|p2a: Latios
|-resisted|p2a: Latios
|-damage|p2a: Latios|258\/299
|
|switch|p1a: Scizor|Scizor, F|344\/344
|
|turn|4
|
|move|p2a: Latios|Hidden Power|p1a: Scizor
|-crit|p1a: Scizor
|-supereffective|p1a: Scizor
|-damage|p1a: Scizor|0 fnt
|faint|p1a: Scizor
|
|
|switch|p1a: Kyurem-Black|Kyurem-Black|273\/391
|-ability|p1a: Kyurem-Black|Teravolt
|turn|5
|
|switch|p2a: Bisharp|Bisharp, M|271\/271
|move|p1a: Kyurem-Black|Outrage|p2a: Bisharp
|-resisted|p2a: Bisharp
|-damage|p2a: Bisharp|141\/271
|
|turn|6
|
|move|p1a: Kyurem-Black|Outrage|p2a: Bisharp
|-resisted|p2a: Bisharp
|-damage|p2a: Bisharp|9\/271
|move|p2a: Bisharp|Iron Head|p1a: Kyurem-Black
|-supereffective|p1a: Kyurem-Black
|-damage|p1a: Kyurem-Black|0 fnt
|-damage|p2a: Bisharp|0 fnt|[from] item: Life Orb
|faint|p1a: Kyurem-Black
|faint|p2a: Bisharp
|
|
|switch|p2a: Landorus-Therian|Landorus-Therian, M|381\/381
|switch|p1a: Rotom-Wash|Rotom-Wash|226\/304
|-ability|p2a: Landorus-Therian|Intimidate|[of] p1a: Rotom-Wash
|-unboost|p1a: Rotom-Wash|atk|1
|turn|7
|
|move|p2a: Landorus-Therian|U-turn|p1a: Rotom-Wash
|-damage|p1a: Rotom-Wash|167\/304
|
|switch|p2a: Manectric|Manectric, F|281\/281
|move|p1a: Rotom-Wash|Hydro Pump|p2a: Manectric
|-damage|p2a: Manectric|68\/281
|
|-heal|p1a: Rotom-Wash|186\/304|[from] item: Leftovers
|turn|8
|
|detailschange|p2a: Manectric|Manectric-Mega, F
|-mega|p2a: Manectric|Manectric|Manectite
|-ability|p2a: Manectric|Intimidate|[of] p1a: Rotom-Wash
|-unboost|p1a: Rotom-Wash|atk|1
|move|p2a: Manectric|Thunderbolt|p1a: Rotom-Wash
|-crit|p1a: Rotom-Wash
|-damage|p1a: Rotom-Wash|0 fnt
|faint|p1a: Rotom-Wash
|
|
|switch|p1a: Venusaur|Venusaur, M|302\/302
|turn|9
|
|detailschange|p1a: Venusaur|Venusaur-Mega, M
|-mega|p1a: Venusaur|Venusaur|Venusaurite
|move|p2a: Manectric|Volt Switch|p1a: Venusaur
|-resisted|p1a: Venusaur
|-damage|p1a: Venusaur|245\/302
|
|switch|p2a: Latios|Latios, M|258\/299
|move|p1a: Venusaur|Sludge Bomb|p2a: Latios
|-damage|p2a: Latios|114\/299
|
|turn|10
|
|switch|p1a: Latios|Latios, M|302\/302
|move|p2a: Latios|Trick|p1a: Latios
|-activate|p2a: Latios|move: Trick|[of] p1a: Latios
|-item|p1a: Latios|Choice Scarf|[from] move: Trick
|-item|p2a: Latios|Life Orb|[from] move: Trick
|
|turn|11
|
|move|p1a: Latios|Draco Meteor|p2a: Latios
|-supereffective|p2a: Latios
|-damage|p2a: Latios|0 fnt
|-unboost|p1a: Latios|spa|2
|faint|p2a: Latios
|
|c|âsupermii2|lol thanks
|c|âsupermii2|#OutSped
|
|switch|p2a: Diggersby|Diggersby, F|311\/311
|turn|12
|
|switch|p1a: Heatran|Heatran, M|386\/386
|-item|p1a: Heatran|Air Balloon
|move|p2a: Diggersby|Return|p1a: Heatran
|-resisted|p1a: Heatran
|-damage|p1a: Heatran|253\/386
|-enditem|p1a: Heatran|Air Balloon
|-damage|p2a: Diggersby|280\/311|[from] item: Life Orb
|
|turn|13
|
|switch|p1a: Latios|Latios, M|302\/302
|move|p2a: Diggersby|Earthquake|p1a: Latios
|-immune|p1a: Latios|[msg]
|
|turn|14
|
|switch|p2a: Manectric|Manectric-Mega, F|68\/281
|-ability|p2a: Manectric|Intimidate|[of] p1a: Latios
|-unboost|p1a: Latios|atk|1
|move|p1a: Latios|Draco Meteor|p2a: Manectric
|-damage|p2a: Manectric|0 fnt
|-unboost|p1a: Latios|spa|2
|faint|p2a: Manectric
|
|
|switch|p2a: Diggersby|Diggersby, F|280\/311
|turn|15
|
|switch|p1a: Venusaur|Venusaur-Mega, M|245\/302
|move|p2a: Diggersby|Return|p1a: Venusaur
|-damage|p1a: Venusaur|7\/302
|-damage|p2a: Diggersby|249\/311|[from] item: Life Orb
|
|turn|16
|
|move|p1a: Venusaur|Giga Drain|p2a: Diggersby
|-supereffective|p2a: Diggersby
|-damage|p2a: Diggersby|0 fnt
|-heal|p1a: Venusaur|132\/302|[from] drain|[of] p2a: Diggersby
|faint|p2a: Diggersby
|
|
|switch|p2a: Keldeo|Keldeo|244\/323
|turn|17
|
|move|p2a: Keldeo|Hidden Power|p1a: Venusaur
|-supereffective|p1a: Venusaur
|-damage|p1a: Venusaur|0 fnt
|faint|p1a: Venusaur
|
|
|switch|p1a: Latios|Latios, M|302\/302
|turn|18
|
|move|p1a: Latios|Draco Meteor|p2a: Keldeo
|-damage|p2a: Keldeo|6\/323
|-unboost|p1a: Latios|spa|2
|move|p2a: Keldeo|Hidden Power|p1a: Latios
|-damage|p1a: Latios|207\/302
|
|turn|19
|
|move|p1a: Latios|Draco Meteor|p2a: Keldeo
|-damage|p2a: Keldeo|0 fnt
|-unboost|p1a: Latios|spa|2
|faint|p2a: Keldeo
|
|
|switch|p2a: Landorus-Therian|Landorus-Therian, M|381\/381
|-ability|p2a: Landorus-Therian|Intimidate|[of] p1a: Latios
|-unboost|p1a: Latios|atk|1
|turn|20
|
|switch|p1a: Heatran|Heatran, M|253\/386
|move|p2a: Landorus-Therian|Stealth Rock|p1a: Heatran
|-sidestart|p1: supermii2|move: Stealth Rock
|
|turn|21
|
|move|p2a: Landorus-Therian|Earthquake|p1a: Heatran
|-supereffective|p1a: Heatran
|-damage|p1a: Heatran|0 fnt
|faint|p1a: Heatran
|
|
|switch|p1a: Latios|Latios, M|207\/302
|-damage|p1a: Latios|170\/302|[from] Stealth Rock
|turn|22
|
|move|p1a: Latios|Draco Meteor|p2a: Landorus-Therian
|-damage|p2a: Landorus-Therian|93\/381
|-unboost|p1a: Latios|spa|2
|move|p2a: Landorus-Therian|U-turn|p1a: Latios
|-supereffective|p1a: Latios
|-damage|p1a: Latios|0 fnt
|faint|p1a: Latios
|
|win|Planet Hell