|join|lil manaphy
|join|Braken ToTheStars
Braken ToTheStars turned on modjoin.
|raw|<div class="broadcast-red"><b>Moderated chat was set to +!<\/b><br \/>Only users of rank + and higher can talk.<\/div>
Braken ToTheStars made this room hidden.
|player|p1|lil manaphy|37
|player|p2|Braken ToTheStars|99
|gametype|singles
|gen|6
|tier|OU
|rated
|clearpoke
|poke|p1|Lopunny, F
|poke|p1|Manaphy
|poke|p1|Scizor, M
|poke|p1|Celebi
|poke|p1|Heatran, F
|poke|p1|Mandibuzz, F
|poke|p2|Bisharp, M
|poke|p2|Azumarill, F
|poke|p2|Infernape, M
|poke|p2|Landorus, M
|poke|p2|Manectric, F
|poke|p2|Latios, M
|rule|Swagger Clause: Swagger is banned
|rule|Baton Pass Clause: Limit one PokÃ©mon knowing Baton Pass
|rule|Sleep Clause Mod: Limit one foe put to sleep
|rule|Species Clause: Limit one of each PokÃ©mon
|rule|OHKO Clause: OHKO moves are banned
|rule|Moody Clause: Moody is banned
|rule|Evasion Moves Clause: Evasion moves are banned
|rule|Endless Battle Clause: Forcing endless battles is banned
|rule|HP Percentage Mod: HP is shown in percentages
|teampreview
|
|start
|switch|p1a: Lopunny|Lopunny, F|271\/271
|switch|p2a: Infernape|Infernape, M|262\/262
|turn|1
|
|switch|p2a: Latios|Latios, M|301\/301
|detailschange|p1a: Lopunny|Lopunny-Mega, F
|-mega|p1a: Lopunny|Lopunny|Lopunnite
|move|p1a: Lopunny|Fake Out|p2a: Latios
|-damage|p2a: Latios|205\/301
|
|turn|2
|
|switch|p2a: Infernape|Infernape, M|262\/262
|switch|p1a: Scizor|Scizor, M|343\/343
|
|turn|3
|
|switch|p1a: Mandibuzz|Mandibuzz, F|423\/423
|move|p2a: Infernape|Stealth Rock|p1a: Mandibuzz
|-sidestart|p1: lil manaphy|move: Stealth Rock
|
|turn|4
|
|switch|p2a: Manectric|Manectric, F|281\/281
|move|p1a: Mandibuzz|Foul Play|p2a: Manectric
|-damage|p2a: Manectric|181\/281
|
|turn|5
|
|detailschange|p2a: Manectric|Manectric-Mega, F
|-mega|p2a: Manectric|Manectric|Manectite
|-ability|p2a: Manectric|Intimidate|[of] p1a: Mandibuzz
|-unboost|p1a: Mandibuzz|atk|1
|move|p2a: Manectric|Volt Switch|p1a: Mandibuzz
|-supereffective|p1a: Mandibuzz
|-damage|p1a: Mandibuzz|133\/423
|
|switch|p2a: Azumarill|Azumarill, F|352\/352
|move|p1a: Mandibuzz|Roost|p1a: Mandibuzz
|-heal|p1a: Mandibuzz|345\/423
|
|turn|6
|
|switch|p1a: Heatran|Heatran, F|386\/386
|-damage|p1a: Heatran|338\/386|[from] Stealth Rock
|move|p2a: Azumarill|Knock Off|p1a: Heatran
|-damage|p1a: Heatran|196\/386
|-enditem|p1a: Heatran|Leftovers|[from] move: Knock Off|[of] p2a: Azumarill
|
|turn|7
|
|move|p2a: Azumarill|Aqua Jet|p1a: Heatran
|-supereffective|p1a: Heatran
|-damage|p1a: Heatran|38\/386
|move|p1a: Heatran|Stealth Rock|p2a: Azumarill
|-sidestart|p2: Braken ToTheStars|move: Stealth Rock
|
|turn|8
|
|move|p2a: Azumarill|Aqua Jet|p1a: Heatran
|-supereffective|p1a: Heatran
|-damage|p1a: Heatran|0 fnt
|faint|p1a: Heatran
|
|
|switch|p1a: Scizor|Scizor, M|343\/343
|-damage|p1a: Scizor|301\/343|[from] Stealth Rock
|turn|9
|
|move|p2a: Azumarill|Play Rough|p1a: Scizor
|-crit|p1a: Scizor
|-resisted|p1a: Scizor
|-damage|p1a: Scizor|156\/343
|move|p1a: Scizor|U-turn|p2a: Azumarill
|-resisted|p2a: Azumarill
|-damage|p2a: Azumarill|228\/352
|c|âBraken ToTheStars|o i'm faster sigh
|
|switch|p1a: Lopunny|Lopunny-Mega, F|271\/271
|-damage|p1a: Lopunny|255\/271|[from] Stealth Rock
|
|turn|10
|
|switch|p2a: Infernape|Infernape, M|262\/262
|-damage|p2a: Infernape|230\/262|[from] Stealth Rock
|move|p1a: Lopunny|Return|p2a: Infernape
|-damage|p2a: Infernape|0 fnt
|faint|p2a: Infernape
|
|
|switch|p2a: Latios|Latios, M|205\/301
|-damage|p2a: Latios|168\/301|[from] Stealth Rock
|turn|11
|
|switch|p1a: Celebi|Celebi|404\/404
|-damage|p1a: Celebi|354\/404|[from] Stealth Rock
|move|p2a: Latios|Draco Meteor|p1a: Celebi
|-damage|p1a: Celebi|188\/404
|-unboost|p2a: Latios|spa|2
|
|-heal|p1a: Celebi|213\/404|[from] item: Leftovers
|turn|12
|
|switch|p2a: Bisharp|Bisharp, M|271\/271
|-damage|p2a: Bisharp|255\/271|[from] Stealth Rock
|move|p1a: Celebi|Baton Pass|p1a: Celebi
|
|switch|p1a: Lopunny|Lopunny-Mega, F|255\/271
|-damage|p1a: Lopunny|239\/271|[from] Stealth Rock
|
|turn|13
|
|switch|p2a: Azumarill|Azumarill, F|228\/352
|-damage|p2a: Azumarill|184\/352|[from] Stealth Rock
|move|p1a: Lopunny|Drain Punch|p2a: Azumarill
|-resisted|p2a: Azumarill
|-damage|p2a: Azumarill|100\/352
|-heal|p1a: Lopunny|271\/271|[from] drain|[of] p2a: Azumarill
|-enditem|p2a: Azumarill|Sitrus Berry|[eat]
|-heal|p2a: Azumarill|188\/352|[from] item: Sitrus Berry
|
|turn|14
|
|move|p1a: Lopunny|Return|p2a: Azumarill
|-damage|p2a: Azumarill|0 fnt
|faint|p2a: Azumarill
|
|
|switch|p2a: Latios|Latios, M|168\/301
|-damage|p2a: Latios|131\/301|[from] Stealth Rock
|turn|15
|
|switch|p1a: Scizor|Scizor, M|156\/343
|-damage|p1a: Scizor|114\/343|[from] Stealth Rock
|move|p2a: Latios|Draco Meteor|p1a: Scizor
|-resisted|p1a: Scizor
|-damage|p1a: Scizor|0 fnt
|-unboost|p2a: Latios|spa|2
|faint|p1a: Scizor
|
|
|switch|p1a: Celebi|Celebi|213\/404
|-damage|p1a: Celebi|163\/404|[from] Stealth Rock
|turn|16
|
|switch|p2a: Landorus|Landorus, M|319\/319
|-damage|p2a: Landorus|280\/319|[from] Stealth Rock
|move|p1a: Celebi|Recover|p1a: Celebi
|-heal|p1a: Celebi|365\/404
|
|-heal|p1a: Celebi|390\/404|[from] item: Leftovers
|turn|17
|
|switch|p1a: Mandibuzz|Mandibuzz, F|345\/423
|-damage|p1a: Mandibuzz|240\/423|[from] Stealth Rock
|move|p2a: Landorus|Knock Off|p1a: Mandibuzz
|-resisted|p1a: Mandibuzz
|-damage|p1a: Mandibuzz|195\/423
|-damage|p2a: Landorus|227\/319|[from] item: Rocky Helmet|[of] p1a: Mandibuzz
|-enditem|p1a: Mandibuzz|Rocky Helmet|[from] move: Knock Off|[of] p2a: Landorus
|-damage|p2a: Landorus|196\/319|[from] item: Life Orb
|
|turn|18
|
|switch|p2a: Manectric|Manectric-Mega, F|181\/281
|-damage|p2a: Manectric|146\/281|[from] Stealth Rock
|-ability|p2a: Manectric|Intimidate|[of] p1a: Mandibuzz
|-unboost|p1a: Mandibuzz|atk|1
|move|p1a: Mandibuzz|Roost|p1a: Mandibuzz
|-heal|p1a: Mandibuzz|407\/423
|
|turn|19
|
|switch|p1a: Celebi|Celebi|390\/404
|-damage|p1a: Celebi|340\/404|[from] Stealth Rock
|move|p2a: Manectric|Volt Switch|p1a: Celebi
|-resisted|p1a: Celebi
|-damage|p1a: Celebi|295\/404
|
|switch|p2a: Bisharp|Bisharp, M|255\/271
|-damage|p2a: Bisharp|239\/271|[from] Stealth Rock
|
|-heal|p1a: Celebi|320\/404|[from] item: Leftovers
|turn|20
|
|switch|p1a: Mandibuzz|Mandibuzz, F|407\/423
|-damage|p1a: Mandibuzz|302\/423|[from] Stealth Rock
|move|p2a: Bisharp|Iron Head|p1a: Mandibuzz
|-damage|p1a: Mandibuzz|202\/423
|
|turn|21
|
|move|p2a: Bisharp|Swords Dance|p2a: Bisharp
|-boost|p2a: Bisharp|atk|2
|move|p1a: Mandibuzz|Roost|p1a: Mandibuzz
|-heal|p1a: Mandibuzz|414\/423
|
|turn|22
|
|move|p2a: Bisharp|Iron Head|p1a: Mandibuzz
|-damage|p1a: Mandibuzz|215\/423
|move|p1a: Mandibuzz|Foul Play|p2a: Bisharp
|-resisted|p2a: Bisharp
|-damage|p2a: Bisharp|63\/271
|
|turn|23
|
|move|p2a: Bisharp|Iron Head|p1a: Mandibuzz
|-damage|p1a: Mandibuzz|8\/423
|cant|p1a: Mandibuzz|flinch
|
|turn|24
|c|âBraken ToTheStars|yum
|
|move|p2a: Bisharp|Knock Off|p1a: Mandibuzz
|-resisted|p1a: Mandibuzz
|-damage|p1a: Mandibuzz|0 fnt
|faint|p1a: Mandibuzz
|
|c|âBraken ToTheStars|u played it much better this time mana
|
|switch|p1a: Lopunny|Lopunny-Mega, F|271\/271
|-damage|p1a: Lopunny|255\/271|[from] Stealth Rock
|turn|25
|c|âBraken ToTheStars|still not ogre
|
|move|p2a: Bisharp|Sucker Punch|p1a: Lopunny
|-resisted|p1a: Lopunny
|-damage|p1a: Lopunny|87\/271
|move|p1a: Lopunny|Drain Punch|p2a: Bisharp
|-supereffective|p2a: Bisharp
|-damage|p2a: Bisharp|0 fnt
|-heal|p1a: Lopunny|119\/271|[from] drain|[of] p2a: Bisharp
|faint|p2a: Bisharp
|
|c|âBraken ToTheStars|miscalced with this thing earlier>_>
|
|switch|p2a: Latios|Latios, M|131\/301
|-damage|p2a: Latios|94\/301|[from] Stealth Rock
|turn|26
|
|switch|p1a: small|Manaphy|341\/341
|-damage|p1a: small|299\/341|[from] Stealth Rock
|move|p2a: Latios|Trick|p1a: small
|-activate|p2a: Latios|move: Trick|[of] p1a: small
|-item|p1a: small|Choice Scarf|[from] move: Trick
|-item|p2a: Latios|Leftovers|[from] move: Trick
|
|-heal|p2a: Latios|112\/301|[from] item: Leftovers
|turn|27
|
|move|p1a: small|Scald|p2a: Latios
|-resisted|p2a: Latios
|-damage|p2a: Latios|48\/301
|move|p2a: Latios|Psyshock|p1a: small
|-damage|p1a: small|157\/341
|
|-heal|p2a: Latios|66\/301|[from] item: Leftovers
|turn|28
|
|move|p1a: small|Scald|p2a: Latios
|-resisted|p2a: Latios
|-damage|p2a: Latios|6\/301
|-status|p2a: Latios|brn
|move|p2a: Latios|Draco Meteor|p1a: small
|-damage|p1a: small|0 fnt
|-unboost|p2a: Latios|spa|2
|faint|p1a: small
|
|-heal|p2a: Latios|24\/301 brn|[from] item: Leftovers
|-damage|p2a: Latios|0 fnt|[from] brn
|faint|p2a: Latios
|c|âBraken ToTheStars|eh celebi is p annoying 4 this squad p sure its game
|
|switch|p1a: Lopunny|Lopunny-Mega, F|119\/271
|switch|p2a: Manectric|Manectric-Mega, F|146\/281
|-damage|p2a: Manectric|111\/281|[from] Stealth Rock
|-ability|p2a: Manectric|Intimidate|[of] p1a: Lopunny
|-unboost|p1a: Lopunny|atk|1
|-damage|p1a: Lopunny|103\/271|[from] Stealth Rock
|turn|29
|
|move|p1a: Lopunny|Fake Out|p2a: Manectric
|-damage|p2a: Manectric|51\/281
|cant|p2a: Manectric|flinch
|
|turn|30
|
|switch|p1a: Celebi|Celebi|320\/404
|-damage|p1a: Celebi|270\/404|[from] Stealth Rock
|move|p2a: Manectric|Flamethrower|p1a: Celebi
|-supereffective|p1a: Celebi
|-damage|p1a: Celebi|120\/404
|
|-heal|p1a: Celebi|145\/404|[from] item: Leftovers
|turn|31
|
|move|p2a: Manectric|Flamethrower|p1a: Celebi
|-supereffective|p1a: Celebi
|-damage|p1a: Celebi|0 fnt
|faint|p1a: Celebi
|
|c|âBraken ToTheStars|speed ties it is
|
|switch|p1a: Lopunny|Lopunny-Mega, F|103\/271
|-damage|p1a: Lopunny|87\/271|[from] Stealth Rock
|turn|32
|
|switch|p2a: Landorus|Landorus, M|196\/319
|-damage|p2a: Landorus|157\/319|[from] Stealth Rock
|move|p1a: Lopunny|Return|p2a: Landorus
|-crit|p2a: Landorus
|-damage|p2a: Landorus|0 fnt
|faint|p2a: Landorus
|
|
|switch|p2a: Manectric|Manectric-Mega, F|51\/281
|-damage|p2a: Manectric|16\/281|[from] Stealth Rock
|-ability|p2a: Manectric|Intimidate|[of] p1a: Lopunny
|-unboost|p1a: Lopunny|atk|1
|turn|33
|
|move|p1a: Lopunny|Power-Up Punch|p2a: Manectric
|-damage|p2a: Manectric|0 fnt
|-boost|p1a: Lopunny|atk|1
|faint|p2a: Manectric
|
|win|lil manaphy
|raw|Ladder updating...