|join|Braken ToTheStars
|join|Xenium
|player|p1|Braken ToTheStars|99
|player|p2|Xenium|29
|gametype|singles
|gen|6
|tier|OU
|rated
|clearpoke
|poke|p1|Talonflame, F
|poke|p1|Clefable, F
|poke|p1|Manectric, M
|poke|p1|Starmie
|poke|p1|Ferrothorn, F
|poke|p1|Gliscor, F
|poke|p2|Sableye, M
|poke|p2|Rotom-Wash
|poke|p2|Latios, M
|poke|p2|Landorus, M
|poke|p2|Jirachi
|poke|p2|Heatran, M
|rule|Swagger Clause: Swagger is banned
|rule|Baton Pass Clause: Limit one PokÃ©mon knowing Baton Pass
|rule|Sleep Clause Mod: Limit one foe put to sleep
|rule|Species Clause: Limit one of each PokÃ©mon
|rule|OHKO Clause: OHKO moves are banned
|rule|Moody Clause: Moody is banned
|rule|Evasion Moves Clause: Evasion moves are banned
|rule|Endless Battle Clause: Forcing endless battles is banned
|rule|HP Percentage Mod: HP is shown in percentages
|teampreview
|
|start
|switch|p1a: Clefable|Clefable, F|394\/394
|switch|p2a: Latios|Latios, M|301\/301
|turn|1
|
|switch|p2a: Jirachi|Jirachi|403\/403
|switch|p1a: Gliscor|Gliscor, F|352\/352
|
|-status|p1a: Gliscor|tox|[from] item: Toxic Orb
|turn|2
|
|move|p1a: Gliscor|Toxic|p2a: Jirachi
|-fail|p2a: Jirachi
|move|p2a: Jirachi|Stealth Rock|p1a: Gliscor
|-sidestart|p1: Braken ToTheStars|move: Stealth Rock
|
|turn|3
|
|switch|p2a: Rotom-Wash|Rotom-Wash|303\/303
|move|p1a: Gliscor|Toxic|p2a: Rotom-Wash
|-status|p2a: Rotom-Wash|tox
|
|-damage|p2a: Rotom-Wash|285\/303 tox|[from] psn
|turn|4
|
|switch|p1a: Ferrothorn|Ferrothorn, F|352\/352
|-damage|p1a: Ferrothorn|330\/352|[from] Stealth Rock
|switch|p2a: Sableye|Sableye, M|303\/303
|
|-heal|p1a: Ferrothorn|352\/352|[from] item: Leftovers
|turn|5
|
|switch|p1a: Clefable|Clefable, F|394\/394
|detailschange|p2a: Sableye|Sableye-Mega, M
|-mega|p2a: Sableye|Sableye|Sablenite
|move|p2a: Sableye|Mean Look|p1a: Clefable
|-activate|p1a: Clefable|trapped
|
|turn|6
|
|switch|p2a: Heatran|Heatran, M|377\/377
|move|p1a: Clefable|Moonblast|p2a: Heatran
|-resisted|p2a: Heatran
|-damage|p2a: Heatran|356\/377
|
|-heal|p2a: Heatran|377\/377|[from] item: Leftovers
|turn|7
|
|switch|p1a: Starmie|Starmie|323\/323
|-damage|p1a: Starmie|283\/323|[from] Stealth Rock
|move|p2a: Heatran|Lava Plume|p1a: Starmie
|-resisted|p1a: Starmie
|-damage|p1a: Starmie|214\/323
|-status|p1a: Starmie|brn
|
|-heal|p1a: Starmie|234\/323 brn|[from] item: Leftovers
|-damage|p1a: Starmie|194\/323 brn|[from] brn
|turn|8
|
|switch|p2a: Sableye|Sableye-Mega, M|303\/303
|move|p1a: Starmie|Scald|p2a: Sableye
|-damage|p2a: Sableye|219\/303
|
|-heal|p1a: Starmie|214\/323 brn|[from] item: Leftovers
|-damage|p1a: Starmie|174\/323 brn|[from] brn
|turn|9
|
|switch|p1a: Clefable|Clefable, F|394\/394
|switch|p2a: Landorus|Landorus, M|319\/319
|
|turn|10
|
|move|p2a: Landorus|Psychic|p1a: Clefable
|-damage|p1a: Clefable|185\/394
|move|p1a: Clefable|Calm Mind|p1a: Clefable
|-boost|p1a: Clefable|spa|1
|-boost|p1a: Clefable|spd|1
|
|-heal|p1a: Clefable|209\/394|[from] item: Leftovers
|turn|11
|
|move|p2a: Landorus|Knock Off|p1a: Clefable
|-resisted|p1a: Clefable
|-damage|p1a: Clefable|149\/394
|-enditem|p1a: Clefable|Leftovers|[from] move: Knock Off|[of] p2a: Landorus
|-damage|p2a: Landorus|288\/319|[from] item: Life Orb
|move|p1a: Clefable|Soft-Boiled|p1a: Clefable
|-heal|p1a: Clefable|346\/394
|
|turn|12
|
|switch|p2a: Heatran|Heatran, M|377\/377
|switch|p1a: Starmie|Starmie|174\/323
|-damage|p1a: Starmie|134\/323|[from] Stealth Rock
|
|-heal|p1a: Starmie|154\/323|[from] item: Leftovers
|turn|13
|
|move|p1a: Starmie|Scald|p2a: Heatran
|-supereffective|p2a: Heatran
|-damage|p2a: Heatran|227\/377
|move|p2a: Heatran|Toxic|p1a: Starmie
|-status|p1a: Starmie|tox
|
|-heal|p1a: Starmie|174\/323 tox|[from] item: Leftovers
|-heal|p2a: Heatran|250\/377|[from] item: Leftovers
|-damage|p1a: Starmie|154\/323 tox|[from] psn
|turn|14
|
|move|p1a: Starmie|Recover|p1a: Starmie
|-heal|p1a: Starmie|316\/323 tox
|move|p2a: Heatran|Taunt|p1a: Starmie
|-start|p1a: Starmie|move: Taunt
|
|-heal|p1a: Starmie|323\/323 tox|[from] item: Leftovers
|-heal|p2a: Heatran|273\/377|[from] item: Leftovers
|-damage|p1a: Starmie|283\/323 tox|[from] psn
|turn|15
|
|switch|p1a: Gliscor|Gliscor, F|352\/352 tox
|-damage|p1a: Gliscor|308\/352 tox|[from] Stealth Rock
|switch|p2a: Sableye|Sableye-Mega, M|219\/303
|
|-heal|p1a: Gliscor|352\/352 tox|[from] ability: Poison Heal
|turn|16
|
|move|p1a: Gliscor|Earthquake|p2a: Sableye
|-damage|p2a: Sableye|141\/303
|move|p2a: Sableye|Mean Look|p1a: Gliscor
|-activate|p1a: Gliscor|trapped
|
|turn|17
|
|move|p1a: Gliscor|Earthquake|p2a: Sableye
|-damage|p2a: Sableye|68\/303
|move|p2a: Sableye|Recover|p2a: Sableye
|-heal|p2a: Sableye|220\/303
|
|turn|18
|
|move|p1a: Gliscor|Earthquake|p2a: Sableye
|-damage|p2a: Sableye|144\/303
|move|p2a: Sableye|Recover|p2a: Sableye
|-heal|p2a: Sableye|296\/303
|
|turn|19
|
|move|p1a: Gliscor|Toxic|p2a: Sableye
|move|p2a: Sableye|Toxic|p1a: Gliscor|[from]Magic Bounce
|-fail|p1a: Gliscor|tox
|move|p2a: Sableye|Foul Play|p1a: Gliscor
|-damage|p1a: Gliscor|276\/352 tox
|
|-heal|p1a: Gliscor|320\/352 tox|[from] ability: Poison Heal
|turn|20
|
|move|p1a: Gliscor|Toxic|p2a: Sableye
|move|p2a: Sableye|Toxic|p1a: Gliscor|[from]Magic Bounce
|-fail|p1a: Gliscor|tox
|move|p2a: Sableye|Foul Play|p1a: Gliscor
|-damage|p1a: Gliscor|244\/352 tox
|
|-heal|p1a: Gliscor|288\/352 tox|[from] ability: Poison Heal
|turn|21
|
|switch|p2a: Rotom-Wash|Rotom-Wash|285\/303 tox
|move|p1a: Gliscor|Earthquake|p2a: Rotom-Wash
|-immune|p2a: Rotom-Wash|[msg]
|
|-heal|p2a: Rotom-Wash|303\/303 tox|[from] item: Leftovers
|-heal|p1a: Gliscor|332\/352 tox|[from] ability: Poison Heal
|-damage|p2a: Rotom-Wash|285\/303 tox|[from] psn
|turn|22
|
|switch|p1a: Ferrothorn|Ferrothorn, F|352\/352
|-damage|p1a: Ferrothorn|330\/352|[from] Stealth Rock
|move|p2a: Rotom-Wash|Hydro Pump|p1a: Ferrothorn
|-crit|p1a: Ferrothorn
|-resisted|p1a: Ferrothorn
|-damage|p1a: Ferrothorn|257\/352
|
|-heal|p2a: Rotom-Wash|303\/303 tox|[from] item: Leftovers
|-heal|p1a: Ferrothorn|279\/352|[from] item: Leftovers
|-damage|p2a: Rotom-Wash|267\/303 tox|[from] psn
|turn|23
|
|move|p2a: Rotom-Wash|Volt Switch|p1a: Ferrothorn
|-resisted|p1a: Ferrothorn
|-damage|p1a: Ferrothorn|247\/352
|
|switch|p2a: Sableye|Sableye-Mega, M|296\/303
|move|p1a: Ferrothorn|Power Whip|p2a: Sableye
|-damage|p2a: Sableye|206\/303
|
|-heal|p1a: Ferrothorn|269\/352|[from] item: Leftovers
|turn|24
|
|switch|p1a: Talonflame|Talonflame, F|359\/359
|-damage|p1a: Talonflame|180\/359|[from] Stealth Rock
|switch|p2a: Landorus|Landorus, M|288\/319
|
|-heal|p1a: Talonflame|202\/359|[from] item: Leftovers
|turn|25
|
|move|p1a: Talonflame|Will-O-Wisp|p2a: Landorus
|-status|p2a: Landorus|brn
|move|p2a: Landorus|Earth Power|p1a: Talonflame
|-immune|p1a: Talonflame|[msg]
|
|-heal|p1a: Talonflame|224\/359|[from] item: Leftovers
|-damage|p2a: Landorus|249\/319 brn|[from] brn
|turn|26
|
|switch|p1a: Starmie|Starmie|283\/323
|-damage|p1a: Starmie|243\/323|[from] Stealth Rock
|move|p2a: Landorus|Earth Power|p1a: Starmie
|-damage|p1a: Starmie|0 fnt
|faint|p1a: Starmie
|
|-damage|p2a: Landorus|210\/319 brn|[from] brn
|-message|Braken ToTheStars forfeited.
|leave|Braken ToTheStars
|
|win|Xenium
|raw|Ladder updating...
|player|p1
|raw|Braken ToTheStars's rating: 1573 &rarr; <strong>1551<\/strong><br \/>(-22 for losing)
|raw|Xenium's rating: 1533 &rarr; <strong>1555<\/strong><br \/>(+22 for winning)