|join|Braken ToTheStars
|join|tester1011001
|player|p1|Braken ToTheStars|99
|player|p2|tester1011001|169
|gametype|singles
|gen|6
|tier|OU
|rated
|clearpoke
|poke|p1|Victini
|poke|p1|Keldeo-Resolute
|poke|p1|Bisharp, M, shiny
|poke|p1|Lopunny, F, shiny
|poke|p1|Azumarill, M
|poke|p1|Latios, M
|poke|p2|Lopunny, F
|poke|p2|Ferrothorn, M
|poke|p2|Landorus-Therian, M
|poke|p2|Manaphy
|poke|p2|Latias, F
|poke|p2|Heatran, F
|rule|Swagger Clause: Swagger is banned
|rule|Baton Pass Clause: Limit one PokÃ©mon knowing Baton Pass
|rule|Sleep Clause Mod: Limit one foe put to sleep
|rule|Species Clause: Limit one of each PokÃ©mon
|rule|OHKO Clause: OHKO moves are banned
|rule|Moody Clause: Moody is banned
|rule|Evasion Moves Clause: Evasion moves are banned
|rule|Endless Battle Clause: Forcing endless battles is banned
|rule|HP Percentage Mod: HP is shown in percentages
|teampreview
|
|start
|switch|p1a: Playboy|Lopunny, F, shiny|271\/271
|switch|p2a: Lopunny|Lopunny, F|272\/272
|turn|1
|c|âtester1011001|gl!
|
|detailschange|p1a: Playboy|Lopunny-Mega, F, shiny
|-mega|p1a: Playboy|Lopunny|Lopunnite
|detailschange|p2a: Lopunny|Lopunny-Mega, F
|-mega|p2a: Lopunny|Lopunny|Lopunnite
|move|p2a: Lopunny|Fake Out|p1a: Playboy
|-crit|p1a: Playboy
|-damage|p1a: Playboy|147\/271
|cant|p1a: Playboy|flinch
|
|turn|2
|
|switch|p2a: Landorus-Therian|Landorus-Therian, M|382\/382
|-ability|p2a: Landorus-Therian|Intimidate|[of] p1a: Playboy
|-unboost|p1a: Playboy|atk|1
|move|p1a: Playboy|High Jump Kick|p2a: Landorus-Therian
|-resisted|p2a: Landorus-Therian
|-damage|p2a: Landorus-Therian|320\/382
|
|-heal|p2a: Landorus-Therian|343\/382|[from] item: Leftovers
|turn|3
|c|âBraken ToTheStars|u2
|
|move|p1a: Playboy|Ice Punch|p2a: Landorus-Therian
|-supereffective|p2a: Landorus-Therian
|-damage|p2a: Landorus-Therian|163\/382
|-status|p2a: Landorus-Therian|frz
|-curestatus|p2a: Landorus-Therian|frz
|move|p2a: Landorus-Therian|U-turn|p1a: Playboy
|-resisted|p1a: Playboy
|-damage|p1a: Playboy|106\/271
|c|âtester1011001|lol
|c|âtester1011001|its messing with me
|
|switch|p2a: Lopunny|Lopunny-Mega, F|272\/272
|
|turn|4
|
|switch|p1a: Pwny|Keldeo-Resolute|323\/323
|move|p2a: Lopunny|Return|p1a: Pwny
|-damage|p1a: Pwny|104\/323
|
|turn|5
|
|switch|p1a: Prioritize|Bisharp, M, shiny|271\/271
|switch|p2a: Latias|Latias, F|301\/301
|
|turn|6
|
|switch|p2a: Heatran|Heatran, F|385\/385
|move|p1a: Prioritize|Stealth Rock|p2a: Heatran
|-sidestart|p2: tester1011001|move: Stealth Rock
|
|turn|7
|
|move|p1a: Prioritize|Knock Off|p2a: Heatran
|-damage|p2a: Heatran|216\/385
|-enditem|p2a: Heatran|Leftovers|[from] move: Knock Off|[of] p1a: Prioritize
|move|p2a: Heatran|Lava Plume|p1a: Prioritize
|-supereffective|p1a: Prioritize
|-enditem|p1a: Prioritize|Focus Sash
|-damage|p1a: Prioritize|1\/271
|
|turn|8
|
|move|p1a: Prioritize|Knock Off|p2a: Heatran
|-damage|p2a: Heatran|87\/385
|move|p2a: Heatran|Lava Plume|p1a: Prioritize
|-supereffective|p1a: Prioritize
|-damage|p1a: Prioritize|0 fnt
|faint|p1a: Prioritize
|
|
|switch|p1a: Playboy|Lopunny-Mega, F, shiny|106\/271
|turn|9
|
|move|p2a: Heatran|Protect|p2a: Heatran
|-singleturn|p2a: Heatran|Protect
|move|p1a: Playboy|Fake Out|p2a: Heatran
|-activate|p2a: Heatran|Protect
|
|turn|10
|
|move|p2a: Heatran|Protect|p2a: Heatran
|-singleturn|p2a: Heatran|Protect
|move|p1a: Playboy|High Jump Kick|p2a: Heatran
|-activate|p2a: Heatran|Protect
|-damage|p1a: Playboy|0 fnt|[from] highjumpkick
|faint|p1a: Playboy
|
|
|switch|p1a: AC130|Latios, M|301\/301
|turn|11
|
|move|p1a: AC130|Earthquake|p2a: Heatran
|-supereffective|p2a: Heatran
|-damage|p2a: Heatran|0 fnt
|-damage|p1a: AC130|271\/301|[from] item: Life Orb
|faint|p2a: Heatran
|
|
|switch|p2a: Lopunny|Lopunny-Mega, F|272\/272
|-damage|p2a: Lopunny|255\/272|[from] Stealth Rock
|turn|12
|
|move|p2a: Lopunny|Fake Out|p1a: AC130
|-damage|p1a: AC130|174\/301
|cant|p1a: AC130|flinch
|
|turn|13
|
|move|p2a: Lopunny|Return|p1a: AC130
|-damage|p1a: AC130|0 fnt
|faint|p1a: AC130
|
|
|switch|p1a: Destructo Disc|Victini|341\/341
|turn|14
|
|switch|p2a: Landorus-Therian|Landorus-Therian, M|163\/382
|-damage|p2a: Landorus-Therian|116\/382|[from] Stealth Rock
|-ability|p2a: Landorus-Therian|Intimidate|[of] p1a: Destructo Disc
|-unboost|p1a: Destructo Disc|atk|1
|move|p1a: Destructo Disc|V-create|p2a: Landorus-Therian
|-damage|p2a: Landorus-Therian|0 fnt
|-unboost|p1a: Destructo Disc|def|1
|-unboost|p1a: Destructo Disc|spd|1
|-unboost|p1a: Destructo Disc|spe|1
|faint|p2a: Landorus-Therian
|
|
|switch|p2a: Latias|Latias, F|301\/301
|-damage|p2a: Latias|264\/301|[from] Stealth Rock
|turn|15
|
|switch|p1a: Water Bomb|Azumarill, M|348\/348
|move|p2a: Latias|Psyshock|p1a: Water Bomb
|-damage|p1a: Water Bomb|145\/348
|-damage|p2a: Latias|234\/301|[from] item: Life Orb
|-enditem|p1a: Water Bomb|Sitrus Berry|[eat]
|-heal|p1a: Water Bomb|232\/348|[from] item: Sitrus Berry
|
|turn|16
|
|switch|p1a: Destructo Disc|Victini|341\/341
|move|p2a: Latias|Psyshock|p1a: Destructo Disc
|-resisted|p1a: Destructo Disc
|-damage|p1a: Destructo Disc|253\/341
|-damage|p2a: Latias|204\/301|[from] item: Life Orb
|
|turn|17
|
|switch|p1a: Water Bomb|Azumarill, M|232\/348
|move|p2a: Latias|Draco Meteor|p1a: Water Bomb
|-immune|p1a: Water Bomb|[msg]
|
|turn|18
|
|move|p2a: Latias|Psyshock|p1a: Water Bomb
|-damage|p1a: Water Bomb|21\/348
|-damage|p2a: Latias|174\/301|[from] item: Life Orb
|move|p1a: Water Bomb|Knock Off|p2a: Latias
|-supereffective|p2a: Latias
|-damage|p2a: Latias|0 fnt
|-enditem|p2a: Latias|Life Orb|[from] move: Knock Off|[of] p1a: Water Bomb
|faint|p2a: Latias
|
|
|switch|p2a: Lopunny|Lopunny-Mega, F|255\/272
|-damage|p2a: Lopunny|238\/272|[from] Stealth Rock
|turn|19
|
|move|p2a: Lopunny|Fake Out|p1a: Water Bomb
|-damage|p1a: Water Bomb|0 fnt
|faint|p1a: Water Bomb
|
|
|switch|p1a: Pwny|Keldeo-Resolute|104\/323
|turn|20
|
|switch|p2a: Ferrothorn|Ferrothorn, M|352\/352
|-damage|p2a: Ferrothorn|330\/352|[from] Stealth Rock
|move|p1a: Pwny|Secret Sword|p2a: Ferrothorn
|-supereffective|p2a: Ferrothorn
|-damage|p2a: Ferrothorn|84\/352
|
|-heal|p2a: Ferrothorn|106\/352|[from] item: Leftovers
|turn|21
|
|move|p1a: Pwny|Secret Sword|p2a: Ferrothorn
|-supereffective|p2a: Ferrothorn
|-damage|p2a: Ferrothorn|0 fnt
|faint|p2a: Ferrothorn
|
|
|switch|p2a: Lopunny|Lopunny-Mega, F|238\/272
|-damage|p2a: Lopunny|221\/272|[from] Stealth Rock
|turn|22
|
|move|p2a: Lopunny|Fake Out|p1a: Pwny
|-damage|p1a: Pwny|22\/323
|cant|p1a: Pwny|flinch
|
|turn|23
|
|switch|p2a: Manaphy|Manaphy|365\/365
|-damage|p2a: Manaphy|320\/365|[from] Stealth Rock
|move|p1a: Pwny|Secret Sword|p2a: Manaphy
|-damage|p2a: Manaphy|158\/365
|
|-heal|p2a: Manaphy|180\/365|[from] item: Leftovers
|turn|24
|
|switch|p1a: Destructo Disc|Victini|253\/341
|move|p2a: Manaphy|Scald|p1a: Destructo Disc
|-supereffective|p1a: Destructo Disc
|-damage|p1a: Destructo Disc|5\/341
|
|-heal|p2a: Manaphy|202\/365|[from] item: Leftovers
|turn|25
|c|âtester1011001|fuck
|
|move|p1a: Destructo Disc|Bolt Strike|p2a: Manaphy
|-supereffective|p2a: Manaphy
|-damage|p2a: Manaphy|0 fnt
|faint|p2a: Manaphy
|
|c|âBraken ToTheStars|your fault for not keeping lati and giving me this chance
|c|âtester1011001|yeah
|
|switch|p2a: Lopunny|Lopunny-Mega, F|221\/272
|-damage|p2a: Lopunny|204\/272|[from] Stealth Rock
|turn|26
|
|move|p2a: Lopunny|Return|p1a: Destructo Disc
|-damage|p1a: Destructo Disc|0 fnt
|faint|p1a: Destructo Disc
|
|
|switch|p1a: Pwny|Keldeo-Resolute|22\/323
|turn|27
|c|âBraken ToTheStars|gg
|c|âtester1011001|gg sir
|
|move|p1a: Pwny|Secret Sword|p2a: Lopunny
|-supereffective|p2a: Lopunny
|-damage|p2a: Lopunny|0 fnt
|faint|p2a: Lopunny
|
|win|Braken ToTheStars
|raw|Ladder updating...
|raw|Braken ToTheStars's rating: 1577 &rarr; <strong>1600<\/strong><br \/>(+23 for winning)
|raw|tester1011001's rating: 1617 &rarr; <strong>1595<\/strong><br \/>(-22 for losing)
|leave|Braken ToTheStars
|player|p1