|join|ZBEN
|join|Omar EC
|player|p1|ZBEN|144
|player|p2|Omar EC|281
|gametype|singles
|gen|6
|tier|UU
|rated
|rule|Sleep Clause Mod: Limit one foe put to sleep
|rule|Species Clause: Limit one of each PokÃ©mon
|rule|OHKO Clause: OHKO moves are banned
|rule|Moody Clause: Moody is banned
|rule|Evasion Moves Clause: Evasion moves are banned
|rule|Endless Battle Clause: Forcing endless battles is banned
|rule|HP Percentage Mod: HP is shown in percentages
|clearpoke
|poke|p1|Suicune, shiny
|poke|p1|Gligar, F
|poke|p1|Umbreon, M, shiny
|poke|p1|Goodra, F
|poke|p1|Arcanine, M
|poke|p1|Jirachi
|poke|p2|Beedrill, F
|poke|p2|Vaporeon, F
|poke|p2|Zygarde
|poke|p2|Blissey, F
|poke|p2|Forretress, M
|poke|p2|Crobat, F
|rule|Swagger Clause: Swagger is banned
|rule|Baton Pass Clause: Limit one PokÃ©mon knowing Baton Pass
|teampreview
|
|start
|switch|p1a: Goodra|Goodra, F|384\/384
|switch|p2a: Beedrill|Beedrill, F|271\/271
|turn|1
|
|switch|p1a: Arcanine|Arcanine, M|384\/384
|-ability|p1a: Arcanine|Intimidate|[of] p2a: Beedrill
|-unboost|p2a: Beedrill|atk|1
|detailschange|p2a: Beedrill|Beedrill-Mega, F
|-mega|p2a: Beedrill|Beedrill|Beedrillite
|move|p2a: Beedrill|Protect|p2a: Beedrill
|-fail|p2a: Beedrill
|
|turn|2
|
|move|p2a: Beedrill|Knock Off|p1a: Arcanine
|-crit|p1a: Arcanine
|-damage|p1a: Arcanine|200\/384
|-damage|p2a: Beedrill|226\/271|[from] item: Rocky Helmet|[of] p1a: Arcanine
|-enditem|p1a: Arcanine|Rocky Helmet|[from] move: Knock Off|[of] p2a: Beedrill
|move|p1a: Arcanine|Will-O-Wisp|p2a: Beedrill
|-status|p2a: Beedrill|brn
|
|-damage|p2a: Beedrill|193\/271 brn|[from] brn
|turn|3
|
|move|p2a: Beedrill|U-turn|p1a: Arcanine
|-resisted|p1a: Arcanine
|-damage|p1a: Arcanine|173\/384
|
|switch|p2a: Vaporeon|Vaporeon, F|464\/464
|move|p1a: Arcanine|Morning Sun|p1a: Arcanine
|-heal|p1a: Arcanine|365\/384
|
|turn|4
|
|switch|p1a: Goodra|Goodra, F|384\/384
|move|p2a: Vaporeon|Heal Bell|p2a: Vaporeon
|-cureteam|p2a: Vaporeon|[from] move: HealBell
|
|turn|5
|
|switch|p2a: Blissey|Blissey, F|714\/714
|move|p1a: Goodra|Curse|p1a: Goodra
|-boost|p1a: Goodra|atk|1
|-boost|p1a: Goodra|def|1
|-unboost|p1a: Goodra|spe|1
|
|turn|6
|
|move|p2a: Blissey|Toxic|p1a: Goodra
|-status|p1a: Goodra|tox
|move|p1a: Goodra|Curse|p1a: Goodra
|-boost|p1a: Goodra|atk|1
|-boost|p1a: Goodra|def|1
|-unboost|p1a: Goodra|spe|1
|
|-damage|p1a: Goodra|360\/384 tox|[from] psn
|turn|7
|
|switch|p2a: Forretress|Forretress, M|354\/354
|move|p1a: Goodra|Curse|p1a: Goodra
|-boost|p1a: Goodra|atk|1
|-boost|p1a: Goodra|def|1
|-unboost|p1a: Goodra|spe|1
|
|-heal|p1a: Goodra|384\/384 tox|[from] item: Leftovers
|-damage|p1a: Goodra|336\/384 tox|[from] psn
|turn|8
|
|move|p2a: Forretress|Stealth Rock|p1a: Goodra
|-sidestart|p1: ZBEN|move: Stealth Rock
|move|p1a: Goodra|Curse|p1a: Goodra
|-boost|p1a: Goodra|atk|1
|-boost|p1a: Goodra|def|1
|-unboost|p1a: Goodra|spe|1
|
|-heal|p1a: Goodra|360\/384 tox|[from] item: Leftovers
|-damage|p1a: Goodra|288\/384 tox|[from] psn
|turn|9
|
|move|p2a: Forretress|Volt Switch|p1a: Goodra
|-resisted|p1a: Goodra
|-damage|p1a: Goodra|279\/384 tox
|
|switch|p2a: Vaporeon|Vaporeon, F|464\/464
|move|p1a: Goodra|Rest|p1a: Goodra
|-status|p1a: Goodra|slp
|-heal|p1a: Goodra|384\/384 slp|[silent]
|-status|p1a: Goodra|slp|[from] move: Rest
|
|turn|10
|-message|Omar EC forfeited.
|leave|Omar EC
|
|move|p2a: Vaporeon|Ice Beam|p1a: Goodra
|-supereffective|p1a: Goodra
|-damage|p1a: Goodra|298\/384 slp
|cant|p1a: Goodra|slp
|move|p1a: Goodra|Sleep Talk|p1a: Goodra
|move|p1a: Goodra|Dragon Tail|p2a: Vaporeon|[from]Sleep Talk
|-crit|p2a: Vaporeon
|-damage|p2a: Vaporeon|148\/464
|drag|p2a: Crobat|Crobat, F|374\/374
|
|-heal|p1a: Goodra|322\/384 slp|[from] item: Leftovers
|turn|11
|
|win|ZBEN
|raw|Ladder updating...
|raw|ZBEN's rating: 1470 &rarr; <strong>1481<\/strong><br \/>(+11 for winning)
|raw|Omar EC's rating: 1306 &rarr; <strong>1295<\/strong><br \/>(-11 for losing)
|player|p2