|join|Donkii
|join|ZBEN
|player|p1|Donkii|239
|player|p2|ZBEN|144
|gametype|singles
|gen|6
|tier|UU
|rated
|rule|Sleep Clause Mod: Limit one foe put to sleep
|rule|Species Clause: Limit one of each PokÃ©mon
|rule|OHKO Clause: OHKO moves are banned
|rule|Moody Clause: Moody is banned
|rule|Evasion Moves Clause: Evasion moves are banned
|rule|Endless Battle Clause: Forcing endless battles is banned
|rule|HP Percentage Mod: HP is shown in percentages
|clearpoke
|poke|p1|Nidoking, M, shiny
|poke|p1|Aerodactyl, M
|poke|p1|Hydreigon, M
|poke|p1|Empoleon, F
|poke|p1|Cofagrigus, M, shiny
|poke|p1|Whimsicott, F
|poke|p2|Suicune, shiny
|poke|p2|Gligar, F
|poke|p2|Umbreon, F, shiny
|poke|p2|Goodra, F
|poke|p2|Arcanine, M
|poke|p2|Jirachi
|rule|Swagger Clause: Swagger is banned
|rule|Baton Pass Clause: Limit one PokÃ©mon knowing Baton Pass
|teampreview
|
|start
|switch|p1a: Hydreigon|Hydreigon, M|325\/325
|switch|p2a: Jirachi|Jirachi|341\/341
|turn|1
|
|move|p2a: Jirachi|U-turn|p1a: Hydreigon
|-supereffective|p1a: Hydreigon
|-damage|p1a: Hydreigon|181\/325
|
|switch|p2a: Gligar|Gligar, F|334\/334
|move|p1a: Hydreigon|Dark Pulse|p2a: Gligar
|-damage|p2a: Gligar|252\/334
|
|turn|2
|
|move|p1a: Hydreigon|Taunt|p2a: Gligar
|-start|p2a: Gligar|move: Taunt
|move|p2a: Gligar|Knock Off|p1a: Hydreigon
|-resisted|p1a: Hydreigon
|-damage|p1a: Hydreigon|148\/325
|-enditem|p1a: Hydreigon|Draco Plate|[from] move: Knock Off|[of] p2a: Gligar
|
|turn|3
|
|switch|p2a: Umbreon|Umbreon, F, shiny|394\/394
|move|p1a: Hydreigon|Roost|p1a: Hydreigon
|-heal|p1a: Hydreigon|311\/325
|
|turn|4
|
|switch|p2a: Jirachi|Jirachi|341\/341
|move|p1a: Hydreigon|Taunt|p2a: Jirachi
|-start|p2a: Jirachi|move: Taunt
|
|turn|5
|
|switch|p1a: Empoleon|Empoleon, F|371\/371
|move|p2a: Jirachi|Iron Head|p1a: Empoleon
|-resisted|p1a: Empoleon
|-damage|p1a: Empoleon|344\/371
|
|-heal|p1a: Empoleon|367\/371|[from] item: Leftovers
|turn|6
|
|switch|p2a: Gligar|Gligar, F|252\/334
|move|p1a: Empoleon|Stealth Rock|p2a: Gligar
|-sidestart|p2: ZBEN|move: Stealth Rock
|
|-heal|p1a: Empoleon|371\/371|[from] item: Leftovers
|turn|7
|
|move|p2a: Gligar|Roost|p2a: Gligar
|-heal|p2a: Gligar|334\/334
|move|p1a: Empoleon|Scald|p2a: Gligar
|-supereffective|p2a: Gligar
|-damage|p2a: Gligar|206\/334
|
|turn|8
|
|move|p2a: Gligar|Knock Off|p1a: Empoleon
|-damage|p1a: Empoleon|320\/371
|-enditem|p1a: Empoleon|Leftovers|[from] move: Knock Off|[of] p2a: Gligar
|move|p1a: Empoleon|Scald|p2a: Gligar
|-supereffective|p2a: Gligar
|-damage|p2a: Gligar|66\/334
|
|turn|9
|
|move|p2a: Gligar|Roost|p2a: Gligar
|-heal|p2a: Gligar|233\/334
|move|p1a: Empoleon|Scald|p2a: Gligar
|-supereffective|p2a: Gligar
|-damage|p2a: Gligar|105\/334
|
|turn|10
|
|switch|p2a: Suicune|Suicune, shiny|404\/404
|-damage|p2a: Suicune|354\/404|[from] Stealth Rock
|-ability|p2a: Suicune|Pressure
|move|p1a: Empoleon|Scald|p2a: Suicune
|-resisted|p2a: Suicune
|-damage|p2a: Suicune|314\/404
|
|-heal|p2a: Suicune|339\/404|[from] item: Leftovers
|turn|11
|
|move|p2a: Suicune|Ice Beam|p1a: Empoleon
|-resisted|p1a: Empoleon
|-damage|p1a: Empoleon|307\/371
|move|p1a: Empoleon|Toxic|p2a: Suicune
|-status|p2a: Suicune|tox
|
|-heal|p2a: Suicune|364\/404 tox|[from] item: Leftovers
|-damage|p2a: Suicune|339\/404 tox|[from] psn
|turn|12
|
|switch|p1a: Hydreigon|Hydreigon, M|311\/325
|move|p2a: Suicune|Scald|p1a: Hydreigon
|-resisted|p1a: Hydreigon
|-damage|p1a: Hydreigon|263\/325
|
|-heal|p2a: Suicune|364\/404 tox|[from] item: Leftovers
|-damage|p2a: Suicune|314\/404 tox|[from] psn
|turn|13
|
|switch|p2a: Jirachi|Jirachi|341\/341
|-damage|p2a: Jirachi|320\/341|[from] Stealth Rock
|move|p1a: Hydreigon|Draco Meteor|p2a: Jirachi
|-resisted|p2a: Jirachi
|-damage|p2a: Jirachi|212\/341
|-unboost|p1a: Hydreigon|spa|2
|
|turn|14
|
|move|p2a: Jirachi|Stealth Rock|p1a: Hydreigon
|-sidestart|p1: Donkii|move: Stealth Rock
|move|p1a: Hydreigon|Roost|p1a: Hydreigon
|-heal|p1a: Hydreigon|325\/325
|
|turn|15
|
|switch|p2a: Goodra|Goodra, F|384\/384
|-damage|p2a: Goodra|336\/384|[from] Stealth Rock
|switch|p1a: Cofagrigus|Cofagrigus, M, shiny|319\/319
|-damage|p1a: Cofagrigus|280\/319|[from] Stealth Rock
|
|-heal|p2a: Goodra|360\/384|[from] item: Leftovers
|-heal|p1a: Cofagrigus|299\/319|[from] item: Leftovers
|turn|16
|
|move|p1a: Cofagrigus|Will-O-Wisp|p2a: Goodra
|-status|p2a: Goodra|brn
|move|p2a: Goodra|Dragon Tail|p1a: Cofagrigus|[miss]
|-miss|p2a: Goodra|p1a: Cofagrigus
|
|-heal|p2a: Goodra|384\/384 brn|[from] item: Leftovers
|-heal|p1a: Cofagrigus|318\/319|[from] item: Leftovers
|-damage|p2a: Goodra|336\/384 brn|[from] brn
|turn|17
|
|move|p2a: Goodra|Rest|p2a: Goodra
|-status|p2a: Goodra|slp
|-heal|p2a: Goodra|384\/384 slp|[silent]
|-status|p2a: Goodra|slp|[from] move: Rest
|move|p1a: Cofagrigus|Toxic Spikes|p2a: Goodra
|-sidestart|p2: ZBEN|move: Toxic Spikes
|
|-heal|p1a: Cofagrigus|319\/319|[from] item: Leftovers
|turn|18
|
|switch|p2a: Gligar|Gligar, F|105\/334
|-damage|p2a: Gligar|64\/334|[from] Stealth Rock
|switch|p1a: Whimsicott|Whimsicott, F|261\/261
|-damage|p1a: Whimsicott|229\/261|[from] Stealth Rock
|
|turn|19
|
|move|p1a: Whimsicott|Moonblast|p2a: Gligar
|-damage|p2a: Gligar|0 fnt
|-damage|p1a: Whimsicott|203\/261|[from] item: Life Orb
|faint|p2a: Gligar
|
|
|switch|p2a: Suicune|Suicune, shiny|314\/404 tox
|-damage|p2a: Suicune|264\/404 tox|[from] Stealth Rock
|-ability|p2a: Suicune|Pressure
|turn|20
|
|move|p1a: Whimsicott|Giga Drain|p2a: Suicune
|-supereffective|p2a: Suicune
|-damage|p2a: Suicune|59\/404 tox
|-heal|p1a: Whimsicott|261\/261|[from] drain|[of] p2a: Suicune
|-damage|p1a: Whimsicott|235\/261|[from] item: Life Orb
|move|p2a: Suicune|Mirror Coat|p1a: Whimsicott
|-damage|p1a: Whimsicott|0 fnt
|faint|p1a: Whimsicott
|
|-heal|p2a: Suicune|84\/404 tox|[from] item: Leftovers
|-damage|p2a: Suicune|59\/404 tox|[from] psn
|
|switch|p1a: Hydreigon|Hydreigon, M|325\/325
|-damage|p1a: Hydreigon|285\/325|[from] Stealth Rock
|turn|21
|
|move|p1a: Hydreigon|Dark Pulse|p2a: Suicune
|-damage|p2a: Suicune|0 fnt
|faint|p2a: Suicune
|
|
|switch|p2a: Jirachi|Jirachi|212\/341
|-damage|p2a: Jirachi|191\/341|[from] Stealth Rock
|turn|22
|
|move|p2a: Jirachi|U-turn|p1a: Hydreigon
|-crit|p1a: Hydreigon
|-supereffective|p1a: Hydreigon
|-damage|p1a: Hydreigon|55\/325
|
|switch|p2a: Arcanine|Arcanine, M|384\/384
|-status|p2a: Arcanine|psn
|-damage|p2a: Arcanine|288\/384 psn|[from] Stealth Rock
|-ability|p2a: Arcanine|Intimidate|[of] p1a: Hydreigon
|-unboost|p1a: Hydreigon|atk|1
|move|p1a: Hydreigon|Roost|p1a: Hydreigon
|-heal|p1a: Hydreigon|218\/325
|
|-damage|p2a: Arcanine|240\/384 psn|[from] psn
|turn|23
|
|switch|p1a: Cofagrigus|Cofagrigus, M, shiny|319\/319
|-damage|p1a: Cofagrigus|280\/319|[from] Stealth Rock
|move|p2a: Arcanine|Will-O-Wisp|p1a: Cofagrigus
|-status|p1a: Cofagrigus|brn
|
|-heal|p1a: Cofagrigus|299\/319 brn|[from] item: Leftovers
|-damage|p2a: Arcanine|192\/384 psn|[from] psn
|-damage|p1a: Cofagrigus|260\/319 brn|[from] brn
|turn|24
|
|switch|p2a: Goodra|Goodra, F|384\/384 slp
|-damage|p2a: Goodra|336\/384 slp|[from] Stealth Rock
|switch|p1a: Nidoking|Nidoking, M, shiny|303\/303
|-damage|p1a: Nidoking|285\/303|[from] Stealth Rock
|
|-heal|p2a: Goodra|360\/384 slp|[from] item: Leftovers
|turn|25
|
|move|p1a: Nidoking|Ice Beam|p2a: Goodra
|-crit|p2a: Goodra
|-supereffective|p2a: Goodra
|-damage|p2a: Goodra|123\/384 slp
|cant|p2a: Goodra|slp
|move|p2a: Goodra|Sleep Talk|p2a: Goodra
|move|p2a: Goodra|Dragon Tail|p1a: Nidoking|[from]Sleep Talk
|-damage|p1a: Nidoking|194\/303
|drag|p1a: Cofagrigus|Cofagrigus, M, shiny|260\/319 brn
|-damage|p1a: Cofagrigus|221\/319 brn|[from] Stealth Rock
|
|-heal|p2a: Goodra|147\/384 slp|[from] item: Leftovers
|-heal|p1a: Cofagrigus|240\/319 brn|[from] item: Leftovers
|-damage|p1a: Cofagrigus|201\/319 brn|[from] brn
|turn|26
|
|switch|p1a: Nidoking|Nidoking, M, shiny|194\/303
|-damage|p1a: Nidoking|176\/303|[from] Stealth Rock
|cant|p2a: Goodra|slp
|move|p2a: Goodra|Sleep Talk|p2a: Goodra
|move|p2a: Goodra|Dragon Tail|p1a: Nidoking|[from]Sleep Talk
|-damage|p1a: Nidoking|80\/303
|drag|p1a: Aerodactyl|Aerodactyl, M|301\/301
|-damage|p1a: Aerodactyl|226\/301|[from] Stealth Rock
|-ability|p1a: Aerodactyl|Unnerve|p2: ZBEN
|
|-heal|p2a: Goodra|171\/384 slp|[from] item: Leftovers
|turn|27
|
|switch|p2a: Arcanine|Arcanine, M|192\/384 psn
|-damage|p2a: Arcanine|96\/384 psn|[from] Stealth Rock
|-ability|p2a: Arcanine|Intimidate|[of] p1a: Aerodactyl
|-unboost|p1a: Aerodactyl|atk|1
|detailschange|p1a: Aerodactyl|Aerodactyl-Mega, M
|-mega|p1a: Aerodactyl|Aerodactyl|Aerodactylite
|move|p1a: Aerodactyl|Earthquake|p2a: Arcanine
|-supereffective|p2a: Arcanine
|-damage|p2a: Arcanine|0 fnt
|faint|p2a: Arcanine
|
|
|switch|p2a: Jirachi|Jirachi|191\/341
|-damage|p2a: Jirachi|170\/341|[from] Stealth Rock
|turn|28
|
|switch|p1a: Cofagrigus|Cofagrigus, M, shiny|201\/319 brn
|-damage|p1a: Cofagrigus|162\/319 brn|[from] Stealth Rock
|move|p2a: Jirachi|Iron Head|p1a: Cofagrigus
|-damage|p1a: Cofagrigus|93\/319 brn
|-endability|p2a: Jirachi|serenegrace|[from] Mummy
|-ability|p2a: Jirachi|Mummy|[from] Mummy
|
|-heal|p1a: Cofagrigus|112\/319 brn|[from] item: Leftovers
|-damage|p1a: Cofagrigus|73\/319 brn|[from] brn
|turn|29
|
|move|p2a: Jirachi|Iron Head|p1a: Cofagrigus
|-damage|p1a: Cofagrigus|3\/319 brn
|move|p1a: Cofagrigus|Shadow Ball|p2a: Jirachi
|-supereffective|p2a: Jirachi
|-damage|p2a: Jirachi|0 fnt
|faint|p2a: Jirachi
|
|-heal|p1a: Cofagrigus|22\/319 brn|[from] item: Leftovers
|-damage|p1a: Cofagrigus|0 fnt|[from] brn
|faint|p1a: Cofagrigus
|
|switch|p1a: Nidoking|Nidoking, M, shiny|80\/303
|switch|p2a: Umbreon|Umbreon, F, shiny|394\/394
|-damage|p1a: Nidoking|62\/303|[from] Stealth Rock
|-damage|p2a: Umbreon|345\/394|[from] Stealth Rock
|-status|p2a: Umbreon|psn
|turn|30
|
|move|p1a: Nidoking|Sludge Wave|p2a: Umbreon
|-damage|p2a: Umbreon|211\/394 psn
|move|p2a: Umbreon|Wish|p2a: Umbreon
|
|-heal|p2a: Umbreon|235\/394 psn|[from] item: Leftovers
|-damage|p2a: Umbreon|186\/394 psn|[from] psn
|turn|31
|
|move|p1a: Nidoking|Superpower|p2a: Umbreon
|-supereffective|p2a: Umbreon
|-damage|p2a: Umbreon|0 fnt
|-unboost|p1a: Nidoking|atk|1
|-unboost|p1a: Nidoking|def|1
|-damage|p1a: Nidoking|32\/303|[from] item: Life Orb
|faint|p2a: Umbreon
|
|
|switch|p2a: Goodra|Goodra, F|171\/384 slp
|-damage|p2a: Goodra|123\/384 slp|[from] Stealth Rock
|turn|32
|
|move|p1a: Nidoking|Ice Beam|p2a: Goodra
|-supereffective|p2a: Goodra
|-damage|p2a: Goodra|0 fnt
|faint|p2a: Goodra
|
|win|Donkii
|raw|Ladder updating...
|c|âDonkii|gg
|raw|Donkii's rating: 1469 &rarr; <strong>1492<\/strong><br \/>(+23 for winning)
|raw|ZBEN's rating: 1520 &rarr; <strong>1497<\/strong><br \/>(-23 for losing)