|join|pokemonisfun
|join|ZBEN
|player|p1|pokemonisfun|184
|player|p2|ZBEN|144
|gametype|singles
|gen|6
|tier|UU
|rated
|rule|Sleep Clause Mod: Limit one foe put to sleep
|rule|Species Clause: Limit one of each PokÃ©mon
|rule|OHKO Clause: OHKO moves are banned
|rule|Moody Clause: Moody is banned
|rule|Evasion Moves Clause: Evasion moves are banned
|rule|Endless Battle Clause: Forcing endless battles is banned
|rule|HP Percentage Mod: HP is shown in percentages
|clearpoke
|poke|p1|Blissey, F
|poke|p1|Nidoqueen, F
|poke|p1|Spiritomb, F
|poke|p1|Granbull, F
|poke|p1|Crobat, F
|poke|p1|Suicune
|poke|p2|Suicune, shiny
|poke|p2|Gligar, M
|poke|p2|Umbreon, F, shiny
|poke|p2|Magneton
|poke|p2|Arcanine, M
|poke|p2|Beedrill, F
|rule|Swagger Clause: Swagger is banned
|rule|Baton Pass Clause: Limit one PokÃ©mon knowing Baton Pass
|teampreview
|
|start
|switch|p1a: Nidoqueen|Nidoqueen, F|384\/384
|switch|p2a: Beedrill|Beedrill, F|272\/272
|turn|1
|
|detailschange|p2a: Beedrill|Beedrill-Mega, F
|-mega|p2a: Beedrill|Beedrill|Beedrillite
|move|p2a: Beedrill|Knock Off|p1a: Nidoqueen
|-damage|p1a: Nidoqueen|271\/384
|-enditem|p1a: Nidoqueen|Black Sludge|[from] move: Knock Off|[of] p2a: Beedrill
|move|p1a: Nidoqueen|Flamethrower|p2a: Beedrill
|-supereffective|p2a: Beedrill
|-damage|p2a: Beedrill|100\/272
|
|turn|2
|c|âZBEN|not life orb
|
|move|p2a: Beedrill|U-turn|p1a: Nidoqueen
|-crit|p1a: Nidoqueen
|-resisted|p1a: Nidoqueen
|-damage|p1a: Nidoqueen|157\/384
|
|switch|p2a: Umbreon|Umbreon, F, shiny|394\/394
|move|p1a: Nidoqueen|Stealth Rock|p2a: Umbreon
|-sidestart|p2: ZBEN|move: Stealth Rock
|
|turn|3
|
|switch|p1a: Suicune|Suicune|404\/404
|-ability|p1a: Suicune|Pressure
|move|p2a: Umbreon|Wish|p2a: Umbreon
|
|turn|4
|
|switch|p2a: Magneton|Magneton|304\/304
|-damage|p2a: Magneton|285\/304|[from] Stealth Rock
|move|p1a: Suicune|Scald|p2a: Magneton
|-damage|p2a: Magneton|167\/304
|
|-heal|p2a: Magneton|304\/304|[from] move: Wish|[wisher] Umbreon
|turn|5
|
|switch|p1a: Blissey|Blissey, F|652\/652
|move|p2a: Magneton|Flash Cannon|p1a: Blissey
|-damage|p1a: Blissey|475\/652
|
|-heal|p1a: Blissey|515\/652|[from] item: Leftovers
|turn|6
|
|switch|p2a: Gligar|Gligar, M|334\/334
|-damage|p2a: Gligar|293\/334|[from] Stealth Rock
|move|p1a: Blissey|Seismic Toss|p2a: Gligar
|-damage|p2a: Gligar|193\/334
|
|-heal|p1a: Blissey|555\/652|[from] item: Leftovers
|turn|7
|
|switch|p1a: Suicune|Suicune|404\/404
|-ability|p1a: Suicune|Pressure
|move|p2a: Gligar|Defog|p1a: Suicune
|-unboost|p1a: Suicune|evasion|1
|-sideend|p2: ZBEN|Stealth Rock|[from] move: Defog|[of] p2a: Gligar
|
|turn|8
|join|Duskt70
|join|Emma Bae
|
|move|p2a: Gligar|Roost|p2a: Gligar
|-heal|p2a: Gligar|334\/334
|move|p1a: Suicune|Scald|p2a: Gligar
|-supereffective|p2a: Gligar
|-damage|p2a: Gligar|220\/334
|
|turn|9
|
|switch|p2a: Umbreon|Umbreon, F, shiny|394\/394
|move|p1a: Suicune|Scald|p2a: Umbreon
|-damage|p2a: Umbreon|346\/394
|
|-heal|p2a: Umbreon|370\/394|[from] item: Leftovers
|turn|10
|join|r0ady
|
|switch|p1a: Blissey|Blissey, F|555\/652
|move|p2a: Umbreon|Wish|p2a: Umbreon
|
|-heal|p2a: Umbreon|394\/394|[from] item: Leftovers
|-heal|p1a: Blissey|595\/652|[from] item: Leftovers
|turn|11
|
|switch|p2a: Magneton|Magneton|304\/304
|move|p1a: Blissey|Wish|p1a: Blissey
|
|-heal|p1a: Blissey|635\/652|[from] item: Leftovers
|turn|12
|join|Sanitarium
|
|move|p2a: Magneton|Flash Cannon|p1a: Blissey
|-damage|p1a: Blissey|512\/652
|move|p1a: Blissey|Seismic Toss|p2a: Magneton
|-damage|p2a: Magneton|204\/304
|
|-heal|p1a: Blissey|652\/652|[from] move: Wish|[wisher] Blissey
|turn|13
|join|Volbeatdown
|
|switch|p2a: Beedrill|Beedrill-Mega, F|100\/272
|move|p1a: Blissey|Wish|p1a: Blissey
|
|turn|14
|
|switch|p1a: Nidoqueen|Nidoqueen, F|157\/384
|move|p2a: Beedrill|U-turn|p1a: Nidoqueen
|-resisted|p1a: Nidoqueen
|-damage|p1a: Nidoqueen|82\/384
|
|switch|p2a: Suicune|Suicune, shiny|404\/404
|-ability|p2a: Suicune|Pressure
|
|-heal|p1a: Nidoqueen|384\/384|[from] move: Wish|[wisher] Blissey
|turn|15
|
|switch|p1a: Blissey|Blissey, F|652\/652
|move|p2a: Suicune|Calm Mind|p2a: Suicune
|-boost|p2a: Suicune|spa|1
|-boost|p2a: Suicune|spd|1
|
|turn|16
|
|move|p2a: Suicune|Calm Mind|p2a: Suicune
|-boost|p2a: Suicune|spa|1
|-boost|p2a: Suicune|spd|1
|move|p1a: Blissey|Toxic|p2a: Suicune
|-status|p2a: Suicune|tox
|
|-damage|p2a: Suicune|379\/404 tox|[from] psn
|turn|17
|
|move|p2a: Suicune|Calm Mind|p2a: Suicune
|-boost|p2a: Suicune|spa|1
|-boost|p2a: Suicune|spd|1
|move|p1a: Blissey|Seismic Toss|p2a: Suicune
|-damage|p2a: Suicune|279\/404 tox
|
|-heal|p2a: Suicune|304\/404 tox|[from] item: Leftovers
|-damage|p2a: Suicune|254\/404 tox|[from] psn
|turn|18
|leave|r0ady
|
|move|p2a: Suicune|Scald|p1a: Blissey
|-damage|p1a: Blissey|534\/652
|move|p1a: Blissey|Seismic Toss|p2a: Suicune
|-damage|p2a: Suicune|154\/404 tox
|
|-heal|p2a: Suicune|179\/404 tox|[from] item: Leftovers
|-heal|p1a: Blissey|574\/652|[from] item: Leftovers
|-damage|p2a: Suicune|104\/404 tox|[from] psn
|turn|19
|
|switch|p1a: Suicune|Suicune|404\/404
|-ability|p1a: Suicune|Pressure
|move|p2a: Suicune|Rest|p2a: Suicune
|-status|p2a: Suicune|slp
|-heal|p2a: Suicune|404\/404 slp|[silent]
|-status|p2a: Suicune|slp|[from] move: Rest
|
|turn|20
|
|switch|p2a: Magneton|Magneton|204\/304
|move|p1a: Suicune|Roar|p2a: Magneton
|drag|p2a: Beedrill|Beedrill-Mega, F|100\/272
|
|turn|21
|
|move|p2a: Beedrill|U-turn|p1a: Suicune
|-damage|p1a: Suicune|268\/404
|
|switch|p2a: Umbreon|Umbreon, F, shiny|394\/394
|move|p1a: Suicune|Scald|p2a: Umbreon
|-damage|p2a: Umbreon|339\/394
|-status|p2a: Umbreon|brn
|-status|p1a: Suicune|brn
|
|-heal|p1a: Suicune|293\/404 brn|[from] item: Leftovers
|-heal|p2a: Umbreon|363\/394 brn|[from] item: Leftovers
|-damage|p1a: Suicune|243\/404 brn|[from] brn
|-damage|p2a: Umbreon|314\/394 brn|[from] brn
|turn|22
|
|switch|p1a: Nidoqueen|Nidoqueen, F|384\/384
|move|p2a: Umbreon|Wish|p2a: Umbreon
|
|-heal|p2a: Umbreon|338\/394 brn|[from] item: Leftovers
|-damage|p2a: Umbreon|289\/394 brn|[from] brn
|turn|23
|
|switch|p2a: Beedrill|Beedrill-Mega, F|100\/272
|move|p1a: Nidoqueen|Stealth Rock|p2a: Beedrill
|-sidestart|p2: ZBEN|move: Stealth Rock
|
|-heal|p2a: Beedrill|272\/272|[from] move: Wish|[wisher] Umbreon
|turn|24
|
|move|p2a: Beedrill|U-turn|p1a: Nidoqueen
|-resisted|p1a: Nidoqueen
|-damage|p1a: Nidoqueen|298\/384
|
|switch|p2a: Umbreon|Umbreon, F, shiny|289\/394 brn
|-damage|p2a: Umbreon|240\/394 brn|[from] Stealth Rock
|move|p1a: Nidoqueen|Flamethrower|p2a: Umbreon
|-damage|p2a: Umbreon|196\/394 brn
|
|-heal|p2a: Umbreon|220\/394 brn|[from] item: Leftovers
|-damage|p2a: Umbreon|171\/394 brn|[from] brn
|turn|25
|join|0rbital
|
|switch|p1a: Suicune|Suicune|243\/404 brn
|-ability|p1a: Suicune|Pressure
|move|p2a: Umbreon|Wish|p2a: Umbreon
|
|-heal|p1a: Suicune|268\/404 brn|[from] item: Leftovers
|-heal|p2a: Umbreon|195\/394 brn|[from] item: Leftovers
|-damage|p1a: Suicune|218\/404 brn|[from] brn
|-damage|p2a: Umbreon|146\/394 brn|[from] brn
|turn|26
|
|move|p2a: Umbreon|Heal Bell|p2a: Umbreon
|-cureteam|p2a: Umbreon|[from] move: HealBell
|move|p1a: Suicune|Roar|p2a: Umbreon
|drag|p2a: Beedrill|Beedrill-Mega, F|272\/272
|-damage|p2a: Beedrill|204\/272|[from] Stealth Rock
|
|-heal|p2a: Beedrill|272\/272|[from] move: Wish|[wisher] Umbreon
|-heal|p1a: Suicune|243\/404 brn|[from] item: Leftovers
|-damage|p1a: Suicune|193\/404 brn|[from] brn
|turn|27
|
|move|p2a: Beedrill|Poison Jab|p1a: Suicune
|-damage|p1a: Suicune|47\/404 brn
|move|p1a: Suicune|Rest|p1a: Suicune
|-status|p1a: Suicune|slp
|-heal|p1a: Suicune|404\/404 slp|[silent]
|-status|p1a: Suicune|slp|[from] move: Rest
|
|turn|28
|
|switch|p1a: Nidoqueen|Nidoqueen, F|298\/384
|move|p2a: Beedrill|Knock Off|p1a: Nidoqueen
|-damage|p1a: Nidoqueen|225\/384
|
|turn|29
|join|r0ady
|
|move|p2a: Beedrill|U-turn|p1a: Nidoqueen
|-resisted|p1a: Nidoqueen
|-damage|p1a: Nidoqueen|139\/384
|
|switch|p2a: Gligar|Gligar, M|220\/334
|-damage|p2a: Gligar|179\/334|[from] Stealth Rock
|move|p1a: Nidoqueen|Earth Power|p2a: Gligar
|-immune|p2a: Gligar|[msg]
|
|turn|30
|
|switch|p1a: Suicune|Suicune|404\/404 slp
|-ability|p1a: Suicune|Pressure
|move|p2a: Gligar|Roost|p2a: Gligar
|-heal|p2a: Gligar|334\/334
|
|turn|31
|
|move|p2a: Gligar|Defog|p1a: Suicune
|-unboost|p1a: Suicune|evasion|1
|-sideend|p2: ZBEN|Stealth Rock|[from] move: Defog|[of] p2a: Gligar
|cant|p1a: Suicune|slp
|move|p1a: Suicune|Sleep Talk|p1a: Suicune
|move|p1a: Suicune|Roar|p2a: Gligar|[from]Sleep Talk
|drag|p2a: Umbreon|Umbreon, F, shiny|146\/394
|
|-heal|p2a: Umbreon|170\/394|[from] item: Leftovers
|turn|32
|
|switch|p1a: Blissey|Blissey, F|574\/652
|move|p2a: Umbreon|Wish|p2a: Umbreon
|
|-heal|p2a: Umbreon|194\/394|[from] item: Leftovers
|-heal|p1a: Blissey|614\/652|[from] item: Leftovers
|turn|33
|
|switch|p2a: Magneton|Magneton|204\/304
|move|p1a: Blissey|Wish|p1a: Blissey
|
|-heal|p2a: Magneton|304\/304|[from] move: Wish|[wisher] Umbreon
|-heal|p1a: Blissey|652\/652|[from] item: Leftovers
|turn|34
|join|SadPierrot
|leave|SadPierrot
|
|move|p2a: Magneton|Volt Switch|p1a: Blissey
|-damage|p1a: Blissey|537\/652
|
|switch|p2a: Beedrill|Beedrill-Mega, F|272\/272
|move|p1a: Blissey|Seismic Toss|p2a: Beedrill
|-damage|p2a: Beedrill|172\/272
|
|-heal|p1a: Blissey|652\/652|[from] move: Wish|[wisher] Blissey
|turn|35
|
|switch|p1a: Crobat|Crobat, F|373\/373
|move|p2a: Beedrill|Knock Off|p1a: Crobat
|-damage|p1a: Crobat|225\/373
|-enditem|p1a: Crobat|Black Sludge|[from] move: Knock Off|[of] p2a: Beedrill
|
|turn|36
|
|move|p2a: Beedrill|U-turn|p1a: Crobat
|-resisted|p1a: Crobat
|-damage|p1a: Crobat|167\/373
|
|switch|p2a: Magneton|Magneton|304\/304
|move|p1a: Crobat|Roost|p1a: Crobat
|-heal|p1a: Crobat|354\/373
|
|turn|37
|
|switch|p1a: Blissey|Blissey, F|652\/652
|move|p2a: Magneton|Volt Switch|p1a: Blissey
|-damage|p1a: Blissey|498\/652
|
|switch|p2a: Beedrill|Beedrill-Mega, F|172\/272
|
|-heal|p1a: Blissey|538\/652|[from] item: Leftovers
|turn|38
|leave|Emma Bae
|
|move|p1a: Blissey|Protect|p1a: Blissey
|-singleturn|p1a: Blissey|Protect
|move|p2a: Beedrill|Poison Jab|p1a: Blissey
|-activate|p1a: Blissey|Protect
|
|-heal|p1a: Blissey|578\/652|[from] item: Leftovers
|turn|39
|leave|0rbital
|join|Emma Bae
|
|switch|p1a: Crobat|Crobat, F|354\/373
|move|p2a: Beedrill|Knock Off|p1a: Crobat
|-damage|p1a: Crobat|250\/373
|
|turn|40
|
|move|p2a: Beedrill|U-turn|p1a: Crobat
|-resisted|p1a: Crobat
|-damage|p1a: Crobat|195\/373
|leave|Emma Bae
|
|switch|p2a: Magneton|Magneton|304\/304
|move|p1a: Crobat|Roost|p1a: Crobat
|-heal|p1a: Crobat|373\/373
|
|turn|41
|
|switch|p1a: Blissey|Blissey, F|578\/652
|move|p2a: Magneton|Flash Cannon|p1a: Blissey
|-damage|p1a: Blissey|412\/652
|
|-heal|p1a: Blissey|452\/652|[from] item: Leftovers
|turn|42
|leave|Sanitarium
|
|switch|p2a: Beedrill|Beedrill-Mega, F|172\/272
|move|p1a: Blissey|Wish|p1a: Blissey
|
|-heal|p1a: Blissey|492\/652|[from] item: Leftovers
|turn|43
|
|switch|p1a: Nidoqueen|Nidoqueen, F|139\/384
|move|p2a: Beedrill|Poison Jab|p1a: Nidoqueen
|-resisted|p1a: Nidoqueen
|-damage|p1a: Nidoqueen|96\/384
|
|-heal|p1a: Nidoqueen|384\/384|[from] move: Wish|[wisher] Blissey
|turn|44
|
|switch|p2a: Gligar|Gligar, M|334\/334
|move|p1a: Nidoqueen|Stealth Rock|p2a: Gligar
|-sidestart|p2: ZBEN|move: Stealth Rock
|
|turn|45
|
|switch|p1a: Suicune|Suicune|404\/404 slp
|-ability|p1a: Suicune|Pressure
|move|p2a: Gligar|Defog|p1a: Suicune
|-unboost|p1a: Suicune|evasion|1
|-sideend|p2: ZBEN|Stealth Rock|[from] move: Defog|[of] p2a: Gligar
|
|turn|46
|
|switch|p2a: Suicune|Suicune, shiny|404\/404
|-ability|p2a: Suicune|Pressure
|cant|p1a: Suicune|slp
|move|p1a: Suicune|Sleep Talk|p1a: Suicune
|move|p1a: Suicune|Scald|p2a: Suicune|[from]Sleep Talk
|-resisted|p2a: Suicune
|-damage|p2a: Suicune|365\/404
|
|-heal|p2a: Suicune|390\/404|[from] item: Leftovers
|turn|47
|c|âZBEN|how do you win battle fastly?, i cant win i know but you need 300 turn
|
|switch|p2a: Magneton|Magneton|304\/304
|-curestatus|p1a: Suicune|slp
|move|p1a: Suicune|Sleep Talk|p1a: Suicune
|-fail|p1a: Suicune
|
|turn|48
|c| Volbeatdown|he doesnt win quickly
|c| Volbeatdown|its stall
|c|âZBEN|im stall too
|c|âpokemonisfun|your only chance is my lag
|c| Volbeatdown|âZBEN: im stall too
|c| Volbeatdown|no you arent
|c|âpokemonisfun|or infinite crit
|c|âpokemonisfun|MEGA BEEDRILL STALL
|
|switch|p1a: Blissey|Blissey, F|492\/652
|move|p2a: Magneton|Volt Switch|p1a: Blissey
|-damage|p1a: Blissey|347\/652
|c| Volbeatdown|lmao
|c|âpokemonisfun|resists fighting 4 times
|c| Volbeatdown|the fighting check!!
|c|âZBEN|4 stall 2 sweep
|c|âpokemonisfun|i didnt think the bee outsped batsy
|
|switch|p2a: Beedrill|Beedrill-Mega, F|172\/272
|
|-heal|p1a: Blissey|387\/652|[from] item: Leftovers
|turn|49
|c|âpokemonisfun|volt switch stall
|c|âpokemonisfun|nb
|
|move|p1a: Blissey|Protect|p1a: Blissey
|-singleturn|p1a: Blissey|Protect
|move|p2a: Beedrill|U-turn|p1a: Blissey
|-activate|p1a: Blissey|Protect
|
|-heal|p1a: Blissey|427\/652|[from] item: Leftovers
|turn|50
|join|UniterFlash
|leave|UniterFlash
|c| Volbeatdown|pif lag pls
|
|switch|p1a: Crobat|Crobat, F|373\/373
|move|p2a: Beedrill|U-turn|p1a: Crobat
|-resisted|p1a: Crobat
|-damage|p1a: Crobat|315\/373
|
|switch|p2a: Magneton|Magneton|304\/304
|
|turn|51
|
|switch|p1a: Blissey|Blissey, F|427\/652
|move|p2a: Magneton|Flash Cannon|p1a: Blissey
|-damage|p1a: Blissey|270\/652
|
|-heal|p1a: Blissey|310\/652|[from] item: Leftovers
|turn|52
|c|âpokemonisfun|!dt u-turn
|c|~|\/data-move U-turn
|raw|<font size="1"><font color=#585858>Priority:<\/font> 0&nbsp;|&ThickSpace;<font color=#585858><font color=black>&#10003; Contact<\/font><\/font>&nbsp;|&ThickSpace;<font color=#585858><font color=black>&#10003; Blocked by Protect<\/font><\/font>&nbsp;|&ThickSpace;<font color=#585858>Target:<\/font> One Adjacent Pokemon<\/font>
|
|switch|p2a: Umbreon|Umbreon, F, shiny|194\/394
|move|p1a: Blissey|Wish|p1a: Blissey
|
|-heal|p2a: Umbreon|218\/394|[from] item: Leftovers
|-heal|p1a: Blissey|350\/652|[from] item: Leftovers
|turn|53
|
|move|p2a: Umbreon|Wish|p2a: Umbreon
|move|p1a: Blissey|Toxic|p2a: Umbreon
|-status|p2a: Umbreon|tox
|-status|p1a: Blissey|tox
|
|-heal|p1a: Blissey|652\/652 tox|[from] move: Wish|[wisher] Blissey
|-heal|p2a: Umbreon|242\/394 tox|[from] item: Leftovers
|-damage|p2a: Umbreon|218\/394 tox|[from] psn
|-damage|p1a: Blissey|612\/652 tox|[from] psn
|turn|54
|
|switch|p1a: Suicune|Suicune|404\/404
|-ability|p1a: Suicune|Pressure
|move|p2a: Umbreon|Heal Bell|p2a: Umbreon
|-cureteam|p2a: Umbreon|[from] move: HealBell
|
|-heal|p2a: Umbreon|394\/394|[from] move: Wish|[wisher] Umbreon
|turn|55
|
|switch|p1a: Nidoqueen|Nidoqueen, F|384\/384
|move|p2a: Umbreon|Wish|p2a: Umbreon
|
|turn|56
|
|switch|p2a: Beedrill|Beedrill-Mega, F|172\/272
|move|p1a: Nidoqueen|Stealth Rock|p2a: Beedrill
|-sidestart|p2: ZBEN|move: Stealth Rock
|
|-heal|p2a: Beedrill|272\/272|[from] move: Wish|[wisher] Umbreon
|turn|57
|
|switch|p2a: Gligar|Gligar, M|334\/334
|-damage|p2a: Gligar|293\/334|[from] Stealth Rock
|move|p1a: Nidoqueen|Flamethrower|p2a: Gligar
|-damage|p2a: Gligar|249\/334
|
|turn|58
|
|switch|p1a: Suicune|Suicune|404\/404
|-ability|p1a: Suicune|Pressure
|move|p2a: Gligar|Defog|p1a: Suicune
|-unboost|p1a: Suicune|evasion|1
|-sideend|p2: ZBEN|Stealth Rock|[from] move: Defog|[of] p2a: Gligar
|
|turn|59
|
|switch|p2a: Suicune|Suicune, shiny|390\/404
|-ability|p2a: Suicune|Pressure
|move|p1a: Suicune|Scald|p2a: Suicune
|-resisted|p2a: Suicune
|-damage|p2a: Suicune|350\/404
|-status|p2a: Suicune|brn
|
|-heal|p2a: Suicune|375\/404 brn|[from] item: Leftovers
|-damage|p2a: Suicune|325\/404 brn|[from] brn
|turn|60
|
|switch|p2a: Magneton|Magneton|304\/304
|move|p1a: Suicune|Roar|p2a: Magneton
|drag|p2a: Arcanine|Arcanine, M|384\/384
|-ability|p2a: Arcanine|Intimidate|[of] p1a: Suicune
|-unboost|p1a: Suicune|atk|1
|
|turn|61
|join|so dynamic
|
|switch|p2a: Suicune|Suicune, shiny|325\/404 brn
|-ability|p2a: Suicune|Pressure
|move|p1a: Suicune|Scald|p2a: Suicune
|-resisted|p2a: Suicune
|-damage|p2a: Suicune|288\/404 brn
|
|-heal|p2a: Suicune|313\/404 brn|[from] item: Leftovers
|-damage|p2a: Suicune|263\/404 brn|[from] brn
|turn|62
|
|switch|p1a: Blissey|Blissey, F|612\/652
|move|p2a: Suicune|Rest|p2a: Suicune
|-status|p2a: Suicune|slp
|-heal|p2a: Suicune|404\/404 slp|[silent]
|-status|p2a: Suicune|slp|[from] move: Rest
|
|-heal|p1a: Blissey|652\/652|[from] item: Leftovers
|turn|63
|
|switch|p1a: Suicune|Suicune|404\/404
|-ability|p1a: Suicune|Pressure
|cant|p2a: Suicune|slp
|
|turn|64
|leave|r0ady
|join|BurstStream
|join|DrReuniclus3
|
|switch|p1a: Blissey|Blissey, F|652\/652
|cant|p2a: Suicune|slp
|
|turn|65
|c| Volbeatdown|pif lag pls
|c| Volbeatdown|no
|-message|pokemonisfun lost due to inactivity.
|c| Volbeatdown|have murcy
|leave|BurstStream
|
|win|ZBEN
|raw|Ladder updating...
|c|âZBEN|hahahaha stall suck
|raw|pokemonisfun's rating: 1539 &rarr; <strong>1515<\/strong><br \/>(-24 for losing)
|raw|ZBEN's rating: 1458 &rarr; <strong>1482<\/strong><br \/>(+24 for winning)
|
|c|âpokemonisfun|oops
|leave|Volbeatdown
|c|âpokemonisfun|not lag i just went to pee