|join|ZBEN
|join|deltoise
|player|p1|ZBEN|144
|player|p2|deltoise|101
|gametype|singles
|gen|6
|tier|UU
|rated
|rule|Sleep Clause Mod: Limit one foe put to sleep
|rule|Species Clause: Limit one of each PokÃ©mon
|rule|OHKO Clause: OHKO moves are banned
|rule|Moody Clause: Moody is banned
|rule|Evasion Moves Clause: Evasion moves are banned
|rule|Endless Battle Clause: Forcing endless battles is banned
|rule|HP Percentage Mod: HP is shown in percentages
|clearpoke
|poke|p1|Suicune, shiny
|poke|p1|Gligar, F
|poke|p1|Umbreon, F, shiny
|poke|p1|Goodra, M
|poke|p1|Arcanine, M
|poke|p1|Jirachi
|poke|p2|Noivern, F
|poke|p2|Nidoking, M, shiny
|poke|p2|Beedrill, F
|poke|p2|Forretress, M
|poke|p2|Tentacruel, M
|poke|p2|Arcanine, M
|rule|Swagger Clause: Swagger is banned
|rule|Baton Pass Clause: Limit one PokÃ©mon knowing Baton Pass
|teampreview
|
|start
|switch|p1a: Goodra|Goodra, M|384\/384
|switch|p2a: LongLiveTheKing|Nidoking, M, shiny|303\/303
|turn|1
|join|Donhydo
|
|switch|p2a: TentInMyPants|Tentacruel, M|363\/363
|move|p1a: Goodra|Dragon Tail|p2a: TentInMyPants
|-damage|p2a: TentInMyPants|267\/363
|drag|p2a: KillerBees|Beedrill, F|271\/271
|
|turn|2
|
|switch|p1a: Arcanine|Arcanine, M|384\/384
|-ability|p1a: Arcanine|Intimidate|[of] p2a: KillerBees
|-unboost|p2a: KillerBees|atk|1
|detailschange|p2a: KillerBees|Beedrill-Mega, F
|-mega|p2a: KillerBees|Beedrill|Beedrillite
|move|p2a: KillerBees|Protect|p2a: KillerBees
|-fail|p2a: KillerBees
|
|turn|3
|
|switch|p2a: DogeOfDeath|Arcanine, M|321\/321
|-ability|p2a: DogeOfDeath|Intimidate|[of] p1a: Arcanine
|-unboost|p1a: Arcanine|atk|1
|move|p1a: Arcanine|Toxic|p2a: DogeOfDeath
|-status|p2a: DogeOfDeath|tox
|
|-damage|p2a: DogeOfDeath|301\/321 tox|[from] psn
|turn|4
|
|switch|p2a: TheySeeMeRollin|Forretress, M|353\/353
|move|p1a: Arcanine|Will-O-Wisp|p2a: TheySeeMeRollin
|-status|p2a: TheySeeMeRollin|brn
|
|-damage|p2a: TheySeeMeRollin|309\/353 brn|[from] brn
|turn|5
|c| Donhydo|doge of death huh?
|c| Donhydo|not to amazed by that name
|
|move|p1a: Arcanine|Flare Blitz|p2a: TheySeeMeRollin
|-supereffective|p2a: TheySeeMeRollin
|-damage|p2a: TheySeeMeRollin|89\/353 brn
|-damage|p1a: Arcanine|311\/384|[from] recoil|[of] p2a: TheySeeMeRollin
|move|p2a: TheySeeMeRollin|Stealth Rock|p1a: Arcanine
|-sidestart|p1: ZBEN|move: Stealth Rock
|
|-heal|p2a: TheySeeMeRollin|111\/353 brn|[from] item: Leftovers
|-damage|p2a: TheySeeMeRollin|67\/353 brn|[from] brn
|turn|6
|
|switch|p1a: Gligar|Gligar, F|334\/334
|-damage|p1a: Gligar|293\/334|[from] Stealth Rock
|switch|p2a: DogeOfDeath|Arcanine, M|301\/321 tox
|-ability|p2a: DogeOfDeath|Intimidate|[of] p1a: Gligar
|-unboost|p1a: Gligar|atk|1
|
|-damage|p2a: DogeOfDeath|281\/321 tox|[from] psn
|turn|7
|
|move|p2a: DogeOfDeath|Will-O-Wisp|p1a: Gligar
|-status|p1a: Gligar|brn
|move|p1a: Gligar|Defog|p2a: DogeOfDeath
|-unboost|p2a: DogeOfDeath|evasion|1
|-sideend|p1: ZBEN|Stealth Rock|[from] move: Defog|[of] p1a: Gligar
|
|-damage|p2a: DogeOfDeath|241\/321 tox|[from] psn
|-damage|p1a: Gligar|252\/334 brn|[from] brn
|turn|8
|
|switch|p2a: HearingAid|Noivern, F|311\/311
|-item|p1a: Gligar|Eviolite|[from] ability: Frisk|[of] p2a: HearingAid|[identify]
|move|p1a: Gligar|Knock Off|p2a: HearingAid
|-damage|p2a: HearingAid|286\/311
|-enditem|p2a: HearingAid|Choice Specs|[from] move: Knock Off|[of] p1a: Gligar
|
|-damage|p1a: Gligar|211\/334 brn|[from] brn
|turn|9
|
|switch|p1a: Umbreon|Umbreon, F, shiny|394\/394
|move|p2a: HearingAid|U-turn|p1a: Umbreon
|-supereffective|p1a: Umbreon
|-damage|p1a: Umbreon|316\/394
|
|switch|p2a: KillerBees|Beedrill-Mega, F|271\/271
|
|-heal|p1a: Umbreon|340\/394|[from] item: Leftovers
|turn|10
|
|move|p1a: Umbreon|Protect|p1a: Umbreon
|-singleturn|p1a: Umbreon|Protect
|move|p2a: KillerBees|U-turn|p1a: Umbreon
|-activate|p1a: Umbreon|Protect
|
|-heal|p1a: Umbreon|364\/394|[from] item: Leftovers
|turn|11
|
|switch|p1a: Arcanine|Arcanine, M|311\/384
|-ability|p1a: Arcanine|Intimidate|[of] p2a: KillerBees
|-unboost|p2a: KillerBees|atk|1
|move|p2a: KillerBees|Knock Off|p1a: Arcanine
|-damage|p1a: Arcanine|245\/384
|-damage|p2a: KillerBees|226\/271|[from] item: Rocky Helmet|[of] p1a: Arcanine
|-enditem|p1a: Arcanine|Rocky Helmet|[from] move: Knock Off|[of] p2a: KillerBees
|
|turn|12
|
|move|p2a: KillerBees|Protect|p2a: KillerBees
|-singleturn|p2a: KillerBees|Protect
|move|p1a: Arcanine|Morning Sun|p1a: Arcanine
|-heal|p1a: Arcanine|384\/384
|
|turn|13
|
|switch|p2a: LongLiveTheKing|Nidoking, M, shiny|303\/303
|move|p1a: Arcanine|Will-O-Wisp|p2a: LongLiveTheKing
|-status|p2a: LongLiveTheKing|brn
|
|-damage|p2a: LongLiveTheKing|266\/303 brn|[from] brn
|turn|14
|
|switch|p1a: Umbreon|Umbreon, F, shiny|364\/394
|move|p2a: LongLiveTheKing|Earth Power|p1a: Umbreon
|-damage|p1a: Umbreon|276\/394
|
|-heal|p1a: Umbreon|300\/394|[from] item: Leftovers
|-damage|p2a: LongLiveTheKing|229\/303 brn|[from] brn
|turn|15
|
|switch|p2a: TentInMyPants|Tentacruel, M|267\/363
|move|p1a: Umbreon|Foul Play|p2a: TentInMyPants
|-damage|p2a: TentInMyPants|158\/363
|
|-heal|p2a: TentInMyPants|180\/363|[from] item: Black Sludge
|-heal|p1a: Umbreon|324\/394|[from] item: Leftovers
|turn|16
|
|move|p2a: TentInMyPants|Toxic|p1a: Umbreon
|-status|p1a: Umbreon|tox
|move|p1a: Umbreon|Heal Bell|p1a: Umbreon
|-cureteam|p1a: Umbreon|[from] move: HealBell
|
|-heal|p2a: TentInMyPants|202\/363|[from] item: Black Sludge
|-heal|p1a: Umbreon|348\/394|[from] item: Leftovers
|turn|17
|
|move|p2a: TentInMyPants|Knock Off|p1a: Umbreon
|-resisted|p1a: Umbreon
|-damage|p1a: Umbreon|325\/394
|-enditem|p1a: Umbreon|Leftovers|[from] move: Knock Off|[of] p2a: TentInMyPants
|move|p1a: Umbreon|Foul Play|p2a: TentInMyPants
|-damage|p2a: TentInMyPants|90\/363
|
|-heal|p2a: TentInMyPants|112\/363|[from] item: Black Sludge
|turn|18
|
|switch|p2a: HearingAid|Noivern, F|286\/311
|move|p1a: Umbreon|Foul Play|p2a: HearingAid
|-damage|p2a: HearingAid|183\/311
|
|turn|19
|
|move|p1a: Umbreon|Protect|p1a: Umbreon
|-singleturn|p1a: Umbreon|Protect
|move|p2a: HearingAid|U-turn|p1a: Umbreon
|-activate|p1a: Umbreon|Protect
|
|turn|20
|
|move|p2a: HearingAid|U-turn|p1a: Umbreon
|-supereffective|p1a: Umbreon
|-damage|p1a: Umbreon|253\/394
|
|switch|p2a: TheySeeMeRollin|Forretress, M|67\/353 brn
|move|p1a: Umbreon|Wish|p1a: Umbreon
|
|-heal|p2a: TheySeeMeRollin|89\/353 brn|[from] item: Leftovers
|-damage|p2a: TheySeeMeRollin|45\/353 brn|[from] brn
|turn|21
|
|move|p1a: Umbreon|Foul Play|p2a: TheySeeMeRollin
|-damage|p2a: TheySeeMeRollin|0 fnt
|faint|p2a: TheySeeMeRollin
|
|-heal|p1a: Umbreon|394\/394|[from] move: Wish|[wisher] Umbreon
|
|switch|p2a: KillerBees|Beedrill-Mega, F|226\/271
|turn|22
|
|switch|p1a: Arcanine|Arcanine, M|384\/384
|-ability|p1a: Arcanine|Intimidate|[of] p2a: KillerBees
|-unboost|p2a: KillerBees|atk|1
|move|p2a: KillerBees|U-turn|p1a: Arcanine
|-resisted|p1a: Arcanine
|-damage|p1a: Arcanine|328\/384
|
|switch|p2a: DogeOfDeath|Arcanine, M|241\/321 tox
|-ability|p2a: DogeOfDeath|Intimidate|[of] p1a: Arcanine
|-unboost|p1a: Arcanine|atk|1
|
|-damage|p2a: DogeOfDeath|221\/321 tox|[from] psn
|turn|23
|
|switch|p1a: Suicune|Suicune, shiny|404\/404
|-ability|p1a: Suicune|Pressure
|move|p2a: DogeOfDeath|Close Combat|p1a: Suicune
|-damage|p1a: Suicune|278\/404
|-unboost|p2a: DogeOfDeath|def|1
|-unboost|p2a: DogeOfDeath|spd|1
|-damage|p2a: DogeOfDeath|189\/321 tox|[from] item: Life Orb
|
|-heal|p1a: Suicune|303\/404|[from] item: Leftovers
|-damage|p2a: DogeOfDeath|149\/321 tox|[from] psn
|turn|24
|
|switch|p2a: TentInMyPants|Tentacruel, M|112\/363
|move|p1a: Suicune|Scald|p2a: TentInMyPants
|-resisted|p2a: TentInMyPants
|-damage|p2a: TentInMyPants|84\/363
|
|-heal|p2a: TentInMyPants|106\/363|[from] item: Black Sludge
|-heal|p1a: Suicune|328\/404|[from] item: Leftovers
|turn|25
|
|move|p2a: TentInMyPants|Knock Off|p1a: Suicune
|-damage|p1a: Suicune|293\/404
|-enditem|p1a: Suicune|Leftovers|[from] move: Knock Off|[of] p2a: TentInMyPants
|move|p1a: Suicune|Scald|p2a: TentInMyPants
|-resisted|p2a: TentInMyPants
|-damage|p2a: TentInMyPants|79\/363
|-status|p2a: TentInMyPants|brn
|
|-heal|p2a: TentInMyPants|101\/363 brn|[from] item: Black Sludge
|-damage|p2a: TentInMyPants|56\/363 brn|[from] brn
|turn|26
|
|switch|p1a: Jirachi|Jirachi|341\/341
|move|p2a: TentInMyPants|Toxic|p1a: Jirachi
|-fail|p1a: Jirachi
|
|-heal|p2a: TentInMyPants|78\/363 brn|[from] item: Black Sludge
|-damage|p2a: TentInMyPants|33\/363 brn|[from] brn
|turn|27
|
|move|p1a: Jirachi|Body Slam|p2a: TentInMyPants
|-damage|p2a: TentInMyPants|0 fnt
|faint|p2a: TentInMyPants
|
|
|switch|p2a: KillerBees|Beedrill-Mega, F|226\/271
|turn|28
|
|switch|p1a: Arcanine|Arcanine, M|328\/384
|-ability|p1a: Arcanine|Intimidate|[of] p2a: KillerBees
|-unboost|p2a: KillerBees|atk|1
|move|p2a: KillerBees|Knock Off|p1a: Arcanine
|-damage|p1a: Arcanine|278\/384
|
|turn|29
|
|switch|p2a: LongLiveTheKing|Nidoking, M, shiny|229\/303 brn
|move|p1a: Arcanine|Morning Sun|p1a: Arcanine
|-heal|p1a: Arcanine|384\/384
|
|-damage|p2a: LongLiveTheKing|192\/303 brn|[from] brn
|turn|30
|
|switch|p1a: Goodra|Goodra, M|384\/384
|move|p2a: LongLiveTheKing|Ice Beam|p1a: Goodra
|-crit|p1a: Goodra
|-supereffective|p1a: Goodra
|-damage|p1a: Goodra|226\/384
|
|-heal|p1a: Goodra|250\/384|[from] item: Leftovers
|-damage|p2a: LongLiveTheKing|155\/303 brn|[from] brn
|turn|31
|
|move|p2a: LongLiveTheKing|Ice Beam|p1a: Goodra
|-supereffective|p1a: Goodra
|-damage|p1a: Goodra|142\/384
|move|p1a: Goodra|Curse|p1a: Goodra
|-boost|p1a: Goodra|atk|1
|-boost|p1a: Goodra|def|1
|-unboost|p1a: Goodra|spe|1
|
|-heal|p1a: Goodra|166\/384|[from] item: Leftovers
|-damage|p2a: LongLiveTheKing|118\/303 brn|[from] brn
|turn|32
|
|move|p2a: LongLiveTheKing|Ice Beam|p1a: Goodra
|-crit|p1a: Goodra
|-supereffective|p1a: Goodra
|-damage|p1a: Goodra|8\/384
|move|p1a: Goodra|Rest|p1a: Goodra
|-status|p1a: Goodra|slp
|-heal|p1a: Goodra|384\/384 slp|[silent]
|-status|p1a: Goodra|slp|[from] move: Rest
|
|-damage|p2a: LongLiveTheKing|81\/303 brn|[from] brn
|turn|33
|
|switch|p2a: KillerBees|Beedrill-Mega, F|226\/271
|cant|p1a: Goodra|slp
|move|p1a: Goodra|Sleep Talk|p1a: Goodra
|move|p1a: Goodra|Curse|p1a: Goodra|[from]Sleep Talk
|-boost|p1a: Goodra|atk|1
|-boost|p1a: Goodra|def|1
|-unboost|p1a: Goodra|spe|1
|
|turn|34
|
|move|p2a: KillerBees|Knock Off|p1a: Goodra
|-damage|p1a: Goodra|305\/384 slp
|-enditem|p1a: Goodra|Leftovers|[from] move: Knock Off|[of] p2a: KillerBees
|cant|p1a: Goodra|slp
|move|p1a: Goodra|Sleep Talk|p1a: Goodra
|move|p1a: Goodra|Dragon Tail|p2a: KillerBees|[from]Sleep Talk
|-damage|p2a: KillerBees|0 fnt
|faint|p2a: KillerBees
|
|c|âZBEN|gooooooooooooooooooooooooooooodraaaaaaaaaaaaaaaa
|c|âdeltoise|it's all ogre
|
|switch|p2a: HearingAid|Noivern, F|183\/311
|turn|35
|
|move|p2a: HearingAid|Dragon Pulse|p1a: Goodra
|-supereffective|p1a: Goodra
|-damage|p1a: Goodra|161\/384 slp
|-curestatus|p1a: Goodra|slp
|move|p1a: Goodra|Dragon Tail|p2a: HearingAid
|-supereffective|p2a: HearingAid
|-damage|p2a: HearingAid|0 fnt
|faint|p2a: HearingAid
|
|c|âZBEN|so bulk
|
|switch|p2a: LongLiveTheKing|Nidoking, M, shiny|81\/303 brn
|turn|36
|
|move|p2a: LongLiveTheKing|Ice Beam|p1a: Goodra
|-supereffective|p1a: Goodra
|-damage|p1a: Goodra|39\/384
|move|p1a: Goodra|Rest|p1a: Goodra
|-status|p1a: Goodra|slp
|-heal|p1a: Goodra|384\/384 slp|[silent]
|-status|p1a: Goodra|slp|[from] move: Rest
|
|-damage|p2a: LongLiveTheKing|44\/303 brn|[from] brn
|turn|37
|
|move|p2a: LongLiveTheKing|Ice Beam|p1a: Goodra
|-supereffective|p1a: Goodra
|-damage|p1a: Goodra|274\/384 slp
|cant|p1a: Goodra|slp
|move|p1a: Goodra|Sleep Talk|p1a: Goodra
|move|p1a: Goodra|Dragon Tail|p2a: LongLiveTheKing|[from]Sleep Talk
|-damage|p2a: LongLiveTheKing|0 fnt
|faint|p2a: LongLiveTheKing
|
|
|switch|p2a: DogeOfDeath|Arcanine, M|149\/321 tox
|-ability|p2a: DogeOfDeath|Intimidate|[of] p1a: Goodra
|-unboost|p1a: Goodra|atk|1
|turn|38
|
|move|p2a: DogeOfDeath|Close Combat|p1a: Goodra
|-damage|p1a: Goodra|169\/384 slp
|-unboost|p2a: DogeOfDeath|def|1
|-unboost|p2a: DogeOfDeath|spd|1
|-damage|p2a: DogeOfDeath|117\/321 tox|[from] item: Life Orb
|cant|p1a: Goodra|slp
|move|p1a: Goodra|Sleep Talk|p1a: Goodra
|move|p1a: Goodra|Dragon Tail|p2a: DogeOfDeath|[from]Sleep Talk
|-crit|p2a: DogeOfDeath
|-damage|p2a: DogeOfDeath|0 fnt
|faint|p2a: DogeOfDeath
|
|win|ZBEN
|raw|Ladder updating...
|raw|ZBEN's rating: 1457 &rarr; <strong>1470<\/strong><br \/>(+13 for winning)
|raw|deltoise's rating: 1323 &rarr; <strong>1311<\/strong><br \/>(-12 for losing)
|c|âdeltoise|gg
|c|âZBEN|gg
|leave|deltoise
|player|p2