|join|ZBEN
|join|astrodiesel
|player|p1|ZBEN|169
|player|p2|astrodiesel|265
|gametype|singles
|gen|6
|tier|UU
|rated
|rule|Sleep Clause Mod: Limit one foe put to sleep
|rule|Species Clause: Limit one of each PokÃ©mon
|rule|OHKO Clause: OHKO moves are banned
|rule|Moody Clause: Moody is banned
|rule|Evasion Moves Clause: Evasion moves are banned
|rule|Endless Battle Clause: Forcing endless battles is banned
|rule|HP Percentage Mod: HP is shown in percentages
|clearpoke
|poke|p1|Suicune, shiny
|poke|p1|Gligar, F
|poke|p1|Umbreon, M, shiny
|poke|p1|Serperior, M
|poke|p1|Arcanine, M
|poke|p1|Jirachi
|poke|p2|Forretress, M
|poke|p2|Florges, F
|poke|p2|Machamp, M
|poke|p2|Blastoise, F
|poke|p2|Nidoking, M
|poke|p2|Trevenant, M
|rule|Swagger Clause: Swagger is banned
|rule|Baton Pass Clause: Limit one PokÃ©mon knowing Baton Pass
|teampreview
|
|start
|switch|p1a: Suicune|Suicune, shiny|404\/404
|switch|p2a: Forretress|Forretress, M|354\/354
|-ability|p1a: Suicune|Pressure
|turn|1
|
|move|p2a: Forretress|Protect|p2a: Forretress
|-singleturn|p2a: Forretress|Protect
|move|p1a: Suicune|Scald|p2a: Forretress
|-activate|p2a: Forretress|Protect
|
|turn|2
|
|switch|p2a: Trevenant|Trevenant, M|373\/373
|move|p1a: Suicune|Scald|p2a: Trevenant
|-resisted|p2a: Trevenant
|-damage|p2a: Trevenant|333\/373
|
|turn|3
|
|switch|p1a: Serperior|Serperior, M|354\/354
|move|p2a: Trevenant|Substitute|p2a: Trevenant
|-start|p2a: Trevenant|Substitute
|-damage|p2a: Trevenant|240\/373
|
|turn|4
|
|move|p1a: Serperior|Substitute|p1a: Serperior
|-start|p1a: Serperior|Substitute
|-damage|p1a: Serperior|266\/354
|move|p2a: Trevenant|Phantom Force|p1a: Serperior|[still]
|-prepare|p2a: Trevenant|Phantom Force|p1a: Serperior
|
|turn|5
|
|move|p1a: Serperior|Synthesis|p1a: Serperior
|-heal|p1a: Serperior|354\/354
|move|p2a: Trevenant|Phantom Force|p1a: Serperior
|-end|p1a: Serperior|Substitute
|
|turn|6
|
|move|p1a: Serperior|Substitute|p1a: Serperior
|-start|p1a: Serperior|Substitute
|-damage|p1a: Serperior|266\/354
|move|p2a: Trevenant|Phantom Force|p1a: Serperior|[still]
|-prepare|p2a: Trevenant|Phantom Force|p1a: Serperior
|
|turn|7
|
|move|p1a: Serperior|Synthesis|p1a: Serperior
|-heal|p1a: Serperior|354\/354
|move|p2a: Trevenant|Phantom Force|p1a: Serperior
|-end|p1a: Serperior|Substitute
|
|turn|8
|
|move|p1a: Serperior|Leaf Storm|p2a: Trevenant
|-resisted|p2a: Trevenant
|-end|p2a: Trevenant|Substitute
|-boost|p1a: Serperior|spa|2
|-damage|p1a: Serperior|319\/354|[from] item: Life Orb
|move|p2a: Trevenant|Phantom Force|p1a: Serperior|[still]
|-prepare|p2a: Trevenant|Phantom Force|p1a: Serperior
|
|turn|9
|
|move|p1a: Serperior|Substitute|p1a: Serperior
|-start|p1a: Serperior|Substitute
|-damage|p1a: Serperior|231\/354
|move|p2a: Trevenant|Phantom Force|p1a: Serperior
|-end|p1a: Serperior|Substitute
|
|turn|10
|
|switch|p2a: Machamp|Machamp, M|383\/383
|move|p1a: Serperior|Leaf Storm|p2a: Machamp
|-crit|p2a: Machamp
|-damage|p2a: Machamp|0 fnt
|-boost|p1a: Serperior|spa|2
|-damage|p1a: Serperior|196\/354|[from] item: Life Orb
|faint|p2a: Machamp
|
|
|switch|p2a: Florges|Florges, F|360\/360
|turn|11
|
|move|p1a: Serperior|Substitute|p1a: Serperior
|-start|p1a: Serperior|Substitute
|-damage|p1a: Serperior|108\/354
|move|p2a: Florges|Moonblast|p1a: Serperior
|-end|p1a: Serperior|Substitute
|
|turn|12
|
|move|p1a: Serperior|Synthesis|p1a: Serperior
|-heal|p1a: Serperior|285\/354
|move|p2a: Florges|Moonblast|p1a: Serperior
|-damage|p1a: Serperior|158\/354
|
|turn|13
|
|move|p1a: Serperior|Synthesis|p1a: Serperior
|-heal|p1a: Serperior|335\/354
|move|p2a: Florges|Moonblast|p1a: Serperior
|-damage|p1a: Serperior|200\/354
|-boost|p1a: Serperior|spa|1
|
|turn|14
|c|âZBEN|thx
|
|move|p1a: Serperior|Leaf Storm|p2a: Florges
|-damage|p2a: Florges|0 fnt
|-boost|p1a: Serperior|spa|2
|-damage|p1a: Serperior|165\/354|[from] item: Life Orb
|faint|p2a: Florges
|
|-message|astrodiesel forfeited.
|leave|astrodiesel
|
|win|ZBEN
|raw|Ladder updating...
|player|p2
|raw|ZBEN's rating: 1536 &rarr; <strong>1545<\/strong><br \/>(+9 for winning)
|raw|astrodiesel's rating: 1313 &rarr; <strong>1304<\/strong><br \/>(-9 for losing)