|join|zben
|join|pokemonisfun
|player|p1|zben|102
|player|p2|pokemonisfun|184
|gametype|singles
|gen|6
|tier|UU
|rated
|rule|Sleep Clause Mod: Limit one foe put to sleep
|rule|Species Clause: Limit one of each PokÃ©mon
|rule|OHKO Clause: OHKO moves are banned
|rule|Moody Clause: Moody is banned
|rule|Evasion Moves Clause: Evasion moves are banned
|rule|Endless Battle Clause: Forcing endless battles is banned
|rule|HP Percentage Mod: HP is shown in percentages
|clearpoke
|poke|p1|Suicune, shiny
|poke|p1|Gligar, M
|poke|p1|Umbreon, F, shiny
|poke|p1|Machamp, F
|poke|p1|Arcanine, F
|poke|p1|Jirachi
|poke|p2|Blissey, F
|poke|p2|Swampert, F
|poke|p2|Granbull, M
|poke|p2|Alomomola, M
|poke|p2|Crobat, F
|poke|p2|Celebi
|rule|Swagger Clause: Swagger is banned
|rule|Baton Pass Clause: Limit one PokÃ©mon knowing Baton Pass
|teampreview
|
|start
|switch|p1a: Gligar|Gligar, M|334\/334
|switch|p2a: bubblsy bubbles|Swampert, F|404\/404
|turn|1
|
|detailschange|p2a: bubblsy bubbles|Swampert-Mega, F
|-mega|p2a: bubblsy bubbles|Swampert|Swampertite
|move|p1a: Gligar|Knock Off|p2a: bubblsy bubbles
|-damage|p2a: bubblsy bubbles|367\/404
|move|p2a: bubblsy bubbles|Scald|p1a: Gligar
|-supereffective|p1a: Gligar
|-damage|p1a: Gligar|226\/334
|-status|p1a: Gligar|brn
|
|-damage|p1a: Gligar|185\/334 brn|[from] brn
|turn|2
|join|TheProstateKing
|
|switch|p1a: Umbreon|Umbreon, F, shiny|394\/394
|move|p2a: bubblsy bubbles|Scald|p1a: Umbreon
|-damage|p1a: Umbreon|343\/394
|
|-heal|p1a: Umbreon|367\/394|[from] item: Leftovers
|turn|3
|
|switch|p2a: onion fairy god|Celebi|396\/396
|move|p1a: Umbreon|Wish|p1a: Umbreon
|
|-heal|p1a: Umbreon|391\/394|[from] item: Leftovers
|turn|4
|
|switch|p1a: Gligar|Gligar, M|185\/334 brn
|move|p2a: onion fairy god|Stealth Rock|p1a: Gligar
|-sidestart|p1: zben|move: Stealth Rock
|
|-heal|p1a: Gligar|334\/334 brn|[from] move: Wish|[wisher] Umbreon
|-damage|p1a: Gligar|293\/334 brn|[from] brn
|turn|5
|
|move|p2a: onion fairy god|Giga Drain|p1a: Gligar
|-damage|p1a: Gligar|232\/334 brn
|move|p1a: Gligar|Defog|p2a: onion fairy god
|-unboost|p2a: onion fairy god|evasion|1
|-sideend|p1: zben|Stealth Rock|[from] move: Defog|[of] p1a: Gligar
|
|-damage|p1a: Gligar|191\/334 brn|[from] brn
|turn|6
|
|move|p2a: onion fairy god|Giga Drain|p1a: Gligar
|-damage|p1a: Gligar|136\/334 brn
|move|p1a: Gligar|Knock Off|p2a: onion fairy god
|-supereffective|p2a: onion fairy god
|-damage|p2a: onion fairy god|354\/396
|-enditem|p2a: onion fairy god|Leftovers|[from] move: Knock Off|[of] p1a: Gligar
|
|-damage|p1a: Gligar|95\/334 brn|[from] brn
|turn|7
|
|move|p2a: onion fairy god|Stealth Rock|p1a: Gligar
|-sidestart|p1: zben|move: Stealth Rock
|move|p1a: Gligar|Roost|p1a: Gligar
|-heal|p1a: Gligar|262\/334 brn
|
|-damage|p1a: Gligar|221\/334 brn|[from] brn
|turn|8
|
|move|p2a: onion fairy god|Giga Drain|p1a: Gligar
|-crit|p1a: Gligar
|-damage|p1a: Gligar|137\/334 brn
|-heal|p2a: onion fairy god|396\/396|[from] drain|[of] p1a: Gligar
|move|p1a: Gligar|Toxic|p2a: onion fairy god
|-status|p2a: onion fairy god|tox
|
|-damage|p2a: onion fairy god|372\/396 tox|[from] psn
|-damage|p1a: Gligar|96\/334 brn|[from] brn
|turn|9
|
|switch|p2a: bubblsy bubbles|Swampert-Mega, F|367\/404
|move|p1a: Gligar|Roost|p1a: Gligar
|-heal|p1a: Gligar|263\/334 brn
|
|-damage|p1a: Gligar|222\/334 brn|[from] brn
|turn|10
|
|move|p1a: Gligar|Roost|p1a: Gligar
|-heal|p1a: Gligar|334\/334 brn
|move|p2a: bubblsy bubbles|Scald|p1a: Gligar
|-crit|p1a: Gligar
|-supereffective|p1a: Gligar
|-damage|p1a: Gligar|146\/334 brn
|
|-damage|p1a: Gligar|105\/334 brn|[from] brn
|turn|11
|
|move|p1a: Gligar|Roost|p1a: Gligar
|-heal|p1a: Gligar|272\/334 brn
|move|p2a: bubblsy bubbles|Scald|p1a: Gligar
|-supereffective|p1a: Gligar
|-damage|p1a: Gligar|150\/334 brn
|
|-damage|p1a: Gligar|109\/334 brn|[from] brn
|turn|12
|
|switch|p1a: Umbreon|Umbreon, F, shiny|391\/394
|-damage|p1a: Umbreon|342\/394|[from] Stealth Rock
|move|p2a: bubblsy bubbles|Scald|p1a: Umbreon
|-damage|p1a: Umbreon|282\/394
|
|-heal|p1a: Umbreon|306\/394|[from] item: Leftovers
|turn|13
|
|switch|p2a: batsy watzy|Crobat, F|373\/373
|move|p1a: Umbreon|Heal Bell|p1a: Umbreon
|-cureteam|p1a: Umbreon|[from] move: HealBell
|
|-heal|p1a: Umbreon|330\/394|[from] item: Leftovers
|turn|14
|
|move|p1a: Umbreon|Protect|p1a: Umbreon
|-singleturn|p1a: Umbreon|Protect
|move|p2a: batsy watzy|Brave Bird|p1a: Umbreon
|-activate|p1a: Umbreon|Protect
|
|-heal|p1a: Umbreon|354\/394|[from] item: Leftovers
|turn|15
|
|switch|p1a: Jirachi|Jirachi|341\/341
|-damage|p1a: Jirachi|320\/341|[from] Stealth Rock
|move|p2a: batsy watzy|Brave Bird|p1a: Jirachi
|-resisted|p1a: Jirachi
|-damage|p1a: Jirachi|256\/341
|-damage|p2a: batsy watzy|352\/373|[from] recoil|[of] p1a: Jirachi
|
|-heal|p2a: batsy watzy|373\/373|[from] item: Black Sludge
|turn|16
|
|switch|p2a: bubblsy bubbles|Swampert-Mega, F|367\/404
|move|p1a: Jirachi|Stealth Rock|p2a: bubblsy bubbles
|-sidestart|p2: pokemonisfun|move: Stealth Rock
|
|turn|17
|
|switch|p1a: Suicune|Suicune, shiny|404\/404
|-damage|p1a: Suicune|354\/404|[from] Stealth Rock
|-ability|p1a: Suicune|Pressure
|move|p2a: bubblsy bubbles|Earthquake|p1a: Suicune
|-damage|p1a: Suicune|242\/404
|
|-heal|p1a: Suicune|267\/404|[from] item: Leftovers
|turn|18
|
|switch|p2a: Mega Chansey|Blissey, F|656\/656
|-damage|p2a: Mega Chansey|574\/656|[from] Stealth Rock
|move|p1a: Suicune|Scald|p2a: Mega Chansey
|-damage|p2a: Mega Chansey|526\/656
|
|-heal|p1a: Suicune|292\/404|[from] item: Leftovers
|-heal|p2a: Mega Chansey|567\/656|[from] item: Leftovers
|turn|19
|
|move|p1a: Suicune|Scald|p2a: Mega Chansey
|-damage|p2a: Mega Chansey|512\/656
|-status|p2a: Mega Chansey|brn
|move|p2a: Mega Chansey|Toxic|p1a: Suicune|[miss]
|-miss|p2a: Mega Chansey|p1a: Suicune
|
|-heal|p1a: Suicune|317\/404|[from] item: Leftovers
|-heal|p2a: Mega Chansey|553\/656 brn|[from] item: Leftovers
|-damage|p2a: Mega Chansey|471\/656 brn|[from] brn
|turn|20
|
|switch|p1a: Machamp|Machamp, F|384\/384
|-damage|p1a: Machamp|360\/384|[from] Stealth Rock
|move|p2a: Mega Chansey|Seismic Toss|p1a: Machamp
|-damage|p1a: Machamp|260\/384
|
|-heal|p2a: Mega Chansey|512\/656 brn|[from] item: Leftovers
|-damage|p2a: Mega Chansey|430\/656 brn|[from] brn
|turn|21
|
|switch|p2a: woofy woof woof|Granbull, M|384\/384
|-damage|p2a: woofy woof woof|336\/384|[from] Stealth Rock
|-ability|p2a: woofy woof woof|Intimidate|[of] p1a: Machamp
|-unboost|p1a: Machamp|atk|1
|move|p1a: Machamp|Knock Off|p2a: woofy woof woof
|-resisted|p2a: woofy woof woof
|-damage|p2a: woofy woof woof|281\/384
|-enditem|p2a: woofy woof woof|Leftovers|[from] move: Knock Off|[of] p1a: Machamp
|
|turn|22
|
|switch|p1a: Jirachi|Jirachi|256\/341
|-damage|p1a: Jirachi|235\/341|[from] Stealth Rock
|move|p2a: woofy woof woof|Play Rough|p1a: Jirachi
|-resisted|p1a: Jirachi
|-damage|p1a: Jirachi|171\/341
|
|turn|23
|
|switch|p2a: swimmy swim|Alomomola, M|471\/471
|-damage|p2a: swimmy swim|413\/471|[from] Stealth Rock
|move|p1a: Jirachi|U-turn|p2a: swimmy swim
|-damage|p2a: swimmy swim|356\/471
|
|switch|p1a: Umbreon|Umbreon, F, shiny|354\/394
|-damage|p1a: Umbreon|305\/394|[from] Stealth Rock
|
|-heal|p2a: swimmy swim|385\/471|[from] item: Leftovers
|-heal|p1a: Umbreon|329\/394|[from] item: Leftovers
|turn|24
|leave|zben
|player|p1
|join|zben
|player|p1|zben|102
|
|move|p2a: swimmy swim|Wish|p2a: swimmy swim
|move|p1a: Umbreon|Wish|p1a: Umbreon
|
|-heal|p2a: swimmy swim|414\/471|[from] item: Leftovers
|-heal|p1a: Umbreon|353\/394|[from] item: Leftovers
|turn|25
|
|switch|p1a: Jirachi|Jirachi|171\/341
|-damage|p1a: Jirachi|150\/341|[from] Stealth Rock
|move|p2a: swimmy swim|Toxic|p1a: Jirachi
|-fail|p1a: Jirachi
|
|-heal|p1a: Jirachi|341\/341|[from] move: Wish|[wisher] Umbreon
|-heal|p2a: swimmy swim|471\/471|[from] move: Wish|[wisher] swimmy swim
|turn|26
|
|move|p2a: swimmy swim|Protect|p2a: swimmy swim
|-singleturn|p2a: swimmy swim|Protect
|move|p1a: Jirachi|Trick|p2a: swimmy swim
|-activate|p2a: swimmy swim|Protect
|
|turn|27
|
|switch|p1a: Umbreon|Umbreon, F, shiny|353\/394
|-damage|p1a: Umbreon|304\/394|[from] Stealth Rock
|switch|p2a: bubblsy bubbles|Swampert-Mega, F|367\/404
|-damage|p2a: bubblsy bubbles|342\/404|[from] Stealth Rock
|
|-heal|p1a: Umbreon|328\/394|[from] item: Leftovers
|turn|28
|
|switch|p2a: Mega Chansey|Blissey, F|430\/656
|-damage|p2a: Mega Chansey|348\/656|[from] Stealth Rock
|move|p1a: Umbreon|Wish|p1a: Umbreon
|
|-heal|p1a: Umbreon|352\/394|[from] item: Leftovers
|-heal|p2a: Mega Chansey|389\/656|[from] item: Leftovers
|turn|29
|
|switch|p1a: Machamp|Machamp, F|260\/384
|-damage|p1a: Machamp|236\/384|[from] Stealth Rock
|move|p2a: Mega Chansey|Seismic Toss|p1a: Machamp
|-damage|p1a: Machamp|136\/384
|
|-heal|p1a: Machamp|333\/384|[from] move: Wish|[wisher] Umbreon
|-heal|p2a: Mega Chansey|430\/656|[from] item: Leftovers
|turn|30
|
|switch|p2a: woofy woof woof|Granbull, M|281\/384
|-damage|p2a: woofy woof woof|233\/384|[from] Stealth Rock
|-ability|p2a: woofy woof woof|Intimidate|[of] p1a: Machamp
|-unboost|p1a: Machamp|atk|1
|move|p1a: Machamp|Close Combat|p2a: woofy woof woof
|-resisted|p2a: woofy woof woof
|-damage|p2a: woofy woof woof|131\/384
|-unboost|p1a: Machamp|def|1
|-unboost|p1a: Machamp|spd|1
|
|turn|31
|
|switch|p1a: Jirachi|Jirachi|341\/341
|-damage|p1a: Jirachi|320\/341|[from] Stealth Rock
|move|p2a: woofy woof woof|Rest|p2a: woofy woof woof
|-status|p2a: woofy woof woof|slp
|-heal|p2a: woofy woof woof|384\/384 slp|[silent]
|-status|p2a: woofy woof woof|slp|[from] move: Rest
|
|turn|32
|
|switch|p2a: bubblsy bubbles|Swampert-Mega, F|342\/404
|-damage|p2a: bubblsy bubbles|317\/404|[from] Stealth Rock
|move|p1a: Jirachi|U-turn|p2a: bubblsy bubbles
|-damage|p2a: bubblsy bubbles|250\/404
|
|switch|p1a: Suicune|Suicune, shiny|317\/404
|-damage|p1a: Suicune|267\/404|[from] Stealth Rock
|-ability|p1a: Suicune|Pressure
|
|-heal|p1a: Suicune|292\/404|[from] item: Leftovers
|turn|33
|
|switch|p1a: Jirachi|Jirachi|320\/341
|-damage|p1a: Jirachi|299\/341|[from] Stealth Rock
|move|p2a: bubblsy bubbles|Rest|p2a: bubblsy bubbles
|-status|p2a: bubblsy bubbles|slp
|-heal|p2a: bubblsy bubbles|404\/404 slp|[silent]
|-status|p2a: bubblsy bubbles|slp|[from] move: Rest
|
|turn|34
|
|move|p1a: Jirachi|Trick|p2a: bubblsy bubbles
|-fail|p2a: bubblsy bubbles
|cant|p2a: bubblsy bubbles|slp
|move|p2a: bubblsy bubbles|Sleep Talk|p2a: bubblsy bubbles
|move|p2a: bubblsy bubbles|Scald|p1a: Jirachi|[from]Sleep Talk
|-damage|p1a: Jirachi|209\/341
|
|turn|35
|
|switch|p1a: Umbreon|Umbreon, F, shiny|352\/394
|-damage|p1a: Umbreon|303\/394|[from] Stealth Rock
|cant|p2a: bubblsy bubbles|slp
|move|p2a: bubblsy bubbles|Sleep Talk|p2a: bubblsy bubbles
|move|p2a: bubblsy bubbles|Rest|p2a: bubblsy bubbles|[from]Sleep Talk
|-fail|p2a: bubblsy bubbles
|
|-heal|p1a: Umbreon|327\/394|[from] item: Leftovers
|turn|36
|
|switch|p2a: Mega Chansey|Blissey, F|430\/656
|-damage|p2a: Mega Chansey|348\/656|[from] Stealth Rock
|move|p1a: Umbreon|Foul Play|p2a: Mega Chansey
|-damage|p2a: Mega Chansey|326\/656
|
|-heal|p1a: Umbreon|351\/394|[from] item: Leftovers
|-heal|p2a: Mega Chansey|367\/656|[from] item: Leftovers
|turn|37
|
|move|p1a: Umbreon|Wish|p1a: Umbreon
|move|p2a: Mega Chansey|Heal Bell|p2a: Mega Chansey
|-cureteam|p2a: Mega Chansey|[from] move: HealBell
|
|-heal|p1a: Umbreon|375\/394|[from] item: Leftovers
|-heal|p2a: Mega Chansey|408\/656|[from] item: Leftovers
|turn|38
|
|switch|p1a: Jirachi|Jirachi|209\/341
|-damage|p1a: Jirachi|188\/341|[from] Stealth Rock
|move|p2a: Mega Chansey|Seismic Toss|p1a: Jirachi
|-damage|p1a: Jirachi|88\/341
|
|-heal|p1a: Jirachi|285\/341|[from] move: Wish|[wisher] Umbreon
|-heal|p2a: Mega Chansey|449\/656|[from] item: Leftovers
|turn|39
|
|switch|p2a: bubblsy bubbles|Swampert-Mega, F|404\/404
|-damage|p2a: bubblsy bubbles|379\/404|[from] Stealth Rock
|move|p1a: Jirachi|U-turn|p2a: bubblsy bubbles
|-damage|p2a: bubblsy bubbles|309\/404
|
|switch|p1a: Gligar|Gligar, M|109\/334
|-damage|p1a: Gligar|68\/334|[from] Stealth Rock
|
|turn|40
|
|move|p1a: Gligar|Roost|p1a: Gligar
|-heal|p1a: Gligar|235\/334
|move|p2a: bubblsy bubbles|Scald|p1a: Gligar
|-supereffective|p1a: Gligar
|-damage|p1a: Gligar|115\/334
|
|turn|41
|
|move|p1a: Gligar|Roost|p1a: Gligar
|-heal|p1a: Gligar|282\/334
|move|p2a: bubblsy bubbles|Scald|p1a: Gligar
|-supereffective|p1a: Gligar
|-damage|p1a: Gligar|174\/334
|
|turn|42
|
|switch|p1a: Umbreon|Umbreon, F, shiny|375\/394
|-damage|p1a: Umbreon|326\/394|[from] Stealth Rock
|move|p2a: bubblsy bubbles|Scald|p1a: Umbreon
|-damage|p1a: Umbreon|272\/394
|
|-heal|p1a: Umbreon|296\/394|[from] item: Leftovers
|turn|43
|
|switch|p1a: Machamp|Machamp, F|333\/384
|-damage|p1a: Machamp|309\/384|[from] Stealth Rock
|switch|p2a: Mega Chansey|Blissey, F|449\/656
|-damage|p2a: Mega Chansey|367\/656|[from] Stealth Rock
|
|-heal|p2a: Mega Chansey|408\/656|[from] item: Leftovers
|turn|44
|
|switch|p2a: onion fairy god|Celebi|372\/396
|-damage|p2a: onion fairy god|323\/396|[from] Stealth Rock
|move|p1a: Machamp|Ice Punch|p2a: onion fairy god
|-supereffective|p2a: onion fairy god
|-damage|p2a: onion fairy god|117\/396
|
|turn|45
|
|switch|p2a: swimmy swim|Alomomola, M|471\/471
|-damage|p2a: swimmy swim|413\/471|[from] Stealth Rock
|move|p1a: Machamp|Ice Punch|p2a: swimmy swim
|-resisted|p2a: swimmy swim
|-damage|p2a: swimmy swim|355\/471
|
|-heal|p2a: swimmy swim|384\/471|[from] item: Leftovers
|turn|46
|
|move|p2a: swimmy swim|Wish|p2a: swimmy swim
|move|p1a: Machamp|Ice Punch|p2a: swimmy swim
|-resisted|p2a: swimmy swim
|-damage|p2a: swimmy swim|319\/471
|
|-heal|p2a: swimmy swim|348\/471|[from] item: Leftovers
|turn|47
|leave|zben
|player|p1
|-message|zben lost due to inactivity.
|
|win|pokemonisfun
|raw|Ladder updating...
|raw|zben's rating: 1592 &rarr; <strong>1578<\/strong><br \/>(-14 for losing)
|raw|pokemonisfun's rating: 1688 &rarr; <strong>1703<\/strong><br \/>(+15 for winning)