|join|hanjiplayer
|join|ZBEN
|player|p1|hanjiplayer|209
|player|p2|ZBEN|1
|gametype|singles
|gen|6
|tier|UU
|rated
|rule|Sleep Clause Mod: Limit one foe put to sleep
|rule|Species Clause: Limit one of each PokÃ©mon
|rule|OHKO Clause: OHKO moves are banned
|rule|Moody Clause: Moody is banned
|rule|Evasion Moves Clause: Evasion moves are banned
|rule|Endless Battle Clause: Forcing endless battles is banned
|rule|HP Percentage Mod: HP is shown in percentages
|clearpoke
|poke|p1|Blissey, F
|poke|p1|Nidoqueen, F
|poke|p1|Chesnaught, F
|poke|p1|Arcanine, M
|poke|p1|Granbull, M
|poke|p1|Blastoise, M
|poke|p2|Suicune, shiny
|poke|p2|Gligar, F
|poke|p2|Umbreon, F, shiny
|poke|p2|Serperior, M
|poke|p2|Arcanine, F
|poke|p2|Jirachi
|rule|Swagger Clause: Swagger is banned
|rule|Baton Pass Clause: Limit one PokÃ©mon knowing Baton Pass
|teampreview
|
|start
|switch|p1a: Nidoqueen|Nidoqueen, F|383\/383
|switch|p2a: Suicune|Suicune, shiny|404\/404
|-ability|p2a: Suicune|Pressure
|turn|1
|
|switch|p1a: Blastoise|Blastoise, M|361\/361
|move|p2a: Suicune|Scald|p1a: Blastoise
|-crit|p1a: Blastoise
|-resisted|p1a: Blastoise
|-damage|p1a: Blastoise|300\/361
|-status|p1a: Blastoise|brn
|
|-damage|p1a: Blastoise|255\/361 brn|[from] brn
|turn|2
|
|detailschange|p1a: Blastoise|Blastoise-Mega, M
|-mega|p1a: Blastoise|Blastoise|Blastoisinite
|move|p2a: Suicune|Mirror Coat|p1a: Blastoise
|-fail|p1a: Blastoise
|move|p1a: Blastoise|Roar|p2a: Suicune
|drag|p2a: Jirachi|Jirachi|341\/341
|
|-damage|p1a: Blastoise|210\/361 brn|[from] brn
|turn|3
|
|switch|p1a: Arcanine|Arcanine, M|383\/383
|-ability|p1a: Arcanine|Intimidate|[of] p2a: Jirachi
|-unboost|p2a: Jirachi|atk|1
|move|p2a: Jirachi|U-turn|p1a: Arcanine
|-resisted|p1a: Arcanine
|-damage|p1a: Arcanine|364\/383
|-damage|p2a: Jirachi|285\/341|[from] item: Rocky Helmet|[of] p1a: Arcanine
|
|switch|p2a: Arcanine|Arcanine, F|384\/384
|-ability|p2a: Arcanine|Intimidate|[of] p1a: Arcanine
|-unboost|p1a: Arcanine|atk|1
|
|turn|4
|
|switch|p1a: Granbull|Granbull, M|383\/383
|-ability|p1a: Granbull|Intimidate|[of] p2a: Arcanine
|-unboost|p2a: Arcanine|atk|1
|switch|p2a: Suicune|Suicune, shiny|404\/404
|-ability|p2a: Suicune|Pressure
|
|turn|5
|
|switch|p2a: Jirachi|Jirachi|285\/341
|move|p1a: Granbull|Heal Bell|p1a: Granbull
|-cureteam|p1a: Granbull|[from] move: HealBell
|
|turn|6
|
|switch|p1a: Arcanine|Arcanine, M|364\/383
|-ability|p1a: Arcanine|Intimidate|[of] p2a: Jirachi
|-unboost|p2a: Jirachi|atk|1
|move|p2a: Jirachi|Stealth Rock|p1a: Arcanine
|-sidestart|p1: hanjiplayer|move: Stealth Rock
|
|turn|7
|
|switch|p2a: Suicune|Suicune, shiny|404\/404
|-ability|p2a: Suicune|Pressure
|move|p1a: Arcanine|Flare Blitz|p2a: Suicune
|-resisted|p2a: Suicune
|-damage|p2a: Suicune|345\/404
|-damage|p1a: Arcanine|345\/383|[from] recoil|[of] p2a: Suicune
|
|-heal|p2a: Suicune|370\/404|[from] item: Leftovers
|turn|8
|
|switch|p1a: Chesnaught|Chesnaught, F|380\/380
|-damage|p1a: Chesnaught|357\/380|[from] Stealth Rock
|switch|p2a: Serperior|Serperior, M|354\/354
|
|-heal|p1a: Chesnaught|380\/380|[from] item: Leftovers
|turn|9
|
|move|p2a: Serperior|Mean Look|p1a: Chesnaught
|-activate|p1a: Chesnaught|trapped
|move|p1a: Chesnaught|Drain Punch|p2a: Serperior
|-damage|p2a: Serperior|263\/354
|
|turn|10
|
|move|p2a: Serperior|Leaf Storm|p1a: Chesnaught
|-resisted|p1a: Chesnaught
|-damage|p1a: Chesnaught|225\/380
|-boost|p2a: Serperior|spa|2
|-damage|p2a: Serperior|228\/354|[from] item: Life Orb
|move|p1a: Chesnaught|Drain Punch|p2a: Serperior
|-damage|p2a: Serperior|131\/354
|-heal|p1a: Chesnaught|274\/380|[from] drain|[of] p2a: Serperior
|
|-heal|p1a: Chesnaught|297\/380|[from] item: Leftovers
|turn|11
|
|move|p1a: Chesnaught|Spiky Shield|p1a: Chesnaught
|-singleturn|p1a: Chesnaught|move: Protect
|move|p2a: Serperior|Synthesis|p2a: Serperior
|-heal|p2a: Serperior|308\/354
|
|-heal|p1a: Chesnaught|320\/380|[from] item: Leftovers
|turn|12
|-message|hanjiplayer forfeited.
|leave|hanjiplayer
|
|win|ZBEN
|raw|Ladder updating...
|player|p1
|raw|hanjiplayer's rating: 1408 &rarr; <strong>1396<\/strong><br \/>(-12 for losing)
|raw|ZBEN's rating: 1545 &rarr; <strong>1557<\/strong><br \/>(+12 for winning)