|join|ZBEN
|join|JustTestingBruh
|player|p1|ZBEN|102
|player|p2|JustTestingBruh|101
|gametype|singles
|gen|6
|tier|UU
|rated
|rule|Sleep Clause Mod: Limit one foe put to sleep
|rule|Species Clause: Limit one of each PokÃ©mon
|rule|OHKO Clause: OHKO moves are banned
|rule|Moody Clause: Moody is banned
|rule|Evasion Moves Clause: Evasion moves are banned
|rule|Endless Battle Clause: Forcing endless battles is banned
|rule|HP Percentage Mod: HP is shown in percentages
|clearpoke
|poke|p1|Suicune, shiny
|poke|p1|Gligar, M
|poke|p1|Umbreon, F, shiny
|poke|p1|Machamp, F
|poke|p1|Arcanine, M
|poke|p1|Jirachi
|poke|p2|Serperior, F, shiny
|poke|p2|Entei, shiny
|poke|p2|Sharpedo, M
|poke|p2|Nidoking, M
|poke|p2|Krookodile, M
|poke|p2|Mienshao, M
|rule|Swagger Clause: Swagger is banned
|rule|Baton Pass Clause: Limit one PokÃ©mon knowing Baton Pass
|teampreview
|
|start
|switch|p1a: Suicune|Suicune, shiny|404\/404
|switch|p2a: Jake the Dog|Entei, shiny|371\/371
|-ability|p2a: Jake the Dog|Pressure
|-ability|p1a: Suicune|Pressure
|turn|1
|
|switch|p2a: Bender|Serperior, F, shiny|291\/291
|move|p1a: Suicune|Ice Beam|p2a: Bender
|-supereffective|p2a: Bender
|-damage|p2a: Bender|155\/291
|
|turn|2
|
|switch|p1a: Jirachi|Jirachi|341\/341
|move|p2a: Bender|Leaf Storm|p1a: Jirachi
|-resisted|p1a: Jirachi
|-damage|p1a: Jirachi|228\/341
|-boost|p2a: Bender|spa|2
|-damage|p2a: Bender|126\/291|[from] item: Life Orb
|
|turn|3
|
|switch|p2a: Tony Romo|Mienshao, M|271\/271
|move|p1a: Jirachi|U-turn|p2a: Tony Romo
|-resisted|p2a: Tony Romo
|-damage|p2a: Tony Romo|222\/271
|c|âZBEN|contrary is allowed in UU
|
|switch|p1a: Arcanine|Arcanine, M|384\/384
|-ability|p1a: Arcanine|Intimidate|[of] p2a: Tony Romo
|-unboost|p2a: Tony Romo|atk|1
|
|turn|4
|
|switch|p2a: Chandler Bing|Nidoking, M|303\/303
|move|p1a: Arcanine|Toxic|p2a: Chandler Bing
|-fail|p2a: Chandler Bing
|
|turn|5
|
|switch|p1a: Umbreon|Umbreon, F, shiny|394\/394
|move|p2a: Chandler Bing|Earth Power|p1a: Umbreon
|-damage|p1a: Umbreon|269\/394
|
|-heal|p1a: Umbreon|293\/394|[from] item: Leftovers
|turn|6
|
|switch|p2a: Tony Romo|Mienshao, M|222\/271
|move|p1a: Umbreon|Wish|p1a: Umbreon
|
|-heal|p1a: Umbreon|317\/394|[from] item: Leftovers
|turn|7
|
|move|p1a: Umbreon|Protect|p1a: Umbreon
|-singleturn|p1a: Umbreon|Protect
|move|p2a: Tony Romo|Knock Off|p1a: Umbreon
|-activate|p1a: Umbreon|Protect
|
|-heal|p1a: Umbreon|394\/394|[from] move: Wish|[wisher] Umbreon
|turn|8
|
|switch|p1a: Arcanine|Arcanine, M|384\/384
|-ability|p1a: Arcanine|Intimidate|[of] p2a: Tony Romo
|-unboost|p2a: Tony Romo|atk|1
|move|p2a: Tony Romo|High Jump Kick|p1a: Arcanine
|-damage|p1a: Arcanine|192\/384
|-damage|p2a: Tony Romo|177\/271|[from] item: Rocky Helmet|[of] p1a: Arcanine
|-damage|p2a: Tony Romo|150\/271|[from] item: Life Orb
|
|turn|9
|
|move|p2a: Tony Romo|High Jump Kick|p1a: Arcanine
|-damage|p1a: Arcanine|0 fnt
|-damage|p2a: Tony Romo|105\/271|[from] item: Rocky Helmet|[of] p1a: Arcanine
|-damage|p2a: Tony Romo|78\/271|[from] item: Life Orb
|faint|p1a: Arcanine
|
|
|switch|p1a: Jirachi|Jirachi|228\/341
|turn|10
|
|move|p1a: Jirachi|Iron Head|p2a: Tony Romo
|-damage|p2a: Tony Romo|0 fnt
|faint|p2a: Tony Romo
|
|
|switch|p2a: Jake the Dog|Entei, shiny|371\/371
|-ability|p2a: Jake the Dog|Pressure
|turn|11
|
|switch|p1a: Suicune|Suicune, shiny|404\/404
|-ability|p1a: Suicune|Pressure
|switch|p2a: Bender|Serperior, F, shiny|126\/291
|
|turn|12
|
|move|p2a: Bender|Leaf Storm|p1a: Suicune
|-supereffective|p1a: Suicune
|-damage|p1a: Suicune|61\/404
|-boost|p2a: Bender|spa|2
|-damage|p2a: Bender|97\/291|[from] item: Life Orb
|move|p1a: Suicune|Ice Beam|p2a: Bender
|-supereffective|p2a: Bender
|-damage|p2a: Bender|0 fnt
|faint|p2a: Bender
|
|-heal|p1a: Suicune|86\/404|[from] item: Leftovers
|
|switch|p2a: Chandler Bing|Nidoking, M|303\/303
|turn|13
|
|move|p2a: Chandler Bing|Earth Power|p1a: Suicune
|-damage|p1a: Suicune|0 fnt
|faint|p1a: Suicune
|
|
|switch|p1a: Machamp|Machamp, F|384\/384
|turn|14
|
|move|p2a: Chandler Bing|Earth Power|p1a: Machamp
|-damage|p1a: Machamp|157\/384
|move|p1a: Machamp|Ice Punch|p2a: Chandler Bing
|-supereffective|p2a: Chandler Bing
|-damage|p2a: Chandler Bing|0 fnt
|faint|p2a: Chandler Bing
|
|
|switch|p2a: Mordecai|Sharpedo, M|281\/281
|turn|15
|
|switch|p1a: Umbreon|Umbreon, F, shiny|394\/394
|move|p2a: Mordecai|Zen Headbutt|p1a: Umbreon
|-immune|p1a: Umbreon|[msg]
|
|-boost|p2a: Mordecai|spe|1|[from] ability: Speed Boost
|turn|16
|
|switch|p2a: Jake the Dog|Entei, shiny|371\/371
|-ability|p2a: Jake the Dog|Pressure
|move|p1a: Umbreon|Foul Play|p2a: Jake the Dog
|-damage|p2a: Jake the Dog|160\/371
|
|turn|17
|
|switch|p1a: Machamp|Machamp, F|157\/384
|move|p2a: Jake the Dog|Sacred Fire|p1a: Machamp
|-damage|p1a: Machamp|0 fnt
|-damage|p2a: Jake the Dog|123\/371|[from] item: Life Orb
|faint|p1a: Machamp
|
|
|switch|p1a: Jirachi|Jirachi|228\/341
|turn|18
|
|move|p1a: Jirachi|Iron Head|p2a: Jake the Dog
|-resisted|p2a: Jake the Dog
|-damage|p2a: Jake the Dog|57\/371
|cant|p2a: Jake the Dog|flinch
|
|turn|19
|
|move|p1a: Jirachi|Iron Head|p2a: Jake the Dog
|-resisted|p2a: Jake the Dog
|-damage|p2a: Jake the Dog|0 fnt
|faint|p2a: Jake the Dog
|
|
|switch|p2a: Heisenberg|Krookodile, M|331\/331
|turn|20
|
|switch|p1a: Gligar|Gligar, M|334\/334
|move|p2a: Heisenberg|Superpower|p1a: Gligar
|-resisted|p1a: Gligar
|-damage|p1a: Gligar|291\/334
|-unboost|p2a: Heisenberg|atk|1
|-unboost|p2a: Heisenberg|def|1
|
|turn|21
|c|âJustTestingBruh|gg
|-message|JustTestingBruh forfeited.
|leave|JustTestingBruh
|
|win|ZBEN
|raw|Ladder updating...
|player|p2
|raw|ZBEN's rating: 1574 &rarr; <strong>1585<\/strong><br \/>(+11 for winning)
|raw|JustTestingBruh's rating: 1407 &rarr; <strong>1396<\/strong><br \/>(-11 for losing)