|join|tbhisuck
|join|gauchoninja
|player|p1|tbhisuck|281
|player|p2|gauchoninja|99
|gametype|singles
|gen|6
|tier|OU
|rated
|clearpoke
|poke|p1|Charizard, F
|poke|p1|Tyranitar, F
|poke|p1|Excadrill, M
|poke|p1|Empoleon, M
|poke|p1|Celebi
|poke|p1|Landorus-Therian, M
|poke|p2|Sceptile, M
|poke|p2|Togekiss, M
|poke|p2|Lucario, M
|poke|p2|Scizor, F, shiny
|poke|p2|Talonflame, F
|poke|p2|Greninja, M
|rule|Swagger Clause: Swagger is banned
|rule|Baton Pass Clause: Limit one PokÃ©mon knowing Baton Pass
|rule|Sleep Clause Mod: Limit one foe put to sleep
|rule|Species Clause: Limit one of each PokÃ©mon
|rule|OHKO Clause: OHKO moves are banned
|rule|Moody Clause: Moody is banned
|rule|Evasion Moves Clause: Evasion moves are banned
|rule|Endless Battle Clause: Forcing endless battles is banned
|rule|HP Percentage Mod: HP is shown in percentages
|teampreview
|join|Jukain
|join|Alvadora
|
|start
|switch|p1a: Landorus-Therian|Landorus-Therian, M|319\/319
|switch|p2a: Meruem|Scizor, F, shiny|344\/344
|-ability|p1a: Landorus-Therian|Intimidate|[of] p2a: Meruem
|-unboost|p2a: Meruem|atk|1
|turn|1
|
|move|p1a: Landorus-Therian|U-turn|p2a: Meruem
|-resisted|p2a: Meruem
|-damage|p2a: Meruem|313\/344
|-damage|p1a: Landorus-Therian|266\/319|[from] item: Rocky Helmet|[of] p2a: Meruem
|
|switch|p1a: Charizard|Charizard, F|297\/297
|move|p2a: Meruem|U-turn|p1a: Charizard
|-resisted|p1a: Charizard
|-damage|p1a: Charizard|276\/297
|
|switch|p2a: Mega Man|Greninja, M|286\/286
|
|turn|2
|
|switch|p1a: Empoleon|Empoleon, M|372\/372
|move|p2a: Mega Man|Rock Slide|p1a: Empoleon
|-start|p2a: Mega Man|typechange|Rock|[from] Protean
|-resisted|p1a: Empoleon
|-damage|p1a: Empoleon|330\/372
|
|-heal|p1a: Empoleon|353\/372|[from] item: Leftovers
|turn|3
|c|âtbhisuck|the fuck
|c|âtbhisuck|am i this low on the ladder
|
|move|p2a: Mega Man|Power-Up Punch|p1a: Empoleon
|-start|p2a: Mega Man|typechange|Fighting|[from] Protean
|-supereffective|p1a: Empoleon
|-damage|p1a: Empoleon|250\/372
|-boost|p2a: Mega Man|atk|1
|move|p1a: Empoleon|Stealth Rock|p2a: Mega Man
|-sidestart|p2: gauchoninja|move: Stealth Rock
|
|-heal|p1a: Empoleon|273\/372|[from] item: Leftovers
|turn|4
|
|move|p2a: Mega Man|Power-Up Punch|p1a: Empoleon
|-supereffective|p1a: Empoleon
|-damage|p1a: Empoleon|119\/372
|-boost|p2a: Mega Man|atk|1
|move|p1a: Empoleon|Roar|p2a: Mega Man
|drag|p2a: Tatsuya|Lucario, M|282\/282
|-damage|p2a: Tatsuya|274\/282|[from] Stealth Rock
|
|-heal|p1a: Empoleon|142\/372|[from] item: Leftovers
|turn|5
|c|+Jukain|whos this
|c|âtbhisuck|escavalier
|c|+Jukain|kk
|
|move|p2a: Tatsuya|Aura Sphere|p1a: Empoleon
|-supereffective|p1a: Empoleon
|-damage|p1a: Empoleon|0 fnt
|faint|p1a: Empoleon
|
|
|switch|p1a: Charizard|Charizard, F|276\/297
|turn|6
|
|detailschange|p1a: Charizard|Charizard-Mega-Y, F
|message|Charizard has Mega Evolved into Mega Charizard!
|-weather|SunnyDay
|move|p1a: Charizard|Fire Blast|p2a: Tatsuya
|-supereffective|p2a: Tatsuya
|-damage|p2a: Tatsuya|0 fnt
|faint|p2a: Tatsuya
|
|-weather|SunnyDay|[upkeep]
|
|switch|p2a: Mega Man|Greninja, M|286\/286
|-damage|p2a: Mega Man|251\/286|[from] Stealth Rock
|turn|7
|
|switch|p1a: Landorus-Therian|Landorus-Therian, M|266\/319
|-ability|p1a: Landorus-Therian|Intimidate|[of] p2a: Mega Man
|-unboost|p2a: Mega Man|atk|1
|move|p2a: Mega Man|Ice Punch|p1a: Landorus-Therian
|-start|p2a: Mega Man|typechange|Ice|[from] Protean
|-supereffective|p1a: Landorus-Therian
|-damage|p1a: Landorus-Therian|0 fnt
|faint|p1a: Landorus-Therian
|
|-weather|SunnyDay|[upkeep]
|c|âtbhisuck|o
|c|âtbhisuck|shit
|
|switch|p1a: Tyranitar|Tyranitar, F|384\/384
|-weather|Sandstorm
|turn|8
|join|Tom Bus
|
|switch|p2a: Meruem|Scizor, F, shiny|313\/344
|-damage|p2a: Meruem|270\/344|[from] Stealth Rock
|move|p1a: Tyranitar|Superpower|p2a: Meruem
|-damage|p2a: Meruem|106\/344
|-damage|p1a: Tyranitar|320\/384|[from] item: Rocky Helmet|[of] p2a: Meruem
|-unboost|p1a: Tyranitar|atk|1
|-unboost|p1a: Tyranitar|def|1
|
|-weather|Sandstorm|[upkeep]
|turn|9
|
|switch|p1a: Charizard|Charizard-Mega-Y, F|276\/297
|-weather|SunnyDay
|move|p2a: Meruem|Defog|p1a: Charizard
|-unboost|p1a: Charizard|evasion|1
|-sideend|p2: gauchoninja|Stealth Rock|[from] move: Defog|[of] p2a: Meruem
|
|-weather|SunnyDay|[upkeep]
|turn|10
|
|move|p2a: Meruem|Bullet Punch|p1a: Charizard
|-crit|p1a: Charizard
|-resisted|p1a: Charizard
|-damage|p1a: Charizard|201\/297
|move|p1a: Charizard|Fire Blast|p2a: Meruem
|-supereffective|p2a: Meruem
|-damage|p2a: Meruem|0 fnt
|faint|p2a: Meruem
|
|-weather|SunnyDay|[upkeep]
|join|Saved by Dragonite
|c| Saved by Dragonite|Jukain
|c| Saved by Dragonite|Jukain are you here bro?
|
|switch|p2a: Echo|Sceptile, M|281\/281
|turn|11
|c|+Jukain|hello
|
|detailschange|p2a: Echo|Sceptile-Mega, M
|message|Sceptile has Mega Evolved into Mega Sceptile!
|move|p2a: Echo|Dragon Pulse|p1a: Charizard
|-damage|p1a: Charizard|51\/297
|move|p1a: Charizard|Fire Blast|p2a: Echo
|-damage|p2a: Echo|0 fnt
|faint|p2a: Echo
|
|-weather|SunnyDay|[upkeep]
|c|+Jukain|whos this
|c| Saved by Dragonite|can we have an OU tournament please\/
|c| Alvadora|wow roasted
|c| Saved by Dragonite|?
|c| Alvadora|is that timid fireblast or ?
|c|âtbhisuck|yes
|
|switch|p2a: Mega Man|Greninja, M|251\/286
|turn|12
|c|+Jukain|no i dont feel like managing it rn
|c| Saved by Dragonite|ok well fuck you then
|c|âtbhisuck|lol
|leave|Saved by Dragonite
|
|switch|p1a: Tyranitar|Tyranitar, F|320\/384
|-weather|Sandstorm
|move|p2a: Mega Man|Rock Slide|p1a: Tyranitar
|-start|p2a: Mega Man|typechange|Rock|[from] Protean
|-miss|p2a: Mega Man|p1a: Tyranitar
|
|-weather|Sandstorm|[upkeep]
|turn|13
|c|+Jukain|hes following me around to ask for a tour
|c|+Jukain|idk what he expects...
|
|switch|p1a: Celebi|Celebi|403\/403
|move|p2a: Mega Man|Power-Up Punch|p1a: Celebi
|-start|p2a: Mega Man|typechange|Fighting|[from] Protean
|-crit|p1a: Celebi
|-resisted|p1a: Celebi
|-damage|p1a: Celebi|363\/403
|-boost|p2a: Mega Man|atk|1
|
|-weather|Sandstorm|[upkeep]
|-damage|p2a: Mega Man|234\/286|[from] sandstorm
|-damage|p1a: Celebi|338\/403|[from] sandstorm
|turn|14
|
|move|p2a: Mega Man|Ice Punch|p1a: Celebi
|-start|p2a: Mega Man|typechange|Ice|[from] Protean
|-supereffective|p1a: Celebi
|-damage|p1a: Celebi|0 fnt
|faint|p1a: Celebi
|
|-weather|Sandstorm|[upkeep]
|-damage|p2a: Mega Man|217\/286|[from] sandstorm
|
|switch|p1a: Excadrill|Excadrill, M|361\/361
|turn|15
|
|move|p2a: Mega Man|Water Shuriken|p1a: Excadrill
|-start|p2a: Mega Man|typechange|Water|[from] Protean
|-supereffective|p1a: Excadrill
|-damage|p1a: Excadrill|258\/361
|-crit|p1a: Excadrill
|-supereffective|p1a: Excadrill
|-damage|p1a: Excadrill|100\/361
|-supereffective|p1a: Excadrill
|-damage|p1a: Excadrill|0 fnt
|-hitcount|p1a: Excadrill|3
|faint|p1a: Excadrill
|
|-weather|Sandstorm|[upkeep]
|-damage|p2a: Mega Man|200\/286|[from] sandstorm
|c|âtbhisuck|NO
|c|+Jukain|LOL
|c|+Jukain|rip
|c|âtbhisuck|SEE WHAT I MEAN
|c|+Jukain|saving this replay
|c|+Jukain|just 4 u bb
|c|âtbhisuck|WHAT THE BULLSHIT
|-message|tbhisuck forfeited.
|
|win|gauchoninja
|raw|Ladder updating...
|raw|tbhisuck's rating: 1512 &rarr; <strong>1487<\/strong><br \/>(-25 for losing)
|raw|gauchoninja's rating: 1414 &rarr; <strong>1440<\/strong><br \/>(+26 for winning)
|leave|tbhisuck
|player|p1
|leave|Jukain
|leave|Alvadora