|join|MoB Barley
|join|Escavalier
|player|p1|MoB Barley|161
|player|p2|Escavalier|265
|gametype|singles
|gen|6
|tier|OU
|clearpoke
|poke|p1|Azumarill, M
|poke|p1|Landorus, M, shiny
|poke|p1|Scizor, M
|poke|p1|Latios, M
|poke|p1|Lucario, M, shiny
|poke|p1|Venusaur, M, shiny
|poke|p2|Heatran, F
|poke|p2|Metagross
|poke|p2|Azumarill, M
|poke|p2|Latios, M
|poke|p2|Landorus-Therian, M
|poke|p2|Keldeo
|rule|Swagger Clause: Swagger is banned
|rule|Baton Pass Clause: Limit one PokÃ©mon knowing Baton Pass
|rule|Sleep Clause Mod: Limit one foe put to sleep
|rule|Species Clause: Limit one of each PokÃ©mon
|rule|OHKO Clause: OHKO moves are banned
|rule|Moody Clause: Moody is banned
|rule|Evasion Moves Clause: Evasion moves are banned
|rule|Endless Battle Clause: Forcing endless battles is banned
|rule|HP Percentage Mod: HP is shown in percentages
|teampreview
|join|ollopa
|
|start
|switch|p1a: Nimbus|Landorus, M, shiny|319\/319
|switch|p2a: Heatran|Heatran, F|324\/324
|-item|p2a: Heatran|Air Balloon
|turn|1
|join|KeenPeen
|join|WhiteN1ght
|join|PEEKHO
|join|Preverb
|
|switch|p2a: Latios|Latios, M|301\/301
|move|p1a: Nimbus|Stealth Rock|p2a: Latios
|-sidestart|p2: Escavalier|move: Stealth Rock
|
|turn|2
|
|move|p2a: Latios|Psyshock|p1a: Nimbus
|-damage|p1a: Nimbus|132\/319
|-damage|p2a: Latios|271\/301|[from] item: Life Orb
|move|p1a: Nimbus|Knock Off|p2a: Latios
|-supereffective|p2a: Latios
|-damage|p2a: Latios|0 fnt
|-enditem|p2a: Latios|Life Orb|[from] move: Knock Off|[of] p1a: Nimbus
|-damage|p1a: Nimbus|101\/319|[from] item: Life Orb
|faint|p2a: Latios
|
|c|âEscavalier|what
|c|âEscavalier|sr knock
|c|âMoB Barley|madness
|
|switch|p2a: Keldeo|Keldeo|323\/323
|-damage|p2a: Keldeo|303\/323|[from] Stealth Rock
|turn|3
|c|âMoB Barley|tbh ur the only one
|c|âMoB Barley|who's ever commented on it
|join|I Iike Squirtles
|
|switch|p1a: Jet Blue|Latios, M|301\/301
|move|p2a: Keldeo|Scald|p1a: Jet Blue
|-crit|p1a: Jet Blue
|-resisted|p1a: Jet Blue
|-damage|p1a: Jet Blue|166\/301
|-status|p1a: Jet Blue|brn
|
|-damage|p1a: Jet Blue|129\/301 brn|[from] brn
|turn|4
|
|switch|p1a: Nimbus|Landorus, M, shiny|101\/319
|switch|p2a: Metagross|Metagross|301\/301
|-damage|p2a: Metagross|283\/301|[from] Stealth Rock
|
|turn|5
|
|switch|p2a: Heatran|Heatran, F|324\/324
|-damage|p2a: Heatran|284\/324|[from] Stealth Rock
|-item|p2a: Heatran|Air Balloon
|move|p1a: Nimbus|Knock Off|p2a: Heatran
|-damage|p2a: Heatran|174\/324
|-enditem|p2a: Heatran|Air Balloon
|-damage|p1a: Nimbus|70\/319|[from] item: Life Orb
|
|turn|6
|
|switch|p2a: Landorus-Therian|Landorus-Therian, M|319\/319
|-damage|p2a: Landorus-Therian|280\/319|[from] Stealth Rock
|-ability|p2a: Landorus-Therian|Intimidate|[of] p1a: Nimbus
|-unboost|p1a: Nimbus|atk|1
|move|p1a: Nimbus|Earth Power|p2a: Landorus-Therian
|-immune|p2a: Landorus-Therian|[msg]
|
|turn|7
|join|dazoob
|join|asdfCookie
|
|move|p2a: Landorus-Therian|Knock Off|p1a: Nimbus
|-damage|p1a: Nimbus|0 fnt
|-enditem|p1a: Nimbus|Life Orb|[from] move: Knock Off|[of] p2a: Landorus-Therian
|faint|p1a: Nimbus
|
|join|Legolaxxx909
|
|switch|p1a: Banished|Lucario, M, shiny|281\/281
|turn|8
|
|switch|p2a: Metagross|Metagross|283\/301
|-damage|p2a: Metagross|265\/301|[from] Stealth Rock
|move|p1a: Banished|Close Combat|p2a: Metagross
|-damage|p2a: Metagross|39\/301
|-unboost|p1a: Banished|def|1
|-unboost|p1a: Banished|spd|1
|-damage|p1a: Banished|253\/281|[from] item: Life Orb
|
|turn|9
|
|detailschange|p2a: Metagross|Metagross-Mega
|message|Metagross has Mega Evolved into Mega Metagross!
|move|p1a: Banished|Close Combat|p2a: Metagross
|-damage|p2a: Metagross|0 fnt
|-unboost|p1a: Banished|def|1
|-unboost|p1a: Banished|spd|1
|-damage|p1a: Banished|225\/281|[from] item: Life Orb
|faint|p2a: Metagross
|
|
|switch|p2a: Keldeo|Keldeo|303\/323
|-damage|p2a: Keldeo|283\/323|[from] Stealth Rock
|turn|10
|
|switch|p1a: Cannabis|Venusaur, M, shiny|360\/360
|move|p2a: Keldeo|Scald|p1a: Cannabis
|-resisted|p1a: Cannabis
|-damage|p1a: Cannabis|251\/360
|
|turn|11
|
|switch|p2a: Heatran|Heatran, F|174\/324
|-damage|p2a: Heatran|134\/324|[from] Stealth Rock
|detailschange|p1a: Cannabis|Venusaur-Mega, M, shiny
|message|Venusaur has Mega Evolved into Mega Venusaur!
|move|p1a: Cannabis|Giga Drain|p2a: Heatran
|-resisted|p2a: Heatran
|-damage|p2a: Heatran|101\/324
|-heal|p1a: Cannabis|268\/360|[from] drain|[of] p2a: Heatran
|
|turn|12
|
|switch|p1a: Jet Blue|Latios, M|129\/301 brn
|move|p2a: Heatran|Stealth Rock|p1a: Jet Blue
|-sidestart|p1: MoB Barley|move: Stealth Rock
|
|-damage|p1a: Jet Blue|92\/301 brn|[from] brn
|turn|13
|c| Preverb|you guys remember when bisharp was the most talked about mon
|
|move|p1a: Jet Blue|Defog|p2a: Heatran
|-unboost|p2a: Heatran|evasion|1
|-sideend|p2: Escavalier|Stealth Rock|[from] move: Defog|[of] p2a: Heatran
|-sideend|p1: MoB Barley|Stealth Rock|[from] move: Defog|[of] p1a: Jet Blue
|move|p2a: Heatran|Stealth Rock|p1a: Jet Blue
|-sidestart|p1: MoB Barley|move: Stealth Rock
|
|-damage|p1a: Jet Blue|55\/301 brn|[from] brn
|turn|14
|
|move|p1a: Jet Blue|Roost|p1a: Jet Blue
|-heal|p1a: Jet Blue|206\/301 brn
|move|p2a: Heatran|Stealth Rock|p1a: Jet Blue
|-fail|p1a: Jet Blue
|
|-damage|p1a: Jet Blue|169\/301 brn|[from] brn
|turn|15
|
|move|p1a: Jet Blue|Roost|p1a: Jet Blue
|-heal|p1a: Jet Blue|301\/301 brn
|move|p2a: Heatran|Stealth Rock|p1a: Jet Blue
|-fail|p1a: Jet Blue
|
|-damage|p1a: Jet Blue|264\/301 brn|[from] brn
|turn|16
|c| asdfCookie|no that was just milly
|join|Mystialized
|
|move|p1a: Jet Blue|Psyshock|p2a: Heatran
|-resisted|p2a: Heatran
|-damage|p2a: Heatran|11\/324
|-damage|p1a: Jet Blue|234\/301 brn|[from] item: Life Orb
|move|p2a: Heatran|Stealth Rock|p1a: Jet Blue
|-fail|p1a: Jet Blue
|
|-damage|p1a: Jet Blue|197\/301 brn|[from] brn
|turn|17
|
|move|p1a: Jet Blue|Psyshock|p2a: Heatran
|-resisted|p2a: Heatran
|-damage|p2a: Heatran|0 fnt
|-damage|p1a: Jet Blue|167\/301 brn|[from] item: Life Orb
|faint|p2a: Heatran
|
|-damage|p1a: Jet Blue|130\/301 brn|[from] brn
|c| KeenPeen|get him cava. lol
|
|switch|p2a: Landorus-Therian|Landorus-Therian, M|280\/319
|-ability|p2a: Landorus-Therian|Intimidate|[of] p1a: Jet Blue
|-unboost|p1a: Jet Blue|atk|1
|turn|18
|join|Tarp96
|leave|Mystialized
|c| KeenPeen|u turn
|
|switch|p1a: Blooregard|Azumarill, M|381\/381
|-damage|p1a: Blooregard|334\/381|[from] Stealth Rock
|move|p2a: Landorus-Therian|U-turn|p1a: Blooregard
|-resisted|p1a: Blooregard
|-damage|p1a: Blooregard|281\/381
|
|switch|p2a: Azumarill|Azumarill, M|362\/362
|
|turn|19
|
|move|p2a: Azumarill|Play Rough|p1a: Blooregard
|-damage|p1a: Blooregard|43\/381
|move|p1a: Blooregard|Play Rough|p2a: Azumarill
|-damage|p2a: Azumarill|5\/362
|-enditem|p2a: Azumarill|Sitrus Berry|[eat]
|-heal|p2a: Azumarill|95\/362|[from] item: Sitrus Berry
|
|turn|20
|
|move|p2a: Azumarill|Knock Off|p1a: Blooregard
|-resisted|p1a: Blooregard
|-damage|p1a: Blooregard|0 fnt
|-enditem|p1a: Blooregard|Choice Band|[from] move: Knock Off|[of] p2a: Azumarill
|faint|p1a: Blooregard
|
|c| KeenPeen|you know what Mob Barley you got great nick names
|c|âMoB Barley|every1 loves blooregard
|c|âMoB Barley|idk why
|
|switch|p1a: Cannabis|Venusaur-Mega, M, shiny|268\/360
|-damage|p1a: Cannabis|223\/360|[from] Stealth Rock
|turn|21
|join|Dallaren
|c|âEscavalier|i dont think i can win this
|c|âEscavalier|i needed lati
|c|âMoB Barley|idk why u brought in
|c|âMoB Barley|metagross on luke like that
|c|âEscavalier|not thinking
|c|âEscavalier|lol
|
|move|p2a: Azumarill|Aqua Jet|p1a: Cannabis
|-resisted|p1a: Cannabis
|-damage|p1a: Cannabis|186\/360
|move|p1a: Cannabis|Synthesis|p1a: Cannabis
|-heal|p1a: Cannabis|360\/360
|
|turn|22
|c|âMoB Barley|word i have those days
|
|move|p2a: Azumarill|Aqua Jet|p1a: Cannabis
|-resisted|p1a: Cannabis
|-damage|p1a: Cannabis|324\/360
|move|p1a: Cannabis|Giga Drain|p2a: Azumarill
|-supereffective|p2a: Azumarill
|-damage|p2a: Azumarill|0 fnt
|-heal|p1a: Cannabis|360\/360|[from] drain|[of] p2a: Azumarill
|faint|p2a: Azumarill
|
|join|Chillaxmytest
|
|switch|p2a: Landorus-Therian|Landorus-Therian, M|280\/319
|-ability|p2a: Landorus-Therian|Intimidate|[of] p1a: Cannabis
|-unboost|p1a: Cannabis|atk|1
|turn|23
|
|move|p2a: Landorus-Therian|Earthquake|p1a: Cannabis
|-damage|p1a: Cannabis|200\/360
|move|p1a: Cannabis|Giga Drain|p2a: Landorus-Therian
|-damage|p2a: Landorus-Therian|120\/319
|-heal|p1a: Cannabis|280\/360|[from] drain|[of] p2a: Landorus-Therian
|
|turn|24
|
|move|p2a: Landorus-Therian|Earthquake|p1a: Cannabis
|-damage|p1a: Cannabis|108\/360
|move|p1a: Cannabis|Giga Drain|p2a: Landorus-Therian
|-damage|p2a: Landorus-Therian|0 fnt
|-heal|p1a: Cannabis|168\/360|[from] drain|[of] p2a: Landorus-Therian
|faint|p2a: Landorus-Therian
|
|c|âEscavalier|gg
|
|switch|p2a: Keldeo|Keldeo|283\/323
|turn|25
|c|âMoB Barley|gg
|
|move|p2a: Keldeo|Hydro Pump|p1a: Cannabis
|-resisted|p1a: Cannabis
|-damage|p1a: Cannabis|45\/360
|move|p1a: Cannabis|Giga Drain|p2a: Keldeo
|-crit|p2a: Keldeo
|-supereffective|p2a: Keldeo
|-damage|p2a: Keldeo|0 fnt
|-heal|p1a: Cannabis|187\/360|[from] drain|[of] p2a: Keldeo
|faint|p2a: Keldeo
|
|win|MoB Barley
|leave|MoB Barley
|player|p1
|leave|Dallaren
|leave|Escavalier
|player|p2
|leave|Preverb
|leave|PEEKHO
|leave|Chillaxmytest
|leave|Tarp96
|leave|I Iike Squirtles
|leave|Legolaxxx909
|leave|asdfCookie
|leave|KeenPeen
|leave|ollopa
|join|ollopa