|join|tbhisuck
|join|PikachuCandy
|player|p1|tbhisuck|281
|player|p2|PikachuCandy|155
|gametype|singles
|gen|6
|tier|OU
|rated
|clearpoke
|poke|p1|Metagross
|poke|p1|Magnezone
|poke|p1|Latios, M
|poke|p1|Azumarill, F
|poke|p1|Landorus-Therian, M
|poke|p1|Breloom, M
|poke|p2|Landorus-Therian, M
|poke|p2|Wobbuffet, M, shiny
|poke|p2|Mandibuzz, F
|poke|p2|Garchomp, M, shiny
|poke|p2|Kyurem-Black, shiny
|poke|p2|Gardevoir, F, shiny
|rule|Swagger Clause: Swagger is banned
|rule|Baton Pass Clause: Limit one PokÃ©mon knowing Baton Pass
|rule|Sleep Clause Mod: Limit one foe put to sleep
|rule|Species Clause: Limit one of each PokÃ©mon
|rule|OHKO Clause: OHKO moves are banned
|rule|Moody Clause: Moody is banned
|rule|Evasion Moves Clause: Evasion moves are banned
|rule|Endless Battle Clause: Forcing endless battles is banned
|rule|HP Percentage Mod: HP is shown in percentages
|teampreview
|
|start
|switch|p1a: Landorus-Therian|Landorus-Therian, M|381\/381
|switch|p2a: BubbleTea|Wobbuffet, M, shiny|584\/584
|-ability|p1a: Landorus-Therian|Intimidate|[of] p2a: BubbleTea
|-unboost|p2a: BubbleTea|atk|1
|turn|1
|join|algetrig
|
|move|p1a: Landorus-Therian|Stealth Rock|p2a: BubbleTea
|-sidestart|p2: PikachuCandy|move: Stealth Rock
|move|p2a: BubbleTea|Counter|p1a: Landorus-Therian
|-fail|p1a: Landorus-Therian
|
|turn|2
|
|move|p1a: Landorus-Therian|Earthquake|p2a: BubbleTea
|-damage|p2a: BubbleTea|353\/584
|move|p2a: BubbleTea|Counter|p1a: Landorus-Therian
|-damage|p1a: Landorus-Therian|0 fnt
|faint|p1a: Landorus-Therian
|
|-heal|p2a: BubbleTea|389\/584|[from] item: Leftovers
|
|switch|p1a: Azumarill|Azumarill, F|364\/364
|turn|3
|c|âtbhisuck|this is some aids
|c|âtbhisuck|fuck shadow tag
|c|âPikachuCandy|hi
|c|âPikachuCandy|sorry
|c|âPikachuCandy|was afk for a bit
|c|âtbhisuck|any time today would be nice
|
|move|p1a: Azumarill|Knock Off|p2a: BubbleTea
|-supereffective|p2a: BubbleTea
|-damage|p2a: BubbleTea|0 fnt
|-enditem|p2a: BubbleTea|Leftovers|[from] move: Knock Off|[of] p1a: Azumarill
|faint|p2a: BubbleTea
|
|c|âPikachuCandy|kks
|
|switch|p2a: WishTail|Landorus-Therian, M|319\/319
|-damage|p2a: WishTail|280\/319|[from] Stealth Rock
|-ability|p2a: WishTail|Intimidate|[of] p1a: Azumarill
|-unboost|p1a: Azumarill|atk|1
|turn|4
|
|move|p2a: WishTail|U-turn|p1a: Azumarill
|-resisted|p1a: Azumarill
|-damage|p1a: Azumarill|303\/364
|
|switch|p2a: Wiz BITG|Mandibuzz, F|424\/424
|-damage|p2a: Wiz BITG|318\/424|[from] Stealth Rock
|move|p1a: Azumarill|Knock Off|p2a: Wiz BITG
|-resisted|p2a: Wiz BITG
|-damage|p2a: Wiz BITG|269\/424
|-enditem|p2a: Wiz BITG|Leftovers|[from] move: Knock Off|[of] p1a: Azumarill
|
|turn|5
|
|switch|p1a: Magnezone|Magnezone|281\/281
|move|p2a: Wiz BITG|Defog|p1a: Magnezone
|-unboost|p1a: Magnezone|evasion|1
|-sideend|p2: PikachuCandy|Stealth Rock|[from] move: Defog|[of] p2a: Wiz BITG
|
|turn|6
|
|switch|p1a: Azumarill|Azumarill, F|303\/364
|move|p2a: Wiz BITG|Foul Play|p1a: Azumarill
|-resisted|p1a: Azumarill
|-damage|p1a: Azumarill|237\/364
|
|turn|7
|
|move|p2a: Wiz BITG|Foul Play|p1a: Azumarill
|-resisted|p1a: Azumarill
|-damage|p1a: Azumarill|172\/364
|move|p1a: Azumarill|Play Rough|p2a: Wiz BITG
|-supereffective|p2a: Wiz BITG
|-damage|p2a: Wiz BITG|0 fnt
|faint|p2a: Wiz BITG
|
|
|switch|p2a: DustFairy|Gardevoir, F, shiny|301\/301
|turn|8
|
|switch|p1a: Magnezone|Magnezone|281\/281
|detailschange|p2a: DustFairy|Gardevoir-Mega, F, shiny
|-mega|p2a: DustFairy|Gardevoir|Gardevoirite
|move|p2a: DustFairy|Hyper Voice|p1a: Magnezone
|-resisted|p1a: Magnezone
|-damage|p1a: Magnezone|129\/281
|
|turn|9
|
|switch|p2a: WishTail|Landorus-Therian, M|280\/319
|-ability|p2a: WishTail|Intimidate|[of] p1a: Magnezone
|-unboost|p1a: Magnezone|atk|1
|move|p1a: Magnezone|Flash Cannon|p2a: WishTail
|-damage|p2a: WishTail|108\/319
|
|turn|10
|
|move|p2a: WishTail|Earthquake|p1a: Magnezone
|-crit|p1a: Magnezone
|-supereffective|p1a: Magnezone
|-damage|p1a: Magnezone|0 fnt
|faint|p1a: Magnezone
|
|
|switch|p1a: Breloom|Breloom, M|261\/261
|turn|11
|
|switch|p2a: Teriyaki|Kyurem-Black, shiny|392\/392
|-ability|p2a: Teriyaki|Teravolt
|move|p1a: Breloom|Spore|p2a: Teriyaki
|-status|p2a: Teriyaki|slp
|
|turn|12
|
|move|p1a: Breloom|Rock Tomb|p2a: Teriyaki
|-supereffective|p2a: Teriyaki
|-damage|p2a: Teriyaki|190\/392 slp
|-unboost|p2a: Teriyaki|spe|1
|cant|p2a: Teriyaki|slp
|
|-heal|p2a: Teriyaki|214\/392 slp|[from] item: Leftovers
|turn|13
|c|âPikachuCandy|yeet
|
|switch|p1a: Metagross|Metagross|301\/301
|cant|p2a: Teriyaki|slp
|
|-heal|p2a: Teriyaki|238\/392 slp|[from] item: Leftovers
|turn|14
|
|detailschange|p1a: Metagross|Metagross-Mega
|-mega|p1a: Metagross|Metagross|Metagrossite
|move|p1a: Metagross|Meteor Mash|p2a: Teriyaki|[miss]
|-miss|p1a: Metagross|p2a: Teriyaki
|cant|p2a: Teriyaki|slp
|
|-heal|p2a: Teriyaki|262\/392 slp|[from] item: Leftovers
|turn|15
|c|âPikachuCandy|ok
|
|move|p1a: Metagross|Meteor Mash|p2a: Teriyaki
|-supereffective|p2a: Teriyaki
|-damage|p2a: Teriyaki|0 fnt
|faint|p2a: Teriyaki
|
|
|switch|p2a: Torpedo|Garchomp, M, shiny|357\/357
|turn|16
|
|move|p1a: Metagross|Meteor Mash|p2a: Torpedo
|-damage|p2a: Torpedo|122\/357
|-damage|p1a: Metagross|264\/301|[from] ability: Rough Skin|[of] p2a: Torpedo
|move|p2a: Torpedo|Earthquake|p1a: Metagross
|-supereffective|p1a: Metagross
|-damage|p1a: Metagross|0 fnt
|faint|p1a: Metagross
|
|
|switch|p1a: Breloom|Breloom, M|261\/261
|turn|17
|
|move|p2a: Torpedo|Fire Fang|p1a: Breloom
|-supereffective|p1a: Breloom
|-damage|p1a: Breloom|85\/261
|move|p1a: Breloom|Spore|p2a: Torpedo
|-status|p2a: Torpedo|slp
|
|turn|18
|
|cant|p2a: Torpedo|slp
|move|p1a: Breloom|Bullet Seed|p2a: Torpedo
|-damage|p2a: Torpedo|52\/357 slp
|-damage|p2a: Torpedo|0 fnt
|-hitcount|p2a: Torpedo|2
|faint|p2a: Torpedo
|
|
|switch|p2a: WishTail|Landorus-Therian, M|108\/319
|-ability|p2a: WishTail|Intimidate|[of] p1a: Breloom
|-unboost|p1a: Breloom|atk|1
|turn|19
|
|switch|p1a: Latios|Latios, M|301\/301
|move|p2a: WishTail|U-turn|p1a: Latios
|-supereffective|p1a: Latios
|-damage|p1a: Latios|25\/301
|
|switch|p2a: DustFairy|Gardevoir-Mega, F, shiny|301\/301
|
|turn|20
|
|move|p1a: Latios|Psyshock|p2a: DustFairy
|-resisted|p2a: DustFairy
|-damage|p2a: DustFairy|172\/301
|-damage|p1a: Latios|0 fnt|[from] item: Life Orb
|faint|p1a: Latios
|move|p2a: DustFairy|Substitute|p2a: DustFairy
|-start|p2a: DustFairy|Substitute
|-damage|p2a: DustFairy|97\/301
|
|
|switch|p1a: Breloom|Breloom, M|85\/261
|turn|21
|
|move|p1a: Breloom|Mach Punch|p2a: DustFairy
|-resisted|p2a: DustFairy
|-activate|p2a: DustFairy|Substitute|[damage]
|move|p2a: DustFairy|Hyper Voice|p1a: Breloom
|-supereffective|p1a: Breloom
|-damage|p1a: Breloom|0 fnt
|faint|p1a: Breloom
|
|c|âPikachuCandy|gg
|
|switch|p1a: Azumarill|Azumarill, F|172\/364
|turn|22
|c|âtbhisuck|lol
|c|âPikachuCandy|?
|c|âtbhisuck|cant wait till your shitty aids is banned
|c|âPikachuCandy|god damn you're salty
|c|âPikachuCandy|no icecream for you
|c|âtbhisuck|of course i am
|
|move|p1a: Azumarill|Aqua Jet|p2a: DustFairy
|-end|p2a: DustFairy|Substitute
|move|p2a: DustFairy|Hyper Voice|p1a: Azumarill
|-damage|p1a: Azumarill|0 fnt
|faint|p1a: Azumarill
|
|win|PikachuCandy
|raw|Ladder updating...
|raw|tbhisuck's rating: 1629 &rarr; <strong>1604<\/strong><br \/>(-25 for losing)
|raw|PikachuCandy's rating: 1544 &rarr; <strong>1569<\/strong><br \/>(+25 for winning)
|c|âtbhisuck|i got beat by a subpar player
|c|âtbhisuck|because of overpowered bullshit
|c|âPikachuCandy|gg