|join|Sacri'
|join|A Durian
|player|p1|Sacri'|265
|player|p2|A Durian|4
|gametype|singles
|gen|6
|tier|UU
|rated
|rule|Sleep Clause Mod: Limit one foe put to sleep
|rule|Species Clause: Limit one of each PokÃ©mon
|rule|OHKO Clause: OHKO moves are banned
|rule|Moody Clause: Moody is banned
|rule|Evasion Moves Clause: Evasion moves are banned
|rule|Endless Battle Clause: Forcing endless battles is banned
|rule|HP Percentage Mod: HP is shown in percentages
|clearpoke
|poke|p1|Absol, M
|poke|p1|Nidoqueen, F
|poke|p1|Suicune
|poke|p1|Roserade, F
|poke|p1|Mienshao, M
|poke|p1|Jirachi
|poke|p2|Chandelure, F
|poke|p2|Empoleon, M, shiny
|poke|p2|Hydreigon, F
|poke|p2|Medicham, M, shiny
|poke|p2|Celebi
|poke|p2|Crobat, F
|rule|Swagger Clause: Swagger is banned
|rule|Baton Pass Clause: Limit one PokÃ©mon knowing Baton Pass
|teampreview
|
|start
|switch|p1a: Mienshao|Mienshao, M|271\/271
|switch|p2a: Not a Rapist|Crobat, F|343\/343
|turn|1
|
|switch|p2a: Noot Noot|Empoleon, M, shiny|372\/372
|move|p1a: Mienshao|U-turn|p2a: Noot Noot
|-resisted|p2a: Noot Noot
|-damage|p2a: Noot Noot|329\/372
|
|switch|p1a: Nidoqueen|Nidoqueen, F|384\/384
|
|-heal|p2a: Noot Noot|352\/372|[from] item: Leftovers
|turn|2
|
|move|p1a: Nidoqueen|Earth Power|p2a: Noot Noot
|-supereffective|p2a: Noot Noot
|-damage|p2a: Noot Noot|63\/372
|move|p2a: Noot Noot|Scald|p1a: Nidoqueen
|-crit|p1a: Nidoqueen
|-supereffective|p1a: Nidoqueen
|-damage|p1a: Nidoqueen|0 fnt
|faint|p1a: Nidoqueen
|
|-heal|p2a: Noot Noot|86\/372|[from] item: Leftovers
|
|switch|p1a: Absol|Absol, M|271\/271
|turn|3
|
|detailschange|p1a: Absol|Absol-Mega, M
|-mega|p1a: Absol|Absol|Absolite
|move|p1a: Absol|Knock Off|p2a: Noot Noot
|-damage|p2a: Noot Noot|0 fnt
|-enditem|p2a: Noot Noot|Leftovers|[from] move: Knock Off|[of] p1a: Absol
|faint|p2a: Noot Noot
|
|
|switch|p2a: Hydreigon|Hydreigon, F|325\/325
|turn|4
|
|switch|p1a: Jirachi|Jirachi|341\/341
|move|p2a: Hydreigon|U-turn|p1a: Jirachi
|-damage|p1a: Jirachi|290\/341
|
|switch|p2a: Chull Bruh|Chandelure, F|289\/289
|
|-heal|p1a: Jirachi|311\/341|[from] item: Leftovers
|turn|5
|
|switch|p1a: Suicune|Suicune|404\/404
|-ability|p1a: Suicune|Pressure
|move|p2a: Chull Bruh|Shadow Ball|p1a: Suicune
|-damage|p1a: Suicune|281\/404
|
|-heal|p1a: Suicune|306\/404|[from] item: Leftovers
|turn|6
|
|switch|p1a: Absol|Absol-Mega, M|271\/271
|move|p2a: Chull Bruh|Calm Mind|p2a: Chull Bruh
|-boost|p2a: Chull Bruh|spa|1
|-boost|p2a: Chull Bruh|spd|1
|
|turn|7
|
|switch|p2a: Not a Rapist|Crobat, F|343\/343
|move|p1a: Absol|Knock Off|p2a: Not a Rapist
|-damage|p2a: Not a Rapist|186\/343
|
|turn|8
|
|switch|p1a: Jirachi|Jirachi|311\/341
|move|p2a: Not a Rapist|Roost|p2a: Not a Rapist
|-heal|p2a: Not a Rapist|343\/343
|
|-heal|p1a: Jirachi|332\/341|[from] item: Leftovers
|turn|9
|
|move|p2a: Not a Rapist|U-turn|p1a: Jirachi
|-damage|p1a: Jirachi|272\/341
|
|switch|p2a: Rapist|Celebi|404\/404
|move|p1a: Jirachi|U-turn|p2a: Rapist
|-supereffective|p2a: Rapist
|-damage|p2a: Rapist|208\/404
|
|switch|p1a: Mienshao|Mienshao, M|271\/271
|
|-heal|p2a: Rapist|233\/404|[from] item: Leftovers
|turn|10
|
|switch|p2a: Not a Rapist|Crobat, F|343\/343
|move|p1a: Mienshao|U-turn|p2a: Not a Rapist
|-resisted|p2a: Not a Rapist
|-damage|p2a: Not a Rapist|319\/343
|
|switch|p1a: Jirachi|Jirachi|272\/341
|
|-heal|p1a: Jirachi|293\/341|[from] item: Leftovers
|turn|11
|
|move|p2a: Not a Rapist|U-turn|p1a: Jirachi
|-damage|p1a: Jirachi|233\/341
|
|switch|p2a: Chull Bruh|Chandelure, F|289\/289
|move|p1a: Jirachi|Zen Headbutt|p2a: Chull Bruh|[miss]
|-miss|p1a: Jirachi|p2a: Chull Bruh
|
|-heal|p1a: Jirachi|254\/341|[from] item: Leftovers
|turn|12
|
|move|p1a: Jirachi|U-turn|p2a: Chull Bruh
|-resisted|p2a: Chull Bruh
|-damage|p2a: Chull Bruh|271\/289
|
|switch|p1a: Suicune|Suicune|306\/404
|-ability|p1a: Suicune|Pressure
|move|p2a: Chull Bruh|Shadow Ball|p1a: Suicune
|-crit|p1a: Suicune
|-damage|p1a: Suicune|108\/404
|-unboost|p1a: Suicune|spd|1
|
|-heal|p2a: Chull Bruh|289\/289|[from] item: Leftovers
|-heal|p1a: Suicune|133\/404|[from] item: Leftovers
|turn|13
|c|âSacri'|zzz
|
|move|p2a: Chull Bruh|Shadow Ball|p1a: Suicune
|-damage|p1a: Suicune|0 fnt
|faint|p1a: Suicune
|
|
|switch|p1a: Absol|Absol-Mega, M|271\/271
|turn|14
|
|move|p1a: Absol|Knock Off|p2a: Chull Bruh
|-supereffective|p2a: Chull Bruh
|-damage|p2a: Chull Bruh|0 fnt
|-enditem|p2a: Chull Bruh|Leftovers|[from] move: Knock Off|[of] p1a: Absol
|faint|p2a: Chull Bruh
|
|
|switch|p2a: Not a Rapist|Crobat, F|319\/343
|turn|15
|
|switch|p1a: Jirachi|Jirachi|254\/341
|move|p2a: Not a Rapist|U-turn|p1a: Jirachi
|-damage|p1a: Jirachi|197\/341
|
|switch|p2a: Blewbs|Medicham, M, shiny|261\/261
|
|-heal|p1a: Jirachi|218\/341|[from] item: Leftovers
|turn|16
|
|detailschange|p2a: Blewbs|Medicham-Mega, M, shiny
|-mega|p2a: Blewbs|Medicham|Medichamite
|move|p2a: Blewbs|Fake Out|p1a: Jirachi
|-resisted|p1a: Jirachi
|-damage|p1a: Jirachi|181\/341
|cant|p1a: Jirachi|flinch
|
|-heal|p1a: Jirachi|202\/341|[from] item: Leftovers
|turn|17
|
|move|p2a: Blewbs|High Jump Kick|p1a: Jirachi
|-damage|p1a: Jirachi|0 fnt
|faint|p1a: Jirachi
|
|
|switch|p1a: Absol|Absol-Mega, M|271\/271
|turn|18
|
|move|p1a: Absol|Play Rough|p2a: Blewbs
|-supereffective|p2a: Blewbs
|-damage|p2a: Blewbs|0 fnt
|faint|p2a: Blewbs
|
|
|switch|p2a: Hydreigon|Hydreigon, F|325\/325
|turn|19
|
|switch|p1a: Roserade|Roserade, F|262\/262
|move|p2a: Hydreigon|Draco Meteor|p1a: Roserade
|-damage|p1a: Roserade|28\/262
|-unboost|p2a: Hydreigon|spa|2
|
|turn|20
|
|switch|p2a: Rapist|Celebi|233\/404
|move|p1a: Roserade|Sleep Powder|p2a: Rapist
|-fail|p2a: Rapist
|
|-heal|p2a: Rapist|258\/404|[from] item: Leftovers
|turn|21
|
|move|p1a: Roserade|Sludge Bomb|p2a: Rapist
|-supereffective|p2a: Rapist
|-damage|p2a: Rapist|0 fnt
|faint|p2a: Rapist
|
|
|switch|p2a: Not a Rapist|Crobat, F|319\/343
|turn|22
|
|move|p2a: Not a Rapist|Acrobatics|p1a: Roserade
|-supereffective|p1a: Roserade
|-damage|p1a: Roserade|0 fnt
|faint|p1a: Roserade
|
|
|switch|p1a: Absol|Absol-Mega, M|271\/271
|turn|23
|
|move|p2a: Not a Rapist|Acrobatics|p1a: Absol
|-damage|p1a: Absol|58\/271
|move|p1a: Absol|Swords Dance|p1a: Absol
|-boost|p1a: Absol|atk|2
|
|turn|24
|
|switch|p2a: Hydreigon|Hydreigon, F|325\/325
|move|p1a: Absol|Knock Off|p2a: Hydreigon
|-resisted|p2a: Hydreigon
|-damage|p2a: Hydreigon|117\/325
|-enditem|p2a: Hydreigon|Choice Scarf|[from] move: Knock Off|[of] p1a: Absol
|
|turn|25
|
|move|p1a: Absol|Sucker Punch|p2a: Hydreigon
|-resisted|p2a: Hydreigon
|-damage|p2a: Hydreigon|0 fnt
|faint|p2a: Hydreigon
|
|
|switch|p2a: Not a Rapist|Crobat, F|319\/343
|turn|26
|
|move|p1a: Absol|Sucker Punch|p2a: Not a Rapist
|-damage|p2a: Not a Rapist|0 fnt
|faint|p2a: Not a Rapist
|
|win|Sacri'
|raw|Ladder updating...
|raw|Sacri&apos;'s rating: 1591 &rarr; <strong>1603<\/strong><br \/>(+12 for winning)
|raw|A Durian's rating: 1443 &rarr; <strong>1431<\/strong><br \/>(-12 for losing)
|leave|A Durian
|player|p2