|join|A Durian
|join|M.Shark
|player|p1|A Durian|190
|player|p2|M.Shark|257
|gametype|singles
|gen|6
|tier|UU
|rated
|rule|Sleep Clause Mod: Limit one foe put to sleep
|rule|Species Clause: Limit one of each PokÃ©mon
|rule|OHKO Clause: OHKO moves are banned
|rule|Moody Clause: Moody is banned
|rule|Evasion Moves Clause: Evasion moves are banned
|rule|Endless Battle Clause: Forcing endless battles is banned
|rule|HP Percentage Mod: HP is shown in percentages
|clearpoke
|poke|p1|Medicham, M
|poke|p1|Hydreigon, M
|poke|p1|Celebi
|poke|p1|Swampert, F
|poke|p1|Crobat, F
|poke|p1|Chandelure, M
|poke|p2|Darmanitan, F
|poke|p2|Sharpedo, F
|poke|p2|Forretress, M
|poke|p2|Dusknoir, M
|poke|p2|Chesnaught, M
|poke|p2|Hydreigon, F
|rule|Swagger Clause: Swagger is banned
|rule|Baton Pass Clause: Limit one PokÃ©mon knowing Baton Pass
|teampreview
|
|start
|switch|p1a: Chandelure|Chandelure, M|289\/289
|switch|p2a: Darmanitan|Darmanitan, F|351\/351
|turn|1
|
|switch|p1a: Swampert|Swampert, F|401\/401
|move|p2a: Darmanitan|Rock Slide|p1a: Swampert
|-resisted|p1a: Swampert
|-damage|p1a: Swampert|341\/401
|
|-heal|p1a: Swampert|366\/401|[from] item: Leftovers
|turn|2
|
|switch|p2a: Chesnaught|Chesnaught, M|380\/380
|move|p1a: Swampert|Scald|p2a: Chesnaught
|-crit|p2a: Chesnaught
|-resisted|p2a: Chesnaught
|-damage|p2a: Chesnaught|303\/380
|
|-heal|p2a: Chesnaught|326\/380|[from] item: Leftovers
|-heal|p1a: Swampert|391\/401|[from] item: Leftovers
|turn|3
|
|switch|p1a: Crobat|Crobat, F|343\/343
|move|p2a: Chesnaught|Spikes|p1a: Crobat
|-sidestart|p1: A Durian|Spikes
|
|-heal|p2a: Chesnaught|349\/380|[from] item: Leftovers
|turn|4
|
|switch|p2a: Dusknoir|Dusknoir, M|294\/294
|-item|p1a: Crobat|Black Sludge|[from] ability: Frisk|[of] p2a: Dusknoir|[identify]
|move|p1a: Crobat|Defog|p2a: Dusknoir
|-unboost|p2a: Dusknoir|evasion|1
|-sideend|p1: A Durian|Spikes|[from] move: Defog|[of] p1a: Crobat
|
|turn|5
|
|move|p1a: Crobat|U-turn|p2a: Dusknoir
|-resisted|p2a: Dusknoir
|-damage|p2a: Dusknoir|276\/294
|
|switch|p1a: Chandelure|Chandelure, M|289\/289
|move|p2a: Dusknoir|Will-O-Wisp|p1a: Chandelure
|-start|p1a: Chandelure|ability: Flash Fire
|
|-heal|p2a: Dusknoir|294\/294|[from] item: Leftovers
|turn|6
|
|switch|p2a: Hydreigon|Hydreigon, F|325\/325
|move|p1a: Chandelure|Shadow Ball|p2a: Hydreigon
|-resisted|p2a: Hydreigon
|-damage|p2a: Hydreigon|245\/325
|
|turn|7
|
|switch|p1a: Swampert|Swampert, F|391\/401
|move|p2a: Hydreigon|Draco Meteor|p1a: Swampert
|-damage|p1a: Swampert|160\/401
|-unboost|p2a: Hydreigon|spa|2
|-damage|p2a: Hydreigon|213\/325|[from] item: Life Orb
|
|-heal|p1a: Swampert|185\/401|[from] item: Leftovers
|turn|8
|
|switch|p2a: Chesnaught|Chesnaught, M|349\/380
|move|p1a: Swampert|Stealth Rock|p2a: Chesnaught
|-sidestart|p2: M.Shark|move: Stealth Rock
|
|-heal|p2a: Chesnaught|372\/380|[from] item: Leftovers
|-heal|p1a: Swampert|210\/401|[from] item: Leftovers
|turn|9
|
|switch|p1a: Crobat|Crobat, F|343\/343
|move|p2a: Chesnaught|Spikes|p1a: Crobat
|-sidestart|p1: A Durian|Spikes
|
|-heal|p2a: Chesnaught|380\/380|[from] item: Leftovers
|turn|10
|
|switch|p2a: Dusknoir|Dusknoir, M|294\/294
|-damage|p2a: Dusknoir|258\/294|[from] Stealth Rock
|-item|p1a: Crobat|Black Sludge|[from] ability: Frisk|[of] p2a: Dusknoir|[identify]
|move|p1a: Crobat|Brave Bird|p2a: Dusknoir
|-damage|p2a: Dusknoir|173\/294
|-damage|p1a: Crobat|315\/343|[from] recoil|[of] p2a: Dusknoir
|
|-heal|p1a: Crobat|336\/343|[from] item: Black Sludge
|-heal|p2a: Dusknoir|191\/294|[from] item: Leftovers
|turn|11
|
|move|p1a: Crobat|U-turn|p2a: Dusknoir
|-resisted|p2a: Dusknoir
|-damage|p2a: Dusknoir|173\/294
|
|switch|p1a: Hydreigon|Hydreigon, M|325\/325
|move|p2a: Dusknoir|Earthquake|p1a: Hydreigon
|-immune|p1a: Hydreigon|[msg]
|
|-heal|p2a: Dusknoir|191\/294|[from] item: Leftovers
|turn|12
|
|move|p1a: Hydreigon|U-turn|p2a: Dusknoir
|-resisted|p2a: Dusknoir
|-damage|p2a: Dusknoir|177\/294
|
|switch|p1a: Chandelure|Chandelure, M|289\/289
|-damage|p1a: Chandelure|253\/289|[from] Spikes
|move|p2a: Dusknoir|Pain Split|p1a: Chandelure
|-sethp|p1a: Chandelure|215\/289|p2a: Dusknoir|215\/294|[from] move: Pain Split
|
|-heal|p1a: Chandelure|233\/289|[from] item: Leftovers
|-heal|p2a: Dusknoir|233\/294|[from] item: Leftovers
|turn|13
|
|switch|p2a: Hydreigon|Hydreigon, F|213\/325
|-damage|p2a: Hydreigon|173\/325|[from] Stealth Rock
|move|p1a: Chandelure|Shadow Ball|p2a: Hydreigon
|-resisted|p2a: Hydreigon
|-damage|p2a: Hydreigon|92\/325
|
|-heal|p1a: Chandelure|251\/289|[from] item: Leftovers
|turn|14
|
|switch|p1a: Swampert|Swampert, F|210\/401
|-damage|p1a: Swampert|160\/401|[from] Spikes
|move|p2a: Hydreigon|Roost|p2a: Hydreigon
|-heal|p2a: Hydreigon|255\/325
|
|-heal|p1a: Swampert|185\/401|[from] item: Leftovers
|turn|15
|
|move|p2a: Hydreigon|Draco Meteor|p1a: Swampert
|-damage|p1a: Swampert|0 fnt
|-unboost|p2a: Hydreigon|spa|2
|-damage|p2a: Hydreigon|223\/325|[from] item: Life Orb
|faint|p1a: Swampert
|
|
|switch|p1a: Hydreigon|Hydreigon, M|325\/325
|turn|16
|
|switch|p2a: Dusknoir|Dusknoir, M|233\/294
|-damage|p2a: Dusknoir|197\/294|[from] Stealth Rock
|-item|p1a: Hydreigon|Choice Scarf|[from] ability: Frisk|[of] p2a: Dusknoir|[identify]
|move|p1a: Hydreigon|U-turn|p2a: Dusknoir
|-resisted|p2a: Dusknoir
|-damage|p2a: Dusknoir|184\/294
|
|switch|p1a: Chandelure|Chandelure, M|251\/289
|-damage|p1a: Chandelure|215\/289|[from] Spikes
|
|-heal|p1a: Chandelure|233\/289|[from] item: Leftovers
|-heal|p2a: Dusknoir|202\/294|[from] item: Leftovers
|turn|17
|
|switch|p1a: Hydreigon|Hydreigon, M|325\/325
|switch|p2a: Hydreigon|Hydreigon, F|223\/325
|-damage|p2a: Hydreigon|183\/325|[from] Stealth Rock
|
|turn|18
|
|move|p1a: Hydreigon|Dragon Pulse|p2a: Hydreigon
|-supereffective|p2a: Hydreigon
|-damage|p2a: Hydreigon|0 fnt
|faint|p2a: Hydreigon
|
|
|switch|p2a: Forretress|Forretress, M|354\/354
|-damage|p2a: Forretress|310\/354|[from] Stealth Rock
|turn|19
|
|switch|p1a: Chandelure|Chandelure, M|233\/289
|-damage|p1a: Chandelure|197\/289|[from] Spikes
|move|p2a: Forretress|Rapid Spin|p1a: Chandelure
|-immune|p1a: Chandelure|[msg]
|
|-heal|p1a: Chandelure|215\/289|[from] item: Leftovers
|-heal|p2a: Forretress|332\/354|[from] item: Leftovers
|turn|20
|join|Eyan
|
|move|p1a: Chandelure|Substitute|p1a: Chandelure
|-start|p1a: Chandelure|Substitute
|-damage|p1a: Chandelure|143\/289
|move|p2a: Forretress|Stealth Rock|p1a: Chandelure
|-sidestart|p1: A Durian|move: Stealth Rock
|
|-heal|p1a: Chandelure|161\/289|[from] item: Leftovers
|-heal|p2a: Forretress|354\/354|[from] item: Leftovers
|turn|21
|
|move|p1a: Chandelure|Calm Mind|p1a: Chandelure
|-boost|p1a: Chandelure|spa|1
|-boost|p1a: Chandelure|spd|1
|move|p2a: Forretress|Volt Switch|p1a: Chandelure
|-activate|p1a: Chandelure|Substitute|[damage]
|
|switch|p2a: Darmanitan|Darmanitan, F|351\/351
|-damage|p2a: Darmanitan|264\/351|[from] Stealth Rock
|
|-heal|p1a: Chandelure|179\/289|[from] item: Leftovers
|turn|22
|
|move|p2a: Darmanitan|Rock Slide|p1a: Chandelure
|-supereffective|p1a: Chandelure
|-end|p1a: Chandelure|Substitute
|move|p1a: Chandelure|Shadow Ball|p2a: Darmanitan
|-crit|p2a: Darmanitan
|-damage|p2a: Darmanitan|0 fnt
|faint|p2a: Darmanitan
|
|-heal|p1a: Chandelure|197\/289|[from] item: Leftovers
|
|switch|p2a: Sharpedo|Sharpedo, F|281\/281
|-damage|p2a: Sharpedo|246\/281|[from] Stealth Rock
|turn|23
|
|switch|p1a: Hydreigon|Hydreigon, M|325\/325
|-damage|p1a: Hydreigon|285\/325|[from] Stealth Rock
|move|p2a: Sharpedo|Crunch|p1a: Hydreigon
|-resisted|p1a: Hydreigon
|-damage|p1a: Hydreigon|210\/325
|
|-boost|p2a: Sharpedo|spe|1|[from] ability: Speed Boost
|turn|24
|
|move|p2a: Sharpedo|Protect|p2a: Sharpedo
|-singleturn|p2a: Sharpedo|Protect
|move|p1a: Hydreigon|Draco Meteor|p2a: Sharpedo
|-activate|p2a: Sharpedo|Protect
|
|-boost|p2a: Sharpedo|spe|1|[from] ability: Speed Boost
|turn|25
|
|detailschange|p2a: Sharpedo|Sharpedo-Mega, F
|-mega|p2a: Sharpedo|Sharpedo|Sharpedonite
|move|p2a: Sharpedo|Ice Fang|p1a: Hydreigon
|-crit|p1a: Hydreigon
|-supereffective|p1a: Hydreigon
|-damage|p1a: Hydreigon|0 fnt
|faint|p1a: Hydreigon
|
|
|switch|p1a: Medicham|Medicham, M|261\/261
|-damage|p1a: Medicham|229\/261|[from] Spikes
|-damage|p1a: Medicham|213\/261|[from] Stealth Rock
|turn|26
|
|detailschange|p1a: Medicham|Medicham-Mega, M
|-mega|p1a: Medicham|Medicham|Medichamite
|move|p2a: Sharpedo|Protect|p2a: Sharpedo
|-singleturn|p2a: Sharpedo|Protect
|move|p1a: Medicham|Fake Out|p2a: Sharpedo
|-activate|p2a: Sharpedo|Protect
|
|turn|27
|
|move|p2a: Sharpedo|Crunch|p1a: Medicham
|-damage|p1a: Medicham|0 fnt
|faint|p1a: Medicham
|
|
|switch|p1a: Celebi|Celebi|404\/404
|-damage|p1a: Celebi|354\/404|[from] Spikes
|-damage|p1a: Celebi|304\/404|[from] Stealth Rock
|turn|28
|
|move|p2a: Sharpedo|Crunch|p1a: Celebi
|-supereffective|p1a: Celebi
|-damage|p1a: Celebi|0 fnt
|faint|p1a: Celebi
|
|-message|A Durian forfeited.
|leave|A Durian
|
|win|M.Shark
|raw|Ladder updating...
|player|p1
|raw|A Durian's rating: 1333 &rarr; <strong>1314<\/strong><br \/>(-19 for losing)
|raw|M.Shark's rating: 1340 &rarr; <strong>1360<\/strong><br \/>(+20 for winning)
|c|âM.Shark|gg
|leave|Eyan
|join|jkenna7
|leave|jkenna7