|join|Trosko
|join|br grilo pr
|player|p1|Trosko|264
|player|p2|br grilo pr|161
|gametype|singles
|gen|6
|tier|OU
|rated
|clearpoke
|poke|p1|Mew, shiny
|poke|p1|Keldeo-Resolute
|poke|p1|Pinsir, M
|poke|p1|Bisharp, M
|poke|p1|Garchomp, M
|poke|p1|Gengar, M
|poke|p2|Talonflame, M
|poke|p2|Ferrothorn, M
|poke|p2|Garchomp, F
|poke|p2|Azumarill, M
|poke|p2|Gothitelle, M
|poke|p2|Ambipom, M
|rule|Swagger Clause: Swagger is banned
|rule|Baton Pass Clause: Limit one PokÃ©mon knowing Baton Pass
|rule|Sleep Clause Mod: Limit one foe put to sleep
|rule|Species Clause: Limit one of each PokÃ©mon
|rule|OHKO Clause: OHKO moves are banned
|rule|Moody Clause: Moody is banned
|rule|Evasion Moves Clause: Evasion moves are banned
|rule|Endless Battle Clause: Forcing endless battles is banned
|rule|HP Percentage Mod: HP is shown in percentages
|teampreview
|join|RushPlays
|leave|RushPlays
|
|start
|switch|p1a: Mew|Mew, shiny|342\/342
|switch|p2a: Ambipom|Ambipom, M|292\/292
|turn|1
|
|move|p2a: Ambipom|Fake Out|p1a: Mew
|-damage|p1a: Mew|245\/342
|-damage|p2a: Ambipom|263\/292|[from] item: Life Orb
|cant|p1a: Mew|flinch
|
|turn|2
|
|switch|p2a: Gothitelle|Gothitelle, M|282\/282
|move|p1a: Mew|Stealth Rock|p2a: Gothitelle
|-sidestart|p2: br grilo pr|move: Stealth Rock
|
|turn|3
|
|move|p1a: Mew|Taunt|p2a: Gothitelle
|-start|p2a: Gothitelle|move: Taunt
|move|p2a: Gothitelle|Thunderbolt|p1a: Mew
|-damage|p1a: Mew|102\/342
|
|turn|4
|
|move|p1a: Mew|Knock Off|p2a: Gothitelle
|-supereffective|p2a: Gothitelle
|-damage|p2a: Gothitelle|136\/282
|-enditem|p2a: Gothitelle|Choice Specs|[from] move: Knock Off|[of] p1a: Mew
|move|p2a: Gothitelle|Thunderbolt|p1a: Mew
|-damage|p1a: Mew|0 fnt
|faint|p1a: Mew
|
|
|switch|p1a: Bisharp|Bisharp, M|272\/272
|turn|5
|
|move|p1a: Bisharp|Iron Head|p2a: Gothitelle
|-damage|p2a: Gothitelle|0 fnt
|-damage|p1a: Bisharp|245\/272|[from] item: Life Orb
|faint|p2a: Gothitelle
|
|
|switch|p2a: Garchomp|Garchomp, F|357\/357
|-damage|p2a: Garchomp|335\/357|[from] Stealth Rock
|turn|6
|
|switch|p1a: Gengar|Gengar, M|261\/261
|move|p2a: Garchomp|Earthquake|p1a: Gengar
|-immune|p1a: Gengar|[msg]
|
|turn|7
|
|move|p1a: Gengar|Focus Blast|p2a: Garchomp|[miss]
|-miss|p1a: Gengar|p2a: Garchomp
|move|p2a: Garchomp|Rock Slide|p1a: Gengar
|-damage|p1a: Gengar|132\/261
|
|turn|8
|
|switch|p2a: Azumarill|Azumarill, M|345\/345
|-damage|p2a: Azumarill|302\/345|[from] Stealth Rock
|move|p1a: Gengar|Shadow Ball|p2a: Azumarill
|-damage|p2a: Azumarill|177\/345
|-damage|p1a: Gengar|106\/261|[from] item: Life Orb
|
|turn|9
|
|move|p2a: Azumarill|Aqua Jet|p1a: Gengar
|-damage|p1a: Gengar|0 fnt
|faint|p1a: Gengar
|
|
|switch|p1a: Pinsir|Pinsir, M|272\/272
|turn|10
|
|detailschange|p1a: Pinsir|Pinsir-Mega, M
|message|Pinsir has Mega Evolved into Mega Pinsir!
|move|p1a: Pinsir|Quick Attack|p2a: Azumarill
|-damage|p2a: Azumarill|24\/345
|move|p2a: Azumarill|Play Rough|p1a: Pinsir
|-damage|p1a: Pinsir|95\/272
|
|turn|11
|
|move|p1a: Pinsir|Quick Attack|p2a: Azumarill
|-damage|p2a: Azumarill|0 fnt
|faint|p2a: Azumarill
|
|
|switch|p2a: Ferrothorn|Ferrothorn, M|352\/352
|-damage|p2a: Ferrothorn|330\/352|[from] Stealth Rock
|turn|12
|
|switch|p1a: Bisharp|Bisharp, M|245\/272
|move|p2a: Ferrothorn|Stealth Rock|p1a: Bisharp
|-sidestart|p1: Trosko|move: Stealth Rock
|
|-heal|p2a: Ferrothorn|352\/352|[from] item: Leftovers
|turn|13
|
|switch|p2a: Garchomp|Garchomp, F|335\/357
|-damage|p2a: Garchomp|313\/357|[from] Stealth Rock
|move|p1a: Bisharp|Substitute|p1a: Bisharp
|-start|p1a: Bisharp|Substitute
|-damage|p1a: Bisharp|177\/272
|
|turn|14
|
|move|p2a: Garchomp|Earthquake|p1a: Bisharp
|-crit|p1a: Bisharp
|-supereffective|p1a: Bisharp
|-end|p1a: Bisharp|Substitute
|move|p1a: Bisharp|Knock Off|p2a: Garchomp
|-damage|p2a: Garchomp|43\/357
|-enditem|p2a: Garchomp|Lum Berry|[from] move: Knock Off|[of] p1a: Bisharp
|-damage|p1a: Bisharp|150\/272|[from] item: Life Orb
|
|turn|15
|
|move|p1a: Bisharp|Sucker Punch|p2a: Garchomp
|-damage|p2a: Garchomp|0 fnt
|-damage|p1a: Bisharp|123\/272|[from] item: Life Orb
|faint|p2a: Garchomp
|
|
|switch|p2a: Ambipom|Ambipom, M|263\/292
|-damage|p2a: Ambipom|227\/292|[from] Stealth Rock
|turn|16
|
|switch|p1a: Pinsir|Pinsir-Mega, M|95\/272
|-damage|p1a: Pinsir|0 fnt|[from] Stealth Rock
|faint|p1a: Pinsir
|move|p2a: Ambipom|Fake Out|p1: Pinsir|[notarget]
|-notarget
|
|
|switch|p1a: Keldeo-Resolute|Keldeo-Resolute|323\/323
|-damage|p1a: Keldeo-Resolute|303\/323|[from] Stealth Rock
|turn|17
|
|move|p2a: Ambipom|Aerial Ace|p1a: Keldeo-Resolute
|-supereffective|p1a: Keldeo-Resolute
|-damage|p1a: Keldeo-Resolute|53\/323
|-damage|p2a: Ambipom|198\/292|[from] item: Life Orb
|move|p1a: Keldeo-Resolute|Secret Sword|p2a: Ambipom
|-supereffective|p2a: Ambipom
|-damage|p2a: Ambipom|0 fnt
|faint|p2a: Ambipom
|
|
|switch|p2a: Talonflame|Talonflame, M|297\/297
|-damage|p2a: Talonflame|149\/297|[from] Stealth Rock
|turn|18
|
|switch|p1a: Garchomp|Garchomp, M|358\/358
|-damage|p1a: Garchomp|336\/358|[from] Stealth Rock
|move|p2a: Talonflame|Brave Bird|p1a: Garchomp
|-damage|p1a: Garchomp|107\/358
|-damage|p2a: Talonflame|112\/297|[from] ability: Rough Skin|[of] p1a: Garchomp
|-damage|p2a: Talonflame|36\/297|[from] recoil|[of] p1a: Garchomp
|
|turn|19
|
|move|p2a: Talonflame|Brave Bird|p1a: Garchomp
|-damage|p1a: Garchomp|0 fnt
|-damage|p2a: Talonflame|0 fnt|[from] ability: Rough Skin|[of] p1a: Garchomp
|faint|p2a: Talonflame
|faint|p1a: Garchomp
|
|
|switch|p1a: Bisharp|Bisharp, M|123\/272
|-damage|p1a: Bisharp|106\/272|[from] Stealth Rock
|switch|p2a: Ferrothorn|Ferrothorn, M|352\/352
|-damage|p2a: Ferrothorn|330\/352|[from] Stealth Rock
|turn|20
|
|move|p1a: Bisharp|Substitute|p1a: Bisharp
|-start|p1a: Bisharp|Substitute
|-damage|p1a: Bisharp|38\/272
|move|p2a: Ferrothorn|Gyro Ball|p1a: Bisharp
|-resisted|p1a: Bisharp
|-end|p1a: Bisharp|Substitute
|
|-heal|p2a: Ferrothorn|352\/352|[from] item: Leftovers
|turn|21
|
|move|p1a: Bisharp|Knock Off|p2a: Ferrothorn
|-damage|p2a: Ferrothorn|160\/352
|-damage|p1a: Bisharp|4\/272|[from] ability: Iron Barbs|[of] p2a: Ferrothorn
|-enditem|p2a: Ferrothorn|Leftovers|[from] move: Knock Off|[of] p1a: Bisharp
|-damage|p1a: Bisharp|0 fnt|[from] item: Life Orb
|faint|p1a: Bisharp
|move|p2a: Ferrothorn|Gyro Ball|p1: Bisharp|[notarget]
|-notarget
|
|
|switch|p1a: Keldeo-Resolute|Keldeo-Resolute|53\/323
|-damage|p1a: Keldeo-Resolute|33\/323|[from] Stealth Rock
|turn|22
|
|move|p2a: Ferrothorn|Protect|p2a: Ferrothorn
|-singleturn|p2a: Ferrothorn|Protect
|move|p1a: Keldeo-Resolute|Secret Sword|p2a: Ferrothorn
|-activate|p2a: Ferrothorn|Protect
|
|turn|23
|
|move|p1a: Keldeo-Resolute|Secret Sword|p2a: Ferrothorn
|-supereffective|p2a: Ferrothorn
|-damage|p2a: Ferrothorn|0 fnt
|faint|p2a: Ferrothorn
|
|win|Trosko
|raw|Ladder updating...
|raw|Trosko's rating: 1386 &rarr; <strong>1404<\/strong><br \/>(+18 for winning)
|raw|br grilo pr's rating: 1346 &rarr; <strong>1328<\/strong><br \/>(-18 for losing)
|leave|br grilo pr
|player|p2
|c|âTrosko|gg