|join|BR Grilo PR
|join|7777nomeL
|player|p1|BR Grilo PR|161
|player|p2|7777nomeL|150
|gametype|singles
|gen|6
|tier|OU
|rated
|clearpoke
|poke|p1|Ambipom, M, shiny
|poke|p1|Azumarill, F, shiny
|poke|p1|Ferrothorn, M, shiny
|poke|p1|Garchomp, M, shiny
|poke|p1|Gothitelle, F, shiny
|poke|p1|Talonflame, M, shiny
|poke|p2|Snorlax, F
|poke|p2|Medicham, M
|poke|p2|Thundurus, M
|poke|p2|Talonflame, M
|poke|p2|Latias, F
|poke|p2|Bisharp, F
|rule|Swagger Clause: Swagger is banned
|rule|Baton Pass Clause: Limit one PokÃ©mon knowing Baton Pass
|rule|Sleep Clause Mod: Limit one foe put to sleep
|rule|Species Clause: Limit one of each PokÃ©mon
|rule|OHKO Clause: OHKO moves are banned
|rule|Moody Clause: Moody is banned
|rule|Evasion Moves Clause: Evasion moves are banned
|rule|Endless Battle Clause: Forcing endless battles is banned
|rule|HP Percentage Mod: HP is shown in percentages
|teampreview
|
|start
|switch|p1a: Hammer|Garchomp, M, shiny|357\/357
|switch|p2a: Medicham|Medicham, M|265\/265
|turn|1
|
|switch|p1a: Gordinha|Azumarill, F, shiny|345\/345
|detailschange|p2a: Medicham|Medicham-Mega, M
|message|Medicham has Mega Evolved into Mega Medicham!
|move|p2a: Medicham|High Jump Kick|p1a: Gordinha
|-resisted|p1a: Gordinha
|-damage|p1a: Gordinha|73\/345
|
|turn|2
|
|switch|p1a: Spike|Ferrothorn, M, shiny|352\/352
|move|p2a: Medicham|High Jump Kick|p1a: Spike|[miss]
|-miss|p2a: Medicham|p1a: Spike
|-damage|p2a: Medicham|133\/265|[from] highjumpkick
|
|turn|3
|
|move|p1a: Spike|Protect|p1a: Spike
|-singleturn|p1a: Spike|Protect
|move|p2a: Medicham|Substitute|p2a: Medicham
|-start|p2a: Medicham|Substitute
|-damage|p2a: Medicham|67\/265
|
|turn|4
|c|âBR Grilo PR|lol
|
|move|p1a: Spike|Protect|p1a: Spike
|-fail|p1a: Spike
|move|p2a: Medicham|Baton Pass|p2a: Medicham
|
|switch|p2a: Talonflame|Talonflame, M|327\/327
|
|turn|5
|
|switch|p1a: Gordinha|Azumarill, F, shiny|73\/345
|move|p2a: Talonflame|Swords Dance|p2a: Talonflame
|-boost|p2a: Talonflame|atk|2
|
|turn|6
|
|move|p2a: Talonflame|Brave Bird|p1a: Gordinha
|-damage|p1a: Gordinha|0 fnt
|-damage|p2a: Talonflame|303\/327|[from] recoil|[of] p1a: Gordinha
|faint|p1a: Gordinha
|
|
|switch|p1a: Risadinha|Ambipom, M, shiny|292\/292
|turn|7
|
|move|p1a: Risadinha|Fake Out|p2a: Talonflame
|-crit|p2a: Talonflame
|-end|p2a: Talonflame|Substitute
|move|p2a: Talonflame|Brave Bird|p1a: Risadinha
|-damage|p1a: Risadinha|0 fnt
|-damage|p2a: Talonflame|207\/327|[from] recoil|[of] p1a: Risadinha
|faint|p1a: Risadinha
|
|
|switch|p1a: Brave Bird|Talonflame, M, shiny|297\/297
|turn|8
|
|switch|p2a: Thundurus|Thundurus, M|299\/299
|move|p1a: Brave Bird|Brave Bird|p2a: Thundurus
|-resisted|p2a: Thundurus
|-damage|p2a: Thundurus|128\/299
|-damage|p1a: Brave Bird|241\/297|[from] recoil|[of] p2a: Thundurus
|
|turn|9
|
|switch|p1a: Hammer|Garchomp, M, shiny|357\/357
|move|p2a: Thundurus|Thunder Wave|p1a: Hammer
|-immune|p1a: Hammer|[msg]
|
|turn|10
|
|move|p2a: Thundurus|Hidden Power|p1a: Hammer
|-supereffective|p1a: Hammer
|-damage|p1a: Hammer|0 fnt
|-damage|p2a: Thundurus|99\/299|[from] item: Life Orb
|faint|p1a: Hammer
|
|
|switch|p1a: Brave Bird|Talonflame, M, shiny|241\/297
|turn|11
|
|move|p2a: Thundurus|Thunder Wave|p1a: Brave Bird
|-status|p1a: Brave Bird|par
|move|p1a: Brave Bird|Brave Bird|p2a: Thundurus
|-resisted|p2a: Thundurus
|-damage|p2a: Thundurus|0 fnt
|-damage|p1a: Brave Bird|208\/297 par|[from] recoil|[of] p2a: Thundurus
|faint|p2a: Thundurus
|
|
|switch|p2a: Latias|Latias, F|319\/319
|turn|12
|
|move|p1a: Brave Bird|Brave Bird|p2a: Latias
|-damage|p2a: Latias|36\/319
|-damage|p1a: Brave Bird|115\/297 par|[from] recoil|[of] p2a: Latias
|move|p2a: Latias|Draco Meteor|p1a: Brave Bird
|-damage|p1a: Brave Bird|0 fnt
|-unboost|p2a: Latias|spa|2
|-damage|p2a: Latias|5\/319|[from] item: Life Orb
|faint|p1a: Brave Bird
|
|
|switch|p1a: Barbie|Gothitelle, F, shiny|282\/282
|turn|13
|
|move|p1a: Barbie|Energy Ball|p2a: Latias
|-resisted|p2a: Latias
|-damage|p2a: Latias|0 fnt
|faint|p2a: Latias
|
|
|switch|p2a: Bisharp|Bisharp, F|271\/271
|turn|14
|
|move|p2a: Bisharp|Pursuit|p1a: Barbie|[from]Pursuit
|-supereffective|p1a: Barbie
|-damage|p1a: Barbie|0 fnt
|faint|p1a: Barbie
|
|
|switch|p1a: Spike|Ferrothorn, M, shiny|352\/352
|turn|15
|-message|BR Grilo PR forfeited.
|
|win|7777nomeL
|raw|Ladder updating...
|leave|BR Grilo PR
|player|p1
|raw|BR Grilo PR's rating: 1460 &rarr; <strong>1442<\/strong><br \/>(-18 for losing)
|raw|7777nomeL's rating: 1497 &rarr; <strong>1515<\/strong><br \/>(+18 for winning)