|join|LuckyXDD
|join|BR Grilo PR
|player|p1|LuckyXDD|161
|player|p2|BR Grilo PR|161
|gametype|singles
|gen|6
|tier|OU
|clearpoke
|poke|p1|Suicune
|poke|p1|Venusaur, M
|poke|p1|Gengar, M
|poke|p1|Dragonite, M
|poke|p1|Staraptor, M
|poke|p1|Scolipede, M
|poke|p2|Alakazam, M, shiny
|poke|p2|Espeon, F, shiny
|poke|p2|Haxorus, M, shiny
|poke|p2|Machamp, M, shiny
|poke|p2|Metagross, shiny
|poke|p2|Snorlax, F, shiny
|rule|Swagger Clause: Swagger is banned
|rule|Baton Pass Clause: Limit one PokÃ©mon knowing Baton Pass
|rule|Sleep Clause Mod: Limit one foe put to sleep
|rule|Species Clause: Limit one of each PokÃ©mon
|rule|OHKO Clause: OHKO moves are banned
|rule|Moody Clause: Moody is banned
|rule|Evasion Moves Clause: Evasion moves are banned
|rule|Endless Battle Clause: Forcing endless battles is banned
|rule|HP Percentage Mod: HP is shown in percentages
|teampreview
|
|start
|switch|p1a: Scolipede|Scolipede, M|261\/261
|switch|p2a: Machamp|Machamp, M, shiny|321\/321
|turn|1
|c|âBR Grilo PR|boa sorte
|
|move|p1a: Scolipede|Swords Dance|p1a: Scolipede
|-boost|p1a: Scolipede|atk|2
|move|p2a: Machamp|Stone Edge|p1a: Scolipede
|-supereffective|p1a: Scolipede
|-damage|p1a: Scolipede|0 fnt
|faint|p1a: Scolipede
|
|c|âLuckyXDD|vlw pra vc tamem
|
|switch|p1a: Tanke das Agua|Suicune|404\/404
|-ability|p1a: Tanke das Agua|Pressure
|turn|2
|
|switch|p2a: Snorlax|Snorlax, F, shiny|520\/520
|move|p1a: Tanke das Agua|Calm Mind|p1a: Tanke das Agua
|-boost|p1a: Tanke das Agua|spa|1
|-boost|p1a: Tanke das Agua|spd|1
|
|turn|3
|c|âBR Grilo PR|ja vai comeÃ§a
|
|move|p1a: Tanke das Agua|Calm Mind|p1a: Tanke das Agua
|-boost|p1a: Tanke das Agua|spa|1
|-boost|p1a: Tanke das Agua|spd|1
|move|p2a: Snorlax|Body Slam|p1a: Tanke das Agua
|-damage|p1a: Tanke das Agua|316\/404
|-status|p1a: Tanke das Agua|par
|
|-heal|p1a: Tanke das Agua|341\/404 par|[from] item: Leftovers
|turn|4
|
|move|p2a: Snorlax|Crunch|p1a: Tanke das Agua
|-damage|p1a: Tanke das Agua|287\/404 par
|move|p1a: Tanke das Agua|Calm Mind|p1a: Tanke das Agua
|-boost|p1a: Tanke das Agua|spa|1
|-boost|p1a: Tanke das Agua|spd|1
|
|-heal|p1a: Tanke das Agua|312\/404 par|[from] item: Leftovers
|turn|5
|
|move|p2a: Snorlax|Crunch|p1a: Tanke das Agua
|-damage|p1a: Tanke das Agua|260\/404 par
|cant|p1a: Tanke das Agua|par
|
|-heal|p1a: Tanke das Agua|285\/404 par|[from] item: Leftovers
|turn|6
|
|move|p2a: Snorlax|Crunch|p1a: Tanke das Agua
|-damage|p1a: Tanke das Agua|232\/404 par
|-unboost|p1a: Tanke das Agua|def|1
|move|p1a: Tanke das Agua|Rest|p1a: Tanke das Agua
|-status|p1a: Tanke das Agua|slp
|-heal|p1a: Tanke das Agua|404\/404 slp|[silent]
|-status|p1a: Tanke das Agua|slp|[from] move: Rest
|
|turn|7
|c|âBR Grilo PR|so vou joga mais essa vou vasa
|
|switch|p2a: Machamp|Machamp, M, shiny|321\/321
|cant|p1a: Tanke das Agua|slp
|move|p1a: Tanke das Agua|Sleep Talk|p1a: Tanke das Agua
|move|p1a: Tanke das Agua|Rest|p1a: Tanke das Agua|[from]Sleep Talk
|-fail|p1a: Tanke das Agua
|
|turn|8
|
|move|p2a: Machamp|Dynamic Punch|p1a: Tanke das Agua
|-damage|p1a: Tanke das Agua|224\/404 slp
|-start|p1a: Tanke das Agua|confusion
|cant|p1a: Tanke das Agua|slp
|-activate|p1a: Tanke das Agua|confusion
|-damage|p1a: Tanke das Agua|198\/404 slp|[from] confusion
|
|-heal|p1a: Tanke das Agua|223\/404 slp|[from] item: Leftovers
|turn|9
|
|move|p2a: Machamp|Dynamic Punch|p1a: Tanke das Agua
|-damage|p1a: Tanke das Agua|57\/404 slp
|-curestatus|p1a: Tanke das Agua|slp
|-activate|p1a: Tanke das Agua|confusion
|move|p1a: Tanke das Agua|Rest|p1a: Tanke das Agua
|-status|p1a: Tanke das Agua|slp
|-heal|p1a: Tanke das Agua|404\/404 slp|[silent]
|-status|p1a: Tanke das Agua|slp|[from] move: Rest
|
|turn|10
|
|switch|p2a: Haxorus|Haxorus, M, shiny|328\/328
|-ability|p2a: Haxorus|Mold Breaker
|cant|p1a: Tanke das Agua|slp
|-activate|p1a: Tanke das Agua|confusion
|-damage|p1a: Tanke das Agua|376\/404 slp|[from] confusion
|
|-heal|p1a: Tanke das Agua|401\/404 slp|[from] item: Leftovers
|turn|11
|
|move|p2a: Haxorus|Dragon Dance|p2a: Haxorus
|-boost|p2a: Haxorus|atk|1
|-boost|p2a: Haxorus|spe|1
|cant|p1a: Tanke das Agua|slp
|-activate|p1a: Tanke das Agua|confusion
|move|p1a: Tanke das Agua|Sleep Talk|p1a: Tanke das Agua
|move|p1a: Tanke das Agua|Scald|p2a: Haxorus|[from]Sleep Talk
|-resisted|p2a: Haxorus
|-damage|p2a: Haxorus|196\/328
|
|-heal|p1a: Tanke das Agua|404\/404 slp|[from] item: Leftovers
|turn|12
|
|move|p2a: Haxorus|Dragon Dance|p2a: Haxorus
|-boost|p2a: Haxorus|atk|1
|-boost|p2a: Haxorus|spe|1
|-curestatus|p1a: Tanke das Agua|slp
|-end|p1a: Tanke das Agua|confusion
|move|p1a: Tanke das Agua|Calm Mind|p1a: Tanke das Agua
|-boost|p1a: Tanke das Agua|spa|1
|-boost|p1a: Tanke das Agua|spd|1
|
|turn|13
|
|move|p2a: Haxorus|Dragon Claw|p1a: Tanke das Agua
|-damage|p1a: Tanke das Agua|34\/404
|-damage|p2a: Haxorus|164\/328|[from] item: Life Orb
|move|p1a: Tanke das Agua|Scald|p2a: Haxorus
|-resisted|p2a: Haxorus
|-damage|p2a: Haxorus|0 fnt
|faint|p2a: Haxorus
|
|-heal|p1a: Tanke das Agua|59\/404|[from] item: Leftovers
|
|switch|p2a: Machamp|Machamp, M, shiny|321\/321
|turn|14
|
|move|p2a: Machamp|Knock Off|p1a: Tanke das Agua
|-damage|p1a: Tanke das Agua|0 fnt
|-enditem|p1a: Tanke das Agua|Leftovers|[from] move: Knock Off|[of] p2a: Machamp
|faint|p1a: Tanke das Agua
|
|
|switch|p1a: Passaro do Mau|Staraptor, M|312\/312
|turn|15
|
|switch|p2a: Metagross|Metagross, shiny|345\/345
|move|p1a: Passaro do Mau|Brave Bird|p2a: Metagross
|-resisted|p2a: Metagross
|-damage|p2a: Metagross|203\/345
|-damage|p1a: Passaro do Mau|265\/312|[from] recoil|[of] p2a: Metagross
|
|turn|16
|
|move|p1a: Passaro do Mau|Brave Bird|p2a: Metagross
|-resisted|p2a: Metagross
|-damage|p2a: Metagross|53\/345
|-damage|p1a: Passaro do Mau|215\/312|[from] recoil|[of] p2a: Metagross
|move|p2a: Metagross|Ice Punch|p1a: Passaro do Mau
|-supereffective|p1a: Passaro do Mau
|-damage|p1a: Passaro do Mau|1\/312
|
|turn|17
|
|move|p2a: Metagross|Bullet Punch|p1a: Passaro do Mau
|-damage|p1a: Passaro do Mau|0 fnt
|faint|p1a: Passaro do Mau
|
|
|switch|p1a: Surprise Mae da Fo|Dragonite, M|324\/324
|turn|18
|
|move|p1a: Surprise Mae da Fo|Dragon Dance|p1a: Surprise Mae da Fo
|-boost|p1a: Surprise Mae da Fo|atk|1
|-boost|p1a: Surprise Mae da Fo|spe|1
|move|p2a: Metagross|Ice Punch|p1a: Surprise Mae da Fo
|-supereffective|p1a: Surprise Mae da Fo
|-damage|p1a: Surprise Mae da Fo|166\/324
|-enditem|p1a: Surprise Mae da Fo|Weakness Policy
|-boost|p1a: Surprise Mae da Fo|atk|2|[from] item: Weakness Policy
|-boost|p1a: Surprise Mae da Fo|spa|2|[from] item: Weakness Policy
|
|turn|19
|
|move|p1a: Surprise Mae da Fo|Fire Punch|p2a: Metagross
|-supereffective|p2a: Metagross
|-damage|p2a: Metagross|0 fnt
|faint|p2a: Metagross
|
|
|switch|p2a: Snorlax|Snorlax, F, shiny|520\/520
|turn|20
|
|move|p1a: Surprise Mae da Fo|Dragon Claw|p2a: Snorlax
|-damage|p2a: Snorlax|34\/520
|move|p2a: Snorlax|Body Slam|p1a: Surprise Mae da Fo
|-crit|p1a: Surprise Mae da Fo
|-damage|p1a: Surprise Mae da Fo|0 fnt
|faint|p1a: Surprise Mae da Fo
|
|
|switch|p1a: Gordo Fanstama|Gengar, M|261\/261
|turn|21
|
|move|p1a: Gordo Fanstama|Sludge Bomb|p2a: Snorlax
|-damage|p2a: Snorlax|0 fnt
|faint|p2a: Snorlax
|
|
|switch|p2a: Alakazam|Alakazam, M, shiny|252\/252
|turn|22
|
|move|p2a: Alakazam|Calm Mind|p2a: Alakazam
|-boost|p2a: Alakazam|spa|1
|-boost|p2a: Alakazam|spd|1
|move|p1a: Gordo Fanstama|Destiny Bond|p1a: Gordo Fanstama
|-singlemove|p1a: Gordo Fanstama|Destiny Bond
|
|turn|23
|
|move|p2a: Alakazam|Calm Mind|p2a: Alakazam
|-boost|p2a: Alakazam|spa|1
|-boost|p2a: Alakazam|spd|1
|move|p1a: Gordo Fanstama|Shadow Ball|p2a: Alakazam
|-supereffective|p2a: Alakazam
|-damage|p2a: Alakazam|112\/252
|
|turn|24
|c|âBR Grilo PR|=)
|
|move|p2a: Alakazam|Psychic|p1a: Gordo Fanstama
|-supereffective|p1a: Gordo Fanstama
|-enditem|p1a: Gordo Fanstama|Focus Sash
|-damage|p1a: Gordo Fanstama|1\/261
|-unboost|p1a: Gordo Fanstama|spd|1
|move|p1a: Gordo Fanstama|Destiny Bond|p1a: Gordo Fanstama
|-singlemove|p1a: Gordo Fanstama|Destiny Bond
|
|turn|25
|
|move|p2a: Alakazam|Psychic|p1a: Gordo Fanstama
|-crit|p1a: Gordo Fanstama
|-supereffective|p1a: Gordo Fanstama
|-damage|p1a: Gordo Fanstama|0 fnt
|faint|p1a: Gordo Fanstama
|-activate|p1a: Gordo Fanstama|Destiny Bond
|faint|p2a: Alakazam
|
|c|âBR Grilo PR|oh shit
|
|switch|p2a: Espeon|Espeon, F, shiny|305\/305
|switch|p1a: Sapo Fodao|Venusaur, M|364\/364
|turn|26
|
|detailschange|p1a: Sapo Fodao|Venusaur-Mega, M
|message|Venusaur has Mega Evolved into Mega Venusaur!
|move|p2a: Espeon|Light Screen|p2a: Espeon
|-sidestart|p2: BR Grilo PR|move: Light Screen
|move|p1a: Sapo Fodao|Leech Seed|p2a: Espeon
|move|p2a: Espeon|Leech Seed|p1a: Sapo Fodao|[from]Magic Bounce|[miss]
|-miss|p2a: Espeon|p1a: Sapo Fodao
|
|turn|27
|
|switch|p2a: Machamp|Machamp, M, shiny|321\/321
|move|p1a: Sapo Fodao|Sludge Bomb|p2a: Machamp
|-damage|p2a: Machamp|252\/321
|-status|p2a: Machamp|psn
|
|-damage|p2a: Machamp|212\/321 psn|[from] psn
|turn|28
|
|move|p2a: Machamp|Dynamic Punch|p1a: Sapo Fodao
|-resisted|p1a: Sapo Fodao
|-damage|p1a: Sapo Fodao|295\/364
|-start|p1a: Sapo Fodao|confusion
|-activate|p1a: Sapo Fodao|confusion
|-damage|p1a: Sapo Fodao|266\/364|[from] confusion
|
|-damage|p2a: Machamp|172\/321 psn|[from] psn
|turn|29
|c|âBR Grilo PR|eu acho q vou perde
|
|switch|p2a: Espeon|Espeon, F, shiny|305\/305
|-activate|p1a: Sapo Fodao|confusion
|move|p1a: Sapo Fodao|Giga Drain|p2a: Espeon
|-damage|p2a: Espeon|245\/305
|-heal|p1a: Sapo Fodao|296\/364|[from] drain|[of] p2a: Espeon
|
|-heal|p2a: Espeon|264\/305|[from] item: Leftovers
|turn|30
|c|âLuckyXDD|kk'
|
|move|p2a: Espeon|Wish|p2a: Espeon
|-end|p1a: Sapo Fodao|confusion
|move|p1a: Sapo Fodao|Sludge Bomb|p2a: Espeon
|-crit|p2a: Espeon
|-damage|p2a: Espeon|63\/305
|
|-heal|p2a: Espeon|82\/305|[from] item: Leftovers
|-sideend|p2: BR Grilo PR|move: Light Screen
|turn|31
|
|move|p2a: Espeon|Light Screen|p2a: Espeon
|-sidestart|p2: BR Grilo PR|move: Light Screen
|move|p1a: Sapo Fodao|Sludge Bomb|p2a: Espeon
|-damage|p2a: Espeon|16\/305
|
|-heal|p2a: Espeon|168\/305|[from] move: Wish|[wisher] Espeon
|-heal|p2a: Espeon|187\/305|[from] item: Leftovers
|turn|32
|
|move|p2a: Espeon|Wish|p2a: Espeon
|move|p1a: Sapo Fodao|Sludge Bomb|p2a: Espeon
|-damage|p2a: Espeon|122\/305
|-status|p2a: Espeon|psn
|
|-heal|p2a: Espeon|141\/305 psn|[from] item: Leftovers
|-damage|p2a: Espeon|103\/305 psn|[from] psn
|turn|33
|
|switch|p2a: Machamp|Machamp, M, shiny|172\/321 psn
|move|p1a: Sapo Fodao|Sludge Bomb|p2a: Machamp
|-damage|p2a: Machamp|106\/321 psn
|
|-heal|p2a: Machamp|258\/321 psn|[from] move: Wish|[wisher] Espeon
|-damage|p2a: Machamp|218\/321 psn|[from] psn
|turn|34
|
|move|p2a: Machamp|Poison Jab|p1a: Sapo Fodao
|-damage|p1a: Sapo Fodao|214\/364
|move|p1a: Sapo Fodao|Sludge Bomb|p2a: Machamp
|-damage|p2a: Machamp|146\/321 psn
|
|-damage|p2a: Machamp|106\/321 psn|[from] psn
|turn|35
|c|âBR Grilo PR|gg
|
|move|p1a: Sapo Fodao|Protect|p1a: Sapo Fodao
|-singleturn|p1a: Sapo Fodao|Protect
|move|p2a: Machamp|Poison Jab|p1a: Sapo Fodao
|-activate|p1a: Sapo Fodao|Protect
|
|-damage|p2a: Machamp|66\/321 psn|[from] psn
|-sideend|p2: BR Grilo PR|move: Light Screen
|turn|36
|
|move|p2a: Machamp|Poison Jab|p1a: Sapo Fodao
|-damage|p1a: Sapo Fodao|137\/364
|move|p1a: Sapo Fodao|Giga Drain|p2a: Machamp
|-damage|p2a: Machamp|0 fnt
|-heal|p1a: Sapo Fodao|170\/364|[from] drain|[of] p2a: Machamp
|faint|p2a: Machamp
|
|
|switch|p2a: Espeon|Espeon, F, shiny|103\/305 psn
|turn|37
|
|move|p2a: Espeon|Reflect|p2a: Espeon
|-sidestart|p2: BR Grilo PR|Reflect
|move|p1a: Sapo Fodao|Giga Drain|p2a: Espeon
|-damage|p2a: Espeon|0 fnt
|-heal|p1a: Sapo Fodao|222\/364|[from] drain|[of] p2a: Espeon
|faint|p2a: Espeon
|
|win|LuckyXDD
|leave|BR Grilo PR
|player|p2
|c|âLuckyXDD|Caramba k