|join|BR Grilo PR
|join|dm.mossberg590a1
|player|p1|BR Grilo PR|161
|player|p2|dm.mossberg590a1|42
|gametype|singles
|gen|6
|tier|OU
|rated
|clearpoke
|poke|p1|Ambipom, F
|poke|p1|Azumarill, F
|poke|p1|Ferrothorn, M
|poke|p1|Garchomp, F
|poke|p1|Greninja, M
|poke|p1|Talonflame, M
|poke|p2|Azumarill, F, shiny
|poke|p2|Sableye, F, shiny
|poke|p2|Porygon2, shiny
|poke|p2|Heracross, F, shiny
|poke|p2|Wobbuffet, F, shiny
|poke|p2|Ditto, shiny
|rule|Swagger Clause: Swagger is banned
|rule|Baton Pass Clause: Limit one PokÃ©mon knowing Baton Pass
|rule|Sleep Clause Mod: Limit one foe put to sleep
|rule|Species Clause: Limit one of each PokÃ©mon
|rule|OHKO Clause: OHKO moves are banned
|rule|Moody Clause: Moody is banned
|rule|Evasion Moves Clause: Evasion moves are banned
|rule|Endless Battle Clause: Forcing endless battles is banned
|rule|HP Percentage Mod: HP is shown in percentages
|teampreview
|
|start
|switch|p1a: Azumarill|Azumarill, F|345\/345
|switch|p2a: Happy Jizz|Ditto, shiny|300\/300
|-transform|p2a: Happy Jizz|p1a: Azumarill
|turn|1
|
|move|p2a: Happy Jizz|Play Rough|p1a: Azumarill
|-damage|p1a: Azumarill|126\/345
|-unboost|p1a: Azumarill|atk|1
|move|p1a: Azumarill|Knock Off|p2a: Happy Jizz
|-resisted|p2a: Happy Jizz
|-damage|p2a: Happy Jizz|243\/300
|-enditem|p2a: Happy Jizz|Choice Scarf|[from] move: Knock Off|[of] p1a: Azumarill
|
|turn|2
|
|switch|p1a: Ferrothorn|Ferrothorn, M|352\/352
|move|p2a: Happy Jizz|Play Rough|p1a: Ferrothorn
|-resisted|p1a: Ferrothorn
|-damage|p1a: Ferrothorn|274\/352
|-damage|p2a: Happy Jizz|206\/300|[from] ability: Iron Barbs|[of] p1a: Ferrothorn
|-damage|p2a: Happy Jizz|156\/300|[from] item: Rocky Helmet|[of] p1a: Ferrothorn
|
|turn|3
|
|switch|p2a: Super Mega Power|Heracross, F, shiny|301\/301
|move|p1a: Ferrothorn|Stealth Rock|p2a: Super Mega Power
|-sidestart|p2: dm.mossberg590a1|move: Stealth Rock
|
|turn|4
|
|move|p1a: Ferrothorn|Protect|p1a: Ferrothorn
|-singleturn|p1a: Ferrothorn|Protect
|move|p2a: Super Mega Power|Close Combat|p1a: Ferrothorn
|-activate|p1a: Ferrothorn|Protect
|
|turn|5
|
|switch|p2a: PIKAPIKA|Azumarill, F, shiny|404\/404
|-damage|p2a: PIKAPIKA|354\/404|[from] Stealth Rock
|switch|p1a: Azumarill|Azumarill, F|126\/345
|
|turn|6
|
|move|p1a: Azumarill|Aqua Jet|p2a: PIKAPIKA
|-crit|p2a: PIKAPIKA
|-resisted|p2a: PIKAPIKA
|-damage|p2a: PIKAPIKA|274\/404
|move|p2a: PIKAPIKA|Play Rough|p1a: Azumarill
|-damage|p1a: Azumarill|0 fnt
|faint|p1a: Azumarill
|
|
|switch|p1a: Ambipom|Ambipom, F|292\/292
|turn|7
|
|switch|p2a: U MAD|Sableye, F, shiny|304\/304
|-damage|p2a: U MAD|266\/304|[from] Stealth Rock
|move|p1a: Ambipom|Aerial Ace|p2a: U MAD
|-damage|p2a: U MAD|136\/304
|
|-heal|p2a: U MAD|155\/304|[from] item: Leftovers
|turn|8
|
|switch|p1a: Greninja|Greninja, M|285\/285
|move|p2a: U MAD|Will-O-Wisp|p1a: Greninja|[miss]
|-miss|p2a: U MAD|p1a: Greninja
|
|-heal|p2a: U MAD|174\/304|[from] item: Leftovers
|turn|9
|
|switch|p2a: COME AT ME BRO|Porygon2, shiny|374\/374
|-damage|p2a: COME AT ME BRO|328\/374|[from] Stealth Rock
|-ability|p2a: COME AT ME BRO|Protean|[from] ability: Trace|[of] p1a: Greninja
|move|p1a: Greninja|Ice Beam|p2a: COME AT ME BRO
|-start|p1a: Greninja|typechange|Ice|[from] Protean
|-damage|p2a: COME AT ME BRO|234\/374
|-damage|p1a: Greninja|257\/285|[from] item: Life Orb
|
|turn|10
|
|switch|p1a: Ferrothorn|Ferrothorn, M|274\/352
|move|p2a: COME AT ME BRO|Thunderbolt|p1a: Ferrothorn
|-start|p2a: COME AT ME BRO|typechange|Electric|[from] Protean
|-resisted|p1a: Ferrothorn
|-damage|p1a: Ferrothorn|238\/352
|
|turn|11
|
|move|p2a: COME AT ME BRO|Recover|p2a: COME AT ME BRO
|-start|p2a: COME AT ME BRO|typechange|Normal|[from] Protean
|-heal|p2a: COME AT ME BRO|374\/374
|move|p1a: Ferrothorn|Leech Seed|p2a: COME AT ME BRO
|-start|p2a: COME AT ME BRO|move: Leech Seed
|
|-damage|p2a: COME AT ME BRO|328\/374|[from] Leech Seed|[of] p1a: Ferrothorn
|-heal|p1a: Ferrothorn|284\/352|[silent]
|turn|12
|
|switch|p2a: Super Mega Power|Heracross, F, shiny|301\/301
|-damage|p2a: Super Mega Power|264\/301|[from] Stealth Rock
|move|p1a: Ferrothorn|Leech Seed|p2a: Super Mega Power
|-start|p2a: Super Mega Power|move: Leech Seed
|
|-damage|p2a: Super Mega Power|227\/301|[from] Leech Seed|[of] p1a: Ferrothorn
|-heal|p1a: Ferrothorn|321\/352|[silent]
|turn|13
|
|move|p2a: Super Mega Power|Close Combat|p1a: Ferrothorn
|-supereffective|p1a: Ferrothorn
|-damage|p1a: Ferrothorn|0 fnt
|-damage|p2a: Super Mega Power|190\/301|[from] ability: Iron Barbs|[of] p1a: Ferrothorn
|-damage|p2a: Super Mega Power|140\/301|[from] item: Rocky Helmet|[of] p1a: Ferrothorn
|-unboost|p2a: Super Mega Power|def|1
|-unboost|p2a: Super Mega Power|spd|1
|faint|p1a: Ferrothorn
|
|
|switch|p1a: Ambipom|Ambipom, F|292\/292
|turn|14
|
|switch|p2a: U MAD|Sableye, F, shiny|174\/304
|-damage|p2a: U MAD|136\/304|[from] Stealth Rock
|move|p1a: Ambipom|Aerial Ace|p2a: U MAD
|-damage|p2a: U MAD|18\/304
|
|-heal|p2a: U MAD|37\/304|[from] item: Leftovers
|turn|15
|
|move|p2a: U MAD|Recover|p2a: U MAD
|-heal|p2a: U MAD|189\/304
|move|p1a: Ambipom|Aerial Ace|p2a: U MAD
|-damage|p2a: U MAD|59\/304
|
|-heal|p2a: U MAD|78\/304|[from] item: Leftovers
|turn|16
|
|switch|p1a: Greninja|Greninja, M|257\/285
|move|p2a: U MAD|Recover|p2a: U MAD
|-heal|p2a: U MAD|230\/304
|
|-heal|p2a: U MAD|249\/304|[from] item: Leftovers
|turn|17
|
|switch|p2a: COME AT ME BRO|Porygon2, shiny|328\/374
|-damage|p2a: COME AT ME BRO|282\/374|[from] Stealth Rock
|-ability|p2a: COME AT ME BRO|Protean|[from] ability: Trace|[of] p1a: Greninja
|move|p1a: Greninja|Ice Beam|p2a: COME AT ME BRO
|-start|p1a: Greninja|typechange|Ice|[from] Protean
|-damage|p2a: COME AT ME BRO|195\/374
|-damage|p1a: Greninja|229\/285|[from] item: Life Orb
|
|turn|18
|
|move|p1a: Greninja|Extrasensory|p2a: COME AT ME BRO
|-start|p1a: Greninja|typechange|Psychic|[from] Protean
|-damage|p2a: COME AT ME BRO|113\/374
|-damage|p1a: Greninja|201\/285|[from] item: Life Orb
|move|p2a: COME AT ME BRO|Toxic|p1a: Greninja|[miss]
|-start|p2a: COME AT ME BRO|typechange|Poison|[from] Protean
|-miss|p2a: COME AT ME BRO|p1a: Greninja
|
|turn|19
|
|move|p1a: Greninja|Hydro Cannon|p2a: COME AT ME BRO
|-start|p1a: Greninja|typechange|Water|[from] Protean
|-damage|p2a: COME AT ME BRO|0 fnt
|-damage|p1a: Greninja|173\/285|[from] item: Life Orb
|faint|p2a: COME AT ME BRO
|
|
|switch|p2a: PIKAPIKA|Azumarill, F, shiny|274\/404
|-damage|p2a: PIKAPIKA|224\/404|[from] Stealth Rock
|turn|20
|
|cant|p1a: Greninja|recharge
|move|p2a: PIKAPIKA|Belly Drum|p2a: PIKAPIKA
|-damage|p2a: PIKAPIKA|22\/404
|-setboost|p2a: PIKAPIKA|atk|6|[from] move: Belly Drum
|-enditem|p2a: PIKAPIKA|Sitrus Berry|[eat]
|-heal|p2a: PIKAPIKA|123\/404|[from] item: Sitrus Berry
|
|turn|21
|
|switch|p1a: Ambipom|Ambipom, F|292\/292
|move|p2a: PIKAPIKA|Aqua Jet|p1a: Ambipom
|-damage|p1a: Ambipom|0 fnt
|faint|p1a: Ambipom
|
|
|switch|p1a: Talonflame|Talonflame, M|297\/297
|turn|22
|
|move|p1a: Talonflame|Brave Bird|p2a: PIKAPIKA
|-damage|p2a: PIKAPIKA|0 fnt
|-damage|p1a: Talonflame|256\/297|[from] recoil|[of] p2a: PIKAPIKA
|faint|p2a: PIKAPIKA
|
|
|switch|p2a: Wobba Fett|Wobbuffet, F, shiny|528\/528
|-damage|p2a: Wobba Fett|462\/528|[from] Stealth Rock
|turn|23
|
|move|p1a: Talonflame|Brave Bird|p2a: Wobba Fett
|-damage|p2a: Wobba Fett|179\/528
|-damage|p1a: Talonflame|163\/297|[from] recoil|[of] p2a: Wobba Fett
|move|p2a: Wobba Fett|Counter|p1a: Talonflame
|-damage|p1a: Talonflame|0 fnt
|faint|p1a: Talonflame
|
|-heal|p2a: Wobba Fett|212\/528|[from] item: Leftovers
|
|switch|p1a: Garchomp|Garchomp, F|357\/357
|turn|24
|
|move|p1a: Garchomp|Earthquake|p2a: Wobba Fett
|-crit|p2a: Wobba Fett
|-damage|p2a: Wobba Fett|0 fnt
|faint|p2a: Wobba Fett
|
|
|switch|p2a: Happy Jizz|Ditto, shiny|156\/300
|-damage|p2a: Happy Jizz|119\/300|[from] Stealth Rock
|-transform|p2a: Happy Jizz|p1a: Garchomp
|turn|25
|
|move|p2a: Happy Jizz|Outrage|p1a: Garchomp
|-supereffective|p1a: Garchomp
|-damage|p1a: Garchomp|0 fnt
|faint|p1a: Garchomp
|
|
|switch|p1a: Greninja|Greninja, M|173\/285
|turn|26
|
|move|p1a: Greninja|Ice Beam|p2a: Happy Jizz
|-start|p1a: Greninja|typechange|Ice|[from] Protean
|-supereffective|p2a: Happy Jizz
|-damage|p2a: Happy Jizz|0 fnt
|-damage|p1a: Greninja|145\/285|[from] item: Life Orb
|faint|p2a: Happy Jizz
|
|
|switch|p2a: Super Mega Power|Heracross, F, shiny|140\/301
|-damage|p2a: Super Mega Power|103\/301|[from] Stealth Rock
|turn|27
|
|move|p2a: Super Mega Power|Close Combat|p1a: Greninja
|-supereffective|p1a: Greninja
|-damage|p1a: Greninja|0 fnt
|-unboost|p2a: Super Mega Power|def|1
|-unboost|p2a: Super Mega Power|spd|1
|faint|p1a: Greninja
|
|win|dm.mossberg590a1
|raw|Ladder updating...
|raw|BR Grilo PR's rating: 1402 &rarr; <strong>1382<\/strong><br \/>(-20 for losing)
|raw|dm.mossberg590a1's rating: 1393 &rarr; <strong>1413<\/strong><br \/>(+20 for winning)
|c|âdm.mossberg590a1|gg
|leave|BR Grilo PR
|player|p1