|join|Emblema de Fuego
|join|BR Grilo PR
|player|p1|Emblema de Fuego|169
|player|p2|BR Grilo PR|161
|gametype|singles
|gen|6
|tier|OU (suspect test)
|rated
|clearpoke
|poke|p1|Talonflame, F, shiny
|poke|p1|Breloom, M
|poke|p1|Metagross
|poke|p1|Gyarados, M, shiny
|poke|p1|Scolipede, M
|poke|p1|Gengar, M
|poke|p2|Metagross, shiny
|poke|p2|Shuckle, F
|poke|p2|Conkeldurr, F
|poke|p2|Alakazam, F
|poke|p2|Talonflame, M
|poke|p2|Rotom-Frost
|rule|Swagger Clause: Swagger is banned
|rule|Baton Pass Clause: Limit one PokÃ©mon knowing Baton Pass
|rule|Sleep Clause Mod: Limit one foe put to sleep
|rule|Species Clause: Limit one of each PokÃ©mon
|rule|OHKO Clause: OHKO moves are banned
|rule|Moody Clause: Moody is banned
|rule|Evasion Moves Clause: Evasion moves are banned
|rule|Endless Battle Clause: Forcing endless battles is banned
|rule|HP Percentage Mod: HP is shown in percentages
|teampreview
|
|start
|switch|p1a: Kraken|Gyarados, M, shiny|331\/331
|switch|p2a: Shuckle|Shuckle, F|244\/244
|-ability|p1a: Kraken|Intimidate|[of] p2a: Shuckle
|-unboost|p2a: Shuckle|atk|1
|turn|1
|
|switch|p1a: Culero|Breloom, M|287\/287
|move|p2a: Shuckle|Encore|p1a: Culero
|-fail|p1a: Culero
|
|-status|p1a: Culero|tox|[from] item: Toxic Orb
|turn|2
|
|move|p1a: Culero|Spore|p2a: Shuckle
|-status|p2a: Shuckle|slp
|cant|p2a: Shuckle|slp
|
|turn|3
|
|switch|p2a: Metagross|Metagross, shiny|301\/301
|move|p1a: Culero|Substitute|p1a: Culero
|-start|p1a: Culero|Substitute
|-damage|p1a: Culero|216\/287 tox
|
|-heal|p1a: Culero|251\/287 tox|[from] ability: Poison Heal
|turn|4
|
|detailschange|p2a: Metagross|Metagross-Mega, shiny
|-mega|p2a: Metagross|Metagross|Metagrossite
|move|p2a: Metagross|Ice Punch|p1a: Culero
|-supereffective|p1a: Culero
|-end|p1a: Culero|Substitute
|move|p1a: Culero|Leech Seed|p2a: Metagross
|-start|p2a: Metagross|move: Leech Seed
|
|-damage|p2a: Metagross|264\/301|[from] Leech Seed|[of] p1a: Culero
|-heal|p1a: Culero|287\/287 tox|[silent]
|turn|5
|
|switch|p2a: Alakazam|Alakazam, F|251\/251
|switch|p1a: Kraken|Gyarados, M, shiny|331\/331
|-ability|p1a: Kraken|Intimidate|[of] p2a: Alakazam
|-unboost|p2a: Alakazam|atk|1
|
|turn|6
|
|move|p2a: Alakazam|Energy Ball|p1a: Kraken
|-damage|p1a: Kraken|207\/331
|move|p1a: Kraken|Waterfall|p2a: Alakazam
|-enditem|p2a: Alakazam|Focus Sash
|-damage|p2a: Alakazam|1\/251
|
|-heal|p1a: Kraken|227\/331|[from] item: Leftovers
|turn|7
|
|switch|p1a: X|Metagross|363\/363
|move|p2a: Alakazam|Psyshock|p1a: X
|-crit|p1a: X
|-resisted|p1a: X
|-damage|p1a: X|316\/363
|
|turn|8
|
|detailschange|p1a: X|Metagross-Mega
|-mega|p1a: X|Metagross|Metagrossite
|move|p2a: Alakazam|Shadow Ball|p1a: X
|-supereffective|p1a: X
|-damage|p1a: X|108\/363
|move|p1a: X|Zen Headbutt|p2a: Alakazam
|-resisted|p2a: Alakazam
|-damage|p2a: Alakazam|0 fnt
|faint|p2a: Alakazam
|
|
|switch|p2a: Talonflame|Talonflame, M|297\/297
|turn|9
|
|move|p2a: Talonflame|Brave Bird|p1a: X
|-resisted|p1a: X
|-damage|p1a: X|15\/363
|-damage|p2a: Talonflame|266\/297|[from] recoil|[of] p1a: X
|move|p1a: X|Zen Headbutt|p2a: Talonflame
|-damage|p2a: Talonflame|0 fnt
|faint|p2a: Talonflame
|
|
|switch|p2a: Rotom-Frost|Rotom-Frost|241\/241
|turn|10
|c|âBR Grilo PR|oh shit
|join|TarickTheImmortal
|
|switch|p1a: Gusan|Scolipede, M|323\/323
|move|p2a: Rotom-Frost|Volt Switch|p1a: Gusan
|-damage|p1a: Gusan|178\/323
|
|switch|p2a: Conkeldurr|Conkeldurr, F|351\/351
|
|-heal|p1a: Gusan|198\/323|[from] item: Black Sludge
|turn|11
|c| TarickTheImmortal|cara, sÃ³ porcausa de um poke igual, puxa q puxa
|
|switch|p1a: X|Metagross-Mega|15\/363
|move|p2a: Conkeldurr|Knock Off|p1a: X
|-supereffective|p1a: X
|-damage|p1a: X|0 fnt
|faint|p1a: X
|
|c| TarickTheImmortal|pts
|leave|TarickTheImmortal
|c|âEmblema de Fuego|fucling laptop
|c|âEmblema de Fuego|shit touching etc
|join|TarickTheImmortal
|
|switch|p1a: Gusan|Scolipede, M|198\/323
|turn|12
|
|move|p1a: Gusan|Iron Defense|p1a: Gusan
|-boost|p1a: Gusan|def|2
|move|p2a: Conkeldurr|Stone Edge|p1a: Gusan|[miss]
|-miss|p2a: Conkeldurr|p1a: Gusan
|
|-heal|p1a: Gusan|218\/323|[from] item: Black Sludge
|-boost|p1a: Gusan|spe|1|[from] ability: Speed Boost
|turn|13
|
|move|p1a: Gusan|Substitute|p1a: Gusan
|-start|p1a: Gusan|Substitute
|-damage|p1a: Gusan|138\/323
|move|p2a: Conkeldurr|Knock Off|p1a: Gusan
|-activate|p1a: Gusan|Substitute|[damage]
|
|-heal|p1a: Gusan|158\/323|[from] item: Black Sludge
|-boost|p1a: Gusan|spe|1|[from] ability: Speed Boost
|turn|14
|-message|BR Grilo PR forfeited.
|leave|BR Grilo PR
|
|win|Emblema de Fuego
|raw|Ladder updating...
|player|p2
|raw|Emblema de Fuego's rating: 1190 &rarr; <strong>1213<\/strong><br \/>(+23 for winning)
|raw|BR Grilo PR's rating: 1157 &rarr; <strong>1134<\/strong><br \/>(-23 for losing)