|join|Horsea Whisperer
|join|blue53
|player|p1|Horsea Whisperer|2
|player|p2|blue53|92
|gametype|singles
|gen|4
|tier|[Gen 4] OU
|rated
|rule|Sleep Clause Mod: Limit one foe put to sleep
|rule|Species Clause: Limit one of each PokÃ©mon
|rule|OHKO Clause: OHKO moves are banned
|rule|Moody Clause: Moody is banned
|rule|Evasion Moves Clause: Evasion moves are banned
|rule|Endless Battle Clause: Forcing endless battles is banned
|rule|HP Percentage Mod: HP is shown in percentages
|
|start
|switch|p1a: Machamp|Machamp, M|381\/381
|switch|p2a: Soju|Infernape, M, shiny|293\/293
|turn|1
|c|âHorsea Whisperer|hf
|c|âblue53|u2
|
|move|p2a: Soju|Overheat|p1a: Machamp
|-damage|p1a: Machamp|177\/381
|-unboost|p2a: Soju|spa|2
|move|p1a: Machamp|Dynamic Punch|p2a: Soju
|-damage|p2a: Soju|13\/293
|-start|p2a: Soju|confusion
|
|turn|2
|
|switch|p2a: Staraptor|Staraptor, M|311\/311
|-ability|p2a: Staraptor|Intimidate|[of] p1a: Machamp
|-unboost|p1a: Machamp|atk|1
|move|p1a: Machamp|Bullet Punch|p2a: Staraptor
|-damage|p2a: Staraptor|267\/311
|
|turn|3
|
|switch|p1a: Gyarados|Gyarados, M|394\/394
|-ability|p1a: Gyarados|Intimidate|[of] p2a: Staraptor
|-unboost|p2a: Staraptor|atk|1
|move|p2a: Staraptor|Brave Bird|p1a: Gyarados
|-damage|p1a: Gyarados|307\/394
|-damage|p2a: Staraptor|238\/311|[from] recoil|[of] p1a: Gyarados
|
|-heal|p1a: Gyarados|331\/394|[from] item: Leftovers
|turn|4
|
|switch|p2a: Buffperv|Swampert, M|384\/384
|move|p1a: Gyarados|Waterfall|p2a: Buffperv
|-damage|p2a: Buffperv|252\/384
|
|-heal|p1a: Gyarados|355\/394|[from] item: Leftovers
|turn|5
|
|switch|p1a: Forretress|Forretress, M|354\/354
|move|p2a: Buffperv|Stone Edge|p1a: Forretress
|-damage|p1a: Forretress|254\/354
|
|turn|6
|
|switch|p2a: Soju|Infernape, M, shiny|13\/293
|move|p1a: Forretress|Spikes|p2a: Soju
|-sidestart|p2: blue53|Spikes
|
|turn|7
|
|switch|p1a: Gyarados|Gyarados, M|355\/394
|-ability|p1a: Gyarados|Intimidate|[of] p2a: Soju
|-unboost|p2a: Soju|atk|1
|move|p2a: Soju|Stealth Rock|p1a: Gyarados
|-sidestart|p1: Horsea Whisperer|move: Stealth Rock
|
|-heal|p1a: Gyarados|379\/394|[from] item: Leftovers
|turn|8
|
|move|p2a: Soju|Overheat|p1a: Gyarados
|-resisted|p1a: Gyarados
|-damage|p1a: Gyarados|256\/394
|-unboost|p2a: Soju|spa|2
|move|p1a: Gyarados|Waterfall|p2a: Soju
|-supereffective|p2a: Soju
|-damage|p2a: Soju|0 fnt
|faint|p2a: Soju
|
|-heal|p1a: Gyarados|280\/394|[from] item: Leftovers
|
|switch|p2a: Staraptor|Staraptor, M|238\/311
|-ability|p2a: Staraptor|Intimidate|[of] p1a: Gyarados
|-unboost|p1a: Gyarados|atk|1
|turn|9
|
|move|p2a: Staraptor|U-turn|p1a: Gyarados
|-resisted|p1a: Gyarados
|-damage|p1a: Gyarados|255\/394
|
|switch|p2a: Mountain Dew|Dragonite, M, shiny|323\/323
|move|p1a: Gyarados|Waterfall|p2a: Mountain Dew
|-resisted|p2a: Mountain Dew
|-damage|p2a: Mountain Dew|275\/323
|
|-heal|p1a: Gyarados|279\/394|[from] item: Leftovers
|turn|10
|
|switch|p1a: Jirachi|Jirachi|404\/404
|-damage|p1a: Jirachi|379\/404|[from] Stealth Rock
|move|p2a: Mountain Dew|Draco Meteor|p1a: Jirachi
|-resisted|p1a: Jirachi
|-damage|p1a: Jirachi|273\/404
|-unboost|p2a: Mountain Dew|spa|2
|-damage|p2a: Mountain Dew|243\/323|[from] item: Life Orb
|
|-heal|p1a: Jirachi|298\/404|[from] item: Leftovers
|turn|11
|
|switch|p2a: Staraptor|Staraptor, M|238\/311
|-ability|p2a: Staraptor|Intimidate|[of] p1a: Jirachi
|-unboost|p1a: Jirachi|atk|1
|switch|p1a: Rotom-Wash|Rotom-Wash|241\/241
|-damage|p1a: Rotom-Wash|211\/241|[from] Stealth Rock
|
|turn|12
|
|move|p2a: Staraptor|U-turn|p1a: Rotom-Wash
|-resisted|p1a: Rotom-Wash
|-damage|p1a: Rotom-Wash|185\/241
|
|switch|p2a: Buffperv|Swampert, M|252\/384
|-damage|p2a: Buffperv|204\/384|[from] Spikes
|move|p1a: Rotom-Wash|Shadow Ball|p2a: Buffperv
|-damage|p2a: Buffperv|57\/384
|
|turn|13
|
|switch|p1a: Gyarados|Gyarados, M|279\/394
|-damage|p1a: Gyarados|181\/394|[from] Stealth Rock
|-ability|p1a: Gyarados|Intimidate|[of] p2a: Buffperv
|-unboost|p2a: Buffperv|atk|1
|move|p2a: Buffperv|Aqua Tail|p1a: Gyarados
|-resisted|p1a: Gyarados
|-damage|p1a: Gyarados|82\/394
|
|-heal|p1a: Gyarados|106\/394|[from] item: Leftovers
|turn|14
|
|move|p1a: Gyarados|Rest|p1a: Gyarados
|-status|p1a: Gyarados|slp
|-heal|p1a: Gyarados|394\/394 slp|[silent]
|-status|p1a: Gyarados|slp|[from] move: Rest
|move|p2a: Buffperv|Aqua Tail|p1a: Gyarados
|-resisted|p1a: Gyarados
|-damage|p1a: Gyarados|303\/394 slp
|
|-heal|p1a: Gyarados|327\/394 slp|[from] item: Leftovers
|turn|15
|
|cant|p1a: Gyarados|slp
|move|p1a: Gyarados|Sleep Talk|p1a: Gyarados
|move|p1a: Gyarados|Roar|p2a: Buffperv|[from]Sleep Talk
|drag|p2a: Mountain Dew|Dragonite, M, shiny|243\/323
|
|-heal|p1a: Gyarados|351\/394 slp|[from] item: Leftovers
|turn|16
|
|move|p2a: Mountain Dew|Draco Meteor|p1a: Gyarados
|-damage|p1a: Gyarados|62\/394 slp
|-unboost|p2a: Mountain Dew|spa|2
|-damage|p2a: Mountain Dew|211\/323|[from] item: Life Orb
|cant|p1a: Gyarados|slp
|move|p1a: Gyarados|Sleep Talk|p1a: Gyarados
|move|p1a: Gyarados|Roar|p2a: Mountain Dew|[from]Sleep Talk
|drag|p2a: Buffperv|Swampert, M|57\/384
|-damage|p2a: Buffperv|9\/384|[from] Spikes
|
|-heal|p1a: Gyarados|86\/394 slp|[from] item: Leftovers
|turn|17
|
|-curestatus|p1a: Gyarados|slp
|move|p1a: Gyarados|Rest|p1a: Gyarados
|-status|p1a: Gyarados|slp
|-heal|p1a: Gyarados|394\/394 slp|[silent]
|-status|p1a: Gyarados|slp|[from] move: Rest
|move|p2a: Buffperv|Aqua Tail|p1a: Gyarados|[miss]
|-miss|p2a: Buffperv|p1a: Gyarados
|
|turn|18
|
|cant|p1a: Gyarados|slp
|move|p1a: Gyarados|Sleep Talk|p1a: Gyarados
|move|p1a: Gyarados|Roar|p2a: Buffperv|[from]Sleep Talk
|drag|p2a: Choochoo|Pikachu, F, shiny|211\/211
|-damage|p2a: Choochoo|185\/211|[from] Spikes
|
|turn|19
|
|switch|p1a: Rotom-Wash|Rotom-Wash|185\/241
|-damage|p1a: Rotom-Wash|155\/241|[from] Stealth Rock
|move|p2a: Choochoo|Volt Tackle|p1a: Rotom-Wash
|-crit|p1a: Rotom-Wash
|-resisted|p1a: Rotom-Wash
|-damage|p1a: Rotom-Wash|0 fnt
|-damage|p2a: Choochoo|134\/211|[from] recoil|[of] p1a: Rotom-Wash
|faint|p1a: Rotom-Wash
|
|
|switch|p1a: Jirachi|Jirachi|298\/404
|-damage|p1a: Jirachi|273\/404|[from] Stealth Rock
|turn|20
|
|switch|p2a: Staraptor|Staraptor, M|238\/311
|-ability|p2a: Staraptor|Intimidate|[of] p1a: Jirachi
|-unboost|p1a: Jirachi|atk|1
|move|p1a: Jirachi|Body Slam|p2a: Staraptor
|-damage|p2a: Staraptor|175\/311
|
|-heal|p1a: Jirachi|298\/404|[from] item: Leftovers
|turn|21
|
|switch|p1a: Gyarados|Gyarados, M|394\/394 slp
|-damage|p1a: Gyarados|296\/394 slp|[from] Stealth Rock
|-ability|p1a: Gyarados|Intimidate|[of] p2a: Staraptor
|-unboost|p2a: Staraptor|atk|1
|move|p2a: Staraptor|U-turn|p1a: Gyarados
|-resisted|p1a: Gyarados
|-damage|p1a: Gyarados|280\/394 slp
|
|switch|p2a: Choochoo|Pikachu, F, shiny|134\/211
|-damage|p2a: Choochoo|108\/211|[from] Spikes
|
|-heal|p1a: Gyarados|304\/394 slp|[from] item: Leftovers
|turn|22
|
|switch|p1a: Forretress|Forretress, M|254\/354
|-damage|p1a: Forretress|210\/354|[from] Stealth Rock
|move|p2a: Choochoo|Volt Tackle|p1a: Forretress
|-damage|p1a: Forretress|60\/354
|-damage|p2a: Choochoo|58\/211|[from] recoil|[of] p1a: Forretress
|
|turn|23
|
|move|p2a: Choochoo|Brick Break|p1a: Forretress
|-crit|p1a: Forretress
|-damage|p1a: Forretress|0 fnt
|faint|p1a: Forretress
|
|
|switch|p1a: Jirachi|Jirachi|298\/404
|-damage|p1a: Jirachi|273\/404|[from] Stealth Rock
|turn|24
|
|switch|p2a: Staraptor|Staraptor, M|175\/311
|-ability|p2a: Staraptor|Intimidate|[of] p1a: Jirachi
|-unboost|p1a: Jirachi|atk|1
|move|p1a: Jirachi|Body Slam|p2a: Staraptor
|-damage|p2a: Staraptor|118\/311
|-status|p2a: Staraptor|par
|
|-heal|p1a: Jirachi|298\/404|[from] item: Leftovers
|turn|25
|
|move|p1a: Jirachi|Iron Head|p2a: Staraptor
|-damage|p2a: Staraptor|30\/311 par
|cant|p2a: Staraptor|par
|
|-heal|p1a: Jirachi|323\/404|[from] item: Leftovers
|turn|26
|
|move|p1a: Jirachi|Iron Head|p2a: Staraptor
|-damage|p2a: Staraptor|0 fnt
|faint|p2a: Staraptor
|
|-heal|p1a: Jirachi|348\/404|[from] item: Leftovers
|
|switch|p2a: Mountain Dew|Dragonite, M, shiny|211\/323
|turn|27
|
|move|p2a: Mountain Dew|Fire Blast|p1a: Jirachi
|-supereffective|p1a: Jirachi
|-damage|p1a: Jirachi|98\/404
|-damage|p2a: Mountain Dew|179\/323|[from] item: Life Orb
|move|p1a: Jirachi|Body Slam|p2a: Mountain Dew
|-damage|p2a: Mountain Dew|125\/323
|
|-heal|p1a: Jirachi|123\/404|[from] item: Leftovers
|turn|28
|
|switch|p1a: Heatran|Heatran, M|323\/323
|-damage|p1a: Heatran|283\/323|[from] Stealth Rock
|move|p2a: Mountain Dew|Fire Blast|p1a: Heatran
|-start|p1a: Heatran|ability: Flash Fire
|
|turn|29
|
|switch|p2a: Buffperv|Swampert, M|9\/384
|-damage|p2a: Buffperv|0 fnt|[from] Spikes
|faint|p2a: Buffperv
|move|p1a: Heatran|Fire Blast|p2: Buffperv|[notarget]
|-notarget
|
|
|switch|p2a: Mountain Dew|Dragonite, M, shiny|125\/323
|turn|30
|
|move|p1a: Heatran|Fire Blast|p2a: Mountain Dew
|-resisted|p2a: Mountain Dew
|-damage|p2a: Mountain Dew|0 fnt
|faint|p2a: Mountain Dew
|
|
|switch|p2a: Lucario|Lucario, M|281\/281
|-damage|p2a: Lucario|246\/281|[from] Spikes
|turn|31
|
|switch|p1a: Gyarados|Gyarados, M|304\/394 slp
|-damage|p1a: Gyarados|206\/394 slp|[from] Stealth Rock
|-ability|p1a: Gyarados|Intimidate|[of] p2a: Lucario
|-unboost|p2a: Lucario|atk|1
|move|p2a: Lucario|Aura Sphere|p1a: Gyarados
|-resisted|p1a: Gyarados
|-damage|p1a: Gyarados|103\/394 slp
|
|-heal|p1a: Gyarados|127\/394 slp|[from] item: Leftovers
|turn|32
|
|switch|p2a: Choochoo|Pikachu, F, shiny|58\/211
|-damage|p2a: Choochoo|32\/211|[from] Spikes
|cant|p1a: Gyarados|slp
|move|p1a: Gyarados|Sleep Talk|p1a: Gyarados
|move|p1a: Gyarados|Roar|p2a: Choochoo|[from]Sleep Talk
|drag|p2a: Lucario|Lucario, M|246\/281
|-damage|p2a: Lucario|211\/281|[from] Spikes
|
|-heal|p1a: Gyarados|151\/394 slp|[from] item: Leftovers
|turn|33
|
|switch|p2a: Choochoo|Pikachu, F, shiny|32\/211
|-damage|p2a: Choochoo|6\/211|[from] Spikes
|-curestatus|p1a: Gyarados|slp
|move|p1a: Gyarados|Sleep Talk|p1a: Gyarados
|-fail|p1a: Gyarados
|
|-heal|p1a: Gyarados|175\/394|[from] item: Leftovers
|turn|34
|
|move|p2a: Choochoo|Volt Tackle|p1a: Gyarados
|-supereffective|p1a: Gyarados
|-damage|p1a: Gyarados|0 fnt
|-damage|p2a: Choochoo|0 fnt|[from] recoil|[of] p1a: Gyarados
|faint|p1a: Gyarados
|faint|p2a: Choochoo
|
|
|switch|p2a: Lucario|Lucario, M|211\/281
|-damage|p2a: Lucario|176\/281|[from] Spikes
|switch|p1a: Heatran|Heatran, M|283\/323
|-damage|p1a: Heatran|243\/323|[from] Stealth Rock
|turn|35
|
|move|p2a: Lucario|Aura Sphere|p1a: Heatran
|-supereffective|p1a: Heatran
|-damage|p1a: Heatran|0 fnt
|faint|p1a: Heatran
|
|
|switch|p1a: Machamp|Machamp, M|177\/381
|-damage|p1a: Machamp|154\/381|[from] Stealth Rock
|turn|36
|
|move|p1a: Machamp|Bullet Punch|p2a: Lucario
|-crit|p2a: Lucario
|-resisted|p2a: Lucario
|-damage|p2a: Lucario|111\/281
|move|p2a: Lucario|Aura Sphere|p1a: Machamp
|-crit|p1a: Machamp
|-damage|p1a: Machamp|0 fnt
|faint|p1a: Machamp
|
|
|switch|p1a: Jirachi|Jirachi|123\/404
|-damage|p1a: Jirachi|98\/404|[from] Stealth Rock
|turn|37
|
|move|p2a: Lucario|Aura Sphere|p1a: Jirachi
|-crit|p1a: Jirachi
|-damage|p1a: Jirachi|0 fnt
|faint|p1a: Jirachi
|
|win|blue53
|raw|Ladder updating...
|raw|Horsea Whisperer's rating: 1274 &rarr; <strong>1241<\/strong><br \/>(-33 for losing)
|raw|blue53's rating: 1152 &rarr; <strong>1185<\/strong><br \/>(+33 for winning)
|c|âblue53|gg 9
|c|âHorsea Whisperer|gg
|leave|Horsea Whisperer
|player|p1
|c|âblue53|m9* :p