|join|Horsea Whisperer
|join|gaegaerg
|player|p1|Horsea Whisperer|2
|player|p2|gaegaerg|102
|gametype|singles
|gen|6
|tier|OU
|rated
|clearpoke
|poke|p1|Greninja, F
|poke|p1|Rotom-Wash
|poke|p1|Excadrill, F
|poke|p1|Garchomp, F
|poke|p1|Talonflame, M
|poke|p1|Venusaur, M
|poke|p2|Chansey, F
|poke|p2|Skarmory, M
|poke|p2|Gothitelle, F
|poke|p2|Quagsire, F
|poke|p2|Amoonguss, F
|poke|p2|Lopunny, F
|rule|Swagger Clause: Swagger is banned
|rule|Baton Pass Clause: Limit one PokÃ©mon knowing Baton Pass
|rule|Sleep Clause Mod: Limit one foe put to sleep
|rule|Species Clause: Limit one of each PokÃ©mon
|rule|OHKO Clause: OHKO moves are banned
|rule|Moody Clause: Moody is banned
|rule|Evasion Moves Clause: Evasion moves are banned
|rule|Endless Battle Clause: Forcing endless battles is banned
|rule|HP Percentage Mod: HP is shown in percentages
|teampreview
|c|âHorsea Whisperer|hf
|c|âgaegaerg|glhf :)
|
|start
|switch|p1a: Rotom-Wash|Rotom-Wash|304\/304
|switch|p2a: Lopunny|Lopunny, F|272\/272
|turn|1
|
|switch|p1a: Garchomp|Garchomp, F|393\/393
|detailschange|p2a: Lopunny|Lopunny-Mega, F
|message|Lopunny has Mega Evolved into Mega Lopunny!
|move|p2a: Lopunny|Fake Out|p1a: Garchomp
|-damage|p1a: Garchomp|320\/393
|-damage|p2a: Lopunny|238\/272|[from] ability: Rough Skin|[of] p1a: Garchomp
|-damage|p2a: Lopunny|193\/272|[from] item: Rocky Helmet|[of] p1a: Garchomp
|
|turn|2
|
|switch|p1a: Venusaur|Venusaur, M|364\/364
|move|p2a: Lopunny|Ice Punch|p1a: Venusaur
|-supereffective|p1a: Venusaur
|-damage|p1a: Venusaur|206\/364
|-status|p1a: Venusaur|frz
|
|turn|3
|c|âgaegaerg|sorry
|
|detailschange|p1a: Venusaur|Venusaur-Mega, M
|message|Venusaur has Mega Evolved into Mega Venusaur!
|move|p2a: Lopunny|Return|p1a: Venusaur
|-damage|p1a: Venusaur|79\/364 frz
|-curestatus|p1a: Venusaur|frz
|move|p1a: Venusaur|Synthesis|p1a: Venusaur
|-heal|p1a: Venusaur|261\/364
|
|turn|4
|c|âHorsea Whisperer|that's ok :)
|c|âgaegaerg|XD
|
|switch|p2a: Skarmory|Skarmory, M|334\/334
|move|p1a: Venusaur|Synthesis|p1a: Venusaur
|-heal|p1a: Venusaur|364\/364
|
|turn|5
|
|move|p1a: Venusaur|Sleep Powder|p2a: Skarmory
|-status|p2a: Skarmory|slp
|cant|p2a: Skarmory|slp
|
|turn|6
|
|switch|p1a: Rotom-Wash|Rotom-Wash|304\/304
|cant|p2a: Skarmory|slp
|
|turn|7
|
|switch|p2a: Amoonguss|Amoonguss, F|432\/432
|move|p1a: Rotom-Wash|Volt Switch|p2a: Amoonguss
|-resisted|p2a: Amoonguss
|-damage|p2a: Amoonguss|386\/432
|
|switch|p1a: Talonflame|Talonflame, M|297\/297
|
|-heal|p2a: Amoonguss|413\/432|[from] item: Black Sludge
|turn|8
|
|switch|p2a: Quagsire|Quagsire, F|394\/394
|move|p1a: Talonflame|U-turn|p2a: Quagsire
|-damage|p2a: Quagsire|342\/394
|
|switch|p1a: Venusaur|Venusaur-Mega, M|364\/364
|
|-heal|p2a: Quagsire|366\/394|[from] item: Leftovers
|turn|9
|
|switch|p1a: Rotom-Wash|Rotom-Wash|304\/304
|switch|p2a: Skarmory|Skarmory, M|334\/334 slp
|
|turn|10
|
|switch|p2a: Quagsire|Quagsire, F|366\/394
|move|p1a: Rotom-Wash|Volt Switch|p2a: Quagsire
|-immune|p2a: Quagsire|[msg]
|
|-heal|p2a: Quagsire|390\/394|[from] item: Leftovers
|turn|11
|
|switch|p2a: Amoonguss|Amoonguss, F|432\/432
|move|p1a: Rotom-Wash|Will-O-Wisp|p2a: Amoonguss
|-status|p2a: Amoonguss|brn
|
|-damage|p2a: Amoonguss|378\/432 brn|[from] brn
|turn|12
|
|move|p1a: Rotom-Wash|Volt Switch|p2a: Amoonguss
|-resisted|p2a: Amoonguss
|-damage|p2a: Amoonguss|335\/432 brn
|
|switch|p1a: Venusaur|Venusaur-Mega, M|364\/364
|move|p2a: Amoonguss|Giga Drain|p1a: Venusaur
|-resisted|p1a: Venusaur
|-damage|p1a: Venusaur|348\/364
|-heal|p2a: Amoonguss|343\/432 brn|[from] drain|[of] p1a: Venusaur
|
|-heal|p2a: Amoonguss|370\/432 brn|[from] item: Black Sludge
|-damage|p2a: Amoonguss|316\/432 brn|[from] brn
|turn|13
|
|switch|p2a: Chansey|Chansey, F|704\/704
|move|p1a: Venusaur|Sludge Bomb|p2a: Chansey
|-damage|p2a: Chansey|625\/704
|
|turn|14
|
|switch|p1a: Excadrill|Excadrill, F|361\/361
|-ability|p1a: Excadrill|Mold Breaker
|-item|p1a: Excadrill|Air Balloon
|move|p2a: Chansey|Aromatherapy|p2a: Chansey
|-cureteam|p2a: Chansey|[from] move: Aromatherapy
|
|turn|15
|
|switch|p2a: Skarmory|Skarmory, M|334\/334
|move|p1a: Excadrill|Swords Dance|p1a: Excadrill
|-boost|p1a: Excadrill|atk|2
|
|turn|16
|
|move|p1a: Excadrill|Rock Slide|p2a: Skarmory
|-damage|p2a: Skarmory|236\/334
|move|p2a: Skarmory|Stealth Rock|p1a: Excadrill
|-sidestart|p1: Horsea Whisperer|move: Stealth Rock
|
|turn|17
|
|move|p1a: Excadrill|Rapid Spin|p2a: Skarmory
|-resisted|p2a: Skarmory
|-damage|p2a: Skarmory|221\/334
|-sideend|p1: Horsea Whisperer|Stealth Rock|[from] move: Rapid Spin|[of] p1a: Excadrill
|move|p2a: Skarmory|Roost|p2a: Skarmory
|-heal|p2a: Skarmory|334\/334
|
|turn|18
|
|switch|p2a: Quagsire|Quagsire, F|390\/394
|move|p1a: Excadrill|Rock Slide|p2a: Quagsire
|-miss|p1a: Excadrill|p2a: Quagsire
|
|-heal|p2a: Quagsire|394\/394|[from] item: Leftovers
|turn|19
|
|move|p1a: Excadrill|Earthquake|p2a: Quagsire
|-damage|p2a: Quagsire|118\/394
|move|p2a: Quagsire|Scald|p1a: Excadrill
|-supereffective|p1a: Excadrill
|-damage|p1a: Excadrill|187\/361
|-enditem|p1a: Excadrill|Air Balloon
|
|-heal|p2a: Quagsire|142\/394|[from] item: Leftovers
|turn|20
|
|switch|p1a: Venusaur|Venusaur-Mega, M|348\/364
|switch|p2a: Skarmory|Skarmory, M|334\/334
|
|turn|21
|
|switch|p2a: Quagsire|Quagsire, F|142\/394
|move|p1a: Venusaur|Sleep Powder|p2a: Quagsire
|-status|p2a: Quagsire|slp
|
|-heal|p2a: Quagsire|166\/394 slp|[from] item: Leftovers
|turn|22
|
|switch|p1a: Rotom-Wash|Rotom-Wash|304\/304
|switch|p2a: Amoonguss|Amoonguss, F|432\/432
|
|turn|23
|
|move|p1a: Rotom-Wash|Volt Switch|p2a: Amoonguss
|-resisted|p2a: Amoonguss
|-damage|p2a: Amoonguss|389\/432
|
|switch|p1a: Venusaur|Venusaur-Mega, M|348\/364
|move|p2a: Amoonguss|Giga Drain|p1a: Venusaur
|-resisted|p1a: Venusaur
|-damage|p1a: Venusaur|332\/364
|-heal|p2a: Amoonguss|397\/432|[from] drain|[of] p1a: Venusaur
|
|-heal|p2a: Amoonguss|424\/432|[from] item: Black Sludge
|turn|24
|
|switch|p2a: Skarmory|Skarmory, M|334\/334
|move|p1a: Venusaur|Sludge Bomb|p2a: Skarmory
|-immune|p2a: Skarmory|[msg]
|
|turn|25
|
|switch|p1a: Garchomp|Garchomp, F|320\/393
|move|p2a: Skarmory|Stealth Rock|p1a: Garchomp
|-sidestart|p1: Horsea Whisperer|move: Stealth Rock
|
|turn|26
|
|move|p1a: Garchomp|Stealth Rock|p2a: Skarmory
|-sidestart|p2: gaegaerg|move: Stealth Rock
|move|p2a: Skarmory|Roost|p2a: Skarmory
|-fail|p2a: Skarmory
|
|turn|27
|
|switch|p2a: Amoonguss|Amoonguss, F|432\/432
|-damage|p2a: Amoonguss|378\/432|[from] Stealth Rock
|move|p1a: Garchomp|Dragon Tail|p2a: Amoonguss
|-damage|p2a: Amoonguss|285\/432
|drag|p2a: Chansey|Chansey, F|625\/704
|-damage|p2a: Chansey|537\/704|[from] Stealth Rock
|
|turn|28
|
|switch|p1a: Excadrill|Excadrill, F|187\/361
|-damage|p1a: Excadrill|176\/361|[from] Stealth Rock
|-ability|p1a: Excadrill|Mold Breaker
|move|p2a: Chansey|Soft-Boiled|p2a: Chansey
|-heal|p2a: Chansey|704\/704
|
|turn|29
|
|move|p1a: Excadrill|Swords Dance|p1a: Excadrill
|-boost|p1a: Excadrill|atk|2
|move|p2a: Chansey|Seismic Toss|p1a: Excadrill
|-damage|p1a: Excadrill|76\/361
|
|turn|30
|
|switch|p2a: Skarmory|Skarmory, M|334\/334
|-damage|p2a: Skarmory|293\/334|[from] Stealth Rock
|move|p1a: Excadrill|Rock Slide|p2a: Skarmory
|-damage|p2a: Skarmory|181\/334
|
|turn|31
|
|move|p1a: Excadrill|Rock Slide|p2a: Skarmory
|-damage|p2a: Skarmory|84\/334
|move|p2a: Skarmory|Roost|p2a: Skarmory
|-heal|p2a: Skarmory|251\/334
|
|turn|32
|
|move|p1a: Excadrill|Rock Slide|p2a: Skarmory
|-damage|p2a: Skarmory|136\/334
|move|p2a: Skarmory|Roost|p2a: Skarmory
|-heal|p2a: Skarmory|303\/334
|
|turn|33
|
|move|p1a: Excadrill|Rapid Spin|p2a: Skarmory
|-resisted|p2a: Skarmory
|-damage|p2a: Skarmory|290\/334
|-sideend|p1: Horsea Whisperer|Stealth Rock|[from] move: Rapid Spin|[of] p1a: Excadrill
|move|p2a: Skarmory|Roost|p2a: Skarmory
|-heal|p2a: Skarmory|334\/334
|
|turn|34
|
|move|p1a: Excadrill|Rock Slide|p2a: Skarmory
|-damage|p2a: Skarmory|225\/334
|cant|p2a: Skarmory|flinch
|
|turn|35
|
|move|p1a: Excadrill|Swords Dance|p1a: Excadrill
|-boost|p1a: Excadrill|atk|2
|move|p2a: Skarmory|Roost|p2a: Skarmory
|-heal|p2a: Skarmory|334\/334
|
|turn|36
|
|move|p1a: Excadrill|Rock Slide|p2a: Skarmory
|-miss|p1a: Excadrill|p2a: Skarmory
|move|p2a: Skarmory|Counter|p1a: Excadrill
|-fail|p1a: Excadrill
|
|turn|37
|c|âHorsea Whisperer|how lucky
|c|âgaegaerg|lol XD
|
|switch|p1a: Greninja|Greninja, F|285\/285
|move|p2a: Skarmory|Defog|p1a: Greninja
|-unboost|p1a: Greninja|evasion|1
|-sideend|p2: gaegaerg|Stealth Rock|[from] move: Defog|[of] p2a: Skarmory
|
|turn|38
|
|switch|p2a: Chansey|Chansey, F|704\/704
|move|p1a: Greninja|Spikes|p2a: Chansey
|-start|p1a: Greninja|typechange|Ground|[from] Protean
|-sidestart|p2: gaegaerg|Spikes
|
|turn|39
|
|switch|p1a: Garchomp|Garchomp, F|320\/393
|move|p2a: Chansey|Seismic Toss|p1a: Garchomp
|-damage|p1a: Garchomp|220\/393
|-damage|p2a: Chansey|616\/704|[from] ability: Rough Skin|[of] p1a: Garchomp
|-damage|p2a: Chansey|499\/704|[from] item: Rocky Helmet|[of] p1a: Garchomp
|
|turn|40
|
|move|p2a: Chansey|Toxic|p1a: Garchomp
|-status|p1a: Garchomp|tox
|move|p1a: Garchomp|Dragon Tail|p2a: Chansey
|-damage|p2a: Chansey|360\/704
|drag|p2a: Amoonguss|Amoonguss, F|429\/432
|-damage|p2a: Amoonguss|375\/432|[from] Spikes
|
|-heal|p2a: Amoonguss|402\/432|[from] item: Black Sludge
|-damage|p1a: Garchomp|196\/393 tox|[from] psn
|turn|41
|
|move|p1a: Garchomp|Dragon Claw|p2a: Amoonguss
|-damage|p2a: Amoonguss|264\/432
|move|p2a: Amoonguss|Giga Drain|p1a: Garchomp
|-damage|p1a: Garchomp|100\/393 tox
|-heal|p2a: Amoonguss|312\/432|[from] drain|[of] p1a: Garchomp
|
|-heal|p2a: Amoonguss|339\/432|[from] item: Black Sludge
|-damage|p1a: Garchomp|52\/393 tox|[from] psn
|turn|42
|
|switch|p1a: Venusaur|Venusaur-Mega, M|332\/364
|switch|p2a: Skarmory|Skarmory, M|334\/334
|
|turn|43
|
|switch|p1a: Greninja|Greninja, F|285\/285
|move|p2a: Skarmory|Stealth Rock|p1a: Greninja
|-sidestart|p1: Horsea Whisperer|move: Stealth Rock
|
|turn|44
|
|move|p1a: Greninja|Spikes|p2a: Skarmory
|-start|p1a: Greninja|typechange|Ground|[from] Protean
|-sidestart|p2: gaegaerg|Spikes
|move|p2a: Skarmory|Defog|p1a: Greninja
|-unboost|p1a: Greninja|evasion|1
|-sideend|p1: Horsea Whisperer|Stealth Rock|[from] move: Defog|[of] p1a: Greninja
|-sideend|p2: gaegaerg|Spikes|[from] move: Defog|[of] p2a: Skarmory
|
|turn|45
|
|switch|p2a: Chansey|Chansey, F|360\/704
|move|p1a: Greninja|Spikes|p2a: Chansey
|-sidestart|p2: gaegaerg|Spikes
|
|turn|46
|
|move|p1a: Greninja|Spikes|p2a: Chansey
|-sidestart|p2: gaegaerg|Spikes
|move|p2a: Chansey|Soft-Boiled|p2a: Chansey
|-heal|p2a: Chansey|704\/704
|
|turn|47
|
|switch|p1a: Garchomp|Garchomp, F|52\/393 tox
|switch|p2a: Skarmory|Skarmory, M|334\/334
|
|-damage|p1a: Garchomp|28\/393 tox|[from] psn
|turn|48
|
|switch|p1a: Rotom-Wash|Rotom-Wash|304\/304
|move|p2a: Skarmory|Defog|p1a: Rotom-Wash
|-unboost|p1a: Rotom-Wash|evasion|1
|-sideend|p2: gaegaerg|Spikes|[from] move: Defog|[of] p2a: Skarmory
|
|turn|49
|
|switch|p2a: Quagsire|Quagsire, F|166\/394 slp
|move|p1a: Rotom-Wash|Volt Switch|p2a: Quagsire
|-immune|p2a: Quagsire|[msg]
|
|-heal|p2a: Quagsire|190\/394 slp|[from] item: Leftovers
|turn|50
|
|switch|p1a: Venusaur|Venusaur-Mega, M|332\/364
|cant|p2a: Quagsire|slp
|
|-heal|p2a: Quagsire|214\/394 slp|[from] item: Leftovers
|turn|51
|
|switch|p1a: Talonflame|Talonflame, M|297\/297
|switch|p2a: Skarmory|Skarmory, M|334\/334
|
|turn|52
|
|move|p1a: Talonflame|Flare Blitz|p2a: Skarmory
|-supereffective|p2a: Skarmory
|-damage|p2a: Skarmory|130\/334
|-damage|p1a: Talonflame|230\/297|[from] recoil|[of] p2a: Skarmory
|move|p2a: Skarmory|Counter|p1a: Talonflame
|-damage|p1a: Talonflame|0 fnt
|faint|p1a: Talonflame
|
|
|switch|p1a: Rotom-Wash|Rotom-Wash|304\/304
|turn|53
|
|switch|p2a: Chansey|Chansey, F|704\/704
|move|p1a: Rotom-Wash|Volt Switch|p2a: Chansey
|-damage|p2a: Chansey|647\/704
|
|switch|p1a: Garchomp|Garchomp, F|28\/393 tox
|
|-damage|p1a: Garchomp|4\/393 tox|[from] psn
|turn|54
|
|move|p1a: Garchomp|Earthquake|p2a: Chansey
|-damage|p2a: Chansey|424\/704
|move|p2a: Chansey|Soft-Boiled|p2a: Chansey
|-heal|p2a: Chansey|704\/704
|
|-damage|p1a: Garchomp|0 fnt|[from] psn
|faint|p1a: Garchomp
|
|switch|p1a: Excadrill|Excadrill, F|76\/361
|-ability|p1a: Excadrill|Mold Breaker
|turn|55
|
|move|p1a: Excadrill|Earthquake|p2a: Chansey
|-damage|p2a: Chansey|452\/704
|move|p2a: Chansey|Seismic Toss|p1a: Excadrill
|-damage|p1a: Excadrill|0 fnt
|faint|p1a: Excadrill
|
|c|âHorsea Whisperer|that's gg
|
|switch|p1a: Greninja|Greninja, F|285\/285
|turn|56
|c|âHorsea Whisperer|great team
|
|move|p1a: Greninja|Hydro Pump|p2a: Chansey
|-start|p1a: Greninja|typechange|Water|[from] Protean
|-damage|p2a: Chansey|316\/704
|-damage|p1a: Greninja|257\/285|[from] item: Life Orb
|move|p2a: Chansey|Toxic|p1a: Greninja
|-status|p1a: Greninja|tox
|
|-damage|p1a: Greninja|240\/285 tox|[from] psn
|turn|57
|c|âgaegaerg|Not yet!
|c|âgaegaerg|Thanks though :)
|c|âHorsea Whisperer|I can't break skarmbliss now
|
|move|p1a: Greninja|Hydro Pump|p2a: Chansey
|-damage|p2a: Chansey|167\/704
|-damage|p1a: Greninja|212\/285 tox|[from] item: Life Orb
|move|p2a: Chansey|Soft-Boiled|p2a: Chansey
|-heal|p2a: Chansey|519\/704
|
|-damage|p1a: Greninja|178\/285 tox|[from] psn
|turn|58
|
|move|p1a: Greninja|Spikes|p2a: Chansey
|-start|p1a: Greninja|typechange|Ground|[from] Protean
|-sidestart|p2: gaegaerg|Spikes
|move|p2a: Chansey|Seismic Toss|p1a: Greninja
|-damage|p1a: Greninja|78\/285 tox
|
|-damage|p1a: Greninja|27\/285 tox|[from] psn
|turn|59
|
|move|p1a: Greninja|Spikes|p2a: Chansey
|-sidestart|p2: gaegaerg|Spikes
|move|p2a: Chansey|Soft-Boiled|p2a: Chansey
|-heal|p2a: Chansey|704\/704
|
|-damage|p1a: Greninja|0 fnt|[from] psn
|faint|p1a: Greninja
|
|switch|p1a: Rotom-Wash|Rotom-Wash|304\/304
|turn|60
|
|switch|p2a: Amoonguss|Amoonguss, F|432\/432
|-damage|p2a: Amoonguss|360\/432|[from] Spikes
|move|p1a: Rotom-Wash|Will-O-Wisp|p2a: Amoonguss|[miss]
|-miss|p1a: Rotom-Wash|p2a: Amoonguss
|
|-heal|p2a: Amoonguss|387\/432|[from] item: Black Sludge
|turn|61
|
|switch|p2a: Gothitelle|Gothitelle, F|301\/301
|-damage|p2a: Gothitelle|251\/301|[from] Spikes
|move|p1a: Rotom-Wash|Hydro Pump|p2a: Gothitelle
|-damage|p2a: Gothitelle|125\/301
|
|turn|62
|
|move|p2a: Gothitelle|Trick|p1a: Rotom-Wash
|-activate|p2a: Gothitelle|move: Trick|[of] p1a: Rotom-Wash
|-item|p1a: Rotom-Wash|Choice Scarf|[from] move: Trick
|-item|p2a: Gothitelle|Leftovers|[from] move: Trick
|move|p1a: Rotom-Wash|Hydro Pump|p2a: Gothitelle
|-damage|p2a: Gothitelle|0 fnt
|faint|p2a: Gothitelle
|
|
|switch|p2a: Chansey|Chansey, F|704\/704
|-damage|p2a: Chansey|587\/704|[from] Spikes
|turn|63
|
|switch|p1a: Venusaur|Venusaur-Mega, M|332\/364
|move|p2a: Chansey|Seismic Toss|p1a: Venusaur
|-damage|p1a: Venusaur|232\/364
|
|turn|64
|c|âgaegaerg|Mega Venusaur is a toughie
|
|move|p1a: Venusaur|Sludge Bomb|p2a: Chansey
|-damage|p2a: Chansey|503\/704
|move|p2a: Chansey|Seismic Toss|p1a: Venusaur
|-damage|p1a: Venusaur|132\/364
|
|turn|65
|
|move|p1a: Venusaur|Sludge Bomb|p2a: Chansey
|-damage|p2a: Chansey|418\/704
|move|p2a: Chansey|Seismic Toss|p1a: Venusaur
|-damage|p1a: Venusaur|32\/364
|
|turn|66
|
|move|p1a: Venusaur|Sludge Bomb|p2a: Chansey
|-damage|p2a: Chansey|333\/704
|move|p2a: Chansey|Soft-Boiled|p2a: Chansey
|-heal|p2a: Chansey|685\/704
|
|turn|67
|c|âHorsea Whisperer|yeah
|c|âHorsea Whisperer|I won't heal tho
|
|move|p1a: Venusaur|Sludge Bomb|p2a: Chansey
|-damage|p2a: Chansey|610\/704
|move|p2a: Chansey|Seismic Toss|p1a: Venusaur
|-damage|p1a: Venusaur|0 fnt
|faint|p1a: Venusaur
|
|c|âgaegaerg|Oh, thank you :)
|
|switch|p1a: Rotom-Wash|Rotom-Wash|304\/304
|turn|68
|c|âgaegaerg|You're great sports
|
|move|p1a: Rotom-Wash|Pain Split|p2a: Chansey
|-sethp|p2a: Chansey|457\/704|p1a: Rotom-Wash|304\/304|[from] move: Pain Split
|move|p2a: Chansey|Seismic Toss|p1a: Rotom-Wash
|-damage|p1a: Rotom-Wash|204\/304
|
|turn|69
|c|âHorsea Whisperer|you won fair :) and I like stall
|
|move|p1a: Rotom-Wash|Pain Split|p2a: Chansey
|-sethp|p2a: Chansey|330\/704|p1a: Rotom-Wash|304\/304|[from] move: Pain Split
|move|p2a: Chansey|Toxic|p1a: Rotom-Wash
|-status|p1a: Rotom-Wash|tox
|
|-damage|p1a: Rotom-Wash|285\/304 tox|[from] psn
|turn|70
|c|âgaegaerg|You've got to be one of the few opponents who have ever said that :D
|c|âHorsea Whisperer|I use to play with stall teams in gen 4 and 3
|c|âgaegaerg|Ah okay :)
|c|âgaegaerg|I wasn't around back then :(
|
|move|p1a: Rotom-Wash|Pain Split|p2a: Chansey
|-sethp|p2a: Chansey|307\/704|p1a: Rotom-Wash|304\/304 tox|[from] move: Pain Split
|move|p2a: Chansey|Seismic Toss|p1a: Rotom-Wash
|-damage|p1a: Rotom-Wash|204\/304 tox
|
|-damage|p1a: Rotom-Wash|166\/304 tox|[from] psn
|turn|71
|
|move|p1a: Rotom-Wash|Pain Split|p2a: Chansey
|-sethp|p2a: Chansey|236\/704|p1a: Rotom-Wash|236\/304 tox|[from] move: Pain Split
|move|p2a: Chansey|Seismic Toss|p1a: Rotom-Wash
|-damage|p1a: Rotom-Wash|136\/304 tox
|
|-damage|p1a: Rotom-Wash|79\/304 tox|[from] psn
|turn|72
|c|âHorsea Whisperer|it was great
|
|move|p1a: Rotom-Wash|Pain Split|p2a: Chansey
|-sethp|p2a: Chansey|157\/704|p1a: Rotom-Wash|157\/304 tox|[from] move: Pain Split
|move|p2a: Chansey|Seismic Toss|p1a: Rotom-Wash
|-damage|p1a: Rotom-Wash|57\/304 tox
|
|-damage|p1a: Rotom-Wash|0 fnt|[from] psn
|faint|p1a: Rotom-Wash
|
|win|gaegaerg
|raw|Ladder updating...
|c|âgaegaerg|Gen 3 was massively stally wasn't it?
|c|âgaegaerg|gg, well played :)
|c|âHorsea Whisperer|yeah it was
|raw|Horsea Whisperer's rating: 1585 &rarr; <strong>1563<\/strong><br \/>(-22 for losing)
|raw|gaegaerg's rating: 1549 &rarr; <strong>1571<\/strong><br \/>(+22 for winning)
|c|âHorsea Whisperer|but not funny enought
|c|âgaegaerg|Hey, do you have a gen 3 team?
|c|âHorsea Whisperer|blissey was a complete beast