|join|Horsea Whisperer
|join|PichiStyle
|player|p1|Horsea Whisperer|2
|player|p2|PichiStyle|163
|gametype|singles
|gen|6
|tier|OU
|rated
|clearpoke
|poke|p1|Greninja, M
|poke|p1|Rotom-Wash
|poke|p1|Excadrill, M
|poke|p1|Garchomp, F
|poke|p1|Talonflame, M
|poke|p1|Venusaur, F
|poke|p2|Metagross, shiny
|poke|p2|Dragonite, M
|poke|p2|Azumarill, F, shiny
|poke|p2|Greninja, M, shiny
|poke|p2|Heatran, F
|poke|p2|Latios, M
|rule|Swagger Clause: Swagger is banned
|rule|Baton Pass Clause: Limit one PokÃ©mon knowing Baton Pass
|rule|Sleep Clause Mod: Limit one foe put to sleep
|rule|Species Clause: Limit one of each PokÃ©mon
|rule|OHKO Clause: OHKO moves are banned
|rule|Moody Clause: Moody is banned
|rule|Evasion Moves Clause: Evasion moves are banned
|rule|Endless Battle Clause: Forcing endless battles is banned
|rule|HP Percentage Mod: HP is shown in percentages
|teampreview
|c|âHorsea Whisperer|hf
|
|start
|switch|p1a: Talonflame|Talonflame, M|297\/297
|switch|p2a: Asuna|Azumarill, F, shiny|403\/403
|turn|1
|
|switch|p1a: Venusaur|Venusaur, F|364\/364
|move|p2a: Asuna|Waterfall|p1a: Venusaur
|-resisted|p1a: Venusaur
|-damage|p1a: Venusaur|291\/364
|
|turn|2
|
|switch|p1a: Greninja|Greninja, M|285\/285
|switch|p2a: Acnologia|Latios, M|317\/317
|
|turn|3
|
|switch|p2a: Draco Punch|Dragonite, M|331\/331
|move|p1a: Greninja|Spikes|p2a: Draco Punch
|-start|p1a: Greninja|typechange|Ground|[from] Protean
|-sidestart|p2: PichiStyle|Spikes
|
|turn|4
|
|switch|p1a: Rotom-Wash|Rotom-Wash|304\/304
|move|p2a: Draco Punch|Outrage|p1a: Rotom-Wash
|-damage|p1a: Rotom-Wash|0 fnt
|faint|p1a: Rotom-Wash
|
|c|âPichiStyle|Pim pam, epic damage :3
|
|switch|p1a: Excadrill|Excadrill, M|361\/361
|-ability|p1a: Excadrill|Mold Breaker
|-item|p1a: Excadrill|Air Balloon
|turn|5
|
|move|p1a: Excadrill|Rock Slide|p2a: Draco Punch
|-supereffective|p2a: Draco Punch
|-damage|p2a: Draco Punch|153\/331
|cant|p2a: Draco Punch|flinch
|
|-end|p2a: Draco Punch|rampage
|-start|p2a: Draco Punch|confusion
|turn|6
|
|move|p1a: Excadrill|Rock Slide|p2a: Draco Punch
|-miss|p1a: Excadrill|p2a: Draco Punch
|-activate|p2a: Draco Punch|confusion
|move|p2a: Draco Punch|Outrage|p1a: Excadrill
|-resisted|p1a: Excadrill
|-damage|p1a: Excadrill|108\/361
|-enditem|p1a: Excadrill|Air Balloon
|
|turn|7
|
|move|p1a: Excadrill|Rock Slide|p2a: Draco Punch
|-supereffective|p2a: Draco Punch
|-damage|p2a: Draco Punch|0 fnt
|faint|p2a: Draco Punch
|
|
|switch|p2a: Gaiden|Greninja, M, shiny|285\/285
|-damage|p2a: Gaiden|250\/285|[from] Spikes
|turn|8
|
|move|p2a: Gaiden|Dark Pulse|p1a: Excadrill
|-start|p2a: Gaiden|typechange|Dark|[from] Protean
|-damage|p1a: Excadrill|0 fnt
|-damage|p2a: Gaiden|222\/285|[from] item: Life Orb
|faint|p1a: Excadrill
|
|
|switch|p1a: Talonflame|Talonflame, M|297\/297
|turn|9
|
|switch|p2a: Volcano|Heatran, F|385\/385
|-damage|p2a: Volcano|337\/385|[from] Spikes
|move|p1a: Talonflame|Brave Bird|p2a: Volcano
|-resisted|p2a: Volcano
|-damage|p2a: Volcano|247\/385
|-damage|p1a: Talonflame|267\/297|[from] recoil|[of] p2a: Volcano
|
|-heal|p2a: Volcano|271\/385|[from] item: Leftovers
|turn|10
|
|move|p1a: Talonflame|U-turn|p2a: Volcano
|-resisted|p2a: Volcano
|-damage|p2a: Volcano|255\/385
|
|switch|p1a: Garchomp|Garchomp, F|393\/393
|move|p2a: Volcano|Roar|p1a: Garchomp
|drag|p1a: Talonflame|Talonflame, M|267\/297
|
|-heal|p2a: Volcano|279\/385|[from] item: Leftovers
|turn|11
|
|move|p1a: Talonflame|U-turn|p2a: Volcano
|-resisted|p2a: Volcano
|-damage|p2a: Volcano|264\/385
|
|switch|p1a: Garchomp|Garchomp, F|393\/393
|move|p2a: Volcano|Stealth Rock|p1a: Garchomp
|-sidestart|p1: Horsea Whisperer|move: Stealth Rock
|
|-heal|p2a: Volcano|288\/385|[from] item: Leftovers
|turn|12
|
|switch|p2a: Acnologia|Latios, M|317\/317
|move|p1a: Garchomp|Dragon Tail|p2a: Acnologia
|-supereffective|p2a: Acnologia
|-damage|p2a: Acnologia|69\/317
|drag|p2a: MetaDross|Metagross, shiny|317\/317
|-damage|p2a: MetaDross|278\/317|[from] Spikes
|
|turn|13
|
|detailschange|p2a: MetaDross|Metagross-Mega, shiny
|message|Metagross has Mega Evolved into Mega Metagross!
|move|p1a: Garchomp|Earthquake|p2a: MetaDross
|-supereffective|p2a: MetaDross
|-damage|p2a: MetaDross|48\/317
|move|p2a: MetaDross|Ice Punch|p1a: Garchomp
|-supereffective|p1a: Garchomp
|-damage|p1a: Garchomp|0 fnt
|-damage|p2a: MetaDross|9\/317|[from] ability: Rough Skin|[of] p1a: Garchomp
|-damage|p2a: MetaDross|0 fnt|[from] item: Rocky Helmet|[of] p1a: Garchomp
|faint|p2a: MetaDross
|faint|p1a: Garchomp
|
|
|switch|p1a: Greninja|Greninja, M|285\/285
|switch|p2a: Gaiden|Greninja, M, shiny|222\/285
|-damage|p1a: Greninja|250\/285|[from] Stealth Rock
|-damage|p2a: Gaiden|187\/285|[from] Spikes
|turn|14
|
|move|p2a: Gaiden|Gunk Shot|p1a: Greninja
|-start|p2a: Gaiden|typechange|Poison|[from] Protean
|-damage|p1a: Greninja|0 fnt
|-damage|p2a: Gaiden|159\/285|[from] item: Life Orb
|faint|p1a: Greninja
|
|
|switch|p1a: Venusaur|Venusaur, F|291\/364
|-damage|p1a: Venusaur|246\/364|[from] Stealth Rock
|turn|15
|
|detailschange|p1a: Venusaur|Venusaur-Mega, F
|message|Venusaur has Mega Evolved into Mega Venusaur!
|move|p2a: Gaiden|Dark Pulse|p1a: Venusaur
|-start|p2a: Gaiden|typechange|Dark|[from] Protean
|-damage|p1a: Venusaur|120\/364
|-damage|p2a: Gaiden|131\/285|[from] item: Life Orb
|move|p1a: Venusaur|Sludge Bomb|p2a: Gaiden
|-crit|p2a: Gaiden
|-damage|p2a: Gaiden|0 fnt
|faint|p2a: Gaiden
|
|c|âPichiStyle|gg
|
|switch|p2a: Acnologia|Latios, M|69\/317
|turn|16
|
|move|p2a: Acnologia|Psyshock|p1a: Venusaur
|-supereffective|p1a: Venusaur
|-damage|p1a: Venusaur|0 fnt
|-damage|p2a: Acnologia|38\/317|[from] item: Life Orb
|faint|p1a: Venusaur
|
|c|âHorsea Whisperer|gg
|
|switch|p1a: Talonflame|Talonflame, M|267\/297
|-damage|p1a: Talonflame|119\/297|[from] Stealth Rock
|turn|17
|
|move|p1a: Talonflame|Brave Bird|p2a: Acnologia
|-damage|p2a: Acnologia|0 fnt
|-damage|p1a: Talonflame|106\/297|[from] recoil|[of] p2a: Acnologia
|faint|p2a: Acnologia
|
|-message|Horsea Whisperer forfeited.
|
|win|PichiStyle
|raw|Ladder updating...
|leave|Horsea Whisperer
|player|p1
|raw|Horsea Whisperer's rating: 1520 &rarr; <strong>1496<\/strong><br \/>(-24 for losing)
|raw|PichiStyle's rating: 1449 &rarr; <strong>1473<\/strong><br \/>(+24 for winning)