|join|Horsea Whisperer
|join|turnipz
|c|âHorsea Whisperer|hf
|player|p1|Horsea Whisperer|2
|player|p2|turnipz|195
|gametype|singles
|gen|6
|tier|OU
|rated
|clearpoke
|poke|p1|Tyranitar, M
|poke|p1|Excadrill, M
|poke|p1|Thundurus, M
|poke|p1|Keldeo
|poke|p1|Ferrothorn, F
|poke|p1|Clefable, F
|poke|p2|Heatran, M
|poke|p2|Tyranitar, M
|poke|p2|Chansey, F
|poke|p2|Slowbro, F
|poke|p2|Tentacruel, M
|poke|p2|Chesnaught, F
|rule|Swagger Clause: Swagger is banned
|rule|Baton Pass Clause: Limit one PokÃ©mon knowing Baton Pass
|rule|Sleep Clause Mod: Limit one foe put to sleep
|rule|Species Clause: Limit one of each PokÃ©mon
|rule|OHKO Clause: OHKO moves are banned
|rule|Moody Clause: Moody is banned
|rule|Evasion Moves Clause: Evasion moves are banned
|rule|Endless Battle Clause: Forcing endless battles is banned
|rule|HP Percentage Mod: HP is shown in percentages
|teampreview
|
|start
|switch|p1a: Thundurus|Thundurus, M|299\/299
|switch|p2a: Heatran|Heatran, M|386\/386
|-item|p2a: Heatran|Air Balloon
|turn|1
|
|move|p1a: Thundurus|Volt Switch|p2a: Heatran
|-damage|p2a: Heatran|280\/386
|-enditem|p2a: Heatran|Air Balloon
|c|âturnipz|u too
|
|switch|p1a: Keldeo|Keldeo|323\/323
|move|p2a: Heatran|Stealth Rock|p1a: Keldeo
|-sidestart|p1: Horsea Whisperer|move: Stealth Rock
|
|turn|2
|
|switch|p2a: Slowbro|Slowbro, F|394\/394
|move|p1a: Keldeo|Scald|p2a: Slowbro
|-resisted|p2a: Slowbro
|-damage|p2a: Slowbro|260\/394
|
|-heal|p2a: Slowbro|284\/394|[from] item: Leftovers
|turn|3
|
|switch|p1a: Ferrothorn|Ferrothorn, F|352\/352
|-damage|p1a: Ferrothorn|330\/352|[from] Stealth Rock
|move|p2a: Slowbro|Scald|p1a: Ferrothorn
|-resisted|p1a: Ferrothorn
|-damage|p1a: Ferrothorn|299\/352
|
|-heal|p2a: Slowbro|308\/394|[from] item: Leftovers
|-heal|p1a: Ferrothorn|321\/352|[from] item: Leftovers
|turn|4
|
|move|p2a: Slowbro|Fire Blast|p1a: Ferrothorn
|-crit|p1a: Ferrothorn
|-supereffective|p1a: Ferrothorn
|-damage|p1a: Ferrothorn|0 fnt
|faint|p1a: Ferrothorn
|
|-heal|p2a: Slowbro|332\/394|[from] item: Leftovers
|
|switch|p1a: Thundurus|Thundurus, M|299\/299
|-damage|p1a: Thundurus|225\/299|[from] Stealth Rock
|turn|5
|
|switch|p2a: Chansey|Chansey, F|704\/704
|move|p1a: Thundurus|Volt Switch|p2a: Chansey
|-damage|p2a: Chansey|625\/704
|
|switch|p1a: Excadrill|Excadrill, M|361\/361
|-damage|p1a: Excadrill|350\/361|[from] Stealth Rock
|-item|p1a: Excadrill|Air Balloon
|
|turn|6
|
|switch|p2a: Chesnaught|Chesnaught, F|380\/380
|move|p1a: Excadrill|Rapid Spin|p2a: Chesnaught
|-damage|p2a: Chesnaught|361\/380
|-sideend|p1: Horsea Whisperer|Stealth Rock|[from] move: Rapid Spin|[of] p1a: Excadrill
|
|-heal|p2a: Chesnaught|380\/380|[from] item: Leftovers
|turn|7
|
|switch|p1a: Clefable|Clefable, F|394\/394
|move|p2a: Chesnaught|Spikes|p1a: Clefable
|-sidestart|p1: Horsea Whisperer|Spikes
|
|turn|8
|
|switch|p2a: Tentacruel|Tentacruel, M|364\/364
|move|p1a: Clefable|Moonblast|p2a: Tentacruel
|-resisted|p2a: Tentacruel
|-damage|p2a: Tentacruel|321\/364
|-unboost|p2a: Tentacruel|spa|1
|
|-heal|p2a: Tentacruel|343\/364|[from] item: Black Sludge
|turn|9
|
|switch|p1a: Thundurus|Thundurus, M|225\/299
|move|p2a: Tentacruel|Toxic Spikes|p1a: Thundurus
|-sidestart|p1: Horsea Whisperer|move: Toxic Spikes
|
|-heal|p1a: Thundurus|243\/299|[from] item: Leftovers
|-heal|p2a: Tentacruel|364\/364|[from] item: Black Sludge
|turn|10
|
|switch|p2a: Chansey|Chansey, F|625\/704
|move|p1a: Thundurus|Taunt|p2a: Chansey
|-start|p2a: Chansey|move: Taunt
|
|-heal|p1a: Thundurus|261\/299|[from] item: Leftovers
|turn|11
|
|move|p1a: Thundurus|Volt Switch|p2a: Chansey
|-damage|p2a: Chansey|541\/704
|
|switch|p1a: Excadrill|Excadrill, M|350\/361
|-item|p1a: Excadrill|Air Balloon
|move|p2a: Chansey|Seismic Toss|p1a: Excadrill
|-damage|p1a: Excadrill|250\/361
|-enditem|p1a: Excadrill|Air Balloon
|
|turn|12
|
|switch|p2a: Chesnaught|Chesnaught, F|380\/380
|move|p1a: Excadrill|Rapid Spin|p2a: Chesnaught
|-damage|p2a: Chesnaught|362\/380
|-sideend|p1: Horsea Whisperer|Spikes|[from] move: Rapid Spin|[of] p1a: Excadrill
|-sideend|p1: Horsea Whisperer|Toxic Spikes|[from] move: Rapid Spin|[of] p1a: Excadrill
|
|-heal|p2a: Chesnaught|380\/380|[from] item: Leftovers
|turn|13
|
|move|p1a: Excadrill|Iron Head|p2a: Chesnaught
|-damage|p2a: Chesnaught|281\/380
|move|p2a: Chesnaught|Spikes|p1a: Excadrill
|-sidestart|p1: Horsea Whisperer|Spikes
|
|-heal|p2a: Chesnaught|304\/380|[from] item: Leftovers
|turn|14
|
|switch|p1a: Thundurus|Thundurus, M|261\/299
|move|p2a: Chesnaught|Drain Punch|p1a: Thundurus
|-resisted|p1a: Thundurus
|-damage|p1a: Thundurus|193\/299
|-heal|p2a: Chesnaught|338\/380|[from] drain|[of] p1a: Thundurus
|
|-heal|p1a: Thundurus|211\/299|[from] item: Leftovers
|-heal|p2a: Chesnaught|361\/380|[from] item: Leftovers
|turn|15
|
|switch|p2a: Chansey|Chansey, F|541\/704
|move|p1a: Thundurus|Thunder Wave|p2a: Chansey
|-status|p2a: Chansey|par
|
|-heal|p1a: Thundurus|229\/299|[from] item: Leftovers
|turn|16
|
|move|p1a: Thundurus|Taunt|p2a: Chansey
|-start|p2a: Chansey|move: Taunt
|cant|p2a: Chansey|move: Taunt|Soft-Boiled
|
|-heal|p1a: Thundurus|247\/299|[from] item: Leftovers
|turn|17
|
|move|p1a: Thundurus|Volt Switch|p2a: Chansey
|-damage|p2a: Chansey|462\/704 par
|
|switch|p1a: Keldeo|Keldeo|323\/323
|-damage|p1a: Keldeo|283\/323|[from] Spikes
|move|p2a: Chansey|Seismic Toss|p1a: Keldeo
|-damage|p1a: Keldeo|183\/323
|
|turn|18
|
|switch|p2a: Slowbro|Slowbro, F|394\/394
|move|p1a: Keldeo|Scald|p2a: Slowbro
|-resisted|p2a: Slowbro
|-damage|p2a: Slowbro|273\/394
|
|-heal|p2a: Slowbro|297\/394|[from] item: Leftovers
|turn|19
|
|switch|p2a: Chansey|Chansey, F|462\/704
|move|p1a: Keldeo|Scald|p2a: Chansey
|-damage|p2a: Chansey|330\/704
|
|turn|20
|
|switch|p1a: Tyranitar|Tyranitar, M|341\/341
|-damage|p1a: Tyranitar|299\/341|[from] Spikes
|-weather|Sandstorm
|move|p2a: Chansey|Soft-Boiled|p2a: Chansey
|-heal|p2a: Chansey|682\/704
|
|-weather|Sandstorm|[upkeep]
|-damage|p2a: Chansey|638\/704|[from] sandstorm
|turn|21
|
|detailschange|p1a: Tyranitar|Tyranitar-Mega, M
|-mega|p1a: Tyranitar|Tyranitar|Tyranitarite
|move|p1a: Tyranitar|Stone Edge|p2a: Chansey
|-damage|p2a: Chansey|341\/704
|move|p2a: Chansey|Toxic|p1a: Tyranitar
|-status|p1a: Tyranitar|tox
|
|-weather|Sandstorm|[upkeep]
|-damage|p2a: Chansey|297\/704|[from] sandstorm
|-damage|p1a: Tyranitar|278\/341 tox|[from] psn
|turn|22
|
|switch|p2a: Chesnaught|Chesnaught, F|361\/380
|move|p1a: Tyranitar|Stone Edge|p2a: Chesnaught
|-resisted|p2a: Chesnaught
|-damage|p2a: Chesnaught|293\/380
|
|-weather|Sandstorm|[upkeep]
|-damage|p2a: Chesnaught|270\/380|[from] sandstorm
|-heal|p2a: Chesnaught|293\/380|[from] item: Leftovers
|-damage|p1a: Tyranitar|236\/341 tox|[from] psn
|turn|23
|
|switch|p1a: Clefable|Clefable, F|394\/394
|-damage|p1a: Clefable|345\/394|[from] Spikes
|switch|p2a: Heatran|Heatran, M|280\/386
|
|-weather|Sandstorm|[upkeep]
|-damage|p1a: Clefable|321\/394|[from] sandstorm
|-heal|p1a: Clefable|345\/394|[from] item: Leftovers
|turn|24
|
|move|p2a: Heatran|Stealth Rock|p1a: Clefable
|-sidestart|p1: Horsea Whisperer|move: Stealth Rock
|move|p1a: Clefable|Heal Bell|p1a: Clefable
|-cureteam|p1a: Clefable|[from] move: HealBell
|
|-weather|none
|-heal|p1a: Clefable|369\/394|[from] item: Leftovers
|turn|25
|
|move|p2a: Heatran|Taunt|p1a: Clefable
|-start|p1a: Clefable|move: Taunt
|cant|p1a: Clefable|move: Taunt|Wish
|
|-heal|p1a: Clefable|393\/394|[from] item: Leftovers
|turn|26
|
|switch|p1a: Keldeo|Keldeo|183\/323
|-damage|p1a: Keldeo|163\/323|[from] Stealth Rock
|-damage|p1a: Keldeo|123\/323|[from] Spikes
|move|p2a: Heatran|Toxic|p1a: Keldeo
|-status|p1a: Keldeo|tox
|
|-damage|p1a: Keldeo|103\/323 tox|[from] psn
|turn|27
|
|switch|p1a: Thundurus|Thundurus, M|247\/299
|-damage|p1a: Thundurus|173\/299|[from] Stealth Rock
|switch|p2a: Slowbro|Slowbro, F|394\/394
|
|-heal|p1a: Thundurus|191\/299|[from] item: Leftovers
|turn|28
|
|switch|p2a: Tyranitar|Tyranitar, M|341\/341
|-weather|Sandstorm
|move|p1a: Thundurus|Volt Switch|p2a: Tyranitar
|-damage|p2a: Tyranitar|266\/341
|
|switch|p1a: Excadrill|Excadrill, M|250\/361
|-damage|p1a: Excadrill|239\/361|[from] Stealth Rock
|-damage|p1a: Excadrill|194\/361|[from] Spikes
|
|-weather|Sandstorm|[upkeep]
|turn|29
|
|detailschange|p2a: Tyranitar|Tyranitar-Mega, M
|-mega|p2a: Tyranitar|Tyranitar|Tyranitarite
|move|p1a: Excadrill|Iron Head|p2a: Tyranitar
|-supereffective|p2a: Tyranitar
|-damage|p2a: Tyranitar|32\/341
|cant|p2a: Tyranitar|flinch
|
|-weather|Sandstorm|[upkeep]
|turn|30
|
|move|p1a: Excadrill|Iron Head|p2a: Tyranitar
|-supereffective|p2a: Tyranitar
|-damage|p2a: Tyranitar|0 fnt
|faint|p2a: Tyranitar
|
|-weather|Sandstorm|[upkeep]
|
|switch|p2a: Slowbro|Slowbro, F|394\/394
|turn|31
|
|switch|p1a: Clefable|Clefable, F|393\/394
|-damage|p1a: Clefable|344\/394|[from] Spikes
|-damage|p1a: Clefable|295\/394|[from] Stealth Rock
|move|p2a: Slowbro|Scald|p1a: Clefable
|-damage|p1a: Clefable|196\/394
|
|-weather|Sandstorm|[upkeep]
|-damage|p1a: Clefable|172\/394|[from] sandstorm
|-damage|p2a: Slowbro|370\/394|[from] sandstorm
|-heal|p1a: Clefable|196\/394|[from] item: Leftovers
|-heal|p2a: Slowbro|394\/394|[from] item: Leftovers
|turn|32
|
|switch|p2a: Heatran|Heatran, M|280\/386
|move|p1a: Clefable|Wish|p1a: Clefable
|
|-weather|none
|-heal|p1a: Clefable|220\/394|[from] item: Leftovers
|turn|33
|
|switch|p1a: Tyranitar|Tyranitar-Mega, M|236\/341
|-damage|p1a: Tyranitar|194\/341|[from] Spikes
|-damage|p1a: Tyranitar|152\/341|[from] Stealth Rock
|-weather|Sandstorm
|move|p2a: Heatran|Taunt|p1a: Tyranitar
|-start|p1a: Tyranitar|move: Taunt
|
|-weather|Sandstorm|[upkeep]
|-heal|p1a: Tyranitar|341\/341|[from] move: Wish|[wisher] Clefable
|turn|34
|
|move|p2a: Heatran|Toxic|p1a: Tyranitar
|-status|p1a: Tyranitar|tox
|move|p1a: Tyranitar|Fire Punch|p2a: Heatran
|-start|p2a: Heatran|ability: Flash Fire
|
|-weather|Sandstorm|[upkeep]
|-damage|p1a: Tyranitar|320\/341 tox|[from] psn
|turn|35
|
|move|p2a: Heatran|Fire Blast|p1a: Tyranitar
|-resisted|p1a: Tyranitar
|-damage|p1a: Tyranitar|249\/341 tox
|move|p1a: Tyranitar|Earthquake|p2a: Heatran
|-supereffective|p2a: Heatran
|-damage|p2a: Heatran|0 fnt
|faint|p2a: Heatran
|
|-weather|Sandstorm|[upkeep]
|-damage|p1a: Tyranitar|207\/341 tox|[from] psn
|
|switch|p2a: Chesnaught|Chesnaught, F|293\/380
|turn|36
|
|switch|p1a: Keldeo|Keldeo|103\/323 tox
|-damage|p1a: Keldeo|63\/323 tox|[from] Spikes
|-damage|p1a: Keldeo|43\/323 tox|[from] Stealth Rock
|move|p2a: Chesnaught|Roar|p1a: Keldeo
|drag|p1a: Clefable|Clefable, F|220\/394
|-damage|p1a: Clefable|171\/394|[from] Spikes
|-damage|p1a: Clefable|122\/394|[from] Stealth Rock
|
|-weather|Sandstorm|[upkeep]
|-damage|p2a: Chesnaught|270\/380|[from] sandstorm
|-damage|p1a: Clefable|98\/394|[from] sandstorm
|-heal|p2a: Chesnaught|293\/380|[from] item: Leftovers
|-heal|p1a: Clefable|122\/394|[from] item: Leftovers
|turn|37
|
|switch|p2a: Chansey|Chansey, F|297\/704
|move|p1a: Clefable|Wish|p1a: Clefable
|
|-weather|none
|-heal|p1a: Clefable|146\/394|[from] item: Leftovers
|turn|38
|
|move|p1a: Clefable|Heal Bell|p1a: Clefable
|-cureteam|p1a: Clefable|[from] move: HealBell
|move|p2a: Chansey|Soft-Boiled|p2a: Chansey
|-heal|p2a: Chansey|649\/704
|
|-heal|p1a: Clefable|343\/394|[from] move: Wish|[wisher] Clefable
|-heal|p1a: Clefable|367\/394|[from] item: Leftovers
|turn|39
|
|switch|p2a: Tentacruel|Tentacruel, M|364\/364
|move|p1a: Clefable|Wish|p1a: Clefable
|
|-heal|p1a: Clefable|391\/394|[from] item: Leftovers
|turn|40
|
|switch|p1a: Tyranitar|Tyranitar-Mega, M|207\/341
|-damage|p1a: Tyranitar|165\/341|[from] Stealth Rock
|-damage|p1a: Tyranitar|123\/341|[from] Spikes
|-weather|Sandstorm
|move|p2a: Tentacruel|Scald|p1a: Tyranitar
|-supereffective|p1a: Tyranitar
|-damage|p1a: Tyranitar|27\/341
|
|-weather|Sandstorm|[upkeep]
|-damage|p2a: Tentacruel|342\/364|[from] sandstorm
|-heal|p1a: Tyranitar|224\/341|[from] move: Wish|[wisher] Clefable
|-heal|p2a: Tentacruel|364\/364|[from] item: Black Sludge
|turn|41
|
|move|p1a: Tyranitar|Earthquake|p2a: Tentacruel
|-supereffective|p2a: Tentacruel
|-damage|p2a: Tentacruel|76\/364
|move|p2a: Tentacruel|Toxic Spikes|p1a: Tyranitar
|-sidestart|p1: Horsea Whisperer|move: Toxic Spikes
|
|-weather|Sandstorm|[upkeep]
|-damage|p2a: Tentacruel|54\/364|[from] sandstorm
|-heal|p2a: Tentacruel|76\/364|[from] item: Black Sludge
|turn|42
|
|switch|p2a: Chesnaught|Chesnaught, F|293\/380
|move|p1a: Tyranitar|Stone Edge|p2a: Chesnaught
|-resisted|p2a: Chesnaught
|-damage|p2a: Chesnaught|229\/380
|
|-weather|Sandstorm|[upkeep]
|-damage|p2a: Chesnaught|206\/380|[from] sandstorm
|-heal|p2a: Chesnaught|229\/380|[from] item: Leftovers
|turn|43
|
|switch|p1a: Clefable|Clefable, F|391\/394
|-status|p1a: Clefable|psn
|-damage|p1a: Clefable|342\/394 psn|[from] Stealth Rock
|-damage|p1a: Clefable|293\/394 psn|[from] Spikes
|move|p2a: Chesnaught|Drain Punch|p1a: Clefable
|-resisted|p1a: Clefable
|-damage|p1a: Clefable|254\/394 psn
|-heal|p2a: Chesnaught|249\/380|[from] drain|[of] p1a: Clefable
|
|-weather|Sandstorm|[upkeep]
|-damage|p2a: Chesnaught|226\/380|[from] sandstorm
|-damage|p1a: Clefable|230\/394 psn|[from] sandstorm
|-heal|p2a: Chesnaught|249\/380|[from] item: Leftovers
|-heal|p1a: Clefable|254\/394 psn|[from] item: Leftovers
|-damage|p1a: Clefable|205\/394 psn|[from] psn
|turn|44
|
|switch|p2a: Tentacruel|Tentacruel, M|76\/364
|switch|p1a: Excadrill|Excadrill, M|194\/361
|-damage|p1a: Excadrill|149\/361|[from] Spikes
|-damage|p1a: Excadrill|138\/361|[from] Stealth Rock
|
|-weather|none
|-heal|p2a: Tentacruel|98\/364|[from] item: Black Sludge
|turn|45
|
|move|p1a: Excadrill|Earthquake|p2a: Tentacruel
|-supereffective|p2a: Tentacruel
|-damage|p2a: Tentacruel|0 fnt
|faint|p2a: Tentacruel
|
|
|switch|p2a: Chesnaught|Chesnaught, F|249\/380
|turn|46
|
|move|p1a: Excadrill|Rapid Spin|p2a: Chesnaught
|-damage|p2a: Chesnaught|232\/380
|-sideend|p1: Horsea Whisperer|Spikes|[from] move: Rapid Spin|[of] p1a: Excadrill
|-sideend|p1: Horsea Whisperer|Toxic Spikes|[from] move: Rapid Spin|[of] p1a: Excadrill
|-sideend|p1: Horsea Whisperer|Stealth Rock|[from] move: Rapid Spin|[of] p1a: Excadrill
|move|p2a: Chesnaught|Drain Punch|p1a: Excadrill
|-supereffective|p1a: Excadrill
|-damage|p1a: Excadrill|0 fnt
|-heal|p2a: Chesnaught|301\/380|[from] drain|[of] p1a: Excadrill
|faint|p1a: Excadrill
|
|-heal|p2a: Chesnaught|324\/380|[from] item: Leftovers
|
|switch|p1a: Thundurus|Thundurus, M|191\/299
|turn|47
|
|switch|p2a: Chansey|Chansey, F|649\/704
|move|p1a: Thundurus|Taunt|p2a: Chansey
|-start|p2a: Chansey|move: Taunt
|
|-heal|p1a: Thundurus|209\/299|[from] item: Leftovers
|turn|48
|
|move|p1a: Thundurus|Volt Switch|p2a: Chansey
|-damage|p2a: Chansey|568\/704
|
|switch|p1a: Keldeo|Keldeo|43\/323
|move|p2a: Chansey|Seismic Toss|p1a: Keldeo
|-damage|p1a: Keldeo|0 fnt
|faint|p1a: Keldeo
|
|
|switch|p1a: Clefable|Clefable, F|205\/394 psn
|turn|49
|
|move|p1a: Clefable|Heal Bell|p1a: Clefable
|-cureteam|p1a: Clefable|[from] move: HealBell
|move|p2a: Chansey|Seismic Toss|p1a: Clefable
|-damage|p1a: Clefable|105\/394
|
|-heal|p1a: Clefable|129\/394|[from] item: Leftovers
|turn|50
|
|move|p1a: Clefable|Wish|p1a: Clefable
|move|p2a: Chansey|Seismic Toss|p1a: Clefable
|-damage|p1a: Clefable|29\/394
|
|-heal|p1a: Clefable|53\/394|[from] item: Leftovers
|-end|p2a: Chansey|move: Taunt
|turn|51
|
|move|p1a: Clefable|Protect|p1a: Clefable
|-singleturn|p1a: Clefable|Protect
|move|p2a: Chansey|Seismic Toss|p1a: Clefable
|-activate|p1a: Clefable|Protect
|
|-heal|p1a: Clefable|250\/394|[from] move: Wish|[wisher] Clefable
|-heal|p1a: Clefable|274\/394|[from] item: Leftovers
|turn|52
|
|move|p1a: Clefable|Wish|p1a: Clefable
|move|p2a: Chansey|Toxic|p1a: Clefable
|-status|p1a: Clefable|tox
|
|-heal|p1a: Clefable|298\/394 tox|[from] item: Leftovers
|-damage|p1a: Clefable|274\/394 tox|[from] psn
|turn|53
|
|move|p1a: Clefable|Heal Bell|p1a: Clefable
|-cureteam|p1a: Clefable|[from] move: HealBell
|move|p2a: Chansey|Toxic|p1a: Clefable
|-status|p1a: Clefable|tox
|
|-heal|p1a: Clefable|394\/394 tox|[from] move: Wish|[wisher] Clefable
|-damage|p1a: Clefable|370\/394 tox|[from] psn
|turn|54
|
|move|p1a: Clefable|Protect|p1a: Clefable
|-singleturn|p1a: Clefable|Protect
|move|p2a: Chansey|Seismic Toss|p1a: Clefable
|-activate|p1a: Clefable|Protect
|
|-heal|p1a: Clefable|394\/394 tox|[from] item: Leftovers
|-damage|p1a: Clefable|346\/394 tox|[from] psn
|turn|55
|
|switch|p1a: Thundurus|Thundurus, M|209\/299
|move|p2a: Chansey|Seismic Toss|p1a: Thundurus
|-damage|p1a: Thundurus|109\/299
|
|-heal|p1a: Thundurus|127\/299|[from] item: Leftovers
|turn|56
|
|move|p1a: Thundurus|Taunt|p2a: Chansey
|-start|p2a: Chansey|move: Taunt
|move|p2a: Chansey|Seismic Toss|p1a: Thundurus
|-damage|p1a: Thundurus|27\/299
|
|-heal|p1a: Thundurus|45\/299|[from] item: Leftovers
|turn|57
|
|move|p1a: Thundurus|Volt Switch|p2a: Chansey
|-damage|p2a: Chansey|487\/704
|
|switch|p1a: Tyranitar|Tyranitar-Mega, M|224\/341
|-weather|Sandstorm
|move|p2a: Chansey|Seismic Toss|p1a: Tyranitar
|-damage|p1a: Tyranitar|124\/341
|
|-weather|Sandstorm|[upkeep]
|-damage|p2a: Chansey|443\/704|[from] sandstorm
|turn|58
|
|switch|p2a: Chesnaught|Chesnaught, F|324\/380
|move|p1a: Tyranitar|Dragon Dance|p1a: Tyranitar
|-boost|p1a: Tyranitar|atk|1
|-boost|p1a: Tyranitar|spe|1
|
|-weather|Sandstorm|[upkeep]
|-damage|p2a: Chesnaught|301\/380|[from] sandstorm
|-heal|p2a: Chesnaught|324\/380|[from] item: Leftovers
|turn|59
|
|move|p1a: Tyranitar|Fire Punch|p2a: Chesnaught
|-supereffective|p2a: Chesnaught
|-damage|p2a: Chesnaught|112\/380
|move|p2a: Chesnaught|Drain Punch|p1a: Tyranitar
|-supereffective|p1a: Tyranitar
|-damage|p1a: Tyranitar|0 fnt
|-heal|p2a: Chesnaught|174\/380|[from] drain|[of] p1a: Tyranitar
|faint|p1a: Tyranitar
|
|-weather|Sandstorm|[upkeep]
|-damage|p2a: Chesnaught|151\/380|[from] sandstorm
|-heal|p2a: Chesnaught|174\/380|[from] item: Leftovers
|c|âHorsea Whisperer|gg
|c|âturnipz|gg
|-message|Horsea Whisperer forfeited.
|leave|Horsea Whisperer
|
|win|turnipz
|raw|Ladder updating...
|player|p1