|join|Horsea Whisperer
|join|Kebab mlml
|player|p1|Horsea Whisperer|2
|player|p2|Kebab mlml|164
|gametype|singles
|gen|6
|tier|OU
|rated
|clearpoke
|poke|p1|Tyranitar, M
|poke|p1|Excadrill, M
|poke|p1|Thundurus, M
|poke|p1|Keldeo
|poke|p1|Ferrothorn, M
|poke|p1|Clefable, M
|poke|p2|Lopunny, M
|poke|p2|Azumarill, F
|poke|p2|Hydreigon, F
|poke|p2|Excadrill, F
|poke|p2|Raikou
|poke|p2|Gothitelle, F
|rule|Swagger Clause: Swagger is banned
|rule|Baton Pass Clause: Limit one PokÃ©mon knowing Baton Pass
|rule|Sleep Clause Mod: Limit one foe put to sleep
|rule|Species Clause: Limit one of each PokÃ©mon
|rule|OHKO Clause: OHKO moves are banned
|rule|Moody Clause: Moody is banned
|rule|Evasion Moves Clause: Evasion moves are banned
|rule|Endless Battle Clause: Forcing endless battles is banned
|rule|HP Percentage Mod: HP is shown in percentages
|teampreview
|c|âHorsea Whisperer|hf
|c|âKebab mlml|u 2
|
|start
|switch|p1a: Thundurus|Thundurus, M|299\/299
|switch|p2a: Lopunny|Lopunny, M|271\/271
|turn|1
|
|detailschange|p2a: Lopunny|Lopunny-Mega, M
|-mega|p2a: Lopunny|Lopunny|Lopunnite
|move|p2a: Lopunny|Fake Out|p1a: Thundurus
|-damage|p1a: Thundurus|205\/299
|cant|p1a: Thundurus|flinch
|
|-heal|p1a: Thundurus|223\/299|[from] item: Leftovers
|turn|2
|
|switch|p2a: Raikou|Raikou|322\/322
|-ability|p2a: Raikou|Pressure
|move|p1a: Thundurus|Thunder Wave|p2a: Raikou
|-fail|p2a: Raikou
|
|-heal|p1a: Thundurus|241\/299|[from] item: Leftovers
|turn|3
|
|move|p2a: Raikou|Thunderbolt|p1a: Thundurus
|-damage|p1a: Thundurus|76\/299
|move|p1a: Thundurus|Volt Switch|p2a: Raikou
|-resisted|p2a: Raikou
|-damage|p2a: Raikou|281\/322
|
|switch|p1a: Tyranitar|Tyranitar, M|341\/341
|-weather|Sandstorm
|
|-weather|Sandstorm|[upkeep]
|-damage|p2a: Raikou|261\/322|[from] sandstorm
|turn|4
|
|detailschange|p1a: Tyranitar|Tyranitar-Mega, M
|-mega|p1a: Tyranitar|Tyranitar|Tyranitarite
|move|p2a: Raikou|Volt Switch|p1a: Tyranitar
|-damage|p1a: Tyranitar|274\/341
|
|switch|p2a: Azumarill|Azumarill, F|403\/403
|move|p1a: Tyranitar|Stone Edge|p2a: Azumarill|[miss]
|-miss|p1a: Tyranitar|p2a: Azumarill
|
|-weather|Sandstorm|[upkeep]
|-damage|p2a: Azumarill|378\/403|[from] sandstorm
|turn|5
|
|switch|p1a: Clefable|Clefable, M|394\/394
|move|p2a: Azumarill|Superpower|p1a: Clefable
|-resisted|p1a: Clefable
|-damage|p1a: Clefable|317\/394
|-unboost|p2a: Azumarill|atk|1
|-unboost|p2a: Azumarill|def|1
|
|-weather|Sandstorm|[upkeep]
|-damage|p1a: Clefable|293\/394|[from] sandstorm
|-damage|p2a: Azumarill|353\/403|[from] sandstorm
|-heal|p1a: Clefable|317\/394|[from] item: Leftovers
|turn|6
|
|switch|p1a: Thundurus|Thundurus, M|76\/299
|move|p2a: Azumarill|Waterfall|p1a: Thundurus
|-crit|p1a: Thundurus
|-damage|p1a: Thundurus|0 fnt
|faint|p1a: Thundurus
|
|-weather|Sandstorm|[upkeep]
|-damage|p2a: Azumarill|328\/403|[from] sandstorm
|
|switch|p1a: Ferrothorn|Ferrothorn, M|352\/352
|turn|7
|
|move|p2a: Azumarill|Superpower|p1a: Ferrothorn
|-supereffective|p1a: Ferrothorn
|-damage|p1a: Ferrothorn|172\/352
|-damage|p2a: Azumarill|278\/403|[from] ability: Iron Barbs|[of] p1a: Ferrothorn
|-unboost|p2a: Azumarill|atk|1
|-unboost|p2a: Azumarill|def|1
|move|p1a: Ferrothorn|Gyro Ball|p2a: Azumarill
|-damage|p2a: Azumarill|53\/403
|
|-weather|none
|-heal|p1a: Ferrothorn|194\/352|[from] item: Leftovers
|turn|8
|
|switch|p2a: Gothitelle|Gothitelle, F|282\/282
|move|p1a: Ferrothorn|Stealth Rock|p2a: Gothitelle
|-sidestart|p2: Kebab mlml|move: Stealth Rock
|
|-heal|p1a: Ferrothorn|216\/352|[from] item: Leftovers
|turn|9
|
|move|p2a: Gothitelle|Hidden Power|p1a: Ferrothorn
|-supereffective|p1a: Ferrothorn
|-damage|p1a: Ferrothorn|0 fnt
|faint|p1a: Ferrothorn
|
|
|switch|p1a: Tyranitar|Tyranitar-Mega, M|274\/341
|-weather|Sandstorm
|turn|10
|
|move|p1a: Tyranitar|Stone Edge|p2a: Gothitelle
|-damage|p2a: Gothitelle|62\/282
|move|p2a: Gothitelle|Hidden Power|p1a: Tyranitar
|-resisted|p1a: Tyranitar
|-damage|p1a: Tyranitar|247\/341
|
|-weather|Sandstorm|[upkeep]
|-damage|p2a: Gothitelle|45\/282|[from] sandstorm
|turn|11
|
|move|p1a: Tyranitar|Dragon Dance|p1a: Tyranitar
|-boost|p1a: Tyranitar|atk|1
|-boost|p1a: Tyranitar|spe|1
|move|p2a: Gothitelle|Hidden Power|p1a: Tyranitar
|-resisted|p1a: Tyranitar
|-damage|p1a: Tyranitar|221\/341
|
|-weather|Sandstorm|[upkeep]
|-damage|p2a: Gothitelle|28\/282|[from] sandstorm
|turn|12
|
|switch|p2a: Azumarill|Azumarill, F|53\/403
|-damage|p2a: Azumarill|3\/403|[from] Stealth Rock
|move|p1a: Tyranitar|Dragon Dance|p1a: Tyranitar
|-boost|p1a: Tyranitar|atk|1
|-boost|p1a: Tyranitar|spe|1
|
|-weather|Sandstorm|[upkeep]
|-damage|p2a: Azumarill|0 fnt|[from] sandstorm
|faint|p2a: Azumarill
|
|switch|p2a: Hydreigon|Hydreigon, F|325\/325
|-damage|p2a: Hydreigon|285\/325|[from] Stealth Rock
|turn|13
|
|move|p1a: Tyranitar|Stone Edge|p2a: Hydreigon
|-damage|p2a: Hydreigon|0 fnt
|faint|p2a: Hydreigon
|
|-weather|Sandstorm|[upkeep]
|
|switch|p2a: Excadrill|Excadrill, F|362\/362
|-damage|p2a: Excadrill|351\/362|[from] Stealth Rock
|-ability|p2a: Excadrill|Mold Breaker
|-item|p2a: Excadrill|Air Balloon
|turn|14
|
|move|p1a: Tyranitar|Fire Punch|p2a: Excadrill
|-supereffective|p2a: Excadrill
|-damage|p2a: Excadrill|0 fnt
|-enditem|p2a: Excadrill|Air Balloon
|faint|p2a: Excadrill
|
|-weather|none
|
|switch|p2a: Lopunny|Lopunny-Mega, M|271\/271
|-damage|p2a: Lopunny|255\/271|[from] Stealth Rock
|turn|15
|
|move|p1a: Tyranitar|Earthquake|p2a: Lopunny
|-damage|p2a: Lopunny|0 fnt
|faint|p2a: Lopunny
|
|
|switch|p2a: Gothitelle|Gothitelle, F|28\/282
|-damage|p2a: Gothitelle|0 fnt|[from] Stealth Rock
|faint|p2a: Gothitelle
|c|âKebab mlml|gg
|c|âHorsea Whisperer|gg
|
|switch|p2a: Raikou|Raikou|261\/322
|-damage|p2a: Raikou|221\/322|[from] Stealth Rock
|-ability|p2a: Raikou|Pressure
|turn|16
|
|move|p1a: Tyranitar|Earthquake|p2a: Raikou
|-supereffective|p2a: Raikou
|-damage|p2a: Raikou|0 fnt
|faint|p2a: Raikou
|
|win|Horsea Whisperer
|raw|Ladder updating...
|raw|Horsea Whisperer's rating: 1542 &rarr; <strong>1558<\/strong><br \/>(+16 for winning)
|raw|Kebab mlml's rating: 1483 &rarr; <strong>1466<\/strong><br \/>(-17 for losing)
|leave|Kebab mlml
|player|p2