|join|RebornCelebi
|join|Horsea Whisperer
|player|p1|RebornCelebi|170
|player|p2|Horsea Whisperer|2
|gametype|singles
|gen|6
|tier|OU
|rated
|clearpoke
|poke|p1|Lopunny, M
|poke|p1|Bisharp, F
|poke|p1|Celebi
|poke|p1|Empoleon, M
|poke|p1|Landorus-Therian, M
|poke|p1|Keldeo-Resolute
|poke|p2|Tyranitar, M
|poke|p2|Excadrill, M
|poke|p2|Thundurus, M
|poke|p2|Keldeo
|poke|p2|Clefable, M
|poke|p2|Ferrothorn, M
|rule|Swagger Clause: Swagger is banned
|rule|Baton Pass Clause: Limit one PokÃ©mon knowing Baton Pass
|rule|Sleep Clause Mod: Limit one foe put to sleep
|rule|Species Clause: Limit one of each PokÃ©mon
|rule|OHKO Clause: OHKO moves are banned
|rule|Moody Clause: Moody is banned
|rule|Evasion Moves Clause: Evasion moves are banned
|rule|Endless Battle Clause: Forcing endless battles is banned
|rule|HP Percentage Mod: HP is shown in percentages
|teampreview
|c|âHorsea Whisperer|hf
|c|âRebornCelebi|utoo
|
|start
|switch|p1a: Celebi|Celebi|403\/403
|switch|p2a: Thundurus|Thundurus, M|299\/299
|turn|1
|
|move|p2a: Thundurus|Hidden Power|p1a: Celebi
|-supereffective|p1a: Celebi
|-damage|p1a: Celebi|276\/403
|-damage|p2a: Thundurus|270\/299|[from] item: Life Orb
|move|p1a: Celebi|Baton Pass|p1a: Celebi
|
|switch|p1a: Lopunny|Lopunny, M|271\/271
|
|turn|2
|
|switch|p2a: Ferrothorn|Ferrothorn, M|352\/352
|detailschange|p1a: Lopunny|Lopunny-Mega, M
|-mega|p1a: Lopunny|Lopunny|Lopunnite
|move|p1a: Lopunny|Fake Out|p2a: Ferrothorn
|-resisted|p2a: Ferrothorn
|-damage|p2a: Ferrothorn|326\/352
|-damage|p1a: Lopunny|238\/271|[from] ability: Iron Barbs|[of] p2a: Ferrothorn
|
|-heal|p2a: Ferrothorn|348\/352|[from] item: Leftovers
|turn|3
|
|switch|p2a: Clefable|Clefable, M|394\/394
|move|p1a: Lopunny|High Jump Kick|p2a: Clefable
|-resisted|p2a: Clefable
|-damage|p2a: Clefable|276\/394
|
|-heal|p2a: Clefable|300\/394|[from] item: Leftovers
|turn|4
|
|switch|p1a: Empoleon|Empoleon, M|372\/372
|move|p2a: Clefable|Flamethrower|p1a: Empoleon
|-damage|p1a: Empoleon|321\/372
|
|-heal|p2a: Clefable|324\/394|[from] item: Leftovers
|-heal|p1a: Empoleon|344\/372|[from] item: Leftovers
|turn|5
|
|switch|p2a: Ferrothorn|Ferrothorn, M|348\/352
|move|p1a: Empoleon|Stealth Rock|p2a: Ferrothorn
|-sidestart|p2: Horsea Whisperer|move: Stealth Rock
|
|-heal|p1a: Empoleon|367\/372|[from] item: Leftovers
|-heal|p2a: Ferrothorn|352\/352|[from] item: Leftovers
|turn|6
|
|move|p1a: Empoleon|Scald|p2a: Ferrothorn
|-resisted|p2a: Ferrothorn
|-damage|p2a: Ferrothorn|313\/352
|move|p2a: Ferrothorn|Stealth Rock|p1a: Empoleon
|-sidestart|p1: RebornCelebi|move: Stealth Rock
|
|-heal|p1a: Empoleon|372\/372|[from] item: Leftovers
|-heal|p2a: Ferrothorn|335\/352|[from] item: Leftovers
|turn|7
|
|move|p1a: Empoleon|Scald|p2a: Ferrothorn
|-crit|p2a: Ferrothorn
|-resisted|p2a: Ferrothorn
|-damage|p2a: Ferrothorn|286\/352
|-status|p2a: Ferrothorn|brn
|move|p2a: Ferrothorn|Spikes|p1a: Empoleon
|-sidestart|p1: RebornCelebi|Spikes
|
|-heal|p2a: Ferrothorn|308\/352 brn|[from] item: Leftovers
|-damage|p2a: Ferrothorn|264\/352 brn|[from] brn
|turn|8
|
|move|p1a: Empoleon|Defog|p2a: Ferrothorn
|-unboost|p2a: Ferrothorn|evasion|1
|-sideend|p2: Horsea Whisperer|Stealth Rock|[from] move: Defog|[of] p2a: Ferrothorn
|-sideend|p1: RebornCelebi|Spikes|[from] move: Defog|[of] p1a: Empoleon
|-sideend|p1: RebornCelebi|Stealth Rock|[from] move: Defog|[of] p1a: Empoleon
|move|p2a: Ferrothorn|Leech Seed|p1a: Empoleon
|-start|p1a: Empoleon|move: Leech Seed
|
|-heal|p2a: Ferrothorn|286\/352 brn|[from] item: Leftovers
|-damage|p1a: Empoleon|326\/372|[from] Leech Seed|[of] p2a: Ferrothorn
|-heal|p2a: Ferrothorn|332\/352 brn|[silent]
|-damage|p2a: Ferrothorn|288\/352 brn|[from] brn
|turn|9
|
|switch|p1a: Bisharp|Bisharp, F|271\/271
|move|p2a: Ferrothorn|Stealth Rock|p1a: Bisharp
|-sidestart|p1: RebornCelebi|move: Stealth Rock
|
|-heal|p2a: Ferrothorn|310\/352 brn|[from] item: Leftovers
|-damage|p2a: Ferrothorn|266\/352 brn|[from] brn
|turn|10
|
|switch|p2a: Keldeo|Keldeo|323\/323
|move|p1a: Bisharp|Swords Dance|p1a: Bisharp
|-boost|p1a: Bisharp|atk|2
|
|turn|11
|
|switch|p1a: Celebi|Celebi|276\/403
|-damage|p1a: Celebi|226\/403|[from] Stealth Rock
|move|p2a: Keldeo|Secret Sword|p1a: Celebi
|-resisted|p1a: Celebi
|-damage|p1a: Celebi|119\/403
|
|-heal|p1a: Celebi|144\/403|[from] item: Leftovers
|turn|12
|
|switch|p2a: Tyranitar|Tyranitar, M|341\/341
|-weather|Sandstorm
|move|p1a: Celebi|Recover|p1a: Celebi
|-heal|p1a: Celebi|346\/403
|
|-weather|Sandstorm|[upkeep]
|-damage|p1a: Celebi|321\/403|[from] sandstorm
|-heal|p1a: Celebi|346\/403|[from] item: Leftovers
|turn|13
|
|detailschange|p2a: Tyranitar|Tyranitar-Mega, M
|-mega|p2a: Tyranitar|Tyranitar|Tyranitarite
|move|p1a: Celebi|Baton Pass|p1a: Celebi
|
|switch|p1a: Keldeo-Resolute|Keldeo-Resolute|323\/323
|-damage|p1a: Keldeo-Resolute|303\/323|[from] Stealth Rock
|move|p2a: Tyranitar|Fire Punch|p1a: Keldeo-Resolute
|-resisted|p1a: Keldeo-Resolute
|-damage|p1a: Keldeo-Resolute|240\/323
|
|-weather|Sandstorm|[upkeep]
|-damage|p1a: Keldeo-Resolute|220\/323|[from] sandstorm
|turn|14
|
|switch|p2a: Ferrothorn|Ferrothorn, M|266\/352 brn
|move|p1a: Keldeo-Resolute|Scald|p2a: Ferrothorn
|-resisted|p2a: Ferrothorn
|-damage|p2a: Ferrothorn|196\/352 brn
|
|-weather|Sandstorm|[upkeep]
|-damage|p1a: Keldeo-Resolute|200\/323|[from] sandstorm
|-heal|p2a: Ferrothorn|218\/352 brn|[from] item: Leftovers
|-damage|p2a: Ferrothorn|174\/352 brn|[from] brn
|turn|15
|
|switch|p1a: Celebi|Celebi|346\/403
|-damage|p1a: Celebi|296\/403|[from] Stealth Rock
|move|p2a: Ferrothorn|Leech Seed|p1a: Celebi|[miss]
|-miss|p2a: Ferrothorn|p1a: Celebi
|
|-weather|Sandstorm|[upkeep]
|-damage|p1a: Celebi|271\/403|[from] sandstorm
|-heal|p1a: Celebi|296\/403|[from] item: Leftovers
|-heal|p2a: Ferrothorn|196\/352 brn|[from] item: Leftovers
|-damage|p2a: Ferrothorn|152\/352 brn|[from] brn
|turn|16
|
|move|p1a: Celebi|Substitute|p1a: Celebi
|-start|p1a: Celebi|Substitute
|-damage|p1a: Celebi|196\/403
|move|p2a: Ferrothorn|Spikes|p1a: Celebi
|-sidestart|p1: RebornCelebi|Spikes
|
|-weather|none
|-heal|p1a: Celebi|221\/403|[from] item: Leftovers
|-heal|p2a: Ferrothorn|174\/352 brn|[from] item: Leftovers
|-damage|p2a: Ferrothorn|130\/352 brn|[from] brn
|turn|17
|
|switch|p2a: Tyranitar|Tyranitar-Mega, M|341\/341
|-weather|Sandstorm
|move|p1a: Celebi|Recover|p1a: Celebi
|-heal|p1a: Celebi|403\/403
|
|-weather|Sandstorm|[upkeep]
|-damage|p1a: Celebi|378\/403|[from] sandstorm
|-heal|p1a: Celebi|403\/403|[from] item: Leftovers
|turn|18
|
|move|p2a: Tyranitar|Stone Edge|p1a: Celebi
|-end|p1a: Celebi|Substitute
|move|p1a: Celebi|Baton Pass|p1a: Celebi
|
|switch|p1a: Keldeo-Resolute|Keldeo-Resolute|200\/323
|-damage|p1a: Keldeo-Resolute|160\/323|[from] Spikes
|-damage|p1a: Keldeo-Resolute|140\/323|[from] Stealth Rock
|
|-weather|Sandstorm|[upkeep]
|-damage|p1a: Keldeo-Resolute|120\/323|[from] sandstorm
|turn|19
|
|switch|p2a: Ferrothorn|Ferrothorn, M|130\/352 brn
|move|p1a: Keldeo-Resolute|Scald|p2a: Ferrothorn
|-crit|p2a: Ferrothorn
|-resisted|p2a: Ferrothorn
|-damage|p2a: Ferrothorn|28\/352 brn
|
|-weather|Sandstorm|[upkeep]
|-damage|p1a: Keldeo-Resolute|100\/323|[from] sandstorm
|-heal|p2a: Ferrothorn|50\/352 brn|[from] item: Leftovers
|-damage|p2a: Ferrothorn|6\/352 brn|[from] brn
|turn|20
|
|move|p1a: Keldeo-Resolute|Scald|p2a: Ferrothorn
|-resisted|p2a: Ferrothorn
|-damage|p2a: Ferrothorn|0 fnt
|faint|p2a: Ferrothorn
|
|-weather|Sandstorm|[upkeep]
|-damage|p1a: Keldeo-Resolute|80\/323|[from] sandstorm
|
|switch|p2a: Excadrill|Excadrill, M|361\/361
|-item|p2a: Excadrill|Air Balloon
|turn|21
|
|switch|p1a: Landorus-Therian|Landorus-Therian, M|319\/319
|-damage|p1a: Landorus-Therian|280\/319|[from] Stealth Rock
|-ability|p1a: Landorus-Therian|Intimidate|[of] p2a: Excadrill
|-unboost|p2a: Excadrill|atk|1
|move|p2a: Excadrill|Iron Head|p1a: Landorus-Therian
|-damage|p1a: Landorus-Therian|160\/319
|
|-weather|none
|turn|22
|
|switch|p2a: Keldeo|Keldeo|323\/323
|move|p1a: Landorus-Therian|U-turn|p2a: Keldeo
|-resisted|p2a: Keldeo
|-damage|p2a: Keldeo|276\/323
|
|switch|p1a: Celebi|Celebi|403\/403
|-damage|p1a: Celebi|353\/403|[from] Spikes
|-damage|p1a: Celebi|303\/403|[from] Stealth Rock
|
|-heal|p1a: Celebi|328\/403|[from] item: Leftovers
|turn|23
|
|move|p2a: Keldeo|Icy Wind|p1a: Celebi
|-supereffective|p1a: Celebi
|-damage|p1a: Celebi|172\/403
|-unboost|p1a: Celebi|spe|1
|move|p1a: Celebi|Baton Pass|p1a: Celebi
|
|switch|p1a: Empoleon|Empoleon, M|326\/372
|-damage|p1a: Empoleon|280\/372|[from] Spikes
|-damage|p1a: Empoleon|257\/372|[from] Stealth Rock
|
|-heal|p1a: Empoleon|280\/372|[from] item: Leftovers
|turn|24
|
|switch|p2a: Tyranitar|Tyranitar-Mega, M|341\/341
|-weather|Sandstorm
|move|p1a: Empoleon|Defog|p2a: Tyranitar
|-unboost|p2a: Tyranitar|evasion|1
|-sideend|p1: RebornCelebi|Spikes|[from] move: Defog|[of] p1a: Empoleon
|-sideend|p1: RebornCelebi|Stealth Rock|[from] move: Defog|[of] p1a: Empoleon
|
|-weather|Sandstorm|[upkeep]
|-heal|p1a: Empoleon|303\/372|[from] item: Leftovers
|turn|25
|
|move|p2a: Tyranitar|Stone Edge|p1a: Empoleon
|-resisted|p1a: Empoleon
|-damage|p1a: Empoleon|176\/372
|move|p1a: Empoleon|Scald|p2a: Tyranitar
|-supereffective|p2a: Tyranitar
|-damage|p2a: Tyranitar|213\/341
|
|-weather|Sandstorm|[upkeep]
|-heal|p1a: Empoleon|199\/372|[from] item: Leftovers
|turn|26
|
|switch|p2a: Clefable|Clefable, M|324\/394
|move|p1a: Empoleon|Scald|p2a: Clefable
|-damage|p2a: Clefable|228\/394
|
|-weather|Sandstorm|[upkeep]
|-heal|p2a: Clefable|252\/394|[from] item: Leftovers
|-heal|p1a: Empoleon|222\/372|[from] item: Leftovers
|turn|27
|
|move|p2a: Clefable|Calm Mind|p2a: Clefable
|-boost|p2a: Clefable|spa|1
|-boost|p2a: Clefable|spd|1
|move|p1a: Empoleon|Stealth Rock|p2a: Clefable
|-sidestart|p2: Horsea Whisperer|move: Stealth Rock
|
|-weather|Sandstorm|[upkeep]
|-heal|p2a: Clefable|276\/394|[from] item: Leftovers
|-heal|p1a: Empoleon|245\/372|[from] item: Leftovers
|turn|28
|
|move|p2a: Clefable|Flamethrower|p1a: Empoleon
|-damage|p1a: Empoleon|177\/372
|-status|p1a: Empoleon|brn
|move|p1a: Empoleon|Roar|p2a: Clefable
|drag|p2a: Tyranitar|Tyranitar-Mega, M|213\/341
|-damage|p2a: Tyranitar|171\/341|[from] Stealth Rock
|
|-weather|none
|-heal|p1a: Empoleon|200\/372 brn|[from] item: Leftovers
|-damage|p1a: Empoleon|154\/372 brn|[from] brn
|turn|29
|
|move|p2a: Tyranitar|Earthquake|p1a: Empoleon
|-supereffective|p1a: Empoleon
|-damage|p1a: Empoleon|0 fnt
|faint|p1a: Empoleon
|
|
|switch|p1a: Keldeo-Resolute|Keldeo-Resolute|80\/323
|turn|30
|
|switch|p2a: Keldeo|Keldeo|276\/323
|-damage|p2a: Keldeo|256\/323|[from] Stealth Rock
|move|p1a: Keldeo-Resolute|Scald|p2a: Keldeo
|-resisted|p2a: Keldeo
|-damage|p2a: Keldeo|134\/323
|
|turn|31
|
|switch|p1a: Celebi|Celebi|172\/403
|move|p2a: Keldeo|Icy Wind|p1a: Celebi
|-supereffective|p1a: Celebi
|-damage|p1a: Celebi|38\/403
|-unboost|p1a: Celebi|spe|1
|
|-heal|p1a: Celebi|63\/403|[from] item: Leftovers
|turn|32
|
|move|p2a: Keldeo|Icy Wind|p1a: Celebi
|-supereffective|p1a: Celebi
|-damage|p1a: Celebi|0 fnt
|faint|p1a: Celebi
|
|
|switch|p1a: Bisharp|Bisharp, F|271\/271
|turn|33
|
|switch|p2a: Thundurus|Thundurus, M|270\/299
|-damage|p2a: Thundurus|196\/299|[from] Stealth Rock
|move|p1a: Bisharp|Swords Dance|p1a: Bisharp
|-boost|p1a: Bisharp|atk|2
|
|turn|34
|
|move|p2a: Thundurus|Thunder Wave|p1a: Bisharp
|-status|p1a: Bisharp|par
|move|p1a: Bisharp|Sucker Punch|p2a: Thundurus
|-fail|p2a: Thundurus
|
|turn|35
|
|switch|p2a: Keldeo|Keldeo|134\/323
|-damage|p2a: Keldeo|114\/323|[from] Stealth Rock
|move|p1a: Bisharp|Sucker Punch|p2a: Keldeo
|-fail|p2a: Keldeo
|
|turn|36
|
|move|p1a: Bisharp|Sucker Punch|p2a: Keldeo
|-resisted|p2a: Keldeo
|-damage|p2a: Keldeo|0 fnt
|-damage|p1a: Bisharp|244\/271 par|[from] item: Life Orb
|faint|p2a: Keldeo
|
|
|switch|p2a: Tyranitar|Tyranitar-Mega, M|171\/341
|-damage|p2a: Tyranitar|129\/341|[from] Stealth Rock
|-weather|Sandstorm
|turn|37
|
|move|p1a: Bisharp|Sucker Punch|p2a: Tyranitar
|-resisted|p2a: Tyranitar
|-damage|p2a: Tyranitar|0 fnt
|-damage|p1a: Bisharp|217\/271 par|[from] item: Life Orb
|faint|p2a: Tyranitar
|
|-weather|Sandstorm|[upkeep]
|
|switch|p2a: Clefable|Clefable, M|276\/394
|turn|38
|
|move|p2a: Clefable|Flamethrower|p1a: Bisharp
|-supereffective|p1a: Bisharp
|-damage|p1a: Bisharp|21\/271 par
|move|p1a: Bisharp|Iron Head|p2a: Clefable
|-supereffective|p2a: Clefable
|-damage|p2a: Clefable|0 fnt
|-damage|p1a: Bisharp|0 fnt|[from] item: Life Orb
|faint|p2a: Clefable
|faint|p1a: Bisharp
|
|-weather|Sandstorm|[upkeep]
|
|switch|p1a: Lopunny|Lopunny-Mega, M|238\/271
|switch|p2a: Excadrill|Excadrill, M|361\/361
|-damage|p2a: Excadrill|350\/361|[from] Stealth Rock
|-item|p2a: Excadrill|Air Balloon
|turn|39
|
|move|p1a: Lopunny|Fake Out|p2a: Excadrill
|-resisted|p2a: Excadrill
|-damage|p2a: Excadrill|293\/361
|-enditem|p2a: Excadrill|Air Balloon
|cant|p2a: Excadrill|flinch
|
|-weather|Sandstorm|[upkeep]
|-damage|p1a: Lopunny|222\/271|[from] sandstorm
|turn|40
|
|move|p2a: Excadrill|Iron Head|p1a: Lopunny
|-damage|p1a: Lopunny|66\/271
|move|p1a: Lopunny|High Jump Kick|p2a: Excadrill
|-supereffective|p2a: Excadrill
|-damage|p2a: Excadrill|0 fnt
|faint|p2a: Excadrill
|
|-weather|Sandstorm|[upkeep]
|-damage|p1a: Lopunny|50\/271|[from] sandstorm
|
|switch|p2a: Thundurus|Thundurus, M|196\/299
|-damage|p2a: Thundurus|122\/299|[from] Stealth Rock
|turn|41
|
|switch|p1a: Keldeo-Resolute|Keldeo-Resolute|80\/323
|move|p2a: Thundurus|Thunder Wave|p1a: Keldeo-Resolute
|-status|p1a: Keldeo-Resolute|par
|
|-weather|none
|turn|42
|
|move|p2a: Thundurus|Thunderbolt|p1a: Keldeo-Resolute
|-supereffective|p1a: Keldeo-Resolute
|-damage|p1a: Keldeo-Resolute|0 fnt
|-damage|p2a: Thundurus|93\/299|[from] item: Life Orb
|faint|p1a: Keldeo-Resolute
|
|
|switch|p1a: Lopunny|Lopunny-Mega, M|50\/271
|turn|43
|
|move|p1a: Lopunny|Fake Out|p2a: Thundurus
|-damage|p2a: Thundurus|0 fnt
|faint|p2a: Thundurus
|
|win|RebornCelebi
|raw|Ladder updating...
|leave|Horsea Whisperer
|raw|RebornCelebi's rating: 1612 &rarr; <strong>1631<\/strong><br \/>(+19 for winning)
|raw|Horsea Whisperer's rating: 1602 &rarr; <strong>1583<\/strong><br \/>(-19 for losing)
|player|p2