|join|Horsea Whisperer
|join|Okita Souji
|c|âHorsea Whisperer|hf
|player|p1|Horsea Whisperer|2
|player|p2|Okita Souji|277
|gametype|singles
|gen|6
|tier|OU
|rated
|clearpoke
|poke|p1|Sceptile, F
|poke|p1|Landorus-Therian, M
|poke|p1|Azumarill, M
|poke|p1|Rotom-Wash
|poke|p1|Klefki, F
|poke|p1|Heatran, M
|poke|p2|Lopunny, F, shiny
|poke|p2|Azumarill, F, shiny
|poke|p2|Gothitelle, F
|poke|p2|Rotom-Wash
|poke|p2|Landorus-Therian, M
|poke|p2|Scizor, M
|rule|Swagger Clause: Swagger is banned
|rule|Baton Pass Clause: Limit one PokÃ©mon knowing Baton Pass
|rule|Sleep Clause Mod: Limit one foe put to sleep
|rule|Species Clause: Limit one of each PokÃ©mon
|rule|OHKO Clause: OHKO moves are banned
|rule|Moody Clause: Moody is banned
|rule|Evasion Moves Clause: Evasion moves are banned
|rule|Endless Battle Clause: Forcing endless battles is banned
|rule|HP Percentage Mod: HP is shown in percentages
|teampreview
|
|start
|switch|p1a: Rotom-Wash|Rotom-Wash|303\/303
|switch|p2a: Lopunny|Lopunny, F, shiny|271\/271
|turn|1
|
|detailschange|p2a: Lopunny|Lopunny-Mega, F, shiny
|-mega|p2a: Lopunny|Lopunny|Lopunnite
|move|p2a: Lopunny|Fake Out|p1a: Rotom-Wash
|-damage|p1a: Rotom-Wash|248\/303
|cant|p1a: Rotom-Wash|flinch
|
|-heal|p1a: Rotom-Wash|266\/303|[from] item: Leftovers
|turn|2
|join|xiongzhuxiongmao
|join|qman
|leave|qman
|
|switch|p2a: Gothitelle|Gothitelle, F|281\/281
|move|p1a: Rotom-Wash|Will-O-Wisp|p2a: Gothitelle|[miss]
|-miss|p1a: Rotom-Wash|p2a: Gothitelle
|
|-heal|p1a: Rotom-Wash|284\/303|[from] item: Leftovers
|turn|3
|
|move|p2a: Gothitelle|Energy Ball|p1a: Rotom-Wash
|-supereffective|p1a: Rotom-Wash
|-damage|p1a: Rotom-Wash|32\/303
|move|p1a: Rotom-Wash|Volt Switch|p2a: Gothitelle
|-crit|p2a: Gothitelle
|-damage|p2a: Gothitelle|160\/281
|
|switch|p1a: Sceptile|Sceptile, F|281\/281
|
|turn|4
|
|switch|p2a: Landorus-Therian|Landorus-Therian, M|382\/382
|-ability|p2a: Landorus-Therian|Intimidate|[of] p1a: Sceptile
|-unboost|p1a: Sceptile|atk|1
|detailschange|p1a: Sceptile|Sceptile-Mega, F
|-mega|p1a: Sceptile|Sceptile|Sceptilite
|move|p1a: Sceptile|Leaf Storm|p2a: Landorus-Therian
|-damage|p2a: Landorus-Therian|85\/382
|-unboost|p1a: Sceptile|spa|2
|
|-heal|p2a: Landorus-Therian|108\/382|[from] item: Leftovers
|turn|5
|
|move|p1a: Sceptile|Leaf Storm|p2a: Landorus-Therian
|-damage|p2a: Landorus-Therian|0 fnt
|-unboost|p1a: Sceptile|spa|2
|faint|p2a: Landorus-Therian
|
|
|switch|p2a: Lopunny|Lopunny-Mega, F, shiny|271\/271
|turn|6
|
|switch|p1a: Landorus-Therian|Landorus-Therian, M|319\/319
|-ability|p1a: Landorus-Therian|Intimidate|[of] p2a: Lopunny
|-unboost|p2a: Lopunny|atk|1
|move|p2a: Lopunny|Ice Punch|p1a: Landorus-Therian
|-supereffective|p1a: Landorus-Therian
|-damage|p1a: Landorus-Therian|47\/319
|
|turn|7
|
|switch|p2a: Gothitelle|Gothitelle, F|160\/281
|move|p1a: Landorus-Therian|Stone Edge|p2a: Gothitelle
|-damage|p2a: Gothitelle|28\/281
|
|turn|8
|
|move|p1a: Landorus-Therian|Stone Edge|p2a: Gothitelle
|-damage|p2a: Gothitelle|0 fnt
|faint|p2a: Gothitelle
|
|
|switch|p2a: Azumarill|Azumarill, F, shiny|404\/404
|turn|9
|
|move|p1a: Landorus-Therian|Stone Edge|p2a: Azumarill
|-damage|p2a: Azumarill|248\/404
|move|p2a: Azumarill|Belly Drum|p2a: Azumarill
|-damage|p2a: Azumarill|46\/404
|-setboost|p2a: Azumarill|atk|6|[from] move: Belly Drum
|-enditem|p2a: Azumarill|Sitrus Berry|[eat]
|-heal|p2a: Azumarill|147\/404|[from] item: Sitrus Berry
|
|turn|10
|
|move|p2a: Azumarill|Aqua Jet|p1a: Landorus-Therian
|-supereffective|p1a: Landorus-Therian
|-damage|p1a: Landorus-Therian|0 fnt
|faint|p1a: Landorus-Therian
|
|
|switch|p1a: Sceptile|Sceptile-Mega, F|281\/281
|turn|11
|
|move|p2a: Azumarill|Aqua Jet|p1a: Sceptile
|-resisted|p1a: Sceptile
|-damage|p1a: Sceptile|164\/281
|move|p1a: Sceptile|Leaf Storm|p2a: Azumarill
|-supereffective|p2a: Azumarill
|-damage|p2a: Azumarill|0 fnt
|-unboost|p1a: Sceptile|spa|2
|faint|p2a: Azumarill
|
|
|switch|p2a: Scizor|Scizor, M|344\/344
|turn|12
|
|switch|p1a: Klefki|Klefki, F|317\/317
|move|p2a: Scizor|Bullet Punch|p1a: Klefki
|-damage|p1a: Klefki|136\/317
|
|-heal|p1a: Klefki|155\/317|[from] item: Leftovers
|turn|13
|
|switch|p1a: Heatran|Heatran, M|385\/385
|move|p2a: Scizor|Bullet Punch|p1a: Heatran
|-resisted|p1a: Heatran
|-damage|p1a: Heatran|345\/385
|
|-heal|p1a: Heatran|369\/385|[from] item: Leftovers
|turn|14
|
|switch|p2a: Rotom-Wash|Rotom-Wash|304\/304
|move|p1a: Heatran|Lava Plume|p2a: Rotom-Wash
|-resisted|p2a: Rotom-Wash
|-damage|p2a: Rotom-Wash|253\/304
|
|-heal|p2a: Rotom-Wash|272\/304|[from] item: Leftovers
|-heal|p1a: Heatran|385\/385|[from] item: Leftovers
|turn|15
|
|move|p2a: Rotom-Wash|Volt Switch|p1a: Heatran
|-damage|p1a: Heatran|319\/385
|
|switch|p2a: Lopunny|Lopunny-Mega, F, shiny|271\/271
|move|p1a: Heatran|Toxic|p2a: Lopunny
|-status|p2a: Lopunny|tox
|
|-heal|p1a: Heatran|343\/385|[from] item: Leftovers
|-damage|p2a: Lopunny|255\/271 tox|[from] psn
|turn|16
|
|switch|p1a: Rotom-Wash|Rotom-Wash|32\/303
|move|p2a: Lopunny|High Jump Kick|p1a: Rotom-Wash
|-damage|p1a: Rotom-Wash|0 fnt
|faint|p1a: Rotom-Wash
|
|-damage|p2a: Lopunny|223\/271 tox|[from] psn
|
|switch|p1a: Azumarill|Azumarill, M|363\/363
|turn|17
|
|switch|p2a: Rotom-Wash|Rotom-Wash|272\/304
|move|p1a: Azumarill|Waterfall|p2a: Rotom-Wash
|-resisted|p2a: Rotom-Wash
|-damage|p2a: Rotom-Wash|175\/304
|
|-heal|p2a: Rotom-Wash|194\/304|[from] item: Leftovers
|turn|18
|
|switch|p1a: Heatran|Heatran, M|343\/385
|move|p2a: Rotom-Wash|Hidden Power|p1a: Heatran
|-start|p1a: Heatran|ability: Flash Fire
|
|-heal|p2a: Rotom-Wash|213\/304|[from] item: Leftovers
|-heal|p1a: Heatran|367\/385|[from] item: Leftovers
|turn|19
|
|move|p2a: Rotom-Wash|Hydro Pump|p1a: Heatran
|-supereffective|p1a: Heatran
|-damage|p1a: Heatran|175\/385
|move|p1a: Heatran|Lava Plume|p2a: Rotom-Wash
|-resisted|p2a: Rotom-Wash
|-damage|p2a: Rotom-Wash|126\/304
|
|-heal|p2a: Rotom-Wash|145\/304|[from] item: Leftovers
|-heal|p1a: Heatran|199\/385|[from] item: Leftovers
|turn|20
|
|move|p2a: Rotom-Wash|Hydro Pump|p1a: Heatran
|-supereffective|p1a: Heatran
|-damage|p1a: Heatran|5\/385
|move|p1a: Heatran|Lava Plume|p2a: Rotom-Wash
|-resisted|p2a: Rotom-Wash
|-damage|p2a: Rotom-Wash|62\/304
|
|-heal|p2a: Rotom-Wash|81\/304|[from] item: Leftovers
|-heal|p1a: Heatran|29\/385|[from] item: Leftovers
|turn|21
|
|move|p2a: Rotom-Wash|Hydro Pump|p1a: Heatran
|-supereffective|p1a: Heatran
|-damage|p1a: Heatran|0 fnt
|faint|p1a: Heatran
|
|-heal|p2a: Rotom-Wash|100\/304|[from] item: Leftovers
|
|switch|p1a: Klefki|Klefki, F|155\/317
|turn|22
|
|move|p1a: Klefki|Spikes|p2a: Rotom-Wash
|-sidestart|p2: Okita Souji|Spikes
|move|p2a: Rotom-Wash|Hidden Power|p1a: Klefki
|-supereffective|p1a: Klefki
|-damage|p1a: Klefki|75\/317
|
|-heal|p2a: Rotom-Wash|119\/304|[from] item: Leftovers
|-heal|p1a: Klefki|94\/317|[from] item: Leftovers
|turn|23
|
|move|p1a: Klefki|Spikes|p2a: Rotom-Wash
|-sidestart|p2: Okita Souji|Spikes
|move|p2a: Rotom-Wash|Hydro Pump|p1a: Klefki|[miss]
|-miss|p2a: Rotom-Wash|p1a: Klefki
|
|-heal|p2a: Rotom-Wash|138\/304|[from] item: Leftovers
|-heal|p1a: Klefki|113\/317|[from] item: Leftovers
|turn|24
|
|move|p1a: Klefki|Spikes|p2a: Rotom-Wash
|-sidestart|p2: Okita Souji|Spikes
|move|p2a: Rotom-Wash|Hydro Pump|p1a: Klefki
|-damage|p1a: Klefki|1\/317
|
|-heal|p2a: Rotom-Wash|157\/304|[from] item: Leftovers
|-heal|p1a: Klefki|20\/317|[from] item: Leftovers
|turn|25
|
|move|p1a: Klefki|Thunder Wave|p2a: Rotom-Wash
|-fail|p2a: Rotom-Wash
|move|p2a: Rotom-Wash|Hidden Power|p1a: Klefki
|-supereffective|p1a: Klefki
|-damage|p1a: Klefki|0 fnt
|faint|p1a: Klefki
|
|-heal|p2a: Rotom-Wash|176\/304|[from] item: Leftovers
|
|switch|p1a: Sceptile|Sceptile-Mega, F|164\/281
|turn|26
|
|move|p1a: Sceptile|Dragon Pulse|p2a: Rotom-Wash
|-damage|p2a: Rotom-Wash|28\/304
|move|p2a: Rotom-Wash|Will-O-Wisp|p1a: Sceptile
|-status|p1a: Sceptile|brn
|
|-heal|p2a: Rotom-Wash|47\/304|[from] item: Leftovers
|-damage|p1a: Sceptile|129\/281 brn|[from] brn
|turn|27
|
|move|p1a: Sceptile|Dragon Pulse|p2a: Rotom-Wash
|-damage|p2a: Rotom-Wash|0 fnt
|faint|p2a: Rotom-Wash
|
|-damage|p1a: Sceptile|94\/281 brn|[from] brn
|
|switch|p2a: Scizor|Scizor, M|344\/344
|-damage|p2a: Scizor|258\/344|[from] Spikes
|turn|28
|
|move|p2a: Scizor|Bullet Punch|p1a: Sceptile
|-damage|p1a: Sceptile|0 fnt
|faint|p1a: Sceptile
|
|c|âOkita Souji|gg
|c|âHorsea Whisperer|gg
|c|âOkita Souji|wp
|
|switch|p1a: Azumarill|Azumarill, M|363\/363
|turn|29
|
|move|p1a: Azumarill|Aqua Jet|p2a: Scizor
|-damage|p2a: Scizor|120\/344
|move|p2a: Scizor|Bullet Punch|p1a: Azumarill
|-damage|p1a: Azumarill|153\/363
|
|turn|30
|c|âOkita Souji|oh...
|c|âOkita Souji|choice band..
|c|âHorsea Whisperer|yeah
|
|move|p1a: Azumarill|Aqua Jet|p2a: Scizor
|-damage|p2a: Scizor|0 fnt
|faint|p2a: Scizor
|
|
|switch|p2a: Lopunny|Lopunny-Mega, F, shiny|223\/271 tox
|-damage|p2a: Lopunny|156\/271 tox|[from] Spikes
|turn|31
|c|âOkita Souji|nice set here...
|
|move|p1a: Azumarill|Aqua Jet|p2a: Lopunny
|-damage|p2a: Lopunny|15\/271 tox
|move|p2a: Lopunny|Return|p1a: Azumarill
|-damage|p1a: Azumarill|0 fnt
|faint|p1a: Azumarill
|
|win|Okita Souji
|raw|Ladder updating...
|raw|Horsea Whisperer's rating: 1548 &rarr; <strong>1529<\/strong><br \/>(-19 for losing)
|raw|Okita Souji's rating: 1560 &rarr; <strong>1580<\/strong><br \/>(+20 for winning)
|leave|Horsea Whisperer
|player|p1
|leave|xiongzhuxiongmao