|join|Horsea Whisperer
|join|Albyness
|player|p1|Horsea Whisperer|2
|player|p2|Albyness|44
|gametype|singles
|gen|6
|tier|OU (suspect test)
|rated
|clearpoke
|poke|p1|Latios, M
|poke|p1|Landorus-Therian, M
|poke|p1|Bisharp, M
|poke|p1|Azumarill, F
|poke|p1|Heatran, M
|poke|p1|Rotom-Wash
|poke|p2|Scizor, M
|poke|p2|Thundurus, M
|poke|p2|Hippowdon, F
|poke|p2|Manaphy
|poke|p2|Keldeo
|poke|p2|Latias, F
|rule|Swagger Clause: Swagger is banned
|rule|Baton Pass Clause: Limit one PokÃ©mon knowing Baton Pass
|rule|Sleep Clause Mod: Limit one foe put to sleep
|rule|Species Clause: Limit one of each PokÃ©mon
|rule|OHKO Clause: OHKO moves are banned
|rule|Moody Clause: Moody is banned
|rule|Evasion Moves Clause: Evasion moves are banned
|rule|Endless Battle Clause: Forcing endless battles is banned
|rule|HP Percentage Mod: HP is shown in percentages
|teampreview
|c|âHorsea Whisperer|hf
|
|start
|switch|p1a: Landorus-Therian|Landorus-Therian, M|319\/319
|switch|p2a: Hippowdon|Hippowdon, F|420\/420
|-ability|p1a: Landorus-Therian|Intimidate|[of] p2a: Hippowdon
|-unboost|p2a: Hippowdon|atk|1
|-weather|Sandstorm
|turn|1
|
|move|p1a: Landorus-Therian|U-turn|p2a: Hippowdon
|-damage|p2a: Hippowdon|346\/420
|
|switch|p1a: Rotom-Wash|Rotom-Wash|303\/303
|move|p2a: Hippowdon|Stealth Rock|p1a: Rotom-Wash
|-sidestart|p1: Horsea Whisperer|move: Stealth Rock
|
|-weather|Sandstorm|[upkeep]
|-damage|p1a: Rotom-Wash|285\/303|[from] sandstorm
|-heal|p1a: Rotom-Wash|303\/303|[from] item: Leftovers
|-heal|p2a: Hippowdon|372\/420|[from] item: Leftovers
|turn|2
|
|switch|p2a: Latias|Latias, F|301\/301
|move|p1a: Rotom-Wash|Will-O-Wisp|p2a: Latias
|-status|p2a: Latias|brn
|
|-weather|Sandstorm|[upkeep]
|-damage|p2a: Latias|283\/301 brn|[from] sandstorm
|-damage|p1a: Rotom-Wash|285\/303|[from] sandstorm
|-heal|p1a: Rotom-Wash|303\/303|[from] item: Leftovers
|-damage|p2a: Latias|246\/301 brn|[from] brn
|turn|3
|
|switch|p1a: Heatran|Heatran, M|386\/386
|-damage|p1a: Heatran|338\/386|[from] Stealth Rock
|move|p2a: Latias|Draco Meteor|p1a: Heatran
|-resisted|p1a: Heatran
|-damage|p1a: Heatran|252\/386
|-unboost|p2a: Latias|spa|2
|-damage|p2a: Latias|216\/301 brn|[from] item: Life Orb
|
|-weather|Sandstorm|[upkeep]
|-damage|p2a: Latias|198\/301 brn|[from] sandstorm
|-heal|p1a: Heatran|276\/386|[from] item: Leftovers
|-damage|p2a: Latias|161\/301 brn|[from] brn
|turn|4
|
|switch|p2a: Keldeo|Keldeo|323\/323
|move|p1a: Heatran|Stealth Rock|p2a: Keldeo
|-sidestart|p2: Albyness|move: Stealth Rock
|
|-weather|Sandstorm|[upkeep]
|-damage|p2a: Keldeo|303\/323|[from] sandstorm
|-heal|p1a: Heatran|300\/386|[from] item: Leftovers
|turn|5
|join|Gizmo
|
|switch|p1a: Latios|Latios, M|301\/301
|-damage|p1a: Latios|264\/301|[from] Stealth Rock
|move|p2a: Keldeo|Scald|p1a: Latios
|-resisted|p1a: Latios
|-damage|p1a: Latios|194\/301
|
|-weather|none
|turn|6
|
|switch|p2a: Hippowdon|Hippowdon, F|372\/420
|-damage|p2a: Hippowdon|346\/420|[from] Stealth Rock
|-weather|Sandstorm
|detailschange|p1a: Latios|Latios-Mega, M
|-mega|p1a: Latios|Latios|Latiosite
|move|p1a: Latios|Draco Meteor|p2a: Hippowdon
|-damage|p2a: Hippowdon|105\/420
|-unboost|p1a: Latios|spa|2
|
|-weather|Sandstorm|[upkeep]
|-damage|p1a: Latios|176\/301|[from] sandstorm
|-heal|p2a: Hippowdon|131\/420|[from] item: Leftovers
|turn|7
|
|switch|p1a: Rotom-Wash|Rotom-Wash|303\/303
|-damage|p1a: Rotom-Wash|266\/303|[from] Stealth Rock
|move|p2a: Hippowdon|Slack Off|p2a: Hippowdon
|-heal|p2a: Hippowdon|341\/420
|
|-weather|Sandstorm|[upkeep]
|-damage|p1a: Rotom-Wash|248\/303|[from] sandstorm
|-heal|p1a: Rotom-Wash|266\/303|[from] item: Leftovers
|-heal|p2a: Hippowdon|367\/420|[from] item: Leftovers
|turn|8
|
|move|p1a: Rotom-Wash|Volt Switch|p2a: Hippowdon
|-immune|p2a: Hippowdon|[msg]
|move|p2a: Hippowdon|Whirlwind|p1a: Rotom-Wash
|drag|p1a: Heatran|Heatran, M|300\/386
|-damage|p1a: Heatran|252\/386|[from] Stealth Rock
|
|-weather|Sandstorm|[upkeep]
|-heal|p1a: Heatran|276\/386|[from] item: Leftovers
|-heal|p2a: Hippowdon|393\/420|[from] item: Leftovers
|turn|9
|
|switch|p1a: Landorus-Therian|Landorus-Therian, M|319\/319
|-damage|p1a: Landorus-Therian|280\/319|[from] Stealth Rock
|-ability|p1a: Landorus-Therian|Intimidate|[of] p2a: Hippowdon
|-unboost|p2a: Hippowdon|atk|1
|move|p2a: Hippowdon|Earthquake|p1a: Landorus-Therian
|-immune|p1a: Landorus-Therian|[msg]
|
|-weather|Sandstorm|[upkeep]
|-heal|p2a: Hippowdon|419\/420|[from] item: Leftovers
|turn|10
|
|move|p1a: Landorus-Therian|Earthquake|p2a: Hippowdon
|-damage|p2a: Hippowdon|275\/420
|move|p2a: Hippowdon|Whirlwind|p1a: Landorus-Therian
|drag|p1a: Bisharp|Bisharp, M|272\/272
|-damage|p1a: Bisharp|255\/272|[from] Stealth Rock
|
|-weather|none
|-heal|p2a: Hippowdon|301\/420|[from] item: Leftovers
|turn|11
|
|switch|p1a: Rotom-Wash|Rotom-Wash|266\/303
|-damage|p1a: Rotom-Wash|229\/303|[from] Stealth Rock
|move|p2a: Hippowdon|Earthquake|p1a: Rotom-Wash
|-immune|p1a: Rotom-Wash|[msg]
|
|-heal|p1a: Rotom-Wash|247\/303|[from] item: Leftovers
|-heal|p2a: Hippowdon|327\/420|[from] item: Leftovers
|turn|12
|
|switch|p2a: Latias|Latias, F|161\/301 brn
|-damage|p2a: Latias|124\/301 brn|[from] Stealth Rock
|move|p1a: Rotom-Wash|Hydro Pump|p2a: Latias|[miss]
|-miss|p1a: Rotom-Wash|p2a: Latias
|
|-heal|p1a: Rotom-Wash|265\/303|[from] item: Leftovers
|-damage|p2a: Latias|87\/301 brn|[from] brn
|turn|13
|
|switch|p1a: Heatran|Heatran, M|276\/386
|-damage|p1a: Heatran|228\/386|[from] Stealth Rock
|move|p2a: Latias|Psyshock|p1a: Heatran
|-resisted|p1a: Heatran
|-damage|p1a: Heatran|151\/386
|-damage|p2a: Latias|57\/301 brn|[from] item: Life Orb
|
|-heal|p1a: Heatran|175\/386|[from] item: Leftovers
|-damage|p2a: Latias|20\/301 brn|[from] brn
|turn|14
|
|move|p2a: Latias|Psyshock|p1a: Heatran
|-resisted|p1a: Heatran
|-damage|p1a: Heatran|89\/386
|-damage|p2a: Latias|0 fnt|[from] item: Life Orb
|faint|p2a: Latias
|move|p1a: Heatran|Toxic|p2: Latias|[notarget]
|-notarget
|
|-heal|p1a: Heatran|113\/386|[from] item: Leftovers
|
|switch|p2a: Thundurus|Thundurus, M|299\/299
|-damage|p2a: Thundurus|225\/299|[from] Stealth Rock
|turn|15
|
|move|p2a: Thundurus|Substitute|p2a: Thundurus
|-start|p2a: Thundurus|Substitute
|-damage|p2a: Thundurus|151\/299
|move|p1a: Heatran|Toxic|p2a: Thundurus
|
|-heal|p2a: Thundurus|169\/299|[from] item: Leftovers
|-heal|p1a: Heatran|137\/386|[from] item: Leftovers
|turn|16
|
|move|p2a: Thundurus|Thunderbolt|p1a: Heatran
|-crit|p1a: Heatran
|-damage|p1a: Heatran|0 fnt
|faint|p1a: Heatran
|
|-heal|p2a: Thundurus|187\/299|[from] item: Leftovers
|
|switch|p1a: Landorus-Therian|Landorus-Therian, M|280\/319
|-damage|p1a: Landorus-Therian|241\/319|[from] Stealth Rock
|-activate|p2a: Thundurus|Substitute|ability: Intimidate|[of] p1a: Landorus-Therian
|turn|17
|
|move|p1a: Landorus-Therian|Stone Edge|p2a: Thundurus
|-supereffective|p2a: Thundurus
|-end|p2a: Thundurus|Substitute
|move|p2a: Thundurus|Hidden Power|p1a: Landorus-Therian
|-supereffective|p1a: Landorus-Therian
|-damage|p1a: Landorus-Therian|0 fnt
|faint|p1a: Landorus-Therian
|
|-heal|p2a: Thundurus|205\/299|[from] item: Leftovers
|
|switch|p1a: Rotom-Wash|Rotom-Wash|265\/303
|-damage|p1a: Rotom-Wash|228\/303|[from] Stealth Rock
|turn|18
|c| Gizmo|albyness
|
|move|p2a: Thundurus|Thunderbolt|p1a: Rotom-Wash
|-damage|p1a: Rotom-Wash|75\/303
|move|p1a: Rotom-Wash|Hydro Pump|p2a: Thundurus
|-damage|p2a: Thundurus|55\/299
|
|-heal|p2a: Thundurus|73\/299|[from] item: Leftovers
|-heal|p1a: Rotom-Wash|93\/303|[from] item: Leftovers
|turn|19
|c|âAlbyness|hi
|c| Gizmo|did you give zamrock a team with a defog draco nite
|c| Gizmo|O_o
|
|move|p2a: Thundurus|Thunderbolt|p1a: Rotom-Wash
|-damage|p1a: Rotom-Wash|0 fnt
|faint|p1a: Rotom-Wash
|
|-heal|p2a: Thundurus|91\/299|[from] item: Leftovers
|c|âAlbyness|yea lol
|c|âAlbyness|with a few more innovative sets
|c| Gizmo|yeah
|
|switch|p1a: Azumarill|Azumarill, F|363\/363
|-damage|p1a: Azumarill|318\/363|[from] Stealth Rock
|turn|20
|c| Gizmo|the sharp
|c| Gizmo|tooo
|c| Gizmo|it was weird
|
|move|p2a: Thundurus|Thunder Wave|p1a: Azumarill
|-status|p1a: Azumarill|par
|cant|p1a: Azumarill|par
|
|-heal|p2a: Thundurus|109\/299|[from] item: Leftovers
|turn|21
|
|move|p2a: Thundurus|Substitute|p2a: Thundurus
|-start|p2a: Thundurus|Substitute
|-damage|p2a: Thundurus|35\/299
|move|p1a: Azumarill|Aqua Jet|p2a: Thundurus
|-end|p2a: Thundurus|Substitute
|
|-heal|p2a: Thundurus|53\/299|[from] item: Leftovers
|turn|22
|c|âAlbyness|with this thundy set
|c|âAlbyness|iirc
|
|move|p1a: Azumarill|Aqua Jet|p2a: Thundurus
|-damage|p2a: Thundurus|0 fnt
|faint|p2a: Thundurus
|
|
|switch|p2a: Scizor|Scizor, M|307\/307
|-damage|p2a: Scizor|269\/307|[from] Stealth Rock
|turn|23
|
|detailschange|p2a: Scizor|Scizor-Mega, M
|-mega|p2a: Scizor|Scizor|Scizorite
|move|p1a: Azumarill|Aqua Jet|p2a: Scizor
|-damage|p2a: Scizor|178\/307
|move|p2a: Scizor|Swords Dance|p2a: Scizor
|-boost|p2a: Scizor|atk|2
|
|turn|24
|c|âAlbyness|banded
|
|move|p1a: Azumarill|Aqua Jet|p2a: Scizor
|-damage|p2a: Scizor|82\/307
|move|p2a: Scizor|Roost|p2a: Scizor
|-heal|p2a: Scizor|236\/307
|
|turn|25
|c|âHorsea Whisperer|yeah, that's game
|
|move|p1a: Azumarill|Aqua Jet|p2a: Scizor
|-damage|p2a: Scizor|131\/307
|move|p2a: Scizor|Roost|p2a: Scizor
|-heal|p2a: Scizor|285\/307
|
|turn|26
|
|move|p1a: Azumarill|Aqua Jet|p2a: Scizor
|-damage|p2a: Scizor|182\/307
|move|p2a: Scizor|Roost|p2a: Scizor
|-heal|p2a: Scizor|307\/307
|
|turn|27
|
|cant|p1a: Azumarill|par
|move|p2a: Scizor|Swords Dance|p2a: Scizor
|-boost|p2a: Scizor|atk|2
|
|turn|28
|
|move|p2a: Scizor|Bullet Punch|p1a: Azumarill
|-damage|p1a: Azumarill|0 fnt
|faint|p1a: Azumarill
|
|
|switch|p1a: Bisharp|Bisharp, M|255\/272
|-damage|p1a: Bisharp|238\/272|[from] Stealth Rock
|turn|29
|
|move|p1a: Bisharp|Sucker Punch|p2a: Scizor
|-damage|p2a: Scizor|171\/307
|-damage|p1a: Bisharp|211\/272|[from] item: Life Orb
|move|p2a: Scizor|Superpower|p1a: Bisharp
|-supereffective|p1a: Bisharp
|-damage|p1a: Bisharp|0 fnt
|-unboost|p2a: Scizor|atk|1
|-unboost|p2a: Scizor|def|1
|faint|p1a: Bisharp
|
|
|switch|p1a: Latios|Latios-Mega, M|176\/301
|-damage|p1a: Latios|139\/301|[from] Stealth Rock
|turn|30
|c|âAlbyness|gg
|c|âHorsea Whisperer|gg
|
|move|p2a: Scizor|Bullet Punch|p1a: Latios
|-damage|p1a: Latios|0 fnt
|faint|p1a: Latios
|
|win|Albyness
|raw|Ladder updating...