|join|Luisinho fuleiro
|join|Horsea Whisperer
|player|p1|Luisinho fuleiro|256
|player|p2|Horsea Whisperer|2
|gametype|singles
|gen|6
|tier|OU (suspect test)
|rated
|clearpoke
|poke|p1|Landorus-Therian, M
|poke|p1|Quagsire, F
|poke|p1|Skarmory, M
|poke|p1|Heatran, F
|poke|p1|Sylveon, M
|poke|p1|Venusaur, F
|poke|p2|Latios, M
|poke|p2|Azumarill, M
|poke|p2|Rotom-Wash
|poke|p2|Landorus-Therian, M
|poke|p2|Bisharp, F
|poke|p2|Heatran, M
|rule|Swagger Clause: Swagger is banned
|rule|Baton Pass Clause: Limit one PokÃ©mon knowing Baton Pass
|rule|Sleep Clause Mod: Limit one foe put to sleep
|rule|Species Clause: Limit one of each PokÃ©mon
|rule|OHKO Clause: OHKO moves are banned
|rule|Moody Clause: Moody is banned
|rule|Evasion Moves Clause: Evasion moves are banned
|rule|Endless Battle Clause: Forcing endless battles is banned
|rule|HP Percentage Mod: HP is shown in percentages
|teampreview
|
|start
|switch|p1a: Landorus-Therian|Landorus-Therian, M|319\/319
|switch|p2a: Rotom-Wash|Rotom-Wash|303\/303
|-ability|p1a: Landorus-Therian|Intimidate|[of] p2a: Rotom-Wash
|-unboost|p2a: Rotom-Wash|atk|1
|turn|1
|
|move|p1a: Landorus-Therian|U-turn|p2a: Rotom-Wash
|-damage|p2a: Rotom-Wash|238\/303
|
|switch|p1a: Sylveon|Sylveon, M|394\/394
|move|p2a: Rotom-Wash|Will-O-Wisp|p1a: Sylveon
|-status|p1a: Sylveon|brn
|
|-heal|p2a: Rotom-Wash|256\/303|[from] item: Leftovers
|-damage|p1a: Sylveon|345\/394 brn|[from] brn
|turn|2
|
|move|p2a: Rotom-Wash|Volt Switch|p1a: Sylveon
|-damage|p1a: Sylveon|290\/394 brn
|
|switch|p2a: Heatran|Heatran, M|385\/385
|move|p1a: Sylveon|Wish|p1a: Sylveon
|
|-heal|p1a: Sylveon|314\/394 brn|[from] item: Leftovers
|-damage|p1a: Sylveon|265\/394 brn|[from] brn
|turn|3
|
|move|p2a: Heatran|Stealth Rock|p1a: Sylveon
|-sidestart|p1: Luisinho fuleiro|move: Stealth Rock
|move|p1a: Sylveon|Heal Bell|p1a: Sylveon
|-cureteam|p1a: Sylveon|[from] move: HealBell
|
|-heal|p1a: Sylveon|394\/394|[from] move: Wish|[wisher] Sylveon
|turn|4
|
|switch|p1a: Quagsire|Quagsire, F|394\/394
|-damage|p1a: Quagsire|370\/394|[from] Stealth Rock
|move|p2a: Heatran|Toxic|p1a: Quagsire
|-status|p1a: Quagsire|tox
|
|-heal|p1a: Quagsire|394\/394 tox|[from] item: Leftovers
|-damage|p1a: Quagsire|370\/394 tox|[from] psn
|turn|5
|
|switch|p2a: Latios|Latios, M|301\/301
|move|p1a: Quagsire|Scald|p2a: Latios
|-resisted|p2a: Latios
|-damage|p2a: Latios|270\/301
|-status|p2a: Latios|brn
|
|-heal|p1a: Quagsire|394\/394 tox|[from] item: Leftovers
|-damage|p2a: Latios|233\/301 brn|[from] brn
|-damage|p1a: Quagsire|346\/394 tox|[from] psn
|turn|6
|
|switch|p1a: Heatran|Heatran, F|386\/386
|-damage|p1a: Heatran|338\/386|[from] Stealth Rock
|detailschange|p2a: Latios|Latios-Mega, M
|-mega|p2a: Latios|Latios|Latiosite
|move|p2a: Latios|Psyshock|p1a: Heatran
|-resisted|p1a: Heatran
|-damage|p1a: Heatran|261\/386
|
|-heal|p1a: Heatran|285\/386|[from] item: Leftovers
|-damage|p2a: Latios|196\/301 brn|[from] brn
|turn|7
|
|move|p2a: Latios|Earthquake|p1a: Heatran
|-supereffective|p1a: Heatran
|-damage|p1a: Heatran|109\/386
|move|p1a: Heatran|Lava Plume|p2a: Latios
|-resisted|p2a: Latios
|-damage|p2a: Latios|149\/301 brn
|
|-heal|p1a: Heatran|133\/386|[from] item: Leftovers
|-damage|p2a: Latios|112\/301 brn|[from] brn
|turn|8
|
|move|p1a: Heatran|Protect|p1a: Heatran
|-singleturn|p1a: Heatran|Protect
|move|p2a: Latios|Roost|p2a: Latios
|-heal|p2a: Latios|263\/301 brn
|
|-heal|p1a: Heatran|157\/386|[from] item: Leftovers
|-damage|p2a: Latios|226\/301 brn|[from] brn
|turn|9
|
|switch|p1a: Skarmory|Skarmory, M|333\/333
|-damage|p1a: Skarmory|292\/333|[from] Stealth Rock
|move|p2a: Latios|Earthquake|p1a: Skarmory
|-immune|p1a: Skarmory|[msg]
|
|-damage|p2a: Latios|189\/301 brn|[from] brn
|turn|10
|
|switch|p2a: Heatran|Heatran, M|385\/385
|move|p1a: Skarmory|Defog|p2a: Heatran
|-unboost|p2a: Heatran|evasion|1
|-sideend|p1: Luisinho fuleiro|Stealth Rock|[from] move: Defog|[of] p1a: Skarmory
|
|turn|11
|
|switch|p1a: Sylveon|Sylveon, M|394\/394
|move|p2a: Heatran|Stealth Rock|p1a: Sylveon
|-sidestart|p1: Luisinho fuleiro|move: Stealth Rock
|
|turn|12
|
|move|p2a: Heatran|Lava Plume|p1a: Sylveon
|-damage|p1a: Sylveon|322\/394
|move|p1a: Sylveon|Heal Bell|p1a: Sylveon
|-cureteam|p1a: Sylveon|[from] move: HealBell
|
|-heal|p1a: Sylveon|346\/394|[from] item: Leftovers
|turn|13
|
|move|p2a: Heatran|Toxic|p1a: Sylveon
|-status|p1a: Sylveon|tox
|move|p1a: Sylveon|Wish|p1a: Sylveon
|
|-heal|p1a: Sylveon|370\/394 tox|[from] item: Leftovers
|-damage|p1a: Sylveon|346\/394 tox|[from] psn
|turn|14
|
|switch|p1a: Quagsire|Quagsire, F|346\/394
|-damage|p1a: Quagsire|322\/394|[from] Stealth Rock
|move|p2a: Heatran|Roar|p1a: Quagsire
|drag|p1a: Heatran|Heatran, F|157\/386
|-damage|p1a: Heatran|109\/386|[from] Stealth Rock
|
|-heal|p1a: Heatran|306\/386|[from] move: Wish|[wisher] Sylveon
|-heal|p1a: Heatran|330\/386|[from] item: Leftovers
|turn|15
|
|switch|p2a: Latios|Latios-Mega, M|189\/301 brn
|move|p1a: Heatran|Protect|p1a: Heatran
|-fail|p1a: Heatran
|
|-heal|p1a: Heatran|354\/386|[from] item: Leftovers
|-damage|p2a: Latios|152\/301 brn|[from] brn
|turn|16
|
|move|p2a: Latios|Roost|p2a: Latios
|-heal|p2a: Latios|301\/301 brn
|move|p1a: Heatran|Stealth Rock|p2a: Latios
|-sidestart|p2: Horsea Whisperer|move: Stealth Rock
|
|-heal|p1a: Heatran|378\/386|[from] item: Leftovers
|-damage|p2a: Latios|264\/301 brn|[from] brn
|turn|17
|
|switch|p1a: Landorus-Therian|Landorus-Therian, M|319\/319
|-damage|p1a: Landorus-Therian|280\/319|[from] Stealth Rock
|-ability|p1a: Landorus-Therian|Intimidate|[of] p2a: Latios
|-unboost|p2a: Latios|atk|1
|move|p2a: Latios|Draco Meteor|p1a: Landorus-Therian
|-damage|p1a: Landorus-Therian|0 fnt
|-unboost|p2a: Latios|spa|2
|faint|p1a: Landorus-Therian
|
|-damage|p2a: Latios|227\/301 brn|[from] brn
|c|âLuisinho fuleiro|?
|c|âLuisinho fuleiro|no defog?
|
|switch|p1a: Heatran|Heatran, F|378\/386
|-damage|p1a: Heatran|330\/386|[from] Stealth Rock
|turn|18
|
|move|p2a: Latios|Earthquake|p1a: Heatran
|-supereffective|p1a: Heatran
|-damage|p1a: Heatran|198\/386
|move|p1a: Heatran|Roar|p2a: Latios
|drag|p2a: Rotom-Wash|Rotom-Wash|256\/303
|-damage|p2a: Rotom-Wash|219\/303|[from] Stealth Rock
|
|-heal|p2a: Rotom-Wash|237\/303|[from] item: Leftovers
|-heal|p1a: Heatran|222\/386|[from] item: Leftovers
|turn|19
|
|move|p1a: Heatran|Protect|p1a: Heatran
|-singleturn|p1a: Heatran|Protect
|move|p2a: Rotom-Wash|Volt Switch|p1a: Heatran
|-activate|p1a: Heatran|Protect
|
|-heal|p2a: Rotom-Wash|255\/303|[from] item: Leftovers
|-heal|p1a: Heatran|246\/386|[from] item: Leftovers
|turn|20
|
|switch|p1a: Venusaur|Venusaur, F|363\/363
|-damage|p1a: Venusaur|318\/363|[from] Stealth Rock
|move|p2a: Rotom-Wash|Will-O-Wisp|p1a: Venusaur
|-status|p1a: Venusaur|brn
|
|-heal|p2a: Rotom-Wash|273\/303|[from] item: Leftovers
|-damage|p1a: Venusaur|273\/363 brn|[from] brn
|turn|21
|
|detailschange|p1a: Venusaur|Venusaur-Mega, F
|-mega|p1a: Venusaur|Venusaur|Venusaurite
|move|p2a: Rotom-Wash|Volt Switch|p1a: Venusaur
|-resisted|p1a: Venusaur
|-damage|p1a: Venusaur|237\/363 brn
|
|switch|p2a: Heatran|Heatran, M|385\/385
|-damage|p2a: Heatran|337\/385|[from] Stealth Rock
|move|p1a: Venusaur|Sludge Bomb|p2a: Heatran
|-immune|p2a: Heatran|[msg]
|
|-heal|p2a: Heatran|361\/385|[from] item: Leftovers
|-damage|p1a: Venusaur|192\/363 brn|[from] brn
|turn|22
|
|move|p2a: Heatran|Lava Plume|p1a: Venusaur
|-supereffective|p1a: Venusaur
|-damage|p1a: Venusaur|94\/363 brn
|move|p1a: Venusaur|Synthesis|p1a: Venusaur
|-heal|p1a: Venusaur|275\/363 brn
|
|-heal|p2a: Heatran|385\/385|[from] item: Leftovers
|-damage|p1a: Venusaur|230\/363 brn|[from] brn
|turn|23
|
|switch|p2a: Latios|Latios-Mega, M|227\/301 brn
|-damage|p2a: Latios|190\/301 brn|[from] Stealth Rock
|move|p1a: Venusaur|Leech Seed|p2a: Latios
|-start|p2a: Latios|move: Leech Seed
|
|-damage|p2a: Latios|153\/301 brn|[from] Leech Seed|[of] p1a: Venusaur
|-heal|p1a: Venusaur|267\/363 brn|[silent]
|-damage|p2a: Latios|116\/301 brn|[from] brn
|-damage|p1a: Venusaur|222\/363 brn|[from] brn
|turn|24
|
|move|p2a: Latios|Roost|p2a: Latios
|-heal|p2a: Latios|267\/301 brn
|move|p1a: Venusaur|Sludge Bomb|p2a: Latios
|-damage|p2a: Latios|167\/301 brn
|
|-damage|p2a: Latios|130\/301 brn|[from] Leech Seed|[of] p1a: Venusaur
|-heal|p1a: Venusaur|259\/363 brn|[silent]
|-damage|p2a: Latios|93\/301 brn|[from] brn
|-damage|p1a: Venusaur|214\/363 brn|[from] brn
|turn|25
|
|switch|p2a: Bisharp|Bisharp, F|272\/272
|-damage|p2a: Bisharp|255\/272|[from] Stealth Rock
|switch|p1a: Skarmory|Skarmory, M|292\/333
|-damage|p1a: Skarmory|251\/333|[from] Stealth Rock
|
|turn|26
|
|move|p2a: Bisharp|Knock Off|p1a: Skarmory
|-crit|p1a: Skarmory
|-damage|p1a: Skarmory|56\/333
|-enditem|p1a: Skarmory|Shed Shell|[from] move: Knock Off|[of] p2a: Bisharp
|-damage|p2a: Bisharp|228\/272|[from] item: Life Orb
|move|p1a: Skarmory|Spikes|p2a: Bisharp
|-sidestart|p2: Horsea Whisperer|Spikes
|
|turn|27
|c|âLuisinho fuleiro|a.a
|
|move|p2a: Bisharp|Swords Dance|p2a: Bisharp
|-boost|p2a: Bisharp|atk|2
|move|p1a: Skarmory|Roost|p1a: Skarmory
|-heal|p1a: Skarmory|223\/333
|
|turn|28
|c|âLuisinho fuleiro|critico
|
|move|p2a: Bisharp|Knock Off|p1a: Skarmory
|-damage|p1a: Skarmory|48\/333
|-damage|p2a: Bisharp|201\/272|[from] item: Life Orb
|move|p1a: Skarmory|Roost|p1a: Skarmory
|-heal|p1a: Skarmory|215\/333
|
|turn|29
|
|move|p2a: Bisharp|Iron Head|p1a: Skarmory
|-crit|p1a: Skarmory
|-resisted|p1a: Skarmory
|-damage|p1a: Skarmory|37\/333
|-damage|p2a: Bisharp|174\/272|[from] item: Life Orb
|move|p1a: Skarmory|Roost|p1a: Skarmory
|-heal|p1a: Skarmory|204\/333
|
|turn|30
|
|move|p2a: Bisharp|Swords Dance|p2a: Bisharp
|-boost|p2a: Bisharp|atk|2
|move|p1a: Skarmory|Roost|p1a: Skarmory
|-heal|p1a: Skarmory|333\/333
|
|turn|31
|
|move|p2a: Bisharp|Iron Head|p1a: Skarmory
|-resisted|p1a: Skarmory
|-damage|p1a: Skarmory|155\/333
|-damage|p2a: Bisharp|147\/272|[from] item: Life Orb
|move|p1a: Skarmory|Whirlwind|p2a: Bisharp
|drag|p2a: Heatran|Heatran, M|385\/385
|-damage|p2a: Heatran|337\/385|[from] Spikes
|-damage|p2a: Heatran|289\/385|[from] Stealth Rock
|
|-heal|p2a: Heatran|313\/385|[from] item: Leftovers
|turn|32
|
|switch|p1a: Quagsire|Quagsire, F|322\/394
|-damage|p1a: Quagsire|298\/394|[from] Stealth Rock
|move|p2a: Heatran|Roar|p1a: Quagsire
|drag|p1a: Sylveon|Sylveon, M|346\/394 tox
|-damage|p1a: Sylveon|297\/394 tox|[from] Stealth Rock
|
|-heal|p2a: Heatran|337\/385|[from] item: Leftovers
|-heal|p1a: Sylveon|321\/394 tox|[from] item: Leftovers
|-damage|p1a: Sylveon|297\/394 tox|[from] psn
|turn|33
|
|switch|p2a: Bisharp|Bisharp, F|147\/272
|-damage|p2a: Bisharp|113\/272|[from] Spikes
|-damage|p2a: Bisharp|96\/272|[from] Stealth Rock
|move|p1a: Sylveon|Wish|p1a: Sylveon
|
|-heal|p1a: Sylveon|321\/394 tox|[from] item: Leftovers
|-damage|p1a: Sylveon|273\/394 tox|[from] psn
|turn|34
|
|switch|p1a: Quagsire|Quagsire, F|298\/394
|-damage|p1a: Quagsire|274\/394|[from] Stealth Rock
|move|p2a: Bisharp|Knock Off|p1a: Quagsire
|-damage|p1a: Quagsire|75\/394
|-enditem|p1a: Quagsire|Leftovers|[from] move: Knock Off|[of] p2a: Bisharp
|-damage|p2a: Bisharp|69\/272|[from] item: Life Orb
|
|-heal|p1a: Quagsire|272\/394|[from] move: Wish|[wisher] Sylveon
|turn|35
|
|move|p2a: Bisharp|Iron Head|p1a: Quagsire
|-resisted|p1a: Quagsire
|-damage|p1a: Quagsire|186\/394
|-damage|p2a: Bisharp|42\/272|[from] item: Life Orb
|move|p1a: Quagsire|Recover|p1a: Quagsire
|-heal|p1a: Quagsire|383\/394
|
|turn|36
|
|move|p2a: Bisharp|Sucker Punch|p1a: Quagsire
|-fail|p1a: Quagsire
|move|p1a: Quagsire|Recover|p1a: Quagsire
|-heal|p1a: Quagsire|394\/394
|
|turn|37
|
|move|p2a: Bisharp|Sucker Punch|p1a: Quagsire
|-damage|p1a: Quagsire|225\/394
|-damage|p2a: Bisharp|15\/272|[from] item: Life Orb
|move|p1a: Quagsire|Scald|p2a: Bisharp
|-crit|p2a: Bisharp
|-damage|p2a: Bisharp|0 fnt
|faint|p2a: Bisharp
|
|
|switch|p2a: Latios|Latios-Mega, M|93\/301 brn
|-damage|p2a: Latios|56\/301 brn|[from] Stealth Rock
|turn|38
|
|switch|p1a: Heatran|Heatran, F|246\/386
|-damage|p1a: Heatran|198\/386|[from] Stealth Rock
|move|p2a: Latios|Draco Meteor|p1a: Heatran
|-resisted|p1a: Heatran
|-damage|p1a: Heatran|101\/386
|-unboost|p2a: Latios|spa|2
|
|-heal|p1a: Heatran|125\/386|[from] item: Leftovers
|-damage|p2a: Latios|19\/301 brn|[from] brn
|turn|39
|
|move|p2a: Latios|Roost|p2a: Latios
|-heal|p2a: Latios|170\/301 brn
|move|p1a: Heatran|Lava Plume|p2a: Latios
|-resisted|p2a: Latios
|-damage|p2a: Latios|117\/301 brn
|
|-heal|p1a: Heatran|149\/386|[from] item: Leftovers
|-damage|p2a: Latios|80\/301 brn|[from] brn
|turn|40
|
|move|p1a: Heatran|Protect|p1a: Heatran
|-singleturn|p1a: Heatran|Protect
|move|p2a: Latios|Roost|p2a: Latios
|-heal|p2a: Latios|231\/301 brn
|
|-heal|p1a: Heatran|173\/386|[from] item: Leftovers
|-damage|p2a: Latios|194\/301 brn|[from] brn
|turn|41
|
|move|p2a: Latios|Roost|p2a: Latios
|-heal|p2a: Latios|301\/301 brn
|move|p1a: Heatran|Lava Plume|p2a: Latios
|-resisted|p2a: Latios
|-damage|p2a: Latios|253\/301 brn
|
|-heal|p1a: Heatran|197\/386|[from] item: Leftovers
|-damage|p2a: Latios|216\/301 brn|[from] brn
|turn|42
|
|move|p1a: Heatran|Protect|p1a: Heatran
|-singleturn|p1a: Heatran|Protect
|move|p2a: Latios|Earthquake|p1a: Heatran
|-activate|p1a: Heatran|Protect
|
|-heal|p1a: Heatran|221\/386|[from] item: Leftovers
|-damage|p2a: Latios|179\/301 brn|[from] brn
|turn|43
|c|âLuisinho fuleiro|a.a
|
|move|p2a: Latios|Roost|p2a: Latios
|-heal|p2a: Latios|301\/301 brn
|move|p1a: Heatran|Lava Plume|p2a: Latios
|-resisted|p2a: Latios
|-damage|p2a: Latios|252\/301 brn
|
|-heal|p1a: Heatran|245\/386|[from] item: Leftovers
|-damage|p2a: Latios|215\/301 brn|[from] brn
|turn|44
|
|switch|p2a: Landorus-Therian|Landorus-Therian, M|319\/319
|-damage|p2a: Landorus-Therian|280\/319|[from] Stealth Rock
|-ability|p2a: Landorus-Therian|Intimidate|[of] p1a: Heatran
|-unboost|p1a: Heatran|atk|1
|move|p1a: Heatran|Protect|p1a: Heatran
|-fail|p1a: Heatran
|
|-heal|p1a: Heatran|269\/386|[from] item: Leftovers
|turn|45
|
|move|p1a: Heatran|Protect|p1a: Heatran
|-singleturn|p1a: Heatran|Protect
|move|p2a: Landorus-Therian|U-turn|p1a: Heatran
|-activate|p1a: Heatran|Protect
|
|-heal|p1a: Heatran|293\/386|[from] item: Leftovers
|turn|46
|
|move|p2a: Landorus-Therian|U-turn|p1a: Heatran
|-resisted|p1a: Heatran
|-damage|p1a: Heatran|271\/386
|
|switch|p2a: Azumarill|Azumarill, M|363\/363
|-damage|p2a: Azumarill|318\/363|[from] Stealth Rock
|-damage|p2a: Azumarill|273\/363|[from] Spikes
|move|p1a: Heatran|Lava Plume|p2a: Azumarill
|-resisted|p2a: Azumarill
|-damage|p2a: Azumarill|201\/363
|
|-heal|p1a: Heatran|295\/386|[from] item: Leftovers
|turn|47
|
|switch|p1a: Sylveon|Sylveon, M|273\/394 tox
|-damage|p1a: Sylveon|224\/394 tox|[from] Stealth Rock
|move|p2a: Azumarill|Waterfall|p1a: Sylveon
|-damage|p1a: Sylveon|0 fnt
|faint|p1a: Sylveon
|
|
|switch|p1a: Venusaur|Venusaur-Mega, F|214\/363 brn
|-damage|p1a: Venusaur|169\/363 brn|[from] Stealth Rock
|turn|48
|
|switch|p2a: Latios|Latios-Mega, M|215\/301 brn
|-damage|p2a: Latios|178\/301 brn|[from] Stealth Rock
|move|p1a: Venusaur|Synthesis|p1a: Venusaur
|-heal|p1a: Venusaur|350\/363 brn
|
|-damage|p2a: Latios|141\/301 brn|[from] brn
|-damage|p1a: Venusaur|305\/363 brn|[from] brn
|turn|49
|
|move|p2a: Latios|Psyshock|p1a: Venusaur
|-supereffective|p1a: Venusaur
|-damage|p1a: Venusaur|107\/363 brn
|move|p1a: Venusaur|Sludge Bomb|p2a: Latios
|-damage|p2a: Latios|30\/301 brn
|
|-damage|p2a: Latios|0 fnt|[from] brn
|-damage|p1a: Venusaur|62\/363 brn|[from] brn
|faint|p2a: Latios
|
|switch|p2a: Heatran|Heatran, M|337\/385
|-damage|p2a: Heatran|289\/385|[from] Stealth Rock
|-damage|p2a: Heatran|241\/385|[from] Spikes
|turn|50
|
|move|p2a: Heatran|Lava Plume|p1a: Venusaur
|-supereffective|p1a: Venusaur
|-damage|p1a: Venusaur|0 fnt
|faint|p1a: Venusaur
|
|-heal|p2a: Heatran|265\/385|[from] item: Leftovers
|
|switch|p1a: Quagsire|Quagsire, F|225\/394
|-damage|p1a: Quagsire|201\/394|[from] Stealth Rock
|turn|51
|
|move|p2a: Heatran|Toxic|p1a: Quagsire
|-status|p1a: Quagsire|tox
|move|p1a: Quagsire|Recover|p1a: Quagsire
|-heal|p1a: Quagsire|394\/394 tox
|
|-heal|p2a: Heatran|289\/385|[from] item: Leftovers
|-damage|p1a: Quagsire|370\/394 tox|[from] psn
|turn|52
|
|move|p2a: Heatran|Lava Plume|p1a: Quagsire
|-resisted|p1a: Quagsire
|-damage|p1a: Quagsire|283\/394 tox
|move|p1a: Quagsire|Earthquake|p2a: Heatran
|-supereffective|p2a: Heatran
|-damage|p2a: Heatran|0 fnt
|faint|p2a: Heatran
|
|-damage|p1a: Quagsire|235\/394 tox|[from] psn
|
|switch|p2a: Azumarill|Azumarill, M|201\/363
|-damage|p2a: Azumarill|156\/363|[from] Stealth Rock
|-damage|p2a: Azumarill|111\/363|[from] Spikes
|turn|53
|
|move|p2a: Azumarill|Play Rough|p1a: Quagsire
|-crit|p1a: Quagsire
|-damage|p1a: Quagsire|0 fnt
|faint|p1a: Quagsire
|
|
|switch|p1a: Skarmory|Skarmory, M|155\/333
|-damage|p1a: Skarmory|114\/333|[from] Stealth Rock
|turn|54
|c|âLuisinho fuleiro|'-' critico a.a
|c|âHorsea Whisperer|didn't matter
|c|âHorsea Whisperer|it is choice banded
|c|âHorsea Whisperer|matava na mesma
|c|âLuisinho fuleiro|a.a
|c|âLuisinho fuleiro|band
|
|switch|p2a: Rotom-Wash|Rotom-Wash|273\/303
|-damage|p2a: Rotom-Wash|236\/303|[from] Stealth Rock
|move|p1a: Skarmory|Roost|p1a: Skarmory
|-heal|p1a: Skarmory|281\/333
|
|-heal|p2a: Rotom-Wash|254\/303|[from] item: Leftovers
|turn|55
|
|move|p2a: Rotom-Wash|Hydro Pump|p1a: Skarmory|[miss]
|-miss|p2a: Rotom-Wash|p1a: Skarmory
|move|p1a: Skarmory|Whirlwind|p2a: Rotom-Wash
|drag|p2a: Landorus-Therian|Landorus-Therian, M|280\/319
|-damage|p2a: Landorus-Therian|241\/319|[from] Stealth Rock
|-ability|p2a: Landorus-Therian|Intimidate|[of] p1a: Skarmory
|-unboost|p1a: Skarmory|atk|1
|
|turn|56
|
|move|p2a: Landorus-Therian|Explosion|p1a: Skarmory
|-crit|p1a: Skarmory
|-resisted|p1a: Skarmory
|-damage|p1a: Skarmory|131\/333
|faint|p2a: Landorus-Therian
|move|p1a: Skarmory|Spikes|p2: Landorus-Therian
|-sidestart|p2: Horsea Whisperer|Spikes
|
|c|âLuisinho fuleiro|a.a critico
|c|âLuisinho fuleiro|'-'
|
|switch|p2a: Azumarill|Azumarill, M|111\/363
|-damage|p2a: Azumarill|51\/363|[from] Spikes
|-damage|p2a: Azumarill|6\/363|[from] Stealth Rock
|turn|57
|
|move|p1a: Skarmory|Roost|p1a: Skarmory
|-heal|p1a: Skarmory|298\/333
|move|p2a: Azumarill|Waterfall|p1a: Skarmory
|-damage|p1a: Skarmory|150\/333
|
|turn|58
|
|move|p1a: Skarmory|Roost|p1a: Skarmory
|-heal|p1a: Skarmory|317\/333
|move|p2a: Azumarill|Waterfall|p1a: Skarmory
|-damage|p1a: Skarmory|172\/333
|
|turn|59
|
|move|p1a: Skarmory|Roost|p1a: Skarmory
|-heal|p1a: Skarmory|333\/333
|move|p2a: Azumarill|Waterfall|p1a: Skarmory
|-damage|p1a: Skarmory|183\/333
|
|turn|60
|c|âLuisinho fuleiro|!weak waterfall
|raw|<div class="infobox">waterfall isn't a recognized type or pokemon.<\/div>
|c|âLuisinho fuleiro|!dt waterfall
|c|~|\/data-move Waterfall
|raw|<font size="1"><font color=#585858>Priority:<\/font> 0&nbsp;|&ThickSpace;<font color=#585858><font color=black>&#10003; Secondary effect<\/font><\/font>&nbsp;|&ThickSpace;<font color=#585858><font color=black>&#10003; Contact<\/font><\/font>&nbsp;|&ThickSpace;<font color=#585858><font color=black>&#10003; Blocked by Protect<\/font><\/font>&nbsp;|&ThickSpace;<font color=#585858>Target:<\/font> One Adjacent Pokemon<\/font>
|
|move|p1a: Skarmory|Roost|p1a: Skarmory
|-heal|p1a: Skarmory|333\/333
|move|p2a: Azumarill|Waterfall|p1a: Skarmory
|-damage|p1a: Skarmory|185\/333
|
|turn|61
|
|move|p2a: Azumarill|Waterfall|p1a: Skarmory
|-damage|p1a: Skarmory|28\/333
|move|p1a: Skarmory|Whirlwind|p2a: Azumarill
|drag|p2a: Rotom-Wash|Rotom-Wash|254\/303
|-damage|p2a: Rotom-Wash|217\/303|[from] Stealth Rock
|
|-heal|p2a: Rotom-Wash|235\/303|[from] item: Leftovers
|turn|62
|
|move|p2a: Rotom-Wash|Volt Switch|p1a: Skarmory
|-supereffective|p1a: Skarmory
|-damage|p1a: Skarmory|0 fnt
|faint|p1a: Skarmory
|
|switch|p2a: Azumarill|Azumarill, M|6\/363
|-damage|p2a: Azumarill|0 fnt|[from] Stealth Rock
|faint|p2a: Azumarill
|
|
|switch|p2a: Rotom-Wash|Rotom-Wash|235\/303
|switch|p1a: Heatran|Heatran, F|295\/386
|-damage|p2a: Rotom-Wash|198\/303|[from] Stealth Rock
|-damage|p1a: Heatran|247\/386|[from] Stealth Rock
|turn|63
|
|move|p1a: Heatran|Protect|p1a: Heatran
|-singleturn|p1a: Heatran|Protect
|move|p2a: Rotom-Wash|Hydro Pump|p1a: Heatran
|-activate|p1a: Heatran|Protect
|
|-heal|p2a: Rotom-Wash|216\/303|[from] item: Leftovers
|-heal|p1a: Heatran|271\/386|[from] item: Leftovers
|turn|64
|c|âLuisinho fuleiro|miss
|c|âLuisinho fuleiro|miss
|
|move|p2a: Rotom-Wash|Hydro Pump|p1a: Heatran|[miss]
|-miss|p2a: Rotom-Wash|p1a: Heatran
|move|p1a: Heatran|Lava Plume|p2a: Rotom-Wash
|-resisted|p2a: Rotom-Wash
|-damage|p2a: Rotom-Wash|162\/303
|
|-heal|p2a: Rotom-Wash|180\/303|[from] item: Leftovers
|-heal|p1a: Heatran|295\/386|[from] item: Leftovers
|turn|65
|c|âLuisinho fuleiro|miss
|c|âLuisinho fuleiro|miss
|
|move|p1a: Heatran|Protect|p1a: Heatran
|-singleturn|p1a: Heatran|Protect
|move|p2a: Rotom-Wash|Volt Switch|p1a: Heatran
|-activate|p1a: Heatran|Protect
|
|-heal|p2a: Rotom-Wash|198\/303|[from] item: Leftovers
|-heal|p1a: Heatran|319\/386|[from] item: Leftovers
|turn|66
|
|move|p2a: Rotom-Wash|Hydro Pump|p1a: Heatran
|-supereffective|p1a: Heatran
|-damage|p1a: Heatran|133\/386
|move|p1a: Heatran|Lava Plume|p2a: Rotom-Wash
|-resisted|p2a: Rotom-Wash
|-damage|p2a: Rotom-Wash|144\/303
|-status|p2a: Rotom-Wash|brn
|
|-heal|p2a: Rotom-Wash|162\/303 brn|[from] item: Leftovers
|-heal|p1a: Heatran|157\/386|[from] item: Leftovers
|-damage|p2a: Rotom-Wash|125\/303 brn|[from] brn
|turn|67
|c|âLuisinho fuleiro|miss
|
|move|p1a: Heatran|Protect|p1a: Heatran
|-singleturn|p1a: Heatran|Protect
|move|p2a: Rotom-Wash|Volt Switch|p1a: Heatran
|-activate|p1a: Heatran|Protect
|
|-heal|p2a: Rotom-Wash|143\/303 brn|[from] item: Leftovers
|-heal|p1a: Heatran|181\/386|[from] item: Leftovers
|-damage|p2a: Rotom-Wash|106\/303 brn|[from] brn
|turn|68
|c|âLuisinho fuleiro|miss
|c|âLuisinho fuleiro|miss
|c|âLuisinho fuleiro|miss
|c|âLuisinho fuleiro|miss
|c|âLuisinho fuleiro|miss
|
|move|p2a: Rotom-Wash|Hydro Pump|p1a: Heatran
|-supereffective|p1a: Heatran
|-damage|p1a: Heatran|11\/386
|move|p1a: Heatran|Lava Plume|p2a: Rotom-Wash
|-resisted|p2a: Rotom-Wash
|-damage|p2a: Rotom-Wash|55\/303 brn
|
|-heal|p2a: Rotom-Wash|73\/303 brn|[from] item: Leftovers
|-heal|p1a: Heatran|35\/386|[from] item: Leftovers
|-damage|p2a: Rotom-Wash|36\/303 brn|[from] brn
|turn|69
|c|âLuisinho fuleiro|miss
|c|âHorsea Whisperer|well
|c|âHorsea Whisperer|it's over
|
|move|p1a: Heatran|Protect|p1a: Heatran
|-singleturn|p1a: Heatran|Protect
|move|p2a: Rotom-Wash|Hydro Pump|p1a: Heatran
|-activate|p1a: Heatran|Protect
|
|-heal|p2a: Rotom-Wash|54\/303 brn|[from] item: Leftovers
|-heal|p1a: Heatran|59\/386|[from] item: Leftovers
|-damage|p2a: Rotom-Wash|17\/303 brn|[from] brn
|turn|70
|c|âLuisinho fuleiro|protect
|c|âLuisinho fuleiro|protec
|c|âLuisinho fuleiro|protect
|c|âLuisinho fuleiro|protect
|c|âLuisinho fuleiro|protect
|
|move|p1a: Heatran|Protect|p1a: Heatran
|-fail|p1a: Heatran
|move|p2a: Rotom-Wash|Hydro Pump|p1a: Heatran|[miss]
|-miss|p2a: Rotom-Wash|p1a: Heatran
|
|-heal|p2a: Rotom-Wash|35\/303 brn|[from] item: Leftovers
|-heal|p1a: Heatran|83\/386|[from] item: Leftovers
|-damage|p2a: Rotom-Wash|0 fnt|[from] brn
|faint|p2a: Rotom-Wash
|
|win|Luisinho fuleiro
|raw|Ladder updating...
|c|âLuisinho fuleiro|protect
|raw|Luisinho fuleiro's rating: 1436 &rarr; <strong>1459<\/strong><br \/>(+23 for winning)
|raw|Horsea Whisperer's rating: 1476 &rarr; <strong>1454<\/strong><br \/>(-22 for losing)
|c|âHorsea Whisperer|of course
|c|âLuisinho fuleiro|eeeeeeeeeeeeeeeeeeeeee
|c|âHorsea Whisperer|gg anyway
|c|âLuisinho fuleiro|gg
|leave|Horsea Whisperer
|player|p2
|leave|Luisinho fuleiro
|player|p1
|join|Luisinho fuleiro
|join|nintendistagamer
|c|âLuisinho fuleiro|olha so o hax q dei nas Ãºltimas