|join|Horsea Whisperer
|join|edwinvf
|player|p1|Horsea Whisperer|2
|player|p2|edwinvf|265
|gametype|singles
|gen|6
|tier|OU (suspect test)
|rated
|clearpoke
|poke|p1|Landorus-Therian, M
|poke|p1|Azumarill, M
|poke|p1|Heatran, M
|poke|p1|Rotom-Wash
|poke|p1|Gengar, M
|poke|p1|Manectric, M
|poke|p2|Rotom-Wash
|poke|p2|Starmie
|poke|p2|Gengar, F
|poke|p2|Manectric, M
|poke|p2|Breloom, F
|poke|p2|Malamar, M
|rule|Swagger Clause: Swagger is banned
|rule|Baton Pass Clause: Limit one PokÃ©mon knowing Baton Pass
|rule|Sleep Clause Mod: Limit one foe put to sleep
|rule|Species Clause: Limit one of each PokÃ©mon
|rule|OHKO Clause: OHKO moves are banned
|rule|Moody Clause: Moody is banned
|rule|Evasion Moves Clause: Evasion moves are banned
|rule|Endless Battle Clause: Forcing endless battles is banned
|rule|HP Percentage Mod: HP is shown in percentages
|teampreview
|c|âHorsea Whisperer|hf
|
|start
|switch|p1a: Landorus-Therian|Landorus-Therian, M|319\/319
|switch|p2a: Starmie|Starmie|262\/262
|-ability|p1a: Landorus-Therian|Intimidate|[of] p2a: Starmie
|-unboost|p2a: Starmie|atk|1
|turn|1
|
|move|p1a: Landorus-Therian|U-turn|p2a: Starmie
|-supereffective|p2a: Starmie
|-damage|p2a: Starmie|52\/262
|
|switch|p1a: Rotom-Wash|Rotom-Wash|303\/303
|move|p2a: Starmie|Trick|p1a: Rotom-Wash
|-activate|p2a: Starmie|move: Trick|[of] p1a: Rotom-Wash
|-item|p1a: Rotom-Wash|Flame Orb|[from] move: Trick
|-item|p2a: Starmie|Leftovers|[from] move: Trick
|
|-heal|p2a: Starmie|68\/262|[from] item: Leftovers
|-status|p1a: Rotom-Wash|brn|[from] item: Flame Orb
|turn|2
|
|switch|p2a: Rotom-Wash|Rotom-Wash|241\/241
|move|p1a: Rotom-Wash|Volt Switch|p2a: Rotom-Wash
|-damage|p2a: Rotom-Wash|169\/241
|
|switch|p1a: Manectric|Manectric, M|281\/281
|
|turn|3
|
|detailschange|p1a: Manectric|Manectric-Mega, M
|-mega|p1a: Manectric|Manectric|Manectite
|-ability|p1a: Manectric|Intimidate|[of] p2a: Rotom-Wash
|-unboost|p2a: Rotom-Wash|atk|1
|move|p1a: Manectric|Thunderbolt|p2a: Rotom-Wash
|-damage|p2a: Rotom-Wash|31\/241
|move|p2a: Rotom-Wash|Trick|p1a: Manectric
|-fail|p1a: Manectric
|
|turn|4
|
|switch|p2a: Manectric|Manectric, M|282\/282
|move|p1a: Manectric|Thunderbolt|p2a: Manectric
|-boost|p2a: Manectric|spa|1|[from] ability: Lightning Rod
|
|turn|5
|
|detailschange|p2a: Manectric|Manectric-Mega, M
|-mega|p2a: Manectric|Manectric|Manectite
|-ability|p2a: Manectric|Intimidate|[of] p1a: Manectric
|-unboost|p1a: Manectric|atk|1
|move|p1a: Manectric|Flamethrower|p2a: Manectric
|-crit|p2a: Manectric
|-damage|p2a: Manectric|86\/282
|move|p2a: Manectric|Hidden Power|p1a: Manectric
|-damage|p1a: Manectric|158\/281
|
|turn|6
|
|move|p2a: Manectric|Flamethrower|p1a: Manectric
|-damage|p1a: Manectric|0 fnt
|faint|p1a: Manectric
|
|
|switch|p1a: Azumarill|Azumarill, M|363\/363
|turn|7
|
|move|p1a: Azumarill|Aqua Jet|p2a: Manectric
|-damage|p2a: Manectric|0 fnt
|faint|p2a: Manectric
|
|
|switch|p2a: Breloom|Breloom, F|262\/262
|turn|8
|
|switch|p1a: Landorus-Therian|Landorus-Therian, M|319\/319
|-ability|p1a: Landorus-Therian|Intimidate|[of] p2a: Breloom
|-unboost|p2a: Breloom|atk|1
|move|p2a: Breloom|Spore|p1a: Landorus-Therian
|-status|p1a: Landorus-Therian|slp
|
|-status|p2a: Breloom|tox|[from] item: Toxic Orb
|turn|9
|
|switch|p1a: Gengar|Gengar, M|261\/261
|move|p2a: Breloom|Facade|p1a: Gengar
|-immune|p1a: Gengar|[msg]
|
|turn|10
|
|move|p1a: Gengar|Substitute|p1a: Gengar
|-start|p1a: Gengar|Substitute
|-damage|p1a: Gengar|196\/261
|move|p2a: Breloom|Spore|p1a: Gengar
|
|turn|11
|
|move|p1a: Gengar|Shadow Ball|p2a: Breloom
|-damage|p2a: Breloom|0 fnt
|-damage|p1a: Gengar|170\/261|[from] item: Life Orb
|faint|p2a: Breloom
|
|
|switch|p2a: Malamar|Malamar, M|376\/376
|turn|12
|
|move|p1a: Gengar|Shadow Ball|p2a: Malamar
|-damage|p2a: Malamar|158\/376
|-damage|p1a: Gengar|144\/261|[from] item: Life Orb
|move|p2a: Malamar|Trick Room|p2a: Malamar
|-fieldstart|move: Trick Room|[of] p2a: Malamar
|
|-heal|p2a: Malamar|181\/376|[from] item: Leftovers
|turn|13
|
|move|p2a: Malamar|Foul Play|p1a: Gengar
|-supereffective|p1a: Gengar
|-end|p1a: Gengar|Substitute
|move|p1a: Gengar|Shadow Ball|p2a: Malamar
|-damage|p2a: Malamar|0 fnt
|-damage|p1a: Gengar|118\/261|[from] item: Life Orb
|faint|p2a: Malamar
|
|
|switch|p2a: Gengar|Gengar, F|262\/262
|turn|14
|
|move|p1a: Gengar|Shadow Ball|p2a: Gengar
|-supereffective|p2a: Gengar
|-enditem|p2a: Gengar|Focus Sash
|-damage|p2a: Gengar|1\/262
|-damage|p1a: Gengar|92\/261|[from] item: Life Orb
|move|p2a: Gengar|Shadow Ball|p1a: Gengar
|-supereffective|p1a: Gengar
|-damage|p1a: Gengar|0 fnt
|faint|p1a: Gengar
|
|
|switch|p1a: Heatran|Heatran, M|386\/386
|turn|15
|
|move|p1a: Heatran|Lava Plume|p2a: Gengar
|-damage|p2a: Gengar|0 fnt
|faint|p2a: Gengar
|
|c|âedwinvf|2 scar pokemons ahahha fkincg hacker
|
|switch|p2a: Rotom-Wash|Rotom-Wash|31\/241
|turn|16
|
|move|p1a: Heatran|Lava Plume|p2a: Rotom-Wash
|-resisted|p2a: Rotom-Wash
|-damage|p2a: Rotom-Wash|0 fnt
|faint|p2a: Rotom-Wash
|
|-fieldend|move: Trick Room
|c|âHorsea Whisperer|2 what?
|
|switch|p2a: Starmie|Starmie|68\/262
|turn|17
|c|âedwinvf|landorus and  heatran scarf in the same team pls
|
|move|p2a: Starmie|Surf|p1a: Heatran
|-supereffective|p1a: Heatran
|-damage|p1a: Heatran|198\/386
|move|p1a: Heatran|Toxic|p2a: Starmie
|-status|p2a: Starmie|tox
|
|-heal|p2a: Starmie|84\/262 tox|[from] item: Leftovers
|-heal|p1a: Heatran|222\/386|[from] item: Leftovers
|-damage|p2a: Starmie|68\/262 tox|[from] psn
|turn|18
|c|âHorsea Whisperer|heatran scarfed?
|c|âedwinvf|y wild recording this
|
|move|p2a: Starmie|Surf|p1a: Heatran
|-supereffective|p1a: Heatran
|-damage|p1a: Heatran|46\/386
|move|p1a: Heatran|Lava Plume|p2a: Starmie
|-resisted|p2a: Starmie
|-damage|p2a: Starmie|0 fnt
|faint|p2a: Starmie
|
|win|Horsea Whisperer
|raw|Ladder updating...
|raw|Horsea Whisperer's rating: 1361 &rarr; <strong>1374<\/strong><br \/>(+13 for winning)
|raw|edwinvf's rating: 1230 &rarr; <strong>1214<\/strong><br \/>(-16 for losing)
|c|âHorsea Whisperer|do you even know
|c|âHorsea Whisperer|what trick room does?