|join|ZZNN
|join|gogo1994
|player|p1|ZZNN|144
|player|p2|gogo1994|221
|gametype|singles
|gen|6
|tier|UU
|rated
|rule|Sleep Clause Mod: Limit one foe put to sleep
|rule|Species Clause: Limit one of each PokÃ©mon
|rule|OHKO Clause: OHKO moves are banned
|rule|Moody Clause: Moody is banned
|rule|Evasion Moves Clause: Evasion moves are banned
|rule|Endless Battle Clause: Forcing endless battles is banned
|rule|HP Percentage Mod: HP is shown in percentages
|clearpoke
|poke|p1|Machamp, F
|poke|p1|Umbreon, F, shiny
|poke|p1|Nidoqueen, F
|poke|p1|Arcanine, F
|poke|p1|Gligar, F
|poke|p1|Suicune
|poke|p2|Slowking, F
|poke|p2|Mienshao, F
|poke|p2|Reuniclus, F
|poke|p2|Amoonguss, F
|poke|p2|Goodra, M
|poke|p2|Empoleon, M
|rule|Swagger Clause: Swagger is banned
|rule|Baton Pass Clause: Limit one PokÃ©mon knowing Baton Pass
|teampreview
|
|start
|switch|p1a: I'm Gay|Machamp, F|384\/384
|switch|p2a: Mienshao|Mienshao, F|272\/272
|turn|1
|
|switch|p1a: victinovore|Arcanine, F|384\/384
|-ability|p1a: victinovore|Intimidate|[of] p2a: Mienshao
|-unboost|p2a: Mienshao|atk|1
|move|p2a: Mienshao|Fake Out|p1a: victinovore
|-damage|p1a: victinovore|349\/384
|-damage|p2a: Mienshao|227\/272|[from] item: Rocky Helmet|[of] p1a: victinovore
|-damage|p2a: Mienshao|200\/272|[from] item: Life Orb
|
|turn|2
|
|move|p2a: Mienshao|U-turn|p1a: victinovore
|-resisted|p1a: victinovore
|-damage|p1a: victinovore|322\/384
|-damage|p2a: Mienshao|155\/272|[from] item: Rocky Helmet|[of] p1a: victinovore
|-damage|p2a: Mienshao|128\/272|[from] item: Life Orb
|
|switch|p2a: Reuniclus|Reuniclus, F|424\/424
|move|p1a: victinovore|Flare Blitz|p2a: Reuniclus
|-damage|p2a: Reuniclus|289\/424
|-damage|p1a: victinovore|277\/384|[from] recoil|[of] p2a: Reuniclus
|
|-heal|p2a: Reuniclus|315\/424|[from] item: Leftovers
|turn|3
|
|switch|p1a: I'm Gay|Machamp, F|384\/384
|move|p2a: Reuniclus|Thunder Wave|p1a: I'm Gay
|-status|p1a: I'm Gay|par
|
|-heal|p2a: Reuniclus|341\/424|[from] item: Leftovers
|turn|4
|
|move|p2a: Reuniclus|Psyshock|p1a: I'm Gay
|-supereffective|p1a: I'm Gay
|-damage|p1a: I'm Gay|106\/384 par
|move|p1a: I'm Gay|Knock Off|p2a: Reuniclus
|-supereffective|p2a: Reuniclus
|-damage|p2a: Reuniclus|151\/424
|-enditem|p2a: Reuniclus|Leftovers|[from] move: Knock Off|[of] p1a: I'm Gay
|
|turn|5
|
|move|p2a: Reuniclus|Recover|p2a: Reuniclus
|-heal|p2a: Reuniclus|363\/424
|move|p1a: I'm Gay|Dynamic Punch|p2a: Reuniclus
|-resisted|p2a: Reuniclus
|-damage|p2a: Reuniclus|288\/424
|-start|p2a: Reuniclus|confusion
|
|turn|6
|
|switch|p2a: Amoonguss|Amoonguss, F|432\/432
|cant|p1a: I'm Gay|par
|
|turn|7
|
|switch|p1a: fucking cat|Umbreon, F, shiny|394\/394
|move|p2a: Amoonguss|Giga Drain|p1a: fucking cat
|-damage|p1a: fucking cat|345\/394
|
|-heal|p1a: fucking cat|369\/394|[from] item: Leftovers
|turn|8
|
|move|p1a: fucking cat|Wish|p1a: fucking cat
|move|p2a: Amoonguss|Spore|p1a: fucking cat
|-status|p1a: fucking cat|slp
|
|-heal|p1a: fucking cat|393\/394 slp|[from] item: Leftovers
|turn|9
|
|switch|p1a: I'm Gay|Machamp, F|106\/384 par
|move|p2a: Amoonguss|Toxic|p1a: I'm Gay
|-fail|p1a: I'm Gay
|
|-heal|p1a: I'm Gay|303\/384 par|[from] move: Wish|[wisher] fucking cat
|turn|10
|
|switch|p2a: Reuniclus|Reuniclus, F|288\/424
|move|p1a: I'm Gay|Knock Off|p2a: Reuniclus
|-supereffective|p2a: Reuniclus
|-damage|p2a: Reuniclus|150\/424
|
|turn|11
|
|switch|p1a: Suicune|Suicune|404\/404
|-ability|p1a: Suicune|Pressure
|move|p2a: Reuniclus|Recover|p2a: Reuniclus
|-heal|p2a: Reuniclus|362\/424
|
|turn|12
|
|move|p1a: Suicune|Calm Mind|p1a: Suicune
|-boost|p1a: Suicune|spa|1
|-boost|p1a: Suicune|spd|1
|move|p2a: Reuniclus|Calm Mind|p2a: Reuniclus
|-boost|p2a: Reuniclus|spa|1
|-boost|p2a: Reuniclus|spd|1
|
|turn|13
|
|move|p1a: Suicune|Calm Mind|p1a: Suicune
|-boost|p1a: Suicune|spa|1
|-boost|p1a: Suicune|spd|1
|move|p2a: Reuniclus|Calm Mind|p2a: Reuniclus
|-boost|p2a: Reuniclus|spa|1
|-boost|p2a: Reuniclus|spd|1
|
|turn|14
|
|switch|p1a: fucking cat|Umbreon, F, shiny|393\/394 slp
|move|p2a: Reuniclus|Calm Mind|p2a: Reuniclus
|-boost|p2a: Reuniclus|spa|1
|-boost|p2a: Reuniclus|spd|1
|
|-heal|p1a: fucking cat|394\/394 slp|[from] item: Leftovers
|turn|15
|
|switch|p2a: Mienshao|Mienshao, F|218\/272
|cant|p1a: fucking cat|slp
|
|turn|16
|
|switch|p1a: victinovore|Arcanine, F|277\/384
|-ability|p1a: victinovore|Intimidate|[of] p2a: Mienshao
|-unboost|p2a: Mienshao|atk|1
|move|p2a: Mienshao|High Jump Kick|p1a: victinovore
|-damage|p1a: victinovore|125\/384
|-damage|p2a: Mienshao|173\/272|[from] item: Rocky Helmet|[of] p1a: victinovore
|-damage|p2a: Mienshao|146\/272|[from] item: Life Orb
|
|turn|17
|
|switch|p1a: Gligar|Gligar, F|334\/334
|move|p2a: Mienshao|High Jump Kick|p1a: Gligar
|-resisted|p1a: Gligar
|-damage|p1a: Gligar|292\/334
|-damage|p2a: Mienshao|119\/272|[from] item: Life Orb
|
|turn|18
|
|move|p2a: Mienshao|Knock Off|p1a: Gligar
|-damage|p1a: Gligar|249\/334
|-enditem|p1a: Gligar|Eviolite|[from] move: Knock Off|[of] p2a: Mienshao
|-damage|p2a: Mienshao|92\/272|[from] item: Life Orb
|move|p1a: Gligar|Taunt|p2a: Mienshao
|-start|p2a: Mienshao|move: Taunt
|
|turn|19
|
|switch|p2a: Slowking|Slowking, F|394\/394
|move|p1a: Gligar|Toxic|p2a: Slowking
|-status|p2a: Slowking|tox
|
|-damage|p2a: Slowking|370\/394 tox|[from] psn
|turn|20
|
|switch|p1a: fucking cat|Umbreon, F, shiny|394\/394 slp
|move|p2a: Slowking|Scald|p1a: fucking cat
|-damage|p1a: fucking cat|334\/394 slp
|
|-heal|p1a: fucking cat|358\/394 slp|[from] item: Leftovers
|-damage|p2a: Slowking|322\/394 tox|[from] psn
|turn|21
|
|switch|p2a: Empoleon|Empoleon, M|372\/372
|-curestatus|p1a: fucking cat|slp
|move|p1a: fucking cat|Heal Bell|p1a: fucking cat
|-cureteam|p1a: fucking cat|[from] move: HealBell
|
|-heal|p1a: fucking cat|382\/394|[from] item: Leftovers
|turn|22
|
|move|p1a: fucking cat|Wish|p1a: fucking cat
|move|p2a: Empoleon|Stealth Rock|p1a: fucking cat
|-sidestart|p1: ZZNN|move: Stealth Rock
|
|-heal|p1a: fucking cat|394\/394|[from] item: Leftovers
|turn|23
|
|switch|p1a: I'm Gay|Machamp, F|303\/384
|-damage|p1a: I'm Gay|279\/384|[from] Stealth Rock
|switch|p2a: Mienshao|Mienshao, F|182\/272
|
|-heal|p1a: I'm Gay|384\/384|[from] move: Wish|[wisher] fucking cat
|turn|24
|
|move|p2a: Mienshao|Fake Out|p1a: I'm Gay
|-damage|p1a: I'm Gay|310\/384
|-damage|p2a: Mienshao|155\/272|[from] item: Life Orb
|cant|p1a: I'm Gay|flinch
|
|turn|25
|
|switch|p1a: Gligar|Gligar, F|249\/334
|-damage|p1a: Gligar|208\/334|[from] Stealth Rock
|move|p2a: Mienshao|High Jump Kick|p1a: Gligar
|-resisted|p1a: Gligar
|-damage|p1a: Gligar|100\/334
|-damage|p2a: Mienshao|128\/272|[from] item: Life Orb
|
|turn|26
|
|move|p2a: Mienshao|High Jump Kick|p1a: Gligar
|-resisted|p1a: Gligar
|-damage|p1a: Gligar|6\/334
|-damage|p2a: Mienshao|101\/272|[from] item: Life Orb
|move|p1a: Gligar|Roost|p1a: Gligar
|-heal|p1a: Gligar|173\/334
|
|turn|27
|
|move|p2a: Mienshao|U-turn|p1a: Gligar
|-resisted|p1a: Gligar
|-damage|p1a: Gligar|138\/334
|-damage|p2a: Mienshao|74\/272|[from] item: Life Orb
|
|switch|p2a: Goodra|Goodra, M|384\/384
|move|p1a: Gligar|Roost|p1a: Gligar
|-heal|p1a: Gligar|305\/334
|
|turn|28
|
|switch|p1a: fucking cat|Umbreon, F, shiny|394\/394
|-damage|p1a: fucking cat|345\/394|[from] Stealth Rock
|move|p2a: Goodra|Ice Beam|p1a: fucking cat
|-damage|p1a: fucking cat|290\/394
|
|-heal|p1a: fucking cat|314\/394|[from] item: Leftovers
|turn|29
|
|switch|p2a: Amoonguss|Amoonguss, F|432\/432
|move|p1a: fucking cat|Wish|p1a: fucking cat
|
|-heal|p1a: fucking cat|338\/394|[from] item: Leftovers
|turn|30
|
|switch|p1a: victinovore|Arcanine, F|125\/384
|-damage|p1a: victinovore|29\/384|[from] Stealth Rock
|-ability|p1a: victinovore|Intimidate|[of] p2a: Amoonguss
|-unboost|p2a: Amoonguss|atk|1
|move|p2a: Amoonguss|Spore|p1a: victinovore
|-status|p1a: victinovore|slp
|
|-heal|p1a: victinovore|226\/384 slp|[from] move: Wish|[wisher] fucking cat
|turn|31
|
|switch|p1a: fucking cat|Umbreon, F, shiny|338\/394
|-damage|p1a: fucking cat|289\/394|[from] Stealth Rock
|switch|p2a: Mienshao|Mienshao, F|164\/272
|
|-heal|p1a: fucking cat|313\/394|[from] item: Leftovers
|turn|32
|
|move|p1a: fucking cat|Protect|p1a: fucking cat
|-singleturn|p1a: fucking cat|Protect
|move|p2a: Mienshao|Fake Out|p1a: fucking cat
|-activate|p1a: fucking cat|Protect
|
|-heal|p1a: fucking cat|337\/394|[from] item: Leftovers
|turn|33
|
|switch|p1a: Gligar|Gligar, F|305\/334
|-damage|p1a: Gligar|264\/334|[from] Stealth Rock
|move|p2a: Mienshao|High Jump Kick|p1a: Gligar
|-resisted|p1a: Gligar
|-damage|p1a: Gligar|167\/334
|-damage|p2a: Mienshao|137\/272|[from] item: Life Orb
|
|turn|34
|
|switch|p2a: Empoleon|Empoleon, M|372\/372
|move|p1a: Gligar|Roost|p1a: Gligar
|-heal|p1a: Gligar|334\/334
|
|turn|35
|
|switch|p1a: fucking cat|Umbreon, F, shiny|337\/394
|-damage|p1a: fucking cat|288\/394|[from] Stealth Rock
|move|p2a: Empoleon|Scald|p1a: fucking cat
|-damage|p1a: fucking cat|230\/394
|-status|p1a: fucking cat|brn
|-status|p2a: Empoleon|brn
|
|-heal|p1a: fucking cat|254\/394 brn|[from] item: Leftovers
|-damage|p1a: fucking cat|205\/394 brn|[from] brn
|-damage|p2a: Empoleon|326\/372 brn|[from] brn
|turn|36
|
|switch|p2a: Mienshao|Mienshao, F|227\/272
|move|p1a: fucking cat|Heal Bell|p1a: fucking cat
|-cureteam|p1a: fucking cat|[from] move: HealBell
|
|-heal|p1a: fucking cat|229\/394|[from] item: Leftovers
|turn|37
|
|move|p1a: fucking cat|Protect|p1a: fucking cat
|-singleturn|p1a: fucking cat|Protect
|move|p2a: Mienshao|U-turn|p1a: fucking cat
|-activate|p1a: fucking cat|Protect
|
|-heal|p1a: fucking cat|253\/394|[from] item: Leftovers
|turn|38
|
|switch|p1a: Gligar|Gligar, F|334\/334
|-damage|p1a: Gligar|293\/334|[from] Stealth Rock
|move|p2a: Mienshao|U-turn|p1a: Gligar
|-resisted|p1a: Gligar
|-damage|p1a: Gligar|259\/334
|-damage|p2a: Mienshao|200\/272|[from] item: Life Orb
|
|switch|p2a: Slowking|Slowking, F|394\/394 tox
|
|-damage|p2a: Slowking|370\/394 tox|[from] psn
|turn|39
|
|switch|p1a: fucking cat|Umbreon, F, shiny|253\/394
|-damage|p1a: fucking cat|204\/394|[from] Stealth Rock
|move|p2a: Slowking|Calm Mind|p2a: Slowking
|-boost|p2a: Slowking|spa|1
|-boost|p2a: Slowking|spd|1
|
|-heal|p1a: fucking cat|228\/394|[from] item: Leftovers
|-damage|p2a: Slowking|322\/394 tox|[from] psn
|turn|40
|
|move|p1a: fucking cat|Wish|p1a: fucking cat
|move|p2a: Slowking|Scald|p1a: fucking cat
|-damage|p1a: fucking cat|138\/394
|
|-heal|p1a: fucking cat|162\/394|[from] item: Leftovers
|-damage|p2a: Slowking|250\/394 tox|[from] psn
|turn|41
|
|switch|p2a: Mienshao|Mienshao, F|272\/272
|move|p1a: fucking cat|Foul Play|p2a: Mienshao
|-resisted|p2a: Mienshao
|-damage|p2a: Mienshao|150\/272
|
|-heal|p1a: fucking cat|359\/394|[from] move: Wish|[wisher] fucking cat
|-heal|p1a: fucking cat|383\/394|[from] item: Leftovers
|turn|42
|
|move|p1a: fucking cat|Protect|p1a: fucking cat
|-singleturn|p1a: fucking cat|Protect
|move|p2a: Mienshao|Knock Off|p1a: fucking cat
|-activate|p1a: fucking cat|Protect
|
|-heal|p1a: fucking cat|394\/394|[from] item: Leftovers
|turn|43
|
|switch|p1a: Gligar|Gligar, F|259\/334
|-damage|p1a: Gligar|218\/334|[from] Stealth Rock
|move|p2a: Mienshao|Knock Off|p1a: Gligar
|-damage|p1a: Gligar|150\/334
|-damage|p2a: Mienshao|123\/272|[from] item: Life Orb
|
|turn|44
|
|switch|p2a: Goodra|Goodra, M|384\/384
|move|p1a: Gligar|Roost|p1a: Gligar
|-heal|p1a: Gligar|317\/334
|
|turn|45
|
|switch|p1a: I'm Gay|Machamp, F|310\/384
|-damage|p1a: I'm Gay|286\/384|[from] Stealth Rock
|move|p2a: Goodra|Dragon Pulse|p1a: I'm Gay
|-damage|p1a: I'm Gay|187\/384
|
|turn|46
|
|switch|p2a: Reuniclus|Reuniclus, F|362\/424
|move|p1a: I'm Gay|Dynamic Punch|p2a: Reuniclus
|-resisted|p2a: Reuniclus
|-damage|p2a: Reuniclus|285\/424
|-start|p2a: Reuniclus|confusion
|
|turn|47
|
|move|p1a: I'm Gay|Knock Off|p2a: Reuniclus
|-supereffective|p2a: Reuniclus
|-damage|p2a: Reuniclus|141\/424
|-activate|p2a: Reuniclus|confusion
|-damage|p2a: Reuniclus|123\/424|[from] confusion
|
|turn|48
|
|switch|p2a: Slowking|Slowking, F|381\/394 tox
|move|p1a: I'm Gay|Knock Off|p2a: Slowking
|-supereffective|p2a: Slowking
|-damage|p2a: Slowking|197\/394 tox
|-damage|p1a: I'm Gay|123\/384|[from] item: Rocky Helmet|[of] p2a: Slowking
|-enditem|p2a: Slowking|Rocky Helmet|[from] move: Knock Off|[of] p1a: I'm Gay
|
|-damage|p2a: Slowking|173\/394 tox|[from] psn
|turn|49
|
|move|p1a: I'm Gay|Dynamic Punch|p2a: Slowking
|-resisted|p2a: Slowking
|-damage|p2a: Slowking|92\/394 tox
|-start|p2a: Slowking|confusion
|-activate|p2a: Slowking|confusion
|-damage|p2a: Slowking|74\/394 tox|[from] confusion
|
|-damage|p2a: Slowking|26\/394 tox|[from] psn
|turn|50
|
|move|p1a: I'm Gay|Knock Off|p2a: Slowking
|-supereffective|p2a: Slowking
|-damage|p2a: Slowking|0 fnt
|faint|p2a: Slowking
|
|
|switch|p2a: Mienshao|Mienshao, F|213\/272
|turn|51
|
|switch|p1a: Gligar|Gligar, F|317\/334
|-damage|p1a: Gligar|276\/334|[from] Stealth Rock
|move|p2a: Mienshao|High Jump Kick|p1a: Gligar
|-resisted|p1a: Gligar
|-damage|p1a: Gligar|173\/334
|-damage|p2a: Mienshao|186\/272|[from] item: Life Orb
|
|turn|52
|
|switch|p2a: Amoonguss|Amoonguss, F|432\/432
|move|p1a: Gligar|Taunt|p2a: Amoonguss
|-start|p2a: Amoonguss|move: Taunt
|
|turn|53
|
|move|p1a: Gligar|Roost|p1a: Gligar
|-heal|p1a: Gligar|334\/334
|move|p2a: Amoonguss|Giga Drain|p1a: Gligar
|-crit|p1a: Gligar
|-supereffective|p1a: Gligar
|-damage|p1a: Gligar|32\/334
|
|turn|54
|
|switch|p1a: fucking cat|Umbreon, F, shiny|394\/394
|-damage|p1a: fucking cat|345\/394|[from] Stealth Rock
|move|p2a: Amoonguss|Giga Drain|p1a: fucking cat
|-damage|p1a: fucking cat|303\/394
|
|-heal|p1a: fucking cat|327\/394|[from] item: Leftovers
|turn|55
|
|switch|p2a: Mienshao|Mienshao, F|272\/272
|move|p1a: fucking cat|Wish|p1a: fucking cat
|
|-heal|p1a: fucking cat|351\/394|[from] item: Leftovers
|turn|56
|
|switch|p1a: Herbivore|Nidoqueen, F|384\/384
|-damage|p1a: Herbivore|360\/384|[from] Stealth Rock
|move|p2a: Mienshao|U-turn|p1a: Herbivore
|-resisted|p1a: Herbivore
|-damage|p1a: Herbivore|304\/384
|-damage|p2a: Mienshao|245\/272|[from] item: Life Orb
|
|switch|p2a: Goodra|Goodra, M|384\/384
|
|-heal|p1a: Herbivore|384\/384|[from] move: Wish|[wisher] fucking cat
|turn|57
|
|switch|p1a: fucking cat|Umbreon, F, shiny|351\/394
|-damage|p1a: fucking cat|302\/394|[from] Stealth Rock
|move|p2a: Goodra|Ice Beam|p1a: fucking cat
|-damage|p1a: fucking cat|246\/394
|
|-heal|p1a: fucking cat|270\/394|[from] item: Leftovers
|turn|58
|
|switch|p2a: Mienshao|Mienshao, F|272\/272
|move|p1a: fucking cat|Wish|p1a: fucking cat
|
|-heal|p1a: fucking cat|294\/394|[from] item: Leftovers
|turn|59
|
|switch|p1a: Herbivore|Nidoqueen, F|384\/384
|-damage|p1a: Herbivore|360\/384|[from] Stealth Rock
|move|p2a: Mienshao|Fake Out|p1a: Herbivore
|-damage|p1a: Herbivore|290\/384
|-damage|p2a: Mienshao|245\/272|[from] item: Life Orb
|
|-heal|p1a: Herbivore|384\/384|[from] move: Wish|[wisher] fucking cat
|turn|60
|
|move|p2a: Mienshao|U-turn|p1a: Herbivore
|-resisted|p1a: Herbivore
|-damage|p1a: Herbivore|329\/384
|-damage|p2a: Mienshao|218\/272|[from] item: Life Orb
|
|switch|p2a: Goodra|Goodra, M|384\/384
|move|p1a: Herbivore|Stealth Rock|p2a: Goodra
|-sidestart|p2: gogo1994|move: Stealth Rock
|
|turn|61
|c|âgogo1994|wow this is an intense battle
|
|switch|p1a: fucking cat|Umbreon, F, shiny|294\/394
|-damage|p1a: fucking cat|245\/394|[from] Stealth Rock
|move|p2a: Goodra|Dragon Pulse|p1a: fucking cat
|-damage|p1a: fucking cat|158\/394
|
|-heal|p1a: fucking cat|182\/394|[from] item: Leftovers
|turn|62
|
|switch|p2a: Mienshao|Mienshao, F|272\/272
|-damage|p2a: Mienshao|255\/272|[from] Stealth Rock
|move|p1a: fucking cat|Wish|p1a: fucking cat
|
|-heal|p1a: fucking cat|206\/394|[from] item: Leftovers
|turn|63
|
|move|p1a: fucking cat|Protect|p1a: fucking cat
|-singleturn|p1a: fucking cat|Protect
|move|p2a: Mienshao|Knock Off|p1a: fucking cat
|-activate|p1a: fucking cat|Protect
|
|-heal|p1a: fucking cat|394\/394|[from] move: Wish|[wisher] fucking cat
|turn|64
|
|switch|p1a: victinovore|Arcanine, F|226\/384
|-damage|p1a: victinovore|130\/384|[from] Stealth Rock
|-ability|p1a: victinovore|Intimidate|[of] p2a: Mienshao
|-unboost|p2a: Mienshao|atk|1
|move|p2a: Mienshao|Knock Off|p1a: victinovore
|-damage|p1a: victinovore|42\/384
|-damage|p2a: Mienshao|210\/272|[from] item: Rocky Helmet|[of] p1a: victinovore
|-enditem|p1a: victinovore|Rocky Helmet|[from] move: Knock Off|[of] p2a: Mienshao
|-damage|p2a: Mienshao|183\/272|[from] item: Life Orb
|
|turn|65
|
|move|p2a: Mienshao|U-turn|p1a: victinovore
|-resisted|p1a: victinovore
|-damage|p1a: victinovore|11\/384
|-damage|p2a: Mienshao|156\/272|[from] item: Life Orb
|
|switch|p2a: Reuniclus|Reuniclus, F|123\/424
|move|p1a: victinovore|Flare Blitz|p2a: Reuniclus
|-damage|p2a: Reuniclus|0 fnt
|-damage|p1a: victinovore|0 fnt|[from] recoil|[of] p2a: Reuniclus
|faint|p2a: Reuniclus
|faint|p1a: victinovore
|
|
|switch|p2a: Mienshao|Mienshao, F|246\/272
|-damage|p2a: Mienshao|229\/272|[from] Stealth Rock
|switch|p1a: fucking cat|Umbreon, F, shiny|394\/394
|-damage|p1a: fucking cat|345\/394|[from] Stealth Rock
|turn|66
|
|move|p1a: fucking cat|Protect|p1a: fucking cat
|-singleturn|p1a: fucking cat|Protect
|move|p2a: Mienshao|Knock Off|p1a: fucking cat
|-activate|p1a: fucking cat|Protect
|
|-heal|p1a: fucking cat|369\/394|[from] item: Leftovers
|turn|67
|
|switch|p1a: Gligar|Gligar, F|32\/334
|-damage|p1a: Gligar|0 fnt|[from] Stealth Rock
|faint|p1a: Gligar
|move|p2a: Mienshao|Knock Off|p1: Gligar|[notarget]
|-notarget
|
|
|switch|p1a: Suicune|Suicune|404\/404
|-damage|p1a: Suicune|354\/404|[from] Stealth Rock
|-ability|p1a: Suicune|Pressure
|turn|68
|
|move|p2a: Mienshao|U-turn|p1a: Suicune
|-damage|p1a: Suicune|286\/404
|-damage|p2a: Mienshao|202\/272|[from] item: Life Orb
|
|switch|p2a: Amoonguss|Amoonguss, F|432\/432
|-damage|p2a: Amoonguss|378\/432|[from] Stealth Rock
|move|p1a: Suicune|Scald|p2a: Amoonguss
|-resisted|p2a: Amoonguss
|-damage|p2a: Amoonguss|324\/432
|
|-heal|p1a: Suicune|311\/404|[from] item: Leftovers
|-heal|p2a: Amoonguss|351\/432|[from] item: Black Sludge
|turn|69
|
|move|p1a: Suicune|Calm Mind|p1a: Suicune
|-boost|p1a: Suicune|spa|1
|-boost|p1a: Suicune|spd|1
|move|p2a: Amoonguss|Toxic|p1a: Suicune
|-status|p1a: Suicune|tox
|
|-heal|p1a: Suicune|336\/404 tox|[from] item: Leftovers
|-heal|p2a: Amoonguss|378\/432|[from] item: Black Sludge
|-damage|p1a: Suicune|311\/404 tox|[from] psn
|turn|70
|
|move|p1a: Suicune|Calm Mind|p1a: Suicune
|-boost|p1a: Suicune|spa|1
|-boost|p1a: Suicune|spd|1
|move|p2a: Amoonguss|Clear Smog|p1a: Suicune
|-damage|p1a: Suicune|287\/404 tox
|-clearboost|p1a: Suicune
|
|-heal|p1a: Suicune|312\/404 tox|[from] item: Leftovers
|-heal|p2a: Amoonguss|405\/432|[from] item: Black Sludge
|-damage|p1a: Suicune|262\/404 tox|[from] psn
|turn|71
|
|switch|p1a: fucking cat|Umbreon, F, shiny|369\/394
|-damage|p1a: fucking cat|320\/394|[from] Stealth Rock
|move|p2a: Amoonguss|Toxic|p1a: fucking cat
|-status|p1a: fucking cat|tox
|
|-heal|p1a: fucking cat|344\/394 tox|[from] item: Leftovers
|-heal|p2a: Amoonguss|432\/432|[from] item: Black Sludge
|-damage|p1a: fucking cat|320\/394 tox|[from] psn
|turn|72
|
|move|p1a: fucking cat|Heal Bell|p1a: fucking cat
|-cureteam|p1a: fucking cat|[from] move: HealBell
|move|p2a: Amoonguss|Giga Drain|p1a: fucking cat
|-damage|p1a: fucking cat|274\/394
|
|-heal|p1a: fucking cat|298\/394|[from] item: Leftovers
|turn|73
|
|move|p1a: fucking cat|Wish|p1a: fucking cat
|move|p2a: Amoonguss|Spore|p1a: fucking cat
|-status|p1a: fucking cat|slp
|
|-heal|p1a: fucking cat|322\/394 slp|[from] item: Leftovers
|turn|74
|
|switch|p1a: I'm Gay|Machamp, F|123\/384
|-damage|p1a: I'm Gay|99\/384|[from] Stealth Rock
|switch|p2a: Mienshao|Mienshao, F|272\/272
|-damage|p2a: Mienshao|255\/272|[from] Stealth Rock
|
|-heal|p1a: I'm Gay|296\/384|[from] move: Wish|[wisher] fucking cat
|turn|75
|
|switch|p1a: Herbivore|Nidoqueen, F|329\/384
|-damage|p1a: Herbivore|305\/384|[from] Stealth Rock
|move|p2a: Mienshao|Fake Out|p1a: Herbivore
|-damage|p1a: Herbivore|240\/384
|-damage|p2a: Mienshao|228\/272|[from] item: Life Orb
|
|turn|76
|
|move|p2a: Mienshao|U-turn|p1a: Herbivore
|-resisted|p1a: Herbivore
|-damage|p1a: Herbivore|179\/384
|-damage|p2a: Mienshao|201\/272|[from] item: Life Orb
|
|switch|p2a: Goodra|Goodra, M|384\/384
|-damage|p2a: Goodra|336\/384|[from] Stealth Rock
|move|p1a: Herbivore|Ice Beam|p2a: Goodra
|-supereffective|p2a: Goodra
|-damage|p2a: Goodra|216\/384
|
|turn|77
|
|move|p2a: Goodra|Dragon Pulse|p1a: Herbivore
|-damage|p1a: Herbivore|7\/384
|move|p1a: Herbivore|Ice Beam|p2a: Goodra
|-supereffective|p2a: Goodra
|-damage|p2a: Goodra|102\/384
|
|turn|78
|
|move|p2a: Goodra|Dragon Pulse|p1a: Herbivore
|-damage|p1a: Herbivore|0 fnt
|faint|p1a: Herbivore
|
|
|switch|p1a: I'm Gay|Machamp, F|296\/384
|-damage|p1a: I'm Gay|272\/384|[from] Stealth Rock
|turn|79
|
|move|p2a: Goodra|Dragon Pulse|p1a: I'm Gay
|-crit|p1a: I'm Gay
|-damage|p1a: I'm Gay|124\/384
|move|p1a: I'm Gay|Dynamic Punch|p2a: Goodra
|-damage|p2a: Goodra|0 fnt
|faint|p2a: Goodra
|
|
|switch|p2a: Mienshao|Mienshao, F|272\/272
|-damage|p2a: Mienshao|255\/272|[from] Stealth Rock
|turn|80
|
|switch|p1a: Suicune|Suicune|262\/404
|-damage|p1a: Suicune|212\/404|[from] Stealth Rock
|-ability|p1a: Suicune|Pressure
|move|p2a: Mienshao|High Jump Kick|p1a: Suicune
|-damage|p1a: Suicune|21\/404
|-damage|p2a: Mienshao|228\/272|[from] item: Life Orb
|
|-heal|p1a: Suicune|46\/404|[from] item: Leftovers
|turn|81
|
|move|p2a: Mienshao|Knock Off|p1a: Suicune
|-damage|p1a: Suicune|0 fnt
|-enditem|p1a: Suicune|Leftovers|[from] move: Knock Off|[of] p2a: Mienshao
|-damage|p2a: Mienshao|201\/272|[from] item: Life Orb
|faint|p1a: Suicune
|
|
|switch|p1a: fucking cat|Umbreon, F, shiny|322\/394 slp
|-damage|p1a: fucking cat|273\/394 slp|[from] Stealth Rock
|turn|82
|
|cant|p1a: fucking cat|slp
|move|p2a: Mienshao|Fake Out|p1a: fucking cat
|-message|(Fake Out only works your first turn out.)
|-fail|p1a: fucking cat
|
|-heal|p1a: fucking cat|297\/394 slp|[from] item: Leftovers
|turn|83
|
|-curestatus|p1a: fucking cat|slp
|move|p1a: fucking cat|Protect|p1a: fucking cat
|-singleturn|p1a: fucking cat|Protect
|move|p2a: Mienshao|Knock Off|p1a: fucking cat
|-activate|p1a: fucking cat|Protect
|
|-heal|p1a: fucking cat|321\/394|[from] item: Leftovers
|turn|84
|
|move|p1a: fucking cat|Protect|p1a: fucking cat
|-singleturn|p1a: fucking cat|Protect
|move|p2a: Mienshao|High Jump Kick|p1a: fucking cat
|-activate|p1a: fucking cat|Protect
|-damage|p2a: Mienshao|65\/272|[from] highjumpkick
|
|-heal|p1a: fucking cat|345\/394|[from] item: Leftovers
|turn|85
|
|move|p2a: Mienshao|U-turn|p1a: fucking cat
|-supereffective|p1a: fucking cat
|-damage|p1a: fucking cat|142\/394
|-damage|p2a: Mienshao|38\/272|[from] item: Life Orb
|
|switch|p2a: Amoonguss|Amoonguss, F|432\/432
|-damage|p2a: Amoonguss|378\/432|[from] Stealth Rock
|move|p1a: fucking cat|Wish|p1a: fucking cat
|
|-heal|p1a: fucking cat|166\/394|[from] item: Leftovers
|-heal|p2a: Amoonguss|405\/432|[from] item: Black Sludge
|turn|86
|
|move|p1a: fucking cat|Protect|p1a: fucking cat
|-singleturn|p1a: fucking cat|Protect
|move|p2a: Amoonguss|Spore|p1a: fucking cat
|-activate|p1a: fucking cat|Protect
|
|-heal|p1a: fucking cat|363\/394|[from] move: Wish|[wisher] fucking cat
|-heal|p1a: fucking cat|387\/394|[from] item: Leftovers
|-heal|p2a: Amoonguss|432\/432|[from] item: Black Sludge
|turn|87
|
|move|p1a: fucking cat|Wish|p1a: fucking cat
|move|p2a: Amoonguss|Spore|p1a: fucking cat
|-status|p1a: fucking cat|slp
|
|-heal|p1a: fucking cat|394\/394 slp|[from] item: Leftovers
|turn|88
|
|switch|p1a: I'm Gay|Machamp, F|124\/384
|-damage|p1a: I'm Gay|100\/384|[from] Stealth Rock
|move|p2a: Amoonguss|Toxic|p1a: I'm Gay
|-status|p1a: I'm Gay|tox
|
|-heal|p1a: I'm Gay|297\/384 tox|[from] move: Wish|[wisher] fucking cat
|-damage|p1a: I'm Gay|273\/384 tox|[from] psn
|turn|89
|
|move|p1a: I'm Gay|Knock Off|p2a: Amoonguss
|-damage|p2a: Amoonguss|308\/432
|-enditem|p2a: Amoonguss|Black Sludge|[from] move: Knock Off|[of] p1a: I'm Gay
|move|p2a: Amoonguss|Giga Drain|p1a: I'm Gay
|-damage|p1a: I'm Gay|222\/384 tox
|-heal|p2a: Amoonguss|334\/432|[from] drain|[of] p1a: I'm Gay
|
|-damage|p1a: I'm Gay|174\/384 tox|[from] psn
|turn|90
|
|move|p1a: I'm Gay|Dynamic Punch|p2a: Amoonguss
|-resisted|p2a: Amoonguss
|-damage|p2a: Amoonguss|250\/432
|-start|p2a: Amoonguss|confusion
|-activate|p2a: Amoonguss|confusion
|move|p2a: Amoonguss|Giga Drain|p1a: I'm Gay
|-damage|p1a: I'm Gay|117\/384 tox
|-heal|p2a: Amoonguss|279\/432|[from] drain|[of] p1a: I'm Gay
|
|-damage|p1a: I'm Gay|45\/384 tox|[from] psn
|turn|91
|
|switch|p2a: Empoleon|Empoleon, M|326\/372 brn
|-damage|p2a: Empoleon|303\/372 brn|[from] Stealth Rock
|move|p1a: I'm Gay|Stone Edge|p2a: Empoleon
|-crit|p2a: Empoleon
|-resisted|p2a: Empoleon
|-damage|p2a: Empoleon|224\/372 brn
|
|-heal|p2a: Empoleon|247\/372 brn|[from] item: Leftovers
|-damage|p2a: Empoleon|201\/372 brn|[from] brn
|-damage|p1a: I'm Gay|0 fnt|[from] psn
|faint|p1a: I'm Gay
|-message|ZZNN forfeited.
|
|win|gogo1994
|raw|Ladder updating...
|raw|ZZNN's rating: 1470 &rarr; <strong>1440<\/strong><br \/>(-30 for losing)
|raw|gogo1994's rating: 1291 &rarr; <strong>1328<\/strong><br \/>(+37 for winning)
|leave|ZZNN
|player|p1