|join|Emma Bae â¥
|join|ZZNN
|player|p1|Emma Bae â¥|190
|player|p2|ZZNN|144
|gametype|singles
|gen|6
|tier|UU
|rated
|rule|Sleep Clause Mod: Limit one foe put to sleep
|rule|Species Clause: Limit one of each PokÃ©mon
|rule|OHKO Clause: OHKO moves are banned
|rule|Moody Clause: Moody is banned
|rule|Evasion Moves Clause: Evasion moves are banned
|rule|Endless Battle Clause: Forcing endless battles is banned
|rule|HP Percentage Mod: HP is shown in percentages
|clearpoke
|poke|p1|Blastoise, M
|poke|p1|Lucario, F
|poke|p1|Hydreigon, M
|poke|p1|Nidoqueen, F
|poke|p1|Florges, F
|poke|p1|Victini
|poke|p2|Machamp, F
|poke|p2|Umbreon, F, shiny
|poke|p2|Nidoqueen, F
|poke|p2|Arcanine, F
|poke|p2|Mew
|poke|p2|Poliwrath, F
|rule|Swagger Clause: Swagger is banned
|rule|Baton Pass Clause: Limit one PokÃ©mon knowing Baton Pass
|teampreview
|
|start
|switch|p1a: Victini|Victini|341\/341
|switch|p2a: Good Timing|Mew|404\/404
|turn|1
|
|switch|p2a: victinovore|Arcanine, F|384\/384
|-ability|p2a: victinovore|Intimidate|[of] p1a: Victini
|-unboost|p1a: Victini|atk|1
|move|p1a: Victini|V-create|p2a: victinovore
|-resisted|p2a: victinovore
|-damage|p2a: victinovore|276\/384
|-damage|p1a: Victini|285\/341|[from] item: Rocky Helmet|[of] p2a: victinovore
|-unboost|p1a: Victini|def|1
|-unboost|p1a: Victini|spd|1
|-unboost|p1a: Victini|spe|1
|
|turn|2
|
|switch|p1a: Nidoqueen|Nidoqueen, F|321\/321
|move|p2a: victinovore|Will-O-Wisp|p1a: Nidoqueen
|-status|p1a: Nidoqueen|brn
|
|-damage|p1a: Nidoqueen|281\/321 brn|[from] brn
|turn|3
|
|switch|p2a: Good Timing|Mew|404\/404
|move|p1a: Nidoqueen|Stealth Rock|p2a: Good Timing
|-sidestart|p2: ZZNN|move: Stealth Rock
|
|-damage|p1a: Nidoqueen|241\/321 brn|[from] brn
|turn|4
|
|move|p2a: Good Timing|Defog|p1a: Nidoqueen
|-unboost|p1a: Nidoqueen|evasion|1
|-sideend|p2: ZZNN|Stealth Rock|[from] move: Defog|[of] p2a: Good Timing
|move|p1a: Nidoqueen|Sludge Wave|p2a: Good Timing
|-damage|p2a: Good Timing|166\/404
|
|-heal|p2a: Good Timing|191\/404|[from] item: Leftovers
|-damage|p1a: Nidoqueen|201\/321 brn|[from] brn
|turn|5
|
|move|p2a: Good Timing|Roost|p2a: Good Timing
|-heal|p2a: Good Timing|393\/404
|move|p1a: Nidoqueen|Sludge Wave|p2a: Good Timing
|-damage|p2a: Good Timing|166\/404
|
|-heal|p2a: Good Timing|191\/404|[from] item: Leftovers
|-damage|p1a: Nidoqueen|161\/321 brn|[from] brn
|turn|6
|
|switch|p1a: Hydreigon|Hydreigon, M|325\/325
|move|p2a: Good Timing|Roost|p2a: Good Timing
|-heal|p2a: Good Timing|393\/404
|
|-heal|p2a: Good Timing|404\/404|[from] item: Leftovers
|turn|7
|
|switch|p2a: I'm Gay|Machamp, F|384\/384
|move|p1a: Hydreigon|Dark Pulse|p2a: I'm Gay
|-resisted|p2a: I'm Gay
|-damage|p2a: I'm Gay|336\/384
|
|turn|8
|
|switch|p1a: Florges|Florges, F|338\/338
|move|p2a: I'm Gay|Knock Off|p1a: Florges
|-resisted|p1a: Florges
|-damage|p1a: Florges|276\/338
|-enditem|p1a: Florges|Leftovers|[from] move: Knock Off|[of] p2a: I'm Gay
|
|turn|9
|
|switch|p2a: Herbivore|Nidoqueen, F|384\/384
|move|p1a: Florges|Moonblast|p2a: Herbivore
|-resisted|p2a: Herbivore
|-damage|p2a: Herbivore|317\/384
|
|turn|10
|
|switch|p1a: Hydreigon|Hydreigon, M|325\/325
|move|p2a: Herbivore|Stealth Rock|p1a: Hydreigon
|-sidestart|p1: Emma Bae â¥|move: Stealth Rock
|
|turn|11
|
|move|p1a: Hydreigon|Draco Meteor|p2a: Herbivore
|-damage|p2a: Herbivore|56\/384
|-unboost|p1a: Hydreigon|spa|2
|move|p2a: Herbivore|Sludge Wave|p1a: Hydreigon
|-damage|p1a: Hydreigon|79\/325
|
|turn|12
|
|move|p1a: Hydreigon|Draco Meteor|p2a: Herbivore
|-damage|p2a: Herbivore|0 fnt
|-unboost|p1a: Hydreigon|spa|2
|faint|p2a: Herbivore
|
|
|switch|p2a: I'm Gay|Machamp, F|336\/384
|turn|13
|
|move|p1a: Hydreigon|Draco Meteor|p2a: I'm Gay
|-damage|p2a: I'm Gay|288\/384
|-unboost|p1a: Hydreigon|spa|2
|move|p2a: I'm Gay|Dynamic Punch|p1a: Hydreigon
|-supereffective|p1a: Hydreigon
|-damage|p1a: Hydreigon|0 fnt
|faint|p1a: Hydreigon
|
|
|switch|p1a: Blastoise|Blastoise, M|327\/327
|-damage|p1a: Blastoise|287\/327|[from] Stealth Rock
|turn|14
|
|detailschange|p1a: Blastoise|Blastoise-Mega, M
|message|Blastoise has Mega Evolved into Mega Blastoise!
|move|p1a: Blastoise|Rapid Spin|p2a: I'm Gay
|-damage|p2a: I'm Gay|270\/384
|-sideend|p1: Emma Bae â¥|Stealth Rock|[from] move: Rapid Spin|[of] p1a: Blastoise
|move|p2a: I'm Gay|Dynamic Punch|p1a: Blastoise
|-damage|p1a: Blastoise|134\/327
|-start|p1a: Blastoise|confusion
|
|turn|15
|
|-activate|p1a: Blastoise|confusion
|-damage|p1a: Blastoise|109\/327|[from] confusion
|move|p2a: I'm Gay|Dynamic Punch|p1a: Blastoise
|-damage|p1a: Blastoise|0 fnt
|faint|p1a: Blastoise
|
|
|switch|p1a: Victini|Victini|285\/341
|turn|16
|
|switch|p2a: victinovore|Arcanine, F|276\/384
|-ability|p2a: victinovore|Intimidate|[of] p1a: Victini
|-unboost|p1a: Victini|atk|1
|move|p1a: Victini|Bolt Strike|p2a: victinovore
|-damage|p2a: victinovore|169\/384
|-damage|p1a: Victini|229\/341|[from] item: Rocky Helmet|[of] p2a: victinovore
|-status|p2a: victinovore|par
|
|turn|17
|
|switch|p1a: Lucario|Lucario, F|281\/281
|move|p2a: victinovore|Morning Sun|p2a: victinovore
|-heal|p2a: victinovore|361\/384 par
|
|turn|18
|
|move|p1a: Lucario|Close Combat|p2a: victinovore
|-damage|p2a: victinovore|189\/384 par
|-damage|p1a: Lucario|235\/281|[from] item: Rocky Helmet|[of] p2a: victinovore
|-unboost|p1a: Lucario|def|1
|-unboost|p1a: Lucario|spd|1
|cant|p2a: victinovore|par
|
|turn|19
|
|move|p1a: Lucario|Close Combat|p2a: victinovore
|-damage|p2a: victinovore|0 fnt
|-damage|p1a: Lucario|189\/281|[from] item: Rocky Helmet|[of] p2a: victinovore
|-unboost|p1a: Lucario|def|1
|-unboost|p1a: Lucario|spd|1
|faint|p2a: victinovore
|
|
|switch|p2a: too greedy|Poliwrath, F|384\/384
|turn|20
|
|switch|p1a: Florges|Florges, F|276\/338
|move|p2a: too greedy|Circle Throw|p1a: Florges
|-resisted|p1a: Florges
|-damage|p1a: Florges|244\/338
|drag|p1a: Nidoqueen|Nidoqueen, F|161\/321 brn
|
|-damage|p1a: Nidoqueen|121\/321 brn|[from] brn
|turn|21
|
|switch|p2a: Good Timing|Mew|404\/404
|move|p1a: Nidoqueen|Sludge Wave|p2a: Good Timing
|-damage|p2a: Good Timing|180\/404
|
|-heal|p2a: Good Timing|205\/404|[from] item: Leftovers
|-damage|p1a: Nidoqueen|81\/321 brn|[from] brn
|turn|22
|
|move|p2a: Good Timing|Ice Beam|p1a: Nidoqueen
|-supereffective|p1a: Nidoqueen
|-damage|p1a: Nidoqueen|0 fnt
|faint|p1a: Nidoqueen
|
|-heal|p2a: Good Timing|230\/404|[from] item: Leftovers
|
|switch|p1a: Victini|Victini|229\/341
|turn|23
|
|move|p1a: Victini|V-create|p2a: Good Timing
|-damage|p2a: Good Timing|0 fnt
|-unboost|p1a: Victini|def|1
|-unboost|p1a: Victini|spd|1
|-unboost|p1a: Victini|spe|1
|faint|p2a: Good Timing
|
|
|switch|p2a: too greedy|Poliwrath, F|384\/384
|turn|24
|
|switch|p1a: Florges|Florges, F|244\/338
|move|p2a: too greedy|Circle Throw|p1a: Florges
|-resisted|p1a: Florges
|-damage|p1a: Florges|209\/338
|drag|p1a: Victini|Victini|229\/341
|
|turn|25
|
|move|p1a: Victini|Bolt Strike|p2a: too greedy
|-supereffective|p2a: too greedy
|-damage|p2a: too greedy|108\/384
|move|p2a: too greedy|Counter|p1a: Victini
|-damage|p1a: Victini|0 fnt
|faint|p1a: Victini
|
|-heal|p2a: too greedy|132\/384|[from] item: Leftovers
|
|switch|p1a: Lucario|Lucario, F|189\/281
|turn|26
|
|move|p2a: too greedy|Protect|p2a: too greedy
|-singleturn|p2a: too greedy|Protect
|move|p1a: Lucario|Close Combat|p2a: too greedy
|-activate|p2a: too greedy|Protect
|
|-heal|p2a: too greedy|156\/384|[from] item: Leftovers
|turn|27
|
|move|p1a: Lucario|Close Combat|p2a: too greedy
|-damage|p2a: too greedy|3\/384
|-unboost|p1a: Lucario|def|1
|-unboost|p1a: Lucario|spd|1
|move|p2a: too greedy|Counter|p1a: Lucario
|-damage|p1a: Lucario|0 fnt
|faint|p1a: Lucario
|
|-heal|p2a: too greedy|27\/384|[from] item: Leftovers
|c|âEmma Bae â¥|omfg
|c|âZZNN|incredible
|c|âEmma Bae â¥|u sooo lucky --
|
|switch|p1a: Florges|Florges, F|209\/338
|turn|28
|
|move|p1a: Florges|Wish|p1a: Florges
|move|p2a: too greedy|Toxic|p1a: Florges|[miss]
|-miss|p2a: too greedy|p1a: Florges
|
|-heal|p2a: too greedy|51\/384|[from] item: Leftovers
|turn|29
|
|move|p2a: too greedy|Protect|p2a: too greedy
|-singleturn|p2a: too greedy|Protect
|move|p1a: Florges|Moonblast|p2a: too greedy
|-activate|p2a: too greedy|Protect
|
|-heal|p1a: Florges|338\/338|[from] move: Wish|[wisher] Florges
|-heal|p2a: too greedy|75\/384|[from] item: Leftovers
|turn|30
|
|move|p1a: Florges|Moonblast|p2a: too greedy
|-supereffective|p2a: too greedy
|-damage|p2a: too greedy|0 fnt
|faint|p2a: too greedy
|
|
|switch|p2a: fucking cat|Umbreon, F, shiny|394\/394
|turn|31
|
|move|p1a: Florges|Moonblast|p2a: fucking cat
|-supereffective|p2a: fucking cat
|-damage|p2a: fucking cat|238\/394
|-unboost|p2a: fucking cat|spa|1
|move|p2a: fucking cat|Wish|p2a: fucking cat
|
|-heal|p2a: fucking cat|262\/394|[from] item: Leftovers
|turn|32
|
|move|p1a: Florges|Moonblast|p2a: fucking cat
|-supereffective|p2a: fucking cat
|-damage|p2a: fucking cat|106\/394
|-unboost|p2a: fucking cat|spa|1
|move|p2a: fucking cat|Foul Play|p1a: Florges
|-resisted|p1a: Florges
|-damage|p1a: Florges|299\/338
|
|-heal|p2a: fucking cat|303\/394|[from] move: Wish|[wisher] fucking cat
|-heal|p2a: fucking cat|327\/394|[from] item: Leftovers
|turn|33
|
|move|p2a: fucking cat|Protect|p2a: fucking cat
|-singleturn|p2a: fucking cat|Protect
|move|p1a: Florges|Moonblast|p2a: fucking cat
|-activate|p2a: fucking cat|Protect
|
|-heal|p2a: fucking cat|351\/394|[from] item: Leftovers
|turn|34
|
|move|p1a: Florges|Moonblast|p2a: fucking cat
|-supereffective|p2a: fucking cat
|-damage|p2a: fucking cat|201\/394
|move|p2a: fucking cat|Wish|p2a: fucking cat
|
|-heal|p2a: fucking cat|225\/394|[from] item: Leftovers
|turn|35
|
|move|p1a: Florges|Moonblast|p2a: fucking cat
|-supereffective|p2a: fucking cat
|-damage|p2a: fucking cat|69\/394
|-unboost|p2a: fucking cat|spa|1
|move|p2a: fucking cat|Foul Play|p1a: Florges
|-resisted|p1a: Florges
|-damage|p1a: Florges|266\/338
|
|-heal|p2a: fucking cat|266\/394|[from] move: Wish|[wisher] fucking cat
|-heal|p2a: fucking cat|290\/394|[from] item: Leftovers
|turn|36
|
|move|p2a: fucking cat|Protect|p2a: fucking cat
|-singleturn|p2a: fucking cat|Protect
|move|p1a: Florges|Moonblast|p2a: fucking cat
|-activate|p2a: fucking cat|Protect
|
|-heal|p2a: fucking cat|314\/394|[from] item: Leftovers
|turn|37
|
|move|p1a: Florges|Moonblast|p2a: fucking cat
|-supereffective|p2a: fucking cat
|-damage|p2a: fucking cat|150\/394
|move|p2a: fucking cat|Wish|p2a: fucking cat
|
|-heal|p2a: fucking cat|174\/394|[from] item: Leftovers
|turn|38
|
|move|p2a: fucking cat|Protect|p2a: fucking cat
|-singleturn|p2a: fucking cat|Protect
|move|p1a: Florges|Moonblast|p2a: fucking cat
|-activate|p2a: fucking cat|Protect
|
|-heal|p2a: fucking cat|371\/394|[from] move: Wish|[wisher] fucking cat
|-heal|p2a: fucking cat|394\/394|[from] item: Leftovers
|turn|39
|
|move|p1a: Florges|Wish|p1a: Florges
|move|p2a: fucking cat|Wish|p2a: fucking cat
|
|turn|40
|
|switch|p2a: I'm Gay|Machamp, F|270\/384
|move|p1a: Florges|Protect|p1a: Florges
|-fail|p1a: Florges
|
|-heal|p1a: Florges|338\/338|[from] move: Wish|[wisher] Florges
|-heal|p2a: I'm Gay|384\/384|[from] move: Wish|[wisher] fucking cat
|turn|41
|
|move|p1a: Florges|Moonblast|p2a: I'm Gay
|-supereffective|p2a: I'm Gay
|-damage|p2a: I'm Gay|232\/384
|move|p2a: I'm Gay|Dynamic Punch|p1a: Florges
|-resisted|p1a: Florges
|-damage|p1a: Florges|241\/338
|-start|p1a: Florges|confusion
|
|turn|42
|
|-activate|p1a: Florges|confusion
|move|p1a: Florges|Moonblast|p2a: I'm Gay
|-supereffective|p2a: I'm Gay
|-damage|p2a: I'm Gay|64\/384
|move|p2a: I'm Gay|Knock Off|p1a: Florges
|-resisted|p1a: Florges
|-damage|p1a: Florges|202\/338
|
|turn|43
|
|-activate|p1a: Florges|confusion
|move|p1a: Florges|Moonblast|p2a: I'm Gay
|-supereffective|p2a: I'm Gay
|-damage|p2a: I'm Gay|0 fnt
|faint|p2a: I'm Gay
|
|
|switch|p2a: fucking cat|Umbreon, F, shiny|394\/394
|turn|44
|c|âEmma Bae â¥|if your poliwrath dide
|c|âEmma Bae â¥|died
|c|âEmma Bae â¥|from ccc
|c|âEmma Bae â¥|cc*
|c|âEmma Bae â¥|i would have won
|c|âEmma Bae â¥|but you won to hax -_-
|c|âZZNN|draw
|
|-activate|p1a: Florges|confusion
|-damage|p1a: Florges|179\/338|[from] confusion
|move|p2a: fucking cat|Foul Play|p1a: Florges
|-resisted|p1a: Florges
|-damage|p1a: Florges|144\/338
|
|turn|45
|
|-activate|p1a: Florges|confusion
|move|p1a: Florges|Wish|p1a: Florges
|move|p2a: fucking cat|Foul Play|p1a: Florges
|-resisted|p1a: Florges
|-damage|p1a: Florges|105\/338
|
|turn|46
|
|-end|p1a: Florges|confusion
|move|p1a: Florges|Moonblast|p2a: fucking cat
|-crit|p2a: fucking cat
|-supereffective|p2a: fucking cat
|-damage|p2a: fucking cat|160\/394
|move|p2a: fucking cat|Foul Play|p1a: Florges
|-resisted|p1a: Florges
|-damage|p1a: Florges|66\/338
|
|-heal|p1a: Florges|235\/338|[from] move: Wish|[wisher] Florges
|-heal|p2a: fucking cat|184\/394|[from] item: Leftovers
|turn|47
|
|move|p2a: fucking cat|Protect|p2a: fucking cat
|-singleturn|p2a: fucking cat|Protect
|move|p1a: Florges|Moonblast|p2a: fucking cat
|-activate|p2a: fucking cat|Protect
|
|-heal|p2a: fucking cat|208\/394|[from] item: Leftovers
|turn|48
|
|move|p1a: Florges|Moonblast|p2a: fucking cat
|-supereffective|p2a: fucking cat
|-damage|p2a: fucking cat|50\/394
|-unboost|p2a: fucking cat|spa|1
|move|p2a: fucking cat|Wish|p2a: fucking cat
|
|-heal|p2a: fucking cat|74\/394|[from] item: Leftovers
|turn|49
|
|move|p2a: fucking cat|Protect|p2a: fucking cat
|-singleturn|p2a: fucking cat|Protect
|move|p1a: Florges|Wish|p1a: Florges
|
|-heal|p2a: fucking cat|271\/394|[from] move: Wish|[wisher] fucking cat
|-heal|p2a: fucking cat|295\/394|[from] item: Leftovers
|turn|50
|
|move|p1a: Florges|Moonblast|p2a: fucking cat
|-supereffective|p2a: fucking cat
|-damage|p2a: fucking cat|143\/394
|move|p2a: fucking cat|Wish|p2a: fucking cat
|
|-heal|p1a: Florges|338\/338|[from] move: Wish|[wisher] Florges
|-heal|p2a: fucking cat|167\/394|[from] item: Leftovers
|turn|51
|
|move|p1a: Florges|Protect|p1a: Florges
|-singleturn|p1a: Florges|Protect
|move|p2a: fucking cat|Protect|p2a: fucking cat
|-fail|p2a: fucking cat
|
|-heal|p2a: fucking cat|364\/394|[from] move: Wish|[wisher] fucking cat
|-heal|p2a: fucking cat|388\/394|[from] item: Leftovers
|turn|52
|
|move|p2a: fucking cat|Protect|p2a: fucking cat
|-singleturn|p2a: fucking cat|Protect
|move|p1a: Florges|Moonblast|p2a: fucking cat
|-activate|p2a: fucking cat|Protect
|
|-heal|p2a: fucking cat|394\/394|[from] item: Leftovers
|turn|53
|
|move|p1a: Florges|Moonblast|p2a: fucking cat
|-supereffective|p2a: fucking cat
|-damage|p2a: fucking cat|244\/394
|move|p2a: fucking cat|Heal Bell|p2a: fucking cat
|-cureteam|p2a: fucking cat|[from] move: HealBell
|
|-heal|p2a: fucking cat|268\/394|[from] item: Leftovers
|turn|54
|
|move|p2a: fucking cat|Protect|p2a: fucking cat
|-singleturn|p2a: fucking cat|Protect
|move|p1a: Florges|Moonblast|p2a: fucking cat
|-activate|p2a: fucking cat|Protect
|
|-heal|p2a: fucking cat|292\/394|[from] item: Leftovers
|turn|55
|
|move|p1a: Florges|Moonblast|p2a: fucking cat
|-supereffective|p2a: fucking cat
|-damage|p2a: fucking cat|134\/394
|move|p2a: fucking cat|Wish|p2a: fucking cat
|
|-heal|p2a: fucking cat|158\/394|[from] item: Leftovers
|turn|56
|
|move|p2a: fucking cat|Protect|p2a: fucking cat
|-singleturn|p2a: fucking cat|Protect
|move|p1a: Florges|Aromatherapy|p1a: Florges
|-cureteam|p1a: Florges|[from] move: Aromatherapy
|
|-heal|p2a: fucking cat|355\/394|[from] move: Wish|[wisher] fucking cat
|-heal|p2a: fucking cat|379\/394|[from] item: Leftovers
|turn|57
|c|âEmma Bae â¥|.....
|
|move|p1a: Florges|Moonblast|p2a: fucking cat
|-supereffective|p2a: fucking cat
|-damage|p2a: fucking cat|233\/394
|move|p2a: fucking cat|Heal Bell|p2a: fucking cat
|-cureteam|p2a: fucking cat|[from] move: HealBell
|
|-heal|p2a: fucking cat|257\/394|[from] item: Leftovers
|turn|58
|c|âZZNN|draw
|c|âZZNN|?
|c|âEmma Bae â¥|yup
|c|âZZNN|how we draw
|c|âEmma Bae â¥|what now?
|c|âZZNN|im new
|c|âEmma Bae â¥|i am new too lol
|c|âEmma Bae â¥| do \/draw or something
|c|âZZNN|i watch google
|c|âEmma Bae â¥|ok
|c|âZZNN|there is no draw button on showdown i think im giong to return to Pokemon online
|c|âEmma Bae â¥|ok
|c|âEmma Bae â¥|do \/forfeit then
|c|âZZNN|i leave , if you leave too its draw if you stay you won the point its how you want
|c|âEmma Bae â¥|i want to win :\/
|c|âEmma Bae â¥|hahah
|c|âZZNN|ok youre so childish
|c|âEmma Bae â¥|I know ;)
|c|âEmma Bae â¥|there is no draw
|c|âEmma Bae â¥|on showdown
|
|move|p1a: Florges|Aromatherapy|p1a: Florges
|-cureteam|p1a: Florges|[from] move: Aromatherapy
|move|p2a: fucking cat|Wish|p2a: fucking cat
|
|-heal|p2a: fucking cat|281\/394|[from] item: Leftovers
|turn|59
|c|âEmma Bae â¥|i asked mod
|c|âZZNN|ok ask
|c|âEmma Bae â¥|i already asked
|c|âEmma Bae â¥|he said someone has to lose :\/
|c|âEmma Bae â¥|!data umbreon
|c|~|\/data-pokemon Umbreon

|c|âEmma Bae â¥|!data florges
|c|~|\/data-pokemon Florges

|join|AlfonsoCM99
|join|Overlord Jr.
|
|move|p1a: Florges|Protect|p1a: Florges
|-singleturn|p1a: Florges|Protect
|move|p2a: fucking cat|Foul Play|p1a: Florges
|-activate|p1a: Florges|Protect
|
|-heal|p2a: fucking cat|394\/394|[from] move: Wish|[wisher] fucking cat
|turn|60
|
|move|p1a: Florges|Protect|p1a: Florges
|-fail|p1a: Florges
|move|p2a: fucking cat|Foul Play|p1a: Florges
|-crit|p1a: Florges
|-resisted|p1a: Florges
|-damage|p1a: Florges|287\/338
|
|turn|61
|
|move|p1a: Florges|Aromatherapy|p1a: Florges
|-cureteam|p1a: Florges|[from] move: Aromatherapy
|move|p2a: fucking cat|Foul Play|p1a: Florges
|-resisted|p1a: Florges
|-damage|p1a: Florges|251\/338
|
|turn|62
|join|ninetynineflake
|
|move|p1a: Florges|Protect|p1a: Florges
|-singleturn|p1a: Florges|Protect
|move|p2a: fucking cat|Heal Bell|p2a: fucking cat
|-cureteam|p2a: fucking cat|[from] move: HealBell
|
|turn|63
|c|âEmma Bae â¥|what's with all the people joining?
|
|move|p1a: Florges|Protect|p1a: Florges
|-fail|p1a: Florges
|move|p2a: fucking cat|Foul Play|p1a: Florges
|-resisted|p1a: Florges
|-damage|p1a: Florges|212\/338
|
|turn|64
|join|kheiron
|
|move|p1a: Florges|Aromatherapy|p1a: Florges
|-cureteam|p1a: Florges|[from] move: Aromatherapy
|move|p2a: fucking cat|Heal Bell|p2a: fucking cat
|-cureteam|p2a: fucking cat|[from] move: HealBell
|
|turn|65
|
|move|p1a: Florges|Aromatherapy|p1a: Florges
|-cureteam|p1a: Florges|[from] move: Aromatherapy
|move|p2a: fucking cat|Heal Bell|p2a: fucking cat
|-cureteam|p2a: fucking cat|[from] move: HealBell
|
|turn|66
|
|move|p1a: Florges|Protect|p1a: Florges
|-singleturn|p1a: Florges|Protect
|move|p2a: fucking cat|Foul Play|p1a: Florges
|-activate|p1a: Florges|Protect
|
|turn|67
|leave|kheiron
|
|move|p1a: Florges|Aromatherapy|p1a: Florges
|-cureteam|p1a: Florges|[from] move: Aromatherapy
|move|p2a: fucking cat|Foul Play|p1a: Florges
|-resisted|p1a: Florges
|-damage|p1a: Florges|179\/338
|
|turn|68
|
|move|p1a: Florges|Wish|p1a: Florges
|move|p2a: fucking cat|Heal Bell|p2a: fucking cat
|-cureteam|p2a: fucking cat|[from] move: HealBell
|
|turn|69
|
|move|p1a: Florges|Protect|p1a: Florges
|-singleturn|p1a: Florges|Protect
|move|p2a: fucking cat|Heal Bell|p2a: fucking cat
|-cureteam|p2a: fucking cat|[from] move: HealBell
|
|-heal|p1a: Florges|338\/338|[from] move: Wish|[wisher] Florges
|turn|70
|
|move|p1a: Florges|Aromatherapy|p1a: Florges
|-cureteam|p1a: Florges|[from] move: Aromatherapy
|move|p2a: fucking cat|Foul Play|p1a: Florges
|-resisted|p1a: Florges
|-damage|p1a: Florges|304\/338
|
|turn|71
|join|WP Shuckle
|
|move|p1a: Florges|Aromatherapy|p1a: Florges
|-cureteam|p1a: Florges|[from] move: Aromatherapy
|move|p2a: fucking cat|Heal Bell|p2a: fucking cat
|-cureteam|p2a: fucking cat|[from] move: HealBell
|
|turn|72
|
|move|p1a: Florges|Protect|p1a: Florges
|-singleturn|p1a: Florges|Protect
|move|p2a: fucking cat|Foul Play|p1a: Florges
|-activate|p1a: Florges|Protect
|
|turn|73
|
|move|p1a: Florges|Protect|p1a: Florges
|-fail|p1a: Florges
|move|p2a: fucking cat|Foul Play|p1a: Florges
|-resisted|p1a: Florges
|-damage|p1a: Florges|271\/338
|
|turn|74
|c|âEmma Bae â¥|struggle soon xD
|c|âEmma Bae â¥|18 turns left
|
|move|p1a: Florges|Wish|p1a: Florges
|move|p2a: fucking cat|Foul Play|p1a: Florges
|-resisted|p1a: Florges
|-damage|p1a: Florges|238\/338
|
|turn|75
|
|move|p1a: Florges|Protect|p1a: Florges
|-singleturn|p1a: Florges|Protect
|move|p2a: fucking cat|Foul Play|p1a: Florges
|-activate|p1a: Florges|Protect
|
|-heal|p1a: Florges|338\/338|[from] move: Wish|[wisher] Florges
|turn|76
|
|move|p1a: Florges|Protect|p1a: Florges
|-fail|p1a: Florges
|move|p2a: fucking cat|Foul Play|p1a: Florges
|-resisted|p1a: Florges
|-damage|p1a: Florges|305\/338
|
|turn|77
|
|move|p1a: Florges|Wish|p1a: Florges
|move|p2a: fucking cat|Foul Play|p1a: Florges
|-resisted|p1a: Florges
|-damage|p1a: Florges|266\/338
|
|turn|78
|
|move|p1a: Florges|Protect|p1a: Florges
|-singleturn|p1a: Florges|Protect
|move|p2a: fucking cat|Wish|p2a: fucking cat
|
|-heal|p1a: Florges|338\/338|[from] move: Wish|[wisher] Florges
|turn|79
|
|move|p1a: Florges|Protect|p1a: Florges
|-fail|p1a: Florges
|move|p2a: fucking cat|Foul Play|p1a: Florges
|-resisted|p1a: Florges
|-damage|p1a: Florges|304\/338
|
|turn|80
|
|move|p1a: Florges|Wish|p1a: Florges
|move|p2a: fucking cat|Foul Play|p1a: Florges
|-resisted|p1a: Florges
|-damage|p1a: Florges|271\/338
|
|turn|81
|
|move|p1a: Florges|Protect|p1a: Florges
|-singleturn|p1a: Florges|Protect
|move|p2a: fucking cat|Wish|p2a: fucking cat
|
|-heal|p1a: Florges|338\/338|[from] move: Wish|[wisher] Florges
|turn|82
|
|move|p1a: Florges|Protect|p1a: Florges
|-fail|p1a: Florges
|move|p2a: fucking cat|Foul Play|p1a: Florges
|-resisted|p1a: Florges
|-damage|p1a: Florges|304\/338
|
|turn|83
|
|move|p2a: fucking cat|Protect|p2a: fucking cat
|-singleturn|p2a: fucking cat|Protect
|move|p1a: Florges|Wish|p1a: Florges
|
|turn|84
|
|move|p1a: Florges|Wish|p1a: Florges
|-fail|p1a: Florges
|move|p2a: fucking cat|Wish|p2a: fucking cat
|
|-heal|p1a: Florges|338\/338|[from] move: Wish|[wisher] Florges
|turn|85
|
|move|p2a: fucking cat|Protect|p2a: fucking cat
|-singleturn|p2a: fucking cat|Protect
|move|p1a: Florges|Wish|p1a: Florges
|
|turn|86
|
|move|p1a: Florges|Wish|p1a: Florges
|-fail|p1a: Florges
|move|p2a: fucking cat|Foul Play|p1a: Florges
|-resisted|p1a: Florges
|-damage|p1a: Florges|300\/338
|
|-heal|p1a: Florges|338\/338|[from] move: Wish|[wisher] Florges
|turn|87
|
|move|p1a: Florges|Wish|p1a: Florges
|move|p2a: fucking cat|Wish|p2a: fucking cat
|
|turn|88
|
|move|p1a: Florges|Wish|p1a: Florges
|-fail|p1a: Florges
|move|p2a: fucking cat|Foul Play|p1a: Florges
|-resisted|p1a: Florges
|-damage|p1a: Florges|300\/338
|
|-heal|p1a: Florges|338\/338|[from] move: Wish|[wisher] Florges
|turn|89
|
|move|p2a: fucking cat|Protect|p2a: fucking cat
|-singleturn|p2a: fucking cat|Protect
|move|p1a: Florges|Wish|p1a: Florges
|
|turn|90
|
|move|p1a: Florges|Wish|p1a: Florges
|-fail|p1a: Florges
|move|p2a: fucking cat|Foul Play|p1a: Florges
|-crit|p1a: Florges
|-resisted|p1a: Florges
|-damage|p1a: Florges|288\/338
|
|-heal|p1a: Florges|338\/338|[from] move: Wish|[wisher] Florges
|turn|91
|
|move|p1a: Florges|Moonblast|p2a: fucking cat
|-supereffective|p2a: fucking cat
|-damage|p2a: fucking cat|236\/394
|move|p2a: fucking cat|Wish|p2a: fucking cat
|
|-heal|p2a: fucking cat|260\/394|[from] item: Leftovers
|turn|92
|
|move|p2a: fucking cat|Protect|p2a: fucking cat
|-singleturn|p2a: fucking cat|Protect
|-activate|p1a: Florges|move: Struggle
|move|p1a: Florges|Struggle|p2a: fucking cat
|-activate|p2a: fucking cat|Protect
|
|-heal|p2a: fucking cat|394\/394|[from] move: Wish|[wisher] fucking cat
|turn|93
|
|-activate|p1a: Florges|move: Struggle
|move|p1a: Florges|Struggle|p2a: fucking cat
|-damage|p2a: fucking cat|370\/394
|-damage|p1a: Florges|254\/338
|move|p2a: fucking cat|Wish|p2a: fucking cat
|
|-heal|p2a: fucking cat|394\/394|[from] item: Leftovers
|turn|94
|c|âZZNN|gg
|
|-activate|p1a: Florges|move: Struggle
|move|p1a: Florges|Struggle|p2a: fucking cat
|-damage|p2a: fucking cat|372\/394
|-damage|p1a: Florges|170\/338
|move|p2a: fucking cat|Wish|p2a: fucking cat
|-fail|p2a: fucking cat
|
|-heal|p2a: fucking cat|394\/394|[from] move: Wish|[wisher] fucking cat
|turn|95
|
|-activate|p1a: Florges|move: Struggle
|move|p1a: Florges|Struggle|p2a: fucking cat
|-damage|p2a: fucking cat|370\/394
|-damage|p1a: Florges|86\/338
|move|p2a: fucking cat|Wish|p2a: fucking cat
|
|-heal|p2a: fucking cat|394\/394|[from] item: Leftovers
|turn|96
|
|move|p2a: fucking cat|Protect|p2a: fucking cat
|-singleturn|p2a: fucking cat|Protect
|-activate|p1a: Florges|move: Struggle
|move|p1a: Florges|Struggle|p2a: fucking cat
|-activate|p2a: fucking cat|Protect
|
|turn|97
|
|move|p2a: fucking cat|Protect|p2a: fucking cat
|-fail|p2a: fucking cat
|-activate|p1a: Florges|move: Struggle
|move|p1a: Florges|Struggle|p2a: fucking cat
|-crit|p2a: fucking cat
|-damage|p2a: fucking cat|359\/394
|-damage|p1a: Florges|2\/338
|
|-heal|p2a: fucking cat|383\/394|[from] item: Leftovers
|turn|98
|
|move|p2a: fucking cat|Protect|p2a: fucking cat
|-singleturn|p2a: fucking cat|Protect
|-activate|p1a: Florges|move: Struggle
|move|p1a: Florges|Struggle|p2a: fucking cat
|-activate|p2a: fucking cat|Protect
|
|-heal|p2a: fucking cat|394\/394|[from] item: Leftovers
|turn|99
|
|-activate|p1a: Florges|move: Struggle
|move|p1a: Florges|Struggle|p2a: fucking cat
|-damage|p2a: fucking cat|371\/394
|-damage|p1a: Florges|0 fnt
|faint|p1a: Florges
|
|win|ZZNN
|raw|Ladder updating...
|raw|Emma Bae â¥'s rating: 1499 &rarr; <strong>1483<\/strong><br \/>(-16 for losing)
|raw|ZZNN's rating: 1556 &rarr; <strong>1573<\/strong><br \/>(+17 for winning)
|leave|Emma Bae â¥
|player|p1
|leave|WP Shuckle