|join|ZZNN
|join|LT8B Exiline
|player|p1|ZZNN|144
|player|p2|LT8B Exiline|99
|gametype|singles
|gen|6
|tier|UU
|rule|Sleep Clause Mod: Limit one foe put to sleep
|rule|Species Clause: Limit one of each PokÃ©mon
|rule|OHKO Clause: OHKO moves are banned
|rule|Moody Clause: Moody is banned
|rule|Evasion Moves Clause: Evasion moves are banned
|rule|Endless Battle Clause: Forcing endless battles is banned
|rule|HP Percentage Mod: HP is shown in percentages
|clearpoke
|poke|p1|Machamp, F
|poke|p1|Umbreon, F, shiny
|poke|p1|Nidoqueen, F
|poke|p1|Arcanine, F
|poke|p1|Gligar, M
|poke|p1|Poliwrath, F
|poke|p2|Zygarde
|poke|p2|Roserade, M
|poke|p2|Darmanitan, M
|poke|p2|Gligar, F
|poke|p2|Blastoise, M
|poke|p2|Jirachi
|rule|Swagger Clause: Swagger is banned
|rule|Baton Pass Clause: Limit one PokÃ©mon knowing Baton Pass
|teampreview
|c|âLT8B Exiline|gl hf
|c|âLT8B Exiline|(et c est une random RMT)
|c|âZZNN|zygrde est redescendu
|c|âLT8B Exiline|y
|c|âZZNN|je suis mort
|c|âLT8B Exiline|;)))
|c|âZZNN|je vais essayer
|
|start
|switch|p1a: Gligar|Gligar, M|334\/334
|switch|p2a: I just want hands|Roserade, M|324\/324
|turn|1
|
|move|p2a: I just want hands|Toxic Spikes|p1a: Gligar
|-sidestart|p1: ZZNN|move: Toxic Spikes
|move|p1a: Gligar|Taunt|p2a: I just want hands
|-start|p2a: I just want hands|move: Taunt
|
|turn|2
|
|switch|p2a: not hax|Jirachi|341\/341
|move|p1a: Gligar|Defog|p2a: not hax
|-unboost|p2a: not hax|evasion|1
|-sideend|p1: ZZNN|Toxic Spikes|[from] move: Defog|[of] p1a: Gligar
|
|turn|3
|c|âLT8B Exiline|ah ue
|c|âLT8B Exiline|strong
|
|switch|p1a: victinovore|Arcanine, F|384\/384
|-ability|p1a: victinovore|Intimidate|[of] p2a: not hax
|-unboost|p2a: not hax|atk|1
|move|p2a: not hax|U-turn|p1a: victinovore
|-resisted|p1a: victinovore
|-damage|p1a: victinovore|364\/384
|-damage|p2a: not hax|285\/341|[from] item: Rocky Helmet|[of] p1a: victinovore
|
|switch|p2a: I wnt mega|Blastoise, M|322\/322
|
|turn|4
|
|switch|p2a: "RESIST"|Darmanitan, M|351\/351
|switch|p1a: too greedy|Poliwrath, F|384\/384
|
|turn|5
|
|move|p2a: "RESIST"|U-turn|p1a: too greedy
|-resisted|p1a: too greedy
|-damage|p1a: too greedy|339\/384
|
|switch|p2a: I just want hands|Roserade, M|324\/324
|move|p1a: too greedy|Circle Throw|p2a: I just want hands|[miss]
|-miss|p1a: too greedy|p2a: I just want hands
|
|-heal|p1a: too greedy|363\/384|[from] item: Leftovers
|turn|6
|c|âLT8B Exiline|dsl
|c|âZZNN|mdr
|
|switch|p1a: Gligar|Gligar, M|334\/334
|move|p2a: I just want hands|Giga Drain|p1a: Gligar
|-damage|p1a: Gligar|237\/334
|
|turn|7
|c|âLT8B Exiline|ah ue
|
|move|p2a: I just want hands|Sleep Powder|p1a: Gligar
|-status|p1a: Gligar|slp
|cant|p1a: Gligar|slp
|
|turn|8
|c|âLT8B Exiline|SpDef
|c|âZZNN|non
|c|âZZNN|def au max
|c|âZZNN|mais j'ai eviolite
|
|switch|p2a: "RESIST"|Darmanitan, M|351\/351
|switch|p1a: I'm Gay|Machamp, F|384\/384
|
|turn|9
|c|âLT8B Exiline|ah ok t es weak roserade
|
|move|p2a: "RESIST"|Flare Blitz|p1a: I'm Gay
|-damage|p1a: I'm Gay|0 fnt
|-damage|p2a: "RESIST"|224\/351|[from] recoil|[of] p1a: I'm Gay
|faint|p1a: I'm Gay
|
|c|âZZNN|ok
|c|âLT8B Exiline|Poweerful
|
|switch|p1a: victinovore|Arcanine, F|364\/384
|-ability|p1a: victinovore|Intimidate|[of] p2a: "RESIST"
|-unboost|p2a: "RESIST"|atk|1
|turn|10
|
|switch|p2a: I just want hands|Roserade, M|324\/324
|move|p1a: victinovore|Will-O-Wisp|p2a: I just want hands
|-status|p2a: I just want hands|brn
|
|-damage|p2a: I just want hands|284\/324 brn|[from] brn
|turn|11
|
|switch|p2a: I wnt mega|Blastoise, M|322\/322
|move|p1a: victinovore|Flare Blitz|p2a: I wnt mega
|-resisted|p2a: I wnt mega
|-damage|p2a: I wnt mega|252\/322
|-damage|p1a: victinovore|341\/384|[from] recoil|[of] p2a: I wnt mega
|
|turn|12
|
|switch|p2a: I just want hands|Roserade, M|284\/324
|switch|p1a: fucking cat|Umbreon, F, shiny|394\/394
|
|-heal|p2a: I just want hands|304\/324|[from] item: Black Sludge
|turn|13
|
|move|p2a: I just want hands|Sludge Bomb|p1a: fucking cat
|-damage|p1a: fucking cat|313\/394
|-status|p1a: fucking cat|psn
|move|p1a: fucking cat|Wish|p1a: fucking cat
|
|-heal|p2a: I just want hands|324\/324|[from] item: Black Sludge
|-heal|p1a: fucking cat|337\/394 psn|[from] item: Leftovers
|-damage|p1a: fucking cat|288\/394 psn|[from] psn
|turn|14
|
|switch|p2a: not hax|Jirachi|285\/341
|move|p1a: fucking cat|Heal Bell|p1a: fucking cat
|-cureteam|p1a: fucking cat|[from] move: HealBell
|
|-heal|p1a: fucking cat|394\/394|[from] move: Wish|[wisher] fucking cat
|turn|15
|
|move|p1a: fucking cat|Protect|p1a: fucking cat
|-singleturn|p1a: fucking cat|Protect
|move|p2a: not hax|U-turn|p1a: fucking cat
|-activate|p1a: fucking cat|Protect
|
|turn|16
|
|switch|p2a: "BALANCED"|Zygarde|404\/404
|-ability|p2a: "BALANCED"|Aura Break
|move|p1a: fucking cat|Wish|p1a: fucking cat
|
|turn|17
|c|âZZNN|cette chiasse
|
|switch|p1a: Gligar|Gligar, M|237\/334
|move|p2a: "BALANCED"|Substitute|p2a: "BALANCED"
|-start|p2a: "BALANCED"|Substitute
|-damage|p2a: "BALANCED"|303\/404
|
|-heal|p1a: Gligar|334\/334|[from] move: Wish|[wisher] fucking cat
|-heal|p2a: "BALANCED"|328\/404|[from] item: Leftovers
|turn|18
|
|move|p2a: "BALANCED"|Coil|p2a: "BALANCED"
|-boost|p2a: "BALANCED"|atk|1
|-boost|p2a: "BALANCED"|def|1
|-boost|p2a: "BALANCED"|accuracy|1
|move|p1a: Gligar|Taunt|p2a: "BALANCED"
|-start|p2a: "BALANCED"|move: Taunt
|
|-heal|p2a: "BALANCED"|353\/404|[from] item: Leftovers
|turn|19
|c|âLT8B Exiline|:]
|c|âLT8B Exiline|ah ue
|
|switch|p1a: victinovore|Arcanine, F|341\/384
|-activate|p2a: "BALANCED"|Substitute|ability: Intimidate|[of] p1a: victinovore
|move|p2a: "BALANCED"|Dragon Tail|p1a: victinovore
|-damage|p1a: victinovore|247\/384
|-damage|p2a: "BALANCED"|286\/404|[from] item: Rocky Helmet|[of] p1a: victinovore
|drag|p1a: fucking cat|Umbreon, F, shiny|394\/394
|
|-heal|p2a: "BALANCED"|311\/404|[from] item: Leftovers
|turn|20
|c|âZZNN|j'ai rien la vraiment
|
|move|p2a: "BALANCED"|Earthquake|p1a: fucking cat
|-damage|p1a: fucking cat|225\/394
|move|p1a: fucking cat|Foul Play|p2a: "BALANCED"
|-activate|p2a: "BALANCED"|Substitute|[damage]
|
|-heal|p2a: "BALANCED"|336\/404|[from] item: Leftovers
|-heal|p1a: fucking cat|249\/394|[from] item: Leftovers
|turn|21
|c|âZZNN|ca te casse meme pas le clone
|c|âZZNN|mdr
|c|âZZNN|gg
|c|âLT8B Exiline|:)
|
|move|p1a: fucking cat|Foul Play|p2a: "BALANCED"
|-end|p2a: "BALANCED"|Substitute
|move|p2a: "BALANCED"|Dragon Tail|p1a: fucking cat
|-damage|p1a: fucking cat|156\/394
|drag|p1a: too greedy|Poliwrath, F|363\/384
|
|-heal|p2a: "BALANCED"|361\/404|[from] item: Leftovers
|-heal|p1a: too greedy|384\/384|[from] item: Leftovers
|-end|p2a: "BALANCED"|move: Taunt
|turn|22
|
|move|p2a: "BALANCED"|Substitute|p2a: "BALANCED"
|-start|p2a: "BALANCED"|Substitute
|-damage|p2a: "BALANCED"|260\/404
|move|p1a: too greedy|Circle Throw|p2a: "BALANCED"
|-activate|p2a: "BALANCED"|Substitute|[damage]
|
|-heal|p2a: "BALANCED"|285\/404|[from] item: Leftovers
|turn|23
|
|move|p2a: "BALANCED"|Coil|p2a: "BALANCED"
|-boost|p2a: "BALANCED"|atk|1
|-boost|p2a: "BALANCED"|def|1
|-boost|p2a: "BALANCED"|accuracy|1
|move|p1a: too greedy|Circle Throw|p2a: "BALANCED"
|-activate|p2a: "BALANCED"|Substitute|[damage]
|
|-heal|p2a: "BALANCED"|310\/404|[from] item: Leftovers
|turn|24
|c|âZZNN|c affligeant
|
|move|p2a: "BALANCED"|Coil|p2a: "BALANCED"
|-boost|p2a: "BALANCED"|atk|1
|-boost|p2a: "BALANCED"|def|1
|-boost|p2a: "BALANCED"|accuracy|1
|move|p1a: too greedy|Circle Throw|p2a: "BALANCED"
|-activate|p2a: "BALANCED"|Substitute|[damage]
|
|-heal|p2a: "BALANCED"|335\/404|[from] item: Leftovers
|turn|25
|c|âLT8B Exiline|mais c est vrai
|c|âLT8B Exiline|que j ai win au match up
|
|move|p2a: "BALANCED"|Coil|p2a: "BALANCED"
|-boost|p2a: "BALANCED"|atk|1
|-boost|p2a: "BALANCED"|def|1
|-boost|p2a: "BALANCED"|accuracy|1
|move|p1a: too greedy|Circle Throw|p2a: "BALANCED"
|-end|p2a: "BALANCED"|Substitute
|
|-heal|p2a: "BALANCED"|360\/404|[from] item: Leftovers
|turn|26
|c|âLT8B Exiline|!!!!
|
|switch|p1a: victinovore|Arcanine, F|247\/384
|-ability|p1a: victinovore|Intimidate|[of] p2a: "BALANCED"
|-unboost|p2a: "BALANCED"|atk|1
|move|p2a: "BALANCED"|Coil|p2a: "BALANCED"
|-boost|p2a: "BALANCED"|atk|1
|-boost|p2a: "BALANCED"|def|1
|-boost|p2a: "BALANCED"|accuracy|1
|
|-heal|p2a: "BALANCED"|385\/404|[from] item: Leftovers
|turn|27
|
|move|p2a: "BALANCED"|Earthquake|p1a: victinovore
|-supereffective|p1a: victinovore
|-damage|p1a: victinovore|0 fnt
|faint|p1a: victinovore
|
|-heal|p2a: "BALANCED"|404\/404|[from] item: Leftovers
|c|âLT8B Exiline|missclick
|c|âLT8B Exiline|(sur le tour 26)
|c|âZZNN|tu me outspeed en plus
|
|switch|p1a: Gligar|Gligar, M|334\/334
|turn|28
|c|âLT8B Exiline|j ai 300 de speed ;)
|
|move|p2a: "BALANCED"|Coil|p2a: "BALANCED"
|-boost|p2a: "BALANCED"|atk|1
|-boost|p2a: "BALANCED"|def|1
|-boost|p2a: "BALANCED"|accuracy|1
|move|p1a: Gligar|Taunt|p2a: "BALANCED"
|-start|p2a: "BALANCED"|move: Taunt
|
|turn|29
|c|âLT8B Exiline|Oo
|c|âLT8B Exiline|je me fail 2 fois
|
|switch|p1a: fucking cat|Umbreon, F, shiny|156\/394
|move|p2a: "BALANCED"|Dragon Tail|p1a: fucking cat
|-damage|p1a: fucking cat|0 fnt
|faint|p1a: fucking cat
|
|
|switch|p1a: too greedy|Poliwrath, F|384\/384
|turn|30
|c|âLT8B Exiline| j ai un problem avec le sub xD
|c|âZZNN|1 chance sur 2 mon gars
|
|move|p2a: "BALANCED"|Earthquake|p1a: too greedy
|-damage|p1a: too greedy|101\/384
|move|p1a: too greedy|Counter|p2a: "BALANCED"
|-damage|p2a: "BALANCED"|0 fnt
|faint|p2a: "BALANCED"
|
|-heal|p1a: too greedy|125\/384|[from] item: Leftovers
|c|âLT8B Exiline|strong
|c|âZZNN|hÃ©hÃ©
|
|switch|p2a: I just want hands|Roserade, M|324\/324
|turn|31
|c|âLT8B Exiline|je pensais kill
|c|âZZNN|ss estime la bete bleue
|c|âLT8B Exiline|et j ai hesite a Dtail :'(
|
|move|p1a: too greedy|Protect|p1a: too greedy
|-singleturn|p1a: too greedy|Protect
|move|p2a: I just want hands|Giga Drain|p1a: too greedy
|-activate|p1a: too greedy|Protect
|
|-heal|p1a: too greedy|149\/384|[from] item: Leftovers
|turn|32
|
|switch|p1a: Gligar|Gligar, M|334\/334
|move|p2a: I just want hands|Giga Drain|p1a: Gligar
|-damage|p1a: Gligar|234\/334
|
|turn|33
|
|switch|p1a: Herbivore|Nidoqueen, F|384\/384
|move|p2a: I just want hands|Sleep Powder|p1a: Herbivore
|-status|p1a: Herbivore|slp
|
|turn|34
|
|switch|p2a: not hax|Jirachi|285\/341
|switch|p1a: Gligar|Gligar, M|234\/334
|
|turn|35
|
|move|p2a: not hax|Trick|p1a: Gligar
|-activate|p2a: not hax|move: Trick|[of] p1a: Gligar
|-item|p1a: Gligar|Choice Scarf|[from] move: Trick
|-item|p2a: not hax|Eviolite|[from] move: Trick
|move|p1a: Gligar|Roost|p1a: Gligar
|-heal|p1a: Gligar|334\/334
|
|turn|36
|
|switch|p1a: too greedy|Poliwrath, F|149\/384
|move|p2a: not hax|U-turn|p1a: too greedy
|-resisted|p1a: too greedy
|-damage|p1a: too greedy|125\/384
|
|switch|p2a: I just want hands|Roserade, M|324\/324
|
|-heal|p1a: too greedy|149\/384|[from] item: Leftovers
|turn|37
|
|move|p1a: too greedy|Protect|p1a: too greedy
|-singleturn|p1a: too greedy|Protect
|move|p2a: I just want hands|Giga Drain|p1a: too greedy
|-activate|p1a: too greedy|Protect
|
|-heal|p1a: too greedy|173\/384|[from] item: Leftovers
|turn|38
|
|switch|p1a: Herbivore|Nidoqueen, F|384\/384 slp
|move|p2a: I just want hands|Giga Drain|p1a: Herbivore
|-damage|p1a: Herbivore|251\/384 slp
|
|turn|39
|
|switch|p1a: Gligar|Gligar, M|334\/334
|move|p2a: I just want hands|Giga Drain|p1a: Gligar
|-damage|p1a: Gligar|184\/334
|
|turn|40
|
|move|p1a: Gligar|Roost|p1a: Gligar
|-heal|p1a: Gligar|334\/334
|move|p2a: I just want hands|Giga Drain|p1a: Gligar
|-supereffective|p1a: Gligar
|-damage|p1a: Gligar|14\/334
|
|turn|41
|
|move|p1a: Gligar|Roost|p1a: Gligar
|-heal|p1a: Gligar|181\/334
|move|p2a: I just want hands|Giga Drain|p1a: Gligar
|-crit|p1a: Gligar
|-supereffective|p1a: Gligar
|-damage|p1a: Gligar|0 fnt
|faint|p1a: Gligar
|
|c|âZZNN|magnifique
|
|switch|p1a: Herbivore|Nidoqueen, F|251\/384 slp
|turn|42
|
|move|p2a: I just want hands|Giga Drain|p1a: Herbivore
|-damage|p1a: Herbivore|131\/384 slp
|cant|p1a: Herbivore|slp
|
|turn|43
|
|switch|p2a: I wnt mega|Blastoise, M|252\/322
|cant|p1a: Herbivore|slp
|
|turn|44
|c|âLT8B Exiline|j ai pas confiance en ma luck
|c|âLT8B Exiline|donc je vais sac xD
|
|switch|p1a: too greedy|Poliwrath, F|173\/384
|detailschange|p2a: I wnt mega|Blastoise-Mega, M
|message|Blastoise has Mega Evolved into Mega Blastoise!
|move|p2a: I wnt mega|Ice Beam|p1a: too greedy
|-resisted|p1a: too greedy
|-damage|p1a: too greedy|108\/384
|
|-heal|p1a: too greedy|132\/384|[from] item: Leftovers
|turn|45
|
|move|p2a: I wnt mega|Dark Pulse|p1a: too greedy
|-crit|p1a: too greedy
|-resisted|p1a: too greedy
|-damage|p1a: too greedy|0 fnt
|faint|p1a: too greedy
|
|c|âZZNN|tu devrais portant
|
|switch|p1a: Herbivore|Nidoqueen, F|131\/384 slp
|turn|46
|
|move|p2a: I wnt mega|Scald|p1a: Herbivore
|-supereffective|p1a: Herbivore
|-damage|p1a: Herbivore|0 fnt
|faint|p1a: Herbivore
|
|win|LT8B Exiline
|c|âZZNN|bien jouÃ©
|c|âLT8B Exiline|j ai l habiude ;)
|c|âLT8B Exiline|gg
|c|âZZNN|mais je pense que Zygarde