|join|ZZNN
|join|TheMrx747
|player|p1|ZZNN|144
|player|p2|TheMrx747|92
|gametype|singles
|gen|6
|tier|UU
|rated
|rule|Sleep Clause Mod: Limit one foe put to sleep
|rule|Species Clause: Limit one of each PokÃ©mon
|rule|OHKO Clause: OHKO moves are banned
|rule|Moody Clause: Moody is banned
|rule|Evasion Moves Clause: Evasion moves are banned
|rule|Endless Battle Clause: Forcing endless battles is banned
|rule|HP Percentage Mod: HP is shown in percentages
|clearpoke
|poke|p1|Machamp, F
|poke|p1|Umbreon, F, shiny
|poke|p1|Nidoqueen, F
|poke|p1|Arcanine, F
|poke|p1|Mew
|poke|p1|Poliwrath, F
|poke|p2|Jolteon, F
|poke|p2|Donphan, F
|poke|p2|Empoleon, M
|poke|p2|Celebi
|poke|p2|Darmanitan, F
|poke|p2|Honchkrow, M
|rule|Swagger Clause: Swagger is banned
|rule|Baton Pass Clause: Limit one PokÃ©mon knowing Baton Pass
|teampreview
|c|âTheMrx747|glhf
|c|âZZNN|gl
|
|start
|switch|p1a: Good Timing|Mew|404\/404
|switch|p2a: Ohm|Jolteon, F|272\/272
|turn|1
|
|move|p2a: Ohm|Volt Switch|p1a: Good Timing
|-damage|p1a: Good Timing|251\/404
|
|switch|p2a: Baxter|Darmanitan, F|351\/351
|move|p1a: Good Timing|Roost|p1a: Good Timing
|-heal|p1a: Good Timing|404\/404
|
|turn|2
|
|switch|p1a: victinovore|Arcanine, F|384\/384
|-ability|p1a: victinovore|Intimidate|[of] p2a: Baxter
|-unboost|p2a: Baxter|atk|1
|move|p2a: Baxter|U-turn|p1a: victinovore
|-resisted|p1a: victinovore
|-damage|p1a: victinovore|358\/384
|-damage|p2a: Baxter|293\/351|[from] item: Rocky Helmet|[of] p1a: victinovore
|
|switch|p2a: Bruce|Donphan, F|384\/384
|
|turn|3
|
|switch|p1a: Good Timing|Mew|404\/404
|move|p2a: Bruce|Stealth Rock|p1a: Good Timing
|-sidestart|p1: ZZNN|move: Stealth Rock
|
|turn|4
|
|move|p1a: Good Timing|Defog|p2a: Bruce
|-unboost|p2a: Bruce|evasion|1
|-sideend|p1: ZZNN|Stealth Rock|[from] move: Defog|[of] p1a: Good Timing
|move|p2a: Bruce|Earthquake|p1a: Good Timing
|-damage|p1a: Good Timing|292\/404
|
|-heal|p1a: Good Timing|317\/404|[from] item: Leftovers
|turn|5
|
|move|p1a: Good Timing|Magic Coat|p1a: Good Timing
|-singleturn|p1a: Good Timing|move: Magic Coat
|move|p2a: Bruce|Stealth Rock|p1a: Good Timing
|move|p1a: Good Timing|Stealth Rock|p2a: Bruce|[from]Magic Coat
|-sidestart|p2: TheMrx747|move: Stealth Rock
|
|-heal|p1a: Good Timing|342\/404|[from] item: Leftovers
|turn|6
|
|move|p1a: Good Timing|Ice Beam|p2a: Bruce
|-supereffective|p2a: Bruce
|-damage|p2a: Bruce|140\/384
|move|p2a: Bruce|Rapid Spin|p1a: Good Timing
|-damage|p1a: Good Timing|327\/404
|-sideend|p2: TheMrx747|Stealth Rock|[from] move: Rapid Spin|[of] p2a: Bruce
|
|-heal|p1a: Good Timing|352\/404|[from] item: Leftovers
|-heal|p2a: Bruce|164\/384|[from] item: Leftovers
|turn|7
|
|switch|p2a: Poseidon|Empoleon, M|372\/372
|move|p1a: Good Timing|Ice Beam|p2a: Poseidon
|-resisted|p2a: Poseidon
|-damage|p2a: Poseidon|359\/372
|
|-heal|p1a: Good Timing|377\/404|[from] item: Leftovers
|-heal|p2a: Poseidon|372\/372|[from] item: Leftovers
|turn|8
|
|switch|p1a: I'm Gay|Machamp, F|384\/384
|move|p2a: Poseidon|Scald|p1a: I'm Gay
|-damage|p1a: I'm Gay|320\/384
|
|turn|9
|
|move|p2a: Poseidon|Stealth Rock|p1a: I'm Gay
|-sidestart|p1: ZZNN|move: Stealth Rock
|move|p1a: I'm Gay|Knock Off|p2a: Poseidon
|-damage|p2a: Poseidon|232\/372
|-enditem|p2a: Poseidon|Leftovers|[from] move: Knock Off|[of] p1a: I'm Gay
|
|turn|10
|
|switch|p2a: Bruce|Donphan, F|164\/384
|switch|p1a: Good Timing|Mew|377\/404
|-damage|p1a: Good Timing|327\/404|[from] Stealth Rock
|
|-heal|p1a: Good Timing|352\/404|[from] item: Leftovers
|-heal|p2a: Bruce|188\/384|[from] item: Leftovers
|turn|11
|
|move|p1a: Good Timing|Defog|p2a: Bruce
|-unboost|p2a: Bruce|evasion|1
|-sideend|p1: ZZNN|Stealth Rock|[from] move: Defog|[of] p1a: Good Timing
|move|p2a: Bruce|Earthquake|p1a: Good Timing
|-damage|p1a: Good Timing|252\/404
|
|-heal|p1a: Good Timing|277\/404|[from] item: Leftovers
|-heal|p2a: Bruce|212\/384|[from] item: Leftovers
|turn|12
|
|move|p1a: Good Timing|Ice Beam|p2a: Bruce
|-supereffective|p2a: Bruce
|-damage|p2a: Bruce|0 fnt
|faint|p2a: Bruce
|
|-heal|p1a: Good Timing|302\/404|[from] item: Leftovers
|
|switch|p2a: Xylem|Celebi|342\/342
|turn|13
|
|switch|p1a: I'm Gay|Machamp, F|320\/384
|move|p2a: Xylem|Nasty Plot|p2a: Xylem
|-boost|p2a: Xylem|spa|2
|
|turn|14
|
|move|p2a: Xylem|Giga Drain|p1a: I'm Gay
|-damage|p1a: I'm Gay|155\/384
|move|p1a: I'm Gay|Knock Off|p2a: Xylem
|-supereffective|p2a: Xylem
|-damage|p2a: Xylem|98\/342
|-enditem|p2a: Xylem|Leftovers|[from] move: Knock Off|[of] p1a: I'm Gay
|
|turn|15
|c|âTheMrx747|ughh misclick
|
|switch|p1a: fucking cat|Umbreon, F, shiny|394\/394
|move|p2a: Xylem|Giga Drain|p1a: fucking cat
|-damage|p1a: fucking cat|253\/394
|-heal|p2a: Xylem|169\/342|[from] drain|[of] p1a: fucking cat
|
|-heal|p1a: fucking cat|277\/394|[from] item: Leftovers
|turn|16
|
|move|p2a: Xylem|Giga Drain|p1a: fucking cat
|-damage|p1a: fucking cat|127\/394
|-heal|p2a: Xylem|244\/342|[from] drain|[of] p1a: fucking cat
|move|p1a: fucking cat|Foul Play|p2a: Xylem
|-supereffective|p2a: Xylem
|-damage|p2a: Xylem|50\/342
|
|-heal|p1a: fucking cat|151\/394|[from] item: Leftovers
|turn|17
|
|switch|p2a: Wendy|Honchkrow, M|342\/342
|move|p1a: fucking cat|Protect|p1a: fucking cat
|-fail|p1a: fucking cat
|
|-heal|p1a: fucking cat|175\/394|[from] item: Leftovers
|turn|18
|
|move|p1a: fucking cat|Protect|p1a: fucking cat
|-singleturn|p1a: fucking cat|Protect
|move|p2a: Wendy|Brave Bird|p1a: fucking cat
|-activate|p1a: fucking cat|Protect
|
|-heal|p1a: fucking cat|199\/394|[from] item: Leftovers
|turn|19
|
|switch|p1a: victinovore|Arcanine, F|358\/384
|-ability|p1a: victinovore|Intimidate|[of] p2a: Wendy
|-unboost|p2a: Wendy|atk|1
|move|p2a: Wendy|Brave Bird|p1a: victinovore
|-damage|p1a: victinovore|189\/384
|-damage|p2a: Wendy|285\/342|[from] item: Rocky Helmet|[of] p1a: victinovore
|-damage|p2a: Wendy|229\/342|[from] recoil|[of] p1a: victinovore
|-damage|p2a: Wendy|195\/342|[from] item: Life Orb
|
|turn|20
|
|switch|p2a: Poseidon|Empoleon, M|232\/372
|move|p1a: victinovore|Morning Sun|p1a: victinovore
|-heal|p1a: victinovore|381\/384
|
|turn|21
|
|switch|p1a: Good Timing|Mew|302\/404
|move|p2a: Poseidon|Scald|p1a: Good Timing
|-damage|p1a: Good Timing|208\/404
|
|-heal|p1a: Good Timing|233\/404|[from] item: Leftovers
|turn|22
|
|move|p1a: Good Timing|Roost|p1a: Good Timing
|-heal|p1a: Good Timing|404\/404
|move|p2a: Poseidon|Scald|p1a: Good Timing
|-damage|p1a: Good Timing|296\/404
|
|-heal|p1a: Good Timing|321\/404|[from] item: Leftovers
|turn|23
|
|move|p1a: Good Timing|Ice Beam|p2a: Poseidon
|-resisted|p2a: Poseidon
|-damage|p2a: Poseidon|218\/372
|move|p2a: Poseidon|Stealth Rock|p1a: Good Timing
|-sidestart|p1: ZZNN|move: Stealth Rock
|
|-heal|p1a: Good Timing|346\/404|[from] item: Leftovers
|turn|24
|
|switch|p2a: Wendy|Honchkrow, M|195\/342
|move|p1a: Good Timing|Defog|p2a: Wendy
|-unboost|p2a: Wendy|evasion|1
|-sideend|p1: ZZNN|Stealth Rock|[from] move: Defog|[of] p1a: Good Timing
|
|-heal|p1a: Good Timing|371\/404|[from] item: Leftovers
|turn|25
|
|switch|p1a: victinovore|Arcanine, F|381\/384
|-ability|p1a: victinovore|Intimidate|[of] p2a: Wendy
|-unboost|p2a: Wendy|atk|1
|move|p2a: Wendy|Roost|p2a: Wendy
|-heal|p2a: Wendy|342\/342
|
|turn|26
|
|switch|p2a: Poseidon|Empoleon, M|218\/372
|move|p1a: victinovore|Will-O-Wisp|p2a: Poseidon
|-status|p2a: Poseidon|brn
|
|-damage|p2a: Poseidon|172\/372 brn|[from] brn
|turn|27
|
|switch|p1a: Good Timing|Mew|371\/404
|move|p2a: Poseidon|Stealth Rock|p1a: Good Timing
|-sidestart|p1: ZZNN|move: Stealth Rock
|
|-heal|p1a: Good Timing|396\/404|[from] item: Leftovers
|-damage|p2a: Poseidon|126\/372 brn|[from] brn
|turn|28
|
|move|p1a: Good Timing|Defog|p2a: Poseidon
|-unboost|p2a: Poseidon|evasion|1
|-sideend|p1: ZZNN|Stealth Rock|[from] move: Defog|[of] p1a: Good Timing
|move|p2a: Poseidon|Scald|p1a: Good Timing
|-damage|p1a: Good Timing|284\/404
|
|-heal|p1a: Good Timing|309\/404|[from] item: Leftovers
|-damage|p2a: Poseidon|80\/372 brn|[from] brn
|turn|29
|
|move|p1a: Good Timing|Magic Coat|p1a: Good Timing
|-singleturn|p1a: Good Timing|move: Magic Coat
|move|p2a: Poseidon|Scald|p1a: Good Timing
|-crit|p1a: Good Timing
|-damage|p1a: Good Timing|90\/404
|
|-heal|p1a: Good Timing|115\/404|[from] item: Leftovers
|-damage|p2a: Poseidon|34\/372 brn|[from] brn
|turn|30
|
|move|p1a: Good Timing|Roost|p1a: Good Timing
|-heal|p1a: Good Timing|317\/404
|move|p2a: Poseidon|Scald|p1a: Good Timing
|-damage|p1a: Good Timing|169\/404
|
|-heal|p1a: Good Timing|194\/404|[from] item: Leftovers
|-damage|p2a: Poseidon|0 fnt|[from] brn
|faint|p2a: Poseidon
|
|switch|p2a: Baxter|Darmanitan, F|293\/351
|turn|31
|
|switch|p1a: victinovore|Arcanine, F|381\/384
|-ability|p1a: victinovore|Intimidate|[of] p2a: Baxter
|-unboost|p2a: Baxter|atk|1
|move|p2a: Baxter|U-turn|p1a: victinovore
|-resisted|p1a: victinovore
|-damage|p1a: victinovore|357\/384
|-damage|p2a: Baxter|235\/351|[from] item: Rocky Helmet|[of] p1a: victinovore
|
|switch|p2a: Ohm|Jolteon, F|272\/272
|
|turn|32
|
|switch|p2a: Xylem|Celebi|50\/342
|switch|p1a: Herbivore|Nidoqueen, F|384\/384
|
|turn|33
|
|move|p2a: Xylem|Giga Drain|p1a: Herbivore
|-damage|p1a: Herbivore|233\/384
|-heal|p2a: Xylem|126\/342|[from] drain|[of] p1a: Herbivore
|move|p1a: Herbivore|Sludge Wave|p2a: Xylem
|-supereffective|p2a: Xylem
|-damage|p2a: Xylem|0 fnt
|faint|p2a: Xylem
|
|
|switch|p2a: Baxter|Darmanitan, F|235\/351
|turn|34
|c|âTheMrx747|Your team has a really good core xD
|c|âTheMrx747|Props
|
|switch|p1a: victinovore|Arcanine, F|357\/384
|-ability|p1a: victinovore|Intimidate|[of] p2a: Baxter
|-unboost|p2a: Baxter|atk|1
|move|p2a: Baxter|Earthquake|p1a: victinovore
|-supereffective|p1a: victinovore
|-damage|p1a: victinovore|225\/384
|
|turn|35
|c|âZZNN|and very bulky
|
|move|p2a: Baxter|Earthquake|p1a: victinovore
|-crit|p1a: victinovore
|-supereffective|p1a: victinovore
|-damage|p1a: victinovore|0 fnt
|faint|p1a: victinovore
|
|c|âTheMrx747|Yeah
|
|switch|p1a: too greedy|Poliwrath, F|384\/384
|turn|36
|
|switch|p2a: Ohm|Jolteon, F|272\/272
|move|p1a: too greedy|Toxic|p2a: Ohm
|-status|p2a: Ohm|tox
|
|-damage|p2a: Ohm|255\/272 tox|[from] psn
|turn|37
|
|move|p1a: too greedy|Protect|p1a: too greedy
|-singleturn|p1a: too greedy|Protect
|move|p2a: Ohm|Thunderbolt|p1a: too greedy
|-activate|p1a: too greedy|Protect
|
|-damage|p2a: Ohm|221\/272 tox|[from] psn
|turn|38
|
|switch|p1a: fucking cat|Umbreon, F, shiny|199\/394
|move|p2a: Ohm|Thunderbolt|p1a: fucking cat
|-damage|p1a: fucking cat|81\/394
|
|-heal|p1a: fucking cat|105\/394|[from] item: Leftovers
|-damage|p2a: Ohm|170\/272 tox|[from] psn
|turn|39
|
|switch|p2a: Baxter|Darmanitan, F|235\/351
|move|p1a: fucking cat|Protect|p1a: fucking cat
|-fail|p1a: fucking cat
|
|-heal|p1a: fucking cat|129\/394|[from] item: Leftovers
|turn|40
|
|move|p1a: fucking cat|Protect|p1a: fucking cat
|-singleturn|p1a: fucking cat|Protect
|move|p2a: Baxter|Flare Blitz|p1a: fucking cat
|-activate|p1a: fucking cat|Protect
|
|-heal|p1a: fucking cat|153\/394|[from] item: Leftovers
|turn|41
|
|switch|p1a: I'm Gay|Machamp, F|155\/384
|move|p2a: Baxter|Flare Blitz|p1a: I'm Gay
|-damage|p1a: I'm Gay|0 fnt
|-damage|p2a: Baxter|184\/351|[from] recoil|[of] p1a: I'm Gay
|faint|p1a: I'm Gay
|
|
|switch|p1a: Good Timing|Mew|194\/404
|turn|42
|
|move|p2a: Baxter|Flare Blitz|p1a: Good Timing
|-damage|p1a: Good Timing|0 fnt
|-damage|p2a: Baxter|120\/351|[from] recoil|[of] p1a: Good Timing
|faint|p1a: Good Timing
|
|
|switch|p1a: too greedy|Poliwrath, F|384\/384
|turn|43
|
|switch|p2a: Ohm|Jolteon, F|170\/272 tox
|move|p1a: too greedy|Circle Throw|p2a: Ohm
|-damage|p2a: Ohm|73\/272 tox
|drag|p2a: Baxter|Darmanitan, F|120\/351
|
|turn|44
|
|move|p1a: too greedy|Protect|p1a: too greedy
|-singleturn|p1a: too greedy|Protect
|move|p2a: Baxter|Superpower|p1a: too greedy
|-activate|p1a: too greedy|Protect
|
|turn|45
|
|switch|p1a: Herbivore|Nidoqueen, F|233\/384
|move|p2a: Baxter|Superpower|p1a: Herbivore
|-resisted|p1a: Herbivore
|-damage|p1a: Herbivore|150\/384
|-unboost|p2a: Baxter|atk|1
|-unboost|p2a: Baxter|def|1
|
|turn|46
|
|move|p2a: Baxter|Superpower|p1a: Herbivore
|-resisted|p1a: Herbivore
|-damage|p1a: Herbivore|90\/384
|-unboost|p2a: Baxter|atk|1
|-unboost|p2a: Baxter|def|1
|move|p1a: Herbivore|Stealth Rock|p2a: Baxter
|-sidestart|p2: TheMrx747|move: Stealth Rock
|
|turn|47
|
|move|p2a: Baxter|Superpower|p1a: Herbivore
|-resisted|p1a: Herbivore
|-damage|p1a: Herbivore|49\/384
|-unboost|p2a: Baxter|atk|1
|-unboost|p2a: Baxter|def|1
|move|p1a: Herbivore|Stealth Rock|p2a: Baxter
|-fail|p2a: Baxter
|
|turn|48
|
|switch|p1a: fucking cat|Umbreon, F, shiny|153\/394
|move|p2a: Baxter|Superpower|p1a: fucking cat
|-supereffective|p1a: fucking cat
|-damage|p1a: fucking cat|51\/394
|-unboost|p2a: Baxter|atk|1
|-unboost|p2a: Baxter|def|1
|
|-heal|p1a: fucking cat|75\/394|[from] item: Leftovers
|turn|49
|
|move|p1a: fucking cat|Protect|p1a: fucking cat
|-singleturn|p1a: fucking cat|Protect
|move|p2a: Baxter|Superpower|p1a: fucking cat
|-activate|p1a: fucking cat|Protect
|
|-heal|p1a: fucking cat|99\/394|[from] item: Leftovers
|turn|50
|
|move|p2a: Baxter|Superpower|p1a: fucking cat
|-supereffective|p1a: fucking cat
|-damage|p1a: fucking cat|7\/394
|-unboost|p2a: Baxter|atk|1
|-unboost|p2a: Baxter|def|1
|move|p1a: fucking cat|Wish|p1a: fucking cat
|
|-heal|p1a: fucking cat|31\/394|[from] item: Leftovers
|turn|51
|
|switch|p2a: Wendy|Honchkrow, M|342\/342
|-damage|p2a: Wendy|257\/342|[from] Stealth Rock
|move|p1a: fucking cat|Protect|p1a: fucking cat
|-fail|p1a: fucking cat
|
|-heal|p1a: fucking cat|228\/394|[from] move: Wish|[wisher] fucking cat
|-heal|p1a: fucking cat|252\/394|[from] item: Leftovers
|turn|52
|
|move|p1a: fucking cat|Protect|p1a: fucking cat
|-singleturn|p1a: fucking cat|Protect
|move|p2a: Wendy|Brave Bird|p1a: fucking cat
|-activate|p1a: fucking cat|Protect
|
|-heal|p1a: fucking cat|276\/394|[from] item: Leftovers
|turn|53
|
|move|p2a: Wendy|Superpower|p1a: fucking cat
|-supereffective|p1a: fucking cat
|-damage|p1a: fucking cat|0 fnt
|-unboost|p2a: Wendy|atk|1
|-unboost|p2a: Wendy|def|1
|-damage|p2a: Wendy|223\/342|[from] item: Life Orb
|faint|p1a: fucking cat
|-boost|p2a: Wendy|atk|1|[from] ability: Moxie
|
|
|switch|p1a: too greedy|Poliwrath, F|384\/384
|turn|54
|
|move|p2a: Wendy|Brave Bird|p1a: too greedy
|-supereffective|p1a: too greedy
|-damage|p1a: too greedy|0 fnt
|-damage|p2a: Wendy|96\/342|[from] recoil|[of] p1a: too greedy
|-damage|p2a: Wendy|62\/342|[from] item: Life Orb
|faint|p1a: too greedy
|-boost|p2a: Wendy|atk|1|[from] ability: Moxie
|
|leave|ZZNN
|player|p1
|-message|zznn lost due to inactivity.
|
|win|TheMrx747
|raw|Ladder updating...
|raw|ZZNN's rating: 1515 &rarr; <strong>1487<\/strong><br \/>(-28 for losing)
|raw|TheMrx747's rating: 1360 &rarr; <strong>1388<\/strong><br \/>(+28 for winning)