|join|ZZNN
|join|TimidTotodile
|player|p1|ZZNN|144
|player|p2|TimidTotodile|284
|gametype|singles
|gen|6
|tier|UU
|rated
|rule|Sleep Clause Mod: Limit one foe put to sleep
|rule|Species Clause: Limit one of each PokÃ©mon
|rule|OHKO Clause: OHKO moves are banned
|rule|Moody Clause: Moody is banned
|rule|Evasion Moves Clause: Evasion moves are banned
|rule|Endless Battle Clause: Forcing endless battles is banned
|rule|HP Percentage Mod: HP is shown in percentages
|clearpoke
|poke|p1|Machamp, F
|poke|p1|Umbreon, F, shiny
|poke|p1|Nidoqueen, F
|poke|p1|Arcanine, F
|poke|p1|Mew
|poke|p1|Poliwrath, F
|poke|p2|Porygon-Z
|poke|p2|Swampert, M
|poke|p2|Chandelure, F
|poke|p2|Braviary, M
|poke|p2|Forretress, F
|poke|p2|Goodra, F
|rule|Swagger Clause: Swagger is banned
|rule|Baton Pass Clause: Limit one PokÃ©mon knowing Baton Pass
|teampreview
|
|start
|switch|p1a: Good Timing|Mew|404\/404
|switch|p2a: Swampert|Swampert, M|404\/404
|turn|1
|
|move|p1a: Good Timing|Magic Coat|p1a: Good Timing
|-singleturn|p1a: Good Timing|move: Magic Coat
|move|p2a: Swampert|Stealth Rock|p1a: Good Timing
|move|p1a: Good Timing|Stealth Rock|p2a: Swampert|[from]Magic Coat
|-sidestart|p2: TimidTotodile|move: Stealth Rock
|
|turn|2
|
|move|p1a: Good Timing|Ice Beam|p2a: Swampert
|-damage|p2a: Swampert|315\/404
|move|p2a: Swampert|Earthquake|p1a: Good Timing
|-damage|p1a: Good Timing|305\/404
|
|-heal|p1a: Good Timing|330\/404|[from] item: Leftovers
|-heal|p2a: Swampert|340\/404|[from] item: Leftovers
|turn|3
|
|move|p1a: Good Timing|Magic Coat|p1a: Good Timing
|-singleturn|p1a: Good Timing|move: Magic Coat
|move|p2a: Swampert|Stealth Rock|p1a: Good Timing
|move|p1a: Good Timing|Stealth Rock|p2a: Swampert|[from]Magic Coat
|-fail|p2a: Swampert
|
|-heal|p1a: Good Timing|355\/404|[from] item: Leftovers
|-heal|p2a: Swampert|365\/404|[from] item: Leftovers
|turn|4
|
|move|p1a: Good Timing|Ice Beam|p2a: Swampert
|-damage|p2a: Swampert|282\/404
|move|p2a: Swampert|Stealth Rock|p1a: Good Timing
|-sidestart|p1: ZZNN|move: Stealth Rock
|
|-heal|p1a: Good Timing|380\/404|[from] item: Leftovers
|-heal|p2a: Swampert|307\/404|[from] item: Leftovers
|turn|5
|
|move|p1a: Good Timing|Defog|p2a: Swampert
|-unboost|p2a: Swampert|evasion|1
|-sideend|p2: TimidTotodile|Stealth Rock|[from] move: Defog|[of] p2a: Swampert
|-sideend|p1: ZZNN|Stealth Rock|[from] move: Defog|[of] p1a: Good Timing
|move|p2a: Swampert|Scald|p1a: Good Timing
|-damage|p1a: Good Timing|292\/404
|
|-heal|p1a: Good Timing|317\/404|[from] item: Leftovers
|-heal|p2a: Swampert|332\/404|[from] item: Leftovers
|turn|6
|
|move|p1a: Good Timing|Ice Beam|p2a: Swampert
|-damage|p2a: Swampert|245\/404
|move|p2a: Swampert|Earthquake|p1a: Good Timing
|-crit|p1a: Good Timing
|-damage|p1a: Good Timing|160\/404
|
|-heal|p1a: Good Timing|185\/404|[from] item: Leftovers
|-heal|p2a: Swampert|270\/404|[from] item: Leftovers
|turn|7
|
|switch|p2a: Chandelure|Chandelure, F|261\/261
|move|p1a: Good Timing|Roost|p1a: Good Timing
|-heal|p1a: Good Timing|387\/404
|
|-heal|p1a: Good Timing|404\/404|[from] item: Leftovers
|turn|8
|
|switch|p1a: I'm Gay|Machamp, F|384\/384
|move|p2a: Chandelure|Substitute|p2a: Chandelure
|-start|p2a: Chandelure|Substitute
|-damage|p2a: Chandelure|196\/261
|
|-heal|p2a: Chandelure|212\/261|[from] item: Leftovers
|turn|9
|
|move|p2a: Chandelure|Flamethrower|p1a: I'm Gay
|-damage|p1a: I'm Gay|267\/384
|-status|p1a: I'm Gay|brn
|move|p1a: I'm Gay|Knock Off|p2a: Chandelure
|-supereffective|p2a: Chandelure
|-end|p2a: Chandelure|Substitute
|
|-heal|p2a: Chandelure|228\/261|[from] item: Leftovers
|-damage|p1a: I'm Gay|219\/384 brn|[from] brn
|turn|10
|c|âZZNN|that hax guy
|c|âZZNN|thats insane
|
|switch|p2a: Swampert|Swampert, M|270\/404
|switch|p1a: fucking cat|Umbreon, F, shiny|394\/394
|
|-heal|p2a: Swampert|295\/404|[from] item: Leftovers
|turn|11
|
|move|p1a: fucking cat|Heal Bell|p1a: fucking cat
|-cureteam|p1a: fucking cat|[from] move: HealBell
|move|p2a: Swampert|Stealth Rock|p1a: fucking cat
|-sidestart|p1: ZZNN|move: Stealth Rock
|
|-heal|p2a: Swampert|320\/404|[from] item: Leftovers
|turn|12
|
|switch|p2a: Forretress|Forretress, F|354\/354
|move|p1a: fucking cat|Wish|p1a: fucking cat
|
|turn|13
|
|switch|p1a: I'm Gay|Machamp, F|219\/384
|-damage|p1a: I'm Gay|195\/384|[from] Stealth Rock
|move|p2a: Forretress|Volt Switch|p1a: I'm Gay
|-crit|p1a: I'm Gay
|-damage|p1a: I'm Gay|157\/384
|
|switch|p2a: Braviary|Braviary, M|341\/341
|
|-heal|p1a: I'm Gay|354\/384|[from] move: Wish|[wisher] fucking cat
|turn|14
|
|switch|p1a: Good Timing|Mew|404\/404
|-damage|p1a: Good Timing|354\/404|[from] Stealth Rock
|move|p2a: Braviary|Brave Bird|p1a: Good Timing
|-damage|p1a: Good Timing|198\/404
|-damage|p2a: Braviary|290\/341|[from] recoil|[of] p1a: Good Timing
|
|-heal|p1a: Good Timing|223\/404|[from] item: Leftovers
|turn|15
|
|switch|p2a: Chandelure|Chandelure, F|228\/261
|move|p1a: Good Timing|Defog|p2a: Chandelure
|-unboost|p2a: Chandelure|evasion|1
|-sideend|p1: ZZNN|Stealth Rock|[from] move: Defog|[of] p1a: Good Timing
|
|-heal|p2a: Chandelure|244\/261|[from] item: Leftovers
|-heal|p1a: Good Timing|248\/404|[from] item: Leftovers
|turn|16
|
|switch|p1a: I'm Gay|Machamp, F|354\/384
|move|p2a: Chandelure|Shadow Ball|p1a: I'm Gay
|-damage|p1a: I'm Gay|240\/384
|
|-heal|p2a: Chandelure|260\/261|[from] item: Leftovers
|turn|17
|
|switch|p2a: Swampert|Swampert, M|320\/404
|move|p1a: I'm Gay|Dynamic Punch|p2a: Swampert
|-damage|p2a: Swampert|173\/404
|-start|p2a: Swampert|confusion
|
|-heal|p2a: Swampert|198\/404|[from] item: Leftovers
|turn|18
|
|switch|p1a: Good Timing|Mew|248\/404
|-activate|p2a: Swampert|confusion
|-damage|p2a: Swampert|169\/404|[from] confusion
|
|-heal|p1a: Good Timing|273\/404|[from] item: Leftovers
|-heal|p2a: Swampert|194\/404|[from] item: Leftovers
|turn|19
|
|switch|p2a: Chandelure|Chandelure, F|260\/261
|move|p1a: Good Timing|Ice Beam|p2a: Chandelure
|-resisted|p2a: Chandelure
|-damage|p2a: Chandelure|219\/261
|
|-heal|p2a: Chandelure|235\/261|[from] item: Leftovers
|-heal|p1a: Good Timing|298\/404|[from] item: Leftovers
|turn|20
|
|switch|p1a: fucking cat|Umbreon, F, shiny|394\/394
|move|p2a: Chandelure|Substitute|p2a: Chandelure
|-start|p2a: Chandelure|Substitute
|-damage|p2a: Chandelure|170\/261
|
|-heal|p2a: Chandelure|186\/261|[from] item: Leftovers
|turn|21
|
|move|p2a: Chandelure|Calm Mind|p2a: Chandelure
|-boost|p2a: Chandelure|spa|1
|-boost|p2a: Chandelure|spd|1
|move|p1a: fucking cat|Foul Play|p2a: Chandelure
|-supereffective|p2a: Chandelure
|-end|p2a: Chandelure|Substitute
|
|-heal|p2a: Chandelure|202\/261|[from] item: Leftovers
|turn|22
|
|switch|p2a: Swampert|Swampert, M|194\/404
|move|p1a: fucking cat|Foul Play|p2a: Swampert
|-damage|p2a: Swampert|98\/404
|
|-heal|p2a: Swampert|123\/404|[from] item: Leftovers
|turn|23
|
|switch|p1a: Good Timing|Mew|298\/404
|move|p2a: Swampert|Stealth Rock|p1a: Good Timing
|-sidestart|p1: ZZNN|move: Stealth Rock
|
|-heal|p1a: Good Timing|323\/404|[from] item: Leftovers
|-heal|p2a: Swampert|148\/404|[from] item: Leftovers
|turn|24
|
|switch|p2a: Porygon-Z|Porygon-Z|312\/312
|move|p1a: Good Timing|Defog|p2a: Porygon-Z
|-unboost|p2a: Porygon-Z|evasion|1
|-sideend|p1: ZZNN|Stealth Rock|[from] move: Defog|[of] p1a: Good Timing
|
|-heal|p1a: Good Timing|348\/404|[from] item: Leftovers
|turn|25
|
|switch|p1a: victinovore|Arcanine, F|384\/384
|-ability|p1a: victinovore|Intimidate|[of] p2a: Porygon-Z
|-unboost|p2a: Porygon-Z|atk|1
|move|p2a: Porygon-Z|Nasty Plot|p2a: Porygon-Z
|-boost|p2a: Porygon-Z|spa|2
|
|turn|26
|
|move|p2a: Porygon-Z|Tri Attack|p1a: victinovore
|-damage|p1a: victinovore|0 fnt
|-damage|p2a: Porygon-Z|281\/312|[from] item: Life Orb
|faint|p1a: victinovore
|
|
|switch|p1a: I'm Gay|Machamp, F|240\/384
|turn|27
|
|move|p2a: Porygon-Z|Tri Attack|p1a: I'm Gay
|-damage|p1a: I'm Gay|0 fnt
|-damage|p2a: Porygon-Z|250\/312|[from] item: Life Orb
|faint|p1a: I'm Gay
|
|
|switch|p1a: Herbivore|Nidoqueen, F|384\/384
|turn|28
|
|move|p2a: Porygon-Z|Tri Attack|p1a: Herbivore
|-damage|p1a: Herbivore|0 fnt
|-damage|p2a: Porygon-Z|219\/312|[from] item: Life Orb
|faint|p1a: Herbivore
|
|
|switch|p1a: Good Timing|Mew|348\/404
|turn|29
|
|move|p2a: Porygon-Z|Dark Pulse|p1a: Good Timing
|-supereffective|p1a: Good Timing
|-damage|p1a: Good Timing|0 fnt
|-damage|p2a: Porygon-Z|188\/312|[from] item: Life Orb
|faint|p1a: Good Timing
|
|-message|ZZNN forfeited.
|leave|ZZNN
|
|win|TimidTotodile
|raw|Ladder updating...
|player|p1
|raw|ZZNN's rating: 1537 &rarr; <strong>1518<\/strong><br \/>(-19 for losing)
|raw|TimidTotodile's rating: 1555 &rarr; <strong>1574<\/strong><br \/>(+19 for winning)