|join|Gyaraqueen
|join|ZZNN
|player|p1|Gyaraqueen|224
|player|p2|ZZNN|144
|gametype|singles
|gen|6
|tier|UU
|rated
|rule|Sleep Clause Mod: Limit one foe put to sleep
|rule|Species Clause: Limit one of each PokÃ©mon
|rule|OHKO Clause: OHKO moves are banned
|rule|Moody Clause: Moody is banned
|rule|Evasion Moves Clause: Evasion moves are banned
|rule|Endless Battle Clause: Forcing endless battles is banned
|rule|HP Percentage Mod: HP is shown in percentages
|clearpoke
|poke|p1|Whimsicott, F
|poke|p1|Raikou, shiny
|poke|p1|Lucario, M
|poke|p1|Blissey, F
|poke|p1|Victini
|poke|p1|Flygon, F
|poke|p2|Machamp, F
|poke|p2|Umbreon, F, shiny
|poke|p2|Nidoqueen, F
|poke|p2|Arcanine, F
|poke|p2|Mew
|poke|p2|Poliwrath, F
|rule|Swagger Clause: Swagger is banned
|rule|Baton Pass Clause: Limit one PokÃ©mon knowing Baton Pass
|teampreview
|
|start
|switch|p1a: Flygon|Flygon, F|364\/364
|switch|p2a: Herbivore|Nidoqueen, F|384\/384
|turn|1
|
|switch|p2a: Good Timing|Mew|404\/404
|move|p1a: Flygon|Earthquake|p2a: Good Timing
|-damage|p2a: Good Timing|323\/404
|
|-heal|p2a: Good Timing|348\/404|[from] item: Leftovers
|turn|2
|
|move|p1a: Flygon|U-turn|p2a: Good Timing
|-supereffective|p2a: Good Timing
|-damage|p2a: Good Timing|260\/404
|
|switch|p1a: Victini|Victini|341\/341
|move|p2a: Good Timing|Ice Beam|p1a: Victini
|-resisted|p1a: Victini
|-damage|p1a: Victini|309\/341
|
|-heal|p2a: Good Timing|285\/404|[from] item: Leftovers
|turn|3
|
|switch|p2a: victinovore|Arcanine, F|384\/384
|-ability|p2a: victinovore|Intimidate|[of] p1a: Victini
|-unboost|p1a: Victini|atk|1
|move|p1a: Victini|U-turn|p2a: victinovore
|-resisted|p2a: victinovore
|-damage|p2a: victinovore|365\/384
|-damage|p1a: Victini|253\/341|[from] item: Rocky Helmet|[of] p2a: victinovore
|
|switch|p1a: Flygon|Flygon, F|364\/364
|
|turn|4
|
|switch|p2a: Good Timing|Mew|285\/404
|move|p1a: Flygon|Earthquake|p2a: Good Timing
|-damage|p2a: Good Timing|201\/404
|
|-heal|p2a: Good Timing|226\/404|[from] item: Leftovers
|turn|5
|
|move|p1a: Flygon|U-turn|p2a: Good Timing
|-supereffective|p2a: Good Timing
|-damage|p2a: Good Timing|142\/404
|
|switch|p1a: Raikou|Raikou, shiny|335\/335
|-ability|p1a: Raikou|Pressure
|move|p2a: Good Timing|Roost|p2a: Good Timing
|-heal|p2a: Good Timing|344\/404
|
|-heal|p2a: Good Timing|369\/404|[from] item: Leftovers
|turn|6
|
|switch|p2a: fucking cat|Umbreon, F, shiny|394\/394
|move|p1a: Raikou|Substitute|p1a: Raikou
|-start|p1a: Raikou|Substitute
|-damage|p1a: Raikou|252\/335
|
|-heal|p1a: Raikou|272\/335|[from] item: Leftovers
|turn|7
|
|switch|p2a: I'm Gay|Machamp, F|384\/384
|move|p1a: Raikou|Calm Mind|p1a: Raikou
|-boost|p1a: Raikou|spa|1
|-boost|p1a: Raikou|spd|1
|
|-heal|p1a: Raikou|292\/335|[from] item: Leftovers
|turn|8
|
|move|p1a: Raikou|Thunderbolt|p2a: I'm Gay
|-damage|p2a: I'm Gay|248\/384
|move|p2a: I'm Gay|Dynamic Punch|p1a: Raikou
|-end|p1a: Raikou|Substitute
|
|-heal|p1a: Raikou|312\/335|[from] item: Leftovers
|turn|9
|
|switch|p1a: Whimsicott|Whimsicott, F|323\/323
|move|p2a: I'm Gay|Dynamic Punch|p1a: Whimsicott
|-resisted|p1a: Whimsicott
|-damage|p1a: Whimsicott|253\/323
|-start|p1a: Whimsicott|confusion
|
|-heal|p1a: Whimsicott|273\/323|[from] item: Leftovers
|turn|10
|
|switch|p2a: Herbivore|Nidoqueen, F|384\/384
|-activate|p1a: Whimsicott|confusion
|move|p1a: Whimsicott|Leech Seed|p2a: Herbivore
|-start|p2a: Herbivore|move: Leech Seed
|
|-heal|p1a: Whimsicott|293\/323|[from] item: Leftovers
|-damage|p2a: Herbivore|336\/384|[from] Leech Seed|[of] p1a: Whimsicott
|-heal|p1a: Whimsicott|323\/323|[silent]
|turn|11
|
|switch|p1a: Flygon|Flygon, F|364\/364
|move|p2a: Herbivore|Stealth Rock|p1a: Flygon
|-sidestart|p1: Gyaraqueen|move: Stealth Rock
|
|-damage|p2a: Herbivore|288\/384|[from] Leech Seed|[of] p1a: Flygon
|turn|12
|
|switch|p2a: Good Timing|Mew|369\/404
|move|p1a: Flygon|Defog|p2a: Good Timing
|-unboost|p2a: Good Timing|evasion|1
|-sideend|p1: Gyaraqueen|Stealth Rock|[from] move: Defog|[of] p1a: Flygon
|
|-heal|p2a: Good Timing|394\/404|[from] item: Leftovers
|turn|13
|
|switch|p2a: victinovore|Arcanine, F|365\/384
|-ability|p2a: victinovore|Intimidate|[of] p1a: Flygon
|-unboost|p1a: Flygon|atk|1
|move|p1a: Flygon|U-turn|p2a: victinovore
|-resisted|p2a: victinovore
|-damage|p2a: victinovore|349\/384
|-damage|p1a: Flygon|304\/364|[from] item: Rocky Helmet|[of] p2a: victinovore
|
|switch|p1a: Blissey|Blissey, F|714\/714
|
|turn|14
|
|switch|p2a: I'm Gay|Machamp, F|248\/384
|move|p1a: Blissey|Stealth Rock|p2a: I'm Gay
|-sidestart|p2: ZZNN|move: Stealth Rock
|
|turn|15
|
|switch|p1a: Whimsicott|Whimsicott, F|323\/323
|move|p2a: I'm Gay|Knock Off|p1a: Whimsicott
|-resisted|p1a: Whimsicott
|-damage|p1a: Whimsicott|277\/323
|-enditem|p1a: Whimsicott|Leftovers|[from] move: Knock Off|[of] p2a: I'm Gay
|
|turn|16
|
|switch|p2a: Herbivore|Nidoqueen, F|288\/384
|-damage|p2a: Herbivore|264\/384|[from] Stealth Rock
|move|p1a: Whimsicott|Moonblast|p2a: Herbivore
|-resisted|p2a: Herbivore
|-damage|p2a: Herbivore|214\/384
|
|turn|17
|
|switch|p1a: Flygon|Flygon, F|304\/364
|move|p2a: Herbivore|Stealth Rock|p1a: Flygon
|-sidestart|p1: Gyaraqueen|move: Stealth Rock
|
|-heal|p1a: Flygon|326\/364|[from] item: Leftovers
|turn|18
|
|switch|p2a: Good Timing|Mew|394\/404
|-damage|p2a: Good Timing|344\/404|[from] Stealth Rock
|move|p1a: Flygon|U-turn|p2a: Good Timing
|-supereffective|p2a: Good Timing
|-damage|p2a: Good Timing|258\/404
|
|switch|p1a: Raikou|Raikou, shiny|312\/335
|-damage|p1a: Raikou|271\/335|[from] Stealth Rock
|-ability|p1a: Raikou|Pressure
|
|-heal|p1a: Raikou|291\/335|[from] item: Leftovers
|-heal|p2a: Good Timing|283\/404|[from] item: Leftovers
|turn|19
|
|switch|p2a: I'm Gay|Machamp, F|248\/384
|-damage|p2a: I'm Gay|224\/384|[from] Stealth Rock
|move|p1a: Raikou|Substitute|p1a: Raikou
|-start|p1a: Raikou|Substitute
|-damage|p1a: Raikou|208\/335
|
|-heal|p1a: Raikou|228\/335|[from] item: Leftovers
|turn|20
|
|move|p1a: Raikou|Thunderbolt|p2a: I'm Gay
|-damage|p2a: I'm Gay|119\/384
|move|p2a: I'm Gay|Dynamic Punch|p1a: Raikou
|-end|p1a: Raikou|Substitute
|
|-heal|p1a: Raikou|248\/335|[from] item: Leftovers
|turn|21
|
|switch|p1a: Whimsicott|Whimsicott, F|277\/323
|-damage|p1a: Whimsicott|237\/323|[from] Stealth Rock
|move|p2a: I'm Gay|Dynamic Punch|p1a: Whimsicott
|-resisted|p1a: Whimsicott
|-damage|p1a: Whimsicott|171\/323
|-start|p1a: Whimsicott|confusion
|
|turn|22
|
|-activate|p1a: Whimsicott|confusion
|-damage|p1a: Whimsicott|158\/323|[from] confusion
|move|p2a: I'm Gay|Stone Edge|p1a: Whimsicott
|-damage|p1a: Whimsicott|60\/323
|
|turn|23
|
|move|p2a: I'm Gay|Bullet Punch|p1a: Whimsicott
|-supereffective|p1a: Whimsicott
|-damage|p1a: Whimsicott|0 fnt
|faint|p1a: Whimsicott
|
|
|switch|p1a: Flygon|Flygon, F|326\/364
|-damage|p1a: Flygon|304\/364|[from] Stealth Rock
|turn|24
|
|move|p1a: Flygon|Earthquake|p2a: I'm Gay
|-damage|p2a: I'm Gay|0 fnt
|faint|p2a: I'm Gay
|
|-heal|p1a: Flygon|326\/364|[from] item: Leftovers
|
|switch|p2a: too greedy|Poliwrath, F|384\/384
|-damage|p2a: too greedy|360\/384|[from] Stealth Rock
|turn|25
|
|move|p1a: Flygon|Defog|p2a: too greedy
|-unboost|p2a: too greedy|evasion|1
|-sideend|p2: ZZNN|Stealth Rock|[from] move: Defog|[of] p2a: too greedy
|-sideend|p1: Gyaraqueen|Stealth Rock|[from] move: Defog|[of] p1a: Flygon
|move|p2a: too greedy|Toxic|p1a: Flygon|[miss]
|-miss|p2a: too greedy|p1a: Flygon
|
|-heal|p1a: Flygon|348\/364|[from] item: Leftovers
|-heal|p2a: too greedy|384\/384|[from] item: Leftovers
|turn|26
|
|move|p1a: Flygon|U-turn|p2a: too greedy
|-resisted|p2a: too greedy
|-damage|p2a: too greedy|364\/384
|
|switch|p1a: Blissey|Blissey, F|714\/714
|move|p2a: too greedy|Circle Throw|p1a: Blissey
|-supereffective|p1a: Blissey
|-damage|p1a: Blissey|448\/714
|drag|p1a: Lucario|Lucario, M|281\/281
|
|-heal|p2a: too greedy|384\/384|[from] item: Leftovers
|turn|27
|
|switch|p1a: Flygon|Flygon, F|348\/364
|move|p2a: too greedy|Counter|p1a: Flygon
|-fail|p1a: Flygon
|
|-heal|p1a: Flygon|364\/364|[from] item: Leftovers
|turn|28
|
|move|p1a: Flygon|U-turn|p2a: too greedy
|-resisted|p2a: too greedy
|-damage|p2a: too greedy|364\/384
|
|switch|p1a: Blissey|Blissey, F|448\/714
|move|p2a: too greedy|Toxic|p1a: Blissey
|-status|p1a: Blissey|tox
|
|-heal|p2a: too greedy|384\/384|[from] item: Leftovers
|-heal|p1a: Blissey|492\/714 tox|[from] item: Leftovers
|-damage|p1a: Blissey|448\/714 tox|[from] psn
|turn|29
|
|move|p1a: Blissey|Stealth Rock|p2a: too greedy
|-sidestart|p2: ZZNN|move: Stealth Rock
|move|p2a: too greedy|Circle Throw|p1a: Blissey
|-supereffective|p1a: Blissey
|-damage|p1a: Blissey|206\/714 tox
|drag|p1a: Victini|Victini|253\/341
|
|turn|30
|
|move|p2a: too greedy|Protect|p2a: too greedy
|-singleturn|p2a: too greedy|Protect
|move|p1a: Victini|Zen Headbutt|p2a: too greedy
|-activate|p2a: too greedy|Protect
|
|turn|31
|
|move|p1a: Victini|Zen Headbutt|p2a: too greedy
|-supereffective|p2a: too greedy
|-damage|p2a: too greedy|182\/384
|move|p2a: too greedy|Counter|p1a: Victini
|-damage|p1a: Victini|0 fnt
|faint|p1a: Victini
|
|-heal|p2a: too greedy|206\/384|[from] item: Leftovers
|
|switch|p1a: Raikou|Raikou, shiny|248\/335
|-ability|p1a: Raikou|Pressure
|turn|32
|
|move|p1a: Raikou|Thunderbolt|p2a: too greedy
|-supereffective|p2a: too greedy
|-damage|p2a: too greedy|0 fnt
|faint|p2a: too greedy
|
|-heal|p1a: Raikou|268\/335|[from] item: Leftovers
|
|switch|p2a: fucking cat|Umbreon, F, shiny|394\/394
|-damage|p2a: fucking cat|345\/394|[from] Stealth Rock
|turn|33
|
|switch|p1a: Lucario|Lucario, M|281\/281
|move|p2a: fucking cat|Wish|p2a: fucking cat
|
|-heal|p2a: fucking cat|369\/394|[from] item: Leftovers
|turn|34
|
|switch|p2a: Herbivore|Nidoqueen, F|214\/384
|-damage|p2a: Herbivore|190\/384|[from] Stealth Rock
|move|p1a: Lucario|Swords Dance|p1a: Lucario
|-boost|p1a: Lucario|atk|2
|
|-heal|p2a: Herbivore|384\/384|[from] move: Wish|[wisher] fucking cat
|turn|35
|
|switch|p1a: Flygon|Flygon, F|364\/364
|move|p2a: Herbivore|Earth Power|p1a: Flygon
|-immune|p1a: Flygon|[msg]
|
|turn|36
|
|switch|p2a: Good Timing|Mew|283\/404
|-damage|p2a: Good Timing|233\/404|[from] Stealth Rock
|move|p1a: Flygon|Earthquake|p2a: Good Timing
|-damage|p2a: Good Timing|151\/404
|
|-heal|p2a: Good Timing|176\/404|[from] item: Leftovers
|turn|37
|
|move|p1a: Flygon|U-turn|p2a: Good Timing
|-supereffective|p2a: Good Timing
|-damage|p2a: Good Timing|86\/404
|
|switch|p1a: Blissey|Blissey, F|206\/714
|move|p2a: Good Timing|Roost|p2a: Good Timing
|-heal|p2a: Good Timing|288\/404
|
|-heal|p2a: Good Timing|313\/404|[from] item: Leftovers
|-heal|p1a: Blissey|250\/714|[from] item: Leftovers
|turn|38
|
|move|p2a: Good Timing|Defog|p1a: Blissey
|-unboost|p1a: Blissey|evasion|1
|-sideend|p2: ZZNN|Stealth Rock|[from] move: Defog|[of] p2a: Good Timing
|move|p1a: Blissey|Thunder Wave|p2a: Good Timing
|-status|p2a: Good Timing|par
|-status|p1a: Blissey|par
|
|-heal|p2a: Good Timing|338\/404 par|[from] item: Leftovers
|-heal|p1a: Blissey|294\/714 par|[from] item: Leftovers
|turn|39
|
|switch|p2a: Herbivore|Nidoqueen, F|384\/384
|switch|p1a: Flygon|Flygon, F|364\/364
|
|turn|40
|
|switch|p2a: fucking cat|Umbreon, F, shiny|369\/394
|move|p1a: Flygon|Earthquake|p2a: fucking cat
|-damage|p2a: fucking cat|254\/394
|
|-heal|p2a: fucking cat|278\/394|[from] item: Leftovers
|turn|41
|
|switch|p2a: Herbivore|Nidoqueen, F|384\/384
|move|p1a: Flygon|U-turn|p2a: Herbivore
|-resisted|p2a: Herbivore
|-damage|p2a: Herbivore|353\/384
|
|switch|p1a: Blissey|Blissey, F|294\/714
|
|-heal|p1a: Blissey|338\/714|[from] item: Leftovers
|turn|42
|
|move|p2a: Herbivore|Stealth Rock|p1a: Blissey
|-sidestart|p1: Gyaraqueen|move: Stealth Rock
|move|p1a: Blissey|Stealth Rock|p2a: Herbivore
|-sidestart|p2: ZZNN|move: Stealth Rock
|
|-heal|p1a: Blissey|382\/714|[from] item: Leftovers
|turn|43
|
|move|p2a: Herbivore|Sludge Wave|p1a: Blissey
|-damage|p1a: Blissey|203\/714
|move|p1a: Blissey|Seismic Toss|p2a: Herbivore
|-damage|p2a: Herbivore|253\/384
|
|-heal|p1a: Blissey|247\/714|[from] item: Leftovers
|turn|44
|
|move|p2a: Herbivore|Sludge Wave|p1a: Blissey
|-damage|p1a: Blissey|66\/714
|move|p1a: Blissey|Soft-Boiled|p1a: Blissey
|-heal|p1a: Blissey|423\/714
|
|-heal|p1a: Blissey|467\/714|[from] item: Leftovers
|turn|45
|
|switch|p2a: victinovore|Arcanine, F|349\/384
|-damage|p2a: victinovore|253\/384|[from] Stealth Rock
|-ability|p2a: victinovore|Intimidate|[of] p1a: Blissey
|-unboost|p1a: Blissey|atk|1
|move|p1a: Blissey|Soft-Boiled|p1a: Blissey
|-heal|p1a: Blissey|714\/714
|
|turn|46
|
|move|p2a: victinovore|Toxic|p1a: Blissey|[miss]
|-miss|p2a: victinovore|p1a: Blissey
|move|p1a: Blissey|Thunder Wave|p2a: victinovore
|-status|p2a: victinovore|par
|
|turn|47
|
|move|p1a: Blissey|Seismic Toss|p2a: victinovore
|-damage|p2a: victinovore|153\/384 par
|-damage|p1a: Blissey|595\/714|[from] item: Rocky Helmet|[of] p2a: victinovore
|move|p2a: victinovore|Will-O-Wisp|p1a: Blissey
|-status|p1a: Blissey|brn
|
|-heal|p1a: Blissey|639\/714 brn|[from] item: Leftovers
|-damage|p1a: Blissey|550\/714 brn|[from] brn
|turn|48
|
|switch|p1a: Flygon|Flygon, F|364\/364
|-damage|p1a: Flygon|342\/364|[from] Stealth Rock
|move|p2a: victinovore|Morning Sun|p2a: victinovore
|-heal|p2a: victinovore|345\/384 par
|
|-heal|p1a: Flygon|364\/364|[from] item: Leftovers
|turn|49
|
|switch|p2a: fucking cat|Umbreon, F, shiny|278\/394
|-damage|p2a: fucking cat|229\/394|[from] Stealth Rock
|move|p1a: Flygon|Earthquake|p2a: fucking cat
|-damage|p2a: fucking cat|121\/394
|
|-heal|p2a: fucking cat|145\/394|[from] item: Leftovers
|turn|50
|
|move|p1a: Flygon|U-turn|p2a: fucking cat
|-supereffective|p2a: fucking cat
|-damage|p2a: fucking cat|37\/394
|
|switch|p1a: Lucario|Lucario, M|281\/281
|-damage|p1a: Lucario|273\/281|[from] Stealth Rock
|move|p2a: fucking cat|Wish|p2a: fucking cat
|
|-heal|p2a: fucking cat|61\/394|[from] item: Leftovers
|turn|51
|
|move|p1a: Lucario|Swords Dance|p1a: Lucario
|-boost|p1a: Lucario|atk|2
|move|p2a: fucking cat|Foul Play|p1a: Lucario
|-resisted|p1a: Lucario
|-damage|p1a: Lucario|37\/281
|-boost|p1a: Lucario|atk|1|[from] ability: Justified
|
|-heal|p2a: fucking cat|258\/394|[from] move: Wish|[wisher] fucking cat
|-heal|p2a: fucking cat|282\/394|[from] item: Leftovers
|turn|52
|
|switch|p2a: victinovore|Arcanine, F|345\/384 par
|-damage|p2a: victinovore|249\/384 par|[from] Stealth Rock
|-ability|p2a: victinovore|Intimidate|[of] p1a: Lucario
|-unboost|p1a: Lucario|atk|1
|move|p1a: Lucario|Close Combat|p2a: victinovore
|-damage|p2a: victinovore|0 fnt
|-damage|p1a: Lucario|0 fnt|[from] item: Rocky Helmet|[of] p2a: victinovore
|faint|p1a: Lucario
|faint|p2a: victinovore
|
|
|switch|p1a: Flygon|Flygon, F|364\/364
|-damage|p1a: Flygon|342\/364|[from] Stealth Rock
|switch|p2a: fucking cat|Umbreon, F, shiny|282\/394
|-damage|p2a: fucking cat|233\/394|[from] Stealth Rock
|turn|53
|
|move|p1a: Flygon|U-turn|p2a: fucking cat
|-supereffective|p2a: fucking cat
|-damage|p2a: fucking cat|125\/394
|
|switch|p1a: Raikou|Raikou, shiny|268\/335
|-damage|p1a: Raikou|227\/335|[from] Stealth Rock
|-ability|p1a: Raikou|Pressure
|move|p2a: fucking cat|Wish|p2a: fucking cat
|
|-heal|p1a: Raikou|247\/335|[from] item: Leftovers
|-heal|p2a: fucking cat|149\/394|[from] item: Leftovers
|turn|54
|
|move|p1a: Raikou|Calm Mind|p1a: Raikou
|-boost|p1a: Raikou|spa|1
|-boost|p1a: Raikou|spd|1
|move|p2a: fucking cat|Foul Play|p1a: Raikou
|-damage|p1a: Raikou|148\/335
|
|-heal|p2a: fucking cat|346\/394|[from] move: Wish|[wisher] fucking cat
|-heal|p1a: Raikou|168\/335|[from] item: Leftovers
|-heal|p2a: fucking cat|370\/394|[from] item: Leftovers
|turn|55
|
|move|p1a: Raikou|Thunderbolt|p2a: fucking cat
|-crit|p2a: fucking cat
|-damage|p2a: fucking cat|166\/394
|move|p2a: fucking cat|Foul Play|p1a: Raikou
|-damage|p1a: Raikou|78\/335
|
|-heal|p1a: Raikou|98\/335|[from] item: Leftovers
|-heal|p2a: fucking cat|190\/394|[from] item: Leftovers
|turn|56
|
|move|p1a: Raikou|Thunderbolt|p2a: fucking cat
|-crit|p2a: fucking cat
|-damage|p2a: fucking cat|3\/394
|move|p2a: fucking cat|Wish|p2a: fucking cat
|
|-heal|p1a: Raikou|118\/335|[from] item: Leftovers
|-heal|p2a: fucking cat|27\/394|[from] item: Leftovers
|turn|57
|c|âZZNN|2 crit
|c|âZZNN|insane
|
|move|p2a: fucking cat|Protect|p2a: fucking cat
|-singleturn|p2a: fucking cat|Protect
|move|p1a: Raikou|Thunderbolt|p2a: fucking cat
|-activate|p2a: fucking cat|Protect
|
|-heal|p2a: fucking cat|224\/394|[from] move: Wish|[wisher] fucking cat
|-heal|p1a: Raikou|138\/335|[from] item: Leftovers
|-heal|p2a: fucking cat|248\/394|[from] item: Leftovers
|turn|58
|
|move|p1a: Raikou|Thunderbolt|p2a: fucking cat
|-damage|p2a: fucking cat|127\/394
|move|p2a: fucking cat|Wish|p2a: fucking cat
|
|-heal|p1a: Raikou|158\/335|[from] item: Leftovers
|-heal|p2a: fucking cat|151\/394|[from] item: Leftovers
|turn|59
|
|move|p1a: Raikou|Calm Mind|p1a: Raikou
|-boost|p1a: Raikou|spa|1
|-boost|p1a: Raikou|spd|1
|move|p2a: fucking cat|Foul Play|p1a: Raikou
|-crit|p1a: Raikou
|-damage|p1a: Raikou|8\/335
|
|-heal|p2a: fucking cat|348\/394|[from] move: Wish|[wisher] fucking cat
|-heal|p1a: Raikou|28\/335|[from] item: Leftovers
|-heal|p2a: fucking cat|372\/394|[from] item: Leftovers
|turn|60
|
|move|p1a: Raikou|Thunderbolt|p2a: fucking cat
|-damage|p2a: fucking cat|203\/394
|move|p2a: fucking cat|Foul Play|p1a: Raikou
|-damage|p1a: Raikou|0 fnt
|faint|p1a: Raikou
|
|-heal|p2a: fucking cat|227\/394|[from] item: Leftovers
|-message|Gyaraqueen forfeited.
|
|win|ZZNN
|raw|Ladder updating...
|leave|Gyaraqueen
|player|p1
|raw|Gyaraqueen's rating: 1548 &rarr; <strong>1529<\/strong><br \/>(-19 for losing)
|raw|ZZNN's rating: 1559 &rarr; <strong>1579<\/strong><br \/>(+20 for winning)