|join|LiberalLucario
|join|ZZNN
|player|p1|LiberalLucario|290
|player|p2|ZZNN|144
|gametype|singles
|gen|6
|tier|UU
|rule|Sleep Clause Mod: Limit one foe put to sleep
|rule|Species Clause: Limit one of each PokÃ©mon
|rule|OHKO Clause: OHKO moves are banned
|rule|Moody Clause: Moody is banned
|rule|Evasion Moves Clause: Evasion moves are banned
|rule|Endless Battle Clause: Forcing endless battles is banned
|rule|HP Percentage Mod: HP is shown in percentages
|clearpoke
|poke|p1|Absol, F
|poke|p1|Nidoqueen, F
|poke|p1|Shaymin
|poke|p1|Starmie
|poke|p1|Rotom-Heat
|poke|p1|Lucario, F
|poke|p2|Suicune, shiny
|poke|p2|Gligar, F
|poke|p2|Umbreon, F, shiny
|poke|p2|Magneton
|poke|p2|Arcanine, M
|poke|p2|Gallade, M
|rule|Swagger Clause: Swagger is banned
|rule|Baton Pass Clause: Limit one PokÃ©mon knowing Baton Pass
|teampreview
|join|Frickett
|
|start
|switch|p1a: Nidoqueen|Nidoqueen, F|346\/346
|switch|p2a: Gallade|Gallade, M|277\/277
|turn|1
|
|switch|p1a: Starmie|Starmie|324\/324
|detailschange|p2a: Gallade|Gallade-Mega, M
|message|Gallade has Mega Evolved into Mega Gallade!
|move|p2a: Gallade|Ice Punch|p1a: Starmie
|-resisted|p1a: Starmie
|-damage|p1a: Starmie|278\/324
|
|-heal|p1a: Starmie|298\/324|[from] item: Leftovers
|turn|2
|
|move|p2a: Gallade|Knock Off|p1a: Starmie
|-supereffective|p1a: Starmie
|-damage|p1a: Starmie|88\/324
|-enditem|p1a: Starmie|Leftovers|[from] move: Knock Off|[of] p2a: Gallade
|move|p1a: Starmie|Scald|p2a: Gallade
|-damage|p2a: Gallade|199\/277
|
|turn|3
|
|switch|p1a: Absol|Absol, F|271\/271
|-ability|p1a: Absol|Pressure
|move|p2a: Gallade|Swords Dance|p2a: Gallade
|-boost|p2a: Gallade|atk|2
|
|turn|4
|
|detailschange|p1a: Absol|Absol-Mega, F
|message|Absol has Mega Evolved into Mega Absol!
|move|p1a: Absol|Sucker Punch|p2a: Gallade
|-damage|p2a: Gallade|25\/277
|move|p2a: Gallade|Drain Punch|p1a: Absol
|-crit|p1a: Absol
|-supereffective|p1a: Absol
|-damage|p1a: Absol|0 fnt
|-heal|p2a: Gallade|161\/277|[from] drain|[of] p1a: Absol
|faint|p1a: Absol
|
|
|switch|p1a: Rotom-Heat|Rotom-Heat|304\/304
|turn|5
|
|move|p2a: Gallade|Drain Punch|p1a: Rotom-Heat
|-damage|p1a: Rotom-Heat|24\/304
|-heal|p2a: Gallade|277\/277|[from] drain|[of] p1a: Rotom-Heat
|move|p1a: Rotom-Heat|Will-O-Wisp|p2a: Gallade|[miss]
|-miss|p1a: Rotom-Heat|p2a: Gallade
|
|-heal|p1a: Rotom-Heat|43\/304|[from] item: Leftovers
|turn|6
|c|âZZNN|sorry
|c|âLiberalLucario|sigh
|
|move|p2a: Gallade|Drain Punch|p1a: Rotom-Heat
|-damage|p1a: Rotom-Heat|0 fnt
|faint|p1a: Rotom-Heat
|
|
|switch|p1a: Shaymin|Shaymin|341\/341
|turn|7
|join|Philz
|
|move|p2a: Gallade|Ice Punch|p1a: Shaymin
|-supereffective|p1a: Shaymin
|-damage|p1a: Shaymin|0 fnt
|faint|p1a: Shaymin
|
|
|switch|p1a: Lucario|Lucario, F|281\/281
|turn|8
|c| Philz|what am i seeing
|c| Philz|lib gettin dikt
|c|âLiberalLucario|i missed willo and i missed a scald burn
|join|I3Magikarp
|c|âLiberalLucario|and he had drain punch gallade
|c| Philz|>missed a scald burn
|c| Philz|mfw
|c|âLiberalLucario|which as dumb as it sounds
|c|âLiberalLucario|beats my team
|
|move|p1a: Lucario|Extreme Speed|p2a: Gallade
|-damage|p2a: Gallade|152\/277
|-damage|p1a: Lucario|253\/281|[from] item: Life Orb
|move|p2a: Gallade|Drain Punch|p1a: Lucario
|-supereffective|p1a: Lucario
|-damage|p1a: Lucario|0 fnt
|-heal|p2a: Gallade|277\/277|[from] drain|[of] p1a: Lucario
|faint|p1a: Lucario
|
|c|âLiberalLucario|tbh council needs to ban this shit already
|
|switch|p1a: Nidoqueen|Nidoqueen, F|346\/346
|turn|9
|leave|Frickett
|
|move|p2a: Gallade|Ice Punch|p1a: Nidoqueen
|-supereffective|p1a: Nidoqueen
|-damage|p1a: Nidoqueen|0 fnt
|faint|p1a: Nidoqueen
|
|
|switch|p1a: Starmie|Starmie|88\/324
|turn|10
|
|move|p2a: Gallade|Knock Off|p1a: Starmie
|-supereffective|p1a: Starmie
|-damage|p1a: Starmie|0 fnt
|faint|p1a: Starmie
|
|win|ZZNN
|c| I3Magikarp|scarf florges ohko's gallade
|c| I3Magikarp|btw
|c|âLiberalLucario|rofl
|leave|LiberalLucario
|player|p1
|c|âZZNN|gg
|leave|I3Magikarp
|leave|Philz
|join|eat pie
|leave|eat pie