|join|PokeHD
|join|ZZNN
|player|p1|PokeHD|279
|player|p2|ZZNN|144
|gametype|singles
|gen|6
|tier|UU
|rated
|rule|Sleep Clause Mod: Limit one foe put to sleep
|rule|Species Clause: Limit one of each PokÃ©mon
|rule|OHKO Clause: OHKO moves are banned
|rule|Moody Clause: Moody is banned
|rule|Evasion Moves Clause: Evasion moves are banned
|rule|Endless Battle Clause: Forcing endless battles is banned
|rule|HP Percentage Mod: HP is shown in percentages
|clearpoke
|poke|p1|Serperior, M, shiny
|poke|p1|Snorlax, M, shiny
|poke|p1|Chandelure, F
|poke|p1|Krookodile, M
|poke|p1|Crobat, F
|poke|p1|Blastoise, F, shiny
|poke|p2|Suicune, shiny
|poke|p2|Gligar, F
|poke|p2|Umbreon, M, shiny
|poke|p2|Arcanine, M
|poke|p2|Goodra, F
|poke|p2|Toxicroak, F
|rule|Swagger Clause: Swagger is banned
|rule|Baton Pass Clause: Limit one PokÃ©mon knowing Baton Pass
|teampreview
|
|start
|switch|p1a: Blastoise|Blastoise, F, shiny|362\/362
|switch|p2a: Gligar|Gligar, F|334\/334
|turn|1
|
|switch|p2a: Toxicroak|Toxicroak, F|308\/308
|detailschange|p1a: Blastoise|Blastoise-Mega, F, shiny
|-mega|p1a: Blastoise|Blastoise|Blastoisinite
|move|p1a: Blastoise|Ice Beam|p2a: Toxicroak
|-damage|p2a: Toxicroak|128\/308
|
|turn|2
|
|move|p2a: Toxicroak|Drain Punch|p1a: Blastoise
|-damage|p1a: Blastoise|233\/362
|-heal|p2a: Toxicroak|193\/308|[from] drain|[of] p1a: Blastoise
|-damage|p2a: Toxicroak|163\/308|[from] item: Life Orb
|move|p1a: Blastoise|Ice Beam|p2a: Toxicroak
|-damage|p2a: Toxicroak|0 fnt
|faint|p2a: Toxicroak
|
|
|switch|p2a: Goodra|Goodra, F|384\/384
|turn|3
|
|move|p2a: Goodra|Curse|p2a: Goodra
|-boost|p2a: Goodra|atk|1
|-boost|p2a: Goodra|def|1
|-unboost|p2a: Goodra|spe|1
|move|p1a: Blastoise|Ice Beam|p2a: Goodra
|-crit|p2a: Goodra
|-supereffective|p2a: Goodra
|-damage|p2a: Goodra|204\/384
|
|-heal|p2a: Goodra|228\/384|[from] item: Leftovers
|turn|4
|
|move|p1a: Blastoise|Ice Beam|p2a: Goodra
|-supereffective|p2a: Goodra
|-damage|p2a: Goodra|102\/384
|move|p2a: Goodra|Rest|p2a: Goodra
|-status|p2a: Goodra|slp
|-heal|p2a: Goodra|384\/384 slp|[silent]
|-status|p2a: Goodra|slp|[from] move: Rest
|
|turn|5
|
|move|p1a: Blastoise|Ice Beam|p2a: Goodra
|-supereffective|p2a: Goodra
|-damage|p2a: Goodra|246\/384 slp
|cant|p2a: Goodra|slp
|move|p2a: Goodra|Sleep Talk|p2a: Goodra
|move|p2a: Goodra|Curse|p2a: Goodra|[from]Sleep Talk
|-boost|p2a: Goodra|atk|1
|-boost|p2a: Goodra|def|1
|-unboost|p2a: Goodra|spe|1
|
|-heal|p2a: Goodra|270\/384 slp|[from] item: Leftovers
|turn|6
|
|move|p1a: Blastoise|Ice Beam|p2a: Goodra
|-supereffective|p2a: Goodra
|-damage|p2a: Goodra|134\/384 slp
|cant|p2a: Goodra|slp
|move|p2a: Goodra|Sleep Talk|p2a: Goodra
|move|p2a: Goodra|Rest|p2a: Goodra|[from]Sleep Talk
|-fail|p2a: Goodra
|
|-heal|p2a: Goodra|158\/384 slp|[from] item: Leftovers
|turn|7
|
|switch|p1a: Krookodile|Krookodile, M|394\/394
|-ability|p1a: Krookodile|Intimidate|[of] p2a: Goodra
|-unboost|p2a: Goodra|atk|1
|-curestatus|p2a: Goodra|slp
|move|p2a: Goodra|Rest|p2a: Goodra
|-status|p2a: Goodra|slp
|-heal|p2a: Goodra|384\/384 slp|[silent]
|-status|p2a: Goodra|slp|[from] move: Rest
|
|turn|8
|
|move|p1a: Krookodile|Knock Off|p2a: Goodra
|-damage|p2a: Goodra|303\/384 slp
|-enditem|p2a: Goodra|Leftovers|[from] move: Knock Off|[of] p1a: Krookodile
|cant|p2a: Goodra|slp
|move|p2a: Goodra|Sleep Talk|p2a: Goodra
|move|p2a: Goodra|Curse|p2a: Goodra|[from]Sleep Talk
|-boost|p2a: Goodra|atk|1
|-boost|p2a: Goodra|def|1
|-unboost|p2a: Goodra|spe|1
|
|turn|9
|
|switch|p1a: Crobat|Crobat, F|323\/323
|cant|p2a: Goodra|slp
|move|p2a: Goodra|Sleep Talk|p2a: Goodra
|move|p2a: Goodra|Dragon Tail|p1a: Crobat|[from]Sleep Talk
|-damage|p1a: Crobat|158\/323
|drag|p1a: Chandelure|Chandelure, F|261\/261
|
|turn|10
|
|move|p1a: Chandelure|Shadow Ball|p2a: Goodra
|-damage|p2a: Goodra|182\/384 slp
|-curestatus|p2a: Goodra|slp
|move|p2a: Goodra|Dragon Tail|p1a: Chandelure
|-damage|p1a: Chandelure|113\/261
|drag|p1a: Serperior|Serperior, M, shiny|291\/291
|
|turn|11
|
|move|p1a: Serperior|Dragon Pulse|p2a: Goodra
|-supereffective|p2a: Goodra
|-damage|p2a: Goodra|104\/384
|move|p2a: Goodra|Rest|p2a: Goodra
|-status|p2a: Goodra|slp
|-heal|p2a: Goodra|384\/384 slp|[silent]
|-status|p2a: Goodra|slp|[from] move: Rest
|
|turn|12
|
|switch|p1a: Blastoise|Blastoise-Mega, F, shiny|233\/362
|cant|p2a: Goodra|slp
|move|p2a: Goodra|Sleep Talk|p2a: Goodra
|move|p2a: Goodra|Dragon Tail|p1a: Blastoise|[from]Sleep Talk
|-crit|p1a: Blastoise
|-damage|p1a: Blastoise|62\/362
|drag|p1a: Chandelure|Chandelure, F|113\/261
|
|turn|13
|
|switch|p1a: Snorlax|Snorlax, M, shiny|497\/497
|cant|p2a: Goodra|slp
|
|turn|14
|
|move|p1a: Snorlax|Curse|p1a: Snorlax
|-boost|p1a: Snorlax|atk|1
|-boost|p1a: Snorlax|def|1
|-unboost|p1a: Snorlax|spe|1
|-curestatus|p2a: Goodra|slp
|move|p2a: Goodra|Dragon Tail|p1a: Snorlax
|-damage|p1a: Snorlax|385\/497
|drag|p1a: Crobat|Crobat, F|158\/323
|
|turn|15
|
|move|p1a: Crobat|Taunt|p2a: Goodra
|-start|p2a: Goodra|move: Taunt
|move|p2a: Goodra|Dragon Tail|p1a: Crobat
|-crit|p1a: Crobat
|-damage|p1a: Crobat|0 fnt
|faint|p1a: Crobat
|
|
|switch|p1a: Krookodile|Krookodile, M|394\/394
|-ability|p1a: Krookodile|Intimidate|[of] p2a: Goodra
|-unboost|p2a: Goodra|atk|1
|turn|16
|
|move|p1a: Krookodile|Toxic|p2a: Goodra
|-status|p2a: Goodra|tox
|move|p2a: Goodra|Dragon Tail|p1a: Krookodile
|-damage|p1a: Krookodile|312\/394
|drag|p1a: Blastoise|Blastoise-Mega, F, shiny|62\/362
|
|-damage|p2a: Goodra|360\/384 tox|[from] psn
|turn|17
|
|move|p1a: Blastoise|Ice Beam|p2a: Goodra
|-supereffective|p2a: Goodra
|-damage|p2a: Goodra|232\/384 tox
|move|p2a: Goodra|Dragon Tail|p1a: Blastoise
|-damage|p1a: Blastoise|0 fnt
|faint|p1a: Blastoise
|
|-damage|p2a: Goodra|184\/384 tox|[from] psn
|-end|p2a: Goodra|move: Taunt
|
|switch|p1a: Serperior|Serperior, M, shiny|291\/291
|turn|18
|
|move|p1a: Serperior|Dragon Pulse|p2a: Goodra
|-supereffective|p2a: Goodra
|-damage|p2a: Goodra|112\/384 tox
|move|p2a: Goodra|Rest|p2a: Goodra
|-status|p2a: Goodra|slp
|-heal|p2a: Goodra|384\/384 slp|[silent]
|-status|p2a: Goodra|slp|[from] move: Rest
|
|turn|19
|-message|PokeHD forfeited.
|leave|PokeHD
|
|win|ZZNN
|raw|Ladder updating...
|player|p1
|raw|PokeHD's rating: 1608 &rarr; <strong>1584<\/strong><br \/>(-24 for losing)
|raw|ZZNN's rating: 1528 &rarr; <strong>1552<\/strong><br \/>(+24 for winning)