|join|PK Mew
|join|RIPCharlie
|player|p1|PK Mew|209
|player|p2|RIPCharlie|170
|gametype|singles
|gen|6
|tier|OU
|rated
|clearpoke
|poke|p1|Diancie
|poke|p1|Talonflame, F
|poke|p1|Starmie
|poke|p1|Raikou
|poke|p1|Landorus-Therian, M
|poke|p1|Ferrothorn, F
|poke|p2|Tangrowth, M
|poke|p2|Quagsire, F
|poke|p2|Chansey, F
|poke|p2|Sableye, M
|poke|p2|Skarmory, M
|poke|p2|Starmie
|rule|Swagger Clause: Swagger is banned
|rule|Baton Pass Clause: Limit one PokÃ©mon knowing Baton Pass
|rule|Sleep Clause Mod: Limit one foe put to sleep
|rule|Species Clause: Limit one of each PokÃ©mon
|rule|OHKO Clause: OHKO moves are banned
|rule|Moody Clause: Moody is banned
|rule|Evasion Moves Clause: Evasion moves are banned
|rule|Endless Battle Clause: Forcing endless battles is banned
|rule|HP Percentage Mod: HP is shown in percentages
|teampreview
|
|start
|switch|p1a: Crazy Diamond|Diancie|241\/241
|switch|p2a: Sableye|Sableye, M|304\/304
|turn|1
|
|detailschange|p1a: Crazy Diamond|Diancie-Mega
|-mega|p1a: Crazy Diamond|Diancie|Diancite
|detailschange|p2a: Sableye|Sableye-Mega, M
|-mega|p2a: Sableye|Sableye|Sablenite
|move|p2a: Sableye|Fake Out|p1a: Crazy Diamond
|-resisted|p1a: Crazy Diamond
|-damage|p1a: Crazy Diamond|229\/241
|cant|p1a: Crazy Diamond|flinch
|
|turn|2
|
|switch|p2a: Tangrowth|Tangrowth, M|404\/404
|move|p1a: Crazy Diamond|Moonblast|p2a: Tangrowth
|-damage|p2a: Tangrowth|251\/404
|
|turn|3
|
|switch|p1a: Stop|Ferrothorn, F|352\/352
|move|p2a: Tangrowth|Knock Off|p1a: Stop
|-damage|p1a: Stop|298\/352
|-damage|p2a: Tangrowth|201\/404|[from] ability: Iron Barbs|[of] p1a: Stop
|-enditem|p1a: Stop|Shed Shell|[from] move: Knock Off|[of] p2a: Tangrowth
|
|turn|4
|
|switch|p2a: Sableye|Sableye-Mega, M|304\/304
|move|p1a: Stop|Stealth Rock|p2a: Sableye
|move|p2a: Sableye|Stealth Rock|p1a: Stop|[from]Magic Bounce
|-sidestart|p1: PK Mew|move: Stealth Rock
|
|turn|5
|
|switch|p2a: Tangrowth|Tangrowth, M|335\/404
|switch|p1a: Crazy Diamond|Diancie-Mega|229\/241
|-damage|p1a: Crazy Diamond|199\/241|[from] Stealth Rock
|
|turn|6
|
|switch|p1a: On the Run|Raikou|321\/321
|-damage|p1a: On the Run|281\/321|[from] Stealth Rock
|-ability|p1a: On the Run|Pressure
|move|p2a: Tangrowth|Leaf Storm|p1a: On the Run
|-damage|p1a: On the Run|160\/321
|-unboost|p2a: Tangrowth|spa|2
|
|turn|7
|
|move|p1a: On the Run|Volt Switch|p2a: Tangrowth
|-resisted|p2a: Tangrowth
|-damage|p2a: Tangrowth|284\/404
|
|switch|p1a: Goodbye Blue Sky|Talonflame, F|309\/309
|-damage|p1a: Goodbye Blue Sky|155\/309|[from] Stealth Rock
|move|p2a: Tangrowth|Knock Off|p1a: Goodbye Blue Sky
|-damage|p1a: Goodbye Blue Sky|51\/309
|-enditem|p1a: Goodbye Blue Sky|Leftovers|[from] move: Knock Off|[of] p2a: Tangrowth
|
|turn|8
|
|move|p1a: Goodbye Blue Sky|Roost|p1a: Goodbye Blue Sky
|-heal|p1a: Goodbye Blue Sky|206\/309
|move|p2a: Tangrowth|Earthquake|p1a: Goodbye Blue Sky
|-supereffective|p1a: Goodbye Blue Sky
|-damage|p1a: Goodbye Blue Sky|0 fnt
|faint|p1a: Goodbye Blue Sky
|
|-message|PK Mew forfeited.
|leave|PK Mew
|
|win|RIPCharlie
|raw|Ladder updating...
|player|p1
|raw|PK Mew's rating: 1588 &rarr; <strong>1567<\/strong><br \/>(-21 for losing)
|raw|RIPCharlie's rating: 1575 &rarr; <strong>1596<\/strong><br \/>(+21 for winning)