|join|Argue
|join|PK Mew
|player|p1|Argue|224
|player|p2|PK Mew|209
|gametype|singles
|gen|6
|tier|OU (suspect test)
|rated
|clearpoke
|poke|p1|Charizard, M, shiny
|poke|p1|Latios, M, shiny
|poke|p1|Mamoswine, M, shiny
|poke|p1|Landorus-Therian, M, shiny
|poke|p1|Garchomp, M, shiny
|poke|p1|Azumarill, F, shiny
|poke|p2|Gyarados, F, shiny
|poke|p2|Landorus-Therian, M
|poke|p2|Heatran, M
|poke|p2|Ferrothorn, F
|poke|p2|Latias, F
|poke|p2|Thundurus, M
|rule|Swagger Clause: Swagger is banned
|rule|Baton Pass Clause: Limit one PokÃ©mon knowing Baton Pass
|rule|Sleep Clause Mod: Limit one foe put to sleep
|rule|Species Clause: Limit one of each PokÃ©mon
|rule|OHKO Clause: OHKO moves are banned
|rule|Moody Clause: Moody is banned
|rule|Evasion Moves Clause: Evasion moves are banned
|rule|Endless Battle Clause: Forcing endless battles is banned
|rule|HP Percentage Mod: HP is shown in percentages
|teampreview
|
|start
|switch|p1a: Mamoswine|Mamoswine, M, shiny|361\/361
|switch|p2a: Heatran|Heatran, M|327\/327
|-item|p2a: Heatran|Air Balloon
|turn|1
|
|move|p1a: Mamoswine|Ice Shard|p2a: Heatran
|-resisted|p2a: Heatran
|-damage|p2a: Heatran|309\/327
|-enditem|p2a: Heatran|Air Balloon
|move|p2a: Heatran|Magma Storm|p1a: Mamoswine
|-supereffective|p1a: Mamoswine
|-enditem|p1a: Mamoswine|Focus Sash
|-damage|p1a: Mamoswine|1\/361
|-activate|p1a: Mamoswine|move: Magma Storm|[of] p2a: Heatran
|
|-damage|p1a: Mamoswine|0 fnt|[from] move: Magma Storm|[partiallytrapped]
|faint|p1a: Mamoswine
|
|switch|p1a: Charizard|Charizard, M, shiny|333\/333
|turn|2
|
|switch|p2a: Thundurus|Thundurus, M|299\/299
|detailschange|p1a: Charizard|Charizard-Mega-X, M, shiny
|-mega|p1a: Charizard|Charizard|Charizardite X
|move|p1a: Charizard|Earthquake|p2a: Thundurus
|-immune|p2a: Thundurus|[msg]
|
|turn|3
|
|switch|p1a: Landorus-Therian|Landorus-Therian, M, shiny|319\/319
|-ability|p1a: Landorus-Therian|Intimidate|[of] p2a: Thundurus
|-unboost|p2a: Thundurus|atk|1
|move|p2a: Thundurus|Thunder Wave|p1a: Landorus-Therian
|-immune|p1a: Landorus-Therian|[msg]
|
|turn|4
|
|switch|p2a: Landorus-Therian|Landorus-Therian, M|319\/319
|-ability|p2a: Landorus-Therian|Intimidate|[of] p1a: Landorus-Therian
|-unboost|p1a: Landorus-Therian|atk|1
|move|p1a: Landorus-Therian|U-turn|p2a: Landorus-Therian
|-resisted|p2a: Landorus-Therian
|-damage|p2a: Landorus-Therian|286\/319
|
|switch|p1a: Azumarill|Azumarill, F, shiny|401\/401
|
|turn|5
|
|move|p2a: Landorus-Therian|U-turn|p1a: Azumarill
|-resisted|p1a: Azumarill
|-damage|p1a: Azumarill|344\/401
|
|switch|p2a: Ferrothorn|Ferrothorn, F|291\/291
|move|p1a: Azumarill|Knock Off|p2a: Ferrothorn
|-damage|p2a: Ferrothorn|205\/291
|-damage|p1a: Azumarill|294\/401|[from] ability: Iron Barbs|[of] p2a: Ferrothorn
|-enditem|p2a: Ferrothorn|Leftovers|[from] move: Knock Off|[of] p1a: Azumarill
|
|turn|6
|
|switch|p1a: Latios|Latios, M, shiny|301\/301
|move|p2a: Ferrothorn|Leech Seed|p1a: Latios
|-start|p1a: Latios|move: Leech Seed
|
|-damage|p1a: Latios|264\/301|[from] Leech Seed|[of] p2a: Ferrothorn
|-heal|p2a: Ferrothorn|242\/291|[silent]
|turn|7
|
|switch|p2a: Heatran|Heatran, M|309\/327
|move|p1a: Latios|Trick|p2a: Heatran
|-activate|p1a: Latios|move: Trick|[of] p2a: Heatran
|-item|p2a: Heatran|Choice Scarf|[from] move: Trick
|
|-damage|p1a: Latios|227\/301|[from] Leech Seed|[of] p2a: Heatran
|-heal|p2a: Heatran|327\/327|[silent]
|turn|8
|
|switch|p1a: Azumarill|Azumarill, F, shiny|294\/401
|move|p2a: Heatran|Flash Cannon|p1a: Azumarill
|-damage|p1a: Azumarill|183\/401
|
|turn|9
|
|switch|p2a: Ferrothorn|Ferrothorn, F|242\/291
|move|p1a: Azumarill|Aqua Jet|p2a: Ferrothorn
|-resisted|p2a: Ferrothorn
|-damage|p2a: Ferrothorn|212\/291
|-damage|p1a: Azumarill|133\/401|[from] ability: Iron Barbs|[of] p2a: Ferrothorn
|
|turn|10
|
|switch|p1a: Garchomp|Garchomp, M, shiny|357\/357
|move|p2a: Ferrothorn|Leech Seed|p1a: Garchomp
|-start|p1a: Garchomp|move: Leech Seed
|
|-damage|p1a: Garchomp|313\/357|[from] Leech Seed|[of] p2a: Ferrothorn
|-heal|p2a: Ferrothorn|256\/291|[silent]
|turn|11
|
|switch|p2a: Latias|Latias, F|319\/319
|move|p1a: Garchomp|Fire Blast|p2a: Latias
|-resisted|p2a: Latias
|-damage|p2a: Latias|289\/319
|-status|p2a: Latias|brn
|
|-damage|p1a: Garchomp|269\/357|[from] Leech Seed|[of] p2a: Latias
|-heal|p2a: Latias|319\/319 brn|[silent]
|-damage|p2a: Latias|280\/319 brn|[from] brn
|turn|12
|
|switch|p1a: Azumarill|Azumarill, F, shiny|133\/401
|move|p2a: Latias|Psyshock|p1a: Azumarill
|-damage|p1a: Azumarill|0 fnt
|-damage|p2a: Latias|249\/319 brn|[from] item: Life Orb
|faint|p1a: Azumarill
|
|-damage|p2a: Latias|210\/319 brn|[from] brn
|
|switch|p1a: Landorus-Therian|Landorus-Therian, M, shiny|319\/319
|-ability|p1a: Landorus-Therian|Intimidate|[of] p2a: Latias
|-unboost|p2a: Latias|atk|1
|turn|13
|
|switch|p2a: Landorus-Therian|Landorus-Therian, M|286\/319
|-ability|p2a: Landorus-Therian|Intimidate|[of] p1a: Landorus-Therian
|-unboost|p1a: Landorus-Therian|atk|1
|move|p1a: Landorus-Therian|Knock Off|p2a: Landorus-Therian
|-damage|p2a: Landorus-Therian|201\/319
|-enditem|p2a: Landorus-Therian|Choice Scarf|[from] move: Knock Off|[of] p1a: Landorus-Therian
|
|turn|14
|
|switch|p1a: Charizard|Charizard-Mega-X, M, shiny|333\/333
|move|p2a: Landorus-Therian|Earthquake|p1a: Charizard
|-supereffective|p1a: Charizard
|-damage|p1a: Charizard|0 fnt
|faint|p1a: Charizard
|
|
|switch|p1a: Latios|Latios, M, shiny|227\/301
|turn|15
|
|switch|p1a: Garchomp|Garchomp, M, shiny|269\/357
|switch|p2a: Ferrothorn|Ferrothorn, F|256\/291
|
|turn|16
|
|switch|p2a: Latias|Latias, F|210\/319 brn
|move|p1a: Garchomp|Outrage|p2a: Latias
|-supereffective|p2a: Latias
|-damage|p2a: Latias|0 fnt
|faint|p2a: Latias
|
|
|switch|p2a: Ferrothorn|Ferrothorn, F|256\/291
|turn|17
|
|move|p1a: Garchomp|Outrage|p2a: Ferrothorn
|-resisted|p2a: Ferrothorn
|-damage|p2a: Ferrothorn|192\/291
|-damage|p1a: Garchomp|225\/357|[from] ability: Iron Barbs|[of] p2a: Ferrothorn
|move|p2a: Ferrothorn|Leech Seed|p1a: Garchomp|[miss]
|-miss|p2a: Ferrothorn|p1a: Garchomp
|
|-end|p1a: Garchomp|rampage
|-start|p1a: Garchomp|confusion
|turn|18
|
|switch|p1a: Landorus-Therian|Landorus-Therian, M, shiny|319\/319
|-ability|p1a: Landorus-Therian|Intimidate|[of] p2a: Ferrothorn
|-unboost|p2a: Ferrothorn|atk|1
|switch|p2a: Heatran|Heatran, M|327\/327
|
|turn|19
|
|switch|p2a: Gyarados|Gyarados, F, shiny|333\/333
|-ability|p2a: Gyarados|Intimidate|[of] p1a: Landorus-Therian
|-unboost|p1a: Landorus-Therian|atk|1
|move|p1a: Landorus-Therian|U-turn|p2a: Gyarados
|-resisted|p2a: Gyarados
|-damage|p2a: Gyarados|298\/333
|
|switch|p1a: Latios|Latios, M, shiny|227\/301
|
|turn|20
|
|detailschange|p2a: Gyarados|Gyarados-Mega, F, shiny
|-mega|p2a: Gyarados|Gyarados|Gyaradosite
|-ability|p2a: Gyarados|Mold Breaker
|move|p1a: Latios|Draco Meteor|p2a: Gyarados
|-damage|p2a: Gyarados|118\/333
|-unboost|p1a: Latios|spa|2
|move|p2a: Gyarados|Dragon Dance|p2a: Gyarados
|-boost|p2a: Gyarados|atk|1
|-boost|p2a: Gyarados|spe|1
|
|turn|21
|
|move|p2a: Gyarados|Dragon Dance|p2a: Gyarados
|-boost|p2a: Gyarados|atk|1
|-boost|p2a: Gyarados|spe|1
|move|p1a: Latios|Draco Meteor|p2a: Gyarados
|-damage|p2a: Gyarados|21\/333
|-unboost|p1a: Latios|spa|2
|
|turn|22
|
|move|p2a: Gyarados|Earthquake|p1a: Latios
|-damage|p1a: Latios|0 fnt
|faint|p1a: Latios
|
|
|switch|p1a: Garchomp|Garchomp, M, shiny|225\/357
|turn|23
|
|move|p2a: Gyarados|Earthquake|p1a: Garchomp
|-damage|p1a: Garchomp|0 fnt
|faint|p1a: Garchomp
|
|c|âPK Mew|gg
|
|switch|p1a: Landorus-Therian|Landorus-Therian, M, shiny|319\/319
|-ability|p1a: Landorus-Therian|Intimidate|[of] p2a: Gyarados
|-unboost|p2a: Gyarados|atk|1
|turn|24
|
|move|p2a: Gyarados|Waterfall|p1a: Landorus-Therian
|-supereffective|p1a: Landorus-Therian
|-damage|p1a: Landorus-Therian|0 fnt
|faint|p1a: Landorus-Therian
|
|win|PK Mew
|raw|Ladder updating...
|raw|Argue's rating: 1146 &rarr; <strong>1120<\/strong><br \/>(-26 for losing)
|raw|PK Mew's rating: 1131 &rarr; <strong>1157<\/strong><br \/>(+26 for winning)
|leave|PK Mew