|join|specs P2
|join|LSD ICE
|player|p1|specs P2|161
|player|p2|LSD ICE|125
|gametype|singles
|gen|6
|tier|OU
|rated
|clearpoke
|poke|p1|Azumarill, M
|poke|p1|Heracross, F
|poke|p1|Gengar, M
|poke|p1|Landorus-Therian, M
|poke|p1|Heatran, F
|poke|p1|Latias, F
|poke|p2|Latios, M
|poke|p2|Breloom, F
|poke|p2|Manaphy
|poke|p2|Landorus-Therian, M
|poke|p2|Heatran, F
|poke|p2|Metagross
|rule|Swagger Clause: Swagger is banned
|rule|Baton Pass Clause: Limit one PokÃ©mon knowing Baton Pass
|rule|Sleep Clause Mod: Limit one foe put to sleep
|rule|Species Clause: Limit one of each PokÃ©mon
|rule|OHKO Clause: OHKO moves are banned
|rule|Moody Clause: Moody is banned
|rule|Evasion Moves Clause: Evasion moves are banned
|rule|Endless Battle Clause: Forcing endless battles is banned
|rule|HP Percentage Mod: HP is shown in percentages
|teampreview
|
|start
|switch|p1a: Heracross|Heracross, F|308\/308
|switch|p2a: Breloom|Breloom, F|261\/261
|turn|1
|
|detailschange|p1a: Heracross|Heracross-Mega, F
|message|Heracross has Mega Evolved into Mega Heracross!
|move|p1a: Heracross|Pin Missile|p2a: Breloom
|-damage|p2a: Breloom|191\/261
|-damage|p2a: Breloom|113\/261
|-damage|p2a: Breloom|32\/261
|-damage|p2a: Breloom|0 fnt
|-hitcount|p2a: Breloom|4
|faint|p2a: Breloom
|
|
|switch|p2a: Latios|Latios, M|301\/301
|turn|2
|
|switch|p1a: Heatran|Heatran, F|323\/323
|-item|p1a: Heatran|Air Balloon
|move|p2a: Latios|Psyshock|p1a: Heatran
|-resisted|p1a: Heatran
|-damage|p1a: Heatran|240\/323
|-enditem|p1a: Heatran|Air Balloon
|-damage|p2a: Latios|271\/301|[from] item: Life Orb
|
|turn|3
|
|switch|p2a: Heatran|Heatran, F|385\/385
|-item|p2a: Heatran|Air Balloon
|move|p1a: Heatran|Stealth Rock|p2a: Heatran
|-sidestart|p2: LSD ICE|move: Stealth Rock
|
|turn|4
|
|move|p1a: Heatran|Taunt|p2a: Heatran
|-start|p2a: Heatran|move: Taunt
|cant|p2a: Heatran|move: Taunt|Stealth Rock
|
|turn|5
|
|switch|p1a: Azumarill|Azumarill, M|404\/404
|move|p2a: Heatran|Lava Plume|p1a: Azumarill
|-resisted|p1a: Azumarill
|-damage|p1a: Azumarill|359\/404
|
|turn|6
|
|switch|p2a: Manaphy|Manaphy|404\/404
|-damage|p2a: Manaphy|354\/404|[from] Stealth Rock
|move|p1a: Azumarill|Waterfall|p2a: Manaphy
|-resisted|p2a: Manaphy
|-damage|p2a: Manaphy|291\/404
|
|-heal|p2a: Manaphy|316\/404|[from] item: Leftovers
|turn|7
|
|move|p2a: Manaphy|Scald|p1a: Azumarill
|-resisted|p1a: Azumarill
|-damage|p1a: Azumarill|318\/404
|move|p1a: Azumarill|Play Rough|p2a: Manaphy
|-damage|p2a: Manaphy|183\/404
|
|-heal|p2a: Manaphy|208\/404|[from] item: Leftovers
|turn|8
|
|switch|p1a: Latias|Latias, F|319\/319
|move|p2a: Manaphy|Rain Dance|p2a: Manaphy
|-weather|RainDance
|
|-weather|RainDance|[upkeep]
|-heal|p2a: Manaphy|233\/404|[from] item: Leftovers
|turn|9
|
|switch|p1a: Azumarill|Azumarill, M|318\/404
|move|p2a: Manaphy|Rest|p2a: Manaphy
|-status|p2a: Manaphy|slp
|-heal|p2a: Manaphy|404\/404 slp|[silent]
|-status|p2a: Manaphy|slp|[from] move: Rest
|
|-weather|RainDance|[upkeep]
|-curestatus|p2a: Manaphy|slp
|turn|10
|
|switch|p1a: Latias|Latias, F|319\/319
|move|p2a: Manaphy|Scald|p1a: Latias
|-resisted|p1a: Latias
|-damage|p1a: Latias|266\/319
|
|-weather|RainDance|[upkeep]
|turn|11
|
|move|p1a: Latias|Psyshock|p2a: Manaphy
|-damage|p2a: Manaphy|287\/404
|-damage|p1a: Latias|235\/319|[from] item: Life Orb
|move|p2a: Manaphy|Calm Mind|p2a: Manaphy
|-boost|p2a: Manaphy|spa|1
|-boost|p2a: Manaphy|spd|1
|
|-weather|RainDance|[upkeep]
|-heal|p2a: Manaphy|312\/404|[from] item: Leftovers
|turn|12
|
|move|p1a: Latias|Psyshock|p2a: Manaphy
|-damage|p2a: Manaphy|191\/404
|-damage|p1a: Latias|204\/319|[from] item: Life Orb
|move|p2a: Manaphy|Scald|p1a: Latias
|-resisted|p1a: Latias
|-damage|p1a: Latias|115\/319
|
|-weather|none
|-heal|p2a: Manaphy|216\/404|[from] item: Leftovers
|turn|13
|
|move|p1a: Latias|Psyshock|p2a: Manaphy
|-damage|p2a: Manaphy|95\/404
|-damage|p1a: Latias|84\/319|[from] item: Life Orb
|move|p2a: Manaphy|Rain Dance|p2a: Manaphy
|-weather|RainDance
|
|-weather|RainDance|[upkeep]
|-heal|p2a: Manaphy|120\/404|[from] item: Leftovers
|turn|14
|
|switch|p2a: Heatran|Heatran, F|385\/385
|-damage|p2a: Heatran|337\/385|[from] Stealth Rock
|-item|p2a: Heatran|Air Balloon
|move|p1a: Latias|Psyshock|p2a: Heatran
|-resisted|p2a: Heatran
|-damage|p2a: Heatran|267\/385
|-enditem|p2a: Heatran|Air Balloon
|-damage|p1a: Latias|53\/319|[from] item: Life Orb
|
|-weather|RainDance|[upkeep]
|turn|15
|
|move|p1a: Latias|Psyshock|p2a: Heatran
|-resisted|p2a: Heatran
|-damage|p2a: Heatran|193\/385
|-damage|p1a: Latias|22\/319|[from] item: Life Orb
|move|p2a: Heatran|Stealth Rock|p1a: Latias
|-sidestart|p1: specs P2|move: Stealth Rock
|
|-weather|RainDance|[upkeep]
|turn|16
|
|move|p1a: Latias|Defog|p2a: Heatran
|-unboost|p2a: Heatran|evasion|1
|-sideend|p2: LSD ICE|Stealth Rock|[from] move: Defog|[of] p2a: Heatran
|-sideend|p1: specs P2|Stealth Rock|[from] move: Defog|[of] p1a: Latias
|move|p2a: Heatran|Lava Plume|p1a: Latias
|-resisted|p1a: Latias
|-damage|p1a: Latias|0 fnt
|faint|p1a: Latias
|
|-weather|RainDance|[upkeep]
|
|switch|p1a: Azumarill|Azumarill, M|318\/404
|turn|17
|
|move|p1a: Azumarill|Aqua Jet|p2a: Heatran
|-supereffective|p2a: Heatran
|-damage|p2a: Heatran|0 fnt
|faint|p2a: Heatran
|
|-weather|none
|
|switch|p2a: Metagross|Metagross|301\/301
|turn|18
|
|switch|p1a: Heatran|Heatran, F|240\/323
|move|p2a: Metagross|Agility|p2a: Metagross
|-boost|p2a: Metagross|spe|2
|
|turn|19
|
|move|p2a: Metagross|Earthquake|p1a: Heatran
|-supereffective|p1a: Heatran
|-damage|p1a: Heatran|0 fnt
|faint|p1a: Heatran
|
|
|switch|p1a: Heracross|Heracross-Mega, F|308\/308
|turn|20
|
|switch|p1a: Gengar|Gengar, M|261\/261
|detailschange|p2a: Metagross|Metagross-Mega
|message|Metagross has Mega Evolved into Mega Metagross!
|move|p2a: Metagross|Meteor Mash|p1a: Gengar
|-damage|p1a: Gengar|0 fnt
|-boost|p2a: Metagross|atk|1
|faint|p1a: Gengar
|
|
|switch|p1a: Landorus-Therian|Landorus-Therian, M|325\/325
|-ability|p1a: Landorus-Therian|Intimidate|[of] p2a: Metagross
|-unboost|p2a: Metagross|atk|1
|turn|21
|
|move|p2a: Metagross|Ice Punch|p1a: Landorus-Therian
|-supereffective|p1a: Landorus-Therian
|-damage|p1a: Landorus-Therian|0 fnt
|faint|p1a: Landorus-Therian
|
|
|switch|p1a: Heracross|Heracross-Mega, F|308\/308
|turn|22
|
|move|p2a: Metagross|Meteor Mash|p1a: Heracross
|-damage|p1a: Heracross|91\/308
|move|p1a: Heracross|Pin Missile|p2a: Metagross
|-damage|p2a: Metagross|253\/301
|-damage|p2a: Metagross|205\/301
|-damage|p2a: Metagross|160\/301
|-damage|p2a: Metagross|114\/301
|-damage|p2a: Metagross|63\/301
|-hitcount|p2a: Metagross|5
|
|turn|23
|
|move|p2a: Metagross|Meteor Mash|p1a: Heracross
|-damage|p1a: Heracross|0 fnt
|faint|p1a: Heracross
|
|-message|specs P2 forfeited.
|
|win|LSD ICE
|raw|Ladder updating...
|leave|specs P2
|player|p1
|raw|specs P2's rating: 1405 &rarr; <strong>1385<\/strong><br \/>(-20 for losing)
|raw|LSD ICE's rating: 1400 &rarr; <strong>1420<\/strong><br \/>(+20 for winning)