|join|Mounts
|join|specs P2
|player|p1|Mounts|101
|player|p2|specs P2|161
|gametype|singles
|gen|6
|tier|OU
|rated
|clearpoke
|poke|p1|Sceptile, F
|poke|p1|Greninja, F
|poke|p1|Terrakion
|poke|p1|Landorus-Therian, M
|poke|p1|Bisharp, F
|poke|p1|Rotom-Wash
|poke|p2|Azumarill, M
|poke|p2|Bisharp, F
|poke|p2|Garchomp, M
|poke|p2|Manectric, F
|poke|p2|Landorus-Therian, M
|poke|p2|Gengar, F
|rule|Swagger Clause: Swagger is banned
|rule|Baton Pass Clause: Limit one PokÃ©mon knowing Baton Pass
|rule|Sleep Clause Mod: Limit one foe put to sleep
|rule|Species Clause: Limit one of each PokÃ©mon
|rule|OHKO Clause: OHKO moves are banned
|rule|Moody Clause: Moody is banned
|rule|Evasion Moves Clause: Evasion moves are banned
|rule|Endless Battle Clause: Forcing endless battles is banned
|rule|HP Percentage Mod: HP is shown in percentages
|teampreview
|
|start
|switch|p1a: P. Sherman|Landorus-Therian, M|382\/382
|switch|p2a: Garchomp|Garchomp, M|357\/357
|-ability|p1a: P. Sherman|Intimidate|[of] p2a: Garchomp
|-unboost|p2a: Garchomp|atk|1
|turn|1
|
|move|p2a: Garchomp|Stealth Rock|p1a: P. Sherman
|-sidestart|p1: Mounts|move: Stealth Rock
|move|p1a: P. Sherman|Stealth Rock|p2a: Garchomp
|-sidestart|p2: specs P2|move: Stealth Rock
|
|turn|2
|
|move|p2a: Garchomp|Dragon Claw|p1a: P. Sherman
|-damage|p1a: P. Sherman|312\/382
|move|p1a: P. Sherman|Earthquake|p2a: Garchomp
|-damage|p2a: Garchomp|182\/357
|
|-heal|p1a: P. Sherman|335\/382|[from] item: Leftovers
|turn|3
|
|move|p2a: Garchomp|Dragon Claw|p1a: P. Sherman
|-crit|p1a: P. Sherman
|-damage|p1a: P. Sherman|161\/382
|move|p1a: P. Sherman|Earthquake|p2a: Garchomp
|-damage|p2a: Garchomp|4\/357
|
|-heal|p1a: P. Sherman|184\/382|[from] item: Leftovers
|turn|4
|
|move|p2a: Garchomp|Dragon Claw|p1a: P. Sherman
|-damage|p1a: P. Sherman|106\/382
|move|p1a: P. Sherman|Earthquake|p2a: Garchomp
|-crit|p2a: Garchomp
|-damage|p2a: Garchomp|0 fnt
|faint|p2a: Garchomp
|
|-heal|p1a: P. Sherman|129\/382|[from] item: Leftovers
|
|switch|p2a: Manectric|Manectric, F|281\/281
|-damage|p2a: Manectric|246\/281|[from] Stealth Rock
|turn|5
|
|detailschange|p2a: Manectric|Manectric-Mega, F
|-mega|p2a: Manectric|Manectric|Manectite
|-ability|p2a: Manectric|Intimidate|[of] p1a: P. Sherman
|-unboost|p1a: P. Sherman|atk|1
|move|p2a: Manectric|Flamethrower|p1a: P. Sherman
|-damage|p1a: P. Sherman|0 fnt
|faint|p1a: P. Sherman
|
|
|switch|p1a: 200 kids outside|Bisharp, F|272\/272
|-damage|p1a: 200 kids outside|255\/272|[from] Stealth Rock
|turn|6
|
|switch|p2a: Azumarill|Azumarill, M|360\/360
|-damage|p2a: Azumarill|315\/360|[from] Stealth Rock
|move|p1a: 200 kids outside|Sucker Punch|p2a: Azumarill
|-fail|p2a: Azumarill
|
|turn|7
|
|switch|p1a: Gatorade|Rotom-Wash|304\/304
|-damage|p1a: Gatorade|266\/304|[from] Stealth Rock
|move|p2a: Azumarill|Knock Off|p1a: Gatorade
|-damage|p1a: Gatorade|160\/304
|-enditem|p1a: Gatorade|Leftovers|[from] move: Knock Off|[of] p2a: Azumarill
|
|turn|8
|
|move|p1a: Gatorade|Will-O-Wisp|p2a: Azumarill|[miss]
|-miss|p1a: Gatorade|p2a: Azumarill
|move|p2a: Azumarill|Play Rough|p1a: Gatorade|[miss]
|-miss|p2a: Azumarill|p1a: Gatorade
|
|turn|9
|
|move|p1a: Gatorade|Pain Split|p2a: Azumarill
|-sethp|p2a: Azumarill|237\/360|p1a: Gatorade|237\/304|[from] move: Pain Split
|move|p2a: Azumarill|Play Rough|p1a: Gatorade|[miss]
|-miss|p2a: Azumarill|p1a: Gatorade
|
|turn|10
|
|move|p1a: Gatorade|Will-O-Wisp|p2a: Azumarill
|-status|p2a: Azumarill|brn
|move|p2a: Azumarill|Play Rough|p1a: Gatorade
|-damage|p1a: Gatorade|162\/304
|
|-damage|p2a: Azumarill|192\/360 brn|[from] brn
|turn|11
|
|move|p2a: Azumarill|Aqua Jet|p1a: Gatorade
|-resisted|p1a: Gatorade
|-damage|p1a: Gatorade|147\/304
|move|p1a: Gatorade|Volt Switch|p2a: Azumarill
|-supereffective|p2a: Azumarill
|-damage|p2a: Azumarill|0 fnt
|faint|p2a: Azumarill
|
|switch|p1a: 200 kids outside|Bisharp, F|255\/272
|-damage|p1a: 200 kids outside|238\/272|[from] Stealth Rock
|
|
|switch|p2a: Gengar|Gengar, F|261\/261
|-damage|p2a: Gengar|229\/261|[from] Stealth Rock
|turn|12
|
|move|p2a: Gengar|Destiny Bond|p2a: Gengar
|-singlemove|p2a: Gengar|Destiny Bond
|move|p1a: 200 kids outside|Knock Off|p2a: Gengar
|-supereffective|p2a: Gengar
|-damage|p2a: Gengar|0 fnt
|-enditem|p2a: Gengar|Life Orb|[from] move: Knock Off|[of] p1a: 200 kids outside
|-damage|p1a: 200 kids outside|211\/272|[from] item: Life Orb
|faint|p2a: Gengar
|-activate|p2a: Gengar|Destiny Bond
|faint|p1a: 200 kids outside
|
|
|switch|p2a: Manectric|Manectric-Mega, F|246\/281
|switch|p1a: E. Dantes|Terrakion|323\/323
|-damage|p2a: Manectric|211\/281|[from] Stealth Rock
|-ability|p2a: Manectric|Intimidate|[of] p1a: E. Dantes
|-unboost|p1a: E. Dantes|atk|1
|-damage|p1a: E. Dantes|303\/323|[from] Stealth Rock
|turn|13
|
|switch|p2a: Landorus-Therian|Landorus-Therian, M|319\/319
|-damage|p2a: Landorus-Therian|280\/319|[from] Stealth Rock
|-ability|p2a: Landorus-Therian|Intimidate|[of] p1a: E. Dantes
|-unboost|p1a: E. Dantes|atk|1
|move|p1a: E. Dantes|Close Combat|p2a: Landorus-Therian
|-resisted|p2a: Landorus-Therian
|-damage|p2a: Landorus-Therian|214\/319
|-unboost|p1a: E. Dantes|def|1
|-unboost|p1a: E. Dantes|spd|1
|-damage|p1a: E. Dantes|271\/323|[from] item: Life Orb
|
|turn|14
|
|switch|p1a: Gatorade|Rotom-Wash|147\/304
|-damage|p1a: Gatorade|109\/304|[from] Stealth Rock
|move|p2a: Landorus-Therian|U-turn|p1a: Gatorade
|-damage|p1a: Gatorade|42\/304
|
|switch|p2a: Manectric|Manectric-Mega, F|211\/281
|-damage|p2a: Manectric|176\/281|[from] Stealth Rock
|-ability|p2a: Manectric|Intimidate|[of] p1a: Gatorade
|-unboost|p1a: Gatorade|atk|1
|
|turn|15
|
|move|p2a: Manectric|Volt Switch|p1a: Gatorade
|-damage|p1a: Gatorade|0 fnt
|faint|p1a: Gatorade
|
|switch|p2a: Landorus-Therian|Landorus-Therian, M|214\/319
|-damage|p2a: Landorus-Therian|175\/319|[from] Stealth Rock
|
|
|switch|p1a: Susceptile|Sceptile, F|281\/281
|-damage|p1a: Susceptile|246\/281|[from] Stealth Rock
|turn|16
|
|detailschange|p1a: Susceptile|Sceptile-Mega, F
|-mega|p1a: Susceptile|Sceptile|Sceptilite
|move|p2a: Landorus-Therian|U-turn|p1a: Susceptile
|-supereffective|p1a: Susceptile
|-damage|p1a: Susceptile|0 fnt
|faint|p1a: Susceptile
|
|switch|p2a: Manectric|Manectric-Mega, F|176\/281
|-damage|p2a: Manectric|141\/281|[from] Stealth Rock
|
|
|switch|p1a: E. Dantes|Terrakion|271\/323
|-damage|p1a: E. Dantes|251\/323|[from] Stealth Rock
|turn|17
|
|move|p2a: Manectric|Thunderbolt|p1a: E. Dantes
|-damage|p1a: E. Dantes|82\/323
|move|p1a: E. Dantes|Close Combat|p2a: Manectric
|-damage|p2a: Manectric|0 fnt
|-unboost|p1a: E. Dantes|def|1
|-unboost|p1a: E. Dantes|spd|1
|-damage|p1a: E. Dantes|50\/323|[from] item: Life Orb
|faint|p2a: Manectric
|
|
|switch|p2a: Landorus-Therian|Landorus-Therian, M|175\/319
|-damage|p2a: Landorus-Therian|136\/319|[from] Stealth Rock
|-ability|p2a: Landorus-Therian|Intimidate|[of] p1a: E. Dantes
|-unboost|p1a: E. Dantes|atk|1
|turn|18
|
|move|p2a: Landorus-Therian|Earthquake|p1a: E. Dantes
|-supereffective|p1a: E. Dantes
|-damage|p1a: E. Dantes|0 fnt
|faint|p1a: E. Dantes
|
|
|switch|p1a: ovoxo|Greninja, F|285\/285
|-damage|p1a: ovoxo|250\/285|[from] Stealth Rock
|turn|19
|
|move|p2a: Landorus-Therian|Earthquake|p1a: ovoxo
|-crit|p1a: ovoxo
|-damage|p1a: ovoxo|0 fnt
|faint|p1a: ovoxo
|
|win|specs P2
|raw|Ladder updating...
|raw|Mounts's rating: 1740 &rarr; <strong>1716<\/strong><br \/>(-24 for losing)
|raw|specs P2's rating: 1672 &rarr; <strong>1696<\/strong><br \/>(+24 for winning)
|leave|Mounts