|join|ZUCCHERO
|join|specs P2
|player|p1|ZUCCHERO|240
|player|p2|specs P2|161
|gametype|singles
|gen|6
|tier|OU
|rated
|clearpoke
|poke|p1|Latios, M
|poke|p1|Azumarill, M
|poke|p1|Infernape, F
|poke|p1|Kyurem-Black
|poke|p1|Gothitelle, F
|poke|p1|Landorus-Therian, M
|poke|p2|Azumarill, F
|poke|p2|Bisharp, F
|poke|p2|Garchomp, F
|poke|p2|Manectric, M
|poke|p2|Landorus-Therian, M
|poke|p2|Gengar, F
|rule|Swagger Clause: Swagger is banned
|rule|Baton Pass Clause: Limit one PokÃ©mon knowing Baton Pass
|rule|Sleep Clause Mod: Limit one foe put to sleep
|rule|Species Clause: Limit one of each PokÃ©mon
|rule|OHKO Clause: OHKO moves are banned
|rule|Moody Clause: Moody is banned
|rule|Evasion Moves Clause: Evasion moves are banned
|rule|Endless Battle Clause: Forcing endless battles is banned
|rule|HP Percentage Mod: HP is shown in percentages
|teampreview
|
|start
|switch|p1a: Infernape|Infernape, F|294\/294
|switch|p2a: Garchomp|Garchomp, F|357\/357
|turn|1
|
|move|p1a: Infernape|Taunt|p2a: Garchomp
|-start|p2a: Garchomp|move: Taunt
|cant|p2a: Garchomp|move: Taunt|Stealth Rock
|
|turn|2
|
|move|p1a: Infernape|Stealth Rock|p2a: Garchomp
|-sidestart|p2: specs P2|move: Stealth Rock
|move|p2a: Garchomp|Earthquake|p1a: Infernape
|-supereffective|p1a: Infernape
|-enditem|p1a: Infernape|Focus Sash
|-damage|p1a: Infernape|1\/294
|
|turn|3
|
|switch|p2a: Gengar|Gengar, F|261\/261
|-damage|p2a: Gengar|229\/261|[from] Stealth Rock
|move|p1a: Infernape|Endeavor|p2a: Gengar
|-immune|p2a: Gengar|[msg]
|
|turn|4
|
|move|p2a: Gengar|Sludge Wave|p1a: Infernape
|-damage|p1a: Infernape|0 fnt
|-damage|p2a: Gengar|203\/261|[from] item: Life Orb
|faint|p1a: Infernape
|
|
|switch|p1a: Gothitelle|Gothitelle, F|344\/344
|turn|5
|
|switch|p2a: Garchomp|Garchomp, F|357\/357
|-damage|p2a: Garchomp|335\/357|[from] Stealth Rock
|move|p1a: Gothitelle|Psyshock|p2a: Garchomp
|-damage|p2a: Garchomp|241\/357
|
|turn|6
|
|switch|p1a: Latios|Latios, M|301\/301
|move|p2a: Garchomp|Stealth Rock|p1a: Latios
|-sidestart|p1: ZUCCHERO|move: Stealth Rock
|
|turn|7
|
|detailschange|p1a: Latios|Latios-Mega, M
|-mega|p1a: Latios|Latios|Latiosite
|move|p2a: Garchomp|Dragon Claw|p1a: Latios
|-supereffective|p1a: Latios
|-damage|p1a: Latios|19\/301
|move|p1a: Latios|Outrage|p2a: Garchomp
|-supereffective|p2a: Garchomp
|-damage|p2a: Garchomp|0 fnt
|-damage|p1a: Latios|0 fnt|[from] ability: Rough Skin|[of] p2a: Garchomp
|faint|p1a: Latios
|faint|p2a: Garchomp
|
|
|switch|p1a: Kyurem-Black|Kyurem-Black|391\/391
|switch|p2a: Landorus-Therian|Landorus-Therian, M|319\/319
|-damage|p2a: Landorus-Therian|280\/319|[from] Stealth Rock
|-ability|p2a: Landorus-Therian|Intimidate|[of] p1a: Kyurem-Black
|-unboost|p1a: Kyurem-Black|atk|1
|-damage|p1a: Kyurem-Black|294\/391|[from] Stealth Rock
|-ability|p1a: Kyurem-Black|Teravolt
|turn|8
|
|move|p2a: Landorus-Therian|Stone Edge|p1a: Kyurem-Black
|-supereffective|p1a: Kyurem-Black
|-damage|p1a: Kyurem-Black|14\/391
|move|p1a: Kyurem-Black|Ice Beam|p2a: Landorus-Therian
|-supereffective|p2a: Landorus-Therian
|-damage|p2a: Landorus-Therian|0 fnt
|-damage|p1a: Kyurem-Black|0 fnt|[from] item: Life Orb
|faint|p2a: Landorus-Therian
|faint|p1a: Kyurem-Black
|
|
|switch|p1a: Gothitelle|Gothitelle, F|344\/344
|switch|p2a: Bisharp|Bisharp, F|271\/271
|-damage|p1a: Gothitelle|301\/344|[from] Stealth Rock
|-damage|p2a: Bisharp|255\/271|[from] Stealth Rock
|turn|9
|
|move|p2a: Bisharp|Sucker Punch|p1a: Gothitelle
|-fail|p1a: Gothitelle
|move|p1a: Gothitelle|Trick|p2a: Bisharp
|-activate|p1a: Gothitelle|move: Trick|[of] p2a: Bisharp
|-item|p2a: Bisharp|Choice Scarf|[from] move: Trick
|-item|p1a: Gothitelle|Life Orb|[from] move: Trick
|
|turn|10
|
|switch|p1a: Azumarill|Azumarill, M|364\/364
|-damage|p1a: Azumarill|319\/364|[from] Stealth Rock
|move|p2a: Bisharp|Iron Head|p1a: Azumarill
|-damage|p1a: Azumarill|148\/364
|-enditem|p1a: Azumarill|Sitrus Berry|[eat]
|-heal|p1a: Azumarill|239\/364|[from] item: Sitrus Berry
|
|turn|11
|
|move|p2a: Bisharp|Iron Head|p1a: Azumarill
|-damage|p1a: Azumarill|49\/364
|cant|p1a: Azumarill|flinch
|
|turn|12
|-message|ZUCCHERO forfeited.
|leave|ZUCCHERO
|
|win|specs P2
|raw|Ladder updating...
|player|p1
|raw|ZUCCHERO's rating: 1698 &rarr; <strong>1677<\/strong><br \/>(-21 for losing)
|raw|specs P2's rating: 1672 &rarr; <strong>1693<\/strong><br \/>(+21 for winning)