|join|AE Neo
|join|specs P2
|player|p1|AE Neo|153
|player|p2|specs P2|161
|gametype|singles
|gen|6
|tier|OU (suspect test)
|rated
|clearpoke
|poke|p1|Bisharp, M, shiny
|poke|p1|Gengar, M, shiny
|poke|p1|Manectric, M, shiny
|poke|p1|Landorus-Therian, M
|poke|p1|Mamoswine, M
|poke|p1|Azumarill, M
|poke|p2|Scizor, F
|poke|p2|Azelf
|poke|p2|Diggersby, M
|poke|p2|Thundurus, M
|poke|p2|Latios, M
|poke|p2|Azumarill, F
|rule|Swagger Clause: Swagger is banned
|rule|Baton Pass Clause: Limit one PokÃ©mon knowing Baton Pass
|rule|Sleep Clause Mod: Limit one foe put to sleep
|rule|Species Clause: Limit one of each PokÃ©mon
|rule|OHKO Clause: OHKO moves are banned
|rule|Moody Clause: Moody is banned
|rule|Evasion Moves Clause: Evasion moves are banned
|rule|Endless Battle Clause: Forcing endless battles is banned
|rule|HP Percentage Mod: HP is shown in percentages
|teampreview
|
|start
|switch|p1a: Mamoswine|Mamoswine, M|381\/381
|switch|p2a: Azumarill|Azumarill, F|364\/364
|turn|1
|
|move|p2a: Azumarill|Aqua Jet|p1a: Mamoswine
|-supereffective|p1a: Mamoswine
|-damage|p1a: Mamoswine|187\/381
|move|p1a: Mamoswine|Stealth Rock|p2a: Azumarill
|-sidestart|p2: specs P2|move: Stealth Rock
|
|turn|2
|
|switch|p1a: Azumarill|Azumarill, M|364\/364
|move|p2a: Azumarill|Aqua Jet|p1a: Azumarill
|-resisted|p1a: Azumarill
|-damage|p1a: Azumarill|310\/364
|
|turn|3
|
|switch|p2a: Scizor|Scizor, F|281\/281
|-damage|p2a: Scizor|246\/281|[from] Stealth Rock
|move|p1a: Azumarill|Play Rough|p2a: Scizor
|-resisted|p2a: Scizor
|-damage|p2a: Scizor|143\/281
|
|turn|4
|
|switch|p1a: Landorus-Therian|Landorus-Therian, M|320\/320
|-ability|p1a: Landorus-Therian|Intimidate|[of] p2a: Scizor
|-unboost|p2a: Scizor|atk|1
|detailschange|p2a: Scizor|Scizor-Mega, F
|-mega|p2a: Scizor|Scizor|Scizorite
|move|p2a: Scizor|Bug Bite|p1a: Landorus-Therian
|-resisted|p1a: Landorus-Therian
|-damage|p1a: Landorus-Therian|253\/320
|
|turn|5
|
|move|p1a: Landorus-Therian|U-turn|p2a: Scizor
|-resisted|p2a: Scizor
|-damage|p2a: Scizor|108\/281
|
|switch|p1a: Manectric|Manectric, M, shiny|281\/281
|move|p2a: Scizor|Bug Bite|p1a: Manectric
|-damage|p1a: Manectric|85\/281
|
|turn|6
|
|switch|p2a: Latios|Latios, M|301\/301
|-damage|p2a: Latios|264\/301|[from] Stealth Rock
|detailschange|p1a: Manectric|Manectric-Mega, M, shiny
|-mega|p1a: Manectric|Manectric|Manectite
|-ability|p1a: Manectric|Intimidate|[of] p2a: Latios
|-unboost|p2a: Latios|atk|1
|move|p1a: Manectric|Overheat|p2a: Latios
|-resisted|p2a: Latios
|-damage|p2a: Latios|194\/301
|-unboost|p1a: Manectric|spa|2
|
|turn|7
|
|move|p2a: Latios|Defog|p1a: Manectric
|-unboost|p1a: Manectric|evasion|1
|-sideend|p2: specs P2|Stealth Rock|[from] move: Defog|[of] p2a: Latios
|move|p1a: Manectric|Volt Switch|p2a: Latios
|-crit|p2a: Latios
|-resisted|p2a: Latios
|-damage|p2a: Latios|105\/301
|
|switch|p1a: Mamoswine|Mamoswine, M|187\/381
|
|turn|8
|
|switch|p2a: Scizor|Scizor-Mega, F|108\/281
|move|p1a: Mamoswine|Stealth Rock|p2a: Scizor
|-sidestart|p2: specs P2|move: Stealth Rock
|
|turn|9
|
|switch|p1a: Landorus-Therian|Landorus-Therian, M|253\/320
|-ability|p1a: Landorus-Therian|Intimidate|[of] p2a: Scizor
|-unboost|p2a: Scizor|atk|1
|move|p2a: Scizor|Bullet Punch|p1a: Landorus-Therian
|-damage|p1a: Landorus-Therian|157\/320
|
|turn|10
|
|move|p2a: Scizor|Bullet Punch|p1a: Landorus-Therian
|-damage|p1a: Landorus-Therian|60\/320
|move|p1a: Landorus-Therian|Earthquake|p2a: Scizor
|-damage|p2a: Scizor|0 fnt
|faint|p2a: Scizor
|
|
|switch|p2a: Latios|Latios, M|105\/301
|-damage|p2a: Latios|68\/301|[from] Stealth Rock
|turn|11
|
|switch|p1a: Mamoswine|Mamoswine, M|187\/381
|move|p2a: Latios|Defog|p1a: Mamoswine
|-unboost|p1a: Mamoswine|evasion|1
|-sideend|p2: specs P2|Stealth Rock|[from] move: Defog|[of] p2a: Latios
|
|turn|12
|
|switch|p2a: Azumarill|Azumarill, F|364\/364
|move|p1a: Mamoswine|Stealth Rock|p2a: Azumarill
|-sidestart|p2: specs P2|move: Stealth Rock
|
|turn|13
|
|move|p2a: Azumarill|Aqua Jet|p1a: Mamoswine
|-supereffective|p1a: Mamoswine
|-damage|p1a: Mamoswine|0 fnt
|faint|p1a: Mamoswine
|
|
|switch|p1a: Gengar|Gengar, M, shiny|262\/262
|turn|14
|
|switch|p2a: Thundurus|Thundurus, M|299\/299
|-damage|p2a: Thundurus|225\/299|[from] Stealth Rock
|move|p1a: Gengar|Sludge Wave|p2a: Thundurus
|-damage|p2a: Thundurus|0 fnt
|-damage|p1a: Gengar|236\/262|[from] item: Life Orb
|faint|p2a: Thundurus
|
|
|switch|p2a: Latios|Latios, M|68\/301
|-damage|p2a: Latios|31\/301|[from] Stealth Rock
|turn|15
|
|switch|p1a: Bisharp|Bisharp, M, shiny|278\/278
|move|p2a: Latios|Defog|p1a: Bisharp
|-unboost|p1a: Bisharp|evasion|1
|-boost|p1a: Bisharp|atk|2|[from] ability: Defiant
|-sideend|p2: specs P2|Stealth Rock|[from] move: Defog|[of] p2a: Latios
|
|turn|16
|
|move|p2a: Latios|Defog|p1a: Bisharp
|-unboost|p1a: Bisharp|evasion|1
|-boost|p1a: Bisharp|atk|2|[from] ability: Defiant
|move|p1a: Bisharp|Swords Dance|p1a: Bisharp
|-boost|p1a: Bisharp|atk|2
|
|turn|17
|
|move|p2a: Latios|Defog|p1a: Bisharp
|-unboost|p1a: Bisharp|evasion|1
|move|p1a: Bisharp|Knock Off|p2a: Latios
|-crit|p2a: Latios
|-supereffective|p2a: Latios
|-damage|p2a: Latios|0 fnt
|-enditem|p2a: Latios|Choice Scarf|[from] move: Knock Off|[of] p1a: Bisharp
|-damage|p1a: Bisharp|251\/278|[from] item: Life Orb
|faint|p2a: Latios
|
|
|switch|p2a: Azelf|Azelf|291\/291
|turn|18
|
|move|p1a: Bisharp|Sucker Punch|p2a: Azelf
|-supereffective|p2a: Azelf
|-enditem|p2a: Azelf|Focus Sash
|-damage|p2a: Azelf|1\/291
|-damage|p1a: Bisharp|224\/278|[from] item: Life Orb
|move|p2a: Azelf|Fire Blast|p1a: Bisharp
|-supereffective|p1a: Bisharp
|-damage|p1a: Bisharp|0 fnt
|faint|p1a: Bisharp
|
|
|switch|p1a: Azumarill|Azumarill, M|310\/364
|turn|19
|
|move|p1a: Azumarill|Aqua Jet|p2a: Azelf
|-damage|p2a: Azelf|0 fnt
|faint|p2a: Azelf
|
|
|switch|p2a: Azumarill|Azumarill, F|364\/364
|turn|20
|
|move|p1a: Azumarill|Play Rough|p2a: Azumarill
|-damage|p2a: Azumarill|112\/364
|-enditem|p2a: Azumarill|Sitrus Berry|[eat]
|-heal|p2a: Azumarill|203\/364|[from] item: Sitrus Berry
|move|p2a: Azumarill|Belly Drum|p2a: Azumarill
|-damage|p2a: Azumarill|21\/364
|-setboost|p2a: Azumarill|atk|6|[from] move: Belly Drum
|
|turn|21
|
|move|p1a: Azumarill|Aqua Jet|p2a: Azumarill
|-resisted|p2a: Azumarill
|-damage|p2a: Azumarill|0 fnt
|faint|p2a: Azumarill
|
|c|âAE Neo|gg
|-message|specs P2 forfeited.
|
|win|AE Neo
|raw|Ladder updating...
|leave|specs P2
|player|p2
|raw|AE Neo's rating: 1452 &rarr; <strong>1475<\/strong><br \/>(+23 for winning)
|raw|specs P2's rating: 1499 &rarr; <strong>1476<\/strong><br \/>(-23 for losing)