|join|specs P2
|join|chimpact
|player|p1|specs P2|161
|player|p2|chimpact|125
|gametype|singles
|gen|6
|tier|OU (suspect test)
|rated
|clearpoke
|poke|p1|Metagross
|poke|p1|Kyurem-Black
|poke|p1|Landorus, M
|poke|p1|Zapdos
|poke|p1|Keldeo
|poke|p1|Talonflame, M
|poke|p2|Latias, F
|poke|p2|Ferrothorn, F
|poke|p2|Suicune
|poke|p2|Gliscor, M
|poke|p2|Charizard, F
|poke|p2|Heatran, M
|rule|Swagger Clause: Swagger is banned
|rule|Baton Pass Clause: Limit one PokÃ©mon knowing Baton Pass
|rule|Sleep Clause Mod: Limit one foe put to sleep
|rule|Species Clause: Limit one of each PokÃ©mon
|rule|OHKO Clause: OHKO moves are banned
|rule|Moody Clause: Moody is banned
|rule|Evasion Moves Clause: Evasion moves are banned
|rule|Endless Battle Clause: Forcing endless battles is banned
|rule|HP Percentage Mod: HP is shown in percentages
|teampreview
|join|TheCyberSage
|join|User Of Splash
|
|start
|switch|p1a: Talonflame|Talonflame, M|297\/297
|switch|p2a: Suicune|Suicune|404\/404
|-ability|p2a: Suicune|Pressure
|turn|1
|join|Christmas Kabushit
|
|move|p1a: Talonflame|U-turn|p2a: Suicune
|-damage|p2a: Suicune|342\/404
|
|switch|p1a: Zapdos|Zapdos|384\/384
|-ability|p1a: Zapdos|Pressure
|move|p2a: Suicune|Scald|p1a: Zapdos
|-damage|p1a: Zapdos|293\/384
|
|-heal|p1a: Zapdos|317\/384|[from] item: Leftovers
|-heal|p2a: Suicune|367\/404|[from] item: Leftovers
|turn|2
|
|switch|p1a: Keldeo|Keldeo|323\/323
|switch|p2a: Heatran|Heatran, M|384\/384
|
|turn|3
|
|switch|p2a: Suicune|Suicune|367\/404
|-ability|p2a: Suicune|Pressure
|move|p1a: Keldeo|Substitute|p1a: Keldeo
|-start|p1a: Keldeo|Substitute
|-damage|p1a: Keldeo|243\/323
|
|-heal|p1a: Keldeo|263\/323|[from] item: Leftovers
|-heal|p2a: Suicune|392\/404|[from] item: Leftovers
|turn|4
|
|move|p1a: Keldeo|Scald|p2a: Suicune
|-resisted|p2a: Suicune
|-damage|p2a: Suicune|327\/404
|move|p2a: Suicune|Roar|p1a: Keldeo
|drag|p1a: Talonflame|Talonflame, M|297\/297
|
|-heal|p2a: Suicune|352\/404|[from] item: Leftovers
|turn|5
|
|move|p1a: Talonflame|U-turn|p2a: Suicune
|-damage|p2a: Suicune|288\/404
|
|switch|p1a: Zapdos|Zapdos|317\/384
|-ability|p1a: Zapdos|Pressure
|move|p2a: Suicune|Scald|p1a: Zapdos
|-damage|p1a: Zapdos|229\/384
|-status|p1a: Zapdos|brn
|
|-heal|p1a: Zapdos|253\/384 brn|[from] item: Leftovers
|-heal|p2a: Suicune|313\/404|[from] item: Leftovers
|-damage|p1a: Zapdos|205\/384 brn|[from] brn
|turn|6
|
|switch|p2a: Heatran|Heatran, M|384\/384
|move|p1a: Zapdos|Roost|p1a: Zapdos
|-heal|p1a: Zapdos|384\/384 brn
|
|-damage|p1a: Zapdos|336\/384 brn|[from] brn
|turn|7
|
|switch|p1a: Landorus|Landorus, M|319\/319
|move|p2a: Heatran|Stealth Rock|p1a: Landorus
|-sidestart|p1: specs P2|move: Stealth Rock
|
|turn|8
|
|switch|p2a: Latias|Latias, F|352\/352
|move|p1a: Landorus|Knock Off|p2a: Latias
|-supereffective|p2a: Latias
|-damage|p2a: Latias|108\/352
|-enditem|p2a: Latias|Leftovers|[from] move: Knock Off|[of] p1a: Landorus
|-damage|p1a: Landorus|288\/319|[from] item: Life Orb
|
|turn|9
|
|switch|p1a: Metagross|Metagross|301\/301
|-damage|p1a: Metagross|283\/301|[from] Stealth Rock
|move|p2a: Latias|Recover|p2a: Latias
|-heal|p2a: Latias|284\/352
|
|turn|10
|
|detailschange|p1a: Metagross|Metagross-Mega
|-mega|p1a: Metagross|Metagross|Metagrossite
|move|p1a: Metagross|Pursuit|p2a: Latias|[from]Pursuit
|-supereffective|p2a: Latias
|-damage|p2a: Latias|0 fnt
|faint|p2a: Latias
|
|
|switch|p2a: Charizard|Charizard, F|360\/360
|turn|11
|
|switch|p1a: Zapdos|Zapdos|336\/384 brn
|-damage|p1a: Zapdos|240\/384 brn|[from] Stealth Rock
|-ability|p1a: Zapdos|Pressure
|detailschange|p2a: Charizard|Charizard-Mega-X, F
|-mega|p2a: Charizard|Charizard|Charizardite X
|move|p2a: Charizard|Dragon Tail|p1a: Zapdos
|-damage|p1a: Zapdos|143\/384 brn
|drag|p1a: Landorus|Landorus, M|288\/319
|-damage|p1a: Landorus|249\/319|[from] Stealth Rock
|
|turn|12
|
|switch|p2a: Ferrothorn|Ferrothorn, F|352\/352
|move|p1a: Landorus|Earth Power|p2a: Ferrothorn
|-damage|p2a: Ferrothorn|171\/352
|
|-heal|p2a: Ferrothorn|193\/352|[from] item: Leftovers
|turn|13
|
|move|p1a: Landorus|Focus Blast|p2a: Ferrothorn|[miss]
|-miss|p1a: Landorus|p2a: Ferrothorn
|move|p2a: Ferrothorn|Gyro Ball|p1a: Landorus
|-damage|p1a: Landorus|63\/319
|
|-heal|p2a: Ferrothorn|215\/352|[from] item: Leftovers
|turn|14
|
|move|p1a: Landorus|Focus Blast|p2a: Ferrothorn|[miss]
|-miss|p1a: Landorus|p2a: Ferrothorn
|move|p2a: Ferrothorn|Gyro Ball|p1a: Landorus
|-damage|p1a: Landorus|0 fnt
|faint|p1a: Landorus
|
|-heal|p2a: Ferrothorn|237\/352|[from] item: Leftovers
|c|âspecs P2|oh cmon
|
|switch|p1a: Keldeo|Keldeo|263\/323
|-damage|p1a: Keldeo|243\/323|[from] Stealth Rock
|turn|15
|c|âchimpact|i dont know why
|c|âchimpact|you didnt knock off
|
|switch|p2a: Suicune|Suicune|313\/404
|-ability|p2a: Suicune|Pressure
|move|p1a: Keldeo|Secret Sword|p2a: Suicune
|-damage|p2a: Suicune|217\/404
|
|-heal|p1a: Keldeo|263\/323|[from] item: Leftovers
|-heal|p2a: Suicune|242\/404|[from] item: Leftovers
|turn|16
|c|âspecs P2|ur only switch was gliscor
|
|move|p1a: Keldeo|Secret Sword|p2a: Suicune
|-damage|p2a: Suicune|137\/404
|move|p2a: Suicune|Scald|p1a: Keldeo
|-resisted|p1a: Keldeo
|-damage|p1a: Keldeo|217\/323
|
|-heal|p1a: Keldeo|237\/323|[from] item: Leftovers
|-heal|p2a: Suicune|162\/404|[from] item: Leftovers
|turn|17
|
|move|p1a: Keldeo|Calm Mind|p1a: Keldeo
|-boost|p1a: Keldeo|spa|1
|-boost|p1a: Keldeo|spd|1
|move|p2a: Suicune|Rest|p2a: Suicune
|-status|p2a: Suicune|slp
|-heal|p2a: Suicune|404\/404 slp|[silent]
|-status|p2a: Suicune|slp|[from] move: Rest
|
|-heal|p1a: Keldeo|257\/323|[from] item: Leftovers
|turn|18
|
|move|p1a: Keldeo|Secret Sword|p2a: Suicune
|-damage|p2a: Suicune|259\/404 slp
|cant|p2a: Suicune|slp
|move|p2a: Suicune|Sleep Talk|p2a: Suicune
|move|p2a: Suicune|Roar|p1a: Keldeo|[from]Sleep Talk
|drag|p1a: Kyurem-Black|Kyurem-Black|391\/391
|-damage|p1a: Kyurem-Black|294\/391|[from] Stealth Rock
|-ability|p1a: Kyurem-Black|Teravolt
|
|-heal|p2a: Suicune|284\/404 slp|[from] item: Leftovers
|turn|19
|
|switch|p1a: Keldeo|Keldeo|257\/323
|-damage|p1a: Keldeo|237\/323|[from] Stealth Rock
|switch|p2a: Charizard|Charizard-Mega-X, F|360\/360
|
|-heal|p1a: Keldeo|257\/323|[from] item: Leftovers
|turn|20
|
|switch|p2a: Suicune|Suicune|284\/404 slp
|-ability|p2a: Suicune|Pressure
|move|p1a: Keldeo|Substitute|p1a: Keldeo
|-start|p1a: Keldeo|Substitute
|-damage|p1a: Keldeo|177\/323
|
|-heal|p1a: Keldeo|197\/323|[from] item: Leftovers
|-heal|p2a: Suicune|309\/404 slp|[from] item: Leftovers
|turn|21
|
|move|p1a: Keldeo|Calm Mind|p1a: Keldeo
|-boost|p1a: Keldeo|spa|1
|-boost|p1a: Keldeo|spd|1
|cant|p2a: Suicune|slp
|move|p2a: Suicune|Sleep Talk|p2a: Suicune
|move|p2a: Suicune|Rest|p2a: Suicune|[from]Sleep Talk
|-fail|p2a: Suicune
|
|-heal|p1a: Keldeo|217\/323|[from] item: Leftovers
|-heal|p2a: Suicune|334\/404 slp|[from] item: Leftovers
|turn|22
|
|move|p1a: Keldeo|Secret Sword|p2a: Suicune
|-damage|p2a: Suicune|178\/404 slp
|-curestatus|p2a: Suicune|slp
|move|p2a: Suicune|Roar|p1a: Keldeo
|drag|p1a: Metagross|Metagross-Mega|283\/301
|-damage|p1a: Metagross|265\/301|[from] Stealth Rock
|
|-heal|p2a: Suicune|203\/404|[from] item: Leftovers
|turn|23
|
|switch|p1a: Zapdos|Zapdos|143\/384 brn
|-damage|p1a: Zapdos|47\/384 brn|[from] Stealth Rock
|-ability|p1a: Zapdos|Pressure
|switch|p2a: Ferrothorn|Ferrothorn, F|237\/352
|
|-heal|p1a: Zapdos|71\/384 brn|[from] item: Leftovers
|-heal|p2a: Ferrothorn|259\/352|[from] item: Leftovers
|-damage|p1a: Zapdos|23\/384 brn|[from] brn
|turn|24
|join|AlldaHax
|
|switch|p2a: Gliscor|Gliscor, M|352\/352
|move|p1a: Zapdos|Roost|p1a: Zapdos
|-heal|p1a: Zapdos|215\/384 brn
|
|-heal|p1a: Zapdos|239\/384 brn|[from] item: Leftovers
|-damage|p1a: Zapdos|191\/384 brn|[from] brn
|-status|p2a: Gliscor|tox|[from] item: Toxic Orb
|turn|25
|
|move|p2a: Gliscor|Taunt|p1a: Zapdos
|-start|p1a: Zapdos|move: Taunt
|cant|p1a: Zapdos|move: Taunt|Defog
|
|-heal|p1a: Zapdos|215\/384 brn|[from] item: Leftovers
|-damage|p1a: Zapdos|167\/384 brn|[from] brn
|turn|26
|join|bluri
|
|move|p2a: Gliscor|Knock Off|p1a: Zapdos
|-damage|p1a: Zapdos|102\/384 brn
|-enditem|p1a: Zapdos|Leftovers|[from] move: Knock Off|[of] p2a: Gliscor
|move|p1a: Zapdos|Heat Wave|p2a: Gliscor
|-miss|p1a: Zapdos|p2a: Gliscor
|
|-damage|p1a: Zapdos|54\/384 brn|[from] brn
|turn|27
|
|move|p2a: Gliscor|Knock Off|p1a: Zapdos
|-damage|p1a: Zapdos|16\/384 brn
|move|p1a: Zapdos|Heat Wave|p2a: Gliscor
|-damage|p2a: Gliscor|247\/352 tox
|
|-heal|p2a: Gliscor|291\/352 tox|[from] ability: Poison Heal
|-damage|p1a: Zapdos|0 fnt|[from] brn
|faint|p1a: Zapdos
|
|switch|p1a: Keldeo|Keldeo|217\/323
|-damage|p1a: Keldeo|197\/323|[from] Stealth Rock
|turn|28
|
|move|p1a: Keldeo|Secret Sword|p2a: Gliscor
|-resisted|p2a: Gliscor
|-damage|p2a: Gliscor|242\/352 tox
|move|p2a: Gliscor|Earthquake|p1a: Keldeo
|-damage|p1a: Keldeo|68\/323
|
|-heal|p1a: Keldeo|88\/323|[from] item: Leftovers
|-heal|p2a: Gliscor|286\/352 tox|[from] ability: Poison Heal
|turn|29
|
|move|p1a: Keldeo|Scald|p2a: Gliscor
|-supereffective|p2a: Gliscor
|-damage|p2a: Gliscor|0 fnt
|faint|p2a: Gliscor
|
|-heal|p1a: Keldeo|108\/323|[from] item: Leftovers
|
|switch|p2a: Suicune|Suicune|203\/404
|-ability|p2a: Suicune|Pressure
|turn|30
|join|Chipact=Garbage
|
|move|p1a: Keldeo|Scald|p2a: Suicune
|-resisted|p2a: Suicune
|-damage|p2a: Suicune|137\/404
|move|p2a: Suicune|Rest|p2a: Suicune
|-status|p2a: Suicune|slp
|-heal|p2a: Suicune|404\/404 slp|[silent]
|-status|p2a: Suicune|slp|[from] move: Rest
|
|-heal|p1a: Keldeo|128\/323|[from] item: Leftovers
|turn|31
|
|move|p1a: Keldeo|Calm Mind|p1a: Keldeo
|-boost|p1a: Keldeo|spa|1
|-boost|p1a: Keldeo|spd|1
|cant|p2a: Suicune|slp
|move|p2a: Suicune|Sleep Talk|p2a: Suicune
|move|p2a: Suicune|Scald|p1a: Keldeo|[from]Sleep Talk
|-resisted|p1a: Keldeo
|-damage|p1a: Keldeo|98\/323
|
|-heal|p1a: Keldeo|118\/323|[from] item: Leftovers
|turn|32
|
|move|p1a: Keldeo|Secret Sword|p2a: Suicune
|-damage|p2a: Suicune|265\/404 slp
|cant|p2a: Suicune|slp
|move|p2a: Suicune|Sleep Talk|p2a: Suicune
|move|p2a: Suicune|Roar|p1a: Keldeo|[from]Sleep Talk
|drag|p1a: Metagross|Metagross-Mega|265\/301
|-damage|p1a: Metagross|247\/301|[from] Stealth Rock
|
|-heal|p2a: Suicune|290\/404 slp|[from] item: Leftovers
|turn|33
|
|switch|p2a: Ferrothorn|Ferrothorn, F|259\/352
|move|p1a: Metagross|Zen Headbutt|p2a: Ferrothorn
|-resisted|p2a: Ferrothorn
|-damage|p2a: Ferrothorn|181\/352
|-damage|p1a: Metagross|210\/301|[from] ability: Iron Barbs|[of] p2a: Ferrothorn
|
|-heal|p2a: Ferrothorn|203\/352|[from] item: Leftovers
|turn|34
|
|move|p1a: Metagross|Earthquake|p2a: Ferrothorn
|-damage|p2a: Ferrothorn|111\/352
|move|p2a: Ferrothorn|Spikes|p1a: Metagross
|-sidestart|p1: specs P2|Spikes
|
|-heal|p2a: Ferrothorn|133\/352|[from] item: Leftovers
|turn|35
|
|move|p1a: Metagross|Earthquake|p2a: Ferrothorn
|-damage|p2a: Ferrothorn|29\/352
|move|p2a: Ferrothorn|Leech Seed|p1a: Metagross
|-start|p1a: Metagross|move: Leech Seed
|
|-heal|p2a: Ferrothorn|51\/352|[from] item: Leftovers
|-damage|p1a: Metagross|173\/301|[from] Leech Seed|[of] p2a: Ferrothorn
|-heal|p2a: Ferrothorn|88\/352|[silent]
|turn|36
|join|Ill leave
|
|switch|p1a: Talonflame|Talonflame, M|297\/297
|-damage|p1a: Talonflame|149\/297|[from] Stealth Rock
|switch|p2a: Suicune|Suicune|290\/404 slp
|-ability|p2a: Suicune|Pressure
|
|-heal|p2a: Suicune|315\/404 slp|[from] item: Leftovers
|turn|37
|
|switch|p2a: Heatran|Heatran, M|384\/384
|move|p1a: Talonflame|Brave Bird|p2a: Heatran
|-resisted|p2a: Heatran
|-damage|p2a: Heatran|254\/384
|-damage|p1a: Talonflame|106\/297|[from] recoil|[of] p2a: Heatran
|
|-heal|p2a: Heatran|278\/384|[from] item: Leftovers
|turn|38
|
|move|p1a: Talonflame|Brave Bird|p2a: Heatran
|-resisted|p2a: Heatran
|-damage|p2a: Heatran|167\/384
|-damage|p1a: Talonflame|69\/297|[from] recoil|[of] p2a: Heatran
|move|p2a: Heatran|Lava Plume|p1a: Talonflame
|-resisted|p1a: Talonflame
|-damage|p1a: Talonflame|0 fnt
|faint|p1a: Talonflame
|
|-heal|p2a: Heatran|191\/384|[from] item: Leftovers
|
|switch|p1a: Keldeo|Keldeo|118\/323
|-damage|p1a: Keldeo|98\/323|[from] Stealth Rock
|-damage|p1a: Keldeo|58\/323|[from] Spikes
|turn|39
|
|switch|p2a: Suicune|Suicune|315\/404 slp
|-ability|p2a: Suicune|Pressure
|move|p1a: Keldeo|Secret Sword|p2a: Suicune
|-damage|p2a: Suicune|209\/404 slp
|
|-heal|p1a: Keldeo|78\/323|[from] item: Leftovers
|-heal|p2a: Suicune|234\/404 slp|[from] item: Leftovers
|turn|40
|
|move|p1a: Keldeo|Secret Sword|p2a: Suicune
|-crit|p2a: Suicune
|-damage|p2a: Suicune|75\/404 slp
|-curestatus|p2a: Suicune|slp
|move|p2a: Suicune|Rest|p2a: Suicune
|-status|p2a: Suicune|slp
|-heal|p2a: Suicune|404\/404 slp|[silent]
|-status|p2a: Suicune|slp|[from] move: Rest
|
|-heal|p1a: Keldeo|98\/323|[from] item: Leftovers
|turn|41
|leave|TheCyberSage
|
|move|p1a: Keldeo|Calm Mind|p1a: Keldeo
|-boost|p1a: Keldeo|spa|1
|-boost|p1a: Keldeo|spd|1
|cant|p2a: Suicune|slp
|move|p2a: Suicune|Sleep Talk|p2a: Suicune
|move|p2a: Suicune|Roar|p1a: Keldeo|[from]Sleep Talk
|drag|p1a: Kyurem-Black|Kyurem-Black|294\/391
|-damage|p1a: Kyurem-Black|197\/391|[from] Stealth Rock
|-damage|p1a: Kyurem-Black|149\/391|[from] Spikes
|-ability|p1a: Kyurem-Black|Teravolt
|
|turn|42
|join|gg fagget
|c| Christmas Kabushit|:P
|c|âspecs P2|i just needed 1 focus blast
|c|âspecs P2|and i miss 2
|
|switch|p2a: Ferrothorn|Ferrothorn, F|88\/352
|move|p1a: Kyurem-Black|Fusion Bolt|p2a: Ferrothorn
|-resisted|p2a: Ferrothorn
|-damage|p2a: Ferrothorn|30\/352
|
|-heal|p2a: Ferrothorn|52\/352|[from] item: Leftovers
|turn|43
|c| Christmas Kabushit|Sad thing is you're right
|c|âchimpact|you needed to hit 1 knock off
|
|move|p1a: Kyurem-Black|Fusion Bolt|p2a: Ferrothorn
|-resisted|p2a: Ferrothorn
|-damage|p2a: Ferrothorn|0 fnt
|faint|p2a: Ferrothorn
|
|
|switch|p2a: Charizard|Charizard-Mega-X, F|360\/360
|turn|44
|c|âspecs P2|for killing ferro no
|c|âchimpact|you literally kil ferro
|c|âchimpact|with knock off
|c|âchimpact|i gained like 40% from lefties
|
|move|p1a: Kyurem-Black|Fusion Bolt|p2a: Charizard
|-resisted|p2a: Charizard
|-damage|p2a: Charizard|292\/360
|move|p2a: Charizard|Dragon Tail|p1a: Kyurem-Black
|-crit|p1a: Kyurem-Black
|-supereffective|p1a: Kyurem-Black
|-damage|p1a: Kyurem-Black|0 fnt
|faint|p1a: Kyurem-Black
|
|
|switch|p1a: Metagross|Metagross-Mega|173\/301
|-damage|p1a: Metagross|155\/301|[from] Stealth Rock
|-damage|p1a: Metagross|118\/301|[from] Spikes
|turn|45
|
|switch|p2a: Heatran|Heatran, M|191\/384
|move|p1a: Metagross|Earthquake|p2a: Heatran
|-supereffective|p2a: Heatran
|-damage|p2a: Heatran|0 fnt
|faint|p2a: Heatran
|
|
|switch|p2a: Suicune|Suicune|404\/404 slp
|-ability|p2a: Suicune|Pressure
|turn|46
|c| gg fagget|if only you ran grass knot
|join|Rates
|leave|Rates
|
|move|p1a: Metagross|Meteor Mash|p2a: Suicune
|-resisted|p2a: Suicune
|-damage|p2a: Suicune|334\/404 slp
|cant|p2a: Suicune|slp
|move|p2a: Suicune|Sleep Talk|p2a: Suicune
|move|p2a: Suicune|Rest|p2a: Suicune|[from]Sleep Talk
|-fail|p2a: Suicune
|
|-heal|p2a: Suicune|359\/404 slp|[from] item: Leftovers
|turn|47
|
|move|p1a: Metagross|Meteor Mash|p2a: Suicune
|-resisted|p2a: Suicune
|-damage|p2a: Suicune|287\/404 slp
|-curestatus|p2a: Suicune|slp
|move|p2a: Suicune|Scald|p1a: Metagross
|-damage|p1a: Metagross|42\/301
|-status|p1a: Metagross|brn
|
|-heal|p2a: Suicune|312\/404|[from] item: Leftovers
|-damage|p1a: Metagross|5\/301 brn|[from] brn
|turn|48
|c| Christmas Kabushit|gg
|
|move|p1a: Metagross|Zen Headbutt|p2a: Suicune
|-damage|p2a: Suicune|249\/404
|move|p2a: Suicune|Scald|p1a: Metagross
|-crit|p1a: Metagross
|-damage|p1a: Metagross|0 fnt
|faint|p1a: Metagross
|
|-heal|p2a: Suicune|274\/404|[from] item: Leftovers
|
|switch|p1a: Keldeo|Keldeo|98\/323
|-damage|p1a: Keldeo|78\/323|[from] Stealth Rock
|-damage|p1a: Keldeo|38\/323|[from] Spikes
|turn|49
|c|âspecs P2|gg
|c|âchimpact|gg
|
|move|p1a: Keldeo|Calm Mind|p1a: Keldeo
|-boost|p1a: Keldeo|spa|1
|-boost|p1a: Keldeo|spd|1
|move|p2a: Suicune|Scald|p1a: Keldeo
|-resisted|p1a: Keldeo
|-damage|p1a: Keldeo|8\/323
|
|-heal|p1a: Keldeo|28\/323|[from] item: Leftovers
|-heal|p2a: Suicune|299\/404|[from] item: Leftovers
|turn|50
|c|âchimpact|look at the replay
|c|âchimpact|and tel me
|c|âchimpact|you didnt win by clicking knock
|c| Ill leave|wait
|c|âchimpact|i also might have choked tis game away
|c| Ill leave|if he cms here
|c| Ill leave|can he win
|c|âchimpact|no
|c|âchimpact|he has to live this scald
|
|move|p1a: Keldeo|Calm Mind|p1a: Keldeo
|-boost|p1a: Keldeo|spa|1
|-boost|p1a: Keldeo|spd|1
|move|p2a: Suicune|Scald|p1a: Keldeo
|-resisted|p1a: Keldeo
|-damage|p1a: Keldeo|4\/323
|
|-heal|p1a: Keldeo|24\/323|[from] item: Leftovers
|-heal|p2a: Suicune|324\/404|[from] item: Leftovers
|turn|51
|c| Ill leave|how much does specs do to the cune
|c|âchimpact|and crit
|c| User Of Splash|crodeo
|join|TheCyberSage
|c|âchimpact|its doing like 40 now
|c| Christmas Kabushit|oh well
|c| User Of Splash|it has rest
|c| Christmas Kabushit|Ty dan
|c|âchimpact|45
|
|move|p1a: Keldeo|Secret Sword|p2a: Suicune
|-damage|p2a: Suicune|134\/404
|move|p2a: Suicune|Scald|p1a: Keldeo
|-resisted|p1a: Keldeo
|-damage|p1a: Keldeo|3\/323
|
|-heal|p1a: Keldeo|23\/323|[from] item: Leftovers
|-heal|p2a: Suicune|159\/404|[from] item: Leftovers
|turn|52
|c| bluri|omfg
|c| Ill leave|whyd you switch up this team chimp
|c| TheCyberSage|lol
|c|âspecs P2|fuck 0 swords left.-.
|c|âchimpact|i shouldve roared heatran
|c|âchimpact|when it was burned
|c|âspecs P2|pressure comin through
|
|move|p1a: Keldeo|Calm Mind|p1a: Keldeo
|-boost|p1a: Keldeo|spa|1
|-boost|p1a: Keldeo|spd|1
|move|p2a: Suicune|Scald|p1a: Keldeo
|-resisted|p1a: Keldeo
|-damage|p1a: Keldeo|5\/323
|-status|p1a: Keldeo|brn
|
|-heal|p1a: Keldeo|25\/323 brn|[from] item: Leftovers
|-heal|p2a: Suicune|184\/404|[from] item: Leftovers
|-damage|p1a: Keldeo|0 fnt|[from] brn
|faint|p1a: Keldeo
|
|win|chimpact
|raw|Ladder updating...
|raw|specs P2's rating: 1406 &rarr; <strong>1386<\/strong><br \/>(-20 for losing)
|raw|chimpact's rating: 1413 &rarr; <strong>1433<\/strong><br \/>(+20 for winning)
|c| Christmas Kabushit|gg
|c|âchimpact|gg
|leave|chimpact
|c|âspecs P2|gg
|player|p2
|leave|TheCyberSage
|leave|specs P2
|player|p1
|leave|Chipact=Garbage
|leave|bluri
|leave|User Of Splash