|join|specs P2
|join|popwegref
|player|p1|specs P2|161
|player|p2|popwegref|121
|gametype|singles
|gen|6
|tier|OU (suspect test)
|rated
|clearpoke
|poke|p1|Scizor, M
|poke|p1|Azelf
|poke|p1|Diggersby, F
|poke|p1|Thundurus, M
|poke|p1|Latios, M
|poke|p1|Azumarill, M
|poke|p2|Scizor, M
|poke|p2|Landorus-Therian, M
|poke|p2|Lopunny, M
|poke|p2|Gothitelle, M
|poke|p2|Rotom-Wash
|poke|p2|Latios, M
|rule|Swagger Clause: Swagger is banned
|rule|Baton Pass Clause: Limit one PokÃ©mon knowing Baton Pass
|rule|Sleep Clause Mod: Limit one foe put to sleep
|rule|Species Clause: Limit one of each PokÃ©mon
|rule|OHKO Clause: OHKO moves are banned
|rule|Moody Clause: Moody is banned
|rule|Evasion Moves Clause: Evasion moves are banned
|rule|Endless Battle Clause: Forcing endless battles is banned
|rule|HP Percentage Mod: HP is shown in percentages
|teampreview
|
|start
|switch|p1a: Azelf|Azelf|291\/291
|switch|p2a: Lopunny|Lopunny, M|291\/291
|turn|1
|
|switch|p1a: Scizor|Scizor, M|281\/281
|detailschange|p2a: Lopunny|Lopunny-Mega, M
|-mega|p2a: Lopunny|Lopunny|Lopunnite
|move|p2a: Lopunny|Fake Out|p1a: Scizor
|-resisted|p1a: Scizor
|-damage|p1a: Scizor|244\/281
|
|turn|2
|
|switch|p2a: Landorus-Therian|Landorus-Therian, M|365\/365
|-ability|p2a: Landorus-Therian|Intimidate|[of] p1a: Scizor
|-unboost|p1a: Scizor|atk|1
|detailschange|p1a: Scizor|Scizor-Mega, M
|-mega|p1a: Scizor|Scizor|Scizorite
|move|p1a: Scizor|Bug Bite|p2a: Landorus-Therian
|-resisted|p2a: Landorus-Therian
|-damage|p2a: Landorus-Therian|311\/365
|
|-heal|p2a: Landorus-Therian|333\/365|[from] item: Leftovers
|turn|3
|
|move|p1a: Scizor|Swords Dance|p1a: Scizor
|-boost|p1a: Scizor|atk|2
|move|p2a: Landorus-Therian|U-turn|p1a: Scizor
|-resisted|p1a: Scizor
|-damage|p1a: Scizor|216\/281
|
|switch|p2a: Gothitelle|Gothitelle, M|301\/301
|
|turn|4
|
|move|p2a: Gothitelle|Hidden Power|p1a: Scizor
|-supereffective|p1a: Scizor
|-damage|p1a: Scizor|0 fnt
|faint|p1a: Scizor
|
|
|switch|p1a: Azumarill|Azumarill, M|364\/364
|turn|5
|
|switch|p2a: Rotom-Wash|Rotom-Wash|303\/303
|move|p1a: Azumarill|Knock Off|p2a: Rotom-Wash
|-damage|p2a: Rotom-Wash|210\/303
|-enditem|p2a: Rotom-Wash|Leftovers|[from] move: Knock Off|[of] p1a: Azumarill
|
|turn|6
|
|switch|p1a: Latios|Latios, M|301\/301
|move|p2a: Rotom-Wash|Volt Switch|p1a: Latios
|-resisted|p1a: Latios
|-damage|p1a: Latios|264\/301
|
|switch|p2a: Scizor|Scizor, M|335\/335
|
|turn|7
|c|âpopwegref|once sec brb
|c|âspecs P2|hurry up
|
|move|p2a: Scizor|Pursuit|p1a: Latios|[from]Pursuit
|-supereffective|p1a: Latios
|-damage|p1a: Latios|0 fnt
|faint|p1a: Latios
|
|
|switch|p1a: Azelf|Azelf|291\/291
|turn|8
|
|move|p1a: Azelf|Fire Blast|p2a: Scizor
|-supereffective|p2a: Scizor
|-damage|p2a: Scizor|0 fnt
|faint|p2a: Scizor
|
|
|switch|p2a: Lopunny|Lopunny-Mega, M|291\/291
|turn|9
|
|move|p2a: Lopunny|Fake Out|p1a: Azelf
|-damage|p1a: Azelf|186\/291
|cant|p1a: Azelf|flinch
|
|turn|10
|
|move|p2a: Lopunny|Return|p1a: Azelf
|-damage|p1a: Azelf|0 fnt
|faint|p1a: Azelf
|
|
|switch|p1a: Diggersby|Diggersby, F|311\/311
|turn|11
|
|move|p2a: Lopunny|High Jump Kick|p1a: Diggersby
|-supereffective|p1a: Diggersby
|-enditem|p1a: Diggersby|Focus Sash
|-damage|p1a: Diggersby|1\/311
|move|p1a: Diggersby|Return|p2a: Lopunny
|-damage|p2a: Lopunny|56\/291
|
|turn|12
|
|switch|p2a: Gothitelle|Gothitelle, M|301\/301
|move|p1a: Diggersby|Quick Attack|p2a: Gothitelle
|-damage|p2a: Gothitelle|198\/301
|
|turn|13
|
|move|p1a: Diggersby|Quick Attack|p2a: Gothitelle
|-damage|p2a: Gothitelle|104\/301
|move|p2a: Gothitelle|Psychic|p1a: Diggersby
|-damage|p1a: Diggersby|0 fnt
|faint|p1a: Diggersby
|
|
|switch|p1a: Azumarill|Azumarill, M|364\/364
|turn|14
|
|move|p2a: Gothitelle|Psychic|p1a: Azumarill
|-damage|p1a: Azumarill|222\/364
|move|p1a: Azumarill|Play Rough|p2a: Gothitelle
|-damage|p2a: Gothitelle|0 fnt
|faint|p2a: Gothitelle
|
|
|switch|p2a: Rotom-Wash|Rotom-Wash|210\/303
|turn|15
|
|switch|p1a: Thundurus|Thundurus, M|299\/299
|move|p2a: Rotom-Wash|Volt Switch|p1a: Thundurus
|-damage|p1a: Thundurus|200\/299
|
|switch|p2a: Latios|Latios, M|301\/301
|
|turn|16
|
|move|p1a: Thundurus|Hidden Power|p2a: Latios
|-supereffective|p2a: Latios
|-damage|p2a: Latios|124\/301
|-damage|p1a: Thundurus|171\/299|[from] item: Life Orb
|move|p2a: Latios|Psyshock|p1a: Thundurus
|-damage|p1a: Thundurus|0 fnt
|-damage|p2a: Latios|94\/301|[from] item: Life Orb
|faint|p1a: Thundurus
|
|-message|specs P2 forfeited.
|leave|specs P2
|
|win|popwegref
|raw|Ladder updating...
|player|p1
|raw|specs P2's rating: 1476 &rarr; <strong>1449<\/strong><br \/>(-27 for losing)
|raw|popwegref's rating: 1338 &rarr; <strong>1366<\/strong><br \/>(+28 for winning)