|join|Lef Deppard
|join|Pixelmaniac
|player|p1|Lef Deppard|240
|player|p2|Pixelmaniac|16
|gametype|singles
|gen|6
|tier|ORAS OU
|rated
|rule|Sleep Clause Mod: Limit one foe put to sleep
|rule|Species Clause: Limit one of each PokÃ©mon
|rule|OHKO Clause: OHKO moves are banned
|rule|Moody Clause: Moody is banned
|rule|Evasion Moves Clause: Evasion moves are banned
|rule|Endless Battle Clause: Forcing endless battles is banned
|rule|HP Percentage Mod: HP is shown in percentages
|clearpoke
|poke|p1|Lopunny, F
|poke|p1|Excadrill, F
|poke|p1|Ferrothorn, M
|poke|p1|Gyarados, M
|poke|p1|Sylveon, F
|poke|p1|Scolipede, F
|poke|p2|Pidgeot, M
|poke|p2|Latios, M
|poke|p2|Sharpedo, M
|poke|p2|Breloom, M
|poke|p2|Heatran, F
|poke|p2|Sableye, F
|rule|Swagger Clause: Swagger is banned
|rule|Baton Pass Clause: Limit one PokÃ©mon knowing Baton Pass
|teampreview
|
|start
|switch|p1a: Scolipede|Scolipede, F|324\/324
|switch|p2a: Sableye|Sableye, F|304\/304
|turn|1
|
|move|p1a: Scolipede|Protect|p1a: Scolipede
|-singleturn|p1a: Scolipede|Protect
|move|p2a: Sableye|Taunt|p1a: Scolipede
|-activate|p1a: Scolipede|Protect
|
|-boost|p1a: Scolipede|spe|1|[from] ability: Speed Boost
|turn|2
|
|move|p2a: Sableye|Taunt|p1a: Scolipede
|-start|p1a: Scolipede|move: Taunt
|move|p1a: Scolipede|Megahorn|p2a: Sableye|[miss]
|-miss|p1a: Scolipede|p2a: Sableye
|
|-boost|p1a: Scolipede|spe|1|[from] ability: Speed Boost
|turn|3
|
|switch|p1a: Sylveon|Sylveon, F|394\/394
|move|p2a: Sableye|Will-O-Wisp|p1a: Sylveon
|-status|p1a: Sylveon|brn
|
|-damage|p1a: Sylveon|345\/394 brn|[from] brn
|turn|4
|
|switch|p1a: Lopunny|Lopunny, F|271\/271
|move|p2a: Sableye|Confuse Ray|p1a: Lopunny
|-start|p1a: Lopunny|confusion
|
|turn|5
|
|switch|p1a: Sylveon|Sylveon, F|345\/394 brn
|move|p2a: Sableye|Will-O-Wisp|p1a: Sylveon|[miss]
|-miss|p2a: Sableye|p1a: Sylveon
|
|-heal|p1a: Sylveon|369\/394 brn|[from] item: Leftovers
|-damage|p1a: Sylveon|320\/394 brn|[from] brn
|turn|6
|c|âPixelmaniac|I love screwing people with sableye
|
|move|p2a: Sableye|Confuse Ray|p1a: Sylveon
|-start|p1a: Sylveon|confusion
|-activate|p1a: Sylveon|confusion
|move|p1a: Sylveon|Hyper Voice|p2a: Sableye
|-supereffective|p2a: Sableye
|-damage|p2a: Sableye|34\/304
|
|-heal|p1a: Sylveon|344\/394 brn|[from] item: Leftovers
|-heal|p2a: Sableye|53\/304|[from] item: Leftovers
|-damage|p1a: Sylveon|295\/394 brn|[from] brn
|turn|7
|
|switch|p1a: Lopunny|Lopunny, F|271\/271
|move|p2a: Sableye|Recover|p2a: Sableye
|-heal|p2a: Sableye|205\/304
|
|-heal|p2a: Sableye|224\/304|[from] item: Leftovers
|turn|8
|
|detailschange|p1a: Lopunny|Lopunny-Mega, F
|message|Lopunny has Mega Evolved into Mega Lopunny!
|move|p1a: Lopunny|Fake Out|p2a: Sableye
|-damage|p2a: Sableye|127\/304
|cant|p2a: Sableye|flinch
|
|-heal|p2a: Sableye|146\/304|[from] item: Leftovers
|turn|9
|
|move|p2a: Sableye|Confuse Ray|p1a: Lopunny
|-start|p1a: Lopunny|confusion
|-activate|p1a: Lopunny|confusion
|move|p1a: Lopunny|Jump Kick|p2a: Sableye
|-supereffective|p2a: Sableye
|-damage|p2a: Sableye|0 fnt
|faint|p2a: Sableye
|
|c|âLef Deppard|Bye sableye
|
|switch|p2a: Breloom|Breloom, M|262\/262
|turn|10
|c|âPixelmaniac|Jerk :P
|
|switch|p1a: Gyarados|Gyarados, M|394\/394
|-ability|p1a: Gyarados|Intimidate|[of] p2a: Breloom
|-unboost|p2a: Breloom|atk|1
|move|p2a: Breloom|Bullet Seed|p1a: Gyarados
|-damage|p1a: Gyarados|346\/394
|-damage|p1a: Gyarados|294\/394
|-hitcount|p1a: Gyarados|2
|-damage|p2a: Breloom|236\/262|[from] item: Life Orb
|
|turn|11
|c|âPixelmaniac|Only 2 .
|c|âLef Deppard|I hope u have mega pidgeot
|c|âLef Deppard|lol
|
|move|p2a: Breloom|Rock Tomb|p1a: Gyarados
|-supereffective|p1a: Gyarados
|-damage|p1a: Gyarados|141\/394
|-unboost|p1a: Gyarados|spe|1
|-damage|p2a: Breloom|210\/262|[from] item: Life Orb
|move|p1a: Gyarados|Thunder Wave|p2a: Breloom
|-status|p2a: Breloom|par
|
|turn|12
|c|âPixelmaniac|Now I've seen it all
|
|switch|p1a: Ferrothorn|Ferrothorn, M|352\/352
|move|p2a: Breloom|Rock Tomb|p1a: Ferrothorn
|-resisted|p1a: Ferrothorn
|-damage|p1a: Ferrothorn|320\/352
|-unboost|p1a: Ferrothorn|spe|1
|-damage|p2a: Breloom|184\/262 par|[from] item: Life Orb
|
|-heal|p1a: Ferrothorn|342\/352|[from] item: Leftovers
|turn|13
|
|move|p2a: Breloom|Mach Punch|p1a: Ferrothorn
|-supereffective|p1a: Ferrothorn
|-damage|p1a: Ferrothorn|222\/352
|-damage|p2a: Breloom|152\/262 par|[from] ability: Iron Barbs|[of] p1a: Ferrothorn
|-damage|p2a: Breloom|126\/262 par|[from] item: Life Orb
|move|p1a: Ferrothorn|Stealth Rock|p2a: Breloom
|-sidestart|p2: Pixelmaniac|move: Stealth Rock
|
|-heal|p1a: Ferrothorn|244\/352|[from] item: Leftovers
|turn|14
|
|switch|p1a: Gyarados|Gyarados, M|141\/394
|-ability|p1a: Gyarados|Intimidate|[of] p2a: Breloom
|-unboost|p2a: Breloom|atk|1
|cant|p2a: Breloom|par
|
|turn|15
|
|move|p1a: Gyarados|Waterfall|p2a: Breloom
|-resisted|p2a: Breloom
|-damage|p2a: Breloom|58\/262 par
|cant|p2a: Breloom|par
|
|turn|16
|
|move|p2a: Breloom|Mach Punch|p1a: Gyarados
|-resisted|p1a: Gyarados
|-damage|p1a: Gyarados|110\/394
|-damage|p2a: Breloom|15\/262 par|[from] item: Rocky Helmet|[of] p1a: Gyarados
|-damage|p2a: Breloom|0 fnt|[from] item: Life Orb
|faint|p2a: Breloom
|move|p1a: Gyarados|Waterfall|p2: Breloom|[notarget]
|-notarget
|
|
|switch|p2a: Latios|Latios, M|302\/302
|-damage|p2a: Latios|265\/302|[from] Stealth Rock
|turn|17
|
|switch|p1a: Ferrothorn|Ferrothorn, M|244\/352
|move|p2a: Latios|Defog|p1a: Ferrothorn
|-unboost|p1a: Ferrothorn|evasion|1
|-sideend|p2: Pixelmaniac|Stealth Rock|[from] move: Defog|[of] p2a: Latios
|
|-heal|p1a: Ferrothorn|266\/352|[from] item: Leftovers
|turn|18
|
|switch|p2a: Sharpedo|Sharpedo, M|281\/281
|move|p1a: Ferrothorn|Stealth Rock|p2a: Sharpedo
|-sidestart|p2: Pixelmaniac|move: Stealth Rock
|
|-heal|p1a: Ferrothorn|288\/352|[from] item: Leftovers
|turn|19
|
|move|p2a: Sharpedo|Crunch|p1a: Ferrothorn
|-damage|p1a: Ferrothorn|191\/352
|-damage|p2a: Sharpedo|246\/281|[from] ability: Iron Barbs|[of] p1a: Ferrothorn
|move|p1a: Ferrothorn|Power Whip|p2a: Sharpedo
|-supereffective|p2a: Sharpedo
|-damage|p2a: Sharpedo|0 fnt
|faint|p2a: Sharpedo
|
|-heal|p1a: Ferrothorn|213\/352|[from] item: Leftovers
|c|âPixelmaniac|I thought you would predi._. protect ct
|c|âPixelmaniac|UGH MOUSEPAD
|
|switch|p2a: Heatran|Heatran, F|323\/323
|-damage|p2a: Heatran|283\/323|[from] Stealth Rock
|turn|20
|
|switch|p1a: Gyarados|Gyarados, M|110\/394
|-ability|p1a: Gyarados|Intimidate|[of] p2a: Heatran
|-unboost|p2a: Heatran|atk|1
|move|p2a: Heatran|Fire Blast|p1a: Gyarados
|-resisted|p1a: Gyarados
|-damage|p1a: Gyarados|16\/394
|
|turn|21
|
|move|p2a: Heatran|Fire Blast|p1a: Gyarados|[miss]
|-miss|p2a: Heatran|p1a: Gyarados
|move|p1a: Gyarados|Waterfall|p2a: Heatran
|-supereffective|p2a: Heatran
|-damage|p2a: Heatran|59\/323
|
|turn|22
|
|move|p2a: Heatran|Fire Blast|p1a: Gyarados
|-crit|p1a: Gyarados
|-resisted|p1a: Gyarados
|-damage|p1a: Gyarados|0 fnt
|faint|p1a: Gyarados
|
|
|switch|p1a: Lopunny|Lopunny-Mega, F|271\/271
|turn|23
|
|move|p1a: Lopunny|Fake Out|p2a: Heatran
|-resisted|p2a: Heatran
|-damage|p2a: Heatran|24\/323
|cant|p2a: Heatran|flinch
|
|turn|24
|
|switch|p1a: Scolipede|Scolipede, F|324\/324
|move|p2a: Heatran|Fire Blast|p1a: Scolipede|[miss]
|-miss|p2a: Heatran|p1a: Scolipede
|
|turn|25
|
|move|p1a: Scolipede|Protect|p1a: Scolipede
|-singleturn|p1a: Scolipede|Protect
|move|p2a: Heatran|Fire Blast|p1a: Scolipede
|-activate|p1a: Scolipede|Protect
|
|-boost|p1a: Scolipede|spe|1|[from] ability: Speed Boost
|turn|26
|
|move|p1a: Scolipede|Megahorn|p2a: Heatran
|-resisted|p2a: Heatran
|-damage|p2a: Heatran|0 fnt
|faint|p2a: Heatran
|
|-boost|p1a: Scolipede|spe|1|[from] ability: Speed Boost
|
|switch|p2a: Pidgeot|Pidgeot, M|307\/307
|-damage|p2a: Pidgeot|231\/307|[from] Stealth Rock
|turn|27
|
|detailschange|p2a: Pidgeot|Pidgeot-Mega, M
|message|Pidgeot has Mega Evolved into Mega Pidgeot!
|move|p1a: Scolipede|Baton Pass|p1a: Scolipede
|
|switch|p1a: Excadrill|Excadrill, F|361\/361
|-ability|p1a: Excadrill|Mold Breaker
|move|p2a: Pidgeot|Hurricane|p1a: Excadrill
|-resisted|p1a: Excadrill
|-damage|p1a: Excadrill|265\/361
|
|turn|28
|c|âPixelmaniac|Gg
|
|move|p1a: Excadrill|Rock Slide|p2a: Pidgeot
|-miss|p1a: Excadrill|p2a: Pidgeot
|move|p2a: Pidgeot|Heat Wave|p1a: Excadrill
|-supereffective|p1a: Excadrill
|-damage|p1a: Excadrill|35\/361
|
|turn|29
|c|âLef Deppard|Gg
|c|âPixelmaniac|Wait...
|c|âPixelmaniac|>no guard
|c|âPixelmaniac|>rock slide misses
|c|âLef Deppard|Damn ur right 
|
|move|p1a: Excadrill|Iron Head|p2a: Pidgeot
|-damage|p2a: Pidgeot|51\/307
|cant|p2a: Pidgeot|flinch
|
|turn|30
|c|âLef Deppard|That's weird
|c|âLef Deppard|Oh well
|
|move|p1a: Excadrill|Iron Head|p2a: Pidgeot
|-damage|p2a: Pidgeot|0 fnt
|faint|p2a: Pidgeot
|
|c|âLef Deppard|Gg
|
|switch|p2a: Latios|Latios, M|265\/302
|-damage|p2a: Latios|228\/302|[from] Stealth Rock
|turn|31
|c|âPixelmaniac|gg
|
|move|p1a: Excadrill|Iron Head|p2a: Latios
|-crit|p2a: Latios
|-damage|p2a: Latios|0 fnt
|faint|p2a: Latios
|
|win|Lef Deppard
|raw|Ladder updating...
|raw|Lef Deppard's rating: 1203 &rarr; <strong>1220<\/strong><br \/>(+17 for winning)
|raw|Pixelmaniac's rating: 1095 &rarr; <strong>1078<\/strong><br \/>(-17 for losing)
|leave|Pixelmaniac
|player|p2
|join|I LOVE USA
|join|froco
|join|TheUnknownHQ22
|join|Pixelmaniac
|leave|Lef Deppard
|player|p1
|join|word