|join|Lef Deppard
|join|qways
|player|p1|Lef Deppard|240
|player|p2|qways|265
|gametype|singles
|gen|6
|tier|ORAS OU
|rated
|rule|Sleep Clause Mod: Limit one foe put to sleep
|rule|Species Clause: Limit one of each PokÃ©mon
|rule|OHKO Clause: OHKO moves are banned
|rule|Moody Clause: Moody is banned
|rule|Evasion Moves Clause: Evasion moves are banned
|rule|Endless Battle Clause: Forcing endless battles is banned
|rule|HP Percentage Mod: HP is shown in percentages
|clearpoke
|poke|p1|Donphan, M
|poke|p1|Salamence, F
|poke|p1|Keldeo-Resolute
|poke|p1|Zapdos
|poke|p1|Jirachi
|poke|p1|Breloom, M
|poke|p2|Beedrill, F
|poke|p2|Magnezone
|poke|p2|Landorus-Therian, M
|poke|p2|Weavile, F
|poke|p2|Starmie
|poke|p2|Talonflame, M
|rule|Swagger Clause: Swagger is banned
|rule|Baton Pass Clause: Limit one PokÃ©mon knowing Baton Pass
|teampreview
|
|start
|switch|p1a: Salamence|Salamence, F|331\/331
|switch|p2a: Beedrill|Beedrill, F|271\/271
|-ability|p1a: Salamence|Intimidate|[of] p2a: Beedrill
|-unboost|p2a: Beedrill|atk|1
|turn|1
|
|switch|p2a: Landorus-Therian|Landorus-Therian, M|381\/381
|-ability|p2a: Landorus-Therian|Intimidate|[of] p1a: Salamence
|-unboost|p1a: Salamence|atk|1
|detailschange|p1a: Salamence|Salamence-Mega, F
|message|Salamence has Mega Evolved into Mega Salamence!
|move|p1a: Salamence|Return|p2a: Landorus-Therian
|-damage|p2a: Landorus-Therian|258\/381
|
|-heal|p2a: Landorus-Therian|281\/381|[from] item: Leftovers
|turn|2
|
|switch|p1a: Pivin on a Lrayer|Donphan, M|384\/384
|move|p2a: Landorus-Therian|Stealth Rock|p1a: Pivin on a Lrayer
|-sidestart|p1: Lef Deppard|move: Stealth Rock
|
|-heal|p2a: Landorus-Therian|304\/381|[from] item: Leftovers
|turn|3
|
|move|p2a: Landorus-Therian|U-turn|p1a: Pivin on a Lrayer
|-damage|p1a: Pivin on a Lrayer|313\/384
|
|switch|p2a: Beedrill|Beedrill, F|271\/271
|move|p1a: Pivin on a Lrayer|Rapid Spin|p2a: Beedrill
|-damage|p2a: Beedrill|227\/271
|-sideend|p1: Lef Deppard|Stealth Rock|[from] move: Rapid Spin|[of] p1a: Pivin on a Lrayer
|
|-heal|p1a: Pivin on a Lrayer|337\/384|[from] item: Leftovers
|turn|4
|
|switch|p1a: Salamence|Salamence-Mega, F|331\/331
|detailschange|p2a: Beedrill|Beedrill-Mega, F
|message|Beedrill has Mega Evolved into Mega Beedrill!
|move|p2a: Beedrill|U-turn|p1a: Salamence
|-resisted|p1a: Salamence
|-damage|p1a: Salamence|252\/331
|
|switch|p2a: Landorus-Therian|Landorus-Therian, M|304\/381
|-ability|p2a: Landorus-Therian|Intimidate|[of] p1a: Salamence
|-unboost|p1a: Salamence|atk|1
|
|-heal|p2a: Landorus-Therian|327\/381|[from] item: Leftovers
|turn|5
|
|switch|p1a: Pivin on a Lrayer|Donphan, M|337\/384
|move|p2a: Landorus-Therian|Stealth Rock|p1a: Pivin on a Lrayer
|-sidestart|p1: Lef Deppard|move: Stealth Rock
|
|-heal|p2a: Landorus-Therian|350\/381|[from] item: Leftovers
|-heal|p1a: Pivin on a Lrayer|361\/384|[from] item: Leftovers
|turn|6
|
|move|p2a: Landorus-Therian|U-turn|p1a: Pivin on a Lrayer
|-damage|p1a: Pivin on a Lrayer|297\/384
|
|switch|p2a: Starmie|Starmie|261\/261
|move|p1a: Pivin on a Lrayer|Rapid Spin|p2a: Starmie
|-damage|p2a: Starmie|230\/261
|-sideend|p1: Lef Deppard|Stealth Rock|[from] move: Rapid Spin|[of] p1a: Pivin on a Lrayer
|
|-heal|p1a: Pivin on a Lrayer|321\/384|[from] item: Leftovers
|turn|7
|
|switch|p1a: Jirachi|Jirachi|404\/404
|move|p2a: Starmie|Hydro Pump|p1a: Jirachi
|-damage|p1a: Jirachi|190\/404
|-damage|p2a: Starmie|204\/261|[from] item: Life Orb
|
|-heal|p1a: Jirachi|215\/404|[from] item: Leftovers
|turn|8
|
|switch|p2a: Magnezone|Magnezone|281\/281
|move|p1a: Jirachi|Wish|p1a: Jirachi
|
|-heal|p1a: Jirachi|240\/404|[from] item: Leftovers
|turn|9
|
|move|p1a: Jirachi|Protect|p1a: Jirachi
|-singleturn|p1a: Jirachi|Protect
|move|p2a: Magnezone|Discharge|p1a: Jirachi
|-activate|p1a: Jirachi|Protect
|
|-heal|p1a: Jirachi|404\/404|[from] move: Wish|[wisher] Jirachi
|turn|10
|
|move|p1a: Jirachi|Wish|p1a: Jirachi
|move|p2a: Magnezone|Discharge|p1a: Jirachi
|-damage|p1a: Jirachi|233\/404
|
|-heal|p1a: Jirachi|258\/404|[from] item: Leftovers
|turn|11
|
|move|p1a: Jirachi|Stealth Rock|p2a: Magnezone
|-sidestart|p2: qways|move: Stealth Rock
|move|p2a: Magnezone|Discharge|p1a: Jirachi
|-damage|p1a: Jirachi|99\/404
|
|-heal|p1a: Jirachi|301\/404|[from] move: Wish|[wisher] Jirachi
|-heal|p1a: Jirachi|326\/404|[from] item: Leftovers
|turn|12
|
|move|p1a: Jirachi|Protect|p1a: Jirachi
|-singleturn|p1a: Jirachi|Protect
|move|p2a: Magnezone|Discharge|p1a: Jirachi
|-activate|p1a: Jirachi|Protect
|
|-heal|p1a: Jirachi|351\/404|[from] item: Leftovers
|turn|13
|
|move|p1a: Jirachi|Wish|p1a: Jirachi
|move|p2a: Magnezone|Discharge|p1a: Jirachi
|-damage|p1a: Jirachi|191\/404
|-status|p1a: Jirachi|par
|
|-heal|p1a: Jirachi|216\/404 par|[from] item: Leftovers
|turn|14
|
|move|p1a: Jirachi|Protect|p1a: Jirachi
|-singleturn|p1a: Jirachi|Protect
|move|p2a: Magnezone|Discharge|p1a: Jirachi
|-activate|p1a: Jirachi|Protect
|
|-heal|p1a: Jirachi|404\/404 par|[from] move: Wish|[wisher] Jirachi
|turn|15
|
|move|p2a: Magnezone|Discharge|p1a: Jirachi
|-damage|p1a: Jirachi|241\/404 par
|move|p1a: Jirachi|Wish|p1a: Jirachi
|
|-heal|p1a: Jirachi|266\/404 par|[from] item: Leftovers
|turn|16
|
|cant|p1a: Jirachi|par
|move|p2a: Magnezone|Discharge|p1a: Jirachi
|-damage|p1a: Jirachi|110\/404 par
|
|-heal|p1a: Jirachi|312\/404 par|[from] move: Wish|[wisher] Jirachi
|-heal|p1a: Jirachi|337\/404 par|[from] item: Leftovers
|turn|17
|
|move|p1a: Jirachi|Protect|p1a: Jirachi
|-singleturn|p1a: Jirachi|Protect
|move|p2a: Magnezone|Discharge|p1a: Jirachi
|-activate|p1a: Jirachi|Protect
|
|-heal|p1a: Jirachi|362\/404 par|[from] item: Leftovers
|turn|18
|
|move|p2a: Magnezone|Discharge|p1a: Jirachi
|-damage|p1a: Jirachi|199\/404 par
|cant|p1a: Jirachi|par
|
|-heal|p1a: Jirachi|224\/404 par|[from] item: Leftovers
|turn|19
|
|move|p2a: Magnezone|Discharge|p1a: Jirachi
|-damage|p1a: Jirachi|58\/404 par
|move|p1a: Jirachi|Wish|p1a: Jirachi
|
|-heal|p1a: Jirachi|83\/404 par|[from] item: Leftovers
|turn|20
|
|cant|p1a: Jirachi|par
|move|p2a: Magnezone|Discharge|p1a: Jirachi
|-damage|p1a: Jirachi|0 fnt
|faint|p1a: Jirachi
|
|
|switch|p1a: Breloom|Breloom, M|323\/323
|turn|21
|
|move|p2a: Magnezone|Discharge|p1a: Breloom
|-resisted|p1a: Breloom
|-damage|p1a: Breloom|156\/323
|move|p1a: Breloom|Spore|p2a: Magnezone
|-status|p2a: Magnezone|slp
|
|-status|p1a: Breloom|tox|[from] item: Toxic Orb
|turn|22
|
|switch|p2a: Landorus-Therian|Landorus-Therian, M|350\/381
|-damage|p2a: Landorus-Therian|303\/381|[from] Stealth Rock
|-ability|p2a: Landorus-Therian|Intimidate|[of] p1a: Breloom
|-unboost|p1a: Breloom|atk|1
|move|p1a: Breloom|Leech Seed|p2a: Landorus-Therian
|-start|p2a: Landorus-Therian|move: Leech Seed
|
|-heal|p2a: Landorus-Therian|326\/381|[from] item: Leftovers
|-damage|p2a: Landorus-Therian|279\/381|[from] Leech Seed|[of] p1a: Breloom
|-heal|p1a: Breloom|203\/323 tox|[silent]
|-heal|p1a: Breloom|243\/323 tox|[from] ability: Poison Heal
|turn|23
|
|move|p2a: Landorus-Therian|U-turn|p1a: Breloom
|-damage|p1a: Breloom|174\/323 tox
|
|switch|p2a: Beedrill|Beedrill-Mega, F|227\/271
|-damage|p2a: Beedrill|160\/271|[from] Stealth Rock
|move|p1a: Breloom|Substitute|p1a: Breloom
|-start|p1a: Breloom|Substitute
|-damage|p1a: Breloom|94\/323 tox
|
|-heal|p1a: Breloom|134\/323 tox|[from] ability: Poison Heal
|turn|24
|
|move|p2a: Beedrill|Poison Jab|p1a: Breloom
|-supereffective|p1a: Breloom
|-end|p1a: Breloom|Substitute
|move|p1a: Breloom|Leech Seed|p2a: Beedrill
|-start|p2a: Beedrill|move: Leech Seed
|
|-damage|p2a: Beedrill|127\/271|[from] Leech Seed|[of] p1a: Breloom
|-heal|p1a: Breloom|167\/323 tox|[silent]
|-heal|p1a: Breloom|207\/323 tox|[from] ability: Poison Heal
|turn|25
|
|move|p2a: Beedrill|U-turn|p1a: Breloom
|-damage|p1a: Breloom|51\/323 tox
|
|switch|p2a: Landorus-Therian|Landorus-Therian, M|279\/381
|-damage|p2a: Landorus-Therian|232\/381|[from] Stealth Rock
|-ability|p2a: Landorus-Therian|Intimidate|[of] p1a: Breloom
|-unboost|p1a: Breloom|atk|1
|move|p1a: Breloom|Leech Seed|p2a: Landorus-Therian
|-start|p2a: Landorus-Therian|move: Leech Seed
|
|-heal|p2a: Landorus-Therian|255\/381|[from] item: Leftovers
|-damage|p2a: Landorus-Therian|208\/381|[from] Leech Seed|[of] p1a: Breloom
|-heal|p1a: Breloom|98\/323 tox|[silent]
|-heal|p1a: Breloom|138\/323 tox|[from] ability: Poison Heal
|turn|26
|leave|Lef Deppard
|player|p1
|join|Lef Deppard
|-message|lefdeppard lost due to inactivity.
|
|win|qways
|raw|Ladder updating...
|raw|Lef Deppard's rating: 1494 &rarr; <strong>1471<\/strong><br \/>(-23 for losing)
|raw|qways's rating: 1435 &rarr; <strong>1458<\/strong><br \/>(+23 for winning)