|join|Lef Deppard
|join|RyoumaKabuto
|player|p1|Lef Deppard|240
|player|p2|RyoumaKabuto|143
|gametype|singles
|gen|6
|tier|ORAS OU
|rated
|rule|Sleep Clause Mod: Limit one foe put to sleep
|rule|Species Clause: Limit one of each PokÃ©mon
|rule|OHKO Clause: OHKO moves are banned
|rule|Moody Clause: Moody is banned
|rule|Evasion Moves Clause: Evasion moves are banned
|rule|Endless Battle Clause: Forcing endless battles is banned
|rule|HP Percentage Mod: HP is shown in percentages
|clearpoke
|poke|p1|Lopunny, F
|poke|p1|Excadrill, F
|poke|p1|Ferrothorn, M
|poke|p1|Gyarados, F
|poke|p1|Sylveon, F
|poke|p1|Scolipede, M
|poke|p2|Lopunny, M
|poke|p2|Kyurem-Black
|poke|p2|Gliscor, F
|poke|p2|Crobat, F
|poke|p2|Azelf
|poke|p2|Scizor, F
|rule|Swagger Clause: Swagger is banned
|rule|Baton Pass Clause: Limit one PokÃ©mon knowing Baton Pass
|teampreview
|
|start
|switch|p1a: Lopunny|Lopunny, F|271\/271
|switch|p2a: Kyurem-Black|Kyurem-Black|392\/392
|-ability|p2a: Kyurem-Black|Teravolt
|turn|1
|join|Reverend
|
|detailschange|p1a: Lopunny|Lopunny-Mega, F
|message|Lopunny has Mega Evolved into Mega Lopunny!
|move|p1a: Lopunny|Fake Out|p2a: Kyurem-Black
|-damage|p2a: Kyurem-Black|319\/392
|cant|p2a: Kyurem-Black|flinch
|
|turn|2
|
|switch|p1a: Sylveon|Sylveon, F|394\/394
|switch|p2a: Scizor|Scizor, F|331\/331
|
|turn|3
|
|switch|p1a: Gyarados|Gyarados, F|394\/394
|-ability|p1a: Gyarados|Intimidate|[of] p2a: Scizor
|-unboost|p2a: Scizor|atk|1
|move|p2a: Scizor|U-turn|p1a: Gyarados
|-resisted|p1a: Gyarados
|-damage|p1a: Gyarados|332\/394
|-damage|p2a: Scizor|276\/331|[from] item: Rocky Helmet|[of] p1a: Gyarados
|
|switch|p2a: Kyurem-Black|Kyurem-Black|319\/392
|-ability|p2a: Kyurem-Black|Teravolt
|
|turn|4
|c| Reverend|don't lose
|c| Reverend|imo
|
|switch|p1a: Ferrothorn|Ferrothorn, M|352\/352
|move|p2a: Kyurem-Black|Fusion Bolt|p1a: Ferrothorn
|-resisted|p1a: Ferrothorn
|-damage|p1a: Ferrothorn|301\/352
|-damage|p2a: Kyurem-Black|280\/392|[from] item: Life Orb
|
|-heal|p1a: Ferrothorn|323\/352|[from] item: Leftovers
|turn|5
|c|âLef Deppard|Who u talkin to?
|c| Reverend|both
|
|move|p2a: Kyurem-Black|Ice Beam|p1a: Ferrothorn
|-damage|p1a: Ferrothorn|150\/352
|-damage|p2a: Kyurem-Black|241\/392|[from] item: Life Orb
|move|p1a: Ferrothorn|Stealth Rock|p2a: Kyurem-Black
|-sidestart|p2: RyoumaKabuto|move: Stealth Rock
|
|-heal|p1a: Ferrothorn|172\/352|[from] item: Leftovers
|turn|6
|
|move|p1a: Ferrothorn|Protect|p1a: Ferrothorn
|-singleturn|p1a: Ferrothorn|Protect
|move|p2a: Kyurem-Black|Fusion Bolt|p1a: Ferrothorn
|-activate|p1a: Ferrothorn|Protect
|
|-heal|p1a: Ferrothorn|194\/352|[from] item: Leftovers
|turn|7
|
|switch|p1a: Sylveon|Sylveon, F|394\/394
|move|p2a: Kyurem-Black|Ice Beam|p1a: Sylveon
|-damage|p1a: Sylveon|242\/394
|-damage|p2a: Kyurem-Black|202\/392|[from] item: Life Orb
|
|-heal|p1a: Sylveon|266\/394|[from] item: Leftovers
|turn|8
|
|move|p1a: Sylveon|Protect|p1a: Sylveon
|-singleturn|p1a: Sylveon|Protect
|move|p2a: Kyurem-Black|Fusion Bolt|p1a: Sylveon
|-activate|p1a: Sylveon|Protect
|
|-heal|p1a: Sylveon|290\/394|[from] item: Leftovers
|turn|9
|
|move|p2a: Kyurem-Black|Fusion Bolt|p1a: Sylveon
|-damage|p1a: Sylveon|121\/394
|-damage|p2a: Kyurem-Black|163\/392|[from] item: Life Orb
|move|p1a: Sylveon|Wish|p1a: Sylveon
|
|-heal|p1a: Sylveon|145\/394|[from] item: Leftovers
|turn|10
|
|switch|p2a: Crobat|Crobat, F|312\/312
|-damage|p2a: Crobat|234\/312|[from] Stealth Rock
|move|p1a: Sylveon|Protect|p1a: Sylveon
|-fail|p1a: Sylveon
|
|-heal|p1a: Sylveon|342\/394|[from] move: Wish|[wisher] Sylveon
|-heal|p1a: Sylveon|366\/394|[from] item: Leftovers
|turn|11
|
|switch|p1a: Gyarados|Gyarados, F|332\/394
|-ability|p1a: Gyarados|Intimidate|[of] p2a: Crobat
|-unboost|p2a: Crobat|atk|1
|move|p2a: Crobat|Nasty Plot|p2a: Crobat
|-boost|p2a: Crobat|spa|2
|
|turn|12
|
|move|p2a: Crobat|Air Slash|p1a: Gyarados
|-damage|p1a: Gyarados|86\/394
|-damage|p2a: Crobat|203\/312|[from] item: Life Orb
|move|p1a: Gyarados|Roar|p2a: Crobat
|drag|p2a: Azelf|Azelf|292\/292
|-damage|p2a: Azelf|256\/292|[from] Stealth Rock
|
|-heal|p2a: Azelf|274\/292|[from] item: Leftovers
|turn|13
|
|switch|p1a: Excadrill|Excadrill, F|361\/361
|-ability|p1a: Excadrill|Mold Breaker
|move|p2a: Azelf|Psyshock|p1a: Excadrill
|-resisted|p1a: Excadrill
|-damage|p1a: Excadrill|242\/361
|
|-heal|p2a: Azelf|292\/292|[from] item: Leftovers
|turn|14
|
|switch|p2a: Gliscor|Gliscor, F|310\/310
|-damage|p2a: Gliscor|272\/310|[from] Stealth Rock
|move|p1a: Excadrill|Earthquake|p2a: Gliscor
|-immune|p2a: Gliscor|[msg]
|
|-status|p2a: Gliscor|tox|[from] item: Toxic Orb
|turn|15
|
|switch|p1a: Scolipede|Scolipede, M|324\/324
|move|p2a: Gliscor|Knock Off|p1a: Scolipede
|-damage|p1a: Scolipede|253\/324
|-enditem|p1a: Scolipede|Black Sludge|[from] move: Knock Off|[of] p2a: Gliscor
|
|-heal|p2a: Gliscor|310\/310 tox|[from] ability: Poison Heal
|turn|16
|
|move|p2a: Gliscor|Swords Dance|p2a: Gliscor
|-boost|p2a: Gliscor|atk|2
|move|p1a: Scolipede|Swords Dance|p1a: Scolipede
|-boost|p1a: Scolipede|atk|2
|
|-boost|p1a: Scolipede|spe|1|[from] ability: Speed Boost
|turn|17
|
|move|p1a: Scolipede|Baton Pass|p1a: Scolipede
|
|switch|p1a: Lopunny|Lopunny-Mega, F|271\/271
|move|p2a: Gliscor|Knock Off|p1a: Lopunny
|-resisted|p1a: Lopunny
|-damage|p1a: Lopunny|205\/271
|
|turn|18
|c| Reverend|gg
|c|âLef Deppard|Gg
|
|move|p1a: Lopunny|Ice Punch|p2a: Gliscor
|-supereffective|p2a: Gliscor
|-damage|p2a: Gliscor|0 fnt
|faint|p2a: Gliscor
|
|
|switch|p2a: Scizor|Scizor, F|276\/331
|-damage|p2a: Scizor|235\/331|[from] Stealth Rock
|turn|19
|c| Reverend|this hjk gonna miss
|
|switch|p1a: Ferrothorn|Ferrothorn, M|194\/352
|move|p2a: Scizor|Bullet Punch|p1a: Ferrothorn
|-resisted|p1a: Ferrothorn
|-damage|p1a: Ferrothorn|137\/352
|-damage|p2a: Scizor|194\/331|[from] ability: Iron Barbs|[of] p1a: Ferrothorn
|
|-heal|p1a: Ferrothorn|159\/352|[from] item: Leftovers
|turn|20
|
|switch|p2a: Crobat|Crobat, F|203\/312
|-damage|p2a: Crobat|125\/312|[from] Stealth Rock
|move|p1a: Ferrothorn|Leech Seed|p2a: Crobat|[miss]
|-miss|p1a: Ferrothorn|p2a: Crobat
|
|-heal|p1a: Ferrothorn|181\/352|[from] item: Leftovers
|turn|21
|c|âLef Deppard|It's jump kick
|c| Reverend|do they not have the new moves implemented?
|
|switch|p1a: Lopunny|Lopunny-Mega, F|205\/271
|move|p2a: Crobat|Defog|p1a: Lopunny
|-unboost|p1a: Lopunny|evasion|1
|-sideend|p2: RyoumaKabuto|Stealth Rock|[from] move: Defog|[of] p2a: Crobat
|
|turn|22
|c| Reverend|Lopunny can learn high jump kick now
|c| Reverend|according to the data dump
|c|âLef Deppard|Nope, they didn't put it on showdown
|
|move|p1a: Lopunny|Ice Punch|p2a: Crobat
|-supereffective|p2a: Crobat
|-damage|p2a: Crobat|0 fnt
|faint|p2a: Crobat
|
|c| Reverend|unfort
|
|switch|p2a: Lopunny|Lopunny, M|272\/272
|turn|23
|-message|RyoumaKabuto forfeited.
|
|win|Lef Deppard
|raw|Ladder updating...
|leave|RyoumaKabuto
|player|p2
|raw|Lef Deppard's rating: 1043 &rarr; <strong>1075<\/strong><br \/>(+32 for winning)
|raw|RyoumaKabuto's rating: 1030 &rarr; <strong>1016<\/strong><br \/>(-14 for losing)
|c|âLef Deppard|Haha
|leave|Lef Deppard
|player|p1