|join|Lef Deppard
|join|NotSoMega
|player|p1|Lef Deppard|240
|player|p2|NotSoMega|285
|gametype|singles
|gen|6
|tier|ORAS OU
|rated
|rule|Sleep Clause Mod: Limit one foe put to sleep
|rule|Species Clause: Limit one of each PokÃ©mon
|rule|OHKO Clause: OHKO moves are banned
|rule|Moody Clause: Moody is banned
|rule|Evasion Moves Clause: Evasion moves are banned
|rule|Endless Battle Clause: Forcing endless battles is banned
|rule|HP Percentage Mod: HP is shown in percentages
|clearpoke
|poke|p1|Lopunny, F
|poke|p1|Excadrill, F
|poke|p1|Ferrothorn, F
|poke|p1|Gyarados, F
|poke|p1|Sylveon, M
|poke|p1|Mew
|poke|p2|Altaria, F
|poke|p2|Landorus-Therian, M
|poke|p2|Rotom-Wash
|poke|p2|Keldeo
|poke|p2|Gothitelle, M
|poke|p2|Skarmory, F
|rule|Swagger Clause: Swagger is banned
|rule|Baton Pass Clause: Limit one PokÃ©mon knowing Baton Pass
|teampreview
|c|âNotSoMega|Ohhh cute team
|
|start
|switch|p1a: Mew|Mew|404\/404
|switch|p2a: Gothitelle|Gothitelle, M|282\/282
|turn|1
|c|âLef Deppard|Ty
|c|âLef Deppard|urs is cute too
|
|move|p1a: Mew|Baton Pass|p1a: Mew
|c|âNotSoMega|aw, thanks
|
|switch|p1a: Lopunny|Lopunny, F|271\/271
|move|p2a: Gothitelle|Trick|p1a: Lopunny
|-fail|p1a: Lopunny
|
|turn|2
|
|switch|p2a: Skarmory|Skarmory, F|334\/334
|detailschange|p1a: Lopunny|Lopunny-Mega, F
|message|Lopunny has Mega Evolved into Mega Lopunny!
|move|p1a: Lopunny|Jump Kick|p2a: Skarmory
|-damage|p2a: Skarmory|220\/334
|
|-heal|p2a: Skarmory|240\/334|[from] item: Leftovers
|turn|3
|
|switch|p1a: Ferrothorn|Ferrothorn, F|352\/352
|move|p2a: Skarmory|Brave Bird|p1a: Ferrothorn
|-damage|p1a: Ferrothorn|273\/352
|-damage|p2a: Skarmory|199\/334|[from] ability: Iron Barbs|[of] p1a: Ferrothorn
|-damage|p2a: Skarmory|173\/334|[from] recoil|[of] p1a: Ferrothorn
|
|-heal|p2a: Skarmory|193\/334|[from] item: Leftovers
|-heal|p1a: Ferrothorn|295\/352|[from] item: Leftovers
|turn|4
|
|move|p2a: Skarmory|Roost|p2a: Skarmory
|-heal|p2a: Skarmory|334\/334
|move|p1a: Ferrothorn|Stealth Rock|p2a: Skarmory
|-sidestart|p2: NotSoMega|move: Stealth Rock
|
|-heal|p1a: Ferrothorn|317\/352|[from] item: Leftovers
|turn|5
|
|move|p2a: Skarmory|Defog|p1a: Ferrothorn
|-unboost|p1a: Ferrothorn|evasion|1
|-sideend|p2: NotSoMega|Stealth Rock|[from] move: Defog|[of] p2a: Skarmory
|move|p1a: Ferrothorn|Leech Seed|p2a: Skarmory
|-start|p2a: Skarmory|move: Leech Seed
|
|-heal|p1a: Ferrothorn|339\/352|[from] item: Leftovers
|-damage|p2a: Skarmory|293\/334|[from] Leech Seed|[of] p1a: Ferrothorn
|-heal|p1a: Ferrothorn|352\/352|[silent]
|turn|6
|
|switch|p2a: Gothitelle|Gothitelle, M|282\/282
|move|p1a: Ferrothorn|Leech Seed|p2a: Gothitelle
|-start|p2a: Gothitelle|move: Leech Seed
|
|-damage|p2a: Gothitelle|247\/282|[from] Leech Seed|[of] p1a: Ferrothorn
|turn|7
|
|move|p1a: Ferrothorn|Protect|p1a: Ferrothorn
|-singleturn|p1a: Ferrothorn|Protect
|move|p2a: Gothitelle|Trick|p1a: Ferrothorn
|-activate|p1a: Ferrothorn|Protect
|
|-damage|p2a: Gothitelle|212\/282|[from] Leech Seed|[of] p1a: Ferrothorn
|turn|8
|
|move|p2a: Gothitelle|Trick|p1a: Ferrothorn
|-activate|p2a: Gothitelle|move: Trick|[of] p1a: Ferrothorn
|-item|p1a: Ferrothorn|Choice Specs|[from] move: Trick
|-item|p2a: Gothitelle|Leftovers|[from] move: Trick
|move|p1a: Ferrothorn|Power Whip|p2a: Gothitelle|[miss]
|-miss|p1a: Ferrothorn|p2a: Gothitelle
|
|-heal|p2a: Gothitelle|229\/282|[from] item: Leftovers
|-damage|p2a: Gothitelle|194\/282|[from] Leech Seed|[of] p1a: Ferrothorn
|turn|9
|
|switch|p2a: Skarmory|Skarmory, F|293\/334
|move|p1a: Ferrothorn|Power Whip|p2a: Skarmory
|-crit|p2a: Skarmory
|-resisted|p2a: Skarmory
|-damage|p2a: Skarmory|266\/334
|
|-heal|p2a: Skarmory|286\/334|[from] item: Leftovers
|turn|10
|
|switch|p1a: Excadrill|Excadrill, F|361\/361
|-ability|p1a: Excadrill|Mold Breaker
|move|p2a: Skarmory|Stealth Rock|p1a: Excadrill
|-sidestart|p1: Lef Deppard|move: Stealth Rock
|
|-heal|p2a: Skarmory|306\/334|[from] item: Leftovers
|turn|11
|
|move|p1a: Excadrill|Rapid Spin|p2a: Skarmory
|-resisted|p2a: Skarmory
|-damage|p2a: Skarmory|299\/334
|-sideend|p1: Lef Deppard|Stealth Rock|[from] move: Rapid Spin|[of] p1a: Excadrill
|move|p2a: Skarmory|Brave Bird|p1a: Excadrill
|-resisted|p1a: Excadrill
|-damage|p1a: Excadrill|265\/361
|-damage|p2a: Skarmory|267\/334|[from] recoil|[of] p1a: Excadrill
|
|-heal|p2a: Skarmory|287\/334|[from] item: Leftovers
|turn|12
|
|move|p1a: Excadrill|Rock Slide|p2a: Skarmory
|-damage|p2a: Skarmory|235\/334
|move|p2a: Skarmory|Stealth Rock|p1a: Excadrill
|-sidestart|p1: Lef Deppard|move: Stealth Rock
|
|-heal|p2a: Skarmory|255\/334|[from] item: Leftovers
|turn|13
|
|move|p1a: Excadrill|Rapid Spin|p2a: Skarmory
|-resisted|p2a: Skarmory
|-damage|p2a: Skarmory|248\/334
|-sideend|p1: Lef Deppard|Stealth Rock|[from] move: Rapid Spin|[of] p1a: Excadrill
|move|p2a: Skarmory|Brave Bird|p1a: Excadrill
|-resisted|p1a: Excadrill
|-damage|p1a: Excadrill|172\/361
|-damage|p2a: Skarmory|217\/334|[from] recoil|[of] p1a: Excadrill
|
|-heal|p2a: Skarmory|237\/334|[from] item: Leftovers
|turn|14
|
|switch|p1a: Mew|Mew|404\/404
|move|p2a: Skarmory|Stealth Rock|p1a: Mew
|-sidestart|p1: Lef Deppard|move: Stealth Rock
|
|-heal|p2a: Skarmory|257\/334|[from] item: Leftovers
|turn|15
|
|switch|p2a: Altaria|Altaria, F|354\/354
|move|p1a: Mew|Taunt|p2a: Altaria
|-start|p2a: Altaria|move: Taunt
|
|turn|16
|
|switch|p1a: Ferrothorn|Ferrothorn, F|352\/352
|-damage|p1a: Ferrothorn|330\/352|[from] Stealth Rock
|detailschange|p2a: Altaria|Altaria-Mega, F
|message|Altaria has Mega Evolved into Mega Altaria!
|move|p2a: Altaria|Body Slam|p1a: Ferrothorn
|-resisted|p1a: Ferrothorn
|-damage|p1a: Ferrothorn|286\/352
|-damage|p2a: Altaria|310\/354|[from] ability: Iron Barbs|[of] p1a: Ferrothorn
|
|turn|17
|
|switch|p2a: Skarmory|Skarmory, F|257\/334
|move|p1a: Ferrothorn|Leech Seed|p2a: Skarmory
|-start|p2a: Skarmory|move: Leech Seed
|
|-heal|p2a: Skarmory|277\/334|[from] item: Leftovers
|-damage|p2a: Skarmory|236\/334|[from] Leech Seed|[of] p1a: Ferrothorn
|-heal|p1a: Ferrothorn|327\/352|[silent]
|turn|18
|
|switch|p2a: Keldeo|Keldeo|323\/323
|switch|p1a: Mew|Mew|404\/404
|-damage|p1a: Mew|354\/404|[from] Stealth Rock
|
|-heal|p1a: Mew|379\/404|[from] item: Leftovers
|turn|19
|
|switch|p1a: Sylveon|Sylveon, M|394\/394
|-damage|p1a: Sylveon|345\/394|[from] Stealth Rock
|move|p2a: Keldeo|Hydro Pump|p1a: Sylveon
|-damage|p1a: Sylveon|116\/394
|
|-heal|p1a: Sylveon|140\/394|[from] item: Leftovers
|turn|20
|
|move|p1a: Sylveon|Protect|p1a: Sylveon
|-singleturn|p1a: Sylveon|Protect
|move|p2a: Keldeo|Hydro Pump|p1a: Sylveon
|-activate|p1a: Sylveon|Protect
|
|-heal|p1a: Sylveon|164\/394|[from] item: Leftovers
|turn|21
|
|switch|p1a: Ferrothorn|Ferrothorn, F|327\/352
|-damage|p1a: Ferrothorn|305\/352|[from] Stealth Rock
|move|p2a: Keldeo|Hydro Pump|p1a: Ferrothorn
|-resisted|p1a: Ferrothorn
|-damage|p1a: Ferrothorn|188\/352
|
|turn|22
|
|switch|p2a: Altaria|Altaria-Mega, F|310\/354
|move|p1a: Ferrothorn|Stealth Rock|p2a: Altaria
|-sidestart|p2: NotSoMega|move: Stealth Rock
|
|turn|23
|
|switch|p1a: Gyarados|Gyarados, F|394\/394
|-damage|p1a: Gyarados|296\/394|[from] Stealth Rock
|-ability|p1a: Gyarados|Intimidate|[of] p2a: Altaria
|-unboost|p2a: Altaria|atk|1
|move|p2a: Altaria|Earthquake|p1a: Gyarados
|-immune|p1a: Gyarados|[msg]
|
|turn|24
|
|switch|p1a: Mew|Mew|379\/404
|-damage|p1a: Mew|329\/404|[from] Stealth Rock
|switch|p2a: Rotom-Wash|Rotom-Wash|304\/304
|-damage|p2a: Rotom-Wash|266\/304|[from] Stealth Rock
|
|-heal|p1a: Mew|354\/404|[from] item: Leftovers
|-heal|p2a: Rotom-Wash|285\/304|[from] item: Leftovers
|turn|25
|
|move|p1a: Mew|Swords Dance|p1a: Mew
|-boost|p1a: Mew|atk|2
|move|p2a: Rotom-Wash|Volt Switch|p1a: Mew
|-damage|p1a: Mew|267\/404
|
|switch|p2a: Landorus-Therian|Landorus-Therian, M|320\/320
|-damage|p2a: Landorus-Therian|280\/320|[from] Stealth Rock
|-ability|p2a: Landorus-Therian|Intimidate|[of] p1a: Mew
|-unboost|p1a: Mew|atk|1
|
|-heal|p1a: Mew|292\/404|[from] item: Leftovers
|turn|26
|
|move|p2a: Landorus-Therian|Knock Off|p1a: Mew
|-supereffective|p1a: Mew
|-damage|p1a: Mew|70\/404
|-enditem|p1a: Mew|Leftovers|[from] move: Knock Off|[of] p2a: Landorus-Therian
|move|p1a: Mew|Roost|p1a: Mew
|-heal|p1a: Mew|272\/404
|
|turn|27
|
|switch|p2a: Altaria|Altaria-Mega, F|310\/354
|-damage|p2a: Altaria|266\/354|[from] Stealth Rock
|move|p1a: Mew|Roost|p1a: Mew
|-heal|p1a: Mew|404\/404
|
|turn|28
|
|move|p1a: Mew|Swords Dance|p1a: Mew
|-boost|p1a: Mew|atk|2
|move|p2a: Altaria|Body Slam|p1a: Mew
|-damage|p1a: Mew|286\/404
|
|turn|29
|
|move|p1a: Mew|Baton Pass|p1a: Mew
|
|switch|p1a: Excadrill|Excadrill, F|172\/361
|-damage|p1a: Excadrill|161\/361|[from] Stealth Rock
|-ability|p1a: Excadrill|Mold Breaker
|move|p2a: Altaria|Body Slam|p1a: Excadrill
|-resisted|p1a: Excadrill
|-damage|p1a: Excadrill|63\/361
|-status|p1a: Excadrill|par
|
|turn|30
|-message|Lef Deppard forfeited.
|c|âNotSoMega|:)
|leave|Lef Deppard
|
|win|NotSoMega
|raw|Ladder updating...
|player|p1
|raw|Lef Deppard's rating: 1284 &rarr; <strong>1251<\/strong><br \/>(-33 for losing)
|raw|NotSoMega's rating: 1169 &rarr; <strong>1202<\/strong><br \/>(+33 for winning)