|join|Lef Deppard
|join|Hoodatiz
|player|p1|Lef Deppard|240
|player|p2|Hoodatiz|283
|gametype|singles
|gen|6
|tier|ORAS OU
|rated
|rule|Sleep Clause Mod: Limit one foe put to sleep
|rule|Species Clause: Limit one of each PokÃ©mon
|rule|OHKO Clause: OHKO moves are banned
|rule|Moody Clause: Moody is banned
|rule|Evasion Moves Clause: Evasion moves are banned
|rule|Endless Battle Clause: Forcing endless battles is banned
|rule|HP Percentage Mod: HP is shown in percentages
|clearpoke
|poke|p1|Charizard, M
|poke|p1|Donphan, M
|poke|p1|Keldeo-Resolute
|poke|p1|Zapdos
|poke|p1|Ferrothorn, F
|poke|p1|Clefable, F
|poke|p2|Metagross
|poke|p2|Magnezone
|poke|p2|Zapdos
|poke|p2|Slowbro, M
|poke|p2|Clefable, F
|poke|p2|Greninja, M
|rule|Swagger Clause: Swagger is banned
|rule|Baton Pass Clause: Limit one PokÃ©mon knowing Baton Pass
|teampreview
|
|start
|switch|p1a: Ferrothorn|Ferrothorn, F|352\/352
|switch|p2a: Slowbro|Slowbro, M|385\/385
|turn|1
|
|switch|p2a: Magnezone|Magnezone|303\/303
|move|p1a: Ferrothorn|Stealth Rock|p2a: Magnezone
|-sidestart|p2: Hoodatiz|move: Stealth Rock
|
|turn|2
|
|move|p2a: Magnezone|Hidden Power|p1a: Ferrothorn
|-supereffective|p1a: Ferrothorn
|-damage|p1a: Ferrothorn|8\/352
|move|p1a: Ferrothorn|Leech Seed|p2a: Magnezone
|-start|p2a: Magnezone|move: Leech Seed
|
|-heal|p1a: Ferrothorn|30\/352|[from] item: Leftovers
|-damage|p2a: Magnezone|266\/303|[from] Leech Seed|[of] p1a: Ferrothorn
|-heal|p1a: Ferrothorn|67\/352|[silent]
|turn|3
|
|move|p1a: Ferrothorn|Protect|p1a: Ferrothorn
|-singleturn|p1a: Ferrothorn|Protect
|move|p2a: Magnezone|Hidden Power|p1a: Ferrothorn
|-activate|p1a: Ferrothorn|Protect
|
|-heal|p1a: Ferrothorn|89\/352|[from] item: Leftovers
|-damage|p2a: Magnezone|229\/303|[from] Leech Seed|[of] p1a: Ferrothorn
|-heal|p1a: Ferrothorn|126\/352|[silent]
|turn|4
|
|move|p1a: Ferrothorn|Protect|p1a: Ferrothorn
|-fail|p1a: Ferrothorn
|move|p2a: Magnezone|Hidden Power|p1a: Ferrothorn
|-supereffective|p1a: Ferrothorn
|-damage|p1a: Ferrothorn|0 fnt
|faint|p1a: Ferrothorn
|
|
|switch|p1a: Charizard|Charizard, M|333\/333
|turn|5
|
|switch|p2a: Slowbro|Slowbro, M|385\/385
|-damage|p2a: Slowbro|337\/385|[from] Stealth Rock
|detailschange|p1a: Charizard|Charizard-Mega-X, M
|message|Charizard has Mega Evolved into Mega Charizard!
|move|p1a: Charizard|Dragon Dance|p1a: Charizard
|-boost|p1a: Charizard|atk|1
|-boost|p1a: Charizard|spe|1
|
|-heal|p2a: Slowbro|361\/385|[from] item: Leftovers
|turn|6
|
|move|p1a: Charizard|Dragon Claw|p2a: Slowbro
|-damage|p2a: Slowbro|141\/385
|move|p2a: Slowbro|Thunder Wave|p1a: Charizard
|-status|p1a: Charizard|par
|
|-heal|p2a: Slowbro|165\/385|[from] item: Leftovers
|turn|7
|
|switch|p2a: Magnezone|Magnezone|229\/303
|-damage|p2a: Magnezone|211\/303|[from] Stealth Rock
|move|p1a: Charizard|Dragon Dance|p1a: Charizard
|-boost|p1a: Charizard|atk|1
|-boost|p1a: Charizard|spe|1
|
|turn|8
|
|move|p2a: Magnezone|Thunderbolt|p1a: Charizard
|-resisted|p1a: Charizard
|-damage|p1a: Charizard|183\/333 par
|cant|p1a: Charizard|par
|
|turn|9
|
|switch|p1a: Pour some on me|Donphan, M|384\/384
|move|p2a: Magnezone|Thunderbolt|p1a: Pour some on me
|-immune|p1a: Pour some on me|[msg]
|
|turn|10
|
|switch|p2a: Clefable|Clefable, F|393\/393
|move|p1a: Pour some on me|Knock Off|p2a: Clefable
|-resisted|p2a: Clefable
|-damage|p2a: Clefable|328\/393
|-enditem|p2a: Clefable|Leftovers|[from] move: Knock Off|[of] p1a: Pour some on me
|
|turn|11
|
|switch|p1a: Clefable|Clefable, F|394\/394
|move|p2a: Clefable|Stealth Rock|p1a: Clefable
|-sidestart|p1: Lef Deppard|move: Stealth Rock
|
|turn|12
|
|move|p1a: Clefable|Heal Bell|p1a: Clefable
|-cureteam|p1a: Clefable|[from] move: HealBell
|move|p2a: Clefable|Wish|p2a: Clefable
|
|turn|13
|
|switch|p2a: Magnezone|Magnezone|211\/303
|-damage|p2a: Magnezone|193\/303|[from] Stealth Rock
|move|p1a: Clefable|Flamethrower|p2a: Magnezone
|-supereffective|p2a: Magnezone
|-damage|p2a: Magnezone|49\/303
|-status|p2a: Magnezone|brn
|
|-heal|p2a: Magnezone|245\/303 brn|[from] move: Wish|[wisher] Clefable
|-damage|p2a: Magnezone|208\/303 brn|[from] brn
|turn|14
|
|switch|p1a: Photograph|Zapdos|384\/384
|-damage|p1a: Photograph|288\/384|[from] Stealth Rock
|-ability|p1a: Photograph|Pressure
|move|p2a: Magnezone|Volt Switch|p1a: Photograph
|-damage|p1a: Photograph|123\/384
|
|switch|p2a: Greninja|Greninja, M|285\/285
|-damage|p2a: Greninja|250\/285|[from] Stealth Rock
|
|-heal|p1a: Photograph|147\/384|[from] item: Leftovers
|turn|15
|
|switch|p1a: Clefable|Clefable, F|394\/394
|move|p2a: Greninja|Ice Beam|p1a: Clefable
|-start|p2a: Greninja|typechange|Ice|[from] Protean
|-damage|p1a: Clefable|226\/394
|-damage|p2a: Greninja|222\/285|[from] item: Life Orb
|
|-heal|p1a: Clefable|250\/394|[from] item: Leftovers
|turn|16
|
|move|p2a: Greninja|Gunk Shot|p1a: Clefable
|-start|p2a: Greninja|typechange|Poison|[from] Protean
|-supereffective|p1a: Clefable
|-damage|p1a: Clefable|0 fnt
|-damage|p2a: Greninja|194\/285|[from] item: Life Orb
|faint|p1a: Clefable
|
|
|switch|p1a: Animal|Keldeo-Resolute|322\/322
|-damage|p1a: Animal|302\/322|[from] Stealth Rock
|turn|17
|
|switch|p2a: Clefable|Clefable, F|328\/393
|move|p1a: Animal|Scald|p2a: Clefable
|-damage|p2a: Clefable|126\/393
|
|turn|18
|
|move|p1a: Animal|Scald|p2a: Clefable
|-damage|p2a: Clefable|0 fnt
|faint|p2a: Clefable
|
|
|switch|p2a: Zapdos|Zapdos|384\/384
|-damage|p2a: Zapdos|288\/384|[from] Stealth Rock
|-ability|p2a: Zapdos|Pressure
|turn|19
|
|move|p1a: Animal|Scald|p2a: Zapdos
|-damage|p2a: Zapdos|57\/384
|-status|p2a: Zapdos|brn
|move|p2a: Zapdos|Discharge|p1a: Animal
|-supereffective|p1a: Animal
|-damage|p1a: Animal|50\/322
|-status|p1a: Animal|par
|
|-heal|p2a: Zapdos|81\/384 brn|[from] item: Leftovers
|-damage|p2a: Zapdos|33\/384 brn|[from] brn
|turn|20
|
|move|p2a: Zapdos|Discharge|p1a: Animal
|-supereffective|p1a: Animal
|-damage|p1a: Animal|0 fnt
|faint|p1a: Animal
|
|-heal|p2a: Zapdos|57\/384 brn|[from] item: Leftovers
|-damage|p2a: Zapdos|9\/384 brn|[from] brn
|
|switch|p1a: Pour some on me|Donphan, M|384\/384
|-damage|p1a: Pour some on me|360\/384|[from] Stealth Rock
|turn|21
|
|move|p2a: Zapdos|Hidden Power|p1a: Pour some on me
|-supereffective|p1a: Pour some on me
|-damage|p1a: Pour some on me|178\/384
|move|p1a: Pour some on me|Rapid Spin|p2a: Zapdos
|-damage|p2a: Zapdos|0 fnt
|-sideend|p1: Lef Deppard|Stealth Rock|[from] move: Rapid Spin|[of] p1a: Pour some on me
|faint|p2a: Zapdos
|
|-heal|p1a: Pour some on me|202\/384|[from] item: Leftovers
|
|switch|p2a: Greninja|Greninja, M|194\/285
|-damage|p2a: Greninja|159\/285|[from] Stealth Rock
|turn|22
|
|move|p2a: Greninja|Ice Beam|p1a: Pour some on me
|-start|p2a: Greninja|typechange|Ice|[from] Protean
|-supereffective|p1a: Pour some on me
|-damage|p1a: Pour some on me|0 fnt
|-damage|p2a: Greninja|131\/285|[from] item: Life Orb
|faint|p1a: Pour some on me
|
|
|switch|p1a: Charizard|Charizard-Mega-X, M|183\/333
|turn|23
|
|move|p2a: Greninja|Ice Beam|p1a: Charizard
|-damage|p1a: Charizard|0 fnt
|-damage|p2a: Greninja|103\/285|[from] item: Life Orb
|faint|p1a: Charizard
|
|-message|Lef Deppard forfeited.
|
|win|Hoodatiz
|raw|Ladder updating...
|leave|Lef Deppard
|player|p1