|join|Lef Deppard
|join|the Dango Fucker
|player|p1|Lef Deppard|240
|player|p2|the Dango Fucker|101
|gametype|singles
|gen|6
|tier|ORAS OU
|rated
|rule|Sleep Clause Mod: Limit one foe put to sleep
|rule|Species Clause: Limit one of each PokÃ©mon
|rule|OHKO Clause: OHKO moves are banned
|rule|Moody Clause: Moody is banned
|rule|Evasion Moves Clause: Evasion moves are banned
|rule|Endless Battle Clause: Forcing endless battles is banned
|rule|HP Percentage Mod: HP is shown in percentages
|clearpoke
|poke|p1|Donphan, M
|poke|p1|Salamence, F
|poke|p1|Keldeo-Resolute
|poke|p1|Zapdos
|poke|p1|Jirachi
|poke|p1|Breloom, M
|poke|p2|Sceptile, M
|poke|p2|Klefki, M
|poke|p2|Greninja, F
|poke|p2|Landorus-Therian, M
|poke|p2|Conkeldurr, M
|poke|p2|Excadrill, M
|rule|Swagger Clause: Swagger is banned
|rule|Baton Pass Clause: Limit one PokÃ©mon knowing Baton Pass
|teampreview
|
|start
|switch|p1a: Jirachi|Jirachi|404\/404
|switch|p2a: Landorus-Therian|Landorus-Therian, M|382\/382
|-ability|p2a: Landorus-Therian|Intimidate|[of] p1a: Jirachi
|-unboost|p1a: Jirachi|atk|1
|turn|1
|
|switch|p1a: Pivin on a Lrayer|Donphan, M|384\/384
|move|p2a: Landorus-Therian|Stealth Rock|p1a: Pivin on a Lrayer
|-sidestart|p1: Lef Deppard|move: Stealth Rock
|
|turn|2
|
|move|p2a: Landorus-Therian|U-turn|p1a: Pivin on a Lrayer
|-damage|p1a: Pivin on a Lrayer|301\/384
|
|switch|p2a: Greninja|Greninja, F|285\/285
|move|p1a: Pivin on a Lrayer|Rapid Spin|p2a: Greninja
|-damage|p2a: Greninja|249\/285
|-sideend|p1: Lef Deppard|Stealth Rock|[from] move: Rapid Spin|[of] p1a: Pivin on a Lrayer
|
|-heal|p1a: Pivin on a Lrayer|325\/384|[from] item: Leftovers
|turn|3
|
|switch|p1a: Jirachi|Jirachi|404\/404
|move|p2a: Greninja|Ice Beam|p1a: Jirachi
|-start|p2a: Greninja|typechange|Ice|[from] Protean
|-resisted|p1a: Jirachi
|-damage|p1a: Jirachi|340\/404
|-damage|p2a: Greninja|221\/285|[from] item: Life Orb
|
|-heal|p1a: Jirachi|365\/404|[from] item: Leftovers
|turn|4
|
|switch|p2a: Landorus-Therian|Landorus-Therian, M|382\/382
|-ability|p2a: Landorus-Therian|Intimidate|[of] p1a: Jirachi
|-unboost|p1a: Jirachi|atk|1
|move|p1a: Jirachi|Stealth Rock|p2a: Landorus-Therian
|-sidestart|p2: the Dango Fucker|move: Stealth Rock
|
|-heal|p1a: Jirachi|390\/404|[from] item: Leftovers
|turn|5
|
|switch|p1a: Pivin on a Lrayer|Donphan, M|325\/384
|move|p2a: Landorus-Therian|Knock Off|p1a: Pivin on a Lrayer
|-damage|p1a: Pivin on a Lrayer|208\/384
|-enditem|p1a: Pivin on a Lrayer|Leftovers|[from] move: Knock Off|[of] p2a: Landorus-Therian
|
|turn|6
|
|move|p1a: Pivin on a Lrayer|Ice Shard|p2a: Landorus-Therian
|-supereffective|p2a: Landorus-Therian
|-damage|p2a: Landorus-Therian|166\/382
|move|p2a: Landorus-Therian|Stealth Rock|p1a: Pivin on a Lrayer
|-sidestart|p1: Lef Deppard|move: Stealth Rock
|
|-heal|p2a: Landorus-Therian|189\/382|[from] item: Leftovers
|turn|7
|
|switch|p2a: Greninja|Greninja, F|221\/285
|-damage|p2a: Greninja|186\/285|[from] Stealth Rock
|move|p1a: Pivin on a Lrayer|Rapid Spin|p2a: Greninja
|-damage|p2a: Greninja|147\/285
|-sideend|p1: Lef Deppard|Stealth Rock|[from] move: Rapid Spin|[of] p1a: Pivin on a Lrayer
|
|turn|8
|
|switch|p1a: Jirachi|Jirachi|390\/404
|move|p2a: Greninja|Dark Pulse|p1a: Jirachi
|-start|p2a: Greninja|typechange|Dark|[from] Protean
|-supereffective|p1a: Jirachi
|-damage|p1a: Jirachi|153\/404
|-damage|p2a: Greninja|119\/285|[from] item: Life Orb
|
|-heal|p1a: Jirachi|178\/404|[from] item: Leftovers
|turn|9
|
|move|p1a: Jirachi|Protect|p1a: Jirachi
|-singleturn|p1a: Jirachi|Protect
|move|p2a: Greninja|Dark Pulse|p1a: Jirachi
|-activate|p1a: Jirachi|Protect
|
|-heal|p1a: Jirachi|203\/404|[from] item: Leftovers
|turn|10
|
|switch|p1a: Keldeo-Resolute|Keldeo-Resolute|322\/322
|move|p2a: Greninja|Dark Pulse|p1a: Keldeo-Resolute
|-resisted|p1a: Keldeo-Resolute
|-damage|p1a: Keldeo-Resolute|236\/322
|-boost|p1a: Keldeo-Resolute|atk|1|[from] ability: Justified
|-damage|p2a: Greninja|91\/285|[from] item: Life Orb
|
|turn|11
|
|switch|p2a: Conkeldurr|Conkeldurr, M|414\/414
|-damage|p2a: Conkeldurr|389\/414|[from] Stealth Rock
|switch|p1a: Zapdos|Zapdos|384\/384
|-ability|p1a: Zapdos|Pressure
|
|turn|12
|
|move|p1a: Zapdos|Thunderbolt|p2a: Conkeldurr
|-damage|p2a: Conkeldurr|251\/414
|-status|p2a: Conkeldurr|par
|move|p2a: Conkeldurr|Knock Off|p1a: Zapdos
|-damage|p1a: Zapdos|152\/384
|-enditem|p1a: Zapdos|Leftovers|[from] move: Knock Off|[of] p2a: Conkeldurr
|
|turn|13
|
|move|p1a: Zapdos|Roost|p1a: Zapdos
|-heal|p1a: Zapdos|344\/384
|move|p2a: Conkeldurr|Ice Punch|p1a: Zapdos
|-damage|p1a: Zapdos|175\/384
|
|turn|14
|
|switch|p1a: Jirachi|Jirachi|203\/404
|move|p2a: Conkeldurr|Drain Punch|p1a: Jirachi
|-damage|p1a: Jirachi|0 fnt
|-heal|p2a: Conkeldurr|353\/414 par|[from] drain|[of] p1a: Jirachi
|faint|p1a: Jirachi
|
|
|switch|p1a: Salamence|Salamence, F|331\/331
|-ability|p1a: Salamence|Intimidate|[of] p2a: Conkeldurr
|-unboost|p2a: Conkeldurr|atk|1
|turn|15
|
|detailschange|p1a: Salamence|Salamence-Mega, F
|message|Salamence has Mega Evolved into Mega Salamence!
|move|p1a: Salamence|Return|p2a: Conkeldurr
|-supereffective|p2a: Conkeldurr
|-damage|p2a: Conkeldurr|0 fnt
|faint|p2a: Conkeldurr
|
|
|switch|p2a: Klefki|Klefki, M|318\/318
|-damage|p2a: Klefki|299\/318|[from] Stealth Rock
|turn|16
|
|switch|p1a: Zapdos|Zapdos|175\/384
|-ability|p1a: Zapdos|Pressure
|move|p2a: Klefki|Spikes|p1a: Zapdos
|-sidestart|p1: Lef Deppard|Spikes
|
|-heal|p2a: Klefki|318\/318|[from] item: Leftovers
|turn|17
|
|move|p1a: Zapdos|Roost|p1a: Zapdos
|-heal|p1a: Zapdos|367\/384
|move|p2a: Klefki|Play Rough|p1a: Zapdos|[miss]
|-miss|p2a: Klefki|p1a: Zapdos
|
|turn|18
|
|switch|p1a: Pivin on a Lrayer|Donphan, M|208\/384
|-damage|p1a: Pivin on a Lrayer|160\/384|[from] Spikes
|switch|p2a: Sceptile|Sceptile, M|282\/282
|-damage|p2a: Sceptile|247\/282|[from] Stealth Rock
|
|turn|19
|
|move|p1a: Pivin on a Lrayer|Ice Shard|p2a: Sceptile
|-supereffective|p2a: Sceptile
|-damage|p2a: Sceptile|117\/282
|move|p2a: Sceptile|Energy Ball|p1a: Pivin on a Lrayer
|-crit|p1a: Pivin on a Lrayer
|-supereffective|p1a: Pivin on a Lrayer
|-damage|p1a: Pivin on a Lrayer|0 fnt
|faint|p1a: Pivin on a Lrayer
|
|
|switch|p1a: Zapdos|Zapdos|367\/384
|-ability|p1a: Zapdos|Pressure
|turn|20
|
|detailschange|p2a: Sceptile|Sceptile-Mega, M
|message|Sceptile has Mega Evolved into Mega Sceptile!
|move|p2a: Sceptile|Dragon Pulse|p1a: Zapdos
|-damage|p1a: Zapdos|237\/384
|move|p1a: Zapdos|Hidden Power|p2a: Sceptile
|-supereffective|p2a: Sceptile
|-damage|p2a: Sceptile|0 fnt
|faint|p2a: Sceptile
|
|
|switch|p2a: Greninja|Greninja, F|91\/285
|-damage|p2a: Greninja|56\/285|[from] Stealth Rock
|turn|21
|
|move|p2a: Greninja|Ice Beam|p1a: Zapdos
|-start|p2a: Greninja|typechange|Ice|[from] Protean
|-supereffective|p1a: Zapdos
|-damage|p1a: Zapdos|0 fnt
|-damage|p2a: Greninja|28\/285|[from] item: Life Orb
|faint|p1a: Zapdos
|
|
|switch|p1a: Breloom|Breloom, M|323\/323
|-damage|p1a: Breloom|283\/323|[from] Spikes
|turn|22
|
|switch|p2a: Landorus-Therian|Landorus-Therian, M|189\/382
|-damage|p2a: Landorus-Therian|142\/382|[from] Stealth Rock
|-ability|p2a: Landorus-Therian|Intimidate|[of] p1a: Breloom
|-unboost|p1a: Breloom|atk|1
|switch|p1a: Keldeo-Resolute|Keldeo-Resolute|236\/322
|-damage|p1a: Keldeo-Resolute|196\/322|[from] Spikes
|
|-heal|p2a: Landorus-Therian|165\/382|[from] item: Leftovers
|turn|23
|
|move|p1a: Keldeo-Resolute|Scald|p2a: Landorus-Therian
|-supereffective|p2a: Landorus-Therian
|-damage|p2a: Landorus-Therian|0 fnt
|faint|p2a: Landorus-Therian
|
|
|switch|p2a: jester of flinch|Excadrill, M|362\/362
|-damage|p2a: jester of flinch|351\/362|[from] Stealth Rock
|-ability|p2a: jester of flinch|Mold Breaker
|turn|24
|
|move|p2a: jester of flinch|Earthquake|p1a: Keldeo-Resolute
|-damage|p1a: Keldeo-Resolute|0 fnt
|faint|p1a: Keldeo-Resolute
|
|
|switch|p1a: Salamence|Salamence-Mega, F|331\/331
|turn|25
|
|switch|p2a: Klefki|Klefki, M|318\/318
|-damage|p2a: Klefki|299\/318|[from] Stealth Rock
|move|p1a: Salamence|Dragon Dance|p1a: Salamence
|-boost|p1a: Salamence|atk|1
|-boost|p1a: Salamence|spe|1
|
|-heal|p2a: Klefki|318\/318|[from] item: Leftovers
|turn|26
|
|move|p2a: Klefki|Thunder Wave|p1a: Salamence
|-status|p1a: Salamence|par
|move|p1a: Salamence|Fire Blast|p2a: Klefki
|-supereffective|p2a: Klefki
|-damage|p2a: Klefki|78\/318
|
|-heal|p2a: Klefki|97\/318|[from] item: Leftovers
|turn|27
|
|move|p2a: Klefki|Foul Play|p1a: Salamence
|-damage|p1a: Salamence|190\/331 par
|move|p1a: Salamence|Return|p2a: Klefki
|-resisted|p2a: Klefki
|-damage|p2a: Klefki|0 fnt
|faint|p2a: Klefki
|
|
|switch|p2a: Greninja|Greninja, F|28\/285
|-damage|p2a: Greninja|0 fnt|[from] Stealth Rock
|faint|p2a: Greninja
|
|switch|p2a: jester of flinch|Excadrill, M|351\/362
|-damage|p2a: jester of flinch|340\/362|[from] Stealth Rock
|-ability|p2a: jester of flinch|Mold Breaker
|turn|28
|
|move|p2a: jester of flinch|Iron Head|p1a: Salamence
|-damage|p1a: Salamence|69\/331 par
|cant|p1a: Salamence|par
|
|turn|29
|
|move|p2a: jester of flinch|Iron Head|p1a: Salamence
|-damage|p1a: Salamence|0 fnt
|faint|p1a: Salamence
|
|
|switch|p1a: Breloom|Breloom, M|283\/323
|-damage|p1a: Breloom|243\/323|[from] Spikes
|turn|30
|
|move|p2a: jester of flinch|Iron Head|p1a: Breloom
|-damage|p1a: Breloom|114\/323
|move|p1a: Breloom|Spore|p2a: jester of flinch
|-status|p2a: jester of flinch|slp
|
|-status|p1a: Breloom|tox|[from] item: Toxic Orb
|turn|31
|
|cant|p2a: jester of flinch|slp
|move|p1a: Breloom|Substitute|p1a: Breloom
|-start|p1a: Breloom|Substitute
|-damage|p1a: Breloom|34\/323 tox
|
|-heal|p1a: Breloom|74\/323 tox|[from] ability: Poison Heal
|turn|32
|c|âLef Deppard|Gg
|
|-singleturn|p1a: Breloom|move: Focus Punch
|-curestatus|p2a: jester of flinch|slp
|move|p2a: jester of flinch|Iron Head|p1a: Breloom
|-end|p1a: Breloom|Substitute
|move|p1a: Breloom|Focus Punch|p2a: jester of flinch
|-supereffective|p2a: jester of flinch
|-damage|p2a: jester of flinch|0 fnt
|faint|p2a: jester of flinch
|
|win|Lef Deppard
|raw|Ladder updating...
|raw|Lef Deppard's rating: 1352 &rarr; <strong>1370<\/strong><br \/>(+18 for winning)
|raw|the Dango Fucker's rating: 1316 &rarr; <strong>1298<\/strong><br \/>(-18 for losing)
|leave|the Dango Fucker
|player|p2
|leave|Lef Deppard
|player|p1