|join|Lef Deppard
|join|KratosMana
|player|p1|Lef Deppard|240
|player|p2|KratosMana|68
|gametype|singles
|gen|6
|tier|ORAS OU
|rated
|rule|Sleep Clause Mod: Limit one foe put to sleep
|rule|Species Clause: Limit one of each PokÃ©mon
|rule|OHKO Clause: OHKO moves are banned
|rule|Moody Clause: Moody is banned
|rule|Evasion Moves Clause: Evasion moves are banned
|rule|Endless Battle Clause: Forcing endless battles is banned
|rule|HP Percentage Mod: HP is shown in percentages
|clearpoke
|poke|p1|Donphan, M
|poke|p1|Zapdos
|poke|p1|Pinsir, M
|poke|p1|Keldeo-Resolute
|poke|p1|Metagross
|poke|p1|Celebi
|poke|p2|Landorus-Therian, M
|poke|p2|Starmie
|poke|p2|Altaria, F
|poke|p2|Heatran, F
|poke|p2|Bronzong
|poke|p2|Amoonguss, F
|rule|Swagger Clause: Swagger is banned
|rule|Baton Pass Clause: Limit one PokÃ©mon knowing Baton Pass
|teampreview
|join|radianthero156
|
|start
|switch|p1a: Keldeo-Resolute|Keldeo-Resolute|322\/322
|switch|p2a: Altaria|Altaria, F|349\/349
|turn|1
|
|switch|p1a: Metagross|Metagross|364\/364
|detailschange|p2a: Altaria|Altaria-Mega, F
|message|Altaria has Mega Evolved into Mega Altaria!
|move|p2a: Altaria|Return|p1a: Metagross
|-resisted|p1a: Metagross
|-damage|p1a: Metagross|271\/364
|
|-heal|p1a: Metagross|293\/364|[from] item: Leftovers
|turn|2
|
|switch|p2a: Bronzong|Bronzong|338\/338
|move|p1a: Metagross|Stealth Rock|p2a: Bronzong
|-sidestart|p2: KratosMana|move: Stealth Rock
|
|-heal|p1a: Metagross|315\/364|[from] item: Leftovers
|turn|3
|
|switch|p1a: Keldeo-Resolute|Keldeo-Resolute|322\/322
|move|p2a: Bronzong|Stealth Rock|p1a: Keldeo-Resolute
|-sidestart|p1: Lef Deppard|move: Stealth Rock
|
|turn|4
|
|switch|p2a: Starmie|Starmie|323\/323
|-damage|p2a: Starmie|283\/323|[from] Stealth Rock
|move|p1a: Keldeo-Resolute|Scald|p2a: Starmie
|-resisted|p2a: Starmie
|-damage|p2a: Starmie|154\/323
|
|-heal|p2a: Starmie|174\/323|[from] item: Leftovers
|turn|5
|
|move|p2a: Starmie|Rapid Spin|p1a: Keldeo-Resolute
|-damage|p1a: Keldeo-Resolute|308\/322
|-sideend|p2: KratosMana|Stealth Rock|[from] move: Rapid Spin|[of] p2a: Starmie
|move|p1a: Keldeo-Resolute|Scald|p2a: Starmie
|-resisted|p2a: Starmie
|-damage|p2a: Starmie|54\/323
|-status|p2a: Starmie|brn
|
|-heal|p2a: Starmie|74\/323 brn|[from] item: Leftovers
|-damage|p2a: Starmie|34\/323 brn|[from] brn
|turn|6
|
|switch|p1a: Metagross|Metagross|315\/364
|-damage|p1a: Metagross|293\/364|[from] Stealth Rock
|move|p2a: Starmie|Recover|p2a: Starmie
|-heal|p2a: Starmie|196\/323 brn
|
|-heal|p2a: Starmie|216\/323 brn|[from] item: Leftovers
|-heal|p1a: Metagross|315\/364|[from] item: Leftovers
|-damage|p2a: Starmie|176\/323 brn|[from] brn
|turn|7
|
|switch|p2a: Bronzong|Bronzong|338\/338
|move|p1a: Metagross|Stealth Rock|p2a: Bronzong
|-sidestart|p2: KratosMana|move: Stealth Rock
|
|-heal|p1a: Metagross|337\/364|[from] item: Leftovers
|turn|8
|
|switch|p1a: Keldeo-Resolute|Keldeo-Resolute|308\/322
|-damage|p1a: Keldeo-Resolute|288\/322|[from] Stealth Rock
|move|p2a: Bronzong|Toxic|p1a: Keldeo-Resolute
|-status|p1a: Keldeo-Resolute|tox
|
|-damage|p1a: Keldeo-Resolute|268\/322 tox|[from] psn
|turn|9
|
|switch|p2a: Amoonguss|Amoonguss, F|431\/431
|-damage|p2a: Amoonguss|378\/431|[from] Stealth Rock
|move|p1a: Keldeo-Resolute|Scald|p2a: Amoonguss
|-resisted|p2a: Amoonguss
|-damage|p2a: Amoonguss|252\/431
|-status|p2a: Amoonguss|brn
|
|-heal|p2a: Amoonguss|278\/431 brn|[from] item: Black Sludge
|-damage|p1a: Keldeo-Resolute|228\/322 tox|[from] psn
|-damage|p2a: Amoonguss|225\/431 brn|[from] brn
|turn|10
|
|switch|p1a: Celebi|Celebi|404\/404
|-damage|p1a: Celebi|354\/404|[from] Stealth Rock
|move|p2a: Amoonguss|Giga Drain|p1a: Celebi
|-resisted|p1a: Celebi
|-damage|p1a: Celebi|327\/404
|-heal|p2a: Amoonguss|239\/431 brn|[from] drain|[of] p1a: Celebi
|
|-heal|p1a: Celebi|352\/404|[from] item: Leftovers
|-heal|p2a: Amoonguss|265\/431 brn|[from] item: Black Sludge
|-damage|p2a: Amoonguss|212\/431 brn|[from] brn
|turn|11
|
|switch|p2a: Altaria|Altaria-Mega, F|349\/349
|-damage|p2a: Altaria|306\/349|[from] Stealth Rock
|move|p1a: Celebi|Heal Bell|p1a: Celebi
|-cureteam|p1a: Celebi|[from] move: HealBell
|
|-heal|p1a: Celebi|377\/404|[from] item: Leftovers
|turn|12
|
|move|p1a: Celebi|Thunder Wave|p2a: Altaria
|-status|p2a: Altaria|par
|move|p2a: Altaria|Return|p1a: Celebi
|-damage|p1a: Celebi|136\/404
|
|-heal|p1a: Celebi|161\/404|[from] item: Leftovers
|turn|13
|
|move|p1a: Celebi|Recover|p1a: Celebi
|-heal|p1a: Celebi|363\/404
|move|p2a: Altaria|Heal Bell|p2a: Altaria
|-cureteam|p2a: Altaria|[from] move: HealBell
|
|-heal|p1a: Celebi|388\/404|[from] item: Leftovers
|turn|14
|
|move|p1a: Celebi|Thunder Wave|p2a: Altaria
|-status|p2a: Altaria|par
|move|p2a: Altaria|Return|p1a: Celebi
|-damage|p1a: Celebi|166\/404
|
|-heal|p1a: Celebi|191\/404|[from] item: Leftovers
|turn|15
|
|move|p1a: Celebi|Recover|p1a: Celebi
|-heal|p1a: Celebi|393\/404
|cant|p2a: Altaria|par
|
|-heal|p1a: Celebi|404\/404|[from] item: Leftovers
|turn|16
|
|switch|p1a: Pivin on a Lrayer|Donphan, M|384\/384
|-damage|p1a: Pivin on a Lrayer|360\/384|[from] Stealth Rock
|cant|p2a: Altaria|par
|
|-heal|p1a: Pivin on a Lrayer|384\/384|[from] item: Leftovers
|turn|17
|
|switch|p2a: Bronzong|Bronzong|338\/338
|-damage|p2a: Bronzong|317\/338|[from] Stealth Rock
|move|p1a: Pivin on a Lrayer|Rapid Spin|p2a: Bronzong
|-resisted|p2a: Bronzong
|-damage|p2a: Bronzong|309\/338
|-sideend|p1: Lef Deppard|Stealth Rock|[from] move: Rapid Spin|[of] p1a: Pivin on a Lrayer
|
|-heal|p2a: Bronzong|330\/338|[from] item: Leftovers
|turn|18
|
|switch|p1a: Keldeo-Resolute|Keldeo-Resolute|228\/322
|move|p2a: Bronzong|Stealth Rock|p1a: Keldeo-Resolute
|-sidestart|p1: Lef Deppard|move: Stealth Rock
|
|-heal|p2a: Bronzong|338\/338|[from] item: Leftovers
|turn|19
|
|switch|p2a: Amoonguss|Amoonguss, F|355\/431
|-damage|p2a: Amoonguss|302\/431|[from] Stealth Rock
|move|p1a: Keldeo-Resolute|Scald|p2a: Amoonguss
|-resisted|p2a: Amoonguss
|-damage|p2a: Amoonguss|183\/431
|
|-heal|p2a: Amoonguss|209\/431|[from] item: Black Sludge
|turn|20
|
|switch|p1a: Metagross|Metagross|337\/364
|-damage|p1a: Metagross|315\/364|[from] Stealth Rock
|switch|p2a: Altaria|Altaria-Mega, F|306\/349 par
|-damage|p2a: Altaria|263\/349 par|[from] Stealth Rock
|
|-heal|p1a: Metagross|337\/364|[from] item: Leftovers
|turn|21
|
|switch|p2a: Bronzong|Bronzong|338\/338
|-damage|p2a: Bronzong|317\/338|[from] Stealth Rock
|move|p1a: Metagross|Meteor Mash|p2a: Bronzong
|-resisted|p2a: Bronzong
|-damage|p2a: Bronzong|263\/338
|
|-heal|p1a: Metagross|359\/364|[from] item: Leftovers
|-heal|p2a: Bronzong|284\/338|[from] item: Leftovers
|turn|22
|
|move|p1a: Metagross|Meteor Mash|p2a: Bronzong
|-resisted|p2a: Bronzong
|-damage|p2a: Bronzong|224\/338
|move|p2a: Bronzong|Toxic|p1a: Metagross
|-fail|p1a: Metagross
|
|-heal|p1a: Metagross|364\/364|[from] item: Leftovers
|-heal|p2a: Bronzong|245\/338|[from] item: Leftovers
|turn|23
|
|move|p1a: Metagross|Meteor Mash|p2a: Bronzong
|-resisted|p2a: Bronzong
|-damage|p2a: Bronzong|183\/338
|move|p2a: Bronzong|Earthquake|p1a: Metagross
|-supereffective|p1a: Metagross
|-damage|p1a: Metagross|248\/364
|
|-heal|p1a: Metagross|270\/364|[from] item: Leftovers
|-heal|p2a: Bronzong|204\/338|[from] item: Leftovers
|turn|24
|
|move|p1a: Metagross|Meteor Mash|p2a: Bronzong
|-resisted|p2a: Bronzong
|-damage|p2a: Bronzong|144\/338
|move|p2a: Bronzong|Earthquake|p1a: Metagross
|-supereffective|p1a: Metagross
|-damage|p1a: Metagross|156\/364
|
|-heal|p1a: Metagross|178\/364|[from] item: Leftovers
|-heal|p2a: Bronzong|165\/338|[from] item: Leftovers
|turn|25
|
|move|p1a: Metagross|Meteor Mash|p2a: Bronzong
|-resisted|p2a: Bronzong
|-damage|p2a: Bronzong|102\/338
|move|p2a: Bronzong|Earthquake|p1a: Metagross
|-supereffective|p1a: Metagross
|-damage|p1a: Metagross|64\/364
|
|-heal|p1a: Metagross|86\/364|[from] item: Leftovers
|-heal|p2a: Bronzong|123\/338|[from] item: Leftovers
|turn|26
|
|switch|p1a: Zapdos|Zapdos|384\/384
|-damage|p1a: Zapdos|288\/384|[from] Stealth Rock
|-ability|p1a: Zapdos|Pressure
|move|p2a: Bronzong|Toxic|p1a: Zapdos
|-status|p1a: Zapdos|tox
|
|-heal|p1a: Zapdos|312\/384 tox|[from] item: Leftovers
|-heal|p2a: Bronzong|144\/338|[from] item: Leftovers
|-damage|p1a: Zapdos|288\/384 tox|[from] psn
|turn|27
|
|switch|p1a: Keldeo-Resolute|Keldeo-Resolute|228\/322
|-damage|p1a: Keldeo-Resolute|208\/322|[from] Stealth Rock
|switch|p2a: Landorus-Therian|Landorus-Therian, M|319\/319
|-damage|p2a: Landorus-Therian|280\/319|[from] Stealth Rock
|-ability|p2a: Landorus-Therian|Intimidate|[of] p1a: Keldeo-Resolute
|-unboost|p1a: Keldeo-Resolute|atk|1
|
|turn|28
|
|move|p2a: Landorus-Therian|U-turn|p1a: Keldeo-Resolute
|-resisted|p1a: Keldeo-Resolute
|-damage|p1a: Keldeo-Resolute|156\/322
|
|switch|p2a: Amoonguss|Amoonguss, F|352\/431
|-damage|p2a: Amoonguss|299\/431|[from] Stealth Rock
|move|p1a: Keldeo-Resolute|Scald|p2a: Amoonguss
|-resisted|p2a: Amoonguss
|-damage|p2a: Amoonguss|180\/431
|
|-heal|p2a: Amoonguss|206\/431|[from] item: Black Sludge
|turn|29
|
|switch|p1a: Metagross|Metagross|86\/364
|-damage|p1a: Metagross|64\/364|[from] Stealth Rock
|switch|p2a: Altaria|Altaria-Mega, F|263\/349 par
|-damage|p2a: Altaria|220\/349 par|[from] Stealth Rock
|
|-heal|p1a: Metagross|86\/364|[from] item: Leftovers
|turn|30
|
|switch|p2a: Starmie|Starmie|176\/323
|-damage|p2a: Starmie|136\/323|[from] Stealth Rock
|move|p1a: Metagross|Earthquake|p2a: Starmie
|-damage|p2a: Starmie|0 fnt
|faint|p2a: Starmie
|
|-heal|p1a: Metagross|108\/364|[from] item: Leftovers
|
|switch|p2a: Heatran|Heatran, F|385\/385
|-damage|p2a: Heatran|337\/385|[from] Stealth Rock
|turn|31
|
|switch|p1a: Keldeo-Resolute|Keldeo-Resolute|156\/322
|-damage|p1a: Keldeo-Resolute|136\/322|[from] Stealth Rock
|move|p2a: Heatran|Lava Plume|p1a: Keldeo-Resolute
|-crit|p1a: Keldeo-Resolute
|-resisted|p1a: Keldeo-Resolute
|-damage|p1a: Keldeo-Resolute|33\/322
|
|-heal|p2a: Heatran|361\/385|[from] item: Leftovers
|turn|32
|
|switch|p2a: Amoonguss|Amoonguss, F|349\/431
|-damage|p2a: Amoonguss|296\/431|[from] Stealth Rock
|move|p1a: Keldeo-Resolute|Hydro Pump|p2a: Amoonguss
|-resisted|p2a: Amoonguss
|-damage|p2a: Amoonguss|137\/431
|
|-heal|p2a: Amoonguss|163\/431|[from] item: Black Sludge
|turn|33
|
|move|p1a: Keldeo-Resolute|Hydro Pump|p2a: Amoonguss
|-crit|p2a: Amoonguss
|-resisted|p2a: Amoonguss
|-damage|p2a: Amoonguss|0 fnt
|faint|p2a: Amoonguss
|
|
|switch|p2a: Altaria|Altaria-Mega, F|220\/349 par
|-damage|p2a: Altaria|177\/349 par|[from] Stealth Rock
|turn|34
|
|switch|p1a: Metagross|Metagross|108\/364
|-damage|p1a: Metagross|86\/364|[from] Stealth Rock
|move|p2a: Altaria|Roost|p2a: Altaria
|-heal|p2a: Altaria|349\/349 par
|
|-heal|p1a: Metagross|108\/364|[from] item: Leftovers
|turn|35
|
|switch|p2a: Bronzong|Bronzong|144\/338
|-damage|p2a: Bronzong|123\/338|[from] Stealth Rock
|move|p1a: Metagross|Meteor Mash|p2a: Bronzong
|-resisted|p2a: Bronzong
|-damage|p2a: Bronzong|62\/338
|
|-heal|p1a: Metagross|130\/364|[from] item: Leftovers
|-heal|p2a: Bronzong|83\/338|[from] item: Leftovers
|turn|36
|
|move|p1a: Metagross|Meteor Mash|p2a: Bronzong
|-resisted|p2a: Bronzong
|-damage|p2a: Bronzong|22\/338
|-boost|p1a: Metagross|atk|1
|move|p2a: Bronzong|Earthquake|p1a: Metagross
|-supereffective|p1a: Metagross
|-damage|p1a: Metagross|24\/364
|
|-heal|p1a: Metagross|46\/364|[from] item: Leftovers
|-heal|p2a: Bronzong|43\/338|[from] item: Leftovers
|turn|37
|
|move|p1a: Metagross|Meteor Mash|p2a: Bronzong
|-resisted|p2a: Bronzong
|-damage|p2a: Bronzong|0 fnt
|-boost|p1a: Metagross|atk|1
|faint|p2a: Bronzong
|
|-heal|p1a: Metagross|68\/364|[from] item: Leftovers
|join|neekzisonfire
|c|âKratosMana|8\/8 meteor mashes used
|c|âKratosMana|8 hits
|
|switch|p2a: Heatran|Heatran, F|361\/385
|-damage|p2a: Heatran|313\/385|[from] Stealth Rock
|turn|38
|c| neekzisonfire|non mega metagross?
|c| neekzisonfire|oh
|c| neekzisonfire|mega pinsir
|c| neekzisonfire|nvm
|
|switch|p1a: Celebi|Celebi|404\/404
|-damage|p1a: Celebi|354\/404|[from] Stealth Rock
|move|p2a: Heatran|Lava Plume|p1a: Celebi
|-crit|p1a: Celebi
|-supereffective|p1a: Celebi
|-damage|p1a: Celebi|76\/404
|
|-heal|p2a: Heatran|337\/385|[from] item: Leftovers
|-heal|p1a: Celebi|101\/404|[from] item: Leftovers
|turn|39
|c| radianthero156|the heatran counter is here
|
|move|p2a: Heatran|Lava Plume|p1a: Celebi
|-supereffective|p1a: Celebi
|-damage|p1a: Celebi|0 fnt
|faint|p1a: Celebi
|
|-heal|p2a: Heatran|361\/385|[from] item: Leftovers
|c| neekzisonfire|sike
|
|switch|p1a: Pivin on a Lrayer|Donphan, M|384\/384
|-damage|p1a: Pivin on a Lrayer|360\/384|[from] Stealth Rock
|turn|40
|
|move|p2a: Heatran|Lava Plume|p1a: Pivin on a Lrayer
|-damage|p1a: Pivin on a Lrayer|197\/384
|move|p1a: Pivin on a Lrayer|Rapid Spin|p2a: Heatran
|-resisted|p2a: Heatran
|-damage|p2a: Heatran|349\/385
|-sideend|p1: Lef Deppard|Stealth Rock|[from] move: Rapid Spin|[of] p1a: Pivin on a Lrayer
|
|-heal|p2a: Heatran|373\/385|[from] item: Leftovers
|-heal|p1a: Pivin on a Lrayer|221\/384|[from] item: Leftovers
|turn|41
|
|move|p2a: Heatran|Lava Plume|p1a: Pivin on a Lrayer
|-damage|p1a: Pivin on a Lrayer|28\/384
|move|p1a: Pivin on a Lrayer|Earthquake|p2a: Heatran
|-supereffective|p2a: Heatran
|-damage|p2a: Heatran|0 fnt
|faint|p2a: Heatran
|
|-heal|p1a: Pivin on a Lrayer|52\/384|[from] item: Leftovers
|
|switch|p2a: Landorus-Therian|Landorus-Therian, M|280\/319
|-damage|p2a: Landorus-Therian|241\/319|[from] Stealth Rock
|-ability|p2a: Landorus-Therian|Intimidate|[of] p1a: Pivin on a Lrayer
|-unboost|p1a: Pivin on a Lrayer|atk|1
|turn|42
|
|move|p1a: Pivin on a Lrayer|Ice Shard|p2a: Landorus-Therian
|-supereffective|p2a: Landorus-Therian
|-damage|p2a: Landorus-Therian|89\/319
|move|p2a: Landorus-Therian|U-turn|p1a: Pivin on a Lrayer
|-damage|p1a: Pivin on a Lrayer|0 fnt
|faint|p1a: Pivin on a Lrayer
|
|switch|p2a: Altaria|Altaria-Mega, F|349\/349 par
|-damage|p2a: Altaria|306\/349 par|[from] Stealth Rock
|
|-message|KratosMana forfeited.
|
|win|Lef Deppard
|raw|Ladder updating...
|leave|KratosMana
|player|p2
|raw|Lef Deppard's rating: 1262 &rarr; <strong>1289<\/strong><br \/>(+27 for winning)
|raw|KratosMana's rating: 1283 &rarr; <strong>1257<\/strong><br \/>(-26 for losing)
|
|switch|p1a: Metagross|Metagross|68\/364
|leave|radianthero156