|join|Reverb
|join|Lef Deppard
|player|p1|Reverb|#reverb
|player|p2|Lef Deppard|240
|gametype|singles
|gen|6
|tier|ORAS OU
|rated
|rule|Sleep Clause Mod: Limit one foe put to sleep
|rule|Species Clause: Limit one of each PokÃ©mon
|rule|OHKO Clause: OHKO moves are banned
|rule|Moody Clause: Moody is banned
|rule|Evasion Moves Clause: Evasion moves are banned
|rule|Endless Battle Clause: Forcing endless battles is banned
|rule|HP Percentage Mod: HP is shown in percentages
|clearpoke
|poke|p1|Landorus-Therian, M
|poke|p1|Conkeldurr, F
|poke|p1|Magnezone
|poke|p1|Azumarill, F
|poke|p1|Salamence, M
|poke|p1|Empoleon, M
|poke|p2|Donphan, M
|poke|p2|Zapdos
|poke|p2|Pinsir, M
|poke|p2|Keldeo-Resolute
|poke|p2|Metagross
|poke|p2|Celebi
|rule|Swagger Clause: Swagger is banned
|rule|Baton Pass Clause: Limit one PokÃ©mon knowing Baton Pass
|teampreview
|join|jake5
|join|ox the fox
|join|Dragonite VII
|c| jake5|sup bon
|c|âLef Deppard|Jake wasup?
|join|Squirrelll
|c| jake5|nm 
|c| jake5|hows oras going?
|c|âLef Deppard|Not bad not bad
|c|âLef Deppard|u?
|c| Squirrelll|is that an empoleon?
|
|start
|switch|p1a: Landorus-Therian|Landorus-Therian, M|327\/327
|switch|p2a: Pour some on me|Donphan, M|384\/384
|-ability|p1a: Landorus-Therian|Intimidate|[of] p2a: Pour some on me
|-unboost|p2a: Pour some on me|atk|1
|turn|1
|c| jake5|not doing too bad myself
|c| jake5|and my team
|
|move|p2a: Pour some on me|Ice Shard|p1a: Landorus-Therian
|-supereffective|p1a: Landorus-Therian
|-damage|p1a: Landorus-Therian|175\/327
|move|p1a: Landorus-Therian|U-turn|p2a: Pour some on me
|-damage|p2a: Pour some on me|303\/384
|c| jake5|lol why did you change the nicknames
|
|switch|p1a: Empoleon|Empoleon, M|371\/371
|
|-heal|p2a: Pour some on me|327\/384|[from] item: Leftovers
|turn|2
|c|âLef Deppard|To match def leppard songs haha
|
|switch|p2a: Undefeated|Metagross|364\/364
|move|p1a: Empoleon|Scald|p2a: Undefeated
|-damage|p2a: Undefeated|243\/364
|-status|p2a: Undefeated|brn
|
|-heal|p2a: Undefeated|265\/364 brn|[from] item: Leftovers
|-damage|p2a: Undefeated|220\/364 brn|[from] brn
|turn|3
|join|LT7G Gizmo $_$
|
|switch|p2a: Love bites|Celebi|404\/404
|move|p1a: Empoleon|Stealth Rock|p2a: Love bites
|-sidestart|p2: Lef Deppard|move: Stealth Rock
|
|turn|4
|join|WhyPokemonWhy
|leave|WhyPokemonWhy
|join|WhyPokemonWhy
|
|switch|p1a: Landorus-Therian|Landorus-Therian, M|175\/327
|-ability|p1a: Landorus-Therian|Intimidate|[of] p2a: Love bites
|-unboost|p2a: Love bites|atk|1
|move|p2a: Love bites|Heal Bell|p2a: Love bites
|-cureteam|p2a: Love bites|[from] move: HealBell
|
|turn|5
|c| jake5|lel
|c| Squirrelll|this a ladder match?
|c| jake5|100% burn
|
|switch|p2a: Pour some on me|Donphan, M|327\/384
|-damage|p2a: Pour some on me|303\/384|[from] Stealth Rock
|move|p1a: Landorus-Therian|U-turn|p2a: Pour some on me
|-crit|p2a: Pour some on me
|-damage|p2a: Pour some on me|177\/384
|c| jake5|yeah
|
|switch|p1a: Azumarill|Azumarill, F|349\/349
|
|-heal|p2a: Pour some on me|201\/384|[from] item: Leftovers
|turn|6
|c|âLef Deppard|And a crit 
|join|Cienight
|c| LT7G Gizmo $_$|useless crit
|
|move|p1a: Azumarill|Play Rough|p2a: Pour some on me
|-damage|p2a: Pour some on me|0 fnt
|faint|p2a: Pour some on me
|
|
|switch|p2a: Undefeated|Metagross|220\/364
|-damage|p2a: Undefeated|198\/364|[from] Stealth Rock
|turn|7
|
|switch|p1a: Empoleon|Empoleon, M|371\/371
|move|p2a: Undefeated|Stealth Rock|p1a: Empoleon
|-sidestart|p1: Reverb|move: Stealth Rock
|
|-heal|p2a: Undefeated|220\/364|[from] item: Leftovers
|turn|8
|
|move|p2a: Undefeated|Earthquake|p1a: Empoleon
|-supereffective|p1a: Empoleon
|-damage|p1a: Empoleon|147\/371
|move|p1a: Empoleon|Scald|p2a: Undefeated
|-damage|p2a: Undefeated|109\/364
|
|-heal|p2a: Undefeated|131\/364|[from] item: Leftovers
|-heal|p1a: Empoleon|170\/371|[from] item: Leftovers
|turn|9
|
|move|p2a: Undefeated|Meteor Mash|p1a: Empoleon
|-crit|p1a: Empoleon
|-resisted|p1a: Empoleon
|-damage|p1a: Empoleon|119\/371
|move|p1a: Empoleon|Scald|p2a: Undefeated
|-damage|p2a: Undefeated|0 fnt
|faint|p2a: Undefeated
|
|-heal|p1a: Empoleon|142\/371|[from] item: Leftovers
|c|âLef Deppard|-.-
|c|âReverb|crit actually hurt you
|c|âReverb|cuz torrent
|
|switch|p2a: Photograph|Zapdos|384\/384
|-damage|p2a: Photograph|288\/384|[from] Stealth Rock
|-ability|p2a: Photograph|Pressure
|turn|10
|
|switch|p1a: Conkeldurr|Conkeldurr, F|365\/365
|-damage|p1a: Conkeldurr|343\/365|[from] Stealth Rock
|move|p2a: Photograph|Thunderbolt|p1a: Conkeldurr
|-damage|p1a: Conkeldurr|240\/365
|-status|p1a: Conkeldurr|par
|
|-heal|p2a: Photograph|312\/384|[from] item: Leftovers
|turn|11
|c| jake5|lel 
|c|âLef Deppard|Omg
|join|daftmau5
|c|âLef Deppard|NOOOOOO
|c| jake5|when you don't want hax you get it
|c|âLef Deppard|WHY
|c|âReverb|lol
|c|âReverb|oml
|c|âLef Deppard|IM IN HUGE SHIT NOW
|c| jake5|hmmmm
|c| Squirrelll|gg 
|
|switch|p2a: Armageddon it|Pinsir, M|271\/271
|-damage|p2a: Armageddon it|204\/271|[from] Stealth Rock
|move|p1a: Conkeldurr|Stone Edge|p2a: Armageddon it
|-supereffective|p2a: Armageddon it
|-damage|p2a: Armageddon it|0 fnt
|faint|p2a: Armageddon it
|
|c| jake5|probs need a free switch into pinisr
|c| jake5|zzz
|c|âLef Deppard|...
|c| jake5|i said free switch
|c| jake5|not sack
|-message|Lef Deppard forfeited.
|
|win|Reverb
|raw|Ladder updating...
|leave|Lef Deppard
|player|p2
|raw|Reverb's rating: 1589 &rarr; <strong>1608<\/strong><br \/>(+19 for winning)
|raw|Lef Deppard's rating: 1561 &rarr; <strong>1543<\/strong><br \/>(-18 for losing)
|c| daftmau5|breh even if he used ice punch