|join|Lef Deppard
|join|iplaytennislol
|player|p1|Lef Deppard|240
|player|p2|iplaytennislol|175
|gametype|singles
|gen|6
|tier|ORAS OU
|rated
|rule|Sleep Clause Mod: Limit one foe put to sleep
|rule|Species Clause: Limit one of each PokÃ©mon
|rule|OHKO Clause: OHKO moves are banned
|rule|Moody Clause: Moody is banned
|rule|Evasion Moves Clause: Evasion moves are banned
|rule|Endless Battle Clause: Forcing endless battles is banned
|rule|HP Percentage Mod: HP is shown in percentages
|clearpoke
|poke|p1|Donphan, M
|poke|p1|Zapdos
|poke|p1|Pinsir, M
|poke|p1|Keldeo-Resolute
|poke|p1|Metagross
|poke|p1|Celebi
|poke|p2|Azelf
|poke|p2|Scizor, M
|poke|p2|Diggersby, F
|poke|p2|Greninja, M
|poke|p2|Dragonite, F
|poke|p2|Latias, F
|rule|Swagger Clause: Swagger is banned
|rule|Baton Pass Clause: Limit one PokÃ©mon knowing Baton Pass
|teampreview
|
|start
|switch|p1a: Pour some on me|Donphan, M|384\/384
|switch|p2a: Azelf|Azelf|291\/291
|turn|1
|
|move|p2a: Azelf|Taunt|p1a: Pour some on me
|-start|p1a: Pour some on me|move: Taunt
|move|p1a: Pour some on me|Knock Off|p2a: Azelf
|-supereffective|p2a: Azelf
|-enditem|p2a: Azelf|Focus Sash
|-damage|p2a: Azelf|1\/291
|
|turn|2
|join|The Goomy
|
|switch|p2a: Greninja|Greninja, M|285\/285
|move|p1a: Pour some on me|Ice Shard|p2a: Greninja
|-resisted|p2a: Greninja
|-damage|p2a: Greninja|250\/285
|
|turn|3
|
|switch|p1a: Undefeated|Metagross|364\/364
|move|p2a: Greninja|Ice Beam|p1a: Undefeated
|-start|p2a: Greninja|typechange|Ice|[from] Protean
|-resisted|p1a: Undefeated
|-damage|p1a: Undefeated|263\/364
|-damage|p2a: Greninja|222\/285|[from] item: Life Orb
|
|-heal|p1a: Undefeated|285\/364|[from] item: Leftovers
|turn|4
|
|move|p1a: Undefeated|Bullet Punch|p2a: Greninja
|-supereffective|p2a: Greninja
|-damage|p2a: Greninja|0 fnt
|faint|p2a: Greninja
|
|-heal|p1a: Undefeated|307\/364|[from] item: Leftovers
|
|switch|p2a: Scizor|Scizor, M|283\/283
|turn|5
|
|detailschange|p2a: Scizor|Scizor-Mega, M
|message|Scizor has Mega Evolved into Mega Scizor!
|move|p2a: Scizor|Swords Dance|p2a: Scizor
|-boost|p2a: Scizor|atk|2
|move|p1a: Undefeated|Stealth Rock|p2a: Scizor
|-sidestart|p2: iplaytennislol|move: Stealth Rock
|
|-heal|p1a: Undefeated|329\/364|[from] item: Leftovers
|turn|6
|
|switch|p1a: Love bites|Celebi|404\/404
|move|p2a: Scizor|Swords Dance|p2a: Scizor
|-boost|p2a: Scizor|atk|2
|
|turn|7
|
|move|p2a: Scizor|Bug Bite|p1a: Love bites
|-supereffective|p1a: Love bites
|-damage|p1a: Love bites|0 fnt
|faint|p1a: Love bites
|
|
|switch|p1a: Animal|Keldeo-Resolute|322\/322
|turn|8
|
|move|p1a: Animal|Scald|p2a: Scizor
|-damage|p2a: Scizor|69\/283
|move|p2a: Scizor|Superpower|p1a: Animal
|-damage|p1a: Animal|0 fnt
|-unboost|p2a: Scizor|atk|1
|-unboost|p2a: Scizor|def|1
|faint|p1a: Animal
|
|
|switch|p1a: Armageddon it|Pinsir, M|271\/271
|turn|9
|
|detailschange|p1a: Armageddon it|Pinsir-Mega, M
|message|Pinsir has Mega Evolved into Mega Pinsir!
|move|p1a: Armageddon it|Quick Attack|p2a: Scizor
|-damage|p2a: Scizor|0 fnt
|faint|p2a: Scizor
|
|
|switch|p2a: Latias|Latias, F|301\/301
|-damage|p2a: Latias|264\/301|[from] Stealth Rock
|turn|10
|
|switch|p1a: Undefeated|Metagross|329\/364
|move|p2a: Latias|Defog|p1a: Undefeated
|-fail|p1a: Undefeated|unboost|[from] ability: Clear Body|[of] p1a: Undefeated
|-sideend|p2: iplaytennislol|Stealth Rock|[from] move: Defog|[of] p2a: Latias
|
|-heal|p1a: Undefeated|351\/364|[from] item: Leftovers
|turn|11
|
|move|p2a: Latias|Healing Wish|p2a: Latias
|faint|p2a: Latias
|move|p1a: Undefeated|Stealth Rock|p2: Latias
|-sidestart|p2: iplaytennislol|move: Stealth Rock
|
|-heal|p1a: Undefeated|364\/364|[from] item: Leftovers
|
|switch|p2a: Azelf|Azelf|1\/291
|-heal|p2a: Azelf|291\/291|[from] move: Healing Wish
|-damage|p2a: Azelf|255\/291|[from] Stealth Rock
|turn|12
|
|move|p2a: Azelf|Stealth Rock|p1a: Undefeated
|-sidestart|p1: Lef Deppard|move: Stealth Rock
|move|p1a: Undefeated|Meteor Mash|p2a: Azelf
|-damage|p2a: Azelf|0 fnt
|faint|p2a: Azelf
|
|
|switch|p2a: Diggersby|Diggersby, F|311\/311
|-damage|p2a: Diggersby|292\/311|[from] Stealth Rock
|turn|13
|
|move|p2a: Diggersby|Earthquake|p1a: Undefeated
|-supereffective|p1a: Undefeated
|-damage|p1a: Undefeated|0 fnt
|-damage|p2a: Diggersby|261\/311|[from] item: Life Orb
|faint|p1a: Undefeated
|
|
|switch|p1a: Pour some on me|Donphan, M|384\/384
|-damage|p1a: Pour some on me|360\/384|[from] Stealth Rock
|turn|14
|
|move|p2a: Diggersby|Frustration|p1a: Pour some on me
|-damage|p1a: Pour some on me|103\/384
|-damage|p2a: Diggersby|230\/311|[from] item: Life Orb
|move|p1a: Pour some on me|Rapid Spin|p2a: Diggersby
|-damage|p2a: Diggersby|199\/311
|-sideend|p1: Lef Deppard|Stealth Rock|[from] move: Rapid Spin|[of] p1a: Pour some on me
|
|-heal|p1a: Pour some on me|127\/384|[from] item: Leftovers
|turn|15
|
|move|p2a: Diggersby|Quick Attack|p1a: Pour some on me
|-damage|p1a: Pour some on me|32\/384
|-damage|p2a: Diggersby|168\/311|[from] item: Life Orb
|move|p1a: Pour some on me|Ice Shard|p2a: Diggersby
|-supereffective|p2a: Diggersby
|-damage|p2a: Diggersby|48\/311
|
|-heal|p1a: Pour some on me|56\/384|[from] item: Leftovers
|turn|16
|
|move|p2a: Diggersby|Quick Attack|p1a: Pour some on me
|-damage|p1a: Pour some on me|0 fnt
|-damage|p2a: Diggersby|17\/311|[from] item: Life Orb
|faint|p1a: Pour some on me
|
|
|switch|p1a: Armageddon it|Pinsir-Mega, M|271\/271
|turn|17
|
|move|p1a: Armageddon it|Quick Attack|p2a: Diggersby
|-damage|p2a: Diggersby|0 fnt
|faint|p2a: Diggersby
|
|c|âLef Deppard|Gg
|join|DrReuniclus387
|
|switch|p2a: Dragonite|Dragonite, F|323\/323
|-damage|p2a: Dragonite|243\/323|[from] Stealth Rock
|turn|18
|
|move|p1a: Armageddon it|Return|p2a: Dragonite
|-damage|p2a: Dragonite|0 fnt
|faint|p2a: Dragonite
|
|win|Lef Deppard
|raw|Ladder updating...
|leave|iplaytennislol
|player|p2
|leave|The Goomy
|raw|Lef Deppard's rating: 1653 &rarr; <strong>1670<\/strong><br \/>(+17 for winning)
|raw|iplaytennislol's rating: 1593 &rarr; <strong>1576<\/strong><br \/>(-17 for losing)