|join|CleanerThanRotom-W
|join|Lef Deppard
|player|p1|CleanerThanRotom-W|226
|player|p2|Lef Deppard|240
|gametype|singles
|gen|6
|tier|ORAS OU
|rated
|rule|Sleep Clause Mod: Limit one foe put to sleep
|rule|Species Clause: Limit one of each PokÃ©mon
|rule|OHKO Clause: OHKO moves are banned
|rule|Moody Clause: Moody is banned
|rule|Evasion Moves Clause: Evasion moves are banned
|rule|Endless Battle Clause: Forcing endless battles is banned
|rule|HP Percentage Mod: HP is shown in percentages
|clearpoke
|poke|p1|Sableye, F
|poke|p1|Chansey, F
|poke|p1|Cresselia, F
|poke|p1|Keldeo
|poke|p1|Skarmory, M
|poke|p1|Quagsire, M
|poke|p2|Donphan, M
|poke|p2|Salamence, F
|poke|p2|Keldeo-Resolute
|poke|p2|Zapdos
|poke|p2|Jirachi
|poke|p2|Breloom, M
|rule|Swagger Clause: Swagger is banned
|rule|Baton Pass Clause: Limit one PokÃ©mon knowing Baton Pass
|teampreview
|join|i came from hw:(
|
|start
|switch|p1a: Chansey|Chansey, F|703\/703
|switch|p2a: Salamence|Salamence, F|331\/331
|-ability|p2a: Salamence|Intimidate|[of] p1a: Chansey
|-unboost|p1a: Chansey|atk|1
|turn|1
|
|switch|p2a: Breloom|Breloom, M|323\/323
|move|p1a: Chansey|Stealth Rock|p2a: Breloom
|-sidestart|p2: Lef Deppard|move: Stealth Rock
|
|-status|p2a: Breloom|tox|[from] item: Toxic Orb
|turn|2
|
|switch|p1a: Cresselia|Cresselia, F|444\/444
|move|p2a: Breloom|Leech Seed|p1a: Cresselia
|-start|p1a: Cresselia|move: Leech Seed
|
|-damage|p1a: Cresselia|389\/444|[from] Leech Seed|[of] p2a: Breloom
|turn|3
|c| i came from hw:(|predicted
|
|move|p1a: Cresselia|Skill Swap|p2a: Breloom
|-activate|p1a: Cresselia|move: Skill Swap|Poison Heal|Levitate|[of] p2a: Breloom
|move|p2a: Breloom|Spore|p1a: Cresselia
|-status|p1a: Cresselia|slp
|
|-heal|p1a: Cresselia|416\/444 slp|[from] item: Leftovers
|-damage|p1a: Cresselia|361\/444 slp|[from] Leech Seed|[of] p2a: Breloom
|-damage|p2a: Breloom|283\/323 tox|[from] psn
|turn|4
|
|switch|p1a: Skarmory|Skarmory, M|334\/334
|switch|p2a: Jirachi|Jirachi|404\/404
|-damage|p2a: Jirachi|379\/404|[from] Stealth Rock
|
|-heal|p2a: Jirachi|404\/404|[from] item: Leftovers
|turn|5
|join|RU Hungry
|c|âLef Deppard|Wtf lol
|
|move|p2a: Jirachi|Stealth Rock|p1a: Skarmory
|-sidestart|p1: CleanerThanRotom-W|move: Stealth Rock
|move|p1a: Skarmory|Spikes|p2a: Jirachi
|-sidestart|p2: Lef Deppard|Spikes
|
|turn|6
|
|switch|p2a: Pivin on a Lrayer|Donphan, M|384\/384
|-damage|p2a: Pivin on a Lrayer|360\/384|[from] Stealth Rock
|-damage|p2a: Pivin on a Lrayer|312\/384|[from] Spikes
|move|p1a: Skarmory|Spikes|p2a: Pivin on a Lrayer
|-sidestart|p2: Lef Deppard|Spikes
|
|-heal|p2a: Pivin on a Lrayer|336\/384|[from] item: Leftovers
|turn|7
|join|Edwardo M
|
|switch|p1a: Sableye|Sableye, F|303\/303
|-damage|p1a: Sableye|266\/303|[from] Stealth Rock
|move|p2a: Pivin on a Lrayer|Rapid Spin|p1a: Sableye
|-immune|p1a: Sableye|[msg]
|
|-heal|p2a: Pivin on a Lrayer|360\/384|[from] item: Leftovers
|turn|8
|join|tele strikes back
|
|switch|p2a: Breloom|Breloom, M|283\/323 tox
|-damage|p2a: Breloom|230\/323 tox|[from] Spikes
|-damage|p2a: Breloom|210\/323 tox|[from] Stealth Rock
|move|p1a: Sableye|Will-O-Wisp|p2a: Breloom
|-fail|p2a: Breloom
|
|-heal|p2a: Breloom|250\/323 tox|[from] ability: Poison Heal
|turn|9
|
|move|p1a: Sableye|Taunt|p2a: Breloom
|-start|p2a: Breloom|move: Taunt
|cant|p2a: Breloom|move: Taunt|Substitute
|
|-heal|p2a: Breloom|290\/323 tox|[from] ability: Poison Heal
|turn|10
|
|-singleturn|p2a: Breloom|move: Focus Punch
|switch|p1a: Skarmory|Skarmory, M|334\/334
|-damage|p1a: Skarmory|293\/334|[from] Stealth Rock
|move|p2a: Breloom|Focus Punch|p1a: Skarmory
|-damage|p1a: Skarmory|167\/334
|
|-heal|p2a: Breloom|323\/323 tox|[from] ability: Poison Heal
|turn|11
|
|switch|p2a: Pivin on a Lrayer|Donphan, M|360\/384
|-damage|p2a: Pivin on a Lrayer|336\/384|[from] Stealth Rock
|-damage|p2a: Pivin on a Lrayer|272\/384|[from] Spikes
|move|p1a: Skarmory|Roost|p1a: Skarmory
|-heal|p1a: Skarmory|334\/334
|
|-heal|p2a: Pivin on a Lrayer|296\/384|[from] item: Leftovers
|turn|12
|
|switch|p1a: Sableye|Sableye, F|266\/303
|-damage|p1a: Sableye|229\/303|[from] Stealth Rock
|move|p2a: Pivin on a Lrayer|Earthquake|p1a: Sableye
|-damage|p1a: Sableye|0 fnt
|faint|p1a: Sableye
|
|-heal|p2a: Pivin on a Lrayer|320\/384|[from] item: Leftovers
|c| tele strikes back|wow
|c| tele strikes back|strong
|c|âCleanerThanRotom-W|thats adamant
|c|âCleanerThanRotom-W|max atk
|c|âLef Deppard|U bet
|c| tele strikes back|what about cb?
|c| tele strikes back|lol
|c|âCleanerThanRotom-W|didnt expect that tbh
|
|switch|p1a: Keldeo|Keldeo|323\/323
|-damage|p1a: Keldeo|303\/323|[from] Stealth Rock
|turn|13
|c|âCleanerThanRotom-W|banded spin
|c|âCleanerThanRotom-W|lol
|
|switch|p2a: Jirachi|Jirachi|404\/404
|-damage|p2a: Jirachi|337\/404|[from] Spikes
|-damage|p2a: Jirachi|312\/404|[from] Stealth Rock
|move|p1a: Keldeo|Scald|p2a: Jirachi
|-damage|p2a: Jirachi|210\/404
|
|-heal|p1a: Keldeo|323\/323|[from] item: Leftovers
|-heal|p2a: Jirachi|235\/404|[from] item: Leftovers
|turn|14
|join|Chillingtilnoon
|
|move|p1a: Keldeo|Scald|p2a: Jirachi
|-damage|p2a: Jirachi|138\/404
|move|p2a: Jirachi|Wish|p2a: Jirachi
|
|-heal|p2a: Jirachi|163\/404|[from] item: Leftovers
|turn|15
|
|switch|p2a: Salamence|Salamence, F|331\/331
|-damage|p2a: Salamence|249\/331|[from] Stealth Rock
|-ability|p2a: Salamence|Intimidate|[of] p1a: Keldeo
|-unboost|p1a: Keldeo|atk|1
|move|p1a: Keldeo|Scald|p2a: Salamence
|-resisted|p2a: Salamence
|-damage|p2a: Salamence|161\/331
|
|-heal|p2a: Salamence|331\/331|[from] move: Wish|[wisher] Jirachi
|turn|16
|c| tele strikes back|omg banded donphan
|c|âCleanerThanRotom-W|haha no
|c|âCleanerThanRotom-W|he has lefties
|c| tele strikes back|ah okey
|
|detailschange|p2a: Salamence|Salamence-Mega, F
|message|Salamence has Mega Evolved into Mega Salamence!
|move|p1a: Keldeo|Hidden Power|p2a: Salamence
|-supereffective|p2a: Salamence
|-damage|p2a: Salamence|0 fnt
|faint|p2a: Salamence
|
|c|âLef Deppard|I'm not that crazy haha
|
|switch|p2a: Zapdos|Zapdos|384\/384
|-damage|p2a: Zapdos|288\/384|[from] Stealth Rock
|-ability|p2a: Zapdos|Pressure
|turn|17
|c|âCleanerThanRotom-W|phew, and i thought i needed my burning sablyey
|c|âCleanerThanRotom-W|lol
|
|switch|p1a: Quagsire|Quagsire, M|393\/393
|-damage|p1a: Quagsire|369\/393|[from] Stealth Rock
|switch|p2a: Pivin on a Lrayer|Donphan, M|320\/384
|-damage|p2a: Pivin on a Lrayer|256\/384|[from] Spikes
|-damage|p2a: Pivin on a Lrayer|232\/384|[from] Stealth Rock
|
|-heal|p2a: Pivin on a Lrayer|256\/384|[from] item: Leftovers
|-heal|p1a: Quagsire|393\/393|[from] item: Leftovers
|turn|18
|c|âLef Deppard|Surprised it killed though
|c|âCleanerThanRotom-W|yea me too kinda
|c|âCleanerThanRotom-W|tbh mence needs to be banned anyways
|c|âCleanerThanRotom-W|there arent many safe switch ins
|c|âLef Deppard|U think?
|c|âCleanerThanRotom-W|yup
|
|move|p2a: Pivin on a Lrayer|Rapid Spin|p1a: Quagsire
|-damage|p1a: Quagsire|373\/393
|-sideend|p2: Lef Deppard|Spikes|[from] move: Rapid Spin|[of] p2a: Pivin on a Lrayer
|-sideend|p2: Lef Deppard|Stealth Rock|[from] move: Rapid Spin|[of] p2a: Pivin on a Lrayer
|move|p1a: Quagsire|Scald|p2a: Pivin on a Lrayer
|-supereffective|p2a: Pivin on a Lrayer
|-damage|p2a: Pivin on a Lrayer|46\/384
|
|-heal|p2a: Pivin on a Lrayer|70\/384|[from] item: Leftovers
|-heal|p1a: Quagsire|393\/393|[from] item: Leftovers
|turn|19
|c|âLef Deppard|lando t, slowbro...
|
|switch|p2a: Breloom|Breloom, M|323\/323 tox
|move|p1a: Quagsire|Scald|p2a: Breloom
|-resisted|p2a: Breloom
|-damage|p2a: Breloom|270\/323 tox
|
|-heal|p2a: Breloom|310\/323 tox|[from] ability: Poison Heal
|turn|20
|c|âCleanerThanRotom-W|haha no
|c|âCleanerThanRotom-W|sub dd
|c|âCleanerThanRotom-W|gg
|c|âLef Deppard|True
|c| tele strikes back|no one uses sub
|
|switch|p1a: Skarmory|Skarmory, M|334\/334
|-damage|p1a: Skarmory|293\/334|[from] Stealth Rock
|move|p2a: Breloom|Substitute|p2a: Breloom
|-start|p2a: Breloom|Substitute
|-damage|p2a: Breloom|230\/323 tox
|
|-heal|p2a: Breloom|270\/323 tox|[from] ability: Poison Heal
|turn|21
|c|âCleanerThanRotom-W|lol tele
|c|âLef Deppard|Ud be surprised
|c|âCleanerThanRotom-W|ive seen so many mono attack mence
|c|âCleanerThanRotom-W|with dd rost sub
|
|move|p1a: Skarmory|Spikes|p2a: Breloom
|-sidestart|p2: Lef Deppard|Spikes
|move|p2a: Breloom|Leech Seed|p1a: Skarmory
|-start|p1a: Skarmory|move: Leech Seed
|
|-damage|p1a: Skarmory|252\/334|[from] Leech Seed|[of] p2a: Breloom
|-heal|p2a: Breloom|311\/323 tox|[silent]
|-heal|p2a: Breloom|323\/323 tox|[from] ability: Poison Heal
|turn|22
|c| tele strikes back|0o
|
|-singleturn|p2a: Breloom|move: Focus Punch
|switch|p1a: Cresselia|Cresselia, F|361\/444 slp
|-damage|p1a: Cresselia|306\/444 slp|[from] Stealth Rock
|move|p2a: Breloom|Focus Punch|p1a: Cresselia
|-resisted|p1a: Cresselia
|-damage|p1a: Cresselia|213\/444 slp
|
|-heal|p1a: Cresselia|240\/444 slp|[from] item: Leftovers
|turn|23
|
|switch|p1a: Keldeo|Keldeo|323\/323
|-damage|p1a: Keldeo|303\/323|[from] Stealth Rock
|move|p2a: Breloom|Leech Seed|p1a: Keldeo
|-start|p1a: Keldeo|move: Leech Seed
|
|-heal|p1a: Keldeo|323\/323|[from] item: Leftovers
|-damage|p1a: Keldeo|283\/323|[from] Leech Seed|[of] p2a: Breloom
|turn|24
|
|-singleturn|p2a: Breloom|move: Focus Punch
|move|p1a: Keldeo|Hidden Power|p2a: Breloom
|-supereffective|p2a: Breloom
|-end|p2a: Breloom|Substitute
|move|p2a: Breloom|Focus Punch|p1a: Keldeo
|-damage|p1a: Keldeo|45\/323
|
|-heal|p1a: Keldeo|65\/323|[from] item: Leftovers
|-damage|p1a: Keldeo|25\/323|[from] Leech Seed|[of] p2a: Breloom
|turn|25
|
|switch|p1a: Skarmory|Skarmory, M|252\/334
|-damage|p1a: Skarmory|211\/334|[from] Stealth Rock
|move|p2a: Breloom|Leech Seed|p1a: Skarmory
|-start|p1a: Skarmory|move: Leech Seed
|
|-damage|p1a: Skarmory|170\/334|[from] Leech Seed|[of] p2a: Breloom
|turn|26
|
|switch|p2a: Keldeo-Resolute|Keldeo-Resolute|322\/322
|-damage|p2a: Keldeo-Resolute|282\/322|[from] Spikes
|move|p1a: Skarmory|Roost|p1a: Skarmory
|-heal|p1a: Skarmory|334\/334
|
|-damage|p1a: Skarmory|293\/334|[from] Leech Seed|[of] p2a: Keldeo-Resolute
|-heal|p2a: Keldeo-Resolute|322\/322|[silent]
|turn|27
|c|âCleanerThanRotom-W|this thing is annoying
|
|switch|p1a: Cresselia|Cresselia, F|240\/444 slp
|-damage|p1a: Cresselia|185\/444 slp|[from] Stealth Rock
|move|p2a: Keldeo-Resolute|Scald|p1a: Cresselia
|-damage|p1a: Cresselia|61\/444 slp
|
|-heal|p1a: Cresselia|88\/444 slp|[from] item: Leftovers
|turn|28
|
|switch|p1a: Chansey|Chansey, F|703\/703
|-damage|p1a: Chansey|616\/703|[from] Stealth Rock
|move|p2a: Keldeo-Resolute|Scald|p1a: Chansey
|-crit|p1a: Chansey
|-damage|p1a: Chansey|399\/703
|
|turn|29
|
|switch|p2a: Breloom|Breloom, M|323\/323 tox
|-damage|p2a: Breloom|283\/323 tox|[from] Spikes
|move|p1a: Chansey|Stealth Rock|p2a: Breloom
|-sidestart|p2: Lef Deppard|move: Stealth Rock
|
|-heal|p2a: Breloom|323\/323 tox|[from] ability: Poison Heal
|turn|30
|leave|Edwardo M
|
|-singleturn|p2a: Breloom|move: Focus Punch
|switch|p1a: Keldeo|Keldeo|25\/323
|-damage|p1a: Keldeo|5\/323|[from] Stealth Rock
|move|p2a: Breloom|Focus Punch|p1a: Keldeo
|-damage|p1a: Keldeo|0 fnt
|faint|p1a: Keldeo
|
|
|switch|p1a: Skarmory|Skarmory, M|293\/334
|-damage|p1a: Skarmory|252\/334|[from] Stealth Rock
|turn|31
|c| tele strikes back|is breloom good vs stall=
|c|âCleanerThanRotom-W|only with poison heal imo
|
|switch|p2a: Pivin on a Lrayer|Donphan, M|70\/384
|-damage|p2a: Pivin on a Lrayer|22\/384|[from] Spikes
|-damage|p2a: Pivin on a Lrayer|0 fnt|[from] Stealth Rock
|faint|p2a: Pivin on a Lrayer
|move|p1a: Skarmory|Brave Bird|p2: Pivin on a Lrayer|[notarget]
|-notarget
|
|
|switch|p2a: Keldeo-Resolute|Keldeo-Resolute|322\/322
|-damage|p2a: Keldeo-Resolute|282\/322|[from] Spikes
|-damage|p2a: Keldeo-Resolute|262\/322|[from] Stealth Rock
|turn|32
|c|âCleanerThanRotom-W|+i lost sablye
|c|âCleanerThanRotom-W|which was a hardcounter
|join|Edwardo M
|
|switch|p1a: Quagsire|Quagsire, M|393\/393
|-damage|p1a: Quagsire|369\/393|[from] Stealth Rock
|move|p2a: Keldeo-Resolute|Secret Sword|p1a: Quagsire
|-damage|p1a: Quagsire|188\/393
|
|-heal|p1a: Quagsire|212\/393|[from] item: Leftovers
|turn|33
|
|switch|p2a: Breloom|Breloom, M|323\/323 tox
|-damage|p2a: Breloom|283\/323 tox|[from] Spikes
|-damage|p2a: Breloom|263\/323 tox|[from] Stealth Rock
|move|p1a: Quagsire|Recover|p1a: Quagsire
|-heal|p1a: Quagsire|393\/393
|
|-heal|p2a: Breloom|303\/323 tox|[from] ability: Poison Heal
|turn|34
|join|The Goomy
|
|switch|p1a: Skarmory|Skarmory, M|252\/334
|-damage|p1a: Skarmory|211\/334|[from] Stealth Rock
|move|p2a: Breloom|Substitute|p2a: Breloom
|-start|p2a: Breloom|Substitute
|-damage|p2a: Breloom|223\/323 tox
|
|-heal|p2a: Breloom|263\/323 tox|[from] ability: Poison Heal
|turn|35
|
|move|p2a: Breloom|Leech Seed|p1a: Skarmory
|-start|p1a: Skarmory|move: Leech Seed
|move|p1a: Skarmory|Whirlwind|p2a: Breloom
|drag|p2a: Jirachi|Jirachi|163\/404
|-damage|p2a: Jirachi|138\/404|[from] Stealth Rock
|-damage|p2a: Jirachi|88\/404|[from] Spikes
|
|-heal|p2a: Jirachi|113\/404|[from] item: Leftovers
|-damage|p1a: Skarmory|170\/334|[from] Leech Seed|[of] p2a: Jirachi
|-heal|p2a: Jirachi|154\/404|[silent]
|turn|36
|
|move|p2a: Jirachi|Iron Head|p1a: Skarmory
|-resisted|p1a: Skarmory
|-damage|p1a: Skarmory|141\/334
|move|p1a: Skarmory|Roost|p1a: Skarmory
|-heal|p1a: Skarmory|308\/334
|
|-heal|p2a: Jirachi|179\/404|[from] item: Leftovers
|-damage|p1a: Skarmory|267\/334|[from] Leech Seed|[of] p2a: Jirachi
|-heal|p2a: Jirachi|220\/404|[silent]
|turn|37
|
|switch|p1a: Quagsire|Quagsire, M|393\/393
|-damage|p1a: Quagsire|369\/393|[from] Stealth Rock
|move|p2a: Jirachi|Wish|p2a: Jirachi
|
|-heal|p2a: Jirachi|245\/404|[from] item: Leftovers
|-heal|p1a: Quagsire|393\/393|[from] item: Leftovers
|turn|38
|
|switch|p2a: Breloom|Breloom, M|263\/323 tox
|-damage|p2a: Breloom|223\/323 tox|[from] Spikes
|-damage|p2a: Breloom|203\/323 tox|[from] Stealth Rock
|switch|p1a: Skarmory|Skarmory, M|267\/334
|-damage|p1a: Skarmory|226\/334|[from] Stealth Rock
|
|-heal|p2a: Breloom|323\/323 tox|[from] move: Wish|[wisher] Jirachi
|turn|39
|
|switch|p2a: Zapdos|Zapdos|288\/384
|-damage|p2a: Zapdos|192\/384|[from] Stealth Rock
|-ability|p2a: Zapdos|Pressure
|move|p1a: Skarmory|Brave Bird|p2a: Zapdos
|-resisted|p2a: Zapdos
|-damage|p2a: Zapdos|120\/384
|-damage|p1a: Skarmory|202\/334|[from] recoil|[of] p2a: Zapdos
|
|-heal|p2a: Zapdos|144\/384|[from] item: Leftovers
|turn|40
|
|switch|p2a: Keldeo-Resolute|Keldeo-Resolute|262\/322
|-damage|p2a: Keldeo-Resolute|242\/322|[from] Stealth Rock
|-damage|p2a: Keldeo-Resolute|202\/322|[from] Spikes
|switch|p1a: Chansey|Chansey, F|399\/703
|-damage|p1a: Chansey|312\/703|[from] Stealth Rock
|
|turn|41
|
|move|p2a: Keldeo-Resolute|Secret Sword|p1a: Chansey
|-supereffective|p1a: Chansey
|-damage|p1a: Chansey|0 fnt
|faint|p1a: Chansey
|
|
|switch|p1a: Skarmory|Skarmory, M|202\/334
|-damage|p1a: Skarmory|161\/334|[from] Stealth Rock
|turn|42
|
|move|p2a: Keldeo-Resolute|Secret Sword|p1a: Skarmory
|-damage|p1a: Skarmory|22\/334
|move|p1a: Skarmory|Roost|p1a: Skarmory
|-heal|p1a: Skarmory|189\/334
|
|turn|43
|
|switch|p2a: Zapdos|Zapdos|144\/384
|-damage|p2a: Zapdos|48\/384|[from] Stealth Rock
|-ability|p2a: Zapdos|Pressure
|move|p1a: Skarmory|Roost|p1a: Skarmory
|-heal|p1a: Skarmory|334\/334
|
|-heal|p2a: Zapdos|72\/384|[from] item: Leftovers
|turn|44
|
|switch|p1a: Quagsire|Quagsire, M|393\/393
|-damage|p1a: Quagsire|369\/393|[from] Stealth Rock
|move|p2a: Zapdos|Roost|p2a: Zapdos
|-heal|p2a: Zapdos|264\/384
|
|-heal|p2a: Zapdos|288\/384|[from] item: Leftovers
|-heal|p1a: Quagsire|393\/393|[from] item: Leftovers
|turn|45
|
|switch|p2a: Breloom|Breloom, M|323\/323 tox
|-damage|p2a: Breloom|303\/323 tox|[from] Stealth Rock
|-damage|p2a: Breloom|263\/323 tox|[from] Spikes
|switch|p1a: Skarmory|Skarmory, M|334\/334
|-damage|p1a: Skarmory|293\/334|[from] Stealth Rock
|
|-heal|p2a: Breloom|303\/323 tox|[from] ability: Poison Heal
|turn|46
|join|runaway2
|
|switch|p2a: Zapdos|Zapdos|288\/384
|-damage|p2a: Zapdos|192\/384|[from] Stealth Rock
|-ability|p2a: Zapdos|Pressure
|move|p1a: Skarmory|Whirlwind|p2a: Zapdos
|drag|p2a: Breloom|Breloom, M|303\/323 tox
|-damage|p2a: Breloom|263\/323 tox|[from] Spikes
|-damage|p2a: Breloom|243\/323 tox|[from] Stealth Rock
|
|-heal|p2a: Breloom|283\/323 tox|[from] ability: Poison Heal
|turn|47
|leave|runaway2
|
|move|p1a: Skarmory|Brave Bird|p2a: Breloom
|-supereffective|p2a: Breloom
|-damage|p2a: Breloom|0 fnt
|-damage|p1a: Skarmory|200\/334|[from] recoil|[of] p2a: Breloom
|faint|p2a: Breloom
|
|
|switch|p2a: Keldeo-Resolute|Keldeo-Resolute|202\/322
|-damage|p2a: Keldeo-Resolute|162\/322|[from] Spikes
|-damage|p2a: Keldeo-Resolute|142\/322|[from] Stealth Rock
|turn|48
|
|move|p2a: Keldeo-Resolute|Scald|p1a: Skarmory
|-damage|p1a: Skarmory|0 fnt
|faint|p1a: Skarmory
|
|
|switch|p1a: Quagsire|Quagsire, M|393\/393
|-damage|p1a: Quagsire|369\/393|[from] Stealth Rock
|turn|49
|
|move|p2a: Keldeo-Resolute|Scald|p1a: Quagsire
|-damage|p1a: Quagsire|96\/393
|-status|p1a: Quagsire|brn
|move|p1a: Quagsire|Earthquake|p2a: Keldeo-Resolute
|-damage|p2a: Keldeo-Resolute|87\/322
|
|-heal|p1a: Quagsire|120\/393 brn|[from] item: Leftovers
|-damage|p1a: Quagsire|71\/393 brn|[from] brn
|turn|50
|-message|CleanerThanRotom-W forfeited.
|
|win|Lef Deppard
|raw|Ladder updating...
|raw|CleanerThanRotom-W's rating: 1599 &rarr; <strong>1572<\/strong><br \/>(-27 for losing)
|raw|Lef Deppard's rating: 1471 &rarr; <strong>1498<\/strong><br \/>(+27 for winning)
|c|âLef Deppard|Gg man
|leave|CleanerThanRotom-W
|player|p1
|leave|tele strikes back
|leave|i came from hw:(