|join|Lef Deppard
|join|doublade45
|player|p1|Lef Deppard|240
|player|p2|doublade45|2
|gametype|singles
|gen|6
|tier|OU
|rated
|clearpoke
|poke|p1|Donphan, M
|poke|p1|Zapdos
|poke|p1|Pinsir, M
|poke|p1|Keldeo-Resolute
|poke|p1|Metagross
|poke|p1|Celebi
|poke|p2|Altaria, M
|poke|p2|Greninja, F
|poke|p2|Landorus-Therian, M
|poke|p2|Gastrodon, F
|poke|p2|Heatran, M
|poke|p2|Mew
|rule|Swagger Clause: Swagger is banned
|rule|Baton Pass Clause: Limit one PokÃ©mon knowing Baton Pass
|rule|Sleep Clause Mod: Limit one foe put to sleep
|rule|Species Clause: Limit one of each PokÃ©mon
|rule|OHKO Clause: OHKO moves are banned
|rule|Moody Clause: Moody is banned
|rule|Evasion Moves Clause: Evasion moves are banned
|rule|Endless Battle Clause: Forcing endless battles is banned
|rule|HP Percentage Mod: HP is shown in percentages
|teampreview
|
|start
|switch|p1a: Animal|Keldeo-Resolute|322\/322
|switch|p2a: Mew|Mew|404\/404
|turn|1
|
|move|p1a: Animal|Scald|p2a: Mew
|-damage|p2a: Mew|227\/404
|move|p2a: Mew|Knock Off|p1a: Animal
|-resisted|p1a: Animal
|-damage|p1a: Animal|282\/322
|-boost|p1a: Animal|atk|1|[from] ability: Justified
|-enditem|p1a: Animal|Choice Specs|[from] move: Knock Off|[of] p2a: Mew
|
|-heal|p2a: Mew|252\/404|[from] item: Leftovers
|turn|2
|
|move|p1a: Animal|Scald|p2a: Mew
|-damage|p2a: Mew|135\/404
|move|p2a: Mew|Roost|p2a: Mew
|-heal|p2a: Mew|337\/404
|
|-heal|p2a: Mew|362\/404|[from] item: Leftovers
|turn|3
|
|move|p1a: Animal|Scald|p2a: Mew
|-damage|p2a: Mew|251\/404
|move|p2a: Mew|Will-O-Wisp|p1a: Animal
|-status|p1a: Animal|brn
|
|-heal|p2a: Mew|276\/404|[from] item: Leftovers
|-damage|p1a: Animal|242\/322 brn|[from] brn
|turn|4
|
|move|p1a: Animal|Scald|p2a: Mew
|-damage|p2a: Mew|165\/404
|move|p2a: Mew|Roost|p2a: Mew
|-heal|p2a: Mew|367\/404
|
|-heal|p2a: Mew|392\/404|[from] item: Leftovers
|-damage|p1a: Animal|202\/322 brn|[from] brn
|turn|5
|
|switch|p1a: Pour some on me|Donphan, M|384\/384
|switch|p2a: Gastrodon|Gastrodon, F|426\/426
|
|turn|6
|
|move|p1a: Pour some on me|Knock Off|p2a: Gastrodon
|-damage|p2a: Gastrodon|300\/426
|-enditem|p2a: Gastrodon|Leftovers|[from] move: Knock Off|[of] p1a: Pour some on me
|move|p2a: Gastrodon|Scald|p1a: Pour some on me
|-supereffective|p1a: Pour some on me
|-damage|p1a: Pour some on me|126\/384
|
|-heal|p1a: Pour some on me|150\/384|[from] item: Leftovers
|turn|7
|
|switch|p1a: Love bites|Celebi|404\/404
|move|p2a: Gastrodon|Recover|p2a: Gastrodon
|-heal|p2a: Gastrodon|426\/426
|
|turn|8
|
|switch|p2a: Heatran|Heatran, M|386\/386
|move|p1a: Love bites|Thunder Wave|p2a: Heatran
|-status|p2a: Heatran|par
|
|turn|9
|
|move|p1a: Love bites|Heal Bell|p1a: Love bites
|-cureteam|p1a: Love bites|[from] move: HealBell
|cant|p2a: Heatran|par
|
|turn|10
|
|switch|p1a: Animal|Keldeo-Resolute|202\/322
|move|p2a: Heatran|Stealth Rock|p1a: Animal
|-sidestart|p1: Lef Deppard|move: Stealth Rock
|
|turn|11
|
|switch|p2a: Altaria|Altaria, M|351\/351
|move|p1a: Animal|Icy Wind|p2a: Altaria
|-supereffective|p2a: Altaria
|-damage|p2a: Altaria|83\/351
|-unboost|p2a: Altaria|spe|1
|
|turn|12
|
|switch|p2a: Gastrodon|Gastrodon, F|426\/426
|move|p1a: Animal|Icy Wind|p2a: Gastrodon
|-damage|p2a: Gastrodon|357\/426
|-unboost|p2a: Gastrodon|spe|1
|
|turn|13
|
|switch|p2a: Altaria|Altaria, M|83\/351
|move|p1a: Animal|Secret Sword|p2a: Altaria
|-resisted|p2a: Altaria
|-damage|p2a: Altaria|15\/351
|
|turn|14
|
|switch|p2a: Mew|Mew|392\/404
|move|p1a: Animal|Secret Sword|p2a: Mew
|-resisted|p2a: Mew
|-damage|p2a: Mew|318\/404
|
|-heal|p2a: Mew|343\/404|[from] item: Leftovers
|turn|15
|
|move|p1a: Animal|Scald|p2a: Mew
|-damage|p2a: Mew|234\/404
|-status|p2a: Mew|brn
|-status|p1a: Animal|brn
|move|p2a: Mew|Will-O-Wisp|p1a: Animal|[miss]
|-miss|p2a: Mew|p1a: Animal
|
|-heal|p2a: Mew|259\/404 brn|[from] item: Leftovers
|-damage|p1a: Animal|162\/322 brn|[from] brn
|-damage|p2a: Mew|209\/404 brn|[from] brn
|turn|16
|
|switch|p1a: Pour some on me|Donphan, M|150\/384
|-damage|p1a: Pour some on me|126\/384|[from] Stealth Rock
|move|p2a: Mew|Roost|p2a: Mew
|-heal|p2a: Mew|404\/404 brn
|
|-heal|p1a: Pour some on me|150\/384|[from] item: Leftovers
|-damage|p2a: Mew|354\/404 brn|[from] brn
|turn|17
|
|switch|p2a: Greninja|Greninja, F|285\/285
|move|p1a: Pour some on me|Rapid Spin|p2a: Greninja
|-damage|p2a: Greninja|251\/285
|-sideend|p1: Lef Deppard|Stealth Rock|[from] move: Rapid Spin|[of] p1a: Pour some on me
|
|-heal|p1a: Pour some on me|174\/384|[from] item: Leftovers
|turn|18
|
|switch|p1a: Undefeated|Metagross|364\/364
|move|p2a: Greninja|Dark Pulse|p1a: Undefeated
|-start|p2a: Greninja|typechange|Dark|[from] Protean
|-supereffective|p1a: Undefeated
|-damage|p1a: Undefeated|21\/364
|-damage|p2a: Greninja|223\/285|[from] item: Life Orb
|
|-heal|p1a: Undefeated|43\/364|[from] item: Leftovers
|turn|19
|
|switch|p2a: Landorus-Therian|Landorus-Therian, M|319\/319
|-ability|p2a: Landorus-Therian|Intimidate|[of] p1a: Undefeated
|-fail|p1a: Undefeated|unboost|[from] ability: Clear Body|[of] p1a: Undefeated
|move|p1a: Undefeated|Bullet Punch|p2a: Landorus-Therian
|-damage|p2a: Landorus-Therian|225\/319
|
|-heal|p1a: Undefeated|65\/364|[from] item: Leftovers
|turn|20
|
|switch|p1a: Photograph|Zapdos|384\/384
|-ability|p1a: Photograph|Pressure
|move|p2a: Landorus-Therian|U-turn|p1a: Photograph
|-resisted|p1a: Photograph
|-damage|p1a: Photograph|335\/384
|
|switch|p2a: Greninja|Greninja, F|223\/285
|
|-heal|p1a: Photograph|359\/384|[from] item: Leftovers
|turn|21
|
|move|p2a: Greninja|Ice Beam|p1a: Photograph
|-start|p2a: Greninja|typechange|Ice|[from] Protean
|-supereffective|p1a: Photograph
|-damage|p1a: Photograph|78\/384
|-damage|p2a: Greninja|195\/285|[from] item: Life Orb
|move|p1a: Photograph|Heat Wave|p2a: Greninja
|-supereffective|p2a: Greninja
|-damage|p2a: Greninja|0 fnt
|faint|p2a: Greninja
|
|-heal|p1a: Photograph|102\/384|[from] item: Leftovers
|
|switch|p2a: Landorus-Therian|Landorus-Therian, M|225\/319
|-ability|p2a: Landorus-Therian|Intimidate|[of] p1a: Photograph
|-unboost|p1a: Photograph|atk|1
|turn|22
|
|switch|p1a: Pour some on me|Donphan, M|174\/384
|move|p2a: Landorus-Therian|U-turn|p1a: Pour some on me
|-damage|p1a: Pour some on me|96\/384
|
|switch|p2a: Gastrodon|Gastrodon, F|357\/426
|
|-heal|p1a: Pour some on me|120\/384|[from] item: Leftovers
|turn|23
|
|switch|p1a: Love bites|Celebi|404\/404
|move|p2a: Gastrodon|Scald|p1a: Love bites
|-resisted|p1a: Love bites
|-damage|p1a: Love bites|373\/404
|
|-heal|p1a: Love bites|398\/404|[from] item: Leftovers
|turn|24
|
|move|p1a: Love bites|Heal Bell|p1a: Love bites
|-cureteam|p1a: Love bites|[from] move: HealBell
|move|p2a: Gastrodon|Scald|p1a: Love bites
|-resisted|p1a: Love bites
|-damage|p1a: Love bites|365\/404
|
|-heal|p1a: Love bites|390\/404|[from] item: Leftovers
|turn|25
|
|switch|p2a: Heatran|Heatran, M|386\/386 par
|move|p1a: Love bites|Giga Drain|p2a: Heatran
|-resisted|p2a: Heatran
|-damage|p2a: Heatran|367\/386 par
|-heal|p1a: Love bites|400\/404|[from] drain|[of] p2a: Heatran
|
|-heal|p1a: Love bites|404\/404|[from] item: Leftovers
|-heal|p2a: Heatran|386\/386 par|[from] item: Leftovers
|turn|26
|
|switch|p1a: Animal|Keldeo-Resolute|162\/322
|move|p2a: Heatran|Stealth Rock|p1a: Animal
|-sidestart|p1: Lef Deppard|move: Stealth Rock
|
|turn|27
|
|switch|p2a: Gastrodon|Gastrodon, F|357\/426
|move|p1a: Animal|Hydro Pump|p2a: Gastrodon
|-boost|p2a: Gastrodon|spa|1|[from] ability: Storm Drain
|
|turn|28
|
|switch|p2a: Landorus-Therian|Landorus-Therian, M|225\/319
|-ability|p2a: Landorus-Therian|Intimidate|[of] p1a: Animal
|-unboost|p1a: Animal|atk|1
|move|p1a: Animal|Secret Sword|p2a: Landorus-Therian
|-resisted|p2a: Landorus-Therian
|-damage|p2a: Landorus-Therian|137\/319
|
|turn|29
|join|sablenite
|
|switch|p1a: Photograph|Zapdos|102\/384
|-damage|p1a: Photograph|6\/384|[from] Stealth Rock
|-ability|p1a: Photograph|Pressure
|move|p2a: Landorus-Therian|U-turn|p1a: Photograph
|-resisted|p1a: Photograph
|-damage|p1a: Photograph|0 fnt
|faint|p1a: Photograph
|
|switch|p2a: Gastrodon|Gastrodon, F|357\/426
|
|
|switch|p1a: Armageddon it|Pinsir, M|271\/271
|-damage|p1a: Armageddon it|204\/271|[from] Stealth Rock
|turn|30
|
|detailschange|p1a: Armageddon it|Pinsir-Mega, M
|message|Pinsir has Mega Evolved into Mega Pinsir!
|move|p1a: Armageddon it|Return|p2a: Gastrodon
|-damage|p2a: Gastrodon|87\/426
|move|p2a: Gastrodon|Clear Smog|p1a: Armageddon it
|-damage|p1a: Armageddon it|165\/271
|-clearboost|p1a: Armageddon it
|
|turn|31
|
|move|p1a: Armageddon it|Return|p2a: Gastrodon
|-crit|p2a: Gastrodon
|-damage|p2a: Gastrodon|0 fnt
|faint|p2a: Gastrodon
|
|
|switch|p2a: Landorus-Therian|Landorus-Therian, M|137\/319
|-ability|p2a: Landorus-Therian|Intimidate|[of] p1a: Armageddon it
|-unboost|p1a: Armageddon it|atk|1
|turn|32
|
|switch|p1a: Love bites|Celebi|404\/404
|-damage|p1a: Love bites|354\/404|[from] Stealth Rock
|move|p2a: Landorus-Therian|U-turn|p1a: Love bites
|-supereffective|p1a: Love bites
|-damage|p1a: Love bites|0 fnt
|faint|p1a: Love bites
|
|switch|p2a: Altaria|Altaria, M|15\/351
|
|
|switch|p1a: Pour some on me|Donphan, M|120\/384
|-damage|p1a: Pour some on me|96\/384|[from] Stealth Rock
|turn|33
|
|detailschange|p2a: Altaria|Altaria-Mega, M
|message|Altaria has Mega Evolved into Mega Altaria!
|move|p1a: Pour some on me|Ice Shard|p2a: Altaria
|-supereffective|p2a: Altaria
|-damage|p2a: Altaria|0 fnt
|faint|p2a: Altaria
|
|-heal|p1a: Pour some on me|120\/384|[from] item: Leftovers
|
|switch|p2a: Mew|Mew|354\/404 brn
|turn|34
|join|kullhadd hekk
|
|move|p2a: Mew|Will-O-Wisp|p1a: Pour some on me
|-status|p1a: Pour some on me|brn
|move|p1a: Pour some on me|Rapid Spin|p2a: Mew
|-damage|p2a: Mew|341\/404 brn
|-sideend|p1: Lef Deppard|Stealth Rock|[from] move: Rapid Spin|[of] p1a: Pour some on me
|
|-heal|p2a: Mew|366\/404 brn|[from] item: Leftovers
|-heal|p1a: Pour some on me|144\/384 brn|[from] item: Leftovers
|-damage|p2a: Mew|316\/404 brn|[from] brn
|-damage|p1a: Pour some on me|96\/384 brn|[from] brn
|turn|35
|
|switch|p2a: Heatran|Heatran, M|386\/386 par
|move|p1a: Pour some on me|Knock Off|p2a: Heatran
|-damage|p2a: Heatran|331\/386 par
|-enditem|p2a: Heatran|Leftovers|[from] move: Knock Off|[of] p1a: Pour some on me
|
|-heal|p1a: Pour some on me|120\/384 brn|[from] item: Leftovers
|-damage|p1a: Pour some on me|72\/384 brn|[from] brn
|turn|36
|
|move|p1a: Pour some on me|Earthquake|p2a: Heatran
|-supereffective|p2a: Heatran
|-damage|p2a: Heatran|3\/386 par
|move|p2a: Heatran|Stealth Rock|p1a: Pour some on me
|-sidestart|p1: Lef Deppard|move: Stealth Rock
|
|-heal|p1a: Pour some on me|96\/384 brn|[from] item: Leftovers
|-damage|p1a: Pour some on me|48\/384 brn|[from] brn
|turn|37
|
|move|p1a: Pour some on me|Rapid Spin|p2a: Heatran
|-resisted|p2a: Heatran
|-damage|p2a: Heatran|0 fnt
|-sideend|p1: Lef Deppard|Stealth Rock|[from] move: Rapid Spin|[of] p1a: Pour some on me
|faint|p2a: Heatran
|
|-heal|p1a: Pour some on me|72\/384 brn|[from] item: Leftovers
|-damage|p1a: Pour some on me|24\/384 brn|[from] brn
|-message|doublade45 forfeited.
|
|win|Lef Deppard
|raw|Ladder updating...
|leave|doublade45
|player|p2
|join|audino spumoni
|raw|Lef Deppard's rating: 1765 &rarr; <strong>1783<\/strong><br \/>(+18 for winning)
|raw|doublade45's rating: 1735 &rarr; <strong>1717<\/strong><br \/>(-18 for losing)
|leave|Lef Deppard
|player|p1
|leave|audino spumoni