|join|bat
|join|Lef Deppard
|player|p1|bat|244
|player|p2|Lef Deppard|240
|gametype|singles
|gen|6
|tier|OU
|rated
|clearpoke
|poke|p1|Landorus-Therian, M
|poke|p1|Chesnaught, F, shiny
|poke|p1|Heatran, F
|poke|p1|Mew
|poke|p1|Manectric, F, shiny
|poke|p1|Suicune, shiny
|poke|p2|Donphan, M
|poke|p2|Zapdos
|poke|p2|Pinsir, M
|poke|p2|Keldeo-Resolute
|poke|p2|Metagross
|poke|p2|Celebi
|rule|Swagger Clause: Swagger is banned
|rule|Baton Pass Clause: Limit one PokÃ©mon knowing Baton Pass
|rule|Sleep Clause Mod: Limit one foe put to sleep
|rule|Species Clause: Limit one of each PokÃ©mon
|rule|OHKO Clause: OHKO moves are banned
|rule|Moody Clause: Moody is banned
|rule|Evasion Moves Clause: Evasion moves are banned
|rule|Endless Battle Clause: Forcing endless battles is banned
|rule|HP Percentage Mod: HP is shown in percentages
|teampreview
|
|start
|switch|p1a: Mew|Mew|404\/404
|switch|p2a: Pinsir|Pinsir, M|271\/271
|turn|1
|
|switch|p2a: Celebi|Celebi|404\/404
|move|p1a: Mew|Will-O-Wisp|p2a: Celebi|[miss]
|-miss|p1a: Mew|p2a: Celebi
|
|turn|2
|
|move|p2a: Celebi|Thunder Wave|p1a: Mew
|-status|p1a: Mew|par
|-status|p2a: Celebi|par
|cant|p1a: Mew|par
|
|turn|3
|
|switch|p2a: Pinsir|Pinsir, M|271\/271
|cant|p1a: Mew|par
|
|turn|4
|
|switch|p1a: Landorus-Therian|Landorus-Therian, M|322\/322
|-ability|p1a: Landorus-Therian|Intimidate|[of] p2a: Pinsir
|-fail|p2a: Pinsir|unboost|Attack|[from] ability: Hyper Cutter|[of] p2a: Pinsir
|detailschange|p2a: Pinsir|Pinsir-Mega, M
|message|Pinsir has Mega Evolved into Mega Pinsir!
|move|p2a: Pinsir|Swords Dance|p2a: Pinsir
|-boost|p2a: Pinsir|atk|2
|
|turn|5
|
|switch|p2a: Metagross|Metagross|364\/364
|move|p1a: Landorus-Therian|Stone Edge|p2a: Metagross
|-resisted|p2a: Metagross
|-damage|p2a: Metagross|311\/364
|
|-heal|p2a: Metagross|333\/364|[from] item: Leftovers
|turn|6
|
|switch|p1a: Chesnaught|Chesnaught, F, shiny|379\/379
|move|p2a: Metagross|Stealth Rock|p1a: Chesnaught
|-sidestart|p1: bat|move: Stealth Rock
|
|-heal|p2a: Metagross|355\/364|[from] item: Leftovers
|turn|7
|
|switch|p2a: Pinsir|Pinsir-Mega, M|271\/271
|move|p1a: Chesnaught|Spikes|p2a: Pinsir
|-sidestart|p2: Lef Deppard|Spikes
|
|turn|8
|
|switch|p1a: Landorus-Therian|Landorus-Therian, M|322\/322
|-damage|p1a: Landorus-Therian|282\/322|[from] Stealth Rock
|-ability|p1a: Landorus-Therian|Intimidate|[of] p2a: Pinsir
|-unboost|p2a: Pinsir|atk|1
|move|p2a: Pinsir|Return|p1a: Landorus-Therian
|-damage|p1a: Landorus-Therian|68\/322
|
|turn|9
|
|switch|p2a: Pivin on a Lrayer|Donphan, M|384\/384
|-damage|p2a: Pivin on a Lrayer|336\/384|[from] Spikes
|move|p1a: Landorus-Therian|U-turn|p2a: Pivin on a Lrayer
|-damage|p2a: Pivin on a Lrayer|258\/384
|
|switch|p1a: Suicune|Suicune, shiny|403\/403
|-damage|p1a: Suicune|353\/403|[from] Stealth Rock
|-ability|p1a: Suicune|Pressure
|
|-heal|p1a: Suicune|378\/403|[from] item: Leftovers
|-heal|p2a: Pivin on a Lrayer|282\/384|[from] item: Leftovers
|turn|10
|
|switch|p2a: Pinsir|Pinsir-Mega, M|271\/271
|move|p1a: Suicune|Calm Mind|p1a: Suicune
|-boost|p1a: Suicune|spa|1
|-boost|p1a: Suicune|spd|1
|
|-heal|p1a: Suicune|403\/403|[from] item: Leftovers
|turn|11
|
|move|p2a: Pinsir|Swords Dance|p2a: Pinsir
|-boost|p2a: Pinsir|atk|2
|move|p1a: Suicune|Scald|p2a: Pinsir
|-damage|p2a: Pinsir|130\/271
|-status|p2a: Pinsir|brn
|
|-damage|p2a: Pinsir|97\/271 brn|[from] brn
|turn|12
|
|switch|p2a: Celebi|Celebi|404\/404
|-damage|p2a: Celebi|354\/404|[from] Spikes
|move|p1a: Suicune|Scald|p2a: Celebi
|-resisted|p2a: Celebi
|-damage|p2a: Celebi|309\/404
|
|-heal|p2a: Celebi|334\/404|[from] item: Leftovers
|turn|13
|
|move|p2a: Celebi|Thunder Wave|p1a: Suicune
|-status|p1a: Suicune|par
|move|p1a: Suicune|Calm Mind|p1a: Suicune
|-boost|p1a: Suicune|spa|1
|-boost|p1a: Suicune|spd|1
|
|-heal|p2a: Celebi|359\/404|[from] item: Leftovers
|turn|14
|
|move|p2a: Celebi|Heal Bell|p2a: Celebi
|-cureteam|p2a: Celebi|[from] move: HealBell
|cant|p1a: Suicune|par
|
|-heal|p2a: Celebi|384\/404|[from] item: Leftovers
|turn|15
|
|switch|p2a: Keldeo-Resolute|Keldeo-Resolute|322\/322
|-damage|p2a: Keldeo-Resolute|282\/322|[from] Spikes
|move|p1a: Suicune|Scald|p2a: Keldeo-Resolute
|-resisted|p2a: Keldeo-Resolute
|-damage|p2a: Keldeo-Resolute|187\/322
|-status|p2a: Keldeo-Resolute|brn
|
|-damage|p2a: Keldeo-Resolute|147\/322 brn|[from] brn
|turn|16
|
|switch|p2a: Celebi|Celebi|384\/404
|-damage|p2a: Celebi|334\/404|[from] Spikes
|move|p1a: Suicune|Rest|p1a: Suicune
|-fail|p1a: Suicune
|
|-heal|p2a: Celebi|359\/404|[from] item: Leftovers
|turn|17
|c|âLef Deppard|Wow
|
|move|p2a: Celebi|Heal Bell|p2a: Celebi
|-cureteam|p2a: Celebi|[from] move: HealBell
|cant|p1a: Suicune|par
|
|-heal|p2a: Celebi|384\/404|[from] item: Leftovers
|turn|18
|
|switch|p2a: Keldeo-Resolute|Keldeo-Resolute|147\/322
|-damage|p2a: Keldeo-Resolute|107\/322|[from] Spikes
|cant|p1a: Suicune|par
|
|turn|19
|
|move|p2a: Keldeo-Resolute|Secret Sword|p1a: Suicune
|-damage|p1a: Suicune|247\/403 par
|move|p1a: Suicune|Scald|p2a: Keldeo-Resolute
|-resisted|p2a: Keldeo-Resolute
|-damage|p2a: Keldeo-Resolute|20\/322
|
|-heal|p1a: Suicune|272\/403 par|[from] item: Leftovers
|turn|20
|
|move|p2a: Keldeo-Resolute|Secret Sword|p1a: Suicune
|-crit|p1a: Suicune
|-damage|p1a: Suicune|47\/403 par
|move|p1a: Suicune|Rest|p1a: Suicune
|-status|p1a: Suicune|slp
|-heal|p1a: Suicune|403\/403 slp|[silent]
|-status|p1a: Suicune|slp|[from] move: Rest
|
|turn|21
|
|move|p2a: Keldeo-Resolute|Secret Sword|p1a: Suicune
|-damage|p1a: Suicune|243\/403 slp
|cant|p1a: Suicune|slp
|move|p1a: Suicune|Sleep Talk|p1a: Suicune
|move|p1a: Suicune|Calm Mind|p1a: Suicune|[from]Sleep Talk
|-boost|p1a: Suicune|spa|1
|-boost|p1a: Suicune|spd|1
|
|-heal|p1a: Suicune|268\/403 slp|[from] item: Leftovers
|turn|22
|
|switch|p1a: Mew|Mew|404\/404 par
|-damage|p1a: Mew|354\/404 par|[from] Stealth Rock
|move|p2a: Keldeo-Resolute|Secret Sword|p1a: Mew
|-resisted|p1a: Mew
|-damage|p1a: Mew|240\/404 par
|
|-heal|p1a: Mew|265\/404 par|[from] item: Leftovers
|turn|23
|
|switch|p2a: Pinsir|Pinsir-Mega, M|97\/271
|move|p1a: Mew|Will-O-Wisp|p2a: Pinsir
|-status|p2a: Pinsir|brn
|
|-heal|p1a: Mew|290\/404 par|[from] item: Leftovers
|-damage|p2a: Pinsir|64\/271 brn|[from] brn
|turn|24
|
|switch|p2a: Celebi|Celebi|384\/404
|-damage|p2a: Celebi|334\/404|[from] Spikes
|move|p1a: Mew|Roost|p1a: Mew
|-heal|p1a: Mew|404\/404 par
|
|-heal|p2a: Celebi|359\/404|[from] item: Leftovers
|turn|25
|
|move|p2a: Celebi|Heal Bell|p2a: Celebi
|-cureteam|p2a: Celebi|[from] move: HealBell
|cant|p1a: Mew|par
|
|-heal|p2a: Celebi|384\/404|[from] item: Leftovers
|turn|26
|
|switch|p2a: Pivin on a Lrayer|Donphan, M|282\/384
|-damage|p2a: Pivin on a Lrayer|234\/384|[from] Spikes
|move|p1a: Mew|Will-O-Wisp|p2a: Pivin on a Lrayer
|-status|p2a: Pivin on a Lrayer|brn
|
|-heal|p2a: Pivin on a Lrayer|258\/384 brn|[from] item: Leftovers
|-damage|p2a: Pivin on a Lrayer|210\/384 brn|[from] brn
|turn|27
|
|move|p2a: Pivin on a Lrayer|Rapid Spin|p1a: Mew
|-damage|p1a: Mew|390\/404 par
|-sideend|p2: Lef Deppard|Spikes|[from] move: Rapid Spin|[of] p2a: Pivin on a Lrayer
|move|p1a: Mew|Knock Off|p2a: Pivin on a Lrayer
|-damage|p2a: Pivin on a Lrayer|142\/384 brn
|-enditem|p2a: Pivin on a Lrayer|Leftovers|[from] move: Knock Off|[of] p1a: Mew
|
|-heal|p1a: Mew|404\/404 par|[from] item: Leftovers
|-damage|p2a: Pivin on a Lrayer|94\/384 brn|[from] brn
|turn|28
|
|switch|p2a: Metagross|Metagross|355\/364
|cant|p1a: Mew|par
|
|-heal|p2a: Metagross|364\/364|[from] item: Leftovers
|turn|29
|
|move|p2a: Metagross|Meteor Mash|p1a: Mew
|-damage|p1a: Mew|220\/404 par
|move|p1a: Mew|Will-O-Wisp|p2a: Metagross
|-status|p2a: Metagross|brn
|
|-heal|p1a: Mew|245\/404 par|[from] item: Leftovers
|-damage|p2a: Metagross|319\/364 brn|[from] brn
|turn|30
|
|switch|p2a: Pinsir|Pinsir-Mega, M|64\/271
|move|p1a: Mew|Knock Off|p2a: Pinsir
|-damage|p2a: Pinsir|17\/271
|
|-heal|p1a: Mew|270\/404 par|[from] item: Leftovers
|turn|31
|
|switch|p1a: Landorus-Therian|Landorus-Therian, M|68\/322
|-damage|p1a: Landorus-Therian|28\/322|[from] Stealth Rock
|-ability|p1a: Landorus-Therian|Intimidate|[of] p2a: Pinsir
|-unboost|p2a: Pinsir|atk|1
|move|p2a: Pinsir|Return|p1a: Landorus-Therian
|-damage|p1a: Landorus-Therian|0 fnt
|faint|p1a: Landorus-Therian
|
|
|switch|p1a: Manectric|Manectric, F, shiny|281\/281
|-damage|p1a: Manectric|246\/281|[from] Stealth Rock
|turn|32
|
|switch|p2a: Celebi|Celebi|384\/404
|detailschange|p1a: Manectric|Manectric-Mega, F, shiny
|message|Manectric has Mega Evolved into Mega Manectric!
|-ability|p1a: Manectric|Intimidate|[of] p2a: Celebi
|-unboost|p2a: Celebi|atk|1
|move|p1a: Manectric|Volt Switch|p2a: Celebi
|-resisted|p2a: Celebi
|-damage|p2a: Celebi|338\/404
|
|switch|p1a: Heatran|Heatran, F|386\/386
|-damage|p1a: Heatran|338\/386|[from] Stealth Rock
|
|-heal|p2a: Celebi|363\/404|[from] item: Leftovers
|-heal|p1a: Heatran|362\/386|[from] item: Leftovers
|turn|33
|
|move|p2a: Celebi|Thunder Wave|p1a: Heatran
|-status|p1a: Heatran|par
|move|p1a: Heatran|Stealth Rock|p2a: Celebi
|-sidestart|p2: Lef Deppard|move: Stealth Rock
|
|-heal|p2a: Celebi|388\/404|[from] item: Leftovers
|-heal|p1a: Heatran|386\/386 par|[from] item: Leftovers
|turn|34
|
|move|p2a: Celebi|Heal Bell|p2a: Celebi
|-cureteam|p2a: Celebi|[from] move: HealBell
|move|p1a: Heatran|Roar|p2a: Celebi
|drag|p2a: Keldeo-Resolute|Keldeo-Resolute|20\/322
|-damage|p2a: Keldeo-Resolute|0 fnt|[from] Stealth Rock
|faint|p2a: Keldeo-Resolute
|
|
|switch|p2a: Pivin on a Lrayer|Donphan, M|94\/384
|-damage|p2a: Pivin on a Lrayer|70\/384|[from] Stealth Rock
|turn|35
|
|switch|p1a: Chesnaught|Chesnaught, F, shiny|379\/379
|-damage|p1a: Chesnaught|356\/379|[from] Stealth Rock
|move|p2a: Pivin on a Lrayer|Rapid Spin|p1a: Chesnaught
|-damage|p1a: Chesnaught|339\/379
|-sideend|p2: Lef Deppard|Stealth Rock|[from] move: Rapid Spin|[of] p2a: Pivin on a Lrayer
|
|-heal|p1a: Chesnaught|362\/379|[from] item: Leftovers
|turn|36
|
|switch|p2a: Zapdos|Zapdos|384\/384
|-ability|p2a: Zapdos|Pressure
|move|p1a: Chesnaught|Leech Seed|p2a: Zapdos
|-start|p2a: Zapdos|move: Leech Seed
|
|-heal|p1a: Chesnaught|379\/379|[from] item: Leftovers
|-damage|p2a: Zapdos|336\/384|[from] Leech Seed|[of] p1a: Chesnaught
|turn|37
|
|switch|p2a: Pinsir|Pinsir-Mega, M|17\/271
|switch|p1a: Manectric|Manectric-Mega, F, shiny|246\/281
|-damage|p1a: Manectric|211\/281|[from] Stealth Rock
|-ability|p1a: Manectric|Intimidate|[of] p2a: Pinsir
|-unboost|p2a: Pinsir|atk|1
|
|turn|38
|
|switch|p2a: Zapdos|Zapdos|336\/384
|-ability|p2a: Zapdos|Pressure
|move|p1a: Manectric|Volt Switch|p2a: Zapdos
|-damage|p2a: Zapdos|227\/384
|
|switch|p1a: Heatran|Heatran, F|386\/386 par
|-damage|p1a: Heatran|338\/386 par|[from] Stealth Rock
|
|-heal|p2a: Zapdos|251\/384|[from] item: Leftovers
|-heal|p1a: Heatran|362\/386 par|[from] item: Leftovers
|turn|39
|
|switch|p2a: Pivin on a Lrayer|Donphan, M|70\/384
|move|p1a: Heatran|Lava Plume|p2a: Pivin on a Lrayer
|-damage|p2a: Pivin on a Lrayer|0 fnt
|faint|p2a: Pivin on a Lrayer
|
|-heal|p1a: Heatran|386\/386 par|[from] item: Leftovers
|
|switch|p2a: Metagross|Metagross|319\/364
|turn|40
|
|switch|p1a: Suicune|Suicune, shiny|268\/403 slp
|-damage|p1a: Suicune|218\/403 slp|[from] Stealth Rock
|-ability|p1a: Suicune|Pressure
|move|p2a: Metagross|Earthquake|p1a: Suicune
|-damage|p1a: Suicune|127\/403 slp
|
|-heal|p1a: Suicune|152\/403 slp|[from] item: Leftovers
|-heal|p2a: Metagross|341\/364|[from] item: Leftovers
|turn|41
|
|switch|p2a: Pinsir|Pinsir-Mega, M|17\/271
|cant|p1a: Suicune|slp
|move|p1a: Suicune|Sleep Talk|p1a: Suicune
|move|p1a: Suicune|Calm Mind|p1a: Suicune|[from]Sleep Talk
|-boost|p1a: Suicune|spa|1
|-boost|p1a: Suicune|spd|1
|
|-heal|p1a: Suicune|177\/403 slp|[from] item: Leftovers
|turn|42
|c|âbat|obvius
|
|move|p2a: Pinsir|Return|p1a: Suicune
|-damage|p1a: Suicune|0 fnt
|faint|p1a: Suicune
|
|
|switch|p1a: Manectric|Manectric-Mega, F, shiny|211\/281
|-damage|p1a: Manectric|176\/281|[from] Stealth Rock
|-ability|p1a: Manectric|Intimidate|[of] p2a: Pinsir
|-unboost|p2a: Pinsir|atk|1
|turn|43
|
|switch|p2a: Metagross|Metagross|341\/364
|move|p1a: Manectric|Volt Switch|p2a: Metagross
|-damage|p2a: Metagross|211\/364
|
|switch|p1a: Chesnaught|Chesnaught, F, shiny|379\/379
|-damage|p1a: Chesnaught|356\/379|[from] Stealth Rock
|
|-heal|p2a: Metagross|233\/364|[from] item: Leftovers
|-heal|p1a: Chesnaught|379\/379|[from] item: Leftovers
|turn|44
|
|switch|p2a: Zapdos|Zapdos|251\/384
|-ability|p2a: Zapdos|Pressure
|move|p1a: Chesnaught|Spikes|p2a: Zapdos
|-sidestart|p2: Lef Deppard|Spikes
|
|-heal|p2a: Zapdos|275\/384|[from] item: Leftovers
|turn|45
|
|switch|p2a: Pinsir|Pinsir-Mega, M|17\/271
|switch|p1a: Heatran|Heatran, F|386\/386 par
|-damage|p1a: Heatran|338\/386 par|[from] Stealth Rock
|
|-heal|p1a: Heatran|362\/386 par|[from] item: Leftovers
|turn|46
|
|move|p2a: Pinsir|Close Combat|p1a: Heatran
|-supereffective|p1a: Heatran
|-damage|p1a: Heatran|26\/386 par
|-unboost|p2a: Pinsir|def|1
|-unboost|p2a: Pinsir|spd|1
|move|p1a: Heatran|Lava Plume|p2a: Pinsir
|-crit|p2a: Pinsir
|-supereffective|p2a: Pinsir
|-damage|p2a: Pinsir|0 fnt
|faint|p2a: Pinsir
|
|-heal|p1a: Heatran|50\/386 par|[from] item: Leftovers
|
|switch|p2a: Zapdos|Zapdos|275\/384
|-ability|p2a: Zapdos|Pressure
|turn|47
|
|move|p2a: Zapdos|Thunderbolt|p1a: Heatran
|-damage|p1a: Heatran|0 fnt
|faint|p1a: Heatran
|
|-heal|p2a: Zapdos|299\/384|[from] item: Leftovers
|
|switch|p1a: Manectric|Manectric-Mega, F, shiny|176\/281
|-damage|p1a: Manectric|141\/281|[from] Stealth Rock
|-ability|p1a: Manectric|Intimidate|[of] p2a: Zapdos
|-unboost|p2a: Zapdos|atk|1
|turn|48
|
|move|p1a: Manectric|Thunderbolt|p2a: Zapdos
|-damage|p2a: Zapdos|166\/384
|move|p2a: Zapdos|Roost|p2a: Zapdos
|-heal|p2a: Zapdos|358\/384
|
|-heal|p2a: Zapdos|382\/384|[from] item: Leftovers
|turn|49
|
|move|p1a: Manectric|Volt Switch|p2a: Zapdos
|-damage|p2a: Zapdos|270\/384
|
|switch|p1a: Mew|Mew|270\/404 par
|-damage|p1a: Mew|220\/404 par|[from] Stealth Rock
|move|p2a: Zapdos|Heat Wave|p1a: Mew
|-damage|p1a: Mew|144\/404 par
|
|-heal|p2a: Zapdos|294\/384|[from] item: Leftovers
|-heal|p1a: Mew|169\/404 par|[from] item: Leftovers
|turn|50
|
|move|p2a: Zapdos|Thunderbolt|p1a: Mew
|-damage|p1a: Mew|63\/404 par
|move|p1a: Mew|Roost|p1a: Mew
|-heal|p1a: Mew|265\/404 par
|
|-heal|p2a: Zapdos|318\/384|[from] item: Leftovers
|-heal|p1a: Mew|290\/404 par|[from] item: Leftovers
|turn|51
|
|move|p2a: Zapdos|Thunderbolt|p1a: Mew
|-damage|p1a: Mew|194\/404 par
|move|p1a: Mew|Knock Off|p2a: Zapdos
|-damage|p2a: Zapdos|235\/384
|-enditem|p2a: Zapdos|Leftovers|[from] move: Knock Off|[of] p1a: Mew
|
|-heal|p1a: Mew|219\/404 par|[from] item: Leftovers
|turn|52
|
|move|p2a: Zapdos|Thunderbolt|p1a: Mew
|-damage|p1a: Mew|119\/404 par
|cant|p1a: Mew|par
|
|-heal|p1a: Mew|144\/404 par|[from] item: Leftovers
|turn|53
|
|move|p2a: Zapdos|Thunderbolt|p1a: Mew
|-damage|p1a: Mew|38\/404 par
|move|p1a: Mew|Roost|p1a: Mew
|-heal|p1a: Mew|240\/404 par
|
|-heal|p1a: Mew|265\/404 par|[from] item: Leftovers
|turn|54
|
|move|p2a: Zapdos|Thunderbolt|p1a: Mew
|-damage|p1a: Mew|160\/404 par
|move|p1a: Mew|Will-O-Wisp|p2a: Zapdos
|-status|p2a: Zapdos|brn
|
|-heal|p1a: Mew|185\/404 par|[from] item: Leftovers
|-damage|p2a: Zapdos|187\/384 brn|[from] brn
|turn|55
|
|move|p2a: Zapdos|Thunderbolt|p1a: Mew
|-damage|p1a: Mew|83\/404 par
|move|p1a: Mew|Roost|p1a: Mew
|-heal|p1a: Mew|285\/404 par
|
|-heal|p1a: Mew|310\/404 par|[from] item: Leftovers
|-damage|p2a: Zapdos|139\/384 brn|[from] brn
|turn|56
|
|switch|p1a: Manectric|Manectric-Mega, F, shiny|141\/281
|-damage|p1a: Manectric|106\/281|[from] Stealth Rock
|-ability|p1a: Manectric|Intimidate|[of] p2a: Zapdos
|-unboost|p2a: Zapdos|atk|1
|move|p2a: Zapdos|Roost|p2a: Zapdos
|-heal|p2a: Zapdos|331\/384 brn
|
|-damage|p2a: Zapdos|283\/384 brn|[from] brn
|turn|57
|
|move|p1a: Manectric|Thunderbolt|p2a: Zapdos
|-damage|p2a: Zapdos|153\/384 brn
|move|p2a: Zapdos|Heat Wave|p1a: Manectric
|-miss|p2a: Zapdos|p1a: Manectric
|
|-damage|p2a: Zapdos|105\/384 brn|[from] brn
|turn|58
|c|âLef Deppard|Wow
|
|switch|p2a: Celebi|Celebi|388\/404
|-damage|p2a: Celebi|338\/404|[from] Spikes
|move|p1a: Manectric|Hidden Power|p2a: Celebi
|-supereffective|p2a: Celebi
|-damage|p2a: Celebi|218\/404
|
|-heal|p2a: Celebi|243\/404|[from] item: Leftovers
|turn|59
|
|move|p1a: Manectric|Overheat|p2a: Celebi
|-supereffective|p2a: Celebi
|-damage|p2a: Celebi|23\/404
|-unboost|p1a: Manectric|spa|2
|move|p2a: Celebi|Recover|p2a: Celebi
|-heal|p2a: Celebi|225\/404
|
|-heal|p2a: Celebi|250\/404|[from] item: Leftovers
|turn|60
|
|move|p1a: Manectric|Volt Switch|p2a: Celebi
|-resisted|p2a: Celebi
|-damage|p2a: Celebi|228\/404
|
|switch|p1a: Chesnaught|Chesnaught, F, shiny|379\/379
|-damage|p1a: Chesnaught|356\/379|[from] Stealth Rock
|move|p2a: Celebi|Heal Bell|p2a: Celebi
|-cureteam|p2a: Celebi|[from] move: HealBell
|
|-heal|p2a: Celebi|253\/404|[from] item: Leftovers
|-heal|p1a: Chesnaught|379\/379|[from] item: Leftovers
|turn|61
|
|move|p2a: Celebi|Thunder Wave|p1a: Chesnaught
|-status|p1a: Chesnaught|par
|move|p1a: Chesnaught|Leech Seed|p2a: Celebi
|-immune|p2a: Celebi|[msg]
|
|-heal|p2a: Celebi|278\/404|[from] item: Leftovers
|turn|62
|
|move|p2a: Celebi|Recover|p2a: Celebi
|-heal|p2a: Celebi|404\/404
|move|p1a: Chesnaught|Leech Seed|p2a: Celebi
|-immune|p2a: Celebi|[msg]
|
|turn|63
|
|switch|p2a: Zapdos|Zapdos|105\/384
|-ability|p2a: Zapdos|Pressure
|move|p1a: Chesnaught|Spikes|p2a: Zapdos
|-sidestart|p2: Lef Deppard|Spikes
|
|turn|64
|
|move|p2a: Zapdos|Roost|p2a: Zapdos
|-heal|p2a: Zapdos|297\/384
|cant|p1a: Chesnaught|par
|
|turn|65
|
|move|p2a: Zapdos|Heat Wave|p1a: Chesnaught
|-supereffective|p1a: Chesnaught
|-damage|p1a: Chesnaught|149\/379 par
|move|p1a: Chesnaught|Leech Seed|p2a: Zapdos
|-start|p2a: Zapdos|move: Leech Seed
|
|-heal|p1a: Chesnaught|172\/379 par|[from] item: Leftovers
|-damage|p2a: Zapdos|249\/384|[from] Leech Seed|[of] p1a: Chesnaught
|-heal|p1a: Chesnaught|220\/379 par|[silent]
|turn|66
|
|switch|p2a: Celebi|Celebi|404\/404
|-damage|p2a: Celebi|337\/404|[from] Spikes
|switch|p1a: Mew|Mew|310\/404 par
|-damage|p1a: Mew|260\/404 par|[from] Stealth Rock
|
|-heal|p2a: Celebi|362\/404|[from] item: Leftovers
|-heal|p1a: Mew|285\/404 par|[from] item: Leftovers
|turn|67
|
|move|p2a: Celebi|Giga Drain|p1a: Mew
|-damage|p1a: Mew|218\/404 par
|-heal|p2a: Celebi|396\/404|[from] drain|[of] p1a: Mew
|cant|p1a: Mew|par
|
|-heal|p2a: Celebi|404\/404|[from] item: Leftovers
|-heal|p1a: Mew|243\/404 par|[from] item: Leftovers
|turn|68
|
|switch|p2a: Metagross|Metagross|233\/364
|-damage|p2a: Metagross|173\/364|[from] Spikes
|cant|p1a: Mew|par
|
|-heal|p2a: Metagross|195\/364|[from] item: Leftovers
|-heal|p1a: Mew|268\/404 par|[from] item: Leftovers
|turn|69
|
|move|p2a: Metagross|Meteor Mash|p1a: Mew
|-damage|p1a: Mew|75\/404 par
|move|p1a: Mew|Will-O-Wisp|p2a: Metagross
|-status|p2a: Metagross|brn
|
|-heal|p2a: Metagross|217\/364 brn|[from] item: Leftovers
|-heal|p1a: Mew|100\/404 par|[from] item: Leftovers
|-damage|p2a: Metagross|172\/364 brn|[from] brn
|turn|70
|
|move|p2a: Metagross|Meteor Mash|p1a: Mew
|-crit|p1a: Mew
|-damage|p1a: Mew|0 fnt
|faint|p1a: Mew
|
|-heal|p2a: Metagross|194\/364 brn|[from] item: Leftovers
|-damage|p2a: Metagross|149\/364 brn|[from] brn
|c|âbat|oh bro
|c|âbat|cool
|c|âLef Deppard|Not sure it mattered
|c|âLef Deppard|my meteor mash does 50%
|
|switch|p1a: Manectric|Manectric-Mega, F, shiny|106\/281
|-damage|p1a: Manectric|71\/281|[from] Stealth Rock
|-ability|p1a: Manectric|Intimidate|[of] p2a: Metagross
|-fail|p2a: Metagross|unboost|[from] ability: Clear Body|[of] p2a: Metagross
|turn|71
|c|âbat|not really
|c|âbat|can done 47
|c|âbat|and my mew can live
|c|âbat|isn't sure ohko
|c|âLef Deppard|True
|c|âLef Deppard|but u got a couple of burns with scald 
|
|move|p1a: Manectric|Thunderbolt|p2a: Metagross
|-damage|p2a: Metagross|0 fnt
|faint|p2a: Metagross
|
|c|âbat|30% isn't 12,5
|
|switch|p2a: Zapdos|Zapdos|249\/384
|-ability|p2a: Zapdos|Pressure
|turn|72
|
|move|p1a: Manectric|Thunderbolt|p2a: Zapdos
|-damage|p2a: Zapdos|101\/384
|move|p2a: Zapdos|Roost|p2a: Zapdos
|-heal|p2a: Zapdos|293\/384
|
|turn|73
|c|âLef Deppard|Two times 30 percent 
|
|move|p1a: Manectric|Thunderbolt|p2a: Zapdos
|-crit|p2a: Zapdos
|-damage|p2a: Zapdos|98\/384
|move|p2a: Zapdos|Roost|p2a: Zapdos
|-heal|p2a: Zapdos|290\/384
|
|turn|74
|c|âbat|my suicune not kill pinsir because of sleep talk
|c|âbat|plz bro, i use burn because of burn
|
|move|p1a: Manectric|Thunderbolt|p2a: Zapdos
|-damage|p2a: Zapdos|151\/384
|move|p2a: Zapdos|Heat Wave|p1a: Manectric
|-miss|p2a: Zapdos|p1a: Manectric
|
|turn|75
|c|âLef Deppard|Oh, and heat wave missed
|c|âLef Deppard|2 times
|c|âbat|this is hax yep
|c|âbat|but i can't won whit game aniway now
|c|âbat|and is useless
|
|move|p1a: Manectric|Thunderbolt|p2a: Zapdos
|-damage|p2a: Zapdos|1\/384
|move|p2a: Zapdos|Roost|p2a: Zapdos
|-heal|p2a: Zapdos|193\/384
|
|turn|76
|
|move|p1a: Manectric|Thunderbolt|p2a: Zapdos
|-damage|p2a: Zapdos|49\/384
|move|p2a: Zapdos|Roost|p2a: Zapdos
|-heal|p2a: Zapdos|241\/384
|
|turn|77
|
|move|p1a: Manectric|Thunderbolt|p2a: Zapdos
|-damage|p2a: Zapdos|111\/384
|move|p2a: Zapdos|Roost|p2a: Zapdos
|-heal|p2a: Zapdos|303\/384
|
|turn|78
|
|move|p1a: Manectric|Volt Switch|p2a: Zapdos
|-damage|p2a: Zapdos|194\/384
|
|switch|p1a: Chesnaught|Chesnaught, F, shiny|220\/379 par
|-damage|p1a: Chesnaught|197\/379 par|[from] Stealth Rock
|move|p2a: Zapdos|Hidden Power|p1a: Chesnaught
|-supereffective|p1a: Chesnaught
|-damage|p1a: Chesnaught|53\/379 par
|
|-heal|p1a: Chesnaught|76\/379 par|[from] item: Leftovers
|turn|79
|c|âLef Deppard|Gg
|c|âbat|gg
|
|move|p2a: Zapdos|Hidden Power|p1a: Chesnaught
|-supereffective|p1a: Chesnaught
|-damage|p1a: Chesnaught|0 fnt
|faint|p1a: Chesnaught
|
|
|switch|p1a: Manectric|Manectric-Mega, F, shiny|71\/281
|-damage|p1a: Manectric|36\/281|[from] Stealth Rock
|-ability|p1a: Manectric|Intimidate|[of] p2a: Zapdos
|-unboost|p2a: Zapdos|atk|1
|turn|80
|c|âLef Deppard|Love shiny chest aught btw
|
|move|p1a: Manectric|Thunderbolt|p2a: Zapdos
|-damage|p2a: Zapdos|61\/384
|move|p2a: Zapdos|Thunderbolt|p1a: Manectric
|-resisted|p1a: Manectric
|-damage|p1a: Manectric|0 fnt
|faint|p1a: Manectric
|
|win|Lef Deppard
|raw|Ladder updating...
|raw|bat's rating: 1852 &rarr; <strong>1829<\/strong><br \/>(-23 for losing)
|raw|Lef Deppard's rating: 1812 &rarr; <strong>1834<\/strong><br \/>(+22 for winning)
|leave|bat
|player|p1