|join|Lef Deppard
|join|LT6U Floppy
|player|p1|Lef Deppard|240
|player|p2|LT6U Floppy|2
|gametype|singles
|gen|6
|tier|OU
|rated
|clearpoke
|poke|p1|Donphan, M
|poke|p1|Zapdos
|poke|p1|Pinsir, M
|poke|p1|Keldeo-Resolute
|poke|p1|Metagross
|poke|p1|Celebi
|poke|p2|Cloyster, F
|poke|p2|Charizard, M
|poke|p2|Terrakion
|poke|p2|Gothitelle, F
|poke|p2|Landorus, M
|poke|p2|Greninja, M
|rule|Swagger Clause: Swagger is banned
|rule|Baton Pass Clause: Limit one PokÃ©mon knowing Baton Pass
|rule|Sleep Clause Mod: Limit one foe put to sleep
|rule|Species Clause: Limit one of each PokÃ©mon
|rule|OHKO Clause: OHKO moves are banned
|rule|Moody Clause: Moody is banned
|rule|Evasion Moves Clause: Evasion moves are banned
|rule|Endless Battle Clause: Forcing endless battles is banned
|rule|HP Percentage Mod: HP is shown in percentages
|teampreview
|c|âLT6U Floppy|a metagross
|c|âLT6U Floppy|interesting
|
|start
|switch|p1a: Pivin on a Lrayer|Donphan, M|384\/384
|switch|p2a: Terrakion|Terrakion|324\/324
|turn|1
|join|Bunnelfy
|
|move|p2a: Terrakion|Taunt|p1a: Pivin on a Lrayer
|-start|p1a: Pivin on a Lrayer|move: Taunt
|move|p1a: Pivin on a Lrayer|Earthquake|p2a: Terrakion
|-supereffective|p2a: Terrakion
|-enditem|p2a: Terrakion|Focus Sash
|-damage|p2a: Terrakion|1\/324
|
|turn|2
|
|switch|p2a: Gothitelle|Gothitelle, F|344\/344
|move|p1a: Pivin on a Lrayer|Ice Shard|p2a: Gothitelle
|-damage|p2a: Gothitelle|293\/344
|
|turn|3
|
|move|p2a: Gothitelle|Trick|p1a: Pivin on a Lrayer
|-activate|p2a: Gothitelle|move: Trick|[of] p1a: Pivin on a Lrayer
|-item|p1a: Pivin on a Lrayer|Choice Scarf|[from] move: Trick
|-item|p2a: Gothitelle|Leftovers|[from] move: Trick
|move|p1a: Pivin on a Lrayer|Earthquake|p2a: Gothitelle
|-damage|p2a: Gothitelle|106\/344
|
|-heal|p2a: Gothitelle|127\/344|[from] item: Leftovers
|-end|p1a: Pivin on a Lrayer|move: Taunt
|turn|4
|
|switch|p2a: Charizard|Charizard, M|315\/315
|move|p1a: Pivin on a Lrayer|Earthquake|p2a: Charizard
|-immune|p2a: Charizard|[msg]
|
|turn|5
|
|switch|p1a: Celebi|Celebi|404\/404
|move|p2a: Charizard|Dragon Dance|p2a: Charizard
|-boost|p2a: Charizard|atk|1
|-boost|p2a: Charizard|spe|1
|
|turn|6
|
|move|p2a: Charizard|Flare Blitz|p1a: Celebi
|-supereffective|p1a: Celebi
|-damage|p1a: Celebi|0 fnt
|-damage|p2a: Charizard|182\/315|[from] recoil|[of] p1a: Celebi
|faint|p1a: Celebi
|
|
|switch|p1a: Pivin on a Lrayer|Donphan, M|384\/384
|turn|7
|
|move|p2a: Charizard|Dragon Dance|p2a: Charizard
|-boost|p2a: Charizard|atk|1
|-boost|p2a: Charizard|spe|1
|move|p1a: Pivin on a Lrayer|Stone Edge|p2a: Charizard
|-supereffective|p2a: Charizard
|-damage|p2a: Charizard|0 fnt
|faint|p2a: Charizard
|
|c|âLT6U Floppy|o
|c|âLT6U Floppy|Heh
|
|switch|p2a: Terrakion|Terrakion|1\/324
|turn|8
|
|switch|p1a: Metagross|Metagross|364\/364
|move|p2a: Terrakion|Stealth Rock|p1a: Metagross
|-sidestart|p1: Lef Deppard|move: Stealth Rock
|
|turn|9
|
|move|p2a: Terrakion|Close Combat|p1a: Metagross
|-damage|p1a: Metagross|202\/364
|-unboost|p2a: Terrakion|def|1
|-unboost|p2a: Terrakion|spd|1
|move|p1a: Metagross|Stealth Rock|p2a: Terrakion
|-sidestart|p2: LT6U Floppy|move: Stealth Rock
|
|-heal|p1a: Metagross|224\/364|[from] item: Leftovers
|turn|10
|
|move|p1a: Metagross|Bullet Punch|p2a: Terrakion
|-supereffective|p2a: Terrakion
|-damage|p2a: Terrakion|0 fnt
|faint|p2a: Terrakion
|
|-heal|p1a: Metagross|246\/364|[from] item: Leftovers
|
|switch|p2a: Landorus|Landorus, M|320\/320
|-damage|p2a: Landorus|280\/320|[from] Stealth Rock
|turn|11
|
|move|p1a: Metagross|Bullet Punch|p2a: Landorus
|-damage|p2a: Landorus|186\/320
|move|p2a: Landorus|Earth Power|p1a: Metagross
|-supereffective|p1a: Metagross
|-damage|p1a: Metagross|0 fnt
|faint|p1a: Metagross
|
|
|switch|p1a: Zapdos|Zapdos|384\/384
|-damage|p1a: Zapdos|288\/384|[from] Stealth Rock
|-ability|p1a: Zapdos|Pressure
|turn|12
|
|move|p2a: Landorus|Sludge Wave|p1a: Zapdos
|-damage|p1a: Zapdos|114\/384
|move|p1a: Zapdos|Roost|p1a: Zapdos
|-heal|p1a: Zapdos|306\/384
|
|-heal|p1a: Zapdos|330\/384|[from] item: Leftovers
|turn|13
|
|move|p2a: Landorus|Sludge Wave|p1a: Zapdos
|-crit|p1a: Zapdos
|-damage|p1a: Zapdos|86\/384
|move|p1a: Zapdos|Hidden Power|p2a: Landorus
|-supereffective|p2a: Landorus
|-damage|p2a: Landorus|0 fnt
|faint|p2a: Landorus
|
|-heal|p1a: Zapdos|110\/384|[from] item: Leftovers
|c|âLef Deppard|Of course
|
|switch|p2a: Greninja|Greninja, M|285\/285
|-damage|p2a: Greninja|250\/285|[from] Stealth Rock
|turn|14
|
|switch|p1a: Keldeo-Resolute|Keldeo-Resolute|322\/322
|-damage|p1a: Keldeo-Resolute|302\/322|[from] Stealth Rock
|move|p2a: Greninja|Ice Beam|p1a: Keldeo-Resolute
|-start|p2a: Greninja|typechange|Ice|[from] Protean
|-resisted|p1a: Keldeo-Resolute
|-damage|p1a: Keldeo-Resolute|201\/322
|-damage|p2a: Greninja|222\/285|[from] item: Life Orb
|
|turn|15
|
|switch|p1a: Pivin on a Lrayer|Donphan, M|384\/384
|-damage|p1a: Pivin on a Lrayer|360\/384|[from] Stealth Rock
|move|p2a: Greninja|Hydro Pump|p1a: Pivin on a Lrayer
|-start|p2a: Greninja|typechange|Water|[from] Protean
|-supereffective|p1a: Pivin on a Lrayer
|-damage|p1a: Pivin on a Lrayer|0 fnt
|-damage|p2a: Greninja|194\/285|[from] item: Life Orb
|faint|p1a: Pivin on a Lrayer
|
|
|switch|p1a: Keldeo-Resolute|Keldeo-Resolute|201\/322
|-damage|p1a: Keldeo-Resolute|181\/322|[from] Stealth Rock
|turn|16
|
|move|p2a: Greninja|Hydro Pump|p1a: Keldeo-Resolute
|-resisted|p1a: Keldeo-Resolute
|-damage|p1a: Keldeo-Resolute|60\/322
|-damage|p2a: Greninja|166\/285|[from] item: Life Orb
|move|p1a: Keldeo-Resolute|Secret Sword|p2a: Greninja
|-damage|p2a: Greninja|0 fnt
|faint|p2a: Greninja
|
|
|switch|p2a: Gothitelle|Gothitelle, F|127\/344
|-damage|p2a: Gothitelle|84\/344|[from] Stealth Rock
|turn|17
|
|move|p1a: Keldeo-Resolute|Secret Sword|p2a: Gothitelle
|-resisted|p2a: Gothitelle
|-damage|p2a: Gothitelle|0 fnt
|faint|p2a: Gothitelle
|
|c|âLT6U Floppy|o
|
|switch|p2a: Cloyster|Cloyster, F|241\/241
|-damage|p2a: Cloyster|181\/241|[from] Stealth Rock
|turn|18
|c|âLef Deppard|Gg
|c|âLT6U Floppy|GG
|
|move|p2a: Cloyster|Ice Shard|p1a: Keldeo-Resolute
|-resisted|p1a: Keldeo-Resolute
|-damage|p1a: Keldeo-Resolute|25\/322
|move|p1a: Keldeo-Resolute|Secret Sword|p2a: Cloyster
|-supereffective|p2a: Cloyster
|-damage|p2a: Cloyster|0 fnt
|faint|p2a: Cloyster
|
|win|Lef Deppard
|raw|Ladder updating...
|raw|Lef Deppard's rating: 1896 &rarr; <strong>1913<\/strong><br \/>(+17 for winning)
|raw|LT6U Floppy's rating: 1845 &rarr; <strong>1828<\/strong><br \/>(-17 for losing)
|leave|Lef Deppard
|player|p1
|leave|Bunnelfy