|join|LT6C YongSeun
|join|Lef Deppard
|player|p1|LT6C YongSeun|294
|player|p2|Lef Deppard|240
|gametype|singles
|gen|6
|tier|OU
|rated
|clearpoke
|poke|p1|Thundurus, M
|poke|p1|Landorus, M
|poke|p1|Greninja, F
|poke|p1|Terrakion
|poke|p1|Charizard, M
|poke|p1|Azumarill, F
|poke|p2|Donphan, M
|poke|p2|Zapdos
|poke|p2|Pinsir, M
|poke|p2|Keldeo-Resolute
|poke|p2|Metagross
|poke|p2|Celebi
|rule|Swagger Clause: Swagger is banned
|rule|Baton Pass Clause: Limit one PokÃ©mon knowing Baton Pass
|rule|Sleep Clause Mod: Limit one foe put to sleep
|rule|Species Clause: Limit one of each PokÃ©mon
|rule|OHKO Clause: OHKO moves are banned
|rule|Moody Clause: Moody is banned
|rule|Evasion Moves Clause: Evasion moves are banned
|rule|Endless Battle Clause: Forcing endless battles is banned
|rule|HP Percentage Mod: HP is shown in percentages
|teampreview
|
|start
|switch|p1a: Terrakion|Terrakion|323\/323
|switch|p2a: Pivin on a Lrayer|Donphan, M|384\/384
|turn|1
|
|move|p1a: Terrakion|Taunt|p2a: Pivin on a Lrayer
|-start|p2a: Pivin on a Lrayer|move: Taunt
|move|p2a: Pivin on a Lrayer|Earthquake|p1a: Terrakion
|-supereffective|p1a: Terrakion
|-enditem|p1a: Terrakion|Focus Sash
|-damage|p1a: Terrakion|1\/323
|
|turn|2
|join|uCan'tSeeMe
|
|move|p2a: Pivin on a Lrayer|Ice Shard|p1a: Terrakion
|-damage|p1a: Terrakion|0 fnt
|faint|p1a: Terrakion
|
|c| uCan'tSeeMe|this nigga was rank 1
|c| uCan'tSeeMe|were u?
|
|switch|p1a: Greninja|Greninja, F|285\/285
|turn|3
|join|Cosine180
|c|âLef Deppard|I was I wad
|c|âLef Deppard|s
|c| uCan'tSeeMe|gz
|c| Cosine180|with that team?
|c|âLT6C YongSeun|nice 
|
|switch|p2a: Metagross|Metagross|364\/364
|move|p1a: Greninja|Hydro Pump|p2a: Metagross|[miss]
|-start|p1a: Greninja|typechange|Water|[from] Protean
|-miss|p1a: Greninja|p2a: Metagross
|
|turn|4
|c| uCan'tSeeMe|yh
|c|âLef Deppard|Yep
|c| uCan'tSeeMe|so weird
|c| uCan'tSeeMe|lol
|c| Cosine180|yea lol
|c|âLef Deppard|People don't expect it
|
|switch|p1a: Charizard|Charizard, M|297\/297
|move|p2a: Metagross|Stealth Rock|p1a: Charizard
|-sidestart|p1: LT6C YongSeun|move: Stealth Rock
|
|turn|5
|c| uCan'tSeeMe|rocks meta
|c| uCan'tSeeMe|lol
|c|âLef Deppard|It's fun to use though haha
|c| uCan'tSeeMe|i guess haha
|
|move|p1a: Charizard|Dragon Dance|p1a: Charizard
|-boost|p1a: Charizard|atk|1
|-boost|p1a: Charizard|spe|1
|move|p2a: Metagross|Meteor Mash|p1a: Charizard|[miss]
|-miss|p2a: Metagross|p1a: Charizard
|
|turn|6
|c|âLT6C YongSeun|That true
|c| uCan'tSeeMe|ah
|c| Cosine180|:i
|c| uCan'tSeeMe|the dodge
|
|move|p1a: Charizard|Dragon Dance|p1a: Charizard
|-boost|p1a: Charizard|atk|1
|-boost|p1a: Charizard|spe|1
|move|p2a: Metagross|Meteor Mash|p1a: Charizard
|-resisted|p1a: Charizard
|-damage|p1a: Charizard|179\/297
|-boost|p2a: Metagross|atk|1
|
|turn|7
|c| Cosine180|doesnt he have donphan
|c| Cosine180|at full :o
|
|detailschange|p1a: Charizard|Charizard-Mega-X, M
|message|Charizard has Mega Evolved into Mega Charizard!
|move|p2a: Metagross|Bullet Punch|p1a: Charizard
|-resisted|p1a: Charizard
|-damage|p1a: Charizard|128\/297
|move|p1a: Charizard|Earthquake|p2a: Metagross
|-supereffective|p2a: Metagross
|-damage|p2a: Metagross|0 fnt
|faint|p2a: Metagross
|
|c| uCan'tSeeMe|what r u coin yong
|c| uCan'tSeeMe|doin
|
|switch|p2a: Pivin on a Lrayer|Donphan, M|384\/384
|turn|8
|
|move|p1a: Charizard|Dragon Claw|p2a: Pivin on a Lrayer
|-damage|p2a: Pivin on a Lrayer|71\/384
|move|p2a: Pivin on a Lrayer|Earthquake|p1a: Charizard
|-supereffective|p1a: Charizard
|-damage|p1a: Charizard|0 fnt
|faint|p1a: Charizard
|
|-heal|p2a: Pivin on a Lrayer|95\/384|[from] item: Leftovers
|c| Cosine180|this is kinda your win condition :]
|c| uCan'tSeeMe|hello
|c| Cosine180|*was
|c|âLT6C YongSeun|im doing 
|c| uCan'tSeeMe|why do u sack it
|c|âLT6C YongSeun|some shitty thing like usual 
|c| uCan'tSeeMe|lef deppaard
|c| uCan'tSeeMe|how do u beat thundurus
|c|âLef Deppard|U shall see
|
|switch|p1a: Greninja|Greninja, F|285\/285
|-damage|p1a: Greninja|250\/285|[from] Stealth Rock
|turn|9
|c| uCan'tSeeMe|with hp flying
|
|move|p2a: Pivin on a Lrayer|Ice Shard|p1a: Greninja
|-resisted|p1a: Greninja
|-damage|p1a: Greninja|214\/285
|move|p1a: Greninja|Ice Beam|p2a: Pivin on a Lrayer
|-start|p1a: Greninja|typechange|Ice|[from] Protean
|-supereffective|p2a: Pivin on a Lrayer
|-damage|p2a: Pivin on a Lrayer|0 fnt
|-damage|p1a: Greninja|186\/285|[from] item: Life Orb
|faint|p2a: Pivin on a Lrayer
|
|c| uCan'tSeeMe|eww hurry guys smog tours is startin
|
|switch|p2a: Celebi|Celebi|404\/404
|turn|10
|
|move|p1a: Greninja|Ice Beam|p2a: Celebi
|-supereffective|p2a: Celebi
|-damage|p2a: Celebi|131\/404
|-damage|p1a: Greninja|158\/285|[from] item: Life Orb
|move|p2a: Celebi|Thunder Wave|p1a: Greninja
|-status|p1a: Greninja|par
|
|-heal|p2a: Celebi|156\/404|[from] item: Leftovers
|turn|11
|
|move|p2a: Celebi|Recover|p2a: Celebi
|-heal|p2a: Celebi|358\/404
|move|p1a: Greninja|Ice Beam|p2a: Celebi
|-supereffective|p2a: Celebi
|-damage|p2a: Celebi|93\/404
|-damage|p1a: Greninja|130\/285 par|[from] item: Life Orb
|
|-heal|p2a: Celebi|118\/404|[from] item: Leftovers
|turn|12
|
|move|p2a: Celebi|Recover|p2a: Celebi
|-heal|p2a: Celebi|320\/404
|move|p1a: Greninja|Ice Beam|p2a: Celebi
|-supereffective|p2a: Celebi
|-damage|p2a: Celebi|63\/404
|-damage|p1a: Greninja|102\/285 par|[from] item: Life Orb
|
|-heal|p2a: Celebi|88\/404|[from] item: Leftovers
|turn|13
|
|move|p2a: Celebi|Recover|p2a: Celebi
|-heal|p2a: Celebi|290\/404
|cant|p1a: Greninja|par
|
|-heal|p2a: Celebi|315\/404|[from] item: Leftovers
|turn|14
|
|move|p2a: Celebi|Giga Drain|p1a: Greninja
|-crit|p1a: Greninja
|-damage|p1a: Greninja|0 fnt
|-heal|p2a: Celebi|366\/404|[from] drain|[of] p1a: Greninja
|faint|p1a: Greninja
|
|-heal|p2a: Celebi|391\/404|[from] item: Leftovers
|
|switch|p1a: Thundurus|Thundurus, M|299\/299
|-damage|p1a: Thundurus|225\/299|[from] Stealth Rock
|turn|15
|
|switch|p2a: Zapdos|Zapdos|384\/384
|-ability|p2a: Zapdos|Pressure
|move|p1a: Thundurus|Nasty Plot|p1a: Thundurus
|-boost|p1a: Thundurus|spa|2
|
|turn|16
|
|move|p1a: Thundurus|Thunderbolt|p2a: Zapdos
|-damage|p2a: Zapdos|45\/384
|-damage|p1a: Thundurus|196\/299|[from] item: Life Orb
|move|p2a: Zapdos|Thunderbolt|p1a: Thundurus
|-damage|p1a: Thundurus|42\/299
|
|-heal|p2a: Zapdos|69\/384|[from] item: Leftovers
|turn|17
|c| uCan'tSeeMe|damn
|c| Cosine180|gg pinsir
|
|move|p1a: Thundurus|Hidden Power|p2a: Zapdos
|-crit|p2a: Zapdos
|-supereffective|p2a: Zapdos
|-damage|p2a: Zapdos|0 fnt
|-damage|p1a: Thundurus|13\/299|[from] item: Life Orb
|faint|p2a: Zapdos
|
|c|âLef Deppard|Specially defensive zapdos
|c| uCan'tSeeMe|spdef zapdos
|
|switch|p2a: Pinsir|Pinsir, M|271\/271
|turn|18
|c| uCan'tSeeMe|yeah
|
|switch|p1a: Azumarill|Azumarill, F|364\/364
|-damage|p1a: Azumarill|319\/364|[from] Stealth Rock
|detailschange|p2a: Pinsir|Pinsir-Mega, M
|message|Pinsir has Mega Evolved into Mega Pinsir!
|move|p2a: Pinsir|Quick Attack|p1a: Azumarill
|-damage|p1a: Azumarill|180\/364
|-enditem|p1a: Azumarill|Sitrus Berry|[eat]
|-heal|p1a: Azumarill|271\/364|[from] item: Sitrus Berry
|
|turn|19
|c| uCan'tSeeMe|also dolphin with shard
|c| uCan'tSeeMe|?
|c| uCan'tSeeMe|donphan
|
|switch|p1a: Thundurus|Thundurus, M|13\/299
|-damage|p1a: Thundurus|0 fnt|[from] Stealth Rock
|faint|p1a: Thundurus
|move|p2a: Pinsir|Return|p1: Thundurus|[notarget]
|-notarget
|
|c| Cosine180|PLAYS
|c|âLef Deppard|Weird move
|c| uCan'tSeeMe|what was that
|c| uCan'tSeeMe|yong u on drugs
|c| uCan'tSeeMe|????
|c| Cosine180|too high of a level
|c|âLT6C YongSeun|No i thought 
|c| Cosine180|for all a ya'll to understand
|c|âLT6C YongSeun|moxie
|c|âLT6C YongSeun|lel 
|c| Cosine180|:]
|c| Cosine180|LOL
|c|âLT6C YongSeun|i dont wanted it 
|c|âLef Deppard|Oh wow haha
|c| Cosine180|no one runs moxie anymore fren
|c|âLT6C YongSeun|haha 
|c| uCan'tSeeMe|ma nigga smokin weed while playin
|
|switch|p1a: Landorus|Landorus, M|319\/319
|-damage|p1a: Landorus|280\/319|[from] Stealth Rock
|turn|20
|c|âLef Deppard|Gg
|c|âLT6C YongSeun|it's a scarf one switch 
|c|âLT6C YongSeun|physical 
|c|âLT6C YongSeun|stone miss
|
|move|p2a: Pinsir|Return|p1a: Landorus
|-damage|p1a: Landorus|0 fnt
|faint|p1a: Landorus
|
|c|âLT6C YongSeun|ok nevermind
|
|switch|p1a: Azumarill|Azumarill, F|271\/364
|-damage|p1a: Azumarill|226\/364|[from] Stealth Rock
|turn|21
|c| uCan'tSeeMe|gg guy with that weird ass team
|c|âLef Deppard|Lmfao physical landorus
|c|âLef Deppard|It's a weird ass team
|c|âLef Deppard|but it works
|
|move|p1a: Azumarill|Aqua Jet|p2a: Pinsir
|-damage|p2a: Pinsir|202\/271
|move|p2a: Pinsir|Return|p1a: Azumarill
|-damage|p1a: Azumarill|0 fnt
|faint|p1a: Azumarill
|
|win|Lef Deppard
|raw|Ladder updating...
|raw|LT6C YongSeun's rating: 1681 &rarr; <strong>1668<\/strong><br \/>(-13 for losing)
|raw|Lef Deppard's rating: 1818 &rarr; <strong>1830<\/strong><br \/>(+12 for winning)
|c|âLT6C YongSeun|gg 
|c|âLef Deppard|Gg
|c| uCan'tSeeMe|seems like it does haha
|leave|Cosine180
|leave|LT6C YongSeun
|player|p1
|c|âLef Deppard|Cya man