|join|Lef Deppard
|join|Torterrakion
|player|p1|Lef Deppard|240
|player|p2|Torterrakion|163
|gametype|singles
|gen|6
|tier|OU
|rated
|clearpoke
|poke|p1|Donphan, M
|poke|p1|Zapdos
|poke|p1|Pinsir, M
|poke|p1|Keldeo-Resolute
|poke|p1|Metagross
|poke|p1|Celebi
|poke|p2|Klefki, M
|poke|p2|Bisharp, F
|poke|p2|Azumarill, M
|poke|p2|Charizard, M
|poke|p2|Mew
|poke|p2|Cloyster, F
|rule|Swagger Clause: Swagger is banned
|rule|Baton Pass Clause: Limit one PokÃ©mon knowing Baton Pass
|rule|Sleep Clause Mod: Limit one foe put to sleep
|rule|Species Clause: Limit one of each PokÃ©mon
|rule|OHKO Clause: OHKO moves are banned
|rule|Moody Clause: Moody is banned
|rule|Evasion Moves Clause: Evasion moves are banned
|rule|Endless Battle Clause: Forcing endless battles is banned
|rule|HP Percentage Mod: HP is shown in percentages
|teampreview
|
|start
|switch|p1a: Metagross|Metagross|364\/364
|switch|p2a: Mew|Mew|404\/404
|turn|1
|
|switch|p1a: Keldeo-Resolute|Keldeo-Resolute|322\/322
|move|p2a: Mew|Will-O-Wisp|p1a: Keldeo-Resolute|[miss]
|-miss|p2a: Mew|p1a: Keldeo-Resolute
|
|turn|2
|
|switch|p2a: Azumarill|Azumarill, M|372\/372
|move|p1a: Keldeo-Resolute|Scald|p2a: Azumarill
|-resisted|p2a: Azumarill
|-damage|p2a: Azumarill|246\/372
|-status|p2a: Azumarill|brn
|
|-damage|p2a: Azumarill|200\/372 brn|[from] brn
|turn|3
|
|switch|p1a: Metagross|Metagross|364\/364
|move|p2a: Azumarill|Play Rough|p1a: Metagross
|-resisted|p1a: Metagross
|-damage|p1a: Metagross|328\/364
|
|-heal|p1a: Metagross|350\/364|[from] item: Leftovers
|-damage|p2a: Azumarill|154\/372 brn|[from] brn
|-enditem|p2a: Azumarill|Sitrus Berry|[eat]
|-heal|p2a: Azumarill|247\/372 brn|[from] item: Sitrus Berry
|turn|4
|
|switch|p2a: Mew|Mew|404\/404
|move|p1a: Metagross|Stealth Rock|p2a: Mew
|-sidestart|p2: Torterrakion|move: Stealth Rock
|
|-heal|p1a: Metagross|364\/364|[from] item: Leftovers
|turn|5
|c|âTorterrakion|why are you taking so damn long
|
|switch|p1a: Keldeo-Resolute|Keldeo-Resolute|322\/322
|move|p2a: Mew|Defog|p1a: Keldeo-Resolute
|-unboost|p1a: Keldeo-Resolute|evasion|1
|-sideend|p2: Torterrakion|Stealth Rock|[from] move: Defog|[of] p2a: Mew
|
|turn|6
|c|âLef Deppard|Sorry
|
|switch|p2a: Azumarill|Azumarill, M|247\/372 brn
|move|p1a: Keldeo-Resolute|Scald|p2a: Azumarill
|-crit|p2a: Azumarill
|-resisted|p2a: Azumarill
|-damage|p2a: Azumarill|67\/372 brn
|
|-damage|p2a: Azumarill|21\/372 brn|[from] brn
|turn|7
|
|move|p2a: Azumarill|Aqua Jet|p1a: Keldeo-Resolute
|-resisted|p1a: Keldeo-Resolute
|-damage|p1a: Keldeo-Resolute|298\/322
|move|p1a: Keldeo-Resolute|Scald|p2a: Azumarill
|-resisted|p2a: Azumarill
|-damage|p2a: Azumarill|0 fnt
|faint|p2a: Azumarill
|
|
|switch|p2a: Klefki|Klefki, M|318\/318
|turn|8
|
|switch|p1a: Metagross|Metagross|364\/364
|move|p2a: Klefki|Light Screen|p2a: Klefki
|-sidestart|p2: Torterrakion|move: Light Screen
|
|turn|9
|
|switch|p2a: Mew|Mew|404\/404
|move|p1a: Metagross|Stealth Rock|p2a: Mew
|-sidestart|p2: Torterrakion|move: Stealth Rock
|
|turn|10
|
|move|p2a: Mew|Will-O-Wisp|p1a: Metagross
|-status|p1a: Metagross|brn
|move|p1a: Metagross|Meteor Mash|p2a: Mew
|-damage|p2a: Mew|337\/404
|
|-heal|p2a: Mew|362\/404|[from] item: Leftovers
|-damage|p1a: Metagross|319\/364 brn|[from] brn
|turn|11
|
|switch|p1a: Pinsir|Pinsir, M|271\/271
|move|p2a: Mew|Defog|p1a: Pinsir
|-unboost|p1a: Pinsir|evasion|1
|-sideend|p2: Torterrakion|Stealth Rock|[from] move: Defog|[of] p2a: Mew
|
|-heal|p2a: Mew|387\/404|[from] item: Leftovers
|turn|12
|
|detailschange|p1a: Pinsir|Pinsir-Mega, M
|message|Pinsir has Mega Evolved into Mega Pinsir!
|move|p1a: Pinsir|Swords Dance|p1a: Pinsir
|-boost|p1a: Pinsir|atk|2
|move|p2a: Mew|Will-O-Wisp|p1a: Pinsir
|-status|p1a: Pinsir|brn
|
|-heal|p2a: Mew|404\/404|[from] item: Leftovers
|-damage|p1a: Pinsir|238\/271 brn|[from] brn
|turn|13
|
|switch|p2a: Bisharp|Bisharp, F|272\/272
|move|p1a: Pinsir|Swords Dance|p1a: Pinsir
|-boost|p1a: Pinsir|atk|2
|
|-damage|p1a: Pinsir|205\/271 brn|[from] brn
|turn|14
|
|switch|p1a: Keldeo-Resolute|Keldeo-Resolute|298\/322
|move|p2a: Bisharp|Sucker Punch|p1a: Keldeo-Resolute
|-fail|p1a: Keldeo-Resolute
|
|turn|15
|join|dracollooooss
|
|switch|p2a: Mew|Mew|404\/404
|move|p1a: Keldeo-Resolute|Scald|p2a: Mew
|-damage|p2a: Mew|302\/404
|
|-heal|p2a: Mew|327\/404|[from] item: Leftovers
|-sideend|p2: Torterrakion|move: Light Screen
|turn|16
|
|move|p1a: Keldeo-Resolute|Scald|p2a: Mew
|-damage|p2a: Mew|102\/404
|move|p2a: Mew|Knock Off|p1a: Keldeo-Resolute
|-resisted|p1a: Keldeo-Resolute
|-damage|p1a: Keldeo-Resolute|254\/322
|-boost|p1a: Keldeo-Resolute|atk|1|[from] ability: Justified
|-enditem|p1a: Keldeo-Resolute|Choice Specs|[from] move: Knock Off|[of] p2a: Mew
|
|-heal|p2a: Mew|127\/404|[from] item: Leftovers
|turn|17
|c| dracollooooss|mais qui joue cloyster
|
|switch|p2a: Klefki|Klefki, M|318\/318
|move|p1a: Keldeo-Resolute|Hydro Pump|p2a: Klefki
|-damage|p2a: Klefki|135\/318
|
|turn|18
|c|âLef Deppard|Qui joue donphan? Lol
|c|âLef Deppard|Cloyster est pas pire
|c|âLef Deppard|avec double screen
|
|switch|p1a: Celebi|Celebi|404\/404
|move|p2a: Klefki|Light Screen|p2a: Klefki
|-sidestart|p2: Torterrakion|move: Light Screen
|
|turn|19
|
|switch|p2a: Charizard|Charizard, M|298\/298
|move|p1a: Celebi|Heal Bell|p1a: Celebi
|-cureteam|p1a: Celebi|[from] move: HealBell
|
|turn|20
|c| dracollooooss|donphan est cool
|c|âLef Deppard|Merci haha
|
|detailschange|p2a: Charizard|Charizard-Mega-X, M
|message|Charizard has Mega Evolved into Mega Charizard!
|move|p2a: Charizard|Flare Blitz|p1a: Celebi
|-crit|p1a: Celebi
|-supereffective|p1a: Celebi
|-damage|p1a: Celebi|0 fnt
|-damage|p2a: Charizard|165\/298|[from] recoil|[of] p1a: Celebi
|faint|p1a: Celebi
|
|
|switch|p1a: Pinsir|Pinsir-Mega, M|205\/271
|turn|21
|
|move|p1a: Pinsir|Return|p2a: Charizard
|-damage|p2a: Charizard|0 fnt
|faint|p2a: Charizard
|
|
|switch|p2a: Klefki|Klefki, M|135\/318
|turn|22
|
|switch|p1a: Pivin on a Lrayer|Donphan, M|384\/384
|move|p2a: Klefki|Thunder Wave|p1a: Pivin on a Lrayer
|-immune|p1a: Pivin on a Lrayer|[msg]
|
|turn|23
|
|switch|p2a: Mew|Mew|127\/404
|move|p1a: Pivin on a Lrayer|Earthquake|p2a: Mew
|-damage|p2a: Mew|0 fnt
|faint|p2a: Mew
|
|
|switch|p2a: Cloyster|Cloyster, F|278\/278
|turn|24
|
|switch|p2a: Bisharp|Bisharp, F|272\/272
|move|p1a: Pivin on a Lrayer|Stone Edge|p2a: Bisharp
|-resisted|p2a: Bisharp
|-damage|p2a: Bisharp|212\/272
|
|turn|25
|c| dracollooooss|ok
|
|move|p2a: Bisharp|Knock Off|p1a: Pivin on a Lrayer
|-damage|p1a: Pivin on a Lrayer|197\/384
|-enditem|p1a: Pivin on a Lrayer|Leftovers|[from] move: Knock Off|[of] p2a: Bisharp
|move|p1a: Pivin on a Lrayer|Earthquake|p2a: Bisharp
|-supereffective|p2a: Bisharp
|-damage|p2a: Bisharp|0 fnt
|faint|p2a: Bisharp
|
|-sideend|p2: Torterrakion|move: Light Screen
|
|switch|p2a: Klefki|Klefki, M|135\/318
|turn|26
|
|move|p2a: Klefki|Reflect|p2a: Klefki
|-sidestart|p2: Torterrakion|Reflect
|move|p1a: Pivin on a Lrayer|Earthquake|p2a: Klefki
|-supereffective|p2a: Klefki
|-damage|p2a: Klefki|0 fnt
|faint|p2a: Klefki
|
|
|switch|p2a: Cloyster|Cloyster, F|278\/278
|turn|27
|c| dracollooooss|donphan est le gros probleme de sa team
|
|switch|p1a: Keldeo-Resolute|Keldeo-Resolute|254\/322
|move|p2a: Cloyster|Shell Smash|p2a: Cloyster
|-boost|p2a: Cloyster|atk|2
|-boost|p2a: Cloyster|spa|2
|-boost|p2a: Cloyster|spe|2
|-unboost|p2a: Cloyster|def|1
|-unboost|p2a: Cloyster|spd|1
|
|turn|28
|c|âLef Deppard|Chacun son opinion
|
|move|p2a: Cloyster|Natural Gift|p1a: Keldeo-Resolute
|-supereffective|p1a: Keldeo-Resolute
|-damage|p1a: Keldeo-Resolute|0 fnt
|faint|p1a: Keldeo-Resolute
|
|c| dracollooooss|et oui
|c| dracollooooss|lol
|c|âLef Deppard|Wtf
|
|switch|p1a: Zapdos|Zapdos|384\/384
|-ability|p1a: Zapdos|Pressure
|turn|29
|
|switch|p1a: Metagross|Metagross|319\/364
|move|p2a: Cloyster|Icicle Spear|p1a: Metagross
|-crit|p1a: Metagross
|-resisted|p1a: Metagross
|-damage|p1a: Metagross|269\/364
|-resisted|p1a: Metagross
|-damage|p1a: Metagross|239\/364
|-resisted|p1a: Metagross
|-damage|p1a: Metagross|209\/364
|-resisted|p1a: Metagross
|-damage|p1a: Metagross|178\/364
|-resisted|p1a: Metagross
|-damage|p1a: Metagross|149\/364
|-hitcount|p1a: Metagross|5
|
|-heal|p1a: Metagross|171\/364|[from] item: Leftovers
|turn|30
|
|move|p2a: Cloyster|Icicle Spear|p1a: Metagross
|-resisted|p1a: Metagross
|-damage|p1a: Metagross|138\/364
|-resisted|p1a: Metagross
|-damage|p1a: Metagross|108\/364
|-resisted|p1a: Metagross
|-damage|p1a: Metagross|77\/364
|-resisted|p1a: Metagross
|-damage|p1a: Metagross|45\/364
|-resisted|p1a: Metagross
|-damage|p1a: Metagross|14\/364
|-hitcount|p1a: Metagross|5
|move|p1a: Metagross|Meteor Mash|p2a: Cloyster
|-damage|p2a: Cloyster|204\/278
|
|-heal|p1a: Metagross|36\/364|[from] item: Leftovers
|turn|31
|c|âTorterrakion|yummy
|
|move|p1a: Metagross|Bullet Punch|p2a: Cloyster
|-damage|p2a: Cloyster|171\/278
|move|p2a: Cloyster|Icicle Spear|p1a: Metagross
|-resisted|p1a: Metagross
|-damage|p1a: Metagross|3\/364
|-resisted|p1a: Metagross
|-damage|p1a: Metagross|0 fnt
|-hitcount|p1a: Metagross|2
|faint|p1a: Metagross
|
|
|switch|p1a: Pivin on a Lrayer|Donphan, M|197\/384
|turn|32
|
|move|p1a: Pivin on a Lrayer|Ice Shard|p2a: Cloyster
|-resisted|p2a: Cloyster
|-damage|p2a: Cloyster|166\/278
|move|p2a: Cloyster|Icicle Spear|p1a: Pivin on a Lrayer
|-supereffective|p1a: Pivin on a Lrayer
|-damage|p1a: Pivin on a Lrayer|53\/384
|-supereffective|p1a: Pivin on a Lrayer
|-damage|p1a: Pivin on a Lrayer|0 fnt
|-hitcount|p1a: Pivin on a Lrayer|2
|faint|p1a: Pivin on a Lrayer
|
|
|switch|p1a: Zapdos|Zapdos|384\/384
|-ability|p1a: Zapdos|Pressure
|turn|33
|
|move|p2a: Cloyster|Icicle Spear|p1a: Zapdos
|-supereffective|p1a: Zapdos
|-damage|p1a: Zapdos|196\/384
|-supereffective|p1a: Zapdos
|-damage|p1a: Zapdos|28\/384
|-supereffective|p1a: Zapdos
|-damage|p1a: Zapdos|0 fnt
|-hitcount|p1a: Zapdos|3
|faint|p1a: Zapdos
|
|-sideend|p2: Torterrakion|Reflect
|
|switch|p1a: Pinsir|Pinsir-Mega, M|205\/271
|turn|34
|c|âTorterrakion|inb4 quick attack crit
|c|âTorterrakion|wait lemme calc ice shard
|c| dracollooooss|perso j'utilisais talon natural gift
|c|âLef Deppard|Ok on talon
|c|âLef Deppard|mais sur cloyster?
|c|âLef Deppard|wtf
|c| dracollooooss|oui
|
|move|p1a: Pinsir|Quick Attack|p2a: Cloyster
|-damage|p2a: Cloyster|69\/278
|move|p2a: Cloyster|Icicle Spear|p1a: Pinsir
|-supereffective|p1a: Pinsir
|-damage|p1a: Pinsir|79\/271
|-supereffective|p1a: Pinsir
|-damage|p1a: Pinsir|0 fnt
|-hitcount|p1a: Pinsir|2
|faint|p1a: Pinsir
|
|win|Torterrakion
|raw|Ladder updating...
|raw|Lef Deppard's rating: 1721 &rarr; <strong>1703<\/strong><br \/>(-18 for losing)
|raw|Torterrakion's rating: 1756 &rarr; <strong>1774<\/strong><br \/>(+18 for winning)
|c|âTorterrakion|gg
|c|âLef Deppard|Nique sa mÃ¨re en short
|c| dracollooooss|il fallait y panser
|c|âTorterrakion|wut?
|leave|Lef Deppard
|c| dracollooooss|gg
|player|p1