|join|Lef Deppard
|join|Jeevs
|player|p1|Lef Deppard|240
|player|p2|Jeevs|52
|gametype|singles
|gen|6
|tier|OU
|rated
|clearpoke
|poke|p1|Donphan, M
|poke|p1|Zapdos
|poke|p1|Pinsir, M
|poke|p1|Keldeo-Resolute
|poke|p1|Metagross
|poke|p1|Celebi
|poke|p2|Altaria, M
|poke|p2|Dragonite, M
|poke|p2|Magnezone
|poke|p2|Scizor, F
|poke|p2|Mamoswine, F
|poke|p2|Kyurem
|rule|Swagger Clause: Swagger is banned
|rule|Baton Pass Clause: Limit one PokÃ©mon knowing Baton Pass
|rule|Sleep Clause Mod: Limit one foe put to sleep
|rule|Species Clause: Limit one of each PokÃ©mon
|rule|OHKO Clause: OHKO moves are banned
|rule|Moody Clause: Moody is banned
|rule|Evasion Moves Clause: Evasion moves are banned
|rule|Endless Battle Clause: Forcing endless battles is banned
|rule|HP Percentage Mod: HP is shown in percentages
|teampreview
|
|start
|switch|p1a: Animal|Keldeo-Resolute|322\/322
|switch|p2a: Scizor|Scizor, F|343\/343
|turn|1
|
|move|p1a: Animal|Icy Wind|p2a: Scizor
|-resisted|p2a: Scizor
|-damage|p2a: Scizor|294\/343
|-unboost|p2a: Scizor|spe|1
|move|p2a: Scizor|U-turn|p1a: Animal
|-resisted|p1a: Animal
|-damage|p1a: Animal|256\/322
|
|switch|p2a: Magnezone|Magnezone|291\/291
|
|turn|2
|
|switch|p1a: Pour some on me|Donphan, M|384\/384
|move|p2a: Magnezone|Flash Cannon|p1a: Pour some on me
|-damage|p1a: Pour some on me|39\/384
|
|-heal|p1a: Pour some on me|63\/384|[from] item: Leftovers
|turn|3
|
|switch|p1a: Undefeated|Metagross|364\/364
|move|p2a: Magnezone|Flash Cannon|p1a: Undefeated
|-resisted|p1a: Undefeated
|-damage|p1a: Undefeated|255\/364
|
|-heal|p1a: Undefeated|277\/364|[from] item: Leftovers
|turn|4
|
|switch|p2a: Scizor|Scizor, F|294\/343
|move|p1a: Undefeated|Stealth Rock|p2a: Scizor
|-sidestart|p2: Jeevs|move: Stealth Rock
|
|-heal|p1a: Undefeated|299\/364|[from] item: Leftovers
|-heal|p2a: Scizor|315\/343|[from] item: Leftovers
|turn|5
|
|switch|p1a: Photograph|Zapdos|384\/384
|-ability|p1a: Photograph|Pressure
|move|p2a: Scizor|Defog|p1a: Photograph
|-unboost|p1a: Photograph|evasion|1
|-sideend|p2: Jeevs|Stealth Rock|[from] move: Defog|[of] p2a: Scizor
|
|-heal|p2a: Scizor|336\/343|[from] item: Leftovers
|turn|6
|
|switch|p1a: Animal|Keldeo-Resolute|256\/322
|switch|p2a: Kyurem|Kyurem|413\/413
|-ability|p2a: Kyurem|Pressure
|
|turn|7
|
|switch|p2a: Scizor|Scizor, F|336\/343
|move|p1a: Animal|Secret Sword|p2a: Scizor
|-damage|p2a: Scizor|107\/343
|
|-heal|p2a: Scizor|128\/343|[from] item: Leftovers
|turn|8
|
|switch|p2a: Altaria|Altaria, M|291\/291
|move|p1a: Animal|Secret Sword|p2a: Altaria
|-crit|p2a: Altaria
|-resisted|p2a: Altaria
|-damage|p2a: Altaria|105\/291
|
|turn|9
|
|switch|p1a: Undefeated|Metagross|299\/364
|detailschange|p2a: Altaria|Altaria-Mega, M
|message|Altaria has Mega Evolved into Mega Altaria!
|move|p2a: Altaria|Frustration|p1a: Undefeated
|-resisted|p1a: Undefeated
|-damage|p1a: Undefeated|215\/364
|
|-heal|p1a: Undefeated|237\/364|[from] item: Leftovers
|turn|10
|
|move|p2a: Altaria|Earthquake|p1a: Undefeated
|-supereffective|p1a: Undefeated
|-damage|p1a: Undefeated|67\/364
|move|p1a: Undefeated|Stealth Rock|p2a: Altaria
|-sidestart|p2: Jeevs|move: Stealth Rock
|
|-heal|p1a: Undefeated|89\/364|[from] item: Leftovers
|turn|11
|
|move|p1a: Undefeated|Bullet Punch|p2a: Altaria
|-crit|p2a: Altaria
|-supereffective|p2a: Altaria
|-damage|p2a: Altaria|0 fnt
|faint|p2a: Altaria
|
|-heal|p1a: Undefeated|111\/364|[from] item: Leftovers
|
|switch|p2a: Scizor|Scizor, F|128\/343
|-damage|p2a: Scizor|86\/343|[from] Stealth Rock
|turn|12
|
|move|p1a: Undefeated|Earthquake|p2a: Scizor
|-damage|p2a: Scizor|0 fnt
|faint|p2a: Scizor
|
|-heal|p1a: Undefeated|133\/364|[from] item: Leftovers
|
|switch|p2a: Mamoswine|Mamoswine, F|361\/361
|-damage|p2a: Mamoswine|316\/361|[from] Stealth Rock
|turn|13
|
|move|p1a: Undefeated|Bullet Punch|p2a: Mamoswine
|-supereffective|p2a: Mamoswine
|-damage|p2a: Mamoswine|130\/361
|move|p2a: Mamoswine|Earthquake|p1a: Undefeated
|-crit|p1a: Undefeated
|-supereffective|p1a: Undefeated
|-damage|p1a: Undefeated|0 fnt
|-damage|p2a: Mamoswine|94\/361|[from] item: Life Orb
|faint|p1a: Undefeated
|
|
|switch|p1a: Animal|Keldeo-Resolute|256\/322
|turn|14
|
|move|p2a: Mamoswine|Ice Shard|p1a: Animal
|-resisted|p1a: Animal
|-damage|p1a: Animal|201\/322
|-damage|p2a: Mamoswine|58\/361|[from] item: Life Orb
|move|p1a: Animal|Secret Sword|p2a: Mamoswine
|-supereffective|p2a: Mamoswine
|-damage|p2a: Mamoswine|0 fnt
|faint|p2a: Mamoswine
|
|
|switch|p2a: Dragonite|Dragonite, M|337\/337
|-damage|p2a: Dragonite|253\/337|[from] Stealth Rock
|turn|15
|
|switch|p1a: Pour some on me|Donphan, M|63\/384
|move|p2a: Dragonite|Extreme Speed|p1a: Pour some on me
|-damage|p1a: Pour some on me|0 fnt
|faint|p1a: Pour some on me
|
|
|switch|p1a: Photograph|Zapdos|384\/384
|-ability|p1a: Photograph|Pressure
|turn|16
|
|switch|p2a: Kyurem|Kyurem|413\/413
|-damage|p2a: Kyurem|310\/413|[from] Stealth Rock
|-ability|p2a: Kyurem|Pressure
|move|p1a: Photograph|Hidden Power|p2a: Kyurem
|-damage|p2a: Kyurem|247\/413
|
|-heal|p2a: Kyurem|272\/413|[from] item: Leftovers
|turn|17
|
|switch|p1a: Animal|Keldeo-Resolute|201\/322
|move|p2a: Kyurem|Substitute|p2a: Kyurem
|-start|p2a: Kyurem|Substitute
|-damage|p2a: Kyurem|169\/413
|
|-heal|p2a: Kyurem|194\/413|[from] item: Leftovers
|turn|18
|
|move|p1a: Animal|Secret Sword|p2a: Kyurem
|-supereffective|p2a: Kyurem
|-end|p2a: Kyurem|Substitute
|move|p2a: Kyurem|Earth Power|p1a: Animal
|-damage|p1a: Animal|65\/322
|
|-heal|p2a: Kyurem|219\/413|[from] item: Leftovers
|turn|19
|
|move|p1a: Animal|Secret Sword|p2a: Kyurem
|-supereffective|p2a: Kyurem
|-damage|p2a: Kyurem|0 fnt
|faint|p2a: Kyurem
|
|
|switch|p2a: Dragonite|Dragonite, M|253\/337
|-damage|p2a: Dragonite|169\/337|[from] Stealth Rock
|turn|20
|
|switch|p1a: Love bites|Celebi|404\/404
|move|p2a: Dragonite|Extreme Speed|p1a: Love bites
|-damage|p1a: Love bites|252\/404
|
|-heal|p1a: Love bites|277\/404|[from] item: Leftovers
|turn|21
|
|move|p2a: Dragonite|Extreme Speed|p1a: Love bites
|-damage|p1a: Love bites|113\/404
|move|p1a: Love bites|Giga Drain|p2a: Dragonite
|-crit|p2a: Dragonite
|-resisted|p2a: Dragonite
|-damage|p2a: Dragonite|134\/337
|-heal|p1a: Love bites|131\/404|[from] drain|[of] p2a: Dragonite
|
|-heal|p1a: Love bites|156\/404|[from] item: Leftovers
|turn|22
|
|move|p2a: Dragonite|Extreme Speed|p1a: Love bites
|-damage|p1a: Love bites|0 fnt
|faint|p1a: Love bites
|
|
|switch|p1a: Armageddon it|Pinsir, M|271\/271
|turn|23
|
|detailschange|p1a: Armageddon it|Pinsir-Mega, M
|message|Pinsir has Mega Evolved into Mega Pinsir!
|move|p2a: Dragonite|Extreme Speed|p1a: Armageddon it
|-damage|p1a: Armageddon it|134\/271
|move|p1a: Armageddon it|Return|p2a: Dragonite
|-damage|p2a: Dragonite|0 fnt
|faint|p2a: Dragonite
|
|
|switch|p2a: Magnezone|Magnezone|291\/291
|-damage|p2a: Magnezone|273\/291|[from] Stealth Rock
|turn|24
|
|move|p1a: Armageddon it|Close Combat|p2a: Magnezone
|-supereffective|p2a: Magnezone
|-damage|p2a: Magnezone|0 fnt
|-unboost|p1a: Armageddon it|def|1
|-unboost|p1a: Armageddon it|spd|1
|faint|p2a: Magnezone
|
|win|Lef Deppard
|raw|Ladder updating...
|c|âLef Deppard|Gg
|raw|Lef Deppard's rating: 1624 &rarr; <strong>1640<\/strong><br \/>(+16 for winning)
|raw|Jeevs's rating: 1557 &rarr; <strong>1541<\/strong><br \/>(-16 for losing)
|leave|Jeevs
|player|p2