|join|Lef Deppard
|join|I'm a Garchomp
|player|p1|Lef Deppard|240
|player|p2|I'm a Garchomp|260
|gametype|singles
|gen|6
|tier|OU
|rated
|clearpoke
|poke|p1|Donphan, M
|poke|p1|Zapdos
|poke|p1|Pinsir, M
|poke|p1|Keldeo-Resolute
|poke|p1|Metagross
|poke|p1|Celebi
|poke|p2|Swampert, M
|poke|p2|Politoed, F
|poke|p2|Kabutops, M
|poke|p2|Ludicolo, M
|poke|p2|Raikou, shiny
|poke|p2|Ferrothorn, F
|rule|Swagger Clause: Swagger is banned
|rule|Baton Pass Clause: Limit one PokÃ©mon knowing Baton Pass
|rule|Sleep Clause Mod: Limit one foe put to sleep
|rule|Species Clause: Limit one of each PokÃ©mon
|rule|OHKO Clause: OHKO moves are banned
|rule|Moody Clause: Moody is banned
|rule|Evasion Moves Clause: Evasion moves are banned
|rule|Endless Battle Clause: Forcing endless battles is banned
|rule|HP Percentage Mod: HP is shown in percentages
|teampreview
|
|start
|switch|p1a: Undefeated|Metagross|364\/364
|switch|p2a: Ferrothorn|Ferrothorn, F|352\/352
|turn|1
|
|move|p1a: Undefeated|Stealth Rock|p2a: Ferrothorn
|-sidestart|p2: I'm a Garchomp|move: Stealth Rock
|move|p2a: Ferrothorn|Leech Seed|p1a: Undefeated|[miss]
|-miss|p2a: Ferrothorn|p1a: Undefeated
|
|turn|2
|
|switch|p1a: Animal|Keldeo-Resolute|322\/322
|move|p2a: Ferrothorn|Stealth Rock|p1a: Animal
|-sidestart|p1: Lef Deppard|move: Stealth Rock
|
|turn|3
|
|move|p1a: Animal|Secret Sword|p2a: Ferrothorn
|-supereffective|p2a: Ferrothorn
|-damage|p2a: Ferrothorn|62\/352
|move|p2a: Ferrothorn|Leech Seed|p1a: Animal
|-start|p1a: Animal|move: Leech Seed
|
|-damage|p1a: Animal|282\/322|[from] Leech Seed|[of] p2a: Ferrothorn
|-heal|p2a: Ferrothorn|102\/352|[silent]
|turn|4
|
|switch|p1a: Love bites|Celebi|404\/404
|-damage|p1a: Love bites|354\/404|[from] Stealth Rock
|move|p2a: Ferrothorn|Protect|p2a: Ferrothorn
|-fail|p2a: Ferrothorn
|
|-heal|p1a: Love bites|379\/404|[from] item: Leftovers
|turn|5
|
|move|p1a: Love bites|Thunder Wave|p2a: Ferrothorn
|-status|p2a: Ferrothorn|par
|move|p2a: Ferrothorn|Gyro Ball|p1a: Love bites
|-damage|p1a: Love bites|219\/404
|
|-heal|p1a: Love bites|244\/404|[from] item: Leftovers
|turn|6
|
|move|p1a: Love bites|Recover|p1a: Love bites
|-heal|p1a: Love bites|404\/404
|cant|p2a: Ferrothorn|par
|
|turn|7
|
|move|p1a: Love bites|Giga Drain|p2a: Ferrothorn
|-resisted|p2a: Ferrothorn
|-damage|p2a: Ferrothorn|84\/352 par
|cant|p2a: Ferrothorn|par
|
|turn|8
|
|move|p1a: Love bites|Giga Drain|p2a: Ferrothorn
|-crit|p2a: Ferrothorn
|-resisted|p2a: Ferrothorn
|-damage|p2a: Ferrothorn|57\/352 par
|cant|p2a: Ferrothorn|par
|
|turn|9
|
|move|p1a: Love bites|Giga Drain|p2a: Ferrothorn
|-resisted|p2a: Ferrothorn
|-damage|p2a: Ferrothorn|42\/352 par
|move|p2a: Ferrothorn|Gyro Ball|p1a: Love bites
|-damage|p1a: Love bites|233\/404
|
|-heal|p1a: Love bites|258\/404|[from] item: Leftovers
|turn|10
|
|move|p1a: Love bites|Recover|p1a: Love bites
|-heal|p1a: Love bites|404\/404
|move|p2a: Ferrothorn|Stealth Rock|p1a: Love bites
|-fail|p1a: Love bites
|
|turn|11
|
|move|p1a: Love bites|Giga Drain|p2a: Ferrothorn
|-resisted|p2a: Ferrothorn
|-damage|p2a: Ferrothorn|26\/352 par
|move|p2a: Ferrothorn|Gyro Ball|p1a: Love bites
|-damage|p1a: Love bites|247\/404
|
|-heal|p1a: Love bites|272\/404|[from] item: Leftovers
|turn|12
|
|move|p1a: Love bites|Recover|p1a: Love bites
|-heal|p1a: Love bites|404\/404
|move|p2a: Ferrothorn|Gyro Ball|p1a: Love bites
|-damage|p1a: Love bites|229\/404
|
|-heal|p1a: Love bites|254\/404|[from] item: Leftovers
|turn|13
|join|huee hue hue
|
|move|p1a: Love bites|Recover|p1a: Love bites
|-heal|p1a: Love bites|404\/404
|move|p2a: Ferrothorn|Gyro Ball|p1a: Love bites
|-damage|p1a: Love bites|223\/404
|
|-heal|p1a: Love bites|248\/404|[from] item: Leftovers
|turn|14
|
|move|p1a: Love bites|Recover|p1a: Love bites
|-heal|p1a: Love bites|404\/404
|move|p2a: Ferrothorn|Gyro Ball|p1a: Love bites
|-damage|p1a: Love bites|230\/404
|
|-heal|p1a: Love bites|255\/404|[from] item: Leftovers
|turn|15
|
|move|p1a: Love bites|Recover|p1a: Love bites
|-heal|p1a: Love bites|404\/404
|move|p2a: Ferrothorn|Gyro Ball|p1a: Love bites
|-damage|p1a: Love bites|236\/404
|
|-heal|p1a: Love bites|261\/404|[from] item: Leftovers
|turn|16
|
|move|p1a: Love bites|Recover|p1a: Love bites
|-heal|p1a: Love bites|404\/404
|move|p2a: Ferrothorn|Gyro Ball|p1a: Love bites
|-damage|p1a: Love bites|227\/404
|
|-heal|p1a: Love bites|252\/404|[from] item: Leftovers
|turn|17
|
|move|p1a: Love bites|Recover|p1a: Love bites
|-heal|p1a: Love bites|404\/404
|move|p2a: Ferrothorn|Leech Seed|p1a: Love bites
|-immune|p1a: Love bites|[msg]
|
|turn|18
|
|move|p1a: Love bites|Giga Drain|p2a: Ferrothorn
|-resisted|p2a: Ferrothorn
|-damage|p2a: Ferrothorn|8\/352 par
|cant|p2a: Ferrothorn|par
|
|turn|19
|
|move|p1a: Love bites|Giga Drain|p2a: Ferrothorn
|-resisted|p2a: Ferrothorn
|-damage|p2a: Ferrothorn|0 fnt
|faint|p2a: Ferrothorn
|
|
|switch|p2a: Politoed|Politoed, F|383\/383
|-damage|p2a: Politoed|336\/383|[from] Stealth Rock
|-weather|RainDance
|turn|20
|
|switch|p2a: Death|Ludicolo, M|301\/301
|-damage|p2a: Death|264\/301|[from] Stealth Rock
|move|p1a: Love bites|Thunder Wave|p2a: Death
|-status|p2a: Death|par
|
|-weather|RainDance|[upkeep]
|turn|21
|
|move|p1a: Love bites|Giga Drain|p2a: Death
|-damage|p2a: Death|182\/301 par
|move|p2a: Death|Ice Beam|p1a: Love bites
|-supereffective|p1a: Love bites
|-damage|p1a: Love bites|227\/404
|-damage|p2a: Death|152\/301 par|[from] item: Life Orb
|
|-weather|RainDance|[upkeep]
|-heal|p1a: Love bites|252\/404|[from] item: Leftovers
|turn|22
|
|move|p1a: Love bites|Recover|p1a: Love bites
|-heal|p1a: Love bites|404\/404
|move|p2a: Death|Ice Beam|p1a: Love bites
|-supereffective|p1a: Love bites
|-damage|p1a: Love bites|235\/404
|-damage|p2a: Death|122\/301 par|[from] item: Life Orb
|
|-weather|RainDance|[upkeep]
|-heal|p1a: Love bites|260\/404|[from] item: Leftovers
|turn|23
|
|move|p1a: Love bites|Recover|p1a: Love bites
|-heal|p1a: Love bites|404\/404
|cant|p2a: Death|par
|
|-weather|RainDance|[upkeep]
|turn|24
|
|move|p1a: Love bites|Giga Drain|p2a: Death
|-damage|p2a: Death|43\/301 par
|move|p2a: Death|Ice Beam|p1a: Love bites
|-supereffective|p1a: Love bites
|-damage|p1a: Love bites|232\/404
|-damage|p2a: Death|13\/301 par|[from] item: Life Orb
|
|-weather|RainDance|[upkeep]
|-heal|p1a: Love bites|257\/404|[from] item: Leftovers
|turn|25
|
|move|p1a: Love bites|Giga Drain|p2a: Death
|-damage|p2a: Death|0 fnt
|-heal|p1a: Love bites|264\/404|[from] drain|[of] p2a: Death
|faint|p2a: Death
|
|-weather|RainDance|[upkeep]
|-heal|p1a: Love bites|289\/404|[from] item: Leftovers
|
|switch|p2a: Master Chef|Kabutops, M|261\/261
|-damage|p2a: Master Chef|229\/261|[from] Stealth Rock
|turn|26
|
|move|p2a: Master Chef|Stone Edge|p1a: Love bites
|-damage|p1a: Love bites|39\/404
|-damage|p2a: Master Chef|203\/261|[from] item: Life Orb
|move|p1a: Love bites|Giga Drain|p2a: Master Chef
|-supereffective|p2a: Master Chef
|-damage|p2a: Master Chef|0 fnt
|-heal|p1a: Love bites|141\/404|[from] drain|[of] p2a: Master Chef
|faint|p2a: Master Chef
|
|-weather|RainDance|[upkeep]
|-heal|p1a: Love bites|166\/404|[from] item: Leftovers
|
|switch|p2a: Raikou|Raikou, shiny|321\/321
|-damage|p2a: Raikou|281\/321|[from] Stealth Rock
|-ability|p2a: Raikou|Pressure
|turn|27
|
|move|p2a: Raikou|Thunder|p1a: Love bites
|-resisted|p1a: Love bites
|-damage|p1a: Love bites|70\/404
|-status|p1a: Love bites|par
|-damage|p2a: Raikou|249\/321|[from] item: Life Orb
|move|p1a: Love bites|Recover|p1a: Love bites
|-heal|p1a: Love bites|272\/404 par
|
|-weather|none
|-heal|p1a: Love bites|297\/404 par|[from] item: Leftovers
|turn|28
|
|move|p2a: Raikou|Volt Switch|p1a: Love bites
|-resisted|p1a: Love bites
|-damage|p1a: Love bites|235\/404 par
|-damage|p2a: Raikou|217\/321|[from] item: Life Orb
|
|switch|p2a: Politoed|Politoed, F|336\/383
|-damage|p2a: Politoed|289\/383|[from] Stealth Rock
|-weather|RainDance
|move|p1a: Love bites|Giga Drain|p2a: Politoed
|-supereffective|p2a: Politoed
|-damage|p2a: Politoed|143\/383
|-heal|p1a: Love bites|308\/404 par|[from] drain|[of] p2a: Politoed
|
|-weather|RainDance|[upkeep]
|-heal|p1a: Love bites|333\/404 par|[from] item: Leftovers
|turn|29
|
|move|p2a: Politoed|Rest|p2a: Politoed
|-status|p2a: Politoed|slp
|-heal|p2a: Politoed|383\/383 slp|[silent]
|-status|p2a: Politoed|slp|[from] move: Rest
|move|p1a: Love bites|Giga Drain|p2a: Politoed
|-supereffective|p2a: Politoed
|-damage|p2a: Politoed|215\/383 slp
|-heal|p1a: Love bites|404\/404 par|[from] drain|[of] p2a: Politoed
|
|-weather|RainDance|[upkeep]
|turn|30
|
|switch|p2a: Hax Wiggy|Swampert, M|349\/349
|-damage|p2a: Hax Wiggy|328\/349|[from] Stealth Rock
|cant|p1a: Love bites|par
|
|-weather|RainDance|[upkeep]
|turn|31
|
|detailschange|p2a: Hax Wiggy|Swampert-Mega, M
|message|Swampert has Mega Evolved into Mega Swampert!
|move|p2a: Hax Wiggy|Ice Punch|p1a: Love bites
|-supereffective|p1a: Love bites
|-damage|p1a: Love bites|180\/404 par
|cant|p1a: Love bites|par
|
|-weather|RainDance|[upkeep]
|-heal|p1a: Love bites|205\/404 par|[from] item: Leftovers
|turn|32
|
|switch|p1a: Undefeated|Metagross|364\/364
|-damage|p1a: Undefeated|342\/364|[from] Stealth Rock
|move|p2a: Hax Wiggy|Ice Punch|p1a: Undefeated
|-resisted|p1a: Undefeated
|-damage|p1a: Undefeated|297\/364
|
|-weather|RainDance|[upkeep]
|-heal|p1a: Undefeated|319\/364|[from] item: Leftovers
|turn|33
|c|âI'm a Garchomp|don't call hax
|
|move|p2a: Hax Wiggy|Earthquake|p1a: Undefeated
|-supereffective|p1a: Undefeated
|-damage|p1a: Undefeated|0 fnt
|faint|p1a: Undefeated
|
|-weather|RainDance|[upkeep]
|c|âI'm a Garchomp|you almost 6-0'd me
|c|âLef Deppard|I didn't say anything
|c|âI'm a Garchomp|still
|
|switch|p1a: Animal|Keldeo-Resolute|282\/322
|-damage|p1a: Animal|262\/322|[from] Stealth Rock
|turn|34
|c|âI'm a Garchomp|being proactive
|
|move|p2a: Hax Wiggy|Earthquake|p1a: Animal
|-damage|p1a: Animal|13\/322
|move|p1a: Animal|Scald|p2a: Hax Wiggy
|-damage|p2a: Hax Wiggy|18\/349
|-status|p2a: Hax Wiggy|brn
|
|-weather|RainDance|[upkeep]
|-damage|p2a: Hax Wiggy|0 fnt|[from] brn
|faint|p2a: Hax Wiggy
|c|âI'm a Garchomp|hax
|
|switch|p2a: Raikou|Raikou, shiny|217\/321
|-damage|p2a: Raikou|177\/321|[from] Stealth Rock
|-ability|p2a: Raikou|Pressure
|turn|35
|c|âLef Deppard|Didn't matter
|
|move|p1a: Animal|Scald|p2a: Raikou
|-damage|p2a: Raikou|0 fnt
|faint|p2a: Raikou
|
|-weather|none
|c|âLef Deppard|Gg
|c|âI'm a Garchomp|yeah it did
|c|âI'm a Garchomp|gg
|
|switch|p2a: Politoed|Politoed, F|215\/383 slp
|-damage|p2a: Politoed|168\/383 slp|[from] Stealth Rock
|-weather|RainDance
|turn|36
|c|âLef Deppard|No it didnt
|c|âI'm a Garchomp|Pin swept me
|c|âLef Deppard|i have quick attack and ice shard
|c|âI'm a Garchomp|ik
|c|âI'm a Garchomp|but Raik
|
|move|p1a: Animal|Scald|p2a: Politoed
|-resisted|p2a: Politoed
|-damage|p2a: Politoed|19\/383 slp
|cant|p2a: Politoed|slp
|
|-weather|RainDance|[upkeep]
|turn|37
|-message|I'm a Garchomp forfeited.
|
|win|Lef Deppard
|raw|Ladder updating...
|c|âLef Deppard|Cya around mate
|leave|I'm a Garchomp
|player|p2
|raw|Lef Deppard's rating: 1631 &rarr; <strong>1639<\/strong><br \/>(+8 for winning)
|raw|I&apos;m a Garchomp's rating: 1402 &rarr; <strong>1393<\/strong><br \/>(-9 for losing)