|join|Lef Deppard
|join|cholera90
|player|p1|Lef Deppard|240
|player|p2|cholera90|218
|gametype|singles
|gen|6
|tier|OU
|rated
|clearpoke
|poke|p1|Donphan, M
|poke|p1|Zapdos
|poke|p1|Pinsir, M
|poke|p1|Keldeo-Resolute
|poke|p1|Metagross
|poke|p1|Celebi
|poke|p2|Latios, M
|poke|p2|Conkeldurr, M
|poke|p2|Metagross
|poke|p2|Thundurus, M
|poke|p2|Heatran, F
|poke|p2|Gengar, F
|rule|Swagger Clause: Swagger is banned
|rule|Baton Pass Clause: Limit one PokÃ©mon knowing Baton Pass
|rule|Sleep Clause Mod: Limit one foe put to sleep
|rule|Species Clause: Limit one of each PokÃ©mon
|rule|OHKO Clause: OHKO moves are banned
|rule|Moody Clause: Moody is banned
|rule|Evasion Moves Clause: Evasion moves are banned
|rule|Endless Battle Clause: Forcing endless battles is banned
|rule|HP Percentage Mod: HP is shown in percentages
|teampreview
|
|start
|switch|p1a: Pour some on me|Donphan, M|384\/384
|switch|p2a: Heatran|Heatran, F|324\/324
|-item|p2a: Heatran|Air Balloon
|turn|1
|
|move|p2a: Heatran|Lava Plume|p1a: Pour some on me
|-damage|p1a: Pour some on me|183\/384
|move|p1a: Pour some on me|Rapid Spin|p2a: Heatran
|-resisted|p2a: Heatran
|-damage|p2a: Heatran|313\/324
|-enditem|p2a: Heatran|Air Balloon
|
|-heal|p1a: Pour some on me|207\/384|[from] item: Leftovers
|turn|2
|
|switch|p1a: Animal|Keldeo-Resolute|322\/322
|move|p2a: Heatran|Stealth Rock|p1a: Animal
|-sidestart|p1: Lef Deppard|move: Stealth Rock
|
|turn|3
|
|switch|p2a: Latios|Latios, M|302\/302
|move|p1a: Animal|Scald|p2a: Latios
|-resisted|p2a: Latios
|-damage|p2a: Latios|198\/302
|
|turn|4
|
|switch|p1a: Undefeated|Metagross|364\/364
|-damage|p1a: Undefeated|342\/364|[from] Stealth Rock
|move|p2a: Latios|Draco Meteor|p1a: Undefeated
|-resisted|p1a: Undefeated
|-damage|p1a: Undefeated|209\/364
|-unboost|p2a: Latios|spa|2
|
|-heal|p1a: Undefeated|231\/364|[from] item: Leftovers
|turn|5
|
|switch|p2a: Conkeldurr|Conkeldurr, M|414\/414
|move|p1a: Undefeated|Stealth Rock|p2a: Conkeldurr
|-sidestart|p2: cholera90|move: Stealth Rock
|
|-heal|p1a: Undefeated|253\/364|[from] item: Leftovers
|turn|6
|
|move|p1a: Undefeated|Meteor Mash|p2a: Conkeldurr
|-damage|p2a: Conkeldurr|212\/414
|move|p2a: Conkeldurr|Knock Off|p1a: Undefeated
|-supereffective|p1a: Undefeated
|-damage|p1a: Undefeated|21\/364
|-enditem|p1a: Undefeated|Leftovers|[from] move: Knock Off|[of] p2a: Conkeldurr
|
|turn|7
|
|move|p1a: Undefeated|Bullet Punch|p2a: Conkeldurr
|-damage|p2a: Conkeldurr|125\/414
|move|p2a: Conkeldurr|Mach Punch|p1a: Undefeated
|-damage|p1a: Undefeated|0 fnt
|faint|p1a: Undefeated
|
|
|switch|p1a: Pour some on me|Donphan, M|207\/384
|-damage|p1a: Pour some on me|183\/384|[from] Stealth Rock
|turn|8
|
|move|p1a: Pour some on me|Knock Off|p2a: Conkeldurr
|-resisted|p2a: Conkeldurr
|-damage|p2a: Conkeldurr|62\/414
|-enditem|p2a: Conkeldurr|Assault Vest|[from] move: Knock Off|[of] p1a: Pour some on me
|move|p2a: Conkeldurr|Drain Punch|p1a: Pour some on me
|-damage|p1a: Pour some on me|50\/384
|-heal|p2a: Conkeldurr|129\/414|[from] drain|[of] p1a: Pour some on me
|
|-heal|p1a: Pour some on me|74\/384|[from] item: Leftovers
|turn|9
|
|switch|p2a: Gengar|Gengar, F|262\/262
|-damage|p2a: Gengar|230\/262|[from] Stealth Rock
|move|p1a: Pour some on me|Rapid Spin|p2a: Gengar
|-immune|p2a: Gengar|[msg]
|
|-heal|p1a: Pour some on me|98\/384|[from] item: Leftovers
|turn|10
|leave|Lef Deppard
|player|p1
|join|an almond
|join|jeronado
|leave|jeronado
|-message|lefdeppard lost due to inactivity.
|
|win|cholera90
|raw|Ladder updating...
|raw|Lef Deppard's rating: 1742 &rarr; <strong>1711<\/strong><br \/>(-31 for losing)
|raw|cholera90's rating: 1526 &rarr; <strong>1558<\/strong><br \/>(+32 for winning)