|join|Rapture's Finest
|join|Lef Deppard
|player|p1|Rapture's Finest|88
|player|p2|Lef Deppard|240
|gametype|singles
|gen|6
|tier|OU (suspect test)
|rated
|clearpoke
|poke|p1|Altaria, F, shiny
|poke|p1|Keldeo
|poke|p1|Klefki, M
|poke|p1|Landorus-Therian, M
|poke|p1|Zapdos
|poke|p1|Heatran, M
|poke|p2|Donphan, M
|poke|p2|Zapdos
|poke|p2|Pinsir, M
|poke|p2|Keldeo-Resolute
|poke|p2|Metagross
|poke|p2|Celebi
|rule|Swagger Clause: Swagger is banned
|rule|Baton Pass Clause: Limit one PokÃ©mon knowing Baton Pass
|rule|Sleep Clause Mod: Limit one foe put to sleep
|rule|Species Clause: Limit one of each PokÃ©mon
|rule|OHKO Clause: OHKO moves are banned
|rule|Moody Clause: Moody is banned
|rule|Evasion Moves Clause: Evasion moves are banned
|rule|Endless Battle Clause: Forcing endless battles is banned
|rule|HP Percentage Mod: HP is shown in percentages
|teampreview
|
|start
|switch|p1a: Keldeo|Keldeo|323\/323
|switch|p2a: Animal|Keldeo-Resolute|322\/322
|turn|1
|join|istabfruit
|join|iKray
|leave|istabfruit
|
|switch|p2a: Love bites|Celebi|404\/404
|move|p1a: Keldeo|Hydro Pump|p2a: Love bites
|-resisted|p2a: Love bites
|-damage|p2a: Love bites|305\/404
|
|-heal|p2a: Love bites|330\/404|[from] item: Leftovers
|turn|2
|
|switch|p1a: Altaria|Altaria, F, shiny|353\/353
|move|p2a: Love bites|Thunder Wave|p1a: Altaria
|-status|p1a: Altaria|par
|
|-heal|p2a: Love bites|355\/404|[from] item: Leftovers
|turn|3
|
|switch|p2a: Undefeated|Metagross|364\/364
|detailschange|p1a: Altaria|Altaria-Mega, F, shiny
|-mega|p1a: Altaria|Altaria|Altarianite
|move|p1a: Altaria|Heal Bell|p1a: Altaria
|-cureteam|p1a: Altaria|[from] move: HealBell
|
|turn|4
|
|switch|p1a: Landorus-Therian|Landorus-Therian, M|319\/319
|-ability|p1a: Landorus-Therian|Intimidate|[of] p2a: Undefeated
|-fail|p2a: Undefeated|unboost|[from] ability: Clear Body|[of] p2a: Undefeated
|move|p2a: Undefeated|Stealth Rock|p1a: Landorus-Therian
|-sidestart|p1: Rapture's Finest|move: Stealth Rock
|
|turn|5
|
|switch|p2a: Pour some on me|Donphan, M|384\/384
|move|p1a: Landorus-Therian|U-turn|p2a: Pour some on me
|-damage|p2a: Pour some on me|306\/384
|
|switch|p1a: Keldeo|Keldeo|323\/323
|-damage|p1a: Keldeo|303\/323|[from] Stealth Rock
|
|-heal|p2a: Pour some on me|330\/384|[from] item: Leftovers
|turn|6
|
|switch|p2a: Love bites|Celebi|355\/404
|move|p1a: Keldeo|Icy Wind|p2a: Love bites
|-supereffective|p2a: Love bites
|-damage|p2a: Love bites|215\/404
|-unboost|p2a: Love bites|spe|1
|
|-heal|p2a: Love bites|240\/404|[from] item: Leftovers
|turn|7
|
|switch|p1a: Zapdos|Zapdos|383\/383
|-damage|p1a: Zapdos|288\/383|[from] Stealth Rock
|-ability|p1a: Zapdos|Pressure
|move|p2a: Love bites|Recover|p2a: Love bites
|-heal|p2a: Love bites|404\/404
|
|-heal|p1a: Zapdos|311\/383|[from] item: Leftovers
|turn|8
|
|switch|p2a: Photograph|Zapdos|384\/384
|-ability|p2a: Photograph|Pressure
|move|p1a: Zapdos|Defog|p2a: Photograph
|-unboost|p2a: Photograph|evasion|1
|-sideend|p1: Rapture's Finest|Stealth Rock|[from] move: Defog|[of] p1a: Zapdos
|
|-heal|p1a: Zapdos|334\/383|[from] item: Leftovers
|turn|9
|
|switch|p1a: Heatran|Heatran, M|386\/386
|move|p2a: Photograph|Thunderbolt|p1a: Heatran
|-damage|p1a: Heatran|292\/386
|
|-heal|p1a: Heatran|316\/386|[from] item: Leftovers
|turn|10
|
|move|p2a: Photograph|Thunderbolt|p1a: Heatran
|-damage|p1a: Heatran|226\/386
|move|p1a: Heatran|Stealth Rock|p2a: Photograph
|-sidestart|p2: Lef Deppard|move: Stealth Rock
|
|-heal|p1a: Heatran|250\/386|[from] item: Leftovers
|turn|11
|
|move|p1a: Heatran|Protect|p1a: Heatran
|-singleturn|p1a: Heatran|Protect
|move|p2a: Photograph|Thunderbolt|p1a: Heatran
|-activate|p1a: Heatran|Protect
|
|-heal|p1a: Heatran|274\/386|[from] item: Leftovers
|turn|12
|
|switch|p1a: Landorus-Therian|Landorus-Therian, M|319\/319
|-ability|p1a: Landorus-Therian|Intimidate|[of] p2a: Photograph
|-unboost|p2a: Photograph|atk|1
|move|p2a: Photograph|Thunderbolt|p1a: Landorus-Therian
|-immune|p1a: Landorus-Therian|[msg]
|
|turn|13
|
|switch|p2a: Pour some on me|Donphan, M|330\/384
|-damage|p2a: Pour some on me|306\/384|[from] Stealth Rock
|move|p1a: Landorus-Therian|U-turn|p2a: Pour some on me
|-damage|p2a: Pour some on me|231\/384
|
|switch|p1a: Keldeo|Keldeo|303\/323
|
|-heal|p2a: Pour some on me|255\/384|[from] item: Leftovers
|turn|14
|
|switch|p2a: Love bites|Celebi|404\/404
|-damage|p2a: Love bites|354\/404|[from] Stealth Rock
|move|p1a: Keldeo|Scald|p2a: Love bites
|-resisted|p2a: Love bites
|-damage|p2a: Love bites|273\/404
|-status|p2a: Love bites|brn
|
|-heal|p2a: Love bites|298\/404 brn|[from] item: Leftovers
|-damage|p2a: Love bites|248\/404 brn|[from] brn
|turn|15
|
|switch|p1a: Zapdos|Zapdos|334\/383
|-ability|p1a: Zapdos|Pressure
|switch|p2a: Pour some on me|Donphan, M|255\/384
|-damage|p2a: Pour some on me|231\/384|[from] Stealth Rock
|
|-heal|p1a: Zapdos|357\/383|[from] item: Leftovers
|-heal|p2a: Pour some on me|255\/384|[from] item: Leftovers
|turn|16
|
|switch|p1a: Landorus-Therian|Landorus-Therian, M|319\/319
|-ability|p1a: Landorus-Therian|Intimidate|[of] p2a: Pour some on me
|-unboost|p2a: Pour some on me|atk|1
|move|p2a: Pour some on me|Rapid Spin|p1a: Landorus-Therian
|-damage|p1a: Landorus-Therian|301\/319
|-sideend|p2: Lef Deppard|Stealth Rock|[from] move: Rapid Spin|[of] p2a: Pour some on me
|
|-heal|p2a: Pour some on me|279\/384|[from] item: Leftovers
|turn|17
|
|move|p1a: Landorus-Therian|U-turn|p2a: Pour some on me
|-damage|p2a: Pour some on me|207\/384
|
|switch|p1a: Klefki|Klefki, M|318\/318
|move|p2a: Pour some on me|Knock Off|p1a: Klefki
|-resisted|p1a: Klefki
|-damage|p1a: Klefki|275\/318
|-enditem|p1a: Klefki|Leftovers|[from] move: Knock Off|[of] p2a: Pour some on me
|
|-heal|p2a: Pour some on me|231\/384|[from] item: Leftovers
|turn|18
|
|switch|p2a: Undefeated|Metagross|364\/364
|move|p1a: Klefki|Magnet Rise|p1a: Klefki
|-start|p1a: Klefki|Magnet Rise
|
|turn|19
|
|move|p1a: Klefki|Thunder Wave|p2a: Undefeated
|-status|p2a: Undefeated|par
|move|p2a: Undefeated|Stealth Rock|p1a: Klefki
|-sidestart|p1: Rapture's Finest|move: Stealth Rock
|
|turn|20
|
|switch|p2a: Animal|Keldeo-Resolute|322\/322
|move|p1a: Klefki|Spikes|p2a: Animal
|-sidestart|p2: Lef Deppard|Spikes
|
|turn|21
|
|switch|p2a: Undefeated|Metagross|364\/364 par
|-damage|p2a: Undefeated|319\/364 par|[from] Spikes
|move|p1a: Klefki|Thunder Wave|p2a: Undefeated
|-fail|p2a: Undefeated|par
|
|-heal|p2a: Undefeated|341\/364 par|[from] item: Leftovers
|turn|22
|
|move|p1a: Klefki|Foul Play|p2a: Undefeated
|-supereffective|p2a: Undefeated
|-damage|p2a: Undefeated|143\/364 par
|move|p2a: Undefeated|Meteor Mash|p1a: Klefki
|-damage|p1a: Klefki|82\/318
|
|-heal|p2a: Undefeated|165\/364 par|[from] item: Leftovers
|-end|p1a: Klefki|Magnet Rise
|turn|23
|
|switch|p2a: Love bites|Celebi|248\/404
|-damage|p2a: Love bites|198\/404|[from] Spikes
|move|p1a: Klefki|Foul Play|p2a: Love bites
|-supereffective|p2a: Love bites
|-damage|p2a: Love bites|78\/404
|
|-heal|p2a: Love bites|103\/404|[from] item: Leftovers
|turn|24
|
|move|p2a: Love bites|Recover|p2a: Love bites
|-heal|p2a: Love bites|305\/404
|move|p1a: Klefki|Foul Play|p2a: Love bites
|-supereffective|p2a: Love bites
|-damage|p2a: Love bites|179\/404
|
|-heal|p2a: Love bites|204\/404|[from] item: Leftovers
|turn|25
|
|move|p1a: Klefki|Thunder Wave|p2a: Love bites
|-status|p2a: Love bites|par
|move|p2a: Love bites|Thunder Wave|p1a: Klefki
|-status|p1a: Klefki|par
|
|-heal|p2a: Love bites|229\/404 par|[from] item: Leftovers
|turn|26
|
|cant|p1a: Klefki|par
|cant|p2a: Love bites|par
|
|-heal|p2a: Love bites|254\/404 par|[from] item: Leftovers
|turn|27
|
|move|p1a: Klefki|Spikes|p2a: Love bites
|-sidestart|p2: Lef Deppard|Spikes
|move|p2a: Love bites|Recover|p2a: Love bites
|-heal|p2a: Love bites|404\/404 par
|
|turn|28
|
|move|p2a: Love bites|Giga Drain|p1a: Klefki
|-resisted|p1a: Klefki
|-damage|p1a: Klefki|46\/318 par
|move|p1a: Klefki|Foul Play|p2a: Love bites
|-supereffective|p2a: Love bites
|-damage|p2a: Love bites|290\/404 par
|
|-heal|p2a: Love bites|315\/404 par|[from] item: Leftovers
|turn|29
|
|move|p1a: Klefki|Spikes|p2a: Love bites
|-sidestart|p2: Lef Deppard|Spikes
|move|p2a: Love bites|Giga Drain|p1a: Klefki
|-resisted|p1a: Klefki
|-damage|p1a: Klefki|10\/318 par
|-heal|p2a: Love bites|333\/404 par|[from] drain|[of] p1a: Klefki
|
|-heal|p2a: Love bites|358\/404 par|[from] item: Leftovers
|turn|30
|
|switch|p2a: Photograph|Zapdos|384\/384
|-ability|p2a: Photograph|Pressure
|move|p1a: Klefki|Foul Play|p2a: Photograph
|-damage|p2a: Photograph|324\/384
|
|-heal|p2a: Photograph|348\/384|[from] item: Leftovers
|turn|31
|
|switch|p1a: Landorus-Therian|Landorus-Therian, M|301\/319
|-damage|p1a: Landorus-Therian|262\/319|[from] Stealth Rock
|-ability|p1a: Landorus-Therian|Intimidate|[of] p2a: Photograph
|-unboost|p2a: Photograph|atk|1
|move|p2a: Photograph|Thunderbolt|p1a: Landorus-Therian
|-immune|p1a: Landorus-Therian|[msg]
|
|-heal|p2a: Photograph|372\/384|[from] item: Leftovers
|turn|32
|
|move|p1a: Landorus-Therian|Stone Edge|p2a: Photograph
|-supereffective|p2a: Photograph
|-damage|p2a: Photograph|92\/384
|move|p2a: Photograph|Hidden Power|p1a: Landorus-Therian
|-supereffective|p1a: Landorus-Therian
|-damage|p1a: Landorus-Therian|0 fnt
|faint|p1a: Landorus-Therian
|
|-heal|p2a: Photograph|116\/384|[from] item: Leftovers
|
|switch|p1a: Keldeo|Keldeo|303\/323
|-damage|p1a: Keldeo|283\/323|[from] Stealth Rock
|turn|33
|
|switch|p2a: Love bites|Celebi|358\/404
|-damage|p2a: Love bites|257\/404|[from] Spikes
|move|p1a: Keldeo|Hydro Pump|p2a: Love bites
|-crit|p2a: Love bites
|-resisted|p2a: Love bites
|-damage|p2a: Love bites|93\/404
|
|-heal|p2a: Love bites|118\/404|[from] item: Leftovers
|turn|34
|
|switch|p1a: Klefki|Klefki, M|10\/318 par
|-damage|p1a: Klefki|0 fnt|[from] Stealth Rock
|faint|p1a: Klefki
|move|p2a: Love bites|Recover|p2a: Love bites
|-heal|p2a: Love bites|320\/404
|
|-heal|p2a: Love bites|345\/404|[from] item: Leftovers
|leave|iKray
|
|switch|p1a: Heatran|Heatran, M|274\/386
|-damage|p1a: Heatran|226\/386|[from] Stealth Rock
|turn|35
|
|move|p2a: Love bites|Thunder Wave|p1a: Heatran
|-status|p1a: Heatran|par
|move|p1a: Heatran|Lava Plume|p2a: Love bites
|-supereffective|p2a: Love bites
|-damage|p2a: Love bites|159\/404
|
|-heal|p2a: Love bites|184\/404|[from] item: Leftovers
|-heal|p1a: Heatran|250\/386 par|[from] item: Leftovers
|turn|36
|
|move|p2a: Love bites|Recover|p2a: Love bites
|-heal|p2a: Love bites|386\/404
|move|p1a: Heatran|Taunt|p2a: Love bites
|-start|p2a: Love bites|move: Taunt
|
|-heal|p2a: Love bites|404\/404|[from] item: Leftovers
|-heal|p1a: Heatran|274\/386 par|[from] item: Leftovers
|turn|37
|
|switch|p2a: Animal|Keldeo-Resolute|322\/322
|-damage|p2a: Animal|242\/322|[from] Spikes
|switch|p1a: Altaria|Altaria-Mega, F, shiny|353\/353
|-damage|p1a: Altaria|309\/353|[from] Stealth Rock
|
|turn|38
|
|switch|p2a: Love bites|Celebi|404\/404
|-damage|p2a: Love bites|303\/404|[from] Spikes
|move|p1a: Altaria|Frustration|p2a: Love bites
|-damage|p2a: Love bites|119\/404
|
|-heal|p2a: Love bites|144\/404|[from] item: Leftovers
|turn|39
|c|âLef Deppard|I got to go 5 min, can u wait plz?
|c|âRapture's Finest|sure
|c|âLef Deppard|Ty, I'll be back
|
|move|p2a: Love bites|Recover|p2a: Love bites
|-heal|p2a: Love bites|346\/404
|move|p1a: Altaria|Dragon Dance|p1a: Altaria
|-boost|p1a: Altaria|atk|1
|-boost|p1a: Altaria|spe|1
|
|-heal|p2a: Love bites|371\/404|[from] item: Leftovers
|turn|40
|
|move|p1a: Altaria|Dragon Dance|p1a: Altaria
|-boost|p1a: Altaria|atk|1
|-boost|p1a: Altaria|spe|1
|move|p2a: Love bites|Thunder Wave|p1a: Altaria
|-status|p1a: Altaria|par
|
|-heal|p2a: Love bites|396\/404|[from] item: Leftovers
|turn|41
|
|move|p2a: Love bites|Thunder Wave|p1a: Altaria
|-fail|p1a: Altaria|par
|move|p1a: Altaria|Heal Bell|p1a: Altaria
|-cureteam|p1a: Altaria|[from] move: HealBell
|
|-heal|p2a: Love bites|404\/404|[from] item: Leftovers
|turn|42
|
|move|p1a: Altaria|Frustration|p2a: Love bites
|-damage|p2a: Love bites|59\/404
|move|p2a: Love bites|Thunder Wave|p1a: Altaria
|-status|p1a: Altaria|par
|
|-heal|p2a: Love bites|84\/404|[from] item: Leftovers
|turn|43
|
|move|p2a: Love bites|Heal Bell|p2a: Love bites
|-cureteam|p2a: Love bites|[from] move: HealBell
|move|p1a: Altaria|Heal Bell|p1a: Altaria
|-cureteam|p1a: Altaria|[from] move: HealBell
|
|-heal|p2a: Love bites|109\/404|[from] item: Leftovers
|turn|44
|
|move|p1a: Altaria|Frustration|p2a: Love bites
|-damage|p2a: Love bites|0 fnt
|faint|p2a: Love bites
|
|
|switch|p2a: Undefeated|Metagross|165\/364
|-damage|p2a: Undefeated|74\/364|[from] Spikes
|turn|45
|
|move|p2a: Undefeated|Bullet Punch|p1a: Altaria
|-supereffective|p1a: Altaria
|-damage|p1a: Altaria|187\/353
|move|p1a: Altaria|Frustration|p2a: Undefeated
|-resisted|p2a: Undefeated
|-damage|p2a: Undefeated|0 fnt
|faint|p2a: Undefeated
|
|
|switch|p2a: Pour some on me|Donphan, M|231\/384
|-damage|p2a: Pour some on me|135\/384|[from] Spikes
|turn|46
|
|move|p2a: Pour some on me|Ice Shard|p1a: Altaria
|-supereffective|p1a: Altaria
|-damage|p1a: Altaria|111\/353
|move|p1a: Altaria|Frustration|p2a: Pour some on me
|-damage|p2a: Pour some on me|0 fnt
|faint|p2a: Pour some on me
|
|
|switch|p2a: Armageddon it|Pinsir, M|271\/271
|-damage|p2a: Armageddon it|204\/271|[from] Spikes
|turn|47
|c|âLef Deppard|Gg thx for waiting
|
|detailschange|p2a: Armageddon it|Pinsir-Mega, M
|-mega|p2a: Armageddon it|Pinsir|Pinsirite
|move|p2a: Armageddon it|Quick Attack|p1a: Altaria
|-damage|p1a: Altaria|24\/353
|move|p1a: Altaria|Frustration|p2a: Armageddon it
|-damage|p2a: Armageddon it|0 fnt
|faint|p2a: Armageddon it
|
|-message|Lef Deppard forfeited.
|leave|Lef Deppard
|
|win|Rapture's Finest
|raw|Ladder updating...
|player|p2
|raw|Rapture&apos;s Finest's rating: 1311 &rarr; <strong>1334<\/strong><br \/>(+23 for winning)
|raw|Lef Deppard's rating: 1356 &rarr; <strong>1333<\/strong><br \/>(-23 for losing)