|join|Lef Deppard
|join|FkIt
|player|p1|Lef Deppard|240
|player|p2|FkIt|163
|gametype|singles
|gen|6
|tier|OU (suspect test)
|rated
|clearpoke
|poke|p1|Donphan, M
|poke|p1|Zapdos
|poke|p1|Pinsir, M
|poke|p1|Keldeo-Resolute
|poke|p1|Metagross
|poke|p1|Celebi
|poke|p2|Ferrothorn, F
|poke|p2|Keldeo-Resolute
|poke|p2|Metagross
|poke|p2|Landorus-Therian, M
|poke|p2|Latios, M
|poke|p2|Heatran, F
|rule|Swagger Clause: Swagger is banned
|rule|Baton Pass Clause: Limit one PokÃ©mon knowing Baton Pass
|rule|Sleep Clause Mod: Limit one foe put to sleep
|rule|Species Clause: Limit one of each PokÃ©mon
|rule|OHKO Clause: OHKO moves are banned
|rule|Moody Clause: Moody is banned
|rule|Evasion Moves Clause: Evasion moves are banned
|rule|Endless Battle Clause: Forcing endless battles is banned
|rule|HP Percentage Mod: HP is shown in percentages
|teampreview
|
|start
|switch|p1a: Photograph|Zapdos|384\/384
|switch|p2a: Latios|Latios, M|301\/301
|-ability|p1a: Photograph|Pressure
|turn|1
|
|switch|p1a: Undefeated|Metagross|364\/364
|move|p2a: Latios|Trick|p1a: Undefeated
|-activate|p2a: Latios|move: Trick|[of] p1a: Undefeated
|-item|p1a: Undefeated|Choice Scarf|[from] move: Trick
|-item|p2a: Latios|Leftovers|[from] move: Trick
|
|turn|2
|
|switch|p2a: Ferrothorn|Ferrothorn, F|351\/351
|move|p1a: Undefeated|Stealth Rock|p2a: Ferrothorn
|-sidestart|p2: FkIt|move: Stealth Rock
|
|turn|3
|
|switch|p1a: Photograph|Zapdos|384\/384
|-ability|p1a: Photograph|Pressure
|move|p2a: Ferrothorn|Knock Off|p1a: Photograph
|-damage|p1a: Photograph|299\/384
|-enditem|p1a: Photograph|Leftovers|[from] move: Knock Off|[of] p2a: Ferrothorn
|
|turn|4
|
|switch|p2a: Heatran|Heatran, F|385\/385
|-damage|p2a: Heatran|337\/385|[from] Stealth Rock
|move|p1a: Photograph|Thunderbolt|p2a: Heatran
|-damage|p2a: Heatran|241\/385
|
|-heal|p2a: Heatran|265\/385|[from] item: Leftovers
|turn|5
|
|switch|p1a: Animal|Keldeo-Resolute|322\/322
|move|p2a: Heatran|Toxic|p1a: Animal
|-status|p1a: Animal|tox
|
|-heal|p2a: Heatran|289\/385|[from] item: Leftovers
|-damage|p1a: Animal|302\/322 tox|[from] psn
|turn|6
|
|switch|p1a: Pour some on me|Donphan, M|384\/384
|move|p2a: Heatran|Protect|p2a: Heatran
|-fail|p2a: Heatran
|
|-heal|p2a: Heatran|313\/385|[from] item: Leftovers
|turn|7
|
|switch|p2a: Landorus-Therian|Landorus-Therian, M|379\/379
|-damage|p2a: Landorus-Therian|332\/379|[from] Stealth Rock
|-ability|p2a: Landorus-Therian|Intimidate|[of] p1a: Pour some on me
|-unboost|p1a: Pour some on me|atk|1
|move|p1a: Pour some on me|Knock Off|p2a: Landorus-Therian
|-damage|p2a: Landorus-Therian|268\/379
|-enditem|p2a: Landorus-Therian|Leftovers|[from] move: Knock Off|[of] p1a: Pour some on me
|
|turn|8
|
|switch|p1a: Photograph|Zapdos|299\/384
|-ability|p1a: Photograph|Pressure
|move|p2a: Landorus-Therian|U-turn|p1a: Photograph
|-resisted|p1a: Photograph
|-damage|p1a: Photograph|248\/384
|
|switch|p2a: Heatran|Heatran, F|313\/385
|-damage|p2a: Heatran|265\/385|[from] Stealth Rock
|
|-heal|p2a: Heatran|289\/385|[from] item: Leftovers
|turn|9
|
|move|p1a: Photograph|Thunderbolt|p2a: Heatran
|-damage|p2a: Heatran|193\/385
|move|p2a: Heatran|Lava Plume|p1a: Photograph
|-damage|p1a: Photograph|145\/384
|
|-heal|p2a: Heatran|217\/385|[from] item: Leftovers
|turn|10
|
|move|p1a: Photograph|Roost|p1a: Photograph
|-heal|p1a: Photograph|337\/384
|move|p2a: Heatran|Lava Plume|p1a: Photograph
|-damage|p1a: Photograph|246\/384
|-status|p1a: Photograph|brn
|
|-heal|p2a: Heatran|241\/385|[from] item: Leftovers
|-damage|p1a: Photograph|198\/384 brn|[from] brn
|turn|11
|
|move|p2a: Heatran|Protect|p2a: Heatran
|-singleturn|p2a: Heatran|Protect
|move|p1a: Photograph|Roost|p1a: Photograph
|-heal|p1a: Photograph|384\/384 brn
|
|-heal|p2a: Heatran|265\/385|[from] item: Leftovers
|-damage|p1a: Photograph|336\/384 brn|[from] brn
|turn|12
|
|move|p1a: Photograph|Thunderbolt|p2a: Heatran
|-damage|p2a: Heatran|157\/385
|move|p2a: Heatran|Taunt|p1a: Photograph
|-start|p1a: Photograph|move: Taunt
|
|-heal|p2a: Heatran|181\/385|[from] item: Leftovers
|-damage|p1a: Photograph|288\/384 brn|[from] brn
|turn|13
|
|move|p1a: Photograph|Thunderbolt|p2a: Heatran
|-damage|p2a: Heatran|88\/385
|move|p2a: Heatran|Lava Plume|p1a: Photograph
|-damage|p1a: Photograph|189\/384 brn
|
|-heal|p2a: Heatran|112\/385|[from] item: Leftovers
|-damage|p1a: Photograph|141\/384 brn|[from] brn
|turn|14
|
|switch|p1a: Pour some on me|Donphan, M|384\/384
|move|p2a: Heatran|Lava Plume|p1a: Pour some on me
|-damage|p1a: Pour some on me|207\/384
|
|-heal|p2a: Heatran|136\/385|[from] item: Leftovers
|-heal|p1a: Pour some on me|231\/384|[from] item: Leftovers
|turn|15
|
|switch|p2a: Landorus-Therian|Landorus-Therian, M|268\/379
|-damage|p2a: Landorus-Therian|221\/379|[from] Stealth Rock
|-ability|p2a: Landorus-Therian|Intimidate|[of] p1a: Pour some on me
|-unboost|p1a: Pour some on me|atk|1
|move|p1a: Pour some on me|Earthquake|p2a: Landorus-Therian
|-immune|p2a: Landorus-Therian|[msg]
|
|-heal|p1a: Pour some on me|255\/384|[from] item: Leftovers
|turn|16
|
|move|p1a: Pour some on me|Ice Shard|p2a: Landorus-Therian
|-supereffective|p2a: Landorus-Therian
|-damage|p2a: Landorus-Therian|105\/379
|move|p2a: Landorus-Therian|Knock Off|p1a: Pour some on me
|-damage|p1a: Pour some on me|151\/384
|-enditem|p1a: Pour some on me|Leftovers|[from] move: Knock Off|[of] p2a: Landorus-Therian
|
|turn|17
|
|switch|p2a: DJ Pon3|Keldeo-Resolute|323\/323
|-damage|p2a: DJ Pon3|303\/323|[from] Stealth Rock
|move|p1a: Pour some on me|Ice Shard|p2a: DJ Pon3
|-resisted|p2a: DJ Pon3
|-damage|p2a: DJ Pon3|286\/323
|
|turn|18
|
|switch|p1a: Love bites|Celebi|404\/404
|move|p2a: DJ Pon3|Icy Wind|p1a: Love bites
|-miss|p2a: DJ Pon3|p1a: Love bites
|
|turn|19
|
|move|p2a: DJ Pon3|Icy Wind|p1a: Love bites
|-supereffective|p1a: Love bites
|-damage|p1a: Love bites|271\/404
|-unboost|p1a: Love bites|spe|1
|-damage|p2a: DJ Pon3|254\/323|[from] item: Life Orb
|move|p1a: Love bites|Heal Bell|p1a: Love bites
|-cureteam|p1a: Love bites|[from] move: HealBell
|
|-heal|p1a: Love bites|296\/404|[from] item: Leftovers
|turn|20
|
|switch|p2a: Ferrothorn|Ferrothorn, F|351\/351
|-damage|p2a: Ferrothorn|330\/351|[from] Stealth Rock
|move|p1a: Love bites|Thunder Wave|p2a: Ferrothorn
|-status|p2a: Ferrothorn|par
|
|-heal|p1a: Love bites|321\/404|[from] item: Leftovers
|turn|21
|
|switch|p1a: Photograph|Zapdos|141\/384
|-ability|p1a: Photograph|Pressure
|move|p2a: Ferrothorn|Knock Off|p1a: Photograph
|-damage|p1a: Photograph|81\/384
|
|turn|22
|
|move|p1a: Photograph|Roost|p1a: Photograph
|-heal|p1a: Photograph|273\/384
|cant|p2a: Ferrothorn|par
|
|turn|23
|
|switch|p2a: Heatran|Heatran, F|136\/385
|-damage|p2a: Heatran|88\/385|[from] Stealth Rock
|move|p1a: Photograph|Heat Wave|p2a: Heatran
|-start|p2a: Heatran|ability: Flash Fire
|
|-heal|p2a: Heatran|112\/385|[from] item: Leftovers
|turn|24
|
|switch|p1a: Animal|Keldeo-Resolute|302\/322
|move|p2a: Heatran|Lava Plume|p1a: Animal
|-resisted|p1a: Animal
|-damage|p1a: Animal|197\/322
|
|-heal|p2a: Heatran|136\/385|[from] item: Leftovers
|turn|25
|
|move|p2a: Heatran|Protect|p2a: Heatran
|-singleturn|p2a: Heatran|Protect
|move|p1a: Animal|Scald|p2a: Heatran
|-activate|p2a: Heatran|Protect
|
|-heal|p2a: Heatran|160\/385|[from] item: Leftovers
|turn|26
|
|switch|p2a: Ferrothorn|Ferrothorn, F|330\/351 par
|-damage|p2a: Ferrothorn|309\/351 par|[from] Stealth Rock
|move|p1a: Animal|Scald|p2a: Ferrothorn
|-resisted|p2a: Ferrothorn
|-damage|p2a: Ferrothorn|234\/351 par
|
|turn|27
|
|switch|p1a: Photograph|Zapdos|273\/384
|-ability|p1a: Photograph|Pressure
|cant|p2a: Ferrothorn|par
|
|turn|28
|
|move|p1a: Photograph|Thunderbolt|p2a: Ferrothorn
|-resisted|p2a: Ferrothorn
|-damage|p2a: Ferrothorn|180\/351 par
|move|p2a: Ferrothorn|Leech Seed|p1a: Photograph
|-start|p1a: Photograph|move: Leech Seed
|
|-damage|p1a: Photograph|225\/384|[from] Leech Seed|[of] p2a: Ferrothorn
|-heal|p2a: Ferrothorn|228\/351 par|[silent]
|turn|29
|
|switch|p1a: Animal|Keldeo-Resolute|197\/322
|switch|p2a: Latios|Latios, M|301\/301
|-damage|p2a: Latios|264\/301|[from] Stealth Rock
|
|-heal|p2a: Latios|282\/301|[from] item: Leftovers
|turn|30
|
|switch|p1a: Love bites|Celebi|321\/404
|move|p2a: Latios|Draco Meteor|p1a: Love bites|[miss]
|-miss|p2a: Latios|p1a: Love bites
|
|-heal|p2a: Latios|300\/301|[from] item: Leftovers
|-heal|p1a: Love bites|346\/404|[from] item: Leftovers
|turn|31
|
|switch|p2a: Ferrothorn|Ferrothorn, F|228\/351 par
|-damage|p2a: Ferrothorn|207\/351 par|[from] Stealth Rock
|move|p1a: Love bites|Thunder Wave|p2a: Ferrothorn
|-fail|p2a: Ferrothorn|par
|
|-heal|p1a: Love bites|371\/404|[from] item: Leftovers
|turn|32
|
|switch|p1a: Photograph|Zapdos|225\/384
|-ability|p1a: Photograph|Pressure
|move|p2a: Ferrothorn|Leech Seed|p1a: Photograph
|-start|p1a: Photograph|move: Leech Seed
|
|-damage|p1a: Photograph|177\/384|[from] Leech Seed|[of] p2a: Ferrothorn
|-heal|p2a: Ferrothorn|255\/351 par|[silent]
|turn|33
|
|switch|p1a: Animal|Keldeo-Resolute|197\/322
|switch|p2a: Latios|Latios, M|300\/301
|-damage|p2a: Latios|263\/301|[from] Stealth Rock
|
|-heal|p2a: Latios|281\/301|[from] item: Leftovers
|turn|34
|
|switch|p2a: Landorus-Therian|Landorus-Therian, M|105\/379
|-damage|p2a: Landorus-Therian|58\/379|[from] Stealth Rock
|-ability|p2a: Landorus-Therian|Intimidate|[of] p1a: Animal
|-unboost|p1a: Animal|atk|1
|switch|p1a: Love bites|Celebi|371\/404
|
|-heal|p1a: Love bites|396\/404|[from] item: Leftovers
|turn|35
|
|move|p1a: Love bites|Giga Drain|p2a: Landorus-Therian
|-damage|p2a: Landorus-Therian|0 fnt
|-heal|p1a: Love bites|404\/404|[from] drain|[of] p2a: Landorus-Therian
|faint|p2a: Landorus-Therian
|
|
|switch|p2a: Ferrothorn|Ferrothorn, F|255\/351 par
|-damage|p2a: Ferrothorn|234\/351 par|[from] Stealth Rock
|turn|36
|
|switch|p1a: Photograph|Zapdos|177\/384
|-ability|p1a: Photograph|Pressure
|move|p2a: Ferrothorn|Leech Seed|p1a: Photograph
|-start|p1a: Photograph|move: Leech Seed
|
|-damage|p1a: Photograph|129\/384|[from] Leech Seed|[of] p2a: Ferrothorn
|-heal|p2a: Ferrothorn|282\/351 par|[silent]
|turn|37
|
|switch|p2a: Metagross|Metagross|301\/301
|-damage|p2a: Metagross|283\/301|[from] Stealth Rock
|move|p1a: Photograph|Roost|p1a: Photograph
|-heal|p1a: Photograph|321\/384
|
|-damage|p1a: Photograph|273\/384|[from] Leech Seed|[of] p2a: Metagross
|-heal|p2a: Metagross|301\/301|[silent]
|turn|38
|
|switch|p1a: Undefeated|Metagross|364\/364
|detailschange|p2a: Metagross|Metagross-Mega
|-mega|p2a: Metagross|Metagross|Metagrossite
|move|p2a: Metagross|Ice Punch|p1a: Undefeated
|-resisted|p1a: Undefeated
|-damage|p1a: Undefeated|315\/364
|
|turn|39
|
|switch|p2a: Latios|Latios, M|281\/301
|-damage|p2a: Latios|244\/301|[from] Stealth Rock
|move|p1a: Undefeated|Earthquake|p2a: Latios
|-immune|p2a: Latios|[msg]
|
|-heal|p2a: Latios|262\/301|[from] item: Leftovers
|turn|40
|
|switch|p2a: Ferrothorn|Ferrothorn, F|282\/351 par
|-damage|p2a: Ferrothorn|261\/351 par|[from] Stealth Rock
|switch|p1a: Love bites|Celebi|404\/404
|
|turn|41
|
|switch|p1a: Photograph|Zapdos|273\/384
|-ability|p1a: Photograph|Pressure
|move|p2a: Ferrothorn|Leech Seed|p1a: Photograph
|-start|p1a: Photograph|move: Leech Seed
|
|-damage|p1a: Photograph|225\/384|[from] Leech Seed|[of] p2a: Ferrothorn
|-heal|p2a: Ferrothorn|309\/351 par|[silent]
|turn|42
|
|switch|p1a: Armageddon it|Pinsir, M|271\/271
|switch|p2a: DJ Pon3|Keldeo-Resolute|254\/323
|-damage|p2a: DJ Pon3|234\/323|[from] Stealth Rock
|
|turn|43
|
|switch|p2a: Ferrothorn|Ferrothorn, F|309\/351 par
|-damage|p2a: Ferrothorn|288\/351 par|[from] Stealth Rock
|switch|p1a: Love bites|Celebi|404\/404
|
|turn|44
|
|switch|p2a: Metagross|Metagross-Mega|301\/301
|-damage|p2a: Metagross|283\/301|[from] Stealth Rock
|move|p1a: Love bites|Giga Drain|p2a: Metagross
|-resisted|p2a: Metagross
|-damage|p2a: Metagross|245\/301
|
|turn|45
|
|switch|p2a: Ferrothorn|Ferrothorn, F|288\/351 par
|-damage|p2a: Ferrothorn|267\/351 par|[from] Stealth Rock
|move|p1a: Love bites|Thunder Wave|p2a: Ferrothorn
|-fail|p2a: Ferrothorn|par
|
|turn|46
|
|move|p1a: Love bites|Giga Drain|p2a: Ferrothorn
|-resisted|p2a: Ferrothorn
|-damage|p2a: Ferrothorn|252\/351 par
|cant|p2a: Ferrothorn|par
|
|turn|47
|
|switch|p1a: Animal|Keldeo-Resolute|197\/322
|cant|p2a: Ferrothorn|par
|
|turn|48
|
|switch|p2a: Latios|Latios, M|262\/301
|-damage|p2a: Latios|225\/301|[from] Stealth Rock
|move|p1a: Animal|Secret Sword|p2a: Latios
|-resisted|p2a: Latios
|-damage|p2a: Latios|101\/301
|
|-heal|p2a: Latios|119\/301|[from] item: Leftovers
|turn|49
|
|switch|p1a: Love bites|Celebi|404\/404
|move|p2a: Latios|Defog|p1a: Love bites
|-unboost|p1a: Love bites|evasion|1
|-sideend|p2: FkIt|Stealth Rock|[from] move: Defog|[of] p2a: Latios
|
|-heal|p2a: Latios|137\/301|[from] item: Leftovers
|turn|50
|
|switch|p2a: Ferrothorn|Ferrothorn, F|252\/351 par
|switch|p1a: Undefeated|Metagross|315\/364
|
|turn|51
|
|move|p1a: Undefeated|Stealth Rock|p2a: Ferrothorn
|-sidestart|p2: FkIt|move: Stealth Rock
|move|p2a: Ferrothorn|Knock Off|p1a: Undefeated
|-supereffective|p1a: Undefeated
|-damage|p1a: Undefeated|203\/364
|-enditem|p1a: Undefeated|Choice Scarf|[from] move: Knock Off|[of] p2a: Ferrothorn
|
|turn|52
|c|âLef Deppard|Ty!
|c|âFkIt|youre welcome
|
|switch|p1a: Photograph|Zapdos|225\/384
|-ability|p1a: Photograph|Pressure
|cant|p2a: Ferrothorn|par
|
|turn|53
|
|switch|p2a: Latios|Latios, M|137\/301
|-damage|p2a: Latios|100\/301|[from] Stealth Rock
|move|p1a: Photograph|Thunderbolt|p2a: Latios
|-resisted|p2a: Latios
|-damage|p2a: Latios|32\/301
|
|-heal|p2a: Latios|50\/301|[from] item: Leftovers
|turn|54
|
|move|p2a: Latios|Defog|p1a: Photograph
|-unboost|p1a: Photograph|evasion|1
|-sideend|p2: FkIt|Stealth Rock|[from] move: Defog|[of] p2a: Latios
|move|p1a: Photograph|Thunderbolt|p2a: Latios
|-resisted|p2a: Latios
|-damage|p2a: Latios|0 fnt
|faint|p2a: Latios
|
|
|switch|p2a: Metagross|Metagross-Mega|245\/301
|turn|55
|
|switch|p1a: Pour some on me|Donphan, M|151\/384
|move|p2a: Metagross|Ice Punch|p1a: Pour some on me
|-supereffective|p1a: Pour some on me
|-damage|p1a: Pour some on me|0 fnt
|faint|p1a: Pour some on me
|
|
|switch|p1a: Love bites|Celebi|404\/404
|turn|56
|
|switch|p2a: Ferrothorn|Ferrothorn, F|252\/351 par
|switch|p1a: Animal|Keldeo-Resolute|197\/322
|
|turn|57
|
|switch|p2a: DJ Pon3|Keldeo-Resolute|234\/323
|move|p1a: Animal|Secret Sword|p2a: DJ Pon3
|-damage|p2a: DJ Pon3|0 fnt
|faint|p2a: DJ Pon3
|
|
|switch|p2a: Metagross|Metagross-Mega|245\/301
|turn|58
|
|switch|p1a: Photograph|Zapdos|225\/384
|-ability|p1a: Photograph|Pressure
|move|p2a: Metagross|Ice Punch|p1a: Photograph
|-supereffective|p1a: Photograph
|-damage|p1a: Photograph|0 fnt
|faint|p1a: Photograph
|
|
|switch|p1a: Love bites|Celebi|404\/404
|turn|59
|
|switch|p2a: Ferrothorn|Ferrothorn, F|252\/351 par
|move|p1a: Love bites|Thunder Wave|p2a: Ferrothorn
|-fail|p2a: Ferrothorn|par
|
|turn|60
|
|switch|p2a: Metagross|Metagross-Mega|245\/301
|move|p1a: Love bites|Thunder Wave|p2a: Metagross
|-status|p2a: Metagross|par
|
|turn|61
|-message|FkIt forfeited.
|
|win|Lef Deppard
|raw|Ladder updating...
|leave|FkIt
|player|p2
|raw|Lef Deppard's rating: 1476 &rarr; <strong>1500<\/strong><br \/>(+24 for winning)
|raw|FkIt's rating: 1547 &rarr; <strong>1523<\/strong><br \/>(-24 for losing)