|join|Big Brandon Carter
|join|Nightsblade
|player|p1|Big Brandon Carter|101
|player|p2|Nightsblade|40
|gametype|singles
|gen|6
|tier|OU
|rated
|clearpoke
|poke|p1|Charizard, F
|poke|p1|Latios, M
|poke|p1|Bisharp, M
|poke|p1|Thundurus, M
|poke|p1|Keldeo
|poke|p1|Hippowdon, M
|poke|p2|Azumarill, M
|poke|p2|Gengar, F
|poke|p2|Manectric, M
|poke|p2|Latios, M
|poke|p2|Mamoswine, F
|poke|p2|Bisharp, F
|rule|Swagger Clause: Swagger is banned
|rule|Baton Pass Clause: Limit one PokÃ©mon knowing Baton Pass
|rule|Sleep Clause Mod: Limit one foe put to sleep
|rule|Species Clause: Limit one of each PokÃ©mon
|rule|OHKO Clause: OHKO moves are banned
|rule|Moody Clause: Moody is banned
|rule|Evasion Moves Clause: Evasion moves are banned
|rule|Endless Battle Clause: Forcing endless battles is banned
|rule|HP Percentage Mod: HP is shown in percentages
|teampreview
|
|start
|switch|p1a: Charizard|Charizard, F|298\/298
|switch|p2a: Azumarill|Azumarill, M|364\/364
|turn|1
|
|detailschange|p1a: Charizard|Charizard-Mega-Y, F
|-mega|p1a: Charizard|Charizard|Charizardite Y
|-weather|SunnyDay
|move|p1a: Charizard|Solar Beam|p2a: Azumarill|[still]
|-prepare|p1a: Charizard|Solar Beam|p2a: Azumarill
|-anim|p1a: Charizard|Solar Beam|p2a: Azumarill
|-supereffective|p2a: Azumarill
|-damage|p2a: Azumarill|0 fnt
|faint|p2a: Azumarill
|
|-weather|SunnyDay|[upkeep]
|
|switch|p2a: Manectric|Manectric, M|281\/281
|turn|2
|
|switch|p1a: Hippowdon|Hippowdon, M|420\/420
|-weather|Sandstorm
|detailschange|p2a: Manectric|Manectric-Mega, M
|-mega|p2a: Manectric|Manectric|Manectite
|-ability|p2a: Manectric|Intimidate|[of] p1a: Hippowdon
|-unboost|p1a: Hippowdon|atk|1
|move|p2a: Manectric|Flamethrower|p1a: Hippowdon
|-crit|p1a: Hippowdon
|-damage|p1a: Hippowdon|227\/420
|
|-weather|Sandstorm|[upkeep]
|-damage|p2a: Manectric|264\/281|[from] sandstorm
|-heal|p1a: Hippowdon|253\/420|[from] item: Leftovers
|turn|3
|
|switch|p2a: Mamoswine|Mamoswine, F|424\/424
|move|p1a: Hippowdon|Stealth Rock|p2a: Mamoswine
|-sidestart|p2: Nightsblade|move: Stealth Rock
|
|-weather|Sandstorm|[upkeep]
|-heal|p1a: Hippowdon|279\/420|[from] item: Leftovers
|turn|4
|
|switch|p1a: Keldeo|Keldeo|323\/323
|move|p2a: Mamoswine|Stealth Rock|p1a: Keldeo
|-sidestart|p1: Big Brandon Carter|move: Stealth Rock
|
|-weather|Sandstorm|[upkeep]
|-damage|p1a: Keldeo|303\/323|[from] sandstorm
|turn|5
|
|switch|p1a: Bisharp|Bisharp, M|271\/271
|-damage|p1a: Bisharp|255\/271|[from] Stealth Rock
|move|p2a: Mamoswine|Earthquake|p1a: Bisharp
|-supereffective|p1a: Bisharp
|-damage|p1a: Bisharp|0 fnt
|faint|p1a: Bisharp
|
|-weather|Sandstorm|[upkeep]
|c|âBig Brandon Carter|LOL?
|c|âBig Brandon Carter|are you retarded?
|
|switch|p1a: Keldeo|Keldeo|303\/323
|-damage|p1a: Keldeo|283\/323|[from] Stealth Rock
|turn|6
|
|move|p1a: Keldeo|Scald|p2a: Mamoswine
|-supereffective|p2a: Mamoswine
|-enditem|p2a: Mamoswine|Focus Sash
|-damage|p2a: Mamoswine|1\/424
|move|p2a: Mamoswine|Earthquake|p1a: Keldeo
|-crit|p1a: Keldeo
|-damage|p1a: Keldeo|0 fnt
|faint|p1a: Keldeo
|
|-weather|none
|c|âBig Brandon Carter|so fucking bad
|
|switch|p1a: Latios|Latios, M|301\/301
|-damage|p1a: Latios|264\/301|[from] Stealth Rock
|turn|7
|
|move|p2a: Mamoswine|Ice Shard|p1a: Latios
|-supereffective|p1a: Latios
|-damage|p1a: Latios|78\/301
|move|p1a: Latios|Defog|p2a: Mamoswine
|-unboost|p2a: Mamoswine|evasion|1
|-sideend|p2: Nightsblade|Stealth Rock|[from] move: Defog|[of] p2a: Mamoswine
|-sideend|p1: Big Brandon Carter|Stealth Rock|[from] move: Defog|[of] p1a: Latios
|
|turn|8
|
|switch|p1a: Charizard|Charizard-Mega-Y, F|298\/298
|-weather|SunnyDay
|move|p2a: Mamoswine|Ice Shard|p1a: Charizard
|-damage|p1a: Charizard|198\/298
|
|-weather|SunnyDay|[upkeep]
|turn|9
|
|move|p2a: Mamoswine|Ice Shard|p1a: Charizard
|-damage|p1a: Charizard|108\/298
|move|p1a: Charizard|Solar Beam|p2a: Mamoswine|[still]
|-prepare|p1a: Charizard|Solar Beam|p2a: Mamoswine
|-anim|p1a: Charizard|Solar Beam|p2a: Mamoswine
|-supereffective|p2a: Mamoswine
|-damage|p2a: Mamoswine|0 fnt
|faint|p2a: Mamoswine
|
|-weather|SunnyDay|[upkeep]
|
|switch|p2a: Gengar|Gengar, F|262\/262
|turn|10
|
|move|p2a: Gengar|Shadow Ball|p1a: Charizard
|-damage|p1a: Charizard|0 fnt
|faint|p1a: Charizard
|
|-weather|SunnyDay|[upkeep]
|
|switch|p1a: Thundurus|Thundurus, M|300\/300
|turn|11
|
|switch|p1a: Hippowdon|Hippowdon, M|279\/420
|-weather|Sandstorm
|move|p2a: Gengar|Shadow Ball|p1a: Hippowdon
|-damage|p1a: Hippowdon|104\/420
|-unboost|p1a: Hippowdon|spd|1
|
|-weather|Sandstorm|[upkeep]
|-damage|p2a: Gengar|246\/262|[from] sandstorm
|-heal|p1a: Hippowdon|130\/420|[from] item: Leftovers
|turn|12
|c|âBig Brandon Carter|SO FUCKING BAD
|c|âBig Brandon Carter|YOURE SO BAD
|c|âBig Brandon Carter|LEARN HOW THE FUCK TO PLAY
|c|âBig Brandon Carter|U NEED GENGAR
|c|âNightsblade|Relax, stop over predicting
|-message|Big Brandon Carter forfeited.
|
|win|Nightsblade
|raw|Ladder updating...
|leave|Big Brandon Carter
|player|p1
|raw|Big Brandon Carter's rating: 1716 &rarr; <strong>1687<\/strong><br \/>(-29 for losing)
|raw|Nightsblade's rating: 1558 &rarr; <strong>1587<\/strong><br \/>(+29 for winning)