|join|Invok3r
|join|Big Brandon Carter
|player|p1|Invok3r|250
|player|p2|Big Brandon Carter|76
|gametype|singles
|gen|6
|tier|OU
|rated
|clearpoke
|poke|p1|Dragalge, F
|poke|p1|Gyarados, F
|poke|p1|Tornadus-Therian, M, shiny
|poke|p1|Hippowdon, F
|poke|p1|Ferrothorn, F
|poke|p1|Starmie
|poke|p2|Charizard, F
|poke|p2|Latios, M
|poke|p2|Bisharp, F
|poke|p2|Thundurus, M
|poke|p2|Keldeo
|poke|p2|Hippowdon, M
|rule|Swagger Clause: Swagger is banned
|rule|Baton Pass Clause: Limit one PokÃ©mon knowing Baton Pass
|rule|Sleep Clause Mod: Limit one foe put to sleep
|rule|Species Clause: Limit one of each PokÃ©mon
|rule|OHKO Clause: OHKO moves are banned
|rule|Moody Clause: Moody is banned
|rule|Evasion Moves Clause: Evasion moves are banned
|rule|Endless Battle Clause: Forcing endless battles is banned
|rule|HP Percentage Mod: HP is shown in percentages
|teampreview
|join|Based Lord Joshua
|
|start
|switch|p1a: Tornadus-Therian|Tornadus-Therian, M, shiny|361\/361
|switch|p2a: Keldeo|Keldeo|323\/323
|turn|1
|
|switch|p2a: Thundurus|Thundurus, M|300\/300
|move|p1a: Tornadus-Therian|U-turn|p2a: Thundurus
|-resisted|p2a: Thundurus
|-damage|p2a: Thundurus|268\/300
|
|switch|p1a: Hippowdon|Hippowdon, F|420\/420
|-weather|Sandstorm
|
|-weather|Sandstorm|[upkeep]
|-damage|p2a: Thundurus|250\/300|[from] sandstorm
|-heal|p2a: Thundurus|268\/300|[from] item: Leftovers
|turn|2
|
|move|p2a: Thundurus|Hidden Power|p1a: Hippowdon
|-crit|p1a: Hippowdon
|-supereffective|p1a: Hippowdon
|-damage|p1a: Hippowdon|196\/420
|move|p1a: Hippowdon|Stealth Rock|p2a: Thundurus
|-sidestart|p2: Big Brandon Carter|move: Stealth Rock
|
|-weather|Sandstorm|[upkeep]
|-damage|p2a: Thundurus|250\/300|[from] sandstorm
|-heal|p2a: Thundurus|268\/300|[from] item: Leftovers
|-heal|p1a: Hippowdon|222\/420|[from] item: Leftovers
|turn|3
|c|âInvok3r|nice
|
|switch|p2a: Keldeo|Keldeo|323\/323
|-damage|p2a: Keldeo|303\/323|[from] Stealth Rock
|move|p1a: Hippowdon|Slack Off|p1a: Hippowdon
|-heal|p1a: Hippowdon|420\/420
|
|-weather|Sandstorm|[upkeep]
|-damage|p2a: Keldeo|283\/323|[from] sandstorm
|turn|4
|leave|Based Lord Joshua
|join|Based Lord Joshua
|leave|Based Lord Joshua
|
|switch|p1a: Ferrothorn|Ferrothorn, F|352\/352
|move|p2a: Keldeo|Hidden Power|p1a: Ferrothorn
|-damage|p1a: Ferrothorn|284\/352
|
|-weather|Sandstorm|[upkeep]
|-damage|p2a: Keldeo|263\/323|[from] sandstorm
|-heal|p1a: Ferrothorn|306\/352|[from] item: Leftovers
|turn|5
|c|âInvok3r|hp flying?
|c|âBig Brandon Carter|why would u risk that
|c|âBig Brandon Carter|when u have a
|c|âBig Brandon Carter|starmie.
|c|âInvok3r|ohh
|c|âInvok3r|hp bug
|c|âInvok3r|nice
|c|âInvok3r|:]
|c|âInvok3r|gotta hit then celebis
|c|âInvok3r|*them
|
|switch|p2a: Charizard|Charizard, F|298\/298
|-damage|p2a: Charizard|149\/298|[from] Stealth Rock
|move|p1a: Ferrothorn|Leech Seed|p2a: Charizard
|-start|p2a: Charizard|move: Leech Seed
|
|-weather|none
|-heal|p1a: Ferrothorn|328\/352|[from] item: Leftovers
|-damage|p2a: Charizard|112\/298|[from] Leech Seed|[of] p1a: Ferrothorn
|-heal|p1a: Ferrothorn|352\/352|[silent]
|turn|6
|
|switch|p1a: Dragalge|Dragalge, F|334\/334
|detailschange|p2a: Charizard|Charizard-Mega-Y, F
|-mega|p2a: Charizard|Charizard|Charizardite Y
|-weather|SunnyDay
|move|p2a: Charizard|Roost|p2a: Charizard
|-heal|p2a: Charizard|261\/298
|
|-weather|SunnyDay|[upkeep]
|-damage|p2a: Charizard|224\/298|[from] Leech Seed|[of] p1a: Dragalge
|turn|7
|
|switch|p2a: Bisharp|Bisharp, F|271\/271
|-damage|p2a: Bisharp|255\/271|[from] Stealth Rock
|move|p1a: Dragalge|Hidden Power|p2a: Bisharp
|-supereffective|p2a: Bisharp
|-damage|p2a: Bisharp|0 fnt
|-damage|p1a: Dragalge|301\/334|[from] item: Life Orb
|faint|p2a: Bisharp
|
|-weather|SunnyDay|[upkeep]
|
|switch|p2a: Hippowdon|Hippowdon, M|420\/420
|-damage|p2a: Hippowdon|394\/420|[from] Stealth Rock
|-weather|Sandstorm
|turn|8
|
|switch|p1a: Ferrothorn|Ferrothorn, F|352\/352
|move|p2a: Hippowdon|Stealth Rock|p1a: Ferrothorn
|-sidestart|p1: Invok3r|move: Stealth Rock
|
|-weather|Sandstorm|[upkeep]
|-heal|p2a: Hippowdon|420\/420|[from] item: Leftovers
|turn|9
|
|switch|p2a: Charizard|Charizard-Mega-Y, F|224\/298
|-damage|p2a: Charizard|75\/298|[from] Stealth Rock
|-weather|SunnyDay
|move|p1a: Ferrothorn|Leech Seed|p2a: Charizard
|-start|p2a: Charizard|move: Leech Seed
|
|-weather|SunnyDay|[upkeep]
|-damage|p2a: Charizard|38\/298|[from] Leech Seed|[of] p1a: Ferrothorn
|turn|10
|
|switch|p1a: Dragalge|Dragalge, F|301\/334
|-damage|p1a: Dragalge|260\/334|[from] Stealth Rock
|move|p2a: Charizard|Roost|p2a: Charizard
|-heal|p2a: Charizard|187\/298
|
|-weather|SunnyDay|[upkeep]
|-damage|p2a: Charizard|150\/298|[from] Leech Seed|[of] p1a: Dragalge
|-heal|p1a: Dragalge|297\/334|[silent]
|turn|11
|
|switch|p2a: Hippowdon|Hippowdon, M|420\/420
|-damage|p2a: Hippowdon|394\/420|[from] Stealth Rock
|-weather|Sandstorm
|move|p1a: Dragalge|Dragon Pulse|p2a: Hippowdon
|-damage|p2a: Hippowdon|108\/420
|-damage|p1a: Dragalge|264\/334|[from] item: Life Orb
|
|-weather|Sandstorm|[upkeep]
|-damage|p1a: Dragalge|244\/334|[from] sandstorm
|-heal|p2a: Hippowdon|134\/420|[from] item: Leftovers
|turn|12
|
|move|p2a: Hippowdon|Earthquake|p1a: Dragalge
|-supereffective|p1a: Dragalge
|-damage|p1a: Dragalge|0 fnt
|faint|p1a: Dragalge
|
|-weather|Sandstorm|[upkeep]
|-heal|p2a: Hippowdon|160\/420|[from] item: Leftovers
|c|âInvok3r|wait what
|c|âInvok3r|lol
|
|switch|p1a: Tornadus-Therian|Tornadus-Therian, M, shiny|361\/361
|-damage|p1a: Tornadus-Therian|271\/361|[from] Stealth Rock
|turn|13
|
|move|p1a: Tornadus-Therian|Hurricane|p2a: Hippowdon
|-damage|p2a: Hippowdon|6\/420
|move|p2a: Hippowdon|Stone Edge|p1a: Tornadus-Therian|[miss]
|-miss|p2a: Hippowdon|p1a: Tornadus-Therian
|
|-weather|Sandstorm|[upkeep]
|-damage|p1a: Tornadus-Therian|249\/361|[from] sandstorm
|-heal|p2a: Hippowdon|32\/420|[from] item: Leftovers
|turn|14
|c|âInvok3r|meh
|
|move|p1a: Tornadus-Therian|Knock Off|p2a: Hippowdon
|-damage|p2a: Hippowdon|0 fnt
|-enditem|p2a: Hippowdon|Leftovers|[from] move: Knock Off|[of] p1a: Tornadus-Therian
|faint|p2a: Hippowdon
|
|-weather|Sandstorm|[upkeep]
|-damage|p1a: Tornadus-Therian|227\/361|[from] sandstorm
|c|âBig Brandon Carter|lol?
|c|âBig Brandon Carter|u say meh?
|c|âBig Brandon Carter|shut the fuck up.
|c|âInvok3r|wouldnt have killed
|c|âInvok3r|woah calm down bro
|
|switch|p2a: Thundurus|Thundurus, M|268\/300
|-damage|p2a: Thundurus|193\/300|[from] Stealth Rock
|turn|15
|c|âBig Brandon Carter|u dont know my spread
|c|âInvok3r|no need to curse
|c|âBig Brandon Carter|i outsped ur dragalge didnt i
|c|âBig Brandon Carter|ur saying meh
|c|âInvok3r|yea i was dumb
|c|âBig Brandon Carter|but ur the lucky one.
|c|âInvok3r|hippo naturally outspeeds
|c|âInvok3r|k
|
|switch|p1a: Hippowdon|Hippowdon, F|420\/420
|-damage|p1a: Hippowdon|394\/420|[from] Stealth Rock
|switch|p2a: Latios|Latios, M|301\/301
|-damage|p2a: Latios|264\/301|[from] Stealth Rock
|
|-weather|none
|-heal|p1a: Hippowdon|420\/420|[from] item: Leftovers
|turn|16
|c|âInvok3r|im gonna ev to outspeed hippo now
|
|switch|p1a: Ferrothorn|Ferrothorn, F|352\/352
|-damage|p1a: Ferrothorn|330\/352|[from] Stealth Rock
|move|p2a: Latios|Defog|p1a: Ferrothorn
|-unboost|p1a: Ferrothorn|evasion|1
|-sideend|p1: Invok3r|Stealth Rock|[from] move: Defog|[of] p1a: Ferrothorn
|-sideend|p2: Big Brandon Carter|Stealth Rock|[from] move: Defog|[of] p2a: Latios
|
|-heal|p1a: Ferrothorn|352\/352|[from] item: Leftovers
|turn|17
|
|switch|p2a: Charizard|Charizard-Mega-Y, F|150\/298
|-weather|SunnyDay
|switch|p1a: Tornadus-Therian|Tornadus-Therian, M, shiny|347\/361
|
|-weather|SunnyDay|[upkeep]
|turn|18
|
|move|p1a: Tornadus-Therian|Hurricane|p2a: Charizard|[miss]
|-miss|p1a: Tornadus-Therian|p2a: Charizard
|move|p2a: Charizard|Fire Blast|p1a: Tornadus-Therian
|-damage|p1a: Tornadus-Therian|110\/361
|
|-weather|SunnyDay|[upkeep]
|turn|19
|c|âInvok3r|meh
|c|âBig Brandon Carter|ud be dead if stone edge hit :]
|c|âInvok3r|:]
|
|move|p1a: Tornadus-Therian|U-turn|p2a: Charizard
|-resisted|p2a: Charizard
|-damage|p2a: Charizard|136\/298
|
|switch|p1a: Gyarados|Gyarados, F|353\/353
|-ability|p1a: Gyarados|Intimidate|[of] p2a: Charizard
|-unboost|p2a: Charizard|atk|1
|move|p2a: Charizard|Roost|p2a: Charizard
|-heal|p2a: Charizard|285\/298
|
|-weather|SunnyDay|[upkeep]
|turn|20
|
|switch|p1a: Hippowdon|Hippowdon, F|420\/420
|-weather|Sandstorm
|move|p2a: Charizard|Solar Beam|p1a: Hippowdon|[still]
|-prepare|p2a: Charizard|Solar Beam|p1a: Hippowdon
|
|-weather|Sandstorm|[upkeep]
|-damage|p2a: Charizard|267\/298|[from] sandstorm
|turn|21
|c|âInvok3r|rock slide miss
|
|move|p2a: Charizard|Solar Beam|p1a: Hippowdon
|-supereffective|p1a: Hippowdon
|-damage|p1a: Hippowdon|228\/420
|move|p1a: Hippowdon|Rock Slide|p2a: Charizard
|-supereffective|p2a: Charizard
|-damage|p2a: Charizard|0 fnt
|faint|p2a: Charizard
|
|-weather|Sandstorm|[upkeep]
|-heal|p1a: Hippowdon|254\/420|[from] item: Leftovers
|
|switch|p2a: Keldeo|Keldeo|263\/323
|turn|22
|
|switch|p2a: Thundurus|Thundurus, M|193\/300
|switch|p1a: Gyarados|Gyarados, F|353\/353
|-ability|p1a: Gyarados|Intimidate|[of] p2a: Thundurus
|-unboost|p2a: Thundurus|atk|1
|
|-weather|Sandstorm|[upkeep]
|-damage|p2a: Thundurus|175\/300|[from] sandstorm
|-damage|p1a: Gyarados|331\/353|[from] sandstorm
|-heal|p2a: Thundurus|193\/300|[from] item: Leftovers
|turn|23
|
|switch|p1a: Ferrothorn|Ferrothorn, F|352\/352
|move|p2a: Thundurus|Hidden Power|p1a: Ferrothorn
|-damage|p1a: Ferrothorn|306\/352
|
|-weather|Sandstorm|[upkeep]
|-damage|p2a: Thundurus|175\/300|[from] sandstorm
|-heal|p2a: Thundurus|193\/300|[from] item: Leftovers
|-heal|p1a: Ferrothorn|328\/352|[from] item: Leftovers
|turn|24
|
|move|p2a: Thundurus|Thunder Wave|p1a: Ferrothorn
|-status|p1a: Ferrothorn|par
|cant|p1a: Ferrothorn|par
|
|-weather|none
|-heal|p2a: Thundurus|211\/300|[from] item: Leftovers
|-heal|p1a: Ferrothorn|350\/352 par|[from] item: Leftovers
|turn|25
|
|move|p2a: Thundurus|Focus Blast|p1a: Ferrothorn|[miss]
|-miss|p2a: Thundurus|p1a: Ferrothorn
|move|p1a: Ferrothorn|Power Whip|p2a: Thundurus
|-resisted|p2a: Thundurus
|-damage|p2a: Thundurus|128\/300
|
|-heal|p2a: Thundurus|146\/300|[from] item: Leftovers
|-heal|p1a: Ferrothorn|352\/352 par|[from] item: Leftovers
|turn|26
|
|switch|p1a: Gyarados|Gyarados, F|331\/353
|-ability|p1a: Gyarados|Intimidate|[of] p2a: Thundurus
|-unboost|p2a: Thundurus|atk|1
|move|p2a: Thundurus|Focus Blast|p1a: Gyarados
|-resisted|p1a: Gyarados
|-damage|p1a: Gyarados|256\/353
|
|-heal|p2a: Thundurus|164\/300|[from] item: Leftovers
|turn|27
|c|âInvok3r|:[
|
|detailschange|p1a: Gyarados|Gyarados-Mega, F
|-mega|p1a: Gyarados|Gyarados|Gyaradosite
|-ability|p1a: Gyarados|Mold Breaker
|move|p2a: Thundurus|Volt Switch|p1a: Gyarados
|-supereffective|p1a: Gyarados
|-damage|p1a: Gyarados|74\/353
|c|âInvok3r|oh volt switch
|
|switch|p2a: Keldeo|Keldeo|263\/323
|move|p1a: Gyarados|Crunch|p2a: Keldeo
|-resisted|p2a: Keldeo
|-damage|p2a: Keldeo|166\/323
|-boost|p2a: Keldeo|atk|1|[from] ability: Justified
|
|turn|28
|c|âInvok3r|reveal sd keld
|
|move|p2a: Keldeo|Secret Sword|p1a: Gyarados
|-supereffective|p1a: Gyarados
|-damage|p1a: Gyarados|0 fnt
|faint|p1a: Gyarados
|
|
|switch|p1a: Tornadus-Therian|Tornadus-Therian, M, shiny|230\/361
|turn|29
|
|switch|p2a: Thundurus|Thundurus, M|164\/300
|move|p1a: Tornadus-Therian|Knock Off|p2a: Thundurus
|-crit|p2a: Thundurus
|-damage|p2a: Thundurus|35\/300
|-enditem|p2a: Thundurus|Leftovers|[from] move: Knock Off|[of] p1a: Tornadus-Therian
|
|turn|30
|c|âInvok3r|:[
|-message|Big Brandon Carter forfeited.
|leave|Big Brandon Carter
|
|win|Invok3r
|raw|Ladder updating...
|player|p2
|raw|Invok3r's rating: 1728 &rarr; <strong>1746<\/strong><br \/>(+18 for winning)
|raw|Big Brandon Carter's rating: 1698 &rarr; <strong>1680<\/strong><br \/>(-18 for losing)