|join|Wuddly Skuds
|join|Big Brandon Carter
|player|p1|Wuddly Skuds|269
|player|p2|Big Brandon Carter|266
|gametype|doubles
|gen|6
|tier|Smogon Doubles
|rated
|clearpoke
|poke|p1|Kangaskhan, F
|poke|p1|Heatran, F
|poke|p1|Azumarill, M
|poke|p1|Zapdos
|poke|p1|Kyurem-Black
|poke|p1|Amoonguss, M
|poke|p2|Goodra, F, shiny
|poke|p2|Kangaskhan, F, shiny
|poke|p2|Zapdos
|poke|p2|Breloom, M, shiny
|poke|p2|Suicune, shiny
|poke|p2|Metagross
|rule|Species Clause: Limit one of each PokÃ©mon
|rule|OHKO Clause: OHKO moves are banned
|rule|Moody Clause: Moody is banned
|rule|Evasion Abilities Clause: Evasion abilities are banned
|rule|Evasion Moves Clause: Evasion moves are banned
|rule|Endless Battle Clause: Forcing endless battles is banned
|rule|HP Percentage Mod: HP is shown in percentages
|teampreview
|
|start
|switch|p1a: Fried Chicken|Zapdos|384\/384
|switch|p1b: Risotto ai Funghi|Amoonguss, M|432\/432
|switch|p2a: Kangaskhan|Kangaskhan, F, shiny|352\/352
|switch|p2b: Breloom|Breloom, M, shiny|261\/261
|-ability|p1a: Fried Chicken|Pressure
|turn|1
|
|detailschange|p2a: Kangaskhan|Kangaskhan-Mega, F, shiny
|-mega|p2a: Kangaskhan|Kangaskhan|Kangaskhanite
|move|p2a: Kangaskhan|Power-Up Punch|p1a: Fried Chicken
|-resisted|p1a: Fried Chicken
|-damage|p1a: Fried Chicken|358\/384
|-boost|p2a: Kangaskhan|atk|1
|-resisted|p1a: Fried Chicken
|-damage|p1a: Fried Chicken|339\/384
|-boost|p2a: Kangaskhan|atk|1
|-hitcount|p1a: Fried Chicken|2
|move|p1a: Fried Chicken|Tailwind|p1a: Fried Chicken
|-sidestart|p1: Wuddly Skuds|move: Tailwind
|move|p2b: Breloom|Spore|p1a: Fried Chicken
|-status|p1a: Fried Chicken|slp
|move|p1b: Risotto ai Funghi|Spore|p2a: Kangaskhan
|-status|p2a: Kangaskhan|slp
|
|turn|2
|
|cant|p1a: Fried Chicken|slp
|cant|p2a: Kangaskhan|slp
|move|p2b: Breloom|Spore|p1a: Fried Chicken
|-fail|p1a: Fried Chicken|slp
|move|p1b: Risotto ai Funghi|Sludge Bomb|p2b: Breloom
|-supereffective|p2b: Breloom
|-enditem|p2b: Breloom|Focus Sash
|-damage|p2b: Breloom|1\/261
|
|turn|3
|
|switch|p2b: Metagross|Metagross|351\/351
|cant|p1a: Fried Chicken|slp
|-curestatus|p2a: Kangaskhan|slp
|move|p2a: Kangaskhan|Double-Edge|p1a: Fried Chicken
|-damage|p1a: Fried Chicken|0 fnt
|-hitcount|p1a: Fried Chicken|1
|-damage|p2a: Kangaskhan|240\/352|[from] recoil|[of] p1a: Fried Chicken
|faint|p1a: Fried Chicken
|move|p1b: Risotto ai Funghi|Sludge Bomb|p2a: Kangaskhan
|-damage|p2a: Kangaskhan|141\/352
|
|join|SpaceBass
|
|switch|p1a: Veal|Kangaskhan, F|414\/414
|turn|4
|c| SpaceBass|Wheres the rainroom at?
|
|detailschange|p1a: Veal|Kangaskhan-Mega, F
|-mega|p1a: Veal|Kangaskhan|Kangaskhanite
|move|p1a: Veal|Fake Out|p2a: Kangaskhan
|-damage|p2a: Kangaskhan|57\/352
|-damage|p2a: Kangaskhan|15\/352
|-hitcount|p2a: Kangaskhan|2
|cant|p2a: Kangaskhan|flinch
|move|p2b: Metagross|Zen Headbutt|p1b: Risotto ai Funghi|[miss]
|-miss|p2b: Metagross|p1b: Risotto ai Funghi
|move|p1b: Risotto ai Funghi|Spore|p2b: Metagross
|-status|p2b: Metagross|slp
|-enditem|p2b: Metagross|Lum Berry|[eat]
|-curestatus|p2b: Metagross|slp
|
|-sideend|p1: Wuddly Skuds|move: Tailwind
|turn|5
|c|âWuddly Skuds|I clicked this team out of habit
|c|âBig Brandon Carter|thats fucking stupid but w.e
|c|âWuddly Skuds|Lolwut
|c|âWuddly Skuds|What is?
|c|âBig Brandon Carter|Metagross used Zen Headbutt!
|c|âBig Brandon Carter|The opposing Risotto ai Funghi avoided the attack!
|c|âWuddly Skuds|!dt zen headbutt
|c|~|\/data-move Zen Headbutt
|raw|<font size="1"><font color=#585858>Priority:<\/font> 0&nbsp;|&ThickSpace;<font color=#585858><font color=black>&#10003; Secondary effect<\/font><\/font>&nbsp;|&ThickSpace;<font color=#585858><font color=black>&#10003; Contact<\/font><\/font>&nbsp;|&ThickSpace;<font color=#585858><font color=black>&#10003; Blocked by Protect<\/font><\/font>&nbsp;|&ThickSpace;<font color=#585858>Target:<\/font> One Adjacent Pokemon<\/font>
|c|âWuddly Skuds|Notice the 90%?
|c|âBig Brandon Carter|its fucking stupid cause it got the 10% miss
|
|move|p1b: Risotto ai Funghi|Rage Powder|p1b: Risotto ai Funghi
|-start|p1b: Risotto ai Funghi|move: Rage Powder
|move|p2a: Kangaskhan|Sucker Punch|p1a: Veal
|-fail|p1b: Risotto ai Funghi
|move|p1a: Veal|Power-Up Punch|p2b: Metagross
|-damage|p2b: Metagross|309\/351
|-boost|p1a: Veal|atk|1
|-damage|p2b: Metagross|276\/351
|-boost|p1a: Veal|atk|1
|-hitcount|p2b: Metagross|2
|move|p2b: Metagross|Zen Headbutt|p1b: Risotto ai Funghi
|-supereffective|p1b: Risotto ai Funghi
|-damage|p1b: Risotto ai Funghi|136\/432
|-damage|p2b: Metagross|218\/351|[from] item: Rocky Helmet|[of] p1b: Risotto ai Funghi
|
|turn|6
|c|âWuddly Skuds|You must be new here
|c|âBig Brandon Carter|no im not
|c|âBig Brandon Carter|your never starting in DPL
|c|âBig Brandon Carter|why?
|c|âBig Brandon Carter|cause ur shit
|c|âWuddly Skuds|Kekek
|c|âWuddly Skuds|Someone's salty
|
|move|p1b: Risotto ai Funghi|Rage Powder|p1b: Risotto ai Funghi
|-start|p1b: Risotto ai Funghi|move: Rage Powder
|move|p1a: Veal|Sucker Punch|p2b: Metagross
|-supereffective|p2b: Metagross
|-damage|p2b: Metagross|0 fnt
|-hitcount|p2b: Metagross|1
|faint|p2b: Metagross
|move|p2a: Kangaskhan|Double-Edge|p1a: Veal
|-damage|p1b: Risotto ai Funghi|0 fnt
|-damage|p2a: Kangaskhan|0 fnt|[from] item: Rocky Helmet|[of] p1b: Risotto ai Funghi
|faint|p2a: Kangaskhan
|faint|p1b: Risotto ai Funghi
|-hitcount|p1: Risotto ai Funghi|1
|
|c|âBig Brandon Carter|no ur being an asshole
|
|switch|p1b: Frozen Turkey|Kyurem-Black|391\/391
|switch|p2b: Breloom|Breloom, M, shiny|1\/261
|switch|p2a: Suicune|Suicune, shiny|400\/400
|-ability|p1b: Frozen Turkey|Teravolt
|-ability|p2a: Suicune|Pressure
|turn|7
|c|âBig Brandon Carter|"must be new here"
|c|âBig Brandon Carter|shut the fuck up
|c| SpaceBass|You seem salty friend
|c|âWuddly Skuds|Sssssaaaaaaaaaallllllttttttt
|c|âWuddly Skuds|How about you don't whine about missing a move that misses
|c|âWuddly Skuds|And I won't take you for a newbie
|
|move|p2b: Breloom|Protect|p2b: Breloom
|-singleturn|p2b: Breloom|Protect
|move|p1b: Frozen Turkey|Fusion Bolt|p2b: Breloom
|-activate|p2b: Breloom|Protect
|move|p1a: Veal|Facade|p2a: Suicune
|-damage|p2a: Suicune|184\/400
|-damage|p1a: Veal|345\/414|[from] item: Rocky Helmet|[of] p2a: Suicune
|-crit|p2a: Suicune
|-damage|p2a: Suicune|6\/400
|-damage|p1a: Veal|276\/414|[from] item: Rocky Helmet|[of] p2a: Suicune
|-hitcount|p2a: Suicune|2
|move|p2a: Suicune|Tailwind|p2a: Suicune
|-sidestart|p2: Big Brandon Carter|move: Tailwind
|
|turn|8
|c|âBig Brandon Carter|10% of the time
|c| SpaceBass|Yo real talk whos your main
|c|âBig Brandon Carter|yo real talk
|c|âBig Brandon Carter|get on ur knees and blow me
|c| SpaceBass|Stop hiding behind an alt
|c|âBig Brandon Carter|sack of shit
|c|âWuddly Skuds|So adorable
|c| SpaceBass|wow
|c|âBig Brandon Carter|"hiding behind an alt"
|c| SpaceBass|Jesus christ
|c|âBig Brandon Carter|more like i dont want to show my SPL team
|c|âWuddly Skuds|You ever wonder
|c| SpaceBass|The fact that you seem to be a room regular is embarrasing
|c|âWuddly Skuds|What peoples like this lives must be like
|c|âWuddly Skuds|For them to care so much about pokemon?
|c|âWuddly Skuds|MLG
|c|âBig Brandon Carter|lag
|
|move|p2b: Breloom|Spore|p1a: Veal
|-status|p1a: Veal|slp
|move|p2a: Suicune|Scald|p1b: Frozen Turkey
|-resisted|p1b: Frozen Turkey
|-damage|p1b: Frozen Turkey|331\/391
|move|p1b: Frozen Turkey|Fusion Bolt|p2b: Breloom
|-resisted|p2b: Breloom
|-damage|p2b: Breloom|0 fnt
|faint|p2b: Breloom
|cant|p1a: Veal|slp
|
|c|âBig Brandon Carter|lag
|
|switch|p2b: Goodra|Goodra, F, shiny|339\/339
|turn|9
|c|âBig Brandon Carter|rediculous fucking lag
|
|move|p2b: Goodra|Draco Meteor|p1b: Frozen Turkey
|-supereffective|p1b: Frozen Turkey
|-damage|p1b: Frozen Turkey|0 fnt
|-unboost|p2b: Goodra|spa|2
|-damage|p2b: Goodra|306\/339|[from] item: Life Orb
|faint|p1b: Frozen Turkey
|move|p2a: Suicune|Scald|p1a: Veal
|-damage|p1a: Veal|176\/414 slp
|cant|p1a: Veal|slp
|
|
|switch|p1b: Rabbit Stew|Azumarill, M|342\/342
|turn|10
|
|move|p2b: Goodra|Draco Meteor|p1a: Veal
|-damage|p1a: Veal|38\/414 slp
|-unboost|p2b: Goodra|spa|2
|-damage|p2b: Goodra|273\/339|[from] item: Life Orb
|move|p2a: Suicune|Scald|p1a: Veal
|-damage|p1a: Veal|0 fnt
|faint|p1a: Veal
|move|p1b: Rabbit Stew|Belly Drum|p1b: Rabbit Stew
|-damage|p1b: Rabbit Stew|171\/342
|-setboost|p1b: Rabbit Stew|atk|6|[from] move: Belly Drum
|-enditem|p1b: Rabbit Stew|Sitrus Berry|[eat]
|-heal|p1b: Rabbit Stew|256\/342|[from] item: Sitrus Berry
|
|-sideend|p2: Big Brandon Carter|move: Tailwind
|
|switch|p1a: BBQ Ribs|Heatran, F|367\/367
|turn|11
|
|move|p2b: Goodra|Ice Beam|p1b: Rabbit Stew
|-resisted|p1b: Rabbit Stew
|-damage|p1b: Rabbit Stew|231\/342
|-status|p1b: Rabbit Stew|frz
|-damage|p2b: Goodra|240\/339|[from] item: Life Orb
|move|p2a: Suicune|Scald|p1b: Rabbit Stew
|-resisted|p1b: Rabbit Stew
|-damage|p1b: Rabbit Stew|172\/342 frz
|-curestatus|p1b: Rabbit Stew|frz
|move|p1a: BBQ Ribs|Heat Wave|p2a: Suicune
|-resisted|p2a: Suicune
|-damage|p2a: Suicune|0 fnt
|-resisted|p2b: Goodra
|-damage|p2b: Goodra|188\/339
|faint|p2a: Suicune
|move|p1b: Rabbit Stew|Play Rough|p2b: Goodra|[miss]
|-miss|p1b: Rabbit Stew|p2b: Goodra
|
|c|âWuddly Skuds|Jej
|
|switch|p2a: Zapdos|Zapdos|384\/384
|-ability|p2a: Zapdos|Pressure
|turn|12
|c|âWuddly Skuds|OMG FUCKIN BULLSHIT
|c|âWuddly Skuds|I MISSED A MOVE THAT CAN MISS
|c|âBig Brandon Carter|u already won
|c|âBig Brandon Carter|mine let u win
|
|move|p1b: Rabbit Stew|Protect|p1b: Rabbit Stew
|-singleturn|p1b: Rabbit Stew|Protect
|move|p2b: Goodra|Ice Beam|p1a: BBQ Ribs
|-resisted|p1a: BBQ Ribs
|-damage|p1a: BBQ Ribs|358\/367
|-damage|p2b: Goodra|155\/339|[from] item: Life Orb
|move|p2a: Zapdos|Thunderbolt|p1b: Rabbit Stew
|-activate|p1b: Rabbit Stew|Protect
|move|p1a: BBQ Ribs|Heat Wave|p2b: Goodra
|-damage|p2a: Zapdos|236\/384
|-resisted|p2b: Goodra
|-damage|p2b: Goodra|104\/339
|
|turn|13
|c|âWuddly Skuds|Yeah was 100% that miss that would have done 60%
|c|âWuddly Skuds|That was what beat me
|c|âWuddly Skuds|Beat you*
|c|âBig Brandon Carter|it let u set up kangaskhan
|
|move|p1b: Rabbit Stew|Aqua Jet|p2a: Zapdos
|-damage|p2a: Zapdos|0 fnt
|faint|p2a: Zapdos
|move|p2b: Goodra|Ice Beam|p1a: BBQ Ribs
|-resisted|p1a: BBQ Ribs
|-damage|p1a: BBQ Ribs|348\/367
|-damage|p2b: Goodra|71\/339|[from] item: Life Orb
|move|p1a: BBQ Ribs|Heat Wave|p2b: Goodra
|-resisted|p2b: Goodra
|-damage|p2b: Goodra|6\/339
|
|turn|14
|c|âBig Brandon Carter|ur fucking retarded
|c| SpaceBass|tfw disconnect
|c|âWuddly Skuds|I think you just think all misses you make are more important than misses anyone else makes
|c|âWuddly Skuds|Because ur the pokemaster
|c| SpaceBass|Who the fuck are you
|c| SpaceBass|Some random?
|c|âBig Brandon Carter|LOL
|c|âBig Brandon Carter|IM STARTING ON A TEAM FOR SPL
|c|âBig Brandon Carter|WHO THE FUCK RE YOU
|c|âBig Brandon Carter|Thought so
|c|âWuddly Skuds|Better try again then m8
|c|âWuddly Skuds|Back to the drawing board
|c|âBig Brandon Carter|yeah ur fucking trash
|c|âWuddly Skuds|Gg fren
|c|âWuddly Skuds|rekt
|c|âBig Brandon Carter|u made the most shit plays ive ever seen in farm league
|c|âBig Brandon Carter|fucking atrocious and lucky player
|c|âWuddly Skuds|That's why I'm 3-0
|-message|Big Brandon Carter lost due to inactivity.
|c|âBig Brandon Carter|yeah making retard plays
|c|âWuddly Skuds|Gg fren <3
|c|âWuddly Skuds|Stay salty
|c|âBig Brandon Carter|stay shitty
|
|win|Wuddly Skuds
|raw|Ladder updating...
|raw|Wuddly Skuds's rating: 1315 &rarr; <strong>1338<\/strong><br \/>(+23 for winning)
|raw|Big Brandon Carter's rating: 1353 &rarr; <strong>1331<\/strong><br \/>(-22 for losing)
|join|Yellow Paint
|leave|Big Brandon Carter
|join|OU- Rus
|c|âWuddly Skuds|I'm like
|player|p2
|c|âWuddly Skuds|99% sure that's qwerts
|c|âWuddly Skuds|Salty little prick
|c|âWuddly Skuds|Kek