|join|ULTra Stampede
|join|UrNemesis357
|player|p1|ULTra Stampede|153
|player|p2|UrNemesis357|102
|gametype|singles
|gen|6
|tier|UU
|rated
|rule|Sleep Clause Mod: Limit one foe put to sleep
|rule|Species Clause: Limit one of each PokÃ©mon
|rule|OHKO Clause: OHKO moves are banned
|rule|Moody Clause: Moody is banned
|rule|Evasion Moves Clause: Evasion moves are banned
|rule|Endless Battle Clause: Forcing endless battles is banned
|rule|HP Percentage Mod: HP is shown in percentages
|clearpoke
|poke|p1|Crobat, M
|poke|p1|Rotom-Heat
|poke|p1|Vaporeon, F
|poke|p1|Diancie
|poke|p1|Meloetta
|poke|p1|Cobalion
|poke|p2|Raikou
|poke|p2|Abomasnow, F
|poke|p2|Mienshao, F
|poke|p2|Hippowdon, M
|poke|p2|Suicune
|poke|p2|Forretress, M
|rule|Swagger Clause: Swagger is banned
|rule|Baton Pass Clause: Limit one PokÃ©mon knowing Baton Pass
|teampreview
|
|start
|switch|p1a: Rotom-Heat|Rotom-Heat|303\/303
|switch|p2a: Hippowdon|Hippowdon, M|420\/420
|-weather|Sandstorm
|turn|1
|
|switch|p2a: Suicune|Suicune|404\/404
|-ability|p2a: Suicune|Pressure
|move|p1a: Rotom-Heat|Overheat|p2a: Suicune
|-resisted|p2a: Suicune
|-damage|p2a: Suicune|251\/404
|-unboost|p1a: Rotom-Heat|spa|2
|
|-weather|Sandstorm|[upkeep]
|-damage|p1a: Rotom-Heat|285\/303|[from] sandstorm
|-damage|p2a: Suicune|226\/404|[from] sandstorm
|turn|2
|
|switch|p1a: Meloetta|Meloetta|401\/401
|switch|p2a: Raikou|Raikou|321\/321
|-ability|p2a: Raikou|Pressure
|
|-weather|Sandstorm|[upkeep]
|-damage|p2a: Raikou|301\/321|[from] sandstorm
|-damage|p1a: Meloetta|376\/401|[from] sandstorm
|turn|3
|
|move|p2a: Raikou|Volt Switch|p1a: Meloetta
|-damage|p1a: Meloetta|291\/401
|
|switch|p2a: Hippowdon|Hippowdon, M|420\/420
|move|p1a: Meloetta|Hyper Voice|p2a: Hippowdon
|-damage|p2a: Hippowdon|255\/420
|
|-weather|Sandstorm|[upkeep]
|-damage|p1a: Meloetta|266\/401|[from] sandstorm
|-heal|p2a: Hippowdon|281\/420|[from] item: Leftovers
|turn|4
|
|switch|p1a: Vaporeon|Vaporeon, F|449\/449
|move|p2a: Hippowdon|Slack Off|p2a: Hippowdon
|-heal|p2a: Hippowdon|420\/420
|
|-weather|Sandstorm|[upkeep]
|-damage|p1a: Vaporeon|421\/449|[from] sandstorm
|-heal|p1a: Vaporeon|449\/449|[from] item: Leftovers
|turn|5
|
|switch|p2a: Raikou|Raikou|301\/321
|-ability|p2a: Raikou|Pressure
|move|p1a: Vaporeon|Scald|p2a: Raikou
|-damage|p2a: Raikou|198\/321
|
|-weather|none
|turn|6
|
|switch|p1a: Diancie|Diancie|304\/304
|move|p2a: Raikou|Volt Switch|p1a: Diancie
|-damage|p1a: Diancie|208\/304
|
|switch|p2a: Forretress|Forretress, M|354\/354
|
|-heal|p1a: Diancie|227\/304|[from] item: Leftovers
|turn|7
|
|switch|p1a: Vaporeon|Vaporeon, F|449\/449
|move|p2a: Forretress|Volt Switch|p1a: Vaporeon
|-supereffective|p1a: Vaporeon
|-damage|p1a: Vaporeon|375\/449
|
|switch|p2a: Raikou|Raikou|198\/321
|-ability|p2a: Raikou|Pressure
|
|-heal|p1a: Vaporeon|403\/449|[from] item: Leftovers
|turn|8
|
|move|p1a: Vaporeon|Protect|p1a: Vaporeon
|-singleturn|p1a: Vaporeon|Protect
|move|p2a: Raikou|Volt Switch|p1a: Vaporeon
|-activate|p1a: Vaporeon|Protect
|
|-heal|p1a: Vaporeon|431\/449|[from] item: Leftovers
|turn|9
|
|switch|p1a: Meloetta|Meloetta|266\/401
|move|p2a: Raikou|Volt Switch|p1a: Meloetta
|-damage|p1a: Meloetta|178\/401
|
|switch|p2a: Mienshao|Mienshao, F|271\/271
|
|turn|10
|join|Snowballin
|
|switch|p1a: Crobat|Crobat, M|369\/369
|move|p2a: Mienshao|U-turn|p1a: Crobat
|-resisted|p1a: Crobat
|-damage|p1a: Crobat|349\/369
|
|switch|p2a: Hippowdon|Hippowdon, M|420\/420
|-weather|Sandstorm
|
|-weather|Sandstorm|[upkeep]
|-damage|p1a: Crobat|326\/369|[from] sandstorm
|-heal|p1a: Crobat|349\/369|[from] item: Black Sludge
|turn|11
|
|move|p1a: Crobat|U-turn|p2a: Hippowdon
|-damage|p2a: Hippowdon|378\/420
|
|switch|p1a: Vaporeon|Vaporeon, F|431\/449
|move|p2a: Hippowdon|Stealth Rock|p1a: Vaporeon
|-sidestart|p1: ULTra Stampede|move: Stealth Rock
|
|-weather|Sandstorm|[upkeep]
|-damage|p1a: Vaporeon|403\/449|[from] sandstorm
|-heal|p1a: Vaporeon|431\/449|[from] item: Leftovers
|-heal|p2a: Hippowdon|404\/420|[from] item: Leftovers
|turn|12
|
|switch|p2a: Suicune|Suicune|226\/404
|-ability|p2a: Suicune|Pressure
|move|p1a: Vaporeon|Scald|p2a: Suicune
|-resisted|p2a: Suicune
|-damage|p2a: Suicune|180\/404
|
|-weather|Sandstorm|[upkeep]
|-damage|p2a: Suicune|155\/404|[from] sandstorm
|-damage|p1a: Vaporeon|403\/449|[from] sandstorm
|-heal|p1a: Vaporeon|431\/449|[from] item: Leftovers
|turn|13
|
|switch|p1a: Rotom-Heat|Rotom-Heat|285\/303
|-damage|p1a: Rotom-Heat|210\/303|[from] Stealth Rock
|move|p2a: Suicune|Calm Mind|p2a: Suicune
|-boost|p2a: Suicune|spa|1
|-boost|p2a: Suicune|spd|1
|
|-weather|Sandstorm|[upkeep]
|-damage|p1a: Rotom-Heat|192\/303|[from] sandstorm
|-damage|p2a: Suicune|130\/404|[from] sandstorm
|turn|14
|
|switch|p2a: Hippowdon|Hippowdon, M|404\/420
|move|p1a: Rotom-Heat|Overheat|p2a: Hippowdon
|-damage|p2a: Hippowdon|95\/420
|-unboost|p1a: Rotom-Heat|spa|2
|
|-weather|none
|-heal|p2a: Hippowdon|121\/420|[from] item: Leftovers
|turn|15
|
|switch|p2a: Suicune|Suicune|130\/404
|-ability|p2a: Suicune|Pressure
|move|p1a: Rotom-Heat|Overheat|p2a: Suicune
|-resisted|p2a: Suicune
|-damage|p2a: Suicune|60\/404
|-unboost|p1a: Rotom-Heat|spa|2
|
|turn|16
|
|switch|p1a: Crobat|Crobat, M|349\/369
|-damage|p1a: Crobat|257\/369|[from] Stealth Rock
|move|p2a: Suicune|Rest|p2a: Suicune
|-status|p2a: Suicune|slp
|-heal|p2a: Suicune|404\/404 slp|[silent]
|-status|p2a: Suicune|slp|[from] move: Rest
|-enditem|p2a: Suicune|Chesto Berry|[eat]
|-curestatus|p2a: Suicune|slp
|
|-heal|p1a: Crobat|280\/369|[from] item: Black Sludge
|turn|17
|c| Snowballin|o
|c| Snowballin|o
|
|move|p1a: Crobat|Defog|p2a: Suicune
|-unboost|p2a: Suicune|evasion|1
|-sideend|p1: ULTra Stampede|Stealth Rock|[from] move: Defog|[of] p1a: Crobat
|move|p2a: Suicune|Ice Beam|p1a: Crobat
|-supereffective|p1a: Crobat
|-damage|p1a: Crobat|124\/369
|
|-heal|p1a: Crobat|147\/369|[from] item: Black Sludge
|turn|18
|c| Snowballin|rekt
|c| Snowballin|lel
|
|move|p1a: Crobat|U-turn|p2a: Suicune
|-damage|p2a: Suicune|373\/404
|
|switch|p1a: Meloetta|Meloetta|178\/401
|move|p2a: Suicune|Ice Beam|p1a: Meloetta
|-crit|p1a: Meloetta
|-damage|p1a: Meloetta|121\/401
|
|turn|19
|
|move|p1a: Meloetta|Hyper Voice|p2a: Suicune
|-damage|p2a: Suicune|229\/404
|move|p2a: Suicune|Scald|p1a: Meloetta
|-damage|p1a: Meloetta|75\/401
|
|turn|20
|
|move|p1a: Meloetta|Hyper Voice|p2a: Suicune
|-damage|p2a: Suicune|82\/404
|move|p2a: Suicune|Scald|p1a: Meloetta
|-damage|p1a: Meloetta|23\/401
|-status|p1a: Meloetta|brn
|
|-damage|p1a: Meloetta|0 fnt|[from] brn
|faint|p1a: Meloetta
|
|switch|p1a: Cobalion|Cobalion|321\/321
|turn|21
|
|move|p1a: Cobalion|Close Combat|p2a: Suicune
|-damage|p2a: Suicune|0 fnt
|-unboost|p1a: Cobalion|def|1
|-unboost|p1a: Cobalion|spd|1
|faint|p2a: Suicune
|
|
|switch|p2a: Hippowdon|Hippowdon, M|121\/420
|-weather|Sandstorm
|turn|22
|
|switch|p2a: Forretress|Forretress, M|354\/354
|move|p1a: Cobalion|Close Combat|p2a: Forretress
|-damage|p2a: Forretress|227\/354
|-unboost|p1a: Cobalion|def|1
|-unboost|p1a: Cobalion|spd|1
|
|-weather|Sandstorm|[upkeep]
|-heal|p2a: Forretress|249\/354|[from] item: Leftovers
|turn|23
|
|switch|p1a: Crobat|Crobat, M|147\/369
|move|p2a: Forretress|Volt Switch|p1a: Crobat
|-supereffective|p1a: Crobat
|-damage|p1a: Crobat|63\/369
|
|switch|p2a: Abomasnow|Abomasnow, F|381\/381
|
|-weather|Sandstorm|[upkeep]
|-damage|p1a: Crobat|40\/369|[from] sandstorm
|-damage|p2a: Abomasnow|358\/381|[from] sandstorm
|-heal|p1a: Crobat|63\/369|[from] item: Black Sludge
|turn|24
|
|switch|p1a: Rotom-Heat|Rotom-Heat|192\/303
|detailschange|p2a: Abomasnow|Abomasnow-Mega, F
|-mega|p2a: Abomasnow|Abomasnow|Abomasite
|-weather|Hail
|move|p2a: Abomasnow|Earthquake|p1a: Rotom-Heat
|-immune|p1a: Rotom-Heat|[msg]
|
|-weather|Hail|[upkeep]
|-damage|p1a: Rotom-Heat|174\/303|[from] hail
|turn|25
|
|switch|p2a: Forretress|Forretress, M|249\/354
|move|p1a: Rotom-Heat|Overheat|p2a: Forretress
|-crit|p2a: Forretress
|-supereffective|p2a: Forretress
|-damage|p2a: Forretress|0 fnt
|-unboost|p1a: Rotom-Heat|spa|2
|faint|p2a: Forretress
|
|-weather|Hail|[upkeep]
|-damage|p1a: Rotom-Heat|156\/303|[from] hail
|
|switch|p2a: Mienshao|Mienshao, F|271\/271
|turn|26
|
|switch|p1a: Vaporeon|Vaporeon, F|431\/449
|move|p2a: Mienshao|High Jump Kick|p1a: Vaporeon
|-damage|p1a: Vaporeon|161\/449
|
|-weather|Hail|[upkeep]
|-damage|p2a: Mienshao|255\/271|[from] hail
|-damage|p1a: Vaporeon|133\/449|[from] hail
|-heal|p1a: Vaporeon|161\/449|[from] item: Leftovers
|turn|27
|
|move|p2a: Mienshao|High Jump Kick|p1a: Vaporeon
|-damage|p1a: Vaporeon|0 fnt
|faint|p1a: Vaporeon
|
|-weather|Hail|[upkeep]
|-damage|p2a: Mienshao|239\/271|[from] hail
|
|switch|p1a: Crobat|Crobat, M|63\/369
|turn|28
|
|move|p2a: Mienshao|High Jump Kick|p1a: Crobat
|-resisted|p1a: Crobat
|-damage|p1a: Crobat|0 fnt
|faint|p1a: Crobat
|
|-weather|none
|
|switch|p1a: Diancie|Diancie|227\/304
|turn|29
|
|switch|p2a: Raikou|Raikou|198\/321
|-ability|p2a: Raikou|Pressure
|move|p1a: Diancie|Moonblast|p2a: Raikou
|-damage|p2a: Raikou|80\/321
|-unboost|p2a: Raikou|spa|1
|
|-heal|p1a: Diancie|246\/304|[from] item: Leftovers
|turn|30
|
|move|p2a: Raikou|Volt Switch|p1a: Diancie
|-damage|p1a: Diancie|186\/304
|
|switch|p2a: Abomasnow|Abomasnow-Mega, F|358\/381
|-weather|Hail
|move|p1a: Diancie|Stealth Rock|p2a: Abomasnow
|-sidestart|p2: UrNemesis357|move: Stealth Rock
|
|-weather|Hail|[upkeep]
|-damage|p1a: Diancie|167\/304|[from] hail
|-heal|p1a: Diancie|186\/304|[from] item: Leftovers
|turn|31
|
|move|p1a: Diancie|Diamond Storm|p2a: Abomasnow
|-supereffective|p2a: Abomasnow
|-damage|p2a: Abomasnow|134\/381
|-boost|p1a: Diancie|def|1
|move|p2a: Abomasnow|Seed Bomb|p1a: Diancie
|-supereffective|p1a: Diancie
|-damage|p1a: Diancie|36\/304
|
|-weather|Hail|[upkeep]
|-damage|p1a: Diancie|17\/304|[from] hail
|-heal|p1a: Diancie|36\/304|[from] item: Leftovers
|turn|32
|
|move|p2a: Abomasnow|Ice Shard|p1a: Diancie
|-damage|p1a: Diancie|0 fnt
|faint|p1a: Diancie
|
|-weather|Hail|[upkeep]
|
|switch|p1a: Cobalion|Cobalion|321\/321
|turn|33
|
|move|p1a: Cobalion|Iron Head|p2a: Abomasnow
|-supereffective|p2a: Abomasnow
|-damage|p2a: Abomasnow|0 fnt
|faint|p2a: Abomasnow
|
|-weather|Hail|[upkeep]
|-damage|p1a: Cobalion|301\/321|[from] hail
|-heal|p1a: Cobalion|321\/321|[from] item: Leftovers
|
|switch|p2a: Raikou|Raikou|80\/321
|-damage|p2a: Raikou|40\/321|[from] Stealth Rock
|-ability|p2a: Raikou|Pressure
|turn|34
|
|move|p2a: Raikou|Volt Switch|p1a: Cobalion
|-damage|p1a: Cobalion|101\/321
|
|switch|p2a: Hippowdon|Hippowdon, M|121\/420
|-damage|p2a: Hippowdon|95\/420|[from] Stealth Rock
|-weather|Sandstorm
|move|p1a: Cobalion|Substitute|p1a: Cobalion
|-start|p1a: Cobalion|Substitute
|-damage|p1a: Cobalion|21\/321
|
|-weather|Sandstorm|[upkeep]
|-heal|p1a: Cobalion|41\/321|[from] item: Leftovers
|-heal|p2a: Hippowdon|121\/420|[from] item: Leftovers
|turn|35
|
|move|p1a: Cobalion|Close Combat|p2a: Hippowdon
|-damage|p2a: Hippowdon|0 fnt
|-unboost|p1a: Cobalion|def|1
|-unboost|p1a: Cobalion|spd|1
|faint|p2a: Hippowdon
|
|-weather|Sandstorm|[upkeep]
|-heal|p1a: Cobalion|61\/321|[from] item: Leftovers
|
|switch|p2a: Raikou|Raikou|40\/321
|-damage|p2a: Raikou|0 fnt|[from] Stealth Rock
|faint|p2a: Raikou
|c|âUrNemesis357|ahh haha
|
|switch|p2a: Mienshao|Mienshao, F|239\/271
|-damage|p2a: Mienshao|223\/271|[from] Stealth Rock
|turn|36
|c|âUrNemesis357|shoudve just hjked
|
|move|p2a: Mienshao|High Jump Kick|p1a: Cobalion
|-supereffective|p1a: Cobalion
|-end|p1a: Cobalion|Substitute
|move|p1a: Cobalion|Close Combat|p2a: Mienshao
|-damage|p2a: Mienshao|0 fnt
|-unboost|p1a: Cobalion|def|1
|-unboost|p1a: Cobalion|spd|1
|faint|p2a: Mienshao
|
|win|ULTra Stampede
|raw|Ladder updating...
|raw|ULTra Stampede's rating: 1431 &rarr; <strong>1454<\/strong><br \/>(+23 for winning)
|raw|UrNemesis357's rating: 1484 &rarr; <strong>1461<\/strong><br \/>(-23 for losing)
|leave|UrNemesis357