|join|SwaggBoi
|join|LT1S Pearl.
|player|p1|SwaggBoi|114
|player|p2|LT1S Pearl.|34
|gametype|singles
|gen|6
|tier|OU
|rated
|clearpoke
|poke|p1|Heatran, F
|poke|p1|Latios, M
|poke|p1|Scizor, M
|poke|p1|Clefable, M
|poke|p1|Keldeo
|poke|p1|Garchomp, M
|poke|p2|Jirachi
|poke|p2|Landorus-Therian, M
|poke|p2|Talonflame, F, shiny
|poke|p2|Latias, F, shiny
|poke|p2|Kyurem-Black, shiny
|poke|p2|Gyarados, F, shiny
|rule|Swagger Clause: Swagger is banned
|rule|Baton Pass Clause: Limit one PokÃ©mon knowing Baton Pass
|rule|Sleep Clause Mod: Limit one foe put to sleep
|rule|Species Clause: Limit one of each PokÃ©mon
|rule|OHKO Clause: OHKO moves are banned
|rule|Moody Clause: Moody is banned
|rule|Evasion Moves Clause: Evasion moves are banned
|rule|Endless Battle Clause: Forcing endless battles is banned
|rule|HP Percentage Mod: HP is shown in percentages
|teampreview
|
|start
|switch|p1a: Keldeo|Keldeo|323\/323
|switch|p2a: Getting Stronger|Gyarados, F, shiny|331\/331
|turn|1
|
|move|p1a: Keldeo|Scald|p2a: Getting Stronger
|-resisted|p2a: Getting Stronger
|-damage|p2a: Getting Stronger|232\/331
|-status|p2a: Getting Stronger|brn
|move|p2a: Getting Stronger|Waterfall|p1a: Keldeo
|-resisted|p1a: Keldeo
|-damage|p1a: Keldeo|284\/323
|
|-damage|p2a: Getting Stronger|191\/331 brn|[from] brn
|turn|2
|
|switch|p2a: Bars For Eons|Latias, F, shiny|319\/319
|move|p1a: Keldeo|Scald|p2a: Bars For Eons
|-resisted|p2a: Bars For Eons
|-damage|p2a: Bars For Eons|230\/319
|-status|p2a: Bars For Eons|brn
|
|-damage|p2a: Bars For Eons|191\/319 brn|[from] brn
|turn|3
|
|switch|p2a: Obi-Wan|Landorus-Therian, M|381\/381
|-ability|p2a: Obi-Wan|Intimidate|[of] p1a: Keldeo
|-unboost|p1a: Keldeo|atk|1
|switch|p1a: Heatran|Heatran, F|386\/386
|
|turn|4
|
|switch|p1a: Scizor|Scizor, M|344\/344
|move|p2a: Obi-Wan|Knock Off|p1a: Scizor
|-damage|p1a: Scizor|286\/344
|
|turn|5
|
|detailschange|p1a: Scizor|Scizor-Mega, M
|message|Scizor has Mega Evolved into Mega Scizor!
|move|p2a: Obi-Wan|Earthquake|p1a: Scizor
|-damage|p1a: Scizor|181\/344
|move|p1a: Scizor|Knock Off|p2a: Obi-Wan
|-damage|p2a: Obi-Wan|268\/381
|-enditem|p2a: Obi-Wan|Leftovers|[from] move: Knock Off|[of] p1a: Scizor
|
|turn|6
|
|switch|p2a: U C me Shootin'|Talonflame, F, shiny|297\/297
|move|p1a: Scizor|Knock Off|p2a: U C me Shootin'
|-damage|p2a: U C me Shootin'|135\/297
|-enditem|p2a: U C me Shootin'|Sharp Beak|[from] move: Knock Off|[of] p1a: Scizor
|
|turn|7
|
|switch|p1a: Garchomp|Garchomp, M|358\/358
|move|p2a: U C me Shootin'|U-turn|p1a: Garchomp
|-damage|p1a: Garchomp|283\/358
|-damage|p2a: U C me Shootin'|98\/297|[from] ability: Rough Skin|[of] p1a: Garchomp
|
|switch|p2a: Obi-Wan|Landorus-Therian, M|268\/381
|-ability|p2a: Obi-Wan|Intimidate|[of] p1a: Garchomp
|-unboost|p1a: Garchomp|atk|1
|
|-heal|p1a: Garchomp|305\/358|[from] item: Leftovers
|turn|8
|
|move|p1a: Garchomp|Swords Dance|p1a: Garchomp
|-boost|p1a: Garchomp|atk|2
|move|p2a: Obi-Wan|Stealth Rock|p1a: Garchomp
|-sidestart|p1: SwaggBoi|move: Stealth Rock
|
|-heal|p1a: Garchomp|327\/358|[from] item: Leftovers
|turn|9
|
|move|p1a: Garchomp|Substitute|p1a: Garchomp
|-start|p1a: Garchomp|Substitute
|-damage|p1a: Garchomp|238\/358
|move|p2a: Obi-Wan|Toxic|p1a: Garchomp
|
|-heal|p1a: Garchomp|260\/358|[from] item: Leftovers
|turn|10
|
|move|p1a: Garchomp|Outrage|p2a: Obi-Wan
|-damage|p2a: Obi-Wan|0 fnt
|faint|p2a: Obi-Wan
|
|-heal|p1a: Garchomp|282\/358|[from] item: Leftovers
|
|switch|p2a: Make a Wish|Jirachi|404\/404
|turn|11
|
|move|p1a: Garchomp|Outrage|p2a: Make a Wish
|-resisted|p2a: Make a Wish
|-damage|p2a: Make a Wish|236\/404
|move|p2a: Make a Wish|Iron Head|p1a: Garchomp
|-end|p1a: Garchomp|Substitute
|
|-heal|p1a: Garchomp|304\/358|[from] item: Leftovers
|-heal|p2a: Make a Wish|261\/404|[from] item: Leftovers
|turn|12
|
|move|p1a: Garchomp|Outrage|p2a: Make a Wish
|-resisted|p2a: Make a Wish
|-damage|p2a: Make a Wish|102\/404
|move|p2a: Make a Wish|Wish|p2a: Make a Wish
|
|-end|p1a: Garchomp|rampage
|-start|p1a: Garchomp|confusion
|-heal|p1a: Garchomp|326\/358|[from] item: Leftovers
|-heal|p2a: Make a Wish|127\/404|[from] item: Leftovers
|turn|13
|
|switch|p2a: U C me Shootin'|Talonflame, F, shiny|98\/297
|-activate|p1a: Garchomp|confusion
|-damage|p1a: Garchomp|257\/358|[from] confusion
|
|-heal|p2a: U C me Shootin'|297\/297|[from] move: Wish|[wisher] Make a Wish
|-heal|p1a: Garchomp|279\/358|[from] item: Leftovers
|turn|14
|
|move|p2a: U C me Shootin'|Tailwind|p2a: U C me Shootin'
|-sidestart|p2: LT1S Pearl.|move: Tailwind
|-activate|p1a: Garchomp|confusion
|move|p1a: Garchomp|Outrage|p2a: U C me Shootin'
|-damage|p2a: U C me Shootin'|0 fnt
|faint|p2a: U C me Shootin'
|
|-heal|p1a: Garchomp|301\/358|[from] item: Leftovers
|
|switch|p2a: SPECIAL D|Kyurem-Black, shiny|391\/391
|-ability|p2a: SPECIAL D|Teravolt
|turn|15
|
|move|p2a: SPECIAL D|Ice Beam|p1a: Garchomp
|-supereffective|p1a: Garchomp
|-damage|p1a: Garchomp|0 fnt
|-damage|p2a: SPECIAL D|352\/391|[from] item: Life Orb
|faint|p1a: Garchomp
|
|
|switch|p1a: Scizor|Scizor-Mega, M|181\/344
|-damage|p1a: Scizor|138\/344|[from] Stealth Rock
|turn|16
|
|move|p1a: Scizor|Bullet Punch|p2a: SPECIAL D
|-supereffective|p2a: SPECIAL D
|-damage|p2a: SPECIAL D|100\/391
|move|p2a: SPECIAL D|Earth Power|p1a: Scizor
|-damage|p1a: Scizor|0 fnt
|-damage|p2a: SPECIAL D|61\/391|[from] item: Life Orb
|faint|p1a: Scizor
|
|
|switch|p1a: Heatran|Heatran, F|386\/386
|-damage|p1a: Heatran|338\/386|[from] Stealth Rock
|turn|17
|
|switch|p1a: Latios|Latios, M|301\/301
|-damage|p1a: Latios|264\/301|[from] Stealth Rock
|move|p2a: SPECIAL D|Ice Beam|p1a: Latios
|-supereffective|p1a: Latios
|-damage|p1a: Latios|0 fnt
|-damage|p2a: SPECIAL D|22\/391|[from] item: Life Orb
|faint|p1a: Latios
|
|-sideend|p2: LT1S Pearl.|move: Tailwind
|
|switch|p1a: Keldeo|Keldeo|284\/323
|-damage|p1a: Keldeo|264\/323|[from] Stealth Rock
|turn|18
|
|switch|p2a: Getting Stronger|Gyarados, F, shiny|191\/331 brn
|move|p1a: Keldeo|Secret Sword|p2a: Getting Stronger
|-resisted|p2a: Getting Stronger
|-damage|p2a: Getting Stronger|62\/331 brn
|
|-damage|p2a: Getting Stronger|21\/331 brn|[from] brn
|turn|19
|
|detailschange|p2a: Getting Stronger|Gyarados-Mega, F, shiny
|message|Gyarados has Mega Evolved into Mega Gyarados!
|-ability|p2a: Getting Stronger|Mold Breaker
|move|p1a: Keldeo|Secret Sword|p2a: Getting Stronger
|-supereffective|p2a: Getting Stronger
|-damage|p2a: Getting Stronger|0 fnt
|faint|p2a: Getting Stronger
|
|
|switch|p2a: Bars For Eons|Latias, F, shiny|191\/319 brn
|turn|20
|
|switch|p2a: SPECIAL D|Kyurem-Black, shiny|22\/391
|-ability|p2a: SPECIAL D|Teravolt
|switch|p1a: Clefable|Clefable, M|394\/394
|
|turn|21
|
|switch|p2a: Make a Wish|Jirachi|127\/404
|move|p1a: Clefable|Moonblast|p2a: Make a Wish
|-resisted|p2a: Make a Wish
|-damage|p2a: Make a Wish|89\/404
|
|-heal|p2a: Make a Wish|114\/404|[from] item: Leftovers
|turn|22
|
|move|p2a: Make a Wish|Wish|p2a: Make a Wish
|move|p1a: Clefable|Flamethrower|p2a: Make a Wish
|-supereffective|p2a: Make a Wish
|-damage|p2a: Make a Wish|16\/404
|
|-heal|p2a: Make a Wish|41\/404|[from] item: Leftovers
|turn|23
|
|move|p2a: Make a Wish|Protect|p2a: Make a Wish
|-singleturn|p2a: Make a Wish|Protect
|move|p1a: Clefable|Moonblast|p2a: Make a Wish
|-activate|p2a: Make a Wish|Protect
|
|-heal|p2a: Make a Wish|243\/404|[from] move: Wish|[wisher] Make a Wish
|-heal|p2a: Make a Wish|268\/404|[from] item: Leftovers
|turn|24
|
|switch|p2a: SPECIAL D|Kyurem-Black, shiny|22\/391
|-ability|p2a: SPECIAL D|Teravolt
|switch|p1a: Heatran|Heatran, F|338\/386
|-damage|p1a: Heatran|290\/386|[from] Stealth Rock
|
|-heal|p1a: Heatran|314\/386|[from] item: Leftovers
|turn|25
|
|move|p2a: SPECIAL D|Roost|p2a: SPECIAL D
|-heal|p2a: SPECIAL D|218\/391
|move|p1a: Heatran|Stealth Rock|p2a: SPECIAL D
|-sidestart|p2: LT1S Pearl.|move: Stealth Rock
|
|-heal|p1a: Heatran|338\/386|[from] item: Leftovers
|turn|26
|
|move|p2a: SPECIAL D|Earth Power|p1a: Heatran
|-supereffective|p1a: Heatran
|-damage|p1a: Heatran|0 fnt
|-damage|p2a: SPECIAL D|179\/391|[from] item: Life Orb
|faint|p1a: Heatran
|
|
|switch|p1a: Keldeo|Keldeo|264\/323
|-damage|p1a: Keldeo|244\/323|[from] Stealth Rock
|turn|27
|
|switch|p2a: Bars For Eons|Latias, F, shiny|191\/319 brn
|-damage|p2a: Bars For Eons|152\/319 brn|[from] Stealth Rock
|move|p1a: Keldeo|Secret Sword|p2a: Bars For Eons
|-resisted|p2a: Bars For Eons
|-damage|p2a: Bars For Eons|20\/319 brn
|
|-damage|p2a: Bars For Eons|0 fnt|[from] brn
|faint|p2a: Bars For Eons
|
|switch|p2a: Make a Wish|Jirachi|268\/404
|-damage|p2a: Make a Wish|243\/404|[from] Stealth Rock
|turn|28
|
|switch|p1a: Clefable|Clefable, M|394\/394
|move|p2a: Make a Wish|Wish|p2a: Make a Wish
|
|-heal|p2a: Make a Wish|268\/404|[from] item: Leftovers
|turn|29
|
|move|p2a: Make a Wish|Iron Head|p1a: Clefable
|-supereffective|p1a: Clefable
|-damage|p1a: Clefable|238\/394
|move|p1a: Clefable|Moonblast|p2a: Make a Wish
|-resisted|p2a: Make a Wish
|-damage|p2a: Make a Wish|226\/404
|
|-heal|p2a: Make a Wish|404\/404|[from] move: Wish|[wisher] Make a Wish
|-heal|p1a: Clefable|262\/394|[from] item: Leftovers
|turn|30
|
|move|p2a: Make a Wish|Iron Head|p1a: Clefable
|-supereffective|p1a: Clefable
|-damage|p1a: Clefable|98\/394
|cant|p1a: Clefable|flinch
|
|-heal|p1a: Clefable|122\/394|[from] item: Leftovers
|turn|31
|
|switch|p1a: Keldeo|Keldeo|244\/323
|-damage|p1a: Keldeo|224\/323|[from] Stealth Rock
|move|p2a: Make a Wish|Iron Head|p1a: Keldeo
|-crit|p1a: Keldeo
|-resisted|p1a: Keldeo
|-damage|p1a: Keldeo|140\/323
|
|turn|32
|
|move|p2a: Make a Wish|Protect|p2a: Make a Wish
|-singleturn|p2a: Make a Wish|Protect
|move|p1a: Keldeo|Hydro Pump|p2a: Make a Wish
|-activate|p2a: Make a Wish|Protect
|
|turn|33
|
|move|p1a: Keldeo|Hydro Pump|p2a: Make a Wish|[miss]
|-miss|p1a: Keldeo|p2a: Make a Wish
|move|p2a: Make a Wish|Wish|p2a: Make a Wish
|
|turn|34
|
|move|p1a: Keldeo|Hydro Pump|p2a: Make a Wish|[miss]
|-miss|p1a: Keldeo|p2a: Make a Wish
|move|p2a: Make a Wish|Iron Head|p1a: Keldeo
|-resisted|p1a: Keldeo
|-damage|p1a: Keldeo|90\/323
|
|turn|35
|
|move|p1a: Keldeo|Hydro Pump|p2a: Make a Wish|[miss]
|-miss|p1a: Keldeo|p2a: Make a Wish
|move|p2a: Make a Wish|Wish|p2a: Make a Wish
|
|turn|36
|
|switch|p1a: Clefable|Clefable, M|122\/394
|move|p2a: Make a Wish|Iron Head|p1a: Clefable
|-crit|p1a: Clefable
|-supereffective|p1a: Clefable
|-damage|p1a: Clefable|0 fnt
|faint|p1a: Clefable
|
|
|switch|p1a: Keldeo|Keldeo|90\/323
|-damage|p1a: Keldeo|70\/323|[from] Stealth Rock
|turn|37
|
|move|p2a: Make a Wish|Protect|p2a: Make a Wish
|-singleturn|p2a: Make a Wish|Protect
|move|p1a: Keldeo|Hydro Pump|p2a: Make a Wish
|-activate|p2a: Make a Wish|Protect
|
|turn|38
|
|move|p1a: Keldeo|Hydro Pump|p2a: Make a Wish
|-damage|p2a: Make a Wish|194\/404
|move|p2a: Make a Wish|Wish|p2a: Make a Wish
|
|-heal|p2a: Make a Wish|219\/404|[from] item: Leftovers
|turn|39
|
|move|p2a: Make a Wish|Protect|p2a: Make a Wish
|-singleturn|p2a: Make a Wish|Protect
|move|p1a: Keldeo|Hydro Pump|p2a: Make a Wish
|-activate|p2a: Make a Wish|Protect
|
|-heal|p2a: Make a Wish|404\/404|[from] move: Wish|[wisher] Make a Wish
|turn|40
|-message|SwaggBoi forfeited.
|
|win|LT1S Pearl.
|raw|Ladder updating...
|leave|SwaggBoi
|player|p1
|raw|SwaggBoi's rating: 1712 &rarr; <strong>1692<\/strong><br \/>(-20 for losing)
|raw|LT1S Pearl.'s rating: 1704 &rarr; <strong>1724<\/strong><br \/>(+20 for winning)