|join|SwaggBoi
|join|Rikai-No-Teki
|player|p1|SwaggBoi|170
|player|p2|Rikai-No-Teki|163
|gametype|singles
|gen|6
|tier|OU
|rated
|clearpoke
|poke|p1|Pinsir, M
|poke|p1|Rotom-Wash
|poke|p1|Azumarill, M
|poke|p1|Garchomp, F
|poke|p1|Heatran, M
|poke|p1|Mew
|poke|p2|Tyranitar, F
|poke|p2|Azumarill, M
|poke|p2|Slowbro, M
|poke|p2|Talonflame, F
|poke|p2|Scolipede, F
|poke|p2|Excadrill, F
|rule|Swagger Clause: Swagger is banned
|rule|Baton Pass Clause: Limit one PokÃ©mon knowing Baton Pass
|rule|Sleep Clause Mod: Limit one foe put to sleep
|rule|Species Clause: Limit one of each PokÃ©mon
|rule|OHKO Clause: OHKO moves are banned
|rule|Moody Clause: Moody is banned
|rule|Evasion Moves Clause: Evasion moves are banned
|rule|Endless Battle Clause: Forcing endless battles is banned
|rule|HP Percentage Mod: HP is shown in percentages
|teampreview
|
|start
|switch|p1a: Rotom-Wash|Rotom-Wash|302\/302
|switch|p2a: Scolipede|Scolipede, F|324\/324
|turn|1
|
|move|p2a: Scolipede|Protect|p2a: Scolipede
|-singleturn|p2a: Scolipede|Protect
|move|p1a: Rotom-Wash|Will-O-Wisp|p2a: Scolipede
|-activate|p2a: Scolipede|Protect
|
|-boost|p2a: Scolipede|spe|1|[from] ability: Speed Boost
|turn|2
|
|move|p2a: Scolipede|Substitute|p2a: Scolipede
|-start|p2a: Scolipede|Substitute
|-damage|p2a: Scolipede|243\/324
|move|p1a: Rotom-Wash|Volt Switch|p2a: Scolipede
|-end|p2a: Scolipede|Substitute
|
|switch|p1a: Pinsir|Pinsir, M|272\/272
|
|-heal|p2a: Scolipede|263\/324|[from] item: Black Sludge
|-boost|p2a: Scolipede|spe|1|[from] ability: Speed Boost
|turn|3
|
|detailschange|p1a: Pinsir|Pinsir-Mega, M
|message|Pinsir has Mega Evolved into Mega Pinsir!
|move|p1a: Pinsir|Quick Attack|p2a: Scolipede
|-supereffective|p2a: Scolipede
|-damage|p2a: Scolipede|99\/324
|move|p2a: Scolipede|Baton Pass|p2a: Scolipede
|
|switch|p2a: Tyranitar|Tyranitar, F|342\/342
|-ability|p2a: Tyranitar|Unnerve|p1: SwaggBoi
|
|turn|4
|
|switch|p1a: Rotom-Wash|Rotom-Wash|302\/302
|detailschange|p2a: Tyranitar|Tyranitar-Mega, F
|message|Tyranitar has Mega Evolved into Mega Tyranitar!
|-weather|Sandstorm
|move|p2a: Tyranitar|Stone Edge|p1a: Rotom-Wash
|-damage|p1a: Rotom-Wash|164\/302
|
|-weather|Sandstorm|[upkeep]
|-damage|p1a: Rotom-Wash|146\/302|[from] sandstorm
|-heal|p1a: Rotom-Wash|164\/302|[from] item: Leftovers
|turn|5
|
|move|p2a: Tyranitar|Stone Edge|p1a: Rotom-Wash
|-damage|p1a: Rotom-Wash|5\/302
|move|p1a: Rotom-Wash|Will-O-Wisp|p2a: Tyranitar
|-status|p2a: Tyranitar|brn
|
|-weather|Sandstorm|[upkeep]
|-damage|p1a: Rotom-Wash|0 fnt|[from] sandstorm
|-damage|p2a: Tyranitar|300\/342 brn|[from] brn
|faint|p1a: Rotom-Wash
|
|switch|p1a: Garchomp|Garchomp, F|358\/358
|turn|6
|
|switch|p1a: Mew|Mew|404\/404
|move|p2a: Tyranitar|Ice Punch|p1a: Mew
|-damage|p1a: Mew|351\/404
|
|-weather|Sandstorm|[upkeep]
|-damage|p1a: Mew|326\/404|[from] sandstorm
|-heal|p1a: Mew|351\/404|[from] item: Leftovers
|-damage|p2a: Tyranitar|258\/342 brn|[from] brn
|turn|7
|
|switch|p2a: Talonflame|Talonflame, F|297\/297
|switch|p1a: Azumarill|Azumarill, M|404\/404
|
|-weather|Sandstorm|[upkeep]
|-damage|p2a: Talonflame|279\/297|[from] sandstorm
|-damage|p1a: Azumarill|379\/404|[from] sandstorm
|turn|8
|
|switch|p2a: Slowbro|Slowbro, M|394\/394
|switch|p1a: Heatran|Heatran, M|386\/386
|
|-weather|none
|turn|9
|
|move|p1a: Heatran|Stealth Rock|p2a: Slowbro
|-sidestart|p2: Rikai-No-Teki|move: Stealth Rock
|move|p2a: Slowbro|Thunder Wave|p1a: Heatran
|-status|p1a: Heatran|par
|
|turn|10
|
|move|p2a: Slowbro|Scald|p1a: Heatran
|-supereffective|p1a: Heatran
|-damage|p1a: Heatran|252\/386 par
|cant|p1a: Heatran|par
|
|-heal|p1a: Heatran|276\/386 par|[from] item: Leftovers
|turn|11
|
|switch|p2a: Excadrill|Excadrill, F|361\/361
|-damage|p2a: Excadrill|350\/361|[from] Stealth Rock
|-ability|p2a: Excadrill|Mold Breaker
|-item|p2a: Excadrill|Air Balloon
|move|p1a: Heatran|Toxic|p2a: Excadrill
|-fail|p2a: Excadrill
|
|-heal|p1a: Heatran|300\/386 par|[from] item: Leftovers
|turn|12
|
|move|p2a: Excadrill|Stealth Rock|p1a: Heatran
|-sidestart|p1: SwaggBoi|move: Stealth Rock
|cant|p1a: Heatran|par
|
|-heal|p1a: Heatran|324\/386 par|[from] item: Leftovers
|turn|13
|c|âSwaggBoi|ok
|
|switch|p1a: Mew|Mew|351\/404
|-damage|p1a: Mew|301\/404|[from] Stealth Rock
|move|p2a: Excadrill|Earthquake|p1a: Mew
|-damage|p1a: Mew|114\/404
|
|-heal|p1a: Mew|139\/404|[from] item: Leftovers
|turn|14
|
|move|p2a: Excadrill|Earthquake|p1a: Mew
|-damage|p1a: Mew|0 fnt
|faint|p1a: Mew
|
|
|switch|p1a: Azumarill|Azumarill, M|379\/404
|-damage|p1a: Azumarill|329\/404|[from] Stealth Rock
|turn|15
|
|move|p2a: Excadrill|Rapid Spin|p1a: Azumarill
|-damage|p1a: Azumarill|299\/404
|-sideend|p2: Rikai-No-Teki|Stealth Rock|[from] move: Rapid Spin|[of] p2a: Excadrill
|move|p1a: Azumarill|Belly Drum|p1a: Azumarill
|-damage|p1a: Azumarill|97\/404
|-setboost|p1a: Azumarill|atk|6|[from] move: Belly Drum
|-enditem|p1a: Azumarill|Sitrus Berry|[eat]
|-heal|p1a: Azumarill|198\/404|[from] item: Sitrus Berry
|
|turn|16
|
|move|p1a: Azumarill|Aqua Jet|p2a: Excadrill
|-supereffective|p2a: Excadrill
|-damage|p2a: Excadrill|0 fnt
|-enditem|p2a: Excadrill|Air Balloon
|faint|p2a: Excadrill
|
|
|switch|p2a: Talonflame|Talonflame, F|279\/297
|turn|17
|
|switch|p1a: Heatran|Heatran, M|324\/386 par
|-damage|p1a: Heatran|276\/386 par|[from] Stealth Rock
|move|p2a: Talonflame|Brave Bird|p1a: Heatran
|-resisted|p1a: Heatran
|-damage|p1a: Heatran|182\/386 par
|-damage|p2a: Talonflame|248\/297|[from] recoil|[of] p1a: Heatran
|
|-heal|p1a: Heatran|206\/386 par|[from] item: Leftovers
|turn|18
|
|move|p2a: Talonflame|Brave Bird|p1a: Heatran
|-resisted|p1a: Heatran
|-damage|p1a: Heatran|107\/386 par
|-damage|p2a: Talonflame|215\/297|[from] recoil|[of] p1a: Heatran
|move|p1a: Heatran|Stealth Rock|p2a: Talonflame
|-sidestart|p2: Rikai-No-Teki|move: Stealth Rock
|
|-heal|p1a: Heatran|131\/386 par|[from] item: Leftovers
|turn|19
|
|move|p2a: Talonflame|Brave Bird|p1a: Heatran
|-resisted|p1a: Heatran
|-damage|p1a: Heatran|33\/386 par
|-damage|p2a: Talonflame|183\/297|[from] recoil|[of] p1a: Heatran
|move|p1a: Heatran|Toxic|p2a: Talonflame
|-status|p2a: Talonflame|tox
|
|-heal|p1a: Heatran|57\/386 par|[from] item: Leftovers
|-damage|p2a: Talonflame|165\/297 tox|[from] psn
|turn|20
|
|move|p1a: Heatran|Protect|p1a: Heatran
|-singleturn|p1a: Heatran|Protect
|move|p2a: Talonflame|Roost|p2a: Talonflame
|-heal|p2a: Talonflame|297\/297 tox
|
|-heal|p1a: Heatran|81\/386 par|[from] item: Leftovers
|-damage|p2a: Talonflame|261\/297 tox|[from] psn
|turn|21
|
|move|p1a: Heatran|Protect|p1a: Heatran
|-singleturn|p1a: Heatran|Protect
|move|p2a: Talonflame|Brave Bird|p1a: Heatran
|-activate|p1a: Heatran|Protect
|
|-heal|p1a: Heatran|105\/386 par|[from] item: Leftovers
|-damage|p2a: Talonflame|207\/297 tox|[from] psn
|turn|22
|
|move|p1a: Heatran|Protect|p1a: Heatran
|-fail|p1a: Heatran
|move|p2a: Talonflame|Brave Bird|p1a: Heatran
|-resisted|p1a: Heatran
|-damage|p1a: Heatran|6\/386 par
|-damage|p2a: Talonflame|174\/297 tox|[from] recoil|[of] p1a: Heatran
|
|-heal|p1a: Heatran|30\/386 par|[from] item: Leftovers
|-damage|p2a: Talonflame|102\/297 tox|[from] psn
|turn|23
|
|switch|p2a: Azumarill|Azumarill, M|401\/401
|-damage|p2a: Azumarill|351\/401|[from] Stealth Rock
|cant|p1a: Heatran|par
|
|-heal|p1a: Heatran|54\/386 par|[from] item: Leftovers
|turn|24
|
|move|p2a: Azumarill|Waterfall|p1a: Heatran
|-supereffective|p1a: Heatran
|-damage|p1a: Heatran|0 fnt
|faint|p1a: Heatran
|
|
|switch|p1a: Azumarill|Azumarill, M|198\/404
|-damage|p1a: Azumarill|148\/404|[from] Stealth Rock
|turn|25
|
|move|p1a: Azumarill|Play Rough|p2a: Azumarill
|-damage|p2a: Azumarill|102\/401
|move|p2a: Azumarill|Play Rough|p1a: Azumarill
|-damage|p1a: Azumarill|0 fnt
|faint|p1a: Azumarill
|
|
|switch|p1a: Garchomp|Garchomp, F|358\/358
|-damage|p1a: Garchomp|336\/358|[from] Stealth Rock
|turn|26
|
|move|p2a: Azumarill|Aqua Jet|p1a: Garchomp
|-damage|p1a: Garchomp|245\/358
|-damage|p2a: Azumarill|52\/401|[from] ability: Rough Skin|[of] p1a: Garchomp
|move|p1a: Garchomp|Earthquake|p2a: Azumarill
|-damage|p2a: Azumarill|0 fnt
|faint|p2a: Azumarill
|
|-heal|p1a: Garchomp|267\/358|[from] item: Leftovers
|
|switch|p2a: Slowbro|Slowbro, M|394\/394
|-damage|p2a: Slowbro|345\/394|[from] Stealth Rock
|turn|27
|
|move|p1a: Garchomp|Outrage|p2a: Slowbro
|-damage|p2a: Slowbro|194\/394
|move|p2a: Slowbro|Scald|p1a: Garchomp
|-damage|p1a: Garchomp|161\/358
|
|-heal|p1a: Garchomp|183\/358|[from] item: Leftovers
|-heal|p2a: Slowbro|218\/394|[from] item: Leftovers
|turn|28
|
|move|p1a: Garchomp|Outrage|p2a: Slowbro
|-damage|p2a: Slowbro|79\/394
|move|p2a: Slowbro|Slack Off|p2a: Slowbro
|-heal|p2a: Slowbro|276\/394
|
|-heal|p1a: Garchomp|205\/358|[from] item: Leftovers
|-heal|p2a: Slowbro|300\/394|[from] item: Leftovers
|turn|29
|
|move|p1a: Garchomp|Outrage|p2a: Slowbro
|-damage|p2a: Slowbro|159\/394
|move|p2a: Slowbro|Slack Off|p2a: Slowbro
|-heal|p2a: Slowbro|356\/394
|
|-end|p1a: Garchomp|rampage
|-start|p1a: Garchomp|confusion
|-heal|p1a: Garchomp|227\/358|[from] item: Leftovers
|-heal|p2a: Slowbro|380\/394|[from] item: Leftovers
|turn|30
|
|-activate|p1a: Garchomp|confusion
|move|p1a: Garchomp|Earthquake|p2a: Slowbro
|-damage|p2a: Slowbro|256\/394
|move|p2a: Slowbro|Scald|p1a: Garchomp
|-damage|p1a: Garchomp|121\/358
|-status|p1a: Garchomp|brn
|
|-heal|p1a: Garchomp|143\/358 brn|[from] item: Leftovers
|-heal|p2a: Slowbro|280\/394|[from] item: Leftovers
|-damage|p1a: Garchomp|99\/358 brn|[from] brn
|turn|31
|
|-activate|p1a: Garchomp|confusion
|move|p1a: Garchomp|Swords Dance|p1a: Garchomp
|-boost|p1a: Garchomp|atk|2
|move|p2a: Slowbro|Slack Off|p2a: Slowbro
|-heal|p2a: Slowbro|394\/394
|
|-heal|p1a: Garchomp|121\/358 brn|[from] item: Leftovers
|-damage|p1a: Garchomp|77\/358 brn|[from] brn
|turn|32
|
|-end|p1a: Garchomp|confusion
|move|p1a: Garchomp|Outrage|p2a: Slowbro
|-damage|p2a: Slowbro|250\/394
|move|p2a: Slowbro|Scald|p1a: Garchomp
|-damage|p1a: Garchomp|0 fnt
|faint|p1a: Garchomp
|
|-heal|p2a: Slowbro|274\/394|[from] item: Leftovers
|
|switch|p1a: Pinsir|Pinsir-Mega, M|272\/272
|-damage|p1a: Pinsir|136\/272|[from] Stealth Rock
|turn|33
|
|move|p1a: Pinsir|Swords Dance|p1a: Pinsir
|-boost|p1a: Pinsir|atk|2
|move|p2a: Slowbro|Fire Blast|p1a: Pinsir
|-supereffective|p1a: Pinsir
|-damage|p1a: Pinsir|0 fnt
|faint|p1a: Pinsir
|
|win|Rikai-No-Teki
|raw|Ladder updating...
|raw|SwaggBoi's rating: 1707 &rarr; <strong>1682<\/strong><br \/>(-25 for losing)
|raw|Rikai-No-Teki's rating: 1626 &rarr; <strong>1650<\/strong><br \/>(+24 for winning)