|join|SwaggBoi
|join|sweqfeq
|player|p1|SwaggBoi|248
|player|p2|sweqfeq|183
|gametype|singles
|gen|6
|tier|OU
|rated
|clearpoke
|poke|p1|Landorus-Therian, M
|poke|p1|Charizard, F
|poke|p1|Tyranitar, M
|poke|p1|Excadrill, M
|poke|p1|Latios, M
|poke|p1|Infernape, F
|poke|p2|Hawlucha, M
|poke|p2|Garchomp, M
|poke|p2|Gengar, M
|poke|p2|Starmie
|poke|p2|Landorus-Therian, M
|poke|p2|Manectric, M
|rule|Swagger Clause: Swagger is banned
|rule|Baton Pass Clause: Limit one PokÃ©mon knowing Baton Pass
|rule|Sleep Clause Mod: Limit one foe put to sleep
|rule|Species Clause: Limit one of each PokÃ©mon
|rule|OHKO Clause: OHKO moves are banned
|rule|Moody Clause: Moody is banned
|rule|Evasion Moves Clause: Evasion moves are banned
|rule|Endless Battle Clause: Forcing endless battles is banned
|rule|HP Percentage Mod: HP is shown in percentages
|teampreview
|
|start
|switch|p1a: Infernape|Infernape, F|294\/294
|switch|p2a: Garchomp|Garchomp, M|357\/357
|turn|1
|
|move|p1a: Infernape|Will-O-Wisp|p2a: Garchomp
|-status|p2a: Garchomp|brn
|move|p2a: Garchomp|Earthquake|p1a: Infernape
|-supereffective|p1a: Infernape
|-damage|p1a: Infernape|46\/294
|
|-damage|p2a: Garchomp|313\/357 brn|[from] brn
|turn|2
|
|move|p1a: Infernape|Stealth Rock|p2a: Garchomp
|-sidestart|p2: sweqfeq|move: Stealth Rock
|move|p2a: Garchomp|Stealth Rock|p1a: Infernape
|-sidestart|p1: SwaggBoi|move: Stealth Rock
|
|-damage|p2a: Garchomp|269\/357 brn|[from] brn
|turn|3
|
|switch|p1a: Landorus-Therian|Landorus-Therian, M|320\/320
|-damage|p1a: Landorus-Therian|280\/320|[from] Stealth Rock
|-ability|p1a: Landorus-Therian|Intimidate|[of] p2a: Garchomp
|-unboost|p2a: Garchomp|atk|1
|move|p2a: Garchomp|Outrage|p1a: Landorus-Therian
|-crit|p1a: Landorus-Therian
|-damage|p1a: Landorus-Therian|109\/320
|
|-damage|p2a: Garchomp|225\/357 brn|[from] brn
|turn|4
|
|move|p1a: Landorus-Therian|Earthquake|p2a: Garchomp
|-damage|p2a: Garchomp|21\/357 brn
|move|p2a: Garchomp|Outrage|p1a: Landorus-Therian
|-damage|p1a: Landorus-Therian|27\/320
|
|-damage|p2a: Garchomp|0 fnt|[from] brn
|faint|p2a: Garchomp
|
|switch|p2a: Hawlucha|Hawlucha, M|308\/308
|-damage|p2a: Hawlucha|270\/308|[from] Stealth Rock
|turn|5
|
|switch|p1a: Tyranitar|Tyranitar, M|404\/404
|-damage|p1a: Tyranitar|354\/404|[from] Stealth Rock
|-weather|Sandstorm
|move|p2a: Hawlucha|Substitute|p2a: Hawlucha
|-start|p2a: Hawlucha|Substitute
|-damage|p2a: Hawlucha|193\/308
|
|-weather|Sandstorm|[upkeep]
|-damage|p2a: Hawlucha|174\/308|[from] Sandstorm
|turn|6
|
|move|p2a: Hawlucha|Swords Dance|p2a: Hawlucha
|-boost|p2a: Hawlucha|atk|2
|move|p1a: Tyranitar|Ice Beam|p2a: Hawlucha
|-supereffective|p2a: Hawlucha
|-end|p2a: Hawlucha|Substitute
|
|-weather|Sandstorm|[upkeep]
|-damage|p2a: Hawlucha|155\/308|[from] Sandstorm
|turn|7
|
|move|p2a: Hawlucha|High Jump Kick|p1a: Tyranitar
|-supereffective|p1a: Tyranitar
|-damage|p1a: Tyranitar|0 fnt
|faint|p1a: Tyranitar
|
|-weather|Sandstorm|[upkeep]
|-damage|p2a: Hawlucha|136\/308|[from] Sandstorm
|
|switch|p1a: Excadrill|Excadrill, M|362\/362
|-damage|p1a: Excadrill|351\/362|[from] Stealth Rock
|-enditem|p2a: Hawlucha|Sitrus Berry|[eat]
|-heal|p2a: Hawlucha|213\/308|[from] item: Sitrus Berry
|turn|8
|
|move|p2a: Hawlucha|High Jump Kick|p1a: Excadrill
|-supereffective|p1a: Excadrill
|-damage|p1a: Excadrill|0 fnt
|faint|p1a: Excadrill
|
|-weather|Sandstorm|[upkeep]
|-damage|p2a: Hawlucha|194\/308|[from] Sandstorm
|
|switch|p1a: Landorus-Therian|Landorus-Therian, M|27\/320
|-damage|p1a: Landorus-Therian|0 fnt|[from] Stealth Rock
|faint|p1a: Landorus-Therian
|c|âsweqfeq|gg
|
|switch|p1a: Latios|Latios, M|301\/301
|-damage|p1a: Latios|264\/301|[from] Stealth Rock
|turn|9
|
|move|p2a: Hawlucha|Acrobatics|p1a: Latios
|-damage|p1a: Latios|0 fnt
|faint|p1a: Latios
|
|-weather|Sandstorm|[upkeep]
|-damage|p2a: Hawlucha|175\/308|[from] Sandstorm
|c|âSwaggBoi|gg
|-message|SwaggBoi forfeited.
|
|win|sweqfeq
|raw|Ladder updating...
|leave|SwaggBoi
|player|p1
|raw|SwaggBoi's rating: 1846 &rarr; <strong>1815<\/strong><br \/>(-31 for losing)
|raw|sweqfeq's rating: 1620 &rarr; <strong>1651<\/strong><br \/>(+31 for winning)