|join|lt1a gilbert
|join|SwaggBoi
|player|p1|lt1a gilbert|267
|player|p2|SwaggBoi|2
|gametype|singles
|gen|6
|tier|OU
|rated
|clearpoke
|poke|p1|Landorus-Therian, M
|poke|p1|Sceptile, F
|poke|p1|Magnezone
|poke|p1|Azumarill, F
|poke|p1|Pinsir, M
|poke|p1|Empoleon, F
|poke|p2|Garchomp, M
|poke|p2|Heatran, M
|poke|p2|Azumarill, F
|poke|p2|Rotom-Wash
|poke|p2|Pinsir, F
|poke|p2|Mew
|rule|Swagger Clause: Swagger is banned
|rule|Baton Pass Clause: Limit one PokÃ©mon knowing Baton Pass
|rule|Sleep Clause Mod: Limit one foe put to sleep
|rule|Species Clause: Limit one of each PokÃ©mon
|rule|OHKO Clause: OHKO moves are banned
|rule|Moody Clause: Moody is banned
|rule|Evasion Moves Clause: Evasion moves are banned
|rule|Endless Battle Clause: Forcing endless battles is banned
|rule|HP Percentage Mod: HP is shown in percentages
|teampreview
|join|bibooo
|
|start
|switch|p1a: Sceptile|Sceptile, F|281\/281
|switch|p2a: Rotom-Wash|Rotom-Wash|304\/304
|turn|1
|
|switch|p2a: Heatran|Heatran, M|386\/386
|move|p1a: Sceptile|Leaf Storm|p2a: Heatran
|-resisted|p2a: Heatran
|-damage|p2a: Heatran|346\/386
|-unboost|p1a: Sceptile|spa|2
|-damage|p1a: Sceptile|253\/281|[from] item: Life Orb
|
|-heal|p2a: Heatran|370\/386|[from] item: Leftovers
|turn|2
|join|Omegasization
|c| Omegasization|domage
|
|move|p1a: Sceptile|Earthquake|p2a: Heatran
|-supereffective|p2a: Heatran
|-damage|p2a: Heatran|0 fnt
|-damage|p1a: Sceptile|225\/281|[from] item: Life Orb
|faint|p2a: Heatran
|
|c|âlt1a gilbert|lol
|
|switch|p2a: Pinsir|Pinsir, F|272\/272
|turn|3
|join|Rayet
|c| Omegasization|well that escalated quickly
|
|detailschange|p2a: Pinsir|Pinsir-Mega, F
|message|Pinsir has Mega Evolved into Mega Pinsir!
|move|p1a: Sceptile|Rock Slide|p2a: Pinsir
|-supereffective|p2a: Pinsir
|-damage|p2a: Pinsir|17\/272
|-damage|p1a: Sceptile|197\/281|[from] item: Life Orb
|move|p2a: Pinsir|Return|p1a: Sceptile
|-supereffective|p1a: Sceptile
|-damage|p1a: Sceptile|0 fnt
|faint|p1a: Sceptile
|
|c| bibooo|not killed
|
|switch|p1a: Landorus-Therian|Landorus-Therian, M|328\/328
|-ability|p1a: Landorus-Therian|Intimidate|[of] p2a: Pinsir
|-unboost|p2a: Pinsir|atk|1
|turn|4
|c| bibooo|weak
|c| Rayet|lol that sceptile going hard
|
|move|p2a: Pinsir|Quick Attack|p1a: Landorus-Therian
|-damage|p1a: Landorus-Therian|246\/328
|move|p1a: Landorus-Therian|U-turn|p2a: Pinsir
|-resisted|p2a: Pinsir
|-damage|p2a: Pinsir|0 fnt
|faint|p2a: Pinsir
|
|switch|p1a: Azumarill|Azumarill, F|349\/349
|
|
|switch|p2a: Rotom-Wash|Rotom-Wash|304\/304
|turn|5
|
|move|p2a: Rotom-Wash|Will-O-Wisp|p1a: Azumarill
|-status|p1a: Azumarill|brn
|move|p1a: Azumarill|Facade|p2a: Rotom-Wash
|-crit|p2a: Rotom-Wash
|-damage|p2a: Rotom-Wash|0 fnt
|faint|p2a: Rotom-Wash
|
|-damage|p1a: Azumarill|306\/349 brn|[from] brn
|
|switch|p2a: Mew|Mew|404\/404
|turn|6
|c| bibooo|I forgot about that for a moment
|
|move|p2a: Mew|Roost|p2a: Mew
|-fail|p2a: Mew
|move|p1a: Azumarill|Facade|p2a: Mew
|-damage|p2a: Mew|127\/404
|
|-heal|p2a: Mew|152\/404|[from] item: Leftovers
|-damage|p1a: Azumarill|263\/349 brn|[from] brn
|turn|7
|
|switch|p1a: Pinsir|Pinsir, M|271\/271
|move|p2a: Mew|Roost|p2a: Mew
|-heal|p2a: Mew|354\/404
|
|-heal|p2a: Mew|379\/404|[from] item: Leftovers
|turn|8
|
|detailschange|p1a: Pinsir|Pinsir-Mega, M
|message|Pinsir has Mega Evolved into Mega Pinsir!
|move|p1a: Pinsir|Substitute|p1a: Pinsir
|-start|p1a: Pinsir|Substitute
|-damage|p1a: Pinsir|204\/271
|move|p2a: Mew|Volt Switch|p1a: Pinsir
|-supereffective|p1a: Pinsir
|-end|p1a: Pinsir|Substitute
|c| bibooo|oo
|c|âlt1a gilbert|LOL
|c| Omegasization|wat
|
|switch|p2a: Azumarill|Azumarill, F|404\/404
|
|turn|9
|c| Rayet|O.o
|c| bibooo|o.o
|c|âSwaggBoi|just be trying random stuff
|c| bibooo|I'm impressed
|c| Omegasization|>doesnt go to chomp
|
|move|p1a: Pinsir|Return|p2a: Azumarill
|-damage|p2a: Azumarill|52\/404
|move|p2a: Azumarill|Play Rough|p1a: Pinsir
|-damage|p1a: Pinsir|50\/271
|
|turn|10
|
|switch|p1a: Magnezone|Magnezone|299\/299
|move|p2a: Azumarill|Aqua Jet|p1a: Magnezone
|-damage|p1a: Magnezone|227\/299
|
|turn|11
|
|move|p2a: Azumarill|Aqua Jet|p1a: Magnezone
|-damage|p1a: Magnezone|151\/299
|move|p1a: Magnezone|Flash Cannon|p2a: Azumarill
|-crit|p2a: Azumarill
|-damage|p2a: Azumarill|0 fnt
|faint|p2a: Azumarill
|
|
|switch|p2a: Mew|Mew|379\/404
|turn|12
|
|move|p2a: Mew|Will-O-Wisp|p1a: Magnezone
|-status|p1a: Magnezone|brn
|move|p1a: Magnezone|Flash Cannon|p2a: Mew
|-damage|p2a: Mew|223\/404
|
|-heal|p2a: Mew|248\/404|[from] item: Leftovers
|-damage|p1a: Magnezone|114\/299 brn|[from] brn
|turn|13
|
|switch|p1a: Azumarill|Azumarill, F|263\/349 brn
|move|p2a: Mew|Will-O-Wisp|p1a: Azumarill
|-fail|p1a: Azumarill|brn
|
|-heal|p2a: Mew|273\/404|[from] item: Leftovers
|-damage|p1a: Azumarill|220\/349 brn|[from] brn
|turn|14
|c| Rayet|wow, volt switch, roost and taunt?
|c|âSwaggBoi|defg
|c| Omegasization|ew
|
|move|p2a: Mew|Roost|p2a: Mew
|-heal|p2a: Mew|404\/404
|move|p1a: Azumarill|Facade|p2a: Mew
|-damage|p2a: Mew|84\/404
|
|-heal|p2a: Mew|109\/404|[from] item: Leftovers
|-damage|p1a: Azumarill|177\/349 brn|[from] brn
|turn|15
|
|move|p2a: Mew|Volt Switch|p1a: Azumarill
|-supereffective|p1a: Azumarill
|-damage|p1a: Azumarill|65\/349 brn
|
|switch|p2a: Garchomp|Garchomp, M|358\/358
|move|p1a: Azumarill|Facade|p2a: Garchomp
|-crit|p2a: Garchomp
|-damage|p2a: Garchomp|0 fnt
|-damage|p1a: Azumarill|22\/349 brn|[from] ability: Rough Skin|[of] p2a: Garchomp
|faint|p2a: Garchomp
|
|-damage|p1a: Azumarill|0 fnt|[from] brn
|faint|p1a: Azumarill
|c| Omegasization|rip gatchomp
|
|switch|p1a: Pinsir|Pinsir-Mega, M|50\/271
|switch|p2a: Mew|Mew|109\/404
|turn|16
|c|âlt1a gilbert|gg
|c| bibooo|too much dommage from facade
|c|âSwaggBoi|gg
|
|move|p1a: Pinsir|Return|p2a: Mew
|-damage|p2a: Mew|0 fnt
|faint|p2a: Mew
|
|win|lt1a gilbert
|raw|Ladder updating...
|raw|lt1a gilbert's rating: 1767 &rarr; <strong>1779<\/strong><br \/>(+12 for winning)
|raw|SwaggBoi's rating: 1627 &rarr; <strong>1615<\/strong><br \/>(-12 for losing)
|leave|SwaggBoi