|join|LT2C TJP
|join|SwaggBoi
|player|p1|LT2C TJP|128
|player|p2|SwaggBoi|114
|gametype|singles
|gen|6
|tier|OU
|rated
|clearpoke
|poke|p1|Politoed, M
|poke|p1|Omastar, F
|poke|p1|Kingdra, M
|poke|p1|Heracross, M
|poke|p1|Latias, F
|poke|p1|Ferrothorn, M
|poke|p2|Charizard, F
|poke|p2|Heatran, F
|poke|p2|Latios, M
|poke|p2|Terrakion
|poke|p2|Landorus-Therian, M
|poke|p2|Raikou
|rule|Swagger Clause: Swagger is banned
|rule|Baton Pass Clause: Limit one PokÃ©mon knowing Baton Pass
|rule|Sleep Clause Mod: Limit one foe put to sleep
|rule|Species Clause: Limit one of each PokÃ©mon
|rule|OHKO Clause: OHKO moves are banned
|rule|Moody Clause: Moody is banned
|rule|Evasion Moves Clause: Evasion moves are banned
|rule|Endless Battle Clause: Forcing endless battles is banned
|rule|HP Percentage Mod: HP is shown in percentages
|teampreview
|
|start
|switch|p1a: Heracross|Heracross, M|310\/310
|switch|p2a: Raikou|Raikou|322\/322
|-ability|p2a: Raikou|Pressure
|turn|1
|
|detailschange|p1a: Heracross|Heracross-Mega, M
|message|Heracross has Mega Evolved into Mega Heracross!
|move|p2a: Raikou|Volt Switch|p1a: Heracross
|-damage|p1a: Heracross|154\/310
|
|switch|p2a: Landorus-Therian|Landorus-Therian, M|320\/320
|-ability|p2a: Landorus-Therian|Intimidate|[of] p1a: Heracross
|-unboost|p1a: Heracross|atk|1
|move|p1a: Heracross|Close Combat|p2a: Landorus-Therian
|-resisted|p2a: Landorus-Therian
|-damage|p2a: Landorus-Therian|204\/320
|-unboost|p1a: Heracross|def|1
|-unboost|p1a: Heracross|spd|1
|
|turn|2
|
|switch|p1a: Ferrothorn|Ferrothorn, M|352\/352
|move|p2a: Landorus-Therian|U-turn|p1a: Ferrothorn
|-damage|p1a: Ferrothorn|287\/352
|-damage|p2a: Landorus-Therian|164\/320|[from] ability: Iron Barbs|[of] p1a: Ferrothorn
|-damage|p2a: Landorus-Therian|111\/320|[from] item: Rocky Helmet|[of] p1a: Ferrothorn
|
|switch|p2a: Charizard|Charizard, F|298\/298
|
|turn|3
|
|switch|p1a: Politoed|Politoed, M|384\/384
|-weather|RainDance
|move|p2a: Charizard|Fire Blast|p1a: Politoed
|-resisted|p1a: Politoed
|-damage|p1a: Politoed|351\/384
|
|-weather|RainDance|[upkeep]
|turn|4
|
|switch|p1a: Latias|Latias, F|302\/302
|detailschange|p2a: Charizard|Charizard-Mega-Y, F
|message|Charizard has Mega Evolved into Mega Charizard!
|-weather|SunnyDay
|move|p2a: Charizard|Fire Blast|p1a: Latias|[miss]
|-miss|p2a: Charizard|p1a: Latias
|
|-weather|SunnyDay|[upkeep]
|turn|5
|
|switch|p1a: Politoed|Politoed, M|351\/384
|-weather|RainDance
|switch|p2a: Heatran|Heatran, F|323\/323
|
|-weather|RainDance|[upkeep]
|turn|6
|
|switch|p2a: Charizard|Charizard-Mega-Y, F|298\/298
|-weather|SunnyDay
|move|p1a: Politoed|Toxic|p2a: Charizard
|-status|p2a: Charizard|tox
|
|-weather|SunnyDay|[upkeep]
|-damage|p2a: Charizard|280\/298 tox|[from] psn
|turn|7
|
|switch|p1a: Latias|Latias, F|302\/302
|move|p2a: Charizard|Fire Blast|p1a: Latias|[miss]
|-miss|p2a: Charizard|p1a: Latias
|
|-weather|SunnyDay|[upkeep]
|-damage|p2a: Charizard|244\/298 tox|[from] psn
|turn|8
|c|âSwaggBoi|woww
|
|switch|p1a: Politoed|Politoed, M|351\/384
|-weather|RainDance
|switch|p2a: Raikou|Raikou|322\/322
|-ability|p2a: Raikou|Pressure
|
|-weather|RainDance|[upkeep]
|turn|9
|
|switch|p1a: Latias|Latias, F|302\/302
|move|p2a: Raikou|Volt Switch|p1a: Latias
|-crit|p1a: Latias
|-resisted|p1a: Latias
|-damage|p1a: Latias|205\/302
|c|âSwaggBoi|thing should be dead
|
|switch|p2a: Landorus-Therian|Landorus-Therian, M|111\/320
|-ability|p2a: Landorus-Therian|Intimidate|[of] p1a: Latias
|-unboost|p1a: Latias|atk|1
|
|-weather|RainDance|[upkeep]
|turn|10
|
|switch|p1a: Ferrothorn|Ferrothorn, M|287\/352
|move|p2a: Landorus-Therian|U-turn|p1a: Ferrothorn
|-crit|p1a: Ferrothorn
|-damage|p1a: Ferrothorn|184\/352
|-damage|p2a: Landorus-Therian|71\/320|[from] ability: Iron Barbs|[of] p1a: Ferrothorn
|-damage|p2a: Landorus-Therian|18\/320|[from] item: Rocky Helmet|[of] p1a: Ferrothorn
|
|switch|p2a: Terrakion|Terrakion|323\/323
|
|-weather|RainDance|[upkeep]
|turn|11
|
|move|p2a: Terrakion|Close Combat|p1a: Ferrothorn
|-supereffective|p1a: Ferrothorn
|-damage|p1a: Ferrothorn|0 fnt
|-damage|p2a: Terrakion|283\/323|[from] ability: Iron Barbs|[of] p1a: Ferrothorn
|-damage|p2a: Terrakion|230\/323|[from] item: Rocky Helmet|[of] p1a: Ferrothorn
|-unboost|p2a: Terrakion|def|1
|-unboost|p2a: Terrakion|spd|1
|faint|p1a: Ferrothorn
|
|-weather|RainDance|[upkeep]
|
|switch|p1a: Omastar|Omastar, F|282\/282
|turn|12
|
|move|p1a: Omastar|Hydro Pump|p2a: Terrakion|[miss]
|-miss|p1a: Omastar|p2a: Terrakion
|move|p2a: Terrakion|Close Combat|p1a: Omastar
|-supereffective|p1a: Omastar
|-damage|p1a: Omastar|0 fnt
|-unboost|p2a: Terrakion|def|1
|-unboost|p2a: Terrakion|spd|1
|faint|p1a: Omastar
|
|-weather|RainDance|[upkeep]
|
|switch|p1a: Kingdra|Kingdra, M|306\/306
|turn|13
|c|âSwaggBoi|cool cool
|
|move|p1a: Kingdra|Hydro Pump|p2a: Terrakion
|-supereffective|p2a: Terrakion
|-damage|p2a: Terrakion|0 fnt
|faint|p2a: Terrakion
|
|-weather|RainDance|[upkeep]
|
|switch|p2a: Charizard|Charizard-Mega-Y, F|244\/298 tox
|-weather|SunnyDay
|turn|14
|
|switch|p2a: Landorus-Therian|Landorus-Therian, M|18\/320
|-ability|p2a: Landorus-Therian|Intimidate|[of] p1a: Kingdra
|-unboost|p1a: Kingdra|atk|1
|move|p1a: Kingdra|Hydro Pump|p2a: Landorus-Therian|[miss]
|-miss|p1a: Kingdra|p2a: Landorus-Therian
|
|-weather|SunnyDay|[upkeep]
|turn|15
|
|move|p2a: Landorus-Therian|Earthquake|p1a: Kingdra
|-damage|p1a: Kingdra|66\/306
|move|p1a: Kingdra|Hydro Pump|p2a: Landorus-Therian
|-supereffective|p2a: Landorus-Therian
|-damage|p2a: Landorus-Therian|0 fnt
|faint|p2a: Landorus-Therian
|
|-weather|SunnyDay|[upkeep]
|
|switch|p2a: Raikou|Raikou|322\/322
|-ability|p2a: Raikou|Pressure
|turn|16
|
|switch|p1a: Heracross|Heracross-Mega, M|154\/310
|move|p2a: Raikou|Volt Switch|p1a: Heracross
|-damage|p1a: Heracross|0 fnt
|faint|p1a: Heracross
|
|switch|p2a: Latios|Latios, M|301\/301
|
|-weather|SunnyDay|[upkeep]
|
|switch|p1a: Latias|Latias, F|205\/302
|turn|17
|
|switch|p1a: Politoed|Politoed, M|351\/384
|-weather|RainDance
|switch|p2a: Heatran|Heatran, F|323\/323
|
|-weather|RainDance|[upkeep]
|turn|18
|
|switch|p2a: Charizard|Charizard-Mega-Y, F|244\/298 tox
|-weather|SunnyDay
|move|p1a: Politoed|Scald|p2a: Charizard
|-supereffective|p2a: Charizard
|-damage|p2a: Charizard|170\/298 tox
|
|-weather|SunnyDay|[upkeep]
|-damage|p2a: Charizard|152\/298 tox|[from] psn
|turn|19
|
|switch|p1a: Latias|Latias, F|205\/302
|move|p2a: Charizard|Air Slash|p1a: Latias
|-damage|p1a: Latias|85\/302
|
|-weather|SunnyDay|[upkeep]
|-damage|p2a: Charizard|116\/298 tox|[from] psn
|turn|20
|
|switch|p2a: Heatran|Heatran, F|323\/323
|move|p1a: Latias|Draco Meteor|p2a: Heatran
|-resisted|p2a: Heatran
|-damage|p2a: Heatran|196\/323
|-unboost|p1a: Latias|spa|2
|-damage|p1a: Latias|55\/302|[from] item: Life Orb
|
|-weather|SunnyDay|[upkeep]
|turn|21
|
|switch|p2a: Latios|Latios, M|301\/301
|switch|p1a: Politoed|Politoed, M|351\/384
|-weather|RainDance
|
|-weather|RainDance|[upkeep]
|turn|22
|
|move|p2a: Latios|Psyshock|p1a: Politoed
|-damage|p1a: Politoed|117\/384
|-damage|p2a: Latios|271\/301|[from] item: Life Orb
|move|p1a: Politoed|Toxic|p2a: Latios
|-status|p2a: Latios|tox
|
|-weather|RainDance|[upkeep]
|-damage|p2a: Latios|253\/301 tox|[from] psn
|turn|23
|
|switch|p1a: Latias|Latias, F|55\/302
|move|p2a: Latios|Psyshock|p1a: Latias
|-resisted|p1a: Latias
|-damage|p1a: Latias|0 fnt
|-damage|p2a: Latios|223\/301 tox|[from] item: Life Orb
|faint|p1a: Latias
|
|-weather|RainDance|[upkeep]
|-damage|p2a: Latios|187\/301 tox|[from] psn
|-message|LT2C TJP forfeited.
|leave|LT2C TJP
|
|win|SwaggBoi
|raw|Ladder updating...
|player|p1
|raw|LT2C TJP's rating: 1832 &rarr; <strong>1813<\/strong><br \/>(-19 for losing)
|raw|SwaggBoi's rating: 1846 &rarr; <strong>1865<\/strong><br \/>(+19 for winning)
|leave|SwaggBoi
|player|p2