|join|Coatay
|join|Kipa1236
|player|p1|Coatay|266
|player|p2|Kipa1236|102
|gametype|singles
|tier|[Gen 4] OU (beta)
|rated
|rule|Sleep Clause Mod: Limit one foe put to sleep
|rule|Species Clause: Limit one of each Pokemon
|rule|OHKO Clause: OHKO moves are banned
|rule|Moody Clause: Moody is banned
|rule|Evasion Moves Clause: Evasion moves are banned
|rule|HP Percentage Mod: HP is reported as percentages
|
|start
|switch|p1a: Alakazam|Alakazam, M|252\/252
|switch|p2a: Gengar|Gengar, M, shiny|324\/324
|turn|1
|callback|decision
|
|switch|p2a: Bronzong|Bronzong|338\/338
|move|p1a: Alakazam|Psychic|p2a: Bronzong
|-resisted|p2a: Bronzong
|-damage|p2a: Bronzong|298\/338
|-unboost|p2a: Bronzong|spd|1
|
|turn|2
|callback|decision
|
|switch|p1a: Donphan|Donphan, M|384\/384
|move|p2a: Bronzong|Rain Dance|p2a: Bronzong
|-weather|RainDance
|
|-weather|RainDance|[upkeep]
|turn|3
|callback|decision
|
|switch|p2a: Swampert|Swampert, M|404\/404
|move|p1a: Donphan|Stealth Rock|p2a: Swampert
|-sidestart|p2: Kipa1236|move: Stealth Rock
|
|-weather|RainDance|[upkeep]
|turn|4
|callback|decision
|
|switch|p1a: Shedinja|Shedinja|1\/1
|move|p2a: Swampert|Waterfall|p1a: Shedinja
|-activate|p1a: Shedinja|ability: Wonder Guard
|
|-weather|RainDance|[upkeep]
|turn|5
|callback|decision
|
|move|p1a: Shedinja|Will-O-Wisp|p2a: Swampert
|-status|p2a: Swampert|brn
|move|p2a: Swampert|Stealth Rock|p1a: Shedinja
|-sidestart|p1: Coatay|move: Stealth Rock
|
|-weather|RainDance|[upkeep]
|-damage|p2a: Swampert|354\/404 brn|[from] brn
|turn|6
|callback|decision
|
|switch|p2a: Kabutops|Kabutops, F|262\/262
|-damage|p2a: Kabutops|230\/262|[from] Stealth Rock
|move|p1a: Shedinja|X-Scissor|p2a: Kabutops
|-damage|p2a: Kabutops|122\/262
|
|-weather|RainDance|[upkeep]
|-heal|p2a: Kabutops|138\/262|[from] item: Leftovers
|turn|7
|callback|decision
|
|move|p2a: Kabutops|Stone Edge|p1a: Shedinja
|-supereffective|p1a: Shedinja
|-enditem|p1a: Shedinja|Focus Sash
|-damage|p1a: Shedinja|1\/1
|move|p1a: Shedinja|X-Scissor|p2a: Kabutops
|-damage|p2a: Kabutops|18\/262
|
|-weather|RainDance|[upkeep]
|-heal|p2a: Kabutops|34\/262|[from] item: Leftovers
|turn|8
|callback|decision
|
|move|p1a: Shedinja|Shadow Sneak|p2a: Kabutops
|-damage|p2a: Kabutops|0 fnt
|faint|p2a: Kabutops
|
|-weather|RainDance|[upkeep]
|callback|decision
|chat|Kipa1236|yo im so screwed
|chat|Kipa1236|lol
|chat|Coatay|lol
|
|switch|p2a: Gengar|Gengar, M, shiny|324\/324
|-damage|p2a: Gengar|284\/324|[from] Stealth Rock
|turn|9
|callback|decision
|
|switch|p1a: Blastoise|Blastoise, M|301\/301
|-damage|p1a: Blastoise|264\/301|[from] Stealth Rock
|move|p2a: Gengar|Shadow Ball|p1a: Blastoise
|-damage|p1a: Blastoise|149\/301
|
|-weather|none
|turn|10
|callback|decision
|
|switch|p2a: Bronzong|Bronzong|298\/338
|-damage|p2a: Bronzong|277\/338|[from] Stealth Rock
|move|p1a: Blastoise|Surf|p2a: Bronzong
|-damage|p2a: Bronzong|186\/338
|
|turn|11
|callback|decision
|
|move|p1a: Blastoise|Surf|p2a: Bronzong
|-damage|p2a: Bronzong|89\/338
|move|p2a: Bronzong|Explosion|p1a: Blastoise
|-damage|p1a: Blastoise|0 fnt
|faint|p1a: Blastoise
|faint|p2a: Bronzong
|
|callback|decision
|
|switch|p2a: Swampert|Swampert, M|354\/404 brn
|-damage|p2a: Swampert|329\/404 brn|[from] Stealth Rock
|switch|p1a: Donphan|Donphan, M|384\/384
|-damage|p1a: Donphan|360\/384|[from] Stealth Rock
|turn|12
|callback|decision
|
|move|p2a: Swampert|Rain Dance|p2a: Swampert
|-weather|RainDance
|move|p1a: Donphan|Roar|p2a: Swampert
|drag|p2a: Kingdra|Kingdra, F|291\/291
|-damage|p2a: Kingdra|255\/291|[from] Stealth Rock
|
|-weather|RainDance|[upkeep]
|-heal|p2a: Kingdra|273\/291|[from] item: Leftovers
|-heal|p1a: Donphan|384\/384|[from] item: Leftovers
|turn|13
|callback|decision
|
|move|p2a: Kingdra|Hydro Pump|p1a: Donphan
|-supereffective|p1a: Donphan
|-damage|p1a: Donphan|0 fnt
|faint|p1a: Donphan
|
|-weather|RainDance|[upkeep]
|-heal|p2a: Kingdra|291\/291|[from] item: Leftovers
|callback|decision
|
|switch|p1a: Metagross|Metagross|316\/316
|-damage|p1a: Metagross|297\/316|[from] Stealth Rock
|turn|14
|callback|decision
|
|move|p2a: Kingdra|Hydro Pump|p1a: Metagross
|-damage|p1a: Metagross|0 fnt
|faint|p1a: Metagross
|
|-weather|RainDance|[upkeep]
|callback|decision
|
|switch|p1a: Infernape|Infernape, M, shiny|293\/293
|-damage|p1a: Infernape|257\/293|[from] Stealth Rock
|turn|15
|callback|decision
|
|move|p2a: Kingdra|Hydro Pump|p1a: Infernape
|-supereffective|p1a: Infernape
|-damage|p1a: Infernape|0 fnt
|faint|p1a: Infernape
|
|-weather|RainDance|[upkeep]
|callback|decision
|
|switch|p1a: Alakazam|Alakazam, M|252\/252
|-damage|p1a: Alakazam|221\/252|[from] Stealth Rock
|turn|16
|callback|decision
|
|move|p2a: Kingdra|Hydro Pump|p1a: Alakazam
|-damage|p1a: Alakazam|0 fnt
|faint|p1a: Alakazam
|
|-weather|RainDance|[upkeep]
|callback|decision
|
|switch|p1a: Shedinja|Shedinja|1\/1
|-damage|p1a: Shedinja|0 fnt|[from] Stealth Rock
|faint|p1a: Shedinja
|
|win|Kipa1236
|raw|Ladder updating...
|raw|Coatay's rating: 1543 &rarr; <strong>1499<\/strong><br \/>(-44 for losing)
|raw|Kipa1236's rating: 1248 &rarr; <strong>1284<\/strong><br \/>(+36 for winning)
|leave|Coatay
|player|p1