|join|Charicific64
|join|Coatay
|player|p1|Charicific64|224
|player|p2|Coatay|170
|gametype|singles
|tier|[Gen 4] OU (beta)
|rated
|rule|Sleep Clause Mod: Limit one foe put to sleep
|rule|Species Clause: Limit one of each Pokemon
|rule|OHKO Clause: OHKO moves are banned
|rule|Moody Clause: Moody is banned
|rule|Evasion Moves Clause: Evasion moves are banned
|rule|HP Percentage Mod: HP is reported as percentages
|
|start
|switch|p1a: Gliscor|Gliscor, M|354\/354
|switch|p2a: Alakazam|Alakazam, M|252\/252
|turn|1
|callback|decision
|
|move|p2a: Alakazam|Psychic|p1a: Gliscor
|-damage|p1a: Gliscor|36\/354
|move|p1a: Gliscor|Taunt|p2a: Alakazam
|-start|p2a: Alakazam|move: Taunt
|
|-heal|p1a: Gliscor|58\/354|[from] item: Leftovers
|turn|2
|callback|decision
|
|switch|p1a: Vaporeon|Vaporeon, M|464\/464
|move|p2a: Alakazam|Psychic|p1a: Vaporeon
|-damage|p1a: Vaporeon|191\/464
|
|-heal|p1a: Vaporeon|220\/464|[from] item: Leftovers
|turn|3
|callback|decision
|
|move|p2a: Alakazam|Psychic|p1a: Vaporeon
|-damage|p1a: Vaporeon|0 fnt
|faint|p1a: Vaporeon
|
|callback|decision
|
|switch|p1a: Heatran|Heatran, M|323\/323
|turn|4
|callback|decision
|
|switch|p2a: Donphan|Donphan, F|384\/384
|move|p1a: Heatran|Fire Blast|p2a: Donphan
|-crit|p2a: Donphan
|-damage|p2a: Donphan|0 fnt
|faint|p2a: Donphan
|
|callback|decision
|
|switch|p2a: Infernape|Infernape, F, shiny|293\/293
|turn|5
|callback|decision
|
|switch|p1a: Tyranitar|Tyranitar, M|342\/342
|-weather|Sandstorm|[from] ability: Sand Stream|[of] p1a: Tyranitar
|move|p2a: Infernape|Swords Dance|p2a: Infernape
|-boost|p2a: Infernape|atk|2
|
|-weather|Sandstorm|[upkeep]
|-damage|p2a: Infernape|275\/293|[from] sandstorm
|turn|6
|callback|decision
|
|move|p1a: Tyranitar|Earthquake|p2a: Infernape
|-supereffective|p2a: Infernape
|-damage|p2a: Infernape|0 fnt
|faint|p2a: Infernape
|
|-weather|Sandstorm|[upkeep]
|callback|decision
|
|switch|p2a: Metagross|Metagross|316\/316
|turn|7
|callback|decision
|
|move|p1a: Tyranitar|Earthquake|p2a: Metagross
|-supereffective|p2a: Metagross
|-damage|p2a: Metagross|132\/316
|move|p2a: Metagross|Meteor Mash|p1a: Tyranitar
|-supereffective|p1a: Tyranitar
|-damage|p1a: Tyranitar|0 fnt
|faint|p1a: Tyranitar
|
|-weather|Sandstorm|[upkeep]
|-heal|p2a: Metagross|151\/316|[from] item: Leftovers
|callback|decision
|
|switch|p1a: Gliscor|Gliscor, M|58\/354
|turn|8
|callback|decision
|
|move|p1a: Gliscor|Roost|p1a: Gliscor
|-heal|p1a: Gliscor|235\/354
|move|p2a: Metagross|Meteor Mash|p1a: Gliscor
|-damage|p1a: Gliscor|72\/354
|
|-weather|Sandstorm|[upkeep]
|-heal|p1a: Gliscor|94\/354|[from] item: Leftovers
|-heal|p2a: Metagross|170\/316|[from] item: Leftovers
|turn|9
|callback|decision
|
|switch|p2a: Blastoise|Blastoise, F|301\/301
|move|p1a: Gliscor|Stealth Rock|p2a: Blastoise
|-sidestart|p2: Coatay|move: Stealth Rock
|
|-weather|Sandstorm|[upkeep]
|-damage|p2a: Blastoise|283\/301|[from] sandstorm
|-heal|p1a: Gliscor|116\/354|[from] item: Leftovers
|turn|10
|callback|decision
|
|move|p2a: Blastoise|Water Spout|p1a: Gliscor
|-supereffective|p1a: Gliscor
|-damage|p1a: Gliscor|0 fnt
|faint|p1a: Gliscor
|
|-weather|Sandstorm|[upkeep]
|-damage|p2a: Blastoise|265\/301|[from] sandstorm
|callback|decision
|
|switch|p1a: Zapdos|Zapdos|321\/321
|-ability|p1a: Zapdos|Pressure
|turn|11
|callback|decision
|
|move|p2a: Blastoise|Water Spout|p1a: Zapdos
|-crit|p1a: Zapdos
|-damage|p1a: Zapdos|0 fnt
|faint|p1a: Zapdos
|
|-weather|Sandstorm|[upkeep]
|-damage|p2a: Blastoise|247\/301|[from] sandstorm
|callback|decision
|
|switch|p1a: Breloom|Breloom, M|264\/264
|turn|12
|callback|decision
|
|switch|p2a: Shedinja|Shedinja|1\/1
|-damage|p2a: Shedinja|0 fnt|[from] Stealth Rock
|faint|p2a: Shedinja
|move|p1a: Breloom|Spore|p2: Shedinja|[notarget]
|-notarget
|
|-weather|Sandstorm|[upkeep]
|-damage|p1a: Breloom|248\/264|[from] sandstorm
|-activate|p1a: Breloom|item: Toxic Orb
|-status|p1a: Breloom|tox
|callback|decision
|
|switch|p2a: Alakazam|Alakazam, M|252\/252
|-damage|p2a: Alakazam|221\/252|[from] Stealth Rock
|turn|13
|callback|decision
|
|move|p2a: Alakazam|Psychic|p1a: Breloom
|-supereffective|p1a: Breloom
|-damage|p1a: Breloom|0 fnt
|faint|p1a: Breloom
|
|-weather|Sandstorm|[upkeep]
|-damage|p2a: Alakazam|206\/252|[from] sandstorm
|callback|decision
|
|switch|p1a: Heatran|Heatran, M|323\/323
|turn|14
|callback|decision
|
|move|p1a: Heatran|Fire Blast|p2a: Alakazam
|-damage|p2a: Alakazam|0 fnt
|faint|p2a: Alakazam
|
|-weather|Sandstorm|[upkeep]
|callback|decision
|
|switch|p2a: Blastoise|Blastoise, F|247\/301
|-damage|p2a: Blastoise|210\/301|[from] Stealth Rock
|turn|15
|callback|decision
|
|move|p1a: Heatran|Fire Blast|p2a: Blastoise
|-resisted|p2a: Blastoise
|-damage|p2a: Blastoise|108\/301
|move|p2a: Blastoise|Surf|p1a: Heatran
|-supereffective|p1a: Heatran
|-damage|p1a: Heatran|17\/323
|
|-weather|Sandstorm|[upkeep]
|-damage|p2a: Blastoise|90\/301|[from] sandstorm
|turn|16
|callback|decision
|
|move|p1a: Heatran|Fire Blast|p2a: Blastoise
|-resisted|p2a: Blastoise
|-damage|p2a: Blastoise|0 fnt
|faint|p2a: Blastoise
|
|-weather|Sandstorm|[upkeep]
|callback|decision
|
|switch|p2a: Metagross|Metagross|170\/316
|-damage|p2a: Metagross|151\/316|[from] Stealth Rock
|turn|17
|callback|decision
|
|move|p1a: Heatran|Fire Blast|p2a: Metagross|[miss]
|-miss|p1a: Heatran|p2a: Metagross
|move|p2a: Metagross|ThunderPunch|p1a: Heatran
|-damage|p1a: Heatran|0 fnt
|faint|p1a: Heatran
|
|win|Coatay
|raw|Ladder updating...
|raw|Charicific64's rating: 1257 &rarr; <strong>1251<\/strong><br \/>(-6 for losing)
|raw|Coatay's rating: 1594 &rarr; <strong>1598<\/strong><br \/>(+4 for winning)
|chat|Charicific64|u got lucky...