|join|Coatay
|join|MrZubzero6
|player|p1|Coatay|2
|player|p2|MrZubzero6|161
|gametype|singles
|gen|6
|tier|OU
|rated
|clearpoke
|poke|p1|Politoed, M
|poke|p1|Claydol
|poke|p1|Manaphy, shiny
|poke|p1|Amoonguss, M
|poke|p1|Kabutops, M
|poke|p1|Scizor, M
|poke|p2|Landorus-Therian, M
|poke|p2|Rotom-Wash
|poke|p2|Scizor, M
|poke|p2|Beedrill, F, shiny
|poke|p2|Magneton
|poke|p2|Blissey, F
|rule|Swagger Clause: Swagger is banned
|rule|Baton Pass Clause: Limit one PokÃ©mon knowing Baton Pass
|rule|Sleep Clause Mod: Limit one foe put to sleep
|rule|Species Clause: Limit one of each PokÃ©mon
|rule|OHKO Clause: OHKO moves are banned
|rule|Moody Clause: Moody is banned
|rule|Evasion Moves Clause: Evasion moves are banned
|rule|Endless Battle Clause: Forcing endless battles is banned
|rule|HP Percentage Mod: HP is shown in percentages
|teampreview
|
|start
|switch|p1a: Politoed|Politoed, M|384\/384
|switch|p2a: Beedrill|Beedrill, F, shiny|271\/271
|-weather|RainDance
|turn|1
|
|detailschange|p2a: Beedrill|Beedrill-Mega, F, shiny
|message|Beedrill has Mega Evolved into Mega Beedrill!
|move|p2a: Beedrill|U-turn|p1a: Politoed
|-damage|p1a: Politoed|232\/384
|
|switch|p2a: Rotom-Wash|Rotom-Wash|304\/304
|move|p1a: Politoed|Scald|p2a: Rotom-Wash
|-resisted|p2a: Rotom-Wash
|-damage|p2a: Rotom-Wash|263\/304
|-status|p2a: Rotom-Wash|brn
|
|-weather|RainDance|[upkeep]
|-heal|p2a: Rotom-Wash|282\/304 brn|[from] item: Leftovers
|-damage|p2a: Rotom-Wash|244\/304 brn|[from] brn
|turn|2
|
|switch|p1a: Amoonguss|Amoonguss, M|432\/432
|move|p2a: Rotom-Wash|Volt Switch|p1a: Amoonguss
|-resisted|p1a: Amoonguss
|-damage|p1a: Amoonguss|386\/432
|
|switch|p2a: Scizor|Scizor, M|281\/281
|
|-weather|RainDance|[upkeep]
|-heal|p1a: Amoonguss|413\/432|[from] item: Black Sludge
|turn|3
|
|move|p2a: Scizor|U-turn|p1a: Amoonguss
|-damage|p1a: Amoonguss|200\/432
|
|switch|p2a: Beedrill|Beedrill-Mega, F, shiny|271\/271
|move|p1a: Amoonguss|Spore|p2a: Beedrill
|-status|p2a: Beedrill|slp
|
|-weather|RainDance|[upkeep]
|-heal|p1a: Amoonguss|227\/432|[from] item: Black Sludge
|turn|4
|
|switch|p2a: Scizor|Scizor, M|281\/281
|switch|p1a: Kabutops|Kabutops, M|262\/262
|
|-weather|RainDance|[upkeep]
|turn|5
|
|move|p2a: Scizor|Bullet Punch|p1a: Kabutops
|-crit|p1a: Kabutops
|-damage|p1a: Kabutops|18\/262
|move|p1a: Kabutops|Waterfall|p2a: Scizor
|-damage|p2a: Scizor|8\/281
|-damage|p1a: Kabutops|0 fnt|[from] item: Life Orb
|faint|p1a: Kabutops
|
|-weather|RainDance|[upkeep]
|
|switch|p1a: Scizor|Scizor, M|344\/344
|turn|6
|
|switch|p2a: Landorus-Therian|Landorus-Therian, M|382\/382
|-ability|p2a: Landorus-Therian|Intimidate|[of] p1a: Scizor
|-unboost|p1a: Scizor|atk|1
|detailschange|p1a: Scizor|Scizor-Mega, M
|message|Scizor has Mega Evolved into Mega Scizor!
|move|p1a: Scizor|Swords Dance|p1a: Scizor
|-boost|p1a: Scizor|atk|2
|
|-weather|RainDance|[upkeep]
|turn|7
|
|move|p1a: Scizor|Swords Dance|p1a: Scizor
|-boost|p1a: Scizor|atk|2
|move|p2a: Landorus-Therian|U-turn|p1a: Scizor
|-resisted|p1a: Scizor
|-damage|p1a: Scizor|315\/344
|
|switch|p2a: Magneton|Magneton|242\/242
|
|-weather|RainDance|[upkeep]
|turn|8
|
|move|p2a: Magneton|Volt Switch|p1a: Scizor
|-damage|p1a: Scizor|189\/344
|
|switch|p2a: Landorus-Therian|Landorus-Therian, M|382\/382
|-ability|p2a: Landorus-Therian|Intimidate|[of] p1a: Scizor
|-unboost|p1a: Scizor|atk|1
|move|p1a: Scizor|Superpower|p2a: Landorus-Therian
|-resisted|p2a: Landorus-Therian
|-damage|p2a: Landorus-Therian|267\/382
|-unboost|p1a: Scizor|atk|1
|-unboost|p1a: Scizor|def|1
|
|-weather|none
|-heal|p2a: Landorus-Therian|290\/382|[from] item: Leftovers
|turn|9
|
|switch|p1a: Claydol|Claydol|324\/324
|move|p2a: Landorus-Therian|Stealth Rock|p1a: Claydol
|-sidestart|p1: Coatay|move: Stealth Rock
|
|-heal|p2a: Landorus-Therian|313\/382|[from] item: Leftovers
|turn|10
|
|switch|p2a: Scizor|Scizor, M|8\/281
|move|p1a: Claydol|Stealth Rock|p2a: Scizor
|-sidestart|p2: MrZubzero6|move: Stealth Rock
|
|turn|11
|
|switch|p1a: Scizor|Scizor-Mega, M|189\/344
|-damage|p1a: Scizor|146\/344|[from] Stealth Rock
|move|p2a: Scizor|Defog|p1a: Scizor
|-unboost|p1a: Scizor|evasion|1
|-sideend|p1: Coatay|Stealth Rock|[from] move: Defog|[of] p1a: Scizor
|-sideend|p2: MrZubzero6|Stealth Rock|[from] move: Defog|[of] p2a: Scizor
|
|turn|12
|
|switch|p2a: Landorus-Therian|Landorus-Therian, M|313\/382
|-ability|p2a: Landorus-Therian|Intimidate|[of] p1a: Scizor
|-unboost|p1a: Scizor|atk|1
|move|p1a: Scizor|Roost|p1a: Scizor
|-heal|p1a: Scizor|318\/344
|
|-heal|p2a: Landorus-Therian|336\/382|[from] item: Leftovers
|turn|13
|
|switch|p1a: Claydol|Claydol|324\/324
|move|p2a: Landorus-Therian|Earthquake|p1a: Claydol
|-immune|p1a: Claydol|[msg]
|
|-heal|p2a: Landorus-Therian|359\/382|[from] item: Leftovers
|turn|14
|
|move|p2a: Landorus-Therian|Knock Off|p1a: Claydol
|-supereffective|p1a: Claydol
|-damage|p1a: Claydol|164\/324
|-enditem|p1a: Claydol|Leftovers|[from] move: Knock Off|[of] p2a: Landorus-Therian
|move|p1a: Claydol|Ice Beam|p2a: Landorus-Therian
|-supereffective|p2a: Landorus-Therian
|-damage|p2a: Landorus-Therian|87\/382
|
|-heal|p2a: Landorus-Therian|110\/382|[from] item: Leftovers
|turn|15
|
|move|p2a: Landorus-Therian|U-turn|p1a: Claydol
|-supereffective|p1a: Claydol
|-damage|p1a: Claydol|52\/324
|
|switch|p2a: Scizor|Scizor, M|8\/281
|move|p1a: Claydol|Stealth Rock|p2a: Scizor
|-sidestart|p2: MrZubzero6|move: Stealth Rock
|
|turn|16
|
|move|p2a: Scizor|Pursuit|p1a: Claydol
|-supereffective|p1a: Claydol
|-damage|p1a: Claydol|0 fnt
|faint|p1a: Claydol
|
|
|switch|p1a: Scizor|Scizor-Mega, M|318\/344
|turn|17
|
|move|p1a: Scizor|Bullet Punch|p2a: Scizor
|-resisted|p2a: Scizor
|-damage|p2a: Scizor|0 fnt
|faint|p2a: Scizor
|
|
|switch|p2a: Landorus-Therian|Landorus-Therian, M|110\/382
|-damage|p2a: Landorus-Therian|63\/382|[from] Stealth Rock
|-ability|p2a: Landorus-Therian|Intimidate|[of] p1a: Scizor
|-unboost|p1a: Scizor|atk|1
|turn|18
|
|move|p1a: Scizor|Superpower|p2a: Landorus-Therian
|-resisted|p2a: Landorus-Therian
|-damage|p2a: Landorus-Therian|25\/382
|-unboost|p1a: Scizor|atk|1
|-unboost|p1a: Scizor|def|1
|move|p2a: Landorus-Therian|Stealth Rock|p1a: Scizor
|-sidestart|p1: Coatay|move: Stealth Rock
|
|-heal|p2a: Landorus-Therian|48\/382|[from] item: Leftovers
|turn|19
|
|move|p1a: Scizor|Bullet Punch|p2a: Landorus-Therian
|-damage|p2a: Landorus-Therian|6\/382
|move|p2a: Landorus-Therian|Earthquake|p1a: Scizor
|-damage|p1a: Scizor|125\/344
|
|-heal|p2a: Landorus-Therian|29\/382|[from] item: Leftovers
|turn|20
|
|move|p1a: Scizor|Bullet Punch|p2a: Landorus-Therian
|-damage|p2a: Landorus-Therian|0 fnt
|faint|p2a: Landorus-Therian
|
|
|switch|p2a: Magneton|Magneton|242\/242
|-damage|p2a: Magneton|227\/242|[from] Stealth Rock
|turn|21
|
|move|p2a: Magneton|Thunderbolt|p1a: Scizor
|-crit|p1a: Scizor
|-damage|p1a: Scizor|0 fnt
|faint|p1a: Scizor
|
|
|switch|p1a: Amoonguss|Amoonguss, M|371\/432
|-damage|p1a: Amoonguss|317\/432|[from] Stealth Rock
|turn|22
|
|switch|p2a: Blissey|Blissey, F|714\/714
|-damage|p2a: Blissey|625\/714|[from] Stealth Rock
|move|p1a: Amoonguss|Spore|p2a: Blissey
|-message|Sleep Clause Mod activated.
|-fail|p2a: Blissey
|
|-heal|p2a: Blissey|669\/714|[from] item: Leftovers
|-heal|p1a: Amoonguss|344\/432|[from] item: Black Sludge
|turn|23
|
|switch|p1a: Politoed|Politoed, M|232\/384
|-damage|p1a: Politoed|184\/384|[from] Stealth Rock
|-weather|RainDance
|move|p2a: Blissey|Heal Bell|p2a: Blissey
|-cureteam|p2a: Blissey|[from] move: HealBell
|
|-weather|RainDance|[upkeep]
|-heal|p2a: Blissey|713\/714|[from] item: Leftovers
|turn|24
|
|move|p1a: Politoed|Toxic|p2a: Blissey
|-status|p2a: Blissey|tox
|move|p2a: Blissey|Wish|p2a: Blissey
|
|-weather|RainDance|[upkeep]
|-heal|p2a: Blissey|714\/714 tox|[from] item: Leftovers
|-damage|p2a: Blissey|670\/714 tox|[from] psn
|turn|25
|
|switch|p2a: Rotom-Wash|Rotom-Wash|244\/304
|-damage|p2a: Rotom-Wash|206\/304|[from] Stealth Rock
|move|p1a: Politoed|Toxic|p2a: Rotom-Wash
|-status|p2a: Rotom-Wash|tox
|
|-weather|RainDance|[upkeep]
|-heal|p2a: Rotom-Wash|304\/304 tox|[from] move: Wish|[wisher] Blissey
|-damage|p2a: Rotom-Wash|285\/304 tox|[from] psn
|turn|26
|
|switch|p1a: Amoonguss|Amoonguss, M|432\/432
|-damage|p1a: Amoonguss|378\/432|[from] Stealth Rock
|move|p2a: Rotom-Wash|Volt Switch|p1a: Amoonguss
|-resisted|p1a: Amoonguss
|-damage|p1a: Amoonguss|330\/432
|
|switch|p2a: Beedrill|Beedrill-Mega, F, shiny|271\/271
|-damage|p2a: Beedrill|204\/271|[from] Stealth Rock
|
|-weather|RainDance|[upkeep]
|-heal|p1a: Amoonguss|357\/432|[from] item: Black Sludge
|turn|27
|
|move|p2a: Beedrill|Poison Jab|p1a: Amoonguss
|-damage|p1a: Amoonguss|155\/432
|move|p1a: Amoonguss|Giga Drain|p2a: Beedrill
|-resisted|p2a: Beedrill
|-damage|p2a: Beedrill|181\/271
|-heal|p1a: Amoonguss|167\/432|[from] drain|[of] p2a: Beedrill
|
|-weather|RainDance|[upkeep]
|-heal|p1a: Amoonguss|194\/432|[from] item: Black Sludge
|turn|28
|
|move|p2a: Beedrill|Poison Jab|p1a: Amoonguss
|-damage|p1a: Amoonguss|0 fnt
|faint|p1a: Amoonguss
|
|-weather|RainDance|[upkeep]
|
|switch|p1a: Manaphy|Manaphy, shiny|404\/404
|-damage|p1a: Manaphy|354\/404|[from] Stealth Rock
|turn|29
|
|move|p2a: Beedrill|U-turn|p1a: Manaphy
|-crit|p1a: Manaphy
|-damage|p1a: Manaphy|86\/404
|
|switch|p2a: Rotom-Wash|Rotom-Wash|285\/304 tox
|-damage|p2a: Rotom-Wash|247\/304 tox|[from] Stealth Rock
|move|p1a: Manaphy|Tail Glow|p1a: Manaphy
|-boost|p1a: Manaphy|spa|3
|
|-weather|RainDance|[upkeep]
|-heal|p1a: Manaphy|111\/404|[from] item: Leftovers
|-heal|p2a: Rotom-Wash|266\/304 tox|[from] item: Leftovers
|-damage|p2a: Rotom-Wash|247\/304 tox|[from] psn
|turn|30
|
|move|p1a: Manaphy|Rest|p1a: Manaphy
|-status|p1a: Manaphy|slp
|-heal|p1a: Manaphy|404\/404 slp|[silent]
|-status|p1a: Manaphy|slp|[from] move: Rest
|move|p2a: Rotom-Wash|Volt Switch|p1a: Manaphy
|-supereffective|p1a: Manaphy
|-damage|p1a: Manaphy|228\/404 slp
|
|switch|p2a: Magneton|Magneton|227\/242
|-damage|p2a: Magneton|212\/242|[from] Stealth Rock
|
|-weather|none
|-heal|p1a: Manaphy|253\/404 slp|[from] item: Leftovers
|turn|31
|-message|Coatay forfeited.
|
|win|MrZubzero6
|raw|Ladder updating...
|raw|Coatay's rating: 1517 &rarr; <strong>1492<\/strong><br \/>(-25 for losing)
|raw|MrZubzero6's rating: 1415 &rarr; <strong>1441<\/strong><br \/>(+26 for winning)
|leave|Coatay
|player|p1