|join|Coatay
|join|dude is wrong
|player|p1|Coatay|2
|player|p2|dude is wrong|237
|gametype|singles
|gen|6
|tier|OU
|rated
|clearpoke
|poke|p1|Politoed, F
|poke|p1|Claydol
|poke|p1|Manaphy, shiny
|poke|p1|Amoonguss, F
|poke|p1|Kabutops, M
|poke|p1|Scizor, F
|poke|p2|Charizard, F
|poke|p2|Lucario, M
|poke|p2|Landorus-Therian, M
|poke|p2|Thundurus, M
|poke|p2|Latias, F
|poke|p2|Tornadus-Therian, M
|rule|Swagger Clause: Swagger is banned
|rule|Baton Pass Clause: Limit one PokÃ©mon knowing Baton Pass
|rule|Sleep Clause Mod: Limit one foe put to sleep
|rule|Species Clause: Limit one of each PokÃ©mon
|rule|OHKO Clause: OHKO moves are banned
|rule|Moody Clause: Moody is banned
|rule|Evasion Moves Clause: Evasion moves are banned
|rule|Endless Battle Clause: Forcing endless battles is banned
|rule|HP Percentage Mod: HP is shown in percentages
|teampreview
|c|âdude is wrong|hi
|
|start
|switch|p1a: Claydol|Claydol|324\/324
|switch|p2a: Tornadus-Therian|Tornadus-Therian, M|332\/332
|turn|1
|join|trrrruit
|
|move|p2a: Tornadus-Therian|Knock Off|p1a: Claydol
|-supereffective|p1a: Claydol
|-damage|p1a: Claydol|220\/324
|-enditem|p1a: Claydol|Leftovers|[from] move: Knock Off|[of] p2a: Tornadus-Therian
|move|p1a: Claydol|Stealth Rock|p2a: Tornadus-Therian
|-sidestart|p2: dude is wrong|move: Stealth Rock
|
|turn|2
|
|switch|p1a: Scizor|Scizor, F|344\/344
|move|p2a: Tornadus-Therian|U-turn|p1a: Scizor
|-resisted|p1a: Scizor
|-damage|p1a: Scizor|320\/344
|
|switch|p2a: Thundurus|Thundurus, M|299\/299
|-damage|p2a: Thundurus|225\/299|[from] Stealth Rock
|
|turn|3
|
|switch|p1a: Claydol|Claydol|220\/324
|move|p2a: Thundurus|Nasty Plot|p2a: Thundurus
|-boost|p2a: Thundurus|spa|2
|
|turn|4
|
|move|p2a: Thundurus|Hidden Power|p1a: Claydol
|-supereffective|p1a: Claydol
|-damage|p1a: Claydol|0 fnt
|-damage|p2a: Thundurus|196\/299|[from] item: Life Orb
|faint|p1a: Claydol
|
|
|switch|p1a: Politoed|Politoed, F|384\/384
|-weather|RainDance
|turn|5
|
|switch|p1a: Amoonguss|Amoonguss, F|432\/432
|move|p2a: Thundurus|Thunderbolt|p1a: Amoonguss
|-resisted|p1a: Amoonguss
|-damage|p1a: Amoonguss|215\/432
|-damage|p2a: Thundurus|167\/299|[from] item: Life Orb
|
|-weather|RainDance|[upkeep]
|-heal|p1a: Amoonguss|242\/432|[from] item: Black Sludge
|turn|6
|
|switch|p1a: Scizor|Scizor, F|320\/344
|move|p2a: Thundurus|Hidden Power|p1a: Scizor
|-resisted|p1a: Scizor
|-damage|p1a: Scizor|211\/344
|-damage|p2a: Thundurus|138\/299|[from] item: Life Orb
|
|-weather|RainDance|[upkeep]
|turn|7
|
|detailschange|p1a: Scizor|Scizor-Mega, F
|message|Scizor has Mega Evolved into Mega Scizor!
|move|p1a: Scizor|Bullet Punch|p2a: Thundurus
|-resisted|p2a: Thundurus
|-damage|p2a: Thundurus|63\/299
|move|p2a: Thundurus|Thunderbolt|p1a: Scizor
|-damage|p1a: Scizor|0 fnt
|-damage|p2a: Thundurus|34\/299|[from] item: Life Orb
|faint|p1a: Scizor
|
|-weather|RainDance|[upkeep]
|
|switch|p1a: Kabutops|Kabutops, M|262\/262
|turn|8
|
|move|p1a: Kabutops|Aqua Jet|p2a: Thundurus
|-damage|p2a: Thundurus|0 fnt
|-damage|p1a: Kabutops|236\/262|[from] item: Life Orb
|faint|p2a: Thundurus
|
|-weather|RainDance|[upkeep]
|
|switch|p2a: Landorus-Therian|Landorus-Therian, M|371\/371
|-damage|p2a: Landorus-Therian|325\/371|[from] Stealth Rock
|-ability|p2a: Landorus-Therian|Intimidate|[of] p1a: Kabutops
|-unboost|p1a: Kabutops|atk|1
|turn|9
|
|switch|p1a: Manaphy|Manaphy, shiny|404\/404
|move|p2a: Landorus-Therian|Earthquake|p1a: Manaphy
|-damage|p1a: Manaphy|245\/404
|
|-weather|RainDance|[upkeep]
|-heal|p1a: Manaphy|270\/404|[from] item: Leftovers
|-heal|p2a: Landorus-Therian|348\/371|[from] item: Leftovers
|turn|10
|
|switch|p2a: Tornadus-Therian|Tornadus-Therian, M|332\/332
|-damage|p2a: Tornadus-Therian|249\/332|[from] Stealth Rock
|move|p1a: Manaphy|Surf|p2a: Tornadus-Therian
|-damage|p2a: Tornadus-Therian|110\/332
|
|-weather|RainDance|[upkeep]
|-heal|p1a: Manaphy|295\/404|[from] item: Leftovers
|turn|11
|
|move|p2a: Tornadus-Therian|Hurricane|p1a: Manaphy
|-crit|p1a: Manaphy
|-damage|p1a: Manaphy|42\/404
|move|p1a: Manaphy|Surf|p2a: Tornadus-Therian
|-damage|p2a: Tornadus-Therian|0 fnt
|faint|p2a: Tornadus-Therian
|
|-weather|RainDance|[upkeep]
|-heal|p1a: Manaphy|67\/404|[from] item: Leftovers
|
|switch|p2a: Latias|Latias, F|319\/319
|-damage|p2a: Latias|280\/319|[from] Stealth Rock
|turn|12
|
|move|p2a: Latias|Psyshock|p1a: Manaphy
|-damage|p1a: Manaphy|0 fnt
|-damage|p2a: Latias|249\/319|[from] item: Life Orb
|faint|p1a: Manaphy
|
|-weather|none
|
|switch|p1a: Amoonguss|Amoonguss, F|386\/432
|turn|13
|
|switch|p2a: Charizard|Charizard, F|297\/297
|-damage|p2a: Charizard|149\/297|[from] Stealth Rock
|move|p1a: Amoonguss|Spore|p2a: Charizard
|-status|p2a: Charizard|slp
|
|-heal|p1a: Amoonguss|413\/432|[from] item: Black Sludge
|turn|14
|
|switch|p2a: Latias|Latias, F|249\/319
|-damage|p2a: Latias|210\/319|[from] Stealth Rock
|switch|p1a: Politoed|Politoed, F|384\/384
|-weather|RainDance
|
|-weather|RainDance|[upkeep]
|turn|15
|
|move|p2a: Latias|Psyshock|p1a: Politoed
|-crit|p1a: Politoed
|-damage|p1a: Politoed|188\/384
|-damage|p2a: Latias|179\/319|[from] item: Life Orb
|move|p1a: Politoed|Toxic|p2a: Latias|[miss]
|-miss|p1a: Politoed|p2a: Latias
|
|-weather|RainDance|[upkeep]
|turn|16
|
|move|p2a: Latias|Defog|p1a: Politoed
|-unboost|p1a: Politoed|evasion|1
|-sideend|p2: dude is wrong|Stealth Rock|[from] move: Defog|[of] p2a: Latias
|move|p1a: Politoed|Ice Beam|p2a: Latias
|-supereffective|p2a: Latias
|-damage|p2a: Latias|73\/319
|
|-weather|RainDance|[upkeep]
|turn|17
|
|move|p2a: Latias|Draco Meteor|p1a: Politoed
|-damage|p1a: Politoed|0 fnt
|-unboost|p2a: Latias|spa|2
|-damage|p2a: Latias|42\/319|[from] item: Life Orb
|faint|p1a: Politoed
|
|-weather|RainDance|[upkeep]
|
|switch|p1a: Kabutops|Kabutops, M|236\/262
|turn|18
|
|move|p1a: Kabutops|Waterfall|p2a: Latias
|-resisted|p2a: Latias
|-damage|p2a: Latias|0 fnt
|-damage|p1a: Kabutops|210\/262|[from] item: Life Orb
|faint|p2a: Latias
|
|-weather|RainDance|[upkeep]
|
|switch|p2a: Landorus-Therian|Landorus-Therian, M|348\/371
|-ability|p2a: Landorus-Therian|Intimidate|[of] p1a: Kabutops
|-unboost|p1a: Kabutops|atk|1
|turn|19
|
|switch|p1a: Amoonguss|Amoonguss, F|432\/432
|move|p2a: Landorus-Therian|Earthquake|p1a: Amoonguss
|-damage|p1a: Amoonguss|278\/432
|
|-weather|RainDance|[upkeep]
|-heal|p2a: Landorus-Therian|371\/371|[from] item: Leftovers
|-heal|p1a: Amoonguss|305\/432|[from] item: Black Sludge
|turn|20
|
|move|p2a: Landorus-Therian|Earthquake|p1a: Amoonguss
|-crit|p1a: Amoonguss
|-damage|p1a: Amoonguss|53\/432
|move|p1a: Amoonguss|Hidden Power|p2a: Landorus-Therian
|-crit|p2a: Landorus-Therian
|-supereffective|p2a: Landorus-Therian
|-damage|p2a: Landorus-Therian|59\/371
|
|-weather|RainDance|[upkeep]
|-heal|p2a: Landorus-Therian|82\/371|[from] item: Leftovers
|-heal|p1a: Amoonguss|80\/432|[from] item: Black Sludge
|turn|21
|
|move|p2a: Landorus-Therian|Earthquake|p1a: Amoonguss
|-damage|p1a: Amoonguss|0 fnt
|faint|p1a: Amoonguss
|
|-weather|none
|-heal|p2a: Landorus-Therian|105\/371|[from] item: Leftovers
|
|switch|p1a: Kabutops|Kabutops, M|210\/262
|turn|22
|
|move|p1a: Kabutops|Waterfall|p2a: Landorus-Therian
|-supereffective|p2a: Landorus-Therian
|-damage|p2a: Landorus-Therian|0 fnt
|-damage|p1a: Kabutops|184\/262|[from] item: Life Orb
|faint|p2a: Landorus-Therian
|
|
|switch|p2a: Lucario|Lucario, M|281\/281
|turn|23
|
|move|p2a: Lucario|Close Combat|p1a: Kabutops
|-supereffective|p1a: Kabutops
|-damage|p1a: Kabutops|0 fnt
|-unboost|p2a: Lucario|def|1
|-unboost|p2a: Lucario|spd|1
|-damage|p2a: Lucario|253\/281|[from] item: Life Orb
|faint|p1a: Kabutops
|
|win|dude is wrong
|raw|Ladder updating...
|raw|Coatay's rating: 1647 &rarr; <strong>1627<\/strong><br \/>(-20 for losing)
|raw|dude is wrong's rating: 1638 &rarr; <strong>1658<\/strong><br \/>(+20 for winning)
|leave|dude is wrong
|player|p2