|join|Coatay
|join|much professional
|player|p1|Coatay|2
|player|p2|much professional|101
|gametype|singles
|gen|6
|tier|OU
|rated
|clearpoke
|poke|p1|Politoed, M
|poke|p1|Claydol
|poke|p1|Manaphy, shiny
|poke|p1|Amoonguss, M
|poke|p1|Kabutops, F
|poke|p1|Scizor, F
|poke|p2|Manaphy
|poke|p2|Clefable, M
|poke|p2|Volcarona, M
|poke|p2|Espeon, F
|poke|p2|Gyarados, F
|poke|p2|Scolipede, F
|rule|Swagger Clause: Swagger is banned
|rule|Baton Pass Clause: Limit one PokÃ©mon knowing Baton Pass
|rule|Sleep Clause Mod: Limit one foe put to sleep
|rule|Species Clause: Limit one of each PokÃ©mon
|rule|OHKO Clause: OHKO moves are banned
|rule|Moody Clause: Moody is banned
|rule|Evasion Moves Clause: Evasion moves are banned
|rule|Endless Battle Clause: Forcing endless battles is banned
|rule|HP Percentage Mod: HP is shown in percentages
|teampreview
|c|âmuch professional|nice team
|
|start
|switch|p1a: Claydol|Claydol|324\/324
|switch|p2a: Scolipede|Scolipede, F|323\/323
|turn|1
|
|move|p2a: Scolipede|Substitute|p2a: Scolipede
|-start|p2a: Scolipede|Substitute
|-damage|p2a: Scolipede|243\/323
|move|p1a: Claydol|Stealth Rock|p2a: Scolipede
|-sidestart|p2: much professional|move: Stealth Rock
|
|-boost|p2a: Scolipede|spe|1|[from] ability: Speed Boost
|turn|2
|
|move|p2a: Scolipede|Iron Defense|p2a: Scolipede
|-boost|p2a: Scolipede|def|2
|move|p1a: Claydol|Earth Power|p2a: Scolipede
|-end|p2a: Scolipede|Substitute
|
|-boost|p2a: Scolipede|spe|1|[from] ability: Speed Boost
|turn|3
|
|move|p2a: Scolipede|Baton Pass|p2a: Scolipede
|
|switch|p2a: Manaphy|Manaphy|404\/404
|-damage|p2a: Manaphy|354\/404|[from] Stealth Rock
|move|p1a: Claydol|Earth Power|p2a: Manaphy
|-damage|p2a: Manaphy|278\/404
|
|-heal|p2a: Manaphy|303\/404|[from] item: Leftovers
|turn|4
|
|switch|p1a: Amoonguss|Amoonguss, M|432\/432
|move|p2a: Manaphy|Calm Mind|p2a: Manaphy
|-boost|p2a: Manaphy|spa|1
|-boost|p2a: Manaphy|spd|1
|
|-heal|p2a: Manaphy|328\/404|[from] item: Leftovers
|turn|5
|
|move|p2a: Manaphy|Scald|p1a: Amoonguss
|-resisted|p1a: Amoonguss
|-damage|p1a: Amoonguss|349\/432
|move|p1a: Amoonguss|Spore|p2a: Manaphy
|-status|p2a: Manaphy|slp
|
|-heal|p2a: Manaphy|353\/404 slp|[from] item: Leftovers
|-heal|p1a: Amoonguss|376\/432|[from] item: Black Sludge
|turn|6
|join|Kaizorro
|
|cant|p2a: Manaphy|slp
|move|p1a: Amoonguss|Giga Drain|p2a: Manaphy
|-supereffective|p2a: Manaphy
|-damage|p2a: Manaphy|261\/404 slp
|-heal|p1a: Amoonguss|422\/432|[from] drain|[of] p2a: Manaphy
|
|-heal|p2a: Manaphy|286\/404 slp|[from] item: Leftovers
|-heal|p1a: Amoonguss|432\/432|[from] item: Black Sludge
|turn|7
|c|âmuch professional|clear smog?
|
|cant|p2a: Manaphy|slp
|move|p1a: Amoonguss|Giga Drain|p2a: Manaphy
|-supereffective|p2a: Manaphy
|-damage|p2a: Manaphy|190\/404 slp
|
|-heal|p2a: Manaphy|215\/404 slp|[from] item: Leftovers
|turn|8
|
|-curestatus|p2a: Manaphy|slp
|move|p2a: Manaphy|Calm Mind|p2a: Manaphy
|-boost|p2a: Manaphy|spa|1
|-boost|p2a: Manaphy|spd|1
|move|p1a: Amoonguss|Giga Drain|p2a: Manaphy
|-supereffective|p2a: Manaphy
|-damage|p2a: Manaphy|143\/404
|
|-heal|p2a: Manaphy|168\/404|[from] item: Leftovers
|turn|9
|
|move|p2a: Manaphy|Rain Dance|p2a: Manaphy
|-weather|RainDance
|move|p1a: Amoonguss|Spore|p2a: Manaphy
|-status|p2a: Manaphy|slp
|
|-weather|RainDance|[upkeep]
|-curestatus|p2a: Manaphy|slp
|-heal|p2a: Manaphy|193\/404|[from] item: Leftovers
|turn|10
|
|move|p2a: Manaphy|Rest|p2a: Manaphy
|-status|p2a: Manaphy|slp
|-heal|p2a: Manaphy|404\/404 slp|[silent]
|-status|p2a: Manaphy|slp|[from] move: Rest
|move|p1a: Amoonguss|Giga Drain|p2a: Manaphy
|-supereffective|p2a: Manaphy
|-damage|p2a: Manaphy|332\/404 slp
|
|-weather|RainDance|[upkeep]
|-curestatus|p2a: Manaphy|slp
|-heal|p2a: Manaphy|357\/404|[from] item: Leftovers
|turn|11
|c|âmuch professional|i think this is gg
|
|move|p2a: Manaphy|Calm Mind|p2a: Manaphy
|-boost|p2a: Manaphy|spa|1
|-boost|p2a: Manaphy|spd|1
|move|p1a: Amoonguss|Giga Drain|p2a: Manaphy
|-crit|p2a: Manaphy
|-supereffective|p2a: Manaphy
|-damage|p2a: Manaphy|135\/404
|
|-weather|RainDance|[upkeep]
|-heal|p2a: Manaphy|160\/404|[from] item: Leftovers
|turn|12
|
|move|p2a: Manaphy|Rest|p2a: Manaphy
|-status|p2a: Manaphy|slp
|-heal|p2a: Manaphy|404\/404 slp|[silent]
|-status|p2a: Manaphy|slp|[from] move: Rest
|move|p1a: Amoonguss|Giga Drain|p2a: Manaphy
|-supereffective|p2a: Manaphy
|-damage|p2a: Manaphy|350\/404 slp
|
|-weather|RainDance|[upkeep]
|-curestatus|p2a: Manaphy|slp
|-heal|p2a: Manaphy|375\/404|[from] item: Leftovers
|turn|13
|
|move|p2a: Manaphy|Calm Mind|p2a: Manaphy
|-boost|p2a: Manaphy|spa|1
|-boost|p2a: Manaphy|spd|1
|move|p1a: Amoonguss|Spore|p2a: Manaphy
|-status|p2a: Manaphy|slp
|
|-weather|none
|-heal|p2a: Manaphy|400\/404 slp|[from] item: Leftovers
|turn|14
|
|switch|p1a: Kabutops|Kabutops, F|262\/262
|cant|p2a: Manaphy|slp
|
|-heal|p2a: Manaphy|404\/404 slp|[from] item: Leftovers
|turn|15
|
|cant|p2a: Manaphy|slp
|move|p1a: Kabutops|Stone Edge|p2a: Manaphy
|-damage|p2a: Manaphy|307\/404 slp
|-damage|p1a: Kabutops|236\/262|[from] item: Life Orb
|
|-heal|p2a: Manaphy|332\/404 slp|[from] item: Leftovers
|turn|16
|
|-curestatus|p2a: Manaphy|slp
|move|p2a: Manaphy|Rain Dance|p2a: Manaphy
|-weather|RainDance
|move|p1a: Kabutops|Stone Edge|p2a: Manaphy
|-damage|p2a: Manaphy|235\/404
|-damage|p1a: Kabutops|210\/262|[from] item: Life Orb
|
|-weather|RainDance|[upkeep]
|-heal|p2a: Manaphy|260\/404|[from] item: Leftovers
|turn|17
|
|move|p1a: Kabutops|Stone Edge|p2a: Manaphy|[miss]
|-miss|p1a: Kabutops|p2a: Manaphy
|move|p2a: Manaphy|Scald|p1a: Kabutops
|-damage|p1a: Kabutops|0 fnt
|faint|p1a: Kabutops
|
|-weather|RainDance|[upkeep]
|-heal|p2a: Manaphy|285\/404|[from] item: Leftovers
|
|switch|p1a: Manaphy|Manaphy, shiny|404\/404
|turn|18
|
|move|p2a: Manaphy|Scald|p1a: Manaphy
|-resisted|p1a: Manaphy
|-damage|p1a: Manaphy|197\/404
|move|p1a: Manaphy|Tail Glow|p1a: Manaphy
|-boost|p1a: Manaphy|spa|3
|
|-weather|RainDance|[upkeep]
|-heal|p2a: Manaphy|310\/404|[from] item: Leftovers
|-heal|p1a: Manaphy|222\/404|[from] item: Leftovers
|turn|19
|
|move|p2a: Manaphy|Scald|p1a: Manaphy
|-resisted|p1a: Manaphy
|-damage|p1a: Manaphy|19\/404
|move|p1a: Manaphy|Psychic|p2a: Manaphy
|-damage|p2a: Manaphy|247\/404
|
|-weather|RainDance|[upkeep]
|-heal|p2a: Manaphy|272\/404|[from] item: Leftovers
|-heal|p1a: Manaphy|44\/404|[from] item: Leftovers
|turn|20
|-message|Coatay forfeited.
|
|win|much professional
|raw|Ladder updating...
|leave|Coatay
|player|p1
|raw|Coatay's rating: 1787 &rarr; <strong>1759<\/strong><br \/>(-28 for losing)
|raw|much professional's rating: 1644 &rarr; <strong>1671<\/strong><br \/>(+27 for winning)
|c|âmuch professional|this is why i run calm mind
|c|âmuch professional|over tail glow
|leave|Kaizorro