|join|RevMasta
|join|Coatay
|player|p1|RevMasta|108
|player|p2|Coatay|2
|gametype|singles
|gen|6
|tier|OU
|rated
|clearpoke
|poke|p1|Conkeldurr, M
|poke|p1|Skarmory, M
|poke|p1|Rotom-Wash
|poke|p1|Greninja, M
|poke|p1|Gengar, F
|poke|p1|Venusaur, M
|poke|p2|Pinsir, M, shiny
|poke|p2|Latios, M
|poke|p2|Clefable, M
|poke|p2|Keldeo-Resolute, shiny
|poke|p2|Magnezone, shiny
|poke|p2|Landorus-Therian, M
|rule|Swagger Clause: Swagger is banned
|rule|Baton Pass Clause: Limit one PokÃ©mon knowing Baton Pass
|rule|Sleep Clause Mod: Limit one foe put to sleep
|rule|Species Clause: Limit one of each PokÃ©mon
|rule|OHKO Clause: OHKO moves are banned
|rule|Moody Clause: Moody is banned
|rule|Evasion Moves Clause: Evasion moves are banned
|rule|Endless Battle Clause: Forcing endless battles is banned
|rule|HP Percentage Mod: HP is shown in percentages
|teampreview
|
|start
|switch|p1a: Greninja|Greninja, M|286\/286
|switch|p2a: Cat|Landorus-Therian, M|319\/319
|-ability|p2a: Cat|Intimidate|[of] p1a: Greninja
|-unboost|p1a: Greninja|atk|1
|turn|1
|
|move|p1a: Greninja|Ice Beam|p2a: Cat
|-start|p1a: Greninja|typechange|Ice|[from] Protean
|-supereffective|p2a: Cat
|-damage|p2a: Cat|0 fnt
|faint|p2a: Cat
|
|
|switch|p2a: Zone'd|Magnezone, shiny|281\/281
|turn|2
|
|switch|p1a: Rotom-Wash|Rotom-Wash|304\/304
|move|p2a: Zone'd|Volt Switch|p1a: Rotom-Wash
|-damage|p1a: Rotom-Wash|216\/304
|
|switch|p2a: G6|Latios, M|309\/309
|
|-heal|p1a: Rotom-Wash|235\/304|[from] item: Leftovers
|turn|3
|
|move|p2a: G6|Draco Meteor|p1a: Rotom-Wash
|-crit|p1a: Rotom-Wash
|-damage|p1a: Rotom-Wash|0 fnt
|-unboost|p2a: G6|spa|2
|-damage|p2a: G6|279\/309|[from] item: Life Orb
|faint|p1a: Rotom-Wash
|
|c|âRevMasta|-.-
|
|switch|p1a: Greninja|Greninja, M|286\/286
|turn|4
|
|switch|p2a: Horse|Keldeo-Resolute, shiny|323\/323
|move|p1a: Greninja|U-turn|p2a: Horse
|-start|p1a: Greninja|typechange|Bug|[from] Protean
|-resisted|p2a: Horse
|-damage|p2a: Horse|284\/323
|
|switch|p1a: Venusaur|Venusaur, M|364\/364
|
|turn|5
|
|switch|p2a: Zone'd|Magnezone, shiny|281\/281
|detailschange|p1a: Venusaur|Venusaur-Mega, M
|message|Venusaur has Mega Evolved into Mega Venusaur!
|move|p1a: Venusaur|Sludge Bomb|p2a: Zone'd
|-immune|p2a: Zone'd|[msg]
|
|turn|6
|
|move|p2a: Zone'd|Volt Switch|p1a: Venusaur
|-resisted|p1a: Venusaur
|-damage|p1a: Venusaur|312\/364
|
|switch|p2a: OG Mega Mence|Pinsir, M, shiny|271\/271
|-ability|p2a: OG Mega Mence|Mold Breaker
|move|p1a: Venusaur|Leech Seed|p2a: OG Mega Mence
|-start|p2a: OG Mega Mence|move: Leech Seed
|
|-damage|p2a: OG Mega Mence|238\/271|[from] Leech Seed|[of] p1a: Venusaur
|-heal|p1a: Venusaur|345\/364|[silent]
|turn|7
|
|switch|p2a: Zone'd|Magnezone, shiny|281\/281
|switch|p1a: Skarmory|Skarmory, M|334\/334
|
|turn|8
|
|move|p2a: Zone'd|Thunderbolt|p1a: Skarmory
|-supereffective|p1a: Skarmory
|-activate|p1a: Skarmory|Sturdy
|-damage|p1a: Skarmory|1\/334
|move|p1a: Skarmory|Stealth Rock|p2a: Zone'd
|-sidestart|p2: Coatay|move: Stealth Rock
|
|turn|9
|
|move|p2a: Zone'd|Thunderbolt|p1a: Skarmory
|-supereffective|p1a: Skarmory
|-damage|p1a: Skarmory|0 fnt
|faint|p1a: Skarmory
|
|
|switch|p1a: Conkeldurr|Conkeldurr, M|414\/414
|turn|10
|
|switch|p2a: G6|Latios, M|279\/309
|-damage|p2a: G6|241\/309|[from] Stealth Rock
|move|p1a: Conkeldurr|Poison Jab|p2a: G6
|-damage|p2a: G6|108\/309
|
|turn|11
|
|move|p2a: G6|Recover|p2a: G6
|-heal|p2a: G6|263\/309
|move|p1a: Conkeldurr|Knock Off|p2a: G6
|-supereffective|p2a: G6
|-damage|p2a: G6|0 fnt
|-enditem|p2a: G6|Life Orb|[from] move: Knock Off|[of] p1a: Conkeldurr
|faint|p2a: G6
|
|
|switch|p2a: OG Mega Mence|Pinsir, M, shiny|238\/271
|-damage|p2a: OG Mega Mence|171\/271|[from] Stealth Rock
|-ability|p2a: OG Mega Mence|Mold Breaker
|turn|12
|
|detailschange|p2a: OG Mega Mence|Pinsir-Mega, M, shiny
|message|Pinsir has Mega Evolved into Mega Pinsir!
|move|p2a: OG Mega Mence|Frustration|p1a: Conkeldurr
|-supereffective|p1a: Conkeldurr
|-damage|p1a: Conkeldurr|0 fnt
|faint|p1a: Conkeldurr
|
|
|switch|p1a: Greninja|Greninja, M|286\/286
|turn|13
|
|switch|p2a: Zone'd|Magnezone, shiny|281\/281
|-damage|p2a: Zone'd|264\/281|[from] Stealth Rock
|move|p1a: Greninja|Hidden Power|p2a: Zone'd
|-start|p1a: Greninja|typechange|Fire|[from] Protean
|-supereffective|p2a: Zone'd
|-damage|p2a: Zone'd|30\/281
|
|turn|14
|
|switch|p2a: Horse|Keldeo-Resolute, shiny|284\/323
|-damage|p2a: Horse|264\/323|[from] Stealth Rock
|move|p1a: Greninja|Hidden Power|p2a: Horse
|-resisted|p2a: Horse
|-damage|p2a: Horse|214\/323
|
|turn|15
|
|switch|p1a: Venusaur|Venusaur-Mega, M|345\/364
|move|p2a: Horse|Scald|p1a: Venusaur
|-resisted|p1a: Venusaur
|-damage|p1a: Venusaur|267\/364
|
|turn|16
|
|switch|p2a: Zone'd|Magnezone, shiny|30\/281
|-damage|p2a: Zone'd|13\/281|[from] Stealth Rock
|move|p1a: Venusaur|Sludge Bomb|p2a: Zone'd
|-immune|p2a: Zone'd|[msg]
|
|turn|17
|
|move|p2a: Zone'd|Flash Cannon|p1a: Venusaur
|-damage|p1a: Venusaur|143\/364
|move|p1a: Venusaur|Leech Seed|p2a: Zone'd
|-start|p2a: Zone'd|move: Leech Seed
|
|-damage|p2a: Zone'd|0 fnt|[from] Leech Seed|[of] p1a: Venusaur
|-heal|p1a: Venusaur|156\/364|[silent]
|faint|p2a: Zone'd
|
|switch|p2a: OG Mega Mence|Pinsir-Mega, M, shiny|171\/271
|-damage|p2a: OG Mega Mence|36\/271|[from] Stealth Rock
|turn|18
|
|move|p2a: OG Mega Mence|Frustration|p1a: Venusaur
|-supereffective|p1a: Venusaur
|-damage|p1a: Venusaur|0 fnt
|faint|p1a: Venusaur
|
|
|switch|p1a: Gengar|Gengar, F|262\/262
|turn|19
|
|move|p1a: Gengar|Sludge Wave|p2a: OG Mega Mence
|-damage|p2a: OG Mega Mence|0 fnt
|faint|p2a: OG Mega Mence
|
|
|switch|p2a: Horse|Keldeo-Resolute, shiny|214\/323
|-damage|p2a: Horse|194\/323|[from] Stealth Rock
|turn|20
|
|move|p1a: Gengar|Sludge Wave|p2a: Horse
|-damage|p2a: Horse|0 fnt
|faint|p2a: Horse
|
|
|switch|p2a: Clef.|Clefable, M|390\/390
|turn|21
|
|move|p1a: Gengar|Sludge Wave|p2a: Clef.
|-supereffective|p2a: Clef.
|-damage|p2a: Clef.|96\/390
|move|p2a: Clef.|Moonblast|p1a: Gengar
|-resisted|p1a: Gengar
|-damage|p1a: Gengar|192\/262
|-unboost|p1a: Gengar|spa|1
|
|-heal|p2a: Clef.|120\/390|[from] item: Leftovers
|turn|22
|-message|Coatay forfeited.
|
|win|RevMasta
|raw|Ladder updating...
|leave|Coatay
|player|p2
|raw|RevMasta's rating: 1553 &rarr; <strong>1575<\/strong><br \/>(+22 for winning)
|raw|Coatay's rating: 1576 &rarr; <strong>1554<\/strong><br \/>(-22 for losing)