|join|Coatay
|join|Abedo
|player|p1|Coatay|2
|player|p2|Abedo|190
|gametype|singles
|tier|OU
|rated
|rule|Evasion Abilities Clause: Evasion abilities are banned
|clearpoke
|poke|p1|Tyranitar, M
|poke|p1|Landorus, M
|poke|p1|Forretress, M, shiny
|poke|p1|Gyarados, M
|poke|p1|Latios, M
|poke|p1|Breloom, M
|poke|p2|Jolteon, M
|poke|p2|Jirachi, shiny
|poke|p2|Politoed, M
|poke|p2|Espeon, F
|poke|p2|Ferrothorn, M
|poke|p2|Wobbuffet, M
|rule|Sleep Clause: Limit one foe put to sleep
|rule|Species Clause: Limit one of each Pokemon
|rule|OHKO Clause: OHKO moves are banned
|rule|Moody Clause: Moody is banned
|rule|Evasion Moves Clause: Evasion moves are banned
|teampreview
|callback|decision
|join|Xerxes
|join|Welker
|join|Gubs
|join|Ana Ivanovic
|
|start
|switch|p1a: Latios|Latios, M|48\/48
|switch|p2a: Wobbuffet|Wobbuffet, M|48\/48
|turn|1
|callback|decision
|
|move|p1a: Latios|Draco Meteor|p2a: Wobbuffet
|-damage|p2a: Wobbuffet|27\/48
|-unboost|p1a: Latios|spa|2
|move|p2a: Wobbuffet|Encore|p1a: Latios
|-start|p1a: Latios|Encore
|
|turn|2
|callback|decision
|
|move|p1a: Latios|Draco Meteor|p2a: Wobbuffet
|-damage|p2a: Wobbuffet|16\/48
|-unboost|p1a: Latios|spa|2
|move|p2a: Wobbuffet|Mirror Coat|p1a: Latios
|-damage|p1a: Latios|6\/48
|
|turn|3
|callback|decision
|
|move|p1a: Latios|Draco Meteor|p2a: Wobbuffet
|-damage|p2a: Wobbuffet|10\/48
|-unboost|p1a: Latios|spa|2
|move|p2a: Wobbuffet|Mirror Coat|p1a: Latios
|-damage|p1a: Latios|0 fnt
|faint|p1a: Latios
|
|callback|decision
|
|switch|p1a: Forretress|Forretress, M, shiny|48\/48
|turn|4
|callback|decision
|
|switch|p2a: Espeon|Espeon, F|48\/48
|move|p1a: Forretress|Volt Switch|p2a: Espeon
|-damage|p2a: Espeon|42\/48
|-enditem|p2a: Espeon|Red Card|[of] p1a: Forretress
|drag|p1a: Tyranitar|Tyranitar, M|48\/48
|-weather|Sandstorm|[from] ability: Sand Stream|[of] p1a: Tyranitar
|
|-weather|Sandstorm|[upkeep]
|-damage|p2a: Espeon|39\/48|[from] sandstorm
|turn|5
|callback|decision
|
|move|p2a: Espeon|Baton Pass|p2a: Espeon
|callback|decision
|
|switch|p2a: Ferrothorn|Ferrothorn, M|48\/48
|move|p1a: Tyranitar|Crunch|p2a: Ferrothorn
|-resisted|p2a: Ferrothorn
|-damage|p2a: Ferrothorn|42\/48
|-damage|p1a: Tyranitar|42\/48|[from] ability: Iron Barbs|[of] p2a: Ferrothorn
|-damage|p1a: Tyranitar|34\/48|[from] item: Rocky Helmet|[of] p2a: Ferrothorn
|-unboost|p2a: Ferrothorn|def|1
|
|-weather|Sandstorm|[upkeep]
|-heal|p1a: Tyranitar|37\/48|[from] item: Leftovers
|turn|6
|callback|decision
|
|move|p1a: Tyranitar|Fire Punch|p2a: Ferrothorn
|-supereffective|p2a: Ferrothorn
|-damage|p2a: Ferrothorn|0 fnt
|-damage|p1a: Tyranitar|31\/48|[from] ability: Iron Barbs|[of] p2a: Ferrothorn
|-damage|p1a: Tyranitar|23\/48|[from] item: Rocky Helmet|[of] p2a: Ferrothorn
|faint|p2a: Ferrothorn
|
|-weather|Sandstorm|[upkeep]
|-heal|p1a: Tyranitar|26\/48|[from] item: Leftovers
|callback|decision
|
|switch|p2a: Politoed|Politoed, M|48\/48
|-weather|RainDance|[from] ability: Drizzle|[of] p2a: Politoed
|turn|7
|callback|decision
|
|switch|p1a: Gyarados|Gyarados, M|48\/48
|-ability|p1a: Gyarados|Intimidate|[of] p2a: Politoed
|-unboost|p2a: Politoed|atk|1
|move|p2a: Politoed|Hydro Pump|p1a: Gyarados
|-resisted|p1a: Gyarados
|-damage|p1a: Gyarados|30\/48
|
|-weather|RainDance|[upkeep]
|-heal|p1a: Gyarados|33\/48|[from] item: Leftovers
|turn|8
|callback|decision
|
|move|p2a: Politoed|Hydro Pump|p1a: Gyarados
|-resisted|p1a: Gyarados
|-damage|p1a: Gyarados|17\/48
|move|p1a: Gyarados|Bounce|p2a: Politoed|[still]
|-prepare|p1a: Gyarados|Bounce|p2a: Politoed
|
|-weather|RainDance|[upkeep]
|-heal|p1a: Gyarados|20\/48|[from] item: Leftovers
|turn|9
|callback|decision
|
|switch|p2a: Jolteon|Jolteon, M|48\/48
|move|p1a: Gyarados|Bounce|p2a: Jolteon
|-resisted|p2a: Jolteon
|-damage|p2a: Jolteon|30\/48
|-status|p2a: Jolteon|par
|
|-weather|RainDance|[upkeep]
|-heal|p1a: Gyarados|23\/48|[from] item: Leftovers
|turn|10
|callback|decision
|
|move|p1a: Gyarados|Waterfall|p2a: Jolteon
|-damage|p2a: Jolteon|0 fnt
|faint|p2a: Jolteon
|
|-weather|RainDance|[upkeep]
|-heal|p1a: Gyarados|26\/48|[from] item: Leftovers
|callback|decision
|
|switch|p2a: Wobbuffet|Wobbuffet, M|10\/48
|turn|11
|callback|decision
|-enditem|p2a: Wobbuffet|Custap Berry|[eat]
|-activate|p2a: Wobbuffet|Custap Berry
|
|move|p2a: Wobbuffet|Destiny Bond|p2a: Wobbuffet
|-singlemove|p2a: Wobbuffet|Destiny Bond
|move|p1a: Gyarados|Waterfall|p2a: Wobbuffet
|-damage|p2a: Wobbuffet|0 fnt
|faint|p2a: Wobbuffet
|-activate|p2a: Wobbuffet|Destiny Bond
|faint|p1a: Gyarados
|
|-weather|RainDance|[upkeep]
|callback|decision
|chat|Xerxes|ROFL
|chat|Xerxes|Why do I not see that more often
|chat|Gubs|OMFG
|chat|Gubs|WOBB
|chat|Gubs|TWO KILLS
|
|switch|p2a: Espeon|Espeon, F|39\/48
|switch|p1a: Breloom|Breloom, M|48\/48
|turn|12
|callback|decision
|
|move|p2a: Espeon|Psyshock|p1a: Breloom
|-supereffective|p1a: Breloom
|-damage|p1a: Breloom|0 fnt
|faint|p1a: Breloom
|
|-weather|RainDance|[upkeep]
|callback|decision
|
|switch|p1a: Tyranitar|Tyranitar, M|26\/48
|-weather|Sandstorm|[from] ability: Sand Stream|[of] p1a: Tyranitar
|turn|13
|callback|decision
|
|move|p2a: Espeon|Substitute|p2a: Espeon
|-start|p2a: Espeon|Substitute
|-damage|p2a: Espeon|28\/48
|move|p1a: Tyranitar|Earthquake|p2a: Espeon
|-end|p2a: Espeon|Substitute
|
|-weather|Sandstorm|[upkeep]
|-damage|p2a: Espeon|25\/48|[from] sandstorm
|-heal|p1a: Tyranitar|29\/48|[from] item: Leftovers
|turn|14
|callback|decision
|
|move|p2a: Espeon|Psyshock|p1a: Tyranitar
|-immune|p1a: Tyranitar|[msg]
|move|p1a: Tyranitar|Crunch|p2a: Espeon
|-crit|p2a: Espeon
|-supereffective|p2a: Espeon
|-damage|p2a: Espeon|0 fnt
|faint|p2a: Espeon
|
|-weather|Sandstorm|[upkeep]
|-heal|p1a: Tyranitar|32\/48|[from] item: Leftovers
|callback|decision
|
|switch|p2a: Politoed|Politoed, M|48\/48
|-weather|RainDance|[from] ability: Drizzle|[of] p2a: Politoed
|turn|15
|callback|decision
|
|switch|p1a: Forretress|Forretress, M, shiny|48\/48
|move|p2a: Politoed|Hydro Pump|p1a: Forretress
|-activate|p1a: Forretress|Sturdy
|-damage|p1a: Forretress|1\/48
|
|-weather|RainDance|[upkeep]
|-heal|p1a: Forretress|3\/48|[from] item: Leftovers
|turn|16
|callback|decision
|
|move|p2a: Politoed|Hydro Pump|p1a: Forretress
|-damage|p1a: Forretress|0 fnt
|faint|p1a: Forretress
|
|-weather|RainDance|[upkeep]
|callback|decision
|
|switch|p1a: Tyranitar|Tyranitar, M|32\/48
|-weather|Sandstorm|[from] ability: Sand Stream|[of] p1a: Tyranitar
|turn|17
|callback|decision
|
|move|p2a: Politoed|Hydro Pump|p1a: Tyranitar
|-supereffective|p1a: Tyranitar
|-damage|p1a: Tyranitar|3\/48
|move|p1a: Tyranitar|Crunch|p2a: Politoed
|-damage|p2a: Politoed|18\/48
|-unboost|p2a: Politoed|def|1
|
|-weather|Sandstorm|[upkeep]
|-damage|p2a: Politoed|15\/48|[from] sandstorm
|-heal|p1a: Tyranitar|6\/48|[from] item: Leftovers
|turn|18
|callback|decision
|
|move|p2a: Politoed|Hydro Pump|p1a: Tyranitar
|-supereffective|p1a: Tyranitar
|-damage|p1a: Tyranitar|0 fnt
|faint|p1a: Tyranitar
|
|-weather|Sandstorm|[upkeep]
|-damage|p2a: Politoed|12\/48|[from] sandstorm
|callback|decision
|
|switch|p1a: Landorus|Landorus, M|48\/48
|turn|19
|callback|decision
|
|switch|p2a: Jirachi|Jirachi, shiny|48\/48
|move|p1a: Landorus|Earth Power|p2a: Jirachi
|-supereffective|p2a: Jirachi
|-damage|p2a: Jirachi|0 fnt
|faint|p2a: Jirachi
|
|-weather|Sandstorm|[upkeep]
|callback|decision
|
|switch|p2a: Politoed|Politoed, M|12\/48
|-weather|RainDance|[from] ability: Drizzle|[of] p2a: Politoed
|turn|20
|callback|decision
|
|move|p2a: Politoed|Ice Beam|p1a: Landorus
|-supereffective|p1a: Landorus
|-damage|p1a: Landorus|0 fnt
|faint|p1a: Landorus
|
|win|Abedo
|raw|Ladder updating...
|raw|Coatay's rating: 1707 &rarr; <strong>1703<\/strong><br \/>(-4 for losing)
|raw|Abedo's rating: 1644 &rarr; <strong>1648<\/strong><br \/>(+4 for winning)
|chat|Abedo|gg
|player|p1
|leave|Coatay
|leave|Xerxes
|leave|Ana Ivanovic
|leave|Welker