|join|Saburo Zaimoku
|join|Coatay
|player|p1|Saburo Zaimoku|58
|player|p2|Coatay|1
|gametype|singles
|tier|OU
|rated
|rule|Evasion Abilities Clause: Evasion abilities are banned
|clearpoke
|poke|p1|Nidoking, M
|poke|p1|Abomasnow, M
|poke|p1|Rotom-Heat
|poke|p1|Escavalier, M
|poke|p1|Latias, F
|poke|p1|Scrafty, M
|poke|p2|Crobat, M
|poke|p2|Breloom, M
|poke|p2|Terrakion
|poke|p2|Ferrothorn, M
|poke|p2|Rotom-Wash
|poke|p2|Dragonite, F
|rule|Sleep Clause: Limit one foe put to sleep
|rule|Species Clause: Limit one of each Pokemon
|rule|OHKO Clause: OHKO moves are banned
|rule|Moody Clause: Moody is banned
|rule|Evasion Moves Clause: Evasion moves are banned
|teampreview
|callback|decision
|
|start
|switch|p1a: Abomasnow|Abomasnow, M|384\/384
|switch|p2a: Crobat|Crobat, M|374\/374
|-weather|Hail|[from] ability: Snow Warning|[of] p1a: Abomasnow
|turn|1
|callback|decision
|
|switch|p1a: Rotom-Heat|Rotom-Heat|260\/260
|move|p2a: Crobat|Brave Bird|p1a: Rotom-Heat
|-resisted|p1a: Rotom-Heat
|-damage|p1a: Rotom-Heat|204\/260
|-damage|p2a: Crobat|356\/374|[from] recoil|[of] p1a: Rotom-Heat
|
|-weather|Hail|[upkeep]
|-damage|p1a: Rotom-Heat|188\/260|[from] hail
|-damage|p2a: Crobat|333\/374|[from] hail
|-heal|p2a: Crobat|356\/374|[from] item: Black Sludge
|turn|2
|callback|decision
|
|switch|p2a: Rotom-W|Rotom-Wash|242\/242
|move|p1a: Rotom-Heat|Volt Switch|p2a: Rotom-W
|-damage|p2a: Rotom-W|143\/242
|callback|decision
|
|switch|p1a: Latias|Latias, F|302\/302
|
|-weather|Hail|[upkeep]
|-damage|p1a: Latias|284\/302|[from] hail
|-damage|p2a: Rotom-W|128\/242|[from] hail
|-heal|p2a: Rotom-W|143\/242|[from] item: Leftovers
|turn|3
|callback|decision
|
|switch|p2a: Ferrothorn|Ferrothorn, M|352\/352
|move|p1a: Latias|Draco Meteor|p2a: Ferrothorn
|-resisted|p2a: Ferrothorn
|-damage|p2a: Ferrothorn|250\/352
|-unboost|p1a: Latias|spa|2
|-damage|p1a: Latias|254\/302|[from] item: Life Orb
|
|-weather|Hail|[upkeep]
|-damage|p1a: Latias|236\/302|[from] hail
|-damage|p2a: Ferrothorn|228\/352|[from] hail
|-heal|p2a: Ferrothorn|250\/352|[from] item: Leftovers
|turn|4
|callback|decision
|
|switch|p1a: Scrafty|Scrafty, M|334\/334
|-ability|p1a: Scrafty|Intimidate|[of] p2a: Ferrothorn
|-unboost|p2a: Ferrothorn|atk|1
|move|p2a: Ferrothorn|Stealth Rock|p1a: Scrafty
|-sidestart|p1: Saburo Zaimoku|move: Stealth Rock
|
|-weather|Hail|[upkeep]
|-damage|p1a: Scrafty|314\/334|[from] hail
|-damage|p2a: Ferrothorn|228\/352|[from] hail
|-heal|p2a: Ferrothorn|250\/352|[from] item: Leftovers
|turn|5
|callback|decision
|
|switch|p2a: Crobat|Crobat, M|356\/374
|move|p1a: Scrafty|Hi Jump Kick|p2a: Crobat
|-resisted|p2a: Crobat
|-damage|p2a: Crobat|269\/374
|
|-weather|Hail|[upkeep]
|-damage|p2a: Crobat|246\/374|[from] hail
|-damage|p1a: Scrafty|294\/334|[from] hail
|-heal|p2a: Crobat|269\/374|[from] item: Black Sludge
|turn|6
|callback|decision
|
|switch|p1a: Rotom-Heat|Rotom-Heat|188\/260
|-damage|p1a: Rotom-Heat|123\/260|[from] Stealth Rock
|move|p2a: Crobat|Brave Bird|p1a: Rotom-Heat
|-resisted|p1a: Rotom-Heat
|-damage|p1a: Rotom-Heat|66\/260
|-damage|p2a: Crobat|250\/374|[from] recoil|[of] p1a: Rotom-Heat
|
|-weather|Hail|[upkeep]
|-damage|p1a: Rotom-Heat|50\/260|[from] hail
|-damage|p2a: Crobat|227\/374|[from] hail
|-heal|p2a: Crobat|250\/374|[from] item: Black Sludge
|turn|7
|callback|decision
|
|move|p1a: Rotom-Heat|Volt Switch|p2a: Crobat
|-supereffective|p2a: Crobat
|-damage|p2a: Crobat|0 fnt
|faint|p2a: Crobat
|callback|decision
|
|switch|p1a: Latias|Latias, F|236\/302
|-damage|p1a: Latias|199\/302|[from] Stealth Rock
|
|-weather|Hail|[upkeep]
|-damage|p1a: Latias|181\/302|[from] hail
|callback|decision
|
|switch|p2a: Terrakion|Terrakion|323\/323
|turn|8
|callback|decision
|
|move|p2a: Terrakion|X-Scissor|p1a: Latias
|-supereffective|p1a: Latias
|-damage|p1a: Latias|0 fnt
|faint|p1a: Latias
|
|-weather|Hail|[upkeep]
|-damage|p2a: Terrakion|303\/323|[from] hail
|callback|decision
|
|switch|p1a: Scrafty|Scrafty, M|294\/334
|-damage|p1a: Scrafty|274\/334|[from] Stealth Rock
|-ability|p1a: Scrafty|Intimidate|[of] p2a: Terrakion
|-unboost|p2a: Terrakion|atk|1
|turn|9
|callback|decision
|
|switch|p2a: Ferrothorn|Ferrothorn, M|250\/352
|move|p1a: Scrafty|Hi Jump Kick|p2a: Ferrothorn|[miss]
|-miss|p1a: Scrafty|p2a: Ferrothorn
|-damage|p1a: Scrafty|107\/334|[from] hijumpkick
|
|-weather|Hail|[upkeep]
|-damage|p1a: Scrafty|87\/334|[from] hail
|-damage|p2a: Ferrothorn|228\/352|[from] hail
|-heal|p2a: Ferrothorn|250\/352|[from] item: Leftovers
|turn|10
|callback|decision
|
|move|p1a: Scrafty|Hi Jump Kick|p2a: Ferrothorn
|-supereffective|p2a: Ferrothorn
|-damage|p2a: Ferrothorn|0 fnt
|-damage|p1a: Scrafty|46\/334|[from] ability: Iron Barbs|[of] p2a: Ferrothorn
|faint|p2a: Ferrothorn
|
|-weather|Hail|[upkeep]
|-damage|p1a: Scrafty|26\/334|[from] hail
|callback|decision
|
|switch|p2a: Dragonite|Dragonite, F|368\/368
|turn|11
|callback|decision
|
|move|p2a: Dragonite|Roost|p2a: Dragonite
|-fail|p2a: Dragonite
|move|p1a: Scrafty|Hi Jump Kick|p2a: Dragonite
|-resisted|p2a: Dragonite
|-damage|p2a: Dragonite|293\/368
|
|-weather|Hail|[upkeep]
|-damage|p2a: Dragonite|270\/368|[from] hail
|-damage|p1a: Scrafty|6\/334|[from] hail
|-heal|p2a: Dragonite|293\/368|[from] item: Leftovers
|turn|12
|callback|decision
|
|move|p2a: Dragonite|Dragon Claw|p1a: Scrafty
|-damage|p1a: Scrafty|0 fnt
|faint|p1a: Scrafty
|
|-weather|Hail|[upkeep]
|-damage|p2a: Dragonite|270\/368|[from] hail
|-heal|p2a: Dragonite|293\/368|[from] item: Leftovers
|callback|decision
|
|switch|p1a: Nidoking|Nidoking, M|303\/303
|-damage|p1a: Nidoking|285\/303|[from] Stealth Rock
|turn|13
|callback|decision
|
|switch|p2a: Rotom-W|Rotom-Wash|143\/242
|move|p1a: Nidoking|Blizzard|p2a: Rotom-W
|-resisted|p2a: Rotom-W
|-damage|p2a: Rotom-W|97\/242
|
|-weather|Hail|[upkeep]
|-damage|p1a: Nidoking|267\/303|[from] hail
|-damage|p2a: Rotom-W|82\/242|[from] hail
|-heal|p2a: Rotom-W|97\/242|[from] item: Leftovers
|turn|14
|callback|decision
|
|switch|p1a: Abomasnow|Abomasnow, M|384\/384
|-damage|p1a: Abomasnow|288\/384|[from] Stealth Rock
|move|p2a: Rotom-W|Hidden Power|p1a: Abomasnow
|-supereffective|p1a: Abomasnow
|-damage|p1a: Abomasnow|0 fnt
|faint|p1a: Abomasnow
|
|-weather|Hail|[upkeep]
|-damage|p2a: Rotom-W|82\/242|[from] hail
|-heal|p2a: Rotom-W|97\/242|[from] item: Leftovers
|callback|decision
|
|switch|p1a: Escavalier|Escavalier, M|344\/344
|-damage|p1a: Escavalier|301\/344|[from] Stealth Rock
|turn|15
|callback|decision
|
|move|p2a: Rotom-W|Hidden Power|p1a: Escavalier
|-supereffective|p1a: Escavalier
|-damage|p1a: Escavalier|13\/344
|move|p1a: Escavalier|X-Scissor|p2a: Rotom-W
|-damage|p2a: Rotom-W|0 fnt
|faint|p2a: Rotom-W
|
|-weather|Hail|[upkeep]
|callback|decision
|
|switch|p2a: Dragonite|Dragonite, F|293\/368
|turn|16
|callback|decision
|
|move|p2a: Dragonite|Roost|p2a: Dragonite
|-heal|p2a: Dragonite|368\/368
|move|p1a: Escavalier|X-Scissor|p2a: Dragonite
|-damage|p2a: Dragonite|242\/368
|
|-weather|Hail|[upkeep]
|-damage|p2a: Dragonite|219\/368|[from] hail
|-heal|p2a: Dragonite|242\/368|[from] item: Leftovers
|turn|17
|callback|decision
|
|move|p2a: Dragonite|Dragon Dance|p2a: Dragonite
|-boost|p2a: Dragonite|atk|1
|-boost|p2a: Dragonite|spe|1
|move|p1a: Escavalier|X-Scissor|p2a: Dragonite
|-resisted|p2a: Dragonite
|-damage|p2a: Dragonite|131\/368
|
|-weather|Hail|[upkeep]
|-damage|p2a: Dragonite|108\/368|[from] hail
|-heal|p2a: Dragonite|131\/368|[from] item: Leftovers
|turn|18
|callback|decision
|
|switch|p1a: Nidoking|Nidoking, M|267\/303
|-damage|p1a: Nidoking|249\/303|[from] Stealth Rock
|move|p2a: Dragonite|Earthquake|p1a: Nidoking
|-supereffective|p1a: Nidoking
|-damage|p1a: Nidoking|0 fnt
|faint|p1a: Nidoking
|
|-weather|Hail|[upkeep]
|-damage|p2a: Dragonite|108\/368|[from] hail
|-heal|p2a: Dragonite|131\/368|[from] item: Leftovers
|callback|decision
|
|switch|p1a: Rotom-Heat|Rotom-Heat|50\/260
|-damage|p1a: Rotom-Heat|0 fnt|[from] Stealth Rock
|faint|p1a: Rotom-Heat
|callback|decision
|
|switch|p1a: Escavalier|Escavalier, M|13\/344
|-damage|p1a: Escavalier|0 fnt|[from] Stealth Rock
|faint|p1a: Escavalier
|
|win|Coatay
|raw|Ladder updating...
|raw|Saburo Zaimoku's rating: 1565 &rarr; <strong>1563<\/strong><br \/>(-2 for losing)
|raw|Coatay's rating: 1751 &rarr; <strong>1753<\/strong><br \/>(+2 for winning)
|chat|Saburo Zaimoku|gg
|chat|Coatay|gg