|join|King Rock
|join|Coatay
|player|p1|King Rock|101
|player|p2|Coatay|101
|gametype|singles
|tier|OU
|rated
|rule|Evasion Abilities Clause: Evasion abilities are banned
|clearpoke
|poke|p1|Politoed, M, shiny
|poke|p1|Scizor, M
|poke|p1|Haxorus, M, shiny
|poke|p1|Thundurus-Therian, M, shiny
|poke|p1|Starmie, shiny
|poke|p1|Terrakion, shiny
|poke|p2|Crobat, M
|poke|p2|Breloom, M
|poke|p2|Terrakion
|poke|p2|Ferrothorn, M
|poke|p2|Rotom-Wash
|poke|p2|Dragonite, F
|rule|Sleep Clause: Limit one foe put to sleep
|rule|Species Clause: Limit one of each Pokemon
|rule|OHKO Clause: OHKO moves are banned
|rule|Moody Clause: Moody is banned
|rule|Evasion Moves Clause: Evasion moves are banned
|teampreview
|callback|decision
|
|start
|switch|p1a: Scizor|Scizor, M|48\/48
|switch|p2a: Rotom-W|Rotom-Wash|48\/48
|turn|1
|callback|decision
|
|move|p2a: Rotom-W|Hidden Power|p1a: Scizor
|-supereffective|p1a: Scizor
|-damage|p1a: Scizor|0 fnt
|faint|p1a: Scizor
|
|callback|decision
|
|switch|p1a: Haxorus|Haxorus, M, shiny|48\/48
|-ability|p1a: Haxorus|Mold Breaker
|turn|2
|callback|decision
|
|move|p1a: Haxorus|Dragon Dance|p1a: Haxorus
|-boost|p1a: Haxorus|atk|1
|-boost|p1a: Haxorus|spe|1
|move|p2a: Rotom-W|Will-O-Wisp|p1a: Haxorus|[miss]
|-miss|p2a: Rotom-W|p1a: Haxorus
|
|turn|3
|callback|decision
|
|move|p1a: Haxorus|Dragon Dance|p1a: Haxorus
|-boost|p1a: Haxorus|atk|1
|-boost|p1a: Haxorus|spe|1
|move|p2a: Rotom-W|Will-O-Wisp|p1a: Haxorus
|-status|p1a: Haxorus|brn
|-enditem|p1a: Haxorus|Lum Berry|[eat]
|-curestatus|p1a: Haxorus|brn
|
|turn|4
|callback|decision
|
|move|p1a: Haxorus|Outrage|p2a: Rotom-W
|-damage|p2a: Rotom-W|0 fnt
|faint|p2a: Rotom-W
|
|callback|decision
|
|switch|p2a: Ferrothorn|Ferrothorn, M|48\/48
|turn|5
|callback|decision
|
|move|p1a: Haxorus|Outrage|p2a: Ferrothorn
|-resisted|p2a: Ferrothorn
|-damage|p2a: Ferrothorn|26\/48
|-damage|p1a: Haxorus|42\/48|[from] ability: Iron Barbs|[of] p2a: Ferrothorn
|move|p2a: Ferrothorn|Thunder Wave|p1a: Haxorus
|-status|p1a: Haxorus|par
|
|-end|p1a: Haxorus|rampage
|-start|p1a: Haxorus|confusion
|-heal|p2a: Ferrothorn|29\/48|[from] item: Leftovers
|turn|6
|callback|decision
|
|-activate|p1a: Haxorus|confusion
|move|p1a: Haxorus|Superpower|p2a: Ferrothorn
|-supereffective|p2a: Ferrothorn
|-damage|p2a: Ferrothorn|0 fnt
|-damage|p1a: Haxorus|36\/48 par|[from] ability: Iron Barbs|[of] p2a: Ferrothorn
|-unboost|p1a: Haxorus|atk|1
|-unboost|p1a: Haxorus|def|1
|faint|p2a: Ferrothorn
|
|callback|decision
|
|switch|p2a: Dragonite|Dragonite, F|48\/48
|turn|7
|callback|decision
|
|move|p2a: Dragonite|Dragon Claw|p1a: Haxorus
|-supereffective|p1a: Haxorus
|-damage|p1a: Haxorus|0 fnt
|faint|p1a: Haxorus
|
|callback|decision
|
|switch|p1a: Starmie|Starmie, shiny|48\/48
|turn|8
|callback|decision
|
|move|p1a: Starmie|Ice Beam|p2a: Dragonite
|-supereffective|p2a: Dragonite
|-damage|p2a: Dragonite|18\/48
|-damage|p1a: Starmie|43\/48|[from] item: Life Orb
|move|p2a: Dragonite|Dragon Claw|p1a: Starmie
|-damage|p1a: Starmie|17\/48
|
|-heal|p2a: Dragonite|21\/48|[from] item: Leftovers
|turn|9
|callback|decision
|
|move|p1a: Starmie|Ice Beam|p2a: Dragonite
|-supereffective|p2a: Dragonite
|-damage|p2a: Dragonite|0 fnt
|-damage|p1a: Starmie|12\/48|[from] item: Life Orb
|faint|p2a: Dragonite
|
|callback|decision
|
|switch|p2a: Crobat|Crobat, M|48\/48
|turn|10
|callback|decision
|
|switch|p1a: Politoed|Politoed, M, shiny|48\/48
|-weather|RainDance|[from] ability: Drizzle|[of] p1a: Politoed
|move|p2a: Crobat|Brave Bird|p1a: Politoed
|-damage|p1a: Politoed|25\/48
|-damage|p2a: Crobat|41\/48|[from] recoil|[of] p1a: Politoed
|
|-weather|RainDance|[upkeep]
|-heal|p2a: Crobat|44\/48|[from] item: Black Sludge
|turn|11
|callback|decision
|
|move|p2a: Crobat|Confuse Ray|p1a: Politoed
|-start|p1a: Politoed|confusion
|-activate|p1a: Politoed|confusion
|-damage|p1a: Politoed|20\/48
|
|-weather|RainDance|[upkeep]
|-heal|p2a: Crobat|47\/48|[from] item: Black Sludge
|turn|12
|callback|decision
|
|move|p2a: Crobat|Brave Bird|p1a: Politoed
|-crit|p1a: Politoed
|-damage|p1a: Politoed|0 fnt
|-damage|p2a: Crobat|41\/48|[from] recoil|[of] p1a: Politoed
|faint|p1a: Politoed
|
|-weather|RainDance|[upkeep]
|-heal|p2a: Crobat|44\/48|[from] item: Black Sludge
|callback|decision
|
|switch|p1a: Thundurus-Therian|Thundurus-Therian, M, shiny|48\/48
|turn|13
|callback|decision
|
|move|p2a: Crobat|Brave Bird|p1a: Thundurus-Therian
|-resisted|p1a: Thundurus-Therian
|-damage|p1a: Thundurus-Therian|33\/48
|-damage|p2a: Crobat|40\/48|[from] recoil|[of] p1a: Thundurus-Therian
|move|p1a: Thundurus-Therian|Thunderbolt|p2a: Crobat
|-supereffective|p2a: Crobat
|-damage|p2a: Crobat|0 fnt
|-damage|p1a: Thundurus-Therian|28\/48|[from] item: Life Orb
|faint|p2a: Crobat
|
|-weather|RainDance|[upkeep]
|callback|decision
|
|switch|p2a: Breloom|Breloom, M|48\/48
|turn|14
|callback|decision
|
|move|p2a: Breloom|Mach Punch|p1a: Thundurus-Therian
|-resisted|p1a: Thundurus-Therian
|-damage|p1a: Thundurus-Therian|16\/48
|move|p1a: Thundurus-Therian|Hidden Power|p2a: Breloom
|-supereffective|p2a: Breloom
|-damage|p2a: Breloom|0 fnt
|-damage|p1a: Thundurus-Therian|11\/48|[from] item: Life Orb
|faint|p2a: Breloom
|
|-weather|RainDance|[upkeep]
|callback|decision
|
|switch|p2a: Terrakion|Terrakion|48\/48
|turn|15
|callback|decision
|
|move|p2a: Terrakion|Close Combat|p1a: Thundurus-Therian
|-resisted|p1a: Thundurus-Therian
|-damage|p1a: Thundurus-Therian|0 fnt
|-unboost|p2a: Terrakion|def|1
|-unboost|p2a: Terrakion|spd|1
|faint|p1a: Thundurus-Therian
|
|-weather|RainDance|[upkeep]
|callback|decision
|
|switch|p1a: Starmie|Starmie, shiny|12\/48
|turn|16
|callback|decision
|
|move|p2a: Terrakion|Close Combat|p1a: Starmie
|-resisted|p1a: Starmie
|-damage|p1a: Starmie|0 fnt
|-unboost|p2a: Terrakion|def|1
|-unboost|p2a: Terrakion|spd|1
|faint|p1a: Starmie
|
|-weather|RainDance|[upkeep]
|callback|decision
|
|switch|p1a: Terrakion|Terrakion, shiny|48\/48
|turn|17
|callback|decision
|
|move|p1a: Terrakion|Quick Attack|p2a: Terrakion
|-resisted|p2a: Terrakion
|-damage|p2a: Terrakion|38\/48
|-damage|p1a: Terrakion|43\/48|[from] item: Life Orb
|move|p2a: Terrakion|Close Combat|p1a: Terrakion
|-supereffective|p1a: Terrakion
|-damage|p1a: Terrakion|0 fnt
|-unboost|p2a: Terrakion|def|1
|-unboost|p2a: Terrakion|spd|1
|faint|p1a: Terrakion
|
|win|Coatay
|raw|Ladder updating...
|raw|King Rock's rating: 1655 &rarr; <strong>1650<\/strong><br \/>(-5 for losing)
|raw|Coatay's rating: 1723 &rarr; <strong>1726<\/strong><br \/>(+3 for winning)
|leave|King Rock
|player|p1