|join|Coatay
|join|lt7g rewer
|player|p1|Coatay|169
|player|p2|lt7g rewer|8
|gametype|singles
|gen|6
|tier|OU
|rated
|clearpoke
|poke|p1|Politoed, M
|poke|p1|Claydol
|poke|p1|Manaphy, shiny
|poke|p1|Amoonguss, F
|poke|p1|Kabutops, M
|poke|p1|Scizor, F
|poke|p2|Scizor, F
|poke|p2|Terrakion
|poke|p2|Greninja, F
|poke|p2|Latios, M
|poke|p2|Diggersby, M
|poke|p2|Dragonite, M
|rule|Swagger Clause: Swagger is banned
|rule|Baton Pass Clause: Limit one PokÃ©mon knowing Baton Pass
|rule|Sleep Clause Mod: Limit one foe put to sleep
|rule|Species Clause: Limit one of each PokÃ©mon
|rule|OHKO Clause: OHKO moves are banned
|rule|Moody Clause: Moody is banned
|rule|Evasion Moves Clause: Evasion moves are banned
|rule|Endless Battle Clause: Forcing endless battles is banned
|rule|HP Percentage Mod: HP is shown in percentages
|teampreview
|
|start
|switch|p1a: Politoed|Politoed, M|384\/384
|switch|p2a: Terrakion|Terrakion|323\/323
|-weather|RainDance
|turn|1
|
|move|p2a: Terrakion|Stealth Rock|p1a: Politoed
|-sidestart|p1: Coatay|move: Stealth Rock
|move|p1a: Politoed|Scald|p2a: Terrakion
|-supereffective|p2a: Terrakion
|-damage|p2a: Terrakion|29\/323
|-status|p2a: Terrakion|brn
|
|-weather|RainDance|[upkeep]
|-damage|p2a: Terrakion|0 fnt|[from] brn
|faint|p2a: Terrakion
|
|switch|p2a: Dragonite|Dragonite, M|329\/329
|turn|2
|
|move|p2a: Dragonite|Outrage|p1a: Politoed
|-damage|p1a: Politoed|123\/384
|move|p1a: Politoed|Ice Beam|p2a: Dragonite
|-supereffective|p2a: Dragonite
|-damage|p2a: Dragonite|197\/329
|
|-weather|RainDance|[upkeep]
|turn|3
|
|switch|p1a: Scizor|Scizor, F|344\/344
|-damage|p1a: Scizor|301\/344|[from] Stealth Rock
|move|p2a: Dragonite|Outrage|p1a: Scizor
|-resisted|p1a: Scizor
|-damage|p1a: Scizor|127\/344
|
|-weather|RainDance|[upkeep]
|turn|4
|
|detailschange|p1a: Scizor|Scizor-Mega, F
|message|Scizor has Mega Evolved into Mega Scizor!
|move|p1a: Scizor|Bullet Punch|p2a: Dragonite
|-damage|p2a: Dragonite|83\/329
|move|p2a: Dragonite|Outrage|p1a: Scizor
|-resisted|p1a: Scizor
|-damage|p1a: Scizor|6\/344
|
|-end|p2a: Dragonite|rampage
|-start|p2a: Dragonite|confusion
|-weather|RainDance|[upkeep]
|turn|5
|
|switch|p2a: Scizor|Scizor, F|299\/299
|move|p1a: Scizor|Roost|p1a: Scizor
|-heal|p1a: Scizor|178\/344
|
|-weather|RainDance|[upkeep]
|turn|6
|
|detailschange|p2a: Scizor|Scizor-Mega, F
|message|Scizor has Mega Evolved into Mega Scizor!
|move|p1a: Scizor|Superpower|p2a: Scizor
|-damage|p2a: Scizor|179\/299
|-unboost|p1a: Scizor|atk|1
|-unboost|p1a: Scizor|def|1
|move|p2a: Scizor|Swords Dance|p2a: Scizor
|-boost|p2a: Scizor|atk|2
|
|-weather|RainDance|[upkeep]
|turn|7
|
|switch|p1a: Claydol|Claydol|324\/324
|-damage|p1a: Claydol|304\/324|[from] Stealth Rock
|move|p2a: Scizor|Swords Dance|p2a: Scizor
|-boost|p2a: Scizor|atk|2
|
|-weather|RainDance|[upkeep]
|-heal|p1a: Claydol|324\/324|[from] item: Leftovers
|turn|8
|
|move|p2a: Scizor|Bug Bite|p1a: Claydol
|-supereffective|p1a: Claydol
|-damage|p1a: Claydol|0 fnt
|faint|p1a: Claydol
|
|-weather|none
|
|switch|p1a: Politoed|Politoed, M|123\/384
|-damage|p1a: Politoed|75\/384|[from] Stealth Rock
|-weather|RainDance
|turn|9
|
|switch|p1a: Scizor|Scizor-Mega, F|178\/344
|-damage|p1a: Scizor|135\/344|[from] Stealth Rock
|move|p2a: Scizor|Bug Bite|p1a: Scizor
|-resisted|p1a: Scizor
|-damage|p1a: Scizor|0 fnt
|faint|p1a: Scizor
|
|-weather|RainDance|[upkeep]
|
|switch|p1a: Manaphy|Manaphy, shiny|404\/404
|-damage|p1a: Manaphy|354\/404|[from] Stealth Rock
|turn|10
|
|switch|p2a: Latios|Latios, M|301\/301
|move|p1a: Manaphy|Surf|p2a: Latios
|-resisted|p2a: Latios
|-damage|p2a: Latios|220\/301
|
|-weather|RainDance|[upkeep]
|-heal|p1a: Manaphy|379\/404|[from] item: Leftovers
|turn|11
|
|move|p2a: Latios|Psyshock|p1a: Manaphy
|-damage|p1a: Manaphy|202\/404
|-damage|p2a: Latios|190\/301|[from] item: Life Orb
|move|p1a: Manaphy|Rest|p1a: Manaphy
|-status|p1a: Manaphy|slp
|-heal|p1a: Manaphy|404\/404 slp|[silent]
|-status|p1a: Manaphy|slp|[from] move: Rest
|
|-weather|RainDance|[upkeep]
|-curestatus|p1a: Manaphy|slp
|turn|12
|
|move|p2a: Latios|Roost|p2a: Latios
|-heal|p2a: Latios|301\/301
|move|p1a: Manaphy|Ice Beam|p2a: Latios
|-crit|p2a: Latios
|-supereffective|p2a: Latios
|-damage|p2a: Latios|61\/301
|
|-weather|RainDance|[upkeep]
|turn|13
|
|move|p2a: Latios|Roost|p2a: Latios
|-heal|p2a: Latios|212\/301
|move|p1a: Manaphy|Tail Glow|p1a: Manaphy
|-boost|p1a: Manaphy|spa|3
|
|-weather|RainDance|[upkeep]
|turn|14
|
|move|p2a: Latios|Draco Meteor|p1a: Manaphy
|-damage|p1a: Manaphy|92\/404
|-unboost|p2a: Latios|spa|2
|-damage|p2a: Latios|182\/301|[from] item: Life Orb
|move|p1a: Manaphy|Rest|p1a: Manaphy
|-status|p1a: Manaphy|slp
|-heal|p1a: Manaphy|404\/404 slp|[silent]
|-status|p1a: Manaphy|slp|[from] move: Rest
|
|-weather|RainDance|[upkeep]
|-curestatus|p1a: Manaphy|slp
|turn|15
|
|switch|p2a: Greninja|Greninja, F|286\/286
|move|p1a: Manaphy|Ice Beam|p2a: Greninja
|-resisted|p2a: Greninja
|-damage|p2a: Greninja|149\/286
|
|-weather|RainDance|[upkeep]
|turn|16
|
|move|p2a: Greninja|Dark Pulse|p1a: Manaphy
|-start|p2a: Greninja|typechange|Dark|[from] Protean
|-damage|p1a: Manaphy|243\/404
|-damage|p2a: Greninja|121\/286|[from] item: Life Orb
|move|p1a: Manaphy|Surf|p2a: Greninja
|-crit|p2a: Greninja
|-damage|p2a: Greninja|0 fnt
|faint|p2a: Greninja
|
|-weather|none
|-heal|p1a: Manaphy|268\/404|[from] item: Leftovers
|
|switch|p2a: Latios|Latios, M|182\/301
|turn|17
|
|switch|p1a: Politoed|Politoed, M|75\/384
|-damage|p1a: Politoed|27\/384|[from] Stealth Rock
|-weather|RainDance
|move|p2a: Latios|Roost|p2a: Latios
|-heal|p2a: Latios|301\/301
|
|-weather|RainDance|[upkeep]
|turn|18
|
|move|p2a: Latios|Psyshock|p1a: Politoed
|-damage|p1a: Politoed|0 fnt
|-damage|p2a: Latios|271\/301|[from] item: Life Orb
|faint|p1a: Politoed
|
|-weather|RainDance|[upkeep]
|
|switch|p1a: Kabutops|Kabutops, M|262\/262
|-damage|p1a: Kabutops|230\/262|[from] Stealth Rock
|turn|19
|
|move|p1a: Kabutops|Stone Edge|p2a: Latios
|-damage|p2a: Latios|1\/301
|-damage|p1a: Kabutops|204\/262|[from] item: Life Orb
|move|p2a: Latios|Draco Meteor|p1a: Kabutops
|-damage|p1a: Kabutops|0 fnt
|-unboost|p2a: Latios|spa|2
|-damage|p2a: Latios|0 fnt|[from] item: Life Orb
|faint|p1a: Kabutops
|faint|p2a: Latios
|
|-weather|RainDance|[upkeep]
|
|switch|p2a: Dragonite|Dragonite, M|83\/329
|switch|p1a: Amoonguss|Amoonguss, F|432\/432
|-damage|p1a: Amoonguss|378\/432|[from] Stealth Rock
|turn|20
|
|switch|p2a: Scizor|Scizor-Mega, F|179\/299
|move|p1a: Amoonguss|Spore|p2a: Scizor
|-status|p2a: Scizor|slp
|
|-weather|RainDance|[upkeep]
|-heal|p1a: Amoonguss|405\/432|[from] item: Black Sludge
|turn|21
|
|switch|p2a: Diggersby|Diggersby, M|311\/311
|switch|p1a: Manaphy|Manaphy, shiny|268\/404
|-damage|p1a: Manaphy|218\/404|[from] Stealth Rock
|
|-weather|RainDance|[upkeep]
|-heal|p1a: Manaphy|243\/404|[from] item: Leftovers
|turn|22
|
|move|p2a: Diggersby|Quick Attack|p1a: Manaphy
|-damage|p1a: Manaphy|136\/404
|-damage|p2a: Diggersby|280\/311|[from] item: Life Orb
|move|p1a: Manaphy|Surf|p2a: Diggersby
|-supereffective|p2a: Diggersby
|-damage|p2a: Diggersby|0 fnt
|faint|p2a: Diggersby
|
|-weather|RainDance|[upkeep]
|-heal|p1a: Manaphy|161\/404|[from] item: Leftovers
|
|switch|p2a: Dragonite|Dragonite, M|83\/329
|turn|23
|
|switch|p1a: Amoonguss|Amoonguss, F|432\/432
|-damage|p1a: Amoonguss|378\/432|[from] Stealth Rock
|move|p2a: Dragonite|Extreme Speed|p1a: Amoonguss
|-damage|p1a: Amoonguss|235\/432
|
|-weather|RainDance|[upkeep]
|-heal|p1a: Amoonguss|262\/432|[from] item: Black Sludge
|turn|24
|
|switch|p2a: Scizor|Scizor-Mega, F|179\/299 slp
|switch|p1a: Manaphy|Manaphy, shiny|161\/404
|-damage|p1a: Manaphy|111\/404|[from] Stealth Rock
|
|-weather|none
|-heal|p1a: Manaphy|136\/404|[from] item: Leftovers
|turn|25
|
|switch|p2a: Dragonite|Dragonite, M|83\/329
|move|p1a: Manaphy|Tail Glow|p1a: Manaphy
|-boost|p1a: Manaphy|spa|3
|
|-heal|p1a: Manaphy|161\/404|[from] item: Leftovers
|turn|26
|
|move|p2a: Dragonite|Extreme Speed|p1a: Manaphy
|-damage|p1a: Manaphy|22\/404
|move|p1a: Manaphy|Ice Beam|p2a: Dragonite
|-supereffective|p2a: Dragonite
|-damage|p2a: Dragonite|0 fnt
|faint|p2a: Dragonite
|
|-heal|p1a: Manaphy|47\/404|[from] item: Leftovers
|
|switch|p2a: Scizor|Scizor-Mega, F|179\/299 slp
|turn|27
|c|âlt7g rewer|gg
|join|lt7a cmag
|c|âCoatay|gg
|
|cant|p2a: Scizor|slp
|move|p1a: Manaphy|Surf|p2a: Scizor
|-crit|p2a: Scizor
|-damage|p2a: Scizor|0 fnt
|faint|p2a: Scizor
|
|win|Coatay
|raw|Ladder updating...
|raw|Coatay's rating: 1684 &rarr; <strong>1703<\/strong><br \/>(+19 for winning)
|raw|lt7g rewer's rating: 1660 &rarr; <strong>1642<\/strong><br \/>(-18 for losing)
|leave|lt7g rewer
|player|p2
|leave|lt7a cmag
|join|lt7g rewer