|join|haxizhax
|join|Coatay
|player|p1|haxizhax|170
|player|p2|Coatay|1
|gametype|singles
|gen|6
|tier|OU
|clearpoke
|poke|p1|Heatran, F
|poke|p1|Breloom, M
|poke|p1|Thundurus, M
|poke|p1|Scizor, M
|poke|p1|Azumarill, M
|poke|p1|Mew
|poke|p2|Politoed, M
|poke|p2|Amoonguss, F
|poke|p2|Quagsire, F
|poke|p2|Kabutops, F
|poke|p2|Reuniclus, M
|poke|p2|Tornadus, M
|rule|Swagger Clause: Swagger is banned
|rule|Baton Pass Clause: Limit one PokÃ©mon knowing Baton Pass
|rule|Sleep Clause Mod: Limit one foe put to sleep
|rule|Species Clause: Limit one of each PokÃ©mon
|rule|OHKO Clause: OHKO moves are banned
|rule|Moody Clause: Moody is banned
|rule|Evasion Moves Clause: Evasion moves are banned
|rule|Endless Battle Clause: Forcing endless battles is banned
|rule|HP Percentage Mod: HP is shown in percentages
|teampreview
|
|start
|switch|p1a: Breloom|Breloom, M|262\/262
|switch|p2a: Tornadus|Tornadus, M|299\/299
|turn|1
|
|move|p2a: Tornadus|Heat Wave|p1a: Breloom
|-miss|p2a: Tornadus|p1a: Breloom
|move|p1a: Breloom|Rock Tomb|p2a: Tornadus
|-supereffective|p2a: Tornadus
|-damage|p2a: Tornadus|0 fnt
|-damage|p1a: Breloom|236\/262|[from] item: Life Orb
|faint|p2a: Tornadus
|
|
|switch|p2a: Amoonguss|Amoonguss, F|432\/432
|turn|2
|
|switch|p1a: Scizor|Scizor, M|344\/344
|move|p2a: Amoonguss|Spore|p1a: Scizor
|-status|p1a: Scizor|slp
|
|turn|3
|chat|Coatay|Yes, that kills, in case you were wondering.
|
|switch|p1a: Thundurus|Thundurus, M|300\/300
|switch|p2a: Politoed|Politoed, M|384\/384
|-weather|RainDance
|
|-weather|RainDance|[upkeep]
|turn|4
|chat|haxizhax|thought i was still running sash
|chat|haxizhax|that's why is stayed in
|chat|haxizhax|haven't played on here in a while
|
|switch|p2a: Amoonguss|Amoonguss, F|432\/432
|move|p1a: Thundurus|Psychic|p2a: Amoonguss
|-supereffective|p2a: Amoonguss
|-damage|p2a: Amoonguss|115\/432
|-damage|p1a: Thundurus|270\/300|[from] item: Life Orb
|
|-weather|RainDance|[upkeep]
|-heal|p2a: Amoonguss|142\/432|[from] item: Black Sludge
|turn|5
|chat|haxizhax|predicted
|
|switch|p2a: Reuniclus|Reuniclus, M|424\/424
|move|p1a: Thundurus|Hidden Power|p2a: Reuniclus
|-damage|p2a: Reuniclus|315\/424
|-damage|p1a: Thundurus|240\/300|[from] item: Life Orb
|
|-weather|RainDance|[upkeep]
|-heal|p2a: Reuniclus|341\/424|[from] item: Leftovers
|turn|6
|
|switch|p1a: Scizor|Scizor, M|344\/344 slp
|move|p2a: Reuniclus|Psyshock|p1a: Scizor
|-resisted|p1a: Scizor
|-damage|p1a: Scizor|294\/344 slp
|
|-weather|RainDance|[upkeep]
|-heal|p2a: Reuniclus|367\/424|[from] item: Leftovers
|turn|7
|
|switch|p2a: Politoed|Politoed, M|384\/384
|detailschange|p1a: Scizor|Scizor-Mega, M
|message|Scizor has Mega Evolved into Mega Scizor!
|cant|p1a: Scizor|slp
|
|-weather|RainDance|[upkeep]
|turn|8
|
|switch|p1a: Mew|Mew|404\/404
|move|p2a: Politoed|Scald|p1a: Mew
|-crit|p1a: Mew
|-damage|p1a: Mew|197\/404
|
|-weather|RainDance|[upkeep]
|-heal|p1a: Mew|222\/404|[from] item: Leftovers
|turn|9
|
|move|p1a: Mew|Knock Off|p2a: Politoed
|-damage|p2a: Politoed|312\/384
|-enditem|p2a: Politoed|Damp Rock|[from] move: Knock Off|[of] p1a: Mew
|move|p2a: Politoed|Scald|p1a: Mew
|-damage|p1a: Mew|92\/404
|
|-weather|RainDance|[upkeep]
|-heal|p1a: Mew|117\/404|[from] item: Leftovers
|turn|10
|
|move|p1a: Mew|Roost|p1a: Mew
|-heal|p1a: Mew|319\/404
|move|p2a: Politoed|Scald|p1a: Mew
|-damage|p1a: Mew|181\/404
|
|-weather|none
|-heal|p1a: Mew|206\/404|[from] item: Leftovers
|turn|11
|
|move|p1a: Mew|Roost|p1a: Mew
|-heal|p1a: Mew|404\/404
|move|p2a: Politoed|Scald|p1a: Mew
|-damage|p1a: Mew|308\/404
|-status|p1a: Mew|brn
|-status|p2a: Politoed|brn
|
|-heal|p1a: Mew|333\/404 brn|[from] item: Leftovers
|-damage|p1a: Mew|283\/404 brn|[from] brn
|-damage|p2a: Politoed|264\/384 brn|[from] brn
|turn|12
|
|switch|p1a: Breloom|Breloom, M|236\/262
|move|p2a: Politoed|Rest|p2a: Politoed
|-status|p2a: Politoed|slp
|-heal|p2a: Politoed|384\/384 slp|[silent]
|-status|p2a: Politoed|slp|[from] move: Rest
|
|turn|13
|
|switch|p2a: Amoonguss|Amoonguss, F|286\/432
|move|p1a: Breloom|Bullet Seed|p2a: Amoonguss
|-resisted|p2a: Amoonguss
|-damage|p2a: Amoonguss|265\/432
|-resisted|p2a: Amoonguss
|-damage|p2a: Amoonguss|243\/432
|-hitcount|p2a: Amoonguss|2
|-damage|p1a: Breloom|210\/262|[from] item: Life Orb
|
|-heal|p2a: Amoonguss|270\/432|[from] item: Black Sludge
|turn|14
|
|switch|p1a: Scizor|Scizor-Mega, M|294\/344 slp
|move|p2a: Amoonguss|Sludge Bomb|p1a: Scizor
|-immune|p1a: Scizor|[msg]
|
|-heal|p2a: Amoonguss|297\/432|[from] item: Black Sludge
|turn|15
|
|switch|p2a: Politoed|Politoed, M|384\/384 slp
|-weather|RainDance
|cant|p1a: Scizor|slp
|
|-weather|RainDance|[upkeep]
|turn|16
|
|cant|p1a: Scizor|slp
|cant|p2a: Politoed|slp
|move|p2a: Politoed|Sleep Talk|p2a: Politoed
|move|p2a: Politoed|Ice Beam|p1a: Scizor|[from]Sleep Talk
|-resisted|p1a: Scizor
|-damage|p1a: Scizor|255\/344 slp
|
|-weather|RainDance|[upkeep]
|turn|17
|
|-curestatus|p1a: Scizor|slp
|move|p1a: Scizor|U-turn|p2a: Politoed
|-damage|p2a: Politoed|222\/384 slp
|
|switch|p1a: Thundurus|Thundurus, M|240\/300
|cant|p2a: Politoed|slp
|move|p2a: Politoed|Sleep Talk|p2a: Politoed
|move|p2a: Politoed|Rest|p2a: Politoed|[from]Sleep Talk
|-fail|p2a: Politoed
|
|-weather|RainDance|[upkeep]
|turn|18
|
|switch|p2a: Amoonguss|Amoonguss, F|432\/432
|move|p1a: Thundurus|Thunderbolt|p2a: Amoonguss
|-resisted|p2a: Amoonguss
|-damage|p2a: Amoonguss|307\/432
|-damage|p1a: Thundurus|210\/300|[from] item: Life Orb
|
|-weather|RainDance|[upkeep]
|-heal|p2a: Amoonguss|334\/432|[from] item: Black Sludge
|turn|19
|
|move|p1a: Thundurus|Psychic|p2a: Amoonguss
|-supereffective|p2a: Amoonguss
|-damage|p2a: Amoonguss|14\/432
|-damage|p1a: Thundurus|180\/300|[from] item: Life Orb
|move|p2a: Amoonguss|Spore|p1a: Thundurus
|-status|p1a: Thundurus|slp
|
|-weather|none
|-heal|p2a: Amoonguss|41\/432|[from] item: Black Sludge
|turn|20
|
|switch|p1a: Breloom|Breloom, M|210\/262
|switch|p2a: Politoed|Politoed, M|222\/384 slp
|-weather|RainDance
|
|-weather|RainDance|[upkeep]
|turn|21
|
|switch|p2a: Amoonguss|Amoonguss, F|185\/432
|move|p1a: Breloom|Bullet Seed|p2a: Amoonguss
|-resisted|p2a: Amoonguss
|-damage|p2a: Amoonguss|164\/432
|-resisted|p2a: Amoonguss
|-damage|p2a: Amoonguss|145\/432
|-hitcount|p2a: Amoonguss|2
|-damage|p1a: Breloom|184\/262|[from] item: Life Orb
|
|-weather|RainDance|[upkeep]
|-heal|p2a: Amoonguss|172\/432|[from] item: Black Sludge
|turn|22
|
|move|p1a: Breloom|Rock Tomb|p2a: Amoonguss
|-damage|p2a: Amoonguss|42\/432
|-unboost|p2a: Amoonguss|spe|1
|-damage|p1a: Breloom|158\/262|[from] item: Life Orb
|move|p2a: Amoonguss|Stun Spore|p1a: Breloom|[miss]
|-miss|p2a: Amoonguss|p1a: Breloom
|
|-weather|RainDance|[upkeep]
|-heal|p2a: Amoonguss|69\/432|[from] item: Black Sludge
|turn|23
|
|switch|p2a: Quagsire|Quagsire, F|394\/394
|move|p1a: Breloom|Rock Tomb|p2a: Quagsire
|-resisted|p2a: Quagsire
|-damage|p2a: Quagsire|332\/394
|-unboost|p2a: Quagsire|spe|1
|-damage|p1a: Breloom|132\/262|[from] item: Life Orb
|
|-weather|RainDance|[upkeep]
|-heal|p2a: Quagsire|356\/394|[from] item: Leftovers
|turn|24
|
|switch|p2a: Amoonguss|Amoonguss, F|213\/432
|move|p1a: Breloom|Bullet Seed|p2a: Amoonguss
|-resisted|p2a: Amoonguss
|-damage|p2a: Amoonguss|191\/432
|-resisted|p2a: Amoonguss
|-damage|p2a: Amoonguss|172\/432
|-hitcount|p2a: Amoonguss|2
|-damage|p1a: Breloom|106\/262|[from] item: Life Orb
|
|-weather|none
|-heal|p2a: Amoonguss|199\/432|[from] item: Black Sludge
|turn|25
|
|move|p1a: Breloom|Rock Tomb|p2a: Amoonguss
|-damage|p2a: Amoonguss|57\/432
|-unboost|p2a: Amoonguss|spe|1
|-damage|p1a: Breloom|80\/262|[from] item: Life Orb
|move|p2a: Amoonguss|Sludge Bomb|p1a: Breloom
|-supereffective|p1a: Breloom
|-damage|p1a: Breloom|0 fnt
|faint|p1a: Breloom
|
|-heal|p2a: Amoonguss|84\/432|[from] item: Black Sludge
|
|switch|p1a: Scizor|Scizor-Mega, M|255\/344
|turn|26
|
|switch|p2a: Quagsire|Quagsire, F|356\/394
|move|p1a: Scizor|U-turn|p2a: Quagsire
|-damage|p2a: Quagsire|233\/394
|
|switch|p1a: Azumarill|Azumarill, M|402\/402
|
|-heal|p2a: Quagsire|257\/394|[from] item: Leftovers
|turn|27
|
|move|p1a: Azumarill|Belly Drum|p1a: Azumarill
|-damage|p1a: Azumarill|201\/402
|-setboost|p1a: Azumarill|atk|6|[from] move: Belly Drum
|-enditem|p1a: Azumarill|Sitrus Berry|[eat]
|-heal|p1a: Azumarill|301\/402|[from] item: Sitrus Berry
|move|p2a: Quagsire|Recover|p2a: Quagsire
|-heal|p2a: Quagsire|394\/394
|
|turn|28
|
|move|p1a: Azumarill|Play Rough|p2a: Quagsire
|-damage|p2a: Quagsire|291\/394
|move|p2a: Quagsire|Earthquake|p1a: Azumarill
|-damage|p1a: Azumarill|186\/402
|
|-heal|p2a: Quagsire|315\/394|[from] item: Leftovers
|turn|29
|chat|Coatay|what is unaware
|
|move|p1a: Azumarill|Waterfall|p2a: Quagsire
|-damage|p2a: Quagsire|222\/394
|cant|p2a: Quagsire|flinch
|
|-heal|p2a: Quagsire|246\/394|[from] item: Leftovers
|turn|30
|
|move|p1a: Azumarill|Waterfall|p2a: Quagsire
|-damage|p2a: Quagsire|156\/394
|move|p2a: Quagsire|Recover|p2a: Quagsire
|-heal|p2a: Quagsire|353\/394
|
|-heal|p2a: Quagsire|377\/394|[from] item: Leftovers
|turn|31
|
|move|p1a: Azumarill|Waterfall|p2a: Quagsire
|-damage|p2a: Quagsire|281\/394
|cant|p2a: Quagsire|flinch
|
|-heal|p2a: Quagsire|305\/394|[from] item: Leftovers
|turn|32
|
|switch|p1a: Mew|Mew|283\/404 brn
|move|p2a: Quagsire|Recover|p2a: Quagsire
|-heal|p2a: Quagsire|394\/394
|
|-heal|p1a: Mew|308\/404 brn|[from] item: Leftovers
|-damage|p1a: Mew|258\/404 brn|[from] brn
|turn|33
|
|switch|p2a: Politoed|Politoed, M|222\/384 slp
|-weather|RainDance
|move|p1a: Mew|Knock Off|p2a: Politoed
|-damage|p2a: Politoed|197\/384 slp
|
|-weather|RainDance|[upkeep]
|-heal|p1a: Mew|283\/404 brn|[from] item: Leftovers
|-damage|p1a: Mew|233\/404 brn|[from] brn
|turn|34
|
|move|p1a: Mew|Taunt|p2a: Politoed
|-start|p2a: Politoed|move: Taunt
|-curestatus|p2a: Politoed|slp
|move|p2a: Politoed|Scald|p1a: Mew
|-damage|p1a: Mew|89\/404 brn
|
|-weather|RainDance|[upkeep]
|-heal|p1a: Mew|114\/404 brn|[from] item: Leftovers
|-damage|p1a: Mew|64\/404 brn|[from] brn
|turn|35
|
|switch|p2a: Kabutops|Kabutops, F|261\/261
|move|p1a: Mew|Roost|p1a: Mew
|-heal|p1a: Mew|266\/404 brn
|
|-weather|RainDance|[upkeep]
|-heal|p1a: Mew|291\/404 brn|[from] item: Leftovers
|-damage|p1a: Mew|241\/404 brn|[from] brn
|turn|36
|
|move|p2a: Kabutops|Waterfall|p1a: Mew
|-damage|p1a: Mew|0 fnt
|-damage|p2a: Kabutops|235\/261|[from] item: Life Orb
|faint|p1a: Mew
|
|-weather|RainDance|[upkeep]
|
|switch|p1a: Scizor|Scizor-Mega, M|255\/344
|turn|37
|
|switch|p2a: Quagsire|Quagsire, F|394\/394
|move|p1a: Scizor|U-turn|p2a: Quagsire
|-damage|p2a: Quagsire|283\/394
|chat|haxizhax|i forg it had unaware because i haven't played in so long
|chat|haxizhax|same with regenerator on amoonguss
|
|switch|p1a: Heatran|Heatran, F|343\/343
|
|-weather|none
|-heal|p2a: Quagsire|307\/394|[from] item: Leftovers
|turn|38
|chat|Coatay|Maaaaaaaaybe next time you should offer players a bit more respect instead of calling my tactics cheap
|chat|haxizhax|they are cheap lol
|chat|Coatay|Well
|chat|Coatay|Figure out how to beat it then
|chat|haxizhax|and i said i could beat it because i beat so many others when i actually played
|chat|haxizhax|i forgot something lol
|chat|haxizhax|i could beat it easy now
|chat|Coatay|RIIIIIIIGHT
|chat|haxizhax|play again then lol
|chat|Coatay|Listen, buddy.
|
|move|p1a: Heatran|Toxic|p2a: Quagsire
|-status|p2a: Quagsire|tox
|move|p2a: Quagsire|Earthquake|p1a: Heatran
|-supereffective|p1a: Heatran
|-damage|p1a: Heatran|0 fnt
|faint|p1a: Heatran
|
|-heal|p2a: Quagsire|331\/394 tox|[from] item: Leftovers
|-damage|p2a: Quagsire|307\/394 tox|[from] psn
|chat|Coatay|You got caught with your pants down
|chat|haxizhax|haha
|chat|haxizhax|here it comes
|chat|haxizhax|you know youll lose the second time
|chat|haxizhax|cuz i don't forget stupid shit
|
|switch|p1a: Scizor|Scizor-Mega, M|255\/344
|turn|39
|chat|Coatay|I dont have to justify myself here
|chat|haxizhax|won't
|chat|Coatay|Good players dont forget that stuff
|chat|haxizhax|i haven't played in a month
|chat|Coatay|Good for you
|chat|Coatay|I dont want to hear your excuses, just like you didnt want to hear mine when I lost.
|chat|haxizhax|slash rank me
|chat|Coatay|Rank on showdown means nothing
|chat|haxizhax|ok
|
|move|p1a: Scizor|U-turn|p2a: Quagsire
|-damage|p2a: Quagsire|184\/394 tox
|chat|Coatay|Literally 0 things mean less than showdown rank
|chat|haxizhax|it's proof im good but haven't played
|
|switch|p1a: Azumarill|Azumarill, M|186\/402
|move|p2a: Quagsire|Scald|p1a: Azumarill
|-resisted|p1a: Azumarill
|-damage|p1a: Azumarill|144\/402
|-status|p1a: Azumarill|brn
|
|-heal|p2a: Quagsire|208\/394 tox|[from] item: Leftovers
|-damage|p1a: Azumarill|94\/402 brn|[from] brn
|-damage|p2a: Quagsire|160\/394 tox|[from] psn
|turn|40
|chat|Coatay|"This user has not played any ladder games yet"
|chat|Coatay|Sure, you're brilliant.
|
|move|p1a: Azumarill|Waterfall|p2a: Quagsire
|-damage|p2a: Quagsire|114\/394 tox
|move|p2a: Quagsire|Earthquake|p1a: Azumarill
|-damage|p1a: Azumarill|0 fnt
|faint|p1a: Azumarill
|
|-heal|p2a: Quagsire|138\/394 tox|[from] item: Leftovers
|-damage|p2a: Quagsire|66\/394 tox|[from] psn
|chat|haxizhax|uh no
|chat|haxizhax|i have definitely played games
|chat|Coatay|You know what'll happen if we rematch?
|chat|Coatay|I wont miss turn one
|chat|haxizhax|youll lose
|chat|haxizhax|and you know it
|chat|haxizhax|so you wont
|chat|haxizhax|so it doesn't matter
|chat|Coatay|You asked for a game, you got some nice hax, you still fell short.
|chat|haxizhax|i forgot the item my mon had
|chat|haxizhax|lol
|chat|Coatay|No more excuses.
|chat|haxizhax|thought it was sash
|chat|Coatay|I'm done.
|chat|haxizhax|that's how long it has been
|chat|Coatay|I dont care, it still dies and you got a free kill for it
|
|switch|p1a: Scizor|Scizor-Mega, M|255\/344
|turn|41
|leave|haxizhax
|player|p1
|-message|Player 1 lost due to inactivity.
|
|win|Coatay