|join|Coatay
|join|MikeDecIsHere
|player|p1|Coatay|169
|player|p2|MikeDecIsHere|1014.png
|gametype|singles
|tier|OU
|rated
|rule|Evasion Abilities Clause: Evasion abilities are banned
|clearpoke
|poke|p1|Dragonite, M, shiny
|poke|p1|Landorus, M
|poke|p1|Heatran, M
|poke|p1|Rotom-Wash
|poke|p1|Scizor, M
|poke|p1|Ferrothorn, F
|poke|p2|Politoed, F
|poke|p2|Keldeo
|poke|p2|Thundurus-Therian, M
|poke|p2|Jirachi
|poke|p2|Terrakion
|poke|p2|Celebi
|rule|Sleep Clause: Limit one foe put to sleep
|rule|Species Clause: Limit one of each Pokemon
|rule|OHKO Clause: OHKO moves are banned
|rule|Moody Clause: Moody is banned
|rule|Evasion Moves Clause: Evasion moves are banned
|teampreview
|callback|decision
|join|Xerxes
|join|Welker
|chat|Xerxes|Hey Mike!
|chat|MikeDecIsHere|oh hello
|chat|Welker|oh wow
|chat|Coatay|This is awkward
|chat|Xerxes|Rofl
|join|Ana Ivanovic
|
|start
|switch|p1a: OneSock|Rotom-Wash|304\/304
|switch|p2a: Politoed|Politoed, F|331\/331
|-weather|RainDance|[from] ability: Drizzle|[of] p2a: Politoed
|turn|1
|callback|decision
|
|switch|p2a: Celebi|Celebi|400\/400
|move|p1a: OneSock|Volt Switch|p2a: Celebi
|-resisted|p2a: Celebi
|-damage|p2a: Celebi|358\/400
|callback|decision
|
|switch|p1a: Redrum|Scizor, M|333\/333
|
|-weather|RainDance|[upkeep]
|-heal|p2a: Celebi|383\/400|[from] item: Leftovers
|turn|2
|callback|decision
|
|move|p2a: Celebi|Baton Pass|p2a: Celebi
|callback|decision
|
|switch|p2a: Terrakion|Terrakion|324\/324
|move|p1a: Redrum|U-turn|p2a: Terrakion
|-resisted|p2a: Terrakion
|-damage|p2a: Terrakion|216\/324
|callback|decision
|
|switch|p1a: Mahamoti|Landorus, M|321\/321
|
|-weather|RainDance|[upkeep]
|turn|3
|callback|decision
|
|move|p2a: Terrakion|Stone Edge|p1a: Mahamoti
|-damage|p1a: Mahamoti|134\/321
|move|p1a: Mahamoti|Psychic|p2a: Terrakion
|-crit|p2a: Terrakion
|-supereffective|p2a: Terrakion
|-damage|p2a: Terrakion|0 fnt
|faint|p2a: Terrakion
|
|-weather|RainDance|[upkeep]
|callback|decision
|
|switch|p2a: Celebi|Celebi|383\/400
|turn|4
|callback|decision
|
|switch|p1a: Redrum|Scizor, M|333\/333
|switch|p2a: Thundurus-Therian|Thundurus-Therian, M|299\/299
|
|-weather|RainDance|[upkeep]
|turn|5
|callback|decision
|
|move|p2a: Thundurus-Therian|Thunder|p1a: Redrum
|-crit|p1a: Redrum
|-damage|p1a: Redrum|0 fnt
|-damage|p2a: Thundurus-Therian|270\/299|[from] item: Life Orb
|faint|p1a: Redrum
|
|-weather|RainDance|[upkeep]
|callback|decision
|
|switch|p1a: Lancelot|Dragonite, M, shiny|385\/385
|turn|6
|callback|decision
|
|switch|p2a: Jirachi|Jirachi|400\/400
|move|p1a: Lancelot|Dragon Dance|p1a: Lancelot
|-boost|p1a: Lancelot|atk|1
|-boost|p1a: Lancelot|spe|1
|
|-weather|RainDance|[upkeep]
|turn|7
|callback|decision
|
|move|p1a: Lancelot|Earthquake|p2a: Jirachi
|-crit|p2a: Jirachi
|-supereffective|p2a: Jirachi
|-damage|p2a: Jirachi|0 fnt
|faint|p2a: Jirachi
|
|-weather|RainDance|[upkeep]
|callback|decision
|
|switch|p2a: Celebi|Celebi|383\/400
|turn|8
|callback|decision
|
|move|p1a: Lancelot|Dragon Claw|p2a: Celebi
|-damage|p2a: Celebi|247\/400
|move|p2a: Celebi|Psychic|p1a: Lancelot
|-damage|p1a: Lancelot|334\/385
|
|-weather|RainDance|[upkeep]
|-heal|p1a: Lancelot|358\/385|[from] item: Leftovers
|-heal|p2a: Celebi|272\/400|[from] item: Leftovers
|turn|9
|callback|decision
|
|move|p1a: Lancelot|Dragon Dance|p1a: Lancelot
|-boost|p1a: Lancelot|atk|1
|-boost|p1a: Lancelot|spe|1
|move|p2a: Celebi|Baton Pass|p2a: Celebi
|callback|decision
|
|switch|p2a: Keldeo|Keldeo|324\/324
|
|-weather|RainDance|[upkeep]
|-heal|p1a: Lancelot|382\/385|[from] item: Leftovers
|turn|10
|callback|decision
|
|move|p2a: Keldeo|Hidden Power|p1a: Lancelot
|-supereffective|p1a: Lancelot
|-damage|p1a: Lancelot|38\/385
|move|p1a: Lancelot|Dragon Claw|p2a: Keldeo
|-damage|p2a: Keldeo|9\/324
|
|-weather|RainDance|[upkeep]
|-heal|p1a: Lancelot|62\/385|[from] item: Leftovers
|turn|11
|callback|decision
|c|+Xerxes|!data keldeo
|c|~|\/data-pokemon Keldeo
|c|+Xerxes|!data dragonite
|c|~|\/data-pokemon Dragonite
|
|switch|p1a: Spectacle|Heatran, M|385\/385
|move|p2a: Keldeo|Hidden Power|p1a: Spectacle
|-resisted|p1a: Spectacle
|-damage|p1a: Spectacle|372\/385
|
|-weather|RainDance|[upkeep]
|-heal|p1a: Spectacle|385\/385|[from] item: Leftovers
|turn|12
|callback|decision
|
|switch|p2a: Politoed|Politoed, F|331\/331
|move|p1a: Spectacle|Toxic|p2a: Politoed
|-status|p2a: Politoed|tox
|
|-weather|RainDance|[upkeep]
|-damage|p2a: Politoed|311\/331 tox|[from] psn
|turn|13
|callback|decision
|
|move|p1a: Spectacle|Protect|p1a: Spectacle
|-singleturn|p1a: Spectacle|Protect
|move|p2a: Politoed|Hydro Pump|p1a: Spectacle
|-activate|p1a: Spectacle|Protect
|
|-weather|RainDance|[upkeep]
|-damage|p2a: Politoed|271\/331 tox|[from] psn
|turn|14
|callback|decision
|
|switch|p1a: Houdini|Ferrothorn, F|352\/352
|move|p2a: Politoed|Hydro Pump|p1a: Houdini
|-resisted|p1a: Houdini
|-damage|p1a: Houdini|221\/352
|
|-weather|RainDance|[upkeep]
|-heal|p1a: Houdini|243\/352|[from] item: Leftovers
|-damage|p2a: Politoed|211\/331 tox|[from] psn
|turn|15
|callback|decision
|
|switch|p2a: Keldeo|Keldeo|9\/324
|move|p1a: Houdini|Leech Seed|p2a: Keldeo
|-start|p2a: Keldeo|move: Leech Seed
|
|-weather|RainDance|[upkeep]
|-heal|p1a: Houdini|265\/352|[from] item: Leftovers
|-damage|p2a: Keldeo|0 fnt|[from] Leech Seed|[of] p1a: Houdini
|-heal|p1a: Houdini|274\/352|[silent]
|faint|p2a: Keldeo
|callback|decision
|
|switch|p2a: Celebi|Celebi|272\/400
|turn|16
|callback|decision
|
|switch|p1a: Spectacle|Heatran, M|385\/385
|move|p2a: Celebi|Nasty Plot|p2a: Celebi
|-boost|p2a: Celebi|spa|2
|
|-weather|RainDance|[upkeep]
|-heal|p2a: Celebi|297\/400|[from] item: Leftovers
|turn|17
|callback|decision
|
|move|p2a: Celebi|Baton Pass|p2a: Celebi
|callback|decision
|
|switch|p2a: Thundurus-Therian|Thundurus-Therian, M|270\/299
|move|p1a: Spectacle|Toxic|p2a: Thundurus-Therian
|-status|p2a: Thundurus-Therian|tox
|
|-weather|RainDance|[upkeep]
|-damage|p2a: Thundurus-Therian|252\/299 tox|[from] psn
|turn|18
|callback|decision
|
|move|p1a: Spectacle|Protect|p1a: Spectacle
|-singleturn|p1a: Spectacle|Protect
|move|p2a: Thundurus-Therian|Agility|p2a: Thundurus-Therian
|-boost|p2a: Thundurus-Therian|spe|2
|
|-weather|RainDance|[upkeep]
|-damage|p2a: Thundurus-Therian|216\/299 tox|[from] psn
|turn|19
|callback|decision
|
|switch|p1a: Mahamoti|Landorus, M|134\/321
|move|p2a: Thundurus-Therian|Focus Blast|p1a: Mahamoti
|-resisted|p1a: Mahamoti
|-damage|p1a: Mahamoti|0 fnt
|-damage|p2a: Thundurus-Therian|187\/299 tox|[from] item: Life Orb
|faint|p1a: Mahamoti
|
|-weather|RainDance|[upkeep]
|-damage|p2a: Thundurus-Therian|133\/299 tox|[from] psn
|callback|decision
|
|switch|p1a: Spectacle|Heatran, M|385\/385
|turn|20
|callback|decision
|
|switch|p2a: Politoed|Politoed, F|211\/331 tox
|move|p1a: Spectacle|Protect|p1a: Spectacle
|-fail|p1a: Spectacle
|
|-weather|RainDance|[upkeep]
|-damage|p2a: Politoed|191\/331 tox|[from] psn
|turn|21
|callback|decision
|
|move|p1a: Spectacle|Protect|p1a: Spectacle
|-singleturn|p1a: Spectacle|Protect
|move|p2a: Politoed|Focus Blast|p1a: Spectacle
|-activate|p1a: Spectacle|Protect
|
|-weather|RainDance|[upkeep]
|-damage|p2a: Politoed|151\/331 tox|[from] psn
|turn|22
|callback|decision
|
|switch|p1a: OneSock|Rotom-Wash|304\/304
|move|p2a: Politoed|Focus Blast|p1a: OneSock|[miss]
|-miss|p2a: Politoed|p1a: OneSock
|
|-weather|RainDance|[upkeep]
|-damage|p2a: Politoed|91\/331 tox|[from] psn
|turn|23
|callback|decision
|
|move|p1a: OneSock|Hydro Pump|p2a: Politoed
|-crit|p2a: Politoed
|-resisted|p2a: Politoed
|-damage|p2a: Politoed|0 fnt
|faint|p2a: Politoed
|
|-weather|RainDance|[upkeep]
|callback|decision
|
|switch|p2a: Celebi|Celebi|297\/400
|turn|24
|callback|decision
|
|switch|p2a: Thundurus-Therian|Thundurus-Therian, M|133\/299 tox
|move|p1a: OneSock|Volt Switch|p2a: Thundurus-Therian
|-heal|p2a: Thundurus-Therian|207\/299 tox|[from] ability: Volt Absorb|[of] p1a: OneSock
|
|-weather|RainDance|[upkeep]
|-damage|p2a: Thundurus-Therian|189\/299 tox|[from] psn
|turn|25
|callback|decision
|
|move|p2a: Thundurus-Therian|Thunder|p1a: OneSock
|-damage|p1a: OneSock|0 fnt
|-damage|p2a: Thundurus-Therian|160\/299 tox|[from] item: Life Orb
|faint|p1a: OneSock
|
|-weather|RainDance|[upkeep]
|-damage|p2a: Thundurus-Therian|124\/299 tox|[from] psn
|callback|decision
|
|switch|p1a: Spectacle|Heatran, M|385\/385
|turn|26
|callback|decision
|
|switch|p2a: Celebi|Celebi|297\/400
|move|p1a: Spectacle|Protect|p1a: Spectacle
|-fail|p1a: Spectacle
|
|-weather|RainDance|[upkeep]
|-heal|p2a: Celebi|322\/400|[from] item: Leftovers
|turn|27
|callback|decision
|
|move|p2a: Celebi|Psychic|p1a: Spectacle
|-resisted|p1a: Spectacle
|-damage|p1a: Spectacle|349\/385
|move|p1a: Spectacle|Stealth Rock|p2a: Celebi
|-sidestart|p2: MikeDecIsHere|move: Stealth Rock
|
|-weather|RainDance|[upkeep]
|-heal|p2a: Celebi|347\/400|[from] item: Leftovers
|-heal|p1a: Spectacle|373\/385|[from] item: Leftovers
|turn|28
|callback|decision
|
|move|p2a: Celebi|Psychic|p1a: Spectacle
|-resisted|p1a: Spectacle
|-damage|p1a: Spectacle|333\/385
|move|p1a: Spectacle|Toxic|p2a: Celebi
|-status|p2a: Celebi|tox
|
|-weather|RainDance|[upkeep]
|-heal|p2a: Celebi|372\/400 tox|[from] item: Leftovers
|-heal|p1a: Spectacle|357\/385|[from] item: Leftovers
|-damage|p2a: Celebi|347\/400 tox|[from] psn
|turn|29
|callback|decision
|
|move|p2a: Celebi|Baton Pass|p2a: Celebi
|callback|decision
|
|switch|p2a: Thundurus-Therian|Thundurus-Therian, M|124\/299 tox
|-damage|p2a: Thundurus-Therian|50\/299 tox|[from] Stealth Rock
|move|p1a: Spectacle|Lava Plume|p2a: Thundurus-Therian
|-damage|p2a: Thundurus-Therian|0 fnt
|faint|p2a: Thundurus-Therian
|
|-weather|RainDance|[upkeep]
|-heal|p1a: Spectacle|381\/385|[from] item: Leftovers
|callback|decision
|chat|MikeDecIsHere|gg
|chat|Coatay|gg
|-message|MikeDecIsHere forfeited.
|
|win|Coatay
|raw|Ladder updating...
|leave|MikeDecIsHere
|player|p2
|raw|Coatay's rating: 1762 &rarr; <strong>1765<\/strong><br \/>(+3 for winning)
|raw|MikeDecIsHere's rating: 1819 &rarr; <strong>1814<\/strong><br \/>(-5 for losing)