|join|Aka DH
|join|Coatay
|player|p1|Aka DH|68
|player|p2|Coatay|2
|gametype|singles
|gen|6
|tier|OU
|rated
|clearpoke
|poke|p1|Bisharp, M
|poke|p1|Venusaur, F
|poke|p1|Heatran, M
|poke|p1|Keldeo
|poke|p1|Chansey, F
|poke|p1|Skarmory, M
|poke|p2|Pinsir, M, shiny
|poke|p2|Latios, M
|poke|p2|Clefable, M
|poke|p2|Keldeo-Resolute, shiny
|poke|p2|Magnezone, shiny
|poke|p2|Landorus-Therian, M
|rule|Swagger Clause: Swagger is banned
|rule|Baton Pass Clause: Limit one PokÃ©mon knowing Baton Pass
|rule|Sleep Clause Mod: Limit one foe put to sleep
|rule|Species Clause: Limit one of each PokÃ©mon
|rule|OHKO Clause: OHKO moves are banned
|rule|Moody Clause: Moody is banned
|rule|Evasion Moves Clause: Evasion moves are banned
|rule|Endless Battle Clause: Forcing endless battles is banned
|rule|HP Percentage Mod: HP is shown in percentages
|teampreview
|join|CleanerThanRotom-W
|
|start
|switch|p1a: MoB Harley|Heatran, M|340\/340
|switch|p2a: Cat|Landorus-Therian, M|319\/319
|-ability|p2a: Cat|Intimidate|[of] p1a: MoB Harley
|-unboost|p1a: MoB Harley|atk|1
|-item|p1a: MoB Harley|Air Balloon
|turn|1
|join|i came from leddit
|
|move|p2a: Cat|Superpower|p1a: MoB Harley
|-supereffective|p1a: MoB Harley
|-damage|p1a: MoB Harley|96\/340
|-enditem|p1a: MoB Harley|Air Balloon
|-unboost|p2a: Cat|atk|1
|-unboost|p2a: Cat|def|1
|move|p1a: MoB Harley|Stealth Rock|p2a: Cat
|-sidestart|p2: Coatay|move: Stealth Rock
|
|turn|2
|c| CleanerThanRotom-W|rocks clef
|c| CleanerThanRotom-W|hmm
|
|switch|p2a: G6|Latios, M|309\/309
|-damage|p2a: G6|271\/309|[from] Stealth Rock
|move|p1a: MoB Harley|Fire Blast|p2a: G6
|-resisted|p2a: G6
|-damage|p2a: G6|195\/309
|
|turn|3
|
|move|p2a: G6|Recover|p2a: G6
|-heal|p2a: G6|309\/309
|move|p1a: MoB Harley|Toxic|p2a: G6
|-status|p2a: G6|tox
|
|-damage|p2a: G6|290\/309 tox|[from] psn
|turn|4
|
|move|p2a: G6|Defog|p1a: MoB Harley
|-unboost|p1a: MoB Harley|evasion|1
|-sideend|p2: Coatay|Stealth Rock|[from] move: Defog|[of] p2a: G6
|move|p1a: MoB Harley|Fire Blast|p2a: G6
|-resisted|p2a: G6
|-damage|p2a: G6|220\/309 tox
|
|-damage|p2a: G6|182\/309 tox|[from] psn
|turn|5
|
|move|p2a: G6|Draco Meteor|p1a: MoB Harley
|-resisted|p1a: MoB Harley
|-damage|p1a: MoB Harley|0 fnt
|-unboost|p2a: G6|spa|2
|-damage|p2a: G6|152\/309 tox|[from] item: Life Orb
|faint|p1a: MoB Harley
|
|-damage|p2a: G6|95\/309 tox|[from] psn
|c| i came from leddit|:{
|
|switch|p1a: I came from leddit|Bisharp, M|334\/334
|turn|6
|c| i came from leddit|use defog
|
|switch|p2a: Horse|Keldeo-Resolute, shiny|323\/323
|move|p1a: I came from leddit|Swords Dance|p1a: I came from leddit
|-boost|p1a: I came from leddit|atk|2
|
|turn|7
|
|switch|p1a: LT4B 1714|Venusaur, F|364\/364
|move|p2a: Horse|Secret Sword|p1a: LT4B 1714
|-resisted|p1a: LT4B 1714
|-damage|p1a: LT4B 1714|271\/364
|
|turn|8
|
|switch|p2a: Clef.|Clefable, M|390\/390
|detailschange|p1a: LT4B 1714|Venusaur-Mega, F
|message|Venusaur has Mega Evolved into Mega Venusaur!
|move|p1a: LT4B 1714|Giga Drain|p2a: Clef.
|-damage|p2a: Clef.|296\/390
|-heal|p1a: LT4B 1714|318\/364|[from] drain|[of] p2a: Clef.
|
|-heal|p2a: Clef.|320\/390|[from] item: Leftovers
|turn|9
|
|switch|p1a: I came from leddit|Bisharp, M|334\/334
|switch|p2a: Zone'd|Magnezone, shiny|281\/281
|
|turn|10
|
|move|p2a: Zone'd|Thunderbolt|p1a: I came from leddit
|-damage|p1a: I came from leddit|135\/334
|move|p1a: I came from leddit|Knock Off|p2a: Zone'd
|-damage|p2a: Zone'd|112\/281
|-enditem|p2a: Zone'd|Choice Scarf|[from] move: Knock Off|[of] p1a: I came from leddit
|
|-heal|p1a: I came from leddit|155\/334|[from] item: Leftovers
|turn|11
|
|switch|p2a: Horse|Keldeo-Resolute, shiny|323\/323
|move|p1a: I came from leddit|Sucker Punch|p2a: Horse
|-fail|p2a: Horse
|
|-heal|p1a: I came from leddit|175\/334|[from] item: Leftovers
|turn|12
|
|switch|p1a: LT4B 1714|Venusaur-Mega, F|318\/364
|move|p2a: Horse|Scald|p1a: LT4B 1714
|-resisted|p1a: LT4B 1714
|-damage|p1a: LT4B 1714|219\/364
|
|turn|13
|
|switch|p2a: Zone'd|Magnezone, shiny|112\/281
|move|p1a: LT4B 1714|Giga Drain|p2a: Zone'd
|-resisted|p2a: Zone'd
|-damage|p2a: Zone'd|56\/281
|-heal|p1a: LT4B 1714|247\/364|[from] drain|[of] p2a: Zone'd
|
|turn|14
|c| CleanerThanRotom-W|counter?
|join|ok persons
|
|move|p2a: Zone'd|Flash Cannon|p1a: LT4B 1714
|-damage|p1a: LT4B 1714|120\/364
|move|p1a: LT4B 1714|Synthesis|p1a: LT4B 1714
|-heal|p1a: LT4B 1714|302\/364
|
|turn|15
|
|switch|p2a: OG Mega Mence|Pinsir, M, shiny|271\/271
|-ability|p2a: OG Mega Mence|Mold Breaker
|move|p1a: LT4B 1714|Giga Drain|p2a: OG Mega Mence
|-resisted|p2a: OG Mega Mence
|-damage|p2a: OG Mega Mence|201\/271
|-heal|p1a: LT4B 1714|337\/364|[from] drain|[of] p2a: OG Mega Mence
|
|turn|16
|
|switch|p2a: Zone'd|Magnezone, shiny|56\/281
|switch|p1a: Appreciation|Chansey, F|684\/684
|
|turn|17
|
|move|p2a: Zone'd|Volt Switch|p1a: Appreciation
|-damage|p1a: Appreciation|611\/684
|
|switch|p2a: G6|Latios, M|95\/309 tox
|move|p1a: Appreciation|Seismic Toss|p2a: G6
|-damage|p2a: G6|0 fnt
|faint|p2a: G6
|
|c| i came from leddit|nice!
|
|switch|p2a: Horse|Keldeo-Resolute, shiny|323\/323
|turn|18
|join|KratosMana
|c| CleanerThanRotom-W|sick!
|
|switch|p1a: LT4B 1714|Venusaur-Mega, F|337\/364
|move|p2a: Horse|Secret Sword|p1a: LT4B 1714
|-crit|p1a: LT4B 1714
|-resisted|p1a: LT4B 1714
|-damage|p1a: LT4B 1714|223\/364
|
|turn|19
|c| KratosMana|aka dh!
|c| KratosMana|big fan!
|raw|<div class="broadcast-red"><b>Moderated chat was set to +!<\/b><br \/>Only users of rank + and higher can talk.<\/div>
i came from leddit was promoted to Room Voice by Aka DH.
CleanerThanRotom-W was promoted to Room Voice by Aka DH.
|c|+CleanerThanRotom-W|n_n
|
|switch|p2a: Cat|Landorus-Therian, M|319\/319
|-ability|p2a: Cat|Intimidate|[of] p1a: LT4B 1714
|-unboost|p1a: LT4B 1714|atk|1
|move|p1a: LT4B 1714|Giga Drain|p2a: Cat
|-damage|p2a: Cat|198\/319
|-heal|p1a: LT4B 1714|284\/364|[from] drain|[of] p2a: Cat
|
|turn|20
|c|+i came from leddit|n_n
|
|move|p2a: Cat|U-turn|p1a: LT4B 1714
|-damage|p1a: LT4B 1714|222\/364
|
|switch|p2a: OG Mega Mence|Pinsir, M, shiny|201\/271
|-ability|p2a: OG Mega Mence|Mold Breaker
|move|p1a: LT4B 1714|Synthesis|p1a: LT4B 1714
|-heal|p1a: LT4B 1714|364\/364
|
|turn|21
|
|switch|p1a: CleanerThanRotom-W|Skarmory, M|334\/334
|detailschange|p2a: OG Mega Mence|Pinsir-Mega, M, shiny
|message|Pinsir has Mega Evolved into Mega Pinsir!
|move|p2a: OG Mega Mence|Swords Dance|p2a: OG Mega Mence
|-boost|p2a: OG Mega Mence|atk|2
|
|turn|22
|
|move|p2a: OG Mega Mence|Frustration|p1a: CleanerThanRotom-W
|-resisted|p1a: CleanerThanRotom-W
|-damage|p1a: CleanerThanRotom-W|148\/334
|-damage|p2a: OG Mega Mence|156\/271|[from] item: Rocky Helmet|[of] p1a: CleanerThanRotom-W
|move|p1a: CleanerThanRotom-W|Brave Bird|p2a: OG Mega Mence
|-supereffective|p2a: OG Mega Mence
|-damage|p2a: OG Mega Mence|0 fnt
|-damage|p1a: CleanerThanRotom-W|97\/334|[from] recoil|[of] p2a: OG Mega Mence
|faint|p2a: OG Mega Mence
|
|c|+CleanerThanRotom-W|lol
|c|+CleanerThanRotom-W|ok
|
|switch|p2a: Horse|Keldeo-Resolute, shiny|323\/323
|turn|23
|
|switch|p1a: LT4B 1714|Venusaur-Mega, F|364\/364
|move|p2a: Horse|Scald|p1a: LT4B 1714
|-resisted|p1a: LT4B 1714
|-damage|p1a: LT4B 1714|280\/364
|
|turn|24
|c|+i came from leddit|nice free magnezone trap xd
|-message|Coatay forfeited.
|leave|Coatay
|
|win|Aka DH
|raw|Ladder updating...
|raw|Aka DH's rating: 1974 &rarr; <strong>1983<\/strong><br \/>(+9 for winning)
|raw|Coatay's rating: 1765 &rarr; <strong>1756<\/strong><br \/>(-9 for losing)
|player|p2