|join|Im Over Zealous
|join|Coatay
|player|p1|Im Over Zealous|155
|player|p2|Coatay|101
|gametype|singles
|gen|6
|tier|OU
|rated
|clearpoke
|poke|p1|Gliscor, M
|poke|p1|Rotom-Wash
|poke|p1|Scizor, M
|poke|p1|Heatran, M
|poke|p1|Venusaur, F
|poke|p1|Gengar, F
|poke|p2|Pinsir, M
|poke|p2|Conkeldurr, F
|poke|p2|Heatran, M
|poke|p2|Rotom-Wash
|poke|p2|Togekiss, M
|poke|p2|Aegislash, M
|rule|Sleep Clause Mod: Limit one foe put to sleep
|rule|Species Clause: Limit one of each Pokemon
|rule|OHKO Clause: OHKO moves are banned
|rule|Moody Clause: Moody is banned
|rule|Evasion Moves Clause: Evasion moves are banned
|rule|Endless Battle Clause: Forcing endless battles is banned.
|rule|HP Percentage Mod: HP is reported as percentages
|teampreview
|
|start
|switch|p1a: Rotom-Wash|Rotom-Wash|299\/299
|switch|p2a: Aegislash|Aegislash, M|324\/324
|turn|1
|
|switch|p2a: Conkeldurr|Conkeldurr, F|351\/351
|move|p1a: Rotom-Wash|Volt Switch|p2a: Conkeldurr
|-damage|p2a: Conkeldurr|281\/351
|
|switch|p1a: Venusaur|Venusaur, F|364\/364
|
|turn|2
|
|switch|p2a: Togekiss|Togekiss, M|374\/374
|-formechange|p1a: Venusaur|Venusaur-Mega
|message|Venusaur has Mega Evolved into Mega Venusaur!
|move|p1a: Venusaur|Giga Drain|p2a: Togekiss
|-resisted|p2a: Togekiss
|-damage|p2a: Togekiss|314\/374
|
|-heal|p2a: Togekiss|337\/374|[from] item: Leftovers
|turn|3
|
|switch|p1a: Rotom-Wash|Rotom-Wash|299\/299
|move|p2a: Togekiss|Dazzling Gleam|p1a: Rotom-Wash
|-damage|p1a: Rotom-Wash|194\/299
|
|-heal|p2a: Togekiss|360\/374|[from] item: Leftovers
|turn|4
|
|move|p1a: Rotom-Wash|Volt Switch|p2a: Togekiss
|-crit|p2a: Togekiss
|-supereffective|p2a: Togekiss
|-damage|p2a: Togekiss|94\/374
|
|switch|p1a: Heatran|Heatran, M|323\/323
|-item|p1a: Heatran|Air Balloon
|move|p2a: Togekiss|Dazzling Gleam|p1a: Heatran
|-resisted|p1a: Heatran
|-damage|p1a: Heatran|296\/323
|-enditem|p1a: Heatran|Air Balloon
|
|-heal|p2a: Togekiss|117\/374|[from] item: Leftovers
|turn|5
|
|move|p1a: Heatran|Stealth Rock|p2a: Togekiss
|-sidestart|p2: Coatay|move: Stealth Rock
|move|p2a: Togekiss|Roost|p2a: Togekiss
|-heal|p2a: Togekiss|304\/374
|
|-heal|p2a: Togekiss|327\/374|[from] item: Leftovers
|turn|6
|
|move|p1a: Heatran|Flash Cannon|p2a: Togekiss
|-supereffective|p2a: Togekiss
|-damage|p2a: Togekiss|73\/374
|move|p2a: Togekiss|Thunder Wave|p1a: Heatran
|-status|p1a: Heatran|par
|
|-heal|p2a: Togekiss|96\/374|[from] item: Leftovers
|turn|7
|
|move|p2a: Togekiss|Air Slash|p1a: Heatran
|-resisted|p1a: Heatran
|-damage|p1a: Heatran|248\/323 par
|move|p1a: Heatran|Earth Power|p2a: Togekiss
|-immune|p2a: Togekiss|[msg]
|
|-heal|p2a: Togekiss|119\/374|[from] item: Leftovers
|turn|8
|
|move|p2a: Togekiss|Air Slash|p1a: Heatran
|-resisted|p1a: Heatran
|-damage|p1a: Heatran|202\/323 par
|cant|p1a: Heatran|flinch
|
|-heal|p2a: Togekiss|142\/374|[from] item: Leftovers
|turn|9
|
|move|p2a: Togekiss|Air Slash|p1a: Heatran
|-resisted|p1a: Heatran
|-damage|p1a: Heatran|153\/323 par
|cant|p1a: Heatran|par
|
|-heal|p2a: Togekiss|165\/374|[from] item: Leftovers
|turn|10
|
|move|p2a: Togekiss|Air Slash|p1a: Heatran
|-crit|p1a: Heatran
|-resisted|p1a: Heatran
|-damage|p1a: Heatran|82\/323 par
|cant|p1a: Heatran|par
|
|-heal|p2a: Togekiss|188\/374|[from] item: Leftovers
|turn|11
|chat|Im Over Zealous|Epic parahax.
|
|move|p2a: Togekiss|Air Slash|p1a: Heatran
|-resisted|p1a: Heatran
|-damage|p1a: Heatran|30\/323 par
|cant|p1a: Heatran|par
|
|-heal|p2a: Togekiss|211\/374|[from] item: Leftovers
|turn|12
|chat|Im Over Zealous|The bards will sing of this.
|
|move|p2a: Togekiss|Air Slash|p1a: Heatran
|-resisted|p1a: Heatran
|-damage|p1a: Heatran|0 fnt
|faint|p1a: Heatran
|
|-heal|p2a: Togekiss|234\/374|[from] item: Leftovers
|chat|Coatay|That strat should be illegal
|
|switch|p1a: Scizor|Scizor, M|344\/344
|turn|13
|
|move|p1a: Scizor|Pursuit|p2a: Togekiss|[from]Pursuit
|-resisted|p2a: Togekiss
|-damage|p2a: Togekiss|175\/374
|switch|p2a: Aegislash|Aegislash, M|324\/324
|-damage|p2a: Aegislash|304\/324|[from] Stealth Rock
|
|-heal|p2a: Aegislash|324\/324|[from] item: Leftovers
|turn|14
|
|switch|p1a: Venusaur|Venusaur, F|364\/364
|-formechange|p1a: Venusaur|Venusaur-Mega
|-formechange|p2a: Aegislash|Aegislash-Blade
|move|p2a: Aegislash|Shadow Ball|p1a: Venusaur
|-damage|p1a: Venusaur|253\/364
|
|turn|15
|
|switch|p2a: Togekiss|Togekiss, M|175\/374
|-damage|p2a: Togekiss|82\/374|[from] Stealth Rock
|move|p1a: Venusaur|Sludge Bomb|p2a: Togekiss
|-supereffective|p2a: Togekiss
|-damage|p2a: Togekiss|0 fnt
|faint|p2a: Togekiss
|
|
|switch|p2a: Pinsir|Pinsir, M|279\/279
|-damage|p2a: Pinsir|210\/279|[from] Stealth Rock
|turn|16
|chat|Im Over Zealous|Well, parahax is based on luck, but it's layered, and effective. It's just frustrating to be paralyzed and flinched 5+times in a row. 
|
|switch|p1a: Rotom-Wash|Rotom-Wash|194\/299
|-formechange|p2a: Pinsir|Pinsir-Mega
|message|Pinsir has Mega Evolved into Mega Pinsir!
|move|p2a: Pinsir|Return|p1a: Rotom-Wash
|-resisted|p1a: Rotom-Wash
|-damage|p1a: Rotom-Wash|59\/299
|
|turn|17
|chat|Coatay|You have a good philosophy on life
|
|switch|p2a: Rotom-Wash|Rotom-Wash|304\/304
|-damage|p2a: Rotom-Wash|266\/304|[from] Stealth Rock
|move|p1a: Rotom-Wash|Volt Switch|p2a: Rotom-Wash
|-damage|p2a: Rotom-Wash|179\/304
|
|switch|p1a: Venusaur|Venusaur, F|253\/364
|-formechange|p1a: Venusaur|Venusaur-Mega
|
|-heal|p2a: Rotom-Wash|198\/304|[from] item: Leftovers
|turn|18
|
|move|p2a: Rotom-Wash|Volt Switch|p1a: Venusaur
|-resisted|p1a: Venusaur
|-damage|p1a: Venusaur|216\/364
|
|switch|p2a: Aegislash|Aegislash, M|324\/324
|-damage|p2a: Aegislash|304\/324|[from] Stealth Rock
|move|p1a: Venusaur|Giga Drain|p2a: Aegislash
|-resisted|p2a: Aegislash
|-damage|p2a: Aegislash|253\/324
|-heal|p1a: Venusaur|242\/364|[from] drain|[of] p2a: Aegislash
|
|-heal|p2a: Aegislash|273\/324|[from] item: Leftovers
|turn|19
|
|move|p1a: Venusaur|Hidden Power|p2a: Aegislash
|-supereffective|p2a: Aegislash
|-damage|p2a: Aegislash|169\/324
|-formechange|p2a: Aegislash|Aegislash-Blade
|move|p2a: Aegislash|Shadow Ball|p1a: Venusaur
|-damage|p1a: Venusaur|134\/364
|
|-heal|p2a: Aegislash|189\/324|[from] item: Leftovers
|turn|20
|
|move|p1a: Venusaur|Synthesis|p1a: Venusaur
|-heal|p1a: Venusaur|316\/364
|move|p2a: Aegislash|Shadow Ball|p1a: Venusaur
|-damage|p1a: Venusaur|205\/364
|
|-heal|p2a: Aegislash|209\/324|[from] item: Leftovers
|turn|21
|
|switch|p2a: Heatran|Heatran, M|386\/386
|-damage|p2a: Heatran|338\/386|[from] Stealth Rock
|move|p1a: Venusaur|Hidden Power|p2a: Heatran
|-start|p2a: Heatran|ability: Flash Fire
|
|-heal|p2a: Heatran|362\/386|[from] item: Leftovers
|turn|22
|
|move|p1a: Venusaur|Synthesis|p1a: Venusaur
|-heal|p1a: Venusaur|364\/364
|move|p2a: Heatran|Lava Plume|p1a: Venusaur
|-supereffective|p1a: Venusaur
|-damage|p1a: Venusaur|200\/364
|
|-heal|p2a: Heatran|386\/386|[from] item: Leftovers
|turn|23
|
|switch|p1a: Gliscor|Gliscor, M|353\/353
|move|p2a: Heatran|Lava Plume|p1a: Gliscor
|-damage|p1a: Gliscor|112\/353
|
|-status|p1a: Gliscor|tox|[from] item: Toxic Orb
|turn|24
|
|switch|p2a: Rotom-Wash|Rotom-Wash|198\/304
|-damage|p2a: Rotom-Wash|160\/304|[from] Stealth Rock
|move|p1a: Gliscor|Substitute|p1a: Gliscor
|-start|p1a: Gliscor|Substitute
|-damage|p1a: Gliscor|24\/353 tox
|
|-heal|p2a: Rotom-Wash|179\/304|[from] item: Leftovers
|-heal|p1a: Gliscor|68\/353 tox|[from] ability: Poison Heal
|turn|25
|
|move|p1a: Gliscor|Protect|p1a: Gliscor
|-singleturn|p1a: Gliscor|Protect
|move|p2a: Rotom-Wash|Hydro Pump|p1a: Gliscor
|-activate|p1a: Gliscor|Protect
|
|-heal|p2a: Rotom-Wash|198\/304|[from] item: Leftovers
|-heal|p1a: Gliscor|112\/353 tox|[from] ability: Poison Heal
|turn|26
|
|move|p2a: Rotom-Wash|Hydro Pump|p1a: Gliscor|[miss]
|-miss|p2a: Rotom-Wash|p1a: Gliscor
|move|p1a: Gliscor|Toxic|p2a: Rotom-Wash
|-status|p2a: Rotom-Wash|tox
|
|-heal|p2a: Rotom-Wash|217\/304 tox|[from] item: Leftovers
|-damage|p2a: Rotom-Wash|198\/304 tox|[from] psn
|-heal|p1a: Gliscor|156\/353 tox|[from] ability: Poison Heal
|turn|27
|
|switch|p2a: Conkeldurr|Conkeldurr, F|281\/351
|-damage|p2a: Conkeldurr|260\/351|[from] Stealth Rock
|move|p1a: Gliscor|Protect|p1a: Gliscor
|-fail|p1a: Gliscor
|
|-heal|p1a: Gliscor|200\/353 tox|[from] ability: Poison Heal
|turn|28
|
|move|p1a: Gliscor|Toxic|p2a: Conkeldurr
|-status|p2a: Conkeldurr|tox
|move|p2a: Conkeldurr|Ice Punch|p1a: Gliscor
|-supereffective|p1a: Gliscor
|-end|p1a: Gliscor|Substitute
|
|-heal|p1a: Gliscor|244\/353 tox|[from] ability: Poison Heal
|-damage|p2a: Conkeldurr|239\/351 tox|[from] psn
|turn|29
|
|move|p1a: Gliscor|Substitute|p1a: Gliscor
|-start|p1a: Gliscor|Substitute
|-damage|p1a: Gliscor|156\/353 tox
|move|p2a: Conkeldurr|Ice Punch|p1a: Gliscor
|-supereffective|p1a: Gliscor
|-end|p1a: Gliscor|Substitute
|
|-heal|p1a: Gliscor|200\/353 tox|[from] ability: Poison Heal
|-damage|p2a: Conkeldurr|197\/351 tox|[from] psn
|turn|30
|
|switch|p2a: Rotom-Wash|Rotom-Wash|198\/304 tox
|-damage|p2a: Rotom-Wash|160\/304 tox|[from] Stealth Rock
|move|p1a: Gliscor|Protect|p1a: Gliscor
|-fail|p1a: Gliscor
|
|-heal|p2a: Rotom-Wash|179\/304 tox|[from] item: Leftovers
|-damage|p2a: Rotom-Wash|160\/304 tox|[from] psn
|-heal|p1a: Gliscor|244\/353 tox|[from] ability: Poison Heal
|turn|31
|
|move|p2a: Rotom-Wash|Hydro Pump|p1a: Gliscor|[miss]
|-miss|p2a: Rotom-Wash|p1a: Gliscor
|move|p1a: Gliscor|Substitute|p1a: Gliscor
|-start|p1a: Gliscor|Substitute
|-damage|p1a: Gliscor|156\/353 tox
|
|-heal|p2a: Rotom-Wash|179\/304 tox|[from] item: Leftovers
|-damage|p2a: Rotom-Wash|141\/304 tox|[from] psn
|-heal|p1a: Gliscor|200\/353 tox|[from] ability: Poison Heal
|turn|32
|
|switch|p2a: Conkeldurr|Conkeldurr, F|197\/351 tox
|-damage|p2a: Conkeldurr|176\/351 tox|[from] Stealth Rock
|move|p1a: Gliscor|Protect|p1a: Gliscor
|-fail|p1a: Gliscor
|
|-heal|p1a: Gliscor|244\/353 tox|[from] ability: Poison Heal
|-damage|p2a: Conkeldurr|155\/351 tox|[from] psn
|turn|33
|
|move|p1a: Gliscor|Protect|p1a: Gliscor
|-singleturn|p1a: Gliscor|Protect
|move|p2a: Conkeldurr|Ice Punch|p1a: Gliscor
|-activate|p1a: Gliscor|Protect
|
|-heal|p1a: Gliscor|288\/353 tox|[from] ability: Poison Heal
|-damage|p2a: Conkeldurr|113\/351 tox|[from] psn
|turn|34
|chat|Im Over Zealous|As Hannibal once said, "I love it when a good plan comes to fruition."
|
|move|p1a: Gliscor|Substitute|p1a: Gliscor
|-fail|p1a: Gliscor|move: Substitute
|move|p2a: Conkeldurr|Ice Punch|p1a: Gliscor
|-supereffective|p1a: Gliscor
|-end|p1a: Gliscor|Substitute
|
|-heal|p1a: Gliscor|332\/353 tox|[from] ability: Poison Heal
|-damage|p2a: Conkeldurr|50\/351 tox|[from] psn
|turn|35
|
|move|p1a: Gliscor|Protect|p1a: Gliscor
|-singleturn|p1a: Gliscor|Protect
|move|p2a: Conkeldurr|Ice Punch|p1a: Gliscor
|-activate|p1a: Gliscor|Protect
|
|-heal|p1a: Gliscor|353\/353 tox|[from] ability: Poison Heal
|-damage|p2a: Conkeldurr|0 fnt|[from] psn
|faint|p2a: Conkeldurr
|
|switch|p2a: Rotom-Wash|Rotom-Wash|141\/304 tox
|-damage|p2a: Rotom-Wash|103\/304 tox|[from] Stealth Rock
|turn|36
|
|switch|p1a: Venusaur|Venusaur, F|200\/364
|-formechange|p1a: Venusaur|Venusaur-Mega
|move|p2a: Rotom-Wash|Hydro Pump|p1a: Venusaur
|-resisted|p1a: Venusaur
|-damage|p1a: Venusaur|139\/364
|
|-heal|p2a: Rotom-Wash|122\/304 tox|[from] item: Leftovers
|-damage|p2a: Rotom-Wash|103\/304 tox|[from] psn
|turn|37
|
|move|p2a: Rotom-Wash|Will-O-Wisp|p1a: Venusaur
|-status|p1a: Venusaur|brn
|move|p1a: Venusaur|Synthesis|p1a: Venusaur
|-heal|p1a: Venusaur|321\/364 brn
|
|-heal|p2a: Rotom-Wash|122\/304 tox|[from] item: Leftovers
|-damage|p2a: Rotom-Wash|84\/304 tox|[from] psn
|-damage|p1a: Venusaur|276\/364 brn|[from] brn
|turn|38
|
|switch|p1a: Gliscor|Gliscor, M|353\/353 tox
|move|p2a: Rotom-Wash|Pain Split|p1a: Gliscor
|-sethp|p1a: Gliscor|218\/353 tox|p2a: Rotom-Wash|218\/304 tox|[from] move: Pain Split
|
|-heal|p2a: Rotom-Wash|237\/304 tox|[from] item: Leftovers
|-damage|p2a: Rotom-Wash|180\/304 tox|[from] psn
|-heal|p1a: Gliscor|262\/353 tox|[from] ability: Poison Heal
|turn|39
|
|move|p1a: Gliscor|Protect|p1a: Gliscor
|-singleturn|p1a: Gliscor|Protect
|move|p2a: Rotom-Wash|Hydro Pump|p1a: Gliscor
|-activate|p1a: Gliscor|Protect
|
|-heal|p2a: Rotom-Wash|199\/304 tox|[from] item: Leftovers
|-damage|p2a: Rotom-Wash|123\/304 tox|[from] psn
|-heal|p1a: Gliscor|306\/353 tox|[from] ability: Poison Heal
|turn|40
|
|move|p2a: Rotom-Wash|Volt Switch|p1a: Gliscor
|-immune|p1a: Gliscor|[msg]
|move|p1a: Gliscor|Substitute|p1a: Gliscor
|-start|p1a: Gliscor|Substitute
|-damage|p1a: Gliscor|218\/353 tox
|
|-heal|p2a: Rotom-Wash|142\/304 tox|[from] item: Leftovers
|-damage|p2a: Rotom-Wash|47\/304 tox|[from] psn
|-heal|p1a: Gliscor|262\/353 tox|[from] ability: Poison Heal
|turn|41
|-message|Coatay forfeited.
|
|win|Im Over Zealous
|raw|Ladder updating...
|raw|Im Over Zealous's rating: 1597 &rarr; <strong>1616<\/strong><br \/>(+19 for winning)
|raw|Coatay's rating: 1573 &rarr; <strong>1555<\/strong><br \/>(-18 for losing)
|leave|Coatay
|player|p2