|join|Coatay
|join|Pine trainer Jason
|player|p1|Coatay|2
|player|p2|Pine trainer Jason|162
|gametype|singles
|gen|6
|tier|OU
|rated
|clearpoke
|poke|p1|Politoed, F
|poke|p1|Claydol
|poke|p1|Manaphy, shiny
|poke|p1|Amoonguss, F
|poke|p1|Kabutops, F
|poke|p1|Scizor, M
|poke|p2|Raikou
|poke|p2|Landorus-Therian, M
|poke|p2|Scizor, F
|poke|p2|Mew
|poke|p2|Heatran, M
|poke|p2|Chesnaught, M
|rule|Swagger Clause: Swagger is banned
|rule|Baton Pass Clause: Limit one PokÃ©mon knowing Baton Pass
|rule|Sleep Clause Mod: Limit one foe put to sleep
|rule|Species Clause: Limit one of each PokÃ©mon
|rule|OHKO Clause: OHKO moves are banned
|rule|Moody Clause: Moody is banned
|rule|Evasion Moves Clause: Evasion moves are banned
|rule|Endless Battle Clause: Forcing endless battles is banned
|rule|HP Percentage Mod: HP is shown in percentages
|teampreview
|
|start
|switch|p1a: Politoed|Politoed, F|384\/384
|switch|p2a: Raikou|Raikou|321\/321
|-ability|p2a: Raikou|Pressure
|-weather|RainDance
|turn|1
|
|move|p2a: Raikou|Volt Switch|p1a: Politoed
|-supereffective|p1a: Politoed
|-damage|p1a: Politoed|160\/384
|
|switch|p2a: Chesnaught|Chesnaught, M|380\/380
|move|p1a: Politoed|Scald|p2a: Chesnaught
|-resisted|p2a: Chesnaught
|-damage|p2a: Chesnaught|318\/380
|
|-weather|RainDance|[upkeep]
|-heal|p2a: Chesnaught|341\/380|[from] item: Leftovers
|turn|2
|
|switch|p1a: Scizor|Scizor, M|344\/344
|move|p2a: Chesnaught|Spikes|p1a: Scizor
|-sidestart|p1: Coatay|Spikes
|
|-weather|RainDance|[upkeep]
|-heal|p2a: Chesnaught|364\/380|[from] item: Leftovers
|turn|3
|
|detailschange|p1a: Scizor|Scizor-Mega, M
|message|Scizor has Mega Evolved into Mega Scizor!
|move|p1a: Scizor|Swords Dance|p1a: Scizor
|-boost|p1a: Scizor|atk|2
|move|p2a: Chesnaught|Leech Seed|p1a: Scizor
|-start|p1a: Scizor|move: Leech Seed
|
|-weather|RainDance|[upkeep]
|-heal|p2a: Chesnaught|380\/380|[from] item: Leftovers
|-damage|p1a: Scizor|301\/344|[from] Leech Seed|[of] p2a: Chesnaught
|turn|4
|
|switch|p2a: Scizor|Scizor, F|344\/344
|move|p1a: Scizor|Swords Dance|p1a: Scizor
|-boost|p1a: Scizor|atk|2
|
|-weather|RainDance|[upkeep]
|-damage|p1a: Scizor|258\/344|[from] Leech Seed|[of] p2a: Scizor
|turn|5
|
|detailschange|p2a: Scizor|Scizor-Mega, F
|message|Scizor has Mega Evolved into Mega Scizor!
|move|p1a: Scizor|Superpower|p2a: Scizor
|-damage|p2a: Scizor|68\/344
|-unboost|p1a: Scizor|atk|1
|-unboost|p1a: Scizor|def|1
|move|p2a: Scizor|Swords Dance|p2a: Scizor
|-boost|p2a: Scizor|atk|2
|
|-weather|RainDance|[upkeep]
|-damage|p1a: Scizor|215\/344|[from] Leech Seed|[of] p2a: Scizor
|-heal|p2a: Scizor|111\/344|[silent]
|turn|6
|
|switch|p2a: Landorus-Therian|Landorus-Therian, M|320\/320
|-ability|p2a: Landorus-Therian|Intimidate|[of] p1a: Scizor
|-unboost|p1a: Scizor|atk|1
|move|p1a: Scizor|Superpower|p2a: Landorus-Therian
|-resisted|p2a: Landorus-Therian
|-damage|p2a: Landorus-Therian|158\/320
|-unboost|p1a: Scizor|atk|1
|-unboost|p1a: Scizor|def|1
|
|-weather|RainDance|[upkeep]
|-damage|p1a: Scizor|172\/344|[from] Leech Seed|[of] p2a: Landorus-Therian
|-heal|p2a: Landorus-Therian|201\/320|[silent]
|turn|7
|
|move|p2a: Landorus-Therian|U-turn|p1a: Scizor
|-resisted|p1a: Scizor
|-damage|p1a: Scizor|105\/344
|
|switch|p2a: Scizor|Scizor-Mega, F|111\/344
|move|p1a: Scizor|Roost|p1a: Scizor
|-heal|p1a: Scizor|277\/344
|
|-weather|RainDance|[upkeep]
|-damage|p1a: Scizor|234\/344|[from] Leech Seed|[of] p2a: Scizor
|-heal|p2a: Scizor|154\/344|[silent]
|turn|8
|
|move|p1a: Scizor|Superpower|p2a: Scizor
|-damage|p2a: Scizor|30\/344
|-unboost|p1a: Scizor|atk|1
|-unboost|p1a: Scizor|def|1
|move|p2a: Scizor|Roost|p2a: Scizor
|-heal|p2a: Scizor|202\/344
|
|-weather|none
|-damage|p1a: Scizor|191\/344|[from] Leech Seed|[of] p2a: Scizor
|-heal|p2a: Scizor|245\/344|[silent]
|turn|9
|
|switch|p1a: Manaphy|Manaphy, shiny|404\/404
|-damage|p1a: Manaphy|354\/404|[from] Spikes
|move|p2a: Scizor|Superpower|p1a: Manaphy
|-damage|p1a: Manaphy|209\/404
|-unboost|p2a: Scizor|atk|1
|-unboost|p2a: Scizor|def|1
|
|-heal|p1a: Manaphy|234\/404|[from] item: Leftovers
|turn|10
|
|switch|p2a: Raikou|Raikou|321\/321
|-ability|p2a: Raikou|Pressure
|move|p1a: Manaphy|Tail Glow|p1a: Manaphy
|-boost|p1a: Manaphy|spa|3
|
|-heal|p1a: Manaphy|259\/404|[from] item: Leftovers
|turn|11
|
|switch|p1a: Claydol|Claydol|324\/324
|move|p2a: Raikou|Thunderbolt|p1a: Claydol
|-immune|p1a: Claydol|[msg]
|
|turn|12
|
|switch|p2a: Landorus-Therian|Landorus-Therian, M|201\/320
|-ability|p2a: Landorus-Therian|Intimidate|[of] p1a: Claydol
|-unboost|p1a: Claydol|atk|1
|move|p1a: Claydol|Stealth Rock|p2a: Landorus-Therian
|-sidestart|p2: Pine trainer Jason|move: Stealth Rock
|
|turn|13
|
|move|p2a: Landorus-Therian|U-turn|p1a: Claydol
|-supereffective|p1a: Claydol
|-damage|p1a: Claydol|186\/324
|
|switch|p2a: Chesnaught|Chesnaught, M|380\/380
|-damage|p2a: Chesnaught|357\/380|[from] Stealth Rock
|move|p1a: Claydol|Rapid Spin|p2a: Chesnaught
|-damage|p2a: Chesnaught|351\/380
|-sideend|p1: Coatay|Spikes|[from] move: Rapid Spin|[of] p1a: Claydol
|
|-heal|p1a: Claydol|206\/324|[from] item: Leftovers
|-heal|p2a: Chesnaught|374\/380|[from] item: Leftovers
|turn|14
|
|move|p1a: Claydol|Ice Beam|p2a: Chesnaught
|-supereffective|p2a: Chesnaught
|-damage|p2a: Chesnaught|266\/380
|move|p2a: Chesnaught|Spikes|p1a: Claydol
|-sidestart|p1: Coatay|Spikes
|
|-heal|p1a: Claydol|226\/324|[from] item: Leftovers
|-heal|p2a: Chesnaught|289\/380|[from] item: Leftovers
|turn|15
|
|move|p1a: Claydol|Ice Beam|p2a: Chesnaught
|-supereffective|p2a: Chesnaught
|-damage|p2a: Chesnaught|183\/380
|move|p2a: Chesnaught|Wood Hammer|p1a: Claydol
|-supereffective|p1a: Claydol
|-damage|p1a: Claydol|0 fnt
|-damage|p2a: Chesnaught|108\/380|[from] recoil|[of] p1a: Claydol
|faint|p1a: Claydol
|
|-heal|p2a: Chesnaught|131\/380|[from] item: Leftovers
|
|switch|p1a: Manaphy|Manaphy, shiny|259\/404
|-damage|p1a: Manaphy|209\/404|[from] Spikes
|turn|16
|
|switch|p2a: Raikou|Raikou|321\/321
|-damage|p2a: Raikou|281\/321|[from] Stealth Rock
|-ability|p2a: Raikou|Pressure
|move|p1a: Manaphy|Ice Beam|p2a: Raikou
|-damage|p2a: Raikou|224\/321
|
|-heal|p1a: Manaphy|234\/404|[from] item: Leftovers
|turn|17
|
|switch|p1a: Amoonguss|Amoonguss, F|432\/432
|-damage|p1a: Amoonguss|378\/432|[from] Spikes
|move|p2a: Raikou|Volt Switch|p1a: Amoonguss
|-resisted|p1a: Amoonguss
|-damage|p1a: Amoonguss|316\/432
|
|switch|p2a: Chesnaught|Chesnaught, M|131\/380
|-damage|p2a: Chesnaught|108\/380|[from] Stealth Rock
|
|-heal|p2a: Chesnaught|131\/380|[from] item: Leftovers
|-heal|p1a: Amoonguss|343\/432|[from] item: Black Sludge
|turn|18
|
|move|p2a: Chesnaught|Spikes|p1a: Amoonguss
|-sidestart|p1: Coatay|Spikes
|move|p1a: Amoonguss|Hidden Power|p2a: Chesnaught
|-supereffective|p2a: Chesnaught
|-damage|p2a: Chesnaught|47\/380
|
|-heal|p2a: Chesnaught|70\/380|[from] item: Leftovers
|-heal|p1a: Amoonguss|370\/432|[from] item: Black Sludge
|turn|19
|
|move|p2a: Chesnaught|Spikes|p1a: Amoonguss
|-sidestart|p1: Coatay|Spikes
|move|p1a: Amoonguss|Hidden Power|p2a: Chesnaught
|-supereffective|p2a: Chesnaught
|-damage|p2a: Chesnaught|0 fnt
|faint|p2a: Chesnaught
|
|-heal|p1a: Amoonguss|397\/432|[from] item: Black Sludge
|
|switch|p2a: Mew|Mew|404\/404
|-damage|p2a: Mew|354\/404|[from] Stealth Rock
|turn|20
|
|move|p2a: Mew|Taunt|p1a: Amoonguss
|-start|p1a: Amoonguss|move: Taunt
|move|p1a: Amoonguss|Sludge Bomb|p2a: Mew
|-damage|p2a: Mew|254\/404
|-status|p2a: Mew|psn
|
|-heal|p2a: Mew|279\/404 psn|[from] item: Leftovers
|-heal|p1a: Amoonguss|424\/432|[from] item: Black Sludge
|-damage|p2a: Mew|229\/404 psn|[from] psn
|turn|21
|
|move|p2a: Mew|Knock Off|p1a: Amoonguss
|-damage|p1a: Amoonguss|355\/432
|-enditem|p1a: Amoonguss|Black Sludge|[from] move: Knock Off|[of] p2a: Mew
|move|p1a: Amoonguss|Sludge Bomb|p2a: Mew
|-damage|p2a: Mew|135\/404 psn
|
|-heal|p2a: Mew|160\/404 psn|[from] item: Leftovers
|-damage|p2a: Mew|110\/404 psn|[from] psn
|turn|22
|
|move|p2a: Mew|Soft-Boiled|p2a: Mew
|-heal|p2a: Mew|312\/404 psn
|move|p1a: Amoonguss|Sludge Bomb|p2a: Mew
|-damage|p2a: Mew|224\/404 psn
|
|-heal|p2a: Mew|249\/404 psn|[from] item: Leftovers
|-damage|p2a: Mew|199\/404 psn|[from] psn
|-end|p1a: Amoonguss|move: Taunt
|turn|23
|
|move|p2a: Mew|Soft-Boiled|p2a: Mew
|-heal|p2a: Mew|401\/404 psn
|move|p1a: Amoonguss|Sludge Bomb|p2a: Mew
|-damage|p2a: Mew|311\/404 psn
|
|-heal|p2a: Mew|336\/404 psn|[from] item: Leftovers
|-damage|p2a: Mew|286\/404 psn|[from] psn
|turn|24
|
|move|p2a: Mew|Will-O-Wisp|p1a: Amoonguss
|-status|p1a: Amoonguss|brn
|move|p1a: Amoonguss|Giga Drain|p2a: Mew
|-damage|p2a: Mew|214\/404 psn
|-heal|p1a: Amoonguss|391\/432 brn|[from] drain|[of] p2a: Mew
|
|-heal|p2a: Mew|239\/404 psn|[from] item: Leftovers
|-damage|p2a: Mew|189\/404 psn|[from] psn
|-damage|p1a: Amoonguss|337\/432 brn|[from] brn
|turn|25
|
|switch|p1a: Politoed|Politoed, F|160\/384
|-damage|p1a: Politoed|64\/384|[from] Spikes
|-weather|RainDance
|move|p2a: Mew|Soft-Boiled|p2a: Mew
|-heal|p2a: Mew|391\/404 psn
|
|-weather|RainDance|[upkeep]
|-heal|p2a: Mew|404\/404 psn|[from] item: Leftovers
|-damage|p2a: Mew|354\/404 psn|[from] psn
|turn|26
|
|move|p2a: Mew|Knock Off|p1a: Politoed
|-damage|p1a: Politoed|7\/384
|-enditem|p1a: Politoed|Damp Rock|[from] move: Knock Off|[of] p2a: Mew
|move|p1a: Politoed|Rest|p1a: Politoed
|-status|p1a: Politoed|slp
|-heal|p1a: Politoed|384\/384 slp|[silent]
|-status|p1a: Politoed|slp|[from] move: Rest
|
|-weather|RainDance|[upkeep]
|-heal|p2a: Mew|379\/404 psn|[from] item: Leftovers
|-damage|p2a: Mew|329\/404 psn|[from] psn
|turn|27
|
|switch|p1a: Manaphy|Manaphy, shiny|234\/404
|-damage|p1a: Manaphy|133\/404|[from] Spikes
|move|p2a: Mew|Knock Off|p1a: Manaphy
|-damage|p1a: Manaphy|59\/404
|-enditem|p1a: Manaphy|Leftovers|[from] move: Knock Off|[of] p2a: Mew
|
|-weather|RainDance|[upkeep]
|-heal|p2a: Mew|354\/404 psn|[from] item: Leftovers
|-damage|p2a: Mew|304\/404 psn|[from] psn
|turn|28
|
|move|p1a: Manaphy|Rest|p1a: Manaphy
|-status|p1a: Manaphy|slp
|-heal|p1a: Manaphy|404\/404 slp|[silent]
|-status|p1a: Manaphy|slp|[from] move: Rest
|move|p2a: Mew|Taunt|p1a: Manaphy
|-start|p1a: Manaphy|move: Taunt
|
|-weather|RainDance|[upkeep]
|-curestatus|p1a: Manaphy|slp
|-heal|p2a: Mew|329\/404 psn|[from] item: Leftovers
|-damage|p2a: Mew|279\/404 psn|[from] psn
|turn|29
|
|switch|p2a: Heatran|Heatran, M|386\/386
|-damage|p2a: Heatran|338\/386|[from] Stealth Rock
|move|p1a: Manaphy|Surf|p2a: Heatran
|-supereffective|p2a: Heatran
|-damage|p2a: Heatran|0 fnt
|faint|p2a: Heatran
|
|-weather|RainDance|[upkeep]
|
|switch|p2a: Raikou|Raikou|224\/321
|-damage|p2a: Raikou|184\/321|[from] Stealth Rock
|-ability|p2a: Raikou|Pressure
|turn|30
|
|move|p2a: Raikou|Thunderbolt|p1a: Manaphy
|-supereffective|p1a: Manaphy
|-damage|p1a: Manaphy|126\/404
|move|p1a: Manaphy|Surf|p2a: Raikou
|-damage|p2a: Raikou|57\/321
|
|-weather|RainDance|[upkeep]
|turn|31
|
|switch|p1a: Amoonguss|Amoonguss, F|432\/432 brn
|-damage|p1a: Amoonguss|324\/432 brn|[from] Spikes
|move|p2a: Raikou|Thunderbolt|p1a: Amoonguss
|-resisted|p1a: Amoonguss
|-damage|p1a: Amoonguss|240\/432 brn
|
|-weather|RainDance|[upkeep]
|-damage|p1a: Amoonguss|186\/432 brn|[from] brn
|turn|32
|
|move|p2a: Raikou|Extrasensory|p1a: Amoonguss
|-supereffective|p1a: Amoonguss
|-damage|p1a: Amoonguss|0 fnt
|faint|p1a: Amoonguss
|
|-weather|none
|
|switch|p1a: Scizor|Scizor-Mega, M|191\/344
|-damage|p1a: Scizor|105\/344|[from] Spikes
|turn|33
|
|switch|p2a: Scizor|Scizor-Mega, F|245\/344
|-damage|p2a: Scizor|202\/344|[from] Stealth Rock
|move|p1a: Scizor|Bullet Punch|p2a: Scizor
|-resisted|p2a: Scizor
|-damage|p2a: Scizor|168\/344
|
|turn|34
|
|move|p1a: Scizor|Swords Dance|p1a: Scizor
|-boost|p1a: Scizor|atk|2
|move|p2a: Scizor|Swords Dance|p2a: Scizor
|-boost|p2a: Scizor|atk|2
|
|turn|35
|
|move|p1a: Scizor|Superpower|p2a: Scizor
|-damage|p2a: Scizor|0 fnt
|-unboost|p1a: Scizor|atk|1
|-unboost|p1a: Scizor|def|1
|faint|p2a: Scizor
|
|
|switch|p2a: Landorus-Therian|Landorus-Therian, M|201\/320
|-damage|p2a: Landorus-Therian|161\/320|[from] Stealth Rock
|-ability|p2a: Landorus-Therian|Intimidate|[of] p1a: Scizor
|-unboost|p1a: Scizor|atk|1
|turn|36
|
|move|p1a: Scizor|Bullet Punch|p2a: Landorus-Therian
|-damage|p2a: Landorus-Therian|40\/320
|move|p2a: Landorus-Therian|Earthquake|p1a: Scizor
|-damage|p1a: Scizor|0 fnt
|faint|p1a: Scizor
|
|
|switch|p1a: Kabutops|Kabutops, F|262\/262
|-damage|p1a: Kabutops|197\/262|[from] Spikes
|turn|37
|leave|Coatay
|player|p1
|join|Coatay
|player|p1|Coatay|2
|
|switch|p2a: Mew|Mew|279\/404 psn
|-damage|p2a: Mew|229\/404 psn|[from] Stealth Rock
|move|p1a: Kabutops|Aqua Jet|p2a: Mew
|-damage|p2a: Mew|150\/404 psn
|-damage|p1a: Kabutops|171\/262|[from] item: Life Orb
|
|-heal|p2a: Mew|175\/404 psn|[from] item: Leftovers
|-damage|p2a: Mew|125\/404 psn|[from] psn
|turn|38
|
|move|p2a: Mew|Soft-Boiled|p2a: Mew
|-heal|p2a: Mew|327\/404 psn
|move|p1a: Kabutops|Waterfall|p2a: Mew
|-crit|p2a: Mew
|-damage|p2a: Mew|97\/404 psn
|-damage|p1a: Kabutops|145\/262|[from] item: Life Orb
|
|-heal|p2a: Mew|122\/404 psn|[from] item: Leftovers
|-damage|p2a: Mew|72\/404 psn|[from] psn
|turn|39
|
|move|p1a: Kabutops|Aqua Jet|p2a: Mew
|-damage|p2a: Mew|1\/404 psn
|-damage|p1a: Kabutops|119\/262|[from] item: Life Orb
|move|p2a: Mew|Soft-Boiled|p2a: Mew
|-heal|p2a: Mew|203\/404 psn
|
|-heal|p2a: Mew|228\/404 psn|[from] item: Leftovers
|-damage|p2a: Mew|178\/404 psn|[from] psn
|turn|40
|
|switch|p1a: Politoed|Politoed, F|384\/384 slp
|-damage|p1a: Politoed|288\/384 slp|[from] Spikes
|-weather|RainDance
|move|p2a: Mew|Soft-Boiled|p2a: Mew
|-heal|p2a: Mew|380\/404 psn
|
|-weather|RainDance|[upkeep]
|-heal|p2a: Mew|404\/404 psn|[from] item: Leftovers
|-damage|p2a: Mew|354\/404 psn|[from] psn
|turn|41
|
|switch|p2a: Landorus-Therian|Landorus-Therian, M|40\/320
|-damage|p2a: Landorus-Therian|0 fnt|[from] Stealth Rock
|faint|p2a: Landorus-Therian
|cant|p1a: Politoed|slp
|
|-weather|RainDance|[upkeep]
|
|switch|p2a: Raikou|Raikou|57\/321
|-damage|p2a: Raikou|17\/321|[from] Stealth Rock
|-ability|p2a: Raikou|Pressure
|turn|42
|
|move|p2a: Raikou|Thunderbolt|p1a: Politoed
|-supereffective|p1a: Politoed
|-damage|p1a: Politoed|0 fnt
|faint|p1a: Politoed
|
|-weather|RainDance|[upkeep]
|
|switch|p1a: Kabutops|Kabutops, F|119\/262
|-damage|p1a: Kabutops|54\/262|[from] Spikes
|turn|43
|
|move|p1a: Kabutops|Waterfall|p2a: Raikou
|-damage|p2a: Raikou|0 fnt
|-damage|p1a: Kabutops|28\/262|[from] item: Life Orb
|faint|p2a: Raikou
|
|-weather|RainDance|[upkeep]
|
|switch|p2a: Mew|Mew|354\/404 psn
|-damage|p2a: Mew|304\/404 psn|[from] Stealth Rock
|turn|44
|
|move|p1a: Kabutops|Waterfall|p2a: Mew
|-damage|p2a: Mew|65\/404 psn
|-damage|p1a: Kabutops|2\/262|[from] item: Life Orb
|cant|p2a: Mew|flinch
|
|-weather|none
|-heal|p2a: Mew|90\/404 psn|[from] item: Leftovers
|-damage|p2a: Mew|40\/404 psn|[from] psn
|turn|45
|-message|Pine trainer Jason forfeited.
|
|win|Coatay
|raw|Ladder updating...
|leave|Pine trainer Jason
|player|p2
|raw|Ladder (probably) updated, but score could not be retrieved (timeout).
|raw|Ladder (probably) updated, but score could not be retrieved (Error: socket hang up).
|leave|Coatay
|player|p1
|join|Pine trainer Jason