|join|Aka DH
|join|Coatay
|player|p1|Aka DH|68
|player|p2|Coatay|2
|gametype|singles
|gen|6
|tier|OU
|rated
|clearpoke
|poke|p1|Bisharp, M
|poke|p1|Venusaur, M
|poke|p1|Heatran, M
|poke|p1|Keldeo
|poke|p1|Chansey, F
|poke|p1|Skarmory, M
|poke|p2|Pinsir, M, shiny
|poke|p2|Latios, M
|poke|p2|Clefable, M
|poke|p2|Keldeo-Resolute, shiny
|poke|p2|Magnezone, shiny
|poke|p2|Landorus-Therian, M
|rule|Swagger Clause: Swagger is banned
|rule|Baton Pass Clause: Limit one PokÃ©mon knowing Baton Pass
|rule|Sleep Clause Mod: Limit one foe put to sleep
|rule|Species Clause: Limit one of each PokÃ©mon
|rule|OHKO Clause: OHKO moves are banned
|rule|Moody Clause: Moody is banned
|rule|Evasion Moves Clause: Evasion moves are banned
|rule|Endless Battle Clause: Forcing endless battles is banned
|rule|HP Percentage Mod: HP is shown in percentages
|teampreview
|join|CleanerThanRotom-W
|
|start
|switch|p1a: MoB Harley|Heatran, M|340\/340
|switch|p2a: Cat|Landorus-Therian, M|319\/319
|-ability|p2a: Cat|Intimidate|[of] p1a: MoB Harley
|-unboost|p1a: MoB Harley|atk|1
|-item|p1a: MoB Harley|Air Balloon
|turn|1
|
|move|p2a: Cat|U-turn|p1a: MoB Harley
|-resisted|p1a: MoB Harley
|-damage|p1a: MoB Harley|323\/340
|-enditem|p1a: MoB Harley|Air Balloon
|
|switch|p2a: Horse|Keldeo-Resolute, shiny|323\/323
|move|p1a: MoB Harley|Stealth Rock|p2a: Horse
|-sidestart|p2: Coatay|move: Stealth Rock
|
|turn|2
|join|i came from leddit
|c| i came from leddit|go bloody!
Aka DH made this room private.
|c| CleanerThanRotom-W|go bloody!
|
|switch|p1a: LT4B 1714|Venusaur, M|364\/364
|move|p2a: Horse|Scald|p1a: LT4B 1714
|-resisted|p1a: LT4B 1714
|-damage|p1a: LT4B 1714|263\/364
|
|turn|3
|
|switch|p2a: G6|Latios, M|309\/309
|-damage|p2a: G6|271\/309|[from] Stealth Rock
|detailschange|p1a: LT4B 1714|Venusaur-Mega, M
|message|Venusaur has Mega Evolved into Mega Venusaur!
|move|p1a: LT4B 1714|Giga Drain|p2a: G6
|-resisted|p2a: G6
|-damage|p2a: G6|222\/309
|-heal|p1a: LT4B 1714|288\/364|[from] drain|[of] p2a: G6
|
|turn|4
|
|move|p2a: G6|Draco Meteor|p1a: LT4B 1714
|-damage|p1a: LT4B 1714|41\/364
|-unboost|p2a: G6|spa|2
|-damage|p2a: G6|192\/309|[from] item: Life Orb
|move|p1a: LT4B 1714|Leech Seed|p2a: G6|[miss]
|-miss|p1a: LT4B 1714|p2a: G6
|
|turn|5
|
|move|p2a: G6|Recover|p2a: G6
|-heal|p2a: G6|309\/309
|move|p1a: LT4B 1714|Synthesis|p1a: LT4B 1714
|-heal|p1a: LT4B 1714|223\/364
|
|turn|6
|
|move|p2a: G6|Psyshock|p1a: LT4B 1714
|-crit|p1a: LT4B 1714
|-supereffective|p1a: LT4B 1714
|-damage|p1a: LT4B 1714|0 fnt
|-damage|p2a: G6|279\/309|[from] item: Life Orb
|faint|p1a: LT4B 1714
|
|c| i came from leddit|....
|
|switch|p1a: I came from leddit|Bisharp, M|334\/334
|turn|7
|
|switch|p2a: Horse|Keldeo-Resolute, shiny|323\/323
|-damage|p2a: Horse|303\/323|[from] Stealth Rock
|move|p1a: I came from leddit|Knock Off|p2a: Horse
|-crit|p2a: Horse
|-resisted|p2a: Horse
|-damage|p2a: Horse|153\/323
|-boost|p2a: Horse|atk|1|[from] ability: Justified
|-enditem|p2a: Horse|Choice Specs|[from] move: Knock Off|[of] p1a: I came from leddit
|
|turn|8
|
|switch|p1a: CleanerThanRotom-W|Skarmory, M|334\/334
|move|p2a: Horse|Secret Sword|p1a: CleanerThanRotom-W
|-damage|p1a: CleanerThanRotom-W|234\/334
|
|turn|9
|
|switch|p1a: MoB Harley|Heatran, M|323\/340
|move|p2a: Horse|Hydro Pump|p1a: MoB Harley
|-supereffective|p1a: MoB Harley
|-damage|p1a: MoB Harley|0 fnt
|faint|p1a: MoB Harley
|
|
|switch|p1a: jake the ripper|Keldeo|323\/323
|turn|10
|
|switch|p2a: G6|Latios, M|279\/309
|-damage|p2a: G6|241\/309|[from] Stealth Rock
|move|p1a: jake the ripper|Secret Sword|p2a: G6
|-resisted|p2a: G6
|-damage|p2a: G6|155\/309
|
|turn|11
|
|switch|p1a: I came from leddit|Bisharp, M|334\/334
|move|p2a: G6|Defog|p1a: I came from leddit
|-unboost|p1a: I came from leddit|evasion|1
|-boost|p1a: I came from leddit|atk|2|[from] ability: Defiant
|-sideend|p2: Coatay|Stealth Rock|[from] move: Defog|[of] p2a: G6
|
|turn|12
|
|move|p2a: G6|Draco Meteor|p1a: I came from leddit
|-resisted|p1a: I came from leddit
|-damage|p1a: I came from leddit|146\/334
|-unboost|p2a: G6|spa|2
|-damage|p2a: G6|125\/309|[from] item: Life Orb
|move|p1a: I came from leddit|Swords Dance|p1a: I came from leddit
|-boost|p1a: I came from leddit|atk|2
|
|-heal|p1a: I came from leddit|166\/334|[from] item: Leftovers
|turn|13
|c| i came from leddit|go me!
|
|move|p1a: I came from leddit|Sucker Punch|p2a: G6
|-supereffective|p2a: G6
|-damage|p2a: G6|0 fnt
|faint|p2a: G6
|
|-heal|p1a: I came from leddit|186\/334|[from] item: Leftovers
|
|switch|p2a: OG Mega Mence|Pinsir, M, shiny|271\/271
|-ability|p2a: OG Mega Mence|Mold Breaker
|turn|14
|
|detailschange|p2a: OG Mega Mence|Pinsir-Mega, M, shiny
|message|Pinsir has Mega Evolved into Mega Pinsir!
|move|p2a: OG Mega Mence|Quick Attack|p1a: I came from leddit
|-resisted|p1a: I came from leddit
|-damage|p1a: I came from leddit|132\/334
|move|p1a: I came from leddit|Sucker Punch|p2a: OG Mega Mence
|-fail|p2a: OG Mega Mence
|
|-heal|p1a: I came from leddit|152\/334|[from] item: Leftovers
|turn|15
|
|move|p1a: I came from leddit|Sucker Punch|p2a: OG Mega Mence
|-damage|p2a: OG Mega Mence|0 fnt
|faint|p2a: OG Mega Mence
|
|-heal|p1a: I came from leddit|172\/334|[from] item: Leftovers
|
|switch|p2a: Clef.|Clefable, M|390\/390
|turn|16
|
|move|p1a: I came from leddit|Iron Head|p2a: Clef.
|-supereffective|p2a: Clef.
|-damage|p2a: Clef.|0 fnt
|faint|p2a: Clef.
|
|-heal|p1a: I came from leddit|192\/334|[from] item: Leftovers
|
|switch|p2a: Zone'd|Magnezone, shiny|281\/281
|turn|17
|c| i came from leddit|lol
|
|move|p1a: I came from leddit|Sucker Punch|p2a: Zone'd
|-damage|p2a: Zone'd|0 fnt
|faint|p2a: Zone'd
|
|-heal|p1a: I came from leddit|212\/334|[from] item: Leftovers
|-message|Coatay forfeited.
|
|win|Aka DH
|raw|Ladder updating...
|leave|Coatay
|player|p2
|raw|Aka DH's rating: 1943 &rarr; <strong>1952<\/strong><br \/>(+9 for winning)
|raw|Coatay's rating: 1727 &rarr; <strong>1718<\/strong><br \/>(-9 for losing)