|join|solitudeproject
|join|tmmh
|player|p1|solitudeproject|153
|player|p2|tmmh|290
|gametype|singles
|gen|6
|tier|OU
|rated
|clearpoke
|poke|p1|Scizor, F
|poke|p1|Landorus-Therian, M
|poke|p1|Florges, F
|poke|p1|Talonflame, F
|poke|p1|Gothitelle, M
|poke|p1|Mandibuzz, F
|poke|p2|Alakazam, M
|poke|p2|Excadrill, M
|poke|p2|Tyranitar, M
|poke|p2|Umbreon, M
|poke|p2|Charizard, M
|poke|p2|Ferrothorn, F
|rule|Swagger Clause: Swagger is banned
|rule|Baton Pass Clause: Limit one PokÃ©mon knowing Baton Pass
|rule|Sleep Clause Mod: Limit one foe put to sleep
|rule|Species Clause: Limit one of each PokÃ©mon
|rule|OHKO Clause: OHKO moves are banned
|rule|Moody Clause: Moody is banned
|rule|Evasion Moves Clause: Evasion moves are banned
|rule|Endless Battle Clause: Forcing endless battles is banned
|rule|HP Percentage Mod: HP is shown in percentages
|teampreview
|
|start
|switch|p1a: Landorus-Therian|Landorus-Therian, M|320\/320
|switch|p2a: Tyrannosaurus|Tyranitar, M|401\/401
|-ability|p1a: Landorus-Therian|Intimidate|[of] p2a: Tyrannosaurus
|-unboost|p2a: Tyrannosaurus|atk|1
|-weather|Sandstorm
|turn|1
|
|move|p1a: Landorus-Therian|Earthquake|p2a: Tyrannosaurus
|-crit|p2a: Tyrannosaurus
|-supereffective|p2a: Tyrannosaurus
|-damage|p2a: Tyrannosaurus|0 fnt
|faint|p2a: Tyrannosaurus
|
|-weather|Sandstorm|[upkeep]
|c|âtmmh|that crit
|
|switch|p2a: Charizard|Charizard, M|301\/301
|turn|2
|c|âsolitudeproject|...wow
|
|move|p1a: Landorus-Therian|Stone Edge|p2a: Charizard|[miss]
|-miss|p1a: Landorus-Therian|p2a: Charizard
|move|p2a: Charizard|Dragon Dance|p2a: Charizard
|-boost|p2a: Charizard|atk|1
|-boost|p2a: Charizard|spe|1
|
|-weather|Sandstorm|[upkeep]
|-damage|p2a: Charizard|283\/301|[from] sandstorm
|turn|3
|
|detailschange|p2a: Charizard|Charizard-Mega-X, M
|-mega|p2a: Charizard|Charizard|Charizardite X
|move|p2a: Charizard|Dragon Claw|p1a: Landorus-Therian
|-damage|p1a: Landorus-Therian|0 fnt
|faint|p1a: Landorus-Therian
|
|-weather|Sandstorm|[upkeep]
|-damage|p2a: Charizard|265\/301|[from] sandstorm
|
|switch|p1a: Mandibuzz|Mandibuzz, F|423\/423
|turn|4
|
|move|p2a: Charizard|Fire Punch|p1a: Mandibuzz
|-damage|p1a: Mandibuzz|204\/423
|-damage|p2a: Charizard|215\/301|[from] item: Rocky Helmet|[of] p1a: Mandibuzz
|move|p1a: Mandibuzz|Foul Play|p2a: Charizard
|-damage|p2a: Charizard|0 fnt
|faint|p2a: Charizard
|
|-weather|Sandstorm|[upkeep]
|
|switch|p2a: Ex-Boyfriend|Excadrill, M|361\/361
|-item|p2a: Ex-Boyfriend|Air Balloon
|turn|5
|
|move|p2a: Ex-Boyfriend|Rock Slide|p1a: Mandibuzz
|-miss|p2a: Ex-Boyfriend|p1a: Mandibuzz
|move|p1a: Mandibuzz|Foul Play|p2a: Ex-Boyfriend
|-damage|p2a: Ex-Boyfriend|99\/361
|-enditem|p2a: Ex-Boyfriend|Air Balloon
|
|-weather|Sandstorm|[upkeep]
|turn|6
|c|âtmmh|this game
|
|move|p2a: Ex-Boyfriend|Rock Slide|p1a: Mandibuzz
|-miss|p2a: Ex-Boyfriend|p1a: Mandibuzz
|move|p1a: Mandibuzz|Foul Play|p2a: Ex-Boyfriend
|-damage|p2a: Ex-Boyfriend|0 fnt
|faint|p2a: Ex-Boyfriend
|
|-weather|Sandstorm|[upkeep]
|c|âtmmh|lol
|c|âsolitudeproject|what
|
|switch|p2a: Cactus|Ferrothorn, F|351\/351
|turn|7
|c|âsolitudeproject|ahah
|
|move|p1a: Mandibuzz|Knock Off|p2a: Cactus
|-damage|p2a: Cactus|287\/351
|-damage|p1a: Mandibuzz|152\/423|[from] ability: Iron Barbs|[of] p2a: Cactus
|-damage|p1a: Mandibuzz|82\/423|[from] item: Rocky Helmet|[of] p2a: Cactus
|-enditem|p2a: Cactus|Rocky Helmet|[from] move: Knock Off|[of] p1a: Mandibuzz
|move|p2a: Cactus|Thunder Wave|p1a: Mandibuzz
|-status|p1a: Mandibuzz|par
|
|-weather|Sandstorm|[upkeep]
|turn|8
|
|move|p1a: Mandibuzz|Roost|p1a: Mandibuzz
|-heal|p1a: Mandibuzz|294\/423 par
|move|p2a: Cactus|Leech Seed|p1a: Mandibuzz
|-start|p1a: Mandibuzz|move: Leech Seed
|
|-weather|none
|-damage|p1a: Mandibuzz|242\/423 par|[from] Leech Seed|[of] p2a: Cactus
|-heal|p2a: Cactus|339\/351|[silent]
|turn|9
|
|switch|p1a: Talonflame|Talonflame, F|359\/359
|move|p2a: Cactus|Knock Off|p1a: Talonflame
|-damage|p1a: Talonflame|259\/359
|-enditem|p1a: Talonflame|Leftovers|[from] move: Knock Off|[of] p2a: Cactus
|
|turn|10
|
|switch|p2a: Dark Horse|Umbreon, M|394\/394
|move|p1a: Talonflame|Bulk Up|p1a: Talonflame
|-boost|p1a: Talonflame|atk|1
|-boost|p1a: Talonflame|def|1
|
|turn|11
|
|move|p1a: Talonflame|Bulk Up|p1a: Talonflame
|-boost|p1a: Talonflame|atk|1
|-boost|p1a: Talonflame|def|1
|move|p2a: Dark Horse|Foul Play|p1a: Talonflame
|-damage|p1a: Talonflame|132\/359
|
|turn|12
|
|switch|p2a: Cactus|Ferrothorn, F|339\/351
|move|p1a: Talonflame|Brave Bird|p2a: Cactus
|-damage|p2a: Cactus|144\/351
|-damage|p1a: Talonflame|88\/359|[from] ability: Iron Barbs|[of] p2a: Cactus
|-damage|p1a: Talonflame|24\/359|[from] recoil|[of] p2a: Cactus
|
|turn|13
|
|move|p1a: Talonflame|Roost|p1a: Talonflame
|-heal|p1a: Talonflame|204\/359
|move|p2a: Cactus|Thunder Wave|p1a: Talonflame
|-status|p1a: Talonflame|par
|
|turn|14
|
|move|p1a: Talonflame|Roost|p1a: Talonflame
|-heal|p1a: Talonflame|359\/359 par
|move|p2a: Cactus|Leech Seed|p1a: Talonflame
|-start|p1a: Talonflame|move: Leech Seed
|
|-damage|p1a: Talonflame|315\/359 par|[from] Leech Seed|[of] p2a: Cactus
|-heal|p2a: Cactus|188\/351|[silent]
|turn|15
|
|switch|p2a: Dark Horse|Umbreon, M|394\/394
|move|p1a: Talonflame|Bulk Up|p1a: Talonflame
|-boost|p1a: Talonflame|atk|1
|-boost|p1a: Talonflame|def|1
|
|-damage|p1a: Talonflame|271\/359 par|[from] Leech Seed|[of] p2a: Dark Horse
|turn|16
|
|move|p1a: Talonflame|Brave Bird|p2a: Dark Horse
|-damage|p2a: Dark Horse|195\/394
|-damage|p1a: Talonflame|205\/359 par|[from] recoil|[of] p2a: Dark Horse
|move|p2a: Dark Horse|Foul Play|p1a: Talonflame
|-damage|p1a: Talonflame|84\/359 par
|
|-heal|p2a: Dark Horse|219\/394|[from] item: Leftovers
|-damage|p1a: Talonflame|40\/359 par|[from] Leech Seed|[of] p2a: Dark Horse
|-heal|p2a: Dark Horse|263\/394|[silent]
|turn|17
|
|switch|p1a: Florges|Florges, F|360\/360
|move|p2a: Dark Horse|Wish|p2a: Dark Horse
|
|-heal|p2a: Dark Horse|287\/394|[from] item: Leftovers
|turn|18
|
|switch|p2a: Cactus|Ferrothorn, F|188\/351
|move|p1a: Florges|Moonblast|p2a: Cactus
|-resisted|p2a: Cactus
|-damage|p2a: Cactus|148\/351
|
|-heal|p2a: Cactus|345\/351|[from] move: Wish|[wisher] Dark Horse
|turn|19
|
|switch|p1a: Gothitelle|Gothitelle, M|344\/344
|move|p2a: Cactus|Leech Seed|p1a: Gothitelle
|-start|p1a: Gothitelle|move: Leech Seed
|
|-damage|p1a: Gothitelle|301\/344|[from] Leech Seed|[of] p2a: Cactus
|-heal|p2a: Cactus|351\/351|[silent]
|turn|20
|
|move|p1a: Gothitelle|Calm Mind|p1a: Gothitelle
|-boost|p1a: Gothitelle|spa|1
|-boost|p1a: Gothitelle|spd|1
|move|p2a: Cactus|Knock Off|p1a: Gothitelle
|-crit|p1a: Gothitelle
|-supereffective|p1a: Gothitelle
|-damage|p1a: Gothitelle|117\/344
|-enditem|p1a: Gothitelle|Chesto Berry|[from] move: Knock Off|[of] p2a: Cactus
|
|-damage|p1a: Gothitelle|74\/344|[from] Leech Seed|[of] p2a: Cactus
|turn|21
|
|switch|p1a: Scizor|Scizor, F|343\/343
|move|p2a: Cactus|Knock Off|p1a: Scizor
|-damage|p1a: Scizor|307\/343
|
|turn|22
|
|detailschange|p1a: Scizor|Scizor-Mega, F
|-mega|p1a: Scizor|Scizor|Scizorite
|move|p1a: Scizor|Swords Dance|p1a: Scizor
|-boost|p1a: Scizor|atk|2
|move|p2a: Cactus|Thunder Wave|p1a: Scizor
|-status|p1a: Scizor|par
|
|turn|23
|
|move|p1a: Scizor|Swords Dance|p1a: Scizor
|-boost|p1a: Scizor|atk|2
|move|p2a: Cactus|Leech Seed|p1a: Scizor
|-start|p1a: Scizor|move: Leech Seed
|
|-damage|p1a: Scizor|265\/343 par|[from] Leech Seed|[of] p2a: Cactus
|turn|24
|
|move|p1a: Scizor|Swords Dance|p1a: Scizor
|-boost|p1a: Scizor|atk|2
|move|p2a: Cactus|Knock Off|p1a: Scizor
|-damage|p1a: Scizor|237\/343 par
|
|-damage|p1a: Scizor|195\/343 par|[from] Leech Seed|[of] p2a: Cactus
|turn|25
|
|move|p1a: Scizor|U-turn|p2a: Cactus
|-damage|p2a: Cactus|0 fnt
|-damage|p1a: Scizor|153\/343 par|[from] ability: Iron Barbs|[of] p2a: Cactus
|faint|p2a: Cactus
|
|switch|p1a: Florges|Florges, F|360\/360
|
|
|switch|p2a: David Copperfield|Alakazam, M|252\/252
|turn|26
|c|âsolitudeproject|this was really cool
|
|move|p2a: David Copperfield|Psyshock|p1a: Florges
|-damage|p1a: Florges|118\/360
|move|p1a: Florges|Toxic|p2a: David Copperfield
|-status|p2a: David Copperfield|tox
|
|-heal|p1a: Florges|140\/360|[from] item: Leftovers
|turn|27
|
|switch|p1a: Mandibuzz|Mandibuzz, F|242\/423 par
|move|p2a: David Copperfield|Psyshock|p1a: Mandibuzz
|-immune|p1a: Mandibuzz|[msg]
|
|turn|28
|
|move|p2a: David Copperfield|Focus Blast|p1a: Mandibuzz|[miss]
|-miss|p2a: David Copperfield|p1a: Mandibuzz
|move|p1a: Mandibuzz|Knock Off|p2a: David Copperfield
|-supereffective|p2a: David Copperfield
|-damage|p2a: David Copperfield|0 fnt
|-enditem|p2a: David Copperfield|Life Orb|[from] move: Knock Off|[of] p1a: Mandibuzz
|faint|p2a: David Copperfield
|
|c|âtmmh|i got bad lucjk all the time
|c|âtmmh|see?
|c|âsolitudeproject|yeah i see
|
|switch|p2a: Dark Horse|Umbreon, M|287\/394
|turn|29
|c|âsolitudeproject|tioo much hax in this game
|c|âsolitudeproject|good team btw
|
|move|p2a: Dark Horse|Protect|p2a: Dark Horse
|-singleturn|p2a: Dark Horse|Protect
|move|p1a: Mandibuzz|Knock Off|p2a: Dark Horse
|-activate|p2a: Dark Horse|Protect
|
|-heal|p2a: Dark Horse|311\/394|[from] item: Leftovers
|turn|30
|
|move|p2a: Dark Horse|Foul Play|p1a: Mandibuzz
|-resisted|p1a: Mandibuzz
|-damage|p1a: Mandibuzz|212\/423 par
|-damage|p2a: Dark Horse|246\/394|[from] item: Rocky Helmet|[of] p1a: Mandibuzz
|move|p1a: Mandibuzz|Knock Off|p2a: Dark Horse
|-resisted|p2a: Dark Horse
|-damage|p2a: Dark Horse|216\/394
|-enditem|p2a: Dark Horse|Leftovers|[from] move: Knock Off|[of] p1a: Mandibuzz
|
|turn|31
|
|switch|p1a: Florges|Florges, F|140\/360
|move|p2a: Dark Horse|Wish|p2a: Dark Horse
|
|-heal|p1a: Florges|162\/360|[from] item: Leftovers
|turn|32
|
|move|p1a: Florges|Heal Bell|p1a: Florges
|-cureteam|p1a: Florges|[from] move: HealBell
|move|p2a: Dark Horse|Foul Play|p1a: Florges
|-resisted|p1a: Florges
|-damage|p1a: Florges|121\/360
|
|-heal|p2a: Dark Horse|394\/394|[from] move: Wish|[wisher] Dark Horse
|-heal|p1a: Florges|143\/360|[from] item: Leftovers
|turn|33
|
|move|p1a: Florges|Moonblast|p2a: Dark Horse
|-supereffective|p2a: Dark Horse
|-damage|p2a: Dark Horse|206\/394
|move|p2a: Dark Horse|Foul Play|p1a: Florges
|-resisted|p1a: Florges
|-damage|p1a: Florges|104\/360
|
|-heal|p1a: Florges|126\/360|[from] item: Leftovers
|turn|34
|c|âtmmh|gg
|-message|tmmh forfeited.
|
|win|solitudeproject
|raw|Ladder updating...
|leave|tmmh
|player|p2
|raw|solitudeproject's rating: 1349 &rarr; <strong>1372<\/strong><br \/>(+23 for winning)
|raw|tmmh's rating: 1389 &rarr; <strong>1367<\/strong><br \/>(-22 for losing)