|join|Johnny tots
|join|Deykar
|player|p1|Johnny tots|265
|player|p2|Deykar|163
|gametype|singles
|gen|6
|tier|OU
|rated
|clearpoke
|poke|p1|Dragonite, M
|poke|p1|Gyarados, F
|poke|p1|Landorus-Therian, M
|poke|p1|Charizard, M
|poke|p1|Thundurus-Therian, M
|poke|p1|Scizor, M
|poke|p2|Pikachu, M
|poke|p2|Snorlax, F
|poke|p2|Espeon, M
|poke|p2|Charizard, M
|poke|p2|Venusaur, F
|poke|p2|Lapras, F
|rule|Swagger Clause: Swagger is banned
|rule|Baton Pass Clause: Limit one PokÃ©mon knowing Baton Pass
|rule|Sleep Clause Mod: Limit one foe put to sleep
|rule|Species Clause: Limit one of each PokÃ©mon
|rule|OHKO Clause: OHKO moves are banned
|rule|Moody Clause: Moody is banned
|rule|Evasion Moves Clause: Evasion moves are banned
|rule|Endless Battle Clause: Forcing endless battles is banned
|rule|HP Percentage Mod: HP is shown in percentages
|teampreview
|
|start
|switch|p1a: Gyarados|Gyarados, F|331\/331
|switch|p2a: Pikachu|Pikachu, M|211\/211
|turn|1
|
|switch|p1a: Landorus-Therian|Landorus-Therian, M|319\/319
|-ability|p1a: Landorus-Therian|Intimidate|[of] p2a: Pikachu
|-unboost|p2a: Pikachu|atk|1
|move|p2a: Pikachu|Fake Out|p1a: Landorus-Therian
|-damage|p1a: Landorus-Therian|282\/319
|
|-heal|p1a: Landorus-Therian|301\/319|[from] item: Leftovers
|turn|2
|
|switch|p2a: Venusaur|Venusaur, F|364\/364
|move|p1a: Landorus-Therian|Swords Dance|p1a: Landorus-Therian
|-boost|p1a: Landorus-Therian|atk|2
|
|-heal|p1a: Landorus-Therian|319\/319|[from] item: Leftovers
|turn|3
|
|detailschange|p2a: Venusaur|Venusaur-Mega, F
|message|Venusaur has Mega Evolved into Mega Venusaur!
|move|p1a: Landorus-Therian|Earthquake|p2a: Venusaur
|-damage|p2a: Venusaur|148\/364
|move|p2a: Venusaur|Sleep Powder|p1a: Landorus-Therian
|-status|p1a: Landorus-Therian|slp
|
|turn|4
|
|switch|p1a: Scizor|Scizor, M|281\/281
|move|p2a: Venusaur|Leech Seed|p1a: Scizor
|-start|p1a: Scizor|move: Leech Seed
|
|-damage|p1a: Scizor|246\/281|[from] Leech Seed|[of] p2a: Venusaur
|-heal|p2a: Venusaur|183\/364|[silent]
|turn|5
|c|âJohnny tots|tryna be ash?
|c|âDeykar|Red
|c|âDeykar|Ash never had Espeon^^
|
|switch|p1a: Charizard|Charizard, M|298\/298
|move|p2a: Venusaur|Hidden Power|p1a: Charizard
|-resisted|p1a: Charizard
|-damage|p1a: Charizard|265\/298
|
|turn|6
|
|switch|p2a: Snorlax|Snorlax, F|524\/524
|detailschange|p1a: Charizard|Charizard-Mega-X, M
|message|Charizard has Mega Evolved into Mega Charizard!
|move|p1a: Charizard|Dragon Dance|p1a: Charizard
|-boost|p1a: Charizard|atk|1
|-boost|p1a: Charizard|spe|1
|
|turn|7
|
|move|p1a: Charizard|Dragon Claw|p2a: Snorlax
|-damage|p2a: Snorlax|70\/524
|move|p2a: Snorlax|Counter|p1a: Charizard
|-damage|p1a: Charizard|0 fnt
|faint|p1a: Charizard
|
|
|switch|p1a: Dragonite|Dragonite, M|323\/323
|turn|8
|
|switch|p2a: Lapras|Lapras, F|401\/401
|move|p1a: Dragonite|Dragon Dance|p1a: Dragonite
|-boost|p1a: Dragonite|atk|1
|-boost|p1a: Dragonite|spe|1
|
|turn|9
|
|move|p2a: Lapras|Ice Shard|p1a: Dragonite
|-supereffective|p1a: Dragonite
|-damage|p1a: Dragonite|188\/323
|-damage|p2a: Lapras|361\/401|[from] item: Life Orb
|move|p1a: Dragonite|Thunder Punch|p2a: Lapras
|-supereffective|p2a: Lapras
|-damage|p2a: Lapras|9\/401
|
|turn|10
|
|switch|p1a: Scizor|Scizor, M|246\/281
|move|p2a: Lapras|Ice Shard|p1a: Scizor
|-resisted|p1a: Scizor
|-damage|p1a: Scizor|216\/281
|-damage|p2a: Lapras|0 fnt|[from] item: Life Orb
|faint|p2a: Lapras
|
|-heal|p1a: Scizor|233\/281|[from] item: Leftovers
|
|switch|p2a: Charizard|Charizard, M|297\/297
|turn|11
|
|move|p2a: Charizard|Will-O-Wisp|p1a: Scizor
|-status|p1a: Scizor|brn
|move|p1a: Scizor|Toxic|p2a: Charizard
|-status|p2a: Charizard|tox
|
|-heal|p1a: Scizor|250\/281 brn|[from] item: Leftovers
|-damage|p2a: Charizard|279\/297 tox|[from] psn
|-damage|p1a: Scizor|215\/281 brn|[from] brn
|turn|12
|
|move|p1a: Scizor|Bullet Punch|p2a: Charizard
|-resisted|p2a: Charizard
|-damage|p2a: Charizard|250\/297 tox
|move|p2a: Charizard|Flamethrower|p1a: Scizor
|-supereffective|p1a: Scizor
|-damage|p1a: Scizor|0 fnt
|-damage|p2a: Charizard|221\/297 tox|[from] item: Life Orb
|faint|p1a: Scizor
|
|-damage|p2a: Charizard|185\/297 tox|[from] psn
|
|switch|p1a: Gyarados|Gyarados, F|331\/331
|turn|13
|
|move|p2a: Charizard|Will-O-Wisp|p1a: Gyarados|[miss]
|-miss|p2a: Charizard|p1a: Gyarados
|move|p1a: Gyarados|Dragon Dance|p1a: Gyarados
|-boost|p1a: Gyarados|atk|1
|-boost|p1a: Gyarados|spe|1
|
|-damage|p2a: Charizard|131\/297 tox|[from] psn
|turn|14
|
|move|p1a: Gyarados|Dragon Dance|p1a: Gyarados
|-boost|p1a: Gyarados|atk|1
|-boost|p1a: Gyarados|spe|1
|move|p2a: Charizard|Will-O-Wisp|p1a: Gyarados
|-status|p1a: Gyarados|brn
|-enditem|p1a: Gyarados|Lum Berry|[eat]
|-curestatus|p1a: Gyarados|brn
|
|-damage|p2a: Charizard|59\/297 tox|[from] psn
|turn|15
|
|move|p1a: Gyarados|Ice Fang|p2a: Charizard
|-damage|p2a: Charizard|0 fnt
|faint|p2a: Charizard
|-boost|p1a: Gyarados|atk|1|[from] ability: Moxie
|
|
|switch|p2a: Espeon|Espeon, M|272\/272
|turn|16
|
|move|p1a: Gyarados|Earthquake|p2a: Espeon
|-enditem|p2a: Espeon|Focus Sash
|-damage|p2a: Espeon|1\/272
|move|p2a: Espeon|Trick Room|p2a: Espeon
|-fieldstart|move: Trick Room|[of] p2a: Espeon
|
|turn|17
|
|move|p2a: Espeon|Psyshock|p1a: Gyarados
|-damage|p1a: Gyarados|186\/331
|move|p1a: Gyarados|Taunt|p2a: Espeon
|move|p2a: Espeon|Taunt|p1a: Gyarados|[from]Magic Bounce
|-start|p1a: Gyarados|move: Taunt
|
|turn|18
|
|move|p2a: Espeon|Dazzling Gleam|p1a: Gyarados
|-damage|p1a: Gyarados|88\/331
|move|p1a: Gyarados|Earthquake|p2a: Espeon
|-damage|p2a: Espeon|0 fnt
|faint|p2a: Espeon
|-boost|p1a: Gyarados|atk|1|[from] ability: Moxie
|
|
|switch|p2a: Pikachu|Pikachu, M|211\/211
|turn|19
|
|switch|p1a: Landorus-Therian|Landorus-Therian, M|319\/319 slp
|-ability|p1a: Landorus-Therian|Intimidate|[of] p2a: Pikachu
|-unboost|p2a: Pikachu|atk|1
|move|p2a: Pikachu|Volt Tackle|p1a: Landorus-Therian
|-immune|p1a: Landorus-Therian|[msg]
|
|turn|20
|
|switch|p1a: Thundurus-Therian|Thundurus-Therian, M|300\/300
|switch|p2a: Venusaur|Venusaur-Mega, F|183\/364
|
|-fieldend|move: Trick Room
|turn|21
|
|move|p1a: Thundurus-Therian|Nasty Plot|p1a: Thundurus-Therian
|-boost|p1a: Thundurus-Therian|spa|2
|move|p2a: Venusaur|Leech Seed|p1a: Thundurus-Therian
|-start|p1a: Thundurus-Therian|move: Leech Seed
|
|-damage|p1a: Thundurus-Therian|263\/300|[from] Leech Seed|[of] p2a: Venusaur
|-heal|p2a: Venusaur|220\/364|[silent]
|turn|22
|
|move|p1a: Thundurus-Therian|Nasty Plot|p1a: Thundurus-Therian
|-boost|p1a: Thundurus-Therian|spa|2
|move|p2a: Venusaur|Synthesis|p2a: Venusaur
|-heal|p2a: Venusaur|364\/364
|
|-heal|p1a: Thundurus-Therian|281\/300|[from] item: Leftovers
|-damage|p1a: Thundurus-Therian|244\/300|[from] Leech Seed|[of] p2a: Venusaur
|turn|23
|
|switch|p2a: Snorlax|Snorlax, F|70\/524
|move|p1a: Thundurus-Therian|Nasty Plot|p1a: Thundurus-Therian
|-boost|p1a: Thundurus-Therian|spa|2
|
|-heal|p1a: Thundurus-Therian|262\/300|[from] item: Leftovers
|-damage|p1a: Thundurus-Therian|225\/300|[from] Leech Seed|[of] p2a: Snorlax
|-heal|p2a: Snorlax|107\/524|[silent]
|turn|24
|
|move|p1a: Thundurus-Therian|Hidden Power|p2a: Snorlax
|-damage|p2a: Snorlax|39\/524
|move|p2a: Snorlax|Return|p1a: Thundurus-Therian
|-damage|p1a: Thundurus-Therian|74\/300
|
|-heal|p1a: Thundurus-Therian|92\/300|[from] item: Leftovers
|-damage|p1a: Thundurus-Therian|55\/300|[from] Leech Seed|[of] p2a: Snorlax
|-heal|p2a: Snorlax|76\/524|[silent]
|turn|25
|
|move|p1a: Thundurus-Therian|Thunderbolt|p2a: Snorlax
|-damage|p2a: Snorlax|0 fnt
|faint|p2a: Snorlax
|
|-heal|p1a: Thundurus-Therian|73\/300|[from] item: Leftovers
|
|switch|p2a: Pikachu|Pikachu, M|211\/211
|turn|26
|
|switch|p1a: Landorus-Therian|Landorus-Therian, M|319\/319 slp
|-ability|p1a: Landorus-Therian|Intimidate|[of] p2a: Pikachu
|-unboost|p2a: Pikachu|atk|1
|move|p2a: Pikachu|Fake Out|p1a: Landorus-Therian
|-damage|p1a: Landorus-Therian|282\/319 slp
|
|-heal|p1a: Landorus-Therian|301\/319 slp|[from] item: Leftovers
|turn|27
|
|switch|p2a: Venusaur|Venusaur-Mega, F|364\/364
|switch|p1a: Dragonite|Dragonite, M|188\/323
|
|turn|28
|
|switch|p1a: Landorus-Therian|Landorus-Therian, M|301\/319 slp
|-ability|p1a: Landorus-Therian|Intimidate|[of] p2a: Venusaur
|-unboost|p2a: Venusaur|atk|1
|move|p2a: Venusaur|Leech Seed|p1a: Landorus-Therian
|-start|p1a: Landorus-Therian|move: Leech Seed
|
|-heal|p1a: Landorus-Therian|319\/319 slp|[from] item: Leftovers
|-damage|p1a: Landorus-Therian|280\/319 slp|[from] Leech Seed|[of] p2a: Venusaur
|turn|29
|
|switch|p1a: Thundurus-Therian|Thundurus-Therian, M|73\/300
|move|p2a: Venusaur|Hidden Power|p1a: Thundurus-Therian
|-damage|p1a: Thundurus-Therian|26\/300
|
|-heal|p1a: Thundurus-Therian|44\/300|[from] item: Leftovers
|turn|30
|
|move|p1a: Thundurus-Therian|Thunderbolt|p2a: Venusaur
|-resisted|p2a: Venusaur
|-damage|p2a: Venusaur|296\/364
|move|p2a: Venusaur|Hidden Power|p1a: Thundurus-Therian
|-damage|p1a: Thundurus-Therian|0 fnt
|faint|p1a: Thundurus-Therian
|
|
|switch|p1a: Gyarados|Gyarados, F|88\/331
|turn|31
|
|move|p1a: Gyarados|Taunt|p2a: Venusaur
|-start|p2a: Venusaur|move: Taunt
|cant|p2a: Venusaur|move: Taunt|Leech Seed
|
|turn|32
|
|switch|p2a: Pikachu|Pikachu, M|211\/211
|move|p1a: Gyarados|Dragon Dance|p1a: Gyarados
|-boost|p1a: Gyarados|atk|1
|-boost|p1a: Gyarados|spe|1
|
|turn|33
|
|move|p2a: Pikachu|Fake Out|p1a: Gyarados
|-damage|p1a: Gyarados|23\/331
|cant|p1a: Gyarados|flinch
|
|turn|34
|
|move|p2a: Pikachu|Quick Attack|p1a: Gyarados
|-damage|p1a: Gyarados|0 fnt
|faint|p1a: Gyarados
|
|
|switch|p1a: Landorus-Therian|Landorus-Therian, M|280\/319 slp
|-ability|p1a: Landorus-Therian|Intimidate|[of] p2a: Pikachu
|-unboost|p2a: Pikachu|atk|1
|turn|35
|
|switch|p2a: Venusaur|Venusaur-Mega, F|296\/364
|cant|p1a: Landorus-Therian|slp
|
|-heal|p1a: Landorus-Therian|299\/319 slp|[from] item: Leftovers
|turn|36
|
|cant|p1a: Landorus-Therian|slp
|move|p2a: Venusaur|Leech Seed|p1a: Landorus-Therian
|-start|p1a: Landorus-Therian|move: Leech Seed
|
|-heal|p1a: Landorus-Therian|318\/319 slp|[from] item: Leftovers
|-damage|p1a: Landorus-Therian|279\/319 slp|[from] Leech Seed|[of] p2a: Venusaur
|-heal|p2a: Venusaur|335\/364|[silent]
|turn|37
|
|cant|p1a: Landorus-Therian|slp
|move|p2a: Venusaur|Hidden Power|p1a: Landorus-Therian
|-damage|p1a: Landorus-Therian|212\/319 slp
|
|-heal|p1a: Landorus-Therian|231\/319 slp|[from] item: Leftovers
|-damage|p1a: Landorus-Therian|192\/319 slp|[from] Leech Seed|[of] p2a: Venusaur
|-heal|p2a: Venusaur|364\/364|[silent]
|turn|38
|
|-curestatus|p1a: Landorus-Therian|slp
|move|p1a: Landorus-Therian|Swords Dance|p1a: Landorus-Therian
|-boost|p1a: Landorus-Therian|atk|2
|move|p2a: Venusaur|Hidden Power|p1a: Landorus-Therian
|-damage|p1a: Landorus-Therian|122\/319
|
|-heal|p1a: Landorus-Therian|141\/319|[from] item: Leftovers
|-damage|p1a: Landorus-Therian|102\/319|[from] Leech Seed|[of] p2a: Venusaur
|turn|39
|
|move|p1a: Landorus-Therian|Earthquake|p2a: Venusaur
|-damage|p2a: Venusaur|115\/364
|move|p2a: Venusaur|Sleep Powder|p1a: Landorus-Therian
|-status|p1a: Landorus-Therian|slp
|
|-heal|p1a: Landorus-Therian|121\/319 slp|[from] item: Leftovers
|-damage|p1a: Landorus-Therian|82\/319 slp|[from] Leech Seed|[of] p2a: Venusaur
|-heal|p2a: Venusaur|154\/364|[silent]
|turn|40
|
|switch|p1a: Dragonite|Dragonite, M|188\/323
|move|p2a: Venusaur|Synthesis|p2a: Venusaur
|-heal|p2a: Venusaur|336\/364
|
|turn|41
|
|move|p1a: Dragonite|Dragon Dance|p1a: Dragonite
|-boost|p1a: Dragonite|atk|1
|-boost|p1a: Dragonite|spe|1
|move|p2a: Venusaur|Leech Seed|p1a: Dragonite
|-start|p1a: Dragonite|move: Leech Seed
|
|-damage|p1a: Dragonite|148\/323|[from] Leech Seed|[of] p2a: Venusaur
|-heal|p2a: Venusaur|364\/364|[silent]
|turn|42
|
|move|p1a: Dragonite|Ice Punch|p2a: Venusaur
|-supereffective|p2a: Venusaur
|-damage|p2a: Venusaur|268\/364
|move|p2a: Venusaur|Hidden Power|p1a: Dragonite
|-resisted|p1a: Dragonite
|-damage|p1a: Dragonite|120\/323
|
|-damage|p1a: Dragonite|80\/323|[from] Leech Seed|[of] p2a: Venusaur
|-heal|p2a: Venusaur|308\/364|[silent]
|turn|43
|-message|Johnny tots forfeited.
|
|win|Deykar
|raw|Ladder updating...
|raw|Johnny tots's rating: 1492 &rarr; <strong>1468<\/strong><br \/>(-24 for losing)
|raw|Deykar's rating: 1415 &rarr; <strong>1439<\/strong><br \/>(+24 for winning)
|leave|Johnny tots
|player|p1