|join|Luka Pucko
|join|Johnny Tots
|player|p1|Luka Pucko|249
|player|p2|Johnny Tots|1
|gametype|singles
|gen|6
|tier|OU
|rated
|clearpoke
|poke|p1|Clefable, M
|poke|p1|Arcanine, F
|poke|p1|Mantine, F
|poke|p1|Chesnaught, M
|poke|p1|Ampharos, F
|poke|p1|Bronzong
|poke|p2|Dragonite, F
|poke|p2|Gyarados, M
|poke|p2|Landorus-Therian, M
|poke|p2|Charizard, F
|poke|p2|Thundurus-Therian, M
|poke|p2|Scizor, F
|rule|Swagger Clause: Swagger is banned
|rule|Baton Pass Clause: Limit one PokÃ©mon knowing Baton Pass
|rule|Sleep Clause Mod: Limit one foe put to sleep
|rule|Species Clause: Limit one of each PokÃ©mon
|rule|OHKO Clause: OHKO moves are banned
|rule|Moody Clause: Moody is banned
|rule|Evasion Moves Clause: Evasion moves are banned
|rule|Endless Battle Clause: Forcing endless battles is banned
|rule|HP Percentage Mod: HP is shown in percentages
|teampreview
|
|start
|switch|p1a: >birdspam|Arcanine, F|383\/383
|switch|p2a: Gyarados|Gyarados, M|331\/331
|-ability|p1a: >birdspam|Intimidate|[of] p2a: Gyarados
|-unboost|p2a: Gyarados|atk|1
|turn|1
|
|move|p2a: Gyarados|Dragon Dance|p2a: Gyarados
|-boost|p2a: Gyarados|atk|1
|-boost|p2a: Gyarados|spe|1
|move|p1a: >birdspam|Will-O-Wisp|p2a: Gyarados|[miss]
|-miss|p1a: >birdspam|p2a: Gyarados
|
|turn|2
|
|move|p2a: Gyarados|Taunt|p1a: >birdspam
|-start|p1a: >birdspam|move: Taunt
|cant|p1a: >birdspam|move: Taunt|Will-O-Wisp
|
|turn|3
|
|switch|p1a: Based Lordsquad|Clefable, M|393\/393
|move|p2a: Gyarados|Dragon Dance|p2a: Gyarados
|-boost|p2a: Gyarados|atk|1
|-boost|p2a: Gyarados|spe|1
|
|turn|4
|
|move|p2a: Gyarados|Earthquake|p1a: Based Lordsquad
|-damage|p1a: Based Lordsquad|280\/393
|move|p1a: Based Lordsquad|Moonblast|p2a: Gyarados
|-damage|p2a: Gyarados|226\/331
|
|-heal|p1a: Based Lordsquad|304\/393|[from] item: Leftovers
|turn|5
|join|jeran
|
|move|p2a: Gyarados|Earthquake|p1a: Based Lordsquad
|-damage|p1a: Based Lordsquad|190\/393
|move|p1a: Based Lordsquad|Moonblast|p2a: Gyarados
|-damage|p2a: Gyarados|126\/331
|
|-heal|p1a: Based Lordsquad|214\/393|[from] item: Leftovers
|turn|6
|
|move|p2a: Gyarados|Taunt|p1a: Based Lordsquad
|-start|p1a: Based Lordsquad|move: Taunt
|cant|p1a: Based Lordsquad|move: Taunt|Wish
|
|-heal|p1a: Based Lordsquad|238\/393|[from] item: Leftovers
|turn|7
|
|switch|p1a: >sand offense|Chesnaught, M|380\/380
|move|p2a: Gyarados|Earthquake|p1a: >sand offense
|-resisted|p1a: >sand offense
|-damage|p1a: >sand offense|320\/380
|
|-heal|p1a: >sand offense|343\/380|[from] item: Leftovers
|turn|8
|
|move|p2a: Gyarados|Taunt|p1a: >sand offense
|-start|p1a: >sand offense|move: Taunt
|cant|p1a: >sand offense|move: Taunt|Leech Seed
|
|-heal|p1a: >sand offense|366\/380|[from] item: Leftovers
|turn|9
|
|move|p2a: Gyarados|Ice Fang|p1a: >sand offense
|-supereffective|p1a: >sand offense
|-damage|p1a: >sand offense|224\/380
|move|p1a: >sand offense|Seed Bomb|p2a: Gyarados
|-damage|p2a: Gyarados|20\/331
|
|-heal|p1a: >sand offense|247\/380|[from] item: Leftovers
|turn|10
|
|switch|p1a: Based Lordsquad|Clefable, M|238\/393
|move|p2a: Gyarados|Ice Fang|p1a: Based Lordsquad
|-damage|p1a: Based Lordsquad|172\/393
|
|-heal|p1a: Based Lordsquad|196\/393|[from] item: Leftovers
|turn|11
|
|move|p2a: Gyarados|Earthquake|p1a: Based Lordsquad
|-damage|p1a: Based Lordsquad|82\/393
|move|p1a: Based Lordsquad|Wish|p1a: Based Lordsquad
|
|-heal|p1a: Based Lordsquad|106\/393|[from] item: Leftovers
|turn|12
|
|move|p1a: Based Lordsquad|Protect|p1a: Based Lordsquad
|-singleturn|p1a: Based Lordsquad|Protect
|move|p2a: Gyarados|Dragon Dance|p2a: Gyarados
|-boost|p2a: Gyarados|atk|1
|-boost|p2a: Gyarados|spe|1
|
|-heal|p1a: Based Lordsquad|302\/393|[from] move: Wish|[wisher] Based Lordsquad
|-heal|p1a: Based Lordsquad|326\/393|[from] item: Leftovers
|turn|13
|
|switch|p1a: >landorus|Bronzong|338\/338
|move|p2a: Gyarados|Taunt|p1a: >landorus
|-start|p1a: >landorus|move: Taunt
|
|turn|14
|
|move|p2a: Gyarados|Earthquake|p1a: >landorus
|-immune|p1a: >landorus|[msg]
|move|p1a: >landorus|Gyro Ball|p2a: Gyarados
|-resisted|p2a: Gyarados
|-damage|p2a: Gyarados|0 fnt
|faint|p2a: Gyarados
|
|
|switch|p2a: Charizard|Charizard, F|297\/297
|turn|15
|
|switch|p1a: >greninja|Mantine, F|333\/333
|detailschange|p2a: Charizard|Charizard-Mega-X, F
|message|Charizard has Mega Evolved into Mega Charizard!
|move|p2a: Charizard|Flare Blitz|p1a: >greninja
|-resisted|p1a: >greninja
|-damage|p1a: >greninja|166\/333
|-damage|p2a: Charizard|242\/297|[from] recoil|[of] p1a: >greninja
|
|-heal|p1a: >greninja|186\/333|[from] item: Leftovers
|turn|16
|
|switch|p1a: >birdspam|Arcanine, F|383\/383
|-ability|p1a: >birdspam|Intimidate|[of] p2a: Charizard
|-unboost|p2a: Charizard|atk|1
|move|p2a: Charizard|Dragon Claw|p1a: >birdspam
|-damage|p1a: >birdspam|274\/383
|
|-heal|p1a: >birdspam|297\/383|[from] item: Leftovers
|turn|17
|join|Qwertypops
|
|move|p2a: Charizard|Dragon Dance|p2a: Charizard
|-boost|p2a: Charizard|atk|1
|-boost|p2a: Charizard|spe|1
|move|p1a: >birdspam|Toxic|p2a: Charizard
|-status|p2a: Charizard|tox
|
|-heal|p1a: >birdspam|320\/383|[from] item: Leftovers
|-damage|p2a: Charizard|224\/297 tox|[from] psn
|turn|18
|
|switch|p1a: Based Lordsquad|Clefable, M|326\/393
|move|p2a: Charizard|Dragon Dance|p2a: Charizard
|-boost|p2a: Charizard|atk|1
|-boost|p2a: Charizard|spe|1
|
|-heal|p1a: Based Lordsquad|350\/393|[from] item: Leftovers
|-damage|p2a: Charizard|188\/297 tox|[from] psn
|turn|19
|
|move|p2a: Charizard|Flare Blitz|p1a: Based Lordsquad
|-damage|p1a: Based Lordsquad|71\/393
|-damage|p2a: Charizard|96\/297 tox|[from] recoil|[of] p1a: Based Lordsquad
|move|p1a: Based Lordsquad|Wish|p1a: Based Lordsquad
|
|-heal|p1a: Based Lordsquad|95\/393|[from] item: Leftovers
|-damage|p2a: Charizard|42\/297 tox|[from] psn
|turn|20
|
|switch|p2a: Thundurus-Therian|Thundurus-Therian, M|299\/299
|move|p1a: Based Lordsquad|Protect|p1a: Based Lordsquad
|-fail|p1a: Based Lordsquad
|
|-heal|p1a: Based Lordsquad|291\/393|[from] move: Wish|[wisher] Based Lordsquad
|-heal|p1a: Based Lordsquad|315\/393|[from] item: Leftovers
|turn|21
|
|switch|p1a: >thundurus|Ampharos, F|383\/383
|move|p2a: Thundurus-Therian|Nasty Plot|p2a: Thundurus-Therian
|-boost|p2a: Thundurus-Therian|spa|2
|
|turn|22
|
|detailschange|p1a: >thundurus|Ampharos-Mega, F
|message|Ampharos has Mega Evolved into Mega Ampharos!
|-ability|p1a: >thundurus|Mold Breaker
|move|p2a: Thundurus-Therian|Hidden Power|p1a: >thundurus
|-supereffective|p1a: >thundurus
|-damage|p1a: >thundurus|171\/383
|move|p1a: >thundurus|Dragon Pulse|p2a: Thundurus-Therian
|-damage|p2a: Thundurus-Therian|169\/299
|
|-heal|p2a: Thundurus-Therian|187\/299|[from] item: Leftovers
|turn|23
|
|switch|p1a: Based Lordsquad|Clefable, M|315\/393
|move|p2a: Thundurus-Therian|Thunderbolt|p1a: Based Lordsquad
|-damage|p1a: Based Lordsquad|135\/393
|-status|p1a: Based Lordsquad|par
|
|-heal|p2a: Thundurus-Therian|205\/299|[from] item: Leftovers
|-heal|p1a: Based Lordsquad|159\/393 par|[from] item: Leftovers
|turn|24
|
|move|p2a: Thundurus-Therian|Thunderbolt|p1a: Based Lordsquad
|-damage|p1a: Based Lordsquad|0 fnt
|faint|p1a: Based Lordsquad
|
|-heal|p2a: Thundurus-Therian|223\/299|[from] item: Leftovers
|-message|Luka Pucko forfeited.
|
|win|Johnny Tots
|raw|Ladder updating...