|join|johnny tots
|join|uW Refractory
|player|p1|johnny tots|1
|player|p2|uW Refractory|269
|gametype|singles
|gen|6
|tier|OU
|rated
|clearpoke
|poke|p1|Dragonite, M
|poke|p1|Gyarados, F
|poke|p1|Landorus-Therian, M
|poke|p1|Charizard, M
|poke|p1|Thundurus-Therian, M
|poke|p1|Scizor, F
|poke|p2|Gothitelle, F
|poke|p2|Quagsire, M
|poke|p2|Cresselia, F
|poke|p2|Skarmory, M
|poke|p2|Chansey, F
|poke|p2|Sableye, M, shiny
|rule|Swagger Clause: Swagger is banned
|rule|Baton Pass Clause: Limit one PokÃ©mon knowing Baton Pass
|rule|Sleep Clause Mod: Limit one foe put to sleep
|rule|Species Clause: Limit one of each PokÃ©mon
|rule|OHKO Clause: OHKO moves are banned
|rule|Moody Clause: Moody is banned
|rule|Evasion Moves Clause: Evasion moves are banned
|rule|Endless Battle Clause: Forcing endless battles is banned
|rule|HP Percentage Mod: HP is shown in percentages
|teampreview
|c|âjohnny tots|there it is
|
|start
|switch|p1a: Gyarados|Gyarados, F|331\/331
|switch|p2a: Prankz|Sableye, M, shiny|304\/304
|turn|1
|
|switch|p1a: Charizard|Charizard, M|297\/297
|detailschange|p2a: Prankz|Sableye-Mega, M, shiny
|message|Sableye has Mega Evolved into Mega Sableye!
|move|p2a: Prankz|Will-O-Wisp|p1a: Charizard|[miss]
|-miss|p2a: Prankz|p1a: Charizard
|
|turn|2
|
|detailschange|p1a: Charizard|Charizard-Mega-X, M
|message|Charizard has Mega Evolved into Mega Charizard!
|move|p1a: Charizard|Dragon Claw|p2a: Prankz
|-damage|p2a: Prankz|177\/304
|move|p2a: Prankz|Shadow Ball|p1a: Charizard
|-damage|p1a: Charizard|209\/297
|
|turn|3
|
|move|p1a: Charizard|Dragon Claw|p2a: Prankz
|-damage|p2a: Prankz|54\/304
|move|p2a: Prankz|Recover|p2a: Prankz
|-heal|p2a: Prankz|206\/304
|
|turn|4
|
|switch|p2a: Goofball|Quagsire, M|394\/394
|move|p1a: Charizard|Dragon Dance|p1a: Charizard
|-boost|p1a: Charizard|atk|1
|-boost|p1a: Charizard|spe|1
|
|turn|5
|
|switch|p1a: Gyarados|Gyarados, F|331\/331
|move|p2a: Goofball|Toxic|p1a: Gyarados
|-status|p1a: Gyarados|tox
|-enditem|p1a: Gyarados|Lum Berry|[eat]
|-curestatus|p1a: Gyarados|tox
|
|turn|6
|
|move|p1a: Gyarados|Taunt|p2a: Goofball
|-start|p2a: Goofball|move: Taunt
|move|p2a: Goofball|Scald|p1a: Gyarados
|-resisted|p1a: Gyarados
|-damage|p1a: Gyarados|298\/331
|-status|p1a: Gyarados|brn
|
|-damage|p1a: Gyarados|257\/331 brn|[from] brn
|turn|7
|c|âjohnny tots|lucky
|
|switch|p1a: Scizor|Scizor, F|281\/281
|move|p2a: Goofball|Scald|p1a: Scizor
|-damage|p1a: Scizor|221\/281
|
|-heal|p1a: Scizor|238\/281|[from] item: Leftovers
|turn|8
|c|âuW Refractory|That's true.
|
|switch|p2a: CantHarmTheSkarm|Skarmory, M|333\/333
|move|p1a: Scizor|Swords Dance|p1a: Scizor
|-boost|p1a: Scizor|atk|2
|
|-heal|p1a: Scizor|255\/281|[from] item: Leftovers
|turn|9
|
|move|p1a: Scizor|Bullet Punch|p2a: CantHarmTheSkarm
|-resisted|p2a: CantHarmTheSkarm
|-damage|p2a: CantHarmTheSkarm|277\/333
|move|p2a: CantHarmTheSkarm|Spikes|p1a: Scizor
|-sidestart|p1: johnny tots|Spikes
|
|-heal|p1a: Scizor|272\/281|[from] item: Leftovers
|turn|10
|
|switch|p2a: Goofball|Quagsire, M|394\/394
|move|p1a: Scizor|Swords Dance|p1a: Scizor
|-boost|p1a: Scizor|atk|2
|
|-heal|p1a: Scizor|281\/281|[from] item: Leftovers
|turn|11
|
|move|p1a: Scizor|Toxic|p2a: Goofball
|-status|p2a: Goofball|tox
|move|p2a: Goofball|Scald|p1a: Scizor
|-damage|p1a: Scizor|220\/281
|-status|p1a: Scizor|brn
|
|-heal|p1a: Scizor|237\/281 brn|[from] item: Leftovers
|-damage|p1a: Scizor|202\/281 brn|[from] brn
|-damage|p2a: Goofball|370\/394 tox|[from] psn
|turn|12
|
|switch|p1a: Gyarados|Gyarados, F|257\/331 brn
|move|p2a: Goofball|Scald|p1a: Gyarados
|-resisted|p1a: Gyarados
|-damage|p1a: Gyarados|224\/331 brn
|
|-heal|p2a: Goofball|394\/394 tox|[from] item: Leftovers
|-damage|p1a: Gyarados|183\/331 brn|[from] brn
|-damage|p2a: Goofball|346\/394 tox|[from] psn
|turn|13
|
|switch|p1a: Scizor|Scizor, F|202\/281 brn
|-damage|p1a: Scizor|167\/281 brn|[from] Spikes
|switch|p2a: CantHarmTheSkarm|Skarmory, M|277\/333
|
|-heal|p1a: Scizor|184\/281 brn|[from] item: Leftovers
|-damage|p1a: Scizor|149\/281 brn|[from] brn
|turn|14
|
|move|p2a: CantHarmTheSkarm|Spikes|p1a: Scizor
|-sidestart|p1: johnny tots|Spikes
|move|p1a: Scizor|Defog|p2a: CantHarmTheSkarm
|-unboost|p2a: CantHarmTheSkarm|evasion|1
|-sideend|p1: johnny tots|Spikes|[from] move: Defog|[of] p1a: Scizor
|
|-heal|p1a: Scizor|166\/281 brn|[from] item: Leftovers
|-damage|p1a: Scizor|131\/281 brn|[from] brn
|turn|15
|
|switch|p1a: Thundurus-Therian|Thundurus-Therian, M|299\/299
|move|p2a: CantHarmTheSkarm|Spikes|p1a: Thundurus-Therian
|-sidestart|p1: johnny tots|Spikes
|
|turn|16
|
|switch|p2a: GenOneForever|Chansey, F|704\/704
|move|p1a: Thundurus-Therian|Nasty Plot|p1a: Thundurus-Therian
|-boost|p1a: Thundurus-Therian|spa|2
|
|turn|17
|
|move|p1a: Thundurus-Therian|Nasty Plot|p1a: Thundurus-Therian
|-boost|p1a: Thundurus-Therian|spa|2
|move|p2a: GenOneForever|Toxic|p1a: Thundurus-Therian
|-status|p1a: Thundurus-Therian|tox
|
|-damage|p1a: Thundurus-Therian|281\/299 tox|[from] psn
|turn|18
|
|move|p1a: Thundurus-Therian|Nasty Plot|p1a: Thundurus-Therian
|-boost|p1a: Thundurus-Therian|spa|2
|move|p2a: GenOneForever|Seismic Toss|p1a: Thundurus-Therian
|-damage|p1a: Thundurus-Therian|181\/299 tox
|
|-heal|p1a: Thundurus-Therian|199\/299 tox|[from] item: Leftovers
|-damage|p1a: Thundurus-Therian|163\/299 tox|[from] psn
|turn|19
|
|switch|p2a: Goofball|Quagsire, M|346\/394 tox
|move|p1a: Thundurus-Therian|Thunderbolt|p2a: Goofball
|-immune|p2a: Goofball|[msg]
|
|-heal|p1a: Thundurus-Therian|181\/299 tox|[from] item: Leftovers
|-heal|p2a: Goofball|370\/394 tox|[from] item: Leftovers
|-damage|p1a: Thundurus-Therian|127\/299 tox|[from] psn
|-damage|p2a: Goofball|346\/394 tox|[from] psn
|turn|20
|
|move|p1a: Thundurus-Therian|Hidden Power|p2a: Goofball
|-damage|p2a: Goofball|223\/394 tox
|move|p2a: Goofball|Scald|p1a: Thundurus-Therian
|-damage|p1a: Thundurus-Therian|69\/299 tox
|
|-heal|p1a: Thundurus-Therian|87\/299 tox|[from] item: Leftovers
|-heal|p2a: Goofball|247\/394 tox|[from] item: Leftovers
|-damage|p1a: Thundurus-Therian|15\/299 tox|[from] psn
|-damage|p2a: Goofball|199\/394 tox|[from] psn
|turn|21
|
|move|p1a: Thundurus-Therian|Thunderbolt|p2a: Goofball
|-immune|p2a: Goofball|[msg]
|move|p2a: Goofball|Recover|p2a: Goofball
|-heal|p2a: Goofball|394\/394 tox
|
|-heal|p1a: Thundurus-Therian|33\/299 tox|[from] item: Leftovers
|-damage|p1a: Thundurus-Therian|0 fnt|[from] psn
|-damage|p2a: Goofball|322\/394 tox|[from] psn
|faint|p1a: Thundurus-Therian
|c|âjohnny tots|wow
|c|âjohnny tots|dumb ass comp
|c|âuW Refractory|Good guess right?
|
|switch|p1a: Gyarados|Gyarados, F|183\/331 brn
|turn|22
|c|âjohnny tots|na
|c|âjohnny tots|playing on a laptop
|
|switch|p2a: Prankz|Sableye-Mega, M, shiny|206\/304
|move|p1a: Gyarados|Dragon Dance|p1a: Gyarados
|-boost|p1a: Gyarados|atk|1
|-boost|p1a: Gyarados|spe|1
|
|-damage|p1a: Gyarados|142\/331 brn|[from] brn
|turn|23
|
|switch|p2a: Goofball|Quagsire, M|322\/394 tox
|move|p1a: Gyarados|Earthquake|p2a: Goofball
|-damage|p2a: Goofball|272\/394 tox
|
|-heal|p2a: Goofball|296\/394 tox|[from] item: Leftovers
|-damage|p1a: Gyarados|101\/331 brn|[from] brn
|-damage|p2a: Goofball|272\/394 tox|[from] psn
|turn|24
|
|move|p1a: Gyarados|Earthquake|p2a: Goofball
|-damage|p2a: Goofball|227\/394 tox
|move|p2a: Goofball|Scald|p1a: Gyarados
|-resisted|p1a: Gyarados
|-damage|p1a: Gyarados|67\/331 brn
|
|-heal|p2a: Goofball|251\/394 tox|[from] item: Leftovers
|-damage|p1a: Gyarados|26\/331 brn|[from] brn
|-damage|p2a: Goofball|203\/394 tox|[from] psn
|turn|25
|
|move|p1a: Gyarados|Taunt|p2a: Goofball
|-start|p2a: Goofball|move: Taunt
|cant|p2a: Goofball|move: Taunt|Recover
|
|-heal|p2a: Goofball|227\/394 tox|[from] item: Leftovers
|-damage|p1a: Gyarados|0 fnt|[from] brn
|-damage|p2a: Goofball|155\/394 tox|[from] psn
|faint|p1a: Gyarados
|c|âuW Refractory|nice play mate
|
|switch|p1a: Charizard|Charizard-Mega-X, M|209\/297
|-damage|p1a: Charizard|172\/297|[from] Spikes
|turn|26
|
|switch|p2a: Lolwut|Cresselia, F|444\/444
|move|p1a: Charizard|Dragon Claw|p2a: Lolwut
|-damage|p2a: Lolwut|306\/444
|
|-heal|p2a: Lolwut|333\/444|[from] item: Leftovers
|turn|27
|
|switch|p1a: Scizor|Scizor, F|131\/281 brn
|-damage|p1a: Scizor|96\/281 brn|[from] Spikes
|move|p2a: Lolwut|Thunder Wave|p1a: Scizor
|-fail|p1a: Scizor
|
|-heal|p2a: Lolwut|360\/444|[from] item: Leftovers
|-heal|p1a: Scizor|113\/281 brn|[from] item: Leftovers
|-damage|p1a: Scizor|78\/281 brn|[from] brn
|turn|28
|
|switch|p2a: CantHarmTheSkarm|Skarmory, M|277\/333
|switch|p1a: Charizard|Charizard-Mega-X, M|172\/297
|-damage|p1a: Charizard|135\/297|[from] Spikes
|
|turn|29
|
|move|p1a: Charizard|Dragon Dance|p1a: Charizard
|-boost|p1a: Charizard|atk|1
|-boost|p1a: Charizard|spe|1
|move|p2a: CantHarmTheSkarm|Whirlwind|p1a: Charizard
|drag|p1a: Landorus-Therian|Landorus-Therian, M|319\/319
|-ability|p1a: Landorus-Therian|Intimidate|[of] p2a: CantHarmTheSkarm
|-unboost|p2a: CantHarmTheSkarm|atk|1
|
|turn|30
|
|move|p1a: Landorus-Therian|Swords Dance|p1a: Landorus-Therian
|-boost|p1a: Landorus-Therian|atk|2
|move|p2a: CantHarmTheSkarm|Spikes|p1a: Landorus-Therian
|-sidestart|p1: johnny tots|Spikes
|
|turn|31
|
|move|p1a: Landorus-Therian|Stone Edge|p2a: CantHarmTheSkarm
|-damage|p2a: CantHarmTheSkarm|132\/333
|move|p2a: CantHarmTheSkarm|Whirlwind|p1a: Landorus-Therian
|drag|p1a: Charizard|Charizard-Mega-X, M|135\/297
|-damage|p1a: Charizard|86\/297|[from] Spikes
|
|turn|32
|
|switch|p2a: Goofball|Quagsire, M|155\/394 tox
|move|p1a: Charizard|Flare Blitz|p2a: Goofball
|-resisted|p2a: Goofball
|-damage|p2a: Goofball|29\/394 tox
|-damage|p1a: Charizard|44\/297|[from] recoil|[of] p2a: Goofball
|
|-heal|p2a: Goofball|53\/394 tox|[from] item: Leftovers
|-damage|p2a: Goofball|29\/394 tox|[from] psn
|turn|33
|
|move|p1a: Charizard|Dragon Claw|p2a: Goofball
|-damage|p2a: Goofball|0 fnt
|faint|p2a: Goofball
|
|
|switch|p2a: Lolwut|Cresselia, F|360\/444
|turn|34
|
|move|p1a: Charizard|Flare Blitz|p2a: Lolwut
|-damage|p2a: Lolwut|173\/444
|-damage|p1a: Charizard|0 fnt|[from] recoil|[of] p2a: Lolwut
|faint|p1a: Charizard
|move|p2a: Lolwut|Moonlight|p2a: Lolwut
|-heal|p2a: Lolwut|395\/444
|
|-heal|p2a: Lolwut|422\/444|[from] item: Leftovers
|
|switch|p1a: Landorus-Therian|Landorus-Therian, M|319\/319
|-ability|p1a: Landorus-Therian|Intimidate|[of] p2a: Lolwut
|-unboost|p2a: Lolwut|atk|1
|turn|35
|
|switch|p2a: Prankz|Sableye-Mega, M, shiny|206\/304
|move|p1a: Landorus-Therian|Swords Dance|p1a: Landorus-Therian
|-boost|p1a: Landorus-Therian|atk|2
|
|turn|36
|
|move|p1a: Landorus-Therian|Earthquake|p2a: Prankz
|-damage|p2a: Prankz|0 fnt
|faint|p2a: Prankz
|
|
|switch|p2a: CantHarmTheSkarm|Skarmory, M|132\/333
|turn|37
|
|move|p1a: Landorus-Therian|Stone Edge|p2a: CantHarmTheSkarm
|-damage|p2a: CantHarmTheSkarm|0 fnt
|faint|p2a: CantHarmTheSkarm
|
|
|switch|p2a: Nightmare|Gothitelle, F|344\/344
|turn|38
|
|move|p2a: Nightmare|Trick|p1a: Landorus-Therian
|-activate|p2a: Nightmare|move: Trick|[of] p1a: Landorus-Therian
|-item|p1a: Landorus-Therian|Choice Scarf|[from] move: Trick
|-item|p2a: Nightmare|Leftovers|[from] move: Trick
|move|p1a: Landorus-Therian|Earthquake|p2a: Nightmare
|-damage|p2a: Nightmare|0 fnt
|faint|p2a: Nightmare
|
|c|âjohnny tots|nice y wo
|
|switch|p2a: Lolwut|Cresselia, F|422\/444
|turn|39
|c|âjohnny tots|play
|
|switch|p1a: Scizor|Scizor, F|78\/281 brn
|-damage|p1a: Scizor|32\/281 brn|[from] Spikes
|move|p2a: Lolwut|Psyshock|p1a: Scizor
|-resisted|p1a: Scizor
|-damage|p1a: Scizor|3\/281 brn
|
|-heal|p2a: Lolwut|444\/444|[from] item: Leftovers
|-heal|p1a: Scizor|20\/281 brn|[from] item: Leftovers
|-damage|p1a: Scizor|0 fnt|[from] brn
|faint|p1a: Scizor
|
|switch|p1a: Dragonite|Dragonite, M|323\/323
|turn|40
|
|move|p1a: Dragonite|Dragon Dance|p1a: Dragonite
|-boost|p1a: Dragonite|atk|1
|-boost|p1a: Dragonite|spe|1
|move|p2a: Lolwut|Thunder Wave|p1a: Dragonite
|-status|p1a: Dragonite|par
|-enditem|p1a: Dragonite|Lum Berry|[eat]
|-curestatus|p1a: Dragonite|par
|
|turn|41
|
|move|p1a: Dragonite|Dragon Dance|p1a: Dragonite
|-boost|p1a: Dragonite|atk|1
|-boost|p1a: Dragonite|spe|1
|move|p2a: Lolwut|Psyshock|p1a: Dragonite
|-damage|p1a: Dragonite|287\/323
|
|turn|42
|
|move|p1a: Dragonite|Dragon Dance|p1a: Dragonite
|-boost|p1a: Dragonite|atk|1
|-boost|p1a: Dragonite|spe|1
|move|p2a: Lolwut|Thunder Wave|p1a: Dragonite
|-status|p1a: Dragonite|par
|
|turn|43
|
|move|p2a: Lolwut|Psyshock|p1a: Dragonite
|-damage|p1a: Dragonite|206\/323 par
|cant|p1a: Dragonite|par
|
|turn|44
|
|move|p2a: Lolwut|Psyshock|p1a: Dragonite
|-crit|p1a: Dragonite
|-damage|p1a: Dragonite|89\/323 par
|move|p1a: Dragonite|Ice Punch|p2a: Lolwut
|-damage|p2a: Lolwut|296\/444
|
|-heal|p2a: Lolwut|323\/444|[from] item: Leftovers
|turn|45
|
|move|p2a: Lolwut|Psyshock|p1a: Dragonite
|-damage|p1a: Dragonite|11\/323 par
|move|p1a: Dragonite|Ice Punch|p2a: Lolwut
|-damage|p2a: Lolwut|150\/444
|
|-heal|p2a: Lolwut|177\/444|[from] item: Leftovers
|turn|46
|
|move|p2a: Lolwut|Moonlight|p2a: Lolwut
|-heal|p2a: Lolwut|399\/444
|move|p1a: Dragonite|Ice Punch|p2a: Lolwut
|-damage|p2a: Lolwut|233\/444
|
|-heal|p2a: Lolwut|260\/444|[from] item: Leftovers
|turn|47
|
|move|p2a: Lolwut|Moonlight|p2a: Lolwut
|-heal|p2a: Lolwut|444\/444
|cant|p1a: Dragonite|par
|
|turn|48
|
|move|p2a: Lolwut|Psyshock|p1a: Dragonite
|-damage|p1a: Dragonite|0 fnt
|faint|p1a: Dragonite
|
|
|switch|p1a: Landorus-Therian|Landorus-Therian, M|319\/319
|-ability|p1a: Landorus-Therian|Intimidate|[of] p2a: Lolwut
|-unboost|p2a: Lolwut|atk|1
|turn|49
|c|âuW Refractory|I hate to rely on hax but it was the only chance I had.
|c|âjohnny tots|haha all good
|c|âjohnny tots|gg
|
|move|p1a: Landorus-Therian|Stone Edge|p2a: Lolwut
|-damage|p2a: Lolwut|358\/444
|move|p2a: Lolwut|Moonlight|p2a: Lolwut
|-heal|p2a: Lolwut|444\/444
|
|turn|50
|-message|johnny tots forfeited.
|
|win|uW Refractory
|raw|Ladder updating...
|leave|johnny tots
|player|p1