|join|johnny tots
|join|Bl153
|player|p1|johnny tots|170
|player|p2|Bl153|101
|gametype|singles
|gen|6
|tier|OU
|rated
|clearpoke
|poke|p1|Dragonite, F
|poke|p1|Gyarados, M
|poke|p1|Landorus-Therian, M
|poke|p1|Charizard, F
|poke|p1|Thundurus-Therian, M
|poke|p1|Scizor, M
|poke|p2|Altaria, F
|poke|p2|Amoonguss, M
|poke|p2|Probopass, M
|poke|p2|Diggersby, M
|poke|p2|Greninja, M
|poke|p2|Victini
|rule|Swagger Clause: Swagger is banned
|rule|Baton Pass Clause: Limit one PokÃ©mon knowing Baton Pass
|rule|Sleep Clause Mod: Limit one foe put to sleep
|rule|Species Clause: Limit one of each PokÃ©mon
|rule|OHKO Clause: OHKO moves are banned
|rule|Moody Clause: Moody is banned
|rule|Evasion Moves Clause: Evasion moves are banned
|rule|Endless Battle Clause: Forcing endless battles is banned
|rule|HP Percentage Mod: HP is shown in percentages
|teampreview
|c|âBl153|gl hf
|
|start
|switch|p1a: Gyarados|Gyarados, M|331\/331
|switch|p2a: Amoonguss|Amoonguss, M|429\/429
|turn|1
|
|move|p1a: Gyarados|Dragon Dance|p1a: Gyarados
|-boost|p1a: Gyarados|atk|1
|-boost|p1a: Gyarados|spe|1
|move|p2a: Amoonguss|Spore|p1a: Gyarados
|-status|p1a: Gyarados|slp
|-enditem|p1a: Gyarados|Lum Berry|[eat]
|-curestatus|p1a: Gyarados|slp
|
|turn|2
|
|move|p1a: Gyarados|Taunt|p2a: Amoonguss
|-start|p2a: Amoonguss|move: Taunt
|move|p2a: Amoonguss|Clear Smog|p1a: Gyarados
|-damage|p1a: Gyarados|274\/331
|-clearboost|p1a: Gyarados
|
|turn|3
|
|switch|p2a: Victini|Victini|349\/349
|move|p1a: Gyarados|Ice Fang|p2a: Victini
|-resisted|p2a: Victini
|-damage|p2a: Victini|311\/349
|-status|p2a: Victini|frz
|
|turn|4
|c|âBl153|......
|c|âBl153|wow
|
|switch|p1a: Landorus-Therian|Landorus-Therian, M|319\/319
|-ability|p1a: Landorus-Therian|Intimidate|[of] p2a: Victini
|-unboost|p2a: Victini|atk|1
|cant|p2a: Victini|frz
|
|turn|5
|
|-curestatus|p2a: Victini|frz
|move|p2a: Victini|V-create|p1a: Landorus-Therian
|-damage|p1a: Landorus-Therian|156\/319
|-unboost|p2a: Victini|def|1
|-unboost|p2a: Victini|spd|1
|-unboost|p2a: Victini|spe|1
|move|p1a: Landorus-Therian|Rock Polish|p1a: Landorus-Therian
|-boost|p1a: Landorus-Therian|spe|2
|
|-heal|p1a: Landorus-Therian|175\/319|[from] item: Leftovers
|turn|6
|join|CidZeroFlo
|
|switch|p2a: Amoonguss|Amoonguss, M|429\/429
|move|p1a: Landorus-Therian|Swords Dance|p1a: Landorus-Therian
|-boost|p1a: Landorus-Therian|atk|2
|
|-heal|p1a: Landorus-Therian|194\/319|[from] item: Leftovers
|turn|7
|
|move|p1a: Landorus-Therian|Earthquake|p2a: Amoonguss
|-damage|p2a: Amoonguss|65\/429
|move|p2a: Amoonguss|Hidden Power|p1a: Landorus-Therian
|-supereffective|p1a: Landorus-Therian
|-damage|p1a: Landorus-Therian|6\/319
|
|-heal|p1a: Landorus-Therian|25\/319|[from] item: Leftovers
|-heal|p2a: Amoonguss|91\/429|[from] item: Black Sludge
|turn|8
|c|âjohnny tots|really?
|c|âBl153|hi Flo
|c| CidZeroFlo|heyho
|
|switch|p2a: Lord Fluff|Altaria, F|305\/305
|move|p1a: Landorus-Therian|Earthquake|p2a: Lord Fluff
|-immune|p2a: Lord Fluff|[msg]
|
|-heal|p1a: Landorus-Therian|44\/319|[from] item: Leftovers
|turn|9
|
|switch|p2a: Probopass|Probopass, M|281\/281
|move|p1a: Landorus-Therian|Stone Edge|p2a: Probopass
|-resisted|p2a: Probopass
|-damage|p2a: Probopass|188\/281
|
|-heal|p1a: Landorus-Therian|63\/319|[from] item: Leftovers
|-heal|p2a: Probopass|205\/281|[from] item: Leftovers
|turn|10
|c| CidZeroFlo|i loved that set a bit gimmicky with eq+fly last gen johnny (not viable, ik, but fun)
|c|âBl153|fly is funny as hell absolitely
|c|âBl153|*absolutely
|
|move|p1a: Landorus-Therian|Earthquake|p2a: Probopass
|-supereffective|p2a: Probopass
|-damage|p2a: Probopass|0 fnt
|faint|p2a: Probopass
|
|-heal|p1a: Landorus-Therian|82\/319|[from] item: Leftovers
|
|switch|p2a: Amoonguss|Amoonguss, M|234\/429
|turn|11
|
|switch|p2a: Lord Fluff|Altaria, F|305\/305
|move|p1a: Landorus-Therian|Earthquake|p2a: Lord Fluff
|-immune|p2a: Lord Fluff|[msg]
|
|-heal|p1a: Landorus-Therian|101\/319|[from] item: Leftovers
|turn|12
|
|detailschange|p2a: Lord Fluff|Altaria-Mega, F
|message|Altaria has Mega Evolved into Mega Altaria!
|move|p1a: Landorus-Therian|Stone Edge|p2a: Lord Fluff|[miss]
|-miss|p1a: Landorus-Therian|p2a: Lord Fluff
|move|p2a: Lord Fluff|Facade|p1a: Landorus-Therian
|-damage|p1a: Landorus-Therian|0 fnt
|faint|p1a: Landorus-Therian
|
|c|âBl153|YES Lord Fluff thank u based Cotton Candy
|
|switch|p1a: Scizor|Scizor, M|281\/281
|turn|13
|
|switch|p2a: Amoonguss|Amoonguss, M|377\/429
|move|p1a: Scizor|Toxic|p2a: Amoonguss
|-fail|p2a: Amoonguss
|
|-heal|p2a: Amoonguss|403\/429|[from] item: Black Sludge
|turn|14
|
|move|p1a: Scizor|Swords Dance|p1a: Scizor
|-boost|p1a: Scizor|atk|2
|move|p2a: Amoonguss|Spore|p1a: Scizor
|-status|p1a: Scizor|slp
|
|-heal|p2a: Amoonguss|429\/429|[from] item: Black Sludge
|turn|15
|
|switch|p1a: Gyarados|Gyarados, M|274\/331
|switch|p2a: Victini|Victini|311\/349
|
|turn|16
|
|move|p2a: Victini|Bolt Strike|p1a: Gyarados
|-supereffective|p1a: Gyarados
|-damage|p1a: Gyarados|0 fnt
|faint|p1a: Gyarados
|
|
|switch|p1a: Thundurus-Therian|Thundurus-Therian, M|299\/299
|turn|17
|
|switch|p2a: Amoonguss|Amoonguss, M|429\/429
|move|p1a: Thundurus-Therian|Agility|p1a: Thundurus-Therian
|-boost|p1a: Thundurus-Therian|spe|2
|
|turn|18
|
|move|p1a: Thundurus-Therian|Hidden Power|p2a: Amoonguss
|-supereffective|p2a: Amoonguss
|-damage|p2a: Amoonguss|251\/429
|move|p2a: Amoonguss|Clear Smog|p1a: Thundurus-Therian
|-damage|p1a: Thundurus-Therian|256\/299
|-clearboost|p1a: Thundurus-Therian
|
|-heal|p1a: Thundurus-Therian|274\/299|[from] item: Leftovers
|-heal|p2a: Amoonguss|277\/429|[from] item: Black Sludge
|turn|19
|
|switch|p2a: Greninja|Greninja, M|285\/285
|move|p1a: Thundurus-Therian|Nasty Plot|p1a: Thundurus-Therian
|-boost|p1a: Thundurus-Therian|spa|2
|
|-heal|p1a: Thundurus-Therian|292\/299|[from] item: Leftovers
|turn|20
|
|switch|p1a: Scizor|Scizor, M|281\/281 slp
|move|p2a: Greninja|Ice Beam|p1a: Scizor
|-start|p2a: Greninja|typechange|Ice|[from] Protean
|-resisted|p1a: Scizor
|-damage|p1a: Scizor|191\/281 slp
|-damage|p2a: Greninja|257\/285|[from] item: Life Orb
|
|-heal|p1a: Scizor|208\/281 slp|[from] item: Leftovers
|turn|21
|
|cant|p1a: Scizor|slp
|move|p2a: Greninja|Hydro Pump|p1a: Scizor
|-start|p2a: Greninja|typechange|Water|[from] Protean
|-damage|p1a: Scizor|0 fnt
|-damage|p2a: Greninja|229\/285|[from] item: Life Orb
|faint|p1a: Scizor
|
|
|switch|p1a: Charizard|Charizard, F|297\/297
|turn|22
|c|âBl153|that was a BIG 50\/50 WOAH the spook
|
|switch|p2a: Lord Fluff|Altaria-Mega, F|305\/305
|detailschange|p1a: Charizard|Charizard-Mega-X, F
|message|Charizard has Mega Evolved into Mega Charizard!
|move|p1a: Charizard|Dragon Dance|p1a: Charizard
|-boost|p1a: Charizard|atk|1
|-boost|p1a: Charizard|spe|1
|
|turn|23
|
|move|p1a: Charizard|Flare Blitz|p2a: Lord Fluff
|-resisted|p2a: Lord Fluff
|-damage|p2a: Lord Fluff|74\/305
|-damage|p1a: Charizard|221\/297|[from] recoil|[of] p2a: Lord Fluff
|move|p2a: Lord Fluff|Earthquake|p1a: Charizard
|-supereffective|p1a: Charizard
|-damage|p1a: Charizard|19\/297
|
|turn|24
|
|move|p1a: Charizard|Dragon Dance|p1a: Charizard
|-boost|p1a: Charizard|atk|1
|-boost|p1a: Charizard|spe|1
|move|p2a: Lord Fluff|Facade|p1a: Charizard
|-damage|p1a: Charizard|0 fnt
|faint|p1a: Charizard
|
|
|switch|p1a: Dragonite|Dragonite, F|323\/323
|turn|25
|
|move|p1a: Dragonite|Dragon Dance|p1a: Dragonite
|-boost|p1a: Dragonite|atk|1
|-boost|p1a: Dragonite|spe|1
|move|p2a: Lord Fluff|Dragon Dance|p2a: Lord Fluff
|-boost|p2a: Lord Fluff|atk|1
|-boost|p2a: Lord Fluff|spe|1
|
|turn|26
|
|move|p1a: Dragonite|Earthquake|p2a: Lord Fluff
|-damage|p2a: Lord Fluff|0 fnt
|faint|p2a: Lord Fluff
|
|
|switch|p2a: Amoonguss|Amoonguss, M|420\/429
|turn|27
|
|move|p1a: Dragonite|Ice Punch|p2a: Amoonguss
|-supereffective|p2a: Amoonguss
|-damage|p2a: Amoonguss|118\/429
|move|p2a: Amoonguss|Clear Smog|p1a: Dragonite
|-damage|p1a: Dragonite|295\/323
|-clearboost|p1a: Dragonite
|
|-heal|p2a: Amoonguss|144\/429|[from] item: Black Sludge
|turn|28
|
|move|p1a: Dragonite|Dragon Dance|p1a: Dragonite
|-boost|p1a: Dragonite|atk|1
|-boost|p1a: Dragonite|spe|1
|move|p2a: Amoonguss|Spore|p1a: Dragonite
|-status|p1a: Dragonite|slp
|-enditem|p1a: Dragonite|Lum Berry|[eat]
|-curestatus|p1a: Dragonite|slp
|
|-heal|p2a: Amoonguss|170\/429|[from] item: Black Sludge
|turn|29
|c|âjohnny tots|u blew it
|
|move|p1a: Dragonite|Ice Punch|p2a: Amoonguss
|-supereffective|p2a: Amoonguss
|-damage|p2a: Amoonguss|0 fnt
|faint|p2a: Amoonguss
|
|
|switch|p2a: Victini|Victini|311\/349
|turn|30
|
|move|p2a: Victini|Bolt Strike|p1a: Dragonite
|-damage|p1a: Dragonite|140\/323
|move|p1a: Dragonite|Earthquake|p2a: Victini
|-supereffective|p2a: Victini
|-damage|p2a: Victini|0 fnt
|faint|p2a: Victini
|
|
|switch|p2a: Diggersby|Diggersby, M|325\/325
|turn|31
|
|move|p1a: Dragonite|Ice Punch|p2a: Diggersby
|-supereffective|p2a: Diggersby
|-damage|p2a: Diggersby|0 fnt
|faint|p2a: Diggersby
|
|
|switch|p2a: Greninja|Greninja, M|229\/285
|turn|32
|
|move|p1a: Dragonite|Thunder Punch|p2a: Greninja
|-supereffective|p2a: Greninja
|-damage|p2a: Greninja|0 fnt
|faint|p2a: Greninja
|
|win|johnny tots
|raw|Ladder updating...
|raw|johnny tots's rating: 1552 &rarr; <strong>1569<\/strong><br \/>(+17 for winning)
|raw|Bl153's rating: 1498 &rarr; <strong>1481<\/strong><br \/>(-17 for losing)
|c|âBl153|WTF
|c|âBl153|T Punch?..
|c|âBl153|And Ice Punch
|c|âjohnny tots|for az
|c|âBl153|gg no Dragon move?
|c|âjohnny tots|ice for lando
|c|âjohnny tots|dont ned 1
|c|âjohnny tots|need
|c|âjohnny tots|ice also hits alteria
|c|âBl153|u were highly ranked.. WOW
|c|âjohnny tots|suprise factor
|c|âBl153|HO apparently still has more of a niche than I thought
|c|âjohnny tots|gotta suprise people
|c|âjohnny tots|only way 2 win
|c|âBl153|I didnt blow it I didnt think u would have a million lum users
|c|âjohnny tots|besides stalling
|c|âjohnny tots|u should of kept clrar smoggin
|c|âBl153|HP Ice wouldnt kill from where it was anyway I believe
|c|âBl153|'didnt calc but still
|c|âBl153|D Nite has good bulk
|c|âjohnny tots|played it safe and clear smog
|c|âjohnny tots|ninja can kill after
|c|âjohnny tots|faster than both
|c|âBl153|Thought u would have a Dragon move thats why didnt think T Punch would be there too
|c|âBl153|figured maybe Ninja could live D Claw lol
|c|âBl153|I mean I am Naive
|c|âjohnny tots|haha i dont think +1
|c|âBl153|YEAHHH.. he is paper I guess
|c|âBl153|Flo u know this guys?
|c|âBl153|*guy
|c|âjohnny tots|haha i won a tourney last week
|c|âjohnny tots|with this team
|c|âBl153|REALLY dam...
|c|âjohnny tots|highest i made on prime time ladder was 54
|c|âBl153|Wow
|c|âBl153|Highest I made was top 250 lol
|c|âjohnny tots|haha thats still good
|c|âjohnny tots|laddering is tough
|c|âjohnny tots|espcially during bp days
|leave|johnny tots
|player|p1