|join|LT4Y Ciele
|join|Johnny Tots
|player|p1|LT4Y Ciele|223
|player|p2|Johnny Tots|101
|gametype|singles
|gen|6
|tier|OU
|rated
|clearpoke
|poke|p1|Tyranitar, F
|poke|p1|Heatran, M
|poke|p1|Mew
|poke|p1|Gliscor, M
|poke|p1|Slowbro, M
|poke|p1|Scizor, F
|poke|p2|Dragonite, F
|poke|p2|Gyarados, F
|poke|p2|Landorus-Therian, M
|poke|p2|Charizard, M
|poke|p2|Thundurus-Therian, M
|poke|p2|Scizor, M
|rule|Swagger Clause: Swagger is banned
|rule|Baton Pass Clause: Limit one PokÃ©mon knowing Baton Pass
|rule|Sleep Clause Mod: Limit one foe put to sleep
|rule|Species Clause: Limit one of each PokÃ©mon
|rule|OHKO Clause: OHKO moves are banned
|rule|Moody Clause: Moody is banned
|rule|Evasion Moves Clause: Evasion moves are banned
|rule|Endless Battle Clause: Forcing endless battles is banned
|rule|HP Percentage Mod: HP is shown in percentages
|teampreview
|
|start
|switch|p1a: Mew|Mew|404\/404
|switch|p2a: Gyarados|Gyarados, F|331\/331
|turn|1
|
|move|p1a: Mew|Taunt|p2a: Gyarados
|-start|p2a: Gyarados|move: Taunt
|cant|p2a: Gyarados|move: Taunt|Dragon Dance
|
|turn|2
|c|âJohnny Tots|haha that was ggs if u didnt taunt
|
|switch|p1a: Slowbro|Slowbro, M|393\/393
|move|p2a: Gyarados|Earthquake|p1a: Slowbro
|-damage|p1a: Slowbro|314\/393
|
|-heal|p1a: Slowbro|338\/393|[from] item: Leftovers
|turn|3
|
|move|p2a: Gyarados|Earthquake|p1a: Slowbro
|-damage|p1a: Slowbro|252\/393
|move|p1a: Slowbro|Scald|p2a: Gyarados
|-resisted|p2a: Gyarados
|-damage|p2a: Gyarados|282\/331
|-status|p2a: Gyarados|brn
|-enditem|p2a: Gyarados|Lum Berry|[eat]
|-curestatus|p2a: Gyarados|brn
|
|-heal|p1a: Slowbro|276\/393|[from] item: Leftovers
|-end|p2a: Gyarados|move: Taunt
|turn|4
|
|move|p2a: Gyarados|Taunt|p1a: Slowbro
|-start|p1a: Slowbro|move: Taunt
|move|p1a: Slowbro|Scald|p2a: Gyarados
|-resisted|p2a: Gyarados
|-damage|p2a: Gyarados|231\/331
|
|-heal|p1a: Slowbro|300\/393|[from] item: Leftovers
|turn|5
|
|move|p2a: Gyarados|Dragon Dance|p2a: Gyarados
|-boost|p2a: Gyarados|atk|1
|-boost|p2a: Gyarados|spe|1
|move|p1a: Slowbro|Scald|p2a: Gyarados
|-resisted|p2a: Gyarados
|-damage|p2a: Gyarados|180\/331
|
|-heal|p1a: Slowbro|324\/393|[from] item: Leftovers
|turn|6
|
|move|p2a: Gyarados|Dragon Dance|p2a: Gyarados
|-boost|p2a: Gyarados|atk|1
|-boost|p2a: Gyarados|spe|1
|move|p1a: Slowbro|Scald|p2a: Gyarados
|-resisted|p2a: Gyarados
|-damage|p2a: Gyarados|137\/331
|
|-heal|p1a: Slowbro|348\/393|[from] item: Leftovers
|-end|p1a: Slowbro|move: Taunt
|turn|7
|
|move|p2a: Gyarados|Earthquake|p1a: Slowbro
|-damage|p1a: Slowbro|192\/393
|move|p1a: Slowbro|Grass Knot|p2a: Gyarados
|-damage|p2a: Gyarados|48\/331
|
|-heal|p1a: Slowbro|216\/393|[from] item: Leftovers
|turn|8
|
|move|p2a: Gyarados|Earthquake|p1a: Slowbro
|-damage|p1a: Slowbro|47\/393
|move|p1a: Slowbro|Grass Knot|p2a: Gyarados
|-damage|p2a: Gyarados|0 fnt
|faint|p2a: Gyarados
|
|-heal|p1a: Slowbro|71\/393|[from] item: Leftovers
|
|switch|p2a: Dragonite|Dragonite, F|323\/323
|turn|9
|
|move|p2a: Dragonite|Dragon Dance|p2a: Dragonite
|-boost|p2a: Dragonite|atk|1
|-boost|p2a: Dragonite|spe|1
|move|p1a: Slowbro|Thunder Wave|p2a: Dragonite
|-status|p2a: Dragonite|par
|-enditem|p2a: Dragonite|Lum Berry|[eat]
|-curestatus|p2a: Dragonite|par
|
|-heal|p1a: Slowbro|95\/393|[from] item: Leftovers
|turn|10
|
|switch|p1a: Gliscor|Gliscor, M|352\/352
|move|p2a: Dragonite|Thunder Punch|p1a: Gliscor
|-immune|p1a: Gliscor|[msg]
|
|-status|p1a: Gliscor|tox|[from] item: Toxic Orb
|turn|11
|
|switch|p1a: Scizor|Scizor, F|344\/344
|move|p2a: Dragonite|Ice Punch|p1a: Scizor
|-resisted|p1a: Scizor
|-damage|p1a: Scizor|273\/344
|
|turn|12
|
|switch|p1a: Tyranitar|Tyranitar, F|341\/341
|-weather|Sandstorm
|move|p2a: Dragonite|Earthquake|p1a: Tyranitar
|-supereffective|p1a: Tyranitar
|-damage|p1a: Tyranitar|0 fnt
|faint|p1a: Tyranitar
|
|-weather|Sandstorm|[upkeep]
|-damage|p2a: Dragonite|303\/323|[from] sandstorm
|c|âJohnny Tots|fire punch?
|
|switch|p1a: Mew|Mew|404\/404
|turn|13
|
|switch|p2a: Charizard|Charizard, M|297\/297
|move|p1a: Mew|Will-O-Wisp|p2a: Charizard
|-fail|p2a: Charizard
|
|-weather|Sandstorm|[upkeep]
|-damage|p2a: Charizard|279\/297|[from] sandstorm
|-damage|p1a: Mew|379\/404|[from] sandstorm
|-heal|p1a: Mew|404\/404|[from] item: Leftovers
|turn|14
|
|switch|p1a: Slowbro|Slowbro, M|226\/393
|detailschange|p2a: Charizard|Charizard-Mega-X, M
|message|Charizard has Mega Evolved into Mega Charizard!
|move|p2a: Charizard|Dragon Dance|p2a: Charizard
|-boost|p2a: Charizard|atk|1
|-boost|p2a: Charizard|spe|1
|
|-weather|Sandstorm|[upkeep]
|-damage|p2a: Charizard|261\/297|[from] sandstorm
|-damage|p1a: Slowbro|202\/393|[from] sandstorm
|-heal|p1a: Slowbro|226\/393|[from] item: Leftovers
|turn|15
|
|switch|p2a: Thundurus-Therian|Thundurus-Therian, M|299\/299
|switch|p1a: Gliscor|Gliscor, M|352\/352 tox
|
|-weather|Sandstorm|[upkeep]
|-damage|p2a: Thundurus-Therian|281\/299|[from] sandstorm
|-heal|p2a: Thundurus-Therian|299\/299|[from] item: Leftovers
|turn|16
|
|move|p1a: Gliscor|Taunt|p2a: Thundurus-Therian
|-start|p2a: Thundurus-Therian|move: Taunt
|cant|p2a: Thundurus-Therian|move: Taunt|Nasty Plot
|
|-weather|none
|turn|17
|
|switch|p1a: Heatran|Heatran, M|374\/374
|move|p2a: Thundurus-Therian|Hidden Power|p1a: Heatran
|-resisted|p1a: Heatran
|-damage|p1a: Heatran|360\/374
|
|-heal|p1a: Heatran|374\/374|[from] item: Leftovers
|turn|18
|
|switch|p2a: Dragonite|Dragonite, F|303\/323
|move|p1a: Heatran|Stealth Rock|p2a: Dragonite
|-sidestart|p2: Johnny Tots|move: Stealth Rock
|
|turn|19
|
|switch|p1a: Mew|Mew|404\/404
|move|p2a: Dragonite|Earthquake|p1a: Mew
|-damage|p1a: Mew|262\/404
|
|-heal|p1a: Mew|287\/404|[from] item: Leftovers
|turn|20
|
|switch|p2a: Scizor|Scizor, M|281\/281
|-damage|p2a: Scizor|246\/281|[from] Stealth Rock
|move|p1a: Mew|Taunt|p2a: Scizor
|-start|p2a: Scizor|move: Taunt
|
|-heal|p1a: Mew|312\/404|[from] item: Leftovers
|-heal|p2a: Scizor|263\/281|[from] item: Leftovers
|turn|21
|
|switch|p1a: Gliscor|Gliscor, M|352\/352 tox
|switch|p2a: Charizard|Charizard-Mega-X, M|261\/297
|-damage|p2a: Charizard|187\/297|[from] Stealth Rock
|
|turn|22
|
|switch|p2a: Scizor|Scizor, M|263\/281
|-damage|p2a: Scizor|228\/281|[from] Stealth Rock
|move|p1a: Gliscor|Taunt|p2a: Scizor
|-start|p2a: Scizor|move: Taunt
|
|-heal|p2a: Scizor|245\/281|[from] item: Leftovers
|turn|23
|
|switch|p1a: Scizor|Scizor, F|273\/344
|move|p2a: Scizor|Bullet Punch|p1a: Scizor
|-resisted|p1a: Scizor
|-damage|p1a: Scizor|230\/344
|
|-heal|p2a: Scizor|262\/281|[from] item: Leftovers
|turn|24
|
|switch|p2a: Landorus-Therian|Landorus-Therian, M|319\/319
|-damage|p2a: Landorus-Therian|280\/319|[from] Stealth Rock
|-ability|p2a: Landorus-Therian|Intimidate|[of] p1a: Scizor
|-unboost|p1a: Scizor|atk|1
|detailschange|p1a: Scizor|Scizor-Mega, F
|message|Scizor has Mega Evolved into Mega Scizor!
|move|p1a: Scizor|Swords Dance|p1a: Scizor
|-boost|p1a: Scizor|atk|2
|
|-heal|p2a: Landorus-Therian|299\/319|[from] item: Leftovers
|turn|25
|
|move|p2a: Landorus-Therian|Swords Dance|p2a: Landorus-Therian
|-boost|p2a: Landorus-Therian|atk|2
|move|p1a: Scizor|Roost|p1a: Scizor
|-heal|p1a: Scizor|344\/344
|
|-heal|p2a: Landorus-Therian|318\/319|[from] item: Leftovers
|turn|26
|
|move|p1a: Scizor|Bullet Punch|p2a: Landorus-Therian
|-damage|p2a: Landorus-Therian|203\/319
|move|p2a: Landorus-Therian|Earthquake|p1a: Scizor
|-damage|p1a: Scizor|91\/344
|
|-heal|p2a: Landorus-Therian|222\/319|[from] item: Leftovers
|turn|27
|
|move|p1a: Scizor|Bullet Punch|p2a: Landorus-Therian
|-damage|p2a: Landorus-Therian|90\/319
|move|p2a: Landorus-Therian|Swords Dance|p2a: Landorus-Therian
|-boost|p2a: Landorus-Therian|atk|2
|
|-heal|p2a: Landorus-Therian|109\/319|[from] item: Leftovers
|turn|28
|
|move|p1a: Scizor|Bullet Punch|p2a: Landorus-Therian
|-damage|p2a: Landorus-Therian|0 fnt
|faint|p2a: Landorus-Therian
|
|
|switch|p2a: Charizard|Charizard-Mega-X, M|187\/297
|-damage|p2a: Charizard|113\/297|[from] Stealth Rock
|turn|29
|
|switch|p1a: Slowbro|Slowbro, M|357\/393
|move|p2a: Charizard|Flare Blitz|p1a: Slowbro
|-resisted|p1a: Slowbro
|-damage|p1a: Slowbro|243\/393
|-damage|p2a: Charizard|75\/297|[from] recoil|[of] p1a: Slowbro
|
|-heal|p1a: Slowbro|267\/393|[from] item: Leftovers
|turn|30
|
|switch|p2a: Thundurus-Therian|Thundurus-Therian, M|299\/299
|-damage|p2a: Thundurus-Therian|225\/299|[from] Stealth Rock
|switch|p1a: Gliscor|Gliscor, M|352\/352 tox
|
|-heal|p2a: Thundurus-Therian|243\/299|[from] item: Leftovers
|turn|31
|
|move|p1a: Gliscor|Taunt|p2a: Thundurus-Therian
|-start|p2a: Thundurus-Therian|move: Taunt
|move|p2a: Thundurus-Therian|Hidden Power|p1a: Gliscor
|-crit|p1a: Gliscor
|-supereffective|p1a: Gliscor
|-damage|p1a: Gliscor|0 fnt
|faint|p1a: Gliscor
|
|-heal|p2a: Thundurus-Therian|261\/299|[from] item: Leftovers
|
|switch|p1a: Mew|Mew|312\/404
|turn|32
|
|move|p1a: Mew|Knock Off|p2a: Thundurus-Therian
|-damage|p2a: Thundurus-Therian|173\/299
|-enditem|p2a: Thundurus-Therian|Leftovers|[from] move: Knock Off|[of] p1a: Mew
|move|p2a: Thundurus-Therian|Thunderbolt|p1a: Mew
|-damage|p1a: Mew|182\/404
|-status|p1a: Mew|par
|
|-heal|p1a: Mew|207\/404 par|[from] item: Leftovers
|turn|33
|join|giglsd
|
|move|p2a: Thundurus-Therian|Thunderbolt|p1a: Mew
|-damage|p1a: Mew|60\/404 par
|move|p1a: Mew|Soft-Boiled|p1a: Mew
|-heal|p1a: Mew|262\/404 par
|
|-heal|p1a: Mew|287\/404 par|[from] item: Leftovers
|-end|p2a: Thundurus-Therian|move: Taunt
|turn|34
|
|move|p2a: Thundurus-Therian|Agility|p2a: Thundurus-Therian
|-boost|p2a: Thundurus-Therian|spe|2
|move|p1a: Mew|Will-O-Wisp|p2a: Thundurus-Therian
|-status|p2a: Thundurus-Therian|brn
|
|-heal|p1a: Mew|312\/404 par|[from] item: Leftovers
|-damage|p2a: Thundurus-Therian|136\/299 brn|[from] brn
|turn|35
|
|move|p2a: Thundurus-Therian|Nasty Plot|p2a: Thundurus-Therian
|-boost|p2a: Thundurus-Therian|spa|2
|move|p1a: Mew|Soft-Boiled|p1a: Mew
|-heal|p1a: Mew|404\/404 par
|
|-damage|p2a: Thundurus-Therian|99\/299 brn|[from] brn
|turn|36
|
|move|p2a: Thundurus-Therian|Thunderbolt|p1a: Mew
|-damage|p1a: Mew|134\/404 par
|cant|p1a: Mew|par
|
|-heal|p1a: Mew|159\/404 par|[from] item: Leftovers
|-damage|p2a: Thundurus-Therian|62\/299 brn|[from] brn
|turn|37
|
|move|p2a: Thundurus-Therian|Thunderbolt|p1a: Mew
|-damage|p1a: Mew|0 fnt
|faint|p1a: Mew
|
|-damage|p2a: Thundurus-Therian|25\/299 brn|[from] brn
|
|switch|p1a: Heatran|Heatran, M|374\/374
|turn|38
|
|move|p1a: Heatran|Protect|p1a: Heatran
|-singleturn|p1a: Heatran|Protect
|move|p2a: Thundurus-Therian|Thunderbolt|p1a: Heatran
|-activate|p1a: Heatran|Protect
|
|-damage|p2a: Thundurus-Therian|0 fnt|[from] brn
|faint|p2a: Thundurus-Therian
|
|switch|p2a: Dragonite|Dragonite, F|303\/323
|-damage|p2a: Dragonite|223\/323|[from] Stealth Rock
|turn|39
|
|switch|p1a: Slowbro|Slowbro, M|393\/393
|move|p2a: Dragonite|Dragon Dance|p2a: Dragonite
|-boost|p2a: Dragonite|atk|1
|-boost|p2a: Dragonite|spe|1
|
|turn|40
|
|move|p2a: Dragonite|Thunder Punch|p1a: Slowbro
|-crit|p1a: Slowbro
|-supereffective|p1a: Slowbro
|-damage|p1a: Slowbro|73\/393
|move|p1a: Slowbro|Scald|p2a: Dragonite
|-resisted|p2a: Dragonite
|-damage|p2a: Dragonite|173\/323
|-status|p2a: Dragonite|brn
|
|-heal|p1a: Slowbro|97\/393|[from] item: Leftovers
|-damage|p2a: Dragonite|133\/323 brn|[from] brn
|turn|41
|c|âJohnny Tots|wow
|
|move|p2a: Dragonite|Earthquake|p1a: Slowbro
|-damage|p1a: Slowbro|31\/393
|move|p1a: Slowbro|Slack Off|p1a: Slowbro
|-heal|p1a: Slowbro|228\/393
|
|-heal|p1a: Slowbro|252\/393|[from] item: Leftovers
|-damage|p2a: Dragonite|93\/323 brn|[from] brn
|turn|42
|c|âJohnny Tots|so lucky
|
|switch|p2a: Scizor|Scizor, M|262\/281
|-damage|p2a: Scizor|227\/281|[from] Stealth Rock
|switch|p1a: Scizor|Scizor-Mega, F|91\/344
|
|-heal|p2a: Scizor|244\/281|[from] item: Leftovers
|turn|43
|
|switch|p1a: Heatran|Heatran, M|374\/374
|move|p2a: Scizor|Defog|p1a: Heatran
|-unboost|p1a: Heatran|evasion|1
|-sideend|p2: Johnny Tots|Stealth Rock|[from] move: Defog|[of] p2a: Scizor
|
|-heal|p2a: Scizor|261\/281|[from] item: Leftovers
|turn|44
|
|switch|p2a: Charizard|Charizard-Mega-X, M|75\/297
|move|p1a: Heatran|Taunt|p2a: Charizard
|-start|p2a: Charizard|move: Taunt
|
|turn|45
|join|doom23
|
|switch|p1a: Slowbro|Slowbro, M|383\/393
|move|p2a: Charizard|Earthquake|p1a: Slowbro
|-damage|p1a: Slowbro|295\/393
|
|-heal|p1a: Slowbro|319\/393|[from] item: Leftovers
|turn|46
|
|switch|p2a: Scizor|Scizor, M|261\/281
|move|p1a: Slowbro|Scald|p2a: Scizor
|-damage|p2a: Scizor|183\/281
|
|-heal|p2a: Scizor|200\/281|[from] item: Leftovers
|-heal|p1a: Slowbro|343\/393|[from] item: Leftovers
|turn|47
|
|switch|p1a: Heatran|Heatran, M|374\/374
|move|p2a: Scizor|Toxic|p1a: Heatran|[miss]
|-miss|p2a: Scizor|p1a: Heatran
|
|-heal|p2a: Scizor|217\/281|[from] item: Leftovers
|turn|48
|
|move|p1a: Heatran|Taunt|p2a: Scizor
|-start|p2a: Scizor|move: Taunt
|cant|p2a: Scizor|move: Taunt|Defog
|
|-heal|p2a: Scizor|234\/281|[from] item: Leftovers
|turn|49
|
|switch|p2a: Charizard|Charizard-Mega-X, M|75\/297
|move|p1a: Heatran|Stealth Rock|p2a: Charizard
|-sidestart|p2: Johnny Tots|move: Stealth Rock
|
|turn|50
|
|switch|p1a: Slowbro|Slowbro, M|393\/393
|move|p2a: Charizard|Dragon Dance|p2a: Charizard
|-boost|p2a: Charizard|atk|1
|-boost|p2a: Charizard|spe|1
|
|turn|51
|
|move|p2a: Charizard|Dragon Claw|p1a: Slowbro
|-crit|p1a: Slowbro
|-damage|p1a: Slowbro|72\/393
|move|p1a: Slowbro|Scald|p2a: Charizard
|-damage|p2a: Charizard|0 fnt
|faint|p2a: Charizard
|
|-heal|p1a: Slowbro|96\/393|[from] item: Leftovers
|
|switch|p2a: Dragonite|Dragonite, F|93\/323 brn
|-damage|p2a: Dragonite|13\/323 brn|[from] Stealth Rock
|turn|52
|
|switch|p1a: Scizor|Scizor-Mega, F|91\/344
|move|p2a: Dragonite|Thunder Punch|p1a: Scizor
|-damage|p1a: Scizor|55\/344
|
|-damage|p2a: Dragonite|0 fnt|[from] brn
|faint|p2a: Dragonite
|-message|Johnny Tots forfeited.
|
|win|LT4Y Ciele
|raw|Ladder updating...
|leave|Johnny Tots
|player|p2
|raw|LT4Y Ciele's rating: 1882 &rarr; <strong>1892<\/strong><br \/>(+10 for winning)
|raw|Johnny Tots's rating: 1692 &rarr; <strong>1682<\/strong><br \/>(-10 for losing)
|leave|LT4Y Ciele
|player|p1
|leave|giglsd