|join|Johnny Tots
|join|milky sausage
|player|p1|Johnny Tots|101
|player|p2|milky sausage|52
|gametype|singles
|gen|6
|tier|OU
|rated
|clearpoke
|poke|p1|Dragonite, F
|poke|p1|Gyarados, M
|poke|p1|Landorus-Therian, M
|poke|p1|Charizard, F
|poke|p1|Thundurus-Therian, M
|poke|p1|Scizor, M
|poke|p2|Azumarill, M, shiny
|poke|p2|Heatran, M
|poke|p2|Thundurus, M, shiny
|poke|p2|Breloom, M, shiny
|poke|p2|Gardevoir, F, shiny
|poke|p2|Landorus, M
|rule|Swagger Clause: Swagger is banned
|rule|Baton Pass Clause: Limit one PokÃ©mon knowing Baton Pass
|rule|Sleep Clause Mod: Limit one foe put to sleep
|rule|Species Clause: Limit one of each PokÃ©mon
|rule|OHKO Clause: OHKO moves are banned
|rule|Moody Clause: Moody is banned
|rule|Evasion Moves Clause: Evasion moves are banned
|rule|Endless Battle Clause: Forcing endless battles is banned
|rule|HP Percentage Mod: HP is shown in percentages
|teampreview
|
|start
|switch|p1a: Gyarados|Gyarados, M|331\/331
|switch|p2a: Breloom|Breloom, M, shiny|262\/262
|turn|1
|
|move|p2a: Breloom|Spore|p1a: Gyarados
|-status|p1a: Gyarados|slp
|-enditem|p1a: Gyarados|Lum Berry|[eat]
|-curestatus|p1a: Gyarados|slp
|move|p1a: Gyarados|Dragon Dance|p1a: Gyarados
|-boost|p1a: Gyarados|atk|1
|-boost|p1a: Gyarados|spe|1
|
|turn|2
|
|move|p1a: Gyarados|Taunt|p2a: Breloom
|-start|p2a: Breloom|move: Taunt
|cant|p2a: Breloom|move: Taunt|Spore
|
|turn|3
|
|move|p1a: Gyarados|Ice Fang|p2a: Breloom
|-supereffective|p2a: Breloom
|-enditem|p2a: Breloom|Focus Sash
|-damage|p2a: Breloom|1\/262
|move|p2a: Breloom|Rock Tomb|p1a: Gyarados
|-supereffective|p1a: Gyarados
|-damage|p1a: Gyarados|75\/331
|-unboost|p1a: Gyarados|spe|1
|
|turn|4
|
|switch|p1a: Landorus-Therian|Landorus-Therian, M|319\/319
|-ability|p1a: Landorus-Therian|Intimidate|[of] p2a: Breloom
|-unboost|p2a: Breloom|atk|1
|move|p2a: Breloom|Rock Tomb|p1a: Landorus-Therian
|-damage|p1a: Landorus-Therian|264\/319
|-unboost|p1a: Landorus-Therian|spe|1
|
|-heal|p1a: Landorus-Therian|283\/319|[from] item: Leftovers
|-end|p2a: Breloom|move: Taunt
|turn|5
|
|move|p2a: Breloom|Spore|p1a: Landorus-Therian
|-status|p1a: Landorus-Therian|slp
|cant|p1a: Landorus-Therian|slp
|
|-heal|p1a: Landorus-Therian|302\/319 slp|[from] item: Leftovers
|turn|6
|
|switch|p2a: Landorus|Landorus, M|319\/319
|switch|p1a: Scizor|Scizor, M|281\/281
|
|turn|7
|
|move|p2a: Landorus|Stealth Rock|p1a: Scizor
|-sidestart|p1: Johnny Tots|move: Stealth Rock
|move|p1a: Scizor|Swords Dance|p1a: Scizor
|-boost|p1a: Scizor|atk|2
|
|turn|8
|
|move|p2a: Landorus|Earth Power|p1a: Scizor
|-damage|p1a: Scizor|65\/281
|move|p1a: Scizor|Defog|p2a: Landorus
|-unboost|p2a: Landorus|evasion|1
|-sideend|p1: Johnny Tots|Stealth Rock|[from] move: Defog|[of] p1a: Scizor
|
|-heal|p1a: Scizor|82\/281|[from] item: Leftovers
|turn|9
|
|move|p1a: Scizor|Bullet Punch|p2a: Landorus
|-damage|p2a: Landorus|120\/319
|move|p2a: Landorus|Stealth Rock|p1a: Scizor
|-sidestart|p1: Johnny Tots|move: Stealth Rock
|
|-heal|p1a: Scizor|99\/281|[from] item: Leftovers
|turn|10
|
|move|p1a: Scizor|Bullet Punch|p2a: Landorus
|-damage|p2a: Landorus|0 fnt
|faint|p2a: Landorus
|
|-heal|p1a: Scizor|116\/281|[from] item: Leftovers
|
|switch|p2a: Heatran|Heatran, M|323\/323
|turn|11
|
|move|p1a: Scizor|Bullet Punch|p2a: Heatran
|-resisted|p2a: Heatran
|-damage|p2a: Heatran|284\/323
|move|p2a: Heatran|Fire Blast|p1a: Scizor
|-supereffective|p1a: Scizor
|-damage|p1a: Scizor|0 fnt
|faint|p1a: Scizor
|
|
|switch|p1a: Dragonite|Dragonite, F|323\/323
|-damage|p1a: Dragonite|243\/323|[from] Stealth Rock
|turn|12
|leave|Johnny Tots
|player|p1
|
|switch|p2a: Thundurus|Thundurus, M, shiny|299\/299
|move|p1a: Dragonite|Dragon Dance|p1a: Dragonite
|-boost|p1a: Dragonite|atk|1
|-boost|p1a: Dragonite|spe|1
|
|turn|13
|-message|johnnytots lost due to inactivity.
|
|win|milky sausage
|raw|Ladder updating...
|raw|Johnny Tots's rating: 1577 &rarr; <strong>1554<\/strong><br \/>(-23 for losing)
|raw|milky sausage's rating: 1529 &rarr; <strong>1551<\/strong><br \/>(+22 for winning)