|join|impalby
|join|Johnny Tots
|player|p1|impalby|265
|player|p2|Johnny Tots|2
|gametype|singles
|gen|6
|tier|OU
|rated
|clearpoke
|poke|p1|Heracross, M
|poke|p1|Jirachi
|poke|p1|Keldeo
|poke|p1|Porygon2
|poke|p1|Raikou
|poke|p1|Tornadus-Therian, M
|poke|p2|Dragonite, M
|poke|p2|Gyarados, F
|poke|p2|Landorus-Therian, M
|poke|p2|Charizard, F
|poke|p2|Thundurus-Therian, M
|poke|p2|Scizor, M
|rule|Swagger Clause: Swagger is banned
|rule|Baton Pass Clause: Limit one PokÃ©mon knowing Baton Pass
|rule|Sleep Clause Mod: Limit one foe put to sleep
|rule|Species Clause: Limit one of each PokÃ©mon
|rule|OHKO Clause: OHKO moves are banned
|rule|Moody Clause: Moody is banned
|rule|Evasion Moves Clause: Evasion moves are banned
|rule|Endless Battle Clause: Forcing endless battles is banned
|rule|HP Percentage Mod: HP is shown in percentages
|teampreview
|
|start
|switch|p1a: Raikou|Raikou|322\/322
|switch|p2a: Gyarados|Gyarados, F|331\/331
|-ability|p1a: Raikou|Pressure
|turn|1
|
|switch|p2a: Thundurus-Therian|Thundurus-Therian, M|299\/299
|move|p1a: Raikou|Hidden Power|p2a: Thundurus-Therian
|-supereffective|p2a: Thundurus-Therian
|-damage|p2a: Thundurus-Therian|183\/299
|
|-heal|p2a: Thundurus-Therian|201\/299|[from] item: Leftovers
|turn|2
|
|switch|p1a: Porygon2|Porygon2|374\/374
|-ability|p1a: Porygon2|Volt Absorb|[from] ability: Trace|[of] p2a: Thundurus-Therian
|switch|p2a: Scizor|Scizor, M|281\/281
|
|turn|3
|
|switch|p1a: Jirachi|Jirachi|404\/404
|move|p2a: Scizor|Toxic|p1a: Jirachi
|-fail|p1a: Jirachi
|
|turn|4
|
|switch|p2a: Landorus-Therian|Landorus-Therian, M|319\/319
|-ability|p2a: Landorus-Therian|Intimidate|[of] p1a: Jirachi
|-unboost|p1a: Jirachi|atk|1
|move|p1a: Jirachi|Stealth Rock|p2a: Landorus-Therian
|-sidestart|p2: Johnny Tots|move: Stealth Rock
|
|turn|5
|
|move|p2a: Landorus-Therian|Swords Dance|p2a: Landorus-Therian
|-boost|p2a: Landorus-Therian|atk|2
|move|p1a: Jirachi|Body Slam|p2a: Landorus-Therian
|-damage|p2a: Landorus-Therian|286\/319
|
|-heal|p2a: Landorus-Therian|305\/319|[from] item: Leftovers
|turn|6
|
|switch|p1a: Porygon2|Porygon2|374\/374
|-ability|p1a: Porygon2|Intimidate|[from] ability: Trace|[of] p2a: Landorus-Therian
|-ability|p1a: Porygon2|Intimidate|[of] p2a: Landorus-Therian
|-unboost|p2a: Landorus-Therian|atk|1
|move|p2a: Landorus-Therian|Rock Polish|p2a: Landorus-Therian
|-boost|p2a: Landorus-Therian|spe|2
|
|-heal|p2a: Landorus-Therian|319\/319|[from] item: Leftovers
|turn|7
|
|move|p2a: Landorus-Therian|Earthquake|p1a: Porygon2
|-damage|p1a: Porygon2|230\/374
|move|p1a: Porygon2|Ice Beam|p2a: Landorus-Therian
|-supereffective|p2a: Landorus-Therian
|-damage|p2a: Landorus-Therian|0 fnt
|faint|p2a: Landorus-Therian
|
|
|switch|p2a: Scizor|Scizor, M|281\/281
|-damage|p2a: Scizor|246\/281|[from] Stealth Rock
|turn|8
|
|switch|p1a: Jirachi|Jirachi|404\/404
|move|p2a: Scizor|Defog|p1a: Jirachi
|-unboost|p1a: Jirachi|evasion|1
|-sideend|p2: Johnny Tots|Stealth Rock|[from] move: Defog|[of] p2a: Scizor
|
|-heal|p2a: Scizor|263\/281|[from] item: Leftovers
|turn|9
|
|switch|p2a: Gyarados|Gyarados, F|331\/331
|move|p1a: Jirachi|Stealth Rock|p2a: Gyarados
|-sidestart|p2: Johnny Tots|move: Stealth Rock
|
|turn|10
|
|move|p2a: Gyarados|Dragon Dance|p2a: Gyarados
|-boost|p2a: Gyarados|atk|1
|-boost|p2a: Gyarados|spe|1
|move|p1a: Jirachi|Body Slam|p2a: Gyarados
|-damage|p2a: Gyarados|265\/331
|-status|p2a: Gyarados|par
|-enditem|p2a: Gyarados|Lum Berry|[eat]
|-curestatus|p2a: Gyarados|par
|
|turn|11
|
|move|p2a: Gyarados|Dragon Dance|p2a: Gyarados
|-boost|p2a: Gyarados|atk|1
|-boost|p2a: Gyarados|spe|1
|move|p1a: Jirachi|Body Slam|p2a: Gyarados
|-damage|p2a: Gyarados|196\/331
|-status|p2a: Gyarados|par
|
|turn|12
|
|move|p1a: Jirachi|Iron Head|p2a: Gyarados
|-resisted|p2a: Gyarados
|-damage|p2a: Gyarados|154\/331 par
|cant|p2a: Gyarados|flinch
|
|turn|13
|
|move|p1a: Jirachi|Iron Head|p2a: Gyarados
|-resisted|p2a: Gyarados
|-damage|p2a: Gyarados|110\/331 par
|move|p2a: Gyarados|Earthquake|p1a: Jirachi
|-supereffective|p1a: Jirachi
|-damage|p1a: Jirachi|0 fnt
|faint|p1a: Jirachi
|-boost|p2a: Gyarados|atk|1|[from] ability: Moxie
|
|
|switch|p1a: Raikou|Raikou|322\/322
|-ability|p1a: Raikou|Pressure
|turn|14
|
|move|p1a: Raikou|Volt Switch|p2a: Gyarados
|-supereffective|p2a: Gyarados
|-damage|p2a: Gyarados|0 fnt
|faint|p2a: Gyarados
|
|switch|p1a: Keldeo|Keldeo|323\/323
|
|
|switch|p2a: Scizor|Scizor, M|263\/281
|-damage|p2a: Scizor|228\/281|[from] Stealth Rock
|turn|15
|c|âimpalby|nice scizor set
|c|âimpalby|i'll steal it
|
|move|p1a: Keldeo|Scald|p2a: Scizor
|-damage|p2a: Scizor|48\/281
|move|p2a: Scizor|Defog|p1a: Keldeo
|-unboost|p1a: Keldeo|evasion|1
|-sideend|p2: Johnny Tots|Stealth Rock|[from] move: Defog|[of] p2a: Scizor
|
|-heal|p2a: Scizor|65\/281|[from] item: Leftovers
|turn|16
|
|move|p2a: Scizor|Bullet Punch|p1a: Keldeo
|-resisted|p1a: Keldeo
|-damage|p1a: Keldeo|275\/323
|move|p1a: Keldeo|Scald|p2a: Scizor
|-damage|p2a: Scizor|0 fnt
|faint|p2a: Scizor
|
|
|switch|p2a: Dragonite|Dragonite, M|323\/323
|turn|17
|
|switch|p1a: Porygon2|Porygon2|230\/374
|-ability|p1a: Porygon2|Multiscale|[from] ability: Trace|[of] p2a: Dragonite
|move|p2a: Dragonite|Dragon Dance|p2a: Dragonite
|-boost|p2a: Dragonite|atk|1
|-boost|p2a: Dragonite|spe|1
|
|turn|18
|
|move|p2a: Dragonite|Earthquake|p1a: Porygon2
|-damage|p1a: Porygon2|123\/374
|move|p1a: Porygon2|Recover|p1a: Porygon2
|-heal|p1a: Porygon2|310\/374
|
|turn|19
|
|move|p2a: Dragonite|Ice Punch|p1a: Porygon2
|-damage|p1a: Porygon2|231\/374
|move|p1a: Porygon2|Recover|p1a: Porygon2
|-heal|p1a: Porygon2|374\/374
|
|turn|20
|
|move|p2a: Dragonite|Dragon Dance|p2a: Dragonite
|-boost|p2a: Dragonite|atk|1
|-boost|p2a: Dragonite|spe|1
|move|p1a: Porygon2|Thunder Wave|p2a: Dragonite
|-status|p2a: Dragonite|par
|-enditem|p2a: Dragonite|Lum Berry|[eat]
|-curestatus|p2a: Dragonite|par
|
|turn|21
|
|switch|p2a: Thundurus-Therian|Thundurus-Therian, M|201\/299
|move|p1a: Porygon2|Thunder Wave|p2a: Thundurus-Therian
|-heal|p2a: Thundurus-Therian|275\/299|[from] ability: Volt Absorb|[of] p1a: Porygon2
|
|-heal|p2a: Thundurus-Therian|293\/299|[from] item: Leftovers
|turn|22
|
|move|p2a: Thundurus-Therian|Nasty Plot|p2a: Thundurus-Therian
|-boost|p2a: Thundurus-Therian|spa|2
|move|p1a: Porygon2|Ice Beam|p2a: Thundurus-Therian
|-supereffective|p2a: Thundurus-Therian
|-damage|p2a: Thundurus-Therian|171\/299
|
|-heal|p2a: Thundurus-Therian|189\/299|[from] item: Leftovers
|turn|23
|
|switch|p1a: Tornadus-Therian|Tornadus-Therian, M|332\/332
|move|p2a: Thundurus-Therian|Thunderbolt|p1a: Tornadus-Therian
|-supereffective|p1a: Tornadus-Therian
|-damage|p1a: Tornadus-Therian|0 fnt
|faint|p1a: Tornadus-Therian
|
|-heal|p2a: Thundurus-Therian|207\/299|[from] item: Leftovers
|
|switch|p1a: Porygon2|Porygon2|374\/374
|-ability|p1a: Porygon2|Volt Absorb|[from] ability: Trace|[of] p2a: Thundurus-Therian
|turn|24
|
|move|p2a: Thundurus-Therian|Hidden Power|p1a: Porygon2
|-damage|p1a: Porygon2|261\/374
|move|p1a: Porygon2|Ice Beam|p2a: Thundurus-Therian
|-supereffective|p2a: Thundurus-Therian
|-damage|p2a: Thundurus-Therian|73\/299
|
|-heal|p2a: Thundurus-Therian|91\/299|[from] item: Leftovers
|turn|25
|
|move|p2a: Thundurus-Therian|Nasty Plot|p2a: Thundurus-Therian
|-boost|p2a: Thundurus-Therian|spa|2
|move|p1a: Porygon2|Recover|p1a: Porygon2
|-heal|p1a: Porygon2|374\/374
|
|-heal|p2a: Thundurus-Therian|109\/299|[from] item: Leftovers
|turn|26
|
|switch|p1a: Keldeo|Keldeo|275\/323
|move|p2a: Thundurus-Therian|Hidden Power|p1a: Keldeo
|-resisted|p1a: Keldeo
|-damage|p1a: Keldeo|164\/323
|
|-heal|p2a: Thundurus-Therian|127\/299|[from] item: Leftovers
|turn|27
|
|move|p1a: Keldeo|Scald|p2a: Thundurus-Therian
|-damage|p2a: Thundurus-Therian|0 fnt
|faint|p2a: Thundurus-Therian
|
|
|switch|p2a: Charizard|Charizard, F|297\/297
|turn|28
|
|detailschange|p2a: Charizard|Charizard-Mega-X, F
|message|Charizard has Mega Evolved into Mega Charizard!
|move|p1a: Keldeo|Scald|p2a: Charizard
|-damage|p2a: Charizard|83\/297
|move|p2a: Charizard|Dragon Dance|p2a: Charizard
|-boost|p2a: Charizard|atk|1
|-boost|p2a: Charizard|spe|1
|
|turn|29
|
|move|p2a: Charizard|Dragon Claw|p1a: Keldeo
|-damage|p1a: Keldeo|0 fnt
|faint|p1a: Keldeo
|
|
|switch|p1a: Porygon2|Porygon2|374\/374
|-ability|p1a: Porygon2|Tough Claws|[from] ability: Trace|[of] p2a: Charizard
|turn|30
|
|move|p2a: Charizard|Flare Blitz|p1a: Porygon2
|-damage|p1a: Porygon2|131\/374
|-damage|p2a: Charizard|3\/297|[from] recoil|[of] p1a: Porygon2
|move|p1a: Porygon2|Thunder Wave|p2a: Charizard
|-status|p2a: Charizard|par
|
|turn|31
|
|move|p1a: Porygon2|Recover|p1a: Porygon2
|-heal|p1a: Porygon2|318\/374
|move|p2a: Charizard|Flare Blitz|p1a: Porygon2
|-damage|p1a: Porygon2|90\/374
|-damage|p2a: Charizard|0 fnt|[from] recoil|[of] p1a: Porygon2
|faint|p2a: Charizard
|
|
|switch|p2a: Dragonite|Dragonite, M|323\/323
|turn|32
|
|move|p2a: Dragonite|Earthquake|p1a: Porygon2
|-crit|p1a: Porygon2
|-damage|p1a: Porygon2|0 fnt
|faint|p1a: Porygon2
|
|
|switch|p1a: Heracross|Heracross, M|302\/302
|turn|33
|
|detailschange|p1a: Heracross|Heracross-Mega, M
|message|Heracross has Mega Evolved into Mega Heracross!
|move|p1a: Heracross|Rock Blast|p2a: Dragonite
|-supereffective|p2a: Dragonite
|-damage|p2a: Dragonite|277\/323
|-supereffective|p2a: Dragonite
|-damage|p2a: Dragonite|187\/323
|-supereffective|p2a: Dragonite
|-damage|p2a: Dragonite|99\/323
|-crit|p2a: Dragonite
|-supereffective|p2a: Dragonite
|-damage|p2a: Dragonite|0 fnt
|-hitcount|p2a: Dragonite|4
|faint|p2a: Dragonite
|
|win|impalby
|raw|Ladder updating...
|raw|impalby's rating: 1681 &rarr; <strong>1696<\/strong><br \/>(+15 for winning)
|raw|Johnny Tots's rating: 1589 &rarr; <strong>1574<\/strong><br \/>(-15 for losing)