|join|Johnny Tots
|join|Masterghiru
|player|p1|Johnny Tots|1
|player|p2|Masterghiru|52
|gametype|singles
|gen|6
|tier|OU
|rated
|clearpoke
|poke|p1|Dragonite, M
|poke|p1|Gyarados, F
|poke|p1|Landorus-Therian, M
|poke|p1|Charizard, M
|poke|p1|Thundurus-Therian, M
|poke|p1|Scizor, F
|poke|p2|Ferrothorn, F
|poke|p2|Landorus, M
|poke|p2|Mew
|poke|p2|Charizard, M
|poke|p2|Keldeo-Resolute
|poke|p2|Rotom-Wash
|rule|Swagger Clause: Swagger is banned
|rule|Baton Pass Clause: Limit one PokÃ©mon knowing Baton Pass
|rule|Sleep Clause Mod: Limit one foe put to sleep
|rule|Species Clause: Limit one of each PokÃ©mon
|rule|OHKO Clause: OHKO moves are banned
|rule|Moody Clause: Moody is banned
|rule|Evasion Moves Clause: Evasion moves are banned
|rule|Endless Battle Clause: Forcing endless battles is banned
|rule|HP Percentage Mod: HP is shown in percentages
|teampreview
|
|start
|switch|p1a: Thundurus-Therian|Thundurus-Therian, M|299\/299
|switch|p2a: Rotom-Wash|Rotom-Wash|303\/303
|turn|1
|
|switch|p2a: Mew|Mew|404\/404
|move|p1a: Thundurus-Therian|Nasty Plot|p1a: Thundurus-Therian
|-boost|p1a: Thundurus-Therian|spa|2
|
|turn|2
|
|move|p1a: Thundurus-Therian|Agility|p1a: Thundurus-Therian
|-boost|p1a: Thundurus-Therian|spe|2
|move|p2a: Mew|Knock Off|p1a: Thundurus-Therian
|-damage|p1a: Thundurus-Therian|202\/299
|-enditem|p1a: Thundurus-Therian|Leftovers|[from] move: Knock Off|[of] p2a: Mew
|
|turn|3
|
|move|p1a: Thundurus-Therian|Thunderbolt|p2a: Mew
|-damage|p2a: Mew|143\/404
|move|p2a: Mew|Will-O-Wisp|p1a: Thundurus-Therian
|-status|p1a: Thundurus-Therian|brn
|
|-heal|p2a: Mew|168\/404|[from] item: Leftovers
|-damage|p1a: Thundurus-Therian|165\/299 brn|[from] brn
|turn|4
|
|switch|p2a: Ferrothorn|Ferrothorn, F|352\/352
|move|p1a: Thundurus-Therian|Nasty Plot|p1a: Thundurus-Therian
|-boost|p1a: Thundurus-Therian|spa|2
|
|-damage|p1a: Thundurus-Therian|128\/299 brn|[from] brn
|turn|5
|
|move|p2a: Ferrothorn|Protect|p2a: Ferrothorn
|-singleturn|p2a: Ferrothorn|Protect
|move|p1a: Thundurus-Therian|Thunderbolt|p2a: Ferrothorn
|-activate|p2a: Ferrothorn|Protect
|
|-damage|p1a: Thundurus-Therian|91\/299 brn|[from] brn
|turn|6
|
|move|p1a: Thundurus-Therian|Thunderbolt|p2a: Ferrothorn
|-crit|p2a: Ferrothorn
|-resisted|p2a: Ferrothorn
|-damage|p2a: Ferrothorn|50\/352
|move|p2a: Ferrothorn|Stealth Rock|p1a: Thundurus-Therian
|-sidestart|p1: Johnny Tots|move: Stealth Rock
|
|-heal|p2a: Ferrothorn|72\/352|[from] item: Leftovers
|-damage|p1a: Thundurus-Therian|54\/299 brn|[from] brn
|turn|7
|
|move|p2a: Ferrothorn|Protect|p2a: Ferrothorn
|-singleturn|p2a: Ferrothorn|Protect
|move|p1a: Thundurus-Therian|Nasty Plot|p1a: Thundurus-Therian
|-boost|p1a: Thundurus-Therian|spa|2
|
|-heal|p2a: Ferrothorn|94\/352|[from] item: Leftovers
|-damage|p1a: Thundurus-Therian|17\/299 brn|[from] brn
|turn|8
|
|switch|p2a: Landorus|Landorus, M|319\/319
|move|p1a: Thundurus-Therian|Hidden Power|p2a: Landorus
|-supereffective|p2a: Landorus
|-damage|p2a: Landorus|0 fnt
|faint|p2a: Landorus
|
|-damage|p1a: Thundurus-Therian|0 fnt|[from] brn
|faint|p1a: Thundurus-Therian
|
|switch|p2a: Rotom-Wash|Rotom-Wash|303\/303
|switch|p1a: Scizor|Scizor, F|281\/281
|-damage|p1a: Scizor|246\/281|[from] Stealth Rock
|turn|9
|
|move|p2a: Rotom-Wash|Will-O-Wisp|p1a: Scizor
|-status|p1a: Scizor|brn
|move|p1a: Scizor|Defog|p2a: Rotom-Wash
|-unboost|p2a: Rotom-Wash|evasion|1
|-sideend|p1: Johnny Tots|Stealth Rock|[from] move: Defog|[of] p1a: Scizor
|
|-heal|p1a: Scizor|263\/281 brn|[from] item: Leftovers
|-damage|p1a: Scizor|228\/281 brn|[from] brn
|turn|10
|
|move|p2a: Rotom-Wash|Volt Switch|p1a: Scizor
|-damage|p1a: Scizor|140\/281 brn
|
|switch|p2a: Ferrothorn|Ferrothorn, F|94\/352
|move|p1a: Scizor|Toxic|p2a: Ferrothorn
|-fail|p2a: Ferrothorn
|
|-heal|p1a: Scizor|157\/281 brn|[from] item: Leftovers
|-heal|p2a: Ferrothorn|116\/352|[from] item: Leftovers
|-damage|p1a: Scizor|122\/281 brn|[from] brn
|turn|11
|
|switch|p1a: Dragonite|Dragonite, M|323\/323
|move|p2a: Ferrothorn|Stealth Rock|p1a: Dragonite
|-sidestart|p1: Johnny Tots|move: Stealth Rock
|
|-heal|p2a: Ferrothorn|138\/352|[from] item: Leftovers
|turn|12
|
|move|p1a: Dragonite|Dragon Dance|p1a: Dragonite
|-boost|p1a: Dragonite|atk|1
|-boost|p1a: Dragonite|spe|1
|move|p2a: Ferrothorn|Leech Seed|p1a: Dragonite
|-start|p1a: Dragonite|move: Leech Seed
|
|-heal|p2a: Ferrothorn|160\/352|[from] item: Leftovers
|-damage|p1a: Dragonite|283\/323|[from] Leech Seed|[of] p2a: Ferrothorn
|-heal|p2a: Ferrothorn|200\/352|[silent]
|turn|13
|
|move|p1a: Dragonite|Dragon Dance|p1a: Dragonite
|-boost|p1a: Dragonite|atk|1
|-boost|p1a: Dragonite|spe|1
|move|p2a: Ferrothorn|Gyro Ball|p1a: Dragonite
|-damage|p1a: Dragonite|115\/323
|
|-heal|p2a: Ferrothorn|222\/352|[from] item: Leftovers
|-damage|p1a: Dragonite|75\/323|[from] Leech Seed|[of] p2a: Ferrothorn
|-heal|p2a: Ferrothorn|262\/352|[silent]
|turn|14
|
|move|p2a: Ferrothorn|Protect|p2a: Ferrothorn
|-singleturn|p2a: Ferrothorn|Protect
|move|p1a: Dragonite|Dragon Dance|p1a: Dragonite
|-boost|p1a: Dragonite|atk|1
|-boost|p1a: Dragonite|spe|1
|
|-heal|p2a: Ferrothorn|284\/352|[from] item: Leftovers
|-damage|p1a: Dragonite|35\/323|[from] Leech Seed|[of] p2a: Ferrothorn
|-heal|p2a: Ferrothorn|324\/352|[silent]
|turn|15
|
|switch|p2a: Mew|Mew|168\/404
|move|p1a: Dragonite|Earthquake|p2a: Mew
|-damage|p2a: Mew|0 fnt
|faint|p2a: Mew
|
|
|switch|p2a: Ferrothorn|Ferrothorn, F|324\/352
|turn|16
|
|switch|p1a: Scizor|Scizor, F|122\/281 brn
|-damage|p1a: Scizor|87\/281 brn|[from] Stealth Rock
|move|p2a: Ferrothorn|Protect|p2a: Ferrothorn
|-fail|p2a: Ferrothorn
|
|-heal|p1a: Scizor|104\/281 brn|[from] item: Leftovers
|-heal|p2a: Ferrothorn|346\/352|[from] item: Leftovers
|-damage|p1a: Scizor|69\/281 brn|[from] brn
|turn|17
|
|move|p1a: Scizor|Defog|p2a: Ferrothorn
|-unboost|p2a: Ferrothorn|evasion|1
|-sideend|p1: Johnny Tots|Stealth Rock|[from] move: Defog|[of] p1a: Scizor
|move|p2a: Ferrothorn|Gyro Ball|p1a: Scizor
|-resisted|p1a: Scizor
|-damage|p1a: Scizor|31\/281 brn
|
|-heal|p1a: Scizor|48\/281 brn|[from] item: Leftovers
|-heal|p2a: Ferrothorn|352\/352|[from] item: Leftovers
|-damage|p1a: Scizor|13\/281 brn|[from] brn
|turn|18
|
|move|p1a: Scizor|Defog|p2a: Ferrothorn
|-unboost|p2a: Ferrothorn|evasion|1
|move|p2a: Ferrothorn|Stealth Rock|p1a: Scizor
|-sidestart|p1: Johnny Tots|move: Stealth Rock
|
|-heal|p1a: Scizor|30\/281 brn|[from] item: Leftovers
|-damage|p1a: Scizor|0 fnt|[from] brn
|faint|p1a: Scizor
|
|switch|p1a: Gyarados|Gyarados, F|331\/331
|-damage|p1a: Gyarados|249\/331|[from] Stealth Rock
|turn|19
|
|switch|p2a: Rotom-Wash|Rotom-Wash|303\/303
|move|p1a: Gyarados|Taunt|p2a: Rotom-Wash
|-start|p2a: Rotom-Wash|move: Taunt
|
|turn|20
|
|switch|p1a: Landorus-Therian|Landorus-Therian, M|319\/319
|-damage|p1a: Landorus-Therian|280\/319|[from] Stealth Rock
|-ability|p1a: Landorus-Therian|Intimidate|[of] p2a: Rotom-Wash
|-unboost|p2a: Rotom-Wash|atk|1
|move|p2a: Rotom-Wash|Volt Switch|p1a: Landorus-Therian
|-immune|p1a: Landorus-Therian|[msg]
|
|-heal|p1a: Landorus-Therian|299\/319|[from] item: Leftovers
|turn|21
|
|move|p1a: Landorus-Therian|Swords Dance|p1a: Landorus-Therian
|-boost|p1a: Landorus-Therian|atk|2
|move|p2a: Rotom-Wash|Hydro Pump|p1a: Landorus-Therian
|-supereffective|p1a: Landorus-Therian
|-damage|p1a: Landorus-Therian|0 fnt
|faint|p1a: Landorus-Therian
|
|
|switch|p1a: Charizard|Charizard, M|297\/297
|-damage|p1a: Charizard|149\/297|[from] Stealth Rock
|turn|22
|
|detailschange|p1a: Charizard|Charizard-Mega-X, M
|message|Charizard has Mega Evolved into Mega Charizard!
|move|p1a: Charizard|Dragon Dance|p1a: Charizard
|-boost|p1a: Charizard|atk|1
|-boost|p1a: Charizard|spe|1
|move|p2a: Rotom-Wash|Volt Switch|p1a: Charizard
|-resisted|p1a: Charizard
|-damage|p1a: Charizard|104\/297
|
|switch|p2a: Keldeo-Resolute|Keldeo-Resolute|323\/323
|
|turn|23
|
|move|p2a: Keldeo-Resolute|Scald|p1a: Charizard
|-damage|p1a: Charizard|0 fnt
|faint|p1a: Charizard
|
|-message|Johnny Tots forfeited.
|
|win|Masterghiru
|raw|Ladder updating...
|leave|Johnny Tots
|player|p1
|raw|Johnny Tots's rating: 1657 &rarr; <strong>1632<\/strong><br \/>(-25 for losing)
|raw|Masterghiru's rating: 1566 &rarr; <strong>1591<\/strong><br \/>(+25 for winning)
|leave|Masterghiru
|player|p2
|join|Masterghiru