|join|Maiora
|join|johnny tots
|player|p1|Maiora|70
|player|p2|johnny tots|1
|gametype|singles
|gen|6
|tier|OU
|rated
|clearpoke
|poke|p1|Landorus-Therian, M
|poke|p1|Sylveon, F
|poke|p1|Rotom-Wash
|poke|p1|Heracross, F
|poke|p1|Latios, M
|poke|p1|Bisharp, F
|poke|p2|Dragonite, M
|poke|p2|Gyarados, F
|poke|p2|Landorus-Therian, M
|poke|p2|Charizard, M
|poke|p2|Thundurus-Therian, M
|poke|p2|Scizor, F
|rule|Swagger Clause: Swagger is banned
|rule|Baton Pass Clause: Limit one PokÃ©mon knowing Baton Pass
|rule|Sleep Clause Mod: Limit one foe put to sleep
|rule|Species Clause: Limit one of each PokÃ©mon
|rule|OHKO Clause: OHKO moves are banned
|rule|Moody Clause: Moody is banned
|rule|Evasion Moves Clause: Evasion moves are banned
|rule|Endless Battle Clause: Forcing endless battles is banned
|rule|HP Percentage Mod: HP is shown in percentages
|teampreview
|
|start
|switch|p1a: Rotom-Wash|Rotom-Wash|304\/304
|switch|p2a: Scizor|Scizor, F|281\/281
|turn|1
|
|move|p1a: Rotom-Wash|Hydro Pump|p2a: Scizor|[miss]
|-miss|p1a: Rotom-Wash|p2a: Scizor
|move|p2a: Scizor|Toxic|p1a: Rotom-Wash
|-status|p1a: Rotom-Wash|tox
|
|-damage|p1a: Rotom-Wash|285\/304 tox|[from] psn
|turn|2
|
|switch|p2a: Thundurus-Therian|Thundurus-Therian, M|299\/299
|move|p1a: Rotom-Wash|Will-O-Wisp|p2a: Thundurus-Therian
|-status|p2a: Thundurus-Therian|brn
|
|-heal|p1a: Rotom-Wash|304\/304 tox|[from] item: Leftovers
|-damage|p2a: Thundurus-Therian|262\/299 brn|[from] brn
|-damage|p1a: Rotom-Wash|266\/304 tox|[from] psn
|turn|3
|
|switch|p1a: Sylveon|Sylveon, F|394\/394
|move|p2a: Thundurus-Therian|Agility|p2a: Thundurus-Therian
|-boost|p2a: Thundurus-Therian|spe|2
|
|-heal|p2a: Thundurus-Therian|280\/299 brn|[from] item: Leftovers
|-damage|p2a: Thundurus-Therian|243\/299 brn|[from] brn
|turn|4
|
|switch|p2a: Scizor|Scizor, F|281\/281
|move|p1a: Sylveon|Hyper Voice|p2a: Scizor
|-resisted|p2a: Scizor
|-damage|p2a: Scizor|212\/281
|
|-heal|p2a: Scizor|229\/281|[from] item: Leftovers
|turn|5
|
|switch|p1a: Rotom-Wash|Rotom-Wash|266\/304 tox
|move|p2a: Scizor|Bullet Punch|p1a: Rotom-Wash
|-resisted|p1a: Rotom-Wash
|-damage|p1a: Rotom-Wash|251\/304 tox
|
|-heal|p1a: Rotom-Wash|270\/304 tox|[from] item: Leftovers
|-heal|p2a: Scizor|246\/281|[from] item: Leftovers
|-damage|p1a: Rotom-Wash|251\/304 tox|[from] psn
|turn|6
|
|switch|p2a: Gyarados|Gyarados, F|331\/331
|move|p1a: Rotom-Wash|Hydro Pump|p2a: Gyarados
|-resisted|p2a: Gyarados
|-damage|p2a: Gyarados|268\/331
|
|-heal|p1a: Rotom-Wash|270\/304 tox|[from] item: Leftovers
|-damage|p1a: Rotom-Wash|232\/304 tox|[from] psn
|turn|7
|
|switch|p2a: Thundurus-Therian|Thundurus-Therian, M|243\/299 brn
|move|p1a: Rotom-Wash|Volt Switch|p2a: Thundurus-Therian
|-heal|p2a: Thundurus-Therian|299\/299 brn|[from] ability: Volt Absorb|[of] p1a: Rotom-Wash
|
|-heal|p1a: Rotom-Wash|251\/304 tox|[from] item: Leftovers
|-damage|p2a: Thundurus-Therian|262\/299 brn|[from] brn
|-damage|p1a: Rotom-Wash|194\/304 tox|[from] psn
|turn|8
|
|switch|p1a: Sylveon|Sylveon, F|394\/394
|move|p2a: Thundurus-Therian|Nasty Plot|p2a: Thundurus-Therian
|-boost|p2a: Thundurus-Therian|spa|2
|
|-heal|p2a: Thundurus-Therian|280\/299 brn|[from] item: Leftovers
|-damage|p2a: Thundurus-Therian|243\/299 brn|[from] brn
|turn|9
|
|move|p2a: Thundurus-Therian|Thunderbolt|p1a: Sylveon
|-damage|p1a: Sylveon|175\/394
|move|p1a: Sylveon|Hyper Voice|p2a: Thundurus-Therian
|-damage|p2a: Thundurus-Therian|119\/299 brn
|
|-heal|p2a: Thundurus-Therian|137\/299 brn|[from] item: Leftovers
|-heal|p1a: Sylveon|199\/394|[from] item: Leftovers
|-damage|p2a: Thundurus-Therian|100\/299 brn|[from] brn
|turn|10
|
|switch|p1a: Landorus-Therian|Landorus-Therian, M|351\/351
|-ability|p1a: Landorus-Therian|Intimidate|[of] p2a: Thundurus-Therian
|-unboost|p2a: Thundurus-Therian|atk|1
|move|p2a: Thundurus-Therian|Agility|p2a: Thundurus-Therian
|-boost|p2a: Thundurus-Therian|spe|2
|
|-heal|p2a: Thundurus-Therian|118\/299 brn|[from] item: Leftovers
|-damage|p2a: Thundurus-Therian|81\/299 brn|[from] brn
|turn|11
|
|switch|p1a: Bisharp|Bisharp, F|310\/310
|move|p2a: Thundurus-Therian|Agility|p2a: Thundurus-Therian
|-boost|p2a: Thundurus-Therian|spe|2
|
|-heal|p2a: Thundurus-Therian|99\/299 brn|[from] item: Leftovers
|-damage|p2a: Thundurus-Therian|62\/299 brn|[from] brn
|turn|12
|c|âjohnny tots|wtf
|c|âjohnny tots|stupid computer
|
|switch|p2a: Landorus-Therian|Landorus-Therian, M|319\/319
|-ability|p2a: Landorus-Therian|Intimidate|[of] p1a: Bisharp
|-unboost|p1a: Bisharp|atk|1
|-boost|p1a: Bisharp|atk|2|[from] ability: Defiant
|move|p1a: Bisharp|Sucker Punch|p2a: Landorus-Therian
|-fail|p2a: Landorus-Therian
|
|turn|13
|
|move|p1a: Bisharp|Sucker Punch|p2a: Landorus-Therian
|-damage|p2a: Landorus-Therian|91\/319
|move|p2a: Landorus-Therian|Earthquake|p1a: Bisharp
|-supereffective|p1a: Bisharp
|-damage|p1a: Bisharp|0 fnt
|faint|p1a: Bisharp
|
|-heal|p2a: Landorus-Therian|110\/319|[from] item: Leftovers
|
|switch|p1a: Rotom-Wash|Rotom-Wash|194\/304 tox
|turn|14
|
|switch|p2a: Gyarados|Gyarados, F|268\/331
|move|p1a: Rotom-Wash|Will-O-Wisp|p2a: Gyarados
|-status|p2a: Gyarados|brn
|-enditem|p2a: Gyarados|Lum Berry|[eat]
|-curestatus|p2a: Gyarados|brn
|
|-heal|p1a: Rotom-Wash|213\/304 tox|[from] item: Leftovers
|-damage|p1a: Rotom-Wash|194\/304 tox|[from] psn
|turn|15
|
|switch|p2a: Thundurus-Therian|Thundurus-Therian, M|62\/299 brn
|move|p1a: Rotom-Wash|Volt Switch|p2a: Thundurus-Therian
|-heal|p2a: Thundurus-Therian|136\/299 brn|[from] ability: Volt Absorb|[of] p1a: Rotom-Wash
|
|-heal|p2a: Thundurus-Therian|154\/299 brn|[from] item: Leftovers
|-heal|p1a: Rotom-Wash|213\/304 tox|[from] item: Leftovers
|-damage|p2a: Thundurus-Therian|117\/299 brn|[from] brn
|-damage|p1a: Rotom-Wash|175\/304 tox|[from] psn
|turn|16
|
|switch|p1a: Sylveon|Sylveon, F|199\/394
|move|p2a: Thundurus-Therian|Thunderbolt|p1a: Sylveon
|-damage|p1a: Sylveon|100\/394
|
|-heal|p2a: Thundurus-Therian|135\/299 brn|[from] item: Leftovers
|-heal|p1a: Sylveon|124\/394|[from] item: Leftovers
|-damage|p2a: Thundurus-Therian|98\/299 brn|[from] brn
|turn|17
|
|move|p2a: Thundurus-Therian|Thunderbolt|p1a: Sylveon
|-damage|p1a: Sylveon|18\/394
|move|p1a: Sylveon|Wish|p1a: Sylveon
|
|-heal|p2a: Thundurus-Therian|116\/299 brn|[from] item: Leftovers
|-heal|p1a: Sylveon|42\/394|[from] item: Leftovers
|-damage|p2a: Thundurus-Therian|79\/299 brn|[from] brn
|turn|18
|
|move|p1a: Sylveon|Protect|p1a: Sylveon
|-singleturn|p1a: Sylveon|Protect
|move|p2a: Thundurus-Therian|Hidden Power|p1a: Sylveon
|-activate|p1a: Sylveon|Protect
|
|-heal|p1a: Sylveon|239\/394|[from] move: Wish|[wisher] Sylveon
|-heal|p2a: Thundurus-Therian|97\/299 brn|[from] item: Leftovers
|-heal|p1a: Sylveon|263\/394|[from] item: Leftovers
|-damage|p2a: Thundurus-Therian|60\/299 brn|[from] brn
|turn|19
|
|switch|p2a: Scizor|Scizor, F|246\/281
|move|p1a: Sylveon|Heal Bell|p1a: Sylveon
|-cureteam|p1a: Sylveon|[from] move: HealBell
|
|-heal|p2a: Scizor|263\/281|[from] item: Leftovers
|-heal|p1a: Sylveon|287\/394|[from] item: Leftovers
|turn|20
|
|switch|p1a: Landorus-Therian|Landorus-Therian, M|351\/351
|-ability|p1a: Landorus-Therian|Intimidate|[of] p2a: Scizor
|-unboost|p2a: Scizor|atk|1
|move|p2a: Scizor|Swords Dance|p2a: Scizor
|-boost|p2a: Scizor|atk|2
|
|-heal|p2a: Scizor|280\/281|[from] item: Leftovers
|turn|21
|
|switch|p1a: Rotom-Wash|Rotom-Wash|175\/304
|move|p2a: Scizor|Toxic|p1a: Rotom-Wash
|-status|p1a: Rotom-Wash|tox
|
|-heal|p1a: Rotom-Wash|194\/304 tox|[from] item: Leftovers
|-heal|p2a: Scizor|281\/281|[from] item: Leftovers
|-damage|p1a: Rotom-Wash|175\/304 tox|[from] psn
|turn|22
|
|switch|p2a: Charizard|Charizard, M|297\/297
|move|p1a: Rotom-Wash|Will-O-Wisp|p2a: Charizard
|-fail|p2a: Charizard
|
|-heal|p1a: Rotom-Wash|194\/304 tox|[from] item: Leftovers
|-damage|p1a: Rotom-Wash|156\/304 tox|[from] psn
|turn|23
|
|switch|p1a: Sylveon|Sylveon, F|287\/394
|detailschange|p2a: Charizard|Charizard-Mega-X, M
|message|Charizard has Mega Evolved into Mega Charizard!
|move|p2a: Charizard|Flare Blitz|p1a: Sylveon
|-damage|p1a: Sylveon|0 fnt
|-damage|p2a: Charizard|202\/297|[from] recoil|[of] p1a: Sylveon
|faint|p1a: Sylveon
|
|
|switch|p1a: Landorus-Therian|Landorus-Therian, M|351\/351
|-ability|p1a: Landorus-Therian|Intimidate|[of] p2a: Charizard
|-unboost|p2a: Charizard|atk|1
|turn|24
|
|switch|p2a: Landorus-Therian|Landorus-Therian, M|110\/319
|-ability|p2a: Landorus-Therian|Intimidate|[of] p1a: Landorus-Therian
|-unboost|p1a: Landorus-Therian|atk|1
|move|p1a: Landorus-Therian|Stealth Rock|p2a: Landorus-Therian
|-sidestart|p2: johnny tots|move: Stealth Rock
|
|-heal|p2a: Landorus-Therian|129\/319|[from] item: Leftovers
|turn|25
|
|switch|p2a: Scizor|Scizor, F|281\/281
|-damage|p2a: Scizor|246\/281|[from] Stealth Rock
|move|p1a: Landorus-Therian|U-turn|p2a: Scizor
|-resisted|p2a: Scizor
|-damage|p2a: Scizor|221\/281
|
|switch|p1a: Rotom-Wash|Rotom-Wash|156\/304 tox
|
|-heal|p1a: Rotom-Wash|175\/304 tox|[from] item: Leftovers
|-heal|p2a: Scizor|238\/281|[from] item: Leftovers
|-damage|p1a: Rotom-Wash|156\/304 tox|[from] psn
|turn|26
|
|move|p1a: Rotom-Wash|Will-O-Wisp|p2a: Scizor
|-status|p2a: Scizor|brn
|move|p2a: Scizor|Defog|p1a: Rotom-Wash
|-unboost|p1a: Rotom-Wash|evasion|1
|-sideend|p2: johnny tots|Stealth Rock|[from] move: Defog|[of] p2a: Scizor
|
|-heal|p1a: Rotom-Wash|175\/304 tox|[from] item: Leftovers
|-heal|p2a: Scizor|255\/281 brn|[from] item: Leftovers
|-damage|p1a: Rotom-Wash|137\/304 tox|[from] psn
|-damage|p2a: Scizor|220\/281 brn|[from] brn
|turn|27
|
|switch|p2a: Thundurus-Therian|Thundurus-Therian, M|60\/299 brn
|move|p1a: Rotom-Wash|Pain Split|p2a: Thundurus-Therian
|-sethp|p2a: Thundurus-Therian|98\/299 brn|p1a: Rotom-Wash|98\/304 tox|[from] move: Pain Split
|
|-heal|p2a: Thundurus-Therian|116\/299 brn|[from] item: Leftovers
|-heal|p1a: Rotom-Wash|117\/304 tox|[from] item: Leftovers
|-damage|p2a: Thundurus-Therian|79\/299 brn|[from] brn
|-damage|p1a: Rotom-Wash|60\/304 tox|[from] psn
|turn|28
|
|switch|p1a: Latios|Latios, M|302\/302
|move|p2a: Thundurus-Therian|Agility|p2a: Thundurus-Therian
|-boost|p2a: Thundurus-Therian|spe|2
|
|-heal|p2a: Thundurus-Therian|97\/299 brn|[from] item: Leftovers
|-damage|p2a: Thundurus-Therian|60\/299 brn|[from] brn
|turn|29
|
|move|p2a: Thundurus-Therian|Hidden Power|p1a: Latios
|-supereffective|p1a: Latios
|-damage|p1a: Latios|156\/302
|move|p1a: Latios|Thunderbolt|p2a: Thundurus-Therian
|-heal|p2a: Thundurus-Therian|134\/299 brn|[from] ability: Volt Absorb|[of] p1a: Latios
|
|-heal|p2a: Thundurus-Therian|152\/299 brn|[from] item: Leftovers
|-damage|p2a: Thundurus-Therian|115\/299 brn|[from] brn
|turn|30
|
|move|p2a: Thundurus-Therian|Hidden Power|p1a: Latios
|-supereffective|p1a: Latios
|-damage|p1a: Latios|20\/302
|move|p1a: Latios|Draco Meteor|p2a: Thundurus-Therian
|-damage|p2a: Thundurus-Therian|0 fnt
|-unboost|p1a: Latios|spa|2
|-damage|p1a: Latios|0 fnt|[from] item: Life Orb
|faint|p2a: Thundurus-Therian
|faint|p1a: Latios
|
|
|switch|p2a: Landorus-Therian|Landorus-Therian, M|129\/319
|switch|p1a: Heracross|Heracross, F|331\/331
|-ability|p2a: Landorus-Therian|Intimidate|[of] p1a: Heracross
|-unboost|p1a: Heracross|atk|1
|turn|31
|
|switch|p1a: Landorus-Therian|Landorus-Therian, M|351\/351
|-ability|p1a: Landorus-Therian|Intimidate|[of] p2a: Landorus-Therian
|-unboost|p2a: Landorus-Therian|atk|1
|move|p2a: Landorus-Therian|Stone Edge|p1a: Landorus-Therian
|-damage|p1a: Landorus-Therian|257\/351
|
|-heal|p2a: Landorus-Therian|148\/319|[from] item: Leftovers
|-heal|p1a: Landorus-Therian|278\/351|[from] item: Leftovers
|turn|32
|
|switch|p2a: Scizor|Scizor, F|220\/281 brn
|move|p1a: Landorus-Therian|Stealth Rock|p2a: Scizor
|-sidestart|p2: johnny tots|move: Stealth Rock
|
|-heal|p1a: Landorus-Therian|299\/351|[from] item: Leftovers
|-heal|p2a: Scizor|237\/281 brn|[from] item: Leftovers
|-damage|p2a: Scizor|202\/281 brn|[from] brn
|turn|33
|
|move|p1a: Landorus-Therian|Earthquake|p2a: Scizor
|-damage|p2a: Scizor|54\/281 brn
|move|p2a: Scizor|Defog|p1a: Landorus-Therian
|-unboost|p1a: Landorus-Therian|evasion|1
|-sideend|p2: johnny tots|Stealth Rock|[from] move: Defog|[of] p2a: Scizor
|
|-heal|p1a: Landorus-Therian|320\/351|[from] item: Leftovers
|-heal|p2a: Scizor|71\/281 brn|[from] item: Leftovers
|-damage|p2a: Scizor|36\/281 brn|[from] brn
|turn|34
|
|switch|p2a: Dragonite|Dragonite, M|323\/323
|move|p1a: Landorus-Therian|Stealth Rock|p2a: Dragonite
|-sidestart|p2: johnny tots|move: Stealth Rock
|
|-heal|p1a: Landorus-Therian|341\/351|[from] item: Leftovers
|turn|35
|
|switch|p1a: Heracross|Heracross, F|331\/331
|move|p2a: Dragonite|Dragon Dance|p2a: Dragonite
|-boost|p2a: Dragonite|atk|1
|-boost|p2a: Dragonite|spe|1
|
|turn|36
|
|detailschange|p1a: Heracross|Heracross-Mega, F
|message|Heracross has Mega Evolved into Mega Heracross!
|move|p2a: Dragonite|Ice Punch|p1a: Heracross
|-damage|p1a: Heracross|205\/331
|move|p1a: Heracross|Rock Blast|p2a: Dragonite
|-supereffective|p2a: Dragonite
|-damage|p2a: Dragonite|281\/323
|-supereffective|p2a: Dragonite
|-damage|p2a: Dragonite|197\/323
|-supereffective|p2a: Dragonite
|-damage|p2a: Dragonite|107\/323
|-supereffective|p2a: Dragonite
|-damage|p2a: Dragonite|23\/323
|-supereffective|p2a: Dragonite
|-damage|p2a: Dragonite|0 fnt
|-hitcount|p2a: Dragonite|5
|faint|p2a: Dragonite
|
|
|switch|p2a: Charizard|Charizard-Mega-X, M|202\/297
|-damage|p2a: Charizard|128\/297|[from] Stealth Rock
|turn|37
|
|switch|p1a: Landorus-Therian|Landorus-Therian, M|341\/351
|-ability|p1a: Landorus-Therian|Intimidate|[of] p2a: Charizard
|-unboost|p2a: Charizard|atk|1
|move|p2a: Charizard|Flare Blitz|p1a: Landorus-Therian
|-damage|p1a: Landorus-Therian|122\/351
|-damage|p2a: Charizard|56\/297|[from] recoil|[of] p1a: Landorus-Therian
|
|-heal|p1a: Landorus-Therian|143\/351|[from] item: Leftovers
|turn|38
|
|switch|p2a: Landorus-Therian|Landorus-Therian, M|148\/319
|-damage|p2a: Landorus-Therian|109\/319|[from] Stealth Rock
|-ability|p2a: Landorus-Therian|Intimidate|[of] p1a: Landorus-Therian
|-unboost|p1a: Landorus-Therian|atk|1
|move|p1a: Landorus-Therian|Earthquake|p2a: Landorus-Therian
|-immune|p2a: Landorus-Therian|[msg]
|
|-heal|p2a: Landorus-Therian|128\/319|[from] item: Leftovers
|-heal|p1a: Landorus-Therian|164\/351|[from] item: Leftovers
|turn|39
|
|move|p1a: Landorus-Therian|U-turn|p2a: Landorus-Therian
|-resisted|p2a: Landorus-Therian
|-damage|p2a: Landorus-Therian|99\/319
|
|switch|p1a: Rotom-Wash|Rotom-Wash|60\/304 tox
|move|p2a: Landorus-Therian|Swords Dance|p2a: Landorus-Therian
|-boost|p2a: Landorus-Therian|atk|2
|
|-heal|p2a: Landorus-Therian|118\/319|[from] item: Leftovers
|-heal|p1a: Rotom-Wash|79\/304 tox|[from] item: Leftovers
|-damage|p1a: Rotom-Wash|60\/304 tox|[from] psn
|turn|40
|
|move|p2a: Landorus-Therian|Stone Edge|p1a: Rotom-Wash
|-crit|p1a: Rotom-Wash
|-damage|p1a: Rotom-Wash|0 fnt
|faint|p1a: Rotom-Wash
|
|-heal|p2a: Landorus-Therian|137\/319|[from] item: Leftovers
|
|switch|p1a: Heracross|Heracross-Mega, F|205\/331
|turn|41
|
|move|p2a: Landorus-Therian|Stone Edge|p1a: Heracross
|-crit|p1a: Heracross
|-damage|p1a: Heracross|0 fnt
|faint|p1a: Heracross
|
|-heal|p2a: Landorus-Therian|156\/319|[from] item: Leftovers
|
|switch|p1a: Landorus-Therian|Landorus-Therian, M|164\/351
|-ability|p1a: Landorus-Therian|Intimidate|[of] p2a: Landorus-Therian
|-unboost|p2a: Landorus-Therian|atk|1
|turn|42
|
|switch|p2a: Scizor|Scizor, F|36\/281 brn
|-damage|p2a: Scizor|1\/281 brn|[from] Stealth Rock
|move|p1a: Landorus-Therian|Stone Edge|p2a: Scizor
|-crit|p2a: Scizor
|-damage|p2a: Scizor|0 fnt
|faint|p2a: Scizor
|
|-heal|p1a: Landorus-Therian|185\/351|[from] item: Leftovers
|
|switch|p2a: Landorus-Therian|Landorus-Therian, M|156\/319
|-damage|p2a: Landorus-Therian|117\/319|[from] Stealth Rock
|-ability|p2a: Landorus-Therian|Intimidate|[of] p1a: Landorus-Therian
|-unboost|p1a: Landorus-Therian|atk|1
|turn|43
|
|move|p2a: Landorus-Therian|Swords Dance|p2a: Landorus-Therian
|-boost|p2a: Landorus-Therian|atk|2
|move|p1a: Landorus-Therian|Stone Edge|p2a: Landorus-Therian
|-damage|p2a: Landorus-Therian|37\/319
|
|-heal|p2a: Landorus-Therian|56\/319|[from] item: Leftovers
|-heal|p1a: Landorus-Therian|206\/351|[from] item: Leftovers
|turn|44
|
|move|p1a: Landorus-Therian|Stone Edge|p2a: Landorus-Therian|[miss]
|-miss|p1a: Landorus-Therian|p2a: Landorus-Therian
|move|p2a: Landorus-Therian|Stone Edge|p1a: Landorus-Therian
|-damage|p1a: Landorus-Therian|0 fnt
|faint|p1a: Landorus-Therian
|
|win|johnny tots
|raw|Ladder updating...
|c|âMaiora|gg
|leave|johnny tots
|player|p2
|leave|Maiora
|player|p1
|raw|Maiora's rating: 1428 &rarr; <strong>1407<\/strong><br \/>(-21 for losing)
|raw|johnny tots's rating: 1412 &rarr; <strong>1433<\/strong><br \/>(+21 for winning)
|join|PayShe
|join|PayShe