|join|jake5
|join|johnny tots
|player|p1|jake5|290
|player|p2|johnny tots|102
|gametype|singles
|gen|6
|tier|OU
|clearpoke
|poke|p1|Landorus, M, shiny
|poke|p1|Greninja, F, shiny
|poke|p1|Lopunny, M, shiny
|poke|p1|Gengar, M, shiny
|poke|p1|Bisharp, M, shiny
|poke|p1|Infernape, M, shiny
|poke|p2|Dragonite, F
|poke|p2|Gyarados, M
|poke|p2|Charizard, F
|poke|p2|Landorus-Therian, M
|poke|p2|Thundurus-Therian, M
|poke|p2|Scizor, F
|rule|Swagger Clause: Swagger is banned
|rule|Baton Pass Clause: Limit one PokÃ©mon knowing Baton Pass
|rule|Sleep Clause Mod: Limit one foe put to sleep
|rule|Species Clause: Limit one of each PokÃ©mon
|rule|OHKO Clause: OHKO moves are banned
|rule|Moody Clause: Moody is banned
|rule|Evasion Moves Clause: Evasion moves are banned
|rule|Endless Battle Clause: Forcing endless battles is banned
|rule|HP Percentage Mod: HP is shown in percentages
|teampreview
|join|Alvadora
|c|âjohnny tots|gl
|
|start
|switch|p1a: Bisharp|Bisharp, M, shiny|271\/271
|switch|p2a: Gyarados|Gyarados, M|331\/331
|turn|1
|c|âjake5|likewise
|
|move|p1a: Bisharp|Stealth Rock|p2a: Gyarados
|-sidestart|p2: johnny tots|move: Stealth Rock
|move|p2a: Gyarados|Earthquake|p1a: Bisharp
|-supereffective|p1a: Bisharp
|-damage|p1a: Bisharp|41\/271
|
|turn|2
|join|bleeenis
|join|PMZY
|
|move|p1a: Bisharp|Knock Off|p2a: Gyarados
|-damage|p2a: Gyarados|160\/331
|-enditem|p2a: Gyarados|Lum Berry|[from] move: Knock Off|[of] p1a: Bisharp
|move|p2a: Gyarados|Dragon Dance|p2a: Gyarados
|-boost|p2a: Gyarados|atk|1
|-boost|p2a: Gyarados|spe|1
|
|turn|3
|
|move|p1a: Bisharp|Sucker Punch|p2a: Gyarados
|-fail|p2a: Gyarados
|move|p2a: Gyarados|Dragon Dance|p2a: Gyarados
|-boost|p2a: Gyarados|atk|1
|-boost|p2a: Gyarados|spe|1
|
|turn|4
|
|move|p1a: Bisharp|Sucker Punch|p2a: Gyarados
|-fail|p2a: Gyarados
|move|p2a: Gyarados|Dragon Dance|p2a: Gyarados
|-boost|p2a: Gyarados|atk|1
|-boost|p2a: Gyarados|spe|1
|
|turn|5
|c|âjake5|lol
|
|move|p1a: Bisharp|Sucker Punch|p2a: Gyarados
|-damage|p2a: Gyarados|12\/331
|move|p2a: Gyarados|Earthquake|p1a: Bisharp
|-supereffective|p1a: Bisharp
|-damage|p1a: Bisharp|0 fnt
|faint|p1a: Bisharp
|-boost|p2a: Gyarados|atk|1|[from] ability: Moxie
|
|join|tigerustin
|c|âjohnny tots|haha
|c|âjake5|lel probs shouldnt have done that
|
|switch|p1a: Lopunny|Lopunny, M, shiny|271\/271
|turn|6
|c|âjohnny tots|how manytimes u would of done that
|
|detailschange|p1a: Lopunny|Lopunny-Mega, M, shiny
|message|Lopunny has Mega Evolved into Mega Lopunny!
|move|p2a: Gyarados|Earthquake|p1a: Lopunny
|-damage|p1a: Lopunny|0 fnt
|faint|p1a: Lopunny
|-boost|p2a: Gyarados|atk|1|[from] ability: Moxie
|
|c|âjake5|well that sux lel i need fake out
|-message|jake5 forfeited.
|
|win|johnny tots
|c| bleeenis|fake out not revealed
|c| tigerustin|lol wut
|leave|jake5
|player|p1
|leave|tigerustin
|leave|bleeenis
|join|kullhadd hekk