|join|Johnny Tots
|join|jhoov54
|player|p1|Johnny Tots|169
|player|p2|jhoov54|130
|gametype|singles
|gen|6
|tier|OU
|rated
|clearpoke
|poke|p1|Dragonite, M
|poke|p1|Gyarados, F
|poke|p1|Landorus-Therian, M
|poke|p1|Charizard, M
|poke|p1|Thundurus-Therian, M
|poke|p1|Scizor, M
|poke|p2|Greninja, M, shiny
|poke|p2|Latios, M
|poke|p2|Rotom-Wash, shiny
|poke|p2|Clefable, M
|poke|p2|Heatran, F
|poke|p2|Medicham, F, shiny
|rule|Swagger Clause: Swagger is banned
|rule|Baton Pass Clause: Limit one PokÃ©mon knowing Baton Pass
|rule|Sleep Clause Mod: Limit one foe put to sleep
|rule|Species Clause: Limit one of each PokÃ©mon
|rule|OHKO Clause: OHKO moves are banned
|rule|Moody Clause: Moody is banned
|rule|Evasion Moves Clause: Evasion moves are banned
|rule|Endless Battle Clause: Forcing endless battles is banned
|rule|HP Percentage Mod: HP is shown in percentages
|teampreview
|
|start
|switch|p1a: Gyarados|Gyarados, F|331\/331
|switch|p2a: Medicham|Medicham, F, shiny|262\/262
|turn|1
|
|switch|p1a: Landorus-Therian|Landorus-Therian, M|319\/319
|-ability|p1a: Landorus-Therian|Intimidate|[of] p2a: Medicham
|-unboost|p2a: Medicham|atk|1
|detailschange|p2a: Medicham|Medicham-Mega, F, shiny
|message|Medicham has Mega Evolved into Mega Medicham!
|move|p2a: Medicham|Fake Out|p1a: Landorus-Therian
|-damage|p1a: Landorus-Therian|270\/319
|
|-heal|p1a: Landorus-Therian|289\/319|[from] item: Leftovers
|turn|2
|
|switch|p2a: Rotom-Wash|Rotom-Wash, shiny|304\/304
|switch|p1a: Scizor|Scizor, M|281\/281
|
|turn|3
|
|move|p2a: Rotom-Wash|Will-O-Wisp|p1a: Scizor
|-status|p1a: Scizor|brn
|move|p1a: Scizor|Toxic|p2a: Rotom-Wash
|-status|p2a: Rotom-Wash|tox
|
|-damage|p2a: Rotom-Wash|285\/304 tox|[from] psn
|-damage|p1a: Scizor|246\/281 brn|[from] brn
|turn|4
|
|switch|p1a: Thundurus-Therian|Thundurus-Therian, M|299\/299
|move|p2a: Rotom-Wash|Volt Switch|p1a: Thundurus-Therian
|-immune|p1a: Thundurus-Therian|[msg]
|
|-damage|p2a: Rotom-Wash|247\/304 tox|[from] psn
|turn|5
|
|switch|p2a: Heatran|Heatran, F|386\/386
|move|p1a: Thundurus-Therian|Agility|p1a: Thundurus-Therian
|-boost|p1a: Thundurus-Therian|spe|2
|
|turn|6
|
|move|p1a: Thundurus-Therian|Nasty Plot|p1a: Thundurus-Therian
|-boost|p1a: Thundurus-Therian|spa|2
|move|p2a: Heatran|Stealth Rock|p1a: Thundurus-Therian
|-sidestart|p1: Johnny Tots|move: Stealth Rock
|
|turn|7
|
|move|p1a: Thundurus-Therian|Thunderbolt|p2a: Heatran
|-damage|p2a: Heatran|152\/386
|-status|p2a: Heatran|par
|move|p2a: Heatran|Roar|p1a: Thundurus-Therian
|drag|p1a: Dragonite|Dragonite, M|323\/323
|-damage|p1a: Dragonite|243\/323|[from] Stealth Rock
|
|-heal|p2a: Heatran|176\/386 par|[from] item: Leftovers
|turn|8
|
|move|p1a: Dragonite|Dragon Dance|p1a: Dragonite
|-boost|p1a: Dragonite|atk|1
|-boost|p1a: Dragonite|spe|1
|move|p2a: Heatran|Roar|p1a: Dragonite
|drag|p1a: Charizard|Charizard, M|297\/297
|-damage|p1a: Charizard|149\/297|[from] Stealth Rock
|
|-heal|p2a: Heatran|200\/386 par|[from] item: Leftovers
|turn|9
|
|move|p1a: Charizard|Dragon Dance|p1a: Charizard
|-boost|p1a: Charizard|atk|1
|-boost|p1a: Charizard|spe|1
|cant|p2a: Heatran|par
|
|-heal|p2a: Heatran|224\/386 par|[from] item: Leftovers
|turn|10
|
|detailschange|p1a: Charizard|Charizard-Mega-X, M
|message|Charizard has Mega Evolved into Mega Charizard!
|move|p1a: Charizard|Earthquake|p2a: Heatran
|-crit|p2a: Heatran
|-supereffective|p2a: Heatran
|-damage|p2a: Heatran|0 fnt
|faint|p2a: Heatran
|
|
|switch|p2a: Rotom-Wash|Rotom-Wash, shiny|247\/304 tox
|turn|11
|
|move|p1a: Charizard|Dragon Claw|p2a: Rotom-Wash
|-damage|p2a: Rotom-Wash|33\/304 tox
|move|p2a: Rotom-Wash|Hydro Pump|p1a: Charizard
|-damage|p1a: Charizard|7\/297
|
|-damage|p2a: Rotom-Wash|14\/304 tox|[from] psn
|turn|12
|
|move|p1a: Charizard|Dragon Claw|p2a: Rotom-Wash
|-damage|p2a: Rotom-Wash|0 fnt
|faint|p2a: Rotom-Wash
|
|
|switch|p2a: Greninja|Greninja, M, shiny|286\/286
|turn|13
|
|move|p2a: Greninja|U-turn|p1a: Charizard
|-start|p2a: Greninja|typechange|Bug|[from] Protean
|-resisted|p1a: Charizard
|-damage|p1a: Charizard|0 fnt
|faint|p1a: Charizard
|
|switch|p2a: Medicham|Medicham-Mega, F, shiny|262\/262
|
|
|switch|p1a: Landorus-Therian|Landorus-Therian, M|289\/319
|-damage|p1a: Landorus-Therian|250\/319|[from] Stealth Rock
|-ability|p1a: Landorus-Therian|Intimidate|[of] p2a: Medicham
|-unboost|p2a: Medicham|atk|1
|turn|14
|
|move|p2a: Medicham|Fake Out|p1a: Landorus-Therian
|-damage|p1a: Landorus-Therian|205\/319
|cant|p1a: Landorus-Therian|flinch
|
|-heal|p1a: Landorus-Therian|224\/319|[from] item: Leftovers
|turn|15
|
|move|p2a: Medicham|Ice Punch|p1a: Landorus-Therian
|-supereffective|p1a: Landorus-Therian
|-damage|p1a: Landorus-Therian|0 fnt
|faint|p1a: Landorus-Therian
|
|
|switch|p1a: Scizor|Scizor, M|246\/281 brn
|-damage|p1a: Scizor|211\/281 brn|[from] Stealth Rock
|turn|16
|
|switch|p2a: Latios|Latios, M|302\/302
|move|p1a: Scizor|Defog|p2a: Latios
|-unboost|p2a: Latios|evasion|1
|-sideend|p1: Johnny Tots|Stealth Rock|[from] move: Defog|[of] p1a: Scizor
|
|-heal|p1a: Scizor|228\/281 brn|[from] item: Leftovers
|-damage|p1a: Scizor|193\/281 brn|[from] brn
|turn|17
|
|switch|p1a: Dragonite|Dragonite, M|243\/323
|move|p2a: Latios|Hidden Power|p1a: Dragonite
|-resisted|p1a: Dragonite
|-damage|p1a: Dragonite|191\/323
|
|turn|18
|
|switch|p2a: Clefable|Clefable, M|394\/394
|switch|p1a: Scizor|Scizor, M|193\/281 brn
|
|-heal|p1a: Scizor|210\/281 brn|[from] item: Leftovers
|-damage|p1a: Scizor|175\/281 brn|[from] brn
|turn|19
|
|move|p1a: Scizor|Toxic|p2a: Clefable
|-status|p2a: Clefable|tox
|move|p2a: Clefable|Flamethrower|p1a: Scizor
|-supereffective|p1a: Scizor
|-damage|p1a: Scizor|0 fnt
|faint|p1a: Scizor
|
|
|switch|p1a: Thundurus-Therian|Thundurus-Therian, M|299\/299
|turn|20
|
|move|p1a: Thundurus-Therian|Agility|p1a: Thundurus-Therian
|-boost|p1a: Thundurus-Therian|spe|2
|move|p2a: Clefable|Calm Mind|p2a: Clefable
|-boost|p2a: Clefable|spa|1
|-boost|p2a: Clefable|spd|1
|
|turn|21
|
|move|p1a: Thundurus-Therian|Nasty Plot|p1a: Thundurus-Therian
|-boost|p1a: Thundurus-Therian|spa|2
|move|p2a: Clefable|Calm Mind|p2a: Clefable
|-boost|p2a: Clefable|spa|1
|-boost|p2a: Clefable|spd|1
|
|turn|22
|
|move|p1a: Thundurus-Therian|Nasty Plot|p1a: Thundurus-Therian
|-boost|p1a: Thundurus-Therian|spa|2
|move|p2a: Clefable|Moonblast|p1a: Thundurus-Therian
|-damage|p1a: Thundurus-Therian|130\/299
|
|-heal|p1a: Thundurus-Therian|148\/299|[from] item: Leftovers
|turn|23
|
|move|p1a: Thundurus-Therian|Thunderbolt|p2a: Clefable
|-crit|p2a: Clefable
|-damage|p2a: Clefable|0 fnt
|faint|p2a: Clefable
|
|-heal|p1a: Thundurus-Therian|166\/299|[from] item: Leftovers
|
|switch|p2a: Medicham|Medicham-Mega, F, shiny|262\/262
|turn|24
|
|move|p2a: Medicham|Fake Out|p1a: Thundurus-Therian
|-damage|p1a: Thundurus-Therian|52\/299
|cant|p1a: Thundurus-Therian|flinch
|
|-heal|p1a: Thundurus-Therian|70\/299|[from] item: Leftovers
|turn|25
|
|switch|p2a: Greninja|Greninja, M, shiny|286\/286
|move|p1a: Thundurus-Therian|Thunderbolt|p2a: Greninja
|-supereffective|p2a: Greninja
|-damage|p2a: Greninja|0 fnt
|faint|p2a: Greninja
|
|-heal|p1a: Thundurus-Therian|88\/299|[from] item: Leftovers
|
|switch|p2a: Medicham|Medicham-Mega, F, shiny|262\/262
|turn|26
|
|move|p2a: Medicham|Fake Out|p1a: Thundurus-Therian
|-damage|p1a: Thundurus-Therian|0 fnt
|faint|p1a: Thundurus-Therian
|
|c|âjhoov54|this is a gg
|
|switch|p1a: Gyarados|Gyarados, F|331\/331
|turn|27
|
|move|p2a: Medicham|High Jump Kick|p1a: Gyarados|[miss]
|-miss|p2a: Medicham|p1a: Gyarados
|-damage|p2a: Medicham|131\/262|[from] highjumpkick
|move|p1a: Gyarados|Dragon Dance|p1a: Gyarados
|-boost|p1a: Gyarados|atk|1
|-boost|p1a: Gyarados|spe|1
|
|turn|28
|c|âjhoov54|pftt
|
|move|p1a: Gyarados|Earthquake|p2a: Medicham
|-crit|p2a: Medicham
|-damage|p2a: Medicham|0 fnt
|faint|p2a: Medicham
|-boost|p1a: Gyarados|atk|1|[from] ability: Moxie
|
|
|switch|p2a: Latios|Latios, M|302\/302
|turn|29
|
|move|p1a: Gyarados|Ice Fang|p2a: Latios|[miss]
|-miss|p1a: Gyarados|p2a: Latios
|move|p2a: Latios|Draco Meteor|p1a: Gyarados
|-crit|p1a: Gyarados
|-damage|p1a: Gyarados|0 fnt
|-unboost|p2a: Latios|spa|2
|faint|p1a: Gyarados
|
|
|switch|p1a: Dragonite|Dragonite, M|191\/323
|turn|30
|
|move|p2a: Latios|Draco Meteor|p1a: Dragonite
|-supereffective|p1a: Dragonite
|-damage|p1a: Dragonite|0 fnt
|-unboost|p2a: Latios|spa|2
|faint|p1a: Dragonite
|
|win|jhoov54
|raw|Ladder updating...
|raw|Johnny Tots's rating: 1652 &rarr; <strong>1630<\/strong><br \/>(-22 for losing)
|raw|jhoov54's rating: 1615 &rarr; <strong>1637<\/strong><br \/>(+22 for winning)
|c|âjhoov54|gg
|leave|Johnny Tots
|player|p1