|join|Johnny Tots
|join|10th Squad Toshiro
|player|p1|Johnny Tots|170
|player|p2|10th Squad Toshiro|92
|gametype|singles
|gen|6
|tier|OU
|clearpoke
|poke|p1|Dragonite, M
|poke|p1|Gyarados, M
|poke|p1|Landorus-Therian, M
|poke|p1|Charizard, F
|poke|p1|Thundurus-Therian, M
|poke|p1|Scizor, F
|poke|p2|Landorus-Therian, M
|poke|p2|Bisharp, F
|poke|p2|Gengar, F
|poke|p2|Keldeo
|poke|p2|Venusaur, M
|poke|p2|Heatran, F
|rule|Swagger Clause: Swagger is banned
|rule|Baton Pass Clause: Limit one PokÃ©mon knowing Baton Pass
|rule|Sleep Clause Mod: Limit one foe put to sleep
|rule|Species Clause: Limit one of each PokÃ©mon
|rule|OHKO Clause: OHKO moves are banned
|rule|Moody Clause: Moody is banned
|rule|Evasion Moves Clause: Evasion moves are banned
|rule|Endless Battle Clause: Forcing endless battles is banned
|rule|HP Percentage Mod: HP is shown in percentages
|teampreview
|join|FookMi
|join|segijohe
|join|vgbnm v
|join|beppityboopbop
|c| FookMi|mm
|join|Mettor
|join|DeepFreezeIV
|join|ollopa
|join|I like donkeys
|join|uss destroyer
|c| beppityboopbop|i see birds
|join|AssaultBreast
|join|VIN Darren
|join|Kama Sutra
|join|Lycon
|join|here comes celebi
|c| segijohe|I almost had to face this guy yesterday
|c| VIN Darren|monoflying
|
|start
|switch|p1a: Gyarados|Gyarados, M|331\/331
|switch|p2a: Landorus-Therian|Landorus-Therian, M|381\/381
|-ability|p2a: Landorus-Therian|Intimidate|[of] p1a: Gyarados
|-unboost|p1a: Gyarados|atk|1
|turn|1
|c| VIN Darren|and scizor
|
|move|p1a: Gyarados|Dragon Dance|p1a: Gyarados
|-boost|p1a: Gyarados|atk|1
|-boost|p1a: Gyarados|spe|1
|move|p2a: Landorus-Therian|Stealth Rock|p1a: Gyarados
|-sidestart|p1: Johnny Tots|move: Stealth Rock
|
|turn|2
|
|move|p1a: Gyarados|Ice Fang|p2a: Landorus-Therian
|-supereffective|p2a: Landorus-Therian
|-damage|p2a: Landorus-Therian|117\/381
|move|p2a: Landorus-Therian|U-turn|p1a: Gyarados
|-resisted|p1a: Gyarados
|-damage|p1a: Gyarados|285\/331
|join|buy now 50 off
|c| beppityboopbop|this man
|c| beppityboopbop|has mastered
|c| beppityboopbop|the birdspam
|join|Mawile Apocalypse
|
|switch|p2a: Venusaur|Venusaur, M|363\/363
|
|turn|3
|c| buy now 50 off|wot lmao
|c| FookMi|funny thing is
|c| VIN Darren|its called mono flying
|c| FookMi|none of them
|c| FookMi|are birds
|c| FookMi|,
|c| buy now 50 off|>sciz
|
|detailschange|p2a: Venusaur|Venusaur-Mega, M
|message|Venusaur has Mega Evolved into Mega Venusaur!
|move|p1a: Gyarados|Dragon Dance|p1a: Gyarados
|-boost|p1a: Gyarados|atk|1
|-boost|p1a: Gyarados|spe|1
|move|p2a: Venusaur|Giga Drain|p1a: Gyarados
|-damage|p1a: Gyarados|167\/331
|
|turn|4
|c|â10th Squad Toshiro|how do you set chat to +1
|c| beppityboopbop|none of them carry flying stab either
|
|move|p1a: Gyarados|Earthquake|p2a: Venusaur
|-damage|p2a: Venusaur|209\/363
|move|p2a: Venusaur|Sludge Bomb|p1a: Gyarados
|-damage|p1a: Gyarados|13\/331
|
|turn|5
|c| buy now 50 off|.\/modchat +
|c| FookMi|do \/modjoin ~
|c| FookMi|:]
|join|hashtag_Rjx
|raw|<div class="broadcast-red"><b>Moderated chat was set to +!<\/b><br \/>Only users of rank + and higher can talk.<\/div>
|join|Sonar 2point0
|join|CauseUCan
|
|move|p1a: Gyarados|Taunt|p2a: Venusaur
|-start|p2a: Venusaur|move: Taunt
|cant|p2a: Venusaur|move: Taunt|Synthesis
|
|turn|6
|
|switch|p2a: Landorus-Therian|Landorus-Therian, M|117\/381
|-ability|p2a: Landorus-Therian|Intimidate|[of] p1a: Gyarados
|-unboost|p1a: Gyarados|atk|1
|move|p1a: Gyarados|Earthquake|p2a: Landorus-Therian
|-immune|p2a: Landorus-Therian|[msg]
|
|-heal|p2a: Landorus-Therian|140\/381|[from] item: Leftovers
|turn|7
|join|Taskr
|leave|vgbnm v
|
|switch|p2a: Heatran|Heatran, F|385\/385
|move|p1a: Gyarados|Earthquake|p2a: Heatran
|-supereffective|p2a: Heatran
|-damage|p2a: Heatran|0 fnt
|faint|p2a: Heatran
|-boost|p1a: Gyarados|atk|1|[from] ability: Moxie
|
|
|switch|p2a: Bisharp|Bisharp, F|333\/333
|turn|8
|
|move|p2a: Bisharp|Sucker Punch|p1a: Gyarados
|-damage|p1a: Gyarados|0 fnt
|-damage|p2a: Bisharp|300\/333|[from] item: Life Orb
|faint|p1a: Gyarados
|
|
|switch|p1a: Scizor|Scizor, F|281\/281
|-damage|p1a: Scizor|246\/281|[from] Stealth Rock
|turn|9
|join|Isucksometimes
|
|switch|p2a: Venusaur|Venusaur-Mega, M|209\/363
|move|p1a: Scizor|Defog|p2a: Venusaur
|-unboost|p2a: Venusaur|evasion|1
|-sideend|p1: Johnny Tots|Stealth Rock|[from] move: Defog|[of] p1a: Scizor
|
|-heal|p1a: Scizor|263\/281|[from] item: Leftovers
|turn|10
|
|switch|p1a: Charizard|Charizard, F|297\/297
|move|p2a: Venusaur|Hidden Power|p1a: Charizard
|-resisted|p1a: Charizard
|-damage|p1a: Charizard|257\/297
|
|turn|11
|join|Vogas
|
|detailschange|p1a: Charizard|Charizard-Mega-X, F
|message|Charizard has Mega Evolved into Mega Charizard!
|move|p1a: Charizard|Dragon Dance|p1a: Charizard
|-boost|p1a: Charizard|atk|1
|-boost|p1a: Charizard|spe|1
|move|p2a: Venusaur|Sludge Bomb|p1a: Charizard
|-damage|p1a: Charizard|74\/297
|
|turn|12
|join|Rommel Desert Fox
|
|move|p1a: Charizard|Dragon Claw|p2a: Venusaur
|-damage|p2a: Venusaur|0 fnt
|faint|p2a: Venusaur
|
|
|switch|p2a: Bisharp|Bisharp, F|300\/333
|turn|13
|leave|Mettor
|
|move|p1a: Charizard|Dragon Dance|p1a: Charizard
|-boost|p1a: Charizard|atk|1
|-boost|p1a: Charizard|spe|1
|move|p2a: Bisharp|Swords Dance|p2a: Bisharp
|-boost|p2a: Bisharp|atk|2
|
|turn|14
|join|Reddragonn
|c|âJohnny Tots|nice
|
|move|p2a: Bisharp|Sucker Punch|p1a: Charizard
|-fail|p1a: Charizard
|move|p1a: Charizard|Dragon Dance|p1a: Charizard
|-boost|p1a: Charizard|atk|1
|-boost|p1a: Charizard|spe|1
|
|turn|15
|
|move|p2a: Bisharp|Sucker Punch|p1a: Charizard
|-fail|p1a: Charizard
|move|p1a: Charizard|Dragon Dance|p1a: Charizard
|-boost|p1a: Charizard|atk|1
|-boost|p1a: Charizard|spe|1
|
|turn|16
|
|move|p2a: Bisharp|Sucker Punch|p1a: Charizard
|-fail|p1a: Charizard
|move|p1a: Charizard|Dragon Dance|p1a: Charizard
|-boost|p1a: Charizard|atk|1
|-boost|p1a: Charizard|spe|1
|
|turn|17
|
|move|p2a: Bisharp|Sucker Punch|p1a: Charizard
|-damage|p1a: Charizard|0 fnt
|-damage|p2a: Bisharp|267\/333|[from] item: Life Orb
|faint|p1a: Charizard
|
|
|switch|p1a: Dragonite|Dragonite, M|323\/323
|turn|18
|
|move|p1a: Dragonite|Earthquake|p2a: Bisharp
|-supereffective|p2a: Bisharp
|-damage|p2a: Bisharp|15\/333
|move|p2a: Bisharp|Knock Off|p1a: Dragonite
|-damage|p1a: Dragonite|68\/323
|-enditem|p1a: Dragonite|Lum Berry|[from] move: Knock Off|[of] p2a: Bisharp
|-damage|p2a: Bisharp|0 fnt|[from] item: Life Orb
|faint|p2a: Bisharp
|
|
|switch|p2a: Landorus-Therian|Landorus-Therian, M|140\/381
|-ability|p2a: Landorus-Therian|Intimidate|[of] p1a: Dragonite
|-unboost|p1a: Dragonite|atk|1
|turn|19
|
|move|p1a: Dragonite|Dragon Dance|p1a: Dragonite
|-boost|p1a: Dragonite|atk|1
|-boost|p1a: Dragonite|spe|1
|move|p2a: Landorus-Therian|Stealth Rock|p1a: Dragonite
|-sidestart|p1: Johnny Tots|move: Stealth Rock
|
|-heal|p2a: Landorus-Therian|163\/381|[from] item: Leftovers
|turn|20
|
|move|p1a: Dragonite|Ice Punch|p2a: Landorus-Therian
|-supereffective|p2a: Landorus-Therian
|-damage|p2a: Landorus-Therian|0 fnt
|faint|p2a: Landorus-Therian
|
|
|switch|p2a: Keldeo|Keldeo|324\/324
|turn|21
|
|move|p2a: Keldeo|Scald|p1a: Dragonite
|-resisted|p1a: Dragonite
|-damage|p1a: Dragonite|0 fnt
|faint|p1a: Dragonite
|
|
|switch|p1a: Scizor|Scizor, F|263\/281
|-damage|p1a: Scizor|228\/281|[from] Stealth Rock
|turn|22
|
|move|p2a: Keldeo|Scald|p1a: Scizor
|-damage|p1a: Scizor|102\/281
|move|p1a: Scizor|Defog|p2a: Keldeo
|-unboost|p2a: Keldeo|evasion|1
|-sideend|p1: Johnny Tots|Stealth Rock|[from] move: Defog|[of] p1a: Scizor
|
|-heal|p1a: Scizor|119\/281|[from] item: Leftovers
|turn|23
|join|confiscation
|leave|confiscation
|
|switch|p1a: Landorus-Therian|Landorus-Therian, M|319\/319
|-ability|p1a: Landorus-Therian|Intimidate|[of] p2a: Keldeo
|-unboost|p2a: Keldeo|atk|1
|move|p2a: Keldeo|Scald|p1a: Landorus-Therian
|-supereffective|p1a: Landorus-Therian
|-damage|p1a: Landorus-Therian|0 fnt
|faint|p1a: Landorus-Therian
|
|
|switch|p1a: Thundurus-Therian|Thundurus-Therian, M|299\/299
|turn|24
|join|The Fog
|
|move|p2a: Keldeo|Scald|p1a: Thundurus-Therian
|-damage|p1a: Thundurus-Therian|182\/299
|move|p1a: Thundurus-Therian|Agility|p1a: Thundurus-Therian
|-boost|p1a: Thundurus-Therian|spe|2
|
|-heal|p1a: Thundurus-Therian|200\/299|[from] item: Leftovers
|turn|25
|
|move|p2a: Keldeo|Scald|p1a: Thundurus-Therian
|-damage|p1a: Thundurus-Therian|79\/299
|-status|p1a: Thundurus-Therian|brn
|move|p1a: Thundurus-Therian|Thunderbolt|p2a: Keldeo
|-supereffective|p2a: Keldeo
|-damage|p2a: Keldeo|0 fnt
|faint|p2a: Keldeo
|
|-heal|p1a: Thundurus-Therian|97\/299 brn|[from] item: Leftovers
|-damage|p1a: Thundurus-Therian|60\/299 brn|[from] brn
|
|switch|p2a: Gengar|Gengar, F|261\/261
|turn|26
|
|move|p1a: Thundurus-Therian|Thunderbolt|p2a: Gengar
|-crit|p2a: Gengar
|-damage|p2a: Gengar|0 fnt
|faint|p2a: Gengar
|
|win|Johnny Tots
|leave|Lycon
|leave|FookMi
|leave|buy now 50 off
|leave|Mawile Apocalypse
|leave|Taskr
|leave|Isucksometimes
|leave|10th Squad Toshiro
|player|p2
|leave|DeepFreezeIV
|leave|The Fog
|leave|beppityboopbop
|leave|Rommel Desert Fox
|leave|segijohe