|join|Reverb
|join|Johnny Tots
|player|p1|Reverb|#reverb
|player|p2|Johnny Tots|1
|gametype|singles
|gen|6
|tier|OU
|rated
|clearpoke
|poke|p1|Sharpedo, F
|poke|p1|Heatran, F
|poke|p1|Thundurus, M
|poke|p1|Rotom-Wash
|poke|p1|Keldeo
|poke|p1|Gengar, F
|poke|p2|Dragonite, F
|poke|p2|Gyarados, M
|poke|p2|Landorus-Therian, M
|poke|p2|Charizard, M
|poke|p2|Thundurus-Therian, M
|poke|p2|Scizor, F
|rule|Swagger Clause: Swagger is banned
|rule|Baton Pass Clause: Limit one PokÃ©mon knowing Baton Pass
|rule|Sleep Clause Mod: Limit one foe put to sleep
|rule|Species Clause: Limit one of each PokÃ©mon
|rule|OHKO Clause: OHKO moves are banned
|rule|Moody Clause: Moody is banned
|rule|Evasion Moves Clause: Evasion moves are banned
|rule|Endless Battle Clause: Forcing endless battles is banned
|rule|HP Percentage Mod: HP is shown in percentages
|teampreview
|join|WCAR
|c|âJohnny Tots|gl
|
|start
|switch|p1a: Rotom-Wash|Rotom-Wash|303\/303
|switch|p2a: Gyarados|Gyarados, M|331\/331
|turn|1
|c|âReverb|u2
|join|squirrelll
|join|seba1124
|
|switch|p2a: Charizard|Charizard, M|297\/297
|move|p1a: Rotom-Wash|Volt Switch|p2a: Charizard
|-supereffective|p2a: Charizard
|-damage|p2a: Charizard|117\/297
|c| squirrelll|johnny tots
|c|âJohnny Tots|fucker
|c| squirrelll|that name gets me everytime
|
|switch|p1a: Gengar|Gengar, F|261\/261
|
|turn|2
|c|âReverb|why?
|c|âReverb|idgi
|c| squirrelll|idk why
|
|detailschange|p2a: Charizard|Charizard-Mega-X, M
|message|Charizard has Mega Evolved into Mega Charizard!
|move|p1a: Gengar|Shadow Ball|p2a: Charizard
|-damage|p2a: Charizard|0 fnt
|-damage|p1a: Gengar|235\/261|[from] item: Life Orb
|faint|p2a: Charizard
|
|
|switch|p2a: Gyarados|Gyarados, M|331\/331
|turn|3
|
|switch|p1a: Rotom-Wash|Rotom-Wash|303\/303
|move|p2a: Gyarados|Taunt|p1a: Rotom-Wash
|-start|p1a: Rotom-Wash|move: Taunt
|
|turn|4
|c| squirrelll|is that your real name?
|
|switch|p2a: Thundurus-Therian|Thundurus-Therian, M|299\/299
|move|p1a: Rotom-Wash|Hydro Pump|p2a: Thundurus-Therian
|-damage|p2a: Thundurus-Therian|181\/299
|
|-heal|p2a: Thundurus-Therian|199\/299|[from] item: Leftovers
|turn|5
|
|move|p2a: Thundurus-Therian|Nasty Plot|p2a: Thundurus-Therian
|-boost|p2a: Thundurus-Therian|spa|2
|move|p1a: Rotom-Wash|Volt Switch|p2a: Thundurus-Therian
|-heal|p2a: Thundurus-Therian|273\/299|[from] ability: Volt Absorb|[of] p1a: Rotom-Wash
|
|-heal|p2a: Thundurus-Therian|291\/299|[from] item: Leftovers
|turn|6
|c| squirrelll|or is this some like fictional character lol
|c|âReverb|oh lol
|c|âReverb|i forgot
|
|move|p2a: Thundurus-Therian|Agility|p2a: Thundurus-Therian
|-boost|p2a: Thundurus-Therian|spe|2
|move|p1a: Rotom-Wash|Hydro Pump|p2a: Thundurus-Therian|[miss]
|-miss|p1a: Rotom-Wash|p2a: Thundurus-Therian
|
|-heal|p2a: Thundurus-Therian|299\/299|[from] item: Leftovers
|-end|p1a: Rotom-Wash|move: Taunt
|turn|7
|c| squirrelll|your in trouble lmao
|c|âJohnny Tots|haha thats y i went 2 zrad
|c|âJohnny Tots|zard
|c|âJohnny Tots|thinking u knew that
|join|paul gilbert
|
|move|p2a: Thundurus-Therian|Nasty Plot|p2a: Thundurus-Therian
|-boost|p2a: Thundurus-Therian|spa|2
|move|p1a: Rotom-Wash|Will-O-Wisp|p2a: Thundurus-Therian
|-status|p2a: Thundurus-Therian|brn
|
|-damage|p2a: Thundurus-Therian|262\/299 brn|[from] brn
|turn|8
|join|Outrageous Fortune
|c|âReverb|i wasnt paying attention lol
|
|move|p2a: Thundurus-Therian|Thunderbolt|p1a: Rotom-Wash
|-damage|p1a: Rotom-Wash|0 fnt
|faint|p1a: Rotom-Wash
|
|-heal|p2a: Thundurus-Therian|280\/299 brn|[from] item: Leftovers
|-damage|p2a: Thundurus-Therian|243\/299 brn|[from] brn
|leave|WCAR
|c| paul gilbert|Ouch
|
|switch|p1a: Keldeo|Keldeo|323\/323
|turn|9
|join|Bloodz
|c|âJohnny Tots|haah it cost ya
|c|âReverb|oh
|c| squirrelll|prob didnt ko tran
|
|move|p1a: Keldeo|Icy Wind|p2a: Thundurus-Therian
|-supereffective|p2a: Thundurus-Therian
|-damage|p2a: Thundurus-Therian|131\/299 brn
|-unboost|p2a: Thundurus-Therian|spe|1
|move|p2a: Thundurus-Therian|Thunderbolt|p1a: Keldeo
|-supereffective|p1a: Keldeo
|-damage|p1a: Keldeo|0 fnt
|faint|p1a: Keldeo
|
|-heal|p2a: Thundurus-Therian|149\/299 brn|[from] item: Leftovers
|-damage|p2a: Thundurus-Therian|112\/299 brn|[from] brn
|c| squirrelll|oh wow this outspeeds
|c| paul gilbert|Now bluf protect
|c| Outrageous Fortune|what are these garb evs
|c| paul gilbert|on pedo
|
|switch|p1a: Sharpedo|Sharpedo, F|281\/281
|turn|10
|c| paul gilbert|Lol
|
|move|p1a: Sharpedo|Protect|p1a: Sharpedo
|-singleturn|p1a: Sharpedo|Protect
|move|p2a: Thundurus-Therian|Thunderbolt|p1a: Sharpedo
|-activate|p1a: Sharpedo|Protect
|
|-heal|p2a: Thundurus-Therian|130\/299 brn|[from] item: Leftovers
|-damage|p2a: Thundurus-Therian|93\/299 brn|[from] brn
|-boost|p1a: Sharpedo|spe|1|[from] ability: Speed Boost
|turn|11
|c| paul gilbert|You need double
|c| paul gilbert|so attack now
|
|detailschange|p1a: Sharpedo|Sharpedo-Mega, F
|message|Sharpedo has Mega Evolved into Mega Sharpedo!
|move|p1a: Sharpedo|Aqua Jet|p2a: Thundurus-Therian
|-damage|p2a: Thundurus-Therian|0 fnt
|faint|p2a: Thundurus-Therian
|
|c|âJohnny Tots|nice save
|c| paul gilbert|Or maybe you don't
|
|switch|p2a: Dragonite|Dragonite, F|323\/323
|turn|12
|
|move|p1a: Sharpedo|Ice Fang|p2a: Dragonite
|-supereffective|p2a: Dragonite
|-damage|p2a: Dragonite|53\/323
|move|p2a: Dragonite|Dragon Dance|p2a: Dragonite
|-boost|p2a: Dragonite|atk|1
|-boost|p2a: Dragonite|spe|1
|
|turn|13
|c|âJohnny Tots|ouch
|c| paul gilbert|LOL
|
|move|p1a: Sharpedo|Crunch|p2a: Dragonite
|-damage|p2a: Dragonite|0 fnt
|faint|p2a: Dragonite
|
|join|Chillingtilsweg
|c| paul gilbert|Sharp still outspeeds
|join|Prankster
|c|âJohnny Tots|i kno
|c| squirrelll|lol
|
|switch|p2a: Landorus-Therian|Landorus-Therian, M|319\/319
|-ability|p2a: Landorus-Therian|Intimidate|[of] p1a: Sharpedo
|-unboost|p1a: Sharpedo|atk|1
|turn|14
|join|tdk haxball lord
|
|switch|p2a: Gyarados|Gyarados, M|331\/331
|move|p1a: Sharpedo|Ice Fang|p2a: Gyarados
|-damage|p2a: Gyarados|230\/331
|
|turn|15
|c| Outrageous Fortune|what are you even doing
|
|move|p1a: Sharpedo|Crunch|p2a: Gyarados
|-damage|p2a: Gyarados|44\/331
|move|p2a: Gyarados|Dragon Dance|p2a: Gyarados
|-boost|p2a: Gyarados|atk|1
|-boost|p2a: Gyarados|spe|1
|
|turn|16
|c|âJohnny Tots|haha wtf
|c| Chillingtilsweg|nice play bruh
|
|move|p1a: Sharpedo|Crunch|p2a: Gyarados
|-damage|p2a: Gyarados|0 fnt
|faint|p2a: Gyarados
|
|c| paul gilbert|that sharpedo is actually damn strong
|
|switch|p2a: Landorus-Therian|Landorus-Therian, M|319\/319
|-ability|p2a: Landorus-Therian|Intimidate|[of] p1a: Sharpedo
|-unboost|p1a: Sharpedo|atk|1
|turn|17
|c|âReverb|he thought i would switch
|c|âReverb|relax
|c| Chillingtilsweg|at -1
|
|move|p1a: Sharpedo|Ice Fang|p2a: Landorus-Therian
|-supereffective|p2a: Landorus-Therian
|-damage|p2a: Landorus-Therian|91\/319
|move|p2a: Landorus-Therian|Rock Polish|p2a: Landorus-Therian
|-boost|p2a: Landorus-Therian|spe|2
|
|-heal|p2a: Landorus-Therian|110\/319|[from] item: Leftovers
|turn|18
|c| Outrageous Fortune|also reverb u shitter stop using ice fang
|c| Chillingtilsweg|ooh
|c| paul gilbert|EEverything is setup haha
|
|switch|p1a: Gengar|Gengar, F|235\/261
|move|p2a: Landorus-Therian|Earthquake|p1a: Gengar
|-immune|p1a: Gengar|[msg]
|
|-heal|p2a: Landorus-Therian|129\/319|[from] item: Leftovers
|turn|19
|c| squirrelll|what else would he use
|c| paul gilbert|literally everything
|c| Outrageous Fortune|ice beam
|c| squirrelll|lol
|c| Outrageous Fortune|or hydro pump
|c| tdk haxball lord|whynot stay in
|c| squirrelll|ice fang gets booast
|c| tdk haxball lord|and kill it
|c| squirrelll|ice beam is bad
|c| Outrageous Fortune|who cares if it gets boost
|c|âJohnny Tots|its ggs
|c| tdk haxball lord|if he sded he won
|c|âReverb|!data sharpedo-mega
|c|~|\/data-pokemon Sharpedo-Mega

|c| squirrelll|it kos 252 hp land-t
|c|âReverb|!data sharpedo
|c|~|\/data-pokemon Sharpedo

|c| squirrelll|at -1
|c| squirrelll|lol
|c| Chillingtilsweg|no i bet its defog scizor paul
|c|âJohnny Tots|it is
|join|Alvadora
|c|âJohnny Tots|defog
|
|move|p2a: Landorus-Therian|Swords Dance|p2a: Landorus-Therian
|-boost|p2a: Landorus-Therian|atk|2
|move|p1a: Gengar|Shadow Ball|p2a: Landorus-Therian
|-damage|p2a: Landorus-Therian|0 fnt
|-damage|p1a: Gengar|209\/261|[from] item: Life Orb
|faint|p2a: Landorus-Therian
|
|
|switch|p2a: Scizor|Scizor, F|281\/281
|turn|20
|c| Outrageous Fortune|hydro even lets you deal with skarm
|c| squirrelll|crunch 2hkos skar
|c| squirrelll|lol
|c|âJohnny Tots|but it also has sd
|
|move|p1a: Gengar|Taunt|p2a: Scizor
|-start|p2a: Scizor|move: Taunt
|cant|p2a: Scizor|move: Taunt|Swords Dance
|
|turn|21
|
|move|p2a: Scizor|Bullet Punch|p1a: Gengar
|-damage|p1a: Gengar|61\/261
|move|p1a: Gengar|Shadow Ball|p2a: Scizor
|-damage|p2a: Scizor|96\/281
|-damage|p1a: Gengar|35\/261|[from] item: Life Orb
|
|-heal|p2a: Scizor|113\/281|[from] item: Leftovers
|turn|22
|c| squirrelll|oly real option
|c| squirrelll|is zen > aqua
|
|move|p2a: Scizor|Bullet Punch|p1a: Gengar
|-damage|p1a: Gengar|0 fnt
|faint|p1a: Gengar
|
|-heal|p2a: Scizor|130\/281|[from] item: Leftovers
|-end|p2a: Scizor|move: Taunt
|
|switch|p1a: Heatran|Heatran, F|385\/385
|turn|23
|c|âJohnny Tots|gg
|c|âReverb|gg
|
|move|p2a: Scizor|Bullet Punch|p1a: Heatran
|-resisted|p1a: Heatran
|-damage|p1a: Heatran|365\/385
|move|p1a: Heatran|Lava Plume|p2a: Scizor
|-supereffective|p2a: Scizor
|-damage|p2a: Scizor|0 fnt
|faint|p2a: Scizor
|
|win|Reverb
|raw|Ladder updating...
|raw|Reverb's rating: 1779 &rarr; <strong>1798<\/strong><br \/>(+19 for winning)
|raw|Johnny Tots's rating: 1764 &rarr; <strong>1745<\/strong><br \/>(-19 for losing)
|leave|tdk haxball lord