|join|BigSpore
|join|Johnny Tots
|player|p1|BigSpore|93
|player|p2|Johnny Tots|101
|gametype|singles
|gen|6
|tier|OU
|rated
|clearpoke
|poke|p1|Medicham, F, shiny
|poke|p1|Latios, M
|poke|p1|Breloom, F, shiny
|poke|p1|Landorus-Therian, M
|poke|p1|Gengar, M, shiny
|poke|p1|Azumarill, M, shiny
|poke|p2|Dragonite, F
|poke|p2|Gyarados, F
|poke|p2|Landorus-Therian, M
|poke|p2|Charizard, F
|poke|p2|Thundurus-Therian, M
|poke|p2|Scizor, F
|rule|Swagger Clause: Swagger is banned
|rule|Baton Pass Clause: Limit one PokÃ©mon knowing Baton Pass
|rule|Sleep Clause Mod: Limit one foe put to sleep
|rule|Species Clause: Limit one of each PokÃ©mon
|rule|OHKO Clause: OHKO moves are banned
|rule|Moody Clause: Moody is banned
|rule|Evasion Moves Clause: Evasion moves are banned
|rule|Endless Battle Clause: Forcing endless battles is banned
|rule|HP Percentage Mod: HP is shown in percentages
|teampreview
|
|start
|switch|p1a: Yogurt|Landorus-Therian, M|382\/382
|switch|p2a: Gyarados|Gyarados, F|331\/331
|-ability|p1a: Yogurt|Intimidate|[of] p2a: Gyarados
|-unboost|p2a: Gyarados|atk|1
|turn|1
|
|move|p2a: Gyarados|Dragon Dance|p2a: Gyarados
|-boost|p2a: Gyarados|atk|1
|-boost|p2a: Gyarados|spe|1
|move|p1a: Yogurt|Stealth Rock|p2a: Gyarados
|-sidestart|p2: Johnny Tots|move: Stealth Rock
|
|turn|2
|
|move|p2a: Gyarados|Ice Fang|p1a: Yogurt
|-supereffective|p1a: Yogurt
|-damage|p1a: Yogurt|138\/382
|cant|p1a: Yogurt|flinch
|
|-heal|p1a: Yogurt|161\/382|[from] item: Leftovers
|turn|3
|
|switch|p1a: Sitrus Berry|Azumarill, M, shiny|404\/404
|move|p2a: Gyarados|Ice Fang|p1a: Sitrus Berry
|-resisted|p1a: Sitrus Berry
|-damage|p1a: Sitrus Berry|360\/404
|
|turn|4
|
|move|p2a: Gyarados|Earthquake|p1a: Sitrus Berry
|-damage|p1a: Sitrus Berry|213\/404
|move|p1a: Sitrus Berry|Play Rough|p2a: Gyarados
|-damage|p2a: Gyarados|102\/331
|
|turn|5
|
|move|p2a: Gyarados|Earthquake|p1a: Sitrus Berry
|-damage|p1a: Sitrus Berry|67\/404
|move|p1a: Sitrus Berry|Play Rough|p2a: Gyarados
|-damage|p2a: Gyarados|0 fnt
|faint|p2a: Gyarados
|
|
|switch|p2a: Scizor|Scizor, F|281\/281
|-damage|p2a: Scizor|246\/281|[from] Stealth Rock
|turn|6
|
|move|p1a: Sitrus Berry|Aqua Jet|p2a: Scizor
|-damage|p2a: Scizor|182\/281
|move|p2a: Scizor|Defog|p1a: Sitrus Berry
|-unboost|p1a: Sitrus Berry|evasion|1
|-sideend|p2: Johnny Tots|Stealth Rock|[from] move: Defog|[of] p2a: Scizor
|
|-heal|p2a: Scizor|199\/281|[from] item: Leftovers
|turn|7
|
|move|p2a: Scizor|Swords Dance|p2a: Scizor
|-boost|p2a: Scizor|atk|2
|move|p1a: Sitrus Berry|Waterfall|p2a: Scizor
|-damage|p2a: Scizor|66\/281
|
|-heal|p2a: Scizor|83\/281|[from] item: Leftovers
|turn|8
|
|move|p2a: Scizor|Bullet Punch|p1a: Sitrus Berry
|-crit|p1a: Sitrus Berry
|-damage|p1a: Sitrus Berry|0 fnt
|faint|p1a: Sitrus Berry
|
|-heal|p2a: Scizor|100\/281|[from] item: Leftovers
|
|switch|p1a: Yogurt|Landorus-Therian, M|161\/382
|-ability|p1a: Yogurt|Intimidate|[of] p2a: Scizor
|-unboost|p2a: Scizor|atk|1
|turn|9
|
|move|p2a: Scizor|Bullet Punch|p1a: Yogurt
|-damage|p1a: Yogurt|46\/382
|move|p1a: Yogurt|Earthquake|p2a: Scizor
|-damage|p2a: Scizor|0 fnt
|faint|p2a: Scizor
|
|-heal|p1a: Yogurt|69\/382|[from] item: Leftovers
|
|switch|p2a: Dragonite|Dragonite, F|323\/323
|turn|10
|
|move|p2a: Dragonite|Dragon Dance|p2a: Dragonite
|-boost|p2a: Dragonite|atk|1
|-boost|p2a: Dragonite|spe|1
|move|p1a: Yogurt|Stealth Rock|p2a: Dragonite
|-sidestart|p2: Johnny Tots|move: Stealth Rock
|
|-heal|p1a: Yogurt|92\/382|[from] item: Leftovers
|turn|11
|
|move|p2a: Dragonite|Ice Punch|p1a: Yogurt
|-supereffective|p1a: Yogurt
|-damage|p1a: Yogurt|0 fnt
|faint|p1a: Yogurt
|
|
|switch|p1a: Froot Loop|Breloom, F, shiny|262\/262
|turn|12
|
|move|p2a: Dragonite|Ice Punch|p1a: Froot Loop
|-supereffective|p1a: Froot Loop
|-enditem|p1a: Froot Loop|Focus Sash
|-damage|p1a: Froot Loop|1\/262
|move|p1a: Froot Loop|Spore|p2a: Dragonite
|-status|p2a: Dragonite|slp
|-enditem|p2a: Dragonite|Lum Berry|[eat]
|-curestatus|p2a: Dragonite|slp
|
|turn|13
|
|move|p1a: Froot Loop|Mach Punch|p2a: Dragonite
|-resisted|p2a: Dragonite
|-damage|p2a: Dragonite|293\/323
|move|p2a: Dragonite|Ice Punch|p1a: Froot Loop
|-supereffective|p1a: Froot Loop
|-damage|p1a: Froot Loop|0 fnt
|faint|p1a: Froot Loop
|
|
|switch|p1a: Tittylegs|Medicham, F, shiny|261\/261
|turn|14
|
|detailschange|p1a: Tittylegs|Medicham-Mega, F, shiny
|message|Medicham has Mega Evolved into Mega Medicham!
|move|p1a: Tittylegs|Fake Out|p2a: Dragonite
|-damage|p2a: Dragonite|208\/323
|cant|p2a: Dragonite|flinch
|
|turn|15
|
|move|p2a: Dragonite|Earthquake|p1a: Tittylegs
|-damage|p1a: Tittylegs|23\/261
|move|p1a: Tittylegs|Zen Headbutt|p2a: Dragonite
|-damage|p2a: Dragonite|0 fnt
|faint|p2a: Dragonite
|
|
|switch|p2a: Landorus-Therian|Landorus-Therian, M|319\/319
|-damage|p2a: Landorus-Therian|280\/319|[from] Stealth Rock
|-ability|p2a: Landorus-Therian|Intimidate|[of] p1a: Tittylegs
|-unboost|p1a: Tittylegs|atk|1
|turn|16
|
|switch|p1a: Poe|Gengar, M, shiny|273\/273
|move|p2a: Landorus-Therian|Rock Polish|p2a: Landorus-Therian
|-boost|p2a: Landorus-Therian|spe|2
|
|-heal|p2a: Landorus-Therian|299\/319|[from] item: Leftovers
|turn|17
|
|move|p2a: Landorus-Therian|Swords Dance|p2a: Landorus-Therian
|-boost|p2a: Landorus-Therian|atk|2
|move|p1a: Poe|Will-O-Wisp|p2a: Landorus-Therian
|-status|p2a: Landorus-Therian|brn
|
|-heal|p2a: Landorus-Therian|318\/319 brn|[from] item: Leftovers
|-damage|p2a: Landorus-Therian|279\/319 brn|[from] brn
|turn|18
|
|move|p2a: Landorus-Therian|Stone Edge|p1a: Poe
|-damage|p1a: Poe|98\/273
|move|p1a: Poe|Shadow Ball|p2a: Landorus-Therian
|-damage|p2a: Landorus-Therian|117\/319 brn
|
|-heal|p2a: Landorus-Therian|136\/319 brn|[from] item: Leftovers
|-heal|p1a: Poe|115\/273|[from] item: Black Sludge
|-damage|p2a: Landorus-Therian|97\/319 brn|[from] brn
|turn|19
|
|move|p2a: Landorus-Therian|Stone Edge|p1a: Poe
|-damage|p1a: Poe|0 fnt
|faint|p1a: Poe
|
|-heal|p2a: Landorus-Therian|116\/319 brn|[from] item: Leftovers
|-damage|p2a: Landorus-Therian|77\/319 brn|[from] brn
|
|switch|p1a: Tittylegs|Medicham-Mega, F, shiny|23\/261
|turn|20
|
|switch|p2a: Thundurus-Therian|Thundurus-Therian, M|299\/299
|-damage|p2a: Thundurus-Therian|225\/299|[from] Stealth Rock
|move|p1a: Tittylegs|Fake Out|p2a: Thundurus-Therian
|-damage|p2a: Thundurus-Therian|110\/299
|
|-heal|p2a: Thundurus-Therian|128\/299|[from] item: Leftovers
|turn|21
|
|move|p1a: Tittylegs|Zen Headbutt|p2a: Thundurus-Therian
|-damage|p2a: Thundurus-Therian|0 fnt
|faint|p2a: Thundurus-Therian
|
|
|switch|p2a: Landorus-Therian|Landorus-Therian, M|77\/319 brn
|-damage|p2a: Landorus-Therian|38\/319 brn|[from] Stealth Rock
|-ability|p2a: Landorus-Therian|Intimidate|[of] p1a: Tittylegs
|-unboost|p1a: Tittylegs|atk|1
|turn|22
|
|move|p1a: Tittylegs|Bullet Punch|p2a: Landorus-Therian
|-damage|p2a: Landorus-Therian|0 fnt
|faint|p2a: Landorus-Therian
|
|
|switch|p2a: Charizard|Charizard, F|297\/297
|-damage|p2a: Charizard|149\/297|[from] Stealth Rock
|turn|23
|
|detailschange|p2a: Charizard|Charizard-Mega-X, F
|message|Charizard has Mega Evolved into Mega Charizard!
|move|p1a: Tittylegs|Zen Headbutt|p2a: Charizard
|-damage|p2a: Charizard|0 fnt
|faint|p2a: Charizard
|
|win|BigSpore
|raw|Ladder updating...
|raw|BigSpore's rating: 1703 &rarr; <strong>1727<\/strong><br \/>(+24 for winning)
|raw|Johnny Tots's rating: 1765 &rarr; <strong>1742<\/strong><br \/>(-23 for losing)
|leave|Johnny Tots
|player|p2