|join|LT2A ASUYA
|join|Johnny Tots
|player|p1|LT2A ASUYA|257
|player|p2|Johnny Tots|266
|gametype|singles
|gen|6
|tier|OU
|rated
|clearpoke
|poke|p1|Azumarill, F
|poke|p1|Dragonite, M
|poke|p1|Heracross, M
|poke|p1|Landorus-Therian, M
|poke|p1|Terrakion
|poke|p1|Starmie
|poke|p2|Dragonite, M
|poke|p2|Gyarados, M
|poke|p2|Landorus-Therian, M
|poke|p2|Charizard, F
|poke|p2|Thundurus-Therian, M
|poke|p2|Scizor, F
|rule|Swagger Clause: Swagger is banned
|rule|Baton Pass Clause: Limit one PokÃ©mon knowing Baton Pass
|rule|Sleep Clause Mod: Limit one foe put to sleep
|rule|Species Clause: Limit one of each PokÃ©mon
|rule|OHKO Clause: OHKO moves are banned
|rule|Moody Clause: Moody is banned
|rule|Evasion Moves Clause: Evasion moves are banned
|rule|Endless Battle Clause: Forcing endless battles is banned
|rule|HP Percentage Mod: HP is shown in percentages
|teampreview
|
|start
|switch|p1a: Landorus-Therian|Landorus-Therian, M|337\/337
|switch|p2a: Gyarados|Gyarados, M|331\/331
|-ability|p1a: Landorus-Therian|Intimidate|[of] p2a: Gyarados
|-unboost|p2a: Gyarados|atk|1
|turn|1
|
|switch|p1a: Starmie|Starmie|261\/261
|move|p2a: Gyarados|Dragon Dance|p2a: Gyarados
|-boost|p2a: Gyarados|atk|1
|-boost|p2a: Gyarados|spe|1
|
|turn|2
|
|switch|p2a: Thundurus-Therian|Thundurus-Therian, M|299\/299
|move|p1a: Starmie|Thunderbolt|p2a: Thundurus-Therian
|-immune|p2a: Thundurus-Therian|[msg]
|
|turn|3
|
|switch|p1a: Landorus-Therian|Landorus-Therian, M|337\/337
|-ability|p1a: Landorus-Therian|Intimidate|[of] p2a: Thundurus-Therian
|-unboost|p2a: Thundurus-Therian|atk|1
|move|p2a: Thundurus-Therian|Agility|p2a: Thundurus-Therian
|-boost|p2a: Thundurus-Therian|spe|2
|
|turn|4
|
|switch|p1a: Terrakion|Terrakion|323\/323
|move|p2a: Thundurus-Therian|Hidden Power|p1a: Terrakion
|-damage|p1a: Terrakion|238\/323
|
|turn|5
|
|switch|p2a: Landorus-Therian|Landorus-Therian, M|319\/319
|-ability|p2a: Landorus-Therian|Intimidate|[of] p1a: Terrakion
|-unboost|p1a: Terrakion|atk|1
|move|p1a: Terrakion|Stone Edge|p2a: Landorus-Therian
|-damage|p2a: Landorus-Therian|189\/319
|-damage|p1a: Terrakion|206\/323|[from] item: Life Orb
|
|-heal|p2a: Landorus-Therian|208\/319|[from] item: Leftovers
|turn|6
|
|switch|p1a: Landorus-Therian|Landorus-Therian, M|337\/337
|-ability|p1a: Landorus-Therian|Intimidate|[of] p2a: Landorus-Therian
|-unboost|p2a: Landorus-Therian|atk|1
|move|p2a: Landorus-Therian|Rock Polish|p2a: Landorus-Therian
|-boost|p2a: Landorus-Therian|spe|2
|
|-heal|p2a: Landorus-Therian|227\/319|[from] item: Leftovers
|turn|7
|join|haunter
|
|move|p2a: Landorus-Therian|Swords Dance|p2a: Landorus-Therian
|-boost|p2a: Landorus-Therian|atk|2
|move|p1a: Landorus-Therian|Knock Off|p2a: Landorus-Therian
|-damage|p2a: Landorus-Therian|113\/319
|-enditem|p2a: Landorus-Therian|Leftovers|[from] move: Knock Off|[of] p1a: Landorus-Therian
|
|turn|8
|
|move|p2a: Landorus-Therian|Stone Edge|p1a: Landorus-Therian
|-damage|p1a: Landorus-Therian|130\/337
|move|p1a: Landorus-Therian|Knock Off|p2a: Landorus-Therian
|-damage|p2a: Landorus-Therian|39\/319
|
|-heal|p1a: Landorus-Therian|151\/337|[from] item: Leftovers
|turn|9
|join|Gingsan
|
|switch|p1a: Azumarill|Azumarill, F|381\/381
|move|p2a: Landorus-Therian|Stone Edge|p1a: Azumarill
|-damage|p1a: Azumarill|143\/381
|
|turn|10
|
|move|p1a: Azumarill|Aqua Jet|p2a: Landorus-Therian
|-supereffective|p2a: Landorus-Therian
|-damage|p2a: Landorus-Therian|0 fnt
|faint|p2a: Landorus-Therian
|
|
|switch|p2a: Scizor|Scizor, F|281\/281
|turn|11
|
|switch|p1a: Landorus-Therian|Landorus-Therian, M|151\/337
|-ability|p1a: Landorus-Therian|Intimidate|[of] p2a: Scizor
|-unboost|p2a: Scizor|atk|1
|move|p2a: Scizor|Swords Dance|p2a: Scizor
|-boost|p2a: Scizor|atk|2
|
|-heal|p1a: Landorus-Therian|172\/337|[from] item: Leftovers
|turn|12
|join|CharizardmasterX
|
|move|p1a: Landorus-Therian|Stealth Rock|p2a: Scizor
|-sidestart|p2: Johnny Tots|move: Stealth Rock
|move|p2a: Scizor|Swords Dance|p2a: Scizor
|-boost|p2a: Scizor|atk|2
|
|-heal|p1a: Landorus-Therian|193\/337|[from] item: Leftovers
|turn|13
|
|move|p1a: Landorus-Therian|Earthquake|p2a: Scizor
|-damage|p2a: Scizor|103\/281
|move|p2a: Scizor|Defog|p1a: Landorus-Therian
|-unboost|p1a: Landorus-Therian|evasion|1
|-sideend|p2: Johnny Tots|Stealth Rock|[from] move: Defog|[of] p2a: Scizor
|
|-heal|p1a: Landorus-Therian|214\/337|[from] item: Leftovers
|-heal|p2a: Scizor|120\/281|[from] item: Leftovers
|turn|14
|
|move|p2a: Scizor|Bullet Punch|p1a: Landorus-Therian
|-damage|p1a: Landorus-Therian|0 fnt
|faint|p1a: Landorus-Therian
|
|-heal|p2a: Scizor|137\/281|[from] item: Leftovers
|
|switch|p1a: Dragonite|Dragonite, M|323\/323
|turn|15
|join|LT2A teamsnickers
|
|move|p2a: Scizor|Bullet Punch|p1a: Dragonite
|-damage|p1a: Dragonite|215\/323
|move|p1a: Dragonite|Fire Punch|p2a: Scizor
|-supereffective|p2a: Scizor
|-damage|p2a: Scizor|0 fnt
|faint|p2a: Scizor
|
|
|switch|p2a: Gyarados|Gyarados, M|331\/331
|turn|16
|
|switch|p1a: Starmie|Starmie|261\/261
|move|p2a: Gyarados|Dragon Dance|p2a: Gyarados
|-boost|p2a: Gyarados|atk|1
|-boost|p2a: Gyarados|spe|1
|
|turn|17
|
|switch|p2a: Thundurus-Therian|Thundurus-Therian, M|299\/299
|move|p1a: Starmie|Thunderbolt|p2a: Thundurus-Therian
|-immune|p2a: Thundurus-Therian|[msg]
|
|turn|18
|
|move|p1a: Starmie|Ice Beam|p2a: Thundurus-Therian
|-crit|p2a: Thundurus-Therian
|-supereffective|p2a: Thundurus-Therian
|-damage|p2a: Thundurus-Therian|0 fnt
|-damage|p1a: Starmie|235\/261|[from] item: Life Orb
|faint|p2a: Thundurus-Therian
|
|
|switch|p2a: Charizard|Charizard, F|297\/297
|turn|19
|c| LT2A teamsnickers|welp da rekting is here
|
|detailschange|p2a: Charizard|Charizard-Mega-X, F
|message|Charizard has Mega Evolved into Mega Charizard!
|move|p1a: Starmie|Hydro Pump|p2a: Charizard
|-crit|p2a: Charizard
|-damage|p2a: Charizard|0 fnt
|-damage|p1a: Starmie|209\/261|[from] item: Life Orb
|faint|p2a: Charizard
|
|c|âJohnny Tots|talk about luck
|
|switch|p2a: Dragonite|Dragonite, M|323\/323
|turn|20
|
|move|p1a: Starmie|Ice Beam|p2a: Dragonite
|-supereffective|p2a: Dragonite
|-damage|p2a: Dragonite|102\/323
|-damage|p1a: Starmie|183\/261|[from] item: Life Orb
|move|p2a: Dragonite|Dragon Dance|p2a: Dragonite
|-boost|p2a: Dragonite|atk|1
|-boost|p2a: Dragonite|spe|1
|
|turn|21
|
|move|p2a: Dragonite|Thunder Punch|p1a: Starmie
|-supereffective|p1a: Starmie
|-damage|p1a: Starmie|0 fnt
|faint|p1a: Starmie
|
|
|switch|p1a: Dragonite|Dragonite, M|215\/323
|turn|22
|
|move|p1a: Dragonite|Extreme Speed|p2a: Dragonite
|-damage|p2a: Dragonite|0 fnt
|faint|p2a: Dragonite
|
|-message|Johnny Tots forfeited.
|
|win|LT2A ASUYA
|raw|Ladder updating...
|leave|Johnny Tots
|player|p2
|raw|LT2A ASUYA's rating: 1663 &rarr; <strong>1680<\/strong><br \/>(+17 for winning)
|raw|Johnny Tots's rating: 1614 &rarr; <strong>1596<\/strong><br \/>(-18 for losing)
|leave|haunter
|leave|CharizardmasterX