|join|WECAMEASROMANS
|join|Johnny Tots
|join|I am not Chillarmy
|player|p1|WECAMEASROMANS|169
|player|p2|Johnny Tots|101
|gametype|singles
|gen|6
|tier|OU
|rated
|clearpoke
|poke|p1|Thundurus, M
|poke|p1|Landorus, M
|poke|p1|Heatran, F
|poke|p1|Metagross
|poke|p1|Keldeo
|poke|p1|Tornadus-Therian, M
|poke|p2|Dragonite, F
|poke|p2|Gyarados, F
|poke|p2|Landorus-Therian, M
|poke|p2|Charizard, F
|poke|p2|Thundurus-Therian, M
|poke|p2|Scizor, F
|rule|Swagger Clause: Swagger is banned
|rule|Baton Pass Clause: Limit one PokÃ©mon knowing Baton Pass
|rule|Sleep Clause Mod: Limit one foe put to sleep
|rule|Species Clause: Limit one of each PokÃ©mon
|rule|OHKO Clause: OHKO moves are banned
|rule|Moody Clause: Moody is banned
|rule|Evasion Moves Clause: Evasion moves are banned
|rule|Endless Battle Clause: Forcing endless battles is banned
|rule|HP Percentage Mod: HP is shown in percentages
|teampreview
|join|jake5
|c|âJohnny Tots|gl
|join|Alldaalts
|c|âWECAMEASROMANS|you too
|join|CleanerThanRotom-W
|
|start
|switch|p1a: Heatran|Heatran, F|328\/328
|switch|p2a: Gyarados|Gyarados, F|331\/331
|turn|1
|
|switch|p1a: Metagross|Metagross|345\/345
|move|p2a: Gyarados|Dragon Dance|p2a: Gyarados
|-boost|p2a: Gyarados|atk|1
|-boost|p2a: Gyarados|spe|1
|
|turn|2
|join|Thomas9779
|
|detailschange|p1a: Metagross|Metagross-Mega
|-mega|p1a: Metagross|Metagross|Metagrossite
|move|p2a: Gyarados|Earthquake|p1a: Metagross
|-supereffective|p1a: Metagross
|-damage|p1a: Metagross|97\/345
|move|p1a: Metagross|Zen Headbutt|p2a: Gyarados|[miss]
|-miss|p1a: Metagross|p2a: Gyarados
|
|turn|3
|c|âJohnny Tots|well
|c| jake5|lol
|
|switch|p1a: Landorus|Landorus, M|319\/319
|move|p2a: Gyarados|Waterfall|p1a: Landorus
|-supereffective|p1a: Landorus
|-damage|p1a: Landorus|0 fnt
|faint|p1a: Landorus
|-boost|p2a: Gyarados|atk|1|[from] ability: Moxie
|
|c| Thomas9779|lol
|
|switch|p1a: Thundurus|Thundurus, M|299\/299
|turn|4
|c|âJohnny Tots|sorry
|
|move|p1a: Thundurus|Thunder Wave|p2a: Gyarados
|-status|p2a: Gyarados|par
|-enditem|p2a: Gyarados|Lum Berry|[eat]
|-curestatus|p2a: Gyarados|par
|move|p2a: Gyarados|Waterfall|p1a: Thundurus
|-damage|p1a: Thundurus|0 fnt
|faint|p1a: Thundurus
|-boost|p2a: Gyarados|atk|1|[from] ability: Moxie
|
|
|switch|p1a: Tornadus-Therian|Tornadus-Therian, M|299\/299
|turn|5
|c| Thomas9779|rekt
|c| jake5|k thats gabe
|c| jake5|bg lel
|
|move|p2a: Gyarados|Waterfall|p1a: Tornadus-Therian
|-damage|p1a: Tornadus-Therian|0 fnt
|faint|p1a: Tornadus-Therian
|-boost|p2a: Gyarados|atk|1|[from] ability: Moxie
|
|c| Thomas9779|yeah
|
|switch|p1a: Keldeo|Keldeo|323\/323
|turn|6
|
|move|p2a: Gyarados|Earthquake|p1a: Keldeo
|-damage|p1a: Keldeo|0 fnt
|faint|p1a: Keldeo
|-boost|p2a: Gyarados|atk|1|[from] ability: Moxie
|
|
|switch|p1a: Metagross|Metagross-Mega|97\/345
|turn|7
|c| jake5|+6 gyaara at the end lol
|
|move|p2a: Gyarados|Earthquake|p1a: Metagross
|-supereffective|p1a: Metagross
|-damage|p1a: Metagross|0 fnt
|faint|p1a: Metagross
|-boost|p2a: Gyarados|atk|1|[from] ability: Moxie
|
|
|switch|p1a: Heatran|Heatran, F|328\/328
|turn|8
|
|move|p2a: Gyarados|Taunt|p1a: Heatran
|-start|p1a: Heatran|move: Taunt
|move|p1a: Heatran|Fire Blast|p2a: Gyarados
|-resisted|p2a: Gyarados
|-damage|p2a: Gyarados|214\/331
|
|turn|9
|c| jake5|dafuq
|
|move|p2a: Gyarados|Waterfall|p1a: Heatran
|-supereffective|p1a: Heatran
|-damage|p1a: Heatran|0 fnt
|faint|p1a: Heatran
|
|win|Johnny Tots
|raw|Ladder updating...
|c| Thomas9779|reveal scarf stone edge
|leave|WECAMEASROMANS
|raw|WECAMEASROMANS's rating: 1712 &rarr; <strong>1688<\/strong><br \/>(-24 for losing)
|raw|Johnny Tots's rating: 1644 &rarr; <strong>1668<\/strong><br \/>(+24 for winning)
|leave|jake5
|player|p1
|leave|Thomas9779
|leave|I am not Chillarmy
|leave|Johnny Tots
|player|p2