|join|Johnny Tots
|join|windmiller
|player|p1|Johnny Tots|101
|player|p2|windmiller|168
|gametype|singles
|gen|6
|tier|OU (suspect test)
|rated
|clearpoke
|poke|p1|Dragonite, M
|poke|p1|Gyarados, M
|poke|p1|Landorus-Therian, M
|poke|p1|Charizard, M
|poke|p1|Thundurus-Therian, M
|poke|p1|Scizor, M
|poke|p2|Politoed, M
|poke|p2|Kabutops, M
|poke|p2|Roserade, F
|poke|p2|Bronzong
|poke|p2|Kingdra, M
|poke|p2|Scizor, M
|rule|Swagger Clause: Swagger is banned
|rule|Baton Pass Clause: Limit one PokÃ©mon knowing Baton Pass
|rule|Sleep Clause Mod: Limit one foe put to sleep
|rule|Species Clause: Limit one of each PokÃ©mon
|rule|OHKO Clause: OHKO moves are banned
|rule|Moody Clause: Moody is banned
|rule|Evasion Moves Clause: Evasion moves are banned
|rule|Endless Battle Clause: Forcing endless battles is banned
|rule|HP Percentage Mod: HP is shown in percentages
|teampreview
|
|start
|switch|p1a: Thundurus-Therian|Thundurus-Therian, M|299\/299
|switch|p2a: Politoed|Politoed, M|383\/383
|-weather|RainDance
|turn|1
|
|switch|p2a: Roserade|Roserade, F|289\/289
|move|p1a: Thundurus-Therian|Nasty Plot|p1a: Thundurus-Therian
|-boost|p1a: Thundurus-Therian|spa|2
|
|-weather|RainDance|[upkeep]
|turn|2
|
|move|p2a: Roserade|Weather Ball|p1a: Thundurus-Therian
|-damage|p1a: Thundurus-Therian|145\/299
|move|p1a: Thundurus-Therian|Hidden Power|p2a: Roserade
|-supereffective|p2a: Roserade
|-damage|p2a: Roserade|0 fnt
|faint|p2a: Roserade
|
|-weather|RainDance|[upkeep]
|-heal|p1a: Thundurus-Therian|163\/299|[from] item: Leftovers
|
|switch|p2a: Kabutops|Kabutops, M|261\/261
|turn|3
|
|move|p2a: Kabutops|Stone Edge|p1a: Thundurus-Therian
|-crit|p1a: Thundurus-Therian
|-supereffective|p1a: Thundurus-Therian
|-damage|p1a: Thundurus-Therian|0 fnt
|faint|p1a: Thundurus-Therian
|
|-weather|RainDance|[upkeep]
|
|switch|p1a: Landorus-Therian|Landorus-Therian, M|319\/319
|-ability|p1a: Landorus-Therian|Intimidate|[of] p2a: Kabutops
|-unboost|p2a: Kabutops|atk|1
|turn|4
|
|switch|p2a: Bronzong|Bronzong|337\/337
|move|p1a: Landorus-Therian|Earthquake|p2a: Bronzong
|-immune|p2a: Bronzong|[msg]
|
|-weather|RainDance|[upkeep]
|turn|5
|
|switch|p1a: Scizor|Scizor, M|281\/281
|move|p2a: Bronzong|Stealth Rock|p1a: Scizor
|-sidestart|p1: Johnny Tots|move: Stealth Rock
|
|-weather|RainDance|[upkeep]
|turn|6
|
|switch|p2a: Kingdra|Kingdra, M|291\/291
|move|p1a: Scizor|Defog|p2a: Kingdra
|-unboost|p2a: Kingdra|evasion|1
|-sideend|p1: Johnny Tots|Stealth Rock|[from] move: Defog|[of] p1a: Scizor
|
|-weather|RainDance|[upkeep]
|turn|7
|
|move|p2a: Kingdra|Hydro Pump|p1a: Scizor
|-damage|p1a: Scizor|0 fnt
|-damage|p2a: Kingdra|262\/291|[from] item: Life Orb
|faint|p1a: Scizor
|
|-weather|RainDance|[upkeep]
|
|switch|p1a: Gyarados|Gyarados, M|331\/331
|turn|8
|
|move|p2a: Kingdra|Draco Meteor|p1a: Gyarados
|-damage|p1a: Gyarados|70\/331
|-unboost|p2a: Kingdra|spa|2
|-damage|p2a: Kingdra|233\/291|[from] item: Life Orb
|move|p1a: Gyarados|Dragon Dance|p1a: Gyarados
|-boost|p1a: Gyarados|atk|1
|-boost|p1a: Gyarados|spe|1
|
|-weather|none
|turn|9
|
|move|p1a: Gyarados|Earthquake|p2a: Kingdra
|-crit|p2a: Kingdra
|-damage|p2a: Kingdra|0 fnt
|faint|p2a: Kingdra
|-boost|p1a: Gyarados|atk|1|[from] ability: Moxie
|
|
|switch|p2a: Politoed|Politoed, M|383\/383
|-weather|RainDance
|turn|10
|
|switch|p2a: Bronzong|Bronzong|337\/337
|move|p1a: Gyarados|Earthquake|p2a: Bronzong
|-immune|p2a: Bronzong|[msg]
|
|-weather|RainDance|[upkeep]
|turn|11
|
|move|p1a: Gyarados|Taunt|p2a: Bronzong
|-start|p2a: Bronzong|move: Taunt
|cant|p2a: Bronzong|move: Taunt|Toxic
|
|-weather|RainDance|[upkeep]
|turn|12
|
|move|p1a: Gyarados|Waterfall|p2a: Bronzong
|-damage|p2a: Bronzong|0 fnt
|faint|p2a: Bronzong
|-boost|p1a: Gyarados|atk|1|[from] ability: Moxie
|
|-weather|RainDance|[upkeep]
|
|switch|p2a: Kabutops|Kabutops, M|261\/261
|turn|13
|
|move|p2a: Kabutops|Stone Edge|p1a: Gyarados
|-supereffective|p1a: Gyarados
|-damage|p1a: Gyarados|0 fnt
|faint|p1a: Gyarados
|
|-weather|RainDance|[upkeep]
|
|switch|p1a: Landorus-Therian|Landorus-Therian, M|319\/319
|-ability|p1a: Landorus-Therian|Intimidate|[of] p2a: Kabutops
|-unboost|p2a: Kabutops|atk|1
|turn|14
|
|switch|p2a: Politoed|Politoed, M|383\/383
|move|p1a: Landorus-Therian|Earthquake|p2a: Politoed
|-damage|p2a: Politoed|206\/383
|
|-weather|RainDance|[upkeep]
|turn|15
|
|switch|p1a: Dragonite|Dragonite, M|323\/323
|move|p2a: Politoed|Scald|p1a: Dragonite
|-resisted|p1a: Dragonite
|-damage|p1a: Dragonite|293\/323
|
|-weather|RainDance|[upkeep]
|turn|16
|
|switch|p2a: Scizor|Scizor, M|343\/343
|move|p1a: Dragonite|Thunder Punch|p2a: Scizor
|-damage|p2a: Scizor|251\/343
|
|-weather|RainDance|[upkeep]
|turn|17
|
|switch|p1a: Charizard|Charizard, M|297\/297
|detailschange|p2a: Scizor|Scizor-Mega, M
|-mega|p2a: Scizor|Scizor|Scizorite
|move|p2a: Scizor|Swords Dance|p2a: Scizor
|-boost|p2a: Scizor|atk|2
|
|-weather|none
|turn|18
|
|detailschange|p1a: Charizard|Charizard-Mega-X, M
|-mega|p1a: Charizard|Charizard|Charizardite X
|move|p2a: Scizor|Bullet Punch|p1a: Charizard
|-resisted|p1a: Charizard
|-damage|p1a: Charizard|185\/297
|move|p1a: Charizard|Flare Blitz|p2a: Scizor
|-supereffective|p2a: Scizor
|-damage|p2a: Scizor|0 fnt
|-damage|p1a: Charizard|102\/297|[from] recoil|[of] p2a: Scizor
|faint|p2a: Scizor
|
|
|switch|p2a: Politoed|Politoed, M|206\/383
|-weather|RainDance
|turn|19
|
|move|p1a: Charizard|Dragon Claw|p2a: Politoed
|-damage|p2a: Politoed|26\/383
|move|p2a: Politoed|Scald|p1a: Charizard
|-damage|p1a: Charizard|0 fnt
|faint|p1a: Charizard
|
|-weather|RainDance|[upkeep]
|
|switch|p1a: Dragonite|Dragonite, M|293\/323
|turn|20
|
|move|p1a: Dragonite|Earthquake|p2a: Politoed
|-damage|p2a: Politoed|0 fnt
|faint|p2a: Politoed
|
|-weather|RainDance|[upkeep]
|
|switch|p2a: Kabutops|Kabutops, M|261\/261
|turn|21
|
|move|p2a: Kabutops|Waterfall|p1a: Dragonite
|-resisted|p1a: Dragonite
|-damage|p1a: Dragonite|128\/323
|move|p1a: Dragonite|Earthquake|p2a: Kabutops
|-supereffective|p2a: Kabutops
|-damage|p2a: Kabutops|23\/261
|
|-weather|RainDance|[upkeep]
|turn|22
|
|move|p2a: Kabutops|Waterfall|p1a: Dragonite
|-resisted|p1a: Dragonite
|-damage|p1a: Dragonite|0 fnt
|faint|p1a: Dragonite
|
|-weather|RainDance|[upkeep]
|
|switch|p1a: Landorus-Therian|Landorus-Therian, M|319\/319
|-ability|p1a: Landorus-Therian|Intimidate|[of] p2a: Kabutops
|-unboost|p2a: Kabutops|atk|1
|turn|23
|
|move|p2a: Kabutops|Waterfall|p1a: Landorus-Therian
|-supereffective|p1a: Landorus-Therian
|-damage|p1a: Landorus-Therian|0 fnt
|faint|p1a: Landorus-Therian
|
|win|windmiller
|raw|Ladder updating...
|raw|Johnny Tots's rating: 1463 &rarr; <strong>1438<\/strong><br \/>(-25 for losing)
|raw|windmiller's rating: 1368 &rarr; <strong>1394<\/strong><br \/>(+26 for winning)
|c|âwindmiller|gg
|leave|Johnny Tots
|player|p1