|join|NWBeanie
|join|Johnny Tots
|join|TachyonLord
|player|p1|NWBeanie|265
|player|p2|Johnny Tots|102
|gametype|singles
|gen|6
|tier|OU (suspect test)
|rated
|clearpoke
|poke|p1|Charizard, M
|poke|p1|Gyarados, M
|poke|p1|Garchomp, F
|poke|p1|Bisharp, F
|poke|p1|Starmie
|poke|p1|Landorus-Therian, M
|poke|p2|Dragonite, F
|poke|p2|Gyarados, F
|poke|p2|Landorus-Therian, M
|poke|p2|Charizard, F
|poke|p2|Thundurus-Therian, M
|poke|p2|Scizor, M
|rule|Swagger Clause: Swagger is banned
|rule|Baton Pass Clause: Limit one PokÃ©mon knowing Baton Pass
|rule|Sleep Clause Mod: Limit one foe put to sleep
|rule|Species Clause: Limit one of each PokÃ©mon
|rule|OHKO Clause: OHKO moves are banned
|rule|Moody Clause: Moody is banned
|rule|Evasion Moves Clause: Evasion moves are banned
|rule|Endless Battle Clause: Forcing endless battles is banned
|rule|HP Percentage Mod: HP is shown in percentages
|teampreview
|c|âNWBeanie|gl hf
|c| TachyonLord|they are all flying :D
|join|Riahi
|c| Riahi|hehe bwoi [:
|c|âNWBeanie|nu uh
|c|âNWBeanie|scizor
|c| TachyonLord|but scizor
|c| TachyonLord|but scizor also has wings
|c| TachyonLord|so yea
|c|âNWBeanie|true
|
|start
|switch|p1a: Just Dance 3|Garchomp, F|357\/357
|switch|p2a: Gyarados|Gyarados, F|331\/331
|turn|1
|
|move|p1a: Just Dance 3|Stealth Rock|p2a: Gyarados
|-sidestart|p2: Johnny Tots|move: Stealth Rock
|move|p2a: Gyarados|Dragon Dance|p2a: Gyarados
|-boost|p2a: Gyarados|atk|1
|-boost|p2a: Gyarados|spe|1
|
|turn|2
|
|move|p2a: Gyarados|Waterfall|p1a: Just Dance 3
|-damage|p1a: Just Dance 3|117\/357
|-damage|p2a: Gyarados|290\/331|[from] ability: Rough Skin|[of] p1a: Just Dance 3
|cant|p1a: Just Dance 3|flinch
|
|turn|3
|c| Riahi|damn
|c|âNWBeanie|gg
|c| Riahi|no just
|c|âNWBeanie|ik
|c| TachyonLord|aim for the horn now
|
|move|p2a: Gyarados|Waterfall|p1a: Just Dance 3
|-damage|p1a: Just Dance 3|0 fnt
|-damage|p2a: Gyarados|249\/331|[from] ability: Rough Skin|[of] p1a: Just Dance 3
|faint|p1a: Just Dance 3
|-boost|p2a: Gyarados|atk|1|[from] ability: Moxie
|
|c|âNWBeanie|turn it  off ;-;
|join|HUUURAAAAAx2
|
|switch|p1a: Mandatory Ofc|Landorus-Therian, M|325\/325
|-ability|p1a: Mandatory Ofc|Intimidate|[of] p2a: Gyarados
|-unboost|p2a: Gyarados|atk|1
|turn|4
|
|move|p1a: Mandatory Ofc|Stone Edge|p2a: Gyarados
|-supereffective|p2a: Gyarados
|-damage|p2a: Gyarados|0 fnt
|faint|p2a: Gyarados
|
|
|switch|p2a: Scizor|Scizor, M|281\/281
|-damage|p2a: Scizor|246\/281|[from] Stealth Rock
|turn|5
|c| TachyonLord|charozard
|
|switch|p1a: Just Dance 4|Bisharp, F|291\/291
|move|p2a: Scizor|Defog|p1a: Just Dance 4
|-unboost|p1a: Just Dance 4|evasion|1
|-boost|p1a: Just Dance 4|atk|2|[from] ability: Defiant
|-sideend|p2: Johnny Tots|Stealth Rock|[from] move: Defog|[of] p2a: Scizor
|
|-heal|p2a: Scizor|263\/281|[from] item: Leftovers
|turn|6
|
|move|p2a: Scizor|Bullet Punch|p1a: Just Dance 4
|-resisted|p1a: Just Dance 4
|-damage|p1a: Just Dance 4|242\/291
|move|p1a: Just Dance 4|Knock Off|p2a: Scizor
|-damage|p2a: Scizor|0 fnt
|-enditem|p2a: Scizor|Leftovers|[from] move: Knock Off|[of] p1a: Just Dance 4
|faint|p2a: Scizor
|
|
|switch|p2a: Dragonite|Dragonite, F|323\/323
|turn|7
|
|move|p2a: Dragonite|Earthquake|p1a: Just Dance 4
|-supereffective|p1a: Just Dance 4
|-damage|p1a: Just Dance 4|0 fnt
|faint|p1a: Just Dance 4
|
|
|switch|p1a: Mandatory Ofc|Landorus-Therian, M|325\/325
|-ability|p1a: Mandatory Ofc|Intimidate|[of] p2a: Dragonite
|-unboost|p2a: Dragonite|atk|1
|turn|8
|
|move|p1a: Mandatory Ofc|U-turn|p2a: Dragonite
|-resisted|p2a: Dragonite
|-damage|p2a: Dragonite|300\/323
|
|switch|p1a: Just Dance 2|Gyarados, M|333\/333
|-ability|p1a: Just Dance 2|Intimidate|[of] p2a: Dragonite
|-unboost|p2a: Dragonite|atk|1
|move|p2a: Dragonite|Dragon Dance|p2a: Dragonite
|-boost|p2a: Dragonite|atk|1
|-boost|p2a: Dragonite|spe|1
|
|turn|9
|c| TachyonLord|ice fang here
|
|switch|p1a: Mandatory Ofc|Landorus-Therian, M|325\/325
|-ability|p1a: Mandatory Ofc|Intimidate|[of] p2a: Dragonite
|-unboost|p2a: Dragonite|atk|1
|move|p2a: Dragonite|Dragon Dance|p2a: Dragonite
|-boost|p2a: Dragonite|atk|1
|-boost|p2a: Dragonite|spe|1
|
|turn|10
|
|move|p2a: Dragonite|Ice Punch|p1a: Mandatory Ofc
|-supereffective|p1a: Mandatory Ofc
|-damage|p1a: Mandatory Ofc|37\/325
|-status|p1a: Mandatory Ofc|frz
|cant|p1a: Mandatory Ofc|frz
|
|turn|11
|c|âNWBeanie|hello?
|c| TachyonLord|....
|c| Riahi|Are you fucking kidding me?
|c| TachyonLord|bruh
|c| Riahi|Fuck pokemon
|c| TachyonLord|told you
|c|âNWBeanie|i cri now
|c|âNWBeanie|?
|c| TachyonLord|you should have aim for the horn like he did
|
|move|p2a: Dragonite|Dragon Dance|p2a: Dragonite
|-boost|p2a: Dragonite|atk|1
|-boost|p2a: Dragonite|spe|1
|cant|p1a: Mandatory Ofc|frz
|
|turn|12
|leave|HUUURAAAAAx2
|c| Riahi|bs
|c|âNWBeanie|ik
|c| TachyonLord|chill
|
|switch|p1a: Just Dance 2|Gyarados, M|333\/333
|-ability|p1a: Just Dance 2|Intimidate|[of] p2a: Dragonite
|-unboost|p2a: Dragonite|atk|1
|move|p2a: Dragonite|Dragon Dance|p2a: Dragonite
|-boost|p2a: Dragonite|atk|1
|-boost|p2a: Dragonite|spe|1
|
|turn|13
|c|âNWBeanie|10% chance ;-;
|c| TachyonLord|get a para
|
|move|p2a: Dragonite|Thunder Punch|p1a: Just Dance 2
|-supereffective|p1a: Just Dance 2
|-damage|p1a: Just Dance 2|0 fnt
|faint|p1a: Just Dance 2
|
|join|HUUURAAAAAx2
|c| TachyonLord|lel
|c| Riahi|wtf is that set?
|c| Riahi|Ew
|c|âNWBeanie|im fucking done lmao
|c|âJohnny Tots|sweep set
|-message|NWBeanie lost due to inactivity.
|
|win|Johnny Tots
|raw|Ladder updating...
|raw|NWBeanie's rating: 1445 &rarr; <strong>1421<\/strong><br \/>(-24 for losing)
|raw|Johnny Tots's rating: 1384 &rarr; <strong>1408<\/strong><br \/>(+24 for winning)
|c| TachyonLord|hello?
|leave|Johnny Tots
|c| TachyonLord|you won with zard
|player|p2
|c| Riahi|,
|c| Riahi|-
|c| Riahi|,
|c|âNWBeanie|i had to predict an eq or thunder punch
|c| TachyonLord|sweep sets XD
|c| TachyonLord|bruh
|leave|TachyonLord
|leave|NWBeanie
|player|p1
|join|NWBeanie