|join|Hunter42000
|join|spillingtheseraps
|player|p1|Hunter42000|34
|player|p2|spillingtheseraps|146
|gametype|singles
|gen|6
|tier|ORAS OU
|rated
|rule|Sleep Clause Mod: Limit one foe put to sleep
|rule|Species Clause: Limit one of each PokÃ©mon
|rule|OHKO Clause: OHKO moves are banned
|rule|Moody Clause: Moody is banned
|rule|Evasion Moves Clause: Evasion moves are banned
|rule|Endless Battle Clause: Forcing endless battles is banned
|rule|HP Percentage Mod: HP is shown in percentages
|clearpoke
|poke|p1|Pinsir, M
|poke|p1|Raikou
|poke|p1|Infernape, M
|poke|p1|Staraptor, F
|poke|p1|Crawdaunt, M
|poke|p1|Talonflame, F
|poke|p2|Rotom-Wash
|poke|p2|Weavile, F
|poke|p2|Salamence, M
|poke|p2|Excadrill, F
|poke|p2|Sylveon, F
|poke|p2|Heatran, M
|rule|Swagger Clause: Swagger is banned
|rule|Baton Pass Clause: Limit one PokÃ©mon knowing Baton Pass
|teampreview
|
|start
|switch|p1a: Leverage|Infernape, M|293\/293
|switch|p2a: Rotom-Wash|Rotom-Wash|304\/304
|turn|1
|
|move|p1a: Leverage|Stealth Rock|p2a: Rotom-Wash
|-sidestart|p2: spillingtheseraps|move: Stealth Rock
|move|p2a: Rotom-Wash|Volt Switch|p1a: Leverage
|-damage|p1a: Leverage|172\/293
|
|switch|p2a: Sylveon|Sylveon, F|369\/369
|-damage|p2a: Sylveon|323\/369|[from] Stealth Rock
|
|-heal|p2a: Sylveon|346\/369|[from] item: Leftovers
|turn|2
|
|move|p1a: Leverage|Overheat|p2a: Sylveon
|-damage|p2a: Sylveon|238\/369
|-unboost|p1a: Leverage|spa|2
|move|p2a: Sylveon|Hyper Voice|p1a: Leverage
|-damage|p1a: Leverage|0 fnt
|faint|p1a: Leverage
|
|-heal|p2a: Sylveon|261\/369|[from] item: Leftovers
|
|switch|p1a: Beetle Juice|Pinsir, M|271\/271
|turn|3
|
|detailschange|p1a: Beetle Juice|Pinsir-Mega, M
|message|Pinsir has Mega Evolved into Mega Pinsir!
|move|p1a: Beetle Juice|Return|p2a: Sylveon
|-damage|p2a: Sylveon|0 fnt
|faint|p2a: Sylveon
|
|
|switch|p2a: Rotom-Wash|Rotom-Wash|304\/304
|-damage|p2a: Rotom-Wash|266\/304|[from] Stealth Rock
|turn|4
|
|switch|p1a: Def Leppard|Raikou|321\/321
|-ability|p1a: Def Leppard|Pressure
|move|p2a: Rotom-Wash|Thunderbolt|p1a: Def Leppard
|-resisted|p1a: Def Leppard
|-damage|p1a: Def Leppard|288\/321
|
|-heal|p2a: Rotom-Wash|285\/304|[from] item: Leftovers
|turn|5
|
|switch|p2a: Excadrill|Excadrill, F|391\/391
|-damage|p2a: Excadrill|379\/391|[from] Stealth Rock
|-ability|p2a: Excadrill|Mold Breaker
|move|p1a: Def Leppard|Shadow Ball|p2a: Excadrill
|-damage|p2a: Excadrill|315\/391
|
|turn|6
|
|switch|p1a: Pinchy|Crawdaunt, M|275\/275
|move|p2a: Excadrill|Rapid Spin|p1a: Pinchy
|-damage|p1a: Pinchy|248\/275
|-sideend|p2: spillingtheseraps|Stealth Rock|[from] move: Rapid Spin|[of] p2a: Excadrill
|
|turn|7
|
|move|p2a: Excadrill|Earthquake|p1a: Pinchy
|-damage|p1a: Pinchy|50\/275
|move|p1a: Pinchy|Knock Off|p2a: Excadrill
|-crit|p2a: Excadrill
|-damage|p2a: Excadrill|0 fnt
|-enditem|p2a: Excadrill|Assault Vest|[from] move: Knock Off|[of] p1a: Pinchy
|-damage|p1a: Pinchy|23\/275|[from] item: Life Orb
|faint|p2a: Excadrill
|
|
|switch|p2a: Salamence|Salamence, M|359\/359
|-ability|p2a: Salamence|Intimidate|[of] p1a: Pinchy
|-unboost|p1a: Pinchy|atk|1
|turn|8
|
|detailschange|p2a: Salamence|Salamence-Mega, M
|message|Salamence has Mega Evolved into Mega Salamence!
|move|p2a: Salamence|Hyper Voice|p1a: Pinchy
|-damage|p1a: Pinchy|0 fnt
|faint|p1a: Pinchy
|
|
|switch|p1a: Def Leppard|Raikou|288\/321
|-ability|p1a: Def Leppard|Pressure
|turn|9
|
|move|p2a: Salamence|Earthquake|p1a: Def Leppard
|-supereffective|p1a: Def Leppard
|-damage|p1a: Def Leppard|28\/321
|move|p1a: Def Leppard|Volt Switch|p2a: Salamence
|-damage|p2a: Salamence|212\/359
|
|switch|p1a: Carcass|Staraptor, F|323\/323
|
|turn|10
|
|move|p1a: Carcass|Double-Edge|p2a: Salamence
|-damage|p2a: Salamence|13\/359
|-damage|p1a: Carcass|257\/323|[from] recoil|[of] p2a: Salamence
|move|p2a: Salamence|Hyper Voice|p1a: Carcass
|-damage|p1a: Carcass|0 fnt
|faint|p1a: Carcass
|
|
|switch|p1a: Gamma Ray|Talonflame, F|297\/297
|turn|11
|
|move|p1a: Gamma Ray|Brave Bird|p2a: Salamence
|-damage|p2a: Salamence|0 fnt
|-damage|p1a: Gamma Ray|293\/297|[from] recoil|[of] p2a: Salamence
|faint|p2a: Salamence
|
|
|switch|p2a: Heatran|Heatran, M|348\/348
|turn|12
|-message|Hunter42000 lost due to inactivity.
|
|win|spillingtheseraps
|raw|Ladder updating...
|raw|Hunter42000's rating: 1409 &rarr; <strong>1394<\/strong><br \/>(-15 for losing)
|raw|spillingtheseraps's rating: 1496 &rarr; <strong>1511<\/strong><br \/>(+15 for winning)