|join|Hunter42000
|join|bsuuuu
|player|p1|Hunter42000|34
|player|p2|bsuuuu|266
|gametype|singles
|gen|6
|tier|ORAS OU
|rated
|rule|Sleep Clause Mod: Limit one foe put to sleep
|rule|Species Clause: Limit one of each PokÃ©mon
|rule|OHKO Clause: OHKO moves are banned
|rule|Moody Clause: Moody is banned
|rule|Evasion Moves Clause: Evasion moves are banned
|rule|Endless Battle Clause: Forcing endless battles is banned
|rule|HP Percentage Mod: HP is shown in percentages
|clearpoke
|poke|p1|Weavile, M
|poke|p1|Latias, F
|poke|p1|Conkeldurr, M
|poke|p1|Heatran, M
|poke|p1|Landorus-Therian, M
|poke|p1|Greninja, F
|poke|p2|Celebi
|poke|p2|Salamence, F
|poke|p2|Dugtrio, F
|poke|p2|Greninja, F
|poke|p2|Thundurus, M
|poke|p2|Skarmory, F
|rule|Swagger Clause: Swagger is banned
|rule|Baton Pass Clause: Limit one PokÃ©mon knowing Baton Pass
|teampreview
|
|start
|switch|p1a: Heatran|Heatran, M|335\/335
|switch|p2a: Greninja|Greninja, F|285\/285
|turn|1
|join|African Elephant
|join|Shmeeferton
|
|switch|p1a: Conkeldurr|Conkeldurr, M|361\/361
|move|p2a: Greninja|U-turn|p1a: Conkeldurr
|-start|p2a: Greninja|typechange|Bug|[from] Protean
|-resisted|p1a: Conkeldurr
|-damage|p1a: Conkeldurr|309\/361
|-damage|p2a: Greninja|257\/285|[from] item: Life Orb
|
|switch|p2a: Salamence|Salamence, F|331\/331
|-ability|p2a: Salamence|Intimidate|[of] p1a: Conkeldurr
|-unboost|p1a: Conkeldurr|atk|1
|
|turn|2
|join|mattyho
|
|switch|p1a: Landorus-Therian|Landorus-Therian, M|381\/381
|-ability|p1a: Landorus-Therian|Intimidate|[of] p2a: Salamence
|-unboost|p2a: Salamence|atk|1
|detailschange|p2a: Salamence|Salamence-Mega, F
|message|Salamence has Mega Evolved into Mega Salamence!
|move|p2a: Salamence|Frustration|p1a: Landorus-Therian
|-damage|p1a: Landorus-Therian|249\/381
|
|-heal|p1a: Landorus-Therian|272\/381|[from] item: Leftovers
|turn|3
|
|switch|p2a: Thundurus|Thundurus, M|299\/299
|move|p1a: Landorus-Therian|Stone Edge|p2a: Thundurus
|-supereffective|p2a: Thundurus
|-damage|p2a: Thundurus|21\/299
|
|-heal|p2a: Thundurus|39\/299|[from] item: Leftovers
|-heal|p1a: Landorus-Therian|295\/381|[from] item: Leftovers
|turn|4
|
|switch|p1a: Conkeldurr|Conkeldurr, M|309\/361
|move|p2a: Thundurus|U-turn|p1a: Conkeldurr
|-resisted|p1a: Conkeldurr
|-damage|p1a: Conkeldurr|275\/361
|
|switch|p2a: Salamence|Salamence-Mega, F|331\/331
|
|turn|5
|
|switch|p1a: Landorus-Therian|Landorus-Therian, M|295\/381
|-ability|p1a: Landorus-Therian|Intimidate|[of] p2a: Salamence
|-unboost|p2a: Salamence|atk|1
|move|p2a: Salamence|Frustration|p1a: Landorus-Therian
|-damage|p1a: Landorus-Therian|148\/381
|
|-heal|p1a: Landorus-Therian|171\/381|[from] item: Leftovers
|turn|6
|
|move|p2a: Salamence|Frustration|p1a: Landorus-Therian
|-crit|p1a: Landorus-Therian
|-damage|p1a: Landorus-Therian|0 fnt
|faint|p1a: Landorus-Therian
|
|
|switch|p1a: Greninja|Greninja, F|285\/285
|turn|7
|
|switch|p2a: Greninja|Greninja, F|257\/285
|move|p1a: Greninja|Ice Beam|p2a: Greninja
|-start|p1a: Greninja|typechange|Ice|[from] Protean
|-resisted|p2a: Greninja
|-damage|p2a: Greninja|148\/285
|-damage|p1a: Greninja|257\/285|[from] item: Life Orb
|
|turn|8
|
|switch|p1a: Conkeldurr|Conkeldurr, M|275\/361
|move|p2a: Greninja|Gunk Shot|p1a: Conkeldurr
|-start|p2a: Greninja|typechange|Poison|[from] Protean
|-damage|p1a: Conkeldurr|103\/361
|-damage|p2a: Greninja|120\/285|[from] item: Life Orb
|
|turn|9
|
|move|p1a: Conkeldurr|Mach Punch|p2a: Greninja
|-resisted|p2a: Greninja
|-damage|p2a: Greninja|60\/285
|move|p2a: Greninja|Gunk Shot|p1a: Conkeldurr|[miss]
|-miss|p2a: Greninja|p1a: Conkeldurr
|
|turn|10
|
|switch|p2a: Salamence|Salamence-Mega, F|331\/331
|move|p1a: Conkeldurr|Mach Punch|p2a: Salamence
|-resisted|p2a: Salamence
|-damage|p2a: Salamence|295\/331
|
|turn|11
|
|move|p2a: Salamence|Frustration|p1a: Conkeldurr
|-supereffective|p1a: Conkeldurr
|-damage|p1a: Conkeldurr|0 fnt
|faint|p1a: Conkeldurr
|
|
|switch|p1a: Greninja|Greninja, F|257\/285
|turn|12
|
|switch|p2a: Greninja|Greninja, F|60\/285
|move|p1a: Greninja|Ice Beam|p2a: Greninja
|-start|p1a: Greninja|typechange|Ice|[from] Protean
|-resisted|p2a: Greninja
|-damage|p2a: Greninja|0 fnt
|-damage|p1a: Greninja|229\/285|[from] item: Life Orb
|faint|p2a: Greninja
|
|
|switch|p2a: Dugtrio|Dugtrio, F|211\/211
|turn|13
|
|move|p1a: Greninja|Ice Beam|p2a: Dugtrio
|-crit|p2a: Dugtrio
|-supereffective|p2a: Dugtrio
|-enditem|p2a: Dugtrio|Focus Sash
|-damage|p2a: Dugtrio|1\/211
|-damage|p1a: Greninja|201\/285|[from] item: Life Orb
|move|p2a: Dugtrio|Reversal|p1a: Greninja
|-supereffective|p1a: Greninja
|-damage|p1a: Greninja|0 fnt
|faint|p1a: Greninja
|
|
|switch|p1a: Weavile|Weavile, M|281\/281
|-ability|p1a: Weavile|Pressure
|turn|14
|
|switch|p2a: Skarmory|Skarmory, F|333\/333
|move|p1a: Weavile|Ice Shard|p2a: Skarmory
|-crit|p2a: Skarmory
|-damage|p2a: Skarmory|259\/333
|-damage|p1a: Weavile|253\/281|[from] item: Life Orb
|
|turn|15
|
|switch|p1a: Heatran|Heatran, M|335\/335
|move|p2a: Skarmory|Roost|p2a: Skarmory
|-heal|p2a: Skarmory|333\/333
|
|turn|16
|
|switch|p2a: Celebi|Celebi|403\/403
|move|p1a: Heatran|Fire Blast|p2a: Celebi
|-supereffective|p2a: Celebi
|-damage|p2a: Celebi|0 fnt
|faint|p2a: Celebi
|
|
|switch|p2a: Dugtrio|Dugtrio, F|1\/211
|turn|17
|
|move|p2a: Dugtrio|Earthquake|p1a: Heatran
|-supereffective|p1a: Heatran
|-damage|p1a: Heatran|0 fnt
|faint|p1a: Heatran
|
|
|switch|p1a: Weavile|Weavile, M|253\/281
|-ability|p1a: Weavile|Pressure
|turn|18
|
|switch|p2a: Skarmory|Skarmory, F|333\/333
|move|p1a: Weavile|Ice Shard|p2a: Skarmory
|-damage|p2a: Skarmory|282\/333
|-damage|p1a: Weavile|225\/281|[from] item: Life Orb
|
|turn|19
|
|move|p1a: Weavile|Swords Dance|p1a: Weavile
|-boost|p1a: Weavile|atk|2
|move|p2a: Skarmory|Toxic|p1a: Weavile
|-status|p1a: Weavile|tox
|
|-damage|p1a: Weavile|208\/281 tox|[from] psn
|turn|20
|
|move|p1a: Weavile|Knock Off|p2a: Skarmory
|-damage|p2a: Skarmory|31\/333
|-enditem|p2a: Skarmory|Shed Shell|[from] move: Knock Off|[of] p1a: Weavile
|-damage|p1a: Weavile|180\/281 tox|[from] item: Life Orb
|move|p2a: Skarmory|Roost|p2a: Skarmory
|-heal|p2a: Skarmory|198\/333
|
|-damage|p1a: Weavile|146\/281 tox|[from] psn
|turn|21
|
|move|p1a: Weavile|Swords Dance|p1a: Weavile
|-boost|p1a: Weavile|atk|2
|move|p2a: Skarmory|Roost|p2a: Skarmory
|-heal|p2a: Skarmory|333\/333
|
|-damage|p1a: Weavile|95\/281 tox|[from] psn
|turn|22
|
|switch|p2a: Dugtrio|Dugtrio, F|1\/211
|move|p1a: Weavile|Knock Off|p2a: Dugtrio
|-damage|p2a: Dugtrio|0 fnt
|-damage|p1a: Weavile|67\/281 tox|[from] item: Life Orb
|faint|p2a: Dugtrio
|
|-damage|p1a: Weavile|0 fnt|[from] psn
|faint|p1a: Weavile
|-message|Hunter42000 forfeited.
|
|win|bsuuuu
|raw|Ladder updating...
|leave|Hunter42000
|player|p1
|raw|Hunter42000's rating: 1535 &rarr; <strong>1517<\/strong><br \/>(-18 for losing)
|raw|bsuuuu's rating: 1574 &rarr; <strong>1591<\/strong><br \/>(+17 for winning)
|leave|Shmeeferton
|c| African Elephant|latias swe- aww
|leave|African Elephant
|leave|bsuuuu
|player|p2
|join|Shmeeferton
|leave|Shmeeferton
|join|Shmeeferton
|leave|Shmeeferton