|join|FruitDealer
|join|Hunter42000
|player|p1|FruitDealer|1
|player|p2|Hunter42000|34
|gametype|singles
|gen|6
|tier|ORAS OU
|rated
|rule|Sleep Clause Mod: Limit one foe put to sleep
|rule|Species Clause: Limit one of each PokÃ©mon
|rule|OHKO Clause: OHKO moves are banned
|rule|Moody Clause: Moody is banned
|rule|Evasion Moves Clause: Evasion moves are banned
|rule|Endless Battle Clause: Forcing endless battles is banned
|rule|HP Percentage Mod: HP is shown in percentages
|clearpoke
|poke|p1|Salamence, F
|poke|p1|Rotom-Wash
|poke|p1|Greninja, M
|poke|p1|Clefable, F
|poke|p1|Latias, F
|poke|p1|Ditto
|poke|p2|Weavile, F
|poke|p2|Latias, F
|poke|p2|Conkeldurr, M
|poke|p2|Landorus-Therian, M
|poke|p2|Greninja, F
|poke|p2|Scizor, M
|rule|Swagger Clause: Swagger is banned
|rule|Baton Pass Clause: Limit one PokÃ©mon knowing Baton Pass
|teampreview
|
|start
|switch|p1a: rotomw|Rotom-Wash|303\/303
|switch|p2a: Conkeldurr|Conkeldurr, M|361\/361
|turn|1
|
|move|p1a: rotomw|Volt Switch|p2a: Conkeldurr
|-damage|p2a: Conkeldurr|304\/361
|
|switch|p1a: Clefable|Clefable, F|394\/394
|move|p2a: Conkeldurr|Poison Jab|p1a: Clefable
|-supereffective|p1a: Clefable
|-damage|p1a: Clefable|208\/394
|-status|p1a: Clefable|psn
|
|turn|2
|
|switch|p2a: Scizor|Scizor, M|307\/307
|move|p1a: Clefable|Moonblast|p2a: Scizor
|-resisted|p2a: Scizor
|-damage|p2a: Scizor|225\/307
|
|turn|3
|
|switch|p1a: rotomw|Rotom-Wash|303\/303
|move|p2a: Scizor|U-turn|p1a: rotomw
|-damage|p1a: rotomw|173\/303
|
|switch|p2a: Latias|Latias, F|331\/331
|
|-heal|p1a: rotomw|191\/303|[from] item: Leftovers
|turn|4
|
|switch|p1a: greninaj|Greninja, M|285\/285
|detailschange|p2a: Latias|Latias-Mega, F
|message|Latias has Mega Evolved into Mega Latias!
|move|p2a: Latias|Psyshock|p1a: greninaj
|-immune|p1a: greninaj|[msg]
|
|turn|5
|
|move|p1a: greninaj|U-turn|p2a: Latias
|-start|p1a: greninaj|typechange|Bug|[from] Protean
|-supereffective|p2a: Latias
|-damage|p2a: Latias|141\/331
|-damage|p1a: greninaj|257\/285|[from] item: Life Orb
|
|switch|p1a: Clefable|Clefable, F|208\/394 psn
|move|p2a: Latias|Draco Meteor|p1a: Clefable
|-immune|p1a: Clefable|[msg]
|
|turn|6
|
|move|p2a: Latias|Psyshock|p1a: Clefable
|-damage|p1a: Clefable|75\/394 psn
|move|p1a: Clefable|Soft-Boiled|p1a: Clefable
|-heal|p1a: Clefable|272\/394 psn
|
|turn|7
|
|switch|p2a: Scizor|Scizor, M|225\/307
|move|p1a: Clefable|Fire Blast|p2a: Scizor
|-supereffective|p2a: Scizor
|-damage|p2a: Scizor|0 fnt
|faint|p2a: Scizor
|
|
|switch|p2a: Greninja|Greninja, F|285\/285
|turn|8
|
|switch|p1a: rotomw|Rotom-Wash|191\/303
|move|p2a: Greninja|Gunk Shot|p1a: rotomw
|-start|p2a: Greninja|typechange|Poison|[from] Protean
|-damage|p1a: rotomw|81\/303
|-status|p1a: rotomw|psn
|-damage|p2a: Greninja|257\/285|[from] item: Life Orb
|
|-heal|p1a: rotomw|99\/303 psn|[from] item: Leftovers
|-damage|p1a: rotomw|62\/303 psn|[from] psn
|turn|9
|
|move|p2a: Greninja|Ice Beam|p1a: rotomw
|-start|p2a: Greninja|typechange|Ice|[from] Protean
|-resisted|p1a: rotomw
|-damage|p1a: rotomw|0 fnt
|-damage|p2a: Greninja|229\/285|[from] item: Life Orb
|faint|p1a: rotomw
|
|
|switch|p1a: greninaj|Greninja, M|257\/285
|turn|10
|
|switch|p2a: Latias|Latias-Mega, F|141\/331
|move|p1a: greninaj|Hydro Pump|p2a: Latias
|-start|p1a: greninaj|typechange|Water|[from] Protean
|-resisted|p2a: Latias
|-damage|p2a: Latias|71\/331
|-damage|p1a: greninaj|229\/285|[from] item: Life Orb
|
|turn|11
|
|move|p1a: greninaj|U-turn|p2a: Latias
|-start|p1a: greninaj|typechange|Bug|[from] Protean
|-supereffective|p2a: Latias
|-damage|p2a: Latias|0 fnt
|-damage|p1a: greninaj|201\/285|[from] item: Life Orb
|faint|p2a: Latias
|
|switch|p1a: latiass|Latias, F|319\/319
|
|
|switch|p2a: Greninja|Greninja, F|229\/285
|turn|12
|
|move|p2a: Greninja|Ice Beam|p1a: latiass
|-start|p2a: Greninja|typechange|Ice|[from] Protean
|-supereffective|p1a: latiass
|-damage|p1a: latiass|12\/319
|-damage|p2a: Greninja|201\/285|[from] item: Life Orb
|move|p1a: latiass|Draco Meteor|p2a: Greninja
|-damage|p2a: Greninja|0 fnt
|-unboost|p1a: latiass|spa|2
|-damage|p1a: latiass|0 fnt|[from] item: Life Orb
|faint|p2a: Greninja
|faint|p1a: latiass
|
|
|switch|p2a: Landorus-Therian|Landorus-Therian, M|382\/382
|switch|p1a: Clefable|Clefable, F|272\/394 psn
|-ability|p2a: Landorus-Therian|Intimidate|[of] p1a: Clefable
|-unboost|p1a: Clefable|atk|1
|turn|13
|
|move|p2a: Landorus-Therian|Stealth Rock|p1a: Clefable
|-sidestart|p1: FruitDealer|move: Stealth Rock
|move|p1a: Clefable|Soft-Boiled|p1a: Clefable
|-heal|p1a: Clefable|394\/394 psn
|
|turn|14
|
|move|p2a: Landorus-Therian|U-turn|p1a: Clefable
|-resisted|p1a: Clefable
|-damage|p1a: Clefable|359\/394 psn
|
|switch|p2a: Conkeldurr|Conkeldurr, M|304\/361
|move|p1a: Clefable|Stealth Rock|p2a: Conkeldurr
|-sidestart|p2: Hunter42000|move: Stealth Rock
|
|turn|15
|
|switch|p1a: slamance|Salamence, F|393\/393
|-damage|p1a: slamance|295\/393|[from] Stealth Rock
|-ability|p1a: slamance|Intimidate|[of] p2a: Conkeldurr
|-unboost|p2a: Conkeldurr|atk|1
|move|p2a: Conkeldurr|Poison Jab|p1a: slamance
|-damage|p1a: slamance|201\/393
|
|turn|16
|
|switch|p2a: Landorus-Therian|Landorus-Therian, M|382\/382
|-damage|p2a: Landorus-Therian|335\/382|[from] Stealth Rock
|-ability|p2a: Landorus-Therian|Intimidate|[of] p1a: slamance
|-unboost|p1a: slamance|atk|1
|detailschange|p1a: slamance|Salamence-Mega, F
|message|Salamence has Mega Evolved into Mega Salamence!
|move|p1a: slamance|Return|p2a: Landorus-Therian
|-damage|p2a: Landorus-Therian|218\/382
|
|-heal|p2a: Landorus-Therian|241\/382|[from] item: Leftovers
|turn|17
|
|move|p1a: slamance|Roost|p1a: slamance
|-heal|p1a: slamance|393\/393
|move|p2a: Landorus-Therian|Stone Edge|p1a: slamance
|-damage|p1a: slamance|307\/393
|
|-heal|p2a: Landorus-Therian|264\/382|[from] item: Leftovers
|turn|18
|
|move|p1a: slamance|Substitute|p1a: slamance
|-start|p1a: slamance|Substitute
|-damage|p1a: slamance|209\/393
|move|p2a: Landorus-Therian|Stone Edge|p1a: slamance
|-supereffective|p1a: slamance
|-end|p1a: slamance|Substitute
|
|-heal|p2a: Landorus-Therian|287\/382|[from] item: Leftovers
|turn|19
|
|switch|p2a: Weavile|Weavile, F|281\/281
|-damage|p2a: Weavile|211\/281|[from] Stealth Rock
|-ability|p2a: Weavile|Pressure
|move|p1a: slamance|Substitute|p1a: slamance
|-start|p1a: slamance|Substitute
|-damage|p1a: slamance|111\/393
|
|turn|20
|
|move|p2a: Weavile|Ice Shard|p1a: slamance
|-supereffective|p1a: slamance
|-end|p1a: slamance|Substitute
|-damage|p2a: Weavile|183\/281|[from] item: Life Orb
|move|p1a: slamance|Return|p2a: Weavile
|-damage|p2a: Weavile|0 fnt
|faint|p2a: Weavile
|
|-message|Hunter42000 forfeited.
|
|win|FruitDealer
|raw|Ladder updating...
|leave|Hunter42000
|player|p2
|raw|FruitDealer's rating: 1365 &rarr; <strong>1387<\/strong><br \/>(+22 for winning)
|raw|Hunter42000's rating: 1395 &rarr; <strong>1373<\/strong><br \/>(-22 for losing)