|join|Hunter42000
|join|CGE Testing
|player|p1|Hunter42000|34
|player|p2|CGE Testing|154
|gametype|singles
|gen|6
|tier|ORAS OU
|rated
|rule|Sleep Clause Mod: Limit one foe put to sleep
|rule|Species Clause: Limit one of each PokÃ©mon
|rule|OHKO Clause: OHKO moves are banned
|rule|Moody Clause: Moody is banned
|rule|Evasion Moves Clause: Evasion moves are banned
|rule|Endless Battle Clause: Forcing endless battles is banned
|rule|HP Percentage Mod: HP is shown in percentages
|clearpoke
|poke|p1|Azumarill, M
|poke|p1|Landorus-Therian, M
|poke|p1|Raikou
|poke|p1|Mew
|poke|p1|Heracross, F
|poke|p1|Crawdaunt, F
|poke|p2|Medicham, M
|poke|p2|Heatran, F
|poke|p2|Forretress, F
|poke|p2|Blissey, F
|poke|p2|Greninja, M
|poke|p2|Thundurus-Therian, M
|rule|Swagger Clause: Swagger is banned
|rule|Baton Pass Clause: Limit one PokÃ©mon knowing Baton Pass
|teampreview
|
|start
|switch|p1a: Mew|Mew|404\/404
|switch|p2a: Medicham|Medicham, M|285\/285
|turn|1
|
|detailschange|p2a: Medicham|Medicham-Mega, M
|message|Medicham has Mega Evolved into Mega Medicham!
|move|p2a: Medicham|Fake Out|p1a: Mew
|-damage|p1a: Mew|320\/404
|cant|p1a: Mew|flinch
|
|turn|2
|
|switch|p2a: Blissey|Blissey, F|701\/701
|move|p1a: Mew|Stealth Rock|p2a: Blissey
|-sidestart|p2: CGE Testing|move: Stealth Rock
|
|turn|3
|
|move|p1a: Mew|Tailwind|p1a: Mew
|-sidestart|p1: Hunter42000|move: Tailwind
|move|p2a: Blissey|Shadow Ball|p1a: Mew
|-supereffective|p1a: Mew
|-damage|p1a: Mew|212\/404
|
|turn|4
|
|move|p1a: Mew|Explosion|p2a: Blissey
|-enditem|p1a: Mew|Normal Gem|[from] gem|[move] Explosion
|-damage|p2a: Blissey|108\/701
|faint|p1a: Mew
|move|p2a: Blissey|Toxic|p1: Mew|[notarget]
|-notarget
|
|-heal|p2a: Blissey|151\/701|[from] item: Leftovers
|
|switch|p1a: Heracross|Heracross, F|307\/307
|turn|5
|
|move|p1a: Heracross|Pin Missile|p2a: Blissey|[miss]
|-miss|p1a: Heracross|p2a: Blissey
|move|p2a: Blissey|Wish|p2a: Blissey
|
|-heal|p2a: Blissey|194\/701|[from] item: Leftovers
|turn|6
|
|switch|p2a: Forretress|Forretress, F|354\/354
|-damage|p2a: Forretress|310\/354|[from] Stealth Rock
|move|p1a: Heracross|Swords Dance|p1a: Heracross
|-boost|p1a: Heracross|atk|2
|
|-heal|p2a: Forretress|354\/354|[from] move: Wish|[wisher] Blissey
|-sideend|p1: Hunter42000|move: Tailwind
|turn|7
|
|move|p1a: Heracross|Close Combat|p2a: Forretress
|-damage|p2a: Forretress|95\/354
|-unboost|p1a: Heracross|def|1
|-unboost|p1a: Heracross|spd|1
|move|p2a: Forretress|Toxic Spikes|p1a: Heracross
|-sidestart|p1: Hunter42000|move: Toxic Spikes
|
|-heal|p2a: Forretress|117\/354|[from] item: Leftovers
|turn|8
|
|switch|p2a: Blissey|Blissey, F|194\/701
|-damage|p2a: Blissey|107\/701|[from] Stealth Rock
|move|p1a: Heracross|Close Combat|p2a: Blissey
|-supereffective|p2a: Blissey
|-damage|p2a: Blissey|0 fnt
|-unboost|p1a: Heracross|def|1
|-unboost|p1a: Heracross|spd|1
|faint|p2a: Blissey
|-boost|p1a: Heracross|atk|1|[from] ability: Moxie
|
|
|switch|p2a: Medicham|Medicham-Mega, M|285\/285
|-damage|p2a: Medicham|268\/285|[from] Stealth Rock
|turn|9
|
|switch|p1a: Landorus-Therian|Landorus-Therian, M|339\/339
|-ability|p1a: Landorus-Therian|Intimidate|[of] p2a: Medicham
|-unboost|p2a: Medicham|atk|1
|move|p2a: Medicham|Fake Out|p1a: Landorus-Therian
|-damage|p1a: Landorus-Therian|273\/339
|
|turn|10
|
|switch|p2a: Forretress|Forretress, F|117\/354
|-damage|p2a: Forretress|73\/354|[from] Stealth Rock
|move|p1a: Landorus-Therian|Earthquake|p2a: Forretress
|-damage|p2a: Forretress|0 fnt
|faint|p2a: Forretress
|
|
|switch|p2a: Thundurus-Therian|Thundurus-Therian, M|324\/324
|-damage|p2a: Thundurus-Therian|243\/324|[from] Stealth Rock
|turn|11
|
|switch|p1a: Raikou|Raikou|321\/321
|-status|p1a: Raikou|psn
|-ability|p1a: Raikou|Pressure
|move|p2a: Thundurus-Therian|Hidden Power|p1a: Raikou
|-damage|p1a: Raikou|234\/321 psn
|
|-damage|p1a: Raikou|194\/321 psn|[from] psn
|turn|12
|
|move|p1a: Raikou|Shadow Ball|p2a: Thundurus-Therian
|-damage|p2a: Thundurus-Therian|141\/324
|move|p2a: Thundurus-Therian|Hidden Power|p1a: Raikou
|-crit|p1a: Raikou
|-damage|p1a: Raikou|74\/321 psn
|
|-damage|p1a: Raikou|34\/321 psn|[from] psn
|turn|13
|
|move|p1a: Raikou|Shadow Ball|p2a: Thundurus-Therian
|-damage|p2a: Thundurus-Therian|38\/324
|-unboost|p2a: Thundurus-Therian|spd|1
|move|p2a: Thundurus-Therian|Hidden Power|p1a: Raikou
|-damage|p1a: Raikou|0 fnt
|faint|p1a: Raikou
|
|
|switch|p1a: Azumarill|Azumarill, M|383\/383
|-status|p1a: Azumarill|psn
|turn|14
|
|move|p1a: Azumarill|Aqua Jet|p2a: Thundurus-Therian
|-damage|p2a: Thundurus-Therian|0 fnt
|faint|p2a: Thundurus-Therian
|
|-damage|p1a: Azumarill|336\/383 psn|[from] psn
|
|switch|p2a: Medicham|Medicham-Mega, M|268\/285
|-damage|p2a: Medicham|251\/285|[from] Stealth Rock
|turn|15
|
|move|p2a: Medicham|Fake Out|p1a: Azumarill
|-damage|p1a: Azumarill|238\/383 psn
|cant|p1a: Azumarill|flinch
|
|-damage|p1a: Azumarill|191\/383 psn|[from] psn
|turn|16
|
|move|p1a: Azumarill|Aqua Jet|p2a: Medicham
|-damage|p2a: Medicham|166\/285
|move|p2a: Medicham|Psycho Cut|p1a: Azumarill
|-damage|p1a: Azumarill|0 fnt
|faint|p1a: Azumarill
|
|
|switch|p1a: Landorus-Therian|Landorus-Therian, M|273\/339
|-ability|p1a: Landorus-Therian|Intimidate|[of] p2a: Medicham
|-unboost|p2a: Medicham|atk|1
|turn|17
|
|move|p1a: Landorus-Therian|Earthquake|p2a: Medicham
|-damage|p2a: Medicham|0 fnt
|faint|p2a: Medicham
|
|
|switch|p2a: Greninja|Greninja, M|286\/286
|-damage|p2a: Greninja|251\/286|[from] Stealth Rock
|turn|18
|
|move|p2a: Greninja|Waterfall|p1a: Landorus-Therian
|-start|p2a: Greninja|typechange|Water|[from] Protean
|-supereffective|p1a: Landorus-Therian
|-damage|p1a: Landorus-Therian|0 fnt
|faint|p1a: Landorus-Therian
|
|
|switch|p1a: Crawdaunt|Crawdaunt, F|273\/273
|-status|p1a: Crawdaunt|psn
|turn|19
|
|switch|p2a: Heatran|Heatran, F|335\/335
|-damage|p2a: Heatran|294\/335|[from] Stealth Rock
|move|p1a: Crawdaunt|Knock Off|p2a: Heatran
|-damage|p2a: Heatran|42\/335
|-enditem|p2a: Heatran|Assault Vest|[from] move: Knock Off|[of] p1a: Crawdaunt
|-damage|p1a: Crawdaunt|246\/273 psn|[from] item: Life Orb
|
|-damage|p1a: Crawdaunt|212\/273 psn|[from] psn
|turn|20
|
|move|p1a: Crawdaunt|Aqua Jet|p2a: Heatran
|-supereffective|p2a: Heatran
|-damage|p2a: Heatran|0 fnt
|-damage|p1a: Crawdaunt|185\/273 psn|[from] item: Life Orb
|faint|p2a: Heatran
|
|-damage|p1a: Crawdaunt|151\/273 psn|[from] psn
|
|switch|p2a: Greninja|Greninja, M|251\/286
|-damage|p2a: Greninja|216\/286|[from] Stealth Rock
|turn|21
|
|move|p2a: Greninja|Gunk Shot|p1a: Crawdaunt
|-start|p2a: Greninja|typechange|Poison|[from] Protean
|-damage|p1a: Crawdaunt|0 fnt
|faint|p1a: Crawdaunt
|
|
|switch|p1a: Heracross|Heracross, F|307\/307
|-status|p1a: Heracross|psn
|turn|22
|
|detailschange|p1a: Heracross|Heracross-Mega, F
|message|Heracross has Mega Evolved into Mega Heracross!
|move|p2a: Greninja|Gunk Shot|p1a: Heracross
|-damage|p1a: Heracross|145\/307 psn
|move|p1a: Heracross|Rock Blast|p2a: Greninja|[miss]
|-miss|p1a: Heracross|p2a: Greninja
|
|-damage|p1a: Heracross|107\/307 psn|[from] psn
|turn|23
|c|âCGE Testing|gg miss or hit
|
|move|p2a: Greninja|Gunk Shot|p1a: Heracross
|-crit|p1a: Heracross
|-damage|p1a: Heracross|0 fnt
|faint|p1a: Heracross
|
|win|CGE Testing
|raw|Ladder updating...
|raw|Hunter42000's rating: 1302 &rarr; <strong>1285<\/strong><br \/>(-17 for losing)
|raw|CGE Testing's rating: 1344 &rarr; <strong>1362<\/strong><br \/>(+18 for winning)
|leave|Hunter42000
|player|p1