|join|Hunter42000
|join|gest 1
|player|p1|Hunter42000|34
|player|p2|gest 1|170
|gametype|singles
|gen|6
|tier|ORAS OU
|rated
|rule|Sleep Clause Mod: Limit one foe put to sleep
|rule|Species Clause: Limit one of each PokÃ©mon
|rule|OHKO Clause: OHKO moves are banned
|rule|Moody Clause: Moody is banned
|rule|Evasion Moves Clause: Evasion moves are banned
|rule|Endless Battle Clause: Forcing endless battles is banned
|rule|HP Percentage Mod: HP is shown in percentages
|clearpoke
|poke|p1|Weavile, M
|poke|p1|Latias, F
|poke|p1|Conkeldurr, F
|poke|p1|Heatran, M
|poke|p1|Landorus-Therian, M
|poke|p1|Greninja, F
|poke|p2|Rotom-Wash
|poke|p2|Heatran, F
|poke|p2|Scizor, M
|poke|p2|Gothitelle, M
|poke|p2|Breloom, F
|poke|p2|Sharpedo, M
|rule|Swagger Clause: Swagger is banned
|rule|Baton Pass Clause: Limit one PokÃ©mon knowing Baton Pass
|teampreview
|
|start
|switch|p1a: Landorus-Therian|Landorus-Therian, M|338\/338
|switch|p2a: Rotom-Wash|Rotom-Wash|241\/241
|-ability|p1a: Landorus-Therian|Intimidate|[of] p2a: Rotom-Wash
|-unboost|p2a: Rotom-Wash|atk|1
|turn|1
|
|move|p2a: Rotom-Wash|Hydro Pump|p1a: Landorus-Therian
|-supereffective|p1a: Landorus-Therian
|-damage|p1a: Landorus-Therian|0 fnt
|faint|p1a: Landorus-Therian
|
|
|switch|p1a: Conkeldurr|Conkeldurr, F|361\/361
|turn|2
|
|move|p2a: Rotom-Wash|Hydro Pump|p1a: Conkeldurr
|-damage|p1a: Conkeldurr|240\/361
|move|p1a: Conkeldurr|Drain Punch|p2a: Rotom-Wash
|-damage|p2a: Rotom-Wash|97\/241
|-heal|p1a: Conkeldurr|312\/361|[from] drain|[of] p2a: Rotom-Wash
|
|turn|3
|
|switch|p2a: Gothitelle|Gothitelle, M|301\/301
|move|p1a: Conkeldurr|Drain Punch|p2a: Gothitelle
|-resisted|p2a: Gothitelle
|-damage|p2a: Gothitelle|216\/301
|-heal|p1a: Conkeldurr|355\/361|[from] drain|[of] p2a: Gothitelle
|
|turn|4
|
|move|p2a: Gothitelle|Psychic|p1a: Conkeldurr
|-supereffective|p1a: Conkeldurr
|-damage|p1a: Conkeldurr|185\/361
|move|p1a: Conkeldurr|Poison Jab|p2a: Gothitelle
|-damage|p2a: Gothitelle|96\/301
|
|turn|5
|
|move|p2a: Gothitelle|Psychic|p1a: Conkeldurr
|-crit|p1a: Conkeldurr
|-supereffective|p1a: Conkeldurr
|-damage|p1a: Conkeldurr|0 fnt
|faint|p1a: Conkeldurr
|
|
|switch|p1a: Weavile|Weavile, M|281\/281
|-ability|p1a: Weavile|Pressure
|turn|6
|
|switch|p2a: Scizor|Scizor, M|344\/344
|move|p1a: Weavile|Swords Dance|p1a: Weavile
|-boost|p1a: Weavile|atk|2
|
|turn|7
|
|move|p2a: Scizor|Bullet Punch|p1a: Weavile
|-supereffective|p1a: Weavile
|-damage|p1a: Weavile|0 fnt
|faint|p1a: Weavile
|
|-message|Hunter42000 forfeited.
|
|win|gest 1
|raw|Ladder updating...
|leave|Hunter42000
|player|p1
|raw|Hunter42000's rating: 1476 &rarr; <strong>1454<\/strong><br \/>(-22 for losing)
|raw|gest 1's rating: 1440 &rarr; <strong>1462<\/strong><br \/>(+22 for winning)