|join|Crutch
|join|Hunter42000
|player|p1|Crutch|274
|player|p2|Hunter42000|34
|gametype|singles
|gen|6
|tier|ORAS OU
|rated
|rule|Sleep Clause Mod: Limit one foe put to sleep
|rule|Species Clause: Limit one of each PokÃ©mon
|rule|OHKO Clause: OHKO moves are banned
|rule|Moody Clause: Moody is banned
|rule|Evasion Moves Clause: Evasion moves are banned
|rule|Endless Battle Clause: Forcing endless battles is banned
|rule|HP Percentage Mod: HP is shown in percentages
|clearpoke
|poke|p1|Bronzong
|poke|p1|Chesnaught, M
|poke|p1|Tentacruel, F
|poke|p1|Sableye, F
|poke|p1|Clefable, F
|poke|p1|Slowbro, F
|poke|p2|Salamence, F
|poke|p2|Greninja, M
|poke|p2|Ferrothorn, M
|poke|p2|Latias, F
|poke|p2|Magnezone
|poke|p2|Mamoswine, M
|rule|Swagger Clause: Swagger is banned
|rule|Baton Pass Clause: Limit one PokÃ©mon knowing Baton Pass
|teampreview
|
|start
|switch|p1a: Sableye|Sableye, F|304\/304
|switch|p2a: Magnezone|Magnezone|282\/282
|turn|1
|
|detailschange|p1a: Sableye|Sableye-Mega, F
|message|Sableye has Mega Evolved into Mega Sableye!
|move|p1a: Sableye|Will-O-Wisp|p2a: Magnezone
|-status|p2a: Magnezone|brn
|move|p2a: Magnezone|Flash Cannon|p1a: Sableye
|-damage|p1a: Sableye|171\/304
|
|-damage|p2a: Magnezone|247\/282 brn|[from] brn
|turn|2
|
|switch|p2a: Salamence|Salamence, F|393\/393
|-ability|p2a: Salamence|Intimidate|[of] p1a: Sableye
|-unboost|p1a: Sableye|atk|1
|move|p1a: Sableye|Recover|p1a: Sableye
|-heal|p1a: Sableye|304\/304
|
|turn|3
|
|switch|p1a: Slowbro|Slowbro, F|394\/394
|detailschange|p2a: Salamence|Salamence-Mega, F
|message|Salamence has Mega Evolved into Mega Salamence!
|move|p2a: Salamence|Substitute|p2a: Salamence
|-start|p2a: Salamence|Substitute
|-damage|p2a: Salamence|295\/393
|
|turn|4
|
|move|p2a: Salamence|Dragon Dance|p2a: Salamence
|-boost|p2a: Salamence|atk|1
|-boost|p2a: Salamence|spe|1
|move|p1a: Slowbro|Ice Beam|p2a: Salamence
|-supereffective|p2a: Salamence
|-end|p2a: Salamence|Substitute
|
|turn|5
|
|move|p2a: Salamence|Return|p1a: Slowbro
|-damage|p1a: Slowbro|111\/394
|move|p1a: Slowbro|Ice Beam|p2a: Salamence
|-supereffective|p2a: Salamence
|-damage|p2a: Salamence|7\/393
|
|-heal|p1a: Slowbro|135\/394|[from] item: Leftovers
|turn|6
|
|switch|p1a: Bronzong|Bronzong|338\/338
|move|p2a: Salamence|Return|p1a: Bronzong
|-resisted|p1a: Bronzong
|-damage|p1a: Bronzong|208\/338
|
|-heal|p1a: Bronzong|229\/338|[from] item: Leftovers
|turn|7
|
|move|p2a: Salamence|Roost|p2a: Salamence
|-heal|p2a: Salamence|204\/393
|move|p1a: Bronzong|Toxic|p2a: Salamence
|-status|p2a: Salamence|tox
|
|-heal|p1a: Bronzong|250\/338|[from] item: Leftovers
|-damage|p2a: Salamence|180\/393 tox|[from] psn
|turn|8
|
|move|p2a: Salamence|Dragon Dance|p2a: Salamence
|-boost|p2a: Salamence|atk|1
|-boost|p2a: Salamence|spe|1
|move|p1a: Bronzong|Stealth Rock|p2a: Salamence
|-sidestart|p2: Hunter42000|move: Stealth Rock
|
|-heal|p1a: Bronzong|271\/338|[from] item: Leftovers
|-damage|p2a: Salamence|132\/393 tox|[from] psn
|turn|9
|
|move|p2a: Salamence|Return|p1a: Bronzong
|-resisted|p1a: Bronzong
|-damage|p1a: Bronzong|115\/338
|move|p1a: Bronzong|Gyro Ball|p2a: Salamence
|-damage|p2a: Salamence|8\/393 tox
|
|-heal|p1a: Bronzong|136\/338|[from] item: Leftovers
|-damage|p2a: Salamence|0 fnt|[from] psn
|faint|p2a: Salamence
|-message|Hunter42000 forfeited.
|
|win|Crutch
|raw|Ladder updating...
|leave|Hunter42000
|player|p2
|raw|Crutch's rating: 1339 &rarr; <strong>1359<\/strong><br \/>(+20 for winning)
|raw|Hunter42000's rating: 1347 &rarr; <strong>1327<\/strong><br \/>(-20 for losing)