|join|Chocolove
|join|Hunter42000
|player|p1|Chocolove|3
|player|p2|Hunter42000|34
|gametype|singles
|gen|6
|tier|ORAS OU
|rated
|rule|Sleep Clause Mod: Limit one foe put to sleep
|rule|Species Clause: Limit one of each PokÃ©mon
|rule|OHKO Clause: OHKO moves are banned
|rule|Moody Clause: Moody is banned
|rule|Evasion Moves Clause: Evasion moves are banned
|rule|Endless Battle Clause: Forcing endless battles is banned
|rule|HP Percentage Mod: HP is shown in percentages
|clearpoke
|poke|p1|Thundurus, M
|poke|p1|Tornadus-Therian, M
|poke|p1|Greninja, M
|poke|p1|Swampert, M
|poke|p1|Politoed, F
|poke|p1|Jirachi
|poke|p2|Azumarill, F
|poke|p2|Landorus-Therian, M
|poke|p2|Raikou
|poke|p2|Mew
|poke|p2|Heracross, F
|poke|p2|Crawdaunt, M
|rule|Swagger Clause: Swagger is banned
|rule|Baton Pass Clause: Limit one PokÃ©mon knowing Baton Pass
|teampreview
|
|start
|switch|p1a: Insidious|Greninja, M|285\/285
|switch|p2a: Mew|Mew|404\/404
|turn|1
|
|switch|p2a: Azumarill|Azumarill, F|383\/383
|move|p1a: Insidious|Dark Pulse|p2a: Azumarill
|-start|p1a: Insidious|typechange|Dark|[from] Protean
|-resisted|p2a: Azumarill
|-damage|p2a: Azumarill|318\/383
|-damage|p1a: Insidious|257\/285|[from] item: Life Orb
|
|turn|2
|
|switch|p1a: Gambler|Jirachi|404\/404
|switch|p2a: Landorus-Therian|Landorus-Therian, M|339\/339
|-ability|p2a: Landorus-Therian|Intimidate|[of] p1a: Gambler
|-unboost|p1a: Gambler|atk|1
|
|turn|3
|
|move|p2a: Landorus-Therian|U-turn|p1a: Gambler
|-damage|p1a: Gambler|313\/404
|
|switch|p2a: Raikou|Raikou|321\/321
|-ability|p2a: Raikou|Pressure
|move|p1a: Gambler|Stealth Rock|p2a: Raikou
|-sidestart|p2: Hunter42000|move: Stealth Rock
|
|-heal|p1a: Gambler|338\/404|[from] item: Leftovers
|turn|4
|
|move|p2a: Raikou|Shadow Ball|p1a: Gambler
|-supereffective|p1a: Gambler
|-damage|p1a: Gambler|138\/404
|move|p1a: Gambler|Wish|p1a: Gambler
|
|-heal|p1a: Gambler|163\/404|[from] item: Leftovers
|turn|5
|
|switch|p1a: Bodybuilder|Swampert, M|342\/342
|move|p2a: Raikou|Shadow Ball|p1a: Bodybuilder
|-damage|p1a: Bodybuilder|203\/342
|
|-heal|p1a: Bodybuilder|342\/342|[from] move: Wish|[wisher] Gambler
|turn|6
|
|switch|p2a: Landorus-Therian|Landorus-Therian, M|339\/339
|-damage|p2a: Landorus-Therian|297\/339|[from] Stealth Rock
|-ability|p2a: Landorus-Therian|Intimidate|[of] p1a: Bodybuilder
|-unboost|p1a: Bodybuilder|atk|1
|detailschange|p1a: Bodybuilder|Swampert-Mega, M
|message|Swampert has Mega Evolved into Mega Swampert!
|move|p1a: Bodybuilder|Waterfall|p2a: Landorus-Therian
|-supereffective|p2a: Landorus-Therian
|-damage|p2a: Landorus-Therian|51\/339
|
|turn|7
|
|move|p2a: Landorus-Therian|Explosion|p1a: Bodybuilder
|-damage|p1a: Bodybuilder|66\/342
|faint|p2a: Landorus-Therian
|move|p1a: Bodybuilder|Power-Up Punch|p2: Landorus-Therian|[notarget]
|-notarget
|
|
|switch|p2a: Mew|Mew|404\/404
|-damage|p2a: Mew|354\/404|[from] Stealth Rock
|turn|8
|
|switch|p1a: Insidious|Greninja, M|257\/285
|move|p2a: Mew|Stealth Rock|p1a: Insidious
|-sidestart|p1: Chocolove|move: Stealth Rock
|
|turn|9
|
|move|p1a: Insidious|Dark Pulse|p2a: Mew
|-start|p1a: Insidious|typechange|Dark|[from] Protean
|-supereffective|p2a: Mew
|-damage|p2a: Mew|65\/404
|-damage|p1a: Insidious|229\/285|[from] item: Life Orb
|move|p2a: Mew|Tailwind|p2a: Mew
|-sidestart|p2: Hunter42000|move: Tailwind
|
|turn|10
|
|move|p2a: Mew|Explosion|p1a: Insidious
|-enditem|p2a: Mew|Normal Gem|[from] gem|[move] Explosion
|-damage|p1a: Insidious|0 fnt
|faint|p2a: Mew
|faint|p1a: Insidious
|
|
|switch|p2a: Heracross|Heracross, F|307\/307
|-damage|p2a: Heracross|269\/307|[from] Stealth Rock
|switch|p1a: Crazy Frog|Politoed, F|364\/364
|-damage|p1a: Crazy Frog|319\/364|[from] Stealth Rock
|-weather|RainDance
|turn|11
|
|detailschange|p2a: Heracross|Heracross-Mega, F
|message|Heracross has Mega Evolved into Mega Heracross!
|move|p2a: Heracross|Pin Missile|p1a: Crazy Frog|[miss]
|-miss|p2a: Heracross|p1a: Crazy Frog
|move|p1a: Crazy Frog|Hydro Pump|p2a: Heracross
|-damage|p2a: Heracross|26\/307
|
|-weather|RainDance|[upkeep]
|turn|12
|
|switch|p1a: Gambler|Jirachi|163\/404
|-damage|p1a: Gambler|138\/404|[from] Stealth Rock
|move|p2a: Heracross|Pin Missile|p1a: Gambler
|-crit|p1a: Gambler
|-damage|p1a: Gambler|38\/404
|-damage|p1a: Gambler|0 fnt
|-hitcount|p1a: Gambler|2
|faint|p1a: Gambler
|
|-weather|RainDance|[upkeep]
|-sideend|p2: Hunter42000|move: Tailwind
|
|switch|p1a: Delta Stream When|Tornadus-Therian, M|332\/332
|-damage|p1a: Delta Stream When|249\/332|[from] Stealth Rock
|turn|13
|
|move|p1a: Delta Stream When|Hurricane|p2a: Heracross
|-supereffective|p2a: Heracross
|-damage|p2a: Heracross|0 fnt
|faint|p2a: Heracross
|
|-weather|RainDance|[upkeep]
|
|switch|p2a: Crawdaunt|Crawdaunt, M|273\/273
|-damage|p2a: Crawdaunt|239\/273|[from] Stealth Rock
|turn|14
|
|move|p2a: Crawdaunt|Aqua Jet|p1a: Delta Stream When
|-damage|p1a: Delta Stream When|0 fnt
|-damage|p2a: Crawdaunt|212\/273|[from] item: Life Orb
|faint|p1a: Delta Stream When
|
|-weather|RainDance|[upkeep]
|
|switch|p1a: Crazy Frog|Politoed, F|319\/364
|-damage|p1a: Crazy Frog|274\/364|[from] Stealth Rock
|turn|15
|
|move|p2a: Crawdaunt|Knock Off|p1a: Crazy Frog
|-damage|p1a: Crazy Frog|0 fnt
|-enditem|p1a: Crazy Frog|Damp Rock|[from] move: Knock Off|[of] p2a: Crawdaunt
|-damage|p2a: Crawdaunt|185\/273|[from] item: Life Orb
|faint|p1a: Crazy Frog
|
|-weather|RainDance|[upkeep]
|
|switch|p1a: Magician|Thundurus, M|299\/299
|-damage|p1a: Magician|225\/299|[from] Stealth Rock
|turn|16
|
|move|p2a: Crawdaunt|Aqua Jet|p1a: Magician
|-damage|p1a: Magician|0 fnt
|-damage|p2a: Crawdaunt|158\/273|[from] item: Life Orb
|faint|p1a: Magician
|
|-weather|RainDance|[upkeep]
|
|switch|p1a: Bodybuilder|Swampert-Mega, M|66\/342
|-damage|p1a: Bodybuilder|45\/342|[from] Stealth Rock
|turn|17
|
|move|p2a: Crawdaunt|Aqua Jet|p1a: Bodybuilder
|-damage|p1a: Bodybuilder|0 fnt
|-damage|p2a: Crawdaunt|131\/273|[from] item: Life Orb
|faint|p1a: Bodybuilder
|
|win|Hunter42000
|raw|Ladder updating...
|raw|Chocolove's rating: 1470 &rarr; <strong>1449<\/strong><br \/>(-21 for losing)
|raw|Hunter42000's rating: 1444 &rarr; <strong>1466<\/strong><br \/>(+22 for winning)
|leave|Hunter42000
|player|p2