|join|Hunter42000
|join|sp00ky r00kie
|player|p1|Hunter42000|34
|player|p2|sp00ky r00kie|184
|gametype|singles
|gen|6
|tier|ORAS OU
|rated
|rule|Sleep Clause Mod: Limit one foe put to sleep
|rule|Species Clause: Limit one of each PokÃ©mon
|rule|OHKO Clause: OHKO moves are banned
|rule|Moody Clause: Moody is banned
|rule|Evasion Moves Clause: Evasion moves are banned
|rule|Endless Battle Clause: Forcing endless battles is banned
|rule|HP Percentage Mod: HP is shown in percentages
|clearpoke
|poke|p1|Salamence, F
|poke|p1|Greninja, M
|poke|p1|Ferrothorn, M
|poke|p1|Latias, F
|poke|p1|Magnezone
|poke|p1|Mamoswine, F
|poke|p2|Manectric, M
|poke|p2|Latias, F
|poke|p2|Ferrothorn, M
|poke|p2|Azumarill, F
|poke|p2|Greninja, M
|poke|p2|Landorus-Therian, M
|rule|Swagger Clause: Swagger is banned
|rule|Baton Pass Clause: Limit one PokÃ©mon knowing Baton Pass
|teampreview
|
|start
|switch|p1a: Mamoswine|Mamoswine, F|361\/361
|switch|p2a: Manectric|Manectric, M|287\/287
|turn|1
|
|detailschange|p2a: Manectric|Manectric-Mega, M
|message|Manectric has Mega Evolved into Mega Manectric!
|-ability|p2a: Manectric|Intimidate|[of] p1a: Mamoswine
|-unboost|p1a: Mamoswine|atk|1
|move|p2a: Manectric|Flamethrower|p1a: Mamoswine
|-supereffective|p1a: Mamoswine
|-damage|p1a: Mamoswine|207\/361
|move|p1a: Mamoswine|Stealth Rock|p2a: Manectric
|-sidestart|p2: sp00ky r00kie|move: Stealth Rock
|
|turn|2
|
|switch|p2a: Ferrothorn|Ferrothorn, M|352\/352
|-damage|p2a: Ferrothorn|330\/352|[from] Stealth Rock
|move|p1a: Mamoswine|Earthquake|p2a: Ferrothorn
|-crit|p2a: Ferrothorn
|-damage|p2a: Ferrothorn|143\/352
|
|-heal|p2a: Ferrothorn|165\/352|[from] item: Leftovers
|turn|3
|
|switch|p2a: Landorus-Therian|Landorus-Therian, M|319\/319
|-damage|p2a: Landorus-Therian|280\/319|[from] Stealth Rock
|-ability|p2a: Landorus-Therian|Intimidate|[of] p1a: Mamoswine
|-unboost|p1a: Mamoswine|atk|1
|move|p1a: Mamoswine|Earthquake|p2a: Landorus-Therian
|-immune|p2a: Landorus-Therian|[msg]
|
|turn|4
|
|move|p1a: Mamoswine|Ice Shard|p2a: Landorus-Therian
|-supereffective|p2a: Landorus-Therian
|-damage|p2a: Landorus-Therian|108\/319
|move|p2a: Landorus-Therian|Earthquake|p1a: Mamoswine
|-damage|p1a: Mamoswine|0 fnt
|faint|p1a: Mamoswine
|
|
|switch|p1a: Salamence|Salamence, F|393\/393
|-ability|p1a: Salamence|Intimidate|[of] p2a: Landorus-Therian
|-unboost|p2a: Landorus-Therian|atk|1
|turn|5
|
|switch|p2a: Azumarill|Azumarill, F|401\/401
|-damage|p2a: Azumarill|351\/401|[from] Stealth Rock
|detailschange|p1a: Salamence|Salamence-Mega, F
|message|Salamence has Mega Evolved into Mega Salamence!
|move|p1a: Salamence|Substitute|p1a: Salamence
|-start|p1a: Salamence|Substitute
|-damage|p1a: Salamence|295\/393
|
|turn|6
|
|move|p1a: Salamence|Return|p2a: Azumarill
|-damage|p2a: Azumarill|17\/401
|move|p2a: Azumarill|Play Rough|p1a: Salamence
|-supereffective|p1a: Salamence
|-end|p1a: Salamence|Substitute
|
|turn|7
|
|move|p1a: Salamence|Return|p2a: Azumarill
|-damage|p2a: Azumarill|0 fnt
|faint|p2a: Azumarill
|
|
|switch|p2a: Manectric|Manectric-Mega, M|287\/287
|-damage|p2a: Manectric|252\/287|[from] Stealth Rock
|-ability|p2a: Manectric|Intimidate|[of] p1a: Salamence
|-unboost|p1a: Salamence|atk|1
|turn|8
|
|switch|p1a: Magnezone|Magnezone|282\/282
|move|p2a: Manectric|Hidden Power|p1a: Magnezone
|-resisted|p1a: Magnezone
|-damage|p1a: Magnezone|241\/282
|
|turn|9
|
|move|p2a: Manectric|Flamethrower|p1a: Magnezone
|-supereffective|p1a: Magnezone
|-damage|p1a: Magnezone|15\/282
|-status|p1a: Magnezone|brn
|move|p1a: Magnezone|Volt Switch|p2a: Manectric
|-resisted|p2a: Manectric
|-damage|p2a: Manectric|174\/287
|
|switch|p1a: Latias|Latias, F|301\/301
|
|turn|10
|
|switch|p1a: Magnezone|Magnezone|15\/282 brn
|move|p2a: Manectric|Volt Switch|p1a: Magnezone
|-resisted|p1a: Magnezone
|-damage|p1a: Magnezone|0 fnt
|faint|p1a: Magnezone
|
|switch|p2a: Landorus-Therian|Landorus-Therian, M|108\/319
|-damage|p2a: Landorus-Therian|69\/319|[from] Stealth Rock
|
|
|switch|p1a: Ferrothorn|Ferrothorn, M|352\/352
|turn|11
|
|move|p2a: Landorus-Therian|Knock Off|p1a: Ferrothorn
|-damage|p1a: Ferrothorn|264\/352
|-damage|p2a: Landorus-Therian|30\/319|[from] ability: Iron Barbs|[of] p1a: Ferrothorn
|-enditem|p1a: Ferrothorn|Shed Shell|[from] move: Knock Off|[of] p2a: Landorus-Therian
|move|p1a: Ferrothorn|Spikes|p2a: Landorus-Therian
|-sidestart|p2: sp00ky r00kie|Spikes
|
|turn|12
|
|move|p2a: Landorus-Therian|Knock Off|p1a: Ferrothorn
|-damage|p1a: Ferrothorn|203\/352
|-damage|p2a: Landorus-Therian|0 fnt|[from] ability: Iron Barbs|[of] p1a: Ferrothorn
|faint|p2a: Landorus-Therian
|move|p1a: Ferrothorn|Spikes|p2: Landorus-Therian
|-sidestart|p2: sp00ky r00kie|Spikes
|
|
|switch|p2a: Latias|Latias, F|319\/319
|-damage|p2a: Latias|280\/319|[from] Stealth Rock
|turn|13
|
|move|p2a: Latias|Defog|p1a: Ferrothorn
|-unboost|p1a: Ferrothorn|evasion|1
|-sideend|p2: sp00ky r00kie|Spikes|[from] move: Defog|[of] p2a: Latias
|-sideend|p2: sp00ky r00kie|Stealth Rock|[from] move: Defog|[of] p2a: Latias
|move|p1a: Ferrothorn|Leech Seed|p2a: Latias
|-start|p2a: Latias|move: Leech Seed
|
|-damage|p2a: Latias|241\/319|[from] Leech Seed|[of] p1a: Ferrothorn
|-heal|p1a: Ferrothorn|242\/352|[silent]
|turn|14
|
|switch|p2a: Manectric|Manectric-Mega, M|174\/287
|-ability|p2a: Manectric|Intimidate|[of] p1a: Ferrothorn
|-unboost|p1a: Ferrothorn|atk|1
|move|p1a: Ferrothorn|Protect|p1a: Ferrothorn
|-fail|p1a: Ferrothorn
|
|turn|15
|
|switch|p1a: Latias|Latias, F|301\/301
|move|p2a: Manectric|Flamethrower|p1a: Latias
|-resisted|p1a: Latias
|-damage|p1a: Latias|259\/301
|
|turn|16
|
|move|p2a: Manectric|Volt Switch|p1a: Latias
|-resisted|p1a: Latias
|-damage|p1a: Latias|211\/301
|
|switch|p2a: Latias|Latias, F|241\/319
|move|p1a: Latias|Psyshock|p2a: Latias
|-resisted|p2a: Latias
|-damage|p2a: Latias|147\/319
|-damage|p1a: Latias|181\/301|[from] item: Life Orb
|
|turn|17
|
|move|p2a: Latias|Draco Meteor|p1a: Latias
|-supereffective|p1a: Latias
|-damage|p1a: Latias|0 fnt
|-unboost|p2a: Latias|spa|2
|-damage|p2a: Latias|116\/319|[from] item: Life Orb
|faint|p1a: Latias
|
|
|switch|p1a: Ferrothorn|Ferrothorn, M|242\/352
|turn|18
|
|move|p2a: Latias|Draco Meteor|p1a: Ferrothorn
|-crit|p1a: Ferrothorn
|-resisted|p1a: Ferrothorn
|-damage|p1a: Ferrothorn|120\/352
|-unboost|p2a: Latias|spa|2
|-damage|p2a: Latias|85\/319|[from] item: Life Orb
|move|p1a: Ferrothorn|Spikes|p2a: Latias
|-sidestart|p2: sp00ky r00kie|Spikes
|
|turn|19
|
|move|p2a: Latias|Draco Meteor|p1a: Ferrothorn
|-resisted|p1a: Ferrothorn
|-damage|p1a: Ferrothorn|91\/352
|-unboost|p2a: Latias|spa|2
|-damage|p2a: Latias|54\/319|[from] item: Life Orb
|move|p1a: Ferrothorn|Leech Seed|p2a: Latias
|-start|p2a: Latias|move: Leech Seed
|
|-damage|p2a: Latias|15\/319|[from] Leech Seed|[of] p1a: Ferrothorn
|-heal|p1a: Ferrothorn|130\/352|[silent]
|turn|20
|
|move|p2a: Latias|Defog|p1a: Ferrothorn
|-unboost|p1a: Ferrothorn|evasion|1
|-sideend|p2: sp00ky r00kie|Spikes|[from] move: Defog|[of] p2a: Latias
|move|p1a: Ferrothorn|Spikes|p2a: Latias
|-sidestart|p2: sp00ky r00kie|Spikes
|
|-damage|p2a: Latias|0 fnt|[from] Leech Seed|[of] p1a: Ferrothorn
|-heal|p1a: Ferrothorn|145\/352|[silent]
|faint|p2a: Latias
|
|switch|p2a: Manectric|Manectric-Mega, M|174\/287
|-damage|p2a: Manectric|139\/287|[from] Spikes
|-ability|p2a: Manectric|Intimidate|[of] p1a: Ferrothorn
|-unboost|p1a: Ferrothorn|atk|1
|turn|21
|
|move|p2a: Manectric|Flamethrower|p1a: Ferrothorn
|-crit|p1a: Ferrothorn
|-supereffective|p1a: Ferrothorn
|-damage|p1a: Ferrothorn|0 fnt
|faint|p1a: Ferrothorn
|
|
|switch|p1a: Greninja|Greninja, M|285\/285
|turn|22
|
|move|p2a: Manectric|Thunderbolt|p1a: Greninja
|-supereffective|p1a: Greninja
|-damage|p1a: Greninja|0 fnt
|faint|p1a: Greninja
|
|-message|Hunter42000 forfeited.
|
|win|sp00ky r00kie
|raw|Ladder updating...
|leave|Hunter42000
|player|p1
|raw|Hunter42000's rating: 1430 &rarr; <strong>1402<\/strong><br \/>(-28 for losing)
|raw|sp00ky r00kie's rating: 1299 &rarr; <strong>1333<\/strong><br \/>(+34 for winning)