|join|Mob Barley
|join|Hunter42000
|player|p1|Mob Barley|161
|player|p2|Hunter42000|34
|gametype|singles
|gen|6
|tier|OU
|rated
|clearpoke
|poke|p1|Gengar, M, shiny
|poke|p1|Scizor, M
|poke|p1|Latios, M
|poke|p1|Azumarill, M
|poke|p1|Magnezone
|poke|p1|Garchomp, M
|poke|p2|Mew
|poke|p2|Raikou
|poke|p2|Heracross, F
|poke|p2|Azumarill, M
|poke|p2|Diggersby, F
|poke|p2|Bisharp, F
|rule|Swagger Clause: Swagger is banned
|rule|Baton Pass Clause: Limit one PokÃ©mon knowing Baton Pass
|rule|Sleep Clause Mod: Limit one foe put to sleep
|rule|Species Clause: Limit one of each PokÃ©mon
|rule|OHKO Clause: OHKO moves are banned
|rule|Moody Clause: Moody is banned
|rule|Evasion Moves Clause: Evasion moves are banned
|rule|Endless Battle Clause: Forcing endless battles is banned
|rule|HP Percentage Mod: HP is shown in percentages
|teampreview
|join|habajiga
|
|start
|switch|p1a: Gengar|Gengar, M, shiny|261\/261
|switch|p2a: Mew|Mew|404\/404
|turn|1
|join|WECAMEASROMANS
|join|BLOODY CLIMB
|join|daftmau5
|join|IamChow
|join|lta4 scotti
|leave|BLOODY CLIMB
|
|move|p1a: Gengar|Will-O-Wisp|p2a: Mew
|-status|p2a: Mew|brn
|-status|p1a: Gengar|brn
|move|p2a: Mew|Tailwind|p2a: Mew
|-sidestart|p2: Hunter42000|move: Tailwind
|
|-damage|p2a: Mew|354\/404 brn|[from] brn
|-damage|p1a: Gengar|229\/261 brn|[from] brn
|turn|2
|join|Mistaken
|join|o.o)shinies
|
|move|p2a: Mew|Stealth Rock|p1a: Gengar
|-sidestart|p1: Mob Barley|move: Stealth Rock
|move|p1a: Gengar|Shadow Ball|p2a: Mew
|-supereffective|p2a: Mew
|-damage|p2a: Mew|90\/404 brn
|
|-heal|p1a: Gengar|245\/261 brn|[from] item: Black Sludge
|-damage|p2a: Mew|40\/404 brn|[from] brn
|-damage|p1a: Gengar|213\/261 brn|[from] brn
|turn|3
|join|SeventyFive
|
|switch|p1a: Scizor|Scizor, M|343\/343
|-damage|p1a: Scizor|301\/343|[from] Stealth Rock
|move|p2a: Mew|Overheat|p1a: Scizor
|-supereffective|p1a: Scizor
|-damage|p1a: Scizor|0 fnt
|-unboost|p2a: Mew|spa|2
|faint|p1a: Scizor
|
|-damage|p2a: Mew|0 fnt|[from] brn
|faint|p2a: Mew
|c|âMob Barley|ffs
|c| daftmau5|LOL
|c| habajiga|what
|c| Mistaken|wtf
|c| SeventyFive|LOL
|c| habajiga|the 
|c| habajiga|fuck
|c| daftmau5|destroyed
|c| SeventyFive|TRASH TEAM Mob
|join|AsianBoy0301
|leave|AsianBoy0301
|
|switch|p2a: Heracross|Heracross, F|307\/307
|switch|p1a: Azumarill|Azumarill, M|401\/401
|-damage|p1a: Azumarill|351\/401|[from] Stealth Rock
|turn|4
|c|âMob Barley|bullet
|
|detailschange|p2a: Heracross|Heracross-Mega, F
|message|Heracross has Mega Evolved into Mega Heracross!
|move|p2a: Heracross|Rock Blast|p1a: Azumarill
|-damage|p1a: Azumarill|297\/401
|-damage|p1a: Azumarill|244\/401
|-damage|p1a: Azumarill|189\/401
|-damage|p1a: Azumarill|138\/401
|-damage|p1a: Azumarill|85\/401
|-hitcount|p1a: Azumarill|5
|move|p1a: Azumarill|Play Rough|p2a: Heracross
|-supereffective|p2a: Heracross
|-damage|p2a: Heracross|0 fnt
|faint|p2a: Heracross
|
|-sideend|p2: Hunter42000|move: Tailwind
|c|âMob Barley|is so coming
|c| SeventyFive|shoulda missed pr
|c| Mistaken|u hit it
|c| SeventyFive|if real
|c|âMob Barley|azumarill
|c|âMob Barley|is so reak
|
|switch|p2a: Raikou|Raikou|321\/321
|-ability|p2a: Raikou|Pressure
|turn|5
|c|âMob Barley|he ssmashes everything 
|
|move|p1a: Azumarill|Aqua Jet|p2a: Raikou
|-damage|p2a: Raikou|204\/321
|move|p2a: Raikou|Shadow Ball|p1a: Azumarill
|-damage|p1a: Azumarill|0 fnt
|faint|p1a: Azumarill
|
|c| Mistaken|reveal volt absorb azu
|
|switch|p1a: Latios|Latios, M|301\/301
|-damage|p1a: Latios|264\/301|[from] Stealth Rock
|turn|6
|join|Grut
|join|Drunk n Horny
|
|switch|p2a: Azumarill|Azumarill, M|383\/383
|move|p1a: Latios|Draco Meteor|p2a: Azumarill
|-immune|p2a: Azumarill|[msg]
|
|turn|7
|
|switch|p1a: Magnezone|Magnezone|281\/281
|-damage|p1a: Magnezone|264\/281|[from] Stealth Rock
|move|p2a: Azumarill|Play Rough|p1a: Magnezone
|-resisted|p1a: Magnezone
|-damage|p1a: Magnezone|182\/281
|
|turn|8
|
|switch|p2a: Diggersby|Diggersby, F|311\/311
|move|p1a: Magnezone|Flash Cannon|p2a: Diggersby
|-damage|p2a: Diggersby|146\/311
|
|turn|9
|leave|WECAMEASROMANS
|
|move|p2a: Diggersby|U-turn|p1a: Magnezone
|-crit|p1a: Magnezone
|-resisted|p1a: Magnezone
|-damage|p1a: Magnezone|108\/281
|
|switch|p2a: Bisharp|Bisharp, F|291\/291
|-item|p2a: Bisharp|Air Balloon
|move|p1a: Magnezone|Flash Cannon|p2a: Bisharp
|-resisted|p2a: Bisharp
|-damage|p2a: Bisharp|193\/291
|-enditem|p2a: Bisharp|Air Balloon
|
|turn|10
|
|move|p1a: Magnezone|Flash Cannon|p2a: Bisharp
|-resisted|p2a: Bisharp
|-damage|p2a: Bisharp|95\/291
|move|p2a: Bisharp|Swords Dance|p2a: Bisharp
|-boost|p2a: Bisharp|atk|2
|
|turn|11
|
|switch|p1a: Gengar|Gengar, M, shiny|213\/261 brn
|-damage|p1a: Gengar|181\/261 brn|[from] Stealth Rock
|move|p2a: Bisharp|Sucker Punch|p1a: Gengar
|-fail|p1a: Gengar
|
|-heal|p1a: Gengar|197\/261 brn|[from] item: Black Sludge
|-damage|p1a: Gengar|165\/261 brn|[from] brn
|turn|12
|
|move|p1a: Gengar|Will-O-Wisp|p2a: Bisharp
|-status|p2a: Bisharp|brn
|move|p2a: Bisharp|Knock Off|p1a: Gengar
|-supereffective|p1a: Gengar
|-damage|p1a: Gengar|0 fnt
|-enditem|p1a: Gengar|Black Sludge|[from] move: Knock Off|[of] p2a: Bisharp
|faint|p1a: Gengar
|
|-damage|p2a: Bisharp|59\/291 brn|[from] brn
|join|Lef Deppard
|
|switch|p1a: Garchomp|Garchomp, M|358\/358
|-damage|p1a: Garchomp|336\/358|[from] Stealth Rock
|turn|13
|leave|Lef Deppard
|
|move|p2a: Bisharp|Sucker Punch|p1a: Garchomp
|-fail|p1a: Garchomp
|move|p1a: Garchomp|Stealth Rock|p2a: Bisharp
|-sidestart|p2: Hunter42000|move: Stealth Rock
|
|-damage|p2a: Bisharp|23\/291 brn|[from] brn
|turn|14
|
|move|p1a: Garchomp|Swords Dance|p1a: Garchomp
|-boost|p1a: Garchomp|atk|2
|move|p2a: Bisharp|Knock Off|p1a: Garchomp
|-damage|p1a: Garchomp|153\/358
|-damage|p2a: Bisharp|0 fnt|[from] ability: Rough Skin|[of] p1a: Garchomp
|faint|p2a: Bisharp
|
|
|switch|p2a: Raikou|Raikou|204\/321
|-damage|p2a: Raikou|164\/321|[from] Stealth Rock
|-ability|p2a: Raikou|Pressure
|turn|15
|
|move|p2a: Raikou|Hidden Power|p1a: Garchomp
|-supereffective|p1a: Garchomp
|-damage|p1a: Garchomp|0 fnt
|faint|p1a: Garchomp
|
|
|switch|p1a: Latios|Latios, M|264\/301
|-damage|p1a: Latios|227\/301|[from] Stealth Rock
|turn|16
|
|move|p2a: Raikou|Hidden Power|p1a: Latios
|-supereffective|p1a: Latios
|-damage|p1a: Latios|53\/301
|move|p1a: Latios|Roost|p1a: Latios
|-heal|p1a: Latios|204\/301
|
|turn|17
|
|move|p2a: Raikou|Hidden Power|p1a: Latios
|-supereffective|p1a: Latios
|-damage|p1a: Latios|28\/301
|move|p1a: Latios|Psyshock|p2a: Raikou
|-damage|p2a: Raikou|0 fnt
|-damage|p1a: Latios|0 fnt|[from] item: Life Orb
|faint|p2a: Raikou
|faint|p1a: Latios
|
|-message|Mob Barley forfeited.
|
|win|Hunter42000
|raw|Ladder updating...
|leave|Mob Barley
|player|p1
|raw|Mob Barley's rating: 1848 &rarr; <strong>1825<\/strong><br \/>(-23 for losing)
|raw|Hunter42000's rating: 1789 &rarr; <strong>1812<\/strong><br \/>(+23 for winning)
|leave|Hunter42000
|player|p2
|leave|IamChow