|join|Hunter42000
|join|LT5Z JohnYiu
|player|p1|Hunter42000|34
|player|p2|LT5Z JohnYiu|20
|gametype|singles
|gen|6
|tier|OU
|rated
|clearpoke
|poke|p1|Pinsir, M
|poke|p1|Raikou
|poke|p1|Infernape, M
|poke|p1|Staraptor, M
|poke|p1|Crawdaunt, M
|poke|p1|Talonflame, M
|poke|p2|Mew
|poke|p2|Keldeo
|poke|p2|Heatran, M
|poke|p2|Ferrothorn, M
|poke|p2|Gardevoir, F, shiny
|poke|p2|Landorus-Therian, M
|rule|Swagger Clause: Swagger is banned
|rule|Baton Pass Clause: Limit one PokÃ©mon knowing Baton Pass
|rule|Sleep Clause Mod: Limit one foe put to sleep
|rule|Species Clause: Limit one of each PokÃ©mon
|rule|OHKO Clause: OHKO moves are banned
|rule|Moody Clause: Moody is banned
|rule|Evasion Moves Clause: Evasion moves are banned
|rule|Endless Battle Clause: Forcing endless battles is banned
|rule|HP Percentage Mod: HP is shown in percentages
|teampreview
|
|start
|switch|p1a: Leverage|Infernape, M|293\/293
|switch|p2a: Landorus-Therian|Landorus-Therian, M|320\/320
|-ability|p2a: Landorus-Therian|Intimidate|[of] p1a: Leverage
|-unboost|p1a: Leverage|atk|1
|turn|1
|
|move|p2a: Landorus-Therian|Stone Edge|p1a: Leverage
|-damage|p1a: Leverage|121\/293
|move|p1a: Leverage|Stealth Rock|p2a: Landorus-Therian
|-sidestart|p2: LT5Z JohnYiu|move: Stealth Rock
|
|turn|2
|
|move|p2a: Landorus-Therian|Stone Edge|p1a: Leverage|[miss]
|-miss|p2a: Landorus-Therian|p1a: Leverage
|move|p1a: Leverage|Overheat|p2a: Landorus-Therian
|-damage|p2a: Landorus-Therian|118\/320
|-unboost|p1a: Leverage|spa|2
|
|turn|3
|
|move|p2a: Landorus-Therian|Stone Edge|p1a: Leverage
|-damage|p1a: Leverage|0 fnt
|faint|p1a: Leverage
|
|
|switch|p1a: Pinchy|Crawdaunt, M|275\/275
|turn|4
|
|switch|p2a: Keldeo|Keldeo|323\/323
|-damage|p2a: Keldeo|303\/323|[from] Stealth Rock
|move|p1a: Pinchy|Aqua Jet|p2a: Keldeo
|-resisted|p2a: Keldeo
|-damage|p2a: Keldeo|234\/323
|-damage|p1a: Pinchy|248\/275|[from] item: Life Orb
|
|turn|5
|
|switch|p1a: Def Leppard|Raikou|321\/321
|-ability|p1a: Def Leppard|Pressure
|move|p2a: Keldeo|Secret Sword|p1a: Def Leppard
|-damage|p1a: Def Leppard|39\/321
|
|turn|6
|
|switch|p2a: Landorus-Therian|Landorus-Therian, M|118\/320
|-damage|p2a: Landorus-Therian|78\/320|[from] Stealth Rock
|-ability|p2a: Landorus-Therian|Intimidate|[of] p1a: Def Leppard
|-unboost|p1a: Def Leppard|atk|1
|move|p1a: Def Leppard|Volt Switch|p2a: Landorus-Therian
|-immune|p2a: Landorus-Therian|[msg]
|
|turn|7
|
|move|p2a: Landorus-Therian|U-turn|p1a: Def Leppard
|-crit|p1a: Def Leppard
|-damage|p1a: Def Leppard|0 fnt
|faint|p1a: Def Leppard
|
|switch|p2a: Heatran|Heatran, M|385\/385
|-damage|p2a: Heatran|337\/385|[from] Stealth Rock
|
|-heal|p2a: Heatran|361\/385|[from] item: Leftovers
|
|switch|p1a: Pinchy|Crawdaunt, M|248\/275
|turn|8
|
|move|p2a: Heatran|Stealth Rock|p1a: Pinchy
|-sidestart|p1: Hunter42000|move: Stealth Rock
|move|p1a: Pinchy|Knock Off|p2a: Heatran
|-damage|p2a: Heatran|49\/385
|-enditem|p2a: Heatran|Leftovers|[from] move: Knock Off|[of] p1a: Pinchy
|-damage|p1a: Pinchy|221\/275|[from] item: Life Orb
|
|turn|9
|
|move|p2a: Heatran|Toxic|p1a: Pinchy
|-status|p1a: Pinchy|tox
|move|p1a: Pinchy|Swords Dance|p1a: Pinchy
|-boost|p1a: Pinchy|atk|2
|
|-damage|p1a: Pinchy|204\/275 tox|[from] psn
|turn|10
|
|move|p1a: Pinchy|Swords Dance|p1a: Pinchy
|-boost|p1a: Pinchy|atk|2
|move|p2a: Heatran|Roar|p1a: Pinchy
|drag|p1a: Gamma Ray|Talonflame, M|297\/297
|-damage|p1a: Gamma Ray|149\/297|[from] Stealth Rock
|
|turn|11
|
|move|p1a: Gamma Ray|Roost|p1a: Gamma Ray
|-heal|p1a: Gamma Ray|297\/297
|move|p2a: Heatran|Toxic|p1a: Gamma Ray
|-status|p1a: Gamma Ray|tox
|
|-damage|p1a: Gamma Ray|279\/297 tox|[from] psn
|turn|12
|
|move|p1a: Gamma Ray|Brave Bird|p2a: Heatran
|-resisted|p2a: Heatran
|-damage|p2a: Heatran|0 fnt
|-damage|p1a: Gamma Ray|263\/297 tox|[from] recoil|[of] p2a: Heatran
|faint|p2a: Heatran
|
|-damage|p1a: Gamma Ray|227\/297 tox|[from] psn
|
|switch|p2a: Gardevoir|Gardevoir, F, shiny|277\/277
|-damage|p2a: Gardevoir|243\/277|[from] Stealth Rock
|-ability|p2a: Gardevoir|Gale Wings|[from] ability: Trace|[of] p1a: Gamma Ray
|turn|13
|
|detailschange|p2a: Gardevoir|Gardevoir-Mega, F, shiny
|message|Gardevoir has Mega Evolved into Mega Gardevoir!
|move|p1a: Gamma Ray|Brave Bird|p2a: Gardevoir
|-damage|p2a: Gardevoir|0 fnt
|-damage|p1a: Gamma Ray|147\/297 tox|[from] recoil|[of] p2a: Gardevoir
|faint|p2a: Gardevoir
|
|-damage|p1a: Gamma Ray|93\/297 tox|[from] psn
|
|switch|p2a: Mew|Mew|404\/404
|-damage|p2a: Mew|354\/404|[from] Stealth Rock
|turn|14
|
|move|p1a: Gamma Ray|Roost|p1a: Gamma Ray
|-heal|p1a: Gamma Ray|242\/297 tox
|move|p2a: Mew|Roost|p2a: Mew
|-heal|p2a: Mew|404\/404
|
|-damage|p1a: Gamma Ray|170\/297 tox|[from] psn
|turn|15
|
|move|p1a: Gamma Ray|Swords Dance|p1a: Gamma Ray
|-boost|p1a: Gamma Ray|atk|2
|move|p2a: Mew|Roost|p2a: Mew
|-fail|p2a: Mew
|
|-damage|p1a: Gamma Ray|80\/297 tox|[from] psn
|turn|16
|
|switch|p2a: Landorus-Therian|Landorus-Therian, M|78\/320
|-damage|p2a: Landorus-Therian|38\/320|[from] Stealth Rock
|-ability|p2a: Landorus-Therian|Intimidate|[of] p1a: Gamma Ray
|-unboost|p1a: Gamma Ray|atk|1
|move|p1a: Gamma Ray|Brave Bird|p2a: Landorus-Therian
|-damage|p2a: Landorus-Therian|0 fnt
|-damage|p1a: Gamma Ray|67\/297 tox|[from] recoil|[of] p2a: Landorus-Therian
|faint|p2a: Landorus-Therian
|
|-damage|p1a: Gamma Ray|0 fnt|[from] psn
|faint|p1a: Gamma Ray
|
|switch|p1a: Carcass|Staraptor, M|323\/323
|-damage|p1a: Carcass|243\/323|[from] Stealth Rock
|switch|p2a: Ferrothorn|Ferrothorn, M|352\/352
|-damage|p2a: Ferrothorn|330\/352|[from] Stealth Rock
|turn|17
|
|move|p1a: Carcass|U-turn|p2a: Ferrothorn
|-damage|p2a: Ferrothorn|263\/352
|-damage|p1a: Carcass|203\/323|[from] ability: Iron Barbs|[of] p2a: Ferrothorn
|
|switch|p1a: Beetle Juice|Pinsir, M|271\/271
|-damage|p1a: Beetle Juice|204\/271|[from] Stealth Rock
|move|p2a: Ferrothorn|Gyro Ball|p1a: Beetle Juice
|-damage|p1a: Beetle Juice|30\/271
|
|-heal|p2a: Ferrothorn|285\/352|[from] item: Leftovers
|turn|18
|
|detailschange|p1a: Beetle Juice|Pinsir-Mega, M
|message|Pinsir has Mega Evolved into Mega Pinsir!
|move|p2a: Ferrothorn|Protect|p2a: Ferrothorn
|-singleturn|p2a: Ferrothorn|Protect
|move|p1a: Beetle Juice|Close Combat|p2a: Ferrothorn
|-activate|p2a: Ferrothorn|Protect
|
|-heal|p2a: Ferrothorn|307\/352|[from] item: Leftovers
|turn|19
|
|move|p1a: Beetle Juice|Close Combat|p2a: Ferrothorn
|-supereffective|p2a: Ferrothorn
|-damage|p2a: Ferrothorn|61\/352
|-damage|p1a: Beetle Juice|0 fnt|[from] ability: Iron Barbs|[of] p2a: Ferrothorn
|faint|p1a: Beetle Juice
|move|p2a: Ferrothorn|Spikes|p1: Beetle Juice
|-sidestart|p1: Hunter42000|Spikes
|
|-heal|p2a: Ferrothorn|83\/352|[from] item: Leftovers
|
|switch|p1a: Carcass|Staraptor, M|203\/323
|-damage|p1a: Carcass|123\/323|[from] Stealth Rock
|turn|20
|
|move|p2a: Ferrothorn|Protect|p2a: Ferrothorn
|-singleturn|p2a: Ferrothorn|Protect
|move|p1a: Carcass|Brave Bird|p2a: Ferrothorn
|-activate|p2a: Ferrothorn|Protect
|
|-heal|p2a: Ferrothorn|105\/352|[from] item: Leftovers
|turn|21
|
|move|p1a: Carcass|Brave Bird|p2a: Ferrothorn
|-damage|p2a: Ferrothorn|0 fnt
|-damage|p1a: Carcass|83\/323|[from] ability: Iron Barbs|[of] p2a: Ferrothorn
|-damage|p1a: Carcass|48\/323|[from] recoil|[of] p2a: Ferrothorn
|faint|p2a: Ferrothorn
|
|
|switch|p2a: Mew|Mew|404\/404
|-damage|p2a: Mew|354\/404|[from] Stealth Rock
|turn|22
|
|move|p1a: Carcass|Brave Bird|p2a: Mew
|-damage|p2a: Mew|90\/404
|-damage|p1a: Carcass|0 fnt|[from] recoil|[of] p2a: Mew
|faint|p1a: Carcass
|move|p2a: Mew|Roost|p2a: Mew
|-heal|p2a: Mew|292\/404
|
|-heal|p2a: Mew|317\/404|[from] item: Leftovers
|
|switch|p1a: Pinchy|Crawdaunt, M|204\/275 tox
|-damage|p1a: Pinchy|170\/275 tox|[from] Spikes
|-damage|p1a: Pinchy|136\/275 tox|[from] Stealth Rock
|turn|23
|
|move|p2a: Mew|Taunt|p1a: Pinchy
|-start|p1a: Pinchy|move: Taunt
|cant|p1a: Pinchy|move: Taunt|Swords Dance
|
|-heal|p2a: Mew|342\/404|[from] item: Leftovers
|-damage|p1a: Pinchy|119\/275 tox|[from] psn
|turn|24
|-message|Hunter42000 forfeited.
|
|win|LT5Z JohnYiu
|raw|Ladder updating...
|leave|Hunter42000
|player|p1
|raw|Hunter42000's rating: 1841 &rarr; <strong>1817<\/strong><br \/>(-24 for losing)
|raw|LT5Z JohnYiu's rating: 1766 &rarr; <strong>1790<\/strong><br \/>(+24 for winning)