|join|Hunter42000
|join|lt4a trickzio
|player|p1|Hunter42000|34
|player|p2|lt4a trickzio|281
|gametype|singles
|gen|6
|tier|OU
|rated
|clearpoke
|poke|p1|Azumarill, F
|poke|p1|Landorus-Therian, M
|poke|p1|Raikou
|poke|p1|Mew
|poke|p1|Heracross, F
|poke|p1|Crawdaunt, F
|poke|p2|Politoed, F
|poke|p2|Kingdra, M
|poke|p2|Seismitoad, F
|poke|p2|Tornadus-Therian, M
|poke|p2|Heracross, F
|poke|p2|Jirachi
|rule|Swagger Clause: Swagger is banned
|rule|Baton Pass Clause: Limit one PokÃ©mon knowing Baton Pass
|rule|Sleep Clause Mod: Limit one foe put to sleep
|rule|Species Clause: Limit one of each PokÃ©mon
|rule|OHKO Clause: OHKO moves are banned
|rule|Moody Clause: Moody is banned
|rule|Evasion Moves Clause: Evasion moves are banned
|rule|Endless Battle Clause: Forcing endless battles is banned
|rule|HP Percentage Mod: HP is shown in percentages
|teampreview
|
|start
|switch|p1a: Mew|Mew|404\/404
|switch|p2a: Politoed|Politoed, F|364\/364
|-weather|RainDance
|turn|1
|
|switch|p2a: Seismitoad|Seismitoad, F|409\/409
|move|p1a: Mew|Stealth Rock|p2a: Seismitoad
|-sidestart|p2: lt4a trickzio|move: Stealth Rock
|
|-weather|RainDance|[upkeep]
|turn|2
|join|fingerscrossed
|join|Alvok
|
|move|p2a: Seismitoad|Stealth Rock|p1a: Mew
|-sidestart|p1: Hunter42000|move: Stealth Rock
|move|p1a: Mew|Tailwind|p1a: Mew
|-sidestart|p1: Hunter42000|move: Tailwind
|
|-weather|RainDance|[upkeep]
|turn|3
|join|yarragimi ye
|
|move|p1a: Mew|Explosion|p2a: Seismitoad
|-enditem|p1a: Mew|Normal Gem|[from] gem|[move] Explosion
|-damage|p2a: Seismitoad|11\/409
|faint|p1a: Mew
|move|p2a: Seismitoad|Hydro Pump|p1: Mew|[notarget]
|-notarget
|
|-weather|RainDance|[upkeep]
|
|switch|p1a: Heracross|Heracross, F|307\/307
|-damage|p1a: Heracross|269\/307|[from] Stealth Rock
|turn|4
|
|move|p1a: Heracross|Pin Missile|p2a: Seismitoad
|-damage|p2a: Seismitoad|0 fnt
|-hitcount|p2a: Seismitoad|1
|faint|p2a: Seismitoad
|-boost|p1a: Heracross|atk|1|[from] ability: Moxie
|
|-weather|RainDance|[upkeep]
|
|switch|p2a: Tornadus-Therian|Tornadus-Therian, M|332\/332
|-damage|p2a: Tornadus-Therian|249\/332|[from] Stealth Rock
|turn|5
|
|switch|p2a: Jirachi|Jirachi|404\/404
|-damage|p2a: Jirachi|379\/404|[from] Stealth Rock
|detailschange|p1a: Heracross|Heracross-Mega, F
|message|Heracross has Mega Evolved into Mega Heracross!
|move|p1a: Heracross|Rock Blast|p2a: Jirachi|[miss]
|-miss|p1a: Heracross|p2a: Jirachi
|
|-weather|RainDance|[upkeep]
|-heal|p2a: Jirachi|404\/404|[from] item: Leftovers
|-sideend|p1: Hunter42000|move: Tailwind
|turn|6
|
|switch|p2a: Tornadus-Therian|Tornadus-Therian, M|332\/332
|-damage|p2a: Tornadus-Therian|249\/332|[from] Stealth Rock
|move|p1a: Heracross|Pin Missile|p2a: Tornadus-Therian
|-resisted|p2a: Tornadus-Therian
|-damage|p2a: Tornadus-Therian|194\/332
|-resisted|p2a: Tornadus-Therian
|-damage|p2a: Tornadus-Therian|138\/332
|-resisted|p2a: Tornadus-Therian
|-damage|p2a: Tornadus-Therian|84\/332
|-resisted|p2a: Tornadus-Therian
|-damage|p2a: Tornadus-Therian|30\/332
|-resisted|p2a: Tornadus-Therian
|-damage|p2a: Tornadus-Therian|0 fnt
|-hitcount|p2a: Tornadus-Therian|5
|faint|p2a: Tornadus-Therian
|
|-weather|RainDance|[upkeep]
|c|âlt4a trickzio|why does that ko
|join|Alldaalts
|c|âlt4a trickzio|fuck me
|
|switch|p2a: Kingdra|Kingdra, M|298\/298
|-damage|p2a: Kingdra|261\/298|[from] Stealth Rock
|turn|7
|c|âlt4a trickzio|oh moxie boost
|c|âlt4a trickzio|why am i playing so bad
|
|switch|p1a: Landorus-Therian|Landorus-Therian, M|339\/339
|-damage|p1a: Landorus-Therian|297\/339|[from] Stealth Rock
|-ability|p1a: Landorus-Therian|Intimidate|[of] p2a: Kingdra
|-unboost|p2a: Kingdra|atk|1
|move|p2a: Kingdra|Hydro Pump|p1a: Landorus-Therian
|-supereffective|p1a: Landorus-Therian
|-damage|p1a: Landorus-Therian|0 fnt
|faint|p1a: Landorus-Therian
|
|-weather|RainDance|[upkeep]
|
|switch|p1a: Azumarill|Azumarill, F|383\/383
|-damage|p1a: Azumarill|336\/383|[from] Stealth Rock
|turn|8
|
|switch|p2a: Jirachi|Jirachi|404\/404
|-damage|p2a: Jirachi|379\/404|[from] Stealth Rock
|move|p1a: Azumarill|Play Rough|p2a: Jirachi
|-crit|p2a: Jirachi
|-resisted|p2a: Jirachi
|-damage|p2a: Jirachi|223\/404
|
|-weather|none
|-heal|p2a: Jirachi|248\/404|[from] item: Leftovers
|turn|9
|
|switch|p2a: Politoed|Politoed, F|364\/364
|-damage|p2a: Politoed|319\/364|[from] Stealth Rock
|-weather|RainDance
|switch|p1a: Raikou|Raikou|321\/321
|-damage|p1a: Raikou|281\/321|[from] Stealth Rock
|-ability|p1a: Raikou|Pressure
|
|-weather|RainDance|[upkeep]
|turn|10
|join|daftmau5
|
|switch|p2a: Heracross|Heracross, F|311\/311
|-damage|p2a: Heracross|273\/311|[from] Stealth Rock
|move|p1a: Raikou|Thunderbolt|p2a: Heracross
|-damage|p2a: Heracross|47\/311
|
|-weather|RainDance|[upkeep]
|turn|11
|
|detailschange|p2a: Heracross|Heracross-Mega, F
|message|Heracross has Mega Evolved into Mega Heracross!
|move|p1a: Raikou|Thunderbolt|p2a: Heracross
|-damage|p2a: Heracross|0 fnt
|faint|p2a: Heracross
|
|-weather|RainDance|[upkeep]
|
|switch|p2a: Kingdra|Kingdra, M|261\/298
|-damage|p2a: Kingdra|224\/298|[from] Stealth Rock
|turn|12
|
|switch|p1a: Crawdaunt|Crawdaunt, F|273\/273
|-damage|p1a: Crawdaunt|239\/273|[from] Stealth Rock
|move|p2a: Kingdra|Scald|p1a: Crawdaunt
|-resisted|p1a: Crawdaunt
|-damage|p1a: Crawdaunt|30\/273
|
|-weather|RainDance|[upkeep]
|turn|13
|
|move|p1a: Crawdaunt|Aqua Jet|p2a: Kingdra
|-resisted|p2a: Kingdra
|-damage|p2a: Kingdra|175\/298
|-damage|p1a: Crawdaunt|3\/273|[from] item: Life Orb
|move|p2a: Kingdra|Scald|p1a: Crawdaunt
|-resisted|p1a: Crawdaunt
|-damage|p1a: Crawdaunt|0 fnt
|faint|p1a: Crawdaunt
|
|-weather|RainDance|[upkeep]
|
|switch|p1a: Azumarill|Azumarill, F|336\/383
|-damage|p1a: Azumarill|289\/383|[from] Stealth Rock
|turn|14
|
|switch|p2a: Jirachi|Jirachi|248\/404
|-damage|p2a: Jirachi|223\/404|[from] Stealth Rock
|move|p1a: Azumarill|Play Rough|p2a: Jirachi|[miss]
|-miss|p1a: Azumarill|p2a: Jirachi
|
|-weather|RainDance|[upkeep]
|-heal|p2a: Jirachi|248\/404|[from] item: Leftovers
|turn|15
|
|switch|p2a: Kingdra|Kingdra, M|175\/298
|-damage|p2a: Kingdra|138\/298|[from] Stealth Rock
|switch|p1a: Raikou|Raikou|281\/321
|-damage|p1a: Raikou|241\/321|[from] Stealth Rock
|-ability|p1a: Raikou|Pressure
|
|-weather|RainDance|[upkeep]
|turn|16
|
|switch|p1a: Heracross|Heracross-Mega, F|269\/307
|-damage|p1a: Heracross|231\/307|[from] Stealth Rock
|move|p2a: Kingdra|Scald|p1a: Heracross
|-damage|p1a: Heracross|0 fnt
|faint|p1a: Heracross
|
|-weather|none
|
|switch|p1a: Azumarill|Azumarill, F|289\/383
|-damage|p1a: Azumarill|242\/383|[from] Stealth Rock
|turn|17
|
|switch|p2a: Politoed|Politoed, F|319\/364
|-damage|p2a: Politoed|274\/364|[from] Stealth Rock
|-weather|RainDance
|move|p1a: Azumarill|Play Rough|p2a: Politoed
|-damage|p2a: Politoed|39\/364
|
|-weather|RainDance|[upkeep]
|turn|18
|
|move|p1a: Azumarill|Aqua Jet|p2a: Politoed
|-resisted|p2a: Politoed
|-damage|p2a: Politoed|0 fnt
|faint|p2a: Politoed
|
|-weather|RainDance|[upkeep]
|
|switch|p2a: Jirachi|Jirachi|248\/404
|-damage|p2a: Jirachi|223\/404|[from] Stealth Rock
|turn|19
|c|âHunter42000|decisive turn lol
|
|move|p1a: Azumarill|Aqua Jet|p2a: Jirachi
|-damage|p2a: Jirachi|84\/404
|move|p2a: Jirachi|Iron Head|p1a: Azumarill
|-damage|p1a: Azumarill|127\/383
|
|-weather|RainDance|[upkeep]
|-heal|p2a: Jirachi|109\/404|[from] item: Leftovers
|turn|20
|join|Lukus
|
|move|p1a: Azumarill|Aqua Jet|p2a: Jirachi
|-damage|p2a: Jirachi|0 fnt
|faint|p2a: Jirachi
|
|-weather|RainDance|[upkeep]
|
|switch|p2a: Kingdra|Kingdra, M|138\/298
|-damage|p2a: Kingdra|101\/298|[from] Stealth Rock
|turn|21
|join|Mentalist Swag
|join|Dallaren
|
|move|p2a: Kingdra|Hydro Pump|p1a: Azumarill
|-resisted|p1a: Azumarill
|-damage|p1a: Azumarill|0 fnt
|faint|p1a: Azumarill
|
|-weather|RainDance|[upkeep]
|leave|Dallaren
|c| daftmau5|yum
|
|switch|p1a: Raikou|Raikou|241\/321
|-damage|p1a: Raikou|201\/321|[from] Stealth Rock
|-ability|p1a: Raikou|Pressure
|turn|22
|
|move|p2a: Kingdra|Hydro Pump|p1a: Raikou
|-damage|p1a: Raikou|0 fnt
|faint|p1a: Raikou
|
|win|lt4a trickzio
|raw|Ladder updating...
|raw|Hunter42000's rating: 1823 &rarr; <strong>1798<\/strong><br \/>(-25 for losing)
|raw|lt4a trickzio's rating: 1730 &rarr; <strong>1755<\/strong><br \/>(+25 for winning)
|c|âlt4a trickzio|gg
|leave|lt4a trickzio
|player|p2
|c|âHunter42000|gg
|leave|Hunter42000
|player|p1
|leave|daftmau5
|leave|Alvok
|leave|yarragimi ye
|join|bluri
|leave|Mentalist Swag
|join|Mentalist Swag
|leave|bluri
|leave|Mentalist Swag
|join|yarragimi ye
|leave|yarragimi ye
|join|Cienight
|leave|Cienight
|leave|Lukus