|join|Mistakess
|join|Hunter42000
|player|p1|Mistakess|249
|player|p2|Hunter42000|34
|gametype|singles
|gen|6
|tier|OU
|rated
|clearpoke
|poke|p1|Greninja, M, shiny
|poke|p1|Latios, M
|poke|p1|Infernape, F
|poke|p1|Dragonite, M
|poke|p1|Azumarill, F, shiny
|poke|p1|Scizor, F
|poke|p2|Azumarill, M
|poke|p2|Landorus-Therian, M
|poke|p2|Raikou
|poke|p2|Mew
|poke|p2|Heracross, M
|poke|p2|Crawdaunt, M
|rule|Swagger Clause: Swagger is banned
|rule|Baton Pass Clause: Limit one PokÃ©mon knowing Baton Pass
|rule|Sleep Clause Mod: Limit one foe put to sleep
|rule|Species Clause: Limit one of each PokÃ©mon
|rule|OHKO Clause: OHKO moves are banned
|rule|Moody Clause: Moody is banned
|rule|Evasion Moves Clause: Evasion moves are banned
|rule|Endless Battle Clause: Forcing endless battles is banned
|rule|HP Percentage Mod: HP is shown in percentages
|teampreview
|
|start
|switch|p1a: Infernape|Infernape, F|293\/293
|switch|p2a: Mew|Mew|404\/404
|turn|1
|
|move|p1a: Infernape|Stealth Rock|p2a: Mew
|-sidestart|p2: Hunter42000|move: Stealth Rock
|move|p2a: Mew|Stealth Rock|p1a: Infernape
|-sidestart|p1: Mistakess|move: Stealth Rock
|
|turn|2
|
|move|p1a: Infernape|Fire Blast|p2a: Mew
|-damage|p2a: Mew|232\/404
|move|p2a: Mew|Tailwind|p2a: Mew
|-sidestart|p2: Hunter42000|move: Tailwind
|
|turn|3
|
|move|p2a: Mew|Knock Off|p1a: Infernape
|-resisted|p1a: Infernape
|-damage|p1a: Infernape|232\/293
|-enditem|p1a: Infernape|Focus Sash|[from] move: Knock Off|[of] p2a: Mew
|move|p1a: Infernape|Fire Blast|p2a: Mew|[miss]
|-miss|p1a: Infernape|p2a: Mew
|
|turn|4
|
|move|p2a: Mew|Explosion|p1a: Infernape
|-enditem|p2a: Mew|Normal Gem|[from] gem|[move] Explosion
|-damage|p1a: Infernape|0 fnt
|faint|p2a: Mew
|faint|p1a: Infernape
|
|
|switch|p2a: Raikou|Raikou|321\/321
|-damage|p2a: Raikou|281\/321|[from] Stealth Rock
|switch|p1a: Scizor|Scizor, F|331\/331
|-damage|p1a: Scizor|290\/331|[from] Stealth Rock
|-ability|p2a: Raikou|Pressure
|turn|5
|
|switch|p1a: Latios|Latios, M|301\/301
|-damage|p1a: Latios|264\/301|[from] Stealth Rock
|move|p2a: Raikou|Thunderbolt|p1a: Latios
|-resisted|p1a: Latios
|-damage|p1a: Latios|143\/301
|
|-sideend|p2: Hunter42000|move: Tailwind
|turn|6
|
|switch|p2a: Crawdaunt|Crawdaunt, M|273\/273
|-damage|p2a: Crawdaunt|239\/273|[from] Stealth Rock
|move|p1a: Latios|Earthquake|p2a: Crawdaunt
|-damage|p2a: Crawdaunt|103\/273
|-damage|p1a: Latios|113\/301|[from] item: Life Orb
|
|turn|7
|
|move|p2a: Crawdaunt|Aqua Jet|p1a: Latios
|-resisted|p1a: Latios
|-damage|p1a: Latios|39\/301
|-damage|p2a: Crawdaunt|76\/273|[from] item: Life Orb
|move|p1a: Latios|Earthquake|p2a: Crawdaunt
|-damage|p2a: Crawdaunt|0 fnt
|-damage|p1a: Latios|9\/301|[from] item: Life Orb
|faint|p2a: Crawdaunt
|
|
|switch|p2a: Landorus-Therian|Landorus-Therian, M|339\/339
|-damage|p2a: Landorus-Therian|297\/339|[from] Stealth Rock
|-ability|p2a: Landorus-Therian|Intimidate|[of] p1a: Latios
|-unboost|p1a: Latios|atk|1
|turn|8
|
|move|p2a: Landorus-Therian|U-turn|p1a: Latios
|-supereffective|p1a: Latios
|-damage|p1a: Latios|0 fnt
|faint|p1a: Latios
|
|switch|p2a: Raikou|Raikou|281\/321
|-damage|p2a: Raikou|241\/321|[from] Stealth Rock
|-ability|p2a: Raikou|Pressure
|
|
|switch|p1a: Scizor|Scizor, F|290\/331
|-damage|p1a: Scizor|249\/331|[from] Stealth Rock
|turn|9
|
|detailschange|p1a: Scizor|Scizor-Mega, F
|message|Scizor has Mega Evolved into Mega Scizor!
|move|p2a: Raikou|Thunderbolt|p1a: Scizor
|-damage|p1a: Scizor|35\/331
|move|p1a: Scizor|U-turn|p2a: Raikou
|-damage|p2a: Raikou|60\/321
|
|switch|p1a: Dragonite|Dragonite, M|323\/323
|-damage|p1a: Dragonite|243\/323|[from] Stealth Rock
|
|turn|10
|
|move|p1a: Dragonite|Extreme Speed|p2a: Raikou
|-damage|p2a: Raikou|0 fnt
|-damage|p1a: Dragonite|211\/323|[from] item: Life Orb
|faint|p2a: Raikou
|
|
|switch|p2a: Azumarill|Azumarill, M|383\/383
|-damage|p2a: Azumarill|336\/383|[from] Stealth Rock
|turn|11
|
|move|p1a: Dragonite|Extreme Speed|p2a: Azumarill
|-damage|p2a: Azumarill|175\/383
|-damage|p1a: Dragonite|179\/323|[from] item: Life Orb
|move|p2a: Azumarill|Play Rough|p1a: Dragonite
|-supereffective|p1a: Dragonite
|-damage|p1a: Dragonite|0 fnt
|faint|p1a: Dragonite
|
|
|switch|p1a: Scizor|Scizor-Mega, F|35\/331
|-damage|p1a: Scizor|0 fnt|[from] Stealth Rock
|faint|p1a: Scizor
|
|switch|p1a: Azumarill|Azumarill, F, shiny|403\/403
|-damage|p1a: Azumarill|353\/403|[from] Stealth Rock
|turn|12
|
|move|p2a: Azumarill|Play Rough|p1a: Azumarill
|-crit|p1a: Azumarill
|-damage|p1a: Azumarill|0 fnt
|faint|p1a: Azumarill
|
|
|switch|p1a: Greninja|Greninja, M, shiny|285\/285
|-damage|p1a: Greninja|250\/285|[from] Stealth Rock
|turn|13
|
|move|p1a: Greninja|Extrasensory|p2a: Azumarill
|-start|p1a: Greninja|typechange|Psychic|[from] Protean
|-damage|p2a: Azumarill|0 fnt
|-damage|p1a: Greninja|222\/285|[from] item: Life Orb
|faint|p2a: Azumarill
|
|
|switch|p2a: Landorus-Therian|Landorus-Therian, M|297\/339
|-damage|p2a: Landorus-Therian|255\/339|[from] Stealth Rock
|-ability|p2a: Landorus-Therian|Intimidate|[of] p1a: Greninja
|-unboost|p1a: Greninja|atk|1
|turn|14
|
|move|p2a: Landorus-Therian|U-turn|p1a: Greninja
|-supereffective|p1a: Greninja
|-damage|p1a: Greninja|0 fnt
|faint|p1a: Greninja
|
|win|Hunter42000
|raw|Ladder updating...
|raw|Mistakess's rating: 1828 &rarr; <strong>1806<\/strong><br \/>(-22 for losing)
|raw|Hunter42000's rating: 1792 &rarr; <strong>1814<\/strong><br \/>(+22 for winning)
|leave|Hunter42000
|player|p2