|join|The Last Hero
|join|Hunter42000
|player|p1|The Last Hero|54
|player|p2|Hunter42000|34
|gametype|singles
|gen|6
|tier|OU
|rated
|clearpoke
|poke|p1|Heracross, M
|poke|p1|Arcanine, M
|poke|p1|Chansey, F, shiny
|poke|p1|Clefable, F
|poke|p1|Slowbro, M
|poke|p1|Skarmory, M
|poke|p2|Azumarill, M
|poke|p2|Landorus-Therian, M
|poke|p2|Raikou
|poke|p2|Mew
|poke|p2|Heracross, M
|poke|p2|Crawdaunt, M
|rule|Swagger Clause: Swagger is banned
|rule|Baton Pass Clause: Limit one PokÃ©mon knowing Baton Pass
|rule|Sleep Clause Mod: Limit one foe put to sleep
|rule|Species Clause: Limit one of each PokÃ©mon
|rule|OHKO Clause: OHKO moves are banned
|rule|Moody Clause: Moody is banned
|rule|Evasion Moves Clause: Evasion moves are banned
|rule|Endless Battle Clause: Forcing endless battles is banned
|rule|HP Percentage Mod: HP is shown in percentages
|teampreview
|
|start
|switch|p1a: Shere Khan|Arcanine, M|383\/383
|switch|p2a: Mew|Mew|404\/404
|-ability|p1a: Shere Khan|Intimidate|[of] p2a: Mew
|-unboost|p2a: Mew|atk|1
|turn|1
|
|move|p2a: Mew|Stealth Rock|p1a: Shere Khan
|-sidestart|p1: The Last Hero|move: Stealth Rock
|move|p1a: Shere Khan|Will-O-Wisp|p2a: Mew
|-status|p2a: Mew|brn
|
|-damage|p2a: Mew|354\/404 brn|[from] brn
|turn|2
|
|move|p2a: Mew|Tailwind|p2a: Mew
|-sidestart|p2: Hunter42000|move: Tailwind
|move|p1a: Shere Khan|Flare Blitz|p2a: Mew
|-damage|p2a: Mew|201\/404 brn
|-damage|p1a: Shere Khan|333\/383|[from] recoil|[of] p2a: Mew
|
|-heal|p1a: Shere Khan|356\/383|[from] item: Leftovers
|-damage|p2a: Mew|151\/404 brn|[from] brn
|turn|3
|
|move|p2a: Mew|Explosion|p1a: Shere Khan
|-enditem|p2a: Mew|Normal Gem|[from] gem|[move] Explosion
|-damage|p1a: Shere Khan|137\/383
|faint|p2a: Mew
|move|p1a: Shere Khan|Morning Sun|p1a: Shere Khan
|-heal|p1a: Shere Khan|328\/383
|
|-heal|p1a: Shere Khan|351\/383|[from] item: Leftovers
|
|switch|p2a: Heracross|Heracross, M|307\/307
|turn|4
|
|switch|p1a: Skarm|Skarmory, M|334\/334
|-damage|p1a: Skarm|293\/334|[from] Stealth Rock
|detailschange|p2a: Heracross|Heracross-Mega, M
|message|Heracross has Mega Evolved into Mega Heracross!
|move|p2a: Heracross|Rock Blast|p1a: Skarm
|-damage|p1a: Skarm|270\/334
|-damage|p1a: Skarm|247\/334
|-damage|p1a: Skarm|222\/334
|-damage|p1a: Skarm|199\/334
|-damage|p1a: Skarm|175\/334
|-hitcount|p1a: Skarm|5
|
|turn|5
|
|move|p2a: Heracross|Close Combat|p1a: Skarm
|-damage|p1a: Skarm|15\/334
|-unboost|p2a: Heracross|def|1
|-unboost|p2a: Heracross|spd|1
|move|p1a: Skarm|Roost|p1a: Skarm
|-heal|p1a: Skarm|182\/334
|
|-sideend|p2: Hunter42000|move: Tailwind
|turn|6
|
|move|p2a: Heracross|Close Combat|p1a: Skarm
|-damage|p1a: Skarm|14\/334
|-unboost|p2a: Heracross|def|1
|-unboost|p2a: Heracross|spd|1
|move|p1a: Skarm|Roost|p1a: Skarm
|-heal|p1a: Skarm|181\/334
|
|turn|7
|
|move|p2a: Heracross|Swords Dance|p2a: Heracross
|-boost|p2a: Heracross|atk|2
|move|p1a: Skarm|Roost|p1a: Skarm
|-heal|p1a: Skarm|334\/334
|
|turn|8
|
|move|p2a: Heracross|Close Combat|p1a: Skarm
|-activate|p1a: Skarm|Sturdy
|-damage|p1a: Skarm|1\/334
|-unboost|p2a: Heracross|def|1
|-unboost|p2a: Heracross|spd|1
|move|p1a: Skarm|Counter|p2a: Heracross
|-damage|p2a: Heracross|0 fnt
|faint|p2a: Heracross
|
|
|switch|p2a: Raikou|Raikou|321\/321
|-ability|p2a: Raikou|Pressure
|turn|9
|
|move|p2a: Raikou|Volt Switch|p1a: Skarm
|-supereffective|p1a: Skarm
|-damage|p1a: Skarm|0 fnt
|faint|p1a: Skarm
|
|switch|p2a: Crawdaunt|Crawdaunt, M|273\/273
|
|
|switch|p1a: Heraboss|Heracross, M|349\/349
|-damage|p1a: Heraboss|306\/349|[from] Stealth Rock
|turn|10
|
|switch|p2a: Landorus-Therian|Landorus-Therian, M|339\/339
|-ability|p2a: Landorus-Therian|Intimidate|[of] p1a: Heraboss
|-unboost|p1a: Heraboss|atk|1
|detailschange|p1a: Heraboss|Heracross-Mega, M
|message|Heracross has Mega Evolved into Mega Heracross!
|move|p1a: Heraboss|Swords Dance|p1a: Heraboss
|-boost|p1a: Heraboss|atk|2
|
|turn|11
|
|move|p2a: Landorus-Therian|Explosion|p1a: Heraboss
|-damage|p1a: Heraboss|24\/349
|faint|p2a: Landorus-Therian
|move|p1a: Heraboss|Rock Blast|p2: Landorus-Therian|[notarget]
|-notarget
|
|
|switch|p2a: Raikou|Raikou|321\/321
|-ability|p2a: Raikou|Pressure
|turn|12
|
|move|p2a: Raikou|Thunderbolt|p1a: Heraboss
|-damage|p1a: Heraboss|0 fnt
|faint|p1a: Heraboss
|
|
|switch|p1a: Shere Khan|Arcanine, M|351\/383
|-damage|p1a: Shere Khan|256\/383|[from] Stealth Rock
|-ability|p1a: Shere Khan|Intimidate|[of] p2a: Raikou
|-unboost|p2a: Raikou|atk|1
|turn|13
|
|move|p2a: Raikou|Thunderbolt|p1a: Shere Khan
|-damage|p1a: Shere Khan|72\/383
|move|p1a: Shere Khan|Morning Sun|p1a: Shere Khan
|-heal|p1a: Shere Khan|263\/383
|
|-heal|p1a: Shere Khan|286\/383|[from] item: Leftovers
|turn|14
|
|switch|p2a: Azumarill|Azumarill, M|383\/383
|move|p1a: Shere Khan|Morning Sun|p1a: Shere Khan
|-heal|p1a: Shere Khan|383\/383
|
|turn|15
|
|move|p1a: Shere Khan|Will-O-Wisp|p2a: Azumarill
|-status|p2a: Azumarill|brn
|move|p2a: Azumarill|Waterfall|p1a: Shere Khan
|-supereffective|p1a: Shere Khan
|-damage|p1a: Shere Khan|183\/383
|
|-heal|p1a: Shere Khan|206\/383|[from] item: Leftovers
|-damage|p2a: Azumarill|336\/383 brn|[from] brn
|turn|16
|
|move|p1a: Shere Khan|Morning Sun|p1a: Shere Khan
|-heal|p1a: Shere Khan|383\/383
|move|p2a: Azumarill|Facade|p1a: Shere Khan
|-damage|p1a: Shere Khan|144\/383
|
|-heal|p1a: Shere Khan|167\/383|[from] item: Leftovers
|-damage|p2a: Azumarill|289\/383 brn|[from] brn
|turn|17
|
|switch|p2a: Crawdaunt|Crawdaunt, M|273\/273
|move|p1a: Shere Khan|Morning Sun|p1a: Shere Khan
|-heal|p1a: Shere Khan|358\/383
|
|-heal|p1a: Shere Khan|381\/383|[from] item: Leftovers
|turn|18
|
|move|p1a: Shere Khan|Will-O-Wisp|p2a: Crawdaunt
|-status|p2a: Crawdaunt|brn
|move|p2a: Crawdaunt|Crabhammer|p1a: Shere Khan
|-supereffective|p1a: Shere Khan
|-damage|p1a: Shere Khan|17\/383
|-damage|p2a: Crawdaunt|246\/273 brn|[from] item: Life Orb
|
|-heal|p1a: Shere Khan|40\/383|[from] item: Leftovers
|-damage|p2a: Crawdaunt|212\/273 brn|[from] brn
|turn|19
|
|move|p1a: Shere Khan|Extreme Speed|p2a: Crawdaunt
|-damage|p2a: Crawdaunt|134\/273 brn
|move|p2a: Crawdaunt|Swords Dance|p2a: Crawdaunt
|-boost|p2a: Crawdaunt|atk|2
|
|-heal|p1a: Shere Khan|63\/383|[from] item: Leftovers
|-damage|p2a: Crawdaunt|100\/273 brn|[from] brn
|turn|20
|
|move|p1a: Shere Khan|Extreme Speed|p2a: Crawdaunt
|-damage|p2a: Crawdaunt|21\/273 brn
|move|p2a: Crawdaunt|Aqua Jet|p1a: Shere Khan
|-supereffective|p1a: Shere Khan
|-damage|p1a: Shere Khan|0 fnt
|-damage|p2a: Crawdaunt|0 fnt|[from] item: Life Orb
|faint|p1a: Shere Khan
|faint|p2a: Crawdaunt
|
|
|switch|p2a: Raikou|Raikou|321\/321
|switch|p1a: Last Chance|Chansey, F, shiny|704\/704
|-damage|p1a: Last Chance|616\/704|[from] Stealth Rock
|-ability|p2a: Raikou|Pressure
|turn|21
|
|move|p2a: Raikou|Volt Switch|p1a: Last Chance
|-damage|p1a: Last Chance|510\/704
|
|switch|p2a: Azumarill|Azumarill, M|289\/383 brn
|move|p1a: Last Chance|Stealth Rock|p2a: Azumarill
|-sidestart|p2: Hunter42000|move: Stealth Rock
|
|-damage|p2a: Azumarill|242\/383 brn|[from] brn
|turn|22
|
|switch|p1a: Slow Pro|Slowbro, M|394\/394
|-damage|p1a: Slow Pro|345\/394|[from] Stealth Rock
|move|p2a: Azumarill|Facade|p1a: Slow Pro
|-damage|p1a: Slow Pro|202\/394
|
|-heal|p1a: Slow Pro|226\/394|[from] item: Leftovers
|-damage|p2a: Azumarill|195\/383 brn|[from] brn
|turn|23
|
|switch|p2a: Raikou|Raikou|321\/321
|-damage|p2a: Raikou|281\/321|[from] Stealth Rock
|-ability|p2a: Raikou|Pressure
|move|p1a: Slow Pro|Psyshock|p2a: Raikou
|-damage|p2a: Raikou|164\/321
|
|-heal|p1a: Slow Pro|250\/394|[from] item: Leftovers
|turn|24
|
|switch|p1a: Last Chance|Chansey, F, shiny|510\/704
|-damage|p1a: Last Chance|422\/704|[from] Stealth Rock
|move|p2a: Raikou|Volt Switch|p1a: Last Chance
|-damage|p1a: Last Chance|308\/704
|
|switch|p2a: Azumarill|Azumarill, M|195\/383 brn
|-damage|p2a: Azumarill|148\/383 brn|[from] Stealth Rock
|
|-damage|p2a: Azumarill|101\/383 brn|[from] brn
|turn|25
|
|switch|p1a: Slow Pro|Slowbro, M|381\/394
|-damage|p1a: Slow Pro|332\/394|[from] Stealth Rock
|move|p2a: Azumarill|Facade|p1a: Slow Pro
|-crit|p1a: Slow Pro
|-damage|p1a: Slow Pro|110\/394
|
|-heal|p1a: Slow Pro|134\/394|[from] item: Leftovers
|-damage|p2a: Azumarill|54\/383 brn|[from] brn
|turn|26
|
|move|p2a: Azumarill|Facade|p1a: Slow Pro
|-damage|p1a: Slow Pro|1\/394
|move|p1a: Slow Pro|Psyshock|p2a: Azumarill
|-damage|p2a: Azumarill|0 fnt
|faint|p2a: Azumarill
|
|-heal|p1a: Slow Pro|25\/394|[from] item: Leftovers
|
|switch|p2a: Raikou|Raikou|164\/321
|-damage|p2a: Raikou|124\/321|[from] Stealth Rock
|-ability|p2a: Raikou|Pressure
|turn|27
|
|move|p2a: Raikou|Thunderbolt|p1a: Slow Pro
|-supereffective|p1a: Slow Pro
|-damage|p1a: Slow Pro|0 fnt
|faint|p1a: Slow Pro
|
|
|switch|p1a: Last Chance|Chansey, F, shiny|308\/704
|-damage|p1a: Last Chance|220\/704|[from] Stealth Rock
|turn|28
|
|move|p2a: Raikou|Thunderbolt|p1a: Last Chance
|-damage|p1a: Last Chance|84\/704
|move|p1a: Last Chance|Soft-Boiled|p1a: Last Chance
|-heal|p1a: Last Chance|436\/704
|
|turn|29
|
|move|p2a: Raikou|Thunderbolt|p1a: Last Chance
|-damage|p1a: Last Chance|292\/704
|move|p1a: Last Chance|Seismic Toss|p2a: Raikou
|-damage|p2a: Raikou|24\/321
|
|turn|30
|
|move|p2a: Raikou|Thunderbolt|p1a: Last Chance
|-damage|p1a: Last Chance|142\/704
|-status|p1a: Last Chance|par
|cant|p1a: Last Chance|par
|
|turn|31
|
|move|p2a: Raikou|Thunderbolt|p1a: Last Chance
|-damage|p1a: Last Chance|3\/704 par
|move|p1a: Last Chance|Seismic Toss|p2a: Raikou
|-damage|p2a: Raikou|0 fnt
|faint|p2a: Raikou
|
|win|The Last Hero
|raw|Ladder updating...
|raw|The Last Hero's rating: 1854 &rarr; <strong>1875<\/strong><br \/>(+21 for winning)
|raw|Hunter42000's rating: 1874 &rarr; <strong>1853<\/strong><br \/>(-21 for losing)