|join|killintime
|join|Hunter42000
|player|p1|killintime|80
|player|p2|Hunter42000|34
|gametype|singles
|gen|6
|tier|OU (suspect test)
|rated
|clearpoke
|poke|p1|Charizard, M
|poke|p1|Kyurem-Black
|poke|p1|Scizor, F
|poke|p1|Chansey, F
|poke|p1|Rotom-Wash
|poke|p1|Talonflame, M
|poke|p2|Metagross
|poke|p2|Keldeo-Resolute
|poke|p2|Landorus-Therian, M
|poke|p2|Latios, M
|poke|p2|Garchomp, F
|poke|p2|Bisharp, F
|rule|Swagger Clause: Swagger is banned
|rule|Baton Pass Clause: Limit one PokÃ©mon knowing Baton Pass
|rule|Sleep Clause Mod: Limit one foe put to sleep
|rule|Species Clause: Limit one of each PokÃ©mon
|rule|OHKO Clause: OHKO moves are banned
|rule|Moody Clause: Moody is banned
|rule|Evasion Moves Clause: Evasion moves are banned
|rule|Endless Battle Clause: Forcing endless battles is banned
|rule|HP Percentage Mod: HP is shown in percentages
|teampreview
|
|start
|switch|p1a: Rotom-Wash|Rotom-Wash|303\/303
|switch|p2a: Garchomp|Garchomp, F|358\/358
|turn|1
|
|move|p1a: Rotom-Wash|Will-O-Wisp|p2a: Garchomp
|-status|p2a: Garchomp|brn
|move|p2a: Garchomp|Stealth Rock|p1a: Rotom-Wash
|-sidestart|p1: killintime|move: Stealth Rock
|
|-damage|p2a: Garchomp|314\/358 brn|[from] brn
|turn|2
|
|switch|p1a: Scizor|Scizor, F|281\/281
|-damage|p1a: Scizor|246\/281|[from] Stealth Rock
|move|p2a: Garchomp|Swords Dance|p2a: Garchomp
|-boost|p2a: Garchomp|atk|2
|
|-damage|p2a: Garchomp|270\/358 brn|[from] brn
|turn|3
|
|move|p2a: Garchomp|Earthquake|p1a: Scizor
|-damage|p1a: Scizor|117\/281
|move|p1a: Scizor|Defog|p2a: Garchomp
|-unboost|p2a: Garchomp|evasion|1
|-sideend|p1: killintime|Stealth Rock|[from] move: Defog|[of] p1a: Scizor
|
|-damage|p2a: Garchomp|226\/358 brn|[from] brn
|turn|4
|
|move|p2a: Garchomp|Stealth Rock|p1a: Scizor
|-sidestart|p1: killintime|move: Stealth Rock
|move|p1a: Scizor|Defog|p2a: Garchomp
|-unboost|p2a: Garchomp|evasion|1
|-sideend|p1: killintime|Stealth Rock|[from] move: Defog|[of] p1a: Scizor
|
|-damage|p2a: Garchomp|182\/358 brn|[from] brn
|turn|5
|
|switch|p1a: Talonflame|Talonflame, M|297\/297
|move|p2a: Garchomp|Earthquake|p1a: Talonflame
|-immune|p1a: Talonflame|[msg]
|
|-damage|p2a: Garchomp|138\/358 brn|[from] brn
|turn|6
|
|move|p1a: Talonflame|Brave Bird|p2a: Garchomp
|-damage|p2a: Garchomp|0 fnt
|-damage|p1a: Talonflame|260\/297|[from] ability: Rough Skin|[of] p2a: Garchomp
|-damage|p1a: Talonflame|214\/297|[from] recoil|[of] p2a: Garchomp
|faint|p2a: Garchomp
|
|c|âkillintime|sorry i really hate rocks =_=
|c|âkillintime|messes with my play style
|
|switch|p2a: Landorus-Therian|Landorus-Therian, M|339\/339
|-ability|p2a: Landorus-Therian|Intimidate|[of] p1a: Talonflame
|-unboost|p1a: Talonflame|atk|1
|turn|7
|
|switch|p1a: Rotom-Wash|Rotom-Wash|303\/303
|move|p2a: Landorus-Therian|U-turn|p1a: Rotom-Wash
|-crit|p1a: Rotom-Wash
|-damage|p1a: Rotom-Wash|206\/303
|
|switch|p2a: Latios|Latios, M|301\/301
|
|turn|8
|
|move|p2a: Latios|Psyshock|p1a: Rotom-Wash
|-damage|p1a: Rotom-Wash|46\/303
|move|p1a: Rotom-Wash|Volt Switch|p2a: Latios
|-resisted|p2a: Latios
|-damage|p2a: Latios|262\/301
|
|switch|p1a: Charizard|Charizard, M|297\/297
|
|turn|9
|
|switch|p2a: Landorus-Therian|Landorus-Therian, M|339\/339
|-ability|p2a: Landorus-Therian|Intimidate|[of] p1a: Charizard
|-unboost|p1a: Charizard|atk|1
|detailschange|p1a: Charizard|Charizard-Mega-X, M
|-mega|p1a: Charizard|Charizard|Charizardite X
|move|p1a: Charizard|Dragon Dance|p1a: Charizard
|-boost|p1a: Charizard|atk|1
|-boost|p1a: Charizard|spe|1
|
|turn|10
|
|switch|p1a: Scizor|Scizor, F|117\/281
|move|p2a: Landorus-Therian|Stone Edge|p1a: Scizor
|-damage|p1a: Scizor|19\/281
|
|turn|11
|
|move|p1a: Scizor|Bullet Punch|p2a: Landorus-Therian
|-crit|p2a: Landorus-Therian
|-damage|p2a: Landorus-Therian|100\/339
|-damage|p1a: Scizor|0 fnt|[from] item: Life Orb
|faint|p1a: Scizor
|move|p2a: Landorus-Therian|Stone Edge|p1: Scizor|[notarget]
|-notarget
|
|
|switch|p1a: Talonflame|Talonflame, M|214\/297
|turn|12
|
|switch|p2a: Bisharp|Bisharp, F|289\/289
|move|p1a: Talonflame|Flare Blitz|p2a: Bisharp
|-crit|p2a: Bisharp
|-supereffective|p2a: Bisharp
|-damage|p2a: Bisharp|0 fnt
|-damage|p1a: Talonflame|119\/297|[from] recoil|[of] p2a: Bisharp
|faint|p2a: Bisharp
|
|
|switch|p2a: Latios|Latios, M|262\/301
|turn|13
|
|switch|p1a: Rotom-Wash|Rotom-Wash|46\/303
|switch|p2a: Landorus-Therian|Landorus-Therian, M|100\/339
|-ability|p2a: Landorus-Therian|Intimidate|[of] p1a: Rotom-Wash
|-unboost|p1a: Rotom-Wash|atk|1
|
|turn|14
|
|move|p2a: Landorus-Therian|U-turn|p1a: Rotom-Wash
|-damage|p1a: Rotom-Wash|0 fnt
|faint|p1a: Rotom-Wash
|
|switch|p2a: Metagross|Metagross|301\/301
|
|
|switch|p1a: Talonflame|Talonflame, M|119\/297
|turn|15
|
|switch|p2a: Landorus-Therian|Landorus-Therian, M|100\/339
|-ability|p2a: Landorus-Therian|Intimidate|[of] p1a: Talonflame
|-unboost|p1a: Talonflame|atk|1
|move|p1a: Talonflame|Brave Bird|p2a: Landorus-Therian
|-damage|p2a: Landorus-Therian|0 fnt
|-damage|p1a: Talonflame|86\/297|[from] recoil|[of] p2a: Landorus-Therian
|faint|p2a: Landorus-Therian
|
|
|switch|p2a: Metagross|Metagross|301\/301
|turn|16
|
|switch|p1a: Kyurem-Black|Kyurem-Black|391\/391
|-ability|p1a: Kyurem-Black|Teravolt
|detailschange|p2a: Metagross|Metagross-Mega
|-mega|p2a: Metagross|Metagross|Metagrossite
|move|p2a: Metagross|Zen Headbutt|p1a: Kyurem-Black
|-damage|p1a: Kyurem-Black|183\/391
|
|turn|17
|
|move|p2a: Metagross|Bullet Punch|p1a: Kyurem-Black
|-supereffective|p1a: Kyurem-Black
|-damage|p1a: Kyurem-Black|0 fnt
|faint|p1a: Kyurem-Black
|
|
|switch|p1a: Charizard|Charizard-Mega-X, M|297\/297
|turn|18
|
|move|p2a: Metagross|Zen Headbutt|p1a: Charizard
|-damage|p1a: Charizard|117\/297
|move|p1a: Charizard|Flare Blitz|p2a: Metagross
|-crit|p2a: Metagross
|-supereffective|p2a: Metagross
|-damage|p2a: Metagross|0 fnt
|-damage|p1a: Charizard|18\/297|[from] recoil|[of] p2a: Metagross
|faint|p2a: Metagross
|
|
|switch|p2a: Keldeo-Resolute|Keldeo-Resolute|335\/335
|turn|19
|
|move|p2a: Keldeo-Resolute|Substitute|p2a: Keldeo-Resolute
|-start|p2a: Keldeo-Resolute|Substitute
|-damage|p2a: Keldeo-Resolute|252\/335
|move|p1a: Charizard|Dragon Claw|p2a: Keldeo-Resolute
|-end|p2a: Keldeo-Resolute|Substitute
|
|-heal|p2a: Keldeo-Resolute|272\/335|[from] item: Leftovers
|turn|20
|
|move|p2a: Keldeo-Resolute|Secret Sword|p1a: Charizard
|-damage|p1a: Charizard|0 fnt
|faint|p1a: Charizard
|
|-heal|p2a: Keldeo-Resolute|292\/335|[from] item: Leftovers
|
|switch|p1a: Talonflame|Talonflame, M|86\/297
|turn|21
|
|switch|p2a: Latios|Latios, M|262\/301
|move|p1a: Talonflame|Roost|p1a: Talonflame
|-heal|p1a: Talonflame|235\/297
|
|turn|22
|
|switch|p1a: Chansey|Chansey, F|642\/642
|move|p2a: Latios|Draco Meteor|p1a: Chansey
|-damage|p1a: Chansey|459\/642
|-unboost|p2a: Latios|spa|2
|
|turn|23
|
|switch|p2a: Keldeo-Resolute|Keldeo-Resolute|292\/335
|switch|p1a: Talonflame|Talonflame, M|235\/297
|
|-heal|p2a: Keldeo-Resolute|312\/335|[from] item: Leftovers
|turn|24
|
|switch|p2a: Latios|Latios, M|262\/301
|move|p1a: Talonflame|Brave Bird|p2a: Latios
|-crit|p2a: Latios
|-damage|p2a: Latios|0 fnt
|-damage|p1a: Talonflame|149\/297|[from] recoil|[of] p2a: Latios
|faint|p2a: Latios
|
|-message|Hunter42000 forfeited.
|
|win|killintime
|raw|Ladder updating...
|leave|Hunter42000
|player|p2
|raw|killintime's rating: 1288 &rarr; <strong>1314<\/strong><br \/>(+26 for winning)
|raw|Hunter42000's rating: 1308 &rarr; <strong>1286<\/strong><br \/>(-22 for losing)