|join|Az228
|join|Super Mario Bros
|player|p1|Az228|1
|player|p2|Super Mario Bros|155
|gametype|singles
|gen|6
|tier|OU
|rated
|clearpoke
|poke|p1|Landorus-Therian, M
|poke|p1|Lopunny, F
|poke|p1|Tentacruel, M
|poke|p1|Bisharp, M
|poke|p1|Blissey, F
|poke|p1|Shaymin
|poke|p2|Serperior, M
|poke|p2|Altaria, M
|poke|p2|Rotom-Wash
|poke|p2|Landorus-Therian, M
|poke|p2|Heatran, F
|poke|p2|Mandibuzz, F
|rule|Swagger Clause: Swagger is banned
|rule|Baton Pass Clause: Limit one PokÃ©mon knowing Baton Pass
|rule|Sleep Clause Mod: Limit one foe put to sleep
|rule|Species Clause: Limit one of each PokÃ©mon
|rule|OHKO Clause: OHKO moves are banned
|rule|Moody Clause: Moody is banned
|rule|Evasion Moves Clause: Evasion moves are banned
|rule|Endless Battle Clause: Forcing endless battles is banned
|rule|HP Percentage Mod: HP is shown in percentages
|teampreview
|
|start
|switch|p1a: Landorus-Therian|Landorus-Therian, M|374\/374
|switch|p2a: Rotom-Wash|Rotom-Wash|304\/304
|-ability|p1a: Landorus-Therian|Intimidate|[of] p2a: Rotom-Wash
|-unboost|p2a: Rotom-Wash|atk|1
|turn|1
|
|move|p1a: Landorus-Therian|U-turn|p2a: Rotom-Wash
|-damage|p2a: Rotom-Wash|232\/304
|
|switch|p1a: Tentacruel|Tentacruel, M|357\/357
|move|p2a: Rotom-Wash|Will-O-Wisp|p1a: Tentacruel
|-status|p1a: Tentacruel|brn
|
|-heal|p2a: Rotom-Wash|251\/304|[from] item: Leftovers
|-damage|p1a: Tentacruel|313\/357 brn|[from] brn
|turn|2
|
|move|p1a: Tentacruel|Knock Off|p2a: Rotom-Wash
|-damage|p2a: Rotom-Wash|229\/304
|-enditem|p2a: Rotom-Wash|Leftovers|[from] move: Knock Off|[of] p1a: Tentacruel
|move|p2a: Rotom-Wash|Volt Switch|p1a: Tentacruel
|-supereffective|p1a: Tentacruel
|-damage|p1a: Tentacruel|157\/357 brn
|
|switch|p2a: Serperior|Serperior, M|291\/291
|
|-heal|p1a: Tentacruel|179\/357 brn|[from] item: Black Sludge
|-damage|p1a: Tentacruel|135\/357 brn|[from] brn
|turn|3
|
|switch|p1a: Blissey|Blissey, F|714\/714
|move|p2a: Serperior|Substitute|p2a: Serperior
|-start|p2a: Serperior|Substitute
|-damage|p2a: Serperior|219\/291
|
|-heal|p2a: Serperior|237\/291|[from] item: Leftovers
|turn|4
|
|move|p2a: Serperior|Leech Seed|p1a: Blissey
|-start|p1a: Blissey|move: Leech Seed
|move|p1a: Blissey|Heal Bell|p1a: Blissey
|-cureteam|p1a: Blissey|[from] move: HealBell
|
|-heal|p2a: Serperior|255\/291|[from] item: Leftovers
|-damage|p1a: Blissey|625\/714|[from] Leech Seed|[of] p2a: Serperior
|-heal|p2a: Serperior|291\/291|[silent]
|turn|5
|
|move|p2a: Serperior|Leaf Storm|p1a: Blissey
|-damage|p1a: Blissey|504\/714
|-boost|p2a: Serperior|spa|2
|move|p1a: Blissey|Seismic Toss|p2a: Serperior
|-end|p2a: Serperior|Substitute
|
|-heal|p1a: Blissey|548\/714|[from] item: Leftovers
|-damage|p1a: Blissey|459\/714|[from] Leech Seed|[of] p2a: Serperior
|turn|6
|-message|Az228 forfeited.
|leave|Az228
|
|win|Super Mario Bros
|raw|Ladder updating...
|player|p1
|raw|Az228's rating: 1065 &rarr; <strong>1049<\/strong><br \/>(-16 for losing)
|raw|Super Mario Bros's rating: 1130 &rarr; <strong>1151<\/strong><br \/>(+21 for winning)