|join|Super Mario Bros
|join|Ox the Box
|player|p1|Super Mario Bros|155
|player|p2|Ox the Box|201
|gametype|singles
|gen|6
|tier|OU
|rated
|clearpoke
|poke|p1|Serperior, F
|poke|p1|Altaria, F
|poke|p1|Slowking, F
|poke|p1|Landorus-Therian, M
|poke|p1|Heatran, M
|poke|p1|Mandibuzz, F
|poke|p2|Metagross
|poke|p2|Latios, M
|poke|p2|Slowbro, F
|poke|p2|Ferrothorn, M
|poke|p2|Clefable, F
|poke|p2|Landorus-Therian, M
|rule|Swagger Clause: Swagger is banned
|rule|Baton Pass Clause: Limit one PokÃ©mon knowing Baton Pass
|rule|Sleep Clause Mod: Limit one foe put to sleep
|rule|Species Clause: Limit one of each PokÃ©mon
|rule|OHKO Clause: OHKO moves are banned
|rule|Moody Clause: Moody is banned
|rule|Evasion Moves Clause: Evasion moves are banned
|rule|Endless Battle Clause: Forcing endless battles is banned
|rule|HP Percentage Mod: HP is shown in percentages
|teampreview
|c|âOx the Box|glhf
|c|âSuper Mario Bros|u2
|c|âSuper Mario Bros|oh jeez, you're from bof
|c|âOx the Box|yeah
Ox the Box made this room hidden.
|c|âSuper Mario Bros|well, you're going to wipe the floor with me xD
|c|âOx the Box|not that good though *_*
|c|âOx the Box|I just made this team
|
|start
|switch|p1a: Landorus-Therian|Landorus-Therian, M|319\/319
|switch|p2a: Clefable|Clefable, F|394\/394
|-ability|p1a: Landorus-Therian|Intimidate|[of] p2a: Clefable
|-unboost|p2a: Clefable|atk|1
|turn|1
|c|âSuper Mario Bros|I'm not that good in general, lol
|c|âOx the Box|:[
|
|move|p1a: Landorus-Therian|U-turn|p2a: Clefable
|-resisted|p2a: Clefable
|-damage|p2a: Clefable|349\/394
|
|switch|p1a: Heatran|Heatran, M|385\/385
|move|p2a: Clefable|Calm Mind|p2a: Clefable
|-boost|p2a: Clefable|spa|1
|-boost|p2a: Clefable|spd|1
|
|-heal|p2a: Clefable|373\/394|[from] item: Leftovers
|turn|2
|
|move|p1a: Heatran|Stealth Rock|p2a: Clefable
|-sidestart|p2: Ox the Box|move: Stealth Rock
|move|p2a: Clefable|Calm Mind|p2a: Clefable
|-boost|p2a: Clefable|spa|1
|-boost|p2a: Clefable|spd|1
|
|-heal|p2a: Clefable|394\/394|[from] item: Leftovers
|turn|3
|
|move|p1a: Heatran|Taunt|p2a: Clefable
|-start|p2a: Clefable|move: Taunt
|move|p2a: Clefable|Stored Power|p1a: Heatran
|-resisted|p1a: Heatran
|-damage|p1a: Heatran|336\/385
|
|-heal|p1a: Heatran|360\/385|[from] item: Leftovers
|turn|4
|
|move|p1a: Heatran|Lava Plume|p2a: Clefable
|-damage|p2a: Clefable|339\/394
|move|p2a: Clefable|Moonblast|p1a: Heatran
|-resisted|p1a: Heatran
|-damage|p1a: Heatran|321\/385
|
|-heal|p1a: Heatran|345\/385|[from] item: Leftovers
|-heal|p2a: Clefable|363\/394|[from] item: Leftovers
|turn|5
|
|move|p1a: Heatran|Lava Plume|p2a: Clefable
|-damage|p2a: Clefable|306\/394
|move|p2a: Clefable|Stored Power|p1a: Heatran
|-resisted|p1a: Heatran
|-damage|p1a: Heatran|288\/385
|
|-heal|p1a: Heatran|312\/385|[from] item: Leftovers
|-heal|p2a: Clefable|330\/394|[from] item: Leftovers
|-end|p2a: Clefable|move: Taunt
|turn|6
|
|switch|p2a: Slowbro|Slowbro, F|394\/394
|-damage|p2a: Slowbro|345\/394|[from] Stealth Rock
|move|p1a: Heatran|Taunt|p2a: Slowbro
|-immune|p2a: Slowbro|[msg]|[from] Oblivious
|
|-heal|p1a: Heatran|336\/385|[from] item: Leftovers
|-heal|p2a: Slowbro|369\/394|[from] item: Leftovers
|turn|7
|c|âOx the Box|,',
|c|âOx the Box|LOL
|c|âSuper Mario Bros|heh, did you intentionally put oblivious on that, or...?
|c|âOx the Box|it's on accident
|
|switch|p1a: Slowking|Slowking, F|393\/393
|move|p2a: Slowbro|Thunder Wave|p1a: Slowking
|-status|p1a: Slowking|par
|
|-heal|p2a: Slowbro|393\/394|[from] item: Leftovers
|turn|8
|c|âSuper Mario Bros|a convenient one, at least
|
|switch|p2a: Ferrothorn|Ferrothorn, M|352\/352
|-damage|p2a: Ferrothorn|330\/352|[from] Stealth Rock
|move|p1a: Slowking|Scald|p2a: Ferrothorn
|-resisted|p2a: Ferrothorn
|-damage|p2a: Ferrothorn|283\/352
|
|-heal|p2a: Ferrothorn|305\/352|[from] item: Leftovers
|turn|9
|
|move|p2a: Ferrothorn|Stealth Rock|p1a: Slowking
|-sidestart|p1: Super Mario Bros|move: Stealth Rock
|move|p1a: Slowking|Fire Blast|p2a: Ferrothorn|[miss]
|-miss|p1a: Slowking|p2a: Ferrothorn
|
|-heal|p2a: Ferrothorn|327\/352|[from] item: Leftovers
|turn|10
|c|âSuper Mario Bros|ouch
|c|âOx the Box|sry beep bop
|
|switch|p2a: Clefable|Clefable, F|330\/394
|move|p1a: Slowking|Scald|p2a: Clefable
|-damage|p2a: Clefable|234\/394
|
|-heal|p2a: Clefable|258\/394|[from] item: Leftovers
|turn|11
|
|move|p2a: Clefable|Soft-Boiled|p2a: Clefable
|-heal|p2a: Clefable|394\/394
|move|p1a: Slowking|Psyshock|p2a: Clefable
|-damage|p2a: Clefable|288\/394
|
|-heal|p2a: Clefable|312\/394|[from] item: Leftovers
|turn|12
|
|switch|p2a: Latios|Latios, M|301\/301
|-damage|p2a: Latios|264\/301|[from] Stealth Rock
|switch|p1a: Heatran|Heatran, M|336\/385
|-damage|p1a: Heatran|288\/385|[from] Stealth Rock
|
|-heal|p1a: Heatran|312\/385|[from] item: Leftovers
|turn|13
|
|switch|p1a: Slowking|Slowking, F|393\/393 par
|-damage|p1a: Slowking|344\/393 par|[from] Stealth Rock
|move|p2a: Latios|Draco Meteor|p1a: Slowking
|-damage|p1a: Slowking|163\/393 par
|-unboost|p2a: Latios|spa|2
|-damage|p2a: Latios|234\/301|[from] item: Life Orb
|
|turn|14
|c|âOx the Box|tanked
|c|âSuper Mario Bros|someone actually posted this slowking set in bof xD
|c|âOx the Box|lmao
|c|âOx the Box|is it av
|c|âSuper Mario Bros|yeah
|
|move|p2a: Latios|Draco Meteor|p1a: Slowking
|-damage|p1a: Slowking|72\/393 par
|-unboost|p2a: Latios|spa|2
|-damage|p2a: Latios|204\/301|[from] item: Life Orb
|cant|p1a: Slowking|par
|
|turn|15
|c|âOx the Box|sry
|c|âOx the Box|it's too bulky ;_;
|
|switch|p1a: Heatran|Heatran, M|312\/385
|-damage|p1a: Heatran|264\/385|[from] Stealth Rock
|move|p2a: Latios|Roost|p2a: Latios
|-heal|p2a: Latios|301\/301
|
|-heal|p1a: Heatran|288\/385|[from] item: Leftovers
|turn|16
|
|switch|p1a: Slowking|Slowking, F|203\/393 par
|-damage|p1a: Slowking|154\/393 par|[from] Stealth Rock
|move|p2a: Latios|Earthquake|p1a: Slowking
|-damage|p1a: Slowking|68\/393 par
|-damage|p2a: Latios|271\/301|[from] item: Life Orb
|
|turn|17
|c|âOx the Box|my set has been revealed
|c|âSuper Mario Bros|I had a feeling
|
|switch|p2a: Clefable|Clefable, F|312\/394
|switch|p1a: Mandibuzz|Mandibuzz, F|423\/423
|-damage|p1a: Mandibuzz|318\/423|[from] Stealth Rock
|
|-heal|p1a: Mandibuzz|344\/423|[from] item: Leftovers
|-heal|p2a: Clefable|336\/394|[from] item: Leftovers
|turn|18
|c|âOx the Box|i tried bluffing :c
|
|move|p1a: Mandibuzz|U-turn|p2a: Clefable
|-resisted|p2a: Clefable
|-damage|p2a: Clefable|315\/394
|
|switch|p1a: Heatran|Heatran, M|288\/385
|-damage|p1a: Heatran|240\/385|[from] Stealth Rock
|move|p2a: Clefable|Moonblast|p1a: Heatran
|-resisted|p1a: Heatran
|-damage|p1a: Heatran|222\/385
|
|-heal|p1a: Heatran|246\/385|[from] item: Leftovers
|-heal|p2a: Clefable|339\/394|[from] item: Leftovers
|turn|19
|
|switch|p2a: Slowbro|Slowbro, F|393\/394
|-damage|p2a: Slowbro|344\/394|[from] Stealth Rock
|move|p1a: Heatran|Lava Plume|p2a: Slowbro
|-resisted|p2a: Slowbro
|-damage|p2a: Slowbro|267\/394
|
|-heal|p1a: Heatran|270\/385|[from] item: Leftovers
|-heal|p2a: Slowbro|291\/394|[from] item: Leftovers
|turn|20
|c|âOx the Box|oblivious slowbro is actually kinda annoying lol
|
|switch|p1a: Slowking|Slowking, F|199\/393 par
|-damage|p1a: Slowking|150\/393 par|[from] Stealth Rock
|move|p2a: Slowbro|Scald|p1a: Slowking
|-resisted|p1a: Slowking
|-damage|p1a: Slowking|120\/393 par
|
|-heal|p2a: Slowbro|315\/394|[from] item: Leftovers
|turn|21
|c|âSuper Mario Bros|yeah, lol
|
|move|p2a: Slowbro|Scald|p1a: Slowking
|-resisted|p1a: Slowking
|-damage|p1a: Slowking|91\/393 par
|move|p1a: Slowking|Scald|p2a: Slowbro
|-resisted|p2a: Slowbro
|-damage|p2a: Slowbro|254\/394
|
|-heal|p2a: Slowbro|278\/394|[from] item: Leftovers
|turn|22
|
|move|p2a: Slowbro|Scald|p1a: Slowking
|-resisted|p1a: Slowking
|-damage|p1a: Slowking|62\/393 par
|move|p1a: Slowking|Scald|p2a: Slowbro
|-resisted|p2a: Slowbro
|-damage|p2a: Slowbro|212\/394
|
|-heal|p2a: Slowbro|236\/394|[from] item: Leftovers
|turn|23
|
|switch|p1a: Altaria|Altaria, F|297\/297
|-damage|p1a: Altaria|223\/297|[from] Stealth Rock
|move|p2a: Slowbro|Scald|p1a: Altaria
|-resisted|p1a: Altaria
|-damage|p1a: Altaria|180\/297
|-status|p1a: Altaria|brn
|
|-heal|p2a: Slowbro|260\/394|[from] item: Leftovers
|-damage|p1a: Altaria|143\/297 brn|[from] brn
|turn|24
|
|switch|p2a: Metagross|Metagross|345\/345
|-damage|p2a: Metagross|324\/345|[from] Stealth Rock
|move|p1a: Altaria|Roost|p1a: Altaria
|-heal|p1a: Altaria|292\/297 brn
|
|-damage|p1a: Altaria|255\/297 brn|[from] brn
|turn|25
|
|switch|p1a: Heatran|Heatran, M|270\/385
|-damage|p1a: Heatran|222\/385|[from] Stealth Rock
|detailschange|p2a: Metagross|Metagross-Mega
|-mega|p2a: Metagross|Metagross|Metagrossite
|move|p2a: Metagross|Meteor Mash|p1a: Heatran
|-resisted|p1a: Heatran
|-damage|p1a: Heatran|166\/385
|
|-heal|p1a: Heatran|190\/385|[from] item: Leftovers
|turn|26
|
|switch|p2a: Clefable|Clefable, F|339\/394
|switch|p1a: Landorus-Therian|Landorus-Therian, M|319\/319
|-damage|p1a: Landorus-Therian|280\/319|[from] Stealth Rock
|-ability|p1a: Landorus-Therian|Intimidate|[of] p2a: Clefable
|-unboost|p2a: Clefable|atk|1
|
|-heal|p2a: Clefable|363\/394|[from] item: Leftovers
|turn|27
|
|move|p1a: Landorus-Therian|Knock Off|p2a: Clefable
|-resisted|p2a: Clefable
|-damage|p2a: Clefable|296\/394
|-enditem|p2a: Clefable|Leftovers|[from] move: Knock Off|[of] p1a: Landorus-Therian
|move|p2a: Clefable|Moonblast|p1a: Landorus-Therian
|-damage|p1a: Landorus-Therian|151\/319
|
|turn|28
|
|switch|p1a: Slowking|Slowking, F|193\/393 par
|-damage|p1a: Slowking|144\/393 par|[from] Stealth Rock
|switch|p2a: Landorus-Therian|Landorus-Therian, M|319\/319
|-damage|p2a: Landorus-Therian|280\/319|[from] Stealth Rock
|-ability|p2a: Landorus-Therian|Intimidate|[of] p1a: Slowking
|-unboost|p1a: Slowking|atk|1
|
|turn|29
|
|switch|p1a: Mandibuzz|Mandibuzz, F|344\/423
|-damage|p1a: Mandibuzz|239\/423|[from] Stealth Rock
|move|p2a: Landorus-Therian|U-turn|p1a: Mandibuzz
|-damage|p1a: Mandibuzz|170\/423
|
|switch|p2a: Clefable|Clefable, F|296\/394
|
|-heal|p1a: Mandibuzz|196\/423|[from] item: Leftovers
|turn|30
|c|âSuper Mario Bros|as you can see, I'm just not very good xD
|c|âOx the Box|eh you're pretty good, you just need to stop making such safe plays
|c|âOx the Box|it's getting ridiculously easy to doble switch aruond and make you take hazards damage
|
|switch|p1a: Heatran|Heatran, M|190\/385
|-damage|p1a: Heatran|142\/385|[from] Stealth Rock
|move|p2a: Clefable|Moonblast|p1a: Heatran
|-resisted|p1a: Heatran
|-damage|p1a: Heatran|123\/385
|
|-heal|p1a: Heatran|147\/385|[from] item: Leftovers
|turn|31
|c|âOx the Box|double* around*
|
|switch|p2a: Slowbro|Slowbro, F|260\/394
|-damage|p2a: Slowbro|211\/394|[from] Stealth Rock
|move|p1a: Heatran|Lava Plume|p2a: Slowbro
|-resisted|p2a: Slowbro
|-damage|p2a: Slowbro|137\/394
|
|-heal|p1a: Heatran|171\/385|[from] item: Leftovers
|-heal|p2a: Slowbro|161\/394|[from] item: Leftovers
|turn|32
|
|switch|p1a: Slowking|Slowking, F|275\/393 par
|-damage|p1a: Slowking|226\/393 par|[from] Stealth Rock
|move|p2a: Slowbro|Slack Off|p2a: Slowbro
|-heal|p2a: Slowbro|358\/394
|
|-heal|p2a: Slowbro|382\/394|[from] item: Leftovers
|turn|33
|
|switch|p2a: Ferrothorn|Ferrothorn, M|327\/352
|-damage|p2a: Ferrothorn|305\/352|[from] Stealth Rock
|switch|p1a: Altaria|Altaria, F|255\/297
|-damage|p1a: Altaria|181\/297|[from] Stealth Rock
|
|-heal|p2a: Ferrothorn|327\/352|[from] item: Leftovers
|turn|34
|
|detailschange|p1a: Altaria|Altaria-Mega, F
|-mega|p1a: Altaria|Altaria|Altarianite
|move|p1a: Altaria|Fire Blast|p2a: Ferrothorn
|-supereffective|p2a: Ferrothorn
|-damage|p2a: Ferrothorn|0 fnt
|faint|p2a: Ferrothorn
|
|
|switch|p2a: Metagross|Metagross-Mega|324\/345
|-damage|p2a: Metagross|303\/345|[from] Stealth Rock
|turn|35
|
|switch|p1a: Slowking|Slowking, F|357\/393 par
|-damage|p1a: Slowking|308\/393 par|[from] Stealth Rock
|move|p2a: Metagross|Meteor Mash|p1a: Slowking
|-resisted|p1a: Slowking
|-damage|p1a: Slowking|192\/393 par
|
|turn|36
|
|move|p2a: Metagross|Zen Headbutt|p1a: Slowking|[miss]
|-miss|p2a: Metagross|p1a: Slowking
|move|p1a: Slowking|Fire Blast|p2a: Metagross
|-supereffective|p2a: Metagross
|-damage|p2a: Metagross|135\/345
|
|turn|37
|c|âOx the Box|cancel
|c|âSuper Mario Bros|yeah, I hate when that happens
|
|switch|p2a: Latios|Latios, M|271\/301
|-damage|p2a: Latios|234\/301|[from] Stealth Rock
|move|p1a: Slowking|Scald|p2a: Latios
|-resisted|p2a: Latios
|-damage|p2a: Latios|187\/301
|
|turn|38
|
|switch|p1a: Mandibuzz|Mandibuzz, F|196\/423
|-damage|p1a: Mandibuzz|91\/423|[from] Stealth Rock
|move|p2a: Latios|Draco Meteor|p1a: Mandibuzz|[miss]
|-miss|p2a: Latios|p1a: Mandibuzz
|
|-heal|p1a: Mandibuzz|117\/423|[from] item: Leftovers
|turn|39
|
|move|p2a: Latios|Draco Meteor|p1a: Mandibuzz
|-damage|p1a: Mandibuzz|0 fnt
|-unboost|p2a: Latios|spa|2
|-damage|p2a: Latios|157\/301|[from] item: Life Orb
|faint|p1a: Mandibuzz
|
|
|switch|p1a: Serperior|Serperior, F|291\/291
|-damage|p1a: Serperior|255\/291|[from] Stealth Rock
|turn|40
|
|switch|p2a: Clefable|Clefable, F|296\/394
|move|p1a: Serperior|Substitute|p1a: Serperior
|-start|p1a: Serperior|Substitute
|-damage|p1a: Serperior|183\/291
|
|-heal|p1a: Serperior|201\/291|[from] item: Leftovers
|turn|41
|
|move|p1a: Serperior|Leaf Storm|p2a: Clefable
|-damage|p2a: Clefable|137\/394
|-boost|p1a: Serperior|spa|2
|move|p2a: Clefable|Moonblast|p1a: Serperior
|-end|p1a: Serperior|Substitute
|
|-heal|p1a: Serperior|219\/291|[from] item: Leftovers
|turn|42
|c|âOx the Box|I think I've probably lost this
|
|move|p1a: Serperior|Leaf Storm|p2a: Clefable
|-damage|p2a: Clefable|0 fnt
|-boost|p1a: Serperior|spa|2
|faint|p2a: Clefable
|
|-heal|p1a: Serperior|237\/291|[from] item: Leftovers
|
|switch|p2a: Landorus-Therian|Landorus-Therian, M|280\/319
|-damage|p2a: Landorus-Therian|241\/319|[from] Stealth Rock
|-ability|p2a: Landorus-Therian|Intimidate|[of] p1a: Serperior
|-boost|p1a: Serperior|atk|1
|turn|43
|c|âSuper Mario Bros|I like serp's subseed set, I think it's underused
|c|âOx the Box|oo subseed
|
|switch|p1a: Landorus-Therian|Landorus-Therian, M|151\/319
|-damage|p1a: Landorus-Therian|112\/319|[from] Stealth Rock
|-ability|p1a: Landorus-Therian|Intimidate|[of] p2a: Landorus-Therian
|-unboost|p2a: Landorus-Therian|atk|1
|move|p2a: Landorus-Therian|U-turn|p1a: Landorus-Therian
|-resisted|p1a: Landorus-Therian
|-damage|p1a: Landorus-Therian|81\/319
|
|switch|p2a: Slowbro|Slowbro, F|382\/394
|-damage|p2a: Slowbro|333\/394|[from] Stealth Rock
|
|-heal|p2a: Slowbro|357\/394|[from] item: Leftovers
|turn|44
|
|move|p1a: Landorus-Therian|U-turn|p2a: Slowbro
|-supereffective|p2a: Slowbro
|-damage|p2a: Slowbro|229\/394
|
|switch|p1a: Slowking|Slowking, F|323\/393 par
|-damage|p1a: Slowking|274\/393 par|[from] Stealth Rock
|move|p2a: Slowbro|Scald|p1a: Slowking
|-resisted|p1a: Slowking
|-damage|p1a: Slowking|247\/393 par
|
|-heal|p2a: Slowbro|253\/394|[from] item: Leftovers
|turn|45
|
|move|p2a: Slowbro|Scald|p1a: Slowking
|-resisted|p1a: Slowking
|-damage|p1a: Slowking|217\/393 par
|cant|p1a: Slowking|par
|
|-heal|p2a: Slowbro|277\/394|[from] item: Leftovers
|turn|46
|
|move|p2a: Slowbro|Flamethrower|p1a: Slowking
|-resisted|p1a: Slowking
|-damage|p1a: Slowking|195\/393 par
|cant|p1a: Slowking|par
|
|-heal|p2a: Slowbro|301\/394|[from] item: Leftovers
|turn|47
|c|âOx the Box|:[
|
|switch|p1a: Altaria|Altaria-Mega, F|181\/297
|-damage|p1a: Altaria|144\/297|[from] Stealth Rock
|move|p2a: Slowbro|Flamethrower|p1a: Altaria
|-resisted|p1a: Altaria
|-damage|p1a: Altaria|112\/297
|
|-heal|p2a: Slowbro|325\/394|[from] item: Leftovers
|turn|48
|
|move|p1a: Altaria|Roost|p1a: Altaria
|-heal|p1a: Altaria|261\/297
|move|p2a: Slowbro|Thunder Wave|p1a: Altaria
|-status|p1a: Altaria|par
|
|-heal|p2a: Slowbro|349\/394|[from] item: Leftovers
|turn|49
|c|âOx the Box|I'm going to run t punch on megagross
|
|switch|p2a: Metagross|Metagross-Mega|135\/345
|-damage|p2a: Metagross|114\/345|[from] Stealth Rock
|move|p1a: Altaria|Hyper Voice|p2a: Metagross
|-resisted|p2a: Metagross
|-damage|p2a: Metagross|30\/345
|
|turn|50
|c|âOx the Box|I'm agility btw
|c|âSuper Mario Bros|nice
|c|âOx the Box|-1 252+ Atk Tough Claws Mega Metagross Meteor Mash vs. 0 HP \/ 24 Def Landorus-T: 165-195 (51.7 - 61.1%) -- guaranteed 2HKO
|c|âSuper Mario Bros|I think I might be the only person running AV slowking, so it might be a waste
|c|âOx the Box|and that does a shit ton
|c|âOx the Box|eh its also for bro, mandi, and skarm
|
|switch|p1a: Slowking|Slowking, F|326\/393 par
|-damage|p1a: Slowking|277\/393 par|[from] Stealth Rock
|move|p2a: Metagross|Meteor Mash|p1a: Slowking
|-resisted|p1a: Slowking
|-damage|p1a: Slowking|157\/393 par
|
|turn|51
|c|âOx the Box|which this team is weak to
|c|âSuper Mario Bros|ah, right, skarm
|c|âOx the Box|I can beat this with hax
|
|move|p2a: Metagross|Zen Headbutt|p1a: Slowking
|-resisted|p1a: Slowking
|-damage|p1a: Slowking|50\/393 par
|cant|p1a: Slowking|flinch
|
|turn|52
|c|âOx the Box|LGI
|c|âOx the Box|ahhhh
|c|âOx the Box|just kill this
|c|âSuper Mario Bros|skarm is still pretty annoying with rocky helmet, though
|c|âOx the Box|and I win with bro
|
|move|p2a: Metagross|Agility|p2a: Metagross
|-boost|p2a: Metagross|spe|2
|move|p1a: Slowking|Scald|p2a: Metagross
|-damage|p2a: Metagross|0 fnt
|faint|p2a: Metagross
|
|c|âOx the Box|oh
|c|âOx the Box|u saw through my bluff
|c|âSuper Mario Bros|^
|
|switch|p2a: Landorus-Therian|Landorus-Therian, M|241\/319
|-damage|p2a: Landorus-Therian|202\/319|[from] Stealth Rock
|-ability|p2a: Landorus-Therian|Intimidate|[of] p1a: Slowking
|-unboost|p1a: Slowking|atk|1
|turn|53
|c|âOx the Box|would I have won if u parad there
|c|âOx the Box|I doubt it
|c|âSuper Mario Bros|you had a 25% chance of winning outright there
|c|âOx the Box|u could have switched out
|c|âOx the Box|and gotten intimidate on me
|
|move|p2a: Landorus-Therian|U-turn|p1a: Slowking
|-supereffective|p1a: Slowking
|-damage|p1a: Slowking|0 fnt
|faint|p1a: Slowking
|
|switch|p2a: Slowbro|Slowbro, F|349\/394
|-damage|p2a: Slowbro|300\/394|[from] Stealth Rock
|
|-heal|p2a: Slowbro|324\/394|[from] item: Leftovers
|
|switch|p1a: Serperior|Serperior, F|237\/291
|-damage|p1a: Serperior|201\/291|[from] Stealth Rock
|turn|54
|c|âOx the Box|tank this
|c|âOx the Box|I actually think I do
|
|move|p1a: Serperior|Leaf Storm|p2a: Slowbro
|-supereffective|p2a: Slowbro
|-damage|p2a: Slowbro|0 fnt
|-boost|p1a: Serperior|spa|2
|faint|p2a: Slowbro
|
|-heal|p1a: Serperior|219\/291|[from] item: Leftovers
|c|âOx the Box|nah lmfao
|c|âSuper Mario Bros|i'm actually surprised that killed, lol
|
|switch|p2a: Landorus-Therian|Landorus-Therian, M|202\/319
|-damage|p2a: Landorus-Therian|163\/319|[from] Stealth Rock
|-ability|p2a: Landorus-Therian|Intimidate|[of] p1a: Serperior
|-boost|p1a: Serperior|atk|1
|turn|55
|c|âSuper Mario Bros|do you like my team?
|c|âOx the Box|yeah it's really solid
|
|switch|p1a: Heatran|Heatran, M|171\/385
|-damage|p1a: Heatran|123\/385|[from] Stealth Rock
|move|p2a: Landorus-Therian|U-turn|p1a: Heatran
|-resisted|p1a: Heatran
|-damage|p1a: Heatran|101\/385
|
|switch|p2a: Latios|Latios, M|157\/301
|-damage|p2a: Latios|120\/301|[from] Stealth Rock
|
|-heal|p1a: Heatran|125\/385|[from] item: Leftovers
|turn|56
|c|âSuper Mario Bros|thanks
|
|move|p2a: Latios|Roost|p2a: Latios
|-heal|p2a: Latios|271\/301
|move|p1a: Heatran|Lava Plume|p2a: Latios
|-resisted|p2a: Latios
|-damage|p2a: Latios|216\/301
|
|-heal|p1a: Heatran|149\/385|[from] item: Leftovers
|turn|57
|c|âOx the Box|are u max speed landot
|
|move|p2a: Latios|Earthquake|p1a: Heatran
|-supereffective|p1a: Heatran
|-damage|p1a: Heatran|0 fnt
|-damage|p2a: Latios|186\/301|[from] item: Life Orb
|faint|p1a: Heatran
|
|c|âSuper Mario Bros|I'm jolly, but not quite max speed
|c|âOx the Box|ok
|c|âOx the Box|then ours should be a speed tie ;_;
|
|switch|p1a: Landorus-Therian|Landorus-Therian, M|81\/319
|-damage|p1a: Landorus-Therian|42\/319|[from] Stealth Rock
|-ability|p1a: Landorus-Therian|Intimidate|[of] p2a: Latios
|-unboost|p2a: Latios|atk|1
|turn|58
|
|move|p1a: Landorus-Therian|Knock Off|p2a: Latios
|-supereffective|p2a: Latios
|-damage|p2a: Latios|0 fnt
|-enditem|p2a: Latios|Life Orb|[from] move: Knock Off|[of] p1a: Landorus-Therian
|faint|p2a: Latios
|
|
|switch|p2a: Landorus-Therian|Landorus-Therian, M|163\/319
|-damage|p2a: Landorus-Therian|124\/319|[from] Stealth Rock
|-ability|p2a: Landorus-Therian|Intimidate|[of] p1a: Landorus-Therian
|-unboost|p1a: Landorus-Therian|atk|1
|turn|59
|c|âOx the Box|gg
|c|âSuper Mario Bros|gg
|c|âOx the Box|do u see any weaknesses in my team
|
|move|p2a: Landorus-Therian|Stone Edge|p1a: Landorus-Therian|[miss]
|-miss|p2a: Landorus-Therian|p1a: Landorus-Therian
|move|p1a: Landorus-Therian|Knock Off|p2a: Landorus-Therian
|-damage|p2a: Landorus-Therian|37\/319
|-enditem|p2a: Landorus-Therian|Choice Scarf|[from] move: Knock Off|[of] p1a: Landorus-Therian
|
|turn|60
|c|âSuper Mario Bros|hmmm
|c|âSuper Mario Bros|maybe bisharp?
|c|âOx the Box|o fuck
|c|âOx the Box|yeah lmao
|
|move|p1a: Landorus-Therian|Knock Off|p2a: Landorus-Therian
|-damage|p2a: Landorus-Therian|0 fnt
|faint|p2a: Landorus-Therian
|
|win|Super Mario Bros
|raw|Ladder updating...
|raw|Super Mario Bros's rating: 1608 &rarr; <strong>1632<\/strong><br \/>(+24 for winning)
|raw|Ox the Box's rating: 1669 &rarr; <strong>1645<\/strong><br \/>(-24 for losing)
|leave|Ox the Box
|player|p2