|join|Super Mario Bros
|join|Truthster
|player|p1|Super Mario Bros|155
|player|p2|Truthster|56
|gametype|singles
|gen|6
|tier|OU
|rated
|clearpoke
|poke|p1|Serperior, M
|poke|p1|Altaria, M
|poke|p1|Slowking, M
|poke|p1|Landorus-Therian, M
|poke|p1|Heatran, F
|poke|p1|Mandibuzz, F
|poke|p2|Dragonite, F
|poke|p2|Venusaur, F
|poke|p2|Zapdos
|poke|p2|Breloom, F
|poke|p2|Cloyster, M
|poke|p2|Talonflame, M
|rule|Swagger Clause: Swagger is banned
|rule|Baton Pass Clause: Limit one PokÃ©mon knowing Baton Pass
|rule|Sleep Clause Mod: Limit one foe put to sleep
|rule|Species Clause: Limit one of each PokÃ©mon
|rule|OHKO Clause: OHKO moves are banned
|rule|Moody Clause: Moody is banned
|rule|Evasion Moves Clause: Evasion moves are banned
|rule|Endless Battle Clause: Forcing endless battles is banned
|rule|HP Percentage Mod: HP is shown in percentages
|teampreview
|
|start
|switch|p1a: Landorus-Therian|Landorus-Therian, M|319\/319
|switch|p2a: Cloyster|Cloyster, M|242\/242
|-ability|p1a: Landorus-Therian|Intimidate|[of] p2a: Cloyster
|-unboost|p2a: Cloyster|atk|1
|turn|1
|
|move|p1a: Landorus-Therian|U-turn|p2a: Cloyster
|-damage|p2a: Cloyster|190\/242
|
|switch|p1a: Slowking|Slowking, M|393\/393
|move|p2a: Cloyster|Shell Smash|p2a: Cloyster
|-boost|p2a: Cloyster|atk|2
|-boost|p2a: Cloyster|spa|2
|-boost|p2a: Cloyster|spe|2
|-unboost|p2a: Cloyster|def|1
|-unboost|p2a: Cloyster|spd|1
|
|turn|2
|
|move|p2a: Cloyster|Rock Blast|p1a: Slowking
|-damage|p1a: Slowking|355\/393
|-damage|p1a: Slowking|317\/393
|-damage|p1a: Slowking|283\/393
|-damage|p1a: Slowking|246\/393
|-damage|p1a: Slowking|212\/393
|-hitcount|p1a: Slowking|5
|move|p1a: Slowking|Fire Blast|p2a: Cloyster
|-damage|p2a: Cloyster|0 fnt
|faint|p2a: Cloyster
|
|
|switch|p2a: Venusaur|Venusaur, F|301\/301
|turn|3
|
|switch|p1a: Heatran|Heatran, F|385\/385
|detailschange|p2a: Venusaur|Venusaur-Mega, F
|-mega|p2a: Venusaur|Venusaur|Venusaurite
|move|p2a: Venusaur|Giga Drain|p1a: Heatran
|-resisted|p1a: Heatran
|-damage|p1a: Heatran|359\/385
|
|-heal|p1a: Heatran|383\/385|[from] item: Leftovers
|turn|4
|
|move|p2a: Venusaur|Earthquake|p1a: Heatran
|-supereffective|p1a: Heatran
|-damage|p1a: Heatran|63\/385
|move|p1a: Heatran|Stealth Rock|p2a: Venusaur
|-sidestart|p2: Truthster|move: Stealth Rock
|
|-heal|p1a: Heatran|87\/385|[from] item: Leftovers
|turn|5
|
|move|p2a: Venusaur|Giga Drain|p1a: Heatran
|-resisted|p1a: Heatran
|-damage|p1a: Heatran|64\/385
|move|p1a: Heatran|Lava Plume|p2a: Venusaur
|-supereffective|p2a: Venusaur
|-damage|p2a: Venusaur|193\/301
|
|-heal|p1a: Heatran|88\/385|[from] item: Leftovers
|turn|6
|
|switch|p1a: Slowking|Slowking, M|343\/393
|move|p2a: Venusaur|Earthquake|p1a: Slowking
|-damage|p1a: Slowking|270\/393
|
|turn|7
|
|move|p2a: Venusaur|Giga Drain|p1a: Slowking
|-supereffective|p1a: Slowking
|-damage|p1a: Slowking|94\/393
|-heal|p2a: Venusaur|281\/301|[from] drain|[of] p1a: Slowking
|move|p1a: Slowking|Psyshock|p2a: Venusaur
|-supereffective|p2a: Venusaur
|-damage|p2a: Venusaur|83\/301
|
|turn|8
|
|switch|p1a: Heatran|Heatran, F|88\/385
|move|p2a: Venusaur|Giga Drain|p1a: Heatran
|-resisted|p1a: Heatran
|-damage|p1a: Heatran|63\/385
|-heal|p2a: Venusaur|96\/301|[from] drain|[of] p1a: Heatran
|
|-heal|p1a: Heatran|87\/385|[from] item: Leftovers
|turn|9
|c|âTruthster|brb,
|
|move|p2a: Venusaur|Synthesis|p2a: Venusaur
|-heal|p2a: Venusaur|246\/301
|move|p1a: Heatran|Lava Plume|p2a: Venusaur
|-supereffective|p2a: Venusaur
|-damage|p2a: Venusaur|148\/301
|
|-heal|p1a: Heatran|111\/385|[from] item: Leftovers
|turn|10
|
|move|p2a: Venusaur|Earthquake|p1a: Heatran
|-supereffective|p1a: Heatran
|-damage|p1a: Heatran|0 fnt
|faint|p1a: Heatran
|
|
|switch|p1a: Landorus-Therian|Landorus-Therian, M|319\/319
|-ability|p1a: Landorus-Therian|Intimidate|[of] p2a: Venusaur
|-unboost|p2a: Venusaur|atk|1
|turn|11
|
|move|p1a: Landorus-Therian|Earthquake|p2a: Venusaur
|-damage|p2a: Venusaur|0 fnt
|faint|p2a: Venusaur
|
|
|switch|p2a: Zapdos|Zapdos|322\/322
|-damage|p2a: Zapdos|242\/322|[from] Stealth Rock
|-ability|p2a: Zapdos|Pressure
|turn|12
|
|switch|p1a: Slowking|Slowking, M|225\/393
|move|p2a: Zapdos|Defog|p1a: Slowking
|-unboost|p1a: Slowking|evasion|1
|-sideend|p2: Truthster|Stealth Rock|[from] move: Defog|[of] p2a: Zapdos
|
|-heal|p2a: Zapdos|262\/322|[from] item: Leftovers
|turn|13
|
|move|p2a: Zapdos|Heat Wave|p1a: Slowking
|-resisted|p1a: Slowking
|-damage|p1a: Slowking|194\/393
|move|p1a: Slowking|Scald|p2a: Zapdos
|-damage|p2a: Zapdos|148\/322
|
|-heal|p2a: Zapdos|168\/322|[from] item: Leftovers
|turn|14
|c|âTruthster|damn my over predicts
|c|âTruthster|not sure if youll do it now
|c|âTruthster|hm
|
|switch|p1a: Landorus-Therian|Landorus-Therian, M|319\/319
|-ability|p1a: Landorus-Therian|Intimidate|[of] p2a: Zapdos
|-unboost|p2a: Zapdos|atk|1
|move|p2a: Zapdos|Discharge|p1a: Landorus-Therian
|-immune|p1a: Landorus-Therian|[msg]
|
|-heal|p2a: Zapdos|188\/322|[from] item: Leftovers
|turn|15
|c|âTruthster|damn
|
|move|p1a: Landorus-Therian|Knock Off|p2a: Zapdos
|-damage|p2a: Zapdos|41\/322
|-enditem|p2a: Zapdos|Leftovers|[from] move: Knock Off|[of] p1a: Landorus-Therian
|move|p2a: Zapdos|Heat Wave|p1a: Landorus-Therian
|-damage|p1a: Landorus-Therian|181\/319
|
|turn|16
|
|move|p1a: Landorus-Therian|Knock Off|p2a: Zapdos
|-damage|p2a: Zapdos|0 fnt
|faint|p2a: Zapdos
|
|
|switch|p2a: Talonflame|Talonflame, M|297\/297
|turn|17
|
|switch|p1a: Mandibuzz|Mandibuzz, F|423\/423
|move|p2a: Talonflame|Swords Dance|p2a: Talonflame
|-boost|p2a: Talonflame|atk|2
|
|turn|18
|
|move|p2a: Talonflame|U-turn|p1a: Mandibuzz
|-damage|p1a: Mandibuzz|334\/423
|
|switch|p2a: Breloom|Breloom, F|262\/262
|move|p1a: Mandibuzz|Foul Play|p2a: Breloom
|-resisted|p2a: Breloom
|-damage|p2a: Breloom|160\/262
|
|-heal|p1a: Mandibuzz|360\/423|[from] item: Leftovers
|turn|19
|
|switch|p1a: Landorus-Therian|Landorus-Therian, M|181\/319
|-ability|p1a: Landorus-Therian|Intimidate|[of] p2a: Breloom
|-unboost|p2a: Breloom|atk|1
|move|p2a: Breloom|Bullet Seed|p1a: Landorus-Therian
|-damage|p1a: Landorus-Therian|138\/319
|-damage|p1a: Landorus-Therian|89\/319
|-damage|p1a: Landorus-Therian|41\/319
|-damage|p1a: Landorus-Therian|0 fnt
|-hitcount|p1a: Landorus-Therian|4
|faint|p1a: Landorus-Therian
|
|
|switch|p1a: Altaria|Altaria, M|297\/297
|turn|20
|
|detailschange|p1a: Altaria|Altaria-Mega, M
|-mega|p1a: Altaria|Altaria|Altarianite
|move|p1a: Altaria|Hyper Voice|p2a: Breloom
|-supereffective|p2a: Breloom
|-damage|p2a: Breloom|0 fnt
|faint|p2a: Breloom
|
|
|switch|p2a: Talonflame|Talonflame, M|297\/297
|turn|21
|
|switch|p1a: Slowking|Slowking, M|325\/393
|move|p2a: Talonflame|Brave Bird|p1a: Slowking
|-damage|p1a: Slowking|175\/393
|-damage|p2a: Talonflame|247\/297|[from] recoil|[of] p1a: Slowking
|
|-heal|p2a: Talonflame|265\/297|[from] item: Leftovers
|turn|22
|
|move|p2a: Talonflame|Brave Bird|p1a: Slowking
|-damage|p1a: Slowking|30\/393
|-damage|p2a: Talonflame|217\/297|[from] recoil|[of] p1a: Slowking
|move|p1a: Slowking|Scald|p2a: Talonflame
|-supereffective|p2a: Talonflame
|-damage|p2a: Talonflame|0 fnt
|faint|p2a: Talonflame
|
|
|switch|p2a: Dragonite|Dragonite, F|324\/324
|turn|23
|
|switch|p1a: Mandibuzz|Mandibuzz, F|360\/423
|move|p2a: Dragonite|Dragon Dance|p2a: Dragonite
|-boost|p2a: Dragonite|atk|1
|-boost|p2a: Dragonite|spe|1
|
|-heal|p1a: Mandibuzz|386\/423|[from] item: Leftovers
|turn|24
|
|move|p2a: Dragonite|Dragon Claw|p1a: Mandibuzz
|-damage|p1a: Mandibuzz|208\/423
|move|p1a: Mandibuzz|Foul Play|p2a: Dragonite
|-damage|p2a: Dragonite|170\/324
|
|-heal|p1a: Mandibuzz|234\/423|[from] item: Leftovers
|turn|25
|
|move|p2a: Dragonite|Dragon Claw|p1a: Mandibuzz
|-damage|p1a: Mandibuzz|56\/423
|move|p1a: Mandibuzz|Foul Play|p2a: Dragonite
|-damage|p2a: Dragonite|0 fnt
|faint|p2a: Dragonite
|
|win|Super Mario Bros
|raw|Ladder updating...
|raw|Super Mario Bros's rating: 1606 &rarr; <strong>1625<\/strong><br \/>(+19 for winning)
|raw|Truthster's rating: 1578 &rarr; <strong>1560<\/strong><br \/>(-18 for losing)
|c|âSuper Mario Bros|gg
|c|âTruthster|gg'