|join|Super Mario Bros
|join|Testmaster
|player|p1|Super Mario Bros|155
|player|p2|Testmaster|238
|gametype|singles
|gen|6
|tier|OU
|rated
|clearpoke
|poke|p1|Heatran, F
|poke|p1|Talonflame, F
|poke|p1|Sylveon, F
|poke|p1|Manaphy
|poke|p1|Genesect
|poke|p1|Lucario, F
|poke|p2|Espeon, M
|poke|p2|Machamp, F
|poke|p2|Aggron, M
|poke|p2|Rotom-Wash
|poke|p2|Garchomp, M
|poke|p2|Charizard, M
|rule|Sleep Clause Mod: Limit one foe put to sleep
|rule|Species Clause: Limit one of each Pokemon
|rule|OHKO Clause: OHKO moves are banned
|rule|Moody Clause: Moody is banned
|rule|Evasion Moves Clause: Evasion moves are banned
|rule|Endless Battle Clause: Forcing endless battles is banned.
|rule|HP Percentage Mod: HP is reported as percentages
|teampreview
|callback|decision
|
|start
|switch|p1a: Sylveon|Sylveon, F|392\/392
|switch|p2a: Rotom-Wash|Rotom-Wash|304\/304
|turn|1
|callback|decision
|
|move|p2a: Rotom-Wash|Volt Switch|p1a: Sylveon
|-damage|p1a: Sylveon|328\/392
|callback|decision
|
|switch|p2a: Charizard|Charizard, M|298\/298
|move|p1a: Sylveon|Hyper Voice|p2a: Charizard
|-resisted|p2a: Charizard
|-damage|p2a: Charizard|127\/298
|
|turn|2
|callback|decision
|
|switch|p1a: Heatran|Heatran, F|386\/386
|-formechange|p2a: Charizard|Charizard-Mega-Y
|message|Charizard has Mega Evolved into Mega Charizard!
|-weather|SunnyDay
|move|p2a: Charizard|Fire Blast|p1a: Heatran
|-start|p1a: Heatran|ability: Flash Fire
|
|-weather|SunnyDay|[upkeep]
|turn|3
|callback|decision
|
|switch|p1a: Talonflame|Talonflame, F|359\/359
|move|p2a: Charizard|Focus Blast|p1a: Talonflame
|-resisted|p1a: Talonflame
|-damage|p1a: Talonflame|239\/359
|
|-weather|SunnyDay|[upkeep]
|turn|4
|callback|decision
|
|switch|p2a: Rotom-Wash|Rotom-Wash|304\/304
|move|p1a: Talonflame|Flare Blitz|p2a: Rotom-Wash
|-resisted|p2a: Rotom-Wash
|-damage|p2a: Rotom-Wash|183\/304
|-damage|p1a: Talonflame|199\/359|[from] recoil|[of] p2a: Rotom-Wash
|
|-weather|SunnyDay|[upkeep]
|turn|5
|callback|decision
|
|switch|p1a: Heatran|Heatran, F|386\/386
|move|p2a: Rotom-Wash|Volt Switch|p1a: Heatran
|-damage|p1a: Heatran|326\/386
|callback|decision
|
|switch|p2a: Garchomp|Garchomp, M|358\/358
|
|-weather|SunnyDay|[upkeep]
|-heal|p1a: Heatran|350\/386|[from] item: Leftovers
|turn|6
|callback|decision
|
|switch|p1a: Manaphy|Manaphy|404\/404
|move|p2a: Garchomp|Dragon Claw|p1a: Manaphy
|-damage|p1a: Manaphy|256\/404
|
|-weather|none
|-heal|p1a: Manaphy|281\/404|[from] item: Leftovers
|turn|7
|callback|decision
|
|switch|p2a: Charizard|Charizard, M|127\/298
|-formechange|p2a: Charizard|Charizard-Mega-Y
|-weather|SunnyDay
|move|p1a: Manaphy|Ice Beam|p2a: Charizard
|-damage|p2a: Charizard|48\/298
|
|-weather|SunnyDay|[upkeep]
|-heal|p1a: Manaphy|306\/404|[from] item: Leftovers
|turn|8
|callback|decision
|
|switch|p1a: Heatran|Heatran, F|350\/386
|move|p2a: Charizard|Roost|p2a: Charizard
|-heal|p2a: Charizard|197\/298
|
|-weather|SunnyDay|[upkeep]
|-heal|p1a: Heatran|374\/386|[from] item: Leftovers
|turn|9
|callback|decision
|
|move|p2a: Charizard|Focus Blast|p1a: Heatran
|-supereffective|p1a: Heatran
|-damage|p1a: Heatran|160\/386
|move|p1a: Heatran|Stealth Rock|p2a: Charizard
|-sidestart|p2: Testmaster|move: Stealth Rock
|
|-weather|SunnyDay|[upkeep]
|-heal|p1a: Heatran|184\/386|[from] item: Leftovers
|turn|10
|callback|decision
|
|move|p2a: Charizard|Fire Blast|p1a: Heatran
|-start|p1a: Heatran|ability: Flash Fire
|move|p1a: Heatran|Toxic|p2a: Charizard
|-status|p2a: Charizard|tox
|
|-weather|SunnyDay|[upkeep]
|-heal|p1a: Heatran|208\/386|[from] item: Leftovers
|-damage|p2a: Charizard|179\/298 tox|[from] psn
|turn|11
|callback|decision
|
|switch|p1a: Talonflame|Talonflame, F|199\/359
|move|p2a: Charizard|Roost|p2a: Charizard
|-heal|p2a: Charizard|298\/298 tox
|
|-weather|none
|-damage|p2a: Charizard|262\/298 tox|[from] psn
|turn|12
|callback|decision
|
|switch|p2a: Rotom-Wash|Rotom-Wash|183\/304
|-damage|p2a: Rotom-Wash|145\/304|[from] Stealth Rock
|move|p1a: Talonflame|Brave Bird|p2a: Rotom-Wash
|-resisted|p2a: Rotom-Wash
|-damage|p2a: Rotom-Wash|61\/304
|-damage|p1a: Talonflame|171\/359|[from] recoil|[of] p2a: Rotom-Wash
|
|turn|13
|callback|decision
|
|switch|p2a: Aggron|Aggron, M|344\/344
|-damage|p2a: Aggron|323\/344|[from] Stealth Rock
|move|p1a: Talonflame|Brave Bird|p2a: Aggron
|-resisted|p2a: Aggron
|-damage|p2a: Aggron|286\/344
|-damage|p1a: Talonflame|159\/359|[from] recoil|[of] p2a: Aggron
|
|turn|14
|callback|decision
|
|switch|p1a: Lucario|Lucario, F|281\/281
|move|p2a: Aggron|Stealth Rock|p1a: Lucario
|-sidestart|p1: Super Mario Bros|move: Stealth Rock
|
|turn|15
|callback|decision
|
|switch|p2a: Espeon|Espeon, M|334\/334
|-damage|p2a: Espeon|293\/334|[from] Stealth Rock
|-formechange|p1a: Lucario|Lucario-Mega
|message|Lucario has Mega Evolved into Mega Lucario!
|move|p1a: Lucario|Close Combat|p2a: Espeon
|-resisted|p2a: Espeon
|-damage|p2a: Espeon|40\/334
|-unboost|p1a: Lucario|def|1
|-unboost|p1a: Lucario|spd|1
|
|turn|16
|callback|decision
|
|move|p1a: Lucario|Bullet Punch|p2a: Espeon
|-damage|p2a: Espeon|0 fnt
|faint|p2a: Espeon
|
|callback|decision
|
|switch|p2a: Garchomp|Garchomp, M|358\/358
|-damage|p2a: Garchomp|336\/358|[from] Stealth Rock
|turn|17
|callback|decision
|
|switch|p1a: Heatran|Heatran, F|208\/386
|-damage|p1a: Heatran|160\/386|[from] Stealth Rock
|move|p2a: Garchomp|Earthquake|p1a: Heatran
|-supereffective|p1a: Heatran
|-damage|p1a: Heatran|0 fnt
|faint|p1a: Heatran
|
|callback|decision
|
|switch|p1a: Manaphy|Manaphy|306\/404
|-damage|p1a: Manaphy|256\/404|[from] Stealth Rock
|turn|18
|callback|decision
|
|switch|p2a: Charizard|Charizard, M|262\/298 tox
|-formechange|p2a: Charizard|Charizard-Mega-Y
|-damage|p2a: Charizard|113\/298 tox|[from] Stealth Rock
|-weather|SunnyDay
|move|p1a: Manaphy|Ice Beam|p2a: Charizard
|-damage|p2a: Charizard|37\/298 tox
|
|-weather|SunnyDay|[upkeep]
|-heal|p1a: Manaphy|281\/404|[from] item: Leftovers
|-damage|p2a: Charizard|19\/298 tox|[from] psn
|turn|19
|callback|decision
|
|switch|p1a: Talonflame|Talonflame, F|159\/359
|-damage|p1a: Talonflame|0 fnt|[from] Stealth Rock
|faint|p1a: Talonflame
|move|p2a: Charizard|Roost|p2a: Charizard
|-heal|p2a: Charizard|168\/298 tox
|
|-weather|SunnyDay|[upkeep]
|-damage|p2a: Charizard|132\/298 tox|[from] psn
|callback|decision
|
|switch|p1a: Lucario|Lucario, F|281\/281
|-formechange|p1a: Lucario|Lucario-Mega
|-damage|p1a: Lucario|273\/281|[from] Stealth Rock
|turn|20
|callback|decision
|
|move|p1a: Lucario|Close Combat|p2a: Charizard
|-resisted|p2a: Charizard
|-damage|p2a: Charizard|0 fnt
|-unboost|p1a: Lucario|def|1
|-unboost|p1a: Lucario|spd|1
|faint|p2a: Charizard
|
|-weather|SunnyDay|[upkeep]
|callback|decision
|
|switch|p2a: Garchomp|Garchomp, M|336\/358
|-damage|p2a: Garchomp|314\/358|[from] Stealth Rock
|turn|21
|callback|decision
|
|move|p2a: Garchomp|Earthquake|p1a: Lucario
|-supereffective|p1a: Lucario
|-damage|p1a: Lucario|0 fnt
|faint|p1a: Lucario
|
|-weather|SunnyDay|[upkeep]
|callback|decision
|
|switch|p1a: Sylveon|Sylveon, F|328\/392
|-damage|p1a: Sylveon|279\/392|[from] Stealth Rock
|turn|22
|callback|decision
|
|switch|p2a: Aggron|Aggron, M|286\/344
|-damage|p2a: Aggron|265\/344|[from] Stealth Rock
|move|p1a: Sylveon|Hyper Voice|p2a: Aggron
|-resisted|p2a: Aggron
|-damage|p2a: Aggron|98\/344
|
|-weather|none
|turn|23
|callback|decision
|
|move|p1a: Sylveon|Hyper Voice|p2a: Aggron
|-resisted|p2a: Aggron
|-damage|p2a: Aggron|0 fnt
|faint|p2a: Aggron
|
|callback|decision
|
|switch|p2a: Machamp|Machamp, F|384\/384
|-damage|p2a: Machamp|360\/384|[from] Stealth Rock
|turn|24
|callback|decision
|
|move|p2a: Machamp|Bullet Punch|p1a: Sylveon
|-supereffective|p1a: Sylveon
|-damage|p1a: Sylveon|117\/392
|move|p1a: Sylveon|Hyper Voice|p2a: Machamp
|-supereffective|p2a: Machamp
|-damage|p2a: Machamp|0 fnt
|faint|p2a: Machamp
|
|callback|decision
|
|switch|p2a: Garchomp|Garchomp, M|314\/358
|-damage|p2a: Garchomp|292\/358|[from] Stealth Rock
|turn|25
|callback|decision
|
|move|p2a: Garchomp|Earthquake|p1a: Sylveon
|-damage|p1a: Sylveon|0 fnt
|faint|p1a: Sylveon
|
|callback|decision
|
|switch|p1a: Genesect|Genesect|283\/283
|-damage|p1a: Genesect|248\/283|[from] Stealth Rock
|-boost|p1a: Genesect|spa|1|[from] ability: Download
|turn|26
|callback|decision
|
|switch|p2a: Rotom-Wash|Rotom-Wash|61\/304
|-damage|p2a: Rotom-Wash|23\/304|[from] Stealth Rock
|move|p1a: Genesect|Ice Beam|p2a: Rotom-Wash
|-resisted|p2a: Rotom-Wash
|-damage|p2a: Rotom-Wash|0 fnt
|faint|p2a: Rotom-Wash
|
|callback|decision
|
|switch|p2a: Garchomp|Garchomp, M|292\/358
|-damage|p2a: Garchomp|270\/358|[from] Stealth Rock
|turn|27
|callback|decision
|
|move|p2a: Garchomp|Outrage|p1a: Genesect
|-resisted|p1a: Genesect
|-damage|p1a: Genesect|130\/283
|move|p1a: Genesect|Ice Beam|p2a: Garchomp
|-supereffective|p2a: Garchomp
|-damage|p2a: Garchomp|0 fnt
|faint|p2a: Garchomp
|
|win|Super Mario Bros
|raw|Ladder updating...
|raw|Super Mario Bros's rating: 1381 &rarr; <strong>1403<\/strong><br \/>(+22 for winning)
|raw|Testmaster's rating: 1336 &rarr; <strong>1314<\/strong><br \/>(-22 for losing)
|leave|Testmaster
|player|p2