|join|Momochuuu
|join|Super Mario Bros
|player|p1|Momochuuu|170
|player|p2|Super Mario Bros|155
|gametype|singles
|gen|6
|tier|OU
|rated
|clearpoke
|poke|p1|Deoxys-Speed, shiny
|poke|p1|Tyranitar, F
|poke|p1|Aegislash, F, shiny
|poke|p1|Keldeo, shiny
|poke|p1|Thundurus, M
|poke|p1|Bisharp, M, shiny
|poke|p2|Medicham, F, shiny
|poke|p2|Suicune, shiny
|poke|p2|Ditto, shiny
|poke|p2|Jirachi, shiny
|poke|p2|Machamp, M
|poke|p2|Diggersby, M
|rule|Sleep Clause Mod: Limit one foe put to sleep
|rule|Species Clause: Limit one of each Pokemon
|rule|OHKO Clause: OHKO moves are banned
|rule|Moody Clause: Moody is banned
|rule|Evasion Moves Clause: Evasion moves are banned
|rule|Endless Battle Clause: Forcing endless battles is banned.
|rule|HP Percentage Mod: HP is reported as percentages
|teampreview
|
|start
|switch|p1a: Deoxys-Speed|Deoxys-Speed, shiny|241\/241
|switch|p2a: Machamp|Machamp, M|384\/384
|-ability|p1a: Deoxys-Speed|Pressure
|turn|1
|
|move|p1a: Deoxys-Speed|Stealth Rock|p2a: Machamp
|-sidestart|p2: Super Mario Bros|move: Stealth Rock
|move|p2a: Machamp|Knock Off|p1a: Deoxys-Speed
|-supereffective|p1a: Deoxys-Speed
|-enditem|p1a: Deoxys-Speed|Focus Sash
|-damage|p1a: Deoxys-Speed|1\/241
|
|turn|2
|
|move|p2a: Machamp|Bullet Punch|p1a: Deoxys-Speed
|-damage|p1a: Deoxys-Speed|0 fnt
|faint|p1a: Deoxys-Speed
|
|
|switch|p1a: Aegislash|Aegislash, F, shiny|321\/321
|turn|3
|
|move|p1a: Aegislash|King's Shield|p1a: Aegislash
|-singleturn|p1a: Aegislash|Protect
|move|p2a: Machamp|Knock Off|p1a: Aegislash
|-activate|p1a: Aegislash|Protect
|-unboost|p2a: Machamp|atk|2
|
|turn|4
|
|switch|p2a: Suicune|Suicune, shiny|404\/404
|-damage|p2a: Suicune|354\/404|[from] Stealth Rock
|-ability|p2a: Suicune|Pressure
|-formechange|p1a: Aegislash|Aegislash-Blade
|move|p1a: Aegislash|Shadow Ball|p2a: Suicune
|-damage|p2a: Suicune|212\/404
|
|-heal|p2a: Suicune|237\/404|[from] item: Leftovers
|turn|5
|
|switch|p1a: Thundurus|Thundurus, M|300\/300
|move|p2a: Suicune|Calm Mind|p2a: Suicune
|-boost|p2a: Suicune|spa|1
|-boost|p2a: Suicune|spd|1
|
|-heal|p2a: Suicune|262\/404|[from] item: Leftovers
|turn|6
|
|move|p1a: Thundurus|Taunt|p2a: Suicune
|-start|p2a: Suicune|move: Taunt
|move|p2a: Suicune|Scald|p1a: Thundurus
|-damage|p1a: Thundurus|134\/300
|
|-heal|p1a: Thundurus|152\/300|[from] item: Leftovers
|-heal|p2a: Suicune|287\/404|[from] item: Leftovers
|turn|7
|
|move|p1a: Thundurus|Volt Switch|p2a: Suicune
|-supereffective|p2a: Suicune
|-damage|p2a: Suicune|153\/404
|
|switch|p1a: Keldeo|Keldeo, shiny|323\/323
|move|p2a: Suicune|Scald|p1a: Keldeo
|-resisted|p1a: Keldeo
|-damage|p1a: Keldeo|253\/323
|
|-heal|p2a: Suicune|178\/404|[from] item: Leftovers
|turn|8
|
|switch|p2a: Jirachi|Jirachi, shiny|404\/404
|-damage|p2a: Jirachi|379\/404|[from] Stealth Rock
|move|p1a: Keldeo|Secret Sword|p2a: Jirachi
|-damage|p2a: Jirachi|225\/404
|
|-heal|p2a: Jirachi|250\/404|[from] item: Leftovers
|turn|9
|
|switch|p1a: Aegislash|Aegislash, F, shiny|321\/321
|move|p2a: Jirachi|Stealth Rock|p1a: Aegislash
|-sidestart|p1: Momochuuu|move: Stealth Rock
|
|-heal|p2a: Jirachi|275\/404|[from] item: Leftovers
|turn|10
|
|switch|p2a: Suicune|Suicune, shiny|178\/404
|-damage|p2a: Suicune|128\/404|[from] Stealth Rock
|-ability|p2a: Suicune|Pressure
|-formechange|p1a: Aegislash|Aegislash-Blade
|move|p1a: Aegislash|Sacred Sword|p2a: Suicune
|-damage|p2a: Suicune|56\/404
|
|-heal|p2a: Suicune|81\/404|[from] item: Leftovers
|turn|11
|
|move|p1a: Aegislash|Shadow Sneak|p2a: Suicune
|-damage|p2a: Suicune|39\/404
|move|p2a: Suicune|Rest|p2a: Suicune
|-status|p2a: Suicune|slp
|-heal|p2a: Suicune|404\/404 slp|[silent]
|-status|p2a: Suicune|slp|[from] move: Rest
|
|turn|12
|
|switch|p1a: Bisharp|Bisharp, M, shiny|272\/272
|-damage|p1a: Bisharp|255\/272|[from] Stealth Rock
|cant|p2a: Suicune|slp
|move|p2a: Suicune|Sleep Talk|p2a: Suicune
|move|p2a: Suicune|Rest|p2a: Suicune|[from]Sleep Talk
|-fail|p2a: Suicune
|
|turn|13
|
|move|p1a: Bisharp|Knock Off|p2a: Suicune
|-damage|p2a: Suicune|236\/404 slp
|-enditem|p2a: Suicune|Leftovers|[from] move: Knock Off|[of] p1a: Bisharp
|-damage|p1a: Bisharp|228\/272|[from] item: Life Orb
|cant|p2a: Suicune|slp
|move|p2a: Suicune|Sleep Talk|p2a: Suicune
|move|p2a: Suicune|Calm Mind|p2a: Suicune|[from]Sleep Talk
|-boost|p2a: Suicune|spa|1
|-boost|p2a: Suicune|spd|1
|
|turn|14
|
|move|p1a: Bisharp|Iron Head|p2a: Suicune
|-resisted|p2a: Suicune
|-damage|p2a: Suicune|170\/404 slp
|-damage|p1a: Bisharp|201\/272|[from] item: Life Orb
|-curestatus|p2a: Suicune|slp
|move|p2a: Suicune|Scald|p1a: Bisharp
|-damage|p1a: Bisharp|36\/272
|-status|p1a: Bisharp|brn
|
|-damage|p1a: Bisharp|2\/272 brn|[from] brn
|turn|15
|
|move|p1a: Bisharp|Iron Head|p2a: Suicune
|-resisted|p2a: Suicune
|-damage|p2a: Suicune|139\/404
|-damage|p1a: Bisharp|0 fnt|[from] item: Life Orb
|faint|p1a: Bisharp
|cant|p2a: Suicune|flinch
|
|
|switch|p1a: Keldeo|Keldeo, shiny|253\/323
|-damage|p1a: Keldeo|233\/323|[from] Stealth Rock
|turn|16
|
|move|p1a: Keldeo|Secret Sword|p2a: Suicune
|-damage|p2a: Suicune|0 fnt
|faint|p2a: Suicune
|
|
|switch|p2a: Machamp|Machamp, M|384\/384
|-damage|p2a: Machamp|360\/384|[from] Stealth Rock
|turn|17
|
|switch|p1a: Tyranitar|Tyranitar, F|342\/342
|-damage|p1a: Tyranitar|300\/342|[from] Stealth Rock
|-weather|Sandstorm
|move|p2a: Machamp|Knock Off|p1a: Tyranitar
|-resisted|p1a: Tyranitar
|-damage|p1a: Tyranitar|264\/342
|
|-weather|Sandstorm|[upkeep]
|-damage|p2a: Machamp|336\/384|[from] sandstorm
|turn|18
|
|switch|p1a: Aegislash|Aegislash, F, shiny|321\/321
|-damage|p1a: Aegislash|301\/321|[from] Stealth Rock
|move|p2a: Machamp|Knock Off|p1a: Aegislash
|-supereffective|p1a: Aegislash
|-damage|p1a: Aegislash|129\/321
|-enditem|p1a: Aegislash|Leftovers|[from] move: Knock Off|[of] p2a: Machamp
|
|-weather|Sandstorm|[upkeep]
|-damage|p2a: Machamp|312\/384|[from] sandstorm
|turn|19
|
|switch|p2a: Diggersby|Diggersby, M|311\/311
|-damage|p2a: Diggersby|292\/311|[from] Stealth Rock
|move|p1a: Aegislash|King's Shield|p1a: Aegislash
|-fail|p1a: Aegislash
|
|-weather|Sandstorm|[upkeep]
|turn|20
|
|move|p1a: Aegislash|King's Shield|p1a: Aegislash
|-singleturn|p1a: Aegislash|Protect
|move|p2a: Diggersby|Earthquake|p1a: Aegislash
|-activate|p1a: Aegislash|Protect
|
|-weather|Sandstorm|[upkeep]
|turn|21
|
|switch|p1a: Thundurus|Thundurus, M|152\/300
|-damage|p1a: Thundurus|77\/300|[from] Stealth Rock
|move|p2a: Diggersby|Earthquake|p1a: Thundurus
|-immune|p1a: Thundurus|[msg]
|
|-weather|none
|-heal|p1a: Thundurus|95\/300|[from] item: Leftovers
|turn|22
|
|move|p1a: Thundurus|Thunder Wave|p2a: Diggersby
|-immune|p2a: Diggersby|[msg]
|move|p2a: Diggersby|Quick Attack|p1a: Thundurus
|-damage|p1a: Thundurus|0 fnt
|faint|p1a: Thundurus
|
|
|switch|p1a: Keldeo|Keldeo, shiny|233\/323
|-damage|p1a: Keldeo|213\/323|[from] Stealth Rock
|turn|23
|
|switch|p2a: Jirachi|Jirachi, shiny|275\/404
|-damage|p2a: Jirachi|250\/404|[from] Stealth Rock
|move|p1a: Keldeo|Scald|p2a: Jirachi
|-damage|p2a: Jirachi|40\/404
|
|-heal|p2a: Jirachi|65\/404|[from] item: Leftovers
|turn|24
|
|move|p1a: Keldeo|Scald|p2a: Jirachi
|-damage|p2a: Jirachi|0 fnt
|faint|p2a: Jirachi
|
|
|switch|p2a: Ditto|Ditto, shiny|300\/300
|-damage|p2a: Ditto|263\/300|[from] Stealth Rock
|-transform|p2a: Ditto|p1a: Keldeo
|turn|25
|
|move|p2a: Ditto|Scald|p1a: Keldeo
|-resisted|p1a: Keldeo
|-damage|p1a: Keldeo|131\/323
|move|p1a: Keldeo|Scald|p2a: Ditto
|-resisted|p2a: Ditto
|-damage|p2a: Ditto|141\/300
|
|turn|26
|
|switch|p1a: Aegislash|Aegislash, F, shiny|129\/321
|-damage|p1a: Aegislash|109\/321|[from] Stealth Rock
|move|p2a: Ditto|Scald|p1a: Aegislash
|-damage|p1a: Aegislash|4\/321
|
|turn|27
|
|switch|p2a: Machamp|Machamp, M|312\/384
|-damage|p2a: Machamp|288\/384|[from] Stealth Rock
|-formechange|p1a: Aegislash|Aegislash-Blade
|move|p1a: Aegislash|Shadow Sneak|p2a: Machamp
|-damage|p2a: Machamp|203\/384
|
|turn|28
|
|-formechange|p1a: Aegislash|Aegislash
|move|p1a: Aegislash|King's Shield|p1a: Aegislash
|-singleturn|p1a: Aegislash|Protect
|move|p2a: Machamp|Dynamic Punch|p1a: Aegislash
|-immune|p1a: Aegislash|[msg]
|
|turn|29
|
|move|p2a: Machamp|Bullet Punch|p1a: Aegislash
|-resisted|p1a: Aegislash
|-damage|p1a: Aegislash|0 fnt
|faint|p1a: Aegislash
|
|
|switch|p1a: Keldeo|Keldeo, shiny|131\/323
|-damage|p1a: Keldeo|111\/323|[from] Stealth Rock
|turn|30
|
|move|p2a: Machamp|Bullet Punch|p1a: Keldeo
|-resisted|p1a: Keldeo
|-damage|p1a: Keldeo|84\/323
|move|p1a: Keldeo|Hydro Pump|p2a: Machamp
|-damage|p2a: Machamp|0 fnt
|faint|p2a: Machamp
|
|
|switch|p2a: Diggersby|Diggersby, M|292\/311
|-damage|p2a: Diggersby|273\/311|[from] Stealth Rock
|turn|31
|
|move|p2a: Diggersby|Quick Attack|p1a: Keldeo
|-damage|p1a: Keldeo|0 fnt
|faint|p1a: Keldeo
|
|
|switch|p1a: Tyranitar|Tyranitar, F|264\/342
|-damage|p1a: Tyranitar|222\/342|[from] Stealth Rock
|-weather|Sandstorm
|turn|32
|
|-formechange|p1a: Tyranitar|Tyranitar-Mega
|message|Tyranitar has Mega Evolved into Mega Tyranitar!
|move|p2a: Diggersby|Earthquake|p1a: Tyranitar
|-supereffective|p1a: Tyranitar
|-damage|p1a: Tyranitar|0 fnt
|faint|p1a: Tyranitar
|
|win|Super Mario Bros
|raw|Ladder updating...
|raw|Momochuuu's rating: 1782 &rarr; <strong>1759<\/strong><br \/>(-23 for losing)
|raw|Super Mario Bros's rating: 1716 &rarr; <strong>1740<\/strong><br \/>(+24 for winning)
|leave|Momochuuu
|player|p1
|join|Cienight
|leave|Cienight