|join|Valmanway
|join|Super Mario Bros
|player|p1|Valmanway|266
|player|p2|Super Mario Bros|155
|gametype|singles
|gen|6
|tier|OU
|rated
|clearpoke
|poke|p1|Mamoswine, M
|poke|p1|Starmie
|poke|p1|Dragonite, F
|poke|p1|Breloom, M
|poke|p1|Scizor, F
|poke|p1|Gengar, F
|poke|p2|Heatran, M
|poke|p2|Talonflame, M
|poke|p2|Sylveon, M
|poke|p2|Manaphy
|poke|p2|Genesect
|poke|p2|Lucario, F
|rule|Sleep Clause Mod: Limit one foe put to sleep
|rule|Species Clause: Limit one of each Pokemon
|rule|OHKO Clause: OHKO moves are banned
|rule|Moody Clause: Moody is banned
|rule|Evasion Moves Clause: Evasion moves are banned
|rule|Endless Battle Clause: Forcing endless battles is banned.
|rule|HP Percentage Mod: HP is reported as percentages
|teampreview
|callback|decision
|join|Neonxdd
|
|start
|switch|p1a: Breloom|Breloom, M|262\/262
|switch|p2a: Talonflame|Talonflame, M|359\/359
|turn|1
|callback|decision
|
|move|p2a: Talonflame|Brave Bird|p1a: Breloom
|-supereffective|p1a: Breloom
|-enditem|p1a: Breloom|Focus Sash
|-damage|p1a: Breloom|1\/262
|-damage|p2a: Talonflame|273\/359|[from] recoil|[of] p1a: Breloom
|move|p1a: Breloom|Spore|p2a: Talonflame
|-status|p2a: Talonflame|slp
|
|turn|2
|callback|decision
|chat|Neonxdd|lol.could ask gamefreak to add in more pp for endeavor
|chat|Valmanway|Ikr?
|
|switch|p1a: Mamoswine|Mamoswine, M|361\/361
|cant|p2a: Talonflame|slp
|
|turn|3
|callback|decision
|
|cant|p2a: Talonflame|slp
|move|p1a: Mamoswine|Stealth Rock|p2a: Talonflame
|-sidestart|p2: Super Mario Bros|move: Stealth Rock
|
|turn|4
|callback|decision
|
|-curestatus|p2a: Talonflame|slp
|move|p2a: Talonflame|Brave Bird|p1a: Mamoswine
|-damage|p1a: Mamoswine|45\/361
|-damage|p2a: Talonflame|169\/359|[from] recoil|[of] p1a: Mamoswine
|move|p1a: Mamoswine|Ice Shard|p2a: Talonflame
|-damage|p2a: Talonflame|82\/359
|
|turn|5
|callback|decision
|
|switch|p1a: Breloom|Breloom, M|1\/262
|move|p2a: Talonflame|Brave Bird|p1a: Breloom
|-supereffective|p1a: Breloom
|-damage|p1a: Breloom|0 fnt
|-damage|p2a: Talonflame|81\/359|[from] recoil|[of] p1a: Breloom
|faint|p1a: Breloom
|
|callback|decision
|
|switch|p1a: Dragonite|Dragonite, F|324\/324
|turn|6
|callback|decision
|
|move|p1a: Dragonite|Extreme Speed|p2a: Talonflame
|-damage|p2a: Talonflame|0 fnt
|faint|p2a: Talonflame
|
|callback|decision
|
|switch|p2a: Heatran|Heatran, M|386\/386
|-damage|p2a: Heatran|338\/386|[from] Stealth Rock
|turn|7
|callback|decision
|
|move|p1a: Dragonite|Earthquake|p2a: Heatran
|-supereffective|p2a: Heatran
|-damage|p2a: Heatran|0 fnt
|faint|p2a: Heatran
|
|callback|decision
|
|switch|p2a: Sylveon|Sylveon, M|392\/392
|-damage|p2a: Sylveon|343\/392|[from] Stealth Rock
|turn|8
|callback|decision
|
|switch|p1a: Scizor|Scizor, F|343\/343
|move|p2a: Sylveon|Hyper Voice|p1a: Scizor
|-resisted|p1a: Scizor
|-damage|p1a: Scizor|216\/343
|
|turn|9
|callback|decision
|
|switch|p2a: Manaphy|Manaphy|404\/404
|-damage|p2a: Manaphy|354\/404|[from] Stealth Rock
|-formechange|p1a: Scizor|Scizor-Mega
|message|Scizor has Mega Evolved into Mega Scizor!
|move|p1a: Scizor|Roost|p1a: Scizor
|-heal|p1a: Scizor|343\/343
|
|-heal|p2a: Manaphy|379\/404|[from] item: Leftovers
|turn|10
|callback|decision
|
|move|p2a: Manaphy|Tail Glow|p2a: Manaphy
|-boost|p2a: Manaphy|spa|3
|move|p1a: Scizor|Swords Dance|p1a: Scizor
|-boost|p1a: Scizor|atk|2
|
|-heal|p2a: Manaphy|404\/404|[from] item: Leftovers
|turn|11
|callback|decision
|
|move|p2a: Manaphy|Scald|p1a: Scizor
|-damage|p1a: Scizor|151\/343
|move|p1a: Scizor|Bug Bite|p2a: Manaphy
|-damage|p2a: Manaphy|110\/404
|
|-heal|p2a: Manaphy|135\/404|[from] item: Leftovers
|turn|12
|callback|decision
|
|move|p1a: Scizor|Bullet Punch|p2a: Manaphy
|-resisted|p2a: Manaphy
|-damage|p2a: Manaphy|36\/404
|move|p2a: Manaphy|Scald|p1a: Scizor
|-damage|p1a: Scizor|0 fnt
|faint|p1a: Scizor
|
|-heal|p2a: Manaphy|61\/404|[from] item: Leftovers
|callback|decision
|
|switch|p1a: Dragonite|Dragonite, F|324\/324
|turn|13
|callback|decision
|
|move|p1a: Dragonite|Extreme Speed|p2a: Manaphy
|-damage|p2a: Manaphy|0 fnt
|faint|p2a: Manaphy
|
|callback|decision
|
|switch|p2a: Sylveon|Sylveon, M|343\/392
|-damage|p2a: Sylveon|294\/392|[from] Stealth Rock
|turn|14
|callback|decision
|
|switch|p1a: Gengar|Gengar, F|262\/262
|move|p2a: Sylveon|Hyper Voice|p1a: Gengar
|-resisted|p1a: Gengar
|-damage|p1a: Gengar|53\/262
|
|-heal|p1a: Gengar|69\/262|[from] item: Black Sludge
|turn|15
|callback|decision
|
|move|p1a: Gengar|Disable|p2a: Sylveon
|-start|p2a: Sylveon|Disable|Hyper Voice
|cant|p2a: Sylveon|Disable|Hyper Voice
|
|-heal|p1a: Gengar|85\/262|[from] item: Black Sludge
|turn|16
|callback|decision
|
|switch|p2a: Genesect|Genesect|283\/283
|-damage|p2a: Genesect|248\/283|[from] Stealth Rock
|-boost|p2a: Genesect|atk|1|[from] ability: Download
|move|p1a: Gengar|Substitute|p1a: Gengar
|-start|p1a: Gengar|Substitute
|-damage|p1a: Gengar|20\/262
|
|-heal|p1a: Gengar|36\/262|[from] item: Black Sludge
|turn|17
|callback|decision
|
|move|p2a: Genesect|Ice Beam|p1a: Gengar
|-end|p1a: Gengar|Substitute
|move|p1a: Gengar|Shadow Ball|p2a: Genesect
|-damage|p2a: Genesect|110\/283
|
|-heal|p1a: Gengar|52\/262|[from] item: Black Sludge
|turn|18
|callback|decision
|
|switch|p2a: Sylveon|Sylveon, M|294\/392
|-damage|p2a: Sylveon|245\/392|[from] Stealth Rock
|switch|p1a: Starmie|Starmie|261\/261
|
|turn|19
|callback|decision
|
|move|p1a: Starmie|Surf|p2a: Sylveon
|-damage|p2a: Sylveon|140\/392
|move|p2a: Sylveon|Hyper Voice|p1a: Starmie
|-damage|p1a: Starmie|0 fnt
|faint|p1a: Starmie
|
|callback|decision
|
|switch|p1a: Mamoswine|Mamoswine, M|45\/361
|turn|20
|callback|decision
|
|move|p1a: Mamoswine|Earthquake|p2a: Sylveon
|-damage|p2a: Sylveon|0 fnt
|faint|p2a: Sylveon
|
|callback|decision
|
|switch|p2a: Lucario|Lucario, F|281\/281
|-damage|p2a: Lucario|273\/281|[from] Stealth Rock
|turn|21
|callback|decision
|
|-formechange|p2a: Lucario|Lucario-Mega
|message|Lucario has Mega Evolved into Mega Lucario!
|move|p2a: Lucario|Bullet Punch|p1a: Mamoswine
|-supereffective|p1a: Mamoswine
|-damage|p1a: Mamoswine|0 fnt
|faint|p1a: Mamoswine
|
|callback|decision
|
|switch|p1a: Dragonite|Dragonite, F|324\/324
|turn|22
|callback|decision
|
|move|p2a: Lucario|Close Combat|p1a: Dragonite
|-resisted|p1a: Dragonite
|-damage|p1a: Dragonite|245\/324
|-unboost|p2a: Lucario|def|1
|-unboost|p2a: Lucario|spd|1
|move|p1a: Dragonite|Earthquake|p2a: Lucario
|-supereffective|p2a: Lucario
|-damage|p2a: Lucario|0 fnt
|faint|p2a: Lucario
|
|callback|decision
|
|switch|p2a: Genesect|Genesect|110\/283
|-damage|p2a: Genesect|75\/283|[from] Stealth Rock
|-boost|p2a: Genesect|atk|1|[from] ability: Download
|turn|23
|callback|decision
|
|move|p1a: Dragonite|Extreme Speed|p2a: Genesect
|-resisted|p2a: Genesect
|-damage|p2a: Genesect|21\/283
|move|p2a: Genesect|Ice Beam|p1a: Dragonite
|-supereffective|p1a: Dragonite
|-damage|p1a: Dragonite|0 fnt
|faint|p1a: Dragonite
|
|callback|decision
|
|switch|p1a: Gengar|Gengar, F|52\/262
|turn|24
|callback|decision
|chat|Neonxdd|scarfed
|chat|Super Mario Bros|inb4 some priority move i never knew gengar had
|chat|Neonxdd|lol
|
|move|p2a: Genesect|Ice Beam|p1a: Gengar
|-damage|p1a: Gengar|0 fnt
|faint|p1a: Gengar
|
|win|Super Mario Bros
|raw|Ladder updating...
|chat|Valmanway|gg.
|raw|Valmanway's rating: 1399 &rarr; <strong>1370<\/strong><br \/>(-29 for losing)
|raw|Super Mario Bros's rating: 1348 &rarr; <strong>1376<\/strong><br \/>(+28 for winning)
|chat|Super Mario Bros|gg