|join|Super Mario Bros
|join|J. Marshall
|player|p1|Super Mario Bros|155
|player|p2|J. Marshall|238
|gametype|singles
|gen|6
|tier|OU
|rated
|clearpoke
|poke|p1|Medicham, F, shiny
|poke|p1|Suicune, shiny
|poke|p1|Ditto, shiny
|poke|p1|Jirachi, shiny
|poke|p1|Machamp, M
|poke|p1|Diggersby, M
|poke|p2|Vaporeon, M
|poke|p2|Venusaur, M
|poke|p2|Rotom-Heat
|poke|p2|Skarmory, M
|poke|p2|Lucario, M
|poke|p2|Garchomp, M
|rule|Sleep Clause Mod: Limit one foe put to sleep
|rule|Species Clause: Limit one of each Pokemon
|rule|OHKO Clause: OHKO moves are banned
|rule|Moody Clause: Moody is banned
|rule|Evasion Moves Clause: Evasion moves are banned
|rule|Endless Battle Clause: Forcing endless battles is banned.
|rule|HP Percentage Mod: HP is reported as percentages
|teampreview
|chat|J. Marshall|Good luck
|
|start
|switch|p1a: Machamp|Machamp, M|384\/384
|switch|p2a: Rotom-Heat|Rotom-Heat|242\/242
|turn|1
|
|move|p2a: Rotom-Heat|Volt Switch|p1a: Machamp
|-damage|p1a: Machamp|297\/384
|
|switch|p2a: Skarmory|Skarmory, M|334\/334
|move|p1a: Machamp|Knock Off|p2a: Skarmory
|-damage|p2a: Skarmory|267\/334
|-enditem|p2a: Skarmory|Leftovers|[from] move: Knock Off|[of] p1a: Machamp
|
|turn|2
|
|move|p2a: Skarmory|Stealth Rock|p1a: Machamp
|-sidestart|p1: Super Mario Bros|move: Stealth Rock
|move|p1a: Machamp|Dynamic Punch|p2a: Skarmory
|-damage|p2a: Skarmory|149\/334
|-start|p2a: Skarmory|confusion
|
|turn|3
|
|switch|p2a: Venusaur|Venusaur, M|364\/364
|move|p1a: Machamp|Dynamic Punch|p2a: Venusaur
|-resisted|p2a: Venusaur
|-damage|p2a: Venusaur|291\/364
|-start|p2a: Venusaur|confusion
|
|turn|4
|
|switch|p1a: Jirachi|Jirachi, shiny|404\/404
|-damage|p1a: Jirachi|379\/404|[from] Stealth Rock
|-formechange|p2a: Venusaur|Venusaur-Mega
|message|Venusaur has Mega Evolved into Mega Venusaur!
|-activate|p2a: Venusaur|confusion
|-damage|p2a: Venusaur|273\/364|[from] confusion
|
|-heal|p1a: Jirachi|404\/404|[from] item: Leftovers
|turn|5
|
|switch|p2a: Rotom-Heat|Rotom-Heat|242\/242
|move|p1a: Jirachi|Stealth Rock|p2a: Rotom-Heat
|-sidestart|p2: J. Marshall|move: Stealth Rock
|
|turn|6
|
|switch|p1a: Machamp|Machamp, M|297\/384
|-damage|p1a: Machamp|273\/384|[from] Stealth Rock
|move|p2a: Rotom-Heat|Volt Switch|p1a: Machamp
|-damage|p1a: Machamp|192\/384
|
|switch|p2a: Lucario|Lucario, M|281\/281
|-damage|p2a: Lucario|273\/281|[from] Stealth Rock
|
|turn|7
|
|move|p2a: Lucario|Close Combat|p1a: Machamp
|-damage|p1a: Machamp|0 fnt
|-unboost|p2a: Lucario|def|1
|-unboost|p2a: Lucario|spd|1
|-damage|p2a: Lucario|245\/281|[from] item: Life Orb
|faint|p1a: Machamp
|
|
|switch|p1a: Suicune|Suicune, shiny|404\/404
|-damage|p1a: Suicune|354\/404|[from] Stealth Rock
|-ability|p1a: Suicune|Pressure
|turn|8
|
|switch|p2a: Vaporeon|Vaporeon, M|464\/464
|-damage|p2a: Vaporeon|406\/464|[from] Stealth Rock
|move|p1a: Suicune|Scald|p2a: Vaporeon
|-heal|p2a: Vaporeon|464\/464|[from] ability: Water Absorb|[of] p1a: Suicune
|
|-heal|p1a: Suicune|379\/404|[from] item: Leftovers
|turn|9
|
|switch|p1a: Jirachi|Jirachi, shiny|404\/404
|-damage|p1a: Jirachi|379\/404|[from] Stealth Rock
|move|p2a: Vaporeon|Wish|p2a: Vaporeon
|
|-heal|p1a: Jirachi|404\/404|[from] item: Leftovers
|turn|10
|
|switch|p2a: Rotom-Heat|Rotom-Heat|242\/242
|-damage|p2a: Rotom-Heat|182\/242|[from] Stealth Rock
|move|p1a: Jirachi|Thunder Wave|p2a: Rotom-Heat
|-fail|p2a: Rotom-Heat
|
|-heal|p2a: Rotom-Heat|242\/242|[from] move: Wish|[wisher] Vaporeon
|turn|11
|
|switch|p1a: Ditto|Ditto, shiny|300\/300
|-damage|p1a: Ditto|263\/300|[from] Stealth Rock
|-transform|p1a: Ditto|p2a: Rotom-Heat
|move|p2a: Rotom-Heat|Trick|p1a: Ditto
|-activate|p2a: Rotom-Heat|move: Trick|[of] p1a: Ditto
|-item|p1a: Ditto|Choice Scarf|[from] move: Trick
|-item|p2a: Rotom-Heat|Choice Scarf|[from] move: Trick
|
|turn|12
|chat|J. Marshall|lmao
|
|move|p2a: Rotom-Heat|Volt Switch|p1a: Ditto
|-resisted|p1a: Ditto
|-damage|p1a: Ditto|215\/300
|
|switch|p2a: Garchomp|Garchomp, M|358\/358
|-damage|p2a: Garchomp|336\/358|[from] Stealth Rock
|move|p1a: Ditto|Volt Switch|p2a: Garchomp
|-immune|p2a: Garchomp|[msg]
|
|turn|13
|
|switch|p1a: Suicune|Suicune, shiny|379\/404
|-damage|p1a: Suicune|329\/404|[from] Stealth Rock
|-ability|p1a: Suicune|Pressure
|move|p2a: Garchomp|Swords Dance|p2a: Garchomp
|-boost|p2a: Garchomp|atk|2
|
|-heal|p1a: Suicune|354\/404|[from] item: Leftovers
|turn|14
|
|move|p2a: Garchomp|Outrage|p1a: Suicune
|-damage|p1a: Suicune|86\/404
|move|p1a: Suicune|Scald|p2a: Garchomp
|-crit|p2a: Garchomp
|-damage|p2a: Garchomp|182\/358
|-status|p2a: Garchomp|brn
|
|-heal|p1a: Suicune|111\/404|[from] item: Leftovers
|-damage|p2a: Garchomp|138\/358 brn|[from] brn
|turn|15
|
|switch|p1a: Jirachi|Jirachi, shiny|404\/404
|-damage|p1a: Jirachi|379\/404|[from] Stealth Rock
|move|p2a: Garchomp|Outrage|p1a: Jirachi
|-resisted|p1a: Jirachi
|-damage|p1a: Jirachi|304\/404
|
|-heal|p1a: Jirachi|329\/404|[from] item: Leftovers
|-damage|p2a: Garchomp|94\/358 brn|[from] brn
|turn|16
|
|move|p2a: Garchomp|Outrage|p1a: Jirachi
|-resisted|p1a: Jirachi
|-damage|p1a: Jirachi|253\/404
|move|p1a: Jirachi|Iron Head|p2a: Garchomp
|-damage|p2a: Garchomp|1\/358 brn
|-damage|p1a: Jirachi|203\/404|[from] ability: Rough Skin|[of] p2a: Garchomp
|
|-end|p2a: Garchomp|rampage
|-start|p2a: Garchomp|confusion
|-heal|p1a: Jirachi|228\/404|[from] item: Leftovers
|-damage|p2a: Garchomp|0 fnt|[from] brn
|faint|p2a: Garchomp
|
|switch|p2a: Rotom-Heat|Rotom-Heat|242\/242
|-damage|p2a: Rotom-Heat|182\/242|[from] Stealth Rock
|turn|17
|
|switch|p1a: Ditto|Ditto, shiny|215\/300
|-damage|p1a: Ditto|178\/300|[from] Stealth Rock
|-transform|p1a: Ditto|p2a: Rotom-Heat
|move|p2a: Rotom-Heat|Overheat|p1a: Ditto
|-resisted|p1a: Ditto
|-damage|p1a: Ditto|81\/300
|-unboost|p2a: Rotom-Heat|spa|2
|
|turn|18
|
|move|p1a: Ditto|Volt Switch|p2a: Rotom-Heat
|-resisted|p2a: Rotom-Heat
|-damage|p2a: Rotom-Heat|131\/242
|
|switch|p1a: Suicune|Suicune, shiny|111\/404
|-damage|p1a: Suicune|61\/404|[from] Stealth Rock
|-ability|p1a: Suicune|Pressure
|move|p2a: Rotom-Heat|Overheat|p1a: Suicune
|-resisted|p1a: Suicune
|-damage|p1a: Suicune|19\/404
|-unboost|p2a: Rotom-Heat|spa|2
|
|-heal|p1a: Suicune|44\/404|[from] item: Leftovers
|turn|19
|
|move|p2a: Rotom-Heat|Overheat|p1a: Suicune|[miss]
|-miss|p2a: Rotom-Heat|p1a: Suicune
|move|p1a: Suicune|Rest|p1a: Suicune
|-status|p1a: Suicune|slp
|-heal|p1a: Suicune|404\/404 slp|[silent]
|-status|p1a: Suicune|slp|[from] move: Rest
|
|turn|20
|
|switch|p2a: Venusaur|Venusaur, M|273\/364
|-formechange|p2a: Venusaur|Venusaur-Mega
|-damage|p2a: Venusaur|228\/364|[from] Stealth Rock
|cant|p1a: Suicune|slp
|move|p1a: Suicune|Sleep Talk|p1a: Suicune
|move|p1a: Suicune|Rest|p1a: Suicune|[from]Sleep Talk
|-fail|p1a: Suicune
|
|turn|21
|
|switch|p1a: Jirachi|Jirachi, shiny|228\/404
|-damage|p1a: Jirachi|203\/404|[from] Stealth Rock
|move|p2a: Venusaur|Synthesis|p2a: Venusaur
|-heal|p2a: Venusaur|364\/364
|
|-heal|p1a: Jirachi|228\/404|[from] item: Leftovers
|turn|22
|
|switch|p2a: Rotom-Heat|Rotom-Heat|131\/242
|-damage|p2a: Rotom-Heat|71\/242|[from] Stealth Rock
|move|p1a: Jirachi|Iron Head|p2a: Rotom-Heat
|-crit|p2a: Rotom-Heat
|-resisted|p2a: Rotom-Heat
|-damage|p2a: Rotom-Heat|40\/242
|
|-heal|p1a: Jirachi|253\/404|[from] item: Leftovers
|turn|23
|
|switch|p1a: Suicune|Suicune, shiny|404\/404 slp
|-damage|p1a: Suicune|354\/404 slp|[from] Stealth Rock
|-ability|p1a: Suicune|Pressure
|move|p2a: Rotom-Heat|Volt Switch|p1a: Suicune
|-supereffective|p1a: Suicune
|-damage|p1a: Suicune|154\/404 slp
|
|switch|p2a: Skarmory|Skarmory, M|149\/334
|-damage|p2a: Skarmory|108\/334|[from] Stealth Rock
|
|-heal|p1a: Suicune|179\/404 slp|[from] item: Leftovers
|turn|24
|
|cant|p1a: Suicune|slp
|move|p1a: Suicune|Sleep Talk|p1a: Suicune
|move|p1a: Suicune|Calm Mind|p1a: Suicune|[from]Sleep Talk
|-boost|p1a: Suicune|spa|1
|-boost|p1a: Suicune|spd|1
|move|p2a: Skarmory|Defog|p1a: Suicune
|-unboost|p1a: Suicune|evasion|1
|-sideend|p1: Super Mario Bros|Stealth Rock|[from] move: Defog|[of] p1a: Suicune
|-sideend|p2: J. Marshall|Stealth Rock|[from] move: Defog|[of] p2a: Skarmory
|
|-heal|p1a: Suicune|204\/404 slp|[from] item: Leftovers
|turn|25
|
|switch|p2a: Vaporeon|Vaporeon, M|464\/464
|-curestatus|p1a: Suicune|slp
|move|p1a: Suicune|Scald|p2a: Vaporeon
|-immune|p2a: Vaporeon|[msg]
|
|-heal|p1a: Suicune|229\/404|[from] item: Leftovers
|turn|26
|chat|J. Marshall|xD
|
|switch|p1a: Medicham|Medicham, F, shiny|261\/261
|move|p2a: Vaporeon|Scald|p1a: Medicham
|-damage|p1a: Medicham|125\/261
|
|turn|27
|
|-formechange|p1a: Medicham|Medicham-Mega
|message|Medicham has Mega Evolved into Mega Medicham!
|move|p1a: Medicham|High Jump Kick|p2a: Vaporeon
|-damage|p2a: Vaporeon|0 fnt
|faint|p2a: Vaporeon
|
|
|switch|p2a: Rotom-Heat|Rotom-Heat|40\/242
|turn|28
|chat|J. Marshall|why didn't I protect
|chat|J. Marshall|xD
|
|switch|p1a: Suicune|Suicune, shiny|229\/404
|-ability|p1a: Suicune|Pressure
|move|p2a: Rotom-Heat|Discharge|p1a: Suicune
|-supereffective|p1a: Suicune
|-damage|p1a: Suicune|19\/404
|
|-heal|p1a: Suicune|44\/404|[from] item: Leftovers
|turn|29
|
|switch|p1a: Diggersby|Diggersby, M|311\/311
|move|p2a: Rotom-Heat|Discharge|p1a: Diggersby
|-immune|p1a: Diggersby|[msg]
|
|turn|30
|
|switch|p2a: Skarmory|Skarmory, M|108\/334
|move|p1a: Diggersby|Earthquake|p2a: Skarmory
|-immune|p2a: Skarmory|[msg]
|
|turn|31
|
|move|p1a: Diggersby|Swords Dance|p1a: Diggersby
|-boost|p1a: Diggersby|atk|2
|move|p2a: Skarmory|Brave Bird|p1a: Diggersby
|-damage|p1a: Diggersby|175\/311
|-damage|p2a: Skarmory|63\/334|[from] recoil|[of] p1a: Diggersby
|
|turn|32
|
|move|p1a: Diggersby|Return|p2a: Skarmory
|-resisted|p2a: Skarmory
|-damage|p2a: Skarmory|0 fnt
|faint|p2a: Skarmory
|
|
|switch|p2a: Venusaur|Venusaur, M|364\/364
|-formechange|p2a: Venusaur|Venusaur-Mega
|turn|33
|
|move|p1a: Diggersby|Return|p2a: Venusaur
|-damage|p2a: Venusaur|18\/364
|move|p2a: Venusaur|Giga Drain|p1a: Diggersby
|-supereffective|p1a: Diggersby
|-damage|p1a: Diggersby|0 fnt
|-heal|p2a: Venusaur|106\/364|[from] drain|[of] p1a: Diggersby
|faint|p1a: Diggersby
|
|
|switch|p1a: Medicham|Medicham, F, shiny|125\/261
|-formechange|p1a: Medicham|Medicham-Mega
|turn|34
|
|move|p1a: Medicham|High Jump Kick|p2a: Venusaur
|-resisted|p2a: Venusaur
|-damage|p2a: Venusaur|0 fnt
|faint|p2a: Venusaur
|
|
|switch|p2a: Rotom-Heat|Rotom-Heat|40\/242
|turn|35
|
|switch|p1a: Suicune|Suicune, shiny|44\/404
|-ability|p1a: Suicune|Pressure
|move|p2a: Rotom-Heat|Discharge|p1a: Suicune
|-supereffective|p1a: Suicune
|-damage|p1a: Suicune|0 fnt
|faint|p1a: Suicune
|
|
|switch|p1a: Jirachi|Jirachi, shiny|253\/404
|turn|36
|
|switch|p2a: Lucario|Lucario, M|245\/281
|move|p1a: Jirachi|Stealth Rock|p2a: Lucario
|-sidestart|p2: J. Marshall|move: Stealth Rock
|
|-heal|p1a: Jirachi|278\/404|[from] item: Leftovers
|turn|37
|
|move|p2a: Lucario|Crunch|p1a: Jirachi
|-supereffective|p1a: Jirachi
|-damage|p1a: Jirachi|112\/404
|-damage|p2a: Lucario|217\/281|[from] item: Life Orb
|move|p1a: Jirachi|Healing Wish|p1a: Jirachi
|faint|p1a: Jirachi
|
|
|switch|p1a: Ditto|Ditto, shiny|81\/300
|-heal|p1a: Ditto|300\/300|[from] move: Healing Wish
|-transform|p1a: Ditto|p2a: Lucario
|turn|38
|chat|J. Marshall|wp man
|chat|J. Marshall|gg
|
|move|p1a: Ditto|Close Combat|p2a: Lucario
|-supereffective|p2a: Lucario
|-damage|p2a: Lucario|0 fnt
|-unboost|p1a: Ditto|def|1
|-unboost|p1a: Ditto|spd|1
|faint|p2a: Lucario
|
|chat|Super Mario Bros|gg
|
|switch|p2a: Rotom-Heat|Rotom-Heat|40\/242
|-damage|p2a: Rotom-Heat|0 fnt|[from] Stealth Rock
|faint|p2a: Rotom-Heat
|
|win|Super Mario Bros
|raw|Ladder updating...
|raw|Super Mario Bros's rating: 1612 &rarr; <strong>1629<\/strong><br \/>(+17 for winning)
|raw|J. Marshall's rating: 1569 &rarr; <strong>1551<\/strong><br \/>(-18 for losing)