|join|Super Mario Bros
|join|Ginger Origin
|player|p1|Super Mario Bros|155
|player|p2|Ginger Origin|219
|gametype|singles
|gen|6
|tier|OU
|rated
|clearpoke
|poke|p1|Medicham, F, shiny
|poke|p1|Suicune, shiny
|poke|p1|Ditto, shiny
|poke|p1|Jirachi, shiny
|poke|p1|Machamp, M
|poke|p1|Diggersby, M
|poke|p2|Genesect, shiny
|poke|p2|Heatran, F
|poke|p2|Rotom-Wash
|poke|p2|Azumarill, F, shiny
|poke|p2|Dragonite, F
|poke|p2|Lucario, F, shiny
|rule|Sleep Clause Mod: Limit one foe put to sleep
|rule|Species Clause: Limit one of each Pokemon
|rule|OHKO Clause: OHKO moves are banned
|rule|Moody Clause: Moody is banned
|rule|Evasion Moves Clause: Evasion moves are banned
|rule|Endless Battle Clause: Forcing endless battles is banned.
|rule|HP Percentage Mod: HP is reported as percentages
|teampreview
|
|start
|switch|p1a: Machamp|Machamp, M|384\/384
|switch|p2a: Genesect|Genesect, shiny|283\/283
|-boost|p2a: Genesect|atk|1|[from] ability: Download
|turn|1
|
|move|p2a: Genesect|U-turn|p1a: Machamp
|-resisted|p1a: Machamp
|-damage|p1a: Machamp|305\/384
|
|switch|p2a: Azumarill|Azumarill, F, shiny|404\/404
|move|p1a: Machamp|Dynamic Punch|p2a: Azumarill
|-resisted|p2a: Azumarill
|-damage|p2a: Azumarill|280\/404
|-start|p2a: Azumarill|confusion
|
|turn|2
|
|move|p1a: Machamp|Knock Off|p2a: Azumarill
|-resisted|p2a: Azumarill
|-damage|p2a: Azumarill|203\/404
|-enditem|p2a: Azumarill|Sitrus Berry|[from] move: Knock Off|[of] p1a: Machamp
|-activate|p2a: Azumarill|confusion
|-damage|p2a: Azumarill|130\/404|[from] confusion
|
|turn|3
|
|switch|p1a: Jirachi|Jirachi, shiny|404\/404
|-activate|p2a: Azumarill|confusion
|-damage|p2a: Azumarill|61\/404|[from] confusion
|
|turn|4
|
|-end|p2a: Azumarill|confusion
|move|p2a: Azumarill|Aqua Jet|p1a: Jirachi
|-damage|p1a: Jirachi|340\/404
|move|p1a: Jirachi|Stealth Rock|p2a: Azumarill
|-sidestart|p2: Ginger Origin|move: Stealth Rock
|
|-heal|p1a: Jirachi|365\/404|[from] item: Leftovers
|turn|5
|
|move|p1a: Jirachi|Iron Head|p2a: Azumarill
|-damage|p2a: Azumarill|0 fnt
|faint|p2a: Azumarill
|
|-heal|p1a: Jirachi|390\/404|[from] item: Leftovers
|
|switch|p2a: Genesect|Genesect, shiny|283\/283
|-damage|p2a: Genesect|248\/283|[from] Stealth Rock
|-boost|p2a: Genesect|spa|1|[from] ability: Download
|turn|6
|
|move|p2a: Genesect|U-turn|p1a: Jirachi
|-damage|p1a: Jirachi|317\/404
|
|switch|p2a: Heatran|Heatran, F|385\/385
|-damage|p2a: Heatran|337\/385|[from] Stealth Rock
|move|p1a: Jirachi|Thunder Wave|p2a: Heatran
|-status|p2a: Heatran|par
|
|-heal|p1a: Jirachi|342\/404|[from] item: Leftovers
|-heal|p2a: Heatran|361\/385 par|[from] item: Leftovers
|turn|7
|
|switch|p1a: Machamp|Machamp, M|305\/384
|move|p2a: Heatran|Stealth Rock|p1a: Machamp
|-sidestart|p1: Super Mario Bros|move: Stealth Rock
|
|-heal|p2a: Heatran|385\/385 par|[from] item: Leftovers
|turn|8
|
|switch|p2a: Rotom-Wash|Rotom-Wash|304\/304
|-damage|p2a: Rotom-Wash|266\/304|[from] Stealth Rock
|move|p1a: Machamp|Dynamic Punch|p2a: Rotom-Wash
|-damage|p2a: Rotom-Wash|134\/304
|-start|p2a: Rotom-Wash|confusion
|
|turn|9
|
|-activate|p2a: Rotom-Wash|confusion
|move|p2a: Rotom-Wash|Rest|p2a: Rotom-Wash
|-status|p2a: Rotom-Wash|slp
|-heal|p2a: Rotom-Wash|304\/304 slp|[silent]
|-status|p2a: Rotom-Wash|slp|[from] move: Rest
|-enditem|p2a: Rotom-Wash|Chesto Berry|[eat]
|-curestatus|p2a: Rotom-Wash|slp
|move|p1a: Machamp|Dynamic Punch|p2a: Rotom-Wash
|-damage|p2a: Rotom-Wash|175\/304
|
|turn|10
|
|-activate|p2a: Rotom-Wash|confusion
|-damage|p2a: Rotom-Wash|160\/304|[from] confusion
|move|p1a: Machamp|Dynamic Punch|p2a: Rotom-Wash
|-damage|p2a: Rotom-Wash|24\/304
|
|turn|11
|
|switch|p1a: Ditto|Ditto, shiny|300\/300
|-damage|p1a: Ditto|263\/300|[from] Stealth Rock
|-transform|p1a: Ditto|p2a: Rotom-Wash
|-activate|p2a: Rotom-Wash|confusion
|-damage|p2a: Rotom-Wash|11\/304|[from] confusion
|
|turn|12
|
|move|p1a: Ditto|Volt Switch|p2a: Rotom-Wash
|-damage|p2a: Rotom-Wash|0 fnt
|faint|p2a: Rotom-Wash
|
|switch|p1a: Medicham|Medicham, F, shiny|261\/261
|-damage|p1a: Medicham|245\/261|[from] Stealth Rock
|
|
|switch|p2a: Genesect|Genesect, shiny|248\/283
|-damage|p2a: Genesect|213\/283|[from] Stealth Rock
|-boost|p2a: Genesect|spa|1|[from] ability: Download
|turn|13
|
|switch|p1a: Machamp|Machamp, M|305\/384
|-damage|p1a: Machamp|281\/384|[from] Stealth Rock
|move|p2a: Genesect|U-turn|p1a: Machamp
|-resisted|p1a: Machamp
|-damage|p1a: Machamp|221\/384
|
|switch|p2a: Dragonite|Dragonite, F|324\/324
|-damage|p2a: Dragonite|243\/324|[from] Stealth Rock
|
|turn|14
|
|move|p2a: Dragonite|Outrage|p1a: Machamp
|-damage|p1a: Machamp|0 fnt
|faint|p1a: Machamp
|
|
|switch|p1a: Medicham|Medicham, F, shiny|245\/261
|-damage|p1a: Medicham|229\/261|[from] Stealth Rock
|turn|15
|
|-formechange|p1a: Medicham|Medicham-Mega
|message|Medicham has Mega Evolved into Mega Medicham!
|move|p1a: Medicham|Ice Punch|p2a: Dragonite
|-supereffective|p2a: Dragonite
|-damage|p2a: Dragonite|0 fnt
|faint|p2a: Dragonite
|
|
|switch|p2a: Genesect|Genesect, shiny|213\/283
|-damage|p2a: Genesect|178\/283|[from] Stealth Rock
|-boost|p2a: Genesect|spa|1|[from] ability: Download
|turn|16
|
|switch|p1a: Jirachi|Jirachi, shiny|342\/404
|-damage|p1a: Jirachi|317\/404|[from] Stealth Rock
|move|p2a: Genesect|Flamethrower|p1a: Jirachi
|-supereffective|p1a: Jirachi
|-damage|p1a: Jirachi|3\/404
|
|-heal|p1a: Jirachi|28\/404|[from] item: Leftovers
|turn|17
|
|switch|p1a: Suicune|Suicune, shiny|404\/404
|-damage|p1a: Suicune|354\/404|[from] Stealth Rock
|-ability|p1a: Suicune|Pressure
|move|p2a: Genesect|Flamethrower|p1a: Suicune
|-resisted|p1a: Suicune
|-damage|p1a: Suicune|282\/404
|
|-heal|p1a: Suicune|307\/404|[from] item: Leftovers
|turn|18
|
|switch|p2a: Heatran|Heatran, F|385\/385 par
|-damage|p2a: Heatran|337\/385 par|[from] Stealth Rock
|move|p1a: Suicune|Scald|p2a: Heatran
|-supereffective|p2a: Heatran
|-damage|p2a: Heatran|209\/385 par
|
|-heal|p1a: Suicune|332\/404|[from] item: Leftovers
|-heal|p2a: Heatran|233\/385 par|[from] item: Leftovers
|turn|19
|
|move|p1a: Suicune|Scald|p2a: Heatran
|-supereffective|p2a: Heatran
|-damage|p2a: Heatran|123\/385 par
|move|p2a: Heatran|Lava Plume|p1a: Suicune
|-resisted|p1a: Suicune
|-damage|p1a: Suicune|280\/404
|
|-heal|p1a: Suicune|305\/404|[from] item: Leftovers
|-heal|p2a: Heatran|147\/385 par|[from] item: Leftovers
|turn|20
|
|move|p1a: Suicune|Calm Mind|p1a: Suicune
|-boost|p1a: Suicune|spa|1
|-boost|p1a: Suicune|spd|1
|move|p2a: Heatran|Lava Plume|p1a: Suicune
|-resisted|p1a: Suicune
|-damage|p1a: Suicune|268\/404
|
|-heal|p1a: Suicune|293\/404|[from] item: Leftovers
|-heal|p2a: Heatran|171\/385 par|[from] item: Leftovers
|turn|21
|
|move|p1a: Suicune|Scald|p2a: Heatran
|-supereffective|p2a: Heatran
|-damage|p2a: Heatran|7\/385 par
|move|p2a: Heatran|Roar|p1a: Suicune
|drag|p1a: Medicham|Medicham, F, shiny|229\/261
|-formechange|p1a: Medicham|Medicham-Mega
|-damage|p1a: Medicham|213\/261|[from] Stealth Rock
|
|-heal|p2a: Heatran|31\/385 par|[from] item: Leftovers
|turn|22
|
|move|p1a: Medicham|Ice Punch|p2a: Heatran
|-resisted|p2a: Heatran
|-damage|p2a: Heatran|0 fnt
|faint|p2a: Heatran
|
|
|switch|p2a: Lucario|Lucario, F, shiny|281\/281
|-damage|p2a: Lucario|273\/281|[from] Stealth Rock
|turn|23
|
|-formechange|p2a: Lucario|Lucario-Mega
|message|Lucario has Mega Evolved into Mega Lucario!
|move|p1a: Medicham|Fire Punch|p2a: Lucario
|-supereffective|p2a: Lucario
|-damage|p2a: Lucario|0 fnt
|faint|p2a: Lucario
|
|leave|Ginger Origin
|player|p2
|-message|gingerorigin lost due to inactivity.
|
|win|Super Mario Bros
|raw|Ladder updating...
|raw|Super Mario Bros's rating: 1693 &rarr; <strong>1702<\/strong><br \/>(+9 for winning)
|raw|Ginger Origin's rating: 1462 &rarr; <strong>1453<\/strong><br \/>(-9 for losing)