|join|Super Mario Bros
|join|Siamesemoo
|player|p1|Super Mario Bros|155
|player|p2|Siamesemoo|265
|gametype|singles
|gen|6
|tier|OU
|rated
|clearpoke
|poke|p1|Heatran, M
|poke|p1|Talonflame, M
|poke|p1|Sylveon, M
|poke|p1|Manaphy
|poke|p1|Genesect
|poke|p1|Lucario, M
|poke|p2|Genesect, shiny
|poke|p2|Conkeldurr, M
|poke|p2|Mawile, M
|poke|p2|Rotom-Wash
|poke|p2|Espeon, M
|poke|p2|Dugtrio, F, shiny
|rule|Sleep Clause Mod: Limit one foe put to sleep
|rule|Species Clause: Limit one of each Pokemon
|rule|OHKO Clause: OHKO moves are banned
|rule|Moody Clause: Moody is banned
|rule|Evasion Moves Clause: Evasion moves are banned
|rule|Endless Battle Clause: Forcing endless battles is banned.
|rule|HP Percentage Mod: HP is reported as percentages
|teampreview
|callback|decision
|
|start
|switch|p1a: Sylveon|Sylveon, M|392\/392
|switch|p2a: Dugtrio|Dugtrio, F, shiny|211\/211
|turn|1
|callback|decision
|
|move|p2a: Dugtrio|Stealth Rock|p1a: Sylveon
|-sidestart|p1: Super Mario Bros|move: Stealth Rock
|move|p1a: Sylveon|Hyper Voice|p2a: Dugtrio
|-enditem|p2a: Dugtrio|Focus Sash
|-damage|p2a: Dugtrio|1\/211
|
|turn|2
|callback|decision
|
|switch|p2a: Rotom-Wash|Rotom-Wash|304\/304
|move|p1a: Sylveon|Hyper Voice|p2a: Rotom-Wash
|-damage|p2a: Rotom-Wash|18\/304
|
|turn|3
|callback|decision
|
|move|p2a: Rotom-Wash|Volt Switch|p1a: Sylveon
|-damage|p1a: Sylveon|325\/392
|callback|decision
|
|switch|p2a: Genesect|Genesect, shiny|283\/283
|-boost|p2a: Genesect|atk|1|[from] ability: Download
|move|p1a: Sylveon|Hyper Voice|p2a: Genesect
|-resisted|p2a: Genesect
|-damage|p2a: Genesect|94\/283
|
|turn|4
|callback|decision
|
|switch|p1a: Manaphy|Manaphy|404\/404
|-damage|p1a: Manaphy|354\/404|[from] Stealth Rock
|move|p2a: Genesect|U-turn|p1a: Manaphy
|-damage|p1a: Manaphy|200\/404
|callback|decision
|
|switch|p2a: Conkeldurr|Conkeldurr, M|352\/352
|
|-heal|p1a: Manaphy|225\/404|[from] item: Leftovers
|turn|5
|callback|decision
|
|move|p1a: Manaphy|Scald|p2a: Conkeldurr
|-damage|p2a: Conkeldurr|273\/352
|move|p2a: Conkeldurr|Knock Off|p1a: Manaphy
|-damage|p1a: Manaphy|89\/404
|-enditem|p1a: Manaphy|Leftovers|[from] move: Knock Off|[of] p2a: Conkeldurr
|
|turn|6
|callback|decision
|
|move|p1a: Manaphy|Scald|p2a: Conkeldurr
|-damage|p2a: Conkeldurr|203\/352
|move|p2a: Conkeldurr|Drain Punch|p1a: Manaphy
|-damage|p1a: Manaphy|0 fnt
|-heal|p2a: Conkeldurr|248\/352|[from] drain|[of] p1a: Manaphy
|faint|p1a: Manaphy
|
|callback|decision
|
|switch|p1a: Sylveon|Sylveon, M|325\/392
|-damage|p1a: Sylveon|276\/392|[from] Stealth Rock
|turn|7
|callback|decision
|
|switch|p2a: Rotom-Wash|Rotom-Wash|18\/304
|move|p1a: Sylveon|Hyper Voice|p2a: Rotom-Wash
|-damage|p2a: Rotom-Wash|0 fnt
|faint|p2a: Rotom-Wash
|
|callback|decision
|
|switch|p2a: Mawile|Mawile, M|303\/303
|-ability|p2a: Mawile|Intimidate|[of] p1a: Sylveon
|-unboost|p1a: Sylveon|atk|1
|turn|8
|callback|decision
|
|switch|p1a: Heatran|Heatran, M|386\/386
|-damage|p1a: Heatran|338\/386|[from] Stealth Rock
|-formechange|p2a: Mawile|Mawile-Mega
|message|Mawile has Mega Evolved into Mega Mawile!
|move|p2a: Mawile|Substitute|p2a: Mawile
|-start|p2a: Mawile|Substitute
|-damage|p2a: Mawile|228\/303
|
|-heal|p1a: Heatran|362\/386|[from] item: Leftovers
|turn|9
|callback|decision
|
|move|p2a: Mawile|Sucker Punch|p1a: Heatran
|-fail|p1a: Heatran
|move|p1a: Heatran|Stealth Rock|p2a: Mawile
|-sidestart|p2: Siamesemoo|move: Stealth Rock
|
|-heal|p1a: Heatran|386\/386|[from] item: Leftovers
|turn|10
|callback|decision
|
|move|p1a: Heatran|Earth Power|p2a: Mawile
|-supereffective|p2a: Mawile
|-end|p2a: Mawile|Substitute
|move|p2a: Mawile|Play Rough|p1a: Heatran
|-resisted|p1a: Heatran
|-damage|p1a: Heatran|311\/386
|-unboost|p1a: Heatran|atk|1
|
|-heal|p1a: Heatran|335\/386|[from] item: Leftovers
|turn|11
|callback|decision
|
|move|p2a: Mawile|Sucker Punch|p1a: Heatran
|-damage|p1a: Heatran|162\/386
|move|p1a: Heatran|Lava Plume|p2a: Mawile
|-supereffective|p2a: Mawile
|-damage|p2a: Mawile|0 fnt
|faint|p2a: Mawile
|
|-heal|p1a: Heatran|186\/386|[from] item: Leftovers
|callback|decision
|-message|Siamesemoo forfeited.
|
|win|Super Mario Bros
|raw|Ladder updating...
|leave|Siamesemoo
|player|p2
|raw|Super Mario Bros's rating: 1425 &rarr; <strong>1448<\/strong><br \/>(+23 for winning)
|raw|Siamesemoo's rating: 1405 &rarr; <strong>1382<\/strong><br \/>(-23 for losing)