|join|Super Mario Bros
|join|rgigr
|player|p1|Super Mario Bros|155
|player|p2|rgigr|169
|gametype|singles
|gen|6
|tier|OU
|rated
|clearpoke
|poke|p1|Medicham, F, shiny
|poke|p1|Suicune, shiny
|poke|p1|Ditto, shiny
|poke|p1|Jirachi, shiny
|poke|p1|Machamp, M
|poke|p1|Diggersby, M
|poke|p2|Aegislash, F
|poke|p2|Deoxys-Defense
|poke|p2|Bisharp, M
|poke|p2|Charizard, F
|poke|p2|Rotom-Wash
|poke|p2|Conkeldurr, M
|rule|Sleep Clause Mod: Limit one foe put to sleep
|rule|Species Clause: Limit one of each Pokemon
|rule|OHKO Clause: OHKO moves are banned
|rule|Moody Clause: Moody is banned
|rule|Evasion Moves Clause: Evasion moves are banned
|rule|Endless Battle Clause: Forcing endless battles is banned.
|rule|HP Percentage Mod: HP is reported as percentages
|teampreview
|
|start
|switch|p1a: Diggersby|Diggersby, M|311\/311
|switch|p2a: Deoxys-Defense|Deoxys-Defense|304\/304
|-ability|p2a: Deoxys-Defense|Pressure
|turn|1
|
|move|p2a: Deoxys-Defense|Stealth Rock|p1a: Diggersby
|-sidestart|p1: Super Mario Bros|move: Stealth Rock
|move|p1a: Diggersby|Swords Dance|p1a: Diggersby
|-boost|p1a: Diggersby|atk|2
|
|turn|2
|
|move|p2a: Deoxys-Defense|Taunt|p1a: Diggersby
|-start|p1a: Diggersby|move: Taunt
|move|p1a: Diggersby|Return|p2a: Deoxys-Defense
|-damage|p2a: Deoxys-Defense|0 fnt
|faint|p2a: Deoxys-Defense
|
|
|switch|p2a: Charizard|Charizard, F|297\/297
|turn|3
|
|-formechange|p2a: Charizard|Charizard-Mega-X
|message|Charizard has Mega Evolved into Mega Charizard!
|move|p1a: Diggersby|Quick Attack|p2a: Charizard
|-damage|p2a: Charizard|86\/297
|move|p2a: Charizard|Flare Blitz|p1a: Diggersby
|-damage|p1a: Diggersby|0 fnt
|-damage|p2a: Charizard|0 fnt|[from] recoil|[of] p1a: Diggersby
|faint|p1a: Diggersby
|faint|p2a: Charizard
|
|
|switch|p1a: Medicham|Medicham, F, shiny|261\/261
|-damage|p1a: Medicham|245\/261|[from] Stealth Rock
|switch|p2a: Rotom-Wash|Rotom-Wash|304\/304
|turn|4
|
|-formechange|p1a: Medicham|Medicham-Mega
|message|Medicham has Mega Evolved into Mega Medicham!
|move|p1a: Medicham|Fire Punch|p2a: Rotom-Wash
|-resisted|p2a: Rotom-Wash
|-damage|p2a: Rotom-Wash|252\/304
|move|p2a: Rotom-Wash|Will-O-Wisp|p1a: Medicham
|-status|p1a: Medicham|brn
|
|-heal|p2a: Rotom-Wash|271\/304|[from] item: Leftovers
|-damage|p1a: Medicham|213\/261 brn|[from] brn
|turn|5
|
|switch|p2a: Aegislash|Aegislash, F|261\/261
|move|p1a: Medicham|Fire Punch|p2a: Aegislash
|-supereffective|p2a: Aegislash
|-damage|p2a: Aegislash|151\/261
|
|-damage|p1a: Medicham|181\/261 brn|[from] brn
|turn|6
|
|switch|p1a: Machamp|Machamp, M|384\/384
|-damage|p1a: Machamp|360\/384|[from] Stealth Rock
|-formechange|p2a: Aegislash|Aegislash-Blade
|move|p2a: Aegislash|Shadow Sneak|p1a: Machamp
|-damage|p1a: Machamp|243\/384
|-damage|p2a: Aegislash|125\/261|[from] item: Life Orb
|
|turn|7
|
|move|p2a: Aegislash|Iron Head|p1a: Machamp
|-damage|p1a: Machamp|8\/384
|-damage|p2a: Aegislash|99\/261|[from] item: Life Orb
|move|p1a: Machamp|Knock Off|p2a: Aegislash
|-supereffective|p2a: Aegislash
|-damage|p2a: Aegislash|0 fnt
|faint|p2a: Aegislash
|
|
|switch|p2a: Rotom-Wash|Rotom-Wash|271\/304
|turn|8
|
|move|p1a: Machamp|Bullet Punch|p2a: Rotom-Wash
|-resisted|p2a: Rotom-Wash
|-damage|p2a: Rotom-Wash|262\/304
|move|p2a: Rotom-Wash|Hydro Pump|p1a: Machamp
|-damage|p1a: Machamp|0 fnt
|faint|p1a: Machamp
|
|-heal|p2a: Rotom-Wash|281\/304|[from] item: Leftovers
|
|switch|p1a: Medicham|Medicham, F, shiny|181\/261 brn
|-formechange|p1a: Medicham|Medicham-Mega
|-damage|p1a: Medicham|165\/261 brn|[from] Stealth Rock
|turn|9
|
|move|p1a: Medicham|High Jump Kick|p2a: Rotom-Wash
|-damage|p2a: Rotom-Wash|148\/304
|move|p2a: Rotom-Wash|Hydro Pump|p1a: Medicham
|-damage|p1a: Medicham|20\/261 brn
|
|-heal|p2a: Rotom-Wash|167\/304|[from] item: Leftovers
|-damage|p1a: Medicham|0 fnt|[from] brn
|faint|p1a: Medicham
|
|switch|p1a: Ditto|Ditto, shiny|300\/300
|-damage|p1a: Ditto|263\/300|[from] Stealth Rock
|-transform|p1a: Ditto|p2a: Rotom-Wash
|turn|10
|
|move|p1a: Ditto|Volt Switch|p2a: Rotom-Wash
|-damage|p2a: Rotom-Wash|83\/304
|
|switch|p1a: Jirachi|Jirachi, shiny|404\/404
|-damage|p1a: Jirachi|379\/404|[from] Stealth Rock
|move|p2a: Rotom-Wash|Volt Switch|p1a: Jirachi
|-damage|p1a: Jirachi|285\/404
|
|switch|p2a: Bisharp|Bisharp, M|271\/271
|
|-heal|p1a: Jirachi|310\/404|[from] item: Leftovers
|turn|11
|join|UltimateWarrior03
|
|move|p1a: Jirachi|Thunder Wave|p2a: Bisharp
|-status|p2a: Bisharp|par
|move|p2a: Bisharp|Knock Off|p1a: Jirachi
|-supereffective|p1a: Jirachi
|-damage|p1a: Jirachi|0 fnt
|-damage|p2a: Bisharp|244\/271 par|[from] item: Life Orb
|faint|p1a: Jirachi
|
|
|switch|p1a: Suicune|Suicune, shiny|404\/404
|-damage|p1a: Suicune|354\/404|[from] Stealth Rock
|-ability|p1a: Suicune|Pressure
|turn|12
|
|move|p1a: Suicune|Calm Mind|p1a: Suicune
|-boost|p1a: Suicune|spa|1
|-boost|p1a: Suicune|spd|1
|move|p2a: Bisharp|Swords Dance|p2a: Bisharp
|-boost|p2a: Bisharp|atk|2
|
|-heal|p1a: Suicune|379\/404|[from] item: Leftovers
|turn|13
|leave|UltimateWarrior03
|join|eq live
|
|move|p1a: Suicune|Scald|p2a: Bisharp
|-damage|p2a: Bisharp|61\/271 par
|move|p2a: Bisharp|Knock Off|p1a: Suicune
|-damage|p1a: Suicune|85\/404
|-enditem|p1a: Suicune|Leftovers|[from] move: Knock Off|[of] p2a: Bisharp
|-damage|p2a: Bisharp|34\/271 par|[from] item: Life Orb
|
|turn|14
|
|move|p1a: Suicune|Rest|p1a: Suicune
|-status|p1a: Suicune|slp
|-heal|p1a: Suicune|404\/404 slp|[silent]
|-status|p1a: Suicune|slp|[from] move: Rest
|cant|p2a: Bisharp|par
|
|turn|15
|
|cant|p1a: Suicune|slp
|move|p1a: Suicune|Sleep Talk|p1a: Suicune
|move|p1a: Suicune|Rest|p1a: Suicune|[from]Sleep Talk
|-fail|p1a: Suicune
|move|p2a: Bisharp|Knock Off|p1a: Suicune
|-damage|p1a: Suicune|197\/404 slp
|-damage|p2a: Bisharp|7\/271 par|[from] item: Life Orb
|
|turn|16
|
|cant|p1a: Suicune|slp
|move|p1a: Suicune|Sleep Talk|p1a: Suicune
|move|p1a: Suicune|Rest|p1a: Suicune|[from]Sleep Talk
|-fail|p1a: Suicune
|move|p2a: Bisharp|Knock Off|p1a: Suicune
|-damage|p1a: Suicune|0 fnt
|-damage|p2a: Bisharp|0 fnt|[from] item: Life Orb
|faint|p1a: Suicune
|faint|p2a: Bisharp
|
|-message|Super Mario Bros forfeited.
|
|win|rgigr
|raw|Ladder updating...
|leave|Super Mario Bros
|player|p1
|raw|Super Mario Bros's rating: 1725 &rarr; <strong>1698<\/strong><br \/>(-27 for losing)
|raw|rgigr's rating: 1588 &rarr; <strong>1615<\/strong><br \/>(+27 for winning)