|join|Super Mario Bros
|join|Carelessskate88
|player|p1|Super Mario Bros|155
|player|p2|Carelessskate88|110
|gametype|singles
|gen|6
|tier|OU
|rated
|clearpoke
|poke|p1|Medicham, F, shiny
|poke|p1|Suicune, shiny
|poke|p1|Ditto, shiny
|poke|p1|Jirachi, shiny
|poke|p1|Machamp, M
|poke|p1|Diggersby, M
|poke|p2|Bisharp, M, shiny
|poke|p2|Medicham, F
|poke|p2|Heatran, F
|poke|p2|Landorus, M
|poke|p2|Aegislash, M, shiny
|poke|p2|Rotom-Wash
|rule|Sleep Clause Mod: Limit one foe put to sleep
|rule|Species Clause: Limit one of each Pokemon
|rule|OHKO Clause: OHKO moves are banned
|rule|Moody Clause: Moody is banned
|rule|Evasion Moves Clause: Evasion moves are banned
|rule|Endless Battle Clause: Forcing endless battles is banned.
|rule|HP Percentage Mod: HP is reported as percentages
|teampreview
|
|start
|switch|p1a: Jirachi|Jirachi, shiny|404\/404
|switch|p2a: Wombo Combo|Medicham, F|261\/261
|turn|1
|
|-formechange|p2a: Wombo Combo|Medicham-Mega
|message|Medicham has Mega Evolved into Mega Medicham!
|move|p2a: Wombo Combo|Fake Out|p1a: Jirachi
|-resisted|p1a: Jirachi
|-damage|p1a: Jirachi|370\/404
|cant|p1a: Jirachi|flinch
|
|-heal|p1a: Jirachi|395\/404|[from] item: Leftovers
|turn|2
|
|switch|p2a: Genie|Landorus, M|320\/320
|move|p1a: Jirachi|Thunder Wave|p2a: Genie
|-immune|p2a: Genie|[msg]
|
|-heal|p1a: Jirachi|404\/404|[from] item: Leftovers
|turn|3
|
|move|p2a: Genie|Hidden Power|p1a: Jirachi
|-resisted|p1a: Jirachi
|-damage|p1a: Jirachi|360\/404
|-damage|p2a: Genie|288\/320|[from] item: Life Orb
|move|p1a: Jirachi|Stealth Rock|p2a: Genie
|-sidestart|p2: Carelessskate88|move: Stealth Rock
|
|-heal|p1a: Jirachi|385\/404|[from] item: Leftovers
|turn|4
|
|switch|p1a: Suicune|Suicune, shiny|404\/404
|-ability|p1a: Suicune|Pressure
|move|p2a: Genie|Hidden Power|p1a: Suicune
|-resisted|p1a: Suicune
|-damage|p1a: Suicune|366\/404
|-damage|p2a: Genie|256\/320|[from] item: Life Orb
|
|-heal|p1a: Suicune|391\/404|[from] item: Leftovers
|turn|5
|
|switch|p2a: Wishy-Washy|Rotom-Wash|291\/291
|-damage|p2a: Wishy-Washy|255\/291|[from] Stealth Rock
|move|p1a: Suicune|Scald|p2a: Wishy-Washy
|-resisted|p2a: Wishy-Washy
|-damage|p2a: Wishy-Washy|219\/291
|
|-heal|p2a: Wishy-Washy|237\/291|[from] item: Leftovers
|-heal|p1a: Suicune|404\/404|[from] item: Leftovers
|turn|6
|
|switch|p1a: Ditto|Ditto, shiny|300\/300
|-transform|p1a: Ditto|p2a: Wishy-Washy
|move|p2a: Wishy-Washy|Volt Switch|p1a: Ditto
|-damage|p1a: Ditto|212\/300
|
|switch|p2a: Wombo Combo|Medicham, F|261\/261
|-formechange|p2a: Wombo Combo|Medicham-Mega
|-damage|p2a: Wombo Combo|245\/261|[from] Stealth Rock
|
|turn|7
|
|switch|p1a: Jirachi|Jirachi, shiny|385\/404
|move|p2a: Wombo Combo|Fake Out|p1a: Jirachi
|-resisted|p1a: Jirachi
|-damage|p1a: Jirachi|356\/404
|
|-heal|p1a: Jirachi|381\/404|[from] item: Leftovers
|turn|8
|
|switch|p2a: Percussive|Heatran, F|386\/386
|-damage|p2a: Percussive|338\/386|[from] Stealth Rock
|switch|p1a: Machamp|Machamp, M|384\/384
|
|-heal|p2a: Percussive|362\/386|[from] item: Leftovers
|turn|9
|
|move|p2a: Percussive|Stealth Rock|p1a: Machamp
|-sidestart|p1: Super Mario Bros|move: Stealth Rock
|move|p1a: Machamp|Dynamic Punch|p2a: Percussive
|-supereffective|p2a: Percussive
|-damage|p2a: Percussive|0 fnt
|faint|p2a: Percussive
|
|
|switch|p2a: Wombo Combo|Medicham, F|245\/261
|-formechange|p2a: Wombo Combo|Medicham-Mega
|-damage|p2a: Wombo Combo|229\/261|[from] Stealth Rock
|turn|10
|
|move|p2a: Wombo Combo|Psycho Cut|p1a: Machamp
|-supereffective|p1a: Machamp
|-damage|p1a: Machamp|0 fnt
|faint|p1a: Machamp
|
|
|switch|p1a: Ditto|Ditto, shiny|212\/300
|-damage|p1a: Ditto|175\/300|[from] Stealth Rock
|-transform|p1a: Ditto|p2a: Wombo Combo
|turn|11
|
|switch|p2a: Inigo Montoya|Aegislash, M, shiny|324\/324
|-damage|p2a: Inigo Montoya|304\/324|[from] Stealth Rock
|move|p1a: Ditto|Psycho Cut|p2a: Inigo Montoya
|-resisted|p2a: Inigo Montoya
|-damage|p2a: Inigo Montoya|227\/324
|
|turn|12
|
|switch|p1a: Suicune|Suicune, shiny|404\/404
|-damage|p1a: Suicune|354\/404|[from] Stealth Rock
|-ability|p1a: Suicune|Pressure
|-formechange|p2a: Inigo Montoya|Aegislash-Blade
|move|p2a: Inigo Montoya|Sacred Sword|p1a: Suicune
|-crit|p1a: Suicune
|-damage|p1a: Suicune|227\/404
|-damage|p2a: Inigo Montoya|195\/324|[from] item: Life Orb
|
|-heal|p1a: Suicune|252\/404|[from] item: Leftovers
|turn|13
|
|switch|p2a: Wishy-Washy|Rotom-Wash|237\/291
|-damage|p2a: Wishy-Washy|201\/291|[from] Stealth Rock
|move|p1a: Suicune|Scald|p2a: Wishy-Washy
|-resisted|p2a: Wishy-Washy
|-damage|p2a: Wishy-Washy|165\/291
|
|-heal|p2a: Wishy-Washy|183\/291|[from] item: Leftovers
|-heal|p1a: Suicune|277\/404|[from] item: Leftovers
|turn|14
|
|move|p2a: Wishy-Washy|Volt Switch|p1a: Suicune
|-supereffective|p1a: Suicune
|-damage|p1a: Suicune|97\/404
|
|switch|p2a: Inigo Montoya|Aegislash, M, shiny|195\/324
|-damage|p2a: Inigo Montoya|175\/324|[from] Stealth Rock
|move|p1a: Suicune|Scald|p2a: Inigo Montoya
|-damage|p2a: Inigo Montoya|114\/324
|-status|p2a: Inigo Montoya|brn
|
|-heal|p1a: Suicune|122\/404|[from] item: Leftovers
|-damage|p2a: Inigo Montoya|74\/324 brn|[from] brn
|turn|15
|
|move|p1a: Suicune|Rest|p1a: Suicune
|-status|p1a: Suicune|slp
|-heal|p1a: Suicune|404\/404 slp|[silent]
|-status|p1a: Suicune|slp|[from] move: Rest
|-formechange|p2a: Inigo Montoya|Aegislash-Blade
|move|p2a: Inigo Montoya|Shadow Ball|p1a: Suicune
|-damage|p1a: Suicune|212\/404 slp
|-damage|p2a: Inigo Montoya|42\/324 brn|[from] item: Life Orb
|
|-heal|p1a: Suicune|237\/404 slp|[from] item: Leftovers
|-damage|p2a: Inigo Montoya|2\/324 brn|[from] brn
|turn|16
|
|cant|p1a: Suicune|slp
|move|p1a: Suicune|Sleep Talk|p1a: Suicune
|move|p1a: Suicune|Scald|p2a: Inigo Montoya|[from]Sleep Talk
|-damage|p2a: Inigo Montoya|0 fnt
|faint|p2a: Inigo Montoya
|
|-heal|p1a: Suicune|262\/404 slp|[from] item: Leftovers
|
|switch|p2a: Wombo Combo|Medicham, F|229\/261
|-formechange|p2a: Wombo Combo|Medicham-Mega
|-damage|p2a: Wombo Combo|213\/261|[from] Stealth Rock
|turn|17
|
|move|p2a: Wombo Combo|High Jump Kick|p1a: Suicune
|-damage|p1a: Suicune|0 fnt
|faint|p1a: Suicune
|
|
|switch|p1a: Ditto|Ditto, shiny|175\/300
|-damage|p1a: Ditto|138\/300|[from] Stealth Rock
|-transform|p1a: Ditto|p2a: Wombo Combo
|turn|18
|
|switch|p2a: Wishy-Washy|Rotom-Wash|183\/291
|-damage|p2a: Wishy-Washy|147\/291|[from] Stealth Rock
|move|p1a: Ditto|High Jump Kick|p2a: Wishy-Washy
|-damage|p2a: Wishy-Washy|0 fnt
|faint|p2a: Wishy-Washy
|
|
|switch|p2a: Wombo Combo|Medicham, F|213\/261
|-formechange|p2a: Wombo Combo|Medicham-Mega
|-damage|p2a: Wombo Combo|197\/261|[from] Stealth Rock
|turn|19
|
|move|p2a: Wombo Combo|Fake Out|p1a: Ditto
|-damage|p1a: Ditto|37\/300
|cant|p1a: Ditto|flinch
|
|turn|20
|
|switch|p1a: Jirachi|Jirachi, shiny|381\/404
|-damage|p1a: Jirachi|356\/404|[from] Stealth Rock
|move|p2a: Wombo Combo|Bullet Punch|p1a: Jirachi
|-resisted|p1a: Jirachi
|-damage|p1a: Jirachi|327\/404
|
|-heal|p1a: Jirachi|352\/404|[from] item: Leftovers
|turn|21
|
|switch|p2a: Genie|Landorus, M|256\/320
|-damage|p2a: Genie|216\/320|[from] Stealth Rock
|move|p1a: Jirachi|Healing Wish|p1a: Jirachi
|faint|p1a: Jirachi
|
|
|switch|p1a: Ditto|Ditto, shiny|37\/300
|-heal|p1a: Ditto|300\/300|[from] move: Healing Wish
|-damage|p1a: Ditto|263\/300|[from] Stealth Rock
|-transform|p1a: Ditto|p2a: Genie
|turn|22
|
|switch|p1a: Medicham|Medicham, F, shiny|261\/261
|-damage|p1a: Medicham|245\/261|[from] Stealth Rock
|move|p2a: Genie|Hidden Power|p1a: Medicham
|-damage|p1a: Medicham|135\/261
|-damage|p2a: Genie|184\/320|[from] item: Life Orb
|
|turn|23
|
|-formechange|p1a: Medicham|Medicham-Mega
|message|Medicham has Mega Evolved into Mega Medicham!
|move|p1a: Medicham|Bullet Punch|p2a: Genie
|-damage|p2a: Genie|89\/320
|move|p2a: Genie|Psychic|p1a: Medicham
|-damage|p1a: Medicham|0 fnt
|faint|p1a: Medicham
|
|
|switch|p1a: Diggersby|Diggersby, M|311\/311
|-damage|p1a: Diggersby|292\/311|[from] Stealth Rock
|turn|24
|
|move|p1a: Diggersby|Quick Attack|p2a: Genie
|-damage|p2a: Genie|0 fnt
|faint|p2a: Genie
|
|
|switch|p2a: Wombo Combo|Medicham, F|197\/261
|-formechange|p2a: Wombo Combo|Medicham-Mega
|-damage|p2a: Wombo Combo|181\/261|[from] Stealth Rock
|turn|25
|
|move|p1a: Diggersby|Quick Attack|p2a: Wombo Combo
|-damage|p2a: Wombo Combo|46\/261
|move|p2a: Wombo Combo|High Jump Kick|p1a: Diggersby|[miss]
|-miss|p2a: Wombo Combo|p1a: Diggersby
|-damage|p2a: Wombo Combo|0 fnt|[from] highjumpkick
|faint|p2a: Wombo Combo
|
|
|switch|p2a: Blue Ranger|Bisharp, M, shiny|272\/272
|-damage|p2a: Blue Ranger|255\/272|[from] Stealth Rock
|turn|26
|
|move|p1a: Diggersby|Earthquake|p2a: Blue Ranger
|-supereffective|p2a: Blue Ranger
|-damage|p2a: Blue Ranger|0 fnt
|faint|p2a: Blue Ranger
|
|win|Super Mario Bros
|raw|Ladder updating...
|raw|Super Mario Bros's rating: 1709 &rarr; <strong>1725<\/strong><br \/>(+16 for winning)
|raw|Carelessskate88's rating: 1639 &rarr; <strong>1623<\/strong><br \/>(-16 for losing)
|chat|Super Mario Bros|gg