|join|BDX
|join|Super Mario Bros
|player|p1|BDX|179
|player|p2|Super Mario Bros|155
|gametype|singles
|gen|6
|tier|OU
|rated
|clearpoke
|poke|p1|Staraptor, F
|poke|p1|Talonflame, F
|poke|p1|Latios, M
|poke|p1|Medicham, M
|poke|p1|Bisharp, M
|poke|p1|Jirachi
|poke|p2|Medicham, F, shiny
|poke|p2|Suicune, shiny
|poke|p2|Ditto, shiny
|poke|p2|Jirachi, shiny
|poke|p2|Machamp, M
|poke|p2|Diggersby, M
|rule|Sleep Clause Mod: Limit one foe put to sleep
|rule|Species Clause: Limit one of each Pokemon
|rule|OHKO Clause: OHKO moves are banned
|rule|Moody Clause: Moody is banned
|rule|Evasion Moves Clause: Evasion moves are banned
|rule|Endless Battle Clause: Forcing endless battles is banned.
|rule|HP Percentage Mod: HP is reported as percentages
|teampreview
|
|start
|switch|p1a: Staraptor|Staraptor, F|312\/312
|switch|p2a: Suicune|Suicune, shiny|404\/404
|-ability|p2a: Suicune|Pressure
|turn|1
|
|switch|p2a: Jirachi|Jirachi, shiny|404\/404
|move|p1a: Staraptor|Brave Bird|p2a: Jirachi
|-resisted|p2a: Jirachi
|-damage|p2a: Jirachi|296\/404
|-damage|p1a: Staraptor|276\/312|[from] recoil|[of] p2a: Jirachi
|-damage|p1a: Staraptor|245\/312|[from] item: Life Orb
|
|-heal|p2a: Jirachi|321\/404|[from] item: Leftovers
|turn|2
|
|switch|p1a: Bisharp|Bisharp, M|272\/272
|move|p2a: Jirachi|Stealth Rock|p1a: Bisharp
|-sidestart|p1: BDX|move: Stealth Rock
|
|-heal|p2a: Jirachi|346\/404|[from] item: Leftovers
|turn|3
|
|switch|p2a: Machamp|Machamp, M|384\/384
|move|p1a: Bisharp|Knock Off|p2a: Machamp
|-resisted|p2a: Machamp
|-damage|p2a: Machamp|236\/384
|-enditem|p2a: Machamp|Assault Vest|[from] move: Knock Off|[of] p1a: Bisharp
|-damage|p1a: Bisharp|245\/272|[from] item: Life Orb
|
|turn|4
|
|move|p1a: Bisharp|Iron Head|p2a: Machamp
|-damage|p2a: Machamp|6\/384
|-damage|p1a: Bisharp|218\/272|[from] item: Life Orb
|move|p2a: Machamp|Dynamic Punch|p1a: Bisharp
|-supereffective|p1a: Bisharp
|-damage|p1a: Bisharp|0 fnt
|faint|p1a: Bisharp
|
|
|switch|p1a: Medicham|Medicham, M|261\/261
|-damage|p1a: Medicham|245\/261|[from] Stealth Rock
|turn|5
|
|-formechange|p1a: Medicham|Medicham-Mega
|message|Medicham has Mega Evolved into Mega Medicham!
|move|p2a: Machamp|Bullet Punch|p1a: Medicham
|-damage|p1a: Medicham|183\/261
|move|p1a: Medicham|Drain Punch|p2a: Machamp
|-damage|p2a: Machamp|0 fnt
|-heal|p1a: Medicham|186\/261|[from] drain|[of] p2a: Machamp
|faint|p2a: Machamp
|
|
|switch|p2a: Ditto|Ditto, shiny|300\/300
|-transform|p2a: Ditto|p1a: Medicham
|turn|6
|
|move|p2a: Ditto|Ice Punch|p1a: Medicham
|-damage|p1a: Medicham|8\/261
|move|p1a: Medicham|Bulk Up|p1a: Medicham
|-boost|p1a: Medicham|atk|1
|-boost|p1a: Medicham|def|1
|
|turn|7
|
|move|p2a: Ditto|Ice Punch|p1a: Medicham
|-damage|p1a: Medicham|0 fnt
|faint|p1a: Medicham
|
|
|switch|p1a: Talonflame|Talonflame, F|298\/298
|-damage|p1a: Talonflame|149\/298|[from] Stealth Rock
|turn|8
|
|switch|p2a: Suicune|Suicune, shiny|404\/404
|-ability|p2a: Suicune|Pressure
|move|p1a: Talonflame|Brave Bird|p2a: Suicune
|-damage|p2a: Suicune|287\/404
|-damage|p1a: Talonflame|110\/298|[from] recoil|[of] p2a: Suicune
|
|-heal|p1a: Talonflame|128\/298|[from] item: Leftovers
|-heal|p2a: Suicune|312\/404|[from] item: Leftovers
|turn|9
|
|move|p1a: Talonflame|U-turn|p2a: Suicune
|-damage|p2a: Suicune|271\/404
|
|switch|p1a: Latios|Latios, M|302\/302
|-damage|p1a: Latios|265\/302|[from] Stealth Rock
|move|p2a: Suicune|Scald|p1a: Latios
|-resisted|p1a: Latios
|-damage|p1a: Latios|224\/302
|
|-heal|p1a: Latios|242\/302|[from] item: Leftovers
|-heal|p2a: Suicune|296\/404|[from] item: Leftovers
|turn|10
|
|move|p1a: Latios|Defog|p2a: Suicune
|-unboost|p2a: Suicune|evasion|1
|-sideend|p1: BDX|Stealth Rock|[from] move: Defog|[of] p1a: Latios
|move|p2a: Suicune|Calm Mind|p2a: Suicune
|-boost|p2a: Suicune|spa|1
|-boost|p2a: Suicune|spd|1
|
|-heal|p1a: Latios|260\/302|[from] item: Leftovers
|-heal|p2a: Suicune|321\/404|[from] item: Leftovers
|turn|11
|
|move|p1a: Latios|Thunderbolt|p2a: Suicune
|-supereffective|p2a: Suicune
|-damage|p2a: Suicune|185\/404
|move|p2a: Suicune|Calm Mind|p2a: Suicune
|-boost|p2a: Suicune|spa|1
|-boost|p2a: Suicune|spd|1
|
|-heal|p1a: Latios|278\/302|[from] item: Leftovers
|-heal|p2a: Suicune|210\/404|[from] item: Leftovers
|turn|12
|
|move|p1a: Latios|Thunderbolt|p2a: Suicune
|-supereffective|p2a: Suicune
|-damage|p2a: Suicune|116\/404
|move|p2a: Suicune|Calm Mind|p2a: Suicune
|-boost|p2a: Suicune|spa|1
|-boost|p2a: Suicune|spd|1
|
|-heal|p1a: Latios|296\/302|[from] item: Leftovers
|-heal|p2a: Suicune|141\/404|[from] item: Leftovers
|turn|13
|
|switch|p1a: Staraptor|Staraptor, F|245\/312
|move|p2a: Suicune|Rest|p2a: Suicune
|-status|p2a: Suicune|slp
|-heal|p2a: Suicune|404\/404 slp|[silent]
|-status|p2a: Suicune|slp|[from] move: Rest
|
|turn|14
|
|switch|p2a: Jirachi|Jirachi, shiny|346\/404
|move|p1a: Staraptor|Double-Edge|p2a: Jirachi
|-resisted|p2a: Jirachi
|-damage|p2a: Jirachi|228\/404
|-damage|p1a: Staraptor|206\/312|[from] recoil|[of] p2a: Jirachi
|-damage|p1a: Staraptor|175\/312|[from] item: Life Orb
|
|-heal|p2a: Jirachi|253\/404|[from] item: Leftovers
|turn|15
|
|switch|p1a: Jirachi|Jirachi|341\/341
|move|p2a: Jirachi|Thunder Wave|p1a: Jirachi
|-status|p1a: Jirachi|par
|
|-heal|p2a: Jirachi|278\/404|[from] item: Leftovers
|turn|16
|
|move|p2a: Jirachi|Stealth Rock|p1a: Jirachi
|-sidestart|p1: BDX|move: Stealth Rock
|cant|p1a: Jirachi|par
|
|-heal|p2a: Jirachi|303\/404|[from] item: Leftovers
|turn|17
|
|switch|p2a: Suicune|Suicune, shiny|404\/404 slp
|-ability|p2a: Suicune|Pressure
|move|p1a: Jirachi|Fire Punch|p2a: Suicune
|-resisted|p2a: Suicune
|-damage|p2a: Suicune|379\/404 slp
|
|-heal|p2a: Suicune|404\/404 slp|[from] item: Leftovers
|turn|18
|
|switch|p1a: Latios|Latios, M|296\/302
|-damage|p1a: Latios|259\/302|[from] Stealth Rock
|cant|p2a: Suicune|slp
|move|p2a: Suicune|Sleep Talk|p2a: Suicune
|move|p2a: Suicune|Calm Mind|p2a: Suicune|[from]Sleep Talk
|-boost|p2a: Suicune|spa|1
|-boost|p2a: Suicune|spd|1
|
|-heal|p1a: Latios|277\/302|[from] item: Leftovers
|turn|19
|
|move|p1a: Latios|Defog|p2a: Suicune
|-unboost|p2a: Suicune|evasion|1
|-sideend|p1: BDX|Stealth Rock|[from] move: Defog|[of] p1a: Latios
|cant|p2a: Suicune|slp
|move|p2a: Suicune|Sleep Talk|p2a: Suicune
|move|p2a: Suicune|Scald|p1a: Latios|[from]Sleep Talk
|-resisted|p1a: Latios
|-damage|p1a: Latios|214\/302
|
|-heal|p1a: Latios|232\/302|[from] item: Leftovers
|turn|20
|
|move|p1a: Latios|Thunderbolt|p2a: Suicune
|-supereffective|p2a: Suicune
|-damage|p2a: Suicune|274\/404 slp
|-curestatus|p2a: Suicune|slp
|move|p2a: Suicune|Calm Mind|p2a: Suicune
|-boost|p2a: Suicune|spa|1
|-boost|p2a: Suicune|spd|1
|
|-heal|p1a: Latios|250\/302|[from] item: Leftovers
|-heal|p2a: Suicune|299\/404|[from] item: Leftovers
|turn|21
|
|move|p1a: Latios|Thunderbolt|p2a: Suicune
|-supereffective|p2a: Suicune
|-damage|p2a: Suicune|203\/404
|move|p2a: Suicune|Scald|p1a: Latios
|-resisted|p1a: Latios
|-damage|p1a: Latios|177\/302
|
|-heal|p1a: Latios|195\/302|[from] item: Leftovers
|-heal|p2a: Suicune|228\/404|[from] item: Leftovers
|turn|22
|
|move|p1a: Latios|Thunderbolt|p2a: Suicune
|-supereffective|p2a: Suicune
|-damage|p2a: Suicune|122\/404
|move|p2a: Suicune|Scald|p1a: Latios
|-resisted|p1a: Latios
|-damage|p1a: Latios|111\/302
|-status|p1a: Latios|brn
|
|-heal|p1a: Latios|129\/302 brn|[from] item: Leftovers
|-heal|p2a: Suicune|147\/404|[from] item: Leftovers
|-damage|p1a: Latios|92\/302 brn|[from] brn
|turn|23
|
|move|p1a: Latios|Thunderbolt|p2a: Suicune
|-supereffective|p2a: Suicune
|-damage|p2a: Suicune|45\/404
|move|p2a: Suicune|Rest|p2a: Suicune
|-status|p2a: Suicune|slp
|-heal|p2a: Suicune|404\/404 slp|[silent]
|-status|p2a: Suicune|slp|[from] move: Rest
|
|-heal|p1a: Latios|110\/302 brn|[from] item: Leftovers
|-damage|p1a: Latios|73\/302 brn|[from] brn
|turn|24
|
|switch|p1a: Staraptor|Staraptor, F|175\/312
|cant|p2a: Suicune|slp
|move|p2a: Suicune|Sleep Talk|p2a: Suicune
|move|p2a: Suicune|Calm Mind|p2a: Suicune|[from]Sleep Talk
|-boost|p2a: Suicune|spa|1
|-boost|p2a: Suicune|spd|1
|
|turn|25
|
|move|p1a: Staraptor|Close Combat|p2a: Suicune
|-damage|p2a: Suicune|296\/404 slp
|-unboost|p1a: Staraptor|def|1
|-unboost|p1a: Staraptor|spd|1
|-damage|p1a: Staraptor|144\/312|[from] item: Life Orb
|cant|p2a: Suicune|slp
|move|p2a: Suicune|Sleep Talk|p2a: Suicune
|move|p2a: Suicune|Scald|p1a: Staraptor|[from]Sleep Talk
|-crit|p1a: Staraptor
|-damage|p1a: Staraptor|0 fnt
|faint|p1a: Staraptor
|
|-heal|p2a: Suicune|321\/404 slp|[from] item: Leftovers
|
|switch|p1a: Talonflame|Talonflame, F|128\/298
|turn|26
|
|move|p1a: Talonflame|Swords Dance|p1a: Talonflame
|-boost|p1a: Talonflame|atk|2
|-curestatus|p2a: Suicune|slp
|move|p2a: Suicune|Scald|p1a: Talonflame
|-supereffective|p1a: Talonflame
|-damage|p1a: Talonflame|0 fnt
|faint|p1a: Talonflame
|
|-heal|p2a: Suicune|346\/404|[from] item: Leftovers
|
|switch|p1a: Jirachi|Jirachi|341\/341 par
|turn|27
|join|eq live
|
|move|p2a: Suicune|Scald|p1a: Jirachi
|-damage|p1a: Jirachi|119\/341 par
|move|p1a: Jirachi|Iron Head|p2a: Suicune
|-resisted|p2a: Suicune
|-damage|p2a: Suicune|305\/404
|
|-heal|p2a: Suicune|330\/404|[from] item: Leftovers
|turn|28
|-message|BDX forfeited.
|
|win|Super Mario Bros
|raw|Ladder updating...
|raw|BDX's rating: 1616 &rarr; <strong>1595<\/strong><br \/>(-21 for losing)
|raw|Super Mario Bros's rating: 1590 &rarr; <strong>1612<\/strong><br \/>(+22 for winning)
|leave|BDX
|player|p1