|join|Super Mario Bros
|join|LilBIsMyFriend2014
|player|p1|Super Mario Bros|155
|player|p2|LilBIsMyFriend2014|80
|gametype|singles
|gen|6
|tier|OU
|rated
|clearpoke
|poke|p1|Heatran, M
|poke|p1|Talonflame, F
|poke|p1|Sylveon, F
|poke|p1|Manaphy
|poke|p1|Genesect
|poke|p1|Lucario, M
|poke|p2|Manaphy
|poke|p2|Lucario, F
|poke|p2|Pinsir, M
|poke|p2|Cresselia, F
|poke|p2|Latios, M
|poke|p2|Heatran, M
|rule|Sleep Clause Mod: Limit one foe put to sleep
|rule|Species Clause: Limit one of each Pokemon
|rule|OHKO Clause: OHKO moves are banned
|rule|Moody Clause: Moody is banned
|rule|Evasion Moves Clause: Evasion moves are banned
|rule|Endless Battle Clause: Forcing endless battles is banned.
|rule|HP Percentage Mod: HP is reported as percentages
|teampreview
|callback|decision
|
|start
|switch|p1a: Heatran|Heatran, M|386\/386
|switch|p2a: Heatran|Heatran, M|386\/386
|turn|1
|callback|decision
|
|move|p1a: Heatran|Earth Power|p2a: Heatran
|-supereffective|p2a: Heatran
|-damage|p2a: Heatran|130\/386
|move|p2a: Heatran|Stealth Rock|p1a: Heatran
|-sidestart|p1: Super Mario Bros|move: Stealth Rock
|
|-heal|p2a: Heatran|154\/386|[from] item: Leftovers
|turn|2
|callback|decision
|
|move|p1a: Heatran|Stealth Rock|p2a: Heatran
|-sidestart|p2: LilBIsMyFriend2014|move: Stealth Rock
|move|p2a: Heatran|Earth Power|p1a: Heatran
|-supereffective|p1a: Heatran
|-damage|p1a: Heatran|150\/386
|
|-heal|p1a: Heatran|174\/386|[from] item: Leftovers
|-heal|p2a: Heatran|178\/386|[from] item: Leftovers
|turn|3
|callback|decision
|
|switch|p2a: Cresselia|Cresselia, F|444\/444
|-damage|p2a: Cresselia|389\/444|[from] Stealth Rock
|move|p1a: Heatran|Earth Power|p2a: Cresselia
|-immune|p2a: Cresselia|[msg]
|
|-heal|p1a: Heatran|198\/386|[from] item: Leftovers
|turn|4
|callback|decision
|
|move|p2a: Cresselia|Reflect|p2a: Cresselia
|-sidestart|p2: LilBIsMyFriend2014|Reflect
|move|p1a: Heatran|Toxic|p2a: Cresselia
|-status|p2a: Cresselia|tox
|
|-heal|p1a: Heatran|222\/386|[from] item: Leftovers
|-damage|p2a: Cresselia|362\/444 tox|[from] psn
|turn|5
|callback|decision
|
|switch|p1a: Sylveon|Sylveon, F|392\/392
|-damage|p1a: Sylveon|343\/392|[from] Stealth Rock
|move|p2a: Cresselia|Light Screen|p2a: Cresselia
|-sidestart|p2: LilBIsMyFriend2014|move: Light Screen
|
|-damage|p2a: Cresselia|308\/444 tox|[from] psn
|turn|6
|callback|decision
|
|switch|p2a: Pinsir|Pinsir, M|271\/271
|-damage|p2a: Pinsir|204\/271|[from] Stealth Rock
|move|p1a: Sylveon|Hyper Voice|p2a: Pinsir
|-damage|p2a: Pinsir|17\/271
|
|turn|7
|callback|decision
|
|switch|p1a: Heatran|Heatran, M|222\/386
|-damage|p1a: Heatran|174\/386|[from] Stealth Rock
|-formechange|p2a: Pinsir|Pinsir-Mega
|message|Pinsir has Mega Evolved into Mega Pinsir!
|move|p2a: Pinsir|Return|p1a: Heatran
|-resisted|p1a: Heatran
|-damage|p1a: Heatran|38\/386
|
|-heal|p1a: Heatran|62\/386|[from] item: Leftovers
|turn|8
|callback|decision
|
|move|p2a: Pinsir|Return|p1a: Heatran
|-resisted|p1a: Heatran
|-damage|p1a: Heatran|0 fnt
|faint|p1a: Heatran
|
|callback|decision
|
|switch|p1a: Genesect|Genesect|283\/283
|-damage|p1a: Genesect|248\/283|[from] Stealth Rock
|-boost|p1a: Genesect|spa|1|[from] ability: Download
|turn|9
|callback|decision
|
|move|p2a: Pinsir|Quick Attack|p1a: Genesect
|-damage|p1a: Genesect|127\/283
|move|p1a: Genesect|U-turn|p2a: Pinsir
|-resisted|p2a: Pinsir
|-damage|p2a: Pinsir|0 fnt
|faint|p2a: Pinsir
|callback|decision
|
|switch|p1a: Manaphy|Manaphy|404\/404
|-damage|p1a: Manaphy|354\/404|[from] Stealth Rock
|
|-heal|p1a: Manaphy|379\/404|[from] item: Leftovers
|callback|decision
|
|switch|p2a: Latios|Latios, M|302\/302
|-damage|p2a: Latios|265\/302|[from] Stealth Rock
|turn|10
|callback|decision
|
|move|p2a: Latios|Draco Meteor|p1a: Manaphy
|-damage|p1a: Manaphy|4\/404
|-unboost|p2a: Latios|spa|2
|move|p1a: Manaphy|Ice Beam|p2a: Latios
|-crit|p2a: Latios
|-supereffective|p2a: Latios
|-damage|p2a: Latios|23\/302
|
|-heal|p1a: Manaphy|29\/404|[from] item: Leftovers
|turn|11
|callback|decision
|
|move|p2a: Latios|Draco Meteor|p1a: Manaphy
|-damage|p1a: Manaphy|0 fnt
|-unboost|p2a: Latios|spa|2
|faint|p1a: Manaphy
|
|-sideend|p2: LilBIsMyFriend2014|Reflect
|callback|decision
|
|switch|p1a: Lucario|Lucario, M|281\/281
|-damage|p1a: Lucario|273\/281|[from] Stealth Rock
|turn|12
|callback|decision
|
|switch|p2a: Cresselia|Cresselia, F|308\/444 tox
|-damage|p2a: Cresselia|253\/444 tox|[from] Stealth Rock
|-formechange|p1a: Lucario|Lucario-Mega
|message|Lucario has Mega Evolved into Mega Lucario!
|move|p1a: Lucario|Swords Dance|p1a: Lucario
|-boost|p1a: Lucario|atk|2
|
|-damage|p2a: Cresselia|226\/444 tox|[from] psn
|-sideend|p2: LilBIsMyFriend2014|move: Light Screen
|turn|13
|callback|decision
|
|move|p1a: Lucario|Close Combat|p2a: Cresselia
|-resisted|p2a: Cresselia
|-damage|p2a: Cresselia|0 fnt
|-unboost|p1a: Lucario|def|1
|-unboost|p1a: Lucario|spd|1
|faint|p2a: Cresselia
|
|callback|decision
|
|switch|p2a: Lucario|Lucario, F|281\/281
|-damage|p2a: Lucario|273\/281|[from] Stealth Rock
|turn|14
|callback|decision
|
|move|p2a: Lucario|Extreme Speed|p1a: Lucario
|-resisted|p1a: Lucario
|-damage|p1a: Lucario|181\/281
|-damage|p2a: Lucario|245\/281|[from] item: Life Orb
|move|p1a: Lucario|Close Combat|p2a: Lucario
|-crit|p2a: Lucario
|-supereffective|p2a: Lucario
|-damage|p2a: Lucario|0 fnt
|-unboost|p1a: Lucario|def|1
|-unboost|p1a: Lucario|spd|1
|faint|p2a: Lucario
|
|callback|decision
|
|switch|p2a: Manaphy|Manaphy|341\/341
|-damage|p2a: Manaphy|299\/341|[from] Stealth Rock
|turn|15
|callback|decision
|
|move|p1a: Lucario|Close Combat|p2a: Manaphy
|-damage|p2a: Manaphy|0 fnt
|-unboost|p1a: Lucario|def|1
|-unboost|p1a: Lucario|spd|1
|faint|p2a: Manaphy
|
|callback|decision
|
|switch|p2a: Heatran|Heatran, M|178\/386
|-damage|p2a: Heatran|130\/386|[from] Stealth Rock
|turn|16
|callback|decision
|
|move|p1a: Lucario|Close Combat|p2a: Heatran
|-supereffective|p2a: Heatran
|-damage|p2a: Heatran|0 fnt
|-unboost|p1a: Lucario|def|1
|-unboost|p1a: Lucario|spd|1
|faint|p2a: Heatran
|
|callback|decision
|
|switch|p2a: Latios|Latios, M|23\/302
|-damage|p2a: Latios|0 fnt|[from] Stealth Rock
|faint|p2a: Latios
|
|win|Super Mario Bros
|raw|Ladder updating...
|raw|Super Mario Bros's rating: 1402 &rarr; <strong>1427<\/strong><br \/>(+25 for winning)
|raw|LilBIsMyFriend2014's rating: 1401 &rarr; <strong>1376<\/strong><br \/>(-25 for losing)
|leave|LilBIsMyFriend2014
|player|p2
|chat|Super Mario Bros|gg