|join|Super Mario Bros
|join|Toreutic
|player|p1|Super Mario Bros|155
|player|p2|Toreutic|126
|gametype|singles
|gen|6
|tier|OU
|rated
|clearpoke
|poke|p1|Heatran, F
|poke|p1|Talonflame, F
|poke|p1|Sylveon, F
|poke|p1|Manaphy
|poke|p1|Genesect
|poke|p1|Lucario, M
|poke|p2|Rotom-Wash
|poke|p2|Pinsir, M
|poke|p2|Chandelure, F
|poke|p2|Mamoswine, F
|poke|p2|Hitmontop, M
|poke|p2|Garchomp, F
|rule|Sleep Clause Mod: Limit one foe put to sleep
|rule|Species Clause: Limit one of each Pokemon
|rule|OHKO Clause: OHKO moves are banned
|rule|Moody Clause: Moody is banned
|rule|Evasion Moves Clause: Evasion moves are banned
|rule|Endless Battle Clause: Forcing endless battles is banned.
|rule|HP Percentage Mod: HP is reported as percentages
|teampreview
|callback|decision
|
|start
|switch|p1a: Heatran|Heatran, F|386\/386
|switch|p2a: Tinder|Chandelure, F|262\/262
|-item|p2a: Tinder|Air Balloon
|turn|1
|callback|decision
|
|move|p2a: Tinder|Substitute|p2a: Tinder
|-start|p2a: Tinder|Substitute
|-damage|p2a: Tinder|197\/262
|move|p1a: Heatran|Stealth Rock|p2a: Tinder
|-sidestart|p2: Toreutic|move: Stealth Rock
|
|turn|2
|callback|decision
|
|switch|p1a: Sylveon|Sylveon, F|392\/392
|move|p2a: Tinder|Shadow Ball|p1a: Sylveon
|-damage|p1a: Sylveon|275\/392
|
|turn|3
|callback|decision
|
|move|p2a: Tinder|Flamethrower|p1a: Sylveon
|-damage|p1a: Sylveon|143\/392
|move|p1a: Sylveon|Hyper Voice|p2a: Tinder
|-resisted|p2a: Tinder
|-damage|p2a: Tinder|23\/262
|-enditem|p2a: Tinder|Air Balloon
|
|turn|4
|callback|decision
|
|switch|p1a: Heatran|Heatran, F|386\/386
|move|p2a: Tinder|Flamethrower|p1a: Heatran
|-start|p1a: Heatran|ability: Flash Fire
|
|turn|5
|callback|decision
|
|move|p2a: Tinder|Pain Split|p1a: Heatran
|-sethp|p1a: Heatran|204\/386|p2a: Tinder|204\/262|[from] move: Pain Split
|move|p1a: Heatran|Earth Power|p2a: Tinder
|-supereffective|p2a: Tinder
|-end|p2a: Tinder|Substitute
|
|-heal|p1a: Heatran|228\/386|[from] item: Leftovers
|turn|6
|callback|decision
|join|jbtc12
|
|switch|p2a: Startedfromthebott|Hitmontop, M|304\/304
|-damage|p2a: Startedfromthebott|285\/304|[from] Stealth Rock
|-ability|p2a: Startedfromthebott|Intimidate|[of] p1a: Heatran
|-unboost|p1a: Heatran|atk|1
|move|p1a: Heatran|Earth Power|p2a: Startedfromthebott
|-damage|p2a: Startedfromthebott|210\/304
|
|-heal|p1a: Heatran|252\/386|[from] item: Leftovers
|-heal|p2a: Startedfromthebott|229\/304|[from] item: Leftovers
|turn|7
|callback|decision
|
|move|p1a: Heatran|Lava Plume|p2a: Startedfromthebott
|-damage|p2a: Startedfromthebott|78\/304
|-status|p2a: Startedfromthebott|brn
|move|p2a: Startedfromthebott|Rapid Spin|p1a: Heatran
|-resisted|p1a: Heatran
|-damage|p1a: Heatran|249\/386
|-sideend|p2: Toreutic|Stealth Rock|[from] move: Rapid Spin|[of] p2a: Startedfromthebott
|
|-heal|p1a: Heatran|273\/386|[from] item: Leftovers
|-heal|p2a: Startedfromthebott|97\/304 brn|[from] item: Leftovers
|-damage|p2a: Startedfromthebott|59\/304 brn|[from] brn
|turn|8
|callback|decision
|
|move|p1a: Heatran|Stealth Rock|p2a: Startedfromthebott
|-sidestart|p2: Toreutic|move: Stealth Rock
|move|p2a: Startedfromthebott|Rapid Spin|p1a: Heatran
|-resisted|p1a: Heatran
|-damage|p1a: Heatran|270\/386
|-sideend|p2: Toreutic|Stealth Rock|[from] move: Rapid Spin|[of] p2a: Startedfromthebott
|
|-heal|p1a: Heatran|294\/386|[from] item: Leftovers
|-heal|p2a: Startedfromthebott|78\/304 brn|[from] item: Leftovers
|-damage|p2a: Startedfromthebott|40\/304 brn|[from] brn
|turn|9
|callback|decision
|
|move|p1a: Heatran|Stealth Rock|p2a: Startedfromthebott
|-sidestart|p2: Toreutic|move: Stealth Rock
|move|p2a: Startedfromthebott|Rapid Spin|p1a: Heatran
|-resisted|p1a: Heatran
|-damage|p1a: Heatran|290\/386
|-sideend|p2: Toreutic|Stealth Rock|[from] move: Rapid Spin|[of] p2a: Startedfromthebott
|
|-heal|p1a: Heatran|314\/386|[from] item: Leftovers
|-heal|p2a: Startedfromthebott|59\/304 brn|[from] item: Leftovers
|-damage|p2a: Startedfromthebott|21\/304 brn|[from] brn
|turn|10
|callback|decision
|
|move|p1a: Heatran|Stealth Rock|p2a: Startedfromthebott
|-sidestart|p2: Toreutic|move: Stealth Rock
|move|p2a: Startedfromthebott|Rapid Spin|p1a: Heatran
|-resisted|p1a: Heatran
|-damage|p1a: Heatran|310\/386
|-sideend|p2: Toreutic|Stealth Rock|[from] move: Rapid Spin|[of] p2a: Startedfromthebott
|
|-heal|p1a: Heatran|334\/386|[from] item: Leftovers
|-heal|p2a: Startedfromthebott|40\/304 brn|[from] item: Leftovers
|-damage|p2a: Startedfromthebott|2\/304 brn|[from] brn
|turn|11
|callback|decision
|
|move|p1a: Heatran|Earth Power|p2a: Startedfromthebott
|-damage|p2a: Startedfromthebott|0 fnt
|faint|p2a: Startedfromthebott
|
|-heal|p1a: Heatran|358\/386|[from] item: Leftovers
|callback|decision
|
|switch|p2a: Dickpinch|Pinsir, M|272\/272
|turn|12
|callback|decision
|
|switch|p1a: Talonflame|Talonflame, F|359\/359
|move|p2a: Dickpinch|Close Combat|p1a: Talonflame
|-resisted|p1a: Talonflame
|-damage|p1a: Talonflame|256\/359
|-unboost|p2a: Dickpinch|def|1
|-unboost|p2a: Dickpinch|spd|1
|
|turn|13
|callback|decision
|
|switch|p2a: Suds|Rotom-Wash|304\/304
|move|p1a: Talonflame|U-turn|p2a: Suds
|-damage|p2a: Suds|209\/304
|callback|decision
|
|switch|p1a: Lucario|Lucario, M|281\/281
|
|turn|14
|callback|decision
|
|-formechange|p1a: Lucario|Lucario-Mega
|message|Lucario has Mega Evolved into Mega Lucario!
|move|p2a: Suds|Hydro Pump|p1a: Lucario
|-crit|p1a: Lucario
|-damage|p1a: Lucario|0 fnt
|faint|p1a: Lucario
|
|callback|decision
|
|switch|p1a: Manaphy|Manaphy|404\/404
|turn|15
|callback|decision
|
|switch|p2a: Moosh|Mamoswine, F|362\/362
|move|p1a: Manaphy|Tail Glow|p1a: Manaphy
|-boost|p1a: Manaphy|spa|3
|
|turn|16
|callback|decision
|
|move|p1a: Manaphy|Scald|p2a: Moosh
|-supereffective|p2a: Moosh
|-enditem|p2a: Moosh|Focus Sash
|-damage|p2a: Moosh|1\/362
|-status|p2a: Moosh|brn
|move|p2a: Moosh|Earthquake|p1a: Manaphy
|-crit|p1a: Manaphy
|-damage|p1a: Manaphy|278\/404
|
|-heal|p1a: Manaphy|303\/404|[from] item: Leftovers
|-damage|p2a: Moosh|0 fnt|[from] brn
|faint|p2a: Moosh
|callback|decision
|
|switch|p2a: Dickpinch|Pinsir, M|272\/272
|turn|17
|callback|decision
|
|-formechange|p2a: Dickpinch|Pinsir-Mega
|message|Pinsir has Mega Evolved into Mega Pinsir!
|move|p1a: Manaphy|Ice Beam|p2a: Dickpinch
|-supereffective|p2a: Dickpinch
|-damage|p2a: Dickpinch|0 fnt
|faint|p2a: Dickpinch
|
|-heal|p1a: Manaphy|328\/404|[from] item: Leftovers
|callback|decision
|
|switch|p2a: Queen|Garchomp, F|358\/358
|turn|18
|callback|decision
|
|move|p2a: Queen|Outrage|p1a: Manaphy
|-damage|p1a: Manaphy|10\/404
|move|p1a: Manaphy|Ice Beam|p2a: Queen
|-supereffective|p2a: Queen
|-damage|p2a: Queen|0 fnt
|faint|p2a: Queen
|
|-heal|p1a: Manaphy|35\/404|[from] item: Leftovers
|callback|decision
|
|switch|p2a: Suds|Rotom-Wash|209\/304
|turn|19
|callback|decision
|
|move|p2a: Suds|Hydro Pump|p1a: Manaphy
|-resisted|p1a: Manaphy
|-damage|p1a: Manaphy|0 fnt
|faint|p1a: Manaphy
|
|callback|decision
|
|switch|p1a: Sylveon|Sylveon, F|143\/392
|turn|20
|callback|decision
|
|move|p2a: Suds|Hydro Pump|p1a: Sylveon
|-damage|p1a: Sylveon|40\/392
|move|p1a: Sylveon|Hyper Voice|p2a: Suds
|-damage|p2a: Suds|0 fnt
|faint|p2a: Suds
|
|callback|decision
|
|switch|p2a: Tinder|Chandelure, F|204\/262
|turn|21
|callback|decision
|
|move|p2a: Tinder|Shadow Ball|p1a: Sylveon
|-damage|p1a: Sylveon|0 fnt
|faint|p1a: Sylveon
|
|callback|decision
|
|switch|p1a: Talonflame|Talonflame, F|256\/359
|turn|22
|callback|decision
|
|move|p1a: Talonflame|Brave Bird|p2a: Tinder
|-damage|p2a: Tinder|0 fnt
|-damage|p1a: Talonflame|189\/359|[from] recoil|[of] p2a: Tinder
|faint|p2a: Tinder
|
|win|Super Mario Bros
|raw|Ladder updating...
|raw|Super Mario Bros's rating: 1269 &rarr; <strong>1294<\/strong><br \/>(+25 for winning)
|raw|Toreutic's rating: 1277 &rarr; <strong>1251<\/strong><br \/>(-26 for losing)
|leave|Toreutic
|chat|Super Mario Bros|gg
|player|p2