|join|Cesar Clown
|join|Super Mario Bros
|player|p1|Cesar Clown|250
|player|p2|Super Mario Bros|155
|gametype|singles
|gen|6
|tier|OU
|rated
|clearpoke
|poke|p1|Charizard, F
|poke|p1|Heatran, F
|poke|p1|Landorus-Therian, M
|poke|p1|Jellicent, M, shiny
|poke|p1|Genesect, shiny
|poke|p1|Latios, M
|poke|p2|Medicham, F, shiny
|poke|p2|Suicune, shiny
|poke|p2|Ditto, shiny
|poke|p2|Jirachi, shiny
|poke|p2|Machamp, M
|poke|p2|Diggersby, M
|rule|Sleep Clause Mod: Limit one foe put to sleep
|rule|Species Clause: Limit one of each Pokemon
|rule|OHKO Clause: OHKO moves are banned
|rule|Moody Clause: Moody is banned
|rule|Evasion Moves Clause: Evasion moves are banned
|rule|Endless Battle Clause: Forcing endless battles is banned.
|rule|HP Percentage Mod: HP is reported as percentages
|teampreview
|
|start
|switch|p1a: Latios|Latios, M|302\/302
|switch|p2a: Machamp|Machamp, M|384\/384
|turn|1
|
|switch|p2a: Jirachi|Jirachi, shiny|404\/404
|move|p1a: Latios|Psyshock|p2a: Jirachi
|-crit|p2a: Jirachi
|-resisted|p2a: Jirachi
|-damage|p2a: Jirachi|347\/404
|
|-heal|p2a: Jirachi|372\/404|[from] item: Leftovers
|turn|2
|
|switch|p1a: Landorus-Therian|Landorus-Therian, M|332\/332
|-ability|p1a: Landorus-Therian|Intimidate|[of] p2a: Jirachi
|-unboost|p2a: Jirachi|atk|1
|move|p2a: Jirachi|Stealth Rock|p1a: Landorus-Therian
|-sidestart|p1: Cesar Clown|move: Stealth Rock
|
|-heal|p2a: Jirachi|397\/404|[from] item: Leftovers
|turn|3
|
|switch|p2a: Ditto|Ditto, shiny|300\/300
|-transform|p2a: Ditto|p1a: Landorus-Therian
|-ability|p2a: Ditto|Intimidate|[of] p1a: Landorus-Therian
|-unboost|p1a: Landorus-Therian|atk|1
|move|p1a: Landorus-Therian|Knock Off|p2a: Ditto
|-damage|p2a: Ditto|217\/300
|-enditem|p2a: Ditto|Choice Scarf|[from] move: Knock Off|[of] p1a: Landorus-Therian
|
|turn|4
|
|move|p1a: Landorus-Therian|Hidden Power|p2a: Ditto
|-supereffective|p2a: Ditto
|-damage|p2a: Ditto|0 fnt
|faint|p2a: Ditto
|
|
|switch|p2a: Medicham|Medicham, F, shiny|261\/261
|turn|5
|
|switch|p1a: Jellicent|Jellicent, M, shiny|401\/401
|-damage|p1a: Jellicent|351\/401|[from] Stealth Rock
|-formechange|p2a: Medicham|Medicham-Mega
|message|Medicham has Mega Evolved into Mega Medicham!
|move|p2a: Medicham|Ice Punch|p1a: Jellicent
|-resisted|p1a: Jellicent
|-damage|p1a: Jellicent|280\/401
|
|-heal|p1a: Jellicent|305\/401|[from] item: Leftovers
|turn|6
|
|switch|p2a: Jirachi|Jirachi, shiny|397\/404
|move|p1a: Jellicent|Will-O-Wisp|p2a: Jirachi
|-status|p2a: Jirachi|brn
|
|-heal|p2a: Jirachi|404\/404 brn|[from] item: Leftovers
|-heal|p1a: Jellicent|330\/401|[from] item: Leftovers
|-damage|p2a: Jirachi|354\/404 brn|[from] brn
|turn|7
|
|move|p2a: Jirachi|Thunder Wave|p1a: Jellicent
|-status|p1a: Jellicent|par
|move|p1a: Jellicent|Taunt|p2a: Jirachi
|-start|p2a: Jirachi|move: Taunt
|
|-heal|p2a: Jirachi|379\/404 brn|[from] item: Leftovers
|-heal|p1a: Jellicent|355\/401 par|[from] item: Leftovers
|-damage|p2a: Jirachi|329\/404 brn|[from] brn
|turn|8
|
|switch|p2a: Suicune|Suicune, shiny|404\/404
|-ability|p2a: Suicune|Pressure
|switch|p1a: Latios|Latios, M|302\/302
|-damage|p1a: Latios|265\/302|[from] Stealth Rock
|
|turn|9
|
|switch|p2a: Jirachi|Jirachi, shiny|329\/404 brn
|move|p1a: Latios|Trick|p2a: Jirachi
|-activate|p1a: Latios|move: Trick|[of] p2a: Jirachi
|-item|p2a: Jirachi|Choice Specs|[from] move: Trick
|-item|p1a: Latios|Leftovers|[from] move: Trick
|
|-heal|p1a: Latios|283\/302|[from] item: Leftovers
|-damage|p2a: Jirachi|279\/404 brn|[from] brn
|turn|10
|
|switch|p1a: Landorus-Therian|Landorus-Therian, M|332\/332
|-damage|p1a: Landorus-Therian|291\/332|[from] Stealth Rock
|-ability|p1a: Landorus-Therian|Intimidate|[of] p2a: Jirachi
|-unboost|p2a: Jirachi|atk|1
|move|p2a: Jirachi|Thunder Wave|p1a: Landorus-Therian
|-immune|p1a: Landorus-Therian|[msg]
|
|-heal|p1a: Landorus-Therian|311\/332|[from] item: Leftovers
|-damage|p2a: Jirachi|229\/404 brn|[from] brn
|turn|11
|
|switch|p2a: Suicune|Suicune, shiny|404\/404
|-ability|p2a: Suicune|Pressure
|move|p1a: Landorus-Therian|Earthquake|p2a: Suicune
|-damage|p2a: Suicune|284\/404
|
|-heal|p1a: Landorus-Therian|331\/332|[from] item: Leftovers
|-heal|p2a: Suicune|309\/404|[from] item: Leftovers
|turn|12
|
|move|p1a: Landorus-Therian|U-turn|p2a: Suicune
|-damage|p2a: Suicune|246\/404
|
|switch|p1a: Latios|Latios, M|283\/302
|-damage|p1a: Latios|246\/302|[from] Stealth Rock
|move|p2a: Suicune|Scald|p1a: Latios
|-resisted|p1a: Latios
|-damage|p1a: Latios|207\/302
|
|-heal|p1a: Latios|225\/302|[from] item: Leftovers
|-heal|p2a: Suicune|271\/404|[from] item: Leftovers
|turn|13
|join|eq live
|
|move|p1a: Latios|Defog|p2a: Suicune
|-unboost|p2a: Suicune|evasion|1
|-sideend|p1: Cesar Clown|Stealth Rock|[from] move: Defog|[of] p1a: Latios
|move|p2a: Suicune|Rest|p2a: Suicune
|-status|p2a: Suicune|slp
|-heal|p2a: Suicune|404\/404 slp|[silent]
|-status|p2a: Suicune|slp|[from] move: Rest
|
|-heal|p1a: Latios|243\/302|[from] item: Leftovers
|turn|14
|-message|Super Mario Bros forfeited.
|
|win|Cesar Clown
|raw|Ladder updating...
|leave|Super Mario Bros
|player|p2
|raw|Cesar Clown's rating: 1676 &rarr; <strong>1701<\/strong><br \/>(+25 for winning)
|raw|Super Mario Bros's rating: 1763 &rarr; <strong>1738<\/strong><br \/>(-25 for losing)