|join|CTNC
|join|Super Mario Bros
|player|p1|CTNC|92
|player|p2|Super Mario Bros|155
|gametype|singles
|gen|6
|tier|OU
|rated
|clearpoke
|poke|p1|Taillow, L1, M, shiny
|poke|p1|Staraptor, M
|poke|p1|Talonflame, M
|poke|p1|Pinsir, F
|poke|p1|Excadrill, F
|poke|p1|Rotom-Wash
|poke|p2|Heatran, M
|poke|p2|Talonflame, M
|poke|p2|Sylveon, F
|poke|p2|Manaphy
|poke|p2|Genesect
|poke|p2|Lucario, F
|rule|Sleep Clause Mod: Limit one foe put to sleep
|rule|Species Clause: Limit one of each Pokemon
|rule|OHKO Clause: OHKO moves are banned
|rule|Moody Clause: Moody is banned
|rule|Evasion Moves Clause: Evasion moves are banned
|rule|Endless Battle Clause: Forcing endless battles is banned.
|rule|HP Percentage Mod: HP is reported as percentages
|teampreview
|callback|decision
|
|start
|switch|p1a: Taillow|Taillow, L1, M, shiny|12\/12
|switch|p2a: Sylveon|Sylveon, F|392\/392
|turn|1
|callback|decision
|
|move|p2a: Sylveon|Hyper Voice|p1a: Taillow
|-enditem|p1a: Taillow|Focus Sash
|-damage|p1a: Taillow|1\/12
|move|p1a: Taillow|Endeavor|p2a: Sylveon
|-damage|p2a: Sylveon|1\/392
|
|turn|2
|callback|decision
|
|move|p2a: Sylveon|Hyper Voice|p1a: Taillow
|-damage|p1a: Taillow|0 fnt
|faint|p1a: Taillow
|
|callback|decision
|
|switch|p1a: Sweat Pants|Talonflame, M|309\/309
|turn|3
|callback|decision
|
|switch|p2a: Heatran|Heatran, M|386\/386
|move|p1a: Sweat Pants|Brave Bird|p2a: Heatran
|-resisted|p2a: Heatran
|-damage|p2a: Heatran|266\/386
|-damage|p1a: Sweat Pants|269\/309|[from] recoil|[of] p2a: Heatran
|
|-heal|p2a: Heatran|290\/386|[from] item: Leftovers
|turn|4
|callback|decision
|
|switch|p1a: Rotom-Wash|Rotom-Wash|241\/241
|move|p2a: Heatran|Stealth Rock|p1a: Rotom-Wash
|-sidestart|p1: CTNC|move: Stealth Rock
|
|-heal|p2a: Heatran|314\/386|[from] item: Leftovers
|turn|5
|callback|decision
|
|switch|p2a: Sylveon|Sylveon, F|1\/392
|move|p1a: Rotom-Wash|Hydro Pump|p2a: Sylveon
|-damage|p2a: Sylveon|0 fnt
|faint|p2a: Sylveon
|
|callback|decision
|
|switch|p2a: Genesect|Genesect|283\/283
|-boost|p2a: Genesect|spa|1|[from] ability: Download
|turn|6
|callback|decision
|
|move|p2a: Genesect|Thunderbolt|p1a: Rotom-Wash
|-damage|p1a: Rotom-Wash|73\/241
|move|p1a: Rotom-Wash|Hydro Pump|p2a: Genesect|[miss]
|-miss|p1a: Rotom-Wash|p2a: Genesect
|
|turn|7
|callback|decision
|
|switch|p2a: Lucario|Lucario, F|281\/281
|switch|p1a: Excadrill|Excadrill, F|365\/365
|-damage|p1a: Excadrill|354\/365|[from] Stealth Rock
|-ability|p1a: Excadrill|Mold Breaker
|
|-heal|p1a: Excadrill|365\/365|[from] item: Leftovers
|turn|8
|callback|decision
|
|-formechange|p2a: Lucario|Lucario-Mega
|message|Lucario has Mega Evolved into Mega Lucario!
|move|p2a: Lucario|Close Combat|p1a: Excadrill
|-supereffective|p1a: Excadrill
|-damage|p1a: Excadrill|0 fnt
|-unboost|p2a: Lucario|def|1
|-unboost|p2a: Lucario|spd|1
|faint|p1a: Excadrill
|
|callback|decision
|
|switch|p1a: Rotom-Wash|Rotom-Wash|73\/241
|-damage|p1a: Rotom-Wash|43\/241|[from] Stealth Rock
|turn|9
|callback|decision
|
|switch|p2a: Genesect|Genesect|283\/283
|-boost|p2a: Genesect|spa|1|[from] ability: Download
|move|p1a: Rotom-Wash|Thunderbolt|p2a: Genesect
|-damage|p2a: Genesect|115\/283
|
|turn|10
|callback|decision
|join|jbtc12
|
|move|p2a: Genesect|U-turn|p1a: Rotom-Wash
|-damage|p1a: Rotom-Wash|0 fnt
|faint|p1a: Rotom-Wash
|callback|decision
|
|switch|p2a: Manaphy|Manaphy|404\/404
|
|callback|decision
|
|switch|p1a: Sweat Pants|Talonflame, M|269\/309
|-damage|p1a: Sweat Pants|115\/309|[from] Stealth Rock
|turn|11
|callback|decision
|
|switch|p2a: Heatran|Heatran, M|314\/386
|move|p1a: Sweat Pants|Brave Bird|p2a: Heatran
|-resisted|p2a: Heatran
|-damage|p2a: Heatran|200\/386
|-damage|p1a: Sweat Pants|77\/309|[from] recoil|[of] p2a: Heatran
|
|-heal|p2a: Heatran|224\/386|[from] item: Leftovers
|turn|12
|callback|decision
|
|move|p1a: Sweat Pants|Brave Bird|p2a: Heatran
|-resisted|p2a: Heatran
|-damage|p2a: Heatran|99\/386
|-damage|p1a: Sweat Pants|36\/309|[from] recoil|[of] p2a: Heatran
|move|p2a: Heatran|Lava Plume|p1a: Sweat Pants
|-resisted|p1a: Sweat Pants
|-damage|p1a: Sweat Pants|0 fnt
|faint|p1a: Sweat Pants
|
|-heal|p2a: Heatran|123\/386|[from] item: Leftovers
|callback|decision
|
|switch|p1a: Pinsir|Pinsir, F|271\/271
|-damage|p1a: Pinsir|204\/271|[from] Stealth Rock
|turn|13
|callback|decision
|
|-formechange|p1a: Pinsir|Pinsir-Mega
|message|Pinsir has Mega Evolved into Mega Pinsir!
|move|p1a: Pinsir|Return|p2a: Heatran
|-resisted|p2a: Heatran
|-damage|p2a: Heatran|0 fnt
|faint|p2a: Heatran
|
|callback|decision
|
|switch|p2a: Talonflame|Talonflame, M|359\/359
|turn|14
|callback|decision
|
|move|p1a: Pinsir|Quick Attack|p2a: Talonflame
|-damage|p2a: Talonflame|206\/359
|move|p2a: Talonflame|Brave Bird|p1a: Pinsir
|-supereffective|p1a: Pinsir
|-damage|p1a: Pinsir|0 fnt
|-damage|p2a: Talonflame|139\/359|[from] recoil|[of] p1a: Pinsir
|faint|p1a: Pinsir
|
|callback|decision
|
|switch|p1a: Staraptor|Staraptor, M|311\/311
|-damage|p1a: Staraptor|234\/311|[from] Stealth Rock
|turn|15
|callback|decision
|
|move|p2a: Talonflame|Brave Bird|p1a: Staraptor
|-damage|p1a: Staraptor|0 fnt
|-damage|p2a: Talonflame|62\/359|[from] recoil|[of] p1a: Staraptor
|faint|p1a: Staraptor
|
|win|Super Mario Bros
|raw|Ladder updating...
|chat|CTNC|gg
|chat|Super Mario Bros|gg
|raw|CTNC's rating: 1190 &rarr; <strong>1163<\/strong><br \/>(-27 for losing)
|raw|Super Mario Bros's rating: 1169 &rarr; <strong>1195<\/strong><br \/>(+26 for winning)
|leave|CTNC
|player|p1