|join|happy negroid
|join|Super Mario Bros
|player|p1|happy negroid|272
|player|p2|Super Mario Bros|155
|gametype|singles
|gen|6
|tier|OU (suspect test)
|rated
|clearpoke
|poke|p1|Deoxys-Defense
|poke|p1|Pinsir, F
|poke|p1|Manaphy
|poke|p1|Bisharp, M
|poke|p1|Thundurus, M
|poke|p1|Aegislash, M
|poke|p2|Rotom-Wash
|poke|p2|Venusaur, F
|poke|p2|Heatran, F
|poke|p2|Conkeldurr, M
|poke|p2|Landorus-Therian, M
|poke|p2|Mandibuzz, F
|rule|Sleep Clause Mod: Limit one foe put to sleep
|rule|Species Clause: Limit one of each Pokemon
|rule|OHKO Clause: OHKO moves are banned
|rule|Moody Clause: Moody is banned
|rule|Evasion Moves Clause: Evasion moves are banned
|rule|Endless Battle Clause: Forcing endless battles is banned.
|rule|HP Percentage Mod: HP is reported as percentages
|teampreview
|callback|decision
|
|start
|switch|p1a: Deoxys-Defense|Deoxys-Defense|304\/304
|switch|p2a: Landorus-Therian|Landorus-Therian, M|319\/319
|-ability|p2a: Landorus-Therian|Intimidate|[of] p1a: Deoxys-Defense
|-unboost|p1a: Deoxys-Defense|atk|1
|-ability|p1a: Deoxys-Defense|Pressure
|turn|1
|callback|decision
|
|move|p2a: Landorus-Therian|Earthquake|p1a: Deoxys-Defense
|-damage|p1a: Deoxys-Defense|175\/304
|move|p1a: Deoxys-Defense|Stealth Rock|p2a: Landorus-Therian
|-sidestart|p2: Super Mario Bros|move: Stealth Rock
|
|turn|2
|callback|decision
|
|move|p2a: Landorus-Therian|Earthquake|p1a: Deoxys-Defense
|-damage|p1a: Deoxys-Defense|36\/304
|move|p1a: Deoxys-Defense|Spikes|p2a: Landorus-Therian
|-sidestart|p2: Super Mario Bros|Spikes
|
|turn|3
|callback|decision
|
|switch|p1a: Thundurus|Thundurus, M|299\/299
|move|p2a: Landorus-Therian|Earthquake|p1a: Thundurus
|-immune|p1a: Thundurus|[msg]
|
|turn|4
|callback|decision
|
|switch|p2a: Venusaur|Venusaur, F|301\/301
|-damage|p2a: Venusaur|264\/301|[from] Spikes
|-damage|p2a: Venusaur|227\/301|[from] Stealth Rock
|switch|p1a: Pinsir|Pinsir, F|271\/271
|
|turn|5
|callback|decision
|
|switch|p2a: Rotom-Wash|Rotom-Wash|303\/303
|-damage|p2a: Rotom-Wash|266\/303|[from] Stealth Rock
|-formechange|p1a: Pinsir|Pinsir-Mega
|message|Pinsir has Mega Evolved into Mega Pinsir!
|move|p1a: Pinsir|Return|p2a: Rotom-Wash
|-resisted|p2a: Rotom-Wash
|-damage|p2a: Rotom-Wash|162\/303
|
|turn|6
|callback|decision
|
|switch|p1a: Deoxys-Defense|Deoxys-Defense|36\/304
|-ability|p1a: Deoxys-Defense|Pressure
|move|p2a: Rotom-Wash|Volt Switch|p1a: Deoxys-Defense
|-damage|p1a: Deoxys-Defense|0 fnt
|faint|p1a: Deoxys-Defense
|callback|decision
|
|switch|p2a: Landorus-Therian|Landorus-Therian, M|319\/319
|-damage|p2a: Landorus-Therian|280\/319|[from] Stealth Rock
|
|callback|decision
|
|switch|p1a: Manaphy|Manaphy|341\/341
|turn|7
|callback|decision
|
|move|p2a: Landorus-Therian|Earthquake|p1a: Manaphy
|-crit|p1a: Manaphy
|-damage|p1a: Manaphy|0 fnt
|faint|p1a: Manaphy
|
|callback|decision
|
|switch|p1a: Pinsir|Pinsir, F|271\/271
|-formechange|p1a: Pinsir|Pinsir-Mega
|turn|8
|callback|decision
|
|switch|p2a: Heatran|Heatran, F|386\/386
|-damage|p2a: Heatran|338\/386|[from] Stealth Rock
|-damage|p2a: Heatran|290\/386|[from] Spikes
|move|p1a: Pinsir|Swords Dance|p1a: Pinsir
|-boost|p1a: Pinsir|atk|2
|
|-heal|p2a: Heatran|314\/386|[from] item: Leftovers
|turn|9
|callback|decision
|
|switch|p2a: Landorus-Therian|Landorus-Therian, M|280\/319
|-damage|p2a: Landorus-Therian|241\/319|[from] Stealth Rock
|-ability|p2a: Landorus-Therian|Intimidate|[of] p1a: Pinsir
|-unboost|p1a: Pinsir|atk|1
|move|p1a: Pinsir|Earthquake|p2a: Landorus-Therian
|-immune|p2a: Landorus-Therian|[msg]
|
|turn|10
|callback|decision
|
|switch|p1a: Bisharp|Bisharp, M|291\/291
|move|p2a: Landorus-Therian|Stone Edge|p1a: Bisharp|[miss]
|-miss|p2a: Landorus-Therian|p1a: Bisharp
|
|turn|11
|callback|decision
|
|switch|p2a: Conkeldurr|Conkeldurr, M|351\/351
|-damage|p2a: Conkeldurr|330\/351|[from] Stealth Rock
|-damage|p2a: Conkeldurr|287\/351|[from] Spikes
|move|p1a: Bisharp|Knock Off|p2a: Conkeldurr
|-resisted|p2a: Conkeldurr
|-damage|p2a: Conkeldurr|173\/351
|-enditem|p2a: Conkeldurr|Assault Vest|[from] move: Knock Off|[of] p1a: Bisharp
|-damage|p1a: Bisharp|262\/291|[from] item: Life Orb
|
|turn|12
|callback|decision
|
|switch|p1a: Thundurus|Thundurus, M|299\/299
|move|p2a: Conkeldurr|Ice Punch|p1a: Thundurus
|-supereffective|p1a: Thundurus
|-damage|p1a: Thundurus|11\/299
|
|-heal|p1a: Thundurus|29\/299|[from] item: Leftovers
|turn|13
|callback|decision
|
|move|p2a: Conkeldurr|Mach Punch|p1a: Thundurus
|-resisted|p1a: Thundurus
|-damage|p1a: Thundurus|0 fnt
|faint|p1a: Thundurus
|
|callback|decision
|
|switch|p1a: Pinsir|Pinsir, F|271\/271
|-formechange|p1a: Pinsir|Pinsir-Mega
|turn|14
|callback|decision
|
|switch|p2a: Heatran|Heatran, F|314\/386
|-damage|p2a: Heatran|266\/386|[from] Stealth Rock
|-damage|p2a: Heatran|218\/386|[from] Spikes
|move|p1a: Pinsir|Return|p2a: Heatran
|-resisted|p2a: Heatran
|-damage|p2a: Heatran|85\/386
|
|-heal|p2a: Heatran|109\/386|[from] item: Leftovers
|turn|15
|callback|decision
|
|move|p1a: Pinsir|Return|p2a: Heatran
|-resisted|p2a: Heatran
|-damage|p2a: Heatran|0 fnt
|faint|p2a: Heatran
|
|callback|decision
|
|switch|p2a: Rotom-Wash|Rotom-Wash|162\/303
|-damage|p2a: Rotom-Wash|125\/303|[from] Stealth Rock
|turn|16
|callback|decision
|
|switch|p1a: Aegislash|Aegislash, M|262\/262
|move|p2a: Rotom-Wash|Rest|p2a: Rotom-Wash
|-status|p2a: Rotom-Wash|slp
|-heal|p2a: Rotom-Wash|303\/303 slp|[silent]
|-status|p2a: Rotom-Wash|slp|[from] move: Rest
|-enditem|p2a: Rotom-Wash|Chesto Berry|[eat]
|-curestatus|p2a: Rotom-Wash|slp
|
|turn|17
|callback|decision
|
|switch|p2a: Mandibuzz|Mandibuzz, F|421\/421
|-damage|p2a: Mandibuzz|316\/421|[from] Stealth Rock
|-formechange|p1a: Aegislash|Aegislash-Blade
|move|p1a: Aegislash|Shadow Ball|p2a: Mandibuzz
|-resisted|p2a: Mandibuzz
|-damage|p2a: Mandibuzz|232\/421
|
|-heal|p2a: Mandibuzz|258\/421|[from] item: Leftovers
|turn|18
|callback|decision
|
|switch|p1a: Bisharp|Bisharp, M|262\/291
|move|p2a: Mandibuzz|Defog|p1a: Bisharp
|-unboost|p1a: Bisharp|evasion|1
|-boost|p1a: Bisharp|atk|2|[from] ability: Defiant
|-sideend|p2: Super Mario Bros|Spikes|[from] move: Defog|[of] p2a: Mandibuzz
|-sideend|p2: Super Mario Bros|Stealth Rock|[from] move: Defog|[of] p2a: Mandibuzz
|
|-heal|p2a: Mandibuzz|284\/421|[from] item: Leftovers
|turn|19
|callback|decision
|
|move|p1a: Bisharp|Swords Dance|p1a: Bisharp
|-boost|p1a: Bisharp|atk|2
|move|p2a: Mandibuzz|Foul Play|p1a: Bisharp
|-resisted|p1a: Bisharp
|-damage|p1a: Bisharp|0 fnt
|faint|p1a: Bisharp
|
|-heal|p2a: Mandibuzz|310\/421|[from] item: Leftovers
|callback|decision
|
|switch|p1a: Aegislash|Aegislash, M|262\/262
|turn|20
|callback|decision
|
|move|p2a: Mandibuzz|Foul Play|p1a: Aegislash
|-supereffective|p1a: Aegislash
|-damage|p1a: Aegislash|136\/262
|-enditem|p1a: Aegislash|Weakness Policy
|-boost|p1a: Aegislash|atk|2|[from] item: Weakness Policy
|-boost|p1a: Aegislash|spa|2|[from] item: Weakness Policy
|-formechange|p1a: Aegislash|Aegislash-Blade
|move|p1a: Aegislash|Flash Cannon|p2a: Mandibuzz
|-damage|p2a: Mandibuzz|0 fnt
|faint|p2a: Mandibuzz
|
|callback|decision
|
|switch|p2a: Rotom-Wash|Rotom-Wash|303\/303
|turn|21
|callback|decision
|
|move|p2a: Rotom-Wash|Volt Switch|p1a: Aegislash
|-damage|p1a: Aegislash|0 fnt
|faint|p1a: Aegislash
|callback|decision
|
|switch|p2a: Landorus-Therian|Landorus-Therian, M|241\/319
|
|callback|decision
|
|switch|p1a: Pinsir|Pinsir, F|271\/271
|-formechange|p1a: Pinsir|Pinsir-Mega
|turn|22
|callback|decision
|
|move|p2a: Landorus-Therian|Stone Edge|p1a: Pinsir
|-supereffective|p1a: Pinsir
|-damage|p1a: Pinsir|0 fnt
|faint|p1a: Pinsir
|
|win|Super Mario Bros
|raw|Ladder updating...
|raw|happy negroid's rating: 1205 &rarr; <strong>1175<\/strong><br \/>(-30 for losing)
|raw|Super Mario Bros's rating: 1128 &rarr; <strong>1158<\/strong><br \/>(+30 for winning)
|leave|happy negroid
|player|p1