|join|Super Mario Bros
|join|wobbaone
|player|p1|Super Mario Bros|155
|player|p2|wobbaone|2
|gametype|singles
|gen|6
|tier|OU (suspect test)
|rated
|clearpoke
|poke|p1|Medicham, F, shiny
|poke|p1|Suicune, shiny
|poke|p1|Ditto, shiny
|poke|p1|Jirachi, shiny
|poke|p1|Machamp, M
|poke|p1|Diggersby, M
|poke|p2|Mandibuzz, F
|poke|p2|Talonflame, M
|poke|p2|Excadrill, M
|poke|p2|Pinsir, F
|poke|p2|Roserade, F
|poke|p2|Heatran, M
|rule|Sleep Clause Mod: Limit one foe put to sleep
|rule|Species Clause: Limit one of each Pokemon
|rule|OHKO Clause: OHKO moves are banned
|rule|Moody Clause: Moody is banned
|rule|Evasion Moves Clause: Evasion moves are banned
|rule|Endless Battle Clause: Forcing endless battles is banned.
|rule|HP Percentage Mod: HP is reported as percentages
|teampreview
|callback|decision
|
|start
|switch|p1a: Jirachi|Jirachi, shiny|404\/404
|switch|p2a: Talonflame|Talonflame, M|298\/298
|turn|1
|callback|decision
|
|move|p2a: Talonflame|U-turn|p1a: Jirachi
|-damage|p1a: Jirachi|335\/404
|callback|decision
|
|switch|p2a: Excadrill|Excadrill, M|362\/362
|-ability|p2a: Excadrill|Mold Breaker
|move|p1a: Jirachi|Thunder Wave|p2a: Excadrill
|-immune|p2a: Excadrill|[msg]
|
|-heal|p1a: Jirachi|360\/404|[from] item: Leftovers
|turn|2
|callback|decision
|
|switch|p1a: Suicune|Suicune, shiny|404\/404
|-ability|p1a: Suicune|Pressure
|move|p2a: Excadrill|Earthquake|p1a: Suicune
|-damage|p1a: Suicune|316\/404
|
|-heal|p1a: Suicune|341\/404|[from] item: Leftovers
|turn|3
|callback|decision
|
|switch|p2a: Roserade|Roserade, F|324\/324
|move|p1a: Suicune|Calm Mind|p1a: Suicune
|-boost|p1a: Suicune|spa|1
|-boost|p1a: Suicune|spd|1
|
|-heal|p1a: Suicune|366\/404|[from] item: Leftovers
|turn|4
|callback|decision
|
|move|p2a: Roserade|Toxic Spikes|p1a: Suicune
|-sidestart|p1: Super Mario Bros|move: Toxic Spikes
|move|p1a: Suicune|Calm Mind|p1a: Suicune
|-boost|p1a: Suicune|spa|1
|-boost|p1a: Suicune|spd|1
|
|-heal|p1a: Suicune|391\/404|[from] item: Leftovers
|turn|5
|callback|decision
|
|move|p2a: Roserade|Toxic Spikes|p1a: Suicune
|-sidestart|p1: Super Mario Bros|move: Toxic Spikes
|move|p1a: Suicune|Calm Mind|p1a: Suicune
|-boost|p1a: Suicune|spa|1
|-boost|p1a: Suicune|spd|1
|
|-heal|p1a: Suicune|404\/404|[from] item: Leftovers
|turn|6
|callback|decision
|
|switch|p2a: Pinsir|Pinsir, F|272\/272
|move|p1a: Suicune|Calm Mind|p1a: Suicune
|-boost|p1a: Suicune|spa|1
|-boost|p1a: Suicune|spd|1
|
|turn|7
|callback|decision
|
|-formechange|p2a: Pinsir|Pinsir-Mega
|message|Pinsir has Mega Evolved into Mega Pinsir!
|move|p2a: Pinsir|Return|p1a: Suicune
|-damage|p1a: Suicune|218\/404
|move|p1a: Suicune|Scald|p2a: Pinsir
|-damage|p2a: Pinsir|0 fnt
|faint|p2a: Pinsir
|
|-heal|p1a: Suicune|243\/404|[from] item: Leftovers
|callback|decision
|
|switch|p2a: Talonflame|Talonflame, M|298\/298
|turn|8
|callback|decision
|
|move|p2a: Talonflame|Brave Bird|p1a: Suicune
|-damage|p1a: Suicune|92\/404
|-damage|p2a: Talonflame|248\/298|[from] recoil|[of] p1a: Suicune
|move|p1a: Suicune|Rest|p1a: Suicune
|-status|p1a: Suicune|slp
|-heal|p1a: Suicune|404\/404 slp|[silent]
|-status|p1a: Suicune|slp|[from] move: Rest
|
|turn|9
|callback|decision
|
|switch|p2a: Roserade|Roserade, F|324\/324
|cant|p1a: Suicune|slp
|move|p1a: Suicune|Sleep Talk|p1a: Suicune
|move|p1a: Suicune|Calm Mind|p1a: Suicune|[from]Sleep Talk
|-boost|p1a: Suicune|spa|1
|-boost|p1a: Suicune|spd|1
|
|turn|10
|callback|decision
|
|move|p2a: Roserade|Giga Drain|p1a: Suicune
|-supereffective|p1a: Suicune
|-damage|p1a: Suicune|354\/404 slp
|cant|p1a: Suicune|slp
|move|p1a: Suicune|Sleep Talk|p1a: Suicune
|move|p1a: Suicune|Rest|p1a: Suicune|[from]Sleep Talk
|-fail|p1a: Suicune
|
|-heal|p1a: Suicune|379\/404 slp|[from] item: Leftovers
|turn|11
|callback|decision
|
|move|p2a: Roserade|Giga Drain|p1a: Suicune
|-supereffective|p1a: Suicune
|-damage|p1a: Suicune|323\/404 slp
|-curestatus|p1a: Suicune|slp
|move|p1a: Suicune|Scald|p2a: Roserade
|-resisted|p2a: Roserade
|-damage|p2a: Roserade|222\/324
|-status|p2a: Roserade|brn
|
|-heal|p2a: Roserade|242\/324 brn|[from] item: Black Sludge
|-heal|p1a: Suicune|348\/404|[from] item: Leftovers
|-damage|p2a: Roserade|202\/324 brn|[from] brn
|turn|12
|callback|decision
|
|move|p2a: Roserade|Rest|p2a: Roserade
|-status|p2a: Roserade|slp
|-heal|p2a: Roserade|324\/324 slp|[silent]
|-status|p2a: Roserade|slp|[from] move: Rest
|move|p1a: Suicune|Calm Mind|p1a: Suicune
|-boost|p1a: Suicune|spa|1
|-boost|p1a: Suicune|spd|1
|
|-heal|p1a: Suicune|373\/404|[from] item: Leftovers
|turn|13
|callback|decision
|
|cant|p2a: Roserade|slp
|move|p1a: Suicune|Scald|p2a: Roserade
|-resisted|p2a: Roserade
|-damage|p2a: Roserade|198\/324 slp
|
|-heal|p2a: Roserade|218\/324 slp|[from] item: Black Sludge
|-heal|p1a: Suicune|398\/404|[from] item: Leftovers
|turn|14
|callback|decision
|
|cant|p2a: Roserade|slp
|move|p1a: Suicune|Scald|p2a: Roserade
|-resisted|p2a: Roserade
|-damage|p2a: Roserade|89\/324 slp
|
|-heal|p2a: Roserade|109\/324 slp|[from] item: Black Sludge
|-heal|p1a: Suicune|404\/404|[from] item: Leftovers
|turn|15
|callback|decision
|
|-curestatus|p2a: Roserade|slp
|move|p2a: Roserade|Giga Drain|p1a: Suicune
|-supereffective|p1a: Suicune
|-damage|p1a: Suicune|360\/404
|-heal|p2a: Roserade|131\/324|[from] drain|[of] p1a: Suicune
|move|p1a: Suicune|Scald|p2a: Roserade
|-resisted|p2a: Roserade
|-damage|p2a: Roserade|14\/324
|
|-heal|p2a: Roserade|34\/324|[from] item: Black Sludge
|-heal|p1a: Suicune|385\/404|[from] item: Leftovers
|turn|16
|callback|decision
|
|move|p2a: Roserade|Rest|p2a: Roserade
|-status|p2a: Roserade|slp
|-heal|p2a: Roserade|324\/324 slp|[silent]
|-status|p2a: Roserade|slp|[from] move: Rest
|move|p1a: Suicune|Scald|p2a: Roserade
|-resisted|p2a: Roserade
|-damage|p2a: Roserade|203\/324 slp
|
|-heal|p2a: Roserade|223\/324 slp|[from] item: Black Sludge
|-heal|p1a: Suicune|404\/404|[from] item: Leftovers
|turn|17
|callback|decision
|
|cant|p2a: Roserade|slp
|move|p1a: Suicune|Scald|p2a: Roserade
|-resisted|p2a: Roserade
|-damage|p2a: Roserade|109\/324 slp
|
|-heal|p2a: Roserade|129\/324 slp|[from] item: Black Sludge
|turn|18
|callback|decision
|
|cant|p2a: Roserade|slp
|move|p1a: Suicune|Scald|p2a: Roserade
|-resisted|p2a: Roserade
|-damage|p2a: Roserade|18\/324 slp
|
|-heal|p2a: Roserade|38\/324 slp|[from] item: Black Sludge
|turn|19
|callback|decision
|
|-curestatus|p2a: Roserade|slp
|move|p2a: Roserade|Rest|p2a: Roserade
|-status|p2a: Roserade|slp
|-heal|p2a: Roserade|324\/324 slp|[silent]
|-status|p2a: Roserade|slp|[from] move: Rest
|move|p1a: Suicune|Scald|p2a: Roserade
|-resisted|p2a: Roserade
|-damage|p2a: Roserade|200\/324 slp
|
|-heal|p2a: Roserade|220\/324 slp|[from] item: Black Sludge
|turn|20
|callback|decision
|
|cant|p2a: Roserade|slp
|move|p1a: Suicune|Scald|p2a: Roserade
|-resisted|p2a: Roserade
|-damage|p2a: Roserade|92\/324 slp
|
|-heal|p2a: Roserade|112\/324 slp|[from] item: Black Sludge
|turn|21
|callback|decision
|
|cant|p2a: Roserade|slp
|move|p1a: Suicune|Scald|p2a: Roserade
|-resisted|p2a: Roserade
|-damage|p2a: Roserade|0 fnt
|faint|p2a: Roserade
|
|callback|decision
|-message|wobbaone forfeited.
|
|win|Super Mario Bros
|raw|Ladder updating...
|leave|wobbaone
|player|p2
|raw|Super Mario Bros's rating: 1153 &rarr; <strong>1176<\/strong><br \/>(+23 for winning)
|raw|wobbaone's rating: 1125 &rarr; <strong>1102<\/strong><br \/>(-23 for losing)