|join|Super Mario Bros
|join|Arcanine is Regal
|player|p1|Super Mario Bros|155
|player|p2|Arcanine is Regal|126
|gametype|singles
|gen|6
|tier|OU (suspect test)
|rated
|clearpoke
|poke|p1|Rotom-Wash
|poke|p1|Venusaur, F
|poke|p1|Heatran, F
|poke|p1|Conkeldurr, M
|poke|p1|Landorus-Therian, M
|poke|p1|Mandibuzz, F
|poke|p2|Chesnaught, M
|poke|p2|Charizard, M
|poke|p2|Rotom-Wash
|poke|p2|Excadrill, F
|poke|p2|Thundurus, M
|poke|p2|Kyurem-Black
|rule|Sleep Clause Mod: Limit one foe put to sleep
|rule|Species Clause: Limit one of each Pokemon
|rule|OHKO Clause: OHKO moves are banned
|rule|Moody Clause: Moody is banned
|rule|Evasion Moves Clause: Evasion moves are banned
|rule|Endless Battle Clause: Forcing endless battles is banned.
|rule|HP Percentage Mod: HP is reported as percentages
|teampreview
|callback|decision
|
|start
|switch|p1a: Heatran|Heatran, F|386\/386
|switch|p2a: Excadrill|Excadrill, F|424\/424
|-ability|p2a: Excadrill|Mold Breaker
|-item|p2a: Excadrill|Air Balloon
|turn|1
|callback|decision
|
|move|p2a: Excadrill|Earthquake|p1a: Heatran
|-supereffective|p1a: Heatran
|-damage|p1a: Heatran|0 fnt
|faint|p1a: Heatran
|
|callback|decision
|
|switch|p1a: Mandibuzz|Mandibuzz, F|421\/421
|turn|2
|callback|decision
|
|move|p2a: Excadrill|Rock Slide|p1a: Mandibuzz
|-supereffective|p1a: Mandibuzz
|-damage|p1a: Mandibuzz|277\/421
|move|p1a: Mandibuzz|Foul Play|p2a: Excadrill
|-damage|p2a: Excadrill|115\/424
|-enditem|p2a: Excadrill|Air Balloon
|
|-heal|p1a: Mandibuzz|303\/421|[from] item: Leftovers
|turn|3
|callback|decision
|
|move|p2a: Excadrill|Stealth Rock|p1a: Mandibuzz
|-sidestart|p1: Super Mario Bros|move: Stealth Rock
|move|p1a: Mandibuzz|Foul Play|p2a: Excadrill
|-damage|p2a: Excadrill|0 fnt
|faint|p2a: Excadrill
|
|-heal|p1a: Mandibuzz|329\/421|[from] item: Leftovers
|callback|decision
|
|switch|p2a: Thundurus|Thundurus, M|299\/299
|turn|4
|callback|decision
|
|switch|p1a: Venusaur|Venusaur, F|301\/301
|-damage|p1a: Venusaur|264\/301|[from] Stealth Rock
|move|p2a: Thundurus|Wild Charge|p1a: Venusaur
|-resisted|p1a: Venusaur
|-damage|p1a: Venusaur|186\/301
|-damage|p2a: Thundurus|279\/299|[from] recoil|[of] p1a: Venusaur
|-damage|p2a: Thundurus|250\/299|[from] item: Life Orb
|
|turn|5
|callback|decision
|
|switch|p2a: Chesnaught|Chesnaught, M|367\/367
|-formechange|p1a: Venusaur|Venusaur-Mega
|message|Venusaur has Mega Evolved into Mega Venusaur!
|move|p1a: Venusaur|Leech Seed|p2a: Chesnaught
|-immune|p2a: Chesnaught|[msg]
|
|turn|6
|callback|decision
|
|move|p1a: Venusaur|Leech Seed|p2a: Chesnaught
|-immune|p2a: Chesnaught|[msg]
|move|p2a: Chesnaught|Spikes|p1a: Venusaur
|-sidestart|p1: Super Mario Bros|Spikes
|
|turn|7
|callback|decision
|
|switch|p1a: Mandibuzz|Mandibuzz, F|329\/421
|-damage|p1a: Mandibuzz|224\/421|[from] Stealth Rock
|move|p2a: Chesnaught|Spikes|p1a: Mandibuzz
|-sidestart|p1: Super Mario Bros|Spikes
|
|-heal|p1a: Mandibuzz|250\/421|[from] item: Leftovers
|turn|8
|callback|decision
|
|switch|p2a: Thundurus|Thundurus, M|250\/299
|move|p1a: Mandibuzz|Defog|p2a: Thundurus
|-unboost|p2a: Thundurus|evasion|1
|-boost|p2a: Thundurus|atk|2|[from] ability: Defiant
|-sideend|p1: Super Mario Bros|Spikes|[from] move: Defog|[of] p1a: Mandibuzz
|-sideend|p1: Super Mario Bros|Stealth Rock|[from] move: Defog|[of] p1a: Mandibuzz
|
|-heal|p1a: Mandibuzz|276\/421|[from] item: Leftovers
|turn|9
|callback|decision
|
|switch|p1a: Landorus-Therian|Landorus-Therian, M|319\/319
|-ability|p1a: Landorus-Therian|Intimidate|[of] p2a: Thundurus
|-unboost|p2a: Thundurus|atk|1
|-boost|p2a: Thundurus|atk|2|[from] ability: Defiant
|move|p2a: Thundurus|Knock Off|p1a: Landorus-Therian
|-damage|p1a: Landorus-Therian|0 fnt
|-damage|p2a: Thundurus|221\/299|[from] item: Life Orb
|faint|p1a: Landorus-Therian
|
|callback|decision
|-message|Super Mario Bros forfeited.
|
|win|Arcanine is Regal
|raw|Ladder updating...
|leave|Super Mario Bros
|player|p1
|raw|Super Mario Bros's rating: 1132 &rarr; <strong>1100<\/strong><br \/>(-32 for losing)
|raw|Arcanine is Regal's rating: 1025 &rarr; <strong>1057<\/strong><br \/>(+32 for winning)