|join|Super Mario Bros
|join|bananacream
|player|p1|Super Mario Bros|155
|player|p2|bananacream|170
|gametype|singles
|gen|6
|tier|OU (suspect test)
|rated
|clearpoke
|poke|p1|Medicham, F, shiny
|poke|p1|Suicune, shiny
|poke|p1|Ditto, shiny
|poke|p1|Jirachi, shiny
|poke|p1|Machamp, M
|poke|p1|Diggersby, M
|poke|p2|Mawile, M
|poke|p2|Talonflame, M
|poke|p2|Rotom-Wash
|poke|p2|Gliscor, F
|poke|p2|Garchomp, M
|poke|p2|Conkeldurr, F
|rule|Sleep Clause Mod: Limit one foe put to sleep
|rule|Species Clause: Limit one of each Pokemon
|rule|OHKO Clause: OHKO moves are banned
|rule|Moody Clause: Moody is banned
|rule|Evasion Moves Clause: Evasion moves are banned
|rule|Endless Battle Clause: Forcing endless battles is banned.
|rule|HP Percentage Mod: HP is reported as percentages
|teampreview
|
|start
|switch|p1a: Jirachi|Jirachi, shiny|404\/404
|switch|p2a: Talonflame|Talonflame, M|295\/295
|turn|1
|
|move|p2a: Talonflame|U-turn|p1a: Jirachi
|-damage|p1a: Jirachi|327\/404
|
|switch|p2a: Gliscor|Gliscor, F|354\/354
|move|p1a: Jirachi|Stealth Rock|p2a: Gliscor
|-sidestart|p2: bananacream|move: Stealth Rock
|
|-heal|p1a: Jirachi|352\/404|[from] item: Leftovers
|turn|2
|
|switch|p1a: Medicham|Medicham, F, shiny|261\/261
|move|p2a: Gliscor|Defog|p1a: Medicham
|-unboost|p1a: Medicham|evasion|1
|-sideend|p2: bananacream|Stealth Rock|[from] move: Defog|[of] p2a: Gliscor
|
|turn|3
|
|switch|p2a: Rotom-Wash|Rotom-Wash|303\/303
|-formechange|p1a: Medicham|Medicham-Mega
|message|Medicham has Mega Evolved into Mega Medicham!
|move|p1a: Medicham|Ice Punch|p2a: Rotom-Wash
|-resisted|p2a: Rotom-Wash
|-damage|p2a: Rotom-Wash|250\/303
|
|turn|4
|
|move|p1a: Medicham|High Jump Kick|p2a: Rotom-Wash|[miss]
|-miss|p1a: Medicham|p2a: Rotom-Wash
|-damage|p1a: Medicham|131\/261|[from] highjumpkick
|move|p2a: Rotom-Wash|Will-O-Wisp|p1a: Medicham
|-status|p1a: Medicham|brn
|
|-damage|p1a: Medicham|99\/261 brn|[from] brn
|turn|5
|
|move|p1a: Medicham|High Jump Kick|p2a: Rotom-Wash
|-crit|p2a: Rotom-Wash
|-damage|p2a: Rotom-Wash|40\/303
|move|p2a: Rotom-Wash|Hydro Pump|p1a: Medicham
|-damage|p1a: Medicham|0 fnt
|faint|p1a: Medicham
|
|
|switch|p1a: Diggersby|Diggersby, M|311\/311
|turn|6
|
|move|p1a: Diggersby|Return|p2a: Rotom-Wash
|-damage|p2a: Rotom-Wash|0 fnt
|faint|p2a: Rotom-Wash
|
|
|switch|p2a: Mawile|Mawile, M|300\/300
|-ability|p2a: Mawile|Intimidate|[of] p1a: Diggersby
|-unboost|p1a: Diggersby|atk|1
|turn|7
|
|-singleturn|p2a: Mawile|move: Focus Punch
|switch|p1a: Jirachi|Jirachi, shiny|352\/404
|-formechange|p2a: Mawile|Mawile-Mega
|message|Mawile has Mega Evolved into Mega Mawile!
|move|p2a: Mawile|Focus Punch|p1a: Jirachi
|-damage|p1a: Jirachi|118\/404
|
|-heal|p1a: Jirachi|143\/404|[from] item: Leftovers
|turn|8
|
|switch|p2a: Gliscor|Gliscor, F|354\/354
|move|p1a: Jirachi|Stealth Rock|p2a: Gliscor
|-sidestart|p2: bananacream|move: Stealth Rock
|
|-heal|p1a: Jirachi|168\/404|[from] item: Leftovers
|turn|9
|
|switch|p1a: Suicune|Suicune, shiny|404\/404
|-ability|p1a: Suicune|Pressure
|move|p2a: Gliscor|Defog|p1a: Suicune
|-unboost|p1a: Suicune|evasion|1
|-sideend|p2: bananacream|Stealth Rock|[from] move: Defog|[of] p2a: Gliscor
|
|turn|10
|
|switch|p2a: Conkeldurr|Conkeldurr, F|352\/352
|move|p1a: Suicune|Calm Mind|p1a: Suicune
|-boost|p1a: Suicune|spa|1
|-boost|p1a: Suicune|spd|1
|
|turn|11
|
|move|p1a: Suicune|Calm Mind|p1a: Suicune
|-boost|p1a: Suicune|spa|1
|-boost|p1a: Suicune|spd|1
|move|p2a: Conkeldurr|Knock Off|p1a: Suicune
|-damage|p1a: Suicune|315\/404
|-enditem|p1a: Suicune|Leftovers|[from] move: Knock Off|[of] p2a: Conkeldurr
|
|turn|12
|
|move|p1a: Suicune|Calm Mind|p1a: Suicune
|-boost|p1a: Suicune|spa|1
|-boost|p1a: Suicune|spd|1
|move|p2a: Conkeldurr|Drain Punch|p1a: Suicune
|-damage|p1a: Suicune|222\/404
|
|turn|13
|
|move|p1a: Suicune|Calm Mind|p1a: Suicune
|-boost|p1a: Suicune|spa|1
|-boost|p1a: Suicune|spd|1
|move|p2a: Conkeldurr|Drain Punch|p1a: Suicune
|-damage|p1a: Suicune|111\/404
|
|turn|14
|
|move|p1a: Suicune|Rest|p1a: Suicune
|-status|p1a: Suicune|slp
|-heal|p1a: Suicune|404\/404 slp|[silent]
|-status|p1a: Suicune|slp|[from] move: Rest
|move|p2a: Conkeldurr|Drain Punch|p1a: Suicune
|-damage|p1a: Suicune|307\/404 slp
|
|turn|15
|
|switch|p2a: Garchomp|Garchomp, M|358\/358
|cant|p1a: Suicune|slp
|move|p1a: Suicune|Sleep Talk|p1a: Suicune
|move|p1a: Suicune|Scald|p2a: Garchomp|[from]Sleep Talk
|-damage|p2a: Garchomp|39\/358
|
|turn|16
|
|move|p2a: Garchomp|Outrage|p1a: Suicune
|-damage|p1a: Suicune|166\/404 slp
|cant|p1a: Suicune|slp
|move|p1a: Suicune|Sleep Talk|p1a: Suicune
|move|p1a: Suicune|Calm Mind|p1a: Suicune|[from]Sleep Talk
|-boost|p1a: Suicune|spa|1
|-boost|p1a: Suicune|spd|1
|
|turn|17
|
|move|p2a: Garchomp|Outrage|p1a: Suicune
|-damage|p1a: Suicune|30\/404 slp
|-curestatus|p1a: Suicune|slp
|move|p1a: Suicune|Rest|p1a: Suicune
|-status|p1a: Suicune|slp
|-heal|p1a: Suicune|404\/404 slp|[silent]
|-status|p1a: Suicune|slp|[from] move: Rest
|
|turn|18
|
|move|p2a: Garchomp|Outrage|p1a: Suicune
|-damage|p1a: Suicune|266\/404 slp
|cant|p1a: Suicune|slp
|move|p1a: Suicune|Sleep Talk|p1a: Suicune
|move|p1a: Suicune|Rest|p1a: Suicune|[from]Sleep Talk
|-fail|p1a: Suicune
|
|-end|p2a: Garchomp|rampage
|-start|p2a: Garchomp|confusion
|turn|19
|
|-activate|p2a: Garchomp|confusion
|move|p2a: Garchomp|Outrage|p1a: Suicune
|-damage|p1a: Suicune|118\/404 slp
|cant|p1a: Suicune|slp
|move|p1a: Suicune|Sleep Talk|p1a: Suicune
|move|p1a: Suicune|Calm Mind|p1a: Suicune|[from]Sleep Talk
|-boost|p1a: Suicune|spa|1
|-boost|p1a: Suicune|spd|1
|
|turn|20
|
|-activate|p2a: Garchomp|confusion
|-damage|p2a: Garchomp|0 fnt|[from] confusion
|faint|p2a: Garchomp
|-curestatus|p1a: Suicune|slp
|move|p1a: Suicune|Rest|p1a: Suicune
|-status|p1a: Suicune|slp
|-heal|p1a: Suicune|404\/404 slp|[silent]
|-status|p1a: Suicune|slp|[from] move: Rest
|
|
|switch|p2a: Mawile|Mawile, M|300\/300
|-formechange|p2a: Mawile|Mawile-Mega
|turn|21
|
|cant|p1a: Suicune|slp
|move|p1a: Suicune|Sleep Talk|p1a: Suicune
|move|p1a: Suicune|Scald|p2a: Mawile|[from]Sleep Talk
|-damage|p2a: Mawile|0 fnt
|faint|p2a: Mawile
|
|-message|bananacream forfeited.
|
|win|Super Mario Bros
|raw|Ladder updating...
|raw|Super Mario Bros's rating: 1344 &rarr; <strong>1369<\/strong><br \/>(+25 for winning)
|raw|bananacream's rating: 1348 &rarr; <strong>1322<\/strong><br \/>(-26 for losing)
|leave|bananacream
|player|p2