|join|SirSleepy
|join|Super Mario Bros
|player|p1|SirSleepy|206
|player|p2|Super Mario Bros|155
|gametype|singles
|gen|6
|tier|OU (suspect test)
|rated
|clearpoke
|poke|p1|Gyarados, F
|poke|p1|Landorus-Therian, M
|poke|p1|Heatran, F
|poke|p1|Ferrothorn, M
|poke|p1|Tentacruel, F
|poke|p1|Tyranitar, F
|poke|p2|Medicham, F, shiny
|poke|p2|Suicune, shiny
|poke|p2|Ditto, shiny
|poke|p2|Jirachi, shiny
|poke|p2|Machamp, M
|poke|p2|Diggersby, M
|rule|Sleep Clause Mod: Limit one foe put to sleep
|rule|Species Clause: Limit one of each Pokemon
|rule|OHKO Clause: OHKO moves are banned
|rule|Moody Clause: Moody is banned
|rule|Evasion Moves Clause: Evasion moves are banned
|rule|Endless Battle Clause: Forcing endless battles is banned.
|rule|HP Percentage Mod: HP is reported as percentages
|teampreview
|
|start
|switch|p1a: Gyarados|Gyarados, F|333\/333
|switch|p2a: Medicham|Medicham, F, shiny|261\/261
|-ability|p1a: Gyarados|Intimidate|[of] p2a: Medicham
|-unboost|p2a: Medicham|atk|1
|turn|1
|
|switch|p2a: Jirachi|Jirachi, shiny|404\/404
|switch|p1a: Landorus-Therian|Landorus-Therian, M|320\/320
|-ability|p1a: Landorus-Therian|Intimidate|[of] p2a: Jirachi
|-unboost|p2a: Jirachi|atk|1
|
|turn|2
|
|switch|p2a: Suicune|Suicune, shiny|404\/404
|-ability|p2a: Suicune|Pressure
|move|p1a: Landorus-Therian|Earthquake|p2a: Suicune
|-damage|p2a: Suicune|284\/404
|
|-heal|p2a: Suicune|309\/404|[from] item: Leftovers
|turn|3
|
|switch|p1a: Ferrothorn|Ferrothorn, M|352\/352
|move|p2a: Suicune|Scald|p1a: Ferrothorn
|-resisted|p1a: Ferrothorn
|-damage|p1a: Ferrothorn|317\/352
|
|-heal|p2a: Suicune|334\/404|[from] item: Leftovers
|-heal|p1a: Ferrothorn|339\/352|[from] item: Leftovers
|turn|4
|
|switch|p2a: Machamp|Machamp, M|384\/384
|move|p1a: Ferrothorn|Thunder Wave|p2a: Machamp
|-status|p2a: Machamp|par
|
|-heal|p1a: Ferrothorn|352\/352|[from] item: Leftovers
|turn|5
|
|switch|p1a: Tentacruel|Tentacruel, F|361\/361
|move|p2a: Machamp|Knock Off|p1a: Tentacruel
|-damage|p1a: Tentacruel|232\/361
|-enditem|p1a: Tentacruel|Black Sludge|[from] move: Knock Off|[of] p2a: Machamp
|
|turn|6
|
|move|p1a: Tentacruel|Toxic Spikes|p2a: Machamp
|-sidestart|p2: Super Mario Bros|move: Toxic Spikes
|cant|p2a: Machamp|par
|
|turn|7
|
|move|p1a: Tentacruel|Toxic Spikes|p2a: Machamp
|-sidestart|p2: Super Mario Bros|move: Toxic Spikes
|move|p2a: Machamp|Dynamic Punch|p1a: Tentacruel
|-resisted|p1a: Tentacruel
|-damage|p1a: Tentacruel|144\/361
|-start|p1a: Tentacruel|confusion
|
|turn|8
|
|switch|p1a: Gyarados|Gyarados, F|333\/333
|-ability|p1a: Gyarados|Intimidate|[of] p2a: Machamp
|-unboost|p2a: Machamp|atk|1
|switch|p2a: Ditto|Ditto, shiny|300\/300
|-status|p2a: Ditto|tox
|-transform|p2a: Ditto|p1a: Gyarados
|-ability|p2a: Ditto|Intimidate|[of] p1a: Gyarados
|-unboost|p1a: Gyarados|atk|1
|
|-damage|p2a: Ditto|282\/300 tox|[from] psn
|turn|9
|
|switch|p2a: Machamp|Machamp, M|384\/384 par
|move|p1a: Gyarados|Substitute|p1a: Gyarados
|-start|p1a: Gyarados|Substitute
|-damage|p1a: Gyarados|250\/333
|
|-heal|p1a: Gyarados|270\/333|[from] item: Leftovers
|turn|10
|
|move|p1a: Gyarados|Dragon Dance|p1a: Gyarados
|-boost|p1a: Gyarados|atk|1
|-boost|p1a: Gyarados|spe|1
|move|p2a: Machamp|Stone Edge|p1a: Gyarados
|-crit|p1a: Gyarados
|-supereffective|p1a: Gyarados
|-end|p1a: Gyarados|Substitute
|
|-heal|p1a: Gyarados|290\/333|[from] item: Leftovers
|turn|11
|join|jbtc11
|
|move|p1a: Gyarados|Substitute|p1a: Gyarados
|-start|p1a: Gyarados|Substitute
|-damage|p1a: Gyarados|207\/333
|move|p2a: Machamp|Stone Edge|p1a: Gyarados
|-crit|p1a: Gyarados
|-supereffective|p1a: Gyarados
|-end|p1a: Gyarados|Substitute
|
|-heal|p1a: Gyarados|227\/333|[from] item: Leftovers
|turn|12
|
|switch|p1a: Landorus-Therian|Landorus-Therian, M|320\/320
|-ability|p1a: Landorus-Therian|Intimidate|[of] p2a: Machamp
|-unboost|p2a: Machamp|atk|1
|move|p2a: Machamp|Stone Edge|p1a: Landorus-Therian
|-damage|p1a: Landorus-Therian|221\/320
|
|turn|13
|
|switch|p2a: Ditto|Ditto, shiny|282\/300 tox
|-transform|p2a: Ditto|p1a: Landorus-Therian
|-ability|p2a: Ditto|Intimidate|[of] p1a: Landorus-Therian
|-unboost|p1a: Landorus-Therian|atk|1
|move|p1a: Landorus-Therian|U-turn|p2a: Ditto
|-resisted|p2a: Ditto
|-damage|p2a: Ditto|251\/300 tox
|
|switch|p1a: Gyarados|Gyarados, F|227\/333
|-ability|p1a: Gyarados|Intimidate|[of] p2a: Ditto
|-unboost|p2a: Ditto|atk|1
|
|-heal|p1a: Gyarados|247\/333|[from] item: Leftovers
|-damage|p2a: Ditto|233\/300 tox|[from] psn
|turn|14
|
|switch|p1a: Ferrothorn|Ferrothorn, M|352\/352
|move|p2a: Ditto|U-turn|p1a: Ferrothorn
|-damage|p1a: Ferrothorn|315\/352
|-damage|p2a: Ditto|196\/300 tox|[from] ability: Iron Barbs|[of] p1a: Ferrothorn
|
|switch|p2a: Jirachi|Jirachi, shiny|404\/404
|
|-heal|p1a: Ferrothorn|337\/352|[from] item: Leftovers
|turn|15
|
|move|p2a: Jirachi|Stealth Rock|p1a: Ferrothorn
|-sidestart|p1: SirSleepy|move: Stealth Rock
|move|p1a: Ferrothorn|Thunder Wave|p2a: Jirachi
|-status|p2a: Jirachi|par
|
|-heal|p1a: Ferrothorn|352\/352|[from] item: Leftovers
|turn|16
|
|switch|p2a: Machamp|Machamp, M|384\/384 par
|move|p1a: Ferrothorn|Leech Seed|p2a: Machamp
|-start|p2a: Machamp|move: Leech Seed
|
|-damage|p2a: Machamp|336\/384 par|[from] Leech Seed|[of] p1a: Ferrothorn
|turn|17
|
|switch|p1a: Tentacruel|Tentacruel, F|144\/361
|-damage|p1a: Tentacruel|99\/361|[from] Stealth Rock
|move|p2a: Machamp|Dynamic Punch|p1a: Tentacruel
|-resisted|p1a: Tentacruel
|-damage|p1a: Tentacruel|4\/361
|-start|p1a: Tentacruel|confusion
|
|-damage|p2a: Machamp|288\/384 par|[from] Leech Seed|[of] p1a: Tentacruel
|-heal|p1a: Tentacruel|52\/361|[silent]
|turn|18
|
|switch|p1a: Landorus-Therian|Landorus-Therian, M|221\/320
|-damage|p1a: Landorus-Therian|181\/320|[from] Stealth Rock
|-ability|p1a: Landorus-Therian|Intimidate|[of] p2a: Machamp
|-unboost|p2a: Machamp|atk|1
|switch|p2a: Ditto|Ditto, shiny|196\/300 tox
|-transform|p2a: Ditto|p1a: Landorus-Therian
|-ability|p2a: Ditto|Intimidate|[of] p1a: Landorus-Therian
|-unboost|p1a: Landorus-Therian|atk|1
|
|-damage|p2a: Ditto|178\/300 tox|[from] psn
|turn|19
|
|move|p1a: Landorus-Therian|U-turn|p2a: Ditto
|-resisted|p2a: Ditto
|-damage|p2a: Ditto|146\/300 tox
|
|switch|p1a: Ferrothorn|Ferrothorn, M|352\/352
|-damage|p1a: Ferrothorn|330\/352|[from] Stealth Rock
|move|p2a: Ditto|U-turn|p1a: Ferrothorn
|-damage|p1a: Ferrothorn|273\/352
|-damage|p2a: Ditto|109\/300 tox|[from] ability: Iron Barbs|[of] p1a: Ferrothorn
|
|switch|p2a: Machamp|Machamp, M|288\/384 par
|
|-heal|p1a: Ferrothorn|295\/352|[from] item: Leftovers
|turn|20
|
|switch|p1a: Tentacruel|Tentacruel, F|52\/361
|-damage|p1a: Tentacruel|7\/361|[from] Stealth Rock
|move|p2a: Machamp|Dynamic Punch|p1a: Tentacruel
|-resisted|p1a: Tentacruel
|-damage|p1a: Tentacruel|0 fnt
|faint|p1a: Tentacruel
|
|
|switch|p1a: Landorus-Therian|Landorus-Therian, M|181\/320
|-damage|p1a: Landorus-Therian|141\/320|[from] Stealth Rock
|-ability|p1a: Landorus-Therian|Intimidate|[of] p2a: Machamp
|-unboost|p2a: Machamp|atk|1
|turn|21
|
|switch|p2a: Suicune|Suicune, shiny|334\/404
|-status|p2a: Suicune|tox
|-ability|p2a: Suicune|Pressure
|move|p1a: Landorus-Therian|Earthquake|p2a: Suicune
|-damage|p2a: Suicune|217\/404 tox
|
|-heal|p2a: Suicune|242\/404 tox|[from] item: Leftovers
|-damage|p2a: Suicune|217\/404 tox|[from] psn
|turn|22
|
|switch|p1a: Ferrothorn|Ferrothorn, M|295\/352
|-damage|p1a: Ferrothorn|273\/352|[from] Stealth Rock
|move|p2a: Suicune|Rest|p2a: Suicune
|-status|p2a: Suicune|slp
|-heal|p2a: Suicune|404\/404 slp|[silent]
|-status|p2a: Suicune|slp|[from] move: Rest
|
|-heal|p1a: Ferrothorn|295\/352|[from] item: Leftovers
|turn|23
|
|switch|p2a: Machamp|Machamp, M|288\/384 par
|move|p1a: Ferrothorn|Leech Seed|p2a: Machamp
|-start|p2a: Machamp|move: Leech Seed
|
|-heal|p1a: Ferrothorn|317\/352|[from] item: Leftovers
|-damage|p2a: Machamp|240\/384 par|[from] Leech Seed|[of] p1a: Ferrothorn
|-heal|p1a: Ferrothorn|352\/352|[silent]
|turn|24
|
|switch|p1a: Gyarados|Gyarados, F|247\/333
|-damage|p1a: Gyarados|164\/333|[from] Stealth Rock
|-ability|p1a: Gyarados|Intimidate|[of] p2a: Machamp
|-unboost|p2a: Machamp|atk|1
|cant|p2a: Machamp|par
|
|-heal|p1a: Gyarados|184\/333|[from] item: Leftovers
|-damage|p2a: Machamp|192\/384 par|[from] Leech Seed|[of] p1a: Gyarados
|-heal|p1a: Gyarados|232\/333|[silent]
|turn|25
|
|switch|p2a: Ditto|Ditto, shiny|109\/300 tox
|-transform|p2a: Ditto|p1a: Gyarados
|-ability|p2a: Ditto|Intimidate|[of] p1a: Gyarados
|-unboost|p1a: Gyarados|atk|1
|move|p1a: Gyarados|Substitute|p1a: Gyarados
|-start|p1a: Gyarados|Substitute
|-damage|p1a: Gyarados|149\/333
|
|-heal|p1a: Gyarados|169\/333|[from] item: Leftovers
|-damage|p2a: Ditto|91\/300 tox|[from] psn
|turn|26
|
|switch|p2a: Suicune|Suicune, shiny|404\/404 slp
|-ability|p2a: Suicune|Pressure
|move|p1a: Gyarados|Dragon Dance|p1a: Gyarados
|-boost|p1a: Gyarados|atk|1
|-boost|p1a: Gyarados|spe|1
|
|-heal|p1a: Gyarados|189\/333|[from] item: Leftovers
|turn|27
|
|move|p1a: Gyarados|Dragon Dance|p1a: Gyarados
|-boost|p1a: Gyarados|atk|1
|-boost|p1a: Gyarados|spe|1
|cant|p2a: Suicune|slp
|move|p2a: Suicune|Sleep Talk|p2a: Suicune
|move|p2a: Suicune|Calm Mind|p2a: Suicune|[from]Sleep Talk
|-boost|p2a: Suicune|spa|1
|-boost|p2a: Suicune|spd|1
|
|-heal|p1a: Gyarados|209\/333|[from] item: Leftovers
|turn|28
|
|move|p1a: Gyarados|Earthquake|p2a: Suicune
|-damage|p2a: Suicune|291\/404 slp
|cant|p2a: Suicune|slp
|move|p2a: Suicune|Sleep Talk|p2a: Suicune
|move|p2a: Suicune|Calm Mind|p2a: Suicune|[from]Sleep Talk
|-boost|p2a: Suicune|spa|1
|-boost|p2a: Suicune|spd|1
|
|-heal|p1a: Gyarados|229\/333|[from] item: Leftovers
|-heal|p2a: Suicune|316\/404 slp|[from] item: Leftovers
|turn|29
|
|move|p1a: Gyarados|Dragon Dance|p1a: Gyarados
|-boost|p1a: Gyarados|atk|1
|-boost|p1a: Gyarados|spe|1
|-curestatus|p2a: Suicune|slp
|move|p2a: Suicune|Scald|p1a: Gyarados
|-resisted|p1a: Gyarados
|-end|p1a: Gyarados|Substitute
|
|-heal|p1a: Gyarados|249\/333|[from] item: Leftovers
|-heal|p2a: Suicune|341\/404|[from] item: Leftovers
|turn|30
|
|move|p1a: Gyarados|Earthquake|p2a: Suicune
|-damage|p2a: Suicune|185\/404
|move|p2a: Suicune|Scald|p1a: Gyarados
|-resisted|p1a: Gyarados
|-damage|p1a: Gyarados|163\/333
|
|-heal|p1a: Gyarados|183\/333|[from] item: Leftovers
|-heal|p2a: Suicune|210\/404|[from] item: Leftovers
|turn|31
|
|move|p1a: Gyarados|Waterfall|p2a: Suicune
|-resisted|p2a: Suicune
|-damage|p2a: Suicune|123\/404
|move|p2a: Suicune|Scald|p1a: Gyarados
|-resisted|p1a: Gyarados
|-damage|p1a: Gyarados|95\/333
|-status|p1a: Gyarados|brn
|
|-heal|p1a: Gyarados|115\/333 brn|[from] item: Leftovers
|-heal|p2a: Suicune|148\/404|[from] item: Leftovers
|-damage|p1a: Gyarados|74\/333 brn|[from] brn
|turn|32
|
|move|p1a: Gyarados|Earthquake|p2a: Suicune
|-damage|p2a: Suicune|75\/404
|move|p2a: Suicune|Rest|p2a: Suicune
|-status|p2a: Suicune|slp
|-heal|p2a: Suicune|404\/404 slp|[silent]
|-status|p2a: Suicune|slp|[from] move: Rest
|
|-heal|p1a: Gyarados|94\/333 brn|[from] item: Leftovers
|-damage|p1a: Gyarados|53\/333 brn|[from] brn
|turn|33
|
|switch|p1a: Heatran|Heatran, F|386\/386
|-damage|p1a: Heatran|338\/386|[from] Stealth Rock
|-item|p1a: Heatran|Air Balloon
|cant|p2a: Suicune|slp
|move|p2a: Suicune|Sleep Talk|p2a: Suicune
|move|p2a: Suicune|Rest|p2a: Suicune|[from]Sleep Talk
|-fail|p2a: Suicune
|
|turn|34
|join|RandOhmite
|
|cant|p2a: Suicune|slp
|move|p2a: Suicune|Sleep Talk|p2a: Suicune
|move|p2a: Suicune|Rest|p2a: Suicune|[from]Sleep Talk
|-fail|p2a: Suicune
|move|p1a: Heatran|Roar|p2a: Suicune
|drag|p2a: Diggersby|Diggersby, M|311\/311
|-status|p2a: Diggersby|tox
|
|-damage|p2a: Diggersby|292\/311 tox|[from] psn
|turn|35
|
|switch|p2a: Suicune|Suicune, shiny|404\/404 slp
|-ability|p2a: Suicune|Pressure
|switch|p1a: Gyarados|Gyarados, F|53\/333 brn
|-damage|p1a: Gyarados|0 fnt|[from] Stealth Rock
|faint|p1a: Gyarados
|
|
|switch|p1a: Ferrothorn|Ferrothorn, M|352\/352
|-damage|p1a: Ferrothorn|330\/352|[from] Stealth Rock
|turn|36
|
|-curestatus|p2a: Suicune|slp
|move|p2a: Suicune|Scald|p1a: Ferrothorn
|-resisted|p1a: Ferrothorn
|-damage|p1a: Ferrothorn|291\/352
|move|p1a: Ferrothorn|Leech Seed|p2a: Suicune
|-start|p2a: Suicune|move: Leech Seed
|
|-heal|p1a: Ferrothorn|313\/352|[from] item: Leftovers
|-damage|p2a: Suicune|354\/404|[from] Leech Seed|[of] p1a: Ferrothorn
|-heal|p1a: Ferrothorn|352\/352|[silent]
|turn|37
|
|switch|p2a: Machamp|Machamp, M|192\/384 par
|move|p1a: Ferrothorn|Gyro Ball|p2a: Machamp
|-damage|p2a: Machamp|162\/384 par
|
|turn|38
|
|move|p1a: Ferrothorn|Leech Seed|p2a: Machamp
|-start|p2a: Machamp|move: Leech Seed
|cant|p2a: Machamp|par
|
|-damage|p2a: Machamp|114\/384 par|[from] Leech Seed|[of] p1a: Ferrothorn
|turn|39
|
|switch|p1a: Landorus-Therian|Landorus-Therian, M|141\/320
|-damage|p1a: Landorus-Therian|101\/320|[from] Stealth Rock
|-ability|p1a: Landorus-Therian|Intimidate|[of] p2a: Machamp
|-unboost|p2a: Machamp|atk|1
|cant|p2a: Machamp|par
|
|-damage|p2a: Machamp|66\/384 par|[from] Leech Seed|[of] p1a: Landorus-Therian
|-heal|p1a: Landorus-Therian|149\/320|[silent]
|turn|40
|
|switch|p2a: Ditto|Ditto, shiny|91\/300 tox
|-transform|p2a: Ditto|p1a: Landorus-Therian
|-ability|p2a: Ditto|Intimidate|[of] p1a: Landorus-Therian
|-unboost|p1a: Landorus-Therian|atk|1
|move|p1a: Landorus-Therian|Knock Off|p2a: Ditto
|-damage|p2a: Ditto|0 fnt
|faint|p2a: Ditto
|
|
|switch|p2a: Suicune|Suicune, shiny|354\/404
|-status|p2a: Suicune|tox
|-ability|p2a: Suicune|Pressure
|turn|41
|
|switch|p1a: Ferrothorn|Ferrothorn, M|352\/352
|-damage|p1a: Ferrothorn|330\/352|[from] Stealth Rock
|move|p2a: Suicune|Scald|p1a: Ferrothorn
|-resisted|p1a: Ferrothorn
|-damage|p1a: Ferrothorn|294\/352
|
|-heal|p2a: Suicune|379\/404 tox|[from] item: Leftovers
|-heal|p1a: Ferrothorn|316\/352|[from] item: Leftovers
|-damage|p2a: Suicune|354\/404 tox|[from] psn
|turn|42
|
|move|p2a: Suicune|Scald|p1a: Ferrothorn
|-resisted|p1a: Ferrothorn
|-damage|p1a: Ferrothorn|280\/352
|-status|p1a: Ferrothorn|brn
|move|p1a: Ferrothorn|Leech Seed|p2a: Suicune
|-start|p2a: Suicune|move: Leech Seed
|
|-heal|p2a: Suicune|379\/404 tox|[from] item: Leftovers
|-heal|p1a: Ferrothorn|302\/352 brn|[from] item: Leftovers
|-damage|p2a: Suicune|329\/404 tox|[from] Leech Seed|[of] p1a: Ferrothorn
|-heal|p1a: Ferrothorn|352\/352 brn|[silent]
|-damage|p2a: Suicune|279\/404 tox|[from] psn
|-damage|p1a: Ferrothorn|308\/352 brn|[from] brn
|turn|43
|
|switch|p2a: Jirachi|Jirachi, shiny|404\/404 par
|switch|p1a: Landorus-Therian|Landorus-Therian, M|149\/320
|-damage|p1a: Landorus-Therian|109\/320|[from] Stealth Rock
|-ability|p1a: Landorus-Therian|Intimidate|[of] p2a: Jirachi
|-unboost|p2a: Jirachi|atk|1
|
|turn|44
|
|move|p1a: Landorus-Therian|Earthquake|p2a: Jirachi
|-supereffective|p2a: Jirachi
|-damage|p2a: Jirachi|110\/404 par
|cant|p2a: Jirachi|par
|
|-heal|p2a: Jirachi|135\/404 par|[from] item: Leftovers
|turn|45
|
|move|p1a: Landorus-Therian|Earthquake|p2a: Jirachi
|-supereffective|p2a: Jirachi
|-damage|p2a: Jirachi|0 fnt
|faint|p2a: Jirachi
|
|
|switch|p2a: Suicune|Suicune, shiny|279\/404 tox
|-ability|p2a: Suicune|Pressure
|turn|46
|
|switch|p1a: Ferrothorn|Ferrothorn, M|308\/352 brn
|-damage|p1a: Ferrothorn|286\/352 brn|[from] Stealth Rock
|move|p2a: Suicune|Scald|p1a: Ferrothorn
|-resisted|p1a: Ferrothorn
|-damage|p1a: Ferrothorn|249\/352 brn
|
|-heal|p2a: Suicune|304\/404 tox|[from] item: Leftovers
|-heal|p1a: Ferrothorn|271\/352 brn|[from] item: Leftovers
|-damage|p2a: Suicune|279\/404 tox|[from] psn
|-damage|p1a: Ferrothorn|227\/352 brn|[from] brn
|turn|47
|
|switch|p2a: Machamp|Machamp, M|66\/384 par
|move|p1a: Ferrothorn|Leech Seed|p2a: Machamp
|-start|p2a: Machamp|move: Leech Seed
|
|-heal|p1a: Ferrothorn|249\/352 brn|[from] item: Leftovers
|-damage|p2a: Machamp|18\/384 par|[from] Leech Seed|[of] p1a: Ferrothorn
|-heal|p1a: Ferrothorn|297\/352 brn|[silent]
|-damage|p1a: Ferrothorn|253\/352 brn|[from] brn
|turn|48
|
|move|p1a: Ferrothorn|Stealth Rock|p2a: Machamp
|-sidestart|p2: Super Mario Bros|move: Stealth Rock
|move|p2a: Machamp|Dynamic Punch|p1a: Ferrothorn
|-supereffective|p1a: Ferrothorn
|-damage|p1a: Ferrothorn|35\/352 brn
|-damage|p2a: Machamp|0 fnt|[from] ability: Iron Barbs|[of] p1a: Ferrothorn
|-start|p1a: Ferrothorn|confusion
|faint|p2a: Machamp
|
|-heal|p1a: Ferrothorn|57\/352 brn|[from] item: Leftovers
|-damage|p1a: Ferrothorn|13\/352 brn|[from] brn
|
|switch|p2a: Suicune|Suicune, shiny|279\/404 tox
|-damage|p2a: Suicune|229\/404 tox|[from] Stealth Rock
|-ability|p2a: Suicune|Pressure
|turn|49
|
|move|p2a: Suicune|Scald|p1a: Ferrothorn
|-resisted|p1a: Ferrothorn
|-damage|p1a: Ferrothorn|0 fnt
|faint|p1a: Ferrothorn
|
|-heal|p2a: Suicune|254\/404 tox|[from] item: Leftovers
|-damage|p2a: Suicune|229\/404 tox|[from] psn
|
|switch|p1a: Tyranitar|Tyranitar, F|342\/342
|-damage|p1a: Tyranitar|300\/342|[from] Stealth Rock
|-weather|Sandstorm
|turn|50
|
|-formechange|p1a: Tyranitar|Tyranitar-Mega
|message|Tyranitar has Mega Evolved into Mega Tyranitar!
|move|p1a: Tyranitar|Dragon Dance|p1a: Tyranitar
|-boost|p1a: Tyranitar|atk|1
|-boost|p1a: Tyranitar|spe|1
|move|p2a: Suicune|Scald|p1a: Tyranitar
|-supereffective|p1a: Tyranitar
|-damage|p1a: Tyranitar|204\/342
|
|-weather|Sandstorm|[upkeep]
|-damage|p2a: Suicune|204\/404 tox|[from] sandstorm
|-heal|p2a: Suicune|229\/404 tox|[from] item: Leftovers
|-damage|p2a: Suicune|179\/404 tox|[from] psn
|turn|51
|join|Mordoth
|
|move|p1a: Tyranitar|Stone Edge|p2a: Suicune|[miss]
|-miss|p1a: Tyranitar|p2a: Suicune
|move|p2a: Suicune|Scald|p1a: Tyranitar
|-supereffective|p1a: Tyranitar
|-damage|p1a: Tyranitar|100\/342
|
|-weather|Sandstorm|[upkeep]
|-damage|p2a: Suicune|154\/404 tox|[from] sandstorm
|-heal|p2a: Suicune|179\/404 tox|[from] item: Leftovers
|-damage|p2a: Suicune|104\/404 tox|[from] psn
|turn|52
|
|move|p1a: Tyranitar|Crunch|p2a: Suicune
|-damage|p2a: Suicune|0 fnt
|faint|p2a: Suicune
|
|-weather|Sandstorm|[upkeep]
|
|switch|p2a: Medicham|Medicham, F, shiny|261\/261
|-status|p2a: Medicham|tox
|-damage|p2a: Medicham|245\/261 tox|[from] Stealth Rock
|turn|53
|
|-formechange|p2a: Medicham|Medicham-Mega
|message|Medicham has Mega Evolved into Mega Medicham!
|move|p2a: Medicham|Bullet Punch|p1a: Tyranitar
|-supereffective|p1a: Tyranitar
|-damage|p1a: Tyranitar|0 fnt
|faint|p1a: Tyranitar
|
|-weather|Sandstorm|[upkeep]
|-damage|p2a: Medicham|229\/261 tox|[from] sandstorm
|-damage|p2a: Medicham|213\/261 tox|[from] psn
|
|switch|p1a: Landorus-Therian|Landorus-Therian, M|109\/320
|-damage|p1a: Landorus-Therian|69\/320|[from] Stealth Rock
|-ability|p1a: Landorus-Therian|Intimidate|[of] p2a: Medicham
|-unboost|p2a: Medicham|atk|1
|turn|54
|
|switch|p2a: Diggersby|Diggersby, M|292\/311 tox
|-damage|p2a: Diggersby|273\/311 tox|[from] Stealth Rock
|move|p1a: Landorus-Therian|Earthquake|p2a: Diggersby
|-crit|p2a: Diggersby
|-damage|p2a: Diggersby|0 fnt
|faint|p2a: Diggersby
|
|-weather|none
|
|switch|p2a: Medicham|Medicham, F, shiny|213\/261 tox
|-formechange|p2a: Medicham|Medicham-Mega
|-damage|p2a: Medicham|197\/261 tox|[from] Stealth Rock
|turn|55
|
|move|p2a: Medicham|Bullet Punch|p1a: Landorus-Therian
|-damage|p1a: Landorus-Therian|0 fnt
|faint|p1a: Landorus-Therian
|
|-damage|p2a: Medicham|181\/261 tox|[from] psn
|
|switch|p1a: Heatran|Heatran, F|338\/386
|-damage|p1a: Heatran|290\/386|[from] Stealth Rock
|-item|p1a: Heatran|Air Balloon
|turn|56
|
|move|p2a: Medicham|High Jump Kick|p1a: Heatran
|-supereffective|p1a: Heatran
|-damage|p1a: Heatran|0 fnt
|-enditem|p1a: Heatran|Air Balloon
|faint|p1a: Heatran
|
|win|Super Mario Bros
|raw|Ladder updating...
|raw|SirSleepy's rating: 1364 &rarr; <strong>1338<\/strong><br \/>(-26 for losing)
|raw|Super Mario Bros's rating: 1347 &rarr; <strong>1373<\/strong><br \/>(+26 for winning)
|leave|RandOhmite
|leave|SirSleepy
|player|p1
|leave|Mordoth
|leave|jbtc11