|join|Super Mario Bros
|join|Sho.M
|player|p1|Super Mario Bros|155
|player|p2|Sho.M|125
|gametype|singles
|gen|6
|tier|OU (suspect test)
|rated
|clearpoke
|poke|p1|Medicham, F, shiny
|poke|p1|Suicune, shiny
|poke|p1|Ditto, shiny
|poke|p1|Jirachi, shiny
|poke|p1|Machamp, M
|poke|p1|Diggersby, M
|poke|p2|Conkeldurr, M
|poke|p2|Mandibuzz, F
|poke|p2|Aegislash, M
|poke|p2|Heatran, F
|poke|p2|Charizard, F
|poke|p2|Garchomp, M
|rule|Sleep Clause Mod: Limit one foe put to sleep
|rule|Species Clause: Limit one of each Pokemon
|rule|OHKO Clause: OHKO moves are banned
|rule|Moody Clause: Moody is banned
|rule|Evasion Moves Clause: Evasion moves are banned
|rule|Endless Battle Clause: Forcing endless battles is banned.
|rule|HP Percentage Mod: HP is reported as percentages
|teampreview
|
|start
|switch|p1a: Medicham|Medicham, F, shiny|261\/261
|switch|p2a: Aegislash|Aegislash, M|324\/324
|turn|1
|
|switch|p1a: Machamp|Machamp, M|384\/384
|move|p2a: Aegislash|King's Shield|p2a: Aegislash
|-fail|p2a: Aegislash
|
|turn|2
|join|16N1K4
|
|move|p1a: Machamp|Knock Off|p2a: Aegislash
|-supereffective|p2a: Aegislash
|-damage|p2a: Aegislash|154\/324
|-enditem|p2a: Aegislash|Leftovers|[from] move: Knock Off|[of] p1a: Machamp
|-formechange|p2a: Aegislash|Aegislash-Blade
|move|p2a: Aegislash|Shadow Ball|p1a: Machamp
|-damage|p1a: Machamp|248\/384
|
|turn|3
|
|-formechange|p2a: Aegislash|Aegislash
|move|p2a: Aegislash|King's Shield|p2a: Aegislash
|-singleturn|p2a: Aegislash|Protect
|move|p1a: Machamp|Dynamic Punch|p2a: Aegislash
|-immune|p2a: Aegislash|[msg]
|
|turn|4
|
|move|p1a: Machamp|Knock Off|p2a: Aegislash
|-supereffective|p2a: Aegislash
|-damage|p2a: Aegislash|26\/324
|-formechange|p2a: Aegislash|Aegislash-Blade
|move|p2a: Aegislash|Shadow Ball|p1a: Machamp
|-damage|p1a: Machamp|109\/384
|-unboost|p1a: Machamp|spd|1
|
|turn|5
|
|move|p1a: Machamp|Knock Off|p2a: Aegislash
|-supereffective|p2a: Aegislash
|-damage|p2a: Aegislash|0 fnt
|faint|p2a: Aegislash
|
|
|switch|p2a: Garchomp|Garchomp, M|358\/358
|turn|6
|
|switch|p1a: Suicune|Suicune, shiny|404\/404
|-ability|p1a: Suicune|Pressure
|move|p2a: Garchomp|Earthquake|p1a: Suicune
|-damage|p1a: Suicune|284\/404
|
|-heal|p1a: Suicune|309\/404|[from] item: Leftovers
|turn|7
|
|switch|p2a: Conkeldurr|Conkeldurr, M|351\/351
|move|p1a: Suicune|Calm Mind|p1a: Suicune
|-boost|p1a: Suicune|spa|1
|-boost|p1a: Suicune|spd|1
|
|-heal|p1a: Suicune|334\/404|[from] item: Leftovers
|turn|8
|
|move|p1a: Suicune|Calm Mind|p1a: Suicune
|-boost|p1a: Suicune|spa|1
|-boost|p1a: Suicune|spd|1
|move|p2a: Conkeldurr|Drain Punch|p1a: Suicune
|-damage|p1a: Suicune|241\/404
|
|-heal|p1a: Suicune|266\/404|[from] item: Leftovers
|turn|9
|
|move|p1a: Suicune|Calm Mind|p1a: Suicune
|-boost|p1a: Suicune|spa|1
|-boost|p1a: Suicune|spd|1
|move|p2a: Conkeldurr|Knock Off|p1a: Suicune
|-damage|p1a: Suicune|173\/404
|-enditem|p1a: Suicune|Leftovers|[from] move: Knock Off|[of] p2a: Conkeldurr
|
|turn|10
|
|move|p1a: Suicune|Rest|p1a: Suicune
|-status|p1a: Suicune|slp
|-heal|p1a: Suicune|404\/404 slp|[silent]
|-status|p1a: Suicune|slp|[from] move: Rest
|move|p2a: Conkeldurr|Drain Punch|p1a: Suicune
|-damage|p1a: Suicune|307\/404 slp
|
|turn|11
|
|switch|p2a: Mandibuzz|Mandibuzz, F|424\/424
|cant|p1a: Suicune|slp
|move|p1a: Suicune|Sleep Talk|p1a: Suicune
|move|p1a: Suicune|Scald|p2a: Mandibuzz|[from]Sleep Talk
|-damage|p2a: Mandibuzz|196\/424
|
|-heal|p2a: Mandibuzz|222\/424|[from] item: Leftovers
|turn|12
|
|cant|p1a: Suicune|slp
|move|p1a: Suicune|Sleep Talk|p1a: Suicune
|move|p1a: Suicune|Rest|p1a: Suicune|[from]Sleep Talk
|-fail|p1a: Suicune
|move|p2a: Mandibuzz|Whirlwind|p1a: Suicune
|drag|p1a: Machamp|Machamp, M|109\/384
|
|-heal|p2a: Mandibuzz|248\/424|[from] item: Leftovers
|turn|13
|
|move|p2a: Mandibuzz|Foul Play|p1a: Machamp
|-resisted|p1a: Machamp
|-damage|p1a: Machamp|0 fnt
|faint|p1a: Machamp
|
|-heal|p2a: Mandibuzz|274\/424|[from] item: Leftovers
|
|switch|p1a: Medicham|Medicham, F, shiny|261\/261
|turn|14
|
|-formechange|p1a: Medicham|Medicham-Mega
|message|Medicham has Mega Evolved into Mega Medicham!
|move|p1a: Medicham|High Jump Kick|p2a: Mandibuzz
|-damage|p2a: Mandibuzz|0 fnt
|faint|p2a: Mandibuzz
|
|
|switch|p2a: Garchomp|Garchomp, M|358\/358
|turn|15
|leave|16N1K4
|
|switch|p1a: Suicune|Suicune, shiny|307\/404 slp
|-ability|p1a: Suicune|Pressure
|move|p2a: Garchomp|Outrage|p1a: Suicune
|-damage|p1a: Suicune|148\/404 slp
|
|turn|16
|
|switch|p1a: Jirachi|Jirachi, shiny|404\/404
|move|p2a: Garchomp|Outrage|p1a: Jirachi
|-resisted|p1a: Jirachi
|-damage|p1a: Jirachi|319\/404
|
|-heal|p1a: Jirachi|344\/404|[from] item: Leftovers
|turn|17
|
|move|p2a: Garchomp|Outrage|p1a: Jirachi
|-resisted|p1a: Jirachi
|-damage|p1a: Jirachi|266\/404
|move|p1a: Jirachi|Stealth Rock|p2a: Garchomp
|-sidestart|p2: Sho.M|move: Stealth Rock
|
|-end|p2a: Garchomp|rampage
|-start|p2a: Garchomp|confusion
|-heal|p1a: Jirachi|291\/404|[from] item: Leftovers
|turn|18
|
|switch|p2a: Conkeldurr|Conkeldurr, M|351\/351
|-damage|p2a: Conkeldurr|330\/351|[from] Stealth Rock
|switch|p1a: Diggersby|Diggersby, M|311\/311
|
|turn|19
|
|switch|p1a: Suicune|Suicune, shiny|148\/404 slp
|-ability|p1a: Suicune|Pressure
|move|p2a: Conkeldurr|Mach Punch|p1a: Suicune
|-damage|p1a: Suicune|88\/404 slp
|
|turn|20
|
|-curestatus|p1a: Suicune|slp
|move|p1a: Suicune|Rest|p1a: Suicune
|-status|p1a: Suicune|slp
|-heal|p1a: Suicune|404\/404 slp|[silent]
|-status|p1a: Suicune|slp|[from] move: Rest
|move|p2a: Conkeldurr|Drain Punch|p1a: Suicune
|-damage|p1a: Suicune|293\/404 slp
|-heal|p2a: Conkeldurr|351\/351|[from] drain|[of] p1a: Suicune
|
|turn|21
|
|cant|p1a: Suicune|slp
|move|p1a: Suicune|Sleep Talk|p1a: Suicune
|move|p1a: Suicune|Calm Mind|p1a: Suicune|[from]Sleep Talk
|-boost|p1a: Suicune|spa|1
|-boost|p1a: Suicune|spd|1
|move|p2a: Conkeldurr|Drain Punch|p1a: Suicune
|-crit|p1a: Suicune
|-damage|p1a: Suicune|148\/404 slp
|
|turn|22
|
|cant|p1a: Suicune|slp
|move|p1a: Suicune|Sleep Talk|p1a: Suicune
|move|p1a: Suicune|Scald|p2a: Conkeldurr|[from]Sleep Talk
|-damage|p2a: Conkeldurr|252\/351
|move|p2a: Conkeldurr|Drain Punch|p1a: Suicune
|-damage|p1a: Suicune|55\/404 slp
|-heal|p2a: Conkeldurr|299\/351|[from] drain|[of] p1a: Suicune
|
|turn|23
|
|-curestatus|p1a: Suicune|slp
|move|p1a: Suicune|Rest|p1a: Suicune
|-status|p1a: Suicune|slp
|-heal|p1a: Suicune|404\/404 slp|[silent]
|-status|p1a: Suicune|slp|[from] move: Rest
|move|p2a: Conkeldurr|Drain Punch|p1a: Suicune
|-damage|p1a: Suicune|311\/404 slp
|-heal|p2a: Conkeldurr|346\/351|[from] drain|[of] p1a: Suicune
|
|turn|24
|
|cant|p1a: Suicune|slp
|move|p1a: Suicune|Sleep Talk|p1a: Suicune
|move|p1a: Suicune|Calm Mind|p1a: Suicune|[from]Sleep Talk
|-boost|p1a: Suicune|spa|1
|-boost|p1a: Suicune|spd|1
|move|p2a: Conkeldurr|Drain Punch|p1a: Suicune
|-damage|p1a: Suicune|217\/404 slp
|-heal|p2a: Conkeldurr|351\/351|[from] drain|[of] p1a: Suicune
|
|turn|25
|
|cant|p1a: Suicune|slp
|move|p1a: Suicune|Sleep Talk|p1a: Suicune
|move|p1a: Suicune|Calm Mind|p1a: Suicune|[from]Sleep Talk
|-boost|p1a: Suicune|spa|1
|-boost|p1a: Suicune|spd|1
|move|p2a: Conkeldurr|Drain Punch|p1a: Suicune
|-damage|p1a: Suicune|106\/404 slp
|
|turn|26
|
|switch|p2a: Heatran|Heatran, F|386\/386
|-damage|p2a: Heatran|338\/386|[from] Stealth Rock
|-curestatus|p1a: Suicune|slp
|move|p1a: Suicune|Rest|p1a: Suicune
|-status|p1a: Suicune|slp
|-heal|p1a: Suicune|404\/404 slp|[silent]
|-status|p1a: Suicune|slp|[from] move: Rest
|
|-heal|p2a: Heatran|362\/386|[from] item: Leftovers
|turn|27
|
|cant|p1a: Suicune|slp
|move|p1a: Suicune|Sleep Talk|p1a: Suicune
|move|p1a: Suicune|Rest|p1a: Suicune|[from]Sleep Talk
|-fail|p1a: Suicune
|move|p2a: Heatran|Roar|p1a: Suicune
|drag|p1a: Ditto|Ditto, shiny|300\/300
|-transform|p1a: Ditto|p2a: Heatran
|
|-heal|p2a: Heatran|386\/386|[from] item: Leftovers
|turn|28
|
|switch|p1a: Diggersby|Diggersby, M|311\/311
|move|p2a: Heatran|Stealth Rock|p1a: Diggersby
|-sidestart|p1: Super Mario Bros|move: Stealth Rock
|
|turn|29
|
|move|p1a: Diggersby|Earthquake|p2a: Heatran
|-supereffective|p2a: Heatran
|-damage|p2a: Heatran|0 fnt
|faint|p2a: Heatran
|
|
|switch|p2a: Garchomp|Garchomp, M|358\/358
|-damage|p2a: Garchomp|336\/358|[from] Stealth Rock
|turn|30
|
|switch|p1a: Suicune|Suicune, shiny|404\/404 slp
|-damage|p1a: Suicune|354\/404 slp|[from] Stealth Rock
|-ability|p1a: Suicune|Pressure
|move|p2a: Garchomp|Earthquake|p1a: Suicune
|-damage|p1a: Suicune|227\/404 slp
|
|turn|31
|
|move|p2a: Garchomp|Earthquake|p1a: Suicune
|-crit|p1a: Suicune
|-damage|p1a: Suicune|37\/404 slp
|cant|p1a: Suicune|slp
|move|p1a: Suicune|Sleep Talk|p1a: Suicune
|move|p1a: Suicune|Scald|p2a: Garchomp|[from]Sleep Talk
|-damage|p2a: Garchomp|233\/358
|
|turn|32
|
|move|p2a: Garchomp|Earthquake|p1a: Suicune
|-damage|p1a: Suicune|0 fnt
|faint|p1a: Suicune
|
|
|switch|p1a: Ditto|Ditto, shiny|300\/300
|-damage|p1a: Ditto|263\/300|[from] Stealth Rock
|-transform|p1a: Ditto|p2a: Garchomp
|turn|33
|
|switch|p2a: Conkeldurr|Conkeldurr, M|351\/351
|-damage|p2a: Conkeldurr|330\/351|[from] Stealth Rock
|move|p1a: Ditto|Outrage|p2a: Conkeldurr
|-damage|p2a: Conkeldurr|107\/351
|
|turn|34
|
|move|p2a: Conkeldurr|Mach Punch|p1a: Ditto
|-damage|p1a: Ditto|172\/300
|-damage|p2a: Conkeldurr|64\/351|[from] ability: Rough Skin|[of] p1a: Ditto
|move|p1a: Ditto|Outrage|p2a: Conkeldurr
|-damage|p2a: Conkeldurr|0 fnt
|faint|p2a: Conkeldurr
|
|
|switch|p2a: Garchomp|Garchomp, M|233\/358
|-damage|p2a: Garchomp|211\/358|[from] Stealth Rock
|turn|35
|
|move|p1a: Ditto|Outrage|p2a: Garchomp
|-supereffective|p2a: Garchomp
|-damage|p2a: Garchomp|0 fnt
|-damage|p1a: Ditto|135\/300|[from] ability: Rough Skin|[of] p2a: Garchomp
|faint|p2a: Garchomp
|
|-end|p1a: Ditto|rampage
|-start|p1a: Ditto|confusion
|
|switch|p2a: Charizard|Charizard, F|297\/297
|-damage|p2a: Charizard|149\/297|[from] Stealth Rock
|turn|36
|
|-formechange|p2a: Charizard|Charizard-Mega-X
|message|Charizard has Mega Evolved into Mega Charizard!
|-activate|p1a: Ditto|confusion
|-damage|p1a: Ditto|78\/300|[from] confusion
|move|p2a: Charizard|Dragon Dance|p2a: Charizard
|-boost|p2a: Charizard|atk|1
|-boost|p2a: Charizard|spe|1
|
|turn|37
|
|-activate|p1a: Ditto|confusion
|move|p1a: Ditto|Outrage|p2a: Charizard
|-supereffective|p2a: Charizard
|-damage|p2a: Charizard|0 fnt
|faint|p2a: Charizard
|
|win|Super Mario Bros
|raw|Ladder updating...
|chat|Sho.M|oh well
|leave|Sho.M
|player|p2