|join|q1425q.3
|join|Super Mario Bros
|player|p1|q1425q.3|270
|player|p2|Super Mario Bros|155
|gametype|singles
|gen|6
|tier|OU (suspect test)
|rated
|clearpoke
|poke|p1|Tyranitar, F
|poke|p1|Thundurus, M
|poke|p1|Keldeo
|poke|p1|Talonflame, F
|poke|p1|Mandibuzz, F
|poke|p1|Heatran, M
|poke|p2|Medicham, F, shiny
|poke|p2|Suicune, shiny
|poke|p2|Ditto, shiny
|poke|p2|Jirachi, shiny
|poke|p2|Machamp, M
|poke|p2|Diggersby, M
|rule|Sleep Clause Mod: Limit one foe put to sleep
|rule|Species Clause: Limit one of each Pokemon
|rule|OHKO Clause: OHKO moves are banned
|rule|Moody Clause: Moody is banned
|rule|Evasion Moves Clause: Evasion moves are banned
|rule|Endless Battle Clause: Forcing endless battles is banned.
|rule|HP Percentage Mod: HP is reported as percentages
|teampreview
|
|start
|switch|p1a: POOLS CLOSED|Talonflame, F|307\/307
|switch|p2a: Suicune|Suicune, shiny|404\/404
|-ability|p2a: Suicune|Pressure
|turn|1
|
|move|p1a: POOLS CLOSED|U-turn|p2a: Suicune
|-damage|p2a: Suicune|335\/404
|
|switch|p1a: TEA POT DONG|Thundurus, M|299\/299
|move|p2a: Suicune|Calm Mind|p2a: Suicune
|-boost|p2a: Suicune|spa|1
|-boost|p2a: Suicune|spd|1
|
|-heal|p2a: Suicune|360\/404|[from] item: Leftovers
|turn|2
|
|move|p1a: TEA POT DONG|Taunt|p2a: Suicune
|-start|p2a: Suicune|move: Taunt
|move|p2a: Suicune|Scald|p1a: TEA POT DONG
|-damage|p1a: TEA POT DONG|134\/299
|
|-heal|p1a: TEA POT DONG|152\/299|[from] item: Leftovers
|-heal|p2a: Suicune|385\/404|[from] item: Leftovers
|turn|3
|
|move|p1a: TEA POT DONG|Hidden Power|p2a: Suicune
|-resisted|p2a: Suicune
|-damage|p2a: Suicune|364\/404
|move|p2a: Suicune|Scald|p1a: TEA POT DONG
|-damage|p1a: TEA POT DONG|5\/299
|-status|p1a: TEA POT DONG|brn
|
|-heal|p1a: TEA POT DONG|23\/299 brn|[from] item: Leftovers
|-heal|p2a: Suicune|389\/404|[from] item: Leftovers
|-damage|p1a: TEA POT DONG|0 fnt|[from] brn
|faint|p1a: TEA POT DONG
|
|switch|p1a: BONE SPOON SODOMY|Mandibuzz, F|423\/423
|turn|4
|
|move|p2a: Suicune|Scald|p1a: BONE SPOON SODOMY
|-damage|p1a: BONE SPOON SODOMY|276\/423
|move|p1a: BONE SPOON SODOMY|Knock Off|p2a: Suicune
|-damage|p2a: Suicune|337\/404
|-enditem|p2a: Suicune|Leftovers|[from] move: Knock Off|[of] p1a: BONE SPOON SODOMY
|
|-heal|p1a: BONE SPOON SODOMY|302\/423|[from] item: Leftovers
|-end|p2a: Suicune|move: Taunt
|turn|5
|-message|q1425q.3 forfeited.
|
|win|Super Mario Bros
|raw|Ladder updating...
|leave|q1425q.3
|player|p1
|raw|q1425q.3's rating: 1291 &rarr; <strong>1264<\/strong><br \/>(-27 for losing)
|raw|Super Mario Bros's rating: 1263 &rarr; <strong>1290<\/strong><br \/>(+27 for winning)