|join|Nnoitra
|join|Super Mario Bros
|player|p1|Nnoitra|257
|player|p2|Super Mario Bros|155
|gametype|singles
|gen|6
|tier|OU (suspect test)
|rated
|clearpoke
|poke|p1|Conkeldurr, M
|poke|p1|Rotom-Wash
|poke|p1|Venusaur, F
|poke|p1|Scizor, F
|poke|p1|Heatran, M
|poke|p1|Landorus-Therian, M
|poke|p2|Medicham, F, shiny
|poke|p2|Suicune, shiny
|poke|p2|Ditto, shiny
|poke|p2|Jirachi, shiny
|poke|p2|Machamp, M
|poke|p2|Diggersby, M
|rule|Sleep Clause Mod: Limit one foe put to sleep
|rule|Species Clause: Limit one of each Pokemon
|rule|OHKO Clause: OHKO moves are banned
|rule|Moody Clause: Moody is banned
|rule|Evasion Moves Clause: Evasion moves are banned
|rule|Endless Battle Clause: Forcing endless battles is banned.
|rule|HP Percentage Mod: HP is reported as percentages
|teampreview
|
|start
|switch|p1a: Rotom-Wash|Rotom-Wash|304\/304
|switch|p2a: Suicune|Suicune, shiny|404\/404
|-ability|p2a: Suicune|Pressure
|turn|1
|
|move|p1a: Rotom-Wash|Trick|p2a: Suicune
|-activate|p1a: Rotom-Wash|move: Trick|[of] p2a: Suicune
|-item|p2a: Suicune|Choice Scarf|[from] move: Trick
|-item|p1a: Rotom-Wash|Leftovers|[from] move: Trick
|move|p2a: Suicune|Calm Mind|p2a: Suicune
|-boost|p2a: Suicune|spa|1
|-boost|p2a: Suicune|spd|1
|
|turn|2
|
|switch|p2a: Jirachi|Jirachi, shiny|404\/404
|move|p1a: Rotom-Wash|Will-O-Wisp|p2a: Jirachi
|-status|p2a: Jirachi|brn
|
|-damage|p2a: Jirachi|354\/404 brn|[from] brn
|turn|3
|
|move|p2a: Jirachi|Stealth Rock|p1a: Rotom-Wash
|-sidestart|p1: Nnoitra|move: Stealth Rock
|move|p1a: Rotom-Wash|Volt Switch|p2a: Jirachi
|-damage|p2a: Jirachi|263\/404 brn
|
|switch|p1a: Heatran|Heatran, M|386\/386
|-damage|p1a: Heatran|338\/386|[from] Stealth Rock
|
|-heal|p2a: Jirachi|288\/404 brn|[from] item: Leftovers
|-heal|p1a: Heatran|362\/386|[from] item: Leftovers
|-damage|p2a: Jirachi|238\/404 brn|[from] brn
|turn|4
|
|switch|p2a: Machamp|Machamp, M|384\/384
|move|p1a: Heatran|Stealth Rock|p2a: Machamp
|-sidestart|p2: Super Mario Bros|move: Stealth Rock
|
|-heal|p1a: Heatran|386\/386|[from] item: Leftovers
|turn|5
|
|switch|p1a: Venusaur|Venusaur, F|364\/364
|-damage|p1a: Venusaur|319\/364|[from] Stealth Rock
|move|p2a: Machamp|Dynamic Punch|p1a: Venusaur
|-resisted|p1a: Venusaur
|-damage|p1a: Venusaur|226\/364
|-start|p1a: Venusaur|confusion
|
|turn|6
|
|-formechange|p1a: Venusaur|Venusaur-Mega
|message|Venusaur has Mega Evolved into Mega Venusaur!
|-activate|p1a: Venusaur|confusion
|-damage|p1a: Venusaur|204\/364|[from] confusion
|move|p2a: Machamp|Stone Edge|p1a: Venusaur
|-damage|p1a: Venusaur|118\/364
|
|turn|7
|
|switch|p1a: Rotom-Wash|Rotom-Wash|304\/304
|-damage|p1a: Rotom-Wash|266\/304|[from] Stealth Rock
|move|p2a: Machamp|Stone Edge|p1a: Rotom-Wash
|-damage|p1a: Rotom-Wash|173\/304
|
|-heal|p1a: Rotom-Wash|192\/304|[from] item: Leftovers
|turn|8
|
|switch|p2a: Jirachi|Jirachi, shiny|238\/404 brn
|-damage|p2a: Jirachi|213\/404 brn|[from] Stealth Rock
|move|p1a: Rotom-Wash|Will-O-Wisp|p2a: Jirachi
|-fail|p2a: Jirachi|brn
|
|-heal|p2a: Jirachi|238\/404 brn|[from] item: Leftovers
|-heal|p1a: Rotom-Wash|211\/304|[from] item: Leftovers
|-damage|p2a: Jirachi|188\/404 brn|[from] brn
|turn|9
|
|move|p2a: Jirachi|Healing Wish|p2a: Jirachi
|faint|p2a: Jirachi
|move|p1a: Rotom-Wash|Volt Switch|p2: Jirachi|[notarget]
|-notarget
|
|-heal|p1a: Rotom-Wash|230\/304|[from] item: Leftovers
|
|switch|p2a: Diggersby|Diggersby, M|311\/311
|-heal|p2a: Diggersby|311\/311|[from] move: Healing Wish
|-damage|p2a: Diggersby|292\/311|[from] Stealth Rock
|turn|10
|
|move|p2a: Diggersby|Return|p1a: Rotom-Wash
|-damage|p1a: Rotom-Wash|40\/304
|move|p1a: Rotom-Wash|Hydro Pump|p2a: Diggersby
|-supereffective|p2a: Diggersby
|-damage|p2a: Diggersby|0 fnt
|faint|p2a: Diggersby
|
|-heal|p1a: Rotom-Wash|59\/304|[from] item: Leftovers
|
|switch|p2a: Medicham|Medicham, F, shiny|261\/261
|-damage|p2a: Medicham|245\/261|[from] Stealth Rock
|turn|11
|
|-formechange|p2a: Medicham|Medicham-Mega
|message|Medicham has Mega Evolved into Mega Medicham!
|move|p2a: Medicham|Fire Punch|p1a: Rotom-Wash
|-resisted|p1a: Rotom-Wash
|-damage|p1a: Rotom-Wash|2\/304
|move|p1a: Rotom-Wash|Volt Switch|p2a: Medicham
|-damage|p2a: Medicham|151\/261
|
|switch|p1a: Landorus-Therian|Landorus-Therian, M|320\/320
|-damage|p1a: Landorus-Therian|280\/320|[from] Stealth Rock
|-ability|p1a: Landorus-Therian|Intimidate|[of] p2a: Medicham
|-unboost|p2a: Medicham|atk|1
|
|turn|12
|
|move|p1a: Landorus-Therian|U-turn|p2a: Medicham
|-damage|p2a: Medicham|45\/261
|
|switch|p1a: Rotom-Wash|Rotom-Wash|2\/304
|-damage|p1a: Rotom-Wash|0 fnt|[from] Stealth Rock
|faint|p1a: Rotom-Wash
|move|p2a: Medicham|Ice Punch|p1: Rotom-Wash|[notarget]
|-notarget
|
|
|switch|p1a: Landorus-Therian|Landorus-Therian, M|280\/320
|-damage|p1a: Landorus-Therian|240\/320|[from] Stealth Rock
|-ability|p1a: Landorus-Therian|Intimidate|[of] p2a: Medicham
|-unboost|p2a: Medicham|atk|1
|turn|13
|
|move|p2a: Medicham|Bullet Punch|p1a: Landorus-Therian
|-crit|p1a: Landorus-Therian
|-damage|p1a: Landorus-Therian|106\/320
|move|p1a: Landorus-Therian|U-turn|p2a: Medicham
|-damage|p2a: Medicham|0 fnt
|faint|p2a: Medicham
|
|switch|p1a: Conkeldurr|Conkeldurr, M|351\/351
|-damage|p1a: Conkeldurr|330\/351|[from] Stealth Rock
|
|
|switch|p2a: Machamp|Machamp, M|384\/384
|-damage|p2a: Machamp|360\/384|[from] Stealth Rock
|turn|14
|
|move|p2a: Machamp|Dynamic Punch|p1a: Conkeldurr
|-damage|p1a: Conkeldurr|128\/351
|-start|p1a: Conkeldurr|confusion
|-activate|p1a: Conkeldurr|confusion
|move|p1a: Conkeldurr|Knock Off|p2a: Machamp
|-resisted|p2a: Machamp
|-damage|p2a: Machamp|284\/384
|-enditem|p2a: Machamp|Assault Vest|[from] move: Knock Off|[of] p1a: Conkeldurr
|
|turn|15
|
|switch|p1a: Scizor|Scizor, F|344\/344
|-damage|p1a: Scizor|301\/344|[from] Stealth Rock
|move|p2a: Machamp|Dynamic Punch|p1a: Scizor
|-damage|p1a: Scizor|148\/344
|-start|p1a: Scizor|confusion
|
|-heal|p1a: Scizor|169\/344|[from] item: Leftovers
|turn|16
|
|-activate|p1a: Scizor|confusion
|move|p1a: Scizor|Defog|p2a: Machamp
|-unboost|p2a: Machamp|evasion|1
|-sideend|p2: Super Mario Bros|Stealth Rock|[from] move: Defog|[of] p2a: Machamp
|-sideend|p1: Nnoitra|Stealth Rock|[from] move: Defog|[of] p1a: Scizor
|move|p2a: Machamp|Dynamic Punch|p1a: Scizor
|-damage|p1a: Scizor|19\/344
|
|-heal|p1a: Scizor|40\/344|[from] item: Leftovers
|turn|17
|
|-end|p1a: Scizor|confusion
|move|p1a: Scizor|Roost|p1a: Scizor
|-heal|p1a: Scizor|212\/344
|move|p2a: Machamp|Knock Off|p1a: Scizor
|-damage|p1a: Scizor|119\/344
|-enditem|p1a: Scizor|Leftovers|[from] move: Knock Off|[of] p2a: Machamp
|
|turn|18
|
|move|p1a: Scizor|U-turn|p2a: Machamp
|-resisted|p2a: Machamp
|-damage|p2a: Machamp|225\/384
|
|switch|p1a: Conkeldurr|Conkeldurr, M|128\/351
|move|p2a: Machamp|Dynamic Punch|p1a: Conkeldurr
|-damage|p1a: Conkeldurr|0 fnt
|faint|p1a: Conkeldurr
|
|
|switch|p1a: Landorus-Therian|Landorus-Therian, M|106\/320
|-ability|p1a: Landorus-Therian|Intimidate|[of] p2a: Machamp
|-unboost|p2a: Machamp|atk|1
|turn|19
|
|switch|p2a: Ditto|Ditto, shiny|300\/300
|-transform|p2a: Ditto|p1a: Landorus-Therian
|-ability|p2a: Ditto|Intimidate|[of] p1a: Landorus-Therian
|-unboost|p1a: Landorus-Therian|atk|1
|move|p1a: Landorus-Therian|U-turn|p2a: Ditto
|-resisted|p2a: Ditto
|-damage|p2a: Ditto|265\/300
|
|switch|p1a: Venusaur|Venusaur, F|118\/364
|-formechange|p1a: Venusaur|Venusaur-Mega
|
|turn|20
|
|move|p2a: Ditto|Earthquake|p1a: Venusaur
|-damage|p1a: Venusaur|0 fnt
|faint|p1a: Venusaur
|
|
|switch|p1a: Scizor|Scizor, F|119\/344
|turn|21
|
|switch|p1a: Landorus-Therian|Landorus-Therian, M|106\/320
|-ability|p1a: Landorus-Therian|Intimidate|[of] p2a: Ditto
|-unboost|p2a: Ditto|atk|1
|move|p2a: Ditto|Earthquake|p1a: Landorus-Therian
|-immune|p1a: Landorus-Therian|[msg]
|
|turn|22
|
|switch|p2a: Suicune|Suicune, shiny|404\/404
|-ability|p2a: Suicune|Pressure
|move|p1a: Landorus-Therian|Stone Edge|p2a: Suicune
|-crit|p2a: Suicune
|-damage|p2a: Suicune|275\/404
|
|turn|23
|
|switch|p1a: Scizor|Scizor, F|119\/344
|move|p2a: Suicune|Scald|p1a: Scizor
|-damage|p1a: Scizor|19\/344
|
|turn|24
|
|move|p2a: Suicune|Scald|p1a: Scizor
|-damage|p1a: Scizor|0 fnt
|faint|p1a: Scizor
|
|
|switch|p1a: Landorus-Therian|Landorus-Therian, M|106\/320
|-ability|p1a: Landorus-Therian|Intimidate|[of] p2a: Suicune
|-unboost|p2a: Suicune|atk|1
|turn|25
|
|move|p1a: Landorus-Therian|Earthquake|p2a: Suicune
|-damage|p2a: Suicune|145\/404
|move|p2a: Suicune|Scald|p1a: Landorus-Therian
|-supereffective|p1a: Landorus-Therian
|-damage|p1a: Landorus-Therian|0 fnt
|faint|p1a: Landorus-Therian
|
|-message|Nnoitra forfeited.
|
|win|Super Mario Bros
|raw|Ladder updating...
|leave|Nnoitra
|player|p1
|raw|Nnoitra's rating: 1195 &rarr; <strong>1179<\/strong><br \/>(-16 for losing)
|raw|Super Mario Bros's rating: 1328 &rarr; <strong>1344<\/strong><br \/>(+16 for winning)