|join|Super Mario Bros
|join|Argd
|player|p1|Super Mario Bros|155
|player|p2|Argd|170
|gametype|singles
|gen|6
|tier|OU (suspect test)
|rated
|clearpoke
|poke|p1|Medicham, F, shiny
|poke|p1|Suicune, shiny
|poke|p1|Ditto, shiny
|poke|p1|Jirachi, shiny
|poke|p1|Machamp, M
|poke|p1|Diggersby, M
|poke|p2|Ninetales, M
|poke|p2|Volcarona, F
|poke|p2|Venusaur, M
|poke|p2|Dugtrio, F
|poke|p2|Forretress, F
|poke|p2|Landorus-Therian, M
|rule|Sleep Clause Mod: Limit one foe put to sleep
|rule|Species Clause: Limit one of each Pokemon
|rule|OHKO Clause: OHKO moves are banned
|rule|Moody Clause: Moody is banned
|rule|Evasion Moves Clause: Evasion moves are banned
|rule|Endless Battle Clause: Forcing endless battles is banned.
|rule|HP Percentage Mod: HP is reported as percentages
|teampreview
|
|start
|switch|p1a: Suicune|Suicune, shiny|404\/404
|switch|p2a: Ninetales|Ninetales, M|350\/350
|-weather|SunnyDay
|-ability|p1a: Suicune|Pressure
|turn|1
|
|move|p2a: Ninetales|Toxic|p1a: Suicune
|-status|p1a: Suicune|tox
|move|p1a: Suicune|Calm Mind|p1a: Suicune
|-boost|p1a: Suicune|spa|1
|-boost|p1a: Suicune|spd|1
|
|-weather|SunnyDay|[upkeep]
|-damage|p1a: Suicune|379\/404 tox|[from] psn
|turn|2
|
|move|p1a: Suicune|Calm Mind|p1a: Suicune
|-boost|p1a: Suicune|spa|1
|-boost|p1a: Suicune|spd|1
|move|p2a: Ninetales|Roar|p1a: Suicune
|drag|p1a: Diggersby|Diggersby, M|311\/311
|
|-weather|SunnyDay|[upkeep]
|turn|3
|
|switch|p2a: Landorus-Therian|Landorus-Therian, M|353\/353
|-ability|p2a: Landorus-Therian|Intimidate|[of] p1a: Diggersby
|-unboost|p1a: Diggersby|atk|1
|move|p1a: Diggersby|Swords Dance|p1a: Diggersby
|-boost|p1a: Diggersby|atk|2
|
|-weather|SunnyDay|[upkeep]
|turn|4
|
|move|p1a: Diggersby|Return|p2a: Landorus-Therian
|-damage|p2a: Landorus-Therian|0 fnt
|faint|p2a: Landorus-Therian
|
|-weather|SunnyDay|[upkeep]
|
|switch|p2a: Dugtrio|Dugtrio, F|212\/212
|turn|5
|
|move|p1a: Diggersby|Quick Attack|p2a: Dugtrio
|-enditem|p2a: Dugtrio|Focus Sash
|-damage|p2a: Dugtrio|1\/212
|move|p2a: Dugtrio|Earthquake|p1a: Diggersby
|-damage|p1a: Diggersby|142\/311
|
|-weather|none
|turn|6
|
|move|p1a: Diggersby|Quick Attack|p2a: Dugtrio
|-damage|p2a: Dugtrio|0 fnt
|faint|p2a: Dugtrio
|
|
|switch|p2a: Ninetales|Ninetales, M|350\/350
|-weather|SunnyDay
|turn|7
|
|move|p1a: Diggersby|Return|p2a: Ninetales
|-crit|p2a: Ninetales
|-damage|p2a: Ninetales|0 fnt
|faint|p2a: Ninetales
|
|-weather|SunnyDay|[upkeep]
|
|switch|p2a: Forretress|Forretress, F|354\/354
|turn|8
|
|move|p1a: Diggersby|Earthquake|p2a: Forretress
|-damage|p2a: Forretress|155\/354
|move|p2a: Forretress|Gyro Ball|p1a: Diggersby
|-damage|p1a: Diggersby|31\/311
|
|-weather|SunnyDay|[upkeep]
|-heal|p2a: Forretress|177\/354|[from] item: Leftovers
|turn|9
|
|move|p1a: Diggersby|Earthquake|p2a: Forretress
|-damage|p2a: Forretress|0 fnt
|faint|p2a: Forretress
|
|-weather|SunnyDay|[upkeep]
|
|switch|p2a: Venusaur|Venusaur, M|301\/301
|turn|10
|
|move|p1a: Diggersby|Quick Attack|p2a: Venusaur
|-damage|p2a: Venusaur|102\/301
|move|p2a: Venusaur|Giga Drain|p1a: Diggersby
|-supereffective|p1a: Diggersby
|-damage|p1a: Diggersby|0 fnt
|-heal|p2a: Venusaur|118\/301|[from] drain|[of] p1a: Diggersby
|-damage|p2a: Venusaur|88\/301|[from] item: Life Orb
|faint|p1a: Diggersby
|
|-weather|SunnyDay|[upkeep]
|
|switch|p1a: Machamp|Machamp, M|384\/384
|turn|11
|
|move|p2a: Venusaur|Giga Drain|p1a: Machamp
|-damage|p1a: Machamp|262\/384
|-heal|p2a: Venusaur|149\/301|[from] drain|[of] p1a: Machamp
|-damage|p2a: Venusaur|119\/301|[from] item: Life Orb
|move|p1a: Machamp|Dynamic Punch|p2a: Venusaur
|-resisted|p2a: Venusaur
|-damage|p2a: Venusaur|0 fnt
|faint|p2a: Venusaur
|
|-weather|none
|
|switch|p2a: Volcarona|Volcarona, F|312\/312
|turn|12
|
|move|p2a: Volcarona|Quiver Dance|p2a: Volcarona
|-boost|p2a: Volcarona|spa|1
|-boost|p2a: Volcarona|spd|1
|-boost|p2a: Volcarona|spe|1
|move|p1a: Machamp|Stone Edge|p2a: Volcarona
|-supereffective|p2a: Volcarona
|-damage|p2a: Volcarona|0 fnt
|faint|p2a: Volcarona
|
|win|Super Mario Bros
|raw|Ladder updating...
|raw|Super Mario Bros's rating: 1305 &rarr; <strong>1328<\/strong><br \/>(+23 for winning)
|raw|Argd's rating: 1279 &rarr; <strong>1256<\/strong><br \/>(-23 for losing)