|join|Super Mario Bros
|join|Norge
|player|p1|Super Mario Bros|155
|player|p2|Norge|253
|gametype|singles
|gen|6
|tier|OU (suspect test)
|rated
|clearpoke
|poke|p1|Medicham, F, shiny
|poke|p1|Suicune, shiny
|poke|p1|Ditto, shiny
|poke|p1|Jirachi, shiny
|poke|p1|Machamp, M
|poke|p1|Diggersby, M
|poke|p2|Kyurem
|poke|p2|Blastoise, F
|poke|p2|Jellicent, M
|poke|p2|Metagross
|poke|p2|Mew
|poke|p2|Hippowdon, M
|rule|Sleep Clause Mod: Limit one foe put to sleep
|rule|Species Clause: Limit one of each Pokemon
|rule|OHKO Clause: OHKO moves are banned
|rule|Moody Clause: Moody is banned
|rule|Evasion Moves Clause: Evasion moves are banned
|rule|Endless Battle Clause: Forcing endless battles is banned.
|rule|HP Percentage Mod: HP is reported as percentages
|teampreview
|callback|decision
|
|start
|switch|p1a: Machamp|Machamp, M|384\/384
|switch|p2a: Jellicent|Jellicent, M|404\/404
|turn|1
|callback|decision
|
|switch|p1a: Jirachi|Jirachi, shiny|404\/404
|move|p2a: Jellicent|Scald|p1a: Jirachi
|-damage|p1a: Jirachi|326\/404
|
|-heal|p1a: Jirachi|351\/404|[from] item: Leftovers
|turn|2
|callback|decision
|
|move|p1a: Jirachi|Stealth Rock|p2a: Jellicent
|-sidestart|p2: Norge|move: Stealth Rock
|move|p2a: Jellicent|Scald|p1a: Jirachi
|-damage|p1a: Jirachi|264\/404
|-status|p1a: Jirachi|brn
|
|-heal|p1a: Jirachi|289\/404 brn|[from] item: Leftovers
|-damage|p1a: Jirachi|239\/404 brn|[from] brn
|turn|3
|callback|decision
|
|move|p1a: Jirachi|Thunder Wave|p2a: Jellicent
|-status|p2a: Jellicent|par
|cant|p2a: Jellicent|par
|
|-heal|p1a: Jirachi|264\/404 brn|[from] item: Leftovers
|-damage|p1a: Jirachi|214\/404 brn|[from] brn
|turn|4
|callback|decision
|
|switch|p1a: Suicune|Suicune, shiny|404\/404
|-ability|p1a: Suicune|Pressure
|move|p2a: Jellicent|Shadow Ball|p1a: Suicune
|-damage|p1a: Suicune|326\/404
|-unboost|p1a: Suicune|spd|1
|
|-heal|p1a: Suicune|351\/404|[from] item: Leftovers
|turn|5
|callback|decision
|
|move|p1a: Suicune|Calm Mind|p1a: Suicune
|-boost|p1a: Suicune|spa|1
|-boost|p1a: Suicune|spd|1
|cant|p2a: Jellicent|par
|
|-heal|p1a: Suicune|376\/404|[from] item: Leftovers
|turn|6
|callback|decision
|
|move|p1a: Suicune|Calm Mind|p1a: Suicune
|-boost|p1a: Suicune|spa|1
|-boost|p1a: Suicune|spd|1
|cant|p2a: Jellicent|par
|
|-heal|p1a: Suicune|401\/404|[from] item: Leftovers
|turn|7
|callback|decision
|
|move|p1a: Suicune|Scald|p2a: Jellicent
|-immune|p2a: Jellicent|[msg]
|cant|p2a: Jellicent|par
|
|-heal|p1a: Suicune|404\/404|[from] item: Leftovers
|turn|8
|callback|decision
|
|switch|p1a: Machamp|Machamp, M|384\/384
|move|p2a: Jellicent|Toxic|p1a: Machamp
|-status|p1a: Machamp|tox
|
|-damage|p1a: Machamp|360\/384 tox|[from] psn
|turn|9
|callback|decision
|
|move|p1a: Machamp|Knock Off|p2a: Jellicent
|-crit|p2a: Jellicent
|-supereffective|p2a: Jellicent
|-damage|p2a: Jellicent|0 fnt
|faint|p2a: Jellicent
|
|-damage|p1a: Machamp|312\/384 tox|[from] psn
|callback|decision
|
|switch|p2a: Mew|Mew|341\/341
|-damage|p2a: Mew|299\/341|[from] Stealth Rock
|turn|10
|callback|decision
|
|move|p2a: Mew|Zen Headbutt|p1a: Machamp
|-supereffective|p1a: Machamp
|-damage|p1a: Machamp|0 fnt
|-damage|p2a: Mew|265\/341|[from] item: Life Orb
|faint|p1a: Machamp
|
|callback|decision
|
|switch|p1a: Jirachi|Jirachi, shiny|214\/404 brn
|turn|11
|callback|decision
|
|switch|p2a: Hippowdon|Hippowdon, M|420\/420
|-damage|p2a: Hippowdon|394\/420|[from] Stealth Rock
|move|p1a: Jirachi|Thunder Wave|p2a: Hippowdon
|-immune|p2a: Hippowdon|[msg]
|
|-heal|p1a: Jirachi|239\/404 brn|[from] item: Leftovers
|-heal|p2a: Hippowdon|420\/420|[from] item: Leftovers
|-damage|p1a: Jirachi|189\/404 brn|[from] brn
|turn|12
|callback|decision
|
|switch|p1a: Diggersby|Diggersby, M|311\/311
|move|p2a: Hippowdon|Stealth Rock|p1a: Diggersby
|-sidestart|p1: Super Mario Bros|move: Stealth Rock
|
|turn|13
|callback|decision
|
|move|p1a: Diggersby|Swords Dance|p1a: Diggersby
|-boost|p1a: Diggersby|atk|2
|move|p2a: Hippowdon|Earthquake|p1a: Diggersby
|-damage|p1a: Diggersby|148\/311
|
|turn|14
|callback|decision
|
|move|p1a: Diggersby|Return|p2a: Hippowdon
|-damage|p2a: Hippowdon|59\/420
|move|p2a: Hippowdon|Earthquake|p1a: Diggersby
|-damage|p1a: Diggersby|0 fnt
|faint|p1a: Diggersby
|
|-heal|p2a: Hippowdon|85\/420|[from] item: Leftovers
|callback|decision
|
|switch|p1a: Suicune|Suicune, shiny|404\/404
|-damage|p1a: Suicune|354\/404|[from] Stealth Rock
|-ability|p1a: Suicune|Pressure
|turn|15
|callback|decision
|
|move|p1a: Suicune|Calm Mind|p1a: Suicune
|-boost|p1a: Suicune|spa|1
|-boost|p1a: Suicune|spd|1
|move|p2a: Hippowdon|Slack Off|p2a: Hippowdon
|-heal|p2a: Hippowdon|295\/420
|
|-heal|p1a: Suicune|379\/404|[from] item: Leftovers
|-heal|p2a: Hippowdon|321\/420|[from] item: Leftovers
|turn|16
|callback|decision
|
|move|p1a: Suicune|Scald|p2a: Hippowdon
|-supereffective|p2a: Hippowdon
|-damage|p2a: Hippowdon|1\/420
|move|p2a: Hippowdon|Whirlwind|p1a: Suicune
|drag|p1a: Medicham|Medicham, F, shiny|261\/261
|-damage|p1a: Medicham|245\/261|[from] Stealth Rock
|
|-heal|p2a: Hippowdon|27\/420|[from] item: Leftovers
|turn|17
|callback|decision
|
|switch|p2a: Metagross|Metagross|342\/342
|-damage|p2a: Metagross|321\/342|[from] Stealth Rock
|-formechange|p1a: Medicham|Medicham-Mega
|message|Medicham has Mega Evolved into Mega Medicham!
|move|p1a: Medicham|Bullet Punch|p2a: Metagross
|-resisted|p2a: Metagross
|-damage|p2a: Metagross|287\/342
|
|turn|18
|callback|decision
|
|switch|p1a: Suicune|Suicune, shiny|379\/404
|-damage|p1a: Suicune|329\/404|[from] Stealth Rock
|-ability|p1a: Suicune|Pressure
|move|p2a: Metagross|Earthquake|p1a: Suicune
|-damage|p1a: Suicune|194\/404
|
|-heal|p1a: Suicune|219\/404|[from] item: Leftovers
|turn|19
|callback|decision
|
|move|p1a: Suicune|Calm Mind|p1a: Suicune
|-boost|p1a: Suicune|spa|1
|-boost|p1a: Suicune|spd|1
|move|p2a: Metagross|Earthquake|p1a: Suicune
|-damage|p1a: Suicune|92\/404
|
|-heal|p1a: Suicune|117\/404|[from] item: Leftovers
|turn|20
|callback|decision
|
|move|p1a: Suicune|Rest|p1a: Suicune
|-status|p1a: Suicune|slp
|-heal|p1a: Suicune|404\/404 slp|[silent]
|-status|p1a: Suicune|slp|[from] move: Rest
|move|p2a: Metagross|Earthquake|p1a: Suicune
|-damage|p1a: Suicune|270\/404 slp
|
|-heal|p1a: Suicune|295\/404 slp|[from] item: Leftovers
|turn|21
|callback|decision
|
|cant|p1a: Suicune|slp
|move|p1a: Suicune|Sleep Talk|p1a: Suicune
|move|p1a: Suicune|Calm Mind|p1a: Suicune|[from]Sleep Talk
|-boost|p1a: Suicune|spa|1
|-boost|p1a: Suicune|spd|1
|move|p2a: Metagross|Earthquake|p1a: Suicune
|-damage|p1a: Suicune|161\/404 slp
|
|-heal|p1a: Suicune|186\/404 slp|[from] item: Leftovers
|turn|22
|callback|decision
|
|cant|p1a: Suicune|slp
|move|p1a: Suicune|Sleep Talk|p1a: Suicune
|move|p1a: Suicune|Rest|p1a: Suicune|[from]Sleep Talk
|-fail|p1a: Suicune
|move|p2a: Metagross|Earthquake|p1a: Suicune
|-damage|p1a: Suicune|55\/404 slp
|
|-heal|p1a: Suicune|80\/404 slp|[from] item: Leftovers
|turn|23
|callback|decision
|
|-curestatus|p1a: Suicune|slp
|move|p1a: Suicune|Rest|p1a: Suicune
|-status|p1a: Suicune|slp
|-heal|p1a: Suicune|404\/404 slp|[silent]
|-status|p1a: Suicune|slp|[from] move: Rest
|move|p2a: Metagross|Earthquake|p1a: Suicune
|-damage|p1a: Suicune|273\/404 slp
|
|-heal|p1a: Suicune|298\/404 slp|[from] item: Leftovers
|turn|24
|callback|decision
|
|cant|p1a: Suicune|slp
|move|p1a: Suicune|Sleep Talk|p1a: Suicune
|move|p1a: Suicune|Calm Mind|p1a: Suicune|[from]Sleep Talk
|-boost|p1a: Suicune|spa|1
|-boost|p1a: Suicune|spd|1
|move|p2a: Metagross|Earthquake|p1a: Suicune
|-damage|p1a: Suicune|157\/404 slp
|
|-heal|p1a: Suicune|182\/404 slp|[from] item: Leftovers
|turn|25
|callback|decision
|
|cant|p1a: Suicune|slp
|move|p1a: Suicune|Sleep Talk|p1a: Suicune
|move|p1a: Suicune|Calm Mind|p1a: Suicune|[from]Sleep Talk
|-boost|p1a: Suicune|spa|1
|-boost|p1a: Suicune|spd|1
|move|p2a: Metagross|Earthquake|p1a: Suicune
|-damage|p1a: Suicune|48\/404 slp
|
|-heal|p1a: Suicune|73\/404 slp|[from] item: Leftovers
|turn|26
|callback|decision
|
|switch|p2a: Hippowdon|Hippowdon, M|27\/420
|-damage|p2a: Hippowdon|1\/420|[from] Stealth Rock
|-curestatus|p1a: Suicune|slp
|move|p1a: Suicune|Rest|p1a: Suicune
|-status|p1a: Suicune|slp
|-heal|p1a: Suicune|404\/404 slp|[silent]
|-status|p1a: Suicune|slp|[from] move: Rest
|
|-heal|p2a: Hippowdon|27\/420|[from] item: Leftovers
|turn|27
|callback|decision
|
|cant|p1a: Suicune|slp
|move|p1a: Suicune|Sleep Talk|p1a: Suicune
|move|p1a: Suicune|Calm Mind|p1a: Suicune|[from]Sleep Talk
|-boost|p1a: Suicune|spa|1
|-boost|p1a: Suicune|spd|1
|move|p2a: Hippowdon|Whirlwind|p1a: Suicune
|drag|p1a: Medicham|Medicham, F, shiny|245\/261
|-formechange|p1a: Medicham|Medicham-Mega
|-damage|p1a: Medicham|229\/261|[from] Stealth Rock
|
|-heal|p2a: Hippowdon|53\/420|[from] item: Leftovers
|turn|28
|callback|decision
|
|move|p1a: Medicham|Fire Punch|p2a: Hippowdon
|-damage|p2a: Hippowdon|0 fnt
|faint|p2a: Hippowdon
|
|callback|decision
|
|switch|p2a: Mew|Mew|265\/341
|-damage|p2a: Mew|223\/341|[from] Stealth Rock
|turn|29
|callback|decision
|
|switch|p1a: Jirachi|Jirachi, shiny|189\/404 brn
|-damage|p1a: Jirachi|164\/404 brn|[from] Stealth Rock
|move|p2a: Mew|Zen Headbutt|p1a: Jirachi
|-resisted|p1a: Jirachi
|-damage|p1a: Jirachi|138\/404 brn
|-damage|p2a: Mew|189\/341|[from] item: Life Orb
|
|-heal|p1a: Jirachi|163\/404 brn|[from] item: Leftovers
|-damage|p1a: Jirachi|113\/404 brn|[from] brn
|turn|30
|callback|decision
|
|move|p2a: Mew|Drain Punch|p1a: Jirachi
|-damage|p1a: Jirachi|48\/404 brn
|-heal|p2a: Mew|222\/341|[from] drain|[of] p1a: Jirachi
|-damage|p2a: Mew|188\/341|[from] item: Life Orb
|move|p1a: Jirachi|Thunder Wave|p2a: Mew
|-status|p2a: Mew|par
|
|-heal|p1a: Jirachi|73\/404 brn|[from] item: Leftovers
|-damage|p1a: Jirachi|23\/404 brn|[from] brn
|turn|31
|callback|decision
|
|cant|p2a: Mew|par
|move|p1a: Jirachi|Healing Wish|p1a: Jirachi
|faint|p1a: Jirachi
|
|callback|decision
|
|switch|p1a: Suicune|Suicune, shiny|404\/404 slp
|-heal|p1a: Suicune|404\/404|[from] move: Healing Wish
|-damage|p1a: Suicune|354\/404|[from] Stealth Rock
|-ability|p1a: Suicune|Pressure
|turn|32
|callback|decision
|
|move|p1a: Suicune|Calm Mind|p1a: Suicune
|-boost|p1a: Suicune|spa|1
|-boost|p1a: Suicune|spd|1
|move|p2a: Mew|Zen Headbutt|p1a: Suicune|[miss]
|-miss|p2a: Mew|p1a: Suicune
|
|-heal|p1a: Suicune|379\/404|[from] item: Leftovers
|turn|33
|callback|decision
|
|move|p1a: Suicune|Calm Mind|p1a: Suicune
|-boost|p1a: Suicune|spa|1
|-boost|p1a: Suicune|spd|1
|move|p2a: Mew|Zen Headbutt|p1a: Suicune
|-damage|p1a: Suicune|280\/404
|-damage|p2a: Mew|154\/341 par|[from] item: Life Orb
|
|-heal|p1a: Suicune|305\/404|[from] item: Leftovers
|turn|34
|callback|decision
|-message|Norge forfeited.
|
|win|Super Mario Bros
|raw|Ladder updating...
|leave|Norge
|player|p2
|raw|Super Mario Bros's rating: 1176 &rarr; <strong>1193<\/strong><br \/>(+17 for winning)
|raw|Norge's rating: 1057 &rarr; <strong>1040<\/strong><br \/>(-17 for losing)