|join|Cat.exe
|join|Dan Smith
|player|p1|Cat.exe|120
|player|p2|Dan Smith|102
|gametype|singles
|gen|6
|tier|OU
|rated
|clearpoke
|poke|p1|Azumarill, F
|poke|p1|Heatran, M
|poke|p1|Zapdos
|poke|p1|Hippowdon, M
|poke|p1|Metagross
|poke|p1|Terrakion
|poke|p2|Hippowdon, F
|poke|p2|Excadrill, F
|poke|p2|Altaria, F
|poke|p2|Volcarona, M
|poke|p2|Latios, M
|poke|p2|Toxicroak, F
|rule|Swagger Clause: Swagger is banned
|rule|Baton Pass Clause: Limit one PokÃ©mon knowing Baton Pass
|rule|Sleep Clause Mod: Limit one foe put to sleep
|rule|Species Clause: Limit one of each PokÃ©mon
|rule|OHKO Clause: OHKO moves are banned
|rule|Moody Clause: Moody is banned
|rule|Evasion Moves Clause: Evasion moves are banned
|rule|Endless Battle Clause: Forcing endless battles is banned
|rule|HP Percentage Mod: HP is shown in percentages
|teampreview
|
|start
|switch|p1a: Heatran|Heatran, M|385\/385
|switch|p2a: Hippowdon|Hippowdon, F|420\/420
|-weather|Sandstorm
|turn|1
|
|move|p1a: Heatran|Taunt|p2a: Hippowdon
|-start|p2a: Hippowdon|move: Taunt
|cant|p2a: Hippowdon|move: Taunt|Stealth Rock
|
|-weather|Sandstorm|[upkeep]
|turn|2
|
|switch|p1a: Zapdos|Zapdos|384\/384
|-ability|p1a: Zapdos|Pressure
|switch|p2a: Excadrill|Excadrill, F|361\/361
|
|-weather|Sandstorm|[upkeep]
|-damage|p1a: Zapdos|360\/384|[from] sandstorm
|-heal|p1a: Zapdos|384\/384|[from] item: Leftovers
|turn|3
|
|move|p2a: Excadrill|Rock Slide|p1a: Zapdos
|-supereffective|p1a: Zapdos
|-damage|p1a: Zapdos|150\/384
|-damage|p2a: Excadrill|325\/361|[from] item: Life Orb
|move|p1a: Zapdos|Roost|p1a: Zapdos
|-heal|p1a: Zapdos|342\/384
|
|-weather|Sandstorm|[upkeep]
|-damage|p1a: Zapdos|318\/384|[from] sandstorm
|-heal|p1a: Zapdos|342\/384|[from] item: Leftovers
|turn|4
|
|switch|p1a: Hippowdon|Hippowdon, M|420\/420
|move|p2a: Excadrill|Rock Slide|p1a: Hippowdon
|-resisted|p1a: Hippowdon
|-damage|p1a: Hippowdon|377\/420
|-damage|p2a: Excadrill|289\/361|[from] item: Life Orb
|
|-weather|Sandstorm|[upkeep]
|-heal|p1a: Hippowdon|403\/420|[from] item: Leftovers
|turn|5
|
|switch|p2a: Hippowdon|Hippowdon, F|420\/420
|move|p1a: Hippowdon|Toxic|p2a: Hippowdon
|-status|p2a: Hippowdon|tox
|
|-weather|Sandstorm|[upkeep]
|-heal|p1a: Hippowdon|420\/420|[from] item: Leftovers
|-damage|p2a: Hippowdon|394\/420 tox|[from] psn
|turn|6
|
|move|p2a: Hippowdon|Stealth Rock|p1a: Hippowdon
|-sidestart|p1: Cat.exe|move: Stealth Rock
|move|p1a: Hippowdon|Stealth Rock|p2a: Hippowdon
|-sidestart|p2: Dan Smith|move: Stealth Rock
|
|-weather|Sandstorm|[upkeep]
|-damage|p2a: Hippowdon|342\/420 tox|[from] psn
|turn|7
|
|switch|p2a: Altaria|Altaria, F|297\/297
|-damage|p2a: Altaria|223\/297|[from] Stealth Rock
|switch|p1a: Heatran|Heatran, M|385\/385
|-damage|p1a: Heatran|337\/385|[from] Stealth Rock
|
|-weather|Sandstorm|[upkeep]
|-damage|p2a: Altaria|205\/297|[from] sandstorm
|-heal|p1a: Heatran|361\/385|[from] item: Leftovers
|turn|8
|
|switch|p2a: Latios|Latios, M|301\/301
|-damage|p2a: Latios|264\/301|[from] Stealth Rock
|move|p1a: Heatran|Toxic|p2a: Latios|[miss]
|-miss|p1a: Heatran|p2a: Latios
|
|-weather|none
|-heal|p1a: Heatran|385\/385|[from] item: Leftovers
|turn|9
|
|move|p2a: Latios|Calm Mind|p2a: Latios
|-boost|p2a: Latios|spa|1
|-boost|p2a: Latios|spd|1
|move|p1a: Heatran|Lava Plume|p2a: Latios
|-resisted|p2a: Latios
|-damage|p2a: Latios|230\/301
|
|turn|10
|
|move|p2a: Latios|Draco Meteor|p1a: Heatran
|-resisted|p1a: Heatran
|-damage|p1a: Heatran|229\/385
|-unboost|p2a: Latios|spa|2
|-damage|p2a: Latios|200\/301|[from] item: Life Orb
|move|p1a: Heatran|Taunt|p2a: Latios
|-start|p2a: Latios|move: Taunt
|
|-heal|p1a: Heatran|253\/385|[from] item: Leftovers
|turn|11
|
|switch|p2a: Toxicroak|Toxicroak, F|307\/307
|-damage|p2a: Toxicroak|288\/307|[from] Stealth Rock
|move|p1a: Heatran|Toxic|p2a: Toxicroak
|-fail|p2a: Toxicroak
|
|-heal|p1a: Heatran|277\/385|[from] item: Leftovers
|turn|12
|
|switch|p1a: Hippowdon|Hippowdon, M|420\/420
|-damage|p1a: Hippowdon|394\/420|[from] Stealth Rock
|-weather|Sandstorm
|move|p2a: Toxicroak|Ice Punch|p1a: Hippowdon
|-supereffective|p1a: Hippowdon
|-damage|p1a: Hippowdon|259\/420
|-damage|p2a: Toxicroak|258\/307|[from] item: Life Orb
|
|-weather|Sandstorm|[upkeep]
|-damage|p2a: Toxicroak|239\/307|[from] sandstorm
|-heal|p1a: Hippowdon|285\/420|[from] item: Leftovers
|turn|13
|
|switch|p2a: Latios|Latios, M|200\/301
|-damage|p2a: Latios|163\/301|[from] Stealth Rock
|move|p1a: Hippowdon|Rock Tomb|p2a: Latios
|-damage|p2a: Latios|95\/301
|-unboost|p2a: Latios|spe|1
|
|-weather|Sandstorm|[upkeep]
|-damage|p2a: Latios|77\/301|[from] sandstorm
|-heal|p1a: Hippowdon|311\/420|[from] item: Leftovers
|turn|14
|
|switch|p1a: Metagross|Metagross|301\/301
|-damage|p1a: Metagross|283\/301|[from] Stealth Rock
|move|p2a: Latios|Roost|p2a: Latios
|-heal|p2a: Latios|228\/301
|
|-weather|Sandstorm|[upkeep]
|-damage|p2a: Latios|210\/301|[from] sandstorm
|turn|15
|
|switch|p2a: Hippowdon|Hippowdon, F|342\/420 tox
|-damage|p2a: Hippowdon|316\/420 tox|[from] Stealth Rock
|detailschange|p1a: Metagross|Metagross-Mega
|-mega|p1a: Metagross|Metagross|Metagrossite
|move|p1a: Metagross|Meteor Mash|p2a: Hippowdon|[miss]
|-miss|p1a: Metagross|p2a: Hippowdon
|
|-weather|Sandstorm|[upkeep]
|-damage|p2a: Hippowdon|290\/420 tox|[from] psn
|turn|16
|
|move|p1a: Metagross|Meteor Mash|p2a: Hippowdon
|-damage|p2a: Hippowdon|109\/420 tox
|move|p2a: Hippowdon|Earthquake|p1a: Metagross
|-supereffective|p1a: Metagross
|-damage|p1a: Metagross|91\/301
|
|-weather|none
|-damage|p2a: Hippowdon|57\/420 tox|[from] psn
|turn|17
|
|move|p1a: Metagross|Earthquake|p2a: Hippowdon
|-crit|p2a: Hippowdon
|-damage|p2a: Hippowdon|0 fnt
|faint|p2a: Hippowdon
|
|
|switch|p2a: Toxicroak|Toxicroak, F|239\/307
|-damage|p2a: Toxicroak|220\/307|[from] Stealth Rock
|turn|18
|
|move|p1a: Metagross|Bullet Punch|p2a: Toxicroak
|-damage|p2a: Toxicroak|81\/307
|move|p2a: Toxicroak|Sucker Punch|p1a: Metagross
|-fail|p1a: Metagross
|
|turn|19
|
|move|p1a: Metagross|Meteor Mash|p2a: Toxicroak
|-damage|p2a: Toxicroak|0 fnt
|faint|p2a: Toxicroak
|
|
|switch|p2a: Volcarona|Volcarona, M|335\/335
|-damage|p2a: Volcarona|168\/335|[from] Stealth Rock
|turn|20
|
|move|p1a: Metagross|Zen Headbutt|p2a: Volcarona
|-damage|p2a: Volcarona|0 fnt
|faint|p2a: Volcarona
|
|-message|Dan Smith forfeited.
|
|win|Cat.exe
|raw|Ladder updating...
|leave|Dan Smith
|player|p2
|raw|Cat.exe's rating: 1500 &rarr; <strong>1520<\/strong><br \/>(+20 for winning)
|raw|Dan Smith's rating: 1505 &rarr; <strong>1484<\/strong><br \/>(-21 for losing)