|join|Dan Smith
|join|Leroy Jetson
|player|p1|Dan Smith|266
|player|p2|Leroy Jetson|102
|gametype|singles
|tier|Pokebank OU (beta)
|clearpoke
|poke|p1|Tyranitar, M
|poke|p1|Lucario, F
|poke|p1|Rotom-Wash
|poke|p1|Clefable, M
|poke|p1|Gliscor, F
|poke|p1|Mienshao, F
|poke|p2|Mew
|poke|p2|Dragonite, F
|poke|p2|Chansey, F
|poke|p2|Scizor, F
|poke|p2|Latias, F
|poke|p2|Gyarados, F
|rule|Sleep Clause Mod: Limit one foe put to sleep
|rule|Species Clause: Limit one of each Pokemon
|rule|Moody Clause: Moody is banned
|rule|OHKO Clause: OHKO moves are banned
|rule|Evasion Moves Clause: Evasion moves are banned
|rule|HP Percentage Mod: HP is reported as percentages
|teampreview
|callback|decision
|
|start
|switch|p1a: Mienshao|Mienshao, F|272\/272
|switch|p2a: Scizor|Scizor, F|344\/344
|turn|1
|callback|decision
|
|switch|p1a: Gliscor|Gliscor, F|354\/354
|move|p2a: Scizor|U-turn|p1a: Gliscor
|-resisted|p1a: Gliscor
|-damage|p1a: Gliscor|282\/354
|callback|decision
|
|switch|p2a: Gyarados|Gyarados, F|331\/331
|-ability|p2a: Gyarados|Intimidate|[of] p1a: Gliscor
|-unboost|p1a: Gliscor|atk|1
|
|-activate|p1a: Gliscor|item: Toxic Orb
|-status|p1a: Gliscor|tox
|turn|2
|callback|decision
|
|switch|p1a: Clefable|Clefable, M|394\/394
|move|p2a: Gyarados|Dragon Dance|p2a: Gyarados
|-boost|p2a: Gyarados|atk|1
|-boost|p2a: Gyarados|spe|1
|
|turn|3
|callback|decision
|
|move|p2a: Gyarados|Earthquake|p1a: Clefable
|-damage|p1a: Clefable|228\/394
|move|p1a: Clefable|Moonblast|p2a: Gyarados
|-damage|p2a: Gyarados|225\/331
|
|-heal|p1a: Clefable|252\/394|[from] item: Leftovers
|turn|4
|callback|decision
|
|move|p2a: Gyarados|Waterfall|p1a: Clefable
|-damage|p1a: Clefable|51\/394
|move|p1a: Clefable|Moonblast|p2a: Gyarados
|-damage|p2a: Gyarados|125\/331
|-unboost|p2a: Gyarados|spa|1
|
|-heal|p1a: Clefable|75\/394|[from] item: Leftovers
|turn|5
|callback|decision
|
|move|p2a: Gyarados|Waterfall|p1a: Clefable
|-damage|p1a: Clefable|0 fnt
|faint|p1a: Clefable
|
|callback|decision
|
|switch|p1a: Mienshao|Mienshao, F|272\/272
|turn|6
|callback|decision
|
|move|p1a: Mienshao|Fake Out|p2a: Gyarados
|-damage|p2a: Gyarados|50\/331
|-damage|p1a: Mienshao|245\/272|[from] item: Life Orb
|cant|p2a: Gyarados|flinch
|
|turn|7
|callback|decision
|
|-formechange|p2a: Gyarados|Gyarados-Mega
|message|Gyarados has Mega Evolved into Mega Gyarados!
|-ability|p2a: Gyarados|Mold Breaker
|move|p2a: Gyarados|Earthquake|p1a: Mienshao
|-damage|p1a: Mienshao|0 fnt
|faint|p1a: Mienshao
|
|callback|decision
|
|switch|p1a: Lucario|Lucario, F|282\/282
|turn|8
|callback|decision
|
|switch|p2a: Mew|Mew|404\/404
|move|p1a: Lucario|Extreme Speed|p2a: Mew
|-damage|p2a: Mew|331\/404
|
|-heal|p2a: Mew|356\/404|[from] item: Leftovers
|turn|9
|callback|decision
|
|switch|p1a: Tyranitar|Tyranitar, M|341\/341
|-weather|Sandstorm
|move|p2a: Mew|Will-O-Wisp|p1a: Tyranitar
|-status|p1a: Tyranitar|brn
|
|-weather|Sandstorm|[upkeep]
|-damage|p2a: Mew|331\/404|[from] sandstorm
|-heal|p2a: Mew|356\/404|[from] item: Leftovers
|-damage|p1a: Tyranitar|299\/341 brn|[from] brn
|turn|10
|callback|decision
|
|move|p2a: Mew|Taunt|p1a: Tyranitar
|-start|p1a: Tyranitar|move: Taunt
|cant|p1a: Tyranitar|move: Taunt|Stealth Rock
|
|-weather|Sandstorm|[upkeep]
|-damage|p2a: Mew|331\/404|[from] sandstorm
|-heal|p2a: Mew|356\/404|[from] item: Leftovers
|-damage|p1a: Tyranitar|257\/341 brn|[from] brn
|turn|11
|callback|decision
|
|switch|p2a: Scizor|Scizor, F|344\/344
|switch|p1a: Gliscor|Gliscor, F|282\/354 tox
|
|-weather|Sandstorm|[upkeep]
|-heal|p1a: Gliscor|326\/354 tox|[from] ability: Poison Heal
|turn|12
|callback|decision
|
|move|p1a: Gliscor|Swords Dance|p1a: Gliscor
|-boost|p1a: Gliscor|atk|2
|move|p2a: Scizor|U-turn|p1a: Gliscor
|-resisted|p1a: Gliscor
|-damage|p1a: Gliscor|263\/354 tox
|callback|decision
|
|switch|p2a: Gyarados|Gyarados, F|50\/331
|-formechange|p2a: Gyarados|Gyarados-Mega
|-ability|p2a: Gyarados|Mold Breaker
|
|-weather|Sandstorm|[upkeep]
|-damage|p2a: Gyarados|30\/331|[from] sandstorm
|-heal|p1a: Gliscor|307\/354 tox|[from] ability: Poison Heal
|turn|13
|callback|decision
|
|switch|p1a: Rotom-Wash|Rotom-Wash|299\/299
|move|p2a: Gyarados|Ice Fang|p1a: Rotom-Wash
|-resisted|p1a: Rotom-Wash
|-damage|p1a: Rotom-Wash|264\/299
|
|-weather|none
|turn|14
|callback|decision
|
|switch|p2a: Chansey|Chansey, F|704\/704
|switch|p1a: Tyranitar|Tyranitar, M|257\/341 brn
|-weather|Sandstorm
|
|-weather|Sandstorm|[upkeep]
|-damage|p2a: Chansey|660\/704|[from] sandstorm
|-damage|p1a: Tyranitar|215\/341 brn|[from] brn
|turn|15
|callback|decision
|
|switch|p2a: Gyarados|Gyarados, F|30\/331
|-formechange|p2a: Gyarados|Gyarados-Mega
|-ability|p2a: Gyarados|Mold Breaker
|move|p1a: Tyranitar|Stealth Rock|p2a: Gyarados
|-sidestart|p2: Leroy Jetson|move: Stealth Rock
|
|-weather|Sandstorm|[upkeep]
|-damage|p2a: Gyarados|10\/331|[from] sandstorm
|-damage|p1a: Tyranitar|173\/341 brn|[from] brn
|turn|16
|callback|decision
|
|switch|p1a: Gliscor|Gliscor, F|307\/354 tox
|move|p2a: Gyarados|Waterfall|p1a: Gliscor
|-crit|p1a: Gliscor
|-supereffective|p1a: Gliscor
|-damage|p1a: Gliscor|0 fnt
|faint|p1a: Gliscor
|
|-weather|Sandstorm|[upkeep]
|-damage|p2a: Gyarados|0 fnt|[from] sandstorm
|faint|p2a: Gyarados
|callback|decision
|
|switch|p1a: Tyranitar|Tyranitar, M|173\/341 brn
|switch|p2a: Scizor|Scizor, F|344\/344
|-damage|p2a: Scizor|301\/344|[from] Stealth Rock
|turn|17
|callback|decision
|raw|<div class="broadcast-red"><b>The server is restarting soon.<\/b><br \/>Please finish your battles quickly. No new battles can be started until the server resets in a few minutes.<\/div>
|
|move|p1a: Tyranitar|Fire Blast|p2a: Scizor
|-supereffective|p2a: Scizor
|-damage|p2a: Scizor|0 fnt
|faint|p2a: Scizor
|
|-weather|Sandstorm|[upkeep]
|-damage|p1a: Tyranitar|131\/341 brn|[from] brn
|callback|decision
|
|switch|p2a: Latias|Latias, F|301\/301
|-damage|p2a: Latias|264\/301|[from] Stealth Rock
|turn|18
|callback|decision
|
|move|p2a: Latias|Draco Meteor|p1a: Tyranitar
|-damage|p1a: Tyranitar|0 fnt
|-unboost|p2a: Latias|spa|2
|-damage|p2a: Latias|234\/301|[from] item: Life Orb
|faint|p1a: Tyranitar
|
|-weather|none
|callback|decision
|
|switch|p1a: Lucario|Lucario, F|282\/282
|turn|19
|callback|decision
|
|-formechange|p1a: Lucario|Lucario-Mega
|message|Lucario has Mega Evolved into Mega Lucario!
|move|p2a: Latias|Defog|p1a: Lucario
|-unboost|p1a: Lucario|evasion|1
|-sideend|p2: Leroy Jetson|Stealth Rock|[from] move: Defog|[of] p2a: Latias
|move|p1a: Lucario|Crunch|p2a: Latias
|-supereffective|p2a: Latias
|-damage|p2a: Latias|0 fnt
|faint|p2a: Latias
|
|callback|decision
|
|switch|p2a: Mew|Mew|356\/404
|turn|20
|callback|decision
|
|switch|p1a: Rotom-Wash|Rotom-Wash|264\/299
|move|p2a: Mew|Will-O-Wisp|p1a: Rotom-Wash
|-status|p1a: Rotom-Wash|brn
|
|-heal|p2a: Mew|381\/404|[from] item: Leftovers
|-damage|p1a: Rotom-Wash|227\/299 brn|[from] brn
|turn|21
|callback|decision
|
|move|p2a: Mew|Psyshock|p1a: Rotom-Wash
|-damage|p1a: Rotom-Wash|152\/299 brn
|move|p1a: Rotom-Wash|Thunder Wave|p2a: Mew
|-status|p2a: Mew|par
|
|-heal|p2a: Mew|404\/404 par|[from] item: Leftovers
|-damage|p1a: Rotom-Wash|115\/299 brn|[from] brn
|turn|22
|callback|decision
|
|move|p1a: Rotom-Wash|Rest|p1a: Rotom-Wash
|-status|p1a: Rotom-Wash|slp
|-heal|p1a: Rotom-Wash|299\/299 slp|[silent]
|-status|p1a: Rotom-Wash|slp|[from] move: Rest
|-enditem|p1a: Rotom-Wash|Chesto Berry|[eat]
|-curestatus|p1a: Rotom-Wash|slp
|cant|p2a: Mew|par
|
|turn|23
|callback|decision
|
|switch|p2a: Chansey|Chansey, F|660\/704
|move|p1a: Rotom-Wash|Hydro Pump|p2a: Chansey
|-damage|p2a: Chansey|567\/704
|
|turn|24
|callback|decision
|
|move|p1a: Rotom-Wash|Volt Switch|p2a: Chansey
|-crit|p2a: Chansey
|-damage|p2a: Chansey|479\/704
|callback|decision
|
|switch|p1a: Lucario|Lucario, F|282\/282
|-formechange|p1a: Lucario|Lucario-Mega
|move|p2a: Chansey|Seismic Toss|p1a: Lucario
|-damage|p1a: Lucario|182\/282
|
|turn|25
|callback|decision
|
|move|p1a: Lucario|Close Combat|p2a: Chansey
|-supereffective|p2a: Chansey
|-damage|p2a: Chansey|0 fnt
|-unboost|p1a: Lucario|def|1
|-unboost|p1a: Lucario|spd|1
|faint|p2a: Chansey
|
|callback|decision
|
|switch|p2a: Dragonite|Dragonite, F|324\/324
|turn|26
|callback|decision
|
|switch|p1a: Rotom-Wash|Rotom-Wash|299\/299
|move|p2a: Dragonite|Dragon Dance|p2a: Dragonite
|-boost|p2a: Dragonite|atk|1
|-boost|p2a: Dragonite|spe|1
|
|turn|27
|callback|decision
|
|move|p2a: Dragonite|Extreme Speed|p1a: Rotom-Wash
|-damage|p1a: Rotom-Wash|178\/299
|move|p1a: Rotom-Wash|Thunder Wave|p2a: Dragonite
|-status|p2a: Dragonite|par
|-enditem|p2a: Dragonite|Lum Berry|[eat]
|-curestatus|p2a: Dragonite|par
|
|turn|28
|callback|decision
|
|move|p2a: Dragonite|Outrage|p1a: Rotom-Wash
|-crit|p1a: Rotom-Wash
|-damage|p1a: Rotom-Wash|0 fnt
|faint|p1a: Rotom-Wash
|
|callback|decision
|
|switch|p1a: Lucario|Lucario, F|182\/282
|-formechange|p1a: Lucario|Lucario-Mega
|turn|29
|callback|decision
|
|move|p2a: Dragonite|Outrage|p1a: Lucario
|-resisted|p1a: Lucario
|-damage|p1a: Lucario|0 fnt
|faint|p1a: Lucario
|
|win|Leroy Jetson