|join|Shaneee
|join|Garn
|player|p1|Shaneee|83
|player|p2|Garn|1
|gametype|singles
|gen|6
|tier|UU
|rated
|rule|Sleep Clause Mod: Limit one foe put to sleep
|rule|Species Clause: Limit one of each PokÃ©mon
|rule|OHKO Clause: OHKO moves are banned
|rule|Moody Clause: Moody is banned
|rule|Evasion Moves Clause: Evasion moves are banned
|rule|Endless Battle Clause: Forcing endless battles is banned
|rule|HP Percentage Mod: HP is shown in percentages
|clearpoke
|poke|p1|Hydreigon, F
|poke|p1|Florges, F
|poke|p1|Gligar, F, shiny
|poke|p1|Jirachi
|poke|p1|Darmanitan, F
|poke|p1|Snorlax, F
|poke|p2|Ditto
|poke|p2|Crobat, M
|poke|p2|Alomomola, F
|poke|p2|Swampert, M
|poke|p2|Ursaring, M
|poke|p2|Honchkrow, M
|rule|Swagger Clause: Swagger is banned
|rule|Baton Pass Clause: Limit one PokÃ©mon knowing Baton Pass
|teampreview
|
|start
|switch|p1a: Fairy Food|Hydreigon, F|325\/325
|switch|p2a: Ditto|Ditto|300\/300
|-transform|p2a: Ditto|p1a: Fairy Food
|turn|1
|
|switch|p1a: Ariana Grande|Gligar, F, shiny|334\/334
|move|p2a: Ditto|Draco Meteor|p1a: Ariana Grande
|-damage|p1a: Ariana Grande|112\/334
|-unboost|p2a: Ditto|spa|2
|
|turn|2
|
|move|p2a: Ditto|Draco Meteor|p1a: Ariana Grande
|-damage|p1a: Ariana Grande|7\/334
|-unboost|p2a: Ditto|spa|2
|move|p1a: Ariana Grande|Roost|p1a: Ariana Grande
|-heal|p1a: Ariana Grande|174\/334
|
|turn|3
|
|switch|p2a: Alomomola|Alomomola, F|529\/529
|move|p1a: Ariana Grande|Roost|p1a: Ariana Grande
|-heal|p1a: Ariana Grande|334\/334
|
|turn|4
|
|switch|p1a: Rob Ford|Snorlax, F|524\/524
|switch|p2a: Ditto|Ditto|300\/300
|-transform|p2a: Ditto|p1a: Rob Ford
|
|turn|5
|
|move|p2a: Ditto|Body Slam|p1a: Rob Ford
|-damage|p1a: Rob Ford|379\/524
|-status|p1a: Rob Ford|par
|move|p1a: Rob Ford|Body Slam|p2a: Ditto
|-damage|p2a: Ditto|156\/300
|
|-heal|p1a: Rob Ford|411\/524 par|[from] item: Leftovers
|turn|6
|
|switch|p2a: Swampert|Swampert, M|351\/351
|move|p1a: Rob Ford|Body Slam|p2a: Swampert
|-damage|p2a: Swampert|240\/351
|-status|p2a: Swampert|par
|
|-heal|p1a: Rob Ford|443\/524 par|[from] item: Leftovers
|turn|7
|
|move|p2a: Swampert|Hammer Arm|p1a: Rob Ford
|-supereffective|p1a: Rob Ford
|-damage|p1a: Rob Ford|103\/524 par
|-unboost|p2a: Swampert|spe|1
|move|p1a: Rob Ford|Body Slam|p2a: Swampert
|-damage|p2a: Swampert|129\/351 par
|
|-heal|p1a: Rob Ford|135\/524 par|[from] item: Leftovers
|turn|8
|
|switch|p1a: Florges|Florges, F|360\/360
|cant|p2a: Swampert|par
|
|turn|9
|
|switch|p2a: Alomomola|Alomomola, F|529\/529
|move|p1a: Florges|Aromatherapy|p1a: Florges
|-cureteam|p1a: Florges|[from] move: Aromatherapy
|
|turn|10
|
|move|p1a: Florges|Wish|p1a: Florges
|move|p2a: Alomomola|Wish|p2a: Alomomola
|
|turn|11
|
|switch|p2a: Swampert|Swampert, M|129\/351 par
|move|p1a: Florges|Moonblast|p2a: Swampert
|-damage|p2a: Swampert|42\/351 par
|
|-heal|p2a: Swampert|306\/351 par|[from] move: Wish|[wisher] Alomomola
|turn|12
|
|switch|p2a: Alomomola|Alomomola, F|529\/529
|move|p1a: Florges|Protect|p1a: Florges
|-fail|p1a: Florges
|
|turn|13
|
|move|p1a: Florges|Wish|p1a: Florges
|move|p2a: Alomomola|Wish|p2a: Alomomola
|
|turn|14
|
|switch|p1a: Rob Ford|Snorlax, F|135\/524
|switch|p2a: Ditto|Ditto|156\/300
|-transform|p2a: Ditto|p1a: Rob Ford
|
|-heal|p2a: Ditto|300\/300|[from] move: Wish|[wisher] Alomomola
|-heal|p1a: Rob Ford|315\/524|[from] move: Wish|[wisher] Florges
|-heal|p1a: Rob Ford|347\/524|[from] item: Leftovers
|turn|15
|
|switch|p1a: Like A Star â«|Jirachi|341\/341
|move|p2a: Ditto|Body Slam|p1a: Like A Star â«
|-resisted|p1a: Like A Star â«
|-damage|p1a: Like A Star â«|286\/341
|
|turn|16
|
|switch|p2a: Swampert|Swampert, M|306\/351 par
|move|p1a: Like A Star â«|Trick|p2a: Swampert
|-activate|p1a: Like A Star â«|move: Trick|[of] p2a: Swampert
|-item|p2a: Swampert|Choice Scarf|[from] move: Trick
|-item|p1a: Like A Star â«|Assault Vest|[from] move: Trick
|
|turn|17
|
|move|p1a: Like A Star â«|U-turn|p2a: Swampert
|-damage|p2a: Swampert|229\/351 par
|
|switch|p1a: Fairy Food|Hydreigon, F|325\/325
|move|p2a: Swampert|Aqua Tail|p1a: Fairy Food
|-resisted|p1a: Fairy Food
|-damage|p1a: Fairy Food|223\/325
|
|turn|18
|
|move|p1a: Fairy Food|Dark Pulse|p2a: Swampert
|-damage|p2a: Swampert|42\/351 par
|-damage|p1a: Fairy Food|191\/325|[from] item: Life Orb
|cant|p2a: Swampert|par
|
|turn|19
|
|move|p1a: Fairy Food|Dark Pulse|p2a: Swampert
|-damage|p2a: Swampert|0 fnt
|-damage|p1a: Fairy Food|159\/325|[from] item: Life Orb
|faint|p2a: Swampert
|
|
|switch|p2a: Crobat|Crobat, M|311\/311
|turn|20
|
|switch|p1a: Ariana Grande|Gligar, F, shiny|334\/334
|move|p2a: Crobat|U-turn|p1a: Ariana Grande
|-resisted|p1a: Ariana Grande
|-damage|p1a: Ariana Grande|310\/334
|
|switch|p2a: Honchkrow|Honchkrow, M|339\/339
|
|turn|21
|
|move|p2a: Honchkrow|Screech|p1a: Ariana Grande|[miss]
|-miss|p2a: Honchkrow|p1a: Ariana Grande
|move|p1a: Ariana Grande|Stealth Rock|p2a: Honchkrow
|-sidestart|p2: Garn|move: Stealth Rock
|
|turn|22
|
|move|p2a: Honchkrow|Screech|p1a: Ariana Grande
|-unboost|p1a: Ariana Grande|def|2
|move|p1a: Ariana Grande|Roost|p1a: Ariana Grande
|-heal|p1a: Ariana Grande|334\/334
|
|turn|23
|
|switch|p1a: Like A Star â«|Jirachi|286\/341
|move|p2a: Honchkrow|Screech|p1a: Like A Star â«
|-unboost|p1a: Like A Star â«|def|2
|
|turn|24
|
|move|p2a: Honchkrow|Pursuit|p1a: Like A Star â«|[from]Pursuit
|-supereffective|p1a: Like A Star â«
|-damage|p1a: Like A Star â«|0 fnt
|-damage|p2a: Honchkrow|306\/339|[from] item: Life Orb
|faint|p1a: Like A Star â«
|-boost|p2a: Honchkrow|atk|1|[from] ability: Moxie
|
|
|switch|p1a: Fairy Food|Hydreigon, F|159\/325
|turn|25
|
|move|p2a: Honchkrow|Sucker Punch|p1a: Fairy Food
|-resisted|p1a: Fairy Food
|-damage|p1a: Fairy Food|0 fnt
|-damage|p2a: Honchkrow|273\/339|[from] item: Life Orb
|faint|p1a: Fairy Food
|-boost|p2a: Honchkrow|atk|1|[from] ability: Moxie
|
|
|switch|p1a: Rob Ford|Snorlax, F|347\/524
|turn|26
|
|move|p2a: Honchkrow|Brave Bird|p1a: Rob Ford
|-damage|p1a: Rob Ford|0 fnt
|-damage|p2a: Honchkrow|158\/339|[from] recoil|[of] p1a: Rob Ford
|-damage|p2a: Honchkrow|125\/339|[from] item: Life Orb
|faint|p1a: Rob Ford
|-boost|p2a: Honchkrow|atk|1|[from] ability: Moxie
|
|
|switch|p1a: Ariana Grande|Gligar, F, shiny|334\/334
|turn|27
|
|move|p2a: Honchkrow|Brave Bird|p1a: Ariana Grande
|-damage|p1a: Ariana Grande|25\/334
|-damage|p2a: Honchkrow|23\/339|[from] recoil|[of] p1a: Ariana Grande
|-damage|p2a: Honchkrow|0 fnt|[from] item: Life Orb
|faint|p2a: Honchkrow
|move|p1a: Ariana Grande|Earthquake|p2: Honchkrow|[notarget]
|-notarget
|
|
|switch|p2a: Crobat|Crobat, M|311\/311
|-damage|p2a: Crobat|234\/311|[from] Stealth Rock
|turn|28
|
|move|p2a: Crobat|Brave Bird|p1a: Ariana Grande
|-damage|p1a: Ariana Grande|0 fnt
|-damage|p2a: Crobat|226\/311|[from] recoil|[of] p1a: Ariana Grande
|faint|p1a: Ariana Grande
|
|
|switch|p1a: Born Sinner|Darmanitan, F|351\/351
|turn|29
|
|switch|p2a: Alomomola|Alomomola, F|529\/529
|-damage|p2a: Alomomola|463\/529|[from] Stealth Rock
|move|p1a: Born Sinner|U-turn|p2a: Alomomola
|-damage|p2a: Alomomola|339\/529
|
|switch|p1a: Florges|Florges, F|360\/360
|
|-heal|p2a: Alomomola|372\/529|[from] item: Leftovers
|turn|30
|
|move|p1a: Florges|Moonblast|p2a: Alomomola
|-damage|p2a: Alomomola|147\/529
|move|p2a: Alomomola|Wish|p2a: Alomomola
|
|-heal|p2a: Alomomola|180\/529|[from] item: Leftovers
|turn|31
|
|switch|p1a: Born Sinner|Darmanitan, F|351\/351
|move|p2a: Alomomola|Protect|p2a: Alomomola
|-fail|p2a: Alomomola
|
|-heal|p2a: Alomomola|444\/529|[from] move: Wish|[wisher] Alomomola
|-heal|p2a: Alomomola|477\/529|[from] item: Leftovers
|turn|32
|
|move|p1a: Born Sinner|U-turn|p2a: Alomomola
|-damage|p2a: Alomomola|348\/529
|
|switch|p1a: Florges|Florges, F|360\/360
|move|p2a: Alomomola|Wish|p2a: Alomomola
|
|-heal|p2a: Alomomola|381\/529|[from] item: Leftovers
|turn|33
|
|switch|p2a: Ursaring|Ursaring, M|335\/335
|-damage|p2a: Ursaring|294\/335|[from] Stealth Rock
|move|p1a: Florges|Moonblast|p2a: Ursaring
|-damage|p2a: Ursaring|149\/335
|
|-heal|p2a: Ursaring|335\/335|[from] move: Wish|[wisher] Alomomola
|turn|34
|-message|Shaneee forfeited.
|
|win|Garn
|raw|Ladder updating...
|leave|Shaneee
|player|p1
|raw|Shaneee's rating: 1553 &rarr; <strong>1524<\/strong><br \/>(-29 for losing)
|raw|Garn's rating: 1384 &rarr; <strong>1413<\/strong><br \/>(+29 for winning)
|leave|Garn
|player|p2
|join|Garn