|join|Shaneee
|join|Testing Shit 1024
|player|p1|Shaneee|102
|player|p2|Testing Shit 1024|283
|gametype|singles
|gen|6
|tier|UU
|rated
|clearpoke
|poke|p1|Darmanitan, M, shiny
|poke|p1|Gligar, M, shiny
|poke|p1|Absol, M
|poke|p1|Zygarde, shiny
|poke|p1|Raikou, shiny
|poke|p1|Heracross, M, shiny
|poke|p2|Tornadus-Therian, M
|poke|p2|Heliolisk, M
|poke|p2|Hippowdon, M
|poke|p2|Rhyperior, M
|poke|p2|Galvantula, M
|poke|p2|Cobalion
|rule|Sleep Clause Mod: Limit one foe put to sleep
|rule|Species Clause: Limit one of each Pokemon
|rule|OHKO Clause: OHKO moves are banned
|rule|Moody Clause: Moody is banned
|rule|Evasion Moves Clause: Evasion moves are banned
|rule|Endless Battle Clause: Forcing endless battles is banned.
|rule|HP Percentage Mod: HP is reported as percentages
|teampreview
|
|start
|switch|p1a: Absol|Absol, M|271\/271
|switch|p2a: Sandstorm|Heliolisk, M|266\/266
|-item|p2a: Sandstorm|Air Balloon
|-ability|p1a: Absol|Pressure
|turn|1
|
|switch|p2a: Hippo Downs|Hippowdon, M|420\/420
|-weather|Sandstorm
|-formechange|p1a: Absol|Absol-Mega
|message|Absol has Mega Evolved into Mega Absol!
|move|p1a: Absol|Night Slash|p2a: Hippo Downs
|-damage|p2a: Hippo Downs|335\/420
|
|-weather|Sandstorm|[upkeep]
|-damage|p1a: Absol|255\/271|[from] sandstorm
|-heal|p2a: Hippo Downs|361\/420|[from] item: Leftovers
|turn|2
|
|move|p1a: Absol|Swords Dance|p1a: Absol
|-boost|p1a: Absol|atk|2
|move|p2a: Hippo Downs|Stealth Rock|p1a: Absol
|move|p1a: Absol|Stealth Rock|p2a: Hippo Downs|[from]Magic Bounce
|-sidestart|p2: Testing Shit 1024|move: Stealth Rock
|
|-weather|Sandstorm|[upkeep]
|-damage|p1a: Absol|239\/271|[from] sandstorm
|-heal|p2a: Hippo Downs|387\/420|[from] item: Leftovers
|turn|3
|
|move|p1a: Absol|Swords Dance|p1a: Absol
|-boost|p1a: Absol|atk|2
|move|p2a: Hippo Downs|Earthquake|p1a: Absol
|-damage|p1a: Absol|59\/271
|
|-weather|Sandstorm|[upkeep]
|-damage|p1a: Absol|43\/271|[from] sandstorm
|-heal|p2a: Hippo Downs|413\/420|[from] item: Leftovers
|turn|4
|
|move|p1a: Absol|Night Slash|p2a: Hippo Downs
|-damage|p2a: Hippo Downs|139\/420
|move|p2a: Hippo Downs|Slack Off|p2a: Hippo Downs
|-heal|p2a: Hippo Downs|349\/420
|
|-weather|Sandstorm|[upkeep]
|-damage|p1a: Absol|27\/271|[from] sandstorm
|-heal|p2a: Hippo Downs|375\/420|[from] item: Leftovers
|turn|5
|
|move|p1a: Absol|Night Slash|p2a: Hippo Downs
|-damage|p2a: Hippo Downs|122\/420
|move|p2a: Hippo Downs|Earthquake|p1a: Absol
|-damage|p1a: Absol|0 fnt
|faint|p1a: Absol
|
|-weather|none
|-heal|p2a: Hippo Downs|148\/420|[from] item: Leftovers
|
|switch|p1a: Darmanitan|Darmanitan, M, shiny|351\/351
|turn|6
|
|move|p1a: Darmanitan|Flare Blitz|p2a: Hippo Downs
|-damage|p2a: Hippo Downs|0 fnt
|-damage|p1a: Darmanitan|302\/351|[from] recoil|[of] p2a: Hippo Downs
|faint|p2a: Hippo Downs
|
|
|switch|p2a: Leafsurfer|Rhyperior, M|413\/413
|-damage|p2a: Leafsurfer|388\/413|[from] Stealth Rock
|turn|7
|
|switch|p1a: Gligar|Gligar, M, shiny|334\/334
|move|p2a: Leafsurfer|Stone Edge|p1a: Gligar
|-damage|p1a: Gligar|232\/334
|
|turn|8
|
|move|p1a: Gligar|Knock Off|p2a: Leafsurfer
|-damage|p2a: Leafsurfer|347\/413
|-enditem|p2a: Leafsurfer|Assault Vest|[from] move: Knock Off|[of] p1a: Gligar
|move|p2a: Leafsurfer|Dragon Tail|p1a: Gligar
|-damage|p1a: Gligar|193\/334
|drag|p1a: Zygarde|Zygarde, shiny|404\/404
|-ability|p1a: Zygarde|Aura Break
|
|turn|9
|
|move|p1a: Zygarde|Earthquake|p2a: Leafsurfer
|-supereffective|p2a: Leafsurfer
|-damage|p2a: Leafsurfer|197\/413
|move|p2a: Leafsurfer|Dragon Tail|p1a: Zygarde
|-supereffective|p1a: Zygarde
|-damage|p1a: Zygarde|288\/404
|drag|p1a: Gligar|Gligar, M, shiny|193\/334
|
|turn|10
|
|move|p1a: Gligar|Roost|p1a: Gligar
|-heal|p1a: Gligar|334\/334
|move|p2a: Leafsurfer|Stone Edge|p1a: Gligar
|-resisted|p1a: Gligar
|-damage|p1a: Gligar|289\/334
|
|turn|11
|
|switch|p2a: Sandstorm|Heliolisk, M|266\/266
|-damage|p2a: Sandstorm|233\/266|[from] Stealth Rock
|-item|p2a: Sandstorm|Air Balloon
|move|p1a: Gligar|Knock Off|p2a: Sandstorm
|-damage|p2a: Sandstorm|145\/266
|-enditem|p2a: Sandstorm|Air Balloon
|
|turn|12
|
|switch|p1a: Zygarde|Zygarde, shiny|288\/404
|-ability|p1a: Zygarde|Aura Break
|move|p2a: Sandstorm|Hidden Power|p1a: Zygarde
|-supereffective|p1a: Zygarde
|-damage|p1a: Zygarde|0 fnt
|faint|p1a: Zygarde
|
|
|switch|p1a: Heracross|Heracross, M, shiny|302\/302
|turn|13
|
|move|p1a: Heracross|Close Combat|p2a: Sandstorm
|-supereffective|p2a: Sandstorm
|-damage|p2a: Sandstorm|0 fnt
|-unboost|p1a: Heracross|def|1
|-unboost|p1a: Heracross|spd|1
|faint|p2a: Sandstorm
|-boost|p1a: Heracross|atk|1|[from] ability: Moxie
|
|
|switch|p2a: Rock You Like A|Tornadus-Therian, M|301\/301
|-damage|p2a: Rock You Like A|226\/301|[from] Stealth Rock
|turn|14
|
|switch|p1a: Gligar|Gligar, M, shiny|289\/334
|move|p2a: Rock You Like A|U-turn|p1a: Gligar
|-resisted|p1a: Gligar
|-damage|p1a: Gligar|275\/334
|
|switch|p2a: Grizzled Lucario|Cobalion|324\/324
|-damage|p2a: Grizzled Lucario|314\/324|[from] Stealth Rock
|
|-heal|p2a: Grizzled Lucario|324\/324|[from] item: Leftovers
|turn|15
|chat|Testing Shit 1024|misclick
|
|switch|p2a: Hai|Galvantula, M|281\/281
|-damage|p2a: Hai|211\/281|[from] Stealth Rock
|switch|p1a: Raikou|Raikou, shiny|322\/322
|-ability|p1a: Raikou|Pressure
|
|turn|16
|
|move|p2a: Hai|Bug Buzz|p1a: Raikou
|-damage|p1a: Raikou|195\/322
|move|p1a: Raikou|Thunderbolt|p2a: Hai
|-resisted|p2a: Hai
|-damage|p2a: Hai|31\/281
|
|turn|17
|
|move|p2a: Hai|Sticky Web|p1a: Raikou
|-sidestart|p1: Shaneee|move: Sticky Web
|move|p1a: Raikou|Thunderbolt|p2a: Hai
|-resisted|p2a: Hai
|-damage|p2a: Hai|0 fnt
|faint|p2a: Hai
|
|
|switch|p2a: Rock You Like A|Tornadus-Therian, M|301\/301
|-damage|p2a: Rock You Like A|226\/301|[from] Stealth Rock
|turn|18
|
|move|p2a: Rock You Like A|Focus Blast|p1a: Raikou
|-damage|p1a: Raikou|0 fnt
|faint|p1a: Raikou
|
|
|switch|p1a: Gligar|Gligar, M, shiny|275\/334
|turn|19
|
|switch|p2a: Leafsurfer|Rhyperior, M|197\/413
|-damage|p2a: Leafsurfer|172\/413|[from] Stealth Rock
|move|p1a: Gligar|Defog|p2a: Leafsurfer
|-unboost|p2a: Leafsurfer|evasion|1
|-sideend|p2: Testing Shit 1024|Stealth Rock|[from] move: Defog|[of] p2a: Leafsurfer
|-sideend|p1: Shaneee|Sticky Web|[from] move: Defog|[of] p1a: Gligar
|
|turn|20
|
|move|p1a: Gligar|Stealth Rock|p2a: Leafsurfer
|-sidestart|p2: Testing Shit 1024|move: Stealth Rock
|move|p2a: Leafsurfer|Stone Edge|p1a: Gligar
|-damage|p1a: Gligar|170\/334
|
|turn|21
|
|move|p1a: Gligar|Roost|p1a: Gligar
|-heal|p1a: Gligar|334\/334
|move|p2a: Leafsurfer|Earthquake|p1a: Gligar
|-damage|p1a: Gligar|235\/334
|
|turn|22
|
|switch|p1a: Darmanitan|Darmanitan, M, shiny|302\/351
|move|p2a: Leafsurfer|Dragon Tail|p1a: Darmanitan
|-damage|p1a: Darmanitan|178\/351
|drag|p1a: Heracross|Heracross, M, shiny|302\/302
|
|turn|23
|
|move|p1a: Heracross|Close Combat|p2a: Leafsurfer
|-supereffective|p2a: Leafsurfer
|-damage|p2a: Leafsurfer|0 fnt
|-unboost|p1a: Heracross|def|1
|-unboost|p1a: Heracross|spd|1
|faint|p2a: Leafsurfer
|-boost|p1a: Heracross|atk|1|[from] ability: Moxie
|
|
|switch|p2a: Rock You Like A|Tornadus-Therian, M|301\/301
|-damage|p2a: Rock You Like A|226\/301|[from] Stealth Rock
|turn|24
|
|switch|p1a: Gligar|Gligar, M, shiny|235\/334
|move|p2a: Rock You Like A|Air Slash|p1a: Gligar
|-damage|p1a: Gligar|72\/334
|
|turn|25
|
|move|p2a: Rock You Like A|Air Slash|p1a: Gligar
|-damage|p1a: Gligar|0 fnt
|faint|p1a: Gligar
|
|
|switch|p1a: Heracross|Heracross, M, shiny|302\/302
|turn|26
|
|switch|p2a: Grizzled Lucario|Cobalion|324\/324
|-damage|p2a: Grizzled Lucario|314\/324|[from] Stealth Rock
|move|p1a: Heracross|Stone Edge|p2a: Grizzled Lucario
|-resisted|p2a: Grizzled Lucario
|-damage|p2a: Grizzled Lucario|290\/324
|
|-heal|p2a: Grizzled Lucario|310\/324|[from] item: Leftovers
|turn|27
|
|switch|p1a: Darmanitan|Darmanitan, M, shiny|178\/351
|move|p2a: Grizzled Lucario|Stone Edge|p1a: Darmanitan|[miss]
|-miss|p2a: Grizzled Lucario|p1a: Darmanitan
|
|-heal|p2a: Grizzled Lucario|324\/324|[from] item: Leftovers
|turn|28
|chat|Testing Shit 1024|great
|chat|Testing Shit 1024|gg
|chat|Testing Shit 1024|that was it
|
|move|p2a: Grizzled Lucario|Stone Edge|p1a: Darmanitan
|-supereffective|p1a: Darmanitan
|-damage|p1a: Darmanitan|0 fnt
|faint|p1a: Darmanitan
|
|chat|Testing Shit 1024|or not
|chat|Shaneee|:P
|chat|Testing Shit 1024|I thought you had them both scarfed
|
|switch|p1a: Heracross|Heracross, M, shiny|302\/302
|turn|29
|
|move|p1a: Heracross|Close Combat|p2a: Grizzled Lucario
|-supereffective|p2a: Grizzled Lucario
|-damage|p2a: Grizzled Lucario|0 fnt
|-unboost|p1a: Heracross|def|1
|-unboost|p1a: Heracross|spd|1
|faint|p2a: Grizzled Lucario
|-boost|p1a: Heracross|atk|1|[from] ability: Moxie
|
|
|switch|p2a: Rock You Like A|Tornadus-Therian, M|301\/301
|-damage|p2a: Rock You Like A|226\/301|[from] Stealth Rock
|turn|30
|chat|Shaneee|gg
|chat|Testing Shit 1024|gg
|
|move|p1a: Heracross|Close Combat|p2a: Rock You Like A
|-resisted|p2a: Rock You Like A
|-damage|p2a: Rock You Like A|17\/301
|-unboost|p1a: Heracross|def|1
|-unboost|p1a: Heracross|spd|1
|move|p2a: Rock You Like A|Air Slash|p1a: Heracross
|-supereffective|p1a: Heracross
|-damage|p1a: Heracross|0 fnt
|faint|p1a: Heracross
|
|win|Testing Shit 1024
|raw|Ladder updating...
|raw|Shaneee's rating: 1398 &rarr; <strong>1380<\/strong><br \/>(-18 for losing)
|raw|Testing Shit 1024's rating: 1418 &rarr; <strong>1437<\/strong><br \/>(+19 for winning)
|chat|Testing Shit 1024|tough team man
|chat|Shaneee|u2