|join|the singularity
|join|Shaneee
|player|p1|the singularity|284
|player|p2|Shaneee|244
|gametype|singles
|gen|6
|tier|UU
|rated
|rule|Sleep Clause Mod: Limit one foe put to sleep
|rule|Species Clause: Limit one of each Pokemon
|rule|OHKO Clause: OHKO moves are banned
|rule|Moody Clause: Moody is banned
|rule|Evasion Moves Clause: Evasion moves are banned
|rule|Endless Battle Clause: Forcing endless battles is banned.
|rule|HP Percentage Mod: HP is reported as percentages
|clearpoke
|poke|p1|Volcarona, F
|poke|p1|Slowbro, M
|poke|p1|Snorlax, F
|poke|p1|Nidoqueen, F
|poke|p1|Aerodactyl, M
|poke|p1|Aromatisse, F
|poke|p2|Heracross, M
|poke|p2|Goodra, M
|poke|p2|Gligar, F, shiny
|poke|p2|Slowbro, M, shiny
|poke|p2|Darmanitan, F
|poke|p2|Celebi
|teampreview
|
|start
|switch|p1a: Aerodactyl|Aerodactyl, M|331\/331
|switch|p2a: Celebi|Celebi|342\/342
|-ability|p1a: Aerodactyl|Pressure
|turn|1
|
|switch|p2a: Slowbro|Slowbro, M, shiny|394\/394
|detailschange|p1a: Aerodactyl|Aerodactyl-Mega, M
|message|Aerodactyl has Mega Evolved into Mega Aerodactyl!
|move|p1a: Aerodactyl|Aerial Ace|p2a: Slowbro
|-damage|p2a: Slowbro|291\/394
|-damage|p1a: Aerodactyl|276\/331|[from] item: Rocky Helmet|[of] p2a: Slowbro
|
|turn|2
|
|switch|p1a: Slowbro|Slowbro, M|391\/391
|move|p2a: Slowbro|Thunder Wave|p1a: Slowbro
|-status|p1a: Slowbro|par
|
|turn|3
|
|switch|p2a: Celebi|Celebi|342\/342
|switch|p1a: Volcarona|Volcarona, F|373\/373
|
|turn|4
|
|switch|p2a: Goodra|Goodra, M|371\/371
|move|p1a: Volcarona|Bug Buzz|p2a: Goodra
|-damage|p2a: Goodra|302\/371
|-unboost|p2a: Goodra|spd|1
|
|turn|5
|
|switch|p1a: Snorlax|Snorlax, F|461\/461
|move|p2a: Goodra|Rock Slide|p1a: Snorlax
|-damage|p1a: Snorlax|403\/461
|
|turn|6
|
|move|p1a: Snorlax|Pursuit|p2a: Goodra|[from]Pursuit
|-damage|p2a: Goodra|170\/371
|switch|p2a: Celebi|Celebi|342\/342
|
|turn|7
|
|switch|p1a: Aerodactyl|Aerodactyl-Mega, M|276\/331
|move|p2a: Celebi|Nasty Plot|p2a: Celebi
|-boost|p2a: Celebi|spa|2
|
|turn|8
|
|move|p1a: Aerodactyl|Aerial Ace|p2a: Celebi
|-supereffective|p2a: Celebi
|-damage|p2a: Celebi|72\/342
|move|p2a: Celebi|Psychic|p1a: Aerodactyl
|-damage|p1a: Aerodactyl|0 fnt
|faint|p1a: Aerodactyl
|
|-heal|p2a: Celebi|93\/342|[from] item: Leftovers
|
|switch|p1a: Snorlax|Snorlax, F|403\/461
|turn|9
|
|move|p2a: Celebi|Giga Drain|p1a: Snorlax
|-damage|p1a: Snorlax|276\/461
|-heal|p2a: Celebi|157\/342|[from] drain|[of] p1a: Snorlax
|move|p1a: Snorlax|Pursuit|p2a: Celebi
|-supereffective|p2a: Celebi
|-damage|p2a: Celebi|63\/342
|
|-heal|p2a: Celebi|84\/342|[from] item: Leftovers
|turn|10
|
|move|p2a: Celebi|Giga Drain|p1a: Snorlax
|-damage|p1a: Snorlax|143\/461
|-heal|p2a: Celebi|151\/342|[from] drain|[of] p1a: Snorlax
|move|p1a: Snorlax|Self-Destruct|p2a: Celebi
|-damage|p2a: Celebi|0 fnt
|faint|p2a: Celebi
|faint|p1a: Snorlax
|
|
|switch|p2a: Darmanitan|Darmanitan, F|351\/351
|switch|p1a: Volcarona|Volcarona, F|373\/373
|turn|11
|
|switch|p1a: Slowbro|Slowbro, M|391\/391 par
|move|p2a: Darmanitan|Rock Slide|p1a: Slowbro
|-damage|p1a: Slowbro|258\/391 par
|
|turn|12
|
|switch|p2a: Goodra|Goodra, M|170\/371
|move|p1a: Slowbro|Psyshock|p2a: Goodra
|-damage|p2a: Goodra|37\/371
|
|turn|13
|
|switch|p1a: Aromatisse|Aromatisse, F|405\/405
|move|p2a: Goodra|Thunderbolt|p1a: Aromatisse
|-crit|p1a: Aromatisse
|-damage|p1a: Aromatisse|223\/405
|
|-heal|p1a: Aromatisse|248\/405|[from] item: Leftovers
|turn|14
|
|switch|p1a: Nidoqueen|Nidoqueen, F|330\/330
|move|p2a: Goodra|Rock Slide|p1a: Nidoqueen
|-resisted|p1a: Nidoqueen
|-damage|p1a: Nidoqueen|299\/330
|
|turn|15
|
|move|p1a: Nidoqueen|Ice Beam|p2a: Goodra
|-supereffective|p2a: Goodra
|-damage|p2a: Goodra|0 fnt
|faint|p2a: Goodra
|
|
|switch|p2a: Darmanitan|Darmanitan, F|351\/351
|turn|16
|
|switch|p1a: Slowbro|Slowbro, M|388\/391 par
|move|p2a: Darmanitan|Flare Blitz|p1a: Slowbro
|-resisted|p1a: Slowbro
|-damage|p1a: Slowbro|220\/391 par
|-damage|p2a: Darmanitan|293\/351|[from] item: Rocky Helmet|[of] p1a: Slowbro
|-damage|p2a: Darmanitan|238\/351|[from] recoil|[of] p1a: Slowbro
|
|turn|17
|
|switch|p2a: Slowbro|Slowbro, M, shiny|394\/394
|move|p1a: Slowbro|Psyshock|p2a: Slowbro
|-resisted|p2a: Slowbro
|-damage|p2a: Slowbro|361\/394
|
|turn|18
|
|move|p2a: Slowbro|Scald|p1a: Slowbro
|-resisted|p1a: Slowbro
|-damage|p1a: Slowbro|164\/391 par
|cant|p1a: Slowbro|par
|
|turn|19
|
|move|p2a: Slowbro|Scald|p1a: Slowbro
|-resisted|p1a: Slowbro
|-damage|p1a: Slowbro|103\/391 par
|move|p1a: Slowbro|Slack Off|p1a: Slowbro
|-heal|p1a: Slowbro|299\/391 par
|
|turn|20
|
|move|p2a: Slowbro|Scald|p1a: Slowbro
|-resisted|p1a: Slowbro
|-damage|p1a: Slowbro|237\/391 par
|move|p1a: Slowbro|Calm Mind|p1a: Slowbro
|-boost|p1a: Slowbro|spa|1
|-boost|p1a: Slowbro|spd|1
|
|turn|21
|
|move|p2a: Slowbro|Scald|p1a: Slowbro
|-resisted|p1a: Slowbro
|-damage|p1a: Slowbro|198\/391 par
|move|p1a: Slowbro|Slack Off|p1a: Slowbro
|-heal|p1a: Slowbro|391\/391 par
|
|turn|22
|
|move|p2a: Slowbro|Scald|p1a: Slowbro
|-crit|p1a: Slowbro
|-resisted|p1a: Slowbro
|-damage|p1a: Slowbro|309\/391 par
|cant|p1a: Slowbro|par
|
|turn|23
|
|switch|p2a: Heracross|Heracross, M|302\/302
|move|p1a: Slowbro|Calm Mind|p1a: Slowbro
|-boost|p1a: Slowbro|spa|1
|-boost|p1a: Slowbro|spd|1
|
|turn|24
|
|move|p2a: Heracross|Pursuit|p1a: Slowbro|[from]Pursuit
|-supereffective|p1a: Slowbro
|-damage|p1a: Slowbro|171\/391 par
|-damage|p2a: Heracross|252\/302|[from] item: Rocky Helmet|[of] p1a: Slowbro
|switch|p1a: Volcarona|Volcarona, F|373\/373
|
|turn|25
|
|switch|p2a: Gligar|Gligar, F, shiny|331\/331
|move|p1a: Volcarona|Quiver Dance|p1a: Volcarona
|-boost|p1a: Volcarona|spa|1
|-boost|p1a: Volcarona|spd|1
|-boost|p1a: Volcarona|spe|1
|
|turn|26
|
|move|p1a: Volcarona|Quiver Dance|p1a: Volcarona
|-boost|p1a: Volcarona|spa|1
|-boost|p1a: Volcarona|spd|1
|-boost|p1a: Volcarona|spe|1
|move|p2a: Gligar|Stealth Rock|p1a: Volcarona
|-sidestart|p1: the singularity|move: Stealth Rock
|
|turn|27
|
|move|p1a: Volcarona|Fiery Dance|p2a: Gligar
|-damage|p2a: Gligar|81\/331
|-boost|p1a: Volcarona|spa|1
|move|p2a: Gligar|U-turn|p1a: Volcarona
|-resisted|p1a: Volcarona
|-damage|p1a: Volcarona|349\/373
|-status|p2a: Gligar|brn
|
|switch|p2a: Heracross|Heracross, M|252\/302
|
|-heal|p1a: Volcarona|372\/373|[from] item: Leftovers
|turn|28
|-message|Shaneee forfeited.
|
|move|p1a: Volcarona|Fiery Dance|p2a: Heracross
|-supereffective|p2a: Heracross
|-damage|p2a: Heracross|0 fnt
|-boost|p1a: Volcarona|spa|1
|faint|p2a: Heracross
|
|-heal|p1a: Volcarona|373\/373|[from] item: Leftovers
|leave|Shaneee
|
|win|the singularity
|raw|Ladder updating...
|chat|the singularity|gg I think
|player|p2
|raw|the singularity's rating: 1551 &rarr; <strong>1570<\/strong><br \/>(+19 for winning)
|raw|Shaneee's rating: 1537 &rarr; <strong>1518<\/strong><br \/>(-19 for losing)