|join|Shaneee
|join|Vaporeon for Ubers
|player|p1|Shaneee|47
|player|p2|Vaporeon for Ubers|168
|gametype|singles
|gen|6
|tier|UU
|rated
|rule|Sleep Clause Mod: Limit one foe put to sleep
|rule|Species Clause: Limit one of each PokÃ©mon
|rule|OHKO Clause: OHKO moves are banned
|rule|Moody Clause: Moody is banned
|rule|Evasion Moves Clause: Evasion moves are banned
|rule|Endless Battle Clause: Forcing endless battles is banned
|rule|HP Percentage Mod: HP is shown in percentages
|clearpoke
|poke|p1|Suicune
|poke|p1|Amoonguss, M, shiny
|poke|p1|Gligar, M, shiny
|poke|p1|Spiritomb, F
|poke|p1|Snorlax, M, shiny
|poke|p1|Arcanine, F
|poke|p2|Jirachi
|poke|p2|Yanmega, M
|poke|p2|Blastoise, M
|poke|p2|Shaymin
|poke|p2|Nidoqueen, F
|poke|p2|Mienshao, F
|rule|Swagger Clause: Swagger is banned
|rule|Baton Pass Clause: Limit one PokÃ©mon knowing Baton Pass
|teampreview
|c|âVaporeon for Ubers|gl hf
|join|Why are you so bad
|c|âShaneee|gl
|join|Madvilllany
|join|Trash Canned Kid
|join|Shellder Soup
|
|start
|switch|p1a: Lady Gaga|Amoonguss, M, shiny|432\/432
|switch|p2a: Meghan Trainor|Nidoqueen, F|383\/383
|turn|1
|join|oksks
|
|move|p2a: Meghan Trainor|Stealth Rock|p1a: Lady Gaga
|-sidestart|p1: Shaneee|move: Stealth Rock
|move|p1a: Lady Gaga|Spore|p2a: Meghan Trainor
|-status|p2a: Meghan Trainor|slp
|
|turn|2
|
|switch|p1a: Spiritomb|Spiritomb, F|304\/304
|-damage|p1a: Spiritomb|266\/304|[from] Stealth Rock
|cant|p2a: Meghan Trainor|slp
|
|-heal|p1a: Spiritomb|285\/304|[from] item: Leftovers
|turn|3
|leave|Trash Canned Kid
|
|switch|p2a: shrub.png|Shaymin|341\/341
|move|p1a: Spiritomb|Foul Play|p2a: shrub.png
|-damage|p2a: shrub.png|236\/341
|
|-heal|p1a: Spiritomb|304\/304|[from] item: Leftovers
|turn|4
|
|switch|p1a: Lady Gaga|Amoonguss, M, shiny|432\/432
|-damage|p1a: Lady Gaga|378\/432|[from] Stealth Rock
|move|p2a: shrub.png|Seed Flare|p1a: Lady Gaga
|-resisted|p1a: Lady Gaga
|-damage|p1a: Lady Gaga|326\/432
|-damage|p2a: shrub.png|202\/341|[from] item: Life Orb
|
|-heal|p1a: Lady Gaga|353\/432|[from] item: Black Sludge
|turn|5
|
|switch|p2a: >yfw \(Â°â¡Â°)\/|Jirachi|341\/341
|move|p1a: Lady Gaga|Giga Drain|p2a: >yfw \(Â°â¡Â°)\/
|-resisted|p2a: >yfw \(Â°â¡Â°)\/
|-damage|p2a: >yfw \(Â°â¡Â°)\/|305\/341
|-heal|p1a: Lady Gaga|371\/432|[from] drain|[of] p2a: >yfw \(Â°â¡Â°)\/
|
|-heal|p2a: >yfw \(Â°â¡Â°)\/|326\/341|[from] item: Leftovers
|-heal|p1a: Lady Gaga|398\/432|[from] item: Black Sludge
|turn|6
|
|switch|p1a: Ariana Grande|Gligar, M, shiny|334\/334
|-damage|p1a: Ariana Grande|293\/334|[from] Stealth Rock
|move|p2a: >yfw \(Â°â¡Â°)\/|Body Slam|p1a: Ariana Grande
|-crit|p1a: Ariana Grande
|-damage|p1a: Ariana Grande|237\/334
|
|-heal|p2a: >yfw \(Â°â¡Â°)\/|341\/341|[from] item: Leftovers
|turn|7
|join|chumped
|
|switch|p2a: diggersby tho|Blastoise, M|362\/362
|move|p1a: Ariana Grande|Defog|p2a: diggersby tho
|-unboost|p2a: diggersby tho|evasion|1
|-sideend|p1: Shaneee|Stealth Rock|[from] move: Defog|[of] p1a: Ariana Grande
|
|turn|8
|
|switch|p1a: Rob Ford|Snorlax, M, shiny|511\/511
|switch|p2a: >yfw \(Â°â¡Â°)\/|Jirachi|341\/341
|
|turn|9
|
|move|p2a: >yfw \(Â°â¡Â°)\/|Iron Head|p1a: Rob Ford
|-damage|p1a: Rob Ford|345\/511
|move|p1a: Rob Ford|Curse|p1a: Rob Ford
|-boost|p1a: Rob Ford|atk|1
|-boost|p1a: Rob Ford|def|1
|-unboost|p1a: Rob Ford|spe|1
|
|-heal|p1a: Rob Ford|376\/511|[from] item: Leftovers
|turn|10
|
|move|p2a: >yfw \(Â°â¡Â°)\/|Body Slam|p1a: Rob Ford
|-damage|p1a: Rob Ford|295\/511
|-status|p1a: Rob Ford|par
|move|p1a: Rob Ford|Body Slam|p2a: >yfw \(Â°â¡Â°)\/
|-resisted|p2a: >yfw \(Â°â¡Â°)\/
|-damage|p2a: >yfw \(Â°â¡Â°)\/|251\/341
|
|-heal|p2a: >yfw \(Â°â¡Â°)\/|272\/341|[from] item: Leftovers
|-heal|p1a: Rob Ford|326\/511 par|[from] item: Leftovers
|turn|11
|
|move|p2a: >yfw \(Â°â¡Â°)\/|Iron Head|p1a: Rob Ford
|-damage|p1a: Rob Ford|217\/511 par
|cant|p1a: Rob Ford|flinch
|
|-heal|p2a: >yfw \(Â°â¡Â°)\/|293\/341|[from] item: Leftovers
|-heal|p1a: Rob Ford|248\/511 par|[from] item: Leftovers
|turn|12
|
|move|p2a: >yfw \(Â°â¡Â°)\/|Iron Head|p1a: Rob Ford
|-damage|p1a: Rob Ford|139\/511 par
|cant|p1a: Rob Ford|par
|
|-heal|p2a: >yfw \(Â°â¡Â°)\/|314\/341|[from] item: Leftovers
|-heal|p1a: Rob Ford|170\/511 par|[from] item: Leftovers
|turn|13
|
|move|p2a: >yfw \(Â°â¡Â°)\/|Iron Head|p1a: Rob Ford
|-crit|p1a: Rob Ford
|-damage|p1a: Rob Ford|0 fnt
|faint|p1a: Rob Ford
|
|-heal|p2a: >yfw \(Â°â¡Â°)\/|335\/341|[from] item: Leftovers
|c|âVaporeon for Ubers|how good am i at this game
|
|switch|p1a: Arcanine|Arcanine, F|383\/383
|-ability|p1a: Arcanine|Intimidate|[of] p2a: >yfw \(Â°â¡Â°)\/
|-unboost|p2a: >yfw \(Â°â¡Â°)\/|atk|1
|turn|14
|c|âVaporeon for Ubers|from 2.4-pi
|
|switch|p2a: diggersby tho|Blastoise, M|362\/362
|move|p1a: Arcanine|Will-O-Wisp|p2a: diggersby tho
|-status|p2a: diggersby tho|brn
|
|-damage|p2a: diggersby tho|317\/362 brn|[from] brn
|turn|15
|c| Madvilllany|vap
|c| Madvilllany|fuck this shitter up
|join|thekidin
|c| Madvilllany|ehauuehauuhue
|
|switch|p1a: Lady Gaga|Amoonguss, M, shiny|432\/432
|detailschange|p2a: diggersby tho|Blastoise-Mega, M
|message|Blastoise has Mega Evolved into Mega Blastoise!
|move|p2a: diggersby tho|Hydro Pump|p1a: Lady Gaga
|-resisted|p1a: Lady Gaga
|-damage|p1a: Lady Gaga|337\/432
|
|-heal|p1a: Lady Gaga|364\/432|[from] item: Black Sludge
|-damage|p2a: diggersby tho|272\/362 brn|[from] brn
|turn|16
|
|switch|p2a: >yfw \(Â°â¡Â°)\/|Jirachi|335\/341
|switch|p1a: ââ¼|Suicune|404\/404
|-ability|p1a: ââ¼|Pressure
|
|-heal|p2a: >yfw \(Â°â¡Â°)\/|341\/341|[from] item: Leftovers
|turn|17
|
|switch|p2a: shrub.png|Shaymin|202\/341
|move|p1a: ââ¼|Scald|p2a: shrub.png
|-crit|p2a: shrub.png
|-resisted|p2a: shrub.png
|-damage|p2a: shrub.png|142\/341
|-status|p2a: shrub.png|brn
|
|-damage|p2a: shrub.png|100\/341 brn|[from] brn
|turn|18
|
|switch|p1a: Arcanine|Arcanine, F|383\/383
|-ability|p1a: Arcanine|Intimidate|[of] p2a: shrub.png
|-unboost|p2a: shrub.png|atk|1
|move|p2a: shrub.png|Rest|p2a: shrub.png
|-status|p2a: shrub.png|slp
|-heal|p2a: shrub.png|341\/341 slp|[silent]
|-status|p2a: shrub.png|slp|[from] move: Rest
|
|turn|19
|
|switch|p2a: Meghan Trainor|Nidoqueen, F|383\/383 slp
|move|p1a: Arcanine|Flare Blitz|p2a: Meghan Trainor
|-damage|p2a: Meghan Trainor|259\/383 slp
|-damage|p1a: Arcanine|342\/383|[from] recoil|[of] p2a: Meghan Trainor
|
|-heal|p1a: Arcanine|365\/383|[from] item: Leftovers
|-heal|p2a: Meghan Trainor|282\/383 slp|[from] item: Black Sludge
|turn|20
|join|Oras Snickers
|c| Oras Snickers|VAPO FOR UU
|
|switch|p1a: ââ¼|Suicune|404\/404
|-ability|p1a: ââ¼|Pressure
|cant|p2a: Meghan Trainor|slp
|
|-heal|p2a: Meghan Trainor|305\/383 slp|[from] item: Black Sludge
|turn|21
|
|switch|p2a: shrub.png|Shaymin|341\/341
|move|p1a: ââ¼|Calm Mind|p1a: ââ¼
|-boost|p1a: ââ¼|spa|1
|-boost|p1a: ââ¼|spd|1
|
|turn|22
|
|move|p2a: shrub.png|Seed Flare|p1a: ââ¼
|-supereffective|p1a: ââ¼
|-damage|p1a: ââ¼|128\/404
|-damage|p2a: shrub.png|307\/341|[from] item: Life Orb
|move|p1a: ââ¼|Scald|p2a: shrub.png
|-resisted|p2a: shrub.png
|-damage|p2a: shrub.png|244\/341
|
|-heal|p1a: ââ¼|153\/404|[from] item: Leftovers
|turn|23
|
|switch|p1a: Lady Gaga|Amoonguss, M, shiny|432\/432
|move|p2a: shrub.png|Seed Flare|p1a: Lady Gaga
|-resisted|p1a: Lady Gaga
|-damage|p1a: Lady Gaga|377\/432
|-damage|p2a: shrub.png|210\/341|[from] item: Life Orb
|
|-heal|p1a: Lady Gaga|404\/432|[from] item: Black Sludge
|turn|24
|
|switch|p2a: >yfw \(Â°â¡Â°)\/|Jirachi|341\/341
|move|p1a: Lady Gaga|Sludge Bomb|p2a: >yfw \(Â°â¡Â°)\/
|-immune|p2a: >yfw \(Â°â¡Â°)\/|[msg]
|
|-heal|p1a: Lady Gaga|431\/432|[from] item: Black Sludge
|turn|25
|
|switch|p1a: Arcanine|Arcanine, F|365\/383
|-ability|p1a: Arcanine|Intimidate|[of] p2a: >yfw \(Â°â¡Â°)\/
|-unboost|p2a: >yfw \(Â°â¡Â°)\/|atk|1
|move|p2a: >yfw \(Â°â¡Â°)\/|Substitute|p2a: >yfw \(Â°â¡Â°)\/
|-start|p2a: >yfw \(Â°â¡Â°)\/|Substitute
|-damage|p2a: >yfw \(Â°â¡Â°)\/|256\/341
|
|-heal|p2a: >yfw \(Â°â¡Â°)\/|277\/341|[from] item: Leftovers
|-heal|p1a: Arcanine|383\/383|[from] item: Leftovers
|turn|26
|join|Henry
|join|Trash Canned Kid
|
|move|p2a: >yfw \(Â°â¡Â°)\/|Body Slam|p1a: Arcanine
|-damage|p1a: Arcanine|331\/383
|-status|p1a: Arcanine|par
|cant|p1a: Arcanine|par
|
|-heal|p2a: >yfw \(Â°â¡Â°)\/|298\/341|[from] item: Leftovers
|-heal|p1a: Arcanine|354\/383 par|[from] item: Leftovers
|turn|27
|join|TOTEMOâªâ«
|
|move|p2a: >yfw \(Â°â¡Â°)\/|Iron Head|p1a: Arcanine
|-resisted|p1a: Arcanine
|-damage|p1a: Arcanine|321\/383 par
|cant|p1a: Arcanine|flinch
|
|-heal|p2a: >yfw \(Â°â¡Â°)\/|319\/341|[from] item: Leftovers
|-heal|p1a: Arcanine|344\/383 par|[from] item: Leftovers
|turn|28
|join|z0mOG
|
|move|p2a: >yfw \(Â°â¡Â°)\/|Body Slam|p1a: Arcanine
|-damage|p1a: Arcanine|299\/383 par
|move|p1a: Arcanine|Flare Blitz|p2a: >yfw \(Â°â¡Â°)\/
|-supereffective|p2a: >yfw \(Â°â¡Â°)\/
|-end|p2a: >yfw \(Â°â¡Â°)\/|Substitute
|-damage|p1a: Arcanine|271\/383 par|[from] recoil|[of] p2a: >yfw \(Â°â¡Â°)\/
|
|-heal|p2a: >yfw \(Â°â¡Â°)\/|340\/341|[from] item: Leftovers
|-heal|p1a: Arcanine|294\/383 par|[from] item: Leftovers
|turn|29
|
|switch|p2a: diggersby tho|Blastoise-Mega, M|272\/362 brn
|move|p1a: Arcanine|Flare Blitz|p2a: diggersby tho
|-resisted|p2a: diggersby tho
|-damage|p2a: diggersby tho|211\/362 brn
|-damage|p1a: Arcanine|274\/383 par|[from] recoil|[of] p2a: diggersby tho
|
|-heal|p1a: Arcanine|297\/383 par|[from] item: Leftovers
|-damage|p2a: diggersby tho|166\/362 brn|[from] brn
|turn|30
|c| Why are you so bad|idk
|c| Why are you so bad|why you didnt just
|
|switch|p2a: Meghan Trainor|Nidoqueen, F|305\/383 slp
|switch|p1a: Lady Gaga|Amoonguss, M, shiny|432\/432
|
|-heal|p2a: Meghan Trainor|328\/383 slp|[from] item: Black Sludge
|turn|31
|c| Why are you so bad|keep iron heading
|
|-curestatus|p2a: Meghan Trainor|slp
|move|p2a: Meghan Trainor|Stealth Rock|p1a: Lady Gaga
|-sidestart|p1: Shaneee|move: Stealth Rock
|move|p1a: Lady Gaga|Giga Drain|p2a: Meghan Trainor
|-damage|p2a: Meghan Trainor|237\/383
|
|-heal|p2a: Meghan Trainor|260\/383|[from] item: Black Sludge
|turn|32
|
|switch|p2a: diggersby tho|Blastoise-Mega, M|166\/362 brn
|move|p1a: Lady Gaga|Giga Drain|p2a: diggersby tho
|-supereffective|p2a: diggersby tho
|-damage|p2a: diggersby tho|26\/362 brn
|
|-damage|p2a: diggersby tho|0 fnt|[from] brn
|faint|p2a: diggersby tho
|
|switch|p2a: >yfw \(Â°â¡Â°)\/|Jirachi|340\/341
|turn|33
|
|switch|p2a: shrub.png|Shaymin|210\/341
|switch|p1a: Ariana Grande|Gligar, M, shiny|237\/334
|-damage|p1a: Ariana Grande|196\/334|[from] Stealth Rock
|
|turn|34
|
|switch|p1a: Lady Gaga|Amoonguss, M, shiny|432\/432
|-damage|p1a: Lady Gaga|378\/432|[from] Stealth Rock
|move|p2a: shrub.png|Seed Flare|p1a: Lady Gaga
|-resisted|p1a: Lady Gaga
|-damage|p1a: Lady Gaga|326\/432
|-damage|p2a: shrub.png|176\/341|[from] item: Life Orb
|
|-heal|p1a: Lady Gaga|353\/432|[from] item: Black Sludge
|turn|35
|
|switch|p2a: Meghan Trainor|Nidoqueen, F|260\/383
|move|p1a: Lady Gaga|Spore|p2a: Meghan Trainor
|-status|p2a: Meghan Trainor|slp
|
|-heal|p2a: Meghan Trainor|283\/383 slp|[from] item: Black Sludge
|-heal|p1a: Lady Gaga|380\/432|[from] item: Black Sludge
|turn|36
|
|switch|p2a: >yfw \(Â°â¡Â°)\/|Jirachi|340\/341
|switch|p1a: Spiritomb|Spiritomb, F|304\/304
|-damage|p1a: Spiritomb|266\/304|[from] Stealth Rock
|
|-heal|p2a: >yfw \(Â°â¡Â°)\/|341\/341|[from] item: Leftovers
|-heal|p1a: Spiritomb|285\/304|[from] item: Leftovers
|turn|37
|c| Oras Snickers|vapo whats this or
|c| Oras Snickers|*For
|c| LT8F z0m|ladder
|
|switch|p2a: shrub.png|Shaymin|176\/341
|move|p1a: Spiritomb|Foul Play|p2a: shrub.png
|-damage|p2a: shrub.png|76\/341
|
|-heal|p1a: Spiritomb|304\/304|[from] item: Leftovers
|turn|38
|
|move|p1a: Spiritomb|Sucker Punch|p2a: shrub.png
|-fail|p2a: shrub.png
|move|p2a: shrub.png|Rest|p2a: shrub.png
|-status|p2a: shrub.png|slp
|-heal|p2a: shrub.png|341\/341 slp|[silent]
|-status|p2a: shrub.png|slp|[from] move: Rest
|
|turn|39
|join|yuy
|
|switch|p2a: weasel'ed what els|Mienshao, F|271\/271
|move|p1a: Spiritomb|Foul Play|p2a: weasel'ed what els
|-resisted|p2a: weasel'ed what els
|-damage|p2a: weasel'ed what els|154\/271
|
|turn|40
|
|move|p2a: weasel'ed what els|U-turn|p1a: Spiritomb
|-damage|p1a: Spiritomb|248\/304
|
|switch|p2a: shrub.png|Shaymin|341\/341
|move|p1a: Spiritomb|Will-O-Wisp|p2a: shrub.png|[miss]
|-miss|p1a: Spiritomb|p2a: shrub.png
|
|-heal|p1a: Spiritomb|267\/304|[from] item: Leftovers
|turn|41
|
|switch|p1a: Lady Gaga|Amoonguss, M, shiny|432\/432
|-damage|p1a: Lady Gaga|378\/432|[from] Stealth Rock
|move|p2a: shrub.png|Seed Flare|p1a: Lady Gaga
|-resisted|p1a: Lady Gaga
|-damage|p1a: Lady Gaga|325\/432
|-unboost|p1a: Lady Gaga|spd|2
|-damage|p2a: shrub.png|307\/341|[from] item: Life Orb
|
|-heal|p1a: Lady Gaga|352\/432|[from] item: Black Sludge
|turn|42
|
|switch|p1a: Ariana Grande|Gligar, M, shiny|196\/334
|-damage|p1a: Ariana Grande|155\/334|[from] Stealth Rock
|move|p2a: shrub.png|Psychic|p1a: Ariana Grande
|-damage|p1a: Ariana Grande|37\/334
|-damage|p2a: shrub.png|273\/341|[from] item: Life Orb
|
|turn|43
|
|move|p2a: shrub.png|Psychic|p1a: Ariana Grande
|-damage|p1a: Ariana Grande|0 fnt
|-damage|p2a: shrub.png|239\/341|[from] item: Life Orb
|faint|p1a: Ariana Grande
|
|
|switch|p1a: Lady Gaga|Amoonguss, M, shiny|432\/432
|-damage|p1a: Lady Gaga|378\/432|[from] Stealth Rock
|turn|44
|
|switch|p2a: >yfw \(Â°â¡Â°)\/|Jirachi|341\/341
|move|p1a: Lady Gaga|Sludge Bomb|p2a: >yfw \(Â°â¡Â°)\/
|-immune|p2a: >yfw \(Â°â¡Â°)\/|[msg]
|
|-heal|p1a: Lady Gaga|405\/432|[from] item: Black Sludge
|turn|45
|c| Why are you so bad|best sub up
|
|switch|p2a: ru srs|Yanmega, M|313\/313
|switch|p1a: Arcanine|Arcanine, F|297\/383 par
|-damage|p1a: Arcanine|202\/383 par|[from] Stealth Rock
|-ability|p1a: Arcanine|Intimidate|[of] p2a: ru srs
|-unboost|p2a: ru srs|atk|1
|
|-heal|p1a: Arcanine|225\/383 par|[from] item: Leftovers
|turn|46
|c| Trash Canned Kid|ru srs
|c| Trash Canned Kid|lmao...
|
|move|p2a: ru srs|Ancient Power|p1a: Arcanine
|-supereffective|p1a: Arcanine
|-damage|p1a: Arcanine|7\/383 par
|-damage|p2a: ru srs|282\/313|[from] item: Life Orb
|move|p1a: Arcanine|Flare Blitz|p2a: ru srs
|-crit|p2a: ru srs
|-supereffective|p2a: ru srs
|-damage|p2a: ru srs|0 fnt
|-damage|p1a: Arcanine|0 fnt|[from] recoil|[of] p2a: ru srs
|faint|p2a: ru srs
|faint|p1a: Arcanine
|
|c| Why are you so bad|>getting this outplayed
|c| Why are you so bad|smh
|c| Why are you so bad|smh
|
|switch|p2a: weasel'ed what els|Mienshao, F|154\/271
|switch|p1a: Lady Gaga|Amoonguss, M, shiny|432\/432
|-damage|p1a: Lady Gaga|378\/432|[from] Stealth Rock
|turn|47
|
|move|p2a: weasel'ed what els|Knock Off|p1a: Lady Gaga
|-damage|p1a: Lady Gaga|255\/432
|-enditem|p1a: Lady Gaga|Black Sludge|[from] move: Knock Off|[of] p2a: weasel'ed what els
|move|p1a: Lady Gaga|Sludge Bomb|p2a: weasel'ed what els
|-damage|p2a: weasel'ed what els|22\/271
|
|turn|48
|
|move|p2a: weasel'ed what els|Knock Off|p1a: Lady Gaga
|-crit|p1a: Lady Gaga
|-damage|p1a: Lady Gaga|127\/432
|move|p1a: Lady Gaga|Giga Drain|p2a: weasel'ed what els
|-crit|p2a: weasel'ed what els
|-damage|p2a: weasel'ed what els|0 fnt
|-heal|p1a: Lady Gaga|138\/432|[from] drain|[of] p2a: weasel'ed what els
|faint|p2a: weasel'ed what els
|
|
|switch|p2a: shrub.png|Shaymin|239\/341
|turn|49
|
|switch|p1a: ââ¼|Suicune|153\/404
|-damage|p1a: ââ¼|103\/404|[from] Stealth Rock
|-ability|p1a: ââ¼|Pressure
|move|p2a: shrub.png|Seed Flare|p1a: ââ¼
|-supereffective|p1a: ââ¼
|-damage|p1a: ââ¼|0 fnt
|-damage|p2a: shrub.png|205\/341|[from] item: Life Orb
|faint|p1a: ââ¼
|
|
|switch|p1a: Lady Gaga|Amoonguss, M, shiny|282\/432
|-damage|p1a: Lady Gaga|228\/432|[from] Stealth Rock
|turn|50
|
|switch|p2a: >yfw \(Â°â¡Â°)\/|Jirachi|341\/341
|move|p1a: Lady Gaga|Sludge Bomb|p2a: >yfw \(Â°â¡Â°)\/
|-immune|p2a: >yfw \(Â°â¡Â°)\/|[msg]
|
|turn|51
|
|switch|p1a: Spiritomb|Spiritomb, F|267\/304
|-damage|p1a: Spiritomb|229\/304|[from] Stealth Rock
|move|p2a: >yfw \(Â°â¡Â°)\/|Iron Head|p1a: Spiritomb
|-damage|p1a: Spiritomb|151\/304
|
|-heal|p1a: Spiritomb|170\/304|[from] item: Leftovers
|turn|52
|
|move|p2a: >yfw \(Â°â¡Â°)\/|Iron Head|p1a: Spiritomb
|-damage|p1a: Spiritomb|82\/304
|move|p1a: Spiritomb|Foul Play|p2a: >yfw \(Â°â¡Â°)\/
|-supereffective|p2a: >yfw \(Â°â¡Â°)\/
|-damage|p2a: >yfw \(Â°â¡Â°)\/|51\/341
|
|-heal|p2a: >yfw \(Â°â¡Â°)\/|72\/341|[from] item: Leftovers
|-heal|p1a: Spiritomb|101\/304|[from] item: Leftovers
|turn|53
|
|switch|p2a: shrub.png|Shaymin|205\/341
|move|p1a: Spiritomb|Foul Play|p2a: shrub.png
|-damage|p2a: shrub.png|100\/341
|
|-heal|p1a: Spiritomb|120\/304|[from] item: Leftovers
|turn|54
|
|move|p2a: shrub.png|Earth Power|p1a: Spiritomb
|-damage|p1a: Spiritomb|4\/304
|-damage|p2a: shrub.png|66\/341|[from] item: Life Orb
|move|p1a: Spiritomb|Pain Split|p2a: shrub.png
|-sethp|p2a: shrub.png|35\/341|p1a: Spiritomb|35\/304|[from] move: Pain Split
|
|-heal|p1a: Spiritomb|54\/304|[from] item: Leftovers
|turn|55
|
|move|p1a: Spiritomb|Sucker Punch|p2a: shrub.png
|-fail|p2a: shrub.png
|move|p2a: shrub.png|Rest|p2a: shrub.png
|-status|p2a: shrub.png|slp
|-heal|p2a: shrub.png|341\/341 slp|[silent]
|-status|p2a: shrub.png|slp|[from] move: Rest
|
|-heal|p1a: Spiritomb|73\/304|[from] item: Leftovers
|turn|56
|join|KidGotOwned
|
|switch|p2a: Meghan Trainor|Nidoqueen, F|283\/383 slp
|move|p1a: Spiritomb|Foul Play|p2a: Meghan Trainor
|-crit|p2a: Meghan Trainor
|-damage|p2a: Meghan Trainor|177\/383 slp
|
|-heal|p2a: Meghan Trainor|200\/383 slp|[from] item: Black Sludge
|-heal|p1a: Spiritomb|92\/304|[from] item: Leftovers
|turn|57
|
|switch|p2a: shrub.png|Shaymin|341\/341
|switch|p1a: Lady Gaga|Amoonguss, M, shiny|372\/432
|-damage|p1a: Lady Gaga|318\/432|[from] Stealth Rock
|
|turn|58
|
|move|p2a: shrub.png|Psychic|p1a: Lady Gaga
|-supereffective|p1a: Lady Gaga
|-damage|p1a: Lady Gaga|102\/432
|-unboost|p1a: Lady Gaga|spd|1
|-damage|p2a: shrub.png|307\/341|[from] item: Life Orb
|move|p1a: Lady Gaga|Sludge Bomb|p2a: shrub.png
|-supereffective|p2a: shrub.png
|-damage|p2a: shrub.png|121\/341
|-status|p2a: shrub.png|psn
|
|-damage|p2a: shrub.png|79\/341 psn|[from] psn
|turn|59
|
|switch|p1a: Spiritomb|Spiritomb, F|92\/304
|-damage|p1a: Spiritomb|54\/304|[from] Stealth Rock
|move|p2a: shrub.png|Earth Power|p1a: Spiritomb
|-damage|p1a: Spiritomb|0 fnt
|-damage|p2a: shrub.png|45\/341 psn|[from] item: Life Orb
|faint|p1a: Spiritomb
|
|-damage|p2a: shrub.png|3\/341 psn|[from] psn
|
|switch|p1a: Lady Gaga|Amoonguss, M, shiny|246\/432
|-damage|p1a: Lady Gaga|192\/432|[from] Stealth Rock
|turn|60
|
|move|p2a: shrub.png|Psychic|p1a: Lady Gaga
|-supereffective|p1a: Lady Gaga
|-damage|p1a: Lady Gaga|0 fnt
|-damage|p2a: shrub.png|0 fnt|[from] item: Life Orb
|faint|p1a: Lady Gaga
|faint|p2a: shrub.png
|
|win|Vaporeon for Ubers
|raw|Ladder updating...
|join|Shokocake Tanja
|c|âVaporeon for Ubers|gg
|c|âShaneee|gg
|raw|Shaneee's rating: 1648 &rarr; <strong>1628<\/strong><br \/>(-20 for losing)
|raw|Vaporeon for Ubers's rating: 1648 &rarr; <strong>1668<\/strong><br \/>(+20 for winning)