|join|Shaneee
|join|Chillicorn
|player|p1|Shaneee|83
|player|p2|Chillicorn|265
|gametype|singles
|gen|6
|tier|UU
|rated
|rule|Sleep Clause Mod: Limit one foe put to sleep
|rule|Species Clause: Limit one of each PokÃ©mon
|rule|OHKO Clause: OHKO moves are banned
|rule|Moody Clause: Moody is banned
|rule|Evasion Moves Clause: Evasion moves are banned
|rule|Endless Battle Clause: Forcing endless battles is banned
|rule|HP Percentage Mod: HP is reported as percentages
|clearpoke
|poke|p1|Snorlax, M, shiny
|poke|p1|Slowbro, M, shiny
|poke|p1|Gligar, F, shiny
|poke|p1|Darmanitan, M
|poke|p1|Florges, F
|poke|p1|Heracross, F
|poke|p2|Kabutops, F
|poke|p2|Tornadus, M
|poke|p2|Kingdra, M
|poke|p2|Goodra, M
|poke|p2|Aromatisse, F
|poke|p2|Toxicroak, M
|rule|Swagger Clause: Swagger is banned
|rule|Baton Pass Clause: Limit one PokÃ©mon knowing Baton Pass
|teampreview
|chat|Chillicorn|oh man I didn't want to choose this team
|chat|Chillicorn|I'll give it my best though
|
|start
|switch|p1a: Darmanitan|Darmanitan, M|351\/351
|switch|p2a: True bulk|Tornadus, M|362\/362
|turn|1
|chat|Shaneee|gl
|
|switch|p1a: Gligar|Gligar, F, shiny|334\/334
|move|p2a: True bulk|Rain Dance|p2a: True bulk
|-weather|RainDance
|
|-weather|RainDance|[upkeep]
|turn|2
|
|move|p2a: True bulk|U-turn|p1a: Gligar
|-resisted|p1a: Gligar
|-damage|p1a: Gligar|318\/334
|
|switch|p2a: King dishonour|Kingdra, M|291\/291
|move|p1a: Gligar|Stealth Rock|p2a: King dishonour
|-sidestart|p2: Chillicorn|move: Stealth Rock
|
|-weather|RainDance|[upkeep]
|turn|3
|
|switch|p1a: Florges|Florges, F|359\/359
|move|p2a: King dishonour|Hydro Pump|p1a: Florges
|-damage|p1a: Florges|176\/359
|-damage|p2a: King dishonour|262\/291|[from] item: Life Orb
|
|-weather|RainDance|[upkeep]
|-heal|p1a: Florges|198\/359|[from] item: Leftovers
|turn|4
|
|switch|p2a: Anti Spiral|Kabutops, F|261\/261
|-damage|p2a: Anti Spiral|229\/261|[from] Stealth Rock
|move|p1a: Florges|Protect|p1a: Florges
|-fail|p1a: Florges
|
|-weather|RainDance|[upkeep]
|-heal|p1a: Florges|220\/359|[from] item: Leftovers
|turn|5
|
|switch|p1a: Slowbro|Slowbro, M, shiny|394\/394
|move|p2a: Anti Spiral|Rapid Spin|p1a: Slowbro
|-damage|p1a: Slowbro|373\/394
|-damage|p2a: Anti Spiral|186\/261|[from] item: Rocky Helmet|[of] p1a: Slowbro
|-sideend|p2: Chillicorn|Stealth Rock|[from] move: Rapid Spin|[of] p2a: Anti Spiral
|-damage|p2a: Anti Spiral|160\/261|[from] item: Life Orb
|
|-weather|RainDance|[upkeep]
|turn|6
|
|switch|p2a: Ero Dragon II|Goodra, M|384\/384
|move|p1a: Slowbro|Scald|p2a: Ero Dragon II
|-resisted|p2a: Ero Dragon II
|-damage|p2a: Ero Dragon II|357\/384
|
|-weather|RainDance|[upkeep]
|turn|7
|
|move|p2a: Ero Dragon II|Power Whip|p1a: Slowbro
|-supereffective|p1a: Slowbro
|-damage|p1a: Slowbro|249\/394
|-damage|p2a: Ero Dragon II|293\/384|[from] item: Rocky Helmet|[of] p1a: Slowbro
|move|p1a: Slowbro|Scald|p2a: Ero Dragon II
|-resisted|p2a: Ero Dragon II
|-damage|p2a: Ero Dragon II|268\/384
|-status|p2a: Ero Dragon II|brn
|
|-weather|RainDance|[upkeep]
|-damage|p2a: Ero Dragon II|220\/384 brn|[from] brn
|turn|8
|
|switch|p2a: Toxicroak|Toxicroak, M|307\/307
|move|p1a: Slowbro|Slack Off|p1a: Slowbro
|-heal|p1a: Slowbro|394\/394
|
|-weather|none
|turn|9
|
|move|p2a: Toxicroak|Swords Dance|p2a: Toxicroak
|-boost|p2a: Toxicroak|atk|2
|move|p1a: Slowbro|Psyshock|p2a: Toxicroak
|-supereffective|p2a: Toxicroak
|-damage|p2a: Toxicroak|0 fnt
|faint|p2a: Toxicroak
|
|chat|Chillicorn|oh
|
|switch|p2a: True bulk|Tornadus, M|362\/362
|turn|10
|
|move|p2a: True bulk|Rain Dance|p2a: True bulk
|-weather|RainDance
|move|p1a: Slowbro|Scald|p2a: True bulk
|-damage|p2a: True bulk|191\/362
|
|-weather|RainDance|[upkeep]
|turn|11
|
|move|p2a: True bulk|U-turn|p1a: Slowbro
|-supereffective|p1a: Slowbro
|-damage|p1a: Slowbro|306\/394
|-damage|p2a: True bulk|131\/362|[from] item: Rocky Helmet|[of] p1a: Slowbro
|
|switch|p2a: King dishonour|Kingdra, M|262\/291
|move|p1a: Slowbro|Psyshock|p2a: King dishonour
|-damage|p2a: King dishonour|171\/291
|
|-weather|RainDance|[upkeep]
|turn|12
|
|switch|p1a: Snorlax|Snorlax, M, shiny|524\/524
|move|p2a: King dishonour|Draco Meteor|p1a: Snorlax
|-damage|p1a: Snorlax|352\/524
|-unboost|p2a: King dishonour|spa|2
|-damage|p2a: King dishonour|142\/291|[from] item: Life Orb
|
|-weather|RainDance|[upkeep]
|-heal|p1a: Snorlax|384\/524|[from] item: Leftovers
|turn|13
|
|switch|p1a: Slowbro|Slowbro, M, shiny|394\/394
|move|p2a: King dishonour|Octazooka|p1a: Slowbro
|-resisted|p1a: Slowbro
|-damage|p1a: Slowbro|332\/394
|-unboost|p1a: Slowbro|accuracy|1
|-damage|p2a: King dishonour|113\/291|[from] item: Life Orb
|
|-weather|RainDance|[upkeep]
|turn|14
|
|switch|p2a: it's a plague doc|Aromatisse, F|406\/406
|move|p1a: Slowbro|Psyshock|p2a: it's a plague doc
|-damage|p2a: it's a plague doc|327\/406
|
|-weather|RainDance|[upkeep]
|turn|15
|
|switch|p1a: Florges|Florges, F|220\/359
|move|p2a: it's a plague doc|Wish|p2a: it's a plague doc
|
|-weather|RainDance|[upkeep]
|-heal|p1a: Florges|242\/359|[from] item: Leftovers
|turn|16
|
|switch|p2a: Anti Spiral|Kabutops, F|160\/261
|move|p1a: Florges|Moonblast|p2a: Anti Spiral
|-damage|p2a: Anti Spiral|4\/261
|
|-weather|RainDance|[upkeep]
|-heal|p2a: Anti Spiral|207\/261|[from] move: Wish|[wisher] it's a plague doc
|-heal|p1a: Florges|264\/359|[from] item: Leftovers
|turn|17
|
|switch|p1a: Slowbro|Slowbro, M, shiny|394\/394
|move|p2a: Anti Spiral|Waterfall|p1a: Slowbro
|-resisted|p1a: Slowbro
|-damage|p1a: Slowbro|300\/394
|-damage|p2a: Anti Spiral|164\/261|[from] item: Rocky Helmet|[of] p1a: Slowbro
|-damage|p2a: Anti Spiral|138\/261|[from] item: Life Orb
|
|-weather|none
|turn|18
|
|switch|p2a: True bulk|Tornadus, M|131\/362
|move|p1a: Slowbro|Toxic|p2a: True bulk|[miss]
|-miss|p1a: Slowbro|p2a: True bulk
|
|turn|19
|
|switch|p1a: Gligar|Gligar, F, shiny|318\/334
|move|p2a: True bulk|Rain Dance|p2a: True bulk
|-weather|RainDance
|
|-weather|RainDance|[upkeep]
|turn|20
|
|move|p2a: True bulk|Taunt|p1a: Gligar
|-start|p1a: Gligar|move: Taunt
|cant|p1a: Gligar|move: Taunt|Stealth Rock
|
|-weather|RainDance|[upkeep]
|turn|21
|
|move|p2a: True bulk|Hurricane|p1a: Gligar
|-damage|p1a: Gligar|164\/334
|-start|p1a: Gligar|confusion
|-activate|p1a: Gligar|confusion
|move|p1a: Gligar|U-turn|p2a: True bulk
|-resisted|p2a: True bulk
|-damage|p2a: True bulk|113\/362
|
|switch|p1a: Heracross|Heracross, F|302\/302
|
|-weather|RainDance|[upkeep]
|turn|22
|
|move|p1a: Heracross|Close Combat|p2a: True bulk
|-resisted|p2a: True bulk
|-damage|p2a: True bulk|13\/362
|-unboost|p1a: Heracross|def|1
|-unboost|p1a: Heracross|spd|1
|move|p2a: True bulk|Hurricane|p1a: Heracross
|-supereffective|p1a: Heracross
|-damage|p1a: Heracross|0 fnt
|faint|p1a: Heracross
|
|-weather|RainDance|[upkeep]
|
|switch|p1a: Slowbro|Slowbro, M, shiny|394\/394
|turn|23
|chat|Chillicorn|true bulk indeed
|
|move|p2a: True bulk|Taunt|p1a: Slowbro
|-start|p1a: Slowbro|move: Taunt
|move|p1a: Slowbro|Psyshock|p2a: True bulk
|-damage|p2a: True bulk|0 fnt
|faint|p2a: True bulk
|
|-weather|RainDance|[upkeep]
|
|switch|p2a: Anti Spiral|Kabutops, F|138\/261
|turn|24
|
|move|p2a: Anti Spiral|Stone Edge|p1a: Slowbro
|-damage|p1a: Slowbro|237\/394
|-damage|p2a: Anti Spiral|112\/261|[from] item: Life Orb
|move|p1a: Slowbro|Scald|p2a: Anti Spiral
|-damage|p2a: Anti Spiral|0 fnt
|faint|p2a: Anti Spiral
|
|-weather|RainDance|[upkeep]
|
|switch|p2a: it's a plague doc|Aromatisse, F|327\/406
|turn|25
|
|move|p1a: Slowbro|Scald|p2a: it's a plague doc
|-damage|p2a: it's a plague doc|158\/406
|-status|p2a: it's a plague doc|brn
|move|p2a: it's a plague doc|Toxic|p1a: Slowbro
|-status|p1a: Slowbro|tox
|
|-weather|RainDance|[upkeep]
|-damage|p1a: Slowbro|213\/394 tox|[from] psn
|-damage|p2a: it's a plague doc|108\/406 brn|[from] brn
|-end|p1a: Slowbro|move: Taunt
|turn|26
|
|move|p1a: Slowbro|Psyshock|p2a: it's a plague doc
|-damage|p2a: it's a plague doc|26\/406 brn
|move|p2a: it's a plague doc|Wish|p2a: it's a plague doc
|
|-weather|none
|-damage|p1a: Slowbro|165\/394 tox|[from] psn
|-damage|p2a: it's a plague doc|0 fnt|[from] brn
|faint|p2a: it's a plague doc
|
|switch|p2a: Ero Dragon II|Goodra, M|220\/384 brn
|turn|27
|chat|Chillicorn|gg
|chat|Shaneee|ggg
|chat|Shaneee|gg
|
|switch|p1a: Gligar|Gligar, F, shiny|164\/334
|move|p2a: Ero Dragon II|Power Whip|p1a: Gligar|[miss]
|-miss|p2a: Ero Dragon II|p1a: Gligar
|
|-heal|p2a: Ero Dragon II|384\/384 brn|[from] move: Wish|[wisher] it's a plague doc
|-damage|p2a: Ero Dragon II|336\/384 brn|[from] brn
|turn|28
|
|switch|p2a: King dishonour|Kingdra, M|113\/291
|move|p1a: Gligar|Stealth Rock|p2a: King dishonour
|-sidestart|p2: Chillicorn|move: Stealth Rock
|
|turn|29
|
|move|p2a: King dishonour|Hydro Pump|p1a: Gligar
|-supereffective|p1a: Gligar
|-damage|p1a: Gligar|0 fnt
|-damage|p2a: King dishonour|84\/291|[from] item: Life Orb
|faint|p1a: Gligar
|
|
|switch|p1a: Florges|Florges, F|264\/359
|turn|30
|
|move|p2a: King dishonour|Octazooka|p1a: Florges
|-damage|p1a: Florges|193\/359
|-unboost|p1a: Florges|accuracy|1
|-damage|p2a: King dishonour|55\/291|[from] item: Life Orb
|move|p1a: Florges|Moonblast|p2a: King dishonour
|-supereffective|p2a: King dishonour
|-damage|p2a: King dishonour|0 fnt
|faint|p2a: King dishonour
|
|-heal|p1a: Florges|215\/359|[from] item: Leftovers
|
|switch|p2a: Ero Dragon II|Goodra, M|336\/384 brn
|-damage|p2a: Ero Dragon II|288\/384 brn|[from] Stealth Rock
|turn|31
|
|move|p2a: Ero Dragon II|Power Whip|p1a: Florges
|-damage|p1a: Florges|156\/359
|move|p1a: Florges|Moonblast|p2a: Ero Dragon II
|-supereffective|p2a: Ero Dragon II
|-damage|p2a: Ero Dragon II|202\/384 brn
|-unboost|p2a: Ero Dragon II|spa|1
|
|-heal|p1a: Florges|178\/359|[from] item: Leftovers
|-damage|p2a: Ero Dragon II|154\/384 brn|[from] brn
|turn|32
|
|move|p2a: Ero Dragon II|Power Whip|p1a: Florges
|-damage|p1a: Florges|122\/359
|move|p1a: Florges|Moonblast|p2a: Ero Dragon II
|-supereffective|p2a: Ero Dragon II
|-damage|p2a: Ero Dragon II|68\/384 brn
|
|-heal|p1a: Florges|144\/359|[from] item: Leftovers
|-damage|p2a: Ero Dragon II|20\/384 brn|[from] brn
|turn|33
|
|move|p2a: Ero Dragon II|Power Whip|p1a: Florges
|-damage|p1a: Florges|87\/359
|move|p1a: Florges|Moonblast|p2a: Ero Dragon II
|-supereffective|p2a: Ero Dragon II
|-damage|p2a: Ero Dragon II|0 fnt
|faint|p2a: Ero Dragon II
|
|win|Shaneee
|raw|Ladder updating...
|raw|Shaneee's rating: 1448 &rarr; <strong>1464<\/strong><br \/>(+16 for winning)
|raw|Chillicorn's rating: 1380 &rarr; <strong>1364<\/strong><br \/>(-16 for losing)
|leave|Shaneee
|player|p1