|join|Shaneee
|join|SoulFire9002
|player|p1|Shaneee|226
|player|p2|SoulFire9002|101
|gametype|singles
|gen|6
|tier|UU
|rated
|rule|Sleep Clause Mod: Limit one foe put to sleep
|rule|Species Clause: Limit one of each Pokemon
|rule|OHKO Clause: OHKO moves are banned
|rule|Moody Clause: Moody is banned
|rule|Evasion Moves Clause: Evasion moves are banned
|rule|Endless Battle Clause: Forcing endless battles is banned.
|rule|HP Percentage Mod: HP is reported as percentages
|clearpoke
|poke|p1|Darmanitan, M
|poke|p1|Snorlax, M
|poke|p1|Suicune
|poke|p1|Gligar, M
|poke|p1|Ampharos, F
|poke|p1|Mienshao, F
|poke|p2|Hippowdon, F
|poke|p2|Crobat, M
|poke|p2|Arcanine, F
|poke|p2|Chesnaught, F
|poke|p2|Manectric, F
|poke|p2|Gallade, M
|teampreview
|
|start
|switch|p1a: Suicune|Suicune|404\/404
|switch|p2a: Chesnaught|Chesnaught, F|380\/380
|-ability|p1a: Suicune|Pressure
|turn|1
|
|move|p1a: Suicune|Scald|p2a: Chesnaught
|-resisted|p2a: Chesnaught
|-damage|p2a: Chesnaught|344\/380
|-status|p2a: Chesnaught|brn
|move|p2a: Chesnaught|Spikes|p1a: Suicune
|-sidestart|p1: Shaneee|Spikes
|
|-heal|p2a: Chesnaught|367\/380 brn|[from] item: Leftovers
|-damage|p2a: Chesnaught|320\/380 brn|[from] brn
|turn|2
|
|switch|p1a: Miranda Kerr|Snorlax, M|462\/462
|-damage|p1a: Miranda Kerr|405\/462|[from] Spikes
|move|p2a: Chesnaught|Leech Seed|p1a: Miranda Kerr
|-start|p1a: Miranda Kerr|move: Leech Seed
|
|-heal|p2a: Chesnaught|343\/380 brn|[from] item: Leftovers
|-heal|p1a: Miranda Kerr|433\/462|[from] item: Leftovers
|-damage|p1a: Miranda Kerr|376\/462|[from] Leech Seed|[of] p2a: Chesnaught
|-heal|p2a: Chesnaught|380\/380 brn|[silent]
|-damage|p2a: Chesnaught|333\/380 brn|[from] brn
|turn|3
|
|move|p2a: Chesnaught|Spikes|p1a: Miranda Kerr
|-sidestart|p1: Shaneee|Spikes
|move|p1a: Miranda Kerr|Curse|p1a: Miranda Kerr
|-boost|p1a: Miranda Kerr|atk|1
|-boost|p1a: Miranda Kerr|def|1
|-unboost|p1a: Miranda Kerr|spe|1
|
|-heal|p2a: Chesnaught|356\/380 brn|[from] item: Leftovers
|-heal|p1a: Miranda Kerr|404\/462|[from] item: Leftovers
|-damage|p1a: Miranda Kerr|347\/462|[from] Leech Seed|[of] p2a: Chesnaught
|-heal|p2a: Chesnaught|380\/380 brn|[silent]
|-damage|p2a: Chesnaught|333\/380 brn|[from] brn
|turn|4
|
|move|p2a: Chesnaught|Spikes|p1a: Miranda Kerr
|-sidestart|p1: Shaneee|Spikes
|move|p1a: Miranda Kerr|Curse|p1a: Miranda Kerr
|-boost|p1a: Miranda Kerr|atk|1
|-boost|p1a: Miranda Kerr|def|1
|-unboost|p1a: Miranda Kerr|spe|1
|
|-heal|p2a: Chesnaught|356\/380 brn|[from] item: Leftovers
|-heal|p1a: Miranda Kerr|375\/462|[from] item: Leftovers
|-damage|p1a: Miranda Kerr|318\/462|[from] Leech Seed|[of] p2a: Chesnaught
|-heal|p2a: Chesnaught|380\/380 brn|[silent]
|-damage|p2a: Chesnaught|333\/380 brn|[from] brn
|turn|5
|
|switch|p2a: Hippowdon|Hippowdon, F|420\/420
|-weather|Sandstorm
|move|p1a: Miranda Kerr|Curse|p1a: Miranda Kerr
|-boost|p1a: Miranda Kerr|atk|1
|-boost|p1a: Miranda Kerr|def|1
|-unboost|p1a: Miranda Kerr|spe|1
|
|-weather|Sandstorm|[upkeep]
|-damage|p1a: Miranda Kerr|290\/462|[from] sandstorm
|-heal|p1a: Miranda Kerr|318\/462|[from] item: Leftovers
|-damage|p1a: Miranda Kerr|261\/462|[from] Leech Seed|[of] p2a: Hippowdon
|turn|6
|
|move|p1a: Miranda Kerr|Body Slam|p2a: Hippowdon
|-crit|p2a: Hippowdon
|-damage|p2a: Hippowdon|123\/420
|move|p2a: Hippowdon|Whirlwind|p1a: Miranda Kerr
|drag|p1a: Kim Kardashian|Ampharos, F|321\/321
|-damage|p1a: Kim Kardashian|241\/321|[from] Spikes
|
|-weather|Sandstorm|[upkeep]
|-damage|p1a: Kim Kardashian|221\/321|[from] sandstorm
|-heal|p2a: Hippowdon|149\/420|[from] item: Leftovers
|turn|7
|
|-formechange|p1a: Kim Kardashian|Ampharos-Mega
|message|Ampharos has Mega Evolved into Mega Ampharos!
|-ability|p1a: Kim Kardashian|Mold Breaker
|move|p1a: Kim Kardashian|Hidden Power|p2a: Hippowdon
|-supereffective|p2a: Hippowdon
|-damage|p2a: Hippowdon|0 fnt
|faint|p2a: Hippowdon
|
|-weather|Sandstorm|[upkeep]
|-damage|p1a: Kim Kardashian|201\/321|[from] sandstorm
|
|switch|p2a: Gallade|Gallade, M|340\/340
|turn|8
|
|switch|p1a: Ariana Grande|Gligar, M|334\/334
|move|p2a: Gallade|Earthquake|p1a: Ariana Grande
|-immune|p1a: Ariana Grande|[msg]
|
|-weather|Sandstorm|[upkeep]
|-damage|p2a: Gallade|319\/340|[from] sandstorm
|turn|9
|
|move|p1a: Ariana Grande|Defog|p2a: Gallade
|-unboost|p2a: Gallade|evasion|1
|-sideend|p1: Shaneee|Spikes|[from] move: Defog|[of] p1a: Ariana Grande
|move|p2a: Gallade|Ice Punch|p1a: Ariana Grande
|-supereffective|p1a: Ariana Grande
|-damage|p1a: Ariana Grande|150\/334
|
|-weather|none
|turn|10
|
|switch|p1a: Suicune|Suicune|404\/404
|-ability|p1a: Suicune|Pressure
|move|p2a: Gallade|Knock Off|p1a: Suicune
|-damage|p1a: Suicune|324\/404
|-enditem|p1a: Suicune|Leftovers|[from] move: Knock Off|[of] p2a: Gallade
|
|turn|11
|
|switch|p2a: Chesnaught|Chesnaught, F|333\/380 brn
|move|p1a: Suicune|Scald|p2a: Chesnaught
|-resisted|p2a: Chesnaught
|-damage|p2a: Chesnaught|294\/380 brn
|
|-heal|p2a: Chesnaught|317\/380 brn|[from] item: Leftovers
|-damage|p2a: Chesnaught|270\/380 brn|[from] brn
|turn|12
|
|switch|p1a: Kim Kardashian|Ampharos, F|201\/321
|-formechange|p1a: Kim Kardashian|Ampharos-Mega
|-ability|p1a: Kim Kardashian|Mold Breaker
|move|p2a: Chesnaught|Leech Seed|p1a: Kim Kardashian
|-start|p1a: Kim Kardashian|move: Leech Seed
|
|-heal|p2a: Chesnaught|293\/380 brn|[from] item: Leftovers
|-damage|p1a: Kim Kardashian|161\/321|[from] Leech Seed|[of] p2a: Chesnaught
|-heal|p2a: Chesnaught|333\/380 brn|[silent]
|-damage|p2a: Chesnaught|286\/380 brn|[from] brn
|turn|13
|
|move|p2a: Chesnaught|Spiky Shield|p2a: Chesnaught
|-singleturn|p2a: Chesnaught|move: Protect
|move|p1a: Kim Kardashian|Hidden Power|p2a: Chesnaught
|-activate|p2a: Chesnaught|move: Protect
|
|-heal|p2a: Chesnaught|309\/380 brn|[from] item: Leftovers
|-damage|p1a: Kim Kardashian|121\/321|[from] Leech Seed|[of] p2a: Chesnaught
|-heal|p2a: Chesnaught|349\/380 brn|[silent]
|-damage|p2a: Chesnaught|302\/380 brn|[from] brn
|turn|14
|
|move|p1a: Kim Kardashian|Hidden Power|p2a: Chesnaught
|-supereffective|p2a: Chesnaught
|-damage|p2a: Chesnaught|128\/380 brn
|move|p2a: Chesnaught|Spikes|p1a: Kim Kardashian
|-sidestart|p1: Shaneee|Spikes
|
|-heal|p2a: Chesnaught|151\/380 brn|[from] item: Leftovers
|-damage|p1a: Kim Kardashian|81\/321|[from] Leech Seed|[of] p2a: Chesnaught
|-heal|p2a: Chesnaught|191\/380 brn|[silent]
|-damage|p2a: Chesnaught|144\/380 brn|[from] brn
|turn|15
|
|switch|p1a: 50 CENT|Darmanitan, M|351\/351
|-damage|p1a: 50 CENT|308\/351|[from] Spikes
|move|p2a: Chesnaught|Spiky Shield|p2a: Chesnaught
|-fail|p2a: Chesnaught
|
|-heal|p2a: Chesnaught|167\/380 brn|[from] item: Leftovers
|-damage|p2a: Chesnaught|120\/380 brn|[from] brn
|turn|16
|
|switch|p2a: Arcanine|Arcanine, F|384\/384
|-ability|p2a: Arcanine|Intimidate|[of] p1a: 50 CENT
|-unboost|p1a: 50 CENT|atk|1
|move|p1a: 50 CENT|Flare Blitz|p2a: Arcanine
|-resisted|p2a: Arcanine
|-damage|p2a: Arcanine|177\/384
|-damage|p1a: 50 CENT|240\/351|[from] recoil|[of] p2a: Arcanine
|
|-heal|p2a: Arcanine|201\/384|[from] item: Leftovers
|turn|17
|
|move|p1a: 50 CENT|Flare Blitz|p2a: Arcanine
|-resisted|p2a: Arcanine
|-damage|p2a: Arcanine|4\/384
|-damage|p1a: 50 CENT|175\/351|[from] recoil|[of] p2a: Arcanine
|move|p2a: Arcanine|Morning Sun|p2a: Arcanine
|-heal|p2a: Arcanine|196\/384
|
|-heal|p2a: Arcanine|220\/384|[from] item: Leftovers
|turn|18
|
|switch|p1a: Ariana Grande|Gligar, M|150\/334
|move|p2a: Arcanine|Flamethrower|p1a: Ariana Grande
|-damage|p1a: Ariana Grande|45\/334
|
|-heal|p2a: Arcanine|244\/384|[from] item: Leftovers
|turn|19
|
|move|p2a: Arcanine|Flamethrower|p1a: Ariana Grande
|-damage|p1a: Ariana Grande|0 fnt
|faint|p1a: Ariana Grande
|
|-heal|p2a: Arcanine|268\/384|[from] item: Leftovers
|
|switch|p1a: 50 CENT|Darmanitan, M|175\/351
|-damage|p1a: 50 CENT|132\/351|[from] Spikes
|turn|20
|
|move|p1a: 50 CENT|Rock Slide|p2a: Arcanine
|-crit|p2a: Arcanine
|-supereffective|p2a: Arcanine
|-damage|p2a: Arcanine|0 fnt
|faint|p2a: Arcanine
|
|
|switch|p2a: Manectric|Manectric, F|281\/281
|turn|21
|
|-formechange|p2a: Manectric|Manectric-Mega
|message|Manectric has Mega Evolved into Mega Manectric!
|-ability|p2a: Manectric|Intimidate|[of] p1a: 50 CENT
|-unboost|p1a: 50 CENT|atk|1
|move|p2a: Manectric|Volt Switch|p1a: 50 CENT
|-damage|p1a: 50 CENT|0 fnt
|faint|p1a: 50 CENT
|
|switch|p2a: Crobat|Crobat, M|311\/311
|
|
|switch|p1a: Miranda Kerr|Snorlax, M|261\/462
|-damage|p1a: Miranda Kerr|204\/462|[from] Spikes
|turn|22
|
|move|p2a: Crobat|Nasty Plot|p2a: Crobat
|-boost|p2a: Crobat|spa|2
|move|p1a: Miranda Kerr|Body Slam|p2a: Crobat
|-damage|p2a: Crobat|158\/311
|
|-heal|p2a: Crobat|177\/311|[from] item: Black Sludge
|-heal|p1a: Miranda Kerr|232\/462|[from] item: Leftovers
|turn|23
|
|switch|p1a: Kim Kardashian|Ampharos, F|81\/321
|-formechange|p1a: Kim Kardashian|Ampharos-Mega
|-damage|p1a: Kim Kardashian|41\/321|[from] Spikes
|-ability|p1a: Kim Kardashian|Mold Breaker
|move|p2a: Crobat|Air Slash|p1a: Kim Kardashian
|-resisted|p1a: Kim Kardashian
|-damage|p1a: Kim Kardashian|0 fnt
|faint|p1a: Kim Kardashian
|
|-heal|p2a: Crobat|196\/311|[from] item: Black Sludge
|
|switch|p1a: Redfoo|Mienshao, F|271\/271
|-damage|p1a: Redfoo|238\/271|[from] Spikes
|turn|24
|
|move|p1a: Redfoo|Stone Edge|p2a: Crobat
|-supereffective|p2a: Crobat
|-damage|p2a: Crobat|0 fnt
|faint|p2a: Crobat
|
|
|switch|p2a: Chesnaught|Chesnaught, F|120\/380 brn
|turn|25
|
|switch|p1a: Miranda Kerr|Snorlax, M|232\/462
|-damage|p1a: Miranda Kerr|175\/462|[from] Spikes
|move|p2a: Chesnaught|Leech Seed|p1a: Miranda Kerr
|-start|p1a: Miranda Kerr|move: Leech Seed
|
|-heal|p2a: Chesnaught|143\/380 brn|[from] item: Leftovers
|-heal|p1a: Miranda Kerr|203\/462|[from] item: Leftovers
|-damage|p1a: Miranda Kerr|146\/462|[from] Leech Seed|[of] p2a: Chesnaught
|-heal|p2a: Chesnaught|200\/380 brn|[silent]
|-damage|p2a: Chesnaught|153\/380 brn|[from] brn
|turn|26
|
|move|p2a: Chesnaught|Spikes|p1a: Miranda Kerr
|-sidestart|p1: Shaneee|Spikes
|move|p1a: Miranda Kerr|Rest|p1a: Miranda Kerr
|-status|p1a: Miranda Kerr|slp
|-heal|p1a: Miranda Kerr|462\/462 slp|[silent]
|-status|p1a: Miranda Kerr|slp|[from] move: Rest
|
|-heal|p2a: Chesnaught|176\/380 brn|[from] item: Leftovers
|-damage|p1a: Miranda Kerr|405\/462 slp|[from] Leech Seed|[of] p2a: Chesnaught
|-heal|p2a: Chesnaught|233\/380 brn|[silent]
|-damage|p2a: Chesnaught|186\/380 brn|[from] brn
|turn|27
|
|move|p2a: Chesnaught|Spikes|p1a: Miranda Kerr
|-sidestart|p1: Shaneee|Spikes
|cant|p1a: Miranda Kerr|slp
|move|p1a: Miranda Kerr|Sleep Talk|p1a: Miranda Kerr
|move|p1a: Miranda Kerr|Body Slam|p2a: Chesnaught|[from]Sleep Talk
|-crit|p2a: Chesnaught
|-damage|p2a: Chesnaught|15\/380 brn
|
|-heal|p2a: Chesnaught|38\/380 brn|[from] item: Leftovers
|-heal|p1a: Miranda Kerr|433\/462 slp|[from] item: Leftovers
|-damage|p1a: Miranda Kerr|376\/462 slp|[from] Leech Seed|[of] p2a: Chesnaught
|-heal|p2a: Chesnaught|95\/380 brn|[silent]
|-damage|p2a: Chesnaught|48\/380 brn|[from] brn
|turn|28
|
|move|p2a: Chesnaught|Spiky Shield|p2a: Chesnaught
|-singleturn|p2a: Chesnaught|move: Protect
|cant|p1a: Miranda Kerr|slp
|move|p1a: Miranda Kerr|Sleep Talk|p1a: Miranda Kerr
|move|p1a: Miranda Kerr|Rest|p1a: Miranda Kerr|[from]Sleep Talk
|-fail|p1a: Miranda Kerr
|
|-heal|p2a: Chesnaught|71\/380 brn|[from] item: Leftovers
|-heal|p1a: Miranda Kerr|404\/462 slp|[from] item: Leftovers
|-damage|p1a: Miranda Kerr|347\/462 slp|[from] Leech Seed|[of] p2a: Chesnaught
|-heal|p2a: Chesnaught|128\/380 brn|[silent]
|-damage|p2a: Chesnaught|81\/380 brn|[from] brn
|turn|29
|
|switch|p2a: Manectric|Manectric, F|281\/281
|-formechange|p2a: Manectric|Manectric-Mega
|-ability|p2a: Manectric|Intimidate|[of] p1a: Miranda Kerr
|-unboost|p1a: Miranda Kerr|atk|1
|-curestatus|p1a: Miranda Kerr|slp
|move|p1a: Miranda Kerr|Body Slam|p2a: Manectric
|-damage|p2a: Manectric|173\/281
|
|-heal|p1a: Miranda Kerr|375\/462|[from] item: Leftovers
|-damage|p1a: Miranda Kerr|318\/462|[from] Leech Seed|[of] p2a: Manectric
|-heal|p2a: Manectric|230\/281|[silent]
|turn|30
|
|move|p2a: Manectric|Thunderbolt|p1a: Miranda Kerr
|-damage|p1a: Miranda Kerr|200\/462
|move|p1a: Miranda Kerr|Body Slam|p2a: Manectric
|-damage|p2a: Manectric|127\/281
|
|-heal|p1a: Miranda Kerr|228\/462|[from] item: Leftovers
|-damage|p1a: Miranda Kerr|171\/462|[from] Leech Seed|[of] p2a: Manectric
|-heal|p2a: Manectric|184\/281|[silent]
|turn|31
|
|move|p2a: Manectric|Thunderbolt|p1a: Miranda Kerr
|-damage|p1a: Miranda Kerr|57\/462
|move|p1a: Miranda Kerr|Body Slam|p2a: Manectric
|-damage|p2a: Manectric|67\/281
|
|-heal|p1a: Miranda Kerr|85\/462|[from] item: Leftovers
|-damage|p1a: Miranda Kerr|28\/462|[from] Leech Seed|[of] p2a: Manectric
|-heal|p2a: Manectric|124\/281|[silent]
|turn|32
|
|move|p2a: Manectric|Volt Switch|p1a: Miranda Kerr
|-damage|p1a: Miranda Kerr|0 fnt
|faint|p1a: Miranda Kerr
|
|switch|p2a: Chesnaught|Chesnaught, F|81\/380 brn
|
|-heal|p2a: Chesnaught|104\/380 brn|[from] item: Leftovers
|-damage|p2a: Chesnaught|57\/380 brn|[from] brn
|
|switch|p1a: Redfoo|Mienshao, F|238\/271
|-damage|p1a: Redfoo|171\/271|[from] Spikes
|turn|33
|
|move|p2a: Chesnaught|Spiky Shield|p2a: Chesnaught
|-singleturn|p2a: Chesnaught|move: Protect
|move|p1a: Redfoo|Aerial Ace|p2a: Chesnaught
|-activate|p2a: Chesnaught|move: Protect
|-damage|p1a: Redfoo|138\/271|[from] Spiky Shield|[of] p2a: Chesnaught
|
|-heal|p2a: Chesnaught|80\/380 brn|[from] item: Leftovers
|-damage|p2a: Chesnaught|33\/380 brn|[from] brn
|turn|34
|
|switch|p2a: Manectric|Manectric, F|124\/281
|-formechange|p2a: Manectric|Manectric-Mega
|-ability|p2a: Manectric|Intimidate|[of] p1a: Redfoo
|-unboost|p1a: Redfoo|atk|1
|move|p1a: Redfoo|Aerial Ace|p2a: Manectric
|-resisted|p2a: Manectric
|-damage|p2a: Manectric|99\/281
|
|turn|35
|
|switch|p1a: Suicune|Suicune|324\/404
|-damage|p1a: Suicune|223\/404|[from] Spikes
|-ability|p1a: Suicune|Pressure
|move|p2a: Manectric|Thunderbolt|p1a: Suicune
|-supereffective|p1a: Suicune
|-damage|p1a: Suicune|0 fnt
|faint|p1a: Suicune
|
|
|switch|p1a: Redfoo|Mienshao, F|138\/271
|-damage|p1a: Redfoo|71\/271|[from] Spikes
|turn|36
|
|move|p1a: Redfoo|High Jump Kick|p2a: Manectric
|-damage|p2a: Manectric|0 fnt
|faint|p2a: Manectric
|
|
|switch|p2a: Gallade|Gallade, M|319\/340
|turn|37
|
|move|p1a: Redfoo|High Jump Kick|p2a: Gallade
|-resisted|p2a: Gallade
|-damage|p2a: Gallade|114\/340
|move|p2a: Gallade|Drain Punch|p1a: Redfoo
|-damage|p1a: Redfoo|0 fnt
|-heal|p2a: Gallade|150\/340|[from] drain|[of] p1a: Redfoo
|faint|p1a: Redfoo
|
|win|SoulFire9002
|raw|Ladder updating...
|raw|Shaneee's rating: 1637 &rarr; <strong>1602<\/strong><br \/>(-35 for losing)
|raw|SoulFire9002's rating: 1305 &rarr; <strong>1339<\/strong><br \/>(+34 for winning)
|chat|Shaneee|v
|chat|Shaneee|gg
|chat|SoulFire9002|gg
|leave|Shaneee
|player|p1