|join|feng
|join|Shaneee
|player|p1|feng|183
|player|p2|Shaneee|83
|gametype|singles
|gen|6
|tier|UU
|rated
|rule|Sleep Clause Mod: Limit one foe put to sleep
|rule|Species Clause: Limit one of each PokÃ©mon
|rule|OHKO Clause: OHKO moves are banned
|rule|Moody Clause: Moody is banned
|rule|Evasion Moves Clause: Evasion moves are banned
|rule|Endless Battle Clause: Forcing endless battles is banned
|rule|HP Percentage Mod: HP is reported as percentages
|clearpoke
|poke|p1|Cobalion
|poke|p1|Sableye, F
|poke|p1|Victini
|poke|p1|Crobat, M
|poke|p1|Blissey, F
|poke|p1|Hippowdon, M
|poke|p2|Darmanitan, F
|poke|p2|Snorlax, F, shiny
|poke|p2|Gligar, M, shiny
|poke|p2|Heracross, F
|poke|p2|Slowbro, F, shiny
|poke|p2|Roserade, M, shiny
|rule|Swagger Clause: Swagger is banned
|rule|Baton Pass Clause: Limit one PokÃ©mon knowing Baton Pass
|teampreview
|
|start
|switch|p1a: Sableye|Sableye, F|304\/304
|switch|p2a: ariana grande|Gligar, M, shiny|334\/334
|turn|1
|
|move|p2a: ariana grande|U-turn|p1a: Sableye
|-damage|p1a: Sableye|248\/304
|
|switch|p2a: Roserade|Roserade, M, shiny|261\/261
|move|p1a: Sableye|Knock Off|p2a: Roserade
|-damage|p2a: Roserade|129\/261
|-enditem|p2a: Roserade|Black Sludge|[from] move: Knock Off|[of] p1a: Sableye
|
|-heal|p1a: Sableye|267\/304|[from] item: Leftovers
|turn|2
|
|switch|p2a: ovoxo|Darmanitan, F|351\/351
|move|p1a: Sableye|Taunt|p2a: ovoxo
|-start|p2a: ovoxo|move: Taunt
|
|-heal|p1a: Sableye|286\/304|[from] item: Leftovers
|turn|3
|
|switch|p1a: Hippowdon|Hippowdon, M|420\/420
|move|p2a: ovoxo|Flare Blitz|p1a: Hippowdon
|-damage|p1a: Hippowdon|158\/420
|-damage|p2a: ovoxo|265\/351|[from] recoil|[of] p1a: Hippowdon
|
|-heal|p1a: Hippowdon|184\/420|[from] item: Leftovers
|turn|4
|
|switch|p1a: Blissey|Blissey, F|714\/714
|move|p2a: ovoxo|Flare Blitz|p1a: Blissey
|-damage|p1a: Blissey|0 fnt
|-damage|p2a: ovoxo|29\/351|[from] recoil|[of] p1a: Blissey
|faint|p1a: Blissey
|
|
|switch|p1a: Victini|Victini|341\/341
|turn|5
|
|switch|p2a: Slowbro|Slowbro, F, shiny|394\/394
|move|p1a: Victini|U-turn|p2a: Slowbro
|-supereffective|p2a: Slowbro
|-damage|p2a: Slowbro|228\/394
|-damage|p1a: Victini|285\/341|[from] item: Rocky Helmet|[of] p2a: Slowbro
|
|switch|p1a: Sableye|Sableye, F|286\/304
|
|-heal|p1a: Sableye|304\/304|[from] item: Leftovers
|turn|6
|
|switch|p2a: Roserade|Roserade, M, shiny|129\/261
|move|p1a: Sableye|Knock Off|p2a: Roserade
|-damage|p2a: Roserade|42\/261
|
|turn|7
|
|move|p1a: Sableye|Taunt|p2a: Roserade
|-start|p2a: Roserade|move: Taunt
|move|p2a: Roserade|Sludge Bomb|p1a: Sableye
|-resisted|p1a: Sableye
|-damage|p1a: Sableye|236\/304
|-status|p1a: Sableye|psn
|
|-heal|p1a: Sableye|255\/304 psn|[from] item: Leftovers
|-damage|p1a: Sableye|217\/304 psn|[from] psn
|turn|8
|
|move|p2a: Roserade|Giga Drain|p1a: Sableye
|-damage|p1a: Sableye|103\/304 psn
|-heal|p2a: Roserade|99\/261|[from] drain|[of] p1a: Sableye
|move|p1a: Sableye|Knock Off|p2a: Roserade
|-damage|p2a: Roserade|8\/261
|
|-heal|p1a: Sableye|122\/304 psn|[from] item: Leftovers
|-damage|p1a: Sableye|84\/304 psn|[from] psn
|turn|9
|
|switch|p1a: Crobat|Crobat, M|311\/311
|move|p2a: Roserade|Giga Drain|p1a: Crobat
|-resisted|p1a: Crobat
|-damage|p1a: Crobat|271\/311
|-heal|p2a: Roserade|28\/261|[from] drain|[of] p1a: Crobat
|
|-heal|p1a: Crobat|290\/311|[from] item: Black Sludge
|-end|p2a: Roserade|move: Taunt
|turn|10
|
|switch|p2a: Slowbro|Slowbro, F, shiny|359\/394
|move|p1a: Crobat|U-turn|p2a: Slowbro
|-supereffective|p2a: Slowbro
|-damage|p2a: Slowbro|261\/394
|-damage|p1a: Crobat|239\/311|[from] item: Rocky Helmet|[of] p2a: Slowbro
|
|switch|p1a: Hippowdon|Hippowdon, M|184\/420
|
|-heal|p1a: Hippowdon|210\/420|[from] item: Leftovers
|turn|11
|
|move|p1a: Hippowdon|Stealth Rock|p2a: Slowbro
|-sidestart|p2: Shaneee|move: Stealth Rock
|move|p2a: Slowbro|Scald|p1a: Hippowdon
|-supereffective|p1a: Hippowdon
|-damage|p1a: Hippowdon|0 fnt
|faint|p1a: Hippowdon
|
|
|switch|p1a: Sableye|Sableye, F|84\/304 psn
|turn|12
|
|switch|p2a: ovoxo|Darmanitan, F|29\/351
|-damage|p2a: ovoxo|0 fnt|[from] Stealth Rock
|faint|p2a: ovoxo
|move|p1a: Sableye|Recover|p1a: Sableye
|-heal|p1a: Sableye|236\/304 psn
|
|-heal|p1a: Sableye|255\/304 psn|[from] item: Leftovers
|-damage|p1a: Sableye|217\/304 psn|[from] psn
|
|switch|p2a: ariana grande|Gligar, M, shiny|334\/334
|-damage|p2a: ariana grande|293\/334|[from] Stealth Rock
|turn|13
|
|move|p1a: Sableye|Taunt|p2a: ariana grande
|-start|p2a: ariana grande|move: Taunt
|move|p2a: ariana grande|U-turn|p1a: Sableye
|-damage|p1a: Sableye|160\/304 psn
|
|switch|p2a: Heracross|Heracross, F|302\/302
|-damage|p2a: Heracross|265\/302|[from] Stealth Rock
|
|-heal|p1a: Sableye|179\/304 psn|[from] item: Leftovers
|-damage|p1a: Sableye|141\/304 psn|[from] psn
|turn|14
|
|switch|p1a: Crobat|Crobat, M|239\/311
|move|p2a: Heracross|Megahorn|p1a: Crobat
|-resisted|p1a: Crobat
|-damage|p1a: Crobat|175\/311
|
|-heal|p1a: Crobat|194\/311|[from] item: Black Sludge
|turn|15
|
|switch|p2a: Slowbro|Slowbro, F, shiny|392\/394
|-damage|p2a: Slowbro|343\/394|[from] Stealth Rock
|move|p1a: Crobat|U-turn|p2a: Slowbro
|-supereffective|p2a: Slowbro
|-damage|p2a: Slowbro|237\/394
|-damage|p1a: Crobat|143\/311|[from] item: Rocky Helmet|[of] p2a: Slowbro
|
|switch|p1a: Sableye|Sableye, F|141\/304 psn
|
|-heal|p1a: Sableye|160\/304 psn|[from] item: Leftovers
|-damage|p1a: Sableye|122\/304 psn|[from] psn
|turn|16
|
|move|p1a: Sableye|Knock Off|p2a: Slowbro
|-crit|p2a: Slowbro
|-supereffective|p2a: Slowbro
|-damage|p2a: Slowbro|33\/394
|-damage|p1a: Sableye|72\/304 psn|[from] item: Rocky Helmet|[of] p2a: Slowbro
|-enditem|p2a: Slowbro|Rocky Helmet|[from] move: Knock Off|[of] p1a: Sableye
|move|p2a: Slowbro|Scald|p1a: Sableye
|-damage|p1a: Sableye|0 fnt
|faint|p1a: Sableye
|
|
|switch|p1a: Crobat|Crobat, M|143\/311
|turn|17
|
|move|p1a: Crobat|Brave Bird|p2a: Slowbro
|-crit|p2a: Slowbro
|-damage|p2a: Slowbro|0 fnt
|-damage|p1a: Crobat|132\/311|[from] recoil|[of] p2a: Slowbro
|faint|p2a: Slowbro
|
|-heal|p1a: Crobat|151\/311|[from] item: Black Sludge
|
|switch|p2a: Heracross|Heracross, F|265\/302
|-damage|p2a: Heracross|228\/302|[from] Stealth Rock
|turn|18
|
|move|p2a: Heracross|Close Combat|p1a: Crobat
|-resisted|p1a: Crobat
|-damage|p1a: Crobat|84\/311
|-unboost|p2a: Heracross|def|1
|-unboost|p2a: Heracross|spd|1
|move|p1a: Crobat|Brave Bird|p2a: Heracross
|-supereffective|p2a: Heracross
|-damage|p2a: Heracross|0 fnt
|-damage|p1a: Crobat|9\/311|[from] recoil|[of] p2a: Heracross
|faint|p2a: Heracross
|
|-heal|p1a: Crobat|28\/311|[from] item: Black Sludge
|
|switch|p2a: ariana grande|Gligar, M, shiny|293\/334
|-damage|p2a: ariana grande|252\/334|[from] Stealth Rock
|turn|19
|
|move|p1a: Crobat|Roost|p1a: Crobat
|-heal|p1a: Crobat|184\/311
|move|p2a: ariana grande|Stealth Rock|p1a: Crobat
|-sidestart|p1: feng|move: Stealth Rock
|
|-heal|p1a: Crobat|203\/311|[from] item: Black Sludge
|turn|20
|
|move|p1a: Crobat|Roost|p1a: Crobat
|-heal|p1a: Crobat|311\/311
|move|p2a: ariana grande|U-turn|p1a: Crobat
|-resisted|p1a: Crobat
|-damage|p1a: Crobat|286\/311
|
|switch|p2a: Rob Ford|Snorlax, F, shiny|524\/524
|-damage|p2a: Rob Ford|459\/524|[from] Stealth Rock
|
|-heal|p1a: Crobat|305\/311|[from] item: Black Sludge
|-heal|p2a: Rob Ford|491\/524|[from] item: Leftovers
|turn|21
|
|move|p1a: Crobat|U-turn|p2a: Rob Ford
|-damage|p2a: Rob Ford|401\/524
|
|switch|p1a: Cobalion|Cobalion|324\/324
|-damage|p1a: Cobalion|314\/324|[from] Stealth Rock
|move|p2a: Rob Ford|Curse|p2a: Rob Ford
|-boost|p2a: Rob Ford|atk|1
|-boost|p2a: Rob Ford|def|1
|-unboost|p2a: Rob Ford|spe|1
|
|-heal|p2a: Rob Ford|433\/524|[from] item: Leftovers
|turn|22
|
|move|p1a: Cobalion|Swords Dance|p1a: Cobalion
|-boost|p1a: Cobalion|atk|2
|move|p2a: Rob Ford|Curse|p2a: Rob Ford
|-boost|p2a: Rob Ford|atk|1
|-boost|p2a: Rob Ford|def|1
|-unboost|p2a: Rob Ford|spe|1
|
|-heal|p2a: Rob Ford|465\/524|[from] item: Leftovers
|turn|23
|
|move|p1a: Cobalion|Swords Dance|p1a: Cobalion
|-boost|p1a: Cobalion|atk|2
|move|p2a: Rob Ford|Frustration|p1a: Cobalion
|-resisted|p1a: Cobalion
|-damage|p1a: Cobalion|209\/324
|
|-heal|p2a: Rob Ford|497\/524|[from] item: Leftovers
|turn|24
|
|move|p1a: Cobalion|Swords Dance|p1a: Cobalion
|-boost|p1a: Cobalion|atk|2
|move|p2a: Rob Ford|Frustration|p1a: Cobalion
|-resisted|p1a: Cobalion
|-damage|p1a: Cobalion|106\/324
|
|-heal|p2a: Rob Ford|524\/524|[from] item: Leftovers
|turn|25
|
|move|p1a: Cobalion|Close Combat|p2a: Rob Ford
|-supereffective|p2a: Rob Ford
|-damage|p2a: Rob Ford|0 fnt
|-unboost|p1a: Cobalion|def|1
|-unboost|p1a: Cobalion|spd|1
|faint|p2a: Rob Ford
|
|
|switch|p2a: ariana grande|Gligar, M, shiny|252\/334
|-damage|p2a: ariana grande|211\/334|[from] Stealth Rock
|turn|26
|
|move|p1a: Cobalion|Iron Head|p2a: ariana grande
|-damage|p2a: ariana grande|0 fnt
|faint|p2a: ariana grande
|
|
|switch|p2a: Roserade|Roserade, M, shiny|28\/261
|-damage|p2a: Roserade|0 fnt|[from] Stealth Rock
|faint|p2a: Roserade
|
|win|feng
|raw|Ladder updating...
|raw|feng's rating: 1565 &rarr; <strong>1586<\/strong><br \/>(+21 for winning)
|raw|Shaneee's rating: 1578 &rarr; <strong>1557<\/strong><br \/>(-21 for losing)
|leave|Shaneee
|player|p2