|join|AllBlackErryThin
|join|Shaneee
|player|p1|AllBlackErryThin|110
|player|p2|Shaneee|226
|gametype|singles
|gen|6
|tier|UU
|rated
|rule|Sleep Clause Mod: Limit one foe put to sleep
|rule|Species Clause: Limit one of each Pokemon
|rule|OHKO Clause: OHKO moves are banned
|rule|Moody Clause: Moody is banned
|rule|Evasion Moves Clause: Evasion moves are banned
|rule|Endless Battle Clause: Forcing endless battles is banned.
|rule|HP Percentage Mod: HP is reported as percentages
|clearpoke
|poke|p1|Suicune
|poke|p1|Mienshao, F
|poke|p1|Forretress, M
|poke|p1|Honchkrow, F
|poke|p1|Victini
|poke|p1|Manectric, F
|poke|p2|Darmanitan, M
|poke|p2|Gligar, F
|poke|p2|Suicune
|poke|p2|Heracross, M
|poke|p2|Ampharos, F
|poke|p2|Kyurem, shiny
|teampreview
|
|start
|switch|p1a: Mienshao|Mienshao, F|271\/271
|switch|p2a: Ampharos|Ampharos, F|322\/322
|turn|1
|
|-formechange|p2a: Ampharos|Ampharos-Mega
|message|Ampharos has Mega Evolved into Mega Ampharos!
|-ability|p2a: Ampharos|Mold Breaker
|move|p1a: Mienshao|High Jump Kick|p2a: Ampharos
|-damage|p2a: Ampharos|40\/322
|move|p2a: Ampharos|Volt Switch|p1a: Mienshao
|-damage|p1a: Mienshao|7\/271
|
|switch|p2a: Gligar|Gligar, F|334\/334
|
|turn|2
|
|switch|p1a: Forretress|Forretress, M|354\/354
|move|p2a: Gligar|Stealth Rock|p1a: Forretress
|-sidestart|p1: AllBlackErryThin|move: Stealth Rock
|
|turn|3
|
|move|p2a: Gligar|U-turn|p1a: Forretress
|-resisted|p1a: Forretress
|-damage|p1a: Forretress|342\/354
|
|switch|p2a: Darmanitan|Darmanitan, M|351\/351
|move|p1a: Forretress|Stealth Rock|p2a: Darmanitan
|-sidestart|p2: Shaneee|move: Stealth Rock
|
|-heal|p1a: Forretress|354\/354|[from] item: Leftovers
|turn|4
|
|move|p2a: Darmanitan|U-turn|p1a: Forretress
|-resisted|p1a: Forretress
|-damage|p1a: Forretress|308\/354
|
|switch|p2a: Suicune|Suicune|404\/404
|-damage|p2a: Suicune|354\/404|[from] Stealth Rock
|-ability|p2a: Suicune|Pressure
|move|p1a: Forretress|Rapid Spin|p2a: Suicune
|-damage|p2a: Suicune|345\/404
|-sideend|p1: AllBlackErryThin|Stealth Rock|[from] move: Rapid Spin|[of] p1a: Forretress
|
|-heal|p2a: Suicune|370\/404|[from] item: Leftovers
|-heal|p1a: Forretress|330\/354|[from] item: Leftovers
|turn|5
|
|move|p2a: Suicune|Scald|p1a: Forretress
|-damage|p1a: Forretress|221\/354
|-status|p1a: Forretress|brn
|move|p1a: Forretress|Volt Switch|p2a: Suicune
|-supereffective|p2a: Suicune
|-damage|p2a: Suicune|306\/404
|
|switch|p1a: Manectric|Manectric, F|281\/281
|
|-heal|p2a: Suicune|331\/404|[from] item: Leftovers
|turn|6
|
|switch|p2a: Kyurem|Kyurem, shiny|454\/454
|-damage|p2a: Kyurem|341\/454|[from] Stealth Rock
|-ability|p2a: Kyurem|Pressure
|-formechange|p1a: Manectric|Manectric-Mega
|message|Manectric has Mega Evolved into Mega Manectric!
|-ability|p1a: Manectric|Intimidate|[of] p2a: Kyurem
|-unboost|p2a: Kyurem|atk|1
|move|p1a: Manectric|Volt Switch|p2a: Kyurem
|-resisted|p2a: Kyurem
|-damage|p2a: Kyurem|276\/454
|
|switch|p1a: Mienshao|Mienshao, F|7\/271
|
|turn|7
|
|switch|p2a: Gligar|Gligar, F|334\/334
|-damage|p2a: Gligar|293\/334|[from] Stealth Rock
|move|p1a: Mienshao|Knock Off|p2a: Gligar
|-damage|p2a: Gligar|244\/334
|-enditem|p2a: Gligar|Eviolite|[from] move: Knock Off|[of] p1a: Mienshao
|
|turn|8
|
|switch|p1a: Victini|Victini|341\/341
|move|p2a: Gligar|Stealth Rock|p1a: Victini
|-sidestart|p1: AllBlackErryThin|move: Stealth Rock
|
|turn|9
|
|switch|p2a: Ampharos|Ampharos, F|40\/322
|-formechange|p2a: Ampharos|Ampharos-Mega
|-damage|p2a: Ampharos|0 fnt|[from] Stealth Rock
|faint|p2a: Ampharos
|move|p1a: Victini|Psychic|p2: Ampharos|[notarget]
|-notarget
|
|
|switch|p2a: Suicune|Suicune|331\/404
|-damage|p2a: Suicune|281\/404|[from] Stealth Rock
|-ability|p2a: Suicune|Pressure
|turn|10
|
|move|p1a: Victini|Psychic|p2a: Suicune
|-damage|p2a: Suicune|112\/404
|move|p2a: Suicune|Scald|p1a: Victini
|-supereffective|p1a: Victini
|-damage|p1a: Victini|137\/341
|
|-heal|p2a: Suicune|137\/404|[from] item: Leftovers
|turn|11
|
|switch|p2a: Gligar|Gligar, F|244\/334
|-damage|p2a: Gligar|203\/334|[from] Stealth Rock
|move|p1a: Victini|Psychic|p2a: Gligar
|-damage|p2a: Gligar|0 fnt
|faint|p2a: Gligar
|
|
|switch|p2a: Ariana Grande|Heracross, M|302\/302
|-damage|p2a: Ariana Grande|265\/302|[from] Stealth Rock
|turn|12
|
|switch|p1a: Manectric|Manectric, F|281\/281
|-formechange|p1a: Manectric|Manectric-Mega
|-damage|p1a: Manectric|246\/281|[from] Stealth Rock
|-ability|p1a: Manectric|Intimidate|[of] p2a: Ariana Grande
|-unboost|p2a: Ariana Grande|atk|1
|move|p2a: Ariana Grande|Megahorn|p1a: Manectric
|-damage|p1a: Manectric|78\/281
|
|turn|13
|
|switch|p1a: Forretress|Forretress, M|221\/354 brn
|-damage|p1a: Forretress|177\/354 brn|[from] Stealth Rock
|move|p2a: Ariana Grande|Megahorn|p1a: Forretress
|-resisted|p1a: Forretress
|-damage|p1a: Forretress|139\/354 brn
|
|-heal|p1a: Forretress|161\/354 brn|[from] item: Leftovers
|-damage|p1a: Forretress|117\/354 brn|[from] brn
|turn|14
|
|switch|p2a: Suicune|Suicune|137\/404
|-damage|p2a: Suicune|87\/404|[from] Stealth Rock
|-ability|p2a: Suicune|Pressure
|move|p1a: Forretress|Rapid Spin|p2a: Suicune
|-damage|p2a: Suicune|82\/404
|-sideend|p1: AllBlackErryThin|Stealth Rock|[from] move: Rapid Spin|[of] p1a: Forretress
|
|-heal|p2a: Suicune|107\/404|[from] item: Leftovers
|-heal|p1a: Forretress|139\/354 brn|[from] item: Leftovers
|-damage|p1a: Forretress|95\/354 brn|[from] brn
|turn|15
|
|move|p2a: Suicune|Rest|p2a: Suicune
|-status|p2a: Suicune|slp
|-heal|p2a: Suicune|404\/404 slp|[silent]
|-status|p2a: Suicune|slp|[from] move: Rest
|move|p1a: Forretress|Volt Switch|p2a: Suicune
|-supereffective|p2a: Suicune
|-damage|p2a: Suicune|336\/404 slp
|
|switch|p1a: Manectric|Manectric, F|78\/281
|-formechange|p1a: Manectric|Manectric-Mega
|-ability|p1a: Manectric|Intimidate|[of] p2a: Suicune
|-unboost|p2a: Suicune|atk|1
|
|-heal|p2a: Suicune|361\/404 slp|[from] item: Leftovers
|turn|16
|
|switch|p2a: Ariana Grande|Heracross, M|265\/302
|-damage|p2a: Ariana Grande|228\/302|[from] Stealth Rock
|move|p1a: Manectric|Thunderbolt|p2a: Ariana Grande
|-damage|p2a: Ariana Grande|47\/302
|
|turn|17
|
|switch|p1a: Forretress|Forretress, M|95\/354 brn
|move|p2a: Ariana Grande|Close Combat|p1a: Forretress
|-damage|p1a: Forretress|0 fnt
|-unboost|p2a: Ariana Grande|def|1
|-unboost|p2a: Ariana Grande|spd|1
|faint|p1a: Forretress
|-boost|p2a: Ariana Grande|atk|1|[from] ability: Moxie
|
|
|switch|p1a: Honchkrow|Honchkrow, F|341\/341
|turn|18
|
|switch|p2a: Darmanitan|Darmanitan, M|351\/351
|-damage|p2a: Darmanitan|264\/351|[from] Stealth Rock
|move|p1a: Honchkrow|Sucker Punch|p2a: Darmanitan
|-fail|p2a: Darmanitan
|
|turn|19
|
|move|p1a: Honchkrow|Sucker Punch|p2a: Darmanitan
|-damage|p2a: Darmanitan|0 fnt
|-damage|p1a: Honchkrow|307\/341|[from] item: Life Orb
|faint|p2a: Darmanitan
|-boost|p1a: Honchkrow|atk|1|[from] ability: Moxie
|
|
|switch|p2a: Suicune|Suicune|361\/404 slp
|-damage|p2a: Suicune|311\/404 slp|[from] Stealth Rock
|-ability|p2a: Suicune|Pressure
|turn|20
|
|move|p1a: Honchkrow|Brave Bird|p2a: Suicune
|-damage|p2a: Suicune|21\/404 slp
|-damage|p1a: Honchkrow|211\/341|[from] recoil|[of] p2a: Suicune
|-damage|p1a: Honchkrow|177\/341|[from] item: Life Orb
|cant|p2a: Suicune|slp
|move|p2a: Suicune|Sleep Talk|p2a: Suicune
|move|p2a: Suicune|Rest|p2a: Suicune|[from]Sleep Talk
|-fail|p2a: Suicune
|
|-heal|p2a: Suicune|46\/404 slp|[from] item: Leftovers
|turn|21
|
|move|p1a: Honchkrow|Brave Bird|p2a: Suicune
|-damage|p2a: Suicune|0 fnt
|-damage|p1a: Honchkrow|162\/341|[from] recoil|[of] p2a: Suicune
|-damage|p1a: Honchkrow|128\/341|[from] item: Life Orb
|faint|p2a: Suicune
|-boost|p1a: Honchkrow|atk|1|[from] ability: Moxie
|
|
|switch|p2a: Ariana Grande|Heracross, M|47\/302
|-damage|p2a: Ariana Grande|10\/302|[from] Stealth Rock
|turn|22
|
|move|p1a: Honchkrow|Sucker Punch|p2a: Ariana Grande
|-crit|p2a: Ariana Grande
|-resisted|p2a: Ariana Grande
|-damage|p2a: Ariana Grande|0 fnt
|-damage|p1a: Honchkrow|94\/341|[from] item: Life Orb
|faint|p2a: Ariana Grande
|-boost|p1a: Honchkrow|atk|1|[from] ability: Moxie
|
|
|switch|p2a: Kyurem|Kyurem, shiny|276\/454
|-damage|p2a: Kyurem|163\/454|[from] Stealth Rock
|-ability|p2a: Kyurem|Pressure
|turn|23
|
|move|p1a: Honchkrow|Sucker Punch|p2a: Kyurem
|-damage|p2a: Kyurem|0 fnt
|-damage|p1a: Honchkrow|60\/341|[from] item: Life Orb
|faint|p2a: Kyurem
|-boost|p1a: Honchkrow|atk|1|[from] ability: Moxie
|
|win|AllBlackErryThin
|raw|Ladder updating...
|raw|AllBlackErryThin's rating: 1710 &rarr; <strong>1721<\/strong><br \/>(+11 for winning)
|raw|Shaneee's rating: 1559 &rarr; <strong>1547<\/strong><br \/>(-12 for losing)
|chat|AllBlackErryThin|gg
|chat|Shaneee|GG
|leave|Shaneee
|player|p2