|join|dancingking
|join|Shaneee
|player|p1|dancingking|213
|player|p2|Shaneee|83
|gametype|singles
|gen|6
|tier|UU
|rated
|rule|Sleep Clause Mod: Limit one foe put to sleep
|rule|Species Clause: Limit one of each PokÃ©mon
|rule|OHKO Clause: OHKO moves are banned
|rule|Moody Clause: Moody is banned
|rule|Evasion Moves Clause: Evasion moves are banned
|rule|Endless Battle Clause: Forcing endless battles is banned
|rule|HP Percentage Mod: HP is shown in percentages
|clearpoke
|poke|p1|Yanmega, M
|poke|p1|Krookodile, F
|poke|p1|Blastoise, M
|poke|p1|Azelf
|poke|p1|Metagross
|poke|p1|Entei, shiny
|poke|p2|Hydreigon, F
|poke|p2|Mienshao, M
|poke|p2|Gligar, F, shiny
|poke|p2|Jirachi
|poke|p2|Darmanitan, F
|poke|p2|Snorlax, F
|rule|Swagger Clause: Swagger is banned
|rule|Baton Pass Clause: Limit one PokÃ©mon knowing Baton Pass
|teampreview
|
|start
|switch|p1a: Azelf|Azelf|291\/291
|switch|p2a: Like A Star â«|Jirachi|341\/341
|turn|1
|
|move|p2a: Like A Star â«|U-turn|p1a: Azelf
|-supereffective|p1a: Azelf
|-damage|p1a: Azelf|93\/291
|
|switch|p2a: Rob Ford|Snorlax, F|524\/524
|move|p1a: Azelf|Stealth Rock|p2a: Rob Ford
|-sidestart|p2: Shaneee|move: Stealth Rock
|
|turn|2
|
|move|p1a: Azelf|Explosion|p2a: Rob Ford
|-damage|p2a: Rob Ford|86\/524
|faint|p1a: Azelf
|move|p2a: Rob Ford|Body Slam|p1: Azelf|[notarget]
|-notarget
|
|-heal|p2a: Rob Ford|118\/524|[from] item: Leftovers
|
|switch|p1a: Krookodile|Krookodile, F|331\/331
|-ability|p1a: Krookodile|Intimidate|[of] p2a: Rob Ford
|-unboost|p2a: Rob Ford|atk|1
|turn|3
|
|switch|p2a: Ariana Grande|Gligar, F, shiny|334\/334
|-damage|p2a: Ariana Grande|293\/334|[from] Stealth Rock
|move|p1a: Krookodile|Knock Off|p2a: Ariana Grande
|-damage|p2a: Ariana Grande|185\/334
|-enditem|p2a: Ariana Grande|Eviolite|[from] move: Knock Off|[of] p1a: Krookodile
|
|turn|4
|
|switch|p1a: Blastoise|Blastoise, M|331\/331
|move|p2a: Ariana Grande|Roost|p2a: Ariana Grande
|-heal|p2a: Ariana Grande|334\/334
|
|turn|5
|c|âdancingking|pr nick
|
|switch|p2a: Rob Ford|Snorlax, F|118\/524
|-damage|p2a: Rob Ford|53\/524|[from] Stealth Rock
|detailschange|p1a: Blastoise|Blastoise-Mega, M
|message|Blastoise has Mega Evolved into Mega Blastoise!
|move|p1a: Blastoise|Hydro Pump|p2a: Rob Ford|[miss]
|-miss|p1a: Blastoise|p2a: Rob Ford
|
|-heal|p2a: Rob Ford|85\/524|[from] item: Leftovers
|turn|6
|c|âdancingking|pro
|c|âShaneee|ty
|
|move|p1a: Blastoise|Dragon Pulse|p2a: Rob Ford
|-damage|p2a: Rob Ford|0 fnt
|faint|p2a: Rob Ford
|
|
|switch|p2a: Like A Star â«|Jirachi|341\/341
|-damage|p2a: Like A Star â«|320\/341|[from] Stealth Rock
|turn|7
|
|move|p2a: Like A Star â«|U-turn|p1a: Blastoise
|-damage|p1a: Blastoise|263\/331
|
|switch|p2a: Mienshao|Mienshao, M|271\/271
|-damage|p2a: Mienshao|255\/271|[from] Stealth Rock
|move|p1a: Blastoise|Hydro Pump|p2a: Mienshao
|-damage|p2a: Mienshao|0 fnt
|faint|p2a: Mienshao
|
|
|switch|p2a: Fairy Food|Hydreigon, F|325\/325
|-damage|p2a: Fairy Food|285\/325|[from] Stealth Rock
|turn|8
|
|move|p2a: Fairy Food|Draco Meteor|p1a: Blastoise
|-crit|p1a: Blastoise
|-damage|p1a: Blastoise|0 fnt
|-unboost|p2a: Fairy Food|spa|2
|-damage|p2a: Fairy Food|253\/325|[from] item: Life Orb
|faint|p1a: Blastoise
|
|
|switch|p1a: Krookodile|Krookodile, F|331\/331
|-ability|p1a: Krookodile|Intimidate|[of] p2a: Fairy Food
|-unboost|p2a: Fairy Food|atk|1
|turn|9
|
|move|p2a: Fairy Food|Superpower|p1a: Krookodile
|-supereffective|p1a: Krookodile
|-damage|p1a: Krookodile|131\/331
|-unboost|p2a: Fairy Food|atk|1
|-unboost|p2a: Fairy Food|def|1
|-damage|p2a: Fairy Food|221\/325|[from] item: Life Orb
|move|p1a: Krookodile|Knock Off|p2a: Fairy Food
|-resisted|p2a: Fairy Food
|-damage|p2a: Fairy Food|0 fnt
|-enditem|p2a: Fairy Food|Life Orb|[from] move: Knock Off|[of] p1a: Krookodile
|faint|p2a: Fairy Food
|
|
|switch|p2a: Like A Star â«|Jirachi|320\/341
|-damage|p2a: Like A Star â«|299\/341|[from] Stealth Rock
|turn|10
|
|switch|p1a: Metagross|Metagross|301\/301
|move|p2a: Like A Star â«|U-turn|p1a: Metagross
|-damage|p1a: Metagross|243\/301
|
|switch|p2a: Born Sinner|Darmanitan, F|351\/351
|-damage|p2a: Born Sinner|264\/351|[from] Stealth Rock
|
|turn|11
|
|move|p1a: Metagross|Earthquake|p2a: Born Sinner
|-supereffective|p2a: Born Sinner
|-damage|p2a: Born Sinner|0 fnt
|faint|p2a: Born Sinner
|
|
|switch|p2a: Ariana Grande|Gligar, F, shiny|334\/334
|-damage|p2a: Ariana Grande|293\/334|[from] Stealth Rock
|turn|12
|
|switch|p1a: Yanmega|Yanmega, M|313\/313
|move|p2a: Ariana Grande|Earthquake|p1a: Yanmega
|-immune|p1a: Yanmega|[msg]
|
|turn|13
|
|move|p1a: Yanmega|Air Slash|p2a: Ariana Grande
|-damage|p2a: Ariana Grande|40\/334
|-damage|p1a: Yanmega|282\/313|[from] item: Life Orb
|cant|p2a: Ariana Grande|flinch
|
|-boost|p1a: Yanmega|spe|1|[from] ability: Speed Boost
|turn|14
|
|move|p1a: Yanmega|Giga Drain|p2a: Ariana Grande
|-damage|p2a: Ariana Grande|0 fnt
|-heal|p1a: Yanmega|302\/313|[from] drain|[of] p2a: Ariana Grande
|-damage|p1a: Yanmega|271\/313|[from] item: Life Orb
|faint|p2a: Ariana Grande
|
|-boost|p1a: Yanmega|spe|1|[from] ability: Speed Boost
|
|switch|p2a: Like A Star â«|Jirachi|299\/341
|-damage|p2a: Like A Star â«|278\/341|[from] Stealth Rock
|turn|15
|
|move|p1a: Yanmega|Bug Buzz|p2a: Like A Star â«
|-damage|p2a: Like A Star â«|64\/341
|-damage|p1a: Yanmega|240\/313|[from] item: Life Orb
|move|p2a: Like A Star â«|Iron Head|p1a: Yanmega
|-crit|p1a: Yanmega
|-damage|p1a: Yanmega|18\/313
|
|-boost|p1a: Yanmega|spe|1|[from] ability: Speed Boost
|turn|16
|
|move|p1a: Yanmega|Bug Buzz|p2a: Like A Star â«
|-damage|p2a: Like A Star â«|0 fnt
|-damage|p1a: Yanmega|0 fnt|[from] item: Life Orb
|faint|p2a: Like A Star â«
|faint|p1a: Yanmega
|
|win|dancingking
|raw|Ladder updating...
|raw|dancingking's rating: 1625 &rarr; <strong>1642<\/strong><br \/>(+17 for winning)
|raw|Shaneee's rating: 1578 &rarr; <strong>1561<\/strong><br \/>(-17 for losing)
|c|âdancingking|gg
|c|âShaneee|gg