|join|Shaneee
|join|git gud of frik
|player|p1|Shaneee|265
|player|p2|git gud of frik|27
|gametype|singles
|gen|6
|tier|UU
|rated
|clearpoke
|poke|p1|Darmanitan, F, shiny
|poke|p1|Gligar, M, shiny
|poke|p1|Jolteon, M
|poke|p1|Weavile, F, shiny
|poke|p1|Blastoise, M, shiny
|poke|p1|Heracross, M, shiny
|poke|p2|Aerodactyl, F
|poke|p2|Shaymin
|poke|p2|Darmanitan, F
|poke|p2|Florges, F
|poke|p2|Forretress, F
|poke|p2|Suicune, shiny
|rule|Sleep Clause Mod: Limit one foe put to sleep
|rule|Species Clause: Limit one of each Pokemon
|rule|OHKO Clause: OHKO moves are banned
|rule|Moody Clause: Moody is banned
|rule|Evasion Moves Clause: Evasion moves are banned
|rule|Endless Battle Clause: Forcing endless battles is banned.
|rule|HP Percentage Mod: HP is reported as percentages
|teampreview
|
|start
|switch|p1a: Jolteon|Jolteon, M|271\/271
|switch|p2a: Darmanitan|Darmanitan, F|351\/351
|turn|1
|
|switch|p1a: Gligar|Gligar, M, shiny|334\/334
|move|p2a: Darmanitan|Flare Blitz|p1a: Gligar
|-damage|p1a: Gligar|186\/334
|-damage|p2a: Darmanitan|302\/351|[from] recoil|[of] p1a: Gligar
|
|turn|2
|
|switch|p2a: Shaymin|Shaymin|404\/404
|move|p1a: Gligar|U-turn|p2a: Shaymin
|-supereffective|p2a: Shaymin
|-damage|p2a: Shaymin|308\/404
|
|switch|p1a: Darmanitan|Darmanitan, F, shiny|351\/351
|
|turn|3
|
|switch|p2a: Suicune|Suicune, shiny|404\/404
|-ability|p2a: Suicune|Pressure
|move|p1a: Darmanitan|U-turn|p2a: Suicune
|-damage|p2a: Suicune|309\/404
|
|switch|p1a: Jolteon|Jolteon, M|271\/271
|
|-heal|p2a: Suicune|334\/404|[from] item: Leftovers
|turn|4
|
|switch|p2a: Shaymin|Shaymin|308\/404
|move|p1a: Jolteon|Volt Switch|p2a: Shaymin
|-resisted|p2a: Shaymin
|-damage|p2a: Shaymin|221\/404
|
|switch|p1a: Weavile|Weavile, F, shiny|282\/282
|-ability|p1a: Weavile|Pressure
|
|turn|5
|
|switch|p2a: Suicune|Suicune, shiny|334\/404
|-ability|p2a: Suicune|Pressure
|move|p1a: Weavile|Knock Off|p2a: Suicune
|-damage|p2a: Suicune|190\/404
|-enditem|p2a: Suicune|Leftovers|[from] move: Knock Off|[of] p1a: Weavile
|-damage|p1a: Weavile|254\/282|[from] item: Life Orb
|
|turn|6
|
|switch|p1a: Blastoise|Blastoise, M, shiny|362\/362
|move|p2a: Suicune|Scald|p1a: Blastoise
|-resisted|p1a: Blastoise
|-damage|p1a: Blastoise|320\/362
|-status|p1a: Blastoise|brn
|
|-damage|p1a: Blastoise|275\/362 brn|[from] brn
|turn|7
|
|-formechange|p1a: Blastoise|Blastoise-Mega
|message|Blastoise has Mega Evolved into Mega Blastoise!
|move|p2a: Suicune|Rest|p2a: Suicune
|-status|p2a: Suicune|slp
|-heal|p2a: Suicune|404\/404 slp|[silent]
|-status|p2a: Suicune|slp|[from] move: Rest
|move|p1a: Blastoise|Dark Pulse|p2a: Suicune
|-damage|p2a: Suicune|262\/404 slp
|
|-damage|p1a: Blastoise|230\/362 brn|[from] brn
|turn|8
|
|cant|p2a: Suicune|slp
|move|p2a: Suicune|Sleep Talk|p2a: Suicune
|move|p2a: Suicune|Calm Mind|p2a: Suicune|[from]Sleep Talk
|-boost|p2a: Suicune|spa|1
|-boost|p2a: Suicune|spd|1
|move|p1a: Blastoise|Dark Pulse|p2a: Suicune
|-crit|p2a: Suicune
|-damage|p2a: Suicune|49\/404 slp
|
|-damage|p1a: Blastoise|185\/362 brn|[from] brn
|turn|9
|
|switch|p2a: Florges|Florges, F|360\/360
|move|p1a: Blastoise|Aura Sphere|p2a: Florges
|-resisted|p2a: Florges
|-damage|p2a: Florges|320\/360
|
|-heal|p2a: Florges|342\/360|[from] item: Leftovers
|-damage|p1a: Blastoise|140\/362 brn|[from] brn
|turn|10
|
|switch|p1a: Darmanitan|Darmanitan, F, shiny|351\/351
|move|p2a: Florges|Moonblast|p1a: Darmanitan
|-resisted|p1a: Darmanitan
|-damage|p1a: Darmanitan|260\/351
|
|-heal|p2a: Florges|360\/360|[from] item: Leftovers
|turn|11
|
|move|p2a: Florges|Protect|p2a: Florges
|-singleturn|p2a: Florges|Protect
|move|p1a: Darmanitan|Flare Blitz|p2a: Florges
|-activate|p2a: Florges|Protect
|
|turn|12
|
|switch|p2a: Darmanitan|Darmanitan, F|302\/351
|move|p1a: Darmanitan|Flare Blitz|p2a: Darmanitan
|-resisted|p2a: Darmanitan
|-damage|p2a: Darmanitan|0 fnt
|-damage|p1a: Darmanitan|160\/351|[from] recoil|[of] p2a: Darmanitan
|faint|p2a: Darmanitan
|
|
|switch|p2a: Aerodactyl|Aerodactyl, F|302\/302
|turn|13
|
|switch|p2a: Shaymin|Shaymin|221\/404
|switch|p1a: Blastoise|Blastoise, M, shiny|140\/362 brn
|-formechange|p1a: Blastoise|Blastoise-Mega
|
|-damage|p1a: Blastoise|95\/362 brn|[from] brn
|turn|14
|
|move|p2a: Shaymin|Seed Flare|p1a: Blastoise
|-supereffective|p1a: Blastoise
|-damage|p1a: Blastoise|0 fnt
|-damage|p2a: Shaymin|181\/404|[from] item: Life Orb
|faint|p1a: Blastoise
|
|
|switch|p1a: Weavile|Weavile, F, shiny|254\/282
|-ability|p1a: Weavile|Pressure
|turn|15
|
|move|p1a: Weavile|Knock Off|p2a: Shaymin
|-damage|p2a: Shaymin|0 fnt
|-damage|p1a: Weavile|226\/282|[from] item: Life Orb
|faint|p2a: Shaymin
|
|
|switch|p2a: Aerodactyl|Aerodactyl, F|302\/302
|turn|16
|
|switch|p2a: Forretress|Forretress, F|354\/354
|move|p1a: Weavile|Ice Shard|p2a: Forretress
|-resisted|p2a: Forretress
|-damage|p2a: Forretress|328\/354
|-damage|p1a: Weavile|198\/282|[from] item: Life Orb
|
|-heal|p2a: Forretress|350\/354|[from] item: Leftovers
|turn|17
|
|switch|p1a: Jolteon|Jolteon, M|271\/271
|move|p2a: Forretress|Stealth Rock|p1a: Jolteon
|-sidestart|p1: Shaneee|move: Stealth Rock
|
|-heal|p2a: Forretress|354\/354|[from] item: Leftovers
|turn|18
|
|move|p1a: Jolteon|Volt Switch|p2a: Forretress
|-damage|p2a: Forretress|89\/354
|
|switch|p1a: Gligar|Gligar, M, shiny|186\/334
|-damage|p1a: Gligar|145\/334|[from] Stealth Rock
|move|p2a: Forretress|Spikes|p1a: Gligar
|-sidestart|p1: Shaneee|Spikes
|
|-heal|p2a: Forretress|111\/354|[from] item: Leftovers
|turn|19
|
|switch|p2a: Suicune|Suicune, shiny|49\/404 slp
|-ability|p2a: Suicune|Pressure
|move|p1a: Gligar|Roost|p1a: Gligar
|-heal|p1a: Gligar|312\/334
|
|turn|20
|
|move|p1a: Gligar|U-turn|p2a: Suicune
|-damage|p2a: Suicune|18\/404 slp
|
|switch|p1a: Jolteon|Jolteon, M|271\/271
|-damage|p1a: Jolteon|238\/271|[from] Spikes
|-damage|p1a: Jolteon|205\/271|[from] Stealth Rock
|cant|p2a: Suicune|slp
|move|p2a: Suicune|Sleep Talk|p2a: Suicune
|move|p2a: Suicune|Calm Mind|p2a: Suicune|[from]Sleep Talk
|-boost|p2a: Suicune|spa|1
|-boost|p2a: Suicune|spd|1
|
|turn|21
|
|switch|p2a: Forretress|Forretress, F|111\/354
|move|p1a: Jolteon|Volt Switch|p2a: Forretress
|-damage|p2a: Forretress|0 fnt
|faint|p2a: Forretress
|
|switch|p1a: Weavile|Weavile, F, shiny|198\/282
|-damage|p1a: Weavile|163\/282|[from] Spikes
|-damage|p1a: Weavile|93\/282|[from] Stealth Rock
|-ability|p1a: Weavile|Pressure
|
|
|switch|p2a: Aerodactyl|Aerodactyl, F|302\/302
|turn|22
|
|-formechange|p2a: Aerodactyl|Aerodactyl-Mega
|message|Aerodactyl has Mega Evolved into Mega Aerodactyl!
|move|p1a: Weavile|Ice Shard|p2a: Aerodactyl
|-supereffective|p2a: Aerodactyl
|-damage|p2a: Aerodactyl|89\/302
|-damage|p1a: Weavile|65\/282|[from] item: Life Orb
|move|p2a: Aerodactyl|Aerial Ace|p1a: Weavile
|-damage|p1a: Weavile|0 fnt
|faint|p1a: Weavile
|
|
|switch|p1a: Gligar|Gligar, M, shiny|312\/334
|-damage|p1a: Gligar|271\/334|[from] Stealth Rock
|turn|23
|
|move|p2a: Aerodactyl|Hone Claws|p2a: Aerodactyl
|-boost|p2a: Aerodactyl|atk|1
|-boost|p2a: Aerodactyl|accuracy|1
|move|p1a: Gligar|Defog|p2a: Aerodactyl
|-unboost|p2a: Aerodactyl|evasion|1
|-sideend|p1: Shaneee|Spikes|[from] move: Defog|[of] p1a: Gligar
|-sideend|p1: Shaneee|Stealth Rock|[from] move: Defog|[of] p1a: Gligar
|
|turn|24
|
|move|p2a: Aerodactyl|Hone Claws|p2a: Aerodactyl
|-boost|p2a: Aerodactyl|atk|1
|-boost|p2a: Aerodactyl|accuracy|1
|move|p1a: Gligar|Stealth Rock|p2a: Aerodactyl
|-sidestart|p2: git gud of frik|move: Stealth Rock
|
|turn|25
|
|switch|p1a: Jolteon|Jolteon, M|205\/271
|move|p2a: Aerodactyl|Hone Claws|p2a: Aerodactyl
|-boost|p2a: Aerodactyl|atk|1
|-boost|p2a: Aerodactyl|accuracy|1
|
|turn|26
|
|move|p2a: Aerodactyl|Earthquake|p1a: Jolteon
|-supereffective|p1a: Jolteon
|-damage|p1a: Jolteon|0 fnt
|faint|p1a: Jolteon
|
|
|switch|p1a: Heracross|Heracross, M, shiny|302\/302
|turn|27
|
|move|p2a: Aerodactyl|Aerial Ace|p1a: Heracross
|-crit|p1a: Heracross
|-supereffective|p1a: Heracross
|-damage|p1a: Heracross|0 fnt
|faint|p1a: Heracross
|
|
|switch|p1a: Darmanitan|Darmanitan, F, shiny|160\/351
|turn|28
|
|move|p2a: Aerodactyl|Earthquake|p1a: Darmanitan
|-supereffective|p1a: Darmanitan
|-damage|p1a: Darmanitan|0 fnt
|faint|p1a: Darmanitan
|
|
|switch|p1a: Gligar|Gligar, M, shiny|271\/334
|turn|29
|
|move|p2a: Aerodactyl|Aerial Ace|p1a: Gligar
|-damage|p1a: Gligar|99\/334
|move|p1a: Gligar|U-turn|p2a: Aerodactyl
|-crit|p2a: Aerodactyl
|-resisted|p2a: Aerodactyl
|-damage|p2a: Aerodactyl|51\/302
|
|turn|30
|
|move|p2a: Aerodactyl|Aerial Ace|p1a: Gligar
|-damage|p1a: Gligar|0 fnt
|faint|p1a: Gligar
|
|win|git gud of frik
|raw|Ladder updating...
|raw|Shaneee's rating: 1353 &rarr; <strong>1332<\/strong><br \/>(-21 for losing)
|raw|git gud of frik's rating: 1337 &rarr; <strong>1358<\/strong><br \/>(+21 for winning)
|leave|Shaneee
|player|p1