|join|Pleasure Kitten
|join|Shaneee
|player|p1|Pleasure Kitten|39
|player|p2|Shaneee|83
|gametype|singles
|gen|6
|tier|UU
|rated
|rule|Sleep Clause Mod: Limit one foe put to sleep
|rule|Species Clause: Limit one of each PokÃ©mon
|rule|OHKO Clause: OHKO moves are banned
|rule|Moody Clause: Moody is banned
|rule|Evasion Moves Clause: Evasion moves are banned
|rule|Endless Battle Clause: Forcing endless battles is banned
|rule|HP Percentage Mod: HP is reported as percentages
|clearpoke
|poke|p1|Volcarona, F
|poke|p1|Victini
|poke|p1|Hydreigon, M
|poke|p1|Forretress, M
|poke|p1|Umbreon, M
|poke|p1|Swampert, M
|poke|p2|Darmanitan, M
|poke|p2|Snorlax, F, shiny
|poke|p2|Gligar, F, shiny
|poke|p2|Heracross, F
|poke|p2|Slowbro, M, shiny
|poke|p2|Banette, M
|rule|Swagger Clause: Swagger is banned
|rule|Baton Pass Clause: Limit one PokÃ©mon knowing Baton Pass
|teampreview
|join|Dudeman130498
|chat|Pleasure Kitten|gl
|chat|Shaneee|gl
|
|start
|switch|p1a: Swampert|Swampert, M|341\/341
|switch|p2a: ariana grande|Gligar, F, shiny|334\/334
|turn|1
|
|move|p1a: Swampert|Ice Punch|p2a: ariana grande
|-supereffective|p2a: ariana grande
|-damage|p2a: ariana grande|110\/334
|-status|p2a: ariana grande|frz
|cant|p2a: ariana grande|frz
|
|turn|2
|chat|Dudeman130498|kek
|chat|Pleasure Kitten|rip
|
|switch|p1a: Volcarona|Volcarona, F|374\/374
|cant|p2a: ariana grande|frz
|
|turn|3
|
|switch|p2a: Rob Ford|Snorlax, F, shiny|524\/524
|move|p1a: Volcarona|Quiver Dance|p1a: Volcarona
|-boost|p1a: Volcarona|spa|1
|-boost|p1a: Volcarona|spd|1
|-boost|p1a: Volcarona|spe|1
|
|turn|4
|chat|Pleasure Kitten|k i'm an asshole
|chat|Pleasure Kitten|l0l
|chat|Dudeman130498|rock slide imo
|
|move|p1a: Volcarona|Bug Buzz|p2a: Rob Ford
|-damage|p2a: Rob Ford|388\/524
|move|p2a: Rob Ford|Return|p1a: Volcarona
|-damage|p1a: Volcarona|244\/374
|-status|p2a: Rob Ford|brn
|
|-heal|p1a: Volcarona|267\/374|[from] item: Leftovers
|-heal|p2a: Rob Ford|420\/524 brn|[from] item: Leftovers
|-damage|p2a: Rob Ford|355\/524 brn|[from] brn
|turn|5
|chat|Dudeman130498|omg kitten
|chat|Pleasure Kitten|._.
|chat|Pleasure Kitten|i feel
|chat|Pleasure Kitten|so bad
|
|move|p1a: Volcarona|Quiver Dance|p1a: Volcarona
|-boost|p1a: Volcarona|spa|1
|-boost|p1a: Volcarona|spd|1
|-boost|p1a: Volcarona|spe|1
|move|p2a: Rob Ford|Rest|p2a: Rob Ford
|-status|p2a: Rob Ford|slp
|-heal|p2a: Rob Ford|524\/524 slp|[silent]
|-status|p2a: Rob Ford|slp|[from] move: Rest
|
|-heal|p1a: Volcarona|290\/374|[from] item: Leftovers
|turn|6
|chat|Pleasure Kitten|l0l
|
|move|p1a: Volcarona|Quiver Dance|p1a: Volcarona
|-boost|p1a: Volcarona|spa|1
|-boost|p1a: Volcarona|spd|1
|-boost|p1a: Volcarona|spe|1
|cant|p2a: Rob Ford|slp
|move|p2a: Rob Ford|Sleep Talk|p2a: Rob Ford
|move|p2a: Rob Ford|Curse|p2a: Rob Ford|[from]Sleep Talk
|-boost|p2a: Rob Ford|atk|1
|-boost|p2a: Rob Ford|def|1
|-unboost|p2a: Rob Ford|spe|1
|
|-heal|p1a: Volcarona|313\/374|[from] item: Leftovers
|turn|7
|chat|Dudeman130498|\o\/
|
|move|p1a: Volcarona|Bug Buzz|p2a: Rob Ford
|-damage|p2a: Rob Ford|283\/524 slp
|cant|p2a: Rob Ford|slp
|move|p2a: Rob Ford|Sleep Talk|p2a: Rob Ford
|move|p2a: Rob Ford|Return|p1a: Volcarona|[from]Sleep Talk
|-damage|p1a: Volcarona|123\/374
|
|-heal|p1a: Volcarona|146\/374|[from] item: Leftovers
|-heal|p2a: Rob Ford|315\/524 slp|[from] item: Leftovers
|turn|8
|
|move|p1a: Volcarona|Roost|p1a: Volcarona
|-heal|p1a: Volcarona|333\/374
|-curestatus|p2a: Rob Ford|slp
|move|p2a: Rob Ford|Return|p1a: Volcarona
|-damage|p1a: Volcarona|147\/374
|
|-heal|p1a: Volcarona|170\/374|[from] item: Leftovers
|-heal|p2a: Rob Ford|347\/524|[from] item: Leftovers
|turn|9
|
|move|p1a: Volcarona|Roost|p1a: Volcarona
|-heal|p1a: Volcarona|357\/374
|move|p2a: Rob Ford|Curse|p2a: Rob Ford
|-boost|p2a: Rob Ford|atk|1
|-boost|p2a: Rob Ford|def|1
|-unboost|p2a: Rob Ford|spe|1
|
|-heal|p1a: Volcarona|374\/374|[from] item: Leftovers
|-heal|p2a: Rob Ford|379\/524|[from] item: Leftovers
|turn|10
|
|move|p1a: Volcarona|Bug Buzz|p2a: Rob Ford
|-damage|p2a: Rob Ford|153\/524
|move|p2a: Rob Ford|Rest|p2a: Rob Ford
|-status|p2a: Rob Ford|slp
|-heal|p2a: Rob Ford|524\/524 slp|[silent]
|-status|p2a: Rob Ford|slp|[from] move: Rest
|
|turn|11
|chat|Dudeman130498|tfw still not a 2hko
|
|move|p1a: Volcarona|Bug Buzz|p2a: Rob Ford
|-damage|p2a: Rob Ford|305\/524 slp
|cant|p2a: Rob Ford|slp
|move|p2a: Rob Ford|Sleep Talk|p2a: Rob Ford
|move|p2a: Rob Ford|Return|p1a: Volcarona|[from]Sleep Talk
|-damage|p1a: Volcarona|97\/374
|
|-heal|p1a: Volcarona|120\/374|[from] item: Leftovers
|-heal|p2a: Rob Ford|337\/524 slp|[from] item: Leftovers
|turn|12
|
|move|p1a: Volcarona|Bug Buzz|p2a: Rob Ford
|-crit|p2a: Rob Ford
|-damage|p2a: Rob Ford|4\/524 slp
|cant|p2a: Rob Ford|slp
|move|p2a: Rob Ford|Sleep Talk|p2a: Rob Ford
|move|p2a: Rob Ford|Rest|p2a: Rob Ford|[from]Sleep Talk
|-fail|p2a: Rob Ford
|
|-heal|p1a: Volcarona|143\/374|[from] item: Leftovers
|-heal|p2a: Rob Ford|36\/524 slp|[from] item: Leftovers
|turn|13
|
|move|p1a: Volcarona|Bug Buzz|p2a: Rob Ford
|-damage|p2a: Rob Ford|0 fnt
|faint|p2a: Rob Ford
|
|-heal|p1a: Volcarona|166\/374|[from] item: Leftovers
|
|switch|p2a: Banette|Banette, M|332\/332
|-item|p1a: Volcarona|Leftovers|[from] ability: Frisk|[of] p2a: Banette|[identify]
|turn|14
|
|detailschange|p2a: Banette|Banette-Mega, M
|message|Banette has Mega Evolved into Mega Banette!
|move|p2a: Banette|Sucker Punch|p1a: Volcarona
|-fail|p1a: Volcarona
|move|p1a: Volcarona|Roost|p1a: Volcarona
|-heal|p1a: Volcarona|353\/374
|
|-heal|p1a: Volcarona|374\/374|[from] item: Leftovers
|turn|15
|
|move|p2a: Banette|Destiny Bond|p2a: Banette
|-singlemove|p2a: Banette|Destiny Bond
|move|p1a: Volcarona|Quiver Dance|p1a: Volcarona
|-boost|p1a: Volcarona|spa|1
|-boost|p1a: Volcarona|spd|1
|-boost|p1a: Volcarona|spe|1
|
|turn|16
|
|move|p2a: Banette|Destiny Bond|p2a: Banette
|-singlemove|p2a: Banette|Destiny Bond
|move|p1a: Volcarona|Quiver Dance|p1a: Volcarona
|-boost|p1a: Volcarona|spa|1
|-boost|p1a: Volcarona|spd|1
|-boost|p1a: Volcarona|spe|1
|
|turn|17
|
|move|p1a: Volcarona|Quiver Dance|p1a: Volcarona
|-boost|p1a: Volcarona|spa|1
|-boost|p1a: Volcarona|spd|1
|-boost|p1a: Volcarona|spe|1
|move|p2a: Banette|Shadow Claw|p1a: Volcarona
|-damage|p1a: Volcarona|220\/374
|
|-heal|p1a: Volcarona|243\/374|[from] item: Leftovers
|turn|18
|join|watfor
|chat|Pleasure Kitten|ban pls
|
|move|p2a: Banette|Destiny Bond|p2a: Banette
|-singlemove|p2a: Banette|Destiny Bond
|move|p1a: Volcarona|Roost|p1a: Volcarona
|-heal|p1a: Volcarona|374\/374
|
|turn|19
|chat|Dudeman130498|i feel like it's not gonna get b&
|chat|watfor|is this orge
|chat|Dudeman130498|or it'll be relaly close
|
|move|p1a: Volcarona|Quiver Dance|p1a: Volcarona
|-fail|p1a: Volcarona
|move|p2a: Banette|Shadow Claw|p1a: Volcarona
|-damage|p1a: Volcarona|211\/374
|-status|p2a: Banette|brn
|
|-heal|p1a: Volcarona|234\/374|[from] item: Leftovers
|-damage|p2a: Banette|291\/332 brn|[from] brn
|turn|20
|chat|Pleasure Kitten|idk
|chat|Dudeman130498|.
|chat|Dudeman130498|.
|chat|Dudeman130498|.
|chat|Pleasure Kitten|i know for a fact meru and i think its bork
|chat|watfor|this is orge
|
|move|p2a: Banette|Destiny Bond|p2a: Banette
|-singlemove|p2a: Banette|Destiny Bond
|move|p1a: Volcarona|Roost|p1a: Volcarona
|-heal|p1a: Volcarona|374\/374
|
|-damage|p2a: Banette|250\/332 brn|[from] brn
|turn|21
|chat|watfor|tbh
|
|move|p1a: Volcarona|Quiver Dance|p1a: Volcarona
|-fail|p1a: Volcarona
|move|p2a: Banette|Shadow Claw|p1a: Volcarona
|-damage|p1a: Volcarona|293\/374
|
|-heal|p1a: Volcarona|316\/374|[from] item: Leftovers
|-damage|p2a: Banette|209\/332 brn|[from] brn
|turn|22
|
|switch|p2a: ariana grande|Gligar, F, shiny|110\/334 frz
|move|p1a: Volcarona|Quiver Dance|p1a: Volcarona
|-fail|p1a: Volcarona
|
|-heal|p1a: Volcarona|339\/374|[from] item: Leftovers
|turn|23
|
|move|p1a: Volcarona|Fiery Dance|p2a: ariana grande
|-damage|p2a: ariana grande|0 fnt
|faint|p2a: ariana grande
|
|-heal|p1a: Volcarona|362\/374|[from] item: Leftovers
|
|switch|p2a: Banette|Banette-Mega, M|209\/332 brn
|turn|24
|
|move|p2a: Banette|Destiny Bond|p2a: Banette
|-singlemove|p2a: Banette|Destiny Bond
|move|p1a: Volcarona|Quiver Dance|p1a: Volcarona
|-fail|p1a: Volcarona
|
|-heal|p1a: Volcarona|374\/374|[from] item: Leftovers
|-damage|p2a: Banette|168\/332 brn|[from] brn
|turn|25
|
|switch|p2a: Slowbro|Slowbro, M, shiny|394\/394
|move|p1a: Volcarona|Quiver Dance|p1a: Volcarona
|-fail|p1a: Volcarona
|
|turn|26
|
|move|p1a: Volcarona|Bug Buzz|p2a: Slowbro
|-supereffective|p2a: Slowbro
|-damage|p2a: Slowbro|0 fnt
|faint|p2a: Slowbro
|
|
|switch|p2a: Banette|Banette-Mega, M|168\/332 brn
|turn|27
|
|move|p2a: Banette|Destiny Bond|p2a: Banette
|-singlemove|p2a: Banette|Destiny Bond
|move|p1a: Volcarona|Quiver Dance|p1a: Volcarona
|-fail|p1a: Volcarona
|
|-damage|p2a: Banette|127\/332 brn|[from] brn
|turn|28
|
|move|p2a: Banette|Destiny Bond|p2a: Banette
|-singlemove|p2a: Banette|Destiny Bond
|move|p1a: Volcarona|Quiver Dance|p1a: Volcarona
|-fail|p1a: Volcarona
|
|-damage|p2a: Banette|86\/332 brn|[from] brn
|turn|29
|chat|Pleasure Kitten|i'm such an asshole
|chat|Pleasure Kitten|sorry shaneee
|
|switch|p2a: Heracross|Heracross, F|301\/301
|move|p1a: Volcarona|Fiery Dance|p2a: Heracross
|-supereffective|p2a: Heracross
|-damage|p2a: Heracross|0 fnt
|faint|p2a: Heracross
|
|chat|watfor|he will reveal
|chat|Shaneee|np
|chat|watfor|rest talk
|chat|watfor|tbh
|
|switch|p2a: Darmanitan|Darmanitan, M|351\/351
|turn|30
|
|move|p1a: Volcarona|Bug Buzz|p2a: Darmanitan
|-resisted|p2a: Darmanitan
|-damage|p2a: Darmanitan|0 fnt
|faint|p2a: Darmanitan
|
|
|switch|p2a: Banette|Banette-Mega, M|86\/332 brn
|turn|31
|
|move|p2a: Banette|Will-O-Wisp|p1a: Volcarona|[miss]
|-miss|p2a: Banette|p1a: Volcarona
|move|p1a: Volcarona|Fiery Dance|p2a: Banette
|-damage|p2a: Banette|0 fnt
|faint|p2a: Banette
|
|win|Pleasure Kitten
|raw|Ladder updating...
|raw|Pleasure Kitten's rating: 1579 &rarr; <strong>1604<\/strong><br \/>(+25 for winning)
|raw|Shaneee's rating: 1671 &rarr; <strong>1646<\/strong><br \/>(-25 for losing)
|leave|Shaneee
|player|p2
|leave|Dudeman130498