|join|Shaneee
|join|A Hairy Ladder
|player|p1|Shaneee|226
|player|p2|A Hairy Ladder|147
|gametype|singles
|gen|6
|tier|UU
|rated
|rule|Sleep Clause Mod: Limit one foe put to sleep
|rule|Species Clause: Limit one of each Pokemon
|rule|OHKO Clause: OHKO moves are banned
|rule|Moody Clause: Moody is banned
|rule|Evasion Moves Clause: Evasion moves are banned
|rule|Endless Battle Clause: Forcing endless battles is banned.
|rule|HP Percentage Mod: HP is reported as percentages
|clearpoke
|poke|p1|Darmanitan, F
|poke|p1|Jolteon, M
|poke|p1|Suicune
|poke|p1|Abomasnow, M
|poke|p1|Heracross, M
|poke|p1|Gligar, M
|poke|p2|Hippowdon, F
|poke|p2|Stoutland, F
|poke|p2|Starmie
|poke|p2|Darmanitan, M
|poke|p2|Hydreigon, F
|poke|p2|Mew
|teampreview
|chat|A Hairy Ladder|glhf
|
|start
|switch|p1a: Abomasnow|Abomasnow, M|321\/321
|switch|p2a: Hippowdon|Hippowdon, F|420\/420
|-weather|Hail
|-weather|Sandstorm
|turn|1
|chat|Shaneee|you too
|
|switch|p2a: Darmanitan|Darmanitan, M|351\/351
|detailschange|p1a: Abomasnow|Abomasnow-Mega, M
|message|Abomasnow has Mega Evolved into Mega Abomasnow!
|-weather|Hail
|move|p1a: Abomasnow|Blizzard|p2a: Darmanitan
|-resisted|p2a: Darmanitan
|-damage|p2a: Darmanitan|172\/351
|
|-weather|Hail|[upkeep]
|-damage|p2a: Darmanitan|151\/351|[from] hail
|turn|2
|
|switch|p1a: Redfoo|Gligar, M|334\/334
|move|p2a: Darmanitan|U-turn|p1a: Redfoo
|-resisted|p1a: Redfoo
|-damage|p1a: Redfoo|299\/334
|
|switch|p2a: Starmie|Starmie|261\/261
|
|-weather|Hail|[upkeep]
|-damage|p2a: Starmie|245\/261|[from] hail
|-damage|p1a: Redfoo|279\/334|[from] hail
|-heal|p1a: Redfoo|299\/334|[from] item: Leftovers
|turn|3
|
|switch|p1a: Abomasnow|Abomasnow-Mega, M|321\/321
|move|p2a: Starmie|Thunderbolt|p1a: Abomasnow
|-resisted|p1a: Abomasnow
|-damage|p1a: Abomasnow|280\/321
|
|-weather|Hail|[upkeep]
|-damage|p2a: Starmie|229\/261|[from] hail
|turn|4
|
|switch|p2a: Mew|Mew|404\/404
|move|p1a: Abomasnow|Blizzard|p2a: Mew
|-crit|p2a: Mew
|-damage|p2a: Mew|154\/404
|
|-weather|Hail|[upkeep]
|-damage|p2a: Mew|129\/404|[from] hail
|-heal|p2a: Mew|154\/404|[from] item: Leftovers
|turn|5
|
|switch|p1a: Darmanitan|Darmanitan, F|351\/351
|move|p2a: Mew|Soft-Boiled|p2a: Mew
|-heal|p2a: Mew|356\/404
|
|-weather|none
|-heal|p2a: Mew|381\/404|[from] item: Leftovers
|turn|6
|
|move|p1a: Darmanitan|Flare Blitz|p2a: Mew
|-damage|p2a: Mew|0 fnt
|-damage|p1a: Darmanitan|225\/351|[from] recoil|[of] p2a: Mew
|faint|p2a: Mew
|
|
|switch|p2a: Hippowdon|Hippowdon, F|420\/420
|-weather|Sandstorm
|turn|7
|
|switch|p1a: Abomasnow|Abomasnow-Mega, M|280\/321
|-weather|Hail
|move|p2a: Hippowdon|Stealth Rock|p1a: Abomasnow
|-sidestart|p1: Shaneee|move: Stealth Rock
|
|-weather|Hail|[upkeep]
|-damage|p2a: Hippowdon|394\/420|[from] hail
|turn|8
|
|switch|p2a: Starmie|Starmie|229\/261
|move|p1a: Abomasnow|Blizzard|p2a: Starmie
|-resisted|p2a: Starmie
|-damage|p2a: Starmie|111\/261
|
|-weather|Hail|[upkeep]
|-damage|p2a: Starmie|95\/261|[from] hail
|turn|9
|
|move|p2a: Starmie|Psyshock|p1a: Abomasnow
|-crit|p1a: Abomasnow
|-damage|p1a: Abomasnow|109\/321
|move|p1a: Abomasnow|Giga Drain|p2a: Starmie
|-supereffective|p2a: Starmie
|-damage|p2a: Starmie|0 fnt
|-heal|p1a: Abomasnow|157\/321|[from] drain|[of] p2a: Starmie
|faint|p2a: Starmie
|
|-weather|Hail|[upkeep]
|
|switch|p2a: Stoutland|Stoutland, F|311\/311
|turn|10
|
|switch|p1a: Redfoo|Gligar, M|299\/334
|-damage|p1a: Redfoo|258\/334|[from] Stealth Rock
|move|p2a: Stoutland|Frustration|p1a: Redfoo
|-damage|p1a: Redfoo|80\/334
|
|-weather|Hail|[upkeep]
|-damage|p2a: Stoutland|292\/311|[from] hail
|-damage|p1a: Redfoo|60\/334|[from] hail
|-heal|p1a: Redfoo|80\/334|[from] item: Leftovers
|turn|11
|
|move|p2a: Stoutland|Frustration|p1a: Redfoo
|-damage|p1a: Redfoo|0 fnt
|faint|p1a: Redfoo
|
|-weather|none
|
|switch|p1a: Heracross|Heracross, M|302\/302
|-damage|p1a: Heracross|265\/302|[from] Stealth Rock
|turn|12
|
|switch|p2a: Hippowdon|Hippowdon, F|394\/420
|-weather|Sandstorm
|move|p1a: Heracross|Close Combat|p2a: Hippowdon
|-damage|p2a: Hippowdon|252\/420
|-unboost|p1a: Heracross|def|1
|-unboost|p1a: Heracross|spd|1
|
|-weather|Sandstorm|[upkeep]
|-damage|p1a: Heracross|247\/302|[from] sandstorm
|turn|13
|
|switch|p1a: Abomasnow|Abomasnow-Mega, M|157\/321
|-damage|p1a: Abomasnow|77\/321|[from] Stealth Rock
|-weather|Hail
|move|p2a: Hippowdon|Earthquake|p1a: Abomasnow
|-resisted|p1a: Abomasnow
|-damage|p1a: Abomasnow|18\/321
|
|-weather|Hail|[upkeep]
|-damage|p2a: Hippowdon|226\/420|[from] hail
|turn|14
|
|switch|p2a: Hydreigon|Hydreigon, F|325\/325
|move|p1a: Abomasnow|Ice Shard|p2a: Hydreigon
|-supereffective|p2a: Hydreigon
|-damage|p2a: Hydreigon|155\/325
|
|-weather|Hail|[upkeep]
|-damage|p2a: Hydreigon|135\/325|[from] hail
|turn|15
|
|switch|p2a: Hippowdon|Hippowdon, F|226\/420
|-weather|Sandstorm
|move|p1a: Abomasnow|Ice Shard|p2a: Hippowdon
|-supereffective|p2a: Hippowdon
|-damage|p2a: Hippowdon|134\/420
|
|-weather|Sandstorm|[upkeep]
|-damage|p1a: Abomasnow|0 fnt|[from] sandstorm
|faint|p1a: Abomasnow
|
|switch|p1a: Darmanitan|Darmanitan, F|225\/351
|-damage|p1a: Darmanitan|138\/351|[from] Stealth Rock
|turn|16
|
|move|p1a: Darmanitan|Flare Blitz|p2a: Hippowdon
|-damage|p2a: Hippowdon|0 fnt
|-damage|p1a: Darmanitan|94\/351|[from] recoil|[of] p2a: Hippowdon
|faint|p2a: Hippowdon
|
|-weather|Sandstorm|[upkeep]
|-damage|p1a: Darmanitan|73\/351|[from] sandstorm
|
|switch|p2a: Stoutland|Stoutland, F|292\/311
|turn|17
|
|move|p2a: Stoutland|Frustration|p1a: Darmanitan
|-damage|p1a: Darmanitan|0 fnt
|faint|p1a: Darmanitan
|
|-weather|Sandstorm|[upkeep]
|
|switch|p1a: Suicune|Suicune|399\/399
|-damage|p1a: Suicune|350\/399|[from] Stealth Rock
|-ability|p1a: Suicune|Pressure
|turn|18
|
|move|p2a: Stoutland|Frustration|p1a: Suicune
|-damage|p1a: Suicune|188\/399
|move|p1a: Suicune|Scald|p2a: Stoutland
|-damage|p2a: Stoutland|202\/311
|
|-weather|Sandstorm|[upkeep]
|-damage|p1a: Suicune|164\/399|[from] sandstorm
|-heal|p1a: Suicune|188\/399|[from] item: Leftovers
|turn|19
|
|switch|p2a: Hydreigon|Hydreigon, F|135\/325
|move|p1a: Suicune|Scald|p2a: Hydreigon
|-resisted|p2a: Hydreigon
|-damage|p2a: Hydreigon|89\/325
|
|-weather|Sandstorm|[upkeep]
|-damage|p2a: Hydreigon|69\/325|[from] sandstorm
|-damage|p1a: Suicune|164\/399|[from] sandstorm
|-heal|p1a: Suicune|188\/399|[from] item: Leftovers
|turn|20
|
|move|p2a: Hydreigon|Draco Meteor|p1a: Suicune
|-damage|p1a: Suicune|0 fnt
|-unboost|p2a: Hydreigon|spa|2
|-damage|p2a: Hydreigon|37\/325|[from] item: Life Orb
|faint|p1a: Suicune
|
|-weather|Sandstorm|[upkeep]
|-damage|p2a: Hydreigon|17\/325|[from] sandstorm
|
|switch|p1a: Heracross|Heracross, M|247\/302
|-damage|p1a: Heracross|210\/302|[from] Stealth Rock
|turn|21
|
|move|p1a: Heracross|Close Combat|p2a: Hydreigon
|-supereffective|p2a: Hydreigon
|-damage|p2a: Hydreigon|0 fnt
|-unboost|p1a: Heracross|def|1
|-unboost|p1a: Heracross|spd|1
|faint|p2a: Hydreigon
|-boost|p1a: Heracross|atk|1|[from] ability: Moxie
|
|-weather|Sandstorm|[upkeep]
|-damage|p1a: Heracross|192\/302|[from] sandstorm
|
|switch|p2a: Stoutland|Stoutland, F|202\/311
|turn|22
|
|switch|p1a: Jolteon|Jolteon, M|272\/272
|-damage|p1a: Jolteon|238\/272|[from] Stealth Rock
|move|p2a: Stoutland|Frustration|p1a: Jolteon
|-damage|p1a: Jolteon|0 fnt
|faint|p1a: Jolteon
|
|-weather|none
|
|switch|p1a: Heracross|Heracross, M|192\/302
|-damage|p1a: Heracross|155\/302|[from] Stealth Rock
|turn|23
|
|move|p1a: Heracross|Close Combat|p2a: Stoutland
|-supereffective|p2a: Stoutland
|-damage|p2a: Stoutland|0 fnt
|-unboost|p1a: Heracross|def|1
|-unboost|p1a: Heracross|spd|1
|faint|p2a: Stoutland
|-boost|p1a: Heracross|atk|1|[from] ability: Moxie
|
|
|switch|p2a: Darmanitan|Darmanitan, M|151\/351
|turn|24
|
|move|p2a: Darmanitan|Flare Blitz|p1a: Heracross
|-crit|p1a: Heracross
|-supereffective|p1a: Heracross
|-damage|p1a: Heracross|0 fnt
|-damage|p2a: Darmanitan|100\/351|[from] recoil|[of] p1a: Heracross
|faint|p1a: Heracross
|
|win|A Hairy Ladder
|raw|Ladder updating...
|chat|Shaneee|gg
|chat|A Hairy Ladder|gg
|raw|Shaneee's rating: 1410 &rarr; <strong>1389<\/strong><br \/>(-21 for losing)
|raw|A Hairy Ladder's rating: 1398 &rarr; <strong>1419<\/strong><br \/>(+21 for winning)
|chat|A Hairy Ladder|close one
|chat|Shaneee|yup
|leave|Shaneee
|player|p1
|leave|A Hairy Ladder
|player|p2
|join|A Hairy Ladder