|join|Shaneee
|join|CidZero~Zero
|player|p1|Shaneee|47
|player|p2|CidZero~Zero|274
|gametype|singles
|gen|6
|tier|UU
|rated
|rule|Sleep Clause Mod: Limit one foe put to sleep
|rule|Species Clause: Limit one of each PokÃ©mon
|rule|OHKO Clause: OHKO moves are banned
|rule|Moody Clause: Moody is banned
|rule|Evasion Moves Clause: Evasion moves are banned
|rule|Endless Battle Clause: Forcing endless battles is banned
|rule|HP Percentage Mod: HP is shown in percentages
|clearpoke
|poke|p1|Suicune
|poke|p1|Gligar, M, shiny
|poke|p1|Snorlax, M, shiny
|poke|p1|Ampharos, M, shiny
|poke|p1|Scrafty, F
|poke|p1|Darmanitan, F
|poke|p2|Blastoise, M, shiny
|poke|p2|Zygarde
|poke|p2|Cresselia, F, shiny
|poke|p2|Nidoking, M
|poke|p2|Galvantula, M, shiny
|poke|p2|Umbreon, M
|rule|Swagger Clause: Swagger is banned
|rule|Baton Pass Clause: Limit one PokÃ©mon knowing Baton Pass
|teampreview
|
|start
|switch|p1a: Kim Kardashian|Ampharos, M, shiny|369\/369
|switch|p2a: Web Spider|Galvantula, M, shiny|281\/281
|turn|1
|
|detailschange|p1a: Kim Kardashian|Ampharos-Mega, M, shiny
|message|Ampharos has Mega Evolved into Mega Ampharos!
|-ability|p1a: Kim Kardashian|Mold Breaker
|move|p2a: Web Spider|Sticky Web|p1a: Kim Kardashian
|-sidestart|p1: Shaneee|move: Sticky Web
|move|p1a: Kim Kardashian|Dragon Pulse|p2a: Web Spider
|-enditem|p2a: Web Spider|Focus Sash
|-damage|p2a: Web Spider|1\/281
|
|turn|2
|
|switch|p2a: Vile|Blastoise, M, shiny|362\/362
|move|p1a: Kim Kardashian|Volt Switch|p2a: Vile
|-supereffective|p2a: Vile
|-damage|p2a: Vile|30\/362
|
|switch|p1a: Ariana Grande|Gligar, M, shiny|334\/334
|
|turn|3
|c|âCidZero~Zero|i clicked someone else but ok
|
|detailschange|p2a: Vile|Blastoise-Mega, M, shiny
|message|Blastoise has Mega Evolved into Mega Blastoise!
|move|p1a: Ariana Grande|Earthquake|p2a: Vile
|-crit|p2a: Vile
|-damage|p2a: Vile|0 fnt
|faint|p2a: Vile
|
|
|switch|p2a: Florges Eater|Nidoking, M|304\/304
|turn|4
|
|switch|p1a: Nicki Minaj|Scrafty, F|334\/334
|-activate|p1a: Nicki Minaj|move: Sticky Web
|-unboost|p1a: Nicki Minaj|spe|1
|move|p2a: Florges Eater|Poison Jab|p1a: Nicki Minaj
|-crit|p1a: Nicki Minaj
|-damage|p1a: Nicki Minaj|65\/334
|
|-heal|p1a: Nicki Minaj|85\/334|[from] item: Leftovers
|turn|5
|
|move|p2a: Florges Eater|Poison Jab|p1a: Nicki Minaj
|-damage|p1a: Nicki Minaj|0 fnt
|faint|p1a: Nicki Minaj
|
|
|switch|p1a: Ariana Grande|Gligar, M, shiny|334\/334
|turn|6
|
|move|p2a: Florges Eater|Ice Punch|p1a: Ariana Grande
|-supereffective|p1a: Ariana Grande
|-damage|p1a: Ariana Grande|95\/334
|move|p1a: Ariana Grande|Defog|p2a: Florges Eater
|-unboost|p2a: Florges Eater|evasion|1
|-sideend|p1: Shaneee|Sticky Web|[from] move: Defog|[of] p1a: Ariana Grande
|
|turn|7
|
|switch|p1a: âº|Suicune|400\/400
|-ability|p1a: âº|Pressure
|move|p2a: Florges Eater|Ice Punch|p1a: âº
|-resisted|p1a: âº
|-damage|p1a: âº|356\/400
|
|-heal|p1a: âº|381\/400|[from] item: Leftovers
|turn|8
|
|switch|p2a: Web Spider|Galvantula, M, shiny|1\/281
|move|p1a: âº|Scald|p2a: Web Spider
|-damage|p2a: Web Spider|0 fnt
|faint|p2a: Web Spider
|
|-heal|p1a: âº|400\/400|[from] item: Leftovers
|
|switch|p2a: Snake Man|Zygarde|358\/358
|-ability|p2a: Snake Man|Aura Break
|turn|9
|
|move|p2a: Snake Man|Dragon Dance|p2a: Snake Man
|-boost|p2a: Snake Man|atk|1
|-boost|p2a: Snake Man|spe|1
|move|p1a: âº|Scald|p2a: Snake Man
|-damage|p2a: Snake Man|262\/358
|-status|p2a: Snake Man|brn
|-enditem|p2a: Snake Man|Lum Berry|[eat]
|-curestatus|p2a: Snake Man|brn
|
|turn|10
|
|move|p2a: Snake Man|Outrage|p1a: âº
|-damage|p1a: âº|222\/400
|move|p1a: âº|Scald|p2a: Snake Man
|-damage|p2a: Snake Man|168\/358
|
|-heal|p1a: âº|247\/400|[from] item: Leftovers
|turn|11
|
|move|p2a: Snake Man|Outrage|p1a: âº
|-damage|p1a: âº|39\/400
|move|p1a: âº|Scald|p2a: Snake Man
|-damage|p2a: Snake Man|81\/358
|
|-end|p2a: Snake Man|rampage
|-start|p2a: Snake Man|confusion
|-heal|p1a: âº|64\/400|[from] item: Leftovers
|turn|12
|
|-activate|p2a: Snake Man|confusion
|move|p2a: Snake Man|Outrage|p1a: âº
|-damage|p1a: âº|0 fnt
|faint|p1a: âº
|
|
|switch|p1a: Darmanitan|Darmanitan, F|351\/351
|turn|13
|
|-activate|p2a: Snake Man|confusion
|-damage|p2a: Snake Man|25\/358|[from] confusion
|move|p1a: Darmanitan|U-turn|p2a: Snake Man
|-damage|p2a: Snake Man|0 fnt
|faint|p2a: Snake Man
|
|switch|p1a: Kim Kardashian|Ampharos-Mega, M, shiny|369\/369
|-ability|p1a: Kim Kardashian|Mold Breaker
|
|
|switch|p2a: Florges Eater|Nidoking, M|304\/304
|turn|14
|
|switch|p1a: Ariana Grande|Gligar, M, shiny|95\/334
|move|p2a: Florges Eater|Bulldoze|p1a: Ariana Grande
|-immune|p1a: Ariana Grande|[msg]
|
|turn|15
|
|move|p2a: Florges Eater|Ice Punch|p1a: Ariana Grande
|-supereffective|p1a: Ariana Grande
|-damage|p1a: Ariana Grande|0 fnt
|faint|p1a: Ariana Grande
|
|
|switch|p1a: Darmanitan|Darmanitan, F|351\/351
|turn|16
|
|move|p2a: Florges Eater|Bulldoze|p1a: Darmanitan
|-supereffective|p1a: Darmanitan
|-damage|p1a: Darmanitan|0 fnt
|faint|p1a: Darmanitan
|
|
|switch|p1a: Rob Ford|Snorlax, M, shiny|511\/511
|turn|17
|
|move|p2a: Florges Eater|Poison Jab|p1a: Rob Ford
|-damage|p1a: Rob Ford|246\/511
|move|p1a: Rob Ford|Body Slam|p2a: Florges Eater
|-damage|p2a: Florges Eater|166\/304
|
|-heal|p1a: Rob Ford|277\/511|[from] item: Leftovers
|turn|18
|
|move|p2a: Florges Eater|Poison Jab|p1a: Rob Ford
|-damage|p1a: Rob Ford|0 fnt
|faint|p1a: Rob Ford
|
|
|switch|p1a: Kim Kardashian|Ampharos-Mega, M, shiny|369\/369
|-ability|p1a: Kim Kardashian|Mold Breaker
|turn|19
|
|move|p2a: Florges Eater|Bulldoze|p1a: Kim Kardashian
|-supereffective|p1a: Kim Kardashian
|-damage|p1a: Kim Kardashian|70\/369
|move|p1a: Kim Kardashian|Dragon Pulse|p2a: Florges Eater
|-damage|p2a: Florges Eater|0 fnt
|faint|p2a: Florges Eater
|
|
|switch|p2a: Shadow|Umbreon, M|394\/394
|turn|20
|
|move|p2a: Shadow|Toxic|p1a: Kim Kardashian
|-status|p1a: Kim Kardashian|tox
|move|p1a: Kim Kardashian|Thunderbolt|p2a: Shadow
|-damage|p2a: Shadow|258\/394
|
|-heal|p2a: Shadow|282\/394|[from] item: Leftovers
|-damage|p1a: Kim Kardashian|47\/369 tox|[from] psn
|turn|21
|c|âCidZero~Zero|gg
|c|âShaneee|gg
|
|move|p2a: Shadow|Wish|p2a: Shadow
|move|p1a: Kim Kardashian|Hidden Power|p2a: Shadow
|-damage|p2a: Shadow|222\/394
|
|-heal|p2a: Shadow|246\/394|[from] item: Leftovers
|-damage|p1a: Kim Kardashian|1\/369 tox|[from] psn
|turn|22
|
|move|p2a: Shadow|Toxic|p1a: Kim Kardashian
|-fail|p1a: Kim Kardashian|tox
|move|p1a: Kim Kardashian|Volt Switch|p2a: Shadow
|-damage|p2a: Shadow|153\/394
|
|-heal|p2a: Shadow|350\/394|[from] move: Wish|[wisher] Shadow
|-heal|p2a: Shadow|374\/394|[from] item: Leftovers
|-damage|p1a: Kim Kardashian|0 fnt|[from] psn
|faint|p1a: Kim Kardashian
|
|win|CidZero~Zero
|raw|Ladder updating...
|raw|Shaneee's rating: 1588 &rarr; <strong>1561<\/strong><br \/>(-27 for losing)
|raw|CidZero~Zero's rating: 1469 &rarr; <strong>1495<\/strong><br \/>(+26 for winning)
|leave|Shaneee
|player|p1