|join|Shaneee
|join|hjgjhfjhf
|player|p1|Shaneee|226
|player|p2|hjgjhfjhf|188
|gametype|singles
|gen|6
|tier|UU
|rated
|rule|Sleep Clause Mod: Limit one foe put to sleep
|rule|Species Clause: Limit one of each Pokemon
|rule|OHKO Clause: OHKO moves are banned
|rule|Moody Clause: Moody is banned
|rule|Evasion Moves Clause: Evasion moves are banned
|rule|Endless Battle Clause: Forcing endless battles is banned.
|rule|HP Percentage Mod: HP is reported as percentages
|clearpoke
|poke|p1|Darmanitan, M
|poke|p1|Shaymin
|poke|p1|Suicune
|poke|p1|Gligar, F
|poke|p1|Ampharos, M
|poke|p1|Kyurem, shiny
|poke|p2|Suicune
|poke|p2|Vivillon, M
|poke|p2|Manectric, F
|poke|p2|Swampert, F
|poke|p2|Toxicroak, M
|poke|p2|Mew, shiny
|teampreview
|
|start
|switch|p1a: Shaymin|Shaymin|404\/404
|switch|p2a: Vivillon|Vivillon, M|301\/301
|turn|1
|join|Jigga Jigga
|
|move|p2a: Vivillon|Hurricane|p1a: Shaymin
|-supereffective|p1a: Shaymin
|-damage|p1a: Shaymin|74\/404
|-start|p1a: Shaymin|confusion
|-activate|p1a: Shaymin|confusion
|move|p1a: Shaymin|Air Slash|p2a: Vivillon
|-crit|p2a: Vivillon
|-supereffective|p2a: Vivillon
|-enditem|p2a: Vivillon|Focus Sash
|-damage|p2a: Vivillon|1\/301
|-damage|p1a: Shaymin|34\/404|[from] item: Life Orb
|
|turn|2
|chat|hjgjhfjhf|everyone has suicine and mega amph or manect 
|
|switch|p1a: Kyurem|Kyurem, shiny|454\/454
|-ability|p1a: Kyurem|Pressure
|move|p2a: Vivillon|Hurricane|p1a: Kyurem
|-damage|p1a: Kyurem|297\/454
|
|turn|3
|
|move|p2a: Vivillon|Sleep Powder|p1a: Kyurem
|-status|p1a: Kyurem|slp
|cant|p1a: Kyurem|slp
|
|turn|4
|
|move|p2a: Vivillon|Quiver Dance|p2a: Vivillon
|-boost|p2a: Vivillon|spa|1
|-boost|p2a: Vivillon|spd|1
|-boost|p2a: Vivillon|spe|1
|cant|p1a: Kyurem|slp
|
|turn|5
|
|move|p2a: Vivillon|Quiver Dance|p2a: Vivillon
|-boost|p2a: Vivillon|spa|1
|-boost|p2a: Vivillon|spd|1
|-boost|p2a: Vivillon|spe|1
|cant|p1a: Kyurem|slp
|
|turn|6
|
|move|p2a: Vivillon|Hurricane|p1a: Kyurem
|-damage|p1a: Kyurem|0 fnt
|faint|p1a: Kyurem
|
|
|switch|p1a: Suicune|Suicune|404\/404
|-ability|p1a: Suicune|Pressure
|turn|7
|
|move|p2a: Vivillon|Hurricane|p1a: Suicune
|-damage|p1a: Suicune|133\/404
|move|p1a: Suicune|Scald|p2a: Vivillon
|-damage|p2a: Vivillon|0 fnt
|faint|p2a: Vivillon
|
|-heal|p1a: Suicune|158\/404|[from] item: Leftovers
|
|switch|p2a: Manectric|Manectric, F|281\/281
|turn|8
|
|switch|p1a: Ampharos|Ampharos, M|322\/322
|-formechange|p2a: Manectric|Manectric-Mega
|message|Manectric has Mega Evolved into Mega Manectric!
|-ability|p2a: Manectric|Intimidate|[of] p1a: Ampharos
|-unboost|p1a: Ampharos|atk|1
|move|p2a: Manectric|Thunderbolt|p1a: Ampharos
|-resisted|p1a: Ampharos
|-damage|p1a: Ampharos|239\/322
|
|turn|9
|
|-formechange|p1a: Ampharos|Ampharos-Mega
|message|Ampharos has Mega Evolved into Mega Ampharos!
|-ability|p1a: Ampharos|Mold Breaker
|move|p2a: Manectric|Volt Switch|p1a: Ampharos
|-resisted|p1a: Ampharos
|-damage|p1a: Ampharos|210\/322
|
|switch|p2a: Swampert|Swampert, F|404\/404
|move|p1a: Ampharos|Thunderbolt|p2a: Swampert
|-immune|p2a: Swampert|[msg]
|
|turn|10
|
|switch|p1a: Shaymin|Shaymin|34\/404
|move|p2a: Swampert|Earthquake|p1a: Shaymin
|-resisted|p1a: Shaymin
|-damage|p1a: Shaymin|0 fnt
|faint|p1a: Shaymin
|
|
|switch|p1a: Suicune|Suicune|158\/404
|-ability|p1a: Suicune|Pressure
|turn|11
|
|move|p1a: Suicune|Scald|p2a: Swampert
|-damage|p2a: Swampert|302\/404
|-status|p2a: Swampert|brn
|move|p2a: Swampert|Stealth Rock|p1a: Suicune
|-sidestart|p1: Shaneee|move: Stealth Rock
|
|-heal|p1a: Suicune|183\/404|[from] item: Leftovers
|-heal|p2a: Swampert|327\/404 brn|[from] item: Leftovers
|-damage|p2a: Swampert|277\/404 brn|[from] brn
|turn|12
|
|switch|p1a: Ariana Grande|Gligar, F|334\/334
|-damage|p1a: Ariana Grande|293\/334|[from] Stealth Rock
|move|p2a: Swampert|Roar|p1a: Ariana Grande
|drag|p1a: Darmanitan|Darmanitan, M|351\/351
|-damage|p1a: Darmanitan|264\/351|[from] Stealth Rock
|
|-heal|p2a: Swampert|302\/404 brn|[from] item: Leftovers
|-damage|p2a: Swampert|252\/404 brn|[from] brn
|turn|13
|
|move|p1a: Darmanitan|U-turn|p2a: Swampert
|-damage|p2a: Swampert|147\/404 brn
|
|switch|p1a: Ariana Grande|Gligar, F|293\/334
|-damage|p1a: Ariana Grande|252\/334|[from] Stealth Rock
|move|p2a: Swampert|Scald|p1a: Ariana Grande
|-supereffective|p1a: Ariana Grande
|-damage|p1a: Ariana Grande|100\/334
|
|-heal|p2a: Swampert|172\/404 brn|[from] item: Leftovers
|-damage|p2a: Swampert|122\/404 brn|[from] brn
|turn|14
|
|move|p1a: Ariana Grande|Roost|p1a: Ariana Grande
|-heal|p1a: Ariana Grande|267\/334
|move|p2a: Swampert|Scald|p1a: Ariana Grande
|-supereffective|p1a: Ariana Grande
|-damage|p1a: Ariana Grande|39\/334
|
|-heal|p2a: Swampert|147\/404 brn|[from] item: Leftovers
|-damage|p2a: Swampert|97\/404 brn|[from] brn
|turn|15
|
|move|p1a: Ariana Grande|Defog|p2a: Swampert
|-unboost|p2a: Swampert|evasion|1
|-sideend|p1: Shaneee|Stealth Rock|[from] move: Defog|[of] p1a: Ariana Grande
|move|p2a: Swampert|Scald|p1a: Ariana Grande
|-supereffective|p1a: Ariana Grande
|-damage|p1a: Ariana Grande|0 fnt
|faint|p1a: Ariana Grande
|
|-heal|p2a: Swampert|122\/404 brn|[from] item: Leftovers
|-damage|p2a: Swampert|72\/404 brn|[from] brn
|
|switch|p1a: Darmanitan|Darmanitan, M|264\/351
|turn|16
|
|move|p1a: Darmanitan|U-turn|p2a: Swampert
|-damage|p2a: Swampert|0 fnt
|faint|p2a: Swampert
|
|switch|p1a: Ampharos|Ampharos, M|210\/322
|-formechange|p1a: Ampharos|Ampharos-Mega
|-ability|p1a: Ampharos|Mold Breaker
|
|
|switch|p2a: Toxicroak|Toxicroak, M|370\/370
|turn|17
|
|move|p2a: Toxicroak|Ice Punch|p1a: Ampharos
|-supereffective|p1a: Ampharos
|-damage|p1a: Ampharos|38\/322
|move|p1a: Ampharos|Thunderbolt|p2a: Toxicroak
|-damage|p2a: Toxicroak|157\/370
|
|turn|18
|
|move|p2a: Toxicroak|Knock Off|p1a: Ampharos
|-damage|p1a: Ampharos|0 fnt
|faint|p1a: Ampharos
|
|
|switch|p1a: Darmanitan|Darmanitan, M|264\/351
|turn|19
|
|move|p1a: Darmanitan|Flare Blitz|p2a: Toxicroak
|-damage|p2a: Toxicroak|0 fnt
|-damage|p1a: Darmanitan|212\/351|[from] recoil|[of] p2a: Toxicroak
|faint|p2a: Toxicroak
|
|chat|hjgjhfjhf|damn I should not have done that
|chat|hjgjhfjhf|toxicroak walls crocune entirely
|chat|hjgjhfjhf|i should have kept
|
|switch|p2a: Mew|Mew, shiny|341\/341
|turn|20
|chat|Shaneee|at least you still have ur mega electric
|chat|Shaneee|:(
|
|move|p2a: Mew|Sucker Punch|p1a: Darmanitan
|-damage|p1a: Darmanitan|64\/351
|move|p1a: Darmanitan|Flare Blitz|p2a: Mew
|-damage|p2a: Mew|0 fnt
|-damage|p1a: Darmanitan|0 fnt|[from] recoil|[of] p2a: Mew
|faint|p2a: Mew
|faint|p1a: Darmanitan
|
|chat|hjgjhfjhf|I lost 3 in a row aswell, so im 200 score below you
|chat|hjgjhfjhf|you might lose a lot of rank
|
|switch|p2a: Manectric|Manectric, F|281\/281
|-formechange|p2a: Manectric|Manectric-Mega
|switch|p1a: Suicune|Suicune|183\/404
|-ability|p2a: Manectric|Intimidate|[of] p1a: Suicune
|-unboost|p1a: Suicune|atk|1
|-ability|p1a: Suicune|Pressure
|turn|21
|
|move|p2a: Manectric|Thunderbolt|p1a: Suicune
|-supereffective|p1a: Suicune
|-damage|p1a: Suicune|0 fnt
|faint|p1a: Suicune
|
|win|hjgjhfjhf
|raw|Ladder updating...
|chat|hjgjhfjhf|gg 
|chat|Shaneee|gg
|leave|Shaneee
|player|p1
|raw|Ladder (probably) updated, but score could not be retrieved (timeout).
|raw|Ladder (probably) updated, but score could not be retrieved (Error: socket hang up).
|leave|Jigga Jigga
|join|Jigga Jigga