|join|Shaneee
|join|pokemonisfun
|player|p1|Shaneee|226
|player|p2|pokemonisfun|184
|gametype|singles
|gen|6
|tier|UU
|rated
|rule|Sleep Clause Mod: Limit one foe put to sleep
|rule|Species Clause: Limit one of each Pokemon
|rule|OHKO Clause: OHKO moves are banned
|rule|Moody Clause: Moody is banned
|rule|Evasion Moves Clause: Evasion moves are banned
|rule|Endless Battle Clause: Forcing endless battles is banned.
|rule|HP Percentage Mod: HP is reported as percentages
|clearpoke
|poke|p1|Darmanitan, F
|poke|p1|Heracross, F
|poke|p1|Suicune
|poke|p1|Gligar, F
|poke|p1|Ampharos, M
|poke|p1|Venomoth, M
|poke|p2|Porygon-Z
|poke|p2|Nidoking, M
|poke|p2|Galvantula, M
|poke|p2|Aggron, F
|poke|p2|Toxicroak, M
|poke|p2|Flygon, F
|teampreview
|
|start
|switch|p1a: ATV|Venomoth, M|281\/281
|switch|p2a: Galvantula|Galvantula, M|281\/281
|turn|1
|
|move|p2a: Galvantula|Thunder|p1a: ATV
|-damage|p1a: ATV|91\/281
|-status|p1a: ATV|par
|cant|p1a: ATV|par
|
|turn|2
|
|move|p2a: Galvantula|Sticky Web|p1a: ATV
|-sidestart|p1: Shaneee|move: Sticky Web
|cant|p1a: ATV|par
|
|turn|3
|join|kinq uu
|
|move|p2a: Galvantula|Thunder|p1a: ATV
|-damage|p1a: ATV|0 fnt
|faint|p1a: ATV
|
|
|switch|p1a: Kim Kardashian|Ampharos, M|322\/322
|-activate|p1a: Kim Kardashian|move: Sticky Web
|-unboost|p1a: Kim Kardashian|spe|1
|turn|4
|
|-formechange|p1a: Kim Kardashian|Ampharos-Mega
|message|Ampharos has Mega Evolved into Mega Ampharos!
|-ability|p1a: Kim Kardashian|Mold Breaker
|move|p2a: Galvantula|Bug Buzz|p1a: Kim Kardashian
|-damage|p1a: Kim Kardashian|202\/322
|move|p1a: Kim Kardashian|Volt Switch|p2a: Galvantula
|-resisted|p2a: Galvantula
|-damage|p2a: Galvantula|164\/281
|
|switch|p1a: Miranda Kerr|Heracross, F|302\/302
|-activate|p1a: Miranda Kerr|move: Sticky Web
|-unboost|p1a: Miranda Kerr|spe|1
|
|turn|5
|
|move|p2a: Galvantula|Thunder|p1a: Miranda Kerr
|-damage|p1a: Miranda Kerr|127\/302
|move|p1a: Miranda Kerr|Earthquake|p2a: Galvantula
|-damage|p2a: Galvantula|0 fnt
|faint|p2a: Galvantula
|-boost|p1a: Miranda Kerr|atk|1|[from] ability: Moxie
|
|
|switch|p2a: Flygon|Flygon, F|364\/364
|turn|6
|
|switch|p1a: Ariana Grande|Gligar, F|334\/334
|move|p2a: Flygon|U-turn|p1a: Ariana Grande
|-resisted|p1a: Ariana Grande
|-damage|p1a: Ariana Grande|321\/334
|
|switch|p2a: Porygon-Z|Porygon-Z|311\/311
|
|turn|7
|
|move|p2a: Porygon-Z|Nasty Plot|p2a: Porygon-Z
|-boost|p2a: Porygon-Z|spa|2
|move|p1a: Ariana Grande|Defog|p2a: Porygon-Z
|-unboost|p2a: Porygon-Z|evasion|1
|-sideend|p1: Shaneee|Sticky Web|[from] move: Defog|[of] p1a: Ariana Grande
|
|turn|8
|
|move|p2a: Porygon-Z|Agility|p2a: Porygon-Z
|-boost|p2a: Porygon-Z|spe|2
|move|p1a: Ariana Grande|U-turn|p2a: Porygon-Z
|-damage|p2a: Porygon-Z|247\/311
|
|switch|p1a: Miranda Kerr|Heracross, F|127\/302
|
|turn|9
|
|move|p2a: Porygon-Z|Tri Attack|p1a: Miranda Kerr
|-damage|p1a: Miranda Kerr|0 fnt
|faint|p1a: Miranda Kerr
|
|
|switch|p1a: Suicune|Suicune|404\/404
|-ability|p1a: Suicune|Pressure
|turn|10
|
|move|p2a: Porygon-Z|Tri Attack|p1a: Suicune
|-damage|p1a: Suicune|46\/404
|move|p1a: Suicune|Scald|p2a: Porygon-Z
|-damage|p2a: Porygon-Z|130\/311
|
|-heal|p1a: Suicune|71\/404|[from] item: Leftovers
|turn|11
|
|move|p2a: Porygon-Z|Tri Attack|p1a: Suicune
|-damage|p1a: Suicune|0 fnt
|faint|p1a: Suicune
|
|
|switch|p1a: Adriana Lima|Darmanitan, F|351\/351
|turn|12
|
|move|p2a: Porygon-Z|Tri Attack|p1a: Adriana Lima
|-damage|p1a: Adriana Lima|0 fnt
|faint|p1a: Adriana Lima
|
|
|switch|p1a: Kim Kardashian|Ampharos, M|202\/322
|-formechange|p1a: Kim Kardashian|Ampharos-Mega
|-ability|p1a: Kim Kardashian|Mold Breaker
|turn|13
|leave|Shaneee
|player|p1
|join|Shaneee
|player|p1|Shaneee|226
|
|move|p2a: Porygon-Z|Tri Attack|p1a: Kim Kardashian
|-damage|p1a: Kim Kardashian|0 fnt
|faint|p1a: Kim Kardashian
|
|
|switch|p1a: Ariana Grande|Gligar, F|321\/334
|turn|14
|
|move|p2a: Porygon-Z|Tri Attack|p1a: Ariana Grande
|-damage|p1a: Ariana Grande|0 fnt
|faint|p1a: Ariana Grande
|
|win|pokemonisfun
|raw|Ladder updating...
|leave|pokemonisfun
|player|p2
|raw|Shaneee's rating: 1487 &rarr; <strong>1475<\/strong><br \/>(-12 for losing)
|raw|pokemonisfun's rating: 1640 &rarr; <strong>1651<\/strong><br \/>(+11 for winning)
|leave|Shaneee
|player|p1
|leave|kinq uu
|join|kinq uu