|join|Shaneee
|join|18lakeRulz
|player|p1|Shaneee|83
|player|p2|18lakeRulz|169
|gametype|singles
|gen|6
|tier|UU
|rated
|rule|Sleep Clause Mod: Limit one foe put to sleep
|rule|Species Clause: Limit one of each PokÃ©mon
|rule|OHKO Clause: OHKO moves are banned
|rule|Moody Clause: Moody is banned
|rule|Evasion Moves Clause: Evasion moves are banned
|rule|Endless Battle Clause: Forcing endless battles is banned
|rule|HP Percentage Mod: HP is reported as percentages
|clearpoke
|poke|p1|Darmanitan, F
|poke|p1|Snorlax, F, shiny
|poke|p1|Gligar, F, shiny
|poke|p1|Heracross, F
|poke|p1|Milotic, F
|poke|p1|Roserade, F, shiny
|poke|p2|Victini
|poke|p2|Ampharos, M
|poke|p2|Crobat, F
|poke|p2|Hippowdon, F
|poke|p2|Stoutland, F
|poke|p2|Blissey, F
|rule|Swagger Clause: Swagger is banned
|rule|Baton Pass Clause: Limit one PokÃ©mon knowing Baton Pass
|teampreview
|chat|18lakeRulz|gl
|chat|Shaneee|gl
|chat|18lakeRulz|nice team
|chat|Shaneee|ty
|chat|18lakeRulz|FWG core 3 walls and 3 attackers
|
|start
|switch|p1a: Roserade|Roserade, F, shiny|261\/261
|switch|p2a: V Bomb|Victini|341\/341
|turn|1
|chat|18lakeRulz|i like that
|
|switch|p1a: Gligar|Gligar, F, shiny|334\/334
|move|p2a: V Bomb|V-create|p1a: Gligar
|-damage|p1a: Gligar|153\/334
|-unboost|p2a: V Bomb|def|1
|-unboost|p2a: V Bomb|spd|1
|-unboost|p2a: V Bomb|spe|1
|
|turn|2
|
|switch|p1a: Milotic|Milotic, F|394\/394
|move|p2a: V Bomb|V-create|p1a: Milotic
|-resisted|p1a: Milotic
|-damage|p1a: Milotic|220\/394
|-unboost|p2a: V Bomb|def|1
|-unboost|p2a: V Bomb|spd|1
|-unboost|p2a: V Bomb|spe|1
|
|-heal|p1a: Milotic|244\/394|[from] item: Leftovers
|turn|3
|
|switch|p2a: Zeus Cannon|Ampharos, M|384\/384
|move|p1a: Milotic|Recover|p1a: Milotic
|-heal|p1a: Milotic|394\/394
|
|turn|4
|
|switch|p1a: Roserade|Roserade, F, shiny|261\/261
|detailschange|p2a: Zeus Cannon|Ampharos-Mega, M
|message|Ampharos has Mega Evolved into Mega Ampharos!
|-ability|p2a: Zeus Cannon|Mold Breaker
|move|p2a: Zeus Cannon|Dragon Pulse|p1a: Roserade
|-damage|p1a: Roserade|126\/261
|
|-heal|p1a: Roserade|142\/261|[from] item: Black Sludge
|turn|5
|
|switch|p2a: It's Blissey Bitch|Blissey, F|652\/652
|move|p1a: Roserade|Sleep Powder|p2a: It's Blissey Bitch
|-status|p2a: It's Blissey Bitch|slp
|
|-heal|p1a: Roserade|158\/261|[from] item: Black Sludge
|turn|6
|
|switch|p2a: Brobat|Crobat, F|373\/373
|move|p1a: Roserade|Spikes|p2a: Brobat
|-sidestart|p2: 18lakeRulz|Spikes
|
|-heal|p1a: Roserade|174\/261|[from] item: Black Sludge
|turn|7
|
|switch|p1a: Milotic|Milotic, F|394\/394
|move|p2a: Brobat|Brave Bird|p1a: Milotic
|-damage|p1a: Milotic|279\/394
|-damage|p2a: Brobat|335\/373|[from] recoil|[of] p1a: Milotic
|
|-heal|p2a: Brobat|358\/373|[from] item: Black Sludge
|-heal|p1a: Milotic|303\/394|[from] item: Leftovers
|turn|8
|
|move|p2a: Brobat|Defog|p1a: Milotic
|-unboost|p1a: Milotic|evasion|1
|-boost|p1a: Milotic|spa|2|[from] ability: Competitive
|-sideend|p2: 18lakeRulz|Spikes|[from] move: Defog|[of] p2a: Brobat
|move|p1a: Milotic|Dragon Tail|p2a: Brobat|[miss]
|-miss|p1a: Milotic|p2a: Brobat
|
|-heal|p2a: Brobat|373\/373|[from] item: Black Sludge
|-heal|p1a: Milotic|327\/394|[from] item: Leftovers
|turn|9
|chat|18lakeRulz|lol ok
|chat|18lakeRulz|different
|chat|Shaneee|^^
|
|move|p2a: Brobat|Brave Bird|p1a: Milotic
|-damage|p1a: Milotic|195\/394
|-damage|p2a: Brobat|329\/373|[from] recoil|[of] p1a: Milotic
|move|p1a: Milotic|Hydro Pump|p2a: Brobat
|-damage|p2a: Brobat|8\/373
|
|-heal|p2a: Brobat|31\/373|[from] item: Black Sludge
|-heal|p1a: Milotic|219\/394|[from] item: Leftovers
|turn|10
|
|switch|p2a: Zeus Cannon|Ampharos-Mega, M|384\/384
|-ability|p2a: Zeus Cannon|Mold Breaker
|move|p1a: Milotic|Ice Beam|p2a: Zeus Cannon
|-supereffective|p2a: Zeus Cannon
|-damage|p2a: Zeus Cannon|118\/384
|
|-heal|p1a: Milotic|243\/394|[from] item: Leftovers
|turn|11
|
|switch|p2a: V Bomb|Victini|341\/341
|move|p1a: Milotic|Ice Beam|p2a: V Bomb
|-resisted|p2a: V Bomb
|-damage|p2a: V Bomb|272\/341
|
|-heal|p1a: Milotic|267\/394|[from] item: Leftovers
|turn|12
|
|switch|p1a: Gligar|Gligar, F, shiny|153\/334
|move|p2a: V Bomb|Bolt Strike|p1a: Gligar
|-immune|p1a: Gligar|[msg]
|
|turn|13
|
|switch|p2a: Brobat|Crobat, F|31\/373
|move|p1a: Gligar|Stealth Rock|p2a: Brobat
|-sidestart|p2: 18lakeRulz|move: Stealth Rock
|
|-heal|p2a: Brobat|54\/373|[from] item: Black Sludge
|turn|14
|
|move|p2a: Brobat|Roost|p2a: Brobat
|-heal|p2a: Brobat|241\/373
|move|p1a: Gligar|Roost|p1a: Gligar
|-heal|p1a: Gligar|320\/334
|
|-heal|p2a: Brobat|264\/373|[from] item: Black Sludge
|turn|15
|chat|18lakeRulz|phew
|
|switch|p1a: Milotic|Milotic, F|267\/394
|move|p2a: Brobat|U-turn|p1a: Milotic
|-damage|p1a: Milotic|219\/394
|
|switch|p2a: Swag Stache|Stoutland, F|312\/312
|-damage|p2a: Swag Stache|273\/312|[from] Stealth Rock
|
|-heal|p1a: Milotic|243\/394|[from] item: Leftovers
|turn|16
|
|switch|p1a: Gligar|Gligar, F, shiny|320\/334
|move|p2a: Swag Stache|Return|p1a: Gligar
|-damage|p1a: Gligar|213\/334
|-damage|p2a: Swag Stache|242\/312|[from] item: Life Orb
|
|turn|17
|
|switch|p2a: V Bomb|Victini|272\/341
|-damage|p2a: V Bomb|187\/341|[from] Stealth Rock
|move|p1a: Gligar|U-turn|p2a: V Bomb
|-damage|p2a: V Bomb|139\/341
|
|switch|p1a: Heracross|Heracross, F|302\/302
|
|turn|18
|
|move|p1a: Heracross|Earthquake|p2a: V Bomb
|-supereffective|p2a: V Bomb
|-damage|p2a: V Bomb|0 fnt
|faint|p2a: V Bomb
|-boost|p1a: Heracross|atk|1|[from] ability: Moxie
|
|
|switch|p2a: Brobat|Crobat, F|264\/373
|-damage|p2a: Brobat|171\/373|[from] Stealth Rock
|turn|19
|
|switch|p1a: Milotic|Milotic, F|243\/394
|move|p2a: Brobat|Brave Bird|p1a: Milotic
|-damage|p1a: Milotic|129\/394
|-damage|p2a: Brobat|133\/373|[from] recoil|[of] p1a: Milotic
|
|-heal|p2a: Brobat|156\/373|[from] item: Black Sludge
|-heal|p1a: Milotic|153\/394|[from] item: Leftovers
|turn|20
|
|move|p2a: Brobat|U-turn|p1a: Milotic
|-damage|p1a: Milotic|103\/394
|
|switch|p2a: Swag Stache|Stoutland, F|242\/312
|-damage|p2a: Swag Stache|203\/312|[from] Stealth Rock
|move|p1a: Milotic|Recover|p1a: Milotic
|-heal|p1a: Milotic|300\/394
|
|-heal|p1a: Milotic|324\/394|[from] item: Leftovers
|turn|21
|
|move|p2a: Swag Stache|Return|p1a: Milotic
|-damage|p1a: Milotic|133\/394
|-damage|p2a: Swag Stache|172\/312|[from] item: Life Orb
|move|p1a: Milotic|Hydro Pump|p2a: Swag Stache|[miss]
|-miss|p1a: Milotic|p2a: Swag Stache
|
|-heal|p1a: Milotic|157\/394|[from] item: Leftovers
|turn|22
|
|switch|p1a: Gligar|Gligar, F, shiny|213\/334
|move|p2a: Swag Stache|Return|p1a: Gligar
|-damage|p1a: Gligar|100\/334
|-damage|p2a: Swag Stache|141\/312|[from] item: Life Orb
|
|turn|23
|
|move|p2a: Swag Stache|Return|p1a: Gligar
|-damage|p1a: Gligar|0 fnt
|-damage|p2a: Swag Stache|110\/312|[from] item: Life Orb
|faint|p1a: Gligar
|
|
|switch|p1a: Heracross|Heracross, F|302\/302
|turn|24
|
|switch|p2a: Phat Hippo|Hippowdon, F|420\/420
|-damage|p2a: Phat Hippo|394\/420|[from] Stealth Rock
|-weather|Sandstorm
|move|p1a: Heracross|Stone Edge|p2a: Phat Hippo
|-resisted|p2a: Phat Hippo
|-damage|p2a: Phat Hippo|353\/420
|
|-weather|Sandstorm|[upkeep]
|-damage|p1a: Heracross|284\/302|[from] sandstorm
|turn|25
|
|switch|p1a: Roserade|Roserade, F, shiny|174\/261
|move|p2a: Phat Hippo|Stealth Rock|p1a: Roserade
|-sidestart|p1: Shaneee|move: Stealth Rock
|
|-weather|Sandstorm|[upkeep]
|-damage|p1a: Roserade|158\/261|[from] sandstorm
|-heal|p1a: Roserade|174\/261|[from] item: Black Sludge
|turn|26
|
|move|p1a: Roserade|Sleep Powder|p2a: Phat Hippo
|-status|p2a: Phat Hippo|slp
|cant|p2a: Phat Hippo|slp
|
|-weather|Sandstorm|[upkeep]
|-damage|p1a: Roserade|158\/261|[from] sandstorm
|-heal|p1a: Roserade|174\/261|[from] item: Black Sludge
|turn|27
|
|switch|p2a: It's Blissey Bitch|Blissey, F|652\/652
|-damage|p2a: It's Blissey Bitch|571\/652|[from] Stealth Rock
|move|p1a: Roserade|Spikes|p2a: It's Blissey Bitch
|-sidestart|p2: 18lakeRulz|Spikes
|
|-weather|Sandstorm|[upkeep]
|-damage|p1a: Roserade|158\/261|[from] sandstorm
|-damage|p2a: It's Blissey Bitch|531\/652|[from] sandstorm
|-heal|p1a: Roserade|174\/261|[from] item: Black Sludge
|-heal|p2a: It's Blissey Bitch|571\/652|[from] item: Leftovers
|turn|28
|
|move|p1a: Roserade|Spikes|p2a: It's Blissey Bitch
|-sidestart|p2: 18lakeRulz|Spikes
|move|p2a: It's Blissey Bitch|Wish|p2a: It's Blissey Bitch
|
|-weather|Sandstorm|[upkeep]
|-damage|p1a: Roserade|158\/261|[from] sandstorm
|-damage|p2a: It's Blissey Bitch|531\/652|[from] sandstorm
|-heal|p1a: Roserade|174\/261|[from] item: Black Sludge
|-heal|p2a: It's Blissey Bitch|571\/652|[from] item: Leftovers
|turn|29
|
|switch|p2a: Brobat|Crobat, F|156\/373
|-damage|p2a: Brobat|63\/373|[from] Stealth Rock
|move|p1a: Roserade|Sludge Bomb|p2a: Brobat
|-resisted|p2a: Brobat
|-damage|p2a: Brobat|0 fnt
|faint|p2a: Brobat
|
|-weather|Sandstorm|[upkeep]
|-damage|p1a: Roserade|158\/261|[from] sandstorm
|-heal|p1a: Roserade|174\/261|[from] item: Black Sludge
|
|switch|p2a: Swag Stache|Stoutland, F|110\/312
|-damage|p2a: Swag Stache|71\/312|[from] Stealth Rock
|-damage|p2a: Swag Stache|19\/312|[from] Spikes
|turn|30
|
|switch|p1a: Rob Ford|Snorlax, F, shiny|524\/524
|-damage|p1a: Rob Ford|459\/524|[from] Stealth Rock
|move|p2a: Swag Stache|Retaliate|p1a: Rob Ford
|-damage|p1a: Rob Ford|29\/524
|-damage|p2a: Swag Stache|0 fnt|[from] item: Life Orb
|faint|p2a: Swag Stache
|
|-weather|Sandstorm|[upkeep]
|-damage|p1a: Rob Ford|0 fnt|[from] sandstorm
|faint|p1a: Rob Ford
|
|switch|p1a: Roserade|Roserade, F, shiny|174\/261
|-damage|p1a: Roserade|142\/261|[from] Stealth Rock
|switch|p2a: It's Blissey Bitch|Blissey, F|571\/652
|-damage|p2a: It's Blissey Bitch|463\/652|[from] Spikes
|-damage|p2a: It's Blissey Bitch|382\/652|[from] Stealth Rock
|turn|31
|
|move|p1a: Roserade|Giga Drain|p2a: It's Blissey Bitch
|-damage|p2a: It's Blissey Bitch|312\/652
|-heal|p1a: Roserade|177\/261|[from] drain|[of] p2a: It's Blissey Bitch
|move|p2a: It's Blissey Bitch|Seismic Toss|p1a: Roserade
|-damage|p1a: Roserade|77\/261
|
|-weather|none
|-heal|p1a: Roserade|93\/261|[from] item: Black Sludge
|-heal|p2a: It's Blissey Bitch|352\/652|[from] item: Leftovers
|turn|32
|
|switch|p1a: >victini|Darmanitan, F|351\/351
|-damage|p1a: >victini|264\/351|[from] Stealth Rock
|move|p2a: It's Blissey Bitch|Wish|p2a: It's Blissey Bitch
|
|-heal|p2a: It's Blissey Bitch|392\/652|[from] item: Leftovers
|turn|33
|
|move|p2a: It's Blissey Bitch|Protect|p2a: It's Blissey Bitch
|-singleturn|p2a: It's Blissey Bitch|Protect
|move|p1a: >victini|Flare Blitz|p2a: It's Blissey Bitch
|-activate|p2a: It's Blissey Bitch|Protect
|
|-heal|p2a: It's Blissey Bitch|652\/652|[from] move: Wish|[wisher] It's Blissey Bitch
|turn|34
|
|move|p1a: >victini|Flare Blitz|p2a: It's Blissey Bitch
|-damage|p2a: It's Blissey Bitch|0 fnt
|-damage|p1a: >victini|49\/351|[from] recoil|[of] p2a: It's Blissey Bitch
|faint|p2a: It's Blissey Bitch
|
|
|switch|p2a: Phat Hippo|Hippowdon, F|353\/420 slp
|-damage|p2a: Phat Hippo|283\/420 slp|[from] Spikes
|-damage|p2a: Phat Hippo|257\/420 slp|[from] Stealth Rock
|-weather|Sandstorm
|turn|35
|
|move|p1a: >victini|Flare Blitz|p2a: Phat Hippo
|-damage|p2a: Phat Hippo|0 fnt
|-damage|p1a: >victini|0 fnt|[from] recoil|[of] p2a: Phat Hippo
|faint|p2a: Phat Hippo
|faint|p1a: >victini
|
|-weather|Sandstorm|[upkeep]
|chat|18lakeRulz|gg
|
|switch|p1a: Heracross|Heracross, F|284\/302
|-damage|p1a: Heracross|247\/302|[from] Stealth Rock
|switch|p2a: Zeus Cannon|Ampharos-Mega, M|118\/384
|-damage|p2a: Zeus Cannon|54\/384|[from] Spikes
|-damage|p2a: Zeus Cannon|6\/384|[from] Stealth Rock
|-ability|p2a: Zeus Cannon|Mold Breaker
|turn|36
|chat|Shaneee|gg
|chat|18lakeRulz|very nice team
|chat|Shaneee|thanks man
|chat|18lakeRulz|did u make it urself?
|chat|Shaneee|yes
|chat|18lakeRulz|i really need knock off aye lol
|chat|Shaneee|had to make a million changes till it clicked
|chat|18lakeRulz|true
|chat|18lakeRulz|well gg
|chat|18lakeRulz|again
|
|move|p1a: Heracross|Earthquake|p2a: Zeus Cannon
|-supereffective|p2a: Zeus Cannon
|-damage|p2a: Zeus Cannon|0 fnt
|faint|p2a: Zeus Cannon
|-boost|p1a: Heracross|atk|1|[from] ability: Moxie
|
|win|Shaneee
|raw|Ladder updating...
|chat|Shaneee|gg
|raw|Shaneee's rating: 1626 &rarr; <strong>1632<\/strong><br \/>(+6 for winning)
|raw|18lakeRulz's rating: 1341 &rarr; <strong>1334<\/strong><br \/>(-7 for losing)
|leave|Shaneee
|player|p1