|join|DuntDropDatDedenne
|join|Shaneee
|player|p1|DuntDropDatDedenne|226
|player|p2|Shaneee|47
|gametype|singles
|gen|6
|tier|UU
|rated
|rule|Sleep Clause Mod: Limit one foe put to sleep
|rule|Species Clause: Limit one of each PokÃ©mon
|rule|OHKO Clause: OHKO moves are banned
|rule|Moody Clause: Moody is banned
|rule|Evasion Moves Clause: Evasion moves are banned
|rule|Endless Battle Clause: Forcing endless battles is banned
|rule|HP Percentage Mod: HP is shown in percentages
|clearpoke
|poke|p1|Blissey, F
|poke|p1|Cresselia, F
|poke|p1|Empoleon, M
|poke|p1|Chesnaught, M
|poke|p1|Entei, shiny
|poke|p1|Noivern, M
|poke|p2|Suicune
|poke|p2|Gligar, F, shiny
|poke|p2|Snorlax, F, shiny
|poke|p2|Ampharos, F, shiny
|poke|p2|Scrafty, F
|poke|p2|Darmanitan, M
|rule|Swagger Clause: Swagger is banned
|rule|Baton Pass Clause: Limit one PokÃ©mon knowing Baton Pass
|teampreview
DuntDropDatDedenne made this room private.
|raw|<div class="broadcast-red"><b>Moderated chat was set to +!<\/b><br \/>Only users of rank + and higher can talk.<\/div>
|
|start
|switch|p1a: Noivern|Noivern, M|311\/311
|switch|p2a: Darmanitan|Darmanitan, M|351\/351
|turn|1
|
|switch|p2a: Rob Ford|Snorlax, F, shiny|511\/511
|move|p1a: Noivern|Boomburst|p2a: Rob Ford
|-damage|p2a: Rob Ford|385\/511
|
|-heal|p2a: Rob Ford|416\/511|[from] item: Leftovers
|turn|2
|
|switch|p1a: Chesnaught|Chesnaught, M|380\/380
|move|p2a: Rob Ford|Body Slam|p1a: Chesnaught
|-damage|p1a: Chesnaught|304\/380
|
|-heal|p1a: Chesnaught|327\/380|[from] item: Leftovers
|-heal|p2a: Rob Ford|447\/511|[from] item: Leftovers
|turn|3
|
|switch|p2a: Darmanitan|Darmanitan, M|351\/351
|move|p1a: Chesnaught|Leech Seed|p2a: Darmanitan
|-start|p2a: Darmanitan|move: Leech Seed
|
|-heal|p1a: Chesnaught|350\/380|[from] item: Leftovers
|-damage|p2a: Darmanitan|308\/351|[from] Leech Seed|[of] p1a: Chesnaught
|-heal|p1a: Chesnaught|380\/380|[silent]
|turn|4
|
|move|p1a: Chesnaught|Spiky Shield|p1a: Chesnaught
|-singleturn|p1a: Chesnaught|move: Protect
|move|p2a: Darmanitan|Flare Blitz|p1a: Chesnaught
|-activate|p1a: Chesnaught|move: Protect
|-damage|p2a: Darmanitan|265\/351|[from] Spiky Shield|[of] p1a: Chesnaught
|
|-damage|p2a: Darmanitan|222\/351|[from] Leech Seed|[of] p1a: Chesnaught
|turn|5
|
|switch|p1a: Entei|Entei, shiny|371\/371
|-ability|p1a: Entei|Pressure
|move|p2a: Darmanitan|Flare Blitz|p1a: Entei
|-resisted|p1a: Entei
|-damage|p1a: Entei|95\/371
|-damage|p2a: Darmanitan|131\/351|[from] recoil|[of] p1a: Entei
|
|-damage|p2a: Darmanitan|88\/351|[from] Leech Seed|[of] p1a: Entei
|-heal|p1a: Entei|138\/371|[silent]
|turn|6
|
|switch|p2a: Ariana Grande|Gligar, F, shiny|334\/334
|move|p1a: Entei|Extreme Speed|p2a: Ariana Grande
|-damage|p2a: Ariana Grande|269\/334
|
|turn|7
|join|silverbackkap
|join|StayPuft84
|join|poon-occhio (D>D)
|join|Volbeatdown
|join|Ahegao Senpai
|leave|StayPuft84
|
|switch|p1a: Cresselia|Cresselia, F|444\/444
|move|p2a: Ariana Grande|Earthquake|p1a: Cresselia
|-immune|p1a: Cresselia|[msg]
|
|turn|8
|join|I<3Magikarp
|join|M3ga Flygon
|join|Ghibli
|join|BenzMafia
|join|fruitpop
|
|switch|p2a: Rob Ford|Snorlax, F, shiny|447\/511
|move|p1a: Cresselia|Substitute|p1a: Cresselia
|-start|p1a: Cresselia|Substitute
|-damage|p1a: Cresselia|333\/444
|
|-heal|p1a: Cresselia|360\/444|[from] item: Leftovers
|-heal|p2a: Rob Ford|478\/511|[from] item: Leftovers
|turn|9
|join|sniperaim
|join|Duskt70
|leave|fruitpop
|join|Gerald Eugene III
|
|move|p1a: Cresselia|Calm Mind|p1a: Cresselia
|-boost|p1a: Cresselia|spa|1
|-boost|p1a: Cresselia|spd|1
|move|p2a: Rob Ford|Curse|p2a: Rob Ford
|-boost|p2a: Rob Ford|atk|1
|-boost|p2a: Rob Ford|def|1
|-unboost|p2a: Rob Ford|spe|1
|
|-heal|p1a: Cresselia|387\/444|[from] item: Leftovers
|-heal|p2a: Rob Ford|509\/511|[from] item: Leftovers
|turn|10
|join|DGChuck
|join|RedTube(Emma)
|join|MilkMyUdders
|join|Jigglys Puffs
|join|Koyaru
|join|Sindoge
|
|switch|p1a: Chesnaught|Chesnaught, M|380\/380
|move|p2a: Rob Ford|Body Slam|p1a: Chesnaught
|-damage|p1a: Chesnaught|278\/380
|
|-heal|p1a: Chesnaught|301\/380|[from] item: Leftovers
|-heal|p2a: Rob Ford|511\/511|[from] item: Leftovers
|turn|11
|
|switch|p2a: Ariana Grande|Gligar, F, shiny|269\/334
|move|p1a: Chesnaught|Leech Seed|p2a: Ariana Grande
|-start|p2a: Ariana Grande|move: Leech Seed
|
|-heal|p1a: Chesnaught|324\/380|[from] item: Leftovers
|-damage|p2a: Ariana Grande|228\/334|[from] Leech Seed|[of] p1a: Chesnaught
|-heal|p1a: Chesnaught|365\/380|[silent]
|turn|12
|join|noname4505
|leave|Jigglys Puffs
|leave|Koyaru
|
|switch|p1a: Noivern|Noivern, M|311\/311
|move|p2a: Ariana Grande|Stealth Rock|p1a: Noivern
|-sidestart|p1: DuntDropDatDedenne|move: Stealth Rock
|
|-damage|p2a: Ariana Grande|187\/334|[from] Leech Seed|[of] p1a: Noivern
|turn|13
|leave|MilkMyUdders
|join|MilkMyUdders
|leave|MilkMyUdders
|join|MilkMyUdders
|
|switch|p2a: Nicki Minaj|Scrafty, F|334\/334
|move|p1a: Noivern|Switcheroo|p2a: Nicki Minaj
|-activate|p1a: Noivern|move: Trick|[of] p2a: Nicki Minaj
|-item|p2a: Nicki Minaj|Choice Specs|[from] Trick
|-item|p1a: Noivern|Leftovers|[from] Trick
|
|turn|14
|leave|M3ga Flygon
|join|M3ga Flygon
|leave|M3ga Flygon
|
|switch|p1a: Chesnaught|Chesnaught, M|365\/380
|-damage|p1a: Chesnaught|342\/380|[from] Stealth Rock
|move|p2a: Nicki Minaj|Knock Off|p1a: Chesnaught
|-resisted|p1a: Chesnaught
|-damage|p1a: Chesnaught|309\/380
|-enditem|p1a: Chesnaught|Leftovers|[from] move: Knock Off|[of] p2a: Nicki Minaj
|
|turn|15
|join|M3ga Flygon
|leave|M3ga Flygon
Volbeatdown was promoted to Room Voice by Shaneee.
|join|M3ga Flygon
|c|+Volbeatdown|SUP YOUTUBZ
|
|switch|p2a: Kim Kardashian|Ampharos, F, shiny|369\/369
|move|p1a: Chesnaught|Leech Seed|p2a: Kim Kardashian
|-start|p2a: Kim Kardashian|move: Leech Seed
|
|-damage|p2a: Kim Kardashian|323\/369|[from] Leech Seed|[of] p1a: Chesnaught
|-heal|p1a: Chesnaught|355\/380|[silent]
|turn|16
|c|+Volbeatdown|WHATS POPPIN
|leave|M3ga Flygon
|join|M3ga Flygon
|leave|M3ga Flygon
|join|M3ga Flygon
|leave|M3ga Flygon
|join|M3ga Flygon
|join|Friendship :3
|leave|silverbackkap
|join|ElPacoTacoCat
|
|switch|p1a: Blissey|Blissey, F|651\/651
|-damage|p1a: Blissey|570\/651|[from] Stealth Rock
|detailschange|p2a: Kim Kardashian|Ampharos-Mega, F, shiny
|message|Ampharos has Mega Evolved into Mega Ampharos!
|-ability|p2a: Kim Kardashian|Mold Breaker
|move|p2a: Kim Kardashian|Volt Switch|p1a: Blissey
|-crit|p1a: Blissey
|-damage|p1a: Blissey|407\/651
|join|silverbackkap
|leave|Friendship :3
|join|Friendship :3
|leave|Ghibli
|
|switch|p2a: Darmanitan|Darmanitan, M|88\/351
|
|-heal|p1a: Blissey|447\/651|[from] item: Leftovers
|turn|17
|leave|Friendship :3
|join|Friendship :3
|c|+Volbeatdown|pls no
|leave|Gerald Eugene III
|join|Gerald Eugene III
|leave|silverbackkap
|leave|Gerald Eugene III
|join|silverbackkap
|c|+Volbeatdown|dont ignore blame truth
|join|Gerald Eugene III
|
|switch|p1a: Entei|Entei, shiny|138\/371
|-damage|p1a: Entei|46\/371|[from] Stealth Rock
|-ability|p1a: Entei|Pressure
|move|p2a: Darmanitan|Flare Blitz|p1a: Entei
|-resisted|p1a: Entei
|-damage|p1a: Entei|0 fnt
|-damage|p2a: Darmanitan|73\/351|[from] recoil|[of] p1a: Entei
|faint|p1a: Entei
|
|c|+Volbeatdown|i need your lovin
|leave|silverbackkap
|leave|Gerald Eugene III
|join|silverbackkap
|join|Gerald Eugene III
|leave|silverbackkap
|join|silverbackkap
|
|switch|p1a: Noivern|Noivern, M|311\/311
|-damage|p1a: Noivern|234\/311|[from] Stealth Rock
|turn|18
|leave|silverbackkap
|join|silverbackkap
|leave|silverbackkap
|join|silverbackkap
|
|switch|p1a: Empoleon|Empoleon, M|372\/372
|-damage|p1a: Empoleon|349\/372|[from] Stealth Rock
|switch|p2a: Rob Ford|Snorlax, F, shiny|511\/511
|
|-heal|p1a: Empoleon|372\/372|[from] item: Leftovers
|turn|19
|leave|silverbackkap
|join|silverbackkap
|leave|silverbackkap
|join|silverbackkap
|leave|silverbackkap
|join|silverbackkap
|
|switch|p2a: Darmanitan|Darmanitan, M|73\/351
|move|p1a: Empoleon|Stealth Rock|p2a: Darmanitan
|-sidestart|p2: Shaneee|move: Stealth Rock
|
|turn|20
|leave|silverbackkap
|join|silverbackkap
|leave|Friendship :3
|join|Friendship :3
|leave|Friendship :3
|join|Friendship :3
|leave|silverbackkap
|join|silverbackkap
|leave|Friendship :3
|join|Friendship :3
|leave|silverbackkap
|leave|Friendship :3
|join|silverbackkap
|join|Friendship :3
|leave|silverbackkap
|leave|Friendship :3
|join|silverbackkap
|join|Friendship :3
|leave|silverbackkap
|join|silverbackkap
|leave|Friendship :3
|join|Friendship :3
|leave|ElPacoTacoCat
|leave|silverbackkap
|join|silverbackkap
|
|switch|p1a: Noivern|Noivern, M|234\/311
|-damage|p1a: Noivern|157\/311|[from] Stealth Rock
|move|p2a: Darmanitan|Flare Blitz|p1a: Noivern
|-resisted|p1a: Noivern
|-damage|p1a: Noivern|0 fnt
|-damage|p2a: Darmanitan|21\/351|[from] recoil|[of] p1a: Noivern
|faint|p1a: Noivern
|
|leave|silverbackkap
|join|silverbackkap
|
|switch|p1a: Chesnaught|Chesnaught, M|355\/380
|-damage|p1a: Chesnaught|332\/380|[from] Stealth Rock
|turn|21
|
|switch|p2a: Ariana Grande|Gligar, F, shiny|187\/334
|-damage|p2a: Ariana Grande|146\/334|[from] Stealth Rock
|move|p1a: Chesnaught|Spiky Shield|p1a: Chesnaught
|-fail|p1a: Chesnaught
|
|turn|22
|leave|Friendship :3
|join|Friendship :3
|leave|silverbackkap
|leave|Friendship :3
|join|silverbackkap
|join|Friendship :3
|leave|silverbackkap
|join|silverbackkap
|leave|Friendship :3
|join|Friendship :3
|leave|silverbackkap
|join|silverbackkap
|leave|Friendship :3
|join|Friendship :3
|leave|silverbackkap
|join|silverbackkap
|leave|Friendship :3
|join|Friendship :3
|leave|silverbackkap
|join|silverbackkap
|leave|Friendship :3
|join|Friendship :3
|leave|silverbackkap
|join|silverbackkap
|leave|Friendship :3
|leave|silverbackkap
|join|Friendship :3
|join|silverbackkap
|leave|silverbackkap
|join|silverbackkap
|leave|silverbackkap
|join|silverbackkap
|leave|M3ga Flygon
|join|M3ga Flygon
|leave|M3ga Flygon
|join|M3ga Flygon
|leave|M3ga Flygon
|join|M3ga Flygon
|leave|M3ga Flygon
|leave|silverbackkap
|join|silverbackkap
|leave|silverbackkap
|join|silverbackkap
|leave|silverbackkap
|join|silverbackkap
|leave|silverbackkap
|join|silverbackkap
|leave|silverbackkap
|join|silverbackkap
|join|M3ga Flygon
|leave|M3ga Flygon
|join|M3ga Flygon
|leave|M3ga Flygon
|join|M3ga Flygon
|leave|M3ga Flygon
|leave|Gerald Eugene III
|join|M3ga Flygon
|leave|M3ga Flygon
|join|M3ga Flygon
|leave|M3ga Flygon
|join|Gerald Eugene III
|join|M3ga Flygon
|leave|Gerald Eugene III
|leave|M3ga Flygon
|join|Gerald Eugene III
|join|M3ga Flygon
|leave|M3ga Flygon
|join|M3ga Flygon
|leave|M3ga Flygon
|join|M3ga Flygon
|leave|silverbackkap
|join|silverbackkap
|leave|M3ga Flygon
|join|M3ga Flygon
|join|Alter
|leave|silverbackkap
|join|silverbackkap
|leave|silverbackkap
|join|silverbackkap
|leave|silverbackkap
|join|silverbackkap
|leave|silverbackkap
|join|silverbackkap
|leave|silverbackkap
|join|silverbackkap
|leave|M3ga Flygon
|join|M3ga Flygon
|leave|Volbeatdown
|leave|M3ga Flygon
silverbackkap was banned by Alter.
|unlink|silverbackkap
|leave|silverbackkap
M3ga Flygon was banned by Alter.
|unlink|guest1265350
|unlink|m3gaflygon
|c|âDuntDropDatDedenne|thanks Alter
|
|move|p2a: Ariana Grande|Defog|p1a: Chesnaught
|-unboost|p1a: Chesnaught|evasion|1
|-sideend|p1: DuntDropDatDedenne|Stealth Rock|[from] move: Defog|[of] p1a: Chesnaught
|-sideend|p2: Shaneee|Stealth Rock|[from] move: Defog|[of] p2a: Ariana Grande
|move|p1a: Chesnaught|Leech Seed|p2a: Ariana Grande
|-start|p2a: Ariana Grande|move: Leech Seed
|
|-damage|p2a: Ariana Grande|105\/334|[from] Leech Seed|[of] p1a: Chesnaught
|-heal|p1a: Chesnaught|373\/380|[silent]
|turn|23
|leave|DGChuck
|join|eaglehawk
|join|DrReuniclus89
|
|switch|p2a: Kim Kardashian|Ampharos-Mega, F, shiny|323\/369
|-ability|p2a: Kim Kardashian|Mold Breaker
|move|p1a: Chesnaught|Toxic|p2a: Kim Kardashian
|-status|p2a: Kim Kardashian|tox
|
|-damage|p2a: Kim Kardashian|300\/369 tox|[from] psn
|turn|24
|join|Volbeatdown
|leave|eaglehawk
|raw|<div class="broadcast-blue"><b>Moderated chat was disabled!<\/b><br \/>Anyone may talk now.<\/div>
|c| Alter|If you engage in join\/leave spam behaviour, you risk being banned
|join|Am I BlameTruth?
|c| DrReuniclus89|Hi
|c| Alter|Thanks.
|c| Sindoge|hi bt
DuntDropDatDedenne turned on modjoin.
|raw|<div class="broadcast-red"><b>Moderated chat was set to +!<\/b><br \/>Only users of rank + and higher can talk.<\/div>
|
|move|p1a: Chesnaught|Leech Seed|p2a: Kim Kardashian
|-start|p2a: Kim Kardashian|move: Leech Seed
|move|p2a: Kim Kardashian|Dragon Pulse|p1a: Chesnaught
|-damage|p1a: Chesnaught|106\/380
|
|-damage|p2a: Kim Kardashian|254\/369 tox|[from] Leech Seed|[of] p1a: Chesnaught
|-heal|p1a: Chesnaught|152\/380|[silent]
|-damage|p2a: Kim Kardashian|208\/369 tox|[from] psn
|turn|25
|
|move|p1a: Chesnaught|Spiky Shield|p1a: Chesnaught
|-singleturn|p1a: Chesnaught|move: Protect
|move|p2a: Kim Kardashian|Dragon Pulse|p1a: Chesnaught
|-activate|p1a: Chesnaught|move: Protect
|
|-damage|p2a: Kim Kardashian|162\/369 tox|[from] Leech Seed|[of] p1a: Chesnaught
|-heal|p1a: Chesnaught|198\/380|[silent]
|-damage|p2a: Kim Kardashian|93\/369 tox|[from] psn
|turn|26
|leave|Am I BlameTruth?
|
|move|p1a: Chesnaught|Hammer Arm|p2a: Kim Kardashian
|-damage|p2a: Kim Kardashian|0 fnt
|-unboost|p1a: Chesnaught|spe|1
|faint|p2a: Kim Kardashian
|
|
|switch|p2a: âº|Suicune|400\/400
|-ability|p2a: âº|Pressure
|turn|27
|
|move|p2a: âº|Scald|p1a: Chesnaught
|-resisted|p1a: Chesnaught
|-damage|p1a: Chesnaught|147\/380
|-status|p1a: Chesnaught|brn
|move|p1a: Chesnaught|Leech Seed|p2a: âº
|-start|p2a: âº|move: Leech Seed
|
|-damage|p2a: âº|350\/400|[from] Leech Seed|[of] p1a: Chesnaught
|-heal|p1a: Chesnaught|197\/380 brn|[silent]
|-damage|p1a: Chesnaught|150\/380 brn|[from] brn
|turn|28
|
|switch|p2a: Darmanitan|Darmanitan, M|21\/351
|move|p1a: Chesnaught|Toxic|p2a: Darmanitan
|-status|p2a: Darmanitan|tox
|
|-damage|p2a: Darmanitan|0 fnt|[from] psn
|-damage|p1a: Chesnaught|103\/380 brn|[from] brn
|faint|p2a: Darmanitan
|
|switch|p2a: âº|Suicune|350\/400
|-ability|p2a: âº|Pressure
|turn|29
|
|switch|p1a: Blissey|Blissey, F|447\/651
|move|p2a: âº|Scald|p1a: Blissey
|-damage|p1a: Blissey|386\/651
|
|-heal|p2a: âº|375\/400|[from] item: Leftovers
|-heal|p1a: Blissey|426\/651|[from] item: Leftovers
|turn|30
|
|move|p2a: âº|Calm Mind|p2a: âº
|-boost|p2a: âº|spa|1
|-boost|p2a: âº|spd|1
|move|p1a: Blissey|Heal Bell|p1a: Blissey
|-cureteam|p1a: Blissey|[from] move: HealBell
|
|-heal|p2a: âº|400\/400|[from] item: Leftovers
|-heal|p1a: Blissey|466\/651|[from] item: Leftovers
|turn|31
|leave|Alter
|
|switch|p1a: Empoleon|Empoleon, M|372\/372
|move|p2a: âº|Calm Mind|p2a: âº
|-boost|p2a: âº|spa|1
|-boost|p2a: âº|spd|1
|
|turn|32
|leave|MilkMyUdders
|
|move|p2a: âº|Scald|p1a: Empoleon
|-resisted|p1a: Empoleon
|-damage|p1a: Empoleon|313\/372
|move|p1a: Empoleon|Stealth Rock|p2a: âº
|-sidestart|p2: Shaneee|move: Stealth Rock
|
|-heal|p1a: Empoleon|336\/372|[from] item: Leftovers
|turn|33
|
|move|p2a: âº|Scald|p1a: Empoleon
|-resisted|p1a: Empoleon
|-damage|p1a: Empoleon|270\/372
|move|p1a: Empoleon|Roar|p2a: âº
|drag|p2a: Nicki Minaj|Scrafty, F|334\/334
|-damage|p2a: Nicki Minaj|314\/334|[from] Stealth Rock
|
|-heal|p1a: Empoleon|293\/372|[from] item: Leftovers
|turn|34
|
|switch|p1a: Chesnaught|Chesnaught, M|103\/380
|move|p2a: Nicki Minaj|Knock Off|p1a: Chesnaught
|-resisted|p1a: Chesnaught
|-damage|p1a: Chesnaught|82\/380
|
|turn|35
|
|switch|p2a: âº|Suicune|400\/400
|-damage|p2a: âº|350\/400|[from] Stealth Rock
|-ability|p2a: âº|Pressure
|move|p1a: Chesnaught|Leech Seed|p2a: âº
|-start|p2a: âº|move: Leech Seed
|
|-heal|p2a: âº|375\/400|[from] item: Leftovers
|-damage|p2a: âº|325\/400|[from] Leech Seed|[of] p1a: Chesnaught
|-heal|p1a: Chesnaught|132\/380|[silent]
|turn|36
|
|move|p1a: Chesnaught|Spiky Shield|p1a: Chesnaught
|-singleturn|p1a: Chesnaught|move: Protect
|move|p2a: âº|Scald|p1a: Chesnaught
|-activate|p1a: Chesnaught|move: Protect
|
|-heal|p2a: âº|350\/400|[from] item: Leftovers
|-damage|p2a: âº|300\/400|[from] Leech Seed|[of] p1a: Chesnaught
|-heal|p1a: Chesnaught|182\/380|[silent]
|turn|37
|
|move|p2a: âº|Scald|p1a: Chesnaught
|-resisted|p1a: Chesnaught
|-damage|p1a: Chesnaught|123\/380
|move|p1a: Chesnaught|Toxic|p2a: âº
|-status|p2a: âº|tox
|
|-heal|p2a: âº|325\/400 tox|[from] item: Leftovers
|-damage|p2a: âº|275\/400 tox|[from] Leech Seed|[of] p1a: Chesnaught
|-heal|p1a: Chesnaught|173\/380|[silent]
|-damage|p2a: âº|250\/400 tox|[from] psn
|turn|38
|
|switch|p2a: Ariana Grande|Gligar, F, shiny|105\/334
|-damage|p2a: Ariana Grande|64\/334|[from] Stealth Rock
|move|p1a: Chesnaught|Spiky Shield|p1a: Chesnaught
|-fail|p1a: Chesnaught
|
|turn|39
|
|move|p2a: Ariana Grande|Roost|p2a: Ariana Grande
|-heal|p2a: Ariana Grande|231\/334
|move|p1a: Chesnaught|Toxic|p2a: Ariana Grande
|-status|p2a: Ariana Grande|tox
|
|-damage|p2a: Ariana Grande|211\/334 tox|[from] psn
|turn|40
|
|move|p2a: Ariana Grande|Defog|p1a: Chesnaught
|-unboost|p1a: Chesnaught|evasion|1
|-sideend|p2: Shaneee|Stealth Rock|[from] move: Defog|[of] p2a: Ariana Grande
|move|p1a: Chesnaught|Leech Seed|p2a: Ariana Grande
|-start|p2a: Ariana Grande|move: Leech Seed
|
|-damage|p2a: Ariana Grande|170\/334 tox|[from] Leech Seed|[of] p1a: Chesnaught
|-heal|p1a: Chesnaught|214\/380|[silent]
|-damage|p2a: Ariana Grande|130\/334 tox|[from] psn
|turn|41
|
|switch|p2a: âº|Suicune|250\/400 tox
|-ability|p2a: âº|Pressure
|move|p1a: Chesnaught|Leech Seed|p2a: âº
|-start|p2a: âº|move: Leech Seed
|
|-heal|p2a: âº|275\/400 tox|[from] item: Leftovers
|-damage|p2a: âº|225\/400 tox|[from] Leech Seed|[of] p1a: Chesnaught
|-heal|p1a: Chesnaught|264\/380|[silent]
|-damage|p2a: âº|200\/400 tox|[from] psn
|turn|42
|
|switch|p1a: Cresselia|Cresselia, F|387\/444
|move|p2a: âº|Rest|p2a: âº
|-status|p2a: âº|slp
|-heal|p2a: âº|400\/400 slp|[silent]
|-status|p2a: âº|slp|[from] move: Rest
|
|-heal|p1a: Cresselia|414\/444|[from] item: Leftovers
|-damage|p2a: âº|350\/400 slp|[from] Leech Seed|[of] p1a: Cresselia
|-heal|p1a: Cresselia|444\/444|[silent]
|turn|43
|
|switch|p1a: Chesnaught|Chesnaught, M|264\/380
|switch|p2a: Rob Ford|Snorlax, F, shiny|511\/511
|
|turn|44
|
|switch|p2a: âº|Suicune|350\/400 slp
|-ability|p2a: âº|Pressure
|move|p1a: Chesnaught|Toxic|p2a: âº
|-fail|p2a: âº
|
|-heal|p2a: âº|375\/400 slp|[from] item: Leftovers
|turn|45
|
|cant|p2a: âº|slp
|move|p2a: âº|Sleep Talk|p2a: âº
|move|p2a: âº|Rest|p2a: âº|[from]Sleep Talk
|-fail|p2a: âº
|move|p1a: Chesnaught|Leech Seed|p2a: âº
|-start|p2a: âº|move: Leech Seed
|
|-heal|p2a: âº|400\/400 slp|[from] item: Leftovers
|-damage|p2a: âº|350\/400 slp|[from] Leech Seed|[of] p1a: Chesnaught
|-heal|p1a: Chesnaught|314\/380|[silent]
|turn|46
|
|switch|p2a: Ariana Grande|Gligar, F, shiny|130\/334 tox
|switch|p1a: Cresselia|Cresselia, F|444\/444
|
|-damage|p2a: Ariana Grande|110\/334 tox|[from] psn
|turn|47
|
|switch|p2a: Rob Ford|Snorlax, F, shiny|511\/511
|move|p1a: Cresselia|Calm Mind|p1a: Cresselia
|-boost|p1a: Cresselia|spa|1
|-boost|p1a: Cresselia|spd|1
|
|turn|48
|
|switch|p1a: Chesnaught|Chesnaught, M|314\/380
|move|p2a: Rob Ford|Curse|p2a: Rob Ford
|-boost|p2a: Rob Ford|atk|1
|-boost|p2a: Rob Ford|def|1
|-unboost|p2a: Rob Ford|spe|1
|
|turn|49
|leave|I<3Magikarp
|
|switch|p2a: âº|Suicune|350\/400 slp
|-ability|p2a: âº|Pressure
|move|p1a: Chesnaught|Hammer Arm|p2a: âº
|-damage|p2a: âº|263\/400 slp
|-unboost|p1a: Chesnaught|spe|1
|
|-heal|p2a: âº|288\/400 slp|[from] item: Leftovers
|turn|50
|
|switch|p1a: Empoleon|Empoleon, M|293\/372
|cant|p2a: âº|slp
|move|p2a: âº|Sleep Talk|p2a: âº
|move|p2a: âº|Calm Mind|p2a: âº|[from]Sleep Talk
|-boost|p2a: âº|spa|1
|-boost|p2a: âº|spd|1
|
|-heal|p2a: âº|313\/400 slp|[from] item: Leftovers
|-heal|p1a: Empoleon|316\/372|[from] item: Leftovers
|turn|51
|
|-curestatus|p2a: âº|slp
|move|p2a: âº|Scald|p1a: Empoleon
|-resisted|p1a: Empoleon
|-damage|p1a: Empoleon|274\/372
|-status|p1a: Empoleon|brn
|move|p1a: Empoleon|Stealth Rock|p2a: âº
|-sidestart|p2: Shaneee|move: Stealth Rock
|
|-heal|p2a: âº|338\/400|[from] item: Leftovers
|-heal|p1a: Empoleon|297\/372 brn|[from] item: Leftovers
|-damage|p1a: Empoleon|251\/372 brn|[from] brn
|turn|52
|c|âShaneee|hi
|
|move|p2a: âº|Scald|p1a: Empoleon
|-resisted|p1a: Empoleon
|-damage|p1a: Empoleon|205\/372 brn
|move|p1a: Empoleon|Roar|p2a: âº
|drag|p2a: Rob Ford|Snorlax, F, shiny|511\/511
|-damage|p2a: Rob Ford|448\/511|[from] Stealth Rock
|
|-heal|p1a: Empoleon|228\/372 brn|[from] item: Leftovers
|-heal|p2a: Rob Ford|479\/511|[from] item: Leftovers
|-damage|p1a: Empoleon|182\/372 brn|[from] brn
|turn|53
|
|switch|p1a: Chesnaught|Chesnaught, M|314\/380
|move|p2a: Rob Ford|Curse|p2a: Rob Ford
|-boost|p2a: Rob Ford|atk|1
|-boost|p2a: Rob Ford|def|1
|-unboost|p2a: Rob Ford|spe|1
|
|-heal|p2a: Rob Ford|510\/511|[from] item: Leftovers
|turn|54
|
|switch|p1a: Cresselia|Cresselia, F|444\/444
|switch|p2a: âº|Suicune|338\/400
|-damage|p2a: âº|288\/400|[from] Stealth Rock
|-ability|p2a: âº|Pressure
|
|-heal|p2a: âº|313\/400|[from] item: Leftovers
|turn|55
|
|switch|p2a: Rob Ford|Snorlax, F, shiny|510\/511
|-damage|p2a: Rob Ford|447\/511|[from] Stealth Rock
|move|p1a: Cresselia|Substitute|p1a: Cresselia
|-start|p1a: Cresselia|Substitute
|-damage|p1a: Cresselia|333\/444
|
|-heal|p1a: Cresselia|360\/444|[from] item: Leftovers
|-heal|p2a: Rob Ford|478\/511|[from] item: Leftovers
|turn|56
|
|move|p1a: Cresselia|Calm Mind|p1a: Cresselia
|-boost|p1a: Cresselia|spa|1
|-boost|p1a: Cresselia|spd|1
|move|p2a: Rob Ford|Curse|p2a: Rob Ford
|-boost|p2a: Rob Ford|atk|1
|-boost|p2a: Rob Ford|def|1
|-unboost|p2a: Rob Ford|spe|1
|
|-heal|p1a: Cresselia|387\/444|[from] item: Leftovers
|-heal|p2a: Rob Ford|509\/511|[from] item: Leftovers
|turn|57
|
|move|p1a: Cresselia|Calm Mind|p1a: Cresselia
|-boost|p1a: Cresselia|spa|1
|-boost|p1a: Cresselia|spd|1
|move|p2a: Rob Ford|Body Slam|p1a: Cresselia
|-crit|p1a: Cresselia
|-end|p1a: Cresselia|Substitute
|
|-heal|p1a: Cresselia|414\/444|[from] item: Leftovers
|-heal|p2a: Rob Ford|511\/511|[from] item: Leftovers
|turn|58
|
|move|p1a: Cresselia|Calm Mind|p1a: Cresselia
|-boost|p1a: Cresselia|spa|1
|-boost|p1a: Cresselia|spd|1
|move|p2a: Rob Ford|Curse|p2a: Rob Ford
|-boost|p2a: Rob Ford|atk|1
|-boost|p2a: Rob Ford|def|1
|-unboost|p2a: Rob Ford|spe|1
|
|-heal|p1a: Cresselia|441\/444|[from] item: Leftovers
|turn|59
|
|move|p1a: Cresselia|Calm Mind|p1a: Cresselia
|-boost|p1a: Cresselia|spa|1
|-boost|p1a: Cresselia|spd|1
|move|p2a: Rob Ford|Body Slam|p1a: Cresselia
|-damage|p1a: Cresselia|276\/444
|-status|p1a: Cresselia|par
|
|-heal|p1a: Cresselia|303\/444 par|[from] item: Leftovers
|turn|60
|
|move|p1a: Cresselia|Moonblast|p2a: Rob Ford
|-damage|p2a: Rob Ford|375\/511
|-unboost|p2a: Rob Ford|spa|1
|move|p2a: Rob Ford|Body Slam|p1a: Cresselia
|-damage|p1a: Cresselia|111\/444 par
|
|-heal|p1a: Cresselia|138\/444 par|[from] item: Leftovers
|-heal|p2a: Rob Ford|406\/511|[from] item: Leftovers
|turn|61
|
|move|p1a: Cresselia|Moonblast|p2a: Rob Ford
|-damage|p2a: Rob Ford|275\/511
|move|p2a: Rob Ford|Body Slam|p1a: Cresselia
|-damage|p1a: Cresselia|0 fnt
|faint|p1a: Cresselia
|
|-heal|p2a: Rob Ford|306\/511|[from] item: Leftovers
|
|switch|p1a: Chesnaught|Chesnaught, M|314\/380
|turn|62
|
|move|p1a: Chesnaught|Hammer Arm|p2a: Rob Ford
|-supereffective|p2a: Rob Ford
|-damage|p2a: Rob Ford|142\/511
|-unboost|p1a: Chesnaught|spe|1
|move|p2a: Rob Ford|Rest|p2a: Rob Ford
|-status|p2a: Rob Ford|slp
|-heal|p2a: Rob Ford|511\/511 slp|[silent]
|-status|p2a: Rob Ford|slp|[from] move: Rest
|
|turn|63
|c|âDuntDropDatDedenne|gg
|c|âShaneee|gg
|
|move|p1a: Chesnaught|Toxic|p2a: Rob Ford
|-fail|p2a: Rob Ford
|cant|p2a: Rob Ford|slp
|move|p2a: Rob Ford|Sleep Talk|p2a: Rob Ford
|move|p2a: Rob Ford|Curse|p2a: Rob Ford|[from]Sleep Talk
|-boost|p2a: Rob Ford|atk|1
|-boost|p2a: Rob Ford|def|1
|-unboost|p2a: Rob Ford|spe|1
|
|turn|64
|join|poonhunter (D>D)
|c|âDuntDropDatDedenne|gg
|-message|DuntDropDatDedenne forfeited.
|
|win|Shaneee
|raw|Ladder updating...
|raw|DuntDropDatDedenne's rating: 1497 &rarr; <strong>1483<\/strong><br \/>(-14 for losing)
|raw|Shaneee's rating: 1612 &rarr; <strong>1626<\/strong><br \/>(+14 for winning)
|leave|poonhunter (D>D)
|leave|Shaneee
|player|p2
|leave|Volbeatdown
|leave|Ahegao Senpai
|leave|DrReuniclus89
|leave|sniperaim
|leave|Duskt70