|join|Shaneee
|join|Moomaster3
|player|p1|Shaneee|170
|player|p2|Moomaster3|170
|gametype|singles
|gen|6
|tier|UU
|rated
|clearpoke
|poke|p1|Darmanitan, M, shiny
|poke|p1|Gligar, F, shiny
|poke|p1|Manectric, F
|poke|p1|Rotom-Mow, shiny
|poke|p1|Kyurem, shiny
|poke|p1|Heracross, F, shiny
|poke|p2|Slurpuff, M
|poke|p2|Manectric, M
|poke|p2|Victini
|poke|p2|Milotic, F
|poke|p2|Swampert, M
|poke|p2|Cresselia, F
|rule|Sleep Clause Mod: Limit one foe put to sleep
|rule|Species Clause: Limit one of each Pokemon
|rule|OHKO Clause: OHKO moves are banned
|rule|Moody Clause: Moody is banned
|rule|Evasion Moves Clause: Evasion moves are banned
|rule|Endless Battle Clause: Forcing endless battles is banned.
|rule|HP Percentage Mod: HP is reported as percentages
|teampreview
|
|start
|switch|p1a: Gligar|Gligar, F, shiny|334\/334
|switch|p2a: Sector V|Victini|341\/341
|turn|1
|
|move|p2a: Sector V|U-turn|p1a: Gligar
|-resisted|p1a: Gligar
|-damage|p1a: Gligar|318\/334
|
|switch|p2a: Waffle|Swampert, M|401\/401
|move|p1a: Gligar|U-turn|p2a: Waffle
|-damage|p2a: Waffle|369\/401
|
|switch|p1a: Manectric|Manectric, F|281\/281
|
|-heal|p2a: Waffle|394\/401|[from] item: Leftovers
|turn|2
|
|-formechange|p1a: Manectric|Manectric-Mega
|message|Manectric has Mega Evolved into Mega Manectric!
|-ability|p1a: Manectric|Intimidate|[of] p2a: Waffle
|-unboost|p2a: Waffle|atk|1
|move|p1a: Manectric|Hidden Power|p2a: Waffle
|-supereffective|p2a: Waffle
|-damage|p2a: Waffle|34\/401
|move|p2a: Waffle|Earthquake|p1a: Manectric
|-supereffective|p1a: Manectric
|-damage|p1a: Manectric|33\/281
|
|-heal|p2a: Waffle|59\/401|[from] item: Leftovers
|turn|3
|
|switch|p2a: Sector V|Victini|341\/341
|move|p1a: Manectric|Overheat|p2a: Sector V
|-resisted|p2a: Sector V
|-damage|p2a: Sector V|253\/341
|-unboost|p1a: Manectric|spa|2
|
|turn|4
|
|move|p2a: Sector V|V-create|p1a: Manectric
|-damage|p1a: Manectric|0 fnt
|-unboost|p2a: Sector V|def|1
|-unboost|p2a: Sector V|spd|1
|-unboost|p2a: Sector V|spe|1
|faint|p1a: Manectric
|
|
|switch|p1a: Kyurem|Kyurem, shiny|454\/454
|-ability|p1a: Kyurem|Pressure
|turn|5
|
|switch|p2a: Moon Moon|Cresselia, F|444\/444
|move|p1a: Kyurem|Substitute|p1a: Kyurem
|-start|p1a: Kyurem|Substitute
|-damage|p1a: Kyurem|341\/454
|
|-heal|p1a: Kyurem|369\/454|[from] item: Leftovers
|turn|6
|
|move|p2a: Moon Moon|Light Screen|p2a: Moon Moon
|-sidestart|p2: Moomaster3|move: Light Screen
|move|p1a: Kyurem|Ice Beam|p2a: Moon Moon
|-damage|p2a: Moon Moon|374\/444
|
|-heal|p1a: Kyurem|397\/454|[from] item: Leftovers
|turn|7
|
|switch|p1a: Rotom-Mow|Rotom-Mow, shiny|241\/241
|move|p2a: Moon Moon|Psychic|p1a: Rotom-Mow
|-damage|p1a: Rotom-Mow|163\/241
|-unboost|p1a: Rotom-Mow|spd|1
|
|turn|8
|
|switch|p2a: Sector V|Victini|253\/341
|move|p1a: Rotom-Mow|Trick|p2a: Sector V
|-activate|p1a: Rotom-Mow|move: Trick|[of] p2a: Sector V
|-item|p2a: Sector V|Choice Scarf|[from] move: Trick
|-item|p1a: Rotom-Mow|Choice Scarf|[from] move: Trick
|
|turn|9
|
|switch|p1a: Gligar|Gligar, F, shiny|318\/334
|move|p2a: Sector V|V-create|p1a: Gligar
|-damage|p1a: Gligar|200\/334
|-unboost|p2a: Sector V|def|1
|-unboost|p2a: Sector V|spd|1
|-unboost|p2a: Sector V|spe|1
|
|turn|10
|
|move|p2a: Sector V|V-create|p1a: Gligar
|-damage|p1a: Gligar|86\/334
|-unboost|p2a: Sector V|def|1
|-unboost|p2a: Sector V|spd|1
|-unboost|p2a: Sector V|spe|1
|move|p1a: Gligar|Stealth Rock|p2a: Sector V
|-sidestart|p2: Moomaster3|move: Stealth Rock
|
|turn|11
|
|move|p2a: Sector V|V-create|p1a: Gligar
|-crit|p1a: Gligar
|-damage|p1a: Gligar|0 fnt
|-unboost|p2a: Sector V|def|1
|-unboost|p2a: Sector V|spd|1
|-unboost|p2a: Sector V|spe|1
|faint|p1a: Gligar
|
|
|switch|p1a: Darmanitan|Darmanitan, M, shiny|351\/351
|turn|12
|
|switch|p2a: Waffle|Swampert, M|59\/401
|-damage|p2a: Waffle|34\/401|[from] Stealth Rock
|move|p1a: Darmanitan|Flare Blitz|p2a: Waffle
|-resisted|p2a: Waffle
|-damage|p2a: Waffle|0 fnt
|-damage|p1a: Darmanitan|340\/351|[from] recoil|[of] p2a: Waffle
|faint|p2a: Waffle
|
|
|switch|p2a: Merfish|Milotic, F|394\/394
|-damage|p2a: Merfish|345\/394|[from] Stealth Rock
|turn|13
|
|switch|p1a: Rotom-Mow|Rotom-Mow, shiny|163\/241
|move|p2a: Merfish|Scald|p1a: Rotom-Mow
|-resisted|p1a: Rotom-Mow
|-damage|p1a: Rotom-Mow|122\/241
|
|-heal|p2a: Merfish|369\/394|[from] item: Leftovers
|-sideend|p2: Moomaster3|move: Light Screen
|turn|14
|
|move|p1a: Rotom-Mow|Leaf Storm|p2a: Merfish
|-supereffective|p2a: Merfish
|-damage|p2a: Merfish|105\/394
|-unboost|p1a: Rotom-Mow|spa|2
|move|p2a: Merfish|Recover|p2a: Merfish
|-heal|p2a: Merfish|302\/394
|
|-heal|p2a: Merfish|326\/394|[from] item: Leftovers
|turn|15
|
|switch|p1a: Kyurem|Kyurem, shiny|397\/454
|-ability|p1a: Kyurem|Pressure
|switch|p2a: Sector V|Victini|253\/341
|-damage|p2a: Sector V|168\/341|[from] Stealth Rock
|
|-heal|p1a: Kyurem|425\/454|[from] item: Leftovers
|turn|16
|
|move|p2a: Sector V|V-create|p1a: Kyurem
|-damage|p1a: Kyurem|131\/454
|-unboost|p2a: Sector V|def|1
|-unboost|p2a: Sector V|spd|1
|-unboost|p2a: Sector V|spe|1
|move|p1a: Kyurem|Earth Power|p2a: Sector V
|-supereffective|p2a: Sector V
|-damage|p2a: Sector V|0 fnt
|faint|p2a: Sector V
|
|-heal|p1a: Kyurem|159\/454|[from] item: Leftovers
|
|switch|p2a: Bill Stevens|Manectric, M|281\/281
|-damage|p2a: Bill Stevens|246\/281|[from] Stealth Rock
|turn|17
|
|switch|p1a: Rotom-Mow|Rotom-Mow, shiny|122\/241
|-formechange|p2a: Bill Stevens|Manectric-Mega
|message|Manectric has Mega Evolved into Mega Manectric!
|-ability|p2a: Bill Stevens|Intimidate|[of] p1a: Rotom-Mow
|-unboost|p1a: Rotom-Mow|atk|1
|move|p2a: Bill Stevens|Thunderbolt|p1a: Rotom-Mow
|-resisted|p1a: Rotom-Mow
|-damage|p1a: Rotom-Mow|86\/241
|
|turn|18
|
|move|p1a: Rotom-Mow|Leaf Storm|p2a: Bill Stevens
|-damage|p2a: Bill Stevens|0 fnt
|-unboost|p1a: Rotom-Mow|spa|2
|faint|p2a: Bill Stevens
|
|
|switch|p2a: Slurpuff|Slurpuff, M|306\/306
|-damage|p2a: Slurpuff|268\/306|[from] Stealth Rock
|turn|19
|
|switch|p1a: Heracross|Heracross, F, shiny|302\/302
|move|p2a: Slurpuff|Belly Drum|p2a: Slurpuff
|-damage|p2a: Slurpuff|115\/306
|-setboost|p2a: Slurpuff|atk|6|[from] move: Belly Drum
|-enditem|p2a: Slurpuff|Sitrus Berry|[eat]
|-heal|p2a: Slurpuff|191\/306|[from] item: Sitrus Berry
|
|turn|20
|
|move|p2a: Slurpuff|Play Rough|p1a: Heracross
|-supereffective|p1a: Heracross
|-damage|p1a: Heracross|0 fnt
|faint|p1a: Heracross
|
|
|switch|p1a: Darmanitan|Darmanitan, M, shiny|340\/351
|turn|21
|
|move|p2a: Slurpuff|Return|p1a: Darmanitan
|-damage|p1a: Darmanitan|0 fnt
|faint|p1a: Darmanitan
|
|
|switch|p1a: Rotom-Mow|Rotom-Mow, shiny|86\/241
|turn|22
|
|move|p2a: Slurpuff|Return|p1a: Rotom-Mow
|-damage|p1a: Rotom-Mow|0 fnt
|faint|p1a: Rotom-Mow
|
|
|switch|p1a: Kyurem|Kyurem, shiny|159\/454
|-ability|p1a: Kyurem|Pressure
|turn|23
|
|move|p2a: Slurpuff|Return|p1a: Kyurem
|-damage|p1a: Kyurem|0 fnt
|faint|p1a: Kyurem
|
|win|Moomaster3
|raw|Ladder updating...
|raw|Shaneee's rating: 1351 &rarr; <strong>1329<\/strong><br \/>(-22 for losing)
|raw|Moomaster3's rating: 1322 &rarr; <strong>1344<\/strong><br \/>(+22 for winning)
|chat|Moomaster3|cupcaaaaake
|chat|Moomaster3|gg
|chat|Shaneee|gg