|join|dudman
|join|Shaneee
|player|p1|dudman|171
|player|p2|Shaneee|47
|gametype|singles
|gen|6
|tier|UU
|rated
|rule|Sleep Clause Mod: Limit one foe put to sleep
|rule|Species Clause: Limit one of each PokÃ©mon
|rule|OHKO Clause: OHKO moves are banned
|rule|Moody Clause: Moody is banned
|rule|Evasion Moves Clause: Evasion moves are banned
|rule|Endless Battle Clause: Forcing endless battles is banned
|rule|HP Percentage Mod: HP is shown in percentages
|clearpoke
|poke|p1|Zygarde
|poke|p1|Suicune
|poke|p1|Mienshao, M
|poke|p1|Aggron, F
|poke|p1|Chandelure, F
|poke|p1|Whimsicott, M
|poke|p2|Suicune, shiny
|poke|p2|Gligar, M, shiny
|poke|p2|Ampharos, M, shiny
|poke|p2|Amoonguss, M
|poke|p2|Darmanitan, F
|poke|p2|Snorlax, M
|rule|Swagger Clause: Swagger is banned
|rule|Baton Pass Clause: Limit one PokÃ©mon knowing Baton Pass
|teampreview
|
|start
|switch|p1a: Suicune|Suicune|367\/367
|switch|p2a: Suicune|Suicune, shiny|404\/404
|-ability|p1a: Suicune|Pressure
|-ability|p2a: Suicune|Pressure
|turn|1
|
|move|p1a: Suicune|Scald|p2a: Suicune
|-resisted|p2a: Suicune
|-damage|p2a: Suicune|348\/404
|-status|p2a: Suicune|brn
|move|p2a: Suicune|Scald|p1a: Suicune
|-resisted|p1a: Suicune
|-damage|p1a: Suicune|328\/367
|-status|p1a: Suicune|brn
|
|-heal|p1a: Suicune|350\/367 brn|[from] item: Leftovers
|-heal|p2a: Suicune|373\/404 brn|[from] item: Leftovers
|-damage|p1a: Suicune|305\/367 brn|[from] brn
|-damage|p2a: Suicune|323\/404 brn|[from] brn
|turn|2
|
|switch|p1a: Whimsicott|Whimsicott, M|261\/261
|move|p2a: Suicune|Scald|p1a: Whimsicott
|-resisted|p1a: Whimsicott
|-damage|p1a: Whimsicott|210\/261
|
|-heal|p1a: Whimsicott|226\/261|[from] item: Leftovers
|-heal|p2a: Suicune|348\/404 brn|[from] item: Leftovers
|-damage|p2a: Suicune|298\/404 brn|[from] brn
|turn|3
|
|switch|p2a: Amoonguss|Amoonguss, M|408\/408
|move|p1a: Whimsicott|U-turn|p2a: Amoonguss
|-damage|p2a: Amoonguss|363\/408
|
|switch|p1a: Chandelure|Chandelure, F|261\/261
|
|-heal|p2a: Amoonguss|388\/408|[from] item: Black Sludge
|turn|4
|
|move|p1a: Chandelure|Fire Blast|p2a: Amoonguss
|-supereffective|p2a: Amoonguss
|-damage|p2a: Amoonguss|0 fnt
|faint|p2a: Amoonguss
|
|
|switch|p2a: Born Sinner|Darmanitan, F|351\/351
|turn|5
|
|switch|p1a: Suicune|Suicune|305\/367 brn
|-ability|p1a: Suicune|Pressure
|move|p2a: Born Sinner|Flare Blitz|p1a: Suicune
|-resisted|p1a: Suicune
|-damage|p1a: Suicune|92\/367 brn
|-damage|p2a: Born Sinner|281\/351|[from] recoil|[of] p1a: Suicune
|
|-heal|p1a: Suicune|114\/367 brn|[from] item: Leftovers
|-damage|p1a: Suicune|69\/367 brn|[from] brn
|turn|6
|
|switch|p2a: Kim Kardashian|Ampharos, M, shiny|370\/370
|move|p1a: Suicune|Scald|p2a: Kim Kardashian
|-damage|p2a: Kim Kardashian|240\/370
|
|-heal|p1a: Suicune|91\/367 brn|[from] item: Leftovers
|-damage|p1a: Suicune|46\/367 brn|[from] brn
|turn|7
|
|detailschange|p2a: Kim Kardashian|Ampharos-Mega, M, shiny
|message|Ampharos has Mega Evolved into Mega Ampharos!
|-ability|p2a: Kim Kardashian|Mold Breaker
|move|p1a: Suicune|Ice Beam|p2a: Kim Kardashian
|-supereffective|p2a: Kim Kardashian
|-damage|p2a: Kim Kardashian|60\/370
|move|p2a: Kim Kardashian|Dragon Pulse|p1a: Suicune
|-damage|p1a: Suicune|0 fnt
|faint|p1a: Suicune
|
|
|switch|p1a: Mienshao|Mienshao, M|271\/271
|turn|8
|
|switch|p2a: Ariana Grande|Gligar, M, shiny|334\/334
|move|p1a: Mienshao|U-turn|p2a: Ariana Grande
|-resisted|p2a: Ariana Grande
|-damage|p2a: Ariana Grande|314\/334
|
|switch|p1a: Aggron|Aggron, F|323\/323
|
|turn|9
|
|detailschange|p1a: Aggron|Aggron-Mega, F
|message|Aggron has Mega Evolved into Mega Aggron!
|move|p2a: Ariana Grande|Stealth Rock|p1a: Aggron
|-sidestart|p1: dudman|move: Stealth Rock
|move|p1a: Aggron|Stealth Rock|p2a: Ariana Grande
|-sidestart|p2: Shaneee|move: Stealth Rock
|
|turn|10
|
|move|p2a: Ariana Grande|Earthquake|p1a: Aggron
|-supereffective|p1a: Aggron
|-damage|p1a: Aggron|259\/323
|move|p1a: Aggron|Heavy Slam|p2a: Ariana Grande
|-damage|p2a: Ariana Grande|203\/334
|
|turn|11
|
|move|p2a: Ariana Grande|Defog|p1a: Aggron
|-unboost|p1a: Aggron|evasion|1
|-sideend|p1: dudman|Stealth Rock|[from] move: Defog|[of] p1a: Aggron
|-sideend|p2: Shaneee|Stealth Rock|[from] move: Defog|[of] p2a: Ariana Grande
|move|p1a: Aggron|Heavy Slam|p2a: Ariana Grande
|-damage|p2a: Ariana Grande|88\/334
|
|turn|12
|
|switch|p2a: Born Sinner|Darmanitan, F|281\/351
|move|p1a: Aggron|Stealth Rock|p2a: Born Sinner
|-sidestart|p2: Shaneee|move: Stealth Rock
|
|turn|13
|
|move|p2a: Born Sinner|Flare Blitz|p1a: Aggron
|-supereffective|p1a: Aggron
|-damage|p1a: Aggron|0 fnt
|-damage|p2a: Born Sinner|196\/351|[from] recoil|[of] p1a: Aggron
|faint|p1a: Aggron
|
|
|switch|p1a: Mienshao|Mienshao, M|271\/271
|turn|14
|
|switch|p2a: Kim Kardashian|Ampharos-Mega, M, shiny|60\/370
|-damage|p2a: Kim Kardashian|14\/370|[from] Stealth Rock
|-ability|p2a: Kim Kardashian|Mold Breaker
|move|p1a: Mienshao|U-turn|p2a: Kim Kardashian
|-damage|p2a: Kim Kardashian|0 fnt
|faint|p2a: Kim Kardashian
|
|switch|p1a: Zygarde|Zygarde|358\/358
|-ability|p1a: Zygarde|Aura Break
|
|
|switch|p2a: Suicune|Suicune, shiny|298\/404 brn
|-damage|p2a: Suicune|248\/404 brn|[from] Stealth Rock
|-ability|p2a: Suicune|Pressure
|turn|15
|
|switch|p1a: Whimsicott|Whimsicott, M|226\/261
|move|p2a: Suicune|Roar|p1a: Whimsicott
|drag|p1a: Chandelure|Chandelure, F|261\/261
|
|-heal|p2a: Suicune|273\/404 brn|[from] item: Leftovers
|-damage|p2a: Suicune|223\/404 brn|[from] brn
|turn|16
|
|switch|p2a: Snorlax|Snorlax, M|511\/511
|-damage|p2a: Snorlax|448\/511|[from] Stealth Rock
|move|p1a: Chandelure|Energy Ball|p2a: Snorlax
|-damage|p2a: Snorlax|323\/511
|
|-heal|p2a: Snorlax|354\/511|[from] item: Leftovers
|turn|17
|
|move|p1a: Chandelure|Energy Ball|p2a: Snorlax
|-damage|p2a: Snorlax|241\/511
|move|p2a: Snorlax|Curse|p2a: Snorlax
|-boost|p2a: Snorlax|atk|1
|-boost|p2a: Snorlax|def|1
|-unboost|p2a: Snorlax|spe|1
|
|-heal|p2a: Snorlax|272\/511|[from] item: Leftovers
|turn|18
|
|move|p1a: Chandelure|Energy Ball|p2a: Snorlax
|-damage|p2a: Snorlax|159\/511
|move|p2a: Snorlax|Body Slam|p1a: Chandelure
|-immune|p1a: Chandelure|[msg]
|
|-heal|p2a: Snorlax|190\/511|[from] item: Leftovers
|turn|19
|
|switch|p1a: Whimsicott|Whimsicott, M|226\/261
|move|p2a: Snorlax|Rest|p2a: Snorlax
|-status|p2a: Snorlax|slp
|-heal|p2a: Snorlax|511\/511 slp|[silent]
|-status|p2a: Snorlax|slp|[from] move: Rest
|
|-heal|p1a: Whimsicott|242\/261|[from] item: Leftovers
|turn|20
|
|switch|p2a: Born Sinner|Darmanitan, F|196\/351
|-damage|p2a: Born Sinner|109\/351|[from] Stealth Rock
|move|p1a: Whimsicott|U-turn|p2a: Born Sinner
|-resisted|p2a: Born Sinner
|-damage|p2a: Born Sinner|81\/351
|
|switch|p1a: Mienshao|Mienshao, M|271\/271
|
|turn|21
|
|move|p1a: Mienshao|Knock Off|p2a: Born Sinner
|-damage|p2a: Born Sinner|0 fnt
|-enditem|p2a: Born Sinner|Choice Band|[from] move: Knock Off|[of] p1a: Mienshao
|faint|p2a: Born Sinner
|
|
|switch|p2a: Suicune|Suicune, shiny|223\/404 brn
|-damage|p2a: Suicune|173\/404 brn|[from] Stealth Rock
|-ability|p2a: Suicune|Pressure
|turn|22
|
|switch|p1a: Whimsicott|Whimsicott, M|242\/261
|move|p2a: Suicune|Rest|p2a: Suicune
|-status|p2a: Suicune|slp
|-heal|p2a: Suicune|404\/404 slp|[silent]
|-status|p2a: Suicune|slp|[from] move: Rest
|
|-heal|p1a: Whimsicott|258\/261|[from] item: Leftovers
|turn|23
|
|move|p1a: Whimsicott|Giga Drain|p2a: Suicune
|-supereffective|p2a: Suicune
|-damage|p2a: Suicune|242\/404 slp
|-heal|p1a: Whimsicott|261\/261|[from] drain|[of] p2a: Suicune
|cant|p2a: Suicune|slp
|move|p2a: Suicune|Sleep Talk|p2a: Suicune
|move|p2a: Suicune|Rest|p2a: Suicune|[from]Sleep Talk
|-fail|p2a: Suicune
|
|-heal|p2a: Suicune|267\/404 slp|[from] item: Leftovers
|turn|24
|
|switch|p2a: Snorlax|Snorlax, M|511\/511 slp
|-damage|p2a: Snorlax|448\/511 slp|[from] Stealth Rock
|move|p1a: Whimsicott|U-turn|p2a: Snorlax
|-damage|p2a: Snorlax|395\/511 slp
|
|switch|p1a: Mienshao|Mienshao, M|271\/271
|
|-heal|p2a: Snorlax|426\/511 slp|[from] item: Leftovers
|turn|25
|
|move|p1a: Mienshao|U-turn|p2a: Snorlax
|-damage|p2a: Snorlax|316\/511 slp
|
|switch|p1a: Chandelure|Chandelure, F|261\/261
|cant|p2a: Snorlax|slp
|
|-heal|p2a: Snorlax|347\/511 slp|[from] item: Leftovers
|turn|26
|
|move|p1a: Chandelure|Trick|p2a: Snorlax
|-activate|p1a: Chandelure|move: Trick|[of] p2a: Snorlax
|-item|p2a: Snorlax|Choice Specs|[from] move: Trick
|-item|p1a: Chandelure|Leftovers|[from] move: Trick
|cant|p2a: Snorlax|slp
|
|turn|27
|
|switch|p2a: Ariana Grande|Gligar, M, shiny|88\/334
|-damage|p2a: Ariana Grande|47\/334|[from] Stealth Rock
|move|p1a: Chandelure|Shadow Ball|p2a: Ariana Grande
|-damage|p2a: Ariana Grande|0 fnt
|faint|p2a: Ariana Grande
|
|
|switch|p2a: Suicune|Suicune, shiny|267\/404 slp
|-damage|p2a: Suicune|217\/404 slp|[from] Stealth Rock
|-ability|p2a: Suicune|Pressure
|turn|28
|
|move|p1a: Chandelure|Energy Ball|p2a: Suicune
|-supereffective|p2a: Suicune
|-damage|p2a: Suicune|3\/404 slp
|cant|p2a: Suicune|slp
|move|p2a: Suicune|Sleep Talk|p2a: Suicune
|move|p2a: Suicune|Scald|p1a: Chandelure|[from]Sleep Talk
|-supereffective|p1a: Chandelure
|-damage|p1a: Chandelure|81\/261
|
|-heal|p1a: Chandelure|97\/261|[from] item: Leftovers
|-heal|p2a: Suicune|28\/404 slp|[from] item: Leftovers
|turn|29
|
|move|p1a: Chandelure|Shadow Ball|p2a: Suicune
|-crit|p2a: Suicune
|-damage|p2a: Suicune|0 fnt
|faint|p2a: Suicune
|
|-heal|p1a: Chandelure|113\/261|[from] item: Leftovers
|
|switch|p2a: Snorlax|Snorlax, M|347\/511 slp
|-damage|p2a: Snorlax|284\/511 slp|[from] Stealth Rock
|turn|30
|c|âdudman|gg
|
|move|p1a: Chandelure|Energy Ball|p2a: Snorlax
|-damage|p2a: Snorlax|200\/511 slp
|-unboost|p2a: Snorlax|spd|1
|-curestatus|p2a: Snorlax|slp
|move|p2a: Snorlax|Body Slam|p1a: Chandelure
|-immune|p1a: Chandelure|[msg]
|
|-heal|p1a: Chandelure|129\/261|[from] item: Leftovers
|turn|31
|c|âShaneee|gg
|-message|Shaneee forfeited.
|
|win|dudman
|raw|Ladder updating...
|leave|Shaneee
|player|p2
|raw|dudman's rating: 1668 &rarr; <strong>1687<\/strong><br \/>(+19 for winning)
|raw|Shaneee's rating: 1641 &rarr; <strong>1623<\/strong><br \/>(-18 for losing)
|join|Eyan