|join|Shaneee
|join|LTI RowDog
|player|p1|Shaneee|226
|player|p2|LTI RowDog|52
|gametype|singles
|gen|6
|tier|UU
|rated
|rule|Sleep Clause Mod: Limit one foe put to sleep
|rule|Species Clause: Limit one of each Pokemon
|rule|OHKO Clause: OHKO moves are banned
|rule|Moody Clause: Moody is banned
|rule|Evasion Moves Clause: Evasion moves are banned
|rule|Endless Battle Clause: Forcing endless battles is banned.
|rule|HP Percentage Mod: HP is reported as percentages
|clearpoke
|poke|p1|Darmanitan, F
|poke|p1|Snorlax, M, shiny
|poke|p1|Suicune
|poke|p1|Gligar, F
|poke|p1|Abomasnow, M
|poke|p1|Heracross, M, shiny
|poke|p2|Snorlax, F
|poke|p2|Hydreigon, M
|poke|p2|Florges, F
|poke|p2|Slowbro, M
|poke|p2|Entei, shiny
|poke|p2|Forretress, M
|teampreview
|chat|LTI RowDog|Oh no, not you again
|chat|Shaneee|lol
|
|start
|switch|p1a: Suicune|Suicune|401\/401
|switch|p2a: Slowbro|Slowbro, M|394\/394
|-ability|p1a: Suicune|Pressure
|turn|1
|
|move|p1a: Suicune|Calm Mind|p1a: Suicune
|-boost|p1a: Suicune|spa|1
|-boost|p1a: Suicune|spd|1
|move|p2a: Slowbro|Toxic|p1a: Suicune
|-status|p1a: Suicune|tox
|
|-damage|p1a: Suicune|376\/401 tox|[from] psn
|turn|2
|
|switch|p2a: Snorlax|Snorlax, F|478\/478
|move|p1a: Suicune|Calm Mind|p1a: Suicune
|-boost|p1a: Suicune|spa|1
|-boost|p1a: Suicune|spd|1
|
|-heal|p1a: Suicune|401\/401 tox|[from] item: Leftovers
|-damage|p1a: Suicune|351\/401 tox|[from] psn
|turn|3
|
|move|p2a: Snorlax|Curse|p2a: Snorlax
|-boost|p2a: Snorlax|atk|1
|-boost|p2a: Snorlax|def|1
|-unboost|p2a: Snorlax|spe|1
|move|p1a: Suicune|Roar|p2a: Snorlax
|drag|p2a: Florges|Florges, F|353\/353
|
|-heal|p1a: Suicune|376\/401 tox|[from] item: Leftovers
|-damage|p1a: Suicune|301\/401 tox|[from] psn
|turn|4
|
|switch|p2a: Snorlax|Snorlax, F|478\/478
|move|p1a: Suicune|Calm Mind|p1a: Suicune
|-boost|p1a: Suicune|spa|1
|-boost|p1a: Suicune|spd|1
|
|-heal|p1a: Suicune|326\/401 tox|[from] item: Leftovers
|-damage|p1a: Suicune|226\/401 tox|[from] psn
|turn|5
|
|move|p1a: Suicune|Scald|p2a: Snorlax
|-damage|p2a: Snorlax|328\/478
|-status|p2a: Snorlax|brn
|move|p2a: Snorlax|Curse|p2a: Snorlax
|-boost|p2a: Snorlax|atk|1
|-boost|p2a: Snorlax|def|1
|-unboost|p2a: Snorlax|spe|1
|
|-heal|p1a: Suicune|251\/401 tox|[from] item: Leftovers
|-heal|p2a: Snorlax|357\/478 brn|[from] item: Leftovers
|-damage|p1a: Suicune|126\/401 tox|[from] psn
|-damage|p2a: Snorlax|298\/478 brn|[from] brn
|turn|6
|
|move|p1a: Suicune|Rest|p1a: Suicune
|-status|p1a: Suicune|slp
|-heal|p1a: Suicune|401\/401 slp|[silent]
|-status|p1a: Suicune|slp|[from] move: Rest
|move|p2a: Snorlax|Curse|p2a: Snorlax
|-boost|p2a: Snorlax|atk|1
|-boost|p2a: Snorlax|def|1
|-unboost|p2a: Snorlax|spe|1
|
|-heal|p2a: Snorlax|327\/478 brn|[from] item: Leftovers
|-damage|p2a: Snorlax|268\/478 brn|[from] brn
|turn|7
|
|cant|p1a: Suicune|slp
|move|p2a: Snorlax|Curse|p2a: Snorlax
|-boost|p2a: Snorlax|atk|1
|-boost|p2a: Snorlax|def|1
|-unboost|p2a: Snorlax|spe|1
|
|-heal|p2a: Snorlax|297\/478 brn|[from] item: Leftovers
|-damage|p2a: Snorlax|238\/478 brn|[from] brn
|turn|8
|
|cant|p1a: Suicune|slp
|move|p2a: Snorlax|Rest|p2a: Snorlax
|-status|p2a: Snorlax|slp
|-heal|p2a: Snorlax|478\/478 slp|[silent]
|-status|p2a: Snorlax|slp|[from] move: Rest
|
|turn|9
|
|cant|p2a: Snorlax|slp
|move|p2a: Snorlax|Sleep Talk|p2a: Snorlax
|move|p2a: Snorlax|Body Slam|p1a: Suicune|[from]Sleep Talk
|-damage|p1a: Suicune|208\/401 slp
|-curestatus|p1a: Suicune|slp
|move|p1a: Suicune|Roar|p2a: Snorlax
|drag|p2a: Hydreigon|Hydreigon, M|326\/326
|
|-heal|p1a: Suicune|233\/401|[from] item: Leftovers
|turn|10
|
|move|p2a: Hydreigon|Draco Meteor|p1a: Suicune
|-damage|p1a: Suicune|137\/401
|-unboost|p2a: Hydreigon|spa|2
|move|p1a: Suicune|Scald|p2a: Hydreigon
|-resisted|p2a: Hydreigon
|-damage|p2a: Hydreigon|202\/326
|
|-heal|p1a: Suicune|162\/401|[from] item: Leftovers
|turn|11
|
|move|p2a: Hydreigon|Draco Meteor|p1a: Suicune
|-damage|p1a: Suicune|114\/401
|-unboost|p2a: Hydreigon|spa|2
|move|p1a: Suicune|Rest|p1a: Suicune
|-status|p1a: Suicune|slp
|-heal|p1a: Suicune|401\/401 slp|[silent]
|-status|p1a: Suicune|slp|[from] move: Rest
|
|turn|12
|
|move|p2a: Hydreigon|Draco Meteor|p1a: Suicune
|-damage|p1a: Suicune|370\/401 slp
|-unboost|p2a: Hydreigon|spa|2
|cant|p1a: Suicune|slp
|
|-heal|p1a: Suicune|395\/401 slp|[from] item: Leftovers
|turn|13
|chat|LTI RowDog|cmon crit hax plz
|
|move|p2a: Hydreigon|Draco Meteor|p1a: Suicune
|-damage|p1a: Suicune|371\/401 slp
|cant|p1a: Suicune|slp
|
|-heal|p1a: Suicune|396\/401 slp|[from] item: Leftovers
|turn|14
|chat|LTI RowDog|fck pressure
|
|switch|p2a: Slowbro|Slowbro, M|394\/394
|-curestatus|p1a: Suicune|slp
|move|p1a: Suicune|Scald|p2a: Slowbro
|-resisted|p2a: Slowbro
|-damage|p2a: Slowbro|268\/394
|
|-heal|p1a: Suicune|401\/401|[from] item: Leftovers
|turn|15
|chat|Shaneee|:P
|chat|LTI RowDog|I do not have an answer to this set
|
|move|p1a: Suicune|Scald|p2a: Slowbro
|-resisted|p2a: Slowbro
|-damage|p2a: Slowbro|131\/394
|move|p2a: Slowbro|Toxic|p1a: Suicune
|-status|p1a: Suicune|tox
|
|-damage|p1a: Suicune|376\/401 tox|[from] psn
|turn|16
|chat|Shaneee|no one usually does
|
|move|p1a: Suicune|Scald|p2a: Slowbro
|-resisted|p2a: Slowbro
|-damage|p2a: Slowbro|13\/394
|move|p2a: Slowbro|Scald|p1a: Suicune
|-resisted|p1a: Suicune
|-damage|p1a: Suicune|359\/401 tox
|
|-heal|p1a: Suicune|384\/401 tox|[from] item: Leftovers
|-damage|p1a: Suicune|334\/401 tox|[from] psn
|turn|17
|
|move|p1a: Suicune|Scald|p2a: Slowbro
|-resisted|p2a: Slowbro
|-damage|p2a: Slowbro|0 fnt
|faint|p2a: Slowbro
|
|-heal|p1a: Suicune|359\/401 tox|[from] item: Leftovers
|-damage|p1a: Suicune|284\/401 tox|[from] psn
|
|switch|p2a: Hydreigon|Hydreigon, M|202\/326
|turn|18
|
|move|p2a: Hydreigon|Dark Pulse|p1a: Suicune
|-damage|p1a: Suicune|224\/401 tox
|move|p1a: Suicune|Scald|p2a: Hydreigon
|-resisted|p2a: Hydreigon
|-damage|p2a: Hydreigon|91\/326
|
|-heal|p1a: Suicune|249\/401 tox|[from] item: Leftovers
|-damage|p1a: Suicune|149\/401 tox|[from] psn
|turn|19
|
|move|p2a: Hydreigon|Dark Pulse|p1a: Suicune
|-damage|p1a: Suicune|97\/401 tox
|move|p1a: Suicune|Rest|p1a: Suicune
|-status|p1a: Suicune|slp
|-heal|p1a: Suicune|401\/401 slp|[silent]
|-status|p1a: Suicune|slp|[from] move: Rest
|
|turn|20
|chat|LTI RowDog|NO 
|chat|LTI RowDog|needed the flinch
|
|move|p2a: Hydreigon|Dark Pulse|p1a: Suicune
|-damage|p1a: Suicune|344\/401 slp
|cant|p1a: Suicune|slp
|
|-heal|p1a: Suicune|369\/401 slp|[from] item: Leftovers
|turn|21
|chat|Shaneee|no finches 4 bu
|
|move|p2a: Hydreigon|Dark Pulse|p1a: Suicune
|-damage|p1a: Suicune|315\/401 slp
|cant|p1a: Suicune|slp
|
|-heal|p1a: Suicune|340\/401 slp|[from] item: Leftovers
|turn|22
|
|move|p2a: Hydreigon|Dark Pulse|p1a: Suicune
|-damage|p1a: Suicune|285\/401 slp
|-curestatus|p1a: Suicune|slp
|move|p1a: Suicune|Scald|p2a: Hydreigon
|-resisted|p2a: Hydreigon
|-damage|p2a: Hydreigon|0 fnt
|faint|p2a: Hydreigon
|
|-heal|p1a: Suicune|310\/401|[from] item: Leftovers
|
|switch|p2a: Snorlax|Snorlax, F|478\/478 slp
|turn|23
|
|move|p1a: Suicune|Calm Mind|p1a: Suicune
|-boost|p1a: Suicune|spa|1
|-boost|p1a: Suicune|spd|1
|cant|p2a: Snorlax|slp
|move|p2a: Snorlax|Sleep Talk|p2a: Snorlax
|move|p2a: Snorlax|Rest|p2a: Snorlax|[from]Sleep Talk
|-fail|p2a: Snorlax
|
|-heal|p1a: Suicune|335\/401|[from] item: Leftovers
|turn|24
|
|move|p1a: Suicune|Scald|p2a: Snorlax
|-damage|p2a: Snorlax|295\/478 slp
|-curestatus|p2a: Snorlax|slp
|move|p2a: Snorlax|Body Slam|p1a: Suicune
|-damage|p1a: Suicune|262\/401
|-status|p1a: Suicune|par
|
|-heal|p2a: Snorlax|324\/478|[from] item: Leftovers
|-heal|p1a: Suicune|287\/401 par|[from] item: Leftovers
|turn|25
|
|move|p2a: Snorlax|Body Slam|p1a: Suicune
|-damage|p1a: Suicune|218\/401 par
|cant|p1a: Suicune|par
|
|-heal|p2a: Snorlax|353\/478|[from] item: Leftovers
|-heal|p1a: Suicune|243\/401 par|[from] item: Leftovers
|turn|26
|chat|LTI RowDog|yay
|
|move|p2a: Snorlax|Curse|p2a: Snorlax
|-boost|p2a: Snorlax|atk|1
|-boost|p2a: Snorlax|def|1
|-unboost|p2a: Snorlax|spe|1
|move|p1a: Suicune|Scald|p2a: Snorlax
|-damage|p2a: Snorlax|193\/478
|-status|p2a: Snorlax|brn
|
|-heal|p2a: Snorlax|222\/478 brn|[from] item: Leftovers
|-heal|p1a: Suicune|268\/401 par|[from] item: Leftovers
|-damage|p2a: Snorlax|163\/478 brn|[from] brn
|turn|27
|chat|LTI RowDog|no
|
|move|p2a: Snorlax|Rest|p2a: Snorlax
|-status|p2a: Snorlax|slp
|-heal|p2a: Snorlax|478\/478 slp|[silent]
|-status|p2a: Snorlax|slp|[from] move: Rest
|move|p1a: Suicune|Roar|p2a: Snorlax
|drag|p2a: Florges|Florges, F|353\/353
|
|-heal|p1a: Suicune|293\/401 par|[from] item: Leftovers
|turn|28
|
|move|p2a: Florges|Moonblast|p1a: Suicune
|-damage|p1a: Suicune|254\/401 par
|-unboost|p1a: Suicune|spa|1
|move|p1a: Suicune|Scald|p2a: Florges
|-damage|p2a: Florges|242\/353
|
|-heal|p2a: Florges|264\/353|[from] item: Leftovers
|-heal|p1a: Suicune|279\/401 par|[from] item: Leftovers
|turn|29
|
|move|p2a: Florges|Aromatherapy|p2a: Florges
|-cureteam|p2a: Florges|[from] move: Aromatherapy
|cant|p1a: Suicune|par
|
|-heal|p2a: Florges|286\/353|[from] item: Leftovers
|-heal|p1a: Suicune|304\/401 par|[from] item: Leftovers
|turn|30
|
|move|p2a: Florges|Moonblast|p1a: Suicune
|-damage|p1a: Suicune|262\/401 par
|-unboost|p1a: Suicune|spa|1
|cant|p1a: Suicune|par
|
|-heal|p2a: Florges|308\/353|[from] item: Leftovers
|-heal|p1a: Suicune|287\/401 par|[from] item: Leftovers
|turn|31
|
|switch|p1a: Darmanitan|Darmanitan, F|351\/351
|move|p2a: Florges|Moonblast|p1a: Darmanitan
|-resisted|p1a: Darmanitan
|-damage|p1a: Darmanitan|252\/351
|
|-heal|p2a: Florges|330\/353|[from] item: Leftovers
|turn|32
|
|switch|p2a: Entei|Entei, shiny|431\/431
|-ability|p2a: Entei|Pressure
|move|p1a: Darmanitan|Flare Blitz|p2a: Entei
|-resisted|p2a: Entei
|-damage|p2a: Entei|154\/431
|-damage|p1a: Darmanitan|161\/351|[from] recoil|[of] p2a: Entei
|
|-heal|p2a: Entei|180\/431|[from] item: Leftovers
|turn|33
|
|switch|p1a: Rob Ford|Snorlax, M, shiny|524\/524
|switch|p2a: Forretress|Forretress, M|354\/354
|
|turn|34
|
|switch|p1a: Ariana Grande|Gligar, F|331\/331
|move|p2a: Forretress|Volt Switch|p1a: Ariana Grande
|-immune|p1a: Ariana Grande|[msg]
|
|turn|35
|chat|LTI RowDog|feck
|
|move|p1a: Ariana Grande|Stealth Rock|p2a: Forretress
|-sidestart|p2: LTI RowDog|move: Stealth Rock
|move|p2a: Forretress|Stealth Rock|p1a: Ariana Grande
|-sidestart|p1: Shaneee|move: Stealth Rock
|
|turn|36
|
|move|p1a: Ariana Grande|U-turn|p2a: Forretress
|-resisted|p2a: Forretress
|-damage|p2a: Forretress|343\/354
|
|switch|p1a: Darmanitan|Darmanitan, F|161\/351
|-damage|p1a: Darmanitan|74\/351|[from] Stealth Rock
|move|p2a: Forretress|Rapid Spin|p1a: Darmanitan
|-damage|p1a: Darmanitan|54\/351
|-sideend|p2: LTI RowDog|Stealth Rock|[from] move: Rapid Spin|[of] p2a: Forretress
|
|-heal|p2a: Forretress|354\/354|[from] item: Leftovers
|turn|37
|
|move|p1a: Darmanitan|Flare Blitz|p2a: Forretress
|-supereffective|p2a: Forretress
|-damage|p2a: Forretress|0 fnt
|-damage|p1a: Darmanitan|0 fnt|[from] recoil|[of] p2a: Forretress
|faint|p2a: Forretress
|faint|p1a: Darmanitan
|
|
|switch|p1a: Ariana Grande|Gligar, F|331\/331
|-damage|p1a: Ariana Grande|290\/331|[from] Stealth Rock
|switch|p2a: Florges|Florges, F|330\/353
|turn|38
|
|move|p1a: Ariana Grande|Defog|p2a: Florges
|-unboost|p2a: Florges|evasion|1
|-sideend|p1: Shaneee|Stealth Rock|[from] move: Defog|[of] p1a: Ariana Grande
|move|p2a: Florges|Moonblast|p1a: Ariana Grande
|-damage|p1a: Ariana Grande|163\/331
|
|-heal|p2a: Florges|352\/353|[from] item: Leftovers
|turn|39
|
|move|p1a: Ariana Grande|Stealth Rock|p2a: Florges
|-sidestart|p2: LTI RowDog|move: Stealth Rock
|move|p2a: Florges|Wish|p2a: Florges
|
|-heal|p2a: Florges|353\/353|[from] item: Leftovers
|turn|40
|
|switch|p2a: Snorlax|Snorlax, F|478\/478
|-damage|p2a: Snorlax|419\/478|[from] Stealth Rock
|move|p1a: Ariana Grande|U-turn|p2a: Snorlax
|-damage|p2a: Snorlax|370\/478
|
|switch|p1a: Redfoo|Heracross, M, shiny|302\/302
|
|-heal|p2a: Snorlax|478\/478|[from] move: Wish|[wisher] Florges
|turn|41
|
|switch|p2a: Florges|Florges, F|353\/353
|-damage|p2a: Florges|309\/353|[from] Stealth Rock
|move|p1a: Redfoo|Close Combat|p2a: Florges
|-resisted|p2a: Florges
|-damage|p2a: Florges|190\/353
|-unboost|p1a: Redfoo|def|1
|-unboost|p1a: Redfoo|spd|1
|
|-heal|p2a: Florges|212\/353|[from] item: Leftovers
|turn|42
|
|switch|p1a: obama|Abomasnow, M|354\/354
|-weather|Hail
|move|p2a: Florges|Wish|p2a: Florges
|
|-weather|Hail|[upkeep]
|-damage|p2a: Florges|190\/353|[from] hail
|-heal|p2a: Florges|212\/353|[from] item: Leftovers
|turn|43
|
|detailschange|p1a: obama|Abomasnow-Mega, M
|message|Abomasnow has Mega Evolved into Mega Abomasnow!
|move|p2a: Florges|Protect|p2a: Florges
|-singleturn|p2a: Florges|Protect
|move|p1a: obama|Blizzard|p2a: Florges
|-activate|p2a: Florges|Protect
|
|-weather|Hail|[upkeep]
|-damage|p2a: Florges|190\/353|[from] hail
|-heal|p2a: Florges|353\/353|[from] move: Wish|[wisher] Florges
|turn|44
|
|move|p2a: Florges|Moonblast|p1a: obama
|-damage|p1a: obama|236\/354
|move|p1a: obama|Earthquake|p2a: Florges
|-damage|p2a: Florges|218\/353
|
|-weather|Hail|[upkeep]
|-damage|p2a: Florges|196\/353|[from] hail
|-heal|p2a: Florges|218\/353|[from] item: Leftovers
|turn|45
|
|switch|p1a: Rob Ford|Snorlax, M, shiny|524\/524
|move|p2a: Florges|Protect|p2a: Florges
|-fail|p2a: Florges
|
|-weather|Hail|[upkeep]
|-damage|p2a: Florges|196\/353|[from] hail
|-damage|p1a: Rob Ford|492\/524|[from] hail
|-heal|p2a: Florges|218\/353|[from] item: Leftovers
|-heal|p1a: Rob Ford|524\/524|[from] item: Leftovers
|turn|46
|
|switch|p2a: Snorlax|Snorlax, F|478\/478
|-damage|p2a: Snorlax|419\/478|[from] Stealth Rock
|move|p1a: Rob Ford|Curse|p1a: Rob Ford
|-boost|p1a: Rob Ford|atk|1
|-boost|p1a: Rob Ford|def|1
|-unboost|p1a: Rob Ford|spe|1
|
|-weather|none
|-heal|p2a: Snorlax|448\/478|[from] item: Leftovers
|turn|47
|
|move|p2a: Snorlax|Curse|p2a: Snorlax
|-boost|p2a: Snorlax|atk|1
|-boost|p2a: Snorlax|def|1
|-unboost|p2a: Snorlax|spe|1
|move|p1a: Rob Ford|Curse|p1a: Rob Ford
|-boost|p1a: Rob Ford|atk|1
|-boost|p1a: Rob Ford|def|1
|-unboost|p1a: Rob Ford|spe|1
|
|-heal|p2a: Snorlax|477\/478|[from] item: Leftovers
|turn|48
|chat|Shaneee|i also have whirlwind on this
|
|move|p2a: Snorlax|Curse|p2a: Snorlax
|-boost|p2a: Snorlax|atk|1
|-boost|p2a: Snorlax|def|1
|-unboost|p2a: Snorlax|spe|1
|move|p1a: Rob Ford|Curse|p1a: Rob Ford
|-boost|p1a: Rob Ford|atk|1
|-boost|p1a: Rob Ford|def|1
|-unboost|p1a: Rob Ford|spe|1
|
|-heal|p2a: Snorlax|478\/478|[from] item: Leftovers
|turn|49
|chat|LTI RowDog|...
|
|move|p2a: Snorlax|Body Slam|p1a: Rob Ford
|-damage|p1a: Rob Ford|407\/524
|move|p1a: Rob Ford|Frustration|p2a: Snorlax
|-damage|p2a: Snorlax|282\/478
|
|-heal|p2a: Snorlax|311\/478|[from] item: Leftovers
|-heal|p1a: Rob Ford|439\/524|[from] item: Leftovers
|turn|50
|
|move|p2a: Snorlax|Body Slam|p1a: Rob Ford
|-damage|p1a: Rob Ford|321\/524
|move|p1a: Rob Ford|Frustration|p2a: Snorlax
|-crit|p2a: Snorlax
|-damage|p2a: Snorlax|0 fnt
|faint|p2a: Snorlax
|
|-heal|p1a: Rob Ford|353\/524|[from] item: Leftovers
|chat|Shaneee|fck sry
|chat|LTI RowDog|where is my crit :'(
|
|switch|p2a: Entei|Entei, shiny|180\/431
|-damage|p2a: Entei|73\/431|[from] Stealth Rock
|-ability|p2a: Entei|Pressure
|turn|51
|
|move|p2a: Entei|Sacred Fire|p1a: Rob Ford
|-damage|p1a: Rob Ford|299\/524
|-status|p1a: Rob Ford|brn
|move|p1a: Rob Ford|Frustration|p2a: Entei
|-crit|p2a: Entei
|-damage|p2a: Entei|0 fnt
|faint|p2a: Entei
|
|-heal|p1a: Rob Ford|331\/524 brn|[from] item: Leftovers
|-damage|p1a: Rob Ford|266\/524 brn|[from] brn
|
|switch|p2a: Florges|Florges, F|218\/353
|-damage|p2a: Florges|174\/353|[from] Stealth Rock
|turn|52
|
|move|p2a: Florges|Moonblast|p1a: Rob Ford
|-damage|p1a: Rob Ford|181\/524 brn
|move|p1a: Rob Ford|Frustration|p2a: Florges
|-damage|p2a: Florges|0 fnt
|faint|p2a: Florges
|
|win|Shaneee
|raw|Ladder updating...
|raw|Shaneee's rating: 1691 &rarr; <strong>1705<\/strong><br \/>(+14 for winning)
|raw|LTI RowDog's rating: 1581 &rarr; <strong>1567<\/strong><br \/>(-14 for losing)
|chat|LTI RowDog|gg
|chat|Shaneee|gg
|leave|Shaneee
|player|p1