|join|purrl
|join|Shaneee
|player|p1|purrl|8
|player|p2|Shaneee|101
|gametype|singles
|gen|6
|tier|UU
|rated
|rule|Sleep Clause Mod: Limit one foe put to sleep
|rule|Species Clause: Limit one of each PokÃ©mon
|rule|OHKO Clause: OHKO moves are banned
|rule|Moody Clause: Moody is banned
|rule|Evasion Moves Clause: Evasion moves are banned
|rule|Endless Battle Clause: Forcing endless battles is banned
|rule|HP Percentage Mod: HP is shown in percentages
|clearpoke
|poke|p1|Absol, M
|poke|p1|Jirachi
|poke|p1|Chandelure, F
|poke|p1|Gligar, F
|poke|p1|Whimsicott, M, shiny
|poke|p1|Machamp, M
|poke|p2|Darmanitan, M
|poke|p2|Fletchinder, F
|poke|p2|Suicune
|poke|p2|Snorlax, F, shiny
|poke|p2|Amoonguss, F, shiny
|poke|p2|Gligar, M, shiny
|rule|Swagger Clause: Swagger is banned
|rule|Baton Pass Clause: Limit one PokÃ©mon knowing Baton Pass
|teampreview
|
|start
|switch|p1a: Chandelure|Chandelure, F|261\/261
|switch|p2a: Suicune|Suicune|404\/404
|-ability|p2a: Suicune|Pressure
|turn|1
|
|move|p1a: Chandelure|Energy Ball|p2a: Suicune
|-supereffective|p2a: Suicune
|-damage|p2a: Suicune|60\/404
|move|p2a: Suicune|Scald|p1a: Chandelure
|-supereffective|p1a: Chandelure
|-damage|p1a: Chandelure|81\/261
|
|-heal|p2a: Suicune|85\/404|[from] item: Leftovers
|turn|2
|
|switch|p1a: Gligar|Gligar, F|333\/333
|switch|p2a: Darmanitan|Darmanitan, M|351\/351
|
|turn|3
|
|move|p2a: Darmanitan|U-turn|p1a: Gligar
|-resisted|p1a: Gligar
|-damage|p1a: Gligar|300\/333
|
|switch|p2a: Gligar|Gligar, M, shiny|334\/334
|move|p1a: Gligar|Stealth Rock|p2a: Gligar
|-sidestart|p2: Shaneee|move: Stealth Rock
|
|turn|4
|
|move|p1a: Gligar|U-turn|p2a: Gligar
|-resisted|p2a: Gligar
|-damage|p2a: Gligar|323\/334
|
|switch|p1a: Chandelure|Chandelure, F|81\/261
|move|p2a: Gligar|Defog|p1a: Chandelure
|-unboost|p1a: Chandelure|evasion|1
|-sideend|p2: Shaneee|Stealth Rock|[from] move: Defog|[of] p2a: Gligar
|
|turn|5
|
|move|p1a: Chandelure|Fire Blast|p2a: Gligar
|-damage|p2a: Gligar|59\/334
|move|p2a: Gligar|Earthquake|p1a: Chandelure
|-supereffective|p1a: Chandelure
|-damage|p1a: Chandelure|0 fnt
|faint|p1a: Chandelure
|
|
|switch|p1a: Absol|Absol, M|271\/271
|turn|6
|
|detailschange|p1a: Absol|Absol-Mega, M
|message|Absol has Mega Evolved into Mega Absol!
|move|p1a: Absol|Swords Dance|p1a: Absol
|-boost|p1a: Absol|atk|2
|move|p2a: Gligar|Earthquake|p1a: Absol
|-damage|p1a: Absol|123\/271
|
|turn|7
|
|move|p1a: Absol|Knock Off|p2a: Gligar
|-damage|p2a: Gligar|0 fnt
|-enditem|p2a: Gligar|Eviolite|[from] move: Knock Off|[of] p1a: Absol
|faint|p2a: Gligar
|
|
|switch|p2a: Fletchinder|Fletchinder, F|328\/328
|turn|8
|
|move|p1a: Absol|Sucker Punch|p2a: Fletchinder
|-fail|p2a: Fletchinder
|move|p2a: Fletchinder|Swords Dance|p2a: Fletchinder
|-boost|p2a: Fletchinder|atk|2
|
|turn|9
|
|move|p1a: Absol|Sucker Punch|p2a: Fletchinder
|-damage|p2a: Fletchinder|0 fnt
|faint|p2a: Fletchinder
|
|
|switch|p2a: Rob Ford|Snorlax, F, shiny|524\/524
|turn|10
|
|move|p1a: Absol|Knock Off|p2a: Rob Ford
|-damage|p2a: Rob Ford|0 fnt
|-enditem|p2a: Rob Ford|Leftovers|[from] move: Knock Off|[of] p1a: Absol
|faint|p2a: Rob Ford
|
|
|switch|p2a: Lady Gaga|Amoonguss, F, shiny|432\/432
|turn|11
|
|move|p1a: Absol|Knock Off|p2a: Lady Gaga
|-damage|p2a: Lady Gaga|0 fnt
|-enditem|p2a: Lady Gaga|Black Sludge|[from] move: Knock Off|[of] p1a: Absol
|faint|p2a: Lady Gaga
|
|
|switch|p2a: Suicune|Suicune|85\/404
|-ability|p2a: Suicune|Pressure
|turn|12
|
|move|p1a: Absol|Knock Off|p2a: Suicune
|-damage|p2a: Suicune|0 fnt
|-enditem|p2a: Suicune|Leftovers|[from] move: Knock Off|[of] p1a: Absol
|faint|p2a: Suicune
|
|
|switch|p2a: Darmanitan|Darmanitan, M|351\/351
|turn|13
|
|move|p1a: Absol|Sucker Punch|p2a: Darmanitan
|-damage|p2a: Darmanitan|0 fnt
|faint|p2a: Darmanitan
|
|win|purrl
|raw|Ladder updating...
|c|âShaneee|gg
|raw|purrl's rating: 1570 &rarr; <strong>1591<\/strong><br \/>(+21 for winning)
|raw|Shaneee's rating: 1582 &rarr; <strong>1562<\/strong><br \/>(-20 for losing)
|c|âpurrl|gg
|leave|Shaneee
|player|p2