|join|Sweep
|join|Shaneee
|player|p1|Sweep|1
|player|p2|Shaneee|47
|gametype|singles
|gen|6
|tier|UU
|rated
|rule|Sleep Clause Mod: Limit one foe put to sleep
|rule|Species Clause: Limit one of each PokÃ©mon
|rule|OHKO Clause: OHKO moves are banned
|rule|Moody Clause: Moody is banned
|rule|Evasion Moves Clause: Evasion moves are banned
|rule|Endless Battle Clause: Forcing endless battles is banned
|rule|HP Percentage Mod: HP is shown in percentages
|clearpoke
|poke|p1|Yanmega, F
|poke|p1|Krookodile, F
|poke|p1|Blastoise, M
|poke|p1|Azelf
|poke|p1|Metagross
|poke|p1|Entei, shiny
|poke|p2|Suicune
|poke|p2|Gligar, F, shiny
|poke|p2|Ampharos, M, shiny
|poke|p2|Snorlax, F, shiny
|poke|p2|Chesnaught, M, shiny
|poke|p2|Darmanitan, M
|rule|Swagger Clause: Swagger is banned
|rule|Baton Pass Clause: Limit one PokÃ©mon knowing Baton Pass
|teampreview
|
|start
|switch|p1a: Azelf|Azelf|291\/291
|switch|p2a: Kim Kardashian|Ampharos, M, shiny|370\/370
|turn|1
|
|detailschange|p2a: Kim Kardashian|Ampharos-Mega, M, shiny
|message|Ampharos has Mega Evolved into Mega Ampharos!
|-ability|p2a: Kim Kardashian|Mold Breaker
|move|p1a: Azelf|Stealth Rock|p2a: Kim Kardashian
|-sidestart|p2: Shaneee|move: Stealth Rock
|move|p2a: Kim Kardashian|Thunderbolt|p1a: Azelf
|-damage|p1a: Azelf|9\/291
|
|turn|2
|
|switch|p2a: Ariana Grande|Gligar, F, shiny|334\/334
|-damage|p2a: Ariana Grande|293\/334|[from] Stealth Rock
|move|p1a: Azelf|Explosion|p2a: Ariana Grande
|-damage|p2a: Ariana Grande|165\/334
|faint|p1a: Azelf
|
|
|switch|p1a: Blastoise|Blastoise, M|331\/331
|turn|3
|join|el poeta
|c|âSweep|sup :o
|c| el poeta|hi sweep
|c| el poeta|gl
|
|detailschange|p1a: Blastoise|Blastoise-Mega, M
|message|Blastoise has Mega Evolved into Mega Blastoise!
|move|p1a: Blastoise|Hydro Pump|p2a: Ariana Grande
|-supereffective|p2a: Ariana Grande
|-damage|p2a: Ariana Grande|0 fnt
|faint|p2a: Ariana Grande
|
|
|switch|p2a: Kim Kardashian|Ampharos-Mega, M, shiny|370\/370
|-damage|p2a: Kim Kardashian|324\/370|[from] Stealth Rock
|-ability|p2a: Kim Kardashian|Mold Breaker
|turn|4
|
|move|p1a: Blastoise|Dragon Pulse|p2a: Kim Kardashian
|-supereffective|p2a: Kim Kardashian
|-damage|p2a: Kim Kardashian|30\/370
|move|p2a: Kim Kardashian|Focus Blast|p1a: Blastoise|[miss]
|-miss|p2a: Kim Kardashian|p1a: Blastoise
|
|turn|5
|
|move|p1a: Blastoise|Dragon Pulse|p2a: Kim Kardashian
|-supereffective|p2a: Kim Kardashian
|-damage|p2a: Kim Kardashian|0 fnt
|faint|p2a: Kim Kardashian
|
|
|switch|p2a: âº|Suicune|404\/404
|-damage|p2a: âº|354\/404|[from] Stealth Rock
|-ability|p2a: âº|Pressure
|turn|6
|
|move|p1a: Blastoise|Dragon Pulse|p2a: âº
|-damage|p2a: âº|214\/404
|move|p2a: âº|Calm Mind|p2a: âº
|-boost|p2a: âº|spa|1
|-boost|p2a: âº|spd|1
|
|-heal|p2a: âº|239\/404|[from] item: Leftovers
|turn|7
|
|move|p1a: Blastoise|Dragon Pulse|p2a: âº
|-damage|p2a: âº|140\/404
|move|p2a: âº|Scald|p1a: Blastoise
|-resisted|p1a: Blastoise
|-damage|p1a: Blastoise|275\/331
|
|-heal|p2a: âº|165\/404|[from] item: Leftovers
|turn|8
|
|switch|p1a: Metagross|Metagross|301\/301
|move|p2a: âº|Rest|p2a: âº
|-status|p2a: âº|slp
|-heal|p2a: âº|404\/404 slp|[silent]
|-status|p2a: âº|slp|[from] move: Rest
|
|turn|9
|
|move|p1a: Metagross|Explosion|p2a: âº
|-damage|p2a: âº|179\/404 slp
|faint|p1a: Metagross
|cant|p2a: âº|slp
|move|p2a: âº|Sleep Talk|p2a: âº
|move|p2a: âº|Rest|p2a: âº|[from]Sleep Talk
|-fail|p2a: âº
|
|-heal|p2a: âº|204\/404 slp|[from] item: Leftovers
|
|switch|p1a: Krookodile|Krookodile, F|331\/331
|-ability|p1a: Krookodile|Intimidate|[of] p2a: âº
|-unboost|p2a: âº|atk|1
|turn|10
|
|switch|p2a: Chesnaught|Chesnaught, M, shiny|380\/380
|-damage|p2a: Chesnaught|357\/380|[from] Stealth Rock
|move|p1a: Krookodile|Knock Off|p2a: Chesnaught
|-resisted|p2a: Chesnaught
|-damage|p2a: Chesnaught|285\/380
|-enditem|p2a: Chesnaught|Leftovers|[from] move: Knock Off|[of] p1a: Krookodile
|
|turn|11
|
|switch|p1a: Yanmega|Yanmega, F|313\/313
|move|p2a: Chesnaught|Leech Seed|p1a: Yanmega
|-start|p1a: Yanmega|move: Leech Seed
|
|-damage|p1a: Yanmega|274\/313|[from] Leech Seed|[of] p2a: Chesnaught
|-heal|p2a: Chesnaught|324\/380|[silent]
|turn|12
|
|switch|p1a: Entei|Entei, shiny|371\/371
|-ability|p1a: Entei|Pressure
|move|p2a: Chesnaught|Spiky Shield|p2a: Chesnaught
|-fail|p2a: Chesnaught
|
|turn|13
|
|move|p2a: Chesnaught|Spiky Shield|p2a: Chesnaught
|-singleturn|p2a: Chesnaught|move: Protect
|move|p1a: Entei|Sacred Fire|p2a: Chesnaught
|-activate|p2a: Chesnaught|move: Protect
|
|turn|14
|
|switch|p2a: Rob Ford|Snorlax, F, shiny|511\/511
|-damage|p2a: Rob Ford|448\/511|[from] Stealth Rock
|move|p1a: Entei|Sacred Fire|p2a: Rob Ford
|-damage|p2a: Rob Ford|307\/511
|-status|p2a: Rob Ford|brn
|
|-heal|p2a: Rob Ford|338\/511 brn|[from] item: Leftovers
|-damage|p2a: Rob Ford|275\/511 brn|[from] brn
|turn|15
|
|switch|p1a: Krookodile|Krookodile, F|331\/331
|-ability|p1a: Krookodile|Intimidate|[of] p2a: Rob Ford
|-unboost|p2a: Rob Ford|atk|1
|move|p2a: Rob Ford|Rest|p2a: Rob Ford
|-status|p2a: Rob Ford|slp
|-heal|p2a: Rob Ford|511\/511 slp|[silent]
|-status|p2a: Rob Ford|slp|[from] move: Rest
|
|turn|16
|
|move|p1a: Krookodile|Pursuit|p2a: Rob Ford|[from]Pursuit
|-damage|p2a: Rob Ford|225\/511 slp
|switch|p2a: Chesnaught|Chesnaught, M, shiny|324\/380
|-damage|p2a: Chesnaught|301\/380|[from] Stealth Rock
|
|turn|17
|
|switch|p1a: Yanmega|Yanmega, F|274\/313
|move|p2a: Chesnaught|Leech Seed|p1a: Yanmega
|-start|p1a: Yanmega|move: Leech Seed
|
|-damage|p1a: Yanmega|235\/313|[from] Leech Seed|[of] p2a: Chesnaught
|-heal|p2a: Chesnaught|340\/380|[silent]
|turn|18
|
|switch|p2a: Rob Ford|Snorlax, F, shiny|225\/511 slp
|-damage|p2a: Rob Ford|162\/511 slp|[from] Stealth Rock
|move|p1a: Yanmega|Air Slash|p2a: Rob Ford
|-damage|p2a: Rob Ford|49\/511 slp
|-damage|p1a: Yanmega|204\/313|[from] item: Life Orb
|
|-heal|p2a: Rob Ford|80\/511 slp|[from] item: Leftovers
|-damage|p1a: Yanmega|165\/313|[from] Leech Seed|[of] p2a: Rob Ford
|-heal|p2a: Rob Ford|119\/511 slp|[silent]
|-boost|p1a: Yanmega|spe|1|[from] ability: Speed Boost
|turn|19
|
|move|p1a: Yanmega|Bug Buzz|p2a: Rob Ford
|-damage|p2a: Rob Ford|0 fnt
|-damage|p1a: Yanmega|134\/313|[from] item: Life Orb
|faint|p2a: Rob Ford
|
|-boost|p1a: Yanmega|spe|1|[from] ability: Speed Boost
|
|switch|p2a: Darmanitan|Darmanitan, M|351\/351
|-damage|p2a: Darmanitan|264\/351|[from] Stealth Rock
|turn|20
|
|move|p1a: Yanmega|Air Slash|p2a: Darmanitan
|-damage|p2a: Darmanitan|0 fnt
|-damage|p1a: Yanmega|103\/313|[from] item: Life Orb
|faint|p2a: Darmanitan
|
|-boost|p1a: Yanmega|spe|1|[from] ability: Speed Boost
|
|switch|p2a: âº|Suicune|204\/404 slp
|-damage|p2a: âº|154\/404 slp|[from] Stealth Rock
|-ability|p2a: âº|Pressure
|turn|21
|
|move|p1a: Yanmega|Bug Buzz|p2a: âº
|-crit|p2a: âº
|-damage|p2a: âº|0 fnt
|-damage|p1a: Yanmega|72\/313|[from] item: Life Orb
|faint|p2a: âº
|
|-boost|p1a: Yanmega|spe|1|[from] ability: Speed Boost
|-message|Shaneee forfeited.
|
|win|Sweep
|raw|Ladder updating...
|leave|Shaneee
|player|p2
|raw|Sweep's rating: 1716 &rarr; <strong>1730<\/strong><br \/>(+14 for winning)
|raw|Shaneee's rating: 1598 &rarr; <strong>1585<\/strong><br \/>(-13 for losing)