|join|Shaneee
|join|imusion
|player|p1|Shaneee|83
|player|p2|imusion|110
|gametype|singles
|gen|6
|tier|UU
|rated
|rule|Sleep Clause Mod: Limit one foe put to sleep
|rule|Species Clause: Limit one of each PokÃ©mon
|rule|OHKO Clause: OHKO moves are banned
|rule|Moody Clause: Moody is banned
|rule|Evasion Moves Clause: Evasion moves are banned
|rule|Endless Battle Clause: Forcing endless battles is banned
|rule|HP Percentage Mod: HP is shown in percentages
|clearpoke
|poke|p1|Suicune
|poke|p1|Florges, F, shiny
|poke|p1|Gligar, F, shiny
|poke|p1|Jirachi
|poke|p1|Darmanitan, F
|poke|p1|Snorlax, F
|poke|p2|Metagross
|poke|p2|Umbreon, M
|poke|p2|Weezing, F
|poke|p2|Suicune
|poke|p2|Arcanine, M
|poke|p2|Hydreigon, M
|rule|Swagger Clause: Swagger is banned
|rule|Baton Pass Clause: Limit one PokÃ©mon knowing Baton Pass
|teampreview
|
|start
|switch|p1a: Ariana Grande|Gligar, F, shiny|334\/334
|switch|p2a: Arcanine|Arcanine, M|384\/384
|turn|1
|
|switch|p2a: Weezing|Weezing, F|334\/334
|move|p1a: Ariana Grande|Stealth Rock|p2a: Weezing
|-sidestart|p2: imusion|move: Stealth Rock
|
|turn|2
|
|switch|p1a: Born Sinner|Darmanitan, F|351\/351
|move|p2a: Weezing|Will-O-Wisp|p1a: Born Sinner
|-fail|p1a: Born Sinner
|
|turn|3
|
|move|p1a: Born Sinner|U-turn|p2a: Weezing
|-crit|p2a: Weezing
|-resisted|p2a: Weezing
|-damage|p2a: Weezing|268\/334
|
|switch|p1a: Like A Star â«|Jirachi|341\/341
|move|p2a: Weezing|Pain Split|p1a: Like A Star â«
|-sethp|p1a: Like A Star â«|304\/341|p2a: Weezing|304\/334|[from] move: Pain Split
|
|-heal|p2a: Weezing|324\/334|[from] item: Leftovers
|turn|4
|
|switch|p2a: Umbreon|Umbreon, M|394\/394
|-damage|p2a: Umbreon|345\/394|[from] Stealth Rock
|move|p1a: Like A Star â«|U-turn|p2a: Umbreon
|-supereffective|p2a: Umbreon
|-damage|p2a: Umbreon|203\/394
|
|switch|p1a: Born Sinner|Darmanitan, F|351\/351
|
|-heal|p2a: Umbreon|227\/394|[from] item: Leftovers
|turn|5
|
|move|p2a: Umbreon|Protect|p2a: Umbreon
|-singleturn|p2a: Umbreon|Protect
|move|p1a: Born Sinner|U-turn|p2a: Umbreon
|-activate|p2a: Umbreon|Protect
|
|-heal|p2a: Umbreon|251\/394|[from] item: Leftovers
|turn|6
|
|move|p2a: Umbreon|Protect|p2a: Umbreon
|-fail|p2a: Umbreon
|move|p1a: Born Sinner|U-turn|p2a: Umbreon
|-supereffective|p2a: Umbreon
|-damage|p2a: Umbreon|0 fnt
|faint|p2a: Umbreon
|
|switch|p1a: Like A Star â«|Jirachi|304\/341
|
|c|âimusion|that was a bad risk i suppose
|c|âShaneee|yup ^^
|
|switch|p2a: Arcanine|Arcanine, M|384\/384
|-damage|p2a: Arcanine|288\/384|[from] Stealth Rock
|turn|7
|
|move|p1a: Like A Star â«|U-turn|p2a: Arcanine
|-resisted|p2a: Arcanine
|-damage|p2a: Arcanine|241\/384
|
|switch|p1a: Suicune|Suicune|404\/404
|-ability|p1a: Suicune|Pressure
|move|p2a: Arcanine|Flare Blitz|p1a: Suicune
|-resisted|p1a: Suicune
|-damage|p1a: Suicune|302\/404
|-damage|p2a: Arcanine|207\/384|[from] recoil|[of] p1a: Suicune
|
|-heal|p1a: Suicune|327\/404|[from] item: Leftovers
|turn|8
|
|switch|p2a: Hydreigon|Hydreigon, M|325\/325
|-damage|p2a: Hydreigon|285\/325|[from] Stealth Rock
|move|p1a: Suicune|Roar|p2a: Hydreigon
|drag|p2a: Metagross|Metagross|364\/364
|-damage|p2a: Metagross|342\/364|[from] Stealth Rock
|
|-heal|p1a: Suicune|352\/404|[from] item: Leftovers
|turn|9
|
|move|p1a: Suicune|Scald|p2a: Metagross
|-damage|p2a: Metagross|273\/364
|-status|p2a: Metagross|brn
|move|p2a: Metagross|Meteor Mash|p1a: Suicune|[miss]
|-miss|p2a: Metagross|p1a: Suicune
|
|-heal|p1a: Suicune|377\/404|[from] item: Leftovers
|-damage|p2a: Metagross|228\/364 brn|[from] brn
|turn|10
|
|move|p2a: Metagross|Meteor Mash|p1a: Suicune|[miss]
|-miss|p2a: Metagross|p1a: Suicune
|move|p1a: Suicune|Roar|p2a: Metagross
|drag|p2a: Hydreigon|Hydreigon, M|285\/325
|-damage|p2a: Hydreigon|245\/325|[from] Stealth Rock
|
|-heal|p1a: Suicune|402\/404|[from] item: Leftovers
|turn|11
|
|switch|p1a: Florges|Florges, F, shiny|352\/352
|move|p2a: Hydreigon|Draco Meteor|p1a: Florges
|-immune|p1a: Florges|[msg]
|
|turn|12
|
|switch|p2a: Metagross|Metagross|228\/364 brn
|-damage|p2a: Metagross|206\/364 brn|[from] Stealth Rock
|switch|p1a: Born Sinner|Darmanitan, F|351\/351
|
|-damage|p2a: Metagross|161\/364 brn|[from] brn
|turn|13
|
|move|p1a: Born Sinner|U-turn|p2a: Metagross
|-damage|p2a: Metagross|46\/364 brn
|
|switch|p1a: Ariana Grande|Gligar, F, shiny|334\/334
|move|p2a: Metagross|Earthquake|p1a: Ariana Grande
|-immune|p1a: Ariana Grande|[msg]
|
|-damage|p2a: Metagross|1\/364 brn|[from] brn
|turn|14
|
|move|p2a: Metagross|Bullet Punch|p1a: Ariana Grande
|-damage|p1a: Ariana Grande|312\/334
|move|p1a: Ariana Grande|Earthquake|p2a: Metagross
|-supereffective|p2a: Metagross
|-damage|p2a: Metagross|0 fnt
|faint|p2a: Metagross
|
|
|switch|p2a: Weezing|Weezing, F|324\/334
|-damage|p2a: Weezing|283\/334|[from] Stealth Rock
|turn|15
|
|switch|p1a: Born Sinner|Darmanitan, F|351\/351
|move|p2a: Weezing|Sludge Bomb|p1a: Born Sinner
|-damage|p1a: Born Sinner|195\/351
|
|-heal|p2a: Weezing|303\/334|[from] item: Leftovers
|turn|16
|
|move|p1a: Born Sinner|Flare Blitz|p2a: Weezing
|-damage|p2a: Weezing|0 fnt
|-damage|p1a: Born Sinner|95\/351|[from] recoil|[of] p2a: Weezing
|faint|p2a: Weezing
|
|
|switch|p2a: Arcanine|Arcanine, M|207\/384
|-damage|p2a: Arcanine|111\/384|[from] Stealth Rock
|turn|17
|
|switch|p1a: Ariana Grande|Gligar, F, shiny|312\/334
|move|p2a: Arcanine|Wild Charge|p1a: Ariana Grande
|-immune|p1a: Ariana Grande|[msg]
|
|turn|18
|
|switch|p2a: Hydreigon|Hydreigon, M|245\/325
|-damage|p2a: Hydreigon|205\/325|[from] Stealth Rock
|move|p1a: Ariana Grande|Earthquake|p2a: Hydreigon
|-immune|p2a: Hydreigon|[msg]
|
|turn|19
|
|switch|p1a: Florges|Florges, F, shiny|352\/352
|move|p2a: Hydreigon|Fire Blast|p1a: Florges
|-crit|p1a: Florges
|-damage|p1a: Florges|191\/352
|-status|p1a: Florges|brn
|
|-heal|p1a: Florges|213\/352 brn|[from] item: Leftovers
|-damage|p1a: Florges|169\/352 brn|[from] brn
|turn|20
|
|switch|p2a: Suicune|Suicune|404\/404
|-damage|p2a: Suicune|354\/404|[from] Stealth Rock
|-ability|p2a: Suicune|Pressure
|move|p1a: Florges|Aromatherapy|p1a: Florges
|-cureteam|p1a: Florges|[from] move: Aromatherapy
|
|-heal|p2a: Suicune|379\/404|[from] item: Leftovers
|-heal|p1a: Florges|191\/352|[from] item: Leftovers
|turn|21
|
|switch|p1a: Like A Star â«|Jirachi|304\/341
|move|p2a: Suicune|Calm Mind|p2a: Suicune
|-boost|p2a: Suicune|spa|1
|-boost|p2a: Suicune|spd|1
|
|-heal|p2a: Suicune|404\/404|[from] item: Leftovers
|turn|22
|
|move|p1a: Like A Star â«|Trick|p2a: Suicune
|-activate|p1a: Like A Star â«|move: Trick|[of] p2a: Suicune
|-item|p2a: Suicune|Choice Scarf|[from] move: Trick
|-item|p1a: Like A Star â«|Leftovers|[from] move: Trick
|move|p2a: Suicune|Scald|p1a: Like A Star â«
|-damage|p1a: Like A Star â«|184\/341
|
|-heal|p1a: Like A Star â«|205\/341|[from] item: Leftovers
|turn|23
|
|switch|p1a: Suicune|Suicune|402\/404
|-ability|p1a: Suicune|Pressure
|move|p2a: Suicune|Scald|p1a: Suicune
|-resisted|p1a: Suicune
|-damage|p1a: Suicune|348\/404
|
|-heal|p1a: Suicune|373\/404|[from] item: Leftovers
|turn|24
|
|move|p2a: Suicune|Scald|p1a: Suicune
|-resisted|p1a: Suicune
|-damage|p1a: Suicune|310\/404
|move|p1a: Suicune|Roar|p2a: Suicune
|drag|p2a: Hydreigon|Hydreigon, M|205\/325
|-damage|p2a: Hydreigon|165\/325|[from] Stealth Rock
|
|-heal|p1a: Suicune|335\/404|[from] item: Leftovers
|turn|25
|
|move|p2a: Hydreigon|Dark Pulse|p1a: Suicune
|-damage|p1a: Suicune|134\/404
|cant|p1a: Suicune|flinch
|
|-heal|p1a: Suicune|159\/404|[from] item: Leftovers
|turn|26
|
|switch|p1a: Rob Ford|Snorlax, F|524\/524
|move|p2a: Hydreigon|Dark Pulse|p1a: Rob Ford
|-damage|p1a: Rob Ford|377\/524
|
|-heal|p1a: Rob Ford|409\/524|[from] item: Leftovers
|turn|27
|
|move|p2a: Hydreigon|Dark Pulse|p1a: Rob Ford
|-damage|p1a: Rob Ford|279\/524
|move|p1a: Rob Ford|Body Slam|p2a: Hydreigon
|-damage|p2a: Hydreigon|44\/325
|
|-heal|p1a: Rob Ford|311\/524|[from] item: Leftovers
|turn|28
|
|move|p2a: Hydreigon|Dark Pulse|p1a: Rob Ford
|-damage|p1a: Rob Ford|178\/524
|move|p1a: Rob Ford|Body Slam|p2a: Hydreigon
|-damage|p2a: Hydreigon|0 fnt
|faint|p2a: Hydreigon
|
|-heal|p1a: Rob Ford|210\/524|[from] item: Leftovers
|
|switch|p2a: Suicune|Suicune|404\/404
|-damage|p2a: Suicune|354\/404|[from] Stealth Rock
|-ability|p2a: Suicune|Pressure
|turn|29
|
|move|p2a: Suicune|Scald|p1a: Rob Ford
|-damage|p1a: Rob Ford|152\/524
|move|p1a: Rob Ford|Body Slam|p2a: Suicune
|-damage|p2a: Suicune|284\/404
|-status|p2a: Suicune|par
|
|-heal|p1a: Rob Ford|184\/524|[from] item: Leftovers
|turn|30
|
|move|p1a: Rob Ford|Body Slam|p2a: Suicune
|-damage|p2a: Suicune|209\/404 par
|move|p2a: Suicune|Scald|p1a: Rob Ford
|-damage|p1a: Rob Ford|127\/524
|-status|p1a: Rob Ford|brn
|
|-heal|p1a: Rob Ford|159\/524 brn|[from] item: Leftovers
|-damage|p1a: Rob Ford|94\/524 brn|[from] brn
|turn|31
|
|switch|p1a: Suicune|Suicune|159\/404
|-ability|p1a: Suicune|Pressure
|move|p2a: Suicune|Scald|p1a: Suicune
|-resisted|p1a: Suicune
|-damage|p1a: Suicune|120\/404
|
|-heal|p1a: Suicune|145\/404|[from] item: Leftovers
|turn|32
|
|move|p1a: Suicune|Rest|p1a: Suicune
|-status|p1a: Suicune|slp
|-heal|p1a: Suicune|404\/404 slp|[silent]
|-status|p1a: Suicune|slp|[from] move: Rest
|cant|p2a: Suicune|par
|
|turn|33
|
|switch|p2a: Arcanine|Arcanine, M|111\/384
|-damage|p2a: Arcanine|15\/384|[from] Stealth Rock
|cant|p1a: Suicune|slp
|move|p1a: Suicune|Sleep Talk|p1a: Suicune
|move|p1a: Suicune|Rest|p1a: Suicune|[from]Sleep Talk
|-fail|p1a: Suicune
|
|turn|34
|
|move|p2a: Arcanine|Close Combat|p1a: Suicune
|-damage|p1a: Suicune|267\/404 slp
|-unboost|p2a: Arcanine|def|1
|-unboost|p2a: Arcanine|spd|1
|cant|p1a: Suicune|slp
|move|p1a: Suicune|Sleep Talk|p1a: Suicune
|move|p1a: Suicune|Rest|p1a: Suicune|[from]Sleep Talk
|-fail|p1a: Suicune
|
|-heal|p1a: Suicune|292\/404 slp|[from] item: Leftovers
|turn|35
|
|move|p2a: Arcanine|Close Combat|p1a: Suicune
|-damage|p1a: Suicune|162\/404 slp
|-unboost|p2a: Arcanine|def|1
|-unboost|p2a: Arcanine|spd|1
|-curestatus|p1a: Suicune|slp
|move|p1a: Suicune|Scald|p2a: Arcanine
|-supereffective|p2a: Arcanine
|-damage|p2a: Arcanine|0 fnt
|faint|p2a: Arcanine
|
|-heal|p1a: Suicune|187\/404|[from] item: Leftovers
|
|switch|p2a: Suicune|Suicune|209\/404 par
|-damage|p2a: Suicune|159\/404 par|[from] Stealth Rock
|-ability|p2a: Suicune|Pressure
|turn|36
|c|âimusion|gg thanks for the learning experience
|
|move|p1a: Suicune|Scald|p2a: Suicune
|-resisted|p2a: Suicune
|-damage|p2a: Suicune|123\/404 par
|move|p2a: Suicune|Scald|p1a: Suicune
|-resisted|p1a: Suicune
|-damage|p1a: Suicune|147\/404
|
|-heal|p1a: Suicune|172\/404|[from] item: Leftovers
|turn|37
|c|âShaneee|gg
|
|move|p1a: Suicune|Scald|p2a: Suicune
|-resisted|p2a: Suicune
|-damage|p2a: Suicune|81\/404 par
|move|p2a: Suicune|Scald|p1a: Suicune
|-resisted|p1a: Suicune
|-damage|p1a: Suicune|136\/404
|
|-heal|p1a: Suicune|161\/404|[from] item: Leftovers
|turn|38
|
|move|p1a: Suicune|Scald|p2a: Suicune
|-resisted|p2a: Suicune
|-damage|p2a: Suicune|45\/404 par
|move|p2a: Suicune|Scald|p1a: Suicune
|-resisted|p1a: Suicune
|-damage|p1a: Suicune|121\/404
|-status|p1a: Suicune|brn
|
|-heal|p1a: Suicune|146\/404 brn|[from] item: Leftovers
|-damage|p1a: Suicune|96\/404 brn|[from] brn
|turn|39
|
|move|p1a: Suicune|Scald|p2a: Suicune
|-resisted|p2a: Suicune
|-damage|p2a: Suicune|9\/404 par
|move|p2a: Suicune|Scald|p1a: Suicune
|-resisted|p1a: Suicune
|-damage|p1a: Suicune|57\/404 brn
|
|-heal|p1a: Suicune|82\/404 brn|[from] item: Leftovers
|-damage|p1a: Suicune|32\/404 brn|[from] brn
|turn|40
|
|move|p1a: Suicune|Scald|p2a: Suicune
|-resisted|p2a: Suicune
|-damage|p2a: Suicune|0 fnt
|faint|p2a: Suicune
|
|win|Shaneee
|raw|Ladder updating...
|raw|Shaneee's rating: 1487 &rarr; <strong>1502<\/strong><br \/>(+15 for winning)
|raw|imusion's rating: 1402 &rarr; <strong>1386<\/strong><br \/>(-16 for losing)
|leave|Shaneee
|player|p1