|join|Shaneee
|join|Brock's Blue Balls
|player|p1|Shaneee|47
|player|p2|Brock's Blue Balls|154
|gametype|singles
|gen|6
|tier|UU
|rated
|rule|Sleep Clause Mod: Limit one foe put to sleep
|rule|Species Clause: Limit one of each PokÃ©mon
|rule|OHKO Clause: OHKO moves are banned
|rule|Moody Clause: Moody is banned
|rule|Evasion Moves Clause: Evasion moves are banned
|rule|Endless Battle Clause: Forcing endless battles is banned
|rule|HP Percentage Mod: HP is shown in percentages
|clearpoke
|poke|p1|Suicune
|poke|p1|Amoonguss, M, shiny
|poke|p1|Gligar, M, shiny
|poke|p1|Haxorus, M
|poke|p1|Snorlax, F, shiny
|poke|p1|Arcanine, M
|poke|p2|Jellicent, M
|poke|p2|Zygarde
|poke|p2|Aggron, M
|poke|p2|Blissey, F
|poke|p2|Forretress, M, shiny
|poke|p2|Aromatisse, F
|rule|Swagger Clause: Swagger is banned
|rule|Baton Pass Clause: Limit one PokÃ©mon knowing Baton Pass
|teampreview
|
|start
|switch|p1a: Arcanine|Arcanine, M|383\/383
|switch|p2a: Aggron|Aggron, M|344\/344
|-ability|p1a: Arcanine|Intimidate|[of] p2a: Aggron
|-unboost|p2a: Aggron|atk|1
|turn|1
|
|detailschange|p2a: Aggron|Aggron-Mega, M
|message|Aggron has Mega Evolved into Mega Aggron!
|move|p1a: Arcanine|Will-O-Wisp|p2a: Aggron
|-status|p2a: Aggron|brn
|move|p2a: Aggron|Stealth Rock|p1a: Arcanine
|-sidestart|p1: Shaneee|move: Stealth Rock
|
|-damage|p2a: Aggron|301\/344 brn|[from] brn
|turn|2
|
|switch|p1a: Ariana Grande|Gligar, M, shiny|334\/334
|-damage|p1a: Ariana Grande|293\/334|[from] Stealth Rock
|move|p2a: Aggron|Metal Burst|p1a: Ariana Grande
|-fail|p1a: Ariana Grande
|
|-damage|p2a: Aggron|258\/344 brn|[from] brn
|turn|3
|
|switch|p2a: Walnut|Forretress, M, shiny|312\/312
|move|p1a: Ariana Grande|Defog|p2a: Walnut
|-unboost|p2a: Walnut|evasion|1
|-sideend|p1: Shaneee|Stealth Rock|[from] move: Defog|[of] p1a: Ariana Grande
|
|turn|4
|
|switch|p1a: Haxorus|Haxorus, M|324\/324
|-ability|p1a: Haxorus|Mold Breaker
|move|p2a: Walnut|Toxic|p1a: Haxorus
|-status|p1a: Haxorus|tox
|-enditem|p1a: Haxorus|Lum Berry|[eat]
|-curestatus|p1a: Haxorus|tox
|
|turn|5
|
|move|p1a: Haxorus|Swords Dance|p1a: Haxorus
|-boost|p1a: Haxorus|atk|2
|move|p2a: Walnut|Toxic|p1a: Haxorus
|-status|p1a: Haxorus|tox
|
|-damage|p1a: Haxorus|304\/324 tox|[from] psn
|turn|6
|
|move|p1a: Haxorus|Swords Dance|p1a: Haxorus
|-boost|p1a: Haxorus|atk|2
|move|p2a: Walnut|Volt Switch|p1a: Haxorus
|-resisted|p1a: Haxorus
|-damage|p1a: Haxorus|277\/324 tox
|
|switch|p2a: Gooch|Aromatisse, F|405\/405
|
|-damage|p1a: Haxorus|237\/324 tox|[from] psn
|turn|7
|
|move|p2a: Gooch|Protect|p2a: Gooch
|-singleturn|p2a: Gooch|Protect
|move|p1a: Haxorus|Earthquake|p2a: Gooch
|-activate|p2a: Gooch|Protect
|
|-damage|p1a: Haxorus|177\/324 tox|[from] psn
|turn|8
|
|move|p1a: Haxorus|Earthquake|p2a: Gooch
|-damage|p2a: Gooch|9\/405
|move|p2a: Gooch|Wish|p2a: Gooch
|
|-heal|p2a: Gooch|34\/405|[from] item: Leftovers
|-damage|p1a: Haxorus|97\/324 tox|[from] psn
|turn|9
|
|switch|p1a: Lady Gaga|Amoonguss, M, shiny|432\/432
|move|p2a: Gooch|Protect|p2a: Gooch
|-fail|p2a: Gooch
|
|-heal|p2a: Gooch|236\/405|[from] move: Wish|[wisher] Gooch
|-heal|p2a: Gooch|261\/405|[from] item: Leftovers
|turn|10
|
|move|p2a: Gooch|Protect|p2a: Gooch
|-singleturn|p2a: Gooch|Protect
|move|p1a: Lady Gaga|Spore|p2a: Gooch
|-activate|p2a: Gooch|Protect
|
|-heal|p2a: Gooch|286\/405|[from] item: Leftovers
|turn|11
|
|switch|p2a: Teen Mom|Blissey, F|714\/714
|move|p1a: Lady Gaga|Sludge Bomb|p2a: Teen Mom
|-damage|p2a: Teen Mom|638\/714
|
|-heal|p2a: Teen Mom|682\/714|[from] item: Leftovers
|turn|12
|
|move|p2a: Teen Mom|Wish|p2a: Teen Mom
|move|p1a: Lady Gaga|Spore|p2a: Teen Mom
|-status|p2a: Teen Mom|slp
|
|-heal|p2a: Teen Mom|714\/714 slp|[from] item: Leftovers
|turn|13
|
|switch|p2a: Walnut|Forretress, M, shiny|312\/312
|move|p1a: Lady Gaga|Spore|p2a: Walnut
|-fail|p2a: Walnut
|
|turn|14
|
|switch|p1a: ââ¼|Suicune|404\/404
|-ability|p1a: ââ¼|Pressure
|move|p2a: Walnut|Spikes|p1a: ââ¼
|-sidestart|p1: Shaneee|Spikes
|
|turn|15
|
|switch|p1a: Lady Gaga|Amoonguss, M, shiny|432\/432
|-damage|p1a: Lady Gaga|378\/432|[from] Spikes
|move|p2a: Walnut|Volt Switch|p1a: Lady Gaga
|-resisted|p1a: Lady Gaga
|-damage|p1a: Lady Gaga|359\/432
|
|switch|p2a: Terramorphous|Zygarde|404\/404
|-ability|p2a: Terramorphous|Aura Break
|
|-heal|p1a: Lady Gaga|386\/432|[from] item: Black Sludge
|turn|16
|
|switch|p1a: Arcanine|Arcanine, M|383\/383
|-damage|p1a: Arcanine|336\/383|[from] Spikes
|-ability|p1a: Arcanine|Intimidate|[of] p2a: Terramorphous
|-unboost|p2a: Terramorphous|atk|1
|move|p2a: Terramorphous|Substitute|p2a: Terramorphous
|-start|p2a: Terramorphous|Substitute
|-damage|p2a: Terramorphous|303\/404
|
|-heal|p2a: Terramorphous|328\/404|[from] item: Leftovers
|-heal|p1a: Arcanine|359\/383|[from] item: Leftovers
|turn|17
|
|move|p1a: Arcanine|Extreme Speed|p2a: Terramorphous
|-activate|p2a: Terramorphous|Substitute|[damage]
|move|p2a: Terramorphous|Coil|p2a: Terramorphous
|-boost|p2a: Terramorphous|atk|1
|-boost|p2a: Terramorphous|def|1
|-boost|p2a: Terramorphous|accuracy|1
|
|-heal|p2a: Terramorphous|353\/404|[from] item: Leftovers
|-heal|p1a: Arcanine|382\/383|[from] item: Leftovers
|turn|18
|
|move|p1a: Arcanine|Extreme Speed|p2a: Terramorphous
|-activate|p2a: Terramorphous|Substitute|[damage]
|move|p2a: Terramorphous|Earthquake|p1a: Arcanine
|-supereffective|p1a: Arcanine
|-damage|p1a: Arcanine|194\/383
|
|-heal|p2a: Terramorphous|378\/404|[from] item: Leftovers
|-heal|p1a: Arcanine|217\/383|[from] item: Leftovers
|turn|19
|
|switch|p1a: Ariana Grande|Gligar, M, shiny|293\/334
|move|p2a: Terramorphous|Substitute|p2a: Terramorphous
|-fail|p2a: Terramorphous|move: Substitute
|
|-heal|p2a: Terramorphous|403\/404|[from] item: Leftovers
|turn|20
|
|move|p2a: Terramorphous|Coil|p2a: Terramorphous
|-boost|p2a: Terramorphous|atk|1
|-boost|p2a: Terramorphous|def|1
|-boost|p2a: Terramorphous|accuracy|1
|move|p1a: Ariana Grande|Defog|p2a: Terramorphous
|-sideend|p1: Shaneee|Spikes|[from] move: Defog|[of] p1a: Ariana Grande
|
|-heal|p2a: Terramorphous|404\/404|[from] item: Leftovers
|turn|21
|
|move|p2a: Terramorphous|Coil|p2a: Terramorphous
|-boost|p2a: Terramorphous|atk|1
|-boost|p2a: Terramorphous|def|1
|-boost|p2a: Terramorphous|accuracy|1
|move|p1a: Ariana Grande|Stealth Rock|p2a: Terramorphous
|-sidestart|p2: Brock's Blue Balls|move: Stealth Rock
|
|turn|22
|
|switch|p1a: Rob Ford|Snorlax, F, shiny|511\/511
|move|p2a: Terramorphous|Coil|p2a: Terramorphous
|-boost|p2a: Terramorphous|atk|1
|-boost|p2a: Terramorphous|def|1
|-boost|p2a: Terramorphous|accuracy|1
|
|turn|23
|
|switch|p1a: Ariana Grande|Gligar, M, shiny|293\/334
|move|p2a: Terramorphous|Earthquake|p1a: Ariana Grande
|-immune|p1a: Ariana Grande|[msg]
|
|turn|24
|
|move|p2a: Terramorphous|Coil|p2a: Terramorphous
|-boost|p2a: Terramorphous|atk|1
|-boost|p2a: Terramorphous|def|1
|-boost|p2a: Terramorphous|accuracy|1
|move|p1a: Ariana Grande|Earthquake|p2a: Terramorphous
|-end|p2a: Terramorphous|Substitute
|
|turn|25
|
|move|p2a: Terramorphous|Substitute|p2a: Terramorphous
|-start|p2a: Terramorphous|Substitute
|-damage|p2a: Terramorphous|303\/404
|move|p1a: Ariana Grande|Earthquake|p2a: Terramorphous
|-activate|p2a: Terramorphous|Substitute|[damage]
|
|-heal|p2a: Terramorphous|328\/404|[from] item: Leftovers
|turn|26
|
|move|p2a: Terramorphous|Coil|p2a: Terramorphous
|-boost|p2a: Terramorphous|atk|1
|-boost|p2a: Terramorphous|def|1
|-boost|p2a: Terramorphous|accuracy|1
|move|p1a: Ariana Grande|Earthquake|p2a: Terramorphous
|-activate|p2a: Terramorphous|Substitute|[damage]
|
|-heal|p2a: Terramorphous|353\/404|[from] item: Leftovers
|turn|27
|
|switch|p1a: Haxorus|Haxorus, M|97\/324 tox
|-ability|p1a: Haxorus|Mold Breaker
|move|p2a: Terramorphous|Coil|p2a: Terramorphous
|-boost|p2a: Terramorphous|atk|1
|
|-heal|p2a: Terramorphous|378\/404|[from] item: Leftovers
|-damage|p1a: Haxorus|77\/324 tox|[from] psn
|turn|28
|
|move|p2a: Terramorphous|Earthquake|p1a: Haxorus
|-damage|p1a: Haxorus|0 fnt
|faint|p1a: Haxorus
|
|-heal|p2a: Terramorphous|403\/404|[from] item: Leftovers
|
|switch|p1a: Ariana Grande|Gligar, M, shiny|293\/334
|turn|29
|
|move|p1a: Ariana Grande|Earthquake|p2a: Terramorphous
|-activate|p2a: Terramorphous|Substitute|[damage]
|move|p2a: Terramorphous|Dragon Tail|p1a: Ariana Grande
|-damage|p1a: Ariana Grande|163\/334
|drag|p1a: Lady Gaga|Amoonguss, M, shiny|432\/432
|
|-heal|p2a: Terramorphous|404\/404|[from] item: Leftovers
|turn|30
|
|move|p2a: Terramorphous|Earthquake|p1a: Lady Gaga
|-damage|p1a: Lady Gaga|0 fnt
|faint|p1a: Lady Gaga
|
|
|switch|p1a: Ariana Grande|Gligar, M, shiny|163\/334
|turn|31
|
|move|p1a: Ariana Grande|Roost|p1a: Ariana Grande
|-heal|p1a: Ariana Grande|330\/334
|move|p2a: Terramorphous|Dragon Tail|p1a: Ariana Grande
|-damage|p1a: Ariana Grande|191\/334
|drag|p1a: ââ¼|Suicune|404\/404
|-ability|p1a: ââ¼|Pressure
|
|turn|32
|
|move|p1a: ââ¼|Scald|p2a: Terramorphous
|-end|p2a: Terramorphous|Substitute
|move|p2a: Terramorphous|Dragon Tail|p1a: ââ¼
|-damage|p1a: ââ¼|208\/404
|drag|p1a: Ariana Grande|Gligar, M, shiny|191\/334
|
|turn|33
|
|switch|p1a: Arcanine|Arcanine, M|217\/383
|-ability|p1a: Arcanine|Intimidate|[of] p2a: Terramorphous
|-unboost|p2a: Terramorphous|atk|1
|move|p2a: Terramorphous|Substitute|p2a: Terramorphous
|-start|p2a: Terramorphous|Substitute
|-damage|p2a: Terramorphous|303\/404
|
|-heal|p2a: Terramorphous|328\/404|[from] item: Leftovers
|-heal|p1a: Arcanine|240\/383|[from] item: Leftovers
|turn|34
|
|switch|p1a: Ariana Grande|Gligar, M, shiny|191\/334
|move|p2a: Terramorphous|Dragon Tail|p1a: Ariana Grande
|-damage|p1a: Ariana Grande|74\/334
|drag|p1a: ââ¼|Suicune|208\/404
|-ability|p1a: ââ¼|Pressure
|
|-heal|p2a: Terramorphous|353\/404|[from] item: Leftovers
|-heal|p1a: ââ¼|233\/404|[from] item: Leftovers
|turn|35
|-message|Shaneee forfeited.
|
|win|Brock's Blue Balls
|raw|Ladder updating...
|leave|Shaneee
|player|p1
|raw|Shaneee's rating: 1618 &rarr; <strong>1590<\/strong><br \/>(-28 for losing)
|raw|Brock&apos;s Blue Balls's rating: 1466 &rarr; <strong>1494<\/strong><br \/>(+28 for winning)