|join|Lti tesung
|join|Shaneee
|player|p1|Lti tesung|170
|player|p2|Shaneee|226
|gametype|singles
|gen|6
|tier|UU
|rated
|rule|Sleep Clause Mod: Limit one foe put to sleep
|rule|Species Clause: Limit one of each Pokemon
|rule|OHKO Clause: OHKO moves are banned
|rule|Moody Clause: Moody is banned
|rule|Evasion Moves Clause: Evasion moves are banned
|rule|Endless Battle Clause: Forcing endless battles is banned.
|rule|HP Percentage Mod: HP is reported as percentages
|clearpoke
|poke|p1|Hydreigon, M
|poke|p1|Durant, F
|poke|p1|Ampharos, F
|poke|p1|Swampert, F
|poke|p1|Crobat, M
|poke|p1|Florges, F
|poke|p2|Darmanitan, M
|poke|p2|Snorlax, M
|poke|p2|Suicune
|poke|p2|Banette, F
|poke|p2|Heracross, F
|poke|p2|Gligar, M
|teampreview
|join|Hellknight10
|
|start
|switch|p1a: Swampert|Swampert, F|404\/404
|switch|p2a: Banette|Banette, F|332\/332
|-item|p1a: Swampert|Leftovers|[from] ability: Frisk|[of] p2a: Banette|[identify]
|turn|1
|
|detailschange|p2a: Banette|Banette-Mega, F
|message|Banette has Mega Evolved into Mega Banette!
|move|p2a: Banette|Will-O-Wisp|p1a: Swampert
|-status|p1a: Swampert|brn
|move|p1a: Swampert|Scald|p2a: Banette
|-damage|p2a: Banette|233\/332
|
|-damage|p1a: Swampert|354\/404 brn|[from] brn
|turn|2
|
|switch|p2a: Suicune|Suicune|399\/399
|-ability|p2a: Suicune|Pressure
|move|p1a: Swampert|Stealth Rock|p2a: Suicune
|-sidestart|p2: Shaneee|move: Stealth Rock
|
|-heal|p1a: Swampert|379\/404 brn|[from] item: Leftovers
|-damage|p1a: Swampert|329\/404 brn|[from] brn
|turn|3
|
|switch|p1a: Ampharos|Ampharos, F|384\/384
|move|p2a: Suicune|Scald|p1a: Ampharos
|-damage|p1a: Ampharos|318\/384
|
|turn|4
|
|switch|p2a: Rob Ford|Snorlax, M|524\/524
|-damage|p2a: Rob Ford|459\/524|[from] Stealth Rock
|detailschange|p1a: Ampharos|Ampharos-Mega, F
|message|Ampharos has Mega Evolved into Mega Ampharos!
|-ability|p1a: Ampharos|Mold Breaker
|move|p1a: Ampharos|Dragon Pulse|p2a: Rob Ford
|-damage|p2a: Rob Ford|362\/524
|
|-heal|p2a: Rob Ford|394\/524|[from] item: Leftovers
|turn|5
|
|move|p1a: Ampharos|Volt Switch|p2a: Rob Ford
|-damage|p2a: Rob Ford|301\/524
|
|switch|p1a: Durant|Durant, F|258\/258
|move|p2a: Rob Ford|Frustration|p1a: Durant
|-resisted|p1a: Durant
|-damage|p1a: Durant|199\/258
|
|-heal|p2a: Rob Ford|333\/524|[from] item: Leftovers
|turn|6
|
|switch|p2a: Banette|Banette-Mega, F|233\/332
|-damage|p2a: Banette|192\/332|[from] Stealth Rock
|move|p1a: Durant|Hone Claws|p1a: Durant
|-boost|p1a: Durant|atk|1
|-boost|p1a: Durant|accuracy|1
|
|turn|7
|
|switch|p1a: Swampert|Swampert, F|329\/404 brn
|move|p2a: Banette|Will-O-Wisp|p1a: Swampert
|-fail|p1a: Swampert|brn
|
|-heal|p1a: Swampert|354\/404 brn|[from] item: Leftovers
|-damage|p1a: Swampert|304\/404 brn|[from] brn
|turn|8
|
|move|p2a: Banette|Shadow Claw|p1a: Swampert
|-damage|p1a: Swampert|183\/404 brn
|move|p1a: Swampert|Scald|p2a: Banette
|-damage|p2a: Banette|95\/332
|
|-heal|p1a: Swampert|208\/404 brn|[from] item: Leftovers
|-damage|p1a: Swampert|158\/404 brn|[from] brn
|turn|9
|
|switch|p2a: Suicune|Suicune|399\/399
|-damage|p2a: Suicune|350\/399|[from] Stealth Rock
|-ability|p2a: Suicune|Pressure
|move|p1a: Swampert|Scald|p2a: Suicune
|-resisted|p2a: Suicune
|-damage|p2a: Suicune|311\/399
|
|-heal|p2a: Suicune|335\/399|[from] item: Leftovers
|-heal|p1a: Swampert|183\/404 brn|[from] item: Leftovers
|-damage|p1a: Swampert|133\/404 brn|[from] brn
|turn|10
|
|move|p2a: Suicune|Scald|p1a: Swampert
|-damage|p1a: Swampert|34\/404 brn
|move|p1a: Swampert|Roar|p2a: Suicune
|drag|p2a: Rob Ford|Snorlax, M|333\/524
|-damage|p2a: Rob Ford|268\/524|[from] Stealth Rock
|
|-heal|p1a: Swampert|59\/404 brn|[from] item: Leftovers
|-heal|p2a: Rob Ford|300\/524|[from] item: Leftovers
|-damage|p1a: Swampert|9\/404 brn|[from] brn
|turn|11
|
|switch|p1a: Durant|Durant, F|199\/258
|move|p2a: Rob Ford|Rest|p2a: Rob Ford
|-status|p2a: Rob Ford|slp
|-heal|p2a: Rob Ford|524\/524 slp|[silent]
|-status|p2a: Rob Ford|slp|[from] move: Rest
|
|turn|12
|
|switch|p2a: Gligar|Gligar, M|334\/334
|-damage|p2a: Gligar|293\/334|[from] Stealth Rock
|move|p1a: Durant|Iron Head|p2a: Gligar
|-damage|p2a: Gligar|171\/334
|-damage|p1a: Durant|174\/258|[from] item: Life Orb
|
|turn|13
|
|move|p1a: Durant|Hone Claws|p1a: Durant
|-boost|p1a: Durant|atk|1
|-boost|p1a: Durant|accuracy|1
|move|p2a: Gligar|U-turn|p1a: Durant
|-resisted|p1a: Durant
|-damage|p1a: Durant|155\/258
|
|switch|p2a: Banette|Banette-Mega, F|95\/332
|-damage|p2a: Banette|54\/332|[from] Stealth Rock
|
|turn|14
|
|switch|p1a: Swampert|Swampert, F|9\/404 brn
|move|p2a: Banette|Destiny Bond|p2a: Banette
|-singlemove|p2a: Banette|Destiny Bond
|
|-heal|p1a: Swampert|34\/404 brn|[from] item: Leftovers
|-damage|p1a: Swampert|0 fnt|[from] brn
|faint|p1a: Swampert
|
|switch|p1a: Crobat|Crobat, M|374\/374
|turn|15
|
|move|p2a: Banette|Destiny Bond|p2a: Banette
|-singlemove|p2a: Banette|Destiny Bond
|move|p1a: Crobat|Taunt|p2a: Banette
|-start|p2a: Banette|move: Taunt
|
|turn|16
|
|switch|p2a: Suicune|Suicune|335\/399
|-damage|p2a: Suicune|286\/399|[from] Stealth Rock
|-ability|p2a: Suicune|Pressure
|move|p1a: Crobat|Brave Bird|p2a: Suicune
|-damage|p2a: Suicune|199\/399
|-damage|p1a: Crobat|345\/374|[from] recoil|[of] p2a: Suicune
|
|-heal|p1a: Crobat|368\/374|[from] item: Leftovers
|-heal|p2a: Suicune|223\/399|[from] item: Leftovers
|turn|17
|
|move|p1a: Crobat|Brave Bird|p2a: Suicune
|-damage|p2a: Suicune|136\/399
|-damage|p1a: Crobat|339\/374|[from] recoil|[of] p2a: Suicune
|move|p2a: Suicune|Extrasensory|p1a: Crobat
|-supereffective|p1a: Crobat
|-damage|p1a: Crobat|207\/374
|
|-heal|p1a: Crobat|230\/374|[from] item: Leftovers
|-heal|p2a: Suicune|160\/399|[from] item: Leftovers
|turn|18
|
|move|p1a: Crobat|Taunt|p2a: Suicune
|-start|p2a: Suicune|move: Taunt
|move|p2a: Suicune|Scald|p1a: Crobat
|-damage|p1a: Crobat|133\/374
|
|-heal|p1a: Crobat|156\/374|[from] item: Leftovers
|-heal|p2a: Suicune|184\/399|[from] item: Leftovers
|turn|19
|
|move|p1a: Crobat|Roost|p1a: Crobat
|-heal|p1a: Crobat|343\/374
|move|p2a: Suicune|Scald|p1a: Crobat
|-crit|p1a: Crobat
|-damage|p1a: Crobat|180\/374
|
|-heal|p1a: Crobat|203\/374|[from] item: Leftovers
|-heal|p2a: Suicune|208\/399|[from] item: Leftovers
|turn|20
|
|switch|p1a: Ampharos|Ampharos-Mega, F|318\/384
|-ability|p1a: Ampharos|Mold Breaker
|move|p2a: Suicune|Scald|p1a: Ampharos
|-crit|p1a: Ampharos
|-resisted|p1a: Ampharos
|-damage|p1a: Ampharos|276\/384
|
|-heal|p2a: Suicune|232\/399|[from] item: Leftovers
|-end|p2a: Suicune|move: Taunt
|turn|21
|
|switch|p2a: Rob Ford|Snorlax, M|524\/524 slp
|-damage|p2a: Rob Ford|459\/524 slp|[from] Stealth Rock
|move|p1a: Ampharos|Dragon Pulse|p2a: Rob Ford
|-damage|p2a: Rob Ford|359\/524 slp
|
|-heal|p2a: Rob Ford|391\/524 slp|[from] item: Leftovers
|turn|22
|
|move|p1a: Ampharos|Volt Switch|p2a: Rob Ford
|-damage|p2a: Rob Ford|300\/524 slp
|
|switch|p1a: Durant|Durant, F|155\/258
|cant|p2a: Rob Ford|slp
|move|p2a: Rob Ford|Sleep Talk|p2a: Rob Ford
|move|p2a: Rob Ford|Frustration|p1a: Durant|[from]Sleep Talk
|-resisted|p1a: Durant
|-damage|p1a: Durant|101\/258
|
|-heal|p2a: Rob Ford|332\/524 slp|[from] item: Leftovers
|turn|23
|
|switch|p2a: Gligar|Gligar, M|171\/334
|-damage|p2a: Gligar|130\/334|[from] Stealth Rock
|move|p1a: Durant|X-Scissor|p2a: Gligar
|-resisted|p2a: Gligar
|-damage|p2a: Gligar|68\/334
|-damage|p1a: Durant|76\/258|[from] item: Life Orb
|
|turn|24
|
|move|p1a: Durant|Iron Head|p2a: Gligar
|-damage|p2a: Gligar|0 fnt
|-damage|p1a: Durant|51\/258|[from] item: Life Orb
|faint|p2a: Gligar
|
|
|switch|p2a: Banette|Banette-Mega, F|54\/332
|-damage|p2a: Banette|13\/332|[from] Stealth Rock
|turn|25
|
|switch|p1a: Crobat|Crobat, M|203\/374
|move|p2a: Banette|Sucker Punch|p1a: Crobat
|-fail|p1a: Crobat
|
|-heal|p1a: Crobat|226\/374|[from] item: Leftovers
|turn|26
|
|move|p2a: Banette|Will-O-Wisp|p1a: Crobat
|-status|p1a: Crobat|brn
|move|p1a: Crobat|Brave Bird|p2a: Banette
|-damage|p2a: Banette|0 fnt
|-damage|p1a: Crobat|222\/374 brn|[from] recoil|[of] p2a: Banette
|faint|p2a: Banette
|
|-heal|p1a: Crobat|245\/374 brn|[from] item: Leftovers
|-damage|p1a: Crobat|199\/374 brn|[from] brn
|
|switch|p2a: Rob Ford|Snorlax, M|332\/524 slp
|-damage|p2a: Rob Ford|267\/524 slp|[from] Stealth Rock
|turn|27
|
|move|p1a: Crobat|Taunt|p2a: Rob Ford
|-start|p2a: Rob Ford|move: Taunt
|cant|p2a: Rob Ford|slp
|cant|p2a: Rob Ford|move: Taunt|Sleep Talk
|
|-heal|p1a: Crobat|222\/374 brn|[from] item: Leftovers
|-heal|p2a: Rob Ford|299\/524 slp|[from] item: Leftovers
|-damage|p1a: Crobat|176\/374 brn|[from] brn
|turn|28
|
|move|p1a: Crobat|Roost|p1a: Crobat
|-heal|p1a: Crobat|363\/374 brn
|-curestatus|p2a: Rob Ford|slp
|move|p2a: Rob Ford|Frustration|p1a: Crobat
|-damage|p1a: Crobat|192\/374 brn
|
|-heal|p1a: Crobat|215\/374 brn|[from] item: Leftovers
|-heal|p2a: Rob Ford|331\/524|[from] item: Leftovers
|-damage|p1a: Crobat|169\/374 brn|[from] brn
|turn|29
|
|move|p1a: Crobat|U-turn|p2a: Rob Ford
|-damage|p2a: Rob Ford|294\/524
|
|switch|p1a: Florges|Florges, F|360\/360
|move|p2a: Rob Ford|Frustration|p1a: Florges
|-damage|p1a: Florges|225\/360
|
|-heal|p1a: Florges|247\/360|[from] item: Leftovers
|-heal|p2a: Rob Ford|326\/524|[from] item: Leftovers
|-end|p2a: Rob Ford|move: Taunt
|turn|30
|
|switch|p2a: Darmanitan|Darmanitan, M|351\/351
|-damage|p2a: Darmanitan|264\/351|[from] Stealth Rock
|move|p1a: Florges|Aromatherapy|p1a: Florges
|-cureteam|p1a: Florges|[from] move: Aromatherapy
|
|-heal|p1a: Florges|269\/360|[from] item: Leftovers
|turn|31
|
|move|p1a: Florges|Protect|p1a: Florges
|-singleturn|p1a: Florges|Protect
|move|p2a: Darmanitan|Flare Blitz|p1a: Florges
|-activate|p1a: Florges|Protect
|
|-heal|p1a: Florges|291\/360|[from] item: Leftovers
|turn|32
|
|switch|p1a: Hydreigon|Hydreigon, M|325\/325
|move|p2a: Darmanitan|Flare Blitz|p1a: Hydreigon
|-resisted|p1a: Hydreigon
|-damage|p1a: Hydreigon|43\/325
|-damage|p2a: Darmanitan|171\/351|[from] recoil|[of] p1a: Hydreigon
|
|turn|33
|
|switch|p2a: Suicune|Suicune|232\/399
|-damage|p2a: Suicune|183\/399|[from] Stealth Rock
|-ability|p2a: Suicune|Pressure
|move|p1a: Hydreigon|Dark Pulse|p2a: Suicune
|-damage|p2a: Suicune|69\/399
|
|-heal|p2a: Suicune|93\/399|[from] item: Leftovers
|turn|34
|
|move|p1a: Hydreigon|Dark Pulse|p2a: Suicune
|-damage|p2a: Suicune|0 fnt
|faint|p2a: Suicune
|
|
|switch|p2a: Heracross|Heracross, F|302\/302
|-damage|p2a: Heracross|265\/302|[from] Stealth Rock
|turn|35
|
|move|p1a: Hydreigon|Dark Pulse|p2a: Heracross
|-resisted|p2a: Heracross
|-damage|p2a: Heracross|191\/302
|cant|p2a: Heracross|flinch
|
|turn|36
|
|move|p1a: Hydreigon|Dark Pulse|p2a: Heracross
|-resisted|p2a: Heracross
|-damage|p2a: Heracross|125\/302
|move|p2a: Heracross|Close Combat|p1a: Hydreigon
|-supereffective|p1a: Hydreigon
|-damage|p1a: Hydreigon|0 fnt
|-unboost|p2a: Heracross|def|1
|-unboost|p2a: Heracross|spd|1
|faint|p1a: Hydreigon
|-boost|p2a: Heracross|atk|1|[from] ability: Moxie
|
|
|switch|p1a: Crobat|Crobat, M|169\/374
|turn|37
|
|switch|p2a: Rob Ford|Snorlax, M|326\/524
|-damage|p2a: Rob Ford|261\/524|[from] Stealth Rock
|move|p1a: Crobat|Brave Bird|p2a: Rob Ford
|-damage|p2a: Rob Ford|65\/524
|-damage|p1a: Crobat|104\/374|[from] recoil|[of] p2a: Rob Ford
|
|-heal|p1a: Crobat|127\/374|[from] item: Leftovers
|-heal|p2a: Rob Ford|97\/524|[from] item: Leftovers
|turn|38
|
|move|p1a: Crobat|Brave Bird|p2a: Rob Ford
|-damage|p2a: Rob Ford|0 fnt
|-damage|p1a: Crobat|95\/374|[from] recoil|[of] p2a: Rob Ford
|faint|p2a: Rob Ford
|
|-heal|p1a: Crobat|118\/374|[from] item: Leftovers
|
|switch|p2a: Heracross|Heracross, F|125\/302
|-damage|p2a: Heracross|88\/302|[from] Stealth Rock
|turn|39
|
|move|p2a: Heracross|Stone Edge|p1a: Crobat
|-crit|p1a: Crobat
|-supereffective|p1a: Crobat
|-damage|p1a: Crobat|0 fnt
|faint|p1a: Crobat
|-boost|p2a: Heracross|atk|1|[from] ability: Moxie
|
|
|switch|p1a: Florges|Florges, F|291\/360
|turn|40
|
|switch|p2a: Darmanitan|Darmanitan, M|171\/351
|-damage|p2a: Darmanitan|84\/351|[from] Stealth Rock
|move|p1a: Florges|Moonblast|p2a: Darmanitan
|-resisted|p2a: Darmanitan
|-damage|p2a: Darmanitan|0 fnt
|faint|p2a: Darmanitan
|
|-heal|p1a: Florges|313\/360|[from] item: Leftovers
|chat|Lti tesung|Gg
|chat|Shaneee|gg
|
|switch|p2a: Heracross|Heracross, F|88\/302
|-damage|p2a: Heracross|51\/302|[from] Stealth Rock
|turn|41
|
|move|p2a: Heracross|Stone Edge|p1a: Florges
|-damage|p1a: Florges|193\/360
|move|p1a: Florges|Moonblast|p2a: Heracross
|-crit|p2a: Heracross
|-supereffective|p2a: Heracross
|-damage|p2a: Heracross|0 fnt
|faint|p2a: Heracross
|
|win|Lti tesung
|raw|Ladder updating...
|raw|Lti tesung's rating: 1776 &rarr; <strong>1788<\/strong><br \/>(+12 for winning)
|raw|Shaneee's rating: 1617 &rarr; <strong>1605<\/strong><br \/>(-12 for losing)
|leave|Lti tesung
|player|p1
|leave|Shaneee
|player|p2