|join|Shaneee
|join|banbanbansema
|player|p1|Shaneee|83
|player|p2|banbanbansema|265
|gametype|singles
|gen|6
|tier|UU
|rated
|rule|Sleep Clause Mod: Limit one foe put to sleep
|rule|Species Clause: Limit one of each PokÃ©mon
|rule|OHKO Clause: OHKO moves are banned
|rule|Moody Clause: Moody is banned
|rule|Evasion Moves Clause: Evasion moves are banned
|rule|Endless Battle Clause: Forcing endless battles is banned
|rule|HP Percentage Mod: HP is reported as percentages
|clearpoke
|poke|p1|Darmanitan, F
|poke|p1|Snorlax, M, shiny
|poke|p1|Gligar, M, shiny
|poke|p1|Heracross, F
|poke|p1|Slowbro, M, shiny
|poke|p1|Banette, M
|poke|p2|Arcanine, F
|poke|p2|Tornadus, M
|poke|p2|Suicune
|poke|p2|Celebi
|poke|p2|Absol, M
|poke|p2|Florges, F
|rule|Swagger Clause: Swagger is banned
|rule|Baton Pass Clause: Limit one PokÃ©mon knowing Baton Pass
|teampreview
|
|start
|switch|p1a: Banette|Banette, M|332\/332
|switch|p2a: Arcanine|Arcanine, F|384\/384
|-ability|p2a: Arcanine|Intimidate|[of] p1a: Banette
|-unboost|p1a: Banette|atk|1
|-item|p2a: Arcanine|Leftovers|[from] ability: Frisk|[of] p1a: Banette|[identify]
|turn|1
|
|switch|p1a: ariana grande|Gligar, M, shiny|334\/334
|move|p2a: Arcanine|Will-O-Wisp|p1a: ariana grande
|-status|p1a: ariana grande|brn
|
|-damage|p1a: ariana grande|293\/334 brn|[from] brn
|turn|2
|
|switch|p2a: Absol|Absol, M|271\/271
|-ability|p2a: Absol|Pressure
|move|p1a: ariana grande|Stealth Rock|p2a: Absol
|-sidestart|p2: banbanbansema|move: Stealth Rock
|
|-damage|p1a: ariana grande|252\/334 brn|[from] brn
|turn|3
|
|detailschange|p2a: Absol|Absol-Mega, M
|message|Absol has Mega Evolved into Mega Absol!
|move|p2a: Absol|Knock Off|p1a: ariana grande
|-damage|p1a: ariana grande|150\/334 brn
|-enditem|p1a: ariana grande|Eviolite|[from] move: Knock Off|[of] p2a: Absol
|move|p1a: ariana grande|U-turn|p2a: Absol
|-supereffective|p2a: Absol
|-damage|p2a: Absol|205\/271
|
|switch|p1a: Heracross|Heracross, F|302\/302
|
|turn|4
|
|switch|p2a: Florges|Florges, F|360\/360
|-damage|p2a: Florges|315\/360|[from] Stealth Rock
|move|p1a: Heracross|Close Combat|p2a: Florges
|-resisted|p2a: Florges
|-damage|p2a: Florges|224\/360
|-unboost|p1a: Heracross|def|1
|-unboost|p1a: Heracross|spd|1
|
|-heal|p2a: Florges|246\/360|[from] item: Leftovers
|turn|5
|
|switch|p1a: Darmanitan|Darmanitan, F|352\/352
|move|p2a: Florges|Wish|p2a: Florges
|
|-heal|p2a: Florges|268\/360|[from] item: Leftovers
|turn|6
|
|switch|p2a: Arcanine|Arcanine, F|384\/384
|-damage|p2a: Arcanine|288\/384|[from] Stealth Rock
|-ability|p2a: Arcanine|Intimidate|[of] p1a: Darmanitan
|-unboost|p1a: Darmanitan|atk|1
|move|p1a: Darmanitan|Flare Blitz|p2a: Arcanine
|-crit|p2a: Arcanine
|-resisted|p2a: Arcanine
|-damage|p2a: Arcanine|0 fnt
|-damage|p1a: Darmanitan|257\/352|[from] recoil|[of] p2a: Arcanine
|faint|p2a: Arcanine
|
|
|switch|p2a: Absol|Absol-Mega, M|205\/271
|-damage|p2a: Absol|172\/271|[from] Stealth Rock
|turn|7
|
|switch|p1a: ariana grande|Gligar, M, shiny|150\/334 brn
|move|p2a: Absol|Knock Off|p1a: ariana grande
|-damage|p1a: ariana grande|59\/334 brn
|
|-damage|p1a: ariana grande|18\/334 brn|[from] brn
|turn|8
|
|move|p2a: Absol|Knock Off|p1a: ariana grande
|-damage|p1a: ariana grande|0 fnt
|faint|p1a: ariana grande
|
|
|switch|p1a: Heracross|Heracross, F|302\/302
|turn|9
|
|switch|p2a: Florges|Florges, F|268\/360
|-damage|p2a: Florges|223\/360|[from] Stealth Rock
|move|p1a: Heracross|Close Combat|p2a: Florges
|-resisted|p2a: Florges
|-damage|p2a: Florges|127\/360
|-unboost|p1a: Heracross|def|1
|-unboost|p1a: Heracross|spd|1
|
|-heal|p2a: Florges|149\/360|[from] item: Leftovers
|turn|10
|
|switch|p1a: Banette|Banette, M|332\/332
|-item|p2a: Florges|Leftovers|[from] ability: Frisk|[of] p1a: Banette|[identify]
|move|p2a: Florges|Wish|p2a: Florges
|
|-heal|p2a: Florges|171\/360|[from] item: Leftovers
|turn|11
|
|switch|p2a: Absol|Absol-Mega, M|172\/271
|-damage|p2a: Absol|139\/271|[from] Stealth Rock
|detailschange|p1a: Banette|Banette-Mega, M
|message|Banette has Mega Evolved into Mega Banette!
|move|p1a: Banette|Shadow Claw|p2a: Absol
|-resisted|p2a: Absol
|-damage|p2a: Absol|21\/271
|
|-heal|p2a: Absol|201\/271|[from] move: Wish|[wisher] Florges
|turn|12
|
|move|p1a: Banette|Destiny Bond|p1a: Banette
|-singlemove|p1a: Banette|Destiny Bond
|move|p2a: Absol|Will-O-Wisp|p1a: Banette|[miss]
|-miss|p2a: Absol|p1a: Banette
|
|turn|13
|
|switch|p1a: Slowbro|Slowbro, M, shiny|394\/394
|move|p2a: Absol|Knock Off|p1a: Slowbro
|-supereffective|p1a: Slowbro
|-damage|p1a: Slowbro|98\/394
|-enditem|p1a: Slowbro|Leftovers|[from] move: Knock Off|[of] p2a: Absol
|
|turn|14
|
|switch|p1a: Rob Ford|Snorlax, M, shiny|524\/524
|move|p2a: Absol|Knock Off|p1a: Rob Ford
|-damage|p1a: Rob Ford|224\/524
|-enditem|p1a: Rob Ford|Leftovers|[from] move: Knock Off|[of] p2a: Absol
|
|turn|15
|
|move|p2a: Absol|Sucker Punch|p1a: Rob Ford
|-fail|p1a: Rob Ford
|move|p1a: Rob Ford|Rest|p1a: Rob Ford
|-status|p1a: Rob Ford|slp
|-heal|p1a: Rob Ford|524\/524 slp|[silent]
|-status|p1a: Rob Ford|slp|[from] move: Rest
|
|turn|16
|
|move|p2a: Absol|Knock Off|p1a: Rob Ford
|-crit|p1a: Rob Ford
|-damage|p1a: Rob Ford|212\/524 slp
|cant|p1a: Rob Ford|slp
|move|p1a: Rob Ford|Sleep Talk|p1a: Rob Ford
|move|p1a: Rob Ford|Curse|p1a: Rob Ford|[from]Sleep Talk
|-boost|p1a: Rob Ford|atk|1
|-boost|p1a: Rob Ford|def|1
|-unboost|p1a: Rob Ford|spe|1
|
|turn|17
|
|move|p2a: Absol|Superpower|p1a: Rob Ford
|-supereffective|p1a: Rob Ford
|-damage|p1a: Rob Ford|0 fnt
|-unboost|p2a: Absol|atk|1
|-unboost|p2a: Absol|def|1
|faint|p1a: Rob Ford
|
|
|switch|p1a: Heracross|Heracross, F|302\/302
|turn|18
|
|switch|p2a: Celebi|Celebi|404\/404
|-damage|p2a: Celebi|354\/404|[from] Stealth Rock
|move|p1a: Heracross|Megahorn|p2a: Celebi
|-supereffective|p2a: Celebi
|-damage|p2a: Celebi|0 fnt
|faint|p2a: Celebi
|-boost|p1a: Heracross|atk|1|[from] ability: Moxie
|
|
|switch|p2a: Tornadus|Tornadus, M|362\/362
|-damage|p2a: Tornadus|272\/362|[from] Stealth Rock
|turn|19
|
|switch|p1a: Slowbro|Slowbro, M, shiny|229\/394
|move|p2a: Tornadus|Bulk Up|p2a: Tornadus
|-boost|p2a: Tornadus|atk|1
|-boost|p2a: Tornadus|def|1
|
|turn|20
|
|move|p2a: Tornadus|Bulk Up|p2a: Tornadus
|-boost|p2a: Tornadus|atk|1
|-boost|p2a: Tornadus|def|1
|move|p1a: Slowbro|Toxic|p2a: Tornadus
|-status|p2a: Tornadus|tox
|
|-damage|p2a: Tornadus|250\/362 tox|[from] psn
|turn|21
|
|switch|p1a: Darmanitan|Darmanitan, F|257\/352
|move|p2a: Tornadus|Bulk Up|p2a: Tornadus
|-boost|p2a: Tornadus|atk|1
|-boost|p2a: Tornadus|def|1
|
|-damage|p2a: Tornadus|206\/362 tox|[from] psn
|turn|22
|
|switch|p1a: Slowbro|Slowbro, M, shiny|360\/394
|move|p2a: Tornadus|Bulk Up|p2a: Tornadus
|-boost|p2a: Tornadus|atk|1
|-boost|p2a: Tornadus|def|1
|
|-damage|p2a: Tornadus|140\/362 tox|[from] psn
|turn|23
|
|move|p2a: Tornadus|Rest|p2a: Tornadus
|-status|p2a: Tornadus|slp
|-heal|p2a: Tornadus|362\/362 slp|[silent]
|-status|p2a: Tornadus|slp|[from] move: Rest
|-enditem|p2a: Tornadus|Chesto Berry|[eat]
|-curestatus|p2a: Tornadus|slp
|move|p1a: Slowbro|Scald|p2a: Tornadus
|-damage|p2a: Tornadus|277\/362
|
|turn|24
|
|move|p2a: Tornadus|Bulk Up|p2a: Tornadus
|-boost|p2a: Tornadus|atk|1
|-boost|p2a: Tornadus|def|1
|move|p1a: Slowbro|Scald|p2a: Tornadus
|-crit|p2a: Tornadus
|-damage|p2a: Tornadus|166\/362
|-status|p2a: Tornadus|brn
|
|-damage|p2a: Tornadus|121\/362 brn|[from] brn
|turn|25
|
|switch|p1a: Darmanitan|Darmanitan, F|257\/352
|move|p2a: Tornadus|Rest|p2a: Tornadus
|-status|p2a: Tornadus|slp
|-heal|p2a: Tornadus|362\/362 slp|[silent]
|-status|p2a: Tornadus|slp|[from] move: Rest
|
|turn|26
|
|cant|p2a: Tornadus|slp
|move|p2a: Tornadus|Sleep Talk|p2a: Tornadus
|move|p2a: Tornadus|Rest|p2a: Tornadus|[from]Sleep Talk
|-fail|p2a: Tornadus
|move|p1a: Darmanitan|Flare Blitz|p2a: Tornadus
|-damage|p2a: Tornadus|187\/362 slp
|-damage|p1a: Darmanitan|199\/352|[from] recoil|[of] p2a: Tornadus
|
|turn|27
|
|cant|p2a: Tornadus|slp
|move|p2a: Tornadus|Sleep Talk|p2a: Tornadus
|move|p2a: Tornadus|Acrobatics|p1a: Darmanitan|[from]Sleep Talk
|-damage|p1a: Darmanitan|0 fnt
|faint|p1a: Darmanitan
|
|
|switch|p1a: Heracross|Heracross, F|302\/302
|turn|28
|
|-curestatus|p2a: Tornadus|slp
|move|p2a: Tornadus|Rest|p2a: Tornadus
|-status|p2a: Tornadus|slp
|-heal|p2a: Tornadus|362\/362 slp|[silent]
|-status|p2a: Tornadus|slp|[from] move: Rest
|move|p1a: Heracross|Stone Edge|p2a: Tornadus
|-supereffective|p2a: Tornadus
|-damage|p2a: Tornadus|270\/362 slp
|
|turn|29
|
|cant|p2a: Tornadus|slp
|move|p2a: Tornadus|Sleep Talk|p2a: Tornadus
|move|p2a: Tornadus|Rest|p2a: Tornadus|[from]Sleep Talk
|-fail|p2a: Tornadus
|move|p1a: Heracross|Stone Edge|p2a: Tornadus
|-supereffective|p2a: Tornadus
|-damage|p2a: Tornadus|186\/362 slp
|
|turn|30
|
|cant|p2a: Tornadus|slp
|move|p2a: Tornadus|Sleep Talk|p2a: Tornadus
|move|p2a: Tornadus|Acrobatics|p1a: Heracross|[from]Sleep Talk
|-supereffective|p1a: Heracross
|-damage|p1a: Heracross|0 fnt
|faint|p1a: Heracross
|
|-message|Shaneee forfeited.
|
|win|banbanbansema
|raw|Ladder updating...
|leave|Shaneee
|player|p1
|raw|Shaneee's rating: 1636 &rarr; <strong>1606<\/strong><br \/>(-30 for losing)
|raw|banbanbansema's rating: 1433 &rarr; <strong>1464<\/strong><br \/>(+31 for winning)