|join|Shaneee
|join|The Shnitzel
|player|p1|Shaneee|226
|player|p2|The Shnitzel|274
|gametype|singles
|gen|6
|tier|UU
|clearpoke
|poke|p1|Darmanitan, M, shiny
|poke|p1|Gligar, M, shiny
|poke|p1|Manectric, M
|poke|p1|Suicune, shiny
|poke|p1|Kyurem, shiny
|poke|p1|Heracross, M, shiny
|poke|p2|Volbeat, M
|poke|p2|Porygon2
|poke|p2|Blastoise, F
|poke|p2|Arcanine, M
|poke|p2|Slaking, M
|poke|p2|Mew
|rule|Sleep Clause Mod: Limit one foe put to sleep
|rule|Species Clause: Limit one of each Pokemon
|rule|OHKO Clause: OHKO moves are banned
|rule|Moody Clause: Moody is banned
|rule|Evasion Moves Clause: Evasion moves are banned
|rule|Endless Battle Clause: Forcing endless battles is banned.
|rule|HP Percentage Mod: HP is reported as percentages
|teampreview
|join|Tenderts
|join|â¥blushâ¥ I'm a guyâª
|chat|The Shnitzel|glhf
|
|start
|switch|p1a: Darmanitan|Darmanitan, M, shiny|351\/351
|switch|p2a: Volbeat|Volbeat, M|334\/334
|turn|1
|chat|Shaneee|u2
|
|move|p2a: Volbeat|Thunder Wave|p1a: Darmanitan
|-status|p1a: Darmanitan|par
|move|p1a: Darmanitan|Flare Blitz|p2a: Volbeat
|-supereffective|p2a: Volbeat
|-enditem|p2a: Volbeat|Focus Sash
|-damage|p2a: Volbeat|1\/334
|-damage|p1a: Darmanitan|241\/351 par|[from] recoil|[of] p2a: Volbeat
|
|turn|2
|
|move|p2a: Volbeat|Confuse Ray|p1a: Darmanitan
|-start|p1a: Darmanitan|confusion
|-activate|p1a: Darmanitan|confusion
|move|p1a: Darmanitan|Flare Blitz|p2a: Volbeat
|-supereffective|p2a: Volbeat
|-damage|p2a: Volbeat|0 fnt
|-damage|p1a: Darmanitan|240\/351 par|[from] recoil|[of] p2a: Volbeat
|faint|p2a: Volbeat
|
|
|switch|p2a: Mew|Mew|404\/404
|turn|3
|
|move|p2a: Mew|Iron Defense|p2a: Mew
|-boost|p2a: Mew|def|2
|-activate|p1a: Darmanitan|confusion
|-damage|p1a: Darmanitan|114\/351 par|[from] confusion
|
|turn|4
|
|move|p2a: Mew|Amnesia|p2a: Mew
|-boost|p2a: Mew|spd|2
|-activate|p1a: Darmanitan|confusion
|-damage|p1a: Darmanitan|0 fnt|[from] confusion
|faint|p1a: Darmanitan
|
|
|switch|p1a: Heracross|Heracross, M, shiny|302\/302
|turn|5
|
|move|p1a: Heracross|Megahorn|p2a: Mew|[miss]
|-miss|p1a: Heracross|p2a: Mew
|move|p2a: Mew|Iron Defense|p2a: Mew
|-boost|p2a: Mew|def|2
|
|turn|6
|
|move|p1a: Heracross|Megahorn|p2a: Mew
|-supereffective|p2a: Mew
|-damage|p2a: Mew|246\/404
|move|p2a: Mew|Amnesia|p2a: Mew
|-boost|p2a: Mew|spd|2
|
|-heal|p2a: Mew|271\/404|[from] item: Leftovers
|turn|7
|
|move|p1a: Heracross|Megahorn|p2a: Mew
|-supereffective|p2a: Mew
|-damage|p2a: Mew|125\/404
|move|p2a: Mew|Psychic|p1a: Heracross
|-supereffective|p1a: Heracross
|-damage|p1a: Heracross|80\/302
|
|-heal|p2a: Mew|150\/404|[from] item: Leftovers
|turn|8
|
|move|p1a: Heracross|Megahorn|p2a: Mew
|-supereffective|p2a: Mew
|-damage|p2a: Mew|4\/404
|move|p2a: Mew|Psychic|p1a: Heracross
|-supereffective|p1a: Heracross
|-damage|p1a: Heracross|0 fnt
|faint|p1a: Heracross
|
|-heal|p2a: Mew|29\/404|[from] item: Leftovers
|
|switch|p1a: Manectric|Manectric, M|281\/281
|turn|9
|
|-formechange|p1a: Manectric|Manectric-Mega
|message|Manectric has Mega Evolved into Mega Manectric!
|-ability|p1a: Manectric|Intimidate|[of] p2a: Mew
|-unboost|p2a: Mew|atk|1
|move|p1a: Manectric|Volt Switch|p2a: Mew
|-damage|p2a: Mew|0 fnt
|faint|p2a: Mew
|
|switch|p1a: Kyurem|Kyurem, shiny|454\/454
|-ability|p1a: Kyurem|Pressure
|
|
|switch|p2a: Slaking|Slaking, M|442\/442
|turn|10
|
|move|p2a: Slaking|Retaliate|p1a: Kyurem
|-damage|p1a: Kyurem|0 fnt
|faint|p1a: Kyurem
|
|join|kolucario
|
|switch|p1a: Suicune|Suicune, shiny|404\/404
|-ability|p1a: Suicune|Pressure
|turn|11
|
|switch|p2a: Porygon2|Porygon2|374\/374
|move|p1a: Suicune|Calm Mind|p1a: Suicune
|-boost|p1a: Suicune|spa|1
|-boost|p1a: Suicune|spd|1
|
|turn|12
|
|move|p1a: Suicune|Calm Mind|p1a: Suicune
|-boost|p1a: Suicune|spa|1
|-boost|p1a: Suicune|spd|1
|move|p2a: Porygon2|Discharge|p1a: Suicune
|-supereffective|p1a: Suicune
|-damage|p1a: Suicune|294\/404
|-status|p1a: Suicune|par
|
|-heal|p1a: Suicune|319\/404 par|[from] item: Leftovers
|turn|13
|
|move|p2a: Porygon2|Discharge|p1a: Suicune
|-supereffective|p1a: Suicune
|-damage|p1a: Suicune|233\/404 par
|cant|p1a: Suicune|par
|
|-heal|p1a: Suicune|258\/404 par|[from] item: Leftovers
|turn|14
|
|move|p2a: Porygon2|Discharge|p1a: Suicune
|-supereffective|p1a: Suicune
|-damage|p1a: Suicune|184\/404 par
|move|p1a: Suicune|Rest|p1a: Suicune
|-status|p1a: Suicune|slp
|-heal|p1a: Suicune|404\/404 slp|[silent]
|-status|p1a: Suicune|slp|[from] move: Rest
|
|turn|15
|
|cant|p1a: Suicune|slp
|move|p1a: Suicune|Sleep Talk|p1a: Suicune
|move|p1a: Suicune|Calm Mind|p1a: Suicune|[from]Sleep Talk
|-boost|p1a: Suicune|spa|1
|-boost|p1a: Suicune|spd|1
|move|p2a: Porygon2|Discharge|p1a: Suicune
|-supereffective|p1a: Suicune
|-damage|p1a: Suicune|314\/404 slp
|
|-heal|p1a: Suicune|339\/404 slp|[from] item: Leftovers
|turn|16
|
|cant|p1a: Suicune|slp
|move|p1a: Suicune|Sleep Talk|p1a: Suicune
|move|p1a: Suicune|Scald|p2a: Porygon2|[from]Sleep Talk
|-damage|p2a: Porygon2|220\/374
|move|p2a: Porygon2|Discharge|p1a: Suicune
|-supereffective|p1a: Suicune
|-damage|p1a: Suicune|251\/404 slp
|
|-heal|p1a: Suicune|276\/404 slp|[from] item: Leftovers
|turn|17
|
|-curestatus|p1a: Suicune|slp
|move|p1a: Suicune|Calm Mind|p1a: Suicune
|-boost|p1a: Suicune|spa|1
|-boost|p1a: Suicune|spd|1
|move|p2a: Porygon2|Discharge|p1a: Suicune
|-supereffective|p1a: Suicune
|-damage|p1a: Suicune|206\/404
|
|-heal|p1a: Suicune|231\/404|[from] item: Leftovers
|turn|18
|
|move|p1a: Suicune|Calm Mind|p1a: Suicune
|-boost|p1a: Suicune|spa|1
|-boost|p1a: Suicune|spd|1
|move|p2a: Porygon2|Discharge|p1a: Suicune
|-supereffective|p1a: Suicune
|-damage|p1a: Suicune|165\/404
|
|-heal|p1a: Suicune|190\/404|[from] item: Leftovers
|turn|19
|
|move|p1a: Suicune|Calm Mind|p1a: Suicune
|-boost|p1a: Suicune|spa|1
|-boost|p1a: Suicune|spd|1
|move|p2a: Porygon2|Discharge|p1a: Suicune
|-supereffective|p1a: Suicune
|-damage|p1a: Suicune|134\/404
|-status|p1a: Suicune|par
|
|-heal|p1a: Suicune|159\/404 par|[from] item: Leftovers
|turn|20
|
|move|p2a: Porygon2|Discharge|p1a: Suicune
|-supereffective|p1a: Suicune
|-damage|p1a: Suicune|119\/404 par
|move|p1a: Suicune|Rest|p1a: Suicune
|-status|p1a: Suicune|slp
|-heal|p1a: Suicune|404\/404 slp|[silent]
|-status|p1a: Suicune|slp|[from] move: Rest
|
|turn|21
|
|cant|p1a: Suicune|slp
|move|p1a: Suicune|Sleep Talk|p1a: Suicune
|move|p1a: Suicune|Scald|p2a: Porygon2|[from]Sleep Talk
|-damage|p2a: Porygon2|0 fnt
|faint|p2a: Porygon2
|
|
|switch|p2a: Slaking|Slaking, M|442\/442
|turn|22
|
|move|p2a: Slaking|Retaliate|p1a: Suicune
|-damage|p1a: Suicune|139\/404 slp
|cant|p1a: Suicune|slp
|move|p1a: Suicune|Sleep Talk|p1a: Suicune
|move|p1a: Suicune|Calm Mind|p1a: Suicune|[from]Sleep Talk
|-fail|p1a: Suicune
|
|-heal|p1a: Suicune|164\/404 slp|[from] item: Leftovers
|turn|23
|
|switch|p2a: Arcanine|Arcanine, M|384\/384
|-ability|p2a: Arcanine|Intimidate|[of] p1a: Suicune
|-unboost|p1a: Suicune|atk|1
|-curestatus|p1a: Suicune|slp
|move|p1a: Suicune|Rest|p1a: Suicune
|-status|p1a: Suicune|slp
|-heal|p1a: Suicune|404\/404 slp|[silent]
|-status|p1a: Suicune|slp|[from] move: Rest
|
|turn|24
|
|move|p2a: Arcanine|Wild Charge|p1a: Suicune
|-supereffective|p1a: Suicune
|-damage|p1a: Suicune|270\/404 slp
|-damage|p2a: Arcanine|350\/384|[from] recoil|[of] p1a: Suicune
|cant|p1a: Suicune|slp
|move|p1a: Suicune|Sleep Talk|p1a: Suicune
|move|p1a: Suicune|Calm Mind|p1a: Suicune|[from]Sleep Talk
|-fail|p1a: Suicune
|
|-heal|p2a: Arcanine|374\/384|[from] item: Leftovers
|-heal|p1a: Suicune|295\/404 slp|[from] item: Leftovers
|turn|25
|
|move|p2a: Arcanine|Wild Charge|p1a: Suicune
|-supereffective|p1a: Suicune
|-damage|p1a: Suicune|145\/404 slp
|-damage|p2a: Arcanine|336\/384|[from] recoil|[of] p1a: Suicune
|cant|p1a: Suicune|slp
|move|p1a: Suicune|Sleep Talk|p1a: Suicune
|move|p1a: Suicune|Rest|p1a: Suicune|[from]Sleep Talk
|-fail|p1a: Suicune
|
|-heal|p2a: Arcanine|360\/384|[from] item: Leftovers
|-heal|p1a: Suicune|170\/404 slp|[from] item: Leftovers
|turn|26
|
|move|p2a: Arcanine|Wild Charge|p1a: Suicune
|-supereffective|p1a: Suicune
|-damage|p1a: Suicune|24\/404 slp
|-damage|p2a: Arcanine|323\/384|[from] recoil|[of] p1a: Suicune
|-curestatus|p1a: Suicune|slp
|move|p1a: Suicune|Rest|p1a: Suicune
|-status|p1a: Suicune|slp
|-heal|p1a: Suicune|404\/404 slp|[silent]
|-status|p1a: Suicune|slp|[from] move: Rest
|
|-heal|p2a: Arcanine|347\/384|[from] item: Leftovers
|turn|27
|
|move|p2a: Arcanine|Wild Charge|p1a: Suicune
|-supereffective|p1a: Suicune
|-damage|p1a: Suicune|268\/404 slp
|-damage|p2a: Arcanine|313\/384|[from] recoil|[of] p1a: Suicune
|cant|p1a: Suicune|slp
|move|p1a: Suicune|Sleep Talk|p1a: Suicune
|move|p1a: Suicune|Rest|p1a: Suicune|[from]Sleep Talk
|-fail|p1a: Suicune
|
|-heal|p2a: Arcanine|337\/384|[from] item: Leftovers
|-heal|p1a: Suicune|293\/404 slp|[from] item: Leftovers
|turn|28
|
|move|p2a: Arcanine|Wild Charge|p1a: Suicune
|-supereffective|p1a: Suicune
|-damage|p1a: Suicune|151\/404 slp
|-damage|p2a: Arcanine|301\/384|[from] recoil|[of] p1a: Suicune
|cant|p1a: Suicune|slp
|
|-heal|p2a: Arcanine|325\/384|[from] item: Leftovers
|-heal|p1a: Suicune|176\/404 slp|[from] item: Leftovers
|turn|29
|
|move|p2a: Arcanine|Close Combat|p1a: Suicune
|-damage|p1a: Suicune|78\/404 slp
|-unboost|p2a: Arcanine|def|1
|-unboost|p2a: Arcanine|spd|1
|-curestatus|p1a: Suicune|slp
|move|p1a: Suicune|Rest|p1a: Suicune
|-status|p1a: Suicune|slp
|-heal|p1a: Suicune|404\/404 slp|[silent]
|-status|p1a: Suicune|slp|[from] move: Rest
|
|-heal|p2a: Arcanine|349\/384|[from] item: Leftovers
|turn|30
|
|move|p2a: Arcanine|Wild Charge|p1a: Suicune
|-supereffective|p1a: Suicune
|-damage|p1a: Suicune|258\/404 slp
|-damage|p2a: Arcanine|312\/384|[from] recoil|[of] p1a: Suicune
|cant|p1a: Suicune|slp
|move|p1a: Suicune|Sleep Talk|p1a: Suicune
|move|p1a: Suicune|Scald|p2a: Arcanine|[from]Sleep Talk
|-crit|p2a: Arcanine
|-supereffective|p2a: Arcanine
|-damage|p2a: Arcanine|0 fnt
|faint|p2a: Arcanine
|
|-heal|p1a: Suicune|283\/404 slp|[from] item: Leftovers
|
|switch|p2a: Slaking|Slaking, M|442\/442
|turn|31
|
|move|p2a: Slaking|Retaliate|p1a: Suicune
|-damage|p1a: Suicune|0 fnt
|faint|p1a: Suicune
|
|
|switch|p1a: Manectric|Manectric, M|281\/281
|-formechange|p1a: Manectric|Manectric-Mega
|-ability|p1a: Manectric|Intimidate|[of] p2a: Slaking
|-unboost|p2a: Slaking|atk|1
|turn|32
|
|move|p1a: Manectric|Thunderbolt|p2a: Slaking
|-damage|p2a: Slaking|187\/442
|cant|p2a: Slaking|ability: Truant|Retaliate
|
|turn|33
|
|move|p1a: Manectric|Thunderbolt|p2a: Slaking
|-damage|p2a: Slaking|0 fnt
|faint|p2a: Slaking
|
|
|switch|p2a: Blastoise|Blastoise, F|362\/362
|turn|34
|
|-formechange|p2a: Blastoise|Blastoise-Mega
|message|Blastoise has Mega Evolved into Mega Blastoise!
|move|p1a: Manectric|Thunderbolt|p2a: Blastoise
|-supereffective|p2a: Blastoise
|-damage|p2a: Blastoise|26\/362
|move|p2a: Blastoise|Dark Pulse|p1a: Manectric
|-damage|p1a: Manectric|89\/281
|
|turn|35
|
|move|p2a: Blastoise|Aqua Jet|p1a: Manectric
|-damage|p1a: Manectric|26\/281
|move|p1a: Manectric|Thunderbolt|p2a: Blastoise
|-supereffective|p2a: Blastoise
|-damage|p2a: Blastoise|0 fnt
|faint|p2a: Blastoise
|
|win|Shaneee
|chat|The Shnitzel|gg
|leave|The Shnitzel
|player|p2
|chat|Shaneee|gg
|leave|Shaneee
|player|p1
|chat|kolucario|Nice. Shaneee, you're competitive
|leave|â¥blushâ¥ I'm a guyâª