|join|Shaneee
|join|SpecsPrimeape
|player|p1|Shaneee|101
|player|p2|SpecsPrimeape|2
|gametype|singles
|gen|6
|tier|UU
|rated
|rule|Sleep Clause Mod: Limit one foe put to sleep
|rule|Species Clause: Limit one of each Pokemon
|rule|OHKO Clause: OHKO moves are banned
|rule|Moody Clause: Moody is banned
|rule|Evasion Moves Clause: Evasion moves are banned
|rule|Endless Battle Clause: Forcing endless battles is banned.
|rule|HP Percentage Mod: HP is reported as percentages
|clearpoke
|poke|p1|Darmanitan, M
|poke|p1|Slowbro, M
|poke|p1|Gligar, F
|poke|p1|Snorlax, F
|poke|p1|Hydreigon, M
|poke|p1|Jolteon, F
|poke|p2|Blissey, F
|poke|p2|Mew
|poke|p2|Gastrodon, F, shiny
|poke|p2|Infernape, F
|poke|p2|Banette, M
|poke|p2|Hydreigon, M
|teampreview
|
|start
|switch|p1a: Jolteon|Jolteon, F|272\/272
|switch|p2a: Prominence|Infernape, F|293\/293
|turn|1
|
|move|p2a: Prominence|Fake Out|p1a: Jolteon
|-damage|p1a: Jolteon|206\/272
|cant|p1a: Jolteon|flinch
|
|turn|2
|
|move|p1a: Jolteon|Hidden Power|p2a: Prominence
|-resisted|p2a: Prominence
|-damage|p2a: Prominence|218\/293
|move|p2a: Prominence|Stealth Rock|p1a: Jolteon
|-sidestart|p1: Shaneee|move: Stealth Rock
|
|turn|3
|
|switch|p1a: Gligar|Gligar, F|334\/334
|-damage|p1a: Gligar|293\/334|[from] Stealth Rock
|move|p2a: Prominence|Close Combat|p1a: Gligar
|-resisted|p1a: Gligar
|-damage|p1a: Gligar|249\/334
|-unboost|p2a: Prominence|def|1
|-unboost|p2a: Prominence|spd|1
|
|turn|4
|
|switch|p2a: Drag trio|Hydreigon, M|325\/325
|move|p1a: Gligar|Stealth Rock|p2a: Drag trio
|-sidestart|p2: SpecsPrimeape|move: Stealth Rock
|
|turn|5
|
|switch|p1a: Snorlax|Snorlax, F|524\/524
|-damage|p1a: Snorlax|459\/524|[from] Stealth Rock
|move|p2a: Drag trio|Draco Meteor|p1a: Snorlax
|-damage|p1a: Snorlax|237\/524
|-unboost|p2a: Drag trio|spa|2
|
|-heal|p1a: Snorlax|269\/524|[from] item: Leftovers
|turn|6
|
|switch|p2a: Mew|Mew|364\/364
|-damage|p2a: Mew|319\/364|[from] Stealth Rock
|switch|p1a: Hydreigon|Hydreigon, M|325\/325
|-damage|p1a: Hydreigon|285\/325|[from] Stealth Rock
|
|-heal|p2a: Mew|341\/364|[from] item: Leftovers
|turn|7
|
|move|p1a: Hydreigon|Dark Pulse|p2a: Mew
|-supereffective|p2a: Mew
|-damage|p2a: Mew|6\/364
|-damage|p1a: Hydreigon|253\/325|[from] item: Life Orb
|move|p2a: Mew|Knock Off|p1a: Hydreigon
|-resisted|p1a: Hydreigon
|-damage|p1a: Hydreigon|206\/325
|-enditem|p1a: Hydreigon|Life Orb|[from] move: Knock Off|[of] p2a: Mew
|
|-heal|p2a: Mew|28\/364|[from] item: Leftovers
|turn|8
|
|move|p1a: Hydreigon|Dark Pulse|p2a: Mew
|-supereffective|p2a: Mew
|-damage|p2a: Mew|0 fnt
|faint|p2a: Mew
|
|
|switch|p2a: Prominence|Infernape, F|218\/293
|-damage|p2a: Prominence|182\/293|[from] Stealth Rock
|turn|9
|
|switch|p1a: Gligar|Gligar, F|249\/334
|-damage|p1a: Gligar|208\/334|[from] Stealth Rock
|move|p2a: Prominence|Fire Blast|p1a: Gligar
|-crit|p1a: Gligar
|-damage|p1a: Gligar|27\/334
|
|turn|10
|
|move|p2a: Prominence|Fire Blast|p1a: Gligar
|-damage|p1a: Gligar|0 fnt
|faint|p1a: Gligar
|
|
|switch|p1a: Jolteon|Jolteon, F|206\/272
|-damage|p1a: Jolteon|172\/272|[from] Stealth Rock
|turn|11
|
|move|p1a: Jolteon|Volt Switch|p2a: Prominence
|-crit|p2a: Prominence
|-damage|p2a: Prominence|0 fnt
|faint|p2a: Prominence
|
|switch|p1a: Hydreigon|Hydreigon, M|206\/325
|-damage|p1a: Hydreigon|166\/325|[from] Stealth Rock
|
|
|switch|p2a: Nymphy|Blissey, F|714\/714
|-damage|p2a: Nymphy|625\/714|[from] Stealth Rock
|turn|12
|
|move|p1a: Hydreigon|U-turn|p2a: Nymphy
|-damage|p2a: Nymphy|528\/714
|
|switch|p1a: Darmanitan|Darmanitan, M|351\/351
|-damage|p1a: Darmanitan|264\/351|[from] Stealth Rock
|move|p2a: Nymphy|Thunder Wave|p1a: Darmanitan
|-status|p1a: Darmanitan|par
|
|-heal|p2a: Nymphy|572\/714|[from] item: Leftovers
|turn|13
|
|switch|p2a: Diva|Gastrodon, F, shiny|400\/400
|-damage|p2a: Diva|375\/400|[from] Stealth Rock
|move|p1a: Darmanitan|U-turn|p2a: Diva
|-damage|p2a: Diva|247\/400
|
|switch|p1a: Hydreigon|Hydreigon, M|166\/325
|-damage|p1a: Hydreigon|126\/325|[from] Stealth Rock
|
|-heal|p2a: Diva|272\/400|[from] item: Leftovers
|turn|14
|
|switch|p2a: Nymphy|Blissey, F|572\/714
|-damage|p2a: Nymphy|483\/714|[from] Stealth Rock
|move|p1a: Hydreigon|Draco Meteor|p2a: Nymphy
|-damage|p2a: Nymphy|276\/714
|-unboost|p1a: Hydreigon|spa|2
|
|-heal|p2a: Nymphy|320\/714|[from] item: Leftovers
|turn|15
|
|move|p1a: Hydreigon|U-turn|p2a: Nymphy
|-damage|p2a: Nymphy|215\/714
|
|switch|p1a: Darmanitan|Darmanitan, M|264\/351 par
|-damage|p1a: Darmanitan|177\/351 par|[from] Stealth Rock
|move|p2a: Nymphy|Soft-Boiled|p2a: Nymphy
|-heal|p2a: Nymphy|572\/714
|
|-heal|p2a: Nymphy|616\/714|[from] item: Leftovers
|turn|16
|
|switch|p2a: Diva|Gastrodon, F, shiny|272\/400
|-damage|p2a: Diva|247\/400|[from] Stealth Rock
|cant|p1a: Darmanitan|par
|
|-heal|p2a: Diva|272\/400|[from] item: Leftovers
|turn|17
|
|switch|p1a: Snorlax|Snorlax, F|269\/524
|-damage|p1a: Snorlax|204\/524|[from] Stealth Rock
|move|p2a: Diva|Recover|p2a: Diva
|-heal|p2a: Diva|400\/400
|
|-heal|p1a: Snorlax|236\/524|[from] item: Leftovers
|turn|18
|
|move|p2a: Diva|Toxic|p1a: Snorlax
|-status|p1a: Snorlax|tox
|move|p1a: Snorlax|Rest|p1a: Snorlax
|-status|p1a: Snorlax|slp
|-heal|p1a: Snorlax|524\/524 slp|[silent]
|-status|p1a: Snorlax|slp|[from] move: Rest
|
|turn|19
|
|switch|p2a: Banette|Banette, M|330\/330
|-damage|p2a: Banette|289\/330|[from] Stealth Rock
|-item|p1a: Snorlax|Leftovers|[from] ability: Frisk|[of] p2a: Banette|[identify]
|switch|p1a: Jolteon|Jolteon, F|172\/272
|-damage|p1a: Jolteon|138\/272|[from] Stealth Rock
|
|turn|20
|
|detailschange|p2a: Banette|Banette-Mega, M
|message|Banette has Mega Evolved into Mega Banette!
|move|p2a: Banette|Sucker Punch|p1a: Jolteon
|-damage|p1a: Jolteon|0 fnt
|faint|p1a: Jolteon
|
|
|switch|p1a: Slowbro|Slowbro, M|394\/394
|-damage|p1a: Slowbro|345\/394|[from] Stealth Rock
|turn|21
|
|switch|p2a: Diva|Gastrodon, F, shiny|400\/400
|-damage|p2a: Diva|375\/400|[from] Stealth Rock
|move|p1a: Slowbro|Scald|p2a: Diva
|-boost|p2a: Diva|spa|1|[from] ability: Storm Drain
|
|-heal|p2a: Diva|400\/400|[from] item: Leftovers
|turn|22
|
|move|p2a: Diva|Toxic|p1a: Slowbro
|-status|p1a: Slowbro|tox
|move|p1a: Slowbro|Psyshock|p2a: Diva
|-damage|p2a: Diva|313\/400
|
|-heal|p2a: Diva|338\/400|[from] item: Leftovers
|-damage|p1a: Slowbro|321\/394 tox|[from] psn
|turn|23
|
|switch|p1a: Snorlax|Snorlax, F|524\/524 slp
|-damage|p1a: Snorlax|459\/524 slp|[from] Stealth Rock
|move|p2a: Diva|Scald|p1a: Snorlax
|-damage|p1a: Snorlax|371\/524 slp
|
|-heal|p2a: Diva|363\/400|[from] item: Leftovers
|-heal|p1a: Snorlax|403\/524 slp|[from] item: Leftovers
|turn|24
|
|move|p2a: Diva|Scald|p1a: Snorlax
|-damage|p1a: Snorlax|306\/524 slp
|cant|p1a: Snorlax|slp
|move|p1a: Snorlax|Sleep Talk|p1a: Snorlax
|move|p1a: Snorlax|Curse|p1a: Snorlax|[from]Sleep Talk
|-boost|p1a: Snorlax|atk|1
|-boost|p1a: Snorlax|def|1
|-unboost|p1a: Snorlax|spe|1
|
|-heal|p2a: Diva|388\/400|[from] item: Leftovers
|-heal|p1a: Snorlax|338\/524 slp|[from] item: Leftovers
|turn|25
|
|move|p2a: Diva|Clear Smog|p1a: Snorlax
|-damage|p1a: Snorlax|303\/524 slp
|-clearboost|p1a: Snorlax
|cant|p1a: Snorlax|slp
|move|p1a: Snorlax|Sleep Talk|p1a: Snorlax
|move|p1a: Snorlax|Curse|p1a: Snorlax|[from]Sleep Talk
|-boost|p1a: Snorlax|atk|1
|-boost|p1a: Snorlax|def|1
|-unboost|p1a: Snorlax|spe|1
|
|-heal|p2a: Diva|400\/400|[from] item: Leftovers
|-heal|p1a: Snorlax|335\/524 slp|[from] item: Leftovers
|turn|26
|
|move|p2a: Diva|Clear Smog|p1a: Snorlax
|-damage|p1a: Snorlax|296\/524 slp
|-clearboost|p1a: Snorlax
|-curestatus|p1a: Snorlax|slp
|move|p1a: Snorlax|Frustration|p2a: Diva
|-damage|p2a: Diva|271\/400
|
|-heal|p2a: Diva|296\/400|[from] item: Leftovers
|-heal|p1a: Snorlax|328\/524|[from] item: Leftovers
|turn|27
|
|switch|p2a: Banette|Banette-Mega, M|289\/330
|-damage|p2a: Banette|248\/330|[from] Stealth Rock
|move|p1a: Snorlax|Frustration|p2a: Banette
|-immune|p2a: Banette|[msg]
|
|-heal|p1a: Snorlax|360\/524|[from] item: Leftovers
|turn|28
|
|move|p2a: Banette|Shadow Claw|p1a: Snorlax
|-immune|p1a: Snorlax|[msg]
|move|p1a: Snorlax|Rest|p1a: Snorlax
|-status|p1a: Snorlax|slp
|-heal|p1a: Snorlax|524\/524 slp|[silent]
|-status|p1a: Snorlax|slp|[from] move: Rest
|
|turn|29
|
|switch|p2a: Diva|Gastrodon, F, shiny|296\/400
|-damage|p2a: Diva|271\/400|[from] Stealth Rock
|cant|p1a: Snorlax|slp
|
|-heal|p2a: Diva|296\/400|[from] item: Leftovers
|turn|30
|
|move|p2a: Diva|Scald|p1a: Snorlax
|-damage|p1a: Snorlax|463\/524 slp
|cant|p1a: Snorlax|slp
|
|-heal|p2a: Diva|321\/400|[from] item: Leftovers
|-heal|p1a: Snorlax|495\/524 slp|[from] item: Leftovers
|turn|31
|
|move|p2a: Diva|Scald|p1a: Snorlax
|-damage|p1a: Snorlax|429\/524 slp
|-curestatus|p1a: Snorlax|slp
|move|p1a: Snorlax|Curse|p1a: Snorlax
|-boost|p1a: Snorlax|atk|1
|-boost|p1a: Snorlax|def|1
|-unboost|p1a: Snorlax|spe|1
|
|-heal|p2a: Diva|346\/400|[from] item: Leftovers
|-heal|p1a: Snorlax|461\/524|[from] item: Leftovers
|turn|32
|
|move|p2a: Diva|Clear Smog|p1a: Snorlax
|-damage|p1a: Snorlax|434\/524
|-clearboost|p1a: Snorlax
|move|p1a: Snorlax|Curse|p1a: Snorlax
|-boost|p1a: Snorlax|atk|1
|-boost|p1a: Snorlax|def|1
|-unboost|p1a: Snorlax|spe|1
|
|-heal|p2a: Diva|371\/400|[from] item: Leftovers
|-heal|p1a: Snorlax|466\/524|[from] item: Leftovers
|turn|33
|
|move|p2a: Diva|Toxic|p1a: Snorlax
|-status|p1a: Snorlax|tox
|move|p1a: Snorlax|Frustration|p2a: Diva
|-damage|p2a: Diva|184\/400
|
|-heal|p2a: Diva|209\/400|[from] item: Leftovers
|-heal|p1a: Snorlax|498\/524 tox|[from] item: Leftovers
|-damage|p1a: Snorlax|466\/524 tox|[from] psn
|turn|34
|
|move|p2a: Diva|Clear Smog|p1a: Snorlax
|-damage|p1a: Snorlax|438\/524 tox
|-clearboost|p1a: Snorlax
|move|p1a: Snorlax|Frustration|p2a: Diva
|-crit|p2a: Diva
|-damage|p2a: Diva|37\/400
|
|-heal|p2a: Diva|62\/400|[from] item: Leftovers
|-heal|p1a: Snorlax|470\/524 tox|[from] item: Leftovers
|-damage|p1a: Snorlax|406\/524 tox|[from] psn
|turn|35
|
|move|p2a: Diva|Recover|p2a: Diva
|-heal|p2a: Diva|262\/400
|move|p1a: Snorlax|Curse|p1a: Snorlax
|-boost|p1a: Snorlax|atk|1
|-boost|p1a: Snorlax|def|1
|-unboost|p1a: Snorlax|spe|1
|
|-heal|p2a: Diva|287\/400|[from] item: Leftovers
|-heal|p1a: Snorlax|438\/524 tox|[from] item: Leftovers
|-damage|p1a: Snorlax|342\/524 tox|[from] psn
|turn|36
|
|move|p2a: Diva|Clear Smog|p1a: Snorlax
|-damage|p1a: Snorlax|315\/524 tox
|-clearboost|p1a: Snorlax
|move|p1a: Snorlax|Rest|p1a: Snorlax
|-status|p1a: Snorlax|slp
|-heal|p1a: Snorlax|524\/524 slp|[silent]
|-status|p1a: Snorlax|slp|[from] move: Rest
|
|-heal|p2a: Diva|312\/400|[from] item: Leftovers
|turn|37
|
|switch|p2a: Drag trio|Hydreigon, M|325\/325
|-damage|p2a: Drag trio|285\/325|[from] Stealth Rock
|cant|p1a: Snorlax|slp
|
|turn|38
|
|move|p2a: Drag trio|Dark Pulse|p1a: Snorlax
|-damage|p1a: Snorlax|391\/524 slp
|cant|p1a: Snorlax|slp
|move|p1a: Snorlax|Sleep Talk|p1a: Snorlax
|move|p1a: Snorlax|Rest|p1a: Snorlax|[from]Sleep Talk
|-fail|p1a: Snorlax
|
|-heal|p1a: Snorlax|423\/524 slp|[from] item: Leftovers
|turn|39
|
|move|p2a: Drag trio|Dark Pulse|p1a: Snorlax
|-damage|p1a: Snorlax|273\/524 slp
|-curestatus|p1a: Snorlax|slp
|cant|p1a: Snorlax|flinch
|
|-heal|p1a: Snorlax|305\/524|[from] item: Leftovers
|turn|40
|
|move|p2a: Drag trio|Dark Pulse|p1a: Snorlax
|-damage|p1a: Snorlax|163\/524
|move|p1a: Snorlax|Rest|p1a: Snorlax
|-status|p1a: Snorlax|slp
|-heal|p1a: Snorlax|524\/524 slp|[silent]
|-status|p1a: Snorlax|slp|[from] move: Rest
|
|turn|41
|
|move|p2a: Drag trio|Dark Pulse|p1a: Snorlax
|-damage|p1a: Snorlax|379\/524 slp
|cant|p1a: Snorlax|slp
|cant|p1a: Snorlax|flinch
|
|-heal|p1a: Snorlax|411\/524 slp|[from] item: Leftovers
|turn|42
|
|move|p2a: Drag trio|Dark Pulse|p1a: Snorlax
|-damage|p1a: Snorlax|282\/524 slp
|cant|p1a: Snorlax|slp
|move|p1a: Snorlax|Sleep Talk|p1a: Snorlax
|move|p1a: Snorlax|Rest|p1a: Snorlax|[from]Sleep Talk
|-fail|p1a: Snorlax
|
|-heal|p1a: Snorlax|314\/524 slp|[from] item: Leftovers
|turn|43
|
|move|p2a: Drag trio|Dark Pulse|p1a: Snorlax
|-damage|p1a: Snorlax|172\/524 slp
|-curestatus|p1a: Snorlax|slp
|move|p1a: Snorlax|Frustration|p2a: Drag trio
|-damage|p2a: Drag trio|155\/325
|
|-heal|p1a: Snorlax|204\/524|[from] item: Leftovers
|turn|44
|
|move|p2a: Drag trio|Dark Pulse|p1a: Snorlax
|-damage|p1a: Snorlax|59\/524
|move|p1a: Snorlax|Rest|p1a: Snorlax
|-status|p1a: Snorlax|slp
|-heal|p1a: Snorlax|524\/524 slp|[silent]
|-status|p1a: Snorlax|slp|[from] move: Rest
|
|turn|45
|
|move|p2a: Drag trio|Dark Pulse|p1a: Snorlax
|-damage|p1a: Snorlax|391\/524 slp
|cant|p1a: Snorlax|slp
|move|p1a: Snorlax|Sleep Talk|p1a: Snorlax
|move|p1a: Snorlax|Curse|p1a: Snorlax|[from]Sleep Talk
|-boost|p1a: Snorlax|atk|1
|-boost|p1a: Snorlax|def|1
|-unboost|p1a: Snorlax|spe|1
|
|-heal|p1a: Snorlax|423\/524 slp|[from] item: Leftovers
|turn|46
|
|move|p2a: Drag trio|Dark Pulse|p1a: Snorlax
|-damage|p1a: Snorlax|270\/524 slp
|cant|p1a: Snorlax|slp
|cant|p1a: Snorlax|flinch
|
|-heal|p1a: Snorlax|302\/524 slp|[from] item: Leftovers
|turn|47
|
|switch|p2a: Banette|Banette-Mega, M|248\/330
|-damage|p2a: Banette|207\/330|[from] Stealth Rock
|-curestatus|p1a: Snorlax|slp
|move|p1a: Snorlax|Frustration|p2a: Banette
|-immune|p2a: Banette|[msg]
|
|-heal|p1a: Snorlax|334\/524|[from] item: Leftovers
|turn|48
|
|move|p2a: Banette|Will-O-Wisp|p1a: Snorlax
|-status|p1a: Snorlax|brn
|move|p1a: Snorlax|Rest|p1a: Snorlax
|-status|p1a: Snorlax|slp
|-heal|p1a: Snorlax|524\/524 slp|[silent]
|-status|p1a: Snorlax|slp|[from] move: Rest
|
|turn|49
|
|move|p2a: Banette|Destiny Bond|p2a: Banette
|-singlemove|p2a: Banette|Destiny Bond
|cant|p1a: Snorlax|slp
|
|turn|50
|
|move|p2a: Banette|Sucker Punch|p1a: Snorlax
|-damage|p1a: Snorlax|405\/524 slp
|cant|p1a: Snorlax|slp
|
|-heal|p1a: Snorlax|437\/524 slp|[from] item: Leftovers
|turn|51
|
|move|p2a: Banette|Sucker Punch|p1a: Snorlax
|-fail|p1a: Snorlax
|-curestatus|p1a: Snorlax|slp
|move|p1a: Snorlax|Curse|p1a: Snorlax
|-boost|p1a: Snorlax|atk|1
|-boost|p1a: Snorlax|def|1
|-unboost|p1a: Snorlax|spe|1
|
|-heal|p1a: Snorlax|469\/524|[from] item: Leftovers
|turn|52
|
|move|p2a: Banette|Will-O-Wisp|p1a: Snorlax
|-status|p1a: Snorlax|brn
|move|p1a: Snorlax|Curse|p1a: Snorlax
|-boost|p1a: Snorlax|atk|1
|-boost|p1a: Snorlax|def|1
|-unboost|p1a: Snorlax|spe|1
|
|-heal|p1a: Snorlax|501\/524 brn|[from] item: Leftovers
|-damage|p1a: Snorlax|436\/524 brn|[from] brn
|turn|53
|
|move|p2a: Banette|Sucker Punch|p1a: Snorlax
|-fail|p1a: Snorlax
|move|p1a: Snorlax|Curse|p1a: Snorlax
|-boost|p1a: Snorlax|atk|1
|-boost|p1a: Snorlax|def|1
|-unboost|p1a: Snorlax|spe|1
|
|-heal|p1a: Snorlax|468\/524 brn|[from] item: Leftovers
|-damage|p1a: Snorlax|403\/524 brn|[from] brn
|turn|54
|
|move|p2a: Banette|Shadow Claw|p1a: Snorlax
|-immune|p1a: Snorlax|[msg]
|move|p1a: Snorlax|Curse|p1a: Snorlax
|-boost|p1a: Snorlax|atk|1
|-boost|p1a: Snorlax|def|1
|-unboost|p1a: Snorlax|spe|1
|
|-heal|p1a: Snorlax|435\/524 brn|[from] item: Leftovers
|-damage|p1a: Snorlax|370\/524 brn|[from] brn
|turn|55
|
|move|p2a: Banette|Shadow Claw|p1a: Snorlax
|-immune|p1a: Snorlax|[msg]
|move|p1a: Snorlax|Curse|p1a: Snorlax
|-boost|p1a: Snorlax|atk|1
|-boost|p1a: Snorlax|def|1
|-unboost|p1a: Snorlax|spe|1
|
|-heal|p1a: Snorlax|402\/524 brn|[from] item: Leftovers
|-damage|p1a: Snorlax|337\/524 brn|[from] brn
|turn|56
|
|move|p2a: Banette|Shadow Claw|p1a: Snorlax
|-immune|p1a: Snorlax|[msg]
|move|p1a: Snorlax|Frustration|p2a: Banette
|-immune|p2a: Banette|[msg]
|
|-heal|p1a: Snorlax|369\/524 brn|[from] item: Leftovers
|-damage|p1a: Snorlax|304\/524 brn|[from] brn
|turn|57
|
|move|p2a: Banette|Shadow Claw|p1a: Snorlax
|-immune|p1a: Snorlax|[msg]
|move|p1a: Snorlax|Rest|p1a: Snorlax
|-status|p1a: Snorlax|slp
|-heal|p1a: Snorlax|524\/524 slp|[silent]
|-status|p1a: Snorlax|slp|[from] move: Rest
|
|turn|58
|
|switch|p2a: Diva|Gastrodon, F, shiny|312\/400
|-damage|p2a: Diva|287\/400|[from] Stealth Rock
|cant|p1a: Snorlax|slp
|
|-heal|p2a: Diva|312\/400|[from] item: Leftovers
|turn|59
|
|move|p2a: Diva|Clear Smog|p1a: Snorlax
|-damage|p1a: Snorlax|500\/524 slp
|-clearboost|p1a: Snorlax
|cant|p1a: Snorlax|slp
|
|-heal|p2a: Diva|337\/400|[from] item: Leftovers
|-heal|p1a: Snorlax|524\/524 slp|[from] item: Leftovers
|turn|60
|
|move|p2a: Diva|Scald|p1a: Snorlax
|-damage|p1a: Snorlax|464\/524 slp
|-curestatus|p1a: Snorlax|slp
|move|p1a: Snorlax|Frustration|p2a: Diva
|-damage|p2a: Diva|216\/400
|
|-heal|p2a: Diva|241\/400|[from] item: Leftovers
|-heal|p1a: Snorlax|496\/524|[from] item: Leftovers
|turn|61
|
|move|p2a: Diva|Scald|p1a: Snorlax
|-damage|p1a: Snorlax|439\/524
|-status|p1a: Snorlax|brn
|move|p1a: Snorlax|Frustration|p2a: Diva
|-damage|p2a: Diva|178\/400
|
|-heal|p2a: Diva|203\/400|[from] item: Leftovers
|-heal|p1a: Snorlax|471\/524 brn|[from] item: Leftovers
|-damage|p1a: Snorlax|406\/524 brn|[from] brn
|turn|62
|
|switch|p1a: Hydreigon|Hydreigon, M|126\/325
|-damage|p1a: Hydreigon|86\/325|[from] Stealth Rock
|move|p2a: Diva|Recover|p2a: Diva
|-heal|p2a: Diva|400\/400
|
|turn|63
|
|switch|p2a: Nymphy|Blissey, F|616\/714
|-damage|p2a: Nymphy|527\/714|[from] Stealth Rock
|move|p1a: Hydreigon|Dark Pulse|p2a: Nymphy
|-damage|p2a: Nymphy|407\/714
|
|-heal|p2a: Nymphy|451\/714|[from] item: Leftovers
|turn|64
|
|move|p1a: Hydreigon|Dark Pulse|p2a: Nymphy
|-damage|p2a: Nymphy|337\/714
|move|p2a: Nymphy|Seismic Toss|p1a: Hydreigon
|-damage|p1a: Hydreigon|0 fnt
|faint|p1a: Hydreigon
|
|-heal|p2a: Nymphy|381\/714|[from] item: Leftovers
|
|switch|p1a: Darmanitan|Darmanitan, M|177\/351 par
|-damage|p1a: Darmanitan|90\/351 par|[from] Stealth Rock
|turn|65
|
|move|p2a: Nymphy|Seismic Toss|p1a: Darmanitan
|-damage|p1a: Darmanitan|0 fnt
|faint|p1a: Darmanitan
|
|-heal|p2a: Nymphy|425\/714|[from] item: Leftovers
|
|switch|p1a: Slowbro|Slowbro, M|394\/394 tox
|-damage|p1a: Slowbro|345\/394 tox|[from] Stealth Rock
|turn|66
|
|move|p2a: Nymphy|Soft-Boiled|p2a: Nymphy
|-heal|p2a: Nymphy|714\/714
|move|p1a: Slowbro|Thunder Wave|p2a: Nymphy
|-status|p2a: Nymphy|par
|
|-damage|p1a: Slowbro|321\/394 tox|[from] psn
|turn|67
|
|switch|p2a: Diva|Gastrodon, F, shiny|400\/400
|-damage|p2a: Diva|375\/400|[from] Stealth Rock
|move|p1a: Slowbro|Psyshock|p2a: Diva
|-damage|p2a: Diva|287\/400
|
|-heal|p2a: Diva|312\/400|[from] item: Leftovers
|-damage|p1a: Slowbro|273\/394 tox|[from] psn
|turn|68
|leave|Shaneee
|player|p1
|-message|shaneee lost due to inactivity.
|
|win|SpecsPrimeape
|raw|Ladder updating...
|raw|Shaneee's rating: 1448 &rarr; <strong>1426<\/strong><br \/>(-22 for losing)
|raw|SpecsPrimeape's rating: 1404 &rarr; <strong>1426<\/strong><br \/>(+22 for winning)