|join|Shaneee
|join|Hogback_fosh_men
|player|p1|Shaneee|226
|player|p2|Hogback_fosh_men|102
|gametype|singles
|gen|6
|tier|UU
|rated
|rule|Sleep Clause Mod: Limit one foe put to sleep
|rule|Species Clause: Limit one of each Pokemon
|rule|OHKO Clause: OHKO moves are banned
|rule|Moody Clause: Moody is banned
|rule|Evasion Moves Clause: Evasion moves are banned
|rule|Endless Battle Clause: Forcing endless battles is banned.
|rule|HP Percentage Mod: HP is reported as percentages
|clearpoke
|poke|p1|Darmanitan, M
|poke|p1|Heracross, M
|poke|p1|Suicune
|poke|p1|Gligar, M
|poke|p1|Ampharos, M
|poke|p1|Venomoth, F
|poke|p2|Ampharos, M, shiny
|poke|p2|Entei, shiny
|poke|p2|Shaymin
|poke|p2|Jirachi
|poke|p2|Krookodile, F
|poke|p2|Blastoise, F
|teampreview
|
|start
|switch|p1a: ATV|Venomoth, F|281\/281
|switch|p2a: Amphy|Ampharos, M, shiny|384\/384
|turn|1
|
|switch|p2a: Shaymin|Shaymin|342\/342
|move|p1a: ATV|Sleep Powder|p2a: Shaymin
|-fail|p2a: Shaymin
|
|turn|2
|
|move|p1a: ATV|Bug Buzz|p2a: Shaymin
|-supereffective|p2a: Shaymin
|-damage|p2a: Shaymin|100\/342
|move|p2a: Shaymin|Air Slash|p1a: ATV
|-supereffective|p1a: ATV
|-enditem|p1a: ATV|Focus Sash
|-damage|p1a: ATV|1\/281
|-damage|p2a: Shaymin|66\/342|[from] item: Life Orb
|
|turn|3
|
|move|p1a: ATV|Bug Buzz|p2a: Shaymin
|-supereffective|p2a: Shaymin
|-damage|p2a: Shaymin|0 fnt
|faint|p2a: Shaymin
|
|
|switch|p2a: Krookodile|Krookodile, F|332\/332
|turn|4
|
|switch|p1a: Ariana Grande|Gligar, M|334\/334
|move|p2a: Krookodile|Knock Off|p1a: Ariana Grande
|-damage|p1a: Ariana Grande|244\/334
|-enditem|p1a: Ariana Grande|Eviolite|[from] move: Knock Off|[of] p2a: Krookodile
|
|turn|5
|
|switch|p2a: Jirachi|Jirachi|342\/342
|move|p1a: Ariana Grande|Stealth Rock|p2a: Jirachi
|-sidestart|p2: Hogback_fosh_men|move: Stealth Rock
|
|turn|6
|
|switch|p1a: Suicune|Suicune|404\/404
|-ability|p1a: Suicune|Pressure
|move|p2a: Jirachi|Stealth Rock|p1a: Suicune
|-sidestart|p1: Shaneee|move: Stealth Rock
|
|turn|7
|
|move|p2a: Jirachi|Body Slam|p1a: Suicune
|-damage|p1a: Suicune|346\/404
|-status|p1a: Suicune|par
|move|p1a: Suicune|Scald|p2a: Jirachi
|-damage|p2a: Jirachi|258\/342
|
|-heal|p2a: Jirachi|279\/342|[from] item: Leftovers
|-heal|p1a: Suicune|371\/404 par|[from] item: Leftovers
|turn|8
|
|switch|p2a: Amphy|Ampharos, M, shiny|384\/384
|-damage|p2a: Amphy|336\/384|[from] Stealth Rock
|move|p1a: Suicune|Scald|p2a: Amphy
|-damage|p2a: Amphy|239\/384
|
|-heal|p1a: Suicune|396\/404 par|[from] item: Leftovers
|turn|9
|
|switch|p1a: Ariana Grande|Gligar, M|244\/334
|-damage|p1a: Ariana Grande|203\/334|[from] Stealth Rock
|-formechange|p2a: Amphy|Ampharos-Mega
|message|Ampharos has Mega Evolved into Mega Ampharos!
|-ability|p2a: Amphy|Mold Breaker
|move|p2a: Amphy|Dragon Pulse|p1a: Ariana Grande
|-damage|p1a: Ariana Grande|0 fnt
|faint|p1a: Ariana Grande
|
|
|switch|p1a: Adriana Lima|Darmanitan, M|351\/351
|-damage|p1a: Adriana Lima|264\/351|[from] Stealth Rock
|turn|10
|
|switch|p2a: SuperSoaker|Blastoise, F|362\/362
|-damage|p2a: SuperSoaker|317\/362|[from] Stealth Rock
|move|p1a: Adriana Lima|Earthquake|p2a: SuperSoaker
|-damage|p2a: SuperSoaker|150\/362
|
|-heal|p2a: SuperSoaker|172\/362|[from] item: Leftovers
|turn|11
|
|switch|p1a: Kim Kardashian|Ampharos, M|322\/322
|-damage|p1a: Kim Kardashian|282\/322|[from] Stealth Rock
|move|p2a: SuperSoaker|Rapid Spin|p1a: Kim Kardashian
|-damage|p1a: Kim Kardashian|267\/322
|-status|p2a: SuperSoaker|par
|-sideend|p2: Hogback_fosh_men|Stealth Rock|[from] move: Rapid Spin|[of] p2a: SuperSoaker
|
|-heal|p2a: SuperSoaker|194\/362 par|[from] item: Leftovers
|turn|12
|
|switch|p2a: Jirachi|Jirachi|279\/342
|-formechange|p1a: Kim Kardashian|Ampharos-Mega
|message|Ampharos has Mega Evolved into Mega Ampharos!
|-ability|p1a: Kim Kardashian|Mold Breaker
|move|p1a: Kim Kardashian|Volt Switch|p2a: Jirachi
|-damage|p2a: Jirachi|128\/342
|
|switch|p1a: Miranda Kerr|Heracross, M|302\/302
|-damage|p1a: Miranda Kerr|265\/302|[from] Stealth Rock
|
|-heal|p2a: Jirachi|149\/342|[from] item: Leftovers
|turn|13
|
|move|p1a: Miranda Kerr|Close Combat|p2a: Jirachi
|-damage|p2a: Jirachi|0 fnt
|-unboost|p1a: Miranda Kerr|def|1
|-unboost|p1a: Miranda Kerr|spd|1
|faint|p2a: Jirachi
|-boost|p1a: Miranda Kerr|atk|1|[from] ability: Moxie
|
|
|switch|p2a: BelieveinMe|Entei, shiny|372\/372
|-ability|p2a: BelieveinMe|Pressure
|turn|14
|
|switch|p1a: ATV|Venomoth, F|1\/281
|-damage|p1a: ATV|0 fnt|[from] Stealth Rock
|faint|p1a: ATV
|move|p2a: BelieveinMe|Extreme Speed|p1: ATV|[notarget]
|-notarget
|
|
|switch|p1a: Suicune|Suicune|396\/404 par
|-damage|p1a: Suicune|346\/404 par|[from] Stealth Rock
|-ability|p1a: Suicune|Pressure
|turn|15
|
|switch|p2a: Amphy|Ampharos, M, shiny|239\/384
|-formechange|p2a: Amphy|Ampharos-Mega
|-ability|p2a: Amphy|Mold Breaker
|move|p1a: Suicune|Scald|p2a: Amphy
|-resisted|p2a: Amphy
|-damage|p2a: Amphy|203\/384
|
|-heal|p1a: Suicune|371\/404 par|[from] item: Leftovers
|turn|16
|
|move|p2a: Amphy|Dragon Pulse|p1a: Suicune
|-damage|p1a: Suicune|202\/404 par
|move|p1a: Suicune|Scald|p2a: Amphy
|-resisted|p2a: Amphy
|-damage|p2a: Amphy|167\/384
|
|-heal|p1a: Suicune|227\/404 par|[from] item: Leftovers
|turn|17
|
|move|p2a: Amphy|Volt Switch|p1a: Suicune
|-supereffective|p1a: Suicune
|-damage|p1a: Suicune|0 fnt
|faint|p1a: Suicune
|
|switch|p2a: BelieveinMe|Entei, shiny|372\/372
|-ability|p2a: BelieveinMe|Pressure
|
|
|switch|p1a: Kim Kardashian|Ampharos, M|267\/322
|-formechange|p1a: Kim Kardashian|Ampharos-Mega
|-damage|p1a: Kim Kardashian|227\/322|[from] Stealth Rock
|-ability|p1a: Kim Kardashian|Mold Breaker
|turn|18
|
|move|p2a: BelieveinMe|Bulldoze|p1a: Kim Kardashian
|-supereffective|p1a: Kim Kardashian
|-damage|p1a: Kim Kardashian|21\/322
|-unboost|p1a: Kim Kardashian|spe|1
|move|p1a: Kim Kardashian|Thunderbolt|p2a: BelieveinMe
|-damage|p2a: BelieveinMe|86\/372
|
|turn|19
|
|move|p2a: BelieveinMe|Bulldoze|p1a: Kim Kardashian
|-supereffective|p1a: Kim Kardashian
|-damage|p1a: Kim Kardashian|0 fnt
|faint|p1a: Kim Kardashian
|
|
|switch|p1a: Miranda Kerr|Heracross, M|265\/302
|-damage|p1a: Miranda Kerr|228\/302|[from] Stealth Rock
|turn|20
|
|switch|p2a: SuperSoaker|Blastoise, F|194\/362 par
|move|p1a: Miranda Kerr|Close Combat|p2a: SuperSoaker
|-damage|p2a: SuperSoaker|0 fnt
|-unboost|p1a: Miranda Kerr|def|1
|-unboost|p1a: Miranda Kerr|spd|1
|faint|p2a: SuperSoaker
|-boost|p1a: Miranda Kerr|atk|1|[from] ability: Moxie
|
|
|switch|p2a: BelieveinMe|Entei, shiny|86\/372
|-ability|p2a: BelieveinMe|Pressure
|turn|21
|
|switch|p1a: Adriana Lima|Darmanitan, M|264\/351
|-damage|p1a: Adriana Lima|177\/351|[from] Stealth Rock
|move|p2a: BelieveinMe|Extreme Speed|p1a: Adriana Lima
|-damage|p1a: Adriana Lima|0 fnt
|faint|p1a: Adriana Lima
|
|
|switch|p1a: Miranda Kerr|Heracross, M|228\/302
|-damage|p1a: Miranda Kerr|191\/302|[from] Stealth Rock
|turn|22
|
|switch|p2a: Amphy|Ampharos, M, shiny|167\/384
|-formechange|p2a: Amphy|Ampharos-Mega
|-ability|p2a: Amphy|Mold Breaker
|move|p1a: Miranda Kerr|Megahorn|p2a: Amphy
|-crit|p2a: Amphy
|-damage|p2a: Amphy|0 fnt
|faint|p2a: Amphy
|-boost|p1a: Miranda Kerr|atk|1|[from] ability: Moxie
|
|
|switch|p2a: BelieveinMe|Entei, shiny|86\/372
|-ability|p2a: BelieveinMe|Pressure
|turn|23
|
|move|p2a: BelieveinMe|Extreme Speed|p1a: Miranda Kerr
|-damage|p1a: Miranda Kerr|8\/302
|move|p1a: Miranda Kerr|Megahorn|p2a: BelieveinMe
|-resisted|p2a: BelieveinMe
|-damage|p2a: BelieveinMe|0 fnt
|faint|p2a: BelieveinMe
|-boost|p1a: Miranda Kerr|atk|1|[from] ability: Moxie
|
|
|switch|p2a: Krookodile|Krookodile, F|332\/332
|turn|24
|
|move|p2a: Krookodile|Earthquake|p1a: Miranda Kerr
|-crit|p1a: Miranda Kerr
|-resisted|p1a: Miranda Kerr
|-damage|p1a: Miranda Kerr|0 fnt
|faint|p1a: Miranda Kerr
|-boost|p2a: Krookodile|atk|1|[from] ability: Moxie
|
|win|Hogback_fosh_men
|raw|Ladder updating...
|raw|Shaneee's rating: 1527 &rarr; <strong>1510<\/strong><br \/>(-17 for losing)
|raw|Hogback_fosh_men's rating: 1578 &rarr; <strong>1595<\/strong><br \/>(+17 for winning)
|chat|Shaneee|gg
|chat|Hogback_fosh_men|gg
|leave|Shaneee
|player|p1