|join|Shaneee
|join|mana
|player|p1|Shaneee|83
|player|p2|mana|165
|gametype|singles
|gen|6
|tier|UU
|rated
|rule|Sleep Clause Mod: Limit one foe put to sleep
|rule|Species Clause: Limit one of each PokÃ©mon
|rule|OHKO Clause: OHKO moves are banned
|rule|Moody Clause: Moody is banned
|rule|Evasion Moves Clause: Evasion moves are banned
|rule|Endless Battle Clause: Forcing endless battles is banned
|rule|HP Percentage Mod: HP is shown in percentages
|clearpoke
|poke|p1|Jirachi
|poke|p1|Hydreigon, F
|poke|p1|Gligar, M, shiny
|poke|p1|Darmanitan, M
|poke|p1|Snorlax, M
|poke|p1|Ampharos, M
|poke|p2|Forretress, M
|poke|p2|Machamp, F
|poke|p2|Darmanitan, F
|poke|p2|Blastoise, M
|poke|p2|Nidoqueen, F
|poke|p2|Porygon-Z
|rule|Swagger Clause: Swagger is banned
|rule|Baton Pass Clause: Limit one PokÃ©mon knowing Baton Pass
|teampreview
|
|start
|switch|p1a: Born Sinner|Darmanitan, M|351\/351
|switch|p2a: Darmanitan|Darmanitan, F|414\/414
|turn|1
|
|switch|p1a: ariana grande|Gligar, M, shiny|334\/334
|move|p2a: Darmanitan|U-turn|p1a: ariana grande
|-resisted|p1a: ariana grande
|-damage|p1a: ariana grande|302\/334
|
|switch|p2a: Nidoqueen|Nidoqueen, F|353\/353
|
|turn|2
|
|switch|p1a: Snorlax|Snorlax, M|524\/524
|move|p2a: Nidoqueen|Stealth Rock|p1a: Snorlax
|-sidestart|p1: Shaneee|move: Stealth Rock
|
|turn|3
|
|switch|p2a: Machamp|Machamp, F|364\/364
|move|p1a: Snorlax|Body Slam|p2a: Machamp
|-crit|p2a: Machamp
|-damage|p2a: Machamp|159\/364
|
|turn|4
|
|switch|p1a: ariana grande|Gligar, M, shiny|302\/334
|-damage|p1a: ariana grande|261\/334|[from] Stealth Rock
|move|p2a: Machamp|Dynamic Punch|p1a: ariana grande
|-resisted|p1a: ariana grande
|-damage|p1a: ariana grande|214\/334
|-start|p1a: ariana grande|confusion
|
|turn|5
|
|-activate|p1a: ariana grande|confusion
|-damage|p1a: ariana grande|201\/334|[from] confusion
|move|p2a: Machamp|Knock Off|p1a: ariana grande
|-damage|p1a: ariana grande|138\/334
|-enditem|p1a: ariana grande|Eviolite|[from] move: Knock Off|[of] p2a: Machamp
|
|turn|6
|
|-activate|p1a: ariana grande|confusion
|move|p1a: ariana grande|Stealth Rock|p2a: Machamp
|-sidestart|p2: mana|move: Stealth Rock
|move|p2a: Machamp|Stone Edge|p1a: ariana grande
|-damage|p1a: ariana grande|51\/334
|
|turn|7
|
|-activate|p1a: ariana grande|confusion
|-damage|p1a: ariana grande|32\/334|[from] confusion
|move|p2a: Machamp|Stone Edge|p1a: ariana grande
|-crit|p1a: ariana grande
|-damage|p1a: ariana grande|0 fnt
|faint|p1a: ariana grande
|
|
|switch|p1a: Born Sinner|Darmanitan, M|351\/351
|-damage|p1a: Born Sinner|264\/351|[from] Stealth Rock
|turn|8
|
|move|p1a: Born Sinner|Flare Blitz|p2a: Machamp
|-damage|p2a: Machamp|0 fnt
|-damage|p1a: Born Sinner|212\/351|[from] recoil|[of] p2a: Machamp
|faint|p2a: Machamp
|
|
|switch|p2a: Blastoise|Blastoise, M|358\/358
|-damage|p2a: Blastoise|314\/358|[from] Stealth Rock
|turn|9
|
|detailschange|p2a: Blastoise|Blastoise-Mega, M
|message|Blastoise has Mega Evolved into Mega Blastoise!
|move|p1a: Born Sinner|Flare Blitz|p2a: Blastoise
|-resisted|p2a: Blastoise
|-damage|p2a: Blastoise|107\/358
|-damage|p1a: Born Sinner|144\/351|[from] recoil|[of] p2a: Blastoise
|move|p2a: Blastoise|Rapid Spin|p1a: Born Sinner
|-damage|p1a: Born Sinner|122\/351
|-sideend|p2: mana|Stealth Rock|[from] move: Rapid Spin|[of] p2a: Blastoise
|
|turn|10
|
|move|p1a: Born Sinner|Flare Blitz|p2a: Blastoise
|-resisted|p2a: Blastoise
|-damage|p2a: Blastoise|0 fnt
|-damage|p1a: Born Sinner|87\/351|[from] recoil|[of] p2a: Blastoise
|faint|p2a: Blastoise
|
|
|switch|p2a: Porygon-Z|Porygon-Z|311\/311
|turn|11
|
|move|p2a: Porygon-Z|Tri Attack|p1a: Born Sinner
|-damage|p1a: Born Sinner|0 fnt
|faint|p1a: Born Sinner
|
|
|switch|p1a: Jirachi|Jirachi|341\/341
|-damage|p1a: Jirachi|320\/341|[from] Stealth Rock
|turn|12
|
|move|p1a: Jirachi|Iron Head|p2a: Porygon-Z
|-damage|p2a: Porygon-Z|146\/311
|cant|p2a: Porygon-Z|flinch
|
|turn|13
|
|switch|p2a: Darmanitan|Darmanitan, F|414\/414
|move|p1a: Jirachi|Iron Head|p2a: Darmanitan
|-resisted|p2a: Darmanitan
|-damage|p2a: Darmanitan|315\/414
|
|turn|14
|
|switch|p1a: Snorlax|Snorlax, M|524\/524
|-damage|p1a: Snorlax|459\/524|[from] Stealth Rock
|move|p2a: Darmanitan|Flare Blitz|p1a: Snorlax
|-crit|p1a: Snorlax
|-damage|p1a: Snorlax|0 fnt
|-damage|p2a: Darmanitan|164\/414|[from] recoil|[of] p1a: Snorlax
|faint|p1a: Snorlax
|
|
|switch|p1a: Hydreigon|Hydreigon, F|325\/325
|-damage|p1a: Hydreigon|285\/325|[from] Stealth Rock
|turn|15
|
|switch|p2a: Forretress|Forretress, M|354\/354
|move|p1a: Hydreigon|Dark Pulse|p2a: Forretress
|-damage|p2a: Forretress|91\/354
|-damage|p1a: Hydreigon|253\/325|[from] item: Life Orb
|
|-heal|p2a: Forretress|113\/354|[from] item: Leftovers
|turn|16
|
|move|p1a: Hydreigon|Dark Pulse|p2a: Forretress
|-damage|p2a: Forretress|0 fnt
|-damage|p1a: Hydreigon|221\/325|[from] item: Life Orb
|faint|p2a: Forretress
|
|
|switch|p2a: Porygon-Z|Porygon-Z|146\/311
|turn|17
|
|switch|p1a: Kim Kardashian|Ampharos, M|372\/372
|-damage|p1a: Kim Kardashian|326\/372|[from] Stealth Rock
|move|p2a: Porygon-Z|Tri Attack|p1a: Kim Kardashian
|-damage|p1a: Kim Kardashian|18\/372
|
|turn|18
|
|move|p2a: Porygon-Z|Tri Attack|p1a: Kim Kardashian
|-crit|p1a: Kim Kardashian
|-damage|p1a: Kim Kardashian|0 fnt
|faint|p1a: Kim Kardashian
|
|
|switch|p1a: Jirachi|Jirachi|320\/341
|-damage|p1a: Jirachi|299\/341|[from] Stealth Rock
|turn|19
|
|move|p1a: Jirachi|Zen Headbutt|p2a: Porygon-Z
|-damage|p2a: Porygon-Z|0 fnt
|faint|p2a: Porygon-Z
|
|
|switch|p2a: Darmanitan|Darmanitan, F|164\/414
|turn|20
|
|switch|p1a: Hydreigon|Hydreigon, F|221\/325
|-damage|p1a: Hydreigon|181\/325|[from] Stealth Rock
|move|p2a: Darmanitan|Flare Blitz|p1a: Hydreigon
|-resisted|p1a: Hydreigon
|-damage|p1a: Hydreigon|0 fnt
|-damage|p2a: Darmanitan|104\/414|[from] recoil|[of] p1a: Hydreigon
|faint|p1a: Hydreigon
|
|
|switch|p1a: Jirachi|Jirachi|299\/341
|-damage|p1a: Jirachi|278\/341|[from] Stealth Rock
|turn|21
|
|move|p1a: Jirachi|Zen Headbutt|p2a: Darmanitan
|-damage|p2a: Darmanitan|0 fnt
|faint|p2a: Darmanitan
|
|
|switch|p2a: Nidoqueen|Nidoqueen, F|353\/353
|turn|22
|
|move|p1a: Jirachi|Zen Headbutt|p2a: Nidoqueen
|-supereffective|p2a: Nidoqueen
|-damage|p2a: Nidoqueen|77\/353
|move|p2a: Nidoqueen|Earth Power|p1a: Jirachi
|-supereffective|p1a: Jirachi
|-damage|p1a: Jirachi|0 fnt
|faint|p1a: Jirachi
|
|win|mana
|raw|Ladder updating...
|raw|Shaneee's rating: 1587 &rarr; <strong>1563<\/strong><br \/>(-24 for losing)
|raw|mana's rating: 1520 &rarr; <strong>1544<\/strong><br \/>(+24 for winning)
|c|âShaneee|gg
|c|âmana|gg
|leave|Shaneee
|player|p1