|join|Shaneee
|join|Lameflame
|player|p1|Shaneee|226
|player|p2|Lameflame|264
|gametype|singles
|gen|6
|tier|UU
|rated
|rule|Sleep Clause Mod: Limit one foe put to sleep
|rule|Species Clause: Limit one of each Pokemon
|rule|OHKO Clause: OHKO moves are banned
|rule|Moody Clause: Moody is banned
|rule|Evasion Moves Clause: Evasion moves are banned
|rule|Endless Battle Clause: Forcing endless battles is banned.
|rule|HP Percentage Mod: HP is reported as percentages
|clearpoke
|poke|p1|Darmanitan, F
|poke|p1|Gligar, F
|poke|p1|Suicune
|poke|p1|Kyurem
|poke|p1|Manectric, F
|poke|p1|Heracross, F, shiny
|poke|p2|Forretress, M
|poke|p2|Florges, F
|poke|p2|Escavalier, F
|poke|p2|Suicune
|poke|p2|Snorlax, F
|poke|p2|Entei, shiny
|teampreview
|
|start
|switch|p1a: Kyurem|Kyurem|454\/454
|switch|p2a: Entei|Entei, shiny|371\/371
|-ability|p2a: Entei|Pressure
|-ability|p1a: Kyurem|Pressure
|turn|1
|
|move|p2a: Entei|Stone Edge|p1a: Kyurem
|-supereffective|p1a: Kyurem
|-damage|p1a: Kyurem|194\/454
|move|p1a: Kyurem|Earth Power|p2a: Entei
|-supereffective|p2a: Entei
|-damage|p2a: Entei|0 fnt
|faint|p2a: Entei
|
|
|switch|p2a: Escavalier|Escavalier, F|343\/343
|turn|2
|
|switch|p1a: Gligar|Gligar, F|334\/334
|move|p2a: Escavalier|Iron Head|p1a: Gligar
|-damage|p1a: Gligar|258\/334
|
|turn|3
|
|move|p1a: Gligar|Stealth Rock|p2a: Escavalier
|-sidestart|p2: Lameflame|move: Stealth Rock
|move|p2a: Escavalier|Knock Off|p1a: Gligar
|-damage|p1a: Gligar|196\/334
|-enditem|p1a: Gligar|Eviolite|[from] move: Knock Off|[of] p2a: Escavalier
|
|turn|4
|
|switch|p2a: Forretress|Forretress, M|351\/351
|-damage|p2a: Forretress|308\/351|[from] Stealth Rock
|move|p1a: Gligar|Roost|p1a: Gligar
|-heal|p1a: Gligar|334\/334
|
|-heal|p2a: Forretress|329\/351|[from] item: Leftovers
|turn|5
|
|move|p1a: Gligar|U-turn|p2a: Forretress
|-resisted|p2a: Forretress
|-damage|p2a: Forretress|316\/351
|
|switch|p1a: Darmanitan|Darmanitan, F|351\/351
|move|p2a: Forretress|Spikes|p1a: Darmanitan
|-sidestart|p1: Shaneee|Spikes
|
|-heal|p2a: Forretress|337\/351|[from] item: Leftovers
|turn|6
|
|switch|p2a: Suicune|Suicune|401\/401
|-damage|p2a: Suicune|351\/401|[from] Stealth Rock
|-ability|p2a: Suicune|Pressure
|move|p1a: Darmanitan|Flare Blitz|p2a: Suicune
|-resisted|p2a: Suicune
|-damage|p2a: Suicune|192\/401
|-damage|p1a: Darmanitan|299\/351|[from] recoil|[of] p2a: Suicune
|
|-heal|p2a: Suicune|217\/401|[from] item: Leftovers
|turn|7
|
|switch|p1a: Kyurem|Kyurem|194\/454
|-damage|p1a: Kyurem|138\/454|[from] Spikes
|-ability|p1a: Kyurem|Pressure
|move|p2a: Suicune|Scald|p1a: Kyurem
|-resisted|p1a: Kyurem
|-damage|p1a: Kyurem|87\/454
|
|-heal|p2a: Suicune|242\/401|[from] item: Leftovers
|turn|8
|
|switch|p2a: Florges|Florges, F|353\/353
|-damage|p2a: Florges|309\/353|[from] Stealth Rock
|move|p1a: Kyurem|Ice Beam|p2a: Florges
|-crit|p2a: Florges
|-damage|p2a: Florges|63\/353
|-status|p2a: Florges|frz
|
|-heal|p2a: Florges|85\/353 frz|[from] item: Leftovers
|turn|9
|
|move|p1a: Kyurem|Ice Beam|p2a: Florges
|-damage|p2a: Florges|0 fnt
|faint|p2a: Florges
|
|
|switch|p2a: Snorlax|Snorlax, F|491\/491
|-damage|p2a: Snorlax|430\/491|[from] Stealth Rock
|turn|10
|
|switch|p1a: Darmanitan|Darmanitan, F|299\/351
|-damage|p1a: Darmanitan|256\/351|[from] Spikes
|move|p2a: Snorlax|Return|p1a: Darmanitan
|-damage|p1a: Darmanitan|0 fnt
|faint|p1a: Darmanitan
|
|
|switch|p1a: Heracross|Heracross, F, shiny|302\/302
|-damage|p1a: Heracross|265\/302|[from] Spikes
|turn|11
|
|switch|p2a: Forretress|Forretress, M|337\/351
|-damage|p2a: Forretress|294\/351|[from] Stealth Rock
|move|p1a: Heracross|Close Combat|p2a: Forretress
|-damage|p2a: Forretress|180\/351
|-unboost|p1a: Heracross|def|1
|-unboost|p1a: Heracross|spd|1
|
|-heal|p2a: Forretress|201\/351|[from] item: Leftovers
|turn|12
|
|switch|p1a: Gligar|Gligar, F|334\/334
|move|p2a: Forretress|Gyro Ball|p1a: Gligar
|-damage|p1a: Gligar|276\/334
|
|-heal|p2a: Forretress|222\/351|[from] item: Leftovers
|turn|13
|
|move|p1a: Gligar|Defog|p2a: Forretress
|-unboost|p2a: Forretress|evasion|1
|-sideend|p2: Lameflame|Stealth Rock|[from] move: Defog|[of] p2a: Forretress
|-sideend|p1: Shaneee|Spikes|[from] move: Defog|[of] p1a: Gligar
|move|p2a: Forretress|Rapid Spin|p1a: Gligar
|-damage|p1a: Gligar|265\/334
|
|-heal|p2a: Forretress|243\/351|[from] item: Leftovers
|turn|14
|
|move|p1a: Gligar|U-turn|p2a: Forretress
|-resisted|p2a: Forretress
|-damage|p2a: Forretress|231\/351
|
|switch|p1a: Manectric|Manectric, F|281\/281
|move|p2a: Forretress|Stealth Rock|p1a: Manectric
|-sidestart|p1: Shaneee|move: Stealth Rock
|
|-heal|p2a: Forretress|252\/351|[from] item: Leftovers
|turn|15
|
|switch|p2a: Snorlax|Snorlax, F|430\/491
|-formechange|p1a: Manectric|Manectric-Mega
|message|Manectric has Mega Evolved into Mega Manectric!
|-ability|p1a: Manectric|Intimidate|[of] p2a: Snorlax
|-unboost|p2a: Snorlax|atk|1
|move|p1a: Manectric|Thunderbolt|p2a: Snorlax
|-damage|p2a: Snorlax|340\/491
|
|turn|16
|join|FAGFLAREON
|
|move|p1a: Manectric|Volt Switch|p2a: Snorlax
|-damage|p2a: Snorlax|273\/491
|
|switch|p1a: Kyurem|Kyurem|87\/454
|-damage|p1a: Kyurem|0 fnt|[from] Stealth Rock
|faint|p1a: Kyurem
|move|p2a: Snorlax|Earthquake|p1: Kyurem|[notarget]
|-notarget
|
|
|switch|p1a: Heracross|Heracross, F, shiny|265\/302
|-damage|p1a: Heracross|228\/302|[from] Stealth Rock
|turn|17
|
|switch|p2a: Forretress|Forretress, M|252\/351
|move|p1a: Heracross|Close Combat|p2a: Forretress
|-damage|p2a: Forretress|128\/351
|-unboost|p1a: Heracross|def|1
|-unboost|p1a: Heracross|spd|1
|
|-heal|p2a: Forretress|149\/351|[from] item: Leftovers
|turn|18
|chat|FAGFLAREON|dam u get tough opponents
|
|switch|p1a: Gligar|Gligar, F|265\/334
|-damage|p1a: Gligar|224\/334|[from] Stealth Rock
|switch|p2a: Suicune|Suicune|242\/401
|-ability|p2a: Suicune|Pressure
|
|-heal|p2a: Suicune|267\/401|[from] item: Leftovers
|turn|19
|
|move|p2a: Suicune|Substitute|p2a: Suicune
|-start|p2a: Suicune|Substitute
|-damage|p2a: Suicune|167\/401
|move|p1a: Gligar|Defog|p2a: Suicune
|-sideend|p1: Shaneee|Stealth Rock|[from] move: Defog|[of] p1a: Gligar
|
|-heal|p2a: Suicune|192\/401|[from] item: Leftovers
|turn|20
|
|switch|p1a: Suicune|Suicune|404\/404
|-ability|p1a: Suicune|Pressure
|move|p2a: Suicune|Calm Mind|p2a: Suicune
|-boost|p2a: Suicune|spa|1
|-boost|p2a: Suicune|spd|1
|
|-heal|p2a: Suicune|217\/401|[from] item: Leftovers
|turn|21
|
|move|p1a: Suicune|Calm Mind|p1a: Suicune
|-boost|p1a: Suicune|spa|1
|-boost|p1a: Suicune|spd|1
|move|p2a: Suicune|Roar|p1a: Suicune
|drag|p1a: Manectric|Manectric, F|281\/281
|-formechange|p1a: Manectric|Manectric-Mega
|-activate|p2a: Suicune|Substitute|ability: Intimidate|[of] p1a: Manectric
|
|-heal|p2a: Suicune|242\/401|[from] item: Leftovers
|turn|22
|chat|Lameflame|<3
|
|move|p1a: Manectric|Volt Switch|p2a: Suicune
|-supereffective|p2a: Suicune
|-end|p2a: Suicune|Substitute
|
|switch|p1a: Suicune|Suicune|404\/404
|-ability|p1a: Suicune|Pressure
|move|p2a: Suicune|Scald|p1a: Suicune
|-resisted|p1a: Suicune
|-damage|p1a: Suicune|344\/404
|-status|p1a: Suicune|brn
|
|-heal|p2a: Suicune|267\/401|[from] item: Leftovers
|-heal|p1a: Suicune|369\/404 brn|[from] item: Leftovers
|-damage|p1a: Suicune|319\/404 brn|[from] brn
|turn|23
|
|move|p2a: Suicune|Substitute|p2a: Suicune
|-start|p2a: Suicune|Substitute
|-damage|p2a: Suicune|167\/401
|move|p1a: Suicune|Scald|p2a: Suicune
|-crit|p2a: Suicune
|-resisted|p2a: Suicune
|-activate|p2a: Suicune|Substitute|[damage]
|
|-heal|p2a: Suicune|192\/401|[from] item: Leftovers
|-heal|p1a: Suicune|344\/404 brn|[from] item: Leftovers
|-damage|p1a: Suicune|294\/404 brn|[from] brn
|turn|24
|
|move|p2a: Suicune|Calm Mind|p2a: Suicune
|-boost|p2a: Suicune|spa|1
|-boost|p2a: Suicune|spd|1
|move|p1a: Suicune|Scald|p2a: Suicune
|-resisted|p2a: Suicune
|-activate|p2a: Suicune|Substitute|[damage]
|
|-heal|p2a: Suicune|217\/401|[from] item: Leftovers
|-heal|p1a: Suicune|319\/404 brn|[from] item: Leftovers
|-damage|p1a: Suicune|269\/404 brn|[from] brn
|turn|25
|
|switch|p1a: Manectric|Manectric, F|281\/281
|-formechange|p1a: Manectric|Manectric-Mega
|-activate|p2a: Suicune|Substitute|ability: Intimidate|[of] p1a: Manectric
|move|p2a: Suicune|Calm Mind|p2a: Suicune
|-boost|p2a: Suicune|spa|1
|-boost|p2a: Suicune|spd|1
|
|-heal|p2a: Suicune|242\/401|[from] item: Leftovers
|turn|26
|
|move|p1a: Manectric|Thunderbolt|p2a: Suicune
|-supereffective|p2a: Suicune
|-end|p2a: Suicune|Substitute
|move|p2a: Suicune|Scald|p1a: Manectric
|-damage|p1a: Manectric|26\/281
|-status|p1a: Manectric|brn
|
|-heal|p2a: Suicune|267\/401|[from] item: Leftovers
|-damage|p1a: Manectric|0 fnt|[from] brn
|faint|p1a: Manectric
|
|switch|p1a: Gligar|Gligar, F|224\/334
|turn|27
|
|move|p2a: Suicune|Scald|p1a: Gligar
|-supereffective|p1a: Gligar
|-damage|p1a: Gligar|0 fnt
|faint|p1a: Gligar
|
|-heal|p2a: Suicune|292\/401|[from] item: Leftovers
|
|switch|p1a: Heracross|Heracross, F, shiny|228\/302
|turn|28
|
|move|p1a: Heracross|Close Combat|p2a: Suicune
|-damage|p2a: Suicune|148\/401
|-unboost|p1a: Heracross|def|1
|-unboost|p1a: Heracross|spd|1
|move|p2a: Suicune|Scald|p1a: Heracross
|-damage|p1a: Heracross|0 fnt
|faint|p1a: Heracross
|
|-heal|p2a: Suicune|173\/401|[from] item: Leftovers
|
|switch|p1a: Suicune|Suicune|269\/404 brn
|-ability|p1a: Suicune|Pressure
|turn|29
|
|move|p2a: Suicune|Scald|p1a: Suicune
|-crit|p1a: Suicune
|-resisted|p1a: Suicune
|-damage|p1a: Suicune|126\/404 brn
|move|p1a: Suicune|Rest|p1a: Suicune
|-status|p1a: Suicune|slp
|-heal|p1a: Suicune|404\/404 slp|[silent]
|-status|p1a: Suicune|slp|[from] move: Rest
|
|-heal|p2a: Suicune|198\/401|[from] item: Leftovers
|turn|30
|
|move|p2a: Suicune|Substitute|p2a: Suicune
|-start|p2a: Suicune|Substitute
|-damage|p2a: Suicune|98\/401
|cant|p1a: Suicune|slp
|move|p1a: Suicune|Sleep Talk|p1a: Suicune
|move|p1a: Suicune|Rest|p1a: Suicune|[from]Sleep Talk
|-fail|p1a: Suicune
|
|-heal|p2a: Suicune|123\/401|[from] item: Leftovers
|turn|31
|
|move|p2a: Suicune|Calm Mind|p2a: Suicune
|-boost|p2a: Suicune|spa|1
|-boost|p2a: Suicune|spd|1
|cant|p1a: Suicune|slp
|move|p1a: Suicune|Sleep Talk|p1a: Suicune
|move|p1a: Suicune|Scald|p2a: Suicune|[from]Sleep Talk
|-resisted|p2a: Suicune
|-activate|p2a: Suicune|Substitute|[damage]
|
|-heal|p2a: Suicune|148\/401|[from] item: Leftovers
|turn|32
|
|move|p2a: Suicune|Calm Mind|p2a: Suicune
|-boost|p2a: Suicune|spa|1
|-boost|p2a: Suicune|spd|1
|-curestatus|p1a: Suicune|slp
|move|p1a: Suicune|Calm Mind|p1a: Suicune
|-boost|p1a: Suicune|spa|1
|-boost|p1a: Suicune|spd|1
|
|-heal|p2a: Suicune|173\/401|[from] item: Leftovers
|turn|33
|
|move|p2a: Suicune|Scald|p1a: Suicune
|-resisted|p1a: Suicune
|-damage|p1a: Suicune|311\/404
|move|p1a: Suicune|Calm Mind|p1a: Suicune
|-boost|p1a: Suicune|spa|1
|-boost|p1a: Suicune|spd|1
|
|-heal|p2a: Suicune|198\/401|[from] item: Leftovers
|-heal|p1a: Suicune|336\/404|[from] item: Leftovers
|turn|34
|
|move|p2a: Suicune|Calm Mind|p2a: Suicune
|-boost|p2a: Suicune|spa|1
|-boost|p2a: Suicune|spd|1
|move|p1a: Suicune|Calm Mind|p1a: Suicune
|-boost|p1a: Suicune|spa|1
|-boost|p1a: Suicune|spd|1
|
|-heal|p2a: Suicune|223\/401|[from] item: Leftovers
|-heal|p1a: Suicune|361\/404|[from] item: Leftovers
|turn|35
|
|move|p2a: Suicune|Scald|p1a: Suicune
|-resisted|p1a: Suicune
|-damage|p1a: Suicune|301\/404
|-status|p1a: Suicune|brn
|move|p1a: Suicune|Calm Mind|p1a: Suicune
|-boost|p1a: Suicune|spa|1
|-boost|p1a: Suicune|spd|1
|
|-heal|p2a: Suicune|248\/401|[from] item: Leftovers
|-heal|p1a: Suicune|326\/404 brn|[from] item: Leftovers
|-damage|p1a: Suicune|276\/404 brn|[from] brn
|turn|36
|
|move|p2a: Suicune|Scald|p1a: Suicune
|-resisted|p1a: Suicune
|-damage|p1a: Suicune|226\/404 brn
|move|p1a: Suicune|Calm Mind|p1a: Suicune
|-boost|p1a: Suicune|spa|1
|-boost|p1a: Suicune|spd|1
|
|-heal|p2a: Suicune|273\/401|[from] item: Leftovers
|-heal|p1a: Suicune|251\/404 brn|[from] item: Leftovers
|-damage|p1a: Suicune|201\/404 brn|[from] brn
|turn|37
|
|move|p2a: Suicune|Scald|p1a: Suicune
|-resisted|p1a: Suicune
|-damage|p1a: Suicune|161\/404 brn
|move|p1a: Suicune|Rest|p1a: Suicune
|-status|p1a: Suicune|slp
|-heal|p1a: Suicune|404\/404 slp|[silent]
|-status|p1a: Suicune|slp|[from] move: Rest
|
|-heal|p2a: Suicune|298\/401|[from] item: Leftovers
|turn|38
|
|move|p2a: Suicune|Scald|p1a: Suicune
|-resisted|p1a: Suicune
|-damage|p1a: Suicune|363\/404 slp
|cant|p1a: Suicune|slp
|move|p1a: Suicune|Sleep Talk|p1a: Suicune
|move|p1a: Suicune|Calm Mind|p1a: Suicune|[from]Sleep Talk
|-boost|p1a: Suicune|spa|1
|-boost|p1a: Suicune|spd|1
|
|-heal|p2a: Suicune|323\/401|[from] item: Leftovers
|-heal|p1a: Suicune|388\/404 slp|[from] item: Leftovers
|turn|39
|
|move|p2a: Suicune|Calm Mind|p2a: Suicune
|-fail|p2a: Suicune
|cant|p1a: Suicune|slp
|
|-heal|p2a: Suicune|348\/401|[from] item: Leftovers
|-heal|p1a: Suicune|404\/404 slp|[from] item: Leftovers
|turn|40
|
|move|p2a: Suicune|Calm Mind|p2a: Suicune
|-fail|p2a: Suicune
|-curestatus|p1a: Suicune|slp
|move|p1a: Suicune|Calm Mind|p1a: Suicune
|-fail|p1a: Suicune
|
|-heal|p2a: Suicune|373\/401|[from] item: Leftovers
|turn|41
|
|move|p2a: Suicune|Calm Mind|p2a: Suicune
|-fail|p2a: Suicune
|move|p1a: Suicune|Calm Mind|p1a: Suicune
|-fail|p1a: Suicune
|
|-heal|p2a: Suicune|398\/401|[from] item: Leftovers
|turn|42
|chat|Lameflame|3 AM stall fest = my favorite
|
|move|p2a: Suicune|Calm Mind|p2a: Suicune
|-fail|p2a: Suicune
|move|p1a: Suicune|Calm Mind|p1a: Suicune
|-fail|p1a: Suicune
|
|-heal|p2a: Suicune|401\/401|[from] item: Leftovers
|turn|43
|chat|FAGFLAREON|epik battle
|chat|Shaneee|lol
|
|move|p2a: Suicune|Calm Mind|p2a: Suicune
|-fail|p2a: Suicune
|move|p1a: Suicune|Calm Mind|p1a: Suicune
|-fail|p1a: Suicune
|
|turn|44
|chat|Lameflame|fack my exam tomorrow
|
|move|p2a: Suicune|Calm Mind|p2a: Suicune
|-fail|p2a: Suicune
|move|p1a: Suicune|Calm Mind|p1a: Suicune
|-fail|p1a: Suicune
|
|turn|45
|
|move|p2a: Suicune|Calm Mind|p2a: Suicune
|-fail|p2a: Suicune
|move|p1a: Suicune|Calm Mind|p1a: Suicune
|-fail|p1a: Suicune
|
|turn|46
|
|move|p2a: Suicune|Calm Mind|p2a: Suicune
|-fail|p2a: Suicune
|move|p1a: Suicune|Calm Mind|p1a: Suicune
|-fail|p1a: Suicune
|
|turn|47
|
|move|p2a: Suicune|Calm Mind|p2a: Suicune
|-fail|p2a: Suicune
|move|p1a: Suicune|Calm Mind|p1a: Suicune
|-fail|p1a: Suicune
|
|turn|48
|
|move|p2a: Suicune|Calm Mind|p2a: Suicune
|-fail|p2a: Suicune
|move|p1a: Suicune|Calm Mind|p1a: Suicune
|-fail|p1a: Suicune
|
|turn|49
|
|move|p2a: Suicune|Calm Mind|p2a: Suicune
|-fail|p2a: Suicune
|move|p1a: Suicune|Calm Mind|p1a: Suicune
|-fail|p1a: Suicune
|
|turn|50
|
|move|p2a: Suicune|Calm Mind|p2a: Suicune
|-fail|p2a: Suicune
|move|p1a: Suicune|Calm Mind|p1a: Suicune
|-fail|p1a: Suicune
|
|turn|51
|
|move|p2a: Suicune|Calm Mind|p2a: Suicune
|-fail|p2a: Suicune
|move|p1a: Suicune|Calm Mind|p1a: Suicune
|-fail|p1a: Suicune
|
|turn|52
|
|move|p2a: Suicune|Calm Mind|p2a: Suicune
|-fail|p2a: Suicune
|move|p1a: Suicune|Calm Mind|p1a: Suicune
|-fail|p1a: Suicune
|
|turn|53
|chat|Lameflame|How many calm mind's left?
|
|move|p2a: Suicune|Calm Mind|p2a: Suicune
|-fail|p2a: Suicune
|move|p1a: Suicune|Calm Mind|p1a: Suicune
|-fail|p1a: Suicune
|
|turn|54
|chat|Shaneee|12
|
|move|p2a: Suicune|Calm Mind|p2a: Suicune
|-fail|p2a: Suicune
|move|p1a: Suicune|Calm Mind|p1a: Suicune
|-fail|p1a: Suicune
|
|turn|55
|chat|Lameflame|11 lel
|
|move|p2a: Suicune|Calm Mind|p2a: Suicune
|-fail|p2a: Suicune
|move|p1a: Suicune|Calm Mind|p1a: Suicune
|-fail|p1a: Suicune
|
|turn|56
|
|move|p2a: Suicune|Calm Mind|p2a: Suicune
|-fail|p2a: Suicune
|move|p1a: Suicune|Calm Mind|p1a: Suicune
|-fail|p1a: Suicune
|
|turn|57
|
|move|p1a: Suicune|Calm Mind|p1a: Suicune
|-fail|p1a: Suicune
|move|p2a: Suicune|Roar|p1a: Suicune
|
|turn|58
|
|move|p1a: Suicune|Calm Mind|p1a: Suicune
|-fail|p1a: Suicune
|move|p2a: Suicune|Roar|p1a: Suicune
|
|turn|59
|
|move|p1a: Suicune|Calm Mind|p1a: Suicune
|-fail|p1a: Suicune
|move|p2a: Suicune|Roar|p1a: Suicune
|
|turn|60
|
|move|p2a: Suicune|Scald|p1a: Suicune
|-resisted|p1a: Suicune
|-damage|p1a: Suicune|366\/404
|move|p1a: Suicune|Calm Mind|p1a: Suicune
|-fail|p1a: Suicune
|
|-heal|p1a: Suicune|391\/404|[from] item: Leftovers
|turn|61
|
|move|p2a: Suicune|Scald|p1a: Suicune
|-crit|p1a: Suicune
|-resisted|p1a: Suicune
|-damage|p1a: Suicune|177\/404
|move|p1a: Suicune|Scald|p2a: Suicune
|-resisted|p2a: Suicune
|-activate|p2a: Suicune|Substitute|[damage]
|
|-heal|p1a: Suicune|202\/404|[from] item: Leftovers
|turn|62
|
|move|p1a: Suicune|Rest|p1a: Suicune
|-status|p1a: Suicune|slp
|-heal|p1a: Suicune|404\/404 slp|[silent]
|-status|p1a: Suicune|slp|[from] move: Rest
|move|p2a: Suicune|Roar|p1a: Suicune
|
|turn|63
|
|cant|p1a: Suicune|slp
|move|p2a: Suicune|Roar|p1a: Suicune
|
|turn|64
|
|cant|p1a: Suicune|slp
|move|p2a: Suicune|Roar|p1a: Suicune
|
|turn|65
|
|-curestatus|p1a: Suicune|slp
|move|p1a: Suicune|Sleep Talk|p1a: Suicune
|-fail|p1a: Suicune
|move|p2a: Suicune|Roar|p1a: Suicune
|
|turn|66
|
|move|p1a: Suicune|Sleep Talk|p1a: Suicune
|-fail|p1a: Suicune
|move|p2a: Suicune|Roar|p1a: Suicune
|
|turn|67
|
|move|p1a: Suicune|Sleep Talk|p1a: Suicune
|-fail|p1a: Suicune
|move|p2a: Suicune|Roar|p1a: Suicune
|
|turn|68
|
|move|p1a: Suicune|Sleep Talk|p1a: Suicune
|-fail|p1a: Suicune
|move|p2a: Suicune|Roar|p1a: Suicune
|
|turn|69
|
|move|p2a: Suicune|Calm Mind|p2a: Suicune
|-fail|p2a: Suicune
|move|p1a: Suicune|Calm Mind|p1a: Suicune
|-fail|p1a: Suicune
|
|turn|70
|
|move|p2a: Suicune|Calm Mind|p2a: Suicune
|-fail|p2a: Suicune
|move|p1a: Suicune|Sleep Talk|p1a: Suicune
|-fail|p1a: Suicune
|
|turn|71
|
|move|p1a: Suicune|Sleep Talk|p1a: Suicune
|-fail|p1a: Suicune
|move|p2a: Suicune|Roar|p1a: Suicune
|
|turn|72
|
|move|p1a: Suicune|Sleep Talk|p1a: Suicune
|-fail|p1a: Suicune
|move|p2a: Suicune|Roar|p1a: Suicune
|
|turn|73
|
|move|p1a: Suicune|Sleep Talk|p1a: Suicune
|-fail|p1a: Suicune
|move|p2a: Suicune|Roar|p1a: Suicune
|
|turn|74
|
|move|p1a: Suicune|Calm Mind|p1a: Suicune
|-fail|p1a: Suicune
|move|p2a: Suicune|Roar|p1a: Suicune
|
|turn|75
|
|move|p1a: Suicune|Sleep Talk|p1a: Suicune
|-fail|p1a: Suicune
|move|p2a: Suicune|Roar|p1a: Suicune
|
|turn|76
|
|move|p2a: Suicune|Substitute|p2a: Suicune
|-fail|p2a: Suicune|move: Substitute
|move|p1a: Suicune|Calm Mind|p1a: Suicune
|-fail|p1a: Suicune
|
|turn|77
|
|move|p2a: Suicune|Substitute|p2a: Suicune
|-fail|p2a: Suicune|move: Substitute
|move|p1a: Suicune|Sleep Talk|p1a: Suicune
|-fail|p1a: Suicune
|
|turn|78
|
|move|p2a: Suicune|Substitute|p2a: Suicune
|-fail|p2a: Suicune|move: Substitute
|move|p1a: Suicune|Scald|p2a: Suicune
|-resisted|p2a: Suicune
|-activate|p2a: Suicune|Substitute|[damage]
|
|turn|79
|
|move|p2a: Suicune|Substitute|p2a: Suicune
|-fail|p2a: Suicune|move: Substitute
|move|p1a: Suicune|Calm Mind|p1a: Suicune
|-fail|p1a: Suicune
|
|turn|80
|
|move|p2a: Suicune|Substitute|p2a: Suicune
|-fail|p2a: Suicune|move: Substitute
|move|p1a: Suicune|Calm Mind|p1a: Suicune
|-fail|p1a: Suicune
|
|turn|81
|
|move|p2a: Suicune|Substitute|p2a: Suicune
|-fail|p2a: Suicune|move: Substitute
|move|p1a: Suicune|Sleep Talk|p1a: Suicune
|-fail|p1a: Suicune
|
|turn|82
|
|move|p2a: Suicune|Substitute|p2a: Suicune
|-fail|p2a: Suicune|move: Substitute
|move|p1a: Suicune|Sleep Talk|p1a: Suicune
|-fail|p1a: Suicune
|
|turn|83
|
|move|p2a: Suicune|Substitute|p2a: Suicune
|-fail|p2a: Suicune|move: Substitute
|move|p1a: Suicune|Sleep Talk|p1a: Suicune
|-fail|p1a: Suicune
|
|turn|84
|
|move|p2a: Suicune|Substitute|p2a: Suicune
|-fail|p2a: Suicune|move: Substitute
|move|p1a: Suicune|Scald|p2a: Suicune
|-resisted|p2a: Suicune
|-end|p2a: Suicune|Substitute
|
|turn|85
|
|move|p2a: Suicune|Substitute|p2a: Suicune
|-start|p2a: Suicune|Substitute
|-damage|p2a: Suicune|301\/401
|move|p1a: Suicune|Scald|p2a: Suicune
|-resisted|p2a: Suicune
|-activate|p2a: Suicune|Substitute|[damage]
|
|-heal|p2a: Suicune|326\/401|[from] item: Leftovers
|turn|86
|chat|Lameflame|plot twist
|
|move|p2a: Suicune|Substitute|p2a: Suicune
|-fail|p2a: Suicune|move: Substitute
|move|p1a: Suicune|Scald|p2a: Suicune
|-resisted|p2a: Suicune
|-activate|p2a: Suicune|Substitute|[damage]
|
|-heal|p2a: Suicune|351\/401|[from] item: Leftovers
|turn|87
|
|move|p2a: Suicune|Substitute|p2a: Suicune
|-fail|p2a: Suicune|move: Substitute
|move|p1a: Suicune|Rest|p1a: Suicune
|-fail|p1a: Suicune
|
|-heal|p2a: Suicune|376\/401|[from] item: Leftovers
|turn|88
|
|move|p2a: Suicune|Scald|p1a: Suicune
|-resisted|p1a: Suicune
|-damage|p1a: Suicune|365\/404
|move|p1a: Suicune|Rest|p1a: Suicune
|-status|p1a: Suicune|slp
|-heal|p1a: Suicune|404\/404 slp|[silent]
|-status|p1a: Suicune|slp|[from] move: Rest
|
|-heal|p2a: Suicune|401\/401|[from] item: Leftovers
|turn|89
|
|move|p2a: Suicune|Calm Mind|p2a: Suicune
|-fail|p2a: Suicune
|cant|p1a: Suicune|slp
|
|turn|90
|
|move|p2a: Suicune|Calm Mind|p2a: Suicune
|-fail|p2a: Suicune
|cant|p1a: Suicune|slp
|
|turn|91
|
|move|p2a: Suicune|Calm Mind|p2a: Suicune
|-fail|p2a: Suicune
|-curestatus|p1a: Suicune|slp
|move|p1a: Suicune|Scald|p2a: Suicune
|-resisted|p2a: Suicune
|-end|p2a: Suicune|Substitute
|
|turn|92
|
|move|p2a: Suicune|Substitute|p2a: Suicune
|-start|p2a: Suicune|Substitute
|-damage|p2a: Suicune|301\/401
|move|p1a: Suicune|Scald|p2a: Suicune
|-resisted|p2a: Suicune
|-activate|p2a: Suicune|Substitute|[damage]
|
|-heal|p2a: Suicune|326\/401|[from] item: Leftovers
|turn|93
|
|move|p2a: Suicune|Calm Mind|p2a: Suicune
|-fail|p2a: Suicune
|move|p1a: Suicune|Rest|p1a: Suicune
|-fail|p1a: Suicune
|
|-heal|p2a: Suicune|351\/401|[from] item: Leftovers
|turn|94
|
|move|p2a: Suicune|Calm Mind|p2a: Suicune
|-fail|p2a: Suicune
|move|p1a: Suicune|Rest|p1a: Suicune
|-fail|p1a: Suicune
|
|-heal|p2a: Suicune|376\/401|[from] item: Leftovers
|turn|95
|
|move|p2a: Suicune|Calm Mind|p2a: Suicune
|-fail|p2a: Suicune
|move|p1a: Suicune|Rest|p1a: Suicune
|-fail|p1a: Suicune
|
|-heal|p2a: Suicune|401\/401|[from] item: Leftovers
|turn|96
|chat|Lameflame|That's it for my PP
|
|-activate|p2a: Suicune|move: Struggle
|move|p2a: Suicune|Struggle|p1a: Suicune
|-damage|p1a: Suicune|383\/404
|-damage|p2a: Suicune|301\/401
|move|p1a: Suicune|Rest|p1a: Suicune
|-status|p1a: Suicune|slp
|-heal|p1a: Suicune|404\/404 slp|[silent]
|-status|p1a: Suicune|slp|[from] move: Rest
|
|-heal|p2a: Suicune|326\/401|[from] item: Leftovers
|turn|97
|chat|Shaneee|phew
|
|-activate|p2a: Suicune|move: Struggle
|move|p2a: Suicune|Struggle|p1a: Suicune
|-damage|p1a: Suicune|386\/404 slp
|-damage|p2a: Suicune|226\/401
|cant|p1a: Suicune|slp
|
|-heal|p2a: Suicune|251\/401|[from] item: Leftovers
|-heal|p1a: Suicune|404\/404 slp|[from] item: Leftovers
|turn|98
|
|-activate|p2a: Suicune|move: Struggle
|move|p2a: Suicune|Struggle|p1a: Suicune
|-damage|p1a: Suicune|384\/404 slp
|-damage|p2a: Suicune|151\/401
|cant|p1a: Suicune|slp
|
|-heal|p2a: Suicune|176\/401|[from] item: Leftovers
|-heal|p1a: Suicune|404\/404 slp|[from] item: Leftovers
|turn|99
|
|-activate|p2a: Suicune|move: Struggle
|move|p2a: Suicune|Struggle|p1a: Suicune
|-crit|p1a: Suicune
|-damage|p1a: Suicune|377\/404 slp
|-damage|p2a: Suicune|76\/401
|-curestatus|p1a: Suicune|slp
|move|p1a: Suicune|Scald|p2a: Suicune
|-resisted|p2a: Suicune
|-activate|p2a: Suicune|Substitute|[damage]
|
|-heal|p2a: Suicune|101\/401|[from] item: Leftovers
|-heal|p1a: Suicune|402\/404|[from] item: Leftovers
|turn|100
|
|-activate|p2a: Suicune|move: Struggle
|move|p2a: Suicune|Struggle|p1a: Suicune
|-damage|p1a: Suicune|383\/404
|-damage|p2a: Suicune|1\/401
|move|p1a: Suicune|Rest|p1a: Suicune
|-status|p1a: Suicune|slp
|-heal|p1a: Suicune|404\/404 slp|[silent]
|-status|p1a: Suicune|slp|[from] move: Rest
|
|-heal|p2a: Suicune|26\/401|[from] item: Leftovers
|turn|101
|
|switch|p2a: Snorlax|Snorlax, F|273\/491
|cant|p1a: Suicune|slp
|
|turn|102
|
|cant|p1a: Suicune|slp
|move|p2a: Snorlax|Return|p1a: Suicune
|-damage|p1a: Suicune|289\/404 slp
|
|-heal|p1a: Suicune|314\/404 slp|[from] item: Leftovers
|turn|103
|
|-curestatus|p1a: Suicune|slp
|move|p1a: Suicune|Scald|p2a: Snorlax
|-damage|p2a: Snorlax|68\/491
|move|p2a: Snorlax|Return|p1a: Suicune
|-damage|p1a: Suicune|187\/404
|
|-heal|p1a: Suicune|212\/404|[from] item: Leftovers
|turn|104
|
|move|p1a: Suicune|Scald|p2a: Snorlax
|-damage|p2a: Snorlax|0 fnt
|faint|p2a: Snorlax
|
|-heal|p1a: Suicune|237\/404|[from] item: Leftovers
|
|switch|p2a: Suicune|Suicune|26\/401
|-ability|p2a: Suicune|Pressure
|turn|105
|
|-activate|p2a: Suicune|move: Struggle
|move|p2a: Suicune|Struggle|p1a: Suicune
|-damage|p1a: Suicune|219\/404
|-damage|p2a: Suicune|0 fnt
|faint|p2a: Suicune
|move|p1a: Suicune|Rest|p1a: Suicune
|-status|p1a: Suicune|slp
|-heal|p1a: Suicune|404\/404 slp|[silent]
|-status|p1a: Suicune|slp|[from] move: Rest
|
|
|switch|p2a: Escavalier|Escavalier, F|343\/343
|turn|106
|chat|Shaneee|i only have 2 more scalds
|
|cant|p1a: Suicune|slp
|move|p2a: Escavalier|Knock Off|p1a: Suicune
|-damage|p1a: Suicune|324\/404 slp
|-enditem|p1a: Suicune|Leftovers|[from] move: Knock Off|[of] p2a: Escavalier
|
|turn|107
|
|cant|p1a: Suicune|slp
|move|p2a: Escavalier|Megahorn|p1a: Suicune
|-damage|p1a: Suicune|177\/404 slp
|
|turn|108
|
|switch|p2a: Forretress|Forretress, M|149\/351
|-curestatus|p1a: Suicune|slp
|move|p1a: Suicune|Scald|p2a: Forretress
|-damage|p2a: Forretress|0 fnt
|faint|p2a: Forretress
|
|
|switch|p2a: Escavalier|Escavalier, F|343\/343
|turn|109
|
|move|p1a: Suicune|Scald|p2a: Escavalier
|-damage|p2a: Escavalier|129\/343
|move|p2a: Escavalier|Megahorn|p1a: Suicune|[miss]
|-miss|p2a: Escavalier|p1a: Suicune
|
|turn|110
|chat|Lameflame|o_o
|
|move|p1a: Suicune|Rest|p1a: Suicune
|-status|p1a: Suicune|slp
|-heal|p1a: Suicune|404\/404 slp|[silent]
|-status|p1a: Suicune|slp|[from] move: Rest
|move|p2a: Escavalier|Megahorn|p1a: Suicune
|-damage|p1a: Suicune|235\/404 slp
|
|turn|111
|
|cant|p1a: Suicune|slp
|move|p2a: Escavalier|Megahorn|p1a: Suicune
|-damage|p1a: Suicune|72\/404 slp
|
|turn|112
|chat|Shaneee|are you banded
|chat|Lameflame|AV
|
|cant|p1a: Suicune|slp
|move|p2a: Escavalier|Iron Head|p1a: Suicune
|-resisted|p1a: Suicune
|-damage|p1a: Suicune|21\/404 slp
|
|turn|113
|
|-curestatus|p1a: Suicune|slp
|move|p1a: Suicune|Rest|p1a: Suicune
|-status|p1a: Suicune|slp
|-heal|p1a: Suicune|404\/404 slp|[silent]
|-status|p1a: Suicune|slp|[from] move: Rest
|move|p2a: Escavalier|Megahorn|p1a: Suicune
|-damage|p1a: Suicune|251\/404 slp
|
|turn|114
|
|cant|p1a: Suicune|slp
|move|p2a: Escavalier|Megahorn|p1a: Suicune
|-damage|p1a: Suicune|85\/404 slp
|
|turn|115
|chat|Shaneee|gg
|
|cant|p1a: Suicune|slp
|move|p2a: Escavalier|Drill Run|p1a: Suicune
|-damage|p1a: Suicune|12\/404 slp
|
|turn|116
|chat|Lameflame|I don't want to risk the miss so I keep making shitty plays
|
|-curestatus|p1a: Suicune|slp
|move|p1a: Suicune|Rest|p1a: Suicune
|-status|p1a: Suicune|slp
|-heal|p1a: Suicune|404\/404 slp|[silent]
|-status|p1a: Suicune|slp|[from] move: Rest
|move|p2a: Escavalier|Megahorn|p1a: Suicune
|-crit|p1a: Suicune
|-damage|p1a: Suicune|181\/404 slp
|
|turn|117
|chat|Lameflame|geez
|chat|Shaneee|i only have rest left
|
|cant|p1a: Suicune|slp
|move|p2a: Escavalier|Megahorn|p1a: Suicune
|-damage|p1a: Suicune|22\/404 slp
|
|turn|118
|
|cant|p1a: Suicune|slp
|move|p2a: Escavalier|Iron Head|p1a: Suicune
|-resisted|p1a: Suicune
|-damage|p1a: Suicune|0 fnt
|faint|p1a: Suicune
|
|win|Lameflame
|raw|Ladder updating...
|raw|Shaneee's rating: 1630 &rarr; <strong>1597<\/strong><br \/>(-33 for losing)
|raw|Lameflame's rating: 1341 &rarr; <strong>1374<\/strong><br \/>(+33 for winning)
|chat|Lameflame|gg
|chat|Shaneee|gg
|leave|Shaneee
|player|p1