|join|Shaneee
|join|Lunatone Fringe
|player|p1|Shaneee|47
|player|p2|Lunatone Fringe|25
|gametype|singles
|gen|6
|tier|UU
|rated
|rule|Sleep Clause Mod: Limit one foe put to sleep
|rule|Species Clause: Limit one of each PokÃ©mon
|rule|OHKO Clause: OHKO moves are banned
|rule|Moody Clause: Moody is banned
|rule|Evasion Moves Clause: Evasion moves are banned
|rule|Endless Battle Clause: Forcing endless battles is banned
|rule|HP Percentage Mod: HP is shown in percentages
|clearpoke
|poke|p1|Suicune
|poke|p1|Amoonguss, F, shiny
|poke|p1|Gligar, M, shiny
|poke|p1|Quagsire, F
|poke|p1|Snorlax, F, shiny
|poke|p1|Darmanitan, M
|poke|p2|Crobat, F
|poke|p2|Umbreon, F
|poke|p2|Ampharos, M
|poke|p2|Mienshao, M
|poke|p2|Entei, shiny
|poke|p2|Quagsire, F
|rule|Swagger Clause: Swagger is banned
|rule|Baton Pass Clause: Limit one PokÃ©mon knowing Baton Pass
|teampreview
|
|start
|switch|p1a: Lady Gaga|Amoonguss, F, shiny|432\/432
|switch|p2a: Mienshao|Mienshao, M|271\/271
|turn|1
|
|move|p2a: Mienshao|U-turn|p1a: Lady Gaga
|-damage|p1a: Lady Gaga|319\/432
|
|switch|p2a: Quagsire|Quagsire, F|394\/394
|move|p1a: Lady Gaga|Spore|p2a: Quagsire
|-status|p2a: Quagsire|slp
|
|-heal|p1a: Lady Gaga|346\/432|[from] item: Black Sludge
|turn|2
|
|switch|p2a: Crobat|Crobat, F|373\/373
|move|p1a: Lady Gaga|Foul Play|p2a: Crobat
|-damage|p2a: Crobat|282\/373
|
|-heal|p2a: Crobat|305\/373|[from] item: Black Sludge
|-heal|p1a: Lady Gaga|373\/432|[from] item: Black Sludge
|turn|3
|
|switch|p1a: Ariana Grande|Gligar, M, shiny|334\/334
|move|p2a: Crobat|U-turn|p1a: Ariana Grande
|-resisted|p1a: Ariana Grande
|-damage|p1a: Ariana Grande|322\/334
|
|switch|p2a: Ampharos|Ampharos, M|354\/354
|
|turn|4
|
|detailschange|p2a: Ampharos|Ampharos-Mega, M
|message|Ampharos has Mega Evolved into Mega Ampharos!
|-ability|p2a: Ampharos|Mold Breaker
|move|p1a: Ariana Grande|Earthquake|p2a: Ampharos
|-supereffective|p2a: Ampharos
|-damage|p2a: Ampharos|172\/354
|move|p2a: Ampharos|Dragon Pulse|p1a: Ariana Grande
|-damage|p1a: Ariana Grande|148\/334
|
|turn|5
|
|switch|p2a: Umbreon|Umbreon, F|394\/394
|move|p1a: Ariana Grande|Roost|p1a: Ariana Grande
|-heal|p1a: Ariana Grande|315\/334
|
|turn|6
|
|move|p1a: Ariana Grande|Stealth Rock|p2a: Umbreon
|-sidestart|p2: Lunatone Fringe|move: Stealth Rock
|move|p2a: Umbreon|Wish|p2a: Umbreon
|
|turn|7
|
|switch|p1a: Darmanitan|Darmanitan, M|351\/351
|switch|p2a: Crobat|Crobat, F|305\/373
|-damage|p2a: Crobat|212\/373|[from] Stealth Rock
|
|-heal|p2a: Crobat|373\/373|[from] move: Wish|[wisher] Umbreon
|turn|8
|
|move|p2a: Crobat|Brave Bird|p1a: Darmanitan
|-crit|p1a: Darmanitan
|-damage|p1a: Darmanitan|30\/351
|-damage|p2a: Crobat|267\/373|[from] recoil|[of] p1a: Darmanitan
|move|p1a: Darmanitan|Flare Blitz|p2a: Crobat
|-damage|p2a: Crobat|0 fnt
|-damage|p1a: Darmanitan|0 fnt|[from] recoil|[of] p2a: Crobat
|faint|p2a: Crobat
|faint|p1a: Darmanitan
|
|
|switch|p2a: Mienshao|Mienshao, M|271\/271
|-damage|p2a: Mienshao|255\/271|[from] Stealth Rock
|switch|p1a: Quagsire|Quagsire, F|394\/394
|turn|9
|
|move|p2a: Mienshao|High Jump Kick|p1a: Quagsire
|-damage|p1a: Quagsire|165\/394
|move|p1a: Quagsire|Recover|p1a: Quagsire
|-heal|p1a: Quagsire|362\/394
|
|-heal|p1a: Quagsire|386\/394|[from] item: Leftovers
|turn|10
|
|switch|p2a: Quagsire|Quagsire, F|394\/394 slp
|-damage|p2a: Quagsire|370\/394 slp|[from] Stealth Rock
|move|p1a: Quagsire|Scald|p2a: Quagsire
|-damage|p2a: Quagsire|271\/394 slp
|
|-heal|p1a: Quagsire|394\/394|[from] item: Leftovers
|-heal|p2a: Quagsire|295\/394 slp|[from] item: Leftovers
|turn|11
|
|switch|p1a: Lady Gaga|Amoonguss, F, shiny|432\/432
|cant|p2a: Quagsire|slp
|
|-heal|p2a: Quagsire|319\/394 slp|[from] item: Leftovers
|turn|12
|
|switch|p2a: Umbreon|Umbreon, F|394\/394
|-damage|p2a: Umbreon|345\/394|[from] Stealth Rock
|move|p1a: Lady Gaga|Sludge Bomb|p2a: Umbreon
|-crit|p2a: Umbreon
|-damage|p2a: Umbreon|266\/394
|-status|p2a: Umbreon|psn
|
|-heal|p2a: Umbreon|290\/394 psn|[from] item: Leftovers
|-damage|p2a: Umbreon|241\/394 psn|[from] psn
|turn|13
|
|switch|p1a: âº|Suicune|404\/404
|-ability|p1a: âº|Pressure
|move|p2a: Umbreon|Wish|p2a: Umbreon
|
|-heal|p2a: Umbreon|265\/394 psn|[from] item: Leftovers
|-damage|p2a: Umbreon|216\/394 psn|[from] psn
|turn|14
|c|âLunatone Fringe|your team is disgustingly fat
|c|âShaneee|very ^^
|
|switch|p2a: Ampharos|Ampharos-Mega, M|172\/354
|-damage|p2a: Ampharos|128\/354|[from] Stealth Rock
|-ability|p2a: Ampharos|Mold Breaker
|move|p1a: âº|Scald|p2a: Ampharos
|-resisted|p2a: Ampharos
|-damage|p2a: Ampharos|86\/354
|-status|p2a: Ampharos|brn
|
|-heal|p2a: Ampharos|283\/354 brn|[from] move: Wish|[wisher] Umbreon
|-damage|p2a: Ampharos|239\/354 brn|[from] brn
|turn|15
|
|switch|p1a: Lady Gaga|Amoonguss, F, shiny|432\/432
|move|p2a: Ampharos|Dragon Pulse|p1a: Lady Gaga
|-damage|p1a: Lady Gaga|257\/432
|
|-heal|p1a: Lady Gaga|284\/432|[from] item: Black Sludge
|-damage|p2a: Ampharos|195\/354 brn|[from] brn
|turn|16
|
|switch|p2a: Umbreon|Umbreon, F|216\/394 psn
|-damage|p2a: Umbreon|167\/394 psn|[from] Stealth Rock
|move|p1a: Lady Gaga|Sludge Bomb|p2a: Umbreon
|-damage|p2a: Umbreon|112\/394 psn
|
|-heal|p2a: Umbreon|136\/394 psn|[from] item: Leftovers
|-heal|p1a: Lady Gaga|311\/432|[from] item: Black Sludge
|-damage|p2a: Umbreon|87\/394 psn|[from] psn
|turn|17
|
|move|p2a: Umbreon|Wish|p2a: Umbreon
|move|p1a: Lady Gaga|Sludge Bomb|p2a: Umbreon
|-damage|p2a: Umbreon|27\/394 psn
|
|-heal|p2a: Umbreon|51\/394 psn|[from] item: Leftovers
|-heal|p1a: Lady Gaga|338\/432|[from] item: Black Sludge
|-damage|p2a: Umbreon|2\/394 psn|[from] psn
|turn|18
|
|move|p2a: Umbreon|Protect|p2a: Umbreon
|-singleturn|p2a: Umbreon|Protect
|move|p1a: Lady Gaga|Sludge Bomb|p2a: Umbreon
|-activate|p2a: Umbreon|Protect
|
|-heal|p2a: Umbreon|199\/394 psn|[from] move: Wish|[wisher] Umbreon
|-heal|p2a: Umbreon|223\/394 psn|[from] item: Leftovers
|-heal|p1a: Lady Gaga|365\/432|[from] item: Black Sludge
|-damage|p2a: Umbreon|174\/394 psn|[from] psn
|turn|19
|
|move|p2a: Umbreon|Wish|p2a: Umbreon
|move|p1a: Lady Gaga|Sludge Bomb|p2a: Umbreon
|-damage|p2a: Umbreon|117\/394 psn
|
|-heal|p2a: Umbreon|141\/394 psn|[from] item: Leftovers
|-heal|p1a: Lady Gaga|392\/432|[from] item: Black Sludge
|-damage|p2a: Umbreon|92\/394 psn|[from] psn
|turn|20
|
|move|p2a: Umbreon|Heal Bell|p2a: Umbreon
|-cureteam|p2a: Umbreon|[from] move: HealBell
|move|p1a: Lady Gaga|Foul Play|p2a: Umbreon
|-resisted|p2a: Umbreon
|-damage|p2a: Umbreon|76\/394
|
|-heal|p2a: Umbreon|273\/394|[from] move: Wish|[wisher] Umbreon
|-heal|p2a: Umbreon|297\/394|[from] item: Leftovers
|-heal|p1a: Lady Gaga|419\/432|[from] item: Black Sludge
|turn|21
|
|move|p2a: Umbreon|Wish|p2a: Umbreon
|move|p1a: Lady Gaga|Spore|p2a: Umbreon
|-status|p2a: Umbreon|slp
|
|-heal|p2a: Umbreon|321\/394 slp|[from] item: Leftovers
|-heal|p1a: Lady Gaga|432\/432|[from] item: Black Sludge
|turn|22
|
|switch|p2a: Entei|Entei, shiny|371\/371
|-damage|p2a: Entei|279\/371|[from] Stealth Rock
|-ability|p2a: Entei|Pressure
|switch|p1a: Quagsire|Quagsire, F|394\/394
|
|-heal|p2a: Entei|371\/371|[from] move: Wish|[wisher] Umbreon
|turn|23
|
|switch|p2a: Quagsire|Quagsire, F|319\/394
|-damage|p2a: Quagsire|295\/394|[from] Stealth Rock
|move|p1a: Quagsire|Scald|p2a: Quagsire
|-crit|p2a: Quagsire
|-damage|p2a: Quagsire|144\/394
|
|-heal|p2a: Quagsire|168\/394|[from] item: Leftovers
|turn|24
|
|switch|p1a: Lady Gaga|Amoonguss, F, shiny|432\/432
|move|p2a: Quagsire|Recover|p2a: Quagsire
|-heal|p2a: Quagsire|365\/394
|
|-heal|p2a: Quagsire|389\/394|[from] item: Leftovers
|turn|25
|
|switch|p2a: Entei|Entei, shiny|371\/371
|-damage|p2a: Entei|279\/371|[from] Stealth Rock
|-ability|p2a: Entei|Pressure
|move|p1a: Lady Gaga|Giga Drain|p2a: Entei
|-resisted|p2a: Entei
|-damage|p2a: Entei|255\/371
|
|turn|26
|
|switch|p1a: Ariana Grande|Gligar, M, shiny|315\/334
|move|p2a: Entei|Sacred Fire|p1a: Ariana Grande
|-damage|p1a: Ariana Grande|231\/334
|-status|p1a: Ariana Grande|brn
|
|-damage|p1a: Ariana Grande|190\/334 brn|[from] brn
|turn|27
|
|switch|p2a: Umbreon|Umbreon, F|321\/394 slp
|-damage|p2a: Umbreon|272\/394 slp|[from] Stealth Rock
|switch|p1a: âº|Suicune|404\/404
|-ability|p1a: âº|Pressure
|
|-heal|p2a: Umbreon|296\/394 slp|[from] item: Leftovers
|turn|28
|
|switch|p1a: Rob Ford|Snorlax, F, shiny|511\/511
|switch|p2a: Ampharos|Ampharos-Mega, M|195\/354
|-damage|p2a: Ampharos|151\/354|[from] Stealth Rock
|-ability|p2a: Ampharos|Mold Breaker
|
|turn|29
|
|move|p2a: Ampharos|Volt Switch|p1a: Rob Ford
|-damage|p1a: Rob Ford|397\/511
|
|switch|p2a: Mienshao|Mienshao, M|255\/271
|-damage|p2a: Mienshao|239\/271|[from] Stealth Rock
|move|p1a: Rob Ford|Body Slam|p2a: Mienshao
|-damage|p2a: Mienshao|79\/271
|-status|p2a: Mienshao|par
|
|-heal|p1a: Rob Ford|428\/511|[from] item: Leftovers
|turn|30
|
|switch|p1a: Ariana Grande|Gligar, M, shiny|190\/334 brn
|cant|p2a: Mienshao|par
|
|-damage|p1a: Ariana Grande|149\/334 brn|[from] brn
|turn|31
|c|âLunatone Fringe|lucky and fat
|
|move|p1a: Ariana Grande|Earthquake|p2a: Mienshao
|-damage|p2a: Mienshao|10\/271 par
|cant|p2a: Mienshao|par
|
|-damage|p1a: Ariana Grande|108\/334 brn|[from] brn
|turn|32
|c|âShaneee|nice and fat
|
|switch|p2a: Umbreon|Umbreon, F|296\/394 slp
|-damage|p2a: Umbreon|247\/394 slp|[from] Stealth Rock
|move|p1a: Ariana Grande|Earthquake|p2a: Umbreon
|-damage|p2a: Umbreon|201\/394 slp
|
|-heal|p2a: Umbreon|225\/394 slp|[from] item: Leftovers
|-damage|p1a: Ariana Grande|67\/334 brn|[from] brn
|turn|33
|
|move|p1a: Ariana Grande|Roost|p1a: Ariana Grande
|-heal|p1a: Ariana Grande|234\/334 brn
|cant|p2a: Umbreon|slp
|
|-heal|p2a: Umbreon|249\/394 slp|[from] item: Leftovers
|-damage|p1a: Ariana Grande|193\/334 brn|[from] brn
|turn|34
|
|switch|p1a: Rob Ford|Snorlax, F, shiny|428\/511
|-curestatus|p2a: Umbreon|slp
|move|p2a: Umbreon|Heal Bell|p2a: Umbreon
|-cureteam|p2a: Umbreon|[from] move: HealBell
|
|-heal|p2a: Umbreon|273\/394|[from] item: Leftovers
|-heal|p1a: Rob Ford|459\/511|[from] item: Leftovers
|turn|35
|-message|Lunatone Fringe forfeited.
|
|win|Shaneee
|raw|Ladder updating...
|raw|Shaneee's rating: 1638 &rarr; <strong>1646<\/strong><br \/>(+8 for winning)
|raw|Lunatone Fringe's rating: 1394 &rarr; <strong>1386<\/strong><br \/>(-8 for losing)
|leave|Shaneee
|player|p1