|join|Shaneee
|join|Meruu
|player|p1|Shaneee|83
|player|p2|Meruu|174
|gametype|singles
|gen|6
|tier|UU
|rated
|rule|Sleep Clause Mod: Limit one foe put to sleep
|rule|Species Clause: Limit one of each PokÃ©mon
|rule|OHKO Clause: OHKO moves are banned
|rule|Moody Clause: Moody is banned
|rule|Evasion Moves Clause: Evasion moves are banned
|rule|Endless Battle Clause: Forcing endless battles is banned
|rule|HP Percentage Mod: HP is shown in percentages
|clearpoke
|poke|p1|Suicune
|poke|p1|Florges, F, shiny
|poke|p1|Gligar, F, shiny
|poke|p1|Jirachi
|poke|p1|Darmanitan, F
|poke|p1|Snorlax, F
|poke|p2|Hippowdon, M
|poke|p2|Empoleon, F
|poke|p2|Chesnaught, M
|poke|p2|Stoutland, M
|poke|p2|Aerodactyl, F
|poke|p2|Sableye, M
|rule|Swagger Clause: Swagger is banned
|rule|Baton Pass Clause: Limit one PokÃ©mon knowing Baton Pass
|teampreview
|
|start
|switch|p1a: Born Sinner|Darmanitan, F|351\/351
|switch|p2a: Hippowdon|Hippowdon, M|420\/420
|-weather|Sandstorm
|turn|1
|join|Kitten Milk
|
|move|p1a: Born Sinner|U-turn|p2a: Hippowdon
|-damage|p2a: Hippowdon|322\/420
|
|switch|p1a: Ariana Grande|Gligar, F, shiny|334\/334
|move|p2a: Hippowdon|Stealth Rock|p1a: Ariana Grande
|-sidestart|p1: Shaneee|move: Stealth Rock
|
|-weather|Sandstorm|[upkeep]
|turn|2
|join|sniperaim
|
|switch|p2a: Sableye|Sableye, M|304\/304
|move|p1a: Ariana Grande|Defog|p2a: Sableye
|-unboost|p2a: Sableye|evasion|1
|-sideend|p1: Shaneee|Stealth Rock|[from] move: Defog|[of] p1a: Ariana Grande
|
|-weather|Sandstorm|[upkeep]
|-damage|p2a: Sableye|285\/304|[from] sandstorm
|-heal|p2a: Sableye|304\/304|[from] item: Leftovers
|turn|3
|join|UUST Happee
|
|switch|p1a: Florges|Florges, F, shiny|360\/360
|move|p2a: Sableye|Knock Off|p1a: Florges
|-resisted|p1a: Florges
|-damage|p1a: Florges|298\/360
|-enditem|p1a: Florges|Choice Specs|[from] move: Knock Off|[of] p2a: Sableye
|
|-weather|Sandstorm|[upkeep]
|-damage|p1a: Florges|276\/360|[from] sandstorm
|-damage|p2a: Sableye|285\/304|[from] sandstorm
|-heal|p2a: Sableye|304\/304|[from] item: Leftovers
|turn|4
|c|âMeruu|u w0t m8
|
|switch|p2a: Empoleon|Empoleon, F|372\/372
|move|p1a: Florges|Copycat|p1a: Florges
|move|p1a: Florges|Knock Off|p2a: Empoleon|[from]Copycat
|-damage|p2a: Empoleon|328\/372
|-enditem|p2a: Empoleon|Leftovers|[from] move: Knock Off|[of] p1a: Florges
|
|-weather|Sandstorm|[upkeep]
|-damage|p1a: Florges|254\/360|[from] sandstorm
|turn|5
|c|âMeruu|rood
|
|switch|p1a: Suicune|Suicune|404\/404
|-ability|p1a: Suicune|Pressure
|move|p2a: Empoleon|Scald|p1a: Suicune
|-resisted|p1a: Suicune
|-damage|p1a: Suicune|361\/404
|
|-weather|Sandstorm|[upkeep]
|-damage|p1a: Suicune|336\/404|[from] sandstorm
|-heal|p1a: Suicune|361\/404|[from] item: Leftovers
|turn|6
|
|move|p1a: Suicune|Scald|p2a: Empoleon
|-resisted|p2a: Empoleon
|-damage|p2a: Empoleon|292\/372
|move|p2a: Empoleon|Knock Off|p1a: Suicune
|-damage|p1a: Suicune|323\/404
|-enditem|p1a: Suicune|Leftovers|[from] move: Knock Off|[of] p2a: Empoleon
|
|-weather|Sandstorm|[upkeep]
|-damage|p1a: Suicune|298\/404|[from] sandstorm
|turn|7
|c| UUST Happee|:O
|
|move|p1a: Suicune|Scald|p2a: Empoleon
|-crit|p2a: Empoleon
|-resisted|p2a: Empoleon
|-damage|p2a: Empoleon|243\/372
|-status|p2a: Empoleon|brn
|move|p2a: Empoleon|Roar|p1a: Suicune
|drag|p1a: Born Sinner|Darmanitan, F|351\/351
|
|-weather|Sandstorm|[upkeep]
|-damage|p1a: Born Sinner|330\/351|[from] sandstorm
|-damage|p2a: Empoleon|197\/372 brn|[from] brn
|turn|8
|c| UUST Happee|he's Shaneee o3o
|
|switch|p2a: Aerodactyl|Aerodactyl, F|321\/321
|-ability|p2a: Aerodactyl|Pressure
|move|p1a: Born Sinner|Flare Blitz|p2a: Aerodactyl
|-resisted|p2a: Aerodactyl
|-damage|p2a: Aerodactyl|0 fnt
|-damage|p1a: Born Sinner|224\/351|[from] recoil|[of] p2a: Aerodactyl
|faint|p2a: Aerodactyl
|
|-weather|none
|c| UUST Happee|Like Happee \o3o\/
|c|âMeruu|LOL
|c|âMeruu|WOT
|c|âShaneee|lol
|
|switch|p2a: Hippowdon|Hippowdon, M|322\/420
|-weather|Sandstorm
|turn|9
|c|âMeruu|maero a shit
|c|+Kitten Milk|omg
|c|+Kitten Milk|copycat florges
|
|switch|p1a: Ariana Grande|Gligar, F, shiny|334\/334
|move|p2a: Hippowdon|Earthquake|p1a: Ariana Grande
|-immune|p1a: Ariana Grande|[msg]
|
|-weather|Sandstorm|[upkeep]
|turn|10
|c|+Kitten Milk|that's
|c|+Kitten Milk|what i did
|c|+Kitten Milk|three months ago
|c|+Kitten Milk|wtf
|
|switch|p2a: Chesnaught|Chesnaught, M|380\/380
|move|p1a: Ariana Grande|Earthquake|p2a: Chesnaught
|-resisted|p2a: Chesnaught
|-damage|p2a: Chesnaught|340\/380
|
|-weather|Sandstorm|[upkeep]
|-damage|p2a: Chesnaught|317\/380|[from] sandstorm
|-heal|p2a: Chesnaught|340\/380|[from] item: Leftovers
|turn|11
|c| UUST Happee|ew
|
|switch|p1a: Florges|Florges, F, shiny|254\/360
|switch|p2a: Stoutland|Stoutland, M|311\/311
|
|-weather|Sandstorm|[upkeep]
|-damage|p1a: Florges|232\/360|[from] sandstorm
|turn|12
|
|switch|p1a: Ariana Grande|Gligar, F, shiny|334\/334
|move|p2a: Stoutland|Frustration|p1a: Ariana Grande
|-damage|p1a: Ariana Grande|221\/334
|-damage|p2a: Stoutland|280\/311|[from] item: Life Orb
|
|-weather|Sandstorm|[upkeep]
|turn|13
|
|switch|p2a: Sableye|Sableye, M|304\/304
|move|p1a: Ariana Grande|Stealth Rock|p2a: Sableye
|-sidestart|p2: Meruu|move: Stealth Rock
|
|-weather|Sandstorm|[upkeep]
|-damage|p2a: Sableye|285\/304|[from] sandstorm
|-heal|p2a: Sableye|304\/304|[from] item: Leftovers
|turn|14
|
|switch|p1a: Florges|Florges, F, shiny|232\/360
|switch|p2a: Stoutland|Stoutland, M|280\/311
|-damage|p2a: Stoutland|242\/311|[from] Stealth Rock
|
|-weather|Sandstorm|[upkeep]
|-damage|p1a: Florges|210\/360|[from] sandstorm
|turn|15
|c|+Kitten Milk|ngl meru
|c|+Kitten Milk|you're getting slaughtered
|c|âMeruu|lol ya
|c|âMeruu|i told u
|c|âMeruu|sand sux
|c|+Kitten Milk|ya
|c|+Kitten Milk|gligar is
|
|switch|p1a: Like A Star â«|Jirachi|341\/341
|move|p2a: Stoutland|Frustration|p1a: Like A Star â«
|-resisted|p1a: Like A Star â«
|-damage|p1a: Like A Star â«|224\/341
|-damage|p2a: Stoutland|211\/311|[from] item: Life Orb
|
|-weather|Sandstorm|[upkeep]
|turn|16
|c|+Kitten Milk|rly popular now
|c|âMeruu|ya gligar is top tier
|c|+Kitten Milk|lmao
|c|âMeruu|tbh
|c|+Kitten Milk|this sand bug
|
|move|p2a: Stoutland|Fire Fang|p1a: Like A Star â«
|-supereffective|p1a: Like A Star â«
|-damage|p1a: Like A Star â«|16\/341
|-damage|p2a: Stoutland|180\/311|[from] item: Life Orb
|cant|p1a: Like A Star â«|flinch
|
|-weather|none
|turn|17
|c|+Kitten Milk|not
|c|+Kitten Milk|bad
|c|âMeruu|maybe if i put some
|
|switch|p2a: Hippowdon|Hippowdon, M|322\/420
|-damage|p2a: Hippowdon|296\/420|[from] Stealth Rock
|-weather|Sandstorm
|move|p1a: Like A Star â«|U-turn|p2a: Hippowdon
|-damage|p2a: Hippowdon|247\/420
|c|âMeruu|kyurem
|c|âMeruu|B)))))
|
|switch|p1a: Born Sinner|Darmanitan, F|224\/351
|
|-weather|Sandstorm|[upkeep]
|-damage|p1a: Born Sinner|203\/351|[from] sandstorm
|turn|18
|c|+Kitten Milk|i wnna try
|c|+Kitten Milk|mix kyurem
|c|+Kitten Milk|at some point
|
|move|p1a: Born Sinner|Flare Blitz|p2a: Hippowdon
|-damage|p2a: Hippowdon|0 fnt
|-damage|p1a: Born Sinner|121\/351|[from] recoil|[of] p2a: Hippowdon
|faint|p2a: Hippowdon
|
|-weather|Sandstorm|[upkeep]
|-damage|p1a: Born Sinner|100\/351|[from] sandstorm
|
|switch|p2a: Stoutland|Stoutland, M|180\/311
|-damage|p2a: Stoutland|142\/311|[from] Stealth Rock
|turn|19
|join|Some UU Nerd
|
|move|p2a: Stoutland|Pursuit|p1a: Born Sinner|[from]Pursuit
|-damage|p1a: Born Sinner|0 fnt
|-damage|p2a: Stoutland|111\/311|[from] item: Life Orb
|faint|p1a: Born Sinner
|
|-weather|Sandstorm|[upkeep]
|
|switch|p1a: Ariana Grande|Gligar, F, shiny|221\/334
|turn|20
|
|switch|p2a: Sableye|Sableye, M|304\/304
|-damage|p2a: Sableye|266\/304|[from] Stealth Rock
|move|p1a: Ariana Grande|Earthquake|p2a: Sableye
|-damage|p2a: Sableye|146\/304
|
|-weather|Sandstorm|[upkeep]
|-damage|p2a: Sableye|127\/304|[from] sandstorm
|-heal|p2a: Sableye|146\/304|[from] item: Leftovers
|turn|21
|
|switch|p1a: Florges|Florges, F, shiny|210\/360
|move|p2a: Sableye|Will-O-Wisp|p1a: Florges|[miss]
|-miss|p2a: Sableye|p1a: Florges
|
|-weather|Sandstorm|[upkeep]
|-damage|p1a: Florges|188\/360|[from] sandstorm
|-damage|p2a: Sableye|127\/304|[from] sandstorm
|-heal|p2a: Sableye|146\/304|[from] item: Leftovers
|turn|22
|c|âMeruu|ripp
|
|switch|p2a: Empoleon|Empoleon, F|197\/372 brn
|-damage|p2a: Empoleon|174\/372 brn|[from] Stealth Rock
|move|p1a: Florges|Moonblast|p2a: Empoleon
|-resisted|p2a: Empoleon
|-damage|p2a: Empoleon|112\/372 brn
|
|-weather|Sandstorm|[upkeep]
|-damage|p1a: Florges|166\/360|[from] sandstorm
|-damage|p2a: Empoleon|66\/372 brn|[from] brn
|turn|23
|
|move|p1a: Florges|Energy Ball|p2a: Empoleon
|-damage|p2a: Empoleon|0 fnt
|faint|p2a: Empoleon
|
|-weather|Sandstorm|[upkeep]
|-damage|p1a: Florges|144\/360|[from] sandstorm
|c|+Kitten Milk|wow
|
|switch|p2a: Stoutland|Stoutland, M|111\/311
|-damage|p2a: Stoutland|73\/311|[from] Stealth Rock
|turn|24
|c|+Kitten Milk|innovation
|c|âMeruu|lol
|join|I<3Magikarp
|
|switch|p1a: Rob Ford|Snorlax, F|524\/524
|move|p2a: Stoutland|Frustration|p1a: Rob Ford
|-damage|p1a: Rob Ford|199\/524
|-damage|p2a: Stoutland|42\/311|[from] item: Life Orb
|
|-weather|none
|-heal|p1a: Rob Ford|231\/524|[from] item: Leftovers
|turn|25
|join|Red Raptor
|c|+Kitten Milk|you should try
|c|+Kitten Milk|physical Lo hydra btw
|c|âMeruu|i needed
|c|+Kitten Milk|it's p cool
|c|âMeruu|that wow hit
|c|âMeruu|pew
|
|move|p2a: Stoutland|Frustration|p1a: Rob Ford
|-damage|p1a: Rob Ford|0 fnt
|-damage|p2a: Stoutland|11\/311|[from] item: Life Orb
|faint|p1a: Rob Ford
|
|
|switch|p1a: Like A Star â«|Jirachi|16\/341
|turn|26
|join|xMarth
|
|switch|p2a: Chesnaught|Chesnaught, M|340\/380
|-damage|p2a: Chesnaught|317\/380|[from] Stealth Rock
|move|p1a: Like A Star â«|U-turn|p2a: Chesnaught
|-damage|p2a: Chesnaught|257\/380
|join|Green Raptor
|
|switch|p1a: Florges|Florges, F, shiny|144\/360
|
|-heal|p2a: Chesnaught|280\/380|[from] item: Leftovers
|turn|27
|
|move|p1a: Florges|Moonblast|p2a: Chesnaught
|-supereffective|p2a: Chesnaught
|-damage|p2a: Chesnaught|8\/380
|move|p2a: Chesnaught|Wood Hammer|p1a: Florges
|-damage|p1a: Florges|0 fnt
|-damage|p2a: Chesnaught|0 fnt|[from] recoil|[of] p1a: Florges
|faint|p1a: Florges
|faint|p2a: Chesnaught
|
|c|âMeruu|rip u
|
|switch|p1a: Like A Star â«|Jirachi|16\/341
|switch|p2a: Sableye|Sableye, M|146\/304
|-damage|p2a: Sableye|108\/304|[from] Stealth Rock
|turn|28
|c|+Kitten Milk|i feel like
|c|+Kitten Milk|your team with
|c|+Kitten Milk|healing wish shaymin
|c|+Kitten Milk|is better
|c|âMeruu|ya
|c|âMeruu|u need the new life
|c|âMeruu|cuz every mon
|c|âMeruu|is so important
|c|+Kitten Milk|ya
|
|switch|p2a: Stoutland|Stoutland, M|11\/311
|-damage|p2a: Stoutland|0 fnt|[from] Stealth Rock
|faint|p2a: Stoutland
|move|p1a: Like A Star â«|Trick|p2: Stoutland|[notarget]
|-notarget
|
|c|+Kitten Milk|i've been using
|c|+Kitten Milk|scarf healingwish min
|c|+Kitten Milk|recently
|
|switch|p2a: Sableye|Sableye, M|108\/304
|-damage|p2a: Sableye|70\/304|[from] Stealth Rock
|turn|29
|c|+Kitten Milk|is very good
|
|move|p2a: Sableye|Taunt|p1a: Like A Star â«
|-start|p1a: Like A Star â«|move: Taunt
|cant|p1a: Like A Star â«|move: Taunt|Trick
|
|-heal|p2a: Sableye|89\/304|[from] item: Leftovers
|turn|30
|c|âMeruu|but
|c|âMeruu|sableye
|c|âMeruu|;)
|c|+Kitten Milk|^ _ ^
|
|switch|p1a: Ariana Grande|Gligar, F, shiny|221\/334
|move|p2a: Sableye|Recover|p2a: Sableye
|-heal|p2a: Sableye|241\/304
|
|-heal|p2a: Sableye|260\/304|[from] item: Leftovers
|turn|31
|c|âMeruu|pretty sure i
|c|âMeruu|win now
|c|+Kitten Milk|so kawaii,
|c|+Kitten Milk|i think it depends on
|
|move|p2a: Sableye|Taunt|p1a: Ariana Grande
|-start|p1a: Ariana Grande|move: Taunt
|move|p1a: Ariana Grande|Earthquake|p2a: Sableye
|-damage|p2a: Sableye|134\/304
|
|-heal|p2a: Sableye|153\/304|[from] item: Leftovers
|turn|32
|c|+Kitten Milk|cune burn
|c|+Kitten Milk|tbh
|c|âMeruu|not rly
|c|+Kitten Milk|he really should have
|c|+Kitten Milk|switched cune in first
|c|âMeruu|leave it up to the goblin
|
|move|p2a: Sableye|Recover|p2a: Sableye
|-heal|p2a: Sableye|304\/304
|move|p1a: Ariana Grande|Earthquake|p2a: Sableye
|-damage|p2a: Sableye|186\/304
|
|-heal|p2a: Sableye|205\/304|[from] item: Leftovers
|turn|33
|c|âMeruu|to go from 3-1 to 1-0
|c|+Kitten Milk|globlin #1
|c|âMeruu|sableye is that good
|c|âShaneee|gg
|-message|Shaneee forfeited.
|
|win|Meruu
|raw|Ladder updating...
|leave|Shaneee
|player|p1
|raw|Shaneee's rating: 1485 &rarr; <strong>1472<\/strong><br \/>(-13 for losing)
|raw|Meruu's rating: 1620 &rarr; <strong>1633<\/strong><br \/>(+13 for winning)
|c|âMeruu|:]
|c|+Kitten Milk|nb
|c| Green Raptor|mfw
|leave|UUST Happee
|leave|Kitten Milk
|leave|xMarth
|leave|sniperaim
|leave|I<3Magikarp
|leave|Meruu
|player|p2