|join|Arcavee
|join|Shaneee
|player|p1|Arcavee|2
|player|p2|Shaneee|102
|gametype|singles
|gen|6
|tier|UU
|rated
|rule|Sleep Clause Mod: Limit one foe put to sleep
|rule|Species Clause: Limit one of each Pokemon
|rule|OHKO Clause: OHKO moves are banned
|rule|Moody Clause: Moody is banned
|rule|Evasion Moves Clause: Evasion moves are banned
|rule|Endless Battle Clause: Forcing endless battles is banned.
|rule|HP Percentage Mod: HP is reported as percentages
|clearpoke
|poke|p1|Swampert, F
|poke|p1|Chesnaught, M
|poke|p1|Florges, F
|poke|p1|Empoleon, F
|poke|p1|Jolteon, F
|poke|p1|Lucario, M
|poke|p2|Darmanitan, M
|poke|p2|Heracross, F
|poke|p2|Gligar, F
|poke|p2|Snorlax, F
|poke|p2|Alakazam, F
|poke|p2|Lucario, F
|teampreview
|
|start
|switch|p1a: Swampert|Swampert, F|404\/404
|switch|p2a: Alakazam|Alakazam, F|252\/252
|turn|1
|
|switch|p1a: Florges|Florges, F|360\/360
|detailschange|p2a: Alakazam|Alakazam-Mega, F
|message|Alakazam has Mega Evolved into Mega Alakazam!
|-ability|p2a: Alakazam|Flower Veil|[from] ability: Trace|[of] p1a: Florges
|move|p2a: Alakazam|Psychic|p1a: Florges
|-damage|p1a: Florges|236\/360
|
|-heal|p1a: Florges|258\/360|[from] item: Leftovers
|turn|2
|
|move|p2a: Alakazam|Psyshock|p1a: Florges
|-damage|p1a: Florges|0 fnt
|faint|p1a: Florges
|
|
|switch|p1a: Jolteon|Jolteon, F|272\/272
|turn|3
|
|move|p2a: Alakazam|Psychic|p1a: Jolteon
|-crit|p1a: Jolteon
|-damage|p1a: Jolteon|0 fnt
|faint|p1a: Jolteon
|
|
|switch|p1a: Lucario|Lucario, M|281\/281
|turn|4
|
|move|p1a: Lucario|Extreme Speed|p2a: Alakazam
|-damage|p2a: Alakazam|64\/252
|-damage|p1a: Lucario|253\/281|[from] item: Life Orb
|move|p2a: Alakazam|Focus Blast|p1a: Lucario
|-supereffective|p1a: Lucario
|-damage|p1a: Lucario|0 fnt
|faint|p1a: Lucario
|
|
|switch|p1a: Empoleon|Empoleon, F|372\/372
|turn|5
|
|move|p2a: Alakazam|Focus Blast|p1a: Empoleon|[miss]
|-miss|p2a: Alakazam|p1a: Empoleon
|move|p1a: Empoleon|Scald|p2a: Alakazam
|-damage|p2a: Alakazam|0 fnt
|faint|p2a: Alakazam
|
|
|switch|p2a: Darmanitan|Darmanitan, M|352\/352
|turn|6
|
|move|p2a: Darmanitan|Flare Blitz|p1a: Empoleon
|-damage|p1a: Empoleon|0 fnt
|-damage|p2a: Darmanitan|229\/352|[from] recoil|[of] p1a: Empoleon
|faint|p1a: Empoleon
|
|
|switch|p1a: Swampert|Swampert, F|404\/404
|turn|7
|
|move|p2a: Darmanitan|Flare Blitz|p1a: Swampert
|-resisted|p1a: Swampert
|-damage|p1a: Swampert|213\/404
|-damage|p2a: Darmanitan|166\/352|[from] recoil|[of] p1a: Swampert
|move|p1a: Swampert|Waterfall|p2a: Darmanitan
|-supereffective|p2a: Darmanitan
|-damage|p2a: Darmanitan|0 fnt
|faint|p2a: Darmanitan
|
|-heal|p1a: Swampert|238\/404|[from] item: Leftovers
|
|switch|p2a: Heracross|Heracross, F|302\/302
|turn|8
|
|move|p2a: Heracross|Close Combat|p1a: Swampert
|-damage|p1a: Swampert|67\/404
|-unboost|p2a: Heracross|def|1
|-unboost|p2a: Heracross|spd|1
|move|p1a: Swampert|Waterfall|p2a: Heracross
|-damage|p2a: Heracross|0 fnt
|faint|p2a: Heracross
|
|-heal|p1a: Swampert|92\/404|[from] item: Leftovers
|
|switch|p2a: Lucario|Lucario, F|281\/281
|turn|9
|
|move|p2a: Lucario|Close Combat|p1a: Swampert
|-crit|p1a: Swampert
|-damage|p1a: Swampert|0 fnt
|-unboost|p2a: Lucario|def|1
|-unboost|p2a: Lucario|spd|1
|-damage|p2a: Lucario|253\/281|[from] item: Life Orb
|faint|p1a: Swampert
|
|
|switch|p1a: Chesnaught|Chesnaught, M|380\/380
|turn|10
|
|switch|p2a: Snorlax|Snorlax, F|524\/524
|move|p1a: Chesnaught|Hammer Arm|p2a: Snorlax
|-supereffective|p2a: Snorlax
|-damage|p2a: Snorlax|176\/524
|-unboost|p1a: Chesnaught|spe|1
|
|-heal|p2a: Snorlax|208\/524|[from] item: Leftovers
|turn|11
|
|switch|p2a: Gligar|Gligar, F|334\/334
|move|p1a: Chesnaught|Hammer Arm|p2a: Gligar
|-resisted|p2a: Gligar
|-damage|p2a: Gligar|306\/334
|-unboost|p1a: Chesnaught|spe|1
|
|turn|12
|
|move|p2a: Gligar|U-turn|p1a: Chesnaught
|-damage|p1a: Chesnaught|350\/380
|
|switch|p2a: Snorlax|Snorlax, F|208\/524
|move|p1a: Chesnaught|Toxic|p2a: Snorlax
|-status|p2a: Snorlax|tox
|
|-heal|p2a: Snorlax|240\/524 tox|[from] item: Leftovers
|-heal|p1a: Chesnaught|373\/380|[from] item: Leftovers
|-damage|p2a: Snorlax|208\/524 tox|[from] psn
|turn|13
|
|move|p2a: Snorlax|Frustration|p1a: Chesnaught
|-damage|p1a: Chesnaught|285\/380
|move|p1a: Chesnaught|Hammer Arm|p2a: Snorlax
|-supereffective|p2a: Snorlax
|-damage|p2a: Snorlax|0 fnt
|-unboost|p1a: Chesnaught|spe|1
|faint|p2a: Snorlax
|
|-heal|p1a: Chesnaught|308\/380|[from] item: Leftovers
|
|switch|p2a: Lucario|Lucario, F|253\/281
|turn|14
|
|move|p2a: Lucario|Close Combat|p1a: Chesnaught
|-damage|p1a: Chesnaught|147\/380
|-unboost|p2a: Lucario|def|1
|-unboost|p2a: Lucario|spd|1
|-damage|p2a: Lucario|225\/281|[from] item: Life Orb
|move|p1a: Chesnaught|Hammer Arm|p2a: Lucario
|-supereffective|p2a: Lucario
|-damage|p2a: Lucario|0 fnt
|-unboost|p1a: Chesnaught|spe|1
|faint|p2a: Lucario
|
|-heal|p1a: Chesnaught|170\/380|[from] item: Leftovers
|
|switch|p2a: Gligar|Gligar, F|306\/334
|turn|15
|
|move|p2a: Gligar|U-turn|p1a: Chesnaught
|-damage|p1a: Chesnaught|140\/380
|move|p1a: Chesnaught|Toxic|p2a: Gligar
|-status|p2a: Gligar|tox
|
|-heal|p1a: Chesnaught|163\/380|[from] item: Leftovers
|-damage|p2a: Gligar|286\/334 tox|[from] psn
|turn|16
|
|move|p2a: Gligar|U-turn|p1a: Chesnaught
|-damage|p1a: Chesnaught|137\/380
|move|p1a: Chesnaught|Seed Bomb|p2a: Gligar
|-damage|p2a: Gligar|238\/334 tox
|
|-heal|p1a: Chesnaught|160\/380|[from] item: Leftovers
|-damage|p2a: Gligar|198\/334 tox|[from] psn
|turn|17
|
|move|p2a: Gligar|U-turn|p1a: Chesnaught
|-damage|p1a: Chesnaught|131\/380
|move|p1a: Chesnaught|Seed Bomb|p2a: Gligar
|-damage|p2a: Gligar|149\/334 tox
|
|-heal|p1a: Chesnaught|154\/380|[from] item: Leftovers
|-damage|p2a: Gligar|89\/334 tox|[from] psn
|turn|18
|-message|Shaneee forfeited.
|
|win|Arcavee
|raw|Ladder updating...
|raw|Arcavee's rating: 1391 &rarr; <strong>1418<\/strong><br \/>(+27 for winning)
|raw|Shaneee's rating: 1520 &rarr; <strong>1493<\/strong><br \/>(-27 for losing)
|leave|Shaneee
|player|p2