|join|Denarianlord
|join|Shaneee
|player|p1|Denarianlord|34
|player|p2|Shaneee|244
|gametype|singles
|gen|6
|tier|UU
|rated
|rule|Sleep Clause Mod: Limit one foe put to sleep
|rule|Species Clause: Limit one of each Pokemon
|rule|OHKO Clause: OHKO moves are banned
|rule|Moody Clause: Moody is banned
|rule|Evasion Moves Clause: Evasion moves are banned
|rule|Endless Battle Clause: Forcing endless battles is banned.
|rule|HP Percentage Mod: HP is reported as percentages
|clearpoke
|poke|p1|Lucario, F
|poke|p1|Victini
|poke|p1|Accelgor, M
|poke|p1|Blastoise, M
|poke|p1|Darmanitan, F
|poke|p1|Goodra, F
|poke|p2|Heracross, F
|poke|p2|Snorlax, F, shiny
|poke|p2|Gligar, F, shiny
|poke|p2|Slowbro, F, shiny
|poke|p2|Darmanitan, F
|poke|p2|Celebi
|teampreview
|
|start
|switch|p1a: Accelgor|Accelgor, M|364\/364
|switch|p2a: Slowbro|Slowbro, F, shiny|394\/394
|turn|1
|
|switch|p2a: Snorlax|Snorlax, F, shiny|524\/524
|move|p1a: Accelgor|Final Gambit|p2a: Snorlax
|-damage|p2a: Snorlax|160\/524
|faint|p1a: Accelgor
|
|-heal|p2a: Snorlax|192\/524|[from] item: Leftovers
|
|switch|p1a: Victini|Victini|404\/404
|turn|2
|
|switch|p2a: Slowbro|Slowbro, F, shiny|394\/394
|move|p1a: Victini|Final Gambit|p2a: Slowbro
|-damage|p2a: Slowbro|0 fnt
|faint|p2a: Slowbro
|faint|p1a: Victini
|
|
|switch|p1a: Lucario|Lucario, F|344\/344
|switch|p2a: Gligar|Gligar, F, shiny|334\/334
|turn|3
|
|move|p1a: Lucario|Final Gambit|p2a: Gligar
|-damage|p2a: Gligar|0 fnt
|faint|p2a: Gligar
|faint|p1a: Lucario
|
|chat|Shaneee|-.-
|chat|Denarianlord|this team, so trolly :p
|
|switch|p1a: Darmanitan|Darmanitan, F|351\/351
|switch|p2a: Darmanitan|Darmanitan, F|351\/351
|turn|4
|
|switch|p2a: Snorlax|Snorlax, F, shiny|192\/524
|move|p1a: Darmanitan|Earthquake|p2a: Snorlax
|-damage|p2a: Snorlax|27\/524
|
|-heal|p2a: Snorlax|59\/524|[from] item: Leftovers
|turn|5
|
|switch|p2a: Celebi|Celebi|342\/342
|move|p1a: Darmanitan|Earthquake|p2a: Celebi
|-resisted|p2a: Celebi
|-damage|p2a: Celebi|281\/342
|
|-heal|p2a: Celebi|302\/342|[from] item: Leftovers
|turn|6
|
|switch|p1a: Goodra|Goodra, F|384\/384
|move|p2a: Celebi|Giga Drain|p1a: Goodra
|-resisted|p1a: Goodra
|-damage|p1a: Goodra|360\/384
|-heal|p2a: Celebi|314\/342|[from] drain|[of] p1a: Goodra
|
|-heal|p2a: Celebi|335\/342|[from] item: Leftovers
|turn|7
|
|move|p2a: Celebi|Nasty Plot|p2a: Celebi
|-boost|p2a: Celebi|spa|2
|move|p1a: Goodra|Sludge Wave|p2a: Celebi
|-supereffective|p2a: Celebi
|-damage|p2a: Celebi|111\/342
|
|-heal|p2a: Celebi|132\/342|[from] item: Leftovers
|turn|8
|
|move|p2a: Celebi|Psychic|p1a: Goodra
|-damage|p1a: Goodra|228\/384
|move|p1a: Goodra|Sludge Wave|p2a: Celebi
|-supereffective|p2a: Celebi
|-damage|p2a: Celebi|0 fnt
|faint|p2a: Celebi
|
|
|switch|p2a: Heracross|Heracross, F|302\/302
|turn|9
|chat|Denarianlord|love goodra <3
|
|move|p2a: Heracross|Close Combat|p1a: Goodra
|-damage|p1a: Goodra|0 fnt
|-unboost|p2a: Heracross|spe|1
|-unboost|p2a: Heracross|def|1
|-unboost|p2a: Heracross|spd|1
|faint|p1a: Goodra
|-boost|p2a: Heracross|atk|1|[from] ability: Moxie
|
|
|switch|p1a: Blastoise|Blastoise, M|362\/362
|turn|10
|
|switch|p2a: Snorlax|Snorlax, F, shiny|59\/524
|detailschange|p1a: Blastoise|Blastoise-Mega, M
|message|Blastoise has Mega Evolved into Mega Blastoise!
|move|p1a: Blastoise|Water Pulse|p2a: Snorlax
|-damage|p2a: Snorlax|0 fnt
|faint|p2a: Snorlax
|
|
|switch|p2a: Darmanitan|Darmanitan, F|351\/351
|turn|11
|
|move|p2a: Darmanitan|Flare Blitz|p1a: Blastoise
|-resisted|p1a: Blastoise
|-damage|p1a: Blastoise|170\/362
|-damage|p2a: Darmanitan|288\/351|[from] recoil|[of] p1a: Blastoise
|move|p1a: Blastoise|Water Pulse|p2a: Darmanitan
|-supereffective|p2a: Darmanitan
|-damage|p2a: Darmanitan|0 fnt
|faint|p2a: Darmanitan
|
|
|switch|p2a: Heracross|Heracross, F|302\/302
|turn|12
|
|move|p2a: Heracross|Close Combat|p1a: Blastoise
|-crit|p1a: Blastoise
|-damage|p1a: Blastoise|0 fnt
|-unboost|p2a: Heracross|def|1
|-unboost|p2a: Heracross|spd|1
|faint|p1a: Blastoise
|-boost|p2a: Heracross|atk|1|[from] ability: Moxie
|
|
|switch|p1a: Darmanitan|Darmanitan, F|351\/351
|turn|13
|
|move|p1a: Darmanitan|Flare Blitz|p2a: Heracross
|-supereffective|p2a: Heracross
|-damage|p2a: Heracross|0 fnt
|-damage|p1a: Darmanitan|251\/351|[from] recoil|[of] p2a: Heracross
|faint|p2a: Heracross
|
|win|Denarianlord
|raw|Ladder updating...
|raw|Denarianlord's rating: 1415 &rarr; <strong>1442<\/strong><br \/>(+27 for winning)
|raw|Shaneee's rating: 1530 &rarr; <strong>1503<\/strong><br \/>(-27 for losing)
|chat|Denarianlord|gg
|chat|Shaneee|g
|chat|Shaneee|g
|leave|Shaneee
|player|p2