|join|Shaneee
|join|Lighthouses.
|player|p1|Shaneee|170
|player|p2|Lighthouses.|171
|gametype|singles
|gen|6
|tier|UU
|rated
|rule|Sleep Clause Mod: Limit one foe put to sleep
|rule|Species Clause: Limit one of each PokÃ©mon
|rule|OHKO Clause: OHKO moves are banned
|rule|Moody Clause: Moody is banned
|rule|Evasion Moves Clause: Evasion moves are banned
|rule|Endless Battle Clause: Forcing endless battles is banned
|rule|HP Percentage Mod: HP is reported as percentages
|clearpoke
|poke|p1|Darmanitan, F
|poke|p1|Snorlax, M
|poke|p1|Gligar, M
|poke|p1|Heracross, M
|poke|p1|Roserade, M
|poke|p1|Suicune
|poke|p2|Jirachi
|poke|p2|Florges, F
|poke|p2|Crobat, M
|poke|p2|Chesnaught, M
|poke|p2|Suicune
|poke|p2|Krookodile, M
|rule|Swagger Clause: Swagger is banned
|rule|Baton Pass Clause: Limit one PokÃ©mon knowing Baton Pass
|teampreview
|
|start
|switch|p1a: Heracross|Heracross, M|302\/302
|switch|p2a: Krookodile|Krookodile, M|394\/394
|-ability|p2a: Krookodile|Intimidate|[of] p1a: Heracross
|-unboost|p1a: Heracross|atk|1
|turn|1
|
|switch|p2a: Suicune|Suicune|404\/404
|-ability|p2a: Suicune|Pressure
|move|p1a: Heracross|Megahorn|p2a: Suicune
|-damage|p2a: Suicune|311\/404
|
|-heal|p2a: Suicune|336\/404|[from] item: Leftovers
|turn|2
|
|switch|p1a: Roserade|Roserade, M|261\/261
|switch|p2a: Crobat|Crobat, M|353\/353
|
|turn|3
|
|switch|p1a: Gligar|Gligar, M|334\/334
|move|p2a: Crobat|U-turn|p1a: Gligar
|-resisted|p1a: Gligar
|-damage|p1a: Gligar|320\/334
|
|switch|p2a: Krookodile|Krookodile, M|394\/394
|-ability|p2a: Krookodile|Intimidate|[of] p1a: Gligar
|-unboost|p1a: Gligar|atk|1
|
|turn|4
|
|move|p2a: Krookodile|Knock Off|p1a: Gligar
|-damage|p1a: Gligar|254\/334
|-enditem|p1a: Gligar|Eviolite|[from] move: Knock Off|[of] p2a: Krookodile
|move|p1a: Gligar|Stealth Rock|p2a: Krookodile
|-sidestart|p2: Lighthouses.|move: Stealth Rock
|
|turn|5
|
|move|p2a: Krookodile|Knock Off|p1a: Gligar
|-damage|p1a: Gligar|190\/334
|move|p1a: Gligar|U-turn|p2a: Krookodile
|-supereffective|p2a: Krookodile
|-damage|p2a: Krookodile|344\/394
|
|switch|p1a: Roserade|Roserade, M|261\/261
|
|-heal|p2a: Krookodile|368\/394|[from] item: Leftovers
|turn|6
|
|move|p1a: Roserade|Sludge Bomb|p2a: Krookodile
|-resisted|p2a: Krookodile
|-damage|p2a: Krookodile|200\/394
|move|p2a: Krookodile|Taunt|p1a: Roserade
|-start|p1a: Roserade|move: Taunt
|
|-heal|p2a: Krookodile|224\/394|[from] item: Leftovers
|turn|7
|
|switch|p1a: Gligar|Gligar, M|190\/334
|switch|p2a: Jirachi|Jirachi|341\/341
|-damage|p2a: Jirachi|320\/341|[from] Stealth Rock
|
|turn|8
|
|switch|p2a: Chesnaught|Chesnaught, M|380\/380
|-damage|p2a: Chesnaught|357\/380|[from] Stealth Rock
|move|p1a: Gligar|Roost|p1a: Gligar
|-heal|p1a: Gligar|334\/334
|
|-heal|p2a: Chesnaught|380\/380|[from] item: Leftovers
|turn|9
|
|switch|p2a: Crobat|Crobat, M|353\/353
|-damage|p2a: Crobat|265\/353|[from] Stealth Rock
|move|p1a: Gligar|U-turn|p2a: Crobat
|-resisted|p2a: Crobat
|-damage|p2a: Crobat|251\/353
|
|switch|p1a: Heracross|Heracross, M|302\/302
|
|-heal|p2a: Crobat|273\/353|[from] item: Black Sludge
|turn|10
|
|switch|p2a: Jirachi|Jirachi|320\/341
|-damage|p2a: Jirachi|299\/341|[from] Stealth Rock
|move|p1a: Heracross|Stone Edge|p2a: Jirachi
|-crit|p2a: Jirachi
|-resisted|p2a: Jirachi
|-damage|p2a: Jirachi|205\/341
|
|turn|11
|
|switch|p1a: Suicune|Suicune|404\/404
|-ability|p1a: Suicune|Pressure
|switch|p2a: Florges|Florges, F|360\/360
|-damage|p2a: Florges|315\/360|[from] Stealth Rock
|
|-heal|p2a: Florges|337\/360|[from] item: Leftovers
|turn|12
|
|move|p1a: Suicune|Scald|p2a: Florges
|-damage|p2a: Florges|292\/360
|move|p2a: Florges|Wish|p2a: Florges
|
|-heal|p2a: Florges|314\/360|[from] item: Leftovers
|turn|13
|
|switch|p2a: Jirachi|Jirachi|205\/341
|-damage|p2a: Jirachi|184\/341|[from] Stealth Rock
|move|p1a: Suicune|Calm Mind|p1a: Suicune
|-boost|p1a: Suicune|spa|1
|-boost|p1a: Suicune|spd|1
|
|-heal|p2a: Jirachi|341\/341|[from] move: Wish|[wisher] Florges
|turn|14
|
|move|p2a: Jirachi|Calm Mind|p2a: Jirachi
|-boost|p2a: Jirachi|spa|1
|-boost|p2a: Jirachi|spd|1
|move|p1a: Suicune|Scald|p2a: Jirachi
|-damage|p2a: Jirachi|262\/341
|
|turn|15
|
|move|p2a: Jirachi|Thunderbolt|p1a: Suicune
|-supereffective|p1a: Suicune
|-damage|p1a: Suicune|183\/404
|-status|p1a: Suicune|par
|-damage|p2a: Jirachi|228\/341|[from] item: Life Orb
|move|p1a: Suicune|Scald|p2a: Jirachi
|-damage|p2a: Jirachi|140\/341
|-status|p2a: Jirachi|brn
|
|-heal|p1a: Suicune|208\/404 par|[from] item: Leftovers
|-damage|p2a: Jirachi|98\/341 brn|[from] brn
|turn|16
|
|switch|p2a: Florges|Florges, F|314\/360
|-damage|p2a: Florges|269\/360|[from] Stealth Rock
|switch|p1a: Roserade|Roserade, M|261\/261
|
|-heal|p2a: Florges|291\/360|[from] item: Leftovers
|turn|17
|
|move|p1a: Roserade|Leaf Storm|p2a: Florges
|-damage|p2a: Florges|104\/360
|-unboost|p1a: Roserade|spa|2
|move|p2a: Florges|Wish|p2a: Florges
|
|-heal|p2a: Florges|126\/360|[from] item: Leftovers
|turn|18
|
|switch|p1a: Darmanitan|Darmanitan, F|351\/351
|move|p2a: Florges|Moonblast|p1a: Darmanitan
|-resisted|p1a: Darmanitan
|-damage|p1a: Darmanitan|258\/351
|
|-heal|p2a: Florges|306\/360|[from] move: Wish|[wisher] Florges
|-heal|p2a: Florges|328\/360|[from] item: Leftovers
|turn|19
|
|move|p2a: Florges|Protect|p2a: Florges
|-singleturn|p2a: Florges|Protect
|move|p1a: Darmanitan|Flare Blitz|p2a: Florges
|-activate|p2a: Florges|Protect
|
|-heal|p2a: Florges|350\/360|[from] item: Leftovers
|turn|20
|
|switch|p2a: Suicune|Suicune|336\/404
|-damage|p2a: Suicune|286\/404|[from] Stealth Rock
|-ability|p2a: Suicune|Pressure
|move|p1a: Darmanitan|Flare Blitz|p2a: Suicune
|-resisted|p2a: Suicune
|-damage|p2a: Suicune|119\/404
|-damage|p1a: Darmanitan|203\/351|[from] recoil|[of] p2a: Suicune
|
|-heal|p2a: Suicune|144\/404|[from] item: Leftovers
|turn|21
|chat|Lighthouses.|;-;
|
|switch|p2a: Krookodile|Krookodile, M|224\/394
|-damage|p2a: Krookodile|200\/394|[from] Stealth Rock
|-ability|p2a: Krookodile|Intimidate|[of] p1a: Darmanitan
|-unboost|p1a: Darmanitan|atk|1
|move|p1a: Darmanitan|Flare Blitz|p2a: Krookodile
|-damage|p2a: Krookodile|0 fnt
|-damage|p1a: Darmanitan|137\/351|[from] recoil|[of] p2a: Krookodile
|faint|p2a: Krookodile
|
|
|switch|p2a: Suicune|Suicune|144\/404
|-damage|p2a: Suicune|94\/404|[from] Stealth Rock
|-ability|p2a: Suicune|Pressure
|turn|22
|
|move|p1a: Darmanitan|Flare Blitz|p2a: Suicune
|-resisted|p2a: Suicune
|-damage|p2a: Suicune|0 fnt
|-damage|p1a: Darmanitan|106\/351|[from] recoil|[of] p2a: Suicune
|faint|p2a: Suicune
|
|
|switch|p2a: Crobat|Crobat, M|273\/353
|-damage|p2a: Crobat|185\/353|[from] Stealth Rock
|turn|23
|
|switch|p1a: Gligar|Gligar, M|334\/334
|move|p2a: Crobat|Brave Bird|p1a: Gligar
|-damage|p1a: Gligar|235\/334
|-damage|p2a: Crobat|152\/353|[from] recoil|[of] p1a: Gligar
|
|-heal|p2a: Crobat|174\/353|[from] item: Black Sludge
|turn|24
|
|move|p2a: Crobat|Defog|p1a: Gligar
|-unboost|p1a: Gligar|evasion|1
|-sideend|p2: Lighthouses.|Stealth Rock|[from] move: Defog|[of] p2a: Crobat
|move|p1a: Gligar|U-turn|p2a: Crobat
|-crit|p2a: Crobat
|-resisted|p2a: Crobat
|-damage|p2a: Crobat|156\/353
|
|switch|p1a: Heracross|Heracross, M|302\/302
|
|-heal|p2a: Crobat|178\/353|[from] item: Black Sludge
|turn|25
|
|switch|p2a: Chesnaught|Chesnaught, M|380\/380
|move|p1a: Heracross|Stone Edge|p2a: Chesnaught
|-resisted|p2a: Chesnaught
|-damage|p2a: Chesnaught|344\/380
|
|-heal|p2a: Chesnaught|367\/380|[from] item: Leftovers
|turn|26
|
|switch|p1a: Roserade|Roserade, M|261\/261
|switch|p2a: Crobat|Crobat, M|178\/353
|
|-heal|p2a: Crobat|200\/353|[from] item: Black Sludge
|turn|27
|
|switch|p1a: Suicune|Suicune|208\/404 par
|-ability|p1a: Suicune|Pressure
|move|p2a: Crobat|Brave Bird|p1a: Suicune
|-damage|p1a: Suicune|108\/404 par
|-damage|p2a: Crobat|167\/353|[from] recoil|[of] p1a: Suicune
|
|-heal|p2a: Crobat|189\/353|[from] item: Black Sludge
|-heal|p1a: Suicune|133\/404 par|[from] item: Leftovers
|turn|28
|
|move|p2a: Crobat|Roost|p2a: Crobat
|-heal|p2a: Crobat|353\/353
|move|p1a: Suicune|Scald|p2a: Crobat
|-damage|p2a: Crobat|247\/353
|
|-heal|p2a: Crobat|269\/353|[from] item: Black Sludge
|-heal|p1a: Suicune|158\/404 par|[from] item: Leftovers
|turn|29
|
|switch|p2a: Chesnaught|Chesnaught, M|367\/380
|move|p1a: Suicune|Scald|p2a: Chesnaught
|-resisted|p2a: Chesnaught
|-damage|p2a: Chesnaught|307\/380
|-status|p2a: Chesnaught|brn
|
|-heal|p2a: Chesnaught|330\/380 brn|[from] item: Leftovers
|-heal|p1a: Suicune|183\/404 par|[from] item: Leftovers
|-damage|p2a: Chesnaught|283\/380 brn|[from] brn
|turn|30
|
|move|p2a: Chesnaught|Leech Seed|p1a: Suicune
|-start|p1a: Suicune|move: Leech Seed
|cant|p1a: Suicune|par
|
|-heal|p2a: Chesnaught|306\/380 brn|[from] item: Leftovers
|-heal|p1a: Suicune|208\/404 par|[from] item: Leftovers
|-damage|p1a: Suicune|158\/404 par|[from] Leech Seed|[of] p2a: Chesnaught
|-heal|p2a: Chesnaught|356\/380 brn|[silent]
|-damage|p2a: Chesnaught|309\/380 brn|[from] brn
|turn|31
|
|switch|p2a: Florges|Florges, F|350\/360
|switch|p1a: Roserade|Roserade, M|261\/261
|
|-heal|p2a: Florges|360\/360|[from] item: Leftovers
|turn|32
|
|move|p2a: Florges|Protect|p2a: Florges
|-singleturn|p2a: Florges|Protect
|move|p1a: Roserade|Sludge Bomb|p2a: Florges
|-activate|p2a: Florges|Protect
|
|turn|33
|
|switch|p1a: Darmanitan|Darmanitan, F|106\/351
|move|p2a: Florges|Aromatherapy|p2a: Florges
|-cureteam|p2a: Florges|[from] move: Aromatherapy
|
|turn|34
|
|move|p1a: Darmanitan|Flare Blitz|p2a: Florges
|-damage|p2a: Florges|0 fnt
|-damage|p1a: Darmanitan|0 fnt|[from] recoil|[of] p2a: Florges
|faint|p2a: Florges
|faint|p1a: Darmanitan
|
|
|switch|p1a: Heracross|Heracross, M|302\/302
|switch|p2a: Chesnaught|Chesnaught, M|309\/380
|turn|35
|
|move|p2a: Chesnaught|Spiky Shield|p2a: Chesnaught
|-singleturn|p2a: Chesnaught|move: Protect
|move|p1a: Heracross|Megahorn|p2a: Chesnaught
|-activate|p2a: Chesnaught|move: Protect
|-damage|p1a: Heracross|265\/302|[from] Spiky Shield|[of] p2a: Chesnaught
|
|-heal|p2a: Chesnaught|332\/380|[from] item: Leftovers
|turn|36
|
|move|p1a: Heracross|Megahorn|p2a: Chesnaught
|-damage|p2a: Chesnaught|206\/380
|move|p2a: Chesnaught|Leech Seed|p1a: Heracross
|-start|p1a: Heracross|move: Leech Seed
|
|-heal|p2a: Chesnaught|229\/380|[from] item: Leftovers
|-damage|p1a: Heracross|228\/302|[from] Leech Seed|[of] p2a: Chesnaught
|-heal|p2a: Chesnaught|266\/380|[silent]
|turn|37
|
|switch|p1a: Roserade|Roserade, M|261\/261
|switch|p2a: Crobat|Crobat, M|269\/353
|
|-heal|p2a: Crobat|291\/353|[from] item: Black Sludge
|turn|38
|
|switch|p1a: Gligar|Gligar, M|235\/334
|move|p2a: Crobat|U-turn|p1a: Gligar
|-resisted|p1a: Gligar
|-damage|p1a: Gligar|217\/334
|
|switch|p2a: Chesnaught|Chesnaught, M|266\/380
|
|-heal|p2a: Chesnaught|289\/380|[from] item: Leftovers
|turn|39
|
|move|p2a: Chesnaught|Spiky Shield|p2a: Chesnaught
|-singleturn|p2a: Chesnaught|move: Protect
|move|p1a: Gligar|Stealth Rock|p2a: Chesnaught
|-sidestart|p2: Lighthouses.|move: Stealth Rock
|
|-heal|p2a: Chesnaught|312\/380|[from] item: Leftovers
|turn|40
|
|move|p1a: Gligar|U-turn|p2a: Chesnaught
|-damage|p2a: Chesnaught|284\/380
|
|switch|p1a: Roserade|Roserade, M|261\/261
|move|p2a: Chesnaught|Wood Hammer|p1a: Roserade
|-resisted|p1a: Roserade
|-damage|p1a: Roserade|207\/261
|-damage|p2a: Chesnaught|266\/380|[from] recoil|[of] p1a: Roserade
|
|-heal|p2a: Chesnaught|289\/380|[from] item: Leftovers
|turn|41
|
|move|p2a: Chesnaught|Spiky Shield|p2a: Chesnaught
|-singleturn|p2a: Chesnaught|move: Protect
|move|p1a: Roserade|Hidden Power|p2a: Chesnaught
|-activate|p2a: Chesnaught|move: Protect
|
|-heal|p2a: Chesnaught|312\/380|[from] item: Leftovers
|turn|42
|
|switch|p2a: Crobat|Crobat, M|291\/353
|-damage|p2a: Crobat|203\/353|[from] Stealth Rock
|move|p1a: Roserade|Hidden Power|p2a: Crobat
|-damage|p2a: Crobat|75\/353
|
|-heal|p2a: Crobat|97\/353|[from] item: Black Sludge
|turn|43
|
|switch|p1a: Rob Ford|Snorlax, M|524\/524
|move|p2a: Crobat|Roost|p2a: Crobat
|-heal|p2a: Crobat|274\/353
|
|-heal|p2a: Crobat|296\/353|[from] item: Black Sludge
|turn|44
|
|switch|p2a: Chesnaught|Chesnaught, M|312\/380
|-damage|p2a: Chesnaught|289\/380|[from] Stealth Rock
|move|p1a: Rob Ford|Curse|p1a: Rob Ford
|-boost|p1a: Rob Ford|atk|1
|-boost|p1a: Rob Ford|def|1
|-unboost|p1a: Rob Ford|spe|1
|
|-heal|p2a: Chesnaught|312\/380|[from] item: Leftovers
|turn|45
|
|move|p2a: Chesnaught|Leech Seed|p1a: Rob Ford
|-start|p1a: Rob Ford|move: Leech Seed
|move|p1a: Rob Ford|Curse|p1a: Rob Ford
|-boost|p1a: Rob Ford|atk|1
|-boost|p1a: Rob Ford|def|1
|-unboost|p1a: Rob Ford|spe|1
|
|-heal|p2a: Chesnaught|335\/380|[from] item: Leftovers
|-damage|p1a: Rob Ford|459\/524|[from] Leech Seed|[of] p2a: Chesnaught
|-heal|p2a: Chesnaught|380\/380|[silent]
|turn|46
|
|move|p2a: Chesnaught|Hammer Arm|p1a: Rob Ford
|-supereffective|p1a: Rob Ford
|-damage|p1a: Rob Ford|295\/524
|-unboost|p2a: Chesnaught|spe|1
|move|p1a: Rob Ford|Curse|p1a: Rob Ford
|-boost|p1a: Rob Ford|atk|1
|-boost|p1a: Rob Ford|def|1
|-unboost|p1a: Rob Ford|spe|1
|
|-heal|p1a: Rob Ford|327\/524|[from] item: Leftovers
|-damage|p1a: Rob Ford|262\/524|[from] Leech Seed|[of] p2a: Chesnaught
|turn|47
|
|switch|p2a: Jirachi|Jirachi|98\/341
|-damage|p2a: Jirachi|77\/341|[from] Stealth Rock
|move|p1a: Rob Ford|Rest|p1a: Rob Ford
|-status|p1a: Rob Ford|slp
|-heal|p1a: Rob Ford|524\/524 slp|[silent]
|-status|p1a: Rob Ford|slp|[from] move: Rest
|
|-damage|p1a: Rob Ford|459\/524 slp|[from] Leech Seed|[of] p2a: Jirachi
|-heal|p2a: Jirachi|142\/341|[silent]
|turn|48
|
|switch|p1a: Roserade|Roserade, M|207\/261
|move|p2a: Jirachi|Calm Mind|p2a: Jirachi
|-boost|p2a: Jirachi|spa|1
|-boost|p2a: Jirachi|spd|1
|
|turn|49
|
|move|p2a: Jirachi|Psyshock|p1a: Roserade
|-supereffective|p1a: Roserade
|-damage|p1a: Roserade|0 fnt
|-damage|p2a: Jirachi|108\/341|[from] item: Life Orb
|faint|p1a: Roserade
|
|
|switch|p1a: Heracross|Heracross, M|228\/302
|turn|50
|
|switch|p2a: Chesnaught|Chesnaught, M|380\/380
|-damage|p2a: Chesnaught|357\/380|[from] Stealth Rock
|move|p1a: Heracross|Close Combat|p2a: Chesnaught
|-damage|p2a: Chesnaught|225\/380
|-unboost|p1a: Heracross|def|1
|-unboost|p1a: Heracross|spd|1
|
|-heal|p2a: Chesnaught|248\/380|[from] item: Leftovers
|turn|51
|
|move|p1a: Heracross|Close Combat|p2a: Chesnaught
|-damage|p2a: Chesnaught|115\/380
|-unboost|p1a: Heracross|def|1
|-unboost|p1a: Heracross|spd|1
|move|p2a: Chesnaught|Leech Seed|p1a: Heracross
|-start|p1a: Heracross|move: Leech Seed
|
|-heal|p2a: Chesnaught|138\/380|[from] item: Leftovers
|-damage|p1a: Heracross|191\/302|[from] Leech Seed|[of] p2a: Chesnaught
|-heal|p2a: Chesnaught|175\/380|[silent]
|turn|52
|
|switch|p1a: Rob Ford|Snorlax, M|459\/524 slp
|move|p2a: Chesnaught|Leech Seed|p1a: Rob Ford
|-start|p1a: Rob Ford|move: Leech Seed
|
|-heal|p2a: Chesnaught|198\/380|[from] item: Leftovers
|-heal|p1a: Rob Ford|491\/524 slp|[from] item: Leftovers
|-damage|p1a: Rob Ford|426\/524 slp|[from] Leech Seed|[of] p2a: Chesnaught
|-heal|p2a: Chesnaught|263\/380|[silent]
|turn|53
|
|switch|p1a: Suicune|Suicune|158\/404 par
|-ability|p1a: Suicune|Pressure
|move|p2a: Chesnaught|Leech Seed|p1a: Suicune
|-start|p1a: Suicune|move: Leech Seed
|
|-heal|p2a: Chesnaught|286\/380|[from] item: Leftovers
|-heal|p1a: Suicune|183\/404 par|[from] item: Leftovers
|-damage|p1a: Suicune|133\/404 par|[from] Leech Seed|[of] p2a: Chesnaught
|-heal|p2a: Chesnaught|336\/380|[silent]
|turn|54
|
|move|p2a: Chesnaught|Wood Hammer|p1a: Suicune
|-supereffective|p1a: Suicune
|-damage|p1a: Suicune|0 fnt
|-damage|p2a: Chesnaught|292\/380|[from] recoil|[of] p1a: Suicune
|faint|p1a: Suicune
|
|-heal|p2a: Chesnaught|315\/380|[from] item: Leftovers
|
|switch|p1a: Rob Ford|Snorlax, M|426\/524 slp
|turn|55
|
|move|p2a: Chesnaught|Leech Seed|p1a: Rob Ford
|-start|p1a: Rob Ford|move: Leech Seed
|cant|p1a: Rob Ford|slp
|move|p1a: Rob Ford|Sleep Talk|p1a: Rob Ford
|move|p1a: Rob Ford|Rest|p1a: Rob Ford|[from]Sleep Talk
|-fail|p1a: Rob Ford
|
|-heal|p2a: Chesnaught|338\/380|[from] item: Leftovers
|-heal|p1a: Rob Ford|458\/524 slp|[from] item: Leftovers
|-damage|p1a: Rob Ford|393\/524 slp|[from] Leech Seed|[of] p2a: Chesnaught
|-heal|p2a: Chesnaught|380\/380|[silent]
|turn|56
|
|switch|p2a: Jirachi|Jirachi|108\/341
|-damage|p2a: Jirachi|87\/341|[from] Stealth Rock
|cant|p1a: Rob Ford|slp
|move|p1a: Rob Ford|Sleep Talk|p1a: Rob Ford
|move|p1a: Rob Ford|Frustration|p2a: Jirachi|[from]Sleep Talk
|-resisted|p2a: Jirachi
|-damage|p2a: Jirachi|27\/341
|
|-heal|p1a: Rob Ford|425\/524 slp|[from] item: Leftovers
|-damage|p1a: Rob Ford|360\/524 slp|[from] Leech Seed|[of] p2a: Jirachi
|-heal|p2a: Jirachi|92\/341|[silent]
|turn|57
|
|switch|p1a: Heracross|Heracross, M|191\/302
|move|p2a: Jirachi|Calm Mind|p2a: Jirachi
|-boost|p2a: Jirachi|spa|1
|-boost|p2a: Jirachi|spd|1
|
|turn|58
|
|switch|p2a: Chesnaught|Chesnaught, M|380\/380
|-damage|p2a: Chesnaught|357\/380|[from] Stealth Rock
|move|p1a: Heracross|Close Combat|p2a: Chesnaught
|-damage|p2a: Chesnaught|219\/380
|-unboost|p1a: Heracross|def|1
|-unboost|p1a: Heracross|spd|1
|
|-heal|p2a: Chesnaught|242\/380|[from] item: Leftovers
|turn|59
|
|move|p2a: Chesnaught|Spiky Shield|p2a: Chesnaught
|-singleturn|p2a: Chesnaught|move: Protect
|move|p1a: Heracross|Close Combat|p2a: Chesnaught
|-activate|p2a: Chesnaught|move: Protect
|-damage|p1a: Heracross|154\/302|[from] Spiky Shield|[of] p2a: Chesnaught
|
|-heal|p2a: Chesnaught|265\/380|[from] item: Leftovers
|turn|60
|
|move|p1a: Heracross|Close Combat|p2a: Chesnaught
|-damage|p2a: Chesnaught|132\/380
|-unboost|p1a: Heracross|def|1
|-unboost|p1a: Heracross|spd|1
|move|p2a: Chesnaught|Hammer Arm|p1a: Heracross
|-resisted|p1a: Heracross
|-damage|p1a: Heracross|10\/302
|-unboost|p2a: Chesnaught|spe|1
|
|-heal|p2a: Chesnaught|155\/380|[from] item: Leftovers
|turn|61
|
|switch|p1a: Rob Ford|Snorlax, M|360\/524 slp
|move|p2a: Chesnaught|Spiky Shield|p2a: Chesnaught
|-fail|p2a: Chesnaught
|
|-heal|p2a: Chesnaught|178\/380|[from] item: Leftovers
|-heal|p1a: Rob Ford|392\/524 slp|[from] item: Leftovers
|turn|62
|
|move|p2a: Chesnaught|Leech Seed|p1a: Rob Ford
|-start|p1a: Rob Ford|move: Leech Seed
|-curestatus|p1a: Rob Ford|slp
|move|p1a: Rob Ford|Curse|p1a: Rob Ford
|-boost|p1a: Rob Ford|atk|1
|-boost|p1a: Rob Ford|def|1
|-unboost|p1a: Rob Ford|spe|1
|
|-heal|p2a: Chesnaught|201\/380|[from] item: Leftovers
|-heal|p1a: Rob Ford|424\/524|[from] item: Leftovers
|-damage|p1a: Rob Ford|359\/524|[from] Leech Seed|[of] p2a: Chesnaught
|-heal|p2a: Chesnaught|266\/380|[silent]
|turn|63
|
|move|p2a: Chesnaught|Hammer Arm|p1a: Rob Ford
|-supereffective|p1a: Rob Ford
|-damage|p1a: Rob Ford|131\/524
|-unboost|p2a: Chesnaught|spe|1
|move|p1a: Rob Ford|Frustration|p2a: Chesnaught
|-damage|p2a: Chesnaught|149\/380
|
|-heal|p2a: Chesnaught|172\/380|[from] item: Leftovers
|-heal|p1a: Rob Ford|163\/524|[from] item: Leftovers
|-damage|p1a: Rob Ford|98\/524|[from] Leech Seed|[of] p2a: Chesnaught
|-heal|p2a: Chesnaught|237\/380|[silent]
|turn|64
|
|switch|p1a: Gligar|Gligar, M|217\/334
|move|p2a: Chesnaught|Wood Hammer|p1a: Gligar
|-damage|p1a: Gligar|120\/334
|-damage|p2a: Chesnaught|205\/380|[from] recoil|[of] p1a: Gligar
|
|-heal|p2a: Chesnaught|228\/380|[from] item: Leftovers
|turn|65
|chat|Shaneee|gg
|chat|Lighthouses.|gg
|-message|Shaneee forfeited.
|
|win|Lighthouses.
|raw|Ladder updating...
|leave|Shaneee
|player|p1
|raw|Shaneee's rating: 1589 &rarr; <strong>1564<\/strong><br \/>(-25 for losing)
|raw|Lighthouses.'s rating: 1497 &rarr; <strong>1522<\/strong><br \/>(+25 for winning)