|join|Shaneee
|join|pokemonisfun
|player|p1|Shaneee|226
|player|p2|pokemonisfun|184
|gametype|singles
|gen|6
|tier|UU
|rated
|rule|Sleep Clause Mod: Limit one foe put to sleep
|rule|Species Clause: Limit one of each Pokemon
|rule|OHKO Clause: OHKO moves are banned
|rule|Moody Clause: Moody is banned
|rule|Evasion Moves Clause: Evasion moves are banned
|rule|Endless Battle Clause: Forcing endless battles is banned.
|rule|HP Percentage Mod: HP is reported as percentages
|clearpoke
|poke|p1|Darmanitan, M
|poke|p1|Snorlax, M, shiny
|poke|p1|Suicune
|poke|p1|Gligar, F
|poke|p1|Ampharos, F
|poke|p1|Heracross, M
|poke|p2|Crawdaunt, F
|poke|p2|Xatu, F
|poke|p2|Hydreigon, F
|poke|p2|Entei, shiny
|poke|p2|Aggron, M
|poke|p2|Raikou
|teampreview
|
|start
|switch|p1a: Rob Ford|Snorlax, M, shiny|524\/524
|switch|p2a: Hydreigon|Hydreigon, F|325\/325
|turn|1
|
|move|p2a: Hydreigon|U-turn|p1a: Rob Ford
|-damage|p1a: Rob Ford|442\/524
|
|switch|p2a: Aggron|Aggron, M|344\/344
|move|p1a: Rob Ford|Curse|p1a: Rob Ford
|-boost|p1a: Rob Ford|atk|1
|-boost|p1a: Rob Ford|def|1
|-unboost|p1a: Rob Ford|spe|1
|
|-heal|p1a: Rob Ford|474\/524|[from] item: Leftovers
|turn|2
|
|detailschange|p2a: Aggron|Aggron-Mega, M
|message|Aggron has Mega Evolved into Mega Aggron!
|move|p2a: Aggron|Stealth Rock|p1a: Rob Ford
|-sidestart|p1: Shaneee|move: Stealth Rock
|move|p1a: Rob Ford|Frustration|p2a: Aggron
|-resisted|p2a: Aggron
|-damage|p2a: Aggron|299\/344
|
|-heal|p1a: Rob Ford|506\/524|[from] item: Leftovers
|turn|3
|
|move|p1a: Rob Ford|Curse|p1a: Rob Ford
|-boost|p1a: Rob Ford|atk|1
|-boost|p1a: Rob Ford|def|1
|-unboost|p1a: Rob Ford|spe|1
|move|p2a: Aggron|Dragon Tail|p1a: Rob Ford
|-damage|p1a: Rob Ford|459\/524
|drag|p1a: Redfoo|Heracross, M|302\/302
|-damage|p1a: Redfoo|265\/302|[from] Stealth Rock
|
|turn|4
|
|switch|p1a: Suicune|Suicune|404\/404
|-damage|p1a: Suicune|354\/404|[from] Stealth Rock
|-ability|p1a: Suicune|Pressure
|move|p2a: Aggron|Heavy Slam|p1a: Suicune
|-crit|p1a: Suicune
|-resisted|p1a: Suicune
|-damage|p1a: Suicune|309\/404
|
|-heal|p1a: Suicune|334\/404|[from] item: Leftovers
|turn|5
|
|switch|p2a: Hydreigon|Hydreigon, F|325\/325
|move|p1a: Suicune|Scald|p2a: Hydreigon
|-resisted|p2a: Hydreigon
|-damage|p2a: Hydreigon|277\/325
|
|-heal|p1a: Suicune|359\/404|[from] item: Leftovers
|turn|6
|
|move|p2a: Hydreigon|U-turn|p1a: Suicune
|-damage|p1a: Suicune|317\/404
|
|switch|p2a: Crawdaunt|Crawdaunt, F|267\/267
|move|p1a: Suicune|Scald|p2a: Crawdaunt
|-resisted|p2a: Crawdaunt
|-damage|p2a: Crawdaunt|192\/267
|
|-heal|p1a: Suicune|342\/404|[from] item: Leftovers
|turn|7
|
|move|p2a: Crawdaunt|Knock Off|p1a: Suicune
|-damage|p1a: Suicune|124\/404
|-enditem|p1a: Suicune|Leftovers|[from] move: Knock Off|[of] p2a: Crawdaunt
|move|p1a: Suicune|Scald|p2a: Crawdaunt
|-resisted|p2a: Crawdaunt
|-damage|p2a: Crawdaunt|119\/267
|
|turn|8
|
|move|p2a: Crawdaunt|Knock Off|p1a: Suicune
|-damage|p1a: Suicune|0 fnt
|faint|p1a: Suicune
|
|
|switch|p1a: Miranda Kerr|Darmanitan, M|351\/351
|-damage|p1a: Miranda Kerr|264\/351|[from] Stealth Rock
|turn|9
|
|switch|p2a: Entei|Entei, shiny|371\/371
|-ability|p2a: Entei|Pressure
|move|p1a: Miranda Kerr|U-turn|p2a: Entei
|-resisted|p2a: Entei
|-damage|p2a: Entei|284\/371
|
|switch|p1a: Kim Kardashian|Ampharos, F|322\/322
|-damage|p1a: Kim Kardashian|282\/322|[from] Stealth Rock
|
|turn|10
|
|-ability|p1a: Kim Kardashian|Mold Breaker
|detailschange|p1a: Kim Kardashian|Ampharos-Mega, F
|message|Ampharos has Mega Evolved into Mega Ampharos!
|move|p2a: Entei|Bulldoze|p1a: Kim Kardashian
|-supereffective|p1a: Kim Kardashian
|-damage|p1a: Kim Kardashian|56\/322
|-unboost|p1a: Kim Kardashian|spe|1
|move|p1a: Kim Kardashian|Thunderbolt|p2a: Entei
|-damage|p2a: Entei|14\/371
|
|turn|11
|
|switch|p1a: Ariana Grande|Gligar, F|334\/334
|-damage|p1a: Ariana Grande|293\/334|[from] Stealth Rock
|move|p2a: Entei|Bulldoze|p1a: Ariana Grande
|-immune|p1a: Ariana Grande|[msg]
|
|turn|12
|
|switch|p2a: Xatu|Xatu, F|334\/334
|move|p1a: Ariana Grande|Stealth Rock|p2a: Xatu
|move|p2a: Xatu|Stealth Rock|p1a: Ariana Grande|[from]Magic Bounce
|-fail|p1a: Ariana Grande
|
|turn|13
|
|move|p2a: Xatu|Psyshock|p1a: Ariana Grande
|-damage|p1a: Ariana Grande|254\/334
|move|p1a: Ariana Grande|U-turn|p2a: Xatu
|-damage|p2a: Xatu|270\/334
|
|switch|p1a: Miranda Kerr|Darmanitan, M|264\/351
|-damage|p1a: Miranda Kerr|177\/351|[from] Stealth Rock
|
|-heal|p2a: Xatu|290\/334|[from] item: Leftovers
|turn|14
|
|switch|p2a: Entei|Entei, shiny|14\/371
|-ability|p2a: Entei|Pressure
|move|p1a: Miranda Kerr|U-turn|p2a: Entei
|-resisted|p2a: Entei
|-damage|p2a: Entei|0 fnt
|faint|p2a: Entei
|
|switch|p1a: Ariana Grande|Gligar, F|254\/334
|-damage|p1a: Ariana Grande|213\/334|[from] Stealth Rock
|
|
|switch|p2a: Crawdaunt|Crawdaunt, F|119\/267
|turn|15
|
|move|p2a: Crawdaunt|Crabhammer|p1a: Ariana Grande
|-supereffective|p1a: Ariana Grande
|-damage|p1a: Ariana Grande|0 fnt
|faint|p1a: Ariana Grande
|
|
|switch|p1a: Redfoo|Heracross, M|265\/302
|-damage|p1a: Redfoo|228\/302|[from] Stealth Rock
|turn|16
|
|switch|p2a: Xatu|Xatu, F|290\/334
|move|p1a: Redfoo|Close Combat|p2a: Xatu
|-resisted|p2a: Xatu
|-damage|p2a: Xatu|211\/334
|-unboost|p1a: Redfoo|def|1
|-unboost|p1a: Redfoo|spd|1
|
|-heal|p2a: Xatu|231\/334|[from] item: Leftovers
|turn|17
|
|move|p1a: Redfoo|Close Combat|p2a: Xatu
|-resisted|p2a: Xatu
|-damage|p2a: Xatu|150\/334
|-unboost|p1a: Redfoo|def|1
|-unboost|p1a: Redfoo|spd|1
|move|p2a: Xatu|Psyshock|p1a: Redfoo
|-supereffective|p1a: Redfoo
|-damage|p1a: Redfoo|0 fnt
|faint|p1a: Redfoo
|
|-heal|p2a: Xatu|170\/334|[from] item: Leftovers
|
|switch|p1a: Kim Kardashian|Ampharos-Mega, F|56\/322
|-damage|p1a: Kim Kardashian|16\/322|[from] Stealth Rock
|-ability|p1a: Kim Kardashian|Mold Breaker
|turn|18
|
|move|p2a: Xatu|Psyshock|p1a: Kim Kardashian
|-crit|p1a: Kim Kardashian
|-damage|p1a: Kim Kardashian|0 fnt
|faint|p1a: Kim Kardashian
|
|-heal|p2a: Xatu|190\/334|[from] item: Leftovers
|
|switch|p1a: Miranda Kerr|Darmanitan, M|177\/351
|-damage|p1a: Miranda Kerr|90\/351|[from] Stealth Rock
|turn|19
|
|move|p2a: Xatu|Psyshock|p1a: Miranda Kerr
|-damage|p1a: Miranda Kerr|0 fnt
|faint|p1a: Miranda Kerr
|
|-heal|p2a: Xatu|210\/334|[from] item: Leftovers
|
|switch|p1a: Rob Ford|Snorlax, M, shiny|459\/524
|-damage|p1a: Rob Ford|394\/524|[from] Stealth Rock
|turn|20
|
|move|p2a: Xatu|U-turn|p1a: Rob Ford
|-damage|p1a: Rob Ford|350\/524
|
|switch|p2a: Raikou|Raikou|332\/332
|-ability|p2a: Raikou|Pressure
|move|p1a: Rob Ford|Curse|p1a: Rob Ford
|-boost|p1a: Rob Ford|atk|1
|-boost|p1a: Rob Ford|def|1
|-unboost|p1a: Rob Ford|spe|1
|
|-heal|p1a: Rob Ford|382\/524|[from] item: Leftovers
|turn|21
|
|move|p2a: Raikou|Calm Mind|p2a: Raikou
|-boost|p2a: Raikou|spa|1
|-boost|p2a: Raikou|spd|1
|move|p1a: Rob Ford|Rest|p1a: Rob Ford
|-status|p1a: Rob Ford|slp
|-heal|p1a: Rob Ford|524\/524 slp|[silent]
|-status|p1a: Rob Ford|slp|[from] move: Rest
|
|turn|22
|
|move|p2a: Raikou|Calm Mind|p2a: Raikou
|-boost|p2a: Raikou|spa|1
|-boost|p2a: Raikou|spd|1
|cant|p1a: Rob Ford|slp
|move|p1a: Rob Ford|Sleep Talk|p1a: Rob Ford
|move|p1a: Rob Ford|Curse|p1a: Rob Ford|[from]Sleep Talk
|-boost|p1a: Rob Ford|atk|1
|-boost|p1a: Rob Ford|def|1
|-unboost|p1a: Rob Ford|spe|1
|
|turn|23
|
|move|p2a: Raikou|Thunderbolt|p1a: Rob Ford
|-damage|p1a: Rob Ford|349\/524 slp
|cant|p1a: Rob Ford|slp
|move|p1a: Rob Ford|Sleep Talk|p1a: Rob Ford
|move|p1a: Rob Ford|Rest|p1a: Rob Ford|[from]Sleep Talk
|-fail|p1a: Rob Ford
|
|-heal|p1a: Rob Ford|381\/524 slp|[from] item: Leftovers
|turn|24
|
|move|p2a: Raikou|Thunderbolt|p1a: Rob Ford
|-damage|p1a: Rob Ford|183\/524 slp
|-curestatus|p1a: Rob Ford|slp
|move|p1a: Rob Ford|Frustration|p2a: Raikou
|-damage|p2a: Raikou|35\/332
|
|-heal|p2a: Raikou|55\/332|[from] item: Leftovers
|-heal|p1a: Rob Ford|215\/524|[from] item: Leftovers
|turn|25
|
|move|p2a: Raikou|Calm Mind|p2a: Raikou
|-boost|p2a: Raikou|spa|1
|-boost|p2a: Raikou|spd|1
|move|p1a: Rob Ford|Rest|p1a: Rob Ford
|-status|p1a: Rob Ford|slp
|-heal|p1a: Rob Ford|524\/524 slp|[silent]
|-status|p1a: Rob Ford|slp|[from] move: Rest
|
|-heal|p2a: Raikou|75\/332|[from] item: Leftovers
|turn|26
|
|move|p2a: Raikou|Thunderbolt|p1a: Rob Ford
|-damage|p1a: Rob Ford|278\/524 slp
|cant|p1a: Rob Ford|slp
|move|p1a: Rob Ford|Sleep Talk|p1a: Rob Ford
|move|p1a: Rob Ford|Frustration|p2a: Raikou|[from]Sleep Talk
|-damage|p2a: Raikou|0 fnt
|faint|p2a: Raikou
|
|-heal|p1a: Rob Ford|310\/524 slp|[from] item: Leftovers
|
|switch|p2a: Crawdaunt|Crawdaunt, F|119\/267
|turn|27
|
|move|p2a: Crawdaunt|Superpower|p1a: Rob Ford
|-supereffective|p1a: Rob Ford
|-damage|p1a: Rob Ford|20\/524 slp
|-unboost|p2a: Crawdaunt|atk|1
|-unboost|p2a: Crawdaunt|def|1
|cant|p1a: Rob Ford|slp
|move|p1a: Rob Ford|Sleep Talk|p1a: Rob Ford
|move|p1a: Rob Ford|Curse|p1a: Rob Ford|[from]Sleep Talk
|-boost|p1a: Rob Ford|atk|1
|-boost|p1a: Rob Ford|def|1
|-unboost|p1a: Rob Ford|spe|1
|
|-heal|p1a: Rob Ford|52\/524 slp|[from] item: Leftovers
|turn|28
|
|move|p2a: Crawdaunt|Superpower|p1a: Rob Ford
|-supereffective|p1a: Rob Ford
|-damage|p1a: Rob Ford|0 fnt
|-unboost|p2a: Crawdaunt|atk|1
|-unboost|p2a: Crawdaunt|def|1
|faint|p1a: Rob Ford
|
|win|pokemonisfun
|raw|Ladder updating...
|raw|Shaneee's rating: 1582 &rarr; <strong>1567<\/strong><br \/>(-15 for losing)
|raw|pokemonisfun's rating: 1684 &rarr; <strong>1699<\/strong><br \/>(+15 for winning)
|chat|Shaneee|gg
|leave|Shaneee
|player|p1
|chat|pokemonisfun|gg