|join|i'm not your ghost
|join|Shaneee
|player|p1|i'm not your ghost|121
|player|p2|Shaneee|83
|gametype|singles
|gen|6
|tier|UU
|rated
|rule|Sleep Clause Mod: Limit one foe put to sleep
|rule|Species Clause: Limit one of each PokÃ©mon
|rule|OHKO Clause: OHKO moves are banned
|rule|Moody Clause: Moody is banned
|rule|Evasion Moves Clause: Evasion moves are banned
|rule|Endless Battle Clause: Forcing endless battles is banned
|rule|HP Percentage Mod: HP is shown in percentages
|clearpoke
|poke|p1|Tentacruel, F
|poke|p1|Chesnaught, M
|poke|p1|Blissey, F
|poke|p1|Doublade, F
|poke|p1|Alomomola, F
|poke|p1|Jirachi
|poke|p2|Fletchinder, F
|poke|p2|Hydreigon, F
|poke|p2|Gligar, F, shiny
|poke|p2|Jirachi
|poke|p2|Darmanitan, F
|poke|p2|Snorlax, F
|rule|Swagger Clause: Swagger is banned
|rule|Baton Pass Clause: Limit one PokÃ©mon knowing Baton Pass
|teampreview
|
|start
|switch|p1a: Blissey|Blissey, F|661\/661
|switch|p2a: Born Sinner|Darmanitan, F|351\/351
|turn|1
|
|switch|p1a: Alomomola|Alomomola, F|510\/510
|move|p2a: Born Sinner|U-turn|p1a: Alomomola
|-damage|p1a: Alomomola|386\/510
|
|switch|p2a: Like A Star â«|Jirachi|341\/341
|
|-heal|p1a: Alomomola|417\/510|[from] item: Leftovers
|turn|2
|
|switch|p1a: Doublade|Doublade, F|322\/322
|move|p2a: Like A Star â«|Trick|p1a: Doublade
|-activate|p2a: Like A Star â«|move: Trick|[of] p1a: Doublade
|-item|p1a: Doublade|Choice Scarf|[from] move: Trick
|-item|p2a: Like A Star â«|Eviolite|[from] move: Trick
|
|turn|3
|
|move|p2a: Like A Star â«|U-turn|p1a: Doublade
|-resisted|p1a: Doublade
|-damage|p1a: Doublade|309\/322
|
|switch|p2a: Hydreigon|Hydreigon, F|325\/325
|move|p1a: Doublade|Toxic|p2a: Hydreigon
|-status|p2a: Hydreigon|tox
|
|-damage|p2a: Hydreigon|305\/325 tox|[from] psn
|turn|4
|
|switch|p1a: Blissey|Blissey, F|661\/661
|move|p2a: Hydreigon|Draco Meteor|p1a: Blissey
|-damage|p1a: Blissey|441\/661
|-unboost|p2a: Hydreigon|spa|2
|-damage|p2a: Hydreigon|273\/325 tox|[from] item: Life Orb
|
|-heal|p1a: Blissey|482\/661|[from] item: Leftovers
|-damage|p2a: Hydreigon|233\/325 tox|[from] psn
|turn|5
|
|switch|p1a: Tentacruel|Tentacruel, F|363\/363
|move|p2a: Hydreigon|Superpower|p1a: Tentacruel
|-resisted|p1a: Tentacruel
|-damage|p1a: Tentacruel|285\/363
|-unboost|p2a: Hydreigon|atk|1
|-unboost|p2a: Hydreigon|def|1
|-damage|p2a: Hydreigon|201\/325 tox|[from] item: Life Orb
|
|-heal|p1a: Tentacruel|307\/363|[from] item: Black Sludge
|-damage|p2a: Hydreigon|141\/325 tox|[from] psn
|turn|6
|
|switch|p2a: Rob Ford|Snorlax, F|524\/524
|move|p1a: Tentacruel|Knock Off|p2a: Rob Ford
|-damage|p2a: Rob Ford|465\/524
|-enditem|p2a: Rob Ford|Leftovers|[from] move: Knock Off|[of] p1a: Tentacruel
|
|-heal|p1a: Tentacruel|329\/363|[from] item: Black Sludge
|turn|7
|
|move|p1a: Tentacruel|Toxic Spikes|p2a: Rob Ford
|-sidestart|p2: Shaneee|move: Toxic Spikes
|move|p2a: Rob Ford|Curse|p2a: Rob Ford
|-boost|p2a: Rob Ford|atk|1
|-boost|p2a: Rob Ford|def|1
|-unboost|p2a: Rob Ford|spe|1
|
|-heal|p1a: Tentacruel|351\/363|[from] item: Black Sludge
|turn|8
|
|move|p1a: Tentacruel|Toxic Spikes|p2a: Rob Ford
|-sidestart|p2: Shaneee|move: Toxic Spikes
|move|p2a: Rob Ford|Curse|p2a: Rob Ford
|-boost|p2a: Rob Ford|atk|1
|-boost|p2a: Rob Ford|def|1
|-unboost|p2a: Rob Ford|spe|1
|
|-heal|p1a: Tentacruel|363\/363|[from] item: Black Sludge
|turn|9
|
|switch|p1a: Doublade|Doublade, F|309\/322
|move|p2a: Rob Ford|Body Slam|p1a: Doublade
|-immune|p1a: Doublade|[msg]
|
|turn|10
|
|move|p1a: Doublade|Sacred Sword|p2a: Rob Ford
|-supereffective|p2a: Rob Ford
|-damage|p2a: Rob Ford|187\/524
|move|p2a: Rob Ford|Curse|p2a: Rob Ford
|-boost|p2a: Rob Ford|atk|1
|-boost|p2a: Rob Ford|def|1
|-unboost|p2a: Rob Ford|spe|1
|
|turn|11
|
|switch|p1a: Alomomola|Alomomola, F|510\/510
|switch|p2a: Ariana Grande|Gligar, F, shiny|334\/334
|
|turn|12
|
|move|p2a: Ariana Grande|Defog|p1a: Alomomola
|-unboost|p1a: Alomomola|evasion|1
|-sideend|p2: Shaneee|Toxic Spikes|[from] move: Defog|[of] p2a: Ariana Grande
|move|p1a: Alomomola|Toxic|p2a: Ariana Grande
|-status|p2a: Ariana Grande|tox
|
|-damage|p2a: Ariana Grande|314\/334 tox|[from] psn
|turn|13
|
|switch|p2a: Like A Star â«|Jirachi|341\/341
|switch|p1a: Blissey|Blissey, F|482\/661
|
|-heal|p1a: Blissey|523\/661|[from] item: Leftovers
|turn|14
|
|switch|p1a: Alomomola|Alomomola, F|510\/510
|move|p2a: Like A Star â«|U-turn|p1a: Alomomola
|-damage|p1a: Alomomola|451\/510
|
|switch|p2a: Fletchinder|Fletchinder, F|328\/328
|
|-heal|p1a: Alomomola|482\/510|[from] item: Leftovers
|turn|15
|
|move|p2a: Fletchinder|Will-O-Wisp|p1a: Alomomola
|-status|p1a: Alomomola|brn
|move|p1a: Alomomola|Toxic|p2a: Fletchinder
|-status|p2a: Fletchinder|tox
|
|-heal|p1a: Alomomola|510\/510 brn|[from] item: Leftovers
|-damage|p2a: Fletchinder|308\/328 tox|[from] psn
|-damage|p1a: Alomomola|447\/510 brn|[from] brn
|turn|16
|
|switch|p2a: Rob Ford|Snorlax, F|187\/524
|move|p1a: Alomomola|Wish|p1a: Alomomola
|
|-heal|p1a: Alomomola|478\/510 brn|[from] item: Leftovers
|-damage|p1a: Alomomola|415\/510 brn|[from] brn
|turn|17
|
|switch|p1a: Blissey|Blissey, F|523\/661
|move|p2a: Rob Ford|Rest|p2a: Rob Ford
|-status|p2a: Rob Ford|slp
|-heal|p2a: Rob Ford|524\/524 slp|[silent]
|-status|p2a: Rob Ford|slp|[from] move: Rest
|
|-heal|p1a: Blissey|661\/661|[from] move: Wish|[wisher] Alomomola
|turn|18
|
|switch|p2a: Fletchinder|Fletchinder, F|308\/328 tox
|move|p1a: Blissey|Heal Bell|p1a: Blissey
|-cureteam|p1a: Blissey|[from] move: HealBell
|
|-damage|p2a: Fletchinder|288\/328 tox|[from] psn
|turn|19
|-message|Shaneee forfeited.
|
|win|i'm not your ghost
|raw|Ladder updating...
|leave|Shaneee
|player|p2