|join|Shaneee
|join|Y555
|player|p1|Shaneee|244
|player|p2|Y555|35
|gametype|singles
|gen|6
|tier|UU
|rated
|rule|Sleep Clause Mod: Limit one foe put to sleep
|rule|Species Clause: Limit one of each Pokemon
|rule|OHKO Clause: OHKO moves are banned
|rule|Moody Clause: Moody is banned
|rule|Evasion Moves Clause: Evasion moves are banned
|rule|Endless Battle Clause: Forcing endless battles is banned.
|rule|HP Percentage Mod: HP is reported as percentages
|clearpoke
|poke|p1|Heracross, F
|poke|p1|Snorlax, M, shiny
|poke|p1|Gligar, F, shiny
|poke|p1|Slowbro, F, shiny
|poke|p1|Darmanitan, M
|poke|p1|Celebi
|poke|p2|Machamp, M
|poke|p2|Hitmonchan, M
|poke|p2|Hitmonlee, M
|poke|p2|Hitmontop, M
|poke|p2|Sawk, M
|poke|p2|Throh, M
|teampreview
|
|start
|switch|p1a: Slowbro|Slowbro, F, shiny|394\/394
|switch|p2a: Saigo|Throh, M|444\/444
|turn|1
|
|move|p2a: Saigo|Bulk Up|p2a: Saigo
|-boost|p2a: Saigo|atk|1
|-boost|p2a: Saigo|def|1
|move|p1a: Slowbro|Psyshock|p2a: Saigo
|-crit|p2a: Saigo
|-supereffective|p2a: Saigo
|-damage|p2a: Saigo|144\/444
|
|turn|2
|
|move|p2a: Saigo|Bulk Up|p2a: Saigo
|-boost|p2a: Saigo|atk|1
|-boost|p2a: Saigo|def|1
|move|p1a: Slowbro|Psyshock|p2a: Saigo
|-supereffective|p2a: Saigo
|-damage|p2a: Saigo|36\/444
|
|turn|3
|chat|Y555|Oh c'mon
|chat|Shaneee|sry
|
|move|p2a: Saigo|Rest|p2a: Saigo
|-status|p2a: Saigo|slp
|-heal|p2a: Saigo|444\/444 slp|[silent]
|-status|p2a: Saigo|slp|[from] move: Rest
|-enditem|p2a: Saigo|Chesto Berry|[eat]
|-curestatus|p2a: Saigo|slp
|move|p1a: Slowbro|Scald|p2a: Saigo
|-damage|p2a: Saigo|354\/444
|
|turn|4
|
|move|p2a: Saigo|Bulk Up|p2a: Saigo
|-boost|p2a: Saigo|atk|1
|-boost|p2a: Saigo|def|1
|move|p1a: Slowbro|Scald|p2a: Saigo
|-damage|p2a: Saigo|272\/444
|-status|p2a: Saigo|brn
|
|-damage|p2a: Saigo|217\/444 brn|[from] brn
|turn|5
|join|BFoxy
|chat|Y555|....
|
|move|p2a: Saigo|Knock Off|p1a: Slowbro
|-supereffective|p1a: Slowbro
|-damage|p1a: Slowbro|0 fnt
|-damage|p2a: Saigo|143\/444 brn|[from] item: Rocky Helmet|[of] p1a: Slowbro
|faint|p1a: Slowbro
|
|-damage|p2a: Saigo|88\/444 brn|[from] brn
|
|switch|p1a: Darmanitan|Darmanitan, M|351\/351
|turn|6
|
|move|p1a: Darmanitan|Flare Blitz|p2a: Saigo
|-damage|p2a: Saigo|0 fnt
|-damage|p1a: Darmanitan|322\/351|[from] recoil|[of] p2a: Saigo
|faint|p2a: Saigo
|
|
|switch|p2a: Eddy|Hitmontop, M|241\/241
|-ability|p2a: Eddy|Intimidate|[of] p1a: Darmanitan
|-unboost|p1a: Darmanitan|atk|1
|turn|7
|
|switch|p1a: Gligar|Gligar, F, shiny|334\/334
|move|p2a: Eddy|Close Combat|p1a: Gligar
|-resisted|p1a: Gligar
|-damage|p1a: Gligar|293\/334
|-unboost|p2a: Eddy|def|1
|-unboost|p2a: Eddy|spd|1
|
|turn|8
|
|switch|p2a: Duffee|Machamp, M|322\/322
|move|p1a: Gligar|U-turn|p2a: Duffee
|-resisted|p2a: Duffee
|-damage|p2a: Duffee|298\/322
|
|switch|p1a: Darmanitan|Darmanitan, M|322\/351
|
|turn|9
|
|switch|p2a: Eddy|Hitmontop, M|241\/241
|-ability|p2a: Eddy|Intimidate|[of] p1a: Darmanitan
|-unboost|p1a: Darmanitan|atk|1
|move|p1a: Darmanitan|Flare Blitz|p2a: Eddy
|-damage|p2a: Eddy|0 fnt
|-damage|p1a: Darmanitan|242\/351|[from] recoil|[of] p2a: Eddy
|faint|p2a: Eddy
|
|
|switch|p2a: Silva|Hitmonlee, M|242\/242
|turn|10
|
|switch|p1a: Gligar|Gligar, F, shiny|293\/334
|move|p2a: Silva|Fake Out|p1a: Gligar
|-enditem|p2a: Silva|Normal Gem|[from] gem|[move] Fake Out
|-damage|p1a: Gligar|261\/334
|
|turn|11
|
|move|p2a: Silva|Knock Off|p1a: Gligar
|-damage|p1a: Gligar|209\/334
|-enditem|p1a: Gligar|Eviolite|[from] move: Knock Off|[of] p2a: Silva
|move|p1a: Gligar|Stealth Rock|p2a: Silva
|-sidestart|p2: Y555|move: Stealth Rock
|
|turn|12
|
|move|p2a: Silva|Blaze Kick|p1a: Gligar
|-damage|p1a: Gligar|135\/334
|move|p1a: Gligar|U-turn|p2a: Silva
|-resisted|p2a: Silva
|-damage|p2a: Silva|209\/242
|
|switch|p1a: Celebi|Celebi|342\/342
|
|turn|13
|
|move|p2a: Silva|Knock Off|p1a: Celebi
|-crit|p1a: Celebi
|-supereffective|p1a: Celebi
|-damage|p1a: Celebi|0 fnt
|faint|p1a: Celebi
|
|
|switch|p1a: Gligar|Gligar, F, shiny|135\/334
|turn|14
|
|move|p2a: Silva|Blaze Kick|p1a: Gligar
|-damage|p1a: Gligar|58\/334
|-status|p1a: Gligar|brn
|move|p1a: Gligar|Roost|p1a: Gligar
|-heal|p1a: Gligar|225\/334 brn
|
|-damage|p1a: Gligar|184\/334 brn|[from] brn
|turn|15
|chat|Shaneee|..
|-message|Shaneee forfeited.
|
|win|Y555
|raw|Ladder updating...
|leave|Shaneee
|player|p1
|raw|Shaneee's rating: 1520 &rarr; <strong>1488<\/strong><br \/>(-32 for losing)
|raw|Y555's rating: 1267 &rarr; <strong>1308<\/strong><br \/>(+41 for winning)
|leave|Y555
|player|p2