|join|Shaneee
|join|CheckmateWeee
|player|p1|Shaneee|47
|player|p2|CheckmateWeee|101
|gametype|singles
|gen|6
|tier|UU
|rated
|rule|Sleep Clause Mod: Limit one foe put to sleep
|rule|Species Clause: Limit one of each PokÃ©mon
|rule|OHKO Clause: OHKO moves are banned
|rule|Moody Clause: Moody is banned
|rule|Evasion Moves Clause: Evasion moves are banned
|rule|Endless Battle Clause: Forcing endless battles is banned
|rule|HP Percentage Mod: HP is shown in percentages
|clearpoke
|poke|p1|Suicune, shiny
|poke|p1|Ditto, shiny
|poke|p1|Gligar, M, shiny
|poke|p1|Ampharos, M, shiny
|poke|p1|Snorlax, M, shiny
|poke|p1|Darmanitan, F
|poke|p2|Chandelure, F
|poke|p2|Honchkrow, M
|poke|p2|Blastoise, M
|poke|p2|Chesnaught, F
|poke|p2|Metagross
|poke|p2|Flygon, F
|rule|Swagger Clause: Swagger is banned
|rule|Baton Pass Clause: Limit one PokÃ©mon knowing Baton Pass
|teampreview
|
|start
|switch|p1a: Sasha Gray|Ditto, shiny|300\/300
|switch|p2a: Flygon|Flygon, F|304\/304
|-transform|p1a: Sasha Gray|p2a: Flygon
|turn|1
|
|switch|p1a: Ariana Grande|Gligar, M, shiny|334\/334
|switch|p2a: Metagross|Metagross|364\/364
|
|turn|2
|
|switch|p2a: Blastoise|Blastoise, M|358\/358
|move|p1a: Ariana Grande|Stealth Rock|p2a: Blastoise
|-sidestart|p2: CheckmateWeee|move: Stealth Rock
|
|turn|3
|
|switch|p1a: Sasha Gray|Ditto, shiny|300\/300
|-transform|p1a: Sasha Gray|p2a: Blastoise
|detailschange|p2a: Blastoise|Blastoise-Mega, M
|message|Blastoise has Mega Evolved into Mega Blastoise!
|move|p2a: Blastoise|Rapid Spin|p1a: Sasha Gray
|-damage|p1a: Sasha Gray|284\/300
|-sideend|p2: CheckmateWeee|Stealth Rock|[from] move: Rapid Spin|[of] p2a: Blastoise
|
|turn|4
|
|switch|p1a: Suicune|Suicune, shiny|404\/404
|-ability|p1a: Suicune|Pressure
|move|p2a: Blastoise|Dark Pulse|p1a: Suicune
|-damage|p1a: Suicune|257\/404
|
|-heal|p1a: Suicune|282\/404|[from] item: Leftovers
|turn|5
|
|switch|p2a: Chesnaught|Chesnaught, F|380\/380
|move|p1a: Suicune|Scald|p2a: Chesnaught
|-resisted|p2a: Chesnaught
|-damage|p2a: Chesnaught|320\/380
|-status|p2a: Chesnaught|brn
|
|-heal|p1a: Suicune|307\/404|[from] item: Leftovers
|-heal|p2a: Chesnaught|343\/380 brn|[from] item: Leftovers
|-damage|p2a: Chesnaught|296\/380 brn|[from] brn
|turn|6
|
|switch|p1a: Sasha Gray|Ditto, shiny|284\/300
|-transform|p1a: Sasha Gray|p2a: Chesnaught
|move|p2a: Chesnaught|Leech Seed|p1a: Sasha Gray
|-immune|p1a: Sasha Gray|[msg]
|
|-heal|p2a: Chesnaught|319\/380 brn|[from] item: Leftovers
|-damage|p2a: Chesnaught|272\/380 brn|[from] brn
|turn|7
|
|move|p1a: Sasha Gray|Spikes|p2a: Chesnaught
|-sidestart|p2: CheckmateWeee|Spikes
|move|p2a: Chesnaught|Spikes|p1a: Sasha Gray
|-sidestart|p1: Shaneee|Spikes
|
|-heal|p2a: Chesnaught|295\/380 brn|[from] item: Leftovers
|-damage|p2a: Chesnaught|248\/380 brn|[from] brn
|turn|8
|
|switch|p2a: Blastoise|Blastoise-Mega, M|358\/358
|-damage|p2a: Blastoise|314\/358|[from] Spikes
|move|p1a: Sasha Gray|Spikes|p2a: Blastoise
|-sidestart|p2: CheckmateWeee|Spikes
|
|turn|9
|
|switch|p1a: Kim Kardashian|Ampharos, M, shiny|370\/370
|-damage|p1a: Kim Kardashian|324\/370|[from] Spikes
|move|p2a: Blastoise|Rapid Spin|p1a: Kim Kardashian
|-damage|p1a: Kim Kardashian|306\/370
|-sideend|p2: CheckmateWeee|Spikes|[from] move: Rapid Spin|[of] p2a: Blastoise
|
|turn|10
|
|switch|p2a: Flygon|Flygon, F|304\/304
|detailschange|p1a: Kim Kardashian|Ampharos-Mega, M, shiny
|message|Ampharos has Mega Evolved into Mega Ampharos!
|-ability|p1a: Kim Kardashian|Mold Breaker
|move|p1a: Kim Kardashian|Dragon Pulse|p2a: Flygon
|-supereffective|p2a: Flygon
|-damage|p2a: Flygon|0 fnt
|faint|p2a: Flygon
|
|
|switch|p2a: Metagross|Metagross|364\/364
|turn|11
|
|switch|p1a: Ariana Grande|Gligar, M, shiny|334\/334
|move|p2a: Metagross|Earthquake|p1a: Ariana Grande
|-immune|p1a: Ariana Grande|[msg]
|
|turn|12
|
|switch|p2a: Chesnaught|Chesnaught, F|248\/380 brn
|move|p1a: Ariana Grande|Defog|p2a: Chesnaught
|-unboost|p2a: Chesnaught|evasion|1
|-sideend|p1: Shaneee|Spikes|[from] move: Defog|[of] p1a: Ariana Grande
|
|-heal|p2a: Chesnaught|271\/380 brn|[from] item: Leftovers
|-damage|p2a: Chesnaught|224\/380 brn|[from] brn
|turn|13
|
|switch|p1a: Kim Kardashian|Ampharos-Mega, M, shiny|306\/370
|-ability|p1a: Kim Kardashian|Mold Breaker
|move|p2a: Chesnaught|Spikes|p1a: Kim Kardashian
|-sidestart|p1: Shaneee|Spikes
|
|-heal|p2a: Chesnaught|247\/380 brn|[from] item: Leftovers
|-damage|p2a: Chesnaught|200\/380 brn|[from] brn
|turn|14
|
|move|p2a: Chesnaught|Spikes|p1a: Kim Kardashian
|-sidestart|p1: Shaneee|Spikes
|move|p1a: Kim Kardashian|Focus Blast|p2a: Chesnaught
|-damage|p2a: Chesnaught|0 fnt
|faint|p2a: Chesnaught
|
|
|switch|p2a: Chandelure|Chandelure, F|301\/301
|turn|15
|
|move|p2a: Chandelure|Fire Blast|p1a: Kim Kardashian
|-resisted|p1a: Kim Kardashian
|-damage|p1a: Kim Kardashian|205\/370
|move|p1a: Kim Kardashian|Volt Switch|p2a: Chandelure
|-damage|p2a: Chandelure|121\/301
|
|switch|p1a: Sasha Gray|Ditto, shiny|284\/300
|-damage|p1a: Sasha Gray|234\/300|[from] Spikes
|-transform|p1a: Sasha Gray|p2a: Chandelure
|
|-heal|p2a: Chandelure|139\/301|[from] item: Leftovers
|turn|16
|
|switch|p2a: Blastoise|Blastoise-Mega, M|314\/358
|move|p1a: Sasha Gray|Shadow Ball|p2a: Blastoise
|-damage|p2a: Blastoise|175\/358
|
|turn|17
|
|switch|p1a: Suicune|Suicune, shiny|307\/404
|-damage|p1a: Suicune|240\/404|[from] Spikes
|-ability|p1a: Suicune|Pressure
|move|p2a: Blastoise|Dark Pulse|p1a: Suicune
|-damage|p1a: Suicune|98\/404
|
|-heal|p1a: Suicune|123\/404|[from] item: Leftovers
|turn|18
|
|move|p1a: Suicune|Scald|p2a: Blastoise
|-resisted|p2a: Blastoise
|-damage|p2a: Blastoise|139\/358
|move|p2a: Blastoise|Dark Pulse|p1a: Suicune
|-damage|p1a: Suicune|0 fnt
|faint|p1a: Suicune
|
|
|switch|p1a: Ariana Grande|Gligar, M, shiny|334\/334
|turn|19
|
|move|p1a: Ariana Grande|Defog|p2a: Blastoise
|-unboost|p2a: Blastoise|evasion|1
|-sideend|p1: Shaneee|Spikes|[from] move: Defog|[of] p1a: Ariana Grande
|move|p2a: Blastoise|Hydro Pump|p1a: Ariana Grande
|-supereffective|p1a: Ariana Grande
|-damage|p1a: Ariana Grande|0 fnt
|faint|p1a: Ariana Grande
|
|
|switch|p1a: Born Sinner|Darmanitan, F|352\/352
|turn|20
|
|move|p1a: Born Sinner|U-turn|p2a: Blastoise
|-damage|p2a: Blastoise|12\/358
|
|switch|p1a: Rob Ford|Snorlax, M, shiny|511\/511
|move|p2a: Blastoise|Hydro Pump|p1a: Rob Ford
|-damage|p1a: Rob Ford|349\/511
|
|-heal|p1a: Rob Ford|380\/511|[from] item: Leftovers
|turn|21
|
|move|p2a: Blastoise|Aura Sphere|p1a: Rob Ford
|-supereffective|p1a: Rob Ford
|-damage|p1a: Rob Ford|174\/511
|move|p1a: Rob Ford|Body Slam|p2a: Blastoise
|-damage|p2a: Blastoise|0 fnt
|faint|p2a: Blastoise
|
|-heal|p1a: Rob Ford|205\/511|[from] item: Leftovers
|
|switch|p2a: Metagross|Metagross|364\/364
|turn|22
|
|switch|p1a: Born Sinner|Darmanitan, F|352\/352
|move|p2a: Metagross|Earthquake|p1a: Born Sinner
|-supereffective|p1a: Born Sinner
|-damage|p1a: Born Sinner|0 fnt
|faint|p1a: Born Sinner
|
|
|switch|p1a: Sasha Gray|Ditto, shiny|234\/300
|-transform|p1a: Sasha Gray|p2a: Metagross
|turn|23
|
|switch|p1a: Kim Kardashian|Ampharos-Mega, M, shiny|205\/370
|-ability|p1a: Kim Kardashian|Mold Breaker
|switch|p2a: Honchkrow|Honchkrow, M|341\/341
|
|turn|24
|
|switch|p2a: Chandelure|Chandelure, F|139\/301
|move|p1a: Kim Kardashian|Volt Switch|p2a: Chandelure
|-damage|p2a: Chandelure|0 fnt
|faint|p2a: Chandelure
|
|switch|p1a: Rob Ford|Snorlax, M, shiny|205\/511
|
|-heal|p1a: Rob Ford|236\/511|[from] item: Leftovers
|
|switch|p2a: Metagross|Metagross|364\/364
|turn|25
|
|move|p2a: Metagross|Earthquake|p1a: Rob Ford
|-damage|p1a: Rob Ford|0 fnt
|faint|p1a: Rob Ford
|
|
|switch|p1a: Sasha Gray|Ditto, shiny|234\/300
|-transform|p1a: Sasha Gray|p2a: Metagross
|turn|26
|
|switch|p2a: Honchkrow|Honchkrow, M|341\/341
|move|p1a: Sasha Gray|Earthquake|p2a: Honchkrow
|-immune|p2a: Honchkrow|[msg]
|
|turn|27
|
|switch|p1a: Kim Kardashian|Ampharos-Mega, M, shiny|205\/370
|-ability|p1a: Kim Kardashian|Mold Breaker
|move|p2a: Honchkrow|Substitute|p2a: Honchkrow
|-start|p2a: Honchkrow|Substitute
|-damage|p2a: Honchkrow|256\/341
|
|turn|28
|
|move|p2a: Honchkrow|Sucker Punch|p1a: Kim Kardashian
|-damage|p1a: Kim Kardashian|22\/370
|-damage|p2a: Honchkrow|222\/341|[from] item: Life Orb
|move|p1a: Kim Kardashian|Volt Switch|p2a: Honchkrow
|-supereffective|p2a: Honchkrow
|-end|p2a: Honchkrow|Substitute
|
|switch|p1a: Sasha Gray|Ditto, shiny|234\/300
|-transform|p1a: Sasha Gray|p2a: Honchkrow
|
|turn|29
|
|move|p2a: Honchkrow|Sucker Punch|p1a: Sasha Gray
|-resisted|p1a: Sasha Gray
|-damage|p1a: Sasha Gray|74\/300
|-damage|p2a: Honchkrow|188\/341|[from] item: Life Orb
|move|p1a: Sasha Gray|Brave Bird|p2a: Honchkrow
|-damage|p2a: Honchkrow|0 fnt
|-damage|p1a: Sasha Gray|12\/300|[from] recoil|[of] p2a: Honchkrow
|faint|p2a: Honchkrow
|-boost|p1a: Sasha Gray|atk|1|[from] ability: Moxie
|
|
|switch|p2a: Metagross|Metagross|364\/364
|turn|30
|
|switch|p1a: Kim Kardashian|Ampharos-Mega, M, shiny|22\/370
|-ability|p1a: Kim Kardashian|Mold Breaker
|move|p2a: Metagross|Bullet Punch|p1a: Kim Kardashian
|-resisted|p1a: Kim Kardashian
|-damage|p1a: Kim Kardashian|0 fnt
|faint|p1a: Kim Kardashian
|
|
|switch|p1a: Sasha Gray|Ditto, shiny|12\/300
|-transform|p1a: Sasha Gray|p2a: Metagross
|turn|31
|c|âShaneee|gg
|
|move|p2a: Metagross|Bullet Punch|p1a: Sasha Gray
|-resisted|p1a: Sasha Gray
|-damage|p1a: Sasha Gray|0 fnt
|faint|p1a: Sasha Gray
|
|win|CheckmateWeee
|raw|Ladder updating...
|raw|Shaneee's rating: 1618 &rarr; <strong>1587<\/strong><br \/>(-31 for losing)
|raw|CheckmateWeee's rating: 1385 &rarr; <strong>1417<\/strong><br \/>(+32 for winning)
|leave|Shaneee
|player|p1