|join|Cunty Vibes
|join|Bacon and Blissey
|player|p1|Cunty Vibes|185
|player|p2|Bacon and Blissey|101
|gametype|singles
|gen|6
|tier|OU
|rated
|clearpoke
|poke|p1|Amoonguss, F
|poke|p1|Chansey, F
|poke|p1|Heatran, M
|poke|p1|Landorus-Therian, M
|poke|p1|Scizor, M
|poke|p1|Alomomola, F
|poke|p2|Manaphy, shiny
|poke|p2|Thundurus, M, shiny
|poke|p2|Charizard, F, shiny
|poke|p2|Terrakion, shiny
|poke|p2|Garchomp, F, shiny
|poke|p2|Latias, F, shiny
|rule|Swagger Clause: Swagger is banned
|rule|Baton Pass Clause: Limit one PokÃ©mon knowing Baton Pass
|rule|Sleep Clause Mod: Limit one foe put to sleep
|rule|Species Clause: Limit one of each PokÃ©mon
|rule|OHKO Clause: OHKO moves are banned
|rule|Moody Clause: Moody is banned
|rule|Evasion Moves Clause: Evasion moves are banned
|rule|Endless Battle Clause: Forcing endless battles is banned
|rule|HP Percentage Mod: HP is reported as percentages
|teampreview
|
|start
|switch|p1a: Landorus-Therian|Landorus-Therian, M|382\/382
|switch|p2a: Suck my swag|Garchomp, F, shiny|358\/358
|-ability|p1a: Landorus-Therian|Intimidate|[of] p2a: Suck my swag
|-unboost|p2a: Suck my swag|atk|1
|turn|1
|
|move|p2a: Suck my swag|Fire Blast|p1a: Landorus-Therian
|-damage|p1a: Landorus-Therian|301\/382
|-status|p1a: Landorus-Therian|brn
|move|p1a: Landorus-Therian|Stealth Rock|p2a: Suck my swag
|-sidestart|p2: Bacon and Blissey|move: Stealth Rock
|
|-heal|p1a: Landorus-Therian|324\/382 brn|[from] item: Leftovers
|-damage|p1a: Landorus-Therian|277\/382 brn|[from] brn
|turn|2
|
|move|p2a: Suck my swag|Stealth Rock|p1a: Landorus-Therian
|-sidestart|p1: Cunty Vibes|move: Stealth Rock
|move|p1a: Landorus-Therian|U-turn|p2a: Suck my swag
|-damage|p2a: Suck my swag|318\/358
|-damage|p1a: Landorus-Therian|230\/382 brn|[from] ability: Rough Skin|[of] p2a: Suck my swag
|
|switch|p1a: Alomomola|Alomomola, F|534\/534
|-damage|p1a: Alomomola|468\/534|[from] Stealth Rock
|
|turn|3
|
|move|p2a: Suck my swag|Earthquake|p1a: Alomomola
|-damage|p1a: Alomomola|357\/534
|move|p1a: Alomomola|Wish|p1a: Alomomola
|
|turn|4
|
|switch|p2a: Little nightmare|Manaphy, shiny|352\/352
|-damage|p2a: Little nightmare|308\/352|[from] Stealth Rock
|move|p1a: Alomomola|Toxic|p2a: Little nightmare|[miss]
|-miss|p1a: Alomomola|p2a: Little nightmare
|
|-heal|p1a: Alomomola|534\/534|[from] move: Wish|[wisher] Alomomola
|-heal|p2a: Little nightmare|330\/352|[from] item: Leftovers
|turn|5
|
|switch|p1a: Amoonguss|Amoonguss, F|432\/432
|-damage|p1a: Amoonguss|378\/432|[from] Stealth Rock
|move|p2a: Little nightmare|Tail Glow|p2a: Little nightmare
|-boost|p2a: Little nightmare|spa|3
|
|-heal|p2a: Little nightmare|352\/352|[from] item: Leftovers
|turn|6
|
|move|p2a: Little nightmare|Psychic|p1a: Amoonguss
|-supereffective|p1a: Amoonguss
|-damage|p1a: Amoonguss|32\/432
|move|p1a: Amoonguss|Clear Smog|p2a: Little nightmare
|-damage|p2a: Little nightmare|297\/352
|-clearboost|p2a: Little nightmare
|
|-heal|p2a: Little nightmare|319\/352|[from] item: Leftovers
|turn|7
|
|switch|p1a: Chansey|Chansey, F|704\/704
|-damage|p1a: Chansey|616\/704|[from] Stealth Rock
|move|p2a: Little nightmare|Tail Glow|p2a: Little nightmare
|-boost|p2a: Little nightmare|spa|3
|
|-heal|p2a: Little nightmare|341\/352|[from] item: Leftovers
|turn|8
|
|move|p2a: Little nightmare|Rain Dance|p2a: Little nightmare
|-weather|RainDance
|move|p1a: Chansey|Wish|p1a: Chansey
|
|-weather|RainDance|[upkeep]
|-heal|p2a: Little nightmare|352\/352|[from] item: Leftovers
|turn|9
|
|switch|p1a: Amoonguss|Amoonguss, F|176\/432
|-damage|p1a: Amoonguss|122\/432|[from] Stealth Rock
|move|p2a: Little nightmare|Tail Glow|p2a: Little nightmare
|-boost|p2a: Little nightmare|spa|3
|
|-weather|RainDance|[upkeep]
|-heal|p1a: Amoonguss|432\/432|[from] move: Wish|[wisher] Chansey
|turn|10
|
|switch|p1a: Heatran|Heatran, M|385\/385
|-damage|p1a: Heatran|337\/385|[from] Stealth Rock
|move|p2a: Little nightmare|Psychic|p1a: Heatran
|-resisted|p1a: Heatran
|-damage|p1a: Heatran|215\/385
|
|-weather|RainDance|[upkeep]
|-heal|p1a: Heatran|239\/385|[from] item: Leftovers
|turn|11
|
|move|p1a: Heatran|Protect|p1a: Heatran
|-singleturn|p1a: Heatran|Protect
|move|p2a: Little nightmare|Surf|p1a: Heatran
|-activate|p1a: Heatran|Protect
|
|-weather|RainDance|[upkeep]
|-heal|p1a: Heatran|263\/385|[from] item: Leftovers
|turn|12
|
|switch|p1a: Amoonguss|Amoonguss, F|432\/432
|-damage|p1a: Amoonguss|378\/432|[from] Stealth Rock
|move|p2a: Little nightmare|Surf|p1a: Amoonguss
|-resisted|p1a: Amoonguss
|-damage|p1a: Amoonguss|78\/432
|
|-weather|none
|turn|13
|
|move|p2a: Little nightmare|Surf|p1a: Amoonguss
|-crit|p1a: Amoonguss
|-resisted|p1a: Amoonguss
|-damage|p1a: Amoonguss|0 fnt
|faint|p1a: Amoonguss
|
|
|switch|p1a: Scizor|Scizor, M|343\/343
|-damage|p1a: Scizor|301\/343|[from] Stealth Rock
|turn|14
|
|detailschange|p1a: Scizor|Scizor-Mega, M
|message|Scizor has Mega Evolved into Mega Scizor!
|move|p2a: Little nightmare|Surf|p1a: Scizor
|-damage|p1a: Scizor|0 fnt
|faint|p1a: Scizor
|
|-message|Cunty Vibes forfeited.
|
|win|Bacon and Blissey
|raw|Ladder updating...
|raw|Cunty Vibes's rating: 1713 &rarr; <strong>1695<\/strong><br \/>(-18 for losing)
|raw|Bacon and Blissey's rating: 1740 &rarr; <strong>1759<\/strong><br \/>(+19 for winning)
|leave|Cunty Vibes
|player|p1