|join|mc celery
|join|Cunty Vibes
|player|p1|mc celery|267
|player|p2|Cunty Vibes|185
|gametype|singles
|gen|6
|tier|OU
|rated
|clearpoke
|poke|p1|Landorus-Therian, M
|poke|p1|Conkeldurr, F
|poke|p1|Magnezone
|poke|p1|Azumarill, F
|poke|p1|Pinsir, M
|poke|p1|Empoleon, F
|poke|p2|Clefable, F
|poke|p2|Conkeldurr, M
|poke|p2|Landorus-Therian, M
|poke|p2|Chansey, F
|poke|p2|Scizor, M
|poke|p2|Alomomola, F
|rule|Swagger Clause: Swagger is banned
|rule|Baton Pass Clause: Limit one PokÃ©mon knowing Baton Pass
|rule|Sleep Clause Mod: Limit one foe put to sleep
|rule|Species Clause: Limit one of each PokÃ©mon
|rule|OHKO Clause: OHKO moves are banned
|rule|Moody Clause: Moody is banned
|rule|Evasion Moves Clause: Evasion moves are banned
|rule|Endless Battle Clause: Forcing endless battles is banned
|rule|HP Percentage Mod: HP is shown in percentages
|teampreview
|join|red chinchompa
|chat|mc celery|I hate that mirror coat mola
|
|start
|switch|p1a: Azumarill|Azumarill, F|349\/349
|switch|p2a: Conkeldurr|Conkeldurr, M|401\/401
|turn|1
|
|switch|p2a: Alomomola|Alomomola, F|534\/534
|move|p1a: Azumarill|Waterfall|p2a: Alomomola
|-resisted|p2a: Alomomola
|-damage|p2a: Alomomola|431\/534
|-damage|p1a: Azumarill|291\/349|[from] item: Rocky Helmet|[of] p2a: Alomomola
|
|turn|2
|
|switch|p1a: Conkeldurr|Conkeldurr, F|365\/365
|move|p2a: Alomomola|Scald|p1a: Conkeldurr
|-damage|p1a: Conkeldurr|328\/365
|
|turn|3
|
|switch|p1a: Magnezone|Magnezone|299\/299
|move|p2a: Alomomola|Toxic|p1a: Magnezone
|-fail|p1a: Magnezone
|
|turn|4
|
|switch|p2a: Landorus-Therian|Landorus-Therian, M|382\/382
|-ability|p2a: Landorus-Therian|Intimidate|[of] p1a: Magnezone
|-unboost|p1a: Magnezone|atk|1
|move|p1a: Magnezone|Volt Switch|p2a: Landorus-Therian
|-immune|p2a: Landorus-Therian|[msg]
|
|turn|5
|
|switch|p1a: Landorus-Therian|Landorus-Therian, M|328\/328
|-ability|p1a: Landorus-Therian|Intimidate|[of] p2a: Landorus-Therian
|-unboost|p2a: Landorus-Therian|atk|1
|move|p2a: Landorus-Therian|Stealth Rock|p1a: Landorus-Therian
|-sidestart|p1: mc celery|move: Stealth Rock
|
|turn|6
|
|move|p1a: Landorus-Therian|Explosion|p2a: Landorus-Therian
|-damage|p2a: Landorus-Therian|155\/382
|faint|p1a: Landorus-Therian
|move|p2a: Landorus-Therian|U-turn|p1: Landorus-Therian|[notarget]
|-notarget
|
|-heal|p2a: Landorus-Therian|178\/382|[from] item: Leftovers
|
|switch|p1a: Empoleon|Empoleon, F|371\/371
|-damage|p1a: Empoleon|348\/371|[from] Stealth Rock
|turn|7
|
|move|p2a: Landorus-Therian|Earthquake|p1a: Empoleon
|-supereffective|p1a: Empoleon
|-damage|p1a: Empoleon|156\/371
|move|p1a: Empoleon|Scald|p2a: Landorus-Therian
|-supereffective|p2a: Landorus-Therian
|-damage|p2a: Landorus-Therian|0 fnt
|faint|p2a: Landorus-Therian
|
|-heal|p1a: Empoleon|179\/371|[from] item: Leftovers
|
|switch|p2a: Conkeldurr|Conkeldurr, M|401\/401
|turn|8
|
|switch|p1a: Azumarill|Azumarill, F|291\/349
|-damage|p1a: Azumarill|248\/349|[from] Stealth Rock
|move|p2a: Conkeldurr|Drain Punch|p1a: Azumarill
|-resisted|p1a: Azumarill
|-damage|p1a: Azumarill|161\/349
|
|turn|9
|
|switch|p2a: Alomomola|Alomomola, F|534\/534
|move|p1a: Azumarill|Waterfall|p2a: Alomomola
|-resisted|p2a: Alomomola
|-damage|p2a: Alomomola|421\/534
|-damage|p1a: Azumarill|103\/349|[from] item: Rocky Helmet|[of] p2a: Alomomola
|
|turn|10
|
|switch|p2a: Conkeldurr|Conkeldurr, M|401\/401
|switch|p1a: Empoleon|Empoleon, F|179\/371
|-damage|p1a: Empoleon|156\/371|[from] Stealth Rock
|
|-heal|p1a: Empoleon|179\/371|[from] item: Leftovers
|turn|11
|
|move|p1a: Empoleon|Defog|p2a: Conkeldurr
|-unboost|p2a: Conkeldurr|evasion|1
|-sideend|p1: mc celery|Stealth Rock|[from] move: Defog|[of] p1a: Empoleon
|move|p2a: Conkeldurr|Drain Punch|p1a: Empoleon
|-supereffective|p1a: Empoleon
|-damage|p1a: Empoleon|0 fnt
|faint|p1a: Empoleon
|
|
|switch|p1a: Pinsir|Pinsir, M|271\/271
|turn|12
|
|switch|p1a: Conkeldurr|Conkeldurr, F|328\/365
|move|p2a: Conkeldurr|Ice Punch|p1a: Conkeldurr
|-damage|p1a: Conkeldurr|214\/365
|
|turn|13
|
|move|p2a: Conkeldurr|Knock Off|p1a: Conkeldurr
|-resisted|p1a: Conkeldurr
|-damage|p1a: Conkeldurr|144\/365
|-enditem|p1a: Conkeldurr|Assault Vest|[from] move: Knock Off|[of] p2a: Conkeldurr
|move|p1a: Conkeldurr|Drain Punch|p2a: Conkeldurr
|-damage|p2a: Conkeldurr|230\/401
|-heal|p1a: Conkeldurr|230\/365|[from] drain|[of] p2a: Conkeldurr
|
|turn|14
|
|move|p1a: Conkeldurr|Drain Punch|p2a: Conkeldurr
|-damage|p2a: Conkeldurr|77\/401
|-heal|p1a: Conkeldurr|307\/365|[from] drain|[of] p2a: Conkeldurr
|move|p2a: Conkeldurr|Drain Punch|p1a: Conkeldurr
|-damage|p1a: Conkeldurr|154\/365
|-heal|p2a: Conkeldurr|154\/401|[from] drain|[of] p1a: Conkeldurr
|
|turn|15
|
|switch|p2a: Clefable|Clefable, F|394\/394
|move|p1a: Conkeldurr|Drain Punch|p2a: Clefable
|-resisted|p2a: Clefable
|-damage|p2a: Clefable|322\/394
|-heal|p1a: Conkeldurr|190\/365|[from] drain|[of] p2a: Clefable
|
|-heal|p2a: Clefable|346\/394|[from] item: Leftovers
|turn|16
|
|switch|p1a: Magnezone|Magnezone|299\/299
|move|p2a: Clefable|Flamethrower|p1a: Magnezone
|-supereffective|p1a: Magnezone
|-damage|p1a: Magnezone|145\/299
|
|-heal|p2a: Clefable|370\/394|[from] item: Leftovers
|turn|17
|
|switch|p2a: Chansey|Chansey, F|704\/704
|move|p1a: Magnezone|Volt Switch|p2a: Chansey
|-damage|p2a: Chansey|580\/704
|
|switch|p1a: Pinsir|Pinsir, M|271\/271
|
|turn|18
|
|switch|p1a: Conkeldurr|Conkeldurr, F|190\/365
|move|p2a: Chansey|Seismic Toss|p1a: Conkeldurr
|-damage|p1a: Conkeldurr|90\/365
|
|turn|19
|
|move|p1a: Conkeldurr|Mach Punch|p2a: Chansey
|-supereffective|p2a: Chansey
|-damage|p2a: Chansey|370\/704
|move|p2a: Chansey|Seismic Toss|p1a: Conkeldurr
|-damage|p1a: Conkeldurr|0 fnt
|faint|p1a: Conkeldurr
|
|
|switch|p1a: Pinsir|Pinsir, M|271\/271
|turn|20
|
|switch|p1a: Magnezone|Magnezone|145\/299
|switch|p2a: Alomomola|Alomomola, F|534\/534
|
|turn|21
|
|switch|p2a: Chansey|Chansey, F|370\/704
|move|p1a: Magnezone|Volt Switch|p2a: Chansey
|-damage|p2a: Chansey|234\/704
|
|switch|p1a: Azumarill|Azumarill, F|103\/349
|
|turn|22
|
|move|p2a: Chansey|Protect|p2a: Chansey
|-singleturn|p2a: Chansey|Protect
|move|p1a: Azumarill|Play Rough|p2a: Chansey
|-activate|p2a: Chansey|Protect
|
|turn|23
|
|move|p1a: Azumarill|Play Rough|p2a: Chansey
|-damage|p2a: Chansey|0 fnt
|faint|p2a: Chansey
|
|
|switch|p2a: Scizor|Scizor, M|343\/343
|turn|24
|
|detailschange|p2a: Scizor|Scizor-Mega, M
|message|Scizor has Mega Evolved into Mega Scizor!
|move|p2a: Scizor|Knock Off|p1a: Azumarill
|-resisted|p1a: Azumarill
|-damage|p1a: Azumarill|46\/349
|-enditem|p1a: Azumarill|Choice Band|[from] move: Knock Off|[of] p2a: Scizor
|move|p1a: Azumarill|Play Rough|p2a: Scizor
|-resisted|p2a: Scizor
|-damage|p2a: Scizor|289\/343
|
|turn|25
|
|switch|p2a: Alomomola|Alomomola, F|534\/534
|move|p1a: Azumarill|Waterfall|p2a: Alomomola
|-resisted|p2a: Alomomola
|-damage|p2a: Alomomola|465\/534
|-damage|p1a: Azumarill|0 fnt|[from] item: Rocky Helmet|[of] p2a: Alomomola
|faint|p1a: Azumarill
|
|
|switch|p1a: Magnezone|Magnezone|145\/299
|turn|26
|
|move|p1a: Magnezone|Thunderbolt|p2a: Alomomola
|-supereffective|p2a: Alomomola
|-damage|p2a: Alomomola|0 fnt
|faint|p2a: Alomomola
|
|
|switch|p2a: Clefable|Clefable, F|370\/394
|turn|27
|
|move|p1a: Magnezone|Thunderbolt|p2a: Clefable
|-damage|p2a: Clefable|88\/394
|move|p2a: Clefable|Calm Mind|p2a: Clefable
|-boost|p2a: Clefable|spa|1
|-boost|p2a: Clefable|spd|1
|
|-heal|p2a: Clefable|112\/394|[from] item: Leftovers
|turn|28
|
|move|p1a: Magnezone|Thunderbolt|p2a: Clefable
|-crit|p2a: Clefable
|-damage|p2a: Clefable|0 fnt
|faint|p2a: Clefable
|
|
|switch|p2a: Conkeldurr|Conkeldurr, M|154\/401
|turn|29
|
|move|p2a: Conkeldurr|Mach Punch|p1a: Magnezone
|-supereffective|p1a: Magnezone
|-damage|p1a: Magnezone|0 fnt
|faint|p1a: Magnezone
|
|
|switch|p1a: Pinsir|Pinsir, M|271\/271
|turn|30
|
|detailschange|p1a: Pinsir|Pinsir-Mega, M
|message|Pinsir has Mega Evolved into Mega Pinsir!
|move|p1a: Pinsir|Return|p2a: Conkeldurr
|-supereffective|p2a: Conkeldurr
|-damage|p2a: Conkeldurr|0 fnt
|faint|p2a: Conkeldurr
|
|
|switch|p2a: Scizor|Scizor-Mega, M|289\/343
|turn|31
|
|move|p2a: Scizor|Bullet Punch|p1a: Pinsir
|-damage|p1a: Pinsir|186\/271
|move|p1a: Pinsir|Return|p2a: Scizor
|-damage|p2a: Scizor|129\/343
|
|turn|32
|
|move|p2a: Scizor|Bullet Punch|p1a: Pinsir
|-crit|p1a: Pinsir
|-damage|p1a: Pinsir|51\/271
|move|p1a: Pinsir|Return|p2a: Scizor
|-damage|p2a: Scizor|0 fnt
|faint|p2a: Scizor
|
|win|mc celery
|raw|Ladder updating...
|raw|mc celery's rating: 1922 &rarr; <strong>1943<\/strong><br \/>(+21 for winning)
|raw|Cunty Vibes's rating: 1928 &rarr; <strong>1908<\/strong><br \/>(-20 for losing)
|leave|Cunty Vibes
|player|p2