|join|Cunty Vibes
|join|Breloom2088
|player|p1|Cunty Vibes|185
|player|p2|Breloom2088|169
|gametype|singles
|gen|6
|tier|OU
|rated
|clearpoke
|poke|p1|Clefable, F
|poke|p1|Conkeldurr, F
|poke|p1|Landorus-Therian, M
|poke|p1|Chansey, F
|poke|p1|Scizor, F
|poke|p1|Alomomola, F
|poke|p2|Excadrill, M
|poke|p2|Tyranitar, M
|poke|p2|Thundurus, M
|poke|p2|Latios, M
|poke|p2|Clefable, M
|poke|p2|Keldeo-Resolute
|rule|Swagger Clause: Swagger is banned
|rule|Baton Pass Clause: Limit one PokÃ©mon knowing Baton Pass
|rule|Sleep Clause Mod: Limit one foe put to sleep
|rule|Species Clause: Limit one of each PokÃ©mon
|rule|OHKO Clause: OHKO moves are banned
|rule|Moody Clause: Moody is banned
|rule|Evasion Moves Clause: Evasion moves are banned
|rule|Endless Battle Clause: Forcing endless battles is banned
|rule|HP Percentage Mod: HP is shown in percentages
|teampreview
|
|start
|switch|p1a: Conkeldurr|Conkeldurr, F|401\/401
|switch|p2a: Tyranitar|Tyranitar, M|341\/341
|-weather|Sandstorm
|turn|1
|
|switch|p2a: Clefable|Clefable, M|394\/394
|move|p1a: Conkeldurr|Drain Punch|p2a: Clefable
|-resisted|p2a: Clefable
|-damage|p2a: Clefable|315\/394
|
|-weather|Sandstorm|[upkeep]
|-damage|p1a: Conkeldurr|376\/401|[from] sandstorm
|-heal|p2a: Clefable|339\/394|[from] item: Leftovers
|turn|2
|
|move|p2a: Clefable|Flamethrower|p1a: Conkeldurr
|-damage|p1a: Conkeldurr|319\/401
|-status|p1a: Conkeldurr|brn
|move|p1a: Conkeldurr|Knock Off|p2a: Clefable
|-resisted|p2a: Clefable
|-damage|p2a: Clefable|224\/394
|-enditem|p2a: Clefable|Leftovers|[from] move: Knock Off|[of] p1a: Conkeldurr
|
|-weather|Sandstorm|[upkeep]
|-damage|p1a: Conkeldurr|294\/401 brn|[from] sandstorm
|-damage|p1a: Conkeldurr|244\/401 brn|[from] brn
|turn|3
|
|switch|p1a: Chansey|Chansey, F|704\/704
|move|p2a: Clefable|Soft-Boiled|p2a: Clefable
|-heal|p2a: Clefable|394\/394
|
|-weather|Sandstorm|[upkeep]
|-damage|p1a: Chansey|660\/704|[from] sandstorm
|turn|4
|
|switch|p2a: Excadrill|Excadrill, M|362\/362
|-item|p2a: Excadrill|Air Balloon
|move|p1a: Chansey|Wish|p1a: Chansey
|
|-weather|Sandstorm|[upkeep]
|-damage|p1a: Chansey|616\/704|[from] sandstorm
|turn|5
|
|switch|p1a: Landorus-Therian|Landorus-Therian, M|382\/382
|-ability|p1a: Landorus-Therian|Intimidate|[of] p2a: Excadrill
|-unboost|p2a: Excadrill|atk|1
|move|p2a: Excadrill|Iron Head|p1a: Landorus-Therian
|-damage|p1a: Landorus-Therian|303\/382
|
|-weather|Sandstorm|[upkeep]
|-heal|p1a: Landorus-Therian|382\/382|[from] move: Wish|[wisher] Chansey
|turn|6
|
|switch|p2a: Keldeo-Resolute|Keldeo-Resolute|322\/322
|move|p1a: Landorus-Therian|U-turn|p2a: Keldeo-Resolute
|-resisted|p2a: Keldeo-Resolute
|-damage|p2a: Keldeo-Resolute|283\/322
|join|Ill leave
|
|switch|p1a: Chansey|Chansey, F|616\/704
|
|-weather|Sandstorm|[upkeep]
|-damage|p2a: Keldeo-Resolute|263\/322|[from] sandstorm
|-damage|p1a: Chansey|572\/704|[from] sandstorm
|turn|7
|
|move|p1a: Chansey|Protect|p1a: Chansey
|-singleturn|p1a: Chansey|Protect
|move|p2a: Keldeo-Resolute|Secret Sword|p1a: Chansey
|-activate|p1a: Chansey|Protect
|
|-weather|Sandstorm|[upkeep]
|-damage|p2a: Keldeo-Resolute|243\/322|[from] sandstorm
|-damage|p1a: Chansey|528\/704|[from] sandstorm
|turn|8
|
|switch|p2a: Excadrill|Excadrill, M|362\/362
|-item|p2a: Excadrill|Air Balloon
|switch|p1a: Landorus-Therian|Landorus-Therian, M|382\/382
|-ability|p1a: Landorus-Therian|Intimidate|[of] p2a: Excadrill
|-unboost|p2a: Excadrill|atk|1
|
|-weather|none
|turn|9
|
|switch|p2a: Clefable|Clefable, M|394\/394
|move|p1a: Landorus-Therian|Stealth Rock|p2a: Clefable
|-sidestart|p2: Breloom2088|move: Stealth Rock
|
|turn|10
|
|move|p1a: Landorus-Therian|Earthquake|p2a: Clefable
|-damage|p2a: Clefable|214\/394
|move|p2a: Clefable|Calm Mind|p2a: Clefable
|-boost|p2a: Clefable|spa|1
|-boost|p2a: Clefable|spd|1
|
|turn|11
|
|move|p1a: Landorus-Therian|U-turn|p2a: Clefable
|-resisted|p2a: Clefable
|-damage|p2a: Clefable|175\/394
|
|switch|p1a: Clefable|Clefable, F|394\/394
|move|p2a: Clefable|Soft-Boiled|p2a: Clefable
|-heal|p2a: Clefable|372\/394
|
|turn|12
|
|move|p2a: Clefable|Moonblast|p1a: Clefable
|-damage|p1a: Clefable|285\/394
|move|p1a: Clefable|Calm Mind|p1a: Clefable
|-boost|p1a: Clefable|spa|1
|-boost|p1a: Clefable|spd|1
|
|-heal|p1a: Clefable|309\/394|[from] item: Leftovers
|turn|13
|
|switch|p2a: Excadrill|Excadrill, M|362\/362
|-damage|p2a: Excadrill|351\/362|[from] Stealth Rock
|-item|p2a: Excadrill|Air Balloon
|move|p1a: Clefable|Flamethrower|p2a: Excadrill
|-supereffective|p2a: Excadrill
|-damage|p2a: Excadrill|47\/362
|-enditem|p2a: Excadrill|Air Balloon
|
|-heal|p1a: Clefable|333\/394|[from] item: Leftovers
|turn|14
|
|switch|p1a: Alomomola|Alomomola, F|534\/534
|move|p2a: Excadrill|Iron Head|p1a: Alomomola
|-resisted|p1a: Alomomola
|-damage|p1a: Alomomola|467\/534
|-damage|p2a: Excadrill|0 fnt|[from] item: Rocky Helmet|[of] p1a: Alomomola
|faint|p2a: Excadrill
|
|-message|Breloom2088 forfeited.
|
|win|Cunty Vibes
|raw|Ladder updating...
|leave|Breloom2088
|player|p2
|raw|Cunty Vibes's rating: 1858 &rarr; <strong>1876<\/strong><br \/>(+18 for winning)
|raw|Breloom2088's rating: 1816 &rarr; <strong>1799<\/strong><br \/>(-17 for losing)
|c| Ill leave|lol
|c|âCunty Vibes|wow rage quit much