|join|Cunty Vibes
|join|Aminiscent
|player|p1|Cunty Vibes|185
|player|p2|Aminiscent|223
|gametype|singles
|gen|6
|tier|OU
|rated
|clearpoke
|poke|p1|Clefable, M
|poke|p1|Conkeldurr, M
|poke|p1|Landorus-Therian, M
|poke|p1|Chansey, F
|poke|p1|Scizor, M
|poke|p1|Alomomola, F
|poke|p2|Landorus-Therian, M
|poke|p2|Conkeldurr, M
|poke|p2|Magnezone
|poke|p2|Azumarill, F
|poke|p2|Pinsir, F
|poke|p2|Empoleon, F
|rule|Swagger Clause: Swagger is banned
|rule|Baton Pass Clause: Limit one PokÃ©mon knowing Baton Pass
|rule|Sleep Clause Mod: Limit one foe put to sleep
|rule|Species Clause: Limit one of each PokÃ©mon
|rule|OHKO Clause: OHKO moves are banned
|rule|Moody Clause: Moody is banned
|rule|Evasion Moves Clause: Evasion moves are banned
|rule|Endless Battle Clause: Forcing endless battles is banned
|rule|HP Percentage Mod: HP is shown in percentages
|teampreview
|
|start
|switch|p1a: Alomomola|Alomomola, F|534\/534
|switch|p2a: Empoleon|Empoleon, F|371\/371
|turn|1
|
|move|p1a: Alomomola|Scald|p2a: Empoleon
|-resisted|p2a: Empoleon
|-damage|p2a: Empoleon|348\/371
|-status|p2a: Empoleon|brn
|move|p2a: Empoleon|Scald|p1a: Alomomola
|-resisted|p1a: Alomomola
|-damage|p1a: Alomomola|446\/534
|
|-heal|p2a: Empoleon|371\/371 brn|[from] item: Leftovers
|-damage|p2a: Empoleon|325\/371 brn|[from] brn
|turn|2
|
|switch|p1a: Conkeldurr|Conkeldurr, M|401\/401
|move|p2a: Empoleon|Scald|p1a: Conkeldurr
|-damage|p1a: Conkeldurr|307\/401
|
|-heal|p2a: Empoleon|348\/371 brn|[from] item: Leftovers
|-damage|p2a: Empoleon|302\/371 brn|[from] brn
|turn|3
|join|uCan'tSeeMe
|leave|uCan'tSeeMe
|
|switch|p2a: Pinsir|Pinsir, F|271\/271
|move|p1a: Conkeldurr|Drain Punch|p2a: Pinsir
|-resisted|p2a: Pinsir
|-damage|p2a: Pinsir|192\/271
|-heal|p1a: Conkeldurr|347\/401|[from] drain|[of] p2a: Pinsir
|
|turn|4
|
|switch|p1a: Alomomola|Alomomola, F|534\/534
|detailschange|p2a: Pinsir|Pinsir-Mega, F
|message|Pinsir has Mega Evolved into Mega Pinsir!
|move|p2a: Pinsir|Frustration|p1a: Alomomola
|-damage|p1a: Alomomola|315\/534
|-damage|p2a: Pinsir|147\/271|[from] item: Rocky Helmet|[of] p1a: Alomomola
|
|turn|5
|
|switch|p2a: Empoleon|Empoleon, F|302\/371 brn
|move|p1a: Alomomola|Wish|p1a: Alomomola
|
|-heal|p2a: Empoleon|325\/371 brn|[from] item: Leftovers
|-damage|p2a: Empoleon|279\/371 brn|[from] brn
|turn|6
|
|switch|p1a: Conkeldurr|Conkeldurr, M|347\/401
|move|p2a: Empoleon|Stealth Rock|p1a: Conkeldurr
|-sidestart|p1: Cunty Vibes|move: Stealth Rock
|
|-heal|p1a: Conkeldurr|401\/401|[from] move: Wish|[wisher] Alomomola
|-heal|p2a: Empoleon|302\/371 brn|[from] item: Leftovers
|-damage|p2a: Empoleon|256\/371 brn|[from] brn
|turn|7
|
|move|p1a: Conkeldurr|Knock Off|p2a: Empoleon
|-damage|p2a: Empoleon|148\/371 brn
|-enditem|p2a: Empoleon|Leftovers|[from] move: Knock Off|[of] p1a: Conkeldurr
|move|p2a: Empoleon|Roar|p1a: Conkeldurr
|drag|p1a: Clefable|Clefable, M|394\/394
|-damage|p1a: Clefable|345\/394|[from] Stealth Rock
|
|-heal|p1a: Clefable|369\/394|[from] item: Leftovers
|-damage|p2a: Empoleon|102\/371 brn|[from] brn
|turn|8
|
|switch|p2a: Azumarill|Azumarill, F|349\/349
|switch|p1a: Conkeldurr|Conkeldurr, M|401\/401
|-damage|p1a: Conkeldurr|376\/401|[from] Stealth Rock
|
|turn|9
|
|switch|p1a: Alomomola|Alomomola, F|493\/534
|-damage|p1a: Alomomola|427\/534|[from] Stealth Rock
|move|p2a: Azumarill|Waterfall|p1a: Alomomola
|-resisted|p1a: Alomomola
|-damage|p1a: Alomomola|319\/534
|-damage|p2a: Azumarill|291\/349|[from] item: Rocky Helmet|[of] p1a: Alomomola
|
|turn|10
|
|switch|p2a: Conkeldurr|Conkeldurr, M|365\/365
|move|p1a: Alomomola|Wish|p1a: Alomomola
|
|turn|11
|
|switch|p1a: Scizor|Scizor, M|343\/343
|-damage|p1a: Scizor|301\/343|[from] Stealth Rock
|move|p2a: Conkeldurr|Drain Punch|p1a: Scizor
|-damage|p1a: Scizor|183\/343
|
|-heal|p1a: Scizor|343\/343|[from] move: Wish|[wisher] Alomomola
|turn|12
|
|switch|p1a: Conkeldurr|Conkeldurr, M|376\/401
|-damage|p1a: Conkeldurr|351\/401|[from] Stealth Rock
|switch|p2a: Magnezone|Magnezone|299\/299
|
|turn|13
|
|move|p1a: Conkeldurr|Mach Punch|p2a: Magnezone
|-supereffective|p2a: Magnezone
|-damage|p2a: Magnezone|161\/299
|move|p2a: Magnezone|Volt Switch|p1a: Conkeldurr
|-damage|p1a: Conkeldurr|186\/401
|
|switch|p2a: Pinsir|Pinsir-Mega, F|147\/271
|
|turn|14
|
|switch|p1a: Landorus-Therian|Landorus-Therian, M|382\/382
|-damage|p1a: Landorus-Therian|335\/382|[from] Stealth Rock
|-ability|p1a: Landorus-Therian|Intimidate|[of] p2a: Pinsir
|-unboost|p2a: Pinsir|atk|1
|move|p2a: Pinsir|Frustration|p1a: Landorus-Therian
|-damage|p1a: Landorus-Therian|196\/382
|
|-heal|p1a: Landorus-Therian|219\/382|[from] item: Leftovers
|turn|15
|
|move|p2a: Pinsir|Substitute|p2a: Pinsir
|-start|p2a: Pinsir|Substitute
|-damage|p2a: Pinsir|80\/271
|move|p1a: Landorus-Therian|Stealth Rock|p2a: Pinsir
|-sidestart|p2: Aminiscent|move: Stealth Rock
|
|-heal|p1a: Landorus-Therian|242\/382|[from] item: Leftovers
|turn|16
|
|move|p2a: Pinsir|Frustration|p1a: Landorus-Therian
|-damage|p1a: Landorus-Therian|97\/382
|move|p1a: Landorus-Therian|U-turn|p2a: Pinsir
|-resisted|p2a: Pinsir
|-activate|p2a: Pinsir|Substitute|[damage]
|
|switch|p1a: Alomomola|Alomomola, F|497\/534
|-damage|p1a: Alomomola|431\/534|[from] Stealth Rock
|
|turn|17
|
|move|p2a: Pinsir|Frustration|p1a: Alomomola
|-damage|p1a: Alomomola|289\/534
|-damage|p2a: Pinsir|35\/271|[from] item: Rocky Helmet|[of] p1a: Alomomola
|move|p1a: Alomomola|Wish|p1a: Alomomola
|
|turn|18
|
|move|p2a: Pinsir|Flail|p1a: Alomomola
|-crit|p1a: Alomomola
|-damage|p1a: Alomomola|0 fnt
|-damage|p2a: Pinsir|0 fnt|[from] item: Rocky Helmet|[of] p1a: Alomomola
|faint|p2a: Pinsir
|faint|p1a: Alomomola
|
|
|switch|p2a: Magnezone|Magnezone|161\/299
|-damage|p2a: Magnezone|143\/299|[from] Stealth Rock
|switch|p1a: Chansey|Chansey, F|704\/704
|-damage|p1a: Chansey|616\/704|[from] Stealth Rock
|turn|19
|
|move|p2a: Magnezone|Volt Switch|p1a: Chansey
|-damage|p1a: Chansey|492\/704
|
|switch|p2a: Conkeldurr|Conkeldurr, M|365\/365
|-damage|p2a: Conkeldurr|343\/365|[from] Stealth Rock
|move|p1a: Chansey|Wish|p1a: Chansey
|
|turn|20
|
|switch|p1a: Clefable|Clefable, M|369\/394
|-damage|p1a: Clefable|320\/394|[from] Stealth Rock
|move|p2a: Conkeldurr|Knock Off|p1a: Clefable
|-resisted|p1a: Clefable
|-damage|p1a: Clefable|264\/394
|-enditem|p1a: Clefable|Leftovers|[from] move: Knock Off|[of] p2a: Conkeldurr
|
|-heal|p1a: Clefable|394\/394|[from] move: Wish|[wisher] Chansey
|turn|21
|
|switch|p2a: Empoleon|Empoleon, F|102\/371 brn
|-damage|p2a: Empoleon|79\/371 brn|[from] Stealth Rock
|move|p1a: Clefable|Calm Mind|p1a: Clefable
|-boost|p1a: Clefable|spa|1
|-boost|p1a: Clefable|spd|1
|
|-damage|p2a: Empoleon|33\/371 brn|[from] brn
|turn|22
|
|move|p1a: Clefable|Moonblast|p2a: Empoleon
|-resisted|p2a: Empoleon
|-damage|p2a: Empoleon|0 fnt
|faint|p2a: Empoleon
|
|
|switch|p2a: Landorus-Therian|Landorus-Therian, M|328\/328
|-damage|p2a: Landorus-Therian|287\/328|[from] Stealth Rock
|-ability|p2a: Landorus-Therian|Intimidate|[of] p1a: Clefable
|-unboost|p1a: Clefable|atk|1
|turn|23
|
|move|p2a: Landorus-Therian|Explosion|p1a: Clefable
|-damage|p1a: Clefable|108\/394
|faint|p2a: Landorus-Therian
|move|p1a: Clefable|Calm Mind|p1a: Clefable
|-boost|p1a: Clefable|spa|1
|-boost|p1a: Clefable|spd|1
|
|
|switch|p2a: Azumarill|Azumarill, F|291\/349
|-damage|p2a: Azumarill|248\/349|[from] Stealth Rock
|turn|24
|
|move|p1a: Clefable|Moonlight|p1a: Clefable
|-heal|p1a: Clefable|305\/394
|move|p2a: Azumarill|Waterfall|p1a: Clefable
|-damage|p1a: Clefable|61\/394
|
|turn|25
|
|switch|p1a: Landorus-Therian|Landorus-Therian, M|97\/382
|-damage|p1a: Landorus-Therian|50\/382|[from] Stealth Rock
|-ability|p1a: Landorus-Therian|Intimidate|[of] p2a: Azumarill
|-unboost|p2a: Azumarill|atk|1
|move|p2a: Azumarill|Waterfall|p1a: Landorus-Therian
|-supereffective|p1a: Landorus-Therian
|-damage|p1a: Landorus-Therian|0 fnt
|faint|p1a: Landorus-Therian
|
|
|switch|p1a: Scizor|Scizor, M|343\/343
|-damage|p1a: Scizor|301\/343|[from] Stealth Rock
|turn|26
|
|detailschange|p1a: Scizor|Scizor-Mega, M
|message|Scizor has Mega Evolved into Mega Scizor!
|move|p1a: Scizor|Defog|p2a: Azumarill
|-unboost|p2a: Azumarill|evasion|1
|-sideend|p2: Aminiscent|Stealth Rock|[from] move: Defog|[of] p2a: Azumarill
|-sideend|p1: Cunty Vibes|Stealth Rock|[from] move: Defog|[of] p1a: Scizor
|move|p2a: Azumarill|Waterfall|p1a: Scizor
|-damage|p1a: Scizor|198\/343
|
|turn|27
|
|switch|p1a: Chansey|Chansey, F|492\/704
|switch|p2a: Conkeldurr|Conkeldurr, M|343\/365
|
|turn|28
|
|switch|p1a: Conkeldurr|Conkeldurr, M|186\/401
|move|p2a: Conkeldurr|Drain Punch|p1a: Conkeldurr
|-damage|p1a: Conkeldurr|11\/401
|-heal|p2a: Conkeldurr|365\/365|[from] drain|[of] p1a: Conkeldurr
|
|turn|29
|
|move|p2a: Conkeldurr|Mach Punch|p1a: Conkeldurr
|-damage|p1a: Conkeldurr|0 fnt
|faint|p1a: Conkeldurr
|
|
|switch|p1a: Clefable|Clefable, M|61\/394
|turn|30
|
|move|p2a: Conkeldurr|Mach Punch|p1a: Clefable
|-resisted|p1a: Clefable
|-damage|p1a: Clefable|23\/394
|move|p1a: Clefable|Moonlight|p1a: Clefable
|-heal|p1a: Clefable|220\/394
|
|turn|31
|
|switch|p2a: Azumarill|Azumarill, F|248\/349
|move|p1a: Clefable|Flamethrower|p2a: Azumarill
|-resisted|p2a: Azumarill
|-damage|p2a: Azumarill|214\/349
|
|turn|32
|
|move|p1a: Clefable|Moonblast|p2a: Azumarill
|-damage|p2a: Azumarill|91\/349
|-unboost|p2a: Azumarill|spa|1
|move|p2a: Azumarill|Waterfall|p1a: Clefable
|-damage|p1a: Clefable|6\/394
|
|turn|33
|
|switch|p2a: Conkeldurr|Conkeldurr, M|365\/365
|move|p1a: Clefable|Flamethrower|p2a: Conkeldurr
|-damage|p2a: Conkeldurr|319\/365
|
|turn|34
|
|switch|p1a: Scizor|Scizor-Mega, M|198\/343
|move|p2a: Conkeldurr|Mach Punch|p1a: Scizor
|-damage|p1a: Scizor|155\/343
|
|turn|35
|
|move|p1a: Scizor|Roost|p1a: Scizor
|-heal|p1a: Scizor|327\/343
|move|p2a: Conkeldurr|Drain Punch|p1a: Scizor
|-crit|p1a: Scizor
|-damage|p1a: Scizor|191\/343
|-heal|p2a: Conkeldurr|365\/365|[from] drain|[of] p1a: Scizor
|
|turn|36
|
|switch|p2a: Magnezone|Magnezone|143\/299
|move|p1a: Scizor|Roost|p1a: Scizor
|-heal|p1a: Scizor|343\/343
|
|turn|37
|
|move|p2a: Magnezone|Hidden Power|p1a: Scizor
|-supereffective|p1a: Scizor
|-damage|p1a: Scizor|0 fnt
|faint|p1a: Scizor
|
|
|switch|p1a: Chansey|Chansey, F|492\/704
|turn|38
|
|move|p2a: Magnezone|Hidden Power|p1a: Chansey
|-damage|p1a: Chansey|415\/704
|move|p1a: Chansey|Wish|p1a: Chansey
|
|turn|39
|
|move|p2a: Magnezone|Hidden Power|p1a: Chansey
|-damage|p1a: Chansey|340\/704
|move|p1a: Chansey|Seismic Toss|p2a: Magnezone
|-damage|p2a: Magnezone|43\/299
|
|-heal|p1a: Chansey|692\/704|[from] move: Wish|[wisher] Chansey
|turn|40
|
|move|p2a: Magnezone|Hidden Power|p1a: Chansey
|-damage|p1a: Chansey|616\/704
|move|p1a: Chansey|Seismic Toss|p2a: Magnezone
|-damage|p2a: Magnezone|0 fnt
|faint|p2a: Magnezone
|
|
|switch|p2a: Conkeldurr|Conkeldurr, M|365\/365
|turn|41
|
|move|p1a: Chansey|Protect|p1a: Chansey
|-singleturn|p1a: Chansey|Protect
|move|p2a: Conkeldurr|Drain Punch|p1a: Chansey
|-activate|p1a: Chansey|Protect
|
|turn|42
|
|move|p1a: Chansey|Wish|p1a: Chansey
|move|p2a: Conkeldurr|Drain Punch|p1a: Chansey
|-crit|p1a: Chansey
|-supereffective|p1a: Chansey
|-damage|p1a: Chansey|0 fnt
|faint|p1a: Chansey
|
|
|switch|p1a: Clefable|Clefable, M|6\/394
|turn|43
|
|move|p2a: Conkeldurr|Mach Punch|p1a: Clefable
|-resisted|p1a: Clefable
|-damage|p1a: Clefable|0 fnt
|faint|p1a: Clefable
|
|win|Aminiscent
|raw|Ladder updating...
|raw|Cunty Vibes's rating: 1747 &rarr; <strong>1719<\/strong><br \/>(-28 for losing)
|raw|Aminiscent's rating: 1603 &rarr; <strong>1631<\/strong><br \/>(+28 for winning)
|leave|Cunty Vibes
|player|p1