|join|Cunty Vibes
|join|Animus Majulous
|player|p1|Cunty Vibes|185
|player|p2|Animus Majulous|2
|gametype|singles
|gen|6
|tier|OU
|rated
|clearpoke
|poke|p1|Clefable, F
|poke|p1|Conkeldurr, F
|poke|p1|Landorus-Therian, M
|poke|p1|Chansey, F
|poke|p1|Scizor, F
|poke|p1|Alomomola, F
|poke|p2|Clefable, F
|poke|p2|Latias, F
|poke|p2|Charizard, M
|poke|p2|Breloom, F
|poke|p2|Rotom-Wash
|poke|p2|Gothitelle, F
|rule|Swagger Clause: Swagger is banned
|rule|Baton Pass Clause: Limit one PokÃ©mon knowing Baton Pass
|rule|Sleep Clause Mod: Limit one foe put to sleep
|rule|Species Clause: Limit one of each PokÃ©mon
|rule|OHKO Clause: OHKO moves are banned
|rule|Moody Clause: Moody is banned
|rule|Evasion Moves Clause: Evasion moves are banned
|rule|Endless Battle Clause: Forcing endless battles is banned
|rule|HP Percentage Mod: HP is shown in percentages
|teampreview
|
|start
|switch|p1a: Conkeldurr|Conkeldurr, F|401\/401
|switch|p2a: Rotom-Wash|Rotom-Wash|241\/241
|turn|1
|
|move|p2a: Rotom-Wash|Volt Switch|p1a: Conkeldurr
|-damage|p1a: Conkeldurr|305\/401
|
|switch|p2a: Clefable|Clefable, F|394\/394
|move|p1a: Conkeldurr|Knock Off|p2a: Clefable
|-resisted|p2a: Clefable
|-damage|p2a: Clefable|334\/394
|-enditem|p2a: Clefable|Leftovers|[from] move: Knock Off|[of] p1a: Conkeldurr
|
|turn|2
|
|switch|p1a: Landorus-Therian|Landorus-Therian, M|382\/382
|-ability|p1a: Landorus-Therian|Intimidate|[of] p2a: Clefable
|-unboost|p2a: Clefable|atk|1
|move|p2a: Clefable|Moonblast|p1a: Landorus-Therian
|-damage|p1a: Landorus-Therian|264\/382
|
|-heal|p1a: Landorus-Therian|287\/382|[from] item: Leftovers
|turn|3
|
|move|p1a: Landorus-Therian|Stealth Rock|p2a: Clefable
|-sidestart|p2: Animus Majulous|move: Stealth Rock
|move|p2a: Clefable|Moonblast|p1a: Landorus-Therian
|-damage|p1a: Landorus-Therian|167\/382
|-unboost|p1a: Landorus-Therian|spa|1
|
|-heal|p1a: Landorus-Therian|190\/382|[from] item: Leftovers
|turn|4
|
|move|p1a: Landorus-Therian|U-turn|p2a: Clefable
|-resisted|p2a: Clefable
|-damage|p2a: Clefable|300\/394
|
|switch|p1a: Chansey|Chansey, F|704\/704
|move|p2a: Clefable|Moonblast|p1a: Chansey
|-damage|p1a: Chansey|640\/704
|-unboost|p1a: Chansey|spa|1
|
|turn|5
|join|Ill leave
|
|switch|p2a: Gothitelle|Gothitelle, F|312\/312
|-damage|p2a: Gothitelle|273\/312|[from] Stealth Rock
|switch|p1a: Scizor|Scizor, F|343\/343
|
|turn|6
|c|âAnimus Majulous|wp
|c|âCunty Vibes|now die goth!
|
|detailschange|p1a: Scizor|Scizor-Mega, F
|message|Scizor has Mega Evolved into Mega Scizor!
|move|p2a: Gothitelle|Hidden Power|p1a: Scizor
|-supereffective|p1a: Scizor
|-damage|p1a: Scizor|0 fnt
|faint|p1a: Scizor
|
|c|âCunty Vibes|fuck
|
|switch|p1a: Conkeldurr|Conkeldurr, F|305\/401
|turn|7
|c|âAnimus Majulous|inb4 reveals hp ice
|c| Ill leave|bop
|c|âCunty Vibes|I've basically lost
|c|âCunty Vibes|Goth destroys my team
|c|âAnimus Majulous|pretty much why I use it
|
|switch|p2a: Clefable|Clefable, F|300\/394
|move|p1a: Conkeldurr|Ice Punch|p2a: Clefable
|-damage|p2a: Clefable|208\/394
|
|turn|8
|c|âCunty Vibes|pursuit Scizor is my counter lol
|c|âCunty Vibes|was not expecting the hp fire
|c|âAnimus Majulous|lol
|
|switch|p1a: Clefable|Clefable, F|394\/394
|move|p2a: Clefable|Moonlight|p2a: Clefable
|-heal|p2a: Clefable|394\/394
|
|turn|9
|c|âAnimus Majulous|not many people use it
|
|switch|p2a: Breloom|Breloom, F|262\/262
|-damage|p2a: Breloom|246\/262|[from] Stealth Rock
|move|p1a: Clefable|Calm Mind|p1a: Clefable
|-boost|p1a: Clefable|spa|1
|-boost|p1a: Clefable|spd|1
|
|turn|10
|
|move|p2a: Breloom|Spore|p1a: Clefable
|-status|p1a: Clefable|slp
|cant|p1a: Clefable|slp
|
|turn|11
|c| Ill leave|tbh i think shadow tag is a dumb like it fucks up stall so badly
|
|move|p2a: Breloom|Bullet Seed|p1a: Clefable
|-damage|p1a: Clefable|319\/394 slp
|-damage|p1a: Clefable|244\/394 slp
|-hitcount|p1a: Clefable|2
|-damage|p2a: Breloom|220\/262|[from] item: Life Orb
|cant|p1a: Clefable|slp
|
|-heal|p1a: Clefable|268\/394 slp|[from] item: Leftovers
|turn|12
|c|âCunty Vibes|I hate it so much
|c|âAnimus Majulous|stall in itself is dumb imo
|c| Ill leave|no 
|
|move|p2a: Breloom|Bullet Seed|p1a: Clefable
|-damage|p1a: Clefable|194\/394 slp
|-damage|p1a: Clefable|116\/394 slp
|-damage|p1a: Clefable|38\/394 slp
|-damage|p1a: Clefable|0 fnt
|-hitcount|p1a: Clefable|4
|-damage|p2a: Breloom|194\/262|[from] item: Life Orb
|faint|p1a: Clefable
|
|c| Ill leave|its a style 
|c| Ill leave|as much as i hate playing it 
|c|âCunty Vibes|ugh
|c|âCunty Vibes|gg
|c| Ill leave|its a style 
|-message|Cunty Vibes forfeited.
|
|win|Animus Majulous
|raw|Ladder updating...
|leave|Cunty Vibes
|player|p1
|raw|Cunty Vibes's rating: 1878 &rarr; <strong>1847<\/strong><br \/>(-31 for losing)
|raw|Animus Majulous's rating: 1669 &rarr; <strong>1700<\/strong><br \/>(+31 for winning)
|c|âAnimus Majulous|gg
|c| Ill leave|wp though