|join|Cunty Vibes
|join|DisIsA_Name
|player|p1|Cunty Vibes|185
|player|p2|DisIsA_Name|283
|gametype|singles
|gen|6
|tier|OU
|rated
|clearpoke
|poke|p1|Chansey, F
|poke|p1|Cresselia, F
|poke|p1|Zapdos
|poke|p1|Alomomola, F
|poke|p1|Aegislash, M
|poke|p1|Tyranitar, M
|poke|p2|Deoxys-Defense
|poke|p2|Bisharp, M
|poke|p2|Aegislash, M
|poke|p2|Thundurus, M
|poke|p2|Gyarados, M
|poke|p2|Landorus, M
|rule|Swagger Clause: Swagger is banned
|rule|Baton Pass Clause: Limit three PokÃ©mon knowing Baton Pass
|rule|Sleep Clause Mod: Limit one foe put to sleep
|rule|Species Clause: Limit one of each PokÃ©mon
|rule|OHKO Clause: OHKO moves are banned
|rule|Moody Clause: Moody is banned
|rule|Evasion Moves Clause: Evasion moves are banned
|rule|Endless Battle Clause: Forcing endless battles is banned
|rule|HP Percentage Mod: HP is reported as percentages
|teampreview
|
|start
|switch|p1a: Aegislash|Aegislash, M|324\/324
|switch|p2a: Aegislash|Aegislash, M|261\/261
|-item|p2a: Aegislash|Air Balloon
|turn|1
|
|-formechange|p2a: Aegislash|Aegislash-Blade
|move|p2a: Aegislash|Shadow Ball|p1a: Aegislash
|-supereffective|p1a: Aegislash
|-damage|p1a: Aegislash|114\/324
|-formechange|p1a: Aegislash|Aegislash-Blade
|move|p1a: Aegislash|Shadow Ball|p2a: Aegislash
|-supereffective|p2a: Aegislash
|-damage|p2a: Aegislash|0 fnt
|-enditem|p2a: Aegislash|Air Balloon
|faint|p2a: Aegislash
|
|-heal|p1a: Aegislash|134\/324|[from] item: Leftovers
|
|switch|p2a: Bisharp|Bisharp, M|279\/279
|turn|2
|
|switch|p1a: Zapdos|Zapdos|384\/384
|-ability|p1a: Zapdos|Pressure
|move|p2a: Bisharp|Knock Off|p1a: Zapdos
|-damage|p1a: Zapdos|233\/384
|-enditem|p1a: Zapdos|Leftovers|[from] move: Knock Off|[of] p2a: Bisharp
|
|turn|3
|
|switch|p2a: Deoxys-Defense|Deoxys-Defense|304\/304
|-ability|p2a: Deoxys-Defense|Pressure
|move|p1a: Zapdos|Roost|p1a: Zapdos
|-heal|p1a: Zapdos|384\/384
|
|turn|4
|
|move|p2a: Deoxys-Defense|Stealth Rock|p1a: Zapdos
|-sidestart|p1: Cunty Vibes|move: Stealth Rock
|move|p1a: Zapdos|Thunderbolt|p2a: Deoxys-Defense
|-damage|p2a: Deoxys-Defense|219\/304
|
|turn|5
|
|switch|p2a: Bisharp|Bisharp, M|279\/279
|move|p1a: Zapdos|Defog|p2a: Bisharp
|-unboost|p2a: Bisharp|evasion|1
|-boost|p2a: Bisharp|atk|2|[from] ability: Defiant
|-sideend|p1: Cunty Vibes|Stealth Rock|[from] move: Defog|[of] p1a: Zapdos
|
|turn|6
|
|move|p2a: Bisharp|Pursuit|p1a: Zapdos
|-crit|p1a: Zapdos
|-damage|p1a: Zapdos|182\/384
|move|p1a: Zapdos|Heat Wave|p2a: Bisharp
|-supereffective|p2a: Bisharp
|-damage|p2a: Bisharp|17\/279
|
|turn|7
|
|move|p2a: Bisharp|Knock Off|p1a: Zapdos
|-damage|p1a: Zapdos|0 fnt
|faint|p1a: Zapdos
|
|
|switch|p1a: Alomomola|Alomomola, F|534\/534
|turn|8
|
|move|p2a: Bisharp|Knock Off|p1a: Alomomola
|-damage|p1a: Alomomola|170\/534
|-damage|p2a: Bisharp|0 fnt|[from] item: Rocky Helmet|[of] p1a: Alomomola
|faint|p2a: Bisharp
|move|p1a: Alomomola|Wish|p1a: Alomomola
|
|
|switch|p2a: Gyarados|Gyarados, M|332\/332
|-ability|p2a: Gyarados|Intimidate|[of] p1a: Alomomola
|-unboost|p1a: Alomomola|atk|1
|turn|9
|
|detailschange|p2a: Gyarados|Gyarados-Mega, M
|message|Gyarados has Mega Evolved into Mega Gyarados!
|-ability|p2a: Gyarados|Mold Breaker
|move|p2a: Gyarados|Dragon Dance|p2a: Gyarados
|-boost|p2a: Gyarados|atk|1
|-boost|p2a: Gyarados|spe|1
|move|p1a: Alomomola|Scald|p2a: Gyarados
|-resisted|p2a: Gyarados
|-damage|p2a: Gyarados|312\/332
|
|-heal|p1a: Alomomola|437\/534|[from] move: Wish|[wisher] Alomomola
|turn|10
|
|move|p2a: Gyarados|Earthquake|p1a: Alomomola
|-crit|p1a: Alomomola
|-damage|p1a: Alomomola|158\/534
|move|p1a: Alomomola|Scald|p2a: Gyarados
|-resisted|p2a: Gyarados
|-damage|p2a: Gyarados|295\/332
|
|turn|11
|
|switch|p1a: Cresselia|Cresselia, F|444\/444
|move|p2a: Gyarados|Earthquake|p1a: Cresselia
|-damage|p1a: Cresselia|307\/444
|
|-heal|p1a: Cresselia|334\/444|[from] item: Leftovers
|turn|12
|
|switch|p2a: Deoxys-Defense|Deoxys-Defense|219\/304
|-ability|p2a: Deoxys-Defense|Pressure
|move|p1a: Cresselia|Toxic|p2a: Deoxys-Defense
|-status|p2a: Deoxys-Defense|tox
|
|-heal|p1a: Cresselia|361\/444|[from] item: Leftovers
|-damage|p2a: Deoxys-Defense|200\/304 tox|[from] psn
|turn|13
|
|switch|p1a: Aegislash|Aegislash, M|134\/324
|move|p2a: Deoxys-Defense|Stealth Rock|p1a: Aegislash
|-sidestart|p1: Cunty Vibes|move: Stealth Rock
|
|-heal|p1a: Aegislash|154\/324|[from] item: Leftovers
|-damage|p2a: Deoxys-Defense|162\/304 tox|[from] psn
|turn|14
|
|move|p2a: Deoxys-Defense|Thunder Wave|p1a: Aegislash
|-status|p1a: Aegislash|par
|move|p1a: Aegislash|Substitute|p1a: Aegislash
|-start|p1a: Aegislash|Substitute
|-damage|p1a: Aegislash|73\/324 par
|
|-heal|p1a: Aegislash|93\/324 par|[from] item: Leftovers
|-damage|p2a: Deoxys-Defense|105\/304 tox|[from] psn
|turn|15
|
|move|p2a: Deoxys-Defense|Spikes|p1a: Aegislash
|-sidestart|p1: Cunty Vibes|Spikes
|-formechange|p1a: Aegislash|Aegislash-Blade
|move|p1a: Aegislash|Shadow Ball|p2a: Deoxys-Defense
|-supereffective|p2a: Deoxys-Defense
|-damage|p2a: Deoxys-Defense|0 fnt
|faint|p2a: Deoxys-Defense
|
|-heal|p1a: Aegislash|113\/324 par|[from] item: Leftovers
|
|switch|p2a: Gyarados|Gyarados-Mega, M|295\/332
|-ability|p2a: Gyarados|Mold Breaker
|turn|16
|
|move|p2a: Gyarados|Earthquake|p1a: Aegislash
|-supereffective|p1a: Aegislash
|-end|p1a: Aegislash|Substitute
|move|p1a: Aegislash|Toxic|p2a: Gyarados|[miss]
|-miss|p1a: Aegislash|p2a: Gyarados
|
|-heal|p1a: Aegislash|133\/324 par|[from] item: Leftovers
|turn|17
|
|switch|p1a: Cresselia|Cresselia, F|361\/444
|-damage|p1a: Cresselia|306\/444|[from] Stealth Rock
|move|p2a: Gyarados|Earthquake|p1a: Cresselia
|-damage|p1a: Cresselia|217\/444
|
|-heal|p1a: Cresselia|244\/444|[from] item: Leftovers
|turn|18
|
|move|p2a: Gyarados|Dragon Dance|p2a: Gyarados
|-boost|p2a: Gyarados|atk|1
|-boost|p2a: Gyarados|spe|1
|move|p1a: Cresselia|Toxic|p2a: Gyarados
|-status|p2a: Gyarados|tox
|
|-heal|p1a: Cresselia|271\/444|[from] item: Leftovers
|-damage|p2a: Gyarados|275\/332 tox|[from] psn
|turn|19
|
|switch|p1a: Aegislash|Aegislash, M|133\/324 par
|-damage|p1a: Aegislash|113\/324 par|[from] Stealth Rock
|-damage|p1a: Aegislash|73\/324 par|[from] Spikes
|move|p2a: Gyarados|Waterfall|p1a: Aegislash
|-damage|p1a: Aegislash|0 fnt
|faint|p1a: Aegislash
|
|-damage|p2a: Gyarados|235\/332 tox|[from] psn
|
|switch|p1a: Alomomola|Alomomola, F|336\/534
|-damage|p1a: Alomomola|270\/534|[from] Spikes
|-damage|p1a: Alomomola|204\/534|[from] Stealth Rock
|turn|20
|
|move|p2a: Gyarados|Earthquake|p1a: Alomomola
|-damage|p1a: Alomomola|0 fnt
|faint|p1a: Alomomola
|
|-damage|p2a: Gyarados|175\/332 tox|[from] psn
|
|switch|p1a: Chansey|Chansey, F|704\/704
|-damage|p1a: Chansey|616\/704|[from] Stealth Rock
|-damage|p1a: Chansey|528\/704|[from] Spikes
|turn|21
|
|move|p1a: Chansey|Protect|p1a: Chansey
|-singleturn|p1a: Chansey|Protect
|move|p2a: Gyarados|Dragon Dance|p2a: Gyarados
|-boost|p2a: Gyarados|atk|1
|-boost|p2a: Gyarados|spe|1
|
|-damage|p2a: Gyarados|95\/332 tox|[from] psn
|turn|22
|
|move|p2a: Gyarados|Waterfall|p1a: Chansey
|-damage|p1a: Chansey|95\/704
|cant|p1a: Chansey|flinch
|
|-damage|p2a: Gyarados|0 fnt|[from] psn
|faint|p2a: Gyarados
|
|switch|p2a: Landorus|Landorus, M|319\/319
|turn|23
|
|switch|p1a: Cresselia|Cresselia, F|271\/444
|-damage|p1a: Cresselia|216\/444|[from] Stealth Rock
|move|p2a: Landorus|Earth Power|p1a: Cresselia
|-immune|p1a: Cresselia|[msg]
|
|-heal|p1a: Cresselia|243\/444|[from] item: Leftovers
|turn|24
|
|move|p2a: Landorus|Sludge Wave|p1a: Cresselia
|-damage|p1a: Cresselia|103\/444
|move|p1a: Cresselia|Ice Beam|p2a: Landorus
|-supereffective|p2a: Landorus
|-damage|p2a: Landorus|31\/319
|
|-heal|p1a: Cresselia|130\/444|[from] item: Leftovers
|turn|25
|
|move|p2a: Landorus|Sludge Wave|p1a: Cresselia
|-damage|p1a: Cresselia|0 fnt
|faint|p1a: Cresselia
|
|
|switch|p1a: Tyranitar|Tyranitar, M|404\/404
|-damage|p1a: Tyranitar|354\/404|[from] Stealth Rock
|-damage|p1a: Tyranitar|304\/404|[from] Spikes
|-weather|Sandstorm
|turn|26
|
|detailschange|p1a: Tyranitar|Tyranitar-Mega, M
|message|Tyranitar has Mega Evolved into Mega Tyranitar!
|move|p2a: Landorus|Earth Power|p1a: Tyranitar
|-supereffective|p1a: Tyranitar
|-damage|p1a: Tyranitar|39\/404
|move|p1a: Tyranitar|Ice Punch|p2a: Landorus
|-supereffective|p2a: Landorus
|-damage|p2a: Landorus|0 fnt
|faint|p2a: Landorus
|
|-weather|Sandstorm|[upkeep]
|
|switch|p2a: Thundurus|Thundurus, M|299\/299
|turn|27
|
|move|p2a: Thundurus|Thunderbolt|p1a: Tyranitar
|-damage|p1a: Tyranitar|0 fnt
|-damage|p2a: Thundurus|270\/299|[from] item: Life Orb
|faint|p1a: Tyranitar
|
|-weather|Sandstorm|[upkeep]
|-damage|p2a: Thundurus|252\/299|[from] sandstorm
|-message|Cunty Vibes forfeited.
|
|win|DisIsA_Name
|raw|Ladder updating...
|leave|Cunty Vibes
|player|p1
|raw|Cunty Vibes's rating: 1874 &rarr; <strong>1845<\/strong><br \/>(-29 for losing)
|raw|DisIsA_Name's rating: 1715 &rarr; <strong>1744<\/strong><br \/>(+29 for winning)