|join|Leilan
|join|Cunty Vibes
|player|p1|Leilan|265
|player|p2|Cunty Vibes|185
|gametype|singles
|gen|6
|tier|OU
|rated
|clearpoke
|poke|p1|Heracross, F
|poke|p1|Raikou
|poke|p1|Weezing, F
|poke|p1|Bisharp, F
|poke|p1|Garchomp, M
|poke|p1|Suicune
|poke|p2|Chansey, F
|poke|p2|Cresselia, F
|poke|p2|Zapdos
|poke|p2|Alomomola, F
|poke|p2|Aegislash, M
|poke|p2|Tyranitar, M
|rule|Swagger Clause: Swagger is banned
|rule|Baton Pass Clause: Limit one PokÃ©mon knowing Baton Pass
|rule|Sleep Clause Mod: Limit one foe put to sleep
|rule|Species Clause: Limit one of each PokÃ©mon
|rule|OHKO Clause: OHKO moves are banned
|rule|Moody Clause: Moody is banned
|rule|Evasion Moves Clause: Evasion moves are banned
|rule|Endless Battle Clause: Forcing endless battles is banned
|rule|HP Percentage Mod: HP is reported as percentages
|teampreview
|
|start
|switch|p1a: Raikou|Raikou|321\/321
|switch|p2a: Alomomola|Alomomola, F|534\/534
|-ability|p1a: Raikou|Pressure
|turn|1
|
|move|p2a: Alomomola|Protect|p2a: Alomomola
|-singleturn|p2a: Alomomola|Protect
|move|p1a: Raikou|Volt Switch|p2a: Alomomola
|-activate|p2a: Alomomola|Protect
|
|turn|2
|
|switch|p2a: Tyranitar|Tyranitar, M|404\/404
|-weather|Sandstorm
|move|p1a: Raikou|Thunderbolt|p2a: Tyranitar
|-damage|p2a: Tyranitar|299\/404
|
|-weather|Sandstorm|[upkeep]
|-damage|p1a: Raikou|301\/321|[from] sandstorm
|turn|3
|
|switch|p1a: Weezing|Weezing, F|334\/334
|detailschange|p2a: Tyranitar|Tyranitar-Mega, M
|message|Tyranitar has Mega Evolved into Mega Tyranitar!
|move|p2a: Tyranitar|Stealth Rock|p1a: Weezing
|-sidestart|p1: Leilan|move: Stealth Rock
|
|-weather|Sandstorm|[upkeep]
|-damage|p1a: Weezing|314\/334|[from] sandstorm
|-heal|p1a: Weezing|334\/334|[from] item: Black Sludge
|turn|4
|
|move|p2a: Tyranitar|Stone Edge|p1a: Weezing
|-damage|p1a: Weezing|192\/334
|move|p1a: Weezing|Will-O-Wisp|p2a: Tyranitar
|-status|p2a: Tyranitar|brn
|
|-weather|Sandstorm|[upkeep]
|-damage|p1a: Weezing|172\/334|[from] sandstorm
|-heal|p1a: Weezing|192\/334|[from] item: Black Sludge
|-damage|p2a: Tyranitar|249\/404 brn|[from] brn
|turn|5
|
|switch|p2a: Zapdos|Zapdos|384\/384
|-ability|p2a: Zapdos|Pressure
|move|p1a: Weezing|Pain Split|p2a: Zapdos
|-sethp|p2a: Zapdos|288\/384|p1a: Weezing|288\/334|[from] move: Pain Split
|
|-weather|Sandstorm|[upkeep]
|-damage|p2a: Zapdos|264\/384|[from] sandstorm
|-damage|p1a: Weezing|268\/334|[from] sandstorm
|-heal|p2a: Zapdos|288\/384|[from] item: Leftovers
|-heal|p1a: Weezing|288\/334|[from] item: Black Sludge
|turn|6
|
|move|p2a: Zapdos|Thunderbolt|p1a: Weezing
|-damage|p1a: Weezing|107\/334
|move|p1a: Weezing|Pain Split|p2a: Zapdos
|-sethp|p2a: Zapdos|197\/384|p1a: Weezing|197\/334|[from] move: Pain Split
|
|-weather|none
|-heal|p2a: Zapdos|221\/384|[from] item: Leftovers
|-heal|p1a: Weezing|217\/334|[from] item: Black Sludge
|turn|7
|
|switch|p1a: Garchomp|Garchomp, M|357\/357
|-damage|p1a: Garchomp|335\/357|[from] Stealth Rock
|move|p2a: Zapdos|Roost|p2a: Zapdos
|-heal|p2a: Zapdos|384\/384
|
|turn|8
|
|switch|p2a: Cresselia|Cresselia, F|444\/444
|move|p1a: Garchomp|Stone Edge|p2a: Cresselia
|-damage|p2a: Cresselia|367\/444
|
|-heal|p2a: Cresselia|394\/444|[from] item: Leftovers
|turn|9
|
|switch|p1a: Bisharp|Bisharp, F|271\/271
|-damage|p1a: Bisharp|255\/271|[from] Stealth Rock
|switch|p2a: Zapdos|Zapdos|384\/384
|-ability|p2a: Zapdos|Pressure
|
|turn|10
|
|move|p2a: Zapdos|Heat Wave|p1a: Bisharp
|-supereffective|p1a: Bisharp
|-damage|p1a: Bisharp|7\/271
|-status|p1a: Bisharp|brn
|move|p1a: Bisharp|Knock Off|p2a: Zapdos
|-damage|p2a: Zapdos|294\/384
|-enditem|p2a: Zapdos|Leftovers|[from] move: Knock Off|[of] p1a: Bisharp
|
|-damage|p1a: Bisharp|0 fnt|[from] brn
|faint|p1a: Bisharp
|
|switch|p1a: Garchomp|Garchomp, M|335\/357
|-damage|p1a: Garchomp|313\/357|[from] Stealth Rock
|turn|11
|
|switch|p2a: Alomomola|Alomomola, F|534\/534
|move|p1a: Garchomp|Stealth Rock|p2a: Alomomola
|-sidestart|p2: Cunty Vibes|move: Stealth Rock
|
|turn|12
|
|switch|p1a: Raikou|Raikou|301\/321
|-damage|p1a: Raikou|261\/321|[from] Stealth Rock
|-ability|p1a: Raikou|Pressure
|move|p2a: Alomomola|Scald|p1a: Raikou
|-damage|p1a: Raikou|231\/321
|-status|p1a: Raikou|brn
|
|-damage|p1a: Raikou|191\/321 brn|[from] brn
|turn|13
|
|move|p2a: Alomomola|Protect|p2a: Alomomola
|-singleturn|p2a: Alomomola|Protect
|move|p1a: Raikou|Volt Switch|p2a: Alomomola
|-activate|p2a: Alomomola|Protect
|
|-damage|p1a: Raikou|151\/321 brn|[from] brn
|turn|14
|
|move|p1a: Raikou|Volt Switch|p2a: Alomomola
|-supereffective|p2a: Alomomola
|-damage|p2a: Alomomola|150\/534
|
|switch|p1a: Weezing|Weezing, F|217\/334
|-damage|p1a: Weezing|176\/334|[from] Stealth Rock
|move|p2a: Alomomola|Mirror Coat|p1a: Weezing
|-damage|p1a: Weezing|0 fnt
|faint|p1a: Weezing
|
|
|switch|p1a: Garchomp|Garchomp, M|313\/357
|-damage|p1a: Garchomp|291\/357|[from] Stealth Rock
|turn|15
|
|switch|p2a: Cresselia|Cresselia, F|394\/444
|-damage|p2a: Cresselia|339\/444|[from] Stealth Rock
|move|p1a: Garchomp|Dragon Claw|p2a: Cresselia
|-damage|p2a: Cresselia|246\/444
|
|-heal|p2a: Cresselia|273\/444|[from] item: Leftovers
|turn|16
|
|switch|p1a: Heracross|Heracross, F|311\/311
|-damage|p1a: Heracross|273\/311|[from] Stealth Rock
|move|p2a: Cresselia|Ice Beam|p1a: Heracross
|-damage|p1a: Heracross|218\/311
|
|-heal|p2a: Cresselia|300\/444|[from] item: Leftovers
|turn|17
|
|detailschange|p1a: Heracross|Heracross-Mega, F
|message|Heracross has Mega Evolved into Mega Heracross!
|move|p1a: Heracross|Rock Blast|p2a: Cresselia
|-damage|p2a: Cresselia|274\/444
|-damage|p2a: Cresselia|244\/444
|-damage|p2a: Cresselia|216\/444
|-damage|p2a: Cresselia|190\/444
|-damage|p2a: Cresselia|160\/444
|-hitcount|p2a: Cresselia|5
|move|p2a: Cresselia|Psyshock|p1a: Heracross
|-supereffective|p1a: Heracross
|-damage|p1a: Heracross|90\/311
|
|-heal|p2a: Cresselia|187\/444|[from] item: Leftovers
|turn|18
|
|switch|p2a: Aegislash|Aegislash, M|324\/324
|-damage|p2a: Aegislash|304\/324|[from] Stealth Rock
|move|p1a: Heracross|Rock Blast|p2a: Aegislash
|-resisted|p2a: Aegislash
|-damage|p2a: Aegislash|288\/324
|-resisted|p2a: Aegislash
|-damage|p2a: Aegislash|272\/324
|-resisted|p2a: Aegislash
|-damage|p2a: Aegislash|257\/324
|-resisted|p2a: Aegislash
|-damage|p2a: Aegislash|243\/324
|-resisted|p2a: Aegislash
|-damage|p2a: Aegislash|228\/324
|-hitcount|p2a: Aegislash|5
|
|-heal|p2a: Aegislash|248\/324|[from] item: Leftovers
|turn|19
|
|move|p2a: Aegislash|King's Shield|p2a: Aegislash
|-singleturn|p2a: Aegislash|Protect
|move|p1a: Heracross|Earthquake|p2a: Aegislash
|-activate|p2a: Aegislash|Protect
|
|-heal|p2a: Aegislash|268\/324|[from] item: Leftovers
|turn|20
|
|move|p1a: Heracross|Pin Missile|p2a: Aegislash
|-resisted|p2a: Aegislash
|-damage|p2a: Aegislash|257\/324
|-resisted|p2a: Aegislash
|-damage|p2a: Aegislash|245\/324
|-resisted|p2a: Aegislash
|-damage|p2a: Aegislash|235\/324
|-resisted|p2a: Aegislash
|-damage|p2a: Aegislash|224\/324
|-resisted|p2a: Aegislash
|-damage|p2a: Aegislash|212\/324
|-hitcount|p2a: Aegislash|5
|-formechange|p2a: Aegislash|Aegislash-Blade
|move|p2a: Aegislash|Shadow Ball|p1a: Heracross
|-damage|p1a: Heracross|0 fnt
|faint|p1a: Heracross
|
|-heal|p2a: Aegislash|232\/324|[from] item: Leftovers
|
|switch|p1a: Garchomp|Garchomp, M|291\/357
|-damage|p1a: Garchomp|269\/357|[from] Stealth Rock
|turn|21
|
|-formechange|p2a: Aegislash|Aegislash
|move|p2a: Aegislash|King's Shield|p2a: Aegislash
|-singleturn|p2a: Aegislash|Protect
|move|p1a: Garchomp|Earthquake|p2a: Aegislash
|-activate|p2a: Aegislash|Protect
|
|-heal|p2a: Aegislash|252\/324|[from] item: Leftovers
|turn|22
|
|switch|p2a: Chansey|Chansey, F|704\/704
|-damage|p2a: Chansey|616\/704|[from] Stealth Rock
|move|p1a: Garchomp|Earthquake|p2a: Chansey
|-damage|p2a: Chansey|376\/704
|
|turn|23
|
|switch|p1a: Suicune|Suicune|404\/404
|-damage|p1a: Suicune|354\/404|[from] Stealth Rock
|-ability|p1a: Suicune|Pressure
|move|p2a: Chansey|Wish|p2a: Chansey
|
|-heal|p1a: Suicune|379\/404|[from] item: Leftovers
|turn|24
|
|switch|p2a: Zapdos|Zapdos|294\/384
|-damage|p2a: Zapdos|198\/384|[from] Stealth Rock
|-ability|p2a: Zapdos|Pressure
|move|p1a: Suicune|Calm Mind|p1a: Suicune
|-boost|p1a: Suicune|spa|1
|-boost|p1a: Suicune|spd|1
|
|-heal|p2a: Zapdos|384\/384|[from] move: Wish|[wisher] Chansey
|-heal|p1a: Suicune|404\/404|[from] item: Leftovers
|turn|25
|
|move|p2a: Zapdos|Defog|p1a: Suicune
|-unboost|p1a: Suicune|evasion|1
|-sideend|p1: Leilan|Stealth Rock|[from] move: Defog|[of] p1a: Suicune
|-sideend|p2: Cunty Vibes|Stealth Rock|[from] move: Defog|[of] p2a: Zapdos
|move|p1a: Suicune|Calm Mind|p1a: Suicune
|-boost|p1a: Suicune|spa|1
|-boost|p1a: Suicune|spd|1
|
|turn|26
|
|switch|p2a: Alomomola|Alomomola, F|328\/534
|move|p1a: Suicune|Calm Mind|p1a: Suicune
|-boost|p1a: Suicune|spa|1
|-boost|p1a: Suicune|spd|1
|
|turn|27
|
|switch|p2a: Cresselia|Cresselia, F|187\/444
|move|p1a: Suicune|Calm Mind|p1a: Suicune
|-boost|p1a: Suicune|spa|1
|-boost|p1a: Suicune|spd|1
|
|-heal|p2a: Cresselia|214\/444|[from] item: Leftovers
|turn|28
|
|move|p2a: Cresselia|Toxic|p1a: Suicune
|-status|p1a: Suicune|tox
|move|p1a: Suicune|Scald|p2a: Cresselia
|-damage|p2a: Cresselia|12\/444
|-status|p2a: Cresselia|brn
|
|-heal|p2a: Cresselia|39\/444 brn|[from] item: Leftovers
|-damage|p1a: Suicune|379\/404 tox|[from] psn
|-damage|p2a: Cresselia|0 fnt|[from] brn
|faint|p2a: Cresselia
|
|switch|p2a: Alomomola|Alomomola, F|506\/534
|turn|29
|
|move|p1a: Suicune|Calm Mind|p1a: Suicune
|-boost|p1a: Suicune|spa|1
|-boost|p1a: Suicune|spd|1
|move|p2a: Alomomola|Mirror Coat|p1a: Suicune
|-fail|p1a: Suicune
|
|-heal|p1a: Suicune|404\/404 tox|[from] item: Leftovers
|-damage|p1a: Suicune|354\/404 tox|[from] psn
|turn|30
|
|move|p1a: Suicune|Calm Mind|p1a: Suicune
|-boost|p1a: Suicune|spa|1
|-boost|p1a: Suicune|spd|1
|move|p2a: Alomomola|Mirror Coat|p1a: Suicune
|-fail|p1a: Suicune
|
|-heal|p1a: Suicune|379\/404 tox|[from] item: Leftovers
|-damage|p1a: Suicune|304\/404 tox|[from] psn
|turn|31
|
|move|p1a: Suicune|Rest|p1a: Suicune
|-status|p1a: Suicune|slp
|-heal|p1a: Suicune|404\/404 slp|[silent]
|-status|p1a: Suicune|slp|[from] move: Rest
|move|p2a: Alomomola|Mirror Coat|p1a: Suicune
|-fail|p1a: Suicune
|
|turn|32
|
|cant|p1a: Suicune|slp
|move|p2a: Alomomola|Mirror Coat|p1a: Suicune
|-fail|p1a: Suicune
|
|turn|33
|
|cant|p1a: Suicune|slp
|move|p2a: Alomomola|Wish|p2a: Alomomola
|
|turn|34
|
|-curestatus|p1a: Suicune|slp
|move|p1a: Suicune|Calm Mind|p1a: Suicune
|-fail|p1a: Suicune
|move|p2a: Alomomola|Mirror Coat|p1a: Suicune
|-fail|p1a: Suicune
|
|-heal|p2a: Alomomola|534\/534|[from] move: Wish|[wisher] Alomomola
|turn|35
|
|move|p2a: Alomomola|Protect|p2a: Alomomola
|-singleturn|p2a: Alomomola|Protect
|move|p1a: Suicune|Calm Mind|p1a: Suicune
|-fail|p1a: Suicune
|
|turn|36
|
|move|p1a: Suicune|Calm Mind|p1a: Suicune
|-fail|p1a: Suicune
|move|p2a: Alomomola|Mirror Coat|p1a: Suicune
|-fail|p1a: Suicune
|
|turn|37
|
|switch|p2a: Chansey|Chansey, F|376\/704
|move|p1a: Suicune|Scald|p2a: Chansey
|-damage|p2a: Chansey|144\/704
|
|turn|38
|
|move|p2a: Chansey|Protect|p2a: Chansey
|-singleturn|p2a: Chansey|Protect
|move|p1a: Suicune|Scald|p2a: Chansey
|-activate|p2a: Chansey|Protect
|
|turn|39
|
|move|p1a: Suicune|Scald|p2a: Chansey
|-damage|p2a: Chansey|0 fnt
|faint|p2a: Chansey
|
|
|switch|p2a: Aegislash|Aegislash, M|252\/324
|turn|40
|
|move|p2a: Aegislash|King's Shield|p2a: Aegislash
|-singleturn|p2a: Aegislash|Protect
|move|p1a: Suicune|Scald|p2a: Aegislash
|-activate|p2a: Aegislash|Protect
|
|-heal|p2a: Aegislash|272\/324|[from] item: Leftovers
|turn|41
|
|move|p1a: Suicune|Scald|p2a: Aegislash
|-damage|p2a: Aegislash|26\/324
|move|p2a: Aegislash|Toxic|p1a: Suicune
|-status|p1a: Suicune|tox
|
|-heal|p2a: Aegislash|46\/324|[from] item: Leftovers
|-damage|p1a: Suicune|379\/404 tox|[from] psn
|turn|42
|
|switch|p2a: Tyranitar|Tyranitar-Mega, M|249\/404 brn
|-weather|Sandstorm
|move|p1a: Suicune|Rest|p1a: Suicune
|-status|p1a: Suicune|slp
|-heal|p1a: Suicune|404\/404 slp|[silent]
|-status|p1a: Suicune|slp|[from] move: Rest
|
|-weather|Sandstorm|[upkeep]
|-damage|p1a: Suicune|379\/404 slp|[from] sandstorm
|-heal|p1a: Suicune|404\/404 slp|[from] item: Leftovers
|-damage|p2a: Tyranitar|199\/404 brn|[from] brn
|turn|43
|
|cant|p1a: Suicune|slp
|move|p1a: Suicune|Sleep Talk|p1a: Suicune
|move|p1a: Suicune|Rest|p1a: Suicune|[from]Sleep Talk
|-fail|p1a: Suicune
|move|p2a: Tyranitar|Stealth Rock|p1a: Suicune
|-sidestart|p1: Leilan|move: Stealth Rock
|
|-weather|Sandstorm|[upkeep]
|-damage|p1a: Suicune|379\/404 slp|[from] sandstorm
|-heal|p1a: Suicune|404\/404 slp|[from] item: Leftovers
|-damage|p2a: Tyranitar|149\/404 brn|[from] brn
|turn|44
|
|cant|p1a: Suicune|slp
|move|p1a: Suicune|Sleep Talk|p1a: Suicune
|move|p1a: Suicune|Scald|p2a: Tyranitar|[from]Sleep Talk
|-supereffective|p2a: Tyranitar
|-damage|p2a: Tyranitar|0 fnt
|faint|p2a: Tyranitar
|
|-weather|Sandstorm|[upkeep]
|-damage|p1a: Suicune|379\/404 slp|[from] sandstorm
|-heal|p1a: Suicune|404\/404 slp|[from] item: Leftovers
|
|switch|p2a: Alomomola|Alomomola, F|534\/534
|turn|45
|
|move|p2a: Alomomola|Protect|p2a: Alomomola
|-singleturn|p2a: Alomomola|Protect
|-curestatus|p1a: Suicune|slp
|move|p1a: Suicune|Calm Mind|p1a: Suicune
|-fail|p1a: Suicune
|
|-weather|Sandstorm|[upkeep]
|-damage|p1a: Suicune|379\/404|[from] sandstorm
|-damage|p2a: Alomomola|501\/534|[from] sandstorm
|-heal|p1a: Suicune|404\/404|[from] item: Leftovers
|turn|46
|
|move|p1a: Suicune|Calm Mind|p1a: Suicune
|-fail|p1a: Suicune
|move|p2a: Alomomola|Mirror Coat|p1a: Suicune
|-fail|p1a: Suicune
|
|-weather|none
|turn|47
|
|move|p1a: Suicune|Calm Mind|p1a: Suicune
|-fail|p1a: Suicune
|move|p2a: Alomomola|Mirror Coat|p1a: Suicune
|-fail|p1a: Suicune
|
|turn|48
|
|move|p2a: Alomomola|Protect|p2a: Alomomola
|-singleturn|p2a: Alomomola|Protect
|move|p1a: Suicune|Calm Mind|p1a: Suicune
|-fail|p1a: Suicune
|
|turn|49
|
|move|p1a: Suicune|Calm Mind|p1a: Suicune
|-fail|p1a: Suicune
|move|p2a: Alomomola|Mirror Coat|p1a: Suicune
|-fail|p1a: Suicune
|
|turn|50
|
|move|p1a: Suicune|Calm Mind|p1a: Suicune
|-fail|p1a: Suicune
|move|p2a: Alomomola|Mirror Coat|p1a: Suicune
|-fail|p1a: Suicune
|
|turn|51
|
|move|p1a: Suicune|Calm Mind|p1a: Suicune
|-fail|p1a: Suicune
|move|p2a: Alomomola|Wish|p2a: Alomomola
|
|turn|52
|
|move|p1a: Suicune|Calm Mind|p1a: Suicune
|-fail|p1a: Suicune
|move|p2a: Alomomola|Mirror Coat|p1a: Suicune
|-fail|p1a: Suicune
|
|-heal|p2a: Alomomola|534\/534|[from] move: Wish|[wisher] Alomomola
|turn|53
|
|move|p1a: Suicune|Calm Mind|p1a: Suicune
|-fail|p1a: Suicune
|move|p2a: Alomomola|Wish|p2a: Alomomola
|
|turn|54
|
|move|p1a: Suicune|Calm Mind|p1a: Suicune
|-fail|p1a: Suicune
|move|p2a: Alomomola|Mirror Coat|p1a: Suicune
|-fail|p1a: Suicune
|
|turn|55
|
|move|p1a: Suicune|Calm Mind|p1a: Suicune
|-fail|p1a: Suicune
|move|p2a: Alomomola|Mirror Coat|p1a: Suicune
|-fail|p1a: Suicune
|
|turn|56
|
|move|p1a: Suicune|Calm Mind|p1a: Suicune
|-fail|p1a: Suicune
|move|p2a: Alomomola|Wish|p2a: Alomomola
|
|turn|57
|
|switch|p2a: Aegislash|Aegislash, M|46\/324
|move|p1a: Suicune|Calm Mind|p1a: Suicune
|-fail|p1a: Suicune
|
|-heal|p2a: Aegislash|313\/324|[from] move: Wish|[wisher] Alomomola
|-heal|p2a: Aegislash|324\/324|[from] item: Leftovers
|turn|58
|
|move|p2a: Aegislash|King's Shield|p2a: Aegislash
|-singleturn|p2a: Aegislash|Protect
|move|p1a: Suicune|Scald|p2a: Aegislash
|-activate|p2a: Aegislash|Protect
|
|turn|59
|
|move|p1a: Suicune|Scald|p2a: Aegislash
|-damage|p2a: Aegislash|86\/324
|move|p2a: Aegislash|Toxic|p1a: Suicune
|-status|p1a: Suicune|tox
|
|-heal|p2a: Aegislash|106\/324|[from] item: Leftovers
|-damage|p1a: Suicune|379\/404 tox|[from] psn
|turn|60
|
|move|p2a: Aegislash|King's Shield|p2a: Aegislash
|-singleturn|p2a: Aegislash|Protect
|move|p1a: Suicune|Scald|p2a: Aegislash
|-activate|p2a: Aegislash|Protect
|
|-heal|p1a: Suicune|404\/404 tox|[from] item: Leftovers
|-heal|p2a: Aegislash|126\/324|[from] item: Leftovers
|-damage|p1a: Suicune|354\/404 tox|[from] psn
|turn|61
|
|move|p2a: Aegislash|King's Shield|p2a: Aegislash
|-singleturn|p2a: Aegislash|Protect
|move|p1a: Suicune|Scald|p2a: Aegislash
|-activate|p2a: Aegislash|Protect
|
|-heal|p1a: Suicune|379\/404 tox|[from] item: Leftovers
|-heal|p2a: Aegislash|146\/324|[from] item: Leftovers
|-damage|p1a: Suicune|304\/404 tox|[from] psn
|turn|62
|
|move|p2a: Aegislash|King's Shield|p2a: Aegislash
|-fail|p2a: Aegislash
|move|p1a: Suicune|Scald|p2a: Aegislash
|-damage|p2a: Aegislash|0 fnt
|faint|p2a: Aegislash
|
|-heal|p1a: Suicune|329\/404 tox|[from] item: Leftovers
|-damage|p1a: Suicune|229\/404 tox|[from] psn
|
|switch|p2a: Zapdos|Zapdos|384\/384
|-ability|p2a: Zapdos|Pressure
|turn|63
|
|move|p2a: Zapdos|Thunderbolt|p1a: Suicune
|-supereffective|p1a: Suicune
|-damage|p1a: Suicune|169\/404 tox
|move|p1a: Suicune|Scald|p2a: Zapdos
|-damage|p2a: Zapdos|38\/384
|
|-heal|p1a: Suicune|194\/404 tox|[from] item: Leftovers
|-damage|p1a: Suicune|69\/404 tox|[from] psn
|turn|64
|
|switch|p2a: Alomomola|Alomomola, F|534\/534
|move|p1a: Suicune|Rest|p1a: Suicune
|-status|p1a: Suicune|slp
|-heal|p1a: Suicune|404\/404 slp|[silent]
|-status|p1a: Suicune|slp|[from] move: Rest
|
|turn|65
|
|cant|p1a: Suicune|slp
|move|p2a: Alomomola|Wish|p2a: Alomomola
|
|turn|66
|
|cant|p1a: Suicune|slp
|move|p1a: Suicune|Sleep Talk|p1a: Suicune
|move|p1a: Suicune|Scald|p2a: Alomomola|[from]Sleep Talk
|-resisted|p2a: Alomomola
|-damage|p2a: Alomomola|258\/534
|move|p2a: Alomomola|Mirror Coat|p1a: Suicune
|-damage|p1a: Suicune|0 fnt
|faint|p1a: Suicune
|
|-heal|p2a: Alomomola|525\/534|[from] move: Wish|[wisher] Alomomola
|
|switch|p1a: Garchomp|Garchomp, M|269\/357
|-damage|p1a: Garchomp|247\/357|[from] Stealth Rock
|turn|67
|
|switch|p2a: Zapdos|Zapdos|38\/384
|-ability|p2a: Zapdos|Pressure
|move|p1a: Garchomp|Stealth Rock|p2a: Zapdos
|-sidestart|p2: Cunty Vibes|move: Stealth Rock
|
|turn|68
|
|move|p1a: Garchomp|Dragon Claw|p2a: Zapdos
|-damage|p2a: Zapdos|0 fnt
|faint|p2a: Zapdos
|
|
|switch|p2a: Alomomola|Alomomola, F|534\/534
|-damage|p2a: Alomomola|468\/534|[from] Stealth Rock
|turn|69
|
|move|p1a: Garchomp|Earthquake|p2a: Alomomola
|-damage|p2a: Alomomola|308\/534
|move|p2a: Alomomola|Scald|p1a: Garchomp
|-damage|p1a: Garchomp|186\/357
|
|turn|70
|
|move|p1a: Garchomp|Earthquake|p2a: Alomomola
|-damage|p2a: Alomomola|152\/534
|move|p2a: Alomomola|Wish|p2a: Alomomola
|
|turn|71
|
|move|p2a: Alomomola|Protect|p2a: Alomomola
|-singleturn|p2a: Alomomola|Protect
|move|p1a: Garchomp|Earthquake|p2a: Alomomola
|-activate|p2a: Alomomola|Protect
|
|-heal|p2a: Alomomola|419\/534|[from] move: Wish|[wisher] Alomomola
|turn|72
|
|move|p1a: Garchomp|Earthquake|p2a: Alomomola
|-damage|p2a: Alomomola|259\/534
|move|p2a: Alomomola|Wish|p2a: Alomomola
|
|turn|73
|
|move|p1a: Garchomp|Earthquake|p2a: Alomomola
|-damage|p2a: Alomomola|106\/534
|move|p2a: Alomomola|Scald|p1a: Garchomp
|-damage|p1a: Garchomp|126\/357
|-status|p1a: Garchomp|brn
|
|-heal|p2a: Alomomola|373\/534|[from] move: Wish|[wisher] Alomomola
|-damage|p1a: Garchomp|82\/357 brn|[from] brn
|turn|74
|
|switch|p1a: Raikou|Raikou|151\/321 brn
|-damage|p1a: Raikou|111\/321 brn|[from] Stealth Rock
|-ability|p1a: Raikou|Pressure
|move|p2a: Alomomola|Wish|p2a: Alomomola
|
|-damage|p1a: Raikou|71\/321 brn|[from] brn
|turn|75
|
|move|p2a: Alomomola|Protect|p2a: Alomomola
|-singleturn|p2a: Alomomola|Protect
|move|p1a: Raikou|Thunderbolt|p2a: Alomomola
|-activate|p2a: Alomomola|Protect
|
|-heal|p2a: Alomomola|534\/534|[from] move: Wish|[wisher] Alomomola
|-damage|p1a: Raikou|31\/321 brn|[from] brn
|turn|76
|
|move|p2a: Alomomola|Protect|p2a: Alomomola
|-fail|p2a: Alomomola
|move|p1a: Raikou|Thunderbolt|p2a: Alomomola
|-supereffective|p2a: Alomomola
|-damage|p2a: Alomomola|34\/534
|
|-damage|p1a: Raikou|0 fnt|[from] brn
|faint|p1a: Raikou
|
|switch|p1a: Garchomp|Garchomp, M|82\/357 brn
|-damage|p1a: Garchomp|60\/357 brn|[from] Stealth Rock
|turn|77
|
|move|p2a: Alomomola|Protect|p2a: Alomomola
|-singleturn|p2a: Alomomola|Protect
|move|p1a: Garchomp|Earthquake|p2a: Alomomola
|-activate|p2a: Alomomola|Protect
|
|-damage|p1a: Garchomp|16\/357 brn|[from] brn
|turn|78
|
|move|p2a: Alomomola|Protect|p2a: Alomomola
|-fail|p2a: Alomomola
|move|p1a: Garchomp|Earthquake|p2a: Alomomola
|-crit|p2a: Alomomola
|-damage|p2a: Alomomola|0 fnt
|faint|p2a: Alomomola
|
|win|Leilan
|raw|Ladder updating...
|raw|Leilan's rating: 1713 &rarr; <strong>1731<\/strong><br \/>(+18 for winning)
|raw|Cunty Vibes's rating: 1676 &rarr; <strong>1658<\/strong><br \/>(-18 for losing)
|chat|Leilan|gg
|chat|Cunty Vibes|gg
|leave|Cunty Vibes
|player|p2