|join|Cunty Vibes
|join|MCBarrett
|player|p1|Cunty Vibes|185
|player|p2|MCBarrett|1
|gametype|singles
|gen|6
|tier|OU
|rated
|clearpoke
|poke|p1|Clefable, F
|poke|p1|Conkeldurr, M
|poke|p1|Landorus-Therian, M
|poke|p1|Chansey, F
|poke|p1|Scizor, F
|poke|p1|Alomomola, F
|poke|p2|Landorus-Therian, M
|poke|p2|Manectric, M
|poke|p2|Heatran, M
|poke|p2|Ferrothorn, F
|poke|p2|Clefable, M
|poke|p2|Latios, M
|rule|Swagger Clause: Swagger is banned
|rule|Baton Pass Clause: Limit one PokÃ©mon knowing Baton Pass
|rule|Sleep Clause Mod: Limit one foe put to sleep
|rule|Species Clause: Limit one of each PokÃ©mon
|rule|OHKO Clause: OHKO moves are banned
|rule|Moody Clause: Moody is banned
|rule|Evasion Moves Clause: Evasion moves are banned
|rule|Endless Battle Clause: Forcing endless battles is banned
|rule|HP Percentage Mod: HP is shown in percentages
|teampreview
|
|start
|switch|p1a: Conkeldurr|Conkeldurr, M|401\/401
|switch|p2a: Manectric|Manectric, M|281\/281
|turn|1
|
|detailschange|p2a: Manectric|Manectric-Mega, M
|message|Manectric has Mega Evolved into Mega Manectric!
|-ability|p2a: Manectric|Intimidate|[of] p1a: Conkeldurr
|-unboost|p1a: Conkeldurr|atk|1
|move|p2a: Manectric|Volt Switch|p1a: Conkeldurr
|-damage|p1a: Conkeldurr|292\/401
|
|switch|p2a: Clefable|Clefable, M|394\/394
|move|p1a: Conkeldurr|Knock Off|p2a: Clefable
|-resisted|p2a: Clefable
|-damage|p2a: Clefable|347\/394
|-enditem|p2a: Clefable|Leftovers|[from] move: Knock Off|[of] p1a: Conkeldurr
|
|turn|2
|
|switch|p1a: Landorus-Therian|Landorus-Therian, M|382\/382
|-ability|p1a: Landorus-Therian|Intimidate|[of] p2a: Clefable
|-unboost|p2a: Clefable|atk|1
|move|p2a: Clefable|Calm Mind|p2a: Clefable
|-boost|p2a: Clefable|spa|1
|-boost|p2a: Clefable|spd|1
|
|turn|3
|
|move|p1a: Landorus-Therian|Stealth Rock|p2a: Clefable
|-sidestart|p2: MCBarrett|move: Stealth Rock
|move|p2a: Clefable|Soft-Boiled|p2a: Clefable
|-heal|p2a: Clefable|394\/394
|
|turn|4
|
|move|p1a: Landorus-Therian|U-turn|p2a: Clefable
|-resisted|p2a: Clefable
|-damage|p2a: Clefable|355\/394
|
|switch|p1a: Clefable|Clefable, F|394\/394
|move|p2a: Clefable|Moonblast|p1a: Clefable
|-damage|p1a: Clefable|285\/394
|
|-heal|p1a: Clefable|309\/394|[from] item: Leftovers
|turn|5
|
|switch|p2a: Heatran|Heatran, M|385\/385
|-damage|p2a: Heatran|337\/385|[from] Stealth Rock
|move|p1a: Clefable|Moonblast|p2a: Heatran
|-resisted|p2a: Heatran
|-damage|p2a: Heatran|319\/385
|
|-heal|p2a: Heatran|343\/385|[from] item: Leftovers
|-heal|p1a: Clefable|333\/394|[from] item: Leftovers
|turn|6
|
|switch|p1a: Conkeldurr|Conkeldurr, M|292\/401
|move|p2a: Heatran|Toxic|p1a: Conkeldurr
|-status|p1a: Conkeldurr|tox
|
|-heal|p2a: Heatran|367\/385|[from] item: Leftovers
|-damage|p1a: Conkeldurr|267\/401 tox|[from] psn
|turn|7
|
|switch|p2a: Clefable|Clefable, M|355\/394
|move|p1a: Conkeldurr|Ice Punch|p2a: Clefable
|-damage|p2a: Clefable|187\/394
|
|-damage|p1a: Conkeldurr|217\/401 tox|[from] psn
|turn|8
|
|move|p2a: Clefable|Soft-Boiled|p2a: Clefable
|-heal|p2a: Clefable|384\/394
|move|p1a: Conkeldurr|Drain Punch|p2a: Clefable
|-resisted|p2a: Clefable
|-damage|p2a: Clefable|256\/394
|-heal|p1a: Conkeldurr|281\/401 tox|[from] drain|[of] p2a: Clefable
|
|-damage|p1a: Conkeldurr|206\/401 tox|[from] psn
|turn|9
|
|switch|p1a: Landorus-Therian|Landorus-Therian, M|382\/382
|-ability|p1a: Landorus-Therian|Intimidate|[of] p2a: Clefable
|-unboost|p2a: Clefable|atk|1
|move|p2a: Clefable|Soft-Boiled|p2a: Clefable
|-heal|p2a: Clefable|394\/394
|
|turn|10
|
|move|p1a: Landorus-Therian|U-turn|p2a: Clefable
|-resisted|p2a: Clefable
|-damage|p2a: Clefable|352\/394
|
|switch|p1a: Chansey|Chansey, F|704\/704
|move|p2a: Clefable|Moonblast|p1a: Chansey
|-damage|p1a: Chansey|629\/704
|
|turn|11
|
|move|p2a: Clefable|Calm Mind|p2a: Clefable
|-boost|p2a: Clefable|spa|1
|-boost|p2a: Clefable|spd|1
|move|p1a: Chansey|Wish|p1a: Chansey
|
|turn|12
|
|switch|p1a: Clefable|Clefable, F|333\/394
|move|p2a: Clefable|Calm Mind|p2a: Clefable
|-boost|p2a: Clefable|spa|1
|-boost|p2a: Clefable|spd|1
|
|-heal|p1a: Clefable|394\/394|[from] move: Wish|[wisher] Chansey
|turn|13
|
|move|p2a: Clefable|Moonblast|p1a: Clefable
|-damage|p1a: Clefable|283\/394
|-unboost|p1a: Clefable|spa|1
|move|p1a: Clefable|Moonblast|p2a: Clefable
|-damage|p2a: Clefable|285\/394
|
|-heal|p1a: Clefable|307\/394|[from] item: Leftovers
|turn|14
|
|switch|p1a: Chansey|Chansey, F|629\/704
|move|p2a: Clefable|Moonblast|p1a: Chansey
|-damage|p1a: Chansey|482\/704
|
|turn|15
|
|move|p2a: Clefable|Soft-Boiled|p2a: Clefable
|-heal|p2a: Clefable|394\/394
|move|p1a: Chansey|Wish|p1a: Chansey
|
|turn|16
|
|switch|p1a: Clefable|Clefable, F|307\/394
|move|p2a: Clefable|Calm Mind|p2a: Clefable
|-boost|p2a: Clefable|spa|1
|-boost|p2a: Clefable|spd|1
|
|-heal|p1a: Clefable|394\/394|[from] move: Wish|[wisher] Chansey
|turn|17
|
|move|p1a: Clefable|Calm Mind|p1a: Clefable
|-boost|p1a: Clefable|spa|1
|-boost|p1a: Clefable|spd|1
|move|p2a: Clefable|Moonblast|p1a: Clefable
|-damage|p1a: Clefable|322\/394
|
|-heal|p1a: Clefable|346\/394|[from] item: Leftovers
|turn|18
|
|switch|p2a: Heatran|Heatran, M|367\/385
|-damage|p2a: Heatran|319\/385|[from] Stealth Rock
|move|p1a: Clefable|Moonblast|p2a: Heatran
|-resisted|p2a: Heatran
|-damage|p2a: Heatran|293\/385
|
|-heal|p2a: Heatran|317\/385|[from] item: Leftovers
|-heal|p1a: Clefable|370\/394|[from] item: Leftovers
|turn|19
|
|switch|p1a: Chansey|Chansey, F|482\/704
|move|p2a: Heatran|Taunt|p1a: Chansey
|-start|p1a: Chansey|move: Taunt
|
|-heal|p2a: Heatran|341\/385|[from] item: Leftovers
|turn|20
|
|switch|p2a: Latios|Latios, M|302\/302
|-damage|p2a: Latios|265\/302|[from] Stealth Rock
|move|p1a: Chansey|Seismic Toss|p2a: Latios
|-damage|p2a: Latios|165\/302
|
|turn|21
|
|switch|p1a: Scizor|Scizor, F|343\/343
|move|p2a: Latios|Defog|p1a: Scizor
|-unboost|p1a: Scizor|evasion|1
|-sideend|p2: MCBarrett|Stealth Rock|[from] move: Defog|[of] p2a: Latios
|
|turn|22
|
|switch|p2a: Heatran|Heatran, M|341\/385
|switch|p1a: Chansey|Chansey, F|482\/704
|
|-heal|p2a: Heatran|365\/385|[from] item: Leftovers
|turn|23
|
|move|p2a: Heatran|Taunt|p1a: Chansey
|-start|p1a: Chansey|move: Taunt
|move|p1a: Chansey|Seismic Toss|p2a: Heatran
|-damage|p2a: Heatran|265\/385
|
|-heal|p2a: Heatran|289\/385|[from] item: Leftovers
|turn|24
|
|switch|p2a: Ferrothorn|Ferrothorn, F|352\/352
|switch|p1a: Landorus-Therian|Landorus-Therian, M|382\/382
|-ability|p1a: Landorus-Therian|Intimidate|[of] p2a: Ferrothorn
|-unboost|p2a: Ferrothorn|atk|1
|
|turn|25
|
|move|p1a: Landorus-Therian|Stealth Rock|p2a: Ferrothorn
|-sidestart|p2: MCBarrett|move: Stealth Rock
|move|p2a: Ferrothorn|Stealth Rock|p1a: Landorus-Therian
|-sidestart|p1: Cunty Vibes|move: Stealth Rock
|
|turn|26
|
|move|p1a: Landorus-Therian|U-turn|p2a: Ferrothorn
|-damage|p2a: Ferrothorn|299\/352
|-damage|p1a: Landorus-Therian|335\/382|[from] ability: Iron Barbs|[of] p2a: Ferrothorn
|
|switch|p1a: Alomomola|Alomomola, F|534\/534
|-damage|p1a: Alomomola|468\/534|[from] Stealth Rock
|move|p2a: Ferrothorn|Leech Seed|p1a: Alomomola
|-start|p1a: Alomomola|move: Leech Seed
|
|-heal|p2a: Ferrothorn|321\/352|[from] item: Leftovers
|-damage|p1a: Alomomola|402\/534|[from] Leech Seed|[of] p2a: Ferrothorn
|-heal|p2a: Ferrothorn|352\/352|[silent]
|turn|27
|
|switch|p2a: Clefable|Clefable, M|394\/394
|move|p1a: Alomomola|Wish|p1a: Alomomola
|
|-damage|p1a: Alomomola|336\/534|[from] Leech Seed|[of] p2a: Clefable
|turn|28
|
|switch|p1a: Conkeldurr|Conkeldurr, M|206\/401 tox
|-damage|p1a: Conkeldurr|181\/401 tox|[from] Stealth Rock
|switch|p2a: Heatran|Heatran, M|289\/385
|-damage|p2a: Heatran|241\/385|[from] Stealth Rock
|
|-heal|p1a: Conkeldurr|401\/401 tox|[from] move: Wish|[wisher] Alomomola
|-heal|p2a: Heatran|265\/385|[from] item: Leftovers
|-damage|p1a: Conkeldurr|376\/401 tox|[from] psn
|turn|29
|
|switch|p2a: Clefable|Clefable, M|394\/394
|move|p1a: Conkeldurr|Drain Punch|p2a: Clefable
|-resisted|p2a: Clefable
|-damage|p2a: Clefable|280\/394
|-heal|p1a: Conkeldurr|401\/401 tox|[from] drain|[of] p2a: Clefable
|
|-damage|p1a: Conkeldurr|351\/401 tox|[from] psn
|turn|30
|join|Kisasi
|
|switch|p1a: Chansey|Chansey, F|482\/704
|-damage|p1a: Chansey|394\/704|[from] Stealth Rock
|move|p2a: Clefable|Moonblast|p1a: Chansey
|-damage|p1a: Chansey|327\/704
|
|turn|31
|
|switch|p2a: Landorus-Therian|Landorus-Therian, M|320\/320
|-damage|p2a: Landorus-Therian|280\/320|[from] Stealth Rock
|-ability|p2a: Landorus-Therian|Intimidate|[of] p1a: Chansey
|-unboost|p1a: Chansey|atk|1
|move|p1a: Chansey|Wish|p1a: Chansey
|
|turn|32
|
|move|p1a: Chansey|Protect|p1a: Chansey
|-singleturn|p1a: Chansey|Protect
|move|p2a: Landorus-Therian|Superpower|p1a: Chansey
|-activate|p1a: Chansey|Protect
|
|-heal|p1a: Chansey|679\/704|[from] move: Wish|[wisher] Chansey
|turn|33
|
|switch|p2a: Heatran|Heatran, M|265\/385
|-damage|p2a: Heatran|217\/385|[from] Stealth Rock
|switch|p1a: Landorus-Therian|Landorus-Therian, M|335\/382
|-damage|p1a: Landorus-Therian|288\/382|[from] Stealth Rock
|-ability|p1a: Landorus-Therian|Intimidate|[of] p2a: Heatran
|-unboost|p2a: Heatran|atk|1
|
|-heal|p1a: Landorus-Therian|311\/382|[from] item: Leftovers
|-heal|p2a: Heatran|241\/385|[from] item: Leftovers
|turn|34
|
|switch|p2a: Landorus-Therian|Landorus-Therian, M|280\/320
|-damage|p2a: Landorus-Therian|240\/320|[from] Stealth Rock
|-ability|p2a: Landorus-Therian|Intimidate|[of] p1a: Landorus-Therian
|-unboost|p1a: Landorus-Therian|atk|1
|move|p1a: Landorus-Therian|Earthquake|p2a: Landorus-Therian
|-immune|p2a: Landorus-Therian|[msg]
|
|-heal|p1a: Landorus-Therian|334\/382|[from] item: Leftovers
|turn|35
|
|switch|p1a: Alomomola|Alomomola, F|514\/534
|-damage|p1a: Alomomola|448\/534|[from] Stealth Rock
|move|p2a: Landorus-Therian|Stone Edge|p1a: Alomomola
|-damage|p1a: Alomomola|343\/534
|
|turn|36
|
|switch|p2a: Manectric|Manectric-Mega, M|281\/281
|-damage|p2a: Manectric|246\/281|[from] Stealth Rock
|-ability|p2a: Manectric|Intimidate|[of] p1a: Alomomola
|-unboost|p1a: Alomomola|atk|1
|move|p1a: Alomomola|Scald|p2a: Manectric
|-damage|p2a: Manectric|185\/281
|-status|p2a: Manectric|brn
|
|-damage|p2a: Manectric|150\/281 brn|[from] brn
|turn|37
|
|switch|p1a: Chansey|Chansey, F|679\/704
|-damage|p1a: Chansey|591\/704|[from] Stealth Rock
|move|p2a: Manectric|Volt Switch|p1a: Chansey
|-damage|p1a: Chansey|509\/704
|-message|MCBarrett forfeited.
|
|win|Cunty Vibes
|raw|Ladder updating...
|leave|MCBarrett
|player|p2
|raw|Cunty Vibes's rating: 1847 &rarr; <strong>1864<\/strong><br \/>(+17 for winning)
|raw|MCBarrett's rating: 1799 &rarr; <strong>1782<\/strong><br \/>(-17 for losing)
|leave|Cunty Vibes
|player|p1