|join|Cunty Vibes
|join|RS Cocaine
|player|p1|Cunty Vibes|185
|player|p2|RS Cocaine|29
|gametype|singles
|gen|6
|tier|OU
|rated
|clearpoke
|poke|p1|Clefable, F
|poke|p1|Conkeldurr, M
|poke|p1|Landorus-Therian, M
|poke|p1|Chansey, F
|poke|p1|Scizor, M
|poke|p1|Alomomola, F
|poke|p2|Jirachi
|poke|p2|Dragonite, M
|poke|p2|Gliscor, F
|poke|p2|Clefable, F
|poke|p2|Starmie
|poke|p2|Heatran, F
|rule|Swagger Clause: Swagger is banned
|rule|Baton Pass Clause: Limit one PokÃ©mon knowing Baton Pass
|rule|Sleep Clause Mod: Limit one foe put to sleep
|rule|Species Clause: Limit one of each PokÃ©mon
|rule|OHKO Clause: OHKO moves are banned
|rule|Moody Clause: Moody is banned
|rule|Evasion Moves Clause: Evasion moves are banned
|rule|Endless Battle Clause: Forcing endless battles is banned
|rule|HP Percentage Mod: HP is shown in percentages
|teampreview
|
|start
|switch|p1a: Conkeldurr|Conkeldurr, M|401\/401
|switch|p2a: Clefable|Clefable, F|393\/393
|turn|1
|
|move|p2a: Clefable|Stealth Rock|p1a: Conkeldurr
|-sidestart|p1: Cunty Vibes|move: Stealth Rock
|move|p1a: Conkeldurr|Knock Off|p2a: Clefable
|-resisted|p2a: Clefable
|-damage|p2a: Clefable|326\/393
|-enditem|p2a: Clefable|Leftovers|[from] move: Knock Off|[of] p1a: Conkeldurr
|
|turn|2
|
|switch|p2a: Gliscor|Gliscor, F|352\/352
|switch|p1a: Chansey|Chansey, F|704\/704
|-damage|p1a: Chansey|616\/704|[from] Stealth Rock
|
|-status|p2a: Gliscor|tox|[from] item: Toxic Orb
|turn|3
|join|Julian
|
|move|p1a: Chansey|Protect|p1a: Chansey
|-singleturn|p1a: Chansey|Protect
|move|p2a: Gliscor|Taunt|p1a: Chansey
|-activate|p1a: Chansey|Protect
|
|turn|4
|
|switch|p1a: Conkeldurr|Conkeldurr, M|401\/401
|-damage|p1a: Conkeldurr|376\/401|[from] Stealth Rock
|move|p2a: Gliscor|Earthquake|p1a: Conkeldurr
|-damage|p1a: Conkeldurr|265\/401
|
|turn|5
|
|switch|p2a: Clefable|Clefable, F|326\/393
|switch|p1a: Alomomola|Alomomola, F|534\/534
|-damage|p1a: Alomomola|468\/534|[from] Stealth Rock
|
|turn|6
|
|move|p1a: Alomomola|Wish|p1a: Alomomola
|move|p2a: Clefable|Thunderbolt|p1a: Alomomola
|-supereffective|p1a: Alomomola
|-damage|p1a: Alomomola|246\/534
|
|turn|7
|
|switch|p1a: Landorus-Therian|Landorus-Therian, M|382\/382
|-damage|p1a: Landorus-Therian|335\/382|[from] Stealth Rock
|-ability|p1a: Landorus-Therian|Intimidate|[of] p2a: Clefable
|-unboost|p2a: Clefable|atk|1
|move|p2a: Clefable|Moonblast|p1a: Landorus-Therian
|-damage|p1a: Landorus-Therian|206\/382
|
|-heal|p1a: Landorus-Therian|382\/382|[from] move: Wish|[wisher] Alomomola
|turn|8
|
|switch|p2a: Gliscor|Gliscor, F|352\/352 tox
|move|p1a: Landorus-Therian|Stealth Rock|p2a: Gliscor
|-sidestart|p2: RS Cocaine|move: Stealth Rock
|
|turn|9
|
|move|p2a: Gliscor|Earthquake|p1a: Landorus-Therian
|-immune|p1a: Landorus-Therian|[msg]
|move|p1a: Landorus-Therian|U-turn|p2a: Gliscor
|-resisted|p2a: Gliscor
|-damage|p2a: Gliscor|325\/352 tox
|
|switch|p1a: Conkeldurr|Conkeldurr, M|265\/401
|-damage|p1a: Conkeldurr|240\/401|[from] Stealth Rock
|
|-heal|p2a: Gliscor|352\/352 tox|[from] ability: Poison Heal
|turn|10
|
|switch|p2a: Clefable|Clefable, F|326\/393
|move|p1a: Conkeldurr|Ice Punch|p2a: Clefable
|-damage|p2a: Clefable|208\/393
|
|turn|11
|
|switch|p1a: Scizor|Scizor, M|343\/343
|-damage|p1a: Scizor|301\/343|[from] Stealth Rock
|move|p2a: Clefable|Soft-Boiled|p2a: Clefable
|-heal|p2a: Clefable|393\/393
|
|turn|12
|
|switch|p1a: Chansey|Chansey, F|616\/704
|-damage|p1a: Chansey|528\/704|[from] Stealth Rock
|switch|p2a: Heatran|Heatran, F|323\/323
|-damage|p2a: Heatran|283\/323|[from] Stealth Rock
|
|turn|13
|
|switch|p2a: Gliscor|Gliscor, F|352\/352 tox
|-damage|p2a: Gliscor|308\/352 tox|[from] Stealth Rock
|move|p1a: Chansey|Wish|p1a: Chansey
|
|-heal|p2a: Gliscor|352\/352 tox|[from] ability: Poison Heal
|turn|14
|
|switch|p1a: Conkeldurr|Conkeldurr, M|240\/401
|-damage|p1a: Conkeldurr|215\/401|[from] Stealth Rock
|move|p2a: Gliscor|Earthquake|p1a: Conkeldurr
|-damage|p1a: Conkeldurr|104\/401
|
|-heal|p1a: Conkeldurr|401\/401|[from] move: Wish|[wisher] Chansey
|turn|15
|
|switch|p2a: Clefable|Clefable, F|393\/393
|switch|p1a: Alomomola|Alomomola, F|424\/534
|-damage|p1a: Alomomola|358\/534|[from] Stealth Rock
|
|turn|16
|
|move|p2a: Clefable|Thunderbolt|p1a: Alomomola
|-supereffective|p1a: Alomomola
|-damage|p1a: Alomomola|120\/534
|move|p1a: Alomomola|Mirror Coat|p2a: Clefable
|-damage|p2a: Clefable|0 fnt
|faint|p2a: Clefable
|
|
|switch|p2a: Gliscor|Gliscor, F|352\/352 tox
|-damage|p2a: Gliscor|308\/352 tox|[from] Stealth Rock
|turn|17
|
|switch|p1a: Landorus-Therian|Landorus-Therian, M|382\/382
|-damage|p1a: Landorus-Therian|335\/382|[from] Stealth Rock
|-ability|p1a: Landorus-Therian|Intimidate|[of] p2a: Gliscor
|-unboost|p2a: Gliscor|atk|1
|move|p2a: Gliscor|Earthquake|p1a: Landorus-Therian
|-immune|p1a: Landorus-Therian|[msg]
|
|-heal|p1a: Landorus-Therian|358\/382|[from] item: Leftovers
|-heal|p2a: Gliscor|352\/352 tox|[from] ability: Poison Heal
|turn|18
|
|move|p2a: Gliscor|Toxic|p1a: Landorus-Therian
|-status|p1a: Landorus-Therian|tox
|move|p1a: Landorus-Therian|U-turn|p2a: Gliscor
|-resisted|p2a: Gliscor
|-damage|p2a: Gliscor|323\/352 tox
|
|switch|p1a: Alomomola|Alomomola, F|298\/534
|-damage|p1a: Alomomola|232\/534|[from] Stealth Rock
|
|-heal|p2a: Gliscor|352\/352 tox|[from] ability: Poison Heal
|turn|19
|
|switch|p1a: Landorus-Therian|Landorus-Therian, M|358\/382 tox
|-damage|p1a: Landorus-Therian|311\/382 tox|[from] Stealth Rock
|-ability|p1a: Landorus-Therian|Intimidate|[of] p2a: Gliscor
|-unboost|p2a: Gliscor|atk|1
|move|p2a: Gliscor|Toxic|p1a: Landorus-Therian
|-fail|p1a: Landorus-Therian|tox
|
|-heal|p1a: Landorus-Therian|334\/382 tox|[from] item: Leftovers
|-damage|p1a: Landorus-Therian|311\/382 tox|[from] psn
|turn|20
|
|switch|p2a: Jirachi|Jirachi|341\/341
|-damage|p2a: Jirachi|320\/341|[from] Stealth Rock
|move|p1a: Landorus-Therian|U-turn|p2a: Jirachi
|-damage|p2a: Jirachi|231\/341
|
|switch|p1a: Scizor|Scizor, M|301\/343
|-damage|p1a: Scizor|259\/343|[from] Stealth Rock
|
|turn|21
|
|switch|p2a: Gliscor|Gliscor, F|352\/352 tox
|-damage|p2a: Gliscor|308\/352 tox|[from] Stealth Rock
|detailschange|p1a: Scizor|Scizor-Mega, M
|message|Scizor has Mega Evolved into Mega Scizor!
|move|p1a: Scizor|Defog|p2a: Gliscor
|-unboost|p2a: Gliscor|evasion|1
|-sideend|p2: RS Cocaine|Stealth Rock|[from] move: Defog|[of] p2a: Gliscor
|-sideend|p1: Cunty Vibes|Stealth Rock|[from] move: Defog|[of] p1a: Scizor
|
|-heal|p2a: Gliscor|352\/352 tox|[from] ability: Poison Heal
|turn|22
|
|move|p2a: Gliscor|Earthquake|p1a: Scizor
|-damage|p1a: Scizor|198\/343
|move|p1a: Scizor|Roost|p1a: Scizor
|-heal|p1a: Scizor|343\/343
|
|turn|23
|
|switch|p1a: Conkeldurr|Conkeldurr, M|401\/401
|move|p2a: Gliscor|Earthquake|p1a: Conkeldurr
|-damage|p1a: Conkeldurr|278\/401
|
|turn|24
|
|move|p2a: Gliscor|Earthquake|p1a: Conkeldurr
|-damage|p1a: Conkeldurr|166\/401
|move|p1a: Conkeldurr|Knock Off|p2a: Gliscor
|-damage|p2a: Gliscor|257\/352 tox
|-enditem|p2a: Gliscor|Toxic Orb|[from] move: Knock Off|[of] p1a: Conkeldurr
|
|-heal|p2a: Gliscor|301\/352 tox|[from] ability: Poison Heal
|turn|25
|
|switch|p2a: Jirachi|Jirachi|231\/341
|switch|p1a: Alomomola|Alomomola, F|410\/534
|
|turn|26
|
|move|p2a: Jirachi|Energy Ball|p1a: Alomomola
|-supereffective|p1a: Alomomola
|-damage|p1a: Alomomola|28\/534
|move|p1a: Alomomola|Wish|p1a: Alomomola
|
|turn|27
|
|switch|p1a: Chansey|Chansey, F|528\/704
|move|p2a: Jirachi|Iron Head|p1a: Chansey
|-damage|p1a: Chansey|393\/704
|
|-heal|p1a: Chansey|660\/704|[from] move: Wish|[wisher] Alomomola
|turn|28
|
|move|p2a: Jirachi|Iron Head|p1a: Chansey
|-damage|p1a: Chansey|530\/704
|cant|p1a: Chansey|flinch
|
|turn|29
|join|i came from leddit
|
|move|p2a: Jirachi|Iron Head|p1a: Chansey
|-damage|p1a: Chansey|400\/704
|move|p1a: Chansey|Wish|p1a: Chansey
|
|turn|30
|
|switch|p1a: Conkeldurr|Conkeldurr, M|166\/401
|move|p2a: Jirachi|Iron Head|p1a: Conkeldurr
|-damage|p1a: Conkeldurr|63\/401
|
|-heal|p1a: Conkeldurr|401\/401|[from] move: Wish|[wisher] Chansey
|turn|31
|
|switch|p1a: Scizor|Scizor-Mega, M|343\/343
|move|p2a: Jirachi|Iron Head|p1a: Scizor
|-resisted|p1a: Scizor
|-damage|p1a: Scizor|313\/343
|
|turn|32
|
|switch|p2a: Heatran|Heatran, F|283\/323
|move|p1a: Scizor|Knock Off|p2a: Heatran
|-damage|p2a: Heatran|180\/323
|-enditem|p2a: Heatran|Choice Scarf|[from] move: Knock Off|[of] p1a: Scizor
|
|turn|33
|
|switch|p2a: Dragonite|Dragonite, M|333\/333
|switch|p1a: Chansey|Chansey, F|400\/704
|
|turn|34
|
|move|p1a: Chansey|Protect|p1a: Chansey
|-singleturn|p1a: Chansey|Protect
|move|p2a: Dragonite|Extreme Speed|p1a: Chansey
|-activate|p1a: Chansey|Protect
|
|turn|35
|
|switch|p1a: Landorus-Therian|Landorus-Therian, M|311\/382 tox
|-ability|p1a: Landorus-Therian|Intimidate|[of] p2a: Dragonite
|-unboost|p2a: Dragonite|atk|1
|move|p2a: Dragonite|Extreme Speed|p1a: Landorus-Therian
|-damage|p1a: Landorus-Therian|230\/382 tox
|
|-heal|p1a: Landorus-Therian|253\/382 tox|[from] item: Leftovers
|-damage|p1a: Landorus-Therian|230\/382 tox|[from] psn
|turn|36
|
|move|p2a: Dragonite|Extreme Speed|p1a: Landorus-Therian
|-damage|p1a: Landorus-Therian|146\/382 tox
|move|p1a: Landorus-Therian|U-turn|p2a: Dragonite
|-resisted|p2a: Dragonite
|-damage|p2a: Dragonite|314\/333
|
|switch|p1a: Alomomola|Alomomola, F|206\/534
|
|turn|37
|
|switch|p2a: Gliscor|Gliscor, F|301\/352 tox
|move|p1a: Alomomola|Wish|p1a: Alomomola
|
|-heal|p2a: Gliscor|345\/352 tox|[from] ability: Poison Heal
|turn|38
|chat|RS Cocaine|cba
|-message|RS Cocaine forfeited.
|
|win|Cunty Vibes
|raw|Ladder updating...
|leave|RS Cocaine
|player|p2
|raw|Cunty Vibes's rating: 1863 &rarr; <strong>1884<\/strong><br \/>(+21 for winning)
|raw|RS Cocaine's rating: 1876 &rarr; <strong>1855<\/strong><br \/>(-21 for losing)