|join|Cunty Vibes
|join|Theonethatbeatu
|player|p1|Cunty Vibes|185
|player|p2|Theonethatbeatu|262
|gametype|singles
|gen|6
|tier|OU
|rated
|clearpoke
|poke|p1|Clefable, M
|poke|p1|Conkeldurr, M
|poke|p1|Landorus-Therian, M
|poke|p1|Chansey, F
|poke|p1|Scizor, M
|poke|p1|Alomomola, F
|poke|p2|Dragonite, F
|poke|p2|Tyranitar, M
|poke|p2|Excadrill, M
|poke|p2|Greninja, M
|poke|p2|Pinsir, F
|poke|p2|Talonflame, F
|rule|Swagger Clause: Swagger is banned
|rule|Baton Pass Clause: Limit one PokÃ©mon knowing Baton Pass
|rule|Sleep Clause Mod: Limit one foe put to sleep
|rule|Species Clause: Limit one of each PokÃ©mon
|rule|OHKO Clause: OHKO moves are banned
|rule|Moody Clause: Moody is banned
|rule|Evasion Moves Clause: Evasion moves are banned
|rule|Endless Battle Clause: Forcing endless battles is banned
|rule|HP Percentage Mod: HP is shown in percentages
|teampreview
|
|start
|switch|p1a: Conkeldurr|Conkeldurr, M|401\/401
|switch|p2a: Tyranitar|Tyranitar, M|341\/341
|-weather|Sandstorm
|turn|1
|
|move|p2a: Tyranitar|Stealth Rock|p1a: Conkeldurr
|-sidestart|p1: Cunty Vibes|move: Stealth Rock
|move|p1a: Conkeldurr|Drain Punch|p2a: Tyranitar
|-supereffective|p2a: Tyranitar
|-enditem|p2a: Tyranitar|Focus Sash
|-damage|p2a: Tyranitar|1\/341
|
|-weather|Sandstorm|[upkeep]
|-damage|p1a: Conkeldurr|376\/401|[from] sandstorm
|turn|2
|
|move|p2a: Tyranitar|Ice Beam|p1a: Conkeldurr
|-damage|p1a: Conkeldurr|304\/401
|move|p1a: Conkeldurr|Knock Off|p2a: Tyranitar
|-resisted|p2a: Tyranitar
|-damage|p2a: Tyranitar|0 fnt
|faint|p2a: Tyranitar
|
|-weather|Sandstorm|[upkeep]
|-damage|p1a: Conkeldurr|279\/401|[from] sandstorm
|
|switch|p2a: Talonflame|Talonflame, F|297\/297
|turn|3
|
|switch|p1a: Alomomola|Alomomola, F|534\/534
|-damage|p1a: Alomomola|468\/534|[from] Stealth Rock
|move|p2a: Talonflame|Brave Bird|p1a: Alomomola
|-damage|p1a: Alomomola|258\/534
|-damage|p2a: Talonflame|248\/297|[from] item: Rocky Helmet|[of] p1a: Alomomola
|-damage|p2a: Talonflame|179\/297|[from] recoil|[of] p1a: Alomomola
|
|-weather|Sandstorm|[upkeep]
|-damage|p2a: Talonflame|161\/297|[from] sandstorm
|-damage|p1a: Alomomola|225\/534|[from] sandstorm
|turn|4
|
|switch|p2a: Pinsir|Pinsir, F|271\/271
|switch|p1a: Landorus-Therian|Landorus-Therian, M|382\/382
|-damage|p1a: Landorus-Therian|335\/382|[from] Stealth Rock
|-ability|p1a: Landorus-Therian|Intimidate|[of] p2a: Pinsir
|-unboost|p2a: Pinsir|atk|1
|
|-weather|Sandstorm|[upkeep]
|-damage|p2a: Pinsir|255\/271|[from] sandstorm
|-heal|p1a: Landorus-Therian|358\/382|[from] item: Leftovers
|turn|5
|
|switch|p2a: Excadrill|Excadrill, M|362\/362
|move|p1a: Landorus-Therian|Stone Edge|p2a: Excadrill
|-resisted|p2a: Excadrill
|-damage|p2a: Excadrill|320\/362
|
|-weather|none
|-heal|p1a: Landorus-Therian|381\/382|[from] item: Leftovers
|turn|6
|
|move|p2a: Excadrill|Iron Head|p1a: Landorus-Therian
|-damage|p1a: Landorus-Therian|220\/382
|-damage|p2a: Excadrill|284\/362|[from] item: Life Orb
|cant|p1a: Landorus-Therian|flinch
|
|-heal|p1a: Landorus-Therian|243\/382|[from] item: Leftovers
|turn|7
|
|switch|p1a: Alomomola|Alomomola, F|403\/534
|-damage|p1a: Alomomola|337\/534|[from] Stealth Rock
|move|p2a: Excadrill|Iron Head|p1a: Alomomola
|-resisted|p1a: Alomomola
|-damage|p1a: Alomomola|245\/534
|-damage|p2a: Excadrill|224\/362|[from] item: Rocky Helmet|[of] p1a: Alomomola
|-damage|p2a: Excadrill|188\/362|[from] item: Life Orb
|
|turn|8
|
|move|p2a: Excadrill|Earthquake|p1a: Alomomola
|-damage|p1a: Alomomola|27\/534
|-damage|p2a: Excadrill|152\/362|[from] item: Life Orb
|move|p1a: Alomomola|Wish|p1a: Alomomola
|
|turn|9
|
|switch|p2a: Pinsir|Pinsir, F|255\/271
|switch|p1a: Scizor|Scizor, M|343\/343
|-damage|p1a: Scizor|301\/343|[from] Stealth Rock
|
|-heal|p1a: Scizor|343\/343|[from] move: Wish|[wisher] Alomomola
|turn|10
|join|Ill leave
|
|detailschange|p2a: Pinsir|Pinsir-Mega, F
|message|Pinsir has Mega Evolved into Mega Pinsir!
|detailschange|p1a: Scizor|Scizor-Mega, M
|message|Scizor has Mega Evolved into Mega Scizor!
|move|p1a: Scizor|Bullet Punch|p2a: Pinsir
|-damage|p2a: Pinsir|176\/271
|move|p2a: Pinsir|Swords Dance|p2a: Pinsir
|-boost|p2a: Pinsir|atk|2
|
|turn|11
|
|move|p2a: Pinsir|Frustration|p1a: Scizor
|-crit|p1a: Scizor
|-damage|p1a: Scizor|0 fnt
|faint|p1a: Scizor
|
|
|switch|p1a: Landorus-Therian|Landorus-Therian, M|243\/382
|-damage|p1a: Landorus-Therian|196\/382|[from] Stealth Rock
|-ability|p1a: Landorus-Therian|Intimidate|[of] p2a: Pinsir
|-unboost|p2a: Pinsir|atk|1
|turn|12
|
|switch|p1a: Alomomola|Alomomola, F|205\/534
|-damage|p1a: Alomomola|139\/534|[from] Stealth Rock
|move|p2a: Pinsir|Frustration|p1a: Alomomola
|-damage|p1a: Alomomola|0 fnt
|-damage|p2a: Pinsir|131\/271|[from] item: Rocky Helmet|[of] p1a: Alomomola
|faint|p1a: Alomomola
|
|
|switch|p1a: Clefable|Clefable, M|394\/394
|-damage|p1a: Clefable|345\/394|[from] Stealth Rock
|turn|13
|
|move|p2a: Pinsir|Frustration|p1a: Clefable
|-damage|p1a: Clefable|89\/394
|move|p1a: Clefable|Flamethrower|p2a: Pinsir
|-supereffective|p2a: Pinsir
|-damage|p2a: Pinsir|0 fnt
|faint|p2a: Pinsir
|
|-heal|p1a: Clefable|113\/394|[from] item: Leftovers
|
|switch|p2a: Excadrill|Excadrill, M|152\/362
|turn|14
|
|move|p2a: Excadrill|Iron Head|p1a: Clefable
|-supereffective|p1a: Clefable
|-damage|p1a: Clefable|0 fnt
|-damage|p2a: Excadrill|116\/362|[from] item: Life Orb
|faint|p1a: Clefable
|
|
|switch|p1a: Chansey|Chansey, F|704\/704
|-damage|p1a: Chansey|616\/704|[from] Stealth Rock
|turn|15
|
|move|p2a: Excadrill|Earthquake|p1a: Chansey
|-damage|p1a: Chansey|264\/704
|-damage|p2a: Excadrill|80\/362|[from] item: Life Orb
|move|p1a: Chansey|Wish|p1a: Chansey
|
|turn|16
|
|move|p1a: Chansey|Protect|p1a: Chansey
|-singleturn|p1a: Chansey|Protect
|move|p2a: Excadrill|Iron Head|p1a: Chansey
|-activate|p1a: Chansey|Protect
|
|-heal|p1a: Chansey|616\/704|[from] move: Wish|[wisher] Chansey
|turn|17
|
|move|p2a: Excadrill|Earthquake|p1a: Chansey
|-damage|p1a: Chansey|244\/704
|-damage|p2a: Excadrill|44\/362|[from] item: Life Orb
|move|p1a: Chansey|Wish|p1a: Chansey
|
|turn|18
|
|move|p1a: Chansey|Protect|p1a: Chansey
|-singleturn|p1a: Chansey|Protect
|move|p2a: Excadrill|Earthquake|p1a: Chansey
|-activate|p1a: Chansey|Protect
|
|-heal|p1a: Chansey|596\/704|[from] move: Wish|[wisher] Chansey
|turn|19
|
|move|p2a: Excadrill|Iron Head|p1a: Chansey
|-damage|p1a: Chansey|337\/704
|-damage|p2a: Excadrill|8\/362|[from] item: Life Orb
|move|p1a: Chansey|Wish|p1a: Chansey
|
|turn|20
|
|switch|p1a: Landorus-Therian|Landorus-Therian, M|196\/382
|-damage|p1a: Landorus-Therian|149\/382|[from] Stealth Rock
|-ability|p1a: Landorus-Therian|Intimidate|[of] p2a: Excadrill
|-unboost|p2a: Excadrill|atk|1
|move|p2a: Excadrill|Earthquake|p1a: Landorus-Therian
|-immune|p1a: Landorus-Therian|[msg]
|
|-heal|p1a: Landorus-Therian|382\/382|[from] move: Wish|[wisher] Chansey
|turn|21
|
|move|p2a: Excadrill|Iron Head|p1a: Landorus-Therian
|-damage|p1a: Landorus-Therian|279\/382
|-damage|p2a: Excadrill|0 fnt|[from] item: Life Orb
|faint|p2a: Excadrill
|cant|p1a: Landorus-Therian|flinch
|
|-heal|p1a: Landorus-Therian|302\/382|[from] item: Leftovers
|
|switch|p2a: Greninja|Greninja, M|286\/286
|turn|22
|c| Ill leave|did you go for rocks
|c|âCunty Vibes|yeah
|c| Ill leave|that blows
|c|âTheonethatbeatu|damn
|c|âCunty Vibes|ik :\/
|
|switch|p1a: Conkeldurr|Conkeldurr, M|279\/401
|-damage|p1a: Conkeldurr|254\/401|[from] Stealth Rock
|move|p2a: Greninja|Hydro Pump|p1a: Conkeldurr|[miss]
|-start|p2a: Greninja|typechange|Water|[from] Protean
|-miss|p2a: Greninja|p1a: Conkeldurr
|
|turn|23
|c| Ill leave|talon would get one hit
|c| Ill leave|well 
|c| Ill leave|this helps
|
|move|p2a: Greninja|Extrasensory|p1a: Conkeldurr
|-start|p2a: Greninja|typechange|Psychic|[from] Protean
|-supereffective|p1a: Conkeldurr
|-damage|p1a: Conkeldurr|2\/401
|-damage|p2a: Greninja|258\/286|[from] item: Life Orb
|move|p1a: Conkeldurr|Drain Punch|p2a: Greninja
|-resisted|p2a: Greninja
|-damage|p2a: Greninja|147\/286
|-heal|p1a: Conkeldurr|58\/401|[from] drain|[of] p2a: Greninja
|
|turn|24
|c|âTheonethatbeatu|wow
|c| Ill leave|no
|
|move|p1a: Conkeldurr|Mach Punch|p2a: Greninja
|-resisted|p2a: Greninja
|-damage|p2a: Greninja|93\/286
|move|p2a: Greninja|Extrasensory|p1a: Conkeldurr
|-supereffective|p1a: Conkeldurr
|-damage|p1a: Conkeldurr|0 fnt
|-damage|p2a: Greninja|65\/286|[from] item: Life Orb
|faint|p1a: Conkeldurr
|
|c| Ill leave|lol
|c| Ill leave|why 
|
|switch|p1a: Chansey|Chansey, F|337\/704
|-damage|p1a: Chansey|249\/704|[from] Stealth Rock
|turn|25
|
|move|p2a: Greninja|Ice Beam|p1a: Chansey
|-start|p2a: Greninja|typechange|Ice|[from] Protean
|-damage|p1a: Chansey|140\/704
|-damage|p2a: Greninja|37\/286|[from] item: Life Orb
|move|p1a: Chansey|Wish|p1a: Chansey
|
|turn|26
|
|switch|p2a: Dragonite|Dragonite, F|323\/323
|move|p1a: Chansey|Protect|p1a: Chansey
|-fail|p1a: Chansey
|
|-heal|p1a: Chansey|492\/704|[from] move: Wish|[wisher] Chansey
|turn|27
|
|move|p2a: Dragonite|Outrage|p1a: Chansey
|-damage|p1a: Chansey|50\/704
|move|p1a: Chansey|Wish|p1a: Chansey
|
|turn|28
|
|move|p1a: Chansey|Protect|p1a: Chansey
|-singleturn|p1a: Chansey|Protect
|move|p2a: Dragonite|Outrage|p1a: Chansey
|-activate|p1a: Chansey|Protect
|
|-end|p2a: Dragonite|rampage
|-start|p2a: Dragonite|confusion
|-heal|p1a: Chansey|402\/704|[from] move: Wish|[wisher] Chansey
|turn|29
|
|-activate|p2a: Dragonite|confusion
|-damage|p2a: Dragonite|279\/323|[from] confusion
|move|p1a: Chansey|Wish|p1a: Chansey
|
|turn|30
|c|âTheonethatbeatu|god damnit man
|c| Ill leave|ahh not bad
|
|switch|p2a: Talonflame|Talonflame, F|161\/297
|switch|p1a: Landorus-Therian|Landorus-Therian, M|302\/382
|-damage|p1a: Landorus-Therian|255\/382|[from] Stealth Rock
|-ability|p1a: Landorus-Therian|Intimidate|[of] p2a: Talonflame
|-unboost|p2a: Talonflame|atk|1
|
|-heal|p1a: Landorus-Therian|382\/382|[from] move: Wish|[wisher] Chansey
|turn|31
|
|move|p2a: Talonflame|U-turn|p1a: Landorus-Therian
|-resisted|p1a: Landorus-Therian
|-damage|p1a: Landorus-Therian|358\/382
|
|switch|p2a: Greninja|Greninja, M|37\/286
|move|p1a: Landorus-Therian|Stealth Rock|p2a: Greninja
|-sidestart|p2: Theonethatbeatu|move: Stealth Rock
|
|-heal|p1a: Landorus-Therian|381\/382|[from] item: Leftovers
|turn|32
|
|switch|p1a: Chansey|Chansey, F|402\/704
|-damage|p1a: Chansey|314\/704|[from] Stealth Rock
|move|p2a: Greninja|Ice Beam|p1a: Chansey
|-start|p2a: Greninja|typechange|Ice|[from] Protean
|-damage|p1a: Chansey|200\/704
|-damage|p2a: Greninja|9\/286|[from] item: Life Orb
|
|turn|33
|
|move|p2a: Greninja|Ice Beam|p1a: Chansey
|-damage|p1a: Chansey|83\/704
|-damage|p2a: Greninja|0 fnt|[from] item: Life Orb
|faint|p2a: Greninja
|move|p1a: Chansey|Wish|p1a: Chansey
|
|c|âTheonethatbeatu|hax plz
|
|switch|p2a: Dragonite|Dragonite, F|279\/323
|-damage|p2a: Dragonite|199\/323|[from] Stealth Rock
|turn|34
|
|switch|p1a: Landorus-Therian|Landorus-Therian, M|381\/382
|-damage|p1a: Landorus-Therian|334\/382|[from] Stealth Rock
|-ability|p1a: Landorus-Therian|Intimidate|[of] p2a: Dragonite
|-unboost|p2a: Dragonite|atk|1
|move|p2a: Dragonite|Outrage|p1a: Landorus-Therian
|-damage|p1a: Landorus-Therian|136\/382
|
|-heal|p1a: Landorus-Therian|382\/382|[from] move: Wish|[wisher] Chansey
|turn|35
|-message|Theonethatbeatu forfeited.
|
|win|Cunty Vibes
|raw|Ladder updating...
|leave|Theonethatbeatu
|player|p2
|raw|Cunty Vibes's rating: 1871 &rarr; <strong>1878<\/strong><br \/>(+7 for winning)
|raw|Theonethatbeatu's rating: 1600 &rarr; <strong>1593<\/strong><br \/>(-7 for losing)
|c| Ill leave|wow