|join|Cunty Vibes
|join|WECAMEASROMANS
|player|p1|Cunty Vibes|185
|player|p2|WECAMEASROMANS|1
|gametype|singles
|gen|6
|tier|OU
|rated
|clearpoke
|poke|p1|Clefable, M
|poke|p1|Conkeldurr, M
|poke|p1|Landorus-Therian, M
|poke|p1|Chansey, F
|poke|p1|Scizor, F
|poke|p1|Alomomola, F
|poke|p2|Raikou
|poke|p2|Terrakion
|poke|p2|Garchomp, M
|poke|p2|Greninja, M
|poke|p2|Heracross, F
|poke|p2|Gengar, F
|rule|Swagger Clause: Swagger is banned
|rule|Baton Pass Clause: Limit one PokÃ©mon knowing Baton Pass
|rule|Sleep Clause Mod: Limit one foe put to sleep
|rule|Species Clause: Limit one of each PokÃ©mon
|rule|OHKO Clause: OHKO moves are banned
|rule|Moody Clause: Moody is banned
|rule|Evasion Moves Clause: Evasion moves are banned
|rule|Endless Battle Clause: Forcing endless battles is banned
|rule|HP Percentage Mod: HP is reported as percentages
|teampreview
|
|start
|switch|p1a: Conkeldurr|Conkeldurr, M|401\/401
|switch|p2a: Terrakion|Terrakion|323\/323
|turn|1
|
|move|p2a: Terrakion|Stealth Rock|p1a: Conkeldurr
|-sidestart|p1: Cunty Vibes|move: Stealth Rock
|move|p1a: Conkeldurr|Drain Punch|p2a: Terrakion
|-supereffective|p2a: Terrakion
|-enditem|p2a: Terrakion|Focus Sash
|-damage|p2a: Terrakion|1\/323
|
|turn|2
|
|switch|p2a: Heracross|Heracross, F|301\/301
|move|p1a: Conkeldurr|Ice Punch|p2a: Heracross
|-crit|p2a: Heracross
|-damage|p2a: Heracross|99\/301
|
|turn|3
|
|switch|p1a: Landorus-Therian|Landorus-Therian, M|382\/382
|-damage|p1a: Landorus-Therian|335\/382|[from] Stealth Rock
|-ability|p1a: Landorus-Therian|Intimidate|[of] p2a: Heracross
|-unboost|p2a: Heracross|atk|1
|detailschange|p2a: Heracross|Heracross-Mega, F
|message|Heracross has Mega Evolved into Mega Heracross!
|move|p2a: Heracross|Close Combat|p1a: Landorus-Therian
|-resisted|p1a: Landorus-Therian
|-damage|p1a: Landorus-Therian|256\/382
|-unboost|p2a: Heracross|def|1
|-unboost|p2a: Heracross|spd|1
|
|-heal|p1a: Landorus-Therian|279\/382|[from] item: Leftovers
|turn|4
|
|switch|p2a: Terrakion|Terrakion|1\/323
|move|p1a: Landorus-Therian|Stealth Rock|p2a: Terrakion
|-sidestart|p2: WECAMEASROMANS|move: Stealth Rock
|
|-heal|p1a: Landorus-Therian|302\/382|[from] item: Leftovers
|turn|5
|
|switch|p1a: Alomomola|Alomomola, F|534\/534
|-damage|p1a: Alomomola|468\/534|[from] Stealth Rock
|move|p2a: Terrakion|Stone Edge|p1a: Alomomola
|-damage|p1a: Alomomola|311\/534
|
|turn|6
|
|move|p2a: Terrakion|Close Combat|p1a: Alomomola
|-damage|p1a: Alomomola|143\/534
|-damage|p2a: Terrakion|0 fnt|[from] item: Rocky Helmet|[of] p1a: Alomomola
|faint|p2a: Terrakion
|move|p1a: Alomomola|Wish|p1a: Alomomola
|
|
|switch|p2a: Gengar|Gengar, F|262\/262
|-damage|p2a: Gengar|230\/262|[from] Stealth Rock
|turn|7
|
|switch|p1a: Conkeldurr|Conkeldurr, M|401\/401
|-damage|p1a: Conkeldurr|376\/401|[from] Stealth Rock
|move|p2a: Gengar|Shadow Ball|p1a: Conkeldurr
|-damage|p1a: Conkeldurr|204\/401
|-damage|p2a: Gengar|204\/262|[from] item: Life Orb
|
|-heal|p1a: Conkeldurr|401\/401|[from] move: Wish|[wisher] Alomomola
|turn|8
|
|switch|p2a: Greninja|Greninja, M|285\/285
|-damage|p2a: Greninja|250\/285|[from] Stealth Rock
|move|p1a: Conkeldurr|Knock Off|p2a: Greninja
|-resisted|p2a: Greninja
|-damage|p2a: Greninja|161\/285
|-enditem|p2a: Greninja|Life Orb|[from] move: Knock Off|[of] p1a: Conkeldurr
|
|turn|9
|
|switch|p2a: Heracross|Heracross-Mega, F|99\/301
|-damage|p2a: Heracross|62\/301|[from] Stealth Rock
|move|p1a: Conkeldurr|Mach Punch|p2a: Heracross
|-resisted|p2a: Heracross
|-damage|p2a: Heracross|26\/301
|
|turn|10
|-message|WECAMEASROMANS forfeited.
|
|win|Cunty Vibes
|raw|Ladder updating...
|leave|WECAMEASROMANS
|player|p2
|raw|Cunty Vibes's rating: 1841 &rarr; <strong>1855<\/strong><br \/>(+14 for winning)
|raw|WECAMEASROMANS's rating: 1740 &rarr; <strong>1726<\/strong><br \/>(-14 for losing)