|join|Here to Stay
|join|Cunty Vibes
|player|p1|Here to Stay|148
|player|p2|Cunty Vibes|185
|gametype|singles
|gen|6
|tier|OU
|rated
|clearpoke
|poke|p1|Charizard, M
|poke|p1|Gothitelle, F
|poke|p1|Skarmory, F
|poke|p1|Keldeo
|poke|p1|Dragonite, F
|poke|p1|Clefable, M
|poke|p2|Clefable, F
|poke|p2|Conkeldurr, M
|poke|p2|Landorus-Therian, M
|poke|p2|Chansey, F
|poke|p2|Scizor, M
|poke|p2|Alomomola, F
|rule|Swagger Clause: Swagger is banned
|rule|Baton Pass Clause: Limit one PokÃ©mon knowing Baton Pass
|rule|Sleep Clause Mod: Limit one foe put to sleep
|rule|Species Clause: Limit one of each PokÃ©mon
|rule|OHKO Clause: OHKO moves are banned
|rule|Moody Clause: Moody is banned
|rule|Evasion Moves Clause: Evasion moves are banned
|rule|Endless Battle Clause: Forcing endless battles is banned
|rule|HP Percentage Mod: HP is shown in percentages
|teampreview
|
|start
|switch|p1a: Keldeo|Keldeo|323\/323
|switch|p2a: Landorus-Therian|Landorus-Therian, M|382\/382
|-ability|p2a: Landorus-Therian|Intimidate|[of] p1a: Keldeo
|-unboost|p1a: Keldeo|atk|1
|turn|1
|
|switch|p2a: Conkeldurr|Conkeldurr, M|401\/401
|move|p1a: Keldeo|Scald|p2a: Conkeldurr
|-damage|p2a: Conkeldurr|209\/401
|-status|p2a: Conkeldurr|brn
|
|-damage|p2a: Conkeldurr|159\/401 brn|[from] brn
|turn|2
|
|switch|p1a: Clefable|Clefable, M|394\/394
|switch|p2a: Alomomola|Alomomola, F|534\/534
|
|turn|3
|
|switch|p2a: Landorus-Therian|Landorus-Therian, M|382\/382
|-ability|p2a: Landorus-Therian|Intimidate|[of] p1a: Clefable
|-unboost|p1a: Clefable|atk|1
|switch|p1a: Charizard|Charizard, M|297\/297
|
|turn|4
|
|switch|p1a: Skarmory|Skarmory, F|333\/333
|switch|p2a: Chansey|Chansey, F|704\/704
|
|turn|5
|
|switch|p1a: Gothitelle|Gothitelle, F|281\/281
|switch|p2a: Scizor|Scizor, M|343\/343
|
|turn|6
|
|detailschange|p2a: Scizor|Scizor-Mega, M
|-mega|p2a: Scizor|Scizor|Scizorite
|move|p2a: Scizor|Pursuit|p1a: Gothitelle|[from]Pursuit
|-supereffective|p1a: Gothitelle
|-damage|p1a: Gothitelle|101\/281
|switch|p1a: Skarmory|Skarmory, F|333\/333
|
|turn|7
|c|âHere to Stay|no way lol
|c|âHere to Stay|mega pursuit scizor
|c|âCunty Vibes|lol
|
|switch|p2a: Landorus-Therian|Landorus-Therian, M|382\/382
|-ability|p2a: Landorus-Therian|Intimidate|[of] p1a: Skarmory
|-unboost|p1a: Skarmory|atk|1
|switch|p1a: Keldeo|Keldeo|323\/323
|
|turn|8
|
|switch|p2a: Alomomola|Alomomola, F|534\/534
|move|p1a: Keldeo|Hydro Pump|p2a: Alomomola
|-resisted|p2a: Alomomola
|-damage|p2a: Alomomola|267\/534
|
|turn|9
|
|switch|p1a: Skarmory|Skarmory, F|333\/333
|switch|p2a: Scizor|Scizor-Mega, M|343\/343
|
|turn|10
|
|switch|p2a: Landorus-Therian|Landorus-Therian, M|382\/382
|-ability|p2a: Landorus-Therian|Intimidate|[of] p1a: Skarmory
|-unboost|p1a: Skarmory|atk|1
|move|p1a: Skarmory|Stealth Rock|p2a: Landorus-Therian
|-sidestart|p2: Cunty Vibes|move: Stealth Rock
|
|turn|11
|
|switch|p1a: Keldeo|Keldeo|323\/323
|move|p2a: Landorus-Therian|Stealth Rock|p1a: Keldeo
|-sidestart|p1: Here to Stay|move: Stealth Rock
|
|turn|12
|
|move|p1a: Keldeo|Secret Sword|p2a: Landorus-Therian
|-resisted|p2a: Landorus-Therian
|-damage|p2a: Landorus-Therian|296\/382
|move|p2a: Landorus-Therian|U-turn|p1a: Keldeo
|-resisted|p1a: Keldeo
|-damage|p1a: Keldeo|282\/323
|
|switch|p2a: Clefable|Clefable, F|394\/394
|-damage|p2a: Clefable|345\/394|[from] Stealth Rock
|
|-heal|p2a: Clefable|369\/394|[from] item: Leftovers
|turn|13
|
|switch|p1a: Skarmory|Skarmory, F|333\/333
|-damage|p1a: Skarmory|292\/333|[from] Stealth Rock
|move|p2a: Clefable|Calm Mind|p2a: Clefable
|-boost|p2a: Clefable|spa|1
|-boost|p2a: Clefable|spd|1
|
|-heal|p2a: Clefable|393\/394|[from] item: Leftovers
|turn|14
|
|move|p1a: Skarmory|Defog|p2a: Clefable
|-unboost|p2a: Clefable|evasion|1
|-sideend|p2: Cunty Vibes|Stealth Rock|[from] move: Defog|[of] p2a: Clefable
|-sideend|p1: Here to Stay|Stealth Rock|[from] move: Defog|[of] p1a: Skarmory
|move|p2a: Clefable|Flamethrower|p1a: Skarmory
|-supereffective|p1a: Skarmory
|-damage|p1a: Skarmory|26\/333
|
|-heal|p2a: Clefable|394\/394|[from] item: Leftovers
|turn|15
|
|move|p1a: Skarmory|Stealth Rock|p2a: Clefable
|-sidestart|p2: Cunty Vibes|move: Stealth Rock
|move|p2a: Clefable|Flamethrower|p1a: Skarmory
|-supereffective|p1a: Skarmory
|-damage|p1a: Skarmory|0 fnt
|faint|p1a: Skarmory
|
|
|switch|p1a: Gothitelle|Gothitelle, F|101\/281
|turn|16
|
|move|p1a: Gothitelle|Trick|p2a: Clefable
|-activate|p1a: Gothitelle|move: Trick|[of] p2a: Clefable
|-item|p2a: Clefable|Choice Scarf|[from] move: Trick
|-item|p1a: Gothitelle|Leftovers|[from] move: Trick
|move|p2a: Clefable|Moonblast|p1a: Gothitelle
|-damage|p1a: Gothitelle|0 fnt
|faint|p1a: Gothitelle
|
|
|switch|p1a: Clefable|Clefable, M|394\/394
|turn|17
|
|switch|p1a: Dragonite|Dragonite, F|323\/323
|move|p2a: Clefable|Moonblast|p1a: Dragonite
|-supereffective|p1a: Dragonite
|-damage|p1a: Dragonite|163\/323
|
|turn|18
|
|switch|p1a: Clefable|Clefable, M|394\/394
|move|p2a: Clefable|Moonblast|p1a: Clefable
|-crit|p1a: Clefable
|-damage|p1a: Clefable|246\/394
|
|-heal|p1a: Clefable|270\/394|[from] item: Leftovers
|turn|19
|
|move|p2a: Clefable|Moonblast|p1a: Clefable
|-damage|p1a: Clefable|179\/394
|-unboost|p1a: Clefable|spa|1
|move|p1a: Clefable|Wish|p1a: Clefable
|
|-heal|p1a: Clefable|203\/394|[from] item: Leftovers
|turn|20
|
|switch|p2a: Scizor|Scizor-Mega, M|343\/343
|-damage|p2a: Scizor|301\/343|[from] Stealth Rock
|move|p1a: Clefable|Moonblast|p2a: Scizor
|-resisted|p2a: Scizor
|-damage|p2a: Scizor|268\/343
|-unboost|p2a: Scizor|spa|1
|
|-heal|p1a: Clefable|394\/394|[from] move: Wish|[wisher] Clefable
|turn|21
|
|move|p2a: Scizor|Defog|p1a: Clefable
|-unboost|p1a: Clefable|evasion|1
|-sideend|p2: Cunty Vibes|Stealth Rock|[from] move: Defog|[of] p2a: Scizor
|move|p1a: Clefable|Wish|p1a: Clefable
|
|turn|22
|
|switch|p2a: Landorus-Therian|Landorus-Therian, M|296\/382
|-ability|p2a: Landorus-Therian|Intimidate|[of] p1a: Clefable
|-unboost|p1a: Clefable|atk|1
|switch|p1a: Dragonite|Dragonite, F|163\/323
|
|-heal|p1a: Dragonite|323\/323|[from] move: Wish|[wisher] Clefable
|-heal|p2a: Landorus-Therian|319\/382|[from] item: Leftovers
|turn|23
|
|move|p1a: Dragonite|Ice Punch|p2a: Landorus-Therian
|-supereffective|p2a: Landorus-Therian
|-damage|p2a: Landorus-Therian|0 fnt
|faint|p2a: Landorus-Therian
|
|
|switch|p2a: Alomomola|Alomomola, F|445\/534
|turn|24
|
|switch|p1a: Clefable|Clefable, M|394\/394
|move|p2a: Alomomola|Toxic|p1a: Clefable
|-status|p1a: Clefable|tox
|
|-damage|p1a: Clefable|370\/394 tox|[from] psn
|turn|25
|
|move|p2a: Alomomola|Wish|p2a: Alomomola
|move|p1a: Clefable|Heal Bell|p1a: Clefable
|-cureteam|p1a: Clefable|[from] move: HealBell
|
|-heal|p1a: Clefable|394\/394|[from] item: Leftovers
|turn|26
|
|move|p2a: Alomomola|Toxic|p1a: Clefable
|-status|p1a: Clefable|tox
|move|p1a: Clefable|Moonblast|p2a: Alomomola
|-damage|p2a: Alomomola|264\/534
|
|-heal|p2a: Alomomola|531\/534|[from] move: Wish|[wisher] Alomomola
|-damage|p1a: Clefable|370\/394 tox|[from] psn
|turn|27
|
|move|p2a: Alomomola|Wish|p2a: Alomomola
|move|p1a: Clefable|Heal Bell|p1a: Clefable
|-cureteam|p1a: Clefable|[from] move: HealBell
|
|-heal|p1a: Clefable|394\/394|[from] item: Leftovers
|turn|28
|
|move|p1a: Clefable|Protect|p1a: Clefable
|-singleturn|p1a: Clefable|Protect
|move|p2a: Alomomola|Mirror Coat|p1a: Clefable
|-activate|p1a: Clefable|Protect
|
|-heal|p2a: Alomomola|534\/534|[from] move: Wish|[wisher] Alomomola
|turn|29
|
|switch|p1a: Keldeo|Keldeo|282\/323
|move|p2a: Alomomola|Toxic|p1a: Keldeo|[miss]
|-miss|p2a: Alomomola|p1a: Keldeo
|
|turn|30
|
|move|p1a: Keldeo|Hidden Power|p2a: Alomomola
|-supereffective|p2a: Alomomola
|-damage|p2a: Alomomola|164\/534
|move|p2a: Alomomola|Mirror Coat|p1a: Keldeo
|-damage|p1a: Keldeo|0 fnt
|faint|p1a: Keldeo
|
|
|switch|p1a: Charizard|Charizard, M|297\/297
|turn|31
|
|switch|p2a: Chansey|Chansey, F|704\/704
|move|p1a: Charizard|Dragon Dance|p1a: Charizard
|-boost|p1a: Charizard|atk|1
|-boost|p1a: Charizard|spe|1
|
|turn|32
|
|detailschange|p1a: Charizard|Charizard-Mega-X, M
|-mega|p1a: Charizard|Charizard|Charizardite X
|move|p1a: Charizard|Dragon Dance|p1a: Charizard
|-boost|p1a: Charizard|atk|1
|-boost|p1a: Charizard|spe|1
|move|p2a: Chansey|Wish|p2a: Chansey
|
|turn|33
|
|switch|p2a: Alomomola|Alomomola, F|342\/534
|move|p1a: Charizard|Dragon Claw|p2a: Alomomola
|-damage|p2a: Alomomola|41\/534
|-damage|p1a: Charizard|248\/297|[from] item: Rocky Helmet|[of] p2a: Alomomola
|
|-heal|p2a: Alomomola|393\/534|[from] move: Wish|[wisher] Chansey
|turn|34
|
|move|p1a: Charizard|Dragon Dance|p1a: Charizard
|-boost|p1a: Charizard|atk|1
|-boost|p1a: Charizard|spe|1
|move|p2a: Alomomola|Toxic|p1a: Charizard
|-status|p1a: Charizard|tox
|
|-damage|p1a: Charizard|230\/297 tox|[from] psn
|turn|35
|
|move|p1a: Charizard|Flare Blitz|p2a: Alomomola
|-resisted|p2a: Alomomola
|-damage|p2a: Alomomola|74\/534
|-damage|p1a: Charizard|181\/297 tox|[from] item: Rocky Helmet|[of] p2a: Alomomola
|-damage|p1a: Charizard|76\/297 tox|[from] recoil|[of] p2a: Alomomola
|move|p2a: Alomomola|Wish|p2a: Alomomola
|
|-damage|p1a: Charizard|40\/297 tox|[from] psn
|turn|36
|
|switch|p1a: Dragonite|Dragonite, F|323\/323
|switch|p2a: Conkeldurr|Conkeldurr, M|159\/401 brn
|
|-heal|p2a: Conkeldurr|401\/401 brn|[from] move: Wish|[wisher] Alomomola
|-damage|p2a: Conkeldurr|351\/401 brn|[from] brn
|turn|37
|
|switch|p1a: Clefable|Clefable, M|394\/394
|switch|p2a: Clefable|Clefable, F|394\/394
|
|turn|38
|
|switch|p2a: Chansey|Chansey, F|704\/704
|move|p1a: Clefable|Heal Bell|p1a: Clefable
|-cureteam|p1a: Clefable|[from] move: HealBell
|
|turn|39
|
|move|p1a: Clefable|Wish|p1a: Clefable
|move|p2a: Chansey|Wish|p2a: Chansey
|
|turn|40
|
|switch|p1a: Charizard|Charizard-Mega-X, M|40\/297
|switch|p2a: Alomomola|Alomomola, F|252\/534
|
|-heal|p2a: Alomomola|534\/534|[from] move: Wish|[wisher] Chansey
|-heal|p1a: Charizard|237\/297|[from] move: Wish|[wisher] Clefable
|turn|41
|
|switch|p1a: Clefable|Clefable, M|394\/394
|move|p2a: Alomomola|Toxic|p1a: Clefable
|-status|p1a: Clefable|tox
|
|-damage|p1a: Clefable|370\/394 tox|[from] psn
|turn|42
|
|move|p2a: Alomomola|Wish|p2a: Alomomola
|move|p1a: Clefable|Wish|p1a: Clefable
|
|-heal|p1a: Clefable|394\/394 tox|[from] item: Leftovers
|-damage|p1a: Clefable|346\/394 tox|[from] psn
|turn|43
|
|switch|p1a: Charizard|Charizard-Mega-X, M|237\/297
|move|p2a: Alomomola|Toxic|p1a: Charizard
|-status|p1a: Charizard|tox
|
|-heal|p1a: Charizard|297\/297 tox|[from] move: Wish|[wisher] Clefable
|-damage|p1a: Charizard|279\/297 tox|[from] psn
|turn|44
|
|switch|p1a: Clefable|Clefable, M|346\/394 tox
|switch|p2a: Scizor|Scizor-Mega, M|268\/343
|
|-heal|p1a: Clefable|370\/394 tox|[from] item: Leftovers
|-damage|p1a: Clefable|346\/394 tox|[from] psn
|turn|45
|
|move|p2a: Scizor|Bullet Punch|p1a: Clefable
|-supereffective|p1a: Clefable
|-damage|p1a: Clefable|134\/394 tox
|move|p1a: Clefable|Heal Bell|p1a: Clefable
|-cureteam|p1a: Clefable|[from] move: HealBell
|
|-heal|p1a: Clefable|158\/394|[from] item: Leftovers
|turn|46
|
|move|p1a: Clefable|Protect|p1a: Clefable
|-singleturn|p1a: Clefable|Protect
|move|p2a: Scizor|Bullet Punch|p1a: Clefable
|-activate|p1a: Clefable|Protect
|
|-heal|p1a: Clefable|182\/394|[from] item: Leftovers
|turn|47
|
|switch|p2a: Alomomola|Alomomola, F|534\/534
|switch|p1a: Charizard|Charizard-Mega-X, M|279\/297
|
|turn|48
|
|move|p1a: Charizard|Dragon Dance|p1a: Charizard
|-boost|p1a: Charizard|atk|1
|-boost|p1a: Charizard|spe|1
|move|p2a: Alomomola|Toxic|p1a: Charizard
|-status|p1a: Charizard|tox
|
|-damage|p1a: Charizard|261\/297 tox|[from] psn
|turn|49
|
|switch|p1a: Clefable|Clefable, M|182\/394
|move|p2a: Alomomola|Scald|p1a: Clefable
|-damage|p1a: Clefable|146\/394
|-status|p1a: Clefable|brn
|
|-heal|p1a: Clefable|170\/394 brn|[from] item: Leftovers
|-damage|p1a: Clefable|121\/394 brn|[from] brn
|turn|50
|
|switch|p2a: Scizor|Scizor-Mega, M|268\/343
|move|p1a: Clefable|Wish|p1a: Clefable
|
|-heal|p1a: Clefable|145\/394 brn|[from] item: Leftovers
|-damage|p1a: Clefable|96\/394 brn|[from] brn
|turn|51
|
|move|p1a: Clefable|Protect|p1a: Clefable
|-singleturn|p1a: Clefable|Protect
|move|p2a: Scizor|Bullet Punch|p1a: Clefable
|-activate|p1a: Clefable|Protect
|
|-heal|p1a: Clefable|293\/394 brn|[from] move: Wish|[wisher] Clefable
|-heal|p1a: Clefable|317\/394 brn|[from] item: Leftovers
|-damage|p1a: Clefable|268\/394 brn|[from] brn
|turn|52
|
|move|p2a: Scizor|Bullet Punch|p1a: Clefable
|-supereffective|p1a: Clefable
|-damage|p1a: Clefable|32\/394 brn
|move|p1a: Clefable|Heal Bell|p1a: Clefable
|-cureteam|p1a: Clefable|[from] move: HealBell
|
|-heal|p1a: Clefable|56\/394|[from] item: Leftovers
|turn|53
|
|move|p1a: Clefable|Protect|p1a: Clefable
|-singleturn|p1a: Clefable|Protect
|move|p2a: Scizor|Bullet Punch|p1a: Clefable
|-activate|p1a: Clefable|Protect
|
|-heal|p1a: Clefable|80\/394|[from] item: Leftovers
|turn|54
|
|switch|p1a: Charizard|Charizard-Mega-X, M|261\/297
|move|p2a: Scizor|Bullet Punch|p1a: Charizard
|-crit|p1a: Charizard
|-resisted|p1a: Charizard
|-damage|p1a: Charizard|194\/297
|
|turn|55
|
|switch|p2a: Conkeldurr|Conkeldurr, M|351\/401 brn
|move|p1a: Charizard|Dragon Dance|p1a: Charizard
|-boost|p1a: Charizard|atk|1
|-boost|p1a: Charizard|spe|1
|
|-damage|p2a: Conkeldurr|301\/401 brn|[from] brn
|turn|56
|
|switch|p2a: Alomomola|Alomomola, F|534\/534
|move|p1a: Charizard|Dragon Claw|p2a: Alomomola
|-damage|p2a: Alomomola|290\/534
|-damage|p1a: Charizard|145\/297|[from] item: Rocky Helmet|[of] p2a: Alomomola
|
|turn|57
|
|move|p1a: Charizard|Dragon Dance|p1a: Charizard
|-boost|p1a: Charizard|atk|1
|-boost|p1a: Charizard|spe|1
|move|p2a: Alomomola|Toxic|p1a: Charizard
|-status|p1a: Charizard|tox
|
|-damage|p1a: Charizard|127\/297 tox|[from] psn
|turn|58
|
|switch|p2a: Clefable|Clefable, F|394\/394
|move|p1a: Charizard|Dragon Claw|p2a: Clefable
|-immune|p2a: Clefable|[msg]
|
|-damage|p1a: Charizard|91\/297 tox|[from] psn
|turn|59
|
|switch|p2a: Conkeldurr|Conkeldurr, M|301\/401 brn
|move|p1a: Charizard|Flare Blitz|p2a: Conkeldurr
|-damage|p2a: Conkeldurr|0 fnt
|-damage|p1a: Charizard|0 fnt|[from] recoil|[of] p2a: Conkeldurr
|faint|p2a: Conkeldurr
|faint|p1a: Charizard
|
|
|switch|p1a: Dragonite|Dragonite, F|323\/323
|switch|p2a: Scizor|Scizor-Mega, M|268\/343
|turn|60
|
|switch|p2a: Alomomola|Alomomola, F|468\/534
|move|p1a: Dragonite|Dragon Dance|p1a: Dragonite
|-boost|p1a: Dragonite|atk|1
|-boost|p1a: Dragonite|spe|1
|
|turn|61
|
|move|p1a: Dragonite|Dragon Dance|p1a: Dragonite
|-boost|p1a: Dragonite|atk|1
|-boost|p1a: Dragonite|spe|1
|move|p2a: Alomomola|Toxic|p1a: Dragonite
|-status|p1a: Dragonite|tox
|-enditem|p1a: Dragonite|Lum Berry|[eat]
|-curestatus|p1a: Dragonite|tox
|
|turn|62
|
|move|p1a: Dragonite|Dragon Dance|p1a: Dragonite
|-boost|p1a: Dragonite|atk|1
|-boost|p1a: Dragonite|spe|1
|move|p2a: Alomomola|Toxic|p1a: Dragonite
|-status|p1a: Dragonite|tox
|
|-damage|p1a: Dragonite|303\/323 tox|[from] psn
|turn|63
|
|move|p1a: Dragonite|Dragon Dance|p1a: Dragonite
|-boost|p1a: Dragonite|atk|1
|-boost|p1a: Dragonite|spe|1
|move|p2a: Alomomola|Wish|p2a: Alomomola
|
|-damage|p1a: Dragonite|263\/323 tox|[from] psn
|turn|64
|
|switch|p2a: Clefable|Clefable, F|394\/394
|move|p1a: Dragonite|Dragon Claw|p2a: Clefable
|-immune|p2a: Clefable|[msg]
|
|-damage|p1a: Dragonite|203\/323 tox|[from] psn
|turn|65
|
|move|p1a: Dragonite|Earthquake|p2a: Clefable
|-damage|p2a: Clefable|270\/394
|move|p2a: Clefable|Moonblast|p1a: Dragonite
|-supereffective|p1a: Dragonite
|-damage|p1a: Dragonite|0 fnt
|faint|p1a: Dragonite
|
|-message|Here to Stay forfeited.
|leave|Here to Stay
|
|win|Cunty Vibes
|raw|Ladder updating...
|player|p1
|raw|Here to Stay's rating: 1749 &rarr; <strong>1727<\/strong><br \/>(-22 for losing)
|raw|Cunty Vibes's rating: 1711 &rarr; <strong>1733<\/strong><br \/>(+22 for winning)