|join|tetassssss
|join|Cunty Vibes
|player|p1|tetassssss|192
|player|p2|Cunty Vibes|185
|gametype|singles
|gen|6
|tier|OU
|rated
|clearpoke
|poke|p1|Chansey, F
|poke|p1|Shaymin
|poke|p1|Charizard, F
|poke|p1|Zapdos
|poke|p1|Slowbro, M
|poke|p1|Landorus-Therian, M
|poke|p2|Clefable, F
|poke|p2|Conkeldurr, F
|poke|p2|Landorus-Therian, M
|poke|p2|Chansey, F
|poke|p2|Scizor, F
|poke|p2|Alomomola, F
|rule|Swagger Clause: Swagger is banned
|rule|Baton Pass Clause: Limit one PokÃ©mon knowing Baton Pass
|rule|Sleep Clause Mod: Limit one foe put to sleep
|rule|Species Clause: Limit one of each PokÃ©mon
|rule|OHKO Clause: OHKO moves are banned
|rule|Moody Clause: Moody is banned
|rule|Evasion Moves Clause: Evasion moves are banned
|rule|Endless Battle Clause: Forcing endless battles is banned
|rule|HP Percentage Mod: HP is shown in percentages
|teampreview
|
|start
|switch|p1a: Landorus-Therian|Landorus-Therian, M|319\/319
|switch|p2a: Landorus-Therian|Landorus-Therian, M|382\/382
|-ability|p1a: Landorus-Therian|Intimidate|[of] p2a: Landorus-Therian
|-unboost|p2a: Landorus-Therian|atk|1
|-ability|p2a: Landorus-Therian|Intimidate|[of] p1a: Landorus-Therian
|-unboost|p1a: Landorus-Therian|atk|1
|turn|1
|
|move|p1a: Landorus-Therian|Knock Off|p2a: Landorus-Therian
|-damage|p2a: Landorus-Therian|306\/382
|-enditem|p2a: Landorus-Therian|Leftovers|[from] move: Knock Off|[of] p1a: Landorus-Therian
|move|p2a: Landorus-Therian|Stealth Rock|p1a: Landorus-Therian
|-sidestart|p1: tetassssss|move: Stealth Rock
|
|turn|2
|
|switch|p1a: Zapdos|Zapdos|384\/384
|-damage|p1a: Zapdos|288\/384|[from] Stealth Rock
|-ability|p1a: Zapdos|Pressure
|move|p2a: Landorus-Therian|U-turn|p1a: Zapdos
|-resisted|p1a: Zapdos
|-damage|p1a: Zapdos|268\/384
|join|Francesco98
|
|switch|p2a: Conkeldurr|Conkeldurr, F|401\/401
|
|-heal|p1a: Zapdos|292\/384|[from] item: Leftovers
|turn|3
|leave|Francesco98
|
|move|p1a: Zapdos|Roost|p1a: Zapdos
|-heal|p1a: Zapdos|384\/384
|move|p2a: Conkeldurr|Ice Punch|p1a: Zapdos
|-damage|p1a: Zapdos|305\/384
|
|-heal|p1a: Zapdos|329\/384|[from] item: Leftovers
|turn|4
|
|move|p1a: Zapdos|Defog|p2a: Conkeldurr
|-unboost|p2a: Conkeldurr|evasion|1
|-sideend|p1: tetassssss|Stealth Rock|[from] move: Defog|[of] p1a: Zapdos
|move|p2a: Conkeldurr|Knock Off|p1a: Zapdos
|-damage|p1a: Zapdos|218\/384
|-enditem|p1a: Zapdos|Leftovers|[from] move: Knock Off|[of] p2a: Conkeldurr
|
|turn|5
|
|switch|p1a: Slowbro|Slowbro, M|393\/393
|switch|p2a: Landorus-Therian|Landorus-Therian, M|306\/382
|-ability|p2a: Landorus-Therian|Intimidate|[of] p1a: Slowbro
|-unboost|p1a: Slowbro|atk|1
|
|turn|6
|
|move|p2a: Landorus-Therian|U-turn|p1a: Slowbro
|-supereffective|p1a: Slowbro
|-damage|p1a: Slowbro|297\/393
|
|switch|p2a: Alomomola|Alomomola, F|534\/534
|move|p1a: Slowbro|Scald|p2a: Alomomola
|-resisted|p2a: Alomomola
|-damage|p2a: Alomomola|459\/534
|
|turn|7
|
|switch|p1a: Shaymin|Shaymin|404\/404
|move|p2a: Alomomola|Toxic|p1a: Shaymin|[miss]
|-miss|p2a: Alomomola|p1a: Shaymin
|
|turn|8
|
|switch|p2a: Chansey|Chansey, F|704\/704
|move|p1a: Shaymin|Leech Seed|p2a: Chansey
|-start|p2a: Chansey|move: Leech Seed
|
|-damage|p2a: Chansey|616\/704|[from] Leech Seed|[of] p1a: Shaymin
|turn|9
|
|switch|p1a: Chansey|Chansey, F|703\/703
|move|p2a: Chansey|Wish|p2a: Chansey
|
|-damage|p2a: Chansey|528\/704|[from] Leech Seed|[of] p1a: Chansey
|turn|10
|
|switch|p2a: Landorus-Therian|Landorus-Therian, M|306\/382
|-ability|p2a: Landorus-Therian|Intimidate|[of] p1a: Chansey
|-unboost|p1a: Chansey|atk|1
|move|p1a: Chansey|Toxic|p2a: Landorus-Therian
|-status|p2a: Landorus-Therian|tox
|
|-heal|p2a: Landorus-Therian|382\/382 tox|[from] move: Wish|[wisher] Chansey
|-damage|p2a: Landorus-Therian|359\/382 tox|[from] psn
|turn|11
|
|move|p2a: Landorus-Therian|Stealth Rock|p1a: Chansey
|-sidestart|p1: tetassssss|move: Stealth Rock
|move|p1a: Chansey|Stealth Rock|p2a: Landorus-Therian
|-sidestart|p2: Cunty Vibes|move: Stealth Rock
|
|-damage|p2a: Landorus-Therian|313\/382 tox|[from] psn
|turn|12
|
|move|p2a: Landorus-Therian|U-turn|p1a: Chansey
|-damage|p1a: Chansey|602\/703
|
|switch|p2a: Conkeldurr|Conkeldurr, F|401\/401
|-damage|p2a: Conkeldurr|376\/401|[from] Stealth Rock
|move|p1a: Chansey|Seismic Toss|p2a: Conkeldurr
|-damage|p2a: Conkeldurr|276\/401
|
|turn|13
|
|switch|p1a: Slowbro|Slowbro, M|393\/393
|-damage|p1a: Slowbro|344\/393|[from] Stealth Rock
|move|p2a: Conkeldurr|Ice Punch|p1a: Slowbro
|-resisted|p1a: Slowbro
|-damage|p1a: Slowbro|310\/393
|
|turn|14
|
|switch|p2a: Alomomola|Alomomola, F|534\/534
|-damage|p2a: Alomomola|468\/534|[from] Stealth Rock
|move|p1a: Slowbro|Psyshock|p2a: Alomomola
|-damage|p2a: Alomomola|387\/534
|
|turn|15
|
|move|p2a: Alomomola|Toxic|p1a: Slowbro
|-status|p1a: Slowbro|tox
|move|p1a: Slowbro|Psyshock|p2a: Alomomola
|-crit|p2a: Alomomola
|-damage|p2a: Alomomola|261\/534
|
|-damage|p1a: Slowbro|286\/393 tox|[from] psn
|turn|16
|
|switch|p1a: Shaymin|Shaymin|404\/404
|-damage|p1a: Shaymin|354\/404|[from] Stealth Rock
|move|p2a: Alomomola|Toxic|p1a: Shaymin
|-status|p1a: Shaymin|tox
|
|-heal|p1a: Shaymin|379\/404 tox|[from] item: Leftovers
|-damage|p1a: Shaymin|354\/404 tox|[from] psn
|turn|17
|
|switch|p2a: Chansey|Chansey, F|528\/704
|-damage|p2a: Chansey|440\/704|[from] Stealth Rock
|move|p1a: Shaymin|Leech Seed|p2a: Chansey
|-start|p2a: Chansey|move: Leech Seed
|
|-heal|p1a: Shaymin|379\/404 tox|[from] item: Leftovers
|-damage|p2a: Chansey|352\/704|[from] Leech Seed|[of] p1a: Shaymin
|-heal|p1a: Shaymin|404\/404 tox|[silent]
|-damage|p1a: Shaymin|354\/404 tox|[from] psn
|turn|18
|
|switch|p1a: Landorus-Therian|Landorus-Therian, M|319\/319
|-damage|p1a: Landorus-Therian|280\/319|[from] Stealth Rock
|-ability|p1a: Landorus-Therian|Intimidate|[of] p2a: Chansey
|-unboost|p2a: Chansey|atk|1
|move|p2a: Chansey|Seismic Toss|p1a: Landorus-Therian
|-damage|p1a: Landorus-Therian|180\/319
|
|-damage|p2a: Chansey|264\/704|[from] Leech Seed|[of] p1a: Landorus-Therian
|-heal|p1a: Landorus-Therian|268\/319|[silent]
|turn|19
|
|switch|p2a: Alomomola|Alomomola, F|439\/534
|-damage|p2a: Alomomola|373\/534|[from] Stealth Rock
|move|p1a: Landorus-Therian|U-turn|p2a: Alomomola
|-damage|p2a: Alomomola|284\/534
|-damage|p1a: Landorus-Therian|215\/319|[from] item: Rocky Helmet|[of] p2a: Alomomola
|
|switch|p1a: Shaymin|Shaymin|354\/404
|-damage|p1a: Shaymin|304\/404|[from] Stealth Rock
|
|-heal|p1a: Shaymin|329\/404|[from] item: Leftovers
|turn|20
|
|switch|p2a: Scizor|Scizor, F|343\/343
|-damage|p2a: Scizor|301\/343|[from] Stealth Rock
|move|p1a: Shaymin|Leech Seed|p2a: Scizor
|-start|p2a: Scizor|move: Leech Seed
|
|-heal|p1a: Shaymin|354\/404|[from] item: Leftovers
|-damage|p2a: Scizor|259\/343|[from] Leech Seed|[of] p1a: Shaymin
|-heal|p1a: Shaymin|396\/404|[silent]
|turn|21
|
|switch|p1a: Landorus-Therian|Landorus-Therian, M|215\/319
|-damage|p1a: Landorus-Therian|176\/319|[from] Stealth Rock
|-ability|p1a: Landorus-Therian|Intimidate|[of] p2a: Scizor
|-unboost|p2a: Scizor|atk|1
|detailschange|p2a: Scizor|Scizor-Mega, F
|-mega|p2a: Scizor|Scizor|Scizorite
|move|p2a: Scizor|Roost|p2a: Scizor
|-heal|p2a: Scizor|343\/343
|
|-damage|p2a: Scizor|301\/343|[from] Leech Seed|[of] p1a: Landorus-Therian
|-heal|p1a: Landorus-Therian|218\/319|[silent]
|turn|22
|
|switch|p2a: Alomomola|Alomomola, F|462\/534
|-damage|p2a: Alomomola|396\/534|[from] Stealth Rock
|move|p1a: Landorus-Therian|Stone Edge|p2a: Alomomola
|-damage|p2a: Alomomola|267\/534
|
|turn|23
|
|switch|p1a: Shaymin|Shaymin|396\/404
|-damage|p1a: Shaymin|346\/404|[from] Stealth Rock
|move|p2a: Alomomola|Wish|p2a: Alomomola
|
|-heal|p1a: Shaymin|371\/404|[from] item: Leftovers
|turn|24
|
|switch|p2a: Chansey|Chansey, F|264\/704
|-damage|p2a: Chansey|176\/704|[from] Stealth Rock
|move|p1a: Shaymin|Leech Seed|p2a: Chansey
|-start|p2a: Chansey|move: Leech Seed
|
|-heal|p2a: Chansey|443\/704|[from] move: Wish|[wisher] Alomomola
|-heal|p1a: Shaymin|396\/404|[from] item: Leftovers
|-damage|p2a: Chansey|355\/704|[from] Leech Seed|[of] p1a: Shaymin
|-heal|p1a: Shaymin|404\/404|[silent]
|turn|25
|
|switch|p1a: Landorus-Therian|Landorus-Therian, M|218\/319
|-damage|p1a: Landorus-Therian|179\/319|[from] Stealth Rock
|-ability|p1a: Landorus-Therian|Intimidate|[of] p2a: Chansey
|-unboost|p2a: Chansey|atk|1
|move|p2a: Chansey|Wish|p2a: Chansey
|
|-damage|p2a: Chansey|267\/704|[from] Leech Seed|[of] p1a: Landorus-Therian
|-heal|p1a: Landorus-Therian|267\/319|[silent]
|turn|26
|
|move|p2a: Chansey|Protect|p2a: Chansey
|-singleturn|p2a: Chansey|Protect
|move|p1a: Landorus-Therian|Knock Off|p2a: Chansey
|-activate|p2a: Chansey|Protect
|
|-heal|p2a: Chansey|619\/704|[from] move: Wish|[wisher] Chansey
|-damage|p2a: Chansey|531\/704|[from] Leech Seed|[of] p1a: Landorus-Therian
|-heal|p1a: Landorus-Therian|319\/319|[silent]
|turn|27
|
|switch|p1a: Slowbro|Slowbro, M|393\/393 tox
|-damage|p1a: Slowbro|344\/393 tox|[from] Stealth Rock
|switch|p2a: Scizor|Scizor-Mega, F|301\/343
|-damage|p2a: Scizor|259\/343|[from] Stealth Rock
|
|-damage|p1a: Slowbro|320\/393 tox|[from] psn
|turn|28
|
|switch|p2a: Alomomola|Alomomola, F|445\/534
|-damage|p2a: Alomomola|379\/534|[from] Stealth Rock
|move|p1a: Slowbro|Fire Blast|p2a: Alomomola
|-resisted|p2a: Alomomola
|-damage|p2a: Alomomola|308\/534
|
|-damage|p1a: Slowbro|272\/393 tox|[from] psn
|turn|29
|
|switch|p1a: Shaymin|Shaymin|404\/404
|-damage|p1a: Shaymin|354\/404|[from] Stealth Rock
|move|p2a: Alomomola|Scald|p1a: Shaymin
|-resisted|p1a: Shaymin
|-damage|p1a: Shaymin|337\/404
|-status|p1a: Shaymin|brn
|
|-heal|p1a: Shaymin|362\/404 brn|[from] item: Leftovers
|-damage|p1a: Shaymin|312\/404 brn|[from] brn
|turn|30
|
|switch|p2a: Scizor|Scizor-Mega, F|259\/343
|-damage|p2a: Scizor|217\/343|[from] Stealth Rock
|move|p1a: Shaymin|Leech Seed|p2a: Scizor
|-start|p2a: Scizor|move: Leech Seed
|
|-heal|p1a: Shaymin|337\/404 brn|[from] item: Leftovers
|-damage|p2a: Scizor|175\/343|[from] Leech Seed|[of] p1a: Shaymin
|-heal|p1a: Shaymin|379\/404 brn|[silent]
|-damage|p1a: Shaymin|329\/404 brn|[from] brn
|turn|31
|
|switch|p1a: Landorus-Therian|Landorus-Therian, M|319\/319
|-damage|p1a: Landorus-Therian|280\/319|[from] Stealth Rock
|-ability|p1a: Landorus-Therian|Intimidate|[of] p2a: Scizor
|-unboost|p2a: Scizor|atk|1
|move|p2a: Scizor|Roost|p2a: Scizor
|-heal|p2a: Scizor|343\/343
|
|-damage|p2a: Scizor|301\/343|[from] Leech Seed|[of] p1a: Landorus-Therian
|-heal|p1a: Landorus-Therian|319\/319|[silent]
|turn|32
|
|switch|p2a: Alomomola|Alomomola, F|486\/534
|-damage|p2a: Alomomola|420\/534|[from] Stealth Rock
|move|p1a: Landorus-Therian|Knock Off|p2a: Alomomola
|-damage|p2a: Alomomola|307\/534
|-damage|p1a: Landorus-Therian|266\/319|[from] item: Rocky Helmet|[of] p2a: Alomomola
|-enditem|p2a: Alomomola|Rocky Helmet|[from] move: Knock Off|[of] p1a: Landorus-Therian
|
|turn|33
|
|switch|p1a: Shaymin|Shaymin|329\/404
|-damage|p1a: Shaymin|279\/404|[from] Stealth Rock
|switch|p2a: Conkeldurr|Conkeldurr, F|276\/401
|-damage|p2a: Conkeldurr|251\/401|[from] Stealth Rock
|
|-heal|p1a: Shaymin|304\/404|[from] item: Leftovers
|turn|34
|
|switch|p1a: Slowbro|Slowbro, M|393\/393 tox
|-damage|p1a: Slowbro|344\/393 tox|[from] Stealth Rock
|move|p2a: Conkeldurr|Knock Off|p1a: Slowbro
|-supereffective|p1a: Slowbro
|-damage|p1a: Slowbro|156\/393 tox
|-enditem|p1a: Slowbro|Assault Vest|[from] move: Knock Off|[of] p2a: Conkeldurr
|
|-damage|p1a: Slowbro|132\/393 tox|[from] psn
|turn|35
|
|move|p2a: Conkeldurr|Ice Punch|p1a: Slowbro
|-resisted|p1a: Slowbro
|-damage|p1a: Slowbro|96\/393 tox
|move|p1a: Slowbro|Psyshock|p2a: Conkeldurr
|-supereffective|p2a: Conkeldurr
|-damage|p2a: Conkeldurr|53\/401
|
|-damage|p1a: Slowbro|48\/393 tox|[from] psn
|turn|36
|
|move|p2a: Conkeldurr|Ice Punch|p1a: Slowbro
|-resisted|p1a: Slowbro
|-damage|p1a: Slowbro|14\/393 tox
|move|p1a: Slowbro|Psyshock|p2a: Conkeldurr
|-supereffective|p2a: Conkeldurr
|-damage|p2a: Conkeldurr|0 fnt
|faint|p2a: Conkeldurr
|
|-damage|p1a: Slowbro|0 fnt|[from] psn
|faint|p1a: Slowbro
|
|switch|p1a: Landorus-Therian|Landorus-Therian, M|266\/319
|switch|p2a: Landorus-Therian|Landorus-Therian, M|313\/382 tox
|-damage|p1a: Landorus-Therian|227\/319|[from] Stealth Rock
|-ability|p1a: Landorus-Therian|Intimidate|[of] p2a: Landorus-Therian
|-unboost|p2a: Landorus-Therian|atk|1
|-damage|p2a: Landorus-Therian|266\/382 tox|[from] Stealth Rock
|-ability|p2a: Landorus-Therian|Intimidate|[of] p1a: Landorus-Therian
|-unboost|p1a: Landorus-Therian|atk|1
|turn|37
|
|move|p1a: Landorus-Therian|U-turn|p2a: Landorus-Therian
|-resisted|p2a: Landorus-Therian
|-damage|p2a: Landorus-Therian|242\/382 tox
|
|switch|p1a: Chansey|Chansey, F|602\/703
|-damage|p1a: Chansey|515\/703|[from] Stealth Rock
|move|p2a: Landorus-Therian|U-turn|p1a: Chansey
|-damage|p1a: Chansey|453\/703
|
|switch|p2a: Chansey|Chansey, F|531\/704
|-damage|p2a: Chansey|443\/704|[from] Stealth Rock
|
|turn|38
|
|move|p2a: Chansey|Wish|p2a: Chansey
|move|p1a: Chansey|Soft-Boiled|p1a: Chansey
|-heal|p1a: Chansey|703\/703
|
|turn|39
|
|switch|p1a: Zapdos|Zapdos|218\/384
|-damage|p1a: Zapdos|122\/384|[from] Stealth Rock
|-ability|p1a: Zapdos|Pressure
|move|p2a: Chansey|Seismic Toss|p1a: Zapdos
|-damage|p1a: Zapdos|22\/384
|
|-heal|p2a: Chansey|704\/704|[from] move: Wish|[wisher] Chansey
|turn|40
|
|switch|p2a: Alomomola|Alomomola, F|485\/534
|-damage|p2a: Alomomola|419\/534|[from] Stealth Rock
|move|p1a: Zapdos|Roost|p1a: Zapdos
|-heal|p1a: Zapdos|214\/384
|
|turn|41
|
|switch|p1a: Shaymin|Shaymin|304\/404
|-damage|p1a: Shaymin|254\/404|[from] Stealth Rock
|move|p2a: Alomomola|Toxic|p1a: Shaymin|[miss]
|-miss|p2a: Alomomola|p1a: Shaymin
|
|-heal|p1a: Shaymin|279\/404|[from] item: Leftovers
|turn|42
|
|switch|p2a: Scizor|Scizor-Mega, F|301\/343
|-damage|p2a: Scizor|259\/343|[from] Stealth Rock
|move|p1a: Shaymin|Leech Seed|p2a: Scizor|[miss]
|-miss|p1a: Shaymin|p2a: Scizor
|
|-heal|p1a: Shaymin|304\/404|[from] item: Leftovers
|turn|43
|
|switch|p1a: Landorus-Therian|Landorus-Therian, M|227\/319
|-damage|p1a: Landorus-Therian|188\/319|[from] Stealth Rock
|-ability|p1a: Landorus-Therian|Intimidate|[of] p2a: Scizor
|-unboost|p2a: Scizor|atk|1
|switch|p2a: Alomomola|Alomomola, F|534\/534
|-damage|p2a: Alomomola|468\/534|[from] Stealth Rock
|
|turn|44
|
|move|p1a: Landorus-Therian|U-turn|p2a: Alomomola
|-damage|p2a: Alomomola|387\/534
|
|switch|p1a: Shaymin|Shaymin|304\/404
|-damage|p1a: Shaymin|254\/404|[from] Stealth Rock
|move|p2a: Alomomola|Toxic|p1a: Shaymin
|-status|p1a: Shaymin|tox
|
|-heal|p1a: Shaymin|279\/404 tox|[from] item: Leftovers
|-damage|p1a: Shaymin|254\/404 tox|[from] psn
|turn|45
|
|switch|p2a: Scizor|Scizor-Mega, F|259\/343
|-damage|p2a: Scizor|217\/343|[from] Stealth Rock
|move|p1a: Shaymin|Leech Seed|p2a: Scizor
|-start|p2a: Scizor|move: Leech Seed
|
|-heal|p1a: Shaymin|279\/404 tox|[from] item: Leftovers
|-damage|p2a: Scizor|175\/343|[from] Leech Seed|[of] p1a: Shaymin
|-heal|p1a: Shaymin|321\/404 tox|[silent]
|-damage|p1a: Shaymin|271\/404 tox|[from] psn
|turn|46
|
|move|p2a: Scizor|Pursuit|p1a: Shaymin|[from]Pursuit
|-damage|p1a: Shaymin|183\/404 tox
|switch|p1a: Zapdos|Zapdos|214\/384
|-damage|p1a: Zapdos|118\/384|[from] Stealth Rock
|-ability|p1a: Zapdos|Pressure
|
|-damage|p2a: Scizor|133\/343|[from] Leech Seed|[of] p1a: Zapdos
|-heal|p1a: Zapdos|160\/384|[silent]
|turn|47
|
|switch|p2a: Chansey|Chansey, F|704\/704
|-damage|p2a: Chansey|616\/704|[from] Stealth Rock
|move|p1a: Zapdos|Heat Wave|p2a: Chansey
|-damage|p2a: Chansey|555\/704
|
|turn|48
|
|move|p1a: Zapdos|Defog|p2a: Chansey
|-unboost|p2a: Chansey|evasion|1
|-sideend|p2: Cunty Vibes|Stealth Rock|[from] move: Defog|[of] p2a: Chansey
|-sideend|p1: tetassssss|Stealth Rock|[from] move: Defog|[of] p1a: Zapdos
|move|p2a: Chansey|Wish|p2a: Chansey
|
|turn|49
|
|switch|p2a: Landorus-Therian|Landorus-Therian, M|242\/382 tox
|-ability|p2a: Landorus-Therian|Intimidate|[of] p1a: Zapdos
|-unboost|p1a: Zapdos|atk|1
|move|p1a: Zapdos|Heat Wave|p2a: Landorus-Therian
|-damage|p2a: Landorus-Therian|137\/382 tox
|
|-heal|p2a: Landorus-Therian|382\/382 tox|[from] move: Wish|[wisher] Chansey
|-damage|p2a: Landorus-Therian|359\/382 tox|[from] psn
|turn|50
|
|move|p1a: Zapdos|Roost|p1a: Zapdos
|-heal|p1a: Zapdos|352\/384
|move|p2a: Landorus-Therian|Stealth Rock|p1a: Zapdos
|-sidestart|p1: tetassssss|move: Stealth Rock
|
|-damage|p2a: Landorus-Therian|313\/382 tox|[from] psn
|turn|51
|
|move|p1a: Zapdos|Heat Wave|p2a: Landorus-Therian
|-damage|p2a: Landorus-Therian|212\/382 tox
|move|p2a: Landorus-Therian|U-turn|p1a: Zapdos
|-resisted|p1a: Zapdos
|-damage|p1a: Zapdos|322\/384
|
|switch|p2a: Alomomola|Alomomola, F|534\/534
|
|turn|52
|
|move|p1a: Zapdos|Thunderbolt|p2a: Alomomola
|-supereffective|p2a: Alomomola
|-damage|p2a: Alomomola|54\/534
|move|p2a: Alomomola|Mirror Coat|p1a: Zapdos
|-damage|p1a: Zapdos|0 fnt
|faint|p1a: Zapdos
|
|
|switch|p1a: Landorus-Therian|Landorus-Therian, M|188\/319
|-damage|p1a: Landorus-Therian|149\/319|[from] Stealth Rock
|-ability|p1a: Landorus-Therian|Intimidate|[of] p2a: Alomomola
|-unboost|p2a: Alomomola|atk|1
|turn|53
|
|switch|p2a: Landorus-Therian|Landorus-Therian, M|212\/382 tox
|-ability|p2a: Landorus-Therian|Intimidate|[of] p1a: Landorus-Therian
|-unboost|p1a: Landorus-Therian|atk|1
|move|p1a: Landorus-Therian|U-turn|p2a: Landorus-Therian
|-resisted|p2a: Landorus-Therian
|-damage|p2a: Landorus-Therian|187\/382 tox
|
|switch|p1a: Charizard|Charizard, F|297\/297
|-damage|p1a: Charizard|149\/297|[from] Stealth Rock
|
|-damage|p2a: Landorus-Therian|164\/382 tox|[from] psn
|turn|54
|
|switch|p2a: Chansey|Chansey, F|555\/704
|detailschange|p1a: Charizard|Charizard-Mega-X, F
|-mega|p1a: Charizard|Charizard|Charizardite X
|move|p1a: Charizard|Fire Punch|p2a: Chansey
|-damage|p2a: Chansey|281\/704
|
|turn|55
|
|switch|p2a: Clefable|Clefable, F|394\/394
|move|p1a: Charizard|Dragon Claw|p2a: Clefable
|-immune|p2a: Clefable|[msg]
|
|turn|56
|
|switch|p1a: Chansey|Chansey, F|703\/703
|-damage|p1a: Chansey|616\/703|[from] Stealth Rock
|switch|p2a: Alomomola|Alomomola, F|232\/534
|
|turn|57
|
|move|p2a: Alomomola|Wish|p2a: Alomomola
|move|p1a: Chansey|Stealth Rock|p2a: Alomomola
|-sidestart|p2: Cunty Vibes|move: Stealth Rock
|
|turn|58
|
|switch|p2a: Chansey|Chansey, F|281\/704
|-damage|p2a: Chansey|193\/704|[from] Stealth Rock
|switch|p1a: Landorus-Therian|Landorus-Therian, M|149\/319
|-damage|p1a: Landorus-Therian|110\/319|[from] Stealth Rock
|-ability|p1a: Landorus-Therian|Intimidate|[of] p2a: Chansey
|-unboost|p2a: Chansey|atk|1
|
|-heal|p2a: Chansey|460\/704|[from] move: Wish|[wisher] Alomomola
|turn|59
|
|move|p2a: Chansey|Protect|p2a: Chansey
|-singleturn|p2a: Chansey|Protect
|move|p1a: Landorus-Therian|U-turn|p2a: Chansey
|-activate|p2a: Chansey|Protect
|
|turn|60
|
|move|p1a: Landorus-Therian|U-turn|p2a: Chansey
|-damage|p2a: Chansey|338\/704
|
|switch|p1a: Shaymin|Shaymin|183\/404
|-damage|p1a: Shaymin|133\/404|[from] Stealth Rock
|move|p2a: Chansey|Wish|p2a: Chansey
|
|-heal|p1a: Shaymin|158\/404|[from] item: Leftovers
|turn|61
|
|switch|p2a: Scizor|Scizor-Mega, F|133\/343
|-damage|p2a: Scizor|91\/343|[from] Stealth Rock
|move|p1a: Shaymin|Synthesis|p1a: Shaymin
|-heal|p1a: Shaymin|360\/404
|
|-heal|p2a: Scizor|343\/343|[from] move: Wish|[wisher] Chansey
|-heal|p1a: Shaymin|385\/404|[from] item: Leftovers
|turn|62
|
|move|p1a: Shaymin|Leech Seed|p2a: Scizor
|-start|p2a: Scizor|move: Leech Seed
|move|p2a: Scizor|Defog|p1a: Shaymin
|-unboost|p1a: Shaymin|evasion|1
|-sideend|p1: tetassssss|Stealth Rock|[from] move: Defog|[of] p1a: Shaymin
|-sideend|p2: Cunty Vibes|Stealth Rock|[from] move: Defog|[of] p2a: Scizor
|
|-heal|p1a: Shaymin|404\/404|[from] item: Leftovers
|-damage|p2a: Scizor|301\/343|[from] Leech Seed|[of] p1a: Shaymin
|turn|63
|
|switch|p1a: Landorus-Therian|Landorus-Therian, M|110\/319
|-ability|p1a: Landorus-Therian|Intimidate|[of] p2a: Scizor
|-unboost|p2a: Scizor|atk|1
|switch|p2a: Chansey|Chansey, F|338\/704
|
|turn|64
|
|switch|p1a: Charizard|Charizard-Mega-X, F|149\/297
|move|p2a: Chansey|Protect|p2a: Chansey
|-fail|p2a: Chansey
|
|turn|65
|
|switch|p2a: Alomomola|Alomomola, F|410\/534
|move|p1a: Charizard|Fire Punch|p2a: Alomomola
|-resisted|p2a: Alomomola
|-damage|p2a: Alomomola|330\/534
|
|turn|66
|
|move|p1a: Charizard|Dragon Claw|p2a: Alomomola
|-damage|p2a: Alomomola|147\/534
|move|p2a: Alomomola|Wish|p2a: Alomomola
|
|turn|67
|
|switch|p2a: Landorus-Therian|Landorus-Therian, M|164\/382 tox
|-ability|p2a: Landorus-Therian|Intimidate|[of] p1a: Charizard
|-unboost|p1a: Charizard|atk|1
|move|p1a: Charizard|Dragon Dance|p1a: Charizard
|-boost|p1a: Charizard|atk|1
|-boost|p1a: Charizard|spe|1
|
|-heal|p2a: Landorus-Therian|382\/382 tox|[from] move: Wish|[wisher] Alomomola
|-damage|p2a: Landorus-Therian|359\/382 tox|[from] psn
|turn|68
|
|switch|p1a: Shaymin|Shaymin|404\/404
|move|p2a: Landorus-Therian|Stealth Rock|p1a: Shaymin
|-sidestart|p1: tetassssss|move: Stealth Rock
|
|-damage|p2a: Landorus-Therian|313\/382 tox|[from] psn
|turn|69
|
|move|p1a: Shaymin|Leech Seed|p2a: Landorus-Therian
|-start|p2a: Landorus-Therian|move: Leech Seed
|move|p2a: Landorus-Therian|U-turn|p1a: Shaymin
|-supereffective|p1a: Shaymin
|-damage|p1a: Shaymin|264\/404
|
|switch|p2a: Clefable|Clefable, F|394\/394
|
|-heal|p1a: Shaymin|289\/404|[from] item: Leftovers
|turn|70
|
|move|p1a: Shaymin|Leech Seed|p2a: Clefable
|-start|p2a: Clefable|move: Leech Seed
|move|p2a: Clefable|Flamethrower|p1a: Shaymin
|-supereffective|p1a: Shaymin
|-damage|p1a: Shaymin|185\/404
|
|-heal|p1a: Shaymin|210\/404|[from] item: Leftovers
|-damage|p2a: Clefable|345\/394|[from] Leech Seed|[of] p1a: Shaymin
|-heal|p1a: Shaymin|259\/404|[silent]
|turn|71
|
|switch|p2a: Scizor|Scizor-Mega, F|301\/343
|move|p1a: Shaymin|Seed Flare|p2a: Scizor
|-resisted|p2a: Scizor
|-damage|p2a: Scizor|263\/343
|-unboost|p2a: Scizor|spd|2
|
|-heal|p1a: Shaymin|284\/404|[from] item: Leftovers
|turn|72
|
|move|p2a: Scizor|Bullet Punch|p1a: Shaymin
|-damage|p1a: Shaymin|181\/404
|move|p1a: Shaymin|Leech Seed|p2a: Scizor|[miss]
|-miss|p1a: Shaymin|p2a: Scizor
|
|-heal|p1a: Shaymin|206\/404|[from] item: Leftovers
|turn|73
|
|move|p2a: Scizor|Bullet Punch|p1a: Shaymin
|-damage|p1a: Shaymin|107\/404
|move|p1a: Shaymin|Leech Seed|p2a: Scizor
|-start|p2a: Scizor|move: Leech Seed
|
|-heal|p1a: Shaymin|132\/404|[from] item: Leftovers
|-damage|p2a: Scizor|221\/343|[from] Leech Seed|[of] p1a: Shaymin
|-heal|p1a: Shaymin|174\/404|[silent]
|turn|74
|
|switch|p2a: Chansey|Chansey, F|338\/704
|move|p1a: Shaymin|Synthesis|p1a: Shaymin
|-heal|p1a: Shaymin|376\/404
|
|-heal|p1a: Shaymin|401\/404|[from] item: Leftovers
|turn|75
|
|switch|p1a: Chansey|Chansey, F|616\/703
|-damage|p1a: Chansey|529\/703|[from] Stealth Rock
|move|p2a: Chansey|Wish|p2a: Chansey
|
|turn|76
|
|move|p1a: Chansey|Stealth Rock|p2a: Chansey
|-sidestart|p2: Cunty Vibes|move: Stealth Rock
|move|p2a: Chansey|Heal Bell|p2a: Chansey
|-cureteam|p2a: Chansey|[from] move: HealBell
|
|-heal|p2a: Chansey|690\/704|[from] move: Wish|[wisher] Chansey
|turn|77
|
|switch|p2a: Scizor|Scizor-Mega, F|221\/343
|-damage|p2a: Scizor|179\/343|[from] Stealth Rock
|move|p1a: Chansey|Toxic|p2a: Scizor
|-fail|p2a: Scizor
|
|turn|78
|
|switch|p1a: Shaymin|Shaymin|401\/404
|-damage|p1a: Shaymin|351\/404|[from] Stealth Rock
|move|p2a: Scizor|Roost|p2a: Scizor
|-heal|p2a: Scizor|343\/343
|
|-heal|p1a: Shaymin|376\/404|[from] item: Leftovers
|turn|79
|
|move|p2a: Scizor|Bullet Punch|p1a: Shaymin
|-damage|p1a: Shaymin|280\/404
|move|p1a: Shaymin|Leech Seed|p2a: Scizor
|-start|p2a: Scizor|move: Leech Seed
|
|-heal|p1a: Shaymin|305\/404|[from] item: Leftovers
|-damage|p2a: Scizor|301\/343|[from] Leech Seed|[of] p1a: Shaymin
|-heal|p1a: Shaymin|347\/404|[silent]
|turn|80
|
|switch|p1a: Charizard|Charizard-Mega-X, F|149\/297
|-damage|p1a: Charizard|75\/297|[from] Stealth Rock
|move|p2a: Scizor|Bullet Punch|p1a: Charizard
|-resisted|p1a: Charizard
|-damage|p1a: Charizard|30\/297
|
|-damage|p2a: Scizor|259\/343|[from] Leech Seed|[of] p1a: Charizard
|-heal|p1a: Charizard|72\/297|[silent]
|turn|81
|
|switch|p2a: Landorus-Therian|Landorus-Therian, M|313\/382
|-damage|p2a: Landorus-Therian|266\/382|[from] Stealth Rock
|-ability|p2a: Landorus-Therian|Intimidate|[of] p1a: Charizard
|-unboost|p1a: Charizard|atk|1
|move|p1a: Charizard|Dragon Claw|p2a: Landorus-Therian
|-damage|p2a: Landorus-Therian|157\/382
|
|turn|82
|
|switch|p1a: Shaymin|Shaymin|347\/404
|-damage|p1a: Shaymin|297\/404|[from] Stealth Rock
|move|p2a: Landorus-Therian|Stone Edge|p1a: Shaymin
|-crit|p1a: Shaymin
|-damage|p1a: Shaymin|144\/404
|
|-heal|p1a: Shaymin|169\/404|[from] item: Leftovers
|turn|83
|
|move|p1a: Shaymin|Seed Flare|p2a: Landorus-Therian
|-damage|p2a: Landorus-Therian|0 fnt
|faint|p2a: Landorus-Therian
|
|-heal|p1a: Shaymin|194\/404|[from] item: Leftovers
|
|switch|p2a: Clefable|Clefable, F|345\/394
|-damage|p2a: Clefable|296\/394|[from] Stealth Rock
|turn|84
|
|switch|p1a: Chansey|Chansey, F|529\/703
|-damage|p1a: Chansey|442\/703|[from] Stealth Rock
|move|p2a: Clefable|Calm Mind|p2a: Clefable
|-boost|p2a: Clefable|spa|1
|-boost|p2a: Clefable|spd|1
|
|-heal|p2a: Clefable|320\/394|[from] item: Leftovers
|turn|85
|
|switch|p2a: Scizor|Scizor-Mega, F|259\/343
|-damage|p2a: Scizor|217\/343|[from] Stealth Rock
|move|p1a: Chansey|Soft-Boiled|p1a: Chansey
|-heal|p1a: Chansey|703\/703
|
|turn|86
|
|switch|p1a: Landorus-Therian|Landorus-Therian, M|110\/319
|-damage|p1a: Landorus-Therian|71\/319|[from] Stealth Rock
|-ability|p1a: Landorus-Therian|Intimidate|[of] p2a: Scizor
|-unboost|p2a: Scizor|atk|1
|move|p2a: Scizor|Bullet Punch|p1a: Landorus-Therian
|-damage|p1a: Landorus-Therian|2\/319
|
|turn|87
|
|move|p1a: Landorus-Therian|Earthquake|p2a: Scizor
|-damage|p2a: Scizor|105\/343
|move|p2a: Scizor|Roost|p2a: Scizor
|-heal|p2a: Scizor|277\/343
|
|turn|88
|
|move|p1a: Landorus-Therian|Earthquake|p2a: Scizor
|-damage|p2a: Scizor|157\/343
|move|p2a: Scizor|Roost|p2a: Scizor
|-heal|p2a: Scizor|329\/343
|
|turn|89
|
|move|p2a: Scizor|Bullet Punch|p1a: Landorus-Therian
|-damage|p1a: Landorus-Therian|0 fnt
|faint|p1a: Landorus-Therian
|
|
|switch|p1a: Shaymin|Shaymin|194\/404
|-damage|p1a: Shaymin|144\/404|[from] Stealth Rock
|turn|90
|
|move|p2a: Scizor|Bullet Punch|p1a: Shaymin
|-damage|p1a: Shaymin|75\/404
|move|p1a: Shaymin|Synthesis|p1a: Shaymin
|-heal|p1a: Shaymin|277\/404
|
|-heal|p1a: Shaymin|302\/404|[from] item: Leftovers
|turn|91
|
|move|p2a: Scizor|Bullet Punch|p1a: Shaymin
|-damage|p1a: Shaymin|238\/404
|move|p1a: Shaymin|Leech Seed|p2a: Scizor
|-start|p2a: Scizor|move: Leech Seed
|
|-heal|p1a: Shaymin|263\/404|[from] item: Leftovers
|-damage|p2a: Scizor|287\/343|[from] Leech Seed|[of] p1a: Shaymin
|-heal|p1a: Shaymin|305\/404|[silent]
|turn|92
|
|switch|p2a: Chansey|Chansey, F|690\/704
|-damage|p2a: Chansey|602\/704|[from] Stealth Rock
|move|p1a: Shaymin|Seed Flare|p2a: Chansey|[miss]
|-miss|p1a: Shaymin|p2a: Chansey
|
|-heal|p1a: Shaymin|330\/404|[from] item: Leftovers
|turn|93
|
|move|p2a: Chansey|Protect|p2a: Chansey
|-singleturn|p2a: Chansey|Protect
|move|p1a: Shaymin|Leech Seed|p2a: Chansey
|-activate|p2a: Chansey|Protect
|
|-heal|p1a: Shaymin|355\/404|[from] item: Leftovers
|turn|94
|
|move|p1a: Shaymin|Leech Seed|p2a: Chansey
|-start|p2a: Chansey|move: Leech Seed
|move|p2a: Chansey|Seismic Toss|p1a: Shaymin
|-damage|p1a: Shaymin|255\/404
|
|-heal|p1a: Shaymin|280\/404|[from] item: Leftovers
|-damage|p2a: Chansey|514\/704|[from] Leech Seed|[of] p1a: Shaymin
|-heal|p1a: Shaymin|368\/404|[silent]
|turn|95
|
|switch|p2a: Scizor|Scizor-Mega, F|287\/343
|-damage|p2a: Scizor|245\/343|[from] Stealth Rock
|move|p1a: Shaymin|Seed Flare|p2a: Scizor|[miss]
|-miss|p1a: Shaymin|p2a: Scizor
|
|-heal|p1a: Shaymin|393\/404|[from] item: Leftovers
|turn|96
|
|move|p2a: Scizor|Bullet Punch|p1a: Shaymin
|-damage|p1a: Shaymin|293\/404
|move|p1a: Shaymin|Seed Flare|p2a: Scizor
|-resisted|p2a: Scizor
|-damage|p2a: Scizor|209\/343
|
|-heal|p1a: Shaymin|318\/404|[from] item: Leftovers
|turn|97
|
|move|p2a: Scizor|Bullet Punch|p1a: Shaymin
|-damage|p1a: Shaymin|209\/404
|move|p1a: Shaymin|Seed Flare|p2a: Scizor
|-resisted|p2a: Scizor
|-damage|p2a: Scizor|173\/343
|
|-heal|p1a: Shaymin|234\/404|[from] item: Leftovers
|turn|98
|
|move|p1a: Shaymin|Synthesis|p1a: Shaymin
|-heal|p1a: Shaymin|404\/404
|move|p2a: Scizor|Roost|p2a: Scizor
|-heal|p2a: Scizor|343\/343
|
|turn|99
|
|move|p2a: Scizor|Bullet Punch|p1a: Shaymin
|-damage|p1a: Shaymin|310\/404
|move|p1a: Shaymin|Seed Flare|p2a: Scizor
|-resisted|p2a: Scizor
|-damage|p2a: Scizor|311\/343
|
|-heal|p1a: Shaymin|335\/404|[from] item: Leftovers
|turn|100
|
|move|p2a: Scizor|Bullet Punch|p1a: Shaymin
|-damage|p1a: Shaymin|229\/404
|move|p1a: Shaymin|Seed Flare|p2a: Scizor
|-resisted|p2a: Scizor
|-damage|p2a: Scizor|277\/343
|
|-heal|p1a: Shaymin|254\/404|[from] item: Leftovers
|turn|101
|
|move|p2a: Scizor|Bullet Punch|p1a: Shaymin
|-damage|p1a: Shaymin|161\/404
|move|p1a: Shaymin|Healing Wish|p1a: Shaymin
|faint|p1a: Shaymin
|
|
|switch|p1a: Charizard|Charizard-Mega-X, F|72\/297
|-heal|p1a: Charizard|297\/297|[from] move: Healing Wish
|-damage|p1a: Charizard|223\/297|[from] Stealth Rock
|turn|102
|
|switch|p2a: Chansey|Chansey, F|514\/704
|-damage|p2a: Chansey|426\/704|[from] Stealth Rock
|move|p1a: Charizard|Dragon Dance|p1a: Charizard
|-boost|p1a: Charizard|atk|1
|-boost|p1a: Charizard|spe|1
|
|turn|103
|
|move|p1a: Charizard|Fire Punch|p2a: Chansey
|-damage|p2a: Chansey|32\/704
|-status|p2a: Chansey|brn
|move|p2a: Chansey|Wish|p2a: Chansey
|
|-damage|p2a: Chansey|0 fnt|[from] brn
|faint|p2a: Chansey
|
|switch|p2a: Alomomola|Alomomola, F|325\/534
|-damage|p2a: Alomomola|259\/534|[from] Stealth Rock
|turn|104
|
|move|p1a: Charizard|Dragon Claw|p2a: Alomomola
|-damage|p2a: Alomomola|0 fnt
|faint|p2a: Alomomola
|
|
|switch|p2a: Clefable|Clefable, F|320\/394
|-damage|p2a: Clefable|271\/394|[from] Stealth Rock
|turn|105
|
|move|p1a: Charizard|Fire Punch|p2a: Clefable
|-damage|p2a: Clefable|87\/394
|move|p2a: Clefable|Moonlight|p2a: Clefable
|-heal|p2a: Clefable|284\/394
|
|-heal|p2a: Clefable|308\/394|[from] item: Leftovers
|turn|106
|
|move|p1a: Charizard|Fire Punch|p2a: Clefable
|-damage|p2a: Clefable|143\/394
|move|p2a: Clefable|Moonlight|p2a: Clefable
|-heal|p2a: Clefable|340\/394
|
|-heal|p2a: Clefable|364\/394|[from] item: Leftovers
|turn|107
|
|move|p1a: Charizard|Fire Punch|p2a: Clefable
|-damage|p2a: Clefable|187\/394
|-status|p2a: Clefable|brn
|move|p2a: Clefable|Moonblast|p1a: Charizard
|-damage|p1a: Charizard|102\/297
|
|-heal|p2a: Clefable|211\/394 brn|[from] item: Leftovers
|-damage|p2a: Clefable|162\/394 brn|[from] brn
|turn|108
|
|move|p1a: Charizard|Fire Punch|p2a: Clefable
|-damage|p2a: Clefable|0 fnt
|faint|p2a: Clefable
|
|
|switch|p2a: Scizor|Scizor-Mega, F|277\/343
|-damage|p2a: Scizor|235\/343|[from] Stealth Rock
|turn|109
|
|move|p2a: Scizor|Bullet Punch|p1a: Charizard
|-resisted|p1a: Charizard
|-damage|p1a: Charizard|57\/297
|move|p1a: Charizard|Fire Punch|p2a: Scizor
|-supereffective|p2a: Scizor
|-damage|p2a: Scizor|0 fnt
|faint|p2a: Scizor
|
|win|tetassssss
|raw|Ladder updating...
|raw|tetassssss's rating: 1436 &rarr; <strong>1461<\/strong><br \/>(+25 for winning)
|raw|Cunty Vibes's rating: 1511 &rarr; <strong>1486<\/strong><br \/>(-25 for losing)
|c|âtetassssss|gg
|leave|Cunty Vibes
|player|p2