|join|Cunty Vibes
|join|doughboimagic
|player|p1|Cunty Vibes|185
|player|p2|doughboimagic|65
|gametype|singles
|gen|6
|tier|OU
|rated
|clearpoke
|poke|p1|Clefable, M
|poke|p1|Conkeldurr, F
|poke|p1|Landorus-Therian, M
|poke|p1|Chansey, F
|poke|p1|Scizor, F
|poke|p1|Alomomola, F
|poke|p2|Charizard, M
|poke|p2|Excadrill, F
|poke|p2|Tyranitar, F
|poke|p2|Talonflame, F
|poke|p2|Latios, M
|poke|p2|Machamp, M
|rule|Swagger Clause: Swagger is banned
|rule|Baton Pass Clause: Limit one PokÃ©mon knowing Baton Pass
|rule|Sleep Clause Mod: Limit one foe put to sleep
|rule|Species Clause: Limit one of each PokÃ©mon
|rule|OHKO Clause: OHKO moves are banned
|rule|Moody Clause: Moody is banned
|rule|Evasion Moves Clause: Evasion moves are banned
|rule|Endless Battle Clause: Forcing endless battles is banned
|rule|HP Percentage Mod: HP is shown in percentages
|teampreview
|
|start
|switch|p1a: Landorus-Therian|Landorus-Therian, M|382\/382
|switch|p2a: Charizard|Charizard, M|297\/297
|-ability|p1a: Landorus-Therian|Intimidate|[of] p2a: Charizard
|-unboost|p2a: Charizard|atk|1
|turn|1
|
|switch|p2a: Tyranitar|Tyranitar, F|403\/403
|-weather|Sandstorm
|switch|p1a: Chansey|Chansey, F|704\/704
|
|-weather|Sandstorm|[upkeep]
|-damage|p1a: Chansey|660\/704|[from] sandstorm
|turn|2
|
|switch|p2a: Machamp|Machamp, M|354\/354
|switch|p1a: Landorus-Therian|Landorus-Therian, M|382\/382
|-ability|p1a: Landorus-Therian|Intimidate|[of] p2a: Machamp
|-unboost|p2a: Machamp|atk|1
|
|-weather|Sandstorm|[upkeep]
|-damage|p2a: Machamp|332\/354|[from] sandstorm
|turn|3
|
|move|p1a: Landorus-Therian|Stealth Rock|p2a: Machamp
|-sidestart|p2: doughboimagic|move: Stealth Rock
|move|p2a: Machamp|Ice Punch|p1a: Landorus-Therian
|-supereffective|p1a: Landorus-Therian
|-damage|p1a: Landorus-Therian|90\/382
|
|-weather|Sandstorm|[upkeep]
|-damage|p2a: Machamp|310\/354|[from] sandstorm
|-heal|p1a: Landorus-Therian|113\/382|[from] item: Leftovers
|turn|4
|
|switch|p1a: Alomomola|Alomomola, F|534\/534
|move|p2a: Machamp|Ice Punch|p1a: Alomomola
|-resisted|p1a: Alomomola
|-damage|p1a: Alomomola|492\/534
|-damage|p2a: Machamp|251\/354|[from] item: Rocky Helmet|[of] p1a: Alomomola
|
|-weather|Sandstorm|[upkeep]
|-damage|p2a: Machamp|229\/354|[from] sandstorm
|-damage|p1a: Alomomola|459\/534|[from] sandstorm
|turn|5
|
|switch|p2a: Latios|Latios, M|301\/301
|-damage|p2a: Latios|264\/301|[from] Stealth Rock
|move|p1a: Alomomola|Wish|p1a: Alomomola
|
|-weather|Sandstorm|[upkeep]
|-damage|p2a: Latios|246\/301|[from] sandstorm
|-damage|p1a: Alomomola|426\/534|[from] sandstorm
|turn|6
|
|switch|p1a: Scizor|Scizor, F|343\/343
|move|p2a: Latios|Defog|p1a: Scizor
|-unboost|p1a: Scizor|evasion|1
|-sideend|p2: doughboimagic|Stealth Rock|[from] move: Defog|[of] p2a: Latios
|
|-weather|Sandstorm|[upkeep]
|-damage|p2a: Latios|228\/301|[from] sandstorm
|turn|7
|
|switch|p2a: Talonflame|Talonflame, F|319\/319
|switch|p1a: Chansey|Chansey, F|660\/704
|
|-weather|Sandstorm|[upkeep]
|-damage|p2a: Talonflame|300\/319|[from] sandstorm
|-damage|p1a: Chansey|616\/704|[from] sandstorm
|turn|8
|
|switch|p2a: Machamp|Machamp, M|229\/354
|move|p1a: Chansey|Wish|p1a: Chansey
|
|-weather|none
|turn|9
|
|switch|p1a: Alomomola|Alomomola, F|534\/534
|move|p2a: Machamp|Ice Punch|p1a: Alomomola
|-resisted|p1a: Alomomola
|-damage|p1a: Alomomola|474\/534
|-damage|p2a: Machamp|170\/354|[from] item: Rocky Helmet|[of] p1a: Alomomola
|
|-heal|p1a: Alomomola|534\/534|[from] move: Wish|[wisher] Chansey
|turn|10
|
|switch|p2a: Latios|Latios, M|228\/301
|move|p1a: Alomomola|Wish|p1a: Alomomola
|
|turn|11
|
|switch|p1a: Scizor|Scizor, F|343\/343
|move|p2a: Latios|Draco Meteor|p1a: Scizor
|-resisted|p1a: Scizor
|-damage|p1a: Scizor|206\/343
|-unboost|p2a: Latios|spa|2
|
|-heal|p1a: Scizor|343\/343|[from] move: Wish|[wisher] Alomomola
|turn|12
|
|detailschange|p1a: Scizor|Scizor-Mega, F
|-mega|p1a: Scizor|Scizor|Scizorite
|move|p1a: Scizor|Pursuit|p2a: Latios|[from]Pursuit
|-supereffective|p2a: Latios
|-damage|p2a: Latios|2\/301
|switch|p2a: Charizard|Charizard, M|297\/297
|
|turn|13
|
|switch|p1a: Alomomola|Alomomola, F|534\/534
|detailschange|p2a: Charizard|Charizard-Mega-Y, M
|-mega|p2a: Charizard|Charizard|Charizardite Y
|-weather|SunnyDay
|move|p2a: Charizard|Focus Blast|p1a: Alomomola|[miss]
|-miss|p2a: Charizard|p1a: Alomomola
|
|-weather|SunnyDay|[upkeep]
|turn|14
|
|switch|p1a: Chansey|Chansey, F|616\/704
|move|p2a: Charizard|Solar Beam|p1a: Chansey|[still]
|-prepare|p2a: Charizard|Solar Beam|p1a: Chansey
|-anim|p2a: Charizard|Solar Beam|p1a: Chansey
|-damage|p1a: Chansey|509\/704
|
|-weather|SunnyDay|[upkeep]
|turn|15
|
|switch|p2a: Machamp|Machamp, M|170\/354
|move|p1a: Chansey|Wish|p1a: Chansey
|
|-weather|SunnyDay|[upkeep]
|turn|16
|
|move|p1a: Chansey|Protect|p1a: Chansey
|-singleturn|p1a: Chansey|Protect
|move|p2a: Machamp|Close Combat|p1a: Chansey
|-activate|p1a: Chansey|Protect
|
|-weather|SunnyDay|[upkeep]
|-heal|p1a: Chansey|704\/704|[from] move: Wish|[wisher] Chansey
|turn|17
|
|switch|p1a: Alomomola|Alomomola, F|534\/534
|move|p2a: Machamp|Close Combat|p1a: Alomomola
|-damage|p1a: Alomomola|215\/534
|-damage|p2a: Machamp|111\/354|[from] item: Rocky Helmet|[of] p1a: Alomomola
|-unboost|p2a: Machamp|def|1
|-unboost|p2a: Machamp|spd|1
|
|-weather|none
|turn|18
|
|switch|p1a: Clefable|Clefable, M|394\/394
|move|p2a: Machamp|Close Combat|p1a: Clefable
|-crit|p1a: Clefable
|-resisted|p1a: Clefable
|-damage|p1a: Clefable|175\/394
|-unboost|p2a: Machamp|def|1
|-unboost|p2a: Machamp|spd|1
|
|-heal|p1a: Clefable|199\/394|[from] item: Leftovers
|turn|19
|
|switch|p2a: Charizard|Charizard-Mega-Y, M|297\/297
|-weather|SunnyDay
|move|p1a: Clefable|Moonlight|p1a: Clefable
|-heal|p1a: Clefable|394\/394
|
|-weather|SunnyDay|[upkeep]
|turn|20
|
|switch|p2a: Machamp|Machamp, M|111\/354
|switch|p1a: Chansey|Chansey, F|704\/704
|
|-weather|SunnyDay|[upkeep]
|turn|21
|
|move|p1a: Chansey|Protect|p1a: Chansey
|-singleturn|p1a: Chansey|Protect
|move|p2a: Machamp|Close Combat|p1a: Chansey
|-activate|p1a: Chansey|Protect
|
|-weather|SunnyDay|[upkeep]
|turn|22
|
|switch|p1a: Clefable|Clefable, M|394\/394
|move|p2a: Machamp|Close Combat|p1a: Clefable
|-resisted|p1a: Clefable
|-damage|p1a: Clefable|232\/394
|-unboost|p2a: Machamp|def|1
|-unboost|p2a: Machamp|spd|1
|
|-weather|SunnyDay|[upkeep]
|-heal|p1a: Clefable|256\/394|[from] item: Leftovers
|turn|23
|
|switch|p2a: Excadrill|Excadrill, F|361\/361
|-item|p2a: Excadrill|Air Balloon
|move|p1a: Clefable|Moonlight|p1a: Clefable
|-heal|p1a: Clefable|394\/394
|
|-weather|none
|turn|24
|
|switch|p1a: Landorus-Therian|Landorus-Therian, M|113\/382
|-ability|p1a: Landorus-Therian|Intimidate|[of] p2a: Excadrill
|-unboost|p2a: Excadrill|atk|1
|move|p2a: Excadrill|Swords Dance|p2a: Excadrill
|-boost|p2a: Excadrill|atk|2
|
|-heal|p1a: Landorus-Therian|136\/382|[from] item: Leftovers
|turn|25
|
|switch|p1a: Alomomola|Alomomola, F|393\/534
|move|p2a: Excadrill|Iron Head|p1a: Alomomola
|-resisted|p1a: Alomomola
|-damage|p1a: Alomomola|294\/534
|-damage|p2a: Excadrill|301\/361|[from] item: Rocky Helmet|[of] p1a: Alomomola
|
|turn|26
|
|switch|p1a: Landorus-Therian|Landorus-Therian, M|136\/382
|-ability|p1a: Landorus-Therian|Intimidate|[of] p2a: Excadrill
|-unboost|p2a: Excadrill|atk|1
|move|p2a: Excadrill|Earthquake|p1a: Landorus-Therian
|-immune|p1a: Landorus-Therian|[msg]
|
|-heal|p1a: Landorus-Therian|159\/382|[from] item: Leftovers
|turn|27
|
|move|p2a: Excadrill|Swords Dance|p2a: Excadrill
|-boost|p2a: Excadrill|atk|2
|move|p1a: Landorus-Therian|Stealth Rock|p2a: Excadrill
|-sidestart|p2: doughboimagic|move: Stealth Rock
|
|-heal|p1a: Landorus-Therian|182\/382|[from] item: Leftovers
|turn|28
|
|move|p2a: Excadrill|Rapid Spin|p1a: Landorus-Therian
|-damage|p1a: Landorus-Therian|139\/382
|-sideend|p2: doughboimagic|Stealth Rock|[from] move: Rapid Spin|[of] p2a: Excadrill
|move|p1a: Landorus-Therian|U-turn|p2a: Excadrill
|-resisted|p2a: Excadrill
|-damage|p2a: Excadrill|245\/361
|-enditem|p2a: Excadrill|Air Balloon
|
|switch|p1a: Alomomola|Alomomola, F|472\/534
|
|turn|29
|
|move|p2a: Excadrill|Earthquake|p1a: Alomomola
|-damage|p1a: Alomomola|111\/534
|move|p1a: Alomomola|Scald|p2a: Excadrill
|-supereffective|p2a: Excadrill
|-damage|p2a: Excadrill|107\/361
|
|turn|30
|
|switch|p1a: Scizor|Scizor-Mega, F|343\/343
|move|p2a: Excadrill|Earthquake|p1a: Scizor
|-damage|p1a: Scizor|133\/343
|
|turn|31
|
|switch|p2a: Talonflame|Talonflame, F|300\/319
|move|p1a: Scizor|Bullet Punch|p2a: Talonflame
|-resisted|p2a: Talonflame
|-damage|p2a: Talonflame|231\/319
|
|turn|32
|
|move|p1a: Scizor|Bullet Punch|p2a: Talonflame
|-resisted|p2a: Talonflame
|-damage|p2a: Talonflame|166\/319
|move|p2a: Talonflame|Flare Blitz|p1a: Scizor
|-supereffective|p1a: Scizor
|-damage|p1a: Scizor|0 fnt
|-damage|p2a: Talonflame|122\/319|[from] recoil|[of] p1a: Scizor
|faint|p1a: Scizor
|
|
|switch|p1a: Alomomola|Alomomola, F|289\/534
|turn|33
|
|move|p2a: Talonflame|Brave Bird|p1a: Alomomola
|-damage|p1a: Alomomola|129\/534
|-damage|p2a: Talonflame|69\/319|[from] item: Rocky Helmet|[of] p1a: Alomomola
|-damage|p2a: Talonflame|16\/319|[from] recoil|[of] p1a: Alomomola
|move|p1a: Alomomola|Scald|p2a: Talonflame
|-supereffective|p2a: Talonflame
|-damage|p2a: Talonflame|0 fnt
|faint|p2a: Talonflame
|
|
|switch|p2a: Latios|Latios, M|2\/301
|turn|34
|
|switch|p1a: Landorus-Therian|Landorus-Therian, M|139\/382
|-ability|p1a: Landorus-Therian|Intimidate|[of] p2a: Latios
|-unboost|p2a: Latios|atk|1
|move|p2a: Latios|Psyshock|p1a: Landorus-Therian
|-damage|p1a: Landorus-Therian|31\/382
|
|-heal|p1a: Landorus-Therian|54\/382|[from] item: Leftovers
|turn|35
|
|switch|p1a: Clefable|Clefable, M|394\/394
|move|p2a: Latios|Psyshock|p1a: Clefable
|-crit|p1a: Clefable
|-damage|p1a: Clefable|193\/394
|
|-heal|p1a: Clefable|217\/394|[from] item: Leftovers
|turn|36
|
|move|p2a: Latios|Psyshock|p1a: Clefable
|-damage|p1a: Clefable|88\/394
|move|p1a: Clefable|Flamethrower|p2a: Latios
|-resisted|p2a: Latios
|-damage|p2a: Latios|0 fnt
|faint|p2a: Latios
|
|-heal|p1a: Clefable|112\/394|[from] item: Leftovers
|
|switch|p2a: Machamp|Machamp, M|111\/354
|turn|37
|
|switch|p1a: Alomomola|Alomomola, F|307\/534
|move|p2a: Machamp|Poison Jab|p1a: Alomomola
|-damage|p1a: Alomomola|172\/534
|-damage|p2a: Machamp|52\/354|[from] item: Rocky Helmet|[of] p1a: Alomomola
|-status|p1a: Alomomola|psn
|
|-damage|p1a: Alomomola|106\/534 psn|[from] psn
|turn|38
|
|switch|p1a: Chansey|Chansey, F|704\/704
|move|p2a: Machamp|Poison Jab|p1a: Chansey
|-damage|p1a: Chansey|509\/704
|
|turn|39
|
|switch|p2a: Tyranitar|Tyranitar, F|403\/403
|-weather|Sandstorm
|move|p1a: Chansey|Wish|p1a: Chansey
|
|-weather|Sandstorm|[upkeep]
|-damage|p1a: Chansey|465\/704|[from] sandstorm
|turn|40
|
|move|p1a: Chansey|Protect|p1a: Chansey
|-singleturn|p1a: Chansey|Protect
|move|p2a: Tyranitar|Earthquake|p1a: Chansey
|-activate|p1a: Chansey|Protect
|
|-weather|Sandstorm|[upkeep]
|-damage|p1a: Chansey|421\/704|[from] sandstorm
|-heal|p1a: Chansey|704\/704|[from] move: Wish|[wisher] Chansey
|turn|41
|
|move|p2a: Tyranitar|Stealth Rock|p1a: Chansey
|-sidestart|p1: Cunty Vibes|move: Stealth Rock
|move|p1a: Chansey|Wish|p1a: Chansey
|
|-weather|Sandstorm|[upkeep]
|-damage|p1a: Chansey|660\/704|[from] sandstorm
|turn|42
|
|switch|p1a: Alomomola|Alomomola, F|284\/534 psn
|-damage|p1a: Alomomola|218\/534 psn|[from] Stealth Rock
|move|p2a: Tyranitar|Stone Edge|p1a: Alomomola
|-damage|p1a: Alomomola|91\/534 psn
|
|-weather|Sandstorm|[upkeep]
|-damage|p1a: Alomomola|58\/534 psn|[from] sandstorm
|-heal|p1a: Alomomola|410\/534 psn|[from] move: Wish|[wisher] Chansey
|-damage|p1a: Alomomola|344\/534 psn|[from] psn
|turn|43
|
|switch|p1a: Chansey|Chansey, F|660\/704
|-damage|p1a: Chansey|572\/704|[from] Stealth Rock
|switch|p2a: Charizard|Charizard-Mega-Y, M|297\/297
|-weather|SunnyDay
|
|-weather|SunnyDay|[upkeep]
|turn|44
|
|switch|p2a: Machamp|Machamp, M|52\/354
|move|p1a: Chansey|Heal Bell|p1a: Chansey
|-cureteam|p1a: Chansey|[from] move: HealBell
|
|-weather|SunnyDay|[upkeep]
|turn|45
|
|move|p1a: Chansey|Protect|p1a: Chansey
|-singleturn|p1a: Chansey|Protect
|move|p2a: Machamp|Close Combat|p1a: Chansey
|-activate|p1a: Chansey|Protect
|
|-weather|SunnyDay|[upkeep]
|turn|46
|
|switch|p1a: Landorus-Therian|Landorus-Therian, M|54\/382
|-damage|p1a: Landorus-Therian|7\/382|[from] Stealth Rock
|-ability|p1a: Landorus-Therian|Intimidate|[of] p2a: Machamp
|-unboost|p2a: Machamp|atk|1
|move|p2a: Machamp|Close Combat|p1a: Landorus-Therian
|-resisted|p1a: Landorus-Therian
|-damage|p1a: Landorus-Therian|0 fnt
|-unboost|p2a: Machamp|def|1
|-unboost|p2a: Machamp|spd|1
|faint|p1a: Landorus-Therian
|
|-weather|SunnyDay|[upkeep]
|
|switch|p1a: Alomomola|Alomomola, F|522\/534
|-damage|p1a: Alomomola|456\/534|[from] Stealth Rock
|turn|47
|
|switch|p2a: Charizard|Charizard-Mega-Y, M|297\/297
|move|p1a: Alomomola|Wish|p1a: Alomomola
|
|-weather|none
|turn|48
|
|switch|p2a: Tyranitar|Tyranitar, F|403\/403
|-weather|Sandstorm
|switch|p1a: Clefable|Clefable, M|112\/394
|-damage|p1a: Clefable|63\/394|[from] Stealth Rock
|
|-weather|Sandstorm|[upkeep]
|-damage|p1a: Clefable|39\/394|[from] sandstorm
|-heal|p1a: Clefable|306\/394|[from] move: Wish|[wisher] Alomomola
|-heal|p1a: Clefable|330\/394|[from] item: Leftovers
|turn|49
|
|switch|p2a: Charizard|Charizard-Mega-Y, M|297\/297
|-weather|SunnyDay
|switch|p1a: Conkeldurr|Conkeldurr, F|401\/401
|-damage|p1a: Conkeldurr|376\/401|[from] Stealth Rock
|
|-weather|SunnyDay|[upkeep]
|turn|50
|
|move|p2a: Charizard|Fire Blast|p1a: Conkeldurr
|-damage|p1a: Conkeldurr|36\/401
|move|p1a: Conkeldurr|Ice Punch|p2a: Charizard
|-damage|p2a: Charizard|162\/297
|
|-weather|SunnyDay|[upkeep]
|turn|51
|
|move|p2a: Charizard|Solar Beam|p1a: Conkeldurr|[still]
|-prepare|p2a: Charizard|Solar Beam|p1a: Conkeldurr
|-anim|p2a: Charizard|Solar Beam|p1a: Conkeldurr
|-damage|p1a: Conkeldurr|0 fnt
|faint|p1a: Conkeldurr
|
|-weather|SunnyDay|[upkeep]
|
|switch|p1a: Chansey|Chansey, F|572\/704
|-damage|p1a: Chansey|484\/704|[from] Stealth Rock
|turn|52
|
|move|p2a: Charizard|Roost|p2a: Charizard
|-heal|p2a: Charizard|297\/297
|move|p1a: Chansey|Wish|p1a: Chansey
|
|-weather|SunnyDay|[upkeep]
|turn|53
|
|move|p2a: Charizard|Solar Beam|p1a: Chansey|[still]
|-prepare|p2a: Charizard|Solar Beam|p1a: Chansey
|-anim|p2a: Charizard|Solar Beam|p1a: Chansey
|-damage|p1a: Chansey|372\/704
|move|p1a: Chansey|Seismic Toss|p2a: Charizard
|-damage|p2a: Charizard|197\/297
|
|-weather|none
|-heal|p1a: Chansey|704\/704|[from] move: Wish|[wisher] Chansey
|turn|54
|
|switch|p2a: Tyranitar|Tyranitar, F|403\/403
|-weather|Sandstorm
|switch|p1a: Alomomola|Alomomola, F|534\/534
|-damage|p1a: Alomomola|468\/534|[from] Stealth Rock
|
|-weather|Sandstorm|[upkeep]
|-damage|p1a: Alomomola|435\/534|[from] sandstorm
|turn|55
|
|switch|p2a: Charizard|Charizard-Mega-Y, M|197\/297
|-weather|SunnyDay
|move|p1a: Alomomola|Toxic|p2a: Charizard
|-status|p2a: Charizard|tox
|
|-weather|SunnyDay|[upkeep]
|-damage|p2a: Charizard|179\/297 tox|[from] psn
|turn|56
|
|switch|p1a: Chansey|Chansey, F|704\/704
|-damage|p1a: Chansey|616\/704|[from] Stealth Rock
|move|p2a: Charizard|Roost|p2a: Charizard
|-heal|p2a: Charizard|297\/297 tox
|
|-weather|SunnyDay|[upkeep]
|-damage|p2a: Charizard|261\/297 tox|[from] psn
|turn|57
|
|move|p2a: Charizard|Focus Blast|p1a: Chansey
|-supereffective|p1a: Chansey
|-damage|p1a: Chansey|372\/704
|move|p1a: Chansey|Seismic Toss|p2a: Charizard
|-damage|p2a: Charizard|161\/297 tox
|
|-weather|SunnyDay|[upkeep]
|-damage|p2a: Charizard|107\/297 tox|[from] psn
|turn|58
|
|move|p2a: Charizard|Focus Blast|p1a: Chansey
|-supereffective|p1a: Chansey
|-damage|p1a: Chansey|138\/704
|-unboost|p1a: Chansey|spd|1
|move|p1a: Chansey|Wish|p1a: Chansey
|
|-weather|SunnyDay|[upkeep]
|-damage|p2a: Charizard|35\/297 tox|[from] psn
|turn|59
|
|move|p2a: Charizard|Roost|p2a: Charizard
|-heal|p2a: Charizard|184\/297 tox
|move|p1a: Chansey|Seismic Toss|p2a: Charizard
|-damage|p2a: Charizard|84\/297 tox
|
|-weather|none
|-heal|p1a: Chansey|490\/704|[from] move: Wish|[wisher] Chansey
|-damage|p2a: Charizard|0 fnt|[from] psn
|faint|p2a: Charizard
|
|switch|p2a: Excadrill|Excadrill, F|107\/361
|turn|60
|
|move|p2a: Excadrill|Swords Dance|p2a: Excadrill
|-boost|p2a: Excadrill|atk|2
|move|p1a: Chansey|Seismic Toss|p2a: Excadrill
|-damage|p2a: Excadrill|7\/361
|
|turn|61
|
|move|p2a: Excadrill|Earthquake|p1a: Chansey
|-damage|p1a: Chansey|0 fnt
|faint|p1a: Chansey
|
|c|âdoughboimagic|gg no rocks no win
|c|âdoughboimagic|that was really fun match
|c|âCunty Vibes|yeah
|c|âCunty Vibes|gg
|
|switch|p1a: Clefable|Clefable, M|330\/394
|-damage|p1a: Clefable|281\/394|[from] Stealth Rock
|turn|62
|
|switch|p1a: Alomomola|Alomomola, F|534\/534
|-damage|p1a: Alomomola|468\/534|[from] Stealth Rock
|move|p2a: Excadrill|Iron Head|p1a: Alomomola
|-resisted|p1a: Alomomola
|-damage|p1a: Alomomola|340\/534
|-damage|p2a: Excadrill|0 fnt|[from] item: Rocky Helmet|[of] p1a: Alomomola
|faint|p2a: Excadrill
|
|
|switch|p2a: Machamp|Machamp, M|52\/354
|turn|63
|
|move|p2a: Machamp|Poison Jab|p1a: Alomomola
|-damage|p1a: Alomomola|202\/534
|-damage|p2a: Machamp|0 fnt|[from] item: Rocky Helmet|[of] p1a: Alomomola
|faint|p2a: Machamp
|move|p1a: Alomomola|Wish|p1a: Alomomola
|
|-message|doughboimagic forfeited.
|
|win|Cunty Vibes
|raw|Ladder updating...
|leave|doughboimagic
|player|p2
|raw|Cunty Vibes's rating: 1551 &rarr; <strong>1565<\/strong><br \/>(+14 for winning)
|raw|doughboimagic's rating: 1446 &rarr; <strong>1432<\/strong><br \/>(-14 for losing)