|join|Reverb
|join|Cunty Vibes
|player|p1|Reverb|#reverb
|player|p2|Cunty Vibes|185
|gametype|singles
|gen|6
|tier|OU
|rated
|clearpoke
|poke|p1|Lopunny, M
|poke|p1|Celebi
|poke|p1|Tyranitar, M
|poke|p1|Keldeo
|poke|p1|Landorus-Therian, M
|poke|p1|Empoleon, F
|poke|p2|Clefable, M
|poke|p2|Conkeldurr, M
|poke|p2|Landorus-Therian, M
|poke|p2|Chansey, F
|poke|p2|Scizor, M
|poke|p2|Alomomola, F
|rule|Swagger Clause: Swagger is banned
|rule|Baton Pass Clause: Limit one PokÃ©mon knowing Baton Pass
|rule|Sleep Clause Mod: Limit one foe put to sleep
|rule|Species Clause: Limit one of each PokÃ©mon
|rule|OHKO Clause: OHKO moves are banned
|rule|Moody Clause: Moody is banned
|rule|Evasion Moves Clause: Evasion moves are banned
|rule|Endless Battle Clause: Forcing endless battles is banned
|rule|HP Percentage Mod: HP is shown in percentages
|teampreview
|c|âReverb|o
|join|haunter
|join|Prankster
|join|JohnxYiu
|join|daftmau5
|join|Jefo
|join|I Iike Squirtles
|c| Jefo|:o
|c|âReverb|this guy was one of the first people on the alomomola train
|c|âCunty Vibes|so many specs...
|join|Alkov
|c|âReverb|before it got popular
|c| Jefo|i thought you died
|c| Prankster|reverb
|c| Prankster|im big like the train though y\/y
|join|Julian
|c|âReverb|lel
|c|âReverb|hf
|c|âCunty Vibes|u2 lol
|leave|Julian
|join|Julian
|leave|Julian
|join|Julian
|
|start
|switch|p1a: Landorus-Therian|Landorus-Therian, M|327\/327
|switch|p2a: Conkeldurr|Conkeldurr, M|401\/401
|-ability|p1a: Landorus-Therian|Intimidate|[of] p2a: Conkeldurr
|-unboost|p2a: Conkeldurr|atk|1
|turn|1
|c| Prankster|julian stop it
|c| Prankster|dont play with my heart that way
|c|@Julian|its a glitch
|
|move|p1a: Landorus-Therian|U-turn|p2a: Conkeldurr
|-resisted|p2a: Conkeldurr
|-damage|p2a: Conkeldurr|357\/401
|
|switch|p1a: Empoleon|Empoleon, F|371\/371
|move|p2a: Conkeldurr|Ice Punch|p1a: Empoleon
|-resisted|p1a: Empoleon
|-damage|p1a: Empoleon|358\/371
|
|-heal|p1a: Empoleon|371\/371|[from] item: Leftovers
|turn|2
|
|move|p1a: Empoleon|Stealth Rock|p2a: Conkeldurr
|-sidestart|p2: Cunty Vibes|move: Stealth Rock
|move|p2a: Conkeldurr|Knock Off|p1a: Empoleon
|-crit|p1a: Empoleon
|-damage|p1a: Empoleon|218\/371
|-enditem|p1a: Empoleon|Leftovers|[from] move: Knock Off|[of] p2a: Conkeldurr
|
|turn|3
|join|gobosox
|
|switch|p1a: Keldeo|Keldeo|323\/323
|move|p2a: Conkeldurr|Knock Off|p1a: Keldeo
|-resisted|p1a: Keldeo
|-damage|p1a: Keldeo|275\/323
|-boost|p1a: Keldeo|atk|1|[from] ability: Justified
|-enditem|p1a: Keldeo|Choice Specs|[from] move: Knock Off|[of] p2a: Conkeldurr
|
|turn|4
|join|Cienight
|
|switch|p2a: Alomomola|Alomomola, F|534\/534
|-damage|p2a: Alomomola|468\/534|[from] Stealth Rock
|move|p1a: Keldeo|Secret Sword|p2a: Alomomola
|-damage|p2a: Alomomola|339\/534
|
|turn|5
|
|switch|p1a: Celebi|Celebi|404\/404
|move|p2a: Alomomola|Wish|p2a: Alomomola
|
|turn|6
|
|switch|p2a: Scizor|Scizor, M|343\/343
|-damage|p2a: Scizor|301\/343|[from] Stealth Rock
|move|p1a: Celebi|Baton Pass|p1a: Celebi
|
|switch|p1a: Keldeo|Keldeo|275\/323
|
|-heal|p2a: Scizor|343\/343|[from] move: Wish|[wisher] Alomomola
|turn|7
|
|switch|p2a: Alomomola|Alomomola, F|517\/534
|-damage|p2a: Alomomola|451\/534|[from] Stealth Rock
|move|p1a: Keldeo|Scald|p2a: Alomomola
|-resisted|p2a: Alomomola
|-damage|p2a: Alomomola|334\/534
|-status|p2a: Alomomola|brn
|
|-damage|p2a: Alomomola|268\/534 brn|[from] brn
|turn|8
|
|move|p1a: Keldeo|Secret Sword|p2a: Alomomola
|-damage|p2a: Alomomola|142\/534 brn
|move|p2a: Alomomola|Mirror Coat|p1a: Keldeo
|-damage|p1a: Keldeo|23\/323
|
|-damage|p2a: Alomomola|76\/534 brn|[from] brn
|turn|9
|c| daftmau5|bop
|c| daftmau5|that animation is sick
|
|switch|p2a: Conkeldurr|Conkeldurr, M|357\/401
|-damage|p2a: Conkeldurr|332\/401|[from] Stealth Rock
|move|p1a: Keldeo|Scald|p2a: Conkeldurr
|-damage|p2a: Conkeldurr|215\/401
|
|turn|10
|
|switch|p1a: Landorus-Therian|Landorus-Therian, M|327\/327
|-ability|p1a: Landorus-Therian|Intimidate|[of] p2a: Conkeldurr
|-unboost|p2a: Conkeldurr|atk|1
|move|p2a: Conkeldurr|Ice Punch|p1a: Landorus-Therian
|-supereffective|p1a: Landorus-Therian
|-damage|p1a: Landorus-Therian|7\/327
|-status|p1a: Landorus-Therian|frz
|
|turn|11
|
|switch|p1a: Celebi|Celebi|404\/404
|move|p2a: Conkeldurr|Mach Punch|p1a: Celebi
|-resisted|p1a: Celebi
|-damage|p1a: Celebi|377\/404
|
|-heal|p1a: Celebi|402\/404|[from] item: Leftovers
|turn|12
|c|~haunter|rekt
|c| Cienight|holy mother of rekt
|c| daftmau5|nxt lvl
|join|troller67890
|
|move|p1a: Celebi|Psychic|p2a: Conkeldurr
|-supereffective|p2a: Conkeldurr
|-damage|p2a: Conkeldurr|23\/401
|move|p2a: Conkeldurr|Drain Punch|p1a: Celebi
|-resisted|p1a: Celebi
|-damage|p1a: Celebi|352\/404
|-heal|p2a: Conkeldurr|48\/401|[from] drain|[of] p1a: Celebi
|
|-heal|p1a: Celebi|377\/404|[from] item: Leftovers
|turn|13
|
|switch|p2a: Chansey|Chansey, F|704\/704
|-damage|p2a: Chansey|616\/704|[from] Stealth Rock
|move|p1a: Celebi|Psychic|p2a: Chansey
|-damage|p2a: Chansey|541\/704
|
|-heal|p1a: Celebi|402\/404|[from] item: Leftovers
|turn|14
|c| JohnxYiu|hi troller
|c| troller67890|lol
|c| JohnxYiu|:)
|
|move|p1a: Celebi|Baton Pass|p1a: Celebi
|
|switch|p1a: Tyranitar|Tyranitar, M|383\/383
|-weather|Sandstorm
|move|p2a: Chansey|Wish|p2a: Chansey
|
|-weather|Sandstorm|[upkeep]
|-damage|p2a: Chansey|497\/704|[from] sandstorm
|turn|15
|c| troller67890|Draeden banned me for 5 days
|c| JohnxYiu|lol
|
|move|p2a: Chansey|Protect|p2a: Chansey
|-singleturn|p2a: Chansey|Protect
|move|p1a: Tyranitar|Crunch|p2a: Chansey
|-activate|p2a: Chansey|Protect
|
|-weather|Sandstorm|[upkeep]
|-damage|p2a: Chansey|453\/704|[from] sandstorm
|-heal|p2a: Chansey|704\/704|[from] move: Wish|[wisher] Chansey
|turn|16
|join|Lucipurrr
|c| troller67890|for winning pragasv and wiz bitg in battles
|
|switch|p2a: Landorus-Therian|Landorus-Therian, M|382\/382
|-damage|p2a: Landorus-Therian|335\/382|[from] Stealth Rock
|-ability|p2a: Landorus-Therian|Intimidate|[of] p1a: Tyranitar
|-unboost|p1a: Tyranitar|atk|1
|move|p1a: Tyranitar|Crunch|p2a: Landorus-Therian
|-damage|p2a: Landorus-Therian|203\/382
|
|-weather|Sandstorm|[upkeep]
|-heal|p2a: Landorus-Therian|226\/382|[from] item: Leftovers
|turn|17
|c| JohnxYiu|:X
|c| troller67890|and posting replays of it in the chat
|leave|Lucipurrr
|join|Lucipurrr
|leave|Lucipurrr
|
|switch|p1a: Lopunny|Lopunny, M|271\/271
|move|p2a: Landorus-Therian|Earthquake|p1a: Lopunny
|-damage|p1a: Lopunny|82\/271
|
|-weather|Sandstorm|[upkeep]
|-damage|p1a: Lopunny|66\/271|[from] sandstorm
|-heal|p2a: Landorus-Therian|249\/382|[from] item: Leftovers
|turn|18
|c| troller67890|when was the server reset
|
|switch|p2a: Scizor|Scizor, M|343\/343
|-damage|p2a: Scizor|301\/343|[from] Stealth Rock
|detailschange|p1a: Lopunny|Lopunny-Mega, M
|-mega|p1a: Lopunny|Lopunny|Lopunnite
|move|p1a: Lopunny|Ice Punch|p2a: Scizor
|-resisted|p2a: Scizor
|-damage|p2a: Scizor|270\/343
|
|-weather|none
|turn|19
|
|detailschange|p2a: Scizor|Scizor-Mega, M
|-mega|p2a: Scizor|Scizor|Scizorite
|move|p1a: Lopunny|High Jump Kick|p2a: Scizor
|-damage|p2a: Scizor|132\/343
|move|p2a: Scizor|Defog|p1a: Lopunny
|-unboost|p1a: Lopunny|evasion|1
|-sideend|p2: Cunty Vibes|Stealth Rock|[from] move: Defog|[of] p2a: Scizor
|
|turn|20
|
|switch|p1a: Empoleon|Empoleon, F|218\/371
|move|p2a: Scizor|Bullet Punch|p1a: Empoleon
|-crit|p1a: Empoleon
|-resisted|p1a: Empoleon
|-damage|p1a: Empoleon|190\/371
|
|turn|21
|
|move|p2a: Scizor|Roost|p2a: Scizor
|-heal|p2a: Scizor|304\/343
|move|p1a: Empoleon|Scald|p2a: Scizor
|-damage|p2a: Scizor|205\/343
|
|turn|22
|
|switch|p2a: Alomomola|Alomomola, F|254\/534 brn
|move|p1a: Empoleon|Scald|p2a: Alomomola
|-resisted|p2a: Alomomola
|-damage|p2a: Alomomola|162\/534 brn
|
|-damage|p2a: Alomomola|96\/534 brn|[from] brn
|turn|23
|
|switch|p2a: Chansey|Chansey, F|704\/704
|move|p1a: Empoleon|Stealth Rock|p2a: Chansey
|-sidestart|p2: Cunty Vibes|move: Stealth Rock
|
|turn|24
|c| troller67890|they changed the avatars?
|
|switch|p1a: Tyranitar|Tyranitar, M|383\/383
|-weather|Sandstorm
|move|p2a: Chansey|Wish|p2a: Chansey
|
|-weather|Sandstorm|[upkeep]
|-damage|p2a: Chansey|660\/704|[from] sandstorm
|turn|25
|c| JohnxYiu|reverb is mod
|c| troller67890|reverbs guy is cool
|c| troller67890|oo ok
|c| JohnxYiu|he got special avatar
|c| troller67890|its very nice
|
|move|p1a: Tyranitar|Pursuit|p2a: Chansey|[from]Pursuit
|-damage|p2a: Chansey|354\/704
|switch|p2a: Scizor|Scizor-Mega, M|205\/343
|-damage|p2a: Scizor|163\/343|[from] Stealth Rock
|
|-weather|Sandstorm|[upkeep]
|-heal|p2a: Scizor|343\/343|[from] move: Wish|[wisher] Chansey
|turn|26
|c|âCunty Vibes|yeah I'm pretty jealous of that avatar tbh
|
|switch|p1a: Empoleon|Empoleon, F|190\/371
|move|p2a: Scizor|Defog|p1a: Empoleon
|-unboost|p1a: Empoleon|evasion|1
|-sideend|p2: Cunty Vibes|Stealth Rock|[from] move: Defog|[of] p2a: Scizor
|
|-weather|Sandstorm|[upkeep]
|turn|27
|c| JohnxYiu|lol
|
|switch|p2a: Alomomola|Alomomola, F|274\/534 brn
|move|p1a: Empoleon|Stealth Rock|p2a: Alomomola
|-sidestart|p2: Cunty Vibes|move: Stealth Rock
|
|-weather|Sandstorm|[upkeep]
|-damage|p2a: Alomomola|241\/534 brn|[from] sandstorm
|-damage|p2a: Alomomola|175\/534 brn|[from] brn
|turn|28
|c| troller67890|why isnt reverb in the room
|
|move|p2a: Alomomola|Mirror Coat|p1a: Empoleon
|-fail|p1a: Empoleon
|move|p1a: Empoleon|Roar|p2a: Alomomola
|drag|p2a: Conkeldurr|Conkeldurr, M|48\/401
|-damage|p2a: Conkeldurr|23\/401|[from] Stealth Rock
|
|-weather|none
|turn|29
|join|Raik
|join|Emma Bae â¥
|
|switch|p1a: Landorus-Therian|Landorus-Therian, M|7\/327 frz
|-ability|p1a: Landorus-Therian|Intimidate|[of] p2a: Conkeldurr
|-unboost|p2a: Conkeldurr|atk|1
|move|p2a: Conkeldurr|Knock Off|p1a: Landorus-Therian
|-damage|p1a: Landorus-Therian|0 fnt
|-enditem|p1a: Landorus-Therian|Choice Scarf|[from] move: Knock Off|[of] p2a: Conkeldurr
|faint|p1a: Landorus-Therian
|
|c| Raik|mah gawd
|
|switch|p1a: Celebi|Celebi|402\/404
|turn|30
|c| troller67890|lol how did it get frozen
|c| Raik|thou shall fight forevah
|
|move|p1a: Celebi|Psychic|p2a: Conkeldurr
|-supereffective|p2a: Conkeldurr
|-damage|p2a: Conkeldurr|0 fnt
|faint|p2a: Conkeldurr
|
|-heal|p1a: Celebi|404\/404|[from] item: Leftovers
|
|switch|p2a: Chansey|Chansey, F|354\/704
|-damage|p2a: Chansey|266\/704|[from] Stealth Rock
|turn|31
|
|move|p1a: Celebi|Baton Pass|p1a: Celebi
|
|switch|p1a: Tyranitar|Tyranitar, M|383\/383
|-weather|Sandstorm
|move|p2a: Chansey|Wish|p2a: Chansey
|
|-weather|Sandstorm|[upkeep]
|-damage|p2a: Chansey|222\/704|[from] sandstorm
|turn|32
|
|move|p2a: Chansey|Protect|p2a: Chansey
|-singleturn|p2a: Chansey|Protect
|move|p1a: Tyranitar|Stone Edge|p2a: Chansey
|-activate|p2a: Chansey|Protect
|
|-weather|Sandstorm|[upkeep]
|-damage|p2a: Chansey|178\/704|[from] sandstorm
|-heal|p2a: Chansey|530\/704|[from] move: Wish|[wisher] Chansey
|turn|33
|c| troller67890|lol Cunty Vibes has a great team and he uses it well, i bet if i were to come up against such a team i will lose badly
|
|switch|p2a: Scizor|Scizor-Mega, M|343\/343
|-damage|p2a: Scizor|301\/343|[from] Stealth Rock
|move|p1a: Tyranitar|Stone Edge|p2a: Scizor
|-crit|p2a: Scizor
|-damage|p2a: Scizor|48\/343
|
|-weather|Sandstorm|[upkeep]
|turn|34
|
|switch|p1a: Empoleon|Empoleon, F|190\/371
|move|p2a: Scizor|Bullet Punch|p1a: Empoleon
|-resisted|p1a: Empoleon
|-damage|p1a: Empoleon|170\/371
|
|-weather|Sandstorm|[upkeep]
|turn|35
|
|move|p2a: Scizor|Roost|p2a: Scizor
|-heal|p2a: Scizor|220\/343
|move|p1a: Empoleon|Scald|p2a: Scizor
|-damage|p2a: Scizor|111\/343
|
|-weather|none
|turn|36
|
|move|p2a: Scizor|Roost|p2a: Scizor
|-heal|p2a: Scizor|283\/343
|move|p1a: Empoleon|Scald|p2a: Scizor
|-damage|p2a: Scizor|183\/343
|-status|p2a: Scizor|brn
|
|-damage|p2a: Scizor|141\/343 brn|[from] brn
|turn|37
|
|move|p2a: Scizor|Roost|p2a: Scizor
|-heal|p2a: Scizor|313\/343 brn
|move|p1a: Empoleon|Scald|p2a: Scizor
|-damage|p2a: Scizor|213\/343 brn
|
|-damage|p2a: Scizor|171\/343 brn|[from] brn
|turn|38
|
|move|p2a: Scizor|Roost|p2a: Scizor
|-heal|p2a: Scizor|343\/343 brn
|move|p1a: Empoleon|Scald|p2a: Scizor
|-damage|p2a: Scizor|232\/343 brn
|
|-damage|p2a: Scizor|190\/343 brn|[from] brn
|turn|39
|
|switch|p1a: Tyranitar|Tyranitar, M|383\/383
|-weather|Sandstorm
|move|p2a: Scizor|Defog|p1a: Tyranitar
|-unboost|p1a: Tyranitar|evasion|1
|-sideend|p2: Cunty Vibes|Stealth Rock|[from] move: Defog|[of] p2a: Scizor
|
|-weather|Sandstorm|[upkeep]
|-damage|p2a: Scizor|148\/343 brn|[from] brn
|turn|40
|
|move|p2a: Scizor|Bullet Punch|p1a: Tyranitar
|-supereffective|p1a: Tyranitar
|-damage|p1a: Tyranitar|281\/383
|move|p1a: Tyranitar|Crunch|p2a: Scizor
|-damage|p2a: Scizor|10\/343 brn
|
|-weather|Sandstorm|[upkeep]
|-damage|p2a: Scizor|0 fnt|[from] brn
|faint|p2a: Scizor
|
|switch|p2a: Landorus-Therian|Landorus-Therian, M|249\/382
|-ability|p2a: Landorus-Therian|Intimidate|[of] p1a: Tyranitar
|-unboost|p1a: Tyranitar|atk|1
|turn|41
|
|switch|p1a: Keldeo|Keldeo|23\/323
|move|p2a: Landorus-Therian|Stealth Rock|p1a: Keldeo
|-sidestart|p1: Reverb|move: Stealth Rock
|
|-weather|Sandstorm|[upkeep]
|-damage|p1a: Keldeo|3\/323|[from] sandstorm
|-heal|p2a: Landorus-Therian|272\/382|[from] item: Leftovers
|turn|42
|join|tv4c
|
|switch|p2a: Clefable|Clefable, M|394\/394
|move|p1a: Keldeo|Scald|p2a: Clefable
|-damage|p2a: Clefable|252\/394
|-status|p2a: Clefable|brn
|
|-weather|Sandstorm|[upkeep]
|-damage|p1a: Keldeo|0 fnt|[from] sandstorm
|-damage|p2a: Clefable|228\/394 brn|[from] sandstorm
|-heal|p2a: Clefable|252\/394 brn|[from] item: Leftovers
|-damage|p2a: Clefable|203\/394 brn|[from] brn
|faint|p1a: Keldeo
|
|switch|p1a: Empoleon|Empoleon, F|170\/371
|-damage|p1a: Empoleon|147\/371|[from] Stealth Rock
|turn|43
|
|move|p1a: Empoleon|Defog|p2a: Clefable
|-unboost|p2a: Clefable|evasion|1
|-sideend|p1: Reverb|Stealth Rock|[from] move: Defog|[of] p1a: Empoleon
|move|p2a: Clefable|Flamethrower|p1a: Empoleon
|-damage|p1a: Empoleon|84\/371
|
|-weather|none
|-heal|p2a: Clefable|227\/394 brn|[from] item: Leftovers
|-damage|p2a: Clefable|178\/394 brn|[from] brn
|turn|44
|
|move|p1a: Empoleon|Stealth Rock|p2a: Clefable
|-sidestart|p2: Cunty Vibes|move: Stealth Rock
|move|p2a: Clefable|Calm Mind|p2a: Clefable
|-boost|p2a: Clefable|spa|1
|-boost|p2a: Clefable|spd|1
|
|-heal|p2a: Clefable|202\/394 brn|[from] item: Leftovers
|-damage|p2a: Clefable|153\/394 brn|[from] brn
|turn|45
|
|move|p2a: Clefable|Moonblast|p1a: Empoleon
|-crit|p1a: Empoleon
|-resisted|p1a: Empoleon
|-damage|p1a: Empoleon|0 fnt
|faint|p1a: Empoleon
|
|-heal|p2a: Clefable|177\/394 brn|[from] item: Leftovers
|-damage|p2a: Clefable|128\/394 brn|[from] brn
|
|switch|p1a: Lopunny|Lopunny-Mega, M|66\/271
|turn|46
|
|move|p1a: Lopunny|Return|p2a: Clefable
|-crit|p2a: Clefable
|-damage|p2a: Clefable|0 fnt
|faint|p2a: Clefable
|
|
|switch|p2a: Alomomola|Alomomola, F|353\/534 brn
|-damage|p2a: Alomomola|287\/534 brn|[from] Stealth Rock
|turn|47
|
|move|p1a: Lopunny|Return|p2a: Alomomola
|-damage|p2a: Alomomola|127\/534 brn
|-damage|p1a: Lopunny|21\/271|[from] item: Rocky Helmet|[of] p2a: Alomomola
|move|p2a: Alomomola|Wish|p2a: Alomomola
|
|-damage|p2a: Alomomola|61\/534 brn|[from] brn
|turn|48
|
|switch|p1a: Tyranitar|Tyranitar, M|281\/383
|-weather|Sandstorm
|move|p2a: Alomomola|Toxic|p1a: Tyranitar
|-status|p1a: Tyranitar|tox
|
|-weather|Sandstorm|[upkeep]
|-damage|p2a: Alomomola|28\/534 brn|[from] sandstorm
|-heal|p2a: Alomomola|295\/534 brn|[from] move: Wish|[wisher] Alomomola
|-damage|p1a: Tyranitar|258\/383 tox|[from] psn
|-damage|p2a: Alomomola|229\/534 brn|[from] brn
|turn|49
|
|switch|p2a: Landorus-Therian|Landorus-Therian, M|272\/382
|-damage|p2a: Landorus-Therian|225\/382|[from] Stealth Rock
|-ability|p2a: Landorus-Therian|Intimidate|[of] p1a: Tyranitar
|-unboost|p1a: Tyranitar|atk|1
|move|p1a: Tyranitar|Stone Edge|p2a: Landorus-Therian
|-damage|p2a: Landorus-Therian|80\/382
|
|-weather|Sandstorm|[upkeep]
|-heal|p2a: Landorus-Therian|103\/382|[from] item: Leftovers
|-damage|p1a: Tyranitar|212\/383 tox|[from] psn
|turn|50
|c| troller67890|who will win
|leave|Jefo
|join|Jefo
|leave|Jefo
|
|move|p2a: Landorus-Therian|U-turn|p1a: Tyranitar
|-supereffective|p1a: Tyranitar
|-damage|p1a: Tyranitar|72\/383 tox
|
|switch|p2a: Alomomola|Alomomola, F|407\/534 brn
|-damage|p2a: Alomomola|341\/534 brn|[from] Stealth Rock
|move|p1a: Tyranitar|Stone Edge|p2a: Alomomola
|-damage|p2a: Alomomola|163\/534 brn
|
|-weather|Sandstorm|[upkeep]
|-damage|p2a: Alomomola|130\/534 brn|[from] sandstorm
|-damage|p1a: Tyranitar|3\/383 tox|[from] psn
|-damage|p2a: Alomomola|64\/534 brn|[from] brn
|turn|51
|
|switch|p2a: Landorus-Therian|Landorus-Therian, M|103\/382
|-damage|p2a: Landorus-Therian|56\/382|[from] Stealth Rock
|-ability|p2a: Landorus-Therian|Intimidate|[of] p1a: Tyranitar
|-unboost|p1a: Tyranitar|atk|1
|move|p1a: Tyranitar|Stone Edge|p2a: Landorus-Therian|[miss]
|-miss|p1a: Tyranitar|p2a: Landorus-Therian
|
|-weather|Sandstorm|[upkeep]
|-heal|p2a: Landorus-Therian|79\/382|[from] item: Leftovers
|-damage|p1a: Tyranitar|0 fnt|[from] psn
|faint|p1a: Tyranitar
|c| troller67890|this is seriously unbelivable
|c|âReverb|fuck
|
|switch|p1a: Celebi|Celebi|404\/404
|turn|52
|
|switch|p2a: Chansey|Chansey, F|530\/704
|-damage|p2a: Chansey|442\/704|[from] Stealth Rock
|move|p1a: Celebi|Psychic|p2a: Chansey
|-damage|p2a: Chansey|370\/704
|
|-weather|none
|turn|53
|
|move|p1a: Celebi|Psychic|p2a: Chansey
|-damage|p2a: Chansey|295\/704
|-unboost|p2a: Chansey|spd|1
|move|p2a: Chansey|Wish|p2a: Chansey
|
|turn|54
|
|move|p1a: Celebi|Psychic|p2a: Chansey
|-damage|p2a: Chansey|199\/704
|move|p2a: Chansey|Seismic Toss|p1a: Celebi
|-damage|p1a: Celebi|304\/404
|
|-heal|p2a: Chansey|551\/704|[from] move: Wish|[wisher] Chansey
|-heal|p1a: Celebi|329\/404|[from] item: Leftovers
|turn|55
|
|move|p1a: Celebi|Psychic|p2a: Chansey
|-damage|p2a: Chansey|449\/704
|move|p2a: Chansey|Seismic Toss|p1a: Celebi
|-damage|p1a: Celebi|229\/404
|
|-heal|p1a: Celebi|254\/404|[from] item: Leftovers
|turn|56
|c| troller67890|reverb try to set up?
|c|âReverb|how?
|
|move|p1a: Celebi|Psychic|p2a: Chansey
|-damage|p2a: Chansey|343\/704
|move|p2a: Chansey|Wish|p2a: Chansey
|
|-heal|p1a: Celebi|279\/404|[from] item: Leftovers
|turn|57
|c| troller67890|no nasty plot\/calm mind?
|
|move|p1a: Celebi|Psychic|p2a: Chansey
|-crit|p2a: Chansey
|-damage|p2a: Chansey|201\/704
|move|p2a: Chansey|Seismic Toss|p1a: Celebi
|-damage|p1a: Celebi|179\/404
|
|-heal|p2a: Chansey|553\/704|[from] move: Wish|[wisher] Chansey
|-heal|p1a: Celebi|204\/404|[from] item: Leftovers
|turn|58
|c|âReverb|n
|c|~haunter|he has no setup move
|
|move|p1a: Celebi|Recover|p1a: Celebi
|-heal|p1a: Celebi|404\/404
|move|p2a: Chansey|Wish|p2a: Chansey
|
|turn|59
|
|move|p1a: Celebi|Psychic|p2a: Chansey
|-damage|p2a: Chansey|447\/704
|move|p2a: Chansey|Heal Bell|p2a: Chansey
|-cureteam|p2a: Chansey|[from] move: HealBell
|
|-heal|p2a: Chansey|704\/704|[from] move: Wish|[wisher] Chansey
|turn|60
|
|move|p1a: Celebi|Psychic|p2a: Chansey
|-damage|p2a: Chansey|596\/704
|move|p2a: Chansey|Seismic Toss|p1a: Celebi
|-damage|p1a: Celebi|304\/404
|
|-heal|p1a: Celebi|329\/404|[from] item: Leftovers
|turn|61
|c| troller67890|lol...
|
|move|p1a: Celebi|Baton Pass|p1a: Celebi
|
|switch|p1a: Lopunny|Lopunny-Mega, M|21\/271
|move|p2a: Chansey|Seismic Toss|p1a: Lopunny
|-damage|p1a: Lopunny|0 fnt
|faint|p1a: Lopunny
|
|join|Apathos
|
|switch|p1a: Celebi|Celebi|329\/404
|turn|62
|c|âReverb|gg
|c|âCunty Vibes|gg
|-message|Reverb forfeited.
|
|win|Cunty Vibes
|raw|Ladder updating...
|raw|Reverb's rating: 1743 &rarr; <strong>1719<\/strong><br \/>(-24 for losing)
|raw|Cunty Vibes's rating: 1684 &rarr; <strong>1707<\/strong><br \/>(+23 for winning)
|leave|tv4c
|join|tv4c
|leave|tv4c
|leave|haunter
|join|haunter
|leave|Cunty Vibes
|player|p2
|leave|haunter
|join|Cunty Vibes
|leave|JohnxYiu
|leave|Cunty Vibes
|leave|Emma Bae â¥
|leave|troller67890
|leave|Reverb
|player|p1
|leave|Apathos
|leave|gobosox
|leave|Julian
|join|Julian
|leave|Julian
|leave|Prankster
|leave|I Iike Squirtles
|join|I Iike Squirtles
|leave|I Iike Squirtles
|join|mouse de frank
|leave|mouse de frank
|join|mouse de frank
|leave|mouse de frank
|leave|Cienight
|join|UrsaReign
|leave|UrsaReign
|join|UrsaReign
|leave|UrsaReign
|join|Natsu Slayer
|leave|Alkov
|join|I'm Virus (~'o')~
|c| Natsu Slayer|oooh
|leave|I'm Virus (~'o')~
|join|I'm Virus (~'o')~
|leave|I'm Virus (~'o')~
|leave|Raik
|join|Raik
|leave|Raik
|join|I'm Virus (~'o')~
|join|Raik
|leave|I'm Virus (~'o')~
|leave|Raik
|join|I'm Virus (~'o')~
|leave|I'm Virus (~'o')~
|join|Raik
|leave|Raik
|c| Natsu Slayer|nice stall team
|c| Natsu Slayer|imo
|join|CleanerThanRotom-W
|join|GunnerRohan2
|leave|GunnerRohan2
|join|GunnerRohan2
|leave|GunnerRohan2
|leave|CleanerThanRotom-W
|join|CleanerThanRotom-W
|leave|CleanerThanRotom-W