|join|garbt
|join|Cunty Vibes
|player|p1|garbt|121
|player|p2|Cunty Vibes|185
|gametype|singles
|gen|6
|tier|OU (suspect test)
|clearpoke
|poke|p1|Chesnaught, M
|poke|p1|Mew
|poke|p1|Rhyperior, M
|poke|p1|Gyarados, F
|poke|p1|Magnezone
|poke|p1|Clefable, M
|poke|p2|Clefable, M
|poke|p2|Conkeldurr, M
|poke|p2|Landorus-Therian, M
|poke|p2|Chansey, F
|poke|p2|Scizor, M
|poke|p2|Alomomola, F
|rule|Swagger Clause: Swagger is banned
|rule|Baton Pass Clause: Limit one PokÃ©mon knowing Baton Pass
|rule|Sleep Clause Mod: Limit one foe put to sleep
|rule|Species Clause: Limit one of each PokÃ©mon
|rule|OHKO Clause: OHKO moves are banned
|rule|Moody Clause: Moody is banned
|rule|Evasion Moves Clause: Evasion moves are banned
|rule|Endless Battle Clause: Forcing endless battles is banned
|rule|HP Percentage Mod: HP is shown in percentages
|teampreview
|join|westlose
|join|Apollo72
|join|lce Kyub
|join|LeCoqGrande
|join|watch me crit
|join|siski
|join|gr8rthantheg8r
|join|l123
|join|Walrena Wigtickley
|join|Jefo
|join|Katapillar
|join|Zenith Dragon
|join|DoctorEcter
|join|xOR1G1Nx
|join|Insatiable
|join|BetaDjinn
|join|Sea of Voices
|chat|Katapillar|hi
|chat|Apollo72|ooh
|chat|BetaDjinn|third
|join|Aliathra
|chat|Apollo72|I was second to join
|chat|Insatiable|the mew
|join|Scyrel
|join|Temporaryanonymous
|chat|Katapillar|county is based god
|chat|Cunty Vibes|dammit
|chat|Apollo72|get rekd everybody else
|chat|Apollo72|also
|join|mailman2
|chat|Cunty Vibes|this team
|join|flame367
|chat|Apollo72|maybe put modchat on
|join|Altilt
|chat|Katapillar|no -_-
|chat|DoctorEcter|garbt. i love your team. and this is coming from the lunatic with megazam and lucario <3
|join|tCrlngz
|join|I Am Mike Chang
|
|start
|switch|p1a: Magnezone|Magnezone|282\/282
|switch|p2a: Conkeldurr|Conkeldurr, M|401\/401
|turn|1
|join|h@lloween
|join|bforrester16
|chat|Apollo72|chesnaught is good
|join|Mercuryal
|chat|watch me crit|garbt's team is cool
|join|gilster34
|
|switch|p1a: Clefable|Clefable, M|394\/394
|move|p2a: Conkeldurr|Ice Punch|p1a: Clefable
|-damage|p1a: Clefable|254\/394
|
|-heal|p1a: Clefable|278\/394|[from] item: Leftovers
|turn|2
|chat|BetaDjinn|(citation needed)
|join|TyranitarTerror
|leave|Mercuryal
|chat|watch me crit|ches and rhyp
|chat|Apollo72|rhyperior beats bird spam
|join|Stringel
|chat|mailman2|garbt in the house
|
|switch|p2a: Chansey|Chansey, F|704\/704
|move|p1a: Clefable|Wish|p1a: Clefable
|
|-heal|p1a: Clefable|302\/394|[from] item: Leftovers
|turn|3
|chat|lce Kyub|garbt brought stall
|chat|lce Kyub|and it seems like no stallbreakers
|join|Hi im sheep
|chat|Apollo72|not reall
|join|I Iike Squirtles
|join|alt45623
|chat|Apollo72|*relly
|
|switch|p1a: Rhyperior|Rhyperior, M|433\/433
|switch|p2a: Landorus-Therian|Landorus-Therian, M|382\/382
|-ability|p2a: Landorus-Therian|Intimidate|[of] p1a: Rhyperior
|-unboost|p1a: Rhyperior|atk|1
|
|turn|4
|chat|Apollo72|fuck if
|join|Lord_ray
|chat|lce Kyub|semistall i guess
|chat|Katapillar|rypherior looks good
|chat|Apollo72|ffs, you know what I'm typing
|
|move|p2a: Landorus-Therian|Stealth Rock|p1a: Rhyperior
|-sidestart|p1: garbt|move: Stealth Rock
|move|p1a: Rhyperior|Ice Punch|p2a: Landorus-Therian
|-supereffective|p2a: Landorus-Therian
|-damage|p2a: Landorus-Therian|218\/382
|
|-heal|p2a: Landorus-Therian|241\/382|[from] item: Leftovers
|turn|5
|chat|lce Kyub|mostly stall tho
|chat|Apollo72|it's more semistall
|leave|Temporaryanonymous
|
|move|p2a: Landorus-Therian|U-turn|p1a: Rhyperior
|-damage|p1a: Rhyperior|387\/433
|chat|BetaDjinn|wow that was pathetic
|chat|Katapillar|intimidate matters
|chat|mailman2|lando so bulky
|
|switch|p2a: Alomomola|Alomomola, F|534\/534
|move|p1a: Rhyperior|Stealth Rock|p2a: Alomomola
|-sidestart|p2: Cunty Vibes|move: Stealth Rock
|
|-heal|p1a: Rhyperior|414\/433|[from] item: Leftovers
|turn|6
|chat|lce Kyub|not much offense to it tho
|join|Grinding
|chat|bforrester16|damn that did nothing
|chat|Apollo72|it's more balance actually
|join|Insane Pigmask
|chat|l123|Kyryptonite on the field
|
|switch|p1a: Clefable|Clefable, M|302\/394
|-damage|p1a: Clefable|253\/394|[from] Stealth Rock
|move|p2a: Alomomola|Toxic|p1a: Clefable
|-status|p1a: Clefable|tox
|
|-heal|p1a: Clefable|277\/394 tox|[from] item: Leftovers
|-damage|p1a: Clefable|253\/394 tox|[from] psn
|turn|7
|join|frejya
|chat|lce Kyub|depends on the gyara set
|chat|l123|wow botched that spelling up
|join|RAAAWK HAAAWK
|
|move|p2a: Alomomola|Wish|p2a: Alomomola
|move|p1a: Clefable|Heal Bell|p1a: Clefable
|-cureteam|p1a: Clefable|[from] move: HealBell
|
|-heal|p1a: Clefable|277\/394|[from] item: Leftovers
|turn|8
|join|ARIstotle_12
|chat|Katapillar|alomomoloaoolaommoaloaamola is awesome
|chat|lce Kyub|and the clef set
|join|AlucardTrey
|
|switch|p2a: Landorus-Therian|Landorus-Therian, M|241\/382
|-damage|p2a: Landorus-Therian|194\/382|[from] Stealth Rock
|-ability|p2a: Landorus-Therian|Intimidate|[of] p1a: Clefable
|-unboost|p1a: Clefable|atk|1
|move|p1a: Clefable|Wish|p1a: Clefable
|
|-heal|p2a: Landorus-Therian|382\/382|[from] move: Wish|[wisher] Alomomola
|-heal|p1a: Clefable|301\/394|[from] item: Leftovers
|turn|9
|chat|alt45623|interesting stallish team
|
|move|p2a: Landorus-Therian|U-turn|p1a: Clefable
|-resisted|p1a: Clefable
|-damage|p1a: Clefable|255\/394
|chat|Apollo72|it's unaware clef, which I like because it beats other clefables
|
|switch|p2a: Chansey|Chansey, F|704\/704
|-damage|p2a: Chansey|616\/704|[from] Stealth Rock
|move|p1a: Clefable|Moonblast|p2a: Chansey
|-damage|p2a: Chansey|547\/704
|
|-heal|p1a: Clefable|394\/394|[from] move: Wish|[wisher] Clefable
|turn|10
|chat|BetaDjinn|alomomomomomola
|chat|Apollo72|as well as taking hits from set up sweepers
|
|switch|p1a: Chesnaught|Chesnaught, M|379\/379
|-damage|p1a: Chesnaught|356\/379|[from] Stealth Rock
|move|p2a: Chansey|Wish|p2a: Chansey
|
|-heal|p1a: Chesnaught|379\/379|[from] item: Leftovers
|turn|11
|chat|Katapillar|nice and 10%
|chat|lce Kyub|except that cm stored power clef beats it
|chat|mailman2|this game is going to last ages
|chat|Apollo72|no
|chat|Apollo72|I don't think it does
|join|Aidenslash
|
|switch|p2a: Alomomola|Alomomola, F|534\/534
|-damage|p2a: Alomomola|468\/534|[from] Stealth Rock
|move|p1a: Chesnaught|Spikes|p2a: Alomomola
|-sidestart|p2: Cunty Vibes|Spikes
|
|-heal|p2a: Alomomola|534\/534|[from] move: Wish|[wisher] Chansey
|turn|12
|chat|lce Kyub|unaware clef cant run cm
|join|Scufe
|leave|gilster34
|chat|lce Kyub|which makes its atk not that good
|chat|Apollo72|yes it can?
|
|move|p2a: Alomomola|Scald|p1a: Chesnaught
|-crit|p1a: Chesnaught
|-resisted|p1a: Chesnaught
|-damage|p1a: Chesnaught|336\/379
|-status|p1a: Chesnaught|brn
|move|p1a: Chesnaught|Spikes|p2a: Alomomola
|-sidestart|p2: Cunty Vibes|Spikes
|
|-heal|p1a: Chesnaught|359\/379 brn|[from] item: Leftovers
|-damage|p1a: Chesnaught|312\/379 brn|[from] brn
|turn|13
|chat|lce Kyub|wait not thats sofboiled 
|chat|Apollo72|yeah
|chat|alt45623|4 SpA Clefable Stored Power (260 BP) vs. 252 HP \/ 4 SpD Unaware Clefable: 195-230 (49.4 - 58.3%) -- 68% chance to 2HKO after Leftovers recovery
|join|chai zaeng
|chat|l123|damn
|chat|Apollo72|it needs to use moonblast
|
|move|p2a: Alomomola|Wish|p2a: Alomomola
|move|p1a: Chesnaught|Spikes|p2a: Alomomola
|-sidestart|p2: Cunty Vibes|Spikes
|
|-heal|p1a: Chesnaught|335\/379 brn|[from] item: Leftovers
|-damage|p1a: Chesnaught|288\/379 brn|[from] brn
|turn|14
|chat|Apollo72|or wish
|join|Bart Furgers
|join|I Am Godd
|
|switch|p2a: Conkeldurr|Conkeldurr, M|401\/401
|-damage|p2a: Conkeldurr|376\/401|[from] Stealth Rock
|-damage|p2a: Conkeldurr|276\/401|[from] Spikes
|move|p1a: Chesnaught|Leech Seed|p2a: Conkeldurr|[miss]
|-miss|p1a: Chesnaught|p2a: Conkeldurr
|
|-heal|p2a: Conkeldurr|401\/401|[from] move: Wish|[wisher] Alomomola
|-heal|p1a: Chesnaught|311\/379 brn|[from] item: Leftovers
|-damage|p1a: Chesnaught|264\/379 brn|[from] brn
|turn|15
|leave|I Am Godd
|chat|Apollo72|ok, and now calc with the boosts to unaware clefable
|join|IDK Whom
|chat|BetaDjinn|w0w
|chat|l123|crucial miss
|chat|Apollo72|with boosts on unaware clef *
|join|colonial
|leave|LeCoqGrande
|chat|Apollo72|you wouldn't just let it set up if you have unaware clef
|
|switch|p1a: Clefable|Clefable, M|394\/394
|-damage|p1a: Clefable|345\/394|[from] Stealth Rock
|move|p2a: Conkeldurr|Knock Off|p1a: Clefable
|-resisted|p1a: Clefable
|-damage|p1a: Clefable|260\/394
|-enditem|p1a: Clefable|Leftovers|[from] move: Knock Off|[of] p2a: Conkeldurr
|
|turn|16
|chat|IDK Whom|Let's Go Vibes!!
|
|move|p1a: Clefable|Wish|p1a: Clefable
|move|p2a: Conkeldurr|Ice Punch|p1a: Clefable
|-damage|p1a: Clefable|129\/394
|
|turn|17
|
|switch|p2a: Landorus-Therian|Landorus-Therian, M|382\/382
|-damage|p2a: Landorus-Therian|335\/382|[from] Stealth Rock
|-ability|p2a: Landorus-Therian|Intimidate|[of] p1a: Clefable
|-unboost|p1a: Clefable|atk|1
|move|p1a: Clefable|Protect|p1a: Clefable
|-fail|p1a: Clefable
|
|-heal|p1a: Clefable|326\/394|[from] move: Wish|[wisher] Clefable
|-heal|p2a: Landorus-Therian|358\/382|[from] item: Leftovers
|turn|18
|leave|gr8rthantheg8r
|leave|Bart Furgers
|
|move|p2a: Landorus-Therian|Earthquake|p1a: Clefable
|-damage|p1a: Clefable|124\/394
|move|p1a: Clefable|Wish|p1a: Clefable
|
|-heal|p2a: Landorus-Therian|381\/382|[from] item: Leftovers
|turn|19
|
|move|p1a: Clefable|Protect|p1a: Clefable
|-singleturn|p1a: Clefable|Protect
|move|p2a: Landorus-Therian|Earthquake|p1a: Clefable
|-activate|p1a: Clefable|Protect
|
|-heal|p1a: Clefable|321\/394|[from] move: Wish|[wisher] Clefable
|-heal|p2a: Landorus-Therian|382\/382|[from] item: Leftovers
|turn|20
|chat|lce Kyub|for some reason i had it in my head that unaware + cm was impossible
|
|switch|p1a: Rhyperior|Rhyperior, M|414\/433
|-damage|p1a: Rhyperior|387\/433|[from] Stealth Rock
|move|p2a: Landorus-Therian|Earthquake|p1a: Rhyperior
|-supereffective|p1a: Rhyperior
|-damage|p1a: Rhyperior|233\/433
|
|-heal|p1a: Rhyperior|260\/433|[from] item: Leftovers
|turn|21
|
|move|p2a: Landorus-Therian|U-turn|p1a: Rhyperior
|-damage|p1a: Rhyperior|216\/433
|
|switch|p2a: Alomomola|Alomomola, F|534\/534
|-damage|p2a: Alomomola|468\/534|[from] Stealth Rock
|-damage|p2a: Alomomola|335\/534|[from] Spikes
|move|p1a: Rhyperior|Earthquake|p2a: Alomomola
|-damage|p2a: Alomomola|199\/534
|
|-heal|p1a: Rhyperior|243\/433|[from] item: Leftovers
|turn|22
|
|switch|p1a: Mew|Mew|404\/404
|-damage|p1a: Mew|354\/404|[from] Stealth Rock
|move|p2a: Alomomola|Wish|p2a: Alomomola
|
|-heal|p1a: Mew|379\/404|[from] item: Leftovers
|turn|23
|join|mafiajoe3
|
|move|p1a: Mew|Knock Off|p2a: Alomomola
|-damage|p2a: Alomomola|128\/534
|-damage|p1a: Mew|312\/404|[from] item: Rocky Helmet|[of] p2a: Alomomola
|-enditem|p2a: Alomomola|Rocky Helmet|[from] move: Knock Off|[of] p1a: Mew
|move|p2a: Alomomola|Toxic|p1a: Mew|[miss]
|-miss|p2a: Alomomola|p1a: Mew
|
|-heal|p2a: Alomomola|395\/534|[from] move: Wish|[wisher] Alomomola
|-heal|p1a: Mew|337\/404|[from] item: Leftovers
|turn|24
|join|benson1423
|
|move|p1a: Mew|Taunt|p2a: Alomomola
|-start|p2a: Alomomola|move: Taunt
|cant|p2a: Alomomola|move: Taunt|Wish
|
|-heal|p1a: Mew|362\/404|[from] item: Leftovers
|turn|25
|chat|BetaDjinn|lucky that missed, it has synchronize
|chat|alt45623|i  thought unaware was more of support and less of a setup setup sweeper
|chat|Lord_ray|well maybe he thought about synchronize
|
|switch|p2a: Landorus-Therian|Landorus-Therian, M|382\/382
|-damage|p2a: Landorus-Therian|335\/382|[from] Stealth Rock
|-ability|p2a: Landorus-Therian|Intimidate|[of] p1a: Mew
|-unboost|p1a: Mew|atk|1
|move|p1a: Mew|Knock Off|p2a: Landorus-Therian
|-damage|p2a: Landorus-Therian|296\/382
|-enditem|p2a: Landorus-Therian|Leftovers|[from] move: Knock Off|[of] p1a: Mew
|
|-heal|p1a: Mew|387\/404|[from] item: Leftovers
|turn|26
|chat|lce Kyub|it is tbh
|
|switch|p2a: Conkeldurr|Conkeldurr, M|401\/401
|-damage|p2a: Conkeldurr|376\/401|[from] Stealth Rock
|-damage|p2a: Conkeldurr|276\/401|[from] Spikes
|move|p1a: Mew|Will-O-Wisp|p2a: Conkeldurr
|-status|p2a: Conkeldurr|brn
|
|-heal|p1a: Mew|404\/404|[from] item: Leftovers
|-damage|p2a: Conkeldurr|226\/401 brn|[from] brn
|turn|27
|chat|alt45623|i like mew soooo much
|chat|mailman2|oooooooooooooo
|chat|alt45623|thats a problem
|chat|BetaDjinn|erm, guts?
|chat|alt45623|obv
|chat|l123|oh no
|chat|Lord_ray|mew is lame if anything its unpredictible ness is its forte
|chat|l123|da guts
|
|switch|p1a: Clefable|Clefable, M|321\/394
|-damage|p1a: Clefable|272\/394|[from] Stealth Rock
|move|p2a: Conkeldurr|Drain Punch|p1a: Clefable
|-resisted|p1a: Clefable
|-damage|p1a: Clefable|122\/394
|-heal|p2a: Conkeldurr|301\/401 brn|[from] drain|[of] p1a: Clefable
|
|-damage|p2a: Conkeldurr|251\/401 brn|[from] brn
|turn|28
|
|switch|p2a: Landorus-Therian|Landorus-Therian, M|296\/382
|-damage|p2a: Landorus-Therian|249\/382|[from] Stealth Rock
|-ability|p2a: Landorus-Therian|Intimidate|[of] p1a: Clefable
|-unboost|p1a: Clefable|atk|1
|move|p1a: Clefable|Moonblast|p2a: Landorus-Therian
|-damage|p2a: Landorus-Therian|117\/382
|
|turn|29
|chat|alt45623|nah mew is really good
|chat|Katapillar|that 12% is good
|
|switch|p1a: Chesnaught|Chesnaught, M|264\/379 brn
|-damage|p1a: Chesnaught|241\/379 brn|[from] Stealth Rock
|move|p2a: Landorus-Therian|Stone Edge|p1a: Chesnaught
|-resisted|p1a: Chesnaught
|-damage|p1a: Chesnaught|206\/379 brn
|
|-heal|p1a: Chesnaught|229\/379 brn|[from] item: Leftovers
|-damage|p1a: Chesnaught|182\/379 brn|[from] brn
|turn|30
|
|switch|p2a: Scizor|Scizor, M|343\/343
|-damage|p2a: Scizor|301\/343|[from] Stealth Rock
|-damage|p2a: Scizor|216\/343|[from] Spikes
|move|p1a: Chesnaught|Leech Seed|p2a: Scizor
|-start|p2a: Scizor|move: Leech Seed
|
|-heal|p1a: Chesnaught|205\/379 brn|[from] item: Leftovers
|-damage|p2a: Scizor|174\/343|[from] Leech Seed|[of] p1a: Chesnaught
|-heal|p1a: Chesnaught|247\/379 brn|[silent]
|-damage|p1a: Chesnaught|200\/379 brn|[from] brn
|turn|31
|
|switch|p1a: Magnezone|Magnezone|282\/282
|-damage|p1a: Magnezone|265\/282|[from] Stealth Rock
|detailschange|p2a: Scizor|Scizor-Mega, M
|message|Scizor has Mega Evolved into Mega Scizor!
|move|p2a: Scizor|Defog|p1a: Magnezone
|-unboost|p1a: Magnezone|evasion|1
|-sideend|p1: garbt|Stealth Rock|[from] move: Defog|[of] p1a: Magnezone
|-sideend|p2: Cunty Vibes|Spikes|[from] move: Defog|[of] p2a: Scizor
|-sideend|p2: Cunty Vibes|Stealth Rock|[from] move: Defog|[of] p2a: Scizor
|
|-damage|p2a: Scizor|132\/343|[from] Leech Seed|[of] p1a: Magnezone
|-heal|p1a: Magnezone|282\/282|[silent]
|turn|32
|chat|alt45623|rekt
|chat|Lord_ray|the magnet pull trap is real
|
|move|p1a: Magnezone|Hidden Power|p2a: Scizor
|-supereffective|p2a: Scizor
|-damage|p2a: Scizor|0 fnt
|faint|p2a: Scizor
|
|join|Nyhita
|
|switch|p2a: Conkeldurr|Conkeldurr, M|251\/401 brn
|turn|33
|chat|Nyhita|fuck yeah garbt you have a rhyperior
|
|switch|p1a: Clefable|Clefable, M|122\/394
|move|p2a: Conkeldurr|Ice Punch|p1a: Clefable
|-damage|p1a: Clefable|0 fnt
|faint|p1a: Clefable
|
|-damage|p2a: Conkeldurr|201\/401 brn|[from] brn
|
|switch|p1a: Gyarados|Gyarados, F|331\/331
|-ability|p1a: Gyarados|Intimidate|[of] p2a: Conkeldurr
|-unboost|p2a: Conkeldurr|atk|1
|turn|34
|
|switch|p2a: Alomomola|Alomomola, F|534\/534
|move|p1a: Gyarados|Dragon Dance|p1a: Gyarados
|-boost|p1a: Gyarados|atk|1
|-boost|p1a: Gyarados|spe|1
|
|turn|35
|
|move|p1a: Gyarados|Substitute|p1a: Gyarados
|-start|p1a: Gyarados|Substitute
|-damage|p1a: Gyarados|249\/331
|move|p2a: Alomomola|Scald|p1a: Gyarados
|-resisted|p1a: Gyarados
|-activate|p1a: Gyarados|Substitute|[damage]
|
|turn|36
|chat|Cunty Vibes|ooo
|chat|l123|ru oh raggy
|
|move|p1a: Gyarados|Dragon Dance|p1a: Gyarados
|-boost|p1a: Gyarados|atk|1
|-boost|p1a: Gyarados|spe|1
|move|p2a: Alomomola|Wish|p2a: Alomomola
|
|turn|37
|join|That Weirdd Guy
|chat|IDK Whom|Let's go Vibes!!
|
|move|p1a: Gyarados|Dragon Dance|p1a: Gyarados
|-boost|p1a: Gyarados|atk|1
|-boost|p1a: Gyarados|spe|1
|move|p2a: Alomomola|Scald|p1a: Gyarados
|-resisted|p1a: Gyarados
|-activate|p1a: Gyarados|Substitute|[damage]
|
|turn|38
|chat|bforrester16|lolz
|chat|BetaDjinn|vibe's team is pretty much just anti HO
|
|move|p1a: Gyarados|Waterfall|p2a: Alomomola
|-resisted|p2a: Alomomola
|-damage|p2a: Alomomola|385\/534
|move|p2a: Alomomola|Wish|p2a: Alomomola
|
|turn|39
|chat|l123|lolololololo
|chat|colonial|mmm dat 40 spatk
|chat|Nyhita|sweep by the rhyperior team?
|chat|alt45623|reval damage
|chat|RAAAWK HAAAWK|loooooooool
|chat|BetaDjinn|it wont hold up vs better teams
|
|switch|p2a: Clefable|Clefable, M|394\/394
|move|p1a: Gyarados|Bounce|p2a: Clefable|[still]
|-prepare|p1a: Gyarados|Bounce|p2a: Clefable
|
|turn|40
|chat|alt45623|fish is fat
|join|Onionbro
|
|move|p1a: Gyarados|Bounce|p2a: Clefable
|-damage|p2a: Clefable|243\/394
|move|p2a: Clefable|Moonblast|p1a: Gyarados
|-end|p1a: Gyarados|Substitute
|
|-heal|p2a: Clefable|267\/394|[from] item: Leftovers
|turn|41
|chat|bforrester16|.....
|chat|Onionbro|you better win garbt
|chat|l123|what is the defense on this thing lol
|
|switch|p2a: Landorus-Therian|Landorus-Therian, M|117\/382
|-ability|p2a: Landorus-Therian|Intimidate|[of] p1a: Gyarados
|-unboost|p1a: Gyarados|atk|1
|move|p1a: Gyarados|Waterfall|p2a: Landorus-Therian
|-supereffective|p2a: Landorus-Therian
|-damage|p2a: Landorus-Therian|0 fnt
|faint|p2a: Landorus-Therian
|
|leave|mafiajoe3
|
|switch|p2a: Clefable|Clefable, M|267\/394
|turn|42
|chat|mailman2|games wide open now
|
|switch|p1a: Mew|Mew|404\/404
|move|p2a: Clefable|Moonblast|p1a: Mew
|-damage|p1a: Mew|325\/404
|
|-heal|p1a: Mew|350\/404|[from] item: Leftovers
|-heal|p2a: Clefable|291\/394|[from] item: Leftovers
|turn|43
|chat|DoctorEcter|123 is unaware of whats going on here :]
|chat|l123|Unaware clefable too good
|join|badassninja
|chat|Lord_ray|but so is magic guard
|chat|l123|I know it was unaware
|
|switch|p2a: Alomomola|Alomomola, F|534\/534
|move|p1a: Mew|Knock Off|p2a: Alomomola
|-damage|p2a: Alomomola|493\/534
|
|-heal|p1a: Mew|375\/404|[from] item: Leftovers
|turn|44
|
|move|p1a: Mew|Taunt|p2a: Alomomola
|-start|p2a: Alomomola|move: Taunt
|cant|p2a: Alomomola|move: Taunt|Wish
|
|-heal|p1a: Mew|400\/404|[from] item: Leftovers
|turn|45
|chat|DoctorEcter|"what is the defense on this thing" made it sound like you didnt know lol
|join|gr8rthantheg8r
|
|move|p1a: Mew|Knock Off|p2a: Alomomola
|-damage|p2a: Alomomola|453\/534
|move|p2a: Alomomola|Scald|p1a: Mew
|-damage|p1a: Mew|364\/404
|
|-heal|p1a: Mew|389\/404|[from] item: Leftovers
|turn|46
|chat|l123|i never really see defense clefables
|chat|l123|mostly spdef
|join|IamTestingShitChow
|join|SL D. FullBuster
|
|move|p1a: Mew|Knock Off|p2a: Alomomola
|-damage|p2a: Alomomola|409\/534
|move|p2a: Alomomola|Scald|p1a: Mew
|-damage|p1a: Mew|350\/404
|
|-heal|p1a: Mew|375\/404|[from] item: Leftovers
|-end|p2a: Alomomola|move: Taunt
|turn|47
|chat|alt45623|no, its standard
|chat|gr8rthantheg8r|maybe you should get out more
|chat|alt45623|max def bold
|chat|colonial|cm set is physdef
|
|switch|p2a: Conkeldurr|Conkeldurr, M|201\/401 brn
|move|p1a: Mew|Taunt|p2a: Conkeldurr
|-start|p2a: Conkeldurr|move: Taunt
|
|-heal|p1a: Mew|400\/404|[from] item: Leftovers
|-damage|p2a: Conkeldurr|151\/401 brn|[from] brn
|turn|48
|chat|RAAAWK HAAAWK|lol all clefs are def
|chat|l123|are u sure?
|join|Be Serious Now
|chat|alt45623|yeah lol
|chat|l123|I guess the pokemon i use are just hi physical
|chat|BetaDjinn|max def bold is pretty standard
|chat|gr8rthantheg8r|CM sets are actually
|chat|DoctorEcter|pretty sure, else latios probably bops it w\/ psyshock
|chat|Nyhita|alomomola 4 OU
|chat|gr8rthantheg8r|attack invested
|
|switch|p1a: Gyarados|Gyarados, F|249\/331
|-ability|p1a: Gyarados|Intimidate|[of] p2a: Conkeldurr
|-unboost|p2a: Conkeldurr|atk|1
|move|p2a: Conkeldurr|Drain Punch|p1a: Gyarados
|-resisted|p1a: Gyarados
|-damage|p1a: Gyarados|154\/331
|-heal|p2a: Conkeldurr|199\/401 brn|[from] drain|[of] p1a: Gyarados
|
|-damage|p2a: Conkeldurr|149\/401 brn|[from] brn
|turn|49
|chat|l123|or something
|chat|alt45623|a calm mind boosts u enough to be bulkier on the special side eventually
|chat|BetaDjinn|even bold clefable doesnt hold up that well vs choice bands
|
|switch|p1a: Mew|Mew|400\/404
|switch|p2a: Clefable|Clefable, M|291\/394
|
|-heal|p1a: Mew|404\/404|[from] item: Leftovers
|-heal|p2a: Clefable|315\/394|[from] item: Leftovers
|turn|50
|chat|BetaDjinn|staraptor does like a bunch
|
|switch|p2a: Alomomola|Alomomola, F|534\/534
|move|p1a: Mew|Will-O-Wisp|p2a: Alomomola
|-status|p2a: Alomomola|brn
|
|-damage|p2a: Alomomola|468\/534 brn|[from] brn
|turn|51
|
|switch|p2a: Conkeldurr|Conkeldurr, M|149\/401 brn
|move|p1a: Mew|Knock Off|p2a: Conkeldurr
|-crit|p2a: Conkeldurr
|-resisted|p2a: Conkeldurr
|-damage|p2a: Conkeldurr|88\/401 brn
|-enditem|p2a: Conkeldurr|Assault Vest|[from] move: Knock Off|[of] p1a: Mew
|
|-damage|p2a: Conkeldurr|38\/401 brn|[from] brn
|turn|52
|chat|Katapillar|how many turns?
|chat|alt45623|kyub adamant band is pretty good on sticky web
|chat|l123|51
|chat|BetaDjinn|252+ Atk Choice Band Reckless Staraptor Brave Bird vs. 252 HP \/ 252+ Def Clefable: 321-378 (81.4 - 95.9%) -- guaranteed 2HKO after Leftovers recovery
|chat|BetaDjinn|that physical bulk is unimpressive
|
|switch|p1a: Gyarados|Gyarados, F|154\/331
|-ability|p1a: Gyarados|Intimidate|[of] p2a: Conkeldurr
|-unboost|p2a: Conkeldurr|atk|1
|move|p2a: Conkeldurr|Knock Off|p1a: Gyarados
|-damage|p1a: Gyarados|44\/331
|
|-damage|p2a: Conkeldurr|0 fnt|[from] brn
|faint|p2a: Conkeldurr
|chat|Nyhita|with aegis out
|chat|Nyhita|mew should be OU
|
|switch|p2a: Clefable|Clefable, M|315\/394
|turn|53
|chat|mailman2|its over 
|
|switch|p1a: Magnezone|Magnezone|282\/282
|move|p2a: Clefable|Calm Mind|p2a: Clefable
|-boost|p2a: Clefable|spa|1
|-boost|p2a: Clefable|spd|1
|
|-heal|p2a: Clefable|339\/394|[from] item: Leftovers
|turn|54
|chat|Apollo72|to be fair, not a lot takes a banded brave bird from staraptor
|chat|gr8rthantheg8r|Cunty Vibes getting BTFO
|
|move|p1a: Magnezone|Flash Cannon|p2a: Clefable
|-supereffective|p2a: Clefable
|-damage|p2a: Clefable|141\/394
|-unboost|p2a: Clefable|spd|1
|move|p2a: Clefable|Flamethrower|p1a: Magnezone
|-supereffective|p1a: Magnezone
|-damage|p1a: Magnezone|72\/282
|
|-heal|p2a: Clefable|165\/394|[from] item: Leftovers
|turn|55
|chat|BetaDjinn|use the viability thread not the tiers bro
|chat|l123|uh oh
|
|switch|p2a: Chansey|Chansey, F|547\/704
|move|p1a: Magnezone|Flash Cannon|p2a: Chansey
|-damage|p2a: Chansey|451\/704
|
|turn|56
|chat|Katapillar|yep cunty is done
|
|switch|p1a: Mew|Mew|404\/404
|move|p2a: Chansey|Wish|p2a: Chansey
|
|turn|57
|leave|siski
|
|switch|p2a: Clefable|Clefable, M|165\/394
|move|p1a: Mew|Taunt|p2a: Clefable
|-start|p2a: Clefable|move: Taunt
|
|-heal|p2a: Clefable|394\/394|[from] move: Wish|[wisher] Chansey
|turn|58
|
|switch|p2a: Alomomola|Alomomola, F|534\/534 brn
|move|p1a: Mew|Knock Off|p2a: Alomomola
|-damage|p2a: Alomomola|492\/534 brn
|
|-damage|p2a: Alomomola|426\/534 brn|[from] brn
|turn|59
|
|switch|p1a: Chesnaught|Chesnaught, M|200\/379 brn
|switch|p2a: Clefable|Clefable, M|394\/394
|
|-heal|p1a: Chesnaught|223\/379 brn|[from] item: Leftovers
|-damage|p1a: Chesnaught|176\/379 brn|[from] brn
|turn|60
|
|switch|p1a: Mew|Mew|404\/404
|move|p2a: Clefable|Calm Mind|p2a: Clefable
|-boost|p2a: Clefable|spa|1
|-boost|p2a: Clefable|spd|1
|
|turn|61
|
|move|p1a: Mew|Will-O-Wisp|p2a: Clefable|[miss]
|-miss|p1a: Mew|p2a: Clefable
|move|p2a: Clefable|Moonblast|p1a: Mew
|-damage|p1a: Mew|278\/404
|-unboost|p1a: Mew|spa|1
|
|-heal|p1a: Mew|303\/404|[from] item: Leftovers
|turn|62
|
|move|p1a: Mew|Taunt|p2a: Clefable
|-start|p2a: Clefable|move: Taunt
|move|p2a: Clefable|Moonblast|p1a: Mew
|-damage|p1a: Mew|173\/404
|-unboost|p1a: Mew|spa|1
|
|-heal|p1a: Mew|198\/404|[from] item: Leftovers
|turn|63
|chat|mailman2|clefable comeback?
|chat|gr8rthantheg8r|CLEFABLE SWEEP?!?!?!?!
|chat|alt45623|no
|
|move|p1a: Mew|Will-O-Wisp|p2a: Clefable
|-status|p2a: Clefable|brn
|move|p2a: Clefable|Moonblast|p1a: Mew
|-damage|p1a: Mew|75\/404
|-unboost|p1a: Mew|spa|1
|
|-heal|p1a: Mew|100\/404|[from] item: Leftovers
|-damage|p2a: Clefable|345\/394 brn|[from] brn
|turn|64
|join|Dgfth6
|chat|Scyrel|the hax
|
|move|p1a: Mew|Roost|p1a: Mew
|-heal|p1a: Mew|302\/404
|move|p2a: Clefable|Moonblast|p1a: Mew
|-damage|p1a: Mew|182\/404
|
|-heal|p1a: Mew|207\/404|[from] item: Leftovers
|-heal|p2a: Clefable|369\/394 brn|[from] item: Leftovers
|-damage|p2a: Clefable|320\/394 brn|[from] brn
|-end|p2a: Clefable|move: Taunt
|turn|65
|
|move|p1a: Mew|Taunt|p2a: Clefable
|-start|p2a: Clefable|move: Taunt
|move|p2a: Clefable|Moonblast|p1a: Mew
|-damage|p1a: Mew|87\/404
|
|-heal|p1a: Mew|112\/404|[from] item: Leftovers
|-heal|p2a: Clefable|344\/394 brn|[from] item: Leftovers
|-damage|p2a: Clefable|295\/394 brn|[from] brn
|turn|66
|chat|BetaDjinn|clefable cant beat mew
|leave|benson1423
|chat|alt45623|mew beats unaware clef
|chat|DoctorEcter|the spa drops dont matter its stallbreaker mew lol
|chat|alt45623|all day long
|leave|Dgfth6
|
|move|p1a: Mew|Roost|p1a: Mew
|-heal|p1a: Mew|314\/404
|move|p2a: Clefable|Moonblast|p1a: Mew
|-damage|p1a: Mew|178\/404
|-unboost|p1a: Mew|spa|1
|
|-heal|p1a: Mew|203\/404|[from] item: Leftovers
|-heal|p2a: Clefable|319\/394 brn|[from] item: Leftovers
|-damage|p2a: Clefable|270\/394 brn|[from] brn
|turn|67
|chat|badassninja|mew is gonna run out of pp
|chat|alt45623|no its not
|join|sf_aeroplane
|chat|Apollo72|not before clefable
|join|Dgfth6
|
|move|p1a: Mew|Roost|p1a: Mew
|-heal|p1a: Mew|404\/404
|move|p2a: Clefable|Moonblast|p1a: Mew
|-damage|p1a: Mew|277\/404
|
|-heal|p1a: Mew|302\/404|[from] item: Leftovers
|-heal|p2a: Clefable|294\/394 brn|[from] item: Leftovers
|-damage|p2a: Clefable|245\/394 brn|[from] brn
|-end|p2a: Clefable|move: Taunt
|turn|68
|chat|Apollo72|I don't think at least
|leave|SL D. FullBuster
|
|move|p1a: Mew|Knock Off|p2a: Clefable
|-resisted|p2a: Clefable
|-damage|p2a: Clefable|211\/394 brn
|-enditem|p2a: Clefable|Leftovers|[from] move: Knock Off|[of] p1a: Mew
|move|p2a: Clefable|Flamethrower|p1a: Mew
|-damage|p1a: Mew|226\/404
|
|-heal|p1a: Mew|251\/404|[from] item: Leftovers
|-damage|p2a: Clefable|162\/394 brn|[from] brn
|turn|69
|leave|Aidenslash
|chat|Apollo72|I've been in and out the whole battle
|
|switch|p2a: Alomomola|Alomomola, F|534\/534 brn
|move|p1a: Mew|Taunt|p2a: Alomomola
|-start|p2a: Alomomola|move: Taunt
|
|-heal|p1a: Mew|276\/404|[from] item: Leftovers
|-damage|p2a: Alomomola|468\/534 brn|[from] brn
|turn|70
|leave|IamTestingShitChow
|join|lucsmm
|join|TeamTesting99
|join|Honchkrow Love
|
|switch|p1a: Chesnaught|Chesnaught, M|176\/379 brn
|move|p2a: Alomomola|Scald|p1a: Chesnaught
|-resisted|p1a: Chesnaught
|-damage|p1a: Chesnaught|148\/379 brn
|
|-heal|p1a: Chesnaught|171\/379 brn|[from] item: Leftovers
|-damage|p2a: Alomomola|402\/534 brn|[from] brn
|-damage|p1a: Chesnaught|124\/379 brn|[from] brn
|turn|71
|chat|DoctorEcter|unaware cm. interesting
|chat|Katapillar|the pinks are left
|chat|Cunty Vibes|lol
|chat|IDK Whom|holy turns
|
|switch|p2a: Chansey|Chansey, F|451\/704
|move|p1a: Chesnaught|Leech Seed|p2a: Chansey
|-start|p2a: Chansey|move: Leech Seed
|
|-heal|p1a: Chesnaught|147\/379 brn|[from] item: Leftovers
|-damage|p2a: Chansey|363\/704|[from] Leech Seed|[of] p1a: Chesnaught
|-heal|p1a: Chesnaught|235\/379 brn|[silent]
|-damage|p1a: Chesnaught|188\/379 brn|[from] brn
|turn|72
|chat|Apollo72|My record is 226 turns
|chat|alt45623|doesnt mew just beat everything left?
|chat|Apollo72|I was using dual bird balance ;_;
|join|ademarch92
|chat|l123|leech seed yeah
|
|switch|p2a: Clefable|Clefable, M|162\/394 brn
|move|p1a: Chesnaught|Spikes|p2a: Clefable
|-sidestart|p2: Cunty Vibes|Spikes
|
|-heal|p1a: Chesnaught|211\/379 brn|[from] item: Leftovers
|-damage|p1a: Chesnaught|164\/379 brn|[from] brn
|-damage|p2a: Clefable|113\/394 brn|[from] brn
|turn|73
|
|switch|p1a: Mew|Mew|276\/404
|move|p2a: Clefable|Moonlight|p2a: Clefable
|-heal|p2a: Clefable|310\/394 brn
|
|-heal|p1a: Mew|301\/404|[from] item: Leftovers
|-damage|p2a: Clefable|261\/394 brn|[from] brn
|turn|74
|leave|Onionbro
|chat|IDK Whom|damn
|join|enzonana âª_âªÂ¬ ââ¿â
|
|move|p1a: Mew|Taunt|p2a: Clefable
|-start|p2a: Clefable|move: Taunt
|cant|p2a: Clefable|move: Taunt|Moonlight
|
|-heal|p1a: Mew|326\/404|[from] item: Leftovers
|-damage|p2a: Clefable|212\/394 brn|[from] brn
|turn|75
|
|switch|p2a: Alomomola|Alomomola, F|534\/534 brn
|-damage|p2a: Alomomola|468\/534 brn|[from] Spikes
|move|p1a: Mew|Will-O-Wisp|p2a: Alomomola
|-fail|p2a: Alomomola|brn
|
|-heal|p1a: Mew|351\/404|[from] item: Leftovers
|-damage|p2a: Alomomola|402\/534 brn|[from] brn
|turn|76
|chat|enzonana âª_âªÂ¬ ââ¿â|OHHHHH
|
|move|p1a: Mew|Taunt|p2a: Alomomola
|-start|p2a: Alomomola|move: Taunt
|cant|p2a: Alomomola|move: Taunt|Toxic
|
|-heal|p1a: Mew|376\/404|[from] item: Leftovers
|-damage|p2a: Alomomola|336\/534 brn|[from] brn
|turn|77
|leave|Honchkrow Love
|chat|Katapillar|you should use softboiled 
|chat|DoctorEcter|moonlight over softboiled?
|
|move|p1a: Mew|Taunt|p2a: Alomomola
|-fail|p2a: Alomomola
|move|p2a: Alomomola|Scald|p1a: Mew
|-damage|p1a: Mew|342\/404
|-status|p1a: Mew|brn
|
|-heal|p1a: Mew|367\/404 brn|[from] item: Leftovers
|-damage|p1a: Mew|317\/404 brn|[from] brn
|-damage|p2a: Alomomola|270\/534 brn|[from] brn
|turn|78
|chat|Apollo72|he's unaware
|chat|Apollo72|he can't use soft boiled
|chat|Cunty Vibes|yeah can' with unaware
|chat|DoctorEcter|ahh true
|chat|Cunty Vibes|*can't
|
|switch|p1a: Magnezone|Magnezone|72\/282
|move|p2a: Alomomola|Scald|p1a: Magnezone
|-damage|p1a: Magnezone|17\/282
|
|-damage|p2a: Alomomola|204\/534 brn|[from] brn
|-end|p2a: Alomomola|move: Taunt
|turn|79
|chat|Katapillar|?
|chat|Katapillar|why
|join|Cinco Diablo
|
|switch|p2a: Chansey|Chansey, F|363\/704
|-damage|p2a: Chansey|275\/704|[from] Spikes
|move|p1a: Magnezone|Volt Switch|p2a: Chansey
|-damage|p2a: Chansey|202\/704
|
|switch|p1a: Gyarados|Gyarados, F|44\/331
|-ability|p1a: Gyarados|Intimidate|[of] p2a: Chansey
|-unboost|p2a: Chansey|atk|1
|
|turn|80
|leave|Cinco Diablo
|
|switch|p1a: Magnezone|Magnezone|17\/282
|switch|p2a: Alomomola|Alomomola, F|382\/534 brn
|-damage|p2a: Alomomola|316\/534 brn|[from] Spikes
|
|-damage|p2a: Alomomola|250\/534 brn|[from] brn
|turn|81
|join|akibukens
|join|RotomHeatisBetter
|chat|gr8rthantheg8r|ayy lmao
|leave|akibukens
|
|switch|p2a: Chansey|Chansey, F|202\/704
|-damage|p2a: Chansey|114\/704|[from] Spikes
|move|p1a: Magnezone|Volt Switch|p2a: Chansey
|-damage|p2a: Chansey|36\/704
|join|akibukens
|join|agentyphlosion
|join|Cinco Diablo
|chat|Sea of Voices|kinda boring 
|chat|Katapillar|yep he lost
|
|switch|p1a: Gyarados|Gyarados, F|44\/331
|-ability|p1a: Gyarados|Intimidate|[of] p2a: Chansey
|-unboost|p2a: Chansey|atk|1
|
|turn|82
|chat|alt45623|gg chansey
|
|move|p1a: Gyarados|Waterfall|p2a: Chansey
|-damage|p2a: Chansey|0 fnt
|faint|p2a: Chansey
|
|
|switch|p2a: Clefable|Clefable, M|212\/394 brn
|-damage|p2a: Clefable|163\/394 brn|[from] Spikes
|turn|83
|chat|Katapillar|yep 5-0
|
|move|p1a: Gyarados|Waterfall|p2a: Clefable
|-damage|p2a: Clefable|36\/394 brn
|move|p2a: Clefable|Moonlight|p2a: Clefable
|-heal|p2a: Clefable|233\/394 brn
|
|-damage|p2a: Clefable|184\/394 brn|[from] brn
|turn|84
|leave|Insatiable
|chat|mailman2|garbt wins so I'm second best at heart
|
|switch|p1a: Mew|Mew|317\/404 brn
|move|p2a: Clefable|Moonlight|p2a: Clefable
|-heal|p2a: Clefable|381\/394 brn
|
|-heal|p1a: Mew|342\/404 brn|[from] item: Leftovers
|-damage|p1a: Mew|292\/404 brn|[from] brn
|-damage|p2a: Clefable|332\/394 brn|[from] brn
|turn|85
|leave|Cinco Diablo
|
|move|p1a: Mew|Taunt|p2a: Clefable
|-start|p2a: Clefable|move: Taunt
|cant|p2a: Clefable|move: Taunt|Calm Mind
|
|-heal|p1a: Mew|317\/404 brn|[from] item: Leftovers
|-damage|p1a: Mew|267\/404 brn|[from] brn
|-damage|p2a: Clefable|283\/394 brn|[from] brn
|turn|86
|
|move|p1a: Mew|Roost|p1a: Mew
|-heal|p1a: Mew|404\/404 brn
|move|p2a: Clefable|Moonblast|p1a: Mew
|-damage|p1a: Mew|319\/404 brn
|-unboost|p1a: Mew|spa|1
|
|-heal|p1a: Mew|344\/404 brn|[from] item: Leftovers
|-damage|p1a: Mew|294\/404 brn|[from] brn
|-damage|p2a: Clefable|234\/394 brn|[from] brn
|turn|87
|chat|IDK Whom|no, Vibes would be
|join|FUK TALONFLAME
|
|switch|p2a: Alomomola|Alomomola, F|428\/534 brn
|-damage|p2a: Alomomola|362\/534 brn|[from] Spikes
|move|p1a: Mew|Knock Off|p2a: Alomomola
|-damage|p2a: Alomomola|338\/534 brn
|
|-heal|p1a: Mew|319\/404 brn|[from] item: Leftovers
|-damage|p1a: Mew|269\/404 brn|[from] brn
|-damage|p2a: Alomomola|272\/534 brn|[from] brn
|turn|88
|chat|Cunty Vibes|yeah gg
|chat|garbt|gg
|leave|Cunty Vibes
|player|p2
|leave|alt45623
|leave|xOR1G1Nx
|leave|Lord_ray
|chat|BetaDjinn|LOL
|leave|Sea of Voices
|chat|badassninja|\/\/forfeit yo
|leave|chai zaeng
|join|Cunty Vibes
|leave|mailman2
|chat|garbt|:'(
|leave|AlucardTrey
|leave|Dgfth6
|leave|TyranitarTerror
|join|Gut Check
|leave|Nyhita
|leave|I Iike Squirtles
|leave|IDK Whom
|chat|Hi im sheep|gg
|chat|l123|he didnt foreit
|chat|Cunty Vibes|wait, how to forfeit?
|leave|westlose
|leave|DoctorEcter
|chat|BetaDjinn|promote me
|chat|garbt| \/forfeit
|chat|Scyrel|\/\/forfeit
|join|Asado Violento
|leave|ademarch92
|join|Rocket Pilot
|chat|BetaDjinn| \/forfeit
|chat|Cunty Vibes|lol apparently i cant
|player|p2|Cunty Vibes|185
|chat|BetaDjinn|hit join battle
|chat|Scyrel|join battle
|leave|bforrester16
|chat|BetaDjinn|then do it
|chat|Cunty Vibes|ok gotcha
|-message|Cunty Vibes forfeited.
|
|win|garbt
|leave|Scyrel
|leave|garbt
|player|p1
|chat|Cunty Vibes|gg
|leave|badassninja
|leave|Cunty Vibes
|player|p2
|chat|Hi im sheep|gg
|leave|flame367
|leave|sf_aeroplane
|leave|Walrena Wigtickley
|leave|akibukens
|leave|agentyphlosion
|leave|Asado Violento
|leave|Zenith Dragon
|leave|Hi im sheep
|leave|Katapillar
|leave|lce Kyub
|join|GarTar
|leave|Aliathra
|join|garbt
|leave|RotomHeatisBetter