|J|Century Express
|J|Marky B
|player|p1|Century Express|145
|player|p2|Marky B|264
|gametype|singles
|gen|6
|tier|UU
|rule|Sleep Clause Mod: Limit one foe put to sleep
|rule|Species Clause: Limit one of each PokÃ©mon
|rule|OHKO Clause: OHKO moves are banned
|rule|Moody Clause: Moody is banned
|rule|Evasion Moves Clause: Evasion moves are banned
|rule|Endless Battle Clause: Forcing endless battles is banned
|rule|HP Percentage Mod: HP is shown in percentages
|clearpoke
|poke|p1|Alakazam, F
|poke|p1|Suicune
|poke|p1|Crobat, F
|poke|p1|Umbreon, M
|poke|p1|Nidoqueen, F
|poke|p1|Jirachi
|poke|p2|Goodra, F
|poke|p2|Donphan, M
|poke|p2|Mienshao, F
|poke|p2|Jirachi
|poke|p2|Suicune
|poke|p2|Haxorus, F
|rule|Swagger Clause: Swagger is banned
|rule|Baton Pass Clause: Limit one PokÃ©mon knowing Baton Pass
|teampreview
|c|âCentury Express|hf
|c|âMarky B|u2
|J|Lighthouses.
|J|Phyrexian Crusader
|L|Lighthouses.
|J|SoulDragonite
|c|+SoulDragonite|vai simleandro
|
|start
|switch|p1a: Aquatarkus|Suicune|399\/399
|switch|p2a: Donphan|Donphan, M|384\/384
|-ability|p1a: Aquatarkus|Pressure
|turn|1
|
|switch|p2a: Goodra|Goodra, F|383\/383
|move|p1a: Aquatarkus|Scald|p2a: Goodra
|-resisted|p2a: Goodra
|-damage|p2a: Goodra|363\/383
|
|turn|2
|c| Phyrexian Crusader|all in leandrao
|J|Lighthouses.
|
|switch|p1a: Shadowplay|Umbreon, M|390\/390
|move|p2a: Goodra|Thunderbolt|p1a: Shadowplay
|-damage|p1a: Shadowplay|333\/390
|
|-heal|p1a: Shadowplay|357\/390|[from] item: Leftovers
|turn|3
|
|switch|p2a: Donphan|Donphan, M|384\/384
|move|p1a: Shadowplay|Foul Play|p2a: Donphan
|-damage|p2a: Donphan|293\/384
|
|-heal|p1a: Shadowplay|381\/390|[from] item: Leftovers
|-heal|p2a: Donphan|317\/384|[from] item: Leftovers
|turn|4
|
|switch|p1a: Purple Haze|Crobat, F|355\/355
|move|p2a: Donphan|Knock Off|p1a: Purple Haze
|-damage|p1a: Purple Haze|279\/355
|
|-heal|p2a: Donphan|341\/384|[from] item: Leftovers
|turn|5
|
|move|p1a: Purple Haze|Acrobatics|p2a: Donphan
|-damage|p2a: Donphan|250\/384
|move|p2a: Donphan|Stealth Rock|p1a: Purple Haze
|-sidestart|p1: Century Express|move: Stealth Rock
|
|-heal|p2a: Donphan|274\/384|[from] item: Leftovers
|turn|6
|
|switch|p2a: Jirachi|Jirachi|404\/404
|move|p1a: Purple Haze|Defog|p2a: Jirachi
|-unboost|p2a: Jirachi|evasion|1
|-sideend|p1: Century Express|Stealth Rock|[from] move: Defog|[of] p1a: Purple Haze
|
|turn|7
|c| Phyrexian Crusader|.bom
|c| Lighthouses.|leandrÃ£o
|
|switch|p1a: Aquatarkus|Suicune|399\/399
|-ability|p1a: Aquatarkus|Pressure
|move|p2a: Jirachi|Substitute|p2a: Jirachi
|-start|p2a: Jirachi|Substitute
|-damage|p2a: Jirachi|303\/404
|
|-heal|p2a: Jirachi|328\/404|[from] item: Leftovers
|turn|8
|c| Lighthouses.|caralho
|c| Lighthouses.|imo
|
|move|p2a: Jirachi|Toxic|p1a: Aquatarkus
|-status|p1a: Aquatarkus|tox
|move|p1a: Aquatarkus|Roar|p2a: Jirachi
|drag|p2a: Mienshao|Mienshao, F|271\/271
|
|-damage|p1a: Aquatarkus|375\/399 tox|[from] psn
|turn|9
|c| Phyrexian Crusader|subatoxica
|
|switch|p1a: Purple Haze|Crobat, F|279\/355
|move|p2a: Mienshao|High Jump Kick|p1a: Purple Haze
|-resisted|p1a: Purple Haze
|-damage|p1a: Purple Haze|192\/355
|
|turn|10
|
|switch|p2a: Goodra|Goodra, F|363\/383
|move|p1a: Purple Haze|Acrobatics|p2a: Goodra
|-damage|p2a: Goodra|198\/383
|-unboost|p1a: Purple Haze|spe|1
|
|turn|11
|
|switch|p1a: Shadowplay|Umbreon, M|381\/390
|switch|p2a: Mienshao|Mienshao, F|271\/271
|
|-heal|p1a: Shadowplay|390\/390|[from] item: Leftovers
|turn|12
|
|move|p1a: Shadowplay|Protect|p1a: Shadowplay
|-singleturn|p1a: Shadowplay|Protect
|move|p2a: Mienshao|U-turn|p1a: Shadowplay
|-activate|p1a: Shadowplay|Protect
|
|turn|13
|
|move|p2a: Mienshao|U-turn|p1a: Shadowplay
|-supereffective|p1a: Shadowplay
|-damage|p1a: Shadowplay|232\/390
|
|switch|p2a: Donphan|Donphan, M|274\/384
|move|p1a: Shadowplay|Foul Play|p2a: Donphan
|-damage|p2a: Donphan|192\/384
|
|-heal|p1a: Shadowplay|256\/390|[from] item: Leftovers
|-heal|p2a: Donphan|216\/384|[from] item: Leftovers
|turn|14
|
|switch|p1a: Purple Haze|Crobat, F|192\/355
|move|p2a: Donphan|Stealth Rock|p1a: Purple Haze
|-sidestart|p1: Century Express|move: Stealth Rock
|
|-heal|p2a: Donphan|240\/384|[from] item: Leftovers
|turn|15
|
|move|p1a: Purple Haze|Defog|p2a: Donphan
|-unboost|p2a: Donphan|evasion|1
|-sideend|p1: Century Express|Stealth Rock|[from] move: Defog|[of] p1a: Purple Haze
|move|p2a: Donphan|Knock Off|p1a: Purple Haze
|-damage|p1a: Purple Haze|115\/355
|
|-heal|p2a: Donphan|264\/384|[from] item: Leftovers
|turn|16
|
|move|p1a: Purple Haze|Acrobatics|p2a: Donphan
|-damage|p2a: Donphan|177\/384
|move|p2a: Donphan|Earthquake|p1a: Purple Haze
|-immune|p1a: Purple Haze|[msg]
|
|-heal|p2a: Donphan|201\/384|[from] item: Leftovers
|turn|17
|
|move|p1a: Purple Haze|Acrobatics|p2a: Donphan
|-crit|p2a: Donphan
|-damage|p2a: Donphan|83\/384
|move|p2a: Donphan|Stealth Rock|p1a: Purple Haze
|-sidestart|p1: Century Express|move: Stealth Rock
|
|-heal|p2a: Donphan|107\/384|[from] item: Leftovers
|turn|18
|
|move|p1a: Purple Haze|Defog|p2a: Donphan
|-unboost|p2a: Donphan|evasion|1
|-sideend|p1: Century Express|Stealth Rock|[from] move: Defog|[of] p1a: Purple Haze
|move|p2a: Donphan|Knock Off|p1a: Purple Haze
|-crit|p1a: Purple Haze
|-damage|p1a: Purple Haze|6\/355
|
|-heal|p2a: Donphan|131\/384|[from] item: Leftovers
|turn|19
|
|move|p1a: Purple Haze|Acrobatics|p2a: Donphan
|-damage|p2a: Donphan|40\/384
|move|p2a: Donphan|Stealth Rock|p1a: Purple Haze
|-sidestart|p1: Century Express|move: Stealth Rock
|
|-heal|p2a: Donphan|64\/384|[from] item: Leftovers
|turn|20
|
|move|p1a: Purple Haze|Defog|p2a: Donphan
|-unboost|p2a: Donphan|evasion|1
|-sideend|p1: Century Express|Stealth Rock|[from] move: Defog|[of] p1a: Purple Haze
|move|p2a: Donphan|Knock Off|p1a: Purple Haze
|-damage|p1a: Purple Haze|0 fnt
|faint|p1a: Purple Haze
|
|-heal|p2a: Donphan|88\/384|[from] item: Leftovers
|
|switch|p1a: Czarina|Nidoqueen, F|360\/360
|turn|21
|J|Zenadark
|
|switch|p2a: Suicune|Suicune|404\/404
|-ability|p2a: Suicune|Pressure
|move|p1a: Czarina|Earth Power|p2a: Suicune
|-damage|p2a: Suicune|205\/404
|
|-heal|p2a: Suicune|230\/404|[from] item: Leftovers
|turn|22
|
|move|p1a: Czarina|Sludge Wave|p2a: Suicune
|-damage|p2a: Suicune|39\/404
|move|p2a: Suicune|Scald|p1a: Czarina
|-supereffective|p1a: Czarina
|-damage|p1a: Czarina|150\/360
|
|-heal|p2a: Suicune|64\/404|[from] item: Leftovers
|turn|23
|
|switch|p2a: Goodra|Goodra, F|198\/383
|move|p1a: Czarina|Earth Power|p2a: Goodra
|-damage|p2a: Goodra|111\/383
|
|turn|24
|
|move|p1a: Czarina|Ice Beam|p2a: Goodra
|-supereffective|p2a: Goodra
|-damage|p2a: Goodra|0 fnt
|faint|p2a: Goodra
|
|
|switch|p2a: Haxorus|Haxorus, F|293\/293
|-ability|p2a: Haxorus|Mold Breaker
|turn|25
|
|switch|p1a: Aquatarkus|Suicune|375\/399 tox
|-ability|p1a: Aquatarkus|Pressure
|move|p2a: Haxorus|Dragon Claw|p1a: Aquatarkus
|-damage|p1a: Aquatarkus|252\/399 tox
|
|-heal|p1a: Aquatarkus|276\/399 tox|[from] item: Leftovers
|-damage|p1a: Aquatarkus|252\/399 tox|[from] psn
|turn|26
|
|move|p2a: Haxorus|Dragon Claw|p1a: Aquatarkus
|-damage|p1a: Aquatarkus|143\/399 tox
|move|p1a: Aquatarkus|Ice Beam|p2a: Haxorus
|-supereffective|p2a: Haxorus
|-damage|p2a: Haxorus|107\/293
|
|-heal|p1a: Aquatarkus|167\/399 tox|[from] item: Leftovers
|-damage|p1a: Aquatarkus|119\/399 tox|[from] psn
|turn|27
|J|El-Soldier
|
|move|p2a: Haxorus|Dragon Claw|p1a: Aquatarkus
|-crit|p1a: Aquatarkus
|-damage|p1a: Aquatarkus|0 fnt
|faint|p1a: Aquatarkus
|
|
|switch|p1a: Spoon Waltz|Alakazam, F|274\/274
|turn|28
|
|switch|p2a: Donphan|Donphan, M|88\/384
|detailschange|p1a: Spoon Waltz|Alakazam-Mega, F
|-mega|p1a: Spoon Waltz|Alakazam|Alakazite
|-ability|p1a: Spoon Waltz|Sturdy|[from] ability: Trace|[of] p2a: Donphan
|move|p1a: Spoon Waltz|Psyshock|p2a: Donphan
|-damage|p2a: Donphan|0 fnt
|faint|p2a: Donphan
|
|
|switch|p2a: Mienshao|Mienshao, F|271\/271
|turn|29
|
|move|p2a: Mienshao|U-turn|p1a: Spoon Waltz
|-supereffective|p1a: Spoon Waltz
|-damage|p1a: Spoon Waltz|38\/274
|
|switch|p2a: Jirachi|Jirachi|328\/404
|move|p1a: Spoon Waltz|Shadow Ball|p2a: Jirachi
|-supereffective|p2a: Jirachi
|-damage|p2a: Jirachi|104\/404
|
|-heal|p2a: Jirachi|129\/404|[from] item: Leftovers
|turn|30
|
|move|p1a: Spoon Waltz|Shadow Ball|p2a: Jirachi
|-supereffective|p2a: Jirachi
|-damage|p2a: Jirachi|0 fnt
|faint|p2a: Jirachi
|
|
|switch|p2a: Mienshao|Mienshao, F|271\/271
|turn|31
|
|switch|p1a: Shadowplay|Umbreon, M|256\/390
|move|p2a: Mienshao|U-turn|p1a: Shadowplay
|-supereffective|p1a: Shadowplay
|-damage|p1a: Shadowplay|112\/390
|
|switch|p2a: Suicune|Suicune|64\/404
|-ability|p2a: Suicune|Pressure
|
|-heal|p2a: Suicune|89\/404|[from] item: Leftovers
|-heal|p1a: Shadowplay|136\/390|[from] item: Leftovers
|turn|32
|
|switch|p1a: Shoot Star|Jirachi|341\/341
|move|p2a: Suicune|Rest|p2a: Suicune
|-status|p2a: Suicune|slp
|-heal|p2a: Suicune|404\/404 slp|[silent]
|-status|p2a: Suicune|slp|[from] move: Rest
|
|turn|33
|
|move|p1a: Shoot Star|Trick|p2a: Suicune
|-activate|p1a: Shoot Star|move: Trick|[of] p2a: Suicune
|-item|p2a: Suicune|Choice Scarf|[from] move: Trick
|-item|p1a: Shoot Star|Leftovers|[from] move: Trick
|cant|p2a: Suicune|slp
|move|p2a: Suicune|Sleep Talk|p2a: Suicune
|move|p2a: Suicune|Scald|p1a: Shoot Star|[from]Sleep Talk
|-damage|p1a: Shoot Star|257\/341
|
|-heal|p1a: Shoot Star|278\/341|[from] item: Leftovers
|turn|34
|
|move|p1a: Shoot Star|Iron Head|p2a: Suicune
|-crit|p2a: Suicune
|-resisted|p2a: Suicune
|-damage|p2a: Suicune|341\/404 slp
|cant|p2a: Suicune|slp
|cant|p2a: Suicune|flinch
|
|-heal|p1a: Shoot Star|299\/341|[from] item: Leftovers
|turn|35
|
|switch|p2a: Mienshao|Mienshao, F|271\/271
|move|p1a: Shoot Star|Iron Head|p2a: Mienshao
|-damage|p2a: Mienshao|76\/271
|
|-heal|p1a: Shoot Star|320\/341|[from] item: Leftovers
|turn|36
|
|move|p2a: Mienshao|Knock Off|p1a: Shoot Star
|-supereffective|p1a: Shoot Star
|-damage|p1a: Shoot Star|104\/341
|-enditem|p1a: Shoot Star|Leftovers|[from] move: Knock Off|[of] p2a: Mienshao
|move|p1a: Shoot Star|Iron Head|p2a: Mienshao
|-damage|p2a: Mienshao|0 fnt
|faint|p2a: Mienshao
|
|
|switch|p2a: Haxorus|Haxorus, F|107\/293
|-ability|p2a: Haxorus|Mold Breaker
|turn|37
|
|move|p1a: Shoot Star|Iron Head|p2a: Haxorus
|-crit|p2a: Haxorus
|-damage|p2a: Haxorus|0 fnt
|faint|p2a: Haxorus
|
|c|âMarky B|shit
|
|switch|p2a: Suicune|Suicune|341\/404 slp
|-ability|p2a: Suicune|Pressure
|turn|38
|
|move|p1a: Shoot Star|Healing Wish|p1a: Shoot Star
|faint|p1a: Shoot Star
|-curestatus|p2a: Suicune|slp
|move|p2a: Suicune|Scald|p1: Shoot Star|[notarget]
|-notarget
|
|
|switch|p1a: Spoon Waltz|Alakazam-Mega, F|38\/274
|-heal|p1a: Spoon Waltz|274\/274|[from] move: Healing Wish
|-ability|p1a: Spoon Waltz|Pressure|[from] ability: Trace|[of] p2a: Suicune
|-ability|p1a: Spoon Waltz|Pressure
|turn|39
|
|move|p1a: Spoon Waltz|Psyshock|p2a: Suicune
|-damage|p2a: Suicune|223\/404
|move|p2a: Suicune|Scald|p1a: Spoon Waltz
|-damage|p1a: Spoon Waltz|187\/274
|
|turn|40
|
|move|p1a: Spoon Waltz|Psyshock|p2a: Suicune
|-damage|p2a: Suicune|112\/404
|move|p2a: Suicune|Scald|p1a: Spoon Waltz
|-damage|p1a: Spoon Waltz|91\/274
|
|turn|41
|
|move|p1a: Spoon Waltz|Psyshock|p2a: Suicune
|-damage|p2a: Suicune|0 fnt
|faint|p2a: Suicune
|
|win|Century Express
|c|âCentury Express|gg
|c|âMarky B|gg
|L|Marky B
|player|p2