|join|Marky B
|join|cjfromsanandreas
|player|p1|Marky B|264
|player|p2|cjfromsanandreas|101
|gametype|singles
|gen|6
|tier|UU
|rated
|rule|Sleep Clause Mod: Limit one foe put to sleep
|rule|Species Clause: Limit one of each PokÃ©mon
|rule|OHKO Clause: OHKO moves are banned
|rule|Moody Clause: Moody is banned
|rule|Evasion Moves Clause: Evasion moves are banned
|rule|Endless Battle Clause: Forcing endless battles is banned
|rule|HP Percentage Mod: HP is shown in percentages
|clearpoke
|poke|p1|Goodra, M
|poke|p1|Donphan, M
|poke|p1|Mienshao, F
|poke|p1|Jirachi
|poke|p1|Suicune
|poke|p1|Sceptile, M
|poke|p2|Ambipom, M
|poke|p2|Tangrowth, F
|poke|p2|Jolteon, M
|poke|p2|Weezing, M
|poke|p2|Absol, M
|poke|p2|Sandslash, M
|rule|Swagger Clause: Swagger is banned
|rule|Baton Pass Clause: Limit one PokÃ©mon knowing Baton Pass
|teampreview
|
|start
|switch|p1a: Mienshao|Mienshao, F|271\/271
|switch|p2a: Jolteon|Jolteon, M|271\/271
|turn|1
|
|move|p1a: Mienshao|Knock Off|p2a: Jolteon
|-damage|p2a: Jolteon|136\/271
|-enditem|p2a: Jolteon|Leftovers|[from] move: Knock Off|[of] p1a: Mienshao
|move|p2a: Jolteon|Substitute|p2a: Jolteon
|-start|p2a: Jolteon|Substitute
|-damage|p2a: Jolteon|69\/271
|
|turn|2
|
|switch|p1a: Goodra|Goodra, M|383\/383
|move|p2a: Jolteon|Agility|p2a: Jolteon
|-boost|p2a: Jolteon|spe|2
|
|turn|3
|
|move|p2a: Jolteon|Charge Beam|p1a: Goodra
|-resisted|p1a: Goodra
|-damage|p1a: Goodra|369\/383
|-boost|p2a: Jolteon|spa|1
|move|p1a: Goodra|Dragon Pulse|p2a: Jolteon
|-end|p2a: Jolteon|Substitute
|
|turn|4
|
|move|p2a: Jolteon|Baton Pass|p2a: Jolteon
|
|switch|p2a: Tangrowth|Tangrowth, F|390\/390
|move|p1a: Goodra|Dragon Pulse|p2a: Tangrowth
|-damage|p2a: Tangrowth|164\/390
|
|turn|5
|
|move|p2a: Tangrowth|Hidden Power|p1a: Goodra
|-supereffective|p1a: Goodra
|-damage|p1a: Goodra|291\/383
|move|p1a: Goodra|Dragon Pulse|p2a: Tangrowth
|-damage|p2a: Tangrowth|0 fnt
|faint|p2a: Tangrowth
|
|
|switch|p2a: Absol|Absol, M|316\/316
|turn|6
|
|move|p2a: Absol|Night Slash|p1a: Goodra
|-crit|p1a: Goodra
|-damage|p1a: Goodra|0 fnt
|-unboost|p2a: Absol|spe|1
|-damage|p2a: Absol|285\/316|[from] item: Life Orb
|faint|p1a: Goodra
|
|
|switch|p1a: Donphan|Donphan, M|384\/384
|turn|7
|
|switch|p2a: Weezing|Weezing, M|271\/271
|move|p1a: Donphan|Stealth Rock|p2a: Weezing
|-sidestart|p2: cjfromsanandreas|move: Stealth Rock
|
|turn|8
|
|move|p2a: Weezing|Sludge Wave|p1a: Donphan
|-resisted|p1a: Donphan
|-damage|p1a: Donphan|309\/384
|move|p1a: Donphan|Knock Off|p2a: Weezing
|-damage|p2a: Weezing|198\/271
|-enditem|p2a: Weezing|Black Sludge|[from] move: Knock Off|[of] p1a: Donphan
|
|-heal|p1a: Donphan|333\/384|[from] item: Leftovers
|turn|9
|
|switch|p1a: Suicune|Suicune|404\/404
|-ability|p1a: Suicune|Pressure
|move|p2a: Weezing|Flamethrower|p1a: Suicune
|-crit|p1a: Suicune
|-resisted|p1a: Suicune
|-damage|p1a: Suicune|360\/404
|
|-heal|p1a: Suicune|385\/404|[from] item: Leftovers
|turn|10
|
|move|p1a: Suicune|Calm Mind|p1a: Suicune
|-boost|p1a: Suicune|spa|1
|-boost|p1a: Suicune|spd|1
|move|p2a: Weezing|Pain Split|p1a: Suicune
|-sethp|p1a: Suicune|291\/404|p2a: Weezing|271\/271|[from] move: Pain Split
|
|-heal|p1a: Suicune|316\/404|[from] item: Leftovers
|turn|11
|
|move|p1a: Suicune|Scald|p2a: Weezing
|-damage|p2a: Weezing|162\/271
|move|p2a: Weezing|Thunderbolt|p1a: Suicune
|-supereffective|p1a: Suicune
|-damage|p1a: Suicune|234\/404
|-status|p1a: Suicune|par
|
|-heal|p1a: Suicune|259\/404 par|[from] item: Leftovers
|turn|12
|
|move|p2a: Weezing|Thunderbolt|p1a: Suicune
|-supereffective|p1a: Suicune
|-damage|p1a: Suicune|173\/404 par
|move|p1a: Suicune|Calm Mind|p1a: Suicune
|-boost|p1a: Suicune|spa|1
|-boost|p1a: Suicune|spd|1
|
|-heal|p1a: Suicune|198\/404 par|[from] item: Leftovers
|turn|13
|
|move|p2a: Weezing|Thunderbolt|p1a: Suicune
|-supereffective|p1a: Suicune
|-damage|p1a: Suicune|134\/404 par
|move|p1a: Suicune|Rest|p1a: Suicune
|-status|p1a: Suicune|slp
|-heal|p1a: Suicune|404\/404 slp|[silent]
|-status|p1a: Suicune|slp|[from] move: Rest
|
|turn|14
|
|switch|p2a: Ambipom|Ambipom, M|291\/291
|-damage|p2a: Ambipom|255\/291|[from] Stealth Rock
|cant|p1a: Suicune|slp
|move|p1a: Suicune|Sleep Talk|p1a: Suicune
|move|p1a: Suicune|Calm Mind|p1a: Suicune|[from]Sleep Talk
|-boost|p1a: Suicune|spa|1
|-boost|p1a: Suicune|spd|1
|
|turn|15
|
|move|p2a: Ambipom|Double Hit|p1a: Suicune
|-damage|p1a: Suicune|352\/404 slp
|-damage|p1a: Suicune|304\/404 slp
|-hitcount|p1a: Suicune|2
|cant|p1a: Suicune|slp
|move|p1a: Suicune|Sleep Talk|p1a: Suicune
|move|p1a: Suicune|Calm Mind|p1a: Suicune|[from]Sleep Talk
|-boost|p1a: Suicune|spa|1
|-boost|p1a: Suicune|spd|1
|
|-heal|p1a: Suicune|329\/404 slp|[from] item: Leftovers
|turn|16
|
|move|p2a: Ambipom|Double Hit|p1a: Suicune
|-damage|p1a: Suicune|281\/404 slp
|-damage|p1a: Suicune|224\/404 slp
|-hitcount|p1a: Suicune|2
|-curestatus|p1a: Suicune|slp
|move|p1a: Suicune|Scald|p2a: Ambipom
|-damage|p2a: Ambipom|0 fnt
|faint|p2a: Ambipom
|
|-heal|p1a: Suicune|249\/404|[from] item: Leftovers
|
|switch|p2a: Absol|Absol, M|285\/316
|-damage|p2a: Absol|246\/316|[from] Stealth Rock
|turn|17
|
|move|p1a: Suicune|Scald|p2a: Absol
|-damage|p2a: Absol|0 fnt
|faint|p2a: Absol
|
|-heal|p1a: Suicune|274\/404|[from] item: Leftovers
|-message|cjfromsanandreas forfeited.
|
|win|Marky B
|raw|Ladder updating...
|leave|cjfromsanandreas
|player|p2