|join|Marky B
|join|potemon2
|player|p1|Marky B|264
|player|p2|potemon2|169
|gametype|singles
|gen|6
|tier|UU
|rated
|rule|Sleep Clause Mod: Limit one foe put to sleep
|rule|Species Clause: Limit one of each PokÃ©mon
|rule|OHKO Clause: OHKO moves are banned
|rule|Moody Clause: Moody is banned
|rule|Evasion Moves Clause: Evasion moves are banned
|rule|Endless Battle Clause: Forcing endless battles is banned
|rule|HP Percentage Mod: HP is shown in percentages
|clearpoke
|poke|p1|Goodra, M
|poke|p1|Donphan, M
|poke|p1|Mienshao, M
|poke|p1|Jirachi
|poke|p1|Suicune
|poke|p1|Sceptile, M
|poke|p2|Beedrill, M
|poke|p2|Chandelure, F
|poke|p2|Jolteon, M
|poke|p2|Krookodile, M
|poke|p2|Flygon, F
|poke|p2|Roserade, F
|rule|Swagger Clause: Swagger is banned
|rule|Baton Pass Clause: Limit one PokÃ©mon knowing Baton Pass
|teampreview
|
|start
|switch|p1a: Donphan|Donphan, M|384\/384
|switch|p2a: Chandelure|Chandelure, F|261\/261
|turn|1
|
|switch|p1a: Goodra|Goodra, M|383\/383
|move|p2a: Chandelure|Trick|p1a: Goodra
|-activate|p2a: Chandelure|move: Trick|[of] p1a: Goodra
|-item|p1a: Goodra|Choice Scarf|[from] move: Trick
|-item|p2a: Chandelure|Assault Vest|[from] move: Trick
|
|turn|2
|
|move|p2a: Chandelure|Hidden Power|p1a: Goodra
|-supereffective|p1a: Goodra
|-damage|p1a: Goodra|267\/383
|move|p1a: Goodra|Dragon Pulse|p2a: Chandelure
|-damage|p2a: Chandelure|158\/261
|
|turn|3
|
|switch|p2a: Beedrill|Beedrill, M|272\/272
|move|p1a: Goodra|Dragon Pulse|p2a: Beedrill
|-damage|p2a: Beedrill|109\/272
|
|turn|4
|
|detailschange|p2a: Beedrill|Beedrill-Mega, M
|message|Beedrill has Mega Evolved into Mega Beedrill!
|move|p2a: Beedrill|Protect|p2a: Beedrill
|-singleturn|p2a: Beedrill|Protect
|move|p1a: Goodra|Dragon Pulse|p2a: Beedrill
|-activate|p2a: Beedrill|Protect
|
|turn|5
|
|move|p2a: Beedrill|Poison Jab|p1a: Goodra
|-damage|p1a: Goodra|21\/383
|-unboost|p2a: Beedrill|spe|1
|move|p1a: Goodra|Dragon Pulse|p2a: Beedrill
|-damage|p2a: Beedrill|0 fnt
|faint|p2a: Beedrill
|
|
|switch|p2a: Flygon|Flygon, F|301\/301
|turn|6
|
|move|p2a: Flygon|U-turn|p1a: Goodra
|-damage|p1a: Goodra|0 fnt
|-unboost|p2a: Flygon|spe|1
|faint|p1a: Goodra
|
|switch|p2a: Jolteon|Jolteon, M|272\/272
|
|
|switch|p1a: Donphan|Donphan, M|384\/384
|turn|7
|
|switch|p2a: Roserade|Roserade, F|324\/324
|move|p1a: Donphan|Stealth Rock|p2a: Roserade
|-sidestart|p2: potemon2|move: Stealth Rock
|
|turn|8
|
|switch|p1a: Jirachi|Jirachi|404\/404
|move|p2a: Roserade|Toxic|p1a: Jirachi
|-fail|p1a: Jirachi
|
|turn|9
|
|move|p1a: Jirachi|Substitute|p1a: Jirachi
|-start|p1a: Jirachi|Substitute
|-damage|p1a: Jirachi|303\/404
|move|p2a: Roserade|Leech Seed|p1a: Jirachi
|
|-heal|p1a: Jirachi|328\/404|[from] item: Leftovers
|turn|10
|
|switch|p2a: Krookodile|Krookodile, M|394\/394
|-damage|p2a: Krookodile|370\/394|[from] Stealth Rock
|-activate|p1a: Jirachi|Substitute|ability: Intimidate|[of] p2a: Krookodile
|move|p1a: Jirachi|Iron Head|p2a: Krookodile
|-damage|p2a: Krookodile|232\/394
|
|-heal|p1a: Jirachi|353\/404|[from] item: Leftovers
|turn|11
|
|move|p1a: Jirachi|Iron Head|p2a: Krookodile
|-damage|p2a: Krookodile|109\/394
|move|p2a: Krookodile|Knock Off|p1a: Jirachi
|-supereffective|p1a: Jirachi
|-end|p1a: Jirachi|Substitute
|
|-heal|p1a: Jirachi|378\/404|[from] item: Leftovers
|turn|12
|
|switch|p2a: Flygon|Flygon, F|301\/301
|-damage|p2a: Flygon|283\/301|[from] Stealth Rock
|move|p1a: Jirachi|Iron Head|p2a: Flygon
|-damage|p2a: Flygon|151\/301
|
|-heal|p1a: Jirachi|403\/404|[from] item: Leftovers
|turn|13
|
|switch|p1a: Suicune|Suicune|404\/404
|-ability|p1a: Suicune|Pressure
|move|p2a: Flygon|Fire Punch|p1a: Suicune
|-resisted|p1a: Suicune
|-damage|p1a: Suicune|381\/404
|
|-heal|p1a: Suicune|404\/404|[from] item: Leftovers
|turn|14
|
|switch|p2a: Roserade|Roserade, F|324\/324
|-damage|p2a: Roserade|284\/324|[from] Stealth Rock
|switch|p1a: Jirachi|Jirachi|403\/404
|
|-heal|p1a: Jirachi|404\/404|[from] item: Leftovers
|-heal|p2a: Roserade|304\/324|[from] item: Black Sludge
|turn|15
|
|switch|p2a: Chandelure|Chandelure, F|158\/261
|-damage|p2a: Chandelure|93\/261|[from] Stealth Rock
|move|p1a: Jirachi|Substitute|p1a: Jirachi
|-start|p1a: Jirachi|Substitute
|-damage|p1a: Jirachi|303\/404
|
|-heal|p1a: Jirachi|328\/404|[from] item: Leftovers
|turn|16
|
|move|p1a: Jirachi|Iron Head|p2a: Chandelure
|-resisted|p2a: Chandelure
|-damage|p2a: Chandelure|35\/261
|move|p2a: Chandelure|Shadow Ball|p1a: Jirachi
|-supereffective|p1a: Jirachi
|-end|p1a: Jirachi|Substitute
|
|-heal|p1a: Jirachi|353\/404|[from] item: Leftovers
|turn|17
|
|move|p1a: Jirachi|Iron Head|p2a: Chandelure
|-crit|p2a: Chandelure
|-resisted|p2a: Chandelure
|-damage|p2a: Chandelure|0 fnt
|faint|p2a: Chandelure
|
|-heal|p1a: Jirachi|378\/404|[from] item: Leftovers
|
|switch|p2a: Jolteon|Jolteon, M|272\/272
|-damage|p2a: Jolteon|238\/272|[from] Stealth Rock
|turn|18
|
|move|p2a: Jolteon|Signal Beam|p1a: Jirachi
|-damage|p1a: Jirachi|257\/404
|-start|p1a: Jirachi|confusion
|-activate|p1a: Jirachi|confusion
|move|p1a: Jirachi|Toxic|p2a: Jolteon
|-status|p2a: Jolteon|tox
|
|-heal|p1a: Jirachi|282\/404|[from] item: Leftovers
|-damage|p2a: Jolteon|221\/272 tox|[from] psn
|turn|19
|
|switch|p2a: Roserade|Roserade, F|304\/324
|-damage|p2a: Roserade|264\/324|[from] Stealth Rock
|switch|p1a: Donphan|Donphan, M|384\/384
|
|-heal|p2a: Roserade|284\/324|[from] item: Black Sludge
|turn|20
|
|move|p2a: Roserade|Leech Seed|p1a: Donphan
|-start|p1a: Donphan|move: Leech Seed
|move|p1a: Donphan|Knock Off|p2a: Roserade
|-damage|p2a: Roserade|149\/324
|-enditem|p2a: Roserade|Black Sludge|[from] move: Knock Off|[of] p1a: Donphan
|
|-damage|p1a: Donphan|336\/384|[from] Leech Seed|[of] p2a: Roserade
|-heal|p2a: Roserade|197\/324|[silent]
|turn|21
|
|switch|p1a: Sceptile|Sceptile, M|281\/281
|move|p2a: Roserade|Giga Drain|p1a: Sceptile
|-resisted|p1a: Sceptile
|-damage|p1a: Sceptile|221\/281
|-heal|p2a: Roserade|227\/324|[from] drain|[of] p1a: Sceptile
|
|turn|22
|
|detailschange|p1a: Sceptile|Sceptile-Mega, M
|message|Sceptile has Mega Evolved into Mega Sceptile!
|move|p1a: Sceptile|Dragon Pulse|p2a: Roserade
|-damage|p2a: Roserade|112\/324
|move|p2a: Roserade|Toxic|p1a: Sceptile
|-status|p1a: Sceptile|tox
|
|-damage|p1a: Sceptile|204\/281 tox|[from] psn
|turn|23
|
|move|p1a: Sceptile|Dragon Pulse|p2a: Roserade
|-damage|p2a: Roserade|3\/324
|move|p2a: Roserade|Rest|p2a: Roserade
|-status|p2a: Roserade|slp
|-heal|p2a: Roserade|324\/324 slp|[silent]
|-status|p2a: Roserade|slp|[from] move: Rest
|
|-damage|p1a: Sceptile|170\/281 tox|[from] psn
|turn|24
|
|switch|p1a: Jirachi|Jirachi|282\/404
|switch|p2a: Krookodile|Krookodile, M|109\/394
|-damage|p2a: Krookodile|85\/394|[from] Stealth Rock
|-ability|p2a: Krookodile|Intimidate|[of] p1a: Jirachi
|-unboost|p1a: Jirachi|atk|1
|
|-heal|p1a: Jirachi|307\/404|[from] item: Leftovers
|turn|25
|
|move|p1a: Jirachi|Iron Head|p2a: Krookodile
|-damage|p2a: Krookodile|0 fnt
|faint|p2a: Krookodile
|
|-heal|p1a: Jirachi|332\/404|[from] item: Leftovers
|
|switch|p2a: Jolteon|Jolteon, M|221\/272 tox
|-damage|p2a: Jolteon|187\/272 tox|[from] Stealth Rock
|turn|26
|
|switch|p1a: Sceptile|Sceptile-Mega, M|170\/281 tox
|move|p2a: Jolteon|Volt Switch|p1a: Sceptile
|-boost|p1a: Sceptile|spa|1|[from] ability: Lightning Rod
|
|-damage|p1a: Sceptile|153\/281 tox|[from] psn
|-damage|p2a: Jolteon|170\/272 tox|[from] psn
|turn|27
|
|switch|p2a: Flygon|Flygon, F|151\/301
|-damage|p2a: Flygon|133\/301|[from] Stealth Rock
|move|p1a: Sceptile|Dragon Pulse|p2a: Flygon
|-supereffective|p2a: Flygon
|-damage|p2a: Flygon|0 fnt
|faint|p2a: Flygon
|
|-damage|p1a: Sceptile|119\/281 tox|[from] psn
|
|switch|p2a: Jolteon|Jolteon, M|170\/272 tox
|-damage|p2a: Jolteon|136\/272 tox|[from] Stealth Rock
|turn|28
|
|move|p1a: Sceptile|Dragon Pulse|p2a: Jolteon
|-damage|p2a: Jolteon|0 fnt
|faint|p2a: Jolteon
|
|-damage|p1a: Sceptile|68\/281 tox|[from] psn
|
|switch|p2a: Roserade|Roserade, F|324\/324
|-damage|p2a: Roserade|284\/324|[from] Stealth Rock
|turn|29
|
|move|p1a: Sceptile|Dragon Pulse|p2a: Roserade
|-damage|p2a: Roserade|124\/324
|move|p2a: Roserade|Giga Drain|p1a: Sceptile
|-resisted|p1a: Sceptile
|-damage|p1a: Sceptile|40\/281 tox
|-heal|p2a: Roserade|138\/324|[from] drain|[of] p1a: Sceptile
|
|-damage|p1a: Sceptile|0 fnt|[from] psn
|faint|p1a: Sceptile
|
|switch|p1a: Jirachi|Jirachi|332\/404
|turn|30
|
|move|p1a: Jirachi|Fire Punch|p2a: Roserade
|-supereffective|p2a: Roserade
|-damage|p2a: Roserade|0 fnt
|faint|p2a: Roserade
|
|win|Marky B
|raw|Ladder updating...