|join|Marky B
|join|Calloflochie
|player|p1|Marky B|264
|player|p2|Calloflochie|275
|gametype|singles
|gen|6
|tier|UU
|rated
|rule|Sleep Clause Mod: Limit one foe put to sleep
|rule|Species Clause: Limit one of each PokÃ©mon
|rule|OHKO Clause: OHKO moves are banned
|rule|Moody Clause: Moody is banned
|rule|Evasion Moves Clause: Evasion moves are banned
|rule|Endless Battle Clause: Forcing endless battles is banned
|rule|HP Percentage Mod: HP is shown in percentages
|clearpoke
|poke|p1|Goodra, M
|poke|p1|Donphan, M
|poke|p1|Mienshao, F
|poke|p1|Jirachi
|poke|p1|Suicune
|poke|p1|Haxorus, M
|poke|p2|Chandelure, M
|poke|p2|Glalie, M
|poke|p2|Azelf
|poke|p2|Zygarde
|poke|p2|Lucario, M
|poke|p2|Hydreigon, F
|rule|Swagger Clause: Swagger is banned
|rule|Baton Pass Clause: Limit one PokÃ©mon knowing Baton Pass
|teampreview
|c|âMarky B|gl brah
|
|start
|switch|p1a: Mienshao|Mienshao, F|271\/271
|switch|p2a: Azelf|Azelf|291\/291
|turn|1
|
|move|p1a: Mienshao|U-turn|p2a: Azelf
|-supereffective|p2a: Azelf
|-damage|p2a: Azelf|63\/291
|
|switch|p1a: Goodra|Goodra, M|383\/383
|move|p2a: Azelf|Stealth Rock|p1a: Goodra
|-sidestart|p1: Marky B|move: Stealth Rock
|
|turn|2
|
|move|p2a: Azelf|Explosion|p1a: Goodra
|-damage|p1a: Goodra|95\/383
|faint|p2a: Azelf
|move|p1a: Goodra|Dragon Pulse|p2: Azelf|[notarget]
|-notarget
|
|
|switch|p2a: Chandelure|Chandelure, M|261\/261
|turn|3
|
|move|p2a: Chandelure|Shadow Ball|p1a: Goodra
|-damage|p1a: Goodra|0 fnt
|faint|p1a: Goodra
|
|
|switch|p1a: Mienshao|Mienshao, F|271\/271
|-damage|p1a: Mienshao|255\/271|[from] Stealth Rock
|turn|4
|
|switch|p2a: Lucario|Lucario, M|281\/281
|move|p1a: Mienshao|Stone Edge|p2a: Lucario
|-resisted|p2a: Lucario
|-damage|p2a: Lucario|240\/281
|
|turn|5
|
|switch|p1a: Donphan|Donphan, M|384\/384
|-damage|p1a: Donphan|360\/384|[from] Stealth Rock
|move|p2a: Lucario|Nasty Plot|p2a: Lucario
|-boost|p2a: Lucario|spa|2
|
|-heal|p1a: Donphan|384\/384|[from] item: Leftovers
|turn|6
|
|move|p2a: Lucario|Aura Sphere|p1a: Donphan
|-activate|p1a: Donphan|Sturdy
|-damage|p1a: Donphan|1\/384
|-damage|p2a: Lucario|212\/281|[from] item: Life Orb
|move|p1a: Donphan|Earthquake|p2a: Lucario
|-supereffective|p2a: Lucario
|-damage|p2a: Lucario|0 fnt
|faint|p2a: Lucario
|
|-heal|p1a: Donphan|25\/384|[from] item: Leftovers
|
|switch|p2a: Zygarde|Zygarde|357\/357
|-ability|p2a: Zygarde|Aura Break
|turn|7
|
|switch|p1a: Suicune|Suicune|404\/404
|-damage|p1a: Suicune|354\/404|[from] Stealth Rock
|-ability|p1a: Suicune|Pressure
|move|p2a: Zygarde|Extreme Speed|p1a: Suicune
|-damage|p1a: Suicune|275\/404
|-damage|p2a: Zygarde|322\/357|[from] item: Life Orb
|
|-heal|p1a: Suicune|300\/404|[from] item: Leftovers
|turn|8
|
|move|p2a: Zygarde|Dragon Dance|p2a: Zygarde
|-boost|p2a: Zygarde|atk|1
|-boost|p2a: Zygarde|spe|1
|move|p1a: Suicune|Scald|p2a: Zygarde
|-damage|p2a: Zygarde|226\/357
|
|-heal|p1a: Suicune|325\/404|[from] item: Leftovers
|turn|9
|
|move|p2a: Zygarde|Outrage|p1a: Suicune
|-damage|p1a: Suicune|72\/404
|-damage|p2a: Zygarde|191\/357|[from] item: Life Orb
|move|p1a: Suicune|Calm Mind|p1a: Suicune
|-boost|p1a: Suicune|spa|1
|-boost|p1a: Suicune|spd|1
|
|-heal|p1a: Suicune|97\/404|[from] item: Leftovers
|turn|10
|
|move|p2a: Zygarde|Outrage|p1a: Suicune
|-damage|p1a: Suicune|0 fnt
|-damage|p2a: Zygarde|156\/357|[from] item: Life Orb
|faint|p1a: Suicune
|
|-end|p2a: Zygarde|rampage
|-start|p2a: Zygarde|confusion
|
|switch|p1a: Mienshao|Mienshao, F|255\/271
|-damage|p1a: Mienshao|239\/271|[from] Stealth Rock
|turn|11
|
|move|p1a: Mienshao|High Jump Kick|p2a: Zygarde|[miss]
|-miss|p1a: Mienshao|p2a: Zygarde
|-damage|p1a: Mienshao|104\/271|[from] highjumpkick
|-activate|p2a: Zygarde|confusion
|move|p2a: Zygarde|Outrage|p1a: Mienshao
|-crit|p1a: Mienshao
|-damage|p1a: Mienshao|0 fnt
|-damage|p2a: Zygarde|121\/357|[from] item: Life Orb
|faint|p1a: Mienshao
|
|c|âMarky B|thats game
|c|âCalloflochie|yooo
|c|âMarky B|damn
|
|switch|p1a: Jirachi|Jirachi|404\/404
|-damage|p1a: Jirachi|379\/404|[from] Stealth Rock
|turn|12
|
|-activate|p2a: Zygarde|confusion
|-damage|p2a: Zygarde|48\/357|[from] confusion
|move|p1a: Jirachi|Iron Head|p2a: Zygarde
|-damage|p2a: Zygarde|0 fnt
|faint|p2a: Zygarde
|
|-heal|p1a: Jirachi|404\/404|[from] item: Leftovers
|
|switch|p2a: Chandelure|Chandelure, M|261\/261
|turn|13
|
|switch|p1a: Donphan|Donphan, M|25\/384
|-damage|p1a: Donphan|1\/384|[from] Stealth Rock
|move|p2a: Chandelure|Shadow Ball|p1a: Donphan
|-damage|p1a: Donphan|0 fnt
|faint|p1a: Donphan
|
|c|âMarky B|specs too strong
|
|switch|p1a: Haxorus|Haxorus, M|293\/293
|-damage|p1a: Haxorus|257\/293|[from] Stealth Rock
|-ability|p1a: Haxorus|Mold Breaker
|turn|14
|c|âMarky B|crit plz
|
|move|p1a: Haxorus|Earthquake|p2a: Chandelure
|-supereffective|p2a: Chandelure
|-damage|p2a: Chandelure|0 fnt
|faint|p2a: Chandelure
|
|
|switch|p2a: Glalie|Glalie, M|301\/301
|turn|15
|c|âMarky B|nb
|c|âCalloflochie|oh wait
|c|âCalloflochie|am i retadded
|c|âMarky B|nah dont think so
|
|detailschange|p2a: Glalie|Glalie-Mega, M
|message|Glalie has Mega Evolved into Mega Glalie!
|move|p1a: Haxorus|Dragon Dance|p1a: Haxorus
|-boost|p1a: Haxorus|atk|1
|-boost|p1a: Haxorus|spe|1
|move|p2a: Glalie|Double-Edge|p1a: Haxorus
|-supereffective|p1a: Haxorus
|-damage|p1a: Haxorus|0 fnt
|-damage|p2a: Glalie|216\/301|[from] recoil|[of] p1a: Haxorus
|faint|p1a: Haxorus
|
|
|switch|p1a: Jirachi|Jirachi|404\/404
|-damage|p1a: Jirachi|379\/404|[from] Stealth Rock
|turn|16
|
|move|p2a: Glalie|Earthquake|p1a: Jirachi
|-supereffective|p1a: Jirachi
|-damage|p1a: Jirachi|149\/404
|move|p1a: Jirachi|Fire Punch|p2a: Glalie
|-supereffective|p2a: Glalie
|-damage|p2a: Glalie|62\/301
|
|-heal|p1a: Jirachi|174\/404|[from] item: Leftovers
|turn|17
|c|âCalloflochie|gg
|c|âMarky B|wait why did i click fp lol
|c|âMarky B|gg
|
|move|p2a: Glalie|Earthquake|p1a: Jirachi
|-crit|p1a: Jirachi
|-supereffective|p1a: Jirachi
|-damage|p1a: Jirachi|0 fnt
|faint|p1a: Jirachi
|
|win|Calloflochie
|raw|Ladder updating...
|raw|Marky B's rating: 1502 &rarr; <strong>1481<\/strong><br \/>(-21 for losing)
|raw|Calloflochie's rating: 1497 &rarr; <strong>1517<\/strong><br \/>(+20 for winning)
|c|âMarky B|you in spl this year broa?
|leave|Calloflochie
|player|p2