|join|AltUniverse
|join|Marky B
|player|p1|AltUniverse|80
|player|p2|Marky B|101
|gametype|singles
|gen|6
|tier|UU
|rated
|clearpoke
|poke|p1|Cinccino, M
|poke|p1|Aerodactyl, F
|poke|p1|Typhlosion, M
|poke|p1|Mew
|poke|p1|Tauros, M
|poke|p1|Blastoise, M
|poke|p2|Machamp, M
|poke|p2|Malamar, M
|poke|p2|Florges, F
|poke|p2|Tentacruel, M
|poke|p2|Rotom-Heat
|poke|p2|Aerodactyl, M
|rule|Sleep Clause Mod: Limit one foe put to sleep
|rule|Species Clause: Limit one of each Pokemon
|rule|OHKO Clause: OHKO moves are banned
|rule|Moody Clause: Moody is banned
|rule|Evasion Moves Clause: Evasion moves are banned
|rule|Endless Battle Clause: Forcing endless battles is banned.
|rule|HP Percentage Mod: HP is reported as percentages
|teampreview
|
|start
|switch|p1a: Typhlosion|Typhlosion, M|298\/298
|switch|p2a: Aerodactyl|Aerodactyl, M|301\/301
|turn|1
|
|switch|p1a: Tauros|Tauros, M|292\/292
|-formechange|p2a: Aerodactyl|Aerodactyl-Mega
|message|Aerodactyl has Mega Evolved into Mega Aerodactyl!
|move|p2a: Aerodactyl|Stone Edge|p1a: Tauros
|-damage|p1a: Tauros|84\/292
|
|turn|2
|
|move|p2a: Aerodactyl|Stealth Rock|p1a: Tauros
|-sidestart|p1: AltUniverse|move: Stealth Rock
|move|p1a: Tauros|Pursuit|p2a: Aerodactyl
|-damage|p2a: Aerodactyl|257\/301
|
|turn|3
|
|move|p2a: Aerodactyl|Earthquake|p1a: Tauros
|-damage|p1a: Tauros|0 fnt
|faint|p1a: Tauros
|
|
|switch|p1a: Blastoise|Blastoise, M|362\/362
|-damage|p1a: Blastoise|317\/362|[from] Stealth Rock
|turn|4
|
|switch|p2a: Tentacruel|Tentacruel, M|364\/364
|move|p1a: Blastoise|Rapid Spin|p2a: Tentacruel
|-damage|p2a: Tentacruel|350\/364
|-sideend|p1: AltUniverse|Stealth Rock|[from] move: Rapid Spin|[of] p1a: Blastoise
|
|-heal|p2a: Tentacruel|364\/364|[from] item: Black Sludge
|-heal|p1a: Blastoise|339\/362|[from] item: Leftovers
|turn|5
|
|move|p2a: Tentacruel|Toxic Spikes|p1a: Blastoise
|-sidestart|p1: AltUniverse|move: Toxic Spikes
|move|p1a: Blastoise|Ice Beam|p2a: Tentacruel
|-resisted|p2a: Tentacruel
|-damage|p2a: Tentacruel|332\/364
|
|-heal|p2a: Tentacruel|354\/364|[from] item: Black Sludge
|-heal|p1a: Blastoise|361\/362|[from] item: Leftovers
|turn|6
|
|switch|p2a: Rotom-Heat|Rotom-Heat|241\/241
|move|p1a: Blastoise|Rapid Spin|p2a: Rotom-Heat
|-damage|p2a: Rotom-Heat|228\/241
|-sideend|p1: AltUniverse|Toxic Spikes|[from] move: Rapid Spin|[of] p1a: Blastoise
|
|-heal|p1a: Blastoise|362\/362|[from] item: Leftovers
|turn|7
|
|move|p2a: Rotom-Heat|Volt Switch|p1a: Blastoise
|-supereffective|p1a: Blastoise
|-damage|p1a: Blastoise|12\/362
|
|switch|p2a: Tentacruel|Tentacruel, M|354\/364
|move|p1a: Blastoise|Scald|p2a: Tentacruel
|-resisted|p2a: Tentacruel
|-damage|p2a: Tentacruel|291\/364
|
|-heal|p2a: Tentacruel|313\/364|[from] item: Black Sludge
|-heal|p1a: Blastoise|34\/362|[from] item: Leftovers
|turn|8
|
|move|p2a: Tentacruel|Scald|p1a: Blastoise
|-resisted|p1a: Blastoise
|-damage|p1a: Blastoise|0 fnt
|faint|p1a: Blastoise
|
|-heal|p2a: Tentacruel|335\/364|[from] item: Black Sludge
|
|switch|p1a: Mew|Mew|404\/404
|turn|9
|
|switch|p2a: Malamar|Malamar, M|313\/313
|move|p1a: Mew|Swords Dance|p1a: Mew
|-boost|p1a: Mew|atk|2
|
|turn|10
|
|move|p2a: Malamar|Night Slash|p1a: Mew
|-supereffective|p1a: Mew
|-damage|p1a: Mew|218\/404
|move|p1a: Mew|Earthquake|p2a: Malamar
|-damage|p2a: Malamar|63\/313
|
|turn|11
|
|move|p2a: Malamar|Night Slash|p1a: Mew
|-supereffective|p1a: Mew
|-damage|p1a: Mew|24\/404
|move|p1a: Mew|Soft-Boiled|p1a: Mew
|-heal|p1a: Mew|226\/404
|
|turn|12
|
|move|p1a: Mew|Sucker Punch|p2a: Malamar
|-damage|p2a: Malamar|0 fnt
|faint|p2a: Malamar
|
|
|switch|p2a: Aerodactyl|Aerodactyl, M|257\/301
|-formechange|p2a: Aerodactyl|Aerodactyl-Mega
|turn|13
|
|move|p1a: Mew|Sucker Punch|p2a: Aerodactyl
|-damage|p2a: Aerodactyl|63\/301
|move|p2a: Aerodactyl|Earthquake|p1a: Mew
|-damage|p1a: Mew|100\/404
|
|turn|14
|
|switch|p2a: Florges|Florges, F|355\/355
|move|p1a: Mew|Soft-Boiled|p1a: Mew
|-heal|p1a: Mew|302\/404
|
|turn|15
|
|move|p1a: Mew|Swords Dance|p1a: Mew
|-boost|p1a: Mew|atk|2
|move|p2a: Florges|Moonblast|p1a: Mew
|-damage|p1a: Mew|185\/404
|
|turn|16
|
|move|p1a: Mew|Soft-Boiled|p1a: Mew
|-heal|p1a: Mew|387\/404
|move|p2a: Florges|Moonblast|p1a: Mew
|-damage|p1a: Mew|269\/404
|
|turn|17
|
|move|p1a: Mew|Swords Dance|p1a: Mew
|-boost|p1a: Mew|atk|2
|move|p2a: Florges|Wish|p2a: Florges
|
|turn|18
|
|move|p1a: Mew|Earthquake|p2a: Florges
|-damage|p2a: Florges|0 fnt
|faint|p2a: Florges
|
|
|switch|p2a: Machamp|Machamp, M|377\/377
|turn|19
|
|move|p1a: Mew|Earthquake|p2a: Machamp
|-damage|p2a: Machamp|0 fnt
|faint|p2a: Machamp
|
|
|switch|p2a: Rotom-Heat|Rotom-Heat|228\/241
|turn|20
|
|move|p1a: Mew|Sucker Punch|p2a: Rotom-Heat
|-fail|p2a: Rotom-Heat
|move|p2a: Rotom-Heat|Trick|p1a: Mew
|-activate|p2a: Rotom-Heat|move: Trick|[of] p1a: Mew
|-item|p1a: Mew|Choice Specs|[from] move: Trick
|-item|p2a: Rotom-Heat|Lum Berry|[from] move: Trick
|
|turn|21
|
|switch|p2a: Tentacruel|Tentacruel, M|335\/364
|move|p1a: Mew|Sucker Punch|p2a: Tentacruel
|-fail|p2a: Tentacruel
|
|-heal|p2a: Tentacruel|357\/364|[from] item: Black Sludge
|turn|22
|
|switch|p2a: Aerodactyl|Aerodactyl, M|63\/301
|-formechange|p2a: Aerodactyl|Aerodactyl-Mega
|switch|p1a: Aerodactyl|Aerodactyl, F|302\/302
|-ability|p1a: Aerodactyl|Unnerve|p2: Marky B
|
|turn|23
|
|-formechange|p1a: Aerodactyl|Aerodactyl-Mega
|message|Aerodactyl has Mega Evolved into Mega Aerodactyl!
|move|p2a: Aerodactyl|Stone Edge|p1a: Aerodactyl
|-supereffective|p1a: Aerodactyl
|-damage|p1a: Aerodactyl|0 fnt
|faint|p1a: Aerodactyl
|
|
|switch|p1a: Typhlosion|Typhlosion, M|298\/298
|turn|24
|
|switch|p2a: Tentacruel|Tentacruel, M|357\/364
|move|p1a: Typhlosion|Hidden Power|p2a: Tentacruel
|-supereffective|p2a: Tentacruel
|-damage|p2a: Tentacruel|263\/364
|
|-heal|p2a: Tentacruel|285\/364|[from] item: Black Sludge
|turn|25
|
|move|p1a: Typhlosion|Hidden Power|p2a: Tentacruel
|-supereffective|p2a: Tentacruel
|-damage|p2a: Tentacruel|191\/364
|move|p2a: Tentacruel|Scald|p1a: Typhlosion
|-supereffective|p1a: Typhlosion
|-damage|p1a: Typhlosion|110\/298
|
|-heal|p2a: Tentacruel|213\/364|[from] item: Black Sludge
|turn|26
|
|move|p1a: Typhlosion|Hidden Power|p2a: Tentacruel
|-supereffective|p2a: Tentacruel
|-damage|p2a: Tentacruel|119\/364
|move|p2a: Tentacruel|Scald|p1a: Typhlosion
|-supereffective|p1a: Typhlosion
|-damage|p1a: Typhlosion|0 fnt
|faint|p1a: Typhlosion
|
|-heal|p2a: Tentacruel|141\/364|[from] item: Black Sludge
|
|switch|p1a: Cinccino|Cinccino, M|291\/291
|turn|27
|
|move|p1a: Cinccino|Tail Slap|p2a: Tentacruel
|-damage|p2a: Tentacruel|86\/364
|-damage|p2a: Tentacruel|30\/364
|-damage|p2a: Tentacruel|0 fnt
|-hitcount|p2a: Tentacruel|3
|-damage|p1a: Cinccino|262\/291|[from] item: Life Orb
|faint|p2a: Tentacruel
|
|
|switch|p2a: Rotom-Heat|Rotom-Heat|228\/241
|turn|28
|
|move|p1a: Cinccino|Rock Blast|p2a: Rotom-Heat
|-supereffective|p2a: Rotom-Heat
|-damage|p2a: Rotom-Heat|166\/241
|-crit|p2a: Rotom-Heat
|-supereffective|p2a: Rotom-Heat
|-damage|p2a: Rotom-Heat|67\/241
|-supereffective|p2a: Rotom-Heat
|-damage|p2a: Rotom-Heat|7\/241
|-supereffective|p2a: Rotom-Heat
|-damage|p2a: Rotom-Heat|0 fnt
|-hitcount|p2a: Rotom-Heat|4
|-damage|p1a: Cinccino|233\/291|[from] item: Life Orb
|faint|p2a: Rotom-Heat
|
|
|switch|p2a: Aerodactyl|Aerodactyl, M|63\/301
|-formechange|p2a: Aerodactyl|Aerodactyl-Mega
|turn|29
|
|move|p2a: Aerodactyl|Stone Edge|p1a: Cinccino
|-damage|p1a: Cinccino|0 fnt
|faint|p1a: Cinccino
|
|
|switch|p1a: Mew|Mew|269\/404
|turn|30
|
|move|p1a: Mew|Sucker Punch|p2a: Aerodactyl
|-fail|p2a: Aerodactyl
|move|p2a: Aerodactyl|Stealth Rock|p1a: Mew
|-sidestart|p1: AltUniverse|move: Stealth Rock
|
|turn|31
|
|move|p1a: Mew|Sucker Punch|p2a: Aerodactyl
|-fail|p2a: Aerodactyl
|move|p2a: Aerodactyl|Taunt|p1a: Mew
|-start|p1a: Mew|move: Taunt
|
|turn|32
|
|move|p1a: Mew|Sucker Punch|p2a: Aerodactyl
|-fail|p2a: Aerodactyl
|move|p2a: Aerodactyl|Stealth Rock|p1a: Mew
|-fail|p1a: Mew
|
|turn|33
|
|move|p1a: Mew|Sucker Punch|p2a: Aerodactyl
|-fail|p2a: Aerodactyl
|move|p2a: Aerodactyl|Stealth Rock|p1a: Mew
|-fail|p1a: Mew
|
|turn|34
|
|move|p2a: Aerodactyl|Stealth Rock|p1a: Mew
|-fail|p1a: Mew
|-activate|p1a: Mew|move: Struggle
|move|p1a: Mew|Struggle|p2a: Aerodactyl
|-damage|p2a: Aerodactyl|0 fnt
|-damage|p1a: Mew|168\/404
|faint|p2a: Aerodactyl
|
|win|AltUniverse
|raw|Ladder updating...
|raw|AltUniverse's rating: 1195 &rarr; <strong>1216<\/strong><br \/>(+21 for winning)
|raw|Marky B's rating: 1128 &rarr; <strong>1108<\/strong><br \/>(-20 for losing)
|chat|AltUniverse|Luulx
|chat|AltUniverse|luulz
|chat|AltUniverse|gg
|chat|Marky B|wow
|leave|Marky B
|player|p2
|join|gimmick testing