|join|Marky B
|join|hiyabro
|player|p1|Marky B|101
|player|p2|hiyabro|10
|gametype|singles
|gen|6
|tier|UU
|rated
|clearpoke
|poke|p1|Crobat, F
|poke|p1|Donphan, F
|poke|p1|Celebi
|poke|p1|Metagross
|poke|p1|Mienshao, F
|poke|p1|Blastoise, M
|poke|p2|Cloyster, M
|poke|p2|Aggron, F
|poke|p2|Florges, F
|poke|p2|Victini
|poke|p2|Crobat, M
|poke|p2|Quagsire, M
|rule|Sleep Clause Mod: Limit one foe put to sleep
|rule|Species Clause: Limit one of each Pokemon
|rule|OHKO Clause: OHKO moves are banned
|rule|Moody Clause: Moody is banned
|rule|Evasion Moves Clause: Evasion moves are banned
|rule|Endless Battle Clause: Forcing endless battles is banned.
|rule|HP Percentage Mod: HP is reported as percentages
|teampreview
|
|start
|switch|p1a: Donphan|Donphan, F|384\/384
|switch|p2a: Pokemon|Aggron, F|344\/344
|turn|1
|chat|hiyabro|2 spinners and a Defogger.
|chat|hiyabro|And half of your team resists rocks?
|
|switch|p2a: Pokemon|Crobat, M|374\/374
|move|p1a: Donphan|Stealth Rock|p2a: Pokemon
|-sidestart|p2: hiyabro|move: Stealth Rock
|
|turn|2
|
|move|p1a: Donphan|Ice Shard|p2a: Pokemon
|-supereffective|p2a: Pokemon
|-damage|p2a: Pokemon|290\/374
|move|p2a: Pokemon|U-turn|p1a: Donphan
|-damage|p1a: Donphan|351\/384
|
|switch|p2a: Pokemon|Quagsire, M|394\/394
|-damage|p2a: Pokemon|370\/394|[from] Stealth Rock
|
|-heal|p1a: Donphan|375\/384|[from] item: Leftovers
|-heal|p2a: Pokemon|394\/394|[from] item: Leftovers
|turn|3
|
|switch|p1a: Celebi|Celebi|403\/403
|switch|p2a: Pokemon|Crobat, M|290\/374
|-damage|p2a: Pokemon|197\/374|[from] Stealth Rock
|
|-heal|p2a: Pokemon|220\/374|[from] item: Leftovers
|turn|4
|chat|hiyabro|lel
|
|move|p2a: Pokemon|U-turn|p1a: Celebi
|-supereffective|p1a: Celebi
|-damage|p1a: Celebi|199\/403
|
|switch|p2a: Pokemon|Aggron, F|344\/344
|-damage|p2a: Pokemon|323\/344|[from] Stealth Rock
|move|p1a: Celebi|Psychic|p2a: Pokemon
|-resisted|p2a: Pokemon
|-damage|p2a: Pokemon|245\/344
|
|-heal|p1a: Celebi|224\/403|[from] item: Leftovers
|turn|5
|
|-formechange|p2a: Pokemon|Aggron-Mega
|message|Aggron has Mega Evolved into Mega Aggron!
|move|p1a: Celebi|Hidden Power|p2a: Pokemon
|-supereffective|p2a: Pokemon
|-damage|p2a: Pokemon|166\/344
|move|p2a: Pokemon|Heavy Slam|p1a: Celebi
|-damage|p1a: Celebi|0 fnt
|faint|p1a: Celebi
|
|
|switch|p1a: Mienshao|Mienshao, F|271\/271
|turn|6
|
|move|p1a: Mienshao|Knock Off|p2a: Pokemon
|-damage|p2a: Pokemon|122\/344
|-damage|p1a: Mienshao|244\/271|[from] item: Life Orb
|move|p2a: Pokemon|Heavy Slam|p1a: Mienshao
|-damage|p1a: Mienshao|0 fnt
|faint|p1a: Mienshao
|
|
|switch|p1a: Blastoise|Blastoise, M|362\/362
|turn|7
|
|-formechange|p1a: Blastoise|Blastoise-Mega
|message|Blastoise has Mega Evolved into Mega Blastoise!
|move|p1a: Blastoise|Aura Sphere|p2a: Pokemon
|-supereffective|p2a: Pokemon
|-damage|p2a: Pokemon|0 fnt
|faint|p2a: Pokemon
|
|
|switch|p2a: Pokemon|Crobat, M|220\/374
|-damage|p2a: Pokemon|127\/374|[from] Stealth Rock
|turn|8
|
|move|p2a: Pokemon|Defog|p1a: Blastoise
|-unboost|p1a: Blastoise|evasion|1
|-sideend|p2: hiyabro|Stealth Rock|[from] move: Defog|[of] p2a: Pokemon
|move|p1a: Blastoise|Scald|p2a: Pokemon
|-damage|p2a: Pokemon|0 fnt
|faint|p2a: Pokemon
|
|
|switch|p2a: Pokemon|Florges, F|317\/317
|turn|9
|
|move|p2a: Pokemon|Energy Ball|p1a: Blastoise
|-supereffective|p1a: Blastoise
|-damage|p1a: Blastoise|82\/362
|move|p1a: Blastoise|Toxic|p2a: Pokemon
|-status|p2a: Pokemon|tox
|
|-damage|p2a: Pokemon|298\/317 tox|[from] psn
|turn|10
|
|switch|p2a: Pokemon|Quagsire, M|394\/394
|switch|p1a: Metagross|Metagross|364\/364
|
|turn|11
|
|switch|p1a: Crobat|Crobat, F|311\/311
|move|p2a: Pokemon|Earthquake|p1a: Crobat
|-immune|p1a: Crobat|[msg]
|
|turn|12
|
|move|p1a: Crobat|Brave Bird|p2a: Pokemon
|-damage|p2a: Pokemon|124\/394
|-damage|p1a: Crobat|222\/311|[from] recoil|[of] p2a: Pokemon
|move|p2a: Pokemon|Scald|p1a: Crobat
|-damage|p1a: Crobat|143\/311
|
|-heal|p2a: Pokemon|148\/394|[from] item: Leftovers
|turn|13
|
|switch|p2a: Pokemon|Florges, F|298\/317 tox
|move|p1a: Crobat|Brave Bird|p2a: Pokemon
|-damage|p2a: Pokemon|0 fnt
|-damage|p1a: Crobat|45\/311|[from] recoil|[of] p2a: Pokemon
|faint|p2a: Pokemon
|
|
|switch|p2a: Poke|Victini|341\/341
|turn|14
|
|switch|p1a: Blastoise|Blastoise, M|82\/362
|-formechange|p1a: Blastoise|Blastoise-Mega
|move|p2a: Poke|V-create|p1a: Blastoise
|-resisted|p1a: Blastoise
|-damage|p1a: Blastoise|0 fnt
|-unboost|p2a: Poke|def|1
|-unboost|p2a: Poke|spd|1
|-unboost|p2a: Poke|spe|1
|faint|p1a: Blastoise
|
|
|switch|p1a: Donphan|Donphan, F|375\/384
|turn|15
|
|switch|p2a: Pokemon|Quagsire, M|148\/394
|move|p1a: Donphan|Earthquake|p2a: Pokemon
|-damage|p2a: Pokemon|1\/394
|
|-heal|p1a: Donphan|384\/384|[from] item: Leftovers
|-heal|p2a: Pokemon|25\/394|[from] item: Leftovers
|turn|16
|
|move|p1a: Donphan|Ice Shard|p2a: Pokemon
|-damage|p2a: Pokemon|0 fnt
|faint|p2a: Pokemon
|
|
|switch|p2a: Pokemon|Cloyster, M|242\/242
|turn|17
|
|move|p2a: Pokemon|Shell Smash|p2a: Pokemon
|-boost|p2a: Pokemon|atk|2
|-boost|p2a: Pokemon|spa|2
|-boost|p2a: Pokemon|spe|2
|-unboost|p2a: Pokemon|def|1
|-unboost|p2a: Pokemon|spd|1
|move|p1a: Donphan|Earthquake|p2a: Pokemon
|-damage|p2a: Pokemon|116\/242
|
|turn|18
|chat|hiyabro|-_-
|
|move|p2a: Pokemon|Icicle Spear|p1a: Donphan
|-supereffective|p1a: Donphan
|-damage|p1a: Donphan|274\/384
|-supereffective|p1a: Donphan
|-damage|p1a: Donphan|170\/384
|-supereffective|p1a: Donphan
|-damage|p1a: Donphan|74\/384
|-supereffective|p1a: Donphan
|-damage|p1a: Donphan|0 fnt
|-hitcount|p1a: Donphan|4
|faint|p1a: Donphan
|
|
|switch|p1a: Metagross|Metagross|364\/364
|turn|19
|
|move|p1a: Metagross|Bullet Punch|p2a: Pokemon
|-damage|p2a: Pokemon|44\/242
|move|p2a: Pokemon|Hydro Pump|p1a: Metagross
|-damage|p1a: Metagross|226\/364
|
|turn|20
|
|move|p1a: Metagross|Bullet Punch|p2a: Pokemon
|-damage|p2a: Pokemon|0 fnt
|faint|p2a: Pokemon
|
|
|switch|p2a: Poke|Victini|341\/341
|turn|21
|
|move|p2a: Poke|V-create|p1a: Metagross
|-supereffective|p1a: Metagross
|-damage|p1a: Metagross|0 fnt
|-unboost|p2a: Poke|def|1
|-unboost|p2a: Poke|spd|1
|-unboost|p2a: Poke|spe|1
|faint|p1a: Metagross
|
|chat|hiyabro|gg
|
|switch|p1a: Crobat|Crobat, F|45\/311
|turn|22
|chat|hiyabro|Banded Crobat too OP
|
|move|p1a: Crobat|Brave Bird|p2a: Poke
|-damage|p2a: Poke|0 fnt
|-damage|p1a: Crobat|0 fnt|[from] recoil|[of] p2a: Poke
|faint|p2a: Poke
|faint|p1a: Crobat
|
|tie
|raw|Ladder updating...
|chat|Marky B|gg
|chat|Marky B|double down
|raw|Marky B's rating: 1223 &rarr; <strong>1218<\/strong><br \/>(-5 for tying)
|raw|hiyabro's rating: 1161 &rarr; <strong>1166<\/strong><br \/>(+5 for tying)
|chat|hiyabro|Yup
|chat|Marky B|i made some stupid plas tho
|chat|hiyabro|Same
|chat|Marky B|also no 2 spinners + DEFOGGER
|chat|Marky B|LOL
|chat|hiyabro|:\/
|leave|Marky B
|player|p1