|join|I3Magikarp
|join|Marky B
|player|p1|I3Magikarp|275
|player|p2|Marky B|264
|gametype|singles
|gen|6
|tier|UU
|rated
|rule|Sleep Clause Mod: Limit one foe put to sleep
|rule|Species Clause: Limit one of each PokÃ©mon
|rule|OHKO Clause: OHKO moves are banned
|rule|Moody Clause: Moody is banned
|rule|Evasion Moves Clause: Evasion moves are banned
|rule|Endless Battle Clause: Forcing endless battles is banned
|rule|HP Percentage Mod: HP is shown in percentages
|clearpoke
|poke|p1|Dragalge, F
|poke|p1|Forretress, F
|poke|p1|Swampert, F
|poke|p1|Blissey, F
|poke|p1|Jirachi
|poke|p1|Florges, F
|poke|p2|Goodra, F
|poke|p2|Donphan, F
|poke|p2|Mienshao, M
|poke|p2|Jirachi
|poke|p2|Suicune
|poke|p2|Sceptile, F
|rule|Swagger Clause: Swagger is banned
|rule|Baton Pass Clause: Limit one PokÃ©mon knowing Baton Pass
|teampreview
|
|start
|switch|p1a: Flinch Master Flex|Jirachi|341\/341
|switch|p2a: Mienshao|Mienshao, M|271\/271
|turn|1
|
|switch|p1a: Swamp Ass|Swampert, F|404\/404
|move|p2a: Mienshao|U-turn|p1a: Swamp Ass
|-damage|p1a: Swamp Ass|342\/404
|join|poonHunter (DD)
|
|switch|p2a: Sceptile|Sceptile, F|281\/281
|
|-heal|p1a: Swamp Ass|367\/404|[from] item: Leftovers
|turn|2
|
|switch|p1a: Egg|Blissey, F|652\/652
|detailschange|p2a: Sceptile|Sceptile-Mega, F
|message|Sceptile has Mega Evolved into Mega Sceptile!
|move|p2a: Sceptile|Substitute|p2a: Sceptile
|-start|p2a: Sceptile|Substitute
|-damage|p2a: Sceptile|211\/281
|
|turn|3
|
|move|p2a: Sceptile|Leech Seed|p1a: Egg
|-start|p1a: Egg|move: Leech Seed
|move|p1a: Egg|Seismic Toss|p2a: Sceptile
|-end|p2a: Sceptile|Substitute
|
|-damage|p1a: Egg|571\/652|[from] Leech Seed|[of] p2a: Sceptile
|-heal|p2a: Sceptile|281\/281|[silent]
|turn|4
|
|switch|p1a: Flinch Master Flex|Jirachi|341\/341
|move|p2a: Sceptile|Substitute|p2a: Sceptile
|-start|p2a: Sceptile|Substitute
|-damage|p2a: Sceptile|211\/281
|
|turn|5
|
|move|p1a: Flinch Master Flex|U-turn|p2a: Sceptile
|-supereffective|p2a: Sceptile
|-end|p2a: Sceptile|Substitute
|
|switch|p1a: fodder.org|Dragalge, F|271\/271
|move|p2a: Sceptile|Leech Seed|p1a: fodder.org
|-start|p1a: fodder.org|move: Leech Seed
|
|-damage|p1a: fodder.org|238\/271|[from] Leech Seed|[of] p2a: Sceptile
|-heal|p2a: Sceptile|244\/281|[silent]
|turn|6
|
|switch|p1a: Amy|Florges, F|297\/297
|move|p2a: Sceptile|Substitute|p2a: Sceptile
|-start|p2a: Sceptile|Substitute
|-damage|p2a: Sceptile|174\/281
|
|turn|7
|
|move|p2a: Sceptile|Leech Seed|p1a: Amy
|-start|p1a: Amy|move: Leech Seed
|move|p1a: Amy|Moonblast|p2a: Sceptile
|-supereffective|p2a: Sceptile
|-end|p2a: Sceptile|Substitute
|
|-damage|p1a: Amy|260\/297|[from] Leech Seed|[of] p2a: Sceptile
|-heal|p2a: Sceptile|211\/281|[silent]
|turn|8
|c| poonHunter (DD)|.
|
|switch|p2a: Jirachi|Jirachi|404\/404
|move|p1a: Amy|Moonblast|p2a: Jirachi
|-resisted|p2a: Jirachi
|-damage|p2a: Jirachi|328\/404
|-unboost|p2a: Jirachi|spa|1
|
|-heal|p2a: Jirachi|353\/404|[from] item: Leftovers
|-damage|p1a: Amy|223\/297|[from] Leech Seed|[of] p2a: Jirachi
|-heal|p2a: Jirachi|390\/404|[silent]
|turn|9
|
|switch|p1a: Swamp Ass|Swampert, F|367\/404
|move|p2a: Jirachi|Substitute|p2a: Jirachi
|-start|p2a: Jirachi|Substitute
|-damage|p2a: Jirachi|289\/404
|
|-heal|p2a: Jirachi|314\/404|[from] item: Leftovers
|-heal|p1a: Swamp Ass|392\/404|[from] item: Leftovers
|turn|10
|
|move|p2a: Jirachi|Toxic|p1a: Swamp Ass|[miss]
|-miss|p2a: Jirachi|p1a: Swamp Ass
|move|p1a: Swamp Ass|Earthquake|p2a: Jirachi
|-supereffective|p2a: Jirachi
|-end|p2a: Jirachi|Substitute
|
|-heal|p2a: Jirachi|339\/404|[from] item: Leftovers
|-heal|p1a: Swamp Ass|404\/404|[from] item: Leftovers
|turn|11
|
|switch|p2a: Suicune|Suicune|404\/404
|-ability|p2a: Suicune|Pressure
|move|p1a: Swamp Ass|Stealth Rock|p2a: Suicune
|-sidestart|p2: Marky B|move: Stealth Rock
|
|turn|12
|
|move|p2a: Suicune|Scald|p1a: Swamp Ass
|-damage|p1a: Swamp Ass|316\/404
|-status|p1a: Swamp Ass|brn
|move|p1a: Swamp Ass|Scald|p2a: Suicune
|-resisted|p2a: Suicune
|-damage|p2a: Suicune|368\/404
|
|-heal|p2a: Suicune|393\/404|[from] item: Leftovers
|-heal|p1a: Swamp Ass|341\/404 brn|[from] item: Leftovers
|-damage|p1a: Swamp Ass|291\/404 brn|[from] brn
|turn|13
|
|switch|p1a: Egg|Blissey, F|571\/652
|move|p2a: Suicune|Scald|p1a: Egg
|-damage|p1a: Egg|516\/652
|-status|p1a: Egg|brn
|
|-heal|p2a: Suicune|404\/404|[from] item: Leftovers
|-heal|p1a: Egg|556\/652 brn|[from] item: Leftovers
|-damage|p1a: Egg|475\/652 brn|[from] brn
|turn|14
|
|switch|p2a: Jirachi|Jirachi|339\/404
|-damage|p2a: Jirachi|314\/404|[from] Stealth Rock
|move|p1a: Egg|Wish|p1a: Egg
|
|-heal|p2a: Jirachi|339\/404|[from] item: Leftovers
|-heal|p1a: Egg|515\/652 brn|[from] item: Leftovers
|-damage|p1a: Egg|434\/652 brn|[from] brn
|turn|15
|
|switch|p1a: Swamp Ass|Swampert, F|291\/404 brn
|move|p2a: Jirachi|Substitute|p2a: Jirachi
|-start|p2a: Jirachi|Substitute
|-damage|p2a: Jirachi|238\/404
|
|-heal|p1a: Swamp Ass|404\/404 brn|[from] move: Wish|[wisher] Egg
|-heal|p2a: Jirachi|263\/404|[from] item: Leftovers
|-damage|p1a: Swamp Ass|354\/404 brn|[from] brn
|turn|16
|
|move|p2a: Jirachi|Iron Head|p1a: Swamp Ass
|-resisted|p1a: Swamp Ass
|-damage|p1a: Swamp Ass|314\/404 brn
|move|p1a: Swamp Ass|Earthquake|p2a: Jirachi
|-supereffective|p2a: Jirachi
|-end|p2a: Jirachi|Substitute
|
|-heal|p2a: Jirachi|288\/404|[from] item: Leftovers
|-heal|p1a: Swamp Ass|339\/404 brn|[from] item: Leftovers
|-damage|p1a: Swamp Ass|289\/404 brn|[from] brn
|turn|17
|
|move|p2a: Jirachi|Substitute|p2a: Jirachi
|-start|p2a: Jirachi|Substitute
|-damage|p2a: Jirachi|187\/404
|move|p1a: Swamp Ass|Earthquake|p2a: Jirachi
|-supereffective|p2a: Jirachi
|-end|p2a: Jirachi|Substitute
|
|-heal|p2a: Jirachi|212\/404|[from] item: Leftovers
|-heal|p1a: Swamp Ass|314\/404 brn|[from] item: Leftovers
|-damage|p1a: Swamp Ass|264\/404 brn|[from] brn
|turn|18
|
|switch|p2a: Sceptile|Sceptile-Mega, F|211\/281
|-damage|p2a: Sceptile|176\/281|[from] Stealth Rock
|move|p1a: Swamp Ass|Earthquake|p2a: Sceptile
|-resisted|p2a: Sceptile
|-damage|p2a: Sceptile|136\/281
|
|-heal|p1a: Swamp Ass|289\/404 brn|[from] item: Leftovers
|-damage|p1a: Swamp Ass|239\/404 brn|[from] brn
|turn|19
|
|switch|p1a: Egg|Blissey, F|434\/652
|move|p2a: Sceptile|Giga Drain|p1a: Egg
|-damage|p1a: Egg|341\/652
|-heal|p2a: Sceptile|183\/281|[from] drain|[of] p1a: Egg
|
|-heal|p1a: Egg|381\/652|[from] item: Leftovers
|turn|20
|
|move|p2a: Sceptile|Leech Seed|p1a: Egg|[miss]
|-miss|p2a: Sceptile|p1a: Egg
|move|p1a: Egg|Heal Bell|p1a: Egg
|-cureteam|p1a: Egg|[from] move: HealBell
|
|-heal|p1a: Egg|421\/652|[from] item: Leftovers
|turn|21
|
|switch|p1a: fodder.org|Dragalge, F|238\/271
|move|p2a: Sceptile|Dragon Pulse|p1a: fodder.org
|-supereffective|p1a: fodder.org
|-damage|p1a: fodder.org|0 fnt
|faint|p1a: fodder.org
|
|c|âI3Magikarp|oh
|join|JiffPeanutButter
|c|âI3Magikarp|what the fuck
|
|switch|p1a: Flinch Master Flex|Jirachi|341\/341
|turn|22
|
|switch|p2a: Suicune|Suicune|404\/404
|-damage|p2a: Suicune|354\/404|[from] Stealth Rock
|-ability|p2a: Suicune|Pressure
|move|p1a: Flinch Master Flex|Iron Head|p2a: Suicune
|-resisted|p2a: Suicune
|-damage|p2a: Suicune|316\/404
|
|-heal|p2a: Suicune|341\/404|[from] item: Leftovers
|turn|23
|c| JiffPeanutButter|skelepoke
|
|switch|p1a: Egg|Blissey, F|421\/652
|switch|p2a: Jirachi|Jirachi|212\/404
|-damage|p2a: Jirachi|187\/404|[from] Stealth Rock
|
|-heal|p2a: Jirachi|212\/404|[from] item: Leftovers
|-heal|p1a: Egg|461\/652|[from] item: Leftovers
|turn|24
|
|switch|p1a: Swamp Ass|Swampert, F|239\/404
|move|p2a: Jirachi|Substitute|p2a: Jirachi
|-start|p2a: Jirachi|Substitute
|-damage|p2a: Jirachi|111\/404
|
|-heal|p2a: Jirachi|136\/404|[from] item: Leftovers
|-heal|p1a: Swamp Ass|264\/404|[from] item: Leftovers
|turn|25
|
|move|p2a: Jirachi|Toxic|p1a: Swamp Ass
|-status|p1a: Swamp Ass|tox
|move|p1a: Swamp Ass|Earthquake|p2a: Jirachi
|-supereffective|p2a: Jirachi
|-end|p2a: Jirachi|Substitute
|
|-heal|p2a: Jirachi|161\/404|[from] item: Leftovers
|-heal|p1a: Swamp Ass|289\/404 tox|[from] item: Leftovers
|-damage|p1a: Swamp Ass|264\/404 tox|[from] psn
|turn|26
|
|switch|p2a: Sceptile|Sceptile-Mega, F|183\/281
|-damage|p2a: Sceptile|148\/281|[from] Stealth Rock
|switch|p1a: Egg|Blissey, F|461\/652
|
|-heal|p1a: Egg|501\/652|[from] item: Leftovers
|turn|27
|
|move|p2a: Sceptile|Leech Seed|p1a: Egg
|-start|p1a: Egg|move: Leech Seed
|move|p1a: Egg|Wish|p1a: Egg
|
|-heal|p1a: Egg|541\/652|[from] item: Leftovers
|-damage|p1a: Egg|460\/652|[from] Leech Seed|[of] p2a: Sceptile
|-heal|p2a: Sceptile|229\/281|[silent]
|turn|28
|
|switch|p1a: Flinch Master Flex|Jirachi|341\/341
|move|p2a: Sceptile|Substitute|p2a: Sceptile
|-start|p2a: Sceptile|Substitute
|-damage|p2a: Sceptile|159\/281
|
|turn|29
|
|move|p1a: Flinch Master Flex|U-turn|p2a: Sceptile
|-supereffective|p2a: Sceptile
|-end|p2a: Sceptile|Substitute
|
|switch|p1a: Amy|Florges, F|223\/297
|move|p2a: Sceptile|Leech Seed|p1a: Amy
|-start|p1a: Amy|move: Leech Seed
|
|-damage|p1a: Amy|186\/297|[from] Leech Seed|[of] p2a: Sceptile
|-heal|p2a: Sceptile|196\/281|[silent]
|turn|30
|
|switch|p2a: Jirachi|Jirachi|161\/404
|-damage|p2a: Jirachi|136\/404|[from] Stealth Rock
|move|p1a: Amy|Moonblast|p2a: Jirachi
|-resisted|p2a: Jirachi
|-damage|p2a: Jirachi|56\/404
|
|-heal|p2a: Jirachi|81\/404|[from] item: Leftovers
|-damage|p1a: Amy|149\/297|[from] Leech Seed|[of] p2a: Jirachi
|-heal|p2a: Jirachi|118\/404|[silent]
|turn|31
|
|switch|p1a: Swamp Ass|Swampert, F|264\/404 tox
|move|p2a: Jirachi|Substitute|p2a: Jirachi
|-start|p2a: Jirachi|Substitute
|-damage|p2a: Jirachi|17\/404
|
|-heal|p2a: Jirachi|42\/404|[from] item: Leftovers
|-heal|p1a: Swamp Ass|289\/404 tox|[from] item: Leftovers
|-damage|p1a: Swamp Ass|264\/404 tox|[from] psn
|turn|32
|
|move|p2a: Jirachi|Iron Head|p1a: Swamp Ass
|-resisted|p1a: Swamp Ass
|-damage|p1a: Swamp Ass|216\/404 tox
|cant|p1a: Swamp Ass|flinch
|
|-heal|p2a: Jirachi|67\/404|[from] item: Leftovers
|-heal|p1a: Swamp Ass|241\/404 tox|[from] item: Leftovers
|-damage|p1a: Swamp Ass|191\/404 tox|[from] psn
|turn|33
|
|switch|p1a: Flinch Master Flex|Jirachi|341\/341
|move|p2a: Jirachi|Iron Head|p1a: Flinch Master Flex
|-resisted|p1a: Flinch Master Flex
|-damage|p1a: Flinch Master Flex|289\/341
|
|-heal|p2a: Jirachi|92\/404|[from] item: Leftovers
|turn|34
|
|move|p1a: Flinch Master Flex|Iron Head|p2a: Jirachi
|-resisted|p2a: Jirachi
|-activate|p2a: Jirachi|Substitute|[damage]
|move|p2a: Jirachi|Fire Punch|p1a: Flinch Master Flex
|-supereffective|p1a: Flinch Master Flex
|-damage|p1a: Flinch Master Flex|149\/341
|
|-heal|p2a: Jirachi|117\/404|[from] item: Leftovers
|turn|35
|
|move|p1a: Flinch Master Flex|Iron Head|p2a: Jirachi
|-resisted|p2a: Jirachi
|-end|p2a: Jirachi|Substitute
|move|p2a: Jirachi|Substitute|p2a: Jirachi
|-start|p2a: Jirachi|Substitute
|-damage|p2a: Jirachi|16\/404
|
|-heal|p2a: Jirachi|41\/404|[from] item: Leftovers
|turn|36
|
|switch|p1a: Swamp Ass|Swampert, F|191\/404 tox
|move|p2a: Jirachi|Fire Punch|p1a: Swamp Ass
|-resisted|p1a: Swamp Ass
|-damage|p1a: Swamp Ass|164\/404 tox
|
|-heal|p2a: Jirachi|66\/404|[from] item: Leftovers
|-heal|p1a: Swamp Ass|189\/404 tox|[from] item: Leftovers
|-damage|p1a: Swamp Ass|164\/404 tox|[from] psn
|turn|37
|
|move|p2a: Jirachi|Iron Head|p1a: Swamp Ass
|-resisted|p1a: Swamp Ass
|-damage|p1a: Swamp Ass|123\/404 tox
|cant|p1a: Swamp Ass|flinch
|
|-heal|p2a: Jirachi|91\/404|[from] item: Leftovers
|-heal|p1a: Swamp Ass|148\/404 tox|[from] item: Leftovers
|-damage|p1a: Swamp Ass|98\/404 tox|[from] psn
|turn|38
|
|move|p2a: Jirachi|Iron Head|p1a: Swamp Ass
|-resisted|p1a: Swamp Ass
|-damage|p1a: Swamp Ass|52\/404 tox
|cant|p1a: Swamp Ass|flinch
|
|-heal|p2a: Jirachi|116\/404|[from] item: Leftovers
|-heal|p1a: Swamp Ass|77\/404 tox|[from] item: Leftovers
|-damage|p1a: Swamp Ass|2\/404 tox|[from] psn
|turn|39
|
|move|p2a: Jirachi|Iron Head|p1a: Swamp Ass
|-resisted|p1a: Swamp Ass
|-damage|p1a: Swamp Ass|0 fnt
|faint|p1a: Swamp Ass
|
|-heal|p2a: Jirachi|141\/404|[from] item: Leftovers
|
|switch|p1a: Flinch Master Flex|Jirachi|149\/341
|turn|40
|
|move|p1a: Flinch Master Flex|U-turn|p2a: Jirachi
|-activate|p2a: Jirachi|Substitute|[damage]
|
|switch|p1a: Egg|Blissey, F|460\/652
|move|p2a: Jirachi|Fire Punch|p1a: Egg
|-damage|p1a: Egg|344\/652
|
|-heal|p2a: Jirachi|166\/404|[from] item: Leftovers
|-heal|p1a: Egg|384\/652|[from] item: Leftovers
|turn|41
|
|switch|p1a: Flinch Master Flex|Jirachi|149\/341
|move|p2a: Jirachi|Iron Head|p1a: Flinch Master Flex
|-resisted|p1a: Flinch Master Flex
|-damage|p1a: Flinch Master Flex|98\/341
|
|-heal|p2a: Jirachi|191\/404|[from] item: Leftovers
|turn|42
|
|move|p1a: Flinch Master Flex|U-turn|p2a: Jirachi
|-end|p2a: Jirachi|Substitute
|
|switch|p1a: Amy|Florges, F|149\/297
|move|p2a: Jirachi|Substitute|p2a: Jirachi
|-start|p2a: Jirachi|Substitute
|-damage|p2a: Jirachi|90\/404
|
|-heal|p2a: Jirachi|115\/404|[from] item: Leftovers
|turn|43
|
|move|p1a: Amy|Hidden Power|p2a: Jirachi
|-supereffective|p2a: Jirachi
|-end|p2a: Jirachi|Substitute
|move|p2a: Jirachi|Iron Head|p1a: Amy
|-supereffective|p1a: Amy
|-damage|p1a: Amy|0 fnt
|faint|p1a: Amy
|
|-heal|p2a: Jirachi|140\/404|[from] item: Leftovers
|c|âI3Magikarp|honest question
|c|âMarky B|?
|c|âI3Magikarp|have you ever considered killing yourself
|
|switch|p1a: Flinch Master Flex|Jirachi|98\/341
|turn|44
|c|âI3Magikarp|because you should
|c|âMarky B|never
|c|âMarky B|dont blame me brah
|
|switch|p2a: Donphan|Donphan, F|384\/384
|-damage|p2a: Donphan|360\/384|[from] Stealth Rock
|move|p1a: Flinch Master Flex|Trick|p2a: Donphan
|-activate|p1a: Flinch Master Flex|move: Trick|[of] p2a: Donphan
|-item|p2a: Donphan|Choice Scarf|[from] move: Trick
|-item|p1a: Flinch Master Flex|Leftovers|[from] move: Trick
|
|-heal|p1a: Flinch Master Flex|119\/341|[from] item: Leftovers
|turn|45
|
|move|p1a: Flinch Master Flex|U-turn|p2a: Donphan
|-damage|p2a: Donphan|316\/384
|
|switch|p1a: Ches-NOT|Forretress, F|354\/354
|move|p2a: Donphan|Earthquake|p1a: Ches-NOT
|-damage|p1a: Ches-NOT|278\/354
|
|-heal|p1a: Ches-NOT|300\/354|[from] item: Leftovers
|turn|46
|
|switch|p2a: Goodra|Goodra, F|383\/383
|-damage|p2a: Goodra|336\/383|[from] Stealth Rock
|switch|p1a: Egg|Blissey, F|384\/652
|
|-heal|p1a: Egg|424\/652|[from] item: Leftovers
|turn|47
|
|switch|p2a: Mienshao|Mienshao, M|271\/271
|-damage|p2a: Mienshao|255\/271|[from] Stealth Rock
|move|p1a: Egg|Wish|p1a: Egg
|
|-heal|p1a: Egg|464\/652|[from] item: Leftovers
|turn|48
|
|move|p1a: Egg|Protect|p1a: Egg
|-singleturn|p1a: Egg|Protect
|move|p2a: Mienshao|High Jump Kick|p1a: Egg
|-activate|p1a: Egg|Protect
|-damage|p2a: Mienshao|120\/271|[from] highjumpkick
|
|-heal|p1a: Egg|652\/652|[from] move: Wish|[wisher] Egg
|turn|49
|
|move|p1a: Egg|Protect|p1a: Egg
|-singleturn|p1a: Egg|Protect
|move|p2a: Mienshao|High Jump Kick|p1a: Egg
|-activate|p1a: Egg|Protect
|-damage|p2a: Mienshao|0 fnt|[from] highjumpkick
|faint|p2a: Mienshao
|
|
|switch|p2a: Jirachi|Jirachi|140\/404
|-damage|p2a: Jirachi|115\/404|[from] Stealth Rock
|turn|50
|
|move|p2a: Jirachi|Substitute|p2a: Jirachi
|-start|p2a: Jirachi|Substitute
|-damage|p2a: Jirachi|14\/404
|move|p1a: Egg|Seismic Toss|p2a: Jirachi
|-activate|p2a: Jirachi|Substitute|[damage]
|
|-heal|p2a: Jirachi|39\/404|[from] item: Leftovers
|turn|51
|
|move|p2a: Jirachi|Iron Head|p1a: Egg
|-damage|p1a: Egg|459\/652
|move|p1a: Egg|Seismic Toss|p2a: Jirachi
|-end|p2a: Jirachi|Substitute
|
|-heal|p2a: Jirachi|64\/404|[from] item: Leftovers
|-heal|p1a: Egg|499\/652|[from] item: Leftovers
|turn|52
|
|move|p2a: Jirachi|Iron Head|p1a: Egg
|-damage|p1a: Egg|303\/652
|cant|p1a: Egg|flinch
|
|-heal|p2a: Jirachi|89\/404|[from] item: Leftovers
|-heal|p1a: Egg|343\/652|[from] item: Leftovers
|turn|53
|
|switch|p1a: Flinch Master Flex|Jirachi|119\/341
|move|p2a: Jirachi|Iron Head|p1a: Flinch Master Flex
|-resisted|p1a: Flinch Master Flex
|-damage|p1a: Flinch Master Flex|64\/341
|
|-heal|p1a: Flinch Master Flex|85\/341|[from] item: Leftovers
|-heal|p2a: Jirachi|114\/404|[from] item: Leftovers
|turn|54
|
|switch|p2a: Donphan|Donphan, F|316\/384
|-damage|p2a: Donphan|292\/384|[from] Stealth Rock
|move|p1a: Flinch Master Flex|U-turn|p2a: Donphan
|-damage|p2a: Donphan|250\/384
|
|switch|p1a: Egg|Blissey, F|343\/652
|
|-heal|p1a: Egg|383\/652|[from] item: Leftovers
|turn|55
|
|move|p2a: Donphan|Knock Off|p1a: Egg
|-damage|p1a: Egg|229\/652
|-enditem|p1a: Egg|Leftovers|[from] move: Knock Off|[of] p2a: Donphan
|move|p1a: Egg|Wish|p1a: Egg
|
|turn|56
|
|switch|p2a: Suicune|Suicune|341\/404
|-damage|p2a: Suicune|291\/404|[from] Stealth Rock
|-ability|p2a: Suicune|Pressure
|move|p1a: Egg|Protect|p1a: Egg
|-fail|p1a: Egg
|
|-heal|p1a: Egg|555\/652|[from] move: Wish|[wisher] Egg
|-heal|p2a: Suicune|316\/404|[from] item: Leftovers
|turn|57
|
|move|p2a: Suicune|Calm Mind|p2a: Suicune
|-boost|p2a: Suicune|spa|1
|-boost|p2a: Suicune|spd|1
|move|p1a: Egg|Seismic Toss|p2a: Suicune
|-damage|p2a: Suicune|216\/404
|
|-heal|p2a: Suicune|241\/404|[from] item: Leftovers
|turn|58
|
|move|p2a: Suicune|Calm Mind|p2a: Suicune
|-boost|p2a: Suicune|spa|1
|-boost|p2a: Suicune|spd|1
|move|p1a: Egg|Wish|p1a: Egg
|
|-heal|p2a: Suicune|266\/404|[from] item: Leftovers
|turn|59
|
|move|p2a: Suicune|Scald|p1a: Egg
|-damage|p1a: Egg|452\/652
|move|p1a: Egg|Seismic Toss|p2a: Suicune
|-damage|p2a: Suicune|166\/404
|
|-heal|p1a: Egg|652\/652|[from] move: Wish|[wisher] Egg
|-heal|p2a: Suicune|191\/404|[from] item: Leftovers
|turn|60
|leave|poonHunter (DD)
|
|move|p2a: Suicune|Calm Mind|p2a: Suicune
|-boost|p2a: Suicune|spa|1
|-boost|p2a: Suicune|spd|1
|move|p1a: Egg|Wish|p1a: Egg
|
|-heal|p2a: Suicune|216\/404|[from] item: Leftovers
|turn|61
|
|switch|p1a: Ches-NOT|Forretress, F|300\/354
|move|p2a: Suicune|Calm Mind|p2a: Suicune
|-boost|p2a: Suicune|spa|1
|-boost|p2a: Suicune|spd|1
|
|-heal|p1a: Ches-NOT|354\/354|[from] move: Wish|[wisher] Egg
|-heal|p2a: Suicune|241\/404|[from] item: Leftovers
|turn|62
|
|move|p2a: Suicune|Scald|p1a: Ches-NOT
|-activate|p1a: Ches-NOT|Sturdy
|-damage|p1a: Ches-NOT|1\/354
|-status|p1a: Ches-NOT|brn
|move|p1a: Ches-NOT|Volt Switch|p2a: Suicune
|-supereffective|p2a: Suicune
|-damage|p2a: Suicune|219\/404
|
|switch|p1a: Flinch Master Flex|Jirachi|85\/341
|
|-heal|p1a: Flinch Master Flex|106\/341|[from] item: Leftovers
|-heal|p2a: Suicune|244\/404|[from] item: Leftovers
|turn|63
|
|move|p1a: Flinch Master Flex|Iron Head|p2a: Suicune
|-resisted|p2a: Suicune
|-damage|p2a: Suicune|207\/404
|cant|p2a: Suicune|flinch
|
|-heal|p1a: Flinch Master Flex|127\/341|[from] item: Leftovers
|-heal|p2a: Suicune|232\/404|[from] item: Leftovers
|turn|64
|
|move|p1a: Flinch Master Flex|Iron Head|p2a: Suicune
|-resisted|p2a: Suicune
|-damage|p2a: Suicune|194\/404
|cant|p2a: Suicune|flinch
|
|-heal|p1a: Flinch Master Flex|148\/341|[from] item: Leftovers
|-heal|p2a: Suicune|219\/404|[from] item: Leftovers
|turn|65
|
|move|p1a: Flinch Master Flex|Iron Head|p2a: Suicune
|-resisted|p2a: Suicune
|-damage|p2a: Suicune|178\/404
|cant|p2a: Suicune|flinch
|
|-heal|p1a: Flinch Master Flex|169\/341|[from] item: Leftovers
|-heal|p2a: Suicune|203\/404|[from] item: Leftovers
|turn|66
|
|move|p1a: Flinch Master Flex|Iron Head|p2a: Suicune
|-resisted|p2a: Suicune
|-damage|p2a: Suicune|164\/404
|move|p2a: Suicune|Scald|p1a: Flinch Master Flex
|-damage|p1a: Flinch Master Flex|0 fnt
|faint|p1a: Flinch Master Flex
|
|-heal|p2a: Suicune|189\/404|[from] item: Leftovers
|
|switch|p1a: Egg|Blissey, F|652\/652
|turn|67
|-message|I3Magikarp forfeited.
|
|move|p2a: Suicune|Calm Mind|p2a: Suicune
|-boost|p2a: Suicune|spa|1
|-boost|p2a: Suicune|spd|1
|move|p1a: Egg|Seismic Toss|p2a: Suicune
|-damage|p2a: Suicune|89\/404
|
|-heal|p2a: Suicune|114\/404|[from] item: Leftovers
|turn|68
|leave|I3Magikarp
|
|win|Marky B
|raw|Ladder updating...
|player|p1