|join|Lol1z da Fuccboi
|join|Marky B
|player|p1|Lol1z da Fuccboi|169
|player|p2|Marky B|264
|gametype|singles
|gen|6
|tier|UU
|rated
|rule|Sleep Clause Mod: Limit one foe put to sleep
|rule|Species Clause: Limit one of each PokÃ©mon
|rule|OHKO Clause: OHKO moves are banned
|rule|Moody Clause: Moody is banned
|rule|Evasion Moves Clause: Evasion moves are banned
|rule|Endless Battle Clause: Forcing endless battles is banned
|rule|HP Percentage Mod: HP is shown in percentages
|clearpoke
|poke|p1|Swampert, F
|poke|p1|Celebi
|poke|p1|Entei, shiny
|poke|p1|Forretress, F
|poke|p1|Mienshao, M
|poke|p1|Hydreigon, M
|poke|p2|Virizion
|poke|p2|Jirachi
|poke|p2|Florges, F
|poke|p2|Donphan, F
|poke|p2|Rotom-Heat
|poke|p2|Alakazam, M
|rule|Swagger Clause: Swagger is banned
|rule|Baton Pass Clause: Limit one PokÃ©mon knowing Baton Pass
|teampreview
|join|So Dynamic
|
|start
|switch|p1a: Swampert|Swampert, F|404\/404
|switch|p2a: Jirachi|Jirachi|341\/341
|turn|1
|
|move|p2a: Jirachi|U-turn|p1a: Swampert
|-damage|p1a: Swampert|330\/404
|
|switch|p2a: Virizion|Virizion|323\/323
|move|p1a: Swampert|Stealth Rock|p2a: Virizion
|-sidestart|p2: Marky B|move: Stealth Rock
|
|-heal|p1a: Swampert|355\/404|[from] item: Leftovers
|turn|2
|
|switch|p2a: Jirachi|Jirachi|341\/341
|-damage|p2a: Jirachi|320\/341|[from] Stealth Rock
|switch|p1a: Forretress|Forretress, F|354\/354
|
|turn|3
|
|move|p2a: Jirachi|U-turn|p1a: Forretress
|-resisted|p1a: Forretress
|-damage|p1a: Forretress|333\/354
|leave|So Dynamic
|join|So Dynamic
|
|switch|p2a: Donphan|Donphan, F|384\/384
|-damage|p2a: Donphan|360\/384|[from] Stealth Rock
|move|p1a: Forretress|Spikes|p2a: Donphan
|-sidestart|p2: Marky B|Spikes
|
|-heal|p2a: Donphan|384\/384|[from] item: Leftovers
|-heal|p1a: Forretress|354\/354|[from] item: Leftovers
|turn|4
|
|switch|p1a: Swampert|Swampert, F|355\/404
|move|p2a: Donphan|Rapid Spin|p1a: Swampert
|-damage|p1a: Swampert|333\/404
|-sideend|p2: Marky B|Spikes|[from] move: Rapid Spin|[of] p2a: Donphan
|-sideend|p2: Marky B|Stealth Rock|[from] move: Rapid Spin|[of] p2a: Donphan
|
|-heal|p1a: Swampert|358\/404|[from] item: Leftovers
|turn|5
|
|switch|p2a: Florges|Florges, F|360\/360
|move|p1a: Swampert|Stealth Rock|p2a: Florges
|-sidestart|p2: Marky B|move: Stealth Rock
|
|-heal|p1a: Swampert|383\/404|[from] item: Leftovers
|turn|6
|
|switch|p1a: Entei|Entei, shiny|373\/373
|-ability|p1a: Entei|Pressure
|move|p2a: Florges|Toxic|p1a: Entei
|-status|p1a: Entei|tox
|
|-damage|p1a: Entei|350\/373 tox|[from] psn
|turn|7
|
|move|p2a: Florges|Protect|p2a: Florges
|-singleturn|p2a: Florges|Protect
|move|p1a: Entei|Sacred Fire|p2a: Florges
|-activate|p2a: Florges|Protect
|
|-damage|p1a: Entei|304\/373 tox|[from] psn
|turn|8
|
|move|p1a: Entei|Sacred Fire|p2a: Florges
|-damage|p2a: Florges|101\/360
|-status|p2a: Florges|brn
|move|p2a: Florges|Wish|p2a: Florges
|
|-heal|p2a: Florges|123\/360 brn|[from] item: Leftovers
|-damage|p1a: Entei|235\/373 tox|[from] psn
|-damage|p2a: Florges|78\/360 brn|[from] brn
|turn|9
|join|hairy toenail
|
|switch|p1a: Celebi|Celebi|404\/404
|move|p2a: Florges|Protect|p2a: Florges
|-fail|p2a: Florges
|
|-heal|p2a: Florges|258\/360 brn|[from] move: Wish|[wisher] Florges
|-heal|p2a: Florges|280\/360 brn|[from] item: Leftovers
|-damage|p2a: Florges|235\/360 brn|[from] brn
|turn|10
|
|switch|p2a: Jirachi|Jirachi|320\/341
|-damage|p2a: Jirachi|299\/341|[from] Stealth Rock
|move|p1a: Celebi|Nasty Plot|p1a: Celebi
|-boost|p1a: Celebi|spa|2
|
|turn|11
|
|switch|p1a: Mienshao|Mienshao, M|271\/271
|move|p2a: Jirachi|Iron Head|p1a: Mienshao
|-damage|p1a: Mienshao|88\/271
|
|turn|12
|
|switch|p2a: Donphan|Donphan, F|384\/384
|-damage|p2a: Donphan|360\/384|[from] Stealth Rock
|move|p1a: Mienshao|Fake Out|p2a: Donphan
|-damage|p2a: Donphan|318\/384
|-damage|p1a: Mienshao|61\/271|[from] item: Life Orb
|
|-heal|p2a: Donphan|342\/384|[from] item: Leftovers
|turn|13
|
|switch|p1a: Swampert|Swampert, F|383\/404
|move|p2a: Donphan|Stealth Rock|p1a: Swampert
|-sidestart|p1: Lol1z da Fuccboi|move: Stealth Rock
|
|-heal|p1a: Swampert|404\/404|[from] item: Leftovers
|-heal|p2a: Donphan|366\/384|[from] item: Leftovers
|turn|14
|
|switch|p2a: Florges|Florges, F|235\/360 brn
|-damage|p2a: Florges|190\/360 brn|[from] Stealth Rock
|move|p1a: Swampert|Scald|p2a: Florges
|-damage|p2a: Florges|135\/360 brn
|
|-heal|p2a: Florges|157\/360 brn|[from] item: Leftovers
|-damage|p2a: Florges|112\/360 brn|[from] brn
|turn|15
|join|Shit user
|
|move|p2a: Florges|Toxic|p1a: Swampert
|-status|p1a: Swampert|tox
|move|p1a: Swampert|Earthquake|p2a: Florges
|-damage|p2a: Florges|0 fnt
|faint|p2a: Florges
|
|-damage|p1a: Swampert|379\/404 tox|[from] psn
|c|âMarky B|damn
|
|switch|p2a: Virizion|Virizion|323\/323
|-damage|p2a: Virizion|303\/323|[from] Stealth Rock
|turn|16
|c|âMarky B|the lag is real
|join|SmashBrosBrawl
|leave|SmashBrosBrawl
|c|âMarky B|you there brah?
|join|DrReuniclus3
|join|6 agility
|
|switch|p1a: Forretress|Forretress, F|354\/354
|-damage|p1a: Forretress|310\/354|[from] Stealth Rock
|move|p2a: Virizion|Close Combat|p1a: Forretress
|-damage|p1a: Forretress|193\/354
|-unboost|p2a: Virizion|def|1
|-unboost|p2a: Virizion|spd|1
|-damage|p2a: Virizion|271\/323|[from] item: Life Orb
|
|-heal|p1a: Forretress|215\/354|[from] item: Leftovers
|turn|17
|-message|Lol1z da Fuccboi lost due to inactivity.
|leave|hairy toenail
|
|win|Marky B
|raw|Ladder updating...
|raw|Lol1z da Fuccboi's rating: 1661 &rarr; <strong>1633<\/strong><br \/>(-28 for losing)
|raw|Marky B's rating: 1500 &rarr; <strong>1529<\/strong><br \/>(+29 for winning)
|leave|Marky B
|player|p2