|join|LiberalLucario
|join|Marky B
|player|p1|LiberalLucario|134
|player|p2|Marky B|264
|gametype|singles
|gen|6
|tier|UU
|rule|Sleep Clause Mod: Limit one foe put to sleep
|rule|Species Clause: Limit one of each PokÃ©mon
|rule|OHKO Clause: OHKO moves are banned
|rule|Moody Clause: Moody is banned
|rule|Evasion Moves Clause: Evasion moves are banned
|rule|Endless Battle Clause: Forcing endless battles is banned
|rule|HP Percentage Mod: HP is shown in percentages
|clearpoke
|poke|p1|Slowking, F
|poke|p1|Machamp, F
|poke|p1|Krookodile, M
|poke|p1|Crobat, M
|poke|p1|Rotom-Heat
|poke|p1|Abomasnow, F
|poke|p2|Goodra, M
|poke|p2|Donphan, F
|poke|p2|Mienshao, F
|poke|p2|Jirachi
|poke|p2|Suicune
|poke|p2|Haxorus, F
|rule|Swagger Clause: Swagger is banned
|rule|Baton Pass Clause: Limit one PokÃ©mon knowing Baton Pass
|teampreview
|c|âLiberalLucario|ok
|join|BuckoBean29
|join|thymetime
|join|shyguywarrior
|join|thunderkid blitz
|c|âLiberalLucario|glhf
|join|Kyla's Nightmare
|raw|<div class="broadcast-red"><b>Moderated chat was set to +!<\/b><br \/>Only users of rank + and higher can talk.<\/div>
|leave|shyguywarrior
|c|âMarky B|wanna play wit timer off?
|c|âLiberalLucario|Sure
|c|âMarky B|since smogon is laggy af
|c|âLiberalLucario|yeah lol
|c|âMarky B|k glhf
|c|âLiberalLucario|u2
|join|KaiReptilon
|
|start
|switch|p1a: Krookodile|Krookodile, M|331\/331
|switch|p2a: Mienshao|Mienshao, F|271\/271
|-ability|p1a: Krookodile|Intimidate|[of] p2a: Mienshao
|-unboost|p2a: Mienshao|atk|1
|turn|1
|join|ULT Cnorth
|join|Heimerdinger Farms
|join|Lord Delibird
|join|r0ady
|leave|Heimerdinger Farms
|leave|Lord Delibird
|
|switch|p1a: Crobat|Crobat, M|373\/373
|move|p2a: Mienshao|U-turn|p1a: Crobat
|-resisted|p1a: Crobat
|-damage|p1a: Crobat|358\/373
|
|switch|p2a: Donphan|Donphan, F|384\/384
|
|-heal|p1a: Crobat|373\/373|[from] item: Black Sludge
|turn|2
|join|Volbeatdown
|
|move|p1a: Crobat|U-turn|p2a: Donphan
|-damage|p2a: Donphan|348\/384
|
|switch|p1a: Slowking|Slowking, F|394\/394
|move|p2a: Donphan|Knock Off|p1a: Slowking
|-supereffective|p1a: Slowking
|-enditem|p1a: Slowking|Colbur Berry|[eat]
|-damage|p1a: Slowking|322\/394
|
|-heal|p2a: Donphan|372\/384|[from] item: Leftovers
|turn|3
|
|switch|p2a: Goodra|Goodra, M|383\/383
|move|p1a: Slowking|Scald|p2a: Goodra
|-resisted|p2a: Goodra
|-damage|p2a: Goodra|360\/383
|
|turn|4
|join|Eat Pie
|
|switch|p1a: Rotom-Heat|Rotom-Heat|303\/303
|move|p2a: Goodra|Dragon Pulse|p1a: Rotom-Heat
|-damage|p1a: Rotom-Heat|173\/303
|
|-heal|p1a: Rotom-Heat|191\/303|[from] item: Leftovers
|turn|5
|leave|BuckoBean29
|join|ULT Skysoki
|leave|Eat Pie
|
|move|p1a: Rotom-Heat|Volt Switch|p2a: Goodra
|-resisted|p2a: Goodra
|-damage|p2a: Goodra|340\/383
|
|switch|p1a: Machamp|Machamp, F|364\/364
|move|p2a: Goodra|Dragon Pulse|p1a: Machamp
|-damage|p1a: Machamp|259\/364
|
|turn|6
|
|switch|p2a: Donphan|Donphan, F|372\/384
|move|p1a: Machamp|Knock Off|p2a: Donphan
|-damage|p2a: Donphan|301\/384
|-enditem|p2a: Donphan|Leftovers|[from] move: Knock Off|[of] p1a: Machamp
|
|turn|7
|leave|ULT Cnorth
|
|switch|p1a: Slowking|Slowking, F|394\/394
|move|p2a: Donphan|Stealth Rock|p1a: Slowking
|-sidestart|p1: LiberalLucario|move: Stealth Rock
|
|turn|8
|
|switch|p2a: Suicune|Suicune|404\/404
|-ability|p2a: Suicune|Pressure
|move|p1a: Slowking|Scald|p2a: Suicune
|-resisted|p2a: Suicune
|-damage|p2a: Suicune|362\/404
|
|-heal|p2a: Suicune|387\/404|[from] item: Leftovers
|turn|9
|
|move|p2a: Suicune|Scald|p1a: Slowking
|-resisted|p1a: Slowking
|-damage|p1a: Slowking|352\/394
|move|p1a: Slowking|Nasty Plot|p1a: Slowking
|-boost|p1a: Slowking|spa|2
|
|-heal|p2a: Suicune|404\/404|[from] item: Leftovers
|turn|10
|
|switch|p2a: Goodra|Goodra, M|340\/383
|move|p1a: Slowking|Nasty Plot|p1a: Slowking
|-boost|p1a: Slowking|spa|2
|
|turn|11
|
|move|p2a: Goodra|Thunderbolt|p1a: Slowking
|-supereffective|p1a: Slowking
|-damage|p1a: Slowking|182\/394
|move|p1a: Slowking|Slack Off|p1a: Slowking
|-heal|p1a: Slowking|379\/394
|
|turn|12
|
|move|p2a: Goodra|Thunderbolt|p1a: Slowking
|-supereffective|p1a: Slowking
|-damage|p1a: Slowking|211\/394
|move|p1a: Slowking|Psyshock|p2a: Goodra
|-damage|p2a: Goodra|9\/383
|
|turn|13
|
|switch|p1a: Krookodile|Krookodile, M|331\/331
|-damage|p1a: Krookodile|311\/331|[from] Stealth Rock
|-ability|p1a: Krookodile|Intimidate|[of] p2a: Goodra
|-unboost|p2a: Goodra|atk|1
|move|p2a: Goodra|Thunderbolt|p1a: Krookodile
|-immune|p1a: Krookodile|[msg]
|
|turn|14
|
|move|p1a: Krookodile|Knock Off|p2a: Goodra
|-damage|p2a: Goodra|0 fnt
|-unboost|p1a: Krookodile|spe|1
|-enditem|p2a: Goodra|Assault Vest|[from] move: Knock Off|[of] p1a: Krookodile
|faint|p2a: Goodra
|
|
|switch|p2a: Mienshao|Mienshao, F|271\/271
|turn|15
|
|switch|p1a: Slowking|Slowking, F|342\/394
|-damage|p1a: Slowking|293\/394|[from] Stealth Rock
|move|p2a: Mienshao|U-turn|p1a: Slowking
|-supereffective|p1a: Slowking
|-damage|p1a: Slowking|157\/394
|
|switch|p2a: Jirachi|Jirachi|404\/404
|
|turn|16
|
|move|p2a: Jirachi|Substitute|p2a: Jirachi
|-start|p2a: Jirachi|Substitute
|-damage|p2a: Jirachi|303\/404
|move|p1a: Slowking|Slack Off|p1a: Slowking
|-heal|p1a: Slowking|354\/394
|
|-heal|p2a: Jirachi|328\/404|[from] item: Leftovers
|turn|17
|
|switch|p1a: Crobat|Crobat, M|373\/373
|-damage|p1a: Crobat|280\/373|[from] Stealth Rock
|move|p2a: Jirachi|Toxic|p1a: Crobat
|-fail|p1a: Crobat
|
|-heal|p1a: Crobat|303\/373|[from] item: Black Sludge
|-heal|p2a: Jirachi|353\/404|[from] item: Leftovers
|turn|18
|
|move|p1a: Crobat|Defog|p2a: Jirachi
|-sideend|p1: LiberalLucario|Stealth Rock|[from] move: Defog|[of] p1a: Crobat
|move|p2a: Jirachi|Iron Head|p1a: Crobat
|-damage|p1a: Crobat|173\/373
|
|-heal|p1a: Crobat|196\/373|[from] item: Black Sludge
|-heal|p2a: Jirachi|378\/404|[from] item: Leftovers
|turn|19
|
|move|p1a: Crobat|Brave Bird|p2a: Jirachi
|-resisted|p2a: Jirachi
|-damage|p2a: Jirachi|306\/404
|-damage|p1a: Crobat|172\/373|[from] recoil|[of] p2a: Jirachi
|move|p2a: Jirachi|Iron Head|p1a: Crobat
|-damage|p1a: Crobat|51\/373
|
|-heal|p1a: Crobat|74\/373|[from] item: Black Sludge
|-heal|p2a: Jirachi|331\/404|[from] item: Leftovers
|turn|20
|
|move|p1a: Crobat|Roost|p1a: Crobat
|-heal|p1a: Crobat|261\/373
|move|p2a: Jirachi|Fire Punch|p1a: Crobat
|-damage|p1a: Crobat|188\/373
|
|-heal|p1a: Crobat|211\/373|[from] item: Black Sludge
|-heal|p2a: Jirachi|356\/404|[from] item: Leftovers
|turn|21
|
|switch|p1a: Rotom-Heat|Rotom-Heat|191\/303
|move|p2a: Jirachi|Fire Punch|p1a: Rotom-Heat
|-resisted|p1a: Rotom-Heat
|-damage|p1a: Rotom-Heat|168\/303
|
|-heal|p2a: Jirachi|381\/404|[from] item: Leftovers
|-heal|p1a: Rotom-Heat|186\/303|[from] item: Leftovers
|turn|22
|
|move|p2a: Jirachi|Toxic|p1a: Rotom-Heat
|-status|p1a: Rotom-Heat|tox
|move|p1a: Rotom-Heat|Overheat|p2a: Jirachi|[miss]
|-miss|p1a: Rotom-Heat|p2a: Jirachi
|
|-heal|p2a: Jirachi|404\/404|[from] item: Leftovers
|-heal|p1a: Rotom-Heat|204\/303 tox|[from] item: Leftovers
|-damage|p1a: Rotom-Heat|186\/303 tox|[from] psn
|turn|23
|
|switch|p1a: Crobat|Crobat, M|211\/373
|move|p2a: Jirachi|Iron Head|p1a: Crobat
|-damage|p1a: Crobat|85\/373
|
|-heal|p1a: Crobat|108\/373|[from] item: Black Sludge
|turn|24
|
|move|p1a: Crobat|Roost|p1a: Crobat
|-heal|p1a: Crobat|295\/373
|move|p2a: Jirachi|Fire Punch|p1a: Crobat
|-damage|p1a: Crobat|219\/373
|
|-heal|p1a: Crobat|242\/373|[from] item: Black Sludge
|turn|25
|
|move|p1a: Crobat|Brave Bird|p2a: Jirachi
|-resisted|p2a: Jirachi
|-damage|p2a: Jirachi|332\/404
|-damage|p1a: Crobat|218\/373|[from] recoil|[of] p2a: Jirachi
|move|p2a: Jirachi|Fire Punch|p1a: Crobat
|-damage|p1a: Crobat|141\/373
|
|-heal|p1a: Crobat|164\/373|[from] item: Black Sludge
|-heal|p2a: Jirachi|357\/404|[from] item: Leftovers
|turn|26
|
|move|p1a: Crobat|Roost|p1a: Crobat
|-heal|p1a: Crobat|351\/373
|move|p2a: Jirachi|Fire Punch|p1a: Crobat
|-damage|p1a: Crobat|268\/373
|
|-heal|p1a: Crobat|291\/373|[from] item: Black Sludge
|-heal|p2a: Jirachi|382\/404|[from] item: Leftovers
|turn|27
|
|move|p1a: Crobat|U-turn|p2a: Jirachi
|-damage|p2a: Jirachi|326\/404
|
|switch|p1a: Krookodile|Krookodile, M|311\/331
|-activate|p2a: Jirachi|Substitute|ability: Intimidate|[of] p1a: Krookodile
|move|p2a: Jirachi|Fire Punch|p1a: Krookodile
|-crit|p1a: Krookodile
|-damage|p1a: Krookodile|190\/331
|
|-heal|p2a: Jirachi|351\/404|[from] item: Leftovers
|turn|28
|
|switch|p2a: Donphan|Donphan, F|301\/384
|move|p1a: Krookodile|Knock Off|p2a: Donphan
|-damage|p2a: Donphan|217\/384
|
|turn|29
|
|switch|p1a: Slowking|Slowking, F|394\/394
|move|p2a: Donphan|Stealth Rock|p1a: Slowking
|-sidestart|p1: LiberalLucario|move: Stealth Rock
|
|turn|30
|
|switch|p2a: Jirachi|Jirachi|351\/404
|move|p1a: Slowking|Scald|p2a: Jirachi
|-damage|p2a: Jirachi|252\/404
|
|-heal|p2a: Jirachi|277\/404|[from] item: Leftovers
|turn|31
|
|move|p2a: Jirachi|Substitute|p2a: Jirachi
|-start|p2a: Jirachi|Substitute
|-damage|p2a: Jirachi|176\/404
|move|p1a: Slowking|Scald|p2a: Jirachi
|-activate|p2a: Jirachi|Substitute|[damage]
|
|-heal|p2a: Jirachi|201\/404|[from] item: Leftovers
|turn|32
|
|move|p2a: Jirachi|Toxic|p1a: Slowking
|-status|p1a: Slowking|tox
|move|p1a: Slowking|Scald|p2a: Jirachi
|-end|p2a: Jirachi|Substitute
|
|-heal|p2a: Jirachi|226\/404|[from] item: Leftovers
|-damage|p1a: Slowking|370\/394 tox|[from] psn
|turn|33
|leave|r0ady
|
|move|p2a: Jirachi|Substitute|p2a: Jirachi
|-start|p2a: Jirachi|Substitute
|-damage|p2a: Jirachi|125\/404
|move|p1a: Slowking|Scald|p2a: Jirachi
|-activate|p2a: Jirachi|Substitute|[damage]
|
|-heal|p2a: Jirachi|150\/404|[from] item: Leftovers
|-damage|p1a: Slowking|322\/394 tox|[from] psn
|turn|34
|
|switch|p1a: Crobat|Crobat, M|291\/373
|-damage|p1a: Crobat|198\/373|[from] Stealth Rock
|move|p2a: Jirachi|Iron Head|p1a: Crobat
|-damage|p1a: Crobat|60\/373
|
|-heal|p1a: Crobat|83\/373|[from] item: Black Sludge
|-heal|p2a: Jirachi|175\/404|[from] item: Leftovers
|turn|35
|leave|ULT Skysoki
|
|move|p1a: Crobat|Roost|p1a: Crobat
|-heal|p1a: Crobat|270\/373
|move|p2a: Jirachi|Fire Punch|p1a: Crobat
|-damage|p1a: Crobat|187\/373
|
|-heal|p1a: Crobat|210\/373|[from] item: Black Sludge
|-heal|p2a: Jirachi|200\/404|[from] item: Leftovers
|turn|36
|
|move|p1a: Crobat|Defog|p2a: Jirachi
|-sideend|p1: LiberalLucario|Stealth Rock|[from] move: Defog|[of] p1a: Crobat
|move|p2a: Jirachi|Fire Punch|p1a: Crobat
|-damage|p1a: Crobat|128\/373
|
|-heal|p1a: Crobat|151\/373|[from] item: Black Sludge
|-heal|p2a: Jirachi|225\/404|[from] item: Leftovers
|turn|37
|
|move|p1a: Crobat|Roost|p1a: Crobat
|-heal|p1a: Crobat|338\/373
|move|p2a: Jirachi|Fire Punch|p1a: Crobat
|-damage|p1a: Crobat|258\/373
|
|-heal|p1a: Crobat|281\/373|[from] item: Black Sludge
|-heal|p2a: Jirachi|250\/404|[from] item: Leftovers
|turn|38
|
|move|p1a: Crobat|Brave Bird|p2a: Jirachi
|-resisted|p2a: Jirachi
|-damage|p2a: Jirachi|180\/404
|-damage|p1a: Crobat|258\/373|[from] recoil|[of] p2a: Jirachi
|move|p2a: Jirachi|Fire Punch|p1a: Crobat
|-damage|p1a: Crobat|175\/373
|
|-heal|p1a: Crobat|198\/373|[from] item: Black Sludge
|-heal|p2a: Jirachi|205\/404|[from] item: Leftovers
|turn|39
|
|move|p1a: Crobat|Brave Bird|p2a: Jirachi
|-resisted|p2a: Jirachi
|-damage|p2a: Jirachi|136\/404
|-damage|p1a: Crobat|175\/373|[from] recoil|[of] p2a: Jirachi
|move|p2a: Jirachi|Fire Punch|p1a: Crobat
|-crit|p1a: Crobat
|-damage|p1a: Crobat|50\/373
|
|-heal|p1a: Crobat|73\/373|[from] item: Black Sludge
|-heal|p2a: Jirachi|161\/404|[from] item: Leftovers
|turn|40
|
|move|p1a: Crobat|Roost|p1a: Crobat
|-heal|p1a: Crobat|260\/373
|move|p2a: Jirachi|Fire Punch|p1a: Crobat
|-damage|p1a: Crobat|184\/373
|
|-heal|p1a: Crobat|207\/373|[from] item: Black Sludge
|-heal|p2a: Jirachi|186\/404|[from] item: Leftovers
|turn|41
|
|move|p1a: Crobat|Brave Bird|p2a: Jirachi
|-resisted|p2a: Jirachi
|-damage|p2a: Jirachi|115\/404
|-damage|p1a: Crobat|184\/373|[from] recoil|[of] p2a: Jirachi
|move|p2a: Jirachi|Fire Punch|p1a: Crobat
|-damage|p1a: Crobat|101\/373
|
|-heal|p1a: Crobat|124\/373|[from] item: Black Sludge
|-heal|p2a: Jirachi|140\/404|[from] item: Leftovers
|turn|42
|
|move|p1a: Crobat|Roost|p1a: Crobat
|-heal|p1a: Crobat|311\/373
|move|p2a: Jirachi|Iron Head|p1a: Crobat
|-damage|p1a: Crobat|194\/373
|
|-heal|p1a: Crobat|217\/373|[from] item: Black Sludge
|-heal|p2a: Jirachi|165\/404|[from] item: Leftovers
|turn|43
|
|move|p1a: Crobat|Brave Bird|p2a: Jirachi
|-resisted|p2a: Jirachi
|-damage|p2a: Jirachi|96\/404
|-damage|p1a: Crobat|194\/373|[from] recoil|[of] p2a: Jirachi
|move|p2a: Jirachi|Fire Punch|p1a: Crobat
|-damage|p1a: Crobat|116\/373
|
|-heal|p1a: Crobat|139\/373|[from] item: Black Sludge
|-heal|p2a: Jirachi|121\/404|[from] item: Leftovers
|turn|44
|
|switch|p2a: Suicune|Suicune|404\/404
|-ability|p2a: Suicune|Pressure
|move|p1a: Crobat|Roost|p1a: Crobat
|-heal|p1a: Crobat|326\/373
|
|-heal|p1a: Crobat|349\/373|[from] item: Black Sludge
|turn|45
|
|move|p1a: Crobat|U-turn|p2a: Suicune
|-damage|p2a: Suicune|371\/404
|
|switch|p1a: Abomasnow|Abomasnow, F|383\/383
|move|p2a: Suicune|Scald|p1a: Abomasnow
|-crit|p1a: Abomasnow
|-resisted|p1a: Abomasnow
|-damage|p1a: Abomasnow|308\/383
|-status|p1a: Abomasnow|brn
|
|-heal|p2a: Suicune|396\/404|[from] item: Leftovers
|-damage|p1a: Abomasnow|261\/383 brn|[from] brn
|turn|46
|
|switch|p2a: Mienshao|Mienshao, F|271\/271
|detailschange|p1a: Abomasnow|Abomasnow-Mega, F
|-mega|p1a: Abomasnow|Abomasnow|Abomasite
|-weather|Hail
|move|p1a: Abomasnow|Seed Bomb|p2a: Mienshao
|-damage|p2a: Mienshao|142\/271
|
|-weather|Hail|[upkeep]
|-damage|p2a: Mienshao|126\/271|[from] hail
|-damage|p1a: Abomasnow|214\/383 brn|[from] brn
|turn|47
|
|switch|p1a: Crobat|Crobat, M|349\/373
|move|p2a: Mienshao|High Jump Kick|p1a: Crobat|[miss]
|-miss|p2a: Mienshao|p1a: Crobat
|-damage|p2a: Mienshao|0 fnt|[from] highjumpkick
|faint|p2a: Mienshao
|
|-weather|Hail|[upkeep]
|-damage|p1a: Crobat|326\/373|[from] hail
|-heal|p1a: Crobat|349\/373|[from] item: Black Sludge
|join|r0ady
|
|switch|p2a: Suicune|Suicune|396\/404
|-ability|p2a: Suicune|Pressure
|turn|48
|
|move|p1a: Crobat|U-turn|p2a: Suicune
|-damage|p2a: Suicune|357\/404
|
|switch|p1a: Slowking|Slowking, F|394\/394 tox
|move|p2a: Suicune|Scald|p1a: Slowking
|-resisted|p1a: Slowking
|-damage|p1a: Slowking|353\/394 tox
|
|-weather|Hail|[upkeep]
|-damage|p2a: Suicune|332\/404|[from] hail
|-damage|p1a: Slowking|329\/394 tox|[from] hail
|-heal|p2a: Suicune|357\/404|[from] item: Leftovers
|-damage|p1a: Slowking|305\/394 tox|[from] psn
|turn|49
|join|A Sassy Black Man
|
|move|p2a: Suicune|Calm Mind|p2a: Suicune
|-boost|p2a: Suicune|spa|1
|-boost|p2a: Suicune|spd|1
|move|p1a: Slowking|Nasty Plot|p1a: Slowking
|-boost|p1a: Slowking|spa|2
|
|-weather|Hail|[upkeep]
|-damage|p2a: Suicune|332\/404|[from] hail
|-damage|p1a: Slowking|281\/394 tox|[from] hail
|-heal|p2a: Suicune|357\/404|[from] item: Leftovers
|-damage|p1a: Slowking|233\/394 tox|[from] psn
|turn|50
|
|move|p2a: Suicune|Scald|p1a: Slowking
|-resisted|p1a: Slowking
|-damage|p1a: Slowking|169\/394 tox
|move|p1a: Slowking|Psyshock|p2a: Suicune
|-damage|p2a: Suicune|236\/404
|
|-weather|none
|-heal|p2a: Suicune|261\/404|[from] item: Leftovers
|-damage|p1a: Slowking|97\/394 tox|[from] psn
|turn|51
|
|move|p2a: Suicune|Rest|p2a: Suicune
|-status|p2a: Suicune|slp
|-heal|p2a: Suicune|404\/404 slp|[silent]
|-status|p2a: Suicune|slp|[from] move: Rest
|move|p1a: Slowking|Psyshock|p2a: Suicune
|-damage|p2a: Suicune|278\/404 slp
|
|-heal|p2a: Suicune|303\/404 slp|[from] item: Leftovers
|-damage|p1a: Slowking|1\/394 tox|[from] psn
|turn|52
|
|cant|p2a: Suicune|slp
|move|p2a: Suicune|Sleep Talk|p2a: Suicune
|move|p2a: Suicune|Rest|p2a: Suicune|[from]Sleep Talk
|-fail|p2a: Suicune
|move|p1a: Slowking|Psyshock|p2a: Suicune
|-damage|p2a: Suicune|170\/404 slp
|
|-heal|p2a: Suicune|195\/404 slp|[from] item: Leftovers
|-damage|p1a: Slowking|0 fnt|[from] psn
|faint|p1a: Slowking
|leave|Kyla's Nightmare
|
|switch|p1a: Abomasnow|Abomasnow-Mega, F|214\/383 brn
|-weather|Hail
|turn|53
|
|cant|p2a: Suicune|slp
|move|p2a: Suicune|Sleep Talk|p2a: Suicune
|move|p2a: Suicune|Calm Mind|p2a: Suicune|[from]Sleep Talk
|-boost|p2a: Suicune|spa|1
|-boost|p2a: Suicune|spd|1
|move|p1a: Abomasnow|Swords Dance|p1a: Abomasnow
|-boost|p1a: Abomasnow|atk|2
|
|-weather|Hail|[upkeep]
|-damage|p2a: Suicune|170\/404 slp|[from] hail
|-heal|p2a: Suicune|195\/404 slp|[from] item: Leftovers
|-damage|p1a: Abomasnow|167\/383 brn|[from] brn
|turn|54
|
|switch|p2a: Donphan|Donphan, F|217\/384
|move|p1a: Abomasnow|Seed Bomb|p2a: Donphan
|-crit|p2a: Donphan
|-supereffective|p2a: Donphan
|-damage|p2a: Donphan|0 fnt
|faint|p2a: Donphan
|
|-weather|Hail|[upkeep]
|-damage|p1a: Abomasnow|120\/383 brn|[from] brn
|
|switch|p2a: Jirachi|Jirachi|121\/404
|turn|55
|
|switch|p1a: Crobat|Crobat, M|349\/373
|move|p2a: Jirachi|Fire Punch|p1a: Crobat
|-damage|p1a: Crobat|271\/373
|-status|p1a: Crobat|brn
|
|-weather|Hail|[upkeep]
|-damage|p1a: Crobat|248\/373 brn|[from] hail
|-damage|p2a: Jirachi|96\/404|[from] hail
|-heal|p1a: Crobat|271\/373 brn|[from] item: Black Sludge
|-heal|p2a: Jirachi|121\/404|[from] item: Leftovers
|-damage|p1a: Crobat|225\/373 brn|[from] brn
|turn|56
|join|Kuza
|
|move|p1a: Crobat|U-turn|p2a: Jirachi
|-damage|p2a: Jirachi|93\/404
|
|switch|p1a: Krookodile|Krookodile, M|190\/331
|-ability|p1a: Krookodile|Intimidate|[of] p2a: Jirachi
|-unboost|p2a: Jirachi|atk|1
|move|p2a: Jirachi|Iron Head|p1a: Krookodile
|-damage|p1a: Krookodile|112\/331
|
|-weather|Hail|[upkeep]
|-damage|p1a: Krookodile|92\/331|[from] hail
|-damage|p2a: Jirachi|68\/404|[from] hail
|-heal|p2a: Jirachi|93\/404|[from] item: Leftovers
|turn|57
|
|switch|p1a: Rotom-Heat|Rotom-Heat|186\/303 tox
|move|p2a: Jirachi|Iron Head|p1a: Rotom-Heat
|-resisted|p1a: Rotom-Heat
|-damage|p1a: Rotom-Heat|174\/303 tox
|
|-weather|none
|-heal|p2a: Jirachi|118\/404|[from] item: Leftovers
|-heal|p1a: Rotom-Heat|192\/303 tox|[from] item: Leftovers
|-damage|p1a: Rotom-Heat|174\/303 tox|[from] psn
|turn|58
|leave|Kuza
|
|move|p2a: Jirachi|Iron Head|p1a: Rotom-Heat
|-resisted|p1a: Rotom-Heat
|-damage|p1a: Rotom-Heat|161\/303 tox
|cant|p1a: Rotom-Heat|flinch
|
|-heal|p2a: Jirachi|143\/404|[from] item: Leftovers
|-heal|p1a: Rotom-Heat|179\/303 tox|[from] item: Leftovers
|-damage|p1a: Rotom-Heat|143\/303 tox|[from] psn
|turn|59
|
|move|p2a: Jirachi|Iron Head|p1a: Rotom-Heat
|-resisted|p1a: Rotom-Heat
|-damage|p1a: Rotom-Heat|132\/303 tox
|cant|p1a: Rotom-Heat|flinch
|
|-heal|p2a: Jirachi|168\/404|[from] item: Leftovers
|-heal|p1a: Rotom-Heat|150\/303 tox|[from] item: Leftovers
|-damage|p1a: Rotom-Heat|96\/303 tox|[from] psn
|turn|60
|
|move|p2a: Jirachi|Iron Head|p1a: Rotom-Heat
|-resisted|p1a: Rotom-Heat
|-damage|p1a: Rotom-Heat|84\/303 tox
|move|p1a: Rotom-Heat|Will-O-Wisp|p2a: Jirachi
|-status|p2a: Jirachi|brn
|
|-heal|p2a: Jirachi|193\/404 brn|[from] item: Leftovers
|-heal|p1a: Rotom-Heat|102\/303 tox|[from] item: Leftovers
|-damage|p2a: Jirachi|143\/404 brn|[from] brn
|-damage|p1a: Rotom-Heat|30\/303 tox|[from] psn
|turn|61
|
|move|p2a: Jirachi|Iron Head|p1a: Rotom-Heat
|-resisted|p1a: Rotom-Heat
|-damage|p1a: Rotom-Heat|24\/303 tox
|cant|p1a: Rotom-Heat|flinch
|
|-heal|p2a: Jirachi|168\/404 brn|[from] item: Leftovers
|-heal|p1a: Rotom-Heat|42\/303 tox|[from] item: Leftovers
|-damage|p2a: Jirachi|118\/404 brn|[from] brn
|-damage|p1a: Rotom-Heat|0 fnt|[from] psn
|faint|p1a: Rotom-Heat
|
|switch|p1a: Machamp|Machamp, F|259\/364
|turn|62
|
|move|p2a: Jirachi|Toxic|p1a: Machamp
|-status|p1a: Machamp|tox
|move|p1a: Machamp|Knock Off|p2a: Jirachi
|-supereffective|p2a: Jirachi
|-damage|p2a: Jirachi|0 fnt
|-enditem|p2a: Jirachi|Leftovers|[from] move: Knock Off|[of] p1a: Machamp
|faint|p2a: Jirachi
|
|-damage|p1a: Machamp|237\/364 tox|[from] psn
|join|Kuza
|
|switch|p2a: Suicune|Suicune|195\/404 slp
|-ability|p2a: Suicune|Pressure
|turn|63
|leave|Kuza
|
|-curestatus|p2a: Suicune|slp
|move|p2a: Suicune|Rest|p2a: Suicune
|-status|p2a: Suicune|slp
|-heal|p2a: Suicune|404\/404 slp|[silent]
|-status|p2a: Suicune|slp|[from] move: Rest
|move|p1a: Machamp|Close Combat|p2a: Suicune
|-damage|p2a: Suicune|205\/404 slp
|-unboost|p1a: Machamp|def|1
|-unboost|p1a: Machamp|spd|1
|
|-heal|p2a: Suicune|230\/404 slp|[from] item: Leftovers
|-damage|p1a: Machamp|193\/364 tox|[from] psn
|turn|64
|
|cant|p2a: Suicune|slp
|move|p2a: Suicune|Sleep Talk|p2a: Suicune
|move|p2a: Suicune|Calm Mind|p2a: Suicune|[from]Sleep Talk
|-boost|p2a: Suicune|spa|1
|-boost|p2a: Suicune|spd|1
|move|p1a: Machamp|Close Combat|p2a: Suicune
|-damage|p2a: Suicune|10\/404 slp
|-unboost|p1a: Machamp|def|1
|-unboost|p1a: Machamp|spd|1
|
|-heal|p2a: Suicune|35\/404 slp|[from] item: Leftovers
|-damage|p1a: Machamp|127\/364 tox|[from] psn
|turn|65
|
|cant|p2a: Suicune|slp
|move|p2a: Suicune|Sleep Talk|p2a: Suicune
|move|p2a: Suicune|Rest|p2a: Suicune|[from]Sleep Talk
|-fail|p2a: Suicune
|move|p1a: Machamp|Knock Off|p2a: Suicune
|-damage|p2a: Suicune|0 fnt
|-enditem|p2a: Suicune|Leftovers|[from] move: Knock Off|[of] p1a: Machamp
|faint|p2a: Suicune
|
|-damage|p1a: Machamp|39\/364 tox|[from] psn
|c|âMarky B|ofc
|c|âLiberalLucario|i mean
|c|âLiberalLucario|the game was over anyway
|c|âMarky B|it wasnt lol
|c|âLiberalLucario|unless youre
|c|âLiberalLucario|jolly haxorus?
|c|âLiberalLucario|hmm.
|
|switch|p2a: Haxorus|Haxorus, F|293\/293
|-ability|p2a: Haxorus|Mold Breaker
|turn|66
|
|move|p1a: Machamp|Bullet Punch|p2a: Haxorus
|-crit|p2a: Haxorus
|-damage|p2a: Haxorus|183\/293
|move|p2a: Haxorus|Dragon Claw|p1a: Machamp
|-damage|p1a: Machamp|0 fnt
|faint|p1a: Machamp
|
|c|âMarky B|cmon
|
|switch|p1a: Abomasnow|Abomasnow-Mega, F|120\/383 brn
|-weather|Hail
|turn|67
|
|switch|p1a: Krookodile|Krookodile, M|92\/331
|-ability|p1a: Krookodile|Intimidate|[of] p2a: Haxorus
|-unboost|p2a: Haxorus|atk|1
|move|p2a: Haxorus|Poison Jab|p1a: Krookodile
|-resisted|p1a: Krookodile
|-damage|p1a: Krookodile|49\/331
|
|-weather|Hail|[upkeep]
|-damage|p1a: Krookodile|29\/331|[from] hail
|-damage|p2a: Haxorus|165\/293|[from] hail
|turn|68
|leave|KaiReptilon
|
|move|p1a: Krookodile|Knock Off|p2a: Haxorus
|-damage|p2a: Haxorus|0 fnt
|-enditem|p2a: Haxorus|Lum Berry|[from] move: Knock Off|[of] p1a: Krookodile
|faint|p2a: Haxorus
|
|win|LiberalLucario
|c|âLiberalLucario|gg
|c|âMarky B|gg
|leave|Marky B
|leave|r0ady