|join|Bippy
|join|ninimia
|player|p1|Bippy|156
|player|p2|ninimia|265
|gametype|singles
|gen|6
|tier|OU
|rated
|clearpoke
|poke|p1|Darmanitan, F
|poke|p1|Klefki, M
|poke|p1|Donphan, F
|poke|p1|Goodra, F
|poke|p1|Skarmory, F
|poke|p1|Gastrodon, M
|poke|p2|Talonflame, F
|poke|p2|Bisharp, F
|poke|p2|Weavile, F
|poke|p2|Banette, F
|poke|p2|Garchomp, F
|poke|p2|Deoxys-Speed
|rule|Sleep Clause Mod: Limit one foe put to sleep
|rule|Species Clause: Limit one of each Pokemon
|rule|OHKO Clause: OHKO moves are banned
|rule|Moody Clause: Moody is banned
|rule|Evasion Moves Clause: Evasion moves are banned
|rule|Endless Battle Clause: Forcing endless battles is banned.
|rule|HP Percentage Mod: HP is reported as percentages
|teampreview
|
|start
|switch|p1a: Phan-Phan|Donphan, F|384\/384
|switch|p2a: Deoxys-Speed|Deoxys-Speed|242\/242
|-ability|p2a: Deoxys-Speed|Pressure
|turn|1
|
|move|p2a: Deoxys-Speed|Psycho Boost|p1a: Phan-Phan
|-damage|p1a: Phan-Phan|57\/384
|-unboost|p2a: Deoxys-Speed|spa|2
|move|p1a: Phan-Phan|Knock Off|p2a: Deoxys-Speed
|-supereffective|p2a: Deoxys-Speed
|-enditem|p2a: Deoxys-Speed|Focus Sash
|-damage|p2a: Deoxys-Speed|1\/242
|
|-heal|p1a: Phan-Phan|81\/384|[from] item: Leftovers
|turn|2
|
|switch|p2a: Weavile|Weavile, F|282\/282
|-ability|p2a: Weavile|Pressure
|move|p1a: Phan-Phan|Ice Shard|p2a: Weavile
|-resisted|p2a: Weavile
|-damage|p2a: Weavile|245\/282
|
|-heal|p1a: Phan-Phan|105\/384|[from] item: Leftovers
|turn|3
|
|switch|p1a: Gilette|Skarmory, F|334\/334
|move|p2a: Weavile|Knock Off|p1a: Gilette
|-damage|p1a: Gilette|216\/334
|-enditem|p1a: Gilette|Leftovers|[from] move: Knock Off|[of] p2a: Weavile
|-damage|p2a: Weavile|217\/282|[from] item: Life Orb
|
|turn|4
|
|switch|p2a: Deoxys-Speed|Deoxys-Speed|1\/242
|-ability|p2a: Deoxys-Speed|Pressure
|move|p1a: Gilette|Stealth Rock|p2a: Deoxys-Speed
|-sidestart|p2: ninimia|move: Stealth Rock
|
|turn|5
|
|switch|p1a: Phan-Phan|Donphan, F|105\/384
|move|p2a: Deoxys-Speed|Stealth Rock|p1a: Phan-Phan
|-sidestart|p1: Bippy|move: Stealth Rock
|
|-heal|p1a: Phan-Phan|129\/384|[from] item: Leftovers
|turn|6
|
|move|p1a: Phan-Phan|Ice Shard|p2a: Deoxys-Speed
|-damage|p2a: Deoxys-Speed|0 fnt
|faint|p2a: Deoxys-Speed
|
|-heal|p1a: Phan-Phan|153\/384|[from] item: Leftovers
|
|switch|p2a: Weavile|Weavile, F|217\/282
|-damage|p2a: Weavile|147\/282|[from] Stealth Rock
|-ability|p2a: Weavile|Pressure
|turn|7
|
|move|p2a: Weavile|Knock Off|p1a: Phan-Phan
|-damage|p1a: Phan-Phan|0 fnt
|-damage|p2a: Weavile|119\/282|[from] item: Life Orb
|faint|p1a: Phan-Phan
|
|
|switch|p1a: Gilette|Skarmory, F|216\/334
|-damage|p1a: Gilette|175\/334|[from] Stealth Rock
|turn|8
|
|switch|p2a: Banette|Banette, F|332\/332
|-damage|p2a: Banette|291\/332|[from] Stealth Rock
|move|p1a: Gilette|Roost|p1a: Gilette
|-heal|p1a: Gilette|334\/334
|
|turn|9
|
|-formechange|p2a: Banette|Banette-Mega
|message|Banette has Mega Evolved into Mega Banette!
|move|p2a: Banette|Infestation|p1a: Gilette
|-resisted|p1a: Gilette
|-damage|p1a: Gilette|329\/334
|-activate|p1a: Gilette|move: Infestation|[of] p2a: Banette
|move|p1a: Gilette|Whirlwind|p2a: Banette
|drag|p2a: Talonflame|Talonflame, F|297\/297
|-damage|p2a: Talonflame|149\/297|[from] Stealth Rock
|
|-end|p1a: Gilette|Infestation|[partiallytrapped]
|turn|10
|
|switch|p1a: McGary|Gastrodon, M|426\/426
|-damage|p1a: McGary|400\/426|[from] Stealth Rock
|move|p2a: Talonflame|Flare Blitz|p1a: McGary
|-resisted|p1a: McGary
|-damage|p1a: McGary|277\/426
|-damage|p2a: Talonflame|108\/297|[from] recoil|[of] p1a: McGary
|
|-heal|p1a: McGary|303\/426|[from] item: Leftovers
|turn|11
|
|move|p2a: Talonflame|Flare Blitz|p1a: McGary
|-resisted|p1a: McGary
|-damage|p1a: McGary|177\/426
|-damage|p2a: Talonflame|66\/297|[from] recoil|[of] p1a: McGary
|move|p1a: McGary|Scald|p2a: Talonflame
|-supereffective|p2a: Talonflame
|-damage|p2a: Talonflame|0 fnt
|faint|p2a: Talonflame
|
|-heal|p1a: McGary|203\/426|[from] item: Leftovers
|
|switch|p2a: Bisharp|Bisharp, F|271\/271
|-damage|p2a: Bisharp|255\/271|[from] Stealth Rock
|turn|12
|
|move|p2a: Bisharp|Knock Off|p1a: McGary
|-damage|p1a: McGary|0 fnt
|-damage|p2a: Bisharp|228\/271|[from] item: Life Orb
|faint|p1a: McGary
|
|
|switch|p1a: Gilette|Skarmory, F|329\/334
|-damage|p1a: Gilette|288\/334|[from] Stealth Rock
|turn|13
|
|move|p2a: Bisharp|Swords Dance|p2a: Bisharp
|-boost|p2a: Bisharp|atk|2
|move|p1a: Gilette|Whirlwind|p2a: Bisharp
|drag|p2a: Banette|Banette, F|291\/332
|-formechange|p2a: Banette|Banette-Mega
|-damage|p2a: Banette|250\/332|[from] Stealth Rock
|
|turn|14
|
|move|p2a: Banette|Taunt|p1a: Gilette
|-start|p1a: Gilette|move: Taunt
|cant|p1a: Gilette|move: Taunt|Whirlwind
|
|turn|15
|
|switch|p1a: Kill things|Darmanitan, F|351\/351
|-damage|p1a: Kill things|264\/351|[from] Stealth Rock
|move|p2a: Banette|Infestation|p1a: Kill things
|-resisted|p1a: Kill things
|-damage|p1a: Kill things|252\/351
|-activate|p1a: Kill things|move: Infestation|[of] p2a: Banette
|
|-damage|p1a: Kill things|209\/351|[from] move: Infestation|[partiallytrapped]
|turn|16
|
|move|p2a: Banette|Protect|p2a: Banette
|-singleturn|p2a: Banette|Protect
|move|p1a: Kill things|Flare Blitz|p2a: Banette
|-activate|p2a: Banette|Protect
|
|-damage|p1a: Kill things|166\/351|[from] move: Infestation|[partiallytrapped]
|turn|17
|
|switch|p2a: Garchomp|Garchomp, F|358\/358
|-damage|p2a: Garchomp|336\/358|[from] Stealth Rock
|move|p1a: Kill things|Flare Blitz|p2a: Garchomp
|-resisted|p2a: Garchomp
|-damage|p2a: Garchomp|194\/358
|-damage|p1a: Kill things|119\/351|[from] recoil|[of] p2a: Garchomp
|-damage|p1a: Kill things|76\/351|[from] ability: Rough Skin|[of] p2a: Garchomp
|
|-end|p1a: Kill things|Infestation|[partiallytrapped]
|turn|18
|
|move|p1a: Kill things|Flare Blitz|p2a: Garchomp
|-resisted|p2a: Garchomp
|-damage|p2a: Garchomp|34\/358
|-damage|p1a: Kill things|23\/351|[from] recoil|[of] p2a: Garchomp
|-damage|p1a: Kill things|0 fnt|[from] ability: Rough Skin|[of] p2a: Garchomp
|faint|p1a: Kill things
|move|p2a: Garchomp|Swords Dance|p2a: Garchomp
|-boost|p2a: Garchomp|atk|2
|
|
|switch|p1a: Gilette|Skarmory, F|288\/334
|-damage|p1a: Gilette|247\/334|[from] Stealth Rock
|turn|19
|
|move|p2a: Garchomp|Fire Fang|p1a: Gilette
|-supereffective|p1a: Gilette
|-damage|p1a: Gilette|77\/334
|move|p1a: Gilette|Brave Bird|p2a: Garchomp
|-damage|p2a: Garchomp|0 fnt
|-damage|p1a: Gilette|66\/334|[from] recoil|[of] p2a: Garchomp
|-damage|p1a: Gilette|25\/334|[from] ability: Rough Skin|[of] p2a: Garchomp
|faint|p2a: Garchomp
|
|
|switch|p2a: Weavile|Weavile, F|119\/282
|-damage|p2a: Weavile|49\/282|[from] Stealth Rock
|-ability|p2a: Weavile|Pressure
|turn|20
|
|move|p2a: Weavile|Knock Off|p1a: Gilette
|-damage|p1a: Gilette|0 fnt
|-damage|p2a: Weavile|21\/282|[from] item: Life Orb
|faint|p1a: Gilette
|
|
|switch|p1a: FFFFUUUUUUUUUUUUUU|Klefki, M|318\/318
|-damage|p1a: FFFFUUUUUUUUUUUUUU|299\/318|[from] Stealth Rock
|turn|21
|
|move|p1a: FFFFUUUUUUUUUUUUUU|Substitute|p1a: FFFFUUUUUUUUUUUUUU
|-start|p1a: FFFFUUUUUUUUUUUUUU|Substitute
|-damage|p1a: FFFFUUUUUUUUUUUUUU|220\/318
|move|p2a: Weavile|Knock Off|p1a: FFFFUUUUUUUUUUUUUU
|-resisted|p1a: FFFFUUUUUUUUUUUUUU
|-activate|p1a: FFFFUUUUUUUUUUUUUU|Substitute|[damage]
|-damage|p2a: Weavile|0 fnt|[from] item: Life Orb
|faint|p2a: Weavile
|
|-heal|p1a: FFFFUUUUUUUUUUUUUU|239\/318|[from] item: Leftovers
|
|switch|p2a: Banette|Banette, F|250\/332
|-formechange|p2a: Banette|Banette-Mega
|-damage|p2a: Banette|209\/332|[from] Stealth Rock
|turn|22
|
|move|p2a: Banette|Taunt|p1a: FFFFUUUUUUUUUUUUUU
|-start|p1a: FFFFUUUUUUUUUUUUUU|move: Taunt
|cant|p1a: FFFFUUUUUUUUUUUUUU|move: Taunt|Thunder Wave
|
|-heal|p1a: FFFFUUUUUUUUUUUUUU|258\/318|[from] item: Leftovers
|turn|23
|
|move|p2a: Banette|Destiny Bond|p2a: Banette
|-singlemove|p2a: Banette|Destiny Bond
|move|p1a: FFFFUUUUUUUUUUUUUU|Foul Play|p2a: Banette
|-supereffective|p2a: Banette
|-damage|p2a: Banette|41\/332
|
|-heal|p1a: FFFFUUUUUUUUUUUUUU|277\/318|[from] item: Leftovers
|turn|24
|
|move|p2a: Banette|Destiny Bond|p2a: Banette
|-singlemove|p2a: Banette|Destiny Bond
|move|p1a: FFFFUUUUUUUUUUUUUU|Foul Play|p2a: Banette
|-supereffective|p2a: Banette
|-damage|p2a: Banette|0 fnt
|faint|p2a: Banette
|-activate|p2a: Banette|Destiny Bond
|faint|p1a: FFFFUUUUUUUUUUUUUU
|
|
|switch|p2a: Bisharp|Bisharp, F|228\/271
|-damage|p2a: Bisharp|212\/271|[from] Stealth Rock
|switch|p1a: Salvo the Slime|Goodra, F|384\/384
|-damage|p1a: Salvo the Slime|336\/384|[from] Stealth Rock
|turn|25
|
|move|p2a: Bisharp|Knock Off|p1a: Salvo the Slime
|-damage|p1a: Salvo the Slime|8\/384
|-enditem|p1a: Salvo the Slime|Leftovers|[from] move: Knock Off|[of] p2a: Bisharp
|-damage|p2a: Bisharp|185\/271|[from] item: Life Orb
|move|p1a: Salvo the Slime|Flamethrower|p2a: Bisharp
|-supereffective|p2a: Bisharp
|-damage|p2a: Bisharp|0 fnt
|faint|p2a: Bisharp
|
|win|Bippy
|raw|Ladder updating...
|raw|Bippy's rating: 1675 &rarr; <strong>1693<\/strong><br \/>(+18 for winning)
|raw|ninimia's rating: 1651 &rarr; <strong>1632<\/strong><br \/>(-19 for losing)
|leave|ninimia
|player|p2
|chat|Bippy|gg