|join|ninimia
|join|Ken L Wright
|player|p1|ninimia|265
|player|p2|Ken L Wright|238
|gametype|singles
|gen|6
|tier|OU
|rated
|clearpoke
|poke|p1|Talonflame, M
|poke|p1|Bisharp, M
|poke|p1|Weavile, M
|poke|p1|Garchomp, M
|poke|p1|Banette, F
|poke|p1|Deoxys-Speed
|poke|p2|Greninja, M
|poke|p2|Charizard, M, shiny
|poke|p2|Sableye, M
|poke|p2|Clefable, F, shiny
|poke|p2|Talonflame, F, shiny
|poke|p2|Espeon, F
|rule|Sleep Clause Mod: Limit one foe put to sleep
|rule|Species Clause: Limit one of each Pokemon
|rule|OHKO Clause: OHKO moves are banned
|rule|Moody Clause: Moody is banned
|rule|Evasion Moves Clause: Evasion moves are banned
|rule|Endless Battle Clause: Forcing endless battles is banned.
|rule|HP Percentage Mod: HP is reported as percentages
|teampreview
|
|start
|switch|p1a: Deoxys-Speed|Deoxys-Speed|242\/242
|switch|p2a: Strider Hiryu|Greninja, M|286\/286
|-ability|p1a: Deoxys-Speed|Pressure
|turn|1
|
|switch|p2a: Espeon|Espeon, F|334\/334
|move|p1a: Deoxys-Speed|Taunt|p2a: Espeon
|move|p2a: Espeon|Taunt|p1a: Deoxys-Speed|[from]Magic Bounce
|-start|p1a: Deoxys-Speed|move: Taunt
|
|turn|2
|
|switch|p1a: Weavile|Weavile, M|282\/282
|switch|p2a: Strider Hiryu|Greninja, M|286\/286
|
|turn|3
|
|move|p1a: Weavile|Low Kick|p2a: Strider Hiryu
|-supereffective|p2a: Strider Hiryu
|-damage|p2a: Strider Hiryu|47\/286
|-damage|p1a: Weavile|254\/282|[from] item: Life Orb
|-start|p2a: Strider Hiryu|typechange|Poison|[from] Protean
|move|p2a: Strider Hiryu|Toxic Spikes|p1a: Weavile
|-sidestart|p1: ninimia|move: Toxic Spikes
|
|turn|4
|
|move|p1a: Weavile|Knock Off|p2a: Strider Hiryu
|-damage|p2a: Strider Hiryu|0 fnt
|-damage|p1a: Weavile|226\/282|[from] item: Life Orb
|faint|p2a: Strider Hiryu
|
|
|switch|p2a: Kaioh|Charizard, M, shiny|359\/359
|turn|5
|
|switch|p1a: Banette|Banette, F|332\/332
|-status|p1a: Banette|psn
|-item|p2a: Kaioh|Charizardite X|[from] ability: Frisk|[of] p1a: Banette|[identify]
|-formechange|p2a: Kaioh|Charizard-Mega-X
|message|Charizard has Mega Evolved into Mega Charizard!
|move|p2a: Kaioh|Dragon Dance|p2a: Kaioh
|-boost|p2a: Kaioh|atk|1
|-boost|p2a: Kaioh|spe|1
|
|-damage|p1a: Banette|291\/332 psn|[from] psn
|turn|6
|
|-formechange|p1a: Banette|Banette-Mega
|message|Banette has Mega Evolved into Mega Banette!
|move|p1a: Banette|Protect|p1a: Banette
|-singleturn|p1a: Banette|Protect
|move|p2a: Kaioh|Flare Blitz|p1a: Banette
|-activate|p1a: Banette|Protect
|
|-damage|p1a: Banette|250\/332 psn|[from] psn
|turn|7
|
|move|p1a: Banette|Destiny Bond|p1a: Banette
|-singlemove|p1a: Banette|Destiny Bond
|move|p2a: Kaioh|Dragon Dance|p2a: Kaioh
|-boost|p2a: Kaioh|atk|1
|-boost|p2a: Kaioh|spe|1
|
|-damage|p1a: Banette|209\/332 psn|[from] psn
|turn|8
|
|move|p1a: Banette|Taunt|p2a: Kaioh
|-start|p2a: Kaioh|move: Taunt
|move|p2a: Kaioh|Flare Blitz|p1a: Banette
|-damage|p1a: Banette|0 fnt
|-damage|p2a: Kaioh|290\/359|[from] recoil|[of] p1a: Banette
|faint|p1a: Banette
|
|
|switch|p1a: Talonflame|Talonflame, M|297\/297
|turn|9
|
|move|p1a: Talonflame|Brave Bird|p2a: Kaioh
|-damage|p2a: Kaioh|35\/359
|-damage|p1a: Talonflame|213\/297|[from] recoil|[of] p2a: Kaioh
|move|p2a: Kaioh|Thunder Punch|p1a: Talonflame
|-supereffective|p1a: Talonflame
|-damage|p1a: Talonflame|0 fnt
|faint|p1a: Talonflame
|
|-message|ninimia forfeited.
|
|win|Ken L Wright
|raw|Ladder updating...
|raw|ninimia's rating: 1735 &rarr; <strong>1710<\/strong><br \/>(-25 for losing)
|raw|Ken L Wright's rating: 1641 &rarr; <strong>1666<\/strong><br \/>(+25 for winning)
|leave|ninimia
|player|p1