|join|Plz Remve Hax
|join|ninimia
|player|p1|Plz Remve Hax|169
|player|p2|ninimia|2
|gametype|singles
|tier|OU
|rated
|rule|Evasion Abilities Clause: Evasion abilities are banned
|clearpoke
|poke|p1|Ninetales, M
|poke|p1|Infernape, M
|poke|p1|Cresselia, F
|poke|p1|Garchomp, F
|poke|p1|Venusaur, M
|poke|p1|Forretress, F
|poke|p2|Thundurus-Therian, M
|poke|p2|Azelf
|poke|p2|Volbeat, M
|poke|p2|Keldeo-Resolute
|poke|p2|Kingdra, F
|poke|p2|Gorebyss, M
|rule|Sleep Clause Mod: Limit one foe put to sleep
|rule|Species Clause: Limit one of each Pokemon
|rule|OHKO Clause: OHKO moves are banned
|rule|Moody Clause: Moody is banned
|rule|Evasion Moves Clause: Evasion moves are banned
|rule|HP Percentage Mod: HP is reported as percentages
|teampreview
|callback|decision
|
|start
|switch|p1a: Forretress|Forretress, F|354\/354
|switch|p2a: Azelf|Azelf|292\/292
|turn|1
|callback|decision
|
|move|p2a: Azelf|Taunt|p1a: Forretress
|-start|p1a: Forretress|move: Taunt
|cant|p1a: Forretress|move: Taunt|Stealth Rock
|
|turn|2
|callback|decision
|
|move|p2a: Azelf|Stealth Rock|p1a: Forretress
|-sidestart|p1: Plz Remve Hax|move: Stealth Rock
|move|p1a: Forretress|Rapid Spin|p2a: Azelf
|-damage|p2a: Azelf|273\/292
|-sideend|p1: Plz Remve Hax|Stealth Rock|[from] move: Rapid Spin|[of] p1a: Forretress
|
|turn|3
|callback|decision
|
|switch|p1a: Ninetales|Ninetales, M|350\/350
|-weather|SunnyDay|[from] ability: Drought|[of] p1a: Ninetales
|move|p2a: Azelf|Stealth Rock|p1a: Ninetales
|-sidestart|p1: Plz Remve Hax|move: Stealth Rock
|
|-weather|SunnyDay|[upkeep]
|turn|4
|callback|decision
|
|switch|p1a: Forretress|Forretress, F|354\/354
|-damage|p1a: Forretress|310\/354|[from] Stealth Rock
|move|p2a: Azelf|Rain Dance|p2a: Azelf
|-weather|RainDance
|
|-weather|RainDance|[upkeep]
|-heal|p1a: Forretress|332\/354|[from] item: Leftovers
|turn|5
|callback|decision
|
|move|p2a: Azelf|Explosion|p1a: Forretress
|-resisted|p1a: Forretress
|-damage|p1a: Forretress|246\/354
|faint|p2a: Azelf
|move|p1a: Forretress|Rapid Spin|p2: Azelf|[notarget]
|-notarget
|
|-weather|RainDance|[upkeep]
|-heal|p1a: Forretress|268\/354|[from] item: Leftovers
|callback|decision
|
|switch|p2a: Gorebyss|Gorebyss, M|314\/314
|turn|6
|callback|decision
|
|switch|p1a: Ninetales|Ninetales, M|350\/350
|-damage|p1a: Ninetales|263\/350|[from] Stealth Rock
|-weather|SunnyDay|[from] ability: Drought|[of] p1a: Ninetales
|move|p2a: Gorebyss|Shell Smash|p2a: Gorebyss
|-boost|p2a: Gorebyss|atk|2
|-boost|p2a: Gorebyss|spa|2
|-boost|p2a: Gorebyss|spe|2
|-unboost|p2a: Gorebyss|def|1
|-unboost|p2a: Gorebyss|spd|1
|-enditem|p2a: Gorebyss|White Herb
|-restoreboost|p2a: Gorebyss|[silent]
|
|-weather|SunnyDay|[upkeep]
|-heal|p1a: Ninetales|284\/350|[from] item: Leftovers
|turn|7
|callback|decision
|
|switch|p1a: Venusaur|Venusaur, M|364\/364
|-damage|p1a: Venusaur|319\/364|[from] Stealth Rock
|move|p2a: Gorebyss|Surf|p1a: Venusaur
|-resisted|p1a: Venusaur
|-damage|p1a: Venusaur|247\/364
|
|-weather|SunnyDay|[upkeep]
|-heal|p1a: Venusaur|269\/364|[from] item: Leftovers
|turn|8
|callback|decision
|
|switch|p2a: Volbeat|Volbeat, M|333\/333
|move|p1a: Venusaur|Sleep Powder|p2a: Volbeat
|-status|p2a: Volbeat|slp
|
|-weather|SunnyDay|[upkeep]
|-heal|p1a: Venusaur|291\/364|[from] item: Leftovers
|turn|9
|callback|decision
|
|cant|p2a: Volbeat|slp
|move|p1a: Venusaur|Hidden Power|p2a: Volbeat
|-supereffective|p2a: Volbeat
|-damage|p2a: Volbeat|141\/333 slp
|
|-weather|SunnyDay|[upkeep]
|-heal|p1a: Venusaur|313\/364|[from] item: Leftovers
|turn|10
|callback|decision
|
|-curestatus|p2a: Volbeat|slp
|move|p2a: Volbeat|Rain Dance|p2a: Volbeat
|-weather|RainDance
|move|p1a: Venusaur|Hidden Power|p2a: Volbeat
|-supereffective|p2a: Volbeat
|-damage|p2a: Volbeat|83\/333
|
|-weather|RainDance|[upkeep]
|-heal|p1a: Venusaur|335\/364|[from] item: Leftovers
|turn|11
|callback|decision
|
|switch|p1a: Ninetales|Ninetales, M|284\/350
|-damage|p1a: Ninetales|197\/350|[from] Stealth Rock
|-weather|SunnyDay|[from] ability: Drought|[of] p1a: Ninetales
|move|p2a: Volbeat|Encore|p1a: Ninetales
|-fail|p1a: Ninetales
|
|-weather|SunnyDay|[upkeep]
|-heal|p1a: Ninetales|218\/350|[from] item: Leftovers
|turn|12
|callback|decision
|
|move|p2a: Volbeat|Rain Dance|p2a: Volbeat
|-weather|RainDance
|move|p1a: Ninetales|Flamethrower|p2a: Volbeat
|-supereffective|p2a: Volbeat
|-damage|p2a: Volbeat|0 fnt
|faint|p2a: Volbeat
|
|-weather|RainDance|[upkeep]
|-heal|p1a: Ninetales|239\/350|[from] item: Leftovers
|callback|decision
|
|switch|p2a: Gorebyss|Gorebyss, M|314\/314
|turn|13
|callback|decision
|join|zeus974
|
|move|p2a: Gorebyss|Shell Smash|p2a: Gorebyss
|-boost|p2a: Gorebyss|atk|2
|-boost|p2a: Gorebyss|spa|2
|-boost|p2a: Gorebyss|spe|2
|-unboost|p2a: Gorebyss|def|1
|-unboost|p2a: Gorebyss|spd|1
|move|p1a: Ninetales|Roar|p2a: Gorebyss
|drag|p2a: Thundurus-Therian|Thundurus-Therian, M|331\/331
|
|-weather|RainDance|[upkeep]
|-heal|p1a: Ninetales|260\/350|[from] item: Leftovers
|turn|14
|callback|decision
|
|move|p1a: Ninetales|Protect|p1a: Ninetales
|-singleturn|p1a: Ninetales|Protect
|move|p2a: Thundurus-Therian|Thunderbolt|p1a: Ninetales
|-activate|p1a: Ninetales|Protect
|
|-weather|RainDance|[upkeep]
|-heal|p1a: Ninetales|281\/350|[from] item: Leftovers
|turn|15
|callback|decision
|
|move|p2a: Thundurus-Therian|Thunderbolt|p1a: Ninetales
|-crit|p1a: Ninetales
|-damage|p1a: Ninetales|14\/350
|move|p1a: Ninetales|Will-O-Wisp|p2a: Thundurus-Therian
|-status|p2a: Thundurus-Therian|brn
|
|-weather|RainDance|[upkeep]
|-heal|p1a: Ninetales|35\/350|[from] item: Leftovers
|-damage|p2a: Thundurus-Therian|290\/331 brn|[from] brn
|turn|16
|callback|decision
|-message|ninimia forfeited.
|
|win|Plz Remve Hax
|raw|Ladder updating...
|leave|ninimia
|player|p2
|raw|Plz Remve Hax's rating: 1947 &rarr; <strong>1982<\/strong><br \/>(+35 for winning)
|raw|ninimia's rating: 1958 &rarr; <strong>1956<\/strong><br \/>(-2 for losing)
|leave|Plz Remve Hax
|player|p1