|join|RS Cocaine
|join|ninimia
|player|p1|RS Cocaine|29
|player|p2|ninimia|102
|gametype|singles
|gen|6
|tier|OU
|rated
|clearpoke
|poke|p1|Landorus, M
|poke|p1|Garchomp, F
|poke|p1|Genesect, shiny
|poke|p1|Lucario, M
|poke|p1|Thundurus, M
|poke|p1|Aegislash, F
|poke|p2|Talonflame, M
|poke|p2|Bisharp, M
|poke|p2|Weavile, M
|poke|p2|Garchomp, M
|poke|p2|Banette, F
|poke|p2|Deoxys-Speed
|rule|Sleep Clause Mod: Limit one foe put to sleep
|rule|Species Clause: Limit one of each Pokemon
|rule|OHKO Clause: OHKO moves are banned
|rule|Moody Clause: Moody is banned
|rule|Evasion Moves Clause: Evasion moves are banned
|rule|Endless Battle Clause: Forcing endless battles is banned.
|rule|HP Percentage Mod: HP is reported as percentages
|teampreview
|
|start
|switch|p1a: Garchomp|Garchomp, F|358\/358
|switch|p2a: Banette|Banette, F|332\/332
|-item|p1a: Garchomp|Focus Sash|[from] ability: Frisk|[of] p2a: Banette|[identify]
|turn|1
|join|I am just lost
|join|kullhadd hekk
|join|Avarice87
|join|Cup Of Dirt
|join|rock nobster
|join|idarki
|
|-formechange|p2a: Banette|Banette-Mega
|message|Banette has Mega Evolved into Mega Banette!
|move|p1a: Garchomp|Earthquake|p2a: Banette
|-crit|p2a: Banette
|-damage|p2a: Banette|116\/332
|move|p2a: Banette|Infestation|p1a: Garchomp
|-damage|p1a: Garchomp|339\/358
|-damage|p2a: Banette|75\/332|[from] ability: Rough Skin|[of] p1a: Garchomp
|-activate|p1a: Garchomp|move: Infestation|[of] p2a: Banette
|
|-damage|p1a: Garchomp|295\/358|[from] move: Infestation|[partiallytrapped]
|turn|2
|
|move|p2a: Banette|Taunt|p1a: Garchomp
|-start|p1a: Garchomp|move: Taunt
|cant|p1a: Garchomp|move: Taunt|Stealth Rock
|
|-damage|p1a: Garchomp|251\/358|[from] move: Infestation|[partiallytrapped]
|turn|3
|
|move|p2a: Banette|Destiny Bond|p2a: Banette
|-singlemove|p2a: Banette|Destiny Bond
|move|p1a: Garchomp|Earthquake|p2a: Banette
|-crit|p2a: Banette
|-damage|p2a: Banette|0 fnt
|faint|p2a: Banette
|-activate|p2a: Banette|Destiny Bond
|faint|p1a: Garchomp
|
|join|lasdkfjalsfkdajsfd
|join|TechnoBlastBoy
|chat|rock nobster|that thing gets infestation?
|join|Jelincomi
|join|higglybiggly
|join|Mordoth
|
|switch|p2a: Deoxys-Speed|Deoxys-Speed|304\/304
|switch|p1a: Aegislash|Aegislash, F|321\/321
|-ability|p2a: Deoxys-Speed|Pressure
|turn|4
|
|move|p2a: Deoxys-Speed|Stealth Rock|p1a: Aegislash
|-sidestart|p1: RS Cocaine|move: Stealth Rock
|-formechange|p1a: Aegislash|Aegislash-Blade
|move|p1a: Aegislash|Shadow Ball|p2a: Deoxys-Speed
|-supereffective|p2a: Deoxys-Speed
|-enditem|p2a: Deoxys-Speed|Focus Sash
|-damage|p2a: Deoxys-Speed|1\/304
|
|turn|5
|
|move|p1a: Aegislash|Shadow Sneak|p2a: Deoxys-Speed
|-crit|p2a: Deoxys-Speed
|-supereffective|p2a: Deoxys-Speed
|-damage|p2a: Deoxys-Speed|0 fnt
|faint|p2a: Deoxys-Speed
|
|
|switch|p2a: Bisharp|Bisharp, M|271\/271
|turn|6
|chat|lasdkfjalsfkdajsfd|crit mattered
|
|switch|p1a: Lucario|Lucario, M|281\/281
|-damage|p1a: Lucario|273\/281|[from] Stealth Rock
|move|p2a: Bisharp|Knock Off|p1a: Lucario
|-resisted|p1a: Lucario
|-damage|p1a: Lucario|165\/281
|-damage|p2a: Bisharp|244\/271|[from] item: Life Orb
|
|turn|7
|chat|lasdkfjalsfkdajsfd|ty hax master
|
|switch|p2a: Talonflame|Talonflame, M|297\/297
|-formechange|p1a: Lucario|Lucario-Mega
|message|Lucario has Mega Evolved into Mega Lucario!
|move|p1a: Lucario|Aura Sphere|p2a: Talonflame
|-resisted|p2a: Talonflame
|-damage|p2a: Talonflame|151\/297
|
|turn|8
|
|switch|p1a: Aegislash|Aegislash, F|321\/321
|-damage|p1a: Aegislash|301\/321|[from] Stealth Rock
|move|p2a: Talonflame|Flare Blitz|p1a: Aegislash
|-supereffective|p1a: Aegislash
|-damage|p1a: Aegislash|0 fnt
|-damage|p2a: Talonflame|52\/297|[from] recoil|[of] p1a: Aegislash
|faint|p1a: Aegislash
|
|
|switch|p1a: Genesect|Genesect, shiny|283\/283
|-damage|p1a: Genesect|248\/283|[from] Stealth Rock
|-boost|p1a: Genesect|spa|1|[from] ability: Download
|turn|9
|
|move|p1a: Genesect|Extreme Speed|p2a: Talonflame
|-damage|p2a: Talonflame|0 fnt
|-damage|p1a: Genesect|220\/283|[from] item: Life Orb
|faint|p2a: Talonflame
|
|
|switch|p2a: Bisharp|Bisharp, M|244\/271
|turn|10
|
|move|p1a: Genesect|Flamethrower|p2a: Bisharp
|-supereffective|p2a: Bisharp
|-damage|p2a: Bisharp|0 fnt
|-damage|p1a: Genesect|192\/283|[from] item: Life Orb
|faint|p2a: Bisharp
|
|
|switch|p2a: Garchomp|Garchomp, M|358\/358
|turn|11
|
|move|p1a: Genesect|Extreme Speed|p2a: Garchomp
|-damage|p2a: Garchomp|238\/358
|-damage|p1a: Genesect|157\/283|[from] ability: Rough Skin|[of] p2a: Garchomp
|-damage|p1a: Genesect|129\/283|[from] item: Life Orb
|move|p2a: Garchomp|Fire Fang|p1a: Genesect
|-supereffective|p1a: Genesect
|-damage|p1a: Genesect|0 fnt
|faint|p1a: Genesect
|
|
|switch|p1a: Landorus|Landorus, M|320\/320
|-damage|p1a: Landorus|280\/320|[from] Stealth Rock
|turn|12
|
|move|p2a: Garchomp|Outrage|p1a: Landorus
|-damage|p1a: Landorus|40\/320
|move|p1a: Landorus|Earth Power|p2a: Garchomp
|-damage|p2a: Garchomp|0 fnt
|faint|p2a: Garchomp
|
|
|switch|p2a: Weavile|Weavile, M|282\/282
|turn|13
|
|move|p2a: Weavile|Ice Shard|p1a: Landorus
|-supereffective|p1a: Landorus
|-damage|p1a: Landorus|0 fnt
|-damage|p2a: Weavile|254\/282|[from] item: Life Orb
|faint|p1a: Landorus
|
|
|switch|p1a: Thundurus|Thundurus, M|299\/299
|-damage|p1a: Thundurus|225\/299|[from] Stealth Rock
|turn|14
|
|move|p2a: Weavile|Ice Shard|p1a: Thundurus
|-supereffective|p1a: Thundurus
|-damage|p1a: Thundurus|0 fnt
|-damage|p2a: Weavile|226\/282|[from] item: Life Orb
|faint|p1a: Thundurus
|
|
|switch|p1a: Lucario|Lucario, M|165\/281
|-formechange|p1a: Lucario|Lucario-Mega
|-damage|p1a: Lucario|157\/281|[from] Stealth Rock
|turn|15
|
|move|p1a: Lucario|Vacuum Wave|p2a: Weavile
|-supereffective|p2a: Weavile
|-damage|p2a: Weavile|0 fnt
|faint|p2a: Weavile
|
|win|RS Cocaine
|raw|Ladder updating...
|raw|RS Cocaine's rating: 1958 &rarr; <strong>1967<\/strong><br \/>(+9 for winning)
|raw|ninimia's rating: 1739 &rarr; <strong>1730<\/strong><br \/>(-9 for losing)
|leave|ninimia
|player|p2
|leave|higglybiggly
|leave|I am just lost
|leave|lasdkfjalsfkdajsfd
|leave|Avarice87
|leave|Mordoth
|leave|kullhadd hekk
|leave|tst_100
|join|kullhadd hekk
|leave|kullhadd hekk
|leave|RS Cocaine
|player|p1
|leave|Jelincomi
|join|tst_100