|join|ninimia
|join|Arcanine is Regal
|player|p1|ninimia|101
|player|p2|Arcanine is Regal|169
|gametype|singles
|gen|6
|tier|OU
|rated
|clearpoke
|poke|p1|Talonflame, M
|poke|p1|Bisharp, F
|poke|p1|Weavile, F
|poke|p1|Garchomp, M
|poke|p1|Banette, F
|poke|p1|Deoxys-Defense
|poke|p2|Bisharp, F
|poke|p2|Crobat, M
|poke|p2|Thundurus, M
|poke|p2|Azumarill, M
|poke|p2|Landorus-Therian, M
|poke|p2|Charizard, M
|rule|Sleep Clause Mod: Limit one foe put to sleep
|rule|Species Clause: Limit one of each Pokemon
|rule|OHKO Clause: OHKO moves are banned
|rule|Moody Clause: Moody is banned
|rule|Evasion Moves Clause: Evasion moves are banned
|rule|Endless Battle Clause: Forcing endless battles is banned.
|rule|HP Percentage Mod: HP is reported as percentages
|teampreview
|
|start
|switch|p1a: Deoxys-Defense|Deoxys-Defense|304\/304
|switch|p2a: The New Mega-Luc|Thundurus, M|300\/300
|-ability|p1a: Deoxys-Defense|Pressure
|turn|1
|
|move|p2a: The New Mega-Luc|Nasty Plot|p2a: The New Mega-Luc
|-boost|p2a: The New Mega-Luc|spa|2
|move|p1a: Deoxys-Defense|Stealth Rock|p2a: The New Mega-Luc
|-sidestart|p2: Arcanine is Regal|move: Stealth Rock
|
|turn|2
|
|move|p2a: The New Mega-Luc|Nasty Plot|p2a: The New Mega-Luc
|-boost|p2a: The New Mega-Luc|spa|2
|move|p1a: Deoxys-Defense|Spikes|p2a: The New Mega-Luc
|-sidestart|p2: Arcanine is Regal|Spikes
|
|turn|3
|
|move|p2a: The New Mega-Luc|Thunderbolt|p1a: Deoxys-Defense
|-damage|p1a: Deoxys-Defense|0 fnt
|faint|p1a: Deoxys-Defense
|
|
|switch|p1a: Weavile|Weavile, F|282\/282
|turn|4
|
|move|p1a: Weavile|Ice Punch|p2a: The New Mega-Luc
|-supereffective|p2a: The New Mega-Luc
|-damage|p2a: The New Mega-Luc|0 fnt
|-damage|p1a: Weavile|254\/282|[from] item: Life Orb
|faint|p2a: The New Mega-Luc
|
|
|switch|p2a: Underated|Crobat, M|341\/341
|-damage|p2a: Underated|256\/341|[from] Stealth Rock
|turn|5
|
|move|p2a: Underated|Defog|p1a: Weavile
|-unboost|p1a: Weavile|evasion|1
|-sideend|p2: Arcanine is Regal|Spikes|[from] move: Defog|[of] p2a: Underated
|-sideend|p2: Arcanine is Regal|Stealth Rock|[from] move: Defog|[of] p2a: Underated
|move|p1a: Weavile|Ice Punch|p2a: Underated
|-supereffective|p2a: Underated
|-damage|p2a: Underated|0 fnt
|-damage|p1a: Weavile|226\/282|[from] item: Life Orb
|faint|p2a: Underated
|
|
|switch|p2a: GET IN MY BELLY|Azumarill, M|404\/404
|turn|6
|
|switch|p1a: Banette|Banette, F|332\/332
|-item|p2a: GET IN MY BELLY|Choice Band|[from] ability: Frisk|[of] p1a: Banette|[identify]
|move|p2a: GET IN MY BELLY|Waterfall|p1a: Banette
|-crit|p1a: Banette
|-damage|p1a: Banette|0 fnt
|faint|p1a: Banette
|
|
|switch|p1a: Garchomp|Garchomp, M|358\/358
|turn|7
|
|move|p1a: Garchomp|Swords Dance|p1a: Garchomp
|-boost|p1a: Garchomp|atk|2
|move|p2a: GET IN MY BELLY|Waterfall|p1a: Garchomp
|-damage|p1a: Garchomp|100\/358
|-damage|p2a: GET IN MY BELLY|354\/404|[from] ability: Rough Skin|[of] p1a: Garchomp
|
|turn|8
|
|switch|p2a: Hey bisharp|Landorus-Therian, M|382\/382
|-ability|p2a: Hey bisharp|Intimidate|[of] p1a: Garchomp
|-unboost|p1a: Garchomp|atk|1
|move|p1a: Garchomp|Earthquake|p2a: Hey bisharp
|-immune|p2a: Hey bisharp|[msg]
|
|turn|9
|
|move|p1a: Garchomp|Outrage|p2a: Hey bisharp
|-damage|p2a: Hey bisharp|12\/382
|move|p2a: Hey bisharp|Earthquake|p1a: Garchomp
|-damage|p1a: Garchomp|0 fnt
|faint|p1a: Garchomp
|
|-heal|p2a: Hey bisharp|35\/382|[from] item: Leftovers
|
|switch|p1a: Weavile|Weavile, F|226\/282
|turn|10
|
|switch|p2a: GET IN MY BELLY|Azumarill, M|354\/404
|move|p1a: Weavile|Knock Off|p2a: GET IN MY BELLY
|-resisted|p2a: GET IN MY BELLY
|-damage|p2a: GET IN MY BELLY|236\/404
|-enditem|p2a: GET IN MY BELLY|Choice Band|[from] move: Knock Off|[of] p1a: Weavile
|-damage|p1a: Weavile|198\/282|[from] item: Life Orb
|
|turn|11
|
|move|p1a: Weavile|Ice Punch|p2a: GET IN MY BELLY
|-resisted|p2a: GET IN MY BELLY
|-damage|p2a: GET IN MY BELLY|142\/404
|-damage|p1a: Weavile|170\/282|[from] item: Life Orb
|move|p2a: GET IN MY BELLY|Waterfall|p1a: Weavile
|-damage|p1a: Weavile|0 fnt
|faint|p1a: Weavile
|
|
|switch|p1a: Bisharp|Bisharp, F|271\/271
|turn|12
|
|move|p1a: Bisharp|Iron Head|p2a: GET IN MY BELLY
|-damage|p2a: GET IN MY BELLY|0 fnt
|-damage|p1a: Bisharp|244\/271|[from] item: Life Orb
|faint|p2a: GET IN MY BELLY
|
|
|switch|p2a: Y|Charizard, M|298\/298
|turn|13
|
|-formechange|p2a: Y|Charizard-Mega-X
|message|Charizard has Mega Evolved into Mega Charizard!
|move|p2a: Y|Earthquake|p1a: Bisharp
|-supereffective|p1a: Bisharp
|-damage|p1a: Bisharp|0 fnt
|faint|p1a: Bisharp
|
|
|switch|p1a: Talonflame|Talonflame, M|297\/297
|turn|14
|
|switch|p2a: Hey bisharp|Landorus-Therian, M|35\/382
|-ability|p2a: Hey bisharp|Intimidate|[of] p1a: Talonflame
|-unboost|p1a: Talonflame|atk|1
|move|p1a: Talonflame|Brave Bird|p2a: Hey bisharp
|-damage|p2a: Hey bisharp|0 fnt
|-damage|p1a: Talonflame|285\/297|[from] recoil|[of] p2a: Hey bisharp
|faint|p2a: Hey bisharp
|
|-message|ninimia forfeited.
|
|win|Arcanine is Regal
|raw|Ladder updating...
|leave|ninimia
|player|p1
|raw|ninimia's rating: 1680 &rarr; <strong>1661<\/strong><br \/>(-19 for losing)
|raw|Arcanine is Regal's rating: 1696 &rarr; <strong>1715<\/strong><br \/>(+19 for winning)
|leave|Arcanine is Regal
|player|p2
|join|Arcanine is Regal