|join|Will-I-am2
|join|ninimia
|player|p1|Will-I-am2|170
|player|p2|ninimia|1
|gametype|singles
|gen|6
|tier|OU
|rated
|clearpoke
|poke|p1|Hydreigon, F
|poke|p1|Donphan, F
|poke|p1|Registeel
|poke|p1|Gengar, F
|poke|p1|Mandibuzz, F
|poke|p1|Ditto
|poke|p2|Talonflame, M
|poke|p2|Bisharp, M
|poke|p2|Weavile, F
|poke|p2|Garchomp, M
|poke|p2|Banette, F
|poke|p2|Deoxys-Speed
|rule|Sleep Clause Mod: Limit one foe put to sleep
|rule|Species Clause: Limit one of each Pokemon
|rule|OHKO Clause: OHKO moves are banned
|rule|Moody Clause: Moody is banned
|rule|Evasion Moves Clause: Evasion moves are banned
|rule|Endless Battle Clause: Forcing endless battles is banned.
|rule|HP Percentage Mod: HP is reported as percentages
|teampreview
|
|start
|switch|p1a: Hydreigon|Hydreigon, F|331\/331
|switch|p2a: Deoxys-Speed|Deoxys-Speed|304\/304
|-ability|p2a: Deoxys-Speed|Pressure
|turn|1
|
|move|p2a: Deoxys-Speed|Stealth Rock|p1a: Hydreigon
|-sidestart|p1: Will-I-am2|move: Stealth Rock
|move|p1a: Hydreigon|Dark Pulse|p2a: Deoxys-Speed
|-supereffective|p2a: Deoxys-Speed
|-enditem|p2a: Deoxys-Speed|Focus Sash
|-damage|p2a: Deoxys-Speed|1\/304
|
|turn|2
|
|switch|p1a: Donphan|Donphan, F|384\/384
|-damage|p1a: Donphan|360\/384|[from] Stealth Rock
|move|p2a: Deoxys-Speed|Spikes|p1a: Donphan
|-sidestart|p1: Will-I-am2|Spikes
|
|-heal|p1a: Donphan|384\/384|[from] item: Leftovers
|turn|3
|
|switch|p2a: Banette|Banette, F|332\/332
|-item|p1a: Donphan|Leftovers|[from] ability: Frisk|[of] p2a: Banette|[identify]
|move|p1a: Donphan|Earthquake|p2a: Banette
|-damage|p2a: Banette|163\/332
|
|turn|4
|
|switch|p1a: Mandibuzz|Mandibuzz, F|424\/424
|-damage|p1a: Mandibuzz|318\/424|[from] Stealth Rock
|-formechange|p2a: Banette|Banette-Mega
|message|Banette has Mega Evolved into Mega Banette!
|move|p2a: Banette|Infestation|p1a: Mandibuzz
|-damage|p1a: Mandibuzz|302\/424
|-damage|p2a: Banette|108\/332|[from] item: Rocky Helmet|[of] p1a: Mandibuzz
|-activate|p1a: Mandibuzz|move: Infestation|[of] p2a: Banette
|
|-damage|p1a: Mandibuzz|249\/424|[from] move: Infestation|[partiallytrapped]
|turn|5
|
|move|p2a: Banette|Taunt|p1a: Mandibuzz
|-start|p1a: Mandibuzz|move: Taunt
|cant|p1a: Mandibuzz|move: Taunt|Roost
|
|-damage|p1a: Mandibuzz|196\/424|[from] move: Infestation|[partiallytrapped]
|turn|6
|
|move|p2a: Banette|Destiny Bond|p2a: Banette
|-singlemove|p2a: Banette|Destiny Bond
|move|p1a: Mandibuzz|Foul Play|p2a: Banette
|-supereffective|p2a: Banette
|-damage|p2a: Banette|0 fnt
|faint|p2a: Banette
|-activate|p2a: Banette|Destiny Bond
|faint|p1a: Mandibuzz
|
|
|switch|p2a: Weavile|Weavile, F|282\/282
|switch|p1a: Donphan|Donphan, F|384\/384
|-damage|p1a: Donphan|360\/384|[from] Stealth Rock
|-damage|p1a: Donphan|312\/384|[from] Spikes
|turn|7
|
|move|p2a: Weavile|Ice Punch|p1a: Donphan
|-supereffective|p1a: Donphan
|-damage|p1a: Donphan|36\/384
|-damage|p2a: Weavile|254\/282|[from] item: Life Orb
|move|p1a: Donphan|Earthquake|p2a: Weavile
|-damage|p2a: Weavile|1\/282
|
|-heal|p1a: Donphan|60\/384|[from] item: Leftovers
|turn|8
|
|switch|p1a: Registeel|Registeel|364\/364
|-damage|p1a: Registeel|319\/364|[from] Spikes
|-damage|p1a: Registeel|297\/364|[from] Stealth Rock
|move|p2a: Weavile|Ice Shard|p1a: Registeel
|-resisted|p1a: Registeel
|-damage|p1a: Registeel|270\/364
|-damage|p2a: Weavile|0 fnt|[from] item: Life Orb
|faint|p2a: Weavile
|
|-heal|p1a: Registeel|292\/364|[from] item: Leftovers
|
|switch|p2a: Deoxys-Speed|Deoxys-Speed|1\/304
|-ability|p2a: Deoxys-Speed|Pressure
|turn|9
|
|move|p2a: Deoxys-Speed|Taunt|p1a: Registeel
|-start|p1a: Registeel|move: Taunt
|move|p1a: Registeel|Seismic Toss|p2a: Deoxys-Speed
|-damage|p2a: Deoxys-Speed|0 fnt
|faint|p2a: Deoxys-Speed
|
|-heal|p1a: Registeel|314\/364|[from] item: Leftovers
|
|switch|p2a: Talonflame|Talonflame, M|297\/297
|turn|10
|
|switch|p1a: Donphan|Donphan, F|60\/384
|-damage|p1a: Donphan|36\/384|[from] Stealth Rock
|-damage|p1a: Donphan|0 fnt|[from] Spikes
|faint|p1a: Donphan
|move|p2a: Talonflame|Flare Blitz|p1: Donphan|[notarget]
|-notarget
|
|
|switch|p1a: Hydreigon|Hydreigon, F|331\/331
|-damage|p1a: Hydreigon|290\/331|[from] Stealth Rock
|turn|11
|
|switch|p2a: Garchomp|Garchomp, M|358\/358
|move|p1a: Hydreigon|Draco Meteor|p2a: Garchomp
|-supereffective|p2a: Garchomp
|-damage|p2a: Garchomp|0 fnt
|-unboost|p1a: Hydreigon|spa|2
|faint|p2a: Garchomp
|
|
|switch|p2a: Bisharp|Bisharp, M|271\/271
|turn|12
|
|switch|p1a: Registeel|Registeel|314\/364
|-damage|p1a: Registeel|292\/364|[from] Stealth Rock
|-damage|p1a: Registeel|247\/364|[from] Spikes
|move|p2a: Bisharp|Swords Dance|p2a: Bisharp
|-boost|p2a: Bisharp|atk|2
|
|-heal|p1a: Registeel|269\/364|[from] item: Leftovers
|turn|13
|
|move|p2a: Bisharp|Knock Off|p1a: Registeel
|-damage|p1a: Registeel|0 fnt
|-damage|p2a: Bisharp|244\/271|[from] item: Life Orb
|faint|p1a: Registeel
|
|
|switch|p1a: Hydreigon|Hydreigon, F|290\/331
|-damage|p1a: Hydreigon|249\/331|[from] Stealth Rock
|turn|14
|
|move|p2a: Bisharp|Sucker Punch|p1a: Hydreigon
|-resisted|p1a: Hydreigon
|-damage|p1a: Hydreigon|50\/331
|-damage|p2a: Bisharp|217\/271|[from] item: Life Orb
|move|p1a: Hydreigon|Fire Blast|p2a: Bisharp|[miss]
|-miss|p1a: Hydreigon|p2a: Bisharp
|
|turn|15
|-message|ninimia forfeited.
|
|win|Will-I-am2
|raw|Ladder updating...
|leave|ninimia
|player|p2
|raw|Will-I-am2's rating: 1917 &rarr; <strong>1928<\/strong><br \/>(+11 for winning)
|raw|ninimia's rating: 1742 &rarr; <strong>1731<\/strong><br \/>(-11 for losing)