|join|RAGIN' CAGIN'
|join|ninimia
|player|p1|RAGIN' CAGIN'|247
|player|p2|ninimia|101
|gametype|singles
|gen|6
|tier|OU Monotype
|rated
|rule|Same Type Clause: Pokemon in a team must share a type
|rule|Sleep Clause Mod: Limit one foe put to sleep
|rule|Species Clause: Limit one of each Pokemon
|rule|OHKO Clause: OHKO moves are banned
|rule|Moody Clause: Moody is banned
|rule|Evasion Moves Clause: Evasion moves are banned
|rule|Endless Battle Clause: Forcing endless battles is banned.
|rule|HP Percentage Mod: HP is reported as percentages
|clearpoke
|poke|p1|Skarmory, M
|poke|p1|Heatran, M
|poke|p1|Aegislash, M
|poke|p1|Excadrill, M
|poke|p1|Ferrothorn, M
|poke|p1|Lucario, M
|poke|p2|Honchkrow, F
|poke|p2|Bisharp, F
|poke|p2|Tyranitar, F
|poke|p2|Greninja, F
|poke|p2|Sharpedo, F
|poke|p2|Krookodile, F
|teampreview
|
|start
|switch|p1a: Lolz Tank|Skarmory, M|334\/334
|switch|p2a: Krookodile|Krookodile, F|332\/332
|-ability|p2a: Krookodile|Intimidate|[of] p1a: Lolz Tank
|-unboost|p1a: Lolz Tank|atk|1
|turn|1
|
|move|p2a: Krookodile|Taunt|p1a: Lolz Tank
|-start|p1a: Lolz Tank|move: Taunt
|cant|p1a: Lolz Tank|move: Taunt|Stealth Rock
|
|turn|2
|
|switch|p1a: Durian|Ferrothorn, M|351\/351
|move|p2a: Krookodile|Stealth Rock|p1a: Durian
|-sidestart|p1: RAGIN' CAGIN'|move: Stealth Rock
|
|turn|3
|
|move|p2a: Krookodile|Taunt|p1a: Durian
|-start|p1a: Durian|move: Taunt
|move|p1a: Durian|Power Whip|p2a: Krookodile
|-supereffective|p2a: Krookodile
|-damage|p2a: Krookodile|32\/332
|
|turn|4
|
|move|p2a: Krookodile|Knock Off|p1a: Durian
|-damage|p1a: Durian|230\/351
|-damage|p2a: Krookodile|0 fnt|[from] ability: Iron Barbs|[of] p1a: Durian
|faint|p2a: Krookodile
|move|p1a: Durian|Gyro Ball|p2: Krookodile|[notarget]
|-notarget
|
|-heal|p1a: Durian|251\/351|[from] item: Leftovers
|
|switch|p2a: Bisharp|Bisharp, F|271\/271
|turn|5
|
|switch|p1a: Sir Fang|Lucario, M|282\/282
|-damage|p1a: Sir Fang|274\/282|[from] Stealth Rock
|move|p2a: Bisharp|Swords Dance|p2a: Bisharp
|-boost|p2a: Bisharp|atk|2
|
|turn|6
|
|move|p1a: Sir Fang|Vacuum Wave|p2a: Bisharp
|-supereffective|p2a: Bisharp
|-damage|p2a: Bisharp|0 fnt
|-damage|p1a: Sir Fang|246\/282|[from] item: Life Orb
|faint|p2a: Bisharp
|
|
|switch|p2a: Tyranitar|Tyranitar, F|342\/342
|-weather|Sandstorm
|turn|7
|
|-formechange|p2a: Tyranitar|Tyranitar-Mega
|message|Tyranitar has Mega Evolved into Mega Tyranitar!
|move|p1a: Sir Fang|Aura Sphere|p2a: Tyranitar
|-supereffective|p2a: Tyranitar
|-damage|p2a: Tyranitar|0 fnt
|-damage|p1a: Sir Fang|218\/282|[from] item: Life Orb
|faint|p2a: Tyranitar
|
|-weather|Sandstorm|[upkeep]
|-message|ninimia forfeited.
|
|win|RAGIN' CAGIN'
|raw|Ladder updating...
|raw|RAGIN&apos; CAGIN&apos;'s rating: 1409 &rarr; <strong>1430<\/strong><br \/>(+21 for winning)
|raw|ninimia's rating: 1427 &rarr; <strong>1405<\/strong><br \/>(-22 for losing)
|leave|ninimia
|player|p2