|join|Swalex
|join|RegiSteelYourGirl
|player|p1|Swalex|261
|player|p2|RegiSteelYourGirl|79
|gametype|singles
|gen|6
|tier|UU
|rated
|rule|Sleep Clause Mod: Limit one foe put to sleep
|rule|Species Clause: Limit one of each PokÃ©mon
|rule|OHKO Clause: OHKO moves are banned
|rule|Moody Clause: Moody is banned
|rule|Evasion Moves Clause: Evasion moves are banned
|rule|Endless Battle Clause: Forcing endless battles is banned
|rule|HP Percentage Mod: HP is shown in percentages
|clearpoke
|poke|p1|Exploud, F, shiny
|poke|p1|Registeel, shiny
|poke|p1|Honchkrow, F
|poke|p1|Starmie
|poke|p1|Swampert, F
|poke|p1|Kingdra, M
|poke|p2|Swampert, M
|poke|p2|Entei, shiny
|poke|p2|Toxicroak, M
|poke|p2|Gallade, M, shiny
|poke|p2|Haxorus, M, shiny
|poke|p2|Azelf
|rule|Swagger Clause: Swagger is banned
|rule|Baton Pass Clause: Limit one PokÃ©mon knowing Baton Pass
|teampreview
|
|start
|switch|p1a: Kingdra|Kingdra, M|307\/307
|switch|p2a: Gardevoir's Bae|Gallade, M, shiny|279\/279
|turn|1
|
|detailschange|p2a: Gardevoir's Bae|Gallade-Mega, M, shiny
|message|Gallade has Mega Evolved into Mega Gallade!
|move|p2a: Gardevoir's Bae|Zen Headbutt|p1a: Kingdra
|-damage|p1a: Kingdra|94\/307
|cant|p1a: Kingdra|flinch
|
|turn|2
|
|move|p2a: Gardevoir's Bae|Knock Off|p1a: Kingdra
|-damage|p1a: Kingdra|0 fnt
|-enditem|p1a: Kingdra|Scope Lens|[from] move: Knock Off|[of] p2a: Gardevoir's Bae
|faint|p1a: Kingdra
|
|
|switch|p1a: Registeel|Registeel, shiny|363\/363
|turn|3
|
|move|p2a: Gardevoir's Bae|Close Combat|p1a: Registeel
|-supereffective|p1a: Registeel
|-damage|p1a: Registeel|0 fnt
|-unboost|p2a: Gardevoir's Bae|def|1
|-unboost|p2a: Gardevoir's Bae|spd|1
|faint|p1a: Registeel
|
|c|âRegiSteelYourGirl|lol
|
|switch|p1a: Honchkrow|Honchkrow, F|349\/349
|turn|4
|
|switch|p2a: Swampert|Swampert, M|404\/404
|move|p1a: Honchkrow|Sucker Punch|p2a: Swampert
|-fail|p2a: Swampert
|
|turn|5
|
|move|p1a: Honchkrow|Substitute|p1a: Honchkrow
|-start|p1a: Honchkrow|Substitute
|-damage|p1a: Honchkrow|262\/349
|move|p2a: Swampert|Scald|p1a: Honchkrow
|-crit|p1a: Honchkrow
|-end|p1a: Honchkrow|Substitute
|
|turn|6
|
|move|p1a: Honchkrow|Brave Bird|p2a: Swampert
|-damage|p2a: Swampert|201\/404
|-damage|p1a: Honchkrow|195\/349|[from] recoil|[of] p2a: Swampert
|-damage|p1a: Honchkrow|161\/349|[from] item: Life Orb
|move|p2a: Swampert|Stealth Rock|p1a: Honchkrow
|-sidestart|p1: Swalex|move: Stealth Rock
|
|-heal|p2a: Swampert|226\/404|[from] item: Leftovers
|turn|7
|
|move|p1a: Honchkrow|Roost|p1a: Honchkrow
|-heal|p1a: Honchkrow|336\/349
|move|p2a: Swampert|Scald|p1a: Honchkrow
|-damage|p1a: Honchkrow|206\/349
|
|-heal|p2a: Swampert|251\/404|[from] item: Leftovers
|turn|8
|
|move|p1a: Honchkrow|Brave Bird|p2a: Swampert
|-damage|p2a: Swampert|33\/404
|-damage|p1a: Honchkrow|134\/349|[from] recoil|[of] p2a: Swampert
|-damage|p1a: Honchkrow|100\/349|[from] item: Life Orb
|move|p2a: Swampert|Scald|p1a: Honchkrow
|-damage|p1a: Honchkrow|0 fnt
|faint|p1a: Honchkrow
|
|-heal|p2a: Swampert|58\/404|[from] item: Leftovers
|
|switch|p1a: Exploud|Exploud, F, shiny|349\/349
|-damage|p1a: Exploud|306\/349|[from] Stealth Rock
|turn|9
|
|move|p1a: Exploud|Boomburst|p2a: Swampert
|-damage|p2a: Swampert|0 fnt
|faint|p2a: Swampert
|
|
|switch|p2a: Gardevoir's Bae|Gallade-Mega, M, shiny|279\/279
|turn|10
|
|move|p2a: Gardevoir's Bae|Close Combat|p1a: Exploud
|-supereffective|p1a: Exploud
|-damage|p1a: Exploud|0 fnt
|-unboost|p2a: Gardevoir's Bae|def|1
|-unboost|p2a: Gardevoir's Bae|spd|1
|faint|p1a: Exploud
|
|-message|Swalex forfeited.
|leave|Swalex
|
|win|RegiSteelYourGirl
|raw|Ladder updating...
|player|p1
|leave|RegiSteelYourGirl
|player|p2
|join|RegiSteelYourGirl
|raw|Swalex's rating: 1256 &rarr; <strong>1227<\/strong><br \/>(-29 for losing)
|raw|RegiSteelYourGirl's rating: 1210 &rarr; <strong>1238<\/strong><br \/>(+28 for winning)