|join|lil manaphy
|join|The Supercomputer
|player|p1|lil manaphy|272
|player|p2|The Supercomputer|150
|gametype|singles
|gen|6
|tier|OU
|rated
|clearpoke
|poke|p1|Lopunny, F
|poke|p1|Manaphy
|poke|p1|Scizor, M
|poke|p1|Celebi
|poke|p1|Heatran, F
|poke|p1|Mandibuzz, F
|poke|p2|Azumarill, F, shiny
|poke|p2|Scizor, M, shiny
|poke|p2|Bisharp, M, shiny
|poke|p2|Gengar, M, shiny
|poke|p2|Landorus, M, shiny
|poke|p2|Azelf, shiny
|rule|Swagger Clause: Swagger is banned
|rule|Baton Pass Clause: Limit one PokÃ©mon knowing Baton Pass
|rule|Sleep Clause Mod: Limit one foe put to sleep
|rule|Species Clause: Limit one of each PokÃ©mon
|rule|OHKO Clause: OHKO moves are banned
|rule|Moody Clause: Moody is banned
|rule|Evasion Moves Clause: Evasion moves are banned
|rule|Endless Battle Clause: Forcing endless battles is banned
|rule|HP Percentage Mod: HP is shown in percentages
|teampreview
|
|start
|switch|p1a: Couture|Lopunny, F|271\/271
|switch|p2a: Azelf|Azelf, shiny|291\/291
|turn|1
|
|switch|p2a: Scizor|Scizor, M, shiny|310\/310
|detailschange|p1a: Couture|Lopunny-Mega, F
|-mega|p1a: Couture|Lopunny|Lopunnite
|move|p1a: Couture|Fake Out|p2a: Scizor
|-resisted|p2a: Scizor
|-damage|p2a: Scizor|271\/310
|
|turn|2
|
|switch|p2a: Azelf|Azelf, shiny|291\/291
|move|p1a: Couture|Power-Up Punch|p2a: Azelf
|-resisted|p2a: Azelf
|-damage|p2a: Azelf|242\/291
|-boost|p1a: Couture|atk|1
|
|turn|3
|
|move|p1a: Couture|Return|p2a: Azelf
|-damage|p2a: Azelf|0 fnt
|faint|p2a: Azelf
|
|
|switch|p2a: Scizor|Scizor, M, shiny|271\/310
|turn|4
|
|switch|p1a: im walling everyth|Mandibuzz, F|423\/423
|detailschange|p2a: Scizor|Scizor-Mega, M, shiny
|-mega|p2a: Scizor|Scizor|Scizorite
|move|p2a: Scizor|Superpower|p1a: im walling everyth
|-damage|p1a: im walling everyth|300\/423
|-damage|p2a: Scizor|220\/310|[from] item: Rocky Helmet|[of] p1a: im walling everyth
|-unboost|p2a: Scizor|atk|1
|-unboost|p2a: Scizor|def|1
|
|turn|5
|
|switch|p2a: Azumarill|Azumarill, F, shiny|401\/401
|move|p1a: im walling everyth|Foul Play|p2a: Azumarill
|-resisted|p2a: Azumarill
|-damage|p2a: Azumarill|341\/401
|
|turn|6
|
|switch|p1a: still bigger than|Manaphy|341\/341
|move|p2a: Azumarill|Knock Off|p1a: still bigger than
|-damage|p1a: still bigger than|200\/341
|-enditem|p1a: still bigger than|Leftovers|[from] move: Knock Off|[of] p2a: Azumarill
|
|turn|7
|
|move|p1a: still bigger than|Scald|p2a: Azumarill
|-resisted|p2a: Azumarill
|-damage|p2a: Azumarill|285\/401
|-status|p2a: Azumarill|brn
|move|p2a: Azumarill|Play Rough|p1a: still bigger than
|-damage|p1a: still bigger than|100\/341
|
|-damage|p2a: Azumarill|235\/401 brn|[from] brn
|turn|8
|
|move|p1a: still bigger than|Psychic|p2a: Azumarill
|-damage|p2a: Azumarill|160\/401 brn
|move|p2a: Azumarill|Play Rough|p1a: still bigger than
|-damage|p1a: still bigger than|7\/341
|
|-damage|p2a: Azumarill|110\/401 brn|[from] brn
|turn|9
|
|switch|p1a: business|Scizor, M|343\/343
|move|p2a: Azumarill|Aqua Jet|p1a: business
|-damage|p1a: business|297\/343
|
|-damage|p2a: Azumarill|60\/401 brn|[from] brn
|turn|10
|
|move|p1a: business|Bullet Punch|p2a: Azumarill
|-damage|p2a: Azumarill|0 fnt
|faint|p2a: Azumarill
|
|
|switch|p2a: Bisharp|Bisharp, M, shiny|271\/271
|turn|11
|
|switch|p1a: Couture|Lopunny-Mega, F|271\/271
|move|p2a: Bisharp|Swords Dance|p2a: Bisharp
|-boost|p2a: Bisharp|atk|2
|
|turn|12
|
|move|p2a: Bisharp|Sucker Punch|p1a: Couture
|-resisted|p1a: Couture
|-damage|p1a: Couture|60\/271
|-damage|p2a: Bisharp|244\/271|[from] item: Life Orb
|move|p1a: Couture|Drain Punch|p2a: Bisharp
|-supereffective|p2a: Bisharp
|-damage|p2a: Bisharp|0 fnt
|-heal|p1a: Couture|182\/271|[from] drain|[of] p2a: Bisharp
|faint|p2a: Bisharp
|
|-message|The Supercomputer forfeited.
|
|win|lil manaphy
|raw|Ladder updating...
|raw|lil manaphy's rating: 1666 &rarr; <strong>1681<\/strong><br \/>(+15 for winning)
|raw|The Supercomputer's rating: 1566 &rarr; <strong>1552<\/strong><br \/>(-14 for losing)
|leave|The Supercomputer
|player|p2