|join|FkIt
|join|The Supercomputer
|player|p1|FkIt|163
|player|p2|The Supercomputer|290
|gametype|singles
|gen|6
|tier|OU (suspect test)
|rated
|clearpoke
|poke|p1|Ferrothorn, F
|poke|p1|Keldeo-Resolute
|poke|p1|Metagross
|poke|p1|Landorus-Therian, M
|poke|p1|Latios, M
|poke|p1|Heatran, F
|poke|p2|Gengar, F, shiny
|poke|p2|Azelf, shiny
|poke|p2|Metagross, shiny
|poke|p2|Azumarill, M, shiny
|poke|p2|Landorus, M, shiny
|poke|p2|Magnezone, shiny
|rule|Swagger Clause: Swagger is banned
|rule|Baton Pass Clause: Limit one PokÃ©mon knowing Baton Pass
|rule|Sleep Clause Mod: Limit one foe put to sleep
|rule|Species Clause: Limit one of each PokÃ©mon
|rule|OHKO Clause: OHKO moves are banned
|rule|Moody Clause: Moody is banned
|rule|Evasion Moves Clause: Evasion moves are banned
|rule|Endless Battle Clause: Forcing endless battles is banned
|rule|HP Percentage Mod: HP is shown in percentages
|teampreview
|
|start
|switch|p1a: Landorus-Therian|Landorus-Therian, M|379\/379
|switch|p2a: Azelf|Azelf, shiny|291\/291
|-ability|p1a: Landorus-Therian|Intimidate|[of] p2a: Azelf
|-unboost|p2a: Azelf|atk|1
|turn|1
|
|move|p2a: Azelf|Stealth Rock|p1a: Landorus-Therian
|-sidestart|p1: FkIt|move: Stealth Rock
|move|p1a: Landorus-Therian|Knock Off|p2a: Azelf
|-supereffective|p2a: Azelf
|-enditem|p2a: Azelf|Focus Sash
|-damage|p2a: Azelf|1\/291
|
|turn|2
|
|switch|p2a: Azumarill|Azumarill, M, shiny|401\/401
|move|p1a: Landorus-Therian|Stealth Rock|p2a: Azumarill
|-sidestart|p2: The Supercomputer|move: Stealth Rock
|
|turn|3
|
|move|p1a: Landorus-Therian|Earthquake|p2a: Azumarill
|-damage|p2a: Azumarill|193\/401
|move|p2a: Azumarill|Knock Off|p1a: Landorus-Therian
|-damage|p1a: Landorus-Therian|266\/379
|-enditem|p1a: Landorus-Therian|Leftovers|[from] move: Knock Off|[of] p2a: Azumarill
|
|turn|4
|
|move|p1a: Landorus-Therian|Earthquake|p2a: Azumarill
|-damage|p2a: Azumarill|0 fnt
|faint|p2a: Azumarill
|
|
|switch|p2a: Gengar|Gengar, F, shiny|261\/261
|-damage|p2a: Gengar|229\/261|[from] Stealth Rock
|turn|5
|
|switch|p1a: Heatran|Heatran, F|385\/385
|-damage|p1a: Heatran|337\/385|[from] Stealth Rock
|move|p2a: Gengar|Shadow Ball|p1a: Heatran
|-damage|p1a: Heatran|199\/385
|-damage|p2a: Gengar|203\/261|[from] item: Life Orb
|
|-heal|p1a: Heatran|223\/385|[from] item: Leftovers
|turn|6
|
|move|p1a: Heatran|Protect|p1a: Heatran
|-singleturn|p1a: Heatran|Protect
|move|p2a: Gengar|Focus Blast|p1a: Heatran
|-activate|p1a: Heatran|Protect
|
|-heal|p1a: Heatran|247\/385|[from] item: Leftovers
|turn|7
|
|move|p2a: Gengar|Focus Blast|p1a: Heatran
|-supereffective|p1a: Heatran
|-damage|p1a: Heatran|0 fnt
|-damage|p2a: Gengar|177\/261|[from] item: Life Orb
|faint|p1a: Heatran
|
|
|switch|p1a: Latios|Latios, M|301\/301
|-damage|p1a: Latios|264\/301|[from] Stealth Rock
|turn|8
|
|move|p1a: Latios|Draco Meteor|p2a: Gengar
|-damage|p2a: Gengar|0 fnt
|-unboost|p1a: Latios|spa|2
|faint|p2a: Gengar
|
|
|switch|p2a: Metagross|Metagross, shiny|301\/301
|-damage|p2a: Metagross|283\/301|[from] Stealth Rock
|turn|9
|
|switch|p1a: Ferrothorn|Ferrothorn, F|351\/351
|-damage|p1a: Ferrothorn|330\/351|[from] Stealth Rock
|switch|p2a: Magnezone|Magnezone, shiny|285\/285
|-damage|p2a: Magnezone|268\/285|[from] Stealth Rock
|
|turn|10
|
|move|p2a: Magnezone|Hidden Power|p1a: Ferrothorn
|-supereffective|p1a: Ferrothorn
|-damage|p1a: Ferrothorn|106\/351
|move|p1a: Ferrothorn|Knock Off|p2a: Magnezone
|-damage|p2a: Magnezone|201\/285
|-enditem|p2a: Magnezone|Choice Scarf|[from] move: Knock Off|[of] p1a: Ferrothorn
|
|turn|11
|
|move|p2a: Magnezone|Hidden Power|p1a: Ferrothorn
|-crit|p1a: Ferrothorn
|-supereffective|p1a: Ferrothorn
|-damage|p1a: Ferrothorn|0 fnt
|faint|p1a: Ferrothorn
|
|
|switch|p1a: Metagross|Metagross|301\/301
|-damage|p1a: Metagross|283\/301|[from] Stealth Rock
|turn|12
|
|detailschange|p1a: Metagross|Metagross-Mega
|-mega|p1a: Metagross|Metagross|Metagrossite
|move|p1a: Metagross|Earthquake|p2a: Magnezone
|-supereffective|p2a: Magnezone
|-damage|p2a: Magnezone|0 fnt
|faint|p2a: Magnezone
|
|
|switch|p2a: Landorus|Landorus, M, shiny|345\/345
|-damage|p2a: Landorus|302\/345|[from] Stealth Rock
|turn|13
|
|switch|p2a: Azelf|Azelf, shiny|1\/291
|-damage|p2a: Azelf|0 fnt|[from] Stealth Rock
|faint|p2a: Azelf
|move|p1a: Metagross|Ice Punch|p2: Azelf|[notarget]
|-notarget
|
|join|Dick Suck Jim
|
|switch|p2a: Metagross|Metagross, shiny|283\/301
|-damage|p2a: Metagross|265\/301|[from] Stealth Rock
|turn|14
|
|detailschange|p2a: Metagross|Metagross-Mega, shiny
|-mega|p2a: Metagross|Metagross|Metagrossite
|move|p1a: Metagross|Earthquake|p2a: Metagross
|-supereffective|p2a: Metagross
|-damage|p2a: Metagross|95\/301
|move|p2a: Metagross|Earthquake|p1a: Metagross
|-supereffective|p1a: Metagross
|-damage|p1a: Metagross|107\/301
|
|turn|15
|
|switch|p1a: Landorus-Therian|Landorus-Therian, M|266\/379
|-damage|p1a: Landorus-Therian|219\/379|[from] Stealth Rock
|-ability|p1a: Landorus-Therian|Intimidate|[of] p2a: Metagross
|-unboost|p2a: Metagross|atk|1
|move|p2a: Metagross|Earthquake|p1a: Landorus-Therian
|-immune|p1a: Landorus-Therian|[msg]
|
|turn|16
|
|move|p2a: Metagross|Meteor Mash|p1a: Landorus-Therian
|-damage|p1a: Landorus-Therian|80\/379
|move|p1a: Landorus-Therian|U-turn|p2a: Metagross
|-damage|p2a: Metagross|35\/301
|
|switch|p1a: Latios|Latios, M|264\/301
|-damage|p1a: Latios|227\/301|[from] Stealth Rock
|
|turn|17
|
|move|p1a: Latios|Draco Meteor|p2a: Metagross
|-resisted|p2a: Metagross
|-damage|p2a: Metagross|0 fnt
|-unboost|p1a: Latios|spa|2
|faint|p2a: Metagross
|
|
|switch|p2a: Landorus|Landorus, M, shiny|302\/345
|-damage|p2a: Landorus|259\/345|[from] Stealth Rock
|turn|18
|
|switch|p1a: DJ Pon3|Keldeo-Resolute|323\/323
|-damage|p1a: DJ Pon3|303\/323|[from] Stealth Rock
|move|p2a: Landorus|Rock Polish|p2a: Landorus
|-boost|p2a: Landorus|spe|2
|
|turn|19
|c|âFkIt|did i just lose
|c|âFkIt|lol
|
|move|p2a: Landorus|Psychic|p1a: DJ Pon3
|-supereffective|p1a: DJ Pon3
|-damage|p1a: DJ Pon3|0 fnt
|faint|p1a: DJ Pon3
|
|
|switch|p1a: Latios|Latios, M|227\/301
|-damage|p1a: Latios|190\/301|[from] Stealth Rock
|turn|20
|
|move|p2a: Landorus|Knock Off|p1a: Latios
|-supereffective|p1a: Latios
|-damage|p1a: Latios|0 fnt
|-enditem|p1a: Latios|Choice Scarf|[from] move: Knock Off|[of] p2a: Landorus
|-damage|p2a: Landorus|225\/345|[from] item: Life Orb
|faint|p1a: Latios
|
|
|switch|p1a: Landorus-Therian|Landorus-Therian, M|80\/379
|-damage|p1a: Landorus-Therian|33\/379|[from] Stealth Rock
|-ability|p1a: Landorus-Therian|Intimidate|[of] p2a: Landorus
|-unboost|p2a: Landorus|atk|1
|turn|21
|-message|FkIt forfeited.
|leave|FkIt
|
|win|The Supercomputer
|raw|Ladder updating...
|player|p1
|raw|FkIt's rating: 1569 &rarr; <strong>1547<\/strong><br \/>(-22 for losing)
|raw|The Supercomputer's rating: 1528 &rarr; <strong>1550<\/strong><br \/>(+22 for winning)