|join|The Supercomputer
|join|Will-I-am2
|player|p1|The Supercomputer|290
|player|p2|Will-I-am2|169
|gametype|singles
|gen|6
|tier|OU (suspect test)
|rated
|clearpoke
|poke|p1|Gengar, M, shiny
|poke|p1|Azelf, shiny
|poke|p1|Metagross, shiny
|poke|p1|Azumarill, M, shiny
|poke|p1|Landorus, M, shiny
|poke|p1|Magneton, shiny
|poke|p2|Registeel
|poke|p2|Mamoswine, F
|poke|p2|Hydreigon, M
|poke|p2|Slowbro, F
|poke|p2|Talonflame, M
|poke|p2|Xatu, M
|rule|Swagger Clause: Swagger is banned
|rule|Baton Pass Clause: Limit one PokÃ©mon knowing Baton Pass
|rule|Sleep Clause Mod: Limit one foe put to sleep
|rule|Species Clause: Limit one of each PokÃ©mon
|rule|OHKO Clause: OHKO moves are banned
|rule|Moody Clause: Moody is banned
|rule|Evasion Moves Clause: Evasion moves are banned
|rule|Endless Battle Clause: Forcing endless battles is banned
|rule|HP Percentage Mod: HP is shown in percentages
|teampreview
|
|start
|switch|p1a: Gengar|Gengar, M, shiny|261\/261
|switch|p2a: Hydreigon|Hydreigon, M|333\/333
|turn|1
|
|switch|p1a: Azumarill|Azumarill, M, shiny|401\/401
|switch|p2a: Talonflame|Talonflame, M|360\/360
|
|turn|2
|
|move|p2a: Talonflame|Will-O-Wisp|p1a: Azumarill
|-status|p1a: Azumarill|brn
|move|p1a: Azumarill|Waterfall|p2a: Talonflame
|-supereffective|p2a: Talonflame
|-damage|p2a: Talonflame|126\/360
|
|-heal|p2a: Talonflame|148\/360|[from] item: Leftovers
|-damage|p1a: Azumarill|351\/401 brn|[from] brn
|turn|3
|
|move|p2a: Talonflame|Roost|p2a: Talonflame
|-heal|p2a: Talonflame|328\/360
|move|p1a: Azumarill|Knock Off|p2a: Talonflame
|-damage|p2a: Talonflame|236\/360
|-enditem|p2a: Talonflame|Leftovers|[from] move: Knock Off|[of] p1a: Azumarill
|
|-damage|p1a: Azumarill|301\/401 brn|[from] brn
|turn|4
|
|move|p2a: Talonflame|Roost|p2a: Talonflame
|-heal|p2a: Talonflame|360\/360
|move|p1a: Azumarill|Waterfall|p2a: Talonflame
|-supereffective|p2a: Talonflame
|-damage|p2a: Talonflame|144\/360
|
|-damage|p1a: Azumarill|251\/401 brn|[from] brn
|turn|5
|
|switch|p1a: Magneton|Magneton, shiny|245\/245
|move|p2a: Talonflame|Roost|p2a: Talonflame
|-heal|p2a: Talonflame|324\/360
|
|turn|6
|
|switch|p2a: Registeel|Registeel|364\/364
|move|p1a: Magneton|Thunderbolt|p2a: Registeel
|-damage|p2a: Registeel|270\/364
|
|-heal|p2a: Registeel|292\/364|[from] item: Leftovers
|turn|7
|
|switch|p1a: Azelf|Azelf, shiny|291\/291
|move|p2a: Registeel|Stealth Rock|p1a: Azelf
|-sidestart|p1: The Supercomputer|move: Stealth Rock
|
|-heal|p2a: Registeel|314\/364|[from] item: Leftovers
|turn|8
|
|switch|p2a: Xatu|Xatu, M|333\/333
|move|p1a: Azelf|Fire Blast|p2a: Xatu
|-damage|p2a: Xatu|183\/333
|
|turn|9
|
|move|p1a: Azelf|Fire Blast|p2a: Xatu
|-damage|p2a: Xatu|21\/333
|move|p2a: Xatu|U-turn|p1a: Azelf
|-crit|p1a: Azelf
|-supereffective|p1a: Azelf
|-damage|p1a: Azelf|125\/291
|
|switch|p2a: Hydreigon|Hydreigon, M|333\/333
|
|turn|10
|
|switch|p1a: Azumarill|Azumarill, M, shiny|251\/401 brn
|-damage|p1a: Azumarill|201\/401 brn|[from] Stealth Rock
|switch|p2a: Xatu|Xatu, M|21\/333
|
|-damage|p1a: Azumarill|151\/401 brn|[from] brn
|turn|11
|
|move|p1a: Azumarill|Aqua Jet|p2a: Xatu
|-damage|p2a: Xatu|0 fnt
|-damage|p1a: Azumarill|85\/401 brn|[from] item: Rocky Helmet|[of] p2a: Xatu
|faint|p2a: Xatu
|
|-damage|p1a: Azumarill|35\/401 brn|[from] brn
|
|switch|p2a: Talonflame|Talonflame, M|324\/360
|turn|12
|
|move|p2a: Talonflame|Brave Bird|p1a: Azumarill
|-damage|p1a: Azumarill|0 fnt
|-damage|p2a: Talonflame|312\/360|[from] recoil|[of] p1a: Azumarill
|faint|p1a: Azumarill
|
|
|switch|p1a: Magneton|Magneton, shiny|245\/245
|-damage|p1a: Magneton|230\/245|[from] Stealth Rock
|turn|13
|
|switch|p2a: Registeel|Registeel|314\/364
|move|p1a: Magneton|Flash Cannon|p2a: Registeel
|-resisted|p2a: Registeel
|-damage|p2a: Registeel|275\/364
|
|-heal|p2a: Registeel|297\/364|[from] item: Leftovers
|turn|14
|
|switch|p1a: Azelf|Azelf, shiny|125\/291
|-damage|p1a: Azelf|89\/291|[from] Stealth Rock
|move|p2a: Registeel|Seismic Toss|p1a: Azelf
|-damage|p1a: Azelf|0 fnt
|faint|p1a: Azelf
|
|-heal|p2a: Registeel|319\/364|[from] item: Leftovers
|
|switch|p1a: Landorus|Landorus, M, shiny|345\/345
|-damage|p1a: Landorus|302\/345|[from] Stealth Rock
|turn|15
|
|switch|p2a: Talonflame|Talonflame, M|312\/360
|move|p1a: Landorus|Knock Off|p2a: Talonflame
|-damage|p2a: Talonflame|211\/360
|-damage|p1a: Landorus|268\/345|[from] item: Life Orb
|
|turn|16
|
|move|p2a: Talonflame|Roost|p2a: Talonflame
|-heal|p2a: Talonflame|360\/360
|move|p1a: Landorus|Psychic|p2a: Talonflame
|-damage|p2a: Talonflame|201\/360
|
|turn|17
|
|move|p2a: Talonflame|Swords Dance|p2a: Talonflame
|-boost|p2a: Talonflame|atk|2
|move|p1a: Landorus|Psychic|p2a: Talonflame
|-damage|p2a: Talonflame|29\/360
|
|turn|18
|
|switch|p1a: Magneton|Magneton, shiny|230\/245
|-damage|p1a: Magneton|215\/245|[from] Stealth Rock
|move|p2a: Talonflame|Brave Bird|p1a: Magneton
|-resisted|p1a: Magneton
|-damage|p1a: Magneton|152\/245
|-damage|p2a: Talonflame|8\/360|[from] recoil|[of] p1a: Magneton
|
|turn|19
|
|move|p2a: Talonflame|Roost|p2a: Talonflame
|-heal|p2a: Talonflame|188\/360
|move|p1a: Magneton|Thunderbolt|p2a: Talonflame
|-damage|p2a: Talonflame|46\/360
|
|turn|20
|
|move|p2a: Talonflame|Roost|p2a: Talonflame
|-heal|p2a: Talonflame|226\/360
|move|p1a: Magneton|Thunderbolt|p2a: Talonflame
|-crit|p2a: Talonflame
|-damage|p2a: Talonflame|27\/360
|
|turn|21
|
|move|p2a: Talonflame|Roost|p2a: Talonflame
|-heal|p2a: Talonflame|207\/360
|move|p1a: Magneton|Thunderbolt|p2a: Talonflame
|-damage|p2a: Talonflame|66\/360
|
|turn|22
|
|switch|p2a: Mamoswine|Mamoswine, F|361\/361
|move|p1a: Magneton|Thunderbolt|p2a: Mamoswine
|-immune|p2a: Mamoswine|[msg]
|
|turn|23
|
|switch|p1a: Landorus|Landorus, M, shiny|268\/345
|-damage|p1a: Landorus|225\/345|[from] Stealth Rock
|move|p2a: Mamoswine|Knock Off|p1a: Landorus
|-damage|p1a: Landorus|52\/345
|-enditem|p1a: Landorus|Life Orb|[from] move: Knock Off|[of] p2a: Mamoswine
|-damage|p2a: Mamoswine|325\/361|[from] item: Life Orb
|
|turn|24
|
|move|p2a: Mamoswine|Ice Shard|p1a: Landorus
|-supereffective|p1a: Landorus
|-damage|p1a: Landorus|0 fnt
|-damage|p2a: Mamoswine|289\/361|[from] item: Life Orb
|faint|p1a: Landorus
|
|
|switch|p1a: Metagross|Metagross, shiny|301\/301
|-damage|p1a: Metagross|283\/301|[from] Stealth Rock
|turn|25
|
|switch|p2a: Slowbro|Slowbro, F|394\/394
|detailschange|p1a: Metagross|Metagross-Mega, shiny
|-mega|p1a: Metagross|Metagross|Metagrossite
|move|p1a: Metagross|Grass Knot|p2a: Slowbro
|-supereffective|p2a: Slowbro
|-damage|p2a: Slowbro|192\/394
|
|-heal|p2a: Slowbro|216\/394|[from] item: Leftovers
|turn|26
|
|switch|p1a: Magneton|Magneton, shiny|152\/245
|-damage|p1a: Magneton|137\/245|[from] Stealth Rock
|switch|p2a: Registeel|Registeel|319\/364
|
|-heal|p2a: Registeel|341\/364|[from] item: Leftovers
|turn|27
|
|switch|p1a: Gengar|Gengar, M, shiny|261\/261
|-damage|p1a: Gengar|229\/261|[from] Stealth Rock
|move|p2a: Registeel|Seismic Toss|p1a: Gengar
|-immune|p1a: Gengar|[msg]
|
|-heal|p2a: Registeel|363\/364|[from] item: Leftovers
|turn|28
|
|move|p1a: Gengar|Focus Blast|p2a: Registeel
|-supereffective|p2a: Registeel
|-damage|p2a: Registeel|137\/364
|-damage|p1a: Gengar|203\/261|[from] item: Life Orb
|move|p2a: Registeel|Iron Head|p1a: Gengar
|-damage|p1a: Gengar|86\/261
|
|-heal|p2a: Registeel|159\/364|[from] item: Leftovers
|turn|29
|
|move|p1a: Gengar|Focus Blast|p2a: Registeel
|-supereffective|p2a: Registeel
|-damage|p2a: Registeel|0 fnt
|-damage|p1a: Gengar|60\/261|[from] item: Life Orb
|faint|p2a: Registeel
|
|
|switch|p2a: Mamoswine|Mamoswine, F|289\/361
|turn|30
|
|switch|p1a: Magneton|Magneton, shiny|137\/245
|-damage|p1a: Magneton|122\/245|[from] Stealth Rock
|move|p2a: Mamoswine|Ice Shard|p1a: Magneton
|-resisted|p1a: Magneton
|-damage|p1a: Magneton|73\/245
|-damage|p2a: Mamoswine|253\/361|[from] item: Life Orb
|
|turn|31
|
|switch|p2a: Talonflame|Talonflame, M|66\/360
|move|p1a: Magneton|Volt Switch|p2a: Talonflame
|-supereffective|p2a: Talonflame
|-damage|p2a: Talonflame|0 fnt
|faint|p2a: Talonflame
|
|switch|p1a: Metagross|Metagross-Mega, shiny|283\/301
|-damage|p1a: Metagross|265\/301|[from] Stealth Rock
|
|
|switch|p2a: Slowbro|Slowbro, F|347\/394
|turn|32
|
|move|p1a: Metagross|Grass Knot|p2a: Slowbro
|-supereffective|p2a: Slowbro
|-damage|p2a: Slowbro|129\/394
|move|p2a: Slowbro|Trick Room|p2a: Slowbro
|-fieldstart|move: Trick Room|[of] p2a: Slowbro
|
|-heal|p2a: Slowbro|153\/394|[from] item: Leftovers
|turn|33
|
|move|p2a: Slowbro|Scald|p1a: Metagross
|-damage|p1a: Metagross|123\/301
|move|p1a: Metagross|Grass Knot|p2a: Slowbro
|-supereffective|p2a: Slowbro
|-damage|p2a: Slowbro|0 fnt
|faint|p2a: Slowbro
|
|
|switch|p2a: Mamoswine|Mamoswine, F|253\/361
|turn|34
|
|switch|p1a: Gengar|Gengar, M, shiny|60\/261
|-damage|p1a: Gengar|28\/261|[from] Stealth Rock
|move|p2a: Mamoswine|Earthquake|p1a: Gengar
|-immune|p1a: Gengar|[msg]
|
|turn|35
|
|move|p2a: Mamoswine|Knock Off|p1a: Gengar
|-supereffective|p1a: Gengar
|-damage|p1a: Gengar|0 fnt
|-enditem|p1a: Gengar|Life Orb|[from] move: Knock Off|[of] p2a: Mamoswine
|-damage|p2a: Mamoswine|217\/361|[from] item: Life Orb
|faint|p1a: Gengar
|
|
|switch|p1a: Magneton|Magneton, shiny|73\/245
|-damage|p1a: Magneton|58\/245|[from] Stealth Rock
|turn|36
|
|move|p2a: Mamoswine|Earthquake|p1a: Magneton
|-supereffective|p1a: Magneton
|-damage|p1a: Magneton|0 fnt
|-damage|p2a: Mamoswine|181\/361|[from] item: Life Orb
|faint|p1a: Magneton
|
|-fieldend|move: Trick Room
|
|switch|p1a: Metagross|Metagross-Mega, shiny|123\/301
|-damage|p1a: Metagross|105\/301|[from] Stealth Rock
|turn|37
|
|move|p1a: Metagross|Meteor Mash|p2a: Mamoswine
|-supereffective|p2a: Mamoswine
|-damage|p2a: Mamoswine|0 fnt
|faint|p2a: Mamoswine
|
|
|switch|p2a: Hydreigon|Hydreigon, M|333\/333
|turn|38
|
|move|p1a: Metagross|Meteor Mash|p2a: Hydreigon
|-damage|p2a: Hydreigon|74\/333
|move|p2a: Hydreigon|Dark Pulse|p1a: Metagross
|-supereffective|p1a: Metagross
|-damage|p1a: Metagross|0 fnt
|faint|p1a: Metagross
|
|win|Will-I-am2
|raw|Ladder updating...
|raw|The Supercomputer's rating: 1696 &rarr; <strong>1673<\/strong><br \/>(-23 for losing)
|raw|Will-I-am2's rating: 1641 &rarr; <strong>1664<\/strong><br \/>(+23 for winning)