|join|leremyju
|join|The Supercomputer
|player|p1|leremyju|29
|player|p2|The Supercomputer|290
|gametype|singles
|gen|6
|tier|OU (suspect test)
|rated
|clearpoke
|poke|p1|Landorus-Therian, M
|poke|p1|Klefki, F
|poke|p1|Keldeo
|poke|p1|Raikou
|poke|p1|Latios, M
|poke|p1|Pinsir, M
|poke|p2|Gengar, F, shiny
|poke|p2|Azelf, shiny
|poke|p2|Metagross, shiny
|poke|p2|Azumarill, F, shiny
|poke|p2|Landorus, M, shiny
|poke|p2|Magnezone, shiny
|rule|Swagger Clause: Swagger is banned
|rule|Baton Pass Clause: Limit one PokÃ©mon knowing Baton Pass
|rule|Sleep Clause Mod: Limit one foe put to sleep
|rule|Species Clause: Limit one of each PokÃ©mon
|rule|OHKO Clause: OHKO moves are banned
|rule|Moody Clause: Moody is banned
|rule|Evasion Moves Clause: Evasion moves are banned
|rule|Endless Battle Clause: Forcing endless battles is banned
|rule|HP Percentage Mod: HP is shown in percentages
|teampreview
|
|start
|switch|p1a: Raikou|Raikou|321\/321
|switch|p2a: Azelf|Azelf, shiny|291\/291
|-ability|p1a: Raikou|Pressure
|turn|1
|
|move|p2a: Azelf|Stealth Rock|p1a: Raikou
|-sidestart|p1: leremyju|move: Stealth Rock
|move|p1a: Raikou|Shadow Ball|p2a: Azelf
|-supereffective|p2a: Azelf
|-damage|p2a: Azelf|19\/291
|-unboost|p2a: Azelf|spd|1
|
|turn|2
|
|move|p2a: Azelf|Explosion|p1a: Raikou
|-damage|p1a: Raikou|0 fnt
|faint|p2a: Azelf
|faint|p1a: Raikou
|
|c|âleremyju|Awwww
|c|âleremyju|fuck
|
|switch|p2a: Gengar|Gengar, F, shiny|261\/261
|switch|p1a: Landorus-Therian|Landorus-Therian, M|319\/319
|-damage|p1a: Landorus-Therian|280\/319|[from] Stealth Rock
|-ability|p1a: Landorus-Therian|Intimidate|[of] p2a: Gengar
|-unboost|p2a: Gengar|atk|1
|turn|3
|
|switch|p2a: Azumarill|Azumarill, F, shiny|401\/401
|move|p1a: Landorus-Therian|Stealth Rock|p2a: Azumarill
|-sidestart|p2: The Supercomputer|move: Stealth Rock
|
|turn|4
|
|switch|p1a: Klefki|Klefki, F|317\/317
|-damage|p1a: Klefki|298\/317|[from] Stealth Rock
|move|p2a: Azumarill|Waterfall|p1a: Klefki
|-damage|p1a: Klefki|147\/317
|
|-heal|p1a: Klefki|166\/317|[from] item: Leftovers
|turn|5
|
|switch|p2a: Magnezone|Magnezone, shiny|285\/285
|-damage|p2a: Magnezone|268\/285|[from] Stealth Rock
|move|p1a: Klefki|Toxic|p2a: Magnezone
|-fail|p2a: Magnezone
|
|-heal|p1a: Klefki|185\/317|[from] item: Leftovers
|turn|6
|c|âleremyju|Oops
|
|move|p1a: Klefki|Spikes|p2a: Magnezone
|-sidestart|p2: The Supercomputer|Spikes
|move|p2a: Magnezone|Flash Cannon|p1a: Klefki
|-damage|p1a: Klefki|59\/317
|-unboost|p1a: Klefki|spd|1
|
|-heal|p1a: Klefki|78\/317|[from] item: Leftovers
|turn|7
|
|move|p1a: Klefki|Spikes|p2a: Magnezone
|-sidestart|p2: The Supercomputer|Spikes
|move|p2a: Magnezone|Flash Cannon|p1a: Klefki
|-damage|p1a: Klefki|0 fnt
|faint|p1a: Klefki
|
|
|switch|p1a: Keldeo|Keldeo|323\/323
|-damage|p1a: Keldeo|303\/323|[from] Stealth Rock
|turn|8
|
|move|p2a: Magnezone|Flash Cannon|p1a: Keldeo
|-resisted|p1a: Keldeo
|-damage|p1a: Keldeo|223\/323
|move|p1a: Keldeo|Hydro Pump|p2a: Magnezone
|-damage|p2a: Magnezone|0 fnt
|faint|p2a: Magnezone
|
|
|switch|p2a: Gengar|Gengar, F, shiny|261\/261
|-damage|p2a: Gengar|229\/261|[from] Stealth Rock
|turn|9
|c|âleremyju|Sigh
|
|move|p2a: Gengar|Sludge Wave|p1a: Keldeo
|-damage|p1a: Keldeo|0 fnt
|-damage|p2a: Gengar|203\/261|[from] item: Life Orb
|faint|p1a: Keldeo
|
|
|switch|p1a: Latios|Latios, M|301\/301
|-damage|p1a: Latios|264\/301|[from] Stealth Rock
|turn|10
|
|move|p1a: Latios|Psyshock|p2a: Gengar
|-crit|p2a: Gengar
|-supereffective|p2a: Gengar
|-damage|p2a: Gengar|0 fnt
|faint|p2a: Gengar
|
|
|switch|p2a: Metagross|Metagross, shiny|301\/301
|-damage|p2a: Metagross|283\/301|[from] Stealth Rock
|-damage|p2a: Metagross|233\/301|[from] Spikes
|turn|11
|
|detailschange|p2a: Metagross|Metagross-Mega, shiny
|-mega|p2a: Metagross|Metagross|Metagrossite
|move|p1a: Latios|Psyshock|p2a: Metagross
|-resisted|p2a: Metagross
|-damage|p2a: Metagross|206\/301
|move|p2a: Metagross|Meteor Mash|p1a: Latios
|-damage|p1a: Latios|0 fnt
|faint|p1a: Latios
|
|
|switch|p1a: Landorus-Therian|Landorus-Therian, M|280\/319
|-damage|p1a: Landorus-Therian|241\/319|[from] Stealth Rock
|-ability|p1a: Landorus-Therian|Intimidate|[of] p2a: Metagross
|-unboost|p2a: Metagross|atk|1
|turn|12
|
|move|p2a: Metagross|Meteor Mash|p1a: Landorus-Therian
|-damage|p1a: Landorus-Therian|100\/319
|move|p1a: Landorus-Therian|Earthquake|p2a: Metagross
|-supereffective|p2a: Metagross
|-damage|p2a: Metagross|0 fnt
|faint|p2a: Metagross
|
|
|switch|p2a: Landorus|Landorus, M, shiny|345\/345
|-damage|p2a: Landorus|302\/345|[from] Stealth Rock
|turn|13
|c|âleremyju|Sigh
|c|âleremyju|gg
|
|move|p2a: Landorus|Psychic|p1a: Landorus-Therian
|-damage|p1a: Landorus-Therian|0 fnt
|faint|p1a: Landorus-Therian
|
|
|switch|p1a: Pinsir|Pinsir, M|271\/271
|-damage|p1a: Pinsir|204\/271|[from] Stealth Rock
|turn|14
|
|detailschange|p1a: Pinsir|Pinsir-Mega, M
|-mega|p1a: Pinsir|Pinsir|Pinsirite
|move|p1a: Pinsir|Swords Dance|p1a: Pinsir
|-boost|p1a: Pinsir|atk|2
|move|p2a: Landorus|Psychic|p1a: Pinsir
|-damage|p1a: Pinsir|9\/271
|
|turn|15
|
|move|p1a: Pinsir|Return|p2a: Landorus
|-damage|p2a: Landorus|0 fnt
|faint|p2a: Landorus
|
|c|âleremyju|Oml
|
|switch|p2a: Azumarill|Azumarill, F, shiny|401\/401
|-damage|p2a: Azumarill|335\/401|[from] Spikes
|-damage|p2a: Azumarill|285\/401|[from] Stealth Rock
|turn|16
|
|move|p1a: Pinsir|Quick Attack|p2a: Azumarill
|-crit|p2a: Azumarill
|-damage|p2a: Azumarill|0 fnt
|faint|p2a: Azumarill
|
|win|leremyju
|raw|Ladder updating...
|raw|leremyju's rating: 1360 &rarr; <strong>1385<\/strong><br \/>(+25 for winning)
|raw|The Supercomputer's rating: 1454 &rarr; <strong>1429<\/strong><br \/>(-25 for losing)
|c|âleremyju|YEEES
|leave|The Supercomputer