|join|Reverb
|join|The Supercomputer
|player|p1|Reverb|#reverbxmas
|player|p2|The Supercomputer|290
|gametype|singles
|gen|6
|tier|OU (suspect test)
|rated
|clearpoke
|poke|p1|Lopunny, M
|poke|p1|Celebi
|poke|p1|Tyranitar, M
|poke|p1|Keldeo
|poke|p1|Landorus-Therian, M
|poke|p1|Empoleon, M
|poke|p2|Gengar, F, shiny
|poke|p2|Azelf, shiny
|poke|p2|Metagross, shiny
|poke|p2|Azumarill, M, shiny
|poke|p2|Landorus, M, shiny
|poke|p2|Magnezone, shiny
|rule|Swagger Clause: Swagger is banned
|rule|Baton Pass Clause: Limit one PokÃ©mon knowing Baton Pass
|rule|Sleep Clause Mod: Limit one foe put to sleep
|rule|Species Clause: Limit one of each PokÃ©mon
|rule|OHKO Clause: OHKO moves are banned
|rule|Moody Clause: Moody is banned
|rule|Evasion Moves Clause: Evasion moves are banned
|rule|Endless Battle Clause: Forcing endless battles is banned
|rule|HP Percentage Mod: HP is shown in percentages
|teampreview
|join|FlamingVictini PB
|join|Cienight
|join|Can-Eh-Dian
|join|haunter
|join|cosine180
|
|start
|switch|p1a: Lopunny|Lopunny, M|271\/271
|switch|p2a: Azelf|Azelf, shiny|291\/291
|turn|1
|join|CleanerThanRotom-W
|
|switch|p2a: Metagross|Metagross, shiny|301\/301
|detailschange|p1a: Lopunny|Lopunny-Mega, M
|-mega|p1a: Lopunny|Lopunny|Lopunnite
|move|p1a: Lopunny|Fake Out|p2a: Metagross
|-resisted|p2a: Metagross
|-damage|p2a: Metagross|272\/301
|
|turn|2
|join|Player Baleblaze
|
|switch|p1a: Empoleon|Empoleon, M|371\/371
|detailschange|p2a: Metagross|Metagross-Mega, shiny
|-mega|p2a: Metagross|Metagross|Metagrossite
|move|p2a: Metagross|Zen Headbutt|p1a: Empoleon
|-resisted|p1a: Empoleon
|-damage|p1a: Empoleon|282\/371
|
|-heal|p1a: Empoleon|305\/371|[from] item: Leftovers
|turn|3
|c| CleanerThanRotom-W|reverb
|join|Mistaken
|c| CleanerThanRotom-W|wrong keldeo
|c|âReverb|lol
|c| CleanerThanRotom-W|js k thx bai
|
|switch|p2a: Magnezone|Magnezone, shiny|285\/285
|move|p1a: Empoleon|Stealth Rock|p2a: Magnezone
|-sidestart|p2: The Supercomputer|move: Stealth Rock
|
|-heal|p1a: Empoleon|328\/371|[from] item: Leftovers
|turn|4
|join|Dell
|join|PoweredByRevenge
|
|move|p2a: Magnezone|Thunderbolt|p1a: Empoleon
|-supereffective|p1a: Empoleon
|-damage|p1a: Empoleon|52\/371
|-status|p1a: Empoleon|par
|move|p1a: Empoleon|Scald|p2a: Magnezone
|-damage|p2a: Magnezone|108\/285
|
|-heal|p1a: Empoleon|75\/371 par|[from] item: Leftovers
|turn|5
|
|move|p2a: Magnezone|Thunderbolt|p1a: Empoleon
|-supereffective|p1a: Empoleon
|-damage|p1a: Empoleon|0 fnt
|faint|p1a: Empoleon
|
|c| cosine180|ah nice torrent
|
|switch|p1a: Lopunny|Lopunny-Mega, M|271\/271
|turn|6
|c| CleanerThanRotom-W|not gonna lie
|c| CleanerThanRotom-W|if emp got recover
|
|move|p1a: Lopunny|High Jump Kick|p2a: Magnezone
|-supereffective|p2a: Magnezone
|-damage|p2a: Magnezone|0 fnt
|faint|p2a: Magnezone
|
|c| CleanerThanRotom-W|itd be ou
|c|âReverb|!dt empoleon
|c|~|\/data-pokemon Empoleon
|raw|<font size="1"><font color=#585858>Dex#:<\/font> 395&nbsp;|&ThickSpace;<font color=#585858>Height:<\/font> 1.7 m&nbsp;|&ThickSpace;<font color=#585858>Weight:<\/font> 84.5 kg <em>(80 BP)<\/em>&nbsp;|&ThickSpace;<font color=#585858>Dex Colour:<\/font> Blue&nbsp;|&ThickSpace;<font color=#585858>Egg Group(s):<\/font> Water 1, Field&nbsp;|&ThickSpace;<font color=#585858><font color=#585858>Does Not Evolve<\/font><\/font><\/font>
|
|switch|p2a: Metagross|Metagross-Mega, shiny|272\/301
|-damage|p2a: Metagross|254\/301|[from] Stealth Rock
|turn|7
|c|âReverb|it should be OU
|join|Yuttt.ninja
|c| Yuttt.ninja|haha
|
|switch|p1a: Landorus-Therian|Landorus-Therian, M|327\/327
|-ability|p1a: Landorus-Therian|Intimidate|[of] p2a: Metagross
|-unboost|p2a: Metagross|atk|1
|move|p2a: Metagross|Meteor Mash|p1a: Landorus-Therian
|-damage|p1a: Landorus-Therian|173\/327
|
|turn|8
|c| Yuttt.ninja|that nick
|c| Cienight|it should have been pre-oras
|c| Yuttt.ninja|avatar
|c| Cienight|not anymore
|c| Yuttt.ninja|and metagross
|c| cosine180|its gonna get less usage with greninja gone
|join|Keldeo
|join|StampedeOfK
|c|âReverb|i'll still use it
|c|âReverb|paul and i were the first yo
|c|âReverb|paul literally
|c| CleanerThanRotom-W|is defiant released?
|c|âReverb|well sortsa
|
|switch|p2a: Azelf|Azelf, shiny|291\/291
|-damage|p2a: Azelf|255\/291|[from] Stealth Rock
|move|p1a: Landorus-Therian|U-turn|p2a: Azelf
|-supereffective|p2a: Azelf
|-damage|p2a: Azelf|1\/291
|c| Yuttt.ninja|yes CTRW
|join|i came from leddit
|c| Cienight|nigga bengay laddered with defiant empoleon
|c| CleanerThanRotom-W|hmm
|join|Gizmo
|c|âReverb|umm
|c| cosine180|ben gay is a lord js
|c|âReverb|torrent is better imo
|c|âReverb|bc
|c|âReverb|you can tank a lando-t eq
|c|âReverb|and ohko with scald
|join|Baleblaze
|
|switch|p1a: Lopunny|Lopunny-Mega, M|271\/271
|
|turn|9
|c| Yuttt.ninja|defiant is better
|
|move|p1a: Lopunny|Return|p2a: Azelf
|-damage|p2a: Azelf|0 fnt
|faint|p2a: Azelf
|
|c| cosine180|what do u need +2 atk for o.O
|c| Yuttt.ninja|landT switches in and intimidates for +1 atk
|join|back for more
|
|switch|p2a: Metagross|Metagross-Mega, shiny|254\/301
|-damage|p2a: Metagross|236\/301|[from] Stealth Rock
|turn|10
|c| CleanerThanRotom-W|cosine
|c| i came from leddit|tfw no competitive empoleon
|c| Yuttt.ninja|you agility as it switches in
|c| Yuttt.ninja|ggggg
|c| CleanerThanRotom-W|its just to punish defog
|c| Gizmo|do you ohko lati with the x2 attack
|c| cosine180|yea but like
|c| Yuttt.ninja|knock off gizmo
|c| Gizmo|yeah
|c| Cienight|knock off
|
|switch|p1a: Landorus-Therian|Landorus-Therian, M|173\/327
|-ability|p1a: Landorus-Therian|Intimidate|[of] p2a: Metagross
|-unboost|p2a: Metagross|atk|1
|move|p2a: Metagross|Meteor Mash|p1a: Landorus-Therian
|-damage|p1a: Landorus-Therian|7\/327
|
|turn|11
|c| Gizmo|that's what i mean
|c| cosine180|what physical attacks can u run
|c| back for more|hey guys
|c| CleanerThanRotom-W|knock off
|c| Gizmo|do you ohko lati with knock off
|c| CleanerThanRotom-W|rock slide
|c| Gizmo|with the x2 attack
|c| cosine180|unless ur offensive
|c| CleanerThanRotom-W|jet
|c| Cienight|knock off , drill peck , wfall
|c| Gizmo|DRILL PECK
|
|switch|p1a: Keldeo|Keldeo|323\/323
|move|p2a: Metagross|Meteor Mash|p1a: Keldeo
|-resisted|p1a: Keldeo
|-damage|p1a: Keldeo|245\/323
|-boost|p2a: Metagross|atk|1
|
|turn|12
|c| Gizmo|W FALL
|join|Omegasization
|leave|Omegasization
|
|switch|p1a: Landorus-Therian|Landorus-Therian, M|7\/327
|-ability|p1a: Landorus-Therian|Intimidate|[of] p2a: Metagross
|-unboost|p2a: Metagross|atk|1
|move|p2a: Metagross|Zen Headbutt|p1a: Landorus-Therian
|-damage|p1a: Landorus-Therian|0 fnt
|faint|p1a: Landorus-Therian
|
|c|âReverb|fuck
|c| cosine180|gotta bring back sub petaya empoleon imo
|c| Cienight|nigga you aint no innov8r
|c| CleanerThanRotom-W|we need more shell bell bb talonflame
|c| CleanerThanRotom-W|:^)
|leave|Ghosts in the dark
|
|switch|p1a: Tyranitar|Tyranitar, M|383\/383
|-weather|Sandstorm
|turn|13
|c| back for more|be real
|
|move|p1a: Tyranitar|Pursuit|p2a: Metagross|[from]Pursuit
|-supereffective|p2a: Metagross
|-damage|p2a: Metagross|0 fnt
|faint|p2a: Metagross
|
|-weather|Sandstorm|[upkeep]
|c| CleanerThanRotom-W|um
|
|switch|p2a: Landorus|Landorus, M, shiny|345\/345
|-damage|p2a: Landorus|302\/345|[from] Stealth Rock
|turn|14
|c|âReverb|he couldnt ohko me
|c| CleanerThanRotom-W|hammer arm
|
|move|p2a: Landorus|Rock Polish|p2a: Landorus
|-boost|p2a: Landorus|spe|2
|move|p1a: Tyranitar|Pursuit|p2a: Landorus
|-damage|p2a: Landorus|172\/345
|
|-weather|Sandstorm|[upkeep]
|turn|15
|c| back for more|oh shit
|c| i came from leddit|rip?
|c| back for more|lets see sludge
|c| CleanerThanRotom-W|no
|c| cosine180|celebi walls
|c| back for more|yeah
|c| CleanerThanRotom-W|tar lives
|c| CleanerThanRotom-W|a hit
|c| Cienight|celebi is full
|c| Cienight|it dies if rash+no balk
|c| cosine180|no reason to run sludge wave on his team
|c| CleanerThanRotom-W|nah hes band
|
|switch|p1a: Keldeo|Keldeo|245\/323
|move|p2a: Landorus|Earth Power|p1a: Keldeo
|-damage|p1a: Keldeo|0 fnt
|faint|p1a: Keldeo
|
|-weather|Sandstorm|[upkeep]
|c| CleanerThanRotom-W|so most likely bulk
|
|switch|p1a: Celebi|Celebi|404\/404
|turn|16
|
|move|p2a: Landorus|Knock Off|p1a: Celebi
|-supereffective|p1a: Celebi
|-damage|p1a: Celebi|180\/404
|-enditem|p1a: Celebi|Leftovers|[from] move: Knock Off|[of] p2a: Landorus
|-damage|p2a: Landorus|138\/345|[from] item: Life Orb
|move|p1a: Celebi|Giga Drain|p2a: Landorus
|-damage|p2a: Landorus|26\/345
|-heal|p1a: Celebi|236\/404|[from] drain|[of] p2a: Landorus
|
|-weather|Sandstorm|[upkeep]
|-damage|p1a: Celebi|211\/404|[from] sandstorm
|turn|17
|join|Austin
|c| CleanerThanRotom-W|u turn
|c| CleanerThanRotom-W|imo
|c| Yuttt.ninja|week
|c| Yuttt.ninja|ass
|c| CleanerThanRotom-W|lol
|c| Yuttt.ninja|mons
|c| back for more|wow
|
|move|p2a: Landorus|Earth Power|p1a: Celebi
|-resisted|p1a: Celebi
|-damage|p1a: Celebi|110\/404
|move|p1a: Celebi|Giga Drain|p2a: Landorus
|-damage|p2a: Landorus|0 fnt
|-heal|p1a: Celebi|123\/404|[from] drain|[of] p2a: Landorus
|faint|p2a: Landorus
|
|-weather|none
|c| CleanerThanRotom-W|...
|c| Yuttt.ninja|why not
|c| Yuttt.ninja|wree cover
|
|switch|p2a: Gengar|Gengar, F, shiny|261\/261
|-damage|p2a: Gengar|229\/261|[from] Stealth Rock
|turn|18
|c|âReverb|i'd live sludge btw
|c| Yuttt.ninja|oh
|c| Yuttt.ninja|he still had gar
|c| back for more|where recover?
|join|Joaquin Villeda
|c| Joaquin Villeda|Joaquin Villeda joined
|
|switch|p1a: Tyranitar|Tyranitar, M|383\/383
|-weather|Sandstorm
|move|p2a: Gengar|Sludge Wave|p1a: Tyranitar
|-resisted|p1a: Tyranitar
|-damage|p1a: Tyranitar|314\/383
|-damage|p2a: Gengar|203\/261|[from] item: Life Orb
|
|-weather|Sandstorm|[upkeep]
|-damage|p2a: Gengar|187\/261|[from] sandstorm
|turn|19
|join|branflakes325
|
|move|p2a: Gengar|Focus Blast|p1a: Tyranitar
|-supereffective|p1a: Tyranitar
|-damage|p1a: Tyranitar|0 fnt
|-damage|p2a: Gengar|161\/261|[from] item: Life Orb
|faint|p1a: Tyranitar
|
|-weather|Sandstorm|[upkeep]
|-damage|p2a: Gengar|145\/261|[from] sandstorm
|c| cosine180|still checks azu even w\/o recover
|
|switch|p1a: Lopunny|Lopunny-Mega, M|271\/271
|turn|20
|join|yrs
|c| yrs|yo whos branflakes
|c| yrs|lol
|c| i came from leddit|branflakes = branflakes
|c| branflakes325|branflakes
|
|move|p1a: Lopunny|Return|p2a: Gengar
|-damage|p2a: Gengar|0 fnt
|faint|p2a: Gengar
|
|-weather|Sandstorm|[upkeep]
|-damage|p1a: Lopunny|255\/271|[from] sandstorm
|
|switch|p2a: Azumarill|Azumarill, M, shiny|401\/401
|-damage|p2a: Azumarill|351\/401|[from] Stealth Rock
|turn|21
|c| yrs|show us bd
|c| Cienight|miss return
|c| yrs|or some shit
|
|move|p1a: Lopunny|Return|p2a: Azumarill
|-damage|p2a: Azumarill|105\/401
|move|p2a: Azumarill|Play Rough|p1a: Lopunny
|-supereffective|p1a: Lopunny
|-damage|p1a: Lopunny|0 fnt
|faint|p1a: Lopunny
|
|-weather|Sandstorm|[upkeep]
|-damage|p2a: Azumarill|80\/401|[from] sandstorm
|c| yrs|no judt play rough
|c| Yuttt.ninja|crit aqua jet
|c| yrs|and like ko
|
|switch|p1a: Celebi|Celebi|123\/404
|turn|22
|c|âReverb|ctit aj wont kill
|c| yrs|crit aqua
|c| Yuttt.ninja|SCARF AZUMARIL
|c|âReverb|gg
|c| Yuttt.ninja|WINS
|c| Yuttt.ninja|GGG
|c| CleanerThanRotom-W|crit wont kill
|c| yrs|wont kil
|
|move|p1a: Celebi|Giga Drain|p2a: Azumarill
|-supereffective|p2a: Azumarill
|-damage|p2a: Azumarill|0 fnt
|-heal|p1a: Celebi|163\/404|[from] drain|[of] p2a: Azumarill
|faint|p2a: Azumarill
|
|win|Reverb
|raw|Ladder updating...
|raw|Reverb's rating: 1499 &rarr; <strong>1522<\/strong><br \/>(+23 for winning)
|raw|The Supercomputer's rating: 1562 &rarr; <strong>1538<\/strong><br \/>(-24 for losing)
|c| Yuttt.ninja|no scarf
|c| Baleblaze|gg
|c| Yuttt.ninja|newb
|leave|The Supercomputer
|leave|CleanerThanRotom-W
|leave|Yuttt.ninja
|player|p2