|join|s. rachmaninoff
|join|Boris127
|player|p1|s. rachmaninoff|53
|player|p2|Boris127|25
|gametype|singles
|gen|6
|tier|OU
|rated
|clearpoke
|poke|p1|Pinsir, M
|poke|p1|Excadrill, M
|poke|p1|Latias, F
|poke|p1|Chansey, F
|poke|p1|Rotom-Wash
|poke|p1|Thundurus, M
|poke|p2|Venusaur, F
|poke|p2|Heatran, F
|poke|p2|Conkeldurr, F
|poke|p2|Landorus-Therian, M
|poke|p2|Greninja, M
|poke|p2|Garchomp, F
|rule|Baton Pass Clause: Limit 3 pokemon knowing Baton Pass
|rule|Sleep Clause Mod: Limit one foe put to sleep
|rule|Species Clause: Limit one of each Pokemon
|rule|OHKO Clause: OHKO moves are banned
|rule|Moody Clause: Moody is banned
|rule|Evasion Moves Clause: Evasion moves are banned
|rule|Endless Battle Clause: Forcing endless battles is banned
|rule|HP Percentage Mod: HP is reported as percentages
|teampreview
|
|start
|switch|p1a: Rotom-Wash|Rotom-Wash|304\/304
|switch|p2a: Venusaur|Venusaur, F|364\/364
|turn|1
|
|detailschange|p2a: Venusaur|Venusaur-Mega, F
|message|Venusaur has Mega Evolved into Mega Venusaur!
|move|p1a: Rotom-Wash|Volt Switch|p2a: Venusaur
|-crit|p2a: Venusaur
|-resisted|p2a: Venusaur
|-damage|p2a: Venusaur|309\/364
|
|switch|p1a: Chansey|Chansey, F|704\/704
|move|p2a: Venusaur|Leech Seed|p1a: Chansey
|-start|p1a: Chansey|move: Leech Seed
|
|-damage|p1a: Chansey|616\/704|[from] Leech Seed|[of] p2a: Venusaur
|-heal|p2a: Venusaur|364\/364|[silent]
|turn|2
|
|move|p2a: Venusaur|Leech Seed|p1a: Chansey
|-fail|p1a: Chansey
|move|p1a: Chansey|Stealth Rock|p2a: Venusaur
|-sidestart|p2: Boris127|move: Stealth Rock
|
|-damage|p1a: Chansey|528\/704|[from] Leech Seed|[of] p2a: Venusaur
|turn|3
|
|switch|p1a: Pinsir|Pinsir, M|271\/271
|move|p2a: Venusaur|Sludge Bomb|p1a: Pinsir
|-damage|p1a: Pinsir|34\/271
|
|turn|4
|
|switch|p2a: Landorus-Therian|Landorus-Therian, M|382\/382
|-damage|p2a: Landorus-Therian|335\/382|[from] Stealth Rock
|-ability|p2a: Landorus-Therian|Intimidate|[of] p1a: Pinsir
|-fail|p1a: Pinsir|unboost|Attack|[from] ability: Hyper Cutter|[of] p1a: Pinsir
|detailschange|p1a: Pinsir|Pinsir-Mega, M
|message|Pinsir has Mega Evolved into Mega Pinsir!
|move|p1a: Pinsir|Return|p2a: Landorus-Therian
|-damage|p2a: Landorus-Therian|101\/382
|
|-heal|p2a: Landorus-Therian|124\/382|[from] item: Leftovers
|turn|5
|
|move|p1a: Pinsir|Return|p2a: Landorus-Therian
|-damage|p2a: Landorus-Therian|0 fnt
|faint|p2a: Landorus-Therian
|
|
|switch|p2a: Garchomp|Garchomp, F|358\/358
|-damage|p2a: Garchomp|336\/358|[from] Stealth Rock
|turn|6
|
|switch|p1a: Rotom-Wash|Rotom-Wash|304\/304
|move|p2a: Garchomp|Dragon Claw|p1a: Rotom-Wash
|-crit|p1a: Rotom-Wash
|-damage|p1a: Rotom-Wash|147\/304
|
|-heal|p1a: Rotom-Wash|166\/304|[from] item: Leftovers
|turn|7
|
|switch|p2a: Venusaur|Venusaur-Mega, F|364\/364
|-damage|p2a: Venusaur|319\/364|[from] Stealth Rock
|move|p1a: Rotom-Wash|Hydro Pump|p2a: Venusaur|[miss]
|-miss|p1a: Rotom-Wash|p2a: Venusaur
|
|-heal|p1a: Rotom-Wash|185\/304|[from] item: Leftovers
|turn|8
|
|move|p1a: Rotom-Wash|Volt Switch|p2a: Venusaur
|-resisted|p2a: Venusaur
|-damage|p2a: Venusaur|285\/364
|
|switch|p1a: Latias|Latias, F|302\/302
|move|p2a: Venusaur|Leech Seed|p1a: Latias
|-start|p1a: Latias|move: Leech Seed
|
|-damage|p1a: Latias|265\/302|[from] Leech Seed|[of] p2a: Venusaur
|-heal|p2a: Venusaur|322\/364|[silent]
|turn|9
|
|switch|p1a: Rotom-Wash|Rotom-Wash|185\/304
|switch|p2a: Heatran|Heatran, F|386\/386
|-damage|p2a: Heatran|338\/386|[from] Stealth Rock
|
|-heal|p1a: Rotom-Wash|204\/304|[from] item: Leftovers
|-heal|p2a: Heatran|362\/386|[from] item: Leftovers
|turn|10
|
|switch|p2a: Venusaur|Venusaur-Mega, F|322\/364
|-damage|p2a: Venusaur|277\/364|[from] Stealth Rock
|move|p1a: Rotom-Wash|Volt Switch|p2a: Venusaur
|-resisted|p2a: Venusaur
|-damage|p2a: Venusaur|238\/364
|
|switch|p1a: Pinsir|Pinsir-Mega, M|34\/271
|
|turn|11
|
|switch|p2a: Heatran|Heatran, F|362\/386
|-damage|p2a: Heatran|314\/386|[from] Stealth Rock
|move|p1a: Pinsir|Return|p2a: Heatran
|-resisted|p2a: Heatran
|-damage|p2a: Heatran|174\/386
|
|-heal|p2a: Heatran|198\/386|[from] item: Leftovers
|turn|12
|
|move|p1a: Pinsir|Earthquake|p2a: Heatran
|-supereffective|p2a: Heatran
|-damage|p2a: Heatran|0 fnt
|faint|p2a: Heatran
|
|
|switch|p2a: Garchomp|Garchomp, F|336\/358
|-damage|p2a: Garchomp|314\/358|[from] Stealth Rock
|turn|13
|
|switch|p1a: Rotom-Wash|Rotom-Wash|204\/304
|move|p2a: Garchomp|Outrage|p1a: Rotom-Wash
|-damage|p1a: Rotom-Wash|29\/304
|
|-heal|p1a: Rotom-Wash|48\/304|[from] item: Leftovers
|turn|14
|
|move|p2a: Garchomp|Outrage|p1a: Rotom-Wash
|-crit|p1a: Rotom-Wash
|-damage|p1a: Rotom-Wash|0 fnt
|faint|p1a: Rotom-Wash
|
|
|switch|p1a: Excadrill|Excadrill, M|362\/362
|-ability|p1a: Excadrill|Mold Breaker
|turn|15
|
|move|p2a: Garchomp|Outrage|p1a: Excadrill
|-resisted|p1a: Excadrill
|-damage|p1a: Excadrill|207\/362
|move|p1a: Excadrill|Earthquake|p2a: Garchomp
|-damage|p2a: Garchomp|124\/358
|
|-end|p2a: Garchomp|rampage
|-start|p2a: Garchomp|confusion
|turn|16
|
|switch|p2a: Conkeldurr|Conkeldurr, F|414\/414
|-damage|p2a: Conkeldurr|389\/414|[from] Stealth Rock
|move|p1a: Excadrill|Earthquake|p2a: Conkeldurr
|-crit|p2a: Conkeldurr
|-damage|p2a: Conkeldurr|106\/414
|
|turn|17
|
|switch|p1a: Thundurus|Thundurus, M|300\/300
|move|p2a: Conkeldurr|Mach Punch|p1a: Thundurus
|-resisted|p1a: Thundurus
|-damage|p1a: Thundurus|240\/300
|
|-heal|p1a: Thundurus|258\/300|[from] item: Leftovers
|turn|18
|
|switch|p1a: Latias|Latias, F|265\/302
|move|p2a: Conkeldurr|Ice Punch|p1a: Latias
|-supereffective|p1a: Latias
|-damage|p1a: Latias|25\/302
|
|turn|19
|
|move|p2a: Conkeldurr|Mach Punch|p1a: Latias
|-resisted|p1a: Latias
|-damage|p1a: Latias|0 fnt
|faint|p1a: Latias
|
|
|switch|p1a: Thundurus|Thundurus, M|258\/300
|turn|20
|
|switch|p2a: Venusaur|Venusaur-Mega, F|238\/364
|-damage|p2a: Venusaur|193\/364|[from] Stealth Rock
|move|p1a: Thundurus|Thunderbolt|p2a: Venusaur
|-resisted|p2a: Venusaur
|-damage|p2a: Venusaur|131\/364
|
|-heal|p1a: Thundurus|276\/300|[from] item: Leftovers
|turn|21
|
|move|p1a: Thundurus|Taunt|p2a: Venusaur
|-start|p2a: Venusaur|move: Taunt
|cant|p2a: Venusaur|move: Taunt|Leech Seed
|
|-heal|p1a: Thundurus|294\/300|[from] item: Leftovers
|turn|22
|
|move|p1a: Thundurus|Thunderbolt|p2a: Venusaur
|-resisted|p2a: Venusaur
|-damage|p2a: Venusaur|66\/364
|move|p2a: Venusaur|Sludge Bomb|p1a: Thundurus
|-damage|p1a: Thundurus|108\/300
|
|-heal|p1a: Thundurus|126\/300|[from] item: Leftovers
|turn|23
|
|move|p1a: Thundurus|Thunderbolt|p2a: Venusaur
|-resisted|p2a: Venusaur
|-damage|p2a: Venusaur|1\/364
|move|p2a: Venusaur|Sludge Bomb|p1a: Thundurus
|-damage|p1a: Thundurus|0 fnt
|faint|p1a: Thundurus
|
|-end|p2a: Venusaur|move: Taunt
|
|switch|p1a: Pinsir|Pinsir-Mega, M|34\/271
|turn|24
|
|move|p1a: Pinsir|Return|p2a: Venusaur
|-supereffective|p2a: Venusaur
|-damage|p2a: Venusaur|0 fnt
|faint|p2a: Venusaur
|
|
|switch|p2a: Garchomp|Garchomp, F|124\/358
|-damage|p2a: Garchomp|102\/358|[from] Stealth Rock
|turn|25
|
|move|p1a: Pinsir|Quick Attack|p2a: Garchomp
|-damage|p2a: Garchomp|0 fnt
|-damage|p1a: Pinsir|1\/271|[from] ability: Rough Skin|[of] p2a: Garchomp
|faint|p2a: Garchomp
|
|
|switch|p2a: Greninja|Greninja, M|285\/285
|-damage|p2a: Greninja|250\/285|[from] Stealth Rock
|turn|26
|
|switch|p1a: Chansey|Chansey, F|528\/704
|-start|p2a: Greninja|typechange|Bug|[from] Protean
|move|p2a: Greninja|U-turn|p1a: Chansey
|-damage|p1a: Chansey|392\/704
|-damage|p2a: Greninja|222\/285|[from] item: Life Orb
|
|switch|p2a: Conkeldurr|Conkeldurr, F|106\/414
|-damage|p2a: Conkeldurr|81\/414|[from] Stealth Rock
|
|turn|27
|
|switch|p1a: Excadrill|Excadrill, M|207\/362
|-ability|p1a: Excadrill|Mold Breaker
|move|p2a: Conkeldurr|Drain Punch|p1a: Excadrill
|-supereffective|p1a: Excadrill
|-damage|p1a: Excadrill|0 fnt
|-heal|p2a: Conkeldurr|185\/414|[from] drain|[of] p1a: Excadrill
|faint|p1a: Excadrill
|
|
|switch|p1a: Pinsir|Pinsir-Mega, M|1\/271
|turn|28
|
|move|p1a: Pinsir|Quick Attack|p2a: Conkeldurr
|-supereffective|p2a: Conkeldurr
|-damage|p2a: Conkeldurr|0 fnt
|faint|p2a: Conkeldurr
|
|
|switch|p2a: Greninja|Greninja, M|222\/285
|-damage|p2a: Greninja|187\/285|[from] Stealth Rock
|turn|29
|
|switch|p1a: Chansey|Chansey, F|392\/704
|-start|p2a: Greninja|typechange|Ice|[from] Protean
|move|p2a: Greninja|Ice Beam|p1a: Chansey
|-damage|p1a: Chansey|282\/704
|-damage|p2a: Greninja|159\/285|[from] item: Life Orb
|
|turn|30
|
|-start|p2a: Greninja|typechange|Water|[from] Protean
|move|p2a: Greninja|Hydro Pump|p1a: Chansey
|-damage|p1a: Chansey|138\/704
|-damage|p2a: Greninja|131\/285|[from] item: Life Orb
|move|p1a: Chansey|Soft-Boiled|p1a: Chansey
|-heal|p1a: Chansey|490\/704
|
|turn|31
|-message|Boris127 forfeited.
|
|win|s. rachmaninoff
|raw|Ladder updating...
|leave|Boris127
|player|p2
|raw|s. rachmaninoff's rating: 1536 &rarr; <strong>1554<\/strong><br \/>(+18 for winning)
|raw|Boris127's rating: 1498 &rarr; <strong>1480<\/strong><br \/>(-18 for losing)
|chat|s. rachmaninoff|gg