|inactive|Battle timer is ON: inactive players will automatically lose when time's up.
|J|JeyTheGrey
|J|Meruu
|player|p1|JeyTheGrey|162
|player|p2|Meruu|174
|gametype|singles
|gen|6
|tier|UU
|rule|Sleep Clause Mod: Limit one foe put to sleep
|rule|Species Clause: Limit one of each PokÃ©mon
|rule|OHKO Clause: OHKO moves are banned
|rule|Moody Clause: Moody is banned
|rule|Evasion Moves Clause: Evasion moves are banned
|rule|Endless Battle Clause: Forcing endless battles is banned
|rule|HP Percentage Mod: HP is shown in percentages
|clearpoke
|poke|p1|Sharpedo, F
|poke|p1|Chandelure, F
|poke|p1|Gligar, F
|poke|p1|Jirachi
|poke|p1|Tentacruel, M
|poke|p1|Umbreon, F
|poke|p2|Hippowdon, F
|poke|p2|Florges, F
|poke|p2|Stoutland, M
|poke|p2|Suicune
|poke|p2|Aerodactyl, M
|poke|p2|Forretress, M
|rule|Swagger Clause: Swagger is banned
|rule|Baton Pass Clause: Limit one PokÃ©mon knowing Baton Pass
|teampreview
|J|bouff
|J|Ciele
|J|Imanalt
|J|Zamrock
|J|bugzinator RC
|J|leremyju
|J|king paco
|J|Marky B
|raw|<div class="broadcast-red"><b>Moderated chat was set to %!<\/b><br \/>Only users of rank % and higher can talk.<\/div>
|J|gelly
|J|Inferno Moose
|J|Xevas
|J|dodmen
|J|cbt
|J|Tiba
|J|dice
|J|BKC
|J|Vinc2612
|J|Bovary
|J|NEW BREED
|J|Z+V1
|J|hiimfucku
|J|El-Soldier
|J|boudouche
|J|Fireburn
|J|H-C
|J|Toxzn
|J|Henry
|L|leremyju
|J|Leftiez
|J|Baddest Rap Bitch
|J|Bedschibaer
|J|BenzMafia
|J|LessThanThreeMan
|
|start
|switch|p1a: Jirachi|Jirachi|404\/404
|switch|p2a: Hippowdon|Hippowdon, F|420\/420
|-weather|Sandstorm
|turn|1
|J|thymetime
|J|Icey Tea
|J|Lavish Spawn
|J|Lohgock
|J|Finchinator
|L|hiimfucku
|J|Bowlii
|J|Pwnemon
|J|hiimfucku
|J|steeljackal
|J|UbersAreOverrated
|J|McMeghan
|J|Harpoon UFO
|J|ig11832
|J|bro fist
|J|DatGuyChuck
|J|King Tsunami
|J|Na Vrh
|J|radianthero156
|J|the fun in this
|J|reyscarface
|
|move|p1a: Jirachi|Stealth Rock|p2a: Hippowdon
|-sidestart|p2: Meruu|move: Stealth Rock
|move|p2a: Hippowdon|Stealth Rock|p1a: Jirachi
|-sidestart|p1: JeyTheGrey|move: Stealth Rock
|
|-weather|Sandstorm|[upkeep]
|turn|2
|J|Rewer
|J|Funkasaurus
|J|lunarr
|J|Sadfthadsf
|J|FLEIJA
|J|Rapture's Finest
|J|skysoki
|J|namehtmas
|J|SAGA
|J|Calloflochie
|J|Alf
|
|switch|p1a: Gligar|Gligar, F|333\/333
|-damage|p1a: Gligar|292\/333|[from] Stealth Rock
|move|p2a: Hippowdon|Earthquake|p1a: Gligar
|-immune|p1a: Gligar|[msg]
|
|-weather|Sandstorm|[upkeep]
|turn|3
|J|Isa RC
|J|Christo m8
|L|Alf
|J|CrashinBoomBang
|J|ium ï½ï½ï½ï½ï½ ï½ï½ï¼ï¼
|J|Lucipurrr
|J|danilo
|J|Big Brandon Carter
|
|move|p1a: Gligar|Earthquake|p2a: Hippowdon
|-damage|p2a: Hippowdon|341\/420
|move|p2a: Hippowdon|Toxic|p1a: Gligar
|-fail|p1a: Gligar
|
|-weather|Sandstorm|[upkeep]
|turn|4
|J|Santuga
|J|sugarhigh
|J|Kushalos
|J|Kratosmana
|J|gr8astard
|J|TIRIPS
|J|LiberalLucario
|J|Laurel
|J|Kayle Jingle
|
|switch|p1a: Umbreon|Umbreon, F|393\/393
|-damage|p1a: Umbreon|344\/393|[from] Stealth Rock
|move|p2a: Hippowdon|Earthquake|p1a: Umbreon
|-damage|p1a: Umbreon|215\/393
|
|-weather|Sandstorm|[upkeep]
|-damage|p1a: Umbreon|191\/393|[from] sandstorm
|-heal|p1a: Umbreon|215\/393|[from] item: Leftovers
|turn|5
|J|DracoNinja
|J|BLINGAS
|J|Laga
|
|switch|p2a: Suicune|Suicune|404\/404
|-damage|p2a: Suicune|354\/404|[from] Stealth Rock
|-ability|p2a: Suicune|Pressure
|move|p1a: Umbreon|Wish|p1a: Umbreon
|
|-weather|Sandstorm|[upkeep]
|-damage|p2a: Suicune|329\/404|[from] sandstorm
|-damage|p1a: Umbreon|191\/393|[from] sandstorm
|-heal|p2a: Suicune|354\/404|[from] item: Leftovers
|-heal|p1a: Umbreon|215\/393|[from] item: Leftovers
|turn|6
|J|double01
|J|kd24
|J|IAmGingy
|J|BLUNDERR
|J|the pdc show
|J|Dilwar's Alt
|J|EvaUnit10
|
|move|p2a: Suicune|Substitute|p2a: Suicune
|-start|p2a: Suicune|Substitute
|-damage|p2a: Suicune|253\/404
|move|p1a: Umbreon|Foul Play|p2a: Suicune
|-crit|p2a: Suicune
|-activate|p2a: Suicune|Substitute|[damage]
|
|-weather|Sandstorm|[upkeep]
|-damage|p2a: Suicune|228\/404|[from] sandstorm
|-damage|p1a: Umbreon|191\/393|[from] sandstorm
|-heal|p1a: Umbreon|387\/393|[from] move: Wish|[wisher] Umbreon
|-heal|p2a: Suicune|253\/404|[from] item: Leftovers
|-heal|p1a: Umbreon|393\/393|[from] item: Leftovers
|turn|7
|J|Destiny Device
|
|move|p2a: Suicune|Calm Mind|p2a: Suicune
|-boost|p2a: Suicune|spa|1
|-boost|p2a: Suicune|spd|1
|move|p1a: Umbreon|Foul Play|p2a: Suicune
|-end|p2a: Suicune|Substitute
|
|-weather|Sandstorm|[upkeep]
|-damage|p2a: Suicune|228\/404|[from] sandstorm
|-damage|p1a: Umbreon|369\/393|[from] sandstorm
|-heal|p2a: Suicune|253\/404|[from] item: Leftovers
|-heal|p1a: Umbreon|393\/393|[from] item: Leftovers
|turn|8
|J|phil
|J|Hack
|J|FNH
|J|Texas Cloverleaf
|
|switch|p1a: Tentacruel|Tentacruel, M|364\/364
|-damage|p1a: Tentacruel|319\/364|[from] Stealth Rock
|move|p2a: Suicune|Substitute|p2a: Suicune
|-start|p2a: Suicune|Substitute
|-damage|p2a: Suicune|152\/404
|
|-weather|none
|-heal|p1a: Tentacruel|341\/364|[from] item: Leftovers
|-heal|p2a: Suicune|177\/404|[from] item: Leftovers
|turn|9
|J|Aqualouis
|
|move|p1a: Tentacruel|Rapid Spin|p2a: Suicune
|-activate|p2a: Suicune|Substitute|[damage]
|-sideend|p1: JeyTheGrey|Stealth Rock|[from] move: Rapid Spin|[of] p1a: Tentacruel
|move|p2a: Suicune|Calm Mind|p2a: Suicune
|-boost|p2a: Suicune|spa|1
|-boost|p2a: Suicune|spd|1
|
|-heal|p1a: Tentacruel|363\/364|[from] item: Leftovers
|-heal|p2a: Suicune|202\/404|[from] item: Leftovers
|turn|10
|J|Problems
|J|generous pocket
|
|move|p1a: Tentacruel|Haze|p1a: Tentacruel
|-clearallboost
|move|p2a: Suicune|Scald|p1a: Tentacruel
|-resisted|p1a: Tentacruel
|-damage|p1a: Tentacruel|317\/364
|
|-heal|p1a: Tentacruel|339\/364|[from] item: Leftovers
|-heal|p2a: Suicune|227\/404|[from] item: Leftovers
|turn|11
|J|Serpi386
|J|metmaver
|L|Piexplode
|J|atticus
|J|Wo1fpack3r
|
|move|p1a: Tentacruel|Toxic Spikes|p2a: Suicune
|-sidestart|p2: Meruu|move: Toxic Spikes
|move|p2a: Suicune|Scald|p1a: Tentacruel
|-resisted|p1a: Tentacruel
|-damage|p1a: Tentacruel|289\/364
|
|-heal|p1a: Tentacruel|311\/364|[from] item: Leftovers
|-heal|p2a: Suicune|252\/404|[from] item: Leftovers
|turn|12
|L|Lavish Spawn
|J|Alf
|J|dodrio
|
|switch|p1a: Umbreon|Umbreon, F|393\/393
|move|p2a: Suicune|Scald|p1a: Umbreon
|-damage|p1a: Umbreon|327\/393
|
|-heal|p2a: Suicune|277\/404|[from] item: Leftovers
|-heal|p1a: Umbreon|351\/393|[from] item: Leftovers
|turn|13
|L|skysoki
|J|skysoki
|
|move|p2a: Suicune|Calm Mind|p2a: Suicune
|-boost|p2a: Suicune|spa|1
|-boost|p2a: Suicune|spd|1
|move|p1a: Umbreon|Foul Play|p2a: Suicune
|-activate|p2a: Suicune|Substitute|[damage]
|
|-heal|p2a: Suicune|302\/404|[from] item: Leftovers
|-heal|p1a: Umbreon|375\/393|[from] item: Leftovers
|turn|14
|
|move|p2a: Suicune|Calm Mind|p2a: Suicune
|-boost|p2a: Suicune|spa|1
|-boost|p2a: Suicune|spd|1
|move|p1a: Umbreon|Wish|p1a: Umbreon
|
|-heal|p2a: Suicune|327\/404|[from] item: Leftovers
|-heal|p1a: Umbreon|393\/393|[from] item: Leftovers
|turn|15
|
|move|p2a: Suicune|Calm Mind|p2a: Suicune
|-boost|p2a: Suicune|spa|1
|-boost|p2a: Suicune|spd|1
|move|p1a: Umbreon|Foul Play|p2a: Suicune
|-end|p2a: Suicune|Substitute
|
|-heal|p2a: Suicune|352\/404|[from] item: Leftovers
|turn|16
|J|gorgie
|J|purrl
|J|blarajan
|J|The Goomy
|J|Colchonero
|J|Mr.378
|
|switch|p1a: Tentacruel|Tentacruel, M|311\/364
|move|p2a: Suicune|Scald|p1a: Tentacruel
|-resisted|p1a: Tentacruel
|-damage|p1a: Tentacruel|190\/364
|-status|p1a: Tentacruel|brn
|
|-heal|p1a: Tentacruel|212\/364 brn|[from] item: Leftovers
|-heal|p2a: Suicune|377\/404|[from] item: Leftovers
|-damage|p1a: Tentacruel|167\/364 brn|[from] brn
|turn|17
|J|Hydratic
|
|move|p1a: Tentacruel|Haze|p1a: Tentacruel
|-clearallboost
|move|p2a: Suicune|Scald|p1a: Tentacruel
|-resisted|p1a: Tentacruel
|-damage|p1a: Tentacruel|116\/364 brn
|
|-heal|p1a: Tentacruel|138\/364 brn|[from] item: Leftovers
|-heal|p2a: Suicune|402\/404|[from] item: Leftovers
|-damage|p1a: Tentacruel|93\/364 brn|[from] brn
|turn|18
|J|Asuya
|J|Eren Swaeger
|
|switch|p1a: Umbreon|Umbreon, F|393\/393
|move|p2a: Suicune|Substitute|p2a: Suicune
|-start|p2a: Suicune|Substitute
|-damage|p2a: Suicune|301\/404
|
|-heal|p2a: Suicune|326\/404|[from] item: Leftovers
|turn|19
|J|Reymedy
|
|move|p2a: Suicune|Calm Mind|p2a: Suicune
|-boost|p2a: Suicune|spa|1
|-boost|p2a: Suicune|spd|1
|move|p1a: Umbreon|Wish|p1a: Umbreon
|
|-heal|p2a: Suicune|351\/404|[from] item: Leftovers
|turn|20
|J|IronBullet93
|J|gengarrskhan
|
|switch|p1a: Tentacruel|Tentacruel, M|93\/364 brn
|move|p2a: Suicune|Roar|p1a: Tentacruel
|drag|p1a: Jirachi|Jirachi|404\/404
|
|-heal|p2a: Suicune|376\/404|[from] item: Leftovers
|turn|21
|L|Rewer
|J|Rewer
|J|siehrnic.
|L|Hydratic
|J|Not a Gym Ldr
|J|Celsius
|L|phil
|J|Hydratic
|J|Attribute
|J|evuelf
|
|switch|p1a: Tentacruel|Tentacruel, M|93\/364 brn
|move|p2a: Suicune|Calm Mind|p2a: Suicune
|-boost|p2a: Suicune|spa|1
|-boost|p2a: Suicune|spd|1
|
|-heal|p1a: Tentacruel|115\/364 brn|[from] item: Leftovers
|-heal|p2a: Suicune|401\/404|[from] item: Leftovers
|-damage|p1a: Tentacruel|70\/364 brn|[from] brn
|turn|22
|
|switch|p1a: Umbreon|Umbreon, F|393\/393
|move|p2a: Suicune|Calm Mind|p2a: Suicune
|-boost|p2a: Suicune|spa|1
|-boost|p2a: Suicune|spd|1
|
|-heal|p2a: Suicune|404\/404|[from] item: Leftovers
|turn|23
|
|move|p2a: Suicune|Calm Mind|p2a: Suicune
|-boost|p2a: Suicune|spa|1
|-boost|p2a: Suicune|spd|1
|move|p1a: Umbreon|Heal Bell|p1a: Umbreon
|-cureteam|p1a: Umbreon|[from] move: HealBell
|
|turn|24
|
|move|p2a: Suicune|Scald|p1a: Umbreon
|-damage|p1a: Umbreon|167\/393
|move|p1a: Umbreon|Wish|p1a: Umbreon
|
|-heal|p1a: Umbreon|191\/393|[from] item: Leftovers
|turn|25
|J|marth doesnt lose
|
|move|p1a: Umbreon|Protect|p1a: Umbreon
|-singleturn|p1a: Umbreon|Protect
|move|p2a: Suicune|Scald|p1a: Umbreon
|-activate|p1a: Umbreon|Protect
|
|-heal|p1a: Umbreon|387\/393|[from] move: Wish|[wisher] Umbreon
|-heal|p1a: Umbreon|393\/393|[from] item: Leftovers
|turn|26
|c|@Calloflochie|dw jey
|c|@Calloflochie|pp stall
|c|@Calloflochie|the scald
|
|move|p2a: Suicune|Scald|p1a: Umbreon
|-damage|p1a: Umbreon|177\/393
|-status|p1a: Umbreon|brn
|-status|p2a: Suicune|brn
|move|p1a: Umbreon|Wish|p1a: Umbreon
|
|-heal|p1a: Umbreon|201\/393 brn|[from] item: Leftovers
|-damage|p2a: Suicune|354\/404 brn|[from] brn
|-damage|p1a: Umbreon|152\/393 brn|[from] brn
|turn|27
|J|SoulDragonite
|
|move|p2a: Suicune|Scald|p1a: Umbreon
|-damage|p1a: Umbreon|0 fnt
|faint|p1a: Umbreon
|
|-heal|p2a: Suicune|379\/404 brn|[from] item: Leftovers
|-damage|p2a: Suicune|329\/404 brn|[from] brn
|
|switch|p1a: Tentacruel|Tentacruel, M|70\/364
|turn|28
|
|move|p1a: Tentacruel|Haze|p1a: Tentacruel
|-clearallboost
|move|p2a: Suicune|Scald|p1a: Tentacruel
|-resisted|p1a: Tentacruel
|-damage|p1a: Tentacruel|18\/364
|
|-heal|p1a: Tentacruel|40\/364|[from] item: Leftovers
|-heal|p2a: Suicune|354\/404 brn|[from] item: Leftovers
|-damage|p2a: Suicune|304\/404 brn|[from] brn
|turn|29
|
|move|p1a: Tentacruel|Scald|p2a: Suicune
|-resisted|p2a: Suicune
|-activate|p2a: Suicune|Substitute|[damage]
|move|p2a: Suicune|Scald|p1a: Tentacruel
|-resisted|p1a: Tentacruel
|-damage|p1a: Tentacruel|0 fnt
|faint|p1a: Tentacruel
|
|-heal|p2a: Suicune|329\/404 brn|[from] item: Leftovers
|-damage|p2a: Suicune|279\/404 brn|[from] brn
|J|Kiyo
|J|JabbaTheGriffin
|L|Kiyo
|J|Dolph The Showoff
|
|switch|p1a: Jirachi|Jirachi|404\/404
|turn|30
|J|Noriya
|
|move|p1a: Jirachi|Zen Headbutt|p2a: Suicune
|-end|p2a: Suicune|Substitute
|move|p2a: Suicune|Scald|p1a: Jirachi
|-damage|p1a: Jirachi|289\/404
|
|-heal|p1a: Jirachi|314\/404|[from] item: Leftovers
|-heal|p2a: Suicune|304\/404 brn|[from] item: Leftovers
|-damage|p2a: Suicune|254\/404 brn|[from] brn
|turn|31
|J|Tipsy Russian
|L|Noriya
|J|s o u l g a z e r
|
|switch|p2a: Forretress|Forretress, M|354\/354
|-damage|p2a: Forretress|310\/354|[from] Stealth Rock
|move|p1a: Jirachi|Iron Head|p2a: Forretress
|-crit|p2a: Forretress
|-resisted|p2a: Forretress
|-damage|p2a: Forretress|268\/354
|
|-heal|p1a: Jirachi|339\/404|[from] item: Leftovers
|-heal|p2a: Forretress|290\/354|[from] item: Leftovers
|turn|32
|J|smurfer
|J|Luna Bae â¥
|J|Qubae
|J|El shepion
|L|Luna Bae â¥
|J|hairy toenail
|J|Shit user
|
|switch|p1a: Chandelure|Chandelure, F|261\/261
|move|p2a: Forretress|Spikes|p1a: Chandelure
|-sidestart|p1: JeyTheGrey|Spikes
|
|-heal|p2a: Forretress|312\/354|[from] item: Leftovers
|turn|33
|L|Zamrock
|J|DaAwesomeDude1
|J|Jibaku
|J|The Bravest Birds
|c|@Calloflochie|time to die
|L|atticus
|
|switch|p2a: Hippowdon|Hippowdon, F|341\/420
|-status|p2a: Hippowdon|psn
|-damage|p2a: Hippowdon|315\/420 psn|[from] Stealth Rock
|-weather|Sandstorm
|move|p1a: Chandelure|Fire Blast|p2a: Hippowdon
|-damage|p2a: Hippowdon|134\/420 psn
|
|-weather|Sandstorm|[upkeep]
|-damage|p1a: Chandelure|245\/261|[from] sandstorm
|-damage|p2a: Hippowdon|82\/420 psn|[from] psn
|turn|34
|J|el boy
|
|switch|p2a: Aerodactyl|Aerodactyl, M|311\/311
|-damage|p2a: Aerodactyl|234\/311|[from] Stealth Rock
|-ability|p2a: Aerodactyl|Pressure
|move|p1a: Chandelure|Fire Blast|p2a: Aerodactyl
|-resisted|p2a: Aerodactyl
|-damage|p2a: Aerodactyl|146\/311
|
|-weather|Sandstorm|[upkeep]
|-damage|p1a: Chandelure|229\/261|[from] sandstorm
|turn|35
|J|thisbemyfault
|
|switch|p1a: Jirachi|Jirachi|339\/404
|-damage|p1a: Jirachi|289\/404|[from] Spikes
|detailschange|p2a: Aerodactyl|Aerodactyl-Mega, M
|-mega|p2a: Aerodactyl|Aerodactyl|Aerodactylite
|move|p2a: Aerodactyl|Roost|p2a: Aerodactyl
|-heal|p2a: Aerodactyl|302\/311
|
|-weather|Sandstorm|[upkeep]
|-heal|p1a: Jirachi|314\/404|[from] item: Leftovers
|turn|36
|L|Not a Gym Ldr
|J|Dad's Dad
|
|move|p2a: Aerodactyl|Fire Fang|p1a: Jirachi
|-supereffective|p1a: Jirachi
|-damage|p1a: Jirachi|114\/404
|move|p1a: Jirachi|Iron Head|p2a: Aerodactyl
|-supereffective|p2a: Aerodactyl
|-damage|p2a: Aerodactyl|92\/311
|
|-weather|Sandstorm|[upkeep]
|-heal|p1a: Jirachi|139\/404|[from] item: Leftovers
|turn|37
|L|Isa RC
|
|move|p2a: Aerodactyl|Fire Fang|p1a: Jirachi
|-supereffective|p1a: Jirachi
|-damage|p1a: Jirachi|0 fnt
|faint|p1a: Jirachi
|
|-weather|Sandstorm|[upkeep]
|c|âMeruu|i am
|
|switch|p1a: Sharpedo|Sharpedo, F|281\/281
|-damage|p1a: Sharpedo|246\/281|[from] Spikes
|turn|38
|c|âMeruu|ok with this
|L|DaAwesomeDude1
|J|Kiyo
|
|move|p1a: Sharpedo|Protect|p1a: Sharpedo
|-singleturn|p1a: Sharpedo|Protect
|move|p2a: Aerodactyl|Aerial Ace|p1a: Sharpedo
|-activate|p1a: Sharpedo|Protect
|
|-weather|Sandstorm|[upkeep]
|-damage|p1a: Sharpedo|229\/281|[from] sandstorm
|-boost|p1a: Sharpedo|spe|1|[from] ability: Speed Boost
|turn|39
|
|move|p1a: Sharpedo|Crunch|p2a: Aerodactyl
|-crit|p2a: Aerodactyl
|-damage|p2a: Aerodactyl|0 fnt
|faint|p2a: Aerodactyl
|
|-weather|Sandstorm|[upkeep]
|-damage|p1a: Sharpedo|212\/281|[from] sandstorm
|-boost|p1a: Sharpedo|spe|1|[from] ability: Speed Boost
|
|switch|p2a: Forretress|Forretress, M|312\/354
|-damage|p2a: Forretress|268\/354|[from] Stealth Rock
|turn|40
|
|switch|p1a: Chandelure|Chandelure, F|229\/261
|-damage|p1a: Chandelure|197\/261|[from] Spikes
|move|p2a: Forretress|Gyro Ball|p1a: Chandelure
|-resisted|p1a: Chandelure
|-damage|p1a: Chandelure|125\/261
|
|-weather|none
|-heal|p2a: Forretress|290\/354|[from] item: Leftovers
|turn|41
|
|switch|p2a: Hippowdon|Hippowdon, F|82\/420 psn
|-damage|p2a: Hippowdon|56\/420 psn|[from] Stealth Rock
|-weather|Sandstorm
|move|p1a: Chandelure|Fire Blast|p2a: Hippowdon
|-damage|p2a: Hippowdon|0 fnt
|faint|p2a: Hippowdon
|
|-weather|Sandstorm|[upkeep]
|-damage|p1a: Chandelure|109\/261|[from] sandstorm
|
|switch|p2a: Suicune|Suicune|254\/404 brn
|-damage|p2a: Suicune|204\/404 brn|[from] Stealth Rock
|-ability|p2a: Suicune|Pressure
|turn|42
|J|daftmau5
|
|move|p1a: Chandelure|Fire Blast|p2a: Suicune
|-resisted|p2a: Suicune
|-damage|p2a: Suicune|114\/404 brn
|move|p2a: Suicune|Scald|p1a: Chandelure
|-supereffective|p1a: Chandelure
|-damage|p1a: Chandelure|0 fnt
|faint|p1a: Chandelure
|
|-weather|Sandstorm|[upkeep]
|-damage|p2a: Suicune|89\/404 brn|[from] sandstorm
|-heal|p2a: Suicune|114\/404 brn|[from] item: Leftovers
|-damage|p2a: Suicune|64\/404 brn|[from] brn
|J|Nicojama Robin
|
|switch|p1a: Sharpedo|Sharpedo, F|212\/281
|-damage|p1a: Sharpedo|177\/281|[from] Spikes
|turn|43
|
|move|p1a: Sharpedo|Crunch|p2a: Suicune
|-damage|p2a: Suicune|0 fnt
|faint|p2a: Suicune
|
|-weather|Sandstorm|[upkeep]
|-damage|p1a: Sharpedo|160\/281|[from] sandstorm
|-boost|p1a: Sharpedo|spe|1|[from] ability: Speed Boost
|
|switch|p2a: Forretress|Forretress, M|290\/354
|-damage|p2a: Forretress|246\/354|[from] Stealth Rock
|turn|44
|J|asedVictory
|
|switch|p1a: Gligar|Gligar, F|292\/333
|move|p2a: Forretress|Rapid Spin|p1a: Gligar
|-damage|p1a: Gligar|283\/333
|-sideend|p2: Meruu|Toxic Spikes|[from] move: Rapid Spin|[of] p2a: Forretress
|-sideend|p2: Meruu|Stealth Rock|[from] move: Rapid Spin|[of] p2a: Forretress
|
|-weather|Sandstorm|[upkeep]
|-heal|p2a: Forretress|268\/354|[from] item: Leftovers
|turn|45
|L|BLUNDERR
|
|switch|p2a: Stoutland|Stoutland, M|311\/311
|move|p1a: Gligar|Swords Dance|p1a: Gligar
|-boost|p1a: Gligar|atk|2
|
|-weather|Sandstorm|[upkeep]
|turn|46
|L|Rewer
|J|SOULRAISER
|
|move|p2a: Stoutland|Ice Fang|p1a: Gligar
|-supereffective|p1a: Gligar
|-damage|p1a: Gligar|0 fnt
|faint|p1a: Gligar
|
|-weather|Sandstorm|[upkeep]
|
|switch|p1a: Sharpedo|Sharpedo, F|160\/281
|-damage|p1a: Sharpedo|125\/281|[from] Spikes
|turn|47
|c|âMeruu|o
|c|âMeruu|no invest
|c|âJeyTheGrey|y
|J|Can-Eh-Dian
|c|âJeyTheGrey|gg
|c|âMeruu|u scared me there
|c|âMeruu|lol ya gg
|c|âMeruu|:]
|L|Can-Eh-Dian
|J|Cosine180
|
|move|p1a: Sharpedo|Protect|p1a: Sharpedo
|-singleturn|p1a: Sharpedo|Protect
|move|p2a: Stoutland|Ice Fang|p1a: Sharpedo
|-activate|p1a: Sharpedo|Protect
|
|-weather|Sandstorm|[upkeep]
|-damage|p1a: Sharpedo|108\/281|[from] sandstorm
|-boost|p1a: Sharpedo|spe|1|[from] ability: Speed Boost
|turn|48
|L|King Tsunami
|
|move|p1a: Sharpedo|Protect|p1a: Sharpedo
|-singleturn|p1a: Sharpedo|Protect
|move|p2a: Stoutland|Ice Fang|p1a: Sharpedo
|-activate|p1a: Sharpedo|Protect
|
|-weather|none
|-boost|p1a: Sharpedo|spe|1|[from] ability: Speed Boost
|turn|49
|J|edgar
|J|tml
|L|danilo
|J|FINCHINATOR
|
|detailschange|p1a: Sharpedo|Sharpedo-Mega, F
|-mega|p1a: Sharpedo|Sharpedo|Sharpedonite
|move|p1a: Sharpedo|Waterfall|p2a: Stoutland
|-damage|p2a: Stoutland|139\/311
|move|p2a: Stoutland|Ice Fang|p1a: Sharpedo
|-crit|p1a: Sharpedo
|-resisted|p1a: Sharpedo
|-damage|p1a: Sharpedo|0 fnt
|faint|p1a: Sharpedo
|
|win|Meruu
|L|BKC
|L|radianthero156
|L|asedVictory
|L|Harpoon UFO
|L|Nicojama Robin
|L|NEW BREED
|L|bugzinator RC
|L|Lohgock
|J|z0mOG
|L|siehrnic.
|L|kd24
|J|BAIKA
|L|smurfer
|L|dodrio
|L|Alf
|L|IronBullet93
|L|FNH
|L|BenzMafia
|L|IAmGingy
|L|Icey Tea
|L|Santuga
|L|Tipsy Russian
|L|Wo1fpack3r
|L|Z+V1
|L|edgar
|L|SOULRAISER
|L|gelly
|L|Christo m8
|L|LessThanThreeMan
|L|LiberalLucario
|L|Kiyo
|L|Bovary
|L|el boy
|L|the pdc show
|L|El-Soldier
|L|EvaUnit10
|L|JeyTheGrey
|player|p1
|L|Laurel
|L|z0mOG
|L|bouff
|L|the fun in this
|L|ium ï½ï½ï½ï½ï½ ï½ï½ï¼ï¼
|L|tml
|L|Shit user
|L|Kratosmana
|L|Dilwar's Alt
|L|hairy toenail
|L|DracoNinja
|L|H-C
|L|Texas Cloverleaf
|L|Laga
|L|boudouche
|L|Celsius
|L|Hack
|L|Problems
|L|Aqualouis
|L|Vinc2612
|L|Eren Swaeger
|J|Shit user
|L|dodmen
|L|thymetime
|L|Shit user
|L|king paco
|L|Kushalos
|L|FINCHINATOR
|L|Cosine180
|L|Bedschibaer
|L|Marky B
|L|Ciele
|L|purrl
|L|gorgie
|L|steeljackal
|L|SAGA
|L|Asuya
|L|Imanalt
|L|Lucipurrr
|L|double01
|L|skysoki
|L|Bowlii
|L|The Goomy
|L|Calloflochie
|L|FLEIJA
|L|Serpi386
|L|daftmau5
|L|Hydratic
|L|The Bravest Birds
|J|Veroxus
|J|the singularity
|L|CrashinBoomBang
|L|metmaver
|L|Dolph The Showoff
|L|Toxzn
|L|reyscarface
|L|McMeghan
|J|NEW BREED
|L|evuelf
|L|El shepion
|L|Dad's Dad
|L|Rapture's Finest
|L|s o u l g a z e r
|J|danilo
|L|JabbaTheGriffin
|L|NEW BREED
|L|Qubae
|J|joshe
|L|bro fist
|L|joshe
|L|Attribute
|L|BAIKA
|L|Fireburn
|J|BAIKA
|L|the singularity
|L|BAIKA
|L|Kayle Jingle
|J|Bowlii
|L|Bowlii
|J|Ginku
|L|Ginku
|J|Hydratic
|L|namehtmas
|L|cbt
|J|Omfuga
|L|Destiny Device
|J|Rodri18
|L|Henry
|J|Haunted.Shadow
|L|Hydratic
|L|Rodri18
|J|Rapture's Finest
|L|Rapture's Finest
|L|Colchonero
|L|Pwnemon
|L|Veroxus
|L|Funkasaurus
|L|Mr.378