|J|bugzinator RC
|J|JeyTheGrey
|player|p1|bugzinator RC|157
|player|p2|JeyTheGrey|162
|gametype|singles
|gen|6
|tier|UU
|rule|Sleep Clause Mod: Limit one foe put to sleep
|rule|Species Clause: Limit one of each PokÃ©mon
|rule|OHKO Clause: OHKO moves are banned
|rule|Moody Clause: Moody is banned
|rule|Evasion Moves Clause: Evasion moves are banned
|rule|Endless Battle Clause: Forcing endless battles is banned
|rule|HP Percentage Mod: HP is shown in percentages
|clearpoke
|poke|p1|Reuniclus, M
|poke|p1|Krookodile, F
|poke|p1|Vaporeon, F
|poke|p1|Chesnaught, F
|poke|p1|Gligar, F
|poke|p1|Jirachi
|poke|p2|Aerodactyl, F
|poke|p2|Magneton
|poke|p2|Kyurem
|poke|p2|Suicune
|poke|p2|Gligar, F
|poke|p2|Jirachi
|rule|Swagger Clause: Swagger is banned
|rule|Baton Pass Clause: Limit one PokÃ©mon knowing Baton Pass
|teampreview
|J|Bedschibaer
|J|Henry
|J|Lady bug
|J|1017GUWOP
|J|chimpact
|J|Finchinator
|J|tesung
|J|Void
|J|gelly
|J|Zamrock
|c|âbugzinator RC|btw if i dc stop timer or smth
|J|The Goomy
|c|âbugzinator RC|net has been kinda sketchy
|J|SAGA
|c|âJeyTheGrey|i wont put it on
|c|âJeyTheGrey|sec
|c|âJeyTheGrey|i gotta link frens
|J|radianthero156
|J|Da Raikage
|J|giara
|J|Toxzn
|c|+gelly|we're here jay dw
|J|Evuelf
|c|+Zamrock|WOOFY WOOF WOOF
|c|+Finchinator|:o
|J|blarajan
|c|+gelly|SNEKKY SNEK
|J|TFC
|J|destinyunknown
|J|Misery Business
|J|Meruu
|J|Sacri'
|J|Ciele
|J|skysoki
|J|FKA Mence
|J|fresh two death
|J|McMeghan
|J|DwarfyDM
|J|JSMdu974
|c|+tesung|my nigga jey
|J|Exiline
|J|El-Soldier
|J|mgarcano
|J|unamed
|c|+tesung|tellin us about his ghosts
|J|Aqualouis
|J|boudouche
|c|+Finchinator|arsenal war.
|J|BahaWin
|J|Kuzan8
|J|I ABR I
|raw|<div class="broadcast-red"><b>Moderated chat was set to %!<\/b><br \/>Only users of rank % and higher can talk.<\/div>
|J|BKC
|J|Prankster
|
|start
|switch|p1a: Vaporeon|Vaporeon, F|451\/451
|switch|p2a: Kyurem|Kyurem|391\/391
|-ability|p2a: Kyurem|Pressure
|turn|1
|J|Destiny Device
|J|fire meet gasoline
|J|El Didi
|J|Marshall.Law
|J|lowgock
|J|ox the box
|J|reyscarface
|J|Ginku
|J|Asedvictory
|
|move|p2a: Kyurem|Draco Meteor|p1a: Vaporeon
|-damage|p1a: Vaporeon|102\/451
|-unboost|p2a: Kyurem|spa|2
|move|p1a: Vaporeon|Wish|p1a: Vaporeon
|
|-heal|p1a: Vaporeon|130\/451|[from] item: Leftovers
|turn|2
|J|TheCanadianWifier
|J|nirosih
|J|Red&Black Swan
|J|Trinitrotoluene
|J|Soulgazer
|L|DwarfyDM
|J|Gizmo
|J|Inflikted
|J|Dice
|L|TheCanadianWifier
|J|Carpet Violence
|J|innovamania
|
|switch|p2a: Jirachi|Jirachi|399\/399
|move|p1a: Vaporeon|Protect|p1a: Vaporeon
|-fail|p1a: Vaporeon
|
|-heal|p1a: Vaporeon|355\/451|[from] move: Wish|[wisher] Vaporeon
|-heal|p1a: Vaporeon|383\/451|[from] item: Leftovers
|turn|3
|J|yoman5
|J|Bowlii
|J|Deckline
|J|TheCanadianWifier
|L|TheCanadianWifier
|J|Dark_380
|J|Mencemeat
|J|RiCH HOMiE CHRiS
|J|kamisama_no49
|J|pokeaim
|J|Harsha
|J|the Jaiho
|L|Kuzan8
|J|TheEnder
|J|dekzeh
|
|move|p1a: Vaporeon|Protect|p1a: Vaporeon
|-singleturn|p1a: Vaporeon|Protect
|move|p2a: Jirachi|Stealth Rock|p1a: Vaporeon
|-sidestart|p1: bugzinator RC|move: Stealth Rock
|
|-heal|p1a: Vaporeon|411\/451|[from] item: Leftovers
|turn|4
|J|TML
|J|Lohgock
|J|iMeridian
|
|move|p2a: Jirachi|Body Slam|p1a: Vaporeon
|-crit|p1a: Vaporeon
|-damage|p1a: Vaporeon|294\/451
|move|p1a: Vaporeon|Scald|p2a: Jirachi
|-crit|p2a: Jirachi
|-damage|p2a: Jirachi|236\/399
|
|-heal|p2a: Jirachi|260\/399|[from] item: Leftovers
|-heal|p1a: Vaporeon|322\/451|[from] item: Leftovers
|turn|5
|J|Son of War
|L|I ABR I
|J|fingerscrossed
|J|papai noel
|J|I ABR I
|J|Exeggutor
|L|I ABR I
|J|King UU
|
|switch|p2a: Kyurem|Kyurem|391\/391
|-ability|p2a: Kyurem|Pressure
|move|p1a: Vaporeon|Wish|p1a: Vaporeon
|
|-heal|p1a: Vaporeon|350\/451|[from] item: Leftovers
|turn|6
|J|arnyyr
|J|Pyrogon
|J|zdrup
|J|Mollete
|J|e7e
|L|mgarcano
|J|tele
|J|Emma Bae â¥
|J|Ren-chon
|J|TRC
|L|Mollete
|J|Feeling The Moment
|
|move|p1a: Vaporeon|Protect|p1a: Vaporeon
|-singleturn|p1a: Vaporeon|Protect
|move|p2a: Kyurem|Dragon Pulse|p1a: Vaporeon
|-activate|p1a: Vaporeon|Protect
|
|-heal|p1a: Vaporeon|451\/451|[from] move: Wish|[wisher] Vaporeon
|turn|7
|J|Draco Meteora
|L|Asedvictory
|J|Asedvictory
|
|move|p2a: Kyurem|Dragon Pulse|p1a: Vaporeon
|-damage|p1a: Vaporeon|225\/451
|move|p1a: Vaporeon|Wish|p1a: Vaporeon
|
|-heal|p1a: Vaporeon|253\/451|[from] item: Leftovers
|turn|8
|J|iplaytennislol
|J|kd24
|J|Problems
|J|jdarden
|J|haunter
|
|move|p2a: Kyurem|Dragon Pulse|p1a: Vaporeon
|-damage|p1a: Vaporeon|18\/451
|move|p1a: Vaporeon|Scald|p2a: Kyurem
|-resisted|p2a: Kyurem
|-damage|p2a: Kyurem|331\/391
|
|-heal|p1a: Vaporeon|243\/451|[from] move: Wish|[wisher] Vaporeon
|-heal|p1a: Vaporeon|271\/451|[from] item: Leftovers
|turn|9
|J|Imanalt
|
|move|p2a: Kyurem|Dragon Pulse|p1a: Vaporeon
|-damage|p1a: Vaporeon|33\/451
|move|p1a: Vaporeon|Wish|p1a: Vaporeon
|
|-heal|p1a: Vaporeon|61\/451|[from] item: Leftovers
|turn|10
|J|DarkDiglett
|J|Mizuhime
|
|move|p1a: Vaporeon|Protect|p1a: Vaporeon
|-singleturn|p1a: Vaporeon|Protect
|move|p2a: Kyurem|Dragon Pulse|p1a: Vaporeon
|-activate|p1a: Vaporeon|Protect
|
|-heal|p1a: Vaporeon|286\/451|[from] move: Wish|[wisher] Vaporeon
|-heal|p1a: Vaporeon|314\/451|[from] item: Leftovers
|turn|11
|J|IAmGingy
|J|Le Austin
|L|fingerscrossed
|L|Void
|J|Void
|L|dekzeh
|L|Soulgazer
|J|IU M
|
|move|p2a: Kyurem|Dragon Pulse|p1a: Vaporeon
|-crit|p1a: Vaporeon
|-damage|p1a: Vaporeon|0 fnt
|faint|p1a: Vaporeon
|
|J|Soulgazer
|L|TFC
|J|Bloo
|J|TFC
|J|the lep
|L|RiCH HOMiE CHRiS
|J|DM35
|J|RiCH HOMiE CHRiS
|L|Finchinator
|J|Finchinator
|c|âJeyTheGrey|stop timer bloo
|c|âJeyTheGrey|pls
|L|tesung
|J|fingerscrossed
|c|~Bloo|no
|J|tesung
|c|~Bloo|it's a rule
|J|Lhions
|c|âJeyTheGrey|oh
|c|âJeyTheGrey|sorry then :]
|J|phil
|L|Destiny Device
|c|âJeyTheGrey|ts just that he has connection issues
|J|I ABR I
|J|m00n's blanket
|c|âJeyTheGrey|and i dont wanna deal with that
|c|âbugzinator RC|im here
|c|âbugzinator RC|dw
|J|Destiny Device
|c|âJeyTheGrey|okk
|c|~Bloo|I'll stop it if there's an issue no worries
|J|hxhxhxhxhxhxhx
|J|Jax Tellsig
|L|m00n's blanket
|
|switch|p1a: Steve Angello|Jirachi|341\/341
|-damage|p1a: Steve Angello|320\/341|[from] Stealth Rock
|turn|12
|
|move|p1a: Steve Angello|Trick|p2a: Kyurem
|-activate|p1a: Steve Angello|move: Trick|[of] p2a: Kyurem
|-item|p2a: Kyurem|Choice Scarf|[from] move: Trick
|-item|p1a: Steve Angello|Choice Specs|[from] move: Trick
|move|p2a: Kyurem|Dragon Pulse|p1a: Steve Angello
|-resisted|p1a: Steve Angello
|-damage|p1a: Steve Angello|234\/341
|
|turn|13
|L|Emma Bae â¥
|L|Problems
|J|Ninety Nine
|L|blarajan
|J|Ernes
|J|DennisEG
|J|Colchonero
|J|Key
|J|darlings
|J|MoxieInfinite
|
|switch|p2a: Magneton|Magneton|241\/241
|move|p1a: Steve Angello|U-turn|p2a: Magneton
|-crit|p2a: Magneton
|-resisted|p2a: Magneton
|-damage|p2a: Magneton|184\/241
|L|Zamrock
|J|Xaumaicus
|J|Zamrock
|J|WreckDra
|J|Derk
|J|Icey Tea
|J|TOTEMO
|
|switch|p1a: Gligar|Gligar, F|334\/334
|-damage|p1a: Gligar|293\/334|[from] Stealth Rock
|
|turn|14
|L|MoxieInfinite
|J|Pako
|J|OFICIALkith
|L|gelly
|J|SparksBlade
|J|gelly
|
|move|p2a: Magneton|Flash Cannon|p1a: Gligar
|-damage|p1a: Gligar|137\/334
|move|p1a: Gligar|Stealth Rock|p2a: Magneton
|-sidestart|p2: JeyTheGrey|move: Stealth Rock
|
|turn|15
|L|JSMdu974
|J|Eisstern
|L|El Didi
|J|El Didi
|J|FruitDealer
|J|edgar
|
|switch|p1a: Steve Angello|Jirachi|234\/341
|-damage|p1a: Steve Angello|213\/341|[from] Stealth Rock
|move|p2a: Magneton|Flash Cannon|p1a: Steve Angello
|-resisted|p1a: Steve Angello
|-damage|p1a: Steve Angello|110\/341
|
|turn|16
|J|PttP
|L|TOTEMO
|J|Wolfenstein
|c|âJeyTheGrey|bud you're about to time out
|J|reachzero
|J|Problems
|L|reyscarface
|c|âJeyTheGrey|bloo
|J|reyscarface
|J|TheCanadianWifier
|c|âJeyTheGrey|thx
|c|~Bloo|soz
|c|~Bloo|was distracted
|c|~Bloo|by joey's vid
|c|âJeyTheGrey|np lol
|J|OpTic Gaga
|c|âJeyTheGrey|bugzy 
|J|Stockings
|c|âJeyTheGrey|u here?
|J|Starmeiâ¥
|J|Pokebasket
|L|TheCanadianWifier
|L|Problems
|J|Problems
|J|Hairy Toenail
|L|nirosih
|J|nirosih
|L|McMeghan
|L|boudouche
|J|McMeghan
|J|boudouche
|J|Firstbones
|J|RYOUZAN
|c|âbugzinator RC|thanks man
|
|move|p1a: Steve Angello|Zen Headbutt|p2a: Magneton
|-resisted|p2a: Magneton
|-damage|p2a: Magneton|124\/241
|move|p2a: Magneton|Flash Cannon|p1a: Steve Angello
|-resisted|p1a: Steve Angello
|-damage|p1a: Steve Angello|9\/341
|
|turn|17
|c|âJeyTheGrey|np
|L|1017GUWOP
|J|AM
|J|PURRL
|
|switch|p2a: Jirachi|Jirachi|260\/399
|-damage|p2a: Jirachi|236\/399|[from] Stealth Rock
|move|p1a: Steve Angello|Zen Headbutt|p2a: Jirachi|[miss]
|-miss|p1a: Steve Angello|p2a: Jirachi
|
|-heal|p2a: Jirachi|260\/399|[from] item: Leftovers
|turn|18
|L|Dice
|
|switch|p1a: Chesnaught|Chesnaught, F|380\/380
|-damage|p1a: Chesnaught|357\/380|[from] Stealth Rock
|move|p2a: Jirachi|Body Slam|p1a: Chesnaught
|-damage|p1a: Chesnaught|312\/380
|
|-heal|p2a: Jirachi|284\/399|[from] item: Leftovers
|-heal|p1a: Chesnaught|335\/380|[from] item: Leftovers
|turn|19
|J|KyleCole
|
|move|p2a: Jirachi|Zen Headbutt|p1a: Chesnaught
|-supereffective|p1a: Chesnaught
|-damage|p1a: Chesnaught|215\/380
|cant|p1a: Chesnaught|flinch
|
|-heal|p2a: Jirachi|308\/399|[from] item: Leftovers
|-heal|p1a: Chesnaught|238\/380|[from] item: Leftovers
|turn|20
|L|SAGA
|
|move|p2a: Jirachi|Zen Headbutt|p1a: Chesnaught
|-supereffective|p1a: Chesnaught
|-damage|p1a: Chesnaught|124\/380
|move|p1a: Chesnaught|Leech Seed|p2a: Jirachi
|-start|p2a: Jirachi|move: Leech Seed
|
|-heal|p2a: Jirachi|332\/399|[from] item: Leftovers
|-heal|p1a: Chesnaught|147\/380|[from] item: Leftovers
|-damage|p2a: Jirachi|283\/399|[from] Leech Seed|[of] p1a: Chesnaught
|-heal|p1a: Chesnaught|196\/380|[silent]
|turn|21
|J|Afro Smash
|J|Dice
|
|switch|p2a: Gligar|Gligar, F|331\/331
|-damage|p2a: Gligar|290\/331|[from] Stealth Rock
|move|p1a: Chesnaught|Leech Seed|p2a: Gligar
|-start|p2a: Gligar|move: Leech Seed
|
|-heal|p1a: Chesnaught|219\/380|[from] item: Leftovers
|-damage|p2a: Gligar|249\/331|[from] Leech Seed|[of] p1a: Chesnaught
|-heal|p1a: Chesnaught|260\/380|[silent]
|turn|22
|J|YMAS2
|
|move|p2a: Gligar|Defog|p1a: Chesnaught
|-unboost|p1a: Chesnaught|evasion|1
|-sideend|p1: bugzinator RC|Stealth Rock|[from] move: Defog|[of] p1a: Chesnaught
|-sideend|p2: JeyTheGrey|Stealth Rock|[from] move: Defog|[of] p2a: Gligar
|move|p1a: Chesnaught|Spikes|p2a: Gligar
|-sidestart|p2: JeyTheGrey|Spikes
|
|-heal|p1a: Chesnaught|283\/380|[from] item: Leftovers
|-damage|p2a: Gligar|208\/331|[from] Leech Seed|[of] p1a: Chesnaught
|-heal|p1a: Chesnaught|324\/380|[silent]
|turn|23
|J|Emma Bae â¥
|L|Emma Bae â¥
|
|switch|p1a: Steve Angello|Jirachi|9\/341
|move|p2a: Gligar|Roost|p2a: Gligar
|-heal|p2a: Gligar|331\/331
|
|-damage|p2a: Gligar|290\/331|[from] Leech Seed|[of] p1a: Steve Angello
|-heal|p1a: Steve Angello|50\/341|[silent]
|turn|24
|L|the lep
|J|Frexa
|J|Emma Bae â¥
|J|Haunted.Shadow
|
|move|p1a: Steve Angello|U-turn|p2a: Gligar
|-resisted|p2a: Gligar
|-damage|p2a: Gligar|269\/331
|
|switch|p1a: Gligar|Gligar, F|137\/334
|move|p2a: Gligar|U-turn|p1a: Gligar
|-resisted|p1a: Gligar
|-damage|p1a: Gligar|123\/334
|
|switch|p2a: Aerodactyl|Aerodactyl, F|301\/301
|-ability|p2a: Aerodactyl|Pressure
|
|turn|25
|L|fingerscrossed
|L|Le Austin
|J|MoxieInfinite
|L|I ABR I
|
|switch|p1a: Reuniclus|Reuniclus, M|424\/424
|detailschange|p2a: Aerodactyl|Aerodactyl-Mega, F
|-mega|p2a: Aerodactyl|Aerodactyl|Aerodactylite
|move|p2a: Aerodactyl|Aqua Tail|p1a: Reuniclus
|-crit|p1a: Reuniclus
|-damage|p1a: Reuniclus|232\/424
|
|-heal|p1a: Reuniclus|258\/424|[from] item: Leftovers
|turn|26
|L|TML
|
|move|p2a: Aerodactyl|Hone Claws|p2a: Aerodactyl
|-boost|p2a: Aerodactyl|atk|1
|-boost|p2a: Aerodactyl|accuracy|1
|move|p1a: Reuniclus|Recover|p1a: Reuniclus
|-heal|p1a: Reuniclus|424\/424
|
|turn|27
|J|Gelly16
|
|switch|p1a: Chesnaught|Chesnaught, F|324\/380
|move|p2a: Aerodactyl|Stone Edge|p1a: Chesnaught
|-resisted|p1a: Chesnaught
|-damage|p1a: Chesnaught|240\/380
|
|-heal|p1a: Chesnaught|263\/380|[from] item: Leftovers
|turn|28
|
|move|p1a: Chesnaught|Spiky Shield|p1a: Chesnaught
|-singleturn|p1a: Chesnaught|move: Protect
|move|p2a: Aerodactyl|Aerial Ace|p1a: Chesnaught
|-activate|p1a: Chesnaught|move: Protect
|-damage|p2a: Aerodactyl|264\/301|[from] Spiky Shield|[of] p1a: Chesnaught
|
|-heal|p1a: Chesnaught|286\/380|[from] item: Leftovers
|turn|29
|
|switch|p1a: Steve Angello|Jirachi|50\/341
|move|p2a: Aerodactyl|Aerial Ace|p1a: Steve Angello
|-resisted|p1a: Steve Angello
|-damage|p1a: Steve Angello|0 fnt
|faint|p1a: Steve Angello
|
|J|fabiohimself
|J|Arcticblast
|
|switch|p1a: Krookodile|Krookodile, F|331\/331
|-ability|p1a: Krookodile|Intimidate|[of] p2a: Aerodactyl
|-unboost|p2a: Aerodactyl|atk|1
|turn|30
|L|darlings
|J|Cronenberg
|J|Le Austin
|J|pridy
|
|switch|p1a: Chesnaught|Chesnaught, F|286\/380
|move|p2a: Aerodactyl|Aqua Tail|p1a: Chesnaught
|-resisted|p1a: Chesnaught
|-damage|p1a: Chesnaught|242\/380
|
|-heal|p1a: Chesnaught|265\/380|[from] item: Leftovers
|turn|31
|
|switch|p1a: Krookodile|Krookodile, F|331\/331
|-ability|p1a: Krookodile|Intimidate|[of] p2a: Aerodactyl
|-unboost|p2a: Aerodactyl|atk|1
|move|p2a: Aerodactyl|Aerial Ace|p1a: Krookodile
|-damage|p1a: Krookodile|204\/331
|
|turn|32
|
|move|p2a: Aerodactyl|Aqua Tail|p1a: Krookodile
|-supereffective|p1a: Krookodile
|-damage|p1a: Krookodile|0 fnt
|faint|p1a: Krookodile
|
|
|switch|p1a: Reuniclus|Reuniclus, M|424\/424
|turn|33
|L|Problems
|
|switch|p2a: Jirachi|Jirachi|283\/399
|-damage|p2a: Jirachi|234\/399|[from] Spikes
|move|p1a: Reuniclus|Calm Mind|p1a: Reuniclus
|-boost|p1a: Reuniclus|spa|1
|-boost|p1a: Reuniclus|spd|1
|
|-heal|p2a: Jirachi|258\/399|[from] item: Leftovers
|turn|34
|
|move|p2a: Jirachi|Body Slam|p1a: Reuniclus
|-crit|p1a: Reuniclus
|-damage|p1a: Reuniclus|332\/424
|-status|p1a: Reuniclus|par
|move|p1a: Reuniclus|Focus Blast|p2a: Jirachi
|-damage|p2a: Jirachi|85\/399
|
|-heal|p2a: Jirachi|109\/399|[from] item: Leftovers
|-heal|p1a: Reuniclus|358\/424 par|[from] item: Leftovers
|turn|35
|J|SAGA
|L|TRC
|
|move|p2a: Jirachi|Iron Head|p1a: Reuniclus
|-damage|p1a: Reuniclus|273\/424 par
|cant|p1a: Reuniclus|flinch
|
|-heal|p2a: Jirachi|133\/399|[from] item: Leftovers
|-heal|p1a: Reuniclus|299\/424 par|[from] item: Leftovers
|turn|36
|
|move|p2a: Jirachi|Iron Head|p1a: Reuniclus
|-damage|p1a: Reuniclus|215\/424 par
|cant|p1a: Reuniclus|par
|
|-heal|p2a: Jirachi|157\/399|[from] item: Leftovers
|-heal|p1a: Reuniclus|241\/424 par|[from] item: Leftovers
|turn|37
|
|move|p2a: Jirachi|Iron Head|p1a: Reuniclus
|-damage|p1a: Reuniclus|160\/424 par
|cant|p1a: Reuniclus|par
|
|-heal|p2a: Jirachi|181\/399|[from] item: Leftovers
|-heal|p1a: Reuniclus|186\/424 par|[from] item: Leftovers
|turn|38
|
|move|p2a: Jirachi|Iron Head|p1a: Reuniclus
|-damage|p1a: Reuniclus|104\/424 par
|cant|p1a: Reuniclus|flinch
|
|-heal|p2a: Jirachi|205\/399|[from] item: Leftovers
|-heal|p1a: Reuniclus|130\/424 par|[from] item: Leftovers
|turn|39
|
|move|p2a: Jirachi|Iron Head|p1a: Reuniclus
|-damage|p1a: Reuniclus|49\/424 par
|move|p1a: Reuniclus|Recover|p1a: Reuniclus
|-heal|p1a: Reuniclus|261\/424 par
|
|-heal|p2a: Jirachi|229\/399|[from] item: Leftovers
|-heal|p1a: Reuniclus|287\/424 par|[from] item: Leftovers
|turn|40
|J|fuck oras
|
|move|p2a: Jirachi|Iron Head|p1a: Reuniclus
|-damage|p1a: Reuniclus|211\/424 par
|cant|p1a: Reuniclus|flinch
|
|-heal|p2a: Jirachi|253\/399|[from] item: Leftovers
|-heal|p1a: Reuniclus|237\/424 par|[from] item: Leftovers
|turn|41
|J|ownn
|
|move|p2a: Jirachi|Iron Head|p1a: Reuniclus
|-damage|p1a: Reuniclus|150\/424 par
|move|p1a: Reuniclus|Recover|p1a: Reuniclus
|-heal|p1a: Reuniclus|362\/424 par
|
|-heal|p2a: Jirachi|277\/399|[from] item: Leftovers
|-heal|p1a: Reuniclus|388\/424 par|[from] item: Leftovers
|turn|42
|L|arnyyr
|J|fingerscrossed
|J|I ABR I
|
|switch|p1a: Chesnaught|Chesnaught, F|265\/380
|move|p2a: Jirachi|Iron Head|p1a: Chesnaught
|-damage|p1a: Chesnaught|207\/380
|
|-heal|p2a: Jirachi|301\/399|[from] item: Leftovers
|-heal|p1a: Chesnaught|230\/380|[from] item: Leftovers
|turn|43
|L|I ABR I
|
|switch|p2a: Kyurem|Kyurem|331\/391
|-damage|p2a: Kyurem|283\/391|[from] Spikes
|-ability|p2a: Kyurem|Pressure
|move|p1a: Chesnaught|Leech Seed|p2a: Kyurem
|-start|p2a: Kyurem|move: Leech Seed
|
|-heal|p1a: Chesnaught|253\/380|[from] item: Leftovers
|-damage|p2a: Kyurem|235\/391|[from] Leech Seed|[of] p1a: Chesnaught
|-heal|p1a: Chesnaught|301\/380|[silent]
|turn|44
|
|move|p1a: Chesnaught|Spiky Shield|p1a: Chesnaught
|-singleturn|p1a: Chesnaught|move: Protect
|move|p2a: Kyurem|Ice Beam|p1a: Chesnaught
|-activate|p1a: Chesnaught|move: Protect
|
|-heal|p1a: Chesnaught|324\/380|[from] item: Leftovers
|-damage|p2a: Kyurem|187\/391|[from] Leech Seed|[of] p1a: Chesnaught
|-heal|p1a: Chesnaught|372\/380|[silent]
|turn|45
|
|switch|p1a: Gligar|Gligar, F|123\/334
|move|p2a: Kyurem|Ice Beam|p1a: Gligar
|-supereffective|p1a: Gligar
|-damage|p1a: Gligar|0 fnt
|faint|p1a: Gligar
|
|
|switch|p1a: Reuniclus|Reuniclus, M|388\/424 par
|turn|46
|
|switch|p2a: Magneton|Magneton|124\/241
|-damage|p2a: Magneton|94\/241|[from] Spikes
|move|p1a: Reuniclus|Calm Mind|p1a: Reuniclus
|-boost|p1a: Reuniclus|spa|1
|-boost|p1a: Reuniclus|spd|1
|
|-heal|p1a: Reuniclus|414\/424 par|[from] item: Leftovers
|turn|47
|L|e7e
|L|Misery Business
|L|Soulgazer
|J|Soulgazer
|J|Misery Business
|J|HighWish
|J|kratosmana
|J|e7e
|J|hell hath no fury
|
|move|p2a: Magneton|Flash Cannon|p1a: Reuniclus
|-damage|p1a: Reuniclus|245\/424 par
|move|p1a: Reuniclus|Calm Mind|p1a: Reuniclus
|-boost|p1a: Reuniclus|spa|1
|-boost|p1a: Reuniclus|spd|1
|
|-heal|p1a: Reuniclus|271\/424 par|[from] item: Leftovers
|turn|48
|L|kratosmana
|
|move|p2a: Magneton|Flash Cannon|p1a: Reuniclus
|-damage|p1a: Reuniclus|151\/424 par
|move|p1a: Reuniclus|Recover|p1a: Reuniclus
|-heal|p1a: Reuniclus|363\/424 par
|
|-heal|p1a: Reuniclus|389\/424 par|[from] item: Leftovers
|turn|49
|L|HighWish
|J|Aurious
|
|move|p2a: Magneton|Flash Cannon|p1a: Reuniclus
|-damage|p1a: Reuniclus|262\/424 par
|move|p1a: Reuniclus|Calm Mind|p1a: Reuniclus
|-boost|p1a: Reuniclus|spa|1
|-boost|p1a: Reuniclus|spd|1
|
|-heal|p1a: Reuniclus|288\/424 par|[from] item: Leftovers
|turn|50
|J|HighWish
|
|move|p2a: Magneton|Flash Cannon|p1a: Reuniclus
|-damage|p1a: Reuniclus|195\/424 par
|move|p1a: Reuniclus|Recover|p1a: Reuniclus
|-heal|p1a: Reuniclus|407\/424 par
|
|-heal|p1a: Reuniclus|424\/424 par|[from] item: Leftovers
|turn|51
|L|Asedvictory
|L|Best VGCer Alive
|L|Stockings
|
|move|p2a: Magneton|Flash Cannon|p1a: Reuniclus
|-damage|p1a: Reuniclus|325\/424 par
|move|p1a: Reuniclus|Psyshock|p2a: Magneton
|-resisted|p2a: Magneton
|-damage|p2a: Magneton|0 fnt
|faint|p2a: Magneton
|
|-heal|p1a: Reuniclus|351\/424 par|[from] item: Leftovers
|
|switch|p2a: Jirachi|Jirachi|301\/399
|-damage|p2a: Jirachi|252\/399|[from] Spikes
|turn|52
|J|Lord Bagel
|J|the lep
|L|AM
|L|Ren-chon
|
|move|p2a: Jirachi|Iron Head|p1a: Reuniclus
|-damage|p1a: Reuniclus|266\/424 par
|cant|p1a: Reuniclus|flinch
|
|-heal|p2a: Jirachi|276\/399|[from] item: Leftovers
|-heal|p1a: Reuniclus|292\/424 par|[from] item: Leftovers
|turn|53
|J|Asedvictory
|
|move|p2a: Jirachi|Iron Head|p1a: Reuniclus
|-damage|p1a: Reuniclus|216\/424 par
|cant|p1a: Reuniclus|par
|
|-heal|p2a: Jirachi|300\/399|[from] item: Leftovers
|-heal|p1a: Reuniclus|242\/424 par|[from] item: Leftovers
|turn|54
|
|move|p2a: Jirachi|Iron Head|p1a: Reuniclus
|-damage|p1a: Reuniclus|163\/424 par
|move|p1a: Reuniclus|Recover|p1a: Reuniclus
|-heal|p1a: Reuniclus|375\/424 par
|
|-heal|p2a: Jirachi|324\/399|[from] item: Leftovers
|-heal|p1a: Reuniclus|401\/424 par|[from] item: Leftovers
|turn|55
|L|Xaumaicus
|J|galbia
|L|Aqualouis
|
|move|p2a: Jirachi|Iron Head|p1a: Reuniclus
|-damage|p1a: Reuniclus|316\/424 par
|cant|p1a: Reuniclus|flinch
|
|-heal|p2a: Jirachi|348\/399|[from] item: Leftovers
|-heal|p1a: Reuniclus|342\/424 par|[from] item: Leftovers
|turn|56
|L|Harsha
|
|move|p2a: Jirachi|Iron Head|p1a: Reuniclus
|-damage|p1a: Reuniclus|252\/424 par
|cant|p1a: Reuniclus|par
|
|-heal|p2a: Jirachi|372\/399|[from] item: Leftovers
|-heal|p1a: Reuniclus|278\/424 par|[from] item: Leftovers
|turn|57
|
|move|p2a: Jirachi|Iron Head|p1a: Reuniclus
|-damage|p1a: Reuniclus|190\/424 par
|cant|p1a: Reuniclus|flinch
|
|-heal|p2a: Jirachi|396\/399|[from] item: Leftovers
|-heal|p1a: Reuniclus|216\/424 par|[from] item: Leftovers
|turn|58
|L|galbia
|L|TheEnder
|J|Quaggsterrr
|
|move|p2a: Jirachi|Iron Head|p1a: Reuniclus
|-damage|p1a: Reuniclus|135\/424 par
|cant|p1a: Reuniclus|flinch
|
|-heal|p2a: Jirachi|399\/399|[from] item: Leftovers
|-heal|p1a: Reuniclus|161\/424 par|[from] item: Leftovers
|turn|59
|
|move|p2a: Jirachi|Iron Head|p1a: Reuniclus
|-damage|p1a: Reuniclus|73\/424 par
|cant|p1a: Reuniclus|flinch
|
|-heal|p1a: Reuniclus|99\/424 par|[from] item: Leftovers
|turn|60
|L|El-Soldier
|L|BKC
|J|Kiyo
|J|Halcyon of Light
|J|TepidlyAlice
|L|Halcyon of Light
|
|move|p2a: Jirachi|Iron Head|p1a: Reuniclus
|-damage|p1a: Reuniclus|20\/424 par
|move|p1a: Reuniclus|Recover|p1a: Reuniclus
|-heal|p1a: Reuniclus|232\/424 par
|
|-heal|p1a: Reuniclus|258\/424 par|[from] item: Leftovers
|turn|61
|L|TepidlyAlice
|
|move|p2a: Jirachi|Iron Head|p1a: Reuniclus
|-damage|p1a: Reuniclus|167\/424 par
|cant|p1a: Reuniclus|par
|
|-heal|p1a: Reuniclus|193\/424 par|[from] item: Leftovers
|turn|62
|
|move|p2a: Jirachi|Iron Head|p1a: Reuniclus
|-damage|p1a: Reuniclus|114\/424 par
|cant|p1a: Reuniclus|flinch
|
|-heal|p1a: Reuniclus|140\/424 par|[from] item: Leftovers
|turn|63
|
|move|p2a: Jirachi|Iron Head|p1a: Reuniclus
|-damage|p1a: Reuniclus|64\/424 par
|cant|p1a: Reuniclus|par
|
|-heal|p1a: Reuniclus|90\/424 par|[from] item: Leftovers
|turn|64
|J|Updated Kanto
|
|move|p2a: Jirachi|Iron Head|p1a: Reuniclus
|-damage|p1a: Reuniclus|11\/424 par
|cant|p1a: Reuniclus|flinch
|
|-heal|p1a: Reuniclus|37\/424 par|[from] item: Leftovers
|turn|65
|
|switch|p1a: Chesnaught|Chesnaught, F|372\/380
|move|p2a: Jirachi|Iron Head|p1a: Chesnaught
|-damage|p1a: Chesnaught|312\/380
|
|-heal|p1a: Chesnaught|335\/380|[from] item: Leftovers
|turn|66
|L|Starmeiâ¥
|L|lowgock
|L|ox the box
|J|MushMunkey
|J|iChano
|L|iplaytennislol
|
|switch|p2a: Kyurem|Kyurem|187\/391
|-damage|p2a: Kyurem|139\/391|[from] Spikes
|-ability|p2a: Kyurem|Pressure
|move|p1a: Chesnaught|Leech Seed|p2a: Kyurem
|-start|p2a: Kyurem|move: Leech Seed
|
|-heal|p1a: Chesnaught|358\/380|[from] item: Leftovers
|-damage|p2a: Kyurem|91\/391|[from] Leech Seed|[of] p1a: Chesnaught
|-heal|p1a: Chesnaught|380\/380|[silent]
|turn|67
|
|move|p1a: Chesnaught|Spiky Shield|p1a: Chesnaught
|-singleturn|p1a: Chesnaught|move: Protect
|move|p2a: Kyurem|Ice Beam|p1a: Chesnaught
|-activate|p1a: Chesnaught|move: Protect
|
|-damage|p2a: Kyurem|43\/391|[from] Leech Seed|[of] p1a: Chesnaught
|turn|68
|J|lord ledian
|J|TheEnder
|
|move|p1a: Chesnaught|Spiky Shield|p1a: Chesnaught
|-fail|p1a: Chesnaught
|move|p2a: Kyurem|Ice Beam|p1a: Chesnaught
|-supereffective|p1a: Chesnaught
|-damage|p1a: Chesnaught|0 fnt
|faint|p1a: Chesnaught
|
|
|switch|p1a: Reuniclus|Reuniclus, M|37\/424 par
|turn|69
|L|TFC
|
|move|p2a: Kyurem|Ice Beam|p1a: Reuniclus
|-damage|p1a: Reuniclus|0 fnt
|faint|p1a: Reuniclus
|
|win|JeyTheGrey
|L|MoxieInfinite
|J|Zaleas
|L|TheEnder
|L|Pako
|c|âJeyTheGrey|sorry
|L|bugzinator RC
|player|p1
|L|kd24
|L|zdrup
|L|Bedschibaer
|c|âJeyTheGrey|that was my only way
|L|Soulgazer
|L|Lady bug
|L|radianthero156
|L|giara
|c|âJeyTheGrey|of winning
|L|KyleCole
|L|YMAS2
|L|Derk
|L|ownn
|L|IAmGingy
|L|Toxzn
|L|Aurious
|L|Pyrogon
|L|Kiyo
|L|papai noel
|L|Red&Black Swan
|L|hell hath no fury
|L|Feeling The Moment
|L|hairy toenail
|L|nirosih
|L|Arcticblast
|L|haunter
|L|Lord Bagel
|L|Zamrock
|L|Finchinator
|L|kamisama_no49
|L|tesung
|L|gelly
|L|Zaleas
|L|Marshall.Law
|L|SAGA
|L|purrl
|L|phil
|L|Mizuhime
|L|Key
|L|El Didi
|c|âJeyTheGrey|gg anyway
|L|Emma Bae â¥
|L|IU M
|L|Void
|J|FAJI
|L|The Goomy
|L|PttP
|L|King UU
|L|McMeghan
|L|lord ledian
|L|e7e
|L|DarkDiglett
|L|the Jaiho
|L|boudouche
|L|Colchonero
|L|yoman5
|L|tele
|L|SparksBlade
|L|Icey Tea
|L|Cronenberg
|L|Updated Kanto
|L|iChano
|L|OpTic Gaga
|L|Trill Scott Heron
|J|El-Soldier
|L|Haunted.Shadow
|L|FAJI
|L|El-Soldier
|L|WreckDra
|L|Bloo
|L|DM35
|L|Wolfenstein
|L|Jax Tellsig
|L|Pokebasket
|L|Ciele
|L|Inflikted
|L|Ginku
|L|Afro Smash
|L|Dark_380
|L|BahaWin
|J|Rohail
|L|Ernes
|L|innovamania
|J|bugzinator RC
|L|skysoki
|L|Le Austin
|J|Soulgazer
|L|Asedvictory
|L|DennisEG
|L|Soulgazer
|J|DennisEG
|L|DennisEG
|L|fingerscrossed
|L|hxhxhxhxhxhxhx
|L|edgar
|J|edgar
|L|edgar
|L|pokeaim
|L|Gelly16
|L|Firstbones
|L|Deckline
|L|JeyTheGrey
|player|p2
|L|iMeridian
|J|Nohow
|L|Meruu
|L|pridy
|L|jdarden
|L|chimpact
|J|trhjdfbtyejhtrj
|L|Nohow
|L|Lohgock
|L|fuck oras
|L|trhjdfbtyejhtrj
|L|HighWish
|L|Gizmo
|L|fresh two death
|L|bugzinator RC
|L|Exeggutor
|L|Trinitrotoluene
|L|MushMunkey
|L|RYOUZAN
|L|Mencemeat
|L|Quaggsterrr
|L|Exiline
|L|fabiohimself
|J|the pdc show
|L|Misery Business
|L|Sacri'
|L|unamed
|L|Ninety Nine
|L|Eisstern
|L|the lep
|L|RiCH HOMiE CHRiS
|L|Draco Meteora
|L|destinyunknown
|L|Rohail
|L|Bowlii
|L|FruitDealer
|L|Da Raikage
|J|Bowlii
|L|Bowlii
|L|Destiny Device
|J|Firstbones
|J|Mencemeat
|L|Mencemeat
|L|Firstbones
|J|FNH
|L|FNH
|J|H-C
|L|the pdc show
|L|H-C
|L|reachzero
|L|Prankster
|L|reyscarface
|L|Imanalt
|L|Henry
|L|Frexa
|J|Lord Emvee
|L|Lord Emvee
|J|pokeaim
|L|pokeaim
|L|Lhions
|J|Haunted.Shadow
|L|Haunted.Shadow
|L|Dice
|J|Bowlii
|L|Bowlii
|J|OpTic Gaga
|L|OpTic Gaga
|J|ba$ed n bad
|L|ba$ed n bad