|join|DesecratedBoomUU
|join|jeythegrey
|player|p1|DesecratedBoomUU|99
|player|p2|jeythegrey|266
|gametype|singles
|gen|6
|tier|UU
|rated
|rule|Sleep Clause Mod: Limit one foe put to sleep
|rule|Species Clause: Limit one of each PokÃ©mon
|rule|OHKO Clause: OHKO moves are banned
|rule|Moody Clause: Moody is banned
|rule|Evasion Moves Clause: Evasion moves are banned
|rule|Endless Battle Clause: Forcing endless battles is banned
|rule|HP Percentage Mod: HP is shown in percentages
|clearpoke
|poke|p1|Nidoqueen, F
|poke|p1|Hydreigon, F, shiny
|poke|p1|Starmie
|poke|p1|Abomasnow, M
|poke|p1|Darmanitan, M
|poke|p1|Mienshao, F
|poke|p2|Shuckle, M
|poke|p2|Lucario, F
|poke|p2|Chandelure, M
|poke|p2|Florges, F
|poke|p2|Haxorus, M
|poke|p2|Honchkrow, F
|rule|Swagger Clause: Swagger is banned
|rule|Baton Pass Clause: Limit one PokÃ©mon knowing Baton Pass
|teampreview
|join|Da Raikage
|join|10dmcq
|join|sharkpedo
|
|start
|switch|p1a: Romney|Abomasnow, M|383\/383
|switch|p2a: Haxorus|Haxorus, M|293\/293
|-ability|p2a: Haxorus|Mold Breaker
|-weather|Hail
|turn|1
|
|detailschange|p1a: Romney|Abomasnow-Mega, M
|message|Abomasnow has Mega Evolved into Mega Abomasnow!
|move|p2a: Haxorus|Outrage|p1a: Romney
|-damage|p1a: Romney|127\/383
|move|p1a: Romney|Ice Punch|p2a: Haxorus
|-supereffective|p2a: Haxorus
|-damage|p2a: Haxorus|0 fnt
|faint|p2a: Haxorus
|
|-weather|Hail|[upkeep]
|c| 10dmcq|nice nickname fren ,,,,,,
|
|switch|p2a: Chandelure|Chandelure, M|261\/261
|turn|2
|join|DA SCRUB
|
|move|p1a: Romney|Ice Shard|p2a: Chandelure
|-crit|p2a: Chandelure
|-resisted|p2a: Chandelure
|-damage|p2a: Chandelure|193\/261
|move|p2a: Chandelure|Shadow Ball|p1a: Romney
|-damage|p1a: Romney|0 fnt
|-damage|p2a: Chandelure|167\/261|[from] item: Life Orb
|faint|p1a: Romney
|
|-weather|Hail|[upkeep]
|-damage|p2a: Chandelure|151\/261|[from] hail
|
|switch|p1a: Sazandora|Hydreigon, F, shiny|325\/325
|turn|3
|
|switch|p2a: Florges|Florges, F|350\/350
|move|p1a: Sazandora|Dark Pulse|p2a: Florges
|-resisted|p2a: Florges
|-damage|p2a: Florges|293\/350
|-damage|p1a: Sazandora|293\/325|[from] item: Life Orb
|
|-weather|Hail|[upkeep]
|-damage|p1a: Sazandora|273\/325|[from] hail
|-damage|p2a: Florges|272\/350|[from] hail
|-heal|p2a: Florges|293\/350|[from] item: Leftovers
|turn|4
|
|switch|p1a: Funky Kong|Darmanitan, M|351\/351
|switch|p2a: Shuckle|Shuckle, M|244\/244
|
|-weather|Hail|[upkeep]
|-damage|p1a: Funky Kong|330\/351|[from] hail
|-damage|p2a: Shuckle|229\/244|[from] hail
|turn|5
|
|move|p1a: Funky Kong|Flare Blitz|p2a: Shuckle
|-damage|p2a: Shuckle|111\/244
|-damage|p1a: Funky Kong|291\/351|[from] recoil|[of] p2a: Shuckle
|move|p2a: Shuckle|Sticky Web|p1a: Funky Kong
|-sidestart|p1: DesecratedBoomUU|move: Sticky Web
|
|-weather|none
|turn|6
|
|switch|p2a: Chandelure|Chandelure, M|151\/261
|move|p1a: Funky Kong|Flare Blitz|p2a: Chandelure
|-start|p2a: Chandelure|ability: Flash Fire
|
|turn|7
|
|switch|p1a: Regina|Nidoqueen, F|384\/384
|-activate|p1a: Regina|move: Sticky Web
|-unboost|p1a: Regina|spe|1
|move|p2a: Chandelure|Fire Blast|p1a: Regina
|-damage|p1a: Regina|0 fnt
|-damage|p2a: Chandelure|125\/261|[from] item: Life Orb
|faint|p1a: Regina
|
|
|switch|p1a: Sand Dollar|Starmie|261\/261
|-activate|p1a: Sand Dollar|move: Sticky Web
|-unboost|p1a: Sand Dollar|spe|1
|turn|8
|
|move|p2a: Chandelure|Shadow Ball|p1a: Sand Dollar
|-supereffective|p1a: Sand Dollar
|-damage|p1a: Sand Dollar|0 fnt
|-damage|p2a: Chandelure|99\/261|[from] item: Life Orb
|faint|p1a: Sand Dollar
|
|leave|DA SCRUB
|c| 10dmcq|ogreheat
|leave|DesecratedBoomUU
|player|p1
|c| sharkpedo|hi
|c| 10dmcq|ogreheat get one
|leave|Da Raikage
|c| sharkpedo|finna get one,,
|join|DesecratedBoomUU
|leave|sharkpedo
|join|sharkpedo
|player|p1|DesecratedBoomUU|99
|
|switch|p1a: Funky Kong|Darmanitan, M|291\/351
|-activate|p1a: Funky Kong|move: Sticky Web
|-unboost|p1a: Funky Kong|spe|1
|turn|9
|join|Da Raikage
|
|switch|p2a: Shuckle|Shuckle, M|111\/244
|move|p1a: Funky Kong|Rock Slide|p2a: Shuckle
|-supereffective|p2a: Shuckle
|-damage|p2a: Shuckle|0 fnt
|faint|p2a: Shuckle
|
|
|switch|p2a: Lucario|Lucario, F|281\/281
|turn|10
|
|switch|p1a: Sazandora|Hydreigon, F, shiny|273\/325
|move|p2a: Lucario|Swords Dance|p2a: Lucario
|-boost|p2a: Lucario|atk|2
|
|turn|11
|c| Da Raikage|timestall,,,
|c| 10dmcq|-
|c|âjeythegrey|-
|
|move|p2a: Lucario|Extreme Speed|p1a: Sazandora
|-damage|p1a: Sazandora|26\/325
|-damage|p2a: Lucario|253\/281|[from] item: Life Orb
|move|p1a: Sazandora|Fire Blast|p2a: Lucario|[miss]
|-miss|p1a: Sazandora|p2a: Lucario
|
|turn|12
|c|âDesecratedBoomUU|Sorry. I'm working on a few things
|
|move|p2a: Lucario|Extreme Speed|p1a: Sazandora
|-damage|p1a: Sazandora|0 fnt
|-damage|p2a: Lucario|225\/281|[from] item: Life Orb
|faint|p1a: Sazandora
|
|c| Da Raikage|they call me hax lord mikasa
|
|switch|p1a: Funky Kong|Darmanitan, M|291\/351
|-activate|p1a: Funky Kong|move: Sticky Web
|-unboost|p1a: Funky Kong|spe|1
|turn|13
|
|move|p2a: Lucario|Extreme Speed|p1a: Funky Kong
|-damage|p1a: Funky Kong|0 fnt
|-damage|p2a: Lucario|197\/281|[from] item: Life Orb
|faint|p1a: Funky Kong
|
|
|switch|p1a: Sakurai|Mienshao, F|271\/271
|-activate|p1a: Sakurai|move: Sticky Web
|-unboost|p1a: Sakurai|spe|1
|turn|14
|
|move|p2a: Lucario|Extreme Speed|p1a: Sakurai
|-damage|p1a: Sakurai|0 fnt
|-damage|p2a: Lucario|169\/281|[from] item: Life Orb
|faint|p1a: Sakurai
|
|win|jeythegrey
|raw|Ladder updating...
|raw|DesecratedBoomUU's rating: 1399 &rarr; <strong>1381<\/strong><br \/>(-18 for losing)
|raw|jeythegrey's rating: 1429 &rarr; <strong>1447<\/strong><br \/>(+18 for winning)
|leave|DesecratedBoomUU
|player|p1
|leave|Da Raikage