|join|jeythegrey
|join|bigstantler
|player|p1|jeythegrey|163
|player|p2|bigstantler|265
|gametype|singles
|gen|6
|tier|UU
|rated
|rule|Sleep Clause Mod: Limit one foe put to sleep
|rule|Species Clause: Limit one of each PokÃ©mon
|rule|OHKO Clause: OHKO moves are banned
|rule|Moody Clause: Moody is banned
|rule|Evasion Moves Clause: Evasion moves are banned
|rule|Endless Battle Clause: Forcing endless battles is banned
|rule|HP Percentage Mod: HP is shown in percentages
|clearpoke
|poke|p1|Alakazam, F
|poke|p1|Crobat, F
|poke|p1|Swampert, M
|poke|p1|Florges, F
|poke|p1|Hydreigon, F
|poke|p1|Lucario, M
|poke|p2|Raikou
|poke|p2|Chesnaught, M
|poke|p2|Aerodactyl, M
|poke|p2|Entei, shiny
|poke|p2|Hippowdon, F
|poke|p2|Empoleon, M
|rule|Swagger Clause: Swagger is banned
|rule|Baton Pass Clause: Limit one PokÃ©mon knowing Baton Pass
|teampreview
|join|Beastly
|join|chools
|
|start
|switch|p1a: Hydreigon|Hydreigon, F|325\/325
|switch|p2a: Chesnaught|Chesnaught, M|380\/380
|turn|1
|
|switch|p2a: Empoleon|Empoleon, M|372\/372
|move|p1a: Hydreigon|Fire Blast|p2a: Empoleon
|-damage|p2a: Empoleon|287\/372
|
|-heal|p2a: Empoleon|310\/372|[from] item: Leftovers
|turn|2
|join|Keaa
|
|switch|p1a: Lucario|Lucario, M|281\/281
|move|p2a: Empoleon|Ice Beam|p1a: Lucario
|-resisted|p1a: Lucario
|-damage|p1a: Lucario|225\/281
|
|-heal|p2a: Empoleon|333\/372|[from] item: Leftovers
|turn|3
|c|âjeythegrey|lag
|c| chools|go for hp flying on his incoming chesnaught
|c| chools|oops
|
|switch|p2a: Chesnaught|Chesnaught, M|380\/380
|move|p1a: Lucario|Close Combat|p2a: Chesnaught
|-damage|p2a: Chesnaught|219\/380
|-unboost|p1a: Lucario|def|1
|-unboost|p1a: Lucario|spd|1
|-damage|p1a: Lucario|197\/281|[from] item: Life Orb
|
|-heal|p2a: Chesnaught|242\/380|[from] item: Leftovers
|turn|4
|c| chools|wrong window!
|
|switch|p1a: Crobat|Crobat, F|311\/311
|move|p2a: Chesnaught|Leech Seed|p1a: Crobat
|-start|p1a: Crobat|move: Leech Seed
|
|-heal|p2a: Chesnaught|265\/380|[from] item: Leftovers
|-damage|p1a: Crobat|273\/311|[from] Leech Seed|[of] p2a: Chesnaught
|-heal|p2a: Chesnaught|303\/380|[silent]
|turn|5
|
|move|p2a: Chesnaught|Spiky Shield|p2a: Chesnaught
|-singleturn|p2a: Chesnaught|move: Protect
|move|p1a: Crobat|U-turn|p2a: Chesnaught
|-activate|p2a: Chesnaught|move: Protect
|-damage|p1a: Crobat|235\/311|[from] Spiky Shield|[of] p2a: Chesnaught
|
|-heal|p1a: Crobat|254\/311|[from] item: Leftovers
|-heal|p2a: Chesnaught|326\/380|[from] item: Leftovers
|-damage|p1a: Crobat|216\/311|[from] Leech Seed|[of] p2a: Chesnaught
|-heal|p2a: Chesnaught|364\/380|[silent]
|turn|6
|
|switch|p2a: Hippowdon|Hippowdon, F|420\/420
|-weather|Sandstorm
|move|p1a: Crobat|U-turn|p2a: Hippowdon
|-damage|p2a: Hippowdon|376\/420
|
|switch|p1a: Swampert|Swampert, M|404\/404
|
|-weather|Sandstorm|[upkeep]
|-heal|p2a: Hippowdon|402\/420|[from] item: Leftovers
|turn|7
|c| Beastly|wheres the hp ice
|c| Beastly|be innovative fgt
|
|switch|p2a: Chesnaught|Chesnaught, M|364\/380
|move|p1a: Swampert|Scald|p2a: Chesnaught
|-resisted|p2a: Chesnaught
|-damage|p2a: Chesnaught|314\/380
|
|-weather|Sandstorm|[upkeep]
|-damage|p2a: Chesnaught|291\/380|[from] sandstorm
|-heal|p2a: Chesnaught|314\/380|[from] item: Leftovers
|turn|8
|c| chools|shut up nerd
|
|switch|p1a: Crobat|Crobat, F|216\/311
|move|p2a: Chesnaught|Wood Hammer|p1a: Crobat
|-crit|p1a: Crobat
|-resisted|p1a: Crobat
|-damage|p1a: Crobat|148\/311
|-damage|p2a: Chesnaught|292\/380|[from] recoil|[of] p1a: Crobat
|
|-weather|Sandstorm|[upkeep]
|-damage|p1a: Crobat|129\/311|[from] sandstorm
|-damage|p2a: Chesnaught|269\/380|[from] sandstorm
|-heal|p1a: Crobat|148\/311|[from] item: Leftovers
|-heal|p2a: Chesnaught|292\/380|[from] item: Leftovers
|turn|9
|c| chools|stop playing chandelure weak teams
|leave|Beastly
|c| chools|lol
|
|switch|p2a: Raikou|Raikou|321\/321
|-ability|p2a: Raikou|Pressure
|move|p1a: Crobat|Roost|p1a: Crobat
|-heal|p1a: Crobat|304\/311
|
|-weather|Sandstorm|[upkeep]
|-damage|p1a: Crobat|285\/311|[from] sandstorm
|-damage|p2a: Raikou|301\/321|[from] sandstorm
|-heal|p1a: Crobat|304\/311|[from] item: Leftovers
|turn|10
|join|Beastly
|
|move|p1a: Crobat|U-turn|p2a: Raikou
|-damage|p2a: Raikou|221\/321
|
|switch|p1a: Florges|Florges, F|360\/360
|move|p2a: Raikou|Extrasensory|p1a: Florges
|-damage|p1a: Florges|268\/360
|
|-weather|none
|-heal|p1a: Florges|290\/360|[from] item: Leftovers
|turn|11
|
|switch|p2a: Aerodactyl|Aerodactyl, M|301\/301
|-ability|p2a: Aerodactyl|Pressure
|move|p1a: Florges|Wish|p1a: Florges
|
|-heal|p1a: Florges|312\/360|[from] item: Leftovers
|turn|12
|
|switch|p1a: Swampert|Swampert, M|404\/404
|detailschange|p2a: Aerodactyl|Aerodactyl-Mega, M
|message|Aerodactyl has Mega Evolved into Mega Aerodactyl!
|move|p2a: Aerodactyl|Aerial Ace|p1a: Swampert
|-damage|p1a: Swampert|269\/404
|
|-heal|p1a: Swampert|404\/404|[from] move: Wish|[wisher] Florges
|turn|13
|
|switch|p2a: Empoleon|Empoleon, M|333\/372
|move|p1a: Swampert|Stealth Rock|p2a: Empoleon
|-sidestart|p2: bigstantler|move: Stealth Rock
|
|-heal|p2a: Empoleon|356\/372|[from] item: Leftovers
|turn|14
|
|move|p2a: Empoleon|Scald|p1a: Swampert
|-damage|p1a: Swampert|284\/404
|move|p1a: Swampert|Earthquake|p2a: Empoleon
|-supereffective|p2a: Empoleon
|-damage|p2a: Empoleon|48\/372
|
|-heal|p2a: Empoleon|71\/372|[from] item: Leftovers
|-heal|p1a: Swampert|309\/404|[from] item: Leftovers
|turn|15
|-message|bigstantler forfeited.
|
|win|jeythegrey
|raw|Ladder updating...
|leave|bigstantler
|player|p2
|raw|jeythegrey's rating: 1642 &rarr; <strong>1654<\/strong><br \/>(+12 for winning)
|raw|bigstantler's rating: 1500 &rarr; <strong>1488<\/strong><br \/>(-12 for losing)
|c| chools|molested
|leave|chools
|c|âjeythegrey|2 eez
|leave|jeythegrey
|player|p1
|join|chools
|join|jeythegrey