|join|jeythegrey
|join|Lord Q. 87
|player|p1|jeythegrey|163
|player|p2|Lord Q. 87|265
|gametype|singles
|gen|6
|tier|UU
|rated
|rule|Sleep Clause Mod: Limit one foe put to sleep
|rule|Species Clause: Limit one of each PokÃ©mon
|rule|OHKO Clause: OHKO moves are banned
|rule|Moody Clause: Moody is banned
|rule|Evasion Moves Clause: Evasion moves are banned
|rule|Endless Battle Clause: Forcing endless battles is banned
|rule|HP Percentage Mod: HP is shown in percentages
|clearpoke
|poke|p1|Alakazam, M
|poke|p1|Crobat, F
|poke|p1|Swampert, F
|poke|p1|Florges, F
|poke|p1|Hydreigon, F
|poke|p1|Lucario, F
|poke|p2|Ambipom, F
|poke|p2|Reuniclus, M
|poke|p2|Crobat, M
|poke|p2|Suicune, shiny
|poke|p2|Porygon-Z
|poke|p2|Mienshao, F
|rule|Swagger Clause: Swagger is banned
|rule|Baton Pass Clause: Limit one PokÃ©mon knowing Baton Pass
|teampreview
|join|Void
|join|Grey Heracross
|
|start
|switch|p1a: Swampert|Swampert, F|404\/404
|switch|p2a: Crobat|Crobat, M|311\/311
|turn|1
|
|move|p2a: Crobat|Brave Bird|p1a: Swampert
|-damage|p1a: Swampert|254\/404
|-damage|p2a: Crobat|261\/311|[from] recoil|[of] p1a: Swampert
|move|p1a: Swampert|Stealth Rock|p2a: Crobat
|-sidestart|p2: Lord Q. 87|move: Stealth Rock
|
|-heal|p1a: Swampert|279\/404|[from] item: Leftovers
|turn|2
|
|move|p2a: Crobat|Defog|p1a: Swampert
|-unboost|p1a: Swampert|evasion|1
|-sideend|p2: Lord Q. 87|Stealth Rock|[from] move: Defog|[of] p2a: Crobat
|move|p1a: Swampert|Scald|p2a: Crobat
|-damage|p2a: Crobat|164\/311
|
|-heal|p1a: Swampert|304\/404|[from] item: Leftovers
|turn|3
|
|move|p2a: Crobat|Hypnosis|p1a: Swampert
|-status|p1a: Swampert|slp
|cant|p1a: Swampert|slp
|
|-heal|p1a: Swampert|329\/404 slp|[from] item: Leftovers
|turn|4
|
|move|p2a: Crobat|Brave Bird|p1a: Swampert
|-damage|p1a: Swampert|184\/404 slp
|-damage|p2a: Crobat|116\/311|[from] recoil|[of] p1a: Swampert
|cant|p1a: Swampert|slp
|
|-heal|p1a: Swampert|209\/404 slp|[from] item: Leftovers
|turn|5
|
|move|p2a: Crobat|Roost|p2a: Crobat
|-heal|p2a: Crobat|272\/311
|cant|p1a: Swampert|slp
|
|-heal|p1a: Swampert|234\/404 slp|[from] item: Leftovers
|turn|6
|
|switch|p2a: Porygon-Z|Porygon-Z|311\/311
|-curestatus|p1a: Swampert|slp
|move|p1a: Swampert|Stealth Rock|p2a: Porygon-Z
|-sidestart|p2: Lord Q. 87|move: Stealth Rock
|
|-heal|p1a: Swampert|259\/404|[from] item: Leftovers
|turn|7
|
|switch|p1a: Florges|Florges, F|360\/360
|move|p2a: Porygon-Z|Tri Attack|p1a: Florges
|-damage|p1a: Florges|136\/360
|
|-heal|p1a: Florges|158\/360|[from] item: Leftovers
|turn|8
|
|move|p2a: Porygon-Z|Tri Attack|p1a: Florges
|-damage|p1a: Florges|0 fnt
|faint|p1a: Florges
|
|
|switch|p1a: Lucario|Lucario, F|281\/281
|turn|9
|
|switch|p2a: Suicune|Suicune, shiny|404\/404
|-damage|p2a: Suicune|354\/404|[from] Stealth Rock
|-ability|p2a: Suicune|Pressure
|move|p1a: Lucario|Swords Dance|p1a: Lucario
|-boost|p1a: Lucario|atk|2
|
|-heal|p2a: Suicune|379\/404|[from] item: Leftovers
|turn|10
|
|move|p1a: Lucario|Close Combat|p2a: Suicune
|-crit|p2a: Suicune
|-damage|p2a: Suicune|0 fnt
|-unboost|p1a: Lucario|def|1
|-unboost|p1a: Lucario|spd|1
|-damage|p1a: Lucario|253\/281|[from] item: Life Orb
|faint|p2a: Suicune
|
|
|switch|p2a: Reuniclus|Reuniclus, M|424\/424
|turn|11
|
|move|p1a: Lucario|Iron Tail|p2a: Reuniclus
|-damage|p2a: Reuniclus|48\/424
|-damage|p1a: Lucario|225\/281|[from] item: Life Orb
|move|p2a: Reuniclus|Psyshock|p1a: Lucario
|-crit|p1a: Lucario
|-damage|p1a: Lucario|0 fnt
|faint|p1a: Lucario
|
|-heal|p2a: Reuniclus|74\/424|[from] item: Leftovers
|
|switch|p1a: Alakazam|Alakazam, M|252\/252
|turn|12
|
|detailschange|p1a: Alakazam|Alakazam-Mega, M
|message|Alakazam has Mega Evolved into Mega Alakazam!
|-ability|p1a: Alakazam|Magic Guard|[from] ability: Trace|[of] p2a: Reuniclus
|move|p1a: Alakazam|Shadow Ball|p2a: Reuniclus
|-supereffective|p2a: Reuniclus
|-damage|p2a: Reuniclus|0 fnt
|faint|p2a: Reuniclus
|
|
|switch|p2a: Mienshao|Mienshao, F|271\/271
|-damage|p2a: Mienshao|255\/271|[from] Stealth Rock
|turn|13
|join|Keaa
|
|switch|p1a: Crobat|Crobat, F|311\/311
|move|p2a: Mienshao|Knock Off|p1a: Crobat
|-damage|p1a: Crobat|175\/311
|-enditem|p1a: Crobat|Leftovers|[from] move: Knock Off|[of] p2a: Mienshao
|
|turn|14
|
|switch|p2a: Crobat|Crobat, M|272\/311
|-damage|p2a: Crobat|195\/311|[from] Stealth Rock
|move|p1a: Crobat|Brave Bird|p2a: Crobat
|-damage|p2a: Crobat|0 fnt
|-damage|p1a: Crobat|111\/311|[from] recoil|[of] p2a: Crobat
|faint|p2a: Crobat
|
|
|switch|p2a: Porygon-Z|Porygon-Z|311\/311
|-damage|p2a: Porygon-Z|273\/311|[from] Stealth Rock
|turn|15
|
|switch|p1a: Swampert|Swampert, F|259\/404
|move|p2a: Porygon-Z|Tri Attack|p1a: Swampert
|-damage|p1a: Swampert|0 fnt
|faint|p1a: Swampert
|
|
|switch|p1a: Alakazam|Alakazam-Mega, M|252\/252
|-ability|p1a: Alakazam|Adaptability|[from] ability: Trace|[of] p2a: Porygon-Z
|turn|16
|c| Keaa|oh adaptabilty psychock
|c| Keaa|gotta hurt
|c|âLord Q. 87|noooooooooooooo
|
|move|p1a: Alakazam|Psyshock|p2a: Porygon-Z
|-damage|p2a: Porygon-Z|0 fnt
|faint|p2a: Porygon-Z
|
|
|switch|p2a: Mienshao|Mienshao, F|255\/271
|-damage|p2a: Mienshao|239\/271|[from] Stealth Rock
|turn|17
|
|move|p2a: Mienshao|U-turn|p1a: Alakazam
|-crit|p1a: Alakazam
|-supereffective|p1a: Alakazam
|-damage|p1a: Alakazam|0 fnt
|faint|p1a: Alakazam
|
|switch|p2a: Ambipom|Ambipom, F|291\/291
|-damage|p2a: Ambipom|255\/291|[from] Stealth Rock
|
|
|switch|p1a: Hydreigon|Hydreigon, F|325\/325
|turn|18
|
|move|p2a: Ambipom|Fake Out|p1a: Hydreigon
|-damage|p1a: Hydreigon|234\/325
|cant|p1a: Hydreigon|flinch
|
|turn|19
|
|move|p1a: Hydreigon|Draco Meteor|p2a: Ambipom|[miss]
|-miss|p1a: Hydreigon|p2a: Ambipom
|move|p2a: Ambipom|Return|p1a: Hydreigon
|-damage|p1a: Hydreigon|75\/325
|
|turn|20
|
|move|p1a: Hydreigon|Draco Meteor|p2a: Ambipom
|-damage|p2a: Ambipom|0 fnt
|-unboost|p1a: Hydreigon|spa|2
|faint|p2a: Ambipom
|
|
|switch|p2a: Mienshao|Mienshao, F|239\/271
|-damage|p2a: Mienshao|223\/271|[from] Stealth Rock
|turn|21
|c|âLord Q. 87|da fuck,, why i dont carry stone edge
|
|move|p2a: Mienshao|Knock Off|p1a: Hydreigon
|-resisted|p1a: Hydreigon
|-damage|p1a: Hydreigon|10\/325
|-enditem|p1a: Hydreigon|Choice Scarf|[from] move: Knock Off|[of] p2a: Mienshao
|move|p1a: Hydreigon|Draco Meteor|p2a: Mienshao
|-damage|p2a: Mienshao|51\/271
|-unboost|p1a: Hydreigon|spa|2
|
|turn|22
|
|move|p2a: Mienshao|Knock Off|p1a: Hydreigon
|-crit|p1a: Hydreigon
|-resisted|p1a: Hydreigon
|-damage|p1a: Hydreigon|0 fnt
|faint|p1a: Hydreigon
|
|
|switch|p1a: Crobat|Crobat, F|111\/311
|turn|23
|c|âLord Q. 87|gg
|
|move|p2a: Mienshao|Knock Off|p1a: Crobat
|-damage|p1a: Crobat|13\/311
|move|p1a: Crobat|Brave Bird|p2a: Mienshao
|-supereffective|p2a: Mienshao
|-damage|p2a: Mienshao|0 fnt
|-damage|p1a: Crobat|0 fnt|[from] recoil|[of] p2a: Mienshao
|faint|p2a: Mienshao
|faint|p1a: Crobat
|
|win|jeythegrey
|raw|Ladder updating...
|raw|jeythegrey's rating: 1670 &rarr; <strong>1685<\/strong><br \/>(+15 for winning)
|raw|Lord Q. 87's rating: 1577 &rarr; <strong>1562<\/strong><br \/>(-15 for losing)
|c| Keaa|lol
|c| Keaa|weak
|c|âLord Q. 87|woow
|c|âjeythegrey|gg
|c| Grey Heracross|LOL
|leave|Lord Q. 87
|player|p2
|leave|Void
|leave|Keaa