|join|ima4ever
|join|JeyTheGrey
|player|p1|ima4ever|192
|player|p2|JeyTheGrey|2
|gametype|singles
|gen|6
|tier|UU
|rated
|rule|Sleep Clause Mod: Limit one foe put to sleep
|rule|Species Clause: Limit one of each PokÃ©mon
|rule|OHKO Clause: OHKO moves are banned
|rule|Moody Clause: Moody is banned
|rule|Evasion Moves Clause: Evasion moves are banned
|rule|Endless Battle Clause: Forcing endless battles is banned
|rule|HP Percentage Mod: HP is shown in percentages
|clearpoke
|poke|p1|Aerodactyl, F
|poke|p1|Sableye, M, shiny
|poke|p1|Froslass, F, shiny
|poke|p1|Lucario, M
|poke|p1|Shaymin, shiny
|poke|p1|Crobat, F
|poke|p2|Absol, M
|poke|p2|Nidoqueen, F
|poke|p2|Lucario, M
|poke|p2|Victini
|poke|p2|Crobat, F
|poke|p2|Suicune
|rule|Swagger Clause: Swagger is banned
|rule|Baton Pass Clause: Limit one PokÃ©mon knowing Baton Pass
|teampreview
|join|sharkpedo
|
|start
|switch|p1a: AirRodActTile|Aerodactyl, F|363\/363
|switch|p2a: Absol|Absol, M|271\/271
|-ability|p1a: AirRodActTile|Pressure
|turn|1
|
|switch|p2a: Suicune|Suicune|403\/403
|-ability|p2a: Suicune|Pressure
|detailschange|p1a: AirRodActTile|Aerodactyl-Mega, F
|message|Aerodactyl has Mega Evolved into Mega Aerodactyl!
|move|p1a: AirRodActTile|Aerial Ace|p2a: Suicune
|-damage|p2a: Suicune|325\/403
|
|-heal|p2a: Suicune|350\/403|[from] item: Leftovers
|turn|2
|
|switch|p1a: Pro's Lass|Froslass, F, shiny|343\/343
|switch|p2a: Absol|Absol, M|271\/271
|
|turn|3
|
|switch|p1a: AirRodActTile|Aerodactyl-Mega, F|363\/363
|detailschange|p2a: Absol|Absol-Mega, M
|message|Absol has Mega Evolved into Mega Absol!
|move|p2a: Absol|Knock Off|p1a: AirRodActTile
|-damage|p1a: AirRodActTile|233\/363
|
|turn|4
|
|switch|p2a: Suicune|Suicune|350\/403
|-ability|p2a: Suicune|Pressure
|move|p1a: AirRodActTile|Aerial Ace|p2a: Suicune
|-damage|p2a: Suicune|266\/403
|
|-heal|p2a: Suicune|291\/403|[from] item: Leftovers
|turn|5
|
|switch|p1a: Say Min|Shaymin, shiny|341\/341
|move|p2a: Suicune|Scald|p1a: Say Min
|-resisted|p1a: Say Min
|-damage|p1a: Say Min|300\/341
|
|-heal|p2a: Suicune|316\/403|[from] item: Leftovers
|turn|6
|
|switch|p2a: Crobat|Crobat, F|311\/311
|move|p1a: Say Min|Psychic|p2a: Crobat
|-supereffective|p2a: Crobat
|-damage|p2a: Crobat|59\/311
|
|-heal|p2a: Crobat|78\/311|[from] item: Leftovers
|turn|7
|c| sharkpedo|-
|
|switch|p1a: AirRodActTile|Aerodactyl-Mega, F|233\/363
|move|p2a: Crobat|Roost|p2a: Crobat
|-heal|p2a: Crobat|234\/311
|
|-heal|p2a: Crobat|253\/311|[from] item: Leftovers
|turn|8
|
|switch|p2a: Suicune|Suicune|316\/403
|-ability|p2a: Suicune|Pressure
|move|p1a: AirRodActTile|Stealth Rock|p2a: Suicune
|-sidestart|p2: JeyTheGrey|move: Stealth Rock
|
|-heal|p2a: Suicune|341\/403|[from] item: Leftovers
|turn|9
|
|switch|p1a: Say Min|Shaymin, shiny|300\/341
|switch|p2a: Crobat|Crobat, F|253\/311
|-damage|p2a: Crobat|176\/311|[from] Stealth Rock
|
|-heal|p2a: Crobat|195\/311|[from] item: Leftovers
|turn|10
|
|switch|p1a: AirRodActTile|Aerodactyl-Mega, F|233\/363
|move|p2a: Crobat|Brave Bird|p1a: AirRodActTile
|-resisted|p1a: AirRodActTile
|-damage|p1a: AirRodActTile|140\/363
|-damage|p2a: Crobat|164\/311|[from] recoil|[of] p1a: AirRodActTile
|
|-heal|p2a: Crobat|183\/311|[from] item: Leftovers
|turn|11
|
|switch|p2a: Suicune|Suicune|341\/403
|-damage|p2a: Suicune|291\/403|[from] Stealth Rock
|-ability|p2a: Suicune|Pressure
|move|p1a: AirRodActTile|Roost|p1a: AirRodActTile
|-heal|p1a: AirRodActTile|322\/363
|
|-heal|p2a: Suicune|316\/403|[from] item: Leftovers
|turn|12
|
|switch|p1a: Say Min|Shaymin, shiny|300\/341
|switch|p2a: Crobat|Crobat, F|183\/311
|-damage|p2a: Crobat|106\/311|[from] Stealth Rock
|
|-heal|p2a: Crobat|125\/311|[from] item: Leftovers
|turn|13
|
|switch|p1a: AirRodActTile|Aerodactyl-Mega, F|322\/363
|move|p2a: Crobat|Defog|p1a: AirRodActTile
|-unboost|p1a: AirRodActTile|evasion|1
|-sideend|p2: JeyTheGrey|Stealth Rock|[from] move: Defog|[of] p2a: Crobat
|
|-heal|p2a: Crobat|144\/311|[from] item: Leftovers
|turn|14
|
|switch|p2a: Absol|Absol-Mega, M|271\/271
|move|p1a: AirRodActTile|Stealth Rock|p2a: Absol
|move|p2a: Absol|Stealth Rock|p1a: AirRodActTile|[from]Magic Bounce
|-sidestart|p1: ima4ever|move: Stealth Rock
|
|turn|15
|
|move|p1a: AirRodActTile|Stealth Rock|p2a: Absol
|move|p2a: Absol|Stealth Rock|p1a: AirRodActTile|[from]Magic Bounce
|-fail|p1a: AirRodActTile
|move|p2a: Absol|Iron Tail|p1a: AirRodActTile
|-supereffective|p1a: AirRodActTile
|-damage|p1a: AirRodActTile|58\/363
|-unboost|p1a: AirRodActTile|def|1
|
|turn|16
|-message|ima4ever forfeited.
|
|win|JeyTheGrey
|raw|Ladder updating...
|leave|ima4ever
|player|p1
|c| sharkpedo|LOOOOOOOOOOOOOL
|c| sharkpedo|L<OLOLOLOLO
|raw|ima4ever's rating: 1615 &rarr; <strong>1589<\/strong><br \/>(-26 for losing)
|raw|JeyTheGrey's rating: 1503 &rarr; <strong>1529<\/strong><br \/>(+26 for winning)
|c| sharkpedo|dashspacelord
|leave|sharkpedo