|join|Starmaster
|join|jeythegrey
|player|p1|Starmaster|2
|player|p2|jeythegrey|266
|gametype|singles
|gen|6
|tier|UU
|rated
|rule|Sleep Clause Mod: Limit one foe put to sleep
|rule|Species Clause: Limit one of each PokÃ©mon
|rule|OHKO Clause: OHKO moves are banned
|rule|Moody Clause: Moody is banned
|rule|Evasion Moves Clause: Evasion moves are banned
|rule|Endless Battle Clause: Forcing endless battles is banned
|rule|HP Percentage Mod: HP is shown in percentages
|clearpoke
|poke|p1|Haxorus, M
|poke|p1|Aerodactyl, F
|poke|p1|Nidoqueen, F
|poke|p1|Lucario, M
|poke|p1|Jirachi, shiny
|poke|p1|Hydreigon, M
|poke|p2|Absol, F
|poke|p2|Nidoqueen, F
|poke|p2|Lucario, M
|poke|p2|Victini
|poke|p2|Crobat, M
|poke|p2|Suicune
|rule|Swagger Clause: Swagger is banned
|rule|Baton Pass Clause: Limit one PokÃ©mon knowing Baton Pass
|teampreview
|join|Da Raikage
|
|start
|switch|p1a: Nidoqueen|Nidoqueen, F|350\/350
|switch|p2a: Victini|Victini|341\/341
|turn|1
|
|move|p2a: Victini|U-turn|p1a: Nidoqueen
|-resisted|p1a: Nidoqueen
|-damage|p1a: Nidoqueen|313\/350
|
|switch|p2a: Suicune|Suicune|403\/403
|-ability|p2a: Suicune|Pressure
|move|p1a: Nidoqueen|Earth Power|p2a: Suicune
|-damage|p2a: Suicune|235\/403
|
|-heal|p2a: Suicune|260\/403|[from] item: Leftovers
|turn|2
|c|âStarmaster|plays
|
|move|p1a: Nidoqueen|Sludge Wave|p2a: Suicune
|-crit|p2a: Suicune
|-damage|p2a: Suicune|0 fnt
|faint|p2a: Suicune
|
|c|âStarmaster|oops
|c|âStarmaster|sry bro
|
|switch|p2a: Victini|Victini|341\/341
|turn|3
|c|âStarmaster|das dumb
|
|switch|p1a: Aerodactyl|Aerodactyl, F|331\/331
|-ability|p1a: Aerodactyl|Unnerve|p2: jeythegrey
|move|p2a: Victini|V-create|p1a: Aerodactyl
|-resisted|p1a: Aerodactyl
|-damage|p1a: Aerodactyl|149\/331
|-unboost|p2a: Victini|def|1
|-unboost|p2a: Victini|spd|1
|-unboost|p2a: Victini|spe|1
|
|turn|4
|
|detailschange|p1a: Aerodactyl|Aerodactyl-Mega, F
|message|Aerodactyl has Mega Evolved into Mega Aerodactyl!
|move|p1a: Aerodactyl|Pursuit|p2a: Victini|[from]Pursuit
|-supereffective|p2a: Victini
|-damage|p2a: Victini|0 fnt
|faint|p2a: Victini
|
|
|switch|p2a: Absol|Absol, F|271\/271
|turn|5
|
|detailschange|p2a: Absol|Absol-Mega, F
|message|Absol has Mega Evolved into Mega Absol!
|move|p2a: Absol|Sucker Punch|p1a: Aerodactyl
|-fail|p1a: Aerodactyl
|move|p1a: Aerodactyl|Roost|p1a: Aerodactyl
|-heal|p1a: Aerodactyl|315\/331
|
|turn|6
|
|switch|p2a: Crobat|Crobat, M|311\/311
|move|p1a: Aerodactyl|Aqua Tail|p2a: Crobat
|-damage|p2a: Crobat|134\/311
|
|-heal|p2a: Crobat|153\/311|[from] item: Leftovers
|turn|7
|
|move|p1a: Aerodactyl|Aqua Tail|p2a: Crobat|[miss]
|-miss|p1a: Aerodactyl|p2a: Crobat
|move|p2a: Crobat|Roost|p2a: Crobat
|-heal|p2a: Crobat|309\/311
|
|-heal|p2a: Crobat|311\/311|[from] item: Leftovers
|turn|8
|c|âStarmaster|lol
|
|move|p1a: Aerodactyl|Stone Edge|p2a: Crobat
|-supereffective|p2a: Crobat
|-damage|p2a: Crobat|0 fnt
|faint|p2a: Crobat
|
|
|switch|p2a: Lucario|Lucario, M|281\/281
|turn|9
|
|switch|p1a: Nidoqueen|Nidoqueen, F|313\/350
|move|p2a: Lucario|Close Combat|p1a: Nidoqueen
|-resisted|p1a: Nidoqueen
|-damage|p1a: Nidoqueen|166\/350
|-unboost|p2a: Lucario|def|1
|-unboost|p2a: Lucario|spd|1
|-damage|p2a: Lucario|253\/281|[from] item: Life Orb
|
|turn|10
|
|switch|p2a: Nidoqueen|Nidoqueen, F|374\/374
|move|p1a: Nidoqueen|Earth Power|p2a: Nidoqueen
|-supereffective|p2a: Nidoqueen
|-damage|p2a: Nidoqueen|0 fnt
|faint|p2a: Nidoqueen
|
|
|switch|p2a: Absol|Absol-Mega, F|271\/271
|turn|11
|
|move|p2a: Absol|Swords Dance|p2a: Absol
|-boost|p2a: Absol|atk|2
|move|p1a: Nidoqueen|Sludge Wave|p2a: Absol
|-damage|p2a: Absol|0 fnt
|faint|p2a: Absol
|
|
|switch|p2a: Lucario|Lucario, M|253\/281
|turn|12
|c|âStarmaster|gg
|
|move|p2a: Lucario|Close Combat|p1a: Nidoqueen
|-resisted|p1a: Nidoqueen
|-damage|p1a: Nidoqueen|7\/350
|-unboost|p2a: Lucario|def|1
|-unboost|p2a: Lucario|spd|1
|-damage|p2a: Lucario|225\/281|[from] item: Life Orb
|move|p1a: Nidoqueen|Earth Power|p2a: Lucario
|-supereffective|p2a: Lucario
|-damage|p2a: Lucario|0 fnt
|faint|p2a: Lucario
|
|win|Starmaster
|raw|Ladder updating...
|raw|Starmaster's rating: 1577 &rarr; <strong>1591<\/strong><br \/>(+14 for winning)
|raw|jeythegrey's rating: 1474 &rarr; <strong>1459<\/strong><br \/>(-15 for losing)
|leave|jeythegrey
|player|p2