|join|JeyTheGrey
|join|DrinkWaterPT
|player|p1|JeyTheGrey|163
|player|p2|DrinkWaterPT|161
|gametype|singles
|gen|6
|tier|UU
|rated
|rule|Sleep Clause Mod: Limit one foe put to sleep
|rule|Species Clause: Limit one of each PokÃ©mon
|rule|OHKO Clause: OHKO moves are banned
|rule|Moody Clause: Moody is banned
|rule|Evasion Moves Clause: Evasion moves are banned
|rule|Endless Battle Clause: Forcing endless battles is banned
|rule|HP Percentage Mod: HP is shown in percentages
|clearpoke
|poke|p1|Alakazam, F
|poke|p1|Crobat, F
|poke|p1|Swampert, M
|poke|p1|Florges, F
|poke|p1|Hydreigon, F
|poke|p1|Lucario, M
|poke|p2|Ampharos, F
|poke|p2|Mienshao, M
|poke|p2|Jirachi
|poke|p2|Swampert, F
|poke|p2|Lucario, F
|poke|p2|Hydreigon, F
|rule|Swagger Clause: Swagger is banned
|rule|Baton Pass Clause: Limit one PokÃ©mon knowing Baton Pass
|teampreview
|
|start
|switch|p1a: Hydreigon|Hydreigon, F|325\/325
|switch|p2a: Fatass|Swampert, F|401\/401
|turn|1
|
|move|p1a: Hydreigon|Dark Pulse|p2a: Fatass
|-damage|p2a: Fatass|271\/401
|move|p2a: Fatass|Stealth Rock|p1a: Hydreigon
|-sidestart|p1: JeyTheGrey|move: Stealth Rock
|
|-heal|p2a: Fatass|296\/401|[from] item: Leftovers
|turn|2
|
|switch|p1a: Swampert|Swampert, M|404\/404
|-damage|p1a: Swampert|379\/404|[from] Stealth Rock
|move|p2a: Fatass|Earthquake|p1a: Swampert
|-damage|p1a: Swampert|283\/404
|
|-heal|p2a: Fatass|321\/401|[from] item: Leftovers
|-heal|p1a: Swampert|308\/404|[from] item: Leftovers
|turn|3
|
|move|p2a: Fatass|Scald|p1a: Swampert
|-damage|p1a: Swampert|212\/404
|move|p1a: Swampert|Scald|p2a: Fatass
|-damage|p2a: Fatass|242\/401
|
|-heal|p1a: Swampert|237\/404|[from] item: Leftovers
|-heal|p2a: Fatass|267\/401|[from] item: Leftovers
|turn|4
|
|switch|p1a: Florges|Florges, F|360\/360
|-damage|p1a: Florges|315\/360|[from] Stealth Rock
|move|p2a: Fatass|Scald|p1a: Florges
|-damage|p1a: Florges|252\/360
|
|-heal|p1a: Florges|274\/360|[from] item: Leftovers
|-heal|p2a: Fatass|292\/401|[from] item: Leftovers
|turn|5
|
|switch|p2a: Goin4hax|Jirachi|342\/342
|move|p1a: Florges|Wish|p1a: Florges
|
|-heal|p1a: Florges|296\/360|[from] item: Leftovers
|turn|6
|
|switch|p1a: Swampert|Swampert, M|237\/404
|-damage|p1a: Swampert|212\/404|[from] Stealth Rock
|move|p2a: Goin4hax|U-turn|p1a: Swampert
|-damage|p1a: Swampert|153\/404
|
|switch|p2a: Latios a shit|Hydreigon, F|326\/326
|
|-heal|p1a: Swampert|333\/404|[from] move: Wish|[wisher] Florges
|-heal|p1a: Swampert|358\/404|[from] item: Leftovers
|turn|7
|
|switch|p1a: Florges|Florges, F|296\/360
|-damage|p1a: Florges|251\/360|[from] Stealth Rock
|move|p2a: Latios a shit|Dark Pulse|p1a: Florges
|-resisted|p1a: Florges
|-damage|p1a: Florges|189\/360
|-damage|p2a: Latios a shit|294\/326|[from] item: Life Orb
|
|-heal|p1a: Florges|211\/360|[from] item: Leftovers
|turn|8
|
|switch|p2a: Goin4hax|Jirachi|342\/342
|move|p1a: Florges|Wish|p1a: Florges
|
|-heal|p1a: Florges|233\/360|[from] item: Leftovers
|turn|9
|
|move|p1a: Florges|Protect|p1a: Florges
|-singleturn|p1a: Florges|Protect
|move|p2a: Goin4hax|Iron Head|p1a: Florges
|-activate|p1a: Florges|Protect
|
|-heal|p1a: Florges|360\/360|[from] move: Wish|[wisher] Florges
|turn|10
|
|switch|p2a: Latios a shit|Hydreigon, F|294\/326
|move|p1a: Florges|Moonblast|p2a: Latios a shit
|-supereffective|p2a: Latios a shit
|-damage|p2a: Latios a shit|0 fnt
|faint|p2a: Latios a shit
|
|
|switch|p2a: Muh Sweep|Lucario, F|282\/282
|turn|11
|
|move|p2a: Muh Sweep|Iron Tail|p1a: Florges|[miss]
|-miss|p2a: Muh Sweep|p1a: Florges
|move|p1a: Florges|Moonblast|p2a: Muh Sweep
|-damage|p2a: Muh Sweep|111\/282
|
|turn|12
|
|switch|p1a: Swampert|Swampert, M|358\/404
|-damage|p1a: Swampert|333\/404|[from] Stealth Rock
|move|p2a: Muh Sweep|Iron Tail|p1a: Swampert|[miss]
|-miss|p2a: Muh Sweep|p1a: Swampert
|
|-heal|p1a: Swampert|358\/404|[from] item: Leftovers
|turn|13
|
|switch|p2a: Fatass|Swampert, F|292\/401
|move|p1a: Swampert|Earthquake|p2a: Fatass
|-damage|p2a: Fatass|175\/401
|
|-heal|p2a: Fatass|200\/401|[from] item: Leftovers
|-heal|p1a: Swampert|383\/404|[from] item: Leftovers
|turn|14
|
|switch|p1a: Florges|Florges, F|360\/360
|-damage|p1a: Florges|315\/360|[from] Stealth Rock
|move|p2a: Fatass|Scald|p1a: Florges
|-damage|p1a: Florges|263\/360
|
|-heal|p1a: Florges|285\/360|[from] item: Leftovers
|-heal|p2a: Fatass|225\/401|[from] item: Leftovers
|turn|15
|
|move|p1a: Florges|Moonblast|p2a: Fatass
|-damage|p2a: Fatass|116\/401
|move|p2a: Fatass|Scald|p1a: Florges
|-damage|p1a: Florges|206\/360
|
|-heal|p1a: Florges|228\/360|[from] item: Leftovers
|-heal|p2a: Fatass|141\/401|[from] item: Leftovers
|turn|16
|
|move|p1a: Florges|Moonblast|p2a: Fatass
|-damage|p2a: Fatass|27\/401
|move|p2a: Fatass|Scald|p1a: Florges
|-damage|p1a: Florges|146\/360
|
|-heal|p1a: Florges|168\/360|[from] item: Leftovers
|-heal|p2a: Fatass|52\/401|[from] item: Leftovers
|turn|17
|
|move|p2a: Fatass|Protect|p2a: Fatass
|-singleturn|p2a: Fatass|Protect
|move|p1a: Florges|Moonblast|p2a: Fatass
|-activate|p2a: Fatass|Protect
|
|-heal|p1a: Florges|190\/360|[from] item: Leftovers
|-heal|p2a: Fatass|77\/401|[from] item: Leftovers
|turn|18
|
|switch|p2a: Goin4hax|Jirachi|342\/342
|move|p1a: Florges|Moonblast|p2a: Goin4hax
|-resisted|p2a: Goin4hax
|-damage|p2a: Goin4hax|278\/342
|
|-heal|p1a: Florges|212\/360|[from] item: Leftovers
|turn|19
|
|move|p1a: Florges|Protect|p1a: Florges
|-singleturn|p1a: Florges|Protect
|move|p2a: Goin4hax|Trick|p1a: Florges
|-activate|p1a: Florges|Protect
|
|-heal|p1a: Florges|234\/360|[from] item: Leftovers
|turn|20
|
|switch|p1a: Alakazam|Alakazam, F|252\/252
|move|p2a: Goin4hax|Trick|p1a: Alakazam
|-fail|p1a: Alakazam
|
|turn|21
|
|switch|p2a: Fatass|Swampert, F|77\/401
|detailschange|p1a: Alakazam|Alakazam-Mega, F
|message|Alakazam has Mega Evolved into Mega Alakazam!
|-ability|p1a: Alakazam|Torrent|[from] ability: Trace|[of] p2a: Fatass
|move|p1a: Alakazam|Psyshock|p2a: Fatass
|-damage|p2a: Fatass|0 fnt
|faint|p2a: Fatass
|
|
|switch|p2a: Goin4hax|Jirachi|278\/342
|turn|22
|
|switch|p1a: Crobat|Crobat, F|311\/311
|-damage|p1a: Crobat|234\/311|[from] Stealth Rock
|move|p2a: Goin4hax|U-turn|p1a: Crobat
|-resisted|p1a: Crobat
|-damage|p1a: Crobat|215\/311
|
|switch|p2a: Holy Sheep|Ampharos, F|369\/369
|
|-heal|p1a: Crobat|234\/311|[from] item: Leftovers
|turn|23
|
|detailschange|p2a: Holy Sheep|Ampharos-Mega, F
|message|Ampharos has Mega Evolved into Mega Ampharos!
|-ability|p2a: Holy Sheep|Mold Breaker
|move|p1a: Crobat|Defog|p2a: Holy Sheep
|-unboost|p2a: Holy Sheep|evasion|1
|-sideend|p1: JeyTheGrey|Stealth Rock|[from] move: Defog|[of] p1a: Crobat
|move|p2a: Holy Sheep|Dragon Pulse|p1a: Crobat
|-damage|p1a: Crobat|14\/311
|
|-heal|p1a: Crobat|33\/311|[from] item: Leftovers
|turn|24
|
|move|p1a: Crobat|U-turn|p2a: Holy Sheep
|-damage|p2a: Holy Sheep|310\/369
|
|switch|p1a: Swampert|Swampert, M|383\/404
|move|p2a: Holy Sheep|Volt Switch|p1a: Swampert
|-immune|p1a: Swampert|[msg]
|
|-heal|p1a: Swampert|404\/404|[from] item: Leftovers
|turn|25
|
|move|p2a: Holy Sheep|Dragon Pulse|p1a: Swampert
|-damage|p1a: Swampert|197\/404
|move|p1a: Swampert|Earthquake|p2a: Holy Sheep
|-supereffective|p2a: Holy Sheep
|-damage|p2a: Holy Sheep|76\/369
|
|-heal|p1a: Swampert|222\/404|[from] item: Leftovers
|turn|26
|
|switch|p2a: Muh Sweep|Lucario, F|111\/282
|switch|p1a: Florges|Florges, F|234\/360
|
|-heal|p1a: Florges|256\/360|[from] item: Leftovers
|turn|27
|
|switch|p1a: Crobat|Crobat, F|33\/311
|move|p2a: Muh Sweep|Iron Tail|p1a: Crobat|[miss]
|-miss|p2a: Muh Sweep|p1a: Crobat
|
|-heal|p1a: Crobat|52\/311|[from] item: Leftovers
|turn|28
|
|move|p2a: Muh Sweep|Extreme Speed|p1a: Crobat
|-damage|p1a: Crobat|0 fnt
|-damage|p2a: Muh Sweep|83\/282|[from] item: Life Orb
|faint|p1a: Crobat
|
|
|switch|p1a: Hydreigon|Hydreigon, F|325\/325
|turn|29
|
|move|p1a: Hydreigon|Draco Meteor|p2a: Muh Sweep
|-resisted|p2a: Muh Sweep
|-damage|p2a: Muh Sweep|0 fnt
|-unboost|p1a: Hydreigon|spa|2
|faint|p2a: Muh Sweep
|
|
|switch|p2a: Sifu|Mienshao, M|271\/271
|turn|30
|
|switch|p1a: Florges|Florges, F|256\/360
|move|p2a: Sifu|U-turn|p1a: Florges
|-resisted|p1a: Florges
|-damage|p1a: Florges|220\/360
|
|switch|p2a: Goin4hax|Jirachi|278\/342
|
|-heal|p1a: Florges|242\/360|[from] item: Leftovers
|turn|31
|
|move|p1a: Florges|Protect|p1a: Florges
|-singleturn|p1a: Florges|Protect
|move|p2a: Goin4hax|Iron Head|p1a: Florges
|-activate|p1a: Florges|Protect
|
|-heal|p1a: Florges|264\/360|[from] item: Leftovers
|turn|32
|
|switch|p1a: Swampert|Swampert, M|222\/404
|move|p2a: Goin4hax|Iron Head|p1a: Swampert
|-resisted|p1a: Swampert
|-damage|p1a: Swampert|176\/404
|
|-heal|p1a: Swampert|201\/404|[from] item: Leftovers
|turn|33
|
|move|p2a: Goin4hax|Iron Head|p1a: Swampert
|-resisted|p1a: Swampert
|-damage|p1a: Swampert|153\/404
|move|p1a: Swampert|Earthquake|p2a: Goin4hax
|-crit|p2a: Goin4hax
|-supereffective|p2a: Goin4hax
|-damage|p2a: Goin4hax|0 fnt
|faint|p2a: Goin4hax
|
|-heal|p1a: Swampert|178\/404|[from] item: Leftovers
|
|switch|p2a: Holy Sheep|Ampharos-Mega, F|76\/369
|-ability|p2a: Holy Sheep|Mold Breaker
|turn|34
|
|switch|p1a: Florges|Florges, F|264\/360
|move|p2a: Holy Sheep|Thunderbolt|p1a: Florges
|-crit|p1a: Florges
|-damage|p1a: Florges|53\/360
|
|-heal|p1a: Florges|75\/360|[from] item: Leftovers
|turn|35
|
|move|p1a: Florges|Moonblast|p2a: Holy Sheep
|-supereffective|p2a: Holy Sheep
|-damage|p2a: Holy Sheep|0 fnt
|faint|p2a: Holy Sheep
|
|-heal|p1a: Florges|97\/360|[from] item: Leftovers
|
|switch|p2a: Sifu|Mienshao, M|271\/271
|turn|36
|
|move|p1a: Florges|Protect|p1a: Florges
|-singleturn|p1a: Florges|Protect
|move|p2a: Sifu|High Jump Kick|p1a: Florges
|-activate|p1a: Florges|Protect
|-damage|p2a: Sifu|136\/271|[from] highjumpkick
|
|-heal|p1a: Florges|119\/360|[from] item: Leftovers
|turn|37
|
|move|p1a: Florges|Protect|p1a: Florges
|-fail|p1a: Florges
|move|p2a: Sifu|High Jump Kick|p1a: Florges
|-resisted|p1a: Florges
|-damage|p1a: Florges|0 fnt
|faint|p1a: Florges
|
|
|switch|p1a: Alakazam|Alakazam-Mega, F|252\/252
|-ability|p1a: Alakazam|Reckless|[from] ability: Trace|[of] p2a: Sifu
|turn|38
|
|move|p2a: Sifu|High Jump Kick|p1a: Alakazam
|-resisted|p1a: Alakazam
|-damage|p1a: Alakazam|55\/252
|move|p1a: Alakazam|Psyshock|p2a: Sifu
|-supereffective|p2a: Sifu
|-damage|p2a: Sifu|0 fnt
|faint|p2a: Sifu
|
|win|JeyTheGrey
|raw|Ladder updating...
|raw|JeyTheGrey's rating: 1645 &rarr; <strong>1657<\/strong><br \/>(+12 for winning)
|raw|DrinkWaterPT's rating: 1501 &rarr; <strong>1489<\/strong><br \/>(-12 for losing)
|leave|DrinkWaterPT
|player|p2