|join|yesbefore
|join|JeyTheGrey
|player|p1|yesbefore|2
|player|p2|JeyTheGrey|163
|gametype|singles
|gen|6
|tier|UU
|rated
|rule|Sleep Clause Mod: Limit one foe put to sleep
|rule|Species Clause: Limit one of each PokÃ©mon
|rule|OHKO Clause: OHKO moves are banned
|rule|Moody Clause: Moody is banned
|rule|Evasion Moves Clause: Evasion moves are banned
|rule|Endless Battle Clause: Forcing endless battles is banned
|rule|HP Percentage Mod: HP is shown in percentages
|clearpoke
|poke|p1|Umbreon, F
|poke|p1|Hitmonlee, M, shiny
|poke|p1|Sableye, F, shiny
|poke|p1|Mienshao, F, shiny
|poke|p1|Milotic, M, shiny
|poke|p1|Metagross, shiny
|poke|p2|Alakazam, M
|poke|p2|Crobat, F
|poke|p2|Swampert, M
|poke|p2|Florges, F
|poke|p2|Hydreigon, F
|poke|p2|Lucario, F
|rule|Swagger Clause: Swagger is banned
|rule|Baton Pass Clause: Limit one PokÃ©mon knowing Baton Pass
|teampreview
|
|start
|switch|p1a: XFucktor|Metagross, shiny|363\/363
|switch|p2a: Crobat|Crobat, F|311\/311
|turn|1
|
|move|p2a: Crobat|U-turn|p1a: XFucktor
|-damage|p1a: XFucktor|314\/363
|
|switch|p2a: Swampert|Swampert, M|404\/404
|move|p1a: XFucktor|Zen Headbutt|p2a: Swampert|[miss]
|-miss|p1a: XFucktor|p2a: Swampert
|
|-heal|p1a: XFucktor|336\/363|[from] item: Leftovers
|turn|2
|
|move|p1a: XFucktor|Stealth Rock|p2a: Swampert
|-sidestart|p2: JeyTheGrey|move: Stealth Rock
|move|p2a: Swampert|Earthquake|p1a: XFucktor
|-supereffective|p1a: XFucktor
|-damage|p1a: XFucktor|142\/363
|
|-heal|p1a: XFucktor|164\/363|[from] item: Leftovers
|turn|3
|
|switch|p1a: YellowSubmarine|Sableye, F, shiny|303\/303
|move|p2a: Swampert|Earthquake|p1a: YellowSubmarine
|-damage|p1a: YellowSubmarine|182\/303
|
|-heal|p1a: YellowSubmarine|200\/303|[from] item: Leftovers
|turn|4
|
|move|p2a: Swampert|Scald|p1a: YellowSubmarine
|-damage|p1a: YellowSubmarine|83\/303
|move|p1a: YellowSubmarine|Knock Off|p2a: Swampert
|-crit|p2a: Swampert
|-damage|p2a: Swampert|304\/404
|-enditem|p2a: Swampert|Leftovers|[from] move: Knock Off|[of] p1a: YellowSubmarine
|
|-heal|p1a: YellowSubmarine|101\/303|[from] item: Leftovers
|turn|5
|
|switch|p1a: LemonHaze|Milotic, M, shiny|393\/393
|move|p2a: Swampert|Scald|p1a: LemonHaze
|-resisted|p1a: LemonHaze
|-damage|p1a: LemonHaze|366\/393
|
|-heal|p1a: LemonHaze|390\/393|[from] item: Leftovers
|turn|6
|
|switch|p2a: Florges|Florges, F|360\/360
|-damage|p2a: Florges|315\/360|[from] Stealth Rock
|move|p1a: LemonHaze|Toxic|p2a: Florges
|-status|p2a: Florges|tox
|
|-heal|p1a: LemonHaze|393\/393|[from] item: Leftovers
|-heal|p2a: Florges|337\/360 tox|[from] item: Leftovers
|-damage|p2a: Florges|315\/360 tox|[from] psn
|turn|7
|
|switch|p1a: XFucktor|Metagross, shiny|164\/363
|move|p2a: Florges|Wish|p2a: Florges
|
|-heal|p2a: Florges|337\/360 tox|[from] item: Leftovers
|-heal|p1a: XFucktor|186\/363|[from] item: Leftovers
|-damage|p2a: Florges|293\/360 tox|[from] psn
|turn|8
|
|switch|p2a: Swampert|Swampert, M|304\/404
|-damage|p2a: Swampert|279\/404|[from] Stealth Rock
|move|p1a: XFucktor|Bullet Punch|p2a: Swampert
|-resisted|p2a: Swampert
|-damage|p2a: Swampert|246\/404
|
|-heal|p2a: Swampert|404\/404|[from] move: Wish|[wisher] Florges
|-heal|p1a: XFucktor|208\/363|[from] item: Leftovers
|turn|9
|
|switch|p1a: LemonHaze|Milotic, M, shiny|393\/393
|move|p2a: Swampert|Earthquake|p1a: LemonHaze
|-damage|p1a: LemonHaze|263\/393
|
|-heal|p1a: LemonHaze|287\/393|[from] item: Leftovers
|turn|10
|
|switch|p2a: Florges|Florges, F|293\/360 tox
|-damage|p2a: Florges|248\/360 tox|[from] Stealth Rock
|move|p1a: LemonHaze|Toxic|p2a: Florges
|-fail|p2a: Florges|tox
|
|-heal|p1a: LemonHaze|311\/393|[from] item: Leftovers
|-heal|p2a: Florges|270\/360 tox|[from] item: Leftovers
|-damage|p2a: Florges|248\/360 tox|[from] psn
|turn|11
|
|switch|p1a: XFucktor|Metagross, shiny|208\/363
|move|p2a: Florges|Wish|p2a: Florges
|
|-heal|p2a: Florges|270\/360 tox|[from] item: Leftovers
|-heal|p1a: XFucktor|230\/363|[from] item: Leftovers
|-damage|p2a: Florges|226\/360 tox|[from] psn
|turn|12
|
|switch|p1a: LemonHaze|Milotic, M, shiny|311\/393
|move|p2a: Florges|Aromatherapy|p2a: Florges
|-cureteam|p2a: Florges|[from] move: Aromatherapy
|
|-heal|p2a: Florges|360\/360|[from] move: Wish|[wisher] Florges
|-heal|p1a: LemonHaze|335\/393|[from] item: Leftovers
|turn|13
|
|move|p1a: LemonHaze|Scald|p2a: Florges
|-damage|p2a: Florges|297\/360
|move|p2a: Florges|Moonblast|p1a: LemonHaze
|-damage|p1a: LemonHaze|254\/393
|
|-heal|p1a: LemonHaze|278\/393|[from] item: Leftovers
|-heal|p2a: Florges|319\/360|[from] item: Leftovers
|turn|14
|
|switch|p1a: XFucktor|Metagross, shiny|230\/363
|switch|p2a: Crobat|Crobat, F|311\/311
|-damage|p2a: Crobat|234\/311|[from] Stealth Rock
|
|-heal|p2a: Crobat|253\/311|[from] item: Leftovers
|-heal|p1a: XFucktor|252\/363|[from] item: Leftovers
|turn|15
|
|switch|p1a: PurpleHaze|Mienshao, F, shiny|271\/271
|move|p2a: Crobat|U-turn|p1a: PurpleHaze
|-resisted|p1a: PurpleHaze
|-damage|p1a: PurpleHaze|219\/271
|
|switch|p2a: Swampert|Swampert, M|404\/404
|-damage|p2a: Swampert|379\/404|[from] Stealth Rock
|
|turn|16
|
|move|p1a: PurpleHaze|High Jump Kick|p2a: Swampert
|-damage|p2a: Swampert|141\/404
|-damage|p1a: PurpleHaze|192\/271|[from] item: Life Orb
|move|p2a: Swampert|Stealth Rock|p1a: PurpleHaze
|-sidestart|p1: yesbefore|move: Stealth Rock
|
|turn|17
|
|move|p1a: PurpleHaze|Knock Off|p2a: Swampert
|-damage|p2a: Swampert|68\/404
|-damage|p1a: PurpleHaze|165\/271|[from] item: Life Orb
|move|p2a: Swampert|Earthquake|p1a: PurpleHaze
|-damage|p1a: PurpleHaze|0 fnt
|faint|p1a: PurpleHaze
|
|
|switch|p1a: LemonHaze|Milotic, M, shiny|278\/393
|-damage|p1a: LemonHaze|229\/393|[from] Stealth Rock
|turn|18
|
|switch|p1a: MyNigga|Umbreon, F|393\/393
|-damage|p1a: MyNigga|344\/393|[from] Stealth Rock
|switch|p2a: Florges|Florges, F|319\/360
|-damage|p2a: Florges|274\/360|[from] Stealth Rock
|
|-heal|p2a: Florges|296\/360|[from] item: Leftovers
|turn|19
|
|move|p2a: Florges|Wish|p2a: Florges
|move|p1a: MyNigga|Moonlight|p1a: MyNigga
|-heal|p1a: MyNigga|393\/393
|
|-heal|p2a: Florges|318\/360|[from] item: Leftovers
|turn|20
|
|switch|p2a: Lucario|Lucario, F|281\/281
|-damage|p2a: Lucario|273\/281|[from] Stealth Rock
|move|p1a: MyNigga|Curse|p1a: MyNigga
|-boost|p1a: MyNigga|atk|1
|-boost|p1a: MyNigga|def|1
|-unboost|p1a: MyNigga|spe|1
|
|-heal|p2a: Lucario|281\/281|[from] move: Wish|[wisher] Florges
|turn|21
|
|move|p2a: Lucario|Swords Dance|p2a: Lucario
|-boost|p2a: Lucario|atk|2
|move|p1a: MyNigga|Baton Pass|p1a: MyNigga
|
|switch|p1a: YellowSubmarine|Sableye, F, shiny|101\/303
|-damage|p1a: YellowSubmarine|64\/303|[from] Stealth Rock
|
|-heal|p1a: YellowSubmarine|82\/303|[from] item: Leftovers
|turn|22
|
|move|p1a: YellowSubmarine|Recover|p1a: YellowSubmarine
|-heal|p1a: YellowSubmarine|234\/303
|move|p2a: Lucario|Iron Tail|p1a: YellowSubmarine|[miss]
|-miss|p2a: Lucario|p1a: YellowSubmarine
|
|-heal|p1a: YellowSubmarine|252\/303|[from] item: Leftovers
|turn|23
|
|move|p1a: YellowSubmarine|Will-O-Wisp|p2a: Lucario
|-status|p2a: Lucario|brn
|move|p2a: Lucario|Iron Tail|p1a: YellowSubmarine
|-damage|p1a: YellowSubmarine|114\/303
|-damage|p2a: Lucario|253\/281 brn|[from] item: Life Orb
|
|-heal|p1a: YellowSubmarine|132\/303|[from] item: Leftovers
|-damage|p2a: Lucario|218\/281 brn|[from] brn
|turn|24
|
|switch|p2a: Florges|Florges, F|318\/360
|-damage|p2a: Florges|273\/360|[from] Stealth Rock
|move|p1a: YellowSubmarine|Recover|p1a: YellowSubmarine
|-heal|p1a: YellowSubmarine|284\/303
|
|-heal|p2a: Florges|295\/360|[from] item: Leftovers
|-heal|p1a: YellowSubmarine|302\/303|[from] item: Leftovers
|turn|25
|
|move|p1a: YellowSubmarine|Taunt|p2a: Florges
|-start|p2a: Florges|move: Taunt
|move|p2a: Florges|Moonblast|p1a: YellowSubmarine
|-supereffective|p1a: YellowSubmarine
|-damage|p1a: YellowSubmarine|0 fnt
|faint|p1a: YellowSubmarine
|
|-heal|p2a: Florges|317\/360|[from] item: Leftovers
|
|switch|p1a: MyNigga|Umbreon, F|393\/393
|-damage|p1a: MyNigga|344\/393|[from] Stealth Rock
|turn|26
|
|move|p2a: Florges|Moonblast|p1a: MyNigga
|-supereffective|p1a: MyNigga
|-damage|p1a: MyNigga|188\/393
|-enditem|p1a: MyNigga|Weakness Policy
|-boost|p1a: MyNigga|atk|2|[from] item: Weakness Policy
|-boost|p1a: MyNigga|spa|2|[from] item: Weakness Policy
|move|p1a: MyNigga|Curse|p1a: MyNigga
|-boost|p1a: MyNigga|atk|1
|-boost|p1a: MyNigga|def|1
|-unboost|p1a: MyNigga|spe|1
|
|-heal|p2a: Florges|339\/360|[from] item: Leftovers
|turn|27
|
|move|p2a: Florges|Moonblast|p1a: MyNigga
|-supereffective|p1a: MyNigga
|-damage|p1a: MyNigga|36\/393
|move|p1a: MyNigga|Moonlight|p1a: MyNigga
|-heal|p1a: MyNigga|232\/393
|
|-heal|p2a: Florges|360\/360|[from] item: Leftovers
|-end|p2a: Florges|move: Taunt
|turn|28
|
|move|p2a: Florges|Aromatherapy|p2a: Florges
|-cureteam|p2a: Florges|[from] move: Aromatherapy
|move|p1a: MyNigga|Moonlight|p1a: MyNigga
|-heal|p1a: MyNigga|393\/393
|
|turn|29
|
|switch|p2a: Lucario|Lucario, F|218\/281
|-damage|p2a: Lucario|210\/281|[from] Stealth Rock
|move|p1a: MyNigga|Curse|p1a: MyNigga
|-boost|p1a: MyNigga|atk|1
|-boost|p1a: MyNigga|def|1
|-unboost|p1a: MyNigga|spe|1
|
|turn|30
|
|move|p2a: Lucario|Swords Dance|p2a: Lucario
|-boost|p2a: Lucario|atk|2
|move|p1a: MyNigga|Baton Pass|p1a: MyNigga
|
|switch|p1a: BHulk|Hitmonlee, M, shiny|241\/241
|-damage|p1a: BHulk|226\/241|[from] Stealth Rock
|-enditem|p1a: BHulk|White Herb
|-restoreboost|p1a: BHulk|[silent]
|
|turn|31
|
|move|p2a: Lucario|Extreme Speed|p1a: BHulk
|-crit|p1a: BHulk
|-damage|p1a: BHulk|0 fnt
|-damage|p2a: Lucario|182\/281|[from] item: Life Orb
|faint|p1a: BHulk
|
|c|âyesbefore|lol
|c|âyesbefore|ok
|-message|yesbefore forfeited.
|
|win|JeyTheGrey
|raw|Ladder updating...
|leave|yesbefore
|player|p1
|raw|yesbefore's rating: 1506 &rarr; <strong>1494<\/strong><br \/>(-12 for losing)
|raw|JeyTheGrey's rating: 1657 &rarr; <strong>1668<\/strong><br \/>(+11 for winning)