|join|xMarth
|join|JeyTheGrey
|player|p1|xMarth|153
|player|p2|JeyTheGrey|2
|gametype|singles
|gen|6
|tier|UU
|rated
|rule|Sleep Clause Mod: Limit one foe put to sleep
|rule|Species Clause: Limit one of each PokÃ©mon
|rule|OHKO Clause: OHKO moves are banned
|rule|Moody Clause: Moody is banned
|rule|Evasion Moves Clause: Evasion moves are banned
|rule|Endless Battle Clause: Forcing endless battles is banned
|rule|HP Percentage Mod: HP is shown in percentages
|clearpoke
|poke|p1|Cresselia, F, shiny
|poke|p1|Dugtrio, M
|poke|p1|Granbull, M
|poke|p1|Vaporeon, M
|poke|p1|Forretress, F
|poke|p1|Aerodactyl, M
|poke|p2|Absol, M
|poke|p2|Nidoqueen, F
|poke|p2|Lucario, F
|poke|p2|Victini
|poke|p2|Crobat, F
|poke|p2|Suicune
|rule|Swagger Clause: Swagger is banned
|rule|Baton Pass Clause: Limit one PokÃ©mon knowing Baton Pass
|teampreview
|join|Emma Bae
|join|bspbattle24
|join|FreshBeedril
|join|sharkpedo
|c| sharkpedo|-
|join|BenzMafia
|c| FreshBeedril|-?
|join|DatGuyChuck
|c| FreshBeedril|Nice color scheme on your team there Jey.
|c| bspbattle24|That ho
|c| FreshBeedril|Very pretty all lined up there.
|
|start
|switch|p1a: Vaporeon|Vaporeon, M|450\/450
|switch|p2a: Absol|Absol, M|271\/271
|turn|1
|
|switch|p1a: Granbull|Granbull, M|384\/384
|-ability|p1a: Granbull|Intimidate|[of] p2a: Absol
|-unboost|p2a: Absol|atk|1
|detailschange|p2a: Absol|Absol-Mega, M
|message|Absol has Mega Evolved into Mega Absol!
|move|p2a: Absol|Swords Dance|p2a: Absol
|-boost|p2a: Absol|atk|2
|
|turn|2
|
|move|p2a: Absol|Iron Tail|p1a: Granbull
|-crit|p1a: Granbull
|-supereffective|p1a: Granbull
|-damage|p1a: Granbull|0 fnt
|faint|p1a: Granbull
|
|c| bspbattle24|ouch
|join|watfor
|c| DatGuyChuck|nice and crit
|c|âxMarth|crit mattered too
|c| DatGuyChuck|that didnt matter
|c| Emma Bae|lemme calc
|c| DatGuyChuck|+1 Absol?
|c| DatGuyChuck|iron tail?
|c| DatGuyChuck|Mega?
|c| DatGuyChuck|dont think so
|c| Emma Bae|are u defensive?
|c|âxMarth|+1 252 Atk Mega Absol Iron Tail vs. 252 HP \/ 232+ Def Granbull: 320-378 (83.3 - 98.4%) -- guaranteed 2HKO after Leftovers recovery
|join|nvrwannahearus
|
|switch|p1a: Aerodactyl|Aerodactyl, M|301\/301
|-ability|p1a: Aerodactyl|Pressure
|turn|3
|c| Emma Bae|damn :\/
|c| Emma Bae|um
|c| FreshBeedril|Why would you send out Aero?!
|c| Emma Bae|not sure about that play
|c|âJeyTheGrey|i know his spread that didn't matter
|c|âxMarth|turn 2 and already bad game
|c| DatGuyChuck|kek
|c| Emma Bae|he calced it right there
|c| Emma Bae|this guy
|
|switch|p2a: Suicune|Suicune|403\/403
|-ability|p2a: Suicune|Pressure
|detailschange|p1a: Aerodactyl|Aerodactyl-Mega, M
|message|Aerodactyl has Mega Evolved into Mega Aerodactyl!
|move|p1a: Aerodactyl|Stone Edge|p2a: Suicune|[miss]
|-miss|p1a: Aerodactyl|p2a: Suicune
|
|turn|4
|c| FreshBeedril|n\/m baiting him into Iron Tail for a switch.
|c| DatGuyChuck|*hits iron tail and crits*
|c| Emma Bae|hax counter:2
|c| DatGuyChuck|*marth stone miss*
|c| FreshBeedril|lol
|
|switch|p1a: Body Time|Cresselia, F, shiny|433\/433
|switch|p2a: Absol|Absol-Mega, M|271\/271
|
|turn|5
|c| DatGuyChuck|tru
|c| nvrwannahearus|it doesnt matter
|join|No Harness
|c| DatGuyChuck|prediction counter: 0.5?
|c| nvrwannahearus|this man knows all the spreads
|c| Emma Bae|lol
|
|switch|p1a: Aerodactyl|Aerodactyl-Mega, M|301\/301
|move|p2a: Absol|Knock Off|p1a: Aerodactyl
|-damage|p1a: Aerodactyl|172\/301
|
|turn|6
|c| Emma Bae|based imo
|c| FreshBeedril|This is the best impromptu group of looky-loos ever.
|
|switch|p2a: Suicune|Suicune|403\/403
|-ability|p2a: Suicune|Pressure
|move|p1a: Aerodactyl|Roost|p1a: Aerodactyl
|-heal|p1a: Aerodactyl|301\/301
|
|turn|7
|c| DatGuyChuck|kek
|c| DatGuyChuck|scald burns
|c| DatGuyChuck|are here
|c| DatGuyChuck|but vape exists
|
|switch|p1a: Vaporeon|Vaporeon, M|450\/450
|switch|p2a: Victini|Victini|341\/341
|
|turn|8
|c| Emma Bae|so does dugtrio ;)
|c| DatGuyChuck|hmm
|c| Emma Bae|i knew it
|c| watfor|inb4 sub PuP
|
|move|p2a: Victini|Trick|p1a: Vaporeon
|-activate|p2a: Victini|move: Trick|[of] p1a: Vaporeon
|-item|p1a: Vaporeon|Choice Scarf|[from] move: Trick
|-item|p2a: Victini|Leftovers|[from] move: Trick
|move|p1a: Vaporeon|Baton Pass|p1a: Vaporeon
|c| Emma Bae|if he went dug
|c| watfor|or that
|
|switch|p1a: Dugtrio|Dugtrio, M|211\/211
|
|turn|9
|c| Emma Bae|like me said
|c| DatGuyChuck|nb
|c| FreshBeedril|Suicune kinda creeps me out. I always think he's gonna do something creepy to me with those tentacle ribbon things.
|c| DatGuyChuck|choice scarfed baton pass
|
|move|p1a: Dugtrio|Earthquake|p2a: Victini
|-supereffective|p2a: Victini
|-damage|p2a: Victini|0 fnt
|faint|p2a: Victini
|
|c| Emma Bae|Xd
|c| DatGuyChuck|u
|
|switch|p2a: Crobat|Crobat, F|311\/311
|turn|10
|c| DatGuyChuck|u watch too much hentai
|c| DatGuyChuck|js
|c| FreshBeedril|Just the way they move.
|
|switch|p1a: Aerodactyl|Aerodactyl-Mega, M|301\/301
|move|p2a: Crobat|U-turn|p1a: Aerodactyl
|-resisted|p1a: Aerodactyl
|-damage|p1a: Aerodactyl|266\/301
|join|Shit in a Bucket
|
|switch|p2a: Suicune|Suicune|403\/403
|-ability|p2a: Suicune|Pressure
|
|turn|11
|
|switch|p1a: Body Time|Cresselia, F, shiny|433\/433
|move|p2a: Suicune|Scald|p1a: Body Time
|-damage|p1a: Body Time|364\/433
|-status|p1a: Body Time|brn
|
|-heal|p1a: Body Time|391\/433 brn|[from] item: Leftovers
|-damage|p1a: Body Time|337\/433 brn|[from] brn
|turn|12
|c| FreshBeedril|Ew, change your username Mr In A Bucket.
|c|âxMarth|and game
|c| DatGuyChuck|hax counter: 2.5
|
|switch|p2a: Absol|Absol-Mega, M|271\/271
|move|p1a: Body Time|Moonblast|p2a: Absol
|-supereffective|p2a: Absol
|-damage|p2a: Absol|67\/271
|
|-heal|p1a: Body Time|364\/433 brn|[from] item: Leftovers
|-damage|p1a: Body Time|310\/433 brn|[from] brn
|turn|13
|
|move|p2a: Absol|Iron Tail|p1a: Body Time
|-damage|p1a: Body Time|205\/433 brn
|move|p1a: Body Time|Moonblast|p2a: Absol
|-supereffective|p2a: Absol
|-damage|p2a: Absol|0 fnt
|faint|p2a: Absol
|
|-heal|p1a: Body Time|232\/433 brn|[from] item: Leftovers
|-damage|p1a: Body Time|178\/433 brn|[from] brn
|c| DatGuyChuck|or do scald burns not count towards the hax counter?
|c| No Harness|why iron tail
|c| Emma Bae|.5
|c| No Harness|gran bull is dead
|
|switch|p2a: Nidoqueen|Nidoqueen, F|374\/374
|turn|14
|c| Emma Bae|predicting aero
|c| DatGuyChuck|kk
|c| FreshBeedril|Given how much people moan and whine about scald, I'd say it counts.
|c|âxMarth|scald burn first turn counts
|
|move|p1a: Body Time|Psyshock|p2a: Nidoqueen
|-supereffective|p2a: Nidoqueen
|-damage|p2a: Nidoqueen|176\/374
|move|p2a: Nidoqueen|Sludge Wave|p1a: Body Time
|-damage|p1a: Body Time|0 fnt
|faint|p1a: Body Time
|
|
|switch|p1a: Dugtrio|Dugtrio, M|211\/211
|turn|15
|c| DatGuyChuck|go to crobat
|
|move|p1a: Dugtrio|Earthquake|p2a: Nidoqueen
|-supereffective|p2a: Nidoqueen
|-damage|p2a: Nidoqueen|0 fnt
|faint|p2a: Nidoqueen
|
|c| Shit in a Bucket|marth r u chirpsing
|c| bspbattle24|Cress has amazing bulk
|c| FreshBeedril|Nidoqueen's boob thingies look like eyes, and its belly thing looks like a mouth.
|
|switch|p2a: Suicune|Suicune|403\/403
|-ability|p2a: Suicune|Pressure
|turn|16
|c| bspbattle24|shame about typing tho
|c| DatGuyChuck|wtf
|
|switch|p1a: Forretress|Forretress, F|354\/354
|move|p2a: Suicune|Calm Mind|p2a: Suicune
|-boost|p2a: Suicune|spa|1
|-boost|p2a: Suicune|spd|1
|
|turn|17
|c| DatGuyChuck|stop freshbeedrill
|c| FreshBeedril|Sorry. I swear I don't have ADHD.
|
|move|p2a: Suicune|Scald|p1a: Forretress
|-damage|p1a: Forretress|224\/354
|move|p1a: Forretress|Stealth Rock|p2a: Suicune
|-sidestart|p2: JeyTheGrey|move: Stealth Rock
|
|-heal|p1a: Forretress|246\/354|[from] item: Leftovers
|turn|18
|c| bspbattle24|What have you been smoking?
|c| DatGuyChuck|omg
|
|switch|p1a: Vaporeon|Vaporeon, M|450\/450
|move|p2a: Suicune|Calm Mind|p2a: Suicune
|-boost|p2a: Suicune|spa|1
|-boost|p2a: Suicune|spd|1
|
|turn|19
|c| FreshBeedril|Just ate a manwich?
|c| DatGuyChuck|actual non-hax counter: 0.00000001
|c| No Harness|I just set that guy to ignore after he said that dumb stuff about suicune
|raw|<div class="broadcast-red"><b>Moderated chat was set to +!<\/b><br \/>Only users of rank + and higher can talk.<\/div>
|c|âxMarth|actually i still win lol
|
|move|p1a: Vaporeon|Baton Pass|p1a: Vaporeon
|
|switch|p1a: Forretress|Forretress, F|246\/354
|move|p2a: Suicune|Calm Mind|p2a: Suicune
|-boost|p2a: Suicune|spa|1
|-boost|p2a: Suicune|spd|1
|
|-heal|p1a: Forretress|268\/354|[from] item: Leftovers
|turn|20
|
|switch|p1a: Vaporeon|Vaporeon, M|450\/450
|move|p2a: Suicune|Scald|p1a: Vaporeon
|-immune|p1a: Vaporeon|[msg]
|
|turn|21
|
|move|p1a: Vaporeon|Baton Pass|p1a: Vaporeon
|
|switch|p1a: Forretress|Forretress, F|268\/354
|move|p2a: Suicune|Scald|p1a: Forretress
|-damage|p1a: Forretress|64\/354
|
|-heal|p1a: Forretress|86\/354|[from] item: Leftovers
|turn|22
|
|switch|p1a: Vaporeon|Vaporeon, M|450\/450
|move|p2a: Suicune|Calm Mind|p2a: Suicune
|-boost|p2a: Suicune|spa|1
|-boost|p2a: Suicune|spd|1
|
|turn|23
|c|âxMarth|or if i was slower i would hmm
|
|move|p1a: Vaporeon|Scald|p2a: Suicune
|-resisted|p2a: Suicune
|-damage|p2a: Suicune|388\/403
|move|p2a: Suicune|Scald|p1a: Vaporeon
|-immune|p1a: Vaporeon|[msg]
|
|-heal|p2a: Suicune|403\/403|[from] item: Leftovers
|turn|24
|
|switch|p1a: Forretress|Forretress, F|86\/354
|move|p2a: Suicune|Scald|p1a: Forretress
|-damage|p1a: Forretress|0 fnt
|faint|p1a: Forretress
|
|c|âxMarth|zzz 
|leave|nvrwannahearus
|-message|xMarth forfeited.
|
|win|JeyTheGrey
|raw|Ladder updating...
|leave|xMarth
|player|p1
|raw|xMarth's rating: 1754 &rarr; <strong>1725<\/strong><br \/>(-29 for losing)
|raw|JeyTheGrey's rating: 1580 &rarr; <strong>1609<\/strong><br \/>(+29 for winning)