|join|JeyTheGrey
|join|RayZ3_r
|player|p1|JeyTheGrey|2
|player|p2|RayZ3_r|293
|gametype|singles
|gen|6
|tier|UU
|rated
|rule|Sleep Clause Mod: Limit one foe put to sleep
|rule|Species Clause: Limit one of each PokÃ©mon
|rule|OHKO Clause: OHKO moves are banned
|rule|Moody Clause: Moody is banned
|rule|Evasion Moves Clause: Evasion moves are banned
|rule|Endless Battle Clause: Forcing endless battles is banned
|rule|HP Percentage Mod: HP is shown in percentages
|clearpoke
|poke|p1|Absol, M
|poke|p1|Nidoqueen, F
|poke|p1|Lucario, F
|poke|p1|Victini
|poke|p1|Crobat, F
|poke|p1|Suicune
|poke|p2|Victini
|poke|p2|Gligar, M
|poke|p2|Blastoise, M
|poke|p2|Florges, F
|poke|p2|Jirachi
|poke|p2|Sableye, M
|rule|Swagger Clause: Swagger is banned
|rule|Baton Pass Clause: Limit one PokÃ©mon knowing Baton Pass
|teampreview
|join|sharkpedo
|
|start
|switch|p1a: Absol|Absol, M|271\/271
|switch|p2a: Jirachi|Jirachi|404\/404
|turn|1
|
|detailschange|p1a: Absol|Absol-Mega, M
|message|Absol has Mega Evolved into Mega Absol!
|move|p1a: Absol|Knock Off|p2a: Jirachi
|-supereffective|p2a: Jirachi
|-damage|p2a: Jirachi|36\/404
|-enditem|p2a: Jirachi|Leftovers|[from] move: Knock Off|[of] p1a: Absol
|move|p2a: Jirachi|Stealth Rock|p1a: Absol
|move|p1a: Absol|Stealth Rock|p2a: Jirachi|[from]Magic Bounce
|-sidestart|p2: RayZ3_r|move: Stealth Rock
|
|turn|2
|c| sharkpedo|-
|
|move|p1a: Absol|Knock Off|p2a: Jirachi
|-supereffective|p2a: Jirachi
|-damage|p2a: Jirachi|0 fnt
|faint|p2a: Jirachi
|
|
|switch|p2a: Victini|Victini|341\/341
|-damage|p2a: Victini|256\/341|[from] Stealth Rock
|turn|3
|
|move|p1a: Absol|Sucker Punch|p2a: Victini
|-supereffective|p2a: Victini
|-damage|p2a: Victini|0 fnt
|faint|p2a: Victini
|
|c| sharkpedo|just send sableye
|c| sharkpedo|what other move is there to do
|
|switch|p2a: Florges|Florges, F|360\/360
|-damage|p2a: Florges|315\/360|[from] Stealth Rock
|turn|4
|
|switch|p1a: Nidoqueen|Nidoqueen, F|374\/374
|move|p2a: Florges|Moonblast|p1a: Nidoqueen
|-resisted|p1a: Nidoqueen
|-damage|p1a: Nidoqueen|302\/374
|
|-heal|p2a: Florges|337\/360|[from] item: Leftovers
|turn|5
|
|move|p1a: Nidoqueen|Sludge Wave|p2a: Florges
|-supereffective|p2a: Florges
|-damage|p2a: Florges|93\/360
|move|p2a: Florges|Moonblast|p1a: Nidoqueen
|-resisted|p1a: Nidoqueen
|-damage|p1a: Nidoqueen|232\/374
|-unboost|p1a: Nidoqueen|spa|1
|
|-heal|p2a: Florges|115\/360|[from] item: Leftovers
|turn|6
|
|move|p2a: Florges|Protect|p2a: Florges
|-singleturn|p2a: Florges|Protect
|move|p1a: Nidoqueen|Sludge Wave|p2a: Florges
|-activate|p2a: Florges|Protect
|
|-heal|p2a: Florges|137\/360|[from] item: Leftovers
|turn|7
|
|move|p1a: Nidoqueen|Sludge Wave|p2a: Florges
|-supereffective|p2a: Florges
|-damage|p2a: Florges|0 fnt
|faint|p2a: Florges
|
|
|switch|p2a: Blastoise|Blastoise, M|362\/362
|-damage|p2a: Blastoise|317\/362|[from] Stealth Rock
|turn|8
|
|switch|p1a: Suicune|Suicune|403\/403
|-ability|p1a: Suicune|Pressure
|detailschange|p2a: Blastoise|Blastoise-Mega, M
|message|Blastoise has Mega Evolved into Mega Blastoise!
|move|p2a: Blastoise|Dark Pulse|p1a: Suicune
|-damage|p1a: Suicune|290\/403
|
|-heal|p1a: Suicune|315\/403|[from] item: Leftovers
|turn|9
|
|move|p1a: Suicune|Calm Mind|p1a: Suicune
|-boost|p1a: Suicune|spa|1
|-boost|p1a: Suicune|spd|1
|move|p2a: Blastoise|Dark Pulse|p1a: Suicune
|-damage|p1a: Suicune|244\/403
|
|-heal|p1a: Suicune|269\/403|[from] item: Leftovers
|turn|10
|
|move|p1a: Suicune|Calm Mind|p1a: Suicune
|-boost|p1a: Suicune|spa|1
|-boost|p1a: Suicune|spd|1
|move|p2a: Blastoise|Dark Pulse|p1a: Suicune
|-damage|p1a: Suicune|212\/403
|
|-heal|p1a: Suicune|237\/403|[from] item: Leftovers
|turn|11
|
|move|p1a: Suicune|Calm Mind|p1a: Suicune
|-boost|p1a: Suicune|spa|1
|-boost|p1a: Suicune|spd|1
|move|p2a: Blastoise|Dark Pulse|p1a: Suicune
|-crit|p1a: Suicune
|-damage|p1a: Suicune|84\/403
|
|-heal|p1a: Suicune|109\/403|[from] item: Leftovers
|turn|12
|
|move|p1a: Suicune|Rest|p1a: Suicune
|-status|p1a: Suicune|slp
|-heal|p1a: Suicune|403\/403 slp|[silent]
|-status|p1a: Suicune|slp|[from] move: Rest
|move|p2a: Blastoise|Dark Pulse|p1a: Suicune
|-damage|p1a: Suicune|357\/403 slp
|
|-heal|p1a: Suicune|382\/403 slp|[from] item: Leftovers
|turn|13
|
|cant|p1a: Suicune|slp
|move|p1a: Suicune|Sleep Talk|p1a: Suicune
|move|p1a: Suicune|Rest|p1a: Suicune|[from]Sleep Talk
|-fail|p1a: Suicune
|move|p2a: Blastoise|Dark Pulse|p1a: Suicune
|-damage|p1a: Suicune|337\/403 slp
|
|-heal|p1a: Suicune|362\/403 slp|[from] item: Leftovers
|turn|14
|
|cant|p1a: Suicune|slp
|move|p1a: Suicune|Sleep Talk|p1a: Suicune
|move|p1a: Suicune|Calm Mind|p1a: Suicune|[from]Sleep Talk
|-boost|p1a: Suicune|spa|1
|-boost|p1a: Suicune|spd|1
|move|p2a: Blastoise|Dark Pulse|p1a: Suicune
|-damage|p1a: Suicune|326\/403 slp
|
|-heal|p1a: Suicune|351\/403 slp|[from] item: Leftovers
|turn|15
|
|-curestatus|p1a: Suicune|slp
|move|p1a: Suicune|Scald|p2a: Blastoise
|-resisted|p2a: Blastoise
|-damage|p2a: Blastoise|239\/362
|move|p2a: Blastoise|Dark Pulse|p1a: Suicune
|-crit|p1a: Suicune
|-damage|p1a: Suicune|178\/403
|
|-heal|p1a: Suicune|203\/403|[from] item: Leftovers
|turn|16
|
|move|p1a: Suicune|Scald|p2a: Blastoise
|-resisted|p2a: Blastoise
|-damage|p2a: Blastoise|155\/362
|move|p2a: Blastoise|Dark Pulse|p1a: Suicune
|-damage|p1a: Suicune|167\/403
|
|-heal|p1a: Suicune|192\/403|[from] item: Leftovers
|turn|17
|
|move|p1a: Suicune|Rest|p1a: Suicune
|-status|p1a: Suicune|slp
|-heal|p1a: Suicune|403\/403 slp|[silent]
|-status|p1a: Suicune|slp|[from] move: Rest
|move|p2a: Blastoise|Dark Pulse|p1a: Suicune
|-damage|p1a: Suicune|366\/403 slp
|
|-heal|p1a: Suicune|391\/403 slp|[from] item: Leftovers
|turn|18
|
|cant|p1a: Suicune|slp
|move|p1a: Suicune|Sleep Talk|p1a: Suicune
|move|p1a: Suicune|Rest|p1a: Suicune|[from]Sleep Talk
|-fail|p1a: Suicune
|move|p2a: Blastoise|Dark Pulse|p1a: Suicune
|-damage|p1a: Suicune|354\/403 slp
|
|-heal|p1a: Suicune|379\/403 slp|[from] item: Leftovers
|turn|19
|
|cant|p1a: Suicune|slp
|move|p1a: Suicune|Sleep Talk|p1a: Suicune
|move|p1a: Suicune|Scald|p2a: Blastoise|[from]Sleep Talk
|-resisted|p2a: Blastoise
|-damage|p2a: Blastoise|64\/362
|move|p2a: Blastoise|Dark Pulse|p1a: Suicune
|-damage|p1a: Suicune|343\/403 slp
|
|-heal|p1a: Suicune|368\/403 slp|[from] item: Leftovers
|turn|20
|
|-curestatus|p1a: Suicune|slp
|move|p1a: Suicune|Scald|p2a: Blastoise
|-resisted|p2a: Blastoise
|-damage|p2a: Blastoise|0 fnt
|faint|p2a: Blastoise
|
|-heal|p1a: Suicune|393\/403|[from] item: Leftovers
|
|switch|p2a: Gligar|Gligar, M|334\/334
|-damage|p2a: Gligar|293\/334|[from] Stealth Rock
|turn|21
|
|move|p1a: Suicune|Scald|p2a: Gligar
|-supereffective|p2a: Gligar
|-damage|p2a: Gligar|0 fnt
|faint|p2a: Gligar
|
|-heal|p1a: Suicune|403\/403|[from] item: Leftovers
|
|switch|p2a: Sableye|Sableye, M|304\/304
|-damage|p2a: Sableye|266\/304|[from] Stealth Rock
|turn|22
|
|move|p2a: Sableye|Will-O-Wisp|p1a: Suicune
|-status|p1a: Suicune|brn
|move|p1a: Suicune|Scald|p2a: Sableye
|-damage|p2a: Sableye|38\/304
|-status|p2a: Sableye|brn
|
|-heal|p2a: Sableye|57\/304 brn|[from] item: Leftovers
|-damage|p1a: Suicune|353\/403 brn|[from] brn
|-damage|p2a: Sableye|19\/304 brn|[from] brn
|turn|23
|
|move|p1a: Suicune|Scald|p2a: Sableye
|-damage|p2a: Sableye|0 fnt
|faint|p2a: Sableye
|
|win|JeyTheGrey
|raw|Ladder updating...
|raw|JeyTheGrey's rating: 1491 &rarr; <strong>1503<\/strong><br \/>(+12 for winning)
|raw|RayZ3_r's rating: 1346 &rarr; <strong>1334<\/strong><br \/>(-12 for losing)