|join|jeythegrey
|join|42O 42O 42O
|player|p1|jeythegrey|163
|player|p2|42O 42O 42O|265
|gametype|singles
|gen|6
|tier|UU
|rated
|rule|Sleep Clause Mod: Limit one foe put to sleep
|rule|Species Clause: Limit one of each PokÃ©mon
|rule|OHKO Clause: OHKO moves are banned
|rule|Moody Clause: Moody is banned
|rule|Evasion Moves Clause: Evasion moves are banned
|rule|Endless Battle Clause: Forcing endless battles is banned
|rule|HP Percentage Mod: HP is shown in percentages
|clearpoke
|poke|p1|Chesnaught, F
|poke|p1|Forretress, F
|poke|p1|Snorlax, F
|poke|p1|Altaria, F, shiny
|poke|p1|Chandelure, F
|poke|p1|Magneton
|poke|p2|Altaria, F
|poke|p2|Zygarde
|poke|p2|Entei, shiny
|poke|p2|Forretress, F
|poke|p2|Krookodile, M
|poke|p2|Hydreigon, M
|rule|Swagger Clause: Swagger is banned
|rule|Baton Pass Clause: Limit one PokÃ©mon knowing Baton Pass
|teampreview
|join|Accegor
|
|start
|switch|p1a: Altaria|Altaria, F, shiny|307\/307
|switch|p2a: Krookodile|Krookodile, M|394\/394
|-ability|p2a: Krookodile|Intimidate|[of] p1a: Altaria
|-unboost|p1a: Altaria|atk|1
|turn|1
|
|detailschange|p1a: Altaria|Altaria-Mega, F, shiny
|message|Altaria has Mega Evolved into Mega Altaria!
|move|p1a: Altaria|Frustration|p2a: Krookodile
|-supereffective|p2a: Krookodile
|-damage|p2a: Krookodile|46\/394
|move|p2a: Krookodile|Iron Tail|p1a: Altaria
|-supereffective|p1a: Altaria
|-damage|p1a: Altaria|0 fnt
|faint|p1a: Altaria
|
|
|switch|p1a: Chandelure|Chandelure, F|261\/261
|turn|2
|
|switch|p2a: Hydreigon|Hydreigon, M|388\/388
|move|p1a: Chandelure|Shadow Ball|p2a: Hydreigon
|-resisted|p2a: Hydreigon
|-damage|p2a: Hydreigon|334\/388
|
|-heal|p2a: Hydreigon|358\/388|[from] item: Leftovers
|turn|3
|
|switch|p1a: Snorlax|Snorlax, F|511\/511
|switch|p2a: Krookodile|Krookodile, M|46\/394
|-ability|p2a: Krookodile|Intimidate|[of] p1a: Snorlax
|-unboost|p1a: Snorlax|atk|1
|
|turn|4
|
|switch|p1a: Chesnaught|Chesnaught, F|365\/365
|move|p2a: Krookodile|Knock Off|p1a: Chesnaught
|-resisted|p1a: Chesnaught
|-damage|p1a: Chesnaught|281\/365
|-enditem|p1a: Chesnaught|Leftovers|[from] move: Knock Off|[of] p2a: Krookodile
|
|turn|5
|
|switch|p2a: Forretress|Forretress, F|354\/354
|move|p1a: Chesnaught|Leech Seed|p2a: Forretress
|-start|p2a: Forretress|move: Leech Seed
|
|-damage|p2a: Forretress|310\/354|[from] Leech Seed|[of] p1a: Chesnaught
|-heal|p1a: Chesnaught|325\/365|[silent]
|turn|6
|
|switch|p1a: Magneton|Magneton|241\/241
|move|p2a: Forretress|Volt Switch|p1a: Magneton
|-resisted|p1a: Magneton
|-damage|p1a: Magneton|216\/241
|
|switch|p2a: Entei|Entei, shiny|372\/372
|-ability|p2a: Entei|Pressure
|
|turn|7
|
|move|p2a: Entei|Bulldoze|p1a: Magneton
|-supereffective|p1a: Magneton
|-damage|p1a: Magneton|0 fnt
|faint|p1a: Magneton
|
|
|switch|p1a: Snorlax|Snorlax, F|511\/511
|turn|8
|
|switch|p2a: Zygarde|Zygarde|420\/420
|-ability|p2a: Zygarde|Aura Break
|move|p1a: Snorlax|Body Slam|p2a: Zygarde
|-damage|p2a: Zygarde|327\/420
|
|-heal|p2a: Zygarde|353\/420|[from] item: Leftovers
|turn|9
|
|move|p2a: Zygarde|Dragon Dance|p2a: Zygarde
|-boost|p2a: Zygarde|atk|1
|-boost|p2a: Zygarde|spe|1
|move|p1a: Snorlax|Whirlwind|p2a: Zygarde
|drag|p2a: Forretress|Forretress, F|310\/354
|
|-heal|p2a: Forretress|332\/354|[from] item: Leftovers
|turn|10
|
|move|p1a: Snorlax|Body Slam|p2a: Forretress
|-resisted|p2a: Forretress
|-damage|p2a: Forretress|299\/354
|move|p2a: Forretress|Stealth Rock|p1a: Snorlax
|-sidestart|p1: jeythegrey|move: Stealth Rock
|
|-heal|p2a: Forretress|321\/354|[from] item: Leftovers
|turn|11
|
|move|p1a: Snorlax|Body Slam|p2a: Forretress
|-resisted|p2a: Forretress
|-damage|p2a: Forretress|293\/354
|move|p2a: Forretress|Volt Switch|p1a: Snorlax
|-damage|p1a: Snorlax|485\/511
|
|switch|p2a: Krookodile|Krookodile, M|46\/394
|-ability|p2a: Krookodile|Intimidate|[of] p1a: Snorlax
|-unboost|p1a: Snorlax|atk|1
|
|-heal|p1a: Snorlax|511\/511|[from] item: Leftovers
|turn|12
|
|switch|p1a: Chesnaught|Chesnaught, F|325\/365
|-damage|p1a: Chesnaught|303\/365|[from] Stealth Rock
|move|p2a: Krookodile|Knock Off|p1a: Chesnaught
|-crit|p1a: Chesnaught
|-resisted|p1a: Chesnaught
|-damage|p1a: Chesnaught|219\/365
|
|turn|13
|
|switch|p2a: Forretress|Forretress, F|293\/354
|move|p1a: Chesnaught|Leech Seed|p2a: Forretress
|-start|p2a: Forretress|move: Leech Seed
|
|-heal|p2a: Forretress|315\/354|[from] item: Leftovers
|-damage|p2a: Forretress|271\/354|[from] Leech Seed|[of] p1a: Chesnaught
|-heal|p1a: Chesnaught|263\/365|[silent]
|turn|14
|
|move|p1a: Chesnaught|Spiky Shield|p1a: Chesnaught
|-singleturn|p1a: Chesnaught|move: Protect
|move|p2a: Forretress|Volt Switch|p1a: Chesnaught
|-activate|p1a: Chesnaught|move: Protect
|
|-heal|p2a: Forretress|293\/354|[from] item: Leftovers
|-damage|p2a: Forretress|249\/354|[from] Leech Seed|[of] p1a: Chesnaught
|-heal|p1a: Chesnaught|307\/365|[silent]
|turn|15
|
|move|p1a: Chesnaught|Spikes|p2a: Forretress
|-sidestart|p2: 42O 42O 42O|Spikes
|move|p2a: Forretress|Volt Switch|p1a: Chesnaught
|-resisted|p1a: Chesnaught
|-damage|p1a: Chesnaught|288\/365
|
|switch|p2a: Altaria|Altaria, F|354\/354
|
|turn|16
|
|switch|p1a: Forretress|Forretress, F|353\/353
|-damage|p1a: Forretress|309\/353|[from] Stealth Rock
|detailschange|p2a: Altaria|Altaria-Mega, F
|message|Altaria has Mega Evolved into Mega Altaria!
|move|p2a: Altaria|Substitute|p2a: Altaria
|-start|p2a: Altaria|Substitute
|-damage|p2a: Altaria|266\/354
|
|-heal|p1a: Forretress|331\/353|[from] item: Leftovers
|turn|17
|
|move|p2a: Altaria|Earthquake|p1a: Forretress
|-damage|p1a: Forretress|286\/353
|move|p1a: Forretress|Stealth Rock|p2a: Altaria
|-sidestart|p2: 42O 42O 42O|move: Stealth Rock
|
|-heal|p1a: Forretress|308\/353|[from] item: Leftovers
|turn|18
|
|move|p2a: Altaria|Earthquake|p1a: Forretress
|-damage|p1a: Forretress|255\/353
|move|p1a: Forretress|Rapid Spin|p2a: Altaria
|-activate|p2a: Altaria|Substitute|[damage]
|-sideend|p1: jeythegrey|Stealth Rock|[from] move: Rapid Spin|[of] p1a: Forretress
|
|-heal|p1a: Forretress|277\/353|[from] item: Leftovers
|turn|19
|
|move|p2a: Altaria|Earthquake|p1a: Forretress
|-damage|p1a: Forretress|225\/353
|move|p1a: Forretress|Gyro Ball|p2a: Altaria
|-supereffective|p2a: Altaria
|-end|p2a: Altaria|Substitute
|
|-heal|p1a: Forretress|247\/353|[from] item: Leftovers
|turn|20
|
|switch|p2a: Forretress|Forretress, F|249\/354
|-damage|p2a: Forretress|205\/354|[from] Stealth Rock
|-damage|p2a: Forretress|161\/354|[from] Spikes
|move|p1a: Forretress|Volt Switch|p2a: Forretress
|-damage|p2a: Forretress|104\/354
|
|switch|p1a: Chandelure|Chandelure, F|261\/261
|
|-heal|p2a: Forretress|126\/354|[from] item: Leftovers
|turn|21
|c| Accegor|get
|c| Accegor|fucking
|c| Accegor|predicted
|c| Accegor|lil
|c| Accegor|bitch
|c| Accegor|don't take it personally
|
|switch|p2a: Hydreigon|Hydreigon, M|358\/388
|-damage|p2a: Hydreigon|310\/388|[from] Stealth Rock
|move|p1a: Chandelure|Shadow Ball|p2a: Hydreigon
|-resisted|p2a: Hydreigon
|-damage|p2a: Hydreigon|255\/388
|
|-heal|p2a: Hydreigon|279\/388|[from] item: Leftovers
|turn|22
|c| Accegor|i'm just tired
|c|â42O 42O 42O|DAMN THIS GUY TALKING MAD SHIT
|
|switch|p1a: Snorlax|Snorlax, F|511\/511
|move|p2a: Hydreigon|Toxic|p1a: Snorlax|[miss]
|-miss|p2a: Hydreigon|p1a: Snorlax
|
|-heal|p2a: Hydreigon|303\/388|[from] item: Leftovers
|turn|23
|
|move|p2a: Hydreigon|Toxic|p1a: Snorlax
|-status|p1a: Snorlax|tox
|move|p1a: Snorlax|Body Slam|p2a: Hydreigon
|-damage|p2a: Hydreigon|177\/388
|
|-heal|p2a: Hydreigon|201\/388|[from] item: Leftovers
|-damage|p1a: Snorlax|480\/511 tox|[from] psn
|turn|24
|
|move|p2a: Hydreigon|Roost|p2a: Hydreigon
|-heal|p2a: Hydreigon|388\/388
|move|p1a: Snorlax|Body Slam|p2a: Hydreigon
|-damage|p2a: Hydreigon|271\/388
|
|-heal|p2a: Hydreigon|295\/388|[from] item: Leftovers
|-heal|p1a: Snorlax|511\/511 tox|[from] item: Leftovers
|-damage|p1a: Snorlax|449\/511 tox|[from] psn
|turn|25
|
|move|p2a: Hydreigon|Taunt|p1a: Snorlax
|-start|p1a: Snorlax|move: Taunt
|move|p1a: Snorlax|Body Slam|p2a: Hydreigon
|-damage|p2a: Hydreigon|177\/388
|
|-heal|p2a: Hydreigon|201\/388|[from] item: Leftovers
|-heal|p1a: Snorlax|480\/511 tox|[from] item: Leftovers
|-damage|p1a: Snorlax|387\/511 tox|[from] psn
|turn|26
|
|move|p2a: Hydreigon|Roost|p2a: Hydreigon
|-heal|p2a: Hydreigon|388\/388
|move|p1a: Snorlax|Body Slam|p2a: Hydreigon
|-damage|p2a: Hydreigon|265\/388
|
|-heal|p2a: Hydreigon|289\/388|[from] item: Leftovers
|-heal|p1a: Snorlax|418\/511 tox|[from] item: Leftovers
|-damage|p1a: Snorlax|294\/511 tox|[from] psn
|turn|27
|
|move|p2a: Hydreigon|Dark Pulse|p1a: Snorlax
|-damage|p1a: Snorlax|212\/511 tox
|move|p1a: Snorlax|Body Slam|p2a: Hydreigon
|-damage|p2a: Hydreigon|172\/388
|
|-heal|p2a: Hydreigon|196\/388|[from] item: Leftovers
|-heal|p1a: Snorlax|243\/511 tox|[from] item: Leftovers
|-damage|p1a: Snorlax|88\/511 tox|[from] psn
|-end|p1a: Snorlax|move: Taunt
|turn|28
|
|switch|p1a: Chandelure|Chandelure, F|261\/261
|move|p2a: Hydreigon|Taunt|p1a: Chandelure
|-start|p1a: Chandelure|move: Taunt
|
|-heal|p2a: Hydreigon|220\/388|[from] item: Leftovers
|turn|29
|
|move|p1a: Chandelure|Fire Blast|p2a: Hydreigon
|-resisted|p2a: Hydreigon
|-damage|p2a: Hydreigon|139\/388
|-status|p2a: Hydreigon|brn
|move|p2a: Hydreigon|Roost|p2a: Hydreigon
|-heal|p2a: Hydreigon|333\/388 brn
|
|-heal|p2a: Hydreigon|357\/388 brn|[from] item: Leftovers
|-damage|p2a: Hydreigon|309\/388 brn|[from] brn
|turn|30
|
|switch|p1a: Forretress|Forretress, F|247\/353
|move|p2a: Hydreigon|Toxic|p1a: Forretress
|-fail|p1a: Forretress
|
|-heal|p2a: Hydreigon|333\/388 brn|[from] item: Leftovers
|-heal|p1a: Forretress|269\/353|[from] item: Leftovers
|-damage|p2a: Hydreigon|285\/388 brn|[from] brn
|turn|31
|
|switch|p1a: Chesnaught|Chesnaught, F|288\/365
|move|p2a: Hydreigon|Dark Pulse|p1a: Chesnaught
|-crit|p1a: Chesnaught
|-resisted|p1a: Chesnaught
|-damage|p1a: Chesnaught|178\/365
|
|-heal|p2a: Hydreigon|309\/388 brn|[from] item: Leftovers
|-damage|p2a: Hydreigon|261\/388 brn|[from] brn
|turn|32
|
|move|p2a: Hydreigon|Toxic|p1a: Chesnaught
|-status|p1a: Chesnaught|tox
|move|p1a: Chesnaught|Drain Punch|p2a: Hydreigon
|-supereffective|p2a: Hydreigon
|-damage|p2a: Hydreigon|45\/388 brn
|-heal|p1a: Chesnaught|286\/365 tox|[from] drain|[of] p2a: Hydreigon
|
|-heal|p2a: Hydreigon|69\/388 brn|[from] item: Leftovers
|-damage|p2a: Hydreigon|21\/388 brn|[from] brn
|-damage|p1a: Chesnaught|264\/365 tox|[from] psn
|turn|33
|
|switch|p2a: Entei|Entei, shiny|372\/372
|-damage|p2a: Entei|279\/372|[from] Stealth Rock
|-damage|p2a: Entei|233\/372|[from] Spikes
|-ability|p2a: Entei|Pressure
|move|p1a: Chesnaught|Drain Punch|p2a: Entei
|-damage|p2a: Entei|128\/372
|-heal|p1a: Chesnaught|317\/365 tox|[from] drain|[of] p2a: Entei
|
|-damage|p1a: Chesnaught|273\/365 tox|[from] psn
|turn|34
|
|switch|p1a: Snorlax|Snorlax, F|88\/511 tox
|move|p2a: Entei|Bulldoze|p1a: Snorlax
|-damage|p1a: Snorlax|0 fnt
|faint|p1a: Snorlax
|
|
|switch|p1a: Chesnaught|Chesnaught, F|273\/365 tox
|turn|35
|c| Accegor|why do u have bulldoze
|c| Accegor|just interested
|c| Accegor|;D
|c| Accegor|in u
|c|â42O 42O 42O|who are you
|c| Accegor|i am pokemon number 617
|
|switch|p2a: Krookodile|Krookodile, M|46\/394
|-damage|p2a: Krookodile|22\/394|[from] Stealth Rock
|-damage|p2a: Krookodile|0 fnt|[from] Spikes
|faint|p2a: Krookodile
|move|p1a: Chesnaught|Spikes|p2: Krookodile
|-sidestart|p2: 42O 42O 42O|Spikes
|
|-damage|p1a: Chesnaught|251\/365 tox|[from] psn
|c| Accegor|more commonly known as
|c| Accegor|accelgor
|c| Accegor|dumbass
|
|switch|p2a: Forretress|Forretress, F|126\/354
|-damage|p2a: Forretress|67\/354|[from] Spikes
|-damage|p2a: Forretress|23\/354|[from] Stealth Rock
|turn|36
|
|move|p1a: Chesnaught|Drain Punch|p2a: Forretress
|-damage|p2a: Forretress|0 fnt
|-heal|p1a: Chesnaught|263\/365 tox|[from] drain|[of] p2a: Forretress
|faint|p2a: Forretress
|
|-damage|p1a: Chesnaught|219\/365 tox|[from] psn
|c| Accegor|i think u been blazin too much
|c|â42O 42O 42O|so hostile why
|
|switch|p2a: Zygarde|Zygarde|353\/420
|-damage|p2a: Zygarde|327\/420|[from] Stealth Rock
|-damage|p2a: Zygarde|257\/420|[from] Spikes
|-ability|p2a: Zygarde|Aura Break
|turn|37
|
|move|p2a: Zygarde|Outrage|p1a: Chesnaught
|-damage|p1a: Chesnaught|125\/365 tox
|move|p1a: Chesnaught|Leech Seed|p2a: Zygarde
|-start|p2a: Zygarde|move: Leech Seed
|
|-heal|p2a: Zygarde|283\/420|[from] item: Leftovers
|-damage|p2a: Zygarde|231\/420|[from] Leech Seed|[of] p1a: Chesnaught
|-heal|p1a: Chesnaught|177\/365 tox|[silent]
|-damage|p1a: Chesnaught|111\/365 tox|[from] psn
|turn|38
|
|switch|p1a: Forretress|Forretress, F|269\/353
|move|p2a: Zygarde|Outrage|p1a: Forretress
|-crit|p1a: Forretress
|-resisted|p1a: Forretress
|-damage|p1a: Forretress|206\/353
|
|-heal|p2a: Zygarde|257\/420|[from] item: Leftovers
|-heal|p1a: Forretress|228\/353|[from] item: Leftovers
|-damage|p2a: Zygarde|205\/420|[from] Leech Seed|[of] p1a: Forretress
|-heal|p1a: Forretress|280\/353|[silent]
|turn|39
|
|move|p2a: Zygarde|Outrage|p1a: Forretress
|-resisted|p1a: Forretress
|-damage|p1a: Forretress|236\/353
|move|p1a: Forretress|Gyro Ball|p2a: Zygarde
|-damage|p2a: Zygarde|130\/420
|
|-end|p2a: Zygarde|rampage
|-start|p2a: Zygarde|confusion
|-heal|p2a: Zygarde|156\/420|[from] item: Leftovers
|-heal|p1a: Forretress|258\/353|[from] item: Leftovers
|-damage|p2a: Zygarde|104\/420|[from] Leech Seed|[of] p1a: Forretress
|-heal|p1a: Forretress|310\/353|[silent]
|turn|40
|join|Shaneee
|leave|Shaneee
|c| Accegor|Nigga how
|c| Accegor|did
|c| Accegor|u
|c| Accegor|lose this
|c| Accegor|howwwwwwwwwww
|c|â42O 42O 42O|nigga plz
|c| Accegor|i do not understannnn
|
|-activate|p2a: Zygarde|confusion
|move|p2a: Zygarde|Earthquake|p1a: Forretress
|-damage|p1a: Forretress|237\/353
|move|p1a: Forretress|Volt Switch|p2a: Zygarde
|-immune|p2a: Zygarde|[msg]
|
|-heal|p2a: Zygarde|130\/420|[from] item: Leftovers
|-heal|p1a: Forretress|259\/353|[from] item: Leftovers
|-damage|p2a: Zygarde|78\/420|[from] Leech Seed|[of] p1a: Forretress
|-heal|p1a: Forretress|311\/353|[silent]
|turn|41
|c|â42O 42O 42O|gg
|-message|42O 42O 42O forfeited.
|
|win|jeythegrey
|raw|Ladder updating...
|leave|42O 42O 42O
|player|p2
|raw|jeythegrey's rating: 1276 &rarr; <strong>1295<\/strong><br \/>(+19 for winning)
|raw|42O 42O 42O's rating: 1188 &rarr; <strong>1170<\/strong><br \/>(-18 for losing)
|leave|Accegor