|join|dragalge tho
|join|JeyTheGrey
|player|p1|dragalge tho|121
|player|p2|JeyTheGrey|163
|gametype|singles
|gen|6
|tier|UU
|rated
|rule|Sleep Clause Mod: Limit one foe put to sleep
|rule|Species Clause: Limit one of each PokÃ©mon
|rule|OHKO Clause: OHKO moves are banned
|rule|Moody Clause: Moody is banned
|rule|Evasion Moves Clause: Evasion moves are banned
|rule|Endless Battle Clause: Forcing endless battles is banned
|rule|HP Percentage Mod: HP is shown in percentages
|clearpoke
|poke|p1|Diancie
|poke|p1|Dragalge, F
|poke|p1|Mienshao, M
|poke|p1|Krookodile, M
|poke|p1|Suicune
|poke|p1|Bronzong
|poke|p2|Chesnaught, F
|poke|p2|Forretress, F
|poke|p2|Snorlax, F
|poke|p2|Altaria, F, shiny
|poke|p2|Chandelure, F
|poke|p2|Magneton
|rule|Swagger Clause: Swagger is banned
|rule|Baton Pass Clause: Limit one PokÃ©mon knowing Baton Pass
|teampreview
|
|start
|switch|p1a: Dragalge|Dragalge, F|292\/292
|switch|p2a: Magneton|Magneton|241\/241
|turn|1
|
|move|p2a: Magneton|Volt Switch|p1a: Dragalge
|-resisted|p1a: Dragalge
|-damage|p1a: Dragalge|223\/292
|
|switch|p2a: Snorlax|Snorlax, F|511\/511
|move|p1a: Dragalge|Draco Meteor|p2a: Snorlax
|-damage|p2a: Snorlax|291\/511
|-unboost|p1a: Dragalge|spa|2
|
|-heal|p2a: Snorlax|322\/511|[from] item: Leftovers
|turn|2
|
|switch|p1a: Krookodile|Krookodile, M|331\/331
|-ability|p1a: Krookodile|Intimidate|[of] p2a: Snorlax
|-unboost|p2a: Snorlax|atk|1
|move|p2a: Snorlax|Body Slam|p1a: Krookodile
|-damage|p1a: Krookodile|247\/331
|
|-heal|p2a: Snorlax|353\/511|[from] item: Leftovers
|turn|3
|
|switch|p1a: Diancie|Diancie|241\/241
|switch|p2a: Chesnaught|Chesnaught, F|365\/365
|
|turn|4
|
|switch|p2a: Snorlax|Snorlax, F|353\/511
|detailschange|p1a: Diancie|Diancie-Mega
|message|Diancie has Mega Evolved into Mega Diancie!
|move|p1a: Diancie|Moonblast|p2a: Snorlax
|-damage|p2a: Snorlax|212\/511
|
|-heal|p2a: Snorlax|243\/511|[from] item: Leftovers
|turn|5
|
|switch|p1a: Bronzong|Bronzong|338\/338
|move|p2a: Snorlax|Rest|p2a: Snorlax
|-status|p2a: Snorlax|slp
|-heal|p2a: Snorlax|511\/511 slp|[silent]
|-status|p2a: Snorlax|slp|[from] move: Rest
|
|turn|6
|
|switch|p2a: Forretress|Forretress, F|353\/353
|move|p1a: Bronzong|Stealth Rock|p2a: Forretress
|-sidestart|p2: JeyTheGrey|move: Stealth Rock
|
|turn|7
|
|switch|p1a: Dragalge|Dragalge, F|223\/292
|move|p2a: Forretress|Stealth Rock|p1a: Dragalge
|-sidestart|p1: dragalge tho|move: Stealth Rock
|
|turn|8
|
|move|p1a: Dragalge|Focus Blast|p2a: Forretress
|-damage|p2a: Forretress|137\/353
|move|p2a: Forretress|Rapid Spin|p1a: Dragalge
|-damage|p1a: Dragalge|209\/292
|-sideend|p2: JeyTheGrey|Stealth Rock|[from] move: Rapid Spin|[of] p2a: Forretress
|
|-heal|p2a: Forretress|159\/353|[from] item: Leftovers
|turn|9
|
|switch|p1a: Krookodile|Krookodile, M|247\/331
|-damage|p1a: Krookodile|227\/331|[from] Stealth Rock
|-ability|p1a: Krookodile|Intimidate|[of] p2a: Forretress
|-unboost|p2a: Forretress|atk|1
|move|p2a: Forretress|Volt Switch|p1a: Krookodile
|-immune|p1a: Krookodile|[msg]
|
|-heal|p2a: Forretress|181\/353|[from] item: Leftovers
|turn|10
|
|switch|p2a: Chesnaught|Chesnaught, F|365\/365
|move|p1a: Krookodile|Knock Off|p2a: Chesnaught
|-resisted|p2a: Chesnaught
|-damage|p2a: Chesnaught|296\/365
|-enditem|p2a: Chesnaught|Leftovers|[from] move: Knock Off|[of] p1a: Krookodile
|
|turn|11
|
|switch|p1a: Bronzong|Bronzong|338\/338
|-damage|p1a: Bronzong|317\/338|[from] Stealth Rock
|move|p2a: Chesnaught|Spikes|p1a: Bronzong
|-sidestart|p1: dragalge tho|Spikes
|
|-heal|p1a: Bronzong|338\/338|[from] item: Leftovers
|turn|12
|
|move|p2a: Chesnaught|Spikes|p1a: Bronzong
|-sidestart|p1: dragalge tho|Spikes
|move|p1a: Bronzong|Hidden Power|p2a: Chesnaught
|-supereffective|p2a: Chesnaught
|-damage|p2a: Chesnaught|200\/365
|
|turn|13
|
|move|p2a: Chesnaught|Leech Seed|p1a: Bronzong
|-start|p1a: Bronzong|move: Leech Seed
|move|p1a: Bronzong|Stealth Rock|p2a: Chesnaught
|-sidestart|p2: JeyTheGrey|move: Stealth Rock
|
|-damage|p1a: Bronzong|296\/338|[from] Leech Seed|[of] p2a: Chesnaught
|-heal|p2a: Chesnaught|242\/365|[silent]
|turn|14
|
|switch|p1a: Diancie|Diancie-Mega|241\/241
|-damage|p1a: Diancie|211\/241|[from] Stealth Rock
|-damage|p1a: Diancie|171\/241|[from] Spikes
|move|p2a: Chesnaught|Leech Seed|p1a: Diancie
|move|p1a: Diancie|Leech Seed|p2a: Chesnaught|[from]Magic Bounce
|-immune|p2a: Chesnaught|[msg]
|
|turn|15
|
|move|p2a: Chesnaught|Spiky Shield|p2a: Chesnaught
|-singleturn|p2a: Chesnaught|move: Protect
|move|p1a: Diancie|Psyshock|p2a: Chesnaught
|-activate|p2a: Chesnaught|move: Protect
|
|turn|16
|
|move|p1a: Diancie|Moonblast|p2a: Chesnaught
|-supereffective|p2a: Chesnaught
|-damage|p2a: Chesnaught|0 fnt
|faint|p2a: Chesnaught
|
|
|switch|p2a: Snorlax|Snorlax, F|511\/511 slp
|-damage|p2a: Snorlax|448\/511 slp|[from] Stealth Rock
|turn|17
|
|switch|p1a: Dragalge|Dragalge, F|209\/292
|-damage|p1a: Dragalge|173\/292|[from] Stealth Rock
|-damage|p1a: Dragalge|125\/292|[from] Spikes
|cant|p2a: Snorlax|slp
|move|p2a: Snorlax|Sleep Talk|p2a: Snorlax
|move|p2a: Snorlax|Whirlwind|p1a: Dragalge|[from]Sleep Talk
|drag|p1a: Krookodile|Krookodile, M|227\/331
|-damage|p1a: Krookodile|172\/331|[from] Spikes
|-damage|p1a: Krookodile|152\/331|[from] Stealth Rock
|-ability|p1a: Krookodile|Intimidate|[of] p2a: Snorlax
|-unboost|p2a: Snorlax|atk|1
|
|-heal|p2a: Snorlax|479\/511 slp|[from] item: Leftovers
|turn|18
|
|switch|p2a: Forretress|Forretress, F|181\/353
|-damage|p2a: Forretress|137\/353|[from] Stealth Rock
|move|p1a: Krookodile|Knock Off|p2a: Forretress
|-damage|p2a: Forretress|4\/353
|-enditem|p2a: Forretress|Leftovers|[from] move: Knock Off|[of] p1a: Krookodile
|
|turn|19
|
|move|p1a: Krookodile|Knock Off|p2a: Forretress
|-damage|p2a: Forretress|0 fnt
|faint|p2a: Forretress
|
|
|switch|p2a: Altaria|Altaria, F, shiny|307\/307
|-damage|p2a: Altaria|231\/307|[from] Stealth Rock
|turn|20
|
|switch|p1a: Bronzong|Bronzong|296\/338
|-damage|p1a: Bronzong|275\/338|[from] Stealth Rock
|detailschange|p2a: Altaria|Altaria-Mega, F, shiny
|message|Altaria has Mega Evolved into Mega Altaria!
|move|p2a: Altaria|Frustration|p1a: Bronzong
|-resisted|p1a: Bronzong
|-damage|p1a: Bronzong|206\/338
|
|-heal|p1a: Bronzong|227\/338|[from] item: Leftovers
|turn|21
|
|switch|p2a: Magneton|Magneton|241\/241
|-damage|p2a: Magneton|226\/241|[from] Stealth Rock
|move|p1a: Bronzong|Earthquake|p2a: Magneton
|-supereffective|p2a: Magneton
|-damage|p2a: Magneton|0 fnt
|faint|p2a: Magneton
|
|-heal|p1a: Bronzong|248\/338|[from] item: Leftovers
|
|switch|p2a: Chandelure|Chandelure, F|261\/261
|-damage|p2a: Chandelure|196\/261|[from] Stealth Rock
|turn|22
|
|switch|p1a: Dragalge|Dragalge, F|125\/292
|-damage|p1a: Dragalge|89\/292|[from] Stealth Rock
|-damage|p1a: Dragalge|41\/292|[from] Spikes
|move|p2a: Chandelure|Shadow Ball|p1a: Dragalge
|-damage|p1a: Dragalge|0 fnt
|faint|p1a: Dragalge
|
|
|switch|p1a: Krookodile|Krookodile, M|152\/331
|-damage|p1a: Krookodile|132\/331|[from] Stealth Rock
|-damage|p1a: Krookodile|77\/331|[from] Spikes
|-ability|p1a: Krookodile|Intimidate|[of] p2a: Chandelure
|-unboost|p2a: Chandelure|atk|1
|turn|23
|
|move|p2a: Chandelure|Shadow Ball|p1a: Krookodile
|-resisted|p1a: Krookodile
|-damage|p1a: Krookodile|0 fnt
|faint|p1a: Krookodile
|
|
|switch|p1a: Mienshao|Mienshao, M|271\/271
|-damage|p1a: Mienshao|255\/271|[from] Stealth Rock
|-damage|p1a: Mienshao|210\/271|[from] Spikes
|turn|24
|
|switch|p2a: Altaria|Altaria-Mega, F, shiny|231\/307
|-damage|p2a: Altaria|193\/307|[from] Stealth Rock
|move|p1a: Mienshao|Stone Edge|p2a: Altaria
|-damage|p2a: Altaria|95\/307
|
|turn|25
|
|move|p1a: Mienshao|Stone Edge|p2a: Altaria
|-damage|p2a: Altaria|0 fnt
|faint|p2a: Altaria
|
|
|switch|p2a: Snorlax|Snorlax, F|479\/511 slp
|-damage|p2a: Snorlax|416\/511 slp|[from] Stealth Rock
|turn|26
|
|switch|p1a: Bronzong|Bronzong|248\/338
|-damage|p1a: Bronzong|227\/338|[from] Stealth Rock
|cant|p2a: Snorlax|slp
|move|p2a: Snorlax|Sleep Talk|p2a: Snorlax
|move|p2a: Snorlax|Body Slam|p1a: Bronzong|[from]Sleep Talk
|-resisted|p1a: Bronzong
|-damage|p1a: Bronzong|194\/338
|
|-heal|p2a: Snorlax|447\/511 slp|[from] item: Leftovers
|-heal|p1a: Bronzong|215\/338|[from] item: Leftovers
|turn|27
|
|move|p1a: Bronzong|Earthquake|p2a: Snorlax
|-damage|p2a: Snorlax|357\/511 slp
|-curestatus|p2a: Snorlax|slp
|move|p2a: Snorlax|Whirlwind|p1a: Bronzong
|drag|p1a: Diancie|Diancie-Mega|171\/241
|-damage|p1a: Diancie|131\/241|[from] Spikes
|-damage|p1a: Diancie|101\/241|[from] Stealth Rock
|
|-heal|p2a: Snorlax|388\/511|[from] item: Leftovers
|turn|28
|
|move|p1a: Diancie|Diamond Storm|p2a: Snorlax
|-damage|p2a: Snorlax|160\/511
|move|p2a: Snorlax|Body Slam|p1a: Diancie
|-resisted|p1a: Diancie
|-damage|p1a: Diancie|42\/241
|
|-heal|p2a: Snorlax|191\/511|[from] item: Leftovers
|turn|29
|
|move|p1a: Diancie|Diamond Storm|p2a: Snorlax
|-damage|p2a: Snorlax|0 fnt
|-boost|p1a: Diancie|def|1
|faint|p2a: Snorlax
|
|
|switch|p2a: Chandelure|Chandelure, F|196\/261
|-damage|p2a: Chandelure|131\/261|[from] Stealth Rock
|turn|30
|
|move|p2a: Chandelure|Shadow Ball|p1a: Diancie
|-damage|p1a: Diancie|0 fnt
|faint|p1a: Diancie
|
|
|switch|p1a: Mienshao|Mienshao, M|210\/271
|-damage|p1a: Mienshao|165\/271|[from] Spikes
|-damage|p1a: Mienshao|149\/271|[from] Stealth Rock
|turn|31
|
|move|p1a: Mienshao|Knock Off|p2a: Chandelure
|-supereffective|p2a: Chandelure
|-damage|p2a: Chandelure|0 fnt
|-enditem|p2a: Chandelure|Choice Scarf|[from] move: Knock Off|[of] p1a: Mienshao
|faint|p2a: Chandelure
|
|win|dragalge tho
|raw|Ladder updating...
|raw|dragalge tho's rating: 1539 &rarr; <strong>1553<\/strong><br \/>(+14 for winning)
|raw|JeyTheGrey's rating: 1430 &rarr; <strong>1416<\/strong><br \/>(-14 for losing)
|c|âdragalge tho|gg
|leave|JeyTheGrey
|player|p2