|join|JeyTheGrey
|join|cupcola
|player|p1|JeyTheGrey|163
|player|p2|cupcola|104
|gametype|singles
|gen|6
|tier|UU
|rated
|rule|Sleep Clause Mod: Limit one foe put to sleep
|rule|Species Clause: Limit one of each PokÃ©mon
|rule|OHKO Clause: OHKO moves are banned
|rule|Moody Clause: Moody is banned
|rule|Evasion Moves Clause: Evasion moves are banned
|rule|Endless Battle Clause: Forcing endless battles is banned
|rule|HP Percentage Mod: HP is shown in percentages
|clearpoke
|poke|p1|Alakazam, F
|poke|p1|Crobat, F
|poke|p1|Swampert, M
|poke|p1|Florges, F
|poke|p1|Hydreigon, F
|poke|p1|Lucario, F
|poke|p2|Roserade, F
|poke|p2|Sableye, F
|poke|p2|Blastoise, M
|poke|p2|Jirachi
|poke|p2|Moltres
|poke|p2|Flygon, M
|rule|Swagger Clause: Swagger is banned
|rule|Baton Pass Clause: Limit one PokÃ©mon knowing Baton Pass
|teampreview
|
|start
|switch|p1a: Hydreigon|Hydreigon, F|325\/325
|switch|p2a: Flygon|Flygon, M|301\/301
|turn|1
|
|move|p2a: Flygon|U-turn|p1a: Hydreigon
|-supereffective|p1a: Hydreigon
|-damage|p1a: Hydreigon|183\/325
|
|switch|p2a: Jirachi|Jirachi|371\/371
|move|p1a: Hydreigon|U-turn|p2a: Jirachi
|-damage|p2a: Jirachi|320\/371
|
|switch|p1a: Swampert|Swampert, M|404\/404
|
|-heal|p2a: Jirachi|343\/371|[from] item: Leftovers
|turn|2
|
|move|p2a: Jirachi|U-turn|p1a: Swampert
|-damage|p1a: Swampert|349\/404
|
|switch|p2a: Blastoise|Blastoise, M|347\/347
|move|p1a: Swampert|Stealth Rock|p2a: Blastoise
|-sidestart|p2: cupcola|move: Stealth Rock
|
|-heal|p1a: Swampert|374\/404|[from] item: Leftovers
|turn|3
|
|detailschange|p2a: Blastoise|Blastoise-Mega, M
|message|Blastoise has Mega Evolved into Mega Blastoise!
|move|p2a: Blastoise|Scald|p1a: Swampert
|-damage|p1a: Swampert|187\/404
|-status|p1a: Swampert|brn
|move|p1a: Swampert|Scald|p2a: Blastoise
|-resisted|p2a: Blastoise
|-damage|p2a: Blastoise|311\/347
|
|-heal|p1a: Swampert|212\/404 brn|[from] item: Leftovers
|-damage|p1a: Swampert|162\/404 brn|[from] brn
|turn|4
|
|move|p2a: Blastoise|Rapid Spin|p1a: Swampert
|-damage|p1a: Swampert|151\/404 brn
|-sideend|p2: cupcola|Stealth Rock|[from] move: Rapid Spin|[of] p2a: Blastoise
|move|p1a: Swampert|Scald|p2a: Blastoise
|-resisted|p2a: Blastoise
|-damage|p2a: Blastoise|274\/347
|
|-heal|p1a: Swampert|176\/404 brn|[from] item: Leftovers
|-damage|p1a: Swampert|126\/404 brn|[from] brn
|turn|5
|
|switch|p1a: Florges|Florges, F|360\/360
|move|p2a: Blastoise|Scald|p1a: Florges
|-damage|p1a: Florges|258\/360
|-status|p1a: Florges|brn
|
|-heal|p1a: Florges|280\/360 brn|[from] item: Leftovers
|-damage|p1a: Florges|235\/360 brn|[from] brn
|turn|6
|
|switch|p2a: Jirachi|Jirachi|343\/371
|move|p1a: Florges|Aromatherapy|p1a: Florges
|-cureteam|p1a: Florges|[from] move: Aromatherapy
|
|-heal|p2a: Jirachi|366\/371|[from] item: Leftovers
|-heal|p1a: Florges|257\/360|[from] item: Leftovers
|turn|7
|
|switch|p1a: Hydreigon|Hydreigon, F|183\/325
|move|p2a: Jirachi|Stealth Rock|p1a: Hydreigon
|-sidestart|p1: JeyTheGrey|move: Stealth Rock
|
|-heal|p2a: Jirachi|371\/371|[from] item: Leftovers
|turn|8
|
|move|p1a: Hydreigon|Dark Pulse|p2a: Jirachi
|-supereffective|p2a: Jirachi
|-damage|p2a: Jirachi|95\/371
|cant|p2a: Jirachi|flinch
|
|-heal|p2a: Jirachi|118\/371|[from] item: Leftovers
|turn|9
|
|switch|p2a: Roserade|Roserade, F|324\/324
|move|p1a: Hydreigon|Dark Pulse|p2a: Roserade
|-damage|p2a: Roserade|224\/324
|
|-heal|p2a: Roserade|244\/324|[from] item: Black Sludge
|turn|10
|
|switch|p1a: Crobat|Crobat, F|311\/311
|-damage|p1a: Crobat|234\/311|[from] Stealth Rock
|switch|p2a: Sableye|Sableye, F|304\/304
|
|-heal|p1a: Crobat|253\/311|[from] item: Leftovers
|turn|11
|
|move|p2a: Sableye|Will-O-Wisp|p1a: Crobat
|-status|p1a: Crobat|brn
|move|p1a: Crobat|U-turn|p2a: Sableye
|-damage|p2a: Sableye|258\/304
|
|switch|p1a: Florges|Florges, F|257\/360
|-damage|p1a: Florges|212\/360|[from] Stealth Rock
|
|-heal|p1a: Florges|234\/360|[from] item: Leftovers
|-heal|p2a: Sableye|277\/304|[from] item: Leftovers
|turn|12
|
|switch|p2a: Roserade|Roserade, F|244\/324
|move|p1a: Florges|Wish|p1a: Florges
|
|-heal|p2a: Roserade|264\/324|[from] item: Black Sludge
|-heal|p1a: Florges|256\/360|[from] item: Leftovers
|turn|13
|
|switch|p2a: Sableye|Sableye, F|277\/304
|switch|p1a: Crobat|Crobat, F|253\/311 brn
|-damage|p1a: Crobat|176\/311 brn|[from] Stealth Rock
|
|-heal|p1a: Crobat|311\/311 brn|[from] move: Wish|[wisher] Florges
|-heal|p2a: Sableye|296\/304|[from] item: Leftovers
|-damage|p1a: Crobat|273\/311 brn|[from] brn
|turn|14
|
|move|p1a: Crobat|Defog|p2a: Sableye
|-unboost|p2a: Sableye|evasion|1
|-sideend|p1: JeyTheGrey|Stealth Rock|[from] move: Defog|[of] p1a: Crobat
|move|p2a: Sableye|Knock Off|p1a: Crobat
|-damage|p1a: Crobat|173\/311 brn
|-enditem|p1a: Crobat|Leftovers|[from] move: Knock Off|[of] p2a: Sableye
|
|-heal|p2a: Sableye|304\/304|[from] item: Leftovers
|-damage|p1a: Crobat|135\/311 brn|[from] brn
|turn|15
|
|move|p1a: Crobat|Roost|p1a: Crobat
|-heal|p1a: Crobat|291\/311 brn
|move|p2a: Sableye|Knock Off|p1a: Crobat
|-damage|p1a: Crobat|224\/311 brn
|
|-damage|p1a: Crobat|186\/311 brn|[from] brn
|turn|16
|
|move|p1a: Crobat|Roost|p1a: Crobat
|-heal|p1a: Crobat|311\/311 brn
|move|p2a: Sableye|Knock Off|p1a: Crobat
|-damage|p1a: Crobat|232\/311 brn
|
|-damage|p1a: Crobat|194\/311 brn|[from] brn
|turn|17
|
|move|p1a: Crobat|U-turn|p2a: Sableye
|-damage|p2a: Sableye|263\/304
|
|switch|p1a: Florges|Florges, F|256\/360
|move|p2a: Sableye|Knock Off|p1a: Florges
|-resisted|p1a: Florges
|-damage|p1a: Florges|213\/360
|-enditem|p1a: Florges|Leftovers|[from] move: Knock Off|[of] p2a: Sableye
|
|-heal|p2a: Sableye|282\/304|[from] item: Leftovers
|turn|18
|
|switch|p1a: Alakazam|Alakazam, F|252\/252
|switch|p2a: Jirachi|Jirachi|118\/371
|
|-heal|p2a: Jirachi|141\/371|[from] item: Leftovers
|turn|19
|
|detailschange|p1a: Alakazam|Alakazam-Mega, F
|message|Alakazam has Mega Evolved into Mega Alakazam!
|-ability|p1a: Alakazam|Serene Grace|[from] ability: Trace|[of] p2a: Jirachi
|move|p1a: Alakazam|Shadow Ball|p2a: Jirachi
|-supereffective|p2a: Jirachi
|-damage|p2a: Jirachi|0 fnt
|faint|p2a: Jirachi
|
|
|switch|p2a: Flygon|Flygon, M|301\/301
|turn|20
|
|switch|p1a: Crobat|Crobat, F|194\/311 brn
|move|p2a: Flygon|U-turn|p1a: Crobat
|-resisted|p1a: Crobat
|-damage|p1a: Crobat|173\/311 brn
|
|switch|p2a: Moltres|Moltres|321\/321
|-ability|p2a: Moltres|Pressure
|
|-damage|p1a: Crobat|135\/311 brn|[from] brn
|turn|21
|
|move|p1a: Crobat|Brave Bird|p2a: Moltres
|-damage|p2a: Moltres|225\/321
|-damage|p1a: Crobat|103\/311 brn|[from] recoil|[of] p2a: Moltres
|move|p2a: Moltres|Sunny Day|p2a: Moltres
|-weather|SunnyDay
|
|-weather|SunnyDay|[upkeep]
|-damage|p1a: Crobat|65\/311 brn|[from] brn
|turn|22
|
|move|p1a: Crobat|Brave Bird|p2a: Moltres
|-damage|p2a: Moltres|128\/321
|-damage|p1a: Crobat|33\/311 brn|[from] recoil|[of] p2a: Moltres
|move|p2a: Moltres|Morning Sun|p2a: Moltres
|-heal|p2a: Moltres|321\/321
|
|-weather|SunnyDay|[upkeep]
|-damage|p1a: Crobat|0 fnt|[from] brn
|faint|p1a: Crobat
|
|switch|p1a: Hydreigon|Hydreigon, F|183\/325
|turn|23
|
|move|p1a: Hydreigon|Dark Pulse|p2a: Moltres
|-damage|p2a: Moltres|171\/321
|move|p2a: Moltres|Morning Sun|p2a: Moltres
|-heal|p2a: Moltres|321\/321
|
|-weather|SunnyDay|[upkeep]
|turn|24
|
|move|p1a: Hydreigon|Dark Pulse|p2a: Moltres
|-damage|p2a: Moltres|152\/321
|cant|p2a: Moltres|flinch
|
|-weather|SunnyDay|[upkeep]
|turn|25
|
|switch|p1a: Alakazam|Alakazam-Mega, F|252\/252
|-ability|p1a: Alakazam|Pressure|[from] ability: Trace|[of] p2a: Moltres
|-ability|p1a: Alakazam|Pressure
|switch|p2a: Flygon|Flygon, M|301\/301
|
|-weather|none
|turn|26
|
|switch|p1a: Florges|Florges, F|213\/360
|move|p2a: Flygon|U-turn|p1a: Florges
|-resisted|p1a: Florges
|-damage|p1a: Florges|178\/360
|
|switch|p2a: Moltres|Moltres|152\/321
|-ability|p2a: Moltres|Pressure
|
|turn|27
|
|switch|p1a: Hydreigon|Hydreigon, F|183\/325
|move|p2a: Moltres|Sunny Day|p2a: Moltres
|-weather|SunnyDay
|
|-weather|SunnyDay|[upkeep]
|turn|28
|
|switch|p2a: Sableye|Sableye, F|282\/304
|move|p1a: Hydreigon|Draco Meteor|p2a: Sableye
|-damage|p2a: Sableye|60\/304
|-unboost|p1a: Hydreigon|spa|2
|
|-weather|SunnyDay|[upkeep]
|-heal|p2a: Sableye|79\/304|[from] item: Leftovers
|turn|29
|
|switch|p1a: Florges|Florges, F|178\/360
|move|p2a: Sableye|Recover|p2a: Sableye
|-heal|p2a: Sableye|231\/304
|
|-weather|SunnyDay|[upkeep]
|-heal|p2a: Sableye|250\/304|[from] item: Leftovers
|turn|30
|
|switch|p1a: Hydreigon|Hydreigon, F|183\/325
|switch|p2a: Moltres|Moltres|152\/321
|-ability|p2a: Moltres|Pressure
|
|-weather|SunnyDay|[upkeep]
|turn|31
|
|switch|p2a: Sableye|Sableye, F|250\/304
|move|p1a: Hydreigon|Draco Meteor|p2a: Sableye
|-damage|p2a: Sableye|43\/304
|-unboost|p1a: Hydreigon|spa|2
|
|-weather|none
|-heal|p2a: Sableye|62\/304|[from] item: Leftovers
|turn|32
|
|switch|p1a: Florges|Florges, F|178\/360
|move|p2a: Sableye|Recover|p2a: Sableye
|-heal|p2a: Sableye|214\/304
|
|-heal|p2a: Sableye|233\/304|[from] item: Leftovers
|turn|33
|
|move|p2a: Sableye|Will-O-Wisp|p1a: Florges|[miss]
|-miss|p2a: Sableye|p1a: Florges
|move|p1a: Florges|Moonblast|p2a: Sableye
|-supereffective|p2a: Sableye
|-damage|p2a: Sableye|0 fnt
|faint|p2a: Sableye
|
|
|switch|p2a: Moltres|Moltres|152\/321
|-ability|p2a: Moltres|Pressure
|turn|34
|
|switch|p1a: Hydreigon|Hydreigon, F|183\/325
|move|p2a: Moltres|Morning Sun|p2a: Moltres
|-heal|p2a: Moltres|312\/321
|
|turn|35
|
|move|p1a: Hydreigon|Dark Pulse|p2a: Moltres
|-damage|p2a: Moltres|158\/321
|move|p2a: Moltres|Fire Blast|p1a: Hydreigon
|-resisted|p1a: Hydreigon
|-damage|p1a: Hydreigon|27\/325
|-damage|p2a: Moltres|126\/321|[from] item: Life Orb
|
|turn|36
|c|âcupcola|man that once flinch
|c|âcupcola|one*
|
|switch|p2a: Flygon|Flygon, M|301\/301
|move|p1a: Hydreigon|Dark Pulse|p2a: Flygon
|-damage|p2a: Flygon|132\/301
|
|turn|37
|
|switch|p1a: Swampert|Swampert, M|126\/404
|move|p2a: Flygon|U-turn|p1a: Swampert
|-damage|p1a: Swampert|72\/404
|
|switch|p2a: Blastoise|Blastoise-Mega, M|274\/347
|
|-heal|p1a: Swampert|97\/404|[from] item: Leftovers
|turn|38
|
|move|p2a: Blastoise|Scald|p1a: Swampert
|-damage|p1a: Swampert|0 fnt
|faint|p1a: Swampert
|
|
|switch|p1a: Hydreigon|Hydreigon, F|27\/325
|turn|39
|
|switch|p2a: Moltres|Moltres|126\/321
|-ability|p2a: Moltres|Pressure
|move|p1a: Hydreigon|Draco Meteor|p2a: Moltres
|-damage|p2a: Moltres|0 fnt
|-unboost|p1a: Hydreigon|spa|2
|faint|p2a: Moltres
|
|
|switch|p2a: Flygon|Flygon, M|132\/301
|turn|40
|
|switch|p1a: Florges|Florges, F|178\/360
|move|p2a: Flygon|U-turn|p1a: Florges
|-resisted|p1a: Florges
|-damage|p1a: Florges|146\/360
|
|switch|p2a: Roserade|Roserade, F|264\/324
|
|-heal|p2a: Roserade|284\/324|[from] item: Black Sludge
|turn|41
|
|switch|p2a: Blastoise|Blastoise-Mega, M|274\/347
|switch|p1a: Lucario|Lucario, F|281\/281
|
|turn|42
|
|move|p1a: Lucario|Close Combat|p2a: Blastoise
|-damage|p2a: Blastoise|43\/347
|-unboost|p1a: Lucario|def|1
|-unboost|p1a: Lucario|spd|1
|-damage|p1a: Lucario|253\/281|[from] item: Life Orb
|move|p2a: Blastoise|Scald|p1a: Lucario
|-damage|p1a: Lucario|0 fnt
|faint|p1a: Lucario
|
|
|switch|p1a: Alakazam|Alakazam-Mega, F|252\/252
|-ability|p1a: Alakazam|Mega Launcher|[from] ability: Trace|[of] p2a: Blastoise
|turn|43
|
|move|p1a: Alakazam|Psyshock|p2a: Blastoise
|-damage|p2a: Blastoise|0 fnt
|faint|p2a: Blastoise
|
|
|switch|p2a: Flygon|Flygon, M|132\/301
|turn|44
|
|switch|p1a: Hydreigon|Hydreigon, F|27\/325
|move|p2a: Flygon|Earthquake|p1a: Hydreigon
|-immune|p1a: Hydreigon|[msg]
|
|turn|45
|-message|cupcola forfeited.
|
|win|JeyTheGrey
|raw|Ladder updating...
|raw|JeyTheGrey's rating: 1627 &rarr; <strong>1639<\/strong><br \/>(+12 for winning)
|raw|cupcola's rating: 1466 &rarr; <strong>1455<\/strong><br \/>(-11 for losing)
|leave|cupcola
|player|p2