|join|jeythegrey
|join|Treat-Test
|player|p1|jeythegrey|163
|player|p2|Treat-Test|165
|gametype|singles
|gen|6
|tier|UU
|rated
|rule|Sleep Clause Mod: Limit one foe put to sleep
|rule|Species Clause: Limit one of each PokÃ©mon
|rule|OHKO Clause: OHKO moves are banned
|rule|Moody Clause: Moody is banned
|rule|Evasion Moves Clause: Evasion moves are banned
|rule|Endless Battle Clause: Forcing endless battles is banned
|rule|HP Percentage Mod: HP is shown in percentages
|clearpoke
|poke|p1|Alakazam, F
|poke|p1|Crobat, F
|poke|p1|Swampert, F
|poke|p1|Florges, F
|poke|p1|Hydreigon, F
|poke|p1|Lucario, F
|poke|p2|Galvantula, M
|poke|p2|Haxorus, F
|poke|p2|Forretress, M
|poke|p2|Absol, F
|poke|p2|Chandelure, F
|poke|p2|Toxicroak, M
|rule|Swagger Clause: Swagger is banned
|rule|Baton Pass Clause: Limit one PokÃ©mon knowing Baton Pass
|teampreview
|join|Keaa
|
|start
|switch|p1a: Hydreigon|Hydreigon, F|325\/325
|switch|p2a: Galvantula|Galvantula, M|282\/282
|turn|1
|c| Keaa|annyoing team
|c| Keaa|'-'
|
|move|p1a: Hydreigon|Dark Pulse|p2a: Galvantula
|-damage|p2a: Galvantula|54\/282
|cant|p2a: Galvantula|flinch
|
|turn|2
|c|âjeythegrey|hahah that's how you prevent sticky web
|
|switch|p2a: Forretress|Forretress, M|353\/353
|move|p1a: Hydreigon|Dark Pulse|p2a: Forretress
|-damage|p2a: Forretress|224\/353
|
|-heal|p2a: Forretress|246\/353|[from] item: Leftovers
|turn|3
|
|move|p1a: Hydreigon|Dark Pulse|p2a: Forretress
|-damage|p2a: Forretress|111\/353
|move|p2a: Forretress|Stealth Rock|p1a: Hydreigon
|-sidestart|p1: jeythegrey|move: Stealth Rock
|
|-heal|p2a: Forretress|133\/353|[from] item: Leftovers
|turn|4
|
|move|p1a: Hydreigon|Dark Pulse|p2a: Forretress
|-damage|p2a: Forretress|0 fnt
|faint|p2a: Forretress
|
|
|switch|p2a: Absol|Absol, F|271\/271
|turn|5
|
|switch|p1a: Florges|Florges, F|360\/360
|-damage|p1a: Florges|315\/360|[from] Stealth Rock
|detailschange|p2a: Absol|Absol-Mega, F
|message|Absol has Mega Evolved into Mega Absol!
|move|p2a: Absol|Knock Off|p1a: Florges
|-resisted|p1a: Florges
|-damage|p1a: Florges|231\/360
|-enditem|p1a: Florges|Leftovers|[from] move: Knock Off|[of] p2a: Absol
|
|turn|6
|c| Keaa|iron tail
|
|move|p2a: Absol|Sucker Punch|p1a: Florges
|-resisted|p1a: Florges
|-damage|p1a: Florges|160\/360
|move|p1a: Florges|Moonblast|p2a: Absol
|-supereffective|p2a: Absol
|-damage|p2a: Absol|0 fnt
|faint|p2a: Absol
|
|
|switch|p2a: Galvantula|Galvantula, M|54\/282
|turn|7
|c| Keaa|is corbat defog?
|
|switch|p1a: Crobat|Crobat, F|311\/311
|-damage|p1a: Crobat|234\/311|[from] Stealth Rock
|move|p2a: Galvantula|Sticky Web|p1a: Crobat
|-sidestart|p1: jeythegrey|move: Sticky Web
|
|-heal|p1a: Crobat|253\/311|[from] item: Leftovers
|turn|8
|
|move|p1a: Crobat|Brave Bird|p2a: Galvantula
|-damage|p2a: Galvantula|0 fnt
|-damage|p1a: Crobat|235\/311|[from] recoil|[of] p2a: Galvantula
|faint|p2a: Galvantula
|
|-heal|p1a: Crobat|254\/311|[from] item: Leftovers
|
|switch|p2a: Chandelure|Chandelure, F|261\/261
|turn|9
|
|switch|p1a: Hydreigon|Hydreigon, F|325\/325
|-damage|p1a: Hydreigon|285\/325|[from] Stealth Rock
|move|p2a: Chandelure|Psychic|p1a: Hydreigon
|-immune|p1a: Hydreigon|[msg]
|
|turn|10
|c| Keaa|lol
|
|switch|p2a: Toxicroak|Toxicroak, M|308\/308
|move|p1a: Hydreigon|Draco Meteor|p2a: Toxicroak
|-damage|p2a: Toxicroak|14\/308
|-unboost|p1a: Hydreigon|spa|2
|
|turn|11
|
|switch|p1a: Crobat|Crobat, F|254\/311
|-damage|p1a: Crobat|177\/311|[from] Stealth Rock
|move|p2a: Toxicroak|Drain Punch|p1a: Crobat
|-resisted|p1a: Crobat
|-damage|p1a: Crobat|126\/311
|-heal|p2a: Toxicroak|40\/308|[from] drain|[of] p1a: Crobat
|-damage|p2a: Toxicroak|10\/308|[from] item: Life Orb
|
|-heal|p1a: Crobat|145\/311|[from] item: Leftovers
|turn|12
|
|move|p1a: Crobat|Defog|p2a: Toxicroak
|-unboost|p2a: Toxicroak|evasion|1
|-sideend|p1: jeythegrey|Stealth Rock|[from] move: Defog|[of] p1a: Crobat
|-sideend|p1: jeythegrey|Sticky Web|[from] move: Defog|[of] p1a: Crobat
|move|p2a: Toxicroak|Swords Dance|p2a: Toxicroak
|-boost|p2a: Toxicroak|atk|2
|
|-heal|p1a: Crobat|164\/311|[from] item: Leftovers
|turn|13
|
|move|p1a: Crobat|Brave Bird|p2a: Toxicroak
|-supereffective|p2a: Toxicroak
|-damage|p2a: Toxicroak|0 fnt
|-damage|p1a: Crobat|161\/311|[from] recoil|[of] p2a: Toxicroak
|faint|p2a: Toxicroak
|
|-heal|p1a: Crobat|180\/311|[from] item: Leftovers
|-message|Treat-Test forfeited.
|
|win|jeythegrey
|raw|Ladder updating...
|raw|jeythegrey's rating: 1687 &rarr; <strong>1694<\/strong><br \/>(+7 for winning)
|raw|Treat-Test's rating: 1417 &rarr; <strong>1410<\/strong><br \/>(-7 for losing)
|leave|Treat-Test
|player|p2