|join|JeyTheGrey
|join|Living Proof
|player|p1|JeyTheGrey|163
|player|p2|Living Proof|238
|gametype|singles
|gen|6
|tier|UU
|rated
|rule|Sleep Clause Mod: Limit one foe put to sleep
|rule|Species Clause: Limit one of each PokÃ©mon
|rule|OHKO Clause: OHKO moves are banned
|rule|Moody Clause: Moody is banned
|rule|Evasion Moves Clause: Evasion moves are banned
|rule|Endless Battle Clause: Forcing endless battles is banned
|rule|HP Percentage Mod: HP is shown in percentages
|clearpoke
|poke|p1|Alakazam, M
|poke|p1|Crobat, M
|poke|p1|Swampert, F
|poke|p1|Florges, F
|poke|p1|Hydreigon, M
|poke|p1|Lucario, M
|poke|p2|Stoutland, M, shiny
|poke|p2|Hippowdon, M
|poke|p2|Forretress, M, shiny
|poke|p2|Whimsicott, F, shiny
|poke|p2|Vaporeon, F
|poke|p2|Cresselia, F, shiny
|rule|Swagger Clause: Swagger is banned
|rule|Baton Pass Clause: Limit one PokÃ©mon knowing Baton Pass
|teampreview
|
|start
|switch|p1a: Hydreigon|Hydreigon, M|325\/325
|switch|p2a: Gaspless|Whimsicott, F, shiny|324\/324
|turn|1
|
|switch|p2a: Grand Stream|Hippowdon, M|420\/420
|-weather|Sandstorm
|move|p1a: Hydreigon|U-turn|p2a: Grand Stream
|-damage|p2a: Grand Stream|377\/420
|
|switch|p1a: Swampert|Swampert, F|404\/404
|
|-weather|Sandstorm|[upkeep]
|turn|2
|
|move|p1a: Swampert|Scald|p2a: Grand Stream
|-supereffective|p2a: Grand Stream
|-damage|p2a: Grand Stream|231\/420
|move|p2a: Grand Stream|Stealth Rock|p1a: Swampert
|-sidestart|p1: JeyTheGrey|move: Stealth Rock
|
|-weather|Sandstorm|[upkeep]
|turn|3
|
|switch|p2a: Gaspless|Whimsicott, F, shiny|324\/324
|move|p1a: Swampert|Earthquake|p2a: Gaspless
|-resisted|p2a: Gaspless
|-damage|p2a: Gaspless|250\/324
|
|-weather|Sandstorm|[upkeep]
|-damage|p2a: Gaspless|230\/324|[from] sandstorm
|-heal|p2a: Gaspless|250\/324|[from] item: Leftovers
|turn|4
|
|switch|p1a: Crobat|Crobat, M|311\/311
|-damage|p1a: Crobat|234\/311|[from] Stealth Rock
|move|p2a: Gaspless|Knock Off|p1a: Crobat
|-damage|p1a: Crobat|185\/311
|-enditem|p1a: Crobat|Leftovers|[from] move: Knock Off|[of] p2a: Gaspless
|
|-weather|Sandstorm|[upkeep]
|-damage|p1a: Crobat|166\/311|[from] sandstorm
|-damage|p2a: Gaspless|230\/324|[from] sandstorm
|-heal|p2a: Gaspless|250\/324|[from] item: Leftovers
|turn|5
|
|switch|p2a: Madness Hero|Stoutland, M, shiny|311\/311
|move|p1a: Crobat|Defog|p2a: Madness Hero
|-unboost|p2a: Madness Hero|evasion|1
|-sideend|p1: JeyTheGrey|Stealth Rock|[from] move: Defog|[of] p1a: Crobat
|
|-weather|Sandstorm|[upkeep]
|-damage|p1a: Crobat|147\/311|[from] sandstorm
|turn|6
|
|move|p2a: Madness Hero|Return|p1a: Crobat
|-damage|p1a: Crobat|0 fnt
|faint|p1a: Crobat
|
|-weather|Sandstorm|[upkeep]
|
|switch|p1a: Lucario|Lucario, M|281\/281
|turn|7
|
|switch|p2a: Star Child|Cresselia, F, shiny|444\/444
|move|p1a: Lucario|Swords Dance|p1a: Lucario
|-boost|p1a: Lucario|atk|2
|
|-weather|Sandstorm|[upkeep]
|-damage|p2a: Star Child|417\/444|[from] sandstorm
|-heal|p2a: Star Child|444\/444|[from] item: Leftovers
|turn|8
|
|move|p1a: Lucario|Iron Tail|p2a: Star Child
|-damage|p2a: Star Child|146\/444
|-damage|p1a: Lucario|253\/281|[from] item: Life Orb
|move|p2a: Star Child|Psyshock|p1a: Lucario
|-damage|p1a: Lucario|144\/281
|
|-weather|none
|-heal|p2a: Star Child|173\/444|[from] item: Leftovers
|turn|9
|
|move|p1a: Lucario|Iron Tail|p2a: Star Child
|-damage|p2a: Star Child|0 fnt
|-damage|p1a: Lucario|116\/281|[from] item: Life Orb
|faint|p2a: Star Child
|
|
|switch|p2a: Gaspless|Whimsicott, F, shiny|250\/324
|turn|10
|
|move|p1a: Lucario|Extreme Speed|p2a: Gaspless
|-damage|p2a: Gaspless|0 fnt
|-damage|p1a: Lucario|88\/281|[from] item: Life Orb
|faint|p2a: Gaspless
|
|
|switch|p2a: Grand Stream|Hippowdon, M|231\/420
|-weather|Sandstorm
|turn|11
|
|move|p1a: Lucario|Close Combat|p2a: Grand Stream
|-damage|p2a: Grand Stream|0 fnt
|-unboost|p1a: Lucario|def|1
|-unboost|p1a: Lucario|spd|1
|-damage|p1a: Lucario|60\/281|[from] item: Life Orb
|faint|p2a: Grand Stream
|
|-weather|Sandstorm|[upkeep]
|
|switch|p2a: Madness Hero|Stoutland, M, shiny|311\/311
|turn|12
|
|move|p1a: Lucario|Extreme Speed|p2a: Madness Hero
|-damage|p2a: Madness Hero|47\/311
|-damage|p1a: Lucario|32\/281|[from] item: Life Orb
|move|p2a: Madness Hero|Return|p1a: Lucario
|-resisted|p1a: Lucario
|-damage|p1a: Lucario|0 fnt
|faint|p1a: Lucario
|
|-weather|Sandstorm|[upkeep]
|
|switch|p1a: Swampert|Swampert, F|404\/404
|turn|13
|
|move|p2a: Madness Hero|Return|p1a: Swampert
|-crit|p1a: Swampert
|-damage|p1a: Swampert|83\/404
|move|p1a: Swampert|Earthquake|p2a: Madness Hero
|-damage|p2a: Madness Hero|0 fnt
|faint|p2a: Madness Hero
|
|-weather|Sandstorm|[upkeep]
|-heal|p1a: Swampert|108\/404|[from] item: Leftovers
|
|switch|p2a: Diamond Dust|Vaporeon, F|449\/449
|turn|14
|
|switch|p1a: Florges|Florges, F|360\/360
|move|p2a: Diamond Dust|Scald|p1a: Florges
|-damage|p1a: Florges|288\/360
|-status|p1a: Florges|brn
|
|-weather|Sandstorm|[upkeep]
|-damage|p1a: Florges|266\/360 brn|[from] sandstorm
|-damage|p2a: Diamond Dust|421\/449|[from] sandstorm
|-heal|p1a: Florges|288\/360 brn|[from] item: Leftovers
|-heal|p2a: Diamond Dust|449\/449|[from] item: Leftovers
|-damage|p1a: Florges|243\/360 brn|[from] brn
|turn|15
|
|switch|p2a: Atomic Mine|Forretress, M, shiny|354\/354
|move|p1a: Florges|Wish|p1a: Florges
|
|-weather|Sandstorm|[upkeep]
|-damage|p1a: Florges|221\/360 brn|[from] sandstorm
|-heal|p1a: Florges|243\/360 brn|[from] item: Leftovers
|-damage|p1a: Florges|198\/360 brn|[from] brn
|turn|16
|
|switch|p2a: Diamond Dust|Vaporeon, F|449\/449
|move|p1a: Florges|Moonblast|p2a: Diamond Dust
|-damage|p2a: Diamond Dust|320\/449
|-unboost|p2a: Diamond Dust|spa|1
|
|-weather|Sandstorm|[upkeep]
|-damage|p1a: Florges|176\/360 brn|[from] sandstorm
|-damage|p2a: Diamond Dust|292\/449|[from] sandstorm
|-heal|p1a: Florges|356\/360 brn|[from] move: Wish|[wisher] Florges
|-heal|p1a: Florges|360\/360 brn|[from] item: Leftovers
|-heal|p2a: Diamond Dust|320\/449|[from] item: Leftovers
|-damage|p1a: Florges|315\/360 brn|[from] brn
|turn|17
|
|switch|p2a: Atomic Mine|Forretress, M, shiny|354\/354
|move|p1a: Florges|Wish|p1a: Florges
|
|-weather|Sandstorm|[upkeep]
|-damage|p1a: Florges|293\/360 brn|[from] sandstorm
|-heal|p1a: Florges|315\/360 brn|[from] item: Leftovers
|-damage|p1a: Florges|270\/360 brn|[from] brn
|turn|18
|
|switch|p2a: Diamond Dust|Vaporeon, F|320\/449
|move|p1a: Florges|Moonblast|p2a: Diamond Dust
|-damage|p2a: Diamond Dust|206\/449
|-unboost|p2a: Diamond Dust|spa|1
|
|-weather|none
|-heal|p1a: Florges|360\/360 brn|[from] move: Wish|[wisher] Florges
|-heal|p2a: Diamond Dust|234\/449|[from] item: Leftovers
|-damage|p1a: Florges|315\/360 brn|[from] brn
|turn|19
|
|switch|p1a: Alakazam|Alakazam, M|252\/252
|move|p2a: Diamond Dust|Wish|p2a: Diamond Dust
|
|-heal|p2a: Diamond Dust|262\/449|[from] item: Leftovers
|turn|20
|
|switch|p2a: Atomic Mine|Forretress, M, shiny|354\/354
|detailschange|p1a: Alakazam|Alakazam-Mega, M
|message|Alakazam has Mega Evolved into Mega Alakazam!
|-ability|p1a: Alakazam|Overcoat|[from] ability: Trace|[of] p2a: Atomic Mine
|move|p1a: Alakazam|Psyshock|p2a: Atomic Mine
|-resisted|p2a: Atomic Mine
|-damage|p2a: Atomic Mine|276\/354
|
|-heal|p2a: Atomic Mine|354\/354|[from] move: Wish|[wisher] Diamond Dust
|turn|21
|
|switch|p1a: Hydreigon|Hydreigon, M|325\/325
|move|p2a: Atomic Mine|Gyro Ball|p1a: Hydreigon
|-damage|p1a: Hydreigon|159\/325
|
|turn|22
|
|move|p1a: Hydreigon|Dark Pulse|p2a: Atomic Mine
|-damage|p2a: Atomic Mine|213\/354
|move|p2a: Atomic Mine|Gyro Ball|p1a: Hydreigon
|-damage|p1a: Hydreigon|0 fnt
|faint|p1a: Hydreigon
|
|-heal|p2a: Atomic Mine|235\/354|[from] item: Leftovers
|
|switch|p1a: Swampert|Swampert, F|108\/404
|turn|23
|
|switch|p2a: Diamond Dust|Vaporeon, F|262\/449
|move|p1a: Swampert|Earthquake|p2a: Diamond Dust
|-damage|p2a: Diamond Dust|147\/449
|
|-heal|p1a: Swampert|133\/404|[from] item: Leftovers
|-heal|p2a: Diamond Dust|175\/449|[from] item: Leftovers
|turn|24
|
|move|p1a: Swampert|Stealth Rock|p2a: Diamond Dust
|-sidestart|p2: Living Proof|move: Stealth Rock
|move|p2a: Diamond Dust|Wish|p2a: Diamond Dust
|
|-heal|p1a: Swampert|158\/404|[from] item: Leftovers
|-heal|p2a: Diamond Dust|203\/449|[from] item: Leftovers
|turn|25
|
|move|p2a: Diamond Dust|Scald|p1a: Swampert
|-damage|p1a: Swampert|46\/404
|move|p1a: Swampert|Roar|p2a: Diamond Dust
|drag|p2a: Atomic Mine|Forretress, M, shiny|235\/354
|-damage|p2a: Atomic Mine|191\/354|[from] Stealth Rock
|
|-heal|p2a: Atomic Mine|354\/354|[from] move: Wish|[wisher] Diamond Dust
|-heal|p1a: Swampert|71\/404|[from] item: Leftovers
|turn|26
|
|switch|p2a: Diamond Dust|Vaporeon, F|203\/449
|-damage|p2a: Diamond Dust|147\/449|[from] Stealth Rock
|move|p1a: Swampert|Earthquake|p2a: Diamond Dust
|-damage|p2a: Diamond Dust|32\/449
|
|-heal|p1a: Swampert|96\/404|[from] item: Leftovers
|-heal|p2a: Diamond Dust|60\/449|[from] item: Leftovers
|turn|27
|
|move|p1a: Swampert|Earthquake|p2a: Diamond Dust
|-damage|p2a: Diamond Dust|0 fnt
|faint|p2a: Diamond Dust
|
|-heal|p1a: Swampert|121\/404|[from] item: Leftovers
|
|switch|p2a: Atomic Mine|Forretress, M, shiny|354\/354
|-damage|p2a: Atomic Mine|310\/354|[from] Stealth Rock
|turn|28
|
|move|p1a: Swampert|Scald|p2a: Atomic Mine
|-damage|p2a: Atomic Mine|184\/354
|move|p2a: Atomic Mine|Gyro Ball|p1a: Swampert
|-resisted|p1a: Swampert
|-damage|p1a: Swampert|103\/404
|
|-heal|p1a: Swampert|128\/404|[from] item: Leftovers
|-heal|p2a: Atomic Mine|206\/354|[from] item: Leftovers
|turn|29
|-message|Living Proof forfeited.
|
|win|JeyTheGrey
|raw|Ladder updating...
|raw|JeyTheGrey's rating: 1652 &rarr; <strong>1670<\/strong><br \/>(+18 for winning)
|raw|Living Proof's rating: 1618 &rarr; <strong>1600<\/strong><br \/>(-18 for losing)
|leave|Living Proof
|player|p2