|join|ima4ever
|join|JeyTheGrey
|player|p1|ima4ever|192
|player|p2|JeyTheGrey|2
|gametype|singles
|gen|6
|tier|UU
|rated
|rule|Sleep Clause Mod: Limit one foe put to sleep
|rule|Species Clause: Limit one of each PokÃ©mon
|rule|OHKO Clause: OHKO moves are banned
|rule|Moody Clause: Moody is banned
|rule|Evasion Moves Clause: Evasion moves are banned
|rule|Endless Battle Clause: Forcing endless battles is banned
|rule|HP Percentage Mod: HP is shown in percentages
|clearpoke
|poke|p1|Aerodactyl, F
|poke|p1|Sableye, F, shiny
|poke|p1|Froslass, F, shiny
|poke|p1|Lucario, M
|poke|p1|Shaymin, shiny
|poke|p1|Crobat, M
|poke|p2|Absol, M
|poke|p2|Nidoqueen, F
|poke|p2|Lucario, F
|poke|p2|Victini
|poke|p2|Crobat, M
|poke|p2|Suicune
|rule|Swagger Clause: Swagger is banned
|rule|Baton Pass Clause: Limit one PokÃ©mon knowing Baton Pass
|teampreview
|join|sharkpedo
|
|start
|switch|p1a: Pro's Lass|Froslass, F, shiny|343\/343
|switch|p2a: Absol|Absol, M|271\/271
|turn|1
|
|switch|p1a: AirRodActTile|Aerodactyl, F|363\/363
|-ability|p1a: AirRodActTile|Pressure
|detailschange|p2a: Absol|Absol-Mega, M
|message|Absol has Mega Evolved into Mega Absol!
|move|p2a: Absol|Iron Tail|p1a: AirRodActTile
|-supereffective|p1a: AirRodActTile
|-damage|p1a: AirRodActTile|27\/363
|
|turn|2
|
|detailschange|p1a: AirRodActTile|Aerodactyl-Mega, F
|message|Aerodactyl has Mega Evolved into Mega Aerodactyl!
|move|p1a: AirRodActTile|Aerial Ace|p2a: Absol
|-damage|p2a: Absol|102\/271
|move|p2a: Absol|Iron Tail|p1a: AirRodActTile
|-supereffective|p1a: AirRodActTile
|-damage|p1a: AirRodActTile|0 fnt
|faint|p1a: AirRodActTile
|
|
|switch|p1a: Crow Butt|Crobat, M|311\/311
|turn|3
|
|switch|p2a: Suicune|Suicune|403\/403
|-ability|p2a: Suicune|Pressure
|move|p1a: Crow Butt|Brave Bird|p2a: Suicune
|-damage|p2a: Suicune|291\/403
|-damage|p1a: Crow Butt|274\/311|[from] recoil|[of] p2a: Suicune
|
|-heal|p1a: Crow Butt|293\/311|[from] item: Black Sludge
|-heal|p2a: Suicune|316\/403|[from] item: Leftovers
|turn|4
|
|move|p1a: Crow Butt|U-turn|p2a: Suicune
|-damage|p2a: Suicune|277\/403
|
|switch|p1a: Say Min|Shaymin, shiny|341\/341
|move|p2a: Suicune|Scald|p1a: Say Min
|-resisted|p1a: Say Min
|-damage|p1a: Say Min|301\/341
|
|-heal|p2a: Suicune|302\/403|[from] item: Leftovers
|turn|5
|
|switch|p2a: Victini|Victini|341\/341
|move|p1a: Say Min|Psychic|p2a: Victini
|-resisted|p2a: Victini
|-damage|p2a: Victini|296\/341
|
|turn|6
|
|switch|p1a: Pro's Lass|Froslass, F, shiny|343\/343
|move|p2a: Victini|V-create|p1a: Pro's Lass
|-supereffective|p1a: Pro's Lass
|-enditem|p1a: Pro's Lass|Focus Sash
|-damage|p1a: Pro's Lass|1\/343
|-start|p2a: Victini|Disable|V-create
|-unboost|p2a: Victini|def|1
|-unboost|p2a: Victini|spd|1
|-unboost|p2a: Victini|spe|1
|
|turn|7
|
|switch|p1a: Crow Butt|Crobat, M|293\/311
|switch|p2a: Absol|Absol-Mega, M|102\/271
|
|-heal|p1a: Crow Butt|311\/311|[from] item: Black Sludge
|turn|8
|
|switch|p2a: Victini|Victini|296\/341
|move|p1a: Crow Butt|U-turn|p2a: Victini
|-damage|p2a: Victini|233\/341
|
|switch|p1a: Pro's Lass|Froslass, F, shiny|1\/343
|
|turn|9
|
|move|p2a: Victini|V-create|p1a: Pro's Lass
|-supereffective|p1a: Pro's Lass
|-damage|p1a: Pro's Lass|0 fnt
|-unboost|p2a: Victini|def|1
|-unboost|p2a: Victini|spd|1
|-unboost|p2a: Victini|spe|1
|faint|p1a: Pro's Lass
|
|
|switch|p1a: Crow Butt|Crobat, M|311\/311
|turn|10
|
|move|p1a: Crow Butt|Brave Bird|p2a: Victini
|-damage|p2a: Victini|0 fnt
|-damage|p1a: Crow Butt|234\/311|[from] recoil|[of] p2a: Victini
|faint|p2a: Victini
|
|-heal|p1a: Crow Butt|253\/311|[from] item: Black Sludge
|
|switch|p2a: Nidoqueen|Nidoqueen, F|374\/374
|turn|11
|
|move|p1a: Crow Butt|U-turn|p2a: Nidoqueen
|-resisted|p2a: Nidoqueen
|-damage|p2a: Nidoqueen|338\/374
|
|switch|p1a: Look! Are You?|Lucario, M|281\/281
|move|p2a: Nidoqueen|Ice Beam|p1a: Look! Are You?
|-resisted|p1a: Look! Are You?
|-damage|p1a: Look! Are You?|187\/281
|
|turn|12
|
|move|p1a: Look! Are You?|Close Combat|p2a: Nidoqueen
|-resisted|p2a: Nidoqueen
|-damage|p2a: Nidoqueen|189\/374
|-unboost|p1a: Look! Are You?|def|1
|-unboost|p1a: Look! Are You?|spd|1
|-damage|p1a: Look! Are You?|159\/281|[from] item: Life Orb
|move|p2a: Nidoqueen|Earth Power|p1a: Look! Are You?
|-supereffective|p1a: Look! Are You?
|-damage|p1a: Look! Are You?|0 fnt
|faint|p1a: Look! Are You?
|
|c| sharkpedo|yes
|
|switch|p1a: Say Min|Shaymin, shiny|301\/341
|turn|13
|c| sharkpedo|sack you win condition
|
|switch|p2a: Crobat|Crobat, M|311\/311
|move|p1a: Say Min|Earth Power|p2a: Crobat
|-immune|p2a: Crobat|[msg]
|
|turn|14
|
|switch|p1a: Say Ball I|Sableye, F, shiny|304\/304
|move|p2a: Crobat|Brave Bird|p1a: Say Ball I
|-damage|p1a: Say Ball I|108\/304
|-damage|p2a: Crobat|246\/311|[from] recoil|[of] p1a: Say Ball I
|
|-heal|p2a: Crobat|265\/311|[from] item: Leftovers
|-heal|p1a: Say Ball I|127\/304|[from] item: Leftovers
|turn|15
|
|switch|p2a: Absol|Absol-Mega, M|102\/271
|switch|p1a: Crow Butt|Crobat, M|253\/311
|
|-heal|p1a: Crow Butt|272\/311|[from] item: Black Sludge
|turn|16
|
|switch|p2a: Suicune|Suicune|302\/403
|-ability|p2a: Suicune|Pressure
|move|p1a: Crow Butt|Brave Bird|p2a: Suicune
|-damage|p2a: Suicune|188\/403
|-damage|p1a: Crow Butt|234\/311|[from] recoil|[of] p2a: Suicune
|
|-heal|p1a: Crow Butt|253\/311|[from] item: Black Sludge
|-heal|p2a: Suicune|213\/403|[from] item: Leftovers
|turn|17
|
|move|p1a: Crow Butt|U-turn|p2a: Suicune
|-damage|p2a: Suicune|169\/403
|
|switch|p1a: Say Min|Shaymin, shiny|301\/341
|move|p2a: Suicune|Rest|p2a: Suicune
|-status|p2a: Suicune|slp
|-heal|p2a: Suicune|403\/403 slp|[silent]
|-status|p2a: Suicune|slp|[from] move: Rest
|
|turn|18
|
|switch|p2a: Lucario|Lucario, F|281\/281
|move|p1a: Say Min|Psychic|p2a: Lucario
|-damage|p2a: Lucario|163\/281
|
|turn|19
|
|move|p1a: Say Min|Earth Power|p2a: Lucario
|-supereffective|p2a: Lucario
|-damage|p2a: Lucario|0 fnt
|faint|p2a: Lucario
|
|
|switch|p2a: Crobat|Crobat, M|265\/311
|turn|20
|
|move|p2a: Crobat|Brave Bird|p1a: Say Min
|-supereffective|p1a: Say Min
|-damage|p1a: Say Min|0 fnt
|-damage|p2a: Crobat|166\/311|[from] recoil|[of] p1a: Say Min
|faint|p1a: Say Min
|
|-heal|p2a: Crobat|185\/311|[from] item: Leftovers
|
|switch|p1a: Crow Butt|Crobat, M|253\/311
|turn|21
|
|move|p2a: Crobat|Brave Bird|p1a: Crow Butt
|-crit|p1a: Crow Butt
|-damage|p1a: Crow Butt|0 fnt
|-damage|p2a: Crobat|102\/311|[from] recoil|[of] p1a: Crow Butt
|faint|p1a: Crow Butt
|
|-heal|p2a: Crobat|121\/311|[from] item: Leftovers
|c|âima4ever|gg
|-message|ima4ever forfeited.
|
|win|JeyTheGrey
|raw|Ladder updating...
|raw|ima4ever's rating: 1604 &rarr; <strong>1581<\/strong><br \/>(-23 for losing)
|raw|JeyTheGrey's rating: 1550 &rarr; <strong>1573<\/strong><br \/>(+23 for winning)
|c|âJeyTheGrey|gg
|leave|ima4ever
|player|p1