|join|jeythegrey
|join|PokeLegendRRDSG
|player|p1|jeythegrey|163
|player|p2|PokeLegendRRDSG|293
|gametype|singles
|gen|6
|tier|UU
|rated
|rule|Sleep Clause Mod: Limit one foe put to sleep
|rule|Species Clause: Limit one of each PokÃ©mon
|rule|OHKO Clause: OHKO moves are banned
|rule|Moody Clause: Moody is banned
|rule|Evasion Moves Clause: Evasion moves are banned
|rule|Endless Battle Clause: Forcing endless battles is banned
|rule|HP Percentage Mod: HP is shown in percentages
|clearpoke
|poke|p1|Alakazam, F
|poke|p1|Crobat, M
|poke|p1|Swampert, F
|poke|p1|Florges, F
|poke|p1|Hydreigon, F
|poke|p1|Lucario, F
|poke|p2|Celebi
|poke|p2|Cloyster, M
|poke|p2|Suicune
|poke|p2|Snorlax, F, shiny
|poke|p2|Reuniclus, F
|poke|p2|Darmanitan, M
|rule|Swagger Clause: Swagger is banned
|rule|Baton Pass Clause: Limit one PokÃ©mon knowing Baton Pass
|teampreview
|join|Keaa
|
|start
|switch|p1a: Hydreigon|Hydreigon, F|325\/325
|switch|p2a: Cloyster|Cloyster, M|241\/241
|turn|1
|
|move|p1a: Hydreigon|Dark Pulse|p2a: Cloyster
|-enditem|p2a: Cloyster|Focus Sash
|-damage|p2a: Cloyster|1\/241
|move|p2a: Cloyster|Shell Smash|p2a: Cloyster
|-boost|p2a: Cloyster|atk|2
|-boost|p2a: Cloyster|spa|2
|-boost|p2a: Cloyster|spe|2
|-unboost|p2a: Cloyster|def|1
|-unboost|p2a: Cloyster|spd|1
|
|turn|2
|
|switch|p1a: Lucario|Lucario, F|281\/281
|move|p2a: Cloyster|Icicle Spear|p1a: Lucario
|-resisted|p1a: Lucario
|-damage|p1a: Lucario|229\/281
|-resisted|p1a: Lucario
|-damage|p1a: Lucario|176\/281
|-resisted|p1a: Lucario
|-damage|p1a: Lucario|128\/281
|-resisted|p1a: Lucario
|-damage|p1a: Lucario|76\/281
|-resisted|p1a: Lucario
|-damage|p1a: Lucario|22\/281
|-hitcount|p1a: Lucario|5
|
|turn|3
|
|move|p1a: Lucario|Extreme Speed|p2a: Cloyster
|-damage|p2a: Cloyster|0 fnt
|-damage|p1a: Lucario|0 fnt|[from] item: Life Orb
|faint|p2a: Cloyster
|faint|p1a: Lucario
|
|
|switch|p1a: Hydreigon|Hydreigon, F|325\/325
|switch|p2a: Darmanitan|Darmanitan, M|352\/352
|turn|4
|
|move|p1a: Hydreigon|U-turn|p2a: Darmanitan
|-resisted|p2a: Darmanitan
|-damage|p2a: Darmanitan|307\/352
|
|switch|p1a: Crobat|Crobat, M|311\/311
|move|p2a: Darmanitan|Superpower|p1a: Crobat
|-resisted|p1a: Crobat
|-damage|p1a: Crobat|264\/311
|-unboost|p2a: Darmanitan|atk|1
|-unboost|p2a: Darmanitan|def|1
|
|-heal|p1a: Crobat|283\/311|[from] item: Leftovers
|turn|5
|
|switch|p2a: Suicune|Suicune|390\/390
|-ability|p2a: Suicune|Pressure
|move|p1a: Crobat|U-turn|p2a: Suicune
|-damage|p2a: Suicune|344\/390
|
|switch|p1a: Alakazam|Alakazam, F|252\/252
|
|-heal|p2a: Suicune|368\/390|[from] item: Leftovers
|turn|6
|
|move|p1a: Alakazam|Calm Mind|p1a: Alakazam
|-boost|p1a: Alakazam|spa|1
|-boost|p1a: Alakazam|spd|1
|move|p2a: Suicune|Calm Mind|p2a: Suicune
|-boost|p2a: Suicune|spa|1
|-boost|p2a: Suicune|spd|1
|
|-heal|p2a: Suicune|390\/390|[from] item: Leftovers
|turn|7
|
|move|p1a: Alakazam|Calm Mind|p1a: Alakazam
|-boost|p1a: Alakazam|spa|1
|-boost|p1a: Alakazam|spd|1
|move|p2a: Suicune|Scald|p1a: Alakazam
|-damage|p1a: Alakazam|180\/252
|
|turn|8
|
|detailschange|p1a: Alakazam|Alakazam-Mega, F
|message|Alakazam has Mega Evolved into Mega Alakazam!
|-ability|p1a: Alakazam|Pressure|[from] ability: Trace|[of] p2a: Suicune
|-ability|p1a: Alakazam|Pressure
|move|p1a: Alakazam|Psyshock|p2a: Suicune
|-crit|p2a: Suicune
|-damage|p2a: Suicune|15\/390
|move|p2a: Suicune|Calm Mind|p2a: Suicune
|-boost|p2a: Suicune|spa|1
|-boost|p2a: Suicune|spd|1
|
|-heal|p2a: Suicune|39\/390|[from] item: Leftovers
|turn|9
|c|âPokeLegendRRDSG|crit sure
|c|âjeythegrey|i can 2 hit ko
|c|âjeythegrey|it doesnt matter
|
|move|p1a: Alakazam|Psyshock|p2a: Suicune
|-damage|p2a: Suicune|0 fnt
|faint|p2a: Suicune
|
|c|âPokeLegendRRDSG|yes it did
|c|âjeythegrey|how?
|c|âjeythegrey|lol
|c|âPokeLegendRRDSG|basic math tells you it did
|c|âPokeLegendRRDSG|crit does x2 the damage
|c|âPokeLegendRRDSG|would have done about 48 percent
|c|âjeythegrey|crit does 1.5
|c|âjeythegrey|this gen
|c|âjeythegrey|...
|c|âPokeLegendRRDSG|would have taken three hits
|c|âPokeLegendRRDSG|lol sure it does
|-message|PokeLegendRRDSG forfeited.
|c|âjeythegrey|look it up master of pokemon
|leave|PokeLegendRRDSG
|c|âjeythegrey|LMAO
|
|win|jeythegrey
|raw|Ladder updating...
|raw|jeythegrey's rating: 1654 &rarr; <strong>1661<\/strong><br \/>(+7 for winning)
|raw|PokeLegendRRDSG's rating: 1390 &rarr; <strong>1382<\/strong><br \/>(-8 for losing)
|player|p2
|c| Keaa|lololol
|c|âjeythegrey|nicht
|c|âjeythegrey|der hellst
|c|âjeythegrey|e