|join|jeythegrey
|join|azian
|player|p1|jeythegrey|163
|player|p2|azian|165
|gametype|singles
|gen|6
|tier|UU
|rated
|rule|Sleep Clause Mod: Limit one foe put to sleep
|rule|Species Clause: Limit one of each PokÃ©mon
|rule|OHKO Clause: OHKO moves are banned
|rule|Moody Clause: Moody is banned
|rule|Evasion Moves Clause: Evasion moves are banned
|rule|Endless Battle Clause: Forcing endless battles is banned
|rule|HP Percentage Mod: HP is shown in percentages
|clearpoke
|poke|p1|Sharpedo, M
|poke|p1|Chandelure, M
|poke|p1|Zygarde
|poke|p1|Forretress, F
|poke|p1|Chesnaught, F
|poke|p1|Togekiss, F
|poke|p2|Krookodile, M
|poke|p2|Lucario, F
|poke|p2|Suicune
|poke|p2|Forretress, F
|poke|p2|Entei, shiny
|poke|p2|Raikou
|rule|Swagger Clause: Swagger is banned
|rule|Baton Pass Clause: Limit one PokÃ©mon knowing Baton Pass
|teampreview
|join|rupe
|join|Lord Emvee
|join|Gelly
|
|start
|switch|p1a: Togekiss|Togekiss, F|373\/373
|switch|p2a: Raikou|Raikou|322\/322
|-ability|p2a: Raikou|Pressure
|turn|1
|
|move|p2a: Raikou|Volt Switch|p1a: Togekiss
|-supereffective|p1a: Togekiss
|-damage|p1a: Togekiss|185\/373
|
|switch|p2a: Entei|Entei, shiny|371\/371
|-ability|p2a: Entei|Pressure
|move|p1a: Togekiss|Roost|p1a: Togekiss
|-heal|p1a: Togekiss|372\/373
|
|-heal|p1a: Togekiss|373\/373|[from] item: Leftovers
|turn|2
|
|move|p2a: Entei|Stone Edge|p1a: Togekiss
|-supereffective|p1a: Togekiss
|-damage|p1a: Togekiss|0 fnt
|faint|p1a: Togekiss
|
|
|switch|p1a: Zygarde|Zygarde|405\/405
|-ability|p1a: Zygarde|Aura Break
|turn|3
|
|switch|p2a: Krookodile|Krookodile, M|331\/331
|-ability|p2a: Krookodile|Intimidate|[of] p1a: Zygarde
|-unboost|p1a: Zygarde|atk|1
|move|p1a: Zygarde|Coil|p1a: Zygarde
|-boost|p1a: Zygarde|atk|1
|-boost|p1a: Zygarde|def|1
|-boost|p1a: Zygarde|accuracy|1
|
|turn|4
|
|switch|p1a: Chesnaught|Chesnaught, F|380\/380
|move|p2a: Krookodile|Knock Off|p1a: Chesnaught
|-crit|p1a: Chesnaught
|-resisted|p1a: Chesnaught
|-damage|p1a: Chesnaught|263\/380
|-enditem|p1a: Chesnaught|Leftovers|[from] move: Knock Off|[of] p2a: Krookodile
|
|turn|5
|
|switch|p2a: Forretress|Forretress, F|354\/354
|move|p1a: Chesnaught|Spikes|p2a: Forretress
|-sidestart|p2: azian|Spikes
|
|turn|6
|
|switch|p1a: Chandelure|Chandelure, M|261\/261
|move|p2a: Forretress|Stealth Rock|p1a: Chandelure
|-sidestart|p1: jeythegrey|move: Stealth Rock
|
|turn|7
|
|move|p1a: Chandelure|Fire Blast|p2a: Forretress
|-supereffective|p2a: Forretress
|-activate|p2a: Forretress|Sturdy
|-damage|p2a: Forretress|1\/354
|move|p2a: Forretress|Volt Switch|p1a: Chandelure
|-damage|p1a: Chandelure|223\/261
|
|switch|p2a: Krookodile|Krookodile, M|331\/331
|-damage|p2a: Krookodile|290\/331|[from] Spikes
|-ability|p2a: Krookodile|Intimidate|[of] p1a: Chandelure
|-unboost|p1a: Chandelure|atk|1
|
|turn|8
|
|move|p2a: Krookodile|Pursuit|p1a: Chandelure|[from]Pursuit
|-supereffective|p1a: Chandelure
|-damage|p1a: Chandelure|0 fnt
|faint|p1a: Chandelure
|
|
|switch|p1a: Chesnaught|Chesnaught, F|263\/380
|-damage|p1a: Chesnaught|240\/380|[from] Stealth Rock
|turn|9
|
|switch|p2a: Forretress|Forretress, F|1\/354
|-damage|p2a: Forretress|0 fnt|[from] Spikes
|faint|p2a: Forretress
|move|p1a: Chesnaught|Leech Seed|p2: Forretress|[notarget]
|-notarget
|
|
|switch|p2a: Lucario|Lucario, F|281\/281
|-damage|p2a: Lucario|246\/281|[from] Spikes
|turn|10
|
|move|p2a: Lucario|Flash Cannon|p1a: Chesnaught
|-damage|p1a: Chesnaught|32\/380
|-damage|p2a: Lucario|218\/281|[from] item: Life Orb
|move|p1a: Chesnaught|Drain Punch|p2a: Lucario
|-supereffective|p2a: Lucario
|-damage|p2a: Lucario|0 fnt
|-heal|p1a: Chesnaught|141\/380|[from] drain|[of] p2a: Lucario
|faint|p2a: Lucario
|
|
|switch|p2a: Raikou|Raikou|322\/322
|-damage|p2a: Raikou|282\/322|[from] Spikes
|-ability|p2a: Raikou|Pressure
|turn|11
|
|move|p1a: Chesnaught|Spiky Shield|p1a: Chesnaught
|-singleturn|p1a: Chesnaught|move: Protect
|move|p2a: Raikou|Extrasensory|p1a: Chesnaught
|-activate|p1a: Chesnaught|move: Protect
|
|turn|12
|
|move|p2a: Raikou|Thunderbolt|p1a: Chesnaught
|-resisted|p1a: Chesnaught
|-damage|p1a: Chesnaught|44\/380
|move|p1a: Chesnaught|Leech Seed|p2a: Raikou
|-start|p2a: Raikou|move: Leech Seed
|
|-damage|p2a: Raikou|242\/322|[from] Leech Seed|[of] p1a: Chesnaught
|-heal|p1a: Chesnaught|84\/380|[silent]
|turn|13
|
|switch|p2a: Krookodile|Krookodile, M|290\/331
|-damage|p2a: Krookodile|249\/331|[from] Spikes
|-ability|p2a: Krookodile|Intimidate|[of] p1a: Chesnaught
|-unboost|p1a: Chesnaught|atk|1
|move|p1a: Chesnaught|Spiky Shield|p1a: Chesnaught
|-fail|p1a: Chesnaught
|
|turn|14
|
|move|p1a: Chesnaught|Spiky Shield|p1a: Chesnaught
|-singleturn|p1a: Chesnaught|move: Protect
|move|p2a: Krookodile|Earthquake|p1a: Chesnaught
|-activate|p1a: Chesnaught|move: Protect
|
|turn|15
|
|move|p2a: Krookodile|Earthquake|p1a: Chesnaught
|-resisted|p1a: Chesnaught
|-damage|p1a: Chesnaught|9\/380
|move|p1a: Chesnaught|Leech Seed|p2a: Krookodile
|-start|p2a: Krookodile|move: Leech Seed
|
|-damage|p2a: Krookodile|208\/331|[from] Leech Seed|[of] p1a: Chesnaught
|-heal|p1a: Chesnaught|50\/380|[silent]
|turn|16
|
|move|p2a: Krookodile|Earthquake|p1a: Chesnaught
|-resisted|p1a: Chesnaught
|-damage|p1a: Chesnaught|0 fnt
|faint|p1a: Chesnaught
|
|
|switch|p1a: Forretress|Forretress, F|354\/354
|-damage|p1a: Forretress|310\/354|[from] Stealth Rock
|turn|17
|
|switch|p2a: Suicune|Suicune|404\/404
|-damage|p2a: Suicune|354\/404|[from] Spikes
|-ability|p2a: Suicune|Pressure
|move|p1a: Forretress|Stealth Rock|p2a: Suicune
|-sidestart|p2: azian|move: Stealth Rock
|
|-heal|p2a: Suicune|379\/404|[from] item: Leftovers
|-heal|p1a: Forretress|332\/354|[from] item: Leftovers
|turn|18
|
|move|p2a: Suicune|Calm Mind|p2a: Suicune
|-boost|p2a: Suicune|spa|1
|-boost|p2a: Suicune|spd|1
|move|p1a: Forretress|Volt Switch|p2a: Suicune
|-supereffective|p2a: Suicune
|-damage|p2a: Suicune|339\/404
|
|switch|p1a: Zygarde|Zygarde|405\/405
|-damage|p1a: Zygarde|380\/405|[from] Stealth Rock
|-ability|p1a: Zygarde|Aura Break
|
|-heal|p1a: Zygarde|405\/405|[from] item: Leftovers
|-heal|p2a: Suicune|364\/404|[from] item: Leftovers
|turn|19
|
|move|p1a: Zygarde|Substitute|p1a: Zygarde
|-start|p1a: Zygarde|Substitute
|-damage|p1a: Zygarde|304\/405
|move|p2a: Suicune|Scald|p1a: Zygarde
|-end|p1a: Zygarde|Substitute
|
|-heal|p1a: Zygarde|329\/405|[from] item: Leftovers
|-heal|p2a: Suicune|389\/404|[from] item: Leftovers
|turn|20
|
|move|p2a: Suicune|Scald|p1a: Zygarde
|-crit|p1a: Zygarde
|-damage|p1a: Zygarde|185\/405
|move|p1a: Zygarde|Dragon Tail|p2a: Suicune
|-damage|p2a: Suicune|341\/404
|drag|p2a: Krookodile|Krookodile, M|208\/331
|-damage|p2a: Krookodile|188\/331|[from] Stealth Rock
|-damage|p2a: Krookodile|147\/331|[from] Spikes
|-ability|p2a: Krookodile|Intimidate|[of] p1a: Zygarde
|-unboost|p1a: Zygarde|atk|1
|
|-heal|p1a: Zygarde|210\/405|[from] item: Leftovers
|turn|21
|
|switch|p1a: Forretress|Forretress, F|332\/354
|-damage|p1a: Forretress|288\/354|[from] Stealth Rock
|move|p2a: Krookodile|Earthquake|p1a: Forretress
|-damage|p1a: Forretress|155\/354
|
|-heal|p1a: Forretress|177\/354|[from] item: Leftovers
|turn|22
|
|move|p2a: Krookodile|Earthquake|p1a: Forretress
|-damage|p1a: Forretress|41\/354
|move|p1a: Forretress|Rapid Spin|p2a: Krookodile
|-damage|p2a: Krookodile|130\/331
|-sideend|p1: jeythegrey|Stealth Rock|[from] move: Rapid Spin|[of] p1a: Forretress
|
|-heal|p1a: Forretress|63\/354|[from] item: Leftovers
|turn|23
|
|move|p2a: Krookodile|Earthquake|p1a: Forretress
|-damage|p1a: Forretress|0 fnt
|faint|p1a: Forretress
|
|
|switch|p1a: Sharpedo|Sharpedo, M|281\/281
|turn|24
|
|switch|p2a: Entei|Entei, shiny|371\/371
|-damage|p2a: Entei|325\/371|[from] Spikes
|-damage|p2a: Entei|233\/371|[from] Stealth Rock
|-ability|p2a: Entei|Pressure
|move|p1a: Sharpedo|Protect|p1a: Sharpedo
|-fail|p1a: Sharpedo
|
|-boost|p1a: Sharpedo|spe|1|[from] ability: Speed Boost
|turn|25
|
|move|p1a: Sharpedo|Protect|p1a: Sharpedo
|-singleturn|p1a: Sharpedo|Protect
|move|p2a: Entei|Extreme Speed|p1a: Sharpedo
|-activate|p1a: Sharpedo|Protect
|
|-boost|p1a: Sharpedo|spe|1|[from] ability: Speed Boost
|turn|26
|
|switch|p1a: Zygarde|Zygarde|210\/405
|-ability|p1a: Zygarde|Aura Break
|move|p2a: Entei|Extreme Speed|p1a: Zygarde
|-damage|p1a: Zygarde|96\/405
|
|-heal|p1a: Zygarde|121\/405|[from] item: Leftovers
|turn|27
|
|move|p2a: Entei|Extreme Speed|p1a: Zygarde
|-damage|p1a: Zygarde|3\/405
|move|p1a: Zygarde|Dragon Tail|p2a: Entei
|-damage|p2a: Entei|148\/371
|drag|p2a: Suicune|Suicune|341\/404
|-damage|p2a: Suicune|291\/404|[from] Spikes
|-damage|p2a: Suicune|241\/404|[from] Stealth Rock
|-ability|p2a: Suicune|Pressure
|
|-heal|p1a: Zygarde|28\/405|[from] item: Leftovers
|-heal|p2a: Suicune|266\/404|[from] item: Leftovers
|turn|28
|join|Lord Bagel
|
|move|p1a: Zygarde|Earthquake|p2a: Suicune
|-damage|p2a: Suicune|188\/404
|move|p2a: Suicune|Scald|p1a: Zygarde
|-damage|p1a: Zygarde|0 fnt
|faint|p1a: Zygarde
|
|-heal|p2a: Suicune|213\/404|[from] item: Leftovers
|
|switch|p1a: Sharpedo|Sharpedo, M|281\/281
|turn|29
|
|move|p1a: Sharpedo|Protect|p1a: Sharpedo
|-singleturn|p1a: Sharpedo|Protect
|move|p2a: Suicune|Rest|p2a: Suicune
|-status|p2a: Suicune|slp
|-heal|p2a: Suicune|404\/404 slp|[silent]
|-status|p2a: Suicune|slp|[from] move: Rest
|
|-boost|p1a: Sharpedo|spe|1|[from] ability: Speed Boost
|turn|30
|
|detailschange|p1a: Sharpedo|Sharpedo-Mega, M
|message|Sharpedo has Mega Evolved into Mega Sharpedo!
|move|p1a: Sharpedo|Crunch|p2a: Suicune
|-damage|p2a: Suicune|230\/404 slp
|cant|p2a: Suicune|slp
|move|p2a: Suicune|Sleep Talk|p2a: Suicune
|move|p2a: Suicune|Rest|p2a: Suicune|[from]Sleep Talk
|-fail|p2a: Suicune
|
|-heal|p2a: Suicune|255\/404 slp|[from] item: Leftovers
|turn|31
|
|move|p1a: Sharpedo|Crunch|p2a: Suicune
|-damage|p2a: Suicune|78\/404 slp
|cant|p2a: Suicune|slp
|move|p2a: Suicune|Sleep Talk|p2a: Suicune
|move|p2a: Suicune|Rest|p2a: Suicune|[from]Sleep Talk
|-fail|p2a: Suicune
|
|-heal|p2a: Suicune|103\/404 slp|[from] item: Leftovers
|turn|32
|
|move|p1a: Sharpedo|Crunch|p2a: Suicune
|-damage|p2a: Suicune|0 fnt
|faint|p2a: Suicune
|
|
|switch|p2a: Krookodile|Krookodile, M|130\/331
|-damage|p2a: Krookodile|89\/331|[from] Spikes
|-damage|p2a: Krookodile|69\/331|[from] Stealth Rock
|-ability|p2a: Krookodile|Intimidate|[of] p1a: Sharpedo
|-unboost|p1a: Sharpedo|atk|1
|turn|33
|
|switch|p2a: Entei|Entei, shiny|148\/371
|-damage|p2a: Entei|102\/371|[from] Spikes
|-damage|p2a: Entei|10\/371|[from] Stealth Rock
|-ability|p2a: Entei|Pressure
|move|p1a: Sharpedo|Waterfall|p2a: Entei
|-supereffective|p2a: Entei
|-damage|p2a: Entei|0 fnt
|faint|p2a: Entei
|
|
|switch|p2a: Krookodile|Krookodile, M|69\/331
|-damage|p2a: Krookodile|49\/331|[from] Stealth Rock
|-damage|p2a: Krookodile|8\/331|[from] Spikes
|-ability|p2a: Krookodile|Intimidate|[of] p1a: Sharpedo
|-unboost|p1a: Sharpedo|atk|1
|turn|34
|
|move|p1a: Sharpedo|Crunch|p2a: Krookodile
|-resisted|p2a: Krookodile
|-damage|p2a: Krookodile|0 fnt
|faint|p2a: Krookodile
|
|
|switch|p2a: Raikou|Raikou|242\/322
|-damage|p2a: Raikou|202\/322|[from] Stealth Rock
|-damage|p2a: Raikou|162\/322|[from] Spikes
|-ability|p2a: Raikou|Pressure
|turn|35
|
|move|p1a: Sharpedo|Crunch|p2a: Raikou
|-damage|p2a: Raikou|0 fnt
|faint|p2a: Raikou
|
|win|jeythegrey
|raw|Ladder updating...
|raw|jeythegrey's rating: 1494 &rarr; <strong>1517<\/strong><br \/>(+23 for winning)
|raw|azian's rating: 1562 &rarr; <strong>1538<\/strong><br \/>(-24 for losing)
|leave|azian
|player|p2
|leave|Lord Emvee
|leave|Gelly