|join|jeythegrey
|join|Sarcastrophe
|player|p1|jeythegrey|266
|player|p2|Sarcastrophe|101
|gametype|singles
|gen|6
|tier|UU
|rated
|rule|Sleep Clause Mod: Limit one foe put to sleep
|rule|Species Clause: Limit one of each PokÃ©mon
|rule|OHKO Clause: OHKO moves are banned
|rule|Moody Clause: Moody is banned
|rule|Evasion Moves Clause: Evasion moves are banned
|rule|Endless Battle Clause: Forcing endless battles is banned
|rule|HP Percentage Mod: HP is shown in percentages
|clearpoke
|poke|p1|Shuckle, M
|poke|p1|Lucario, M
|poke|p1|Chandelure, M
|poke|p1|Florges, F
|poke|p1|Haxorus, F
|poke|p1|Honchkrow, M
|poke|p2|Nidoking, M
|poke|p2|Milotic, F
|poke|p2|Aerodactyl, M
|poke|p2|Darmanitan, M
|poke|p2|Celebi
|poke|p2|Forretress, F
|rule|Swagger Clause: Swagger is banned
|rule|Baton Pass Clause: Limit one PokÃ©mon knowing Baton Pass
|teampreview
|join|Da Raikage
|
|start
|switch|p1a: Shuckle|Shuckle, M|244\/244
|switch|p2a: Milotic|Milotic, F|394\/394
|turn|1
|
|move|p2a: Milotic|Scald|p1a: Shuckle
|-supereffective|p1a: Shuckle
|-damage|p1a: Shuckle|164\/244
|move|p1a: Shuckle|Sticky Web|p2a: Milotic
|-sidestart|p2: Sarcastrophe|move: Sticky Web
|
|turn|2
|
|move|p2a: Milotic|Scald|p1a: Shuckle
|-supereffective|p1a: Shuckle
|-damage|p1a: Shuckle|90\/244
|-status|p1a: Shuckle|brn
|move|p1a: Shuckle|Stealth Rock|p2a: Milotic
|-sidestart|p2: Sarcastrophe|move: Stealth Rock
|
|-damage|p1a: Shuckle|60\/244 brn|[from] brn
|turn|3
|
|switch|p1a: Haxorus|Haxorus, F|293\/293
|-ability|p1a: Haxorus|Mold Breaker
|move|p2a: Milotic|Scald|p1a: Haxorus
|-resisted|p1a: Haxorus
|-damage|p1a: Haxorus|232\/293
|
|turn|4
|
|move|p1a: Haxorus|Earthquake|p2a: Milotic
|-damage|p2a: Milotic|267\/394
|move|p2a: Milotic|Ice Beam|p1a: Haxorus
|-supereffective|p1a: Haxorus
|-damage|p1a: Haxorus|36\/293
|
|-heal|p2a: Milotic|291\/394|[from] item: Leftovers
|turn|5
|
|switch|p1a: Florges|Florges, F|350\/350
|move|p2a: Milotic|Recover|p2a: Milotic
|-heal|p2a: Milotic|394\/394
|
|turn|6
|
|switch|p2a: Forretress|Forretress, F|354\/354
|-damage|p2a: Forretress|310\/354|[from] Stealth Rock
|-activate|p2a: Forretress|move: Sticky Web
|-unboost|p2a: Forretress|spe|1
|move|p1a: Florges|Calm Mind|p1a: Florges
|-boost|p1a: Florges|spa|1
|-boost|p1a: Florges|spd|1
|
|-heal|p2a: Forretress|332\/354|[from] item: Leftovers
|turn|7
|
|switch|p1a: Chandelure|Chandelure, M|261\/261
|move|p2a: Forretress|Stealth Rock|p1a: Chandelure
|-sidestart|p1: jeythegrey|move: Stealth Rock
|
|-heal|p2a: Forretress|354\/354|[from] item: Leftovers
|turn|8
|
|switch|p2a: Milotic|Milotic, F|394\/394
|-activate|p2a: Milotic|move: Sticky Web
|-unboost|p2a: Milotic|spe|1
|-damage|p2a: Milotic|345\/394|[from] Stealth Rock
|move|p1a: Chandelure|Shadow Ball|p2a: Milotic
|-damage|p2a: Milotic|180\/394
|-unboost|p2a: Milotic|spd|1
|-damage|p1a: Chandelure|235\/261|[from] item: Life Orb
|
|-heal|p2a: Milotic|204\/394|[from] item: Leftovers
|turn|9
|
|switch|p2a: Celebi|Celebi|342\/342
|-activate|p2a: Celebi|move: Sticky Web
|-unboost|p2a: Celebi|spe|1
|-damage|p2a: Celebi|300\/342|[from] Stealth Rock
|move|p1a: Chandelure|Shadow Ball|p2a: Celebi
|-supereffective|p2a: Celebi
|-damage|p2a: Celebi|0 fnt
|-damage|p1a: Chandelure|209\/261|[from] item: Life Orb
|faint|p2a: Celebi
|
|
|switch|p2a: Aerodactyl|Aerodactyl, M|302\/302
|-damage|p2a: Aerodactyl|227\/302|[from] Stealth Rock
|-ability|p2a: Aerodactyl|Pressure
|turn|10
|
|switch|p1a: Shuckle|Shuckle, M|60\/244 brn
|-damage|p1a: Shuckle|0 fnt|[from] Stealth Rock
|faint|p1a: Shuckle
|detailschange|p2a: Aerodactyl|Aerodactyl-Mega, M
|message|Aerodactyl has Mega Evolved into Mega Aerodactyl!
|move|p2a: Aerodactyl|Earthquake|p1: Shuckle|[notarget]
|-notarget
|
|
|switch|p1a: Florges|Florges, F|350\/350
|-damage|p1a: Florges|307\/350|[from] Stealth Rock
|turn|11
|
|switch|p2a: Forretress|Forretress, F|354\/354
|-damage|p2a: Forretress|310\/354|[from] Stealth Rock
|-activate|p2a: Forretress|move: Sticky Web
|-unboost|p2a: Forretress|spe|1
|move|p1a: Florges|Moonblast|p2a: Forretress
|-resisted|p2a: Forretress
|-damage|p2a: Forretress|220\/354
|
|-heal|p1a: Florges|328\/350|[from] item: Leftovers
|-heal|p2a: Forretress|242\/354|[from] item: Leftovers
|turn|12
|
|switch|p1a: Haxorus|Haxorus, F|36\/293
|-damage|p1a: Haxorus|0 fnt|[from] Stealth Rock
|faint|p1a: Haxorus
|move|p2a: Forretress|Rapid Spin|p1: Haxorus|[notarget]
|-notarget
|
|-heal|p2a: Forretress|264\/354|[from] item: Leftovers
|
|switch|p1a: Chandelure|Chandelure, M|209\/261
|-damage|p1a: Chandelure|144\/261|[from] Stealth Rock
|turn|13
|
|switch|p2a: Nidoking|Nidoking, M|304\/304
|-damage|p2a: Nidoking|285\/304|[from] Stealth Rock
|-activate|p2a: Nidoking|move: Sticky Web
|-unboost|p2a: Nidoking|spe|1
|move|p1a: Chandelure|Shadow Ball|p2a: Nidoking
|-damage|p2a: Nidoking|7\/304
|-damage|p1a: Chandelure|118\/261|[from] item: Life Orb
|
|turn|14
|
|move|p1a: Chandelure|Shadow Ball|p2a: Nidoking
|-damage|p2a: Nidoking|0 fnt
|-damage|p1a: Chandelure|92\/261|[from] item: Life Orb
|faint|p2a: Nidoking
|
|
|switch|p2a: Aerodactyl|Aerodactyl-Mega, M|227\/302
|-damage|p2a: Aerodactyl|152\/302|[from] Stealth Rock
|turn|15
|
|switch|p1a: Honchkrow|Honchkrow, M|341\/341
|-damage|p1a: Honchkrow|256\/341|[from] Stealth Rock
|move|p2a: Aerodactyl|Aerial Ace|p1a: Honchkrow
|-damage|p1a: Honchkrow|0 fnt
|faint|p1a: Honchkrow
|
|
|switch|p1a: Florges|Florges, F|328\/350
|-damage|p1a: Florges|285\/350|[from] Stealth Rock
|turn|16
|
|switch|p2a: Darmanitan|Darmanitan, M|351\/351
|-damage|p2a: Darmanitan|264\/351|[from] Stealth Rock
|-activate|p2a: Darmanitan|move: Sticky Web
|-unboost|p2a: Darmanitan|spe|1
|move|p1a: Florges|Moonblast|p2a: Darmanitan
|-resisted|p2a: Darmanitan
|-damage|p2a: Darmanitan|168\/351
|
|-heal|p1a: Florges|306\/350|[from] item: Leftovers
|turn|17
|
|move|p1a: Florges|Protect|p1a: Florges
|-singleturn|p1a: Florges|Protect
|move|p2a: Darmanitan|Flare Blitz|p1a: Florges
|-activate|p1a: Florges|Protect
|
|-heal|p1a: Florges|327\/350|[from] item: Leftovers
|turn|18
|
|move|p2a: Darmanitan|Flare Blitz|p1a: Florges
|-damage|p1a: Florges|0 fnt
|-damage|p2a: Darmanitan|60\/351|[from] recoil|[of] p1a: Florges
|faint|p1a: Florges
|
|
|switch|p1a: Chandelure|Chandelure, M|92\/261
|-damage|p1a: Chandelure|27\/261|[from] Stealth Rock
|turn|19
|
|move|p1a: Chandelure|Pain Split|p2a: Darmanitan
|-sethp|p2a: Darmanitan|43\/351|p1a: Chandelure|43\/261|[from] move: Pain Split
|move|p2a: Darmanitan|Flare Blitz|p1a: Chandelure
|-start|p1a: Chandelure|ability: Flash Fire
|
|turn|20
|
|move|p1a: Chandelure|Fire Blast|p2a: Darmanitan
|-resisted|p2a: Darmanitan
|-damage|p2a: Darmanitan|0 fnt
|-damage|p1a: Chandelure|17\/261|[from] item: Life Orb
|faint|p2a: Darmanitan
|
|
|switch|p2a: Milotic|Milotic, F|204\/394
|-damage|p2a: Milotic|155\/394|[from] Stealth Rock
|-activate|p2a: Milotic|move: Sticky Web
|-unboost|p2a: Milotic|spe|1
|turn|21
|
|move|p1a: Chandelure|Taunt|p2a: Milotic
|-start|p2a: Milotic|move: Taunt
|cant|p2a: Milotic|move: Taunt|Recover
|
|-heal|p2a: Milotic|179\/394|[from] item: Leftovers
|turn|22
|
|move|p1a: Chandelure|Fire Blast|p2a: Milotic|[miss]
|-miss|p1a: Chandelure|p2a: Milotic
|move|p2a: Milotic|Scald|p1a: Chandelure
|-supereffective|p1a: Chandelure
|-damage|p1a: Chandelure|0 fnt
|faint|p1a: Chandelure
|
|-heal|p2a: Milotic|203\/394|[from] item: Leftovers
|
|switch|p1a: Lucario|Lucario, M|281\/281
|-damage|p1a: Lucario|273\/281|[from] Stealth Rock
|turn|23
|
|move|p1a: Lucario|Swords Dance|p1a: Lucario
|-boost|p1a: Lucario|atk|2
|move|p2a: Milotic|Scald|p1a: Lucario
|-damage|p1a: Lucario|140\/281
|
|-heal|p2a: Milotic|227\/394|[from] item: Leftovers
|-end|p2a: Milotic|move: Taunt
|turn|24
|
|move|p1a: Lucario|Close Combat|p2a: Milotic
|-crit|p2a: Milotic
|-damage|p2a: Milotic|0 fnt
|-unboost|p1a: Lucario|def|1
|-unboost|p1a: Lucario|spd|1
|-damage|p1a: Lucario|112\/281|[from] item: Life Orb
|faint|p2a: Milotic
|
|
|switch|p2a: Forretress|Forretress, F|264\/354
|-damage|p2a: Forretress|220\/354|[from] Stealth Rock
|-activate|p2a: Forretress|move: Sticky Web
|-unboost|p2a: Forretress|spe|1
|turn|25
|
|move|p1a: Lucario|Close Combat|p2a: Forretress
|-damage|p2a: Forretress|0 fnt
|-unboost|p1a: Lucario|def|1
|-unboost|p1a: Lucario|spd|1
|-damage|p1a: Lucario|84\/281|[from] item: Life Orb
|faint|p2a: Forretress
|
|
|switch|p2a: Aerodactyl|Aerodactyl-Mega, M|152\/302
|-damage|p2a: Aerodactyl|77\/302|[from] Stealth Rock
|turn|26
|
|move|p1a: Lucario|Extreme Speed|p2a: Aerodactyl
|-resisted|p2a: Aerodactyl
|-damage|p2a: Aerodactyl|0 fnt
|-damage|p1a: Lucario|56\/281|[from] item: Life Orb
|faint|p2a: Aerodactyl
|
|win|jeythegrey
|raw|Ladder updating...
|raw|jeythegrey's rating: 1479 &rarr; <strong>1499<\/strong><br \/>(+20 for winning)
|raw|Sarcastrophe's rating: 1484 &rarr; <strong>1464<\/strong><br \/>(-20 for losing)
|c|âSarcastrophe|gg
|leave|Sarcastrophe
|player|p2
|c|âjeythegrey|gg
|leave|Da Raikage