|join|JeyTheGrey
|join|torbotis
|player|p1|JeyTheGrey|163
|player|p2|torbotis|21
|gametype|singles
|gen|6
|tier|UU
|rated
|rule|Sleep Clause Mod: Limit one foe put to sleep
|rule|Species Clause: Limit one of each PokÃ©mon
|rule|OHKO Clause: OHKO moves are banned
|rule|Moody Clause: Moody is banned
|rule|Evasion Moves Clause: Evasion moves are banned
|rule|Endless Battle Clause: Forcing endless battles is banned
|rule|HP Percentage Mod: HP is shown in percentages
|clearpoke
|poke|p1|Alakazam, F
|poke|p1|Crobat, F
|poke|p1|Swampert, F
|poke|p1|Florges, F
|poke|p1|Hydreigon, F
|poke|p1|Lucario, F
|poke|p2|Jirachi
|poke|p2|Crobat, M
|poke|p2|Blastoise, M
|poke|p2|Rhyperior, F
|poke|p2|Shaymin
|poke|p2|Toxicroak, M
|rule|Swagger Clause: Swagger is banned
|rule|Baton Pass Clause: Limit one PokÃ©mon knowing Baton Pass
|teampreview
|
|start
|switch|p1a: Hydreigon|Hydreigon, F|325\/325
|switch|p2a: Rhyperior|Rhyperior, F|433\/433
|turn|1
|
|move|p1a: Hydreigon|Dark Pulse|p2a: Rhyperior
|-damage|p2a: Rhyperior|276\/433
|move|p2a: Rhyperior|Stealth Rock|p1a: Hydreigon
|-sidestart|p1: JeyTheGrey|move: Stealth Rock
|
|-heal|p2a: Rhyperior|303\/433|[from] item: Leftovers
|turn|2
|
|move|p2a: Rhyperior|Protect|p2a: Rhyperior
|-singleturn|p2a: Rhyperior|Protect
|move|p1a: Hydreigon|Dark Pulse|p2a: Rhyperior
|-activate|p2a: Rhyperior|Protect
|
|-heal|p2a: Rhyperior|330\/433|[from] item: Leftovers
|turn|3
|
|move|p1a: Hydreigon|Dark Pulse|p2a: Rhyperior
|-damage|p2a: Rhyperior|188\/433
|move|p2a: Rhyperior|Rock Blast|p1a: Hydreigon|[miss]
|-miss|p2a: Rhyperior|p1a: Hydreigon
|
|-heal|p2a: Rhyperior|215\/433|[from] item: Leftovers
|turn|4
|
|move|p2a: Rhyperior|Protect|p2a: Rhyperior
|-singleturn|p2a: Rhyperior|Protect
|move|p1a: Hydreigon|Dark Pulse|p2a: Rhyperior
|-activate|p2a: Rhyperior|Protect
|
|-heal|p2a: Rhyperior|242\/433|[from] item: Leftovers
|turn|5
|
|move|p1a: Hydreigon|Dark Pulse|p2a: Rhyperior
|-damage|p2a: Rhyperior|106\/433
|move|p2a: Rhyperior|Rock Blast|p1a: Hydreigon
|-damage|p1a: Hydreigon|280\/325
|-damage|p1a: Hydreigon|240\/325
|-damage|p1a: Hydreigon|197\/325
|-damage|p1a: Hydreigon|155\/325
|-hitcount|p1a: Hydreigon|4
|
|-heal|p2a: Rhyperior|133\/433|[from] item: Leftovers
|turn|6
|
|move|p2a: Rhyperior|Protect|p2a: Rhyperior
|-singleturn|p2a: Rhyperior|Protect
|move|p1a: Hydreigon|Dark Pulse|p2a: Rhyperior
|-activate|p2a: Rhyperior|Protect
|
|-heal|p2a: Rhyperior|160\/433|[from] item: Leftovers
|turn|7
|
|move|p1a: Hydreigon|Dark Pulse|p2a: Rhyperior
|-damage|p2a: Rhyperior|16\/433
|cant|p2a: Rhyperior|flinch
|
|-heal|p2a: Rhyperior|43\/433|[from] item: Leftovers
|turn|8
|
|move|p2a: Rhyperior|Protect|p2a: Rhyperior
|-singleturn|p2a: Rhyperior|Protect
|move|p1a: Hydreigon|Dark Pulse|p2a: Rhyperior
|-activate|p2a: Rhyperior|Protect
|
|-heal|p2a: Rhyperior|70\/433|[from] item: Leftovers
|turn|9
|
|move|p2a: Rhyperior|Protect|p2a: Rhyperior
|-fail|p2a: Rhyperior
|move|p1a: Hydreigon|Dark Pulse|p2a: Rhyperior
|-damage|p2a: Rhyperior|0 fnt
|faint|p2a: Rhyperior
|
|
|switch|p2a: Crobat|Crobat, M|317\/317
|turn|10
|
|switch|p1a: Swampert|Swampert, F|404\/404
|-damage|p1a: Swampert|379\/404|[from] Stealth Rock
|move|p2a: Crobat|Brave Bird|p1a: Swampert
|-damage|p1a: Swampert|214\/404
|-damage|p2a: Crobat|263\/317|[from] recoil|[of] p1a: Swampert
|
|-heal|p1a: Swampert|239\/404|[from] item: Leftovers
|turn|11
|
|switch|p1a: Crobat|Crobat, F|311\/311
|-damage|p1a: Crobat|234\/311|[from] Stealth Rock
|move|p2a: Crobat|Brave Bird|p1a: Crobat
|-damage|p1a: Crobat|3\/311
|-damage|p2a: Crobat|187\/317|[from] recoil|[of] p1a: Crobat
|
|-heal|p1a: Crobat|22\/311|[from] item: Leftovers
|turn|12
|
|move|p1a: Crobat|Defog|p2a: Crobat
|-unboost|p2a: Crobat|evasion|1
|-sideend|p1: JeyTheGrey|Stealth Rock|[from] move: Defog|[of] p1a: Crobat
|move|p2a: Crobat|Brave Bird|p1a: Crobat
|-damage|p1a: Crobat|0 fnt
|-damage|p2a: Crobat|180\/317|[from] recoil|[of] p1a: Crobat
|faint|p1a: Crobat
|
|
|switch|p1a: Hydreigon|Hydreigon, F|155\/325
|turn|13
|
|move|p1a: Hydreigon|Draco Meteor|p2a: Crobat
|-damage|p2a: Crobat|0 fnt
|-unboost|p1a: Hydreigon|spa|2
|faint|p2a: Crobat
|
|
|switch|p2a: Toxicroak|Toxicroak, M|307\/307
|turn|14
|
|switch|p1a: Swampert|Swampert, F|239\/404
|move|p2a: Toxicroak|Swords Dance|p2a: Toxicroak
|-boost|p2a: Toxicroak|atk|2
|
|-heal|p1a: Swampert|264\/404|[from] item: Leftovers
|turn|15
|
|move|p2a: Toxicroak|Drain Punch|p1a: Swampert
|-damage|p1a: Swampert|0 fnt
|-damage|p2a: Toxicroak|277\/307|[from] item: Life Orb
|faint|p1a: Swampert
|
|
|switch|p1a: Hydreigon|Hydreigon, F|155\/325
|turn|16
|
|move|p2a: Toxicroak|Sucker Punch|p1a: Hydreigon
|-resisted|p1a: Hydreigon
|-damage|p1a: Hydreigon|29\/325
|-damage|p2a: Toxicroak|247\/307|[from] item: Life Orb
|move|p1a: Hydreigon|Draco Meteor|p2a: Toxicroak
|-damage|p2a: Toxicroak|0 fnt
|-unboost|p1a: Hydreigon|spa|2
|faint|p2a: Toxicroak
|
|
|switch|p2a: Jirachi|Jirachi|384\/384
|turn|17
|
|switch|p1a: Florges|Florges, F|360\/360
|move|p2a: Jirachi|Calm Mind|p2a: Jirachi
|-boost|p2a: Jirachi|spa|1
|-boost|p2a: Jirachi|spd|1
|
|turn|18
|
|move|p2a: Jirachi|Calm Mind|p2a: Jirachi
|-boost|p2a: Jirachi|spa|1
|-boost|p2a: Jirachi|spd|1
|move|p1a: Florges|Moonblast|p2a: Jirachi
|-resisted|p2a: Jirachi
|-damage|p2a: Jirachi|353\/384
|
|-heal|p2a: Jirachi|377\/384|[from] item: Leftovers
|turn|19
|
|switch|p1a: Hydreigon|Hydreigon, F|29\/325
|move|p2a: Jirachi|Calm Mind|p2a: Jirachi
|-boost|p2a: Jirachi|spa|1
|-boost|p2a: Jirachi|spd|1
|
|-heal|p2a: Jirachi|384\/384|[from] item: Leftovers
|turn|20
|
|move|p1a: Hydreigon|Dark Pulse|p2a: Jirachi
|-supereffective|p2a: Jirachi
|-damage|p2a: Jirachi|280\/384
|move|p2a: Jirachi|Flash Cannon|p1a: Hydreigon
|-damage|p1a: Hydreigon|0 fnt
|faint|p1a: Hydreigon
|
|-heal|p2a: Jirachi|304\/384|[from] item: Leftovers
|
|switch|p1a: Lucario|Lucario, F|281\/281
|turn|21
|
|move|p1a: Lucario|Close Combat|p2a: Jirachi
|-crit|p2a: Jirachi
|-damage|p2a: Jirachi|0 fnt
|-unboost|p1a: Lucario|def|1
|-unboost|p1a: Lucario|spd|1
|-damage|p1a: Lucario|253\/281|[from] item: Life Orb
|faint|p2a: Jirachi
|
|c|âtorbotis|crit mattered
|
|switch|p2a: Blastoise|Blastoise, M|354\/354
|turn|22
|
|move|p1a: Lucario|Close Combat|p2a: Blastoise
|-damage|p2a: Blastoise|68\/354
|-unboost|p1a: Lucario|def|1
|-unboost|p1a: Lucario|spd|1
|-damage|p1a: Lucario|225\/281|[from] item: Life Orb
|move|p2a: Blastoise|Hydro Pump|p1a: Lucario
|-damage|p1a: Lucario|0 fnt
|faint|p1a: Lucario
|
|
|switch|p1a: Alakazam|Alakazam, F|252\/252
|turn|23
|
|detailschange|p1a: Alakazam|Alakazam-Mega, F
|message|Alakazam has Mega Evolved into Mega Alakazam!
|-ability|p1a: Alakazam|Torrent|[from] ability: Trace|[of] p2a: Blastoise
|detailschange|p2a: Blastoise|Blastoise-Mega, M
|message|Blastoise has Mega Evolved into Mega Blastoise!
|move|p1a: Alakazam|Psyshock|p2a: Blastoise
|-damage|p2a: Blastoise|0 fnt
|faint|p2a: Blastoise
|
|
|switch|p2a: Shaymin|Shaymin|345\/345
|turn|24
|
|move|p2a: Shaymin|Protect|p2a: Shaymin
|-singleturn|p2a: Shaymin|Protect
|move|p1a: Alakazam|Calm Mind|p1a: Alakazam
|-boost|p1a: Alakazam|spa|1
|-boost|p1a: Alakazam|spd|1
|
|turn|25
|
|move|p1a: Alakazam|Psyshock|p2a: Shaymin
|-damage|p2a: Shaymin|57\/345
|move|p2a: Shaymin|Seed Flare|p1a: Alakazam|[miss]
|-miss|p2a: Shaymin|p1a: Alakazam
|
|-heal|p2a: Shaymin|78\/345|[from] item: Leftovers
|turn|26
|-message|torbotis forfeited.
|
|win|JeyTheGrey
|raw|Ladder updating...
|leave|torbotis
|player|p2
|raw|JeyTheGrey's rating: 1639 &rarr; <strong>1645<\/strong><br \/>(+6 for winning)
|raw|torbotis's rating: 1353 &rarr; <strong>1347<\/strong><br \/>(-6 for losing)