|join|jeythegrey
|join|Keaa
|player|p1|jeythegrey|163
|player|p2|Keaa|102
|gametype|singles
|gen|6
|tier|UU
|rule|Sleep Clause Mod: Limit one foe put to sleep
|rule|Species Clause: Limit one of each PokÃ©mon
|rule|OHKO Clause: OHKO moves are banned
|rule|Moody Clause: Moody is banned
|rule|Evasion Moves Clause: Evasion moves are banned
|rule|Endless Battle Clause: Forcing endless battles is banned
|rule|HP Percentage Mod: HP is shown in percentages
|clearpoke
|poke|p1|Florges, F
|poke|p1|Hydreigon, M
|poke|p1|Blastoise, M
|poke|p1|Rhyperior, F
|poke|p1|Entei, shiny
|poke|p1|Toxicroak, F
|poke|p2|Forretress, F
|poke|p2|Infernape, F
|poke|p2|Aerodactyl, F
|poke|p2|Porygon-Z
|poke|p2|Florges, F
|poke|p2|Hydreigon, F
|rule|Swagger Clause: Swagger is banned
|rule|Baton Pass Clause: Limit one PokÃ©mon knowing Baton Pass
|teampreview
|join|Lebkuchen 8)
|join|DFantasyy
|
|start
|switch|p1a: Blastoise|Blastoise, M|341\/341
|switch|p2a: Forretress|Forretress, F|354\/354
|turn|1
|c| DFantasyy|mann sieht das beefy aus
|
|switch|p2a: Florges|Florges, F|359\/359
|detailschange|p1a: Blastoise|Blastoise-Mega, M
|message|Blastoise has Mega Evolved into Mega Blastoise!
|move|p1a: Blastoise|Scald|p2a: Florges
|-damage|p2a: Florges|281\/359
|
|-heal|p2a: Florges|303\/359|[from] item: Leftovers
|turn|2
|
|switch|p1a: Entei|Entei, shiny|371\/371
|-ability|p1a: Entei|Pressure
|move|p2a: Florges|Moonblast|p1a: Entei
|-resisted|p1a: Entei
|-damage|p1a: Entei|291\/371
|
|-heal|p2a: Florges|325\/359|[from] item: Leftovers
|turn|3
|
|move|p2a: Florges|Protect|p2a: Florges
|-singleturn|p2a: Florges|Protect
|move|p1a: Entei|Sacred Fire|p2a: Florges
|-activate|p2a: Florges|Protect
|
|-heal|p2a: Florges|347\/359|[from] item: Leftovers
|turn|4
|
|switch|p2a: Hydreigon|Hydreigon, F|325\/325
|move|p1a: Entei|Sacred Fire|p2a: Hydreigon
|-resisted|p2a: Hydreigon
|-damage|p2a: Hydreigon|172\/325
|-status|p2a: Hydreigon|brn
|
|-damage|p2a: Hydreigon|132\/325 brn|[from] brn
|turn|5
|
|switch|p1a: Florges|Florges, F|359\/359
|move|p2a: Hydreigon|U-turn|p1a: Florges
|-resisted|p1a: Florges
|-damage|p1a: Florges|347\/359
|
|switch|p2a: Porygon-Z|Porygon-Z|312\/312
|
|-heal|p1a: Florges|359\/359|[from] item: Leftovers
|turn|6
|
|switch|p1a: Rhyperior|Rhyperior, F|434\/434
|move|p2a: Porygon-Z|Tri Attack|p1a: Rhyperior
|-resisted|p1a: Rhyperior
|-damage|p1a: Rhyperior|321\/434
|
|-heal|p1a: Rhyperior|348\/434|[from] item: Leftovers
|turn|7
|
|switch|p2a: Forretress|Forretress, F|354\/354
|move|p1a: Rhyperior|Stealth Rock|p2a: Forretress
|-sidestart|p2: Keaa|move: Stealth Rock
|
|-heal|p1a: Rhyperior|375\/434|[from] item: Leftovers
|turn|8
|
|switch|p1a: Entei|Entei, shiny|291\/371
|-ability|p1a: Entei|Pressure
|move|p2a: Forretress|Stealth Rock|p1a: Entei
|-sidestart|p1: jeythegrey|move: Stealth Rock
|
|turn|9
|
|move|p1a: Entei|Sacred Fire|p2a: Forretress
|-supereffective|p2a: Forretress
|-activate|p2a: Forretress|Sturdy
|-damage|p2a: Forretress|1\/354
|-status|p2a: Forretress|brn
|move|p2a: Forretress|Rapid Spin|p1a: Entei
|-damage|p1a: Entei|282\/371
|-sideend|p2: Keaa|Stealth Rock|[from] move: Rapid Spin|[of] p2a: Forretress
|
|-heal|p2a: Forretress|23\/354 brn|[from] item: Leftovers
|-damage|p2a: Forretress|0 fnt|[from] brn
|faint|p2a: Forretress
|c| DFantasyy|guck mal auf PO gleich
|c| DFantasyy|mein banner
|c| DFantasyy|bester banner aller zeiten
|c|âKeaa|fick dich hahah
|
|switch|p2a: Aerodactyl|Aerodactyl, F|302\/302
|turn|10
|c| DFantasyy|? :D
|
|switch|p1a: Blastoise|Blastoise-Mega, M|341\/341
|-damage|p1a: Blastoise|299\/341|[from] Stealth Rock
|detailschange|p2a: Aerodactyl|Aerodactyl-Mega, F
|message|Aerodactyl has Mega Evolved into Mega Aerodactyl!
|move|p2a: Aerodactyl|Earthquake|p1a: Blastoise
|-damage|p1a: Blastoise|211\/341
|
|turn|11
|c| Lebkuchen 8)|was fÃ¼rn banner XD
|
|switch|p2a: Florges|Florges, F|347\/359
|move|p1a: Blastoise|Rapid Spin|p2a: Florges
|-damage|p2a: Florges|332\/359
|-sideend|p1: jeythegrey|Stealth Rock|[from] move: Rapid Spin|[of] p1a: Blastoise
|
|-heal|p2a: Florges|354\/359|[from] item: Leftovers
|turn|12
|
|switch|p1a: Entei|Entei, shiny|282\/371
|-ability|p1a: Entei|Pressure
|move|p2a: Florges|Moonblast|p1a: Entei
|-resisted|p1a: Entei
|-damage|p1a: Entei|198\/371
|
|-heal|p2a: Florges|359\/359|[from] item: Leftovers
|turn|13
|
|switch|p2a: Infernape|Infernape, F|293\/293
|move|p1a: Entei|Sacred Fire|p2a: Infernape
|-resisted|p2a: Infernape
|-damage|p2a: Infernape|114\/293
|
|turn|14
|
|switch|p1a: Florges|Florges, F|359\/359
|move|p2a: Infernape|Close Combat|p1a: Florges
|-resisted|p1a: Florges
|-damage|p1a: Florges|225\/359
|-unboost|p2a: Infernape|def|1
|-unboost|p2a: Infernape|spd|1
|
|-heal|p1a: Florges|247\/359|[from] item: Leftovers
|turn|15
|
|switch|p2a: Porygon-Z|Porygon-Z|312\/312
|switch|p1a: Entei|Entei, shiny|198\/371
|-ability|p1a: Entei|Pressure
|
|turn|16
|
|switch|p2a: Hydreigon|Hydreigon, F|132\/325 brn
|move|p1a: Entei|Sacred Fire|p2a: Hydreigon
|-resisted|p2a: Hydreigon
|-damage|p2a: Hydreigon|0 fnt
|faint|p2a: Hydreigon
|
|
|switch|p2a: Aerodactyl|Aerodactyl-Mega, F|302\/302
|turn|17
|
|switch|p1a: Hydreigon|Hydreigon, M|325\/325
|move|p2a: Aerodactyl|Earthquake|p1a: Hydreigon
|-immune|p1a: Hydreigon|[msg]
|
|turn|18
|
|move|p1a: Hydreigon|U-turn|p2a: Aerodactyl
|-resisted|p2a: Aerodactyl
|-damage|p2a: Aerodactyl|268\/302
|
|switch|p1a: Rhyperior|Rhyperior, F|375\/434
|move|p2a: Aerodactyl|Stone Edge|p1a: Rhyperior
|-resisted|p1a: Rhyperior
|-damage|p1a: Rhyperior|296\/434
|
|-heal|p1a: Rhyperior|323\/434|[from] item: Leftovers
|turn|19
|
|move|p2a: Aerodactyl|Earthquake|p1a: Rhyperior
|-supereffective|p1a: Rhyperior
|-damage|p1a: Rhyperior|157\/434
|move|p1a: Rhyperior|Stealth Rock|p2a: Aerodactyl
|-sidestart|p2: Keaa|move: Stealth Rock
|
|-heal|p1a: Rhyperior|184\/434|[from] item: Leftovers
|turn|20
|
|move|p2a: Aerodactyl|Earthquake|p1a: Rhyperior
|-supereffective|p1a: Rhyperior
|-damage|p1a: Rhyperior|21\/434
|move|p1a: Rhyperior|Rock Blast|p2a: Aerodactyl
|-supereffective|p2a: Aerodactyl
|-damage|p2a: Aerodactyl|172\/302
|-supereffective|p2a: Aerodactyl
|-damage|p2a: Aerodactyl|70\/302
|-supereffective|p2a: Aerodactyl
|-damage|p2a: Aerodactyl|0 fnt
|-hitcount|p2a: Aerodactyl|3
|faint|p2a: Aerodactyl
|
|-heal|p1a: Rhyperior|48\/434|[from] item: Leftovers
|
|switch|p2a: Porygon-Z|Porygon-Z|312\/312
|-damage|p2a: Porygon-Z|273\/312|[from] Stealth Rock
|turn|21
|
|move|p2a: Porygon-Z|Agility|p2a: Porygon-Z
|-boost|p2a: Porygon-Z|spe|2
|move|p1a: Rhyperior|Earthquake|p2a: Porygon-Z
|-damage|p2a: Porygon-Z|26\/312
|
|-heal|p1a: Rhyperior|75\/434|[from] item: Leftovers
|turn|22
|
|move|p1a: Rhyperior|Protect|p1a: Rhyperior
|-singleturn|p1a: Rhyperior|Protect
|move|p2a: Porygon-Z|Tri Attack|p1a: Rhyperior
|-activate|p1a: Rhyperior|Protect
|
|-heal|p1a: Rhyperior|102\/434|[from] item: Leftovers
|turn|23
|
|move|p2a: Porygon-Z|Tri Attack|p1a: Rhyperior
|-resisted|p1a: Rhyperior
|-damage|p1a: Rhyperior|0 fnt
|faint|p1a: Rhyperior
|
|c|âKeaa|YES
|c|âKeaa|N
|
|switch|p1a: Entei|Entei, shiny|198\/371
|-ability|p1a: Entei|Pressure
|turn|24
|c|âKeaa|O
|c|âKeaa|6:0
|
|move|p1a: Entei|Extreme Speed|p2a: Porygon-Z
|-crit|p2a: Porygon-Z
|-damage|p2a: Porygon-Z|0 fnt
|faint|p2a: Porygon-Z
|
|c| DFantasyy|banner ist so
|c|âjeythegrey|lool
|c| DFantasyy|kp wie man das erklÃ¤ren soll
|c|âKeaa|best day of my life
|c| DFantasyy|gibts hier nicht xD
|
|switch|p2a: Infernape|Infernape, F|114\/293
|-damage|p2a: Infernape|78\/293|[from] Stealth Rock
|turn|25
|c|âKeaa|meiner ist eh kuhler
|c|âKeaa|als deiner
|c|âKeaa|:Ã
|c|âKeaa|P
|c|âjeythegrey|willst du
|c|âjeythegrey|ein 4-0
|c|âKeaa|ja
|c|âKeaa|pls
|c| DFantasyy|guck mal wie lieb er ist
|c|âKeaa|ye
|c|âKeaa|<3
|
|switch|p1a: Hydreigon|Hydreigon, M|325\/325
|move|p2a: Infernape|Close Combat|p1a: Hydreigon
|-supereffective|p1a: Hydreigon
|-damage|p1a: Hydreigon|0 fnt
|-unboost|p2a: Infernape|def|1
|-unboost|p2a: Infernape|spd|1
|faint|p1a: Hydreigon
|
|
|switch|p1a: Toxicroak|Toxicroak, F|307\/307
|turn|26
|c|âKeaa|wuhuuuuuuuuuuuuuuuuuu
|
|move|p1a: Toxicroak|Sucker Punch|p2a: Infernape
|-resisted|p2a: Infernape
|-damage|p2a: Infernape|0 fnt
|-damage|p1a: Toxicroak|277\/307|[from] item: Life Orb
|faint|p2a: Infernape
|
|c|âKeaa|ggggg
|
|switch|p2a: Florges|Florges, F|359\/359
|-damage|p2a: Florges|315\/359|[from] Stealth Rock
|turn|27
|c|âjeythegrey|wenn du glÃ¼ck hast
|c|âjeythegrey|wirds
|c|âjeythegrey|n 3-0
|c| DFantasyy|rolls?
|c|âKeaa|jajaajjaj
|c|âjeythegrey|wenn ich jetzt 2 mal
|c|âKeaa|als ob
|c|âjeythegrey|miss
|c|âKeaa|xD
|
|move|p1a: Toxicroak|Gunk Shot|p2a: Florges
|-supereffective|p2a: Florges
|-damage|p2a: Florges|0 fnt
|-damage|p1a: Toxicroak|247\/307|[from] item: Life Orb
|faint|p2a: Florges
|
|win|jeythegrey
|c| DFantasyy|gunk miss
|c| DFantasyy|o
|c|âjeythegrey|y
|c|âKeaa|gggggggggggggg
|c|âjeythegrey|gg
|leave|DFantasyy
|c|âjeythegrey|:]
|c|âKeaa|:]
|leave|Lebkuchen 8)