|join|TheFieriestCorona
|join|aj14
|player|p1|TheFieriestCorona|291
|player|p2|aj14|283
|gametype|singles
|gen|6
|tier|OU
|clearpoke
|poke|p1|Scizor, M
|poke|p1|Landorus-Therian, M, shiny
|poke|p1|Clefable, F, shiny
|poke|p1|Tyranitar, F
|poke|p1|Latios, M
|poke|p1|Talonflame, F
|poke|p2|Leafeon, F
|poke|p2|Charizard, M
|poke|p2|Infernape, F
|poke|p2|Slowking, F
|poke|p2|Diggersby, F, shiny
|poke|p2|Heatran, M
|rule|Swagger Clause: Swagger is banned
|rule|Baton Pass Clause: Limit one PokÃ©mon knowing Baton Pass
|rule|Sleep Clause Mod: Limit one foe put to sleep
|rule|Species Clause: Limit one of each PokÃ©mon
|rule|OHKO Clause: OHKO moves are banned
|rule|Moody Clause: Moody is banned
|rule|Evasion Moves Clause: Evasion moves are banned
|rule|Endless Battle Clause: Forcing endless battles is banned
|rule|HP Percentage Mod: HP is shown in percentages
|teampreview
|c|âaj14|gl
|
|start
|switch|p1a: Landorus-Therian|Landorus-Therian, M, shiny|381\/381
|switch|p2a: Infernape|Infernape, F|294\/294
|-ability|p1a: Landorus-Therian|Intimidate|[of] p2a: Infernape
|-unboost|p2a: Infernape|atk|1
|turn|1
|
|switch|p2a: Leafeon|Leafeon, F|334\/334
|move|p1a: Landorus-Therian|Stealth Rock|p2a: Leafeon
|-sidestart|p2: aj14|move: Stealth Rock
|
|turn|2
|
|switch|p1a: Scizor|Scizor, M|311\/311
|move|p2a: Leafeon|Toxic|p1a: Scizor
|-fail|p1a: Scizor
|
|turn|3
|
|switch|p2a: Infernape|Infernape, F|294\/294
|-damage|p2a: Infernape|258\/294|[from] Stealth Rock
|move|p1a: Scizor|Swords Dance|p1a: Scizor
|-boost|p1a: Scizor|atk|2
|
|turn|4
|c|âTheFieriestCorona|crap
|
|switch|p1a: Landorus-Therian|Landorus-Therian, M, shiny|381\/381
|-ability|p1a: Landorus-Therian|Intimidate|[of] p2a: Infernape
|-unboost|p2a: Infernape|atk|1
|move|p2a: Infernape|Flare Blitz|p1a: Landorus-Therian
|-damage|p1a: Landorus-Therian|275\/381
|-damage|p2a: Infernape|223\/294|[from] recoil|[of] p1a: Landorus-Therian
|
|-heal|p1a: Landorus-Therian|298\/381|[from] item: Leftovers
|turn|5
|c|âaj14|shit
|c|âaj14|i forgot to puts evs on dis
|c|âaj14|._.
|join|LT2B DoomXFTW
|
|switch|p2a: Leafeon|Leafeon, F|334\/334
|-damage|p2a: Leafeon|293\/334|[from] Stealth Rock
|move|p1a: Landorus-Therian|Knock Off|p2a: Leafeon
|-crit|p2a: Leafeon
|-damage|p2a: Leafeon|206\/334
|-enditem|p2a: Leafeon|Leftovers|[from] move: Knock Off|[of] p1a: Landorus-Therian
|
|-heal|p1a: Landorus-Therian|321\/381|[from] item: Leftovers
|turn|6
|
|switch|p1a: Scizor|Scizor, M|311\/311
|move|p2a: Leafeon|Synthesis|p2a: Leafeon
|-heal|p2a: Leafeon|334\/334
|
|turn|7
|
|switch|p2a: Charizard|Charizard, M|307\/307
|-damage|p2a: Charizard|154\/307|[from] Stealth Rock
|move|p1a: Scizor|Superpower|p2a: Charizard
|-resisted|p2a: Charizard
|-damage|p2a: Charizard|55\/307
|-unboost|p1a: Scizor|atk|1
|-unboost|p1a: Scizor|def|1
|
|turn|8
|c|âTheFieriestCorona|hmmm
|
|switch|p1a: Latios|Latios, M|301\/301
|detailschange|p2a: Charizard|Charizard-Mega-Y, M
|message|Charizard has Mega Evolved into Mega Charizard!
|-weather|SunnyDay
|move|p2a: Charizard|Roost|p2a: Charizard
|-heal|p2a: Charizard|209\/307
|
|-weather|SunnyDay|[upkeep]
|turn|9
|
|switch|p2a: Heatran|Heatran, M|324\/324
|-damage|p2a: Heatran|284\/324|[from] Stealth Rock
|move|p1a: Latios|Draco Meteor|p2a: Heatran
|-resisted|p2a: Heatran
|-damage|p2a: Heatran|151\/324
|-unboost|p1a: Latios|spa|2
|-damage|p1a: Latios|271\/301|[from] item: Life Orb
|
|-weather|SunnyDay|[upkeep]
|turn|10
|
|move|p1a: Latios|Earthquake|p2a: Heatran
|-supereffective|p2a: Heatran
|-damage|p2a: Heatran|0 fnt
|-damage|p1a: Latios|241\/301|[from] item: Life Orb
|faint|p2a: Heatran
|
|-weather|SunnyDay|[upkeep]
|
|switch|p2a: Diggersby|Diggersby, F, shiny|311\/311
|-damage|p2a: Diggersby|292\/311|[from] Stealth Rock
|turn|11
|c|âTheFieriestCorona|DiggersbytHo
|c| LT2B DoomXFTW|WHY IS LUNA ON EVERY TEAM
|
|switch|p1a: Landorus-Therian|Landorus-Therian, M, shiny|321\/381
|-ability|p1a: Landorus-Therian|Intimidate|[of] p2a: Diggersby
|-unboost|p2a: Diggersby|atk|1
|move|p2a: Diggersby|Swords Dance|p2a: Diggersby
|-boost|p2a: Diggersby|atk|2
|
|-weather|SunnyDay|[upkeep]
|-heal|p1a: Landorus-Therian|344\/381|[from] item: Leftovers
|turn|12
|c|âaj14|fuck keldeo
|
|move|p2a: Diggersby|Frustration|p1a: Landorus-Therian
|-damage|p1a: Landorus-Therian|1\/381
|-damage|p2a: Diggersby|261\/311|[from] item: Life Orb
|move|p1a: Landorus-Therian|Knock Off|p2a: Diggersby
|-damage|p2a: Diggersby|120\/311
|-enditem|p2a: Diggersby|Life Orb|[from] move: Knock Off|[of] p1a: Landorus-Therian
|
|-weather|none
|-heal|p1a: Landorus-Therian|24\/381|[from] item: Leftovers
|turn|13
|
|switch|p1a: Scizor|Scizor, M|311\/311
|move|p2a: Diggersby|Frustration|p1a: Scizor
|-resisted|p1a: Scizor
|-damage|p1a: Scizor|146\/311
|
|turn|14
|c| LT2B DoomXFTW|damn diggersby is strong
|c|âTheFieriestCorona|Yeah it is...
|
|switch|p2a: Infernape|Infernape, F|223\/294
|-damage|p2a: Infernape|187\/294|[from] Stealth Rock
|move|p1a: Scizor|Superpower|p2a: Infernape
|-crit|p2a: Infernape
|-damage|p2a: Infernape|0 fnt
|-unboost|p1a: Scizor|atk|1
|-unboost|p1a: Scizor|def|1
|faint|p2a: Infernape
|
|c|âaj14|nice
|
|switch|p2a: Charizard|Charizard-Mega-Y, M|209\/307
|-damage|p2a: Charizard|56\/307|[from] Stealth Rock
|-weather|SunnyDay
|turn|15
|
|move|p1a: Scizor|Bullet Punch|p2a: Charizard
|-resisted|p2a: Charizard
|-damage|p2a: Charizard|22\/307
|move|p2a: Charizard|Overheat|p1a: Scizor
|-supereffective|p1a: Scizor
|-damage|p1a: Scizor|0 fnt
|-unboost|p2a: Charizard|spa|2
|faint|p1a: Scizor
|
|-weather|SunnyDay|[upkeep]
|c|âTheFieriestCorona|Crap
|
|switch|p1a: Latios|Latios, M|241\/301
|turn|16
|
|move|p1a: Latios|Psyshock|p2a: Charizard
|-damage|p2a: Charizard|0 fnt
|-damage|p1a: Latios|211\/301|[from] item: Life Orb
|faint|p2a: Charizard
|
|-weather|SunnyDay|[upkeep]
|
|switch|p2a: luna|Slowking, F|394\/394
|-damage|p2a: luna|345\/394|[from] Stealth Rock
|turn|17
|c|âTheFieriestCorona|oh shit
|c|âTheFieriestCorona|what is this thing going to do to me
|c| LT2B DoomXFTW|special wall
|
|switch|p1a: Tyranitar|Tyranitar, F|342\/342
|-weather|Sandstorm
|move|p2a: luna|Fire Blast|p1a: Tyranitar
|-resisted|p1a: Tyranitar
|-damage|p1a: Tyranitar|312\/342
|
|-weather|Sandstorm|[upkeep]
|-damage|p2a: luna|321\/394|[from] sandstorm
|-heal|p2a: luna|345\/394|[from] item: Leftovers
|turn|18
|
|move|p1a: Tyranitar|Pursuit|p2a: luna
|-supereffective|p2a: luna
|-damage|p2a: luna|189\/394
|move|p2a: luna|Thunder Wave|p1a: Tyranitar
|-status|p1a: Tyranitar|par
|
|-weather|Sandstorm|[upkeep]
|-damage|p2a: luna|165\/394|[from] sandstorm
|-heal|p2a: luna|189\/394|[from] item: Leftovers
|turn|19
|
|move|p2a: luna|Slack Off|p2a: luna
|-heal|p2a: luna|386\/394
|cant|p1a: Tyranitar|par
|
|-weather|Sandstorm|[upkeep]
|-damage|p2a: luna|362\/394|[from] sandstorm
|-heal|p2a: luna|386\/394|[from] item: Leftovers
|turn|20
|
|switch|p1a: Latios|Latios, M|211\/301
|move|p2a: luna|Thunder Wave|p1a: Latios
|-status|p1a: Latios|par
|
|-weather|Sandstorm|[upkeep]
|-damage|p2a: luna|362\/394|[from] sandstorm
|-damage|p1a: Latios|193\/301 par|[from] sandstorm
|-heal|p2a: luna|386\/394|[from] item: Leftovers
|turn|21
|
|move|p2a: luna|Slack Off|p2a: luna
|-heal|p2a: luna|394\/394
|move|p1a: Latios|Draco Meteor|p2a: luna
|-damage|p2a: luna|156\/394
|-unboost|p1a: Latios|spa|2
|-damage|p1a: Latios|163\/301 par|[from] item: Life Orb
|
|-weather|none
|-heal|p2a: luna|180\/394|[from] item: Leftovers
|turn|22
|
|switch|p1a: Tyranitar|Tyranitar, F|312\/342 par
|-weather|Sandstorm
|move|p2a: luna|Thunder Wave|p1a: Tyranitar
|-fail|p1a: Tyranitar|par
|
|-weather|Sandstorm|[upkeep]
|-damage|p2a: luna|156\/394|[from] sandstorm
|-heal|p2a: luna|180\/394|[from] item: Leftovers
|turn|23
|
|move|p2a: luna|Slack Off|p2a: luna
|-heal|p2a: luna|377\/394
|move|p1a: Tyranitar|Crunch|p2a: luna
|-supereffective|p2a: luna
|-damage|p2a: luna|75\/394
|
|-weather|Sandstorm|[upkeep]
|-damage|p2a: luna|51\/394|[from] sandstorm
|-heal|p2a: luna|75\/394|[from] item: Leftovers
|turn|24
|
|switch|p2a: Leafeon|Leafeon, F|334\/334
|-damage|p2a: Leafeon|293\/334|[from] Stealth Rock
|move|p1a: Tyranitar|Crunch|p2a: Leafeon
|-damage|p2a: Leafeon|206\/334
|-unboost|p2a: Leafeon|def|1
|
|-weather|Sandstorm|[upkeep]
|-damage|p2a: Leafeon|186\/334|[from] sandstorm
|turn|25
|c| LT2B DoomXFTW|luna getting destroyed zzz
|c|âaj14|how
|c|âaj14|it para'd 2 threats
|c| LT2B DoomXFTW|it will
|
|switch|p2a: luna|Slowking, F|206\/394
|-damage|p2a: luna|157\/394|[from] Stealth Rock
|move|p1a: Tyranitar|Crunch|p2a: luna
|-supereffective|p2a: luna
|-damage|p2a: luna|0 fnt
|faint|p2a: luna
|
|-weather|Sandstorm|[upkeep]
|c| LT2B DoomXFTW|see
|
|switch|p2a: Diggersby|Diggersby, F, shiny|120\/311
|-damage|p2a: Diggersby|101\/311|[from] Stealth Rock
|turn|26
|c|âaj14|well i had to cuz def drop
|c|âaj14|not my fault
|c|âTheFieriestCorona|how to deal with this thing...
|
|move|p2a: Diggersby|Agility|p2a: Diggersby
|-boost|p2a: Diggersby|spe|2
|move|p1a: Tyranitar|Crunch|p2a: Diggersby
|-damage|p2a: Diggersby|0 fnt
|faint|p2a: Diggersby
|
|-weather|none
|c| LT2B DoomXFTW|lol
|
|switch|p2a: Leafeon|Leafeon, F|186\/334
|-damage|p2a: Leafeon|145\/334|[from] Stealth Rock
|turn|27
|
|switch|p1a: Talonflame|Talonflame, F|359\/359
|move|p2a: Leafeon|Synthesis|p2a: Leafeon
|-heal|p2a: Leafeon|312\/334
|
|turn|28
|
|move|p1a: Talonflame|Brave Bird|p2a: Leafeon
|-supereffective|p2a: Leafeon
|-damage|p2a: Leafeon|160\/334
|-damage|p1a: Talonflame|309\/359|[from] recoil|[of] p2a: Leafeon
|move|p2a: Leafeon|Toxic|p1a: Talonflame
|-status|p1a: Talonflame|tox
|
|-heal|p1a: Talonflame|331\/359 tox|[from] item: Leftovers
|-damage|p1a: Talonflame|309\/359 tox|[from] psn
|turn|29
|
|move|p1a: Talonflame|Taunt|p2a: Leafeon
|-start|p2a: Leafeon|move: Taunt
|cant|p2a: Leafeon|move: Taunt|Synthesis
|
|-heal|p1a: Talonflame|331\/359 tox|[from] item: Leftovers
|-damage|p1a: Talonflame|287\/359 tox|[from] psn
|turn|30
|c| LT2B DoomXFTW|gg
|
|move|p1a: Talonflame|Brave Bird|p2a: Leafeon
|-supereffective|p2a: Leafeon
|-damage|p2a: Leafeon|14\/334
|-damage|p1a: Talonflame|239\/359 tox|[from] recoil|[of] p2a: Leafeon
|move|p2a: Leafeon|Leaf Blade|p1a: Talonflame
|-resisted|p1a: Talonflame
|-damage|p1a: Talonflame|201\/359 tox
|
|-heal|p1a: Talonflame|223\/359 tox|[from] item: Leftovers
|-damage|p1a: Talonflame|157\/359 tox|[from] psn
|turn|31
|c|âaj14|gg
|c|âTheFieriestCorona|gg
|
|move|p1a: Talonflame|Brave Bird|p2a: Leafeon
|-supereffective|p2a: Leafeon
|-damage|p2a: Leafeon|0 fnt
|-damage|p1a: Talonflame|152\/359 tox|[from] recoil|[of] p2a: Leafeon
|faint|p2a: Leafeon
|
|win|TheFieriestCorona
|leave|aj14
|player|p2
|leave|LT2B DoomXFTW