|join|The Dazzler Joe
|join|aj14
|player|p1|The Dazzler Joe|161
|player|p2|aj14|aj14-donated.png
|gametype|singles
|gen|6
|tier|OU
|clearpoke
|poke|p1|Breloom, M, shiny
|poke|p1|Vaporeon, M, shiny
|poke|p1|Venusaur, M, shiny
|poke|p1|Heatran, M
|poke|p1|Gliscor, M, shiny
|poke|p1|Cloyster, M
|poke|p2|Chesnaught, F
|poke|p2|Talonflame, M
|poke|p2|Staraptor, F, shiny
|poke|p2|Metagross
|poke|p2|Landorus, M
|poke|p2|Latias, F
|rule|Swagger Clause: Swagger is banned
|rule|Baton Pass Clause: Limit one PokÃ©mon knowing Baton Pass
|rule|Sleep Clause Mod: Limit one foe put to sleep
|rule|Species Clause: Limit one of each PokÃ©mon
|rule|OHKO Clause: OHKO moves are banned
|rule|Moody Clause: Moody is banned
|rule|Evasion Moves Clause: Evasion moves are banned
|rule|Endless Battle Clause: Forcing endless battles is banned
|rule|HP Percentage Mod: HP is shown in percentages
|teampreview
|c|âThe Dazzler Joe|HOLY SHIT! 0_0
|c|âaj14|wat
|c|âThe Dazzler Joe|AJ! WHat's with the AVI?! @_@
|c|âaj14|tis ro avi
|
|start
|switch|p1a: Usain Flare|Heatran, M|358\/358
|switch|p2a: Staraptor|Staraptor, F, shiny|311\/311
|turn|1
|c|âaj14|pro*
|c|âaj14|juri
|c|âaj14|from street fighter
|c|âThe Dazzler Joe|How did you do that? Lol
|c|âaj14|hax
|
|move|p2a: Staraptor|Close Combat|p1a: Usain Flare
|-supereffective|p1a: Usain Flare
|-damage|p1a: Usain Flare|0 fnt
|-unboost|p2a: Staraptor|def|1
|-unboost|p2a: Staraptor|spd|1
|faint|p1a: Usain Flare
|
|c|âThe Dazzler Joe|@_@
|
|switch|p1a: Oyster|Cloyster, M|242\/242
|turn|2
|
|move|p2a: Staraptor|Close Combat|p1a: Oyster
|-supereffective|p1a: Oyster
|-enditem|p1a: Oyster|Focus Sash
|-damage|p1a: Oyster|1\/242
|-unboost|p2a: Staraptor|def|1
|-unboost|p2a: Staraptor|spd|1
|move|p1a: Oyster|Shell Smash|p1a: Oyster
|-boost|p1a: Oyster|atk|2
|-boost|p1a: Oyster|spa|2
|-boost|p1a: Oyster|spe|2
|-unboost|p1a: Oyster|def|1
|-unboost|p1a: Oyster|spd|1
|
|turn|3
|
|switch|p2a: Landorus|Landorus, M|319\/319
|move|p1a: Oyster|Ice Shard|p2a: Landorus
|-supereffective|p2a: Landorus
|-damage|p2a: Landorus|0 fnt
|faint|p2a: Landorus
|
|
|switch|p2a: Talonflame|Talonflame, M|319\/319
|turn|4
|
|move|p1a: Oyster|Ice Shard|p2a: Talonflame
|-damage|p2a: Talonflame|141\/319
|move|p2a: Talonflame|Brave Bird|p1a: Oyster
|-damage|p1a: Oyster|0 fnt
|-damage|p2a: Talonflame|140\/319|[from] recoil|[of] p1a: Oyster
|faint|p1a: Oyster
|
|
|switch|p1a: Breloominati|Breloom, M, shiny|261\/261
|turn|5
|
|switch|p2a: Chesnaught|Chesnaught, F|375\/375
|move|p1a: Breloominati|Rock Tomb|p2a: Chesnaught
|-resisted|p2a: Chesnaught
|-damage|p2a: Chesnaught|336\/375
|-unboost|p2a: Chesnaught|spe|1
|
|turn|6
|
|switch|p1a: Uranusaur|Venusaur, M, shiny|364\/364
|move|p2a: Chesnaught|Drain Punch|p1a: Uranusaur
|-resisted|p1a: Uranusaur
|-damage|p1a: Uranusaur|327\/364
|-heal|p2a: Chesnaught|361\/375|[from] drain|[of] p1a: Uranusaur
|
|turn|7
|
|switch|p2a: Staraptor|Staraptor, F, shiny|311\/311
|detailschange|p1a: Uranusaur|Venusaur-Mega, M, shiny
|message|Venusaur has Mega Evolved into Mega Venusaur!
|move|p1a: Uranusaur|Giga Drain|p2a: Staraptor
|-resisted|p2a: Staraptor
|-damage|p2a: Staraptor|227\/311
|-heal|p1a: Uranusaur|364\/364|[from] drain|[of] p2a: Staraptor
|
|turn|8
|
|switch|p1a: Trolleon|Vaporeon, M, shiny|464\/464
|move|p2a: Staraptor|Brave Bird|p1a: Trolleon
|-damage|p1a: Trolleon|104\/464
|-damage|p2a: Staraptor|108\/311|[from] recoil|[of] p1a: Trolleon
|
|-heal|p1a: Trolleon|133\/464|[from] item: Leftovers
|turn|9
|
|move|p2a: Staraptor|Brave Bird|p1a: Trolleon
|-damage|p1a: Trolleon|0 fnt
|-damage|p2a: Staraptor|64\/311|[from] recoil|[of] p1a: Trolleon
|faint|p1a: Trolleon
|
|c|âThe Dazzler Joe|Fuck. Lol
|c|âaj14|:]
|c|âThe Dazzler Joe|Damn it, AJ! XD
|
|switch|p1a: I Wasn't Ready!|Gliscor, M, shiny|354\/354
|turn|10
|
|move|p2a: Staraptor|Brave Bird|p1a: I Wasn't Ready!
|-damage|p1a: I Wasn't Ready!|101\/354
|-damage|p2a: Staraptor|0 fnt|[from] recoil|[of] p1a: I Wasn't Ready!
|faint|p2a: Staraptor
|move|p1a: I Wasn't Ready!|Substitute|p1a: I Wasn't Ready!
|-start|p1a: I Wasn't Ready!|Substitute
|-damage|p1a: I Wasn't Ready!|13\/354
|
|-status|p1a: I Wasn't Ready!|tox|[from] item: Toxic Orb
|
|switch|p2a: Talonflame|Talonflame, M|140\/319
|turn|11
|
|move|p1a: I Wasn't Ready!|Protect|p1a: I Wasn't Ready!
|-singleturn|p1a: I Wasn't Ready!|Protect
|move|p2a: Talonflame|Brave Bird|p1a: I Wasn't Ready!
|-activate|p1a: I Wasn't Ready!|Protect
|
|-heal|p1a: I Wasn't Ready!|57\/354 tox|[from] ability: Poison Heal
|turn|12
|
|move|p2a: Talonflame|Brave Bird|p1a: I Wasn't Ready!
|-end|p1a: I Wasn't Ready!|Substitute
|-damage|p2a: Talonflame|111\/319|[from] recoil|[of] p1a: I Wasn't Ready!
|move|p1a: I Wasn't Ready!|Toxic|p2a: Talonflame
|-status|p2a: Talonflame|tox
|
|-damage|p2a: Talonflame|92\/319 tox|[from] psn
|-heal|p1a: I Wasn't Ready!|101\/354 tox|[from] ability: Poison Heal
|turn|13
|
|move|p1a: I Wasn't Ready!|Protect|p1a: I Wasn't Ready!
|-singleturn|p1a: I Wasn't Ready!|Protect
|move|p2a: Talonflame|Brave Bird|p1a: I Wasn't Ready!
|-activate|p1a: I Wasn't Ready!|Protect
|
|-damage|p2a: Talonflame|54\/319 tox|[from] psn
|-heal|p1a: I Wasn't Ready!|145\/354 tox|[from] ability: Poison Heal
|turn|14
|
|move|p1a: I Wasn't Ready!|Protect|p1a: I Wasn't Ready!
|-fail|p1a: I Wasn't Ready!
|move|p2a: Talonflame|Brave Bird|p1a: I Wasn't Ready!
|-damage|p1a: I Wasn't Ready!|34\/354 tox
|-damage|p2a: Talonflame|17\/319 tox|[from] recoil|[of] p1a: I Wasn't Ready!
|
|-damage|p2a: Talonflame|0 fnt|[from] psn
|-heal|p1a: I Wasn't Ready!|78\/354 tox|[from] ability: Poison Heal
|faint|p2a: Talonflame
|c|âThe Dazzler Joe|OMG! XDDDD
|
|switch|p2a: Metagross|Metagross|301\/301
|turn|15
|
|detailschange|p2a: Metagross|Metagross-Mega
|message|Metagross has Mega Evolved into Mega Metagross!
|move|p1a: I Wasn't Ready!|Protect|p1a: I Wasn't Ready!
|-singleturn|p1a: I Wasn't Ready!|Protect
|move|p2a: Metagross|Ice Punch|p1a: I Wasn't Ready!
|-activate|p1a: I Wasn't Ready!|Protect
|
|-heal|p1a: I Wasn't Ready!|122\/354 tox|[from] ability: Poison Heal
|turn|16
|
|switch|p1a: Uranusaur|Venusaur-Mega, M, shiny|364\/364
|move|p2a: Metagross|Ice Punch|p1a: Uranusaur
|-supereffective|p1a: Uranusaur
|-damage|p1a: Uranusaur|280\/364
|
|turn|17
|c|âaj14|gg
|c|âThe Dazzler Joe|GG. Lol
|
|move|p2a: Metagross|Zen Headbutt|p1a: Uranusaur
|-supereffective|p1a: Uranusaur
|-damage|p1a: Uranusaur|22\/364
|move|p1a: Uranusaur|Leech Seed|p2a: Metagross
|-start|p2a: Metagross|move: Leech Seed
|
|-damage|p2a: Metagross|264\/301|[from] Leech Seed|[of] p1a: Uranusaur
|-heal|p1a: Uranusaur|59\/364|[silent]
|turn|18
|
|move|p2a: Metagross|Ice Punch|p1a: Uranusaur
|-supereffective|p1a: Uranusaur
|-damage|p1a: Uranusaur|0 fnt
|faint|p1a: Uranusaur
|
|
|switch|p1a: Breloominati|Breloom, M, shiny|261\/261
|turn|19
|
|switch|p2a: Chesnaught|Chesnaught, F|361\/375
|move|p1a: Breloominati|Spore|p2a: Chesnaught
|-fail|p2a: Chesnaught
|
|turn|20
|c|âThe Dazzler Joe|Damn it. XD
|
|move|p1a: Breloominati|Mach Punch|p2a: Chesnaught
|-damage|p2a: Chesnaught|283\/375
|move|p2a: Chesnaught|Drain Punch|p1a: Breloominati
|-damage|p1a: Breloominati|138\/261
|-heal|p2a: Chesnaught|364\/375|[from] drain|[of] p1a: Breloominati
|
|turn|21
|
|switch|p2a: Latias|Latias, F|319\/319
|move|p1a: Breloominati|Mach Punch|p2a: Latias
|-resisted|p2a: Latias
|-damage|p2a: Latias|257\/319
|
|turn|22
|
|move|p2a: Latias|Psyshock|p1a: Breloominati
|-supereffective|p1a: Breloominati
|-damage|p1a: Breloominati|0 fnt
|-damage|p2a: Latias|226\/319|[from] item: Life Orb
|faint|p1a: Breloominati
|
|
|switch|p1a: I Wasn't Ready!|Gliscor, M, shiny|122\/354 tox
|turn|23
|
|move|p2a: Latias|Draco Meteor|p1a: I Wasn't Ready!
|-damage|p1a: I Wasn't Ready!|0 fnt
|-unboost|p2a: Latias|spa|2
|-damage|p2a: Latias|195\/319|[from] item: Life Orb
|faint|p1a: I Wasn't Ready!
|
|win|aj14
|c|âThe Dazzler Joe|GG
|c|âaj14|gg
|leave|aj14
|player|p2