|join|aj14
|join|GodlyChaos
|player|p1|aj14|283
|player|p2|GodlyChaos|291
|gametype|singles
|gen|6
|tier|OU
|clearpoke
|poke|p1|Gengar, M, shiny
|poke|p1|Garchomp, M
|poke|p1|Dragonite, M
|poke|p1|Magnezone
|poke|p1|Mamoswine, M
|poke|p1|Ferrothorn, F
|poke|p2|Ampharos, F, shiny
|poke|p2|Gyarados, F, shiny
|poke|p2|Dugtrio, F
|poke|p2|Volcarona, M
|poke|p2|Amoonguss, F
|poke|p2|Landorus-Therian, M, shiny
|rule|Swagger Clause: Swagger is banned
|rule|Baton Pass Clause: Limit one PokÃ©mon knowing Baton Pass
|rule|Sleep Clause Mod: Limit one foe put to sleep
|rule|Species Clause: Limit one of each PokÃ©mon
|rule|OHKO Clause: OHKO moves are banned
|rule|Moody Clause: Moody is banned
|rule|Evasion Moves Clause: Evasion moves are banned
|rule|Endless Battle Clause: Forcing endless battles is banned
|rule|HP Percentage Mod: HP is shown in percentages
|teampreview
|
|start
|switch|p1a: Mamoswine|Mamoswine, M|361\/361
|switch|p2a: Ampharos|Ampharos, F, shiny|322\/322
|turn|1
|c|âGodlyChaos|.
|c|âGodlyChaos|you hate me
|c|âGodlyChaos|a lot
|c|âGodlyChaos|lol
|c|âaj14|wat
|c|âGodlyChaos|nvm
|
|switch|p2a: Amoonguss|Amoonguss, F|432\/432
|move|p1a: Mamoswine|Earthquake|p2a: Amoonguss
|-damage|p2a: Amoonguss|120\/432
|-damage|p1a: Mamoswine|325\/361|[from] item: Life Orb
|
|-heal|p2a: Amoonguss|147\/432|[from] item: Leftovers
|turn|2
|c|âGodlyChaos|this this though is a pain in the arse
|
|switch|p2a: Gyarados|Gyarados, F, shiny|332\/332
|move|p1a: Mamoswine|Earthquake|p2a: Gyarados
|-immune|p2a: Gyarados|[msg]
|
|turn|3
|c|âaj14|mamoswine rekts all teams
|c|âGodlyChaos|ik
|
|move|p1a: Mamoswine|Freeze-Dry|p2a: Gyarados
|-supereffective|p2a: Gyarados
|-damage|p2a: Gyarados|0 fnt
|-damage|p1a: Mamoswine|289\/361|[from] item: Life Orb
|faint|p2a: Gyarados
|
|c|âGodlyChaos|also your gengar is pretty good to
|
|switch|p2a: Dugtrio|Dugtrio, F|212\/212
|turn|4
|
|move|p1a: Mamoswine|Ice Shard|p2a: Dugtrio
|-supereffective|p2a: Dugtrio
|-damage|p2a: Dugtrio|0 fnt
|-damage|p1a: Mamoswine|253\/361|[from] item: Life Orb
|faint|p2a: Dugtrio
|
|c|âGodlyChaos|ffff
|c|âaj14|lol
|
|switch|p2a: Landorus-Therian|Landorus-Therian, M, shiny|360\/360
|-ability|p2a: Landorus-Therian|Intimidate|[of] p1a: Mamoswine
|-unboost|p1a: Mamoswine|atk|1
|turn|5
|
|switch|p2a: Volcarona|Volcarona, M|312\/312
|move|p1a: Mamoswine|Freeze-Dry|p2a: Volcarona
|-resisted|p2a: Volcarona
|-damage|p2a: Volcarona|273\/312
|-damage|p1a: Mamoswine|217\/361|[from] item: Life Orb
|
|-heal|p2a: Volcarona|292\/312|[from] item: Leftovers
|turn|6
|c|âGodlyChaos|didn't you do this last game
|
|switch|p2a: Landorus-Therian|Landorus-Therian, M, shiny|360\/360
|-ability|p2a: Landorus-Therian|Intimidate|[of] p1a: Mamoswine
|-unboost|p1a: Mamoswine|atk|1
|switch|p1a: Dragonite|Dragonite, M|337\/337
|
|turn|7
|
|move|p1a: Dragonite|Outrage|p2a: Landorus-Therian
|-damage|p2a: Landorus-Therian|0 fnt
|faint|p2a: Landorus-Therian
|
|c|âaj14|LOL
|c|âGodlyChaos|i fuckin hate you
|c|âGodlyChaos|a lot
|
|switch|p2a: Ampharos|Ampharos, F, shiny|322\/322
|turn|8
|
|move|p1a: Dragonite|Outrage|p2a: Ampharos
|-crit|p2a: Ampharos
|-damage|p2a: Ampharos|0 fnt
|-status|p1a: Dragonite|par
|faint|p2a: Ampharos
|
|-end|p1a: Dragonite|rampage
|-start|p1a: Dragonite|confusion
|c|âaj14|WOW
|c|âGodlyChaos|dljksfahdgfdshgfsdjhfkjdshfljskdf
|c|âGodlyChaos|ASHASHLJKASHA
|c|âGodlyChaos|JLKAHSAJSLKBDJ:KSB
|
|switch|p2a: Amoonguss|Amoonguss, F|291\/432
|turn|9
|
|move|p2a: Amoonguss|Spore|p1a: Dragonite
|-fail|p1a: Dragonite
|-activate|p1a: Dragonite|confusion
|move|p1a: Dragonite|Outrage|p2a: Amoonguss
|-damage|p2a: Amoonguss|0 fnt
|faint|p2a: Amoonguss
|
|c|âGodlyChaos|.
|c|âGodlyChaos|did i just
|c|âGodlyChaos|lol
|
|switch|p2a: Volcarona|Volcarona, M|292\/312
|turn|10
|c|âaj14|lmfao
|
|move|p2a: Volcarona|Substitute|p2a: Volcarona
|-start|p2a: Volcarona|Substitute
|-damage|p2a: Volcarona|214\/312
|-activate|p1a: Dragonite|confusion
|-damage|p1a: Dragonite|296\/337 par|[from] confusion
|
|-end|p1a: Dragonite|rampage
|-heal|p2a: Volcarona|233\/312|[from] item: Leftovers
|turn|11
|c|âGodlyChaos|time to wi to hax
|
|switch|p1a: Mamoswine|Mamoswine, M|217\/361
|move|p2a: Volcarona|Quiver Dance|p2a: Volcarona
|-boost|p2a: Volcarona|spa|1
|-boost|p2a: Volcarona|spd|1
|-boost|p2a: Volcarona|spe|1
|
|-heal|p2a: Volcarona|252\/312|[from] item: Leftovers
|turn|12
|
|move|p2a: Volcarona|Quiver Dance|p2a: Volcarona
|-boost|p2a: Volcarona|spa|1
|-boost|p2a: Volcarona|spd|1
|-boost|p2a: Volcarona|spe|1
|move|p1a: Mamoswine|Earthquake|p2a: Volcarona
|-end|p2a: Volcarona|Substitute
|-damage|p1a: Mamoswine|181\/361|[from] item: Life Orb
|
|-heal|p2a: Volcarona|271\/312|[from] item: Leftovers
|turn|13
|
|move|p2a: Volcarona|Bug Buzz|p1a: Mamoswine
|-damage|p1a: Mamoswine|0 fnt
|faint|p1a: Mamoswine
|
|-heal|p2a: Volcarona|290\/312|[from] item: Leftovers
|c|âGodlyChaos|JUSTICE!!!!!!!!!!!!!!!!!!!!!!!!!!!!
|c|âGodlyChaos|justice for my poor
|
|switch|p1a: Dragonite|Dragonite, M|296\/337 par
|turn|14
|c|âGodlyChaos|4 other
|c|âGodlyChaos|fuckin
|c|âGodlyChaos|pkm
|c|âGodlyChaos|win to hax
|c|âGodlyChaos|time
|c|âGodlyChaos|??
|
|cant|p1a: Dragonite|par
|move|p2a: Volcarona|Substitute|p2a: Volcarona
|-start|p2a: Volcarona|Substitute
|-damage|p2a: Volcarona|212\/312
|
|-heal|p2a: Volcarona|231\/312|[from] item: Leftovers
|turn|15
|c|âaj14|ffs
|c|âGodlyChaos|wait
|c|âGodlyChaos|why did you go first anyway
|c|âaj14|protect
|c|âGodlyChaos|oh
|c|âGodlyChaos|lol
|c|âGodlyChaos|so didn't matter
|
|move|p1a: Dragonite|Extreme Speed|p2a: Volcarona
|-end|p2a: Volcarona|Substitute
|move|p2a: Volcarona|Quiver Dance|p2a: Volcarona
|-boost|p2a: Volcarona|spa|1
|-boost|p2a: Volcarona|spd|1
|-boost|p2a: Volcarona|spe|1
|
|-heal|p2a: Volcarona|250\/312|[from] item: Leftovers
|turn|16
|
|move|p1a: Dragonite|Extreme Speed|p2a: Volcarona
|-damage|p2a: Volcarona|41\/312
|move|p2a: Volcarona|Bug Buzz|p1a: Dragonite
|-resisted|p1a: Dragonite
|-damage|p1a: Dragonite|59\/337 par
|
|-heal|p2a: Volcarona|60\/312|[from] item: Leftovers
|turn|17
|c|âGodlyChaos|time to win to hax.
|c|âGodlyChaos| pls
|c|âaj14|plz dnite
|
|cant|p1a: Dragonite|par
|move|p2a: Volcarona|Bug Buzz|p1a: Dragonite
|-resisted|p1a: Dragonite
|-damage|p1a: Dragonite|0 fnt
|faint|p1a: Dragonite
|
|-heal|p2a: Volcarona|79\/312|[from] item: Leftovers
|c|âGodlyChaos|dnite
|c|âGodlyChaos|YAYAYYAYA
|c|âGodlyChaos|mlg
|c|âGodlyChaos|pro
|c|âaj14|smh
|
|switch|p1a: Gengar|Gengar, M, shiny|261\/261
|turn|18
|
|move|p2a: Volcarona|Heat Wave|p1a: Gengar
|-damage|p1a: Gengar|0 fnt
|faint|p1a: Gengar
|
|-heal|p2a: Volcarona|98\/312|[from] item: Leftovers
|c|âGodlyChaos|if i missed
|c|âGodlyChaos|i would have
|
|switch|p1a: Garchomp|Garchomp, M|358\/358
|turn|19
|c|âGodlyChaos|mass murderd
|c|âGodlyChaos|your family
|
|move|p2a: Volcarona|Bug Buzz|p1a: Garchomp
|-damage|p1a: Garchomp|0 fnt
|faint|p1a: Garchomp
|
|-heal|p2a: Volcarona|117\/312|[from] item: Leftovers
|c|âaj14|well that was
|c|âaj14|gay
|-message|aj14 forfeited.
|
|win|GodlyChaos
|leave|aj14
|player|p1