|join|takajj
|join|aj14
|player|p1|takajj|281
|player|p2|aj14|aj14.png
|gametype|singles
|gen|6
|tier|OU
|clearpoke
|poke|p1|Charizard, M, shiny
|poke|p1|Excadrill, M
|poke|p1|Ferrothorn, F
|poke|p1|Manectric, M
|poke|p1|Kyurem-Black
|poke|p1|Keldeo
|poke|p2|Kyurem-Black
|poke|p2|Gengar, M, shiny
|poke|p2|Ferrothorn, F
|poke|p2|Alomomola, F
|poke|p2|Altaria, M
|poke|p2|Excadrill, M
|rule|Swagger Clause: Swagger is banned
|rule|Baton Pass Clause: Limit one PokÃ©mon knowing Baton Pass
|rule|Sleep Clause Mod: Limit one foe put to sleep
|rule|Species Clause: Limit one of each PokÃ©mon
|rule|OHKO Clause: OHKO moves are banned
|rule|Moody Clause: Moody is banned
|rule|Evasion Moves Clause: Evasion moves are banned
|rule|Endless Battle Clause: Forcing endless battles is banned
|rule|HP Percentage Mod: HP is shown in percentages
|teampreview
|join|DoomX
|c|âtakajj|aj
|c|âtakajj|wtf is that
|c|âaj14|wut
|c| DoomX|is that y u wanted a steelix avi
|c|âaj14|no
|c|âtakajj|your fucking icon
|c|âaj14|oh my pic?
|c|âtakajj|yh
|c|âaj14|juri from street fighter
|c|âtakajj|ah
|
|start
|switch|p1a: Laxus|Manectric, M|281\/281
|switch|p2a: DoomX|Kyurem-Black|453\/453
|-ability|p2a: DoomX|Teravolt
|turn|1
|
|move|p1a: Laxus|Flamethrower|p2a: DoomX
|-damage|p2a: DoomX|341\/453
|-status|p2a: DoomX|brn
|move|p2a: DoomX|Dragon Tail|p1a: Laxus
|-damage|p1a: Laxus|190\/281
|drag|p1a: Dante|Charizard, M, shiny|359\/359
|
|-heal|p2a: DoomX|369\/453 brn|[from] item: Leftovers
|-damage|p2a: DoomX|313\/453 brn|[from] brn
|turn|2
|c|âaj14|fuck off jj
|c|âtakajj|AV?
|c|âaj14|yh av and leftovers
|c|âaj14|1 items
|c|âaj14|2*
|c|âtakajj|lol
|c|âaj14|i lose now
|c|âaj14|ur fuckin hax
|c|âaj14|unreal
|
|switch|p1a: Free Hugs?|Ferrothorn, F|351\/351
|move|p2a: DoomX|Dragon Tail|p1a: Free Hugs?
|-resisted|p1a: Free Hugs?
|-damage|p1a: Free Hugs?|333\/351
|-damage|p2a: DoomX|257\/453 brn|[from] ability: Iron Barbs|[of] p1a: Free Hugs?
|-damage|p2a: DoomX|182\/453 brn|[from] item: Rocky Helmet|[of] p1a: Free Hugs?
|drag|p1a: Parthonax|Kyurem-Black|391\/391
|-ability|p1a: Parthonax|Teravolt
|
|-heal|p2a: DoomX|210\/453 brn|[from] item: Leftovers
|-damage|p2a: DoomX|154\/453 brn|[from] brn
|turn|3
|c|âaj14|omfg
|
|switch|p2a: Ferrothorn|Ferrothorn, F|352\/352
|move|p1a: Parthonax|Earth Power|p2a: Ferrothorn
|-damage|p2a: Ferrothorn|295\/352
|
|turn|4
|
|switch|p1a: Dig-Dug|Excadrill, M|423\/423
|-ability|p1a: Dig-Dug|Mold Breaker
|-item|p1a: Dig-Dug|Air Balloon
|move|p2a: Ferrothorn|Spikes|p1a: Dig-Dug
|-sidestart|p1: takajj|Spikes
|
|turn|5
|
|move|p1a: Dig-Dug|Stealth Rock|p2a: Ferrothorn
|-sidestart|p2: aj14|move: Stealth Rock
|move|p2a: Ferrothorn|Bullet Seed|p1a: Dig-Dug
|-damage|p1a: Dig-Dug|383\/423
|-enditem|p1a: Dig-Dug|Air Balloon
|-damage|p1a: Dig-Dug|337\/423
|-damage|p1a: Dig-Dug|295\/423
|-hitcount|p1a: Dig-Dug|3
|
|turn|6
|c|âtakajj|thats a thing?
|c|âaj14|shh
|c| DoomX|hello no
|
|switch|p1a: Laxus|Manectric, M|190\/281
|-damage|p1a: Laxus|155\/281|[from] Spikes
|move|p2a: Ferrothorn|Leech Seed|p1a: Laxus
|-start|p1a: Laxus|move: Leech Seed
|
|-damage|p1a: Laxus|120\/281|[from] Leech Seed|[of] p2a: Ferrothorn
|-heal|p2a: Ferrothorn|330\/352|[silent]
|turn|7
|c|âaj14|doom fuck you
|c|âaj14|its called keeping up with the emta
|c| DoomX|power whip?
|c|âaj14|im weak as fuck to CM keld and sub Mgyara and theyre popular as fuck rite now
|c|âtakajj|more like trying to make your own meta
|
|switch|p2a: Altaria|Altaria, M|352\/352
|-damage|p2a: Altaria|264\/352|[from] Stealth Rock
|move|p1a: Laxus|Flamethrower|p2a: Altaria
|-resisted|p2a: Altaria
|-damage|p2a: Altaria|204\/352
|
|-damage|p1a: Laxus|85\/281|[from] Leech Seed|[of] p2a: Altaria
|-heal|p2a: Altaria|239\/352|[silent]
|turn|8
|c|âaj14|jj shh
|c| DoomX|lol
|c|âtakajj|i would love a fucking burn right now
|
|switch|p1a: Free Hugs?|Ferrothorn, F|333\/351
|-damage|p1a: Free Hugs?|290\/351|[from] Spikes
|detailschange|p2a: Altaria|Altaria-Mega, M
|message|Altaria has Mega Evolved into Mega Altaria!
|move|p2a: Altaria|Heal Bell|p2a: Altaria
|-cureteam|p2a: Altaria|[from] move: HealBell
|
|turn|9
|c|âaj14|you got a FUCKING BURN
|
|move|p2a: Altaria|Fire Blast|p1a: Free Hugs?
|-supereffective|p1a: Free Hugs?
|-damage|p1a: Free Hugs?|0 fnt
|faint|p1a: Free Hugs?
|
|c| DoomX|bop
|c|âaj14|get the fuck out
|c|âtakajj|ok
|c|âtakajj|you know what
|join|Swaggerthief
|c|âtakajj|fuck this
|c|âtakajj|i will burn
|c|âaj14|...
|c|âtakajj|all your mons
|c| Swaggerthief|Hai
|
|switch|p1a: Laxus|Manectric, M|85\/281
|-damage|p1a: Laxus|50\/281|[from] Spikes
|turn|10
|
|move|p1a: Laxus|Volt Switch|p2a: Altaria
|-resisted|p2a: Altaria
|-damage|p2a: Altaria|169\/352
|
|switch|p1a: Dig-Dug|Excadrill, M|295\/423
|-damage|p1a: Dig-Dug|243\/423|[from] Spikes
|-ability|p1a: Dig-Dug|Mold Breaker
|move|p2a: Altaria|Roost|p2a: Altaria
|-heal|p2a: Altaria|345\/352
|
|turn|11
|c| DoomX|that volt swwitch made sense
|c|âaj14|lol
|c| Swaggerthief|Lol
|
|switch|p2a: Alomomola|Alomomola, F|533\/533
|-damage|p2a: Alomomola|467\/533|[from] Stealth Rock
|move|p1a: Dig-Dug|Rock Slide|p2a: Alomomola
|-damage|p2a: Alomomola|390\/533
|
|-heal|p2a: Alomomola|423\/533|[from] item: Leftovers
|turn|12
|c| Swaggerthief|What was the point of that
|
|move|p1a: Dig-Dug|Rapid Spin|p2a: Alomomola
|-crit|p2a: Alomomola
|-damage|p2a: Alomomola|389\/533
|-sideend|p1: takajj|Spikes|[from] move: Rapid Spin|[of] p1a: Dig-Dug
|move|p2a: Alomomola|Wish|p2a: Alomomola
|
|-heal|p2a: Alomomola|422\/533|[from] item: Leftovers
|turn|13
|
|switch|p1a: Laxus|Manectric, M|50\/281
|switch|p2a: Ferrothorn|Ferrothorn, F|330\/352
|-damage|p2a: Ferrothorn|308\/352|[from] Stealth Rock
|
|-heal|p2a: Ferrothorn|352\/352|[from] move: Wish|[wisher] Alomomola
|turn|14
|c| DoomX|jj can just 6-0 with zard x
|c|âaj14|lol
|c| DoomX|he doesnt realize it
|c|âtakajj|ik i can doom
|c|âtakajj|but
|c| DoomX|no u dont
|c|âtakajj|i gatta burn
|c|âtakajj|his KB
|
|switch|p2a: Altaria|Altaria-Mega, M|345\/352
|-damage|p2a: Altaria|301\/352|[from] Stealth Rock
|move|p1a: Laxus|Flamethrower|p2a: Altaria
|-resisted|p2a: Altaria
|-damage|p2a: Altaria|240\/352
|
|turn|15
|c| DoomX|k
|c| DoomX|if thats what you think
|
|move|p1a: Laxus|Flamethrower|p2a: Altaria
|-resisted|p2a: Altaria
|-damage|p2a: Altaria|184\/352
|move|p2a: Altaria|Roost|p2a: Altaria
|-heal|p2a: Altaria|352\/352
|
|turn|16
|
|switch|p2a: Alomomola|Alomomola, F|533\/533
|-damage|p2a: Alomomola|467\/533|[from] Stealth Rock
|move|p1a: Laxus|Flamethrower|p2a: Alomomola
|-resisted|p2a: Alomomola
|-damage|p2a: Alomomola|340\/533
|
|-heal|p2a: Alomomola|373\/533|[from] item: Leftovers
|turn|17
|
|move|p1a: Laxus|Flamethrower|p2a: Alomomola
|-crit|p2a: Alomomola
|-resisted|p2a: Alomomola
|-damage|p2a: Alomomola|196\/533
|move|p2a: Alomomola|Wish|p2a: Alomomola
|
|-heal|p2a: Alomomola|229\/533|[from] item: Leftovers
|turn|18
|
|move|p1a: Laxus|Flamethrower|p2a: Alomomola
|-resisted|p2a: Alomomola
|-damage|p2a: Alomomola|103\/533
|move|p2a: Alomomola|Scald|p1a: Laxus
|-damage|p1a: Laxus|0 fnt
|faint|p1a: Laxus
|
|-heal|p2a: Alomomola|369\/533|[from] move: Wish|[wisher] Alomomola
|-heal|p2a: Alomomola|402\/533|[from] item: Leftovers
|
|switch|p1a: Parthonax|Kyurem-Black|391\/391
|-ability|p1a: Parthonax|Teravolt
|turn|19
|c| DoomX|aj i think u should put toxic on alomomola
|
|switch|p2a: Ferrothorn|Ferrothorn, F|352\/352
|-damage|p2a: Ferrothorn|330\/352|[from] Stealth Rock
|move|p1a: Parthonax|Ice Beam|p2a: Ferrothorn
|-damage|p2a: Ferrothorn|249\/352
|
|turn|20
|c|âaj14|yh
|c| Swaggerthief|I used to use that
|c|âaj14|but knocking off trans lefties with it is so nice
|c| Swaggerthief|Scald wish protect toxic
|c| DoomX|true
|
|switch|p1a: Dig-Dug|Excadrill, M|243\/423
|-ability|p1a: Dig-Dug|Mold Breaker
|move|p2a: Ferrothorn|Spikes|p1a: Dig-Dug
|-sidestart|p1: takajj|Spikes
|
|turn|21
|
|move|p1a: Dig-Dug|Rock Slide|p2a: Ferrothorn
|-resisted|p2a: Ferrothorn
|-damage|p2a: Ferrothorn|211\/352
|cant|p2a: Ferrothorn|flinch
|
|turn|22
|c| Swaggerthief|Wtf jj
|c|âaj14|ffs
|c| DoomX|jj making plays
|
|move|p1a: Dig-Dug|Earthquake|p2a: Ferrothorn
|-damage|p2a: Ferrothorn|70\/352
|move|p2a: Ferrothorn|Leech Seed|p1a: Dig-Dug
|-start|p1a: Dig-Dug|move: Leech Seed
|
|-damage|p1a: Dig-Dug|191\/423|[from] Leech Seed|[of] p2a: Ferrothorn
|-heal|p2a: Ferrothorn|122\/352|[silent]
|turn|23
|
|switch|p2a: Alomomola|Alomomola, F|533\/533
|-damage|p2a: Alomomola|467\/533|[from] Stealth Rock
|move|p1a: Dig-Dug|Earthquake|p2a: Alomomola
|-damage|p2a: Alomomola|311\/533
|
|-heal|p2a: Alomomola|344\/533|[from] item: Leftovers
|-damage|p1a: Dig-Dug|139\/423|[from] Leech Seed|[of] p2a: Alomomola
|-heal|p2a: Alomomola|396\/533|[silent]
|turn|24
|
|move|p1a: Dig-Dug|Rock Slide|p2a: Alomomola
|-damage|p2a: Alomomola|310\/533
|move|p2a: Alomomola|Wish|p2a: Alomomola
|
|-heal|p2a: Alomomola|343\/533|[from] item: Leftovers
|-damage|p1a: Dig-Dug|87\/423|[from] Leech Seed|[of] p2a: Alomomola
|-heal|p2a: Alomomola|395\/533|[silent]
|turn|25
|c|âtakajj|damn
|c|âtakajj|gatta go for the flinch
|
|move|p1a: Dig-Dug|Earthquake|p2a: Alomomola
|-damage|p2a: Alomomola|229\/533
|move|p2a: Alomomola|Scald|p1a: Dig-Dug
|-supereffective|p1a: Dig-Dug
|-damage|p1a: Dig-Dug|0 fnt
|faint|p1a: Dig-Dug
|
|-heal|p2a: Alomomola|495\/533|[from] move: Wish|[wisher] Alomomola
|-heal|p2a: Alomomola|528\/533|[from] item: Leftovers
|c| Swaggerthief|JJ lettin himself be killed
|c|âtakajj|fuck
|c|âaj14|lmfao u think im stupid
|c|âtakajj|maybe
|
|switch|p1a: Dante|Charizard, M, shiny|359\/359
|turn|26
|
|switch|p2a: Excadrill|Excadrill, M|424\/424
|-damage|p2a: Excadrill|411\/424|[from] Stealth Rock
|-ability|p2a: Excadrill|Mold Breaker
|detailschange|p1a: Dante|Charizard-Mega-X, M, shiny
|message|Charizard has Mega Evolved into Mega Charizard!
|move|p1a: Dante|Swords Dance|p1a: Dante
|-boost|p1a: Dante|atk|2
|
|-heal|p2a: Excadrill|424\/424|[from] item: Leftovers
|turn|27
|c|âtakajj|is this thing scarf
|c|âaj14|yh
|c|âtakajj|fuck
|
|move|p1a: Dante|Flame Charge|p2a: Excadrill
|-supereffective|p2a: Excadrill
|-damage|p2a: Excadrill|0 fnt
|-boost|p1a: Dante|spe|1
|faint|p2a: Excadrill
|
|c| DoomX|gg aj
|c|âtakajj|ty
|c|âaj14|cant believe im gonna lose to this garbage
|c|âtakajj|2 pro
|c| Swaggerthief|Wtf
|
|switch|p2a: DoomX|Kyurem-Black|154\/453
|-damage|p2a: DoomX|41\/453|[from] Stealth Rock
|-ability|p2a: DoomX|Teravolt
|turn|28
|c|âtakajj|the only thing my zardx is weak to is tran
|c|âaj14|your zardx sucks
|c| Swaggerthief|How
|c| DoomX|lmfao
|c| Swaggerthief|Zard checks heatran
|c|âtakajj|its kicking your ass
|c| DoomX|1 fire move
|c|âaj14|cuz it 6-0s me
|c| DoomX|sd roost flame charge
|c|âtakajj|doom is right
|c|âtakajj|1 fire move
|c|âtakajj|lmao
|c| DoomX|whats the last move
|
|move|p1a: Dante|Flame Charge|p2a: DoomX
|-damage|p2a: DoomX|0 fnt
|-boost|p1a: Dante|spe|1
|faint|p2a: DoomX
|
|c|âtakajj|roost willo
|c|âaj14|wisp lol
|c| Swaggerthief|Flame charge wtf
|c| DoomX|lol
|
|switch|p2a: Gengar|Gengar, M, shiny|268\/268
|-damage|p2a: Gengar|235\/268|[from] Stealth Rock
|turn|29
|c|âaj14|jj
|c|âaj14|have mercy
|
|move|p1a: Dante|Flame Charge|p2a: Gengar
|-damage|p2a: Gengar|0 fnt
|-boost|p1a: Dante|spe|1
|faint|p2a: Gengar
|
|c|âtakajj|naw
|c|âaj14|fuck u
|-message|aj14 forfeited.
|
|win|takajj
|leave|aj14
|player|p2
|leave|DoomX
|c|âtakajj|i win
|leave|Swaggerthief