|join|takajj
|join|aj14
|player|p1|takajj|281
|player|p2|aj14|279
|gametype|singles
|gen|6
|tier|OU (suspect test)
|clearpoke
|poke|p1|Charizard, F
|poke|p1|Azelf
|poke|p1|Forretress, F
|poke|p1|Nidoking, M
|poke|p1|Azumarill, M, shiny
|poke|p1|Scrafty, F
|poke|p2|Raikou
|poke|p2|Gothitelle, F
|poke|p2|Ferrothorn, F
|poke|p2|Salamence, F
|poke|p2|Clefable, F
|poke|p2|Excadrill, M
|rule|Swagger Clause: Swagger is banned
|rule|Baton Pass Clause: Limit one PokÃ©mon knowing Baton Pass
|rule|Sleep Clause Mod: Limit one foe put to sleep
|rule|Species Clause: Limit one of each PokÃ©mon
|rule|OHKO Clause: OHKO moves are banned
|rule|Moody Clause: Moody is banned
|rule|Evasion Moves Clause: Evasion moves are banned
|rule|Endless Battle Clause: Forcing endless battles is banned
|rule|HP Percentage Mod: HP is reported as percentages
|teampreview
|chat|takajj|gl hf
|chat|aj14|gl
|join|frost10010
|chat|frost10010|http:\/\/www.youtube.com\/watch?v=KsQ829Vo11c
|chat|takajj|lol frost
|chat|frost10010|blister man!
|
|start
|switch|p1a: Princess|Azelf|354\/354
|switch|p2a: Raikou|Raikou|369\/369
|-ability|p2a: Raikou|Pressure
|turn|1
|
|move|p1a: Princess|Light Screen|p1a: Princess
|-sidestart|p1: takajj|move: Light Screen
|move|p2a: Raikou|Calm Mind|p2a: Raikou
|-boost|p2a: Raikou|spa|1
|-boost|p2a: Raikou|spd|1
|
|turn|2
|
|move|p1a: Princess|Reflect|p1a: Princess
|-sidestart|p1: takajj|Reflect
|move|p2a: Raikou|Substitute|p2a: Raikou
|-start|p2a: Raikou|Substitute
|-damage|p2a: Raikou|277\/369
|
|-heal|p2a: Raikou|300\/369|[from] item: Leftovers
|turn|3
|
|switch|p1a: King Pope|Nidoking, M|366\/366
|move|p2a: Raikou|Calm Mind|p2a: Raikou
|-boost|p2a: Raikou|spa|1
|-boost|p2a: Raikou|spd|1
|
|-heal|p2a: Raikou|323\/369|[from] item: Leftovers
|turn|4
|
|move|p2a: Raikou|Hidden Power|p1a: King Pope
|-supereffective|p1a: King Pope
|-damage|p1a: King Pope|233\/366
|move|p1a: King Pope|Earth Power|p2a: Raikou
|-supereffective|p2a: Raikou
|-end|p2a: Raikou|Substitute
|
|-heal|p2a: Raikou|346\/369|[from] item: Leftovers
|turn|5
|
|move|p2a: Raikou|Substitute|p2a: Raikou
|-start|p2a: Raikou|Substitute
|-damage|p2a: Raikou|254\/369
|move|p1a: King Pope|Earth Power|p2a: Raikou
|-supereffective|p2a: Raikou
|-end|p2a: Raikou|Substitute
|
|-heal|p2a: Raikou|277\/369|[from] item: Leftovers
|-sideend|p1: takajj|move: Light Screen
|turn|6
|chat|frost10010|O:
|
|move|p2a: Raikou|Hidden Power|p1a: King Pope
|-supereffective|p1a: King Pope
|-damage|p1a: King Pope|0 fnt
|faint|p1a: King Pope
|
|-heal|p2a: Raikou|300\/369|[from] item: Leftovers
|-sideend|p1: takajj|Reflect
|chat|takajj|damn
|
|switch|p1a: F5|Forretress, F|354\/354
|turn|7
|
|move|p2a: Raikou|Thunderbolt|p1a: F5
|-activate|p1a: F5|Sturdy
|-damage|p1a: F5|1\/354
|move|p1a: F5|Earthquake|p2a: Raikou
|-supereffective|p2a: Raikou
|-damage|p2a: Raikou|34\/369
|
|-heal|p2a: Raikou|57\/369|[from] item: Leftovers
|-heal|p1a: F5|23\/354|[from] item: Leftovers
|turn|8
|chat|takajj|ffs
|chat|frost10010|not enough D:
|
|move|p2a: Raikou|Thunderbolt|p1a: F5
|-damage|p1a: F5|0 fnt
|faint|p1a: F5
|
|-heal|p2a: Raikou|80\/369|[from] item: Leftovers
|chat|takajj|ok
|
|switch|p1a: M16|Azumarill, M, shiny|404\/404
|turn|9
|
|switch|p2a: Ferrothorn|Ferrothorn, F|351\/351
|move|p1a: M16|Aqua Jet|p2a: Ferrothorn
|-resisted|p2a: Ferrothorn
|-damage|p2a: Ferrothorn|323\/351
|-damage|p1a: M16|354\/404|[from] ability: Iron Barbs|[of] p2a: Ferrothorn
|
|-heal|p2a: Ferrothorn|344\/351|[from] item: Leftovers
|turn|10
|chat|frost10010|fire fang :O
|
|switch|p1a: Princess|Azelf|354\/354
|move|p2a: Ferrothorn|Leech Seed|p1a: Princess
|-start|p1a: Princess|move: Leech Seed
|
|-heal|p2a: Ferrothorn|351\/351|[from] item: Leftovers
|-damage|p1a: Princess|310\/354|[from] Leech Seed|[of] p2a: Ferrothorn
|turn|11
|
|switch|p2a: Raikou|Raikou|80\/369
|-ability|p2a: Raikou|Pressure
|move|p1a: Princess|Reflect|p1a: Princess
|-sidestart|p1: takajj|Reflect
|
|-heal|p1a: Princess|332\/354|[from] item: Leftovers
|-heal|p2a: Raikou|103\/369|[from] item: Leftovers
|-damage|p1a: Princess|288\/354|[from] Leech Seed|[of] p2a: Raikou
|-heal|p2a: Raikou|147\/369|[silent]
|turn|12
|
|move|p1a: Princess|Extrasensory|p2a: Raikou
|-damage|p2a: Raikou|41\/369
|move|p2a: Raikou|Calm Mind|p2a: Raikou
|-boost|p2a: Raikou|spa|1
|-boost|p2a: Raikou|spd|1
|
|-heal|p1a: Princess|310\/354|[from] item: Leftovers
|-heal|p2a: Raikou|64\/369|[from] item: Leftovers
|-damage|p1a: Princess|266\/354|[from] Leech Seed|[of] p2a: Raikou
|-heal|p2a: Raikou|108\/369|[silent]
|turn|13
|
|move|p1a: Princess|Extrasensory|p2a: Raikou
|-damage|p2a: Raikou|30\/369
|move|p2a: Raikou|Calm Mind|p2a: Raikou
|-boost|p2a: Raikou|spa|1
|-boost|p2a: Raikou|spd|1
|
|-heal|p1a: Princess|288\/354|[from] item: Leftovers
|-heal|p2a: Raikou|53\/369|[from] item: Leftovers
|-damage|p1a: Princess|244\/354|[from] Leech Seed|[of] p2a: Raikou
|-heal|p2a: Raikou|97\/369|[silent]
|turn|14
|chat|takajj|comon
|chat|frost10010|CRIT IT
|chat|takajj|need max damage
|
|move|p1a: Princess|Extrasensory|p2a: Raikou
|-damage|p2a: Raikou|39\/369
|move|p2a: Raikou|Calm Mind|p2a: Raikou
|-boost|p2a: Raikou|spa|1
|-boost|p2a: Raikou|spd|1
|
|-heal|p1a: Princess|266\/354|[from] item: Leftovers
|-heal|p2a: Raikou|62\/369|[from] item: Leftovers
|-damage|p1a: Princess|222\/354|[from] Leech Seed|[of] p2a: Raikou
|-heal|p2a: Raikou|106\/369|[silent]
|turn|15
|chat|frost10010|u need crit
|chat|takajj|fuck
|
|move|p1a: Princess|Extrasensory|p2a: Raikou
|-damage|p2a: Raikou|58\/369
|move|p2a: Raikou|Calm Mind|p2a: Raikou
|-boost|p2a: Raikou|spa|1
|-boost|p2a: Raikou|spd|1
|
|-heal|p1a: Princess|244\/354|[from] item: Leftovers
|-heal|p2a: Raikou|81\/369|[from] item: Leftovers
|-damage|p1a: Princess|200\/354|[from] Leech Seed|[of] p2a: Raikou
|-heal|p2a: Raikou|125\/369|[silent]
|-sideend|p1: takajj|Reflect
|turn|16
|chat|frost10010|u need
|chat|frost10010|explosion
|chat|takajj|ik
|chat|takajj|i got
|chat|takajj|wa idea
|chat|frost10010|:O
|chat|takajj|but i need to sax
|chat|takajj|primcess
|
|move|p1a: Princess|Extrasensory|p2a: Raikou
|-damage|p2a: Raikou|88\/369
|cant|p2a: Raikou|flinch
|
|-heal|p1a: Princess|222\/354|[from] item: Leftovers
|-heal|p2a: Raikou|111\/369|[from] item: Leftovers
|-damage|p1a: Princess|178\/354|[from] Leech Seed|[of] p2a: Raikou
|-heal|p2a: Raikou|155\/369|[silent]
|turn|17
|chat|frost10010|:(
|chat|takajj|there we go
|chat|aj14|i know your idea
|chat|takajj|kill me
|chat|takajj|aj
|
|move|p1a: Princess|Extrasensory|p2a: Raikou
|-damage|p2a: Raikou|116\/369
|cant|p2a: Raikou|flinch
|
|-heal|p1a: Princess|200\/354|[from] item: Leftovers
|-heal|p2a: Raikou|139\/369|[from] item: Leftovers
|-damage|p1a: Princess|156\/354|[from] Leech Seed|[of] p2a: Raikou
|-heal|p2a: Raikou|183\/369|[silent]
|turn|18
|chat|aj14|and i have an idea for your idea
|chat|takajj|u sure
|
|move|p1a: Princess|Extrasensory|p2a: Raikou
|-damage|p2a: Raikou|140\/369
|move|p2a: Raikou|Substitute|p2a: Raikou
|-start|p2a: Raikou|Substitute
|-damage|p2a: Raikou|48\/369
|
|-heal|p1a: Princess|178\/354|[from] item: Leftovers
|-heal|p2a: Raikou|71\/369|[from] item: Leftovers
|-damage|p1a: Princess|134\/354|[from] Leech Seed|[of] p2a: Raikou
|-heal|p2a: Raikou|115\/369|[silent]
|turn|19
|
|move|p1a: Princess|Extrasensory|p2a: Raikou
|-activate|p2a: Raikou|Substitute|[damage]
|move|p2a: Raikou|Calm Mind|p2a: Raikou
|-boost|p2a: Raikou|spa|1
|-boost|p2a: Raikou|spd|1
|
|-heal|p1a: Princess|156\/354|[from] item: Leftovers
|-heal|p2a: Raikou|138\/369|[from] item: Leftovers
|-damage|p1a: Princess|112\/354|[from] Leech Seed|[of] p2a: Raikou
|-heal|p2a: Raikou|182\/369|[silent]
|turn|20
|
|move|p1a: Princess|Extrasensory|p2a: Raikou
|-activate|p2a: Raikou|Substitute|[damage]
|move|p2a: Raikou|Calm Mind|p2a: Raikou
|-boost|p2a: Raikou|spa|1
|-boost|p2a: Raikou|spd|1
|
|-heal|p1a: Princess|134\/354|[from] item: Leftovers
|-heal|p2a: Raikou|205\/369|[from] item: Leftovers
|-damage|p1a: Princess|90\/354|[from] Leech Seed|[of] p2a: Raikou
|-heal|p2a: Raikou|249\/369|[silent]
|turn|21
|
|move|p1a: Princess|Extrasensory|p2a: Raikou
|-end|p2a: Raikou|Substitute
|move|p2a: Raikou|Substitute|p2a: Raikou
|-start|p2a: Raikou|Substitute
|-damage|p2a: Raikou|157\/369
|
|-heal|p1a: Princess|112\/354|[from] item: Leftovers
|-heal|p2a: Raikou|180\/369|[from] item: Leftovers
|-damage|p1a: Princess|68\/354|[from] Leech Seed|[of] p2a: Raikou
|-heal|p2a: Raikou|224\/369|[silent]
|turn|22
|
|move|p1a: Princess|Extrasensory|p2a: Raikou
|-activate|p2a: Raikou|Substitute|[damage]
|move|p2a: Raikou|Thunderbolt|p1a: Princess
|-damage|p1a: Princess|0 fnt
|faint|p1a: Princess
|
|-heal|p2a: Raikou|247\/369|[from] item: Leftovers
|chat|aj14|yummy
|chat|frost10010|its over ;-;
|
|switch|p1a: M16|Azumarill, M, shiny|354\/404
|turn|23
|
|move|p2a: Raikou|Thunderbolt|p1a: M16
|-supereffective|p1a: M16
|-damage|p1a: M16|0 fnt
|faint|p1a: M16
|
|-heal|p2a: Raikou|270\/369|[from] item: Leftovers
|
|switch|p1a: Hoodlum|Scrafty, F|271\/271
|turn|24
|chat|takajj|gg
|chat|aj14|gg
|
|move|p2a: Raikou|Thunderbolt|p1a: Hoodlum
|-crit|p1a: Hoodlum
|-damage|p1a: Hoodlum|0 fnt
|faint|p1a: Hoodlum
|
|-heal|p2a: Raikou|293\/369|[from] item: Leftovers
|
|switch|p1a: Alduin|Charizard, F|298\/298
|turn|25
|
|detailschange|p1a: Alduin|Charizard-Mega-X, F
|message|Charizard has Mega Evolved into Mega Charizard!
|move|p2a: Raikou|Thunderbolt|p1a: Alduin
|-resisted|p1a: Alduin
|-damage|p1a: Alduin|0 fnt
|faint|p1a: Alduin
|
|win|aj14