|join|aj14
|join|Error-1-1-1-1=0
|player|p1|aj14|279
|player|p2|Error-1-1-1-1=0|169
|gametype|singles
|gen|6
|tier|OU
|clearpoke
|poke|p1|Mawile, F
|poke|p1|Gyarados, M
|poke|p1|Hydreigon, M
|poke|p1|Tyranitar, M
|poke|p1|Reuniclus, F, shiny
|poke|p1|Zapdos
|poke|p2|Landorus, M
|poke|p2|Azumarill, F
|poke|p2|Thundurus, M
|poke|p2|Mamoswine, F
|poke|p2|Pinsir, F
|poke|p2|Tyranitar, F
|rule|Swagger Clause: Swagger is banned
|rule|Baton Pass Clause: Limit one PokÃ©mon knowing Baton Pass
|rule|Sleep Clause Mod: Limit one foe put to sleep
|rule|Species Clause: Limit one of each PokÃ©mon
|rule|OHKO Clause: OHKO moves are banned
|rule|Moody Clause: Moody is banned
|rule|Evasion Moves Clause: Evasion moves are banned
|rule|Endless Battle Clause: Forcing endless battles is banned
|rule|HP Percentage Mod: HP is reported as percentages
|teampreview
|join|htrthbthrtgert
|
|start
|switch|p1a: Hydreigon|Hydreigon, M|325\/325
|switch|p2a: Pinsir|Pinsir, F|272\/272
|turn|1
|
|switch|p1a: Zapdos|Zapdos|384\/384
|-ability|p1a: Zapdos|Pressure
|switch|p2a: Azumarill|Azumarill, F|354\/354
|
|turn|2
|chat|Error-1-1-1-1=0|Aw fuck
|chat|htrthbthrtgert|lol
|
|switch|p2a: Mamoswine|Mamoswine, F|361\/361
|move|p1a: Zapdos|Thunderbolt|p2a: Mamoswine
|-immune|p2a: Mamoswine|[msg]
|
|turn|3
|chat|htrthbthrtgert|come on aj
|chat|htrthbthrtgert|fucking obvious
|chat|aj14|idc
|chat|htrthbthrtgert|you suck
|chat|aj14|playing safe
|chat|aj14|fucking threat
|chat|htrthbthrtgert|you suck
|
|switch|p1a: Gyarados|Gyarados, M|349\/349
|-ability|p1a: Gyarados|Intimidate|[of] p2a: Mamoswine
|-unboost|p2a: Mamoswine|atk|1
|move|p2a: Mamoswine|Stealth Rock|p1a: Gyarados
|-sidestart|p1: aj14|move: Stealth Rock
|
|turn|4
|join|Chrisfeb1992
|
|move|p2a: Mamoswine|Icicle Spear|p1a: Gyarados
|-damage|p1a: Gyarados|309\/349
|-damage|p1a: Gyarados|270\/349
|-hitcount|p1a: Gyarados|2
|move|p1a: Gyarados|Waterfall|p2a: Mamoswine
|-supereffective|p2a: Mamoswine
|-damage|p2a: Mamoswine|1\/361
|
|turn|5
|
|move|p2a: Mamoswine|Endeavor|p1a: Gyarados
|-damage|p1a: Gyarados|1\/349
|move|p1a: Gyarados|Waterfall|p2a: Mamoswine
|-supereffective|p2a: Mamoswine
|-damage|p2a: Mamoswine|0 fnt
|faint|p2a: Mamoswine
|
|chat|aj14|wat
|chat|Error-1-1-1-1=0|No Moxie
|chat|Error-1-1-1-1=0|:\/
|join|DoomX
|
|switch|p2a: Pinsir|Pinsir, F|272\/272
|turn|6
|chat|htrthbthrtgert|you know i've been thinking
|chat|htrthbthrtgert|you can literally make any name you want
|chat|htrthbthrtgert|and be creative 
|chat|htrthbthrtgert|and this guy chooses aj14
|chat|Error-1-1-1-1=0|LOL
|
|detailschange|p2a: Pinsir|Pinsir-Mega, F
|message|Pinsir has Mega Evolved into Mega Pinsir!
|move|p2a: Pinsir|Swords Dance|p2a: Pinsir
|-boost|p2a: Pinsir|atk|2
|move|p1a: Gyarados|Natural Gift|p2a: Pinsir
|-supereffective|p2a: Pinsir
|-damage|p2a: Pinsir|56\/272
|
|turn|7
|chat|DoomX|lol
|chat|htrthbthrtgert|14 a random fucking number
|
|move|p2a: Pinsir|Return|p1a: Gyarados
|-damage|p1a: Gyarados|0 fnt
|faint|p1a: Gyarados
|
|chat|DoomX|maybe its his favourite
|chat|aj14|its my number
|chat|aj14|dont hate
|chat|htrthbthrtgert|naw thats his age
|chat|DoomX|llol
|chat|Error-1-1-1-1=0|OHHHH
|
|switch|p1a: Zapdos|Zapdos|384\/384
|-damage|p1a: Zapdos|288\/384|[from] Stealth Rock
|-ability|p1a: Zapdos|Pressure
|turn|8
|chat|Error-1-1-1-1=0|REKT
|chat|Error-1-1-1-1=0|REKTTTTT
|chat|Error-1-1-1-1=0|I wonder if I can outspeed
|chat|Error-1-1-1-1=0|:\/
|
|move|p2a: Pinsir|Return|p1a: Zapdos
|-resisted|p1a: Zapdos
|-damage|p1a: Zapdos|4\/384
|move|p1a: Zapdos|Thunderbolt|p2a: Pinsir
|-supereffective|p2a: Pinsir
|-damage|p2a: Pinsir|0 fnt
|faint|p2a: Pinsir
|
|-heal|p1a: Zapdos|28\/384|[from] item: Leftovers
|chat|Error-1-1-1-1=0|Dayum
|chat|aj14|smashed
|
|switch|p2a: Landorus|Landorus, M|320\/320
|turn|9
|
|move|p2a: Landorus|Rock Polish|p2a: Landorus
|-boost|p2a: Landorus|spe|2
|move|p1a: Zapdos|Defog|p2a: Landorus
|-unboost|p2a: Landorus|evasion|1
|-sideend|p1: aj14|Stealth Rock|[from] move: Defog|[of] p1a: Zapdos
|
|-heal|p1a: Zapdos|52\/384|[from] item: Leftovers
|turn|10
|
|move|p2a: Landorus|Psychic|p1a: Zapdos
|-damage|p1a: Zapdos|0 fnt
|faint|p1a: Zapdos
|
|
|switch|p1a: Hydreigon|Hydreigon, M|325\/325
|turn|11
|
|move|p2a: Landorus|Focus Blast|p1a: Hydreigon
|-supereffective|p1a: Hydreigon
|-damage|p1a: Hydreigon|0 fnt
|faint|p1a: Hydreigon
|
|
|switch|p1a: Reuniclus|Reuniclus, F, shiny|424\/424
|turn|12
|chat|Chrisfeb1992|lol dam
|
|move|p2a: Landorus|Earth Power|p1a: Reuniclus
|-damage|p1a: Reuniclus|120\/424
|move|p1a: Reuniclus|Psyshock|p2a: Landorus
|-damage|p2a: Landorus|197\/320
|
|-heal|p1a: Reuniclus|146\/424|[from] item: Leftovers
|turn|13
|
|move|p2a: Landorus|Earth Power|p1a: Reuniclus
|-damage|p1a: Reuniclus|0 fnt
|faint|p1a: Reuniclus
|
|chat|DoomX|aj needs trick room
|
|switch|p1a: Tyranitar|Tyranitar, M|404\/404
|-weather|Sandstorm
|turn|14
|
|move|p2a: Landorus|Earth Power|p1a: Tyranitar
|-supereffective|p1a: Tyranitar
|-damage|p1a: Tyranitar|69\/404
|move|p1a: Tyranitar|Pursuit|p2a: Landorus
|-damage|p2a: Landorus|109\/320
|
|-weather|Sandstorm|[upkeep]
|turn|15
|chat|Chrisfeb1992|that landorous aint no joke
|
|move|p2a: Landorus|Earth Power|p1a: Tyranitar
|-supereffective|p1a: Tyranitar
|-damage|p1a: Tyranitar|0 fnt
|faint|p1a: Tyranitar
|
|-weather|Sandstorm|[upkeep]
|
|switch|p1a: Mawile|Mawile, F|242\/242
|-ability|p1a: Mawile|Intimidate|[of] p2a: Landorus
|-unboost|p2a: Landorus|atk|1
|turn|16
|
|detailschange|p1a: Mawile|Mawile-Mega, F
|message|Mawile has Mega Evolved into Mega Mawile!
|move|p1a: Mawile|Sucker Punch|p2a: Landorus
|-damage|p2a: Landorus|0 fnt
|faint|p2a: Landorus
|
|-weather|Sandstorm|[upkeep]
|chat|aj14|aint over
|chat|aj14|till i say so
|
|switch|p2a: Tyranitar|Tyranitar, F|342\/342
|turn|17
|
|move|p2a: Tyranitar|Earthquake|p1a: Mawile
|-supereffective|p1a: Mawile
|-damage|p1a: Mawile|2\/242
|move|p1a: Mawile|Play Rough|p2a: Tyranitar
|-supereffective|p2a: Tyranitar
|-damage|p2a: Tyranitar|0 fnt
|faint|p2a: Tyranitar
|
|-weather|Sandstorm|[upkeep]
|chat|htrthbthrtgert|what the fuck
|
|switch|p2a: Azumarill|Azumarill, F|354\/354
|turn|18
|chat|DoomX|gg
|chat|Error-1-1-1-1=0|It's over :\/
|chat|aj14|why is ur ttar so fucking fast ffs
|
|move|p2a: Azumarill|Aqua Jet|p1a: Mawile
|-damage|p1a: Mawile|0 fnt
|faint|p1a: Mawile
|
|win|Error-1-1-1-1=0
|chat|DoomX|scarf
|chat|aj14|gg
|leave|aj14
|player|p1
|chat|htrthbthrtgert|GGGGGGGGGGGGGGG
|leave|Error-1-1-1-1=0
|player|p2
|leave|htrthbthrtgert
|leave|DoomX
|leave|Chrisfeb1992
|join|Error-1-1-1-1=0