|J|DoomX
|J|aj14
|player|p1|DoomX|192
|player|p2|aj14|aj14-donated.png
|gametype|singles
|gen|6
|tier|OU
|clearpoke
|poke|p1|Houndoom, M
|poke|p1|Reuniclus, F
|poke|p1|Latios, M
|poke|p1|Tyranitar, M
|poke|p1|Excadrill, F
|poke|p1|Gastrodon, F
|poke|p2|Beedrill, M
|poke|p2|Magnezone
|poke|p2|Rotom-Wash
|poke|p2|Ferrothorn, M
|poke|p2|Landorus-Therian, M
|poke|p2|Latias, F
|rule|Swagger Clause: Swagger is banned
|rule|Baton Pass Clause: Limit one PokÃ©mon knowing Baton Pass
|rule|Sleep Clause Mod: Limit one foe put to sleep
|rule|Species Clause: Limit one of each PokÃ©mon
|rule|OHKO Clause: OHKO moves are banned
|rule|Moody Clause: Moody is banned
|rule|Evasion Moves Clause: Evasion moves are banned
|rule|Endless Battle Clause: Forcing endless battles is banned
|rule|HP Percentage Mod: HP is shown in percentages
|teampreview
|
|start
|switch|p1a: Gastrodon|Gastrodon, F|426\/426
|switch|p2a: Beedrill|Beedrill, M|271\/271
|turn|1
|
|detailschange|p2a: Beedrill|Beedrill-Mega, M
|-mega|p2a: Beedrill|Beedrill|Beedrillite
|move|p2a: Beedrill|U-turn|p1a: Gastrodon
|-damage|p1a: Gastrodon|262\/426
|J|ImmortalZac
|
|switch|p2a: Ferrothorn|Ferrothorn, M|352\/352
|move|p1a: Gastrodon|Scald|p2a: Ferrothorn
|-resisted|p2a: Ferrothorn
|-damage|p2a: Ferrothorn|323\/352
|
|-heal|p1a: Gastrodon|288\/426|[from] item: Leftovers
|turn|2
|c| ImmortalZac|see doom was only going like
|c| ImmortalZac|2 percent
|c| ImmortalZac|8-)
|raw|<div class="broadcast-red"><b>Moderated chat was set to +!<\/b><br \/>Only users of rank + and higher can talk.<\/div>
|
|switch|p1a: Houndoom|Houndoom, M|291\/291
|move|p2a: Ferrothorn|Stealth Rock|p1a: Houndoom
|-sidestart|p1: DoomX|move: Stealth Rock
|
|turn|3
|
|switch|p2a: Latias|Latias, F|319\/319
|detailschange|p1a: Houndoom|Houndoom-Mega, M
|-mega|p1a: Houndoom|Houndoom|Houndoominite
|move|p1a: Houndoom|Fire Blast|p2a: Latias|[miss]
|-miss|p1a: Houndoom|p2a: Latias
|
|turn|4
|
|move|p1a: Houndoom|Dark Pulse|p2a: Latias
|-supereffective|p2a: Latias
|-damage|p2a: Latias|71\/319
|cant|p2a: Latias|flinch
|
|turn|5
|c|âaj14|fuck this
|
|move|p1a: Houndoom|Dark Pulse|p2a: Latias
|-supereffective|p2a: Latias
|-damage|p2a: Latias|0 fnt
|faint|p2a: Latias
|
|c|âDoomX|lol
|
|switch|p2a: Landorus-Therian|Landorus-Therian, M|381\/381
|-ability|p2a: Landorus-Therian|Intimidate|[of] p1a: Houndoom
|-unboost|p1a: Houndoom|atk|1
|turn|6
|
|switch|p1a: Latios|Latios, M|301\/301
|-damage|p1a: Latios|264\/301|[from] Stealth Rock
|move|p2a: Landorus-Therian|Knock Off|p1a: Latios
|-supereffective|p1a: Latios
|-damage|p1a: Latios|0 fnt
|-enditem|p1a: Latios|Life Orb|[from] move: Knock Off|[of] p2a: Landorus-Therian
|faint|p1a: Latios
|
|J|MattyX
|
|switch|p1a: Gastrodon|Gastrodon, F|288\/426
|-damage|p1a: Gastrodon|262\/426|[from] Stealth Rock
|turn|7
|
|move|p2a: Landorus-Therian|U-turn|p1a: Gastrodon
|-damage|p1a: Gastrodon|193\/426
|
|switch|p2a: Ferrothorn|Ferrothorn, M|323\/352
|move|p1a: Gastrodon|Recover|p1a: Gastrodon
|-heal|p1a: Gastrodon|406\/426
|
|-heal|p1a: Gastrodon|426\/426|[from] item: Leftovers
|turn|8
|
|switch|p1a: Reuniclus|Reuniclus, F|424\/424
|move|p2a: Ferrothorn|Power Whip|p1a: Reuniclus
|-damage|p1a: Reuniclus|306\/424
|
|-heal|p1a: Reuniclus|332\/424|[from] item: Leftovers
|turn|9
|
|switch|p2a: Magnezone|Magnezone|281\/281
|move|p1a: Reuniclus|Psyshock|p2a: Magnezone
|-resisted|p2a: Magnezone
|-damage|p2a: Magnezone|226\/281
|
|-heal|p1a: Reuniclus|358\/424|[from] item: Leftovers
|turn|10
|
|switch|p1a: Gastrodon|Gastrodon, F|426\/426
|-damage|p1a: Gastrodon|400\/426|[from] Stealth Rock
|move|p2a: Magnezone|Thunderbolt|p1a: Gastrodon
|-immune|p1a: Gastrodon|[msg]
|
|-heal|p1a: Gastrodon|426\/426|[from] item: Leftovers
|turn|11
|
|move|p2a: Magnezone|Thunderbolt|p1a: Gastrodon
|-immune|p1a: Gastrodon|[msg]
|move|p1a: Gastrodon|Scald|p2a: Magnezone
|-damage|p2a: Magnezone|124\/281
|
|turn|12
|
|switch|p2a: Ferrothorn|Ferrothorn, M|323\/352
|move|p1a: Gastrodon|Scald|p2a: Ferrothorn
|-resisted|p2a: Ferrothorn
|-damage|p2a: Ferrothorn|293\/352
|
|turn|13
|
|switch|p1a: Reuniclus|Reuniclus, F|358\/424
|move|p2a: Ferrothorn|Power Whip|p1a: Reuniclus
|-damage|p1a: Reuniclus|238\/424
|
|-heal|p1a: Reuniclus|264\/424|[from] item: Leftovers
|turn|14
|
|switch|p2a: Beedrill|Beedrill-Mega, M|271\/271
|move|p1a: Reuniclus|Recover|p1a: Reuniclus
|-heal|p1a: Reuniclus|424\/424
|
|turn|15
|
|switch|p1a: Gastrodon|Gastrodon, F|426\/426
|-damage|p1a: Gastrodon|400\/426|[from] Stealth Rock
|move|p2a: Beedrill|U-turn|p1a: Gastrodon
|-damage|p1a: Gastrodon|216\/426
|
|switch|p2a: Ferrothorn|Ferrothorn, M|293\/352
|
|-heal|p1a: Gastrodon|242\/426|[from] item: Leftovers
|turn|16
|
|switch|p1a: Reuniclus|Reuniclus, F|424\/424
|move|p2a: Ferrothorn|Power Whip|p1a: Reuniclus
|-damage|p1a: Reuniclus|298\/424
|
|-heal|p1a: Reuniclus|324\/424|[from] item: Leftovers
|turn|17
|
|switch|p2a: Landorus-Therian|Landorus-Therian, M|381\/381
|-ability|p2a: Landorus-Therian|Intimidate|[of] p1a: Reuniclus
|-unboost|p1a: Reuniclus|atk|1
|move|p1a: Reuniclus|Psyshock|p2a: Landorus-Therian
|-damage|p2a: Landorus-Therian|299\/381
|
|-heal|p1a: Reuniclus|350\/424|[from] item: Leftovers
|turn|18
|
|switch|p1a: Tyranitar|Tyranitar, M|403\/403
|-damage|p1a: Tyranitar|353\/403|[from] Stealth Rock
|-weather|Sandstorm
|move|p2a: Landorus-Therian|Knock Off|p1a: Tyranitar
|-resisted|p1a: Tyranitar
|-damage|p1a: Tyranitar|308\/403
|-enditem|p1a: Tyranitar|Smooth Rock|[from] move: Knock Off|[of] p2a: Landorus-Therian
|
|-weather|Sandstorm|[upkeep]
|turn|19
|
|move|p2a: Landorus-Therian|Earthquake|p1a: Tyranitar
|-supereffective|p1a: Tyranitar
|-damage|p1a: Tyranitar|14\/403
|move|p1a: Tyranitar|Pursuit|p2a: Landorus-Therian
|-damage|p2a: Landorus-Therian|232\/381
|
|-weather|Sandstorm|[upkeep]
|turn|20
|
|move|p2a: Landorus-Therian|U-turn|p1a: Tyranitar
|-supereffective|p1a: Tyranitar
|-damage|p1a: Tyranitar|0 fnt
|faint|p1a: Tyranitar
|
|switch|p2a: Beedrill|Beedrill-Mega, M|271\/271
|
|-weather|Sandstorm|[upkeep]
|-damage|p2a: Beedrill|255\/271|[from] sandstorm
|
|switch|p1a: Excadrill|Excadrill, F|361\/361
|-damage|p1a: Excadrill|350\/361|[from] Stealth Rock
|turn|21
|
|move|p2a: Beedrill|Protect|p2a: Beedrill
|-singleturn|p2a: Beedrill|Protect
|move|p1a: Excadrill|Swords Dance|p1a: Excadrill
|-boost|p1a: Excadrill|atk|2
|
|-weather|Sandstorm|[upkeep]
|-damage|p2a: Beedrill|239\/271|[from] sandstorm
|turn|22
|
|switch|p2a: Rotom-Wash|Rotom-Wash|249\/249
|move|p1a: Excadrill|Return|p2a: Rotom-Wash
|-damage|p2a: Rotom-Wash|0 fnt
|-damage|p1a: Excadrill|314\/361|[from] item: Life Orb
|faint|p2a: Rotom-Wash
|
|-weather|Sandstorm|[upkeep]
|
|switch|p2a: Landorus-Therian|Landorus-Therian, M|232\/381
|-ability|p2a: Landorus-Therian|Intimidate|[of] p1a: Excadrill
|-unboost|p1a: Excadrill|atk|1
|turn|23
|
|move|p1a: Excadrill|Iron Head|p2a: Landorus-Therian
|-damage|p2a: Landorus-Therian|0 fnt
|-damage|p1a: Excadrill|278\/361|[from] item: Life Orb
|faint|p2a: Landorus-Therian
|
|-weather|Sandstorm|[upkeep]
|c|âaj14|wtf
|c|âDoomX|?
|
|switch|p2a: Ferrothorn|Ferrothorn, M|293\/352
|turn|24
|
|move|p1a: Excadrill|Earthquake|p2a: Ferrothorn
|-damage|p2a: Ferrothorn|0 fnt
|-damage|p1a: Excadrill|242\/361|[from] item: Life Orb
|faint|p2a: Ferrothorn
|
|-weather|Sandstorm|[upkeep]
|
|switch|p2a: Beedrill|Beedrill-Mega, M|239\/271
|turn|25
|
|switch|p1a: Reuniclus|Reuniclus, F|350\/424
|move|p2a: Beedrill|U-turn|p1a: Reuniclus
|-supereffective|p1a: Reuniclus
|-damage|p1a: Reuniclus|34\/424
|
|switch|p2a: Magnezone|Magnezone|124\/281
|
|-weather|none
|-heal|p1a: Reuniclus|60\/424|[from] item: Leftovers
|turn|26
|
|move|p2a: Magnezone|Flash Cannon|p1a: Reuniclus
|-damage|p1a: Reuniclus|0 fnt
|faint|p1a: Reuniclus
|
|
|switch|p1a: Excadrill|Excadrill, F|242\/361
|-damage|p1a: Excadrill|231\/361|[from] Stealth Rock
|turn|27
|
|move|p2a: Magnezone|Flash Cannon|p1a: Excadrill
|-resisted|p1a: Excadrill
|-damage|p1a: Excadrill|126\/361
|move|p1a: Excadrill|Earthquake|p2a: Magnezone
|-supereffective|p2a: Magnezone
|-damage|p2a: Magnezone|0 fnt
|-damage|p1a: Excadrill|90\/361|[from] item: Life Orb
|faint|p2a: Magnezone
|
|
|switch|p2a: Beedrill|Beedrill-Mega, M|239\/271
|turn|28
|
|move|p2a: Beedrill|Knock Off|p1a: Excadrill
|-damage|p1a: Excadrill|0 fnt
|-enditem|p1a: Excadrill|Life Orb|[from] move: Knock Off|[of] p2a: Beedrill
|faint|p1a: Excadrill
|
|
|switch|p1a: Gastrodon|Gastrodon, F|242\/426
|-damage|p1a: Gastrodon|216\/426|[from] Stealth Rock
|turn|29
|
|move|p2a: Beedrill|U-turn|p1a: Gastrodon
|-damage|p1a: Gastrodon|38\/426
|move|p1a: Gastrodon|Recover|p1a: Gastrodon
|-heal|p1a: Gastrodon|251\/426
|
|-heal|p1a: Gastrodon|277\/426|[from] item: Leftovers
|turn|30
|
|move|p2a: Beedrill|Knock Off|p1a: Gastrodon
|-damage|p1a: Gastrodon|155\/426
|-enditem|p1a: Gastrodon|Leftovers|[from] move: Knock Off|[of] p2a: Beedrill
|move|p1a: Gastrodon|Recover|p1a: Gastrodon
|-heal|p1a: Gastrodon|368\/426
|
|turn|31
|
|move|p2a: Beedrill|Poison Jab|p1a: Gastrodon
|-resisted|p1a: Gastrodon
|-damage|p1a: Gastrodon|265\/426
|move|p1a: Gastrodon|Recover|p1a: Gastrodon
|-heal|p1a: Gastrodon|426\/426
|
|turn|32
|
|move|p2a: Beedrill|U-turn|p1a: Gastrodon
|-damage|p1a: Gastrodon|268\/426
|move|p1a: Gastrodon|Earthquake|p2a: Beedrill
|-damage|p2a: Beedrill|49\/271
|
|turn|33
|
|move|p2a: Beedrill|U-turn|p1a: Gastrodon
|-damage|p1a: Gastrodon|108\/426
|move|p1a: Gastrodon|Earthquake|p2a: Beedrill
|-damage|p2a: Beedrill|0 fnt
|faint|p2a: Beedrill
|
|win|DoomX
|c|âDoomX|gg
|L|aj14
|player|p2
|L|DoomX
|player|p1
|L|ImmortalZac