|join|aj14
|join|acetsunami
|player|p1|aj14|285
|player|p2|acetsunami|265
|gametype|singles
|gen|6
|tier|OU
|clearpoke
|poke|p1|Bibarel, M
|poke|p1|Mew
|poke|p1|Venusaur, M
|poke|p1|Latias, F
|poke|p1|Gliscor, F
|poke|p1|Charizard, F
|poke|p2|Latios, M, shiny
|poke|p2|Greninja, M, shiny
|poke|p2|Scolipede, M, shiny
|poke|p2|Metagross, shiny
|poke|p2|Heatran, F, shiny
|poke|p2|Dragonite, M, shiny
|rule|Swagger Clause: Swagger is banned
|rule|Baton Pass Clause: Limit one PokÃ©mon knowing Baton Pass
|rule|Sleep Clause Mod: Limit one foe put to sleep
|rule|Species Clause: Limit one of each PokÃ©mon
|rule|OHKO Clause: OHKO moves are banned
|rule|Moody Clause: Moody is banned
|rule|Evasion Moves Clause: Evasion moves are banned
|rule|Endless Battle Clause: Forcing endless battles is banned
|rule|HP Percentage Mod: HP is shown in percentages
|teampreview
|join|GodlyChaos
|
|start
|switch|p1a: Gliscor|Gliscor, F|351\/351
|switch|p2a: X Scissor|Scolipede, M, shiny|323\/323
|turn|1
|c| GodlyChaos|ffs aj
|
|switch|p2a: Jet-Sama|Metagross, shiny|302\/302
|move|p1a: Gliscor|Taunt|p2a: Jet-Sama
|-start|p2a: Jet-Sama|move: Taunt
|
|-status|p1a: Gliscor|tox|[from] item: Toxic Orb
|turn|2
|c| GodlyChaos|not this team
|c|âaj14|wat
|
|detailschange|p2a: Jet-Sama|Metagross-Mega, shiny
|message|Metagross has Mega Evolved into Mega Metagross!
|move|p2a: Jet-Sama|Ice Punch|p1a: Gliscor
|-supereffective|p1a: Gliscor
|-damage|p1a: Gliscor|0 fnt
|faint|p1a: Gliscor
|
|
|switch|p1a: Charizard|Charizard, F|297\/297
|turn|3
|c|âaj14|i think i lose
|c| GodlyChaos|pro metagross confirmed.
|
|move|p2a: Jet-Sama|Thunder Punch|p1a: Charizard
|-supereffective|p1a: Charizard
|-damage|p1a: Charizard|0 fnt
|faint|p1a: Charizard
|
|c| GodlyChaos|yep
|
|switch|p1a: Venusaur|Venusaur, M|301\/301
|turn|4
|
|detailschange|p1a: Venusaur|Venusaur-Mega, M
|message|Venusaur has Mega Evolved into Mega Venusaur!
|move|p2a: Jet-Sama|Earthquake|p1a: Venusaur
|-crit|p1a: Venusaur
|-damage|p1a: Venusaur|139\/301
|move|p1a: Venusaur|Knock Off|p2a: Jet-Sama
|-supereffective|p2a: Jet-Sama
|-damage|p2a: Jet-Sama|206\/302
|
|-end|p2a: Jet-Sama|move: Taunt
|turn|5
|
|move|p2a: Jet-Sama|Earthquake|p1a: Venusaur
|-damage|p1a: Venusaur|27\/301
|move|p1a: Venusaur|Synthesis|p1a: Venusaur
|-heal|p1a: Venusaur|177\/301
|
|turn|6
|
|switch|p2a: X Scissor|Scolipede, M, shiny|323\/323
|move|p1a: Venusaur|Knock Off|p2a: X Scissor
|-damage|p2a: X Scissor|226\/323
|-enditem|p2a: X Scissor|Focus Sash|[from] move: Knock Off|[of] p1a: Venusaur
|
|turn|7
|
|move|p2a: X Scissor|Substitute|p2a: X Scissor
|-start|p2a: X Scissor|Substitute
|-damage|p2a: X Scissor|146\/323
|move|p1a: Venusaur|Swords Dance|p1a: Venusaur
|-boost|p1a: Venusaur|atk|2
|
|-boost|p2a: X Scissor|spe|1|[from] ability: Speed Boost
|turn|8
|
|move|p2a: X Scissor|Swords Dance|p2a: X Scissor
|-boost|p2a: X Scissor|atk|2
|move|p1a: Venusaur|Knock Off|p2a: X Scissor
|-end|p2a: X Scissor|Substitute
|
|-boost|p2a: X Scissor|spe|1|[from] ability: Speed Boost
|turn|9
|
|move|p2a: X Scissor|Baton Pass|p2a: X Scissor
|
|switch|p2a: Scrub Style|Dragonite, M, shiny|324\/324
|move|p1a: Venusaur|Knock Off|p2a: Scrub Style
|-damage|p2a: Scrub Style|227\/324
|-enditem|p2a: Scrub Style|Leftovers|[from] move: Knock Off|[of] p1a: Venusaur
|
|turn|10
|
|move|p2a: Scrub Style|Outrage|p1a: Venusaur
|-crit|p1a: Venusaur
|-damage|p1a: Venusaur|0 fnt
|faint|p1a: Venusaur
|
|
|switch|p1a: Latias|Latias, F|319\/319
|turn|11
|
|move|p2a: Scrub Style|Outrage|p1a: Latias
|-supereffective|p1a: Latias
|-damage|p1a: Latias|0 fnt
|faint|p1a: Latias
|
|-end|p2a: Scrub Style|rampage
|-start|p2a: Scrub Style|confusion
|
|switch|p1a: Bibarel|Bibarel, M|361\/361
|turn|12
|
|-activate|p2a: Scrub Style|confusion
|-damage|p2a: Scrub Style|115\/324|[from] confusion
|move|p1a: Bibarel|Curse|p1a: Bibarel
|-boost|p1a: Bibarel|atk|2
|-boost|p1a: Bibarel|def|2
|-unboost|p1a: Bibarel|spe|2
|
|turn|13
|
|switch|p2a: ForHoennNigga|Latios, M, shiny|302\/302
|move|p1a: Bibarel|Curse|p1a: Bibarel
|-boost|p1a: Bibarel|atk|2
|-boost|p1a: Bibarel|def|2
|-unboost|p1a: Bibarel|spe|2
|
|turn|14
|
|move|p1a: Bibarel|Quick Attack|p2a: ForHoennNigga
|-damage|p2a: ForHoennNigga|8\/302
|-damage|p1a: Bibarel|325\/361|[from] item: Life Orb
|move|p2a: ForHoennNigga|Thunderbolt|p1a: Bibarel
|-supereffective|p1a: Bibarel
|-damage|p1a: Bibarel|0 fnt
|faint|p1a: Bibarel
|
|c|âaj14|nooo
|c|âacetsunami|:P
|
|switch|p1a: Mew|Mew|341\/341
|turn|15
|c| GodlyChaos|damn
|c| GodlyChaos|why doesn't anyone run that
|c| GodlyChaos|lol
|
|switch|p2a: OneWithBlack|Greninja, M, shiny|286\/286
|move|p1a: Mew|Bulk Up|p1a: Mew
|-boost|p1a: Mew|atk|1
|-boost|p1a: Mew|def|1
|
|turn|16
|
|move|p2a: OneWithBlack|U-turn|p1a: Mew
|-start|p2a: OneWithBlack|typechange|Bug|[from] Protean
|-crit|p1a: Mew
|-supereffective|p1a: Mew
|-damage|p1a: Mew|0 fnt
|faint|p1a: Mew
|
|win|acetsunami
|c|âaj14|wow
|leave|aj14
|player|p1
|leave|GodlyChaos