|join|aj14
|join|Patodragon.v30
|player|p1|aj14|265
|player|p2|Patodragon.v30|1
|gametype|singles
|gen|6
|tier|ORAS OU
|rated
|rule|Sleep Clause Mod: Limit one foe put to sleep
|rule|Species Clause: Limit one of each PokÃ©mon
|rule|OHKO Clause: OHKO moves are banned
|rule|Moody Clause: Moody is banned
|rule|Evasion Moves Clause: Evasion moves are banned
|rule|Endless Battle Clause: Forcing endless battles is banned
|rule|HP Percentage Mod: HP is shown in percentages
|clearpoke
|poke|p1|Altaria, M
|poke|p1|Gothitelle, F
|poke|p1|Magnezone
|poke|p1|Greninja, M, shiny
|poke|p1|Ferrothorn, M
|poke|p1|Cloyster, M
|poke|p2|Lopunny, F
|poke|p2|Gothitelle, F
|poke|p2|Keldeo
|poke|p2|Clefable, F
|poke|p2|Talonflame, F
|poke|p2|Latias, F
|rule|Swagger Clause: Swagger is banned
|rule|Baton Pass Clause: Limit one PokÃ©mon knowing Baton Pass
|teampreview
|
|start
|switch|p1a: Altaria|Altaria, M|311\/311
|switch|p2a: Lopunny|Lopunny, F|295\/295
|turn|1
|
|switch|p1a: Ferrothorn|Ferrothorn, M|351\/351
|detailschange|p2a: Lopunny|Lopunny-Mega, F
|message|Lopunny has Mega Evolved into Mega Lopunny!
|move|p2a: Lopunny|Fake Out|p1a: Ferrothorn
|-resisted|p1a: Ferrothorn
|-damage|p1a: Ferrothorn|328\/351
|-damage|p2a: Lopunny|259\/295|[from] ability: Iron Barbs|[of] p1a: Ferrothorn
|
|-heal|p1a: Ferrothorn|349\/351|[from] item: Leftovers
|turn|2
|
|switch|p1a: Gothitelle|Gothitelle, F|343\/343
|move|p2a: Lopunny|Baton Pass|p2a: Lopunny
|
|switch|p2a: Talonflame|Talonflame, F|309\/309
|
|turn|3
|
|move|p2a: Talonflame|Will-O-Wisp|p1a: Gothitelle|[miss]
|-miss|p2a: Talonflame|p1a: Gothitelle
|move|p1a: Gothitelle|Psyshock|p2a: Talonflame
|-damage|p2a: Talonflame|186\/309
|
|turn|4
|
|move|p2a: Talonflame|Will-O-Wisp|p1a: Gothitelle|[miss]
|-miss|p2a: Talonflame|p1a: Gothitelle
|move|p1a: Gothitelle|Calm Mind|p1a: Gothitelle
|-boost|p1a: Gothitelle|spa|1
|-boost|p1a: Gothitelle|spd|1
|
|turn|5
|
|move|p2a: Talonflame|Swords Dance|p2a: Talonflame
|-boost|p2a: Talonflame|atk|2
|move|p1a: Gothitelle|Psyshock|p2a: Talonflame
|-damage|p2a: Talonflame|9\/309
|
|turn|6
|
|move|p2a: Talonflame|Brave Bird|p1a: Gothitelle
|-damage|p1a: Gothitelle|0 fnt
|-damage|p2a: Talonflame|0 fnt|[from] recoil|[of] p1a: Gothitelle
|faint|p1a: Gothitelle
|faint|p2a: Talonflame
|
|
|switch|p2a: Lopunny|Lopunny-Mega, F|259\/295
|switch|p1a: Altaria|Altaria, M|311\/311
|turn|7
|
|switch|p1a: Ferrothorn|Ferrothorn, M|349\/351
|move|p2a: Lopunny|Baton Pass|p2a: Lopunny
|
|switch|p2a: Gothitelle|Gothitelle, F|281\/281
|
|-heal|p1a: Ferrothorn|351\/351|[from] item: Leftovers
|turn|8
|
|move|p2a: Gothitelle|Trick|p1a: Ferrothorn
|-activate|p2a: Gothitelle|move: Trick|[of] p1a: Ferrothorn
|-item|p1a: Ferrothorn|Choice Specs|[from] move: Trick
|-item|p2a: Gothitelle|Leftovers|[from] move: Trick
|move|p1a: Ferrothorn|Knock Off|p2a: Gothitelle
|-supereffective|p2a: Gothitelle
|-damage|p2a: Gothitelle|129\/281
|-enditem|p2a: Gothitelle|Leftovers|[from] move: Knock Off|[of] p1a: Ferrothorn
|
|turn|9
|
|move|p2a: Gothitelle|Hidden Power|p1a: Ferrothorn
|-crit|p1a: Ferrothorn
|-supereffective|p1a: Ferrothorn
|-damage|p1a: Ferrothorn|0 fnt
|faint|p1a: Ferrothorn
|
|
|switch|p1a: Altaria|Altaria, M|311\/311
|turn|10
|
|detailschange|p1a: Altaria|Altaria-Mega, M
|message|Altaria has Mega Evolved into Mega Altaria!
|move|p1a: Altaria|Dragon Dance|p1a: Altaria
|-boost|p1a: Altaria|atk|1
|-boost|p1a: Altaria|spe|1
|move|p2a: Gothitelle|Psychic|p1a: Altaria
|-damage|p1a: Altaria|158\/311
|
|turn|11
|
|move|p1a: Altaria|Roost|p1a: Altaria
|-heal|p1a: Altaria|311\/311
|move|p2a: Gothitelle|Psychic|p1a: Altaria
|-damage|p1a: Altaria|151\/311
|
|turn|12
|
|move|p1a: Altaria|Roost|p1a: Altaria
|-heal|p1a: Altaria|307\/311
|move|p2a: Gothitelle|Psychic|p1a: Altaria
|-damage|p1a: Altaria|150\/311
|
|turn|13
|
|move|p1a: Altaria|Roost|p1a: Altaria
|-heal|p1a: Altaria|306\/311
|move|p2a: Gothitelle|Psychic|p1a: Altaria
|-damage|p1a: Altaria|146\/311
|
|turn|14
|
|move|p1a: Altaria|Roost|p1a: Altaria
|-heal|p1a: Altaria|302\/311
|move|p2a: Gothitelle|Psychic|p1a: Altaria
|-damage|p1a: Altaria|161\/311
|
|turn|15
|
|move|p1a: Altaria|Earthquake|p2a: Gothitelle
|-damage|p2a: Gothitelle|0 fnt
|faint|p2a: Gothitelle
|
|
|switch|p2a: Clefable|Clefable, F|394\/394
|turn|16
|
|switch|p1a: Magnezone|Magnezone|281\/281
|move|p2a: Clefable|Thunder Wave|p1a: Magnezone
|-fail|p1a: Magnezone
|
|turn|17
|
|switch|p2a: Keldeo|Keldeo|323\/323
|move|p1a: Magnezone|Volt Switch|p2a: Keldeo
|-crit|p2a: Keldeo
|-supereffective|p2a: Keldeo
|-damage|p2a: Keldeo|0 fnt
|faint|p2a: Keldeo
|
|switch|p1a: Greninja|Greninja, M, shiny|285\/285
|
|
|switch|p2a: Clefable|Clefable, F|394\/394
|turn|18
|
|move|p1a: Greninja|Gunk Shot|p2a: Clefable
|-start|p1a: Greninja|typechange|Poison|[from] Protean
|-supereffective|p2a: Clefable
|-damage|p2a: Clefable|9\/394
|-status|p2a: Clefable|psn
|-damage|p1a: Greninja|257\/285|[from] item: Life Orb
|move|p2a: Clefable|Thunder Wave|p1a: Greninja
|-status|p1a: Greninja|par
|
|-heal|p2a: Clefable|33\/394 psn|[from] item: Leftovers
|turn|19
|
|move|p2a: Clefable|Stealth Rock|p1a: Greninja
|-sidestart|p1: aj14|move: Stealth Rock
|move|p1a: Greninja|Gunk Shot|p2a: Clefable
|-supereffective|p2a: Clefable
|-damage|p2a: Clefable|0 fnt
|-damage|p1a: Greninja|229\/285 par|[from] item: Life Orb
|faint|p2a: Clefable
|
|
|switch|p2a: Lopunny|Lopunny-Mega, F|259\/295
|turn|20
|
|move|p2a: Lopunny|Fake Out|p1a: Greninja
|-damage|p1a: Greninja|127\/285 par
|cant|p1a: Greninja|par
|
|turn|21
|
|move|p2a: Lopunny|Frustration|p1a: Greninja
|-damage|p1a: Greninja|0 fnt
|faint|p1a: Greninja
|
|
|switch|p1a: Magnezone|Magnezone|281\/281
|-damage|p1a: Magnezone|264\/281|[from] Stealth Rock
|turn|22
|
|move|p2a: Lopunny|High Jump Kick|p1a: Magnezone
|-supereffective|p1a: Magnezone
|-damage|p1a: Magnezone|0 fnt
|faint|p1a: Magnezone
|
|
|switch|p1a: Cloyster|Cloyster, M|303\/303
|-damage|p1a: Cloyster|228\/303|[from] Stealth Rock
|turn|23
|
|move|p2a: Lopunny|High Jump Kick|p1a: Cloyster
|-supereffective|p1a: Cloyster
|-damage|p1a: Cloyster|0 fnt
|faint|p1a: Cloyster
|
|
|switch|p1a: Altaria|Altaria-Mega, M|161\/311
|-damage|p1a: Altaria|123\/311|[from] Stealth Rock
|turn|24
|c|âPatodragon.v30|gg
|
|move|p2a: Lopunny|Frustration|p1a: Altaria
|-damage|p1a: Altaria|0 fnt
|faint|p1a: Altaria
|
|win|Patodragon.v30
|raw|Ladder updating...
|raw|aj14's rating: 1215 &rarr; <strong>1190<\/strong><br \/>(-25 for losing)
|raw|Patodragon.v30's rating: 1207 &rarr; <strong>1232<\/strong><br \/>(+25 for winning)
|leave|aj14
|player|p1
|c|âPatodragon.v30|thank fuck