|join|aj14
|join|TheBirdOfHermesZac
|player|p1|aj14|190
|player|p2|TheBirdOfHermesZac|277
|gametype|singles
|gen|6
|tier|ORAS OU
|rule|Sleep Clause Mod: Limit one foe put to sleep
|rule|Species Clause: Limit one of each PokÃ©mon
|rule|OHKO Clause: OHKO moves are banned
|rule|Moody Clause: Moody is banned
|rule|Evasion Moves Clause: Evasion moves are banned
|rule|Endless Battle Clause: Forcing endless battles is banned
|rule|HP Percentage Mod: HP is shown in percentages
|clearpoke
|poke|p1|Gallade, M
|poke|p1|Vaporeon, M
|poke|p1|Pikachu-Belle, F
|poke|p1|Klefki, M
|poke|p1|Landorus-Therian, M
|poke|p1|Latios, M
|poke|p2|Gallade, M
|poke|p2|Kyurem-Black
|poke|p2|Magnezone
|poke|p2|Landorus-Therian, M
|poke|p2|Ferrothorn, F
|poke|p2|Togekiss, F
|rule|Swagger Clause: Swagger is banned
|rule|Baton Pass Clause: Limit one PokÃ©mon knowing Baton Pass
|teampreview
|c|âTheBirdOfHermesZac|looks pro
|
|start
|switch|p1a: Landorus-Therian|Landorus-Therian, M|381\/381
|switch|p2a: Togekiss|Togekiss, F|311\/311
|-ability|p1a: Landorus-Therian|Intimidate|[of] p2a: Togekiss
|-unboost|p2a: Togekiss|atk|1
|turn|1
|
|move|p1a: Landorus-Therian|U-turn|p2a: Togekiss
|-resisted|p2a: Togekiss
|-damage|p2a: Togekiss|277\/311
|
|switch|p1a: Pikachu-Belle|Pikachu-Belle, F|212\/212
|move|p2a: Togekiss|Substitute|p2a: Togekiss
|-start|p2a: Togekiss|Substitute
|-damage|p2a: Togekiss|200\/311
|
|-heal|p2a: Togekiss|219\/311|[from] item: Leftovers
|turn|2
|c|âTheBirdOfHermesZac|:)
|c|âTheBirdOfHermesZac|that looks pro asf
|
|switch|p1a: Vaporeon|Vaporeon, M|464\/464
|move|p2a: Togekiss|Flamethrower|p1a: Vaporeon
|-resisted|p1a: Vaporeon
|-damage|p1a: Vaporeon|411\/464
|
|-heal|p2a: Togekiss|238\/311|[from] item: Leftovers
|-heal|p1a: Vaporeon|440\/464|[from] item: Leftovers
|turn|3
|
|move|p2a: Togekiss|Nasty Plot|p2a: Togekiss
|-boost|p2a: Togekiss|spa|2
|move|p1a: Vaporeon|Wish|p1a: Vaporeon
|
|-heal|p2a: Togekiss|257\/311|[from] item: Leftovers
|-heal|p1a: Vaporeon|464\/464|[from] item: Leftovers
|turn|4
|
|move|p2a: Togekiss|Air Slash|p1a: Vaporeon
|-damage|p1a: Vaporeon|164\/464
|move|p1a: Vaporeon|Scald|p2a: Togekiss
|-crit|p2a: Togekiss
|-end|p2a: Togekiss|Substitute
|
|-heal|p1a: Vaporeon|396\/464|[from] move: Wish|[wisher] Vaporeon
|-heal|p2a: Togekiss|276\/311|[from] item: Leftovers
|-heal|p1a: Vaporeon|425\/464|[from] item: Leftovers
|turn|5
|
|switch|p1a: Klefki|Klefki, M|318\/318
|move|p2a: Togekiss|Air Slash|p1a: Klefki
|-resisted|p1a: Klefki
|-damage|p1a: Klefki|153\/318
|
|-heal|p2a: Togekiss|295\/311|[from] item: Leftovers
|-heal|p1a: Klefki|172\/318|[from] item: Leftovers
|turn|6
|c|âTheBirdOfHermesZac|no flinch i cri every tim
|
|move|p1a: Klefki|Spikes|p2a: Togekiss
|-sidestart|p2: TheBirdOfHermesZac|Spikes
|move|p2a: Togekiss|Flamethrower|p1a: Klefki
|-supereffective|p1a: Klefki
|-damage|p1a: Klefki|0 fnt
|faint|p1a: Klefki
|
|-heal|p2a: Togekiss|311\/311|[from] item: Leftovers
|
|switch|p1a: Pikachu-Belle|Pikachu-Belle, F|212\/212
|turn|7
|
|switch|p2a: Ferrothorn|Ferrothorn, F|310\/310
|-damage|p2a: Ferrothorn|272\/310|[from] Spikes
|move|p1a: Pikachu-Belle|Volt Tackle|p2a: Ferrothorn
|-resisted|p2a: Ferrothorn
|-damage|p2a: Ferrothorn|227\/310
|-damage|p1a: Pikachu-Belle|186\/212|[from] ability: Iron Barbs|[of] p2a: Ferrothorn
|-damage|p1a: Pikachu-Belle|171\/212|[from] recoil|[of] p2a: Ferrothorn
|
|-heal|p2a: Ferrothorn|246\/310|[from] item: Leftovers
|turn|8
|
|move|p1a: Pikachu-Belle|Brick Break|p2a: Ferrothorn
|-supereffective|p2a: Ferrothorn
|-damage|p2a: Ferrothorn|162\/310
|-damage|p1a: Pikachu-Belle|145\/212|[from] ability: Iron Barbs|[of] p2a: Ferrothorn
|move|p2a: Ferrothorn|Leech Seed|p1a: Pikachu-Belle
|-start|p1a: Pikachu-Belle|move: Leech Seed
|
|-heal|p2a: Ferrothorn|181\/310|[from] item: Leftovers
|-damage|p1a: Pikachu-Belle|119\/212|[from] Leech Seed|[of] p2a: Ferrothorn
|-heal|p2a: Ferrothorn|207\/310|[silent]
|turn|9
|c|âTheBirdOfHermesZac|.. well ik what pokemon your not using
|
|switch|p1a: Landorus-Therian|Landorus-Therian, M|381\/381
|-ability|p1a: Landorus-Therian|Intimidate|[of] p2a: Ferrothorn
|-unboost|p2a: Ferrothorn|atk|1
|move|p2a: Ferrothorn|Power Whip|p1a: Landorus-Therian|[miss]
|-miss|p2a: Ferrothorn|p1a: Landorus-Therian
|
|-heal|p2a: Ferrothorn|226\/310|[from] item: Leftovers
|turn|10
|
|switch|p2a: Landorus-Therian|Landorus-Therian, M|382\/382
|-ability|p2a: Landorus-Therian|Intimidate|[of] p1a: Landorus-Therian
|-unboost|p1a: Landorus-Therian|atk|1
|move|p1a: Landorus-Therian|U-turn|p2a: Landorus-Therian
|-resisted|p2a: Landorus-Therian
|-damage|p2a: Landorus-Therian|336\/382
|
|switch|p1a: Pikachu-Belle|Pikachu-Belle, F|119\/212
|
|-heal|p2a: Landorus-Therian|359\/382|[from] item: Leftovers
|turn|11
|c|âTheBirdOfHermesZac|much over predict  much suffering wow
|c|âaj14|LOL
|
|move|p1a: Pikachu-Belle|Icicle Crash|p2a: Landorus-Therian
|-supereffective|p2a: Landorus-Therian
|-damage|p2a: Landorus-Therian|107\/382
|move|p2a: Landorus-Therian|Knock Off|p1a: Pikachu-Belle
|-damage|p1a: Pikachu-Belle|0 fnt
|-status|p2a: Landorus-Therian|par
|-enditem|p1a: Pikachu-Belle|Light Ball|[from] move: Knock Off|[of] p2a: Landorus-Therian
|faint|p1a: Pikachu-Belle
|
|-heal|p2a: Landorus-Therian|130\/382 par|[from] item: Leftovers
|c|âaj14|looooooooooooooooool
|c|âaj14|loooooooooooooooooooooooooooooooooooool
|c|âTheBirdOfHermesZac|i
|c|âTheBirdOfHermesZac|can't
|c|âTheBirdOfHermesZac|even
|
|switch|p1a: Gallade|Gallade, M|277\/277
|turn|12
|c|âTheBirdOfHermesZac|-screens-
|c|âaj14|nice and skillful pikachu
|
|detailschange|p1a: Gallade|Gallade-Mega, M
|message|Gallade has Mega Evolved into Mega Gallade!
|move|p1a: Gallade|Swords Dance|p1a: Gallade
|-boost|p1a: Gallade|atk|2
|move|p2a: Landorus-Therian|Earthquake|p1a: Gallade
|-damage|p1a: Gallade|43\/277
|
|-heal|p2a: Landorus-Therian|153\/382 par|[from] item: Leftovers
|turn|13
|
|move|p1a: Gallade|Knock Off|p2a: Landorus-Therian
|-damage|p2a: Landorus-Therian|0 fnt
|-enditem|p2a: Landorus-Therian|Leftovers|[from] move: Knock Off|[of] p1a: Gallade
|faint|p2a: Landorus-Therian
|
|
|switch|p2a: Kyurem-Black|Kyurem-Black|392\/392
|-damage|p2a: Kyurem-Black|343\/392|[from] Spikes
|-ability|p2a: Kyurem-Black|Teravolt
|turn|14
|
|move|p2a: Kyurem-Black|Dragon Claw|p1a: Gallade
|-damage|p1a: Gallade|0 fnt
|faint|p1a: Gallade
|
|c|âTheBirdOfHermesZac|so do you like my team aj?
|c|âaj14|yh
|
|switch|p1a: Landorus-Therian|Landorus-Therian, M|381\/381
|-ability|p1a: Landorus-Therian|Intimidate|[of] p2a: Kyurem-Black
|-unboost|p2a: Kyurem-Black|atk|1
|turn|15
|c|âTheBirdOfHermesZac|remind me to change that to outrage when it's over k
|
|switch|p2a: Ferrothorn|Ferrothorn, F|226\/310
|-damage|p2a: Ferrothorn|188\/310|[from] Spikes
|move|p1a: Landorus-Therian|U-turn|p2a: Ferrothorn
|-damage|p2a: Ferrothorn|95\/310
|-damage|p1a: Landorus-Therian|334\/381|[from] ability: Iron Barbs|[of] p2a: Ferrothorn
|
|switch|p1a: Vaporeon|Vaporeon, M|425\/464
|
|-heal|p1a: Vaporeon|454\/464|[from] item: Leftovers
|-heal|p2a: Ferrothorn|114\/310|[from] item: Leftovers
|turn|16
|
|switch|p1a: Landorus-Therian|Landorus-Therian, M|334\/381
|-ability|p1a: Landorus-Therian|Intimidate|[of] p2a: Ferrothorn
|-unboost|p2a: Ferrothorn|atk|1
|move|p2a: Ferrothorn|Leech Seed|p1a: Landorus-Therian
|-start|p1a: Landorus-Therian|move: Leech Seed
|
|-heal|p2a: Ferrothorn|133\/310|[from] item: Leftovers
|-damage|p1a: Landorus-Therian|287\/381|[from] Leech Seed|[of] p2a: Ferrothorn
|-heal|p2a: Ferrothorn|180\/310|[silent]
|turn|17
|c|âTheBirdOfHermesZac|nom nom nom
|c|âaj14|i dont think light ball works with these pikachu forms
|c|âaj14|cuz my icicle crash shoulda killed u
|c|âaj14|:|
|
|move|p1a: Landorus-Therian|U-turn|p2a: Ferrothorn
|-damage|p2a: Ferrothorn|86\/310
|-damage|p1a: Landorus-Therian|240\/381|[from] ability: Iron Barbs|[of] p2a: Ferrothorn
|c|âTheBirdOfHermesZac|did you damage calc
|
|switch|p1a: Vaporeon|Vaporeon, M|454\/464
|move|p2a: Ferrothorn|Power Whip|p1a: Vaporeon
|-supereffective|p1a: Vaporeon
|-damage|p1a: Vaporeon|260\/464
|
|-heal|p1a: Vaporeon|289\/464|[from] item: Leftovers
|-heal|p2a: Ferrothorn|105\/310|[from] item: Leftovers
|turn|18
|c|âaj14|no
|c|âTheBirdOfHermesZac|max hp lando
|c|âTheBirdOfHermesZac|if that helps at all
|
|switch|p1a: Landorus-Therian|Landorus-Therian, M|240\/381
|-ability|p1a: Landorus-Therian|Intimidate|[of] p2a: Ferrothorn
|-unboost|p2a: Ferrothorn|atk|1
|move|p2a: Ferrothorn|Leech Seed|p1a: Landorus-Therian
|-start|p1a: Landorus-Therian|move: Leech Seed
|
|-heal|p2a: Ferrothorn|124\/310|[from] item: Leftovers
|-damage|p1a: Landorus-Therian|193\/381|[from] Leech Seed|[of] p2a: Ferrothorn
|-heal|p2a: Ferrothorn|171\/310|[silent]
|turn|19
|c|âaj14|252 Atk Light Ball Pikachu Icicle Crash vs. 252 HP \/ 252+ Def Landorus-T: 336-396 (87.9 - 103.6%)
|
|move|p2a: Ferrothorn|Protect|p2a: Ferrothorn
|-singleturn|p2a: Ferrothorn|Protect
|move|p1a: Landorus-Therian|U-turn|p2a: Ferrothorn
|-activate|p2a: Ferrothorn|Protect
|
|-heal|p2a: Ferrothorn|190\/310|[from] item: Leftovers
|-damage|p1a: Landorus-Therian|146\/381|[from] Leech Seed|[of] p2a: Ferrothorn
|-heal|p2a: Ferrothorn|237\/310|[silent]
|turn|20
|c|âTheBirdOfHermesZac|not max defence even.
|c|âTheBirdOfHermesZac|so yea i guess it doesn't work
|c|âTheBirdOfHermesZac|sry m8.
|c|âTheBirdOfHermesZac|but you got your pay back on lando anyway
|c|âaj14|:]
|c|âTheBirdOfHermesZac|and k-b  would have killed anyway 
|
|move|p1a: Landorus-Therian|U-turn|p2a: Ferrothorn
|-damage|p2a: Ferrothorn|137\/310
|-damage|p1a: Landorus-Therian|99\/381|[from] ability: Iron Barbs|[of] p2a: Ferrothorn
|
|switch|p1a: Vaporeon|Vaporeon, M|289\/464
|move|p2a: Ferrothorn|Gyro Ball|p1a: Vaporeon
|-resisted|p1a: Vaporeon
|-damage|p1a: Vaporeon|271\/464
|
|-heal|p1a: Vaporeon|300\/464|[from] item: Leftovers
|-heal|p2a: Ferrothorn|156\/310|[from] item: Leftovers
|turn|21
|c|âTheBirdOfHermesZac|were waisting so many turns lol
|
|switch|p2a: Magnezone|Magnezone|282\/282
|-damage|p2a: Magnezone|247\/282|[from] Spikes
|move|p1a: Vaporeon|Wish|p1a: Vaporeon
|
|-heal|p1a: Vaporeon|329\/464|[from] item: Leftovers
|turn|22
|
|switch|p1a: Latios|Latios, M|301\/301
|move|p2a: Magnezone|Hidden Power|p1a: Latios
|-supereffective|p1a: Latios
|-damage|p1a: Latios|135\/301
|
|-heal|p1a: Latios|301\/301|[from] move: Wish|[wisher] Vaporeon
|turn|23
|c|âTheBirdOfHermesZac|well that was worthless
|
|move|p1a: Latios|Earthquake|p2a: Magnezone
|-crit|p2a: Magnezone
|-supereffective|p2a: Magnezone
|-damage|p2a: Magnezone|0 fnt
|-damage|p1a: Latios|271\/301|[from] item: Life Orb
|faint|p2a: Magnezone
|
|
|switch|p2a: Ferrothorn|Ferrothorn, F|156\/310
|-damage|p2a: Ferrothorn|118\/310|[from] Spikes
|turn|24
|
|move|p1a: Latios|Earthquake|p2a: Ferrothorn
|-damage|p2a: Ferrothorn|36\/310
|-damage|p1a: Latios|241\/301|[from] item: Life Orb
|move|p2a: Ferrothorn|Leech Seed|p1a: Latios
|-start|p1a: Latios|move: Leech Seed
|
|-heal|p2a: Ferrothorn|55\/310|[from] item: Leftovers
|-damage|p1a: Latios|204\/301|[from] Leech Seed|[of] p2a: Ferrothorn
|-heal|p2a: Ferrothorn|92\/310|[silent]
|turn|25
|
|switch|p1a: Landorus-Therian|Landorus-Therian, M|99\/381
|-ability|p1a: Landorus-Therian|Intimidate|[of] p2a: Ferrothorn
|-unboost|p2a: Ferrothorn|atk|1
|move|p2a: Ferrothorn|Power Whip|p1a: Landorus-Therian
|-damage|p1a: Landorus-Therian|0 fnt
|faint|p1a: Landorus-Therian
|
|-heal|p2a: Ferrothorn|111\/310|[from] item: Leftovers
|c|âaj14|nooooo
|
|switch|p1a: Vaporeon|Vaporeon, M|329\/464
|turn|26
|
|move|p1a: Vaporeon|Wish|p1a: Vaporeon
|move|p2a: Ferrothorn|Leech Seed|p1a: Vaporeon
|-start|p1a: Vaporeon|move: Leech Seed
|
|-heal|p1a: Vaporeon|358\/464|[from] item: Leftovers
|-heal|p2a: Ferrothorn|130\/310|[from] item: Leftovers
|-damage|p1a: Vaporeon|300\/464|[from] Leech Seed|[of] p2a: Ferrothorn
|-heal|p2a: Ferrothorn|188\/310|[silent]
|turn|27
|
|move|p1a: Vaporeon|Scald|p2a: Ferrothorn
|-resisted|p2a: Ferrothorn
|-damage|p2a: Ferrothorn|146\/310
|-status|p2a: Ferrothorn|brn
|move|p2a: Ferrothorn|Gyro Ball|p1a: Vaporeon
|-resisted|p1a: Vaporeon
|-damage|p1a: Vaporeon|287\/464
|
|-heal|p1a: Vaporeon|464\/464|[from] move: Wish|[wisher] Vaporeon
|-heal|p2a: Ferrothorn|165\/310 brn|[from] item: Leftovers
|-damage|p1a: Vaporeon|406\/464|[from] Leech Seed|[of] p2a: Ferrothorn
|-heal|p2a: Ferrothorn|223\/310 brn|[silent]
|-damage|p2a: Ferrothorn|185\/310 brn|[from] brn
|turn|28
|c|âTheBirdOfHermesZac|smh
|
|switch|p1a: Latios|Latios, M|204\/301
|switch|p2a: Togekiss|Togekiss, F|311\/311
|
|turn|29
|
|move|p1a: Latios|Thunderbolt|p2a: Togekiss
|-supereffective|p2a: Togekiss
|-damage|p2a: Togekiss|95\/311
|-damage|p1a: Latios|174\/301|[from] item: Life Orb
|move|p2a: Togekiss|Substitute|p2a: Togekiss
|-start|p2a: Togekiss|Substitute
|-damage|p2a: Togekiss|18\/311
|
|-heal|p2a: Togekiss|37\/311|[from] item: Leftovers
|turn|30
|
|move|p1a: Latios|Thunderbolt|p2a: Togekiss
|-supereffective|p2a: Togekiss
|-end|p2a: Togekiss|Substitute
|-damage|p1a: Latios|144\/301|[from] item: Life Orb
|move|p2a: Togekiss|Air Slash|p1a: Latios
|-damage|p1a: Latios|11\/301
|
|-heal|p2a: Togekiss|56\/311|[from] item: Leftovers
|turn|31
|c|âTheBirdOfHermesZac|inb4
|
|move|p1a: Latios|Roost|p1a: Latios
|-heal|p1a: Latios|162\/301
|move|p2a: Togekiss|Nasty Plot|p2a: Togekiss
|-boost|p2a: Togekiss|spa|2
|
|-heal|p2a: Togekiss|75\/311|[from] item: Leftovers
|turn|32
|c|âTheBirdOfHermesZac|:<
|c|âTheBirdOfHermesZac|-cris
|
|move|p1a: Latios|Thunderbolt|p2a: Togekiss
|-supereffective|p2a: Togekiss
|-damage|p2a: Togekiss|0 fnt
|-damage|p1a: Latios|132\/301|[from] item: Life Orb
|faint|p2a: Togekiss
|
|
|switch|p2a: Kyurem-Black|Kyurem-Black|343\/392
|-damage|p2a: Kyurem-Black|294\/392|[from] Spikes
|-ability|p2a: Kyurem-Black|Teravolt
|turn|33
|
|switch|p1a: Vaporeon|Vaporeon, M|406\/464
|move|p2a: Kyurem-Black|Dragon Claw|p1a: Vaporeon
|-damage|p1a: Vaporeon|217\/464
|
|-heal|p1a: Vaporeon|246\/464|[from] item: Leftovers
|turn|34
|
|switch|p2a: Ferrothorn|Ferrothorn, F|185\/310 brn
|-damage|p2a: Ferrothorn|147\/310 brn|[from] Spikes
|move|p1a: Vaporeon|Wish|p1a: Vaporeon
|
|-heal|p1a: Vaporeon|275\/464|[from] item: Leftovers
|-heal|p2a: Ferrothorn|166\/310 brn|[from] item: Leftovers
|-damage|p2a: Ferrothorn|128\/310 brn|[from] brn
|turn|35
|
|move|p1a: Vaporeon|Scald|p2a: Ferrothorn
|-resisted|p2a: Ferrothorn
|-damage|p2a: Ferrothorn|83\/310 brn
|move|p2a: Ferrothorn|Leech Seed|p1a: Vaporeon
|-start|p1a: Vaporeon|move: Leech Seed
|
|-heal|p1a: Vaporeon|464\/464|[from] move: Wish|[wisher] Vaporeon
|-heal|p2a: Ferrothorn|102\/310 brn|[from] item: Leftovers
|-damage|p1a: Vaporeon|406\/464|[from] Leech Seed|[of] p2a: Ferrothorn
|-heal|p2a: Ferrothorn|160\/310 brn|[silent]
|-damage|p2a: Ferrothorn|122\/310 brn|[from] brn
|turn|36
|c|âTheBirdOfHermesZac|Mix-o's = no :<
|
|switch|p1a: Latios|Latios, M|132\/301
|move|p2a: Ferrothorn|Gyro Ball|p1a: Latios
|-damage|p1a: Latios|26\/301
|
|-heal|p2a: Ferrothorn|141\/310 brn|[from] item: Leftovers
|-damage|p2a: Ferrothorn|103\/310 brn|[from] brn
|turn|37
|c|âaj14|i need to make a play
|
|move|p1a: Latios|Draco Meteor|p2a: Ferrothorn
|-resisted|p2a: Ferrothorn
|-damage|p2a: Ferrothorn|0 fnt
|-unboost|p1a: Latios|spa|2
|-damage|p1a: Latios|0 fnt|[from] item: Life Orb
|faint|p2a: Ferrothorn
|faint|p1a: Latios
|
|c|âaj14|noooooooo
|c|âTheBirdOfHermesZac|what.
|
|switch|p2a: Kyurem-Black|Kyurem-Black|294\/392
|-damage|p2a: Kyurem-Black|245\/392|[from] Spikes
|switch|p1a: Vaporeon|Vaporeon, M|406\/464
|-ability|p2a: Kyurem-Black|Teravolt
|turn|38
|
|move|p1a: Vaporeon|Protect|p1a: Vaporeon
|-singleturn|p1a: Vaporeon|Protect
|move|p2a: Kyurem-Black|Fusion Bolt|p1a: Vaporeon
|-activate|p1a: Vaporeon|Protect
|
|-heal|p1a: Vaporeon|435\/464|[from] item: Leftovers
|turn|39
|c|âaj14|!data fusion bolt
|c|~|\/data-move Fusion Bolt

|
|move|p2a: Kyurem-Black|Fusion Bolt|p1a: Vaporeon
|-supereffective|p1a: Vaporeon
|-damage|p1a: Vaporeon|133\/464
|move|p1a: Vaporeon|Wish|p1a: Vaporeon
|
|-heal|p1a: Vaporeon|162\/464|[from] item: Leftovers
|turn|40
|
|switch|p2a: Gallade|Gallade, M|340\/340
|-damage|p2a: Gallade|298\/340|[from] Spikes
|move|p1a: Vaporeon|Protect|p1a: Vaporeon
|-fail|p1a: Vaporeon
|
|-heal|p1a: Vaporeon|394\/464|[from] move: Wish|[wisher] Vaporeon
|-heal|p1a: Vaporeon|423\/464|[from] item: Leftovers
|turn|41
|
|detailschange|p2a: Gallade|Gallade-Mega, M
|message|Gallade has Mega Evolved into Mega Gallade!
|move|p2a: Gallade|Wish|p2a: Gallade
|move|p1a: Vaporeon|Scald|p2a: Gallade
|-damage|p2a: Gallade|231\/340
|-status|p2a: Gallade|brn
|
|-heal|p1a: Vaporeon|452\/464|[from] item: Leftovers
|-damage|p2a: Gallade|189\/340 brn|[from] brn
|turn|42
|c|âTheBirdOfHermesZac|SMH
|c|âTheBirdOfHermesZac|vaporeon max reck
|
|move|p2a: Gallade|Bulk Up|p2a: Gallade
|-boost|p2a: Gallade|atk|1
|-boost|p2a: Gallade|def|1
|move|p1a: Vaporeon|Wish|p1a: Vaporeon
|
|-heal|p2a: Gallade|340\/340 brn|[from] move: Wish|[wisher] Gallade
|-heal|p1a: Vaporeon|464\/464|[from] item: Leftovers
|-damage|p2a: Gallade|298\/340 brn|[from] brn
|turn|43
|
|move|p2a: Gallade|Wish|p2a: Gallade
|move|p1a: Vaporeon|Scald|p2a: Gallade
|-damage|p2a: Gallade|225\/340 brn
|
|-damage|p2a: Gallade|183\/340 brn|[from] brn
|turn|44
|
|move|p2a: Gallade|Bulk Up|p2a: Gallade
|-boost|p2a: Gallade|atk|1
|-boost|p2a: Gallade|def|1
|move|p1a: Vaporeon|Heal Bell|p1a: Vaporeon
|-cureteam|p1a: Vaporeon|[from] move: HealBell
|
|-heal|p2a: Gallade|340\/340 brn|[from] move: Wish|[wisher] Gallade
|-damage|p2a: Gallade|298\/340 brn|[from] brn
|turn|45
|
|move|p2a: Gallade|Psycho Cut|p1a: Vaporeon
|-damage|p1a: Vaporeon|347\/464
|move|p1a: Vaporeon|Scald|p2a: Gallade
|-damage|p2a: Gallade|225\/340 brn
|
|-heal|p1a: Vaporeon|376\/464|[from] item: Leftovers
|-damage|p2a: Gallade|183\/340 brn|[from] brn
|turn|46
|
|move|p2a: Gallade|Wish|p2a: Gallade
|move|p1a: Vaporeon|Scald|p2a: Gallade
|-damage|p2a: Gallade|117\/340 brn
|
|-heal|p1a: Vaporeon|405\/464|[from] item: Leftovers
|-damage|p2a: Gallade|75\/340 brn|[from] brn
|turn|47
|c|âaj14|crittttttttt
|
|move|p2a: Gallade|Bulk Up|p2a: Gallade
|-boost|p2a: Gallade|atk|1
|-boost|p2a: Gallade|def|1
|move|p1a: Vaporeon|Scald|p2a: Gallade
|-damage|p2a: Gallade|5\/340 brn
|
|-heal|p2a: Gallade|175\/340 brn|[from] move: Wish|[wisher] Gallade
|-heal|p1a: Vaporeon|434\/464|[from] item: Leftovers
|-damage|p2a: Gallade|133\/340 brn|[from] brn
|turn|48
|c|âTheBirdOfHermesZac|nooooo critttt
|c|âTheBirdOfHermesZac|yay
|c|âaj14|omfg
|
|move|p2a: Gallade|Wish|p2a: Gallade
|move|p1a: Vaporeon|Scald|p2a: Gallade
|-damage|p2a: Gallade|61\/340 brn
|
|-heal|p1a: Vaporeon|463\/464|[from] item: Leftovers
|-damage|p2a: Gallade|19\/340 brn|[from] brn
|turn|49
|c|âTheBirdOfHermesZac|shit
|c|âTheBirdOfHermesZac|lel
|
|move|p2a: Gallade|Drain Punch|p1a: Vaporeon
|-damage|p1a: Vaporeon|310\/464
|-heal|p2a: Gallade|96\/340 brn|[from] drain|[of] p1a: Vaporeon
|move|p1a: Vaporeon|Scald|p2a: Gallade
|-damage|p2a: Gallade|23\/340 brn
|
|-heal|p2a: Gallade|193\/340 brn|[from] move: Wish|[wisher] Gallade
|-heal|p1a: Vaporeon|339\/464|[from] item: Leftovers
|-damage|p2a: Gallade|151\/340 brn|[from] brn
|turn|50
|c|âTheBirdOfHermesZac|lel
|c|âaj14|burn y u no go first
|
|move|p2a: Gallade|Wish|p2a: Gallade
|move|p1a: Vaporeon|Scald|p2a: Gallade
|-damage|p2a: Gallade|81\/340 brn
|
|-heal|p1a: Vaporeon|368\/464|[from] item: Leftovers
|-damage|p2a: Gallade|39\/340 brn|[from] brn
|turn|51
|
|move|p2a: Gallade|Drain Punch|p1a: Vaporeon
|-damage|p1a: Vaporeon|211\/464
|-heal|p2a: Gallade|118\/340 brn|[from] drain|[of] p1a: Vaporeon
|move|p1a: Vaporeon|Scald|p2a: Gallade
|-damage|p2a: Gallade|51\/340 brn
|
|-heal|p2a: Gallade|221\/340 brn|[from] move: Wish|[wisher] Gallade
|-heal|p1a: Vaporeon|240\/464|[from] item: Leftovers
|-damage|p2a: Gallade|179\/340 brn|[from] brn
|turn|52
|
|move|p2a: Gallade|Wish|p2a: Gallade
|move|p1a: Vaporeon|Scald|p2a: Gallade
|-damage|p2a: Gallade|109\/340 brn
|
|-heal|p1a: Vaporeon|269\/464|[from] item: Leftovers
|-damage|p2a: Gallade|67\/340 brn|[from] brn
|turn|53
|
|move|p2a: Gallade|Drain Punch|p1a: Vaporeon
|-damage|p1a: Vaporeon|118\/464
|-heal|p2a: Gallade|143\/340 brn|[from] drain|[of] p1a: Vaporeon
|move|p1a: Vaporeon|Wish|p1a: Vaporeon
|
|-heal|p2a: Gallade|313\/340 brn|[from] move: Wish|[wisher] Gallade
|-heal|p1a: Vaporeon|147\/464|[from] item: Leftovers
|-damage|p2a: Gallade|271\/340 brn|[from] brn
|turn|54
|c|âTheBirdOfHermesZac|drain PAUNCH = best pawunch
|
|move|p2a: Gallade|Bulk Up|p2a: Gallade
|-boost|p2a: Gallade|atk|1
|-boost|p2a: Gallade|def|1
|move|p1a: Vaporeon|Scald|p2a: Gallade
|-damage|p2a: Gallade|199\/340 brn
|
|-heal|p1a: Vaporeon|379\/464|[from] move: Wish|[wisher] Vaporeon
|-heal|p1a: Vaporeon|408\/464|[from] item: Leftovers
|-damage|p2a: Gallade|157\/340 brn|[from] brn
|turn|55
|c|âaj14|crit rite now bitch
|c|âaj14|im telling u to crit
|c|âaj14|sop fuckin do it
|c|âTheBirdOfHermesZac|no crit plese
|
|move|p2a: Gallade|Wish|p2a: Gallade
|move|p1a: Vaporeon|Scald|p2a: Gallade
|-damage|p2a: Gallade|88\/340 brn
|
|-heal|p1a: Vaporeon|437\/464|[from] item: Leftovers
|-damage|p2a: Gallade|46\/340 brn|[from] brn
|turn|56
|c|âaj14|u lil slut
|
|move|p2a: Gallade|Drain Punch|p1a: Vaporeon
|-damage|p1a: Vaporeon|262\/464
|-heal|p2a: Gallade|134\/340 brn|[from] drain|[of] p1a: Vaporeon
|move|p1a: Vaporeon|Scald|p2a: Gallade
|-damage|p2a: Gallade|68\/340 brn
|
|-heal|p2a: Gallade|238\/340 brn|[from] move: Wish|[wisher] Gallade
|-heal|p1a: Vaporeon|291\/464|[from] item: Leftovers
|-damage|p2a: Gallade|196\/340 brn|[from] brn
|turn|57
|c|âTheBirdOfHermesZac|lmao
|
|move|p1a: Vaporeon|Protect|p1a: Vaporeon
|-singleturn|p1a: Vaporeon|Protect
|move|p2a: Gallade|Drain Punch|p1a: Vaporeon
|-activate|p1a: Vaporeon|Protect
|
|-heal|p1a: Vaporeon|320\/464|[from] item: Leftovers
|-damage|p2a: Gallade|154\/340 brn|[from] brn
|turn|58
|c|âaj14|LAST CHANCE BITCH
|c|âaj14|CRIT
|
|move|p2a: Gallade|Wish|p2a: Gallade
|move|p1a: Vaporeon|Scald|p2a: Gallade
|-damage|p2a: Gallade|91\/340 brn
|
|-heal|p1a: Vaporeon|349\/464|[from] item: Leftovers
|-damage|p2a: Gallade|49\/340 brn|[from] brn
|turn|59
|
|move|p1a: Vaporeon|Protect|p1a: Vaporeon
|-singleturn|p1a: Vaporeon|Protect
|move|p2a: Gallade|Drain Punch|p1a: Vaporeon
|-activate|p1a: Vaporeon|Protect
|
|-heal|p2a: Gallade|219\/340 brn|[from] move: Wish|[wisher] Gallade
|-heal|p1a: Vaporeon|378\/464|[from] item: Leftovers
|-damage|p2a: Gallade|177\/340 brn|[from] brn
|turn|60
|c|âTheBirdOfHermesZac|smh
|
|move|p2a: Gallade|Wish|p2a: Gallade
|move|p1a: Vaporeon|Scald|p2a: Gallade
|-damage|p2a: Gallade|108\/340 brn
|
|-heal|p1a: Vaporeon|407\/464|[from] item: Leftovers
|-damage|p2a: Gallade|66\/340 brn|[from] brn
|turn|61
|c|âTheBirdOfHermesZac|you got burn on first scald isn't that enough lol
|
|move|p2a: Gallade|Drain Punch|p1a: Vaporeon
|-damage|p1a: Vaporeon|239\/464
|-heal|p2a: Gallade|150\/340 brn|[from] drain|[of] p1a: Vaporeon
|move|p1a: Vaporeon|Wish|p1a: Vaporeon
|
|-heal|p2a: Gallade|320\/340 brn|[from] move: Wish|[wisher] Gallade
|-heal|p1a: Vaporeon|268\/464|[from] item: Leftovers
|-damage|p2a: Gallade|278\/340 brn|[from] brn
|turn|62
|c|âaj14|no
|
|move|p2a: Gallade|Bulk Up|p2a: Gallade
|-boost|p2a: Gallade|atk|1
|-boost|p2a: Gallade|def|1
|move|p1a: Vaporeon|Scald|p2a: Gallade
|-damage|p2a: Gallade|208\/340 brn
|
|-heal|p1a: Vaporeon|464\/464|[from] move: Wish|[wisher] Vaporeon
|-damage|p2a: Gallade|166\/340 brn|[from] brn
|turn|63
|c|âaj14|crit
|
|move|p2a: Gallade|Wish|p2a: Gallade
|move|p1a: Vaporeon|Scald|p2a: Gallade
|-damage|p2a: Gallade|100\/340 brn
|
|-damage|p2a: Gallade|58\/340 brn|[from] brn
|turn|64
|
|move|p1a: Vaporeon|Protect|p1a: Vaporeon
|-singleturn|p1a: Vaporeon|Protect
|move|p2a: Gallade|Drain Punch|p1a: Vaporeon
|-activate|p1a: Vaporeon|Protect
|
|-heal|p2a: Gallade|228\/340 brn|[from] move: Wish|[wisher] Gallade
|-damage|p2a: Gallade|186\/340 brn|[from] brn
|turn|65
|c|âTheBirdOfHermesZac|i hate this
|
|move|p2a: Gallade|Wish|p2a: Gallade
|move|p1a: Vaporeon|Scald|p2a: Gallade
|-damage|p2a: Gallade|120\/340 brn
|
|-damage|p2a: Gallade|78\/340 brn|[from] brn
|turn|66
|c|âaj14|PLZ CRIT 
|c|âaj14|VAPPY
|c|âaj14|I AINT ASKIN MUCH
|
|move|p2a: Gallade|Drain Punch|p1a: Vaporeon
|-damage|p1a: Vaporeon|272\/464
|-heal|p2a: Gallade|174\/340 brn|[from] drain|[of] p1a: Vaporeon
|move|p1a: Vaporeon|Scald|p2a: Gallade
|-crit|p2a: Gallade
|-damage|p2a: Gallade|74\/340 brn
|
|-heal|p2a: Gallade|244\/340 brn|[from] move: Wish|[wisher] Gallade
|-heal|p1a: Vaporeon|301\/464|[from] item: Leftovers
|-damage|p2a: Gallade|202\/340 brn|[from] brn
|turn|67
|c|âaj14|FUCKKKKKKKKKKKKKK
|c|âTheBirdOfHermesZac|there you got your shitty crit
|
|move|p1a: Vaporeon|Protect|p1a: Vaporeon
|-singleturn|p1a: Vaporeon|Protect
|move|p2a: Gallade|Bulk Up|p2a: Gallade
|-boost|p2a: Gallade|atk|1
|-boost|p2a: Gallade|def|1
|
|-heal|p1a: Vaporeon|330\/464|[from] item: Leftovers
|-damage|p2a: Gallade|160\/340 brn|[from] brn
|turn|68
|c|âaj14|!data bulk up
|c|~|\/data-move Bulk Up

|c|âaj14|!data psycho cut
|c|~|\/data-move Psycho Cut

|c|âaj14|ALL THIS FUCKING PP
|c|âaj14|i lost
|-message|aj14 forfeited.
|
|win|TheBirdOfHermesZac
|c|âTheBirdOfHermesZac|yep
|leave|aj14
|player|p1