|join|Yoda2798
|join|aj14
|player|p1|Yoda2798|262
|player|p2|aj14|159
|gametype|singles
|gen|6
|tier|OU
|rated
|clearpoke
|poke|p1|Gengar, F
|poke|p1|Gardevoir, M
|poke|p1|Dugtrio, M
|poke|p1|Heatran, M
|poke|p1|Mandibuzz, F
|poke|p1|Gyarados, M
|poke|p2|Talonflame, F
|poke|p2|Azumarill, M
|poke|p2|Gourgeist-*, F
|poke|p2|Ampharos, F
|poke|p2|Landorus-Therian, M
|poke|p2|Latios, M
|rule|Swagger Clause: Swagger is banned
|rule|Baton Pass Clause: Limit one PokÃ©mon knowing Baton Pass
|rule|Sleep Clause Mod: Limit one foe put to sleep
|rule|Species Clause: Limit one of each PokÃ©mon
|rule|OHKO Clause: OHKO moves are banned
|rule|Moody Clause: Moody is banned
|rule|Evasion Moves Clause: Evasion moves are banned
|rule|Endless Battle Clause: Forcing endless battles is banned
|rule|HP Percentage Mod: HP is shown in percentages
|teampreview
|c|âYoda2798|gl hf
|c|âaj14|glhf
|c|âYoda2798|none of your team is neutral to electric
|c|âaj14|:]
|
|start
|switch|p1a: Heatran|Heatran, M|385\/385
|switch|p2a: Azumarill|Azumarill, M|404\/404
|turn|1
|
|move|p2a: Azumarill|Scald|p1a: Heatran
|-supereffective|p1a: Heatran
|-damage|p1a: Heatran|299\/385
|move|p1a: Heatran|Roar|p2a: Azumarill
|drag|p2a: Landorus-Therian|Landorus-Therian, M|337\/337
|-ability|p2a: Landorus-Therian|Intimidate|[of] p1a: Heatran
|-unboost|p1a: Heatran|atk|1
|
|-heal|p1a: Heatran|323\/385|[from] item: Leftovers
|turn|2
|
|switch|p1a: Gyarados|Gyarados, M|353\/353
|-ability|p1a: Gyarados|Intimidate|[of] p2a: Landorus-Therian
|-unboost|p2a: Landorus-Therian|atk|1
|move|p2a: Landorus-Therian|Swords Dance|p2a: Landorus-Therian
|-boost|p2a: Landorus-Therian|atk|2
|
|turn|3
|
|move|p1a: Gyarados|Waterfall|p2a: Landorus-Therian
|-supereffective|p2a: Landorus-Therian
|-damage|p2a: Landorus-Therian|13\/337
|move|p2a: Landorus-Therian|Stone Edge|p1a: Gyarados|[miss]
|-miss|p2a: Landorus-Therian|p1a: Gyarados
|
|turn|4
|
|switch|p2a: Gourgeist-Super|Gourgeist-Super, F|374\/374
|-item|p1a: Gyarados|Leftovers|[from] ability: Frisk|[of] p2a: Gourgeist-Super|[identify]
|move|p1a: Gyarados|Dragon Dance|p1a: Gyarados
|-boost|p1a: Gyarados|atk|1
|-boost|p1a: Gyarados|spe|1
|
|turn|5
|
|move|p1a: Gyarados|Substitute|p1a: Gyarados
|-start|p1a: Gyarados|Substitute
|-damage|p1a: Gyarados|265\/353
|move|p2a: Gourgeist-Super|Will-O-Wisp|p1a: Gyarados
|
|-heal|p1a: Gyarados|287\/353|[from] item: Leftovers
|turn|6
|
|switch|p2a: Azumarill|Azumarill, M|404\/404
|move|p1a: Gyarados|Dragon Dance|p1a: Gyarados
|-boost|p1a: Gyarados|atk|1
|-boost|p1a: Gyarados|spe|1
|
|-heal|p1a: Gyarados|309\/353|[from] item: Leftovers
|turn|7
|
|move|p1a: Gyarados|Bounce|p2a: Azumarill|[still]
|-prepare|p1a: Gyarados|Bounce|p2a: Azumarill
|move|p2a: Azumarill|Perish Song|p2a: Azumarill
|-fieldactivate|move: Perish Song
|
|-start|p1a: Gyarados|perish3
|-start|p2a: Azumarill|perish3
|-heal|p1a: Gyarados|331\/353|[from] item: Leftovers
|turn|8
|c|âYoda2798|Trapper Azumarill, as used by Pokeaim
|
|move|p2a: Azumarill|Protect|p2a: Azumarill
|-singleturn|p2a: Azumarill|Protect
|move|p1a: Gyarados|Bounce|p2a: Azumarill
|-activate|p2a: Azumarill|Protect
|
|-start|p1a: Gyarados|perish2
|-start|p2a: Azumarill|perish2
|-heal|p1a: Gyarados|353\/353|[from] item: Leftovers
|turn|9
|
|switch|p2a: Gourgeist-Super|Gourgeist-Super, F|374\/374
|-item|p1a: Gyarados|Leftovers|[from] ability: Frisk|[of] p2a: Gourgeist-Super|[identify]
|move|p1a: Gyarados|Waterfall|p2a: Gourgeist-Super
|-resisted|p2a: Gourgeist-Super
|-damage|p2a: Gourgeist-Super|289\/374
|
|-start|p1a: Gyarados|perish1
|-heal|p2a: Gourgeist-Super|312\/374|[from] item: Leftovers
|turn|10
|
|switch|p1a: Heatran|Heatran, M|323\/385
|move|p2a: Gourgeist-Super|Leech Seed|p1a: Heatran
|-start|p1a: Heatran|move: Leech Seed
|
|-heal|p1a: Heatran|347\/385|[from] item: Leftovers
|-heal|p2a: Gourgeist-Super|335\/374|[from] item: Leftovers
|-damage|p1a: Heatran|299\/385|[from] Leech Seed|[of] p2a: Gourgeist-Super
|-heal|p2a: Gourgeist-Super|374\/374|[silent]
|turn|11
|
|switch|p2a: Landorus-Therian|Landorus-Therian, M|13\/337
|-ability|p2a: Landorus-Therian|Intimidate|[of] p1a: Heatran
|-unboost|p1a: Heatran|atk|1
|move|p1a: Heatran|Lava Plume|p2a: Landorus-Therian
|-damage|p2a: Landorus-Therian|0 fnt
|faint|p2a: Landorus-Therian
|
|-heal|p1a: Heatran|323\/385|[from] item: Leftovers
|
|switch|p2a: Talonflame|Talonflame, F|359\/359
|turn|12
|
|move|p2a: Talonflame|Taunt|p1a: Heatran
|-start|p1a: Heatran|move: Taunt
|cant|p1a: Heatran|move: Taunt|Roar
|
|-heal|p1a: Heatran|347\/385|[from] item: Leftovers
|-damage|p1a: Heatran|299\/385|[from] Leech Seed|[of] p2a: Talonflame
|turn|13
|
|move|p2a: Talonflame|Will-O-Wisp|p1a: Heatran
|-start|p1a: Heatran|ability: Flash Fire
|move|p1a: Heatran|Lava Plume|p2a: Talonflame
|-resisted|p2a: Talonflame
|-damage|p2a: Talonflame|284\/359
|
|-heal|p2a: Talonflame|306\/359|[from] item: Leftovers
|-heal|p1a: Heatran|323\/385|[from] item: Leftovers
|-damage|p1a: Heatran|275\/385|[from] Leech Seed|[of] p2a: Talonflame
|-heal|p2a: Talonflame|354\/359|[silent]
|turn|14
|
|switch|p1a: Mandibuzz|Mandibuzz, F|423\/423
|move|p2a: Talonflame|Will-O-Wisp|p1a: Mandibuzz
|-status|p1a: Mandibuzz|brn
|
|-heal|p2a: Talonflame|359\/359|[from] item: Leftovers
|-damage|p1a: Mandibuzz|371\/423 brn|[from] brn
|turn|15
|
|switch|p1a: Dugtrio|Dugtrio, M|211\/211
|move|p2a: Talonflame|Taunt|p1a: Dugtrio
|-start|p1a: Dugtrio|move: Taunt
|
|turn|16
|
|switch|p2a: Gourgeist-Super|Gourgeist-Super, F|374\/374
|-item|p1a: Dugtrio|Choice Band|[from] ability: Frisk|[of] p2a: Gourgeist-Super|[identify]
|move|p1a: Dugtrio|Stone Edge|p2a: Gourgeist-Super|[miss]
|-miss|p1a: Dugtrio|p2a: Gourgeist-Super
|
|turn|17
|
|switch|p1a: Heatran|Heatran, M|275\/385
|move|p2a: Gourgeist-Super|Leech Seed|p1a: Heatran
|-start|p1a: Heatran|move: Leech Seed
|
|-heal|p1a: Heatran|299\/385|[from] item: Leftovers
|-damage|p1a: Heatran|251\/385|[from] Leech Seed|[of] p2a: Gourgeist-Super
|turn|18
|
|switch|p1a: Gengar|Gengar, F|261\/261
|switch|p2a: Azumarill|Azumarill, M|404\/404
|
|turn|19
|
|switch|p2a: Talonflame|Talonflame, F|359\/359
|move|p1a: Gengar|Thunderbolt|p2a: Talonflame
|-supereffective|p2a: Talonflame
|-damage|p2a: Talonflame|43\/359
|
|-heal|p2a: Talonflame|65\/359|[from] item: Leftovers
|turn|20
|
|switch|p1a: Dugtrio|Dugtrio, M|211\/211
|move|p2a: Talonflame|Roost|p2a: Talonflame
|-heal|p2a: Talonflame|245\/359
|
|-heal|p2a: Talonflame|267\/359|[from] item: Leftovers
|turn|21
|
|switch|p1a: Gengar|Gengar, F|261\/261
|switch|p2a: Azumarill|Azumarill, M|404\/404
|
|turn|22
|
|move|p2a: Azumarill|Protect|p2a: Azumarill
|-singleturn|p2a: Azumarill|Protect
|move|p1a: Gengar|Thunderbolt|p2a: Azumarill
|-activate|p2a: Azumarill|Protect
|
|turn|23
|
|switch|p1a: Gardevoir|Gardevoir, M|339\/339
|-ability|p1a: Gardevoir|Sap Sipper|[from] ability: Trace|[of] p2a: Azumarill
|switch|p2a: Ampharos|Ampharos, F|321\/321
|
|turn|24
|c|âYoda2798|you watch Pokeaim?
|c|âaj14|yes
|
|switch|p2a: Talonflame|Talonflame, F|267\/359
|detailschange|p1a: Gardevoir|Gardevoir-Mega, M
|message|Gardevoir has Mega Evolved into Mega Gardevoir!
|move|p1a: Gardevoir|Hyper Voice|p2a: Talonflame
|-resisted|p2a: Talonflame
|-damage|p2a: Talonflame|149\/359
|
|-heal|p2a: Talonflame|171\/359|[from] item: Leftovers
|turn|25
|c|âYoda2798|is that where you got your Talonflame and Azumaril sets from?
|
|move|p2a: Talonflame|Brave Bird|p1a: Gardevoir
|-damage|p1a: Gardevoir|192\/339
|-damage|p2a: Talonflame|122\/359|[from] recoil|[of] p1a: Gardevoir
|move|p1a: Gardevoir|Calm Mind|p1a: Gardevoir
|-boost|p1a: Gardevoir|spa|1
|-boost|p1a: Gardevoir|spd|1
|
|-heal|p2a: Talonflame|144\/359|[from] item: Leftovers
|turn|26
|c|âaj14|i knew about this talonflame set already
|c|âaj14|but i got the azumarill from him
|c|âYoda2798|k
|
|move|p2a: Talonflame|Brave Bird|p1a: Gardevoir
|-damage|p1a: Gardevoir|45\/339
|-damage|p2a: Talonflame|95\/359|[from] recoil|[of] p1a: Gardevoir
|move|p1a: Gardevoir|Hyper Voice|p2a: Talonflame
|-resisted|p2a: Talonflame
|-damage|p2a: Talonflame|0 fnt
|faint|p2a: Talonflame
|
|
|switch|p2a: Latios|Latios, M|301\/301
|turn|27
|
|switch|p1a: Gyarados|Gyarados, M|353\/353
|-ability|p1a: Gyarados|Intimidate|[of] p2a: Latios
|-unboost|p2a: Latios|atk|1
|move|p2a: Latios|Psyshock|p1a: Gyarados
|-damage|p1a: Gyarados|133\/353
|-damage|p2a: Latios|271\/301|[from] item: Life Orb
|
|-heal|p1a: Gyarados|155\/353|[from] item: Leftovers
|turn|28
|
|switch|p1a: Heatran|Heatran, M|251\/385
|move|p2a: Latios|Psyshock|p1a: Heatran
|-resisted|p1a: Heatran
|-damage|p1a: Heatran|156\/385
|-damage|p2a: Latios|241\/301|[from] item: Life Orb
|
|-heal|p1a: Heatran|180\/385|[from] item: Leftovers
|turn|29
|
|move|p1a: Heatran|Protect|p1a: Heatran
|-singleturn|p1a: Heatran|Protect
|move|p2a: Latios|Psyshock|p1a: Heatran
|-activate|p1a: Heatran|Protect
|
|-heal|p1a: Heatran|204\/385|[from] item: Leftovers
|turn|30
|
|move|p2a: Latios|Psyshock|p1a: Heatran
|-resisted|p1a: Heatran
|-damage|p1a: Heatran|114\/385
|-damage|p2a: Latios|211\/301|[from] item: Life Orb
|move|p1a: Heatran|Lava Plume|p2a: Latios
|-resisted|p2a: Latios
|-damage|p2a: Latios|153\/301
|-status|p2a: Latios|brn
|
|-heal|p1a: Heatran|138\/385|[from] item: Leftovers
|-damage|p2a: Latios|116\/301 brn|[from] brn
|turn|31
|c|âYoda2798|I am getting so many burns with that
|
|move|p1a: Heatran|Protect|p1a: Heatran
|-singleturn|p1a: Heatran|Protect
|move|p2a: Latios|Draco Meteor|p1a: Heatran
|-activate|p1a: Heatran|Protect
|
|-heal|p1a: Heatran|162\/385|[from] item: Leftovers
|-damage|p2a: Latios|79\/301 brn|[from] brn
|turn|32
|
|switch|p2a: Azumarill|Azumarill, M|404\/404
|switch|p1a: Gardevoir|Gardevoir-Mega, M|45\/339
|
|turn|33
|
|move|p1a: Gardevoir|Hyper Voice|p2a: Azumarill
|-damage|p2a: Azumarill|95\/404
|move|p2a: Azumarill|Scald|p1a: Gardevoir
|-damage|p1a: Gardevoir|0 fnt
|faint|p1a: Gardevoir
|
|-heal|p2a: Azumarill|120\/404|[from] item: Leftovers
|
|switch|p1a: Dugtrio|Dugtrio, M|211\/211
|turn|34
|
|move|p2a: Azumarill|Protect|p2a: Azumarill
|-singleturn|p2a: Azumarill|Protect
|move|p1a: Dugtrio|Earthquake|p2a: Azumarill
|-activate|p2a: Azumarill|Protect
|
|-heal|p2a: Azumarill|145\/404|[from] item: Leftovers
|turn|35
|
|move|p1a: Dugtrio|Earthquake|p2a: Azumarill
|-damage|p2a: Azumarill|0 fnt
|faint|p2a: Azumarill
|
|
|switch|p2a: Gourgeist-Super|Gourgeist-Super, F|374\/374
|-item|p1a: Dugtrio|Choice Band|[from] ability: Frisk|[of] p2a: Gourgeist-Super|[identify]
|turn|36
|
|switch|p1a: Gengar|Gengar, F|261\/261
|move|p2a: Gourgeist-Super|Leech Seed|p1a: Gengar
|-start|p1a: Gengar|move: Leech Seed
|
|-damage|p1a: Gengar|229\/261|[from] Leech Seed|[of] p2a: Gourgeist-Super
|turn|37
|
|move|p1a: Gengar|Shadow Ball|p2a: Gourgeist-Super
|-supereffective|p2a: Gourgeist-Super
|-damage|p2a: Gourgeist-Super|0 fnt
|faint|p2a: Gourgeist-Super
|
|
|switch|p2a: Latios|Latios, M|79\/301 brn
|turn|38
|
|switch|p1a: Heatran|Heatran, M|162\/385
|move|p2a: Latios|Memento|p1a: Heatran
|-unboost|p1a: Heatran|atk|2
|-unboost|p1a: Heatran|spa|2
|faint|p2a: Latios
|
|-heal|p1a: Heatran|186\/385|[from] item: Leftovers
|
|switch|p2a: Ampharos|Ampharos, F|321\/321
|turn|39
|
|detailschange|p2a: Ampharos|Ampharos-Mega, F
|message|Ampharos has Mega Evolved into Mega Ampharos!
|-ability|p2a: Ampharos|Mold Breaker
|move|p2a: Ampharos|Agility|p2a: Ampharos
|-boost|p2a: Ampharos|spe|2
|move|p1a: Heatran|Earth Power|p2a: Ampharos
|-supereffective|p2a: Ampharos
|-damage|p2a: Ampharos|235\/321
|
|-heal|p1a: Heatran|210\/385|[from] item: Leftovers
|turn|40
|
|switch|p1a: Gyarados|Gyarados, M|155\/353
|-ability|p1a: Gyarados|Intimidate|[of] p2a: Ampharos
|-unboost|p2a: Ampharos|atk|1
|move|p2a: Ampharos|Thunderbolt|p1a: Gyarados
|-supereffective|p1a: Gyarados
|-damage|p1a: Gyarados|0 fnt
|faint|p1a: Gyarados
|
|
|switch|p1a: Dugtrio|Dugtrio, M|211\/211
|turn|41
|
|move|p2a: Ampharos|Dragon Pulse|p1a: Dugtrio
|-damage|p1a: Dugtrio|0 fnt
|faint|p1a: Dugtrio
|
|
|switch|p1a: Heatran|Heatran, M|210\/385
|turn|42
|
|move|p2a: Ampharos|Thunderbolt|p1a: Heatran
|-damage|p1a: Heatran|87\/385
|move|p1a: Heatran|Earth Power|p2a: Ampharos
|-supereffective|p2a: Ampharos
|-damage|p2a: Ampharos|65\/321
|
|-heal|p1a: Heatran|111\/385|[from] item: Leftovers
|turn|43
|
|move|p1a: Heatran|Protect|p1a: Heatran
|-singleturn|p1a: Heatran|Protect
|move|p2a: Ampharos|Thunderbolt|p1a: Heatran
|-activate|p1a: Heatran|Protect
|
|-heal|p1a: Heatran|135\/385|[from] item: Leftovers
|turn|44
|
|move|p2a: Ampharos|Thunderbolt|p1a: Heatran
|-damage|p1a: Heatran|0 fnt
|faint|p1a: Heatran
|
|c|âYoda2798|oh
|
|switch|p1a: Gengar|Gengar, F|229\/261
|turn|45
|
|move|p2a: Ampharos|Thunderbolt|p1a: Gengar
|-damage|p1a: Gengar|0 fnt
|faint|p1a: Gengar
|
|c|âYoda2798|gg
|
|switch|p1a: Mandibuzz|Mandibuzz, F|371\/423 brn
|turn|46
|c|âaj14|gg
|
|move|p2a: Ampharos|Thunderbolt|p1a: Mandibuzz
|-supereffective|p1a: Mandibuzz
|-damage|p1a: Mandibuzz|0 fnt
|faint|p1a: Mandibuzz
|
|win|aj14
|raw|Ladder updating...
|raw|Yoda2798's rating: 1449 &rarr; <strong>1431<\/strong><br \/>(-18 for losing)
|raw|aj14's rating: 1486 &rarr; <strong>1504<\/strong><br \/>(+18 for winning)