|join|aj14
|join|10HKO
|player|p1|aj14|283
|player|p2|10HKO|4
|gametype|singles
|gen|6
|tier|OU
|rated
|clearpoke
|poke|p1|Pinsir, F
|poke|p1|Mamoswine, F
|poke|p1|Tyranitar, F
|poke|p1|Gengar, M, shiny
|poke|p1|Starmie
|poke|p1|Ferrothorn, F
|poke|p2|Kyurem-Black
|poke|p2|Landorus-Therian, M
|poke|p2|Greninja, F
|poke|p2|Latios, M
|poke|p2|Heatran, M
|poke|p2|Venusaur, M
|rule|Swagger Clause: Swagger is banned
|rule|Baton Pass Clause: Limit one PokÃ©mon knowing Baton Pass
|rule|Sleep Clause Mod: Limit one foe put to sleep
|rule|Species Clause: Limit one of each PokÃ©mon
|rule|OHKO Clause: OHKO moves are banned
|rule|Moody Clause: Moody is banned
|rule|Evasion Moves Clause: Evasion moves are banned
|rule|Endless Battle Clause: Forcing endless battles is banned
|rule|HP Percentage Mod: HP is shown in percentages
|teampreview
|
|start
|switch|p1a: Ferrothorn|Ferrothorn, F|351\/351
|switch|p2a: Venusaur|Venusaur, M|361\/361
|turn|1
|
|switch|p1a: Gengar|Gengar, M, shiny|268\/268
|detailschange|p2a: Venusaur|Venusaur-Mega, M
|message|Venusaur has Mega Evolved into Mega Venusaur!
|move|p2a: Venusaur|Hidden Power|p1a: Gengar
|-damage|p1a: Gengar|189\/268
|
|-heal|p1a: Gengar|205\/268|[from] item: Black Sludge
|turn|2
|
|switch|p2a: Kyurem-Black|Kyurem-Black|401\/401
|-ability|p2a: Kyurem-Black|Teravolt
|move|p1a: Gengar|Shadow Ball|p2a: Kyurem-Black
|-damage|p2a: Kyurem-Black|301\/401
|
|-heal|p1a: Gengar|221\/268|[from] item: Black Sludge
|turn|3
|
|move|p1a: Gengar|Will-O-Wisp|p2a: Kyurem-Black|[miss]
|-miss|p1a: Gengar|p2a: Kyurem-Black
|move|p2a: Kyurem-Black|Earth Power|p1a: Gengar
|-supereffective|p1a: Gengar
|-damage|p1a: Gengar|0 fnt
|faint|p1a: Gengar
|
|
|switch|p1a: Mamoswine|Mamoswine, F|399\/399
|turn|4
|
|switch|p2a: Venusaur|Venusaur-Mega, M|361\/361
|move|p1a: Mamoswine|Earthquake|p2a: Venusaur
|-damage|p2a: Venusaur|220\/361
|
|turn|5
|
|switch|p1a: Pinsir|Pinsir, F|271\/271
|move|p2a: Venusaur|Giga Drain|p1a: Pinsir
|-resisted|p1a: Pinsir
|-damage|p1a: Pinsir|180\/271
|-heal|p2a: Venusaur|266\/361|[from] drain|[of] p1a: Pinsir
|
|turn|6
|
|switch|p2a: Landorus-Therian|Landorus-Therian, M|365\/365
|-ability|p2a: Landorus-Therian|Intimidate|[of] p1a: Pinsir
|-fail|p1a: Pinsir|unboost|Attack|[from] ability: Hyper Cutter|[of] p1a: Pinsir
|detailschange|p1a: Pinsir|Pinsir-Mega, F
|message|Pinsir has Mega Evolved into Mega Pinsir!
|move|p1a: Pinsir|Frustration|p2a: Landorus-Therian
|-damage|p2a: Landorus-Therian|148\/365
|
|-heal|p2a: Landorus-Therian|170\/365|[from] item: Leftovers
|turn|7
|
|move|p1a: Pinsir|Frustration|p2a: Landorus-Therian
|-damage|p2a: Landorus-Therian|0 fnt
|faint|p2a: Landorus-Therian
|
|
|switch|p2a: Heatran|Heatran, M|325\/325
|turn|8
|
|switch|p1a: Tyranitar|Tyranitar, F|404\/404
|-weather|Sandstorm
|move|p2a: Heatran|Fire Blast|p1a: Tyranitar
|-resisted|p1a: Tyranitar
|-damage|p1a: Tyranitar|344\/404
|
|-weather|Sandstorm|[upkeep]
|turn|9
|
|move|p1a: Tyranitar|Pursuit|p2a: Heatran|[from]Pursuit
|-damage|p2a: Heatran|141\/325
|switch|p2a: Venusaur|Venusaur-Mega, M|266\/361
|
|-weather|Sandstorm|[upkeep]
|-damage|p2a: Venusaur|244\/361|[from] sandstorm
|turn|10
|
|switch|p1a: Starmie|Starmie|323\/323
|move|p2a: Venusaur|Sludge Bomb|p1a: Starmie
|-damage|p1a: Starmie|115\/323
|-status|p1a: Starmie|psn
|
|-weather|Sandstorm|[upkeep]
|-damage|p1a: Starmie|95\/323 psn|[from] sandstorm
|-damage|p2a: Venusaur|222\/361|[from] sandstorm
|-heal|p1a: Starmie|115\/323 psn|[from] item: Leftovers
|-damage|p1a: Starmie|75\/323 psn|[from] psn
|turn|11
|
|move|p1a: Starmie|Scald|p2a: Venusaur
|-resisted|p2a: Venusaur
|-damage|p2a: Venusaur|184\/361
|move|p2a: Venusaur|Sludge Bomb|p1a: Starmie
|-damage|p1a: Starmie|0 fnt
|faint|p1a: Starmie
|
|-weather|Sandstorm|[upkeep]
|-damage|p2a: Venusaur|162\/361|[from] sandstorm
|
|switch|p1a: Pinsir|Pinsir-Mega, F|180\/271
|turn|12
|
|move|p1a: Pinsir|Frustration|p2a: Venusaur
|-supereffective|p2a: Venusaur
|-damage|p2a: Venusaur|0 fnt
|faint|p2a: Venusaur
|
|-weather|none
|
|switch|p2a: Greninja|Greninja, F|285\/285
|turn|13
|
|switch|p1a: Mamoswine|Mamoswine, F|399\/399
|move|p2a: Greninja|Hydro Pump|p1a: Mamoswine
|-start|p2a: Greninja|typechange|Water|[from] Protean
|-supereffective|p1a: Mamoswine
|-damage|p1a: Mamoswine|71\/399
|-damage|p2a: Greninja|257\/285|[from] item: Life Orb
|
|turn|14
|
|switch|p2a: Latios|Latios, M|301\/301
|move|p1a: Mamoswine|Ice Shard|p2a: Latios
|-supereffective|p2a: Latios
|-damage|p2a: Latios|131\/301
|
|turn|15
|
|switch|p2a: Kyurem-Black|Kyurem-Black|301\/401
|-ability|p2a: Kyurem-Black|Teravolt
|move|p1a: Mamoswine|Ice Shard|p2a: Kyurem-Black
|-damage|p2a: Kyurem-Black|220\/401
|
|turn|16
|
|move|p1a: Mamoswine|Ice Shard|p2a: Kyurem-Black
|-damage|p2a: Kyurem-Black|139\/401
|move|p2a: Kyurem-Black|Ice Beam|p1a: Mamoswine
|-damage|p1a: Mamoswine|0 fnt
|faint|p1a: Mamoswine
|
|
|switch|p1a: Ferrothorn|Ferrothorn, F|351\/351
|turn|17
|
|move|p2a: Kyurem-Black|Hidden Power|p1a: Ferrothorn
|-supereffective|p1a: Ferrothorn
|-damage|p1a: Ferrothorn|99\/351
|move|p1a: Ferrothorn|Knock Off|p2a: Kyurem-Black
|-damage|p2a: Kyurem-Black|63\/401
|-enditem|p2a: Kyurem-Black|Assault Vest|[from] move: Knock Off|[of] p1a: Ferrothorn
|
|turn|18
|
|move|p2a: Kyurem-Black|Earth Power|p1a: Ferrothorn
|-damage|p1a: Ferrothorn|0 fnt
|faint|p1a: Ferrothorn
|
|
|switch|p1a: Pinsir|Pinsir-Mega, F|180\/271
|turn|19
|
|move|p1a: Pinsir|Frustration|p2a: Kyurem-Black
|-damage|p2a: Kyurem-Black|0 fnt
|faint|p2a: Kyurem-Black
|
|
|switch|p2a: Greninja|Greninja, F|257\/285
|turn|20
|
|switch|p1a: Tyranitar|Tyranitar, F|344\/404
|-weather|Sandstorm
|move|p2a: Greninja|Hydro Pump|p1a: Tyranitar
|-start|p2a: Greninja|typechange|Water|[from] Protean
|-supereffective|p1a: Tyranitar
|-damage|p1a: Tyranitar|115\/404
|-damage|p2a: Greninja|229\/285|[from] item: Life Orb
|
|-weather|Sandstorm|[upkeep]
|-damage|p2a: Greninja|212\/285|[from] sandstorm
|turn|21
|
|move|p2a: Greninja|Hydro Pump|p1a: Tyranitar
|-supereffective|p1a: Tyranitar
|-damage|p1a: Tyranitar|0 fnt
|-damage|p2a: Greninja|184\/285|[from] item: Life Orb
|faint|p1a: Tyranitar
|
|-weather|Sandstorm|[upkeep]
|-damage|p2a: Greninja|167\/285|[from] sandstorm
|
|switch|p1a: Pinsir|Pinsir-Mega, F|180\/271
|turn|22
|
|move|p1a: Pinsir|Quick Attack|p2a: Greninja
|-damage|p2a: Greninja|29\/285
|move|p2a: Greninja|Ice Beam|p1a: Pinsir
|-start|p2a: Greninja|typechange|Ice|[from] Protean
|-supereffective|p1a: Pinsir
|-damage|p1a: Pinsir|0 fnt
|-damage|p2a: Greninja|1\/285|[from] item: Life Orb
|faint|p1a: Pinsir
|
|win|10HKO
|raw|Ladder updating...
|raw|aj14's rating: 1625 &rarr; <strong>1607<\/strong><br \/>(-18 for losing)
|raw|10HKO's rating: 1644 &rarr; <strong>1663<\/strong><br \/>(+19 for winning)
|c|â10HKO|gg buddy
|leave|aj14
|player|p1