|join|lil manaphy
|join|aj14
|player|p1|lil manaphy|37
|player|p2|aj14|283
|gametype|singles
|gen|6
|tier|OU
|rated
|clearpoke
|poke|p1|Gardevoir, F, shiny
|poke|p1|Mandibuzz, F
|poke|p1|Amoonguss, F
|poke|p1|Chansey, F
|poke|p1|Keldeo
|poke|p1|Landorus-Therian, M
|poke|p2|Medicham, F
|poke|p2|Talonflame, F
|poke|p2|Spiritomb, M
|poke|p2|Sylveon, F
|poke|p2|Latios, M
|poke|p2|Kabutops, F
|rule|Swagger Clause: Swagger is banned
|rule|Baton Pass Clause: Limit one PokÃ©mon knowing Baton Pass
|rule|Sleep Clause Mod: Limit one foe put to sleep
|rule|Species Clause: Limit one of each PokÃ©mon
|rule|OHKO Clause: OHKO moves are banned
|rule|Moody Clause: Moody is banned
|rule|Evasion Moves Clause: Evasion moves are banned
|rule|Endless Battle Clause: Forcing endless battles is banned
|rule|HP Percentage Mod: HP is reported as percentages
|teampreview
|
|start
|switch|p1a: Landorus-Therian|Landorus-Therian, M|382\/382
|switch|p2a: Talonflame|Talonflame, F|297\/297
|-ability|p1a: Landorus-Therian|Intimidate|[of] p2a: Talonflame
|-unboost|p2a: Talonflame|atk|1
|turn|1
|
|switch|p2a: Spiritomb|Spiritomb, M|304\/304
|move|p1a: Landorus-Therian|Stealth Rock|p2a: Spiritomb
|-sidestart|p2: aj14|move: Stealth Rock
|
|turn|2
|
|move|p1a: Landorus-Therian|U-turn|p2a: Spiritomb
|-damage|p2a: Spiritomb|251\/304
|
|switch|p1a: Zoe|Amoonguss, F|432\/432
|move|p2a: Spiritomb|Will-O-Wisp|p1a: Zoe
|-status|p1a: Zoe|brn
|
|-heal|p2a: Spiritomb|270\/304|[from] item: Leftovers
|-damage|p1a: Zoe|378\/432 brn|[from] brn
|turn|3
|
|move|p2a: Spiritomb|Shadow Ball|p1a: Zoe
|-damage|p1a: Zoe|269\/432 brn
|move|p1a: Zoe|Spore|p2a: Spiritomb
|-status|p2a: Spiritomb|slp
|
|-heal|p2a: Spiritomb|289\/304 slp|[from] item: Leftovers
|-heal|p1a: Zoe|296\/432 brn|[from] item: Black Sludge
|-damage|p1a: Zoe|242\/432 brn|[from] brn
|turn|4
|
|switch|p1a: Misty day|Gardevoir, F, shiny|277\/277
|-ability|p1a: Misty day|Infiltrator|[from] ability: Trace|[of] p2a: Spiritomb
|cant|p2a: Spiritomb|slp
|move|p2a: Spiritomb|Sleep Talk|p2a: Spiritomb
|move|p2a: Spiritomb|Rest|p2a: Spiritomb|[from]Sleep Talk
|-fail|p2a: Spiritomb
|
|-heal|p2a: Spiritomb|304\/304 slp|[from] item: Leftovers
|turn|5
|
|detailschange|p1a: Misty day|Gardevoir-Mega, F, shiny
|message|Gardevoir has Mega Evolved into Mega Gardevoir!
|move|p1a: Misty day|Hyper Voice|p2a: Spiritomb
|-supereffective|p2a: Spiritomb
|-damage|p2a: Spiritomb|0 fnt
|faint|p2a: Spiritomb
|
|
|switch|p2a: Talonflame|Talonflame, F|297\/297
|-damage|p2a: Talonflame|149\/297|[from] Stealth Rock
|turn|6
|
|switch|p1a: Landorus-Therian|Landorus-Therian, M|382\/382
|-ability|p1a: Landorus-Therian|Intimidate|[of] p2a: Talonflame
|-unboost|p2a: Talonflame|atk|1
|move|p2a: Talonflame|Will-O-Wisp|p1a: Landorus-Therian
|-status|p1a: Landorus-Therian|brn
|
|-damage|p1a: Landorus-Therian|335\/382 brn|[from] brn
|turn|7
|
|switch|p2a: Kabutops|Kabutops, F|324\/324
|-damage|p2a: Kabutops|284\/324|[from] Stealth Rock
|move|p1a: Landorus-Therian|U-turn|p2a: Kabutops
|-damage|p2a: Kabutops|255\/324
|
|switch|p1a: Misty day|Gardevoir-Mega, F, shiny|277\/277
|
|-heal|p2a: Kabutops|275\/324|[from] item: Leftovers
|turn|8
|
|switch|p2a: Sylveon|Sylveon, F|394\/394
|-damage|p2a: Sylveon|345\/394|[from] Stealth Rock
|move|p1a: Misty day|Focus Blast|p2a: Sylveon|[miss]
|-miss|p1a: Misty day|p2a: Sylveon
|
|-heal|p2a: Sylveon|369\/394|[from] item: Leftovers
|turn|9
|
|move|p1a: Misty day|Psyshock|p2a: Sylveon
|-damage|p2a: Sylveon|210\/394
|move|p2a: Sylveon|Hyper Voice|p1a: Misty day
|-damage|p1a: Misty day|163\/277
|
|-heal|p2a: Sylveon|234\/394|[from] item: Leftovers
|turn|10
|
|move|p1a: Misty day|Hyper Voice|p2a: Sylveon
|-damage|p2a: Sylveon|50\/394
|move|p2a: Sylveon|Hyper Voice|p1a: Misty day
|-damage|p1a: Misty day|54\/277
|
|-heal|p2a: Sylveon|74\/394|[from] item: Leftovers
|turn|11
|
|move|p1a: Misty day|Hyper Voice|p2a: Sylveon
|-damage|p2a: Sylveon|0 fnt
|faint|p2a: Sylveon
|
|
|switch|p2a: Latios|Latios, M|301\/301
|-damage|p2a: Latios|264\/301|[from] Stealth Rock
|turn|12
|
|switch|p1a: Chansey|Chansey, F|704\/704
|move|p2a: Latios|Psyshock|p1a: Chansey
|-damage|p1a: Chansey|437\/704
|
|turn|13
|
|switch|p2a: Medicham|Medicham, F|261\/261
|-damage|p2a: Medicham|245\/261|[from] Stealth Rock
|move|p1a: Chansey|Soft-Boiled|p1a: Chansey
|-heal|p1a: Chansey|704\/704
|
|turn|14
|
|switch|p1a: Landorus-Therian|Landorus-Therian, M|335\/382 brn
|-ability|p1a: Landorus-Therian|Intimidate|[of] p2a: Medicham
|-unboost|p2a: Medicham|atk|1
|detailschange|p2a: Medicham|Medicham-Mega, F
|message|Medicham has Mega Evolved into Mega Medicham!
|move|p2a: Medicham|High Jump Kick|p1a: Landorus-Therian
|-resisted|p1a: Landorus-Therian
|-damage|p1a: Landorus-Therian|221\/382 brn
|
|-heal|p1a: Landorus-Therian|244\/382 brn|[from] item: Leftovers
|-damage|p1a: Landorus-Therian|197\/382 brn|[from] brn
|turn|15
|
|move|p2a: Medicham|Ice Punch|p1a: Landorus-Therian
|-supereffective|p1a: Landorus-Therian
|-damage|p1a: Landorus-Therian|0 fnt
|faint|p1a: Landorus-Therian
|
|
|switch|p1a: Misty day|Gardevoir-Mega, F, shiny|54\/277
|turn|16
|
|switch|p2a: Kabutops|Kabutops, F|275\/324
|-damage|p2a: Kabutops|235\/324|[from] Stealth Rock
|move|p1a: Misty day|Hyper Voice|p2a: Kabutops
|-damage|p2a: Kabutops|0 fnt
|faint|p2a: Kabutops
|
|
|switch|p2a: Latios|Latios, M|264\/301
|-damage|p2a: Latios|227\/301|[from] Stealth Rock
|turn|17
|
|switch|p1a: Chansey|Chansey, F|704\/704
|move|p2a: Latios|Trick|p1a: Chansey
|-activate|p2a: Latios|move: Trick|[of] p1a: Chansey
|-item|p1a: Chansey|Choice Specs|[from] move: Trick
|-item|p2a: Latios|Eviolite|[from] move: Trick
|
|turn|18
|
|move|p2a: Latios|Psyshock|p1a: Chansey
|-damage|p1a: Chansey|398\/704
|move|p1a: Chansey|Seismic Toss|p2a: Latios
|-damage|p2a: Latios|127\/301
|
|turn|19
|
|move|p2a: Latios|Psyshock|p1a: Chansey
|-damage|p1a: Chansey|127\/704
|move|p1a: Chansey|Seismic Toss|p2a: Latios
|-damage|p2a: Latios|27\/301
|
|turn|20
|
|move|p2a: Latios|Draco Meteor|p1a: Chansey
|-damage|p1a: Chansey|0 fnt
|-unboost|p2a: Latios|spa|2
|faint|p1a: Chansey
|
|
|switch|p1a: Laveau|Mandibuzz, F|424\/424
|turn|21
|
|move|p2a: Latios|Trick|p1a: Laveau
|-activate|p2a: Latios|move: Trick|[of] p1a: Laveau
|-item|p1a: Laveau|Eviolite|[from] move: Trick
|-item|p2a: Latios|Leftovers|[from] move: Trick
|move|p1a: Laveau|Foul Play|p2a: Latios
|-supereffective|p2a: Latios
|-damage|p2a: Latios|0 fnt
|faint|p2a: Latios
|
|
|switch|p2a: Medicham|Medicham-Mega, F|245\/261
|-damage|p2a: Medicham|229\/261|[from] Stealth Rock
|turn|22
|
|move|p2a: Medicham|High Jump Kick|p1a: Laveau
|-damage|p1a: Laveau|132\/424
|move|p1a: Laveau|Foul Play|p2a: Medicham
|-damage|p2a: Medicham|63\/261
|
|turn|23
|chat|lil manaphy|gg
|chat|lil manaphy|keldeo cleans
|
|move|p2a: Medicham|High Jump Kick|p1a: Laveau
|-damage|p1a: Laveau|0 fnt
|faint|p1a: Laveau
|
|
|switch|p1a: Keldeo|Keldeo|323\/323
|turn|24
|
|move|p1a: Keldeo|Scald|p2a: Medicham
|-damage|p2a: Medicham|0 fnt
|faint|p2a: Medicham
|
|
|switch|p2a: Talonflame|Talonflame, F|149\/297
|-damage|p2a: Talonflame|1\/297|[from] Stealth Rock
|turn|25
|
|move|p2a: Talonflame|Brave Bird|p1a: Keldeo
|-supereffective|p1a: Keldeo
|-damage|p1a: Keldeo|0 fnt
|-damage|p2a: Talonflame|0 fnt|[from] recoil|[of] p1a: Keldeo
|faint|p1a: Keldeo
|faint|p2a: Talonflame
|
|win|lil manaphy
|raw|Ladder updating...
|raw|lil manaphy's rating: 1957 &rarr; <strong>1966<\/strong><br \/>(+9 for winning)
|raw|aj14's rating: 1721 &rarr; <strong>1713<\/strong><br \/>(-8 for losing)