|join|aj14
|join|Samourai
|player|p1|aj14|279
|player|p2|Samourai|124
|gametype|singles
|gen|6
|tier|OU
|rated
|clearpoke
|poke|p1|Scizor, M
|poke|p1|Landorus-Therian, M, shiny
|poke|p1|Clefable, F, shiny
|poke|p1|Goodra, M
|poke|p1|Rotom-Wash
|poke|p1|Talonflame, M
|poke|p2|Landorus, M
|poke|p2|Excadrill, M
|poke|p2|Talonflame, M
|poke|p2|Heatran, F
|poke|p2|Venusaur, M
|poke|p2|Rotom-Wash
|rule|Swagger Clause: Swagger is banned
|rule|Baton Pass Clause: Limit one PokÃ©mon knowing Baton Pass
|rule|Sleep Clause Mod: Limit one foe put to sleep
|rule|Species Clause: Limit one of each PokÃ©mon
|rule|OHKO Clause: OHKO moves are banned
|rule|Moody Clause: Moody is banned
|rule|Evasion Moves Clause: Evasion moves are banned
|rule|Endless Battle Clause: Forcing endless battles is banned
|rule|HP Percentage Mod: HP is shown in percentages
|teampreview
|
|start
|switch|p1a: Goodra|Goodra, M|362\/362
|switch|p2a: Landorus|Landorus, M|320\/320
|turn|1
|
|move|p2a: Landorus|Stealth Rock|p1a: Goodra
|-sidestart|p1: aj14|move: Stealth Rock
|move|p1a: Goodra|Draco Meteor|p2a: Landorus
|-damage|p2a: Landorus|37\/320
|-unboost|p1a: Goodra|spa|2
|
|turn|2
|
|switch|p2a: Excadrill|Excadrill, M|362\/362
|-ability|p2a: Excadrill|Mold Breaker
|move|p1a: Goodra|Dragon Tail|p2a: Excadrill
|-resisted|p2a: Excadrill
|-damage|p2a: Excadrill|315\/362
|drag|p2a: Venusaur|Venusaur, M|301\/301
|
|turn|3
|
|switch|p1a: Clefable|Clefable, F, shiny|394\/394
|detailschange|p2a: Venusaur|Venusaur-Mega, M
|message|Venusaur has Mega Evolved into Mega Venusaur!
|move|p2a: Venusaur|Toxic|p1a: Clefable
|-status|p1a: Clefable|tox
|
|turn|4
|
|switch|p1a: Scizor|Scizor, M|343\/343
|-damage|p1a: Scizor|301\/343|[from] Stealth Rock
|move|p2a: Venusaur|Leech Seed|p1a: Scizor
|-start|p1a: Scizor|move: Leech Seed
|
|-damage|p1a: Scizor|259\/343|[from] Leech Seed|[of] p2a: Venusaur
|turn|5
|
|detailschange|p1a: Scizor|Scizor-Mega, M
|message|Scizor has Mega Evolved into Mega Scizor!
|move|p2a: Venusaur|Hidden Power|p1a: Scizor
|-supereffective|p1a: Scizor
|-damage|p1a: Scizor|51\/343
|move|p1a: Scizor|Defog|p2a: Venusaur
|-unboost|p2a: Venusaur|evasion|1
|-sideend|p1: aj14|Stealth Rock|[from] move: Defog|[of] p1a: Scizor
|
|-damage|p1a: Scizor|9\/343|[from] Leech Seed|[of] p2a: Venusaur
|turn|6
|
|switch|p1a: Talonflame|Talonflame, M|309\/309
|move|p2a: Venusaur|Leech Seed|p1a: Talonflame|[miss]
|-miss|p2a: Venusaur|p1a: Talonflame
|
|turn|7
|
|switch|p2a: Rotom-Wash|Rotom-Wash|241\/241
|move|p1a: Talonflame|U-turn|p2a: Rotom-Wash
|-damage|p2a: Rotom-Wash|184\/241
|
|switch|p1a: Goodra|Goodra, M|362\/362
|
|turn|8
|
|move|p2a: Rotom-Wash|Trick|p1a: Goodra
|-activate|p2a: Rotom-Wash|move: Trick|[of] p1a: Goodra
|-item|p1a: Goodra|Choice Scarf|[from] move: Trick
|-item|p2a: Rotom-Wash|Assault Vest|[from] move: Trick
|move|p1a: Goodra|Draco Meteor|p2a: Rotom-Wash|[miss]
|-miss|p1a: Goodra|p2a: Rotom-Wash
|
|turn|9
|
|move|p1a: Goodra|Draco Meteor|p2a: Rotom-Wash
|-damage|p2a: Rotom-Wash|54\/241
|-unboost|p1a: Goodra|spa|2
|move|p2a: Rotom-Wash|Volt Switch|p1a: Goodra
|-resisted|p1a: Goodra
|-damage|p1a: Goodra|318\/362
|
|switch|p2a: Landorus|Landorus, M|37\/320
|
|turn|10
|join|LT1A DoomXFTW
|
|switch|p1a: Scizor|Scizor-Mega, M|9\/343
|move|p2a: Landorus|Stealth Rock|p1a: Scizor
|-sidestart|p1: aj14|move: Stealth Rock
|
|turn|11
|
|switch|p2a: Talonflame|Talonflame, M|298\/298
|move|p1a: Scizor|Bullet Punch|p2a: Talonflame
|-resisted|p2a: Talonflame
|-damage|p2a: Talonflame|226\/298
|
|-heal|p2a: Talonflame|244\/298|[from] item: Leftovers
|turn|12
|
|move|p2a: Talonflame|Brave Bird|p1a: Scizor
|-damage|p1a: Scizor|0 fnt
|-damage|p2a: Talonflame|241\/298|[from] recoil|[of] p1a: Scizor
|faint|p1a: Scizor
|
|-heal|p2a: Talonflame|259\/298|[from] item: Leftovers
|
|switch|p1a: Landorus-Therian|Landorus-Therian, M, shiny|319\/319
|-damage|p1a: Landorus-Therian|280\/319|[from] Stealth Rock
|-ability|p1a: Landorus-Therian|Intimidate|[of] p2a: Talonflame
|-unboost|p2a: Talonflame|atk|1
|turn|13
|
|switch|p2a: Rotom-Wash|Rotom-Wash|54\/241
|move|p1a: Landorus-Therian|Stealth Rock|p2a: Rotom-Wash
|-sidestart|p2: Samourai|move: Stealth Rock
|
|turn|14
|
|switch|p1a: Clefable|Clefable, F, shiny|394\/394 tox
|move|p2a: Rotom-Wash|Hydro Pump|p1a: Clefable
|-damage|p1a: Clefable|231\/394 tox
|
|-heal|p1a: Clefable|255\/394 tox|[from] item: Leftovers
|turn|15
|
|switch|p2a: Excadrill|Excadrill, M|315\/362
|-damage|p2a: Excadrill|304\/362|[from] Stealth Rock
|-ability|p2a: Excadrill|Mold Breaker
|move|p1a: Clefable|Soft-Boiled|p1a: Clefable
|-heal|p1a: Clefable|394\/394 tox
|
|turn|16
|
|switch|p1a: Landorus-Therian|Landorus-Therian, M, shiny|280\/319
|-damage|p1a: Landorus-Therian|241\/319|[from] Stealth Rock
|-ability|p1a: Landorus-Therian|Intimidate|[of] p2a: Excadrill
|-unboost|p2a: Excadrill|atk|1
|move|p2a: Excadrill|Iron Head|p1a: Landorus-Therian
|-damage|p1a: Landorus-Therian|138\/319
|
|turn|17
|
|move|p1a: Landorus-Therian|U-turn|p2a: Excadrill
|-resisted|p2a: Excadrill
|-damage|p2a: Excadrill|236\/362
|
|switch|p1a: Rotom-Wash|Rotom-Wash|303\/303
|-damage|p1a: Rotom-Wash|266\/303|[from] Stealth Rock
|move|p2a: Excadrill|Iron Head|p1a: Rotom-Wash
|-crit|p1a: Rotom-Wash
|-resisted|p1a: Rotom-Wash
|-damage|p1a: Rotom-Wash|223\/303
|
|-heal|p1a: Rotom-Wash|241\/303|[from] item: Leftovers
|turn|18
|
|switch|p2a: Rotom-Wash|Rotom-Wash|54\/241
|-damage|p2a: Rotom-Wash|24\/241|[from] Stealth Rock
|switch|p1a: Landorus-Therian|Landorus-Therian, M, shiny|138\/319
|-damage|p1a: Landorus-Therian|99\/319|[from] Stealth Rock
|-ability|p1a: Landorus-Therian|Intimidate|[of] p2a: Rotom-Wash
|-unboost|p2a: Rotom-Wash|atk|1
|
|turn|19
|
|move|p1a: Landorus-Therian|U-turn|p2a: Rotom-Wash
|-damage|p2a: Rotom-Wash|0 fnt
|faint|p2a: Rotom-Wash
|leave|LT1A DoomXFTW
|join|LT1A DoomXFTW
|
|switch|p1a: Goodra|Goodra, M|318\/362
|-damage|p1a: Goodra|273\/362|[from] Stealth Rock
|
|
|switch|p2a: Excadrill|Excadrill, M|236\/362
|-damage|p2a: Excadrill|225\/362|[from] Stealth Rock
|-ability|p2a: Excadrill|Mold Breaker
|turn|20
|
|move|p2a: Excadrill|Rapid Spin|p1a: Goodra
|-damage|p1a: Goodra|237\/362
|-sideend|p2: Samourai|Stealth Rock|[from] move: Rapid Spin|[of] p2a: Excadrill
|move|p1a: Goodra|Fire Blast|p2a: Excadrill
|-supereffective|p2a: Excadrill
|-damage|p2a: Excadrill|0 fnt
|faint|p2a: Excadrill
|
|
|switch|p2a: Venusaur|Venusaur-Mega, M|301\/301
|turn|21
|
|switch|p2a: Talonflame|Talonflame, M|259\/298
|move|p1a: Goodra|Fire Blast|p2a: Talonflame
|-resisted|p2a: Talonflame
|-damage|p2a: Talonflame|169\/298
|
|-heal|p2a: Talonflame|187\/298|[from] item: Leftovers
|turn|22
|
|switch|p2a: Heatran|Heatran, F|324\/324
|switch|p1a: Rotom-Wash|Rotom-Wash|241\/303
|-damage|p1a: Rotom-Wash|204\/303|[from] Stealth Rock
|
|-heal|p1a: Rotom-Wash|222\/303|[from] item: Leftovers
|turn|23
|
|move|p2a: Heatran|Dark Pulse|p1a: Rotom-Wash
|-damage|p1a: Rotom-Wash|121\/303
|move|p1a: Rotom-Wash|Volt Switch|p2a: Heatran
|-damage|p2a: Heatran|248\/324
|
|switch|p1a: Landorus-Therian|Landorus-Therian, M, shiny|99\/319
|-damage|p1a: Landorus-Therian|60\/319|[from] Stealth Rock
|-ability|p1a: Landorus-Therian|Intimidate|[of] p2a: Heatran
|-unboost|p2a: Heatran|atk|1
|
|turn|24
|
|move|p1a: Landorus-Therian|U-turn|p2a: Heatran
|-resisted|p2a: Heatran
|-damage|p2a: Heatran|229\/324
|
|switch|p1a: Goodra|Goodra, M|237\/362
|-damage|p1a: Goodra|192\/362|[from] Stealth Rock
|move|p2a: Heatran|Dark Pulse|p1a: Goodra
|-damage|p1a: Goodra|112\/362
|
|turn|25
|
|move|p1a: Goodra|Draco Meteor|p2a: Heatran|[miss]
|-miss|p1a: Goodra|p2a: Heatran
|move|p2a: Heatran|Flash Cannon|p1a: Goodra
|-damage|p1a: Goodra|0 fnt
|faint|p1a: Goodra
|
|
|switch|p1a: Landorus-Therian|Landorus-Therian, M, shiny|60\/319
|-damage|p1a: Landorus-Therian|21\/319|[from] Stealth Rock
|-ability|p1a: Landorus-Therian|Intimidate|[of] p2a: Heatran
|-unboost|p2a: Heatran|atk|1
|turn|26
|
|switch|p2a: Talonflame|Talonflame, M|187\/298
|move|p1a: Landorus-Therian|Earthquake|p2a: Talonflame
|-immune|p2a: Talonflame|[msg]
|
|-heal|p2a: Talonflame|205\/298|[from] item: Leftovers
|turn|27
|
|move|p1a: Landorus-Therian|Earthquake|p2a: Talonflame
|-immune|p2a: Talonflame|[msg]
|move|p2a: Talonflame|Swords Dance|p2a: Talonflame
|-boost|p2a: Talonflame|atk|2
|
|-heal|p2a: Talonflame|223\/298|[from] item: Leftovers
|turn|28
|-message|aj14 forfeited.
|
|win|Samourai
|raw|Ladder updating...
|leave|aj14
|player|p1
|raw|aj14's rating: 1546 &rarr; <strong>1523<\/strong><br \/>(-23 for losing)
|raw|Samourai's rating: 1498 &rarr; <strong>1521<\/strong><br \/>(+23 for winning)
|leave|LT1A DoomXFTW