|join|aj14
|join|Maruko-Sama
|player|p1|aj14|70
|player|p2|Maruko-Sama|29
|gametype|singles
|gen|6
|tier|OU
|rated
|clearpoke
|poke|p1|Serperior, F
|poke|p1|Gyarados, F
|poke|p1|Gothitelle, F
|poke|p1|Talonflame, M
|poke|p1|Landorus-Therian, M
|poke|p1|Latios, M
|poke|p2|Tornadus-Therian, M
|poke|p2|Victini
|poke|p2|Keldeo
|poke|p2|Latios, M
|poke|p2|Manectric, F
|poke|p2|Landorus-Therian, M
|rule|Swagger Clause: Swagger is banned
|rule|Baton Pass Clause: Limit one PokÃ©mon knowing Baton Pass
|rule|Sleep Clause Mod: Limit one foe put to sleep
|rule|Species Clause: Limit one of each PokÃ©mon
|rule|OHKO Clause: OHKO moves are banned
|rule|Moody Clause: Moody is banned
|rule|Evasion Moves Clause: Evasion moves are banned
|rule|Endless Battle Clause: Forcing endless battles is banned
|rule|HP Percentage Mod: HP is shown in percentages
|teampreview
|
|start
|switch|p1a: Landorus-Therian|Landorus-Therian, M|381\/381
|switch|p2a: Keldeo|Keldeo|323\/323
|-ability|p1a: Landorus-Therian|Intimidate|[of] p2a: Keldeo
|-unboost|p2a: Keldeo|atk|1
|turn|1
|
|switch|p1a: Latios|Latios, M|301\/301
|move|p2a: Keldeo|Hydro Pump|p1a: Latios
|-resisted|p1a: Latios
|-damage|p1a: Latios|163\/301
|
|turn|2
|
|switch|p2a: Tornadus-Therian|Tornadus-Therian, M|332\/332
|move|p1a: Latios|Roost|p1a: Latios
|-heal|p1a: Latios|301\/301
|
|turn|3
|
|switch|p1a: Landorus-Therian|Landorus-Therian, M|381\/381
|-ability|p1a: Landorus-Therian|Intimidate|[of] p2a: Tornadus-Therian
|-unboost|p2a: Tornadus-Therian|atk|1
|move|p2a: Tornadus-Therian|Knock Off|p1a: Landorus-Therian
|-damage|p1a: Landorus-Therian|342\/381
|-enditem|p1a: Landorus-Therian|Leftovers|[from] move: Knock Off|[of] p2a: Tornadus-Therian
|
|turn|4
|
|move|p2a: Tornadus-Therian|Hurricane|p1a: Landorus-Therian|[miss]
|-miss|p2a: Tornadus-Therian|p1a: Landorus-Therian
|move|p1a: Landorus-Therian|Knock Off|p2a: Tornadus-Therian
|-damage|p2a: Tornadus-Therian|204\/332
|-enditem|p2a: Tornadus-Therian|Assault Vest|[from] move: Knock Off|[of] p1a: Landorus-Therian
|
|turn|5
|
|move|p2a: Tornadus-Therian|Hurricane|p1a: Landorus-Therian|[miss]
|-miss|p2a: Tornadus-Therian|p1a: Landorus-Therian
|move|p1a: Landorus-Therian|Stealth Rock|p2a: Tornadus-Therian
|-sidestart|p2: Maruko-Sama|move: Stealth Rock
|
|turn|6
|
|move|p2a: Tornadus-Therian|Hurricane|p1a: Landorus-Therian
|-damage|p1a: Landorus-Therian|161\/381
|-start|p1a: Landorus-Therian|confusion
|-activate|p1a: Landorus-Therian|confusion
|-damage|p1a: Landorus-Therian|127\/381|[from] confusion
|
|turn|7
|
|move|p2a: Tornadus-Therian|Hurricane|p1a: Landorus-Therian|[miss]
|-miss|p2a: Tornadus-Therian|p1a: Landorus-Therian
|-end|p1a: Landorus-Therian|confusion
|move|p1a: Landorus-Therian|U-turn|p2a: Tornadus-Therian
|-resisted|p2a: Tornadus-Therian
|-damage|p2a: Tornadus-Therian|155\/332
|
|switch|p1a: Talonflame|Talonflame, M|319\/319
|
|turn|8
|
|switch|p2a: Landorus-Therian|Landorus-Therian, M|381\/381
|-damage|p2a: Landorus-Therian|334\/381|[from] Stealth Rock
|-ability|p2a: Landorus-Therian|Intimidate|[of] p1a: Talonflame
|-unboost|p1a: Talonflame|atk|1
|move|p1a: Talonflame|Brave Bird|p2a: Landorus-Therian
|-damage|p2a: Landorus-Therian|237\/381
|-damage|p1a: Talonflame|287\/319|[from] recoil|[of] p2a: Landorus-Therian
|
|-heal|p2a: Landorus-Therian|260\/381|[from] item: Leftovers
|turn|9
|
|move|p1a: Talonflame|Taunt|p2a: Landorus-Therian
|-start|p2a: Landorus-Therian|move: Taunt
|cant|p2a: Landorus-Therian|move: Taunt|Stealth Rock
|
|-heal|p2a: Landorus-Therian|283\/381|[from] item: Leftovers
|turn|10
|
|move|p1a: Talonflame|Swords Dance|p1a: Talonflame
|-boost|p1a: Talonflame|atk|2
|move|p2a: Landorus-Therian|U-turn|p1a: Talonflame
|-crit|p1a: Talonflame
|-resisted|p1a: Talonflame
|-damage|p1a: Talonflame|249\/319
|
|switch|p2a: Manectric|Manectric, F|281\/281
|-damage|p2a: Manectric|246\/281|[from] Stealth Rock
|
|turn|11
|
|detailschange|p2a: Manectric|Manectric-Mega, F
|-mega|p2a: Manectric|Manectric|Manectite
|-ability|p2a: Manectric|Intimidate|[of] p1a: Talonflame
|-unboost|p1a: Talonflame|atk|1
|move|p1a: Talonflame|Flare Blitz|p2a: Manectric
|-damage|p2a: Manectric|47\/281
|-damage|p1a: Talonflame|183\/319|[from] recoil|[of] p2a: Manectric
|move|p2a: Manectric|Thunderbolt|p1a: Talonflame
|-supereffective|p1a: Talonflame
|-damage|p1a: Talonflame|0 fnt
|faint|p1a: Talonflame
|
|
|switch|p1a: Latios|Latios, M|301\/301
|turn|12
|
|move|p2a: Manectric|Volt Switch|p1a: Latios
|-resisted|p1a: Latios
|-damage|p1a: Latios|239\/301
|
|switch|p2a: Keldeo|Keldeo|323\/323
|-damage|p2a: Keldeo|303\/323|[from] Stealth Rock
|move|p1a: Latios|Draco Meteor|p2a: Keldeo
|-damage|p2a: Keldeo|0 fnt
|-unboost|p1a: Latios|spa|2
|-damage|p1a: Latios|209\/301|[from] item: Life Orb
|faint|p2a: Keldeo
|
|
|switch|p2a: Latios|Latios, M|301\/301
|-damage|p2a: Latios|264\/301|[from] Stealth Rock
|turn|13
|
|switch|p1a: Landorus-Therian|Landorus-Therian, M|127\/381
|-ability|p1a: Landorus-Therian|Intimidate|[of] p2a: Latios
|-unboost|p2a: Latios|atk|1
|move|p2a: Latios|Defog|p1a: Landorus-Therian
|-unboost|p1a: Landorus-Therian|evasion|1
|-sideend|p2: Maruko-Sama|Stealth Rock|[from] move: Defog|[of] p2a: Latios
|
|turn|14
|
|move|p2a: Latios|Psyshock|p1a: Landorus-Therian
|-damage|p1a: Landorus-Therian|0 fnt
|-damage|p2a: Latios|234\/301|[from] item: Life Orb
|faint|p1a: Landorus-Therian
|
|
|switch|p1a: Serperior|Serperior, F|291\/291
|turn|15
|
|switch|p2a: Landorus-Therian|Landorus-Therian, M|283\/381
|-ability|p2a: Landorus-Therian|Intimidate|[of] p1a: Serperior
|-boost|p1a: Serperior|atk|1
|move|p1a: Serperior|Light Screen|p1a: Serperior
|-sidestart|p1: aj14|move: Light Screen
|
|-heal|p2a: Landorus-Therian|306\/381|[from] item: Leftovers
|turn|16
|
|move|p1a: Serperior|Reflect|p1a: Serperior
|-sidestart|p1: aj14|Reflect
|move|p2a: Landorus-Therian|Stealth Rock|p1a: Serperior
|-sidestart|p1: aj14|move: Stealth Rock
|
|-heal|p2a: Landorus-Therian|329\/381|[from] item: Leftovers
|turn|17
|
|move|p1a: Serperior|Leaf Storm|p2a: Landorus-Therian
|-damage|p2a: Landorus-Therian|124\/381
|-boost|p1a: Serperior|spa|2
|move|p2a: Landorus-Therian|U-turn|p1a: Serperior
|-supereffective|p1a: Serperior
|-damage|p1a: Serperior|209\/291
|join|DoomX
|
|switch|p2a: Tornadus-Therian|Tornadus-Therian, M|265\/332
|
|turn|18
|
|move|p2a: Tornadus-Therian|Hurricane|p1a: Serperior
|-supereffective|p1a: Serperior
|-damage|p1a: Serperior|52\/291
|move|p1a: Serperior|Leaf Storm|p2a: Tornadus-Therian
|-resisted|p2a: Tornadus-Therian
|-damage|p2a: Tornadus-Therian|80\/332
|-boost|p1a: Serperior|spa|2
|
|turn|19
|
|move|p2a: Tornadus-Therian|U-turn|p1a: Serperior
|-crit|p1a: Serperior
|-supereffective|p1a: Serperior
|-damage|p1a: Serperior|0 fnt
|faint|p1a: Serperior
|
|switch|p2a: Manectric|Manectric-Mega, F|47\/281
|
|
|switch|p1a: Latios|Latios, M|209\/301
|-damage|p1a: Latios|172\/301|[from] Stealth Rock
|turn|20
|
|move|p2a: Manectric|Volt Switch|p1a: Latios
|-resisted|p1a: Latios
|-damage|p1a: Latios|139\/301
|
|switch|p2a: Landorus-Therian|Landorus-Therian, M|124\/381
|-ability|p2a: Landorus-Therian|Intimidate|[of] p1a: Latios
|-unboost|p1a: Latios|atk|1
|move|p1a: Latios|Draco Meteor|p2a: Landorus-Therian
|-damage|p2a: Landorus-Therian|0 fnt
|-unboost|p1a: Latios|spa|2
|-damage|p1a: Latios|109\/301|[from] item: Life Orb
|faint|p2a: Landorus-Therian
|
|
|switch|p2a: Tornadus-Therian|Tornadus-Therian, M|190\/332
|turn|21
|
|move|p2a: Tornadus-Therian|Knock Off|p1a: Latios
|-supereffective|p1a: Latios
|-damage|p1a: Latios|21\/301
|-enditem|p1a: Latios|Life Orb|[from] move: Knock Off|[of] p2a: Tornadus-Therian
|move|p1a: Latios|Defog|p2a: Tornadus-Therian
|-unboost|p2a: Tornadus-Therian|evasion|1
|-sideend|p1: aj14|Stealth Rock|[from] move: Defog|[of] p1a: Latios
|
|turn|22
|
|move|p2a: Tornadus-Therian|U-turn|p1a: Latios
|-supereffective|p1a: Latios
|-damage|p1a: Latios|0 fnt
|faint|p1a: Latios
|
|switch|p2a: Manectric|Manectric-Mega, F|47\/281
|
|-sideend|p1: aj14|move: Light Screen
|
|switch|p1a: Gothitelle|Gothitelle, F|291\/291
|turn|23
|
|move|p2a: Manectric|Volt Switch|p1a: Gothitelle
|-damage|p1a: Gothitelle|174\/291
|
|switch|p2a: Tornadus-Therian|Tornadus-Therian, M|300\/332
|move|p1a: Gothitelle|Trick|p2a: Tornadus-Therian
|-activate|p1a: Gothitelle|move: Trick|[of] p2a: Tornadus-Therian
|-item|p2a: Tornadus-Therian|Choice Specs|[from] move: Trick
|
|-sideend|p1: aj14|Reflect
|turn|24
|
|move|p2a: Tornadus-Therian|Hurricane|p1a: Gothitelle
|-damage|p1a: Gothitelle|0 fnt
|faint|p1a: Gothitelle
|
|
|switch|p1a: Gyarados|Gyarados, F|331\/331
|turn|25
|
|switch|p2a: Manectric|Manectric-Mega, F|47\/281
|-ability|p2a: Manectric|Intimidate|[of] p1a: Gyarados
|-unboost|p1a: Gyarados|atk|1
|move|p1a: Gyarados|Dragon Dance|p1a: Gyarados
|-boost|p1a: Gyarados|atk|1
|-boost|p1a: Gyarados|spe|1
|
|turn|26
|
|switch|p2a: Latios|Latios, M|234\/301
|move|p1a: Gyarados|Waterfall|p2a: Latios
|-resisted|p2a: Latios
|-damage|p2a: Latios|146\/301
|
|turn|27
|
|move|p1a: Gyarados|Crunch|p2a: Latios
|-supereffective|p2a: Latios
|-damage|p2a: Latios|0 fnt
|faint|p2a: Latios
|-boost|p1a: Gyarados|atk|1|[from] ability: Moxie
|
|
|switch|p2a: Victini|Victini|341\/341
|turn|28
|
|detailschange|p1a: Gyarados|Gyarados-Mega, F
|-mega|p1a: Gyarados|Gyarados|Gyaradosite
|-ability|p1a: Gyarados|Mold Breaker
|move|p2a: Victini|Bolt Strike|p1a: Gyarados
|-supereffective|p1a: Gyarados
|-damage|p1a: Gyarados|75\/331
|move|p1a: Gyarados|Dragon Dance|p1a: Gyarados
|-boost|p1a: Gyarados|atk|1
|-boost|p1a: Gyarados|spe|1
|
|turn|29
|
|move|p1a: Gyarados|Waterfall|p2a: Victini
|-supereffective|p2a: Victini
|-damage|p2a: Victini|0 fnt
|faint|p2a: Victini
|
|
|switch|p2a: Tornadus-Therian|Tornadus-Therian, M|332\/332
|turn|30
|
|switch|p2a: Manectric|Manectric-Mega, F|47\/281
|-ability|p2a: Manectric|Intimidate|[of] p1a: Gyarados
|-unboost|p1a: Gyarados|atk|1
|move|p1a: Gyarados|Waterfall|p2a: Manectric
|-damage|p2a: Manectric|0 fnt
|faint|p2a: Manectric
|
|
|switch|p2a: Tornadus-Therian|Tornadus-Therian, M|332\/332
|turn|31
|
|move|p1a: Gyarados|Waterfall|p2a: Tornadus-Therian
|-damage|p2a: Tornadus-Therian|40\/332
|move|p2a: Tornadus-Therian|U-turn|p1a: Gyarados
|-supereffective|p1a: Gyarados
|-damage|p1a: Gyarados|0 fnt
|faint|p1a: Gyarados
|
|win|Maruko-Sama
|raw|Ladder updating...
|raw|aj14's rating: 1583 &rarr; <strong>1561<\/strong><br \/>(-22 for losing)
|raw|Maruko-Sama's rating: 1554 &rarr; <strong>1576<\/strong><br \/>(+22 for winning)
|leave|aj14