|join|aj14
|join|SeventyFive
|player|p1|aj14|70
|player|p2|SeventyFive|2
|gametype|singles
|gen|6
|tier|OU
|rated
|clearpoke
|poke|p1|Charizard, F
|poke|p1|Rotom-Wash
|poke|p1|Ferrothorn, M
|poke|p1|Terrakion
|poke|p1|Latios, M
|poke|p1|Quagsire, F
|poke|p2|Charizard, M
|poke|p2|Starmie
|poke|p2|Terrakion
|poke|p2|Skarmory, F
|poke|p2|Clefable, F
|poke|p2|Gastrodon, F
|rule|Swagger Clause: Swagger is banned
|rule|Baton Pass Clause: Limit one PokÃ©mon knowing Baton Pass
|rule|Sleep Clause Mod: Limit one foe put to sleep
|rule|Species Clause: Limit one of each PokÃ©mon
|rule|OHKO Clause: OHKO moves are banned
|rule|Moody Clause: Moody is banned
|rule|Evasion Moves Clause: Evasion moves are banned
|rule|Endless Battle Clause: Forcing endless battles is banned
|rule|HP Percentage Mod: HP is shown in percentages
|teampreview
|
|start
|switch|p1a: Latios|Latios, M|301\/301
|switch|p2a: Terrakion|Terrakion|323\/323
|turn|1
|
|switch|p2a: Clefable|Clefable, F|394\/394
|move|p1a: Latios|Psyshock|p2a: Clefable
|-damage|p2a: Clefable|198\/394
|-damage|p1a: Latios|271\/301|[from] item: Life Orb
|
|-heal|p2a: Clefable|222\/394|[from] item: Leftovers
|turn|2
|
|switch|p1a: Charizard|Charizard, F|307\/307
|move|p2a: Clefable|Wish|p2a: Clefable
|
|-heal|p2a: Clefable|246\/394|[from] item: Leftovers
|turn|3
|
|move|p2a: Clefable|Protect|p2a: Clefable
|-singleturn|p2a: Clefable|Protect
|move|p1a: Charizard|Roost|p1a: Charizard
|-fail|p1a: Charizard
|
|-heal|p2a: Clefable|394\/394|[from] move: Wish|[wisher] Clefable
|turn|4
|
|switch|p2a: Charizard|Charizard, M|317\/317
|detailschange|p1a: Charizard|Charizard-Mega-X, F
|-mega|p1a: Charizard|Charizard|Charizardite X
|move|p1a: Charizard|Flare Blitz|p2a: Charizard
|-crit|p2a: Charizard
|-resisted|p2a: Charizard
|-damage|p2a: Charizard|29\/317
|-damage|p1a: Charizard|212\/307|[from] recoil|[of] p2a: Charizard
|
|turn|5
|leave|SeventyFive
|player|p2
|join|SeventyFive
|player|p2|SeventyFive|2
|
|switch|p2a: Clefable|Clefable, F|394\/394
|move|p1a: Charizard|Flare Blitz|p2a: Clefable
|-damage|p2a: Clefable|82\/394
|-damage|p1a: Charizard|109\/307|[from] recoil|[of] p2a: Clefable
|
|-heal|p2a: Clefable|106\/394|[from] item: Leftovers
|turn|6
|
|switch|p2a: Terrakion|Terrakion|323\/323
|move|p1a: Charizard|Flare Blitz|p2a: Terrakion
|-resisted|p2a: Terrakion
|-damage|p2a: Terrakion|125\/323
|-damage|p1a: Charizard|44\/307|[from] recoil|[of] p2a: Terrakion
|
|turn|7
|c|âSeventyFive|lol
|
|switch|p1a: Latios|Latios, M|271\/301
|move|p2a: Terrakion|Close Combat|p1a: Latios
|-resisted|p1a: Latios
|-damage|p1a: Latios|119\/301
|-unboost|p2a: Terrakion|def|1
|-unboost|p2a: Terrakion|spd|1
|-damage|p2a: Terrakion|93\/323|[from] item: Life Orb
|
|turn|8
|
|move|p1a: Latios|Psyshock|p2a: Terrakion
|-supereffective|p2a: Terrakion
|-damage|p2a: Terrakion|0 fnt
|-damage|p1a: Latios|89\/301|[from] item: Life Orb
|faint|p2a: Terrakion
|
|
|switch|p2a: Starmie|Starmie|261\/261
|turn|9
|
|switch|p1a: Rotom-Wash|Rotom-Wash|303\/303
|move|p2a: Starmie|Blizzard|p1a: Rotom-Wash
|-resisted|p1a: Rotom-Wash
|-damage|p1a: Rotom-Wash|213\/303
|-damage|p2a: Starmie|235\/261|[from] item: Life Orb
|
|-heal|p1a: Rotom-Wash|231\/303|[from] item: Leftovers
|turn|10
|
|switch|p2a: Gastrodon|Gastrodon, F|426\/426
|move|p1a: Rotom-Wash|Volt Switch|p2a: Gastrodon
|-immune|p2a: Gastrodon|[msg]
|
|-heal|p1a: Rotom-Wash|249\/303|[from] item: Leftovers
|turn|11
|
|move|p1a: Rotom-Wash|Will-O-Wisp|p2a: Gastrodon
|-status|p2a: Gastrodon|brn
|move|p2a: Gastrodon|Toxic|p1a: Rotom-Wash
|-status|p1a: Rotom-Wash|tox
|
|-heal|p1a: Rotom-Wash|267\/303 tox|[from] item: Leftovers
|-damage|p1a: Rotom-Wash|249\/303 tox|[from] psn
|-damage|p2a: Gastrodon|373\/426 brn|[from] brn
|turn|12
|
|switch|p1a: Latios|Latios, M|89\/301
|switch|p2a: Charizard|Charizard, M|29\/317
|
|turn|13
|
|switch|p2a: Clefable|Clefable, F|106\/394
|move|p1a: Latios|Psyshock|p2a: Clefable
|-damage|p2a: Clefable|0 fnt
|-damage|p1a: Latios|59\/301|[from] item: Life Orb
|faint|p2a: Clefable
|
|
|switch|p2a: Starmie|Starmie|235\/261
|turn|14
|
|move|p2a: Starmie|Psyshock|p1a: Latios
|-resisted|p1a: Latios
|-damage|p1a: Latios|0 fnt
|-damage|p2a: Starmie|209\/261|[from] item: Life Orb
|faint|p1a: Latios
|
|
|switch|p1a: Rotom-Wash|Rotom-Wash|249\/303 tox
|turn|15
|
|switch|p2a: Gastrodon|Gastrodon, F|373\/426 brn
|move|p1a: Rotom-Wash|Volt Switch|p2a: Gastrodon
|-immune|p2a: Gastrodon|[msg]
|
|-heal|p1a: Rotom-Wash|267\/303 tox|[from] item: Leftovers
|-heal|p2a: Gastrodon|399\/426 brn|[from] item: Leftovers
|-damage|p1a: Rotom-Wash|249\/303 tox|[from] psn
|-damage|p2a: Gastrodon|346\/426 brn|[from] brn
|turn|16
|
|move|p1a: Rotom-Wash|Volt Switch|p2a: Gastrodon
|-immune|p2a: Gastrodon|[msg]
|move|p2a: Gastrodon|Scald|p1a: Rotom-Wash
|-resisted|p1a: Rotom-Wash
|-damage|p1a: Rotom-Wash|209\/303 tox
|
|-heal|p1a: Rotom-Wash|227\/303 tox|[from] item: Leftovers
|-heal|p2a: Gastrodon|372\/426 brn|[from] item: Leftovers
|-damage|p1a: Rotom-Wash|191\/303 tox|[from] psn
|-damage|p2a: Gastrodon|319\/426 brn|[from] brn
|turn|17
|
|move|p1a: Rotom-Wash|Volt Switch|p2a: Gastrodon
|-immune|p2a: Gastrodon|[msg]
|move|p2a: Gastrodon|Toxic|p1a: Rotom-Wash
|-fail|p1a: Rotom-Wash|tox
|
|-heal|p1a: Rotom-Wash|209\/303 tox|[from] item: Leftovers
|-heal|p2a: Gastrodon|345\/426 brn|[from] item: Leftovers
|-damage|p1a: Rotom-Wash|155\/303 tox|[from] psn
|-damage|p2a: Gastrodon|292\/426 brn|[from] brn
|turn|18
|
|switch|p1a: Ferrothorn|Ferrothorn, M|352\/352
|move|p2a: Gastrodon|Recover|p2a: Gastrodon
|-heal|p2a: Gastrodon|426\/426 brn
|
|-damage|p2a: Gastrodon|373\/426 brn|[from] brn
|turn|19
|
|move|p2a: Gastrodon|Scald|p1a: Ferrothorn
|-resisted|p1a: Ferrothorn
|-damage|p1a: Ferrothorn|325\/352
|move|p1a: Ferrothorn|Gyro Ball|p2a: Gastrodon
|-resisted|p2a: Gastrodon
|-damage|p2a: Gastrodon|331\/426 brn
|
|-heal|p2a: Gastrodon|357\/426 brn|[from] item: Leftovers
|-heal|p1a: Ferrothorn|347\/352|[from] item: Leftovers
|-damage|p2a: Gastrodon|304\/426 brn|[from] brn
|turn|20
|
|switch|p2a: Charizard|Charizard, M|29\/317
|move|p1a: Ferrothorn|Power Whip|p2a: Charizard
|-resisted|p2a: Charizard
|-damage|p2a: Charizard|0 fnt
|faint|p2a: Charizard
|
|-heal|p1a: Ferrothorn|352\/352|[from] item: Leftovers
|-message|SeventyFive forfeited.
|
|win|aj14
|raw|Ladder updating...
|leave|SeventyFive
|player|p2
|raw|aj14's rating: 1509 &rarr; <strong>1527<\/strong><br \/>(+18 for winning)
|raw|SeventyFive's rating: 1469 &rarr; <strong>1451<\/strong><br \/>(-18 for losing)