|join|SandBlackman
|join|aj14
|player|p1|SandBlackman|266
|player|p2|aj14|70
|gametype|singles
|gen|6
|tier|OU
|rated
|clearpoke
|poke|p1|Gothitelle, F, shiny
|poke|p1|Skarmory, M, shiny
|poke|p1|Quagsire, M, shiny
|poke|p1|Sableye, M, shiny
|poke|p1|Chansey, F, shiny
|poke|p1|Cresselia, F
|poke|p2|Manaphy
|poke|p2|Slowbro, F
|poke|p2|Landorus-Therian, M
|poke|p2|Raikou
|poke|p2|Ferrothorn, M
|poke|p2|Breloom, F
|rule|Swagger Clause: Swagger is banned
|rule|Baton Pass Clause: Limit one PokÃ©mon knowing Baton Pass
|rule|Sleep Clause Mod: Limit one foe put to sleep
|rule|Species Clause: Limit one of each PokÃ©mon
|rule|OHKO Clause: OHKO moves are banned
|rule|Moody Clause: Moody is banned
|rule|Evasion Moves Clause: Evasion moves are banned
|rule|Endless Battle Clause: Forcing endless battles is banned
|rule|HP Percentage Mod: HP is shown in percentages
|teampreview
|
|start
|switch|p1a: Sableye|Sableye, M, shiny|303\/303
|switch|p2a: Manaphy|Manaphy|401\/401
|turn|1
|
|switch|p1a: Chansey|Chansey, F, shiny|703\/703
|move|p2a: Manaphy|Tail Glow|p2a: Manaphy
|-boost|p2a: Manaphy|spa|3
|
|turn|2
|
|move|p2a: Manaphy|Tail Glow|p2a: Manaphy
|-boost|p2a: Manaphy|spa|3
|move|p1a: Chansey|Stealth Rock|p2a: Manaphy
|-sidestart|p2: aj14|move: Stealth Rock
|
|turn|3
|
|move|p2a: Manaphy|Scald|p1a: Chansey
|-damage|p1a: Chansey|391\/703
|move|p1a: Chansey|Seismic Toss|p2a: Manaphy
|-damage|p2a: Manaphy|301\/401
|
|-heal|p2a: Manaphy|326\/401|[from] item: Leftovers
|turn|4
|
|move|p2a: Manaphy|Scald|p1a: Chansey
|-damage|p1a: Chansey|99\/703
|-status|p1a: Chansey|brn
|move|p1a: Chansey|Soft-Boiled|p1a: Chansey
|-heal|p1a: Chansey|451\/703 brn
|
|-heal|p2a: Manaphy|351\/401|[from] item: Leftovers
|-damage|p1a: Chansey|364\/703 brn|[from] brn
|turn|5
|
|move|p2a: Manaphy|Scald|p1a: Chansey
|-damage|p1a: Chansey|43\/703 brn
|move|p1a: Chansey|Soft-Boiled|p1a: Chansey
|-heal|p1a: Chansey|395\/703 brn
|
|-heal|p2a: Manaphy|376\/401|[from] item: Leftovers
|-damage|p1a: Chansey|308\/703 brn|[from] brn
|turn|6
|-message|SandBlackman forfeited.
|
|win|aj14
|raw|Ladder updating...
|leave|SandBlackman
|player|p1
|raw|SandBlackman's rating: 1599 &rarr; <strong>1577<\/strong><br \/>(-22 for losing)
|raw|aj14's rating: 1560 &rarr; <strong>1582<\/strong><br \/>(+22 for winning)