|join|aj14
|join|powaa
|player|p1|aj14|283
|player|p2|powaa|4
|gametype|singles
|gen|6
|tier|OU (suspect test)
|rated
|clearpoke
|poke|p1|Keldeo
|poke|p1|Charizard, F
|poke|p1|Victini
|poke|p1|Venusaur, F
|poke|p1|Skarmory, M
|poke|p1|Cresselia, F, shiny
|poke|p2|Conkeldurr, M
|poke|p2|Latias, F
|poke|p2|Charizard, M
|poke|p2|Skarmory, M
|poke|p2|Thundurus, M
|poke|p2|Greninja, F
|rule|Swagger Clause: Swagger is banned
|rule|Baton Pass Clause: Limit one PokÃ©mon knowing Baton Pass
|rule|Sleep Clause Mod: Limit one foe put to sleep
|rule|Species Clause: Limit one of each PokÃ©mon
|rule|OHKO Clause: OHKO moves are banned
|rule|Moody Clause: Moody is banned
|rule|Evasion Moves Clause: Evasion moves are banned
|rule|Endless Battle Clause: Forcing endless battles is banned
|rule|HP Percentage Mod: HP is shown in percentages
|teampreview
|
|start
|switch|p1a: Keldeo|Keldeo|323\/323
|switch|p2a: Latias|Latias, F|364\/364
|turn|1
|
|move|p2a: Latias|Psyshock|p1a: Keldeo
|-supereffective|p1a: Keldeo
|-damage|p1a: Keldeo|83\/323
|move|p1a: Keldeo|Icy Wind|p2a: Latias
|-supereffective|p2a: Latias
|-damage|p2a: Latias|204\/364
|-unboost|p2a: Latias|spe|1
|
|-heal|p2a: Latias|226\/364|[from] item: Leftovers
|turn|2
|
|switch|p1a: Cresselia|Cresselia, F, shiny|444\/444
|move|p2a: Latias|Psyshock|p1a: Cresselia
|-resisted|p1a: Cresselia
|-damage|p1a: Cresselia|402\/444
|
|-heal|p2a: Latias|248\/364|[from] item: Leftovers
|-heal|p1a: Cresselia|429\/444|[from] item: Leftovers
|turn|3
|
|switch|p2a: Skarmory|Skarmory, M|334\/334
|move|p1a: Cresselia|Ice Beam|p2a: Skarmory
|-damage|p2a: Skarmory|254\/334
|
|-heal|p1a: Cresselia|444\/444|[from] item: Leftovers
|-heal|p2a: Skarmory|274\/334|[from] item: Leftovers
|turn|4
|
|switch|p1a: Charizard|Charizard, F|297\/297
|move|p2a: Skarmory|Stealth Rock|p1a: Charizard
|-sidestart|p1: aj14|move: Stealth Rock
|
|-heal|p2a: Skarmory|294\/334|[from] item: Leftovers
|turn|5
|
|switch|p2a: Latias|Latias, F|248\/364
|detailschange|p1a: Charizard|Charizard-Mega-Y, F
|message|Charizard has Mega Evolved into Mega Charizard!
|-weather|SunnyDay
|move|p1a: Charizard|Flamethrower|p2a: Latias
|-resisted|p2a: Latias
|-damage|p2a: Latias|137\/364
|
|-weather|SunnyDay|[upkeep]
|-heal|p2a: Latias|159\/364|[from] item: Leftovers
|turn|6
|
|switch|p1a: Skarmory|Skarmory, M|334\/334
|-damage|p1a: Skarmory|293\/334|[from] Stealth Rock
|move|p2a: Latias|Recover|p2a: Latias
|-heal|p2a: Latias|341\/364
|
|-weather|SunnyDay|[upkeep]
|-heal|p2a: Latias|363\/364|[from] item: Leftovers
|turn|7
|
|switch|p2a: Thundurus|Thundurus, M|300\/300
|move|p1a: Skarmory|Stealth Rock|p2a: Thundurus
|-sidestart|p2: powaa|move: Stealth Rock
|
|-weather|SunnyDay|[upkeep]
|turn|8
|
|switch|p1a: Cresselia|Cresselia, F, shiny|444\/444
|-damage|p1a: Cresselia|389\/444|[from] Stealth Rock
|move|p2a: Thundurus|Thunder Wave|p1a: Cresselia
|-status|p1a: Cresselia|par
|
|-weather|SunnyDay|[upkeep]
|-heal|p1a: Cresselia|416\/444 par|[from] item: Leftovers
|turn|9
|
|switch|p2a: Conkeldurr|Conkeldurr, M|414\/414
|-damage|p2a: Conkeldurr|389\/414|[from] Stealth Rock
|move|p1a: Cresselia|Thunder Wave|p2a: Conkeldurr
|-status|p2a: Conkeldurr|par
|
|-weather|none
|-heal|p1a: Cresselia|443\/444 par|[from] item: Leftovers
|turn|10
|
|move|p1a: Cresselia|Psychic|p2a: Conkeldurr
|-supereffective|p2a: Conkeldurr
|-damage|p2a: Conkeldurr|219\/414 par
|move|p2a: Conkeldurr|Knock Off|p1a: Cresselia
|-supereffective|p1a: Cresselia
|-damage|p1a: Cresselia|93\/444 par
|-enditem|p1a: Cresselia|Leftovers|[from] move: Knock Off|[of] p2a: Conkeldurr
|
|turn|11
|
|move|p1a: Cresselia|Thunder Wave|p2a: Conkeldurr
|-fail|p2a: Conkeldurr|par
|move|p2a: Conkeldurr|Drain Punch|p1a: Cresselia
|-resisted|p1a: Cresselia
|-damage|p1a: Cresselia|0 fnt
|-heal|p2a: Conkeldurr|266\/414 par|[from] drain|[of] p1a: Cresselia
|faint|p1a: Cresselia
|
|
|switch|p1a: Charizard|Charizard-Mega-Y, F|297\/297
|-damage|p1a: Charizard|149\/297|[from] Stealth Rock
|-weather|SunnyDay
|turn|12
|
|move|p1a: Charizard|Flamethrower|p2a: Conkeldurr
|-damage|p2a: Conkeldurr|20\/414 par
|move|p2a: Conkeldurr|Ice Punch|p1a: Charizard
|-damage|p1a: Charizard|0 fnt
|faint|p1a: Charizard
|
|-weather|SunnyDay|[upkeep]
|
|switch|p1a: Venusaur|Venusaur, F|301\/301
|-damage|p1a: Venusaur|264\/301|[from] Stealth Rock
|turn|13
|
|move|p1a: Venusaur|Sludge Bomb|p2a: Conkeldurr
|-damage|p2a: Conkeldurr|0 fnt
|-damage|p1a: Venusaur|234\/301|[from] item: Life Orb
|faint|p2a: Conkeldurr
|
|-weather|SunnyDay|[upkeep]
|
|switch|p2a: Thundurus|Thundurus, M|300\/300
|-damage|p2a: Thundurus|225\/300|[from] Stealth Rock
|turn|14
|chat|powaa|lol i have an even number of hp evs
|
|move|p2a: Thundurus|Thunder Wave|p1a: Venusaur
|-status|p1a: Venusaur|par
|move|p1a: Venusaur|Sludge Bomb|p2a: Thundurus
|-damage|p2a: Thundurus|0 fnt
|-damage|p1a: Venusaur|204\/301 par|[from] item: Life Orb
|faint|p2a: Thundurus
|
|-weather|SunnyDay|[upkeep]
|
|switch|p2a: Latias|Latias, F|363\/364
|-damage|p2a: Latias|318\/364|[from] Stealth Rock
|turn|15
|
|switch|p1a: Skarmory|Skarmory, M|293\/334
|-damage|p1a: Skarmory|252\/334|[from] Stealth Rock
|move|p2a: Latias|Psyshock|p1a: Skarmory
|-resisted|p1a: Skarmory
|-damage|p1a: Skarmory|222\/334
|
|-weather|SunnyDay|[upkeep]
|-heal|p2a: Latias|340\/364|[from] item: Leftovers
|turn|16
|
|move|p2a: Latias|Defog|p1a: Skarmory
|-unboost|p1a: Skarmory|evasion|1
|-sideend|p1: aj14|Stealth Rock|[from] move: Defog|[of] p1a: Skarmory
|-sideend|p2: powaa|Stealth Rock|[from] move: Defog|[of] p2a: Latias
|move|p1a: Skarmory|Whirlwind|p2a: Latias
|drag|p2a: Greninja|Greninja, F|285\/285
|
|-weather|none
|turn|17
|
|move|p2a: Greninja|Hydro Pump|p1a: Skarmory
|-start|p2a: Greninja|typechange|Water|[from] Protean
|-crit|p1a: Skarmory
|-damage|p1a: Skarmory|0 fnt
|-damage|p2a: Greninja|257\/285|[from] item: Life Orb
|faint|p1a: Skarmory
|
|
|switch|p1a: Victini|Victini|341\/341
|turn|18
|
|switch|p2a: Latias|Latias, F|340\/364
|move|p1a: Victini|U-turn|p2a: Latias
|-supereffective|p2a: Latias
|-damage|p2a: Latias|194\/364
|
|switch|p1a: Keldeo|Keldeo|83\/323
|
|-heal|p2a: Latias|216\/364|[from] item: Leftovers
|turn|19
|
|move|p2a: Latias|Psyshock|p1a: Keldeo
|-supereffective|p1a: Keldeo
|-damage|p1a: Keldeo|0 fnt
|faint|p1a: Keldeo
|
|-heal|p2a: Latias|238\/364|[from] item: Leftovers
|
|switch|p1a: Venusaur|Venusaur, F|204\/301 par
|turn|20
|
|move|p2a: Latias|Psyshock|p1a: Venusaur
|-supereffective|p1a: Venusaur
|-damage|p1a: Venusaur|0 fnt
|faint|p1a: Venusaur
|
|-heal|p2a: Latias|260\/364|[from] item: Leftovers
|-message|aj14 forfeited.
|
|win|powaa
|raw|Ladder updating...
|leave|aj14
|player|p1
|raw|aj14's rating: 1396 &rarr; <strong>1369<\/strong><br \/>(-27 for losing)
|raw|powaa's rating: 1268 &rarr; <strong>1301<\/strong><br \/>(+33 for winning)