|join|drtdcrt
|join|AnybodyAgrees
|player|p1|drtdcrt|209
|player|p2|AnybodyAgrees|109
|gametype|singles
|gen|1
|tier|[Gen 1] OU
|rated
|rule|Sleep Clause Mod: Limit one foe put to sleep
|rule|Freeze Clause Mod: Limit one foe frozen
|rule|Species Clause: Limit one of each PokÃ©mon
|rule|OHKO Clause: OHKO moves are banned
|rule|Evasion Moves Clause: Evasion moves are banned
|rule|HP Percentage Mod: HP is shown in percentages
|
|start
|switch|p1a: Starmie|Starmie|323\/323
|switch|p2a: Jynx|Jynx|333\/333
|turn|1
|c|âdrtdcrt|gl hf
|
|switch|p2a: Chansey|Chansey|703\/703
|move|p1a: Starmie|Surf|p2a: Chansey
|-crit|p2a: Chansey
|-damage|p2a: Chansey|509\/703
|
|turn|2
|
|switch|p1a: Golem|Golem|363\/363
|move|p2a: Chansey|Ice Beam|p1a: Golem
|-supereffective|p1a: Golem
|-damage|p1a: Golem|142\/363
|
|turn|3
|
|move|p2a: Chansey|Ice Beam|p1a: Golem
|-supereffective|p1a: Golem
|-damage|p1a: Golem|0 fnt
|faint|p1a: Golem
|
|switch|p1a: Tauros|Tauros|353\/353
|turn|4
|
|switch|p2a: Rhydon|Rhydon|413\/413
|move|p1a: Tauros|Body Slam|p2a: Rhydon
|-resisted|p2a: Rhydon
|-damage|p2a: Rhydon|370\/413
|-status|p2a: Rhydon|par
|
|turn|5
|
|move|p1a: Tauros|Blizzard|p2a: Rhydon
|-supereffective|p2a: Rhydon
|-damage|p2a: Rhydon|133\/413 par
|move|p2a: Rhydon|Body Slam|p1a: Tauros
|-damage|p1a: Tauros|271\/353
|
|turn|6
|c|âAnybodyAgrees|if you have zapdos, then, well, fuck
|
|move|p1a: Tauros|Earthquake|p2a: Rhydon
|-supereffective|p2a: Rhydon
|-damage|p2a: Rhydon|0 fnt
|faint|p2a: Rhydon
|
|switch|p2a: Tauros|Tauros|353\/353
|turn|7
|
|move|p1a: Tauros|Body Slam|p2a: Tauros
|-damage|p2a: Tauros|244\/353
|move|p2a: Tauros|Body Slam|p1a: Tauros
|-damage|p1a: Tauros|160\/353
|
|turn|8
|
|move|p2a: Tauros|Hyper Beam|p1a: Tauros
|-crit|p1a: Tauros
|-damage|p1a: Tauros|0 fnt
|faint|p1a: Tauros
|
|switch|p1a: Chansey|Chansey|703\/703
|turn|9
|
|switch|p2a: Chansey|Chansey|509\/703
|move|p1a: Chansey|Thunder Wave|p2a: Chansey
|-status|p2a: Chansey|par
|
|turn|10
|
|move|p1a: Chansey|Ice Beam|p2a: Chansey
|-damage|p2a: Chansey|433\/703 par
|move|p2a: Chansey|Ice Beam|p1a: Chansey|[miss]
|-miss|p2a: Chansey
|
|turn|11
|
|move|p1a: Chansey|Ice Beam|p2a: Chansey
|-damage|p2a: Chansey|361\/703 par
|move|p2a: Chansey|Soft-Boiled|p2a: Chansey
|-heal|p2a: Chansey|703\/703 par
|
|turn|12
|
|move|p1a: Chansey|Thunder Wave|p2a: Chansey
|-fail|p2a: Chansey|par
|move|p2a: Chansey|Ice Beam|p1a: Chansey
|-damage|p1a: Chansey|630\/703
|-status|p1a: Chansey|frz
|
|turn|13
|
|cant|p1a: Chansey|frz
|cant|p2a: Chansey|par
|
|turn|14
|
|switch|p2a: Dragonite|Dragonite|385\/385
|cant|p1a: Chansey|frz
|
|turn|15
|
|switch|p1a: Starmie|Starmie|323\/323
|move|p2a: Dragonite|Agility|p2a: Dragonite
|-boost|p2a: Dragonite|spe|2
|
|turn|16
|
|move|p2a: Dragonite|Wrap|p1a: Starmie|[miss]
|-miss|p2a: Dragonite
|move|p1a: Starmie|Ice Beam|p2a: Dragonite
|-supereffective|p2a: Dragonite
|-damage|p2a: Dragonite|103\/385
|
|turn|17
|
|move|p2a: Dragonite|Wrap|p1a: Starmie
|-damage|p1a: Starmie|306\/323
|-activate|p1a: Starmie|move: Wrap|[of] p2a: Dragonite
|cant|p1a: Starmie|partiallytrapped
|
|turn|18
|
|move|p2a: Dragonite|Wrap|p1a: Starmie
|-damage|p1a: Starmie|289\/323
|cant|p1a: Starmie|partiallytrapped
|
|-end|p1a: Starmie|Wrap|[partiallytrapped]
|turn|19
|
|move|p2a: Dragonite|Wrap|p1a: Starmie
|-damage|p1a: Starmie|271\/323
|-activate|p1a: Starmie|move: Wrap|[of] p2a: Dragonite
|cant|p1a: Starmie|partiallytrapped
|
|turn|20
|
|switch|p1a: Chansey|Chansey|630\/703 frz
|move|p2a: Dragonite|Wrap|p1a: Chansey
|-damage|p1a: Chansey|589\/703 frz
|-activate|p1a: Chansey|move: Wrap|[of] p2a: Dragonite
|
|turn|21
|
|move|p2a: Dragonite|Wrap|p1a: Chansey
|-damage|p1a: Chansey|548\/703 frz
|cant|p1a: Chansey|frz
|
|-end|p1a: Chansey|Wrap|[partiallytrapped]
|turn|22
|
|move|p2a: Dragonite|Blizzard|p1a: Chansey
|-damage|p1a: Chansey|464\/703 frz
|cant|p1a: Chansey|frz
|
|turn|23
|
|move|p2a: Dragonite|Blizzard|p1a: Chansey
|-damage|p1a: Chansey|366\/703 frz
|cant|p1a: Chansey|frz
|
|turn|24
|
|move|p2a: Dragonite|Wrap|p1a: Chansey
|-crit|p1a: Chansey
|-damage|p1a: Chansey|287\/703 frz
|-activate|p1a: Chansey|move: Wrap|[of] p2a: Dragonite
|cant|p1a: Chansey|frz
|
|turn|25
|
|move|p2a: Dragonite|Wrap|p1a: Chansey
|-damage|p1a: Chansey|208\/703 frz
|cant|p1a: Chansey|frz
|
|-end|p1a: Chansey|Wrap|[partiallytrapped]
|turn|26
|
|move|p2a: Dragonite|Wrap|p1a: Chansey
|-crit|p1a: Chansey
|-damage|p1a: Chansey|137\/703 frz
|-activate|p1a: Chansey|move: Wrap|[of] p2a: Dragonite
|cant|p1a: Chansey|frz
|
|turn|27
|
|move|p2a: Dragonite|Wrap|p1a: Chansey
|-damage|p1a: Chansey|66\/703 frz
|cant|p1a: Chansey|frz
|
|-end|p1a: Chansey|Wrap|[partiallytrapped]
|turn|28
|
|move|p2a: Dragonite|Wrap|p1a: Chansey
|-crit|p1a: Chansey
|-damage|p1a: Chansey|0 fnt
|faint|p1a: Chansey
|
|switch|p1a: Zapdos|Zapdos|383\/383
|turn|29
|
|move|p2a: Dragonite|Wrap|p1a: Zapdos
|-damage|p1a: Zapdos|365\/383
|-activate|p1a: Zapdos|move: Wrap|[of] p2a: Dragonite
|cant|p1a: Zapdos|partiallytrapped
|
|turn|30
|
|move|p2a: Dragonite|Wrap|p1a: Zapdos
|-damage|p1a: Zapdos|347\/383
|cant|p1a: Zapdos|partiallytrapped
|
|turn|31
|
|move|p2a: Dragonite|Wrap|p1a: Zapdos
|-damage|p1a: Zapdos|329\/383
|cant|p1a: Zapdos|partiallytrapped
|
|-end|p1a: Zapdos|Wrap|[partiallytrapped]
|turn|32
|
|move|p2a: Dragonite|Wrap|p1a: Zapdos
|-damage|p1a: Zapdos|311\/383
|-activate|p1a: Zapdos|move: Wrap|[of] p2a: Dragonite
|cant|p1a: Zapdos|partiallytrapped
|
|turn|33
|
|move|p2a: Dragonite|Wrap|p1a: Zapdos
|-damage|p1a: Zapdos|293\/383
|cant|p1a: Zapdos|partiallytrapped
|
|turn|34
|
|move|p2a: Dragonite|Wrap|p1a: Zapdos
|-damage|p1a: Zapdos|275\/383
|cant|p1a: Zapdos|partiallytrapped
|
|-end|p1a: Zapdos|Wrap|[partiallytrapped]
|turn|35
|
|move|p2a: Dragonite|Wrap|p1a: Zapdos|[miss]
|-miss|p2a: Dragonite
|move|p1a: Zapdos|Thunder Wave|p2a: Dragonite
|-status|p2a: Dragonite|par
|
|turn|36
|c|âAnybodyAgrees|lag
|
|move|p1a: Zapdos|Agility|p1a: Zapdos
|-boost|p1a: Zapdos|spe|2
|move|p2a: Dragonite|Agility|p2a: Dragonite
|-boost|p2a: Dragonite|spe|2
|
|turn|37
|
|move|p2a: Dragonite|Wrap|p1a: Zapdos
|-damage|p1a: Zapdos|259\/383
|-activate|p1a: Zapdos|move: Wrap|[of] p2a: Dragonite
|cant|p1a: Zapdos|partiallytrapped
|
|turn|38
|
|move|p2a: Dragonite|Wrap|p1a: Zapdos
|-damage|p1a: Zapdos|243\/383
|cant|p1a: Zapdos|partiallytrapped
|
|turn|39
|c|âdrtdcrt|is everything broken in gen 1? damn, nostalgia is strong.
|
|move|p2a: Dragonite|Wrap|p1a: Zapdos
|-damage|p1a: Zapdos|227\/383
|cant|p1a: Zapdos|partiallytrapped
|
|turn|40
|
|move|p2a: Dragonite|Wrap|p1a: Zapdos
|-damage|p1a: Zapdos|211\/383
|cant|p1a: Zapdos|partiallytrapped
|
|turn|41
|
|move|p2a: Dragonite|Wrap|p1a: Zapdos
|-damage|p1a: Zapdos|195\/383
|cant|p1a: Zapdos|partiallytrapped
|
|-end|p1a: Zapdos|Wrap|[partiallytrapped]
|turn|42
|
|move|p2a: Dragonite|Wrap|p1a: Zapdos
|-damage|p1a: Zapdos|179\/383
|-activate|p1a: Zapdos|move: Wrap|[of] p2a: Dragonite
|cant|p1a: Zapdos|partiallytrapped
|
|turn|43
|
|move|p2a: Dragonite|Wrap|p1a: Zapdos
|-damage|p1a: Zapdos|163\/383
|cant|p1a: Zapdos|partiallytrapped
|
|turn|44
|
|cant|p2a: Dragonite|par
|cant|p1a: Zapdos|partiallytrapped
|
|-end|p1a: Zapdos|Wrap|[partiallytrapped]
|turn|45
|
|move|p2a: Dragonite|Wrap|p1a: Zapdos
|-damage|p1a: Zapdos|145\/383
|-activate|p1a: Zapdos|move: Wrap|[of] p2a: Dragonite
|cant|p1a: Zapdos|partiallytrapped
|
|turn|46
|
|move|p2a: Dragonite|Wrap|p1a: Zapdos
|-damage|p1a: Zapdos|127\/383
|cant|p1a: Zapdos|partiallytrapped
|
|turn|47
|
|cant|p2a: Dragonite|par
|cant|p1a: Zapdos|partiallytrapped
|
|-end|p1a: Zapdos|Wrap|[partiallytrapped]
|turn|48
|
|move|p2a: Dragonite|Blizzard|p1a: Zapdos
|-supereffective|p1a: Zapdos
|-damage|p1a: Zapdos|0 fnt
|faint|p1a: Zapdos
|
|switch|p1a: Starmie|Starmie|271\/323
|turn|49
|
|cant|p2a: Dragonite|par
|move|p1a: Starmie|Ice Beam|p2a: Dragonite
|-supereffective|p2a: Dragonite
|-damage|p2a: Dragonite|0 fnt
|faint|p2a: Dragonite
|
|switch|p2a: Chansey|Chansey|703\/703 par
|turn|50
|
|move|p1a: Starmie|Surf|p2a: Chansey
|-crit|p2a: Chansey
|-damage|p2a: Chansey|501\/703 par
|cant|p2a: Chansey|par
|
|turn|51
|
|move|p1a: Starmie|Surf|p2a: Chansey
|-crit|p2a: Chansey
|-damage|p2a: Chansey|279\/703 par
|move|p2a: Chansey|Soft-Boiled|p2a: Chansey
|-heal|p2a: Chansey|630\/703 par
|
|turn|52
|
|move|p1a: Starmie|Surf|p2a: Chansey
|-crit|p2a: Chansey
|-damage|p2a: Chansey|411\/703 par
|cant|p2a: Chansey|par
|
|turn|53
|
|move|p1a: Starmie|Surf|p2a: Chansey
|-damage|p2a: Chansey|298\/703 par
|move|p2a: Chansey|Soft-Boiled|p2a: Chansey
|-heal|p2a: Chansey|649\/703 par
|
|turn|54
|join|Alastor Law
|
|move|p1a: Starmie|Psychic|p2a: Chansey
|-damage|p2a: Chansey|549\/703 par
|move|p2a: Chansey|Ice Beam|p1a: Starmie
|-resisted|p1a: Starmie
|-damage|p1a: Starmie|230\/323
|
|turn|55
|
|move|p1a: Starmie|Surf|p2a: Chansey
|-damage|p2a: Chansey|438\/703 par
|move|p2a: Chansey|Ice Beam|p1a: Starmie
|-resisted|p1a: Starmie
|-damage|p1a: Starmie|190\/323
|
|turn|56
|
|move|p1a: Starmie|Surf|p2a: Chansey
|-damage|p2a: Chansey|323\/703 par
|move|p2a: Chansey|Soft-Boiled|p2a: Chansey
|-heal|p2a: Chansey|674\/703 par
|
|turn|57
|
|move|p1a: Starmie|Surf|p2a: Chansey
|-crit|p2a: Chansey
|-damage|p2a: Chansey|454\/703 par
|move|p2a: Chansey|Ice Beam|p1a: Starmie
|-resisted|p1a: Starmie
|-damage|p1a: Starmie|154\/323
|
|turn|58
|
|move|p1a: Starmie|Recover|p1a: Starmie
|-heal|p1a: Starmie|315\/323
|move|p2a: Chansey|Soft-Boiled|p2a: Chansey
|-heal|p2a: Chansey|703\/703 par
|
|turn|59
|c| Alastor Law|crit machine starmie
|
|move|p1a: Starmie|Surf|p2a: Chansey
|-damage|p2a: Chansey|597\/703 par
|move|p2a: Chansey|Ice Beam|p1a: Starmie|[miss]
|-miss|p2a: Chansey
|
|turn|60
|c|âdrtdcrt|So I never got this, there is a slight chance of absolutely random misses? or is it calculated somehow?
|join|Shayru
|
|move|p1a: Starmie|Surf|p2a: Chansey
|-damage|p2a: Chansey|494\/703 par
|move|p2a: Chansey|Ice Beam|p1a: Starmie
|-resisted|p1a: Starmie
|-damage|p1a: Starmie|276\/323
|
|turn|61
|c|âAnybodyAgrees|1\/256 chance for everything.
|
|move|p1a: Starmie|Surf|p2a: Chansey
|-damage|p2a: Chansey|391\/703 par
|move|p2a: Chansey|Ice Beam|p1a: Starmie
|-resisted|p1a: Starmie
|-damage|p1a: Starmie|237\/323
|
|turn|62
|
|move|p1a: Starmie|Psychic|p2a: Chansey
|-crit|p2a: Chansey
|-damage|p2a: Chansey|190\/703 par
|-unboost|p2a: Chansey|spd|1
|-unboost|p2a: Chansey|spa|1
|cant|p2a: Chansey|par
|
|turn|63
|
|switch|p2a: Starmie|Starmie|323\/323
|move|p1a: Starmie|Psychic|p2a: Starmie
|-resisted|p2a: Starmie
|-damage|p2a: Starmie|267\/323
|
|turn|64
|
|switch|p1a: Alakazam|Alakazam|313\/313
|move|p2a: Starmie|Psychic|p1a: Alakazam
|-resisted|p1a: Alakazam
|-damage|p1a: Alakazam|271\/313
|
|turn|65
|
|move|p1a: Alakazam|Thunder Wave|p2a: Starmie
|-status|p2a: Starmie|par
|move|p2a: Starmie|Surf|p1a: Alakazam
|-damage|p1a: Alakazam|178\/313
|
|turn|66
|
|move|p1a: Alakazam|Psychic|p2a: Starmie
|-crit|p2a: Starmie
|-resisted|p2a: Starmie
|-damage|p2a: Starmie|130\/323 par
|move|p2a: Starmie|Psychic|p1a: Alakazam
|-resisted|p1a: Alakazam
|-damage|p1a: Alakazam|137\/313
|
|turn|67
|
|move|p1a: Alakazam|Recover|p1a: Alakazam
|-heal|p1a: Alakazam|293\/313
|move|p2a: Starmie|Recover|p2a: Starmie
|-heal|p2a: Starmie|291\/323 par
|
|turn|68
|
|move|p1a: Alakazam|Psychic|p2a: Starmie
|-resisted|p2a: Starmie
|-damage|p2a: Starmie|226\/323 par
|-unboost|p2a: Starmie|spd|1
|-unboost|p2a: Starmie|spa|1
|move|p2a: Starmie|Psychic|p1a: Alakazam
|-resisted|p1a: Alakazam
|-damage|p1a: Alakazam|263\/313
|
|turn|69
|
|switch|p2a: Jynx|Jynx|333\/333
|move|p1a: Alakazam|Psychic|p2a: Jynx
|-resisted|p2a: Jynx
|-damage|p2a: Jynx|265\/333
|
|turn|70
|
|move|p1a: Alakazam|Thunder Wave|p2a: Jynx
|-status|p2a: Jynx|par
|move|p2a: Jynx|Lovely Kiss|p1a: Alakazam|[miss]
|-miss|p2a: Jynx
|
|turn|71
|
|move|p1a: Alakazam|Psychic|p2a: Jynx
|-crit|p2a: Jynx
|-resisted|p2a: Jynx
|-damage|p2a: Jynx|130\/333 par
|cant|p2a: Jynx|par
|
|turn|72
|
|move|p1a: Alakazam|Psychic|p2a: Jynx
|-crit|p2a: Jynx
|-resisted|p2a: Jynx
|-damage|p2a: Jynx|0 fnt
|faint|p2a: Jynx
|
|switch|p2a: Tauros|Tauros|244\/353
|turn|73
|
|move|p1a: Alakazam|Reflect|p1a: Alakazam
|move|p2a: Tauros|Body Slam|p1a: Alakazam
|-damage|p1a: Alakazam|183\/313
|-status|p1a: Alakazam|par
|
|turn|74
|
|move|p2a: Tauros|Body Slam|p1a: Alakazam
|-damage|p1a: Alakazam|105\/313 par
|move|p1a: Alakazam|Thunder Wave|p2a: Tauros
|-status|p2a: Tauros|par
|
|turn|75
|
|cant|p1a: Alakazam|par
|move|p2a: Tauros|Body Slam|p1a: Alakazam
|-damage|p1a: Alakazam|30\/313 par
|
|turn|76
|
|move|p1a: Alakazam|Recover|p1a: Alakazam
|-heal|p1a: Alakazam|186\/313 par
|move|p2a: Tauros|Body Slam|p1a: Alakazam
|-damage|p1a: Alakazam|104\/313 par
|
|turn|77
|
|move|p1a: Alakazam|Psychic|p2a: Tauros
|-damage|p2a: Tauros|68\/353 par
|-unboost|p2a: Tauros|spd|1
|-unboost|p2a: Tauros|spa|1
|move|p2a: Tauros|Body Slam|p1a: Alakazam
|-damage|p1a: Alakazam|20\/313 par
|
|turn|78
|
|move|p1a: Alakazam|Psychic|p2a: Tauros
|-damage|p2a: Tauros|0 fnt
|faint|p2a: Tauros
|
|switch|p2a: Chansey|Chansey|190\/703 par
|turn|79
|join|TheEscapier
|join|xJoelituh
|
|cant|p1a: Alakazam|par
|cant|p2a: Chansey|par
|
|turn|80
|
|cant|p1a: Alakazam|par
|move|p2a: Chansey|Soft-Boiled|p2a: Chansey
|-heal|p2a: Chansey|541\/703 par
|
|turn|81
|
|move|p1a: Alakazam|Recover|p1a: Alakazam
|-heal|p1a: Alakazam|176\/313 par
|move|p2a: Chansey|Ice Beam|p1a: Alakazam
|-damage|p1a: Alakazam|109\/313 par
|
|turn|82
|leave|TheEscapier
|
|move|p1a: Alakazam|Recover|p1a: Alakazam
|-heal|p1a: Alakazam|265\/313 par
|cant|p2a: Chansey|par
|
|turn|83
|
|cant|p1a: Alakazam|par
|move|p2a: Chansey|Thunderbolt|p1a: Alakazam
|-damage|p1a: Alakazam|198\/313 par
|
|turn|84
|
|move|p1a: Alakazam|Psychic|p2a: Chansey
|-crit|p2a: Chansey
|-damage|p2a: Chansey|284\/703 par
|-unboost|p2a: Chansey|spd|1
|-unboost|p2a: Chansey|spa|1
|move|p2a: Chansey|Thunderbolt|p1a: Alakazam
|-damage|p1a: Alakazam|155\/313 par
|
|turn|85
|
|move|p1a: Alakazam|Psychic|p2a: Chansey
|-damage|p2a: Chansey|83\/703 par
|-unboost|p2a: Chansey|spd|1
|-unboost|p2a: Chansey|spa|1
|move|p2a: Chansey|Soft-Boiled|p2a: Chansey
|-heal|p2a: Chansey|434\/703 par
|
|turn|86
|
|switch|p2a: Starmie|Starmie|226\/323 par
|move|p1a: Alakazam|Psychic|p2a: Starmie
|-resisted|p2a: Starmie
|-damage|p2a: Starmie|161\/323 par
|
|turn|87
|join|TrevorUnderpower
|leave|TrevorUnderpower
|
|move|p1a: Alakazam|Psychic|p2a: Starmie
|-resisted|p2a: Starmie
|-damage|p2a: Starmie|92\/323 par
|cant|p2a: Starmie|par
|
|turn|88
|
|move|p1a: Alakazam|Psychic|p2a: Starmie
|-crit|p2a: Starmie
|-resisted|p2a: Starmie
|-damage|p2a: Starmie|0 fnt
|faint|p2a: Starmie
|
|switch|p2a: Chansey|Chansey|434\/703 par
|turn|89
|
|cant|p1a: Alakazam|par
|move|p2a: Chansey|Thunderbolt|p1a: Alakazam
|-damage|p1a: Alakazam|94\/313 par
|
|turn|90
|
|move|p1a: Alakazam|Recover|p1a: Alakazam
|-heal|p1a: Alakazam|250\/313 par
|move|p2a: Chansey|Thunderbolt|p1a: Alakazam
|-damage|p1a: Alakazam|190\/313 par
|
|turn|91
|
|move|p1a: Alakazam|Psychic|p2a: Chansey
|-damage|p2a: Chansey|305\/703 par
|cant|p2a: Chansey|par
|
|turn|92
|
|move|p1a: Alakazam|Psychic|p2a: Chansey
|-damage|p2a: Chansey|169\/703 par
|-unboost|p2a: Chansey|spd|1
|-unboost|p2a: Chansey|spa|1
|move|p2a: Chansey|Soft-Boiled|p2a: Chansey
|-heal|p2a: Chansey|520\/703 par
|
|turn|93
|
|cant|p1a: Alakazam|par
|cant|p2a: Chansey|par
|
|turn|94
|
|move|p1a: Alakazam|Psychic|p2a: Chansey
|-crit|p2a: Chansey
|-damage|p2a: Chansey|285\/703 par
|cant|p2a: Chansey|par
|
|turn|95
|
|cant|p1a: Alakazam|par
|move|p2a: Chansey|Soft-Boiled|p2a: Chansey
|-heal|p2a: Chansey|636\/703 par
|
|turn|96
|
|move|p1a: Alakazam|Psychic|p2a: Chansey
|-damage|p2a: Chansey|454\/703 par
|cant|p2a: Chansey|par
|
|turn|97
|
|cant|p1a: Alakazam|par
|cant|p2a: Chansey|par
|
|turn|98
|
|move|p1a: Alakazam|Thunder Wave|p2a: Chansey
|-fail|p2a: Chansey|par
|move|p2a: Chansey|Thunderbolt|p1a: Alakazam
|-damage|p1a: Alakazam|151\/313 par
|
|turn|99
|c|âdrtdcrt|This is the worst thing ever and I hate myself.
|
|move|p1a: Alakazam|Recover|p1a: Alakazam
|-heal|p1a: Alakazam|307\/313 par
|cant|p2a: Chansey|par
|
|turn|100
|
|move|p1a: Alakazam|Reflect|p1a: Alakazam
|-fail|p1a: Alakazam
|move|p2a: Chansey|Thunderbolt|p1a: Alakazam
|-damage|p1a: Alakazam|264\/313 par
|
|turn|101
|c| xJoelituh|You can win anyway
|
|move|p1a: Alakazam|Thunder Wave|p2a: Chansey
|-fail|p2a: Chansey|par
|cant|p2a: Chansey|par
|
|turn|102
|c|âdrtdcrt|This isn't fun, though. I am out of psychic pp so I have to pp stall.
|
|cant|p1a: Alakazam|par
|move|p2a: Chansey|Thunder Wave|p1a: Alakazam
|-fail|p1a: Alakazam|par
|
|turn|103
|c| xJoelituh|It's your only chance haha
|
|cant|p1a: Alakazam|par
|move|p2a: Chansey|Thunder Wave|p1a: Alakazam
|-fail|p1a: Alakazam|par
|
|turn|104
|c|âdrtdcrt|and to my opponent, 86 pp left. you have no chance of outstalling.
|
|move|p1a: Alakazam|Thunder Wave|p2a: Chansey
|-fail|p2a: Chansey|par
|cant|p2a: Chansey|par
|
|turn|105
|
|cant|p1a: Alakazam|par
|move|p2a: Chansey|Thunder Wave|p1a: Alakazam
|-fail|p1a: Alakazam|par
|
|turn|106
|c|âAnybodyAgrees|I can try for a freeze on starmie
|
|move|p1a: Alakazam|Reflect|p1a: Alakazam
|-fail|p1a: Alakazam
|move|p2a: Chansey|Thunder Wave|p1a: Alakazam
|-fail|p1a: Alakazam|par
|
|turn|107
|c| xJoelituh|Actually, his chance to win is to get paralize or even freeze the starmie
|
|move|p1a: Alakazam|Reflect|p1a: Alakazam
|-fail|p1a: Alakazam
|cant|p2a: Chansey|par
|
|turn|108
|c|âdrtdcrt|unless they run out of pp, as I am trying to do.
|c| xJoelituh|>Para = No pp used
|
|move|p1a: Alakazam|Thunder Wave|p2a: Chansey
|-fail|p2a: Chansey|par
|move|p2a: Chansey|Thunderbolt|p1a: Alakazam
|-damage|p1a: Alakazam|223\/313 par
|
|turn|109
|c|âdrtdcrt|I realize.
|
|move|p1a: Alakazam|Reflect|p1a: Alakazam
|-fail|p1a: Alakazam
|move|p2a: Chansey|Thunderbolt|p1a: Alakazam
|-damage|p1a: Alakazam|185\/313 par
|
|turn|110
|
|move|p1a: Alakazam|Thunder Wave|p2a: Chansey
|-fail|p2a: Chansey|par
|move|p2a: Chansey|Thunderbolt|p1a: Alakazam
|-damage|p1a: Alakazam|146\/313 par
|
|turn|111
|c| xJoelituh|That's why i preffer Seismic toss rather than reflect on Zam
|c|âAnybodyAgrees|What about thunderbolt?
|
|move|p1a: Alakazam|Recover|p1a: Alakazam
|-heal|p1a: Alakazam|302\/313 par
|move|p2a: Chansey|Thunderbolt|p1a: Alakazam
|-damage|p1a: Alakazam|264\/313 par
|
|turn|112
|c|âdrtdcrt|on alakazam? I wish.
|
|move|p1a: Alakazam|Reflect|p1a: Alakazam
|-fail|p1a: Alakazam
|move|p2a: Chansey|Thunder Wave|p1a: Alakazam
|-fail|p1a: Alakazam|par
|
|turn|113
|
|move|p1a: Alakazam|Reflect|p1a: Alakazam
|-fail|p1a: Alakazam
|move|p2a: Chansey|Thunderbolt|p1a: Alakazam
|-damage|p1a: Alakazam|223\/313 par
|
|turn|114
|
|move|p1a: Alakazam|Reflect|p1a: Alakazam
|-fail|p1a: Alakazam
|move|p2a: Chansey|Thunder Wave|p1a: Alakazam
|-fail|p1a: Alakazam|par
|
|turn|115
|
|cant|p1a: Alakazam|par
|move|p2a: Chansey|Thunderbolt|p1a: Alakazam
|-damage|p1a: Alakazam|180\/313 par
|
|turn|116
|
|move|p1a: Alakazam|Reflect|p1a: Alakazam
|-fail|p1a: Alakazam
|move|p2a: Chansey|Thunderbolt|p1a: Alakazam
|-damage|p1a: Alakazam|142\/313 par
|
|turn|117
|
|move|p1a: Alakazam|Recover|p1a: Alakazam
|-heal|p1a: Alakazam|298\/313 par
|move|p2a: Chansey|Thunder Wave|p1a: Alakazam
|-fail|p1a: Alakazam|par
|
|turn|118
|c|âdrtdcrt|How much more pp do you have?
|c|âAnybodyAgrees|quite a bit in most moves
|
|move|p1a: Alakazam|Reflect|p1a: Alakazam
|-fail|p1a: Alakazam
|move|p2a: Chansey|Thunder Wave|p1a: Alakazam
|-fail|p1a: Alakazam|par
|
|turn|119
|
|move|p1a: Alakazam|Reflect|p1a: Alakazam
|-fail|p1a: Alakazam
|cant|p2a: Chansey|par
|
|turn|120
|c|âdrtdcrt|im still at 70. gonna be a bit.
|
|cant|p1a: Alakazam|par
|move|p2a: Chansey|Thunder Wave|p1a: Alakazam
|-fail|p1a: Alakazam|par
|
|turn|121
|
|move|p1a: Alakazam|Reflect|p1a: Alakazam
|-fail|p1a: Alakazam
|move|p2a: Chansey|Soft-Boiled|p2a: Chansey
|-heal|p2a: Chansey|703\/703 par
|
|turn|122
|
|cant|p1a: Alakazam|par
|move|p2a: Chansey|Thunder Wave|p1a: Alakazam
|-fail|p1a: Alakazam|par
|
|turn|123
|c|âAnybodyAgrees|I'll probably regret wasting that
|leave|Alastor Law
|
|move|p1a: Alakazam|Thunder Wave|p2a: Chansey
|-fail|p2a: Chansey|par
|move|p2a: Chansey|Thunder Wave|p1a: Alakazam
|-fail|p1a: Alakazam|par
|
|turn|124
|
|move|p1a: Alakazam|Thunder Wave|p2a: Chansey
|-fail|p2a: Chansey|par
|move|p2a: Chansey|Thunder Wave|p1a: Alakazam
|-fail|p1a: Alakazam|par
|
|turn|125
|
|move|p1a: Alakazam|Thunder Wave|p2a: Chansey
|-fail|p2a: Chansey|par
|move|p2a: Chansey|Thunder Wave|p1a: Alakazam
|-fail|p1a: Alakazam|par
|
|turn|126
|
|move|p1a: Alakazam|Thunder Wave|p2a: Chansey
|-fail|p2a: Chansey|par
|move|p2a: Chansey|Thunder Wave|p1a: Alakazam
|-fail|p1a: Alakazam|par
|
|turn|127
|c|âAnybodyAgrees|I really hope I keep getting para'd
|
|cant|p1a: Alakazam|par
|cant|p2a: Chansey|par
|
|turn|128
|c|âdrtdcrt|I really hope this ends soon.
|
|cant|p1a: Alakazam|par
|move|p2a: Chansey|Thunder Wave|p1a: Alakazam
|-fail|p1a: Alakazam|par
|
|turn|129
|
|cant|p1a: Alakazam|par
|move|p2a: Chansey|Thunder Wave|p1a: Alakazam
|-fail|p1a: Alakazam|par
|
|turn|130
|join|Shadowfox8720
|c|âdrtdcrt|like purgatory in here.
|c|âAnybodyAgrees|why can I not get para'd in the PP stall war
|c|âAnybodyAgrees|but keep getting para'd before it
|
|cant|p1a: Alakazam|par
|move|p2a: Chansey|Thunder Wave|p1a: Alakazam
|-fail|p1a: Alakazam|par
|
|turn|131
|c|âdrtdcrt|yeah, I noticed that. funny how that goes.
|
|cant|p1a: Alakazam|par
|cant|p2a: Chansey|par
|
|turn|132
|
|cant|p1a: Alakazam|par
|move|p2a: Chansey|Thunder Wave|p1a: Alakazam
|-fail|p1a: Alakazam|par
|
|turn|133
|c|âAnybodyAgrees|you've been para'd for 6 turns straight.
|
|move|p1a: Alakazam|Thunder Wave|p2a: Chansey
|-fail|p2a: Chansey|par
|cant|p2a: Chansey|par
|
|turn|134
|c| Shadowfox8720|This nostalgic ui though. It's like I'm 10 again. :3
|join|pika-jan
|
|move|p1a: Alakazam|Thunder Wave|p2a: Chansey
|-fail|p2a: Chansey|par
|cant|p2a: Chansey|par
|
|turn|135
|leave|pika-jan
|
|cant|p1a: Alakazam|par
|move|p2a: Chansey|Thunder Wave|p1a: Alakazam
|-fail|p1a: Alakazam|par
|
|turn|136
|c|âAnybodyAgrees|I need like 3 crits in a row
|
|cant|p1a: Alakazam|par
|move|p2a: Chansey|Thunderbolt|p1a: Alakazam
|-damage|p1a: Alakazam|257\/313 par
|
|turn|137
|c|âAnybodyAgrees|with you being para'd the whole time
|c|âdrtdcrt|.05^3*(.25^3) for the win.
|
|cant|p1a: Alakazam|par
|cant|p2a: Chansey|par
|
|turn|138
|
|move|p1a: Alakazam|Recover|p1a: Alakazam
|-heal|p1a: Alakazam|313\/313 par
|cant|p2a: Chansey|par
|
|turn|139
|
|move|p1a: Alakazam|Thunder Wave|p2a: Chansey
|-fail|p2a: Chansey|par
|move|p2a: Chansey|Thunder Wave|p1a: Alakazam
|-fail|p1a: Alakazam|par
|
|turn|140
|
|cant|p1a: Alakazam|par
|cant|p2a: Chansey|par
|
|turn|141
|
|cant|p1a: Alakazam|par
|move|p2a: Chansey|Thunderbolt|p1a: Alakazam
|-damage|p1a: Alakazam|273\/313 par
|
|turn|142
|
|move|p1a: Alakazam|Thunder Wave|p2a: Chansey
|-fail|p2a: Chansey|par
|move|p2a: Chansey|Thunderbolt|p1a: Alakazam
|-damage|p1a: Alakazam|231\/313 par
|
|turn|143
|
|move|p1a: Alakazam|Thunder Wave|p2a: Chansey
|-fail|p2a: Chansey|par
|move|p2a: Chansey|Thunder Wave|p1a: Alakazam
|-fail|p1a: Alakazam|par
|
|turn|144
|
|move|p1a: Alakazam|Thunder Wave|p2a: Chansey
|-fail|p2a: Chansey|par
|move|p2a: Chansey|Thunder Wave|p1a: Alakazam
|-fail|p1a: Alakazam|par
|
|turn|145
|c|âAnybodyAgrees|how long do you think this will last?
|c|âdrtdcrt|timewise, I don't know. 6 more minutes?
|
|move|p1a: Alakazam|Thunder Wave|p2a: Chansey
|-fail|p2a: Chansey|par
|move|p2a: Chansey|Thunder Wave|p1a: Alakazam
|-fail|p1a: Alakazam|par
|
|turn|146
|c|âdrtdcrt|turnwise, 50 more turns minimum if I am the one with fewer pp.
|
|move|p1a: Alakazam|Thunder Wave|p2a: Chansey
|-fail|p2a: Chansey|par
|move|p2a: Chansey|Thunder Wave|p1a: Alakazam
|-fail|p1a: Alakazam|par
|
|turn|147
|
|move|p1a: Alakazam|Thunder Wave|p2a: Chansey
|-fail|p2a: Chansey|par
|move|p2a: Chansey|Thunder Wave|p1a: Alakazam
|-fail|p1a: Alakazam|par
|
|turn|148
|
|cant|p1a: Alakazam|par
|cant|p2a: Chansey|par
|
|turn|149
|
|move|p1a: Alakazam|Thunder Wave|p2a: Chansey
|-fail|p2a: Chansey|par
|move|p2a: Chansey|Thunder Wave|p1a: Alakazam
|-fail|p1a: Alakazam|par
|
|turn|150
|c|âdrtdcrt|the powerful chansey paralyzes and reparalyzes its prey before attempting a finishing blow. breathtaking.
|
|move|p1a: Alakazam|Thunder Wave|p2a: Chansey
|-fail|p2a: Chansey|par
|move|p2a: Chansey|Thunder Wave|p1a: Alakazam
|-fail|p1a: Alakazam|par
|
|turn|151
|
|move|p1a: Alakazam|Recover|p1a: Alakazam
|-heal|p1a: Alakazam|313\/313 par
|move|p2a: Chansey|Thunder Wave|p1a: Alakazam
|-fail|p1a: Alakazam|par
|
|turn|152
|c| Shadowfox8720|lol
|
|move|p1a: Alakazam|Thunder Wave|p2a: Chansey
|-fail|p2a: Chansey|par
|move|p2a: Chansey|Thunder Wave|p1a: Alakazam
|-fail|p1a: Alakazam|par
|
|turn|153
|c|âAnybodyAgrees|PP stall seems like it might actually be a playstyle in gen 1
|
|cant|p1a: Alakazam|par
|move|p2a: Chansey|Thunder Wave|p1a: Alakazam
|-fail|p1a: Alakazam|par
|
|turn|154
|c|âAnybodyAgrees|run rest on everything
|
|move|p1a: Alakazam|Reflect|p1a: Alakazam
|-fail|p1a: Alakazam
|move|p2a: Chansey|Thunder Wave|p1a: Alakazam
|-fail|p1a: Alakazam|par
|
|turn|155
|c|âdrtdcrt|rest chansey new meta.
|
|cant|p1a: Alakazam|par
|move|p2a: Chansey|Thunderbolt|p1a: Alakazam
|-crit|p1a: Alakazam
|-damage|p1a: Alakazam|201\/313 par
|
|turn|156
|c|âAnybodyAgrees|rest rhydon seems cool
|c|âAnybodyAgrees|all you need is a tauros counter
|c|âdrtdcrt|so many water type moves, though. zapdos and starmie are pretty necessary.
|
|cant|p1a: Alakazam|par
|move|p2a: Chansey|Thunderbolt|p1a: Alakazam
|-damage|p1a: Alakazam|163\/313 par
|
|turn|157
|c|âdrtdcrt|as teammates
|
|move|p1a: Alakazam|Recover|p1a: Alakazam
|-heal|p1a: Alakazam|313\/313 par
|cant|p2a: Chansey|par
|
|turn|158
|
|move|p1a: Alakazam|Reflect|p1a: Alakazam
|-fail|p1a: Alakazam
|move|p2a: Chansey|Thunderbolt|p1a: Alakazam
|-crit|p1a: Alakazam
|-damage|p1a: Alakazam|193\/313 par
|
|turn|159
|
|move|p1a: Alakazam|Recover|p1a: Alakazam
|-heal|p1a: Alakazam|313\/313 par
|move|p2a: Chansey|Thunderbolt|p1a: Alakazam
|-damage|p1a: Alakazam|271\/313 par
|
|turn|160
|c|âAnybodyAgrees|if only chansey got a boosting move
|
|move|p1a: Alakazam|Reflect|p1a: Alakazam
|-fail|p1a: Alakazam
|move|p2a: Chansey|Thunderbolt|p1a: Alakazam
|-damage|p1a: Alakazam|227\/313 par
|
|turn|161
|c|âAnybodyAgrees|I am going to gamble on me freezing Starmie with my last couple ice beams
|c|âAnybodyAgrees|if that happened
|
|move|p1a: Alakazam|Reflect|p1a: Alakazam
|-fail|p1a: Alakazam
|move|p2a: Chansey|Thunderbolt|p1a: Alakazam
|-damage|p1a: Alakazam|188\/313 par
|
|turn|162
|c|âAnybodyAgrees|it would be awesome
|
|move|p1a: Alakazam|Recover|p1a: Alakazam
|-heal|p1a: Alakazam|313\/313 par
|cant|p2a: Chansey|par
|
|turn|163
|c|âdrtdcrt|minimize is a pretty fantastic banned boosting move. move.
|c|âAnybodyAgrees|how much more PP?
|
|cant|p1a: Alakazam|par
|move|p2a: Chansey|Thunderbolt|p1a: Alakazam
|-damage|p1a: Alakazam|272\/313 par
|
|turn|164
|c|âdrtdcrt|like 40 something.
|c|âAnybodyAgrees|for Ala
|
|cant|p1a: Alakazam|par
|move|p2a: Chansey|Thunderbolt|p1a: Alakazam
|-damage|p1a: Alakazam|231\/313 par
|
|turn|165
|c|âAnybodyAgrees|you have roughly 28 PP to my 12
|c|âAnybodyAgrees|gg
|
|move|p1a: Alakazam|Recover|p1a: Alakazam
|-heal|p1a: Alakazam|313\/313 par
|cant|p2a: Chansey|par
|
|turn|166
|
|cant|p1a: Alakazam|par
|move|p2a: Chansey|Ice Beam|p1a: Alakazam
|-crit|p1a: Alakazam
|-damage|p1a: Alakazam|187\/313 par
|
|turn|167
|c|âAnybodyAgrees|yeah, you have 26 PP
|
|move|p1a: Alakazam|Recover|p1a: Alakazam
|-heal|p1a: Alakazam|313\/313 par
|move|p2a: Chansey|Ice Beam|p1a: Alakazam
|-damage|p1a: Alakazam|270\/313 par
|
|turn|168
|c|âdrtdcrt|41: 8 twave, 16 reflect, and 17 recover
|
|move|p1a: Alakazam|Thunder Wave|p2a: Chansey
|-fail|p2a: Chansey|par
|move|p2a: Chansey|Ice Beam|p1a: Alakazam
|-damage|p1a: Alakazam|230\/313 par
|
|turn|169
|c|âAnybodyAgrees|how much PP is recover in gen 1?
|c|âdrtdcrt|maxes at 32
|c|âAnybodyAgrees|I thought it was 16 PP
|
|move|p1a: Alakazam|Recover|p1a: Alakazam
|-heal|p1a: Alakazam|313\/313 par
|move|p2a: Chansey|Thunder Wave|p1a: Alakazam
|-fail|p1a: Alakazam|par
|
|turn|170
|
|move|p1a: Alakazam|Thunder Wave|p2a: Chansey
|-fail|p2a: Chansey|par
|move|p2a: Chansey|Soft-Boiled|p2a: Chansey
|-fail|p2a: Chansey
|
|turn|171
|c|âdrtdcrt|in first gen, I guesss it's more
|
|move|p1a: Alakazam|Thunder Wave|p2a: Chansey
|-fail|p2a: Chansey|par
|move|p2a: Chansey|Soft-Boiled|p2a: Chansey
|-fail|p2a: Chansey
|
|turn|172
|c| xJoelituh|Back How are you doing ? :^)
|
|move|p1a: Alakazam|Reflect|p1a: Alakazam
|-fail|p1a: Alakazam
|move|p2a: Chansey|Soft-Boiled|p2a: Chansey
|-fail|p2a: Chansey
|
|turn|173
|c|âdrtdcrt|nearing completion so... I'm pretty great.
|c|âAnybodyAgrees|I have 5 PP
|
|move|p1a: Alakazam|Reflect|p1a: Alakazam
|-fail|p1a: Alakazam
|move|p2a: Chansey|Soft-Boiled|p2a: Chansey
|-fail|p2a: Chansey
|
|turn|174
|c|âdrtdcrt|well, good luck on parahax.
|c|âdrtdcrt|but... reverse.
|
|cant|p1a: Alakazam|par
|cant|p2a: Chansey|par
|
|turn|175
|c|âdrtdcrt|you know what I mean.
|
|move|p1a: Alakazam|Recover|p1a: Alakazam
|-fail|p1a: Alakazam
|move|p2a: Chansey|Soft-Boiled|p2a: Chansey
|-fail|p2a: Chansey
|
|turn|176
|c| Shadowfox8720|lol
|c|âAnybodyAgrees|I need to get para'd every time but 1 before you struggle to your death
|
|cant|p1a: Alakazam|par
|move|p2a: Chansey|Ice Beam|p1a: Alakazam
|-damage|p1a: Alakazam|273\/313 par
|
|turn|177
|
|cant|p1a: Alakazam|par
|cant|p2a: Chansey|par
|
|turn|178
|
|cant|p1a: Alakazam|par
|move|p2a: Chansey|Ice Beam|p1a: Alakazam
|-damage|p1a: Alakazam|229\/313 par
|
|turn|179
|c|âAnybodyAgrees|you've gotten para'd as many times as you've been able to move
|
|move|p1a: Alakazam|Reflect|p1a: Alakazam
|-fail|p1a: Alakazam
|cant|p2a: Chansey|par
|
|turn|180
|c|âAnybodyAgrees|I shit you not
|
|move|p1a: Alakazam|Reflect|p1a: Alakazam
|-fail|p1a: Alakazam
|cant|p2a: Chansey|par
|
|turn|181
|
|move|p1a: Alakazam|Thunder Wave|p2a: Chansey
|-fail|p2a: Chansey|par
|cant|p2a: Chansey|par
|
|turn|182
|c|âdrtdcrt|crazier things have happened. you hear about that woman that won some game in a casino enough to have a small fortune? one in 100 trillion odds.
|
|move|p1a: Alakazam|Reflect|p1a: Alakazam
|-fail|p1a: Alakazam
|move|p2a: Chansey|Soft-Boiled|p2a: Chansey
|-fail|p2a: Chansey
|
|turn|183
|
|move|p1a: Alakazam|Reflect|p1a: Alakazam
|-fail|p1a: Alakazam
|-activate|p2a: Chansey|move: Struggle
|move|p2a: Chansey|Struggle|p1a: Alakazam
|-damage|p1a: Alakazam|210\/313 par
|-damage|p2a: Chansey|694\/703 par|[from] recoil|[of] p1a: Alakazam
|
|turn|184
|
|move|p1a: Alakazam|Recover|p1a: Alakazam
|-heal|p1a: Alakazam|313\/313 par
|-activate|p2a: Chansey|move: Struggle
|move|p2a: Chansey|Struggle|p1a: Alakazam
|-damage|p1a: Alakazam|293\/313 par
|-damage|p2a: Chansey|684\/703 par|[from] recoil|[of] p1a: Alakazam
|
|turn|185
|c|âAnybodyAgrees|can struggle crit?
|c|âAnybodyAgrees|uh, wtf is going on
|c|âAnybodyAgrees|why is it stuck like this
|c|âdrtdcrt|struggle chansey new meta. and I'm not sure. I haven't seen it happen before. Stuck?
|join|JoNiMixPlay
|
|cant|p1a: Alakazam|par
|-activate|p2a: Chansey|move: Struggle
|move|p2a: Chansey|Struggle|p1a: Alakazam
|-damage|p1a: Alakazam|275\/313 par
|-damage|p2a: Chansey|675\/703 par|[from] recoil|[of] p1a: Alakazam
|
|turn|186
|c|âAnybodyAgrees|the "chansey has no moves left" text is stuck on my screen
|
|move|p1a: Alakazam|Reflect|p1a: Alakazam
|-fail|p1a: Alakazam
|-activate|p2a: Chansey|move: Struggle
|move|p2a: Chansey|Struggle|p1a: Alakazam
|-damage|p1a: Alakazam|255\/313 par
|-damage|p2a: Chansey|665\/703 par|[from] recoil|[of] p1a: Alakazam
|
|turn|187
|c| xJoelituh|well
|c|âAnybodyAgrees|struggle crit will do around 25%
|join|Lolazo
|join|Taiy
|c| Shadowfox8720|that one percent struggle damage though
|
|move|p1a: Alakazam|Thunder Wave|p2a: Chansey
|-fail|p2a: Chansey|par
|-activate|p2a: Chansey|move: Struggle
|move|p2a: Chansey|Struggle|p1a: Alakazam
|-damage|p1a: Alakazam|237\/313 par
|-damage|p2a: Chansey|656\/703 par|[from] recoil|[of] p1a: Alakazam
|
|turn|188
|c|âdrtdcrt|probably a result of having only one pokemon.
|c|âdrtdcrt|the text.
|c| Lolazo|Chansey sweeps with struggle
|
|move|p1a: Alakazam|Reflect|p1a: Alakazam
|-fail|p1a: Alakazam
|cant|p2a: Chansey|par
|
|turn|189
|c|âdrtdcrt|If only heal pulse were a thing in gen 1. ;)
|
|move|p1a: Alakazam|Thunder Wave|p2a: Chansey
|-fail|p2a: Chansey|par
|-activate|p2a: Chansey|move: Struggle
|move|p2a: Chansey|Struggle|p1a: Alakazam
|-damage|p1a: Alakazam|217\/313 par
|-damage|p2a: Chansey|646\/703 par|[from] recoil|[of] p1a: Alakazam
|
|turn|190
|c|âAnybodyAgrees|it's been chansey vs. alakazam for like 100 turns
|c| xJoelituh|haha
|
|move|p1a: Alakazam|Thunder Wave|p2a: Chansey
|-fail|p2a: Chansey|par
|-activate|p2a: Chansey|move: Struggle
|move|p2a: Chansey|Struggle|p1a: Alakazam
|-damage|p1a: Alakazam|198\/313 par
|-damage|p2a: Chansey|637\/703 par|[from] recoil|[of] p1a: Alakazam
|
|turn|191
|
|move|p1a: Alakazam|Thunder Wave|p2a: Chansey
|-fail|p2a: Chansey|par
|-activate|p2a: Chansey|move: Struggle
|move|p2a: Chansey|Struggle|p1a: Alakazam
|-damage|p1a: Alakazam|178\/313 par
|-damage|p2a: Chansey|627\/703 par|[from] recoil|[of] p1a: Alakazam
|
|turn|192
|c|âAnybodyAgrees|so struggle crit is not a thing apparently
|c| xJoelituh|Just saying that would be better to change to Starmie to get more damage lol
|c|âdrtdcrt|How much pp do you have on struggle? :p
|c|âAnybodyAgrees|infinite
|
|cant|p1a: Alakazam|par
|-activate|p2a: Chansey|move: Struggle
|move|p2a: Chansey|Struggle|p1a: Alakazam
|-damage|p1a: Alakazam|159\/313 par
|-damage|p2a: Chansey|618\/703 par|[from] recoil|[of] p1a: Alakazam
|
|turn|193
|c|âdrtdcrt|I was kidding.
|c| Shadowfox8720|xD
|
|move|p1a: Alakazam|Recover|p1a: Alakazam
|-heal|p1a: Alakazam|313\/313 par
|-activate|p2a: Chansey|move: Struggle
|move|p2a: Chansey|Struggle|p1a: Alakazam
|-damage|p1a: Alakazam|293\/313 par
|-damage|p2a: Chansey|608\/703 par|[from] recoil|[of] p1a: Alakazam
|
|turn|194
|c|âAnybodyAgrees|struggle supposedly has only 10 PP if hacked into a poke's moveset
|c| Shadowfox8720|Starmie for the kill anyone?
|
|switch|p1a: Starmie|Starmie|237\/323
|-activate|p2a: Chansey|move: Struggle
|move|p2a: Chansey|Struggle|p1a: Starmie
|-crit|p1a: Starmie
|-damage|p1a: Starmie|190\/323
|-damage|p2a: Chansey|585\/703 par|[from] recoil|[of] p1a: Starmie
|
|turn|195
|c|âAnybodyAgrees|let chansey kill itself via struggle
|c| Shadowfox8720|Sure let's for another hour
|
|move|p1a: Starmie|Recover|p1a: Starmie
|-heal|p1a: Starmie|323\/323
|-activate|p2a: Chansey|move: Struggle
|move|p2a: Chansey|Struggle|p1a: Starmie
|-damage|p1a: Starmie|297\/323
|-damage|p2a: Chansey|572\/703 par|[from] recoil|[of] p1a: Starmie
|
|turn|196
|c|âAnybodyAgrees|let's
|c| Shadowfox8720|I'm game
|c|âdrtdcrt|jesus, that'd take like 50 more turns.
|leave|JoNiMixPlay
|
|move|p1a: Starmie|Psychic|p2a: Chansey
|-crit|p2a: Chansey
|-damage|p2a: Chansey|374\/703 par
|-activate|p2a: Chansey|move: Struggle
|move|p2a: Chansey|Struggle|p1a: Starmie
|-damage|p1a: Starmie|273\/323
|-damage|p2a: Chansey|362\/703 par|[from] recoil|[of] p1a: Starmie
|
|turn|197
|
|move|p1a: Starmie|Psychic|p2a: Chansey
|-damage|p2a: Chansey|219\/703 par
|-activate|p2a: Chansey|move: Struggle
|move|p2a: Chansey|Struggle|p1a: Starmie
|-damage|p1a: Starmie|248\/323
|-damage|p2a: Chansey|207\/703 par|[from] recoil|[of] p1a: Starmie
|
|turn|198
|
|move|p1a: Starmie|Psychic|p2a: Chansey
|-crit|p2a: Chansey
|-damage|p2a: Chansey|0 fnt
|faint|p2a: Chansey
|
|win|drtdcrt
|raw|Ladder updating...
|raw|drtdcrt's rating: 1000 &rarr; <strong>1054<\/strong><br \/>(+54 for winning)
|raw|AnybodyAgrees's rating: 1128 &rarr; <strong>1094<\/strong><br \/>(-34 for losing)
|c|âAnybodyAgrees|gg