|join|AnybodyAgrees
|join|With No Survivors
|player|p1|AnybodyAgrees|109
|player|p2|With No Survivors|248
|gametype|singles
|gen|6
|tier|OU
|rated
|clearpoke
|poke|p1|Altaria, F
|poke|p1|Magneton
|poke|p1|Bisharp, F
|poke|p1|Kyurem-Black
|poke|p1|Greninja, M
|poke|p1|Landorus, M
|poke|p2|Clefable, M
|poke|p2|Gyarados, F
|poke|p2|Conkeldurr, F
|poke|p2|Skarmory, F
|poke|p2|Roserade, M
|poke|p2|Kyurem-Black
|rule|Swagger Clause: Swagger is banned
|rule|Baton Pass Clause: Limit one PokÃ©mon knowing Baton Pass
|rule|Sleep Clause Mod: Limit one foe put to sleep
|rule|Species Clause: Limit one of each PokÃ©mon
|rule|OHKO Clause: OHKO moves are banned
|rule|Moody Clause: Moody is banned
|rule|Evasion Moves Clause: Evasion moves are banned
|rule|Endless Battle Clause: Forcing endless battles is banned
|rule|HP Percentage Mod: HP is shown in percentages
|teampreview
|
|start
|switch|p1a: Landorus|Landorus, M|319\/319
|switch|p2a: Roserade|Roserade, M|262\/262
|turn|1
|
|switch|p2a: Skarmory|Skarmory, F|334\/334
|move|p1a: Landorus|Earth Power|p2a: Skarmory
|-immune|p2a: Skarmory|[msg]
|
|turn|2
|
|switch|p1a: Magneton|Magneton|242\/242
|move|p2a: Skarmory|Stealth Rock|p1a: Magneton
|-sidestart|p1: AnybodyAgrees|move: Stealth Rock
|
|turn|3
|
|move|p1a: Magneton|Thunderbolt|p2a: Skarmory
|-supereffective|p2a: Skarmory
|-activate|p2a: Skarmory|Sturdy
|-damage|p2a: Skarmory|1\/334
|move|p2a: Skarmory|Whirlwind|p1a: Magneton
|drag|p1a: Landorus|Landorus, M|319\/319
|-damage|p1a: Landorus|280\/319|[from] Stealth Rock
|
|turn|4
|
|move|p1a: Landorus|Stealth Rock|p2a: Skarmory
|-sidestart|p2: With No Survivors|move: Stealth Rock
|move|p2a: Skarmory|Whirlwind|p1a: Landorus
|drag|p1a: Kyurem-Black|Kyurem-Black|391\/391
|-damage|p1a: Kyurem-Black|294\/391|[from] Stealth Rock
|-ability|p1a: Kyurem-Black|Teravolt
|
|turn|5
|
|switch|p2a: Clefable|Clefable, M|394\/394
|move|p1a: Kyurem-Black|Fusion Bolt|p2a: Clefable
|-damage|p2a: Clefable|167\/394
|
|-heal|p2a: Clefable|191\/394|[from] item: Leftovers
|turn|6
|
|switch|p2a: Skarmory|Skarmory, F|1\/334
|-damage|p2a: Skarmory|0 fnt|[from] Stealth Rock
|faint|p2a: Skarmory
|move|p1a: Kyurem-Black|Fusion Bolt|p2: Skarmory|[notarget]
|-notarget
|
|
|switch|p2a: Conkeldurr|Conkeldurr, F|414\/414
|-damage|p2a: Conkeldurr|389\/414|[from] Stealth Rock
|turn|7
|
|switch|p1a: Landorus|Landorus, M|280\/319
|-damage|p1a: Landorus|241\/319|[from] Stealth Rock
|move|p2a: Conkeldurr|Ice Punch|p1a: Landorus
|-supereffective|p1a: Landorus
|-damage|p1a: Landorus|0 fnt
|faint|p1a: Landorus
|
|
|switch|p1a: Altaria|Altaria, F|291\/291
|-damage|p1a: Altaria|219\/291|[from] Stealth Rock
|turn|8
|
|detailschange|p1a: Altaria|Altaria-Mega, F
|message|Altaria has Mega Evolved into Mega Altaria!
|move|p1a: Altaria|Dragon Dance|p1a: Altaria
|-boost|p1a: Altaria|atk|1
|-boost|p1a: Altaria|spe|1
|move|p2a: Conkeldurr|Ice Punch|p1a: Altaria
|-supereffective|p1a: Altaria
|-damage|p1a: Altaria|29\/291
|
|turn|9
|
|move|p1a: Altaria|Roost|p1a: Altaria
|-heal|p1a: Altaria|175\/291
|move|p2a: Conkeldurr|Ice Punch|p1a: Altaria
|-supereffective|p1a: Altaria
|-damage|p1a: Altaria|0 fnt
|faint|p1a: Altaria
|
|
|switch|p1a: Kyurem-Black|Kyurem-Black|294\/391
|-damage|p1a: Kyurem-Black|197\/391|[from] Stealth Rock
|-ability|p1a: Kyurem-Black|Teravolt
|turn|10
|c|âAnybodyAgrees|why the fuk didn't you go for mach punch?
|
|move|p1a: Kyurem-Black|Iron Head|p2a: Conkeldurr
|-damage|p2a: Conkeldurr|199\/414
|move|p2a: Conkeldurr|Drain Punch|p1a: Kyurem-Black
|-supereffective|p1a: Kyurem-Black
|-damage|p1a: Kyurem-Black|0 fnt
|-heal|p2a: Conkeldurr|298\/414|[from] drain|[of] p1a: Kyurem-Black
|faint|p1a: Kyurem-Black
|
|
|switch|p1a: Greninja|Greninja, M|285\/285
|-damage|p1a: Greninja|250\/285|[from] Stealth Rock
|turn|11
|c|âWith No Survivors|because it was obvious
|
|move|p2a: Conkeldurr|Mach Punch|p1a: Greninja
|-supereffective|p1a: Greninja
|-damage|p1a: Greninja|8\/285
|move|p1a: Greninja|Gunk Shot|p2a: Conkeldurr
|-start|p1a: Greninja|typechange|Poison|[from] Protean
|-damage|p2a: Conkeldurr|113\/414
|-status|p2a: Conkeldurr|psn
|-damage|p1a: Greninja|0 fnt|[from] item: Life Orb
|faint|p1a: Greninja
|
|-damage|p2a: Conkeldurr|62\/414 psn|[from] psn
|c|âAnybodyAgrees|you lacked any priority, you'd get rekt without conk
|
|switch|p1a: Bisharp|Bisharp, F|272\/272
|-damage|p1a: Bisharp|255\/272|[from] Stealth Rock
|turn|12
|
|move|p1a: Bisharp|Sucker Punch|p2a: Conkeldurr
|-resisted|p2a: Conkeldurr
|-damage|p2a: Conkeldurr|0 fnt
|-damage|p1a: Bisharp|228\/272|[from] item: Life Orb
|faint|p2a: Conkeldurr
|
|
|switch|p2a: Kyurem-Black|Kyurem-Black|454\/454
|-damage|p2a: Kyurem-Black|341\/454|[from] Stealth Rock
|-ability|p2a: Kyurem-Black|Teravolt
|turn|13
|
|switch|p1a: Magneton|Magneton|242\/242
|-damage|p1a: Magneton|227\/242|[from] Stealth Rock
|move|p2a: Kyurem-Black|Earth Power|p1a: Magneton
|-supereffective|p1a: Magneton
|-damage|p1a: Magneton|0 fnt
|-damage|p2a: Kyurem-Black|296\/454|[from] item: Life Orb
|faint|p1a: Magneton
|
|
|switch|p1a: Bisharp|Bisharp, F|228\/272
|-damage|p1a: Bisharp|211\/272|[from] Stealth Rock
|turn|14
|
|move|p1a: Bisharp|Sucker Punch|p2a: Kyurem-Black
|-fail|p2a: Kyurem-Black
|move|p2a: Kyurem-Black|Roost|p2a: Kyurem-Black
|-heal|p2a: Kyurem-Black|454\/454
|
|turn|15
|
|move|p1a: Bisharp|Sucker Punch|p2a: Kyurem-Black
|-damage|p2a: Kyurem-Black|247\/454
|-damage|p1a: Bisharp|184\/272|[from] item: Life Orb
|move|p2a: Kyurem-Black|Earth Power|p1a: Bisharp
|-supereffective|p1a: Bisharp
|-damage|p1a: Bisharp|0 fnt
|-damage|p2a: Kyurem-Black|202\/454|[from] item: Life Orb
|faint|p1a: Bisharp
|
|win|With No Survivors
|raw|Ladder updating...
|c|âWith No Survivors|gg
|c|âAnybodyAgrees|gg
|leave|AnybodyAgrees
|player|p1
|raw|AnybodyAgrees's rating: 1537 &rarr; <strong>1519<\/strong><br \/>(-18 for losing)
|raw|With No Survivors's rating: 1559 &rarr; <strong>1578<\/strong><br \/>(+19 for winning)