|join|The name's Alexey
|join|AnybodyAgrees
|player|p1|The name's Alexey|238
|player|p2|AnybodyAgrees|109
|gametype|singles
|gen|6
|tier|OU
|clearpoke
|poke|p1|Sceptile, M
|poke|p1|Cacturne, F
|poke|p1|Ludicolo, M
|poke|p1|Breloom, F
|poke|p1|Whimsicott, M
|poke|p1|Ferrothorn, F
|poke|p2|Golurk
|poke|p2|Doublade, F
|poke|p2|Froslass, F
|poke|p2|Sableye, F
|poke|p2|Chandelure, F
|poke|p2|Gengar, F
|rule|Swagger Clause: Swagger is banned
|rule|Baton Pass Clause: Limit one PokÃ©mon knowing Baton Pass
|rule|Sleep Clause Mod: Limit one foe put to sleep
|rule|Species Clause: Limit one of each PokÃ©mon
|rule|OHKO Clause: OHKO moves are banned
|rule|Moody Clause: Moody is banned
|rule|Evasion Moves Clause: Evasion moves are banned
|rule|Endless Battle Clause: Forcing endless battles is banned
|rule|HP Percentage Mod: HP is shown in percentages
|teampreview
|join|Glory Blaze
|c| Glory Blaze|wait crap
|
|start
|switch|p1a: Breloom|Breloom, F|261\/261
|switch|p2a: Froslass|Froslass, F|282\/282
|turn|1
|c| Glory Blaze|did either of you grab the replay
|c|âAnybodyAgrees|n
|c| Glory Blaze|for that
|c|âThe name's Alexey|No
|c|âAnybodyAgrees|just say you 6-0'd me
|c| Glory Blaze|k
|
|move|p2a: Froslass|Spikes|p1a: Breloom
|-sidestart|p1: The name's Alexey|Spikes
|move|p1a: Breloom|Bullet Seed|p2a: Froslass
|-damage|p2a: Froslass|169\/282
|-damage|p2a: Froslass|51\/282
|-start|p1a: Breloom|Disable|Bullet Seed
|-crit|p2a: Froslass
|-damage|p2a: Froslass|0 fnt
|-hitcount|p2a: Froslass|3
|-damage|p1a: Breloom|235\/261|[from] item: Life Orb
|faint|p2a: Froslass
|
|
|switch|p2a: Gengar|Gengar, F|262\/262
|turn|2
|leave|Glory Blaze
|join|Glory Blaze
|
|switch|p1a: Ludicolo|Ludicolo, M|364\/364
|-damage|p1a: Ludicolo|319\/364|[from] Spikes
|move|p2a: Gengar|Substitute|p2a: Gengar
|-start|p2a: Gengar|Substitute
|-damage|p2a: Gengar|197\/262
|
|-heal|p2a: Gengar|213\/262|[from] item: Black Sludge
|-heal|p1a: Ludicolo|341\/364|[from] item: Leftovers
|turn|3
|
|move|p2a: Gengar|Sludge Bomb|p1a: Ludicolo
|-supereffective|p1a: Ludicolo
|-damage|p1a: Ludicolo|107\/364
|move|p1a: Ludicolo|Scald|p2a: Gengar
|-end|p2a: Gengar|Substitute
|
|-heal|p2a: Gengar|229\/262|[from] item: Black Sludge
|-heal|p1a: Ludicolo|129\/364|[from] item: Leftovers
|turn|4
|
|move|p2a: Gengar|Sludge Bomb|p1a: Ludicolo
|-supereffective|p1a: Ludicolo
|-damage|p1a: Ludicolo|0 fnt
|faint|p1a: Ludicolo
|
|-heal|p2a: Gengar|245\/262|[from] item: Black Sludge
|
|switch|p1a: Sceptile|Sceptile, M|281\/281
|-damage|p1a: Sceptile|246\/281|[from] Spikes
|turn|5
|
|switch|p2a: Doublade|Doublade, F|322\/322
|detailschange|p1a: Sceptile|Sceptile-Mega, M
|message|Sceptile has Mega Evolved into Mega Sceptile!
|move|p1a: Sceptile|Dragon Pulse|p2a: Doublade
|-resisted|p2a: Doublade
|-damage|p2a: Doublade|230\/322
|
|turn|6
|c|âAnybodyAgrees|inb4 HP Fire
|
|switch|p1a: Ferrothorn|Ferrothorn, F|352\/352
|-damage|p1a: Ferrothorn|308\/352|[from] Spikes
|move|p2a: Doublade|Gyro Ball|p1a: Ferrothorn
|-resisted|p1a: Ferrothorn
|-damage|p1a: Ferrothorn|300\/352
|-damage|p2a: Doublade|190\/322|[from] ability: Iron Barbs|[of] p1a: Ferrothorn
|
|turn|7
|c| Glory Blaze|i thought they ran rock
|c| Glory Blaze|or focus blast
|c|âAnybodyAgrees|well they probably do
|c|âThe name's Alexey|I've seen Rock, Ice, Fire, and Focus Blast
|c|âThe name's Alexey|And mixed
|c|âAnybodyAgrees|I've never used sceptile outside of in-game
|c| Glory Blaze|giga drain\/leaf storm, focus blast, dragon pulse, sub\/eq is what i usually see on the ladder
|
|switch|p2a: Sableye|Sableye, F|304\/304
|move|p1a: Ferrothorn|Leech Seed|p2a: Sableye
|-start|p2a: Sableye|move: Leech Seed
|
|-damage|p2a: Sableye|266\/304|[from] Leech Seed|[of] p1a: Ferrothorn
|-heal|p1a: Ferrothorn|338\/352|[silent]
|turn|8
|
|switch|p2a: Chandelure|Chandelure, F|261\/261
|switch|p1a: Whimsicott|Whimsicott, M|261\/261
|-damage|p1a: Whimsicott|229\/261|[from] Spikes
|
|turn|9
|
|switch|p1a: Breloom|Breloom, F|235\/261
|-damage|p1a: Breloom|203\/261|[from] Spikes
|move|p2a: Chandelure|Fire Blast|p1a: Breloom
|-supereffective|p1a: Breloom
|-damage|p1a: Breloom|0 fnt
|faint|p1a: Breloom
|
|
|switch|p1a: Cacturne|Cacturne, F|344\/344
|-damage|p1a: Cacturne|301\/344|[from] Spikes
|turn|10
|
|switch|p2a: Sableye|Sableye, F|266\/304
|switch|p1a: Whimsicott|Whimsicott, M|229\/261
|-damage|p1a: Whimsicott|197\/261|[from] Spikes
|
|turn|11
|c| Glory Blaze|the plays are real
|
|switch|p2a: Gengar|Gengar, F|245\/262
|move|p1a: Whimsicott|Moonblast|p2a: Gengar
|-resisted|p2a: Gengar
|-damage|p2a: Gengar|117\/262
|
|-heal|p2a: Gengar|133\/262|[from] item: Black Sludge
|turn|12
|c|âAnybodyAgrees|that has to be specs
|c| Glory Blaze|was that a low roll
|c| Glory Blaze|or high?
|c| Glory Blaze|the next one might kil
|c|âAnybodyAgrees|that was a high roll
|
|switch|p1a: Ferrothorn|Ferrothorn, F|338\/352
|-damage|p1a: Ferrothorn|294\/352|[from] Spikes
|move|p2a: Gengar|Sludge Bomb|p1a: Ferrothorn
|-immune|p1a: Ferrothorn|[msg]
|
|-heal|p2a: Gengar|149\/262|[from] item: Black Sludge
|turn|13
|c| Glory Blaze|252+ SpA Choice Specs Whimsicott Moonblast vs. 28 HP \/ 80 SpD Gengar: 103-122 (38.4 - 45.5%) -- guaranteed 3HKO after Black Sludge recovery
|c| Glory Blaze|that was impossible
|c|âAnybodyAgrees|I run no bulk
|c| Glory Blaze|oh
|
|switch|p2a: Sableye|Sableye, F|266\/304
|switch|p1a: Cacturne|Cacturne, F|301\/344
|-damage|p1a: Cacturne|258\/344|[from] Spikes
|
|turn|14
|c| Glory Blaze|252+ SpA Choice Specs Whimsicott Moonblast vs. 0 HP \/ 0 SpD Gengar: 114-135 (43.6 - 51.7%) -- guaranteed 3HKO after Black Sludge recovery
|c| Glory Blaze|ok much better
|
|switch|p1a: Whimsicott|Whimsicott, M|197\/261
|-damage|p1a: Whimsicott|165\/261|[from] Spikes
|move|p2a: Sableye|Will-O-Wisp|p1a: Whimsicott
|-status|p1a: Whimsicott|brn
|
|-damage|p1a: Whimsicott|133\/261 brn|[from] brn
|turn|15
|
|switch|p2a: Doublade|Doublade, F|190\/322
|move|p1a: Whimsicott|Shadow Ball|p2a: Doublade
|-supereffective|p2a: Doublade
|-damage|p2a: Doublade|0 fnt
|faint|p2a: Doublade
|
|-damage|p1a: Whimsicott|101\/261 brn|[from] brn
|
|switch|p2a: Gengar|Gengar, F|149\/262
|turn|16
|
|move|p2a: Gengar|Substitute|p2a: Gengar
|-start|p2a: Gengar|Substitute
|-damage|p2a: Gengar|84\/262
|move|p1a: Whimsicott|Shadow Ball|p2a: Gengar
|-supereffective|p2a: Gengar
|-damage|p2a: Gengar|0 fnt
|faint|p2a: Gengar
|
|-damage|p1a: Whimsicott|69\/261 brn|[from] brn
|c|âAnybodyAgrees|forgot infiltrator, am idiot
|
|switch|p2a: Chandelure|Chandelure, F|261\/261
|turn|17
|c| Glory Blaze|still was a nice play
|c| Glory Blaze|predicting the sub
|c| Glory Blaze|since he's modest he doesn't outspeed
|c|âThe name's Alexey|As long as Sableye is around in the metagame, I cannot afford any Prankster shenanigans
|c|âAnybodyAgrees|he was probably predicting double into chandelure
|c|âThe name's Alexey|I was predicting either a sub or a double into something - anything would\/ve died and Sableye would've taken a good chunk
|c| Glory Blaze|yeah when i saw aa's team i knew that basically his only shot to win was meye and i was kicking myself for not packing fairy coverage
|c| Glory Blaze|of course, i can't use mabsol alongside meye
|c| Glory Blaze|so there's not too many options in that regard
|
|switch|p1a: Ferrothorn|Ferrothorn, F|294\/352
|-damage|p1a: Ferrothorn|250\/352|[from] Spikes
|move|p2a: Chandelure|Fire Blast|p1a: Ferrothorn
|-supereffective|p1a: Ferrothorn
|-damage|p1a: Ferrothorn|0 fnt
|faint|p1a: Ferrothorn
|
|
|switch|p1a: Cacturne|Cacturne, F|258\/344
|-damage|p1a: Cacturne|215\/344|[from] Spikes
|turn|18
|c| Glory Blaze|i think that may be gg
|
|switch|p2a: Sableye|Sableye, F|266\/304
|move|p1a: Cacturne|Sucker Punch|p2a: Sableye
|-fail|p2a: Sableye
|
|turn|19
|c| Glory Blaze|unless you're sd lum or something
|c|âThe name's Alexey|It wasn't, but now it is
|c|âAnybodyAgrees|so long as I don't make any stupid plays, yeah
|
|move|p2a: Sableye|Will-O-Wisp|p1a: Cacturne
|-status|p1a: Cacturne|brn
|move|p1a: Cacturne|Swords Dance|p1a: Cacturne
|-boost|p1a: Cacturne|atk|2
|
|-damage|p1a: Cacturne|172\/344 brn|[from] brn
|turn|20
|
|move|p2a: Sableye|Calm Mind|p2a: Sableye
|-boost|p2a: Sableye|spa|1
|-boost|p2a: Sableye|spd|1
|move|p1a: Cacturne|Swords Dance|p1a: Cacturne
|-boost|p1a: Cacturne|atk|2
|
|-damage|p1a: Cacturne|129\/344 brn|[from] brn
|turn|21
|
|move|p1a: Cacturne|Seed Bomb|p2a: Sableye
|-damage|p2a: Sableye|85\/304
|move|p2a: Sableye|Dark Pulse|p1a: Cacturne
|-resisted|p1a: Cacturne
|-damage|p1a: Cacturne|59\/344 brn
|
|-damage|p1a: Cacturne|16\/344 brn|[from] brn
|turn|22
|
|move|p2a: Sableye|Recover|p2a: Sableye
|-heal|p2a: Sableye|237\/304
|move|p1a: Cacturne|Seed Bomb|p2a: Sableye
|-damage|p2a: Sableye|62\/304
|
|-damage|p1a: Cacturne|0 fnt|[from] brn
|faint|p1a: Cacturne
|
|switch|p1a: Whimsicott|Whimsicott, M|69\/261 brn
|-damage|p1a: Whimsicott|37\/261 brn|[from] Spikes
|turn|23
|
|switch|p2a: Golurk|Golurk|382\/382
|move|p1a: Whimsicott|Moonblast|p2a: Golurk
|-damage|p2a: Golurk|157\/382
|
|-damage|p1a: Whimsicott|5\/261 brn|[from] brn
|turn|24
|c|âThe name's Alexey|Is Chandelure scarf or specs?
|c|âAnybodyAgrees|scarf
|c|âThe name's Alexey|gg then
|
|move|p1a: Whimsicott|Moonblast|p2a: Golurk
|-damage|p2a: Golurk|0 fnt
|faint|p2a: Golurk
|
|-damage|p1a: Whimsicott|0 fnt|[from] brn
|faint|p1a: Whimsicott
|c|âAnybodyAgrees|gg
|
|switch|p1a: Sceptile|Sceptile-Mega, M|246\/281
|switch|p2a: Sableye|Sableye, F|62\/304
|-damage|p1a: Sceptile|211\/281|[from] Spikes
|turn|25
|c| Glory Blaze|good match
|
|move|p2a: Sableye|Will-O-Wisp|p1a: Sceptile|[miss]
|-miss|p2a: Sableye|p1a: Sceptile
|move|p1a: Sceptile|Giga Drain|p2a: Sableye
|-damage|p2a: Sableye|0 fnt
|-heal|p1a: Sceptile|242\/281|[from] drain|[of] p2a: Sableye
|faint|p2a: Sableye
|
|c| Glory Blaze|you both played really well even though there was a pretty big matchup issue
|
|switch|p2a: Chandelure|Chandelure, F|261\/261
|turn|26
|c|âThe name's Alexey|I outspeed
|c|âThe name's Alexey|Holy shit
|c| Glory Blaze|wait are you max
|c| Glory Blaze|not 172
|c|âThe name's Alexey|Yeah, I'm timid
|c| Glory Blaze|holy crap
|c|âThe name's Alexey|I won't OHKO tho
|c| Glory Blaze|can you kill?
|c|âThe name's Alexey|I think
|c| Glory Blaze|fblast miss?
|c|âAnybodyAgrees|I don't think fire blast kills
|c| Glory Blaze|hot damn
|c| Glory Blaze|this is intense
|c|âThe name's Alexey|One sec, I'm running a calc
|c|âAnybodyAgrees|this doesn't kill
|c|âThe name's Alexey|Yeah, nothing kills
|c|âThe name's Alexey|Welp, I have a 15% chance of winning :D
|c| Glory Blaze|probably higher
|c|âThe name's Alexey|Wait
|c|âAnybodyAgrees|that will-o miss screwed me
|c| Glory Blaze|with crits and misses factored in
|
|move|p1a: Sceptile|Substitute|p1a: Sceptile
|-start|p1a: Sceptile|Substitute
|-damage|p1a: Sceptile|172\/281
|move|p2a: Chandelure|Fire Blast|p1a: Sceptile|[miss]
|-miss|p2a: Chandelure|p1a: Sceptile
|
|turn|27
|c|âThe name's Alexey|YEAH
|c| Glory Blaze|there it is
|c| Glory Blaze|gg
|c|âThe name's Alexey|I forgot I could do that
|
|move|p1a: Sceptile|Dragon Pulse|p2a: Chandelure
|-damage|p2a: Chandelure|92\/261
|move|p2a: Chandelure|Fire Blast|p1a: Sceptile
|-end|p1a: Sceptile|Substitute
|
|turn|28
|
|move|p1a: Sceptile|Dragon Pulse|p2a: Chandelure
|-damage|p2a: Chandelure|0 fnt
|faint|p2a: Chandelure
|
|win|The name's Alexey
|c|âThe name's Alexey|GG
|c| Glory Blaze|damn
|c|âAnybodyAgrees|gg
|c| Glory Blaze|that was a really good game
|c|âAnybodyAgrees|I saved replay, be sure to retrieveit
|leave|AnybodyAgrees
|player|p2
|c|âThe name's Alexey|I'm saving the replay
|c| Glory Blaze|i got it too