|join|AnybodyAgrees
|join|Zantetzuken
|player|p1|AnybodyAgrees|109
|player|p2|Zantetzuken|161
|gametype|singles
|gen|6
|tier|OU (suspect test)
|rated
|clearpoke
|poke|p1|Politoed, M
|poke|p1|Swampert, F
|poke|p1|Thundurus-Therian, M
|poke|p1|Kingdra, F
|poke|p1|Ferrothorn, F
|poke|p1|Latios, M
|poke|p2|Gyarados, M
|poke|p2|Raikou
|poke|p2|Landorus-Therian, M
|poke|p2|Starmie
|poke|p2|Scizor, F
|poke|p2|Conkeldurr, F
|rule|Swagger Clause: Swagger is banned
|rule|Baton Pass Clause: Limit one PokÃ©mon knowing Baton Pass
|rule|Sleep Clause Mod: Limit one foe put to sleep
|rule|Species Clause: Limit one of each PokÃ©mon
|rule|OHKO Clause: OHKO moves are banned
|rule|Moody Clause: Moody is banned
|rule|Evasion Moves Clause: Evasion moves are banned
|rule|Endless Battle Clause: Forcing endless battles is banned
|rule|HP Percentage Mod: HP is shown in percentages
|teampreview
|
|start
|switch|p1a: Ferrothorn|Ferrothorn, F|352\/352
|switch|p2a: Gyarados|Gyarados, M|353\/353
|-ability|p2a: Gyarados|Intimidate|[of] p1a: Ferrothorn
|-unboost|p1a: Ferrothorn|atk|1
|turn|1
|
|move|p2a: Gyarados|Substitute|p2a: Gyarados
|-start|p2a: Gyarados|Substitute
|-damage|p2a: Gyarados|265\/353
|move|p1a: Ferrothorn|Power Whip|p2a: Gyarados
|-activate|p2a: Gyarados|Substitute|[damage]
|
|-heal|p2a: Gyarados|287\/353|[from] item: Leftovers
|turn|2
|
|switch|p1a: Politoed|Politoed, M|383\/383
|-weather|RainDance
|move|p2a: Gyarados|Dragon Dance|p2a: Gyarados
|-boost|p2a: Gyarados|atk|1
|-boost|p2a: Gyarados|spe|1
|
|-weather|RainDance|[upkeep]
|-heal|p2a: Gyarados|309\/353|[from] item: Leftovers
|turn|3
|
|move|p2a: Gyarados|Waterfall|p1a: Politoed
|-resisted|p1a: Politoed
|-damage|p1a: Politoed|227\/383
|move|p1a: Politoed|Encore|p2a: Gyarados
|-start|p2a: Gyarados|Encore
|
|-weather|RainDance|[upkeep]
|-heal|p2a: Gyarados|331\/353|[from] item: Leftovers
|turn|4
|
|switch|p1a: Kingdra|Kingdra, F|298\/298
|move|p2a: Gyarados|Waterfall|p1a: Kingdra
|-resisted|p1a: Kingdra
|-damage|p1a: Kingdra|232\/298
|
|-weather|RainDance|[upkeep]
|-heal|p2a: Gyarados|353\/353|[from] item: Leftovers
|turn|5
|
|move|p1a: Kingdra|Scald|p2a: Gyarados
|-resisted|p2a: Gyarados
|-end|p2a: Gyarados|Substitute
|move|p2a: Gyarados|Waterfall|p1a: Kingdra
|-resisted|p1a: Kingdra
|-damage|p1a: Kingdra|166\/298
|
|-weather|RainDance|[upkeep]
|turn|6
|
|switch|p2a: Conkeldurr|Conkeldurr, F|353\/353
|move|p1a: Kingdra|Scald|p2a: Conkeldurr
|-damage|p2a: Conkeldurr|160\/353
|
|-weather|RainDance|[upkeep]
|turn|7
|
|move|p1a: Kingdra|Scald|p2a: Conkeldurr
|-damage|p2a: Conkeldurr|0 fnt
|faint|p2a: Conkeldurr
|
|-weather|RainDance|[upkeep]
|
|switch|p2a: Starmie|Starmie|261\/261
|turn|8
|
|switch|p1a: Ferrothorn|Ferrothorn, F|352\/352
|move|p2a: Starmie|Recover|p2a: Starmie
|-fail|p2a: Starmie
|
|-weather|RainDance|[upkeep]
|turn|9
|
|move|p2a: Starmie|Hydro Pump|p1a: Ferrothorn|[miss]
|-miss|p2a: Starmie|p1a: Ferrothorn
|move|p1a: Ferrothorn|Leech Seed|p2a: Starmie
|-start|p2a: Starmie|move: Leech Seed
|
|-weather|none
|-damage|p2a: Starmie|229\/261|[from] Leech Seed|[of] p1a: Ferrothorn
|turn|10
|
|switch|p2a: Gyarados|Gyarados, M|353\/353
|-ability|p2a: Gyarados|Intimidate|[of] p1a: Ferrothorn
|-unboost|p1a: Ferrothorn|atk|1
|move|p1a: Ferrothorn|Stealth Rock|p2a: Gyarados
|-sidestart|p2: Zantetzuken|move: Stealth Rock
|
|turn|11
|
|switch|p1a: Politoed|Politoed, M|227\/383
|-weather|RainDance
|move|p2a: Gyarados|Substitute|p2a: Gyarados
|-start|p2a: Gyarados|Substitute
|-damage|p2a: Gyarados|265\/353
|
|-weather|RainDance|[upkeep]
|-heal|p2a: Gyarados|287\/353|[from] item: Leftovers
|turn|12
|
|move|p2a: Gyarados|Bounce|p1a: Politoed|[still]
|-prepare|p2a: Gyarados|Bounce|p1a: Politoed
|move|p1a: Politoed|Encore|p2a: Gyarados|[miss]
|-miss|p1a: Politoed|p2a: Gyarados
|
|-weather|RainDance|[upkeep]
|-heal|p2a: Gyarados|309\/353|[from] item: Leftovers
|turn|13
|
|switch|p1a: Thundurus-Therian|Thundurus-Therian, M|299\/299
|move|p2a: Gyarados|Bounce|p1a: Thundurus-Therian
|-resisted|p1a: Thundurus-Therian
|-damage|p1a: Thundurus-Therian|221\/299
|
|-weather|RainDance|[upkeep]
|-heal|p2a: Gyarados|331\/353|[from] item: Leftovers
|turn|14
|
|move|p1a: Thundurus-Therian|Volt Switch|p2a: Gyarados
|-supereffective|p2a: Gyarados
|-end|p2a: Gyarados|Substitute
|-damage|p1a: Thundurus-Therian|192\/299|[from] item: Life Orb
|
|switch|p1a: Ferrothorn|Ferrothorn, F|352\/352
|move|p2a: Gyarados|Substitute|p2a: Gyarados
|-start|p2a: Gyarados|Substitute
|-damage|p2a: Gyarados|243\/353
|
|-weather|RainDance|[upkeep]
|-heal|p2a: Gyarados|265\/353|[from] item: Leftovers
|turn|15
|
|move|p2a: Gyarados|Dragon Dance|p2a: Gyarados
|-boost|p2a: Gyarados|atk|1
|-boost|p2a: Gyarados|spe|1
|move|p1a: Ferrothorn|Power Whip|p2a: Gyarados
|-end|p2a: Gyarados|Substitute
|
|-weather|RainDance|[upkeep]
|-heal|p2a: Gyarados|287\/353|[from] item: Leftovers
|turn|16
|
|move|p2a: Gyarados|Substitute|p2a: Gyarados
|-start|p2a: Gyarados|Substitute
|-damage|p2a: Gyarados|199\/353
|move|p1a: Ferrothorn|Power Whip|p2a: Gyarados
|-end|p2a: Gyarados|Substitute
|
|-weather|RainDance|[upkeep]
|-heal|p2a: Gyarados|221\/353|[from] item: Leftovers
|turn|17
|
|move|p2a: Gyarados|Substitute|p2a: Gyarados
|-start|p2a: Gyarados|Substitute
|-damage|p2a: Gyarados|133\/353
|move|p1a: Ferrothorn|Power Whip|p2a: Gyarados
|-end|p2a: Gyarados|Substitute
|
|-weather|RainDance|[upkeep]
|-heal|p2a: Gyarados|155\/353|[from] item: Leftovers
|turn|18
|c|âAnybodyAgrees|What's the EV spread to prevent me from breaking your sub?
|c|âZantetzuken|144 bold i think
|c|âZantetzuken|and 88 hp
|
|switch|p2a: Landorus-Therian|Landorus-Therian, M|382\/382
|-damage|p2a: Landorus-Therian|335\/382|[from] Stealth Rock
|-ability|p2a: Landorus-Therian|Intimidate|[of] p1a: Ferrothorn
|-unboost|p1a: Ferrothorn|atk|1
|move|p1a: Ferrothorn|Power Whip|p2a: Landorus-Therian
|-damage|p2a: Landorus-Therian|269\/382
|
|-weather|none
|-heal|p2a: Landorus-Therian|292\/382|[from] item: Leftovers
|turn|19
|
|switch|p1a: Swampert|Swampert, F|349\/349
|move|p2a: Landorus-Therian|Stealth Rock|p1a: Swampert
|-sidestart|p1: AnybodyAgrees|move: Stealth Rock
|
|-heal|p2a: Landorus-Therian|315\/382|[from] item: Leftovers
|turn|20
|
|detailschange|p1a: Swampert|Swampert-Mega, F
|-mega|p1a: Swampert|Swampert|Swampertite
|move|p2a: Landorus-Therian|Earthquake|p1a: Swampert
|-damage|p1a: Swampert|208\/349
|move|p1a: Swampert|Ice Punch|p2a: Landorus-Therian
|-crit|p2a: Landorus-Therian
|-supereffective|p2a: Landorus-Therian
|-damage|p2a: Landorus-Therian|0 fnt
|faint|p2a: Landorus-Therian
|
|
|switch|p2a: Starmie|Starmie|229\/261
|-damage|p2a: Starmie|197\/261|[from] Stealth Rock
|turn|21
|
|switch|p1a: Ferrothorn|Ferrothorn, F|352\/352
|-damage|p1a: Ferrothorn|330\/352|[from] Stealth Rock
|move|p2a: Starmie|Hydro Pump|p1a: Ferrothorn
|-resisted|p1a: Ferrothorn
|-damage|p1a: Ferrothorn|251\/352
|-damage|p2a: Starmie|171\/261|[from] item: Life Orb
|
|-heal|p1a: Ferrothorn|273\/352|[from] item: Leftovers
|turn|22
|
|move|p2a: Starmie|Rapid Spin|p1a: Ferrothorn
|-crit|p1a: Ferrothorn
|-resisted|p1a: Ferrothorn
|-damage|p1a: Ferrothorn|264\/352
|-damage|p2a: Starmie|139\/261|[from] ability: Iron Barbs|[of] p1a: Ferrothorn
|-sideend|p2: Zantetzuken|Stealth Rock|[from] move: Rapid Spin|[of] p2a: Starmie
|-damage|p2a: Starmie|113\/261|[from] item: Life Orb
|move|p1a: Ferrothorn|Leech Seed|p2a: Starmie
|-start|p2a: Starmie|move: Leech Seed
|
|-heal|p1a: Ferrothorn|286\/352|[from] item: Leftovers
|-damage|p2a: Starmie|81\/261|[from] Leech Seed|[of] p1a: Ferrothorn
|-heal|p1a: Ferrothorn|318\/352|[silent]
|turn|23
|c|âZantetzuken|you run attack on this?
|c|âAnybodyAgrees|no
|
|switch|p2a: Scizor|Scizor, F|289\/289
|move|p1a: Ferrothorn|Power Whip|p2a: Scizor
|-resisted|p2a: Scizor
|-damage|p2a: Scizor|256\/289
|
|-heal|p1a: Ferrothorn|340\/352|[from] item: Leftovers
|turn|24
|c|âAnybodyAgrees|misclick
|c|âZantetzuken|then the cals are flat out lying
|c|âAnybodyAgrees|meant to go for leech seed
|c|âZantetzuken|either that or your lucky ^^
|c|âAnybodyAgrees|I wasn't at -1
|
|switch|p1a: Politoed|Politoed, M|227\/383
|-damage|p1a: Politoed|180\/383|[from] Stealth Rock
|-weather|RainDance
|move|p2a: Scizor|Superpower|p1a: Politoed
|-damage|p1a: Politoed|0 fnt
|-unboost|p2a: Scizor|atk|1
|-unboost|p2a: Scizor|def|1
|faint|p1a: Politoed
|
|-weather|RainDance|[upkeep]
|c|âZantetzuken|zhe calcs dont consider that
|c|âAnybodyAgrees|remove intimidate
|c|âZantetzuken|ohhhh
|c|âZantetzuken|oh
|c|âZantetzuken|damn
|c|âZantetzuken|gyara you suck
|
|switch|p1a: Swampert|Swampert-Mega, F|208\/349
|-damage|p1a: Swampert|187\/349|[from] Stealth Rock
|turn|25
|
|move|p1a: Swampert|Waterfall|p2a: Scizor
|-damage|p2a: Scizor|0 fnt
|faint|p2a: Scizor
|
|-weather|RainDance|[upkeep]
|c|âZantetzuken|gg
|-message|Zantetzuken forfeited.
|leave|Zantetzuken
|c|âAnybodyAgrees|gg
|
|win|AnybodyAgrees
|raw|Ladder updating...
|player|p2
|raw|AnybodyAgrees's rating: 1414 &rarr; <strong>1432<\/strong><br \/>(+18 for winning)
|raw|Zantetzuken's rating: 1386 &rarr; <strong>1368<\/strong><br \/>(-18 for losing)