|join|AnybodyAgrees
|join|That One Guy21
|player|p1|AnybodyAgrees|109
|player|p2|That One Guy21|130
|gametype|singles
|gen|6
|tier|OU (suspect test)
|rated
|clearpoke
|poke|p1|Rotom-Wash
|poke|p1|Tyranitar, F
|poke|p1|Sylveon, F
|poke|p1|Dragonite, M
|poke|p1|Excadrill, M
|poke|p1|Garchomp, M
|poke|p2|Crobat, F
|poke|p2|Tyranitar, M
|poke|p2|Galvantula, F
|poke|p2|Pinsir, M
|poke|p2|Heatran, M
|poke|p2|Azumarill, M
|rule|Swagger Clause: Swagger is banned
|rule|Baton Pass Clause: Limit one PokÃ©mon knowing Baton Pass
|rule|Sleep Clause Mod: Limit one foe put to sleep
|rule|Species Clause: Limit one of each PokÃ©mon
|rule|OHKO Clause: OHKO moves are banned
|rule|Moody Clause: Moody is banned
|rule|Evasion Moves Clause: Evasion moves are banned
|rule|Endless Battle Clause: Forcing endless battles is banned
|rule|HP Percentage Mod: HP is shown in percentages
|teampreview
|
|start
|switch|p1a: This is a dragon|Garchomp, M|357\/357
|switch|p2a: Galvantula|Galvantula, F|281\/281
|turn|1
|
|move|p2a: Galvantula|Bug Buzz|p1a: This is a dragon
|-damage|p1a: This is a dragon|180\/357
|move|p1a: This is a dragon|Stealth Rock|p2a: Galvantula
|-sidestart|p2: That One Guy21|move: Stealth Rock
|
|turn|2
|
|move|p2a: Galvantula|Bug Buzz|p1a: This is a dragon
|-damage|p1a: This is a dragon|15\/357
|move|p1a: This is a dragon|Earthquake|p2a: Galvantula
|-enditem|p2a: Galvantula|Focus Sash
|-damage|p2a: Galvantula|1\/281
|-damage|p1a: This is a dragon|0 fnt|[from] item: Life Orb
|faint|p1a: This is a dragon
|
|
|switch|p1a: Gojira|Tyranitar, F|341\/341
|-weather|Sandstorm
|turn|3
|
|detailschange|p1a: Gojira|Tyranitar-Mega, F
|-mega|p1a: Gojira|Tyranitar|Tyranitarite
|move|p2a: Galvantula|Sticky Web|p1a: Gojira
|-sidestart|p1: AnybodyAgrees|move: Sticky Web
|move|p1a: Gojira|Dragon Dance|p1a: Gojira
|-boost|p1a: Gojira|atk|1
|-boost|p1a: Gojira|spe|1
|
|-weather|Sandstorm|[upkeep]
|-damage|p2a: Galvantula|0 fnt|[from] sandstorm
|faint|p2a: Galvantula
|
|switch|p2a: Crobat|Crobat, F|311\/311
|-damage|p2a: Crobat|234\/311|[from] Stealth Rock
|turn|4
|
|move|p1a: Gojira|Ice Punch|p2a: Crobat
|-supereffective|p2a: Crobat
|-damage|p2a: Crobat|0 fnt
|faint|p2a: Crobat
|
|-weather|Sandstorm|[upkeep]
|
|switch|p2a: Tyranitar|Tyranitar, M|341\/341
|-damage|p2a: Tyranitar|299\/341|[from] Stealth Rock
|turn|5
|
|move|p1a: Gojira|Earthquake|p2a: Tyranitar
|-supereffective|p2a: Tyranitar
|-damage|p2a: Tyranitar|0 fnt
|faint|p2a: Tyranitar
|
|-weather|Sandstorm|[upkeep]
|
|switch|p2a: Azumarill|Azumarill, M|404\/404
|-damage|p2a: Azumarill|354\/404|[from] Stealth Rock
|turn|6
|c|âThat One Guy21|well thats fucking gg
|
|move|p1a: Gojira|Stone Edge|p2a: Azumarill
|-damage|p2a: Azumarill|0 fnt
|faint|p2a: Azumarill
|
|-weather|Sandstorm|[upkeep]
|c|âAnybodyAgrees|pretty much
|
|switch|p2a: Heatran|Heatran, M|337\/337
|-damage|p2a: Heatran|295\/337|[from] Stealth Rock
|turn|7
|
|move|p1a: Gojira|Earthquake|p2a: Heatran
|-supereffective|p2a: Heatran
|-enditem|p2a: Heatran|Shuca Berry|[eat]
|-damage|p2a: Heatran|0 fnt
|faint|p2a: Heatran
|
|-weather|none
|
|switch|p2a: Pinsir|Pinsir, M|271\/271
|-damage|p2a: Pinsir|204\/271|[from] Stealth Rock
|turn|8
|
|detailschange|p2a: Pinsir|Pinsir-Mega, M
|-mega|p2a: Pinsir|Pinsir|Pinsirite
|move|p1a: Gojira|Ice Punch|p2a: Pinsir
|-supereffective|p2a: Pinsir
|-damage|p2a: Pinsir|0 fnt
|faint|p2a: Pinsir
|
|win|AnybodyAgrees
|raw|Ladder updating...
|raw|AnybodyAgrees's rating: 1178 &rarr; <strong>1202<\/strong><br \/>(+24 for winning)
|raw|That One Guy21's rating: 1161 &rarr; <strong>1138<\/strong><br \/>(-23 for losing)
|leave|That One Guy21
|player|p2