|join|AnybodyAgrees
|join|Grenizmo
|player|p1|AnybodyAgrees|109
|player|p2|Grenizmo|285
|gametype|singles
|gen|6
|tier|OU (suspect test)
|rated
|clearpoke
|poke|p1|Politoed, F
|poke|p1|Swampert, F
|poke|p1|Thundurus-Therian, M
|poke|p1|Kingdra, M
|poke|p1|Ferrothorn, M
|poke|p1|Latios, M
|poke|p2|Garchomp, F, shiny
|poke|p2|Tornadus-Therian, M, shiny
|poke|p2|Azumarill, F, shiny
|poke|p2|Metagross, shiny
|poke|p2|Latios, M, shiny
|poke|p2|Heatran, F, shiny
|rule|Swagger Clause: Swagger is banned
|rule|Baton Pass Clause: Limit one PokÃ©mon knowing Baton Pass
|rule|Sleep Clause Mod: Limit one foe put to sleep
|rule|Species Clause: Limit one of each PokÃ©mon
|rule|OHKO Clause: OHKO moves are banned
|rule|Moody Clause: Moody is banned
|rule|Evasion Moves Clause: Evasion moves are banned
|rule|Endless Battle Clause: Forcing endless battles is banned
|rule|HP Percentage Mod: HP is shown in percentages
|teampreview
|join|Yuttt.ninja
|c|âAnybodyAgrees|hi!
|c| Yuttt.ninja|hi!
|c|âGrenizmo|hi!
|c| Yuttt.ninja|wow user: grenizmo is rude!
|c| Yuttt.ninja|turned on timer!
|c|âGrenizmo|But but
|
|start
|switch|p1a: Politoed|Politoed, F|383\/383
|switch|p2a: Garchomp|Garchomp, F, shiny|357\/357
|-weather|RainDance
|turn|1
|c|âGrenizmo|you have a lot of points
|c|âGrenizmo|i'm sure you don't need __all__ of them
|
|switch|p1a: Ferrothorn|Ferrothorn, M|352\/352
|move|p2a: Garchomp|Stealth Rock|p1a: Ferrothorn
|-sidestart|p1: AnybodyAgrees|move: Stealth Rock
|
|-weather|RainDance|[upkeep]
|turn|2
|c|âAnybodyAgrees|my wi-fi is lagging really bad
|c|âAnybodyAgrees|I nearly lost my last match because of it
|
|move|p2a: Garchomp|Swords Dance|p2a: Garchomp
|-boost|p2a: Garchomp|atk|2
|move|p1a: Ferrothorn|Stealth Rock|p2a: Garchomp
|-sidestart|p2: Grenizmo|move: Stealth Rock
|
|-weather|RainDance|[upkeep]
|turn|3
|
|move|p2a: Garchomp|Earthquake|p1a: Ferrothorn
|-damage|p1a: Ferrothorn|111\/352
|move|p1a: Ferrothorn|Gyro Ball|p2a: Garchomp
|-damage|p2a: Garchomp|192\/357
|-damage|p1a: Ferrothorn|67\/352|[from] ability: Rough Skin|[of] p2a: Garchomp
|
|-weather|RainDance|[upkeep]
|-heal|p1a: Ferrothorn|89\/352|[from] item: Leftovers
|turn|4
|
|move|p2a: Garchomp|Earthquake|p1a: Ferrothorn
|-damage|p1a: Ferrothorn|0 fnt
|faint|p1a: Ferrothorn
|
|-weather|RainDance|[upkeep]
|c| Yuttt.ninja|user: grenizmo
|c| Yuttt.ninja|has idea!
|
|switch|p1a: Kingdra|Kingdra, M|298\/298
|-damage|p1a: Kingdra|261\/298|[from] Stealth Rock
|turn|5
|c| Yuttt.ninja|drag battle out
|c| Yuttt.ninja|so the nice user: anybodyagrees
|
|move|p1a: Kingdra|Hydro Pump|p2a: Garchomp|[miss]
|-miss|p1a: Kingdra|p2a: Garchomp
|move|p2a: Garchomp|Dragon Claw|p1a: Kingdra
|-crit|p1a: Kingdra
|-supereffective|p1a: Kingdra
|-damage|p1a: Kingdra|0 fnt
|faint|p1a: Kingdra
|
|-weather|RainDance|[upkeep]
|c| Yuttt.ninja|will time out!
|c| Yuttt.ninja|or just hack
|
|switch|p1a: Latios|Latios, M|301\/301
|-damage|p1a: Latios|264\/301|[from] Stealth Rock
|turn|6
|
|move|p1a: Latios|Draco Meteor|p2a: Garchomp|[miss]
|-miss|p1a: Latios|p2a: Garchomp
|move|p2a: Garchomp|Dragon Claw|p1a: Latios
|-supereffective|p1a: Latios
|-damage|p1a: Latios|0 fnt
|faint|p1a: Latios
|
|-weather|RainDance|[upkeep]
|c| Yuttt.ninja|brightpowder
|c| Yuttt.ninja|confirmed
|
|switch|p1a: Swampert|Swampert, F|349\/349
|-damage|p1a: Swampert|328\/349|[from] Stealth Rock
|turn|7
|
|detailschange|p1a: Swampert|Swampert-Mega, F
|-mega|p1a: Swampert|Swampert|Swampertite
|move|p2a: Garchomp|Earthquake|p1a: Swampert
|-damage|p1a: Swampert|0 fnt
|faint|p1a: Swampert
|
|-weather|RainDance|[upkeep]
|c| Yuttt.ninja|user: anybody agrees
|c| Yuttt.ninja|is literally
|c|âAnybodyAgrees|gg
|c| Yuttt.ninja|the kindest person
|c| Yuttt.ninja|I have ever seen
|
|switch|p1a: Thundurus-Therian|Thundurus-Therian, M|299\/299
|-damage|p1a: Thundurus-Therian|225\/299|[from] Stealth Rock
|turn|8
|c|âGrenizmo|gg?
|c| Yuttt.ninja|loses to hydro pump + draco meteor miss
|
|move|p2a: Garchomp|Dragon Claw|p1a: Thundurus-Therian
|-damage|p1a: Thundurus-Therian|0 fnt
|faint|p1a: Thundurus-Therian
|
|-weather|none
|c| Yuttt.ninja|says gg
|c| Yuttt.ninja|true gentleman
|c| Yuttt.ninja|respect
|
|switch|p1a: Politoed|Politoed, F|383\/383
|-damage|p1a: Politoed|336\/383|[from] Stealth Rock
|-weather|RainDance
|turn|9
|c| Yuttt.ninja|has been gained
|
|move|p2a: Garchomp|Earthquake|p1a: Politoed
|-damage|p1a: Politoed|0 fnt
|faint|p1a: Politoed
|
|win|Grenizmo
|raw|Ladder updating...
|raw|AnybodyAgrees's rating: 1481 &rarr; <strong>1459<\/strong><br \/>(-22 for losing)
|raw|Grenizmo's rating: 1454 &rarr; <strong>1475<\/strong><br \/>(+21 for winning)
|leave|AnybodyAgrees