|join|AnybodyAgrees
|join|Karxrida
|player|p1|AnybodyAgrees|109
|player|p2|Karxrida|169
|gametype|singles
|gen|6
|tier|OU (suspect test)
|rated
|clearpoke
|poke|p1|Metagross
|poke|p1|Magneton
|poke|p1|Bisharp, M
|poke|p1|Kyurem-Black
|poke|p1|Cofagrigus, F
|poke|p1|Landorus, M
|poke|p2|Scizor, M, shiny
|poke|p2|Manaphy, shiny
|poke|p2|Thundurus, M
|poke|p2|Landorus-Therian, M
|poke|p2|Cobalion
|poke|p2|Latios, M
|rule|Swagger Clause: Swagger is banned
|rule|Baton Pass Clause: Limit one PokÃ©mon knowing Baton Pass
|rule|Sleep Clause Mod: Limit one foe put to sleep
|rule|Species Clause: Limit one of each PokÃ©mon
|rule|OHKO Clause: OHKO moves are banned
|rule|Moody Clause: Moody is banned
|rule|Evasion Moves Clause: Evasion moves are banned
|rule|Endless Battle Clause: Forcing endless battles is banned
|rule|HP Percentage Mod: HP is shown in percentages
|teampreview
|join|sdgsdsdg
|c|âAnybodyAgrees|hi!
|join|test tetewa
|c|âKarxrida|Yo
|c|âAnybodyAgrees|not the best player to test this team against
|c| test tetewa|is that am's team
|c|âKarxrida|So many Steel-types
|c|âKarxrida|YEs, but I'm not Am lol
|c|âKarxrida|I suck at teambuilding
|c| test tetewa|lol
|
|start
|switch|p1a: 4MSS at its finest|Landorus, M|319\/319
|switch|p2a: Cobalion|Cobalion|358\/358
|turn|1
|c|âKarxrida|WHich reminds me, I need to nickname my shit
|
|move|p2a: Cobalion|Taunt|p1a: 4MSS at its finest
|-start|p1a: 4MSS at its finest|move: Taunt
|cant|p1a: 4MSS at its finest|move: Taunt|Stealth Rock
|
|turn|2
|c| test tetewa|pro
|
|switch|p2a: Thundurus|Thundurus, M|299\/299
|move|p1a: 4MSS at its finest|Earth Power|p2a: Thundurus
|-immune|p2a: Thundurus|[msg]
|
|turn|3
|
|switch|p1a: Wtf is this doing|Cofagrigus, F|320\/320
|move|p2a: Thundurus|Volt Switch|p1a: Wtf is this doing
|-damage|p1a: Wtf is this doing|196\/320
|c|âAnybodyAgrees|facing a decent player muddles my thought processes
|c| test tetewa|pro
|c| test tetewa|these plays
|
|switch|p2a: Cobalion|Cobalion|358\/358
|
|-heal|p1a: Wtf is this doing|216\/320|[from] item: Leftovers
|turn|4
|c|âKarxrida|Am I famous now or something lol
|c|âKarxrida|I haven't even laddered consistently in like a month
|c| test tetewa|yes
|c| test tetewa|r u tryna get reqs
|c|âAnybodyAgrees|yes
|c|âKarxrida|Yes
|
|switch|p1a: le braniac|Metagross|301\/301
|move|p2a: Cobalion|Taunt|p1a: le braniac
|-start|p1a: le braniac|move: Taunt
|
|turn|5
|c|âKarxrida|I'm about halway there
|
|detailschange|p1a: le braniac|Metagross-Mega
|-mega|p1a: le braniac|Metagross|Metagrossite
|move|p2a: Cobalion|Volt Switch|p1a: le braniac
|-damage|p1a: le braniac|252\/301
|c|âAnybodyAgrees|I have a shitload more to go
|c| test tetewa|thats not how the coil works
|
|switch|p2a: Manaphy|Manaphy, shiny|351\/351
|move|p1a: le braniac|Meteor Mash|p2a: Manaphy
|-resisted|p2a: Manaphy
|-damage|p2a: Manaphy|236\/351
|
|-heal|p2a: Manaphy|257\/351|[from] item: Leftovers
|turn|6
|c| test tetewa|i dont think 1500 is halfway
|c|âAnybodyAgrees|I'm at 1475 coil
|c|âKarxrida|I meant numerically
|c|âAnybodyAgrees|but I'm not halfway yet
|c| test tetewa|o
|c|âKarxrida|I know coil doesn't work like that lol
|c|âKarxrida|I'm at 1550ish
|
|move|p1a: le braniac|Zen Headbutt|p2a: Manaphy
|-damage|p2a: Manaphy|70\/351
|move|p2a: Manaphy|Scald|p1a: le braniac
|-damage|p1a: le braniac|114\/301
|
|-heal|p2a: Manaphy|91\/351|[from] item: Leftovers
|turn|7
|c| test tetewa|that scald did so much
|
|switch|p2a: Landorus-Therian|Landorus-Therian, M|381\/381
|-ability|p2a: Landorus-Therian|Intimidate|[of] p1a: le braniac
|-unboost|p1a: le braniac|atk|1
|move|p1a: le braniac|Zen Headbutt|p2a: Landorus-Therian
|-damage|p2a: Landorus-Therian|267\/381
|
|-heal|p2a: Landorus-Therian|290\/381|[from] item: Leftovers
|-end|p1a: le braniac|move: Taunt
|turn|8
|c|âKarxrida|It's the Scaldy-est Scald in all of Scalddom
|
|switch|p1a: 4MSS at its finest|Landorus, M|319\/319
|move|p2a: Landorus-Therian|Stealth Rock|p1a: 4MSS at its finest
|-sidestart|p1: AnybodyAgrees|move: Stealth Rock
|
|-heal|p2a: Landorus-Therian|313\/381|[from] item: Leftovers
|turn|9
|c| test tetewa|o ok then that makes sense now
|c|âAnybodyAgrees|the scald that makes stall cower in fear
|
|move|p1a: 4MSS at its finest|Stealth Rock|p2a: Landorus-Therian
|-sidestart|p2: Karxrida|move: Stealth Rock
|move|p2a: Landorus-Therian|Rock Tomb|p1a: 4MSS at its finest
|-damage|p1a: 4MSS at its finest|247\/319
|-unboost|p1a: 4MSS at its finest|spe|1
|
|-heal|p2a: Landorus-Therian|336\/381|[from] item: Leftovers
|turn|10
|c|âKarxrida|Fuck you cancel button
|
|move|p2a: Landorus-Therian|U-turn|p1a: 4MSS at its finest
|-resisted|p1a: 4MSS at its finest
|-damage|p1a: 4MSS at its finest|204\/319
|
|switch|p2a: Latios|Latios, M|301\/301
|-damage|p2a: Latios|264\/301|[from] Stealth Rock
|move|p1a: 4MSS at its finest|Knock Off|p2a: Latios
|-supereffective|p2a: Latios
|-damage|p2a: Latios|0 fnt
|-enditem|p2a: Latios|Choice Scarf|[from] move: Knock Off|[of] p1a: 4MSS at its finest
|-damage|p1a: 4MSS at its finest|173\/319|[from] item: Life Orb
|faint|p2a: Latios
|
|
|switch|p2a: Thundurus|Thundurus, M|299\/299
|-damage|p2a: Thundurus|225\/299|[from] Stealth Rock
|turn|11
|c|âKarxrida|Whelp these rocks aren't leaving anytime soon.
|
|switch|p1a: Wtf is this doing|Cofagrigus, F|216\/320
|-damage|p1a: Wtf is this doing|176\/320|[from] Stealth Rock
|move|p2a: Thundurus|Hidden Power|p1a: Wtf is this doing
|-damage|p1a: Wtf is this doing|103\/320
|
|-heal|p2a: Thundurus|243\/299|[from] item: Leftovers
|-heal|p1a: Wtf is this doing|123\/320|[from] item: Leftovers
|turn|12
|
|move|p2a: Thundurus|Taunt|p1a: Wtf is this doing
|-start|p1a: Wtf is this doing|move: Taunt
|move|p1a: Wtf is this doing|Shadow Ball|p2a: Thundurus
|-damage|p2a: Thundurus|140\/299
|
|-heal|p2a: Thundurus|158\/299|[from] item: Leftovers
|-heal|p1a: Wtf is this doing|143\/320|[from] item: Leftovers
|turn|13
|
|move|p2a: Thundurus|Volt Switch|p1a: Wtf is this doing
|-damage|p1a: Wtf is this doing|28\/320
|
|switch|p2a: Manaphy|Manaphy, shiny|91\/351
|-damage|p2a: Manaphy|48\/351|[from] Stealth Rock
|move|p1a: Wtf is this doing|Shadow Ball|p2a: Manaphy
|-crit|p2a: Manaphy
|-damage|p2a: Manaphy|0 fnt
|faint|p2a: Manaphy
|
|-heal|p1a: Wtf is this doing|48\/320|[from] item: Leftovers
|
|switch|p2a: Scizor|Scizor, M, shiny|291\/291
|-damage|p2a: Scizor|255\/291|[from] Stealth Rock
|turn|14
|c|âAnybodyAgrees|there's actually an interesting story behind this thing being on my team
|
|move|p2a: Scizor|Bullet Punch|p1a: Wtf is this doing
|-damage|p1a: Wtf is this doing|6\/320
|-endability|p2a: Scizor|lightmetal|[from] Mummy
|-ability|p2a: Scizor|Mummy|[from] Mummy
|move|p1a: Wtf is this doing|Shadow Ball|p2a: Scizor
|-damage|p2a: Scizor|144\/291
|
|-heal|p1a: Wtf is this doing|26\/320|[from] item: Leftovers
|-end|p1a: Wtf is this doing|move: Taunt
|turn|15
|c|âKarxrida|REALLY
|c| test tetewa|lol
|c| test tetewa|but mega
|c| test tetewa|nvm i see ur strat
|
|move|p2a: Scizor|Bullet Punch|p1a: Wtf is this doing
|-damage|p1a: Wtf is this doing|0 fnt
|faint|p1a: Wtf is this doing
|
|c|âKarxrida|I'm 90% sure that was a roll
|
|switch|p1a: Not a typo|Magneton|242\/242
|-damage|p1a: Not a typo|227\/242|[from] Stealth Rock
|turn|16
|c|âKarxrida|And I realize too late I'm throwing out my wincon
|leave|sdgsdsdg
|
|detailschange|p2a: Scizor|Scizor-Mega, M, shiny
|-mega|p2a: Scizor|Scizor|Scizorite
|move|p1a: Not a typo|Hidden Power|p2a: Scizor
|-supereffective|p2a: Scizor
|-damage|p2a: Scizor|0 fnt
|faint|p2a: Scizor
|
|c|âKarxrida|Hindsight's a bitch
|
|switch|p2a: Landorus-Therian|Landorus-Therian, M|336\/381
|-damage|p2a: Landorus-Therian|289\/381|[from] Stealth Rock
|-ability|p2a: Landorus-Therian|Intimidate|[of] p1a: Not a typo
|-unboost|p1a: Not a typo|atk|1
|turn|17
|c|âAnybodyAgrees|foresight is only clear when you have horrible vision
|
|switch|p1a: 4MSS at its finest|Landorus, M|173\/319
|-damage|p1a: 4MSS at its finest|134\/319|[from] Stealth Rock
|move|p2a: Landorus-Therian|U-turn|p1a: 4MSS at its finest
|-resisted|p1a: 4MSS at its finest
|-damage|p1a: 4MSS at its finest|91\/319
|c|âAnybodyAgrees|tbh I don't even know either
|c|âKarxrida|lol
|
|switch|p2a: Cobalion|Cobalion|358\/358
|-damage|p2a: Cobalion|347\/358|[from] Stealth Rock
|
|-heal|p2a: Cobalion|358\/358|[from] item: Leftovers
|turn|18
|c|âKarxrida|$50 says this fails somehow
|
|move|p2a: Cobalion|Iron Head|p1a: 4MSS at its finest
|-damage|p1a: 4MSS at its finest|0 fnt
|faint|p1a: 4MSS at its finest
|
|c|âKarxrida|Or not
|c| test tetewa|paypal?
|c| test tetewa|lol
|c|âKarxrida|I think I'm screwed
|c|âKarxrida|Shouldn't have thrown out Scizor
|
|switch|p1a: le braniac|Metagross-Mega|114\/301
|-damage|p1a: le braniac|96\/301|[from] Stealth Rock
|turn|19
|
|switch|p2a: Landorus-Therian|Landorus-Therian, M|289\/381
|-damage|p2a: Landorus-Therian|242\/381|[from] Stealth Rock
|-ability|p2a: Landorus-Therian|Intimidate|[of] p1a: le braniac
|-unboost|p1a: le braniac|atk|1
|move|p1a: le braniac|Meteor Mash|p2a: Landorus-Therian
|-damage|p2a: Landorus-Therian|122\/381
|
|-heal|p2a: Landorus-Therian|145\/381|[from] item: Leftovers
|turn|20
|c|âKarxrida|I might actually win
|
|switch|p1a: Le Overkill|Kyurem-Black|391\/391
|-damage|p1a: Le Overkill|294\/391|[from] Stealth Rock
|-ability|p1a: Le Overkill|Teravolt
|move|p2a: Landorus-Therian|Earthquake|p1a: Le Overkill
|-damage|p1a: Le Overkill|140\/391
|
|-heal|p2a: Landorus-Therian|168\/381|[from] item: Leftovers
|turn|21
|c|âKarxrida|inb4 Kyurem Scarf
|
|switch|p2a: Cobalion|Cobalion|358\/358
|-damage|p2a: Cobalion|347\/358|[from] Stealth Rock
|move|p1a: Le Overkill|Outrage|p2a: Cobalion
|-resisted|p2a: Cobalion
|-damage|p2a: Cobalion|185\/358
|
|-heal|p2a: Cobalion|207\/358|[from] item: Leftovers
|turn|22
|c|âKarxrida|You are scarf
|c|âKarxrida|Am I right?
|
|move|p2a: Cobalion|Iron Head|p1a: Le Overkill
|-supereffective|p1a: Le Overkill
|-damage|p1a: Le Overkill|0 fnt
|faint|p1a: Le Overkill
|
|-heal|p2a: Cobalion|229\/358|[from] item: Leftovers
|c|âAnybodyAgrees|n
|c|âKarxrida|:\/
|c| test tetewa|lol
|c|âKarxrida|I win I guess
|
|switch|p1a: Not a typo|Magneton|227\/242
|-damage|p1a: Not a typo|212\/242|[from] Stealth Rock
|turn|23
|c|âKarxrida|I mean if Cobalion survives thsi
|c|âAnybodyAgrees|it will
|
|move|p1a: Not a typo|Volt Switch|p2a: Cobalion
|-crit|p2a: Cobalion
|-damage|p2a: Cobalion|10\/358
|c| test tetewa|mag+meta beats this
|c|âKarxrida|Oh wow
|c| test tetewa|then bish sweep mayb
|c|âAnybodyAgrees|holy crap I didn't think it would do that much
|
|switch|p1a: Fogged Power|Bisharp, M|272\/272
|-damage|p1a: Fogged Power|255\/272|[from] Stealth Rock
|move|p2a: Cobalion|Close Combat|p1a: Fogged Power
|-supereffective|p1a: Fogged Power
|-damage|p1a: Fogged Power|0 fnt
|-unboost|p2a: Cobalion|def|1
|-unboost|p2a: Cobalion|spd|1
|faint|p1a: Fogged Power
|
|-heal|p2a: Cobalion|32\/358|[from] item: Leftovers
|c| test tetewa|why go bisharp
|c| test tetewa|he was gonna sweep
|
|switch|p1a: le braniac|Metagross-Mega|96\/301
|-damage|p1a: le braniac|78\/301|[from] Stealth Rock
|turn|24
|c|âAnybodyAgrees|inb4 scarfed thundurus
|c|âKarxrida|lol I wish
|
|switch|p2a: Landorus-Therian|Landorus-Therian, M|168\/381
|-damage|p2a: Landorus-Therian|121\/381|[from] Stealth Rock
|-ability|p2a: Landorus-Therian|Intimidate|[of] p1a: le braniac
|-unboost|p1a: le braniac|atk|1
|move|p1a: le braniac|Meteor Mash|p2a: Landorus-Therian
|-damage|p2a: Landorus-Therian|3\/381
|-boost|p1a: le braniac|atk|1
|
|-heal|p2a: Landorus-Therian|26\/381|[from] item: Leftovers
|turn|25
|c|âKarxrida|WOW
|c|âKarxrida|gg
|c|âAnybodyAgrees|gg
|
|move|p1a: le braniac|Grass Knot|p2a: Landorus-Therian
|-damage|p2a: Landorus-Therian|0 fnt
|faint|p2a: Landorus-Therian
|
|
|switch|p2a: Thundurus|Thundurus, M|158\/299
|-damage|p2a: Thundurus|84\/299|[from] Stealth Rock
|turn|26
|
|move|p2a: Thundurus|Volt Switch|p1a: le braniac
|-damage|p1a: le braniac|0 fnt
|faint|p1a: le braniac
|c| test tetewa|reveal scarf
|
|switch|p2a: Cobalion|Cobalion|32\/358
|-damage|p2a: Cobalion|21\/358|[from] Stealth Rock
|
|-heal|p2a: Cobalion|43\/358|[from] item: Leftovers
|c|âKarxrida|I don't think long term like that man
|c|âAnybodyAgrees|magneton's scarf has already been revealled
|c|âKarxrida|Le gasp
|
|switch|p1a: Not a typo|Magneton|212\/242
|-damage|p1a: Not a typo|197\/242|[from] Stealth Rock
|turn|27
|c| test tetewa|scarf thundurus
|
|move|p1a: Not a typo|Thunderbolt|p2a: Cobalion
|-damage|p2a: Cobalion|0 fnt
|faint|p2a: Cobalion
|
|c| test tetewa|is magneton just for talon?
|
|switch|p2a: Thundurus|Thundurus, M|84\/299
|-damage|p2a: Thundurus|10\/299|[from] Stealth Rock
|turn|28
|c|âAnybodyAgrees|it was also for ninja when this team wasn't used on suspect ladder
|
|move|p1a: Not a typo|Thunderbolt|p2a: Thundurus
|-crit|p2a: Thundurus
|-damage|p2a: Thundurus|0 fnt
|faint|p2a: Thundurus
|
|win|AnybodyAgrees
|raw|Ladder updating...
|c|âAnybodyAgrees|gg
|c| test tetewa|o
|raw|AnybodyAgrees's rating: 1244 &rarr; <strong>1276<\/strong><br \/>(+32 for winning)
|raw|Karxrida's rating: 1347 &rarr; <strong>1321<\/strong><br \/>(-26 for losing)
|c|âKarxrida|gg
|leave|Karxrida
|player|p2