|join|swaggyc__25
|join|areee
|player|p1|swaggyc__25|159
|player|p2|areee|170
|gametype|singles
|gen|6
|tier|ORAS OU
|rated
|rule|Sleep Clause Mod: Limit one foe put to sleep
|rule|Species Clause: Limit one of each PokÃ©mon
|rule|OHKO Clause: OHKO moves are banned
|rule|Moody Clause: Moody is banned
|rule|Evasion Moves Clause: Evasion moves are banned
|rule|Endless Battle Clause: Forcing endless battles is banned
|rule|HP Percentage Mod: HP is shown in percentages
|clearpoke
|poke|p1|Politoed, M
|poke|p1|Ferrothorn, F
|poke|p1|Kabutops, F
|poke|p1|Gothitelle, M
|poke|p1|Noivern, F
|poke|p1|Swampert, F
|poke|p2|Sylveon, F
|poke|p2|Gothitelle, M
|poke|p2|Sableye, M
|poke|p2|Ferrothorn, M
|poke|p2|Slowbro, M
|poke|p2|Audino, M
|rule|Swagger Clause: Swagger is banned
|rule|Baton Pass Clause: Limit one PokÃ©mon knowing Baton Pass
|teampreview
|
|start
|switch|p1a: Noivern|Noivern, F|311\/311
|switch|p2a: Gothitelle|Gothitelle, M|301\/301
|turn|1
|
|switch|p2a: Audino|Audino, M|409\/409
|move|p1a: Noivern|U-turn|p2a: Audino
|-damage|p2a: Audino|366\/409
|
|switch|p1a: Ferrothorn|Ferrothorn, F|352\/352
|
|-heal|p2a: Audino|391\/409|[from] item: Leftovers
|turn|2
|
|switch|p2a: Gothitelle|Gothitelle, M|301\/301
|move|p1a: Ferrothorn|Stealth Rock|p2a: Gothitelle
|-sidestart|p2: areee|move: Stealth Rock
|
|turn|3
|
|move|p2a: Gothitelle|Trick|p1a: Ferrothorn
|-activate|p2a: Gothitelle|move: Trick|[of] p1a: Ferrothorn
|-item|p1a: Ferrothorn|Choice Scarf|[from] move: Trick
|-item|p2a: Gothitelle|Leftovers|[from] move: Trick
|move|p1a: Ferrothorn|Leech Seed|p2a: Gothitelle
|-start|p2a: Gothitelle|move: Leech Seed
|
|-damage|p2a: Gothitelle|264\/301|[from] Leech Seed|[of] p1a: Ferrothorn
|turn|4
|
|move|p2a: Gothitelle|Psychic|p1a: Ferrothorn
|-resisted|p1a: Ferrothorn
|-damage|p1a: Ferrothorn|306\/352
|move|p1a: Ferrothorn|Leech Seed|p2a: Gothitelle
|-fail|p2a: Gothitelle
|
|-heal|p2a: Gothitelle|282\/301|[from] item: Leftovers
|-damage|p2a: Gothitelle|245\/301|[from] Leech Seed|[of] p1a: Ferrothorn
|-heal|p1a: Ferrothorn|343\/352|[silent]
|turn|5
|
|move|p2a: Gothitelle|Psychic|p1a: Ferrothorn
|-resisted|p1a: Ferrothorn
|-damage|p1a: Ferrothorn|295\/352
|move|p1a: Ferrothorn|Leech Seed|p2a: Gothitelle
|-fail|p2a: Gothitelle
|
|-heal|p2a: Gothitelle|263\/301|[from] item: Leftovers
|-damage|p2a: Gothitelle|226\/301|[from] Leech Seed|[of] p1a: Ferrothorn
|-heal|p1a: Ferrothorn|332\/352|[silent]
|turn|6
|
|move|p2a: Gothitelle|Psychic|p1a: Ferrothorn
|-resisted|p1a: Ferrothorn
|-damage|p1a: Ferrothorn|286\/352
|move|p1a: Ferrothorn|Leech Seed|p2a: Gothitelle
|-fail|p2a: Gothitelle
|
|-heal|p2a: Gothitelle|244\/301|[from] item: Leftovers
|-damage|p2a: Gothitelle|207\/301|[from] Leech Seed|[of] p1a: Ferrothorn
|-heal|p1a: Ferrothorn|323\/352|[silent]
|turn|7
|
|move|p2a: Gothitelle|Psychic|p1a: Ferrothorn
|-resisted|p1a: Ferrothorn
|-damage|p1a: Ferrothorn|277\/352
|move|p1a: Ferrothorn|Leech Seed|p2a: Gothitelle
|-fail|p2a: Gothitelle
|
|-heal|p2a: Gothitelle|225\/301|[from] item: Leftovers
|-damage|p2a: Gothitelle|188\/301|[from] Leech Seed|[of] p1a: Ferrothorn
|-heal|p1a: Ferrothorn|314\/352|[silent]
|turn|8
|
|move|p2a: Gothitelle|Psychic|p1a: Ferrothorn
|-resisted|p1a: Ferrothorn
|-damage|p1a: Ferrothorn|272\/352
|move|p1a: Ferrothorn|Leech Seed|p2a: Gothitelle|[miss]
|-miss|p1a: Ferrothorn|p2a: Gothitelle
|
|-heal|p2a: Gothitelle|206\/301|[from] item: Leftovers
|-damage|p2a: Gothitelle|169\/301|[from] Leech Seed|[of] p1a: Ferrothorn
|-heal|p1a: Ferrothorn|309\/352|[silent]
|turn|9
|
|move|p2a: Gothitelle|Psychic|p1a: Ferrothorn
|-resisted|p1a: Ferrothorn
|-damage|p1a: Ferrothorn|266\/352
|move|p1a: Ferrothorn|Leech Seed|p2a: Gothitelle
|-fail|p2a: Gothitelle
|
|-heal|p2a: Gothitelle|187\/301|[from] item: Leftovers
|-damage|p2a: Gothitelle|150\/301|[from] Leech Seed|[of] p1a: Ferrothorn
|-heal|p1a: Ferrothorn|303\/352|[silent]
|turn|10
|
|move|p2a: Gothitelle|Psychic|p1a: Ferrothorn
|-resisted|p1a: Ferrothorn
|-damage|p1a: Ferrothorn|255\/352
|move|p1a: Ferrothorn|Leech Seed|p2a: Gothitelle|[miss]
|-miss|p1a: Ferrothorn|p2a: Gothitelle
|
|-heal|p2a: Gothitelle|168\/301|[from] item: Leftovers
|-damage|p2a: Gothitelle|131\/301|[from] Leech Seed|[of] p1a: Ferrothorn
|-heal|p1a: Ferrothorn|292\/352|[silent]
|turn|11
|
|move|p2a: Gothitelle|Psychic|p1a: Ferrothorn
|-resisted|p1a: Ferrothorn
|-damage|p1a: Ferrothorn|250\/352
|move|p1a: Ferrothorn|Leech Seed|p2a: Gothitelle
|-fail|p2a: Gothitelle
|
|-heal|p2a: Gothitelle|149\/301|[from] item: Leftovers
|-damage|p2a: Gothitelle|112\/301|[from] Leech Seed|[of] p1a: Ferrothorn
|-heal|p1a: Ferrothorn|287\/352|[silent]
|turn|12
|
|move|p2a: Gothitelle|Psychic|p1a: Ferrothorn
|-resisted|p1a: Ferrothorn
|-damage|p1a: Ferrothorn|243\/352
|move|p1a: Ferrothorn|Leech Seed|p2a: Gothitelle
|-fail|p2a: Gothitelle
|
|-heal|p2a: Gothitelle|130\/301|[from] item: Leftovers
|-damage|p2a: Gothitelle|93\/301|[from] Leech Seed|[of] p1a: Ferrothorn
|-heal|p1a: Ferrothorn|280\/352|[silent]
|turn|13
|
|move|p2a: Gothitelle|Rest|p2a: Gothitelle
|-status|p2a: Gothitelle|slp
|-heal|p2a: Gothitelle|301\/301 slp|[silent]
|-status|p2a: Gothitelle|slp|[from] move: Rest
|move|p1a: Ferrothorn|Leech Seed|p2a: Gothitelle
|-fail|p2a: Gothitelle
|
|-damage|p2a: Gothitelle|264\/301 slp|[from] Leech Seed|[of] p1a: Ferrothorn
|-heal|p1a: Ferrothorn|317\/352|[silent]
|turn|14
|
|cant|p2a: Gothitelle|slp
|move|p1a: Ferrothorn|Leech Seed|p2a: Gothitelle
|-fail|p2a: Gothitelle
|
|-heal|p2a: Gothitelle|282\/301 slp|[from] item: Leftovers
|-damage|p2a: Gothitelle|245\/301 slp|[from] Leech Seed|[of] p1a: Ferrothorn
|-heal|p1a: Ferrothorn|352\/352|[silent]
|turn|15
|
|cant|p2a: Gothitelle|slp
|move|p1a: Ferrothorn|Leech Seed|p2a: Gothitelle|[miss]
|-miss|p1a: Ferrothorn|p2a: Gothitelle
|
|-heal|p2a: Gothitelle|263\/301 slp|[from] item: Leftovers
|-damage|p2a: Gothitelle|226\/301 slp|[from] Leech Seed|[of] p1a: Ferrothorn
|turn|16
|
|-curestatus|p2a: Gothitelle|slp
|move|p2a: Gothitelle|Thunderbolt|p1a: Ferrothorn
|-resisted|p1a: Ferrothorn
|-damage|p1a: Ferrothorn|321\/352
|-status|p1a: Ferrothorn|par
|cant|p1a: Ferrothorn|par
|
|-heal|p2a: Gothitelle|244\/301|[from] item: Leftovers
|-damage|p2a: Gothitelle|207\/301|[from] Leech Seed|[of] p1a: Ferrothorn
|-heal|p1a: Ferrothorn|352\/352 par|[silent]
|turn|17
|
|move|p2a: Gothitelle|Thunderbolt|p1a: Ferrothorn
|-resisted|p1a: Ferrothorn
|-damage|p1a: Ferrothorn|319\/352 par
|move|p1a: Ferrothorn|Leech Seed|p2a: Gothitelle|[miss]
|-miss|p1a: Ferrothorn|p2a: Gothitelle
|
|-heal|p2a: Gothitelle|225\/301|[from] item: Leftovers
|-damage|p2a: Gothitelle|188\/301|[from] Leech Seed|[of] p1a: Ferrothorn
|-heal|p1a: Ferrothorn|352\/352 par|[silent]
|turn|18
|
|move|p2a: Gothitelle|Thunderbolt|p1a: Ferrothorn
|-resisted|p1a: Ferrothorn
|-damage|p1a: Ferrothorn|323\/352 par
|move|p1a: Ferrothorn|Leech Seed|p2a: Gothitelle
|-fail|p2a: Gothitelle
|
|-heal|p2a: Gothitelle|206\/301|[from] item: Leftovers
|-damage|p2a: Gothitelle|169\/301|[from] Leech Seed|[of] p1a: Ferrothorn
|-heal|p1a: Ferrothorn|352\/352 par|[silent]
|turn|19
|
|move|p2a: Gothitelle|Thunderbolt|p1a: Ferrothorn
|-resisted|p1a: Ferrothorn
|-damage|p1a: Ferrothorn|320\/352 par
|move|p1a: Ferrothorn|Leech Seed|p2a: Gothitelle
|-fail|p2a: Gothitelle
|
|-heal|p2a: Gothitelle|187\/301|[from] item: Leftovers
|-damage|p2a: Gothitelle|150\/301|[from] Leech Seed|[of] p1a: Ferrothorn
|-heal|p1a: Ferrothorn|352\/352 par|[silent]
|turn|20
|
|move|p2a: Gothitelle|Thunderbolt|p1a: Ferrothorn
|-resisted|p1a: Ferrothorn
|-damage|p1a: Ferrothorn|321\/352 par
|cant|p1a: Ferrothorn|par
|
|-heal|p2a: Gothitelle|168\/301|[from] item: Leftovers
|-damage|p2a: Gothitelle|131\/301|[from] Leech Seed|[of] p1a: Ferrothorn
|-heal|p1a: Ferrothorn|352\/352 par|[silent]
|turn|21
|
|move|p2a: Gothitelle|Rest|p2a: Gothitelle
|-status|p2a: Gothitelle|slp
|-heal|p2a: Gothitelle|301\/301 slp|[silent]
|-status|p2a: Gothitelle|slp|[from] move: Rest
|-activate|p1a: Ferrothorn|move: Struggle
|move|p1a: Ferrothorn|Struggle|p2a: Gothitelle
|-damage|p2a: Gothitelle|262\/301 slp
|-damage|p1a: Ferrothorn|264\/352 par
|
|-heal|p2a: Gothitelle|280\/301 slp|[from] item: Leftovers
|-damage|p2a: Gothitelle|243\/301 slp|[from] Leech Seed|[of] p1a: Ferrothorn
|-heal|p1a: Ferrothorn|301\/352 par|[silent]
|turn|22
|
|cant|p2a: Gothitelle|slp
|cant|p1a: Ferrothorn|par
|
|-heal|p2a: Gothitelle|261\/301 slp|[from] item: Leftovers
|-damage|p2a: Gothitelle|224\/301 slp|[from] Leech Seed|[of] p1a: Ferrothorn
|-heal|p1a: Ferrothorn|338\/352 par|[silent]
|turn|23
|
|cant|p2a: Gothitelle|slp
|-activate|p1a: Ferrothorn|move: Struggle
|move|p1a: Ferrothorn|Struggle|p2a: Gothitelle
|-damage|p2a: Gothitelle|184\/301 slp
|-damage|p1a: Ferrothorn|250\/352 par
|
|-heal|p2a: Gothitelle|202\/301 slp|[from] item: Leftovers
|-damage|p2a: Gothitelle|165\/301 slp|[from] Leech Seed|[of] p1a: Ferrothorn
|-heal|p1a: Ferrothorn|287\/352 par|[silent]
|turn|24
|
|-curestatus|p2a: Gothitelle|slp
|move|p2a: Gothitelle|Rest|p2a: Gothitelle
|-status|p2a: Gothitelle|slp
|-heal|p2a: Gothitelle|301\/301 slp|[silent]
|-status|p2a: Gothitelle|slp|[from] move: Rest
|-activate|p1a: Ferrothorn|move: Struggle
|move|p1a: Ferrothorn|Struggle|p2a: Gothitelle
|-damage|p2a: Gothitelle|261\/301 slp
|-damage|p1a: Ferrothorn|199\/352 par
|
|-heal|p2a: Gothitelle|279\/301 slp|[from] item: Leftovers
|-damage|p2a: Gothitelle|242\/301 slp|[from] Leech Seed|[of] p1a: Ferrothorn
|-heal|p1a: Ferrothorn|236\/352 par|[silent]
|turn|25
|
|cant|p2a: Gothitelle|slp
|-activate|p1a: Ferrothorn|move: Struggle
|move|p1a: Ferrothorn|Struggle|p2a: Gothitelle
|-damage|p2a: Gothitelle|203\/301 slp
|-damage|p1a: Ferrothorn|148\/352 par
|
|-heal|p2a: Gothitelle|221\/301 slp|[from] item: Leftovers
|-damage|p2a: Gothitelle|184\/301 slp|[from] Leech Seed|[of] p1a: Ferrothorn
|-heal|p1a: Ferrothorn|185\/352 par|[silent]
|turn|26
|
|cant|p2a: Gothitelle|slp
|-activate|p1a: Ferrothorn|move: Struggle
|move|p1a: Ferrothorn|Struggle|p2a: Gothitelle
|-damage|p2a: Gothitelle|148\/301 slp
|-damage|p1a: Ferrothorn|97\/352 par
|
|-heal|p2a: Gothitelle|166\/301 slp|[from] item: Leftovers
|-damage|p2a: Gothitelle|129\/301 slp|[from] Leech Seed|[of] p1a: Ferrothorn
|-heal|p1a: Ferrothorn|134\/352 par|[silent]
|turn|27
|
|-curestatus|p2a: Gothitelle|slp
|move|p2a: Gothitelle|Rest|p2a: Gothitelle
|-status|p2a: Gothitelle|slp
|-heal|p2a: Gothitelle|301\/301 slp|[silent]
|-status|p2a: Gothitelle|slp|[from] move: Rest
|-activate|p1a: Ferrothorn|move: Struggle
|move|p1a: Ferrothorn|Struggle|p2a: Gothitelle
|-damage|p2a: Gothitelle|263\/301 slp
|-damage|p1a: Ferrothorn|46\/352 par
|
|-heal|p2a: Gothitelle|281\/301 slp|[from] item: Leftovers
|-damage|p2a: Gothitelle|244\/301 slp|[from] Leech Seed|[of] p1a: Ferrothorn
|-heal|p1a: Ferrothorn|83\/352 par|[silent]
|turn|28
|
|switch|p2a: Ferrothorn|Ferrothorn, M|351\/351
|-damage|p2a: Ferrothorn|330\/351|[from] Stealth Rock
|-activate|p1a: Ferrothorn|move: Struggle
|move|p1a: Ferrothorn|Struggle|p2a: Ferrothorn
|-damage|p2a: Ferrothorn|299\/351
|-damage|p1a: Ferrothorn|39\/352 par|[from] ability: Iron Barbs|[of] p2a: Ferrothorn
|-damage|p1a: Ferrothorn|0 fnt
|faint|p1a: Ferrothorn
|
|-heal|p2a: Ferrothorn|320\/351|[from] item: Leftovers
|
|switch|p1a: Gothitelle|Gothitelle, M|301\/301
|turn|29
|
|move|p1a: Gothitelle|Trick|p2a: Ferrothorn
|-activate|p1a: Gothitelle|move: Trick|[of] p2a: Ferrothorn
|-item|p2a: Ferrothorn|Choice Scarf|[from] move: Trick
|-item|p1a: Gothitelle|Leftovers|[from] move: Trick
|move|p2a: Ferrothorn|Gyro Ball|p1a: Gothitelle
|-damage|p1a: Gothitelle|181\/301
|
|-heal|p1a: Gothitelle|199\/301|[from] item: Leftovers
|turn|30
|
|switch|p1a: Politoed|Politoed, M|384\/384
|-weather|RainDance
|move|p2a: Ferrothorn|Gyro Ball|p1a: Politoed
|-resisted|p1a: Politoed
|-damage|p1a: Politoed|350\/384
|
|-weather|RainDance|[upkeep]
|turn|31
|
|switch|p2a: Slowbro|Slowbro, M|394\/394
|-damage|p2a: Slowbro|345\/394|[from] Stealth Rock
|move|p1a: Politoed|Scald|p2a: Slowbro
|-resisted|p2a: Slowbro
|-damage|p2a: Slowbro|270\/394
|
|-weather|RainDance|[upkeep]
|-heal|p2a: Slowbro|294\/394|[from] item: Leftovers
|turn|32
|
|move|p1a: Politoed|Toxic|p2a: Slowbro|[miss]
|-miss|p1a: Politoed|p2a: Slowbro
|move|p2a: Slowbro|Toxic|p1a: Politoed
|-status|p1a: Politoed|tox
|
|-weather|RainDance|[upkeep]
|-heal|p2a: Slowbro|318\/394|[from] item: Leftovers
|-damage|p1a: Politoed|326\/384 tox|[from] psn
|turn|33
|
|switch|p1a: Noivern|Noivern, F|311\/311
|switch|p2a: Ferrothorn|Ferrothorn, M|320\/351
|-damage|p2a: Ferrothorn|299\/351|[from] Stealth Rock
|
|-weather|RainDance|[upkeep]
|turn|34
|
|move|p1a: Noivern|Hurricane|p2a: Ferrothorn
|-damage|p2a: Ferrothorn|137\/351
|move|p2a: Ferrothorn|Knock Off|p1a: Noivern
|-damage|p1a: Noivern|215\/311
|-enditem|p1a: Noivern|Choice Specs|[from] move: Knock Off|[of] p2a: Ferrothorn
|
|-weather|RainDance|[upkeep]
|turn|35
|
|switch|p2a: Audino|Audino, M|409\/409
|-damage|p2a: Audino|358\/409|[from] Stealth Rock
|move|p1a: Noivern|Focus Blast|p2a: Audino|[miss]
|-miss|p1a: Noivern|p2a: Audino
|
|-weather|RainDance|[upkeep]
|-heal|p2a: Audino|383\/409|[from] item: Leftovers
|turn|36
|
|move|p1a: Noivern|Hurricane|p2a: Audino
|-damage|p2a: Audino|259\/409
|move|p2a: Audino|Trick Room|p2a: Audino
|-fieldstart|move: Trick Room|[of] p2a: Audino
|
|-weather|RainDance|[upkeep]
|-heal|p2a: Audino|284\/409|[from] item: Leftovers
|turn|37
|
|switch|p2a: Ferrothorn|Ferrothorn, M|137\/351
|-damage|p2a: Ferrothorn|116\/351|[from] Stealth Rock
|move|p1a: Noivern|Focus Blast|p2a: Ferrothorn
|-supereffective|p2a: Ferrothorn
|-damage|p2a: Ferrothorn|0 fnt
|faint|p2a: Ferrothorn
|
|-weather|none
|
|switch|p2a: Sylveon|Sylveon, F|393\/393
|-damage|p2a: Sylveon|344\/393|[from] Stealth Rock
|turn|38
|
|switch|p1a: Gothitelle|Gothitelle, M|199\/301
|move|p2a: Sylveon|Hyper Voice|p1a: Gothitelle
|-damage|p1a: Gothitelle|0 fnt
|faint|p1a: Gothitelle
|
|
|switch|p1a: Politoed|Politoed, M|326\/384 tox
|-weather|RainDance
|turn|39
|
|move|p2a: Sylveon|Hyper Voice|p1a: Politoed
|-crit|p1a: Politoed
|-damage|p1a: Politoed|0 fnt
|faint|p1a: Politoed
|
|-weather|RainDance|[upkeep]
|
|switch|p1a: Swampert|Swampert, F|341\/341
|turn|40
|
|switch|p2a: Slowbro|Slowbro, M|394\/394
|-damage|p2a: Slowbro|345\/394|[from] Stealth Rock
|detailschange|p1a: Swampert|Swampert-Mega, F
|message|Swampert has Mega Evolved into Mega Swampert!
|move|p1a: Swampert|Power-Up Punch|p2a: Slowbro
|-resisted|p2a: Slowbro
|-damage|p2a: Slowbro|326\/394
|-boost|p1a: Swampert|atk|1
|
|-weather|RainDance|[upkeep]
|-heal|p2a: Slowbro|350\/394|[from] item: Leftovers
|-fieldend|move: Trick Room
|turn|41
|
|move|p1a: Swampert|Earthquake|p2a: Slowbro
|-damage|p2a: Slowbro|137\/394
|move|p2a: Slowbro|Trick Room|p2a: Slowbro
|-fieldstart|move: Trick Room|[of] p2a: Slowbro
|
|-weather|RainDance|[upkeep]
|-heal|p2a: Slowbro|161\/394|[from] item: Leftovers
|turn|42
|
|switch|p2a: Gothitelle|Gothitelle, M|244\/301 slp
|-damage|p2a: Gothitelle|207\/301 slp|[from] Stealth Rock
|move|p1a: Swampert|Earthquake|p2a: Gothitelle
|-damage|p2a: Gothitelle|0 fnt
|faint|p2a: Gothitelle
|
|-weather|RainDance|[upkeep]
|
|switch|p2a: Sableye|Sableye, M|303\/303
|-damage|p2a: Sableye|266\/303|[from] Stealth Rock
|turn|43
|
|switch|p1a: Noivern|Noivern, F|215\/311
|detailschange|p2a: Sableye|Sableye-Mega, M
|message|Sableye has Mega Evolved into Mega Sableye!
|move|p2a: Sableye|Will-O-Wisp|p1a: Noivern
|-status|p1a: Noivern|brn
|
|-weather|RainDance|[upkeep]
|-damage|p1a: Noivern|177\/311 brn|[from] brn
|turn|44
|
|move|p2a: Sableye|Calm Mind|p2a: Sableye
|-boost|p2a: Sableye|spa|1
|-boost|p2a: Sableye|spd|1
|move|p1a: Noivern|Hurricane|p2a: Sableye
|-damage|p2a: Sableye|176\/303
|
|-weather|RainDance|[upkeep]
|-damage|p1a: Noivern|139\/311 brn|[from] brn
|turn|45
|
|move|p2a: Sableye|Recover|p2a: Sableye
|-heal|p2a: Sableye|303\/303
|move|p1a: Noivern|Hurricane|p2a: Sableye
|-damage|p2a: Sableye|215\/303
|-start|p2a: Sableye|confusion
|
|-weather|RainDance|[upkeep]
|-damage|p1a: Noivern|101\/311 brn|[from] brn
|-fieldend|move: Trick Room
|turn|46
|
|switch|p2a: Audino|Audino, M|409\/409
|-damage|p2a: Audino|358\/409|[from] Stealth Rock
|move|p1a: Noivern|U-turn|p2a: Audino
|-crit|p2a: Audino
|-damage|p2a: Audino|325\/409
|
|switch|p1a: Swampert|Swampert-Mega, F|341\/341
|
|-weather|none
|-heal|p2a: Audino|350\/409|[from] item: Leftovers
|turn|47
|
|move|p1a: Swampert|Power-Up Punch|p2a: Audino
|-supereffective|p2a: Audino
|-damage|p2a: Audino|224\/409
|-boost|p1a: Swampert|atk|1
|move|p2a: Audino|Trick Room|p2a: Audino
|-fieldstart|move: Trick Room|[of] p2a: Audino
|
|-heal|p2a: Audino|249\/409|[from] item: Leftovers
|turn|48
|
|switch|p2a: Sableye|Sableye-Mega, M|215\/303
|-damage|p2a: Sableye|178\/303|[from] Stealth Rock
|move|p1a: Swampert|Power-Up Punch|p2a: Sableye
|-immune|p2a: Sableye|[msg]
|
|turn|49
|
|move|p2a: Sableye|Will-O-Wisp|p1a: Swampert|[miss]
|-miss|p2a: Sableye|p1a: Swampert
|move|p1a: Swampert|Earthquake|p2a: Sableye
|-damage|p2a: Sableye|6\/303
|
|turn|50
|
|switch|p1a: Noivern|Noivern, F|101\/311 brn
|move|p2a: Sableye|Will-O-Wisp|p1a: Noivern
|-fail|p1a: Noivern|brn
|
|-damage|p1a: Noivern|63\/311 brn|[from] brn
|turn|51
|
|move|p2a: Sableye|Dark Pulse|p1a: Noivern
|-damage|p1a: Noivern|0 fnt
|faint|p1a: Noivern
|
|-fieldend|move: Trick Room
|
|switch|p1a: Swampert|Swampert-Mega, F|341\/341
|turn|52
|
|move|p1a: Swampert|Earthquake|p2a: Sableye
|-damage|p2a: Sableye|0 fnt
|faint|p2a: Sableye
|
|
|switch|p2a: Slowbro|Slowbro, M|292\/394
|-damage|p2a: Slowbro|243\/394|[from] Stealth Rock
|turn|53
|
|move|p1a: Swampert|Earthquake|p2a: Slowbro
|-damage|p2a: Slowbro|113\/394
|move|p2a: Slowbro|Trick Room|p2a: Slowbro
|-fieldstart|move: Trick Room|[of] p2a: Slowbro
|
|-heal|p2a: Slowbro|137\/394|[from] item: Leftovers
|turn|54
|
|move|p2a: Slowbro|Scald|p1a: Swampert
|-damage|p1a: Swampert|248\/341
|move|p1a: Swampert|Power-Up Punch|p2a: Slowbro
|-resisted|p2a: Slowbro
|-damage|p2a: Slowbro|118\/394
|-boost|p1a: Swampert|atk|1
|
|-heal|p2a: Slowbro|142\/394|[from] item: Leftovers
|turn|55
|
|move|p2a: Slowbro|Scald|p1a: Swampert
|-damage|p1a: Swampert|164\/341
|move|p1a: Swampert|Earthquake|p2a: Slowbro
|-damage|p2a: Slowbro|0 fnt
|faint|p2a: Slowbro
|
|
|switch|p2a: Sylveon|Sylveon, F|344\/393
|-damage|p2a: Sylveon|295\/393|[from] Stealth Rock
|turn|56
|
|move|p2a: Sylveon|Hyper Voice|p1a: Swampert
|-damage|p1a: Swampert|0 fnt
|faint|p1a: Swampert
|
|
|switch|p1a: Kabutops|Kabutops, F|261\/261
|turn|57
|
|move|p2a: Sylveon|Hyper Voice|p1a: Kabutops
|-damage|p1a: Kabutops|0 fnt
|faint|p1a: Kabutops
|
|win|areee
|raw|Ladder updating...
|raw|swaggyc__25's rating: 1397 &rarr; <strong>1377<\/strong><br \/>(-20 for losing)
|raw|areee's rating: 1411 &rarr; <strong>1430<\/strong><br \/>(+19 for winning)
|c|âareee|gg
|leave|swaggyc__25
|player|p1