|join|swaggyc__25
|join|Chocolove
|player|p1|swaggyc__25|291
|player|p2|Chocolove|3
|gametype|singles
|gen|6
|tier|ORAS OU
|rated
|rule|Sleep Clause Mod: Limit one foe put to sleep
|rule|Species Clause: Limit one of each PokÃ©mon
|rule|OHKO Clause: OHKO moves are banned
|rule|Moody Clause: Moody is banned
|rule|Evasion Moves Clause: Evasion moves are banned
|rule|Endless Battle Clause: Forcing endless battles is banned
|rule|HP Percentage Mod: HP is shown in percentages
|clearpoke
|poke|p1|Sceptile, F
|poke|p1|Greninja, F
|poke|p1|Magnezone
|poke|p1|Slowbro, F
|poke|p1|Mamoswine, M
|poke|p1|Gengar, F
|poke|p2|Sableye, F
|poke|p2|Alomomola, F
|poke|p2|Skarmory, F
|poke|p2|Chansey, F
|poke|p2|Quagsire, F
|poke|p2|Amoonguss, F
|rule|Swagger Clause: Swagger is banned
|rule|Baton Pass Clause: Limit one PokÃ©mon knowing Baton Pass
|teampreview
|
|start
|switch|p1a: Magnezone|Magnezone|344\/344
|switch|p2a: Gollum|Sableye, F|304\/304
|turn|1
|
|switch|p2a: Porn Star|Chansey, F|642\/642
|move|p1a: Magnezone|Volt Switch|p2a: Porn Star
|-damage|p2a: Porn Star|533\/642
|
|switch|p1a: Gengar|Gengar, F|261\/261
|
|turn|2
|
|move|p1a: Gengar|Substitute|p1a: Gengar
|-start|p1a: Gengar|Substitute
|-damage|p1a: Gengar|196\/261
|move|p2a: Porn Star|Stealth Rock|p1a: Gengar
|-sidestart|p1: swaggyc__25|move: Stealth Rock
|
|-heal|p1a: Gengar|212\/261|[from] item: Black Sludge
|turn|3
|
|move|p1a: Gengar|Will-O-Wisp|p2a: Porn Star
|-status|p2a: Porn Star|brn
|move|p2a: Porn Star|Soft-Boiled|p2a: Porn Star
|-heal|p2a: Porn Star|642\/642 brn
|
|-heal|p1a: Gengar|228\/261|[from] item: Black Sludge
|-damage|p2a: Porn Star|562\/642 brn|[from] brn
|turn|4
|
|switch|p2a: Gollum|Sableye, F|304\/304
|move|p1a: Gengar|Pain Split|p2a: Gollum
|-sethp|p2a: Gollum|266\/304|p1a: Gengar|261\/261|[from] move: Pain Split
|
|turn|5
|
|detailschange|p2a: Gollum|Sableye-Mega, F
|message|Sableye has Mega Evolved into Mega Sableye!
|move|p2a: Gollum|Calm Mind|p2a: Gollum
|-boost|p2a: Gollum|spa|1
|-boost|p2a: Gollum|spd|1
|move|p1a: Gengar|Shadow Ball|p2a: Gollum
|-damage|p2a: Gollum|179\/304
|
|turn|6
|
|move|p1a: Gengar|Shadow Ball|p2a: Gollum
|-damage|p2a: Gollum|100\/304
|move|p2a: Gollum|Calm Mind|p2a: Gollum
|-boost|p2a: Gollum|spa|1
|-boost|p2a: Gollum|spd|1
|
|turn|7
|
|move|p1a: Gengar|Shadow Ball|p2a: Gollum
|-damage|p2a: Gollum|31\/304
|move|p2a: Gollum|Recover|p2a: Gollum
|-heal|p2a: Gollum|183\/304
|
|turn|8
|
|move|p1a: Gengar|Shadow Ball|p2a: Gollum
|-damage|p2a: Gollum|117\/304
|move|p2a: Gollum|Recover|p2a: Gollum
|-heal|p2a: Gollum|269\/304
|
|turn|9
|
|move|p1a: Gengar|Shadow Ball|p2a: Gollum
|-damage|p2a: Gollum|200\/304
|move|p2a: Gollum|Calm Mind|p2a: Gollum
|-boost|p2a: Gollum|spa|1
|-boost|p2a: Gollum|spd|1
|
|turn|10
|
|move|p1a: Gengar|Shadow Ball|p2a: Gollum
|-damage|p2a: Gollum|148\/304
|move|p2a: Gollum|Recover|p2a: Gollum
|-heal|p2a: Gollum|300\/304
|
|turn|11
|
|move|p1a: Gengar|Shadow Ball|p2a: Gollum
|-damage|p2a: Gollum|248\/304
|move|p2a: Gollum|Dark Pulse|p1a: Gengar
|-supereffective|p1a: Gengar
|-end|p1a: Gengar|Substitute
|
|turn|12
|
|move|p1a: Gengar|Substitute|p1a: Gengar
|-start|p1a: Gengar|Substitute
|-damage|p1a: Gengar|196\/261
|move|p2a: Gollum|Calm Mind|p2a: Gollum
|-boost|p2a: Gollum|spa|1
|-boost|p2a: Gollum|spd|1
|
|-heal|p1a: Gengar|212\/261|[from] item: Black Sludge
|turn|13
|
|move|p1a: Gengar|Shadow Ball|p2a: Gollum
|-damage|p2a: Gollum|203\/304
|move|p2a: Gollum|Calm Mind|p2a: Gollum
|-boost|p2a: Gollum|spa|1
|-boost|p2a: Gollum|spd|1
|
|-heal|p1a: Gengar|228\/261|[from] item: Black Sludge
|turn|14
|
|move|p1a: Gengar|Shadow Ball|p2a: Gollum
|-damage|p2a: Gollum|164\/304
|move|p2a: Gollum|Recover|p2a: Gollum
|-heal|p2a: Gollum|304\/304
|
|-heal|p1a: Gengar|244\/261|[from] item: Black Sludge
|turn|15
|
|move|p1a: Gengar|Shadow Ball|p2a: Gollum
|-damage|p2a: Gollum|267\/304
|move|p2a: Gollum|Calm Mind|p2a: Gollum
|-boost|p2a: Gollum|spa|1
|-boost|p2a: Gollum|spd|1
|
|-heal|p1a: Gengar|260\/261|[from] item: Black Sludge
|turn|16
|
|move|p1a: Gengar|Shadow Ball|p2a: Gollum
|-damage|p2a: Gollum|234\/304
|-unboost|p2a: Gollum|spd|1
|move|p2a: Gollum|Dark Pulse|p1a: Gengar
|-crit|p1a: Gengar
|-supereffective|p1a: Gengar
|-end|p1a: Gengar|Substitute
|
|-heal|p1a: Gengar|261\/261|[from] item: Black Sludge
|turn|17
|
|move|p1a: Gengar|Shadow Ball|p2a: Gollum
|-damage|p2a: Gollum|195\/304
|-unboost|p2a: Gollum|spd|1
|move|p2a: Gollum|Dark Pulse|p1a: Gengar
|-supereffective|p1a: Gengar
|-damage|p1a: Gengar|0 fnt
|faint|p1a: Gengar
|
|
|switch|p1a: Mamoswine|Mamoswine, M|361\/361
|-damage|p1a: Mamoswine|316\/361|[from] Stealth Rock
|turn|18
|
|move|p1a: Mamoswine|Earthquake|p2a: Gollum
|-damage|p2a: Gollum|65\/304
|move|p2a: Gollum|Recover|p2a: Gollum
|-heal|p2a: Gollum|217\/304
|
|turn|19
|
|move|p1a: Mamoswine|Earthquake|p2a: Gollum
|-crit|p2a: Gollum
|-damage|p2a: Gollum|48\/304
|move|p2a: Gollum|Will-O-Wisp|p1a: Mamoswine
|-status|p1a: Mamoswine|brn
|
|-damage|p1a: Mamoswine|271\/361 brn|[from] brn
|turn|20
|
|move|p1a: Mamoswine|Earthquake|p2a: Gollum
|-damage|p2a: Gollum|0 fnt
|faint|p2a: Gollum
|
|-damage|p1a: Mamoswine|226\/361 brn|[from] brn
|
|switch|p2a: Shoop da whoop|Quagsire, F|394\/394
|turn|21
|
|move|p1a: Mamoswine|Stealth Rock|p2a: Shoop da whoop
|-sidestart|p2: Chocolove|move: Stealth Rock
|move|p2a: Shoop da whoop|Scald|p1a: Mamoswine
|-crit|p1a: Mamoswine
|-supereffective|p1a: Mamoswine
|-damage|p1a: Mamoswine|0 fnt
|faint|p1a: Mamoswine
|
|
|switch|p1a: Sceptile|Sceptile, F|281\/281
|-damage|p1a: Sceptile|246\/281|[from] Stealth Rock
|turn|22
|
|switch|p2a: Porn Star|Chansey, F|562\/642
|-damage|p2a: Porn Star|482\/642|[from] Stealth Rock
|detailschange|p1a: Sceptile|Sceptile-Mega, F
|message|Sceptile has Mega Evolved into Mega Sceptile!
|move|p1a: Sceptile|Giga Drain|p2a: Porn Star
|-damage|p2a: Porn Star|413\/642
|-heal|p1a: Sceptile|281\/281|[from] drain|[of] p2a: Porn Star
|
|turn|23
|
|switch|p1a: Magnezone|Magnezone|344\/344
|-damage|p1a: Magnezone|323\/344|[from] Stealth Rock
|move|p2a: Porn Star|Soft-Boiled|p2a: Porn Star
|-heal|p2a: Porn Star|642\/642
|
|turn|24
|
|switch|p1a: Sceptile|Sceptile-Mega, F|281\/281
|-damage|p1a: Sceptile|246\/281|[from] Stealth Rock
|move|p2a: Porn Star|Seismic Toss|p1a: Sceptile
|-damage|p1a: Sceptile|146\/281
|
|turn|25
|
|move|p1a: Sceptile|Giga Drain|p2a: Porn Star
|-damage|p2a: Porn Star|563\/642
|-heal|p1a: Sceptile|186\/281|[from] drain|[of] p2a: Porn Star
|move|p2a: Porn Star|Seismic Toss|p1a: Sceptile
|-damage|p1a: Sceptile|86\/281
|
|turn|26
|
|switch|p1a: Greninja|Greninja, F|286\/286
|-damage|p1a: Greninja|251\/286|[from] Stealth Rock
|move|p2a: Porn Star|Seismic Toss|p1a: Greninja
|-damage|p1a: Greninja|151\/286
|
|turn|27
|
|move|p1a: Greninja|Low Kick|p2a: Porn Star
|-start|p1a: Greninja|typechange|Fighting|[from] Protean
|-supereffective|p2a: Porn Star
|-damage|p2a: Porn Star|345\/642
|move|p2a: Porn Star|Seismic Toss|p1a: Greninja
|-damage|p1a: Greninja|51\/286
|
|turn|28
|
|move|p1a: Greninja|Low Kick|p2a: Porn Star
|-supereffective|p2a: Porn Star
|-damage|p2a: Porn Star|121\/642
|move|p2a: Porn Star|Soft-Boiled|p2a: Porn Star
|-heal|p2a: Porn Star|442\/642
|
|turn|29
|
|switch|p2a: Toad|Amoonguss, F|432\/432
|-damage|p2a: Toad|378\/432|[from] Stealth Rock
|move|p1a: Greninja|Low Kick|p2a: Toad
|-resisted|p2a: Toad
|-damage|p2a: Toad|352\/432
|
|-heal|p2a: Toad|379\/432|[from] item: Black Sludge
|turn|30
|
|move|p1a: Greninja|Acrobatics|p2a: Toad
|-start|p1a: Greninja|typechange|Flying|[from] Protean
|-supereffective|p2a: Toad
|-damage|p2a: Toad|55\/432
|move|p2a: Toad|Sludge Bomb|p1a: Greninja
|-damage|p1a: Greninja|0 fnt
|faint|p1a: Greninja
|
|-heal|p2a: Toad|82\/432|[from] item: Black Sludge
|-message|swaggyc__25 forfeited.
|
|win|Chocolove
|raw|Ladder updating...
|leave|swaggyc__25
|player|p1
|raw|swaggyc__25's rating: 1405 &rarr; <strong>1383<\/strong><br \/>(-22 for losing)
|raw|Chocolove's rating: 1365 &rarr; <strong>1388<\/strong><br \/>(+23 for winning)