|join|Matt625
|join|swaggyc__25
|player|p1|Matt625|143
|player|p2|swaggyc__25|291
|gametype|singles
|gen|6
|tier|OU
|rated
|clearpoke
|poke|p1|Landorus-Therian, M
|poke|p1|Mew
|poke|p1|Charizard, F
|poke|p1|Rotom-Wash
|poke|p1|Keldeo
|poke|p1|Ferrothorn, M
|poke|p2|Politoed, M
|poke|p2|Ludicolo, F
|poke|p2|Gyarados, F
|poke|p2|Kingdra, M
|poke|p2|Ferrothorn, F
|poke|p2|Swampert, F
|rule|Swagger Clause: Swagger is banned
|rule|Baton Pass Clause: Limit one PokÃ©mon knowing Baton Pass
|rule|Sleep Clause Mod: Limit one foe put to sleep
|rule|Species Clause: Limit one of each PokÃ©mon
|rule|OHKO Clause: OHKO moves are banned
|rule|Moody Clause: Moody is banned
|rule|Evasion Moves Clause: Evasion moves are banned
|rule|Endless Battle Clause: Forcing endless battles is banned
|rule|HP Percentage Mod: HP is shown in percentages
|teampreview
|
|start
|switch|p1a: Charizard|Charizard, F|297\/297
|switch|p2a: Politoed|Politoed, M|384\/384
|-weather|RainDance
|turn|1
|
|switch|p2a: Ferrothorn|Ferrothorn, F|352\/352
|detailschange|p1a: Charizard|Charizard-Mega-Y, F
|message|Charizard has Mega Evolved into Mega Charizard!
|-weather|SunnyDay
|move|p1a: Charizard|Solar Beam|p2a: Ferrothorn|[still]
|-prepare|p1a: Charizard|Solar Beam|p2a: Ferrothorn
|-anim|p1a: Charizard|Solar Beam|p2a: Ferrothorn
|-resisted|p2a: Ferrothorn
|-damage|p2a: Ferrothorn|319\/352
|
|-weather|SunnyDay|[upkeep]
|-heal|p2a: Ferrothorn|341\/352|[from] item: Leftovers
|turn|2
|
|switch|p1a: Rotom-Wash|Rotom-Wash|303\/303
|switch|p2a: Politoed|Politoed, M|384\/384
|-weather|RainDance
|
|-weather|RainDance|[upkeep]
|turn|3
|
|switch|p2a: Ludicolo|Ludicolo, F|301\/301
|move|p1a: Rotom-Wash|Volt Switch|p2a: Ludicolo
|-damage|p2a: Ludicolo|222\/301
|
|switch|p1a: Charizard|Charizard-Mega-Y, F|297\/297
|-weather|SunnyDay
|
|-weather|SunnyDay|[upkeep]
|turn|4
|
|switch|p1a: Rotom-Wash|Rotom-Wash|303\/303
|switch|p2a: Politoed|Politoed, M|384\/384
|-weather|RainDance
|
|-weather|RainDance|[upkeep]
|turn|5
|
|switch|p2a: Ferrothorn|Ferrothorn, F|341\/352
|move|p1a: Rotom-Wash|Will-O-Wisp|p2a: Ferrothorn|[miss]
|-miss|p1a: Rotom-Wash|p2a: Ferrothorn
|
|-weather|RainDance|[upkeep]
|-heal|p2a: Ferrothorn|352\/352|[from] item: Leftovers
|turn|6
|
|move|p1a: Rotom-Wash|Volt Switch|p2a: Ferrothorn
|-resisted|p2a: Ferrothorn
|-damage|p2a: Ferrothorn|322\/352
|
|switch|p1a: Charizard|Charizard-Mega-Y, F|297\/297
|-weather|SunnyDay
|move|p2a: Ferrothorn|Stealth Rock|p1a: Charizard
|-sidestart|p1: Matt625|move: Stealth Rock
|
|-weather|SunnyDay|[upkeep]
|-heal|p2a: Ferrothorn|344\/352|[from] item: Leftovers
|turn|7
|
|switch|p1a: Mew|Mew|403\/403
|-damage|p1a: Mew|353\/403|[from] Stealth Rock
|switch|p2a: Politoed|Politoed, M|384\/384
|-weather|RainDance
|
|-weather|RainDance|[upkeep]
|-heal|p1a: Mew|378\/403|[from] item: Leftovers
|turn|8
|
|move|p1a: Mew|Defog|p2a: Politoed
|-unboost|p2a: Politoed|evasion|1
|-sideend|p1: Matt625|Stealth Rock|[from] move: Defog|[of] p1a: Mew
|move|p2a: Politoed|Scald|p1a: Mew
|-damage|p1a: Mew|279\/403
|
|-weather|RainDance|[upkeep]
|-heal|p1a: Mew|304\/403|[from] item: Leftovers
|turn|9
|
|move|p1a: Mew|Knock Off|p2a: Politoed
|-damage|p2a: Politoed|312\/384
|-enditem|p2a: Politoed|Damp Rock|[from] move: Knock Off|[of] p1a: Mew
|move|p2a: Politoed|Toxic|p1a: Mew
|-status|p1a: Mew|tox
|-status|p2a: Politoed|tox
|
|-weather|RainDance|[upkeep]
|-heal|p1a: Mew|329\/403 tox|[from] item: Leftovers
|-damage|p1a: Mew|304\/403 tox|[from] psn
|-damage|p2a: Politoed|288\/384 tox|[from] psn
|turn|10
|
|switch|p1a: Charizard|Charizard-Mega-Y, F|297\/297
|-weather|SunnyDay
|move|p2a: Politoed|Rest|p2a: Politoed
|-status|p2a: Politoed|slp
|-heal|p2a: Politoed|384\/384 slp|[silent]
|-status|p2a: Politoed|slp|[from] move: Rest
|
|-weather|SunnyDay|[upkeep]
|turn|11
|
|switch|p2a: Kingdra|Kingdra, M|291\/291
|move|p1a: Charizard|Fire Blast|p2a: Kingdra
|-resisted|p2a: Kingdra
|-damage|p2a: Kingdra|200\/291
|
|-weather|SunnyDay|[upkeep]
|turn|12
|
|switch|p1a: Ferrothorn|Ferrothorn, M|352\/352
|switch|p2a: Politoed|Politoed, M|384\/384 slp
|-weather|RainDance
|
|-weather|RainDance|[upkeep]
|turn|13
|
|switch|p2a: Ferrothorn|Ferrothorn, F|344\/352
|switch|p1a: Charizard|Charizard-Mega-Y, F|297\/297
|-weather|SunnyDay
|
|-weather|SunnyDay|[upkeep]
|-heal|p2a: Ferrothorn|352\/352|[from] item: Leftovers
|turn|14
|
|move|p1a: Charizard|Fire Blast|p2a: Ferrothorn
|-supereffective|p2a: Ferrothorn
|-damage|p2a: Ferrothorn|0 fnt
|faint|p2a: Ferrothorn
|
|-weather|SunnyDay|[upkeep]
|-message|swaggyc__25 forfeited.
|
|win|Matt625
|raw|Ladder updating...
|leave|swaggyc__25
|player|p2
|raw|Matt625's rating: 1513 &rarr; <strong>1528<\/strong><br \/>(+15 for winning)
|raw|swaggyc__25's rating: 1416 &rarr; <strong>1402<\/strong><br \/>(-14 for losing)
|leave|Matt625
|player|p1
|join|Matt625