|join|Hogg Horse
|join|Count Bleck
|player|p1|Hogg Horse|125
|player|p2|Count Bleck|238
|gametype|singles
|gen|6
|tier|UU
|rated
|rule|Sleep Clause Mod: Limit one foe put to sleep
|rule|Species Clause: Limit one of each PokÃ©mon
|rule|OHKO Clause: OHKO moves are banned
|rule|Moody Clause: Moody is banned
|rule|Evasion Moves Clause: Evasion moves are banned
|rule|Endless Battle Clause: Forcing endless battles is banned
|rule|HP Percentage Mod: HP is shown in percentages
|clearpoke
|poke|p1|Bronzong
|poke|p1|Tentacruel, M
|poke|p1|Kyurem
|poke|p1|Amoonguss, M
|poke|p1|Pidgeot, F
|poke|p1|Arcanine, F
|poke|p2|Hippowdon, F
|poke|p2|Steelix, F
|poke|p2|Slowking, M
|poke|p2|Reuniclus, F
|poke|p2|Escavalier, F
|poke|p2|Pangoro, F
|rule|Swagger Clause: Swagger is banned
|rule|Baton Pass Clause: Limit one PokÃ©mon knowing Baton Pass
|teampreview
|
|start
|switch|p1a: Tentacruel|Tentacruel, M|361\/361
|switch|p2a: Gumbo|Hippowdon, F|420\/420
|-weather|Sandstorm
|turn|1
|
|move|p1a: Tentacruel|Scald|p2a: Gumbo
|-supereffective|p2a: Gumbo
|-damage|p2a: Gumbo|216\/420
|move|p2a: Gumbo|Stealth Rock|p1a: Tentacruel
|-sidestart|p1: Hogg Horse|move: Stealth Rock
|
|-weather|Sandstorm|[upkeep]
|-damage|p1a: Tentacruel|339\/361|[from] sandstorm
|-heal|p1a: Tentacruel|361\/361|[from] item: Black Sludge
|turn|2
|
|switch|p2a: Prof. Thomas|Slowking, M|393\/393
|move|p1a: Tentacruel|Scald|p2a: Prof. Thomas
|-resisted|p2a: Prof. Thomas
|-damage|p2a: Prof. Thomas|358\/393
|
|-weather|Sandstorm|[upkeep]
|-damage|p1a: Tentacruel|339\/361|[from] sandstorm
|-damage|p2a: Prof. Thomas|334\/393|[from] sandstorm
|-heal|p1a: Tentacruel|361\/361|[from] item: Black Sludge
|turn|3
|
|move|p1a: Tentacruel|Rapid Spin|p2a: Prof. Thomas
|-damage|p2a: Prof. Thomas|323\/393
|-sideend|p1: Hogg Horse|Stealth Rock|[from] move: Rapid Spin|[of] p1a: Tentacruel
|move|p2a: Prof. Thomas|Trick Room|p2a: Prof. Thomas
|-fieldstart|move: Trick Room|[of] p2a: Prof. Thomas
|
|-weather|Sandstorm|[upkeep]
|-damage|p2a: Prof. Thomas|299\/393|[from] sandstorm
|-damage|p1a: Tentacruel|339\/361|[from] sandstorm
|-heal|p1a: Tentacruel|361\/361|[from] item: Black Sludge
|turn|4
|
|switch|p1a: Bronzong|Bronzong|338\/338
|move|p2a: Prof. Thomas|Nasty Plot|p2a: Prof. Thomas
|-boost|p2a: Prof. Thomas|spa|2
|
|-weather|Sandstorm|[upkeep]
|-damage|p2a: Prof. Thomas|275\/393|[from] sandstorm
|turn|5
|
|move|p2a: Prof. Thomas|Scald|p1a: Bronzong
|-damage|p1a: Bronzong|175\/338
|move|p1a: Bronzong|Toxic|p2a: Prof. Thomas|[miss]
|-miss|p1a: Bronzong|p2a: Prof. Thomas
|
|-weather|Sandstorm|[upkeep]
|-damage|p2a: Prof. Thomas|251\/393|[from] sandstorm
|-heal|p1a: Bronzong|196\/338|[from] item: Leftovers
|turn|6
|
|switch|p2a: Shadow Mitsuo|Reuniclus, F|424\/424
|switch|p1a: Amoonguss|Amoonguss, M|432\/432
|
|-weather|Sandstorm|[upkeep]
|-damage|p1a: Amoonguss|405\/432|[from] sandstorm
|-heal|p1a: Amoonguss|432\/432|[from] item: Black Sludge
|turn|7
|
|switch|p1a: Bronzong|Bronzong|196\/338
|move|p2a: Shadow Mitsuo|Psychic|p1a: Bronzong
|-resisted|p1a: Bronzong
|-damage|p1a: Bronzong|171\/338
|
|-weather|Sandstorm|[upkeep]
|-heal|p1a: Bronzong|192\/338|[from] item: Leftovers
|-fieldend|move: Trick Room
|turn|8
|
|switch|p1a: Kyurem|Kyurem|405\/405
|-ability|p1a: Kyurem|Pressure
|move|p2a: Shadow Mitsuo|Trick Room|p2a: Shadow Mitsuo
|-fieldstart|move: Trick Room|[of] p2a: Shadow Mitsuo
|
|-weather|none
|turn|9
|
|switch|p2a: All In|Escavalier, F|327\/327
|move|p1a: Kyurem|Substitute|p1a: Kyurem
|-start|p1a: Kyurem|Substitute
|-damage|p1a: Kyurem|304\/405
|
|-heal|p1a: Kyurem|329\/405|[from] item: Leftovers
|turn|10
|
|move|p2a: All In|Iron Head|p1a: Kyurem
|-supereffective|p1a: Kyurem
|-end|p1a: Kyurem|Substitute
|move|p1a: Kyurem|Earth Power|p2a: All In
|-crit|p2a: All In
|-damage|p2a: All In|221\/327
|
|-heal|p1a: Kyurem|354\/405|[from] item: Leftovers
|turn|11
|
|switch|p1a: Arcanine|Arcanine, F|383\/383
|-ability|p1a: Arcanine|Intimidate|[of] p2a: All In
|-unboost|p2a: All In|atk|1
|move|p2a: All In|Iron Head|p1a: Arcanine
|-resisted|p1a: Arcanine
|-damage|p1a: Arcanine|338\/383
|
|-heal|p1a: Arcanine|361\/383|[from] item: Leftovers
|turn|12
|
|switch|p2a: Gumbo|Hippowdon, F|216\/420
|-weather|Sandstorm
|move|p1a: Arcanine|Flare Blitz|p2a: Gumbo
|-damage|p2a: Gumbo|123\/420
|-damage|p1a: Arcanine|330\/383|[from] recoil|[of] p2a: Gumbo
|
|-weather|Sandstorm|[upkeep]
|-damage|p1a: Arcanine|307\/383|[from] sandstorm
|-heal|p1a: Arcanine|330\/383|[from] item: Leftovers
|-fieldend|move: Trick Room
|turn|13
|
|move|p1a: Arcanine|Toxic|p2a: Gumbo
|-status|p2a: Gumbo|tox
|move|p2a: Gumbo|Stealth Rock|p1a: Arcanine
|-sidestart|p1: Hogg Horse|move: Stealth Rock
|
|-weather|Sandstorm|[upkeep]
|-damage|p1a: Arcanine|307\/383|[from] sandstorm
|-heal|p1a: Arcanine|330\/383|[from] item: Leftovers
|-damage|p2a: Gumbo|97\/420 tox|[from] psn
|turn|14
|c|âHogg Horse|sorry, was changing a baby
|c|âHogg Horse|back now
|
|switch|p1a: Bronzong|Bronzong|192\/338
|-damage|p1a: Bronzong|171\/338|[from] Stealth Rock
|switch|p2a: Shadow Mitsuo|Reuniclus, F|424\/424
|
|-weather|Sandstorm|[upkeep]
|-heal|p1a: Bronzong|192\/338|[from] item: Leftovers
|turn|15
|
|move|p1a: Bronzong|Stealth Rock|p2a: Shadow Mitsuo
|-sidestart|p2: Count Bleck|move: Stealth Rock
|move|p2a: Shadow Mitsuo|Trick Room|p2a: Shadow Mitsuo
|-fieldstart|move: Trick Room|[of] p2a: Shadow Mitsuo
|
|-weather|Sandstorm|[upkeep]
|-heal|p1a: Bronzong|213\/338|[from] item: Leftovers
|turn|16
|
|switch|p2a: TAKIN' U PUNKS DWN|Pangoro, F|393\/393
|-damage|p2a: TAKIN' U PUNKS DWN|369\/393|[from] Stealth Rock
|switch|p1a: Pidgeot|Pidgeot, F|307\/307
|-damage|p1a: Pidgeot|231\/307|[from] Stealth Rock
|
|-weather|Sandstorm|[upkeep]
|-damage|p2a: TAKIN' U PUNKS DWN|345\/393|[from] sandstorm
|-damage|p1a: Pidgeot|212\/307|[from] sandstorm
|turn|17
|
|switch|p1a: Arcanine|Arcanine, F|330\/383
|-damage|p1a: Arcanine|235\/383|[from] Stealth Rock
|-ability|p1a: Arcanine|Intimidate|[of] p2a: TAKIN' U PUNKS DWN
|-unboost|p2a: TAKIN' U PUNKS DWN|atk|1
|move|p2a: TAKIN' U PUNKS DWN|Hammer Arm|p1a: Arcanine
|-damage|p1a: Arcanine|115\/383
|-unboost|p2a: TAKIN' U PUNKS DWN|spe|1
|
|-weather|Sandstorm|[upkeep]
|-damage|p2a: TAKIN' U PUNKS DWN|321\/393|[from] sandstorm
|-damage|p1a: Arcanine|92\/383|[from] sandstorm
|-heal|p1a: Arcanine|115\/383|[from] item: Leftovers
|turn|18
|c|âHogg Horse|...I really don't have anything to switch into Panda, do I
|
|move|p2a: TAKIN' U PUNKS DWN|Hammer Arm|p1a: Arcanine|[miss]
|-miss|p2a: TAKIN' U PUNKS DWN|p1a: Arcanine
|move|p1a: Arcanine|Morning Sun|p1a: Arcanine
|-heal|p1a: Arcanine|211\/383
|
|-weather|Sandstorm|[upkeep]
|-damage|p2a: TAKIN' U PUNKS DWN|297\/393|[from] sandstorm
|-damage|p1a: Arcanine|188\/383|[from] sandstorm
|-heal|p1a: Arcanine|211\/383|[from] item: Leftovers
|turn|19
|c|âCount Bleck|you got amoongus
|c|âHogg Horse|yeah, but doesn't panda get ice punch now?
|c|âHogg Horse|not to mention knock off still hurts
|
|switch|p2a: Shadow Mitsuo|Reuniclus, F|424\/424
|switch|p1a: Tentacruel|Tentacruel, M|361\/361
|-damage|p1a: Tentacruel|316\/361|[from] Stealth Rock
|
|-weather|none
|-heal|p1a: Tentacruel|338\/361|[from] item: Black Sludge
|-fieldend|move: Trick Room
|turn|20
|
|move|p1a: Tentacruel|Knock Off|p2a: Shadow Mitsuo
|-supereffective|p2a: Shadow Mitsuo
|-damage|p2a: Shadow Mitsuo|350\/424
|-enditem|p2a: Shadow Mitsuo|Life Orb|[from] move: Knock Off|[of] p1a: Tentacruel
|move|p2a: Shadow Mitsuo|Psychic|p1a: Tentacruel
|-supereffective|p1a: Tentacruel
|-damage|p1a: Tentacruel|104\/361
|
|-heal|p1a: Tentacruel|126\/361|[from] item: Black Sludge
|turn|21
|
|switch|p1a: Kyurem|Kyurem|354\/405
|-damage|p1a: Kyurem|253\/405|[from] Stealth Rock
|-ability|p1a: Kyurem|Pressure
|move|p2a: Shadow Mitsuo|Trick Room|p2a: Shadow Mitsuo
|-fieldstart|move: Trick Room|[of] p2a: Shadow Mitsuo
|
|-heal|p1a: Kyurem|278\/405|[from] item: Leftovers
|turn|22
|
|move|p2a: Shadow Mitsuo|Focus Blast|p1a: Kyurem
|-supereffective|p1a: Kyurem
|-damage|p1a: Kyurem|8\/405
|move|p1a: Kyurem|Roost|p1a: Kyurem
|-heal|p1a: Kyurem|211\/405
|
|-heal|p1a: Kyurem|236\/405|[from] item: Leftovers
|turn|23
|join|Zhaf
|
|switch|p1a: Amoonguss|Amoonguss, M|432\/432
|-damage|p1a: Amoonguss|378\/432|[from] Stealth Rock
|move|p2a: Shadow Mitsuo|Focus Blast|p1a: Amoonguss|[miss]
|-miss|p2a: Shadow Mitsuo|p1a: Amoonguss
|
|-heal|p1a: Amoonguss|405\/432|[from] item: Black Sludge
|turn|24
|
|switch|p1a: Bronzong|Bronzong|213\/338
|-damage|p1a: Bronzong|192\/338|[from] Stealth Rock
|move|p2a: Shadow Mitsuo|Psychic|p1a: Bronzong
|-resisted|p1a: Bronzong
|-damage|p1a: Bronzong|173\/338
|
|-heal|p1a: Bronzong|194\/338|[from] item: Leftovers
|turn|25
|
|switch|p2a: TAKIN' U PUNKS DWN|Pangoro, F|297\/393
|-damage|p2a: TAKIN' U PUNKS DWN|273\/393|[from] Stealth Rock
|switch|p1a: Pidgeot|Pidgeot, F|212\/307
|-damage|p1a: Pidgeot|136\/307|[from] Stealth Rock
|
|-fieldend|move: Trick Room
|turn|26
|
|switch|p2a: Gumbo|Hippowdon, F|97\/420 tox
|-damage|p2a: Gumbo|71\/420 tox|[from] Stealth Rock
|-weather|Sandstorm
|detailschange|p1a: Pidgeot|Pidgeot-Mega, F
|-mega|p1a: Pidgeot|Pidgeot|Pidgeotite
|move|p1a: Pidgeot|Hurricane|p2a: Gumbo
|-damage|p2a: Gumbo|0 fnt
|faint|p2a: Gumbo
|
|-weather|Sandstorm|[upkeep]
|-damage|p1a: Pidgeot|117\/307|[from] sandstorm
|
|switch|p2a: Prof. Thomas|Slowking, M|382\/393
|-damage|p2a: Prof. Thomas|333\/393|[from] Stealth Rock
|turn|27
|
|move|p1a: Pidgeot|Roost|p1a: Pidgeot
|-heal|p1a: Pidgeot|271\/307
|move|p2a: Prof. Thomas|Nasty Plot|p2a: Prof. Thomas
|-boost|p2a: Prof. Thomas|spa|2
|
|-weather|Sandstorm|[upkeep]
|-damage|p1a: Pidgeot|252\/307|[from] sandstorm
|-damage|p2a: Prof. Thomas|309\/393|[from] sandstorm
|turn|28
|
|move|p1a: Pidgeot|Hurricane|p2a: Prof. Thomas
|-damage|p2a: Prof. Thomas|117\/393
|move|p2a: Prof. Thomas|Trick Room|p2a: Prof. Thomas
|-fieldstart|move: Trick Room|[of] p2a: Prof. Thomas
|
|-weather|Sandstorm|[upkeep]
|-damage|p2a: Prof. Thomas|93\/393|[from] sandstorm
|-damage|p1a: Pidgeot|233\/307|[from] sandstorm
|turn|29
|
|move|p2a: Prof. Thomas|Scald|p1a: Pidgeot
|-damage|p1a: Pidgeot|0 fnt
|faint|p1a: Pidgeot
|
|-weather|Sandstorm|[upkeep]
|-damage|p2a: Prof. Thomas|69\/393|[from] sandstorm
|
|switch|p1a: Arcanine|Arcanine, F|211\/383
|-damage|p1a: Arcanine|116\/383|[from] Stealth Rock
|-ability|p1a: Arcanine|Intimidate|[of] p2a: Prof. Thomas
|-unboost|p2a: Prof. Thomas|atk|1
|turn|30
|
|switch|p2a: X Dirge|Steelix, F|291\/291
|-damage|p2a: X Dirge|282\/291|[from] Stealth Rock
|move|p1a: Arcanine|Extreme Speed|p2a: X Dirge
|-resisted|p2a: X Dirge
|-damage|p2a: X Dirge|262\/291
|
|-weather|Sandstorm|[upkeep]
|-damage|p1a: Arcanine|93\/383|[from] sandstorm
|-heal|p1a: Arcanine|116\/383|[from] item: Leftovers
|turn|31
|
|switch|p1a: Bronzong|Bronzong|194\/338
|-damage|p1a: Bronzong|173\/338|[from] Stealth Rock
|detailschange|p2a: X Dirge|Steelix-Mega, F
|-mega|p2a: X Dirge|Steelix|Steelixite
|move|p2a: X Dirge|Stone Edge|p1a: Bronzong
|-resisted|p1a: Bronzong
|-damage|p1a: Bronzong|107\/338
|
|-weather|Sandstorm|[upkeep]
|-heal|p1a: Bronzong|128\/338|[from] item: Leftovers
|turn|32
|
|switch|p2a: Shadow Mitsuo|Reuniclus, F|350\/424
|move|p1a: Bronzong|Earthquake|p2a: Shadow Mitsuo
|-damage|p2a: Shadow Mitsuo|289\/424
|
|-weather|Sandstorm|[upkeep]
|-heal|p1a: Bronzong|149\/338|[from] item: Leftovers
|-fieldend|move: Trick Room
|turn|33
|
|switch|p1a: Amoonguss|Amoonguss, M|432\/432
|-damage|p1a: Amoonguss|378\/432|[from] Stealth Rock
|move|p2a: Shadow Mitsuo|Trick Room|p2a: Shadow Mitsuo
|-fieldstart|move: Trick Room|[of] p2a: Shadow Mitsuo
|
|-weather|none
|-heal|p1a: Amoonguss|405\/432|[from] item: Black Sludge
|turn|34
|
|switch|p2a: TAKIN' U PUNKS DWN|Pangoro, F|273\/393
|-damage|p2a: TAKIN' U PUNKS DWN|249\/393|[from] Stealth Rock
|move|p1a: Amoonguss|Spore|p2a: TAKIN' U PUNKS DWN
|-status|p2a: TAKIN' U PUNKS DWN|slp
|
|-heal|p1a: Amoonguss|432\/432|[from] item: Black Sludge
|turn|35
|
|move|p1a: Amoonguss|Giga Drain|p2a: TAKIN' U PUNKS DWN
|-damage|p2a: TAKIN' U PUNKS DWN|179\/393 slp
|cant|p2a: TAKIN' U PUNKS DWN|slp
|
|turn|36
|
|move|p1a: Amoonguss|Sludge Bomb|p2a: TAKIN' U PUNKS DWN
|-damage|p2a: TAKIN' U PUNKS DWN|97\/393 slp
|cant|p2a: TAKIN' U PUNKS DWN|slp
|
|turn|37
|
|switch|p2a: Shadow Mitsuo|Reuniclus, F|289\/424
|move|p1a: Amoonguss|Sludge Bomb|p2a: Shadow Mitsuo
|-damage|p2a: Shadow Mitsuo|175\/424
|
|-fieldend|move: Trick Room
|turn|38
|
|move|p1a: Amoonguss|Sludge Bomb|p2a: Shadow Mitsuo
|-damage|p2a: Shadow Mitsuo|63\/424
|-status|p2a: Shadow Mitsuo|psn
|move|p2a: Shadow Mitsuo|Trick Room|p2a: Shadow Mitsuo
|-fieldstart|move: Trick Room|[of] p2a: Shadow Mitsuo
|
|turn|39
|
|switch|p2a: All In|Escavalier, F|221\/327
|-damage|p2a: All In|181\/327|[from] Stealth Rock
|move|p1a: Amoonguss|Foul Play|p2a: All In
|-damage|p2a: All In|60\/327
|
|turn|40
|
|move|p2a: All In|Knock Off|p1a: Amoonguss
|-damage|p1a: Amoonguss|319\/432
|-enditem|p1a: Amoonguss|Black Sludge|[from] move: Knock Off|[of] p2a: All In
|move|p1a: Amoonguss|Foul Play|p2a: All In
|-damage|p2a: All In|0 fnt
|faint|p2a: All In
|
|
|switch|p2a: Prof. Thomas|Slowking, M|200\/393
|-damage|p2a: Prof. Thomas|151\/393|[from] Stealth Rock
|turn|41
|
|move|p2a: Prof. Thomas|Nasty Plot|p2a: Prof. Thomas
|-boost|p2a: Prof. Thomas|spa|2
|move|p1a: Amoonguss|Giga Drain|p2a: Prof. Thomas
|-supereffective|p2a: Prof. Thomas
|-damage|p2a: Prof. Thomas|1\/393
|-heal|p1a: Amoonguss|394\/432|[from] drain|[of] p2a: Prof. Thomas
|
|turn|42
|c|âHogg Horse|crap
|
|switch|p1a: Bronzong|Bronzong|149\/338
|-damage|p1a: Bronzong|128\/338|[from] Stealth Rock
|move|p2a: Prof. Thomas|Scald|p1a: Bronzong
|-damage|p1a: Bronzong|0 fnt
|faint|p1a: Bronzong
|
|-fieldend|move: Trick Room
|
|switch|p1a: Tentacruel|Tentacruel, M|126\/361
|-damage|p1a: Tentacruel|81\/361|[from] Stealth Rock
|turn|43
|
|switch|p2a: TAKIN' U PUNKS DWN|Pangoro, F|97\/393 slp
|-damage|p2a: TAKIN' U PUNKS DWN|73\/393 slp|[from] Stealth Rock
|move|p1a: Tentacruel|Rapid Spin|p2a: TAKIN' U PUNKS DWN
|-damage|p2a: TAKIN' U PUNKS DWN|61\/393 slp
|-sideend|p1: Hogg Horse|Stealth Rock|[from] move: Rapid Spin|[of] p1a: Tentacruel
|
|-heal|p1a: Tentacruel|103\/361|[from] item: Black Sludge
|turn|44
|
|switch|p2a: Prof. Thomas|Slowking, M|132\/393
|-damage|p2a: Prof. Thomas|83\/393|[from] Stealth Rock
|move|p1a: Tentacruel|Scald|p2a: Prof. Thomas
|-resisted|p2a: Prof. Thomas
|-damage|p2a: Prof. Thomas|45\/393
|
|-heal|p1a: Tentacruel|125\/361|[from] item: Black Sludge
|turn|45
|
|switch|p2a: TAKIN' U PUNKS DWN|Pangoro, F|61\/393 slp
|-damage|p2a: TAKIN' U PUNKS DWN|37\/393 slp|[from] Stealth Rock
|move|p1a: Tentacruel|Knock Off|p2a: TAKIN' U PUNKS DWN
|-resisted|p2a: TAKIN' U PUNKS DWN
|-damage|p2a: TAKIN' U PUNKS DWN|23\/393 slp
|-enditem|p2a: TAKIN' U PUNKS DWN|Assault Vest|[from] move: Knock Off|[of] p1a: Tentacruel
|
|-heal|p1a: Tentacruel|147\/361|[from] item: Black Sludge
|turn|46
|
|move|p1a: Tentacruel|Scald|p2a: TAKIN' U PUNKS DWN
|-damage|p2a: TAKIN' U PUNKS DWN|0 fnt
|faint|p2a: TAKIN' U PUNKS DWN
|
|-heal|p1a: Tentacruel|169\/361|[from] item: Black Sludge
|
|switch|p2a: Prof. Thomas|Slowking, M|176\/393
|-damage|p2a: Prof. Thomas|127\/393|[from] Stealth Rock
|turn|47
|
|switch|p2a: Shadow Mitsuo|Reuniclus, F|63\/424 psn
|move|p1a: Tentacruel|Knock Off|p2a: Shadow Mitsuo
|-supereffective|p2a: Shadow Mitsuo
|-damage|p2a: Shadow Mitsuo|11\/424 psn
|
|-heal|p1a: Tentacruel|191\/361|[from] item: Black Sludge
|turn|48
|
|move|p1a: Tentacruel|Knock Off|p2a: Shadow Mitsuo
|-supereffective|p2a: Shadow Mitsuo
|-damage|p2a: Shadow Mitsuo|0 fnt
|faint|p2a: Shadow Mitsuo
|
|-heal|p1a: Tentacruel|213\/361|[from] item: Black Sludge
|
|switch|p2a: Prof. Thomas|Slowking, M|258\/393
|-damage|p2a: Prof. Thomas|209\/393|[from] Stealth Rock
|turn|49
|
|move|p1a: Tentacruel|Knock Off|p2a: Prof. Thomas
|-crit|p2a: Prof. Thomas
|-supereffective|p2a: Prof. Thomas
|-enditem|p2a: Prof. Thomas|Colbur Berry|[eat]
|-damage|p2a: Prof. Thomas|138\/393
|move|p2a: Prof. Thomas|Trick Room|p2a: Prof. Thomas
|-fieldstart|move: Trick Room|[of] p2a: Prof. Thomas
|
|-heal|p1a: Tentacruel|235\/361|[from] item: Black Sludge
|turn|50
|
|move|p2a: Prof. Thomas|Nasty Plot|p2a: Prof. Thomas
|-boost|p2a: Prof. Thomas|spa|2
|move|p1a: Tentacruel|Knock Off|p2a: Prof. Thomas
|-supereffective|p2a: Prof. Thomas
|-damage|p2a: Prof. Thomas|62\/393
|
|-heal|p1a: Tentacruel|257\/361|[from] item: Black Sludge
|turn|51
|
|move|p2a: Prof. Thomas|Psyshock|p1a: Tentacruel
|-crit|p1a: Tentacruel
|-supereffective|p1a: Tentacruel
|-damage|p1a: Tentacruel|0 fnt
|faint|p1a: Tentacruel
|
|
|switch|p1a: Arcanine|Arcanine, F|116\/383
|-ability|p1a: Arcanine|Intimidate|[of] p2a: Prof. Thomas
|-unboost|p2a: Prof. Thomas|atk|1
|turn|52
|
|move|p1a: Arcanine|Extreme Speed|p2a: Prof. Thomas
|-damage|p2a: Prof. Thomas|0 fnt
|faint|p2a: Prof. Thomas
|
|-heal|p1a: Arcanine|139\/383|[from] item: Leftovers
|c|âCount Bleck|drat
|
|switch|p2a: X Dirge|Steelix-Mega, F|262\/291
|-damage|p2a: X Dirge|253\/291|[from] Stealth Rock
|turn|53
|c|âCount Bleck|I thought you would have learned your lesson :(
|
|switch|p1a: Amoonguss|Amoonguss, M|432\/432
|move|p2a: X Dirge|Earthquake|p1a: Amoonguss
|-damage|p1a: Amoonguss|251\/432
|
|-fieldend|move: Trick Room
|turn|54
|c|âHogg Horse|amoongus means I had a safe pivot out if you had switched
|
|switch|p1a: Arcanine|Arcanine, F|139\/383
|-ability|p1a: Arcanine|Intimidate|[of] p2a: X Dirge
|-unboost|p2a: X Dirge|atk|1
|move|p2a: X Dirge|Earthquake|p1a: Arcanine
|-supereffective|p1a: Arcanine
|-damage|p1a: Arcanine|0 fnt
|faint|p1a: Arcanine
|
|
|switch|p1a: Kyurem|Kyurem|236\/405
|-ability|p1a: Kyurem|Pressure
|turn|55
|
|move|p1a: Kyurem|Earth Power|p2a: X Dirge
|-supereffective|p2a: X Dirge
|-damage|p2a: X Dirge|91\/291
|move|p2a: X Dirge|Gyro Ball|p1a: Kyurem
|-supereffective|p1a: Kyurem
|-damage|p1a: Kyurem|0 fnt
|faint|p1a: Kyurem
|
|
|switch|p1a: Amoonguss|Amoonguss, M|395\/432
|turn|56
|
|move|p1a: Amoonguss|Giga Drain|p2a: X Dirge
|-damage|p2a: X Dirge|33\/291
|-heal|p1a: Amoonguss|424\/432|[from] drain|[of] p2a: X Dirge
|move|p2a: X Dirge|Ice Fang|p1a: Amoonguss
|-crit|p1a: Amoonguss
|-supereffective|p1a: Amoonguss
|-damage|p1a: Amoonguss|182\/432
|
|turn|57
|
|move|p1a: Amoonguss|Giga Drain|p2a: X Dirge
|-damage|p2a: X Dirge|0 fnt
|-heal|p1a: Amoonguss|199\/432|[from] drain|[of] p2a: X Dirge
|faint|p2a: X Dirge
|
|win|Hogg Horse
|raw|Ladder updating...
|c|âCount Bleck|gg
|c|âHogg Horse|gg
|raw|Hogg Horse's rating: 1417 &rarr; <strong>1435<\/strong><br \/>(+18 for winning)
|raw|Count Bleck's rating: 1384 &rarr; <strong>1366<\/strong><br \/>(-18 for losing)
|leave|Hogg Horse
|leave|Count Bleck
|player|p1
|player|p2