|join|Cataquack64
|join|Hogg Horse
|join|Deeeto
|player|p1|Cataquack64|102
|player|p2|Hogg Horse|125
|gametype|singles
|gen|6
|tier|UU
|rule|Sleep Clause Mod: Limit one foe put to sleep
|rule|Species Clause: Limit one of each PokÃ©mon
|rule|OHKO Clause: OHKO moves are banned
|rule|Moody Clause: Moody is banned
|rule|Evasion Moves Clause: Evasion moves are banned
|rule|Endless Battle Clause: Forcing endless battles is banned
|rule|HP Percentage Mod: HP is shown in percentages
|clearpoke
|poke|p1|Banette, M, shiny
|poke|p1|Mienshao, F
|poke|p1|Forretress, F
|poke|p1|Vaporeon, M
|poke|p1|Darmanitan, M
|poke|p1|Raikou, shiny
|poke|p2|Bronzong
|poke|p2|Starmie
|poke|p2|Kyurem
|poke|p2|Amoonguss, M
|poke|p2|Pidgeot, M
|poke|p2|Arcanine, M
|rule|Swagger Clause: Swagger is banned
|rule|Baton Pass Clause: Limit one PokÃ©mon knowing Baton Pass
|teampreview
|c| Chris Williamson|o my
|player|p1|Chris Williamson|102
|join|BenzMafia
|
|start
|switch|p1a: Banette|Banette, M, shiny|332\/332
|switch|p2a: Starmie|Starmie|323\/323
|-item|p2a: Starmie|Leftovers|[from] ability: Frisk|[of] p1a: Banette|[identify]
|turn|1
|join|liquidswag
|
|switch|p2a: Arcanine|Arcanine, M|383\/383
|-ability|p2a: Arcanine|Intimidate|[of] p1a: Banette
|-unboost|p1a: Banette|atk|1
|detailschange|p1a: Banette|Banette-Mega, M, shiny
|-mega|p1a: Banette|Banette|Banettite
|move|p1a: Banette|Knock Off|p2a: Arcanine
|-damage|p2a: Arcanine|303\/383
|-enditem|p2a: Arcanine|Leftovers|[from] move: Knock Off|[of] p1a: Banette
|
|turn|2
|
|switch|p1a: Vaporeon|Vaporeon, M|463\/463
|move|p2a: Arcanine|Toxic|p1a: Vaporeon
|-status|p1a: Vaporeon|tox
|
|-damage|p1a: Vaporeon|435\/463 tox|[from] psn
|turn|3
|join|Mxrgan
|c| Deeeto|Ooooo
|
|switch|p2a: Kyurem|Kyurem|405\/405
|-ability|p2a: Kyurem|Pressure
|move|p1a: Vaporeon|Heal Bell|p1a: Vaporeon
|-cureteam|p1a: Vaporeon|[from] move: HealBell
|
|-heal|p1a: Vaporeon|463\/463|[from] item: Leftovers
|turn|4
|
|move|p2a: Kyurem|Substitute|p2a: Kyurem
|-start|p2a: Kyurem|Substitute
|-damage|p2a: Kyurem|304\/405
|move|p1a: Vaporeon|Wish|p1a: Vaporeon
|
|-heal|p2a: Kyurem|329\/405|[from] item: Leftovers
|turn|5
|c| liquidswag|subroost
|c| liquidswag|rihgt
|
|switch|p1a: Banette|Banette-Mega, M, shiny|332\/332
|move|p2a: Kyurem|Earth Power|p1a: Banette
|-damage|p1a: Banette|219\/332
|-unboost|p1a: Banette|spd|1
|
|-heal|p1a: Banette|332\/332|[from] move: Wish|[wisher] Vaporeon
|-heal|p2a: Kyurem|354\/405|[from] item: Leftovers
|turn|6
|c| liquidswag|subroostmonoattack
|
|move|p2a: Kyurem|Ice Beam|p1a: Banette
|-damage|p1a: Banette|74\/332
|move|p1a: Banette|Knock Off|p2a: Kyurem
|-end|p2a: Kyurem|Substitute
|
|-heal|p2a: Kyurem|379\/405|[from] item: Leftovers
|turn|7
|
|move|p1a: Banette|Destiny Bond|p1a: Banette
|-singlemove|p1a: Banette|Destiny Bond
|move|p2a: Kyurem|Substitute|p2a: Kyurem
|-start|p2a: Kyurem|Substitute
|-damage|p2a: Kyurem|278\/405
|
|-heal|p2a: Kyurem|303\/405|[from] item: Leftovers
|turn|8
|join|QuackIsWack
|
|move|p1a: Banette|Taunt|p2a: Kyurem
|-start|p2a: Kyurem|move: Taunt
|cant|p2a: Kyurem|move: Taunt|Roost
|
|-heal|p2a: Kyurem|328\/405|[from] item: Leftovers
|turn|9
|
|switch|p2a: Bronzong|Bronzong|338\/338
|switch|p1a: Vaporeon|Vaporeon, M|463\/463
|
|turn|10
|join|Another gg easy
|
|move|p1a: Vaporeon|Wish|p1a: Vaporeon
|move|p2a: Bronzong|Stealth Rock|p1a: Vaporeon
|-sidestart|p1: Chris Williamson|move: Stealth Rock
|
|turn|11
|
|move|p1a: Vaporeon|Scald|p2a: Bronzong
|-damage|p2a: Bronzong|265\/338
|move|p2a: Bronzong|Toxic|p1a: Vaporeon|[miss]
|-miss|p2a: Bronzong|p1a: Vaporeon
|
|-heal|p2a: Bronzong|286\/338|[from] item: Leftovers
|turn|12
|
|switch|p2a: Amoonguss|Amoonguss, M|432\/432
|move|p1a: Vaporeon|Wish|p1a: Vaporeon
|
|turn|13
|
|switch|p1a: Banette|Banette-Mega, M, shiny|74\/332
|-damage|p1a: Banette|33\/332|[from] Stealth Rock
|move|p2a: Amoonguss|Spore|p1a: Banette
|-status|p1a: Banette|slp
|
|-heal|p1a: Banette|264\/332 slp|[from] move: Wish|[wisher] Vaporeon
|turn|14
|
|switch|p1a: Darmanitan|Darmanitan, M|351\/351
|-damage|p1a: Darmanitan|264\/351|[from] Stealth Rock
|move|p2a: Amoonguss|Foul Play|p1a: Darmanitan
|-damage|p1a: Darmanitan|66\/351
|
|turn|15
|
|switch|p2a: Arcanine|Arcanine, M|303\/383
|-ability|p2a: Arcanine|Intimidate|[of] p1a: Darmanitan
|-unboost|p1a: Darmanitan|atk|1
|move|p1a: Darmanitan|Flare Blitz|p2a: Arcanine
|-resisted|p2a: Arcanine
|-damage|p2a: Arcanine|225\/383
|-damage|p1a: Darmanitan|40\/351|[from] recoil|[of] p2a: Arcanine
|
|turn|16
|
|move|p1a: Darmanitan|Flare Blitz|p2a: Arcanine
|-resisted|p2a: Arcanine
|-damage|p2a: Arcanine|145\/383
|-damage|p1a: Darmanitan|14\/351|[from] recoil|[of] p2a: Arcanine
|move|p2a: Arcanine|Morning Sun|p2a: Arcanine
|-heal|p2a: Arcanine|336\/383
|
|turn|17
|c| QuackIsWack|bruh
|
|move|p2a: Arcanine|Extreme Speed|p1a: Darmanitan
|-damage|p1a: Darmanitan|0 fnt
|faint|p1a: Darmanitan
|
|
|switch|p1a: Vaporeon|Vaporeon, M|463\/463
|-damage|p1a: Vaporeon|406\/463|[from] Stealth Rock
|turn|18
|leave|Another gg easy
|
|switch|p2a: Amoonguss|Amoonguss, M|432\/432
|move|p1a: Vaporeon|Heal Bell|p1a: Vaporeon
|-cureteam|p1a: Vaporeon|[from] move: HealBell
|
|-heal|p1a: Vaporeon|434\/463|[from] item: Leftovers
|turn|19
|
|move|p1a: Vaporeon|Scald|p2a: Amoonguss
|-resisted|p2a: Amoonguss
|-damage|p2a: Amoonguss|372\/432
|-status|p2a: Amoonguss|brn
|move|p2a: Amoonguss|Spore|p1a: Vaporeon
|-status|p1a: Vaporeon|slp
|
|-heal|p1a: Vaporeon|462\/463 slp|[from] item: Leftovers
|-heal|p2a: Amoonguss|399\/432 brn|[from] item: Black Sludge
|-damage|p2a: Amoonguss|345\/432 brn|[from] brn
|turn|20
|leave|Deeeto
|
|switch|p1a: Forretress|Forretress, F|354\/354
|-damage|p1a: Forretress|310\/354|[from] Stealth Rock
|switch|p2a: Kyurem|Kyurem|328\/405
|-ability|p2a: Kyurem|Pressure
|
|-heal|p2a: Kyurem|353\/405|[from] item: Leftovers
|-heal|p1a: Forretress|332\/354|[from] item: Leftovers
|turn|21
|
|move|p2a: Kyurem|Substitute|p2a: Kyurem
|-start|p2a: Kyurem|Substitute
|-damage|p2a: Kyurem|252\/405
|move|p1a: Forretress|Stealth Rock|p2a: Kyurem
|-sidestart|p2: Hogg Horse|move: Stealth Rock
|
|-heal|p2a: Kyurem|277\/405|[from] item: Leftovers
|-heal|p1a: Forretress|354\/354|[from] item: Leftovers
|turn|22
|
|move|p2a: Kyurem|Earth Power|p1a: Forretress
|-damage|p1a: Forretress|189\/354
|move|p1a: Forretress|Rapid Spin|p2a: Kyurem
|-crit|p2a: Kyurem
|-activate|p2a: Kyurem|Substitute|[damage]
|-sideend|p1: Chris Williamson|Stealth Rock|[from] move: Rapid Spin|[of] p1a: Forretress
|
|-heal|p2a: Kyurem|302\/405|[from] item: Leftovers
|-heal|p1a: Forretress|211\/354|[from] item: Leftovers
|turn|23
|
|move|p2a: Kyurem|Earth Power|p1a: Forretress
|-damage|p1a: Forretress|60\/354
|move|p1a: Forretress|Gyro Ball|p2a: Kyurem
|-supereffective|p2a: Kyurem
|-end|p2a: Kyurem|Substitute
|
|-heal|p2a: Kyurem|327\/405|[from] item: Leftovers
|-heal|p1a: Forretress|82\/354|[from] item: Leftovers
|turn|24
|
|move|p2a: Kyurem|Earth Power|p1a: Forretress
|-damage|p1a: Forretress|0 fnt
|faint|p1a: Forretress
|
|-heal|p2a: Kyurem|352\/405|[from] item: Leftovers
|
|switch|p1a: Mienshao|Mienshao, F|271\/271
|turn|25
|
|switch|p2a: Starmie|Starmie|323\/323
|-damage|p2a: Starmie|283\/323|[from] Stealth Rock
|move|p1a: Mienshao|High Jump Kick|p2a: Starmie
|-resisted|p2a: Starmie
|-damage|p2a: Starmie|123\/323
|-damage|p1a: Mienshao|244\/271|[from] item: Life Orb
|
|-heal|p2a: Starmie|143\/323|[from] item: Leftovers
|turn|26
|
|switch|p1a: Banette|Banette-Mega, M, shiny|264\/332
|move|p2a: Starmie|Recover|p2a: Starmie
|-heal|p2a: Starmie|305\/323
|
|-heal|p2a: Starmie|323\/323|[from] item: Leftovers
|turn|27
|
|switch|p2a: Arcanine|Arcanine, M|336\/383
|-damage|p2a: Arcanine|241\/383|[from] Stealth Rock
|-ability|p2a: Arcanine|Intimidate|[of] p1a: Banette
|-unboost|p1a: Banette|atk|1
|move|p1a: Banette|Taunt|p2a: Arcanine
|-start|p2a: Arcanine|move: Taunt
|
|turn|28
|
|move|p2a: Arcanine|Flare Blitz|p1a: Banette
|-damage|p1a: Banette|53\/332
|-damage|p2a: Arcanine|171\/383|[from] recoil|[of] p1a: Banette
|move|p1a: Banette|Knock Off|p2a: Arcanine
|-crit|p2a: Arcanine
|-damage|p2a: Arcanine|39\/383
|
|turn|29
|
|switch|p1a: Vaporeon|Vaporeon, M|462\/463 slp
|move|p2a: Arcanine|Flare Blitz|p1a: Vaporeon
|-resisted|p1a: Vaporeon
|-damage|p1a: Vaporeon|352\/463 slp
|-damage|p2a: Arcanine|3\/383|[from] recoil|[of] p1a: Vaporeon
|
|-heal|p1a: Vaporeon|380\/463 slp|[from] item: Leftovers
|turn|30
|c| QuackIsWack|bruh
|
|move|p2a: Arcanine|Extreme Speed|p1a: Vaporeon
|-damage|p1a: Vaporeon|277\/463 slp
|cant|p1a: Vaporeon|slp
|
|-heal|p1a: Vaporeon|305\/463 slp|[from] item: Leftovers
|-end|p2a: Arcanine|move: Taunt
|turn|31
|
|move|p2a: Arcanine|Morning Sun|p2a: Arcanine
|-heal|p2a: Arcanine|194\/383
|cant|p1a: Vaporeon|slp
|
|-heal|p1a: Vaporeon|333\/463 slp|[from] item: Leftovers
|turn|32
|
|switch|p2a: Starmie|Starmie|323\/323
|-damage|p2a: Starmie|283\/323|[from] Stealth Rock
|cant|p1a: Vaporeon|slp
|
|-heal|p2a: Starmie|303\/323|[from] item: Leftovers
|-heal|p1a: Vaporeon|361\/463 slp|[from] item: Leftovers
|turn|33
|
|move|p2a: Starmie|Rapid Spin|p1a: Vaporeon
|-damage|p1a: Vaporeon|346\/463 slp
|-sideend|p2: Hogg Horse|Stealth Rock|[from] move: Rapid Spin|[of] p2a: Starmie
|-curestatus|p1a: Vaporeon|slp
|move|p1a: Vaporeon|Wish|p1a: Vaporeon
|
|-heal|p2a: Starmie|323\/323|[from] item: Leftovers
|-heal|p1a: Vaporeon|374\/463|[from] item: Leftovers
|turn|34
|
|switch|p1a: Banette|Banette-Mega, M, shiny|53\/332
|move|p2a: Starmie|Psyshock|p1a: Banette
|-damage|p1a: Banette|0 fnt
|faint|p1a: Banette
|
|
|switch|p1a: Mienshao|Mienshao, F|271\/271
|turn|35
|
|move|p1a: Mienshao|Fake Out|p2a: Starmie
|-damage|p2a: Starmie|258\/323
|-damage|p1a: Mienshao|244\/271|[from] item: Life Orb
|cant|p2a: Starmie|flinch
|
|-heal|p2a: Starmie|278\/323|[from] item: Leftovers
|turn|36
|
|move|p2a: Starmie|Psyshock|p1a: Mienshao
|-supereffective|p1a: Mienshao
|-damage|p1a: Mienshao|0 fnt
|faint|p1a: Mienshao
|
|-heal|p2a: Starmie|298\/323|[from] item: Leftovers
|
|switch|p1a: Raikou|Raikou, shiny|321\/321
|-ability|p1a: Raikou|Pressure
|turn|37
|
|switch|p2a: Kyurem|Kyurem|352\/405
|-ability|p2a: Kyurem|Pressure
|move|p1a: Raikou|Volt Switch|p2a: Kyurem
|-resisted|p2a: Kyurem
|-damage|p2a: Kyurem|265\/405
|-damage|p1a: Raikou|289\/321|[from] item: Life Orb
|
|switch|p1a: Vaporeon|Vaporeon, M|374\/463
|
|-heal|p2a: Kyurem|290\/405|[from] item: Leftovers
|-heal|p1a: Vaporeon|402\/463|[from] item: Leftovers
|turn|38
|
|switch|p1a: Raikou|Raikou, shiny|289\/321
|-ability|p1a: Raikou|Pressure
|move|p2a: Kyurem|Substitute|p2a: Kyurem
|-start|p2a: Kyurem|Substitute
|-damage|p2a: Kyurem|189\/405
|
|-heal|p2a: Kyurem|214\/405|[from] item: Leftovers
|turn|39
|
|move|p1a: Raikou|Aura Sphere|p2a: Kyurem
|-supereffective|p2a: Kyurem
|-end|p2a: Kyurem|Substitute
|-damage|p1a: Raikou|257\/321|[from] item: Life Orb
|move|p2a: Kyurem|Earth Power|p1a: Raikou
|-supereffective|p1a: Raikou
|-damage|p1a: Raikou|41\/321
|-unboost|p1a: Raikou|spd|1
|
|-heal|p2a: Kyurem|239\/405|[from] item: Leftovers
|turn|40
|
|switch|p2a: Amoonguss|Amoonguss, M|432\/432 brn
|move|p1a: Raikou|Aura Sphere|p2a: Amoonguss
|-resisted|p2a: Amoonguss
|-damage|p2a: Amoonguss|353\/432 brn
|-damage|p1a: Raikou|9\/321|[from] item: Life Orb
|
|-heal|p2a: Amoonguss|380\/432 brn|[from] item: Black Sludge
|-damage|p2a: Amoonguss|326\/432 brn|[from] brn
|turn|41
|-message|Chris Williamson forfeited.
|leave|Chris Williamson
|leave|QuackIsWack
|
|win|Hogg Horse