|join|Hogg Horse
|join|Toftern
|player|p1|Hogg Horse|125
|player|p2|Toftern|25
|gametype|singles
|gen|6
|tier|UU
|rated
|rule|Sleep Clause Mod: Limit one foe put to sleep
|rule|Species Clause: Limit one of each PokÃ©mon
|rule|OHKO Clause: OHKO moves are banned
|rule|Moody Clause: Moody is banned
|rule|Evasion Moves Clause: Evasion moves are banned
|rule|Endless Battle Clause: Forcing endless battles is banned
|rule|HP Percentage Mod: HP is shown in percentages
|clearpoke
|poke|p1|Bronzong
|poke|p1|Tentacruel, F
|poke|p1|Kyurem
|poke|p1|Amoonguss, M
|poke|p1|Pidgeot, M
|poke|p1|Arcanine, M
|poke|p2|Swampert, F, shiny
|poke|p2|Typhlosion, M, shiny
|poke|p2|Blissey, F
|poke|p2|Cloyster, F, shiny
|poke|p2|Donphan, M
|poke|p2|Infernape, M
|rule|Swagger Clause: Swagger is banned
|rule|Baton Pass Clause: Limit one PokÃ©mon knowing Baton Pass
|teampreview
|
|start
|switch|p1a: Tentacruel|Tentacruel, F|361\/361
|switch|p2a: Wukong|Infernape, M|354\/354
|turn|1
|
|move|p2a: Wukong|Fake Out|p1a: Tentacruel
|-damage|p1a: Tentacruel|331\/361
|cant|p1a: Tentacruel|flinch
|
|-heal|p1a: Tentacruel|353\/361|[from] item: Black Sludge
|turn|2
|
|switch|p2a: The Ace|Cloyster, F, shiny|242\/242
|move|p1a: Tentacruel|Toxic Spikes|p2a: The Ace
|-sidestart|p2: Toftern|move: Toxic Spikes
|
|-heal|p1a: Tentacruel|361\/361|[from] item: Black Sludge
|turn|3
|
|switch|p1a: Bronzong|Bronzong|338\/338
|move|p2a: The Ace|Shell Smash|p2a: The Ace
|-boost|p2a: The Ace|atk|2
|-boost|p2a: The Ace|spa|2
|-boost|p2a: The Ace|spe|2
|-unboost|p2a: The Ace|def|1
|-unboost|p2a: The Ace|spd|1
|
|turn|4
|
|move|p2a: The Ace|Icicle Spear|p1a: Bronzong
|-resisted|p1a: Bronzong
|-damage|p1a: Bronzong|301\/338
|-resisted|p1a: Bronzong
|-damage|p1a: Bronzong|269\/338
|-resisted|p1a: Bronzong
|-damage|p1a: Bronzong|233\/338
|-resisted|p1a: Bronzong
|-damage|p1a: Bronzong|195\/338
|-resisted|p1a: Bronzong
|-damage|p1a: Bronzong|159\/338
|-hitcount|p1a: Bronzong|5
|move|p1a: Bronzong|Gyro Ball|p2a: The Ace
|-damage|p2a: The Ace|97\/242
|
|-heal|p1a: Bronzong|180\/338|[from] item: Leftovers
|turn|5
|
|move|p2a: The Ace|Icicle Spear|p1a: Bronzong
|-resisted|p1a: Bronzong
|-damage|p1a: Bronzong|148\/338
|-resisted|p1a: Bronzong
|-damage|p1a: Bronzong|116\/338
|-resisted|p1a: Bronzong
|-damage|p1a: Bronzong|80\/338
|-resisted|p1a: Bronzong
|-damage|p1a: Bronzong|45\/338
|-resisted|p1a: Bronzong
|-damage|p1a: Bronzong|12\/338
|-hitcount|p1a: Bronzong|5
|move|p1a: Bronzong|Gyro Ball|p2a: The Ace
|-damage|p2a: The Ace|0 fnt
|faint|p2a: The Ace
|
|-heal|p1a: Bronzong|33\/338|[from] item: Leftovers
|c|âToftern|Not one crit :O
|
|switch|p2a: Wukong|Infernape, M|354\/354
|-status|p2a: Wukong|psn
|turn|6
|
|switch|p1a: Tentacruel|Tentacruel, F|361\/361
|move|p2a: Wukong|Flare Blitz|p1a: Tentacruel
|-resisted|p1a: Tentacruel
|-damage|p1a: Tentacruel|297\/361
|-damage|p2a: Wukong|333\/354 psn|[from] recoil|[of] p1a: Tentacruel
|
|-heal|p2a: Wukong|354\/354 psn|[from] item: Leftovers
|-heal|p1a: Tentacruel|319\/361|[from] item: Black Sludge
|-damage|p2a: Wukong|310\/354 psn|[from] psn
|turn|7
|
|switch|p2a: The Swampinator|Swampert, F, shiny|404\/404
|-status|p2a: The Swampinator|psn
|move|p1a: Tentacruel|Toxic Spikes|p2a: The Swampinator
|-sidestart|p2: Toftern|move: Toxic Spikes
|
|-heal|p1a: Tentacruel|341\/361|[from] item: Black Sludge
|-damage|p2a: The Swampinator|354\/404 psn|[from] psn
|turn|8
|
|switch|p1a: Amoonguss|Amoonguss, M|432\/432
|detailschange|p2a: The Swampinator|Swampert-Mega, F, shiny
|-mega|p2a: The Swampinator|Swampert|Swampertite
|move|p2a: The Swampinator|Earthquake|p1a: Amoonguss
|-damage|p1a: Amoonguss|246\/432
|
|-heal|p1a: Amoonguss|273\/432|[from] item: Black Sludge
|-damage|p2a: The Swampinator|304\/404 psn|[from] psn
|turn|9
|
|move|p2a: The Swampinator|Ice Punch|p1a: Amoonguss
|-supereffective|p1a: Amoonguss
|-damage|p1a: Amoonguss|85\/432
|move|p1a: Amoonguss|Giga Drain|p2a: The Swampinator
|-supereffective|p2a: The Swampinator
|-damage|p2a: The Swampinator|12\/404 psn
|-heal|p1a: Amoonguss|231\/432|[from] drain|[of] p2a: The Swampinator
|
|-heal|p1a: Amoonguss|258\/432|[from] item: Black Sludge
|-damage|p2a: The Swampinator|0 fnt|[from] psn
|faint|p2a: The Swampinator
|
|switch|p2a: Pink Lotion|Typhlosion, M, shiny|298\/298
|-status|p2a: Pink Lotion|tox
|turn|10
|
|switch|p1a: Arcanine|Arcanine, M|383\/383
|-ability|p1a: Arcanine|Intimidate|[of] p2a: Pink Lotion
|-unboost|p2a: Pink Lotion|atk|1
|move|p2a: Pink Lotion|Eruption|p1a: Arcanine
|-resisted|p1a: Arcanine
|-damage|p1a: Arcanine|238\/383
|
|-heal|p1a: Arcanine|261\/383|[from] item: Leftovers
|-damage|p2a: Pink Lotion|280\/298 tox|[from] psn
|turn|11
|
|switch|p2a: Heey|Donphan, M|342\/342
|-status|p2a: Heey|tox
|move|p1a: Arcanine|Morning Sun|p1a: Arcanine
|-heal|p1a: Arcanine|383\/383
|
|-damage|p2a: Heey|321\/342 tox|[from] psn
|turn|12
|
|switch|p1a: Bronzong|Bronzong|33\/338
|move|p2a: Heey|Stealth Rock|p1a: Bronzong
|-sidestart|p1: Hogg Horse|move: Stealth Rock
|
|-heal|p2a: Heey|342\/342 tox|[from] item: Leftovers
|-heal|p1a: Bronzong|54\/338|[from] item: Leftovers
|-damage|p2a: Heey|300\/342 tox|[from] psn
|turn|13
|
|move|p2a: Heey|Rapid Spin|p1a: Bronzong
|-resisted|p1a: Bronzong
|-damage|p1a: Bronzong|46\/338
|-sideend|p2: Toftern|Toxic Spikes|[from] move: Rapid Spin|[of] p2a: Heey
|move|p1a: Bronzong|Stealth Rock|p2a: Heey
|-sidestart|p2: Toftern|move: Stealth Rock
|
|-heal|p2a: Heey|321\/342 tox|[from] item: Leftovers
|-heal|p1a: Bronzong|67\/338|[from] item: Leftovers
|-damage|p2a: Heey|258\/342 tox|[from] psn
|turn|14
|
|move|p2a: Heey|Fire Fang|p1a: Bronzong
|-supereffective|p1a: Bronzong
|-damage|p1a: Bronzong|0 fnt
|faint|p1a: Bronzong
|
|-heal|p2a: Heey|279\/342 tox|[from] item: Leftovers
|-damage|p2a: Heey|195\/342 tox|[from] psn
|
|switch|p1a: Kyurem|Kyurem|405\/405
|-damage|p1a: Kyurem|304\/405|[from] Stealth Rock
|-ability|p1a: Kyurem|Pressure
|turn|15
|
|switch|p2a: Pimp Plotion|Blissey, F|714\/714
|-damage|p2a: Pimp Plotion|625\/714|[from] Stealth Rock
|move|p1a: Kyurem|Ice Beam|p2a: Pimp Plotion
|-damage|p2a: Pimp Plotion|505\/714
|-status|p2a: Pimp Plotion|frz
|
|-heal|p1a: Kyurem|329\/405|[from] item: Leftovers
|-heal|p2a: Pimp Plotion|549\/714 frz|[from] item: Leftovers
|turn|16
|
|switch|p2a: Wukong|Infernape, M|310\/354 psn
|-damage|p2a: Wukong|266\/354 psn|[from] Stealth Rock
|move|p1a: Kyurem|Substitute|p1a: Kyurem
|-start|p1a: Kyurem|Substitute
|-damage|p1a: Kyurem|228\/405
|
|-heal|p1a: Kyurem|253\/405|[from] item: Leftovers
|-heal|p2a: Wukong|288\/354 psn|[from] item: Leftovers
|-damage|p2a: Wukong|244\/354 psn|[from] psn
|turn|17
|
|move|p1a: Kyurem|Earth Power|p2a: Wukong
|-supereffective|p2a: Wukong
|-damage|p2a: Wukong|0 fnt
|faint|p2a: Wukong
|
|-heal|p1a: Kyurem|278\/405|[from] item: Leftovers
|
|switch|p2a: Pimp Plotion|Blissey, F|549\/714
|-damage|p2a: Pimp Plotion|460\/714|[from] Stealth Rock
|turn|18
|
|move|p1a: Kyurem|Ice Beam|p2a: Pimp Plotion
|-damage|p2a: Pimp Plotion|334\/714
|move|p2a: Pimp Plotion|Wish|p2a: Pimp Plotion
|
|-heal|p1a: Kyurem|303\/405|[from] item: Leftovers
|-heal|p2a: Pimp Plotion|378\/714|[from] item: Leftovers
|turn|19
|
|move|p1a: Kyurem|Earth Power|p2a: Pimp Plotion
|-damage|p2a: Pimp Plotion|299\/714
|move|p2a: Pimp Plotion|Seismic Toss|p1a: Kyurem
|-activate|p1a: Kyurem|Substitute|[damage]
|
|-heal|p2a: Pimp Plotion|656\/714|[from] move: Wish|[wisher] Pimp Plotion
|-heal|p1a: Kyurem|328\/405|[from] item: Leftovers
|-heal|p2a: Pimp Plotion|700\/714|[from] item: Leftovers
|turn|20
|
|move|p1a: Kyurem|Earth Power|p2a: Pimp Plotion
|-damage|p2a: Pimp Plotion|625\/714
|move|p2a: Pimp Plotion|Seismic Toss|p1a: Kyurem
|-end|p1a: Kyurem|Substitute
|
|-heal|p1a: Kyurem|353\/405|[from] item: Leftovers
|-heal|p2a: Pimp Plotion|669\/714|[from] item: Leftovers
|turn|21
|
|move|p1a: Kyurem|Substitute|p1a: Kyurem
|-start|p1a: Kyurem|Substitute
|-damage|p1a: Kyurem|252\/405
|move|p2a: Pimp Plotion|Toxic|p1a: Kyurem
|
|-heal|p1a: Kyurem|277\/405|[from] item: Leftovers
|-heal|p2a: Pimp Plotion|713\/714|[from] item: Leftovers
|turn|22
|
|move|p1a: Kyurem|Earth Power|p2a: Pimp Plotion
|-damage|p2a: Pimp Plotion|634\/714
|move|p2a: Pimp Plotion|Seismic Toss|p1a: Kyurem
|-activate|p1a: Kyurem|Substitute|[damage]
|
|-heal|p1a: Kyurem|302\/405|[from] item: Leftovers
|-heal|p2a: Pimp Plotion|678\/714|[from] item: Leftovers
|turn|23
|
|move|p1a: Kyurem|Earth Power|p2a: Pimp Plotion
|-damage|p2a: Pimp Plotion|599\/714
|move|p2a: Pimp Plotion|Seismic Toss|p1a: Kyurem
|-end|p1a: Kyurem|Substitute
|
|-heal|p1a: Kyurem|327\/405|[from] item: Leftovers
|-heal|p2a: Pimp Plotion|643\/714|[from] item: Leftovers
|turn|24
|
|move|p1a: Kyurem|Substitute|p1a: Kyurem
|-start|p1a: Kyurem|Substitute
|-damage|p1a: Kyurem|226\/405
|move|p2a: Pimp Plotion|Seismic Toss|p1a: Kyurem
|-activate|p1a: Kyurem|Substitute|[damage]
|
|-heal|p1a: Kyurem|251\/405|[from] item: Leftovers
|-heal|p2a: Pimp Plotion|687\/714|[from] item: Leftovers
|turn|25
|
|move|p1a: Kyurem|Roost|p1a: Kyurem
|-heal|p1a: Kyurem|405\/405
|move|p2a: Pimp Plotion|Seismic Toss|p1a: Kyurem
|-end|p1a: Kyurem|Substitute
|
|-heal|p2a: Pimp Plotion|714\/714|[from] item: Leftovers
|turn|26
|
|switch|p2a: Pink Lotion|Typhlosion, M, shiny|280\/298 tox
|-damage|p2a: Pink Lotion|206\/298 tox|[from] Stealth Rock
|move|p1a: Kyurem|Substitute|p1a: Kyurem
|-start|p1a: Kyurem|Substitute
|-damage|p1a: Kyurem|304\/405
|
|-heal|p1a: Kyurem|329\/405|[from] item: Leftovers
|-damage|p2a: Pink Lotion|188\/298 tox|[from] psn
|turn|27
|
|move|p2a: Pink Lotion|Eruption|p1a: Kyurem
|-end|p1a: Kyurem|Substitute
|move|p1a: Kyurem|Earth Power|p2a: Pink Lotion
|-supereffective|p2a: Pink Lotion
|-damage|p2a: Pink Lotion|0 fnt
|faint|p2a: Pink Lotion
|
|-heal|p1a: Kyurem|354\/405|[from] item: Leftovers
|
|switch|p2a: Heey|Donphan, M|195\/342 tox
|-damage|p2a: Heey|174\/342 tox|[from] Stealth Rock
|turn|28
|
|move|p1a: Kyurem|Ice Beam|p2a: Heey
|-supereffective|p2a: Heey
|-damage|p2a: Heey|0 fnt
|faint|p2a: Heey
|
|-heal|p1a: Kyurem|379\/405|[from] item: Leftovers
|c|âToftern|gg
|
|switch|p2a: Pimp Plotion|Blissey, F|714\/714
|-damage|p2a: Pimp Plotion|625\/714|[from] Stealth Rock
|turn|29
|c|âHogg Horse|gg
|
|move|p1a: Kyurem|Substitute|p1a: Kyurem
|-start|p1a: Kyurem|Substitute
|-damage|p1a: Kyurem|278\/405
|move|p2a: Pimp Plotion|Seismic Toss|p1a: Kyurem
|-activate|p1a: Kyurem|Substitute|[damage]
|
|-heal|p1a: Kyurem|303\/405|[from] item: Leftovers
|-heal|p2a: Pimp Plotion|669\/714|[from] item: Leftovers
|turn|30
|
|move|p1a: Kyurem|Earth Power|p2a: Pimp Plotion
|-damage|p2a: Pimp Plotion|592\/714
|move|p2a: Pimp Plotion|Seismic Toss|p1a: Kyurem
|-end|p1a: Kyurem|Substitute
|
|-heal|p1a: Kyurem|328\/405|[from] item: Leftovers
|-heal|p2a: Pimp Plotion|636\/714|[from] item: Leftovers
|turn|31
|
|move|p1a: Kyurem|Substitute|p1a: Kyurem
|-start|p1a: Kyurem|Substitute
|-damage|p1a: Kyurem|227\/405
|move|p2a: Pimp Plotion|Seismic Toss|p1a: Kyurem
|-activate|p1a: Kyurem|Substitute|[damage]
|
|-heal|p1a: Kyurem|252\/405|[from] item: Leftovers
|-heal|p2a: Pimp Plotion|680\/714|[from] item: Leftovers
|turn|32
|
|move|p1a: Kyurem|Earth Power|p2a: Pimp Plotion
|-damage|p2a: Pimp Plotion|603\/714
|move|p2a: Pimp Plotion|Seismic Toss|p1a: Kyurem
|-end|p1a: Kyurem|Substitute
|
|-heal|p1a: Kyurem|277\/405|[from] item: Leftovers
|-heal|p2a: Pimp Plotion|647\/714|[from] item: Leftovers
|turn|33
|
|move|p1a: Kyurem|Substitute|p1a: Kyurem
|-start|p1a: Kyurem|Substitute
|-damage|p1a: Kyurem|176\/405
|move|p2a: Pimp Plotion|Seismic Toss|p1a: Kyurem
|-activate|p1a: Kyurem|Substitute|[damage]
|
|-heal|p1a: Kyurem|201\/405|[from] item: Leftovers
|-heal|p2a: Pimp Plotion|691\/714|[from] item: Leftovers
|turn|34
|
|move|p1a: Kyurem|Roost|p1a: Kyurem
|-heal|p1a: Kyurem|404\/405
|move|p2a: Pimp Plotion|Seismic Toss|p1a: Kyurem
|-end|p1a: Kyurem|Substitute
|
|-heal|p1a: Kyurem|405\/405|[from] item: Leftovers
|-heal|p2a: Pimp Plotion|714\/714|[from] item: Leftovers
|turn|35
|
|move|p1a: Kyurem|Substitute|p1a: Kyurem
|-start|p1a: Kyurem|Substitute
|-damage|p1a: Kyurem|304\/405
|move|p2a: Pimp Plotion|Toxic|p1a: Kyurem
|
|-heal|p1a: Kyurem|329\/405|[from] item: Leftovers
|turn|36
|
|move|p1a: Kyurem|Earth Power|p2a: Pimp Plotion
|-damage|p2a: Pimp Plotion|631\/714
|move|p2a: Pimp Plotion|Seismic Toss|p1a: Kyurem
|-activate|p1a: Kyurem|Substitute|[damage]
|
|-heal|p1a: Kyurem|354\/405|[from] item: Leftovers
|-heal|p2a: Pimp Plotion|675\/714|[from] item: Leftovers
|turn|37
|
|move|p1a: Kyurem|Earth Power|p2a: Pimp Plotion
|-damage|p2a: Pimp Plotion|598\/714
|-unboost|p2a: Pimp Plotion|spd|1
|move|p2a: Pimp Plotion|Seismic Toss|p1a: Kyurem
|-end|p1a: Kyurem|Substitute
|
|-heal|p1a: Kyurem|379\/405|[from] item: Leftovers
|-heal|p2a: Pimp Plotion|642\/714|[from] item: Leftovers
|turn|38
|
|move|p1a: Kyurem|Substitute|p1a: Kyurem
|-start|p1a: Kyurem|Substitute
|-damage|p1a: Kyurem|278\/405
|move|p2a: Pimp Plotion|Seismic Toss|p1a: Kyurem
|-activate|p1a: Kyurem|Substitute|[damage]
|
|-heal|p1a: Kyurem|303\/405|[from] item: Leftovers
|-heal|p2a: Pimp Plotion|686\/714|[from] item: Leftovers
|turn|39
|
|move|p1a: Kyurem|Earth Power|p2a: Pimp Plotion
|-damage|p2a: Pimp Plotion|556\/714
|move|p2a: Pimp Plotion|Seismic Toss|p1a: Kyurem
|-end|p1a: Kyurem|Substitute
|
|-heal|p1a: Kyurem|328\/405|[from] item: Leftovers
|-heal|p2a: Pimp Plotion|600\/714|[from] item: Leftovers
|turn|40
|
|move|p1a: Kyurem|Substitute|p1a: Kyurem
|-start|p1a: Kyurem|Substitute
|-damage|p1a: Kyurem|227\/405
|move|p2a: Pimp Plotion|Wish|p2a: Pimp Plotion
|
|-heal|p1a: Kyurem|252\/405|[from] item: Leftovers
|-heal|p2a: Pimp Plotion|644\/714|[from] item: Leftovers
|turn|41
|
|move|p1a: Kyurem|Earth Power|p2a: Pimp Plotion
|-damage|p2a: Pimp Plotion|523\/714
|move|p2a: Pimp Plotion|Toxic|p1a: Kyurem
|
|-heal|p2a: Pimp Plotion|714\/714|[from] move: Wish|[wisher] Pimp Plotion
|-heal|p1a: Kyurem|277\/405|[from] item: Leftovers
|turn|42
|-message|Toftern forfeited.
|leave|Toftern
|
|win|Hogg Horse
|raw|Ladder updating...
|player|p2
|raw|Hogg Horse's rating: 1418 &rarr; <strong>1429<\/strong><br \/>(+11 for winning)
|raw|Toftern's rating: 1265 &rarr; <strong>1250<\/strong><br \/>(-15 for losing)