|join|TerenteX
|join|Hogg Horse
|player|p1|TerenteX|102
|player|p2|Hogg Horse|125
|gametype|singles
|gen|6
|tier|UU
|rated
|rule|Sleep Clause Mod: Limit one foe put to sleep
|rule|Species Clause: Limit one of each PokÃ©mon
|rule|OHKO Clause: OHKO moves are banned
|rule|Moody Clause: Moody is banned
|rule|Evasion Moves Clause: Evasion moves are banned
|rule|Endless Battle Clause: Forcing endless battles is banned
|rule|HP Percentage Mod: HP is shown in percentages
|clearpoke
|poke|p1|Jirachi
|poke|p1|Hydreigon, F
|poke|p1|Abomasnow, F
|poke|p1|Starmie
|poke|p1|Nidoqueen, F
|poke|p1|Infernape, F
|poke|p2|Bronzong
|poke|p2|Tentacruel, F
|poke|p2|Kyurem
|poke|p2|Amoonguss, F
|poke|p2|Pidgeot, F
|poke|p2|Arcanine, F
|rule|Swagger Clause: Swagger is banned
|rule|Baton Pass Clause: Limit one PokÃ©mon knowing Baton Pass
|teampreview
|
|start
|switch|p1a: Abomasnow|Abomasnow, F|383\/383
|switch|p2a: Tentacruel|Tentacruel, F|361\/361
|-weather|Hail
|turn|1
|join|waiv
|c| waiv|hoggg
|c| waiv|hogggg
|c| waiv|hogggggggggg
|
|detailschange|p1a: Abomasnow|Abomasnow-Mega, F
|-mega|p1a: Abomasnow|Abomasnow|Abomasite
|move|p2a: Tentacruel|Toxic Spikes|p1a: Abomasnow
|-sidestart|p1: TerenteX|move: Toxic Spikes
|move|p1a: Abomasnow|Swords Dance|p1a: Abomasnow
|-boost|p1a: Abomasnow|atk|2
|
|-weather|Hail|[upkeep]
|-damage|p2a: Tentacruel|339\/361|[from] hail
|-heal|p2a: Tentacruel|361\/361|[from] item: Black Sludge
|turn|2
|c| waiv|is this DH
|join|Kushalos
|c|âHogg Horse|yes of course
|
|switch|p2a: Bronzong|Bronzong|338\/338
|move|p1a: Abomasnow|Earthquake|p2a: Bronzong
|-immune|p2a: Bronzong|[msg]
|
|-weather|Hail|[upkeep]
|-damage|p2a: Bronzong|317\/338|[from] hail
|-heal|p2a: Bronzong|338\/338|[from] item: Leftovers
|turn|3
|c| waiv|kk
|c| waiv|bye
|leave|waiv
|
|switch|p1a: Hydreigon|Hydreigon, F|326\/326
|move|p2a: Bronzong|Stealth Rock|p1a: Hydreigon
|-sidestart|p1: TerenteX|move: Stealth Rock
|
|-weather|Hail|[upkeep]
|-damage|p1a: Hydreigon|306\/326|[from] hail
|-damage|p2a: Bronzong|317\/338|[from] hail
|-heal|p2a: Bronzong|338\/338|[from] item: Leftovers
|turn|4
|
|switch|p2a: Tentacruel|Tentacruel, F|361\/361
|move|p1a: Hydreigon|U-turn|p2a: Tentacruel
|-resisted|p2a: Tentacruel
|-damage|p2a: Tentacruel|336\/361
|join|waiv
|
|switch|p1a: Starmie|Starmie|324\/324
|-damage|p1a: Starmie|284\/324|[from] Stealth Rock
|-status|p1a: Starmie|psn
|
|-weather|Hail|[upkeep]
|-damage|p1a: Starmie|264\/324 psn|[from] hail
|-damage|p2a: Tentacruel|314\/361|[from] hail
|-heal|p1a: Starmie|284\/324 psn|[from] item: Leftovers
|-heal|p2a: Tentacruel|336\/361|[from] item: Black Sludge
|-damage|p1a: Starmie|244\/324 psn|[from] psn
|turn|5
|leave|waiv
|
|switch|p2a: Kyurem|Kyurem|405\/405
|-ability|p2a: Kyurem|Pressure
|move|p1a: Starmie|Rapid Spin|p2a: Kyurem
|-damage|p2a: Kyurem|393\/405
|-sideend|p1: TerenteX|Toxic Spikes|[from] move: Rapid Spin|[of] p1a: Starmie
|-sideend|p1: TerenteX|Stealth Rock|[from] move: Rapid Spin|[of] p1a: Starmie
|
|-weather|none
|-heal|p1a: Starmie|264\/324 psn|[from] item: Leftovers
|-heal|p2a: Kyurem|405\/405|[from] item: Leftovers
|-damage|p1a: Starmie|224\/324 psn|[from] psn
|turn|6
|
|switch|p1a: Hydreigon|Hydreigon, F|306\/326
|move|p2a: Kyurem|Substitute|p2a: Kyurem
|-start|p2a: Kyurem|Substitute
|-damage|p2a: Kyurem|304\/405
|
|-heal|p2a: Kyurem|329\/405|[from] item: Leftovers
|turn|7
|
|move|p1a: Hydreigon|U-turn|p2a: Kyurem
|-activate|p2a: Kyurem|Substitute|[damage]
|
|switch|p1a: Abomasnow|Abomasnow-Mega, F|383\/383
|-weather|Hail
|move|p2a: Kyurem|Ice Beam|p1a: Abomasnow
|-damage|p1a: Abomasnow|223\/383
|
|-weather|Hail|[upkeep]
|-heal|p2a: Kyurem|354\/405|[from] item: Leftovers
|turn|8
|
|move|p1a: Abomasnow|Ice Shard|p2a: Kyurem
|-end|p2a: Kyurem|Substitute
|move|p2a: Kyurem|Ice Beam|p1a: Abomasnow
|-damage|p1a: Abomasnow|69\/383
|
|-weather|Hail|[upkeep]
|-heal|p2a: Kyurem|379\/405|[from] item: Leftovers
|turn|9
|
|move|p1a: Abomasnow|Ice Shard|p2a: Kyurem
|-damage|p2a: Kyurem|285\/405
|move|p2a: Kyurem|Ice Beam|p1a: Abomasnow
|-damage|p1a: Abomasnow|0 fnt
|faint|p1a: Abomasnow
|
|-weather|Hail|[upkeep]
|-heal|p2a: Kyurem|310\/405|[from] item: Leftovers
|
|switch|p1a: Infernape|Infernape, F|293\/293
|turn|10
|
|switch|p2a: Tentacruel|Tentacruel, F|336\/361
|move|p1a: Infernape|Fire Blast|p2a: Tentacruel
|-resisted|p2a: Tentacruel
|-damage|p2a: Tentacruel|250\/361
|-damage|p1a: Infernape|264\/293|[from] item: Life Orb
|
|-weather|Hail|[upkeep]
|-damage|p1a: Infernape|246\/293|[from] hail
|-damage|p2a: Tentacruel|228\/361|[from] hail
|-heal|p2a: Tentacruel|250\/361|[from] item: Black Sludge
|turn|11
|
|switch|p1a: Starmie|Starmie|224\/324
|move|p2a: Tentacruel|Scald|p1a: Starmie
|-resisted|p1a: Starmie
|-damage|p1a: Starmie|177\/324
|
|-weather|none
|-heal|p1a: Starmie|197\/324|[from] item: Leftovers
|-heal|p2a: Tentacruel|272\/361|[from] item: Black Sludge
|turn|12
|
|switch|p1a: Hydreigon|Hydreigon, F|306\/326
|switch|p2a: Kyurem|Kyurem|310\/405
|-ability|p2a: Kyurem|Pressure
|
|-heal|p2a: Kyurem|335\/405|[from] item: Leftovers
|turn|13
|
|switch|p2a: Bronzong|Bronzong|338\/338
|move|p1a: Hydreigon|Draco Meteor|p2a: Bronzong
|-resisted|p2a: Bronzong
|-damage|p2a: Bronzong|260\/338
|-unboost|p1a: Hydreigon|spa|2
|
|-heal|p2a: Bronzong|281\/338|[from] item: Leftovers
|turn|14
|
|switch|p1a: Nidoqueen|Nidoqueen, F|321\/321
|move|p2a: Bronzong|Stealth Rock|p1a: Nidoqueen
|-sidestart|p1: TerenteX|move: Stealth Rock
|
|-heal|p2a: Bronzong|302\/338|[from] item: Leftovers
|turn|15
|
|move|p1a: Nidoqueen|Stealth Rock|p2a: Bronzong
|-sidestart|p2: Hogg Horse|move: Stealth Rock
|move|p2a: Bronzong|Earthquake|p1a: Nidoqueen
|-supereffective|p1a: Nidoqueen
|-damage|p1a: Nidoqueen|169\/321
|
|-heal|p2a: Bronzong|323\/338|[from] item: Leftovers
|turn|16
|
|switch|p1a: Hydreigon|Hydreigon, F|306\/326
|-damage|p1a: Hydreigon|266\/326|[from] Stealth Rock
|move|p2a: Bronzong|Earthquake|p1a: Hydreigon
|-immune|p1a: Hydreigon|[msg]
|
|-heal|p2a: Bronzong|338\/338|[from] item: Leftovers
|turn|17
|
|move|p1a: Hydreigon|U-turn|p2a: Bronzong
|-damage|p2a: Bronzong|296\/338
|join|Agilis
|
|switch|p1a: Infernape|Infernape, F|246\/293
|-damage|p1a: Infernape|210\/293|[from] Stealth Rock
|move|p2a: Bronzong|Gyro Ball|p1a: Infernape
|-resisted|p1a: Infernape
|-damage|p1a: Infernape|111\/293
|
|-heal|p2a: Bronzong|317\/338|[from] item: Leftovers
|turn|18
|
|switch|p2a: Tentacruel|Tentacruel, F|272\/361
|-damage|p2a: Tentacruel|227\/361|[from] Stealth Rock
|move|p1a: Infernape|Fire Blast|p2a: Tentacruel
|-resisted|p2a: Tentacruel
|-damage|p2a: Tentacruel|135\/361
|-damage|p1a: Infernape|82\/293|[from] item: Life Orb
|
|-heal|p2a: Tentacruel|157\/361|[from] item: Black Sludge
|turn|19
|c| Agilis|Heat Proof imo
|c| Agilis|Lol
|
|move|p1a: Infernape|Grass Knot|p2a: Tentacruel
|-damage|p2a: Tentacruel|67\/361
|-damage|p1a: Infernape|53\/293|[from] item: Life Orb
|move|p2a: Tentacruel|Rapid Spin|p1a: Infernape
|-damage|p1a: Infernape|39\/293
|-sideend|p2: Hogg Horse|Stealth Rock|[from] move: Rapid Spin|[of] p2a: Tentacruel
|
|-heal|p2a: Tentacruel|89\/361|[from] item: Black Sludge
|turn|20
|
|switch|p2a: Arcanine|Arcanine, F|383\/383
|-ability|p2a: Arcanine|Intimidate|[of] p1a: Infernape
|-unboost|p1a: Infernape|atk|1
|move|p1a: Infernape|Fire Blast|p2a: Arcanine
|-resisted|p2a: Arcanine
|-damage|p2a: Arcanine|182\/383
|-damage|p1a: Infernape|10\/293|[from] item: Life Orb
|
|-heal|p2a: Arcanine|205\/383|[from] item: Leftovers
|turn|21
|
|move|p2a: Arcanine|Extreme Speed|p1a: Infernape
|-damage|p1a: Infernape|0 fnt
|faint|p1a: Infernape
|
|-heal|p2a: Arcanine|228\/383|[from] item: Leftovers
|
|switch|p1a: Nidoqueen|Nidoqueen, F|169\/321
|-damage|p1a: Nidoqueen|149\/321|[from] Stealth Rock
|turn|22
|
|switch|p2a: Bronzong|Bronzong|317\/338
|move|p1a: Nidoqueen|Earth Power|p2a: Bronzong
|-immune|p2a: Bronzong|[msg]
|
|-heal|p2a: Bronzong|338\/338|[from] item: Leftovers
|turn|23
|
|move|p1a: Nidoqueen|Stealth Rock|p2a: Bronzong
|-sidestart|p2: Hogg Horse|move: Stealth Rock
|move|p2a: Bronzong|Gyro Ball|p1a: Nidoqueen
|-damage|p1a: Nidoqueen|40\/321
|
|turn|24
|
|switch|p1a: Jirachi|Jirachi|404\/404
|-damage|p1a: Jirachi|379\/404|[from] Stealth Rock
|move|p2a: Bronzong|Earthquake|p1a: Jirachi
|-supereffective|p1a: Jirachi
|-damage|p1a: Jirachi|243\/404
|
|-heal|p1a: Jirachi|268\/404|[from] item: Leftovers
|turn|25
|
|switch|p2a: Arcanine|Arcanine, F|228\/383
|-damage|p2a: Arcanine|133\/383|[from] Stealth Rock
|-ability|p2a: Arcanine|Intimidate|[of] p1a: Jirachi
|-unboost|p1a: Jirachi|atk|1
|move|p1a: Jirachi|Fire Punch|p2a: Arcanine
|-resisted|p2a: Arcanine
|-damage|p2a: Arcanine|116\/383
|
|-heal|p1a: Jirachi|293\/404|[from] item: Leftovers
|-heal|p2a: Arcanine|139\/383|[from] item: Leftovers
|turn|26
|
|switch|p1a: Nidoqueen|Nidoqueen, F|40\/321
|-damage|p1a: Nidoqueen|20\/321|[from] Stealth Rock
|move|p2a: Arcanine|Morning Sun|p2a: Arcanine
|-heal|p2a: Arcanine|330\/383
|
|-heal|p2a: Arcanine|353\/383|[from] item: Leftovers
|turn|27
|
|move|p2a: Arcanine|Extreme Speed|p1a: Nidoqueen
|-damage|p1a: Nidoqueen|0 fnt
|faint|p1a: Nidoqueen
|
|-heal|p2a: Arcanine|376\/383|[from] item: Leftovers
|join|JustB1az3
|
|switch|p1a: Starmie|Starmie|197\/324
|-damage|p1a: Starmie|157\/324|[from] Stealth Rock
|turn|28
|leave|JustB1az3
|
|switch|p2a: Kyurem|Kyurem|335\/405
|-damage|p2a: Kyurem|234\/405|[from] Stealth Rock
|-ability|p2a: Kyurem|Pressure
|move|p1a: Starmie|Scald|p2a: Kyurem
|-resisted|p2a: Kyurem
|-damage|p2a: Kyurem|184\/405
|
|-heal|p1a: Starmie|177\/324|[from] item: Leftovers
|-heal|p2a: Kyurem|209\/405|[from] item: Leftovers
|turn|29
|
|move|p1a: Starmie|Psyshock|p2a: Kyurem
|-damage|p2a: Kyurem|109\/405
|move|p2a: Kyurem|Substitute|p2a: Kyurem
|-start|p2a: Kyurem|Substitute
|-damage|p2a: Kyurem|8\/405
|
|-heal|p1a: Starmie|197\/324|[from] item: Leftovers
|-heal|p2a: Kyurem|33\/405|[from] item: Leftovers
|turn|30
|
|move|p1a: Starmie|Psyshock|p2a: Kyurem
|-activate|p2a: Kyurem|Substitute|[damage]
|move|p2a: Kyurem|Roost|p2a: Kyurem
|-heal|p2a: Kyurem|236\/405
|
|-heal|p1a: Starmie|217\/324|[from] item: Leftovers
|-heal|p2a: Kyurem|261\/405|[from] item: Leftovers
|turn|31
|
|move|p1a: Starmie|Psyshock|p2a: Kyurem
|-end|p2a: Kyurem|Substitute
|move|p2a: Kyurem|Substitute|p2a: Kyurem
|-start|p2a: Kyurem|Substitute
|-damage|p2a: Kyurem|160\/405
|
|-heal|p1a: Starmie|237\/324|[from] item: Leftovers
|-heal|p2a: Kyurem|185\/405|[from] item: Leftovers
|turn|32
|
|move|p1a: Starmie|Psyshock|p2a: Kyurem
|-end|p2a: Kyurem|Substitute
|move|p2a: Kyurem|Roost|p2a: Kyurem
|-heal|p2a: Kyurem|388\/405
|
|-heal|p1a: Starmie|257\/324|[from] item: Leftovers
|-heal|p2a: Kyurem|405\/405|[from] item: Leftovers
|turn|33
|
|move|p1a: Starmie|Psyshock|p2a: Kyurem
|-damage|p2a: Kyurem|297\/405
|move|p2a: Kyurem|Substitute|p2a: Kyurem
|-start|p2a: Kyurem|Substitute
|-damage|p2a: Kyurem|196\/405
|
|-heal|p1a: Starmie|277\/324|[from] item: Leftovers
|-heal|p2a: Kyurem|221\/405|[from] item: Leftovers
|turn|34
|
|move|p1a: Starmie|Psyshock|p2a: Kyurem
|-end|p2a: Kyurem|Substitute
|move|p2a: Kyurem|Roost|p2a: Kyurem
|-heal|p2a: Kyurem|405\/405
|
|-heal|p1a: Starmie|297\/324|[from] item: Leftovers
|turn|35
|
|move|p1a: Starmie|Psyshock|p2a: Kyurem
|-damage|p2a: Kyurem|300\/405
|move|p2a: Kyurem|Substitute|p2a: Kyurem
|-start|p2a: Kyurem|Substitute
|-damage|p2a: Kyurem|199\/405
|
|-heal|p1a: Starmie|317\/324|[from] item: Leftovers
|-heal|p2a: Kyurem|224\/405|[from] item: Leftovers
|turn|36
|
|move|p1a: Starmie|Rapid Spin|p2a: Kyurem
|-activate|p2a: Kyurem|Substitute|[damage]
|-sideend|p1: TerenteX|Stealth Rock|[from] move: Rapid Spin|[of] p1a: Starmie
|move|p2a: Kyurem|Roost|p2a: Kyurem
|-heal|p2a: Kyurem|405\/405
|
|-heal|p1a: Starmie|324\/324|[from] item: Leftovers
|turn|37
|
|move|p1a: Starmie|Psyshock|p2a: Kyurem
|-end|p2a: Kyurem|Substitute
|move|p2a: Kyurem|Earth Power|p1a: Starmie
|-damage|p1a: Starmie|199\/324
|
|-heal|p1a: Starmie|219\/324|[from] item: Leftovers
|turn|38
|
|switch|p1a: Jirachi|Jirachi|293\/404
|move|p2a: Kyurem|Substitute|p2a: Kyurem
|-start|p2a: Kyurem|Substitute
|-damage|p2a: Kyurem|304\/405
|
|-heal|p1a: Jirachi|318\/404|[from] item: Leftovers
|-heal|p2a: Kyurem|329\/405|[from] item: Leftovers
|turn|39
|
|move|p1a: Jirachi|Iron Head|p2a: Kyurem
|-supereffective|p2a: Kyurem
|-end|p2a: Kyurem|Substitute
|move|p2a: Kyurem|Earth Power|p1a: Jirachi
|-supereffective|p1a: Jirachi
|-damage|p1a: Jirachi|94\/404
|
|-heal|p1a: Jirachi|119\/404|[from] item: Leftovers
|-heal|p2a: Kyurem|354\/405|[from] item: Leftovers
|turn|40
|
|switch|p2a: Arcanine|Arcanine, F|376\/383
|-damage|p2a: Arcanine|281\/383|[from] Stealth Rock
|-ability|p2a: Arcanine|Intimidate|[of] p1a: Jirachi
|-unboost|p1a: Jirachi|atk|1
|move|p1a: Jirachi|Iron Head|p2a: Arcanine
|-resisted|p2a: Arcanine
|-damage|p2a: Arcanine|254\/383
|
|-heal|p1a: Jirachi|144\/404|[from] item: Leftovers
|-heal|p2a: Arcanine|277\/383|[from] item: Leftovers
|turn|41
|join|beppityboopbopTEST
|
|switch|p1a: Starmie|Starmie|219\/324
|move|p2a: Arcanine|Toxic|p1a: Starmie
|-status|p1a: Starmie|tox
|
|-heal|p1a: Starmie|239\/324 tox|[from] item: Leftovers
|-heal|p2a: Arcanine|300\/383|[from] item: Leftovers
|-damage|p1a: Starmie|219\/324 tox|[from] psn
|turn|42
|c| beppityboopbopTEST|wut
|
|switch|p2a: Bronzong|Bronzong|338\/338
|-damage|p2a: Bronzong|317\/338|[from] Stealth Rock
|move|p1a: Starmie|Scald|p2a: Bronzong
|-damage|p2a: Bronzong|259\/338
|
|-heal|p1a: Starmie|239\/324 tox|[from] item: Leftovers
|-heal|p2a: Bronzong|280\/338|[from] item: Leftovers
|-damage|p1a: Starmie|199\/324 tox|[from] psn
|turn|43
|c| beppityboopbopTEST|stallbreaker rk9?
|c|âHogg Horse|I had been using WoW
|c|âHogg Horse|but then I couldn't beat other fires one on one
|
|switch|p1a: Jirachi|Jirachi|144\/404
|move|p2a: Bronzong|Stealth Rock|p1a: Jirachi
|-sidestart|p1: TerenteX|move: Stealth Rock
|
|-heal|p1a: Jirachi|169\/404|[from] item: Leftovers
|-heal|p2a: Bronzong|301\/338|[from] item: Leftovers
|turn|44
|
|switch|p2a: Arcanine|Arcanine, F|300\/383
|-damage|p2a: Arcanine|205\/383|[from] Stealth Rock
|-ability|p2a: Arcanine|Intimidate|[of] p1a: Jirachi
|-unboost|p1a: Jirachi|atk|1
|move|p1a: Jirachi|Toxic|p2a: Arcanine
|-status|p2a: Arcanine|tox
|
|-heal|p1a: Jirachi|194\/404|[from] item: Leftovers
|-heal|p2a: Arcanine|228\/383 tox|[from] item: Leftovers
|-damage|p2a: Arcanine|205\/383 tox|[from] psn
|turn|45
|
|switch|p1a: Hydreigon|Hydreigon, F|266\/326
|-damage|p1a: Hydreigon|226\/326|[from] Stealth Rock
|move|p2a: Arcanine|Flare Blitz|p1a: Hydreigon
|-resisted|p1a: Hydreigon
|-damage|p1a: Hydreigon|142\/326
|-damage|p2a: Arcanine|177\/383 tox|[from] recoil|[of] p1a: Hydreigon
|
|-heal|p2a: Arcanine|200\/383 tox|[from] item: Leftovers
|-damage|p2a: Arcanine|154\/383 tox|[from] psn
|turn|46
|
|move|p2a: Arcanine|Extreme Speed|p1a: Hydreigon
|-damage|p1a: Hydreigon|70\/326
|move|p1a: Hydreigon|U-turn|p2a: Arcanine
|-resisted|p2a: Arcanine
|-damage|p2a: Arcanine|134\/383 tox
|
|switch|p1a: Starmie|Starmie|199\/324
|-damage|p1a: Starmie|159\/324|[from] Stealth Rock
|
|-heal|p1a: Starmie|179\/324|[from] item: Leftovers
|-heal|p2a: Arcanine|157\/383 tox|[from] item: Leftovers
|-damage|p2a: Arcanine|88\/383 tox|[from] psn
|turn|47
|
|move|p2a: Arcanine|Extreme Speed|p1a: Starmie
|-damage|p1a: Starmie|107\/324
|move|p1a: Starmie|Scald|p2a: Arcanine
|-supereffective|p2a: Arcanine
|-damage|p2a: Arcanine|0 fnt
|faint|p2a: Arcanine
|
|-heal|p1a: Starmie|127\/324|[from] item: Leftovers
|join|hairy toenail
|
|switch|p2a: Amoonguss|Amoonguss, F|432\/432
|-damage|p2a: Amoonguss|378\/432|[from] Stealth Rock
|turn|48
|
|switch|p1a: Jirachi|Jirachi|194\/404
|-damage|p1a: Jirachi|169\/404|[from] Stealth Rock
|move|p2a: Amoonguss|Spore|p1a: Jirachi
|-status|p1a: Jirachi|slp
|
|-heal|p1a: Jirachi|194\/404 slp|[from] item: Leftovers
|-heal|p2a: Amoonguss|405\/432|[from] item: Black Sludge
|turn|49
|
|cant|p1a: Jirachi|slp
|move|p2a: Amoonguss|Foul Play|p1a: Jirachi
|-supereffective|p1a: Jirachi
|-damage|p1a: Jirachi|32\/404 slp
|
|-heal|p1a: Jirachi|57\/404 slp|[from] item: Leftovers
|-heal|p2a: Amoonguss|432\/432|[from] item: Black Sludge
|turn|50
|
|cant|p1a: Jirachi|slp
|move|p2a: Amoonguss|Foul Play|p1a: Jirachi
|-supereffective|p1a: Jirachi
|-damage|p1a: Jirachi|0 fnt
|faint|p1a: Jirachi
|
|
|switch|p1a: Hydreigon|Hydreigon, F|70\/326
|-damage|p1a: Hydreigon|30\/326|[from] Stealth Rock
|turn|51
|
|switch|p2a: Bronzong|Bronzong|301\/338
|-damage|p2a: Bronzong|280\/338|[from] Stealth Rock
|move|p1a: Hydreigon|Draco Meteor|p2a: Bronzong
|-resisted|p2a: Bronzong
|-damage|p2a: Bronzong|208\/338
|-unboost|p1a: Hydreigon|spa|2
|
|-heal|p2a: Bronzong|229\/338|[from] item: Leftovers
|turn|52
|
|move|p1a: Hydreigon|Draco Meteor|p2a: Bronzong
|-resisted|p2a: Bronzong
|-damage|p2a: Bronzong|193\/338
|-unboost|p1a: Hydreigon|spa|2
|move|p2a: Bronzong|Toxic|p1a: Hydreigon
|-status|p1a: Hydreigon|tox
|
|-heal|p2a: Bronzong|214\/338|[from] item: Leftovers
|-damage|p1a: Hydreigon|10\/326 tox|[from] psn
|turn|53
|
|move|p1a: Hydreigon|Draco Meteor|p2a: Bronzong
|-resisted|p2a: Bronzong
|-damage|p2a: Bronzong|188\/338
|-unboost|p1a: Hydreigon|spa|2
|move|p2a: Bronzong|Gyro Ball|p1a: Hydreigon
|-damage|p1a: Hydreigon|0 fnt
|faint|p1a: Hydreigon
|
|-heal|p2a: Bronzong|209\/338|[from] item: Leftovers
|
|switch|p1a: Starmie|Starmie|127\/324
|-damage|p1a: Starmie|87\/324|[from] Stealth Rock
|turn|54
|
|move|p1a: Starmie|Recover|p1a: Starmie
|-heal|p1a: Starmie|249\/324
|move|p2a: Bronzong|Toxic|p1a: Starmie
|-status|p1a: Starmie|tox
|
|-heal|p1a: Starmie|269\/324 tox|[from] item: Leftovers
|-heal|p2a: Bronzong|230\/338|[from] item: Leftovers
|-damage|p1a: Starmie|249\/324 tox|[from] psn
|turn|55
|
|move|p1a: Starmie|Scald|p2a: Bronzong
|-damage|p2a: Bronzong|167\/338
|move|p2a: Bronzong|Earthquake|p1a: Starmie
|-damage|p1a: Starmie|172\/324 tox
|
|-heal|p1a: Starmie|192\/324 tox|[from] item: Leftovers
|-heal|p2a: Bronzong|188\/338|[from] item: Leftovers
|-damage|p1a: Starmie|152\/324 tox|[from] psn
|turn|56
|
|move|p1a: Starmie|Scald|p2a: Bronzong
|-damage|p2a: Bronzong|125\/338
|move|p2a: Bronzong|Earthquake|p1a: Starmie
|-damage|p1a: Starmie|73\/324 tox
|
|-heal|p1a: Starmie|93\/324 tox|[from] item: Leftovers
|-heal|p2a: Bronzong|146\/338|[from] item: Leftovers
|-damage|p1a: Starmie|33\/324 tox|[from] psn
|turn|57
|leave|beppityboopbopTEST
|
|move|p1a: Starmie|Recover|p1a: Starmie
|-heal|p1a: Starmie|195\/324 tox
|move|p2a: Bronzong|Earthquake|p1a: Starmie
|-damage|p1a: Starmie|119\/324 tox
|
|-heal|p1a: Starmie|139\/324 tox|[from] item: Leftovers
|-heal|p2a: Bronzong|167\/338|[from] item: Leftovers
|-damage|p1a: Starmie|59\/324 tox|[from] psn
|turn|58
|
|move|p1a: Starmie|Scald|p2a: Bronzong
|-damage|p2a: Bronzong|107\/338
|move|p2a: Bronzong|Earthquake|p1a: Starmie
|-damage|p1a: Starmie|0 fnt
|faint|p1a: Starmie
|
|win|Hogg Horse
|raw|Ladder updating...
|raw|TerenteX's rating: 1334 &rarr; <strong>1314<\/strong><br \/>(-20 for losing)
|raw|Hogg Horse's rating: 1329 &rarr; <strong>1349<\/strong><br \/>(+20 for winning)
|c|âTerenteX|gg
|c|âHogg Horse|gg
|leave|TerenteX
|player|p1