|join|JiaShengz
|join|obliviatee
|player|p1|JiaShengz|265
|player|p2|obliviatee|1
|gametype|singles
|gen|6
|tier|OU
|rated
|clearpoke
|poke|p1|Sableye, M
|poke|p1|Heatran, M
|poke|p1|Tentacruel, F
|poke|p1|Chesnaught, M
|poke|p1|Chansey, F
|poke|p1|Clefable, M
|poke|p2|Charizard, M
|poke|p2|Jirachi
|poke|p2|Manaphy
|poke|p2|Tentacruel, M
|poke|p2|Ferrothorn, F
|poke|p2|Clefable, M
|rule|Swagger Clause: Swagger is banned
|rule|Baton Pass Clause: Limit one PokÃ©mon knowing Baton Pass
|rule|Sleep Clause Mod: Limit one foe put to sleep
|rule|Species Clause: Limit one of each PokÃ©mon
|rule|OHKO Clause: OHKO moves are banned
|rule|Moody Clause: Moody is banned
|rule|Evasion Moves Clause: Evasion moves are banned
|rule|Endless Battle Clause: Forcing endless battles is banned
|rule|HP Percentage Mod: HP is shown in percentages
|teampreview
|
|start
|switch|p1a: Heatran|Heatran, M|386\/386
|switch|p2a: Jirachi|Jirachi|341\/341
|turn|1
|
|move|p2a: Jirachi|U-turn|p1a: Heatran
|-resisted|p1a: Heatran
|-damage|p1a: Heatran|369\/386
|
|switch|p2a: Manaphy|Manaphy|401\/401
|move|p1a: Heatran|Lava Plume|p2a: Manaphy
|-resisted|p2a: Manaphy
|-damage|p2a: Manaphy|339\/401
|
|-heal|p2a: Manaphy|364\/401|[from] item: Leftovers
|-heal|p1a: Heatran|386\/386|[from] item: Leftovers
|turn|2
|
|switch|p1a: Clefable|Clefable, M|394\/394
|move|p2a: Manaphy|Rain Dance|p2a: Manaphy
|-weather|RainDance
|
|-weather|RainDance|[upkeep]
|-heal|p2a: Manaphy|389\/401|[from] item: Leftovers
|turn|3
|
|move|p2a: Manaphy|Tail Glow|p2a: Manaphy
|-boost|p2a: Manaphy|spa|3
|move|p1a: Clefable|Calm Mind|p1a: Clefable
|-boost|p1a: Clefable|spa|1
|-boost|p1a: Clefable|spd|1
|
|-weather|RainDance|[upkeep]
|-heal|p2a: Manaphy|401\/401|[from] item: Leftovers
|turn|4
|
|move|p2a: Manaphy|Scald|p1a: Clefable
|-damage|p1a: Clefable|264\/394
|move|p1a: Clefable|Calm Mind|p1a: Clefable
|-boost|p1a: Clefable|spa|1
|-boost|p1a: Clefable|spd|1
|
|-weather|RainDance|[upkeep]
|-heal|p1a: Clefable|288\/394|[from] item: Leftovers
|turn|5
|
|move|p2a: Manaphy|Tail Glow|p2a: Manaphy
|-boost|p2a: Manaphy|spa|3
|move|p1a: Clefable|Moonblast|p2a: Manaphy
|-damage|p2a: Manaphy|182\/401
|
|-weather|RainDance|[upkeep]
|-heal|p2a: Manaphy|207\/401|[from] item: Leftovers
|-heal|p1a: Clefable|312\/394|[from] item: Leftovers
|turn|6
|
|move|p2a: Manaphy|Rest|p2a: Manaphy
|-status|p2a: Manaphy|slp
|-heal|p2a: Manaphy|401\/401 slp|[silent]
|-status|p2a: Manaphy|slp|[from] move: Rest
|move|p1a: Clefable|Moonblast|p2a: Manaphy
|-damage|p2a: Manaphy|203\/401 slp
|-unboost|p2a: Manaphy|spa|1
|
|-weather|none
|-heal|p2a: Manaphy|228\/401 slp|[from] item: Leftovers
|-heal|p1a: Clefable|336\/394|[from] item: Leftovers
|turn|7
|
|switch|p2a: Clefable|Clefable, M|394\/394
|move|p1a: Clefable|Moonblast|p2a: Clefable
|-damage|p2a: Clefable|285\/394
|
|-heal|p2a: Clefable|309\/394|[from] item: Leftovers
|-heal|p1a: Clefable|360\/394|[from] item: Leftovers
|turn|8
|
|switch|p1a: Heatran|Heatran, M|386\/386
|move|p2a: Clefable|Heal Bell|p2a: Clefable
|-cureteam|p2a: Clefable|[from] move: HealBell
|
|-heal|p2a: Clefable|333\/394|[from] item: Leftovers
|turn|9
|
|switch|p2a: Manaphy|Manaphy|228\/401
|move|p1a: Heatran|Toxic|p2a: Manaphy
|-status|p2a: Manaphy|tox
|
|-heal|p2a: Manaphy|253\/401 tox|[from] item: Leftovers
|-damage|p2a: Manaphy|228\/401 tox|[from] psn
|turn|10
|
|switch|p1a: Tentacruel|Tentacruel, F|361\/361
|move|p2a: Manaphy|Rain Dance|p2a: Manaphy
|-weather|RainDance
|
|-weather|RainDance|[upkeep]
|-curestatus|p2a: Manaphy|tox
|-heal|p2a: Manaphy|253\/401|[from] item: Leftovers
|turn|11
|
|move|p2a: Manaphy|Scald|p1a: Tentacruel
|-resisted|p1a: Tentacruel
|-damage|p1a: Tentacruel|276\/361
|move|p1a: Tentacruel|Knock Off|p2a: Manaphy
|-damage|p2a: Manaphy|205\/401
|-enditem|p2a: Manaphy|Leftovers|[from] move: Knock Off|[of] p1a: Tentacruel
|
|-weather|RainDance|[upkeep]
|-heal|p1a: Tentacruel|298\/361|[from] item: Black Sludge
|turn|12
|
|switch|p1a: Chansey|Chansey, F|703\/703
|move|p2a: Manaphy|Scald|p1a: Chansey
|-damage|p1a: Chansey|582\/703
|
|-weather|RainDance|[upkeep]
|turn|13
|
|move|p2a: Manaphy|Tail Glow|p2a: Manaphy
|-boost|p2a: Manaphy|spa|3
|move|p1a: Chansey|Wish|p1a: Chansey
|
|-weather|RainDance|[upkeep]
|turn|14
|
|move|p2a: Manaphy|Scald|p1a: Chansey
|-damage|p1a: Chansey|281\/703
|move|p1a: Chansey|Seismic Toss|p2a: Manaphy
|-damage|p2a: Manaphy|105\/401
|
|-weather|none
|-heal|p1a: Chansey|632\/703|[from] move: Wish|[wisher] Chansey
|turn|15
|
|move|p2a: Manaphy|Rain Dance|p2a: Manaphy
|-weather|RainDance
|move|p1a: Chansey|Wish|p1a: Chansey
|
|-weather|RainDance|[upkeep]
|turn|16
|
|switch|p1a: Clefable|Clefable, M|360\/394
|move|p2a: Manaphy|Rest|p2a: Manaphy
|-status|p2a: Manaphy|slp
|-heal|p2a: Manaphy|401\/401 slp|[silent]
|-status|p2a: Manaphy|slp|[from] move: Rest
|
|-weather|RainDance|[upkeep]
|-heal|p1a: Clefable|394\/394|[from] move: Wish|[wisher] Chansey
|-curestatus|p2a: Manaphy|slp
|turn|17
|
|move|p1a: Clefable|Protect|p1a: Clefable
|-singleturn|p1a: Clefable|Protect
|move|p2a: Manaphy|Scald|p1a: Clefable
|-activate|p1a: Clefable|Protect
|
|-weather|RainDance|[upkeep]
|turn|18
|
|move|p2a: Manaphy|Scald|p1a: Clefable
|-damage|p1a: Clefable|189\/394
|move|p1a: Clefable|Calm Mind|p1a: Clefable
|-boost|p1a: Clefable|spa|1
|-boost|p1a: Clefable|spd|1
|
|-weather|RainDance|[upkeep]
|-heal|p1a: Clefable|213\/394|[from] item: Leftovers
|turn|19
|
|move|p1a: Clefable|Protect|p1a: Clefable
|-singleturn|p1a: Clefable|Protect
|move|p2a: Manaphy|Tail Glow|p2a: Manaphy
|-boost|p2a: Manaphy|spa|3
|
|-weather|none
|-heal|p1a: Clefable|237\/394|[from] item: Leftovers
|turn|20
|
|move|p2a: Manaphy|Scald|p1a: Clefable
|-damage|p1a: Clefable|135\/394
|move|p1a: Clefable|Wish|p1a: Clefable
|
|-heal|p1a: Clefable|159\/394|[from] item: Leftovers
|turn|21
|
|switch|p2a: Clefable|Clefable, M|333\/394
|move|p1a: Clefable|Calm Mind|p1a: Clefable
|-boost|p1a: Clefable|spa|1
|-boost|p1a: Clefable|spd|1
|
|-heal|p1a: Clefable|356\/394|[from] move: Wish|[wisher] Clefable
|-heal|p1a: Clefable|380\/394|[from] item: Leftovers
|-heal|p2a: Clefable|357\/394|[from] item: Leftovers
|turn|22
|
|move|p1a: Clefable|Moonblast|p2a: Clefable
|-damage|p2a: Clefable|234\/394
|-unboost|p2a: Clefable|spa|1
|move|p2a: Clefable|Moonblast|p1a: Clefable
|-damage|p1a: Clefable|271\/394
|
|-heal|p1a: Clefable|295\/394|[from] item: Leftovers
|-heal|p2a: Clefable|258\/394|[from] item: Leftovers
|turn|23
|
|switch|p1a: Tentacruel|Tentacruel, F|298\/361
|move|p2a: Clefable|Wish|p2a: Clefable
|
|-heal|p1a: Tentacruel|320\/361|[from] item: Black Sludge
|-heal|p2a: Clefable|282\/394|[from] item: Leftovers
|turn|24
|
|switch|p2a: Manaphy|Manaphy|401\/401
|move|p1a: Tentacruel|Knock Off|p2a: Manaphy
|-damage|p2a: Manaphy|365\/401
|
|-heal|p2a: Manaphy|401\/401|[from] move: Wish|[wisher] Clefable
|-heal|p1a: Tentacruel|342\/361|[from] item: Black Sludge
|turn|25
|
|switch|p1a: Chansey|Chansey, F|632\/703
|move|p2a: Manaphy|Rain Dance|p2a: Manaphy
|-weather|RainDance
|
|-weather|RainDance|[upkeep]
|turn|26
|
|move|p2a: Manaphy|Tail Glow|p2a: Manaphy
|-boost|p2a: Manaphy|spa|3
|move|p1a: Chansey|Wish|p1a: Chansey
|
|-weather|RainDance|[upkeep]
|turn|27
|
|move|p2a: Manaphy|Tail Glow|p2a: Manaphy
|-boost|p2a: Manaphy|spa|3
|move|p1a: Chansey|Seismic Toss|p2a: Manaphy
|-damage|p2a: Manaphy|301\/401
|
|-weather|RainDance|[upkeep]
|-heal|p1a: Chansey|703\/703|[from] move: Wish|[wisher] Chansey
|turn|28
|
|move|p2a: Manaphy|Scald|p1a: Chansey
|-damage|p1a: Chansey|205\/703
|-status|p1a: Chansey|brn
|move|p1a: Chansey|Soft-Boiled|p1a: Chansey
|-heal|p1a: Chansey|557\/703 brn
|
|-weather|RainDance|[upkeep]
|-damage|p1a: Chansey|470\/703 brn|[from] brn
|turn|29
|
|switch|p1a: Tentacruel|Tentacruel, F|342\/361
|move|p2a: Manaphy|Scald|p1a: Tentacruel
|-resisted|p1a: Tentacruel
|-damage|p1a: Tentacruel|0 fnt
|faint|p1a: Tentacruel
|
|-weather|none
|
|switch|p1a: Clefable|Clefable, M|295\/394
|turn|30
|
|switch|p2a: Charizard|Charizard, M|297\/297
|move|p1a: Clefable|Calm Mind|p1a: Clefable
|-boost|p1a: Clefable|spa|1
|-boost|p1a: Clefable|spd|1
|
|-heal|p1a: Clefable|319\/394|[from] item: Leftovers
|turn|31
|
|detailschange|p2a: Charizard|Charizard-Mega-X, M
|message|Charizard has Mega Evolved into Mega Charizard!
|move|p1a: Clefable|Protect|p1a: Clefable
|-singleturn|p1a: Clefable|Protect
|move|p2a: Charizard|Flare Blitz|p1a: Clefable
|-activate|p1a: Clefable|Protect
|
|-heal|p1a: Clefable|343\/394|[from] item: Leftovers
|turn|32
|
|switch|p2a: Clefable|Clefable, M|282\/394
|move|p1a: Clefable|Wish|p1a: Clefable
|
|-heal|p2a: Clefable|306\/394|[from] item: Leftovers
|-heal|p1a: Clefable|367\/394|[from] item: Leftovers
|turn|33
|
|switch|p1a: Chansey|Chansey, F|470\/703
|move|p2a: Clefable|Wish|p2a: Clefable
|
|-heal|p1a: Chansey|667\/703|[from] move: Wish|[wisher] Clefable
|-heal|p2a: Clefable|330\/394|[from] item: Leftovers
|turn|34
|
|switch|p2a: Ferrothorn|Ferrothorn, F|352\/352
|move|p1a: Chansey|Wish|p1a: Chansey
|
|turn|35
|
|switch|p1a: Sableye|Sableye, M|304\/304
|move|p2a: Ferrothorn|Stealth Rock|p1a: Sableye
|-sidestart|p1: JiaShengz|move: Stealth Rock
|
|turn|36
|
|switch|p2a: Charizard|Charizard-Mega-X, M|297\/297
|detailschange|p1a: Sableye|Sableye-Mega, M
|message|Sableye has Mega Evolved into Mega Sableye!
|move|p1a: Sableye|Will-O-Wisp|p2a: Charizard
|-fail|p2a: Charizard
|
|turn|37
|
|switch|p1a: Heatran|Heatran, M|386\/386
|-damage|p1a: Heatran|338\/386|[from] Stealth Rock
|move|p2a: Charizard|Dragon Claw|p1a: Heatran
|-crit|p1a: Heatran
|-resisted|p1a: Heatran
|-damage|p1a: Heatran|179\/386
|
|-heal|p1a: Heatran|203\/386|[from] item: Leftovers
|turn|38
|
|switch|p2a: Manaphy|Manaphy|301\/401
|move|p1a: Heatran|Toxic|p2a: Manaphy
|-status|p2a: Manaphy|tox
|
|-heal|p1a: Heatran|227\/386|[from] item: Leftovers
|-damage|p2a: Manaphy|276\/401 tox|[from] psn
|turn|39
|
|switch|p1a: Chesnaught|Chesnaught, M|380\/380
|-damage|p1a: Chesnaught|357\/380|[from] Stealth Rock
|move|p2a: Manaphy|Rain Dance|p2a: Manaphy
|-weather|RainDance
|
|-weather|RainDance|[upkeep]
|-curestatus|p2a: Manaphy|tox
|-heal|p1a: Chesnaught|380\/380|[from] item: Leftovers
|turn|40
|
|move|p2a: Manaphy|Scald|p1a: Chesnaught
|-resisted|p1a: Chesnaught
|-damage|p1a: Chesnaught|259\/380
|-status|p1a: Chesnaught|brn
|move|p1a: Chesnaught|Leech Seed|p2a: Manaphy
|-start|p2a: Manaphy|move: Leech Seed
|
|-weather|RainDance|[upkeep]
|-heal|p1a: Chesnaught|282\/380 brn|[from] item: Leftovers
|-damage|p2a: Manaphy|226\/401|[from] Leech Seed|[of] p1a: Chesnaught
|-heal|p1a: Chesnaught|332\/380 brn|[silent]
|-damage|p1a: Chesnaught|285\/380 brn|[from] brn
|turn|41
|
|switch|p2a: Tentacruel|Tentacruel, M|364\/364
|switch|p1a: Clefable|Clefable, M|367\/394
|-damage|p1a: Clefable|318\/394|[from] Stealth Rock
|
|-weather|RainDance|[upkeep]
|-heal|p1a: Clefable|342\/394|[from] item: Leftovers
|turn|42
|
|switch|p1a: Sableye|Sableye-Mega, M|304\/304
|-damage|p1a: Sableye|266\/304|[from] Stealth Rock
|move|p2a: Tentacruel|Acid Spray|p1a: Sableye
|-resisted|p1a: Sableye
|-damage|p1a: Sableye|251\/304
|-unboost|p1a: Sableye|spd|2
|
|-weather|RainDance|[upkeep]
|turn|43
|
|switch|p1a: Chesnaught|Chesnaught, M|285\/380 brn
|-damage|p1a: Chesnaught|262\/380 brn|[from] Stealth Rock
|move|p2a: Tentacruel|Scald|p1a: Chesnaught
|-resisted|p1a: Chesnaught
|-damage|p1a: Chesnaught|191\/380 brn
|
|-weather|none
|-heal|p1a: Chesnaught|214\/380 brn|[from] item: Leftovers
|-damage|p1a: Chesnaught|167\/380 brn|[from] brn
|turn|44
|
|switch|p1a: Sableye|Sableye-Mega, M|251\/304
|-damage|p1a: Sableye|213\/304|[from] Stealth Rock
|move|p2a: Tentacruel|Acid Spray|p1a: Sableye
|-resisted|p1a: Sableye
|-damage|p1a: Sableye|195\/304
|-unboost|p1a: Sableye|spd|2
|
|turn|45
|
|move|p2a: Tentacruel|Scald|p1a: Sableye
|-damage|p1a: Sableye|53\/304
|move|p1a: Sableye|Knock Off|p2a: Tentacruel
|-damage|p2a: Tentacruel|264\/364
|-enditem|p2a: Tentacruel|Black Sludge|[from] move: Knock Off|[of] p1a: Sableye
|
|turn|46
|
|switch|p1a: Chansey|Chansey, F|667\/703
|-damage|p1a: Chansey|580\/703|[from] Stealth Rock
|move|p2a: Tentacruel|Scald|p1a: Chansey
|-damage|p1a: Chansey|531\/703
|-status|p1a: Chansey|brn
|
|-damage|p1a: Chansey|444\/703 brn|[from] brn
|turn|47
|
|move|p2a: Tentacruel|Knock Off|p1a: Chansey
|-damage|p1a: Chansey|379\/703 brn
|-enditem|p1a: Chansey|Eviolite|[from] move: Knock Off|[of] p2a: Tentacruel
|move|p1a: Chansey|Heal Bell|p1a: Chansey
|-cureteam|p1a: Chansey|[from] move: HealBell
|
|turn|48
|
|switch|p2a: Charizard|Charizard-Mega-X, M|297\/297
|move|p1a: Chansey|Soft-Boiled|p1a: Chansey
|-heal|p1a: Chansey|703\/703
|
|turn|49
|
|switch|p1a: Heatran|Heatran, M|227\/386
|-damage|p1a: Heatran|179\/386|[from] Stealth Rock
|move|p2a: Charizard|Swords Dance|p2a: Charizard
|-boost|p2a: Charizard|atk|2
|
|-heal|p1a: Heatran|203\/386|[from] item: Leftovers
|turn|50
|
|switch|p1a: Clefable|Clefable, M|342\/394
|-damage|p1a: Clefable|293\/394|[from] Stealth Rock
|move|p2a: Charizard|Dragon Claw|p1a: Clefable
|-immune|p1a: Clefable|[msg]
|
|-heal|p1a: Clefable|317\/394|[from] item: Leftovers
|turn|51
|
|move|p1a: Clefable|Protect|p1a: Clefable
|-singleturn|p1a: Clefable|Protect
|move|p2a: Charizard|Flare Blitz|p1a: Clefable
|-activate|p1a: Clefable|Protect
|
|-heal|p1a: Clefable|341\/394|[from] item: Leftovers
|turn|52
|
|move|p2a: Charizard|Flare Blitz|p1a: Clefable
|-damage|p1a: Clefable|80\/394
|-damage|p2a: Charizard|211\/297|[from] recoil|[of] p1a: Clefable
|move|p1a: Clefable|Moonblast|p2a: Charizard
|-damage|p2a: Charizard|82\/297
|-unboost|p2a: Charizard|spa|1
|
|-heal|p1a: Clefable|104\/394|[from] item: Leftovers
|turn|53
|
|move|p1a: Clefable|Protect|p1a: Clefable
|-singleturn|p1a: Clefable|Protect
|move|p2a: Charizard|Flare Blitz|p1a: Clefable
|-activate|p1a: Clefable|Protect
|
|-heal|p1a: Clefable|128\/394|[from] item: Leftovers
|turn|54
|
|switch|p1a: Chansey|Chansey, F|703\/703
|-damage|p1a: Chansey|616\/703|[from] Stealth Rock
|move|p2a: Charizard|Flare Blitz|p1a: Chansey
|-damage|p1a: Chansey|0 fnt
|-damage|p2a: Charizard|0 fnt|[from] recoil|[of] p1a: Chansey
|faint|p1a: Chansey
|faint|p2a: Charizard
|
|
|switch|p2a: Jirachi|Jirachi|341\/341
|switch|p1a: Heatran|Heatran, M|203\/386
|-damage|p1a: Heatran|155\/386|[from] Stealth Rock
|turn|55
|
|move|p2a: Jirachi|U-turn|p1a: Heatran
|-crit|p1a: Heatran
|-resisted|p1a: Heatran
|-damage|p1a: Heatran|130\/386
|
|switch|p2a: Manaphy|Manaphy|226\/401
|move|p1a: Heatran|Lava Plume|p2a: Manaphy
|-resisted|p2a: Manaphy
|-damage|p2a: Manaphy|166\/401
|-status|p2a: Manaphy|brn
|
|-heal|p1a: Heatran|154\/386|[from] item: Leftovers
|-damage|p2a: Manaphy|116\/401 brn|[from] brn
|turn|56
|
|move|p2a: Manaphy|Rain Dance|p2a: Manaphy
|-weather|RainDance
|move|p1a: Heatran|Taunt|p2a: Manaphy
|-start|p2a: Manaphy|move: Taunt
|
|-weather|RainDance|[upkeep]
|-curestatus|p2a: Manaphy|brn
|-heal|p1a: Heatran|178\/386|[from] item: Leftovers
|turn|57
|
|switch|p1a: Chesnaught|Chesnaught, M|167\/380
|-damage|p1a: Chesnaught|144\/380|[from] Stealth Rock
|move|p2a: Manaphy|Scald|p1a: Chesnaught
|-resisted|p1a: Chesnaught
|-damage|p1a: Chesnaught|25\/380
|
|-weather|RainDance|[upkeep]
|-heal|p1a: Chesnaught|48\/380|[from] item: Leftovers
|turn|58
|
|move|p1a: Chesnaught|Spiky Shield|p1a: Chesnaught
|-singleturn|p1a: Chesnaught|move: Protect
|move|p2a: Manaphy|Scald|p1a: Chesnaught
|-activate|p1a: Chesnaught|move: Protect
|
|-weather|RainDance|[upkeep]
|-heal|p1a: Chesnaught|71\/380|[from] item: Leftovers
|turn|59
|
|move|p2a: Manaphy|Scald|p1a: Chesnaught
|-resisted|p1a: Chesnaught
|-damage|p1a: Chesnaught|0 fnt
|faint|p1a: Chesnaught
|
|-weather|RainDance|[upkeep]
|-end|p2a: Manaphy|move: Taunt
|-message|JiaShengz forfeited.
|
|win|obliviatee
|raw|Ladder updating...
|leave|JiaShengz
|player|p1
|raw|JiaShengz's rating: 1796 &rarr; <strong>1763<\/strong><br \/>(-33 for losing)
|raw|obliviatee's rating: 1526 &rarr; <strong>1559<\/strong><br \/>(+33 for winning)