|join|JiaShengz
|join|forfeit so i get 1
|player|p1|JiaShengz|265
|player|p2|forfeit so i get 1|161
|gametype|singles
|gen|6
|tier|OU
|rated
|clearpoke
|poke|p1|Sableye, F
|poke|p1|Heatran, F
|poke|p1|Tentacruel, M
|poke|p1|Chesnaught, M
|poke|p1|Chansey, F
|poke|p1|Clefable, F
|poke|p2|Chansey, F
|poke|p2|Sableye, M
|poke|p2|Amoonguss, M
|poke|p2|Jirachi
|poke|p2|Quagsire, F
|poke|p2|Latias, F
|rule|Swagger Clause: Swagger is banned
|rule|Baton Pass Clause: Limit one PokÃ©mon knowing Baton Pass
|rule|Sleep Clause Mod: Limit one foe put to sleep
|rule|Species Clause: Limit one of each PokÃ©mon
|rule|OHKO Clause: OHKO moves are banned
|rule|Moody Clause: Moody is banned
|rule|Evasion Moves Clause: Evasion moves are banned
|rule|Endless Battle Clause: Forcing endless battles is banned
|rule|HP Percentage Mod: HP is shown in percentages
|teampreview
|
|start
|switch|p1a: Sableye|Sableye, F|304\/304
|switch|p2a: Sableye|Sableye, M|304\/304
|turn|1
|
|detailschange|p2a: Sableye|Sableye-Mega, M
|message|Sableye has Mega Evolved into Mega Sableye!
|detailschange|p1a: Sableye|Sableye-Mega, F
|message|Sableye has Mega Evolved into Mega Sableye!
|move|p1a: Sableye|Taunt|p2a: Sableye
|move|p2a: Sableye|Taunt|p1a: Sableye|[from]Magic Bounce
|-start|p1a: Sableye|move: Taunt
|move|p2a: Sableye|Knock Off|p1a: Sableye
|-damage|p1a: Sableye|262\/304
|
|turn|2
|
|switch|p1a: Clefable|Clefable, F|394\/394
|move|p2a: Sableye|Knock Off|p1a: Clefable
|-resisted|p1a: Clefable
|-damage|p1a: Clefable|348\/394
|-enditem|p1a: Clefable|Leftovers|[from] move: Knock Off|[of] p2a: Sableye
|
|turn|3
|
|switch|p1a: Tentacruel|Tentacruel, M|361\/361
|switch|p2a: Jirachi|Jirachi|401\/401
|
|turn|4
|
|switch|p2a: Latias|Latias, F|364\/364
|move|p1a: Tentacruel|Knock Off|p2a: Latias
|-supereffective|p2a: Latias
|-damage|p2a: Latias|262\/364
|-enditem|p2a: Latias|Leftovers|[from] move: Knock Off|[of] p1a: Tentacruel
|
|turn|5
|
|switch|p1a: Heatran|Heatran, F|386\/386
|move|p2a: Latias|Thunderbolt|p1a: Heatran
|-damage|p1a: Heatran|328\/386
|
|-heal|p1a: Heatran|352\/386|[from] item: Leftovers
|turn|6
|
|switch|p2a: Sableye|Sableye-Mega, M|304\/304
|move|p1a: Heatran|Lava Plume|p2a: Sableye
|-damage|p2a: Sableye|196\/304
|
|-heal|p1a: Heatran|376\/386|[from] item: Leftovers
|turn|7
|
|move|p1a: Heatran|Lava Plume|p2a: Sableye
|-damage|p2a: Sableye|88\/304
|move|p2a: Sableye|Knock Off|p1a: Heatran
|-damage|p1a: Heatran|274\/386
|-enditem|p1a: Heatran|Leftovers|[from] move: Knock Off|[of] p2a: Sableye
|
|turn|8
|
|switch|p2a: Chansey|Chansey, F|703\/703
|move|p1a: Heatran|Toxic|p2a: Chansey
|-status|p2a: Chansey|tox
|
|-damage|p2a: Chansey|660\/703 tox|[from] psn
|turn|9
|
|move|p1a: Heatran|Taunt|p2a: Chansey
|-start|p2a: Chansey|move: Taunt
|cant|p2a: Chansey|move: Taunt|Thunder Wave
|
|-damage|p2a: Chansey|574\/703 tox|[from] psn
|turn|10
|
|switch|p2a: Quagsire|Quagsire, F|394\/394
|move|p1a: Heatran|Stealth Rock|p2a: Quagsire
|-sidestart|p2: forfeit so i get 1|move: Stealth Rock
|
|turn|11
|
|switch|p1a: Tentacruel|Tentacruel, M|361\/361
|move|p2a: Quagsire|Earthquake|p1a: Tentacruel
|-supereffective|p1a: Tentacruel
|-damage|p1a: Tentacruel|181\/361
|
|-heal|p1a: Tentacruel|203\/361|[from] item: Black Sludge
|turn|12
|
|move|p1a: Tentacruel|Scald|p2a: Quagsire
|-damage|p2a: Quagsire|288\/394
|move|p2a: Quagsire|Earthquake|p1a: Tentacruel
|-supereffective|p1a: Tentacruel
|-damage|p1a: Tentacruel|15\/361
|
|-heal|p1a: Tentacruel|37\/361|[from] item: Black Sludge
|-heal|p2a: Quagsire|312\/394|[from] item: Leftovers
|turn|13
|
|switch|p1a: Chansey|Chansey, F|703\/703
|move|p2a: Quagsire|Earthquake|p1a: Chansey
|-damage|p1a: Chansey|565\/703
|
|-heal|p2a: Quagsire|336\/394|[from] item: Leftovers
|turn|14
|
|switch|p1a: Heatran|Heatran, F|274\/386
|switch|p2a: Sableye|Sableye-Mega, M|88\/304
|-damage|p2a: Sableye|50\/304|[from] Stealth Rock
|
|turn|15
|
|switch|p2a: Chansey|Chansey, F|574\/703
|-damage|p2a: Chansey|487\/703|[from] Stealth Rock
|move|p1a: Heatran|Lava Plume|p2a: Chansey
|-damage|p2a: Chansey|418\/703
|-status|p2a: Chansey|brn
|
|-damage|p2a: Chansey|331\/703 brn|[from] brn
|turn|16
|
|switch|p2a: Quagsire|Quagsire, F|336\/394
|-damage|p2a: Quagsire|312\/394|[from] Stealth Rock
|move|p1a: Heatran|Taunt|p2a: Quagsire
|-start|p2a: Quagsire|move: Taunt
|
|-heal|p2a: Quagsire|336\/394|[from] item: Leftovers
|turn|17
|
|switch|p1a: Sableye|Sableye-Mega, F|262\/304
|move|p2a: Quagsire|Earthquake|p1a: Sableye
|-damage|p1a: Sableye|198\/304
|
|-heal|p2a: Quagsire|360\/394|[from] item: Leftovers
|turn|18
|
|move|p2a: Quagsire|Scald|p1a: Sableye
|-damage|p1a: Sableye|144\/304
|move|p1a: Sableye|Knock Off|p2a: Quagsire
|-damage|p2a: Quagsire|285\/394
|-enditem|p2a: Quagsire|Leftovers|[from] move: Knock Off|[of] p1a: Sableye
|
|turn|19
|
|switch|p2a: Sableye|Sableye-Mega, M|50\/304
|-damage|p2a: Sableye|12\/304|[from] Stealth Rock
|switch|p1a: Chansey|Chansey, F|565\/703
|
|turn|20
|
|switch|p1a: Heatran|Heatran, F|274\/386
|move|p2a: Sableye|Recover|p2a: Sableye
|-heal|p2a: Sableye|164\/304
|
|turn|21
|
|switch|p2a: Quagsire|Quagsire, F|285\/394
|-damage|p2a: Quagsire|261\/394|[from] Stealth Rock
|move|p1a: Heatran|Lava Plume|p2a: Quagsire
|-resisted|p2a: Quagsire
|-damage|p2a: Quagsire|174\/394
|
|turn|22
|
|switch|p1a: Chansey|Chansey, F|565\/703
|move|p2a: Quagsire|Earthquake|p1a: Chansey
|-damage|p1a: Chansey|417\/703
|
|turn|23
|
|move|p1a: Chansey|Wish|p1a: Chansey
|move|p2a: Quagsire|Recover|p2a: Quagsire
|-heal|p2a: Quagsire|371\/394
|
|turn|24
|
|switch|p1a: Sableye|Sableye-Mega, F|144\/304
|move|p2a: Quagsire|Earthquake|p1a: Sableye
|-damage|p1a: Sableye|80\/304
|
|-heal|p1a: Sableye|304\/304|[from] move: Wish|[wisher] Chansey
|turn|25
|
|move|p2a: Quagsire|Scald|p1a: Sableye
|-damage|p1a: Sableye|252\/304
|-status|p1a: Sableye|brn
|move|p1a: Sableye|Will-O-Wisp|p2a: Quagsire
|-status|p2a: Quagsire|brn
|
|-damage|p2a: Quagsire|322\/394 brn|[from] brn
|-damage|p1a: Sableye|214\/304 brn|[from] brn
|turn|26
|
|switch|p2a: Jirachi|Jirachi|401\/401
|-damage|p2a: Jirachi|376\/401|[from] Stealth Rock
|switch|p1a: Clefable|Clefable, F|348\/394
|
|-heal|p2a: Jirachi|401\/401|[from] item: Leftovers
|turn|27
|
|switch|p1a: Heatran|Heatran, F|274\/386
|move|p2a: Jirachi|Stealth Rock|p1a: Heatran
|-sidestart|p1: JiaShengz|move: Stealth Rock
|
|turn|28
|
|move|p2a: Jirachi|Body Slam|p1a: Heatran
|-resisted|p1a: Heatran
|-damage|p1a: Heatran|243\/386
|-status|p1a: Heatran|par
|cant|p1a: Heatran|par
|
|turn|29
|
|switch|p2a: Chansey|Chansey, F|331\/703
|-damage|p2a: Chansey|244\/703|[from] Stealth Rock
|cant|p1a: Heatran|par
|
|turn|30
|
|switch|p1a: Chesnaught|Chesnaught, M|380\/380
|-damage|p1a: Chesnaught|357\/380|[from] Stealth Rock
|move|p2a: Chansey|Soft-Boiled|p2a: Chansey
|-heal|p2a: Chansey|596\/703
|
|-heal|p1a: Chesnaught|380\/380|[from] item: Leftovers
|turn|31
|
|switch|p1a: Clefable|Clefable, F|348\/394
|-damage|p1a: Clefable|299\/394|[from] Stealth Rock
|switch|p2a: Sableye|Sableye-Mega, M|164\/304
|-damage|p2a: Sableye|126\/304|[from] Stealth Rock
|
|turn|32
|
|switch|p2a: Jirachi|Jirachi|401\/401
|-damage|p2a: Jirachi|376\/401|[from] Stealth Rock
|move|p1a: Clefable|Wish|p1a: Clefable
|
|-heal|p2a: Jirachi|401\/401|[from] item: Leftovers
|turn|33
|
|switch|p1a: Chansey|Chansey, F|417\/703
|-damage|p1a: Chansey|330\/703|[from] Stealth Rock
|move|p2a: Jirachi|Iron Head|p1a: Chansey
|-damage|p1a: Chansey|198\/703
|
|-heal|p1a: Chansey|395\/703|[from] move: Wish|[wisher] Clefable
|turn|34
|
|move|p2a: Jirachi|Iron Head|p1a: Chansey
|-damage|p1a: Chansey|271\/703
|cant|p1a: Chansey|flinch
|
|turn|35
|
|move|p2a: Jirachi|Iron Head|p1a: Chansey
|-damage|p1a: Chansey|145\/703
|move|p1a: Chansey|Soft-Boiled|p1a: Chansey
|-heal|p1a: Chansey|497\/703
|
|turn|36
|
|move|p2a: Jirachi|Iron Head|p1a: Chansey
|-damage|p1a: Chansey|377\/703
|cant|p1a: Chansey|flinch
|
|turn|37
|
|switch|p1a: Sableye|Sableye-Mega, F|214\/304 brn
|-damage|p1a: Sableye|176\/304 brn|[from] Stealth Rock
|move|p2a: Jirachi|Iron Head|p1a: Sableye
|-damage|p1a: Sableye|112\/304 brn
|
|-damage|p1a: Sableye|74\/304 brn|[from] brn
|turn|38
|
|move|p2a: Jirachi|Iron Head|p1a: Sableye
|-damage|p1a: Sableye|7\/304 brn
|cant|p1a: Sableye|flinch
|
|-damage|p1a: Sableye|0 fnt|[from] brn
|faint|p1a: Sableye
|
|switch|p1a: Heatran|Heatran, F|243\/386 par
|-damage|p1a: Heatran|195\/386 par|[from] Stealth Rock
|turn|39
|
|move|p2a: Jirachi|Iron Head|p1a: Heatran
|-resisted|p1a: Heatran
|-damage|p1a: Heatran|171\/386 par
|move|p1a: Heatran|Lava Plume|p2a: Jirachi
|-supereffective|p2a: Jirachi
|-damage|p2a: Jirachi|225\/401
|-status|p2a: Jirachi|brn
|
|-heal|p2a: Jirachi|250\/401 brn|[from] item: Leftovers
|-damage|p2a: Jirachi|200\/401 brn|[from] brn
|turn|40
|
|switch|p2a: Chansey|Chansey, F|596\/703
|-damage|p2a: Chansey|509\/703|[from] Stealth Rock
|switch|p1a: Chansey|Chansey, F|377\/703
|-damage|p1a: Chansey|290\/703|[from] Stealth Rock
|
|turn|41
|
|move|p1a: Chansey|Heal Bell|p1a: Chansey
|-cureteam|p1a: Chansey|[from] move: HealBell
|move|p2a: Chansey|Heal Bell|p2a: Chansey
|-cureteam|p2a: Chansey|[from] move: HealBell
|
|turn|42
|
|switch|p2a: Jirachi|Jirachi|200\/401
|-damage|p2a: Jirachi|175\/401|[from] Stealth Rock
|move|p1a: Chansey|Soft-Boiled|p1a: Chansey
|-heal|p1a: Chansey|642\/703
|
|-heal|p2a: Jirachi|200\/401|[from] item: Leftovers
|turn|43
|
|move|p2a: Jirachi|Wish|p2a: Jirachi
|move|p1a: Chansey|Seismic Toss|p2a: Jirachi
|-damage|p2a: Jirachi|100\/401
|
|-heal|p2a: Jirachi|125\/401|[from] item: Leftovers
|turn|44
|
|move|p2a: Jirachi|Body Slam|p1a: Chansey
|-damage|p1a: Chansey|558\/703
|move|p1a: Chansey|Wish|p1a: Chansey
|
|-heal|p2a: Jirachi|325\/401|[from] move: Wish|[wisher] Jirachi
|-heal|p2a: Jirachi|350\/401|[from] item: Leftovers
|turn|45
|
|switch|p1a: Heatran|Heatran, F|171\/386
|-damage|p1a: Heatran|123\/386|[from] Stealth Rock
|move|p2a: Jirachi|Body Slam|p1a: Heatran
|-resisted|p1a: Heatran
|-damage|p1a: Heatran|93\/386
|-status|p1a: Heatran|par
|
|-heal|p1a: Heatran|386\/386 par|[from] move: Wish|[wisher] Chansey
|-heal|p2a: Jirachi|375\/401|[from] item: Leftovers
|turn|46
|
|switch|p2a: Chansey|Chansey, F|509\/703
|-damage|p2a: Chansey|422\/703|[from] Stealth Rock
|move|p1a: Heatran|Lava Plume|p2a: Chansey
|-crit|p2a: Chansey
|-damage|p2a: Chansey|299\/703
|
|turn|47
|
|move|p2a: Chansey|Soft-Boiled|p2a: Chansey
|-heal|p2a: Chansey|651\/703
|move|p1a: Heatran|Toxic|p2a: Chansey
|-status|p2a: Chansey|tox
|
|-damage|p2a: Chansey|608\/703 tox|[from] psn
|turn|48
|
|switch|p2a: Quagsire|Quagsire, F|322\/394
|-damage|p2a: Quagsire|298\/394|[from] Stealth Rock
|switch|p1a: Chansey|Chansey, F|558\/703
|-damage|p1a: Chansey|471\/703|[from] Stealth Rock
|
|turn|49
|
|switch|p2a: Sableye|Sableye-Mega, M|126\/304
|-damage|p2a: Sableye|88\/304|[from] Stealth Rock
|move|p1a: Chansey|Heal Bell|p1a: Chansey
|-cureteam|p1a: Chansey|[from] move: HealBell
|
|turn|50
|
|switch|p1a: Heatran|Heatran, F|386\/386
|-damage|p1a: Heatran|338\/386|[from] Stealth Rock
|move|p2a: Sableye|Recover|p2a: Sableye
|-heal|p2a: Sableye|240\/304
|
|turn|51
|
|move|p1a: Heatran|Lava Plume|p2a: Sableye
|-damage|p2a: Sableye|141\/304
|-status|p2a: Sableye|brn
|move|p2a: Sableye|Night Shade|p1a: Heatran
|-damage|p1a: Heatran|238\/386
|
|-damage|p2a: Sableye|103\/304 brn|[from] brn
|turn|52
|
|switch|p1a: Clefable|Clefable, F|299\/394
|-damage|p1a: Clefable|250\/394|[from] Stealth Rock
|move|p2a: Sableye|Recover|p2a: Sableye
|-heal|p2a: Sableye|255\/304 brn
|
|-damage|p2a: Sableye|217\/304 brn|[from] brn
|turn|53
|
|switch|p2a: Jirachi|Jirachi|375\/401
|-damage|p2a: Jirachi|350\/401|[from] Stealth Rock
|move|p1a: Clefable|Wish|p1a: Clefable
|
|-heal|p2a: Jirachi|375\/401|[from] item: Leftovers
|turn|54
|
|switch|p1a: Heatran|Heatran, F|238\/386
|-damage|p1a: Heatran|190\/386|[from] Stealth Rock
|move|p2a: Jirachi|Body Slam|p1a: Heatran
|-resisted|p1a: Heatran
|-damage|p1a: Heatran|159\/386
|-status|p1a: Heatran|par
|
|-heal|p1a: Heatran|356\/386 par|[from] move: Wish|[wisher] Clefable
|-heal|p2a: Jirachi|400\/401|[from] item: Leftovers
|turn|55
|
|switch|p2a: Chansey|Chansey, F|608\/703
|-damage|p2a: Chansey|521\/703|[from] Stealth Rock
|move|p1a: Heatran|Lava Plume|p2a: Chansey
|-damage|p2a: Chansey|449\/703
|
|turn|56
|
|switch|p1a: Chansey|Chansey, F|471\/703
|-damage|p1a: Chansey|384\/703|[from] Stealth Rock
|move|p2a: Chansey|Heal Bell|p2a: Chansey
|-cureteam|p2a: Chansey|[from] move: HealBell
|
|turn|57
|
|switch|p2a: Jirachi|Jirachi|400\/401
|-damage|p2a: Jirachi|375\/401|[from] Stealth Rock
|move|p1a: Chansey|Soft-Boiled|p1a: Chansey
|-heal|p1a: Chansey|703\/703
|
|-heal|p2a: Jirachi|400\/401|[from] item: Leftovers
|turn|58
|
|move|p2a: Jirachi|Body Slam|p1a: Chansey
|-damage|p1a: Chansey|621\/703
|-status|p1a: Chansey|par
|move|p1a: Chansey|Heal Bell|p1a: Chansey
|-cureteam|p1a: Chansey|[from] move: HealBell
|
|-heal|p2a: Jirachi|401\/401|[from] item: Leftovers
|turn|59
|
|switch|p1a: Heatran|Heatran, F|356\/386
|-damage|p1a: Heatran|308\/386|[from] Stealth Rock
|move|p2a: Jirachi|Body Slam|p1a: Heatran
|-resisted|p1a: Heatran
|-damage|p1a: Heatran|277\/386
|
|turn|60
|
|move|p2a: Jirachi|Body Slam|p1a: Heatran
|-resisted|p1a: Heatran
|-damage|p1a: Heatran|242\/386
|-status|p1a: Heatran|par
|move|p1a: Heatran|Lava Plume|p2a: Jirachi
|-supereffective|p2a: Jirachi
|-damage|p2a: Jirachi|215\/401
|-status|p2a: Jirachi|brn
|
|-heal|p2a: Jirachi|240\/401 brn|[from] item: Leftovers
|-damage|p2a: Jirachi|190\/401 brn|[from] brn
|turn|61
|
|switch|p2a: Chansey|Chansey, F|449\/703
|-damage|p2a: Chansey|362\/703|[from] Stealth Rock
|move|p1a: Heatran|Taunt|p2a: Chansey
|-start|p2a: Chansey|move: Taunt
|
|turn|62
|
|move|p2a: Chansey|Seismic Toss|p1a: Heatran
|-damage|p1a: Heatran|142\/386 par
|move|p1a: Heatran|Toxic|p2a: Chansey
|-status|p2a: Chansey|tox
|
|-damage|p2a: Chansey|319\/703 tox|[from] psn
|turn|63
|
|switch|p1a: Chansey|Chansey, F|621\/703
|-damage|p1a: Chansey|534\/703|[from] Stealth Rock
|move|p2a: Chansey|Seismic Toss|p1a: Chansey
|-damage|p1a: Chansey|434\/703
|
|-damage|p2a: Chansey|233\/703 tox|[from] psn
|turn|64
|
|switch|p2a: Latias|Latias, F|262\/364
|-damage|p2a: Latias|217\/364|[from] Stealth Rock
|move|p1a: Chansey|Seismic Toss|p2a: Latias
|-damage|p2a: Latias|117\/364
|
|turn|65
|
|move|p2a: Latias|Defog|p1a: Chansey
|-unboost|p1a: Chansey|evasion|1
|-sideend|p1: JiaShengz|Stealth Rock|[from] move: Defog|[of] p1a: Chansey
|-sideend|p2: forfeit so i get 1|Stealth Rock|[from] move: Defog|[of] p2a: Latias
|move|p1a: Chansey|Seismic Toss|p2a: Latias
|-damage|p2a: Latias|17\/364
|
|turn|66
|
|move|p2a: Latias|Recover|p2a: Latias
|-heal|p2a: Latias|199\/364
|move|p1a: Chansey|Wish|p1a: Chansey
|
|turn|67
|
|switch|p1a: Heatran|Heatran, F|142\/386 par
|move|p2a: Latias|Thunderbolt|p1a: Heatran
|-damage|p1a: Heatran|86\/386 par
|
|-heal|p1a: Heatran|386\/386 par|[from] move: Wish|[wisher] Chansey
|turn|68
|
|switch|p2a: Sableye|Sableye-Mega, M|217\/304
|move|p1a: Heatran|Lava Plume|p2a: Sableye
|-damage|p2a: Sableye|114\/304
|
|turn|69
|
|move|p2a: Sableye|Recover|p2a: Sableye
|-heal|p2a: Sableye|266\/304
|move|p1a: Heatran|Lava Plume|p2a: Sableye
|-damage|p2a: Sableye|158\/304
|
|turn|70
|
|move|p2a: Sableye|Recover|p2a: Sableye
|-heal|p2a: Sableye|304\/304
|cant|p1a: Heatran|par
|
|turn|71
|
|move|p2a: Sableye|Night Shade|p1a: Heatran
|-damage|p1a: Heatran|286\/386 par
|move|p1a: Heatran|Taunt|p2a: Sableye
|move|p2a: Sableye|Taunt|p1a: Heatran|[from]Magic Bounce
|-start|p1a: Heatran|move: Taunt
|
|turn|72
|
|switch|p2a: Chansey|Chansey, F|233\/703
|switch|p1a: Chansey|Chansey, F|434\/703
|
|turn|73
|
|move|p1a: Chansey|Wish|p1a: Chansey
|move|p2a: Chansey|Soft-Boiled|p2a: Chansey
|-heal|p2a: Chansey|585\/703
|
|turn|74
|
|move|p1a: Chansey|Heal Bell|p1a: Chansey
|-cureteam|p1a: Chansey|[from] move: HealBell
|move|p2a: Chansey|Seismic Toss|p1a: Chansey
|-damage|p1a: Chansey|334\/703
|
|-heal|p1a: Chansey|685\/703|[from] move: Wish|[wisher] Chansey
|turn|75
|
|move|p1a: Chansey|Wish|p1a: Chansey
|move|p2a: Chansey|Thunder Wave|p1a: Chansey
|-status|p1a: Chansey|par
|
|turn|76
|
|switch|p1a: Heatran|Heatran, F|286\/386
|move|p2a: Chansey|Seismic Toss|p1a: Heatran
|-damage|p1a: Heatran|186\/386
|
|-heal|p1a: Heatran|386\/386|[from] move: Wish|[wisher] Chansey
|turn|77
|
|switch|p1a: Chansey|Chansey, F|685\/703
|move|p2a: Chansey|Thunder Wave|p1a: Chansey
|-status|p1a: Chansey|par
|
|turn|78
|
|switch|p2a: Sableye|Sableye-Mega, M|304\/304
|switch|p1a: Heatran|Heatran, F|386\/386
|
|turn|79
|
|move|p1a: Heatran|Lava Plume|p2a: Sableye
|-damage|p2a: Sableye|201\/304
|move|p2a: Sableye|Night Shade|p1a: Heatran
|-damage|p1a: Heatran|286\/386
|
|turn|80
|
|switch|p2a: Quagsire|Quagsire, F|298\/394
|move|p1a: Heatran|Lava Plume|p2a: Quagsire
|-resisted|p2a: Quagsire
|-damage|p2a: Quagsire|218\/394
|
|turn|81
|
|switch|p1a: Clefable|Clefable, F|250\/394
|move|p2a: Quagsire|Earthquake|p1a: Clefable
|-damage|p1a: Clefable|166\/394
|
|turn|82
|
|switch|p2a: Jirachi|Jirachi|190\/401 brn
|move|p1a: Clefable|Wish|p1a: Clefable
|
|-heal|p2a: Jirachi|215\/401 brn|[from] item: Leftovers
|-damage|p2a: Jirachi|165\/401 brn|[from] brn
|turn|83
|
|switch|p1a: Heatran|Heatran, F|286\/386
|move|p2a: Jirachi|Body Slam|p1a: Heatran
|-resisted|p1a: Heatran
|-damage|p1a: Heatran|271\/386
|
|-heal|p1a: Heatran|386\/386|[from] move: Wish|[wisher] Clefable
|-heal|p2a: Jirachi|190\/401 brn|[from] item: Leftovers
|-damage|p2a: Jirachi|140\/401 brn|[from] brn
|turn|84
|
|switch|p2a: Latias|Latias, F|199\/364
|move|p1a: Heatran|Lava Plume|p2a: Latias
|-resisted|p2a: Latias
|-damage|p2a: Latias|154\/364
|
|turn|85
|
|move|p2a: Latias|Recover|p2a: Latias
|-heal|p2a: Latias|336\/364
|move|p1a: Heatran|Toxic|p2a: Latias
|-status|p2a: Latias|tox
|
|-damage|p2a: Latias|314\/364 tox|[from] psn
|turn|86
|
|switch|p2a: Chansey|Chansey, F|585\/703
|move|p1a: Heatran|Taunt|p2a: Chansey
|-start|p2a: Chansey|move: Taunt
|
|turn|87
|
|move|p1a: Heatran|Toxic|p2a: Chansey
|-status|p2a: Chansey|tox
|move|p2a: Chansey|Seismic Toss|p1a: Heatran
|-damage|p1a: Heatran|286\/386
|
|-damage|p2a: Chansey|542\/703 tox|[from] psn
|turn|88
|
|switch|p2a: Sableye|Sableye-Mega, M|201\/304
|move|p1a: Heatran|Lava Plume|p2a: Sableye
|-damage|p2a: Sableye|98\/304
|
|turn|89
|
|switch|p2a: Chansey|Chansey, F|542\/703
|move|p1a: Heatran|Lava Plume|p2a: Chansey
|-damage|p2a: Chansey|470\/703
|-status|p2a: Chansey|brn
|
|-damage|p2a: Chansey|383\/703 brn|[from] brn
|turn|90
|
|switch|p2a: Quagsire|Quagsire, F|218\/394
|move|p1a: Heatran|Lava Plume|p2a: Quagsire
|-resisted|p2a: Quagsire
|-damage|p2a: Quagsire|133\/394
|
|turn|91
|
|switch|p1a: Clefable|Clefable, F|166\/394
|move|p2a: Quagsire|Recover|p2a: Quagsire
|-heal|p2a: Quagsire|330\/394
|
|turn|92
|
|switch|p2a: Chansey|Chansey, F|383\/703
|move|p1a: Clefable|Wish|p1a: Clefable
|
|turn|93
|
|switch|p1a: Heatran|Heatran, F|286\/386
|move|p2a: Chansey|Heal Bell|p2a: Chansey
|-cureteam|p2a: Chansey|[from] move: HealBell
|
|-heal|p1a: Heatran|386\/386|[from] move: Wish|[wisher] Clefable
|turn|94
|
|switch|p2a: Quagsire|Quagsire, F|330\/394
|move|p1a: Heatran|Lava Plume|p2a: Quagsire
|-crit|p2a: Quagsire
|-resisted|p2a: Quagsire
|-damage|p2a: Quagsire|199\/394
|
|turn|95
|
|switch|p1a: Chansey|Chansey, F|685\/703
|move|p2a: Quagsire|Recover|p2a: Quagsire
|-heal|p2a: Quagsire|394\/394
|
|turn|96
|
|switch|p2a: Sableye|Sableye-Mega, M|98\/304
|move|p1a: Chansey|Wish|p1a: Chansey
|
|turn|97
|
|switch|p1a: Clefable|Clefable, F|166\/394
|move|p2a: Sableye|Recover|p2a: Sableye
|-heal|p2a: Sableye|250\/304
|
|-heal|p1a: Clefable|394\/394|[from] move: Wish|[wisher] Chansey
|turn|98
|
|switch|p1a: Heatran|Heatran, F|386\/386
|switch|p2a: Jirachi|Jirachi|140\/401
|
|-heal|p2a: Jirachi|165\/401|[from] item: Leftovers
|turn|99
|
|switch|p2a: Quagsire|Quagsire, F|394\/394
|move|p1a: Heatran|Lava Plume|p2a: Quagsire
|-resisted|p2a: Quagsire
|-damage|p2a: Quagsire|312\/394
|
|turn|100
|
|switch|p1a: Chesnaught|Chesnaught, M|380\/380
|move|p2a: Quagsire|Earthquake|p1a: Chesnaught
|-resisted|p1a: Chesnaught
|-damage|p1a: Chesnaught|345\/380
|
|-heal|p1a: Chesnaught|368\/380|[from] item: Leftovers
|turn|101
|
|switch|p2a: Sableye|Sableye-Mega, M|250\/304
|move|p1a: Chesnaught|Drain Punch|p2a: Sableye
|-immune|p2a: Sableye|[msg]
|
|-heal|p1a: Chesnaught|380\/380|[from] item: Leftovers
|turn|102
|
|switch|p1a: Heatran|Heatran, F|386\/386
|move|p2a: Sableye|Knock Off|p1a: Heatran
|-damage|p1a: Heatran|322\/386
|
|turn|103
|
|move|p1a: Heatran|Lava Plume|p2a: Sableye
|-damage|p2a: Sableye|154\/304
|move|p2a: Sableye|Night Shade|p1a: Heatran
|-damage|p1a: Heatran|222\/386
|
|turn|104
|
|switch|p1a: Clefable|Clefable, F|394\/394
|move|p2a: Sableye|Recover|p2a: Sableye
|-heal|p2a: Sableye|304\/304
|
|turn|105
|
|switch|p2a: Jirachi|Jirachi|165\/401
|move|p1a: Clefable|Wish|p1a: Clefable
|
|-heal|p2a: Jirachi|190\/401|[from] item: Leftovers
|turn|106
|
|switch|p1a: Heatran|Heatran, F|222\/386
|move|p2a: Jirachi|Stealth Rock|p1a: Heatran
|-sidestart|p1: JiaShengz|move: Stealth Rock
|
|-heal|p1a: Heatran|386\/386|[from] move: Wish|[wisher] Clefable
|-heal|p2a: Jirachi|215\/401|[from] item: Leftovers
|turn|107
|
|switch|p2a: Sableye|Sableye-Mega, M|304\/304
|move|p1a: Heatran|Lava Plume|p2a: Sableye
|-damage|p2a: Sableye|208\/304
|
|turn|108
|
|move|p1a: Heatran|Lava Plume|p2a: Sableye
|-damage|p2a: Sableye|99\/304
|move|p2a: Sableye|Recover|p2a: Sableye
|-heal|p2a: Sableye|251\/304
|
|turn|109
|
|switch|p1a: Clefable|Clefable, F|394\/394
|-damage|p1a: Clefable|345\/394|[from] Stealth Rock
|move|p2a: Sableye|Night Shade|p1a: Clefable
|-damage|p1a: Clefable|245\/394
|
|turn|110
|
|switch|p2a: Amoonguss|Amoonguss, M|432\/432
|move|p1a: Clefable|Wish|p1a: Clefable
|
|turn|111
|
|switch|p1a: Heatran|Heatran, F|386\/386
|-damage|p1a: Heatran|338\/386|[from] Stealth Rock
|move|p2a: Amoonguss|Spore|p1a: Heatran
|-status|p1a: Heatran|slp
|
|-heal|p1a: Heatran|386\/386 slp|[from] move: Wish|[wisher] Clefable
|turn|112
|
|switch|p1a: Chansey|Chansey, F|685\/703
|-damage|p1a: Chansey|598\/703|[from] Stealth Rock
|switch|p2a: Chansey|Chansey, F|383\/703
|
|turn|113
|
|move|p2a: Chansey|Soft-Boiled|p2a: Chansey
|-heal|p2a: Chansey|703\/703
|move|p1a: Chansey|Heal Bell|p1a: Chansey
|-cureteam|p1a: Chansey|[from] move: HealBell
|
|turn|114
|
|switch|p2a: Sableye|Sableye-Mega, M|251\/304
|move|p1a: Chansey|Wish|p1a: Chansey
|
|turn|115
|
|switch|p1a: Clefable|Clefable, F|245\/394
|-damage|p1a: Clefable|196\/394|[from] Stealth Rock
|move|p2a: Sableye|Knock Off|p1a: Clefable
|-resisted|p1a: Clefable
|-damage|p1a: Clefable|166\/394
|
|-heal|p1a: Clefable|394\/394|[from] move: Wish|[wisher] Chansey
|turn|116
|
|switch|p2a: Amoonguss|Amoonguss, M|432\/432
|move|p1a: Clefable|Wish|p1a: Clefable
|
|turn|117
|
|switch|p1a: Heatran|Heatran, F|386\/386
|-damage|p1a: Heatran|338\/386|[from] Stealth Rock
|move|p2a: Amoonguss|Spore|p1a: Heatran
|-status|p1a: Heatran|slp
|
|-heal|p1a: Heatran|386\/386 slp|[from] move: Wish|[wisher] Clefable
|turn|118
|
|switch|p2a: Sableye|Sableye-Mega, M|251\/304
|cant|p1a: Heatran|slp
|
|turn|119
|
|switch|p1a: Clefable|Clefable, F|394\/394
|-damage|p1a: Clefable|345\/394|[from] Stealth Rock
|move|p2a: Sableye|Night Shade|p1a: Clefable
|-damage|p1a: Clefable|245\/394
|
|turn|120
|
|switch|p2a: Jirachi|Jirachi|215\/401
|move|p1a: Clefable|Wish|p1a: Clefable
|
|-heal|p2a: Jirachi|240\/401|[from] item: Leftovers
|turn|121
|
|move|p1a: Clefable|Protect|p1a: Clefable
|-singleturn|p1a: Clefable|Protect
|move|p2a: Jirachi|Wish|p2a: Jirachi
|
|-heal|p1a: Clefable|394\/394|[from] move: Wish|[wisher] Clefable
|-heal|p2a: Jirachi|265\/401|[from] item: Leftovers
|turn|122
|
|switch|p1a: Heatran|Heatran, F|386\/386 slp
|-damage|p1a: Heatran|338\/386 slp|[from] Stealth Rock
|move|p2a: Jirachi|Iron Head|p1a: Heatran
|-resisted|p1a: Heatran
|-damage|p1a: Heatran|315\/386 slp
|
|-heal|p2a: Jirachi|401\/401|[from] move: Wish|[wisher] Jirachi
|turn|123
|
|switch|p2a: Sableye|Sableye-Mega, M|251\/304
|-curestatus|p1a: Heatran|slp
|move|p1a: Heatran|Stealth Rock|p2a: Sableye
|move|p2a: Sableye|Stealth Rock|p1a: Heatran|[from]Magic Bounce
|-fail|p1a: Heatran
|
|turn|124
|
|switch|p1a: Clefable|Clefable, F|394\/394
|-damage|p1a: Clefable|345\/394|[from] Stealth Rock
|move|p2a: Sableye|Night Shade|p1a: Clefable
|-damage|p1a: Clefable|245\/394
|
|turn|125
|
|switch|p2a: Jirachi|Jirachi|401\/401
|move|p1a: Clefable|Wish|p1a: Clefable
|
|turn|126
|
|move|p1a: Clefable|Protect|p1a: Clefable
|-singleturn|p1a: Clefable|Protect
|move|p2a: Jirachi|Body Slam|p1a: Clefable
|-activate|p1a: Clefable|Protect
|
|-heal|p1a: Clefable|394\/394|[from] move: Wish|[wisher] Clefable
|turn|127
|
|switch|p1a: Chansey|Chansey, F|598\/703
|-damage|p1a: Chansey|511\/703|[from] Stealth Rock
|move|p2a: Jirachi|Body Slam|p1a: Chansey
|-damage|p1a: Chansey|421\/703
|-status|p1a: Chansey|par
|
|turn|128
|
|switch|p1a: Heatran|Heatran, F|315\/386
|-damage|p1a: Heatran|267\/386|[from] Stealth Rock
|move|p2a: Jirachi|Iron Head|p1a: Heatran
|-resisted|p1a: Heatran
|-damage|p1a: Heatran|246\/386
|
|turn|129
|
|switch|p2a: Sableye|Sableye-Mega, M|251\/304
|move|p1a: Heatran|Stealth Rock|p2a: Sableye
|move|p2a: Sableye|Stealth Rock|p1a: Heatran|[from]Magic Bounce
|-fail|p1a: Heatran
|
|turn|130
|
|switch|p1a: Clefable|Clefable, F|394\/394
|-damage|p1a: Clefable|345\/394|[from] Stealth Rock
|move|p2a: Sableye|Night Shade|p1a: Clefable
|-damage|p1a: Clefable|245\/394
|
|turn|131
|
|switch|p2a: Jirachi|Jirachi|401\/401
|move|p1a: Clefable|Moonblast|p2a: Jirachi
|-resisted|p2a: Jirachi
|-damage|p2a: Jirachi|359\/401
|
|-heal|p2a: Jirachi|384\/401|[from] item: Leftovers
|turn|132
|
|switch|p1a: Chansey|Chansey, F|421\/703
|-damage|p1a: Chansey|334\/703|[from] Stealth Rock
|move|p2a: Jirachi|Body Slam|p1a: Chansey
|-damage|p1a: Chansey|249\/703
|-status|p1a: Chansey|par
|
|-heal|p2a: Jirachi|401\/401|[from] item: Leftovers
|turn|133
|
|switch|p1a: Heatran|Heatran, F|246\/386
|-damage|p1a: Heatran|198\/386|[from] Stealth Rock
|move|p2a: Jirachi|Iron Head|p1a: Heatran
|-resisted|p1a: Heatran
|-damage|p1a: Heatran|175\/386
|
|turn|134
|
|switch|p2a: Sableye|Sableye-Mega, M|251\/304
|move|p1a: Heatran|Lava Plume|p2a: Sableye
|-damage|p2a: Sableye|152\/304
|
|turn|135
|
|switch|p1a: Clefable|Clefable, F|245\/394
|-damage|p1a: Clefable|196\/394|[from] Stealth Rock
|move|p2a: Sableye|Recover|p2a: Sableye
|-heal|p2a: Sableye|304\/304
|
|turn|136
|
|switch|p2a: Jirachi|Jirachi|401\/401
|move|p1a: Clefable|Wish|p1a: Clefable
|
|turn|137
|
|move|p1a: Clefable|Protect|p1a: Clefable
|-singleturn|p1a: Clefable|Protect
|move|p2a: Jirachi|Body Slam|p1a: Clefable
|-activate|p1a: Clefable|Protect
|
|-heal|p1a: Clefable|393\/394|[from] move: Wish|[wisher] Clefable
|turn|138
|
|move|p2a: Jirachi|Body Slam|p1a: Clefable
|-damage|p1a: Clefable|332\/394
|-status|p1a: Clefable|par
|cant|p1a: Clefable|par
|
|turn|139
|
|switch|p1a: Chesnaught|Chesnaught, M|380\/380
|-damage|p1a: Chesnaught|357\/380|[from] Stealth Rock
|move|p2a: Jirachi|Iron Head|p1a: Chesnaught
|-damage|p1a: Chesnaught|300\/380
|
|-heal|p1a: Chesnaught|323\/380|[from] item: Leftovers
|turn|140
|
|switch|p2a: Sableye|Sableye-Mega, M|304\/304
|move|p1a: Chesnaught|Leech Seed|p2a: Sableye
|move|p2a: Sableye|Leech Seed|p1a: Chesnaught|[from]Magic Bounce
|-immune|p1a: Chesnaught|[msg]
|
|-heal|p1a: Chesnaught|346\/380|[from] item: Leftovers
|turn|141
|
|switch|p1a: Clefable|Clefable, F|332\/394 par
|-damage|p1a: Clefable|283\/394 par|[from] Stealth Rock
|move|p2a: Sableye|Knock Off|p1a: Clefable
|-resisted|p1a: Clefable
|-damage|p1a: Clefable|252\/394 par
|
|turn|142
|
|switch|p2a: Jirachi|Jirachi|401\/401
|move|p1a: Clefable|Wish|p1a: Clefable
|
|turn|143
|
|move|p1a: Clefable|Protect|p1a: Clefable
|-singleturn|p1a: Clefable|Protect
|move|p2a: Jirachi|Iron Head|p1a: Clefable
|-activate|p1a: Clefable|Protect
|
|-heal|p1a: Clefable|394\/394 par|[from] move: Wish|[wisher] Clefable
|turn|144
|c|âforfeit so i get 1|u cant win by using wish if u didnt know that
|
|move|p2a: Jirachi|Body Slam|p1a: Clefable
|-damage|p1a: Clefable|339\/394 par
|move|p1a: Clefable|Wish|p1a: Clefable
|
|turn|145
|
|switch|p1a: Heatran|Heatran, F|175\/386
|-damage|p1a: Heatran|127\/386|[from] Stealth Rock
|move|p2a: Jirachi|Body Slam|p1a: Heatran
|-resisted|p1a: Heatran
|-damage|p1a: Heatran|97\/386
|
|-heal|p1a: Heatran|294\/386|[from] move: Wish|[wisher] Clefable
|turn|146
|
|switch|p2a: Sableye|Sableye-Mega, M|304\/304
|move|p1a: Heatran|Stealth Rock|p2a: Sableye
|move|p2a: Sableye|Stealth Rock|p1a: Heatran|[from]Magic Bounce
|-fail|p1a: Heatran
|
|turn|147
|
|switch|p1a: Chansey|Chansey, F|249\/703
|-damage|p1a: Chansey|162\/703|[from] Stealth Rock
|move|p2a: Sableye|Night Shade|p1a: Chansey
|-immune|p1a: Chansey|[msg]
|
|turn|148
|
|move|p1a: Chansey|Soft-Boiled|p1a: Chansey
|-heal|p1a: Chansey|514\/703
|move|p2a: Sableye|Knock Off|p1a: Chansey
|-damage|p1a: Chansey|382\/703
|-enditem|p1a: Chansey|Eviolite|[from] move: Knock Off|[of] p2a: Sableye
|
|turn|149
|
|switch|p2a: Jirachi|Jirachi|401\/401
|move|p1a: Chansey|Soft-Boiled|p1a: Chansey
|-heal|p1a: Chansey|703\/703
|
|turn|150
|
|switch|p2a: Sableye|Sableye-Mega, M|304\/304
|move|p1a: Chansey|Wish|p1a: Chansey
|
|turn|151
|
|switch|p1a: Heatran|Heatran, F|294\/386
|-damage|p1a: Heatran|246\/386|[from] Stealth Rock
|switch|p2a: Quagsire|Quagsire, F|312\/394
|
|-heal|p1a: Heatran|386\/386|[from] move: Wish|[wisher] Chansey
|turn|152
|c|âforfeit so i get 1|wish pass to all ur useless pokemon
|
|switch|p2a: Sableye|Sableye-Mega, M|304\/304
|move|p1a: Heatran|Stealth Rock|p2a: Sableye
|move|p2a: Sableye|Stealth Rock|p1a: Heatran|[from]Magic Bounce
|-fail|p1a: Heatran
|
|turn|153
|
|switch|p1a: Chansey|Chansey, F|703\/703
|-damage|p1a: Chansey|616\/703|[from] Stealth Rock
|move|p2a: Sableye|Night Shade|p1a: Chansey
|-immune|p1a: Chansey|[msg]
|
|turn|154
|
|switch|p2a: Jirachi|Jirachi|401\/401
|move|p1a: Chansey|Seismic Toss|p2a: Jirachi
|-damage|p2a: Jirachi|301\/401
|
|-heal|p2a: Jirachi|326\/401|[from] item: Leftovers
|turn|155
|
|move|p2a: Jirachi|Body Slam|p1a: Chansey
|-damage|p1a: Chansey|486\/703
|move|p1a: Chansey|Seismic Toss|p2a: Jirachi
|-damage|p2a: Jirachi|226\/401
|
|-heal|p2a: Jirachi|251\/401|[from] item: Leftovers
|turn|156
|
|move|p2a: Jirachi|Iron Head|p1a: Chansey
|-damage|p1a: Chansey|290\/703
|move|p1a: Chansey|Wish|p1a: Chansey
|
|-heal|p2a: Jirachi|276\/401|[from] item: Leftovers
|turn|157
|
|move|p2a: Jirachi|Body Slam|p1a: Chansey
|-damage|p1a: Chansey|154\/703
|move|p1a: Chansey|Soft-Boiled|p1a: Chansey
|-heal|p1a: Chansey|506\/703
|
|-heal|p1a: Chansey|703\/703|[from] move: Wish|[wisher] Chansey
|-heal|p2a: Jirachi|301\/401|[from] item: Leftovers
|turn|158
|
|switch|p2a: Quagsire|Quagsire, F|312\/394
|switch|p1a: Heatran|Heatran, F|386\/386
|-damage|p1a: Heatran|338\/386|[from] Stealth Rock
|
|turn|159
|
|move|p1a: Heatran|Stealth Rock|p2a: Quagsire
|-sidestart|p2: forfeit so i get 1|move: Stealth Rock
|move|p2a: Quagsire|Earthquake|p1a: Heatran
|-supereffective|p1a: Heatran
|-damage|p1a: Heatran|0 fnt
|faint|p1a: Heatran
|
|
|switch|p1a: Chansey|Chansey, F|703\/703
|-damage|p1a: Chansey|616\/703|[from] Stealth Rock
|turn|160
|
|switch|p2a: Latias|Latias, F|314\/364
|-damage|p2a: Latias|269\/364|[from] Stealth Rock
|move|p1a: Chansey|Wish|p1a: Chansey
|
|turn|161
|
|move|p2a: Latias|Defog|p1a: Chansey
|-unboost|p1a: Chansey|evasion|1
|-sideend|p1: JiaShengz|Stealth Rock|[from] move: Defog|[of] p1a: Chansey
|-sideend|p2: forfeit so i get 1|Stealth Rock|[from] move: Defog|[of] p2a: Latias
|move|p1a: Chansey|Seismic Toss|p2a: Latias
|-damage|p2a: Latias|169\/364
|
|-heal|p1a: Chansey|703\/703|[from] move: Wish|[wisher] Chansey
|turn|162
|
|switch|p2a: Jirachi|Jirachi|301\/401
|move|p1a: Chansey|Heal Bell|p1a: Chansey
|-cureteam|p1a: Chansey|[from] move: HealBell
|
|-heal|p2a: Jirachi|326\/401|[from] item: Leftovers
|turn|163
|
|switch|p1a: Chesnaught|Chesnaught, M|346\/380
|move|p2a: Jirachi|Stealth Rock|p1a: Chesnaught
|-sidestart|p1: JiaShengz|move: Stealth Rock
|
|-heal|p2a: Jirachi|351\/401|[from] item: Leftovers
|-heal|p1a: Chesnaught|369\/380|[from] item: Leftovers
|turn|164
|
|switch|p2a: Amoonguss|Amoonguss, M|432\/432
|move|p1a: Chesnaught|Spiky Shield|p1a: Chesnaught
|-fail|p1a: Chesnaught
|
|-heal|p1a: Chesnaught|380\/380|[from] item: Leftovers
|turn|165
|
|switch|p2a: Sableye|Sableye-Mega, M|304\/304
|move|p1a: Chesnaught|Spikes|p2a: Sableye
|move|p2a: Sableye|Spikes|p1a: Chesnaught|[from]Magic Bounce
|-sidestart|p1: JiaShengz|Spikes
|
|turn|166
|
|switch|p1a: Clefable|Clefable, F|339\/394
|-damage|p1a: Clefable|290\/394|[from] Stealth Rock
|-damage|p1a: Clefable|241\/394|[from] Spikes
|move|p2a: Sableye|Night Shade|p1a: Clefable
|-damage|p1a: Clefable|141\/394
|
|turn|167
|
|switch|p2a: Jirachi|Jirachi|351\/401
|move|p1a: Clefable|Wish|p1a: Clefable
|
|-heal|p2a: Jirachi|376\/401|[from] item: Leftovers
|turn|168
|
|move|p1a: Clefable|Protect|p1a: Clefable
|-singleturn|p1a: Clefable|Protect
|move|p2a: Jirachi|Body Slam|p1a: Clefable
|-activate|p1a: Clefable|Protect
|
|-heal|p1a: Clefable|338\/394|[from] move: Wish|[wisher] Clefable
|-heal|p2a: Jirachi|401\/401|[from] item: Leftovers
|turn|169
|
|switch|p1a: Tentacruel|Tentacruel, M|37\/361
|-damage|p1a: Tentacruel|0 fnt|[from] Spikes
|faint|p1a: Tentacruel
|move|p2a: Jirachi|Iron Head|p1: Tentacruel|[notarget]
|-notarget
|
|
|switch|p1a: Chansey|Chansey, F|703\/703
|-damage|p1a: Chansey|616\/703|[from] Stealth Rock
|-damage|p1a: Chansey|529\/703|[from] Spikes
|turn|170
|
|move|p2a: Jirachi|Iron Head|p1a: Chansey
|-damage|p1a: Chansey|342\/703
|cant|p1a: Chansey|flinch
|
|turn|171
|
|move|p2a: Jirachi|Iron Head|p1a: Chansey
|-crit|p1a: Chansey
|-damage|p1a: Chansey|47\/703
|move|p1a: Chansey|Soft-Boiled|p1a: Chansey
|-heal|p1a: Chansey|399\/703
|
|turn|172
|
|move|p2a: Jirachi|Iron Head|p1a: Chansey
|-damage|p1a: Chansey|198\/703
|move|p1a: Chansey|Soft-Boiled|p1a: Chansey
|-heal|p1a: Chansey|550\/703
|
|turn|173
|
|switch|p1a: Chesnaught|Chesnaught, M|380\/380
|-damage|p1a: Chesnaught|333\/380|[from] Spikes
|-damage|p1a: Chesnaught|310\/380|[from] Stealth Rock
|move|p2a: Jirachi|Iron Head|p1a: Chesnaught
|-crit|p1a: Chesnaught
|-damage|p1a: Chesnaught|222\/380
|
|-heal|p1a: Chesnaught|245\/380|[from] item: Leftovers
|turn|174
|
|switch|p2a: Sableye|Sableye-Mega, M|304\/304
|move|p1a: Chesnaught|Spiky Shield|p1a: Chesnaught
|-fail|p1a: Chesnaught
|
|-heal|p1a: Chesnaught|268\/380|[from] item: Leftovers
|turn|175
|
|move|p1a: Chesnaught|Spiky Shield|p1a: Chesnaught
|-singleturn|p1a: Chesnaught|move: Protect
|move|p2a: Sableye|Will-O-Wisp|p1a: Chesnaught
|-activate|p1a: Chesnaught|move: Protect
|
|-heal|p1a: Chesnaught|291\/380|[from] item: Leftovers
|turn|176
|
|switch|p1a: Chansey|Chansey, F|550\/703
|-damage|p1a: Chansey|463\/703|[from] Stealth Rock
|-damage|p1a: Chansey|376\/703|[from] Spikes
|move|p2a: Sableye|Will-O-Wisp|p1a: Chansey
|-status|p1a: Chansey|brn
|
|-damage|p1a: Chansey|289\/703 brn|[from] brn
|turn|177
|
|switch|p2a: Quagsire|Quagsire, F|312\/394
|move|p1a: Chansey|Soft-Boiled|p1a: Chansey
|-heal|p1a: Chansey|641\/703 brn
|
|-damage|p1a: Chansey|554\/703 brn|[from] brn
|turn|178
|
|switch|p1a: Chesnaught|Chesnaught, M|291\/380
|-damage|p1a: Chesnaught|244\/380|[from] Spikes
|-damage|p1a: Chesnaught|221\/380|[from] Stealth Rock
|move|p2a: Quagsire|Toxic|p1a: Chesnaught
|-status|p1a: Chesnaught|tox
|
|-heal|p1a: Chesnaught|244\/380 tox|[from] item: Leftovers
|-damage|p1a: Chesnaught|221\/380 tox|[from] psn
|turn|179
|
|switch|p2a: Sableye|Sableye-Mega, M|304\/304
|move|p1a: Chesnaught|Leech Seed|p2a: Sableye
|move|p2a: Sableye|Leech Seed|p1a: Chesnaught|[from]Magic Bounce
|-immune|p1a: Chesnaught|[msg]
|
|-heal|p1a: Chesnaught|244\/380 tox|[from] item: Leftovers
|-damage|p1a: Chesnaught|198\/380 tox|[from] psn
|turn|180
|
|switch|p1a: Chansey|Chansey, F|554\/703
|-damage|p1a: Chansey|467\/703|[from] Spikes
|-damage|p1a: Chansey|380\/703|[from] Stealth Rock
|switch|p2a: Jirachi|Jirachi|401\/401
|
|turn|181
|
|move|p2a: Jirachi|Iron Head|p1a: Chansey
|-damage|p1a: Chansey|193\/703
|cant|p1a: Chansey|flinch
|
|turn|182
|
|move|p2a: Jirachi|Iron Head|p1a: Chansey
|-damage|p1a: Chansey|0 fnt
|faint|p1a: Chansey
|
|-message|JiaShengz forfeited.
|
|win|forfeit so i get 1
|raw|Ladder updating...
|leave|JiaShengz
|player|p1
|raw|JiaShengz's rating: 1666 &rarr; <strong>1638<\/strong><br \/>(-28 for losing)
|raw|forfeit so i get 1's rating: 1513 &rarr; <strong>1542<\/strong><br \/>(+29 for winning)
|leave|forfeit so i get 1
|player|p2
|join|forfeit so i get 1