|join|JiaShengz
|join|Based Godfish
|player|p1|JiaShengz|102
|player|p2|Based Godfish|144
|gametype|singles
|gen|6
|tier|OU
|rated
|clearpoke
|poke|p1|Chansey, F
|poke|p1|Clefable, M
|poke|p1|Sableye, M
|poke|p1|Heatran, F
|poke|p1|Tentacruel, F
|poke|p1|Chesnaught, F
|poke|p2|Keldeo
|poke|p2|Metagross
|poke|p2|Latios, M
|poke|p2|Landorus-Therian, M
|poke|p2|Conkeldurr, F
|poke|p2|Raikou
|rule|Swagger Clause: Swagger is banned
|rule|Baton Pass Clause: Limit one PokÃ©mon knowing Baton Pass
|rule|Sleep Clause Mod: Limit one foe put to sleep
|rule|Species Clause: Limit one of each PokÃ©mon
|rule|OHKO Clause: OHKO moves are banned
|rule|Moody Clause: Moody is banned
|rule|Evasion Moves Clause: Evasion moves are banned
|rule|Endless Battle Clause: Forcing endless battles is banned
|rule|HP Percentage Mod: HP is shown in percentages
|teampreview
|c|âBased Godfish|wtf is with all these stall teams
|c|âBased Godfish|thats 2 in a row
|c|âBased Godfish|>.>
|
|start
|switch|p1a: Sableye|Sableye, M|304\/304
|switch|p2a: Keldeo|Keldeo|323\/323
|turn|1
|
|switch|p1a: Tentacruel|Tentacruel, F|361\/361
|move|p2a: Keldeo|Substitute|p2a: Keldeo
|-start|p2a: Keldeo|Substitute
|-damage|p2a: Keldeo|243\/323
|
|-heal|p2a: Keldeo|263\/323|[from] item: Leftovers
|turn|2
|
|move|p2a: Keldeo|Calm Mind|p2a: Keldeo
|-boost|p2a: Keldeo|spa|1
|-boost|p2a: Keldeo|spd|1
|move|p1a: Tentacruel|Toxic Spikes|p2a: Keldeo
|-sidestart|p2: Based Godfish|move: Toxic Spikes
|
|-heal|p2a: Keldeo|283\/323|[from] item: Leftovers
|turn|3
|
|move|p2a: Keldeo|Calm Mind|p2a: Keldeo
|-boost|p2a: Keldeo|spa|1
|-boost|p2a: Keldeo|spd|1
|move|p1a: Tentacruel|Toxic Spikes|p2a: Keldeo
|-sidestart|p2: Based Godfish|move: Toxic Spikes
|
|-heal|p2a: Keldeo|303\/323|[from] item: Leftovers
|turn|4
|
|switch|p1a: Clefable|Clefable, M|394\/394
|move|p2a: Keldeo|Calm Mind|p2a: Keldeo
|-boost|p2a: Keldeo|spa|1
|-boost|p2a: Keldeo|spd|1
|
|-heal|p2a: Keldeo|323\/323|[from] item: Leftovers
|turn|5
|
|move|p2a: Keldeo|Scald|p1a: Clefable
|-damage|p1a: Clefable|240\/394
|move|p1a: Clefable|Moonblast|p2a: Keldeo
|-supereffective|p2a: Keldeo
|-end|p2a: Keldeo|Substitute
|
|-heal|p1a: Clefable|264\/394|[from] item: Leftovers
|turn|6
|
|switch|p2a: Metagross|Metagross|301\/301
|move|p1a: Clefable|Moonblast|p2a: Metagross
|-resisted|p2a: Metagross
|-damage|p2a: Metagross|245\/301
|
|-heal|p1a: Clefable|288\/394|[from] item: Leftovers
|turn|7
|
|switch|p1a: Sableye|Sableye, M|304\/304
|detailschange|p2a: Metagross|Metagross-Mega
|-mega|p2a: Metagross|Metagross|Metagrossite
|move|p2a: Metagross|Meteor Mash|p1a: Sableye
|-damage|p1a: Sableye|96\/304
|
|turn|8
|
|switch|p2a: Conkeldurr|Conkeldurr, F|405\/405
|-status|p2a: Conkeldurr|tox
|detailschange|p1a: Sableye|Sableye-Mega, M
|-mega|p1a: Sableye|Sableye|Sablenite
|move|p1a: Sableye|Will-O-Wisp|p2a: Conkeldurr
|-fail|p2a: Conkeldurr
|
|-damage|p2a: Conkeldurr|380\/405 tox|[from] psn
|turn|9
|
|switch|p1a: Clefable|Clefable, M|288\/394
|move|p2a: Conkeldurr|Ice Punch|p1a: Clefable
|-damage|p1a: Clefable|155\/394
|
|-heal|p1a: Clefable|179\/394|[from] item: Leftovers
|-damage|p2a: Conkeldurr|330\/405 tox|[from] psn
|turn|10
|
|move|p1a: Clefable|Protect|p1a: Clefable
|-singleturn|p1a: Clefable|Protect
|move|p2a: Conkeldurr|Knock Off|p1a: Clefable
|-activate|p1a: Clefable|Protect
|
|-heal|p1a: Clefable|203\/394|[from] item: Leftovers
|-damage|p2a: Conkeldurr|255\/405 tox|[from] psn
|turn|11
|
|switch|p2a: Metagross|Metagross-Mega|245\/301
|move|p1a: Clefable|Wish|p1a: Clefable
|
|-heal|p1a: Clefable|227\/394|[from] item: Leftovers
|turn|12
|
|switch|p1a: Chesnaught|Chesnaught, F|380\/380
|move|p2a: Metagross|Meteor Mash|p1a: Chesnaught
|-damage|p1a: Chesnaught|226\/380
|-boost|p2a: Metagross|atk|1
|
|-heal|p1a: Chesnaught|380\/380|[from] move: Wish|[wisher] Clefable
|turn|13
|
|move|p1a: Chesnaught|Spiky Shield|p1a: Chesnaught
|-singleturn|p1a: Chesnaught|move: Protect
|move|p2a: Metagross|Zen Headbutt|p1a: Chesnaught
|-activate|p1a: Chesnaught|move: Protect
|-damage|p2a: Metagross|208\/301|[from] Spiky Shield|[of] p1a: Chesnaught
|
|turn|14
|
|switch|p1a: Sableye|Sableye-Mega, M|96\/304
|move|p2a: Metagross|Zen Headbutt|p1a: Sableye
|-immune|p1a: Sableye|[msg]
|
|turn|15
|
|move|p2a: Metagross|Meteor Mash|p1a: Sableye
|-damage|p1a: Sableye|0 fnt
|faint|p1a: Sableye
|
|
|switch|p1a: Chansey|Chansey, F|703\/703
|turn|16
|
|move|p2a: Metagross|Meteor Mash|p1a: Chansey
|-damage|p1a: Chansey|276\/703
|move|p1a: Chansey|Seismic Toss|p2a: Metagross
|-damage|p2a: Metagross|108\/301
|
|turn|17
|
|switch|p1a: Heatran|Heatran, F|386\/386
|move|p2a: Metagross|Zen Headbutt|p1a: Heatran
|-resisted|p1a: Heatran
|-damage|p1a: Heatran|229\/386
|
|-heal|p1a: Heatran|253\/386|[from] item: Leftovers
|turn|18
|
|move|p2a: Metagross|Earthquake|p1a: Heatran
|-supereffective|p1a: Heatran
|-damage|p1a: Heatran|0 fnt
|faint|p1a: Heatran
|
|
|switch|p1a: Chesnaught|Chesnaught, F|380\/380
|turn|19
|
|move|p1a: Chesnaught|Spiky Shield|p1a: Chesnaught
|-singleturn|p1a: Chesnaught|move: Protect
|move|p2a: Metagross|Zen Headbutt|p1a: Chesnaught
|-activate|p1a: Chesnaught|move: Protect
|-damage|p2a: Metagross|71\/301|[from] Spiky Shield|[of] p1a: Chesnaught
|
|turn|20
|
|switch|p1a: Tentacruel|Tentacruel, F|361\/361
|move|p2a: Metagross|Zen Headbutt|p1a: Tentacruel
|-supereffective|p1a: Tentacruel
|-damage|p1a: Tentacruel|0 fnt
|faint|p1a: Tentacruel
|
|
|switch|p1a: Chesnaught|Chesnaught, F|380\/380
|turn|21
|
|switch|p2a: Latios|Latios, M|302\/302
|move|p1a: Chesnaught|Leech Seed|p2a: Latios
|-start|p2a: Latios|move: Leech Seed
|
|-damage|p2a: Latios|265\/302|[from] Leech Seed|[of] p1a: Chesnaught
|turn|22
|
|move|p1a: Chesnaught|Spiky Shield|p1a: Chesnaught
|-singleturn|p1a: Chesnaught|move: Protect
|move|p2a: Latios|Defog|p1a: Chesnaught
|-activate|p1a: Chesnaught|move: Protect
|
|-damage|p2a: Latios|228\/302|[from] Leech Seed|[of] p1a: Chesnaught
|turn|23
|
|switch|p1a: Clefable|Clefable, M|227\/394
|move|p2a: Latios|Psyshock|p1a: Clefable
|-crit|p1a: Clefable
|-damage|p1a: Clefable|3\/394
|-damage|p2a: Latios|198\/302|[from] item: Life Orb
|
|-heal|p1a: Clefable|27\/394|[from] item: Leftovers
|-damage|p2a: Latios|161\/302|[from] Leech Seed|[of] p1a: Clefable
|-heal|p1a: Clefable|64\/394|[silent]
|turn|24
|
|switch|p2a: Raikou|Raikou|322\/322
|-status|p2a: Raikou|tox
|-ability|p2a: Raikou|Pressure
|move|p1a: Clefable|Protect|p1a: Clefable
|-fail|p1a: Clefable
|
|-heal|p1a: Clefable|88\/394|[from] item: Leftovers
|-damage|p2a: Raikou|302\/322 tox|[from] psn
|turn|25
|
|move|p1a: Clefable|Protect|p1a: Clefable
|-singleturn|p1a: Clefable|Protect
|move|p2a: Raikou|Volt Switch|p1a: Clefable
|-activate|p1a: Clefable|Protect
|
|-heal|p1a: Clefable|112\/394|[from] item: Leftovers
|-damage|p2a: Raikou|262\/322 tox|[from] psn
|turn|26
|
|switch|p1a: Chesnaught|Chesnaught, F|380\/380
|move|p2a: Raikou|Volt Switch|p1a: Chesnaught
|-resisted|p1a: Chesnaught
|-damage|p1a: Chesnaught|270\/380
|
|switch|p2a: Latios|Latios, M|161\/302
|
|-heal|p1a: Chesnaught|293\/380|[from] item: Leftovers
|turn|27
|
|move|p2a: Latios|Psyshock|p1a: Chesnaught
|-supereffective|p1a: Chesnaught
|-damage|p1a: Chesnaught|56\/380
|-damage|p2a: Latios|131\/302|[from] item: Life Orb
|move|p1a: Chesnaught|Leech Seed|p2a: Latios
|-start|p2a: Latios|move: Leech Seed
|
|-heal|p1a: Chesnaught|79\/380|[from] item: Leftovers
|-damage|p2a: Latios|94\/302|[from] Leech Seed|[of] p1a: Chesnaught
|-heal|p1a: Chesnaught|116\/380|[silent]
|turn|28
|
|move|p1a: Chesnaught|Spiky Shield|p1a: Chesnaught
|-singleturn|p1a: Chesnaught|move: Protect
|move|p2a: Latios|Roost|p2a: Latios
|-heal|p2a: Latios|245\/302
|
|-heal|p1a: Chesnaught|139\/380|[from] item: Leftovers
|-damage|p2a: Latios|208\/302|[from] Leech Seed|[of] p1a: Chesnaught
|-heal|p1a: Chesnaught|176\/380|[silent]
|turn|29
|
|switch|p1a: Clefable|Clefable, M|112\/394
|move|p2a: Latios|Psyshock|p1a: Clefable
|-damage|p1a: Clefable|0 fnt
|-damage|p2a: Latios|178\/302|[from] item: Life Orb
|faint|p1a: Clefable
|
|
|switch|p1a: Chansey|Chansey, F|276\/703
|turn|30
|
|move|p2a: Latios|Defog|p1a: Chansey
|-unboost|p1a: Chansey|evasion|1
|-sideend|p2: Based Godfish|Toxic Spikes|[from] move: Defog|[of] p2a: Latios
|move|p1a: Chansey|Soft-Boiled|p1a: Chansey
|-heal|p1a: Chansey|628\/703
|
|-damage|p2a: Latios|141\/302|[from] Leech Seed|[of] p1a: Chansey
|-heal|p1a: Chansey|665\/703|[silent]
|turn|31
|
|switch|p2a: Keldeo|Keldeo|323\/323
|move|p1a: Chansey|Wish|p1a: Chansey
|
|turn|32
|
|switch|p1a: Chesnaught|Chesnaught, F|176\/380
|move|p2a: Keldeo|Substitute|p2a: Keldeo
|-start|p2a: Keldeo|Substitute
|-damage|p2a: Keldeo|243\/323
|
|-heal|p1a: Chesnaught|380\/380|[from] move: Wish|[wisher] Chansey
|-heal|p2a: Keldeo|263\/323|[from] item: Leftovers
|turn|33
|
|move|p2a: Keldeo|Calm Mind|p2a: Keldeo
|-boost|p2a: Keldeo|spa|1
|-boost|p2a: Keldeo|spd|1
|move|p1a: Chesnaught|Drain Punch|p2a: Keldeo
|-end|p2a: Keldeo|Substitute
|
|-heal|p2a: Keldeo|283\/323|[from] item: Leftovers
|turn|34
|
|move|p2a: Keldeo|Scald|p1a: Chesnaught
|-resisted|p1a: Chesnaught
|-damage|p1a: Chesnaught|252\/380
|move|p1a: Chesnaught|Drain Punch|p2a: Keldeo
|-damage|p2a: Keldeo|184\/323
|-heal|p1a: Chesnaught|302\/380|[from] drain|[of] p2a: Keldeo
|
|-heal|p2a: Keldeo|204\/323|[from] item: Leftovers
|-heal|p1a: Chesnaught|325\/380|[from] item: Leftovers
|turn|35
|
|move|p2a: Keldeo|Substitute|p2a: Keldeo
|-start|p2a: Keldeo|Substitute
|-damage|p2a: Keldeo|124\/323
|move|p1a: Chesnaught|Drain Punch|p2a: Keldeo
|-end|p2a: Keldeo|Substitute
|-heal|p1a: Chesnaught|365\/380|[from] drain|[of] p2a: Keldeo
|
|-heal|p2a: Keldeo|144\/323|[from] item: Leftovers
|-heal|p1a: Chesnaught|380\/380|[from] item: Leftovers
|turn|36
|
|move|p2a: Keldeo|Scald|p1a: Chesnaught
|-resisted|p1a: Chesnaught
|-damage|p1a: Chesnaught|246\/380
|move|p1a: Chesnaught|Drain Punch|p2a: Keldeo
|-damage|p2a: Keldeo|41\/323
|-heal|p1a: Chesnaught|298\/380|[from] drain|[of] p2a: Keldeo
|
|-heal|p2a: Keldeo|61\/323|[from] item: Leftovers
|-heal|p1a: Chesnaught|321\/380|[from] item: Leftovers
|turn|37
|
|move|p2a: Keldeo|Scald|p1a: Chesnaught
|-resisted|p1a: Chesnaught
|-damage|p1a: Chesnaught|192\/380
|-status|p1a: Chesnaught|brn
|move|p1a: Chesnaught|Drain Punch|p2a: Keldeo
|-damage|p2a: Keldeo|13\/323
|-heal|p1a: Chesnaught|216\/380 brn|[from] drain|[of] p2a: Keldeo
|
|-heal|p2a: Keldeo|33\/323|[from] item: Leftovers
|-heal|p1a: Chesnaught|239\/380 brn|[from] item: Leftovers
|-damage|p1a: Chesnaught|192\/380 brn|[from] brn
|turn|38
|
|move|p2a: Keldeo|Secret Sword|p1a: Chesnaught
|-damage|p1a: Chesnaught|50\/380 brn
|move|p1a: Chesnaught|Drain Punch|p2a: Keldeo
|-damage|p2a: Keldeo|0 fnt
|-heal|p1a: Chesnaught|67\/380 brn|[from] drain|[of] p2a: Keldeo
|faint|p2a: Keldeo
|
|-heal|p1a: Chesnaught|90\/380 brn|[from] item: Leftovers
|-damage|p1a: Chesnaught|43\/380 brn|[from] brn
|
|switch|p2a: Raikou|Raikou|262\/322 tox
|-ability|p2a: Raikou|Pressure
|turn|39
|
|move|p1a: Chesnaught|Spiky Shield|p1a: Chesnaught
|-singleturn|p1a: Chesnaught|move: Protect
|move|p2a: Raikou|Volt Switch|p1a: Chesnaught
|-activate|p1a: Chesnaught|move: Protect
|
|-heal|p1a: Chesnaught|66\/380 brn|[from] item: Leftovers
|-damage|p2a: Raikou|242\/322 tox|[from] psn
|-damage|p1a: Chesnaught|19\/380 brn|[from] brn
|turn|40
|
|move|p2a: Raikou|Volt Switch|p1a: Chesnaught
|-resisted|p1a: Chesnaught
|-damage|p1a: Chesnaught|0 fnt
|faint|p1a: Chesnaught
|
|switch|p2a: Conkeldurr|Conkeldurr, F|255\/405 tox
|
|-damage|p2a: Conkeldurr|230\/405 tox|[from] psn
|
|switch|p1a: Chansey|Chansey, F|665\/703
|turn|41
|
|move|p1a: Chansey|Seismic Toss|p2a: Conkeldurr
|-damage|p2a: Conkeldurr|130\/405 tox
|move|p2a: Conkeldurr|Drain Punch|p1a: Chansey
|-supereffective|p1a: Chansey
|-damage|p1a: Chansey|81\/703
|-heal|p2a: Conkeldurr|405\/405 tox|[from] drain|[of] p1a: Chansey
|
|-damage|p2a: Conkeldurr|355\/405 tox|[from] psn
|turn|42
|c|âJiaShengz|gg
|-message|JiaShengz forfeited.
|
|win|Based Godfish
|raw|Ladder updating...
|leave|JiaShengz
|player|p1
|raw|JiaShengz's rating: 1842 &rarr; <strong>1810<\/strong><br \/>(-32 for losing)
|raw|Based Godfish's rating: 1617 &rarr; <strong>1648<\/strong><br \/>(+31 for winning)
|c|âBased Godfish|gg