|join|goodnewsbears
|join|JiaShengz
|player|p1|goodnewsbears|1
|player|p2|JiaShengz|169
|gametype|singles
|gen|6
|tier|OU
|rated
|clearpoke
|poke|p1|Medicham, M
|poke|p1|Clefable, F
|poke|p1|Ferrothorn, F
|poke|p1|Landorus-Therian, M
|poke|p1|Keldeo
|poke|p1|Latios, M
|poke|p2|Sableye, M
|poke|p2|Gliscor, M
|poke|p2|Tentacruel, M
|poke|p2|Skarmory, M
|poke|p2|Chansey, F
|poke|p2|Clefable, F
|rule|Swagger Clause: Swagger is banned
|rule|Baton Pass Clause: Limit one PokÃ©mon knowing Baton Pass
|rule|Sleep Clause Mod: Limit one foe put to sleep
|rule|Species Clause: Limit one of each PokÃ©mon
|rule|OHKO Clause: OHKO moves are banned
|rule|Moody Clause: Moody is banned
|rule|Evasion Moves Clause: Evasion moves are banned
|rule|Endless Battle Clause: Forcing endless battles is banned
|rule|HP Percentage Mod: HP is shown in percentages
|teampreview
|
|start
|switch|p1a: Keldeo|Keldeo|323\/323
|switch|p2a: Sableye|Sableye, M|304\/304
|turn|1
|
|detailschange|p2a: Sableye|Sableye-Mega, M
|-mega|p2a: Sableye|Sableye|Sablenite
|move|p2a: Sableye|Will-O-Wisp|p1a: Keldeo
|-status|p1a: Keldeo|brn
|move|p1a: Keldeo|Hydro Pump|p2a: Sableye
|-damage|p2a: Sableye|28\/304
|
|-damage|p1a: Keldeo|283\/323 brn|[from] brn
|turn|2
|
|switch|p1a: Ferrothorn|Ferrothorn, F|341\/341
|switch|p2a: Chansey|Chansey, F|703\/703
|
|turn|3
|
|switch|p2a: Gliscor|Gliscor, M|354\/354
|move|p1a: Ferrothorn|Stealth Rock|p2a: Gliscor
|-sidestart|p2: JiaShengz|move: Stealth Rock
|
|-status|p2a: Gliscor|tox|[from] item: Toxic Orb
|turn|4
|
|switch|p2a: Tentacruel|Tentacruel, M|363\/363
|-damage|p2a: Tentacruel|318\/363|[from] Stealth Rock
|move|p1a: Ferrothorn|Spikes|p2a: Tentacruel
|-sidestart|p2: JiaShengz|Spikes
|
|-heal|p2a: Tentacruel|340\/363|[from] item: Black Sludge
|turn|5
|
|move|p2a: Tentacruel|Toxic Spikes|p1a: Ferrothorn
|-sidestart|p1: goodnewsbears|move: Toxic Spikes
|move|p1a: Ferrothorn|Knock Off|p2a: Tentacruel
|-damage|p2a: Tentacruel|265\/363
|-enditem|p2a: Tentacruel|Black Sludge|[from] move: Knock Off|[of] p1a: Ferrothorn
|
|turn|6
|
|switch|p1a: Latios|Latios, M|301\/301
|move|p2a: Tentacruel|Toxic Spikes|p1a: Latios
|-sidestart|p1: goodnewsbears|move: Toxic Spikes
|
|turn|7
|
|switch|p2a: Gliscor|Gliscor, M|354\/354 tox
|-damage|p2a: Gliscor|310\/354 tox|[from] Stealth Rock
|move|p1a: Latios|Draco Meteor|p2a: Gliscor
|-damage|p2a: Gliscor|44\/354 tox
|-unboost|p1a: Latios|spa|2
|-damage|p1a: Latios|271\/301|[from] item: Life Orb
|
|-heal|p2a: Gliscor|88\/354 tox|[from] ability: Poison Heal
|turn|8
|
|switch|p2a: Chansey|Chansey, F|703\/703
|-damage|p2a: Chansey|616\/703|[from] Stealth Rock
|-damage|p2a: Chansey|529\/703|[from] Spikes
|move|p1a: Latios|Defog|p2a: Chansey
|-unboost|p2a: Chansey|evasion|1
|-sideend|p2: JiaShengz|Spikes|[from] move: Defog|[of] p2a: Chansey
|-sideend|p2: JiaShengz|Stealth Rock|[from] move: Defog|[of] p2a: Chansey
|-sideend|p1: goodnewsbears|Toxic Spikes|[from] move: Defog|[of] p1a: Latios
|
|turn|9
|
|switch|p1a: Medicham|Medicham, M|261\/261
|move|p2a: Chansey|Wish|p2a: Chansey
|
|turn|10
|
|switch|p2a: Clefable|Clefable, F|394\/394
|detailschange|p1a: Medicham|Medicham-Mega, M
|-mega|p1a: Medicham|Medicham|Medichamite
|move|p1a: Medicham|Bullet Punch|p2a: Clefable
|-supereffective|p2a: Clefable
|-damage|p2a: Clefable|248\/394
|
|-heal|p2a: Clefable|394\/394|[from] move: Wish|[wisher] Chansey
|turn|11
|
|move|p1a: Medicham|Zen Headbutt|p2a: Clefable
|-damage|p2a: Clefable|168\/394
|cant|p2a: Clefable|flinch
|
|-heal|p2a: Clefable|192\/394|[from] item: Leftovers
|turn|12
|
|move|p2a: Clefable|Protect|p2a: Clefable
|-singleturn|p2a: Clefable|Protect
|move|p1a: Medicham|Zen Headbutt|p2a: Clefable
|-activate|p2a: Clefable|Protect
|
|-heal|p2a: Clefable|216\/394|[from] item: Leftovers
|turn|13
|
|switch|p2a: Skarmory|Skarmory, M|334\/334
|move|p1a: Medicham|Zen Headbutt|p2a: Skarmory
|-resisted|p2a: Skarmory
|-damage|p2a: Skarmory|262\/334
|
|turn|14
|
|switch|p1a: Ferrothorn|Ferrothorn, F|341\/341
|move|p2a: Skarmory|Stealth Rock|p1a: Ferrothorn
|-sidestart|p1: goodnewsbears|move: Stealth Rock
|
|turn|15
|c|âgoodnewsbears|lol
|
|move|p2a: Skarmory|Spikes|p1a: Ferrothorn
|-sidestart|p1: goodnewsbears|Spikes
|move|p1a: Ferrothorn|Knock Off|p2a: Skarmory
|-damage|p2a: Skarmory|219\/334
|-enditem|p2a: Skarmory|Shed Shell|[from] move: Knock Off|[of] p1a: Ferrothorn
|
|turn|16
|
|switch|p2a: Sableye|Sableye-Mega, M|28\/304
|move|p1a: Ferrothorn|Stealth Rock|p2a: Sableye
|move|p2a: Sableye|Stealth Rock|p1a: Ferrothorn|[from]Magic Bounce
|-fail|p1a: Ferrothorn
|
|turn|17
|
|switch|p1a: Latios|Latios, M|271\/301
|-damage|p1a: Latios|234\/301|[from] Stealth Rock
|move|p2a: Sableye|Recover|p2a: Sableye
|-heal|p2a: Sableye|180\/304
|
|turn|18
|
|switch|p2a: Clefable|Clefable, F|216\/394
|move|p1a: Latios|Defog|p2a: Clefable
|-unboost|p2a: Clefable|evasion|1
|-sideend|p1: goodnewsbears|Spikes|[from] move: Defog|[of] p1a: Latios
|-sideend|p1: goodnewsbears|Stealth Rock|[from] move: Defog|[of] p1a: Latios
|
|-heal|p2a: Clefable|240\/394|[from] item: Leftovers
|turn|19
|
|switch|p1a: Ferrothorn|Ferrothorn, F|341\/341
|move|p2a: Clefable|Wish|p2a: Clefable
|
|-heal|p2a: Clefable|264\/394|[from] item: Leftovers
|turn|20
|
|switch|p2a: Sableye|Sableye-Mega, M|180\/304
|move|p1a: Ferrothorn|Gyro Ball|p2a: Sableye
|-damage|p2a: Sableye|147\/304
|
|-heal|p2a: Sableye|304\/304|[from] move: Wish|[wisher] Clefable
|turn|21
|
|switch|p1a: Clefable|Clefable, F|380\/380
|move|p2a: Sableye|Will-O-Wisp|p1a: Clefable|[miss]
|-miss|p2a: Sableye|p1a: Clefable
|
|turn|22
|
|switch|p2a: Tentacruel|Tentacruel, M|265\/363
|move|p1a: Clefable|Calm Mind|p1a: Clefable
|-boost|p1a: Clefable|spa|1
|-boost|p1a: Clefable|spd|1
|
|turn|23
|
|switch|p1a: Latios|Latios, M|234\/301
|move|p2a: Tentacruel|Toxic Spikes|p1a: Latios
|-sidestart|p1: goodnewsbears|move: Toxic Spikes
|
|turn|24
|
|switch|p2a: Sableye|Sableye-Mega, M|304\/304
|move|p1a: Latios|Psyshock|p2a: Sableye
|-immune|p2a: Sableye|[msg]
|
|turn|25
|
|move|p1a: Latios|Draco Meteor|p2a: Sableye
|-damage|p2a: Sableye|45\/304
|-unboost|p1a: Latios|spa|2
|-damage|p1a: Latios|204\/301|[from] item: Life Orb
|move|p2a: Sableye|Will-O-Wisp|p1a: Latios
|-status|p1a: Latios|brn
|
|-damage|p1a: Latios|167\/301 brn|[from] brn
|turn|26
|
|move|p1a: Latios|Defog|p2a: Sableye
|move|p2a: Sableye|Defog|p1a: Latios|[from]Magic Bounce
|-unboost|p1a: Latios|evasion|1
|-sideend|p1: goodnewsbears|Toxic Spikes|[from] move: Defog|[of] p1a: Latios
|move|p2a: Sableye|Recover|p2a: Sableye
|-heal|p2a: Sableye|197\/304
|
|-damage|p1a: Latios|130\/301 brn|[from] brn
|turn|27
|
|switch|p1a: Keldeo|Keldeo|283\/323 brn
|move|p2a: Sableye|Knock Off|p1a: Keldeo
|-resisted|p1a: Keldeo
|-damage|p1a: Keldeo|230\/323 brn
|-boost|p1a: Keldeo|atk|1|[from] ability: Justified
|-enditem|p1a: Keldeo|Choice Specs|[from] move: Knock Off|[of] p2a: Sableye
|
|-damage|p1a: Keldeo|190\/323 brn|[from] brn
|turn|28
|
|switch|p2a: Tentacruel|Tentacruel, M|265\/363
|move|p1a: Keldeo|Hydro Pump|p2a: Tentacruel
|-resisted|p2a: Tentacruel
|-damage|p2a: Tentacruel|182\/363
|
|-damage|p1a: Keldeo|150\/323 brn|[from] brn
|turn|29
|
|move|p1a: Keldeo|Hidden Power|p2a: Tentacruel
|-supereffective|p2a: Tentacruel
|-damage|p2a: Tentacruel|62\/363
|move|p2a: Tentacruel|Toxic Spikes|p1a: Keldeo
|-sidestart|p1: goodnewsbears|move: Toxic Spikes
|
|-damage|p1a: Keldeo|110\/323 brn|[from] brn
|turn|30
|
|switch|p2a: Chansey|Chansey, F|529\/703
|move|p1a: Keldeo|Hydro Pump|p2a: Chansey|[miss]
|-miss|p1a: Keldeo|p2a: Chansey
|
|-damage|p1a: Keldeo|70\/323 brn|[from] brn
|turn|31
|
|switch|p1a: Latios|Latios, M|130\/301 brn
|move|p2a: Chansey|Soft-Boiled|p2a: Chansey
|-heal|p2a: Chansey|703\/703
|
|-damage|p1a: Latios|93\/301 brn|[from] brn
|turn|32
|
|move|p1a: Latios|Defog|p2a: Chansey
|-unboost|p2a: Chansey|evasion|1
|-sideend|p1: goodnewsbears|Toxic Spikes|[from] move: Defog|[of] p1a: Latios
|move|p2a: Chansey|Wish|p2a: Chansey
|
|-damage|p1a: Latios|56\/301 brn|[from] brn
|turn|33
|
|switch|p2a: Skarmory|Skarmory, M|219\/334
|move|p1a: Latios|Draco Meteor|p2a: Skarmory
|-resisted|p2a: Skarmory
|-damage|p2a: Skarmory|31\/334
|-unboost|p1a: Latios|spa|2
|-damage|p1a: Latios|26\/301 brn|[from] item: Life Orb
|
|-heal|p2a: Skarmory|334\/334|[from] move: Wish|[wisher] Chansey
|-damage|p1a: Latios|0 fnt|[from] brn
|faint|p1a: Latios
|
|switch|p1a: Clefable|Clefable, F|380\/380
|turn|34
|
|move|p2a: Skarmory|Stealth Rock|p1a: Clefable
|-sidestart|p1: goodnewsbears|move: Stealth Rock
|move|p1a: Clefable|Calm Mind|p1a: Clefable
|-boost|p1a: Clefable|spa|1
|-boost|p1a: Clefable|spd|1
|
|turn|35
|
|move|p2a: Skarmory|Spikes|p1a: Clefable
|-sidestart|p1: goodnewsbears|Spikes
|move|p1a: Clefable|Moonblast|p2a: Skarmory
|-resisted|p2a: Skarmory
|-damage|p2a: Skarmory|216\/334
|
|turn|36
|
|move|p2a: Skarmory|Roost|p2a: Skarmory
|-heal|p2a: Skarmory|334\/334
|move|p1a: Clefable|Calm Mind|p1a: Clefable
|-boost|p1a: Clefable|spa|1
|-boost|p1a: Clefable|spd|1
|
|turn|37
|
|move|p2a: Skarmory|Spikes|p1a: Clefable
|-sidestart|p1: goodnewsbears|Spikes
|move|p1a: Clefable|Moonblast|p2a: Skarmory
|-resisted|p2a: Skarmory
|-damage|p2a: Skarmory|166\/334
|
|turn|38
|
|switch|p2a: Chansey|Chansey, F|703\/703
|move|p1a: Clefable|Moonblast|p2a: Chansey
|-damage|p2a: Chansey|564\/703
|
|turn|39
|
|move|p1a: Clefable|Calm Mind|p1a: Clefable
|-boost|p1a: Clefable|spa|1
|-boost|p1a: Clefable|spd|1
|move|p2a: Chansey|Wish|p2a: Chansey
|
|turn|40
|
|switch|p2a: Clefable|Clefable, F|264\/394
|move|p1a: Clefable|Moonblast|p2a: Clefable
|-damage|p2a: Clefable|125\/394
|
|-heal|p2a: Clefable|394\/394|[from] move: Wish|[wisher] Chansey
|turn|41
|
|move|p1a: Clefable|Calm Mind|p1a: Clefable
|-boost|p1a: Clefable|spa|1
|-boost|p1a: Clefable|spd|1
|move|p2a: Clefable|Calm Mind|p2a: Clefable
|-boost|p2a: Clefable|spa|1
|-boost|p2a: Clefable|spd|1
|
|turn|42
|
|move|p1a: Clefable|Calm Mind|p1a: Clefable
|-boost|p1a: Clefable|spa|1
|-boost|p1a: Clefable|spd|1
|move|p2a: Clefable|Calm Mind|p2a: Clefable
|-boost|p2a: Clefable|spa|1
|-boost|p2a: Clefable|spd|1
|
|turn|43
|
|move|p2a: Clefable|Moonblast|p1a: Clefable
|-damage|p1a: Clefable|263\/380
|move|p1a: Clefable|Calm Mind|p1a: Clefable
|-boost|p1a: Clefable|spa|1
|-boost|p1a: Clefable|spd|1
|
|-heal|p1a: Clefable|286\/380|[from] item: Leftovers
|turn|44
|
|move|p1a: Clefable|Moonblast|p2a: Clefable
|-damage|p2a: Clefable|255\/394
|move|p2a: Clefable|Calm Mind|p2a: Clefable
|-boost|p2a: Clefable|spa|1
|-boost|p2a: Clefable|spd|1
|
|-heal|p2a: Clefable|279\/394|[from] item: Leftovers
|-heal|p1a: Clefable|309\/380|[from] item: Leftovers
|turn|45
|
|move|p2a: Clefable|Moonblast|p1a: Clefable
|-damage|p1a: Clefable|206\/380
|-unboost|p1a: Clefable|spa|1
|move|p1a: Clefable|Moonblast|p2a: Clefable
|-damage|p2a: Clefable|161\/394
|
|-heal|p2a: Clefable|185\/394|[from] item: Leftovers
|-heal|p1a: Clefable|229\/380|[from] item: Leftovers
|turn|46
|
|move|p1a: Clefable|Moonblast|p2a: Clefable
|-damage|p2a: Clefable|52\/394
|move|p2a: Clefable|Wish|p2a: Clefable
|
|-heal|p1a: Clefable|252\/380|[from] item: Leftovers
|-heal|p2a: Clefable|76\/394|[from] item: Leftovers
|turn|47
|
|move|p2a: Clefable|Protect|p2a: Clefable
|-singleturn|p2a: Clefable|Protect
|move|p1a: Clefable|Wish|p1a: Clefable
|
|-heal|p2a: Clefable|273\/394|[from] move: Wish|[wisher] Clefable
|-heal|p1a: Clefable|275\/380|[from] item: Leftovers
|-heal|p2a: Clefable|297\/394|[from] item: Leftovers
|turn|48
|
|move|p2a: Clefable|Moonblast|p1a: Clefable
|-damage|p1a: Clefable|160\/380
|move|p1a: Clefable|Moonblast|p2a: Clefable
|-damage|p2a: Clefable|179\/394
|
|-heal|p1a: Clefable|350\/380|[from] move: Wish|[wisher] Clefable
|-heal|p2a: Clefable|203\/394|[from] item: Leftovers
|-heal|p1a: Clefable|373\/380|[from] item: Leftovers
|turn|49
|
|move|p1a: Clefable|Moonblast|p2a: Clefable
|-damage|p2a: Clefable|65\/394
|move|p2a: Clefable|Wish|p2a: Clefable
|
|-heal|p2a: Clefable|89\/394|[from] item: Leftovers
|-heal|p1a: Clefable|380\/380|[from] item: Leftovers
|turn|50
|
|move|p2a: Clefable|Protect|p2a: Clefable
|-singleturn|p2a: Clefable|Protect
|move|p1a: Clefable|Calm Mind|p1a: Clefable
|-boost|p1a: Clefable|spa|1
|
|-heal|p2a: Clefable|286\/394|[from] move: Wish|[wisher] Clefable
|-heal|p2a: Clefable|310\/394|[from] item: Leftovers
|turn|51
|
|move|p1a: Clefable|Moonblast|p2a: Clefable
|-damage|p2a: Clefable|172\/394
|move|p2a: Clefable|Moonblast|p1a: Clefable
|-damage|p1a: Clefable|259\/380
|
|-heal|p2a: Clefable|196\/394|[from] item: Leftovers
|-heal|p1a: Clefable|282\/380|[from] item: Leftovers
|turn|52
|
|move|p2a: Clefable|Wish|p2a: Clefable
|move|p1a: Clefable|Moonblast|p2a: Clefable
|-damage|p2a: Clefable|63\/394
|
|-heal|p2a: Clefable|87\/394|[from] item: Leftovers
|-heal|p1a: Clefable|305\/380|[from] item: Leftovers
|turn|53
|
|move|p2a: Clefable|Protect|p2a: Clefable
|-singleturn|p2a: Clefable|Protect
|move|p1a: Clefable|Moonblast|p2a: Clefable
|-activate|p2a: Clefable|Protect
|
|-heal|p2a: Clefable|284\/394|[from] move: Wish|[wisher] Clefable
|-heal|p1a: Clefable|328\/380|[from] item: Leftovers
|-heal|p2a: Clefable|308\/394|[from] item: Leftovers
|turn|54
|
|move|p2a: Clefable|Moonblast|p1a: Clefable
|-damage|p1a: Clefable|214\/380
|move|p1a: Clefable|Moonblast|p2a: Clefable
|-damage|p2a: Clefable|172\/394
|
|-heal|p1a: Clefable|237\/380|[from] item: Leftovers
|-heal|p2a: Clefable|196\/394|[from] item: Leftovers
|turn|55
|
|move|p2a: Clefable|Wish|p2a: Clefable
|move|p1a: Clefable|Moonblast|p2a: Clefable
|-damage|p2a: Clefable|70\/394
|
|-heal|p2a: Clefable|94\/394|[from] item: Leftovers
|-heal|p1a: Clefable|260\/380|[from] item: Leftovers
|turn|56
|
|move|p2a: Clefable|Protect|p2a: Clefable
|-singleturn|p2a: Clefable|Protect
|move|p1a: Clefable|Wish|p1a: Clefable
|
|-heal|p2a: Clefable|291\/394|[from] move: Wish|[wisher] Clefable
|-heal|p2a: Clefable|315\/394|[from] item: Leftovers
|-heal|p1a: Clefable|283\/380|[from] item: Leftovers
|turn|57
|
|move|p2a: Clefable|Moonblast|p1a: Clefable
|-damage|p1a: Clefable|174\/380
|move|p1a: Clefable|Moonblast|p2a: Clefable
|-damage|p2a: Clefable|179\/394
|
|-heal|p1a: Clefable|364\/380|[from] move: Wish|[wisher] Clefable
|-heal|p1a: Clefable|380\/380|[from] item: Leftovers
|-heal|p2a: Clefable|203\/394|[from] item: Leftovers
|turn|58
|
|move|p2a: Clefable|Wish|p2a: Clefable
|move|p1a: Clefable|Moonblast|p2a: Clefable
|-damage|p2a: Clefable|79\/394
|
|-heal|p2a: Clefable|103\/394|[from] item: Leftovers
|turn|59
|
|move|p2a: Clefable|Protect|p2a: Clefable
|-singleturn|p2a: Clefable|Protect
|move|p1a: Clefable|Wish|p1a: Clefable
|
|-heal|p2a: Clefable|300\/394|[from] move: Wish|[wisher] Clefable
|-heal|p2a: Clefable|324\/394|[from] item: Leftovers
|turn|60
|
|move|p2a: Clefable|Wish|p2a: Clefable
|move|p1a: Clefable|Moonblast|p2a: Clefable
|-damage|p2a: Clefable|200\/394
|-unboost|p2a: Clefable|spa|1
|
|-heal|p2a: Clefable|224\/394|[from] item: Leftovers
|turn|61
|
|move|p2a: Clefable|Moonblast|p1a: Clefable
|-damage|p1a: Clefable|257\/380
|move|p1a: Clefable|Calm Mind|p1a: Clefable
|-fail|p1a: Clefable
|
|-heal|p2a: Clefable|394\/394|[from] move: Wish|[wisher] Clefable
|-heal|p1a: Clefable|280\/380|[from] item: Leftovers
|turn|62
|
|move|p1a: Clefable|Protect|p1a: Clefable
|-singleturn|p1a: Clefable|Protect
|move|p2a: Clefable|Moonblast|p1a: Clefable
|-activate|p1a: Clefable|Protect
|
|-heal|p1a: Clefable|303\/380|[from] item: Leftovers
|turn|63
|
|move|p2a: Clefable|Moonblast|p1a: Clefable
|-damage|p1a: Clefable|180\/380
|move|p1a: Clefable|Wish|p1a: Clefable
|
|-heal|p1a: Clefable|203\/380|[from] item: Leftovers
|turn|64
|
|move|p1a: Clefable|Protect|p1a: Clefable
|-singleturn|p1a: Clefable|Protect
|move|p2a: Clefable|Moonblast|p1a: Clefable
|-activate|p1a: Clefable|Protect
|
|-heal|p1a: Clefable|380\/380|[from] move: Wish|[wisher] Clefable
|turn|65
|
|move|p1a: Clefable|Wish|p1a: Clefable
|move|p2a: Clefable|Moonblast|p1a: Clefable
|-damage|p1a: Clefable|275\/380
|
|-heal|p1a: Clefable|298\/380|[from] item: Leftovers
|turn|66
|
|move|p1a: Clefable|Protect|p1a: Clefable
|-singleturn|p1a: Clefable|Protect
|move|p2a: Clefable|Moonblast|p1a: Clefable
|-activate|p1a: Clefable|Protect
|
|-heal|p1a: Clefable|380\/380|[from] move: Wish|[wisher] Clefable
|turn|67
|
|move|p2a: Clefable|Calm Mind|p2a: Clefable
|-boost|p2a: Clefable|spa|1
|-boost|p2a: Clefable|spd|1
|move|p1a: Clefable|Wish|p1a: Clefable
|
|turn|68
|
|move|p2a: Clefable|Moonblast|p1a: Clefable
|-damage|p1a: Clefable|268\/380
|-unboost|p1a: Clefable|spa|1
|move|p1a: Clefable|Calm Mind|p1a: Clefable
|-boost|p1a: Clefable|spa|1
|
|-heal|p1a: Clefable|380\/380|[from] move: Wish|[wisher] Clefable
|turn|69
|
|move|p1a: Clefable|Wish|p1a: Clefable
|move|p2a: Clefable|Moonblast|p1a: Clefable
|-damage|p1a: Clefable|277\/380
|
|-heal|p1a: Clefable|300\/380|[from] item: Leftovers
|turn|70
|
|move|p1a: Clefable|Calm Mind|p1a: Clefable
|-fail|p1a: Clefable
|move|p2a: Clefable|Moonblast|p1a: Clefable
|-damage|p1a: Clefable|185\/380
|
|-heal|p1a: Clefable|375\/380|[from] move: Wish|[wisher] Clefable
|-heal|p1a: Clefable|380\/380|[from] item: Leftovers
|turn|71
|
|move|p1a: Clefable|Protect|p1a: Clefable
|-singleturn|p1a: Clefable|Protect
|move|p2a: Clefable|Moonblast|p1a: Clefable
|-activate|p1a: Clefable|Protect
|
|turn|72
|-message|JiaShengz lost due to inactivity.
|
|win|goodnewsbears
|raw|Ladder updating...
|raw|goodnewsbears's rating: 1546 &rarr; <strong>1565<\/strong><br \/>(+19 for winning)
|raw|JiaShengz's rating: 1515 &rarr; <strong>1497<\/strong><br \/>(-18 for losing)