|join|JiaShengz
|join|saltion
|player|p1|JiaShengz|168
|player|p2|saltion|2
|gametype|singles
|gen|6
|tier|OU (suspect test)
|rated
|clearpoke
|poke|p1|Chansey, F
|poke|p1|Clefable, F
|poke|p1|Sableye, F
|poke|p1|Heatran, F
|poke|p1|Tentacruel, F
|poke|p1|Chesnaught, F
|poke|p2|Altaria, F
|poke|p2|Skarmory, M
|poke|p2|Heatran, F
|poke|p2|Terrakion
|poke|p2|Starmie
|poke|p2|Tangrowth, F
|rule|Swagger Clause: Swagger is banned
|rule|Baton Pass Clause: Limit one PokÃ©mon knowing Baton Pass
|rule|Sleep Clause Mod: Limit one foe put to sleep
|rule|Species Clause: Limit one of each PokÃ©mon
|rule|OHKO Clause: OHKO moves are banned
|rule|Moody Clause: Moody is banned
|rule|Evasion Moves Clause: Evasion moves are banned
|rule|Endless Battle Clause: Forcing endless battles is banned
|rule|HP Percentage Mod: HP is shown in percentages
|teampreview
|c|âsaltion|-_-
|
|start
|switch|p1a: Sableye|Sableye, F|304\/304
|switch|p2a: Starmie|Starmie|261\/261
|turn|1
|
|detailschange|p1a: Sableye|Sableye-Mega, F
|-mega|p1a: Sableye|Sableye|Sablenite
|move|p2a: Starmie|Surf|p1a: Sableye
|-damage|p1a: Sableye|158\/304
|-damage|p2a: Starmie|235\/261|[from] item: Life Orb
|move|p1a: Sableye|Knock Off|p2a: Starmie
|-supereffective|p2a: Starmie
|-damage|p2a: Starmie|0 fnt
|-enditem|p2a: Starmie|Life Orb|[from] move: Knock Off|[of] p1a: Sableye
|faint|p2a: Starmie
|
|
|switch|p2a: Altaria|Altaria, F|354\/354
|-ability|p2a: Altaria|Cloud Nine
|turn|2
|
|switch|p1a: Tentacruel|Tentacruel, F|361\/361
|detailschange|p2a: Altaria|Altaria-Mega, F
|-mega|p2a: Altaria|Altaria|Altarianite
|move|p2a: Altaria|Earthquake|p1a: Tentacruel
|-supereffective|p1a: Tentacruel
|-damage|p1a: Tentacruel|197\/361
|
|-heal|p1a: Tentacruel|219\/361|[from] item: Black Sludge
|turn|3
|
|move|p1a: Tentacruel|Toxic Spikes|p2a: Altaria
|-sidestart|p2: saltion|move: Toxic Spikes
|move|p2a: Altaria|Earthquake|p1a: Tentacruel
|-supereffective|p1a: Tentacruel
|-damage|p1a: Tentacruel|59\/361
|
|-heal|p1a: Tentacruel|81\/361|[from] item: Black Sludge
|turn|4
|
|switch|p1a: Clefable|Clefable, F|394\/394
|move|p2a: Altaria|Earthquake|p1a: Clefable
|-crit|p1a: Clefable
|-damage|p1a: Clefable|278\/394
|
|-heal|p1a: Clefable|302\/394|[from] item: Leftovers
|turn|5
|
|switch|p2a: Heatran|Heatran, F|386\/386
|move|p1a: Clefable|Protect|p1a: Clefable
|-fail|p1a: Clefable
|
|-heal|p1a: Clefable|326\/394|[from] item: Leftovers
|turn|6
|
|move|p2a: Heatran|Taunt|p1a: Clefable
|-start|p1a: Clefable|move: Taunt
|cant|p1a: Clefable|move: Taunt|Wish
|
|-heal|p1a: Clefable|350\/394|[from] item: Leftovers
|turn|7
|
|switch|p1a: Sableye|Sableye-Mega, F|158\/304
|move|p2a: Heatran|Earth Power|p1a: Sableye
|-damage|p1a: Sableye|78\/304
|-unboost|p1a: Sableye|spd|1
|
|turn|8
|
|switch|p1a: Chansey|Chansey, F|703\/703
|move|p2a: Heatran|Earth Power|p1a: Chansey
|-damage|p1a: Chansey|645\/703
|
|turn|9
|
|move|p2a: Heatran|Taunt|p1a: Chansey
|-start|p1a: Chansey|move: Taunt
|cant|p1a: Chansey|move: Taunt|Wish
|
|turn|10
|
|move|p2a: Heatran|Toxic|p1a: Chansey
|-status|p1a: Chansey|tox
|move|p1a: Chansey|Seismic Toss|p2a: Heatran
|-damage|p2a: Heatran|286\/386
|
|-heal|p2a: Heatran|310\/386|[from] item: Leftovers
|-damage|p1a: Chansey|602\/703 tox|[from] psn
|turn|11
|
|move|p2a: Heatran|Lava Plume|p1a: Chansey
|-damage|p1a: Chansey|526\/703 tox
|move|p1a: Chansey|Seismic Toss|p2a: Heatran
|-damage|p2a: Heatran|210\/386
|
|-heal|p2a: Heatran|234\/386|[from] item: Leftovers
|-damage|p1a: Chansey|440\/703 tox|[from] psn
|-end|p1a: Chansey|move: Taunt
|turn|12
|
|switch|p1a: Tentacruel|Tentacruel, F|81\/361
|move|p2a: Heatran|Taunt|p1a: Tentacruel
|-start|p1a: Tentacruel|move: Taunt
|
|-heal|p1a: Tentacruel|103\/361|[from] item: Black Sludge
|-heal|p2a: Heatran|258\/386|[from] item: Leftovers
|turn|13
|
|switch|p2a: Tangrowth|Tangrowth, F|342\/342
|-status|p2a: Tangrowth|psn
|move|p1a: Tentacruel|Knock Off|p2a: Tangrowth
|-damage|p2a: Tangrowth|300\/342 psn
|-enditem|p2a: Tangrowth|Assault Vest|[from] move: Knock Off|[of] p1a: Tentacruel
|
|-heal|p1a: Tentacruel|125\/361|[from] item: Black Sludge
|-damage|p2a: Tangrowth|258\/342 psn|[from] psn
|turn|14
|
|switch|p1a: Chesnaught|Chesnaught, F|380\/380
|move|p2a: Tangrowth|Earthquake|p1a: Chesnaught
|-resisted|p1a: Chesnaught
|-damage|p1a: Chesnaught|356\/380
|
|-heal|p1a: Chesnaught|379\/380|[from] item: Leftovers
|-damage|p2a: Tangrowth|216\/342 psn|[from] psn
|turn|15
|
|move|p1a: Chesnaught|Spikes|p2a: Tangrowth
|-sidestart|p2: saltion|Spikes
|move|p2a: Tangrowth|Hidden Power|p1a: Chesnaught
|-supereffective|p1a: Chesnaught
|-damage|p1a: Chesnaught|189\/380
|
|-heal|p1a: Chesnaught|212\/380|[from] item: Leftovers
|-damage|p2a: Tangrowth|174\/342 psn|[from] psn
|turn|16
|
|switch|p2a: Heatran|Heatran, F|258\/386
|-damage|p2a: Heatran|210\/386|[from] Spikes
|move|p1a: Chesnaught|Spiky Shield|p1a: Chesnaught
|-fail|p1a: Chesnaught
|
|-heal|p2a: Heatran|234\/386|[from] item: Leftovers
|-heal|p1a: Chesnaught|235\/380|[from] item: Leftovers
|turn|17
|
|move|p2a: Heatran|Lava Plume|p1a: Chesnaught
|-supereffective|p1a: Chesnaught
|-damage|p1a: Chesnaught|0 fnt
|faint|p1a: Chesnaught
|
|-heal|p2a: Heatran|258\/386|[from] item: Leftovers
|
|switch|p1a: Tentacruel|Tentacruel, F|125\/361
|turn|18
|
|switch|p2a: Tangrowth|Tangrowth, F|288\/342 psn
|-damage|p2a: Tangrowth|246\/342 psn|[from] Spikes
|move|p1a: Tentacruel|Knock Off|p2a: Tangrowth
|-damage|p2a: Tangrowth|218\/342 psn
|
|-heal|p1a: Tentacruel|147\/361|[from] item: Black Sludge
|-damage|p2a: Tangrowth|176\/342 psn|[from] psn
|turn|19
|
|switch|p1a: Chansey|Chansey, F|440\/703
|move|p2a: Tangrowth|Earthquake|p1a: Chansey
|-damage|p1a: Chansey|343\/703
|
|-damage|p2a: Tangrowth|134\/342 psn|[from] psn
|turn|20
|
|move|p1a: Chansey|Soft-Boiled|p1a: Chansey
|-heal|p1a: Chansey|695\/703
|move|p2a: Tangrowth|Knock Off|p1a: Chansey
|-damage|p1a: Chansey|592\/703
|-enditem|p1a: Chansey|Eviolite|[from] move: Knock Off|[of] p2a: Tangrowth
|
|-damage|p2a: Tangrowth|92\/342 psn|[from] psn
|turn|21
|
|switch|p2a: Terrakion|Terrakion|323\/323
|-status|p2a: Terrakion|psn
|-damage|p2a: Terrakion|283\/323 psn|[from] Spikes
|move|p1a: Chansey|Wish|p1a: Chansey
|
|-damage|p2a: Terrakion|243\/323 psn|[from] psn
|turn|22
|
|switch|p1a: Clefable|Clefable, F|350\/394
|move|p2a: Terrakion|Stone Edge|p1a: Clefable|[miss]
|-miss|p2a: Terrakion|p1a: Clefable
|
|-heal|p1a: Clefable|394\/394|[from] move: Wish|[wisher] Chansey
|-damage|p2a: Terrakion|203\/323 psn|[from] psn
|turn|23
|
|switch|p2a: Heatran|Heatran, F|258\/386
|-damage|p2a: Heatran|210\/386|[from] Spikes
|move|p1a: Clefable|Wish|p1a: Clefable
|
|-heal|p2a: Heatran|234\/386|[from] item: Leftovers
|turn|24
|
|switch|p1a: Sableye|Sableye-Mega, F|78\/304
|move|p2a: Heatran|Earth Power|p1a: Sableye
|-damage|p1a: Sableye|9\/304
|
|-heal|p1a: Sableye|206\/304|[from] move: Wish|[wisher] Clefable
|-heal|p2a: Heatran|258\/386|[from] item: Leftovers
|turn|25
|
|switch|p2a: Tangrowth|Tangrowth, F|206\/342 psn
|-damage|p2a: Tangrowth|164\/342 psn|[from] Spikes
|move|p1a: Sableye|Knock Off|p2a: Tangrowth
|-damage|p2a: Tangrowth|110\/342 psn
|
|-damage|p2a: Tangrowth|68\/342 psn|[from] psn
|turn|26
|
|move|p2a: Tangrowth|Giga Drain|p1a: Sableye
|-damage|p1a: Sableye|85\/304
|-heal|p2a: Tangrowth|129\/342 psn|[from] drain|[of] p1a: Sableye
|move|p1a: Sableye|Taunt|p2a: Tangrowth
|-start|p2a: Tangrowth|move: Taunt
|
|-damage|p2a: Tangrowth|87\/342 psn|[from] psn
|turn|27
|
|switch|p1a: Chansey|Chansey, F|592\/703
|move|p2a: Tangrowth|Giga Drain|p1a: Chansey
|-damage|p1a: Chansey|463\/703
|-heal|p2a: Tangrowth|152\/342 psn|[from] drain|[of] p1a: Chansey
|
|-damage|p2a: Tangrowth|110\/342 psn|[from] psn
|turn|28
|c|âsaltion|lol didn't you see the assault vest
|c|âJiaShengz|lol ive forgotten
|
|switch|p2a: Altaria|Altaria-Mega, F|354\/354
|-status|p2a: Altaria|psn
|-damage|p2a: Altaria|310\/354 psn|[from] Spikes
|move|p1a: Chansey|Wish|p1a: Chansey
|
|-damage|p2a: Altaria|266\/354 psn|[from] psn
|turn|29
|
|switch|p1a: Clefable|Clefable, F|394\/394
|move|p2a: Altaria|Earthquake|p1a: Clefable
|-damage|p1a: Clefable|313\/394
|
|-heal|p1a: Clefable|394\/394|[from] move: Wish|[wisher] Chansey
|-damage|p2a: Altaria|222\/354 psn|[from] psn
|turn|30
|
|move|p2a: Altaria|Roost|p2a: Altaria
|-heal|p2a: Altaria|354\/354 psn
|move|p1a: Clefable|Wish|p1a: Clefable
|
|-damage|p2a: Altaria|310\/354 psn|[from] psn
|turn|31
|
|move|p2a: Altaria|Earthquake|p1a: Clefable
|-damage|p1a: Clefable|318\/394
|move|p1a: Clefable|Moonblast|p2a: Altaria
|-supereffective|p2a: Altaria
|-damage|p2a: Altaria|86\/354 psn
|-unboost|p2a: Altaria|spa|1
|
|-heal|p1a: Clefable|394\/394|[from] move: Wish|[wisher] Clefable
|-damage|p2a: Altaria|42\/354 psn|[from] psn
|turn|32
|
|move|p1a: Clefable|Protect|p1a: Clefable
|-singleturn|p1a: Clefable|Protect
|move|p2a: Altaria|Return|p1a: Clefable
|-activate|p1a: Clefable|Protect
|
|-damage|p2a: Altaria|0 fnt|[from] psn
|faint|p2a: Altaria
|
|switch|p2a: Skarmory|Skarmory, M|334\/334
|turn|33
|
|move|p2a: Skarmory|Stealth Rock|p1a: Clefable
|-sidestart|p1: JiaShengz|move: Stealth Rock
|move|p1a: Clefable|Wish|p1a: Clefable
|
|turn|34
|
|switch|p1a: Tentacruel|Tentacruel, F|147\/361
|-damage|p1a: Tentacruel|102\/361|[from] Stealth Rock
|move|p2a: Skarmory|Whirlwind|p1a: Tentacruel
|drag|p1a: Chansey|Chansey, F|463\/703
|-damage|p1a: Chansey|376\/703|[from] Stealth Rock
|
|-heal|p1a: Chansey|573\/703|[from] move: Wish|[wisher] Clefable
|turn|35
|
|move|p2a: Skarmory|Drill Peck|p1a: Chansey
|-damage|p1a: Chansey|405\/703
|move|p1a: Chansey|Wish|p1a: Chansey
|
|turn|36
|
|move|p2a: Skarmory|Drill Peck|p1a: Chansey
|-damage|p1a: Chansey|242\/703
|move|p1a: Chansey|Seismic Toss|p2a: Skarmory
|-damage|p2a: Skarmory|234\/334
|
|-heal|p1a: Chansey|593\/703|[from] move: Wish|[wisher] Chansey
|-heal|p2a: Skarmory|254\/334|[from] item: Leftovers
|turn|37
|
|move|p2a: Skarmory|Drill Peck|p1a: Chansey
|-damage|p1a: Chansey|443\/703
|move|p1a: Chansey|Wish|p1a: Chansey
|
|-heal|p2a: Skarmory|274\/334|[from] item: Leftovers
|turn|38
|
|move|p2a: Skarmory|Drill Peck|p1a: Chansey
|-damage|p1a: Chansey|281\/703
|move|p1a: Chansey|Seismic Toss|p2a: Skarmory
|-damage|p2a: Skarmory|174\/334
|
|-heal|p1a: Chansey|632\/703|[from] move: Wish|[wisher] Chansey
|-heal|p2a: Skarmory|194\/334|[from] item: Leftovers
|turn|39
|
|move|p2a: Skarmory|Drill Peck|p1a: Chansey
|-damage|p1a: Chansey|478\/703
|move|p1a: Chansey|Wish|p1a: Chansey
|
|-heal|p2a: Skarmory|214\/334|[from] item: Leftovers
|turn|40
|
|move|p2a: Skarmory|Drill Peck|p1a: Chansey
|-damage|p1a: Chansey|331\/703
|move|p1a: Chansey|Seismic Toss|p2a: Skarmory
|-damage|p2a: Skarmory|114\/334
|
|-heal|p1a: Chansey|682\/703|[from] move: Wish|[wisher] Chansey
|-heal|p2a: Skarmory|134\/334|[from] item: Leftovers
|turn|41
|
|move|p2a: Skarmory|Roost|p2a: Skarmory
|-heal|p2a: Skarmory|301\/334
|move|p1a: Chansey|Seismic Toss|p2a: Skarmory
|-damage|p2a: Skarmory|201\/334
|
|-heal|p2a: Skarmory|221\/334|[from] item: Leftovers
|turn|42
|
|move|p2a: Skarmory|Drill Peck|p1a: Chansey
|-damage|p1a: Chansey|522\/703
|move|p1a: Chansey|Wish|p1a: Chansey
|
|-heal|p2a: Skarmory|241\/334|[from] item: Leftovers
|turn|43
|
|switch|p1a: Heatran|Heatran, F|386\/386
|-damage|p1a: Heatran|338\/386|[from] Stealth Rock
|move|p2a: Skarmory|Whirlwind|p1a: Heatran
|drag|p1a: Clefable|Clefable, F|394\/394
|-damage|p1a: Clefable|345\/394|[from] Stealth Rock
|
|-heal|p1a: Clefable|394\/394|[from] move: Wish|[wisher] Chansey
|-heal|p2a: Skarmory|261\/334|[from] item: Leftovers
|turn|44
|c|âsaltion|i predicted that
|
|move|p2a: Skarmory|Drill Peck|p1a: Clefable
|-damage|p1a: Clefable|324\/394
|move|p1a: Clefable|Wish|p1a: Clefable
|
|-heal|p2a: Skarmory|281\/334|[from] item: Leftovers
|-heal|p1a: Clefable|348\/394|[from] item: Leftovers
|turn|45
|c|âJiaShengz|nice
|c|âsaltion|lol...jk
|
|switch|p1a: Heatran|Heatran, F|338\/386
|-damage|p1a: Heatran|290\/386|[from] Stealth Rock
|move|p2a: Skarmory|Whirlwind|p1a: Heatran
|drag|p1a: Chansey|Chansey, F|522\/703
|-damage|p1a: Chansey|435\/703|[from] Stealth Rock
|
|-heal|p1a: Chansey|632\/703|[from] move: Wish|[wisher] Clefable
|-heal|p2a: Skarmory|301\/334|[from] item: Leftovers
|turn|46
|
|move|p2a: Skarmory|Drill Peck|p1a: Chansey
|-damage|p1a: Chansey|490\/703
|move|p1a: Chansey|Wish|p1a: Chansey
|
|-heal|p2a: Skarmory|321\/334|[from] item: Leftovers
|turn|47
|
|move|p1a: Chansey|Seismic Toss|p2a: Skarmory
|-damage|p2a: Skarmory|221\/334
|move|p2a: Skarmory|Whirlwind|p1a: Chansey
|drag|p1a: Clefable|Clefable, F|348\/394
|-damage|p1a: Clefable|299\/394|[from] Stealth Rock
|
|-heal|p1a: Clefable|394\/394|[from] move: Wish|[wisher] Chansey
|-heal|p2a: Skarmory|241\/334|[from] item: Leftovers
|turn|48
|
|move|p1a: Clefable|Wish|p1a: Clefable
|move|p2a: Skarmory|Whirlwind|p1a: Clefable
|drag|p1a: Chansey|Chansey, F|490\/703
|-damage|p1a: Chansey|403\/703|[from] Stealth Rock
|
|-heal|p2a: Skarmory|261\/334|[from] item: Leftovers
|turn|49
|
|move|p1a: Chansey|Wish|p1a: Chansey
|-fail|p1a: Chansey
|move|p2a: Skarmory|Whirlwind|p1a: Chansey
|drag|p1a: Tentacruel|Tentacruel, F|102\/361
|-damage|p1a: Tentacruel|57\/361|[from] Stealth Rock
|
|-heal|p1a: Tentacruel|254\/361|[from] move: Wish|[wisher] Clefable
|-heal|p1a: Tentacruel|276\/361|[from] item: Black Sludge
|-heal|p2a: Skarmory|281\/334|[from] item: Leftovers
|turn|50
|
|move|p1a: Tentacruel|Rapid Spin|p2a: Skarmory
|-resisted|p2a: Skarmory
|-damage|p2a: Skarmory|278\/334
|-sideend|p1: JiaShengz|Stealth Rock|[from] move: Rapid Spin|[of] p1a: Tentacruel
|move|p2a: Skarmory|Drill Peck|p1a: Tentacruel
|-damage|p1a: Tentacruel|195\/361
|
|-heal|p1a: Tentacruel|217\/361|[from] item: Black Sludge
|-heal|p2a: Skarmory|298\/334|[from] item: Leftovers
|turn|51
|
|move|p1a: Tentacruel|Scald|p2a: Skarmory
|-damage|p2a: Skarmory|184\/334
|-status|p2a: Skarmory|brn
|move|p2a: Skarmory|Stealth Rock|p1a: Tentacruel
|-sidestart|p1: JiaShengz|move: Stealth Rock
|
|-heal|p1a: Tentacruel|239\/361|[from] item: Black Sludge
|-heal|p2a: Skarmory|204\/334 brn|[from] item: Leftovers
|-damage|p2a: Skarmory|163\/334 brn|[from] brn
|turn|52
|
|move|p1a: Tentacruel|Rapid Spin|p2a: Skarmory
|-resisted|p2a: Skarmory
|-damage|p2a: Skarmory|160\/334 brn
|-sideend|p1: JiaShengz|Stealth Rock|[from] move: Rapid Spin|[of] p1a: Tentacruel
|move|p2a: Skarmory|Whirlwind|p1a: Tentacruel
|drag|p1a: Chansey|Chansey, F|403\/703
|
|-heal|p2a: Skarmory|180\/334 brn|[from] item: Leftovers
|-damage|p2a: Skarmory|139\/334 brn|[from] brn
|turn|53
|
|switch|p1a: Sableye|Sableye-Mega, F|85\/304
|move|p2a: Skarmory|Stealth Rock|p1a: Sableye
|move|p1a: Sableye|Stealth Rock|p2a: Skarmory|[from]Magic Bounce
|-sidestart|p2: saltion|move: Stealth Rock
|
|-heal|p2a: Skarmory|159\/334 brn|[from] item: Leftovers
|-damage|p2a: Skarmory|118\/334 brn|[from] brn
|turn|54
|
|move|p2a: Skarmory|Roost|p2a: Skarmory
|-heal|p2a: Skarmory|285\/334 brn
|move|p1a: Sableye|Recover|p1a: Sableye
|-heal|p1a: Sableye|237\/304
|
|-heal|p2a: Skarmory|305\/334 brn|[from] item: Leftovers
|-damage|p2a: Skarmory|264\/334 brn|[from] brn
|turn|55
|
|move|p2a: Skarmory|Roost|p2a: Skarmory
|-heal|p2a: Skarmory|334\/334 brn
|move|p1a: Sableye|Knock Off|p2a: Skarmory
|-damage|p2a: Skarmory|280\/334 brn
|-enditem|p2a: Skarmory|Leftovers|[from] move: Knock Off|[of] p1a: Sableye
|
|-damage|p2a: Skarmory|239\/334 brn|[from] brn
|turn|56
|
|move|p2a: Skarmory|Roost|p2a: Skarmory
|-heal|p2a: Skarmory|334\/334 brn
|move|p1a: Sableye|Taunt|p2a: Skarmory
|-start|p2a: Skarmory|move: Taunt
|
|-damage|p2a: Skarmory|293\/334 brn|[from] brn
|turn|57
|
|switch|p2a: Tangrowth|Tangrowth, F|224\/342 psn
|-damage|p2a: Tangrowth|182\/342 psn|[from] Spikes
|-damage|p2a: Tangrowth|140\/342 psn|[from] Stealth Rock
|move|p1a: Sableye|Knock Off|p2a: Tangrowth
|-damage|p2a: Tangrowth|86\/342 psn
|
|-damage|p2a: Tangrowth|44\/342 psn|[from] psn
|turn|58
|
|move|p2a: Tangrowth|Giga Drain|p1a: Sableye
|-damage|p1a: Sableye|120\/304
|-heal|p2a: Tangrowth|103\/342 psn|[from] drain|[of] p1a: Sableye
|move|p1a: Sableye|Recover|p1a: Sableye
|-heal|p1a: Sableye|272\/304
|
|-damage|p2a: Tangrowth|61\/342 psn|[from] psn
|turn|59
|
|switch|p1a: Heatran|Heatran, F|290\/386
|move|p2a: Tangrowth|Giga Drain|p1a: Heatran
|-resisted|p1a: Heatran
|-damage|p1a: Heatran|269\/386
|-heal|p2a: Tangrowth|72\/342 psn|[from] drain|[of] p1a: Heatran
|
|-heal|p1a: Heatran|293\/386|[from] item: Leftovers
|-damage|p2a: Tangrowth|30\/342 psn|[from] psn
|turn|60
|
|move|p1a: Heatran|Lava Plume|p2a: Tangrowth
|-supereffective|p2a: Tangrowth
|-damage|p2a: Tangrowth|0 fnt
|faint|p2a: Tangrowth
|
|-heal|p1a: Heatran|317\/386|[from] item: Leftovers
|
|switch|p2a: Terrakion|Terrakion|203\/323 psn
|-damage|p2a: Terrakion|183\/323 psn|[from] Stealth Rock
|-damage|p2a: Terrakion|143\/323 psn|[from] Spikes
|turn|61
|
|switch|p1a: Clefable|Clefable, F|394\/394
|move|p2a: Terrakion|Stone Edge|p1a: Clefable
|-damage|p1a: Clefable|243\/394
|
|-heal|p1a: Clefable|267\/394|[from] item: Leftovers
|-damage|p2a: Terrakion|103\/323 psn|[from] psn
|turn|62
|
|move|p2a: Terrakion|Stone Edge|p1a: Clefable
|-damage|p1a: Clefable|120\/394
|move|p1a: Clefable|Wish|p1a: Clefable
|
|-heal|p1a: Clefable|144\/394|[from] item: Leftovers
|-damage|p2a: Terrakion|63\/323 psn|[from] psn
|turn|63
|
|move|p1a: Clefable|Protect|p1a: Clefable
|-singleturn|p1a: Clefable|Protect
|move|p2a: Terrakion|Stone Edge|p1a: Clefable
|-activate|p1a: Clefable|Protect
|
|-heal|p1a: Clefable|341\/394|[from] move: Wish|[wisher] Clefable
|-heal|p1a: Clefable|365\/394|[from] item: Leftovers
|-damage|p2a: Terrakion|23\/323 psn|[from] psn
|turn|64
|-message|saltion forfeited.
|
|win|JiaShengz
|raw|Ladder updating...
|raw|JiaShengz's rating: 1442 &rarr; <strong>1455<\/strong><br \/>(+13 for winning)
|raw|saltion's rating: 1317 &rarr; <strong>1304<\/strong><br \/>(-13 for losing)