|join|JiaShengz
|join|Nuanda
|player|p1|JiaShengz|266
|player|p2|Nuanda|101
|gametype|singles
|gen|6
|tier|OU (suspect test)
|rated
|clearpoke
|poke|p1|Chansey, F
|poke|p1|Clefable, F
|poke|p1|Sableye, F
|poke|p1|Gliscor, M
|poke|p1|Tentacruel, F
|poke|p1|Skarmory, F
|poke|p2|Diancie
|poke|p2|Reuniclus, F
|poke|p2|Clefable, F
|poke|p2|Starmie
|poke|p2|Scizor, M
|poke|p2|Dugtrio, F
|rule|Swagger Clause: Swagger is banned
|rule|Baton Pass Clause: Limit one PokÃ©mon knowing Baton Pass
|rule|Sleep Clause Mod: Limit one foe put to sleep
|rule|Species Clause: Limit one of each PokÃ©mon
|rule|OHKO Clause: OHKO moves are banned
|rule|Moody Clause: Moody is banned
|rule|Evasion Moves Clause: Evasion moves are banned
|rule|Endless Battle Clause: Forcing endless battles is banned
|rule|HP Percentage Mod: HP is shown in percentages
|teampreview
|c|âNuanda|Stall
|c|âNuanda|i hate stall teamz shit
|
|start
|switch|p1a: Gliscor|Gliscor, M|354\/354
|switch|p2a: Diancie|Diancie|241\/241
|turn|1
|
|detailschange|p2a: Diancie|Diancie-Mega
|-mega|p2a: Diancie|Diancie|Diancite
|move|p2a: Diancie|Protect|p2a: Diancie
|-singleturn|p2a: Diancie|Protect
|move|p1a: Gliscor|Earthquake|p2a: Diancie
|-activate|p2a: Diancie|Protect
|
|-status|p1a: Gliscor|tox|[from] item: Toxic Orb
|turn|2
|
|switch|p2a: Clefable|Clefable, F|394\/394
|move|p1a: Gliscor|Earthquake|p2a: Clefable
|-damage|p2a: Clefable|282\/394
|
|-heal|p2a: Clefable|306\/394|[from] item: Leftovers
|turn|3
|
|move|p1a: Gliscor|Taunt|p2a: Clefable
|-start|p2a: Clefable|move: Taunt
|cant|p2a: Clefable|move: Taunt|Calm Mind
|
|-heal|p2a: Clefable|330\/394|[from] item: Leftovers
|turn|4
|
|move|p1a: Gliscor|Knock Off|p2a: Clefable
|-resisted|p2a: Clefable
|-damage|p2a: Clefable|295\/394
|-enditem|p2a: Clefable|Leftovers|[from] move: Knock Off|[of] p1a: Gliscor
|move|p2a: Clefable|Moonblast|p1a: Gliscor
|-crit|p1a: Gliscor
|-damage|p1a: Gliscor|218\/354 tox
|
|-heal|p1a: Gliscor|262\/354 tox|[from] ability: Poison Heal
|turn|5
|
|move|p1a: Gliscor|Earthquake|p2a: Clefable
|-damage|p2a: Clefable|178\/394
|move|p2a: Clefable|Moonblast|p1a: Gliscor
|-damage|p1a: Gliscor|174\/354 tox
|
|-heal|p1a: Gliscor|218\/354 tox|[from] ability: Poison Heal
|-end|p2a: Clefable|move: Taunt
|turn|6
|
|switch|p2a: Diancie|Diancie-Mega|241\/241
|move|p1a: Gliscor|Taunt|p2a: Diancie
|move|p2a: Diancie|Taunt|p1a: Gliscor|[from]Magic Bounce
|-start|p1a: Gliscor|move: Taunt
|
|-heal|p1a: Gliscor|262\/354 tox|[from] ability: Poison Heal
|turn|7
|
|switch|p2a: Reuniclus|Reuniclus, F|424\/424
|switch|p1a: Chansey|Chansey, F|703\/703
|
|turn|8
|
|switch|p1a: Sableye|Sableye, F|304\/304
|switch|p2a: Clefable|Clefable, F|178\/394
|
|turn|9
|
|switch|p2a: Dugtrio|Dugtrio, F|211\/211
|detailschange|p1a: Sableye|Sableye-Mega, F
|-mega|p1a: Sableye|Sableye|Sablenite
|move|p1a: Sableye|Taunt|p2a: Dugtrio
|-start|p2a: Dugtrio|move: Taunt
|
|turn|10
|
|switch|p2a: Diancie|Diancie-Mega|241\/241
|move|p1a: Sableye|Knock Off|p2a: Diancie
|-resisted|p2a: Diancie
|-damage|p2a: Diancie|211\/241
|
|turn|11
|
|switch|p1a: Chansey|Chansey, F|703\/703
|move|p2a: Diancie|Diamond Storm|p1a: Chansey
|-damage|p1a: Chansey|487\/703
|-boost|p2a: Diancie|def|1
|
|turn|12
|
|switch|p2a: Scizor|Scizor, M|343\/343
|move|p1a: Chansey|Seismic Toss|p2a: Scizor
|-damage|p2a: Scizor|243\/343
|
|turn|13
|
|switch|p1a: Tentacruel|Tentacruel, F|363\/363
|move|p2a: Scizor|U-turn|p1a: Tentacruel
|-resisted|p1a: Tentacruel
|-damage|p1a: Tentacruel|262\/363
|
|switch|p2a: Dugtrio|Dugtrio, F|211\/211
|
|-heal|p1a: Tentacruel|284\/363|[from] item: Black Sludge
|turn|14
|c|âNuanda|skarmory was your best choice
|
|move|p2a: Dugtrio|Earthquake|p1a: Tentacruel
|-supereffective|p1a: Tentacruel
|-damage|p1a: Tentacruel|62\/363
|move|p1a: Tentacruel|Scald|p2a: Dugtrio
|-supereffective|p2a: Dugtrio
|-damage|p2a: Dugtrio|13\/211
|-status|p2a: Dugtrio|brn
|
|-heal|p1a: Tentacruel|84\/363|[from] item: Black Sludge
|-damage|p2a: Dugtrio|0 fnt|[from] brn
|faint|p2a: Dugtrio
|
|switch|p2a: Starmie|Starmie|261\/261
|turn|15
|
|switch|p1a: Clefable|Clefable, F|394\/394
|move|p2a: Starmie|Hydro Pump|p1a: Clefable
|-damage|p1a: Clefable|74\/394
|-damage|p2a: Starmie|235\/261|[from] item: Life Orb
|
|-heal|p1a: Clefable|98\/394|[from] item: Leftovers
|turn|16
|
|switch|p1a: Chansey|Chansey, F|487\/703
|move|p2a: Starmie|Psyshock|p1a: Chansey
|-damage|p1a: Chansey|226\/703
|-damage|p2a: Starmie|209\/261|[from] item: Life Orb
|
|turn|17
|
|switch|p2a: Scizor|Scizor, M|243\/343
|switch|p1a: Tentacruel|Tentacruel, F|84\/363
|
|-heal|p1a: Tentacruel|106\/363|[from] item: Black Sludge
|turn|18
|
|move|p1a: Tentacruel|Scald|p2a: Scizor
|-damage|p2a: Scizor|155\/343
|-status|p2a: Scizor|brn
|move|p2a: Scizor|U-turn|p1a: Tentacruel
|-resisted|p1a: Tentacruel
|-damage|p1a: Tentacruel|55\/363
|c|âNuanda|every time burn
|
|switch|p2a: Starmie|Starmie|209\/261
|
|-heal|p1a: Tentacruel|77\/363|[from] item: Black Sludge
|turn|19
|
|move|p2a: Starmie|Hydro Pump|p1a: Tentacruel
|-resisted|p1a: Tentacruel
|-damage|p1a: Tentacruel|0 fnt
|-damage|p2a: Starmie|183\/261|[from] item: Life Orb
|faint|p1a: Tentacruel
|
|
|switch|p1a: Sableye|Sableye-Mega, F|304\/304
|turn|20
|
|switch|p2a: Diancie|Diancie-Mega|211\/241
|move|p1a: Sableye|Knock Off|p2a: Diancie
|-resisted|p2a: Diancie
|-damage|p2a: Diancie|180\/241
|
|turn|21
|
|switch|p1a: Gliscor|Gliscor, M|262\/354 tox
|move|p2a: Diancie|Moonblast|p1a: Gliscor
|-damage|p1a: Gliscor|84\/354 tox
|
|-heal|p1a: Gliscor|128\/354 tox|[from] ability: Poison Heal
|turn|22
|
|move|p2a: Diancie|Moonblast|p1a: Gliscor
|-damage|p1a: Gliscor|0 fnt
|faint|p1a: Gliscor
|
|
|switch|p1a: Chansey|Chansey, F|226\/703
|turn|23
|
|move|p2a: Diancie|Diamond Storm|p1a: Chansey
|-damage|p1a: Chansey|0 fnt
|-boost|p2a: Diancie|def|1
|faint|p1a: Chansey
|
|-message|JiaShengz forfeited.
|leave|JiaShengz
|
|win|Nuanda
|raw|Ladder updating...
|player|p1
|raw|JiaShengz's rating: 1523 &rarr; <strong>1498<\/strong><br \/>(-25 for losing)
|raw|Nuanda's rating: 1440 &rarr; <strong>1465<\/strong><br \/>(+25 for winning)