|join|JiaShengz
|join|Always On Tilt
|player|p1|JiaShengz|168
|player|p2|Always On Tilt|283
|gametype|singles
|gen|6
|tier|OU (suspect test)
|rated
|clearpoke
|poke|p1|Chansey, F
|poke|p1|Clefable, F
|poke|p1|Sableye, M
|poke|p1|Heatran, F
|poke|p1|Tentacruel, F
|poke|p1|Chesnaught, F
|poke|p2|Scizor, M
|poke|p2|Mamoswine, F
|poke|p2|Bisharp, F
|poke|p2|Latios, M
|poke|p2|Landorus-Therian, M
|poke|p2|Talonflame, F
|rule|Swagger Clause: Swagger is banned
|rule|Baton Pass Clause: Limit one PokÃ©mon knowing Baton Pass
|rule|Sleep Clause Mod: Limit one foe put to sleep
|rule|Species Clause: Limit one of each PokÃ©mon
|rule|OHKO Clause: OHKO moves are banned
|rule|Moody Clause: Moody is banned
|rule|Evasion Moves Clause: Evasion moves are banned
|rule|Endless Battle Clause: Forcing endless battles is banned
|rule|HP Percentage Mod: HP is shown in percentages
|teampreview
|join|Lord Kuvira
|join|MegaStarUniverse
|c| MegaStarUniverse|oh great...
|join|the412gang
|join|Eclectic-TeaLeaf
|
|start
|switch|p1a: Sableye|Sableye, M|304\/304
|switch|p2a: Talonflame|Talonflame, F|319\/319
|turn|1
|
|detailschange|p1a: Sableye|Sableye-Mega, M
|-mega|p1a: Sableye|Sableye|Sablenite
|move|p1a: Sableye|Taunt|p2a: Talonflame
|-start|p2a: Talonflame|move: Taunt
|cant|p2a: Talonflame|move: Taunt|Swords Dance
|
|turn|2
|
|switch|p2a: Mamoswine|Mamoswine, F|361\/361
|move|p1a: Sableye|Knock Off|p2a: Mamoswine
|-damage|p2a: Mamoswine|234\/361
|-enditem|p2a: Mamoswine|Focus Sash|[from] move: Knock Off|[of] p1a: Sableye
|
|turn|3
|
|switch|p2a: Talonflame|Talonflame, F|319\/319
|move|p1a: Sableye|Knock Off|p2a: Talonflame
|-damage|p2a: Talonflame|175\/319
|-enditem|p2a: Talonflame|Sharp Beak|[from] move: Knock Off|[of] p1a: Sableye
|
|turn|4
|
|move|p2a: Talonflame|Swords Dance|p2a: Talonflame
|-boost|p2a: Talonflame|atk|2
|move|p1a: Sableye|Taunt|p2a: Talonflame
|-start|p2a: Talonflame|move: Taunt
|
|turn|5
|c| MegaStarUniverse|you got this dark :]
|
|move|p2a: Talonflame|Brave Bird|p1a: Sableye
|-damage|p1a: Sableye|94\/304
|-damage|p2a: Talonflame|106\/319|[from] recoil|[of] p1a: Sableye
|move|p1a: Sableye|Recover|p1a: Sableye
|-heal|p1a: Sableye|246\/304
|
|turn|6
|
|move|p2a: Talonflame|Brave Bird|p1a: Sableye
|-damage|p1a: Sableye|41\/304
|-damage|p2a: Talonflame|38\/319|[from] recoil|[of] p1a: Sableye
|move|p1a: Sableye|Knock Off|p2a: Talonflame
|-damage|p2a: Talonflame|0 fnt
|faint|p2a: Talonflame
|
|
|switch|p2a: Mamoswine|Mamoswine, F|234\/361
|turn|7
|
|move|p2a: Mamoswine|Earthquake|p1a: Sableye
|-damage|p1a: Sableye|0 fnt
|faint|p1a: Sableye
|
|
|switch|p1a: Chesnaught|Chesnaught, F|380\/380
|turn|8
|
|move|p2a: Mamoswine|Stealth Rock|p1a: Chesnaught
|-sidestart|p1: JiaShengz|move: Stealth Rock
|move|p1a: Chesnaught|Drain Punch|p2a: Mamoswine
|-supereffective|p2a: Mamoswine
|-damage|p2a: Mamoswine|12\/361
|
|turn|9
|
|move|p2a: Mamoswine|Endeavor|p1a: Chesnaught
|-damage|p1a: Chesnaught|12\/380
|move|p1a: Chesnaught|Drain Punch|p2a: Mamoswine
|-supereffective|p2a: Mamoswine
|-damage|p2a: Mamoswine|0 fnt
|-heal|p1a: Chesnaught|18\/380|[from] drain|[of] p2a: Mamoswine
|faint|p2a: Mamoswine
|
|-heal|p1a: Chesnaught|41\/380|[from] item: Leftovers
|c| the412gang|rekt
|
|switch|p2a: Bisharp|Bisharp, F|271\/271
|turn|10
|
|move|p1a: Chesnaught|Spiky Shield|p1a: Chesnaught
|-singleturn|p1a: Chesnaught|move: Protect
|move|p2a: Bisharp|Knock Off|p1a: Chesnaught
|-activate|p1a: Chesnaught|move: Protect
|-damage|p2a: Bisharp|238\/271|[from] Spiky Shield|[of] p1a: Chesnaught
|
|-heal|p1a: Chesnaught|64\/380|[from] item: Leftovers
|turn|11
|leave|the412gang
|join|the412gang
|
|switch|p1a: Tentacruel|Tentacruel, F|361\/361
|-damage|p1a: Tentacruel|316\/361|[from] Stealth Rock
|move|p2a: Bisharp|Iron Head|p1a: Tentacruel
|-resisted|p1a: Tentacruel
|-damage|p1a: Tentacruel|237\/361
|-damage|p2a: Bisharp|211\/271|[from] item: Life Orb
|
|-heal|p1a: Tentacruel|259\/361|[from] item: Black Sludge
|turn|12
|
|switch|p2a: Latios|Latios, M|301\/301
|move|p1a: Tentacruel|Rapid Spin|p2a: Latios
|-damage|p2a: Latios|288\/301
|-sideend|p1: JiaShengz|Stealth Rock|[from] move: Rapid Spin|[of] p1a: Tentacruel
|
|-heal|p1a: Tentacruel|281\/361|[from] item: Black Sludge
|turn|13
|
|switch|p1a: Chansey|Chansey, F|703\/703
|move|p2a: Latios|Psyshock|p1a: Chansey
|-crit|p1a: Chansey
|-damage|p1a: Chansey|313\/703
|-damage|p2a: Latios|258\/301|[from] item: Life Orb
|
|turn|14
|
|switch|p2a: Bisharp|Bisharp, F|211\/271
|move|p1a: Chansey|Soft-Boiled|p1a: Chansey
|-heal|p1a: Chansey|665\/703
|
|turn|15
|
|move|p2a: Bisharp|Swords Dance|p2a: Bisharp
|-boost|p2a: Bisharp|atk|2
|move|p1a: Chansey|Wish|p1a: Chansey
|
|turn|16
|c| MegaStarUniverse|gg
|c| MegaStarUniverse|lol
|
|move|p2a: Bisharp|Knock Off|p1a: Chansey
|-damage|p1a: Chansey|40\/703
|-enditem|p1a: Chansey|Eviolite|[from] move: Knock Off|[of] p2a: Bisharp
|-damage|p2a: Bisharp|184\/271|[from] item: Life Orb
|move|p1a: Chansey|Seismic Toss|p2a: Bisharp
|-damage|p2a: Bisharp|84\/271
|
|-heal|p1a: Chansey|391\/703|[from] move: Wish|[wisher] Chansey
|turn|17
|c| Lord Kuvira|.\/forfeit is right there
|c| MegaStarUniverse|lolool
|
|move|p2a: Bisharp|Iron Head|p1a: Chansey
|-damage|p1a: Chansey|0 fnt
|-damage|p2a: Bisharp|57\/271|[from] item: Life Orb
|faint|p1a: Chansey
|
|
|switch|p1a: Chesnaught|Chesnaught, F|64\/380
|turn|18
|
|move|p1a: Chesnaught|Spiky Shield|p1a: Chesnaught
|-singleturn|p1a: Chesnaught|move: Protect
|move|p2a: Bisharp|Iron Head|p1a: Chesnaught
|-activate|p1a: Chesnaught|move: Protect
|-damage|p2a: Bisharp|24\/271|[from] Spiky Shield|[of] p1a: Chesnaught
|
|-heal|p1a: Chesnaught|87\/380|[from] item: Leftovers
|turn|19
|
|move|p1a: Chesnaught|Spiky Shield|p1a: Chesnaught
|-fail|p1a: Chesnaught
|move|p2a: Bisharp|Knock Off|p1a: Chesnaught
|-resisted|p1a: Chesnaught
|-damage|p1a: Chesnaught|0 fnt
|-enditem|p1a: Chesnaught|Leftovers|[from] move: Knock Off|[of] p2a: Bisharp
|-damage|p2a: Bisharp|0 fnt|[from] item: Life Orb
|faint|p1a: Chesnaught
|faint|p2a: Bisharp
|
|c| MegaStarUniverse|i would had sd'ed again lol
|c| MegaStarUniverse|im too real tho
|c|âAlways On Tilt|that would have been a bad play
|c| MegaStarUniverse|and bad
|c| MegaStarUniverse|i know lol
|leave|Eclectic-TeaLeaf
|
|switch|p2a: Landorus-Therian|Landorus-Therian, M|325\/325
|switch|p1a: Clefable|Clefable, F|394\/394
|-ability|p2a: Landorus-Therian|Intimidate|[of] p1a: Clefable
|-unboost|p1a: Clefable|atk|1
|turn|20
|
|move|p2a: Landorus-Therian|Earthquake|p1a: Clefable
|-damage|p1a: Clefable|213\/394
|move|p1a: Clefable|Wish|p1a: Clefable
|
|-heal|p1a: Clefable|237\/394|[from] item: Leftovers
|turn|21
|c| MegaStarUniverse|252 def and 252 hp confirmed lol
|
|move|p2a: Landorus-Therian|Earthquake|p1a: Clefable
|-damage|p1a: Clefable|63\/394
|move|p1a: Clefable|Calm Mind|p1a: Clefable
|-boost|p1a: Clefable|spa|1
|-boost|p1a: Clefable|spd|1
|
|-heal|p1a: Clefable|260\/394|[from] move: Wish|[wisher] Clefable
|-heal|p1a: Clefable|284\/394|[from] item: Leftovers
|turn|22
|
|switch|p2a: Scizor|Scizor, M|281\/281
|move|p1a: Clefable|Wish|p1a: Clefable
|
|-heal|p1a: Clefable|308\/394|[from] item: Leftovers
|turn|23
|
|detailschange|p2a: Scizor|Scizor-Mega, M
|-mega|p2a: Scizor|Scizor|Scizorite
|move|p2a: Scizor|Bullet Punch|p1a: Clefable
|-crit|p1a: Clefable
|-supereffective|p1a: Clefable
|-damage|p1a: Clefable|0 fnt
|faint|p1a: Clefable
|
|c| MegaStarUniverse|BOP
|c| Lord Kuvira|lol
|c| the412gang|lololololol
|
|switch|p1a: Heatran|Heatran, F|386\/386
|turn|24
|
|move|p2a: Scizor|Superpower|p1a: Heatran
|-supereffective|p1a: Heatran
|-damage|p1a: Heatran|40\/386
|-unboost|p2a: Scizor|atk|1
|-unboost|p2a: Scizor|def|1
|move|p1a: Heatran|Lava Plume|p2a: Scizor
|-supereffective|p2a: Scizor
|-damage|p2a: Scizor|0 fnt
|faint|p2a: Scizor
|
|-heal|p1a: Heatran|64\/386|[from] item: Leftovers
|c| MegaStarUniverse|land the god
|c| MegaStarUniverse|lando*
|
|switch|p2a: Landorus-Therian|Landorus-Therian, M|325\/325
|-ability|p2a: Landorus-Therian|Intimidate|[of] p1a: Heatran
|-unboost|p1a: Heatran|atk|1
|turn|25
|c|âJiaShengz|gg
|-message|JiaShengz forfeited.
|
|win|Always On Tilt
|raw|Ladder updating...
|c|âAlways On Tilt|gg
|leave|JiaShengz
|player|p1
|raw|JiaShengz's rating: 1479 &rarr; <strong>1464<\/strong><br \/>(-15 for losing)
|raw|Always On Tilt's rating: 1561 &rarr; <strong>1576<\/strong><br \/>(+15 for winning)
|c| MegaStarUniverse|:]
|leave|MegaStarUniverse
|leave|Lord Kuvira
|c|âAlways On Tilt|ah