|join|FlamingVictini PB
|join|JiaShengz
|player|p1|FlamingVictini PB|99
|player|p2|JiaShengz|266
|gametype|singles
|gen|6
|tier|OU (suspect test)
|rated
|clearpoke
|poke|p1|Infernape, M
|poke|p1|Azumarill, F
|poke|p1|Lucario, F
|poke|p1|Landorus, M
|poke|p1|Thundurus, M
|poke|p1|Metagross
|poke|p2|Chansey, F
|poke|p2|Clefable, M
|poke|p2|Sableye, F
|poke|p2|Gliscor, F
|poke|p2|Tentacruel, M
|poke|p2|Skarmory, F
|rule|Swagger Clause: Swagger is banned
|rule|Baton Pass Clause: Limit one PokÃ©mon knowing Baton Pass
|rule|Sleep Clause Mod: Limit one foe put to sleep
|rule|Species Clause: Limit one of each PokÃ©mon
|rule|OHKO Clause: OHKO moves are banned
|rule|Moody Clause: Moody is banned
|rule|Evasion Moves Clause: Evasion moves are banned
|rule|Endless Battle Clause: Forcing endless battles is banned
|rule|HP Percentage Mod: HP is shown in percentages
|teampreview
|c|âFlamingVictini PB|why
|c|âFlamingVictini PB|why would you do this
|
|start
|switch|p1a: Infernape|Infernape, M|262\/262
|switch|p2a: Sableye|Sableye, F|304\/304
|turn|1
|
|detailschange|p2a: Sableye|Sableye-Mega, F
|-mega|p2a: Sableye|Sableye|Sablenite
|move|p2a: Sableye|Taunt|p1a: Infernape
|-start|p1a: Infernape|move: Taunt
|move|p1a: Infernape|Fire Blast|p2a: Sableye
|-damage|p2a: Sableye|166\/304
|
|turn|2
|
|move|p1a: Infernape|Fire Blast|p2a: Sableye
|-crit|p2a: Sableye
|-damage|p2a: Sableye|0 fnt
|faint|p2a: Sableye
|
|c|âFlamingVictini PB|ahhh
|c|âFlamingVictini PB|yummmm
|
|switch|p2a: Tentacruel|Tentacruel, M|363\/363
|turn|3
|
|move|p1a: Infernape|Fire Blast|p2a: Tentacruel
|-resisted|p2a: Tentacruel
|-damage|p2a: Tentacruel|297\/363
|-status|p2a: Tentacruel|brn
|move|p2a: Tentacruel|Scald|p1a: Infernape
|-supereffective|p1a: Infernape
|-damage|p1a: Infernape|14\/262
|
|-heal|p2a: Tentacruel|319\/363 brn|[from] item: Black Sludge
|-damage|p2a: Tentacruel|274\/363 brn|[from] brn
|-end|p1a: Infernape|move: Taunt
|turn|4
|join|LT3A Dragonuser
|
|switch|p1a: Metagross|Metagross|301\/301
|move|p2a: Tentacruel|Rapid Spin|p1a: Metagross
|-resisted|p1a: Metagross
|-damage|p1a: Metagross|299\/301
|
|-heal|p2a: Tentacruel|296\/363 brn|[from] item: Black Sludge
|-damage|p2a: Tentacruel|251\/363 brn|[from] brn
|turn|5
|join|Omegasization
|
|switch|p1a: Infernape|Infernape, M|14\/262
|switch|p2a: Skarmory|Skarmory, F|334\/334
|
|turn|6
|join|jake5
|
|move|p1a: Infernape|Stealth Rock|p2a: Skarmory
|-sidestart|p2: JiaShengz|move: Stealth Rock
|move|p2a: Skarmory|Stealth Rock|p1a: Infernape
|-sidestart|p1: FlamingVictini PB|move: Stealth Rock
|
|turn|7
|join|Alkov
|
|switch|p2a: Tentacruel|Tentacruel, M|251\/363 brn
|-damage|p2a: Tentacruel|206\/363 brn|[from] Stealth Rock
|move|p1a: Infernape|Endeavor|p2a: Tentacruel
|-damage|p2a: Tentacruel|14\/363 brn
|
|-heal|p2a: Tentacruel|36\/363 brn|[from] item: Black Sludge
|-damage|p2a: Tentacruel|0 fnt|[from] brn
|faint|p2a: Tentacruel
|join|Quartz Quadrant 3
|c|âFlamingVictini PB|who else wants to bite the dust
|join|jghljkh
|
|switch|p2a: Clefable|Clefable, M|394\/394
|-damage|p2a: Clefable|345\/394|[from] Stealth Rock
|turn|8
|c| jghljkh|ke
|
|move|p2a: Clefable|Protect|p2a: Clefable
|-singleturn|p2a: Clefable|Protect
|move|p1a: Infernape|Endeavor|p2a: Clefable
|-activate|p2a: Clefable|Protect
|
|-heal|p2a: Clefable|369\/394|[from] item: Leftovers
|turn|9
|c| jake5|lol
|
|move|p1a: Infernape|Endeavor|p2a: Clefable
|-damage|p2a: Clefable|14\/394
|move|p2a: Clefable|Wish|p2a: Clefable
|
|-heal|p2a: Clefable|38\/394|[from] item: Leftovers
|turn|10
|
|move|p2a: Clefable|Protect|p2a: Clefable
|-singleturn|p2a: Clefable|Protect
|move|p1a: Infernape|Fire Blast|p2a: Clefable
|-activate|p2a: Clefable|Protect
|
|-heal|p2a: Clefable|235\/394|[from] move: Wish|[wisher] Clefable
|-heal|p2a: Clefable|259\/394|[from] item: Leftovers
|turn|11
|
|move|p1a: Infernape|Fire Blast|p2a: Clefable
|-damage|p2a: Clefable|0 fnt
|faint|p2a: Clefable
|
|c| Alkov|lol
|c|âFlamingVictini PB|have u heard of
|c|âFlamingVictini PB|blaze?
|c| jake5|blaze too stronk
|c|âFlamingVictini PB|fucking stall
|c| Alkov|stall gone wrong
|c|âFlamingVictini PB|ape fking up stall
|c|âFlamingVictini PB|is so satisfying
|
|switch|p2a: Gliscor|Gliscor, F|354\/354
|-damage|p2a: Gliscor|310\/354|[from] Stealth Rock
|turn|12
|
|move|p1a: Infernape|Endeavor|p2a: Gliscor
|-damage|p2a: Gliscor|14\/354
|move|p2a: Gliscor|Roost|p2a: Gliscor
|-heal|p2a: Gliscor|191\/354
|
|-status|p2a: Gliscor|tox|[from] item: Toxic Orb
|turn|13
|
|move|p1a: Infernape|Fire Blast|p2a: Gliscor
|-damage|p2a: Gliscor|0 fnt
|faint|p2a: Gliscor
|
|c| Alkov|wtf is he even roosting for
|c| Omegasization|holy
|
|switch|p2a: Chansey|Chansey, F|703\/703
|-damage|p2a: Chansey|616\/703|[from] Stealth Rock
|turn|14
|c|âFlamingVictini PB|pp stall
|c|âFlamingVictini PB|my guess
|c| Alkov|his only chance is to eq kill or something
|c| Omegasization|that did alot
|c| Alkov|....
|
|move|p1a: Infernape|Endeavor|p2a: Chansey
|-damage|p2a: Chansey|14\/703
|move|p2a: Chansey|Soft-Boiled|p2a: Chansey
|-heal|p2a: Chansey|366\/703
|
|turn|15
|-message|JiaShengz forfeited.
|
|win|FlamingVictini PB
|raw|Ladder updating...
|leave|JiaShengz
|player|p2
|raw|FlamingVictini PB's rating: 1589 &rarr; <strong>1604<\/strong><br \/>(+15 for winning)
|raw|JiaShengz's rating: 1499 &rarr; <strong>1484<\/strong><br \/>(-15 for losing)
|c| Alkov|he could had sacked only 2mons to break thru it
|leave|Omegasization
|c| Alkov|he soft boils and roost
|c|âFlamingVictini PB|ikr
|leave|jake5
|c|âFlamingVictini PB|can someone
|join|jake5
|leave|Quartz Quadrant 3
|c|âFlamingVictini PB|click the replay thing on this
|c|âFlamingVictini PB|itsnot working 4 me
|join|daftmau5
|join|Quartz Quadrant 3
|leave|Quartz Quadrant 3
|c| Alkov|done