|join|JiaShengz
|join|D. Mchale
|player|p1|JiaShengz|292
|player|p2|D. Mchale|110
|gametype|singles
|gen|6
|tier|OU (suspect test)
|rated
|clearpoke
|poke|p1|Chansey, F
|poke|p1|Clefable, M
|poke|p1|Sableye, F
|poke|p1|Heatran, M
|poke|p1|Tentacruel, M
|poke|p1|Chesnaught, M
|poke|p2|Infernape, F
|poke|p2|Metagross
|poke|p2|Thundurus, M
|poke|p2|Dragonite, M
|poke|p2|Keldeo
|poke|p2|Bisharp, F
|rule|Swagger Clause: Swagger is banned
|rule|Baton Pass Clause: Limit one PokÃ©mon knowing Baton Pass
|rule|Sleep Clause Mod: Limit one foe put to sleep
|rule|Species Clause: Limit one of each PokÃ©mon
|rule|OHKO Clause: OHKO moves are banned
|rule|Moody Clause: Moody is banned
|rule|Evasion Moves Clause: Evasion moves are banned
|rule|Endless Battle Clause: Forcing endless battles is banned
|rule|HP Percentage Mod: HP is shown in percentages
|teampreview
|
|start
|switch|p1a: Tentacruel|Tentacruel, M|361\/361
|switch|p2a: Thundurus|Thundurus, M|299\/299
|turn|1
|
|switch|p1a: Chesnaught|Chesnaught, M|380\/380
|move|p2a: Thundurus|Knock Off|p1a: Chesnaught
|-resisted|p1a: Chesnaught
|-damage|p1a: Chesnaught|342\/380
|-enditem|p1a: Chesnaught|Leftovers|[from] move: Knock Off|[of] p2a: Thundurus
|-damage|p2a: Thundurus|270\/299|[from] item: Life Orb
|
|turn|2
|
|move|p2a: Thundurus|Hidden Power|p1a: Chesnaught
|-supereffective|p1a: Chesnaught
|-damage|p1a: Chesnaught|131\/380
|-damage|p2a: Thundurus|241\/299|[from] item: Life Orb
|move|p1a: Chesnaught|Spikes|p2a: Thundurus
|-sidestart|p2: D. Mchale|Spikes
|
|turn|3
|
|switch|p1a: Clefable|Clefable, M|394\/394
|move|p2a: Thundurus|Thunderbolt|p1a: Clefable
|-damage|p1a: Clefable|190\/394
|-damage|p2a: Thundurus|212\/299|[from] item: Life Orb
|
|-heal|p1a: Clefable|214\/394|[from] item: Leftovers
|turn|4
|
|move|p1a: Clefable|Protect|p1a: Clefable
|-singleturn|p1a: Clefable|Protect
|move|p2a: Thundurus|Thunderbolt|p1a: Clefable
|-activate|p1a: Clefable|Protect
|
|-heal|p1a: Clefable|238\/394|[from] item: Leftovers
|turn|5
|
|switch|p2a: Infernape|Infernape, F|293\/293
|-damage|p2a: Infernape|257\/293|[from] Spikes
|move|p1a: Clefable|Wish|p1a: Clefable
|
|-heal|p1a: Clefable|262\/394|[from] item: Leftovers
|turn|6
|
|switch|p1a: Sableye|Sableye, F|304\/304
|move|p2a: Infernape|Stealth Rock|p1a: Sableye
|-sidestart|p1: JiaShengz|move: Stealth Rock
|
|turn|7
|
|switch|p2a: Keldeo|Keldeo|323\/323
|-damage|p2a: Keldeo|283\/323|[from] Spikes
|detailschange|p1a: Sableye|Sableye-Mega, F
|-mega|p1a: Sableye|Sableye|Sablenite
|move|p1a: Sableye|Knock Off|p2a: Keldeo
|-resisted|p2a: Keldeo
|-damage|p2a: Keldeo|231\/323
|-boost|p2a: Keldeo|atk|1|[from] ability: Justified
|-enditem|p2a: Keldeo|Choice Specs|[from] move: Knock Off|[of] p1a: Sableye
|
|turn|8
|
|switch|p1a: Tentacruel|Tentacruel, M|361\/361
|-damage|p1a: Tentacruel|316\/361|[from] Stealth Rock
|move|p2a: Keldeo|Scald|p1a: Tentacruel
|-resisted|p1a: Tentacruel
|-damage|p1a: Tentacruel|258\/361
|
|-heal|p1a: Tentacruel|280\/361|[from] item: Black Sludge
|turn|9
|
|switch|p2a: Dragonite|Dragonite, M|323\/323
|move|p1a: Tentacruel|Rapid Spin|p2a: Dragonite
|-damage|p2a: Dragonite|317\/323
|-sideend|p1: JiaShengz|Stealth Rock|[from] move: Rapid Spin|[of] p1a: Tentacruel
|
|-heal|p1a: Tentacruel|302\/361|[from] item: Black Sludge
|turn|10
|
|switch|p1a: Clefable|Clefable, M|262\/394
|move|p2a: Dragonite|Earthquake|p1a: Clefable
|-damage|p1a: Clefable|86\/394
|
|-heal|p1a: Clefable|110\/394|[from] item: Leftovers
|turn|11
|
|move|p1a: Clefable|Protect|p1a: Clefable
|-singleturn|p1a: Clefable|Protect
|move|p2a: Dragonite|Earthquake|p1a: Clefable
|-activate|p1a: Clefable|Protect
|
|-heal|p1a: Clefable|134\/394|[from] item: Leftovers
|turn|12
|
|switch|p1a: Chansey|Chansey, F|703\/703
|move|p2a: Dragonite|Earthquake|p1a: Chansey
|-damage|p1a: Chansey|442\/703
|
|turn|13
|
|switch|p2a: Thundurus|Thundurus, M|212\/299
|move|p1a: Chansey|Wish|p1a: Chansey
|
|turn|14
|
|switch|p1a: Chesnaught|Chesnaught, M|131\/380
|move|p2a: Thundurus|Thunderbolt|p1a: Chesnaught
|-resisted|p1a: Chesnaught
|-damage|p1a: Chesnaught|13\/380
|-status|p1a: Chesnaught|par
|-damage|p2a: Thundurus|183\/299|[from] item: Life Orb
|
|-heal|p1a: Chesnaught|364\/380 par|[from] move: Wish|[wisher] Chansey
|turn|15
|
|move|p2a: Thundurus|Hidden Power|p1a: Chesnaught
|-supereffective|p1a: Chesnaught
|-damage|p1a: Chesnaught|156\/380 par
|-damage|p2a: Thundurus|154\/299|[from] item: Life Orb
|move|p1a: Chesnaught|Spikes|p2a: Thundurus
|-sidestart|p2: D. Mchale|Spikes
|
|turn|16
|
|switch|p1a: Chansey|Chansey, F|442\/703
|move|p2a: Thundurus|Thunderbolt|p1a: Chansey
|-damage|p1a: Chansey|321\/703
|-damage|p2a: Thundurus|125\/299|[from] item: Life Orb
|
|turn|17
|
|switch|p1a: Sableye|Sableye-Mega, F|304\/304
|move|p2a: Thundurus|Superpower|p1a: Sableye
|-immune|p1a: Sableye|[msg]
|
|turn|18
|
|move|p2a: Thundurus|Thunderbolt|p1a: Sableye
|-damage|p1a: Sableye|144\/304
|-damage|p2a: Thundurus|96\/299|[from] item: Life Orb
|move|p1a: Sableye|Recover|p1a: Sableye
|-heal|p1a: Sableye|296\/304
|
|turn|19
|
|move|p2a: Thundurus|Thunderbolt|p1a: Sableye
|-damage|p1a: Sableye|127\/304
|-damage|p2a: Thundurus|67\/299|[from] item: Life Orb
|move|p1a: Sableye|Will-O-Wisp|p2a: Thundurus
|-status|p2a: Thundurus|brn
|
|-damage|p2a: Thundurus|30\/299 brn|[from] brn
|turn|20
|
|move|p2a: Thundurus|Thunderbolt|p1a: Sableye
|-damage|p1a: Sableye|0 fnt
|-damage|p2a: Thundurus|1\/299 brn|[from] item: Life Orb
|faint|p1a: Sableye
|
|-damage|p2a: Thundurus|0 fnt|[from] brn
|faint|p2a: Thundurus
|
|switch|p2a: Bisharp|Bisharp, F|289\/289
|switch|p1a: Tentacruel|Tentacruel, M|302\/361
|-damage|p2a: Bisharp|241\/289|[from] Spikes
|turn|21
|
|switch|p2a: Infernape|Infernape, F|257\/293
|-damage|p2a: Infernape|209\/293|[from] Spikes
|move|p1a: Tentacruel|Scald|p2a: Infernape
|-supereffective|p2a: Infernape
|-damage|p2a: Infernape|0 fnt
|faint|p2a: Infernape
|
|-heal|p1a: Tentacruel|324\/361|[from] item: Black Sludge
|
|switch|p2a: Dragonite|Dragonite, M|317\/323
|turn|22
|
|switch|p1a: Chesnaught|Chesnaught, M|156\/380 par
|move|p2a: Dragonite|Earthquake|p1a: Chesnaught
|-resisted|p1a: Chesnaught
|-damage|p1a: Chesnaught|91\/380 par
|
|turn|23
|
|move|p2a: Dragonite|Earthquake|p1a: Chesnaught
|-resisted|p1a: Chesnaught
|-damage|p1a: Chesnaught|30\/380 par
|move|p1a: Chesnaught|Leech Seed|p2a: Dragonite|[miss]
|-miss|p1a: Chesnaught|p2a: Dragonite
|
|turn|24
|
|move|p2a: Dragonite|Earthquake|p1a: Chesnaught
|-resisted|p1a: Chesnaught
|-damage|p1a: Chesnaught|0 fnt
|faint|p1a: Chesnaught
|
|
|switch|p1a: Chansey|Chansey, F|321\/703
|turn|25
|
|switch|p2a: Bisharp|Bisharp, F|241\/289
|-damage|p2a: Bisharp|193\/289|[from] Spikes
|move|p1a: Chansey|Soft-Boiled|p1a: Chansey
|-heal|p1a: Chansey|673\/703
|
|turn|26
|
|move|p2a: Bisharp|Knock Off|p1a: Chansey
|-damage|p1a: Chansey|388\/703
|-enditem|p1a: Chansey|Eviolite|[from] move: Knock Off|[of] p2a: Bisharp
|-damage|p2a: Bisharp|165\/289|[from] item: Life Orb
|move|p1a: Chansey|Wish|p1a: Chansey
|
|turn|27
|
|move|p2a: Bisharp|Iron Head|p1a: Chansey
|-damage|p1a: Chansey|36\/703
|-damage|p2a: Bisharp|137\/289|[from] item: Life Orb
|move|p1a: Chansey|Seismic Toss|p2a: Bisharp
|-damage|p2a: Bisharp|37\/289
|
|-heal|p1a: Chansey|387\/703|[from] move: Wish|[wisher] Chansey
|turn|28
|
|move|p2a: Bisharp|Low Kick|p1a: Chansey
|-supereffective|p1a: Chansey
|-damage|p1a: Chansey|46\/703
|-damage|p2a: Bisharp|9\/289|[from] item: Life Orb
|move|p1a: Chansey|Soft-Boiled|p1a: Chansey
|-heal|p1a: Chansey|398\/703
|
|turn|29
|
|move|p2a: Bisharp|Iron Head|p1a: Chansey
|-damage|p1a: Chansey|18\/703
|-damage|p2a: Bisharp|0 fnt|[from] item: Life Orb
|faint|p2a: Bisharp
|move|p1a: Chansey|Soft-Boiled|p1a: Chansey
|-heal|p1a: Chansey|370\/703
|
|
|switch|p2a: Keldeo|Keldeo|231\/323
|-damage|p2a: Keldeo|178\/323|[from] Spikes
|turn|30
|
|switch|p1a: Tentacruel|Tentacruel, M|324\/361
|move|p2a: Keldeo|Secret Sword|p1a: Tentacruel
|-resisted|p1a: Tentacruel
|-damage|p1a: Tentacruel|247\/361
|
|-heal|p1a: Tentacruel|269\/361|[from] item: Black Sludge
|turn|31
|
|move|p2a: Keldeo|Secret Sword|p1a: Tentacruel
|-resisted|p1a: Tentacruel
|-damage|p1a: Tentacruel|201\/361
|move|p1a: Tentacruel|Scald|p2a: Keldeo
|-resisted|p2a: Keldeo
|-damage|p2a: Keldeo|133\/323
|
|-heal|p1a: Tentacruel|223\/361|[from] item: Black Sludge
|turn|32
|
|move|p2a: Keldeo|Secret Sword|p1a: Tentacruel
|-resisted|p1a: Tentacruel
|-damage|p1a: Tentacruel|151\/361
|move|p1a: Tentacruel|Scald|p2a: Keldeo
|-crit|p2a: Keldeo
|-resisted|p2a: Keldeo
|-damage|p2a: Keldeo|64\/323
|-status|p2a: Keldeo|brn
|
|-heal|p1a: Tentacruel|173\/361|[from] item: Black Sludge
|-damage|p2a: Keldeo|24\/323 brn|[from] brn
|turn|33
|
|move|p2a: Keldeo|Secret Sword|p1a: Tentacruel
|-resisted|p1a: Tentacruel
|-damage|p1a: Tentacruel|100\/361
|move|p1a: Tentacruel|Scald|p2a: Keldeo
|-resisted|p2a: Keldeo
|-damage|p2a: Keldeo|0 fnt
|faint|p2a: Keldeo
|
|-heal|p1a: Tentacruel|122\/361|[from] item: Black Sludge
|
|switch|p2a: Dragonite|Dragonite, M|317\/323
|turn|34
|
|move|p2a: Dragonite|Earthquake|p1a: Tentacruel
|-supereffective|p1a: Tentacruel
|-damage|p1a: Tentacruel|0 fnt
|faint|p1a: Tentacruel
|
|
|switch|p1a: Clefable|Clefable, M|134\/394
|turn|35
|
|move|p1a: Clefable|Protect|p1a: Clefable
|-singleturn|p1a: Clefable|Protect
|move|p2a: Dragonite|Earthquake|p1a: Clefable
|-activate|p1a: Clefable|Protect
|
|-heal|p1a: Clefable|158\/394|[from] item: Leftovers
|turn|36
|
|move|p1a: Clefable|Protect|p1a: Clefable
|-fail|p1a: Clefable
|move|p2a: Dragonite|Earthquake|p1a: Clefable
|-damage|p1a: Clefable|0 fnt
|faint|p1a: Clefable
|
|
|switch|p1a: Chansey|Chansey, F|370\/703
|turn|37
|
|switch|p2a: Metagross|Metagross|301\/301
|-damage|p2a: Metagross|251\/301|[from] Spikes
|move|p1a: Chansey|Soft-Boiled|p1a: Chansey
|-heal|p1a: Chansey|703\/703
|
|turn|38
|
|switch|p1a: Heatran|Heatran, M|386\/386
|detailschange|p2a: Metagross|Metagross-Mega
|-mega|p2a: Metagross|Metagross|Metagrossite
|move|p2a: Metagross|Meteor Mash|p1a: Heatran
|-resisted|p1a: Heatran
|-damage|p1a: Heatran|332\/386
|
|-heal|p1a: Heatran|356\/386|[from] item: Leftovers
|turn|39
|
|move|p2a: Metagross|Thunder Punch|p1a: Heatran
|-damage|p1a: Heatran|225\/386
|move|p1a: Heatran|Lava Plume|p2a: Metagross
|-crit|p2a: Metagross
|-supereffective|p2a: Metagross
|-damage|p2a: Metagross|0 fnt
|faint|p2a: Metagross
|
|-heal|p1a: Heatran|249\/386|[from] item: Leftovers
|
|switch|p2a: Dragonite|Dragonite, M|317\/323
|turn|40
|
|move|p2a: Dragonite|Outrage|p1a: Heatran
|-resisted|p1a: Heatran
|-damage|p1a: Heatran|91\/386
|move|p1a: Heatran|Toxic|p2a: Dragonite|[miss]
|-miss|p1a: Heatran|p2a: Dragonite
|
|-heal|p1a: Heatran|115\/386|[from] item: Leftovers
|turn|41
|
|move|p2a: Dragonite|Outrage|p1a: Heatran
|-resisted|p1a: Heatran
|-damage|p1a: Heatran|0 fnt
|faint|p1a: Heatran
|
|
|switch|p1a: Chansey|Chansey, F|703\/703
|turn|42
|
|move|p2a: Dragonite|Outrage|p1a: Chansey
|-damage|p1a: Chansey|0 fnt
|faint|p1a: Chansey
|
|win|D. Mchale
|raw|Ladder updating...
|raw|JiaShengz's rating: 1199 &rarr; <strong>1176<\/strong><br \/>(-23 for losing)
|raw|D. Mchale's rating: 1222 &rarr; <strong>1246<\/strong><br \/>(+24 for winning)
|leave|JiaShengz
|player|p1