|join|Mamadouap
|join|JiaShengz
|player|p1|Mamadouap|2
|player|p2|JiaShengz|266
|gametype|singles
|gen|6
|tier|OU (suspect test)
|rated
|clearpoke
|poke|p1|Metagross
|poke|p1|Keldeo
|poke|p1|Ferrothorn, M
|poke|p1|Thundurus, M
|poke|p1|Landorus-Therian, M
|poke|p1|Latias, F
|poke|p2|Chansey, F
|poke|p2|Clefable, F
|poke|p2|Sableye, M
|poke|p2|Gliscor, F
|poke|p2|Tentacruel, M
|poke|p2|Skarmory, F
|rule|Swagger Clause: Swagger is banned
|rule|Baton Pass Clause: Limit one PokÃ©mon knowing Baton Pass
|rule|Sleep Clause Mod: Limit one foe put to sleep
|rule|Species Clause: Limit one of each PokÃ©mon
|rule|OHKO Clause: OHKO moves are banned
|rule|Moody Clause: Moody is banned
|rule|Evasion Moves Clause: Evasion moves are banned
|rule|Endless Battle Clause: Forcing endless battles is banned
|rule|HP Percentage Mod: HP is shown in percentages
|teampreview
|
|start
|switch|p1a: Landorus-Therian|Landorus-Therian, M|319\/319
|switch|p2a: Sableye|Sableye, M|304\/304
|-ability|p1a: Landorus-Therian|Intimidate|[of] p2a: Sableye
|-unboost|p2a: Sableye|atk|1
|turn|1
|
|detailschange|p2a: Sableye|Sableye-Mega, M
|-mega|p2a: Sableye|Sableye|Sablenite
|move|p2a: Sableye|Will-O-Wisp|p1a: Landorus-Therian
|-status|p1a: Landorus-Therian|brn
|move|p1a: Landorus-Therian|U-turn|p2a: Sableye
|-damage|p2a: Sableye|275\/304
|
|switch|p1a: Thundurus|Thundurus, M|299\/299
|
|turn|2
|
|move|p1a: Thundurus|Substitute|p1a: Thundurus
|-start|p1a: Thundurus|Substitute
|-damage|p1a: Thundurus|225\/299
|move|p2a: Sableye|Knock Off|p1a: Thundurus
|-end|p1a: Thundurus|Substitute
|
|turn|3
|
|move|p1a: Thundurus|Nasty Plot|p1a: Thundurus
|-boost|p1a: Thundurus|spa|2
|move|p2a: Sableye|Knock Off|p1a: Thundurus
|-damage|p1a: Thundurus|138\/299
|-enditem|p1a: Thundurus|Lum Berry|[from] move: Knock Off|[of] p2a: Sableye
|
|turn|4
|
|switch|p2a: Chansey|Chansey, F|703\/703
|move|p1a: Thundurus|Thunderbolt|p2a: Chansey
|-damage|p2a: Chansey|513\/703
|
|turn|5
|
|switch|p1a: Ferrothorn|Ferrothorn, M|352\/352
|move|p2a: Chansey|Wish|p2a: Chansey
|
|turn|6
|
|switch|p2a: Sableye|Sableye-Mega, M|275\/304
|move|p1a: Ferrothorn|Leech Seed|p2a: Sableye
|move|p2a: Sableye|Leech Seed|p1a: Ferrothorn|[from]Magic Bounce
|-immune|p1a: Ferrothorn|[msg]
|
|-heal|p2a: Sableye|304\/304|[from] move: Wish|[wisher] Chansey
|turn|7
|
|switch|p1a: Keldeo|Keldeo|323\/323
|move|p2a: Sableye|Will-O-Wisp|p1a: Keldeo
|-status|p1a: Keldeo|brn
|
|-damage|p1a: Keldeo|283\/323 brn|[from] brn
|turn|8
|
|switch|p2a: Tentacruel|Tentacruel, M|363\/363
|move|p1a: Keldeo|Calm Mind|p1a: Keldeo
|-boost|p1a: Keldeo|spa|1
|-boost|p1a: Keldeo|spd|1
|
|-heal|p1a: Keldeo|303\/323 brn|[from] item: Leftovers
|-damage|p1a: Keldeo|263\/323 brn|[from] brn
|turn|9
|
|move|p1a: Keldeo|Scald|p2a: Tentacruel
|-resisted|p2a: Tentacruel
|-damage|p2a: Tentacruel|265\/363
|move|p2a: Tentacruel|Acid Spray|p1a: Keldeo
|-damage|p1a: Keldeo|235\/323 brn
|-unboost|p1a: Keldeo|spd|2
|
|-heal|p1a: Keldeo|255\/323 brn|[from] item: Leftovers
|-heal|p2a: Tentacruel|287\/363|[from] item: Black Sludge
|-damage|p1a: Keldeo|215\/323 brn|[from] brn
|turn|10
|
|switch|p1a: Metagross|Metagross|301\/301
|move|p2a: Tentacruel|Scald|p1a: Metagross
|-crit|p1a: Metagross
|-damage|p1a: Metagross|177\/301
|-status|p1a: Metagross|brn
|
|-heal|p2a: Tentacruel|309\/363|[from] item: Black Sludge
|-damage|p1a: Metagross|140\/301 brn|[from] brn
|turn|11
|
|switch|p2a: Sableye|Sableye-Mega, M|304\/304
|detailschange|p1a: Metagross|Metagross-Mega
|-mega|p1a: Metagross|Metagross|Metagrossite
|move|p1a: Metagross|Earthquake|p2a: Sableye
|-damage|p2a: Sableye|267\/304
|
|-damage|p1a: Metagross|103\/301 brn|[from] brn
|turn|12
|
|switch|p1a: Thundurus|Thundurus, M|138\/299
|move|p2a: Sableye|Taunt|p1a: Thundurus
|-start|p1a: Thundurus|move: Taunt
|
|turn|13
|
|switch|p2a: Chansey|Chansey, F|513\/703
|move|p1a: Thundurus|Thunderbolt|p2a: Chansey
|-damage|p2a: Chansey|405\/703
|
|turn|14
|
|switch|p1a: Landorus-Therian|Landorus-Therian, M|319\/319 brn
|-ability|p1a: Landorus-Therian|Intimidate|[of] p2a: Chansey
|-unboost|p2a: Chansey|atk|1
|move|p2a: Chansey|Soft-Boiled|p2a: Chansey
|-heal|p2a: Chansey|703\/703
|
|-damage|p1a: Landorus-Therian|280\/319 brn|[from] brn
|turn|15
|
|switch|p2a: Sableye|Sableye-Mega, M|267\/304
|move|p1a: Landorus-Therian|U-turn|p2a: Sableye
|-damage|p2a: Sableye|236\/304
|
|switch|p1a: Keldeo|Keldeo|215\/323 brn
|
|-heal|p1a: Keldeo|235\/323 brn|[from] item: Leftovers
|-damage|p1a: Keldeo|195\/323 brn|[from] brn
|turn|16
|
|switch|p2a: Chansey|Chansey, F|703\/703
|move|p1a: Keldeo|Calm Mind|p1a: Keldeo
|-boost|p1a: Keldeo|spa|1
|-boost|p1a: Keldeo|spd|1
|
|-heal|p1a: Keldeo|215\/323 brn|[from] item: Leftovers
|-damage|p1a: Keldeo|175\/323 brn|[from] brn
|turn|17
|
|switch|p2a: Clefable|Clefable, F|394\/394
|move|p1a: Keldeo|Calm Mind|p1a: Keldeo
|-boost|p1a: Keldeo|spa|1
|-boost|p1a: Keldeo|spd|1
|
|-heal|p1a: Keldeo|195\/323 brn|[from] item: Leftovers
|-damage|p1a: Keldeo|155\/323 brn|[from] brn
|turn|18
|
|move|p2a: Clefable|Protect|p2a: Clefable
|-singleturn|p2a: Clefable|Protect
|move|p1a: Keldeo|Scald|p2a: Clefable
|-activate|p2a: Clefable|Protect
|
|-heal|p1a: Keldeo|175\/323 brn|[from] item: Leftovers
|-damage|p1a: Keldeo|135\/323 brn|[from] brn
|turn|19
|
|move|p1a: Keldeo|Scald|p2a: Clefable
|-damage|p2a: Clefable|250\/394
|move|p2a: Clefable|Wish|p2a: Clefable
|
|-heal|p1a: Keldeo|155\/323 brn|[from] item: Leftovers
|-heal|p2a: Clefable|274\/394|[from] item: Leftovers
|-damage|p1a: Keldeo|115\/323 brn|[from] brn
|turn|20
|
|switch|p1a: Landorus-Therian|Landorus-Therian, M|280\/319 brn
|-ability|p1a: Landorus-Therian|Intimidate|[of] p2a: Clefable
|-unboost|p2a: Clefable|atk|1
|move|p2a: Clefable|Calm Mind|p2a: Clefable
|-boost|p2a: Clefable|spa|1
|-boost|p2a: Clefable|spd|1
|
|-heal|p2a: Clefable|394\/394|[from] move: Wish|[wisher] Clefable
|-damage|p1a: Landorus-Therian|241\/319 brn|[from] brn
|turn|21
|
|switch|p2a: Sableye|Sableye-Mega, M|236\/304
|move|p1a: Landorus-Therian|U-turn|p2a: Sableye
|-damage|p2a: Sableye|208\/304
|
|switch|p1a: Latias|Latias, F|319\/319
|
|turn|22
|
|switch|p2a: Tentacruel|Tentacruel, M|309\/363
|move|p1a: Latias|Draco Meteor|p2a: Tentacruel
|-crit|p2a: Tentacruel
|-damage|p2a: Tentacruel|11\/363
|-unboost|p1a: Latias|spa|2
|-damage|p1a: Latias|288\/319|[from] item: Life Orb
|
|-heal|p2a: Tentacruel|33\/363|[from] item: Black Sludge
|turn|23
|
|move|p1a: Latias|Psyshock|p2a: Tentacruel
|-supereffective|p2a: Tentacruel
|-damage|p2a: Tentacruel|0 fnt
|-damage|p1a: Latias|257\/319|[from] item: Life Orb
|faint|p2a: Tentacruel
|
|
|switch|p2a: Skarmory|Skarmory, F|334\/334
|turn|24
|
|switch|p1a: Thundurus|Thundurus, M|138\/299
|move|p2a: Skarmory|Stealth Rock|p1a: Thundurus
|-sidestart|p1: Mamadouap|move: Stealth Rock
|
|turn|25
|
|switch|p2a: Gliscor|Gliscor, F|354\/354
|move|p1a: Thundurus|Nasty Plot|p1a: Thundurus
|-boost|p1a: Thundurus|spa|2
|
|-status|p2a: Gliscor|tox|[from] item: Toxic Orb
|turn|26
|
|switch|p2a: Chansey|Chansey, F|703\/703
|move|p1a: Thundurus|Hidden Power|p2a: Chansey
|-damage|p2a: Chansey|608\/703
|
|turn|27
|
|move|p1a: Thundurus|Nasty Plot|p1a: Thundurus
|-boost|p1a: Thundurus|spa|2
|move|p2a: Chansey|Seismic Toss|p1a: Thundurus
|-damage|p1a: Thundurus|38\/299
|
|turn|28
|
|switch|p2a: Clefable|Clefable, F|394\/394
|move|p1a: Thundurus|Thunderbolt|p2a: Clefable
|-damage|p2a: Clefable|220\/394
|-status|p2a: Clefable|par
|
|-heal|p2a: Clefable|244\/394 par|[from] item: Leftovers
|turn|29
|
|switch|p2a: Chansey|Chansey, F|608\/703
|move|p1a: Thundurus|Thunderbolt|p2a: Chansey
|-damage|p2a: Chansey|292\/703
|
|turn|30
|
|switch|p2a: Sableye|Sableye-Mega, M|208\/304
|move|p1a: Thundurus|Hidden Power|p2a: Sableye
|-damage|p2a: Sableye|27\/304
|
|turn|31
|
|move|p1a: Thundurus|Hidden Power|p2a: Sableye
|-damage|p2a: Sableye|0 fnt
|faint|p2a: Sableye
|
|
|switch|p2a: Clefable|Clefable, F|244\/394 par
|turn|32
|
|move|p1a: Thundurus|Thunderbolt|p2a: Clefable
|-damage|p2a: Clefable|73\/394 par
|move|p2a: Clefable|Moonblast|p1a: Thundurus
|-damage|p1a: Thundurus|0 fnt
|faint|p1a: Thundurus
|
|-heal|p2a: Clefable|97\/394 par|[from] item: Leftovers
|
|switch|p1a: Landorus-Therian|Landorus-Therian, M|241\/319 brn
|-damage|p1a: Landorus-Therian|202\/319 brn|[from] Stealth Rock
|-ability|p1a: Landorus-Therian|Intimidate|[of] p2a: Clefable
|-unboost|p2a: Clefable|atk|1
|turn|33
|
|switch|p2a: Skarmory|Skarmory, F|334\/334
|move|p1a: Landorus-Therian|U-turn|p2a: Skarmory
|-resisted|p2a: Skarmory
|-damage|p2a: Skarmory|328\/334
|
|switch|p1a: Ferrothorn|Ferrothorn, M|352\/352
|-damage|p1a: Ferrothorn|330\/352|[from] Stealth Rock
|
|turn|34
|
|move|p2a: Skarmory|Spikes|p1a: Ferrothorn
|-sidestart|p1: Mamadouap|Spikes
|move|p1a: Ferrothorn|Leech Seed|p2a: Skarmory
|-start|p2a: Skarmory|move: Leech Seed
|
|-damage|p2a: Skarmory|287\/334|[from] Leech Seed|[of] p1a: Ferrothorn
|-heal|p1a: Ferrothorn|352\/352|[silent]
|turn|35
|
|switch|p2a: Gliscor|Gliscor, F|354\/354 tox
|move|p1a: Ferrothorn|Stealth Rock|p2a: Gliscor
|-sidestart|p2: JiaShengz|move: Stealth Rock
|
|turn|36
|
|move|p2a: Gliscor|Knock Off|p1a: Ferrothorn
|-damage|p1a: Ferrothorn|304\/352
|-damage|p2a: Gliscor|310\/354 tox|[from] ability: Iron Barbs|[of] p1a: Ferrothorn
|-enditem|p1a: Ferrothorn|Shed Shell|[from] move: Knock Off|[of] p2a: Gliscor
|move|p1a: Ferrothorn|Power Whip|p2a: Gliscor
|-damage|p2a: Gliscor|205\/354 tox
|
|-heal|p2a: Gliscor|249\/354 tox|[from] ability: Poison Heal
|turn|37
|
|move|p2a: Gliscor|Taunt|p1a: Ferrothorn
|-start|p1a: Ferrothorn|move: Taunt
|cant|p1a: Ferrothorn|move: Taunt|Leech Seed
|
|-heal|p2a: Gliscor|293\/354 tox|[from] ability: Poison Heal
|turn|38
|
|move|p2a: Gliscor|Earthquake|p1a: Ferrothorn
|-damage|p1a: Ferrothorn|223\/352
|move|p1a: Ferrothorn|Power Whip|p2a: Gliscor
|-damage|p2a: Gliscor|184\/354 tox
|
|-heal|p2a: Gliscor|228\/354 tox|[from] ability: Poison Heal
|turn|39
|
|switch|p2a: Skarmory|Skarmory, F|287\/334
|-damage|p2a: Skarmory|246\/334|[from] Stealth Rock
|switch|p1a: Landorus-Therian|Landorus-Therian, M|202\/319 brn
|-damage|p1a: Landorus-Therian|163\/319 brn|[from] Stealth Rock
|-ability|p1a: Landorus-Therian|Intimidate|[of] p2a: Skarmory
|-unboost|p2a: Skarmory|atk|1
|
|-damage|p1a: Landorus-Therian|124\/319 brn|[from] brn
|turn|40
|
|move|p1a: Landorus-Therian|U-turn|p2a: Skarmory
|-crit|p2a: Skarmory
|-resisted|p2a: Skarmory
|-damage|p2a: Skarmory|236\/334
|
|switch|p1a: Ferrothorn|Ferrothorn, M|223\/352
|-damage|p1a: Ferrothorn|179\/352|[from] Spikes
|-damage|p1a: Ferrothorn|157\/352|[from] Stealth Rock
|move|p2a: Skarmory|Whirlwind|p1a: Ferrothorn
|drag|p1a: Latias|Latias, F|257\/319
|-damage|p1a: Latias|218\/319|[from] Stealth Rock
|
|turn|41
|
|move|p1a: Latias|Hidden Power|p2a: Skarmory
|-supereffective|p2a: Skarmory
|-damage|p2a: Skarmory|10\/334
|-damage|p1a: Latias|187\/319|[from] item: Life Orb
|move|p2a: Skarmory|Roost|p2a: Skarmory
|-heal|p2a: Skarmory|177\/334
|
|turn|42
|
|switch|p2a: Gliscor|Gliscor, F|228\/354 tox
|-damage|p2a: Gliscor|184\/354 tox|[from] Stealth Rock
|move|p1a: Latias|Hidden Power|p2a: Gliscor
|-damage|p2a: Gliscor|115\/354 tox
|-damage|p1a: Latias|156\/319|[from] item: Life Orb
|
|-heal|p2a: Gliscor|159\/354 tox|[from] ability: Poison Heal
|turn|43
|
|switch|p2a: Clefable|Clefable, F|97\/394 par
|-damage|p2a: Clefable|48\/394 par|[from] Stealth Rock
|move|p1a: Latias|Draco Meteor|p2a: Clefable
|-immune|p2a: Clefable|[msg]
|
|-heal|p2a: Clefable|72\/394 par|[from] item: Leftovers
|turn|44
|
|move|p2a: Clefable|Protect|p2a: Clefable
|-singleturn|p2a: Clefable|Protect
|move|p1a: Latias|Psyshock|p2a: Clefable
|-activate|p2a: Clefable|Protect
|
|-heal|p2a: Clefable|96\/394 par|[from] item: Leftovers
|turn|45
|
|move|p1a: Latias|Hidden Power|p2a: Clefable
|-damage|p2a: Clefable|8\/394 par
|-damage|p1a: Latias|125\/319|[from] item: Life Orb
|move|p2a: Clefable|Moonblast|p1a: Latias
|-supereffective|p1a: Latias
|-damage|p1a: Latias|0 fnt
|faint|p1a: Latias
|
|-heal|p2a: Clefable|32\/394 par|[from] item: Leftovers
|
|switch|p1a: Landorus-Therian|Landorus-Therian, M|124\/319 brn
|-damage|p1a: Landorus-Therian|85\/319 brn|[from] Stealth Rock
|-ability|p1a: Landorus-Therian|Intimidate|[of] p2a: Clefable
|-unboost|p2a: Clefable|atk|1
|turn|46
|
|move|p2a: Clefable|Protect|p2a: Clefable
|-singleturn|p2a: Clefable|Protect
|move|p1a: Landorus-Therian|Hidden Power|p2a: Clefable
|-activate|p2a: Clefable|Protect
|
|-heal|p2a: Clefable|56\/394 par|[from] item: Leftovers
|-damage|p1a: Landorus-Therian|46\/319 brn|[from] brn
|turn|47
|
|switch|p1a: Ferrothorn|Ferrothorn, M|157\/352
|-damage|p1a: Ferrothorn|113\/352|[from] Spikes
|-damage|p1a: Ferrothorn|91\/352|[from] Stealth Rock
|move|p2a: Clefable|Wish|p2a: Clefable
|
|-heal|p2a: Clefable|80\/394 par|[from] item: Leftovers
|turn|48
|
|switch|p2a: Gliscor|Gliscor, F|159\/354 tox
|-damage|p2a: Gliscor|115\/354 tox|[from] Stealth Rock
|move|p1a: Ferrothorn|Leech Seed|p2a: Gliscor
|-start|p2a: Gliscor|move: Leech Seed
|
|-heal|p2a: Gliscor|312\/354 tox|[from] move: Wish|[wisher] Clefable
|-damage|p2a: Gliscor|268\/354 tox|[from] Leech Seed|[of] p1a: Ferrothorn
|-heal|p1a: Ferrothorn|135\/352|[silent]
|-heal|p2a: Gliscor|312\/354 tox|[from] ability: Poison Heal
|turn|49
|
|switch|p2a: Chansey|Chansey, F|292\/703
|-damage|p2a: Chansey|205\/703|[from] Stealth Rock
|move|p1a: Ferrothorn|Power Whip|p2a: Chansey
|-damage|p2a: Chansey|40\/703
|
|turn|50
|
|move|p2a: Chansey|Soft-Boiled|p2a: Chansey
|-heal|p2a: Chansey|392\/703
|move|p1a: Ferrothorn|Leech Seed|p2a: Chansey
|-start|p2a: Chansey|move: Leech Seed
|
|-damage|p2a: Chansey|305\/703|[from] Leech Seed|[of] p1a: Ferrothorn
|-heal|p1a: Ferrothorn|222\/352|[silent]
|turn|51
|
|move|p2a: Chansey|Soft-Boiled|p2a: Chansey
|-heal|p2a: Chansey|657\/703
|move|p1a: Ferrothorn|Spikes|p2a: Chansey
|-sidestart|p2: JiaShengz|Spikes
|
|-damage|p2a: Chansey|570\/703|[from] Leech Seed|[of] p1a: Ferrothorn
|-heal|p1a: Ferrothorn|309\/352|[silent]
|turn|52
|
|switch|p2a: Gliscor|Gliscor, F|312\/354 tox
|-damage|p2a: Gliscor|268\/354 tox|[from] Stealth Rock
|move|p1a: Ferrothorn|Leech Seed|p2a: Gliscor|[miss]
|-miss|p1a: Ferrothorn|p2a: Gliscor
|
|-heal|p2a: Gliscor|312\/354 tox|[from] ability: Poison Heal
|turn|53
|
|move|p2a: Gliscor|Taunt|p1a: Ferrothorn
|-start|p1a: Ferrothorn|move: Taunt
|move|p1a: Ferrothorn|Power Whip|p2a: Gliscor
|-damage|p2a: Gliscor|209\/354 tox
|
|-heal|p2a: Gliscor|253\/354 tox|[from] ability: Poison Heal
|turn|54
|
|switch|p2a: Skarmory|Skarmory, F|177\/334
|-damage|p2a: Skarmory|136\/334|[from] Stealth Rock
|move|p1a: Ferrothorn|Power Whip|p2a: Skarmory
|-resisted|p2a: Skarmory
|-damage|p2a: Skarmory|115\/334
|
|turn|55
|
|switch|p1a: Landorus-Therian|Landorus-Therian, M|46\/319 brn
|-damage|p1a: Landorus-Therian|7\/319 brn|[from] Stealth Rock
|-ability|p1a: Landorus-Therian|Intimidate|[of] p2a: Skarmory
|-unboost|p2a: Skarmory|atk|1
|move|p2a: Skarmory|Spikes|p1a: Landorus-Therian
|-sidestart|p1: Mamadouap|Spikes
|
|-damage|p1a: Landorus-Therian|0 fnt|[from] brn
|faint|p1a: Landorus-Therian
|
|switch|p1a: Ferrothorn|Ferrothorn, M|309\/352
|-damage|p1a: Ferrothorn|251\/352|[from] Spikes
|-damage|p1a: Ferrothorn|229\/352|[from] Stealth Rock
|turn|56
|
|move|p2a: Skarmory|Roost|p2a: Skarmory
|-heal|p2a: Skarmory|282\/334
|move|p1a: Ferrothorn|Leech Seed|p2a: Skarmory
|-start|p2a: Skarmory|move: Leech Seed
|
|-damage|p2a: Skarmory|241\/334|[from] Leech Seed|[of] p1a: Ferrothorn
|-heal|p1a: Ferrothorn|270\/352|[silent]
|turn|57
|
|switch|p1a: Keldeo|Keldeo|115\/323 brn
|-damage|p1a: Keldeo|95\/323 brn|[from] Stealth Rock
|-damage|p1a: Keldeo|42\/323 brn|[from] Spikes
|move|p2a: Skarmory|Spikes|p1a: Keldeo
|-sidestart|p1: Mamadouap|Spikes
|
|-heal|p1a: Keldeo|62\/323 brn|[from] item: Leftovers
|-damage|p2a: Skarmory|200\/334|[from] Leech Seed|[of] p1a: Keldeo
|-heal|p1a: Keldeo|103\/323 brn|[silent]
|-damage|p1a: Keldeo|63\/323 brn|[from] brn
|turn|58
|
|switch|p2a: Clefable|Clefable, F|80\/394 par
|-damage|p2a: Clefable|31\/394 par|[from] Stealth Rock
|-damage|p2a: Clefable|0 fnt|[from] Spikes
|faint|p2a: Clefable
|move|p1a: Keldeo|Scald|p2: Clefable|[notarget]
|-notarget
|
|-heal|p1a: Keldeo|83\/323 brn|[from] item: Leftovers
|-damage|p1a: Keldeo|43\/323 brn|[from] brn
|
|switch|p2a: Chansey|Chansey, F|570\/703
|-damage|p2a: Chansey|483\/703|[from] Stealth Rock
|-damage|p2a: Chansey|396\/703|[from] Spikes
|turn|59
|
|switch|p2a: Skarmory|Skarmory, F|200\/334
|-damage|p2a: Skarmory|159\/334|[from] Stealth Rock
|move|p1a: Keldeo|Scald|p2a: Skarmory
|-damage|p2a: Skarmory|0 fnt
|faint|p2a: Skarmory
|
|-heal|p1a: Keldeo|63\/323 brn|[from] item: Leftovers
|-damage|p1a: Keldeo|23\/323 brn|[from] brn
|
|switch|p2a: Chansey|Chansey, F|396\/703
|-damage|p2a: Chansey|309\/703|[from] Spikes
|-damage|p2a: Chansey|222\/703|[from] Stealth Rock
|turn|60
|
|move|p1a: Keldeo|Secret Sword|p2a: Chansey
|-supereffective|p2a: Chansey
|-damage|p2a: Chansey|0 fnt
|faint|p2a: Chansey
|
|-heal|p1a: Keldeo|43\/323 brn|[from] item: Leftovers
|-damage|p1a: Keldeo|3\/323 brn|[from] brn
|
|switch|p2a: Gliscor|Gliscor, F|253\/354 tox
|-damage|p2a: Gliscor|209\/354 tox|[from] Stealth Rock
|turn|61
|
|move|p1a: Keldeo|Scald|p2a: Gliscor
|-supereffective|p2a: Gliscor
|-damage|p2a: Gliscor|0 fnt
|faint|p2a: Gliscor
|
|win|Mamadouap
|raw|Ladder updating...
|raw|Mamadouap's rating: 1397 &rarr; <strong>1423<\/strong><br \/>(+26 for winning)
|raw|JiaShengz's rating: 1500 &rarr; <strong>1474<\/strong><br \/>(-26 for losing)
|leave|JiaShengz