|join|JiaShengz
|join|jkk kj k
|player|p1|JiaShengz|168
|player|p2|jkk kj k|240
|gametype|singles
|gen|6
|tier|OU (suspect test)
|rated
|clearpoke
|poke|p1|Chansey, F
|poke|p1|Clefable, M
|poke|p1|Sableye, M
|poke|p1|Heatran, F
|poke|p1|Tentacruel, F
|poke|p1|Chesnaught, F
|poke|p2|Latias, F
|poke|p2|Bisharp, M
|poke|p2|Clefable, M
|poke|p2|Rotom-Wash
|poke|p2|Heatran, F
|poke|p2|Sceptile, M
|rule|Swagger Clause: Swagger is banned
|rule|Baton Pass Clause: Limit one PokÃ©mon knowing Baton Pass
|rule|Sleep Clause Mod: Limit one foe put to sleep
|rule|Species Clause: Limit one of each PokÃ©mon
|rule|OHKO Clause: OHKO moves are banned
|rule|Moody Clause: Moody is banned
|rule|Evasion Moves Clause: Evasion moves are banned
|rule|Endless Battle Clause: Forcing endless battles is banned
|rule|HP Percentage Mod: HP is shown in percentages
|teampreview
|
|start
|switch|p1a: Sableye|Sableye, M|304\/304
|switch|p2a: Anna|Heatran, F|385\/385
|-item|p2a: Anna|Air Balloon
|turn|1
|
|detailschange|p1a: Sableye|Sableye-Mega, M
|-mega|p1a: Sableye|Sableye|Sablenite
|move|p2a: Anna|Lava Plume|p1a: Sableye
|-damage|p1a: Sableye|208\/304
|-status|p1a: Sableye|brn
|move|p1a: Sableye|Knock Off|p2a: Anna
|-damage|p2a: Anna|339\/385
|-enditem|p2a: Anna|Air Balloon
|
|-damage|p1a: Sableye|170\/304 brn|[from] brn
|turn|2
|
|switch|p1a: Tentacruel|Tentacruel, F|361\/361
|move|p2a: Anna|Stealth Rock|p1a: Tentacruel
|-sidestart|p1: JiaShengz|move: Stealth Rock
|
|turn|3
|
|move|p1a: Tentacruel|Toxic Spikes|p2a: Anna
|-sidestart|p2: jkk kj k|move: Toxic Spikes
|move|p2a: Anna|Earth Power|p1a: Tentacruel
|-supereffective|p1a: Tentacruel
|-damage|p1a: Tentacruel|225\/361
|-unboost|p1a: Tentacruel|spd|1
|
|-heal|p1a: Tentacruel|247\/361|[from] item: Black Sludge
|turn|4
|
|switch|p1a: Chansey|Chansey, F|703\/703
|-damage|p1a: Chansey|616\/703|[from] Stealth Rock
|move|p2a: Anna|Earth Power|p1a: Chansey
|-damage|p1a: Chansey|563\/703
|
|turn|5
|
|move|p2a: Anna|Taunt|p1a: Chansey
|-start|p1a: Chansey|move: Taunt
|cant|p1a: Chansey|move: Taunt|Heal Bell
|
|turn|6
|
|move|p2a: Anna|Lava Plume|p1a: Chansey
|-damage|p1a: Chansey|487\/703
|move|p1a: Chansey|Seismic Toss|p2a: Anna
|-damage|p2a: Anna|239\/385
|
|turn|7
|
|switch|p2a: Falckner|Bisharp, M|271\/271
|move|p1a: Chansey|Seismic Toss|p2a: Falckner
|-damage|p2a: Falckner|171\/271
|
|-end|p1a: Chansey|move: Taunt
|turn|8
|
|switch|p1a: Chesnaught|Chesnaught, F|380\/380
|-damage|p1a: Chesnaught|357\/380|[from] Stealth Rock
|move|p2a: Falckner|Knock Off|p1a: Chesnaught
|-crit|p1a: Chesnaught
|-resisted|p1a: Chesnaught
|-damage|p1a: Chesnaught|270\/380
|-enditem|p1a: Chesnaught|Leftovers|[from] move: Knock Off|[of] p2a: Falckner
|
|turn|9
|
|switch|p2a: Weyne|Clefable, M|394\/394
|-status|p2a: Weyne|psn
|move|p1a: Chesnaught|Drain Punch|p2a: Weyne
|-resisted|p2a: Weyne
|-damage|p2a: Weyne|349\/394 psn
|-heal|p1a: Chesnaught|293\/380|[from] drain|[of] p2a: Weyne
|
|-heal|p2a: Weyne|373\/394 psn|[from] item: Leftovers
|turn|10
|
|switch|p1a: Chansey|Chansey, F|487\/703
|-damage|p1a: Chansey|400\/703|[from] Stealth Rock
|switch|p2a: Falckner|Bisharp, M|171\/271
|
|turn|11
|
|switch|p1a: Chesnaught|Chesnaught, F|293\/380
|-damage|p1a: Chesnaught|270\/380|[from] Stealth Rock
|move|p2a: Falckner|Iron Head|p1a: Chesnaught
|-damage|p1a: Chesnaught|170\/380
|
|turn|12
|
|switch|p2a: Weyne|Clefable, M|373\/394 psn
|move|p1a: Chesnaught|Spikes|p2a: Weyne
|-sidestart|p2: jkk kj k|Spikes
|
|-heal|p2a: Weyne|394\/394 psn|[from] item: Leftovers
|turn|13
|
|switch|p1a: Heatran|Heatran, F|386\/386
|-damage|p1a: Heatran|338\/386|[from] Stealth Rock
|move|p2a: Weyne|Moonblast|p1a: Heatran
|-resisted|p1a: Heatran
|-damage|p1a: Heatran|320\/386
|
|-heal|p1a: Heatran|344\/386|[from] item: Leftovers
|turn|14
|
|switch|p2a: Camarossi|Rotom-Wash|304\/304
|move|p1a: Heatran|Taunt|p2a: Camarossi
|-start|p2a: Camarossi|move: Taunt
|
|-heal|p1a: Heatran|368\/386|[from] item: Leftovers
|turn|15
|
|move|p2a: Camarossi|Hydro Pump|p1a: Heatran
|-supereffective|p1a: Heatran
|-damage|p1a: Heatran|180\/386
|move|p1a: Heatran|Stealth Rock|p2a: Camarossi
|-sidestart|p2: jkk kj k|move: Stealth Rock
|
|-heal|p1a: Heatran|204\/386|[from] item: Leftovers
|turn|16
|
|switch|p1a: Chansey|Chansey, F|400\/703
|-damage|p1a: Chansey|313\/703|[from] Stealth Rock
|move|p2a: Camarossi|Volt Switch|p1a: Chansey
|-damage|p1a: Chansey|259\/703
|
|switch|p2a: Falckner|Bisharp, M|171\/271
|-damage|p2a: Falckner|155\/271|[from] Stealth Rock
|-damage|p2a: Falckner|122\/271|[from] Spikes
|
|turn|17
|
|move|p2a: Falckner|Swords Dance|p2a: Falckner
|-boost|p2a: Falckner|atk|2
|move|p1a: Chansey|Seismic Toss|p2a: Falckner
|-damage|p2a: Falckner|22\/271
|
|turn|18
|
|switch|p1a: Clefable|Clefable, M|394\/394
|-damage|p1a: Clefable|345\/394|[from] Stealth Rock
|move|p2a: Falckner|Knock Off|p1a: Clefable
|-resisted|p1a: Clefable
|-damage|p1a: Clefable|264\/394
|-enditem|p1a: Clefable|Leftovers|[from] move: Knock Off|[of] p2a: Falckner
|
|turn|19
|
|move|p2a: Falckner|Iron Head|p1a: Clefable
|-supereffective|p1a: Clefable
|-damage|p1a: Clefable|0 fnt
|faint|p1a: Clefable
|
|
|switch|p1a: Chesnaught|Chesnaught, F|170\/380
|-damage|p1a: Chesnaught|147\/380|[from] Stealth Rock
|turn|20
|
|move|p1a: Chesnaught|Spiky Shield|p1a: Chesnaught
|-singleturn|p1a: Chesnaught|move: Protect
|move|p2a: Falckner|Swords Dance|p2a: Falckner
|-boost|p2a: Falckner|atk|2
|
|turn|21
|
|move|p1a: Chesnaught|Spiky Shield|p1a: Chesnaught
|-singleturn|p1a: Chesnaught|move: Protect
|move|p2a: Falckner|Iron Head|p1a: Chesnaught
|-activate|p1a: Chesnaught|move: Protect
|-damage|p2a: Falckner|0 fnt|[from] Spiky Shield|[of] p1a: Chesnaught
|faint|p2a: Falckner
|
|
|switch|p2a: Clara|Latias, F|301\/301
|-damage|p2a: Clara|264\/301|[from] Stealth Rock
|turn|22
|
|switch|p1a: Heatran|Heatran, F|204\/386
|-damage|p1a: Heatran|156\/386|[from] Stealth Rock
|move|p2a: Clara|Psyshock|p1a: Heatran
|-resisted|p1a: Heatran
|-damage|p1a: Heatran|79\/386
|-damage|p2a: Clara|234\/301|[from] item: Life Orb
|
|-heal|p1a: Heatran|103\/386|[from] item: Leftovers
|turn|23
|
|move|p2a: Clara|Draco Meteor|p1a: Heatran
|-resisted|p1a: Heatran
|-damage|p1a: Heatran|16\/386
|-unboost|p2a: Clara|spa|2
|-damage|p2a: Clara|204\/301|[from] item: Life Orb
|move|p1a: Heatran|Toxic|p2a: Clara
|-status|p2a: Clara|tox
|
|-heal|p1a: Heatran|40\/386|[from] item: Leftovers
|-damage|p2a: Clara|186\/301 tox|[from] psn
|turn|24
|
|switch|p2a: Anna|Heatran, F|239\/385
|-damage|p2a: Anna|191\/385|[from] Spikes
|-damage|p2a: Anna|143\/385|[from] Stealth Rock
|move|p1a: Heatran|Taunt|p2a: Anna
|-start|p2a: Anna|move: Taunt
|
|-heal|p1a: Heatran|64\/386|[from] item: Leftovers
|turn|25
|
|switch|p2a: Nick|Sceptile, M|281\/281
|-status|p2a: Nick|psn
|-damage|p2a: Nick|246\/281 psn|[from] Spikes
|-damage|p2a: Nick|211\/281 psn|[from] Stealth Rock
|switch|p1a: Tentacruel|Tentacruel, F|247\/361
|-damage|p1a: Tentacruel|202\/361|[from] Stealth Rock
|
|-heal|p1a: Tentacruel|224\/361|[from] item: Black Sludge
|-damage|p2a: Nick|176\/281 psn|[from] psn
|turn|26
|
|switch|p1a: Heatran|Heatran, F|64\/386
|-damage|p1a: Heatran|16\/386|[from] Stealth Rock
|detailschange|p2a: Nick|Sceptile-Mega, M
|-mega|p2a: Nick|Sceptile|Sceptilite
|move|p2a: Nick|Leaf Storm|p1a: Heatran|[miss]
|-miss|p2a: Nick|p1a: Heatran
|
|-heal|p1a: Heatran|40\/386|[from] item: Leftovers
|-damage|p2a: Nick|141\/281 psn|[from] psn
|turn|27
|
|move|p2a: Nick|Dragon Pulse|p1a: Heatran
|-resisted|p1a: Heatran
|-damage|p1a: Heatran|0 fnt
|faint|p1a: Heatran
|
|-damage|p2a: Nick|106\/281 psn|[from] psn
|
|switch|p1a: Tentacruel|Tentacruel, F|224\/361
|-damage|p1a: Tentacruel|179\/361|[from] Stealth Rock
|turn|28
|
|move|p2a: Nick|Leaf Storm|p1a: Tentacruel
|-damage|p1a: Tentacruel|0 fnt
|-unboost|p2a: Nick|spa|2
|faint|p1a: Tentacruel
|
|-damage|p2a: Nick|71\/281 psn|[from] psn
|join|Guigass
|
|switch|p1a: Chansey|Chansey, F|259\/703
|-damage|p1a: Chansey|172\/703|[from] Stealth Rock
|turn|29
|c| Guigass|oi jw
|
|move|p2a: Nick|Focus Blast|p1a: Chansey
|-supereffective|p1a: Chansey
|-damage|p1a: Chansey|72\/703
|move|p1a: Chansey|Soft-Boiled|p1a: Chansey
|-heal|p1a: Chansey|424\/703
|
|-damage|p2a: Nick|36\/281 psn|[from] psn
|turn|30
|
|switch|p2a: Anna|Heatran, F|143\/385
|-damage|p2a: Anna|95\/385|[from] Spikes
|-damage|p2a: Anna|47\/385|[from] Stealth Rock
|move|p1a: Chansey|Soft-Boiled|p1a: Chansey
|-heal|p1a: Chansey|703\/703
|
|turn|31
|join|Fraulein Elsa
|
|switch|p2a: Clara|Latias, F|186\/301 tox
|-damage|p2a: Clara|149\/301 tox|[from] Stealth Rock
|move|p1a: Chansey|Seismic Toss|p2a: Clara
|-damage|p2a: Clara|49\/301 tox
|
|-damage|p2a: Clara|31\/301 tox|[from] psn
|turn|32
|c| Guigass|oi eros
|c| Fraulein Elsa|oi
|c| Guigass|blz e vc
|c| Fraulein Elsa|tb
|
|move|p2a: Clara|Healing Wish|p2a: Clara
|faint|p2a: Clara
|move|p1a: Chansey|Seismic Toss|p2: Clara|[notarget]
|-notarget
|
|c|âjkk kj k|mano
|c|âjkk kj k|o hax dessa merda
|c|âjkk kj k|vai me deixar
|c|âjkk kj k|LOUCO
|c| Fraulein Elsa|eu n sou o eros ueeeeeeeee
|
|switch|p2a: Anna|Heatran, F|47\/385
|-heal|p2a: Anna|385\/385|[from] move: Healing Wish
|-damage|p2a: Anna|337\/385|[from] Spikes
|-damage|p2a: Anna|289\/385|[from] Stealth Rock
|turn|33
|c| Fraulein Elsa|KKKKKKKKKKKKKK
|c| Guigass|e o devid
|
|move|p2a: Anna|Lava Plume|p1a: Chansey
|-damage|p1a: Chansey|631\/703
|move|p1a: Chansey|Seismic Toss|p2a: Anna
|-damage|p2a: Anna|189\/385
|
|turn|34
|
|move|p2a: Anna|Taunt|p1a: Chansey
|-start|p1a: Chansey|move: Taunt
|move|p1a: Chansey|Seismic Toss|p2a: Anna
|-damage|p2a: Anna|89\/385
|
|turn|35
|c| Guigass|essa chansey vai se foda pqp comofas
|c| Fraulein Elsa|Seis Micos Tossem
|c| Fraulein Elsa|melhor move
|c| Guigass|stallear os pp ate o talo
|
|move|p2a: Anna|Lava Plume|p1a: Chansey
|-damage|p1a: Chansey|555\/703
|move|p1a: Chansey|Seismic Toss|p2a: Anna
|-damage|p2a: Anna|0 fnt
|faint|p2a: Anna
|
|c|âjkk kj k|outra batalha perdida por hax
|c| Fraulein Elsa|pluma de lava
|
|switch|p2a: Weyne|Clefable, M|394\/394 psn
|turn|36
|
|move|p2a: Weyne|Calm Mind|p2a: Weyne
|-boost|p2a: Weyne|spa|1
|-boost|p2a: Weyne|spd|1
|move|p1a: Chansey|Seismic Toss|p2a: Weyne
|-damage|p2a: Weyne|294\/394 psn
|
|-heal|p2a: Weyne|318\/394 psn|[from] item: Leftovers
|-end|p1a: Chansey|move: Taunt
|turn|37
|
|move|p2a: Weyne|Calm Mind|p2a: Weyne
|-boost|p2a: Weyne|spa|1
|-boost|p2a: Weyne|spd|1
|move|p1a: Chansey|Heal Bell|p1a: Chansey
|-cureteam|p1a: Chansey|[from] move: HealBell
|
|-heal|p2a: Weyne|342\/394 psn|[from] item: Leftovers
|turn|38
|c|âjkk kj k|chesmerda tem speed?
|c| Guigass|acho q esse clefable leva ainda em
|c|âjkk kj k|mais q a fada
|
|move|p2a: Weyne|Calm Mind|p2a: Weyne
|-boost|p2a: Weyne|spa|1
|-boost|p2a: Weyne|spd|1
|move|p1a: Chansey|Wish|p1a: Chansey
|
|-heal|p2a: Weyne|366\/394 psn|[from] item: Leftovers
|turn|39
|c| Guigass|cara
|c| Guigass|nem sei
|c|âjkk kj k|bem ele n pode tocar nela
|c|âjkk kj k|fodase
|c| Guigass|vdd
|
|move|p2a: Weyne|Moonblast|p1a: Chansey
|-damage|p1a: Chansey|395\/703
|-unboost|p1a: Chansey|spa|1
|move|p1a: Chansey|Seismic Toss|p2a: Weyne
|-damage|p2a: Weyne|266\/394 psn
|
|-heal|p1a: Chansey|703\/703|[from] move: Wish|[wisher] Chansey
|-heal|p2a: Weyne|290\/394 psn|[from] item: Leftovers
|turn|40
|c| Guigass|VAI DROPA O SATK
|
|move|p2a: Weyne|Calm Mind|p2a: Weyne
|-boost|p2a: Weyne|spa|1
|-boost|p2a: Weyne|spd|1
|move|p1a: Chansey|Seismic Toss|p2a: Weyne
|-damage|p2a: Weyne|190\/394 psn
|
|-heal|p2a: Weyne|214\/394 psn|[from] item: Leftovers
|turn|41
|
|move|p2a: Weyne|Soft-Boiled|p2a: Weyne
|-heal|p2a: Weyne|394\/394 psn
|move|p1a: Chansey|Seismic Toss|p2a: Weyne
|-damage|p2a: Weyne|294\/394 psn
|
|-heal|p2a: Weyne|318\/394 psn|[from] item: Leftovers
|turn|42
|
|move|p2a: Weyne|Calm Mind|p2a: Weyne
|-boost|p2a: Weyne|spa|1
|-boost|p2a: Weyne|spd|1
|move|p1a: Chansey|Seismic Toss|p2a: Weyne
|-damage|p2a: Weyne|218\/394 psn
|
|-heal|p2a: Weyne|242\/394 psn|[from] item: Leftovers
|turn|43
|c| Fraulein Elsa|seismic toss tem 32 pp
|c| Fraulein Elsa|boa sorte
|
|move|p2a: Weyne|Calm Mind|p2a: Weyne
|-boost|p2a: Weyne|spa|1
|-boost|p2a: Weyne|spd|1
|move|p1a: Chansey|Seismic Toss|p2a: Weyne
|-damage|p2a: Weyne|142\/394 psn
|
|-heal|p2a: Weyne|166\/394 psn|[from] item: Leftovers
|turn|44
|c| Guigass|esse bicho ja usou pra caralho
|
|move|p2a: Weyne|Soft-Boiled|p2a: Weyne
|-heal|p2a: Weyne|363\/394 psn
|move|p1a: Chansey|Wish|p1a: Chansey
|
|-heal|p2a: Weyne|387\/394 psn|[from] item: Leftovers
|turn|45
|c| Guigass|+4 time to suipi
|c| Fraulein Elsa|SE A CLEFABLE TIVESSE PSYSHOCK SERIA MAIS FACIL !!!!
|c| Guigass|EH VERDADE
|c| Guigass|VOSES SO FICAM SEGUINDO SETE DO SMOGON
|
|move|p2a: Weyne|Calm Mind|p2a: Weyne
|-fail|p2a: Weyne
|move|p1a: Chansey|Seismic Toss|p2a: Weyne
|-damage|p2a: Weyne|287\/394 psn
|
|-heal|p2a: Weyne|311\/394 psn|[from] item: Leftovers
|turn|46
|c| Guigass|E NAO VALORIZAM QUEM SABE JOGA
|c| Fraulein Elsa|WTF JW
|c| Guigass|COM OS POCES QUE AMAM
|
|move|p2a: Weyne|Flamethrower|p1a: Chansey
|-damage|p1a: Chansey|540\/703
|move|p1a: Chansey|Seismic Toss|p2a: Weyne
|-damage|p2a: Weyne|211\/394 psn
|
|-heal|p2a: Weyne|235\/394 psn|[from] item: Leftovers
|turn|47
|c| Fraulein Elsa|QUER DEIXAR 5X
|c| Guigass|devid
|c| Fraulein Elsa|HACKER
|c|âJiaShengz|ghost??
|c| Guigass|ele quer stallear apenas
|c| Guigass|o seimis
|c| Fraulein Elsa|ghost??
|c| Guigass|eu acho
|join|LtFran
|
|move|p2a: Weyne|Calm Mind|p2a: Weyne
|-fail|p2a: Weyne
|move|p1a: Chansey|Soft-Boiled|p1a: Chansey
|-heal|p1a: Chansey|703\/703
|
|-heal|p2a: Weyne|259\/394 psn|[from] item: Leftovers
|turn|48
|c| Fraulein Elsa|A
|c| Fraulein Elsa|oi fran e vc
|
|move|p2a: Weyne|Calm Mind|p2a: Weyne
|-fail|p2a: Weyne
|move|p1a: Chansey|Seismic Toss|p2a: Weyne
|-damage|p2a: Weyne|159\/394 psn
|
|-heal|p2a: Weyne|183\/394 psn|[from] item: Leftovers
|turn|49
|c| Guigass|oi fran
|c| LtFran|oi
|
|move|p2a: Weyne|Soft-Boiled|p2a: Weyne
|-heal|p2a: Weyne|380\/394 psn
|move|p1a: Chansey|Wish|p1a: Chansey
|
|-heal|p2a: Weyne|394\/394 psn|[from] item: Leftovers
|turn|50
|c| Guigass|quero ve essa chansey dar um struggle
|c| Fraulein Elsa|kek
|
|move|p2a: Weyne|Calm Mind|p2a: Weyne
|-fail|p2a: Weyne
|move|p1a: Chansey|Heal Bell|p1a: Chansey
|-cureteam|p1a: Chansey|[from] move: HealBell
|
|turn|51
|c|âjkk kj k|mais facil eu morrer
|c| Fraulein Elsa|qual foi o recorde de turnos de vcs?
|c| Guigass|fdp acho q percebeu e foi pra heal bell em
|c| Fraulein Elsa|o meu foi 120 e alguma coisa acho
|
|move|p2a: Weyne|Flamethrower|p1a: Chansey
|-damage|p1a: Chansey|519\/703
|move|p1a: Chansey|Seismic Toss|p2a: Weyne
|-damage|p2a: Weyne|294\/394 psn
|
|-heal|p2a: Weyne|318\/394 psn|[from] item: Leftovers
|turn|52
|c| Guigass|99 turnos com o falck
|c| LtFran|tive uma random de 220 turnos :(
|c| Guigass|eia
|c| Fraulein Elsa|mds
|c| LtFran|tenho que achar o replay
|
|move|p2a: Weyne|Flamethrower|p1a: Chansey
|-damage|p1a: Chansey|350\/703
|move|p1a: Chansey|Wish|p1a: Chansey
|
|-heal|p2a: Weyne|342\/394 psn|[from] item: Leftovers
|turn|53
|
|move|p2a: Weyne|Moonblast|p1a: Chansey
|-damage|p1a: Chansey|62\/703
|-unboost|p1a: Chansey|spa|1
|move|p1a: Chansey|Heal Bell|p1a: Chansey
|-cureteam|p1a: Chansey|[from] move: HealBell
|
|-heal|p1a: Chansey|413\/703|[from] move: Wish|[wisher] Chansey
|-heal|p2a: Weyne|366\/394 psn|[from] item: Leftovers
|turn|54
|c| LtFran|WOW SPECIAL ATTACK FELL
|c| LtFran|E AGORA CHANSEY
|c| Guigass|AAAAAAAAA JW VAI GANHAAA
|c| Guigass|PRESSIONA AI PORRAAAA
|c| LtFran|YOU CAN DO IT
|
|move|p2a: Weyne|Moonblast|p1a: Chansey
|-damage|p1a: Chansey|131\/703
|move|p1a: Chansey|Seismic Toss|p2a: Weyne
|-damage|p2a: Weyne|266\/394 psn
|
|-heal|p2a: Weyne|290\/394 psn|[from] item: Leftovers
|turn|55
|c| Fraulein Elsa|N VAI PODER DAR FLAMETHOWER
|c|âjkk kj k|KKKKKKKKKKKKKKKKKKKKKKKK
|-message|JiaShengz forfeited.
|leave|JiaShengz
|c| Guigass|AAAAAA
|
|win|jkk kj k
|raw|Ladder updating...
|player|p1
|c| Guigass|AAAAAAAAEEEEEEEEEEEE
|c| LtFran|aaaaaaaaaaaaa
|c| Fraulein Elsa|EEEEEEEEEEEEEEEE
|c|âjkk kj k|BURRO
|c|âjkk kj k|KKKKKKKKKKKKKKKKKKKKKKKKKKKKKKKKKKKKKKKKKKKKK
|raw|JiaShengz's rating: 1329 &rarr; <strong>1303<\/strong><br \/>(-26 for losing)
|raw|jkk kj k's rating: 1237 &rarr; <strong>1269<\/strong><br \/>(+32 for winning)
|c|âjkk kj k|I WIN
|c| Fraulein Elsa|JW
|c| Guigass|CHORA GRINGO
|c|âjkk kj k|KKKKKKKKKKKKKKKKKKKKKKKKKKKKKKKKKKKKKKKKKKKKKKKKKKKKKKKKKKKKKKKKKKKKKKKKKK
|c|âjkk kj k|PORRA
|c| Guigass|FDP
|c|âjkk kj k|CHORA
|c|âjkk kj k|OTARIO
|c|âjkk kj k|VAGABUNDA
|c| Fraulein Elsa|HJ TEM ANAL
|c| LtFran|ps funfo
|c|âjkk kj k|VAI HAXIAR
|c| LtFran|aaaaaaaaaaa
|c|âjkk kj k|A PUTA QUE TE PARIU
|c|âjkk kj k|KKKKKKKKKKKKKKKKKKKKKKKKKKKKKKKKKKKKKKKKKK
|c|âjkk kj k|KKKKKKKKKKKKKKKKKKKKKKKKKKKKKKKKKKKKKKKKKKKKKKKKKKKKKK
|c| Guigass|HJ TEM ANAL
|c| Fraulein Elsa|EEEEEEEEEE
|c|âjkk kj k|AS VEZES O INDIVIDUO
|c|âjkk kj k|ESTA LOUCO NA DROGA
|c| Fraulein Elsa|HJ LIBERA ANAL
|c| Guigass|Guigass: HJ TEM ANAL
|c| Guigass|Fraulein Elsa: EEEEEEEEEE
|c|âjkk kj k|to em otra ja
|c|âjkk kj k|xau