|join|JiaShengz
|join|angel0mike
|player|p1|JiaShengz|168
|player|p2|angel0mike|144
|gametype|singles
|gen|6
|tier|OU (suspect test)
|rated
|clearpoke
|poke|p1|Chansey, F
|poke|p1|Clefable, F
|poke|p1|Sableye, F
|poke|p1|Heatran, M
|poke|p1|Tentacruel, F
|poke|p1|Chesnaught, F
|poke|p2|Diancie
|poke|p2|Azelf
|poke|p2|Landorus-Therian, M
|poke|p2|Thundurus, M
|poke|p2|Keldeo-Resolute
|poke|p2|Bisharp, M
|rule|Swagger Clause: Swagger is banned
|rule|Baton Pass Clause: Limit one PokÃ©mon knowing Baton Pass
|rule|Sleep Clause Mod: Limit one foe put to sleep
|rule|Species Clause: Limit one of each PokÃ©mon
|rule|OHKO Clause: OHKO moves are banned
|rule|Moody Clause: Moody is banned
|rule|Evasion Moves Clause: Evasion moves are banned
|rule|Endless Battle Clause: Forcing endless battles is banned
|rule|HP Percentage Mod: HP is shown in percentages
|teampreview
|
|start
|switch|p1a: Tentacruel|Tentacruel, F|361\/361
|switch|p2a: Azelf|Azelf|291\/291
|turn|1
|
|move|p2a: Azelf|Taunt|p1a: Tentacruel
|-start|p1a: Tentacruel|move: Taunt
|move|p1a: Tentacruel|Knock Off|p2a: Azelf
|-supereffective|p2a: Azelf
|-damage|p2a: Azelf|151\/291
|-enditem|p2a: Azelf|Focus Sash|[from] move: Knock Off|[of] p1a: Tentacruel
|
|turn|2
|
|move|p2a: Azelf|Stealth Rock|p1a: Tentacruel
|-sidestart|p1: JiaShengz|move: Stealth Rock
|move|p1a: Tentacruel|Rapid Spin|p2a: Azelf
|-damage|p2a: Azelf|135\/291
|-sideend|p1: JiaShengz|Stealth Rock|[from] move: Rapid Spin|[of] p1a: Tentacruel
|
|turn|3
|
|move|p2a: Azelf|Explosion|p1a: Tentacruel
|-crit|p1a: Tentacruel
|-damage|p1a: Tentacruel|0 fnt
|faint|p2a: Azelf
|faint|p1a: Tentacruel
|
|
|switch|p2a: Diancie|Diancie|241\/241
|switch|p1a: Chansey|Chansey, F|703\/703
|turn|4
|
|detailschange|p2a: Diancie|Diancie-Mega
|-mega|p2a: Diancie|Diancie|Diancite
|move|p2a: Diancie|Diamond Storm|p1a: Chansey
|-damage|p1a: Chansey|468\/703
|-boost|p2a: Diancie|def|1
|move|p1a: Chansey|Seismic Toss|p2a: Diancie
|-damage|p2a: Diancie|141\/241
|
|turn|5
|
|switch|p2a: Bisharp|Bisharp, M|279\/279
|move|p1a: Chansey|Seismic Toss|p2a: Bisharp
|-damage|p2a: Bisharp|179\/279
|
|turn|6
|
|switch|p2a: Diancie|Diancie-Mega|141\/241
|switch|p1a: Sableye|Sableye, F|304\/304
|
|turn|7
|
|switch|p1a: Chansey|Chansey, F|468\/703
|move|p2a: Diancie|Diamond Storm|p1a: Chansey
|-damage|p1a: Chansey|243\/703
|
|turn|8
|
|move|p2a: Diancie|Diamond Storm|p1a: Chansey
|-damage|p1a: Chansey|0 fnt
|faint|p1a: Chansey
|
|
|switch|p1a: Clefable|Clefable, F|394\/394
|turn|9
|
|move|p2a: Diancie|Moonblast|p1a: Clefable
|-damage|p1a: Clefable|154\/394
|move|p1a: Clefable|Wish|p1a: Clefable
|
|-heal|p1a: Clefable|178\/394|[from] item: Leftovers
|turn|10
|
|switch|p2a: Bisharp|Bisharp, M|179\/279
|move|p1a: Clefable|Protect|p1a: Clefable
|-fail|p1a: Clefable
|
|-heal|p1a: Clefable|375\/394|[from] move: Wish|[wisher] Clefable
|-heal|p1a: Clefable|394\/394|[from] item: Leftovers
|turn|11
|c|âangel0mike|pls faster
|
|switch|p2a: Diancie|Diancie-Mega|141\/241
|switch|p1a: Sableye|Sableye, F|304\/304
|
|turn|12
|c|âJiaShengz|it takes two
|
|switch|p1a: Heatran|Heatran, M|386\/386
|move|p2a: Diancie|Moonblast|p1a: Heatran
|-resisted|p1a: Heatran
|-damage|p1a: Heatran|349\/386
|-unboost|p1a: Heatran|spa|1
|
|-heal|p1a: Heatran|373\/386|[from] item: Leftovers
|turn|13
|c|âangel0mike|hm?
|
|move|p2a: Diancie|Earth Power|p1a: Heatran
|-supereffective|p1a: Heatran
|-damage|p1a: Heatran|0 fnt
|faint|p1a: Heatran
|
|c|âangel0mike|it takes two what
|
|switch|p1a: Clefable|Clefable, F|394\/394
|turn|14
|
|move|p2a: Diancie|Moonblast|p1a: Clefable
|-crit|p1a: Clefable
|-damage|p1a: Clefable|49\/394
|-unboost|p1a: Clefable|spa|1
|move|p1a: Clefable|Calm Mind|p1a: Clefable
|-boost|p1a: Clefable|spa|1
|-boost|p1a: Clefable|spd|1
|
|-heal|p1a: Clefable|73\/394|[from] item: Leftovers
|turn|15
|c|âangel0mike|didnt mattered actully
|-message|JiaShengz forfeited.
|leave|JiaShengz
|
|win|angel0mike
|raw|Ladder updating...
|player|p1