|join|JiaShengz
|join|produde
|player|p1|JiaShengz|168
|player|p2|produde|1
|gametype|singles
|gen|6
|tier|OU (suspect test)
|rated
|clearpoke
|poke|p1|Chansey, F
|poke|p1|Clefable, F
|poke|p1|Sableye, F
|poke|p1|Heatran, F
|poke|p1|Tentacruel, F
|poke|p1|Chesnaught, M
|poke|p2|Charizard, F
|poke|p2|Rotom-Wash
|poke|p2|Tyranitar, F
|poke|p2|Landorus-Therian, M
|poke|p2|Mew
|poke|p2|Gengar, M
|rule|Swagger Clause: Swagger is banned
|rule|Baton Pass Clause: Limit one PokÃ©mon knowing Baton Pass
|rule|Sleep Clause Mod: Limit one foe put to sleep
|rule|Species Clause: Limit one of each PokÃ©mon
|rule|OHKO Clause: OHKO moves are banned
|rule|Moody Clause: Moody is banned
|rule|Evasion Moves Clause: Evasion moves are banned
|rule|Endless Battle Clause: Forcing endless battles is banned
|rule|HP Percentage Mod: HP is shown in percentages
|teampreview
|c|âprodude|oh boy
|c|âprodude|a team of fat fucks
|
|start
|switch|p1a: Tentacruel|Tentacruel, F|361\/361
|switch|p2a: Charizard|Charizard, F|297\/297
|turn|1
|
|detailschange|p2a: Charizard|Charizard-Mega-X, F
|-mega|p2a: Charizard|Charizard|Charizardite X
|move|p2a: Charizard|Dragon Dance|p2a: Charizard
|-boost|p2a: Charizard|atk|1
|-boost|p2a: Charizard|spe|1
|move|p1a: Tentacruel|Toxic Spikes|p2a: Charizard
|-sidestart|p2: produde|move: Toxic Spikes
|
|turn|2
|join|bowser1
|
|switch|p1a: Heatran|Heatran, F|386\/386
|move|p2a: Charizard|Earthquake|p1a: Heatran
|-supereffective|p1a: Heatran
|-damage|p1a: Heatran|0 fnt
|faint|p1a: Heatran
|
|c|âprodude|gg??
|
|switch|p1a: Clefable|Clefable, F|394\/394
|turn|3
|
|move|p2a: Charizard|Flare Blitz|p1a: Clefable
|-damage|p1a: Clefable|112\/394
|-damage|p2a: Charizard|204\/297|[from] recoil|[of] p1a: Clefable
|move|p1a: Clefable|Wish|p1a: Clefable
|
|-heal|p1a: Clefable|136\/394|[from] item: Leftovers
|turn|4
|
|switch|p1a: Chansey|Chansey, F|703\/703
|move|p2a: Charizard|Earthquake|p1a: Chansey
|-damage|p1a: Chansey|437\/703
|
|-heal|p1a: Chansey|634\/703|[from] move: Wish|[wisher] Clefable
|turn|5
|
|move|p2a: Charizard|Outrage|p1a: Chansey
|-damage|p1a: Chansey|0 fnt
|faint|p1a: Chansey
|
|
|switch|p1a: Clefable|Clefable, F|136\/394
|turn|6
|
|move|p2a: Charizard|Outrage|p1a: Clefable
|-immune|p1a: Clefable|[msg]
|move|p1a: Clefable|Wish|p1a: Clefable
|
|-heal|p1a: Clefable|160\/394|[from] item: Leftovers
|turn|7
|
|move|p1a: Clefable|Protect|p1a: Clefable
|-singleturn|p1a: Clefable|Protect
|move|p2a: Charizard|Earthquake|p1a: Clefable
|-activate|p1a: Clefable|Protect
|
|-heal|p1a: Clefable|357\/394|[from] move: Wish|[wisher] Clefable
|-heal|p1a: Clefable|381\/394|[from] item: Leftovers
|turn|8
|
|move|p2a: Charizard|Dragon Dance|p2a: Charizard
|-boost|p2a: Charizard|atk|1
|-boost|p2a: Charizard|spe|1
|move|p1a: Clefable|Moonblast|p2a: Charizard
|-damage|p2a: Charizard|75\/297
|
|-heal|p1a: Clefable|394\/394|[from] item: Leftovers
|turn|9
|
|move|p2a: Charizard|Flare Blitz|p1a: Clefable
|-damage|p1a: Clefable|136\/394
|-damage|p2a: Charizard|0 fnt|[from] recoil|[of] p1a: Clefable
|faint|p2a: Charizard
|move|p1a: Clefable|Wish|p1a: Clefable
|
|-heal|p1a: Clefable|160\/394|[from] item: Leftovers
|c|âprodude|oh
|c|âprodude|unaware
|c|âprodude|damnit
|
|switch|p2a: Gengar|Gengar, M|263\/263
|turn|10
|
|switch|p1a: Sableye|Sableye, F|304\/304
|move|p2a: Gengar|Will-O-Wisp|p1a: Sableye
|-status|p1a: Sableye|brn
|
|-damage|p1a: Sableye|266\/304 brn|[from] brn
|turn|11
|
|detailschange|p1a: Sableye|Sableye-Mega, F
|-mega|p1a: Sableye|Sableye|Sablenite
|move|p1a: Sableye|Will-O-Wisp|p2a: Gengar
|-status|p2a: Gengar|brn
|move|p2a: Gengar|Hex|p1a: Sableye
|-damage|p1a: Sableye|59\/304 brn
|
|-damage|p2a: Gengar|231\/263 brn|[from] brn
|-damage|p1a: Sableye|21\/304 brn|[from] brn
|turn|12
|
|move|p2a: Gengar|Hex|p1a: Sableye
|-damage|p1a: Sableye|0 fnt
|faint|p1a: Sableye
|
|-heal|p2a: Gengar|247\/263 brn|[from] item: Black Sludge
|-damage|p2a: Gengar|215\/263 brn|[from] brn
|
|switch|p1a: Tentacruel|Tentacruel, F|361\/361
|turn|13
|
|switch|p2a: Mew|Mew|404\/404
|-status|p2a: Mew|psn
|move|p1a: Tentacruel|Toxic Spikes|p2a: Mew
|-sidestart|p2: produde|move: Toxic Spikes
|
|-damage|p2a: Mew|354\/404 psn|[from] psn
|turn|14
|
|move|p2a: Mew|Will-O-Wisp|p1a: Tentacruel
|-status|p1a: Tentacruel|brn
|move|p1a: Tentacruel|Knock Off|p2a: Mew
|-supereffective|p2a: Mew
|-damage|p2a: Mew|308\/404 psn
|-enditem|p2a: Mew|Leftovers|[from] move: Knock Off|[of] p1a: Tentacruel
|
|-damage|p2a: Mew|258\/404 psn|[from] psn
|-damage|p1a: Tentacruel|316\/361 brn|[from] brn
|turn|15
|
|move|p2a: Mew|Knock Off|p1a: Tentacruel
|-crit|p1a: Tentacruel
|-damage|p1a: Tentacruel|227\/361 brn
|-enditem|p1a: Tentacruel|Black Sludge|[from] move: Knock Off|[of] p2a: Mew
|move|p1a: Tentacruel|Scald|p2a: Mew
|-damage|p2a: Mew|182\/404 psn
|
|-damage|p2a: Mew|132\/404 psn|[from] psn
|-damage|p1a: Tentacruel|182\/361 brn|[from] brn
|turn|16
|
|switch|p1a: Clefable|Clefable, F|160\/394
|move|p2a: Mew|Roost|p2a: Mew
|-heal|p2a: Mew|334\/404 psn
|
|-heal|p1a: Clefable|184\/394|[from] item: Leftovers
|-damage|p2a: Mew|284\/404 psn|[from] psn
|turn|17
|
|move|p1a: Clefable|Protect|p1a: Clefable
|-singleturn|p1a: Clefable|Protect
|move|p2a: Mew|Will-O-Wisp|p1a: Clefable
|-activate|p1a: Clefable|Protect
|
|-heal|p1a: Clefable|208\/394|[from] item: Leftovers
|-damage|p2a: Mew|234\/404 psn|[from] psn
|turn|18
|c|âprodude|its gg
|
|move|p2a: Mew|Defog|p1a: Clefable
|-unboost|p1a: Clefable|evasion|1
|-sideend|p2: produde|Toxic Spikes|[from] move: Defog|[of] p2a: Mew
|move|p1a: Clefable|Calm Mind|p1a: Clefable
|-boost|p1a: Clefable|spa|1
|-boost|p1a: Clefable|spd|1
|
|-heal|p1a: Clefable|232\/394|[from] item: Leftovers
|-damage|p2a: Mew|184\/404 psn|[from] psn
|turn|19
|
|switch|p2a: Gengar|Gengar, M|215\/263 brn
|move|p1a: Clefable|Calm Mind|p1a: Clefable
|-boost|p1a: Clefable|spa|1
|-boost|p1a: Clefable|spd|1
|
|-heal|p2a: Gengar|231\/263 brn|[from] item: Black Sludge
|-heal|p1a: Clefable|256\/394|[from] item: Leftovers
|-damage|p2a: Gengar|199\/263 brn|[from] brn
|turn|20
|
|move|p1a: Clefable|Protect|p1a: Clefable
|-singleturn|p1a: Clefable|Protect
|move|p2a: Gengar|Taunt|p1a: Clefable
|-activate|p1a: Clefable|Protect
|
|-heal|p2a: Gengar|215\/263 brn|[from] item: Black Sludge
|-heal|p1a: Clefable|280\/394|[from] item: Leftovers
|-damage|p2a: Gengar|183\/263 brn|[from] brn
|turn|21
|
|move|p2a: Gengar|Sludge Wave|p1a: Clefable
|-supereffective|p1a: Clefable
|-damage|p1a: Clefable|100\/394
|move|p1a: Clefable|Moonblast|p2a: Gengar
|-resisted|p2a: Gengar
|-damage|p2a: Gengar|54\/263 brn
|
|-heal|p2a: Gengar|70\/263 brn|[from] item: Black Sludge
|-heal|p1a: Clefable|124\/394|[from] item: Leftovers
|-damage|p2a: Gengar|38\/263 brn|[from] brn
|turn|22
|
|move|p1a: Clefable|Protect|p1a: Clefable
|-singleturn|p1a: Clefable|Protect
|move|p2a: Gengar|Sludge Wave|p1a: Clefable
|-activate|p1a: Clefable|Protect
|
|-heal|p2a: Gengar|54\/263 brn|[from] item: Black Sludge
|-heal|p1a: Clefable|148\/394|[from] item: Leftovers
|-damage|p2a: Gengar|22\/263 brn|[from] brn
|turn|23
|
|switch|p1a: Tentacruel|Tentacruel, F|182\/361 brn
|move|p2a: Gengar|Sludge Wave|p1a: Tentacruel
|-resisted|p1a: Tentacruel
|-damage|p1a: Tentacruel|110\/361 brn
|
|-heal|p2a: Gengar|38\/263 brn|[from] item: Black Sludge
|-damage|p2a: Gengar|6\/263 brn|[from] brn
|-damage|p1a: Tentacruel|65\/361 brn|[from] brn
|turn|24
|
|move|p2a: Gengar|Hex|p1a: Tentacruel
|-damage|p1a: Tentacruel|0 fnt
|faint|p1a: Tentacruel
|
|-heal|p2a: Gengar|22\/263 brn|[from] item: Black Sludge
|-damage|p2a: Gengar|0 fnt|[from] brn
|faint|p2a: Gengar
|
|switch|p2a: Landorus-Therian|Landorus-Therian, M|382\/382
|switch|p1a: Clefable|Clefable, F|148\/394
|-ability|p2a: Landorus-Therian|Intimidate|[of] p1a: Clefable
|-unboost|p1a: Clefable|atk|1
|turn|25
|
|move|p1a: Clefable|Protect|p1a: Clefable
|-singleturn|p1a: Clefable|Protect
|move|p2a: Landorus-Therian|Earthquake|p1a: Clefable
|-activate|p1a: Clefable|Protect
|
|-heal|p1a: Clefable|172\/394|[from] item: Leftovers
|turn|26
|
|switch|p1a: Chesnaught|Chesnaught, M|380\/380
|move|p2a: Landorus-Therian|Earthquake|p1a: Chesnaught
|-crit|p1a: Chesnaught
|-resisted|p1a: Chesnaught
|-damage|p1a: Chesnaught|299\/380
|
|-heal|p1a: Chesnaught|322\/380|[from] item: Leftovers
|turn|27
|c|âprodude|pussy
|
|move|p2a: Landorus-Therian|Stealth Rock|p1a: Chesnaught
|-sidestart|p1: JiaShengz|move: Stealth Rock
|move|p1a: Chesnaught|Leech Seed|p2a: Landorus-Therian
|-start|p2a: Landorus-Therian|move: Leech Seed
|
|-heal|p1a: Chesnaught|345\/380|[from] item: Leftovers
|-damage|p2a: Landorus-Therian|335\/382|[from] Leech Seed|[of] p1a: Chesnaught
|-heal|p1a: Chesnaught|380\/380|[silent]
|turn|28
|
|switch|p2a: Mew|Mew|184\/404 psn
|move|p1a: Chesnaught|Spiky Shield|p1a: Chesnaught
|-fail|p1a: Chesnaught
|
|-damage|p2a: Mew|134\/404 psn|[from] psn
|turn|29
|
|move|p2a: Mew|Will-O-Wisp|p1a: Chesnaught
|-status|p1a: Chesnaught|brn
|move|p1a: Chesnaught|Leech Seed|p2a: Mew
|-start|p2a: Mew|move: Leech Seed
|
|-damage|p2a: Mew|84\/404 psn|[from] Leech Seed|[of] p1a: Chesnaught
|-damage|p2a: Mew|34\/404 psn|[from] psn
|-damage|p1a: Chesnaught|333\/380 brn|[from] brn
|turn|30
|
|switch|p1a: Clefable|Clefable, F|172\/394
|-damage|p1a: Clefable|123\/394|[from] Stealth Rock
|move|p2a: Mew|Roost|p2a: Mew
|-heal|p2a: Mew|236\/404 psn
|
|-heal|p1a: Clefable|147\/394|[from] item: Leftovers
|-damage|p2a: Mew|186\/404 psn|[from] Leech Seed|[of] p1a: Clefable
|-heal|p1a: Clefable|197\/394|[silent]
|-damage|p2a: Mew|136\/404 psn|[from] psn
|turn|31
|
|switch|p2a: Landorus-Therian|Landorus-Therian, M|335\/382
|-ability|p2a: Landorus-Therian|Intimidate|[of] p1a: Clefable
|-unboost|p1a: Clefable|atk|1
|move|p1a: Clefable|Wish|p1a: Clefable
|
|-heal|p2a: Landorus-Therian|358\/382|[from] item: Leftovers
|-heal|p1a: Clefable|221\/394|[from] item: Leftovers
|turn|32
|
|move|p2a: Landorus-Therian|Knock Off|p1a: Clefable
|-resisted|p1a: Clefable
|-damage|p1a: Clefable|178\/394
|-enditem|p1a: Clefable|Leftovers|[from] move: Knock Off|[of] p2a: Landorus-Therian
|move|p1a: Clefable|Calm Mind|p1a: Clefable
|-boost|p1a: Clefable|spa|1
|-boost|p1a: Clefable|spd|1
|
|-heal|p1a: Clefable|375\/394|[from] move: Wish|[wisher] Clefable
|-heal|p2a: Landorus-Therian|381\/382|[from] item: Leftovers
|turn|33
|
|move|p2a: Landorus-Therian|Earthquake|p1a: Clefable
|-damage|p1a: Clefable|240\/394
|move|p1a: Clefable|Wish|p1a: Clefable
|
|-heal|p2a: Landorus-Therian|382\/382|[from] item: Leftovers
|turn|34
|
|move|p2a: Landorus-Therian|U-turn|p1a: Clefable
|-resisted|p1a: Clefable
|-damage|p1a: Clefable|209\/394
|
|switch|p2a: Rotom-Wash|Rotom-Wash|303\/303
|move|p1a: Clefable|Calm Mind|p1a: Clefable
|-boost|p1a: Clefable|spa|1
|-boost|p1a: Clefable|spd|1
|
|-heal|p1a: Clefable|394\/394|[from] move: Wish|[wisher] Clefable
|turn|35
|
|move|p2a: Rotom-Wash|Will-O-Wisp|p1a: Clefable
|-status|p1a: Clefable|brn
|move|p1a: Clefable|Moonblast|p2a: Rotom-Wash
|-crit|p2a: Rotom-Wash
|-damage|p2a: Rotom-Wash|8\/303
|-unboost|p2a: Rotom-Wash|spa|1
|
|-heal|p2a: Rotom-Wash|26\/303|[from] item: Leftovers
|-damage|p1a: Clefable|345\/394 brn|[from] brn
|turn|36
|
|move|p2a: Rotom-Wash|Pain Split|p1a: Clefable
|-sethp|p1a: Clefable|185\/394 brn|p2a: Rotom-Wash|185\/303|[from] move: Pain Split
|move|p1a: Clefable|Wish|p1a: Clefable
|
|-heal|p2a: Rotom-Wash|203\/303|[from] item: Leftovers
|-damage|p1a: Clefable|136\/394 brn|[from] brn
|turn|37
|
|move|p2a: Rotom-Wash|Hydro Pump|p1a: Clefable
|-damage|p1a: Clefable|60\/394 brn
|move|p1a: Clefable|Calm Mind|p1a: Clefable
|-boost|p1a: Clefable|spa|1
|-boost|p1a: Clefable|spd|1
|
|-heal|p1a: Clefable|257\/394 brn|[from] move: Wish|[wisher] Clefable
|-heal|p2a: Rotom-Wash|221\/303|[from] item: Leftovers
|-damage|p1a: Clefable|208\/394 brn|[from] brn
|turn|38
|
|switch|p2a: Landorus-Therian|Landorus-Therian, M|382\/382
|-ability|p2a: Landorus-Therian|Intimidate|[of] p1a: Clefable
|-unboost|p1a: Clefable|atk|1
|move|p1a: Clefable|Wish|p1a: Clefable
|
|-damage|p1a: Clefable|159\/394 brn|[from] brn
|turn|39
|
|move|p1a: Clefable|Protect|p1a: Clefable
|-singleturn|p1a: Clefable|Protect
|move|p2a: Landorus-Therian|Earthquake|p1a: Clefable
|-activate|p1a: Clefable|Protect
|
|-heal|p1a: Clefable|356\/394 brn|[from] move: Wish|[wisher] Clefable
|-damage|p1a: Clefable|307\/394 brn|[from] brn
|turn|40
|
|move|p2a: Landorus-Therian|Earthquake|p1a: Clefable
|-damage|p1a: Clefable|163\/394 brn
|move|p1a: Clefable|Moonblast|p2a: Landorus-Therian
|-damage|p2a: Landorus-Therian|84\/382
|-unboost|p2a: Landorus-Therian|spa|1
|
|-heal|p2a: Landorus-Therian|107\/382|[from] item: Leftovers
|-damage|p1a: Clefable|114\/394 brn|[from] brn
|turn|41
|
|switch|p1a: Chesnaught|Chesnaught, M|333\/380 brn
|-damage|p1a: Chesnaught|310\/380 brn|[from] Stealth Rock
|move|p2a: Landorus-Therian|Earthquake|p1a: Chesnaught
|-resisted|p1a: Chesnaught
|-damage|p1a: Chesnaught|256\/380 brn
|
|-heal|p2a: Landorus-Therian|130\/382|[from] item: Leftovers
|-heal|p1a: Chesnaught|279\/380 brn|[from] item: Leftovers
|-damage|p1a: Chesnaught|232\/380 brn|[from] brn
|turn|42
|
|move|p2a: Landorus-Therian|Knock Off|p1a: Chesnaught
|-resisted|p1a: Chesnaught
|-damage|p1a: Chesnaught|202\/380 brn
|-enditem|p1a: Chesnaught|Leftovers|[from] move: Knock Off|[of] p2a: Landorus-Therian
|move|p1a: Chesnaught|Leech Seed|p2a: Landorus-Therian
|-start|p2a: Landorus-Therian|move: Leech Seed
|
|-heal|p2a: Landorus-Therian|153\/382|[from] item: Leftovers
|-damage|p2a: Landorus-Therian|106\/382|[from] Leech Seed|[of] p1a: Chesnaught
|-heal|p1a: Chesnaught|249\/380 brn|[silent]
|-damage|p1a: Chesnaught|202\/380 brn|[from] brn
|turn|43
|
|switch|p2a: Mew|Mew|136\/404 psn
|move|p1a: Chesnaught|Leech Seed|p2a: Mew
|-start|p2a: Mew|move: Leech Seed
|
|-damage|p2a: Mew|86\/404 psn|[from] Leech Seed|[of] p1a: Chesnaught
|-heal|p1a: Chesnaught|252\/380 brn|[silent]
|-damage|p2a: Mew|36\/404 psn|[from] psn
|-damage|p1a: Chesnaught|205\/380 brn|[from] brn
|turn|44
|
|switch|p1a: Clefable|Clefable, F|114\/394 brn
|-damage|p1a: Clefable|65\/394 brn|[from] Stealth Rock
|move|p2a: Mew|Roost|p2a: Mew
|-heal|p2a: Mew|238\/404 psn
|
|-damage|p2a: Mew|188\/404 psn|[from] Leech Seed|[of] p1a: Clefable
|-heal|p1a: Clefable|115\/394 brn|[silent]
|-damage|p2a: Mew|138\/404 psn|[from] psn
|-damage|p1a: Clefable|66\/394 brn|[from] brn
|turn|45
|
|switch|p2a: Tyranitar|Tyranitar, F|342\/342
|-weather|Sandstorm
|move|p1a: Clefable|Wish|p1a: Clefable
|
|-weather|Sandstorm|[upkeep]
|-damage|p1a: Clefable|42\/394 brn|[from] sandstorm
|-damage|p1a: Clefable|0 fnt|[from] brn
|faint|p1a: Clefable
|c|âprodude|hahahahahahha
|
|switch|p1a: Chesnaught|Chesnaught, M|205\/380 brn
|-damage|p1a: Chesnaught|182\/380 brn|[from] Stealth Rock
|turn|46
|c|âprodude|die bitch
|c|âprodude|you fat fucker
|c|âprodude|go to hell
|c|âprodude|you fucken mutant
|
|move|p1a: Chesnaught|Spiky Shield|p1a: Chesnaught
|-singleturn|p1a: Chesnaught|move: Protect
|move|p2a: Tyranitar|Superpower|p1a: Chesnaught
|-activate|p1a: Chesnaught|move: Protect
|-damage|p2a: Tyranitar|300\/342|[from] Spiky Shield|[of] p1a: Chesnaught
|
|-weather|Sandstorm|[upkeep]
|-damage|p1a: Chesnaught|159\/380 brn|[from] sandstorm
|-heal|p1a: Chesnaught|356\/380 brn|[from] move: Wish|[wisher] Clefable
|-damage|p1a: Chesnaught|309\/380 brn|[from] brn
|turn|47
|
|move|p2a: Tyranitar|Superpower|p1a: Chesnaught
|-damage|p1a: Chesnaught|210\/380 brn
|-unboost|p2a: Tyranitar|atk|1
|-unboost|p2a: Tyranitar|def|1
|move|p1a: Chesnaught|Drain Punch|p2a: Tyranitar
|-supereffective|p2a: Tyranitar
|-damage|p2a: Tyranitar|56\/342
|-heal|p1a: Chesnaught|332\/380 brn|[from] drain|[of] p2a: Tyranitar
|
|-weather|Sandstorm|[upkeep]
|-damage|p1a: Chesnaught|309\/380 brn|[from] sandstorm
|-damage|p1a: Chesnaught|262\/380 brn|[from] brn
|turn|48
|
|switch|p2a: Landorus-Therian|Landorus-Therian, M|106\/382
|-ability|p2a: Landorus-Therian|Intimidate|[of] p1a: Chesnaught
|-unboost|p1a: Chesnaught|atk|1
|move|p1a: Chesnaught|Spiky Shield|p1a: Chesnaught
|-fail|p1a: Chesnaught
|
|-weather|Sandstorm|[upkeep]
|-damage|p1a: Chesnaught|239\/380 brn|[from] sandstorm
|-heal|p2a: Landorus-Therian|129\/382|[from] item: Leftovers
|-damage|p1a: Chesnaught|192\/380 brn|[from] brn
|turn|49
|
|move|p2a: Landorus-Therian|Earthquake|p1a: Chesnaught
|-resisted|p1a: Chesnaught
|-damage|p1a: Chesnaught|138\/380 brn
|move|p1a: Chesnaught|Leech Seed|p2a: Landorus-Therian
|-start|p2a: Landorus-Therian|move: Leech Seed
|
|-weather|none
|-heal|p2a: Landorus-Therian|152\/382|[from] item: Leftovers
|-damage|p2a: Landorus-Therian|105\/382|[from] Leech Seed|[of] p1a: Chesnaught
|-heal|p1a: Chesnaught|185\/380 brn|[silent]
|-damage|p1a: Chesnaught|138\/380 brn|[from] brn
|turn|50
|
|switch|p2a: Tyranitar|Tyranitar, F|56\/342
|-weather|Sandstorm
|move|p1a: Chesnaught|Leech Seed|p2a: Tyranitar
|-start|p2a: Tyranitar|move: Leech Seed
|
|-weather|Sandstorm|[upkeep]
|-damage|p1a: Chesnaught|115\/380 brn|[from] sandstorm
|-damage|p2a: Tyranitar|14\/342|[from] Leech Seed|[of] p1a: Chesnaught
|-heal|p1a: Chesnaught|157\/380 brn|[silent]
|-damage|p1a: Chesnaught|110\/380 brn|[from] brn
|turn|51
|
|switch|p2a: Landorus-Therian|Landorus-Therian, M|105\/382
|-ability|p2a: Landorus-Therian|Intimidate|[of] p1a: Chesnaught
|-unboost|p1a: Chesnaught|atk|1
|move|p1a: Chesnaught|Spiky Shield|p1a: Chesnaught
|-fail|p1a: Chesnaught
|
|-weather|Sandstorm|[upkeep]
|-damage|p1a: Chesnaught|87\/380 brn|[from] sandstorm
|-heal|p2a: Landorus-Therian|128\/382|[from] item: Leftovers
|-damage|p1a: Chesnaught|40\/380 brn|[from] brn
|turn|52
|-message|JiaShengz forfeited.
|
|win|produde
|raw|Ladder updating...
|leave|JiaShengz
|player|p1
|raw|JiaShengz's rating: 1328 &rarr; <strong>1302<\/strong><br \/>(-26 for losing)
|raw|produde's rating: 1225 &rarr; <strong>1257<\/strong><br \/>(+32 for winning)
|c|âprodude|die fucker
|c|âprodude|go to hell