|join|JiaShengz
|join|Testaltr
|player|p1|JiaShengz|168
|player|p2|Testaltr|292
|gametype|singles
|gen|6
|tier|OU (suspect test)
|rated
|clearpoke
|poke|p1|Chansey, F
|poke|p1|Clefable, F
|poke|p1|Sableye, M
|poke|p1|Heatran, M
|poke|p1|Tentacruel, M
|poke|p1|Chesnaught, M
|poke|p2|Rotom-Wash
|poke|p2|Diggersby, F
|poke|p2|Talonflame, M
|poke|p2|Xatu, F
|poke|p2|Diancie
|poke|p2|Cobalion
|rule|Swagger Clause: Swagger is banned
|rule|Baton Pass Clause: Limit one PokÃ©mon knowing Baton Pass
|rule|Sleep Clause Mod: Limit one foe put to sleep
|rule|Species Clause: Limit one of each PokÃ©mon
|rule|OHKO Clause: OHKO moves are banned
|rule|Moody Clause: Moody is banned
|rule|Evasion Moves Clause: Evasion moves are banned
|rule|Endless Battle Clause: Forcing endless battles is banned
|rule|HP Percentage Mod: HP is shown in percentages
|teampreview
|
|start
|switch|p1a: Tentacruel|Tentacruel, M|361\/361
|switch|p2a: Diggersby|Diggersby, F|311\/311
|turn|1
|
|switch|p1a: Sableye|Sableye, M|304\/304
|move|p2a: Diggersby|Earthquake|p1a: Sableye
|-damage|p1a: Sableye|106\/304
|
|turn|2
|
|switch|p2a: Xatu|Xatu, F|333\/333
|detailschange|p1a: Sableye|Sableye-Mega, M
|-mega|p1a: Sableye|Sableye|Sablenite
|move|p1a: Sableye|Recover|p1a: Sableye
|-heal|p1a: Sableye|258\/304
|
|turn|3
|
|move|p2a: Xatu|U-turn|p1a: Sableye
|-damage|p1a: Sableye|230\/304
|
|switch|p2a: Diancie|Diancie|241\/241
|move|p1a: Sableye|Knock Off|p2a: Diancie
|-resisted|p2a: Diancie
|-damage|p2a: Diancie|219\/241
|
|turn|4
|
|switch|p1a: Chansey|Chansey, F|703\/703
|detailschange|p2a: Diancie|Diancie-Mega
|-mega|p2a: Diancie|Diancie|Diancite
|move|p2a: Diancie|Diamond Storm|p1a: Chansey
|-damage|p1a: Chansey|442\/703
|-boost|p2a: Diancie|def|1
|
|turn|5
|
|switch|p2a: Xatu|Xatu, F|333\/333
|move|p1a: Chansey|Soft-Boiled|p1a: Chansey
|-heal|p1a: Chansey|703\/703
|
|turn|6
|
|move|p2a: Xatu|U-turn|p1a: Chansey
|-crit|p1a: Chansey
|-damage|p1a: Chansey|622\/703
|
|switch|p2a: Cobalion|Cobalion|324\/324
|move|p1a: Chansey|Wish|p1a: Chansey
|
|turn|7
|
|switch|p1a: Chesnaught|Chesnaught, M|380\/380
|move|p2a: Cobalion|Iron Head|p1a: Chesnaught
|-damage|p1a: Chesnaught|308\/380
|
|-heal|p1a: Chesnaught|380\/380|[from] move: Wish|[wisher] Chansey
|turn|8
|
|switch|p2a: Xatu|Xatu, F|333\/333
|move|p1a: Chesnaught|Spikes|p2a: Xatu
|move|p2a: Xatu|Spikes|p1a: Chesnaught|[from]Magic Bounce
|-sidestart|p1: JiaShengz|Spikes
|
|turn|9
|
|move|p1a: Chesnaught|Spiky Shield|p1a: Chesnaught
|-singleturn|p1a: Chesnaught|move: Protect
|move|p2a: Xatu|U-turn|p1a: Chesnaught
|-activate|p1a: Chesnaught|move: Protect
|-damage|p2a: Xatu|292\/333|[from] Spiky Shield|[of] p1a: Chesnaught
|
|turn|10
|
|move|p2a: Xatu|Thunder Wave|p1a: Chesnaught
|-status|p1a: Chesnaught|par
|cant|p1a: Chesnaught|par
|
|turn|11
|
|move|p1a: Chesnaught|Spiky Shield|p1a: Chesnaught
|-singleturn|p1a: Chesnaught|move: Protect
|move|p2a: Xatu|U-turn|p1a: Chesnaught
|-activate|p1a: Chesnaught|move: Protect
|-damage|p2a: Xatu|251\/333|[from] Spiky Shield|[of] p1a: Chesnaught
|
|turn|12
|
|move|p2a: Xatu|Roost|p2a: Xatu
|-heal|p2a: Xatu|333\/333
|move|p1a: Chesnaught|Spikes|p2a: Xatu
|move|p2a: Xatu|Spikes|p1a: Chesnaught|[from]Magic Bounce
|-sidestart|p1: JiaShengz|Spikes
|
|turn|13
|
|move|p1a: Chesnaught|Spiky Shield|p1a: Chesnaught
|-singleturn|p1a: Chesnaught|move: Protect
|move|p2a: Xatu|Night Shade|p1a: Chesnaught
|-activate|p1a: Chesnaught|move: Protect
|
|turn|14
|
|switch|p1a: Tentacruel|Tentacruel, M|361\/361
|-damage|p1a: Tentacruel|301\/361|[from] Spikes
|move|p2a: Xatu|U-turn|p1a: Tentacruel
|-resisted|p1a: Tentacruel
|-damage|p1a: Tentacruel|279\/361
|
|switch|p2a: Diggersby|Diggersby, F|311\/311
|
|-heal|p1a: Tentacruel|301\/361|[from] item: Black Sludge
|turn|15
|
|switch|p1a: Chesnaught|Chesnaught, M|380\/380 par
|-damage|p1a: Chesnaught|317\/380 par|[from] Spikes
|move|p2a: Diggersby|Earthquake|p1a: Chesnaught
|-crit|p1a: Chesnaught
|-resisted|p1a: Chesnaught
|-damage|p1a: Chesnaught|203\/380 par
|
|-heal|p1a: Chesnaught|226\/380 par|[from] item: Leftovers
|turn|16
|
|switch|p2a: Xatu|Xatu, F|333\/333
|move|p1a: Chesnaught|Drain Punch|p2a: Xatu
|-resisted|p2a: Xatu
|-damage|p2a: Xatu|310\/333
|-heal|p1a: Chesnaught|238\/380 par|[from] drain|[of] p2a: Xatu
|-damage|p1a: Chesnaught|175\/380 par|[from] item: Rocky Helmet|[of] p2a: Xatu
|
|-heal|p1a: Chesnaught|198\/380 par|[from] item: Leftovers
|turn|17
|
|move|p1a: Chesnaught|Spiky Shield|p1a: Chesnaught
|-singleturn|p1a: Chesnaught|move: Protect
|move|p2a: Xatu|U-turn|p1a: Chesnaught
|-activate|p1a: Chesnaught|move: Protect
|-damage|p2a: Xatu|269\/333|[from] Spiky Shield|[of] p1a: Chesnaught
|
|-heal|p1a: Chesnaught|221\/380 par|[from] item: Leftovers
|turn|18
|
|move|p2a: Xatu|U-turn|p1a: Chesnaught
|-damage|p1a: Chesnaught|195\/380 par
|
|switch|p2a: Diancie|Diancie-Mega|219\/241
|move|p1a: Chesnaught|Drain Punch|p2a: Diancie
|-damage|p2a: Diancie|138\/241
|-heal|p1a: Chesnaught|236\/380 par|[from] drain|[of] p2a: Diancie
|
|-heal|p1a: Chesnaught|259\/380 par|[from] item: Leftovers
|turn|19
|
|cant|p1a: Chesnaught|par
|move|p2a: Diancie|Moonblast|p1a: Chesnaught
|-supereffective|p1a: Chesnaught
|-damage|p1a: Chesnaught|0 fnt
|faint|p1a: Chesnaught
|
|
|switch|p1a: Chansey|Chansey, F|622\/703
|-damage|p1a: Chansey|505\/703|[from] Spikes
|turn|20
|
|move|p2a: Diancie|Diamond Storm|p1a: Chansey
|-damage|p1a: Chansey|279\/703
|move|p1a: Chansey|Seismic Toss|p2a: Diancie
|-damage|p2a: Diancie|38\/241
|
|turn|21
|
|switch|p2a: Cobalion|Cobalion|324\/324
|move|p1a: Chansey|Soft-Boiled|p1a: Chansey
|-heal|p1a: Chansey|631\/703
|
|turn|22
|
|switch|p1a: Sableye|Sableye-Mega, M|230\/304
|-damage|p1a: Sableye|180\/304|[from] Spikes
|move|p2a: Cobalion|Iron Head|p1a: Sableye
|-damage|p1a: Sableye|110\/304
|
|turn|23
|
|switch|p2a: Talonflame|Talonflame, M|297\/297
|move|p1a: Sableye|Recover|p1a: Sableye
|-heal|p1a: Sableye|262\/304
|
|turn|24
|
|move|p2a: Talonflame|U-turn|p1a: Sableye
|-damage|p1a: Sableye|199\/304
|
|switch|p2a: Xatu|Xatu, F|269\/333
|move|p1a: Sableye|Knock Off|p2a: Xatu
|-crit|p2a: Xatu
|-supereffective|p2a: Xatu
|-damage|p2a: Xatu|0 fnt
|-damage|p1a: Sableye|149\/304|[from] item: Rocky Helmet|[of] p2a: Xatu
|-enditem|p2a: Xatu|Rocky Helmet|[from] move: Knock Off|[of] p1a: Sableye
|faint|p2a: Xatu
|
|
|switch|p2a: Diggersby|Diggersby, F|311\/311
|turn|25
|
|move|p2a: Diggersby|Earthquake|p1a: Sableye
|-damage|p1a: Sableye|0 fnt
|faint|p1a: Sableye
|
|
|switch|p1a: Clefable|Clefable, F|394\/394
|-damage|p1a: Clefable|329\/394|[from] Spikes
|turn|26
|
|move|p2a: Diggersby|Earthquake|p1a: Clefable
|-damage|p1a: Clefable|143\/394
|move|p1a: Clefable|Wish|p1a: Clefable
|
|-heal|p1a: Clefable|167\/394|[from] item: Leftovers
|turn|27
|
|move|p1a: Clefable|Protect|p1a: Clefable
|-singleturn|p1a: Clefable|Protect
|move|p2a: Diggersby|Earthquake|p1a: Clefable
|-activate|p1a: Clefable|Protect
|
|-heal|p1a: Clefable|364\/394|[from] move: Wish|[wisher] Clefable
|-heal|p1a: Clefable|388\/394|[from] item: Leftovers
|turn|28
|
|move|p2a: Diggersby|Earthquake|p1a: Clefable
|-crit|p1a: Clefable
|-damage|p1a: Clefable|103\/394
|move|p1a: Clefable|Wish|p1a: Clefable
|
|-heal|p1a: Clefable|127\/394|[from] item: Leftovers
|turn|29
|
|move|p1a: Clefable|Protect|p1a: Clefable
|-singleturn|p1a: Clefable|Protect
|move|p2a: Diggersby|Earthquake|p1a: Clefable
|-activate|p1a: Clefable|Protect
|
|-heal|p1a: Clefable|324\/394|[from] move: Wish|[wisher] Clefable
|-heal|p1a: Clefable|348\/394|[from] item: Leftovers
|turn|30
|
|move|p2a: Diggersby|Earthquake|p1a: Clefable
|-damage|p1a: Clefable|129\/394
|move|p1a: Clefable|Wish|p1a: Clefable
|
|-heal|p1a: Clefable|153\/394|[from] item: Leftovers
|turn|31
|
|switch|p2a: Cobalion|Cobalion|324\/324
|move|p1a: Clefable|Protect|p1a: Clefable
|-fail|p1a: Clefable
|
|-heal|p1a: Clefable|350\/394|[from] move: Wish|[wisher] Clefable
|-heal|p1a: Clefable|374\/394|[from] item: Leftovers
|turn|32
|
|switch|p1a: Tentacruel|Tentacruel, M|301\/361
|-damage|p1a: Tentacruel|241\/361|[from] Spikes
|move|p2a: Cobalion|Iron Head|p1a: Tentacruel
|-resisted|p1a: Tentacruel
|-damage|p1a: Tentacruel|190\/361
|
|-heal|p1a: Tentacruel|212\/361|[from] item: Black Sludge
|turn|33
|
|switch|p2a: Diggersby|Diggersby, F|311\/311
|move|p1a: Tentacruel|Rapid Spin|p2a: Diggersby
|-damage|p2a: Diggersby|298\/311
|-sideend|p1: JiaShengz|Spikes|[from] move: Rapid Spin|[of] p1a: Tentacruel
|
|-heal|p1a: Tentacruel|234\/361|[from] item: Black Sludge
|turn|34
|
|switch|p1a: Clefable|Clefable, F|374\/394
|move|p2a: Diggersby|Earthquake|p1a: Clefable
|-damage|p1a: Clefable|182\/394
|
|-heal|p1a: Clefable|206\/394|[from] item: Leftovers
|turn|35
|
|switch|p2a: Cobalion|Cobalion|324\/324
|move|p1a: Clefable|Protect|p1a: Clefable
|-fail|p1a: Clefable
|
|-heal|p1a: Clefable|230\/394|[from] item: Leftovers
|turn|36
|
|switch|p1a: Tentacruel|Tentacruel, M|234\/361
|move|p2a: Cobalion|Taunt|p1a: Tentacruel
|-start|p1a: Tentacruel|move: Taunt
|
|-heal|p1a: Tentacruel|256\/361|[from] item: Black Sludge
|turn|37
|
|switch|p2a: Rotom-Wash|Rotom-Wash|304\/304
|move|p1a: Tentacruel|Scald|p2a: Rotom-Wash
|-resisted|p2a: Rotom-Wash
|-damage|p2a: Rotom-Wash|269\/304
|
|-heal|p1a: Tentacruel|278\/361|[from] item: Black Sludge
|-heal|p2a: Rotom-Wash|288\/304|[from] item: Leftovers
|turn|38
|
|switch|p1a: Chansey|Chansey, F|631\/703
|move|p2a: Rotom-Wash|Volt Switch|p1a: Chansey
|-damage|p1a: Chansey|580\/703
|
|switch|p2a: Diggersby|Diggersby, F|298\/311
|
|turn|39
|
|move|p2a: Diggersby|Knock Off|p1a: Chansey
|-damage|p1a: Chansey|381\/703
|-enditem|p1a: Chansey|Eviolite|[from] move: Knock Off|[of] p2a: Diggersby
|move|p1a: Chansey|Soft-Boiled|p1a: Chansey
|-heal|p1a: Chansey|703\/703
|
|turn|40
|
|switch|p2a: Rotom-Wash|Rotom-Wash|288\/304
|move|p1a: Chansey|Wish|p1a: Chansey
|
|-heal|p2a: Rotom-Wash|304\/304|[from] item: Leftovers
|turn|41
|
|move|p2a: Rotom-Wash|Volt Switch|p1a: Chansey
|-damage|p1a: Chansey|627\/703
|
|switch|p2a: Cobalion|Cobalion|324\/324
|move|p1a: Chansey|Seismic Toss|p2a: Cobalion
|-damage|p2a: Cobalion|224\/324
|
|-heal|p1a: Chansey|703\/703|[from] move: Wish|[wisher] Chansey
|turn|42
|
|switch|p1a: Tentacruel|Tentacruel, M|278\/361
|move|p2a: Cobalion|Stealth Rock|p1a: Tentacruel
|-sidestart|p1: JiaShengz|move: Stealth Rock
|
|-heal|p1a: Tentacruel|300\/361|[from] item: Black Sludge
|turn|43
|
|move|p2a: Cobalion|Taunt|p1a: Tentacruel
|-start|p1a: Tentacruel|move: Taunt
|cant|p1a: Tentacruel|move: Taunt|Toxic Spikes
|
|-heal|p1a: Tentacruel|322\/361|[from] item: Black Sludge
|turn|44
|
|switch|p2a: Diggersby|Diggersby, F|298\/311
|move|p1a: Tentacruel|Rapid Spin|p2a: Diggersby
|-damage|p2a: Diggersby|285\/311
|-sideend|p1: JiaShengz|Stealth Rock|[from] move: Rapid Spin|[of] p1a: Tentacruel
|
|-heal|p1a: Tentacruel|344\/361|[from] item: Black Sludge
|turn|45
|
|switch|p1a: Chansey|Chansey, F|703\/703
|move|p2a: Diggersby|Earthquake|p1a: Chansey
|-damage|p1a: Chansey|265\/703
|
|turn|46
|
|move|p2a: Diggersby|Earthquake|p1a: Chansey
|-damage|p1a: Chansey|0 fnt
|faint|p1a: Chansey
|
|
|switch|p1a: Clefable|Clefable, F|230\/394
|turn|47
|
|move|p2a: Diggersby|Earthquake|p1a: Clefable
|-damage|p1a: Clefable|34\/394
|move|p1a: Clefable|Wish|p1a: Clefable
|
|-heal|p1a: Clefable|58\/394|[from] item: Leftovers
|turn|48
|
|switch|p2a: Cobalion|Cobalion|224\/324
|move|p1a: Clefable|Moonblast|p2a: Cobalion
|-damage|p2a: Cobalion|80\/324
|
|-heal|p1a: Clefable|255\/394|[from] move: Wish|[wisher] Clefable
|-heal|p1a: Clefable|279\/394|[from] item: Leftovers
|turn|49
|
|switch|p1a: Tentacruel|Tentacruel, M|344\/361
|move|p2a: Cobalion|Stealth Rock|p1a: Tentacruel
|-sidestart|p1: JiaShengz|move: Stealth Rock
|
|-heal|p1a: Tentacruel|361\/361|[from] item: Black Sludge
|turn|50
|
|switch|p2a: Diancie|Diancie-Mega|38\/241
|move|p1a: Tentacruel|Scald|p2a: Diancie
|-supereffective|p2a: Diancie
|-damage|p2a: Diancie|0 fnt
|faint|p2a: Diancie
|
|
|switch|p2a: Diggersby|Diggersby, F|285\/311
|turn|51
|
|switch|p1a: Heatran|Heatran, M|386\/386
|-damage|p1a: Heatran|338\/386|[from] Stealth Rock
|move|p2a: Diggersby|Earthquake|p1a: Heatran
|-supereffective|p1a: Heatran
|-damage|p1a: Heatran|0 fnt
|faint|p1a: Heatran
|
|
|switch|p1a: Clefable|Clefable, F|279\/394
|-damage|p1a: Clefable|230\/394|[from] Stealth Rock
|turn|52
|
|move|p2a: Diggersby|Earthquake|p1a: Clefable
|-crit|p1a: Clefable
|-damage|p1a: Clefable|0 fnt
|faint|p1a: Clefable
|
|-message|JiaShengz forfeited.
|
|win|Testaltr
|raw|Ladder updating...
|leave|JiaShengz
|player|p1
|raw|JiaShengz's rating: 1414 &rarr; <strong>1391<\/strong><br \/>(-23 for losing)
|raw|Testaltr's rating: 1353 &rarr; <strong>1376<\/strong><br \/>(+23 for winning)