|join|JiaShengz
|join|MoB Barley
|player|p1|JiaShengz|265
|player|p2|MoB Barley|161
|gametype|singles
|gen|6
|tier|OU (suspect test)
|rated
|clearpoke
|poke|p1|Chansey, F
|poke|p1|Clefable, M
|poke|p1|Sableye, F
|poke|p1|Gliscor, M
|poke|p1|Tentacruel, M
|poke|p1|Skarmory, M
|poke|p2|Victini
|poke|p2|Keldeo-Resolute
|poke|p2|Bisharp, M, shiny
|poke|p2|Lopunny, F, shiny
|poke|p2|Azumarill, M
|poke|p2|Latios, M
|rule|Swagger Clause: Swagger is banned
|rule|Baton Pass Clause: Limit one PokÃ©mon knowing Baton Pass
|rule|Sleep Clause Mod: Limit one foe put to sleep
|rule|Species Clause: Limit one of each PokÃ©mon
|rule|OHKO Clause: OHKO moves are banned
|rule|Moody Clause: Moody is banned
|rule|Evasion Moves Clause: Evasion moves are banned
|rule|Endless Battle Clause: Forcing endless battles is banned
|rule|HP Percentage Mod: HP is shown in percentages
|teampreview
|join|aazazzz
|
|start
|switch|p1a: Tentacruel|Tentacruel, M|363\/363
|switch|p2a: Destructo Disc|Victini|341\/341
|turn|1
|
|switch|p1a: Gliscor|Gliscor, M|354\/354
|move|p2a: Destructo Disc|V-create|p1a: Gliscor
|-damage|p1a: Gliscor|6\/354
|-unboost|p2a: Destructo Disc|def|1
|-unboost|p2a: Destructo Disc|spd|1
|-unboost|p2a: Destructo Disc|spe|1
|
|-status|p1a: Gliscor|tox|[from] item: Toxic Orb
|turn|2
|
|switch|p1a: Tentacruel|Tentacruel, M|363\/363
|switch|p2a: Pwny|Keldeo-Resolute|323\/323
|
|turn|3
|
|switch|p2a: AC130|Latios, M|301\/301
|move|p1a: Tentacruel|Acid Spray|p2a: AC130
|-damage|p2a: AC130|261\/301
|-unboost|p2a: AC130|spd|2
|
|turn|4
|
|switch|p2a: Destructo Disc|Victini|341\/341
|switch|p1a: Clefable|Clefable, M|394\/394
|
|turn|5
|
|move|p1a: Clefable|Protect|p1a: Clefable
|-singleturn|p1a: Clefable|Protect
|move|p2a: Destructo Disc|V-create|p1a: Clefable
|-activate|p1a: Clefable|Protect
|
|turn|6
|
|move|p2a: Destructo Disc|V-create|p1a: Clefable
|-damage|p1a: Clefable|0 fnt
|-unboost|p2a: Destructo Disc|def|1
|-unboost|p2a: Destructo Disc|spd|1
|-unboost|p2a: Destructo Disc|spe|1
|faint|p1a: Clefable
|
|join|Omegasization
|
|switch|p1a: Sableye|Sableye, F|304\/304
|turn|7
|
|detailschange|p1a: Sableye|Sableye-Mega, F
|-mega|p1a: Sableye|Sableye|Sablenite
|move|p2a: Destructo Disc|V-create|p1a: Sableye
|-damage|p1a: Sableye|49\/304
|-unboost|p2a: Destructo Disc|def|1
|-unboost|p2a: Destructo Disc|spd|1
|-unboost|p2a: Destructo Disc|spe|1
|move|p1a: Sableye|Knock Off|p2a: Destructo Disc
|-supereffective|p2a: Destructo Disc
|-damage|p2a: Destructo Disc|0 fnt
|-enditem|p2a: Destructo Disc|Choice Band|[from] move: Knock Off|[of] p1a: Sableye
|faint|p2a: Destructo Disc
|
|
|switch|p2a: Prioritize|Bisharp, M, shiny|271\/271
|turn|8
|
|move|p2a: Prioritize|Knock Off|p1a: Sableye
|-crit|p1a: Sableye
|-damage|p1a: Sableye|0 fnt
|faint|p1a: Sableye
|
|
|switch|p1a: Skarmory|Skarmory, M|334\/334
|turn|9
|
|move|p2a: Prioritize|Knock Off|p1a: Skarmory
|-damage|p1a: Skarmory|223\/334
|-enditem|p1a: Skarmory|Shed Shell|[from] move: Knock Off|[of] p2a: Prioritize
|move|p1a: Skarmory|Stealth Rock|p2a: Prioritize
|-sidestart|p2: MoB Barley|move: Stealth Rock
|
|turn|10
|
|move|p2a: Prioritize|Stealth Rock|p1a: Skarmory
|-sidestart|p1: JiaShengz|move: Stealth Rock
|move|p1a: Skarmory|Whirlwind|p2a: Prioritize
|drag|p2a: Pwny|Keldeo-Resolute|323\/323
|-damage|p2a: Pwny|303\/323|[from] Stealth Rock
|
|turn|11
|
|switch|p2a: AC130|Latios, M|261\/301
|-damage|p2a: AC130|224\/301|[from] Stealth Rock
|switch|p1a: Tentacruel|Tentacruel, M|363\/363
|-damage|p1a: Tentacruel|318\/363|[from] Stealth Rock
|
|-heal|p1a: Tentacruel|340\/363|[from] item: Black Sludge
|turn|12
|
|switch|p1a: Gliscor|Gliscor, M|6\/354 tox
|-damage|p1a: Gliscor|0 fnt|[from] Stealth Rock
|faint|p1a: Gliscor
|move|p2a: AC130|Psyshock|p1: Gliscor|[notarget]
|-notarget
|
|
|switch|p1a: Chansey|Chansey, F|703\/703
|-damage|p1a: Chansey|616\/703|[from] Stealth Rock
|turn|13
|
|move|p2a: AC130|Psyshock|p1a: Chansey
|-damage|p1a: Chansey|374\/703
|-damage|p2a: AC130|194\/301|[from] item: Life Orb
|move|p1a: Chansey|Wish|p1a: Chansey
|
|turn|14
|
|switch|p1a: Skarmory|Skarmory, M|223\/334
|-damage|p1a: Skarmory|182\/334|[from] Stealth Rock
|move|p2a: AC130|Psyshock|p1a: Skarmory
|-resisted|p1a: Skarmory
|-damage|p1a: Skarmory|127\/334
|-damage|p2a: AC130|164\/301|[from] item: Life Orb
|
|-heal|p1a: Skarmory|334\/334|[from] move: Wish|[wisher] Chansey
|turn|15
|
|move|p2a: AC130|Draco Meteor|p1a: Skarmory
|-resisted|p1a: Skarmory
|-damage|p1a: Skarmory|133\/334
|-unboost|p2a: AC130|spa|2
|-damage|p2a: AC130|134\/301|[from] item: Life Orb
|move|p1a: Skarmory|Whirlwind|p2a: AC130
|drag|p2a: Pwny|Keldeo-Resolute|303\/323
|-damage|p2a: Pwny|283\/323|[from] Stealth Rock
|
|turn|16
|
|switch|p1a: Tentacruel|Tentacruel, M|340\/363
|-damage|p1a: Tentacruel|295\/363|[from] Stealth Rock
|move|p2a: Pwny|Scald|p1a: Tentacruel
|-resisted|p1a: Tentacruel
|-damage|p1a: Tentacruel|234\/363
|
|-heal|p1a: Tentacruel|256\/363|[from] item: Black Sludge
|turn|17
|
|move|p2a: Pwny|Scald|p1a: Tentacruel
|-resisted|p1a: Tentacruel
|-damage|p1a: Tentacruel|189\/363
|move|p1a: Tentacruel|Toxic Spikes|p2a: Pwny
|-sidestart|p2: MoB Barley|move: Toxic Spikes
|
|-heal|p1a: Tentacruel|211\/363|[from] item: Black Sludge
|turn|18
|join|PuddlesA1
|
|move|p2a: Pwny|Scald|p1a: Tentacruel
|-resisted|p1a: Tentacruel
|-damage|p1a: Tentacruel|149\/363
|move|p1a: Tentacruel|Acid Spray|p2a: Pwny
|-damage|p2a: Pwny|241\/323
|-unboost|p2a: Pwny|spd|2
|
|-heal|p1a: Tentacruel|171\/363|[from] item: Black Sludge
|turn|19
|
|switch|p2a: AC130|Latios, M|134\/301
|-damage|p2a: AC130|97\/301|[from] Stealth Rock
|move|p1a: Tentacruel|Scald|p2a: AC130
|-resisted|p2a: AC130
|-damage|p2a: AC130|55\/301
|
|-heal|p1a: Tentacruel|193\/363|[from] item: Black Sludge
|turn|20
|
|move|p2a: AC130|Psyshock|p1a: Tentacruel
|-supereffective|p1a: Tentacruel
|-damage|p1a: Tentacruel|0 fnt
|-damage|p2a: AC130|25\/301|[from] item: Life Orb
|faint|p1a: Tentacruel
|
|
|switch|p1a: Chansey|Chansey, F|374\/703
|-damage|p1a: Chansey|287\/703|[from] Stealth Rock
|turn|21
|
|move|p2a: AC130|Defog|p1a: Chansey
|-unboost|p1a: Chansey|evasion|1
|-sideend|p1: JiaShengz|Stealth Rock|[from] move: Defog|[of] p1a: Chansey
|-sideend|p2: MoB Barley|Toxic Spikes|[from] move: Defog|[of] p2a: AC130
|-sideend|p2: MoB Barley|Stealth Rock|[from] move: Defog|[of] p2a: AC130
|move|p1a: Chansey|Wish|p1a: Chansey
|
|turn|22
|
|move|p2a: AC130|Draco Meteor|p1a: Chansey
|-damage|p1a: Chansey|104\/703
|-unboost|p2a: AC130|spa|2
|-damage|p2a: AC130|0 fnt|[from] item: Life Orb
|faint|p2a: AC130
|move|p1a: Chansey|Wish|p1a: Chansey
|-fail|p1a: Chansey
|
|-heal|p1a: Chansey|455\/703|[from] move: Wish|[wisher] Chansey
|
|switch|p2a: Playboy|Lopunny, F, shiny|271\/271
|turn|23
|
|detailschange|p2a: Playboy|Lopunny-Mega, F, shiny
|-mega|p2a: Playboy|Lopunny|Lopunnite
|move|p2a: Playboy|High Jump Kick|p1a: Chansey
|-supereffective|p1a: Chansey
|-damage|p1a: Chansey|0 fnt
|faint|p1a: Chansey
|
|
|switch|p1a: Skarmory|Skarmory, M|133\/334
|turn|24
|
|move|p2a: Playboy|High Jump Kick|p1a: Skarmory
|-damage|p1a: Skarmory|0 fnt
|faint|p1a: Skarmory
|
|win|MoB Barley
|raw|Ladder updating...
|leave|JiaShengz
|raw|JiaShengz's rating: 1487 &rarr; <strong>1466<\/strong><br \/>(-21 for losing)
|raw|MoB Barley's rating: 1474 &rarr; <strong>1495<\/strong><br \/>(+21 for winning)
|leave|MoB Barley
|player|p1
|player|p2
|leave|aazazzz
|leave|PuddlesA1