|join|JiaShengz
|join|RT ban it
|player|p1|JiaShengz|265
|player|p2|RT ban it|99
|gametype|singles
|gen|6
|tier|OU (suspect test)
|rated
|clearpoke
|poke|p1|Chansey, F
|poke|p1|Clefable, M
|poke|p1|Sableye, F
|poke|p1|Gliscor, F
|poke|p1|Tentacruel, F
|poke|p1|Skarmory, M
|poke|p2|Metagross
|poke|p2|Keldeo
|poke|p2|Rotom-Wash
|poke|p2|Heatran, M
|poke|p2|Gliscor, M
|poke|p2|Raikou
|rule|Swagger Clause: Swagger is banned
|rule|Baton Pass Clause: Limit one PokÃ©mon knowing Baton Pass
|rule|Sleep Clause Mod: Limit one foe put to sleep
|rule|Species Clause: Limit one of each PokÃ©mon
|rule|OHKO Clause: OHKO moves are banned
|rule|Moody Clause: Moody is banned
|rule|Evasion Moves Clause: Evasion moves are banned
|rule|Endless Battle Clause: Forcing endless battles is banned
|rule|HP Percentage Mod: HP is shown in percentages
|teampreview
|
|start
|switch|p1a: Gliscor|Gliscor, F|354\/354
|switch|p2a: Keldeo|Keldeo|323\/323
|turn|1
|
|switch|p1a: Tentacruel|Tentacruel, F|363\/363
|move|p2a: Keldeo|Substitute|p2a: Keldeo
|-start|p2a: Keldeo|Substitute
|-damage|p2a: Keldeo|243\/323
|
|-heal|p2a: Keldeo|263\/323|[from] item: Leftovers
|turn|2
|
|move|p2a: Keldeo|Calm Mind|p2a: Keldeo
|-boost|p2a: Keldeo|spa|1
|-boost|p2a: Keldeo|spd|1
|move|p1a: Tentacruel|Toxic Spikes|p2a: Keldeo
|-sidestart|p2: RT ban it|move: Toxic Spikes
|
|-heal|p2a: Keldeo|283\/323|[from] item: Leftovers
|turn|3
|
|move|p2a: Keldeo|Scald|p1a: Tentacruel
|-resisted|p1a: Tentacruel
|-damage|p1a: Tentacruel|271\/363
|-status|p1a: Tentacruel|brn
|move|p1a: Tentacruel|Toxic Spikes|p2a: Keldeo
|-sidestart|p2: RT ban it|move: Toxic Spikes
|
|-heal|p2a: Keldeo|303\/323|[from] item: Leftovers
|-heal|p1a: Tentacruel|293\/363 brn|[from] item: Black Sludge
|-damage|p1a: Tentacruel|248\/363 brn|[from] brn
|turn|4
|
|switch|p1a: Clefable|Clefable, M|394\/394
|move|p2a: Keldeo|Calm Mind|p2a: Keldeo
|-boost|p2a: Keldeo|spa|1
|-boost|p2a: Keldeo|spd|1
|
|-heal|p2a: Keldeo|323\/323|[from] item: Leftovers
|turn|5
|
|move|p2a: Keldeo|Scald|p1a: Clefable
|-damage|p1a: Clefable|244\/394
|move|p1a: Clefable|Moonblast|p2a: Keldeo
|-supereffective|p2a: Keldeo
|-end|p2a: Keldeo|Substitute
|
|-heal|p1a: Clefable|268\/394|[from] item: Leftovers
|turn|6
|
|switch|p2a: Heatran|Heatran, M|386\/386
|move|p1a: Clefable|Protect|p1a: Clefable
|-fail|p1a: Clefable
|
|-heal|p1a: Clefable|292\/394|[from] item: Leftovers
|turn|7
|
|switch|p1a: Gliscor|Gliscor, F|354\/354
|move|p2a: Heatran|Stealth Rock|p1a: Gliscor
|-sidestart|p1: JiaShengz|move: Stealth Rock
|
|-status|p1a: Gliscor|tox|[from] item: Toxic Orb
|turn|8
|
|move|p2a: Heatran|Protect|p2a: Heatran
|-singleturn|p2a: Heatran|Protect
|move|p1a: Gliscor|Knock Off|p2a: Heatran
|-activate|p2a: Heatran|Protect
|
|turn|9
|
|switch|p2a: Rotom-Wash|Rotom-Wash|303\/303
|move|p1a: Gliscor|Knock Off|p2a: Rotom-Wash
|-damage|p2a: Rotom-Wash|253\/303
|-enditem|p2a: Rotom-Wash|Leftovers|[from] move: Knock Off|[of] p1a: Gliscor
|
|turn|10
|
|move|p1a: Gliscor|Knock Off|p2a: Rotom-Wash
|-damage|p2a: Rotom-Wash|217\/303
|move|p2a: Rotom-Wash|Volt Switch|p1a: Gliscor
|-immune|p1a: Gliscor|[msg]
|
|turn|11
|
|move|p1a: Gliscor|Knock Off|p2a: Rotom-Wash
|-damage|p2a: Rotom-Wash|184\/303
|move|p2a: Rotom-Wash|Volt Switch|p1a: Gliscor
|-immune|p1a: Gliscor|[msg]
|
|turn|12
|
|move|p1a: Gliscor|Taunt|p2a: Rotom-Wash
|-start|p2a: Rotom-Wash|move: Taunt
|cant|p2a: Rotom-Wash|move: Taunt|Pain Split
|
|turn|13
|
|move|p1a: Gliscor|Knock Off|p2a: Rotom-Wash
|-damage|p2a: Rotom-Wash|146\/303
|move|p2a: Rotom-Wash|Hydro Pump|p1a: Gliscor
|-supereffective|p1a: Gliscor
|-damage|p1a: Gliscor|130\/354 tox
|
|-heal|p1a: Gliscor|174\/354 tox|[from] ability: Poison Heal
|turn|14
|
|move|p1a: Gliscor|Roost|p1a: Gliscor
|-heal|p1a: Gliscor|351\/354 tox
|move|p2a: Rotom-Wash|Hydro Pump|p1a: Gliscor
|-supereffective|p1a: Gliscor
|-damage|p1a: Gliscor|127\/354 tox
|
|-heal|p1a: Gliscor|171\/354 tox|[from] ability: Poison Heal
|-end|p2a: Rotom-Wash|move: Taunt
|turn|15
|
|move|p1a: Gliscor|Roost|p1a: Gliscor
|-heal|p1a: Gliscor|348\/354 tox
|move|p2a: Rotom-Wash|Pain Split|p1a: Gliscor
|-sethp|p1a: Gliscor|247\/354 tox|p2a: Rotom-Wash|247\/303|[from] move: Pain Split
|
|-heal|p1a: Gliscor|291\/354 tox|[from] ability: Poison Heal
|turn|16
|
|move|p1a: Gliscor|Knock Off|p2a: Rotom-Wash
|-crit|p2a: Rotom-Wash
|-damage|p2a: Rotom-Wash|199\/303
|move|p2a: Rotom-Wash|Hydro Pump|p1a: Gliscor
|-supereffective|p1a: Gliscor
|-damage|p1a: Gliscor|51\/354 tox
|
|-heal|p1a: Gliscor|95\/354 tox|[from] ability: Poison Heal
|turn|17
|
|move|p1a: Gliscor|Roost|p1a: Gliscor
|-heal|p1a: Gliscor|272\/354 tox
|move|p2a: Rotom-Wash|Hydro Pump|p1a: Gliscor|[miss]
|-miss|p2a: Rotom-Wash|p1a: Gliscor
|
|-heal|p1a: Gliscor|316\/354 tox|[from] ability: Poison Heal
|turn|18
|
|switch|p2a: Raikou|Raikou|321\/321
|-status|p2a: Raikou|tox
|-ability|p2a: Raikou|Pressure
|move|p1a: Gliscor|Knock Off|p2a: Raikou
|-damage|p2a: Raikou|228\/321 tox
|-enditem|p2a: Raikou|Choice Scarf|[from] move: Knock Off|[of] p1a: Gliscor
|
|-damage|p2a: Raikou|208\/321 tox|[from] psn
|-heal|p1a: Gliscor|354\/354 tox|[from] ability: Poison Heal
|turn|19
|
|switch|p1a: Chansey|Chansey, F|703\/703
|-damage|p1a: Chansey|616\/703|[from] Stealth Rock
|move|p2a: Raikou|Hidden Power|p1a: Chansey
|-damage|p1a: Chansey|573\/703
|
|-damage|p2a: Raikou|168\/321 tox|[from] psn
|turn|20
|
|move|p2a: Raikou|Volt Switch|p1a: Chansey
|-damage|p1a: Chansey|503\/703
|
|switch|p2a: Gliscor|Gliscor, M|352\/352
|move|p1a: Chansey|Heal Bell|p1a: Chansey
|-cureteam|p1a: Chansey|[from] move: HealBell
|
|-status|p2a: Gliscor|tox|[from] item: Toxic Orb
|turn|21
|
|switch|p1a: Sableye|Sableye, F|304\/304
|-damage|p1a: Sableye|266\/304|[from] Stealth Rock
|move|p2a: Gliscor|Taunt|p1a: Sableye
|-start|p1a: Sableye|move: Taunt
|
|turn|22
|
|detailschange|p1a: Sableye|Sableye-Mega, F
|-mega|p1a: Sableye|Sableye|Sablenite
|move|p2a: Gliscor|Earthquake|p1a: Sableye
|-damage|p1a: Sableye|194\/304
|move|p1a: Sableye|Knock Off|p2a: Gliscor
|-damage|p2a: Gliscor|274\/352 tox
|-enditem|p2a: Gliscor|Toxic Orb|[from] move: Knock Off|[of] p1a: Sableye
|
|-heal|p2a: Gliscor|318\/352 tox|[from] ability: Poison Heal
|turn|23
|
|move|p2a: Gliscor|Earthquake|p1a: Sableye
|-crit|p1a: Sableye
|-damage|p1a: Sableye|95\/304
|move|p1a: Sableye|Knock Off|p2a: Gliscor
|-damage|p2a: Gliscor|264\/352 tox
|
|-heal|p2a: Gliscor|308\/352 tox|[from] ability: Poison Heal
|turn|24
|
|move|p2a: Gliscor|Earthquake|p1a: Sableye
|-damage|p1a: Sableye|31\/304
|move|p1a: Sableye|Knock Off|p2a: Gliscor
|-damage|p2a: Gliscor|253\/352 tox
|
|-heal|p2a: Gliscor|297\/352 tox|[from] ability: Poison Heal
|-end|p1a: Sableye|move: Taunt
|turn|25
|
|switch|p1a: Skarmory|Skarmory, M|334\/334
|-damage|p1a: Skarmory|293\/334|[from] Stealth Rock
|move|p2a: Gliscor|Earthquake|p1a: Skarmory
|-immune|p1a: Skarmory|[msg]
|
|-heal|p2a: Gliscor|341\/352 tox|[from] ability: Poison Heal
|turn|26
|
|switch|p1a: Gliscor|Gliscor, F|354\/354
|-damage|p1a: Gliscor|310\/354|[from] Stealth Rock
|move|p2a: Gliscor|Taunt|p1a: Gliscor
|-start|p1a: Gliscor|move: Taunt
|
|-heal|p2a: Gliscor|352\/352 tox|[from] ability: Poison Heal
|-status|p1a: Gliscor|tox|[from] item: Toxic Orb
|turn|27
|
|move|p2a: Gliscor|Knock Off|p1a: Gliscor
|-damage|p1a: Gliscor|249\/354 tox
|-enditem|p1a: Gliscor|Toxic Orb|[from] move: Knock Off|[of] p2a: Gliscor
|move|p1a: Gliscor|Knock Off|p2a: Gliscor
|-crit|p2a: Gliscor
|-damage|p2a: Gliscor|292\/352 tox
|
|-heal|p2a: Gliscor|336\/352 tox|[from] ability: Poison Heal
|-heal|p1a: Gliscor|293\/354 tox|[from] ability: Poison Heal
|turn|28
|
|switch|p2a: Rotom-Wash|Rotom-Wash|199\/303
|move|p1a: Gliscor|Knock Off|p2a: Rotom-Wash
|-damage|p2a: Rotom-Wash|165\/303
|
|-heal|p1a: Gliscor|337\/354 tox|[from] ability: Poison Heal
|turn|29
|
|move|p1a: Gliscor|Knock Off|p2a: Rotom-Wash
|-damage|p2a: Rotom-Wash|132\/303
|move|p2a: Rotom-Wash|Volt Switch|p1a: Gliscor
|-immune|p1a: Gliscor|[msg]
|
|-heal|p1a: Gliscor|354\/354 tox|[from] ability: Poison Heal
|-end|p1a: Gliscor|move: Taunt
|turn|30
|
|move|p1a: Gliscor|Taunt|p2a: Rotom-Wash
|-start|p2a: Rotom-Wash|move: Taunt
|cant|p2a: Rotom-Wash|move: Taunt|Pain Split
|
|turn|31
|
|switch|p1a: Tentacruel|Tentacruel, F|248\/363
|-damage|p1a: Tentacruel|203\/363|[from] Stealth Rock
|switch|p2a: Gliscor|Gliscor, M|336\/352 tox
|
|-heal|p1a: Tentacruel|225\/363|[from] item: Black Sludge
|-heal|p2a: Gliscor|352\/352 tox|[from] ability: Poison Heal
|turn|32
|
|move|p2a: Gliscor|Earthquake|p1a: Tentacruel
|-supereffective|p1a: Tentacruel
|-damage|p1a: Tentacruel|15\/363
|move|p1a: Tentacruel|Rapid Spin|p2a: Gliscor
|-damage|p2a: Gliscor|344\/352 tox
|-sideend|p1: JiaShengz|Stealth Rock|[from] move: Rapid Spin|[of] p1a: Tentacruel
|
|-heal|p1a: Tentacruel|37\/363|[from] item: Black Sludge
|-heal|p2a: Gliscor|352\/352 tox|[from] ability: Poison Heal
|turn|33
|
|move|p2a: Gliscor|Knock Off|p1a: Tentacruel
|-damage|p1a: Tentacruel|0 fnt
|-enditem|p1a: Tentacruel|Black Sludge|[from] move: Knock Off|[of] p2a: Gliscor
|faint|p1a: Tentacruel
|
|
|switch|p1a: Gliscor|Gliscor, F|354\/354 tox
|turn|34
|
|switch|p2a: Rotom-Wash|Rotom-Wash|132\/303
|move|p1a: Gliscor|Taunt|p2a: Rotom-Wash
|-start|p2a: Rotom-Wash|move: Taunt
|
|turn|35
|
|move|p1a: Gliscor|Knock Off|p2a: Rotom-Wash
|-damage|p2a: Rotom-Wash|98\/303
|move|p2a: Rotom-Wash|Hydro Pump|p1a: Gliscor
|-supereffective|p1a: Gliscor
|-damage|p1a: Gliscor|132\/354 tox
|
|-heal|p1a: Gliscor|176\/354 tox|[from] ability: Poison Heal
|turn|36
|
|move|p1a: Gliscor|Roost|p1a: Gliscor
|-heal|p1a: Gliscor|353\/354 tox
|move|p2a: Rotom-Wash|Hydro Pump|p1a: Gliscor
|-crit|p1a: Gliscor
|-supereffective|p1a: Gliscor
|-damage|p1a: Gliscor|9\/354 tox
|
|-heal|p1a: Gliscor|53\/354 tox|[from] ability: Poison Heal
|turn|37
|
|move|p1a: Gliscor|Roost|p1a: Gliscor
|-heal|p1a: Gliscor|230\/354 tox
|move|p2a: Rotom-Wash|Hydro Pump|p1a: Gliscor
|-supereffective|p1a: Gliscor
|-damage|p1a: Gliscor|0 fnt
|faint|p1a: Gliscor
|
|-end|p2a: Rotom-Wash|move: Taunt
|
|switch|p1a: Chansey|Chansey, F|503\/703
|turn|38
|
|switch|p1a: Sableye|Sableye-Mega, F|31\/304
|move|p2a: Rotom-Wash|Volt Switch|p1a: Sableye
|-damage|p1a: Sableye|0 fnt
|faint|p1a: Sableye
|
|switch|p2a: Gliscor|Gliscor, M|352\/352 tox
|
|
|switch|p1a: Clefable|Clefable, M|292\/394
|turn|39
|
|move|p2a: Gliscor|Knock Off|p1a: Clefable
|-resisted|p1a: Clefable
|-damage|p1a: Clefable|260\/394
|-enditem|p1a: Clefable|Leftovers|[from] move: Knock Off|[of] p2a: Gliscor
|move|p1a: Clefable|Moonblast|p2a: Gliscor
|-damage|p2a: Gliscor|253\/352 tox
|-unboost|p2a: Gliscor|spa|1
|
|-heal|p2a: Gliscor|297\/352 tox|[from] ability: Poison Heal
|turn|40
|
|move|p2a: Gliscor|Taunt|p1a: Clefable
|-start|p1a: Clefable|move: Taunt
|move|p1a: Clefable|Moonblast|p2a: Gliscor
|-damage|p2a: Gliscor|200\/352 tox
|
|-heal|p2a: Gliscor|244\/352 tox|[from] ability: Poison Heal
|turn|41
|-message|JiaShengz forfeited.
|leave|JiaShengz
|
|win|RT ban it
|raw|Ladder updating...
|player|p1
|raw|JiaShengz's rating: 1522 &rarr; <strong>1499<\/strong><br \/>(-23 for losing)
|raw|RT ban it's rating: 1455 &rarr; <strong>1478<\/strong><br \/>(+23 for winning)