|join|MVDW
|join|Ultair
|join|Reskk
|player|p1|MVDW|30
|player|p2|Ultair|148
|gametype|singles
|gen|6
|tier|OU
|clearpoke
|poke|p1|Camerupt, F
|poke|p1|Rotom-Wash
|poke|p1|Ferrothorn, F
|poke|p1|Latias, F
|poke|p1|Bisharp, F
|poke|p1|Clefable, M
|poke|p2|Gardevoir, F
|poke|p2|Ferrothorn, F
|poke|p2|Latias, F
|poke|p2|Heracross, M
|poke|p2|Slowbro, M
|poke|p2|Landorus-Therian, M
|rule|Swagger Clause: Swagger is banned
|rule|Baton Pass Clause: Limit one PokÃ©mon knowing Baton Pass
|rule|Sleep Clause Mod: Limit one foe put to sleep
|rule|Species Clause: Limit one of each PokÃ©mon
|rule|OHKO Clause: OHKO moves are banned
|rule|Moody Clause: Moody is banned
|rule|Evasion Moves Clause: Evasion moves are banned
|rule|Endless Battle Clause: Forcing endless battles is banned
|rule|HP Percentage Mod: HP is shown in percentages
|teampreview
|join|thespiritinthesky
|
|start
|switch|p1a: Camerupt|Camerupt, F|344\/344
|switch|p2a: Heracross|Heracross, M|307\/307
|turn|1
|c| Reskk|Camerupt balanced
|join|m4rc08oo
|join|Neoxprenn
|join|mcCharizardmaniac
|
|detailschange|p1a: Camerupt|Camerupt-Mega, F
|-mega|p1a: Camerupt|Camerupt|Cameruptite
|move|p2a: Heracross|Earthquake|p1a: Camerupt
|-supereffective|p1a: Camerupt
|-damage|p1a: Camerupt|0 fnt
|faint|p1a: Camerupt
|
|c| Neoxprenn|lmao
|c|âMVDW|Rip
|c| mcCharizardmaniac|lol mega gone turn one
|
|switch|p1a: Clefable|Clefable, M|394\/394
|turn|2
|join|SecretlyaBidoof
|join|Snickered
|leave|m4rc08oo
|
|switch|p2a: Ferrothorn|Ferrothorn, F|352\/352
|move|p1a: Clefable|Stealth Rock|p2a: Ferrothorn
|-sidestart|p2: Ultair|move: Stealth Rock
|
|turn|3
|c| Snickered|thats not the switch in lol
|c|âUltair|2hes stelth rock
|
|switch|p1a: Bisharp|Bisharp, F|272\/272
|move|p2a: Ferrothorn|Stealth Rock|p1a: Bisharp
|-sidestart|p1: MVDW|move: Stealth Rock
|
|turn|4
|c| Snickered|no f thrower tru
|leave|mcCharizardmaniac
|
|move|p1a: Bisharp|Knock Off|p2a: Ferrothorn
|-damage|p2a: Ferrothorn|204\/352
|-damage|p1a: Bisharp|238\/272|[from] ability: Iron Barbs|[of] p2a: Ferrothorn
|-enditem|p2a: Ferrothorn|Leftovers|[from] move: Knock Off|[of] p1a: Bisharp
|-damage|p1a: Bisharp|211\/272|[from] item: Life Orb
|move|p2a: Ferrothorn|Leech Seed|p1a: Bisharp
|-start|p1a: Bisharp|move: Leech Seed
|
|-damage|p1a: Bisharp|177\/272|[from] Leech Seed|[of] p2a: Ferrothorn
|-heal|p2a: Ferrothorn|238\/352|[silent]
|turn|5
|c| Snickered|no SD
|join|Australiano
|c|âUltair|are you inner focus
|join|Zarach
|c|âUltair|so i can go to lando
|leave|Snickered
|leave|Australiano
|
|move|p1a: Bisharp|Swords Dance|p1a: Bisharp
|-boost|p1a: Bisharp|atk|2
|move|p2a: Ferrothorn|Gyro Ball|p1a: Bisharp
|-resisted|p1a: Bisharp
|-damage|p1a: Bisharp|96\/272
|
|-damage|p1a: Bisharp|62\/272|[from] Leech Seed|[of] p2a: Ferrothorn
|-heal|p2a: Ferrothorn|272\/352|[silent]
|turn|6
|
|move|p1a: Bisharp|Knock Off|p2a: Ferrothorn
|-damage|p2a: Ferrothorn|80\/352
|-damage|p1a: Bisharp|28\/272|[from] ability: Iron Barbs|[of] p2a: Ferrothorn
|-damage|p1a: Bisharp|1\/272|[from] item: Life Orb
|move|p2a: Ferrothorn|Gyro Ball|p1a: Bisharp
|-resisted|p1a: Bisharp
|-damage|p1a: Bisharp|0 fnt
|faint|p1a: Bisharp
|
|
|switch|p1a: Latias|Latias, F|320\/320
|-damage|p1a: Latias|280\/320|[from] Stealth Rock
|turn|7
|
|move|p1a: Latias|Draco Meteor|p2a: Ferrothorn
|-resisted|p2a: Ferrothorn
|-damage|p2a: Ferrothorn|0 fnt
|-unboost|p1a: Latias|spa|2
|-damage|p1a: Latias|248\/320|[from] item: Life Orb
|faint|p2a: Ferrothorn
|
|
|switch|p2a: Latias|Latias, F|301\/301
|-damage|p2a: Latias|264\/301|[from] Stealth Rock
|turn|8
|join|SnorlaxForOU
|join|hdgvbc
|
|switch|p1a: Ferrothorn|Ferrothorn, F|352\/352
|-damage|p1a: Ferrothorn|330\/352|[from] Stealth Rock
|switch|p2a: Slowbro|Slowbro, M|393\/393
|-damage|p2a: Slowbro|344\/393|[from] Stealth Rock
|
|-heal|p2a: Slowbro|368\/393|[from] item: Leftovers
|-heal|p1a: Ferrothorn|352\/352|[from] item: Leftovers
|turn|9
|
|switch|p1a: Rotom-Wash|Rotom-Wash|304\/304
|-damage|p1a: Rotom-Wash|266\/304|[from] Stealth Rock
|move|p2a: Slowbro|Fire Blast|p1a: Rotom-Wash
|-resisted|p1a: Rotom-Wash
|-damage|p1a: Rotom-Wash|225\/304
|
|-heal|p1a: Rotom-Wash|244\/304|[from] item: Leftovers
|-heal|p2a: Slowbro|392\/393|[from] item: Leftovers
|turn|10
|
|switch|p2a: Latias|Latias, F|264\/301
|-damage|p2a: Latias|227\/301|[from] Stealth Rock
|move|p1a: Rotom-Wash|Will-O-Wisp|p2a: Latias
|-status|p2a: Latias|brn
|
|-heal|p1a: Rotom-Wash|263\/304|[from] item: Leftovers
|-damage|p2a: Latias|190\/301 brn|[from] brn
|turn|11
|join|Jlh40
|
|switch|p1a: Ferrothorn|Ferrothorn, F|352\/352
|-damage|p1a: Ferrothorn|330\/352|[from] Stealth Rock
|move|p2a: Latias|Draco Meteor|p1a: Ferrothorn|[miss]
|-miss|p2a: Latias|p1a: Ferrothorn
|
|-heal|p1a: Ferrothorn|352\/352|[from] item: Leftovers
|-damage|p2a: Latias|153\/301 brn|[from] brn
|turn|12
|join|forgs r awsome
|join|JDynasty
|join|Boikachu
|join|jefo test
|
|switch|p2a: Heracross|Heracross, M|307\/307
|-damage|p2a: Heracross|269\/307|[from] Stealth Rock
|move|p1a: Ferrothorn|Leech Seed|p2a: Heracross
|-start|p2a: Heracross|move: Leech Seed
|
|-damage|p2a: Heracross|231\/307|[from] Leech Seed|[of] p1a: Ferrothorn
|turn|13
|join|Burakkurzu
|c| Zarach|pin missless inc
|
|switch|p1a: Clefable|Clefable, M|394\/394
|-damage|p1a: Clefable|345\/394|[from] Stealth Rock
|move|p2a: Heracross|Megahorn|p1a: Clefable
|-resisted|p1a: Clefable
|-damage|p1a: Clefable|196\/394
|
|-heal|p1a: Clefable|220\/394|[from] item: Leftovers
|-damage|p2a: Heracross|193\/307|[from] Leech Seed|[of] p1a: Clefable
|-heal|p1a: Clefable|258\/394|[silent]
|turn|14
|
|switch|p2a: Gardevoir|Gardevoir, F|277\/277
|-damage|p2a: Gardevoir|243\/277|[from] Stealth Rock
|-ability|p2a: Gardevoir|Unaware|[from] ability: Trace|[of] p1a: Clefable
|move|p1a: Clefable|Moonblast|p2a: Gardevoir
|-damage|p2a: Gardevoir|152\/277
|
|-heal|p1a: Clefable|282\/394|[from] item: Leftovers
|turn|15
|leave|forgs r awsome
|join|Riful the Zangoose
|
|detailschange|p2a: Gardevoir|Gardevoir-Mega, F
|-mega|p2a: Gardevoir|Gardevoir|Gardevoirite
|move|p2a: Gardevoir|Hyper Voice|p1a: Clefable
|-damage|p1a: Clefable|3\/394
|move|p1a: Clefable|Moonlight|p1a: Clefable
|-heal|p1a: Clefable|200\/394
|
|-heal|p1a: Clefable|224\/394|[from] item: Leftovers
|turn|16
|
|switch|p1a: Ferrothorn|Ferrothorn, F|352\/352
|-damage|p1a: Ferrothorn|330\/352|[from] Stealth Rock
|move|p2a: Gardevoir|Hyper Voice|p1a: Ferrothorn
|-resisted|p1a: Ferrothorn
|-damage|p1a: Ferrothorn|237\/352
|
|-heal|p1a: Ferrothorn|259\/352|[from] item: Leftovers
|turn|17
|
|move|p2a: Gardevoir|Focus Blast|p1a: Ferrothorn
|-supereffective|p1a: Ferrothorn
|-damage|p1a: Ferrothorn|15\/352
|move|p1a: Ferrothorn|Gyro Ball|p2a: Gardevoir
|-supereffective|p2a: Gardevoir
|-damage|p2a: Gardevoir|0 fnt
|faint|p2a: Gardevoir
|
|-heal|p1a: Ferrothorn|37\/352|[from] item: Leftovers
|c| Boikachu|we seriously need
|c| Boikachu|intimidate for sp. atks
|leave|Jlh40
|c|âUltair|why?
|
|switch|p2a: Landorus-Therian|Landorus-Therian, M|319\/319
|-damage|p2a: Landorus-Therian|280\/319|[from] Stealth Rock
|-ability|p2a: Landorus-Therian|Intimidate|[of] p1a: Ferrothorn
|-unboost|p1a: Ferrothorn|atk|1
|turn|18
|c| Boikachu|sp. sweeps are op
|c| Zarach|mmm dont think so but k
|join|Galactic Princess
|
|switch|p1a: Rotom-Wash|Rotom-Wash|263\/304
|-damage|p1a: Rotom-Wash|225\/304|[from] Stealth Rock
|move|p2a: Landorus-Therian|U-turn|p1a: Rotom-Wash
|-damage|p1a: Rotom-Wash|160\/304
|
|switch|p2a: Latias|Latias, F|153\/301 brn
|-damage|p2a: Latias|116\/301 brn|[from] Stealth Rock
|
|-heal|p1a: Rotom-Wash|179\/304|[from] item: Leftovers
|-damage|p2a: Latias|79\/301 brn|[from] brn
|turn|19
|
|switch|p1a: Latias|Latias, F|248\/320
|-damage|p1a: Latias|208\/320|[from] Stealth Rock
|move|p2a: Latias|Psyshock|p1a: Latias
|-resisted|p1a: Latias
|-damage|p1a: Latias|116\/320
|-damage|p2a: Latias|49\/301 brn|[from] item: Life Orb
|
|-damage|p2a: Latias|12\/301 brn|[from] brn
|turn|20
|c| Zarach|if u didnt miss the d meteor on the ferro now u could have won by garde sweep
|join|Skare
|join|hi im hunter
|c|âUltair|ya
|
|move|p2a: Latias|Draco Meteor|p1a: Latias
|-supereffective|p1a: Latias
|-damage|p1a: Latias|0 fnt
|-unboost|p2a: Latias|spa|2
|-damage|p2a: Latias|0 fnt|[from] item: Life Orb
|faint|p1a: Latias
|faint|p2a: Latias
|
|join|MUY CRUSTIDO
|
|switch|p2a: Heracross|Heracross, M|193\/307
|switch|p1a: Clefable|Clefable, M|224\/394
|-damage|p2a: Heracross|155\/307|[from] Stealth Rock
|-damage|p1a: Clefable|175\/394|[from] Stealth Rock
|turn|21
|leave|Reskk
|join|Legend of Poro
|leave|Legend of Poro
|join|obliviatee
|join|GodlyGoku
|
|move|p2a: Heracross|Earthquake|p1a: Clefable
|-damage|p1a: Clefable|0 fnt
|faint|p1a: Clefable
|
|
|switch|p1a: Rotom-Wash|Rotom-Wash|179\/304
|-damage|p1a: Rotom-Wash|141\/304|[from] Stealth Rock
|turn|22
|c| Boikachu|dmg calc
|c| Boikachu|:)
|c|âUltair|lol
|
|switch|p2a: Slowbro|Slowbro, M|393\/393
|-damage|p2a: Slowbro|344\/393|[from] Stealth Rock
|move|p1a: Rotom-Wash|Will-O-Wisp|p2a: Slowbro
|-status|p2a: Slowbro|brn
|
|-heal|p1a: Rotom-Wash|160\/304|[from] item: Leftovers
|-heal|p2a: Slowbro|368\/393 brn|[from] item: Leftovers
|-damage|p2a: Slowbro|319\/393 brn|[from] brn
|turn|23
|c|âUltair|does ferro die torocks?
|join|Sennto
|join|catterpie
|c| Zarach|nupe
|c| Zarach|11%
|
|move|p1a: Rotom-Wash|Pain Split|p2a: Slowbro
|-sethp|p2a: Slowbro|239\/393 brn|p1a: Rotom-Wash|239\/304|[from] move: Pain Split
|move|p2a: Slowbro|Scald|p1a: Rotom-Wash
|-resisted|p1a: Rotom-Wash
|-damage|p1a: Rotom-Wash|194\/304
|-status|p1a: Rotom-Wash|brn
|
|-heal|p1a: Rotom-Wash|213\/304 brn|[from] item: Leftovers
|-heal|p2a: Slowbro|263\/393 brn|[from] item: Leftovers
|-damage|p1a: Rotom-Wash|175\/304 brn|[from] brn
|-damage|p2a: Slowbro|214\/393 brn|[from] brn
|turn|24
|c| Zarach|he take like 6
|c| GodlyGoku|inb4 Specs Frogadier
|join|l123
|
|move|p1a: Rotom-Wash|Volt Switch|p2a: Slowbro
|-supereffective|p2a: Slowbro
|-damage|p2a: Slowbro|16\/393 brn
|
|switch|p1a: Ferrothorn|Ferrothorn, F|37\/352
|-damage|p1a: Ferrothorn|15\/352|[from] Stealth Rock
|move|p2a: Slowbro|Scald|p1a: Ferrothorn
|-resisted|p1a: Ferrothorn
|-damage|p1a: Ferrothorn|0 fnt
|faint|p1a: Ferrothorn
|
|-heal|p2a: Slowbro|40\/393 brn|[from] item: Leftovers
|-damage|p2a: Slowbro|0 fnt|[from] brn
|faint|p2a: Slowbro
|c| Boikachu|worth
|c| Zarach|now
|c| Zarach|just hoe he miss close combat
|
|switch|p2a: Heracross|Heracross, M|155\/307
|switch|p1a: Rotom-Wash|Rotom-Wash|175\/304 brn
|-damage|p2a: Heracross|117\/307|[from] Stealth Rock
|-damage|p1a: Rotom-Wash|137\/304 brn|[from] Stealth Rock
|turn|25
|c| Zarach|for 3 turns
|c|âMVDW|Gg
|leave|GodlyGoku
|c|âUltair|gg
|c|âMVDW|I just missplay at the beginning
|
|move|p2a: Heracross|Close Combat|p1a: Rotom-Wash
|-damage|p1a: Rotom-Wash|0 fnt
|-unboost|p2a: Heracross|def|1
|-unboost|p2a: Heracross|spd|1
|faint|p1a: Rotom-Wash
|
|win|Ultair
|leave|Zarach