|join|Zero-Access
|join|stel
|player|p1|Zero-Access|253
|player|p2|stel|266
|gametype|singles
|gen|6
|tier|UU
|rated
|rule|Sleep Clause Mod: Limit one foe put to sleep
|rule|Species Clause: Limit one of each PokÃ©mon
|rule|OHKO Clause: OHKO moves are banned
|rule|Moody Clause: Moody is banned
|rule|Evasion Moves Clause: Evasion moves are banned
|rule|Endless Battle Clause: Forcing endless battles is banned
|rule|HP Percentage Mod: HP is shown in percentages
|clearpoke
|poke|p1|Goodra, F
|poke|p1|Nidoking, M
|poke|p1|Infernape, M
|poke|p1|Yanmega, F
|poke|p1|Absol, F
|poke|p1|Mew
|poke|p2|Porygon2
|poke|p2|Trevenant, M
|poke|p2|Machamp, M
|poke|p2|Empoleon, F
|poke|p2|Alakazam, F
|poke|p2|Arcanine, M
|rule|Swagger Clause: Swagger is banned
|rule|Baton Pass Clause: Limit one PokÃ©mon knowing Baton Pass
|teampreview
|
|start
|switch|p1a: Dragonfly|Yanmega, F|314\/314
|switch|p2a: Machamp|Machamp, M|384\/384
|turn|1
|
|move|p1a: Dragonfly|Protect|p1a: Dragonfly
|-singleturn|p1a: Dragonfly|Protect
|move|p2a: Machamp|Ice Punch|p1a: Dragonfly
|-activate|p1a: Dragonfly|Protect
|
|-boost|p1a: Dragonfly|spe|1|[from] ability: Speed Boost
|turn|2
|
|move|p1a: Dragonfly|Air Slash|p2a: Machamp
|-supereffective|p2a: Machamp
|-damage|p2a: Machamp|0 fnt
|-damage|p1a: Dragonfly|283\/314|[from] item: Life Orb
|faint|p2a: Machamp
|
|-boost|p1a: Dragonfly|spe|1|[from] ability: Speed Boost
|
|switch|p2a: Empoleon|Empoleon, F|372\/372
|turn|3
|
|move|p1a: Dragonfly|Bug Buzz|p2a: Empoleon
|-resisted|p2a: Empoleon
|-damage|p2a: Empoleon|303\/372
|-unboost|p2a: Empoleon|spd|1
|-damage|p1a: Dragonfly|252\/314|[from] item: Life Orb
|move|p2a: Empoleon|Ice Beam|p1a: Dragonfly
|-supereffective|p1a: Dragonfly
|-damage|p1a: Dragonfly|0 fnt
|faint|p1a: Dragonfly
|
|
|switch|p1a: Mother of all Poke|Mew|404\/404
|turn|4
|
|move|p1a: Mother of all Poke|Stealth Rock|p2a: Empoleon
|-sidestart|p2: stel|move: Stealth Rock
|move|p2a: Empoleon|Scald|p1a: Mother of all Poke
|-damage|p1a: Mother of all Poke|286\/404
|-status|p1a: Mother of all Poke|brn
|-status|p2a: Empoleon|brn
|
|-heal|p1a: Mother of all Poke|311\/404 brn|[from] item: Leftovers
|-damage|p1a: Mother of all Poke|261\/404 brn|[from] brn
|-damage|p2a: Empoleon|257\/372 brn|[from] brn
|turn|5
|
|move|p1a: Mother of all Poke|Transform|p2a: Empoleon
|-transform|p1a: Mother of all Poke|p2a: Empoleon
|move|p2a: Empoleon|Scald|p1a: Mother of all Poke
|-resisted|p1a: Mother of all Poke
|-damage|p1a: Mother of all Poke|162\/404 brn
|
|-heal|p1a: Mother of all Poke|187\/404 brn|[from] item: Leftovers
|-damage|p1a: Mother of all Poke|137\/404 brn|[from] brn
|-damage|p2a: Empoleon|211\/372 brn|[from] brn
|turn|6
|
|move|p2a: Empoleon|Scald|p1a: Mother of all Poke
|-resisted|p1a: Mother of all Poke
|-damage|p1a: Mother of all Poke|32\/404 brn
|move|p1a: Mother of all Poke|Roar|p2a: Empoleon
|drag|p2a: Trevenant|Trevenant, M|374\/374
|-damage|p2a: Trevenant|328\/374|[from] Stealth Rock
|
|-heal|p1a: Mother of all Poke|57\/404 brn|[from] item: Leftovers
|-damage|p1a: Mother of all Poke|7\/404 brn|[from] brn
|turn|7
|
|move|p1a: Mother of all Poke|Ice Beam|p2a: Trevenant
|-supereffective|p2a: Trevenant
|-damage|p2a: Trevenant|144\/374
|-status|p2a: Trevenant|frz
|-enditem|p2a: Trevenant|Sitrus Berry|[eat]
|-heal|p2a: Trevenant|237\/374 frz|[from] item: Sitrus Berry
|-curestatus|p2a: Trevenant|frz
|move|p2a: Trevenant|Horn Leech|p1a: Mother of all Poke
|-damage|p1a: Mother of all Poke|0 fnt
|-heal|p2a: Trevenant|241\/374|[from] drain|[of] p1a: Mother of all Poke
|faint|p1a: Mother of all Poke
|
|-item|p2a: Trevenant|Sitrus Berry|[from] ability: Harvest
|
|switch|p1a: Mc. Johnson|Goodra, F|321\/321
|turn|8
|
|move|p1a: Mc. Johnson|Ice Beam|p2a: Trevenant
|-supereffective|p2a: Trevenant
|-damage|p2a: Trevenant|113\/374
|-enditem|p2a: Trevenant|Sitrus Berry|[eat]
|-heal|p2a: Trevenant|206\/374|[from] item: Sitrus Berry
|move|p2a: Trevenant|Leech Seed|p1a: Mc. Johnson
|-boost|p1a: Mc. Johnson|atk|1|[from] ability: Sap Sipper
|
|-item|p2a: Trevenant|Sitrus Berry|[from] ability: Harvest
|turn|9
|
|switch|p2a: Porygon2|Porygon2|374\/374
|-damage|p2a: Porygon2|328\/374|[from] Stealth Rock
|-boost|p2a: Porygon2|atk|1|[from] ability: Download
|move|p1a: Mc. Johnson|Ice Beam|p2a: Porygon2
|-damage|p2a: Porygon2|271\/374
|
|turn|10
|
|move|p2a: Porygon2|Ice Beam|p1a: Mc. Johnson
|-supereffective|p1a: Mc. Johnson
|-damage|p1a: Mc. Johnson|249\/321
|move|p1a: Mc. Johnson|Dragon Tail|p2a: Porygon2
|-damage|p2a: Porygon2|187\/374
|drag|p2a: Trevenant|Trevenant, M|206\/374
|-damage|p2a: Trevenant|160\/374|[from] Stealth Rock
|-enditem|p2a: Trevenant|Sitrus Berry|[eat]
|-heal|p2a: Trevenant|253\/374|[from] item: Sitrus Berry
|
|-item|p2a: Trevenant|Sitrus Berry|[from] ability: Harvest
|turn|11
|
|move|p2a: Trevenant|Will-O-Wisp|p1a: Mc. Johnson
|-status|p1a: Mc. Johnson|brn
|move|p1a: Mc. Johnson|Dragon Tail|p2a: Trevenant
|-damage|p2a: Trevenant|184\/374
|drag|p2a: Porygon2|Porygon2|187\/374
|-damage|p2a: Porygon2|141\/374|[from] Stealth Rock
|-boost|p2a: Porygon2|atk|1|[from] ability: Download
|
|-damage|p1a: Mc. Johnson|209\/321 brn|[from] brn
|turn|12
|
|move|p2a: Porygon2|Ice Beam|p1a: Mc. Johnson
|-supereffective|p1a: Mc. Johnson
|-damage|p1a: Mc. Johnson|133\/321 brn
|move|p1a: Mc. Johnson|Dragon Tail|p2a: Porygon2
|-damage|p2a: Porygon2|104\/374
|drag|p2a: Empoleon|Empoleon, F|211\/372 brn
|-damage|p2a: Empoleon|188\/372 brn|[from] Stealth Rock
|
|-damage|p1a: Mc. Johnson|93\/321 brn|[from] brn
|-damage|p2a: Empoleon|142\/372 brn|[from] brn
|turn|13
|
|move|p2a: Empoleon|Ice Beam|p1a: Mc. Johnson
|-supereffective|p1a: Mc. Johnson
|-damage|p1a: Mc. Johnson|21\/321 brn
|move|p1a: Mc. Johnson|Dragon Tail|p2a: Empoleon
|-resisted|p2a: Empoleon
|-damage|p2a: Empoleon|114\/372 brn
|drag|p2a: Alakazam|Alakazam, F|251\/251
|
|-damage|p1a: Mc. Johnson|0 fnt|[from] brn
|faint|p1a: Mc. Johnson
|
|switch|p1a: Infamous|Absol, F|301\/301
|-ability|p1a: Infamous|Pressure
|turn|14
|
|detailschange|p1a: Infamous|Absol-Mega, F
|message|Absol has Mega Evolved into Mega Absol!
|move|p2a: Alakazam|Focus Blast|p1a: Infamous
|-supereffective|p1a: Infamous
|-damage|p1a: Infamous|0 fnt
|faint|p1a: Infamous
|
|
|switch|p1a: Diddy Kong|Infernape, M|293\/293
|turn|15
|
|move|p2a: Alakazam|Psychic|p1a: Diddy Kong
|-supereffective|p1a: Diddy Kong
|-damage|p1a: Diddy Kong|0 fnt
|faint|p1a: Diddy Kong
|
|
|switch|p1a: Frazzle|Nidoking, M|354\/354
|turn|16
|
|move|p1a: Frazzle|Sucker Punch|p2a: Alakazam
|-supereffective|p2a: Alakazam
|-damage|p2a: Alakazam|0 fnt
|-damage|p1a: Frazzle|319\/354|[from] item: Life Orb
|faint|p2a: Alakazam
|
|
|switch|p2a: Arcanine|Arcanine, M|384\/384
|-damage|p2a: Arcanine|288\/384|[from] Stealth Rock
|-ability|p2a: Arcanine|Intimidate|[of] p1a: Frazzle
|-unboost|p1a: Frazzle|atk|1
|turn|17
|
|move|p1a: Frazzle|Earth Power|p2a: Arcanine
|-supereffective|p2a: Arcanine
|-damage|p2a: Arcanine|0 fnt
|faint|p2a: Arcanine
|
|
|switch|p2a: Empoleon|Empoleon, F|114\/372 brn
|-damage|p2a: Empoleon|91\/372 brn|[from] Stealth Rock
|turn|18
|
|move|p1a: Frazzle|Earth Power|p2a: Empoleon
|-supereffective|p2a: Empoleon
|-damage|p2a: Empoleon|0 fnt
|faint|p2a: Empoleon
|
|
|switch|p2a: Porygon2|Porygon2|104\/374
|-damage|p2a: Porygon2|58\/374|[from] Stealth Rock
|-boost|p2a: Porygon2|spa|1|[from] ability: Download
|turn|19
|
|move|p1a: Frazzle|Earth Power|p2a: Porygon2
|-damage|p2a: Porygon2|0 fnt
|faint|p2a: Porygon2
|
|
|switch|p2a: Trevenant|Trevenant, M|184\/374
|-damage|p2a: Trevenant|138\/374|[from] Stealth Rock
|-enditem|p2a: Trevenant|Sitrus Berry|[eat]
|-heal|p2a: Trevenant|231\/374|[from] item: Sitrus Berry
|turn|20
|
|move|p1a: Frazzle|Poison Jab|p2a: Trevenant
|-damage|p2a: Trevenant|97\/374
|move|p2a: Trevenant|Horn Leech|p1a: Frazzle
|-damage|p1a: Frazzle|192\/354
|-heal|p2a: Trevenant|161\/374|[from] drain|[of] p1a: Frazzle
|
|turn|21
|
|move|p1a: Frazzle|Poison Jab|p2a: Trevenant
|-damage|p2a: Trevenant|15\/374
|move|p2a: Trevenant|Leech Seed|p1a: Frazzle
|-start|p1a: Frazzle|move: Leech Seed
|
|-damage|p1a: Frazzle|148\/354|[from] Leech Seed|[of] p2a: Trevenant
|-heal|p2a: Trevenant|59\/374|[silent]
|-item|p2a: Trevenant|Sitrus Berry|[from] ability: Harvest
|-enditem|p2a: Trevenant|Sitrus Berry|[eat]
|-heal|p2a: Trevenant|152\/374|[from] item: Sitrus Berry
|turn|22
|
|move|p1a: Frazzle|Sucker Punch|p2a: Trevenant
|-supereffective|p2a: Trevenant
|-damage|p2a: Trevenant|12\/374
|-damage|p1a: Frazzle|113\/354|[from] item: Life Orb
|move|p2a: Trevenant|Horn Leech|p1a: Frazzle
|-damage|p1a: Frazzle|2\/354
|-heal|p2a: Trevenant|68\/374|[from] drain|[of] p1a: Frazzle
|
|-damage|p1a: Frazzle|0 fnt|[from] Leech Seed|[of] p2a: Trevenant
|-heal|p2a: Trevenant|70\/374|[silent]
|-item|p2a: Trevenant|Sitrus Berry|[from] ability: Harvest
|faint|p1a: Frazzle
|
|win|stel
|raw|Ladder updating...
|raw|Zero-Access's rating: 1210 &rarr; <strong>1177<\/strong><br \/>(-33 for losing)
|raw|stel's rating: 1092 &rarr; <strong>1127<\/strong><br \/>(+35 for winning)
|c|âZero-Access|FU!
|c|âstel|HAHAHAHAHAHAHAHAHHAAHAH
|leave|Zero-Access
|player|p1