|join|Naruto(sage)
|join|stel
|player|p1|Naruto(sage)|260
|player|p2|stel|265
|gametype|singles
|gen|6
|tier|UU
|rated
|rule|Sleep Clause Mod: Limit one foe put to sleep
|rule|Species Clause: Limit one of each PokÃ©mon
|rule|OHKO Clause: OHKO moves are banned
|rule|Moody Clause: Moody is banned
|rule|Evasion Moves Clause: Evasion moves are banned
|rule|Endless Battle Clause: Forcing endless battles is banned
|rule|HP Percentage Mod: HP is shown in percentages
|clearpoke
|poke|p1|Infernape, F
|poke|p1|Toxicroak, F
|poke|p1|Crobat, M
|poke|p1|Hippowdon, M
|poke|p1|Snorlax, M
|poke|p1|Flygon, F
|poke|p2|Entei, shiny
|poke|p2|Flygon, F
|poke|p2|Weezing, M
|poke|p2|Starmie
|poke|p2|Scrafty, M
|poke|p2|Articuno
|rule|Swagger Clause: Swagger is banned
|rule|Baton Pass Clause: Limit one PokÃ©mon knowing Baton Pass
|teampreview
|
|start
|switch|p1a: Flygon|Flygon, F|301\/301
|switch|p2a: Flygon|Flygon, F|301\/301
|turn|1
|
|move|p2a: Flygon|Dragon Claw|p1a: Flygon
|-supereffective|p1a: Flygon
|-damage|p1a: Flygon|17\/301
|move|p1a: Flygon|Dragon Claw|p2a: Flygon
|-supereffective|p2a: Flygon
|-damage|p2a: Flygon|13\/301
|
|turn|2
|
|move|p2a: Flygon|Dragon Claw|p1a: Flygon
|-supereffective|p1a: Flygon
|-damage|p1a: Flygon|0 fnt
|faint|p1a: Flygon
|
|
|switch|p1a: Infernape|Infernape, F|294\/294
|turn|3
|
|switch|p2a: Weezing|Weezing, M|334\/334
|move|p1a: Infernape|U-turn|p2a: Weezing
|-crit|p2a: Weezing
|-resisted|p2a: Weezing
|-damage|p2a: Weezing|300\/334
|-damage|p1a: Infernape|245\/294|[from] item: Rocky Helmet|[of] p2a: Weezing
|
|switch|p1a: Snorlax|Snorlax, M|524\/524
|
|turn|4
|
|move|p2a: Weezing|Will-O-Wisp|p1a: Snorlax
|-status|p1a: Snorlax|brn
|move|p1a: Snorlax|Curse|p1a: Snorlax
|-boost|p1a: Snorlax|atk|1
|-boost|p1a: Snorlax|def|1
|-unboost|p1a: Snorlax|spe|1
|
|-damage|p1a: Snorlax|459\/524 brn|[from] brn
|turn|5
|
|switch|p2a: Scrafty|Scrafty, M|334\/334
|move|p1a: Snorlax|Curse|p1a: Snorlax
|-boost|p1a: Snorlax|atk|1
|-boost|p1a: Snorlax|def|1
|-unboost|p1a: Snorlax|spe|1
|
|-heal|p1a: Snorlax|491\/524 brn|[from] item: Leftovers
|-damage|p1a: Snorlax|426\/524 brn|[from] brn
|turn|6
|
|switch|p1a: Crobat|Crobat, M|312\/312
|move|p2a: Scrafty|Knock Off|p1a: Crobat
|-damage|p1a: Crobat|179\/312
|-enditem|p1a: Crobat|Black Sludge|[from] move: Knock Off|[of] p2a: Scrafty
|
|turn|7
|
|switch|p2a: Weezing|Weezing, M|300\/334
|move|p1a: Crobat|Roost|p1a: Crobat
|-heal|p1a: Crobat|312\/312
|
|turn|8
|
|move|p1a: Crobat|U-turn|p2a: Weezing
|-resisted|p2a: Weezing
|-damage|p2a: Weezing|281\/334
|-damage|p1a: Crobat|260\/312|[from] item: Rocky Helmet|[of] p2a: Weezing
|
|switch|p1a: Infernape|Infernape, F|245\/294
|move|p2a: Weezing|Sludge Bomb|p1a: Infernape
|-damage|p1a: Infernape|116\/294
|
|turn|9
|
|switch|p1a: Snorlax|Snorlax, M|426\/524 brn
|move|p2a: Weezing|Sludge Bomb|p1a: Snorlax
|-crit|p1a: Snorlax
|-damage|p1a: Snorlax|330\/524 brn
|
|-heal|p1a: Snorlax|362\/524 brn|[from] item: Leftovers
|-damage|p1a: Snorlax|297\/524 brn|[from] brn
|turn|10
|
|move|p2a: Weezing|Sludge Bomb|p1a: Snorlax
|-damage|p1a: Snorlax|233\/524 brn
|move|p1a: Snorlax|Rest|p1a: Snorlax
|-status|p1a: Snorlax|slp
|-heal|p1a: Snorlax|524\/524 slp|[silent]
|-status|p1a: Snorlax|slp|[from] move: Rest
|
|turn|11
|
|switch|p2a: Scrafty|Scrafty, M|334\/334
|switch|p1a: Crobat|Crobat, M|260\/312
|
|turn|12
|
|move|p1a: Crobat|Brave Bird|p2a: Scrafty
|-supereffective|p2a: Scrafty
|-damage|p2a: Scrafty|32\/334
|-damage|p1a: Crobat|160\/312|[from] recoil|[of] p2a: Scrafty
|move|p2a: Scrafty|Bulk Up|p2a: Scrafty
|-boost|p2a: Scrafty|atk|1
|-boost|p2a: Scrafty|def|1
|
|-heal|p2a: Scrafty|52\/334|[from] item: Leftovers
|turn|13
|
|switch|p2a: Weezing|Weezing, M|281\/334
|move|p1a: Crobat|U-turn|p2a: Weezing
|-resisted|p2a: Weezing
|-damage|p2a: Weezing|259\/334
|-damage|p1a: Crobat|108\/312|[from] item: Rocky Helmet|[of] p2a: Weezing
|
|switch|p1a: Hippowdon|Hippowdon, M|420\/420
|-weather|Sandstorm
|
|-weather|Sandstorm|[upkeep]
|-damage|p2a: Weezing|239\/334|[from] sandstorm
|turn|14
|
|switch|p2a: Scrafty|Scrafty, M|52\/334
|switch|p1a: Snorlax|Snorlax, M|524\/524 slp
|
|-weather|Sandstorm|[upkeep]
|-damage|p2a: Scrafty|32\/334|[from] sandstorm
|-damage|p1a: Snorlax|492\/524 slp|[from] sandstorm
|-heal|p2a: Scrafty|52\/334|[from] item: Leftovers
|-heal|p1a: Snorlax|524\/524 slp|[from] item: Leftovers
|turn|15
|
|switch|p1a: Crobat|Crobat, M|108\/312
|move|p2a: Scrafty|Drain Punch|p1a: Crobat
|-resisted|p1a: Crobat
|-damage|p1a: Crobat|83\/312
|-heal|p2a: Scrafty|65\/334|[from] drain|[of] p1a: Crobat
|
|-weather|Sandstorm|[upkeep]
|-damage|p1a: Crobat|64\/312|[from] sandstorm
|-damage|p2a: Scrafty|45\/334|[from] sandstorm
|-heal|p2a: Scrafty|65\/334|[from] item: Leftovers
|turn|16
|
|move|p1a: Crobat|Roost|p1a: Crobat
|-heal|p1a: Crobat|220\/312
|move|p2a: Scrafty|Knock Off|p1a: Crobat
|-crit|p1a: Crobat
|-damage|p1a: Crobat|87\/312
|
|-weather|Sandstorm|[upkeep]
|-damage|p1a: Crobat|68\/312|[from] sandstorm
|-damage|p2a: Scrafty|45\/334|[from] sandstorm
|-heal|p2a: Scrafty|65\/334|[from] item: Leftovers
|turn|17
|
|move|p1a: Crobat|U-turn|p2a: Scrafty
|-damage|p2a: Scrafty|6\/334
|
|switch|p1a: Hippowdon|Hippowdon, M|420\/420
|move|p2a: Scrafty|Bulk Up|p2a: Scrafty
|-boost|p2a: Scrafty|atk|1
|-boost|p2a: Scrafty|def|1
|
|-weather|none
|-heal|p2a: Scrafty|26\/334|[from] item: Leftovers
|turn|18
|
|move|p2a: Scrafty|Drain Punch|p1a: Hippowdon
|-damage|p1a: Hippowdon|303\/420
|-heal|p2a: Scrafty|85\/334|[from] drain|[of] p1a: Hippowdon
|move|p1a: Hippowdon|Earthquake|p2a: Scrafty
|-damage|p2a: Scrafty|0 fnt
|faint|p2a: Scrafty
|
|-heal|p1a: Hippowdon|329\/420|[from] item: Leftovers
|
|switch|p2a: Starmie|Starmie|261\/261
|turn|19
|
|switch|p1a: Snorlax|Snorlax, M|524\/524 slp
|move|p2a: Starmie|Ice Beam|p1a: Snorlax
|-damage|p1a: Snorlax|451\/524 slp
|-damage|p2a: Starmie|235\/261|[from] item: Life Orb
|
|-heal|p1a: Snorlax|483\/524 slp|[from] item: Leftovers
|turn|20
|
|switch|p2a: Entei|Entei, shiny|372\/372
|-ability|p2a: Entei|Pressure
|cant|p1a: Snorlax|slp
|
|-heal|p1a: Snorlax|515\/524 slp|[from] item: Leftovers
|turn|21
|
|switch|p1a: Hippowdon|Hippowdon, M|329\/420
|-weather|Sandstorm
|move|p2a: Entei|Sacred Fire|p1a: Hippowdon
|-damage|p1a: Hippowdon|94\/420
|-status|p1a: Hippowdon|brn
|
|-weather|Sandstorm|[upkeep]
|-damage|p2a: Entei|349\/372|[from] sandstorm
|-heal|p1a: Hippowdon|120\/420 brn|[from] item: Leftovers
|-damage|p1a: Hippowdon|68\/420 brn|[from] brn
|turn|22
|
|move|p2a: Entei|Sacred Fire|p1a: Hippowdon
|-damage|p1a: Hippowdon|0 fnt
|faint|p1a: Hippowdon
|
|-weather|Sandstorm|[upkeep]
|-damage|p2a: Entei|326\/372|[from] sandstorm
|
|switch|p1a: Infernape|Infernape, F|116\/294
|turn|23
|
|switch|p2a: Weezing|Weezing, M|239\/334
|move|p1a: Infernape|Earthquake|p2a: Weezing
|-immune|p2a: Weezing|[msg]
|
|-weather|Sandstorm|[upkeep]
|-damage|p1a: Infernape|98\/294|[from] sandstorm
|-damage|p2a: Weezing|219\/334|[from] sandstorm
|turn|24
|
|switch|p1a: Snorlax|Snorlax, M|515\/524 slp
|move|p2a: Weezing|Sludge Bomb|p1a: Snorlax
|-damage|p1a: Snorlax|457\/524 slp
|
|-weather|Sandstorm|[upkeep]
|-damage|p2a: Weezing|199\/334|[from] sandstorm
|-damage|p1a: Snorlax|425\/524 slp|[from] sandstorm
|-heal|p1a: Snorlax|457\/524 slp|[from] item: Leftovers
|turn|25
|
|switch|p2a: Flygon|Flygon, F|13\/301
|cant|p1a: Snorlax|slp
|
|-weather|none
|-heal|p1a: Snorlax|489\/524 slp|[from] item: Leftovers
|turn|26
|
|move|p2a: Flygon|Outrage|p1a: Snorlax
|-damage|p1a: Snorlax|218\/524 slp
|-curestatus|p1a: Snorlax|slp
|move|p1a: Snorlax|Body Slam|p2a: Flygon
|-damage|p2a: Flygon|0 fnt
|faint|p2a: Flygon
|
|-heal|p1a: Snorlax|250\/524|[from] item: Leftovers
|
|switch|p2a: Entei|Entei, shiny|326\/372
|-ability|p2a: Entei|Pressure
|turn|27
|c|âstel|something dies
|
|move|p2a: Entei|Flare Blitz|p1a: Snorlax
|-damage|p1a: Snorlax|0 fnt
|-damage|p2a: Entei|243\/372|[from] recoil|[of] p1a: Snorlax
|faint|p1a: Snorlax
|
|c|âNaruto(sage)|true
|
|switch|p1a: Crobat|Crobat, M|68\/312
|turn|28
|
|move|p1a: Crobat|Roost|p1a: Crobat
|-heal|p1a: Crobat|224\/312
|move|p2a: Entei|Flare Blitz|p1a: Crobat
|-damage|p1a: Crobat|0 fnt
|-damage|p2a: Entei|169\/372|[from] recoil|[of] p1a: Crobat
|faint|p1a: Crobat
|
|
|switch|p1a: Infernape|Infernape, F|98\/294
|turn|29
|
|switch|p2a: Weezing|Weezing, M|199\/334
|move|p1a: Infernape|Flare Blitz|p2a: Weezing
|-damage|p2a: Weezing|34\/334
|-damage|p1a: Infernape|49\/294|[from] item: Rocky Helmet|[of] p2a: Weezing
|-damage|p1a: Infernape|0 fnt|[from] recoil|[of] p2a: Weezing
|faint|p1a: Infernape
|
|
|switch|p1a: Toxicroak|Toxicroak, F|308\/308
|turn|30
|
|move|p1a: Toxicroak|Knock Off|p2a: Weezing
|-damage|p2a: Weezing|0 fnt
|-damage|p1a: Toxicroak|257\/308|[from] item: Rocky Helmet|[of] p2a: Weezing
|-enditem|p2a: Weezing|Rocky Helmet|[from] move: Knock Off|[of] p1a: Toxicroak
|-damage|p1a: Toxicroak|227\/308|[from] item: Life Orb
|faint|p2a: Weezing
|
|
|switch|p2a: Starmie|Starmie|235\/261
|turn|31
|
|move|p1a: Toxicroak|Sucker Punch|p2a: Starmie
|-supereffective|p2a: Starmie
|-damage|p2a: Starmie|0 fnt
|-damage|p1a: Toxicroak|197\/308|[from] item: Life Orb
|faint|p2a: Starmie
|
|
|switch|p2a: Articuno|Articuno|384\/384
|-ability|p2a: Articuno|Pressure
|turn|32
|
|move|p1a: Toxicroak|Drain Punch|p2a: Articuno
|-damage|p2a: Articuno|227\/384
|-heal|p1a: Toxicroak|276\/308|[from] drain|[of] p2a: Articuno
|-damage|p1a: Toxicroak|246\/308|[from] item: Life Orb
|move|p2a: Articuno|Freeze-Dry|p1a: Toxicroak
|-damage|p1a: Toxicroak|132\/308
|-status|p1a: Toxicroak|frz
|
|-heal|p2a: Articuno|251\/384|[from] item: Leftovers
|turn|33
|
|switch|p2a: Entei|Entei, shiny|169\/372
|-ability|p2a: Entei|Pressure
|-curestatus|p1a: Toxicroak|frz
|move|p1a: Toxicroak|Drain Punch|p2a: Entei
|-damage|p2a: Entei|0 fnt
|-heal|p1a: Toxicroak|217\/308|[from] drain|[of] p2a: Entei
|-damage|p1a: Toxicroak|187\/308|[from] item: Life Orb
|faint|p2a: Entei
|
|c|âNaruto(sage)|thaw bitch
|
|switch|p2a: Articuno|Articuno|251\/384
|-ability|p2a: Articuno|Pressure
|turn|34
|
|move|p1a: Toxicroak|Drain Punch|p2a: Articuno
|-damage|p2a: Articuno|86\/384
|-heal|p1a: Toxicroak|270\/308|[from] drain|[of] p2a: Articuno
|-damage|p1a: Toxicroak|240\/308|[from] item: Life Orb
|move|p2a: Articuno|Roost|p2a: Articuno
|-heal|p2a: Articuno|278\/384
|
|-heal|p2a: Articuno|302\/384|[from] item: Leftovers
|turn|35
|
|move|p1a: Toxicroak|Swords Dance|p1a: Toxicroak
|-boost|p1a: Toxicroak|atk|2
|move|p2a: Articuno|Freeze-Dry|p1a: Toxicroak
|-damage|p1a: Toxicroak|125\/308
|
|-heal|p2a: Articuno|326\/384|[from] item: Leftovers
|turn|36
|
|move|p1a: Toxicroak|Drain Punch|p2a: Articuno
|-damage|p2a: Articuno|17\/384
|-heal|p1a: Toxicroak|280\/308|[from] drain|[of] p2a: Articuno
|-damage|p1a: Toxicroak|250\/308|[from] item: Life Orb
|move|p2a: Articuno|Freeze-Dry|p1a: Toxicroak
|-damage|p1a: Toxicroak|142\/308
|
|-heal|p2a: Articuno|41\/384|[from] item: Leftovers
|turn|37
|c|âstel|gg
|
|move|p1a: Toxicroak|Knock Off|p2a: Articuno
|-damage|p2a: Articuno|0 fnt
|-enditem|p2a: Articuno|Leftovers|[from] move: Knock Off|[of] p1a: Toxicroak
|-damage|p1a: Toxicroak|112\/308|[from] item: Life Orb
|faint|p2a: Articuno
|
|win|Naruto(sage)
|raw|Ladder updating...
|c|âNaruto(sage)|gg