|join|gerineitor7
|join|stel
|player|p1|gerineitor7|221
|player|p2|stel|2
|gametype|singles
|gen|6
|tier|UU
|rated
|rule|Sleep Clause Mod: Limit one foe put to sleep
|rule|Species Clause: Limit one of each PokÃ©mon
|rule|OHKO Clause: OHKO moves are banned
|rule|Moody Clause: Moody is banned
|rule|Evasion Moves Clause: Evasion moves are banned
|rule|Endless Battle Clause: Forcing endless battles is banned
|rule|HP Percentage Mod: HP is shown in percentages
|clearpoke
|poke|p1|Heracross, M
|poke|p1|Blastoise, F, shiny
|poke|p1|Malamar, F, shiny
|poke|p1|Zangoose, F, shiny
|poke|p1|Crustle, F, shiny
|poke|p1|Typhlosion, F, shiny
|poke|p2|Nidoking, M
|poke|p2|Trevenant, M
|poke|p2|Machamp, F
|poke|p2|Empoleon, M
|poke|p2|Alakazam, F
|poke|p2|Arcanine, F
|rule|Swagger Clause: Swagger is banned
|rule|Baton Pass Clause: Limit one PokÃ©mon knowing Baton Pass
|teampreview
|
|start
|switch|p1a: Zangoose|Zangoose, F, shiny|287\/287
|switch|p2a: Arcanine|Arcanine, F|384\/384
|-ability|p2a: Arcanine|Intimidate|[of] p1a: Zangoose
|-unboost|p1a: Zangoose|atk|1
|turn|1
|
|move|p1a: Zangoose|Protect|p1a: Zangoose
|-singleturn|p1a: Zangoose|Protect
|move|p2a: Arcanine|Will-O-Wisp|p1a: Zangoose
|-activate|p1a: Zangoose|Protect
|
|-status|p1a: Zangoose|tox|[from] item: Toxic Orb
|turn|2
|
|switch|p1a: Typhlosion|Typhlosion, F, shiny|298\/298
|move|p2a: Arcanine|Flare Blitz|p1a: Typhlosion
|-crit|p1a: Typhlosion
|-resisted|p1a: Typhlosion
|-damage|p1a: Typhlosion|148\/298
|-damage|p2a: Arcanine|334\/384|[from] recoil|[of] p1a: Typhlosion
|
|turn|3
|
|move|p2a: Arcanine|Extreme Speed|p1a: Typhlosion
|-damage|p1a: Typhlosion|68\/298
|move|p1a: Typhlosion|Focus Blast|p2a: Arcanine
|-damage|p2a: Arcanine|192\/384
|
|turn|4
|
|switch|p1a: Blastoise|Blastoise, F, shiny|362\/362
|move|p2a: Arcanine|Extreme Speed|p1a: Blastoise
|-damage|p1a: Blastoise|304\/362
|
|turn|5
|
|switch|p2a: Trevenant|Trevenant, M|374\/374
|detailschange|p1a: Blastoise|Blastoise-Mega, F, shiny
|message|Blastoise has Mega Evolved into Mega Blastoise!
|move|p1a: Blastoise|Water Pulse|p2a: Trevenant
|-resisted|p2a: Trevenant
|-damage|p2a: Trevenant|314\/374
|
|turn|6
|
|switch|p2a: Machamp|Machamp, F|384\/384
|move|p1a: Blastoise|Dark Pulse|p2a: Machamp
|-resisted|p2a: Machamp
|-damage|p2a: Machamp|314\/384
|
|-heal|p2a: Machamp|338\/384|[from] item: Leftovers
|turn|7
|
|move|p1a: Blastoise|Water Pulse|p2a: Machamp
|-damage|p2a: Machamp|167\/384
|move|p2a: Machamp|Dynamic Punch|p1a: Blastoise
|-damage|p1a: Blastoise|166\/362
|-start|p1a: Blastoise|confusion
|
|-heal|p2a: Machamp|191\/384|[from] item: Leftovers
|turn|8
|
|-activate|p1a: Blastoise|confusion
|-damage|p1a: Blastoise|144\/362|[from] confusion
|move|p2a: Machamp|Knock Off|p1a: Blastoise
|-crit|p1a: Blastoise
|-damage|p1a: Blastoise|52\/362
|
|-heal|p2a: Machamp|215\/384|[from] item: Leftovers
|turn|9
|
|move|p2a: Machamp|Bullet Punch|p1a: Blastoise
|-resisted|p1a: Blastoise
|-damage|p1a: Blastoise|32\/362
|-end|p1a: Blastoise|confusion
|move|p1a: Blastoise|Water Pulse|p2a: Machamp
|-damage|p2a: Machamp|64\/384
|-start|p2a: Machamp|confusion
|
|-heal|p2a: Machamp|88\/384|[from] item: Leftovers
|turn|10
|
|switch|p1a: Typhlosion|Typhlosion, F, shiny|68\/298
|-activate|p2a: Machamp|confusion
|move|p2a: Machamp|Bullet Punch|p1a: Typhlosion
|-resisted|p1a: Typhlosion
|-damage|p1a: Typhlosion|36\/298
|
|-heal|p2a: Machamp|112\/384|[from] item: Leftovers
|turn|11
|
|move|p1a: Typhlosion|Extrasensory|p2a: Machamp
|-supereffective|p2a: Machamp
|-damage|p2a: Machamp|0 fnt
|faint|p2a: Machamp
|
|
|switch|p2a: Alakazam|Alakazam, F|251\/251
|turn|12
|
|move|p2a: Alakazam|Psychic|p1a: Typhlosion
|-damage|p1a: Typhlosion|0 fnt
|faint|p1a: Typhlosion
|
|
|switch|p1a: Heracross|Heracross, M|302\/302
|turn|13
|
|move|p1a: Heracross|Knock Off|p2a: Alakazam
|-supereffective|p2a: Alakazam
|-enditem|p2a: Alakazam|Focus Sash
|-damage|p2a: Alakazam|1\/251
|move|p2a: Alakazam|Psychic|p1a: Heracross
|-supereffective|p1a: Heracross
|-damage|p1a: Heracross|0 fnt
|faint|p1a: Heracross
|
|
|switch|p1a: Crustle|Crustle, F, shiny|282\/282
|turn|14
|
|switch|p2a: Empoleon|Empoleon, M|372\/372
|move|p1a: Crustle|Earthquake|p2a: Empoleon
|-supereffective|p2a: Empoleon
|-damage|p2a: Empoleon|184\/372
|
|-heal|p2a: Empoleon|207\/372|[from] item: Leftovers
|turn|15
|
|move|p1a: Crustle|Shell Smash|p1a: Crustle
|-boost|p1a: Crustle|atk|2
|-boost|p1a: Crustle|spa|2
|-boost|p1a: Crustle|spe|2
|-unboost|p1a: Crustle|def|1
|-unboost|p1a: Crustle|spd|1
|-enditem|p1a: Crustle|White Herb
|-restoreboost|p1a: Crustle|[silent]
|move|p2a: Empoleon|Scald|p1a: Crustle
|-supereffective|p1a: Crustle
|-activate|p1a: Crustle|Sturdy
|-damage|p1a: Crustle|1\/282
|
|-heal|p2a: Empoleon|230\/372|[from] item: Leftovers
|turn|16
|
|move|p1a: Crustle|Earthquake|p2a: Empoleon
|-supereffective|p2a: Empoleon
|-damage|p2a: Empoleon|0 fnt
|faint|p2a: Empoleon
|
|
|switch|p2a: Nidoking|Nidoking, M|303\/303
|turn|17
|
|move|p1a: Crustle|Earthquake|p2a: Nidoking
|-crit|p2a: Nidoking
|-supereffective|p2a: Nidoking
|-damage|p2a: Nidoking|0 fnt
|faint|p2a: Nidoking
|
|
|switch|p2a: Alakazam|Alakazam, F|1\/251
|turn|18
|
|move|p2a: Alakazam|Psychic|p1a: Crustle
|-damage|p1a: Crustle|0 fnt
|faint|p1a: Crustle
|
|
|switch|p1a: Malamar|Malamar, F, shiny|376\/376
|turn|19
|
|move|p2a: Alakazam|Dazzling Gleam|p1a: Malamar
|-supereffective|p1a: Malamar
|-damage|p1a: Malamar|122\/376
|move|p1a: Malamar|Superpower|p2a: Alakazam
|-resisted|p2a: Alakazam
|-damage|p2a: Alakazam|0 fnt
|-boost|p1a: Malamar|atk|1
|-boost|p1a: Malamar|def|1
|faint|p2a: Alakazam
|
|-heal|p1a: Malamar|145\/376|[from] item: Leftovers
|
|switch|p2a: Arcanine|Arcanine, F|192\/384
|-ability|p2a: Arcanine|Intimidate|[of] p1a: Malamar
|-boost|p1a: Malamar|atk|1
|turn|20
|
|move|p2a: Arcanine|Morning Sun|p2a: Arcanine
|-heal|p2a: Arcanine|384\/384
|move|p1a: Malamar|Superpower|p2a: Arcanine
|-crit|p2a: Arcanine
|-damage|p2a: Arcanine|75\/384
|-damage|p1a: Malamar|83\/376|[from] item: Rocky Helmet|[of] p2a: Arcanine
|-boost|p1a: Malamar|atk|1
|-boost|p1a: Malamar|def|1
|
|-heal|p1a: Malamar|106\/376|[from] item: Leftovers
|turn|21
|
|move|p2a: Arcanine|Flare Blitz|p1a: Malamar
|-damage|p1a: Malamar|21\/376
|-damage|p2a: Arcanine|47\/384|[from] recoil|[of] p1a: Malamar
|move|p1a: Malamar|Superpower|p2a: Arcanine
|-damage|p2a: Arcanine|0 fnt
|-damage|p1a: Malamar|0 fnt|[from] item: Rocky Helmet|[of] p2a: Arcanine
|faint|p1a: Malamar
|faint|p2a: Arcanine
|
|
|switch|p1a: Blastoise|Blastoise-Mega, F, shiny|32\/362
|switch|p2a: Trevenant|Trevenant, M|314\/374
|turn|22
|
|move|p1a: Blastoise|Dark Pulse|p2a: Trevenant
|-supereffective|p2a: Trevenant
|-damage|p2a: Trevenant|108\/374
|-enditem|p2a: Trevenant|Sitrus Berry|[eat]
|-heal|p2a: Trevenant|201\/374|[from] item: Sitrus Berry
|move|p2a: Trevenant|Horn Leech|p1a: Blastoise
|-crit|p1a: Blastoise
|-supereffective|p1a: Blastoise
|-damage|p1a: Blastoise|0 fnt
|-heal|p2a: Trevenant|217\/374|[from] drain|[of] p1a: Blastoise
|faint|p1a: Blastoise
|
|
|switch|p1a: Zangoose|Zangoose, F, shiny|287\/287 tox
|turn|23
|
|move|p1a: Zangoose|Knock Off|p2a: Trevenant
|-supereffective|p2a: Trevenant
|-damage|p2a: Trevenant|0 fnt
|faint|p2a: Trevenant
|
|win|gerineitor7
|raw|Ladder updating...
|raw|gerineitor7's rating: 1209 &rarr; <strong>1236<\/strong><br \/>(+27 for winning)
|raw|stel's rating: 1238 &rarr; <strong>1211<\/strong><br \/>(-27 for losing)
|c|âgerineitor7|gg
|c|âstel|gg
|c|âgerineitor7|wp
|leave|stel
|player|p2