|join|SpadeZ1
|join|stel
|player|p1|SpadeZ1|267
|player|p2|stel|101
|gametype|singles
|gen|6
|tier|UU
|rated
|rule|Sleep Clause Mod: Limit one foe put to sleep
|rule|Species Clause: Limit one of each PokÃ©mon
|rule|OHKO Clause: OHKO moves are banned
|rule|Moody Clause: Moody is banned
|rule|Evasion Moves Clause: Evasion moves are banned
|rule|Endless Battle Clause: Forcing endless battles is banned
|rule|HP Percentage Mod: HP is shown in percentages
|clearpoke
|poke|p1|Zoroark, F, shiny
|poke|p1|Shedinja, shiny
|poke|p1|Porygon-Z, shiny
|poke|p1|Mienshao, F, shiny
|poke|p1|Miltank, F, shiny
|poke|p1|Crobat, M
|poke|p2|Porygon2
|poke|p2|Trevenant, F
|poke|p2|Machamp, M
|poke|p2|Empoleon, F
|poke|p2|Alakazam, M
|poke|p2|Arcanine, M
|rule|Swagger Clause: Swagger is banned
|rule|Baton Pass Clause: Limit one PokÃ©mon knowing Baton Pass
|teampreview
|
|start
|switch|p1a: Shedinja|Shedinja, shiny|262\/262
|switch|p2a: Porygon2|Porygon2|374\/374
|-boost|p2a: Porygon2|atk|1|[from] ability: Download
|turn|1
|join|LOUADJ
|
|move|p1a: Shedinja|Focus Blast|p2a: Porygon2
|-supereffective|p2a: Porygon2
|-damage|p2a: Porygon2|143\/374
|-damage|p1a: Shedinja|236\/262|[from] item: Life Orb
|move|p2a: Porygon2|Ice Beam|p1a: Shedinja
|replace|p1a: Zoroark|Zoroark, F, shiny|236\/262
|-damage|p1a: Zoroark|110\/262
|
|turn|2
|
|move|p1a: Zoroark|Dark Pulse|p2a: Porygon2
|-damage|p2a: Porygon2|9\/374
|-damage|p1a: Zoroark|84\/262|[from] item: Life Orb
|move|p2a: Porygon2|Recover|p2a: Porygon2
|-heal|p2a: Porygon2|196\/374
|
|turn|3
|
|move|p1a: Zoroark|Focus Blast|p2a: Porygon2|[miss]
|-miss|p1a: Zoroark|p2a: Porygon2
|move|p2a: Porygon2|Tri Attack|p1a: Zoroark
|-damage|p1a: Zoroark|0 fnt
|faint|p1a: Zoroark
|
|
|switch|p1a: Mienshao|Mienshao, F, shiny|271\/271
|turn|4
|
|switch|p2a: Arcanine|Arcanine, M|384\/384
|-ability|p2a: Arcanine|Intimidate|[of] p1a: Mienshao
|-unboost|p1a: Mienshao|atk|1
|move|p1a: Mienshao|U-turn|p2a: Arcanine
|-resisted|p2a: Arcanine
|-damage|p2a: Arcanine|360\/384
|-damage|p1a: Mienshao|226\/271|[from] item: Rocky Helmet|[of] p2a: Arcanine
|leave|LOUADJ
|
|switch|p1a: Miltank|Miltank, F, shiny|394\/394
|
|turn|5
|
|move|p1a: Miltank|Curse|p1a: Miltank
|-boost|p1a: Miltank|atk|1
|-boost|p1a: Miltank|def|1
|-unboost|p1a: Miltank|spe|1
|move|p2a: Arcanine|Will-O-Wisp|p1a: Miltank
|-status|p1a: Miltank|brn
|
|-damage|p1a: Miltank|345\/394 brn|[from] brn
|turn|6
|
|move|p2a: Arcanine|Flare Blitz|p1a: Miltank
|-damage|p1a: Miltank|249\/394 brn
|-damage|p2a: Arcanine|328\/384|[from] recoil|[of] p1a: Miltank
|move|p1a: Miltank|Curse|p1a: Miltank
|-boost|p1a: Miltank|atk|1
|-boost|p1a: Miltank|def|1
|-unboost|p1a: Miltank|spe|1
|
|-heal|p1a: Miltank|273\/394 brn|[from] item: Leftovers
|-damage|p1a: Miltank|224\/394 brn|[from] brn
|turn|7
|
|move|p2a: Arcanine|Flare Blitz|p1a: Miltank
|-crit|p1a: Miltank
|-damage|p1a: Miltank|5\/394 brn
|-damage|p2a: Arcanine|256\/384|[from] recoil|[of] p1a: Miltank
|move|p1a: Miltank|Curse|p1a: Miltank
|-boost|p1a: Miltank|atk|1
|-boost|p1a: Miltank|def|1
|-unboost|p1a: Miltank|spe|1
|
|-heal|p1a: Miltank|29\/394 brn|[from] item: Leftovers
|-damage|p1a: Miltank|0 fnt|[from] brn
|faint|p1a: Miltank
|
|switch|p1a: Porygon-Z|Porygon-Z, shiny|312\/312
|turn|8
|
|move|p1a: Porygon-Z|Tri Attack|p2a: Arcanine
|-damage|p2a: Arcanine|0 fnt
|faint|p2a: Arcanine
|
|
|switch|p2a: Trevenant|Trevenant, F|374\/374
|turn|9
|
|switch|p1a: Crobat|Crobat, M|373\/373
|move|p2a: Trevenant|Toxic|p1a: Crobat
|-fail|p1a: Crobat
|
|turn|10
|
|move|p1a: Crobat|Brave Bird|p2a: Trevenant
|-supereffective|p2a: Trevenant
|-damage|p2a: Trevenant|0 fnt
|-damage|p1a: Crobat|250\/373|[from] recoil|[of] p2a: Trevenant
|faint|p2a: Trevenant
|
|-heal|p1a: Crobat|273\/373|[from] item: Black Sludge
|
|switch|p2a: Alakazam|Alakazam, M|251\/251
|turn|11
|
|move|p1a: Crobat|Super Fang|p2a: Alakazam
|-damage|p2a: Alakazam|126\/251
|move|p2a: Alakazam|Psychic|p1a: Crobat
|-supereffective|p1a: Crobat
|-damage|p1a: Crobat|0 fnt
|faint|p1a: Crobat
|
|
|switch|p1a: Porygon-Z|Porygon-Z, shiny|312\/312
|turn|12
|
|move|p2a: Alakazam|Focus Blast|p1a: Porygon-Z|[miss]
|-miss|p2a: Alakazam|p1a: Porygon-Z
|move|p1a: Porygon-Z|Tri Attack|p2a: Alakazam
|-damage|p2a: Alakazam|0 fnt
|faint|p2a: Alakazam
|
|
|switch|p2a: Machamp|Machamp, M|384\/384
|turn|13
|
|move|p1a: Porygon-Z|Tri Attack|p2a: Machamp
|-damage|p2a: Machamp|36\/384
|-status|p2a: Machamp|par
|move|p2a: Machamp|Dynamic Punch|p1a: Porygon-Z
|-supereffective|p1a: Porygon-Z
|-damage|p1a: Porygon-Z|0 fnt
|faint|p1a: Porygon-Z
|
|-heal|p2a: Machamp|60\/384 par|[from] item: Leftovers
|
|switch|p1a: Mienshao|Mienshao, F, shiny|226\/271
|turn|14
|
|move|p1a: Mienshao|High Jump Kick|p2a: Machamp
|-damage|p2a: Machamp|0 fnt
|faint|p2a: Machamp
|
|
|switch|p2a: Porygon2|Porygon2|196\/374
|-boost|p2a: Porygon2|atk|1|[from] ability: Download
|turn|15
|
|move|p1a: Mienshao|High Jump Kick|p2a: Porygon2
|-supereffective|p2a: Porygon2
|-damage|p2a: Porygon2|0 fnt
|faint|p2a: Porygon2
|
|
|switch|p2a: Empoleon|Empoleon, F|372\/372
|turn|16
|
|move|p1a: Mienshao|High Jump Kick|p2a: Empoleon
|-crit|p2a: Empoleon
|-supereffective|p2a: Empoleon
|-damage|p2a: Empoleon|0 fnt
|faint|p2a: Empoleon
|
|win|SpadeZ1
|raw|Ladder updating...
|raw|SpadeZ1's rating: 1138 &rarr; <strong>1167<\/strong><br \/>(+29 for winning)
|raw|stel's rating: 1191 &rarr; <strong>1162<\/strong><br \/>(-29 for losing)
|c|âSpadeZ1|Gg
|leave|stel
|player|p2