|join|Pinnochio
|join|stel
|player|p1|Pinnochio|66
|player|p2|stel|170
|gametype|singles
|gen|6
|tier|UU
|rated
|rule|Sleep Clause Mod: Limit one foe put to sleep
|rule|Species Clause: Limit one of each PokÃ©mon
|rule|OHKO Clause: OHKO moves are banned
|rule|Moody Clause: Moody is banned
|rule|Evasion Moves Clause: Evasion moves are banned
|rule|Endless Battle Clause: Forcing endless battles is banned
|rule|HP Percentage Mod: HP is shown in percentages
|clearpoke
|poke|p1|Victini
|poke|p1|Blissey, F
|poke|p1|Mienshao, F
|poke|p1|Donphan, F
|poke|p1|Ampharos, F
|poke|p1|Diancie
|poke|p2|Arcanine, M
|poke|p2|Nidoking, M
|poke|p2|Umbreon, M, shiny
|poke|p2|Sableye, F
|poke|p2|Mienshao, M
|poke|p2|Empoleon, F
|rule|Swagger Clause: Swagger is banned
|rule|Baton Pass Clause: Limit one PokÃ©mon knowing Baton Pass
|teampreview
|c|âPinnochio|glhf
|
|start
|switch|p1a: Diancie|Diancie|304\/304
|switch|p2a: Empoleon|Empoleon, F|372\/372
|turn|1
|c|âstel|u2
|
|switch|p1a: No Mercy|Victini|341\/341
|move|p2a: Empoleon|Scald|p1a: No Mercy
|-supereffective|p1a: No Mercy
|-damage|p1a: No Mercy|69\/341
|
|turn|2
|
|switch|p2a: Sableye|Sableye, F|304\/304
|move|p1a: No Mercy|V-create|p2a: Sableye
|-crit|p2a: Sableye
|-damage|p2a: Sableye|0 fnt
|-unboost|p1a: No Mercy|def|1
|-unboost|p1a: No Mercy|spd|1
|-unboost|p1a: No Mercy|spe|1
|faint|p2a: Sableye
|
|c|âstel|ouch
|c|âPinnochio|yikes
|
|switch|p2a: Nidoking|Nidoking, M|303\/303
|turn|3
|
|switch|p1a: Consuela|Blissey, F|651\/651
|move|p2a: Nidoking|Earth Power|p1a: Consuela
|-damage|p1a: Consuela|551\/651
|
|-heal|p1a: Consuela|591\/651|[from] item: Leftovers
|turn|4
|
|switch|p2a: Mienshao|Mienshao, M|271\/271
|move|p1a: Consuela|Seismic Toss|p2a: Mienshao
|-damage|p2a: Mienshao|171\/271
|
|-heal|p1a: Consuela|631\/651|[from] item: Leftovers
|turn|5
|
|move|p2a: Mienshao|Swords Dance|p2a: Mienshao
|-boost|p2a: Mienshao|atk|2
|move|p1a: Consuela|Thunder Wave|p2a: Mienshao
|-status|p2a: Mienshao|par
|
|-heal|p1a: Consuela|651\/651|[from] item: Leftovers
|turn|6
|
|switch|p1a: L'Oral|Ampharos, F|384\/384
|move|p2a: Mienshao|Drain Punch|p1a: L'Oral
|-damage|p1a: L'Oral|168\/384
|-heal|p2a: Mienshao|271\/271 par|[from] drain|[of] p1a: L'Oral
|
|turn|7
|
|switch|p2a: Nidoking|Nidoking, M|303\/303
|detailschange|p1a: L'Oral|Ampharos-Mega, F
|message|Ampharos has Mega Evolved into Mega Ampharos!
|-ability|p1a: L'Oral|Mold Breaker
|move|p1a: L'Oral|Volt Switch|p2a: Nidoking
|-immune|p2a: Nidoking|[msg]
|
|turn|8
|
|switch|p1a: Dumbo|Donphan, F|364\/364
|move|p2a: Nidoking|Sludge Bomb|p1a: Dumbo
|-resisted|p1a: Dumbo
|-damage|p1a: Dumbo|285\/364
|
|turn|9
|c|âPinnochio|sludge wave>sludge bomb
|
|switch|p2a: Empoleon|Empoleon, F|372\/372
|move|p1a: Dumbo|Earthquake|p2a: Empoleon
|-supereffective|p2a: Empoleon
|-damage|p2a: Empoleon|0 fnt
|faint|p2a: Empoleon
|
|
|switch|p2a: Arcanine|Arcanine, M|384\/384
|-ability|p2a: Arcanine|Intimidate|[of] p1a: Dumbo
|-unboost|p1a: Dumbo|atk|1
|turn|10
|
|move|p2a: Arcanine|Will-O-Wisp|p1a: Dumbo
|-status|p1a: Dumbo|brn
|move|p1a: Dumbo|Earthquake|p2a: Arcanine
|-supereffective|p2a: Arcanine
|-damage|p2a: Arcanine|274\/384
|
|-damage|p1a: Dumbo|240\/364 brn|[from] brn
|turn|11
|
|switch|p1a: Consuela|Blissey, F|651\/651
|move|p2a: Arcanine|Morning Sun|p2a: Arcanine
|-heal|p2a: Arcanine|384\/384
|
|turn|12
|
|move|p2a: Arcanine|Flare Blitz|p1a: Consuela
|-damage|p1a: Consuela|387\/651
|-damage|p2a: Arcanine|297\/384|[from] recoil|[of] p1a: Consuela
|move|p1a: Consuela|Heal Bell|p1a: Consuela
|-cureteam|p1a: Consuela|[from] move: HealBell
|
|-heal|p1a: Consuela|427\/651|[from] item: Leftovers
|turn|13
|
|switch|p1a: Diancie|Diancie|304\/304
|move|p2a: Arcanine|Flare Blitz|p1a: Diancie
|-resisted|p1a: Diancie
|-damage|p1a: Diancie|254\/304
|-damage|p2a: Arcanine|280\/384|[from] recoil|[of] p1a: Diancie
|
|turn|14
|
|switch|p2a: Umbreon|Umbreon, M, shiny|394\/394
|move|p1a: Diancie|Stealth Rock|p2a: Umbreon
|-sidestart|p2: stel|move: Stealth Rock
|
|turn|15
|
|move|p2a: Umbreon|Toxic|p1a: Diancie
|-status|p1a: Diancie|tox
|move|p1a: Diancie|Diamond Storm|p2a: Umbreon
|-crit|p2a: Umbreon
|-damage|p2a: Umbreon|240\/394
|-boost|p1a: Diancie|def|1
|
|-heal|p2a: Umbreon|264\/394|[from] item: Leftovers
|-damage|p1a: Diancie|235\/304 tox|[from] psn
|turn|16
|
|switch|p2a: Mienshao|Mienshao, M|271\/271 par
|-damage|p2a: Mienshao|255\/271 par|[from] Stealth Rock
|move|p1a: Diancie|Diamond Storm|p2a: Mienshao
|-resisted|p2a: Mienshao
|-damage|p2a: Mienshao|176\/271 par
|
|-damage|p1a: Diancie|197\/304 tox|[from] psn
|turn|17
|
|move|p1a: Diancie|Rest|p1a: Diancie
|-status|p1a: Diancie|slp
|-heal|p1a: Diancie|304\/304 slp|[silent]
|-status|p1a: Diancie|slp|[from] move: Rest
|-enditem|p1a: Diancie|Chesto Berry|[eat]
|-curestatus|p1a: Diancie|slp
|move|p2a: Mienshao|Swords Dance|p2a: Mienshao
|-boost|p2a: Mienshao|atk|2
|
|turn|18
|
|move|p1a: Diancie|Moonblast|p2a: Mienshao
|-supereffective|p2a: Mienshao
|-damage|p2a: Mienshao|0 fnt
|faint|p2a: Mienshao
|
|
|switch|p2a: Nidoking|Nidoking, M|303\/303
|-damage|p2a: Nidoking|285\/303|[from] Stealth Rock
|turn|19
|
|switch|p1a: Dumbo|Donphan, F|240\/364
|move|p2a: Nidoking|Earth Power|p1a: Dumbo
|-damage|p1a: Dumbo|74\/364
|
|turn|20
|
|move|p1a: Dumbo|Ice Shard|p2a: Nidoking
|-supereffective|p2a: Nidoking
|-damage|p2a: Nidoking|161\/303
|move|p2a: Nidoking|Earth Power|p1a: Dumbo
|-damage|p1a: Dumbo|0 fnt
|faint|p1a: Dumbo
|
|
|switch|p1a: No Mercy|Victini|69\/341
|turn|21
|
|move|p2a: Nidoking|Earth Power|p1a: No Mercy
|-supereffective|p1a: No Mercy
|-damage|p1a: No Mercy|0 fnt
|faint|p1a: No Mercy
|
|c|âPinnochio|scarf
|c|âPinnochio|damn
|c|âstel|:) :)
|
|switch|p1a: Consuela|Blissey, F|427\/651
|turn|22
|
|switch|p2a: Arcanine|Arcanine, M|280\/384
|-damage|p2a: Arcanine|184\/384|[from] Stealth Rock
|-ability|p2a: Arcanine|Intimidate|[of] p1a: Consuela
|-unboost|p1a: Consuela|atk|1
|move|p1a: Consuela|Seismic Toss|p2a: Arcanine
|-damage|p2a: Arcanine|84\/384
|-damage|p1a: Consuela|319\/651|[from] item: Rocky Helmet|[of] p2a: Arcanine
|
|-heal|p1a: Consuela|359\/651|[from] item: Leftovers
|turn|23
|
|move|p2a: Arcanine|Morning Sun|p2a: Arcanine
|-heal|p2a: Arcanine|276\/384
|move|p1a: Consuela|Soft-Boiled|p1a: Consuela
|-heal|p1a: Consuela|651\/651
|
|turn|24
|
|move|p2a: Arcanine|Will-O-Wisp|p1a: Consuela
|-status|p1a: Consuela|brn
|move|p1a: Consuela|Seismic Toss|p2a: Arcanine
|-damage|p2a: Arcanine|176\/384
|-damage|p1a: Consuela|543\/651 brn|[from] item: Rocky Helmet|[of] p2a: Arcanine
|
|-heal|p1a: Consuela|583\/651 brn|[from] item: Leftovers
|-damage|p1a: Consuela|502\/651 brn|[from] brn
|turn|25
|
|switch|p1a: Diancie|Diancie|304\/304
|move|p2a: Arcanine|Flare Blitz|p1a: Diancie
|-resisted|p1a: Diancie
|-damage|p1a: Diancie|250\/304
|-damage|p2a: Arcanine|158\/384|[from] recoil|[of] p1a: Diancie
|
|turn|26
|
|move|p2a: Arcanine|Morning Sun|p2a: Arcanine
|-heal|p2a: Arcanine|350\/384
|move|p1a: Diancie|Diamond Storm|p2a: Arcanine
|-crit|p2a: Arcanine
|-supereffective|p2a: Arcanine
|-damage|p2a: Arcanine|72\/384
|-boost|p1a: Diancie|def|1
|
|turn|27
|
|move|p2a: Arcanine|Wild Charge|p1a: Diancie
|-damage|p1a: Diancie|214\/304
|-damage|p2a: Arcanine|63\/384|[from] recoil|[of] p1a: Diancie
|move|p1a: Diancie|Diamond Storm|p2a: Arcanine
|-supereffective|p2a: Arcanine
|-damage|p2a: Arcanine|0 fnt
|faint|p2a: Arcanine
|
|
|switch|p2a: Nidoking|Nidoking, M|161\/303
|-damage|p2a: Nidoking|143\/303|[from] Stealth Rock
|turn|28
|
|move|p2a: Nidoking|Sludge Bomb|p1a: Diancie
|-damage|p1a: Diancie|135\/304
|move|p1a: Diancie|Moonblast|p2a: Nidoking
|-resisted|p2a: Nidoking
|-damage|p2a: Nidoking|74\/303
|
|turn|29
|
|move|p2a: Nidoking|Sludge Bomb|p1a: Diancie
|-damage|p1a: Diancie|50\/304
|move|p1a: Diancie|Moonblast|p2a: Nidoking
|-resisted|p2a: Nidoking
|-damage|p2a: Nidoking|5\/303
|
|turn|30
|
|switch|p1a: Jackie Chan|Mienshao, F|271\/271
|move|p2a: Nidoking|Sludge Bomb|p1a: Jackie Chan
|-damage|p1a: Jackie Chan|42\/271
|
|turn|31
|
|move|p2a: Nidoking|Sludge Bomb|p1a: Jackie Chan
|-damage|p1a: Jackie Chan|0 fnt
|faint|p1a: Jackie Chan
|
|
|switch|p1a: Consuela|Blissey, F|502\/651
|turn|32
|
|move|p2a: Nidoking|Sludge Bomb|p1a: Consuela
|-damage|p1a: Consuela|409\/651
|move|p1a: Consuela|Seismic Toss|p2a: Nidoking
|-damage|p2a: Nidoking|0 fnt
|faint|p2a: Nidoking
|
|-heal|p1a: Consuela|449\/651|[from] item: Leftovers
|
|switch|p2a: Umbreon|Umbreon, M, shiny|264\/394
|-damage|p2a: Umbreon|215\/394|[from] Stealth Rock
|turn|33
|
|move|p2a: Umbreon|Toxic|p1a: Consuela
|-status|p1a: Consuela|tox
|move|p1a: Consuela|Seismic Toss|p2a: Umbreon
|-damage|p2a: Umbreon|115\/394
|
|-heal|p2a: Umbreon|139\/394|[from] item: Leftovers
|-heal|p1a: Consuela|489\/651 tox|[from] item: Leftovers
|-damage|p1a: Consuela|449\/651 tox|[from] psn
|turn|34
|
|move|p2a: Umbreon|Wish|p2a: Umbreon
|move|p1a: Consuela|Seismic Toss|p2a: Umbreon
|-damage|p2a: Umbreon|39\/394
|
|-heal|p2a: Umbreon|63\/394|[from] item: Leftovers
|-heal|p1a: Consuela|489\/651 tox|[from] item: Leftovers
|-damage|p1a: Consuela|409\/651 tox|[from] psn
|turn|35
|
|switch|p1a: Diancie|Diancie|50\/304
|move|p2a: Umbreon|Foul Play|p1a: Diancie
|-resisted|p1a: Diancie
|-damage|p1a: Diancie|12\/304
|
|-heal|p2a: Umbreon|260\/394|[from] move: Wish|[wisher] Umbreon
|-heal|p2a: Umbreon|284\/394|[from] item: Leftovers
|turn|36
|
|move|p2a: Umbreon|Foul Play|p1a: Diancie
|-resisted|p1a: Diancie
|-damage|p1a: Diancie|0 fnt
|faint|p1a: Diancie
|
|-heal|p2a: Umbreon|308\/394|[from] item: Leftovers
|
|switch|p1a: Consuela|Blissey, F|409\/651
|turn|37
|c|âPinnochio|dumbreon
|
|move|p2a: Umbreon|Toxic|p1a: Consuela
|-status|p1a: Consuela|tox
|move|p1a: Consuela|Thunder Wave|p2a: Umbreon
|-status|p2a: Umbreon|par
|
|-heal|p1a: Consuela|449\/651 tox|[from] item: Leftovers
|-heal|p2a: Umbreon|332\/394 par|[from] item: Leftovers
|-damage|p1a: Consuela|409\/651 tox|[from] psn
|turn|38
|
|move|p1a: Consuela|Heal Bell|p1a: Consuela
|-cureteam|p1a: Consuela|[from] move: HealBell
|cant|p2a: Umbreon|par
|
|-heal|p1a: Consuela|449\/651|[from] item: Leftovers
|-heal|p2a: Umbreon|356\/394 par|[from] item: Leftovers
|turn|39
|
|move|p1a: Consuela|Seismic Toss|p2a: Umbreon
|-damage|p2a: Umbreon|256\/394 par
|cant|p2a: Umbreon|par
|
|-heal|p1a: Consuela|489\/651|[from] item: Leftovers
|-heal|p2a: Umbreon|280\/394 par|[from] item: Leftovers
|turn|40
|
|move|p1a: Consuela|Seismic Toss|p2a: Umbreon
|-damage|p2a: Umbreon|180\/394 par
|cant|p2a: Umbreon|par
|
|-heal|p1a: Consuela|529\/651|[from] item: Leftovers
|-heal|p2a: Umbreon|204\/394 par|[from] item: Leftovers
|turn|41
|c|âstel|ok
|
|move|p1a: Consuela|Seismic Toss|p2a: Umbreon
|-damage|p2a: Umbreon|104\/394 par
|move|p2a: Umbreon|Heal Bell|p2a: Umbreon
|-cureteam|p2a: Umbreon|[from] move: HealBell
|
|-heal|p2a: Umbreon|128\/394|[from] item: Leftovers
|-heal|p1a: Consuela|569\/651|[from] item: Leftovers
|turn|42
|
|move|p2a: Umbreon|Wish|p2a: Umbreon
|move|p1a: Consuela|Thunder Wave|p2a: Umbreon
|-status|p2a: Umbreon|par
|-status|p1a: Consuela|par
|
|-heal|p2a: Umbreon|152\/394 par|[from] item: Leftovers
|-heal|p1a: Consuela|609\/651 par|[from] item: Leftovers
|turn|43
|
|move|p2a: Umbreon|Heal Bell|p2a: Umbreon
|-cureteam|p2a: Umbreon|[from] move: HealBell
|move|p1a: Consuela|Seismic Toss|p2a: Umbreon
|-damage|p2a: Umbreon|52\/394
|
|-heal|p2a: Umbreon|249\/394|[from] move: Wish|[wisher] Umbreon
|-heal|p2a: Umbreon|273\/394|[from] item: Leftovers
|-heal|p1a: Consuela|649\/651 par|[from] item: Leftovers
|turn|44
|
|switch|p1a: L'Oral|Ampharos-Mega, F|168\/384
|-ability|p1a: L'Oral|Mold Breaker
|move|p2a: Umbreon|Foul Play|p1a: L'Oral
|-damage|p1a: L'Oral|99\/384
|
|-heal|p2a: Umbreon|297\/394|[from] item: Leftovers
|turn|45
|
|move|p2a: Umbreon|Toxic|p1a: L'Oral
|-status|p1a: L'Oral|tox
|move|p1a: L'Oral|Dragon Pulse|p2a: Umbreon
|-damage|p2a: Umbreon|200\/394
|
|-heal|p2a: Umbreon|224\/394|[from] item: Leftovers
|-damage|p1a: L'Oral|75\/384 tox|[from] psn
|turn|46
|
|move|p2a: Umbreon|Wish|p2a: Umbreon
|move|p1a: L'Oral|Rest|p1a: L'Oral
|-status|p1a: L'Oral|slp
|-heal|p1a: L'Oral|384\/384 slp|[silent]
|-status|p1a: L'Oral|slp|[from] move: Rest
|
|-heal|p2a: Umbreon|248\/394|[from] item: Leftovers
|turn|47
|
|move|p2a: Umbreon|Foul Play|p1a: L'Oral
|-damage|p1a: L'Oral|315\/384 slp
|cant|p1a: L'Oral|slp
|move|p1a: L'Oral|Sleep Talk|p1a: L'Oral
|move|p1a: L'Oral|Volt Switch|p2a: Umbreon|[from]Sleep Talk
|-damage|p2a: Umbreon|173\/394
|
|switch|p1a: Consuela|Blissey, F|649\/651
|
|-heal|p2a: Umbreon|370\/394|[from] move: Wish|[wisher] Umbreon
|-heal|p2a: Umbreon|394\/394|[from] item: Leftovers
|-heal|p1a: Consuela|651\/651|[from] item: Leftovers
|turn|48
|
|move|p2a: Umbreon|Toxic|p1a: Consuela
|-status|p1a: Consuela|tox
|move|p1a: Consuela|Seismic Toss|p2a: Umbreon
|-damage|p2a: Umbreon|294\/394
|
|-heal|p2a: Umbreon|318\/394|[from] item: Leftovers
|-damage|p1a: Consuela|611\/651 tox|[from] psn
|turn|49
|
|move|p2a: Umbreon|Foul Play|p1a: Consuela
|-damage|p1a: Consuela|568\/651 tox
|move|p1a: Consuela|Seismic Toss|p2a: Umbreon
|-damage|p2a: Umbreon|218\/394
|
|-heal|p2a: Umbreon|242\/394|[from] item: Leftovers
|-heal|p1a: Consuela|608\/651 tox|[from] item: Leftovers
|-damage|p1a: Consuela|528\/651 tox|[from] psn
|turn|50
|join|thymetime
|join|Benzos
|join|Caiahar
|
|move|p2a: Umbreon|Foul Play|p1a: Consuela
|-damage|p1a: Consuela|488\/651 tox
|move|p1a: Consuela|Soft-Boiled|p1a: Consuela
|-heal|p1a: Consuela|651\/651 tox
|
|-heal|p2a: Umbreon|266\/394|[from] item: Leftovers
|-damage|p1a: Consuela|531\/651 tox|[from] psn
|turn|51
|leave|thymetime
|c| Benzos|jesus.
|join|genthreebestgen
|
|move|p2a: Umbreon|Wish|p2a: Umbreon
|move|p1a: Consuela|Heal Bell|p1a: Consuela
|-cureteam|p1a: Consuela|[from] move: HealBell
|
|-heal|p2a: Umbreon|290\/394|[from] item: Leftovers
|-heal|p1a: Consuela|571\/651|[from] item: Leftovers
|turn|52
|c|âPinnochio|ikr
|leave|genthreebestgen
|c| Benzos|Blissey for uber.
|c| Caiahar|A hell
|join|BlindyMcBlind
|
|move|p2a: Umbreon|Toxic|p1a: Consuela
|-status|p1a: Consuela|tox
|move|p1a: Consuela|Seismic Toss|p2a: Umbreon
|-damage|p2a: Umbreon|190\/394
|
|-heal|p2a: Umbreon|387\/394|[from] move: Wish|[wisher] Umbreon
|-heal|p2a: Umbreon|394\/394|[from] item: Leftovers
|-heal|p1a: Consuela|611\/651 tox|[from] item: Leftovers
|-damage|p1a: Consuela|571\/651 tox|[from] psn
|turn|53
|c| Caiahar|Wait for the time when pp runs out
|
|move|p2a: Umbreon|Foul Play|p1a: Consuela
|-damage|p1a: Consuela|528\/651 tox
|move|p1a: Consuela|Thunder Wave|p2a: Umbreon
|-status|p2a: Umbreon|par
|
|-heal|p1a: Consuela|568\/651 tox|[from] item: Leftovers
|-damage|p1a: Consuela|488\/651 tox|[from] psn
|turn|54
|c| Caiahar|then the struggle battle begins
|c|âPinnochio|we have lefties
|c|âPinnochio|so it will take a looong time
|join|LisannaDragneel
|
|move|p1a: Consuela|Heal Bell|p1a: Consuela
|-cureteam|p1a: Consuela|[from] move: HealBell
|cant|p2a: Umbreon|par
|
|-heal|p1a: Consuela|528\/651|[from] item: Leftovers
|turn|55
|c| Caiahar|struggle does a lot of dmg to yourself
|
|switch|p1a: L'Oral|Ampharos-Mega, F|315\/384
|-ability|p1a: L'Oral|Mold Breaker
|move|p2a: Umbreon|Heal Bell|p2a: Umbreon
|-cureteam|p2a: Umbreon|[from] move: HealBell
|
|turn|56
|c|âPinnochio|ik
|
|move|p2a: Umbreon|Toxic|p1a: L'Oral
|-status|p1a: L'Oral|tox
|move|p1a: L'Oral|Dragon Pulse|p2a: Umbreon
|-damage|p2a: Umbreon|294\/394
|
|-heal|p2a: Umbreon|318\/394|[from] item: Leftovers
|-damage|p1a: L'Oral|291\/384 tox|[from] psn
|turn|57
|
|move|p2a: Umbreon|Wish|p2a: Umbreon
|move|p1a: L'Oral|Dragon Pulse|p2a: Umbreon
|-damage|p2a: Umbreon|221\/394
|
|-heal|p2a: Umbreon|245\/394|[from] item: Leftovers
|-damage|p1a: L'Oral|243\/384 tox|[from] psn
|turn|58
|
|move|p2a: Umbreon|Foul Play|p1a: L'Oral
|-damage|p1a: L'Oral|173\/384 tox
|move|p1a: L'Oral|Volt Switch|p2a: Umbreon
|-damage|p2a: Umbreon|166\/394
|
|switch|p1a: Consuela|Blissey, F|528\/651
|
|-heal|p2a: Umbreon|363\/394|[from] move: Wish|[wisher] Umbreon
|-heal|p2a: Umbreon|387\/394|[from] item: Leftovers
|-heal|p1a: Consuela|568\/651|[from] item: Leftovers
|turn|59
|
|move|p2a: Umbreon|Toxic|p1a: Consuela
|-status|p1a: Consuela|tox
|move|p1a: Consuela|Thunder Wave|p2a: Umbreon
|-status|p2a: Umbreon|par
|
|-heal|p1a: Consuela|608\/651 tox|[from] item: Leftovers
|-heal|p2a: Umbreon|394\/394 par|[from] item: Leftovers
|-damage|p1a: Consuela|568\/651 tox|[from] psn
|turn|60
|
|move|p1a: Consuela|Soft-Boiled|p1a: Consuela
|-heal|p1a: Consuela|651\/651 tox
|move|p2a: Umbreon|Heal Bell|p2a: Umbreon
|-cureteam|p2a: Umbreon|[from] move: HealBell
|
|-damage|p1a: Consuela|571\/651 tox|[from] psn
|turn|61
|
|move|p2a: Umbreon|Wish|p2a: Umbreon
|move|p1a: Consuela|Seismic Toss|p2a: Umbreon
|-damage|p2a: Umbreon|294\/394
|
|-heal|p2a: Umbreon|318\/394|[from] item: Leftovers
|-heal|p1a: Consuela|611\/651 tox|[from] item: Leftovers
|-damage|p1a: Consuela|491\/651 tox|[from] psn
|turn|62
|join|Munkin
|leave|LisannaDragneel
|c|âPinnochio|This is sstupid
|
|move|p2a: Umbreon|Foul Play|p1a: Consuela
|-damage|p1a: Consuela|451\/651 tox
|move|p1a: Consuela|Thunder Wave|p2a: Umbreon
|-status|p2a: Umbreon|par
|
|-heal|p2a: Umbreon|394\/394 par|[from] move: Wish|[wisher] Umbreon
|-heal|p1a: Consuela|491\/651 tox|[from] item: Leftovers
|-damage|p1a: Consuela|331\/651 tox|[from] psn
|turn|63
|c|âstel|how many heal bells you got left
|
|move|p1a: Consuela|Heal Bell|p1a: Consuela
|-cureteam|p1a: Consuela|[from] move: HealBell
|move|p2a: Umbreon|Heal Bell|p2a: Umbreon
|-cureteam|p2a: Umbreon|[from] move: HealBell
|
|-heal|p1a: Consuela|371\/651|[from] item: Leftovers
|turn|64
|c|âPinnochio|3
|c|âPinnochio|damn
|
|move|p2a: Umbreon|Toxic|p1a: Consuela
|-status|p1a: Consuela|tox
|move|p1a: Consuela|Seismic Toss|p2a: Umbreon
|-damage|p2a: Umbreon|294\/394
|
|-heal|p2a: Umbreon|318\/394|[from] item: Leftovers
|-heal|p1a: Consuela|411\/651 tox|[from] item: Leftovers
|-damage|p1a: Consuela|371\/651 tox|[from] psn
|turn|65
|
|move|p2a: Umbreon|Foul Play|p1a: Consuela
|-damage|p1a: Consuela|326\/651 tox
|move|p1a: Consuela|Seismic Toss|p2a: Umbreon
|-damage|p2a: Umbreon|218\/394
|
|-heal|p2a: Umbreon|242\/394|[from] item: Leftovers
|-heal|p1a: Consuela|366\/651 tox|[from] item: Leftovers
|-damage|p1a: Consuela|286\/651 tox|[from] psn
|turn|66
|c|âPinnochio|i got natural cure tho
|
|move|p2a: Umbreon|Wish|p2a: Umbreon
|move|p1a: Consuela|Soft-Boiled|p1a: Consuela
|-heal|p1a: Consuela|612\/651 tox
|
|-heal|p2a: Umbreon|266\/394|[from] item: Leftovers
|-heal|p1a: Consuela|651\/651 tox|[from] item: Leftovers
|-damage|p1a: Consuela|531\/651 tox|[from] psn
|turn|67
|leave|Munkin
|c|âPinnochio|how much you got lleft
|
|move|p2a: Umbreon|Foul Play|p1a: Consuela
|-damage|p1a: Consuela|491\/651 tox
|move|p1a: Consuela|Thunder Wave|p2a: Umbreon
|-status|p2a: Umbreon|par
|
|-heal|p2a: Umbreon|394\/394 par|[from] move: Wish|[wisher] Umbreon
|-heal|p1a: Consuela|531\/651 tox|[from] item: Leftovers
|-damage|p1a: Consuela|371\/651 tox|[from] psn
|turn|68
|
|switch|p1a: L'Oral|Ampharos-Mega, F|173\/384
|-ability|p1a: L'Oral|Mold Breaker
|move|p2a: Umbreon|Heal Bell|p2a: Umbreon
|-cureteam|p2a: Umbreon|[from] move: HealBell
|
|turn|69
|
|move|p2a: Umbreon|Toxic|p1a: L'Oral
|-status|p1a: L'Oral|tox
|move|p1a: L'Oral|Dragon Pulse|p2a: Umbreon
|-damage|p2a: Umbreon|295\/394
|
|-heal|p2a: Umbreon|319\/394|[from] item: Leftovers
|-damage|p1a: L'Oral|149\/384 tox|[from] psn
|turn|70
|
|move|p2a: Umbreon|Wish|p2a: Umbreon
|move|p1a: L'Oral|Rest|p1a: L'Oral
|-status|p1a: L'Oral|slp
|-heal|p1a: L'Oral|384\/384 slp|[silent]
|-status|p1a: L'Oral|slp|[from] move: Rest
|
|-heal|p2a: Umbreon|343\/394|[from] item: Leftovers
|turn|71
|
|move|p2a: Umbreon|Foul Play|p1a: L'Oral
|-damage|p1a: L'Oral|320\/384 slp
|cant|p1a: L'Oral|slp
|move|p1a: L'Oral|Sleep Talk|p1a: L'Oral
|move|p1a: L'Oral|Dragon Pulse|p2a: Umbreon|[from]Sleep Talk
|-damage|p2a: Umbreon|258\/394
|
|-heal|p2a: Umbreon|394\/394|[from] move: Wish|[wisher] Umbreon
|turn|72
|
|move|p2a: Umbreon|Foul Play|p1a: L'Oral
|-damage|p1a: L'Oral|250\/384 slp
|cant|p1a: L'Oral|slp
|move|p1a: L'Oral|Sleep Talk|p1a: L'Oral
|move|p1a: L'Oral|Dragon Pulse|p2a: Umbreon|[from]Sleep Talk
|-damage|p2a: Umbreon|307\/394
|
|-heal|p2a: Umbreon|331\/394|[from] item: Leftovers
|turn|73
|leave|BlindyMcBlind
|
|move|p2a: Umbreon|Foul Play|p1a: L'Oral
|-damage|p1a: L'Oral|180\/384 slp
|-curestatus|p1a: L'Oral|slp
|move|p1a: L'Oral|Dragon Pulse|p2a: Umbreon
|-damage|p2a: Umbreon|246\/394
|
|-heal|p2a: Umbreon|270\/394|[from] item: Leftovers
|turn|74
|
|move|p2a: Umbreon|Toxic|p1a: L'Oral
|-status|p1a: L'Oral|tox
|move|p1a: L'Oral|Dragon Pulse|p2a: Umbreon
|-damage|p2a: Umbreon|182\/394
|
|-heal|p2a: Umbreon|206\/394|[from] item: Leftovers
|-damage|p1a: L'Oral|156\/384 tox|[from] psn
|turn|75
|c|âPinnochio|how much wishes you got
|c|âPinnochio|?
|
|move|p2a: Umbreon|Wish|p2a: Umbreon
|move|p1a: L'Oral|Rest|p1a: L'Oral
|-status|p1a: L'Oral|slp
|-heal|p1a: L'Oral|384\/384 slp|[silent]
|-status|p1a: L'Oral|slp|[from] move: Rest
|
|-heal|p2a: Umbreon|230\/394|[from] item: Leftovers
|turn|76
|c|âstel|over 9000
|c| Benzos|stel, why continue? you have clearly lost
|c| Caiahar|omg
|c|âPinnochio|for real tho
|c| Caiahar|lol
|c| Benzos|stalling is gay
|c|âPinnochio|dont quit
|
|move|p2a: Umbreon|Foul Play|p1a: L'Oral
|-damage|p1a: L'Oral|311\/384 slp
|cant|p1a: L'Oral|slp
|
|-heal|p2a: Umbreon|394\/394|[from] move: Wish|[wisher] Umbreon
|turn|77
|
|move|p2a: Umbreon|Foul Play|p1a: L'Oral
|-damage|p1a: L'Oral|245\/384 slp
|cant|p1a: L'Oral|slp
|move|p1a: L'Oral|Sleep Talk|p1a: L'Oral
|move|p1a: L'Oral|Volt Switch|p2a: Umbreon|[from]Sleep Talk
|-damage|p2a: Umbreon|321\/394
|c|âPinnochio|stalling is straight*
|
|switch|p1a: Consuela|Blissey, F|371\/651
|
|-heal|p2a: Umbreon|345\/394|[from] item: Leftovers
|-heal|p1a: Consuela|411\/651|[from] item: Leftovers
|turn|78
|c| Caiahar|lol
|c| Caiahar|should he predicted the wish and go to amph or seismic toss
|c| Caiahar|:D
|
|move|p2a: Umbreon|Foul Play|p1a: Consuela
|-damage|p1a: Consuela|366\/651
|move|p1a: Consuela|Thunder Wave|p2a: Umbreon
|-status|p2a: Umbreon|par
|-status|p1a: Consuela|par
|
|-heal|p2a: Umbreon|369\/394 par|[from] item: Leftovers
|-heal|p1a: Consuela|406\/651 par|[from] item: Leftovers
|turn|79
|
|move|p2a: Umbreon|Foul Play|p1a: Consuela
|-damage|p1a: Consuela|364\/651 par
|move|p1a: Consuela|Heal Bell|p1a: Consuela
|-cureteam|p1a: Consuela|[from] move: HealBell
|
|-heal|p1a: Consuela|404\/651|[from] item: Leftovers
|-heal|p2a: Umbreon|393\/394 par|[from] item: Leftovers
|turn|80
|
|move|p1a: Consuela|Seismic Toss|p2a: Umbreon
|-damage|p2a: Umbreon|293\/394 par
|move|p2a: Umbreon|Toxic|p1a: Consuela
|-status|p1a: Consuela|tox
|
|-heal|p1a: Consuela|444\/651 tox|[from] item: Leftovers
|-heal|p2a: Umbreon|317\/394 par|[from] item: Leftovers
|-damage|p1a: Consuela|404\/651 tox|[from] psn
|turn|81
|leave|Benzos
|
|move|p1a: Consuela|Seismic Toss|p2a: Umbreon
|-damage|p2a: Umbreon|217\/394 par
|move|p2a: Umbreon|Heal Bell|p2a: Umbreon
|-cureteam|p2a: Umbreon|[from] move: HealBell
|
|-heal|p2a: Umbreon|241\/394|[from] item: Leftovers
|-heal|p1a: Consuela|444\/651 tox|[from] item: Leftovers
|-damage|p1a: Consuela|364\/651 tox|[from] psn
|turn|82
|
|move|p2a: Umbreon|Wish|p2a: Umbreon
|move|p1a: Consuela|Heal Bell|p1a: Consuela
|-cureteam|p1a: Consuela|[from] move: HealBell
|
|-heal|p2a: Umbreon|265\/394|[from] item: Leftovers
|-heal|p1a: Consuela|404\/651|[from] item: Leftovers
|turn|83
|
|move|p2a: Umbreon|Toxic|p1a: Consuela
|-status|p1a: Consuela|tox
|move|p1a: Consuela|Seismic Toss|p2a: Umbreon
|-damage|p2a: Umbreon|165\/394
|
|-heal|p2a: Umbreon|362\/394|[from] move: Wish|[wisher] Umbreon
|-heal|p2a: Umbreon|386\/394|[from] item: Leftovers
|-heal|p1a: Consuela|444\/651 tox|[from] item: Leftovers
|-damage|p1a: Consuela|404\/651 tox|[from] psn
|turn|84
|c|âPinnochio|how much wishes you at tho
|
|move|p2a: Umbreon|Wish|p2a: Umbreon
|move|p1a: Consuela|Heal Bell|p1a: Consuela
|-cureteam|p1a: Consuela|[from] move: HealBell
|
|-heal|p2a: Umbreon|394\/394|[from] item: Leftovers
|-heal|p1a: Consuela|444\/651|[from] item: Leftovers
|turn|85
|
|move|p2a: Umbreon|Toxic|p1a: Consuela
|-status|p1a: Consuela|tox
|move|p1a: Consuela|Seismic Toss|p2a: Umbreon
|-damage|p2a: Umbreon|294\/394
|
|-heal|p2a: Umbreon|394\/394|[from] move: Wish|[wisher] Umbreon
|-heal|p1a: Consuela|484\/651 tox|[from] item: Leftovers
|-damage|p1a: Consuela|444\/651 tox|[from] psn
|turn|86
|
|move|p2a: Umbreon|Foul Play|p1a: Consuela
|-damage|p1a: Consuela|399\/651 tox
|move|p1a: Consuela|Thunder Wave|p2a: Umbreon
|-status|p2a: Umbreon|par
|
|-heal|p1a: Consuela|439\/651 tox|[from] item: Leftovers
|-damage|p1a: Consuela|359\/651 tox|[from] psn
|turn|87
|
|move|p1a: Consuela|Soft-Boiled|p1a: Consuela
|-heal|p1a: Consuela|651\/651 tox
|cant|p2a: Umbreon|par
|
|-damage|p1a: Consuela|531\/651 tox|[from] psn
|turn|88
|
|move|p1a: Consuela|Seismic Toss|p2a: Umbreon
|-damage|p2a: Umbreon|294\/394 par
|move|p2a: Umbreon|Wish|p2a: Umbreon
|
|-heal|p1a: Consuela|571\/651 tox|[from] item: Leftovers
|-heal|p2a: Umbreon|318\/394 par|[from] item: Leftovers
|-damage|p1a: Consuela|411\/651 tox|[from] psn
|turn|89
|c|âPinnochio|how much WISHES?
|
|move|p1a: Consuela|Seismic Toss|p2a: Umbreon
|-damage|p2a: Umbreon|218\/394 par
|cant|p2a: Umbreon|par
|
|-heal|p2a: Umbreon|394\/394 par|[from] move: Wish|[wisher] Umbreon
|-heal|p1a: Consuela|451\/651 tox|[from] item: Leftovers
|-damage|p1a: Consuela|251\/651 tox|[from] psn
|turn|90
|c|âPinnochio|u pp maxed this hoe a billion times
|
|move|p1a: Consuela|Soft-Boiled|p1a: Consuela
|-heal|p1a: Consuela|577\/651 tox
|move|p2a: Umbreon|Heal Bell|p2a: Umbreon
|-cureteam|p2a: Umbreon|[from] move: HealBell
|
|-heal|p1a: Consuela|617\/651 tox|[from] item: Leftovers
|-damage|p1a: Consuela|377\/651 tox|[from] psn
|turn|91
|c| Caiahar|goly
|
|move|p2a: Umbreon|Foul Play|p1a: Consuela
|-damage|p1a: Consuela|332\/651 tox
|move|p1a: Consuela|Thunder Wave|p2a: Umbreon
|-status|p2a: Umbreon|par
|
|-heal|p1a: Consuela|372\/651 tox|[from] item: Leftovers
|-damage|p1a: Consuela|92\/651 tox|[from] psn
|turn|92
|c| Caiahar|the weirdness
|
|switch|p1a: L'Oral|Ampharos-Mega, F|245\/384
|-ability|p1a: L'Oral|Mold Breaker
|move|p2a: Umbreon|Wish|p2a: Umbreon
|
|turn|93
|
|switch|p1a: Consuela|Blissey, F|92\/651
|move|p2a: Umbreon|Toxic|p1a: Consuela
|-status|p1a: Consuela|tox
|
|-heal|p1a: Consuela|132\/651 tox|[from] item: Leftovers
|-damage|p1a: Consuela|92\/651 tox|[from] psn
|turn|94
|
|move|p1a: Consuela|Soft-Boiled|p1a: Consuela
|-heal|p1a: Consuela|418\/651 tox
|cant|p2a: Umbreon|par
|
|-heal|p1a: Consuela|458\/651 tox|[from] item: Leftovers
|-damage|p1a: Consuela|378\/651 tox|[from] psn
|turn|95
|
|move|p1a: Consuela|Seismic Toss|p2a: Umbreon
|-damage|p2a: Umbreon|294\/394 par
|move|p2a: Umbreon|Foul Play|p1a: Consuela
|-damage|p1a: Consuela|332\/651 tox
|
|-heal|p1a: Consuela|372\/651 tox|[from] item: Leftovers
|-heal|p2a: Umbreon|318\/394 par|[from] item: Leftovers
|-damage|p1a: Consuela|252\/651 tox|[from] psn
|turn|96
|c| Caiahar|the suspense
|c|âPinnochio|were getting close to a hundred
|c|âPinnochio|turns
|
|switch|p1a: L'Oral|Ampharos-Mega, F|245\/384
|-ability|p1a: L'Oral|Mold Breaker
|move|p2a: Umbreon|Foul Play|p1a: L'Oral
|-damage|p1a: L'Oral|173\/384
|
|-heal|p2a: Umbreon|342\/394 par|[from] item: Leftovers
|turn|97
|
|switch|p1a: Consuela|Blissey, F|252\/651
|move|p2a: Umbreon|Toxic|p1a: Consuela|[miss]
|-miss|p2a: Umbreon|p1a: Consuela
|
|-heal|p1a: Consuela|292\/651|[from] item: Leftovers
|-heal|p2a: Umbreon|366\/394 par|[from] item: Leftovers
|turn|98
|
|move|p1a: Consuela|Soft-Boiled|p1a: Consuela
|-heal|p1a: Consuela|618\/651
|move|p2a: Umbreon|Foul Play|p1a: Consuela
|-damage|p1a: Consuela|576\/651
|
|-heal|p1a: Consuela|616\/651|[from] item: Leftovers
|-heal|p2a: Umbreon|390\/394 par|[from] item: Leftovers
|turn|99
|c| Caiahar|when will it end
|c|âstel|:(
|c|âPinnochio|u out of wishes
|c| Caiahar|stall vs stall is so boring
|c|âPinnochio|^so fun
|
|move|p1a: Consuela|Seismic Toss|p2a: Umbreon
|-damage|p2a: Umbreon|290\/394 par
|move|p2a: Umbreon|Foul Play|p1a: Consuela
|-damage|p1a: Consuela|576\/651
|
|-heal|p1a: Consuela|616\/651|[from] item: Leftovers
|-heal|p2a: Umbreon|314\/394 par|[from] item: Leftovers
|turn|100
|c| Caiahar|You think this is fun right now? .-.
|c|âPinnochio|im having a blast
|
|move|p1a: Consuela|Seismic Toss|p2a: Umbreon
|-damage|p2a: Umbreon|214\/394 par
|cant|p2a: Umbreon|par
|
|-heal|p1a: Consuela|651\/651|[from] item: Leftovers
|-heal|p2a: Umbreon|238\/394 par|[from] item: Leftovers
|turn|101
|c|âstel|same here
|
|move|p1a: Consuela|Seismic Toss|p2a: Umbreon
|-damage|p2a: Umbreon|138\/394 par
|cant|p2a: Umbreon|par
|
|-heal|p2a: Umbreon|162\/394 par|[from] item: Leftovers
|turn|102
|c| Caiahar|I really want to see who wins
|
|move|p1a: Consuela|Seismic Toss|p2a: Umbreon
|-damage|p2a: Umbreon|62\/394 par
|move|p2a: Umbreon|Wish|p2a: Umbreon
|
|-heal|p2a: Umbreon|86\/394 par|[from] item: Leftovers
|turn|103
|c|âPinnochio|gg
|c|âstel|this might kill
|c| Caiahar|parahax for the win? 
|
|move|p1a: Consuela|Seismic Toss|p2a: Umbreon
|-damage|p2a: Umbreon|0 fnt
|faint|p2a: Umbreon
|
|win|Pinnochio
|raw|Ladder updating...
|raw|Pinnochio's rating: 1098 &rarr; <strong>1128<\/strong><br \/>(+30 for winning)
|raw|stel's rating: 1170 &rarr; <strong>1140<\/strong><br \/>(-30 for losing)
|c| Caiahar|GGGGGG
|c|âstel|NOOOOOOOOOOOOOOOOOOOOOOOOOOOOOOOOOOOOOOOOOOOOO
|c|âstel|GG
|c| Caiahar|XD
|c|âstel|;)
|leave|Caiahar