|join|Mattherus
|join|stel
|player|p1|Mattherus|17
|player|p2|stel|265
|gametype|singles
|gen|6
|tier|UU
|rated
|rule|Sleep Clause Mod: Limit one foe put to sleep
|rule|Species Clause: Limit one of each PokÃ©mon
|rule|OHKO Clause: OHKO moves are banned
|rule|Moody Clause: Moody is banned
|rule|Evasion Moves Clause: Evasion moves are banned
|rule|Endless Battle Clause: Forcing endless battles is banned
|rule|HP Percentage Mod: HP is shown in percentages
|clearpoke
|poke|p1|Infernape, M
|poke|p1|Goodra, F
|poke|p1|Toxicroak, F
|poke|p1|Honchkrow, F
|poke|p1|Aggron, M
|poke|p1|Swampert, F
|poke|p2|Arcanine, M
|poke|p2|Empoleon, M
|poke|p2|Starmie
|poke|p2|Machamp, M
|poke|p2|Trevenant, M
|poke|p2|Alakazam, M
|rule|Swagger Clause: Swagger is banned
|rule|Baton Pass Clause: Limit one PokÃ©mon knowing Baton Pass
|teampreview
|c|âMattherus|GL HF!
|
|start
|switch|p1a: Jack Spicer|Infernape, M|293\/293
|switch|p2a: Trevenant|Trevenant, M|374\/374
|turn|1
|c|âstel|you too :)
|
|switch|p2a: Empoleon|Empoleon, M|372\/372
|move|p1a: Jack Spicer|Nasty Plot|p1a: Jack Spicer
|-boost|p1a: Jack Spicer|spa|2
|
|turn|2
|
|move|p1a: Jack Spicer|Overheat|p2a: Empoleon|[miss]
|-miss|p1a: Jack Spicer|p2a: Empoleon
|move|p2a: Empoleon|Scald|p1a: Jack Spicer
|-supereffective|p1a: Jack Spicer
|-damage|p1a: Jack Spicer|21\/293
|
|turn|3
|
|switch|p2a: Starmie|Starmie|262\/262
|move|p1a: Jack Spicer|Overheat|p2a: Starmie
|-resisted|p2a: Starmie
|-damage|p2a: Starmie|0 fnt
|-unboost|p1a: Jack Spicer|spa|2
|faint|p2a: Starmie
|
|c|âstel|jesus christ
|
|switch|p2a: Machamp|Machamp, M|384\/384
|turn|4
|
|move|p1a: Jack Spicer|Vacuum Wave|p2a: Machamp
|-damage|p2a: Machamp|309\/384
|move|p2a: Machamp|Bullet Punch|p1a: Jack Spicer
|-resisted|p1a: Jack Spicer
|-damage|p1a: Jack Spicer|0 fnt
|faint|p1a: Jack Spicer
|
|
|switch|p1a: Baxter|Honchkrow, F|341\/341
|turn|5
|
|switch|p2a: Empoleon|Empoleon, M|372\/372
|move|p1a: Baxter|Brave Bird|p2a: Empoleon
|-crit|p2a: Empoleon
|-resisted|p2a: Empoleon
|-damage|p2a: Empoleon|231\/372
|-damage|p1a: Baxter|294\/341|[from] recoil|[of] p2a: Empoleon
|
|-heal|p2a: Empoleon|254\/372|[from] item: Leftovers
|turn|6
|
|switch|p1a: That Purple|Toxicroak, F|308\/308
|-item|p1a: That Purple|Air Balloon
|move|p2a: Empoleon|Scald|p1a: That Purple
|-immune|p1a: That Purple|[msg]
|
|-heal|p2a: Empoleon|277\/372|[from] item: Leftovers
|turn|7
|
|switch|p2a: Arcanine|Arcanine, M|384\/384
|-ability|p2a: Arcanine|Intimidate|[of] p1a: That Purple
|-unboost|p1a: That Purple|atk|1
|move|p1a: That Purple|Swords Dance|p1a: That Purple
|-boost|p1a: That Purple|atk|2
|
|turn|8
|
|switch|p1a: Bompert|Swampert, F|404\/404
|move|p2a: Arcanine|Will-O-Wisp|p1a: Bompert
|-status|p1a: Bompert|brn
|
|-damage|p1a: Bompert|354\/404 brn|[from] brn
|turn|9
|
|switch|p2a: Trevenant|Trevenant, M|374\/374
|move|p1a: Bompert|Earth Power|p2a: Trevenant
|-resisted|p2a: Trevenant
|-damage|p2a: Trevenant|299\/374
|
|-damage|p1a: Bompert|304\/404 brn|[from] brn
|turn|10
|
|switch|p1a: Goof|Goodra, F|384\/384
|move|p2a: Trevenant|Leech Seed|p1a: Goof
|-boost|p1a: Goof|atk|1|[from] ability: Sap Sipper
|
|turn|11
|c|âstel|sad face
|
|switch|p2a: Empoleon|Empoleon, M|277\/372
|move|p1a: Goof|Dragon Tail|p2a: Empoleon
|-resisted|p2a: Empoleon
|-damage|p2a: Empoleon|222\/372
|drag|p2a: Trevenant|Trevenant, M|299\/374
|
|turn|12
|c|âMattherus|:\/
|
|move|p1a: Goof|Curse|p1a: Goof
|-boost|p1a: Goof|atk|1
|-boost|p1a: Goof|def|1
|-unboost|p1a: Goof|spe|1
|move|p2a: Trevenant|Toxic|p1a: Goof|[miss]
|-miss|p2a: Trevenant|p1a: Goof
|
|turn|13
|
|move|p2a: Trevenant|Toxic|p1a: Goof
|-status|p1a: Goof|tox
|move|p1a: Goof|Dragon Tail|p2a: Trevenant
|-damage|p2a: Trevenant|130\/374
|drag|p2a: Alakazam|Alakazam, M|251\/251
|
|-damage|p1a: Goof|360\/384 tox|[from] psn
|turn|14
|
|move|p2a: Alakazam|Dazzling Gleam|p1a: Goof
|-supereffective|p1a: Goof
|-damage|p1a: Goof|199\/384 tox
|move|p1a: Goof|Dragon Tail|p2a: Alakazam
|-damage|p2a: Alakazam|0 fnt
|faint|p2a: Alakazam
|
|-damage|p1a: Goof|151\/384 tox|[from] psn
|
|switch|p2a: Empoleon|Empoleon, M|222\/372
|turn|15
|
|move|p2a: Empoleon|Flash Cannon|p1a: Goof
|-damage|p1a: Goof|94\/384 tox
|move|p1a: Goof|Rest|p1a: Goof
|-status|p1a: Goof|slp
|-heal|p1a: Goof|384\/384 slp|[silent]
|-status|p1a: Goof|slp|[from] move: Rest
|-enditem|p1a: Goof|Chesto Berry|[eat]
|-curestatus|p1a: Goof|slp
|
|-heal|p2a: Empoleon|245\/372|[from] item: Leftovers
|turn|16
|
|move|p1a: Goof|Earthquake|p2a: Empoleon
|-supereffective|p2a: Empoleon
|-damage|p2a: Empoleon|0 fnt
|faint|p2a: Empoleon
|
|
|switch|p2a: Machamp|Machamp, M|309\/384
|turn|17
|
|move|p2a: Machamp|Dynamic Punch|p1a: Goof
|-damage|p1a: Goof|132\/384
|-start|p1a: Goof|confusion
|-activate|p1a: Goof|confusion
|move|p1a: Goof|Dragon Tail|p2a: Machamp
|-crit|p2a: Machamp
|-damage|p2a: Machamp|36\/384
|drag|p2a: Trevenant|Trevenant, M|130\/374
|-enditem|p2a: Trevenant|Sitrus Berry|[eat]
|-heal|p2a: Trevenant|223\/374|[from] item: Sitrus Berry
|
|turn|18
|
|move|p2a: Trevenant|Shadow Claw|p1a: Goof
|-damage|p1a: Goof|45\/384
|-end|p1a: Goof|confusion
|move|p1a: Goof|Rest|p1a: Goof
|-status|p1a: Goof|slp
|-heal|p1a: Goof|384\/384 slp|[silent]
|-status|p1a: Goof|slp|[from] move: Rest
|
|-item|p2a: Trevenant|Sitrus Berry|[from] ability: Harvest
|turn|19
|
|switch|p2a: Machamp|Machamp, M|36\/384
|cant|p1a: Goof|slp
|
|turn|20
|
|move|p2a: Machamp|Dynamic Punch|p1a: Goof
|-damage|p1a: Goof|138\/384 slp
|-start|p1a: Goof|confusion
|cant|p1a: Goof|slp
|
|turn|21
|
|move|p2a: Machamp|Dynamic Punch|p1a: Goof
|-damage|p1a: Goof|0 fnt
|faint|p1a: Goof
|
|
|switch|p1a: Baxter|Honchkrow, F|294\/341
|turn|22
|
|move|p1a: Baxter|Brave Bird|p2a: Machamp
|-crit|p2a: Machamp
|-supereffective|p2a: Machamp
|-damage|p2a: Machamp|0 fnt
|-damage|p1a: Baxter|282\/341|[from] recoil|[of] p2a: Machamp
|faint|p2a: Machamp
|-boost|p1a: Baxter|atk|1|[from] ability: Moxie
|
|
|switch|p2a: Arcanine|Arcanine, M|384\/384
|-ability|p2a: Arcanine|Intimidate|[of] p1a: Baxter
|-unboost|p1a: Baxter|atk|1
|turn|23
|
|move|p1a: Baxter|Brave Bird|p2a: Arcanine
|-damage|p2a: Arcanine|188\/384
|-damage|p1a: Baxter|226\/341|[from] item: Rocky Helmet|[of] p2a: Arcanine
|-damage|p1a: Baxter|161\/341|[from] recoil|[of] p2a: Arcanine
|move|p2a: Arcanine|Will-O-Wisp|p1a: Baxter
|-status|p1a: Baxter|brn
|
|-damage|p1a: Baxter|119\/341 brn|[from] brn
|turn|24
|
|move|p1a: Baxter|Brave Bird|p2a: Arcanine
|-damage|p2a: Arcanine|92\/384
|-damage|p1a: Baxter|63\/341 brn|[from] item: Rocky Helmet|[of] p2a: Arcanine
|-damage|p1a: Baxter|31\/341 brn|[from] recoil|[of] p2a: Arcanine
|move|p2a: Arcanine|Morning Sun|p2a: Arcanine
|-heal|p2a: Arcanine|284\/384
|
|-damage|p1a: Baxter|0 fnt|[from] brn
|faint|p1a: Baxter
|
|switch|p1a: Bompert|Swampert, F|304\/404 brn
|turn|25
|
|switch|p2a: Trevenant|Trevenant, M|223\/374
|move|p1a: Bompert|Ice Beam|p2a: Trevenant
|-supereffective|p2a: Trevenant
|-damage|p2a: Trevenant|0 fnt
|faint|p2a: Trevenant
|
|-damage|p1a: Bompert|254\/404 brn|[from] brn
|
|switch|p2a: Arcanine|Arcanine, M|284\/384
|-ability|p2a: Arcanine|Intimidate|[of] p1a: Bompert
|-unboost|p1a: Bompert|atk|1
|turn|26
|
|switch|p1a: Greg|Aggron, M|344\/344
|move|p2a: Arcanine|Extreme Speed|p1a: Greg
|-resisted|p1a: Greg
|-damage|p1a: Greg|336\/344
|
|turn|27
|
|detailschange|p1a: Greg|Aggron-Mega, M
|message|Aggron has Mega Evolved into Mega Aggron!
|move|p2a: Arcanine|Flare Blitz|p1a: Greg
|-supereffective|p1a: Greg
|-damage|p1a: Greg|242\/344
|-damage|p2a: Arcanine|253\/384|[from] recoil|[of] p1a: Greg
|move|p1a: Greg|Toxic|p2a: Arcanine
|-status|p2a: Arcanine|tox
|
|-damage|p2a: Arcanine|229\/384 tox|[from] psn
|turn|28
|
|move|p2a: Arcanine|Flare Blitz|p1a: Greg
|-supereffective|p1a: Greg
|-damage|p1a: Greg|155\/344
|-damage|p2a: Arcanine|200\/384 tox|[from] recoil|[of] p1a: Greg
|move|p1a: Greg|Iron Head|p2a: Arcanine
|-resisted|p2a: Arcanine
|-damage|p2a: Arcanine|141\/384 tox
|-damage|p1a: Greg|98\/344|[from] item: Rocky Helmet|[of] p2a: Arcanine
|
|-damage|p2a: Arcanine|93\/384 tox|[from] psn
|turn|29
|
|move|p2a: Arcanine|Flare Blitz|p1a: Greg
|-supereffective|p1a: Greg
|-damage|p1a: Greg|0 fnt
|-damage|p2a: Arcanine|61\/384 tox|[from] recoil|[of] p1a: Greg
|faint|p1a: Greg
|
|-damage|p2a: Arcanine|0 fnt|[from] psn
|faint|p2a: Arcanine
|
|win|Mattherus
|raw|Ladder updating...
|raw|Mattherus's rating: 1237 &rarr; <strong>1255<\/strong><br \/>(+18 for winning)
|raw|stel's rating: 1132 &rarr; <strong>1115<\/strong><br \/>(-17 for losing)
|c|âstel|gg
|c|âMattherus|GG
|leave|stel
|player|p2