|join|Zentennen
|join|stel
|player|p1|Zentennen|282
|player|p2|stel|265
|gametype|singles
|gen|6
|tier|UU
|rated
|rule|Sleep Clause Mod: Limit one foe put to sleep
|rule|Species Clause: Limit one of each PokÃ©mon
|rule|OHKO Clause: OHKO moves are banned
|rule|Moody Clause: Moody is banned
|rule|Evasion Moves Clause: Evasion moves are banned
|rule|Endless Battle Clause: Forcing endless battles is banned
|rule|HP Percentage Mod: HP is shown in percentages
|clearpoke
|poke|p1|Suicune
|poke|p1|Espeon, M, shiny
|poke|p1|Amoonguss, M
|poke|p1|Aggron, F
|poke|p1|Darmanitan, F
|poke|p1|Donphan, F
|poke|p2|Cofagrigus, M
|poke|p2|Scrafty, F
|poke|p2|Tentacruel, M
|poke|p2|Roserade, F
|poke|p2|Flygon, F
|poke|p2|Rotom-Heat
|rule|Swagger Clause: Swagger is banned
|rule|Baton Pass Clause: Limit one PokÃ©mon knowing Baton Pass
|teampreview
|
|start
|switch|p1a: Donphan|Donphan, F|384\/384
|switch|p2a: Roserade|Roserade, F|262\/262
|turn|1
|
|switch|p1a: Amoonguss|Amoonguss, M|432\/432
|move|p2a: Roserade|Magical Leaf|p1a: Amoonguss
|-resisted|p1a: Amoonguss
|-damage|p1a: Amoonguss|387\/432
|-damage|p2a: Roserade|236\/262|[from] item: Life Orb
|
|-heal|p1a: Amoonguss|414\/432|[from] item: Black Sludge
|turn|2
|
|move|p2a: Roserade|Hidden Power|p1a: Amoonguss
|-crit|p1a: Amoonguss
|-supereffective|p1a: Amoonguss
|-damage|p1a: Amoonguss|79\/432
|-damage|p2a: Roserade|210\/262|[from] item: Life Orb
|move|p1a: Amoonguss|Sludge Bomb|p2a: Roserade
|-crit|p2a: Roserade
|-damage|p2a: Roserade|65\/262
|
|-heal|p1a: Amoonguss|106\/432|[from] item: Black Sludge
|turn|3
|c|âstel|lolol
|
|switch|p1a: Aggron|Aggron, F|344\/344
|move|p2a: Roserade|Hidden Power|p1a: Aggron
|-damage|p1a: Aggron|200\/344
|-damage|p2a: Roserade|39\/262|[from] item: Life Orb
|
|turn|4
|
|detailschange|p1a: Aggron|Aggron-Mega, F
|message|Aggron has Mega Evolved into Mega Aggron!
|move|p2a: Roserade|Sleep Powder|p1a: Aggron
|-status|p1a: Aggron|slp
|cant|p1a: Aggron|slp
|
|turn|5
|
|move|p2a: Roserade|Magical Leaf|p1a: Aggron
|-resisted|p1a: Aggron
|-damage|p1a: Aggron|106\/344 slp
|-damage|p2a: Roserade|13\/262|[from] item: Life Orb
|cant|p1a: Aggron|slp
|
|turn|6
|
|switch|p1a: Donphan|Donphan, F|384\/384
|move|p2a: Roserade|Hidden Power|p1a: Donphan
|-damage|p1a: Donphan|241\/384
|-damage|p2a: Roserade|0 fnt|[from] item: Life Orb
|faint|p2a: Roserade
|
|
|switch|p2a: Tentacruel|Tentacruel, M|363\/363
|turn|7
|
|move|p2a: Tentacruel|Scald|p1a: Donphan
|-supereffective|p1a: Donphan
|-damage|p1a: Donphan|91\/384
|move|p1a: Donphan|Earthquake|p2a: Tentacruel
|-supereffective|p2a: Tentacruel
|-damage|p2a: Tentacruel|15\/363
|
|-heal|p2a: Tentacruel|37\/363|[from] item: Black Sludge
|turn|8
|
|switch|p1a: Amoonguss|Amoonguss, M|250\/432
|move|p2a: Tentacruel|Scald|p1a: Amoonguss
|-resisted|p1a: Amoonguss
|-damage|p1a: Amoonguss|220\/432
|
|-heal|p2a: Tentacruel|59\/363|[from] item: Black Sludge
|-heal|p1a: Amoonguss|247\/432|[from] item: Black Sludge
|turn|9
|
|move|p2a: Tentacruel|Knock Off|p1a: Amoonguss
|-damage|p1a: Amoonguss|181\/432
|-enditem|p1a: Amoonguss|Black Sludge|[from] move: Knock Off|[of] p2a: Tentacruel
|move|p1a: Amoonguss|Giga Drain|p2a: Tentacruel
|-damage|p2a: Tentacruel|0 fnt
|-heal|p1a: Amoonguss|211\/432|[from] drain|[of] p2a: Tentacruel
|faint|p2a: Tentacruel
|
|
|switch|p2a: Rotom-Heat|Rotom-Heat|242\/242
|turn|10
|
|switch|p1a: Donphan|Donphan, F|91\/384
|move|p2a: Rotom-Heat|Overheat|p1a: Donphan
|-damage|p1a: Donphan|0 fnt
|-unboost|p2a: Rotom-Heat|spa|2
|faint|p1a: Donphan
|
|
|switch|p1a: Darmanitan|Darmanitan, F|351\/351
|turn|11
|
|switch|p2a: Cofagrigus|Cofagrigus, M|320\/320
|move|p1a: Darmanitan|Rock Slide|p2a: Cofagrigus
|-damage|p2a: Cofagrigus|251\/320
|
|turn|12
|
|switch|p1a: Espeon|Espeon, M, shiny|334\/334
|move|p2a: Cofagrigus|Nasty Plot|p2a: Cofagrigus
|-boost|p2a: Cofagrigus|spa|2
|
|turn|13
|
|move|p1a: Espeon|Light Screen|p1a: Espeon
|-sidestart|p1: Zentennen|move: Light Screen
|move|p2a: Cofagrigus|Shadow Ball|p1a: Espeon
|-supereffective|p1a: Espeon
|-damage|p1a: Espeon|141\/334
|
|turn|14
|
|switch|p1a: Amoonguss|Amoonguss, M|355\/432
|move|p2a: Cofagrigus|Shadow Ball|p1a: Amoonguss
|-damage|p1a: Amoonguss|279\/432
|-unboost|p1a: Amoonguss|spd|1
|
|turn|15
|
|move|p1a: Amoonguss|Clear Smog|p2a: Cofagrigus
|-resisted|p2a: Cofagrigus
|-damage|p2a: Cofagrigus|227\/320
|-clearboost|p2a: Cofagrigus
|move|p2a: Cofagrigus|Nasty Plot|p2a: Cofagrigus
|-boost|p2a: Cofagrigus|spa|2
|
|turn|16
|
|move|p2a: Cofagrigus|Shadow Ball|p1a: Amoonguss
|-damage|p1a: Amoonguss|171\/432
|move|p1a: Amoonguss|Clear Smog|p2a: Cofagrigus
|-resisted|p2a: Cofagrigus
|-damage|p2a: Cofagrigus|200\/320
|-clearboost|p2a: Cofagrigus
|
|turn|17
|
|move|p1a: Amoonguss|Spore|p2a: Cofagrigus
|-status|p2a: Cofagrigus|slp
|cant|p2a: Cofagrigus|slp
|
|turn|18
|
|switch|p1a: Suicune|Suicune|404\/404
|-ability|p1a: Suicune|Pressure
|-curestatus|p2a: Cofagrigus|slp
|move|p2a: Cofagrigus|Will-O-Wisp|p1a: Suicune
|-status|p1a: Suicune|brn
|
|-damage|p1a: Suicune|354\/404 brn|[from] brn
|turn|19
|
|switch|p2a: Scrafty|Scrafty, F|334\/334
|move|p1a: Suicune|Calm Mind|p1a: Suicune
|-boost|p1a: Suicune|spa|1
|-boost|p1a: Suicune|spd|1
|
|-heal|p1a: Suicune|379\/404 brn|[from] item: Leftovers
|-damage|p1a: Suicune|329\/404 brn|[from] brn
|turn|20
|
|move|p1a: Suicune|Scald|p2a: Scrafty
|-damage|p2a: Scrafty|225\/334
|-status|p2a: Scrafty|brn
|move|p2a: Scrafty|Knock Off|p1a: Suicune
|-damage|p1a: Suicune|280\/404 brn
|-enditem|p1a: Suicune|Leftovers|[from] move: Knock Off|[of] p2a: Scrafty
|
|-heal|p2a: Scrafty|245\/334 brn|[from] item: Leftovers
|-damage|p1a: Suicune|230\/404 brn|[from] brn
|-damage|p2a: Scrafty|204\/334 brn|[from] brn
|-sideend|p1: Zentennen|move: Light Screen
|turn|21
|
|move|p1a: Suicune|Calm Mind|p1a: Suicune
|-boost|p1a: Suicune|spa|1
|-boost|p1a: Suicune|spd|1
|move|p2a: Scrafty|Bulk Up|p2a: Scrafty
|-boost|p2a: Scrafty|atk|1
|-boost|p2a: Scrafty|def|1
|
|-heal|p2a: Scrafty|224\/334 brn|[from] item: Leftovers
|-damage|p1a: Suicune|180\/404 brn|[from] brn
|-damage|p2a: Scrafty|183\/334 brn|[from] brn
|turn|22
|
|move|p1a: Suicune|Rest|p1a: Suicune
|-status|p1a: Suicune|slp
|-heal|p1a: Suicune|404\/404 slp|[silent]
|-status|p1a: Suicune|slp|[from] move: Rest
|move|p2a: Scrafty|Drain Punch|p1a: Suicune
|-damage|p1a: Suicune|346\/404 slp
|-heal|p2a: Scrafty|212\/334 brn|[from] drain|[of] p1a: Suicune
|
|-heal|p2a: Scrafty|232\/334 brn|[from] item: Leftovers
|-damage|p2a: Scrafty|191\/334 brn|[from] brn
|turn|23
|
|cant|p1a: Suicune|slp
|move|p1a: Suicune|Sleep Talk|p1a: Suicune
|move|p1a: Suicune|Rest|p1a: Suicune|[from]Sleep Talk
|-fail|p1a: Suicune
|move|p2a: Scrafty|Drain Punch|p1a: Suicune
|-crit|p1a: Suicune
|-damage|p1a: Suicune|256\/404 slp
|-heal|p2a: Scrafty|236\/334 brn|[from] drain|[of] p1a: Suicune
|
|-activate|p2a: Scrafty|ability: Shed Skin
|-curestatus|p2a: Scrafty|brn
|-heal|p2a: Scrafty|256\/334|[from] item: Leftovers
|turn|24
|
|cant|p1a: Suicune|slp
|move|p1a: Suicune|Sleep Talk|p1a: Suicune
|move|p1a: Suicune|Calm Mind|p1a: Suicune|[from]Sleep Talk
|-boost|p1a: Suicune|spa|1
|-boost|p1a: Suicune|spd|1
|move|p2a: Scrafty|Drain Punch|p1a: Suicune
|-damage|p1a: Suicune|147\/404 slp
|-heal|p2a: Scrafty|311\/334|[from] drain|[of] p1a: Suicune
|
|-heal|p2a: Scrafty|331\/334|[from] item: Leftovers
|turn|25
|
|-curestatus|p1a: Suicune|slp
|move|p1a: Suicune|Rest|p1a: Suicune
|-status|p1a: Suicune|slp
|-heal|p1a: Suicune|404\/404 slp|[silent]
|-status|p1a: Suicune|slp|[from] move: Rest
|move|p2a: Scrafty|Bulk Up|p2a: Scrafty
|-boost|p2a: Scrafty|atk|1
|-boost|p2a: Scrafty|def|1
|
|-heal|p2a: Scrafty|334\/334|[from] item: Leftovers
|turn|26
|
|cant|p1a: Suicune|slp
|move|p1a: Suicune|Sleep Talk|p1a: Suicune
|move|p1a: Suicune|Rest|p1a: Suicune|[from]Sleep Talk
|-fail|p1a: Suicune
|move|p2a: Scrafty|Drain Punch|p1a: Suicune
|-damage|p1a: Suicune|245\/404 slp
|
|turn|27
|
|cant|p1a: Suicune|slp
|move|p1a: Suicune|Sleep Talk|p1a: Suicune
|move|p1a: Suicune|Calm Mind|p1a: Suicune|[from]Sleep Talk
|-boost|p1a: Suicune|spa|1
|-boost|p1a: Suicune|spd|1
|move|p2a: Scrafty|Bulk Up|p2a: Scrafty
|-boost|p2a: Scrafty|atk|1
|-boost|p2a: Scrafty|def|1
|
|turn|28
|
|-curestatus|p1a: Suicune|slp
|move|p1a: Suicune|Scald|p2a: Scrafty
|-damage|p2a: Scrafty|120\/334
|move|p2a: Scrafty|Bulk Up|p2a: Scrafty
|-boost|p2a: Scrafty|atk|1
|-boost|p2a: Scrafty|def|1
|
|-heal|p2a: Scrafty|140\/334|[from] item: Leftovers
|turn|29
|
|move|p1a: Suicune|Scald|p2a: Scrafty
|-damage|p2a: Scrafty|0 fnt
|faint|p2a: Scrafty
|
|
|switch|p2a: Rotom-Heat|Rotom-Heat|242\/242
|turn|30
|
|move|p2a: Rotom-Heat|Trick|p1a: Suicune
|-activate|p2a: Rotom-Heat|move: Trick|[of] p1a: Suicune
|-item|p1a: Suicune|Choice Specs|[from] move: Trick
|move|p1a: Suicune|Scald|p2a: Rotom-Heat
|-supereffective|p2a: Rotom-Heat
|-damage|p2a: Rotom-Heat|0 fnt
|faint|p2a: Rotom-Heat
|
|
|switch|p2a: Cofagrigus|Cofagrigus, M|200\/320
|turn|31
|
|move|p1a: Suicune|Scald|p2a: Cofagrigus
|-damage|p2a: Cofagrigus|0 fnt
|faint|p2a: Cofagrigus
|
|
|switch|p2a: Flygon|Flygon, F|301\/301
|turn|32
|
|move|p2a: Flygon|Outrage|p1a: Suicune
|-damage|p1a: Suicune|119\/404
|move|p1a: Suicune|Scald|p2a: Flygon
|-damage|p2a: Flygon|0 fnt
|faint|p2a: Flygon
|
|win|Zentennen
|raw|Ladder updating...
|raw|Zentennen's rating: 1178 &rarr; <strong>1213<\/strong><br \/>(+35 for winning)
|raw|stel's rating: 1329 &rarr; <strong>1301<\/strong><br \/>(-28 for losing)