|join|HyG4RtHh4rtbr34k3r
|join|stel
|player|p1|HyG4RtHh4rtbr34k3r|34
|player|p2|stel|266
|gametype|singles
|gen|6
|tier|UU
|rated
|rule|Sleep Clause Mod: Limit one foe put to sleep
|rule|Species Clause: Limit one of each PokÃ©mon
|rule|OHKO Clause: OHKO moves are banned
|rule|Moody Clause: Moody is banned
|rule|Evasion Moves Clause: Evasion moves are banned
|rule|Endless Battle Clause: Forcing endless battles is banned
|rule|HP Percentage Mod: HP is shown in percentages
|clearpoke
|poke|p1|Hydreigon, M
|poke|p1|Starmie
|poke|p1|Nidoqueen, F
|poke|p1|Infernape, M
|poke|p1|Umbreon, M
|poke|p1|Rotom-Heat
|poke|p2|Arcanine, M
|poke|p2|Nidoking, M
|poke|p2|Umbreon, F, shiny
|poke|p2|Raikou
|poke|p2|Honchkrow, F
|poke|p2|Blastoise, F
|rule|Swagger Clause: Swagger is banned
|rule|Baton Pass Clause: Limit one PokÃ©mon knowing Baton Pass
|teampreview
|
|start
|switch|p1a: Nidoqueen|Nidoqueen, F|384\/384
|switch|p2a: Nidoking|Nidoking, M|303\/303
|turn|1
|
|switch|p1a: Umbreon|Umbreon, M|394\/394
|move|p2a: Nidoking|Earth Power|p1a: Umbreon
|-damage|p1a: Umbreon|298\/394
|
|-heal|p1a: Umbreon|322\/394|[from] item: Leftovers
|turn|2
|
|switch|p2a: Honchkrow|Honchkrow, F|342\/342
|switch|p1a: Rotom-Heat|Rotom-Heat|304\/304
|
|turn|3
|
|switch|p2a: Blastoise|Blastoise, F|362\/362
|move|p1a: Rotom-Heat|Volt Switch|p2a: Blastoise
|-supereffective|p2a: Blastoise
|-damage|p2a: Blastoise|20\/362
|
|switch|p1a: Infernape|Infernape, M|293\/293
|
|turn|4
|
|switch|p2a: Arcanine|Arcanine, M|384\/384
|-ability|p2a: Arcanine|Intimidate|[of] p1a: Infernape
|-unboost|p1a: Infernape|atk|1
|move|p1a: Infernape|U-turn|p2a: Arcanine
|-resisted|p2a: Arcanine
|-damage|p2a: Arcanine|366\/384
|-damage|p1a: Infernape|245\/293|[from] item: Rocky Helmet|[of] p2a: Arcanine
|
|switch|p1a: Nidoqueen|Nidoqueen, F|384\/384
|
|turn|5
|
|switch|p2a: Honchkrow|Honchkrow, F|342\/342
|move|p1a: Nidoqueen|Stealth Rock|p2a: Honchkrow
|-sidestart|p2: stel|move: Stealth Rock
|
|turn|6
|
|move|p2a: Honchkrow|Sucker Punch|p1a: Nidoqueen
|-damage|p1a: Nidoqueen|189\/384
|-damage|p2a: Honchkrow|308\/342|[from] item: Life Orb
|move|p1a: Nidoqueen|Ice Beam|p2a: Honchkrow
|-supereffective|p2a: Honchkrow
|-damage|p2a: Honchkrow|0 fnt
|faint|p2a: Honchkrow
|
|-heal|p1a: Nidoqueen|213\/384|[from] item: Black Sludge
|
|switch|p2a: Blastoise|Blastoise, F|20\/362
|-damage|p2a: Blastoise|0 fnt|[from] Stealth Rock
|faint|p2a: Blastoise
|
|switch|p2a: Nidoking|Nidoking, M|303\/303
|-damage|p2a: Nidoking|285\/303|[from] Stealth Rock
|turn|7
|
|switch|p1a: Umbreon|Umbreon, M|322\/394
|move|p2a: Nidoking|Sludge Wave|p1a: Umbreon
|-damage|p1a: Umbreon|217\/394
|
|-heal|p1a: Umbreon|241\/394|[from] item: Leftovers
|turn|8
|
|move|p2a: Nidoking|Sludge Wave|p1a: Umbreon
|-damage|p1a: Umbreon|148\/394
|move|p1a: Umbreon|Wish|p1a: Umbreon
|
|-heal|p1a: Umbreon|172\/394|[from] item: Leftovers
|turn|9
|
|move|p2a: Nidoking|Sludge Wave|p1a: Umbreon
|-damage|p1a: Umbreon|64\/394
|move|p1a: Umbreon|Foul Play|p2a: Nidoking
|-damage|p2a: Nidoking|147\/303
|
|-heal|p1a: Umbreon|261\/394|[from] move: Wish|[wisher] Umbreon
|-heal|p1a: Umbreon|285\/394|[from] item: Leftovers
|turn|10
|
|move|p2a: Nidoking|Sludge Wave|p1a: Umbreon
|-damage|p1a: Umbreon|182\/394
|move|p1a: Umbreon|Wish|p1a: Umbreon
|
|-heal|p1a: Umbreon|206\/394|[from] item: Leftovers
|turn|11
|c|âstel|crit inbound
|
|move|p2a: Nidoking|Sludge Wave|p1a: Umbreon
|-damage|p1a: Umbreon|107\/394
|move|p1a: Umbreon|Foul Play|p2a: Nidoking
|-damage|p2a: Nidoking|15\/303
|
|-heal|p1a: Umbreon|304\/394|[from] move: Wish|[wisher] Umbreon
|-heal|p1a: Umbreon|328\/394|[from] item: Leftovers
|turn|12
|-message|stel forfeited.
|
|win|HyG4RtHh4rtbr34k3r
|raw|Ladder updating...
|leave|stel
|player|p2
|c|âHyG4RtHh4rtbr34k3r|crit will only do 35-40
|raw|HyG4RtHh4rtbr34k3r's rating: 1223 &rarr; <strong>1249<\/strong><br \/>(+26 for winning)
|raw|stel's rating: 1230 &rarr; <strong>1205<\/strong><br \/>(-25 for losing)