|join|stel
|join|Jepstein99
|player|p1|stel|170
|player|p2|Jepstein99|266
|gametype|singles
|gen|6
|tier|UU
|rated
|rule|Sleep Clause Mod: Limit one foe put to sleep
|rule|Species Clause: Limit one of each PokÃ©mon
|rule|OHKO Clause: OHKO moves are banned
|rule|Moody Clause: Moody is banned
|rule|Evasion Moves Clause: Evasion moves are banned
|rule|Endless Battle Clause: Forcing endless battles is banned
|rule|HP Percentage Mod: HP is shown in percentages
|clearpoke
|poke|p1|Hippowdon, M
|poke|p1|Scrafty, F
|poke|p1|Tentacruel, F
|poke|p1|Roserade, F
|poke|p1|Flygon, M
|poke|p1|Rotom-Heat
|poke|p2|Infernape, M
|poke|p2|Porygon2, shiny
|poke|p2|Crobat, F, shiny
|poke|p2|Cofagrigus, F
|poke|p2|Flygon, M, shiny
|poke|p2|Quagsire, M
|rule|Swagger Clause: Swagger is banned
|rule|Baton Pass Clause: Limit one PokÃ©mon knowing Baton Pass
|teampreview
|
|start
|switch|p1a: Tentacruel|Tentacruel, F|363\/363
|switch|p2a: Gengar-in-a-box|Cofagrigus, F|320\/320
|turn|1
|
|move|p1a: Tentacruel|Toxic Spikes|p2a: Gengar-in-a-box
|-sidestart|p2: Jepstein99|move: Toxic Spikes
|move|p2a: Gengar-in-a-box|Infestation|p1a: Tentacruel
|-resisted|p1a: Tentacruel
|-damage|p1a: Tentacruel|357\/363
|-activate|p1a: Tentacruel|move: Infestation|[of] p2a: Gengar-in-a-box
|
|-heal|p1a: Tentacruel|363\/363|[from] item: Black Sludge
|-damage|p1a: Tentacruel|318\/363|[from] move: Infestation|[partiallytrapped]
|turn|2
|
|move|p1a: Tentacruel|Knock Off|p2a: Gengar-in-a-box
|-crit|p2a: Gengar-in-a-box
|-supereffective|p2a: Gengar-in-a-box
|-damage|p2a: Gengar-in-a-box|202\/320
|-endability|p1a: Tentacruel|clearbody|[from] Mummy
|-ability|p1a: Tentacruel|Mummy|[from] Mummy
|-enditem|p2a: Gengar-in-a-box|Kee Berry|[eat]
|-boost|p2a: Gengar-in-a-box|def|1|[from] item: Kee Berry
|move|p2a: Gengar-in-a-box|Will-O-Wisp|p1a: Tentacruel
|-status|p1a: Tentacruel|brn
|
|-heal|p1a: Tentacruel|340\/363 brn|[from] item: Black Sludge
|-damage|p1a: Tentacruel|295\/363 brn|[from] brn
|-damage|p1a: Tentacruel|250\/363 brn|[from] move: Infestation|[partiallytrapped]
|turn|3
|
|move|p1a: Tentacruel|Toxic Spikes|p2a: Gengar-in-a-box
|-sidestart|p2: Jepstein99|move: Toxic Spikes
|move|p2a: Gengar-in-a-box|Heal Block|p1a: Tentacruel
|-start|p1a: Tentacruel|move: Heal Block
|
|-damage|p1a: Tentacruel|205\/363 brn|[from] brn
|-damage|p1a: Tentacruel|160\/363 brn|[from] move: Infestation|[partiallytrapped]
|turn|4
|c|âstel|wtf set is this
|
|move|p1a: Tentacruel|Scald|p2a: Gengar-in-a-box
|-damage|p2a: Gengar-in-a-box|148\/320
|move|p2a: Gengar-in-a-box|Hidden Power|p1a: Tentacruel
|-resisted|p1a: Tentacruel
|-damage|p1a: Tentacruel|141\/363 brn
|
|-damage|p1a: Tentacruel|96\/363 brn|[from] brn
|-damage|p1a: Tentacruel|51\/363 brn|[from] move: Infestation|[partiallytrapped]
|turn|5
|
|move|p1a: Tentacruel|Scald|p2a: Gengar-in-a-box
|-damage|p2a: Gengar-in-a-box|88\/320
|-status|p2a: Gengar-in-a-box|brn
|move|p2a: Gengar-in-a-box|Hidden Power|p1a: Tentacruel
|-resisted|p1a: Tentacruel
|-damage|p1a: Tentacruel|31\/363 brn
|
|-damage|p1a: Tentacruel|0 fnt|[from] brn
|-damage|p2a: Gengar-in-a-box|48\/320 brn|[from] brn
|faint|p1a: Tentacruel
|
|switch|p1a: Roserade|Roserade, F|262\/262
|turn|6
|
|move|p1a: Roserade|Magical Leaf|p2a: Gengar-in-a-box
|-damage|p2a: Gengar-in-a-box|0 fnt
|-damage|p1a: Roserade|236\/262|[from] item: Life Orb
|faint|p2a: Gengar-in-a-box
|
|
|switch|p2a: Kawaii|Crobat, F, shiny|311\/311
|turn|7
|
|switch|p2a: Dune Devil|Flygon, M, shiny|301\/301
|switch|p1a: Hippowdon|Hippowdon, M|420\/420
|
|turn|8
|
|move|p2a: Dune Devil|Defog|p1a: Hippowdon
|-unboost|p1a: Hippowdon|evasion|1
|-sideend|p2: Jepstein99|Toxic Spikes|[from] move: Defog|[of] p2a: Dune Devil
|move|p1a: Hippowdon|Toxic|p2a: Dune Devil|[miss]
|-miss|p1a: Hippowdon|p2a: Dune Devil
|
|turn|9
|
|move|p2a: Dune Devil|Dragon Claw|p1a: Hippowdon
|-damage|p1a: Hippowdon|347\/420
|-damage|p2a: Dune Devil|251\/301|[from] item: Rocky Helmet|[of] p1a: Hippowdon
|move|p1a: Hippowdon|Yawn|p2a: Dune Devil
|-start|p2a: Dune Devil|move: Yawn|[of] p1a: Hippowdon
|
|turn|10
|
|switch|p2a: Monkey Torch|Infernape, M|293\/293
|switch|p1a: Scrafty|Scrafty, F|334\/334
|
|turn|11
|
|switch|p1a: Hippowdon|Hippowdon, M|347\/420
|move|p2a: Monkey Torch|Substitute|p2a: Monkey Torch
|-start|p2a: Monkey Torch|Substitute
|-damage|p2a: Monkey Torch|220\/293
|
|-heal|p2a: Monkey Torch|238\/293|[from] item: Leftovers
|turn|12
|
|move|p2a: Monkey Torch|Grass Knot|p1a: Hippowdon
|-supereffective|p1a: Hippowdon
|-damage|p1a: Hippowdon|67\/420
|-damage|p2a: Monkey Torch|190\/293|[from] item: Rocky Helmet|[of] p1a: Hippowdon
|move|p1a: Hippowdon|Earthquake|p2a: Monkey Torch
|-supereffective|p2a: Monkey Torch
|-end|p2a: Monkey Torch|Substitute
|
|-heal|p2a: Monkey Torch|208\/293|[from] item: Leftovers
|turn|13
|
|switch|p1a: Flygon|Flygon, M|301\/301
|move|p2a: Monkey Torch|Substitute|p2a: Monkey Torch
|-start|p2a: Monkey Torch|Substitute
|-damage|p2a: Monkey Torch|135\/293
|
|-heal|p2a: Monkey Torch|153\/293|[from] item: Leftovers
|turn|14
|
|-singleturn|p2a: Monkey Torch|move: Focus Punch
|move|p1a: Flygon|Earthquake|p2a: Monkey Torch
|-supereffective|p2a: Monkey Torch
|-end|p2a: Monkey Torch|Substitute
|-damage|p1a: Flygon|271\/301|[from] item: Life Orb
|move|p2a: Monkey Torch|Focus Punch|p1a: Flygon
|-damage|p1a: Flygon|0 fnt
|faint|p1a: Flygon
|
|-heal|p2a: Monkey Torch|171\/293|[from] item: Leftovers
|
|switch|p1a: Scrafty|Scrafty, F|334\/334
|turn|15
|
|move|p2a: Monkey Torch|Substitute|p2a: Monkey Torch
|-start|p2a: Monkey Torch|Substitute
|-damage|p2a: Monkey Torch|98\/293
|move|p1a: Scrafty|Drain Punch|p2a: Monkey Torch
|-end|p2a: Monkey Torch|Substitute
|
|-heal|p2a: Monkey Torch|116\/293|[from] item: Leftovers
|turn|16
|
|switch|p2a: Kawaii|Crobat, F, shiny|311\/311
|switch|p1a: Hippowdon|Hippowdon, M|67\/420
|
|turn|17
|
|move|p2a: Kawaii|Brave Bird|p1a: Hippowdon
|-damage|p1a: Hippowdon|0 fnt
|-damage|p2a: Kawaii|260\/311|[from] item: Rocky Helmet|[of] p1a: Hippowdon
|-damage|p2a: Kawaii|238\/311|[from] recoil|[of] p1a: Hippowdon
|faint|p1a: Hippowdon
|
|
|switch|p1a: Rotom-Heat|Rotom-Heat|242\/242
|turn|18
|
|switch|p2a: Durp|Quagsire, M|394\/394
|move|p1a: Rotom-Heat|Overheat|p2a: Durp
|-resisted|p2a: Durp
|-damage|p2a: Durp|174\/394
|-unboost|p1a: Rotom-Heat|spa|2
|-enditem|p2a: Durp|Sitrus Berry|[eat]
|-heal|p2a: Durp|272\/394|[from] item: Sitrus Berry
|
|turn|19
|
|switch|p1a: Roserade|Roserade, F|236\/262
|move|p2a: Durp|Acid Spray|p1a: Roserade
|-damage|p1a: Roserade|205\/262
|-unboost|p1a: Roserade|spd|2
|
|turn|20
|
|switch|p2a: Monkey Torch|Infernape, M|116\/293
|move|p1a: Roserade|Magical Leaf|p2a: Monkey Torch
|-resisted|p2a: Monkey Torch
|-damage|p2a: Monkey Torch|0 fnt
|-damage|p1a: Roserade|179\/262|[from] item: Life Orb
|faint|p2a: Monkey Torch
|
|
|switch|p2a: DRIP-404|Porygon2, shiny|311\/311
|turn|21
|
|move|p1a: Roserade|Sleep Powder|p2a: DRIP-404
|-status|p2a: DRIP-404|slp
|cant|p2a: DRIP-404|slp
|
|turn|22
|
|move|p1a: Roserade|Magical Leaf|p2a: DRIP-404
|-damage|p2a: DRIP-404|190\/311 slp
|-damage|p1a: Roserade|153\/262|[from] item: Life Orb
|cant|p2a: DRIP-404|slp
|
|turn|23
|
|move|p1a: Roserade|Magical Leaf|p2a: DRIP-404
|-crit|p2a: DRIP-404
|-damage|p2a: DRIP-404|26\/311 slp
|-damage|p1a: Roserade|127\/262|[from] item: Life Orb
|-curestatus|p2a: DRIP-404|slp
|move|p2a: DRIP-404|Ice Beam|p1a: Roserade
|-crit|p1a: Roserade
|-supereffective|p1a: Roserade
|-damage|p1a: Roserade|0 fnt
|faint|p1a: Roserade
|
|
|switch|p1a: Scrafty|Scrafty, F|334\/334
|turn|24
|
|switch|p2a: Kawaii|Crobat, F, shiny|238\/311
|move|p1a: Scrafty|Knock Off|p2a: Kawaii
|-damage|p2a: Kawaii|54\/311
|-enditem|p2a: Kawaii|Lum Berry|[from] move: Knock Off|[of] p1a: Scrafty
|
|turn|25
|
|switch|p2a: Dune Devil|Flygon, M, shiny|251\/301
|switch|p1a: Rotom-Heat|Rotom-Heat|242\/242
|
|turn|26
|
|move|p2a: Dune Devil|Rock Slide|p1a: Rotom-Heat
|-supereffective|p1a: Rotom-Heat
|-damage|p1a: Rotom-Heat|100\/242
|move|p1a: Rotom-Heat|Overheat|p2a: Dune Devil
|-resisted|p2a: Dune Devil
|-damage|p2a: Dune Devil|68\/301
|-unboost|p1a: Rotom-Heat|spa|2
|
|turn|27
|
|move|p2a: Dune Devil|Dragon Claw|p1a: Rotom-Heat
|-damage|p1a: Rotom-Heat|0 fnt
|faint|p1a: Rotom-Heat
|
|
|switch|p1a: Scrafty|Scrafty, F|334\/334
|turn|28
|c|âJepstein99|gg
|
|move|p2a: Dune Devil|Earthquake|p1a: Scrafty
|-damage|p1a: Scrafty|207\/334
|move|p1a: Scrafty|Bulk Up|p1a: Scrafty
|-boost|p1a: Scrafty|atk|1
|-boost|p1a: Scrafty|def|1
|
|-heal|p1a: Scrafty|227\/334|[from] item: Leftovers
|turn|29
|
|switch|p2a: Durp|Quagsire, M|272\/394
|move|p1a: Scrafty|Ice Punch|p2a: Durp
|-damage|p2a: Durp|142\/394
|
|-heal|p1a: Scrafty|247\/334|[from] item: Leftovers
|turn|30
|
|move|p1a: Scrafty|Drain Punch|p2a: Durp
|-damage|p2a: Durp|0 fnt
|-heal|p1a: Scrafty|318\/334|[from] drain|[of] p2a: Durp
|faint|p2a: Durp
|
|-heal|p1a: Scrafty|334\/334|[from] item: Leftovers
|
|switch|p2a: Kawaii|Crobat, F, shiny|54\/311
|turn|31
|
|move|p2a: Kawaii|Brave Bird|p1a: Scrafty
|-supereffective|p1a: Scrafty
|-damage|p1a: Scrafty|136\/334
|-damage|p2a: Kawaii|0 fnt|[from] recoil|[of] p1a: Scrafty
|faint|p2a: Kawaii
|move|p1a: Scrafty|Ice Punch|p2: Kawaii|[notarget]
|-notarget
|
|-heal|p1a: Scrafty|156\/334|[from] item: Leftovers
|
|switch|p2a: Dune Devil|Flygon, M, shiny|68\/301
|turn|32
|c|âJepstein99|never mind you might win
|
|move|p2a: Dune Devil|Earthquake|p1a: Scrafty
|-damage|p1a: Scrafty|66\/334
|move|p1a: Scrafty|Ice Punch|p2a: Dune Devil
|-supereffective|p2a: Dune Devil
|-damage|p2a: Dune Devil|0 fnt
|faint|p2a: Dune Devil
|
|-heal|p1a: Scrafty|86\/334|[from] item: Leftovers
|
|switch|p2a: DRIP-404|Porygon2, shiny|26\/311
|turn|33
|
|move|p2a: DRIP-404|Ice Beam|p1a: Scrafty
|-damage|p1a: Scrafty|22\/334
|move|p1a: Scrafty|Drain Punch|p2a: DRIP-404
|-supereffective|p2a: DRIP-404
|-damage|p2a: DRIP-404|0 fnt
|-heal|p1a: Scrafty|35\/334|[from] drain|[of] p2a: DRIP-404
|faint|p2a: DRIP-404
|
|win|stel
|raw|Ladder updating...
|raw|stel's rating: 1149 &rarr; <strong>1174<\/strong><br \/>(+25 for winning)
|raw|Jepstein99's rating: 1149 &rarr; <strong>1124<\/strong><br \/>(-25 for losing)
|c|âstel|G FUCKING G
|leave|Jepstein99
|player|p2