|join|LeniU
|join|stel
|player|p1|LeniU|266
|player|p2|stel|170
|gametype|singles
|gen|6
|tier|UU
|rated
|rule|Sleep Clause Mod: Limit one foe put to sleep
|rule|Species Clause: Limit one of each PokÃ©mon
|rule|OHKO Clause: OHKO moves are banned
|rule|Moody Clause: Moody is banned
|rule|Evasion Moves Clause: Evasion moves are banned
|rule|Endless Battle Clause: Forcing endless battles is banned
|rule|HP Percentage Mod: HP is shown in percentages
|clearpoke
|poke|p1|Swampert, F
|poke|p1|Jirachi
|poke|p1|Blissey, F
|poke|p1|Yanmega, F
|poke|p1|Suicune
|poke|p1|Arcanine, M
|poke|p2|Arcanine, F
|poke|p2|Nidoking, M
|poke|p2|Umbreon, F, shiny
|poke|p2|Kingdra, M
|poke|p2|Mienshao, F
|poke|p2|Forretress, F
|rule|Swagger Clause: Swagger is banned
|rule|Baton Pass Clause: Limit one PokÃ©mon knowing Baton Pass
|teampreview
|
|start
|switch|p1a: Arcanine|Arcanine, M|322\/322
|switch|p2a: Kingdra|Kingdra, M|291\/291
|-ability|p1a: Arcanine|Intimidate|[of] p2a: Kingdra
|-unboost|p2a: Kingdra|atk|1
|turn|1
|
|switch|p1a: Blissey|Blissey, F|714\/714
|move|p2a: Kingdra|Focus Energy|p2a: Kingdra
|-start|p2a: Kingdra|move: Focus Energy
|
|turn|2
|
|move|p2a: Kingdra|Agility|p2a: Kingdra
|-boost|p2a: Kingdra|spe|2
|move|p1a: Blissey|Toxic|p2a: Kingdra
|-status|p2a: Kingdra|tox
|
|-damage|p2a: Kingdra|273\/291 tox|[from] psn
|turn|3
|
|switch|p1a: Suicune|Suicune|404\/404
|-ability|p1a: Suicune|Pressure
|move|p2a: Kingdra|Draco Meteor|p1a: Suicune
|-crit|p1a: Suicune
|-damage|p1a: Suicune|134\/404
|-unboost|p2a: Kingdra|spa|2
|
|-heal|p1a: Suicune|159\/404|[from] item: Leftovers
|-damage|p2a: Kingdra|237\/291 tox|[from] psn
|turn|4
|
|move|p2a: Kingdra|Draco Meteor|p1a: Suicune
|-crit|p1a: Suicune
|-damage|p1a: Suicune|0 fnt
|-unboost|p2a: Kingdra|spa|2
|faint|p1a: Suicune
|
|-damage|p2a: Kingdra|183\/291 tox|[from] psn
|
|switch|p1a: Jirachi|Jirachi|404\/404
|turn|5
|
|move|p2a: Kingdra|Surf|p1a: Jirachi
|-crit|p1a: Jirachi
|-damage|p1a: Jirachi|206\/404
|move|p1a: Jirachi|Iron Head|p2a: Kingdra
|-resisted|p2a: Kingdra
|-damage|p2a: Kingdra|130\/291 tox
|
|-heal|p1a: Jirachi|231\/404|[from] item: Leftovers
|-damage|p2a: Kingdra|58\/291 tox|[from] psn
|turn|6
|
|move|p2a: Kingdra|Draco Meteor|p1a: Jirachi
|-crit|p1a: Jirachi
|-resisted|p1a: Jirachi
|-damage|p1a: Jirachi|87\/404
|-unboost|p2a: Kingdra|spa|2
|move|p1a: Jirachi|Wish|p1a: Jirachi
|
|-heal|p1a: Jirachi|112\/404|[from] item: Leftovers
|-damage|p2a: Kingdra|0 fnt|[from] psn
|faint|p2a: Kingdra
|
|switch|p2a: Forretress|Forretress, F|354\/354
|turn|7
|
|move|p1a: Jirachi|Wish|p1a: Jirachi
|-fail|p1a: Jirachi
|move|p2a: Forretress|Stealth Rock|p1a: Jirachi
|-sidestart|p1: LeniU|move: Stealth Rock
|
|-heal|p1a: Jirachi|314\/404|[from] move: Wish|[wisher] Jirachi
|-heal|p1a: Jirachi|339\/404|[from] item: Leftovers
|turn|8
|
|switch|p1a: Arcanine|Arcanine, M|322\/322
|-damage|p1a: Arcanine|242\/322|[from] Stealth Rock
|-ability|p1a: Arcanine|Intimidate|[of] p2a: Forretress
|-unboost|p2a: Forretress|atk|1
|move|p2a: Forretress|Toxic Spikes|p1a: Arcanine
|-sidestart|p1: LeniU|move: Toxic Spikes
|
|turn|9
|
|switch|p2a: Arcanine|Arcanine, F|384\/384
|-ability|p2a: Arcanine|Intimidate|[of] p1a: Arcanine
|-unboost|p1a: Arcanine|atk|1
|move|p1a: Arcanine|Close Combat|p2a: Arcanine
|-damage|p2a: Arcanine|283\/384
|-damage|p1a: Arcanine|189\/322|[from] item: Rocky Helmet|[of] p2a: Arcanine
|-unboost|p1a: Arcanine|def|1
|-unboost|p1a: Arcanine|spd|1
|-damage|p1a: Arcanine|157\/322|[from] item: Life Orb
|
|turn|10
|
|move|p1a: Arcanine|Extreme Speed|p2a: Arcanine
|-damage|p2a: Arcanine|217\/384
|-damage|p1a: Arcanine|104\/322|[from] item: Rocky Helmet|[of] p2a: Arcanine
|-damage|p1a: Arcanine|72\/322|[from] item: Life Orb
|move|p2a: Arcanine|Morning Sun|p2a: Arcanine
|-heal|p2a: Arcanine|384\/384
|
|turn|11
|
|move|p1a: Arcanine|Close Combat|p2a: Arcanine
|-damage|p2a: Arcanine|289\/384
|-damage|p1a: Arcanine|19\/322|[from] item: Rocky Helmet|[of] p2a: Arcanine
|-unboost|p1a: Arcanine|def|1
|-unboost|p1a: Arcanine|spd|1
|-damage|p1a: Arcanine|0 fnt|[from] item: Life Orb
|faint|p1a: Arcanine
|move|p2a: Arcanine|Wild Charge|p1: Arcanine|[notarget]
|-notarget
|
|
|switch|p1a: Swampert|Swampert, F|404\/404
|-status|p1a: Swampert|psn
|-damage|p1a: Swampert|379\/404 psn|[from] Stealth Rock
|-enditem|p1a: Swampert|Lum Berry|[eat]
|-curestatus|p1a: Swampert|psn
|turn|12
|
|switch|p2a: Umbreon|Umbreon, F, shiny|394\/394
|move|p1a: Swampert|Curse|p1a: Swampert
|-boost|p1a: Swampert|atk|1
|-boost|p1a: Swampert|def|1
|-unboost|p1a: Swampert|spe|1
|
|turn|13
|
|move|p2a: Umbreon|Toxic|p1a: Swampert
|-status|p1a: Swampert|tox
|move|p1a: Swampert|Waterfall|p2a: Umbreon
|-damage|p2a: Umbreon|247\/394
|
|-heal|p2a: Umbreon|271\/394|[from] item: Leftovers
|-damage|p1a: Swampert|354\/404 tox|[from] psn
|turn|14
|
|move|p2a: Umbreon|Foul Play|p1a: Swampert
|-damage|p1a: Swampert|215\/404 tox
|move|p1a: Swampert|Curse|p1a: Swampert
|-boost|p1a: Swampert|atk|1
|-boost|p1a: Swampert|def|1
|-unboost|p1a: Swampert|spe|1
|
|-heal|p2a: Umbreon|295\/394|[from] item: Leftovers
|-damage|p1a: Swampert|165\/404 tox|[from] psn
|turn|15
|
|move|p2a: Umbreon|Foul Play|p1a: Swampert
|-damage|p1a: Swampert|27\/404 tox
|move|p1a: Swampert|Rest|p1a: Swampert
|-status|p1a: Swampert|slp
|-heal|p1a: Swampert|404\/404 slp|[silent]
|-status|p1a: Swampert|slp|[from] move: Rest
|
|-heal|p2a: Umbreon|319\/394|[from] item: Leftovers
|turn|16
|
|switch|p2a: Mienshao|Mienshao, F|271\/271
|cant|p1a: Swampert|slp
|
|turn|17
|
|move|p2a: Mienshao|Drain Punch|p1a: Swampert
|-damage|p1a: Swampert|334\/404 slp
|cant|p1a: Swampert|slp
|
|turn|18
|
|switch|p2a: Forretress|Forretress, F|354\/354
|-curestatus|p1a: Swampert|slp
|move|p1a: Swampert|Waterfall|p2a: Forretress
|-crit|p2a: Forretress
|-damage|p2a: Forretress|194\/354
|
|-heal|p2a: Forretress|216\/354|[from] item: Leftovers
|turn|19
|
|move|p2a: Forretress|Toxic Spikes|p1a: Swampert
|-sidestart|p1: LeniU|move: Toxic Spikes
|move|p1a: Swampert|Waterfall|p2a: Forretress
|-damage|p2a: Forretress|89\/354
|
|-heal|p2a: Forretress|111\/354|[from] item: Leftovers
|turn|20
|
|switch|p2a: Umbreon|Umbreon, F, shiny|319\/394
|move|p1a: Swampert|Curse|p1a: Swampert
|-boost|p1a: Swampert|atk|1
|-boost|p1a: Swampert|def|1
|-unboost|p1a: Swampert|spe|1
|
|-heal|p2a: Umbreon|343\/394|[from] item: Leftovers
|turn|21
|
|move|p2a: Umbreon|Foul Play|p1a: Swampert
|-damage|p1a: Swampert|207\/404
|move|p1a: Swampert|Earthquake|p2a: Umbreon
|-crit|p2a: Umbreon
|-damage|p2a: Umbreon|0 fnt
|faint|p2a: Umbreon
|
|
|switch|p2a: Nidoking|Nidoking, M|303\/303
|turn|22
|
|move|p2a: Nidoking|Sludge Bomb|p1a: Swampert
|-crit|p1a: Swampert
|-resisted|p1a: Swampert
|-damage|p1a: Swampert|111\/404
|move|p1a: Swampert|Waterfall|p2a: Nidoking
|-supereffective|p2a: Nidoking
|-damage|p2a: Nidoking|0 fnt
|faint|p2a: Nidoking
|
|
|switch|p2a: Mienshao|Mienshao, F|271\/271
|turn|23
|
|move|p2a: Mienshao|Stone Edge|p1a: Swampert|[miss]
|-miss|p2a: Mienshao|p1a: Swampert
|move|p1a: Swampert|Rest|p1a: Swampert
|-status|p1a: Swampert|slp
|-heal|p1a: Swampert|404\/404 slp|[silent]
|-status|p1a: Swampert|slp|[from] move: Rest
|
|turn|24
|
|switch|p2a: Arcanine|Arcanine, F|289\/384
|-ability|p2a: Arcanine|Intimidate|[of] p1a: Swampert
|-unboost|p1a: Swampert|atk|1
|cant|p1a: Swampert|slp
|
|turn|25
|-message|stel forfeited.
|
|win|LeniU
|raw|Ladder updating...
|leave|stel
|player|p2
|raw|LeniU's rating: 1195 &rarr; <strong>1214<\/strong><br \/>(+19 for winning)
|raw|stel's rating: 1113 &rarr; <strong>1094<\/strong><br \/>(-19 for losing)