|join|stel
|join|leve
|player|p1|stel|1
|player|p2|leve|264
|gametype|singles
|gen|6
|tier|UU
|rated
|rule|Sleep Clause Mod: Limit one foe put to sleep
|rule|Species Clause: Limit one of each PokÃ©mon
|rule|OHKO Clause: OHKO moves are banned
|rule|Moody Clause: Moody is banned
|rule|Evasion Moves Clause: Evasion moves are banned
|rule|Endless Battle Clause: Forcing endless battles is banned
|rule|HP Percentage Mod: HP is shown in percentages
|clearpoke
|poke|p1|Ambipom, F
|poke|p1|Slowbro, M
|poke|p1|Chandelure, M
|poke|p1|Amoonguss, F
|poke|p1|Regirock
|poke|p1|Golbat, F
|poke|p2|Krookodile, F
|poke|p2|Galvantula, M
|poke|p2|Goodra, M
|poke|p2|Nidoking, M
|poke|p2|Slowbro, F
|poke|p2|Absol, F
|rule|Swagger Clause: Swagger is banned
|rule|Baton Pass Clause: Limit one PokÃ©mon knowing Baton Pass
|teampreview
|
|start
|switch|p1a: Ambipom|Ambipom, F|291\/291
|switch|p2a: Slowbro|Slowbro, F|394\/394
|turn|1
|
|move|p1a: Ambipom|Fake Out|p2a: Slowbro
|-damage|p2a: Slowbro|319\/394
|-damage|p1a: Ambipom|262\/291|[from] item: Life Orb
|cant|p2a: Slowbro|flinch
|
|-heal|p2a: Slowbro|343\/394|[from] item: Leftovers
|turn|2
|
|move|p1a: Ambipom|Knock Off|p2a: Slowbro
|-supereffective|p2a: Slowbro
|-damage|p2a: Slowbro|179\/394
|-enditem|p2a: Slowbro|Leftovers|[from] move: Knock Off|[of] p1a: Ambipom
|-damage|p1a: Ambipom|233\/291|[from] item: Life Orb
|move|p2a: Slowbro|Thunder Wave|p1a: Ambipom
|-status|p1a: Ambipom|par
|
|turn|3
|
|move|p2a: Slowbro|Slack Off|p2a: Slowbro
|-heal|p2a: Slowbro|376\/394
|move|p1a: Ambipom|U-turn|p2a: Slowbro
|-crit|p2a: Slowbro
|-supereffective|p2a: Slowbro
|-damage|p2a: Slowbro|194\/394
|-damage|p1a: Ambipom|204\/291 par|[from] item: Life Orb
|
|switch|p1a: Chandelure|Chandelure, M|262\/262
|
|turn|4
|
|move|p1a: Chandelure|Energy Ball|p2a: Slowbro
|-supereffective|p2a: Slowbro
|-damage|p2a: Slowbro|0 fnt
|faint|p2a: Slowbro
|
|
|switch|p2a: Absol|Absol, F|271\/271
|turn|5
|
|switch|p1a: Slowbro|Slowbro, M|394\/394
|detailschange|p2a: Absol|Absol-Mega, F
|message|Absol has Mega Evolved into Mega Absol!
|move|p2a: Absol|Knock Off|p1a: Slowbro
|-crit|p1a: Slowbro
|-supereffective|p1a: Slowbro
|-damage|p1a: Slowbro|0 fnt
|-enditem|p1a: Slowbro|Assault Vest|[from] move: Knock Off|[of] p2a: Absol
|faint|p1a: Slowbro
|
|
|switch|p1a: Golbat|Golbat, F|354\/354
|turn|6
|
|move|p2a: Absol|Psycho Cut|p1a: Golbat
|-crit|p1a: Golbat
|-supereffective|p1a: Golbat
|-damage|p1a: Golbat|90\/354
|move|p1a: Golbat|Super Fang|p2a: Absol
|-damage|p2a: Absol|136\/271
|
|turn|7
|
|move|p2a: Absol|Sucker Punch|p1a: Golbat
|-damage|p1a: Golbat|0 fnt
|faint|p1a: Golbat
|
|
|switch|p1a: Regirock|Regirock|364\/364
|turn|8
|
|move|p2a: Absol|Knock Off|p1a: Regirock
|-damage|p1a: Regirock|261\/364
|-enditem|p1a: Regirock|Weakness Policy|[from] move: Knock Off|[of] p2a: Absol
|move|p1a: Regirock|Drain Punch|p2a: Absol
|-crit|p2a: Absol
|-supereffective|p2a: Absol
|-damage|p2a: Absol|0 fnt
|-heal|p1a: Regirock|329\/364|[from] drain|[of] p2a: Absol
|faint|p2a: Absol
|
|
|switch|p2a: Krookodile|Krookodile, F|394\/394
|turn|9
|
|move|p2a: Krookodile|Bulk Up|p2a: Krookodile
|-boost|p2a: Krookodile|atk|1
|-boost|p2a: Krookodile|def|1
|move|p1a: Regirock|Drain Punch|p2a: Krookodile
|-supereffective|p2a: Krookodile
|-damage|p2a: Krookodile|256\/394
|-heal|p1a: Regirock|364\/364|[from] drain|[of] p2a: Krookodile
|
|turn|10
|
|move|p2a: Krookodile|Earthquake|p1a: Regirock
|-supereffective|p1a: Regirock
|-damage|p1a: Regirock|0 fnt
|-damage|p2a: Krookodile|217\/394|[from] item: Life Orb
|faint|p1a: Regirock
|-boost|p2a: Krookodile|atk|1|[from] ability: Moxie
|
|
|switch|p1a: Chandelure|Chandelure, M|262\/262
|turn|11
|
|move|p1a: Chandelure|Energy Ball|p2a: Krookodile
|-supereffective|p2a: Krookodile
|-damage|p2a: Krookodile|0 fnt
|faint|p2a: Krookodile
|
|
|switch|p2a: Goodra|Goodra, M|384\/384
|turn|12
|
|switch|p1a: Amoonguss|Amoonguss, F|432\/432
|move|p2a: Goodra|Draco Meteor|p1a: Amoonguss
|-damage|p1a: Amoonguss|221\/432
|-unboost|p2a: Goodra|spa|2
|
|-heal|p1a: Amoonguss|248\/432|[from] item: Black Sludge
|turn|13
|
|switch|p2a: Galvantula|Galvantula, M|281\/281
|move|p1a: Amoonguss|Sludge Bomb|p2a: Galvantula
|-damage|p2a: Galvantula|85\/281
|
|-heal|p1a: Amoonguss|275\/432|[from] item: Black Sludge
|turn|14
|
|move|p2a: Galvantula|Bug Buzz|p1a: Amoonguss
|-damage|p1a: Amoonguss|128\/432
|move|p1a: Amoonguss|Sludge Bomb|p2a: Galvantula
|-damage|p2a: Galvantula|0 fnt
|faint|p2a: Galvantula
|
|-heal|p1a: Amoonguss|155\/432|[from] item: Black Sludge
|
|switch|p2a: Nidoking|Nidoking, M|304\/304
|turn|15
|
|switch|p1a: Ambipom|Ambipom, F|204\/291 par
|move|p2a: Nidoking|Earth Power|p1a: Ambipom
|-damage|p1a: Ambipom|0 fnt
|faint|p1a: Ambipom
|
|
|switch|p1a: Chandelure|Chandelure, M|262\/262
|turn|16
|
|switch|p2a: Goodra|Goodra, M|384\/384
|move|p1a: Chandelure|Energy Ball|p2a: Goodra
|-resisted|p2a: Goodra
|-damage|p2a: Goodra|337\/384
|
|-heal|p2a: Goodra|361\/384|[from] item: Leftovers
|turn|17
|
|switch|p1a: Amoonguss|Amoonguss, F|299\/432
|move|p2a: Goodra|Draco Meteor|p1a: Amoonguss
|-damage|p1a: Amoonguss|92\/432
|-unboost|p2a: Goodra|spa|2
|
|-heal|p2a: Goodra|384\/384|[from] item: Leftovers
|-heal|p1a: Amoonguss|119\/432|[from] item: Black Sludge
|turn|18
|
|move|p2a: Goodra|Fire Blast|p1a: Amoonguss
|-supereffective|p1a: Amoonguss
|-damage|p1a: Amoonguss|0 fnt
|faint|p1a: Amoonguss
|
|
|switch|p1a: Chandelure|Chandelure, M|262\/262
|turn|19
|
|move|p1a: Chandelure|Flamethrower|p2a: Goodra
|-resisted|p2a: Goodra
|-damage|p2a: Goodra|304\/384
|move|p2a: Goodra|Draco Meteor|p1a: Chandelure
|-crit|p1a: Chandelure
|-damage|p1a: Chandelure|0 fnt
|-unboost|p2a: Goodra|spa|2
|faint|p1a: Chandelure
|
|win|leve
|raw|Ladder updating...
|raw|stel's rating: 1164 &rarr; <strong>1144<\/strong><br \/>(-20 for losing)
|raw|leve's rating: 1232 &rarr; <strong>1252<\/strong><br \/>(+20 for winning)
|leave|stel