|join|Savage Alby
|join|Niconico
|player|p1|Savage Alby|44
|player|p2|Niconico|102
|gametype|singles
|gen|6
|tier|OU
|rated
|clearpoke
|poke|p1|Metagross
|poke|p1|Azumarill, M
|poke|p1|Raikou, shiny
|poke|p1|Victini
|poke|p1|Mamoswine, M
|poke|p1|Keldeo
|poke|p2|Gengar, M
|poke|p2|Klefki, M
|poke|p2|Gyarados, M
|poke|p2|Landorus-Therian, M
|poke|p2|Heatran, M
|poke|p2|Seismitoad, F
|rule|Swagger Clause: Swagger is banned
|rule|Baton Pass Clause: Limit one PokÃ©mon knowing Baton Pass
|rule|Sleep Clause Mod: Limit one foe put to sleep
|rule|Species Clause: Limit one of each PokÃ©mon
|rule|OHKO Clause: OHKO moves are banned
|rule|Moody Clause: Moody is banned
|rule|Evasion Moves Clause: Evasion moves are banned
|rule|Endless Battle Clause: Forcing endless battles is banned
|rule|HP Percentage Mod: HP is shown in percentages
|teampreview
|
|start
|switch|p1a: Victini|Victini|341\/341
|switch|p2a: Seismitoad|Seismitoad, F|407\/407
|turn|1
|
|move|p1a: Victini|Grass Knot|p2a: Seismitoad
|-supereffective|p2a: Seismitoad
|-damage|p2a: Seismitoad|0 fnt
|faint|p2a: Seismitoad
|
|
|switch|p2a: Landorus-Therian|Landorus-Therian, M|319\/319
|-ability|p2a: Landorus-Therian|Intimidate|[of] p1a: Victini
|-unboost|p1a: Victini|atk|1
|turn|2
|
|move|p2a: Landorus-Therian|U-turn|p1a: Victini
|-damage|p1a: Victini|258\/341
|
|switch|p2a: Klefki|Klefki, M|318\/318
|move|p1a: Victini|Glaciate|p2a: Klefki
|-resisted|p2a: Klefki
|-damage|p2a: Klefki|291\/318
|-unboost|p2a: Klefki|spe|1
|
|turn|3
|
|switch|p1a: Mamoswine|Mamoswine, M|361\/361
|switch|p2a: Heatran|Heatran, M|385\/385
|
|turn|4
|
|switch|p2a: Gyarados|Gyarados, M|342\/342
|-ability|p2a: Gyarados|Intimidate|[of] p1a: Mamoswine
|-unboost|p1a: Mamoswine|atk|1
|move|p1a: Mamoswine|Stealth Rock|p2a: Gyarados
|-sidestart|p2: Niconico|move: Stealth Rock
|
|turn|5
|
|detailschange|p2a: Gyarados|Gyarados-Mega, M
|message|Gyarados has Mega Evolved into Mega Gyarados!
|-ability|p2a: Gyarados|Mold Breaker
|move|p1a: Mamoswine|Freeze-Dry|p2a: Gyarados
|-supereffective|p2a: Gyarados
|-damage|p2a: Gyarados|202\/342
|-damage|p1a: Mamoswine|325\/361|[from] item: Life Orb
|move|p2a: Gyarados|Dragon Dance|p2a: Gyarados
|-boost|p2a: Gyarados|atk|1
|-boost|p2a: Gyarados|spe|1
|
|turn|6
|
|move|p2a: Gyarados|Waterfall|p1a: Mamoswine
|-crit|p1a: Mamoswine
|-supereffective|p1a: Mamoswine
|-damage|p1a: Mamoswine|0 fnt
|faint|p1a: Mamoswine
|
|
|switch|p1a: Raikou|Raikou, shiny|321\/321
|-ability|p1a: Raikou|Pressure
|turn|7
|
|move|p1a: Raikou|Thunderbolt|p2a: Gyarados
|-supereffective|p2a: Gyarados
|-damage|p2a: Gyarados|0 fnt
|faint|p2a: Gyarados
|
|
|switch|p2a: Landorus-Therian|Landorus-Therian, M|319\/319
|-damage|p2a: Landorus-Therian|280\/319|[from] Stealth Rock
|-ability|p2a: Landorus-Therian|Intimidate|[of] p1a: Raikou
|-unboost|p1a: Raikou|atk|1
|turn|8
|
|switch|p1a: Victini|Victini|258\/341
|move|p2a: Landorus-Therian|Earthquake|p1a: Victini
|-supereffective|p1a: Victini
|-damage|p1a: Victini|0 fnt
|faint|p1a: Victini
|
|
|switch|p1a: Azumarill|Azumarill, M|347\/347
|turn|9
|
|move|p2a: Landorus-Therian|Earthquake|p1a: Azumarill
|-damage|p1a: Azumarill|127\/347
|-enditem|p1a: Azumarill|Sitrus Berry|[eat]
|-heal|p1a: Azumarill|213\/347|[from] item: Sitrus Berry
|move|p1a: Azumarill|Belly Drum|p1a: Azumarill
|-damage|p1a: Azumarill|40\/347
|-setboost|p1a: Azumarill|atk|6|[from] move: Belly Drum
|
|turn|10
|
|switch|p2a: Heatran|Heatran, M|385\/385
|-damage|p2a: Heatran|337\/385|[from] Stealth Rock
|move|p1a: Azumarill|Aqua Jet|p2a: Heatran
|-crit|p2a: Heatran
|-supereffective|p2a: Heatran
|-damage|p2a: Heatran|0 fnt
|faint|p2a: Heatran
|
|
|switch|p2a: Klefki|Klefki, M|291\/318
|-damage|p2a: Klefki|272\/318|[from] Stealth Rock
|turn|11
|
|move|p1a: Azumarill|Aqua Jet|p2a: Klefki
|-damage|p2a: Klefki|0 fnt
|faint|p2a: Klefki
|
|-message|Niconico forfeited.
|
|win|Savage Alby
|raw|Ladder updating...
|leave|Niconico
|player|p2