|join|Niconico
|join|Amir The LC player
|player|p1|Niconico|102
|player|p2|Amir The LC player|237
|gametype|singles
|gen|6
|tier|OU
|rated
|clearpoke
|poke|p1|Gengar, F
|poke|p1|Klefki, M
|poke|p1|Gyarados, M
|poke|p1|Landorus-Therian, M
|poke|p1|Heatran, M
|poke|p1|Seismitoad, M
|poke|p2|Scizor, M
|poke|p2|Diggersby, M
|poke|p2|Sylveon, F
|poke|p2|Mamoswine, F
|poke|p2|Greninja, M
|poke|p2|Latias, F
|rule|Swagger Clause: Swagger is banned
|rule|Baton Pass Clause: Limit one PokÃ©mon knowing Baton Pass
|rule|Sleep Clause Mod: Limit one foe put to sleep
|rule|Species Clause: Limit one of each PokÃ©mon
|rule|OHKO Clause: OHKO moves are banned
|rule|Moody Clause: Moody is banned
|rule|Evasion Moves Clause: Evasion moves are banned
|rule|Endless Battle Clause: Forcing endless battles is banned
|rule|HP Percentage Mod: HP is shown in percentages
|teampreview
|
|start
|switch|p1a: Seismitoad|Seismitoad, M|407\/407
|switch|p2a: Mamoswine|Mamoswine, F|361\/361
|turn|1
|
|move|p2a: Mamoswine|Stealth Rock|p1a: Seismitoad
|-sidestart|p1: Niconico|move: Stealth Rock
|move|p1a: Seismitoad|Stealth Rock|p2a: Mamoswine
|-sidestart|p2: Amir The LC player|move: Stealth Rock
|
|turn|2
|
|move|p2a: Mamoswine|Icicle Spear|p1a: Seismitoad
|-damage|p1a: Seismitoad|356\/407
|-damage|p1a: Seismitoad|309\/407
|-damage|p1a: Seismitoad|258\/407
|-hitcount|p1a: Seismitoad|3
|-damage|p2a: Mamoswine|325\/361|[from] item: Life Orb
|move|p1a: Seismitoad|Scald|p2a: Mamoswine
|-supereffective|p2a: Mamoswine
|-damage|p2a: Mamoswine|65\/361
|-status|p2a: Mamoswine|brn
|
|-heal|p1a: Seismitoad|283\/407|[from] item: Leftovers
|-damage|p2a: Mamoswine|20\/361 brn|[from] brn
|turn|3
|
|switch|p1a: Gengar|Gengar, F|261\/261
|-damage|p1a: Gengar|229\/261|[from] Stealth Rock
|move|p2a: Mamoswine|Icicle Spear|p1a: Gengar
|-damage|p1a: Gengar|182\/261
|-damage|p1a: Gengar|138\/261
|-damage|p1a: Gengar|98\/261
|-hitcount|p1a: Gengar|3
|-damage|p2a: Mamoswine|0 fnt|[from] item: Life Orb
|faint|p2a: Mamoswine
|
|join|Savage Alby
|
|switch|p2a: Greninja|Greninja, M|285\/285
|-damage|p2a: Greninja|250\/285|[from] Stealth Rock
|turn|4
|
|switch|p1a: Klefki|Klefki, M|318\/318
|-damage|p1a: Klefki|299\/318|[from] Stealth Rock
|move|p2a: Greninja|Extrasensory|p1a: Klefki
|-start|p2a: Greninja|typechange|Psychic|[from] Protean
|-resisted|p1a: Klefki
|-damage|p1a: Klefki|233\/318
|-damage|p2a: Greninja|222\/285|[from] item: Life Orb
|
|turn|5
|
|switch|p2a: Diggersby|Diggersby, M|311\/311
|-damage|p2a: Diggersby|292\/311|[from] Stealth Rock
|move|p1a: Klefki|Spikes|p2a: Diggersby
|-sidestart|p2: Amir The LC player|Spikes
|
|turn|6
|
|move|p1a: Klefki|Magnet Rise|p1a: Klefki
|-start|p1a: Klefki|Magnet Rise
|move|p2a: Diggersby|Fire Punch|p1a: Klefki
|-supereffective|p1a: Klefki
|-damage|p1a: Klefki|0 fnt
|-damage|p2a: Diggersby|261\/311|[from] item: Life Orb
|faint|p1a: Klefki
|
|
|switch|p1a: Gengar|Gengar, F|98\/261
|-damage|p1a: Gengar|66\/261|[from] Stealth Rock
|turn|7
|
|switch|p2a: Latias|Latias, F|301\/301
|-damage|p2a: Latias|264\/301|[from] Stealth Rock
|move|p1a: Gengar|Focus Blast|p2a: Latias|[miss]
|-miss|p1a: Gengar|p2a: Latias
|
|turn|8
|
|move|p2a: Latias|Psyshock|p1a: Gengar
|-supereffective|p1a: Gengar
|-damage|p1a: Gengar|0 fnt
|faint|p1a: Gengar
|
|
|switch|p1a: Gyarados|Gyarados, M|342\/342
|-damage|p1a: Gyarados|257\/342|[from] Stealth Rock
|-ability|p1a: Gyarados|Intimidate|[of] p2a: Latias
|-unboost|p2a: Latias|atk|1
|turn|9
|
|switch|p2a: Sylveon|Sylveon, F|392\/392
|-damage|p2a: Sylveon|343\/392|[from] Stealth Rock
|-damage|p2a: Sylveon|294\/392|[from] Spikes
|move|p1a: Gyarados|Dragon Dance|p1a: Gyarados
|-boost|p1a: Gyarados|atk|1
|-boost|p1a: Gyarados|spe|1
|
|turn|10
|
|move|p1a: Gyarados|Waterfall|p2a: Sylveon
|-damage|p2a: Sylveon|0 fnt
|faint|p2a: Sylveon
|
|
|switch|p2a: Latias|Latias, F|264\/301
|-damage|p2a: Latias|227\/301|[from] Stealth Rock
|turn|11
|
|detailschange|p1a: Gyarados|Gyarados-Mega, M
|message|Gyarados has Mega Evolved into Mega Gyarados!
|-ability|p1a: Gyarados|Mold Breaker
|move|p2a: Latias|Draco Meteor|p1a: Gyarados
|-crit|p1a: Gyarados
|-damage|p1a: Gyarados|0 fnt
|-unboost|p2a: Latias|spa|2
|faint|p1a: Gyarados
|
|
|switch|p1a: Landorus-Therian|Landorus-Therian, M|319\/319
|-damage|p1a: Landorus-Therian|280\/319|[from] Stealth Rock
|-ability|p1a: Landorus-Therian|Intimidate|[of] p2a: Latias
|-unboost|p2a: Latias|atk|1
|turn|12
|
|switch|p2a: Diggersby|Diggersby, M|261\/311
|-damage|p2a: Diggersby|223\/311|[from] Spikes
|-damage|p2a: Diggersby|204\/311|[from] Stealth Rock
|move|p1a: Landorus-Therian|Earthquake|p2a: Diggersby
|-damage|p2a: Diggersby|0 fnt
|faint|p2a: Diggersby
|
|
|switch|p2a: Scizor|Scizor, M|307\/307
|-damage|p2a: Scizor|269\/307|[from] Spikes
|-damage|p2a: Scizor|231\/307|[from] Stealth Rock
|turn|13
|
|switch|p1a: Seismitoad|Seismitoad, M|283\/407
|-damage|p1a: Seismitoad|258\/407|[from] Stealth Rock
|detailschange|p2a: Scizor|Scizor-Mega, M
|message|Scizor has Mega Evolved into Mega Scizor!
|move|p2a: Scizor|Swords Dance|p2a: Scizor
|-boost|p2a: Scizor|atk|2
|
|-heal|p1a: Seismitoad|283\/407|[from] item: Leftovers
|turn|14
|
|move|p2a: Scizor|Bug Bite|p1a: Seismitoad
|-damage|p1a: Seismitoad|0 fnt
|faint|p1a: Seismitoad
|
|
|switch|p1a: Heatran|Heatran, M|385\/385
|-damage|p1a: Heatran|337\/385|[from] Stealth Rock
|turn|15
|
|move|p1a: Heatran|Lava Plume|p2a: Scizor
|-supereffective|p2a: Scizor
|-damage|p2a: Scizor|0 fnt
|faint|p2a: Scizor
|
|-heal|p1a: Heatran|361\/385|[from] item: Leftovers
|
|switch|p2a: Greninja|Greninja, M|222\/285
|-damage|p2a: Greninja|187\/285|[from] Spikes
|-damage|p2a: Greninja|152\/285|[from] Stealth Rock
|turn|16
|
|move|p2a: Greninja|Low Kick|p1a: Heatran
|-start|p2a: Greninja|typechange|Fighting|[from] Protean
|-supereffective|p1a: Heatran
|-damage|p1a: Heatran|0 fnt
|-damage|p2a: Greninja|124\/285|[from] item: Life Orb
|faint|p1a: Heatran
|
|
|switch|p1a: Landorus-Therian|Landorus-Therian, M|280\/319
|-damage|p1a: Landorus-Therian|241\/319|[from] Stealth Rock
|-ability|p1a: Landorus-Therian|Intimidate|[of] p2a: Greninja
|-unboost|p2a: Greninja|atk|1
|turn|17
|c|âNiconico|gg
|
|move|p1a: Landorus-Therian|Knock Off|p2a: Greninja
|-crit|p2a: Greninja
|-resisted|p2a: Greninja
|-damage|p2a: Greninja|0 fnt
|-enditem|p2a: Greninja|Life Orb|[from] move: Knock Off|[of] p1a: Landorus-Therian
|faint|p2a: Greninja
|
|c|âAmir The LC player|gg
|
|switch|p2a: Latias|Latias, F|227\/301
|-damage|p2a: Latias|190\/301|[from] Stealth Rock
|turn|18
|
|move|p2a: Latias|Draco Meteor|p1a: Landorus-Therian
|-damage|p1a: Landorus-Therian|3\/319
|-unboost|p2a: Latias|spa|2
|move|p1a: Landorus-Therian|Knock Off|p2a: Latias
|-supereffective|p2a: Latias
|-damage|p2a: Latias|0 fnt
|-enditem|p2a: Latias|Choice Scarf|[from] move: Knock Off|[of] p1a: Landorus-Therian
|faint|p2a: Latias
|
|win|Niconico
|raw|Ladder updating...
|c|âAmir The LC player|WOW
|c|âAmir The LC player|wow...
|raw|Niconico's rating: 1662 &rarr; <strong>1684<\/strong><br \/>(+22 for winning)
|raw|Amir The LC player's rating: 1688 &rarr; <strong>1666<\/strong><br \/>(-22 for losing)
|c|âAmir The LC player|ofc
|c|âAmir The LC player|a mon roll
|c|âAmir The LC player|min*
|leave|Savage Alby