|join|Niconico
|join|Acidneeds
|player|p1|Niconico|2
|player|p2|Acidneeds|11
|gametype|singles
|gen|6
|tier|OU
|rated
|clearpoke
|poke|p1|Gengar, F
|poke|p1|Klefki, M
|poke|p1|Gyarados, F
|poke|p1|Landorus-Therian, M
|poke|p1|Heatran, F
|poke|p1|Seismitoad, F
|poke|p2|Clefable, M
|poke|p2|Ferrothorn, M
|poke|p2|Sableye, F
|poke|p2|Talonflame, M
|poke|p2|Starmie
|poke|p2|Gliscor, M
|rule|Swagger Clause: Swagger is banned
|rule|Baton Pass Clause: Limit one PokÃ©mon knowing Baton Pass
|rule|Sleep Clause Mod: Limit one foe put to sleep
|rule|Species Clause: Limit one of each PokÃ©mon
|rule|OHKO Clause: OHKO moves are banned
|rule|Moody Clause: Moody is banned
|rule|Evasion Moves Clause: Evasion moves are banned
|rule|Endless Battle Clause: Forcing endless battles is banned
|rule|HP Percentage Mod: HP is shown in percentages
|teampreview
|
|start
|switch|p1a: Seismitoad|Seismitoad, F|407\/407
|switch|p2a: Gliscor|Gliscor, M|354\/354
|turn|1
|
|switch|p2a: Sableye|Sableye, F|304\/304
|move|p1a: Seismitoad|Scald|p2a: Sableye
|-damage|p2a: Sableye|178\/304
|
|turn|2
|
|move|p2a: Sableye|Calm Mind|p2a: Sableye
|-boost|p2a: Sableye|spa|1
|-boost|p2a: Sableye|spd|1
|move|p1a: Seismitoad|Scald|p2a: Sableye
|-damage|p2a: Sableye|103\/304
|
|turn|3
|
|detailschange|p2a: Sableye|Sableye-Mega, F
|message|Sableye has Mega Evolved into Mega Sableye!
|move|p2a: Sableye|Recover|p2a: Sableye
|-heal|p2a: Sableye|255\/304
|move|p1a: Seismitoad|Stealth Rock|p2a: Sableye
|move|p2a: Sableye|Stealth Rock|p1a: Seismitoad|[from]Magic Bounce
|-sidestart|p1: Niconico|move: Stealth Rock
|
|turn|4
|
|switch|p1a: Klefki|Klefki, M|318\/318
|-damage|p1a: Klefki|299\/318|[from] Stealth Rock
|move|p2a: Sableye|Calm Mind|p2a: Sableye
|-boost|p2a: Sableye|spa|1
|-boost|p2a: Sableye|spd|1
|
|turn|5
|
|switch|p2a: Ferrothorn|Ferrothorn, M|352\/352
|move|p1a: Klefki|Play Rough|p2a: Ferrothorn|[miss]
|-miss|p1a: Klefki|p2a: Ferrothorn
|
|turn|6
|
|move|p1a: Klefki|Spikes|p2a: Ferrothorn
|-sidestart|p2: Acidneeds|Spikes
|move|p2a: Ferrothorn|Spikes|p1a: Klefki
|-sidestart|p1: Niconico|Spikes
|
|turn|7
|
|switch|p1a: Heatran|Heatran, F|385\/385
|-damage|p1a: Heatran|337\/385|[from] Spikes
|-damage|p1a: Heatran|289\/385|[from] Stealth Rock
|move|p2a: Ferrothorn|Spikes|p1a: Heatran
|-sidestart|p1: Niconico|Spikes
|
|-heal|p1a: Heatran|313\/385|[from] item: Leftovers
|turn|8
|
|switch|p2a: Starmie|Starmie|323\/323
|-damage|p2a: Starmie|283\/323|[from] Spikes
|move|p1a: Heatran|Lava Plume|p2a: Starmie
|-resisted|p2a: Starmie
|-damage|p2a: Starmie|223\/323
|
|-heal|p2a: Starmie|243\/323|[from] item: Leftovers
|-heal|p1a: Heatran|337\/385|[from] item: Leftovers
|turn|9
|
|move|p2a: Starmie|Scald|p1a: Heatran
|-supereffective|p1a: Heatran
|-damage|p1a: Heatran|187\/385
|move|p1a: Heatran|Toxic|p2a: Starmie|[miss]
|-miss|p1a: Heatran|p2a: Starmie
|
|-heal|p2a: Starmie|263\/323|[from] item: Leftovers
|-heal|p1a: Heatran|211\/385|[from] item: Leftovers
|turn|10
|
|switch|p1a: Gengar|Gengar, F|261\/261
|-damage|p1a: Gengar|229\/261|[from] Stealth Rock
|move|p2a: Starmie|Scald|p1a: Gengar
|-damage|p1a: Gengar|112\/261
|
|-heal|p2a: Starmie|283\/323|[from] item: Leftovers
|turn|11
|
|move|p2a: Starmie|Scald|p1a: Gengar
|-damage|p1a: Gengar|0 fnt
|faint|p1a: Gengar
|
|-heal|p2a: Starmie|303\/323|[from] item: Leftovers
|
|switch|p1a: Landorus-Therian|Landorus-Therian, M|319\/319
|-damage|p1a: Landorus-Therian|280\/319|[from] Stealth Rock
|-ability|p1a: Landorus-Therian|Intimidate|[of] p2a: Starmie
|-unboost|p2a: Starmie|atk|1
|turn|12
|
|switch|p2a: Sableye|Sableye-Mega, F|255\/304
|-damage|p2a: Sableye|217\/304|[from] Spikes
|move|p1a: Landorus-Therian|U-turn|p2a: Sableye
|-damage|p2a: Sableye|166\/304
|
|switch|p1a: Gyarados|Gyarados, F|342\/342
|-damage|p1a: Gyarados|257\/342|[from] Stealth Rock
|-ability|p1a: Gyarados|Intimidate|[of] p2a: Sableye
|-unboost|p2a: Sableye|atk|1
|
|turn|13
|
|detailschange|p1a: Gyarados|Gyarados-Mega, F
|message|Gyarados has Mega Evolved into Mega Gyarados!
|-ability|p1a: Gyarados|Mold Breaker
|move|p1a: Gyarados|Substitute|p1a: Gyarados
|-start|p1a: Gyarados|Substitute
|-damage|p1a: Gyarados|172\/342
|move|p2a: Sableye|Will-O-Wisp|p1a: Gyarados
|
|turn|14
|
|switch|p2a: Clefable|Clefable, M|394\/394
|move|p1a: Gyarados|Dragon Dance|p1a: Gyarados
|-boost|p1a: Gyarados|atk|1
|-boost|p1a: Gyarados|spe|1
|
|turn|15
|
|move|p1a: Gyarados|Waterfall|p2a: Clefable
|-damage|p2a: Clefable|94\/394
|move|p2a: Clefable|Moonblast|p1a: Gyarados
|-supereffective|p1a: Gyarados
|-end|p1a: Gyarados|Substitute
|
|-heal|p2a: Clefable|118\/394|[from] item: Leftovers
|turn|16
|
|move|p1a: Gyarados|Substitute|p1a: Gyarados
|-start|p1a: Gyarados|Substitute
|-damage|p1a: Gyarados|87\/342
|move|p2a: Clefable|Moonblast|p1a: Gyarados
|-crit|p1a: Gyarados
|-supereffective|p1a: Gyarados
|-end|p1a: Gyarados|Substitute
|
|-heal|p2a: Clefable|142\/394|[from] item: Leftovers
|turn|17
|
|switch|p2a: Ferrothorn|Ferrothorn, M|352\/352
|-damage|p2a: Ferrothorn|308\/352|[from] Spikes
|move|p1a: Gyarados|Waterfall|p2a: Ferrothorn
|-resisted|p2a: Ferrothorn
|-damage|p2a: Ferrothorn|227\/352
|-damage|p1a: Gyarados|45\/342|[from] ability: Iron Barbs|[of] p2a: Ferrothorn
|
|-heal|p2a: Ferrothorn|249\/352|[from] item: Leftovers
|turn|18
|
|move|p1a: Gyarados|Crunch|p2a: Ferrothorn
|-damage|p2a: Ferrothorn|83\/352
|-damage|p1a: Gyarados|3\/342|[from] ability: Iron Barbs|[of] p2a: Ferrothorn
|move|p2a: Ferrothorn|Leech Seed|p1a: Gyarados
|-start|p1a: Gyarados|move: Leech Seed
|
|-heal|p2a: Ferrothorn|105\/352|[from] item: Leftovers
|-damage|p1a: Gyarados|0 fnt|[from] Leech Seed|[of] p2a: Ferrothorn
|-heal|p2a: Ferrothorn|108\/352|[silent]
|faint|p1a: Gyarados
|
|switch|p1a: Heatran|Heatran, F|211\/385
|-damage|p1a: Heatran|147\/385|[from] Spikes
|-damage|p1a: Heatran|99\/385|[from] Stealth Rock
|turn|19
|
|move|p2a: Ferrothorn|Protect|p2a: Ferrothorn
|-singleturn|p2a: Ferrothorn|Protect
|move|p1a: Heatran|Lava Plume|p2a: Ferrothorn
|-activate|p2a: Ferrothorn|Protect
|
|-heal|p1a: Heatran|123\/385|[from] item: Leftovers
|-heal|p2a: Ferrothorn|130\/352|[from] item: Leftovers
|turn|20
|
|switch|p1a: Landorus-Therian|Landorus-Therian, M|280\/319
|-damage|p1a: Landorus-Therian|241\/319|[from] Stealth Rock
|-ability|p1a: Landorus-Therian|Intimidate|[of] p2a: Ferrothorn
|-unboost|p2a: Ferrothorn|atk|1
|switch|p2a: Starmie|Starmie|303\/323
|-damage|p2a: Starmie|263\/323|[from] Spikes
|
|-heal|p2a: Starmie|283\/323|[from] item: Leftovers
|turn|21
|
|switch|p2a: Sableye|Sableye-Mega, F|166\/304
|-damage|p2a: Sableye|128\/304|[from] Spikes
|move|p1a: Landorus-Therian|Knock Off|p2a: Sableye
|-damage|p2a: Sableye|79\/304
|
|turn|22
|
|switch|p1a: Heatran|Heatran, F|123\/385
|-damage|p1a: Heatran|59\/385|[from] Spikes
|-damage|p1a: Heatran|11\/385|[from] Stealth Rock
|move|p2a: Sableye|Recover|p2a: Sableye
|-heal|p2a: Sableye|231\/304
|
|-heal|p1a: Heatran|35\/385|[from] item: Leftovers
|turn|23
|
|switch|p2a: Starmie|Starmie|283\/323
|-damage|p2a: Starmie|243\/323|[from] Spikes
|move|p1a: Heatran|Lava Plume|p2a: Starmie
|-resisted|p2a: Starmie
|-damage|p2a: Starmie|174\/323
|
|-heal|p2a: Starmie|194\/323|[from] item: Leftovers
|-heal|p1a: Heatran|59\/385|[from] item: Leftovers
|turn|24
|
|move|p2a: Starmie|Scald|p1a: Heatran
|-supereffective|p1a: Heatran
|-damage|p1a: Heatran|0 fnt
|faint|p1a: Heatran
|
|-heal|p2a: Starmie|214\/323|[from] item: Leftovers
|
|switch|p1a: Landorus-Therian|Landorus-Therian, M|241\/319
|-damage|p1a: Landorus-Therian|202\/319|[from] Stealth Rock
|-ability|p1a: Landorus-Therian|Intimidate|[of] p2a: Starmie
|-unboost|p2a: Starmie|atk|1
|turn|25
|
|switch|p2a: Sableye|Sableye-Mega, F|231\/304
|-damage|p2a: Sableye|193\/304|[from] Spikes
|move|p1a: Landorus-Therian|U-turn|p2a: Sableye
|-damage|p2a: Sableye|133\/304
|-message|Niconico lost due to inactivity.
|
|win|Acidneeds
|raw|Ladder updating...
|raw|Niconico's rating: 1694 &rarr; <strong>1673<\/strong><br \/>(-21 for losing)
|raw|Acidneeds's rating: 1678 &rarr; <strong>1699<\/strong><br \/>(+21 for winning)
|leave|Niconico
|player|p1