|join|Niconico
|join|Effect
|player|p1|Niconico|266
|player|p2|Effect|17
|gametype|singles
|gen|6
|tier|OU
|rated
|clearpoke
|poke|p1|Clefable, F
|poke|p1|Metagross
|poke|p1|Garchomp, M
|poke|p1|Tornadus-Therian, M
|poke|p1|Keldeo-Resolute
|poke|p1|Rotom-Mow
|poke|p2|Meganium, M
|poke|p2|Scizor, M
|poke|p2|Clefable, F
|poke|p2|Conkeldurr, F
|poke|p2|Rotom-Wash
|poke|p2|Pidgeot, F
|rule|Swagger Clause: Swagger is banned
|rule|Baton Pass Clause: Limit one PokÃ©mon knowing Baton Pass
|rule|Sleep Clause Mod: Limit one foe put to sleep
|rule|Species Clause: Limit one of each PokÃ©mon
|rule|OHKO Clause: OHKO moves are banned
|rule|Moody Clause: Moody is banned
|rule|Evasion Moves Clause: Evasion moves are banned
|rule|Endless Battle Clause: Forcing endless battles is banned
|rule|HP Percentage Mod: HP is shown in percentages
|teampreview
|
|start
|switch|p1a: Rotom-Mow|Rotom-Mow|241\/241
|switch|p2a: Rotom-Wash|Rotom-Wash|242\/242
|turn|1
|
|move|p1a: Rotom-Mow|Volt Switch|p2a: Rotom-Wash
|-damage|p2a: Rotom-Wash|142\/242
|
|switch|p1a: Clefable|Clefable, F|393\/393
|move|p2a: Rotom-Wash|Volt Switch|p1a: Clefable
|-damage|p1a: Clefable|299\/393
|
|switch|p2a: Scizor|Scizor, M|282\/282
|
|-heal|p1a: Clefable|323\/393|[from] item: Leftovers
|turn|2
|
|switch|p1a: Keldeo-Resolute|Keldeo-Resolute|323\/323
|move|p2a: Scizor|Bullet Punch|p1a: Keldeo-Resolute
|-resisted|p1a: Keldeo-Resolute
|-damage|p1a: Keldeo-Resolute|219\/323
|
|turn|3
|
|switch|p2a: Clefable|Clefable, F|394\/394
|move|p1a: Keldeo-Resolute|Scald|p2a: Clefable
|-damage|p2a: Clefable|232\/394
|
|turn|4
|
|switch|p1a: Clefable|Clefable, F|323\/393
|move|p2a: Clefable|Moonblast|p1a: Clefable
|-damage|p1a: Clefable|233\/393
|
|-heal|p1a: Clefable|257\/393|[from] item: Leftovers
|turn|5
|
|move|p1a: Clefable|Wish|p1a: Clefable
|move|p2a: Clefable|Moonblast|p1a: Clefable
|-damage|p1a: Clefable|169\/393
|
|-heal|p1a: Clefable|193\/393|[from] item: Leftovers
|turn|6
|
|switch|p2a: Scizor|Scizor, M|282\/282
|move|p1a: Clefable|Protect|p1a: Clefable
|-fail|p1a: Clefable
|
|-heal|p1a: Clefable|389\/393|[from] move: Wish|[wisher] Clefable
|-heal|p1a: Clefable|393\/393|[from] item: Leftovers
|turn|7
|
|move|p1a: Clefable|Protect|p1a: Clefable
|-singleturn|p1a: Clefable|Protect
|move|p2a: Scizor|U-turn|p1a: Clefable
|-activate|p1a: Clefable|Protect
|
|turn|8
|
|move|p2a: Scizor|U-turn|p1a: Clefable
|-crit|p1a: Clefable
|-resisted|p1a: Clefable
|-damage|p1a: Clefable|199\/393
|
|switch|p2a: Pidgeot|Pidgeot, F|308\/308
|move|p1a: Clefable|Moonblast|p2a: Pidgeot
|-damage|p2a: Pidgeot|152\/308
|
|-heal|p1a: Clefable|223\/393|[from] item: Leftovers
|turn|9
|
|detailschange|p2a: Pidgeot|Pidgeot-Mega, F
|-mega|p2a: Pidgeot|Pidgeot|Pidgeotite
|move|p2a: Pidgeot|Roost|p2a: Pidgeot
|-heal|p2a: Pidgeot|306\/308
|move|p1a: Clefable|Wish|p1a: Clefable
|
|-heal|p1a: Clefable|247\/393|[from] item: Leftovers
|turn|10
|
|move|p2a: Pidgeot|Hurricane|p1a: Clefable
|-damage|p1a: Clefable|94\/393
|move|p1a: Clefable|Moonblast|p2a: Pidgeot
|-damage|p2a: Pidgeot|188\/308
|
|-heal|p1a: Clefable|290\/393|[from] move: Wish|[wisher] Clefable
|-heal|p1a: Clefable|314\/393|[from] item: Leftovers
|turn|11
|
|move|p2a: Pidgeot|Hurricane|p1a: Clefable
|-damage|p1a: Clefable|163\/393
|move|p1a: Clefable|Wish|p1a: Clefable
|
|-heal|p1a: Clefable|187\/393|[from] item: Leftovers
|turn|12
|
|move|p1a: Clefable|Protect|p1a: Clefable
|-singleturn|p1a: Clefable|Protect
|move|p2a: Pidgeot|Roost|p2a: Pidgeot
|-heal|p2a: Pidgeot|308\/308
|
|-heal|p1a: Clefable|383\/393|[from] move: Wish|[wisher] Clefable
|-heal|p1a: Clefable|393\/393|[from] item: Leftovers
|turn|13
|
|switch|p2a: Scizor|Scizor, M|282\/282
|move|p1a: Clefable|Moonblast|p2a: Scizor
|-resisted|p2a: Scizor
|-damage|p2a: Scizor|230\/282
|
|turn|14
|
|move|p1a: Clefable|Protect|p1a: Clefable
|-singleturn|p1a: Clefable|Protect
|move|p2a: Scizor|Bullet Punch|p1a: Clefable
|-activate|p1a: Clefable|Protect
|
|turn|15
|
|switch|p2a: Rotom-Wash|Rotom-Wash|142\/242
|switch|p1a: Metagross|Metagross|321\/321
|
|turn|16
|
|switch|p1a: Rotom-Mow|Rotom-Mow|241\/241
|move|p2a: Rotom-Wash|Will-O-Wisp|p1a: Rotom-Mow|[miss]
|-miss|p2a: Rotom-Wash|p1a: Rotom-Mow
|
|turn|17
|
|switch|p2a: Pidgeot|Pidgeot-Mega, F|308\/308
|move|p1a: Rotom-Mow|Leaf Storm|p2a: Pidgeot
|-resisted|p2a: Pidgeot
|-damage|p2a: Pidgeot|183\/308
|-unboost|p1a: Rotom-Mow|spa|2
|
|turn|18
|
|switch|p1a: Clefable|Clefable, F|393\/393
|move|p2a: Pidgeot|Hurricane|p1a: Clefable
|-damage|p1a: Clefable|233\/393
|-start|p1a: Clefable|confusion
|
|-heal|p1a: Clefable|257\/393|[from] item: Leftovers
|turn|19
|
|move|p2a: Pidgeot|Hurricane|p1a: Clefable
|-damage|p1a: Clefable|83\/393
|-activate|p1a: Clefable|confusion
|move|p1a: Clefable|Wish|p1a: Clefable
|
|-heal|p1a: Clefable|107\/393|[from] item: Leftovers
|turn|20
|
|switch|p1a: Tornadus-Therian|Tornadus-Therian, M|337\/337
|move|p2a: Pidgeot|Hurricane|p1a: Tornadus-Therian
|-damage|p1a: Tornadus-Therian|190\/337
|-start|p1a: Tornadus-Therian|confusion
|
|-heal|p1a: Tornadus-Therian|337\/337|[from] move: Wish|[wisher] Clefable
|turn|21
|
|-activate|p1a: Tornadus-Therian|confusion
|-damage|p1a: Tornadus-Therian|299\/337|[from] confusion
|move|p2a: Pidgeot|Hurricane|p1a: Tornadus-Therian
|-damage|p1a: Tornadus-Therian|139\/337
|
|turn|22
|
|switch|p2a: Rotom-Wash|Rotom-Wash|142\/242
|-activate|p1a: Tornadus-Therian|confusion
|-damage|p1a: Tornadus-Therian|103\/337|[from] confusion
|
|turn|23
|
|switch|p1a: Rotom-Mow|Rotom-Mow|241\/241
|move|p2a: Rotom-Wash|Volt Switch|p1a: Rotom-Mow
|-resisted|p1a: Rotom-Mow
|-damage|p1a: Rotom-Mow|215\/241
|
|switch|p2a: Conkeldurr|Conkeldurr, F|351\/351
|
|turn|24
|
|move|p1a: Rotom-Mow|Trick|p2a: Conkeldurr
|-activate|p1a: Rotom-Mow|move: Trick|[of] p2a: Conkeldurr
|-item|p2a: Conkeldurr|Choice Scarf|[from] move: Trick
|-item|p1a: Rotom-Mow|Leftovers|[from] move: Trick
|move|p2a: Conkeldurr|Knock Off|p1a: Rotom-Mow
|-damage|p1a: Rotom-Mow|125\/241
|-enditem|p1a: Rotom-Mow|Leftovers|[from] move: Knock Off|[of] p2a: Conkeldurr
|
|turn|25
|
|move|p1a: Rotom-Mow|Volt Switch|p2a: Conkeldurr
|-damage|p2a: Conkeldurr|230\/351
|
|switch|p1a: Clefable|Clefable, F|107\/393
|move|p2a: Conkeldurr|Knock Off|p1a: Clefable
|-resisted|p1a: Clefable
|-damage|p1a: Clefable|48\/393
|-enditem|p1a: Clefable|Leftovers|[from] move: Knock Off|[of] p2a: Conkeldurr
|
|turn|26
|
|move|p2a: Conkeldurr|Knock Off|p1a: Clefable
|-resisted|p1a: Clefable
|-damage|p1a: Clefable|6\/393
|move|p1a: Clefable|Wish|p1a: Clefable
|
|turn|27
|
|switch|p2a: Scizor|Scizor, M|230\/282
|move|p1a: Clefable|Protect|p1a: Clefable
|-fail|p1a: Clefable
|
|-heal|p1a: Clefable|202\/393|[from] move: Wish|[wisher] Clefable
|turn|28
|
|move|p1a: Clefable|Protect|p1a: Clefable
|-singleturn|p1a: Clefable|Protect
|move|p2a: Scizor|Bullet Punch|p1a: Clefable
|-activate|p1a: Clefable|Protect
|
|turn|29
|
|move|p2a: Scizor|Bullet Punch|p1a: Clefable
|-supereffective|p1a: Clefable
|-damage|p1a: Clefable|0 fnt
|faint|p1a: Clefable
|
|
|switch|p1a: Garchomp|Garchomp, M|357\/357
|turn|30
|
|switch|p2a: Conkeldurr|Conkeldurr, F|230\/351
|move|p1a: Garchomp|Stealth Rock|p2a: Conkeldurr
|-sidestart|p2: Effect|move: Stealth Rock
|
|turn|31
|
|move|p1a: Garchomp|Draco Meteor|p2a: Conkeldurr
|-damage|p2a: Conkeldurr|4\/351
|-unboost|p1a: Garchomp|spa|2
|-damage|p1a: Garchomp|322\/357|[from] item: Life Orb
|move|p2a: Conkeldurr|Knock Off|p1a: Garchomp
|-damage|p1a: Garchomp|211\/357
|-damage|p2a: Conkeldurr|0 fnt|[from] ability: Rough Skin|[of] p1a: Garchomp
|faint|p2a: Conkeldurr
|
|
|switch|p2a: Pidgeot|Pidgeot-Mega, F|183\/308
|-damage|p2a: Pidgeot|106\/308|[from] Stealth Rock
|turn|32
|
|switch|p1a: Rotom-Mow|Rotom-Mow|125\/241
|move|p2a: Pidgeot|Roost|p2a: Pidgeot
|-heal|p2a: Pidgeot|260\/308
|
|turn|33
|
|move|p2a: Pidgeot|Hurricane|p1a: Rotom-Mow
|-damage|p1a: Rotom-Mow|0 fnt
|faint|p1a: Rotom-Mow
|
|
|switch|p1a: Metagross|Metagross|321\/321
|turn|34
|
|detailschange|p1a: Metagross|Metagross-Mega
|-mega|p1a: Metagross|Metagross|Metagrossite
|move|p2a: Pidgeot|Heat Wave|p1a: Metagross
|-supereffective|p1a: Metagross
|-damage|p1a: Metagross|97\/321
|move|p1a: Metagross|Zen Headbutt|p2a: Pidgeot
|-damage|p2a: Pidgeot|0 fnt
|faint|p2a: Pidgeot
|
|
|switch|p2a: Rotom-Wash|Rotom-Wash|142\/242
|-damage|p2a: Rotom-Wash|112\/242|[from] Stealth Rock
|turn|35
|
|move|p2a: Rotom-Wash|Hydro Pump|p1a: Metagross
|-damage|p1a: Metagross|0 fnt
|faint|p1a: Metagross
|
|
|switch|p1a: Keldeo-Resolute|Keldeo-Resolute|219\/323
|turn|36
|
|switch|p2a: Meganium|Meganium, M|302\/302
|-damage|p2a: Meganium|265\/302|[from] Stealth Rock
|move|p1a: Keldeo-Resolute|Scald|p2a: Meganium
|-resisted|p2a: Meganium
|-damage|p2a: Meganium|163\/302
|
|turn|37
|
|switch|p1a: Tornadus-Therian|Tornadus-Therian, M|215\/337
|move|p2a: Meganium|Dragon Tail|p1a: Tornadus-Therian
|-damage|p1a: Tornadus-Therian|151\/337
|drag|p1a: Keldeo-Resolute|Keldeo-Resolute|219\/323
|
|turn|38
|
|move|p1a: Keldeo-Resolute|Secret Sword|p2a: Meganium
|-damage|p2a: Meganium|0 fnt
|faint|p2a: Meganium
|
|
|switch|p2a: Clefable|Clefable, F|232\/394
|turn|39
|
|switch|p1a: Tornadus-Therian|Tornadus-Therian, M|263\/337
|move|p2a: Clefable|Moonblast|p1a: Tornadus-Therian
|-damage|p1a: Tornadus-Therian|184\/337
|
|turn|40
|
|move|p1a: Tornadus-Therian|Hurricane|p2a: Clefable
|-damage|p2a: Clefable|120\/394
|-start|p2a: Clefable|confusion
|-activate|p2a: Clefable|confusion
|move|p2a: Clefable|Charge Beam|p1a: Tornadus-Therian
|-supereffective|p1a: Tornadus-Therian
|-damage|p1a: Tornadus-Therian|124\/337
|
|turn|41
|
|switch|p1a: Garchomp|Garchomp, M|211\/357
|-activate|p2a: Clefable|confusion
|move|p2a: Clefable|Moonblast|p1a: Garchomp
|-supereffective|p1a: Garchomp
|-damage|p1a: Garchomp|0 fnt
|faint|p1a: Garchomp
|
|
|switch|p1a: Keldeo-Resolute|Keldeo-Resolute|219\/323
|turn|42
|
|move|p1a: Keldeo-Resolute|Scald|p2a: Clefable
|-damage|p2a: Clefable|0 fnt
|faint|p2a: Clefable
|
|
|switch|p2a: Rotom-Wash|Rotom-Wash|112\/242
|-damage|p2a: Rotom-Wash|82\/242|[from] Stealth Rock
|turn|43
|
|move|p2a: Rotom-Wash|Volt Switch|p1a: Keldeo-Resolute
|-supereffective|p1a: Keldeo-Resolute
|-damage|p1a: Keldeo-Resolute|0 fnt
|faint|p1a: Keldeo-Resolute
|
|switch|p2a: Scizor|Scizor, M|230\/282
|-damage|p2a: Scizor|195\/282|[from] Stealth Rock
|
|-message|Niconico forfeited.
|leave|Niconico
|c|âEffect|gg
|
|win|Effect
|raw|Ladder updating...
|player|p1
|raw|Niconico's rating: 1664 &rarr; <strong>1633<\/strong><br \/>(-31 for losing)
|raw|Effect's rating: 1427 &rarr; <strong>1459<\/strong><br \/>(+32 for winning)