|join|Reverb
|join|Niconico
|player|p1|Reverb|#reverb
|player|p2|Niconico|1
|gametype|singles
|gen|6
|tier|OU
|rated
|clearpoke
|poke|p1|Charizard, F, shiny
|poke|p1|Venusaur, F, shiny
|poke|p1|Tyranitar, M
|poke|p1|Excadrill, M
|poke|p1|Ferrothorn, M
|poke|p1|Keldeo
|poke|p2|Latios, M
|poke|p2|Magnezone, shiny
|poke|p2|Landorus-Therian, M
|poke|p2|Gardevoir, M, shiny
|poke|p2|Keldeo-Resolute
|poke|p2|Kyurem-Black, shiny
|rule|Swagger Clause: Swagger is banned
|rule|Baton Pass Clause: Limit one PokÃ©mon knowing Baton Pass
|rule|Sleep Clause Mod: Limit one foe put to sleep
|rule|Species Clause: Limit one of each PokÃ©mon
|rule|OHKO Clause: OHKO moves are banned
|rule|Moody Clause: Moody is banned
|rule|Evasion Moves Clause: Evasion moves are banned
|rule|Endless Battle Clause: Forcing endless battles is banned
|rule|HP Percentage Mod: HP is shown in percentages
|teampreview
|join|I Iike Squirtles
|join|Dragonite VII
|join|weeslayer
|
|start
|switch|p1a: Charizard|Charizard, F, shiny|297\/297
|switch|p2a: Gravity Guy|Landorus-Therian, M|371\/371
|-ability|p2a: Gravity Guy|Intimidate|[of] p1a: Charizard
|-unboost|p1a: Charizard|atk|1
|turn|1
|
|switch|p2a: Jotaro|Latios, M|301\/301
|detailschange|p1a: Charizard|Charizard-Mega-Y, F, shiny
|-mega|p1a: Charizard|Charizard|Charizardite Y
|-weather|SunnyDay
|move|p1a: Charizard|Flamethrower|p2a: Jotaro
|-resisted|p2a: Jotaro
|-damage|p2a: Jotaro|166\/301
|
|-weather|SunnyDay|[upkeep]
|turn|2
|
|move|p2a: Jotaro|Draco Meteor|p1a: Charizard
|-damage|p1a: Charizard|16\/297
|-unboost|p2a: Jotaro|spa|2
|-damage|p2a: Jotaro|136\/301|[from] item: Life Orb
|move|p1a: Charizard|Roost|p1a: Charizard
|-heal|p1a: Charizard|165\/297
|
|-weather|SunnyDay|[upkeep]
|turn|3
|
|move|p2a: Jotaro|Draco Meteor|p1a: Charizard
|-damage|p1a: Charizard|25\/297
|-unboost|p2a: Jotaro|spa|2
|-damage|p2a: Jotaro|106\/301|[from] item: Life Orb
|move|p1a: Charizard|Roost|p1a: Charizard
|-heal|p1a: Charizard|174\/297
|
|-weather|SunnyDay|[upkeep]
|turn|4
|c| Dragonite VII|Some nice jojo bizarre adventure
|c| Dragonite VII|nb nb
|
|switch|p2a: Torappu Desu~|Magnezone, shiny|283\/283
|move|p1a: Charizard|Roost|p1a: Charizard
|-heal|p1a: Charizard|297\/297
|
|-weather|SunnyDay|[upkeep]
|turn|5
|
|switch|p2a: Jotaro|Latios, M|106\/301
|switch|p1a: Excadrill|Excadrill, M|361\/361
|
|-weather|none
|turn|6
|
|switch|p1a: Ferrothorn|Ferrothorn, M|352\/352
|move|p2a: Jotaro|Earthquake|p1a: Ferrothorn
|-damage|p1a: Ferrothorn|291\/352
|-damage|p2a: Jotaro|76\/301|[from] item: Life Orb
|
|-heal|p1a: Ferrothorn|313\/352|[from] item: Leftovers
|turn|7
|
|switch|p2a: Torappu Desu~|Magnezone, shiny|283\/283
|move|p1a: Ferrothorn|Stealth Rock|p2a: Torappu Desu~
|-sidestart|p2: Niconico|move: Stealth Rock
|
|-heal|p1a: Ferrothorn|335\/352|[from] item: Leftovers
|turn|8
|
|move|p1a: Ferrothorn|Protect|p1a: Ferrothorn
|-singleturn|p1a: Ferrothorn|Protect
|move|p2a: Torappu Desu~|Hidden Power|p1a: Ferrothorn
|-activate|p1a: Ferrothorn|Protect
|
|-heal|p1a: Ferrothorn|352\/352|[from] item: Leftovers
|turn|9
|
|move|p2a: Torappu Desu~|Hidden Power|p1a: Ferrothorn
|-supereffective|p1a: Ferrothorn
|-damage|p1a: Ferrothorn|132\/352
|move|p1a: Ferrothorn|Leech Seed|p2a: Torappu Desu~
|-start|p2a: Torappu Desu~|move: Leech Seed
|
|-heal|p1a: Ferrothorn|154\/352|[from] item: Leftovers
|-damage|p2a: Torappu Desu~|248\/283|[from] Leech Seed|[of] p1a: Ferrothorn
|-heal|p1a: Ferrothorn|189\/352|[silent]
|turn|10
|
|move|p1a: Ferrothorn|Protect|p1a: Ferrothorn
|-singleturn|p1a: Ferrothorn|Protect
|move|p2a: Torappu Desu~|Hidden Power|p1a: Ferrothorn
|-activate|p1a: Ferrothorn|Protect
|
|-heal|p1a: Ferrothorn|211\/352|[from] item: Leftovers
|-damage|p2a: Torappu Desu~|213\/283|[from] Leech Seed|[of] p1a: Ferrothorn
|-heal|p1a: Ferrothorn|246\/352|[silent]
|turn|11
|
|move|p2a: Torappu Desu~|Hidden Power|p1a: Ferrothorn
|-supereffective|p1a: Ferrothorn
|-damage|p1a: Ferrothorn|34\/352
|move|p1a: Ferrothorn|Gyro Ball|p2a: Torappu Desu~
|-resisted|p2a: Torappu Desu~
|-damage|p2a: Torappu Desu~|174\/283
|
|-heal|p1a: Ferrothorn|56\/352|[from] item: Leftovers
|-damage|p2a: Torappu Desu~|139\/283|[from] Leech Seed|[of] p1a: Ferrothorn
|-heal|p1a: Ferrothorn|91\/352|[silent]
|turn|12
|
|switch|p2a: Gravity Guy|Landorus-Therian, M|371\/371
|-damage|p2a: Gravity Guy|325\/371|[from] Stealth Rock
|-ability|p2a: Gravity Guy|Intimidate|[of] p1a: Ferrothorn
|-unboost|p1a: Ferrothorn|atk|1
|move|p1a: Ferrothorn|Protect|p1a: Ferrothorn
|-fail|p1a: Ferrothorn
|
|-heal|p2a: Gravity Guy|348\/371|[from] item: Leftovers
|-heal|p1a: Ferrothorn|113\/352|[from] item: Leftovers
|turn|13
|
|move|p2a: Gravity Guy|Rock Slide|p1a: Ferrothorn
|-resisted|p1a: Ferrothorn
|-damage|p1a: Ferrothorn|87\/352
|move|p1a: Ferrothorn|Leech Seed|p2a: Gravity Guy
|-start|p2a: Gravity Guy|move: Leech Seed
|
|-heal|p2a: Gravity Guy|371\/371|[from] item: Leftovers
|-heal|p1a: Ferrothorn|109\/352|[from] item: Leftovers
|-damage|p2a: Gravity Guy|325\/371|[from] Leech Seed|[of] p1a: Ferrothorn
|-heal|p1a: Ferrothorn|155\/352|[silent]
|turn|14
|c| weeslayer|how come you have a dragonite beside you?
|c|âReverb|bc lance_dnite
|c|âReverb|is dope
|c|âReverb|*lance+dnite
|c|âReverb|also im a global mod
|c| Dragonite VII|Its also cause he worships me
|c|âReverb|so i can get a custom avi
|c| Dragonite VII|peep the name
|c| Dragonite VII|<---
|
|move|p2a: Gravity Guy|Stealth Rock|p1a: Ferrothorn
|-sidestart|p1: Reverb|move: Stealth Rock
|move|p1a: Ferrothorn|Gyro Ball|p2a: Gravity Guy
|-damage|p2a: Gravity Guy|223\/371
|
|-heal|p2a: Gravity Guy|246\/371|[from] item: Leftovers
|-heal|p1a: Ferrothorn|177\/352|[from] item: Leftovers
|-damage|p2a: Gravity Guy|200\/371|[from] Leech Seed|[of] p1a: Ferrothorn
|-heal|p1a: Ferrothorn|223\/352|[silent]
|turn|15
|c| weeslayer|ohh
|
|switch|p2a: Torappu Desu~|Magnezone, shiny|139\/283
|-damage|p2a: Torappu Desu~|122\/283|[from] Stealth Rock
|move|p1a: Ferrothorn|Leech Seed|p2a: Torappu Desu~|[miss]
|-miss|p1a: Ferrothorn|p2a: Torappu Desu~
|
|-heal|p1a: Ferrothorn|245\/352|[from] item: Leftovers
|turn|16
|
|move|p1a: Ferrothorn|Protect|p1a: Ferrothorn
|-singleturn|p1a: Ferrothorn|Protect
|move|p2a: Torappu Desu~|Hidden Power|p1a: Ferrothorn
|-activate|p1a: Ferrothorn|Protect
|
|-heal|p1a: Ferrothorn|267\/352|[from] item: Leftovers
|turn|17
|
|move|p2a: Torappu Desu~|Hidden Power|p1a: Ferrothorn
|-supereffective|p1a: Ferrothorn
|-damage|p1a: Ferrothorn|35\/352
|move|p1a: Ferrothorn|Leech Seed|p2a: Torappu Desu~
|-start|p2a: Torappu Desu~|move: Leech Seed
|
|-heal|p1a: Ferrothorn|57\/352|[from] item: Leftovers
|-damage|p2a: Torappu Desu~|87\/283|[from] Leech Seed|[of] p1a: Ferrothorn
|-heal|p1a: Ferrothorn|92\/352|[silent]
|turn|18
|
|move|p1a: Ferrothorn|Protect|p1a: Ferrothorn
|-singleturn|p1a: Ferrothorn|Protect
|move|p2a: Torappu Desu~|Hidden Power|p1a: Ferrothorn
|-activate|p1a: Ferrothorn|Protect
|
|-heal|p1a: Ferrothorn|114\/352|[from] item: Leftovers
|-damage|p2a: Torappu Desu~|52\/283|[from] Leech Seed|[of] p1a: Ferrothorn
|-heal|p1a: Ferrothorn|149\/352|[silent]
|turn|19
|
|move|p1a: Ferrothorn|Protect|p1a: Ferrothorn
|-fail|p1a: Ferrothorn
|move|p2a: Torappu Desu~|Hidden Power|p1a: Ferrothorn
|-supereffective|p1a: Ferrothorn
|-damage|p1a: Ferrothorn|0 fnt
|faint|p1a: Ferrothorn
|
|join|fingerscrossed
|
|switch|p1a: Charizard|Charizard-Mega-Y, F, shiny|297\/297
|-damage|p1a: Charizard|149\/297|[from] Stealth Rock
|-weather|SunnyDay
|turn|20
|
|switch|p2a: Jotaro|Latios, M|76\/301
|-damage|p2a: Jotaro|39\/301|[from] Stealth Rock
|move|p1a: Charizard|Roost|p1a: Charizard
|-heal|p1a: Charizard|297\/297
|
|-weather|SunnyDay|[upkeep]
|turn|21
|
|move|p2a: Jotaro|Draco Meteor|p1a: Charizard
|-damage|p1a: Charizard|36\/297
|-unboost|p2a: Jotaro|spa|2
|-damage|p2a: Jotaro|9\/301|[from] item: Life Orb
|move|p1a: Charizard|Roost|p1a: Charizard
|-heal|p1a: Charizard|185\/297
|
|-weather|SunnyDay|[upkeep]
|turn|22
|
|move|p2a: Jotaro|Draco Meteor|p1a: Charizard
|-damage|p1a: Charizard|45\/297
|-unboost|p2a: Jotaro|spa|2
|-damage|p2a: Jotaro|0 fnt|[from] item: Life Orb
|faint|p2a: Jotaro
|move|p1a: Charizard|Roost|p1a: Charizard
|-heal|p1a: Charizard|194\/297
|
|-weather|SunnyDay|[upkeep]
|
|switch|p2a: Torappu Desu~|Magnezone, shiny|52\/283
|-damage|p2a: Torappu Desu~|35\/283|[from] Stealth Rock
|turn|23
|
|switch|p1a: Tyranitar|Tyranitar, M|382\/382
|-damage|p1a: Tyranitar|335\/382|[from] Stealth Rock
|-weather|Sandstorm
|move|p2a: Torappu Desu~|Hidden Power|p1a: Tyranitar
|-resisted|p1a: Tyranitar
|-damage|p1a: Tyranitar|311\/382
|
|-weather|Sandstorm|[upkeep]
|turn|24
|join|iplaytennislol
|
|move|p1a: Tyranitar|Pursuit|p2a: Torappu Desu~|[from]Pursuit
|-damage|p2a: Torappu Desu~|0 fnt
|faint|p2a: Torappu Desu~
|
|-weather|Sandstorm|[upkeep]
|join|Colbrushie
|
|switch|p2a: Justice|Keldeo-Resolute|323\/323
|-damage|p2a: Justice|303\/323|[from] Stealth Rock
|turn|25
|c| Colbrushie|Douga
|leave|Colbrushie
|
|switch|p1a: Venusaur|Venusaur, F, shiny|319\/319
|-damage|p1a: Venusaur|280\/319|[from] Stealth Rock
|move|p2a: Justice|Hydro Pump|p1a: Venusaur|[miss]
|-miss|p2a: Justice|p1a: Venusaur
|
|-weather|Sandstorm|[upkeep]
|-damage|p2a: Justice|283\/323|[from] sandstorm
|-damage|p1a: Venusaur|261\/319|[from] sandstorm
|turn|26
|
|switch|p2a: Kyurem-Niggar|Kyurem-Black, shiny|391\/391
|-damage|p2a: Kyurem-Niggar|294\/391|[from] Stealth Rock
|-ability|p2a: Kyurem-Niggar|Teravolt
|move|p1a: Venusaur|Giga Drain|p2a: Kyurem-Niggar
|-resisted|p2a: Kyurem-Niggar
|-damage|p2a: Kyurem-Niggar|206\/391
|-heal|p1a: Venusaur|305\/319|[from] drain|[of] p2a: Kyurem-Niggar
|-damage|p1a: Venusaur|274\/319|[from] item: Life Orb
|
|-weather|Sandstorm|[upkeep]
|-damage|p2a: Kyurem-Niggar|182\/391|[from] sandstorm
|-damage|p1a: Venusaur|255\/319|[from] sandstorm
|turn|27
|
|switch|p1a: Keldeo|Keldeo|323\/323
|-damage|p1a: Keldeo|303\/323|[from] Stealth Rock
|move|p2a: Kyurem-Niggar|Dragon Claw|p1a: Keldeo
|-damage|p1a: Keldeo|108\/323
|
|-weather|none
|turn|28
|
|switch|p2a: Justice|Keldeo-Resolute|283\/323
|-damage|p2a: Justice|263\/323|[from] Stealth Rock
|move|p1a: Keldeo|Secret Sword|p2a: Justice
|-damage|p2a: Justice|73\/323
|
|turn|29
|join|TCW
|join|PikachuCandy
|
|move|p1a: Keldeo|Secret Sword|p2a: Justice
|-damage|p2a: Justice|0 fnt
|faint|p2a: Justice
|
|
|switch|p2a: Black Veil Bride|Gardevoir, M, shiny|277\/277
|-damage|p2a: Black Veil Bride|243\/277|[from] Stealth Rock
|-ability|p2a: Black Veil Bride|Justified|[from] ability: Trace|[of] p1a: Keldeo
|turn|30
|c| IPLAYTENNISLOL|HI TCW
|
|switch|p1a: Tyranitar|Tyranitar, M|311\/382
|-damage|p1a: Tyranitar|264\/382|[from] Stealth Rock
|-weather|Sandstorm
|detailschange|p2a: Black Veil Bride|Gardevoir-Mega, M, shiny
|-mega|p2a: Black Veil Bride|Gardevoir|Gardevoirite
|move|p2a: Black Veil Bride|Substitute|p2a: Black Veil Bride
|-start|p2a: Black Veil Bride|Substitute
|-damage|p2a: Black Veil Bride|174\/277
|
|-weather|Sandstorm|[upkeep]
|-damage|p2a: Black Veil Bride|157\/277|[from] sandstorm
|turn|31
|c| PikachuCandy|missed calls
|
|move|p2a: Black Veil Bride|Hyper Voice|p1a: Tyranitar
|-supereffective|p1a: Tyranitar
|-damage|p1a: Tyranitar|0 fnt
|faint|p1a: Tyranitar
|
|-weather|Sandstorm|[upkeep]
|-damage|p2a: Black Veil Bride|140\/277|[from] sandstorm
|
|switch|p1a: Excadrill|Excadrill, M|361\/361
|-damage|p1a: Excadrill|350\/361|[from] Stealth Rock
|turn|32
|c| IPLAYTENNISLOL|+TCW joined
|c| IPLAYTENNISLOL|%IPLAYTENNISLOL: HI TCW
|c| IPLAYTENNISLOL|+TCW left
|
|move|p1a: Excadrill|Iron Head|p2a: Black Veil Bride
|-supereffective|p2a: Black Veil Bride
|-end|p2a: Black Veil Bride|Substitute
|-damage|p1a: Excadrill|314\/361|[from] item: Life Orb
|move|p2a: Black Veil Bride|Psyshock|p1a: Excadrill
|-resisted|p1a: Excadrill
|-damage|p1a: Excadrill|178\/361
|
|-weather|Sandstorm|[upkeep]
|-damage|p2a: Black Veil Bride|123\/277|[from] sandstorm
|turn|33
|
|switch|p2a: Gravity Guy|Landorus-Therian, M|200\/371
|-damage|p2a: Gravity Guy|154\/371|[from] Stealth Rock
|-ability|p2a: Gravity Guy|Intimidate|[of] p1a: Excadrill
|-unboost|p1a: Excadrill|atk|1
|move|p1a: Excadrill|Iron Head|p2a: Gravity Guy
|-damage|p2a: Gravity Guy|20\/371
|-damage|p1a: Excadrill|142\/361|[from] item: Life Orb
|
|-weather|Sandstorm|[upkeep]
|-heal|p2a: Gravity Guy|43\/371|[from] item: Leftovers
|turn|34
|c| PikachuCandy|lewl
|join|Bloodz
|
|move|p1a: Excadrill|Iron Head|p2a: Gravity Guy
|-damage|p2a: Gravity Guy|0 fnt
|-damage|p1a: Excadrill|106\/361|[from] item: Life Orb
|faint|p2a: Gravity Guy
|
|-weather|none
|
|switch|p2a: Kyurem-Niggar|Kyurem-Black, shiny|182\/391
|-damage|p2a: Kyurem-Niggar|85\/391|[from] Stealth Rock
|-ability|p2a: Kyurem-Niggar|Teravolt
|turn|35
|join|Jefo
|
|move|p2a: Kyurem-Niggar|Dragon Claw|p1a: Excadrill
|-resisted|p1a: Excadrill
|-damage|p1a: Excadrill|0 fnt
|faint|p1a: Excadrill
|
|
|switch|p1a: Charizard|Charizard-Mega-Y, F, shiny|194\/297
|-damage|p1a: Charizard|46\/297|[from] Stealth Rock
|-weather|SunnyDay
|turn|36
|join|MTL Manectric
|c| weeslayer|ohh this is dual weather team
|
|move|p2a: Kyurem-Niggar|Dragon Claw|p1a: Charizard
|-damage|p1a: Charizard|0 fnt
|faint|p1a: Charizard
|
|-weather|SunnyDay|[upkeep]
|
|switch|p1a: Venusaur|Venusaur, F, shiny|255\/319
|-damage|p1a: Venusaur|216\/319|[from] Stealth Rock
|turn|37
|c| weeslayer|i just realized
|
|move|p1a: Venusaur|Sludge Bomb|p2a: Kyurem-Niggar
|-damage|p2a: Kyurem-Niggar|0 fnt
|-damage|p1a: Venusaur|185\/319|[from] item: Life Orb
|faint|p2a: Kyurem-Niggar
|
|-weather|SunnyDay|[upkeep]
|c| MTL Manectric|its ox's team
|join|Montsegur
|c| MTL Manectric|fuckin destroys
|
|switch|p2a: Black Veil Bride|Gardevoir-Mega, M, shiny|123\/277
|-damage|p2a: Black Veil Bride|89\/277|[from] Stealth Rock
|turn|38
|c|âNiconico|gg
|c| PikachuCandy|that name tho
|-message|Niconico forfeited.
|
|win|Reverb
|raw|Ladder updating...
|leave|Niconico
|player|p2
|join|Apathos
|raw|Reverb's rating: 1657 &rarr; <strong>1673<\/strong><br \/>(+16 for winning)
|raw|Niconico's rating: 1583 &rarr; <strong>1567<\/strong><br \/>(-16 for losing)
|leave|iPlAyTeNnIsLoL
|leave|Jefo
|c|âReverb|gg
|leave|Bloodz