|join|Cienight
|join|Niconico
|player|p1|Cienight|84
|player|p2|Niconico|266
|gametype|singles
|gen|6
|tier|OU
|rated
|clearpoke
|poke|p1|Azumarill, F
|poke|p1|Ferrothorn, M
|poke|p1|Landorus-Therian, M, shiny
|poke|p1|Latias, F
|poke|p1|Charizard, M
|poke|p1|Mew
|poke|p2|Clefable, F
|poke|p2|Metagross
|poke|p2|Garchomp, M
|poke|p2|Tornadus-Therian, M
|poke|p2|Keldeo-Resolute
|poke|p2|Rotom-Mow
|rule|Swagger Clause: Swagger is banned
|rule|Baton Pass Clause: Limit one PokÃ©mon knowing Baton Pass
|rule|Sleep Clause Mod: Limit one foe put to sleep
|rule|Species Clause: Limit one of each PokÃ©mon
|rule|OHKO Clause: OHKO moves are banned
|rule|Moody Clause: Moody is banned
|rule|Evasion Moves Clause: Evasion moves are banned
|rule|Endless Battle Clause: Forcing endless battles is banned
|rule|HP Percentage Mod: HP is shown in percentages
|teampreview
|join|Mechanicore
|leave|Mechanicore
|
|start
|switch|p1a: Mew|Mew|403\/403
|switch|p2a: Tornadus-Therian|Tornadus-Therian, M|337\/337
|turn|1
|
|move|p2a: Tornadus-Therian|U-turn|p1a: Mew
|-supereffective|p1a: Mew
|-damage|p1a: Mew|295\/403
|
|switch|p2a: Rotom-Mow|Rotom-Mow|241\/241
|move|p1a: Mew|Knock Off|p2a: Rotom-Mow
|-damage|p2a: Rotom-Mow|173\/241
|-enditem|p2a: Rotom-Mow|Choice Scarf|[from] move: Knock Off|[of] p1a: Mew
|
|-heal|p1a: Mew|320\/403|[from] item: Leftovers
|turn|2
|join|Rokaro
|join|u got slowbro'ed
|
|move|p2a: Rotom-Mow|Will-O-Wisp|p1a: Mew
|-status|p1a: Mew|brn
|-status|p2a: Rotom-Mow|brn
|move|p1a: Mew|Will-O-Wisp|p2a: Rotom-Mow
|-fail|p2a: Rotom-Mow|brn
|
|-heal|p1a: Mew|345\/403 brn|[from] item: Leftovers
|-damage|p2a: Rotom-Mow|143\/241 brn|[from] brn
|-damage|p1a: Mew|295\/403 brn|[from] brn
|turn|3
|
|move|p2a: Rotom-Mow|Trick|p1a: Mew
|-activate|p2a: Rotom-Mow|move: Trick|[of] p1a: Mew
|-item|p2a: Rotom-Mow|Leftovers|[from] move: Trick
|move|p1a: Mew|Roost|p1a: Mew
|-heal|p1a: Mew|403\/403 brn
|
|-heal|p2a: Rotom-Mow|158\/241 brn|[from] item: Leftovers
|-damage|p2a: Rotom-Mow|128\/241 brn|[from] brn
|-damage|p1a: Mew|353\/403 brn|[from] brn
|turn|4
|
|move|p2a: Rotom-Mow|Volt Switch|p1a: Mew
|-damage|p1a: Mew|257\/403 brn
|
|switch|p2a: Clefable|Clefable, F|393\/393
|move|p1a: Mew|Roost|p1a: Mew
|-heal|p1a: Mew|403\/403 brn
|
|-damage|p1a: Mew|353\/403 brn|[from] brn
|turn|5
|
|switch|p2a: Rotom-Mow|Rotom-Mow|128\/241 brn
|move|p1a: Mew|Taunt|p2a: Rotom-Mow
|-start|p2a: Rotom-Mow|move: Taunt
|
|-heal|p2a: Rotom-Mow|143\/241 brn|[from] item: Leftovers
|-damage|p2a: Rotom-Mow|113\/241 brn|[from] brn
|-damage|p1a: Mew|303\/403 brn|[from] brn
|turn|6
|
|move|p2a: Rotom-Mow|Volt Switch|p1a: Mew
|-damage|p1a: Mew|213\/403 brn
|
|switch|p2a: Tornadus-Therian|Tornadus-Therian, M|337\/337
|move|p1a: Mew|Roost|p1a: Mew
|-heal|p1a: Mew|403\/403 brn
|
|-damage|p1a: Mew|353\/403 brn|[from] brn
|turn|7
|
|move|p2a: Tornadus-Therian|Hurricane|p1a: Mew|[miss]
|-miss|p2a: Tornadus-Therian|p1a: Mew
|move|p1a: Mew|Will-O-Wisp|p2a: Tornadus-Therian
|-status|p2a: Tornadus-Therian|brn
|
|-damage|p2a: Tornadus-Therian|295\/337 brn|[from] brn
|-damage|p1a: Mew|303\/403 brn|[from] brn
|turn|8
|
|move|p2a: Tornadus-Therian|Hurricane|p1a: Mew
|-damage|p1a: Mew|168\/403 brn
|move|p1a: Mew|Roost|p1a: Mew
|-heal|p1a: Mew|370\/403 brn
|
|-damage|p2a: Tornadus-Therian|253\/337 brn|[from] brn
|-damage|p1a: Mew|320\/403 brn|[from] brn
|turn|9
|
|move|p2a: Tornadus-Therian|Hurricane|p1a: Mew
|-damage|p1a: Mew|193\/403 brn
|-start|p1a: Mew|confusion
|-activate|p1a: Mew|confusion
|move|p1a: Mew|Roost|p1a: Mew
|-heal|p1a: Mew|395\/403 brn
|
|-damage|p2a: Tornadus-Therian|211\/337 brn|[from] brn
|-damage|p1a: Mew|345\/403 brn|[from] brn
|turn|10
|
|switch|p1a: Ferrothorn|Ferrothorn, M|349\/349
|move|p2a: Tornadus-Therian|U-turn|p1a: Ferrothorn
|-crit|p1a: Ferrothorn
|-damage|p1a: Ferrothorn|322\/349
|-damage|p2a: Tornadus-Therian|169\/337 brn|[from] ability: Iron Barbs|[of] p1a: Ferrothorn
|
|switch|p2a: Garchomp|Garchomp, M|357\/357
|
|-heal|p1a: Ferrothorn|343\/349|[from] item: Leftovers
|turn|11
|
|move|p2a: Garchomp|Stealth Rock|p1a: Ferrothorn
|-sidestart|p1: Cienight|move: Stealth Rock
|move|p1a: Ferrothorn|Leech Seed|p2a: Garchomp
|-start|p2a: Garchomp|move: Leech Seed
|
|-heal|p1a: Ferrothorn|349\/349|[from] item: Leftovers
|-damage|p2a: Garchomp|313\/357|[from] Leech Seed|[of] p1a: Ferrothorn
|turn|12
|
|move|p2a: Garchomp|Fire Blast|p1a: Ferrothorn
|-supereffective|p1a: Ferrothorn
|-damage|p1a: Ferrothorn|0 fnt
|-damage|p2a: Garchomp|278\/357|[from] item: Life Orb
|faint|p1a: Ferrothorn
|
|
|switch|p1a: Latias|Latias, F|301\/301
|-damage|p1a: Latias|264\/301|[from] Stealth Rock
|turn|13
|leave|Rokaro
|
|move|p1a: Latias|Defog|p2a: Garchomp
|-unboost|p2a: Garchomp|evasion|1
|-sideend|p1: Cienight|Stealth Rock|[from] move: Defog|[of] p1a: Latias
|move|p2a: Garchomp|Draco Meteor|p1a: Latias
|-supereffective|p1a: Latias
|-damage|p1a: Latias|0 fnt
|-unboost|p2a: Garchomp|spa|2
|-damage|p2a: Garchomp|243\/357|[from] item: Life Orb
|faint|p1a: Latias
|
|
|switch|p1a: Charizard|Charizard, M|315\/315
|turn|14
|
|move|p2a: Garchomp|Stealth Rock|p1a: Charizard
|-sidestart|p1: Cienight|move: Stealth Rock
|move|p1a: Charizard|Dragon Dance|p1a: Charizard
|-boost|p1a: Charizard|atk|1
|-boost|p1a: Charizard|spe|1
|
|-damage|p2a: Garchomp|199\/357|[from] Leech Seed|[of] p1a: Charizard
|turn|15
|
|switch|p2a: Keldeo-Resolute|Keldeo-Resolute|323\/323
|move|p1a: Charizard|Dragon Dance|p1a: Charizard
|-boost|p1a: Charizard|atk|1
|-boost|p1a: Charizard|spe|1
|
|turn|16
|
|detailschange|p1a: Charizard|Charizard-Mega-X, M
|-mega|p1a: Charizard|Charizard|Charizardite X
|move|p1a: Charizard|Dragon Claw|p2a: Keldeo-Resolute
|-damage|p2a: Keldeo-Resolute|0 fnt
|faint|p2a: Keldeo-Resolute
|
|
|switch|p2a: Metagross|Metagross|321\/321
|turn|17
|
|detailschange|p2a: Metagross|Metagross-Mega
|-mega|p2a: Metagross|Metagross|Metagrossite
|move|p1a: Charizard|Flare Blitz|p2a: Metagross
|-crit|p2a: Metagross
|-supereffective|p2a: Metagross
|-damage|p2a: Metagross|0 fnt
|-damage|p1a: Charizard|209\/315|[from] recoil|[of] p2a: Metagross
|faint|p2a: Metagross
|
|
|switch|p2a: Garchomp|Garchomp, M|199\/357
|turn|18
|
|move|p1a: Charizard|Dragon Claw|p2a: Garchomp
|-supereffective|p2a: Garchomp
|-damage|p2a: Garchomp|0 fnt
|-damage|p1a: Charizard|170\/315|[from] ability: Rough Skin|[of] p2a: Garchomp
|faint|p2a: Garchomp
|
|
|switch|p2a: Clefable|Clefable, F|393\/393
|turn|19
|
|move|p1a: Charizard|Roost|p1a: Charizard
|-heal|p1a: Charizard|315\/315
|move|p2a: Clefable|Moonblast|p1a: Charizard
|-damage|p1a: Charizard|197\/315
|
|turn|20
|join|Reverend
|
|move|p1a: Charizard|Flare Blitz|p2a: Clefable
|-damage|p2a: Clefable|63\/393
|-damage|p1a: Charizard|88\/315|[from] recoil|[of] p2a: Clefable
|move|p2a: Clefable|Moonblast|p1a: Charizard
|-damage|p1a: Charizard|0 fnt
|faint|p1a: Charizard
|
|-heal|p2a: Clefable|87\/393|[from] item: Leftovers
|c|âNiconico|nah
|c| Reverend|donked
|
|switch|p1a: Azumarill|Azumarill, F|381\/381
|-damage|p1a: Azumarill|334\/381|[from] Stealth Rock
|turn|21
|c|âNiconico|i forgot unaware
|c|âNiconico|D:
|
|move|p1a: Azumarill|Waterfall|p2a: Clefable
|-damage|p2a: Clefable|0 fnt
|faint|p2a: Clefable
|
|
|switch|p2a: Rotom-Mow|Rotom-Mow|113\/241 brn
|turn|22
|leave|u got slowbro'ed
|
|switch|p1a: Landorus-Therian|Landorus-Therian, M, shiny|325\/325
|-damage|p1a: Landorus-Therian|285\/325|[from] Stealth Rock
|-ability|p1a: Landorus-Therian|Intimidate|[of] p2a: Rotom-Mow
|-unboost|p2a: Rotom-Mow|atk|1
|move|p2a: Rotom-Mow|Leaf Storm|p1a: Landorus-Therian
|-crit|p1a: Landorus-Therian
|-damage|p1a: Landorus-Therian|0 fnt
|-unboost|p2a: Rotom-Mow|spa|2
|faint|p1a: Landorus-Therian
|
|-heal|p2a: Rotom-Mow|128\/241 brn|[from] item: Leftovers
|-damage|p2a: Rotom-Mow|98\/241 brn|[from] brn
|
|switch|p1a: Mew|Mew|345\/403 brn
|-damage|p1a: Mew|295\/403 brn|[from] Stealth Rock
|turn|23
|
|move|p2a: Rotom-Mow|Volt Switch|p1a: Mew
|-damage|p1a: Mew|246\/403 brn
|
|switch|p2a: Tornadus-Therian|Tornadus-Therian, M|281\/337 brn
|move|p1a: Mew|Roost|p1a: Mew
|-heal|p1a: Mew|403\/403 brn
|
|-damage|p2a: Tornadus-Therian|239\/337 brn|[from] brn
|-damage|p1a: Mew|353\/403 brn|[from] brn
|turn|24
|
|move|p2a: Tornadus-Therian|Hurricane|p1a: Mew
|-damage|p1a: Mew|217\/403 brn
|-start|p1a: Mew|confusion
|-activate|p1a: Mew|confusion
|move|p1a: Mew|Knock Off|p2a: Tornadus-Therian
|-damage|p2a: Tornadus-Therian|192\/337 brn
|-enditem|p2a: Tornadus-Therian|Assault Vest|[from] move: Knock Off|[of] p1a: Mew
|
|-damage|p2a: Tornadus-Therian|150\/337 brn|[from] brn
|-damage|p1a: Mew|167\/403 brn|[from] brn
|turn|25
|
|switch|p1a: Azumarill|Azumarill, F|334\/381
|-damage|p1a: Azumarill|287\/381|[from] Stealth Rock
|move|p2a: Tornadus-Therian|Hurricane|p1a: Azumarill
|-damage|p1a: Azumarill|89\/381
|
|-damage|p2a: Tornadus-Therian|108\/337 brn|[from] brn
|turn|26
|
|move|p1a: Azumarill|Aqua Jet|p2a: Tornadus-Therian
|-damage|p2a: Tornadus-Therian|0 fnt
|faint|p2a: Tornadus-Therian
|
|
|switch|p2a: Rotom-Mow|Rotom-Mow|98\/241 brn
|turn|27
|
|switch|p1a: Mew|Mew|167\/403 brn
|-damage|p1a: Mew|117\/403 brn|[from] Stealth Rock
|move|p2a: Rotom-Mow|Volt Switch|p1a: Mew
|-damage|p1a: Mew|29\/403 brn
|
|-heal|p2a: Rotom-Mow|113\/241 brn|[from] item: Leftovers
|-damage|p2a: Rotom-Mow|83\/241 brn|[from] brn
|-damage|p1a: Mew|0 fnt|[from] brn
|faint|p1a: Mew
|
|switch|p1a: Azumarill|Azumarill, F|89\/381
|-damage|p1a: Azumarill|42\/381|[from] Stealth Rock
|turn|28
|
|move|p1a: Azumarill|Aqua Jet|p2a: Rotom-Mow
|-resisted|p2a: Rotom-Mow
|-damage|p2a: Rotom-Mow|27\/241 brn
|move|p2a: Rotom-Mow|Volt Switch|p1a: Azumarill
|-crit|p1a: Azumarill
|-supereffective|p1a: Azumarill
|-damage|p1a: Azumarill|0 fnt
|faint|p1a: Azumarill
|
|win|Niconico
|raw|Ladder updating...
|raw|Cienight's rating: 1701 &rarr; <strong>1679<\/strong><br \/>(-22 for losing)
|raw|Niconico's rating: 1654 &rarr; <strong>1677<\/strong><br \/>(+23 for winning)
|leave|Cienight
|player|p1
|leave|Niconico
|player|p2