|join|back in my life
|join|Niconico
|player|p1|back in my life|137
|player|p2|Niconico|169
|gametype|singles
|gen|6
|tier|OU
|rated
|clearpoke
|poke|p1|Garchomp, M
|poke|p1|Breloom, F
|poke|p1|Landorus, M
|poke|p1|Gardevoir, M
|poke|p1|Bisharp, F
|poke|p1|Latias, F
|poke|p2|Beedrill, F
|poke|p2|Magnezone
|poke|p2|Garchomp, F
|poke|p2|Diggersby, F
|poke|p2|Latias, F
|poke|p2|Azumarill, F
|rule|Swagger Clause: Swagger is banned
|rule|Baton Pass Clause: Limit one PokÃ©mon knowing Baton Pass
|rule|Sleep Clause Mod: Limit one foe put to sleep
|rule|Species Clause: Limit one of each PokÃ©mon
|rule|OHKO Clause: OHKO moves are banned
|rule|Moody Clause: Moody is banned
|rule|Evasion Moves Clause: Evasion moves are banned
|rule|Endless Battle Clause: Forcing endless battles is banned
|rule|HP Percentage Mod: HP is shown in percentages
|teampreview
|
|start
|switch|p1a: Garchomp|Garchomp, M|357\/357
|switch|p2a: Garchomp|Garchomp, F|357\/357
|turn|1
|
|move|p1a: Garchomp|Stealth Rock|p2a: Garchomp
|-sidestart|p2: Niconico|move: Stealth Rock
|move|p2a: Garchomp|Stealth Rock|p1a: Garchomp
|-sidestart|p1: back in my life|move: Stealth Rock
|
|turn|2
|
|move|p1a: Garchomp|Earthquake|p2a: Garchomp
|-damage|p2a: Garchomp|155\/357
|move|p2a: Garchomp|Dragon Claw|p1a: Garchomp
|-supereffective|p1a: Garchomp
|-damage|p1a: Garchomp|51\/357
|-damage|p2a: Garchomp|111\/357|[from] ability: Rough Skin|[of] p1a: Garchomp
|
|turn|3
|
|switch|p2a: Latias|Latias, F|309\/309
|-damage|p2a: Latias|271\/309|[from] Stealth Rock
|move|p1a: Garchomp|Earthquake|p2a: Latias
|-immune|p2a: Latias|[msg]
|
|turn|4
|
|move|p2a: Latias|Psyshock|p1a: Garchomp
|-crit|p1a: Garchomp
|-damage|p1a: Garchomp|0 fnt
|-damage|p2a: Latias|241\/309|[from] item: Life Orb
|faint|p1a: Garchomp
|
|
|switch|p1a: Gardevoir|Gardevoir, M|277\/277
|-damage|p1a: Gardevoir|243\/277|[from] Stealth Rock
|-ability|p1a: Gardevoir|Levitate|[from] ability: Trace|[of] p2a: Latias
|turn|5
|
|switch|p2a: Azumarill|Azumarill, F|401\/401
|-damage|p2a: Azumarill|351\/401|[from] Stealth Rock
|detailschange|p1a: Gardevoir|Gardevoir-Mega, M
|-mega|p1a: Gardevoir|Gardevoir|Gardevoirite
|move|p1a: Gardevoir|Hidden Power|p2a: Azumarill
|-damage|p2a: Azumarill|281\/401
|
|turn|6
|
|move|p1a: Gardevoir|Hyper Voice|p2a: Azumarill
|-damage|p2a: Azumarill|74\/401
|move|p2a: Azumarill|Play Rough|p1a: Gardevoir
|-damage|p1a: Gardevoir|0 fnt
|faint|p1a: Gardevoir
|
|
|switch|p1a: Breloom|Breloom, F|261\/261
|-damage|p1a: Breloom|245\/261|[from] Stealth Rock
|turn|7
|
|switch|p2a: Garchomp|Garchomp, F|111\/357
|-damage|p2a: Garchomp|89\/357|[from] Stealth Rock
|move|p1a: Breloom|Spore|p2a: Garchomp
|-status|p2a: Garchomp|slp
|-enditem|p2a: Garchomp|Lum Berry|[eat]
|-curestatus|p2a: Garchomp|slp
|
|turn|8
|
|move|p1a: Breloom|Mach Punch|p2a: Garchomp
|-damage|p2a: Garchomp|0 fnt
|-damage|p1a: Breloom|213\/261|[from] ability: Rough Skin|[of] p2a: Garchomp
|-damage|p1a: Breloom|187\/261|[from] item: Life Orb
|faint|p2a: Garchomp
|
|
|switch|p2a: Latias|Latias, F|241\/309
|-damage|p2a: Latias|203\/309|[from] Stealth Rock
|turn|9
|
|switch|p1a: Latias|Latias, F|301\/301
|-damage|p1a: Latias|264\/301|[from] Stealth Rock
|move|p2a: Latias|Defog|p1a: Latias
|-unboost|p1a: Latias|evasion|1
|-sideend|p1: back in my life|Stealth Rock|[from] move: Defog|[of] p1a: Latias
|-sideend|p2: Niconico|Stealth Rock|[from] move: Defog|[of] p2a: Latias
|
|turn|10
|
|move|p2a: Latias|Healing Wish|p2a: Latias
|faint|p2a: Latias
|move|p1a: Latias|Draco Meteor|p2: Latias|[notarget]
|-notarget
|
|
|switch|p2a: Azumarill|Azumarill, F|74\/401
|-heal|p2a: Azumarill|401\/401|[from] move: Healing Wish
|turn|11
|
|move|p1a: Latias|Psyshock|p2a: Azumarill
|-damage|p2a: Azumarill|193\/401
|-damage|p1a: Latias|234\/301|[from] item: Life Orb
|move|p2a: Azumarill|Play Rough|p1a: Latias
|-supereffective|p1a: Latias
|-damage|p1a: Latias|0 fnt
|faint|p1a: Latias
|
|
|switch|p1a: Breloom|Breloom, F|187\/261
|turn|12
|
|move|p2a: Azumarill|Aqua Jet|p1a: Breloom
|-resisted|p1a: Breloom
|-damage|p1a: Breloom|136\/261
|move|p1a: Breloom|Spore|p2a: Azumarill
|-status|p2a: Azumarill|slp
|
|turn|13
|
|cant|p2a: Azumarill|slp
|move|p1a: Breloom|Bullet Seed|p2a: Azumarill
|-supereffective|p2a: Azumarill
|-damage|p2a: Azumarill|0 fnt
|-hitcount|p2a: Azumarill|1
|-damage|p1a: Breloom|110\/261|[from] item: Life Orb
|faint|p2a: Azumarill
|
|
|switch|p2a: Beedrill|Beedrill, F|271\/271
|turn|14
|
|detailschange|p2a: Beedrill|Beedrill-Mega, F
|-mega|p2a: Beedrill|Beedrill|Beedrillite
|move|p2a: Beedrill|Protect|p2a: Beedrill
|-singleturn|p2a: Beedrill|Protect
|move|p1a: Breloom|Mach Punch|p2a: Beedrill
|-activate|p2a: Beedrill|Protect
|
|turn|15
|
|move|p1a: Breloom|Mach Punch|p2a: Beedrill
|-resisted|p2a: Beedrill
|-damage|p2a: Beedrill|206\/271
|-damage|p1a: Breloom|84\/261|[from] item: Life Orb
|move|p2a: Beedrill|U-turn|p1a: Breloom
|-damage|p1a: Breloom|0 fnt
|faint|p1a: Breloom
|
|switch|p2a: Magnezone|Magnezone|281\/281
|
|
|switch|p1a: Bisharp|Bisharp, F|271\/271
|turn|16
|
|move|p2a: Magnezone|Thunderbolt|p1a: Bisharp
|-damage|p1a: Bisharp|52\/271
|move|p1a: Bisharp|Knock Off|p2a: Magnezone
|-damage|p2a: Magnezone|82\/281
|-enditem|p2a: Magnezone|Choice Scarf|[from] move: Knock Off|[of] p1a: Bisharp
|-damage|p1a: Bisharp|25\/271|[from] item: Life Orb
|
|turn|17
|
|move|p1a: Bisharp|Sucker Punch|p2a: Magnezone
|-damage|p2a: Magnezone|0 fnt
|-damage|p1a: Bisharp|0 fnt|[from] item: Life Orb
|faint|p2a: Magnezone
|faint|p1a: Bisharp
|
|
|switch|p2a: Beedrill|Beedrill-Mega, F|206\/271
|switch|p1a: Landorus|Landorus, M|319\/319
|turn|18
|
|move|p2a: Beedrill|Knock Off|p1a: Landorus
|-damage|p1a: Landorus|183\/319
|-enditem|p1a: Landorus|Life Orb|[from] move: Knock Off|[of] p2a: Beedrill
|move|p1a: Landorus|Earth Power|p2a: Beedrill
|-damage|p2a: Beedrill|0 fnt
|faint|p2a: Beedrill
|
|
|switch|p2a: Diggersby|Diggersby, F|309\/309
|turn|19
|
|move|p1a: Landorus|Focus Blast|p2a: Diggersby
|-supereffective|p2a: Diggersby
|-damage|p2a: Diggersby|0 fnt
|faint|p2a: Diggersby
|
|win|back in my life
|raw|Ladder updating...
|raw|back in my life's rating: 1758 &rarr; <strong>1770<\/strong><br \/>(+12 for winning)
|raw|Niconico's rating: 1612 &rarr; <strong>1600<\/strong><br \/>(-12 for losing)
|c|âback in my life|gg
|leave|Niconico
|player|p2