|join|LoktaOgaa
|join|Niconico
|player|p1|LoktaOgaa|264
|player|p2|Niconico|2
|gametype|singles
|gen|6
|tier|OU (suspect test)
|rated
|clearpoke
|poke|p1|Lopunny, M
|poke|p1|Tornadus-Therian, M
|poke|p1|Scizor, F
|poke|p1|Keldeo
|poke|p1|Garchomp, M
|poke|p1|Rotom-Wash
|poke|p2|Kyurem-Black
|poke|p2|Breloom, F, shiny
|poke|p2|Rotom-Wash
|poke|p2|Empoleon, M
|poke|p2|Talonflame, F
|poke|p2|Diancie
|rule|Swagger Clause: Swagger is banned
|rule|Baton Pass Clause: Limit one PokÃ©mon knowing Baton Pass
|rule|Sleep Clause Mod: Limit one foe put to sleep
|rule|Species Clause: Limit one of each PokÃ©mon
|rule|OHKO Clause: OHKO moves are banned
|rule|Moody Clause: Moody is banned
|rule|Evasion Moves Clause: Evasion moves are banned
|rule|Endless Battle Clause: Forcing endless battles is banned
|rule|HP Percentage Mod: HP is shown in percentages
|teampreview
|
|start
|switch|p1a: Garchomp|Garchomp, M|357\/357
|switch|p2a: Roto the Legendary|Rotom-Wash|241\/241
|turn|1
|
|move|p2a: Roto the Legendary|Will-O-Wisp|p1a: Garchomp
|-status|p1a: Garchomp|brn
|move|p1a: Garchomp|Stealth Rock|p2a: Roto the Legendary
|-sidestart|p2: Niconico|move: Stealth Rock
|
|-damage|p1a: Garchomp|313\/357 brn|[from] brn
|turn|2
|
|switch|p2a: Locomelo|Breloom, F, shiny|323\/323
|-damage|p2a: Locomelo|303\/323|[from] Stealth Rock
|move|p1a: Garchomp|Earthquake|p2a: Locomelo
|-resisted|p2a: Locomelo
|-damage|p2a: Locomelo|243\/323
|-damage|p1a: Garchomp|278\/357 brn|[from] item: Life Orb
|
|-damage|p1a: Garchomp|234\/357 brn|[from] brn
|-status|p2a: Locomelo|tox|[from] item: Toxic Orb
|turn|3
|
|move|p1a: Garchomp|Fire Blast|p2a: Locomelo|[miss]
|-miss|p1a: Garchomp|p2a: Locomelo
|move|p2a: Locomelo|Substitute|p2a: Locomelo
|-start|p2a: Locomelo|Substitute
|-damage|p2a: Locomelo|163\/323 tox
|
|-damage|p1a: Garchomp|190\/357 brn|[from] brn
|-heal|p2a: Locomelo|203\/323 tox|[from] ability: Poison Heal
|turn|4
|
|-singleturn|p2a: Locomelo|move: Focus Punch
|move|p1a: Garchomp|Draco Meteor|p2a: Locomelo
|-end|p2a: Locomelo|Substitute
|-unboost|p1a: Garchomp|spa|2
|-damage|p1a: Garchomp|155\/357 brn|[from] item: Life Orb
|move|p2a: Locomelo|Focus Punch|p1a: Garchomp
|-damage|p1a: Garchomp|0 fnt
|-damage|p2a: Locomelo|163\/323 tox|[from] ability: Rough Skin|[of] p1a: Garchomp
|faint|p1a: Garchomp
|
|-heal|p2a: Locomelo|203\/323 tox|[from] ability: Poison Heal
|
|switch|p1a: Lopunny|Lopunny, M|272\/272
|turn|5
|
|detailschange|p1a: Lopunny|Lopunny-Mega, M
|-mega|p1a: Lopunny|Lopunny|Lopunnite
|move|p1a: Lopunny|High Jump Kick|p2a: Locomelo
|-damage|p2a: Locomelo|0 fnt
|faint|p2a: Locomelo
|
|
|switch|p2a: Roto the Legendary|Rotom-Wash|241\/241
|-damage|p2a: Roto the Legendary|211\/241|[from] Stealth Rock
|turn|6
|
|switch|p1a: Rotom-Wash|Rotom-Wash|303\/303
|move|p2a: Roto the Legendary|Will-O-Wisp|p1a: Rotom-Wash
|-status|p1a: Rotom-Wash|brn
|
|-damage|p1a: Rotom-Wash|266\/303 brn|[from] brn
|turn|7
|
|switch|p2a: All Hail The King|Empoleon, M|371\/371
|-damage|p2a: All Hail The King|348\/371|[from] Stealth Rock
|move|p1a: Rotom-Wash|Volt Switch|p2a: All Hail The King
|-supereffective|p2a: All Hail The King
|-damage|p2a: All Hail The King|226\/371
|
|switch|p1a: Keldeo|Keldeo|323\/323
|
|-heal|p2a: All Hail The King|249\/371|[from] item: Leftovers
|turn|8
|
|move|p1a: Keldeo|Secret Sword|p2a: All Hail The King
|-supereffective|p2a: All Hail The King
|-damage|p2a: All Hail The King|0 fnt
|faint|p2a: All Hail The King
|
|
|switch|p2a: Choice BAND|Talonflame, F|345\/345
|-damage|p2a: Choice BAND|173\/345|[from] Stealth Rock
|turn|9
|
|switch|p1a: Rotom-Wash|Rotom-Wash|266\/303 brn
|move|p2a: Choice BAND|Roost|p2a: Choice BAND
|-heal|p2a: Choice BAND|345\/345
|
|-heal|p1a: Rotom-Wash|284\/303 brn|[from] item: Leftovers
|-damage|p1a: Rotom-Wash|247\/303 brn|[from] brn
|turn|10
|
|switch|p2a: Kyurem-niggar|Kyurem-Black|391\/391
|-damage|p2a: Kyurem-niggar|294\/391|[from] Stealth Rock
|-ability|p2a: Kyurem-niggar|Teravolt
|move|p1a: Rotom-Wash|Hydro Pump|p2a: Kyurem-niggar
|-resisted|p2a: Kyurem-niggar
|-damage|p2a: Kyurem-niggar|216\/391
|
|-heal|p1a: Rotom-Wash|265\/303 brn|[from] item: Leftovers
|-damage|p1a: Rotom-Wash|228\/303 brn|[from] brn
|turn|11
|
|switch|p1a: Scizor|Scizor, F|343\/343
|move|p2a: Kyurem-niggar|Fusion Bolt|p1a: Scizor
|-damage|p1a: Scizor|208\/343
|
|-heal|p1a: Scizor|229\/343|[from] item: Leftovers
|turn|12
|
|move|p2a: Kyurem-niggar|Fusion Bolt|p1a: Scizor
|-damage|p1a: Scizor|101\/343
|move|p1a: Scizor|U-turn|p2a: Kyurem-niggar
|-damage|p2a: Kyurem-niggar|110\/391
|
|switch|p1a: Lopunny|Lopunny-Mega, M|272\/272
|
|turn|13
|
|move|p2a: Kyurem-niggar|Fusion Bolt|p1a: Lopunny
|-damage|p1a: Lopunny|121\/272
|move|p1a: Lopunny|Return|p2a: Kyurem-niggar
|-damage|p2a: Kyurem-niggar|0 fnt
|faint|p2a: Kyurem-niggar
|
|
|switch|p2a: Roto the Legendary|Rotom-Wash|211\/241
|-damage|p2a: Roto the Legendary|181\/241|[from] Stealth Rock
|turn|14
|
|switch|p1a: Tornadus-Therian|Tornadus-Therian, M|332\/332
|move|p2a: Roto the Legendary|Volt Switch|p1a: Tornadus-Therian
|-supereffective|p1a: Tornadus-Therian
|-damage|p1a: Tornadus-Therian|186\/332
|
|switch|p2a: Puri Desu|Diancie|283\/283
|-damage|p2a: Puri Desu|248\/283|[from] Stealth Rock
|
|turn|15
|
|detailschange|p2a: Puri Desu|Diancie-Mega
|-mega|p2a: Puri Desu|Diancie|Diancite
|move|p1a: Tornadus-Therian|U-turn|p2a: Puri Desu
|-resisted|p2a: Puri Desu
|-damage|p2a: Puri Desu|226\/283
|
|switch|p1a: Keldeo|Keldeo|323\/323
|move|p2a: Puri Desu|Moonblast|p1a: Keldeo
|-supereffective|p1a: Keldeo
|-damage|p1a: Keldeo|0 fnt
|faint|p1a: Keldeo
|
|
|switch|p1a: Lopunny|Lopunny-Mega, M|121\/272
|turn|16
|
|move|p1a: Lopunny|High Jump Kick|p2a: Puri Desu
|-damage|p2a: Puri Desu|4\/283
|move|p2a: Puri Desu|Rock Polish|p2a: Puri Desu
|-boost|p2a: Puri Desu|spe|2
|
|turn|17
|
|move|p1a: Lopunny|Quick Attack|p2a: Puri Desu
|-resisted|p2a: Puri Desu
|-damage|p2a: Puri Desu|0 fnt
|faint|p2a: Puri Desu
|
|
|switch|p2a: Choice BAND|Talonflame, F|345\/345
|-damage|p2a: Choice BAND|173\/345|[from] Stealth Rock
|turn|18
|
|move|p2a: Choice BAND|Brave Bird|p1a: Lopunny
|-supereffective|p1a: Lopunny
|-damage|p1a: Lopunny|0 fnt
|-damage|p2a: Choice BAND|133\/345|[from] recoil|[of] p1a: Lopunny
|faint|p1a: Lopunny
|
|
|switch|p1a: Rotom-Wash|Rotom-Wash|228\/303 brn
|turn|19
|
|move|p2a: Choice BAND|Roost|p2a: Choice BAND
|-heal|p2a: Choice BAND|306\/345
|move|p1a: Rotom-Wash|Hydro Pump|p2a: Choice BAND|[miss]
|-miss|p1a: Rotom-Wash|p2a: Choice BAND
|
|-heal|p1a: Rotom-Wash|246\/303 brn|[from] item: Leftovers
|-damage|p1a: Rotom-Wash|209\/303 brn|[from] brn
|turn|20
|
|switch|p2a: Roto the Legendary|Rotom-Wash|181\/241
|-damage|p2a: Roto the Legendary|151\/241|[from] Stealth Rock
|move|p1a: Rotom-Wash|Hydro Pump|p2a: Roto the Legendary
|-resisted|p2a: Roto the Legendary
|-damage|p2a: Roto the Legendary|85\/241
|
|-heal|p1a: Rotom-Wash|227\/303 brn|[from] item: Leftovers
|-damage|p1a: Rotom-Wash|190\/303 brn|[from] brn
|turn|21
|
|switch|p1a: Scizor|Scizor, F|101\/343
|move|p2a: Roto the Legendary|Hydro Pump|p1a: Scizor
|-damage|p1a: Scizor|0 fnt
|faint|p1a: Scizor
|
|
|switch|p1a: Tornadus-Therian|Tornadus-Therian, M|296\/332
|turn|22
|
|move|p2a: Roto the Legendary|Hydro Pump|p1a: Tornadus-Therian
|-damage|p1a: Tornadus-Therian|176\/332
|move|p1a: Tornadus-Therian|Knock Off|p2a: Roto the Legendary
|-damage|p2a: Roto the Legendary|25\/241
|-enditem|p2a: Roto the Legendary|Choice Scarf|[from] move: Knock Off|[of] p1a: Tornadus-Therian
|
|turn|23
|
|move|p1a: Tornadus-Therian|Knock Off|p2a: Roto the Legendary
|-damage|p2a: Roto the Legendary|0 fnt
|faint|p2a: Roto the Legendary
|
|
|switch|p2a: Choice BAND|Talonflame, F|306\/345
|-damage|p2a: Choice BAND|134\/345|[from] Stealth Rock
|turn|24
|
|move|p2a: Choice BAND|Roost|p2a: Choice BAND
|-heal|p2a: Choice BAND|307\/345
|move|p1a: Tornadus-Therian|Hurricane|p2a: Choice BAND
|-damage|p2a: Choice BAND|93\/345
|
|turn|25
|
|move|p2a: Choice BAND|Roost|p2a: Choice BAND
|-heal|p2a: Choice BAND|266\/345
|move|p1a: Tornadus-Therian|U-turn|p2a: Choice BAND
|-resisted|p2a: Choice BAND
|-damage|p2a: Choice BAND|233\/345
|
|switch|p1a: Rotom-Wash|Rotom-Wash|190\/303 brn
|
|-heal|p1a: Rotom-Wash|208\/303 brn|[from] item: Leftovers
|-damage|p1a: Rotom-Wash|171\/303 brn|[from] brn
|turn|26
|
|move|p2a: Choice BAND|Swords Dance|p2a: Choice BAND
|-boost|p2a: Choice BAND|atk|2
|move|p1a: Rotom-Wash|Hydro Pump|p2a: Choice BAND|[miss]
|-miss|p1a: Rotom-Wash|p2a: Choice BAND
|
|-heal|p1a: Rotom-Wash|189\/303 brn|[from] item: Leftovers
|-damage|p1a: Rotom-Wash|152\/303 brn|[from] brn
|turn|27
|
|move|p2a: Choice BAND|Brave Bird|p1a: Rotom-Wash
|-resisted|p1a: Rotom-Wash
|-damage|p1a: Rotom-Wash|11\/303 brn
|-damage|p2a: Choice BAND|186\/345|[from] recoil|[of] p1a: Rotom-Wash
|move|p1a: Rotom-Wash|Hydro Pump|p2a: Choice BAND|[miss]
|-miss|p1a: Rotom-Wash|p2a: Choice BAND
|
|-heal|p1a: Rotom-Wash|29\/303 brn|[from] item: Leftovers
|-damage|p1a: Rotom-Wash|0 fnt|[from] brn
|faint|p1a: Rotom-Wash
|c|âLoktaOgaa|great
|
|switch|p1a: Tornadus-Therian|Tornadus-Therian, M|286\/332
|turn|28
|
|move|p2a: Choice BAND|Brave Bird|p1a: Tornadus-Therian
|-damage|p1a: Tornadus-Therian|0 fnt
|-damage|p2a: Choice BAND|92\/345|[from] recoil|[of] p1a: Tornadus-Therian
|faint|p1a: Tornadus-Therian
|
|win|Niconico
|raw|Ladder updating...
|raw|LoktaOgaa's rating: 1571 &rarr; <strong>1547<\/strong><br \/>(-24 for losing)
|raw|Niconico's rating: 1494 &rarr; <strong>1518<\/strong><br \/>(+24 for winning)
|c|âLoktaOgaa|how to be garbage and grab a win