|join|CriSs'90
|join|Niconico
|player|p1|CriSs'90|141
|player|p2|Niconico|89
|gametype|singles
|gen|6
|tier|OU
|clearpoke
|poke|p1|Latias, F
|poke|p1|Greninja, M
|poke|p1|Venusaur, M
|poke|p1|Terrakion
|poke|p1|Jirachi
|poke|p1|Rotom-Wash, shiny
|poke|p2|Latios, M
|poke|p2|Skarmory, M, shiny
|poke|p2|Gardevoir, F, shiny
|poke|p2|Gliscor, F
|poke|p2|Heatran, M
|poke|p2|Keldeo
|rule|Swagger Clause: Swagger is banned
|rule|Baton Pass Clause: Limit one PokÃ©mon knowing Baton Pass
|rule|Sleep Clause Mod: Limit one foe put to sleep
|rule|Species Clause: Limit one of each PokÃ©mon
|rule|OHKO Clause: OHKO moves are banned
|rule|Moody Clause: Moody is banned
|rule|Evasion Moves Clause: Evasion moves are banned
|rule|Endless Battle Clause: Forcing endless battles is banned
|rule|HP Percentage Mod: HP is shown in percentages
|teampreview
|
|start
|switch|p1a: Terrakion|Terrakion|323\/323
|switch|p2a: Black Veil Bride|Gardevoir, F, shiny|339\/339
|-ability|p2a: Black Veil Bride|Justified|[from] ability: Trace|[of] p1a: Terrakion
|turn|1
|
|detailschange|p2a: Black Veil Bride|Gardevoir-Mega, F, shiny
|message|Gardevoir has Mega Evolved into Mega Gardevoir!
|move|p1a: Terrakion|Stealth Rock|p2a: Black Veil Bride
|-sidestart|p2: Niconico|move: Stealth Rock
|move|p2a: Black Veil Bride|Will-O-Wisp|p1a: Terrakion
|-status|p1a: Terrakion|brn
|
|-damage|p1a: Terrakion|283\/323 brn|[from] brn
|turn|2
|
|switch|p1a: Venusaur|Venusaur, M|364\/364
|move|p2a: Black Veil Bride|Wish|p2a: Black Veil Bride
|
|turn|3
|
|switch|p2a: Firaja|Heatran, M|385\/385
|-damage|p2a: Firaja|337\/385|[from] Stealth Rock
|detailschange|p1a: Venusaur|Venusaur-Mega, M
|message|Venusaur has Mega Evolved into Mega Venusaur!
|move|p1a: Venusaur|Leech Seed|p2a: Firaja
|-start|p2a: Firaja|move: Leech Seed
|
|-heal|p2a: Firaja|385\/385|[from] move: Wish|[wisher] Black Veil Bride
|-damage|p2a: Firaja|337\/385|[from] Leech Seed|[of] p1a: Venusaur
|turn|4
|
|switch|p1a: Rotom-Wash|Rotom-Wash, shiny|304\/304
|move|p2a: Firaja|Stealth Rock|p1a: Rotom-Wash
|-sidestart|p1: CriSs'90|move: Stealth Rock
|
|-heal|p2a: Firaja|361\/385|[from] item: Leftovers
|-damage|p2a: Firaja|313\/385|[from] Leech Seed|[of] p1a: Rotom-Wash
|turn|5
|
|switch|p2a: Black Veil Bride|Gardevoir-Mega, F, shiny|339\/339
|-damage|p2a: Black Veil Bride|297\/339|[from] Stealth Rock
|move|p1a: Rotom-Wash|Volt Switch|p2a: Black Veil Bride
|-damage|p2a: Black Veil Bride|245\/339
|
|switch|p1a: Jirachi|Jirachi|341\/341
|-damage|p1a: Jirachi|320\/341|[from] Stealth Rock
|
|turn|6
|
|switch|p2a: Skorpina|Gliscor, F|352\/352
|-damage|p2a: Skorpina|308\/352|[from] Stealth Rock
|move|p1a: Jirachi|U-turn|p2a: Skorpina
|-resisted|p2a: Skorpina
|-damage|p2a: Skorpina|275\/352
|
|switch|p1a: Greninja|Greninja, M|284\/284
|-damage|p1a: Greninja|249\/284|[from] Stealth Rock
|
|-status|p2a: Skorpina|tox|[from] item: Toxic Orb
|turn|7
|
|switch|p2a: Black Veil Bride|Gardevoir-Mega, F, shiny|245\/339
|-damage|p2a: Black Veil Bride|203\/339|[from] Stealth Rock
|move|p1a: Greninja|Ice Beam|p2a: Black Veil Bride
|-start|p1a: Greninja|typechange|Ice|[from] Protean
|-damage|p2a: Black Veil Bride|106\/339
|-status|p2a: Black Veil Bride|frz
|-damage|p1a: Greninja|221\/284|[from] item: Life Orb
|
|turn|8
|c|âNiconico|ok
|
|move|p1a: Greninja|Dark Pulse|p2a: Black Veil Bride
|-start|p1a: Greninja|typechange|Dark|[from] Protean
|-damage|p2a: Black Veil Bride|16\/339 frz
|-damage|p1a: Greninja|193\/284|[from] item: Life Orb
|cant|p2a: Black Veil Bride|frz
|
|turn|9
|
|cant|p2a: Black Veil Bride|frz
|move|p1a: Greninja|Dark Pulse|p2a: Black Veil Bride
|-damage|p2a: Black Veil Bride|0 fnt
|-damage|p1a: Greninja|165\/284|[from] item: Life Orb
|faint|p2a: Black Veil Bride
|
|
|switch|p2a: Justice!!|Keldeo|324\/324
|-damage|p2a: Justice!!|304\/324|[from] Stealth Rock
|turn|10
|
|move|p2a: Justice!!|Secret Sword|p1a: Greninja
|-supereffective|p1a: Greninja
|-damage|p1a: Greninja|0 fnt
|faint|p1a: Greninja
|
|
|switch|p1a: Latias|Latias, F|302\/302
|-damage|p1a: Latias|265\/302|[from] Stealth Rock
|turn|11
|
|switch|p2a: Firaja|Heatran, M|313\/385
|-damage|p2a: Firaja|265\/385|[from] Stealth Rock
|move|p1a: Latias|Defog|p2a: Firaja
|-unboost|p2a: Firaja|evasion|1
|-sideend|p2: Niconico|Stealth Rock|[from] move: Defog|[of] p2a: Firaja
|-sideend|p1: CriSs'90|Stealth Rock|[from] move: Defog|[of] p1a: Latias
|
|-heal|p1a: Latias|283\/302|[from] item: Leftovers
|-heal|p2a: Firaja|289\/385|[from] item: Leftovers
|turn|12
|
|switch|p1a: Rotom-Wash|Rotom-Wash, shiny|304\/304
|move|p2a: Firaja|Toxic|p1a: Rotom-Wash
|-status|p1a: Rotom-Wash|tox
|
|-heal|p2a: Firaja|313\/385|[from] item: Leftovers
|-damage|p1a: Rotom-Wash|285\/304 tox|[from] psn
|turn|13
|
|move|p2a: Firaja|Protect|p2a: Firaja
|-singleturn|p2a: Firaja|Protect
|move|p1a: Rotom-Wash|Hydro Pump|p2a: Firaja
|-activate|p2a: Firaja|Protect
|
|-heal|p2a: Firaja|337\/385|[from] item: Leftovers
|-heal|p1a: Rotom-Wash|304\/304 tox|[from] item: Leftovers
|-damage|p1a: Rotom-Wash|266\/304 tox|[from] psn
|turn|14
|
|switch|p2a: Jotaro|Latios, M|301\/301
|move|p1a: Rotom-Wash|Hydro Pump|p2a: Jotaro
|-resisted|p2a: Jotaro
|-damage|p2a: Jotaro|236\/301
|
|-heal|p1a: Rotom-Wash|285\/304 tox|[from] item: Leftovers
|-damage|p1a: Rotom-Wash|228\/304 tox|[from] psn
|turn|15
|
|switch|p1a: Jirachi|Jirachi|320\/341
|move|p2a: Jotaro|Draco Meteor|p1a: Jirachi
|-resisted|p1a: Jirachi
|-damage|p1a: Jirachi|136\/341
|-unboost|p2a: Jotaro|spa|2
|
|turn|16
|
|switch|p2a: Skorpina|Gliscor, F|275\/352 tox
|move|p1a: Jirachi|Ice Punch|p2a: Skorpina
|-supereffective|p2a: Skorpina
|-damage|p2a: Skorpina|7\/352 tox
|
|-heal|p2a: Skorpina|51\/352 tox|[from] ability: Poison Heal
|turn|17
|
|switch|p2a: Firaja|Heatran, M|337\/385
|move|p1a: Jirachi|Ice Punch|p2a: Firaja
|-resisted|p2a: Firaja
|-damage|p2a: Firaja|319\/385
|-status|p2a: Firaja|frz
|
|-heal|p2a: Firaja|343\/385 frz|[from] item: Leftovers
|turn|18
|
|switch|p1a: Latias|Latias, F|283\/302
|cant|p2a: Firaja|frz
|
|-heal|p1a: Latias|301\/302|[from] item: Leftovers
|-heal|p2a: Firaja|367\/385 frz|[from] item: Leftovers
|turn|19
|
|move|p1a: Latias|Healing Wish|p1a: Latias
|faint|p1a: Latias
|cant|p2a: Firaja|frz
|
|-heal|p2a: Firaja|385\/385 frz|[from] item: Leftovers
|
|switch|p1a: Terrakion|Terrakion|283\/323 brn
|-heal|p1a: Terrakion|323\/323|[from] move: Healing Wish
|turn|20
|
|switch|p2a: Annabel|Skarmory, M, shiny|333\/333
|move|p1a: Terrakion|Close Combat|p2a: Annabel
|-damage|p2a: Annabel|206\/333
|-unboost|p1a: Terrakion|def|1
|-unboost|p1a: Terrakion|spd|1
|
|-heal|p2a: Annabel|226\/333|[from] item: Leftovers
|turn|21
|
|switch|p2a: Jotaro|Latios, M|236\/301
|move|p1a: Terrakion|Taunt|p2a: Jotaro
|-start|p2a: Jotaro|move: Taunt
|
|turn|22
|
|move|p2a: Jotaro|Psyshock|p1a: Terrakion
|-supereffective|p1a: Terrakion
|-enditem|p1a: Terrakion|Focus Sash
|-damage|p1a: Terrakion|1\/323
|move|p1a: Terrakion|Stone Edge|p2a: Jotaro
|-damage|p2a: Jotaro|16\/301
|
|turn|23
|
|switch|p1a: Jirachi|Jirachi|136\/341
|move|p2a: Jotaro|Psyshock|p1a: Jirachi
|-resisted|p1a: Jirachi
|-damage|p1a: Jirachi|81\/341
|
|turn|24
|
|switch|p2a: Skorpina|Gliscor, F|51\/352 tox
|move|p1a: Jirachi|U-turn|p2a: Skorpina
|-resisted|p2a: Skorpina
|-damage|p2a: Skorpina|19\/352 tox
|
|switch|p1a: Terrakion|Terrakion|1\/323
|
|-heal|p2a: Skorpina|63\/352 tox|[from] ability: Poison Heal
|turn|25
|
|move|p1a: Terrakion|Stone Edge|p2a: Skorpina|[miss]
|-miss|p1a: Terrakion|p2a: Skorpina
|move|p2a: Skorpina|Roost|p2a: Skorpina
|-heal|p2a: Skorpina|239\/352 tox
|
|-heal|p2a: Skorpina|283\/352 tox|[from] ability: Poison Heal
|turn|26
|
|switch|p1a: Rotom-Wash|Rotom-Wash, shiny|228\/304 tox
|move|p2a: Skorpina|Earthquake|p1a: Rotom-Wash
|-immune|p1a: Rotom-Wash|[msg]
|
|-heal|p1a: Rotom-Wash|247\/304 tox|[from] item: Leftovers
|-heal|p2a: Skorpina|327\/352 tox|[from] ability: Poison Heal
|-damage|p1a: Rotom-Wash|228\/304 tox|[from] psn
|turn|27
|
|switch|p2a: Jotaro|Latios, M|16\/301
|move|p1a: Rotom-Wash|Hydro Pump|p2a: Jotaro
|-resisted|p2a: Jotaro
|-damage|p2a: Jotaro|0 fnt
|faint|p2a: Jotaro
|
|-heal|p1a: Rotom-Wash|247\/304 tox|[from] item: Leftovers
|-damage|p1a: Rotom-Wash|209\/304 tox|[from] psn
|
|switch|p2a: Skorpina|Gliscor, F|327\/352 tox
|turn|28
|
|move|p2a: Skorpina|Taunt|p1a: Rotom-Wash
|-start|p1a: Rotom-Wash|move: Taunt
|move|p1a: Rotom-Wash|Hydro Pump|p2a: Skorpina
|-crit|p2a: Skorpina
|-supereffective|p2a: Skorpina
|-damage|p2a: Skorpina|0 fnt
|faint|p2a: Skorpina
|
|-heal|p1a: Rotom-Wash|228\/304 tox|[from] item: Leftovers
|-damage|p1a: Rotom-Wash|171\/304 tox|[from] psn
|c|âNiconico|NÃ£o cara
|
|switch|p2a: Justice!!|Keldeo|304\/324
|turn|29
|c|âCriSs'90|ia matar de qlq forma
|
|move|p2a: Justice!!|Secret Sword|p1a: Rotom-Wash
|-damage|p1a: Rotom-Wash|38\/304 tox
|move|p1a: Rotom-Wash|Volt Switch|p2a: Justice!!
|-supereffective|p2a: Justice!!
|-damage|p2a: Justice!!|106\/324
|c|âNiconico|NÃ£o...
|
|switch|p1a: Venusaur|Venusaur-Mega, M|364\/364
|
|turn|30
|c|âNiconico|era sdef
|
|switch|p2a: Firaja|Heatran, M|385\/385 frz
|move|p1a: Venusaur|Leech Seed|p2a: Firaja
|-start|p2a: Firaja|move: Leech Seed
|
|-damage|p2a: Firaja|337\/385 frz|[from] Leech Seed|[of] p1a: Venusaur
|turn|31
|
|switch|p1a: Terrakion|Terrakion|1\/323
|cant|p2a: Firaja|frz
|
|-heal|p2a: Firaja|361\/385 frz|[from] item: Leftovers
|-damage|p2a: Firaja|313\/385 frz|[from] Leech Seed|[of] p1a: Terrakion
|-heal|p1a: Terrakion|49\/323|[silent]
|turn|32
|
|switch|p2a: Annabel|Skarmory, M, shiny|226\/333
|move|p1a: Terrakion|Close Combat|p2a: Annabel
|-damage|p2a: Annabel|94\/333
|-unboost|p1a: Terrakion|def|1
|-unboost|p1a: Terrakion|spd|1
|
|-heal|p2a: Annabel|114\/333|[from] item: Leftovers
|turn|33
|
|move|p1a: Terrakion|Taunt|p2a: Annabel
|-start|p2a: Annabel|move: Taunt
|cant|p2a: Annabel|move: Taunt|Roost
|
|-heal|p2a: Annabel|134\/333|[from] item: Leftovers
|turn|34
|
|move|p1a: Terrakion|Stone Edge|p2a: Annabel
|-damage|p2a: Annabel|26\/333
|move|p2a: Annabel|Counter|p1a: Terrakion
|-damage|p1a: Terrakion|0 fnt
|faint|p1a: Terrakion
|
|-heal|p2a: Annabel|46\/333|[from] item: Leftovers
|
|switch|p1a: Jirachi|Jirachi|81\/341
|turn|35
|
|switch|p2a: Justice!!|Keldeo|106\/324
|move|p1a: Jirachi|Ice Punch|p2a: Justice!!
|-resisted|p2a: Justice!!
|-damage|p2a: Justice!!|60\/324
|
|turn|36
|
|move|p2a: Justice!!|Scald|p1a: Jirachi
|-damage|p1a: Jirachi|0 fnt
|faint|p1a: Jirachi
|
|
|switch|p1a: Venusaur|Venusaur-Mega, M|364\/364
|turn|37
|
|switch|p2a: Firaja|Heatran, M|313\/385 frz
|move|p1a: Venusaur|Leech Seed|p2a: Firaja|[miss]
|-miss|p1a: Venusaur|p2a: Firaja
|
|-heal|p2a: Firaja|337\/385 frz|[from] item: Leftovers
|turn|38
|
|-curestatus|p2a: Firaja|frz
|move|p2a: Firaja|Lava Plume|p1a: Venusaur
|-supereffective|p1a: Venusaur
|-damage|p1a: Venusaur|284\/364
|move|p1a: Venusaur|Leech Seed|p2a: Firaja
|-start|p2a: Firaja|move: Leech Seed
|
|-heal|p2a: Firaja|361\/385|[from] item: Leftovers
|-damage|p2a: Firaja|313\/385|[from] Leech Seed|[of] p1a: Venusaur
|-heal|p1a: Venusaur|332\/364|[silent]
|turn|39
|
|move|p2a: Firaja|Stealth Rock|p1a: Venusaur
|-sidestart|p1: CriSs'90|move: Stealth Rock
|move|p1a: Venusaur|Giga Drain|p2a: Firaja
|-resisted|p2a: Firaja
|-damage|p2a: Firaja|291\/385
|-heal|p1a: Venusaur|343\/364|[from] drain|[of] p2a: Firaja
|
|-heal|p2a: Firaja|315\/385|[from] item: Leftovers
|-damage|p2a: Firaja|267\/385|[from] Leech Seed|[of] p1a: Venusaur
|-heal|p1a: Venusaur|364\/364|[silent]
|turn|40
|
|move|p2a: Firaja|Lava Plume|p1a: Venusaur
|-supereffective|p1a: Venusaur
|-damage|p1a: Venusaur|286\/364
|move|p1a: Venusaur|Giga Drain|p2a: Firaja
|-resisted|p2a: Firaja
|-damage|p2a: Firaja|246\/385
|-heal|p1a: Venusaur|297\/364|[from] drain|[of] p2a: Firaja
|
|-heal|p2a: Firaja|270\/385|[from] item: Leftovers
|-damage|p2a: Firaja|222\/385|[from] Leech Seed|[of] p1a: Venusaur
|-heal|p1a: Venusaur|345\/364|[silent]
|turn|41
|
|switch|p2a: Annabel|Skarmory, M, shiny|46\/333
|move|p1a: Venusaur|Giga Drain|p2a: Annabel
|-resisted|p2a: Annabel
|-damage|p2a: Annabel|13\/333
|-heal|p1a: Venusaur|362\/364|[from] drain|[of] p2a: Annabel
|
|-heal|p2a: Annabel|33\/333|[from] item: Leftovers
|turn|42
|
|move|p2a: Annabel|Roost|p2a: Annabel
|-heal|p2a: Annabel|200\/333
|move|p1a: Venusaur|Giga Drain|p2a: Annabel
|-resisted|p2a: Annabel
|-damage|p2a: Annabel|135\/333
|-heal|p1a: Venusaur|364\/364|[from] drain|[of] p2a: Annabel
|
|-heal|p2a: Annabel|155\/333|[from] item: Leftovers
|turn|43
|c|âNiconico|lol
|c|âNiconico|que roll foi esse
|c|âNiconico|9~19
|
|move|p2a: Annabel|Roost|p2a: Annabel
|-heal|p2a: Annabel|322\/333
|move|p1a: Venusaur|Leech Seed|p2a: Annabel
|-start|p2a: Annabel|move: Leech Seed
|
|-heal|p2a: Annabel|333\/333|[from] item: Leftovers
|-damage|p2a: Annabel|292\/333|[from] Leech Seed|[of] p1a: Venusaur
|turn|44
|c|âCriSs'90|qd recupera prde mais dano
|
|switch|p2a: Firaja|Heatran, M|222\/385
|move|p1a: Venusaur|Giga Drain|p2a: Firaja
|-resisted|p2a: Firaja
|-damage|p2a: Firaja|200\/385
|
|-heal|p2a: Firaja|224\/385|[from] item: Leftovers
|turn|45
|
|move|p2a: Firaja|Protect|p2a: Firaja
|-singleturn|p2a: Firaja|Protect
|move|p1a: Venusaur|Leech Seed|p2a: Firaja
|-activate|p2a: Firaja|Protect
|
|-heal|p2a: Firaja|248\/385|[from] item: Leftovers
|turn|46
|c|âCriSs'90|ja tamo fodido msm
|c|âCriSs'90|isso vai acabar 1x0
|
|move|p2a: Firaja|Lava Plume|p1a: Venusaur
|-supereffective|p1a: Venusaur
|-damage|p1a: Venusaur|286\/364
|move|p1a: Venusaur|Leech Seed|p2a: Firaja
|-start|p2a: Firaja|move: Leech Seed
|
|-heal|p2a: Firaja|272\/385|[from] item: Leftovers
|-damage|p2a: Firaja|224\/385|[from] Leech Seed|[of] p1a: Venusaur
|-heal|p1a: Venusaur|334\/364|[silent]
|turn|47
|
|switch|p2a: Annabel|Skarmory, M, shiny|292\/333
|move|p1a: Venusaur|Leech Seed|p2a: Annabel
|-start|p2a: Annabel|move: Leech Seed
|
|-heal|p2a: Annabel|312\/333|[from] item: Leftovers
|-damage|p2a: Annabel|271\/333|[from] Leech Seed|[of] p1a: Venusaur
|-heal|p1a: Venusaur|364\/364|[silent]
|turn|48
|
|move|p1a: Venusaur|Giga Drain|p2a: Annabel
|-resisted|p2a: Annabel
|-damage|p2a: Annabel|237\/333
|move|p2a: Annabel|Whirlwind|p1a: Venusaur
|drag|p1a: Rotom-Wash|Rotom-Wash, shiny|38\/304 tox
|-damage|p1a: Rotom-Wash|0 fnt|[from] Stealth Rock
|faint|p1a: Rotom-Wash
|
|-heal|p2a: Annabel|257\/333|[from] item: Leftovers
|
|switch|p1a: Venusaur|Venusaur-Mega, M|364\/364
|-damage|p1a: Venusaur|319\/364|[from] Stealth Rock
|turn|49
|
|switch|p2a: Firaja|Heatran, M|224\/385
|move|p1a: Venusaur|Leech Seed|p2a: Firaja
|-start|p2a: Firaja|move: Leech Seed
|
|-heal|p2a: Firaja|248\/385|[from] item: Leftovers
|-damage|p2a: Firaja|200\/385|[from] Leech Seed|[of] p1a: Venusaur
|-heal|p1a: Venusaur|364\/364|[silent]
|turn|50
|
|move|p2a: Firaja|Lava Plume|p1a: Venusaur
|-supereffective|p1a: Venusaur
|-damage|p1a: Venusaur|286\/364
|-status|p1a: Venusaur|brn
|move|p1a: Venusaur|Giga Drain|p2a: Firaja
|-resisted|p2a: Firaja
|-damage|p2a: Firaja|180\/385
|-heal|p1a: Venusaur|296\/364 brn|[from] drain|[of] p2a: Firaja
|
|-heal|p2a: Firaja|204\/385|[from] item: Leftovers
|-damage|p2a: Firaja|156\/385|[from] Leech Seed|[of] p1a: Venusaur
|-heal|p1a: Venusaur|344\/364 brn|[silent]
|-damage|p1a: Venusaur|299\/364 brn|[from] brn
|turn|51
|
|switch|p2a: Annabel|Skarmory, M, shiny|257\/333
|move|p1a: Venusaur|Giga Drain|p2a: Annabel
|-resisted|p2a: Annabel
|-damage|p2a: Annabel|223\/333
|-heal|p1a: Venusaur|316\/364 brn|[from] drain|[of] p2a: Annabel
|
|-heal|p2a: Annabel|243\/333|[from] item: Leftovers
|-damage|p1a: Venusaur|271\/364 brn|[from] brn
|turn|52
|c|âNiconico|agora e hora de tirar um fucking taunt do c*
|c|âNiconico|brinks
|c|âNiconico|.sad
|
|move|p2a: Annabel|Roost|p2a: Annabel
|-heal|p2a: Annabel|333\/333
|move|p1a: Venusaur|Synthesis|p1a: Venusaur
|-heal|p1a: Venusaur|364\/364 brn
|
|-damage|p1a: Venusaur|319\/364 brn|[from] brn
|turn|53
|c|âCriSs'90|vai lÃ¡
|leave|CriSs'90
|player|p1
|-message|Player 1 lost due to inactivity.
|
|win|Niconico