|join|Der Bomber
|join|Niconico
|player|p1|Der Bomber|250
|player|p2|Niconico|89
|gametype|singles
|gen|4
|tier|[Gen 4] OU
|rule|Sleep Clause Mod: Limit one foe put to sleep
|rule|Species Clause: Limit one of each PokÃ©mon
|rule|OHKO Clause: OHKO moves are banned
|rule|Moody Clause: Moody is banned
|rule|Evasion Moves Clause: Evasion moves are banned
|rule|Endless Battle Clause: Forcing endless battles is banned
|rule|HP Percentage Mod: HP is shown in percentages
|
|start
|switch|p1a: Uxie|Uxie|354\/354
|switch|p2a: Cloud|Zapdos|320\/320
|-ability|p2a: Cloud|Pressure
|turn|1
|c|âDer Bomber|tudo bem ai?
|c|âNiconico|sim
|c|âDer Bomber|teste
|
|move|p1a: Uxie|Trick|p2a: Cloud
|-activate|p1a: Uxie|move: Trick|[of] p2a: Cloud
|-item|p2a: Cloud|Choice Scarf|[from] move: Trick
|-item|p1a: Uxie|Choice Specs|[from] move: Trick
|move|p2a: Cloud|Thunderbolt|p1a: Uxie
|-crit|p1a: Uxie
|-damage|p1a: Uxie|120\/354
|
|turn|2
|join|cc- soulzin
|c| cc- soulzin|isso e epl ?
|
|switch|p1a: Flygon|Flygon, M|301\/301
|move|p2a: Cloud|Thunderbolt|p1a: Flygon
|-immune|p1a: Flygon|[msg]
|
|turn|3
|
|move|p2a: Cloud|Thunderbolt|p1a: Flygon
|-immune|p1a: Flygon|[msg]
|move|p1a: Flygon|Earthquake|p2a: Cloud
|-immune|p2a: Cloud|[msg]
|
|turn|4
|c| cc- soulzin|?
|c|âNiconico|rs
|
|move|p2a: Cloud|Thunderbolt|p1a: Flygon
|-immune|p1a: Flygon|[msg]
|move|p1a: Flygon|Earthquake|p2a: Cloud
|-immune|p2a: Cloud|[msg]
|
|turn|5
|
|move|p2a: Cloud|Thunderbolt|p1a: Flygon
|-immune|p1a: Flygon|[msg]
|move|p1a: Flygon|Draco Meteor|p2a: Cloud
|-damage|p2a: Cloud|110\/320
|-unboost|p1a: Flygon|spa|2
|
|turn|6
|c| cc- soulzin|vai se fuder
|c| cc- soulzin|responde
|c| cc- soulzin|=[
|
|switch|p2a: Swampretin|Swampert, M, shiny|404\/404
|move|p1a: Flygon|Draco Meteor|p2a: Swampretin
|-damage|p2a: Swampretin|304\/404
|-unboost|p1a: Flygon|spa|2
|
|-heal|p2a: Swampretin|329\/404|[from] item: Leftovers
|turn|7
|
|switch|p1a: Uxie|Uxie|120\/354
|move|p2a: Swampretin|Stealth Rock|p1a: Uxie
|-sidestart|p1: Der Bomber|move: Stealth Rock
|
|-heal|p2a: Swampretin|354\/404|[from] item: Leftovers
|turn|8
|join|GoaoTwo
|
|switch|p2a: Cloud|Zapdos|110\/320
|-ability|p2a: Cloud|Pressure
|move|p1a: Uxie|Stealth Rock|p2a: Cloud
|-sidestart|p2: Niconico|move: Stealth Rock
|
|turn|9
|
|switch|p1a: Heatran|Heatran, F|384\/384
|-damage|p1a: Heatran|336\/384|[from] Stealth Rock
|move|p2a: Cloud|U-turn|p1a: Heatran
|-resisted|p1a: Heatran
|-damage|p1a: Heatran|325\/384
|join|Ren-chon
|join|ELITE 4 KYLE
|
|switch|p2a: Super Star|Starmie, shiny|265\/265
|-damage|p2a: Super Star|232\/265|[from] Stealth Rock
|
|-heal|p2a: Super Star|248\/265|[from] item: Leftovers
|-heal|p1a: Heatran|349\/384|[from] item: Leftovers
|turn|10
|join|KratosMana
|
|move|p2a: Super Star|Rapid Spin|p1a: Heatran
|-resisted|p1a: Heatran
|-damage|p1a: Heatran|344\/384
|-sideend|p2: Niconico|Stealth Rock|[from] move: Rapid Spin|[of] p2a: Super Star
|move|p1a: Heatran|Substitute|p1a: Heatran
|-start|p1a: Heatran|Substitute
|-damage|p1a: Heatran|248\/384
|
|-heal|p2a: Super Star|264\/265|[from] item: Leftovers
|-heal|p1a: Heatran|272\/384|[from] item: Leftovers
|turn|11
|c|+KratosMana|VAMO QUE VAMO
|
|move|p2a: Super Star|Hydro Pump|p1a: Heatran
|-supereffective|p1a: Heatran
|-end|p1a: Heatran|Substitute
|move|p1a: Heatran|Torment|p2a: Super Star
|-start|p2a: Super Star|Torment
|
|-heal|p2a: Super Star|265\/265|[from] item: Leftovers
|-heal|p1a: Heatran|296\/384|[from] item: Leftovers
|turn|12
|join|oi bls
|c| oi bls|ME DA
|c| oi bls|AUTH
|
|switch|p2a: Swampretin|Swampert, M, shiny|354\/404
|move|p1a: Heatran|Substitute|p1a: Heatran
|-start|p1a: Heatran|Substitute
|-damage|p1a: Heatran|200\/384
|
|-heal|p1a: Heatran|224\/384|[from] item: Leftovers
|-heal|p2a: Swampretin|379\/404|[from] item: Leftovers
|turn|13
|
|move|p1a: Heatran|Protect|p1a: Heatran
|-singleturn|p1a: Heatran|Protect
|move|p2a: Swampretin|Earthquake|p1a: Heatran
|-activate|p1a: Heatran|Protect
|
|-heal|p1a: Heatran|248\/384|[from] item: Leftovers
|-heal|p2a: Swampretin|404\/404|[from] item: Leftovers
|turn|14
|
|move|p1a: Heatran|Lava Plume|p2a: Swampretin
|-resisted|p2a: Swampretin
|-damage|p2a: Swampretin|337\/404
|move|p2a: Swampretin|Earthquake|p1a: Heatran
|-supereffective|p1a: Heatran
|-end|p1a: Heatran|Substitute
|
|-heal|p1a: Heatran|272\/384|[from] item: Leftovers
|-heal|p2a: Swampretin|362\/404|[from] item: Leftovers
|turn|15
|join|CC- Draco Meteora
|
|switch|p1a: Uxie|Uxie|120\/354
|-damage|p1a: Uxie|76\/354|[from] Stealth Rock
|move|p2a: Swampretin|Roar|p1a: Uxie
|drag|p1a: Heatran|Heatran, F|272\/384
|-damage|p1a: Heatran|224\/384|[from] Stealth Rock
|
|-heal|p1a: Heatran|248\/384|[from] item: Leftovers
|-heal|p2a: Swampretin|387\/404|[from] item: Leftovers
|turn|16
|
|move|p1a: Heatran|Protect|p1a: Heatran
|-singleturn|p1a: Heatran|Protect
|move|p2a: Swampretin|Earthquake|p1a: Heatran
|-activate|p1a: Heatran|Protect
|
|-heal|p1a: Heatran|272\/384|[from] item: Leftovers
|-heal|p2a: Swampretin|404\/404|[from] item: Leftovers
|turn|17
|
|move|p1a: Heatran|Torment|p2a: Swampretin
|-start|p2a: Swampretin|Torment
|move|p2a: Swampretin|Roar|p1a: Heatran
|drag|p1a: Uxie|Uxie|76\/354
|-damage|p1a: Uxie|32\/354|[from] Stealth Rock
|
|turn|18
|join|Minato
|
|switch|p2a: Cloud|Zapdos|110\/320
|-ability|p2a: Cloud|Pressure
|move|p1a: Uxie|Memento|p2a: Cloud
|-unboost|p2a: Cloud|atk|2
|-unboost|p2a: Cloud|spa|2
|faint|p1a: Uxie
|
|c| CC- Draco Meteora|bruno dk
|join|VallejoMC
|c| CC- Draco Meteora|falaram q vc mora no lins
|
|switch|p1a: Kingdra|Kingdra, M|291\/291
|-damage|p1a: Kingdra|255\/291|[from] Stealth Rock
|turn|19
|c| CC- Draco Meteora|o_O
|
|move|p2a: Cloud|U-turn|p1a: Kingdra
|-damage|p1a: Kingdra|232\/291
|
|switch|p2a: Swampretin|Swampert, M, shiny|404\/404
|move|p1a: Kingdra|Dragon Dance|p1a: Kingdra
|-boost|p1a: Kingdra|atk|1
|-boost|p1a: Kingdra|spe|1
|
|turn|20
|c| cc- soulzin|vai alkun
|c| cc- soulzin|porra
|c| cc- soulzin|imo
|
|move|p1a: Kingdra|Outrage|p2a: Swampretin
|-damage|p2a: Swampretin|167\/404
|move|p2a: Swampretin|Roar|p1a: Kingdra
|drag|p1a: Rotom-Heat|Rotom-Heat|241\/241
|-damage|p1a: Rotom-Heat|211\/241|[from] Stealth Rock
|
|-heal|p2a: Swampretin|192\/404|[from] item: Leftovers
|turn|21
|c|+GoaoTwo|alkun alkun alkun
|c|+KratosMana|a coisa ta feia ein
|c|+GoaoTwo|dk dk dk dk dkd
|
|switch|p2a: Cloud|Zapdos|110\/320
|-ability|p2a: Cloud|Pressure
|move|p1a: Rotom-Heat|Shadow Ball|p2a: Cloud
|-damage|p2a: Cloud|0 fnt
|faint|p2a: Cloud
|
|
|switch|p2a: BOAH|Tyranitar, F|341\/341
|-weather|Sandstorm|[from] ability: Sand Stream|[of] p2a: BOAH
|turn|22
|
|move|p1a: Rotom-Heat|Shadow Ball|p2a: BOAH
|-resisted|p2a: BOAH
|-damage|p2a: BOAH|299\/341
|move|p2a: BOAH|Dragon Dance|p2a: BOAH
|-boost|p2a: BOAH|atk|1
|-boost|p2a: BOAH|spe|1
|
|-weather|Sandstorm|[upkeep]
|-damage|p1a: Rotom-Heat|196\/241|[from] sandstorm
|turn|23
|
|switch|p1a: Kingdra|Kingdra, M|232\/291
|-damage|p1a: Kingdra|196\/291|[from] Stealth Rock
|move|p2a: BOAH|Stone Edge|p1a: Kingdra
|-damage|p1a: Kingdra|0 fnt
|-damage|p2a: BOAH|265\/341|[from] item: Life Orb
|faint|p1a: Kingdra
|
|-weather|Sandstorm|[upkeep]
|
|switch|p1a: Jirachi|Jirachi|341\/341
|-damage|p1a: Jirachi|320\/341|[from] Stealth Rock
|turn|24
|
|move|p1a: Jirachi|U-turn|p2a: BOAH
|-supereffective|p2a: BOAH
|-damage|p2a: BOAH|141\/341
|
|switch|p1a: Heatran|Heatran, F|272\/384
|-damage|p1a: Heatran|224\/384|[from] Stealth Rock
|move|p2a: BOAH|Earthquake|p1a: Heatran
|-supereffective|p1a: Heatran
|-damage|p1a: Heatran|0 fnt
|-damage|p2a: BOAH|107\/341|[from] item: Life Orb
|faint|p1a: Heatran
|
|-weather|Sandstorm|[upkeep]
|
|switch|p1a: Jirachi|Jirachi|320\/341
|-damage|p1a: Jirachi|299\/341|[from] Stealth Rock
|turn|25
|
|switch|p2a: Swampretin|Swampert, M, shiny|192\/404
|move|p1a: Jirachi|U-turn|p2a: Swampretin
|-damage|p2a: Swampretin|133\/404
|
|switch|p1a: Flygon|Flygon, M|301\/301
|-damage|p1a: Flygon|283\/301|[from] Stealth Rock
|
|-weather|Sandstorm|[upkeep]
|-heal|p2a: Swampretin|158\/404|[from] item: Leftovers
|turn|26
|
|move|p1a: Flygon|Earthquake|p2a: Swampretin
|-damage|p2a: Swampretin|58\/404
|move|p2a: Swampretin|Ice Beam|p1a: Flygon
|-supereffective|p1a: Flygon
|-damage|p1a: Flygon|0 fnt
|faint|p1a: Flygon
|
|-weather|Sandstorm|[upkeep]
|-heal|p2a: Swampretin|83\/404|[from] item: Leftovers
|c|+KratosMana|a anemia ataca novamente
|c|+KratosMana|.7flygo
|c|+KratosMana|.fomosbem
|
|switch|p1a: Jirachi|Jirachi|299\/341
|-damage|p1a: Jirachi|278\/341|[from] Stealth Rock
|turn|27
|
|move|p1a: Jirachi|Iron Head|p2a: Swampretin
|-resisted|p2a: Swampretin
|-damage|p2a: Swampretin|38\/404
|cant|p2a: Swampretin|flinch
|
|-weather|Sandstorm|[upkeep]
|-heal|p2a: Swampretin|63\/404|[from] item: Leftovers
|turn|28
|
|move|p1a: Jirachi|Iron Head|p2a: Swampretin
|-resisted|p2a: Swampretin
|-damage|p2a: Swampretin|18\/404
|cant|p2a: Swampretin|flinch
|
|-weather|Sandstorm|[upkeep]
|-heal|p2a: Swampretin|43\/404|[from] item: Leftovers
|turn|29
|
|move|p1a: Jirachi|Iron Head|p2a: Swampretin
|-resisted|p2a: Swampretin
|-damage|p2a: Swampretin|0 fnt
|faint|p2a: Swampretin
|
|-weather|Sandstorm|[upkeep]
|c|+GoaoTwo|skill porra imo
|c|+KratosMana|olha a virada
|
|switch|p2a: Jirachi|Jirachi, shiny|341\/341
|turn|30
|c|+KratosMana|nvm
|
|switch|p1a: Rotom-Heat|Rotom-Heat|196\/241
|-damage|p1a: Rotom-Heat|166\/241|[from] Stealth Rock
|move|p2a: Jirachi|Fire Punch|p1a: Rotom-Heat
|-damage|p1a: Rotom-Heat|99\/241
|-status|p1a: Rotom-Heat|brn
|
|-weather|Sandstorm|[upkeep]
|-damage|p1a: Rotom-Heat|84\/241 brn|[from] sandstorm
|-damage|p1a: Rotom-Heat|54\/241 brn|[from] brn
|turn|31
|
|move|p2a: Jirachi|Fire Punch|p1a: Rotom-Heat
|-damage|p1a: Rotom-Heat|0 fnt
|faint|p1a: Rotom-Heat
|
|-weather|Sandstorm|[upkeep]
|c|âDer Bomber|gg
|
|switch|p1a: Jirachi|Jirachi|278\/341
|-damage|p1a: Jirachi|257\/341|[from] Stealth Rock
|turn|32
|c|âNiconico|gg
|c| cc- soulzin|boa
|
|move|p2a: Jirachi|Fire Punch|p1a: Jirachi
|-crit|p1a: Jirachi
|-supereffective|p1a: Jirachi
|-damage|p1a: Jirachi|0 fnt
|faint|p1a: Jirachi
|
|win|Niconico
|leave|cc- soulzin
|leave|Ren-chon
|leave|KratosMana
|leave|GoaoTwo
|c|âDer Bomber|gg
|leave|Der Bomber
|player|p1
|join|Der Bomber
|leave|VallejoMC
|leave|CC- Draco Meteora
|leave|Der Bomber
|join|NejinoKami
|leave|oi bls
|leave|ELITE 4 KYLE
|leave|Minato
|leave|NejinoKami
|leave|Niconico
|player|p2
|join|SoulDragonite