|join|Sacripan'
|join|Mariners Mom
|player|p1|Sacripan'|169
|player|p2|Mariners Mom|163
|gametype|singles
|gen|6
|tier|UU
|rated
|rule|Sleep Clause Mod: Limit one foe put to sleep
|rule|Species Clause: Limit one of each PokÃ©mon
|rule|OHKO Clause: OHKO moves are banned
|rule|Moody Clause: Moody is banned
|rule|Evasion Moves Clause: Evasion moves are banned
|rule|Endless Battle Clause: Forcing endless battles is banned
|rule|HP Percentage Mod: HP is shown in percentages
|clearpoke
|poke|p1|Absol, F
|poke|p1|Nidoqueen, F
|poke|p1|Roserade, M
|poke|p1|Mienshao, F
|poke|p1|Jirachi
|poke|p1|Suicune
|poke|p2|Kyurem
|poke|p2|Spiritomb, F
|poke|p2|Tentacruel, F
|poke|p2|Umbreon, M
|poke|p2|Gastrodon, F
|poke|p2|Clefairy, M
|rule|Swagger Clause: Swagger is banned
|rule|Baton Pass Clause: Limit one PokÃ©mon knowing Baton Pass
|teampreview
|
|start
|switch|p1a: Nidoqueen|Nidoqueen, F|384\/384
|switch|p2a: Grog|Clefairy, M|344\/344
|turn|1
|
|switch|p2a: Umbreon|Umbreon, M|391\/391
|move|p1a: Nidoqueen|Sludge Wave|p2a: Umbreon
|-damage|p2a: Umbreon|255\/391
|
|-heal|p2a: Umbreon|279\/391|[from] item: Leftovers
|turn|2
|
|move|p1a: Nidoqueen|Stealth Rock|p2a: Umbreon
|-sidestart|p2: Mariners Mom|move: Stealth Rock
|move|p2a: Umbreon|Foul Play|p1a: Nidoqueen
|-damage|p1a: Nidoqueen|284\/384
|
|-heal|p2a: Umbreon|303\/391|[from] item: Leftovers
|turn|3
|
|move|p1a: Nidoqueen|Sludge Wave|p2a: Umbreon
|-damage|p2a: Umbreon|174\/391
|move|p2a: Umbreon|Foul Play|p1a: Nidoqueen
|-damage|p1a: Nidoqueen|181\/384
|
|-heal|p2a: Umbreon|198\/391|[from] item: Leftovers
|turn|4
|
|switch|p1a: Absol|Absol, F|271\/271
|move|p2a: Umbreon|Wish|p2a: Umbreon
|
|-heal|p2a: Umbreon|222\/391|[from] item: Leftovers
|turn|5
|
|switch|p2a: Grog|Clefairy, M|344\/344
|move|p1a: Absol|Play Rough|p2a: Grog
|-damage|p2a: Grog|261\/344
|
|-heal|p2a: Grog|344\/344|[from] move: Wish|[wisher] Umbreon
|turn|6
|
|switch|p1a: Nidoqueen|Nidoqueen, F|181\/384
|move|p2a: Grog|Stealth Rock|p1a: Nidoqueen
|-sidestart|p1: Sacripan'|move: Stealth Rock
|
|turn|7
|
|switch|p2a: Tentacruel|Tentacruel, F|352\/352
|-damage|p2a: Tentacruel|308\/352|[from] Stealth Rock
|move|p1a: Nidoqueen|Sludge Wave|p2a: Tentacruel
|-resisted|p2a: Tentacruel
|-damage|p2a: Tentacruel|213\/352
|
|-heal|p2a: Tentacruel|235\/352|[from] item: Black Sludge
|turn|8
|
|switch|p1a: Suicune|Suicune|404\/404
|-damage|p1a: Suicune|354\/404|[from] Stealth Rock
|-ability|p1a: Suicune|Pressure
|move|p2a: Tentacruel|Scald|p1a: Suicune
|-resisted|p1a: Suicune
|-damage|p1a: Suicune|318\/404
|-status|p1a: Suicune|brn
|
|-heal|p2a: Tentacruel|257\/352|[from] item: Black Sludge
|-heal|p1a: Suicune|343\/404 brn|[from] item: Leftovers
|-damage|p1a: Suicune|293\/404 brn|[from] brn
|turn|9
|
|switch|p2a: Gastrodon|Gastrodon, F|426\/426
|-damage|p2a: Gastrodon|400\/426|[from] Stealth Rock
|move|p1a: Suicune|Rest|p1a: Suicune
|-status|p1a: Suicune|slp
|-heal|p1a: Suicune|404\/404 slp|[silent]
|-status|p1a: Suicune|slp|[from] move: Rest
|
|-heal|p2a: Gastrodon|426\/426|[from] item: Leftovers
|turn|10
|
|switch|p1a: Roserade|Roserade, M|262\/262
|-damage|p1a: Roserade|230\/262|[from] Stealth Rock
|move|p2a: Gastrodon|Scald|p1a: Roserade
|-resisted|p1a: Roserade
|-damage|p1a: Roserade|187\/262
|
|turn|11
|
|switch|p2a: Umbreon|Umbreon, M|222\/391
|-damage|p2a: Umbreon|174\/391|[from] Stealth Rock
|move|p1a: Roserade|Giga Drain|p2a: Umbreon
|-damage|p2a: Umbreon|99\/391
|-heal|p1a: Roserade|225\/262|[from] drain|[of] p2a: Umbreon
|
|-heal|p2a: Umbreon|123\/391|[from] item: Leftovers
|turn|12
|
|move|p1a: Roserade|Spikes|p2a: Umbreon
|-sidestart|p2: Mariners Mom|Spikes
|move|p2a: Umbreon|Wish|p2a: Umbreon
|
|-heal|p2a: Umbreon|147\/391|[from] item: Leftovers
|turn|13
|
|move|p1a: Roserade|Spikes|p2a: Umbreon
|-sidestart|p2: Mariners Mom|Spikes
|move|p2a: Umbreon|Foul Play|p1a: Roserade
|-damage|p1a: Roserade|126\/262
|
|-heal|p2a: Umbreon|342\/391|[from] move: Wish|[wisher] Umbreon
|-heal|p2a: Umbreon|366\/391|[from] item: Leftovers
|turn|14
|
|switch|p2a: Tentacruel|Tentacruel, F|257\/352
|-damage|p2a: Tentacruel|199\/352|[from] Spikes
|-damage|p2a: Tentacruel|155\/352|[from] Stealth Rock
|move|p1a: Roserade|Spikes|p2a: Tentacruel
|-sidestart|p2: Mariners Mom|Spikes
|
|-heal|p2a: Tentacruel|177\/352|[from] item: Black Sludge
|turn|15
|
|move|p1a: Roserade|Giga Drain|p2a: Tentacruel
|-damage|p2a: Tentacruel|69\/352
|-damage|p1a: Roserade|72\/262|[from] ability: Liquid Ooze|[of] p2a: Tentacruel
|move|p2a: Tentacruel|Rapid Spin|p1a: Roserade
|-damage|p1a: Roserade|58\/262
|-sideend|p2: Mariners Mom|Spikes|[from] move: Rapid Spin|[of] p2a: Tentacruel
|-sideend|p2: Mariners Mom|Stealth Rock|[from] move: Rapid Spin|[of] p2a: Tentacruel
|
|-heal|p2a: Tentacruel|91\/352|[from] item: Black Sludge
|turn|16
|
|switch|p2a: Cojiro|Kyurem|391\/391
|-ability|p2a: Cojiro|Pressure
|move|p1a: Roserade|Sleep Powder|p2a: Cojiro
|-status|p2a: Cojiro|slp
|
|turn|17
|join|skysoki
|
|switch|p2a: Umbreon|Umbreon, M|366\/391
|move|p1a: Roserade|Spikes|p2a: Umbreon
|-sidestart|p2: Mariners Mom|Spikes
|
|-heal|p2a: Umbreon|390\/391|[from] item: Leftovers
|turn|18
|
|move|p1a: Roserade|Spikes|p2a: Umbreon
|-sidestart|p2: Mariners Mom|Spikes
|move|p2a: Umbreon|Foul Play|p1a: Roserade
|-damage|p1a: Roserade|0 fnt
|faint|p1a: Roserade
|
|-heal|p2a: Umbreon|391\/391|[from] item: Leftovers
|
|switch|p1a: Absol|Absol, F|271\/271
|-damage|p1a: Absol|238\/271|[from] Stealth Rock
|turn|19
|
|switch|p2a: Grog|Clefairy, M|344\/344
|move|p1a: Absol|Play Rough|p2a: Grog|[miss]
|-miss|p1a: Absol|p2a: Grog
|
|turn|20
|
|switch|p1a: Nidoqueen|Nidoqueen, F|181\/384
|-damage|p1a: Nidoqueen|157\/384|[from] Stealth Rock
|switch|p2a: Tentacruel|Tentacruel, F|91\/352
|-damage|p2a: Tentacruel|33\/352|[from] Spikes
|
|-heal|p2a: Tentacruel|55\/352|[from] item: Black Sludge
|turn|21
|
|move|p2a: Tentacruel|Rapid Spin|p1a: Nidoqueen
|-damage|p1a: Nidoqueen|145\/384
|-sideend|p2: Mariners Mom|Spikes|[from] move: Rapid Spin|[of] p2a: Tentacruel
|move|p1a: Nidoqueen|Stealth Rock|p2a: Tentacruel
|-sidestart|p2: Mariners Mom|move: Stealth Rock
|
|-heal|p2a: Tentacruel|77\/352|[from] item: Black Sludge
|turn|22
|
|move|p2a: Tentacruel|Rapid Spin|p1a: Nidoqueen
|-damage|p1a: Nidoqueen|132\/384
|-sideend|p2: Mariners Mom|Stealth Rock|[from] move: Rapid Spin|[of] p2a: Tentacruel
|move|p1a: Nidoqueen|Earth Power|p2a: Tentacruel
|-supereffective|p2a: Tentacruel
|-damage|p2a: Tentacruel|0 fnt
|faint|p2a: Tentacruel
|
|
|switch|p2a: Spiritomb|Spiritomb, F|304\/304
|turn|23
|
|move|p1a: Nidoqueen|Stealth Rock|p2a: Spiritomb
|-sidestart|p2: Mariners Mom|move: Stealth Rock
|move|p2a: Spiritomb|Pursuit|p1a: Nidoqueen
|-damage|p1a: Nidoqueen|48\/384
|
|turn|24
|
|move|p2a: Spiritomb|Sucker Punch|p1a: Nidoqueen
|-damage|p1a: Nidoqueen|0 fnt
|faint|p1a: Nidoqueen
|
|
|switch|p1a: Absol|Absol, F|238\/271
|-damage|p1a: Absol|205\/271|[from] Stealth Rock
|turn|25
|
|switch|p1a: Jirachi|Jirachi|341\/341
|-damage|p1a: Jirachi|320\/341|[from] Stealth Rock
|switch|p2a: Grog|Clefairy, M|344\/344
|
|-heal|p1a: Jirachi|341\/341|[from] item: Leftovers
|turn|26
|
|switch|p2a: Gastrodon|Gastrodon, F|426\/426
|-damage|p2a: Gastrodon|400\/426|[from] Stealth Rock
|move|p1a: Jirachi|U-turn|p2a: Gastrodon
|-damage|p2a: Gastrodon|335\/426
|
|switch|p1a: Mienshao|Mienshao, F|271\/271
|-damage|p1a: Mienshao|255\/271|[from] Stealth Rock
|
|-heal|p2a: Gastrodon|361\/426|[from] item: Leftovers
|turn|27
|leave|skysoki
|
|switch|p2a: Grog|Clefairy, M|344\/344
|move|p1a: Mienshao|U-turn|p2a: Grog
|-resisted|p2a: Grog
|-damage|p2a: Grog|316\/344
|
|switch|p1a: Jirachi|Jirachi|341\/341
|-damage|p1a: Jirachi|320\/341|[from] Stealth Rock
|
|-heal|p1a: Jirachi|341\/341|[from] item: Leftovers
|turn|28
|join|skysoki
|
|switch|p2a: Spiritomb|Spiritomb, F|304\/304
|-damage|p2a: Spiritomb|266\/304|[from] Stealth Rock
|move|p1a: Jirachi|U-turn|p2a: Spiritomb
|-damage|p2a: Spiritomb|205\/304
|
|switch|p1a: Absol|Absol, F|205\/271
|-damage|p1a: Absol|172\/271|[from] Stealth Rock
|
|turn|29
|
|switch|p2a: Grog|Clefairy, M|316\/344
|detailschange|p1a: Absol|Absol-Mega, F
|-mega|p1a: Absol|Absol|Absolite
|move|p1a: Absol|Knock Off|p2a: Grog
|-resisted|p2a: Grog
|-damage|p2a: Grog|250\/344
|-enditem|p2a: Grog|Eviolite|[from] move: Knock Off|[of] p1a: Absol
|
|turn|30
|c| skysoki|ce clegary
|
|switch|p1a: Jirachi|Jirachi|341\/341
|-damage|p1a: Jirachi|320\/341|[from] Stealth Rock
|switch|p2a: Spiritomb|Spiritomb, F|205\/304
|-damage|p2a: Spiritomb|167\/304|[from] Stealth Rock
|
|-heal|p1a: Jirachi|341\/341|[from] item: Leftovers
|turn|31
|c| skysoki|clefairy
|
|move|p1a: Jirachi|Iron Head|p2a: Spiritomb
|-damage|p2a: Spiritomb|46\/304
|cant|p2a: Spiritomb|flinch
|
|turn|32
|
|switch|p1a: Absol|Absol-Mega, F|172\/271
|-damage|p1a: Absol|139\/271|[from] Stealth Rock
|move|p2a: Spiritomb|Sucker Punch|p1a: Absol
|-fail|p1a: Absol
|
|turn|33
|
|move|p1a: Absol|Sucker Punch|p2a: Spiritomb
|-damage|p2a: Spiritomb|0 fnt
|faint|p2a: Spiritomb
|
|
|switch|p2a: Gastrodon|Gastrodon, F|361\/426
|-damage|p2a: Gastrodon|335\/426|[from] Stealth Rock
|turn|34
|
|move|p1a: Absol|Knock Off|p2a: Gastrodon
|-damage|p2a: Gastrodon|160\/426
|-enditem|p2a: Gastrodon|Leftovers|[from] move: Knock Off|[of] p1a: Absol
|move|p2a: Gastrodon|Scald|p1a: Absol
|-damage|p1a: Absol|0 fnt
|faint|p1a: Absol
|
|
|switch|p1a: Mienshao|Mienshao, F|255\/271
|-damage|p1a: Mienshao|239\/271|[from] Stealth Rock
|turn|35
|
|move|p1a: Mienshao|U-turn|p2a: Gastrodon
|-damage|p2a: Gastrodon|83\/426
|
|switch|p1a: Jirachi|Jirachi|341\/341
|-damage|p1a: Jirachi|320\/341|[from] Stealth Rock
|move|p2a: Gastrodon|Recover|p2a: Gastrodon
|-heal|p2a: Gastrodon|296\/426
|
|-heal|p1a: Jirachi|341\/341|[from] item: Leftovers
|turn|36
|
|move|p1a: Jirachi|Zen Headbutt|p2a: Gastrodon
|-damage|p2a: Gastrodon|190\/426
|move|p2a: Gastrodon|Scald|p1a: Jirachi
|-damage|p1a: Jirachi|253\/341
|
|-heal|p1a: Jirachi|274\/341|[from] item: Leftovers
|turn|37
|
|move|p1a: Jirachi|Iron Head|p2a: Gastrodon
|-resisted|p2a: Gastrodon
|-damage|p2a: Gastrodon|131\/426
|move|p2a: Gastrodon|Scald|p1a: Jirachi
|-damage|p1a: Jirachi|193\/341
|-status|p1a: Jirachi|brn
|
|-heal|p1a: Jirachi|214\/341 brn|[from] item: Leftovers
|-damage|p1a: Jirachi|172\/341 brn|[from] brn
|turn|38
|
|move|p1a: Jirachi|Iron Head|p2a: Gastrodon
|-resisted|p2a: Gastrodon
|-damage|p2a: Gastrodon|105\/426
|move|p2a: Gastrodon|Recover|p2a: Gastrodon
|-heal|p2a: Gastrodon|318\/426
|
|-heal|p1a: Jirachi|193\/341 brn|[from] item: Leftovers
|-damage|p1a: Jirachi|151\/341 brn|[from] brn
|turn|39
|c|âSacripan'|I'm so unlucky
|
|move|p1a: Jirachi|Iron Head|p2a: Gastrodon
|-resisted|p2a: Gastrodon
|-damage|p2a: Gastrodon|289\/426
|cant|p2a: Gastrodon|flinch
|
|-heal|p1a: Jirachi|172\/341 brn|[from] item: Leftovers
|-damage|p1a: Jirachi|130\/341 brn|[from] brn
|turn|40
|
|move|p1a: Jirachi|Zen Headbutt|p2a: Gastrodon
|-damage|p2a: Gastrodon|231\/426
|cant|p2a: Gastrodon|flinch
|
|-heal|p1a: Jirachi|151\/341 brn|[from] item: Leftovers
|-damage|p1a: Jirachi|109\/341 brn|[from] brn
|turn|41
|
|move|p1a: Jirachi|Zen Headbutt|p2a: Gastrodon
|-damage|p2a: Gastrodon|173\/426
|move|p2a: Gastrodon|Recover|p2a: Gastrodon
|-heal|p2a: Gastrodon|386\/426
|
|-heal|p1a: Jirachi|130\/341 brn|[from] item: Leftovers
|-damage|p1a: Jirachi|88\/341 brn|[from] brn
|turn|42
|leave|skysoki
|
|move|p1a: Jirachi|Zen Headbutt|p2a: Gastrodon
|-damage|p2a: Gastrodon|331\/426
|cant|p2a: Gastrodon|flinch
|
|-heal|p1a: Jirachi|109\/341 brn|[from] item: Leftovers
|-damage|p1a: Jirachi|67\/341 brn|[from] brn
|turn|43
|
|move|p1a: Jirachi|U-turn|p2a: Gastrodon
|-damage|p2a: Gastrodon|300\/426
|
|switch|p1a: Mienshao|Mienshao, F|239\/271
|-damage|p1a: Mienshao|223\/271|[from] Stealth Rock
|move|p2a: Gastrodon|Recover|p2a: Gastrodon
|-heal|p2a: Gastrodon|426\/426
|
|turn|44
|
|move|p1a: Mienshao|High Jump Kick|p2a: Gastrodon
|-damage|p2a: Gastrodon|177\/426
|move|p2a: Gastrodon|Scald|p1a: Mienshao
|-damage|p1a: Mienshao|91\/271
|-status|p1a: Mienshao|brn
|
|-damage|p1a: Mienshao|58\/271 brn|[from] brn
|turn|45
|c|âSacripan'|"gg
|-message|Sacripan' forfeited.
|
|win|Mariners Mom
|raw|Ladder updating...
|raw|Sacripan&apos;'s rating: 1563 &rarr; <strong>1531<\/strong><br \/>(-32 for losing)
|raw|Mariners Mom's rating: 1325 &rarr; <strong>1357<\/strong><br \/>(+32 for winning)
|leave|Sacripan'
|player|p1