|join|Mariners Mom
|join|Mewstail
|player|p1|Mariners Mom|163
|player|p2|Mewstail|110
|gametype|singles
|gen|6
|tier|UU
|rated
|rule|Sleep Clause Mod: Limit one foe put to sleep
|rule|Species Clause: Limit one of each PokÃ©mon
|rule|OHKO Clause: OHKO moves are banned
|rule|Moody Clause: Moody is banned
|rule|Evasion Moves Clause: Evasion moves are banned
|rule|Endless Battle Clause: Forcing endless battles is banned
|rule|HP Percentage Mod: HP is shown in percentages
|clearpoke
|poke|p1|Galvantula, F
|poke|p1|Flygon, M
|poke|p1|Snorlax, F
|poke|p1|Toxicroak, F
|poke|p1|Forretress, M
|poke|p1|Chesnaught, F
|poke|p2|Fearow, M, shiny
|poke|p2|Cinccino, M
|poke|p2|Nidoking, M
|poke|p2|Medicham, M, shiny
|poke|p2|Espeon, F, shiny
|poke|p2|Rotom-Heat
|rule|Swagger Clause: Swagger is banned
|rule|Baton Pass Clause: Limit one PokÃ©mon knowing Baton Pass
|teampreview
|
|start
|switch|p1a: Electro Web|Galvantula, F|281\/281
|switch|p2a: Espeon|Espeon, F, shiny|271\/271
|turn|1
|
|move|p2a: Espeon|Calm Mind|p2a: Espeon
|-boost|p2a: Espeon|spa|1
|-boost|p2a: Espeon|spd|1
|move|p1a: Electro Web|Bug Buzz|p2a: Espeon
|-supereffective|p2a: Espeon
|-damage|p2a: Espeon|7\/271
|
|turn|2
|
|switch|p1a: Karkas|Snorlax, F|524\/524
|move|p2a: Espeon|Psyshock|p1a: Karkas
|-damage|p1a: Karkas|133\/524
|-damage|p2a: Espeon|0 fnt|[from] item: Life Orb
|faint|p2a: Espeon
|
|-heal|p1a: Karkas|165\/524|[from] item: Leftovers
|
|switch|p2a: Cinccino|Cinccino, M|291\/291
|turn|3
|
|switch|p1a: Steel Head|Forretress, M|354\/354
|move|p2a: Cinccino|Bullet Seed|p1a: Steel Head
|-resisted|p1a: Steel Head
|-damage|p1a: Steel Head|351\/354
|-resisted|p1a: Steel Head
|-damage|p1a: Steel Head|348\/354
|-crit|p1a: Steel Head
|-resisted|p1a: Steel Head
|-damage|p1a: Steel Head|343\/354
|-resisted|p1a: Steel Head
|-damage|p1a: Steel Head|340\/354
|-resisted|p1a: Steel Head
|-damage|p1a: Steel Head|337\/354
|-hitcount|p1a: Steel Head|5
|
|-heal|p1a: Steel Head|354\/354|[from] item: Leftovers
|turn|4
|
|move|p2a: Cinccino|U-turn|p1a: Steel Head
|-resisted|p1a: Steel Head
|-damage|p1a: Steel Head|336\/354
|
|switch|p2a: Rotom-Heat|Rotom-Heat|304\/304
|move|p1a: Steel Head|Stealth Rock|p2a: Rotom-Heat
|-sidestart|p2: Mewstail|move: Stealth Rock
|
|-heal|p1a: Steel Head|354\/354|[from] item: Leftovers
|turn|5
|c|âMariners Mom|i like you man
|
|switch|p1a: Karkas|Snorlax, F|165\/524
|move|p2a: Rotom-Heat|Overheat|p1a: Karkas
|-damage|p1a: Karkas|111\/524
|-unboost|p2a: Rotom-Heat|spa|2
|
|-heal|p1a: Karkas|143\/524|[from] item: Leftovers
|turn|6
|c|âMariners Mom|you use fearow in uu :]
|
|move|p2a: Rotom-Heat|Will-O-Wisp|p1a: Karkas
|-status|p1a: Karkas|brn
|move|p1a: Karkas|Rest|p1a: Karkas
|-status|p1a: Karkas|slp
|-heal|p1a: Karkas|524\/524 slp|[silent]
|-status|p1a: Karkas|slp|[from] move: Rest
|
|turn|7
|
|move|p2a: Rotom-Heat|Volt Switch|p1a: Karkas
|-damage|p1a: Karkas|493\/524 slp
|
|switch|p2a: Medicham|Medicham, M, shiny|261\/261
|-damage|p2a: Medicham|245\/261|[from] Stealth Rock
|cant|p1a: Karkas|slp
|move|p1a: Karkas|Sleep Talk|p1a: Karkas
|move|p1a: Karkas|Rest|p1a: Karkas|[from]Sleep Talk
|-fail|p1a: Karkas
|
|-heal|p1a: Karkas|524\/524 slp|[from] item: Leftovers
|turn|8
|
|switch|p1a: Steel Head|Forretress, M|354\/354
|detailschange|p2a: Medicham|Medicham-Mega, M, shiny
|-mega|p2a: Medicham|Medicham|Medichamite
|move|p2a: Medicham|High Jump Kick|p1a: Steel Head
|-damage|p1a: Steel Head|137\/354
|
|-heal|p1a: Steel Head|159\/354|[from] item: Leftovers
|turn|9
|
|move|p2a: Medicham|High Jump Kick|p1a: Steel Head
|-damage|p1a: Steel Head|0 fnt
|faint|p1a: Steel Head
|
|
|switch|p1a: Electro Web|Galvantula, F|281\/281
|turn|10
|
|move|p1a: Electro Web|Bug Buzz|p2a: Medicham
|-damage|p2a: Medicham|25\/261
|move|p2a: Medicham|Ice Punch|p1a: Electro Web
|-damage|p1a: Electro Web|41\/281
|
|turn|11
|
|switch|p2a: Nidoking|Nidoking, M|303\/303
|-damage|p2a: Nidoking|285\/303|[from] Stealth Rock
|move|p1a: Electro Web|Bug Buzz|p2a: Nidoking
|-resisted|p2a: Nidoking
|-damage|p2a: Nidoking|164\/303
|
|turn|12
|
|switch|p1a: Karkas|Snorlax, F|524\/524 slp
|move|p2a: Nidoking|Ice Punch|p1a: Karkas
|-damage|p1a: Karkas|453\/524 slp
|
|-heal|p1a: Karkas|485\/524 slp|[from] item: Leftovers
|turn|13
|
|switch|p2a: Cinccino|Cinccino, M|291\/291
|-damage|p2a: Cinccino|255\/291|[from] Stealth Rock
|cant|p1a: Karkas|slp
|move|p1a: Karkas|Sleep Talk|p1a: Karkas
|move|p1a: Karkas|Rest|p1a: Karkas|[from]Sleep Talk
|-fail|p1a: Karkas
|
|-heal|p1a: Karkas|517\/524 slp|[from] item: Leftovers
|turn|14
|
|switch|p1a: Cheshot|Chesnaught, F|380\/380
|move|p2a: Cinccino|Rock Blast|p1a: Cheshot
|-crit|p1a: Cheshot
|-resisted|p1a: Cheshot
|-damage|p1a: Cheshot|367\/380
|-resisted|p1a: Cheshot
|-damage|p1a: Cheshot|358\/380
|-resisted|p1a: Cheshot
|-damage|p1a: Cheshot|351\/380
|-resisted|p1a: Cheshot
|-damage|p1a: Cheshot|344\/380
|-resisted|p1a: Cheshot
|-damage|p1a: Cheshot|336\/380
|-hitcount|p1a: Cheshot|5
|
|-heal|p1a: Cheshot|359\/380|[from] item: Leftovers
|turn|15
|
|move|p2a: Cinccino|Tail Slap|p1a: Cheshot
|-damage|p1a: Cheshot|334\/380
|-damage|p1a: Cheshot|309\/380
|-damage|p1a: Cheshot|284\/380
|-damage|p1a: Cheshot|259\/380
|-damage|p1a: Cheshot|237\/380
|-hitcount|p1a: Cheshot|5
|cant|p1a: Cheshot|flinch
|
|-heal|p1a: Cheshot|260\/380|[from] item: Leftovers
|turn|16
|
|move|p1a: Cheshot|Spiky Shield|p1a: Cheshot
|-singleturn|p1a: Cheshot|move: Protect
|move|p2a: Cinccino|Tail Slap|p1a: Cheshot
|-activate|p1a: Cheshot|move: Protect
|-damage|p2a: Cinccino|219\/291|[from] Spiky Shield|[of] p1a: Cheshot
|
|-heal|p1a: Cheshot|283\/380|[from] item: Leftovers
|turn|17
|
|move|p2a: Cinccino|Tail Slap|p1a: Cheshot|[miss]
|-miss|p2a: Cinccino|p1a: Cheshot
|move|p1a: Cheshot|Spikes|p2a: Cinccino
|-sidestart|p2: Mewstail|Spikes
|
|-heal|p1a: Cheshot|306\/380|[from] item: Leftovers
|turn|18
|
|move|p2a: Cinccino|Tail Slap|p1a: Cheshot
|-damage|p1a: Cheshot|281\/380
|-damage|p1a: Cheshot|257\/380
|-damage|p1a: Cheshot|232\/380
|-damage|p1a: Cheshot|208\/380
|-damage|p1a: Cheshot|186\/380
|-hitcount|p1a: Cheshot|5
|move|p1a: Cheshot|Drain Punch|p2a: Cinccino
|-supereffective|p2a: Cinccino
|-damage|p2a: Cinccino|0 fnt
|-heal|p1a: Cheshot|296\/380|[from] drain|[of] p2a: Cinccino
|faint|p2a: Cinccino
|
|-heal|p1a: Cheshot|319\/380|[from] item: Leftovers
|
|switch|p2a: Fearow|Fearow, M, shiny|271\/271
|-damage|p2a: Fearow|204\/271|[from] Stealth Rock
|turn|19
|
|move|p1a: Cheshot|Spiky Shield|p1a: Cheshot
|-singleturn|p1a: Cheshot|move: Protect
|move|p2a: Fearow|Drill Peck|p1a: Cheshot
|-activate|p1a: Cheshot|move: Protect
|-damage|p2a: Fearow|171\/271|[from] Spiky Shield|[of] p1a: Cheshot
|
|-heal|p1a: Cheshot|342\/380|[from] item: Leftovers
|turn|20
|
|switch|p1a: Karkas|Snorlax, F|517\/524 slp
|move|p2a: Fearow|Drill Peck|p1a: Karkas
|-damage|p1a: Karkas|318\/524 slp
|-damage|p2a: Fearow|144\/271|[from] item: Life Orb
|
|-heal|p1a: Karkas|350\/524 slp|[from] item: Leftovers
|turn|21
|
|move|p2a: Fearow|Return|p1a: Karkas
|-damage|p1a: Karkas|76\/524 slp
|-damage|p2a: Fearow|117\/271|[from] item: Life Orb
|-curestatus|p1a: Karkas|slp
|move|p1a: Karkas|Body Slam|p2a: Fearow
|-damage|p2a: Fearow|0 fnt
|faint|p2a: Fearow
|
|-heal|p1a: Karkas|108\/524|[from] item: Leftovers
|
|switch|p2a: Rotom-Heat|Rotom-Heat|304\/304
|-damage|p2a: Rotom-Heat|228\/304|[from] Stealth Rock
|turn|22
|
|move|p2a: Rotom-Heat|Volt Switch|p1a: Karkas
|-damage|p1a: Karkas|51\/524
|
|switch|p2a: Medicham|Medicham-Mega, M, shiny|25\/261
|-damage|p2a: Medicham|9\/261|[from] Stealth Rock
|-damage|p2a: Medicham|0 fnt|[from] Spikes
|faint|p2a: Medicham
|move|p1a: Karkas|Rest|p1a: Karkas
|-status|p1a: Karkas|slp
|-heal|p1a: Karkas|524\/524 slp|[silent]
|-status|p1a: Karkas|slp|[from] move: Rest
|
|
|switch|p2a: Nidoking|Nidoking, M|164\/303
|-damage|p2a: Nidoking|127\/303|[from] Spikes
|-damage|p2a: Nidoking|109\/303|[from] Stealth Rock
|turn|23
|
|move|p2a: Nidoking|Poison Jab|p1a: Karkas
|-damage|p1a: Karkas|308\/524 slp
|cant|p1a: Karkas|slp
|move|p1a: Karkas|Sleep Talk|p1a: Karkas
|move|p1a: Karkas|Rest|p1a: Karkas|[from]Sleep Talk
|-fail|p1a: Karkas
|
|-heal|p1a: Karkas|340\/524 slp|[from] item: Leftovers
|turn|24
|
|move|p2a: Nidoking|Poison Jab|p1a: Karkas
|-damage|p1a: Karkas|124\/524 slp
|cant|p1a: Karkas|slp
|move|p1a: Karkas|Sleep Talk|p1a: Karkas
|move|p1a: Karkas|Rest|p1a: Karkas|[from]Sleep Talk
|-fail|p1a: Karkas
|
|-heal|p1a: Karkas|156\/524 slp|[from] item: Leftovers
|turn|25
|
|switch|p1a: Weak Ass|Flygon, M|301\/301
|move|p2a: Nidoking|Poison Jab|p1a: Weak Ass
|-resisted|p1a: Weak Ass
|-damage|p1a: Weak Ass|208\/301
|
|turn|26
|
|switch|p2a: Rotom-Heat|Rotom-Heat|228\/304
|-damage|p2a: Rotom-Heat|152\/304|[from] Stealth Rock
|move|p1a: Weak Ass|Dragon Claw|p2a: Rotom-Heat
|-damage|p2a: Rotom-Heat|53\/304
|
|-heal|p2a: Rotom-Heat|72\/304|[from] item: Leftovers
|turn|27
|
|move|p1a: Weak Ass|Dragon Claw|p2a: Rotom-Heat
|-damage|p2a: Rotom-Heat|0 fnt
|faint|p2a: Rotom-Heat
|
|
|switch|p2a: Nidoking|Nidoking, M|109\/303
|-damage|p2a: Nidoking|72\/303|[from] Spikes
|-damage|p2a: Nidoking|54\/303|[from] Stealth Rock
|turn|28
|
|move|p1a: Weak Ass|Dragon Claw|p2a: Nidoking
|-damage|p2a: Nidoking|0 fnt
|faint|p2a: Nidoking
|
|win|Mariners Mom
|raw|Ladder updating...
|raw|Mariners Mom's rating: 1256 &rarr; <strong>1272<\/strong><br \/>(+16 for winning)
|raw|Mewstail's rating: 1125 &rarr; <strong>1109<\/strong><br \/>(-16 for losing)
|leave|Mewstail
|player|p2
|c|âMariners Mom|gg