|join|ChoiceSpec
|join|Mariners Mom
|player|p1|ChoiceSpec|265
|player|p2|Mariners Mom|163
|gametype|singles
|gen|6
|tier|UU
|rated
|rule|Sleep Clause Mod: Limit one foe put to sleep
|rule|Species Clause: Limit one of each PokÃ©mon
|rule|OHKO Clause: OHKO moves are banned
|rule|Moody Clause: Moody is banned
|rule|Evasion Moves Clause: Evasion moves are banned
|rule|Endless Battle Clause: Forcing endless battles is banned
|rule|HP Percentage Mod: HP is shown in percentages
|clearpoke
|poke|p1|Serperior, M
|poke|p1|Whimsicott, M
|poke|p1|Medicham, M
|poke|p1|Tornadus, M
|poke|p1|Aerodactyl, M
|poke|p1|Cobalion
|poke|p2|Sharpedo, F
|poke|p2|Machamp, F
|poke|p2|Froslass, F
|poke|p2|Swampert, M
|poke|p2|Spiritomb, M, shiny
|poke|p2|Reuniclus, M, shiny
|rule|Swagger Clause: Swagger is banned
|rule|Baton Pass Clause: Limit one PokÃ©mon knowing Baton Pass
|teampreview
|
|start
|switch|p1a: Christy Mack|Aerodactyl, M|301\/301
|switch|p2a: Popstackles|Froslass, F|343\/343
|-ability|p1a: Christy Mack|Unnerve|p2: Mariners Mom
|turn|1
|
|move|p1a: Christy Mack|Taunt|p2a: Popstackles
|-start|p2a: Popstackles|move: Taunt
|move|p2a: Popstackles|Ice Beam|p1a: Christy Mack
|-crit|p1a: Christy Mack
|-supereffective|p1a: Christy Mack
|-enditem|p1a: Christy Mack|Focus Sash
|-damage|p1a: Christy Mack|1\/301
|-status|p1a: Christy Mack|frz
|
|turn|2
|c|âChoiceSpec|what the fuck
|c|âChoiceSpec|just
|c|âChoiceSpec|happened
|c|âChoiceSpec|this is
|c|âChoiceSpec|bull
|c|âChoiceSpec|shit
|c|âChoiceSpec|kill
|c|âChoiceSpec|your
|c|âChoiceSpec|self
|c|âMariners Mom|no
|
|cant|p1a: Christy Mack|frz
|move|p2a: Popstackles|Ice Beam|p1a: Christy Mack
|-supereffective|p1a: Christy Mack
|-damage|p1a: Christy Mack|0 fnt
|faint|p1a: Christy Mack
|
|c|âChoiceSpec|FUCKING CUNT
|c|âChoiceSpec|ILL EAT YOU
|
|switch|p1a: Cobalion|Cobalion|323\/323
|turn|3
|
|move|p2a: Popstackles|Ice Beam|p1a: Cobalion
|-resisted|p1a: Cobalion
|-damage|p1a: Cobalion|264\/323
|move|p1a: Cobalion|Rock Polish|p1a: Cobalion
|-boost|p1a: Cobalion|spe|2
|
|-end|p2a: Popstackles|move: Taunt
|turn|4
|c|âMariners Mom|:[
|
|move|p1a: Cobalion|Iron Head|p2a: Popstackles
|-supereffective|p2a: Popstackles
|-enditem|p2a: Popstackles|Focus Sash
|-damage|p2a: Popstackles|1\/343
|-start|p1a: Cobalion|Disable|Iron Head
|-damage|p1a: Cobalion|232\/323|[from] item: Life Orb
|cant|p2a: Popstackles|flinch
|
|turn|5
|
|switch|p1a: Kendra Lust|Serperior, M|291\/291
|move|p2a: Popstackles|Spikes|p1a: Kendra Lust
|-sidestart|p1: ChoiceSpec|Spikes
|
|turn|6
|
|move|p1a: Kendra Lust|Leaf Storm|p2a: Popstackles
|-damage|p2a: Popstackles|0 fnt
|-start|p1a: Kendra Lust|Disable|Leaf Storm
|-boost|p1a: Kendra Lust|spa|2
|-damage|p1a: Kendra Lust|262\/291|[from] item: Life Orb
|faint|p2a: Popstackles
|
|
|switch|p2a: Machampion|Machamp, F|344\/344
|turn|7
|
|switch|p1a: Asa Akira|Whimsicott, M|324\/324
|-damage|p1a: Asa Akira|284\/324|[from] Spikes
|move|p2a: Machampion|Dynamic Punch|p1a: Asa Akira
|-resisted|p1a: Asa Akira
|-damage|p1a: Asa Akira|163\/324
|-start|p1a: Asa Akira|confusion
|-enditem|p1a: Asa Akira|Red Card|[of] p2a: Machampion
|drag|p2a: Team Player|Swampert, M|404\/404
|
|turn|8
|
|-activate|p1a: Asa Akira|confusion
|-damage|p1a: Asa Akira|144\/324|[from] confusion
|move|p2a: Team Player|Stealth Rock|p1a: Asa Akira
|-sidestart|p1: ChoiceSpec|move: Stealth Rock
|
|turn|9
|
|-end|p1a: Asa Akira|confusion
|move|p1a: Asa Akira|Tailwind|p1a: Asa Akira
|-sidestart|p1: ChoiceSpec|move: Tailwind
|move|p2a: Team Player|Roar|p1a: Asa Akira
|drag|p1a: Rachel Starr|Tornadus, M|299\/299
|-damage|p1a: Rachel Starr|225\/299|[from] Stealth Rock
|
|turn|10
|
|move|p1a: Rachel Starr|Grass Knot|p2a: Team Player
|-supereffective|p2a: Team Player
|-damage|p2a: Team Player|0 fnt
|-damage|p1a: Rachel Starr|196\/299|[from] item: Life Orb
|faint|p2a: Team Player
|
|
|switch|p2a: Tomb Raider|Spiritomb, M, shiny|304\/304
|turn|11
|
|move|p2a: Tomb Raider|Sucker Punch|p1a: Rachel Starr
|-crit|p1a: Rachel Starr
|-damage|p1a: Rachel Starr|0 fnt
|faint|p1a: Rachel Starr
|
|c|âChoiceSpec|WHAT THE FUCK
|c|âMariners Mom|;[
|c|âChoiceSpec|STOP HAXING ME YOU FUCKING BITCH
|c|âMariners Mom|i am sorry mom
|
|switch|p1a: Asa Akira|Whimsicott, M|144\/324
|-damage|p1a: Asa Akira|104\/324|[from] Stealth Rock
|-damage|p1a: Asa Akira|64\/324|[from] Spikes
|turn|12
|c|âChoiceSpec|STFU ILL EAT YOUR CUNT OUT
|c|âMariners Mom|why you do dis :[
|
|move|p1a: Asa Akira|Memento|p2a: Tomb Raider
|-unboost|p2a: Tomb Raider|atk|2
|-unboost|p2a: Tomb Raider|spa|2
|faint|p1a: Asa Akira
|move|p2a: Tomb Raider|Sucker Punch|p1: Asa Akira|[notarget]
|-notarget
|
|-sideend|p1: ChoiceSpec|move: Tailwind
|
|switch|p1a: Kendra Lust|Serperior, M|262\/291
|-damage|p1a: Kendra Lust|226\/291|[from] Spikes
|-damage|p1a: Kendra Lust|190\/291|[from] Stealth Rock
|turn|13
|
|move|p1a: Kendra Lust|Leaf Storm|p2a: Tomb Raider
|-damage|p2a: Tomb Raider|119\/304
|-boost|p1a: Kendra Lust|spa|2
|-damage|p1a: Kendra Lust|161\/291|[from] item: Life Orb
|move|p2a: Tomb Raider|Will-O-Wisp|p1a: Kendra Lust
|-status|p1a: Kendra Lust|brn
|
|-damage|p1a: Kendra Lust|125\/291 brn|[from] brn
|turn|14
|
|move|p2a: Tomb Raider|Sucker Punch|p1a: Kendra Lust
|-damage|p1a: Kendra Lust|43\/291 brn
|move|p1a: Kendra Lust|Giga Drain|p2a: Tomb Raider
|-damage|p2a: Tomb Raider|0 fnt
|-heal|p1a: Kendra Lust|103\/291 brn|[from] drain|[of] p2a: Tomb Raider
|-damage|p1a: Kendra Lust|74\/291 brn|[from] item: Life Orb
|faint|p2a: Tomb Raider
|
|-damage|p1a: Kendra Lust|38\/291 brn|[from] brn
|
|switch|p2a: Sharpedophile|Sharpedo, F|281\/281
|turn|15
|
|move|p2a: Sharpedophile|Protect|p2a: Sharpedophile
|-singleturn|p2a: Sharpedophile|Protect
|move|p1a: Kendra Lust|Giga Drain|p2a: Sharpedophile
|-activate|p2a: Sharpedophile|Protect
|
|-damage|p1a: Kendra Lust|2\/291 brn|[from] brn
|-boost|p2a: Sharpedophile|spe|1|[from] ability: Speed Boost
|turn|16
|
|detailschange|p2a: Sharpedophile|Sharpedo-Mega, F
|-mega|p2a: Sharpedophile|Sharpedo|Sharpedonite
|move|p2a: Sharpedophile|Crunch|p1a: Kendra Lust
|-damage|p1a: Kendra Lust|0 fnt
|faint|p1a: Kendra Lust
|
|
|switch|p1a: Cobalion|Cobalion|232\/323
|-damage|p1a: Cobalion|222\/323|[from] Stealth Rock
|-damage|p1a: Cobalion|182\/323|[from] Spikes
|turn|17
|
|move|p2a: Sharpedophile|Waterfall|p1a: Cobalion
|-damage|p1a: Cobalion|53\/323
|cant|p1a: Cobalion|flinch
|
|turn|18
|c|âChoiceSpec|WHAT THE FUCK
|c|âChoiceSpec|A
|c|âChoiceSpec|ARE YTOU KIDDING
|c|âChoiceSpec|FNFEHLWHFL
|c|âChoiceSpec|FUUUCKKKKK
|c|âChoiceSpec|WTFFF
|c|âMariners Mom|i am sorry
|c|âChoiceSpec|YOU LUCKY ASS CUNT
|c|âChoiceSpec|SHOW SOME REMORSE
|c|âChoiceSpec|5 HAXES
|c|âChoiceSpec|I DONT GET JACK SHIT
|-message|ChoiceSpec forfeited.
|
|win|Mariners Mom
|raw|Ladder updating...
|leave|ChoiceSpec
|player|p1
|raw|ChoiceSpec's rating: 1314 &rarr; <strong>1292<\/strong><br \/>(-22 for losing)
|raw|Mariners Mom's rating: 1291 &rarr; <strong>1318<\/strong><br \/>(+27 for winning)