|join|Mariners Mom
|join|Baci Bop
|player|p1|Mariners Mom|163
|player|p2|Baci Bop|170
|gametype|singles
|gen|6
|tier|UU
|rated
|rule|Sleep Clause Mod: Limit one foe put to sleep
|rule|Species Clause: Limit one of each PokÃ©mon
|rule|OHKO Clause: OHKO moves are banned
|rule|Moody Clause: Moody is banned
|rule|Evasion Moves Clause: Evasion moves are banned
|rule|Endless Battle Clause: Forcing endless battles is banned
|rule|HP Percentage Mod: HP is shown in percentages
|clearpoke
|poke|p1|Kyurem
|poke|p1|Spiritomb, M
|poke|p1|Tentacruel, F
|poke|p1|Umbreon, M
|poke|p1|Gastrodon, F
|poke|p1|Clefairy, M
|poke|p2|Flygon, M
|poke|p2|Infernape, M
|poke|p2|Bronzong
|poke|p2|Tangrowth, F
|poke|p2|Eelektross, M
|poke|p2|Milotic, F
|rule|Swagger Clause: Swagger is banned
|rule|Baton Pass Clause: Limit one PokÃ©mon knowing Baton Pass
|teampreview
|
|start
|switch|p1a: Tentacruel|Tentacruel, F|352\/352
|switch|p2a: Flygon|Flygon, M|301\/301
|turn|1
|
|switch|p1a: Grog|Clefairy, M|344\/344
|move|p2a: Flygon|Earthquake|p1a: Grog
|-damage|p1a: Grog|235\/344
|
|turn|2
|
|switch|p2a: Bronzong|Bronzong|337\/337
|move|p1a: Grog|Stealth Rock|p2a: Bronzong
|-sidestart|p2: Baci Bop|move: Stealth Rock
|
|turn|3
|
|switch|p1a: Tentacruel|Tentacruel, F|352\/352
|move|p2a: Bronzong|Stealth Rock|p1a: Tentacruel
|-sidestart|p1: Mariners Mom|move: Stealth Rock
|
|turn|4
|
|move|p1a: Tentacruel|Knock Off|p2a: Bronzong
|-crit|p2a: Bronzong
|-supereffective|p2a: Bronzong
|-damage|p2a: Bronzong|209\/337
|-enditem|p2a: Bronzong|Light Clay|[from] move: Knock Off|[of] p1a: Tentacruel
|move|p2a: Bronzong|Light Screen|p2a: Bronzong
|-sidestart|p2: Baci Bop|move: Light Screen
|
|turn|5
|
|move|p1a: Tentacruel|Scald|p2a: Bronzong
|-damage|p2a: Bronzong|182\/337
|move|p2a: Bronzong|Psychic|p1a: Tentacruel
|-supereffective|p1a: Tentacruel
|-damage|p1a: Tentacruel|200\/352
|
|-heal|p1a: Tentacruel|222\/352|[from] item: Black Sludge
|turn|6
|
|switch|p1a: Umbreon|Umbreon, M|391\/391
|-damage|p1a: Umbreon|343\/391|[from] Stealth Rock
|move|p2a: Bronzong|Psychic|p1a: Umbreon
|-immune|p1a: Umbreon|[msg]
|
|-heal|p1a: Umbreon|367\/391|[from] item: Leftovers
|turn|7
|
|move|p1a: Umbreon|Wish|p1a: Umbreon
|move|p2a: Bronzong|Reflect|p2a: Bronzong
|-sidestart|p2: Baci Bop|Reflect
|
|-heal|p1a: Umbreon|391\/391|[from] item: Leftovers
|turn|8
|
|switch|p1a: Spiritomb|Spiritomb, M|304\/304
|-damage|p1a: Spiritomb|266\/304|[from] Stealth Rock
|switch|p2a: Tangrowth|Tangrowth, F|404\/404
|-damage|p2a: Tangrowth|354\/404|[from] Stealth Rock
|
|-heal|p1a: Spiritomb|304\/304|[from] move: Wish|[wisher] Umbreon
|-heal|p2a: Tangrowth|379\/404|[from] item: Leftovers
|-sideend|p2: Baci Bop|move: Light Screen
|turn|9
|
|move|p2a: Tangrowth|Knock Off|p1a: Spiritomb
|-damage|p1a: Spiritomb|240\/304
|-enditem|p1a: Spiritomb|Black Glasses|[from] move: Knock Off|[of] p2a: Tangrowth
|move|p1a: Spiritomb|Will-O-Wisp|p2a: Tangrowth
|-status|p2a: Tangrowth|brn
|
|-heal|p2a: Tangrowth|404\/404 brn|[from] item: Leftovers
|-damage|p2a: Tangrowth|354\/404 brn|[from] brn
|turn|10
|
|move|p2a: Tangrowth|Giga Drain|p1a: Spiritomb
|-damage|p1a: Spiritomb|155\/304
|-heal|p2a: Tangrowth|397\/404 brn|[from] drain|[of] p1a: Spiritomb
|move|p1a: Spiritomb|Pursuit|p2a: Tangrowth
|-damage|p2a: Tangrowth|360\/404 brn
|
|-heal|p2a: Tangrowth|385\/404 brn|[from] item: Leftovers
|-damage|p2a: Tangrowth|335\/404 brn|[from] brn
|turn|11
|
|switch|p1a: Umbreon|Umbreon, M|391\/391
|-damage|p1a: Umbreon|343\/391|[from] Stealth Rock
|move|p2a: Tangrowth|Sleep Powder|p1a: Umbreon
|-status|p1a: Umbreon|slp
|
|-heal|p1a: Umbreon|367\/391 slp|[from] item: Leftovers
|-heal|p2a: Tangrowth|360\/404 brn|[from] item: Leftovers
|-damage|p2a: Tangrowth|310\/404 brn|[from] brn
|-sideend|p2: Baci Bop|Reflect
|turn|12
|
|cant|p1a: Umbreon|slp
|move|p2a: Tangrowth|Knock Off|p1a: Umbreon
|-resisted|p1a: Umbreon
|-damage|p1a: Umbreon|350\/391 slp
|-enditem|p1a: Umbreon|Leftovers|[from] move: Knock Off|[of] p2a: Tangrowth
|
|-heal|p2a: Tangrowth|335\/404 brn|[from] item: Leftovers
|-damage|p2a: Tangrowth|285\/404 brn|[from] brn
|turn|13
|
|switch|p2a: Flygon|Flygon, M|301\/301
|-damage|p2a: Flygon|283\/301|[from] Stealth Rock
|cant|p1a: Umbreon|slp
|
|turn|14
|
|-curestatus|p1a: Umbreon|slp
|move|p1a: Umbreon|Protect|p1a: Umbreon
|-singleturn|p1a: Umbreon|Protect
|move|p2a: Flygon|U-turn|p1a: Umbreon
|-activate|p1a: Umbreon|Protect
|
|turn|15
|
|switch|p1a: Grog|Clefairy, M|235\/344
|move|p2a: Flygon|U-turn|p1a: Grog
|-resisted|p1a: Grog
|-damage|p1a: Grog|210\/344
|
|switch|p2a: Milotic|Milotic, F|393\/393
|-damage|p2a: Milotic|344\/393|[from] Stealth Rock
|
|turn|16
|
|move|p2a: Milotic|Hydro Pump|p1a: Grog|[miss]
|-miss|p2a: Milotic|p1a: Grog
|move|p1a: Grog|Soft-Boiled|p1a: Grog
|-heal|p1a: Grog|344\/344
|
|turn|17
|
|switch|p1a: Gastrodon|Gastrodon, F|426\/426
|-damage|p1a: Gastrodon|400\/426|[from] Stealth Rock
|move|p2a: Milotic|Hydro Pump|p1a: Gastrodon
|-boost|p1a: Gastrodon|spa|1|[from] ability: Storm Drain
|
|-heal|p1a: Gastrodon|426\/426|[from] item: Leftovers
|turn|18
|
|move|p2a: Milotic|Ice Beam|p1a: Gastrodon
|-crit|p1a: Gastrodon
|-damage|p1a: Gastrodon|241\/426
|-damage|p2a: Milotic|305\/393|[from] item: Life Orb
|move|p1a: Gastrodon|Toxic|p2a: Milotic
|-status|p2a: Milotic|tox
|
|-heal|p1a: Gastrodon|267\/426|[from] item: Leftovers
|-damage|p2a: Milotic|281\/393 tox|[from] psn
|turn|19
|
|move|p2a: Milotic|Ice Beam|p1a: Gastrodon
|-damage|p1a: Gastrodon|155\/426
|-damage|p2a: Milotic|242\/393 tox|[from] item: Life Orb
|move|p1a: Gastrodon|Recover|p1a: Gastrodon
|-heal|p1a: Gastrodon|368\/426
|
|-heal|p1a: Gastrodon|394\/426|[from] item: Leftovers
|-damage|p2a: Milotic|194\/393 tox|[from] psn
|turn|20
|
|move|p2a: Milotic|Recover|p2a: Milotic
|-heal|p2a: Milotic|391\/393 tox
|move|p1a: Gastrodon|Scald|p2a: Milotic
|-resisted|p2a: Milotic
|-damage|p2a: Milotic|348\/393 tox
|
|-heal|p1a: Gastrodon|420\/426|[from] item: Leftovers
|-damage|p2a: Milotic|276\/393 tox|[from] psn
|turn|21
|
|switch|p2a: Eelektross|Eelektross, M|373\/373
|-damage|p2a: Eelektross|327\/373|[from] Stealth Rock
|move|p1a: Gastrodon|Scald|p2a: Eelektross
|-damage|p2a: Eelektross|228\/373
|
|-heal|p1a: Gastrodon|426\/426|[from] item: Leftovers
|turn|22
|
|switch|p1a: Umbreon|Umbreon, M|350\/391
|-damage|p1a: Umbreon|302\/391|[from] Stealth Rock
|move|p2a: Eelektross|Giga Drain|p1a: Umbreon
|-damage|p1a: Umbreon|248\/391
|-heal|p2a: Eelektross|255\/373|[from] drain|[of] p1a: Umbreon
|
|turn|23
|
|move|p1a: Umbreon|Wish|p1a: Umbreon
|move|p2a: Eelektross|Thunderbolt|p1a: Umbreon
|-crit|p1a: Umbreon
|-damage|p1a: Umbreon|121\/391
|
|turn|24
|
|move|p1a: Umbreon|Foul Play|p2a: Eelektross
|-damage|p2a: Eelektross|122\/373
|move|p2a: Eelektross|Thunderbolt|p1a: Umbreon
|-damage|p1a: Umbreon|28\/391
|
|-heal|p1a: Umbreon|223\/391|[from] move: Wish|[wisher] Umbreon
|turn|25
|
|move|p1a: Umbreon|Wish|p1a: Umbreon
|move|p2a: Eelektross|Giga Drain|p1a: Umbreon
|-damage|p1a: Umbreon|173\/391
|-heal|p2a: Eelektross|147\/373|[from] drain|[of] p1a: Umbreon
|
|turn|26
|
|move|p1a: Umbreon|Protect|p1a: Umbreon
|-singleturn|p1a: Umbreon|Protect
|move|p2a: Eelektross|Thunderbolt|p1a: Umbreon
|-activate|p1a: Umbreon|Protect
|
|-heal|p1a: Umbreon|368\/391|[from] move: Wish|[wisher] Umbreon
|turn|27
|
|switch|p2a: Infernape|Infernape, M|293\/293
|-damage|p2a: Infernape|257\/293|[from] Stealth Rock
|move|p1a: Umbreon|Foul Play|p2a: Infernape
|-resisted|p2a: Infernape
|-damage|p2a: Infernape|166\/293
|
|turn|28
|
|switch|p1a: Tentacruel|Tentacruel, F|222\/352
|-damage|p1a: Tentacruel|178\/352|[from] Stealth Rock
|move|p2a: Infernape|Thunder Punch|p1a: Tentacruel
|-supereffective|p1a: Tentacruel
|-damage|p1a: Tentacruel|0 fnt
|faint|p1a: Tentacruel
|
|
|switch|p1a: Gastrodon|Gastrodon, F|426\/426
|-damage|p1a: Gastrodon|400\/426|[from] Stealth Rock
|turn|29
|
|switch|p2a: Tangrowth|Tangrowth, F|404\/404 brn
|-damage|p2a: Tangrowth|354\/404 brn|[from] Stealth Rock
|move|p1a: Gastrodon|Toxic|p2a: Tangrowth
|-fail|p2a: Tangrowth
|
|-heal|p2a: Tangrowth|379\/404 brn|[from] item: Leftovers
|-heal|p1a: Gastrodon|426\/426|[from] item: Leftovers
|-damage|p2a: Tangrowth|329\/404 brn|[from] brn
|turn|30
|
|switch|p1a: Umbreon|Umbreon, M|368\/391
|-damage|p1a: Umbreon|320\/391|[from] Stealth Rock
|move|p2a: Tangrowth|Giga Drain|p1a: Umbreon
|-damage|p1a: Umbreon|262\/391
|-heal|p2a: Tangrowth|358\/404 brn|[from] drain|[of] p1a: Umbreon
|
|-heal|p2a: Tangrowth|383\/404 brn|[from] item: Leftovers
|-damage|p2a: Tangrowth|333\/404 brn|[from] brn
|turn|31
|
|move|p1a: Umbreon|Wish|p1a: Umbreon
|move|p2a: Tangrowth|Knock Off|p1a: Umbreon
|-resisted|p1a: Umbreon
|-damage|p1a: Umbreon|251\/391
|
|-heal|p2a: Tangrowth|358\/404 brn|[from] item: Leftovers
|-damage|p2a: Tangrowth|308\/404 brn|[from] brn
|turn|32
|
|switch|p2a: Infernape|Infernape, M|166\/293
|-damage|p2a: Infernape|130\/293|[from] Stealth Rock
|move|p1a: Umbreon|Foul Play|p2a: Infernape
|-resisted|p2a: Infernape
|-damage|p2a: Infernape|40\/293
|
|-heal|p1a: Umbreon|391\/391|[from] move: Wish|[wisher] Umbreon
|turn|33
|
|switch|p1a: Gastrodon|Gastrodon, F|426\/426
|-damage|p1a: Gastrodon|400\/426|[from] Stealth Rock
|move|p2a: Infernape|Flare Blitz|p1a: Gastrodon
|-resisted|p1a: Gastrodon
|-damage|p1a: Gastrodon|304\/426
|-damage|p2a: Infernape|8\/293|[from] recoil|[of] p1a: Gastrodon
|
|-heal|p1a: Gastrodon|330\/426|[from] item: Leftovers
|turn|34
|
|move|p2a: Infernape|Close Combat|p1a: Gastrodon
|-damage|p1a: Gastrodon|134\/426
|-unboost|p2a: Infernape|def|1
|-unboost|p2a: Infernape|spd|1
|move|p1a: Gastrodon|Recover|p1a: Gastrodon
|-heal|p1a: Gastrodon|347\/426
|
|-heal|p1a: Gastrodon|373\/426|[from] item: Leftovers
|turn|35
|
|switch|p1a: Grog|Clefairy, M|344\/344
|move|p2a: Infernape|Close Combat|p1a: Grog
|-crit|p1a: Grog
|-resisted|p1a: Grog
|-damage|p1a: Grog|233\/344
|-unboost|p2a: Infernape|def|1
|-unboost|p2a: Infernape|spd|1
|
|turn|36
|
|move|p2a: Infernape|Flare Blitz|p1a: Grog
|-damage|p1a: Grog|82\/344
|-damage|p2a: Infernape|0 fnt|[from] recoil|[of] p1a: Grog
|faint|p2a: Infernape
|move|p1a: Grog|Soft-Boiled|p1a: Grog
|-heal|p1a: Grog|254\/344
|
|
|switch|p2a: Eelektross|Eelektross, M|147\/373
|-damage|p2a: Eelektross|101\/373|[from] Stealth Rock
|turn|37
|
|switch|p1a: Umbreon|Umbreon, M|391\/391
|-damage|p1a: Umbreon|343\/391|[from] Stealth Rock
|move|p2a: Eelektross|Giga Drain|p1a: Umbreon
|-damage|p1a: Umbreon|290\/391
|-heal|p2a: Eelektross|128\/373|[from] drain|[of] p1a: Umbreon
|
|turn|38
|
|move|p1a: Umbreon|Wish|p1a: Umbreon
|move|p2a: Eelektross|Giga Drain|p1a: Umbreon
|-damage|p1a: Umbreon|236\/391
|-heal|p2a: Eelektross|155\/373|[from] drain|[of] p1a: Umbreon
|
|turn|39
|
|move|p1a: Umbreon|Foul Play|p2a: Eelektross
|-damage|p2a: Eelektross|11\/373
|move|p2a: Eelektross|Thunderbolt|p1a: Umbreon
|-damage|p1a: Umbreon|145\/391
|-status|p1a: Umbreon|par
|
|-heal|p1a: Umbreon|340\/391 par|[from] move: Wish|[wisher] Umbreon
|turn|40
|
|move|p2a: Eelektross|Giga Drain|p1a: Umbreon
|-damage|p1a: Umbreon|288\/391 par
|-heal|p2a: Eelektross|37\/373|[from] drain|[of] p1a: Umbreon
|move|p1a: Umbreon|Wish|p1a: Umbreon
|
|turn|41
|
|move|p2a: Eelektross|Giga Drain|p1a: Umbreon
|-damage|p1a: Umbreon|236\/391 par
|-heal|p2a: Eelektross|63\/373|[from] drain|[of] p1a: Umbreon
|move|p1a: Umbreon|Foul Play|p2a: Eelektross
|-damage|p2a: Eelektross|0 fnt
|faint|p2a: Eelektross
|
|-heal|p1a: Umbreon|391\/391 par|[from] move: Wish|[wisher] Umbreon
|c|âMariners Mom|btw this is a stall team
|
|switch|p2a: Milotic|Milotic, F|276\/393 tox
|-damage|p2a: Milotic|227\/393 tox|[from] Stealth Rock
|turn|42
|
|switch|p1a: Gastrodon|Gastrodon, F|373\/426
|-damage|p1a: Gastrodon|347\/426|[from] Stealth Rock
|move|p2a: Milotic|Recover|p2a: Milotic
|-heal|p2a: Milotic|393\/393 tox
|
|-heal|p1a: Gastrodon|373\/426|[from] item: Leftovers
|-damage|p2a: Milotic|369\/393 tox|[from] psn
|turn|43
|
|switch|p1a: Cojiro|Kyurem|391\/391
|-damage|p1a: Cojiro|294\/391|[from] Stealth Rock
|-ability|p1a: Cojiro|Pressure
|move|p2a: Milotic|Ice Beam|p1a: Cojiro
|-damage|p1a: Cojiro|187\/391
|-damage|p2a: Milotic|330\/393 tox|[from] item: Life Orb
|
|-heal|p1a: Cojiro|211\/391|[from] item: Leftovers
|-damage|p2a: Milotic|282\/393 tox|[from] psn
|turn|44
|
|move|p1a: Cojiro|Dragon Pulse|p2a: Milotic
|-damage|p2a: Milotic|167\/393 tox
|move|p2a: Milotic|Ice Beam|p1a: Cojiro
|-damage|p1a: Cojiro|98\/391
|-damage|p2a: Milotic|128\/393 tox|[from] item: Life Orb
|
|-heal|p1a: Cojiro|122\/391|[from] item: Leftovers
|-damage|p2a: Milotic|56\/393 tox|[from] psn
|turn|45
|
|move|p1a: Cojiro|Dragon Pulse|p2a: Milotic
|-damage|p2a: Milotic|0 fnt
|faint|p2a: Milotic
|
|-heal|p1a: Cojiro|146\/391|[from] item: Leftovers
|
|switch|p2a: Bronzong|Bronzong|182\/337
|-damage|p2a: Bronzong|161\/337|[from] Stealth Rock
|turn|46
|
|switch|p1a: Spiritomb|Spiritomb, M|155\/304
|-damage|p1a: Spiritomb|117\/304|[from] Stealth Rock
|move|p2a: Bronzong|Light Screen|p2a: Bronzong
|-sidestart|p2: Baci Bop|move: Light Screen
|
|turn|47
|
|move|p1a: Spiritomb|Taunt|p2a: Bronzong
|-start|p2a: Bronzong|move: Taunt
|cant|p2a: Bronzong|move: Taunt|Reflect
|
|turn|48
|
|move|p1a: Spiritomb|Pursuit|p2a: Bronzong|[from]Pursuit
|-supereffective|p2a: Bronzong
|-damage|p2a: Bronzong|0 fnt
|faint|p2a: Bronzong
|
|
|switch|p2a: Tangrowth|Tangrowth, F|404\/404 brn
|-damage|p2a: Tangrowth|354\/404 brn|[from] Stealth Rock
|turn|49
|
|switch|p1a: Umbreon|Umbreon, M|391\/391 par
|-damage|p1a: Umbreon|343\/391 par|[from] Stealth Rock
|move|p2a: Tangrowth|Giga Drain|p1a: Umbreon
|-damage|p1a: Umbreon|286\/391 par
|-heal|p2a: Tangrowth|383\/404 brn|[from] drain|[of] p1a: Umbreon
|
|-heal|p2a: Tangrowth|404\/404 brn|[from] item: Leftovers
|-damage|p2a: Tangrowth|354\/404 brn|[from] brn
|turn|50
|
|move|p2a: Tangrowth|Giga Drain|p1a: Umbreon
|-damage|p1a: Umbreon|232\/391 par
|-heal|p2a: Tangrowth|381\/404 brn|[from] drain|[of] p1a: Umbreon
|move|p1a: Umbreon|Foul Play|p2a: Tangrowth
|-damage|p2a: Tangrowth|317\/404 brn
|
|-heal|p2a: Tangrowth|342\/404 brn|[from] item: Leftovers
|-damage|p2a: Tangrowth|292\/404 brn|[from] brn
|-sideend|p2: Baci Bop|move: Light Screen
|turn|51
|
|switch|p1a: Grog|Clefairy, M|254\/344
|move|p2a: Tangrowth|Giga Drain|p1a: Grog
|-damage|p1a: Grog|161\/344
|-heal|p2a: Tangrowth|339\/404 brn|[from] drain|[of] p1a: Grog
|
|-heal|p2a: Tangrowth|364\/404 brn|[from] item: Leftovers
|-damage|p2a: Tangrowth|314\/404 brn|[from] brn
|turn|52
|
|move|p2a: Tangrowth|Knock Off|p1a: Grog
|-resisted|p1a: Grog
|-damage|p1a: Grog|148\/344
|-enditem|p1a: Grog|Eviolite|[from] move: Knock Off|[of] p2a: Tangrowth
|move|p1a: Grog|Soft-Boiled|p1a: Grog
|-heal|p1a: Grog|320\/344
|
|-heal|p2a: Tangrowth|339\/404 brn|[from] item: Leftovers
|-damage|p2a: Tangrowth|289\/404 brn|[from] brn
|turn|53
|
|move|p2a: Tangrowth|Synthesis|p2a: Tangrowth
|-heal|p2a: Tangrowth|404\/404 brn
|move|p1a: Grog|Moonblast|p2a: Tangrowth
|-damage|p2a: Tangrowth|269\/404 brn
|
|-heal|p2a: Tangrowth|294\/404 brn|[from] item: Leftovers
|-damage|p2a: Tangrowth|244\/404 brn|[from] brn
|turn|54
|
|move|p2a: Tangrowth|Giga Drain|p1a: Grog
|-crit|p1a: Grog
|-damage|p1a: Grog|130\/344
|-heal|p2a: Tangrowth|339\/404 brn|[from] drain|[of] p1a: Grog
|move|p1a: Grog|Moonblast|p2a: Tangrowth
|-damage|p2a: Tangrowth|218\/404 brn
|-unboost|p2a: Tangrowth|spa|1
|
|-heal|p2a: Tangrowth|243\/404 brn|[from] item: Leftovers
|-damage|p2a: Tangrowth|193\/404 brn|[from] brn
|turn|55
|
|move|p2a: Tangrowth|Synthesis|p2a: Tangrowth
|-heal|p2a: Tangrowth|395\/404 brn
|move|p1a: Grog|Soft-Boiled|p1a: Grog
|-heal|p1a: Grog|302\/344
|
|-heal|p2a: Tangrowth|404\/404 brn|[from] item: Leftovers
|-damage|p2a: Tangrowth|354\/404 brn|[from] brn
|turn|56
|
|move|p2a: Tangrowth|Giga Drain|p1a: Grog
|-damage|p1a: Grog|217\/344
|-heal|p2a: Tangrowth|397\/404 brn|[from] drain|[of] p1a: Grog
|move|p1a: Grog|Moonblast|p2a: Tangrowth
|-damage|p2a: Tangrowth|276\/404 brn
|-unboost|p2a: Tangrowth|spa|1
|
|-heal|p2a: Tangrowth|301\/404 brn|[from] item: Leftovers
|-damage|p2a: Tangrowth|251\/404 brn|[from] brn
|turn|57
|
|switch|p1a: Cojiro|Kyurem|146\/391
|-damage|p1a: Cojiro|49\/391|[from] Stealth Rock
|-ability|p1a: Cojiro|Pressure
|move|p2a: Tangrowth|Giga Drain|p1a: Cojiro
|-resisted|p1a: Cojiro
|-damage|p1a: Cojiro|22\/391
|-heal|p2a: Tangrowth|265\/404 brn|[from] drain|[of] p1a: Cojiro
|
|-heal|p1a: Cojiro|46\/391|[from] item: Leftovers
|-heal|p2a: Tangrowth|290\/404 brn|[from] item: Leftovers
|-damage|p2a: Tangrowth|240\/404 brn|[from] brn
|turn|58
|
|move|p1a: Cojiro|Ice Beam|p2a: Tangrowth
|-crit|p2a: Tangrowth
|-supereffective|p2a: Tangrowth
|-damage|p2a: Tangrowth|0 fnt
|faint|p2a: Tangrowth
|
|-heal|p1a: Cojiro|70\/391|[from] item: Leftovers
|
|switch|p2a: Flygon|Flygon, M|283\/301
|-damage|p2a: Flygon|265\/301|[from] Stealth Rock
|turn|59
|
|move|p2a: Flygon|Earthquake|p1a: Cojiro
|-damage|p1a: Cojiro|0 fnt
|faint|p1a: Cojiro
|
|
|switch|p1a: Grog|Clefairy, M|217\/344
|turn|60
|
|move|p2a: Flygon|Earthquake|p1a: Grog
|-damage|p1a: Grog|55\/344
|move|p1a: Grog|Moonblast|p2a: Flygon
|-supereffective|p2a: Flygon
|-damage|p2a: Flygon|97\/301
|
|turn|61
|
|move|p2a: Flygon|Earthquake|p1a: Grog
|-crit|p1a: Grog
|-damage|p1a: Grog|0 fnt
|faint|p1a: Grog
|
|
|switch|p1a: Spiritomb|Spiritomb, M|117\/304
|-damage|p1a: Spiritomb|79\/304|[from] Stealth Rock
|turn|62
|
|move|p1a: Spiritomb|Sucker Punch|p2a: Flygon
|-damage|p2a: Flygon|0 fnt
|faint|p2a: Flygon
|
|win|Mariners Mom
|raw|Ladder updating...