|join|kianann
|join|latino
|player|p1|kianann|101
|player|p2|latino|1
|gametype|singles
|gen|6
|tier|OU
|rated
|clearpoke
|poke|p1|Landorus-Therian, M
|poke|p1|Scizor, F
|poke|p1|Talonflame, M
|poke|p1|Forretress, F
|poke|p1|Greninja, F
|poke|p1|Gothitelle, M
|poke|p2|Deoxys-Defense
|poke|p2|Gyarados, F
|poke|p2|Charizard, M
|poke|p2|Keldeo
|poke|p2|Kyurem-Black
|poke|p2|Bisharp, F
|rule|Sleep Clause Mod: Limit one foe put to sleep
|rule|Species Clause: Limit one of each Pokemon
|rule|OHKO Clause: OHKO moves are banned
|rule|Moody Clause: Moody is banned
|rule|Evasion Moves Clause: Evasion moves are banned
|rule|Endless Battle Clause: Forcing endless battles is banned.
|rule|HP Percentage Mod: HP is reported as percentages
|teampreview
|
|start
|switch|p1a: Forretress|Forretress, F|354\/354
|switch|p2a: Deoxys-Defense|Deoxys-Defense|304\/304
|-ability|p2a: Deoxys-Defense|Pressure
|turn|1
|
|move|p2a: Deoxys-Defense|Taunt|p1a: Forretress
|-start|p1a: Forretress|move: Taunt
|move|p1a: Forretress|Volt Switch|p2a: Deoxys-Defense
|-damage|p2a: Deoxys-Defense|278\/304
|-enditem|p2a: Deoxys-Defense|Red Card|[of] p1a: Forretress
|drag|p1a: Landorus-Therian|Landorus-Therian, M|320\/320
|-ability|p1a: Landorus-Therian|Intimidate|[of] p2a: Deoxys-Defense
|-unboost|p2a: Deoxys-Defense|atk|1
|
|turn|2
|
|move|p1a: Landorus-Therian|U-turn|p2a: Deoxys-Defense
|-supereffective|p2a: Deoxys-Defense
|-damage|p2a: Deoxys-Defense|156\/304
|
|switch|p1a: Forretress|Forretress, F|354\/354
|move|p2a: Deoxys-Defense|Taunt|p1a: Forretress
|-start|p1a: Forretress|move: Taunt
|
|turn|3
|
|move|p2a: Deoxys-Defense|Stealth Rock|p1a: Forretress
|-sidestart|p1: kianann|move: Stealth Rock
|move|p1a: Forretress|Volt Switch|p2a: Deoxys-Defense
|-damage|p2a: Deoxys-Defense|132\/304
|
|switch|p1a: Landorus-Therian|Landorus-Therian, M|320\/320
|-damage|p1a: Landorus-Therian|280\/320|[from] Stealth Rock
|-ability|p1a: Landorus-Therian|Intimidate|[of] p2a: Deoxys-Defense
|-unboost|p2a: Deoxys-Defense|atk|1
|
|turn|4
|
|move|p1a: Landorus-Therian|U-turn|p2a: Deoxys-Defense
|-crit|p2a: Deoxys-Defense
|-supereffective|p2a: Deoxys-Defense
|-damage|p2a: Deoxys-Defense|0 fnt
|faint|p2a: Deoxys-Defense
|
|switch|p1a: Forretress|Forretress, F|354\/354
|-damage|p1a: Forretress|310\/354|[from] Stealth Rock
|
|-heal|p1a: Forretress|332\/354|[from] item: Leftovers
|
|switch|p2a: Keldeo|Keldeo|323\/323
|turn|5
|
|move|p2a: Keldeo|Hydro Pump|p1a: Forretress
|-damage|p1a: Forretress|0 fnt
|-damage|p2a: Keldeo|291\/323|[from] item: Life Orb
|faint|p1a: Forretress
|
|
|switch|p1a: Talonflame|Talonflame, M|298\/298
|-damage|p1a: Talonflame|149\/298|[from] Stealth Rock
|turn|6
|
|move|p1a: Talonflame|Brave Bird|p2a: Keldeo
|-supereffective|p2a: Keldeo
|-damage|p2a: Keldeo|0 fnt
|-damage|p1a: Talonflame|53\/298|[from] recoil|[of] p2a: Keldeo
|faint|p2a: Keldeo
|
|
|switch|p2a: Gyarados|Gyarados, F|332\/332
|-ability|p2a: Gyarados|Intimidate|[of] p1a: Talonflame
|-unboost|p1a: Talonflame|atk|1
|turn|7
|
|move|p1a: Talonflame|Brave Bird|p2a: Gyarados
|-damage|p2a: Gyarados|139\/332
|-damage|p1a: Talonflame|0 fnt|[from] recoil|[of] p2a: Gyarados
|faint|p1a: Talonflame
|move|p2a: Gyarados|Dragon Dance|p2a: Gyarados
|-boost|p2a: Gyarados|atk|1
|-boost|p2a: Gyarados|spe|1
|
|-heal|p2a: Gyarados|159\/332|[from] item: Leftovers
|
|switch|p1a: Landorus-Therian|Landorus-Therian, M|280\/320
|-damage|p1a: Landorus-Therian|240\/320|[from] Stealth Rock
|-ability|p1a: Landorus-Therian|Intimidate|[of] p2a: Gyarados
|-unboost|p2a: Gyarados|atk|1
|turn|8
|
|switch|p2a: Bisharp|Bisharp, F|272\/272
|move|p1a: Landorus-Therian|Stone Edge|p2a: Bisharp
|-resisted|p2a: Bisharp
|-damage|p2a: Bisharp|209\/272
|
|turn|9
|
|switch|p1a: Scizor|Scizor, F|343\/343
|-damage|p1a: Scizor|301\/343|[from] Stealth Rock
|move|p2a: Bisharp|Knock Off|p1a: Scizor
|-damage|p1a: Scizor|167\/343
|-damage|p2a: Bisharp|182\/272|[from] item: Life Orb
|
|turn|10
|
|switch|p2a: Charizard|Charizard, M|298\/298
|detailschange|p1a: Scizor|Scizor-Mega, F
|message|Scizor has Mega Evolved into Mega Scizor!
|move|p1a: Scizor|Roost|p1a: Scizor
|-heal|p1a: Scizor|339\/343
|
|turn|11
|
|switch|p1a: Gothitelle|Gothitelle, M|282\/282
|-damage|p1a: Gothitelle|247\/282|[from] Stealth Rock
|move|p2a: Charizard|Dragon Dance|p2a: Charizard
|-boost|p2a: Charizard|atk|1
|-boost|p2a: Charizard|spe|1
|
|turn|12
|
|detailschange|p2a: Charizard|Charizard-Mega-X, M
|message|Charizard has Mega Evolved into Mega Charizard!
|move|p2a: Charizard|Dragon Claw|p1a: Gothitelle
|-damage|p1a: Gothitelle|0 fnt
|faint|p1a: Gothitelle
|
|
|switch|p1a: Landorus-Therian|Landorus-Therian, M|240\/320
|-damage|p1a: Landorus-Therian|200\/320|[from] Stealth Rock
|-ability|p1a: Landorus-Therian|Intimidate|[of] p2a: Charizard
|-unboost|p2a: Charizard|atk|1
|turn|13
|
|switch|p2a: Gyarados|Gyarados, F|159\/332
|-ability|p2a: Gyarados|Intimidate|[of] p1a: Landorus-Therian
|-unboost|p1a: Landorus-Therian|atk|1
|move|p1a: Landorus-Therian|Stone Edge|p2a: Gyarados
|-supereffective|p2a: Gyarados
|-damage|p2a: Gyarados|0 fnt
|faint|p2a: Gyarados
|
|
|switch|p2a: Charizard|Charizard-Mega-X, M|298\/298
|turn|14
|
|move|p1a: Landorus-Therian|Stone Edge|p2a: Charizard
|-crit|p2a: Charizard
|-supereffective|p2a: Charizard
|-damage|p2a: Charizard|0 fnt
|faint|p2a: Charizard
|
|chat|latino|...
|chat|latino|dude
|chat|latino|why would you crit me?
|chat|latino|really?
|chat|kianann|luck
|
|switch|p2a: Kyurem-Black|Kyurem-Black|391\/391
|-ability|p2a: Kyurem-Black|Teravolt
|turn|15
|chat|latino|don't be a bad loser...
|chat|latino|dont rely on luck
|chat|latino|=\
|
|switch|p1a: Scizor|Scizor-Mega, F|339\/343
|-damage|p1a: Scizor|297\/343|[from] Stealth Rock
|move|p2a: Kyurem-Black|Ice Beam|p1a: Scizor
|-resisted|p1a: Scizor
|-damage|p1a: Scizor|224\/343
|-damage|p2a: Kyurem-Black|352\/391|[from] item: Life Orb
|
|turn|16
|chat|latino|this is so unfair!
|chat|kianann|i cannot possibly control my luck...
|
|switch|p2a: Bisharp|Bisharp, F|182\/272
|move|p1a: Scizor|Roost|p1a: Scizor
|-heal|p1a: Scizor|343\/343
|
|turn|17
|chat|latino|yes you canâ¦you know that flare blast would kill you, just forfeit now
|
|move|p2a: Bisharp|Swords Dance|p2a: Bisharp
|-boost|p2a: Bisharp|atk|2
|move|p1a: Scizor|Swords Dance|p1a: Scizor
|-boost|p1a: Scizor|atk|2
|
|turn|18
|
|move|p2a: Bisharp|Swords Dance|p2a: Bisharp
|-boost|p2a: Bisharp|atk|2
|move|p1a: Scizor|Swords Dance|p1a: Scizor
|-boost|p1a: Scizor|atk|2
|
|turn|19
|
|move|p1a: Scizor|Bullet Punch|p2a: Bisharp
|-resisted|p2a: Bisharp
|-damage|p2a: Bisharp|20\/272
|move|p2a: Bisharp|Knock Off|p1a: Scizor
|-damage|p1a: Scizor|26\/343
|-damage|p2a: Bisharp|0 fnt|[from] item: Life Orb
|faint|p2a: Bisharp
|
|
|switch|p2a: Kyurem-Black|Kyurem-Black|352\/391
|-ability|p2a: Kyurem-Black|Teravolt
|turn|20
|
|move|p1a: Scizor|Bullet Punch|p2a: Kyurem-Black
|-supereffective|p2a: Kyurem-Black
|-damage|p2a: Kyurem-Black|0 fnt
|faint|p2a: Kyurem-Black
|
|win|kianann
|raw|Ladder updating...
|chat|latino|i hate this
|chat|latino|i hate i hate i hate