|join|latino
|join|Like me 2
|player|p1|latino|169
|player|p2|Like me 2|102
|gametype|singles
|gen|6
|tier|OU
|rated
|clearpoke
|poke|p1|Gliscor, F
|poke|p1|Milotic, F
|poke|p1|Scizor, F
|poke|p1|Seismitoad, F
|poke|p1|Medicham, M
|poke|p1|Zapdos
|poke|p2|Ferrothorn, M
|poke|p2|Charizard, F
|poke|p2|Chansey, F
|poke|p2|Latias, F
|poke|p2|Keldeo
|poke|p2|Landorus-Therian, M
|rule|Sleep Clause Mod: Limit one foe put to sleep
|rule|Species Clause: Limit one of each Pokemon
|rule|OHKO Clause: OHKO moves are banned
|rule|Moody Clause: Moody is banned
|rule|Evasion Moves Clause: Evasion moves are banned
|rule|Endless Battle Clause: Forcing endless battles is banned.
|rule|HP Percentage Mod: HP is reported as percentages
|teampreview
|
|start
|switch|p1a: Imperii Roseo|Medicham, M|261\/261
|switch|p2a: Landorus-Therian|Landorus-Therian, M|329\/329
|-ability|p2a: Landorus-Therian|Intimidate|[of] p1a: Imperii Roseo
|-unboost|p1a: Imperii Roseo|atk|1
|turn|1
|
|-formechange|p1a: Imperii Roseo|Medicham-Mega
|message|Medicham has Mega Evolved into Mega Medicham!
|move|p1a: Imperii Roseo|Fake Out|p2a: Landorus-Therian
|-damage|p2a: Landorus-Therian|275\/329
|cant|p2a: Landorus-Therian|flinch
|
|turn|2
|
|switch|p1a: Argentum Mantis|Scizor, F|320\/320
|move|p2a: Landorus-Therian|U-turn|p1a: Argentum Mantis
|-resisted|p1a: Argentum Mantis
|-damage|p1a: Argentum Mantis|266\/320
|
|switch|p2a: Charizard|Charizard, F|298\/298
|
|turn|3
|
|switch|p1a: Amphibian Siccitat|Seismitoad, F|414\/414
|move|p2a: Charizard|Dragon Dance|p2a: Charizard
|-boost|p2a: Charizard|atk|1
|-boost|p2a: Charizard|spe|1
|
|turn|4
|
|-formechange|p2a: Charizard|Charizard-Mega-X
|message|Charizard has Mega Evolved into Mega Charizard!
|move|p1a: Amphibian Siccitat|Protect|p1a: Amphibian Siccitat
|-singleturn|p1a: Amphibian Siccitat|Protect
|move|p2a: Charizard|Dragon Claw|p1a: Amphibian Siccitat
|-activate|p1a: Amphibian Siccitat|Protect
|
|turn|5
|
|move|p2a: Charizard|Dragon Dance|p2a: Charizard
|-boost|p2a: Charizard|atk|1
|-boost|p2a: Charizard|spe|1
|move|p1a: Amphibian Siccitat|Earthquake|p2a: Charizard
|-supereffective|p2a: Charizard
|-damage|p2a: Charizard|104\/298
|
|turn|6
|
|move|p2a: Charizard|Dragon Claw|p1a: Amphibian Siccitat
|-crit|p1a: Amphibian Siccitat
|-damage|p1a: Amphibian Siccitat|0 fnt
|faint|p1a: Amphibian Siccitat
|
|
|switch|p1a: Imperii Roseo|Medicham, M|261\/261
|-formechange|p1a: Imperii Roseo|Medicham-Mega
|turn|7
|
|move|p1a: Imperii Roseo|Fake Out|p2a: Charizard
|-damage|p2a: Charizard|26\/298
|cant|p2a: Charizard|flinch
|
|turn|8
|
|switch|p1a: Argentum Mantis|Scizor, F|266\/320
|move|p2a: Charizard|Dragon Claw|p1a: Argentum Mantis
|-resisted|p1a: Argentum Mantis
|-damage|p1a: Argentum Mantis|44\/320
|
|turn|9
|
|switch|p2a: Ferrothorn|Ferrothorn, M|352\/352
|move|p1a: Argentum Mantis|Bullet Punch|p2a: Ferrothorn
|-resisted|p2a: Ferrothorn
|-damage|p2a: Ferrothorn|289\/352
|-damage|p1a: Argentum Mantis|4\/320|[from] ability: Iron Barbs|[of] p2a: Ferrothorn
|-damage|p1a: Argentum Mantis|0 fnt|[from] item: Rocky Helmet|[of] p2a: Ferrothorn
|faint|p1a: Argentum Mantis
|
|
|switch|p1a: Imperii Roseo|Medicham, M|261\/261
|-formechange|p1a: Imperii Roseo|Medicham-Mega
|turn|10
|
|move|p2a: Ferrothorn|Protect|p2a: Ferrothorn
|-singleturn|p2a: Ferrothorn|Protect
|move|p1a: Imperii Roseo|High Jump Kick|p2a: Ferrothorn
|-activate|p2a: Ferrothorn|Protect
|-damage|p1a: Imperii Roseo|131\/261|[from] highjumpkick
|
|turn|11
|
|switch|p2a: Latias|Latias, F|364\/364
|move|p1a: Imperii Roseo|High Jump Kick|p2a: Latias
|-resisted|p2a: Latias
|-damage|p2a: Latias|148\/364
|
|-heal|p2a: Latias|170\/364|[from] item: Leftovers
|turn|12
|
|switch|p1a: Serpentem Mira|Milotic, F|394\/394
|switch|p2a: Landorus-Therian|Landorus-Therian, M|275\/329
|-ability|p2a: Landorus-Therian|Intimidate|[of] p1a: Serpentem Mira
|-unboost|p1a: Serpentem Mira|atk|1
|
|turn|13
|
|move|p2a: Landorus-Therian|U-turn|p1a: Serpentem Mira
|-damage|p1a: Serpentem Mira|302\/394
|
|switch|p2a: Ferrothorn|Ferrothorn, M|289\/352
|move|p1a: Serpentem Mira|Scald|p2a: Ferrothorn
|-resisted|p2a: Ferrothorn
|-damage|p2a: Ferrothorn|252\/352
|
|-heal|p1a: Serpentem Mira|326\/394|[from] item: Leftovers
|turn|14
|
|switch|p1a: Venenum Scorpionem|Gliscor, F|352\/352
|move|p2a: Ferrothorn|Leech Seed|p1a: Venenum Scorpionem
|-start|p1a: Venenum Scorpionem|move: Leech Seed
|
|-damage|p1a: Venenum Scorpionem|308\/352|[from] Leech Seed|[of] p2a: Ferrothorn
|-heal|p2a: Ferrothorn|296\/352|[silent]
|-status|p1a: Venenum Scorpionem|tox|[from] item: Toxic Orb
|turn|15
|
|move|p1a: Venenum Scorpionem|Knock Off|p2a: Ferrothorn
|-damage|p2a: Ferrothorn|248\/352
|-damage|p1a: Venenum Scorpionem|264\/352 tox|[from] ability: Iron Barbs|[of] p2a: Ferrothorn
|-damage|p1a: Venenum Scorpionem|206\/352 tox|[from] item: Rocky Helmet|[of] p2a: Ferrothorn
|-enditem|p2a: Ferrothorn|Rocky Helmet|[from] move: Knock Off|[of] p1a: Venenum Scorpionem
|move|p2a: Ferrothorn|Leech Seed|p1a: Venenum Scorpionem
|-fail|p1a: Venenum Scorpionem
|
|-damage|p1a: Venenum Scorpionem|162\/352 tox|[from] Leech Seed|[of] p2a: Ferrothorn
|-heal|p2a: Ferrothorn|292\/352|[silent]
|-heal|p1a: Venenum Scorpionem|206\/352 tox|[from] ability: Poison Heal
|turn|16
|
|switch|p1a: Magna Tonitrua|Zapdos|383\/383
|-ability|p1a: Magna Tonitrua|Pressure
|move|p2a: Ferrothorn|Gyro Ball|p1a: Magna Tonitrua
|-resisted|p1a: Magna Tonitrua
|-damage|p1a: Magna Tonitrua|318\/383
|
|-heal|p1a: Magna Tonitrua|341\/383|[from] item: Leftovers
|turn|17
|
|switch|p1a: Imperii Roseo|Medicham, M|131\/261
|-formechange|p1a: Imperii Roseo|Medicham-Mega
|switch|p2a: Chansey|Chansey, F|704\/704
|
|turn|18
|
|move|p1a: Imperii Roseo|High Jump Kick|p2a: Chansey
|-supereffective|p2a: Chansey
|-damage|p2a: Chansey|0 fnt
|faint|p2a: Chansey
|
|
|switch|p2a: Landorus-Therian|Landorus-Therian, M|275\/329
|-ability|p2a: Landorus-Therian|Intimidate|[of] p1a: Imperii Roseo
|-unboost|p1a: Imperii Roseo|atk|1
|turn|19
|
|switch|p1a: Venenum Scorpionem|Gliscor, F|206\/352 tox
|move|p2a: Landorus-Therian|U-turn|p1a: Venenum Scorpionem
|-resisted|p1a: Venenum Scorpionem
|-damage|p1a: Venenum Scorpionem|165\/352 tox
|
|switch|p2a: Keldeo|Keldeo|322\/322
|
|-heal|p1a: Venenum Scorpionem|209\/352 tox|[from] ability: Poison Heal
|turn|20
|
|switch|p1a: Magna Tonitrua|Zapdos|341\/383
|-ability|p1a: Magna Tonitrua|Pressure
|move|p2a: Keldeo|Scald|p1a: Magna Tonitrua
|-damage|p1a: Magna Tonitrua|146\/383
|-damage|p2a: Keldeo|290\/322|[from] item: Life Orb
|
|-heal|p1a: Magna Tonitrua|169\/383|[from] item: Leftovers
|turn|21
|
|switch|p1a: Serpentem Mira|Milotic, F|326\/394
|move|p2a: Keldeo|Scald|p1a: Serpentem Mira
|-resisted|p1a: Serpentem Mira
|-damage|p1a: Serpentem Mira|248\/394
|-damage|p2a: Keldeo|258\/322|[from] item: Life Orb
|
|-heal|p1a: Serpentem Mira|272\/394|[from] item: Leftovers
|turn|22
|
|move|p2a: Keldeo|Secret Sword|p1a: Serpentem Mira
|-damage|p1a: Serpentem Mira|107\/394
|-damage|p2a: Keldeo|226\/322|[from] item: Life Orb
|move|p1a: Serpentem Mira|Recover|p1a: Serpentem Mira
|-heal|p1a: Serpentem Mira|304\/394
|
|-heal|p1a: Serpentem Mira|328\/394|[from] item: Leftovers
|turn|23
|
|switch|p1a: Imperii Roseo|Medicham, M|131\/261
|-formechange|p1a: Imperii Roseo|Medicham-Mega
|move|p2a: Keldeo|Taunt|p1a: Imperii Roseo
|-start|p1a: Imperii Roseo|move: Taunt
|
|turn|24
|
|move|p1a: Imperii Roseo|Fake Out|p2a: Keldeo
|-damage|p2a: Keldeo|138\/322
|cant|p2a: Keldeo|flinch
|
|turn|25
|
|switch|p1a: Magna Tonitrua|Zapdos|169\/383
|-ability|p1a: Magna Tonitrua|Pressure
|move|p2a: Keldeo|Scald|p1a: Magna Tonitrua
|-damage|p1a: Magna Tonitrua|0 fnt
|-damage|p2a: Keldeo|106\/322|[from] item: Life Orb
|faint|p1a: Magna Tonitrua
|
|
|switch|p1a: Serpentem Mira|Milotic, F|328\/394
|turn|26
|
|switch|p2a: Ferrothorn|Ferrothorn, M|292\/352
|move|p1a: Serpentem Mira|Recover|p1a: Serpentem Mira
|-heal|p1a: Serpentem Mira|394\/394
|
|turn|27
|
|move|p1a: Serpentem Mira|Scald|p2a: Ferrothorn
|-resisted|p2a: Ferrothorn
|-damage|p2a: Ferrothorn|257\/352
|move|p2a: Ferrothorn|Leech Seed|p1a: Serpentem Mira
|-start|p1a: Serpentem Mira|move: Leech Seed
|
|-damage|p1a: Serpentem Mira|345\/394|[from] Leech Seed|[of] p2a: Ferrothorn
|-heal|p2a: Ferrothorn|306\/352|[silent]
|turn|28
|
|move|p1a: Serpentem Mira|Scald|p2a: Ferrothorn
|-resisted|p2a: Ferrothorn
|-damage|p2a: Ferrothorn|270\/352
|move|p2a: Ferrothorn|Stealth Rock|p1a: Serpentem Mira
|-sidestart|p1: latino|move: Stealth Rock
|
|-heal|p1a: Serpentem Mira|369\/394|[from] item: Leftovers
|-damage|p1a: Serpentem Mira|320\/394|[from] Leech Seed|[of] p2a: Ferrothorn
|-heal|p2a: Ferrothorn|319\/352|[silent]
|turn|29
|
|switch|p2a: Keldeo|Keldeo|106\/322
|move|p1a: Serpentem Mira|Scald|p2a: Keldeo
|-resisted|p2a: Keldeo
|-damage|p2a: Keldeo|55\/322
|
|-heal|p1a: Serpentem Mira|344\/394|[from] item: Leftovers
|-damage|p1a: Serpentem Mira|295\/394|[from] Leech Seed|[of] p2a: Keldeo
|-heal|p2a: Keldeo|104\/322|[silent]
|turn|30
|
|move|p2a: Keldeo|Taunt|p1a: Serpentem Mira
|-start|p1a: Serpentem Mira|move: Taunt
|move|p1a: Serpentem Mira|Scald|p2a: Keldeo
|-resisted|p2a: Keldeo
|-damage|p2a: Keldeo|53\/322
|-status|p2a: Keldeo|brn
|
|-heal|p1a: Serpentem Mira|319\/394|[from] item: Leftovers
|-damage|p1a: Serpentem Mira|270\/394|[from] Leech Seed|[of] p2a: Keldeo
|-heal|p2a: Keldeo|102\/322 brn|[silent]
|-damage|p2a: Keldeo|62\/322 brn|[from] brn
|turn|31
|
|switch|p1a: Venenum Scorpionem|Gliscor, F|209\/352 tox
|-damage|p1a: Venenum Scorpionem|165\/352 tox|[from] Stealth Rock
|move|p2a: Keldeo|Scald|p1a: Venenum Scorpionem
|-supereffective|p1a: Venenum Scorpionem
|-damage|p1a: Venenum Scorpionem|0 fnt
|-damage|p2a: Keldeo|30\/322 brn|[from] item: Life Orb
|faint|p1a: Venenum Scorpionem
|
|-damage|p2a: Keldeo|0 fnt|[from] brn
|faint|p2a: Keldeo
|
|switch|p1a: Imperii Roseo|Medicham, M|131\/261
|-formechange|p1a: Imperii Roseo|Medicham-Mega
|-damage|p1a: Imperii Roseo|115\/261|[from] Stealth Rock
|switch|p2a: Ferrothorn|Ferrothorn, M|319\/352
|turn|32
|
|move|p2a: Ferrothorn|Protect|p2a: Ferrothorn
|-singleturn|p2a: Ferrothorn|Protect
|move|p1a: Imperii Roseo|Fake Out|p2a: Ferrothorn
|-activate|p2a: Ferrothorn|Protect
|
|turn|33
|
|move|p1a: Imperii Roseo|High Jump Kick|p2a: Ferrothorn
|-supereffective|p2a: Ferrothorn
|-damage|p2a: Ferrothorn|0 fnt
|-damage|p1a: Imperii Roseo|83\/261|[from] ability: Iron Barbs|[of] p2a: Ferrothorn
|faint|p2a: Ferrothorn
|
|
|switch|p2a: Landorus-Therian|Landorus-Therian, M|275\/329
|-ability|p2a: Landorus-Therian|Intimidate|[of] p1a: Imperii Roseo
|-unboost|p1a: Imperii Roseo|atk|1
|turn|34
|
|move|p2a: Landorus-Therian|Earthquake|p1a: Imperii Roseo
|-damage|p1a: Imperii Roseo|0 fnt
|faint|p1a: Imperii Roseo
|
|
|switch|p1a: Serpentem Mira|Milotic, F|270\/394
|-damage|p1a: Serpentem Mira|221\/394|[from] Stealth Rock
|turn|35
|
|move|p2a: Landorus-Therian|Earthquake|p1a: Serpentem Mira
|-damage|p1a: Serpentem Mira|23\/394
|move|p1a: Serpentem Mira|Recover|p1a: Serpentem Mira
|-heal|p1a: Serpentem Mira|220\/394
|
|-heal|p1a: Serpentem Mira|244\/394|[from] item: Leftovers
|turn|36
|
|move|p2a: Landorus-Therian|Earthquake|p1a: Serpentem Mira
|-damage|p1a: Serpentem Mira|51\/394
|move|p1a: Serpentem Mira|Recover|p1a: Serpentem Mira
|-heal|p1a: Serpentem Mira|248\/394
|
|-heal|p1a: Serpentem Mira|272\/394|[from] item: Leftovers
|turn|37
|
|switch|p2a: Latias|Latias, F|170\/364
|move|p1a: Serpentem Mira|Recover|p1a: Serpentem Mira
|-heal|p1a: Serpentem Mira|394\/394
|
|-heal|p2a: Latias|192\/364|[from] item: Leftovers
|turn|38
|
|move|p2a: Latias|Psyshock|p1a: Serpentem Mira
|-damage|p1a: Serpentem Mira|283\/394
|move|p1a: Serpentem Mira|Scald|p2a: Latias
|-resisted|p2a: Latias
|-damage|p2a: Latias|161\/364
|-status|p2a: Latias|brn
|
|-heal|p2a: Latias|183\/364 brn|[from] item: Leftovers
|-heal|p1a: Serpentem Mira|307\/394|[from] item: Leftovers
|-damage|p2a: Latias|138\/364 brn|[from] brn
|turn|39
|
|move|p2a: Latias|Psyshock|p1a: Serpentem Mira
|-damage|p1a: Serpentem Mira|202\/394
|move|p1a: Serpentem Mira|Recover|p1a: Serpentem Mira
|-heal|p1a: Serpentem Mira|394\/394
|
|-heal|p2a: Latias|160\/364 brn|[from] item: Leftovers
|-damage|p2a: Latias|115\/364 brn|[from] brn
|turn|40
|
|move|p2a: Latias|Psyshock|p1a: Serpentem Mira
|-damage|p1a: Serpentem Mira|285\/394
|move|p1a: Serpentem Mira|Dragon Tail|p2a: Latias
|-supereffective|p2a: Latias
|-damage|p2a: Latias|67\/364 brn
|drag|p2a: Landorus-Therian|Landorus-Therian, M|275\/329
|-ability|p2a: Landorus-Therian|Intimidate|[of] p1a: Serpentem Mira
|-unboost|p1a: Serpentem Mira|atk|1
|
|-heal|p1a: Serpentem Mira|309\/394|[from] item: Leftovers
|turn|41
|
|move|p2a: Landorus-Therian|Knock Off|p1a: Serpentem Mira
|-damage|p1a: Serpentem Mira|191\/394
|-enditem|p1a: Serpentem Mira|Leftovers|[from] move: Knock Off|[of] p2a: Landorus-Therian
|move|p1a: Serpentem Mira|Recover|p1a: Serpentem Mira
|-heal|p1a: Serpentem Mira|388\/394
|
|turn|42
|
|switch|p2a: Latias|Latias, F|67\/364 brn
|move|p1a: Serpentem Mira|Scald|p2a: Latias
|-resisted|p2a: Latias
|-damage|p2a: Latias|37\/364 brn
|
|-heal|p2a: Latias|59\/364 brn|[from] item: Leftovers
|-damage|p2a: Latias|14\/364 brn|[from] brn
|turn|43
|
|move|p2a: Latias|Psyshock|p1a: Serpentem Mira
|-damage|p1a: Serpentem Mira|289\/394
|move|p1a: Serpentem Mira|Recover|p1a: Serpentem Mira
|-heal|p1a: Serpentem Mira|394\/394
|
|-heal|p2a: Latias|36\/364 brn|[from] item: Leftovers
|-damage|p2a: Latias|0 fnt|[from] brn
|faint|p2a: Latias
|
|switch|p2a: Charizard|Charizard, F|26\/298
|-formechange|p2a: Charizard|Charizard-Mega-X
|turn|44
|
|move|p2a: Charizard|Roost|p2a: Charizard
|-heal|p2a: Charizard|175\/298
|move|p1a: Serpentem Mira|Scald|p2a: Charizard
|-damage|p2a: Charizard|63\/298
|
|turn|45
|
|move|p2a: Charizard|Roost|p2a: Charizard
|-heal|p2a: Charizard|212\/298
|move|p1a: Serpentem Mira|Dragon Tail|p2a: Charizard
|-supereffective|p2a: Charizard
|-damage|p2a: Charizard|182\/298
|drag|p2a: Landorus-Therian|Landorus-Therian, M|275\/329
|-ability|p2a: Landorus-Therian|Intimidate|[of] p1a: Serpentem Mira
|-unboost|p1a: Serpentem Mira|atk|1
|
|turn|46
|
|move|p2a: Landorus-Therian|Earthquake|p1a: Serpentem Mira
|-damage|p1a: Serpentem Mira|186\/394
|move|p1a: Serpentem Mira|Scald|p2a: Landorus-Therian
|-supereffective|p2a: Landorus-Therian
|-damage|p2a: Landorus-Therian|29\/329
|
|turn|47
|chat|latino|gg
|chat|Like me 2|gg
|-message|latino forfeited.
|
|win|Like me 2
|raw|Ladder updating...
|leave|latino
|player|p1
|raw|latino's rating: 1816 &rarr; <strong>1786<\/strong><br \/>(-30 for losing)
|raw|Like me 2's rating: 1634 &rarr; <strong>1663<\/strong><br \/>(+29 for winning)