|join|wanderin
|join|latino
|player|p1|wanderin|29
|player|p2|latino|266
|gametype|singles
|gen|6
|tier|OU
|rated
|clearpoke
|poke|p1|Chansey, F
|poke|p1|Conkeldurr, F
|poke|p1|Mew
|poke|p1|Venusaur, F
|poke|p1|Sylveon, M
|poke|p1|Landorus-Therian, M
|poke|p2|Gliscor, F
|poke|p2|Milotic, F
|poke|p2|Scizor, F
|poke|p2|Seismitoad, F
|poke|p2|Medicham, M
|poke|p2|Zapdos
|rule|Swagger Clause: Swagger is banned
|rule|Baton Pass Clause: Limit one PokÃ©mon knowing Baton Pass
|rule|Sleep Clause Mod: Limit one foe put to sleep
|rule|Species Clause: Limit one of each PokÃ©mon
|rule|OHKO Clause: OHKO moves are banned
|rule|Moody Clause: Moody is banned
|rule|Evasion Moves Clause: Evasion moves are banned
|rule|Endless Battle Clause: Forcing endless battles is banned
|rule|HP Percentage Mod: HP is shown in percentages
|teampreview
|
|start
|switch|p1a: Conkeldurr|Conkeldurr, F|351\/351
|switch|p2a: Imperii Roseo|Medicham, M|261\/261
|turn|1
|
|switch|p1a: Landorus-Therian|Landorus-Therian, M|381\/381
|-ability|p1a: Landorus-Therian|Intimidate|[of] p2a: Imperii Roseo
|-unboost|p2a: Imperii Roseo|atk|1
|detailschange|p2a: Imperii Roseo|Medicham-Mega, M
|message|Medicham has Mega Evolved into Mega Medicham!
|move|p2a: Imperii Roseo|High Jump Kick|p1a: Landorus-Therian
|-resisted|p1a: Landorus-Therian
|-damage|p1a: Landorus-Therian|276\/381
|-damage|p2a: Imperii Roseo|218\/261|[from] item: Rocky Helmet|[of] p1a: Landorus-Therian
|
|turn|2
|
|switch|p2a: Venenum Scorpionem|Gliscor, F|352\/352
|switch|p1a: Mew|Mew|404\/404
|
|-status|p2a: Venenum Scorpionem|tox|[from] item: Toxic Orb
|turn|3
|
|move|p2a: Venenum Scorpionem|Knock Off|p1a: Mew
|-supereffective|p1a: Mew
|-damage|p1a: Mew|284\/404
|-enditem|p1a: Mew|Leftovers|[from] move: Knock Off|[of] p2a: Venenum Scorpionem
|move|p1a: Mew|Taunt|p2a: Venenum Scorpionem
|-start|p2a: Venenum Scorpionem|move: Taunt
|
|turn|4
|
|switch|p1a: Venusaur|Venusaur, F|363\/363
|move|p2a: Venenum Scorpionem|U-turn|p1a: Venusaur
|-damage|p1a: Venusaur|314\/363
|
|switch|p2a: Imperii Roseo|Medicham-Mega, M|218\/261
|
|turn|5
|
|switch|p1a: Mew|Mew|284\/404
|move|p2a: Imperii Roseo|Zen Headbutt|p1a: Mew
|-resisted|p1a: Mew
|-damage|p1a: Mew|192\/404
|
|turn|6
|
|switch|p2a: Venenum Scorpionem|Gliscor, F|352\/352 tox
|move|p1a: Mew|Roost|p1a: Mew
|-heal|p1a: Mew|394\/404
|
|turn|7
|
|switch|p1a: Venusaur|Venusaur, F|314\/363
|move|p2a: Venenum Scorpionem|U-turn|p1a: Venusaur
|-damage|p1a: Venusaur|272\/363
|
|switch|p2a: Argentum Mantis|Scizor, F|292\/292
|
|turn|8
|
|detailschange|p1a: Venusaur|Venusaur-Mega, F
|message|Venusaur has Mega Evolved into Mega Venusaur!
|move|p2a: Argentum Mantis|U-turn|p1a: Venusaur
|-damage|p1a: Venusaur|145\/363
|
|switch|p2a: Venenum Scorpionem|Gliscor, F|352\/352 tox
|move|p1a: Venusaur|Synthesis|p1a: Venusaur
|-heal|p1a: Venusaur|326\/363
|
|turn|9
|
|switch|p1a: Landorus-Therian|Landorus-Therian, M|276\/381
|-ability|p1a: Landorus-Therian|Intimidate|[of] p2a: Venenum Scorpionem
|-unboost|p2a: Venenum Scorpionem|atk|1
|move|p2a: Venenum Scorpionem|U-turn|p1a: Landorus-Therian
|-resisted|p1a: Landorus-Therian
|-damage|p1a: Landorus-Therian|262\/381
|-damage|p2a: Venenum Scorpionem|294\/352 tox|[from] item: Rocky Helmet|[of] p1a: Landorus-Therian
|
|switch|p2a: Imperii Roseo|Medicham-Mega, M|218\/261
|
|turn|10
|
|move|p2a: Imperii Roseo|Ice Punch|p1a: Landorus-Therian
|-supereffective|p1a: Landorus-Therian
|-damage|p1a: Landorus-Therian|0 fnt
|-damage|p2a: Imperii Roseo|175\/261|[from] item: Rocky Helmet|[of] p1a: Landorus-Therian
|faint|p1a: Landorus-Therian
|
|
|switch|p1a: Sylveon|Sylveon, M|394\/394
|turn|11
|
|switch|p2a: Argentum Mantis|Scizor, F|292\/292
|move|p1a: Sylveon|Hyper Voice|p2a: Argentum Mantis
|-crit|p2a: Argentum Mantis
|-resisted|p2a: Argentum Mantis
|-damage|p2a: Argentum Mantis|154\/292
|
|turn|12
|
|switch|p1a: Conkeldurr|Conkeldurr, F|351\/351
|move|p2a: Argentum Mantis|U-turn|p1a: Conkeldurr
|-resisted|p1a: Conkeldurr
|-damage|p1a: Conkeldurr|240\/351
|
|switch|p2a: Imperii Roseo|Medicham-Mega, M|175\/261
|
|turn|13
|
|switch|p1a: Sylveon|Sylveon, M|394\/394
|move|p2a: Imperii Roseo|Zen Headbutt|p1a: Sylveon
|-damage|p1a: Sylveon|162\/394
|
|-heal|p1a: Sylveon|186\/394|[from] item: Leftovers
|turn|14
|
|move|p1a: Sylveon|Protect|p1a: Sylveon
|-singleturn|p1a: Sylveon|Protect
|move|p2a: Imperii Roseo|Zen Headbutt|p1a: Sylveon
|-activate|p1a: Sylveon|Protect
|
|-heal|p1a: Sylveon|210\/394|[from] item: Leftovers
|turn|15
|
|move|p2a: Imperii Roseo|Zen Headbutt|p1a: Sylveon|[miss]
|-miss|p2a: Imperii Roseo|p1a: Sylveon
|move|p1a: Sylveon|Hyper Voice|p2a: Imperii Roseo
|-supereffective|p2a: Imperii Roseo
|-damage|p2a: Imperii Roseo|0 fnt
|faint|p2a: Imperii Roseo
|
|-heal|p1a: Sylveon|234\/394|[from] item: Leftovers
|c|âlatino|YESS!!! that was exactly what i was going for, a crit in turn 11 and a miss on turn 15
|
|switch|p2a: Argentum Mantis|Scizor, F|154\/292
|turn|16
|c|âwanderin|cool
|
|move|p1a: Sylveon|Protect|p1a: Sylveon
|-singleturn|p1a: Sylveon|Protect
|move|p2a: Argentum Mantis|Bullet Punch|p1a: Sylveon
|-activate|p1a: Sylveon|Protect
|
|-heal|p1a: Sylveon|258\/394|[from] item: Leftovers
|turn|17
|
|switch|p1a: Venusaur|Venusaur-Mega, F|326\/363
|move|p2a: Argentum Mantis|Bullet Punch|p1a: Venusaur
|-damage|p1a: Venusaur|202\/363
|
|turn|18
|
|switch|p2a: Venenum Scorpionem|Gliscor, F|294\/352 tox
|move|p1a: Venusaur|Synthesis|p1a: Venusaur
|-heal|p1a: Venusaur|363\/363
|
|-heal|p2a: Venenum Scorpionem|338\/352 tox|[from] ability: Poison Heal
|turn|19
|
|switch|p1a: Conkeldurr|Conkeldurr, F|240\/351
|move|p2a: Venenum Scorpionem|U-turn|p1a: Conkeldurr
|-resisted|p1a: Conkeldurr
|-damage|p1a: Conkeldurr|213\/351
|
|switch|p2a: Argentum Mantis|Scizor, F|154\/292
|
|turn|20
|
|move|p2a: Argentum Mantis|Aerial Ace|p1a: Conkeldurr
|-supereffective|p1a: Conkeldurr
|-damage|p1a: Conkeldurr|0 fnt
|faint|p1a: Conkeldurr
|
|
|switch|p1a: Mew|Mew|394\/404
|turn|21
|
|switch|p2a: Venenum Scorpionem|Gliscor, F|338\/352 tox
|move|p1a: Mew|Will-O-Wisp|p2a: Venenum Scorpionem
|-fail|p2a: Venenum Scorpionem
|
|-heal|p2a: Venenum Scorpionem|352\/352 tox|[from] ability: Poison Heal
|turn|22
|
|switch|p1a: Sylveon|Sylveon, M|258\/394
|move|p2a: Venenum Scorpionem|Earthquake|p1a: Sylveon
|-damage|p1a: Sylveon|140\/394
|
|-heal|p1a: Sylveon|164\/394|[from] item: Leftovers
|turn|23
|
|move|p2a: Venenum Scorpionem|Taunt|p1a: Sylveon
|-start|p1a: Sylveon|move: Taunt
|move|p1a: Sylveon|Hyper Voice|p2a: Venenum Scorpionem
|-damage|p2a: Venenum Scorpionem|177\/352 tox
|
|-heal|p1a: Sylveon|188\/394|[from] item: Leftovers
|-heal|p2a: Venenum Scorpionem|221\/352 tox|[from] ability: Poison Heal
|turn|24
|
|move|p2a: Venenum Scorpionem|U-turn|p1a: Sylveon
|-resisted|p1a: Sylveon
|-damage|p1a: Sylveon|164\/394
|
|switch|p2a: Argentum Mantis|Scizor, F|154\/292
|move|p1a: Sylveon|Hyper Voice|p2a: Argentum Mantis
|-resisted|p2a: Argentum Mantis
|-damage|p2a: Argentum Mantis|66\/292
|
|-heal|p1a: Sylveon|188\/394|[from] item: Leftovers
|turn|25
|c|âwanderin|your team is cool man
|c|âwanderin|just this game seriously k?
|c|âwanderin|es un juego
|
|switch|p1a: Venusaur|Venusaur-Mega, F|363\/363
|move|p2a: Argentum Mantis|U-turn|p1a: Venusaur
|-damage|p1a: Venusaur|228\/363
|
|switch|p2a: Venenum Scorpionem|Gliscor, F|221\/352 tox
|
|-heal|p2a: Venenum Scorpionem|265\/352 tox|[from] ability: Poison Heal
|turn|26
|
|move|p2a: Venenum Scorpionem|Taunt|p1a: Venusaur
|-start|p1a: Venusaur|move: Taunt
|move|p1a: Venusaur|Giga Drain|p2a: Venenum Scorpionem
|-damage|p2a: Venenum Scorpionem|124\/352 tox
|-heal|p1a: Venusaur|299\/363|[from] drain|[of] p2a: Venenum Scorpionem
|
|-heal|p2a: Venenum Scorpionem|168\/352 tox|[from] ability: Poison Heal
|turn|27
|
|switch|p1a: Chansey|Chansey, F|642\/642
|move|p2a: Venenum Scorpionem|U-turn|p1a: Chansey
|-damage|p1a: Chansey|576\/642
|
|switch|p2a: Argentum Mantis|Scizor, F|66\/292
|
|turn|28
|
|move|p2a: Argentum Mantis|U-turn|p1a: Chansey
|-damage|p1a: Chansey|308\/642
|
|switch|p2a: Venenum Scorpionem|Gliscor, F|168\/352 tox
|move|p1a: Chansey|Seismic Toss|p2a: Venenum Scorpionem
|-damage|p2a: Venenum Scorpionem|68\/352 tox
|
|-heal|p2a: Venenum Scorpionem|112\/352 tox|[from] ability: Poison Heal
|turn|29
|
|move|p2a: Venenum Scorpionem|Knock Off|p1a: Chansey
|-damage|p1a: Chansey|218\/642
|-enditem|p1a: Chansey|Eviolite|[from] move: Knock Off|[of] p2a: Venenum Scorpionem
|move|p1a: Chansey|Soft-Boiled|p1a: Chansey
|-heal|p1a: Chansey|539\/642
|
|-heal|p2a: Venenum Scorpionem|156\/352 tox|[from] ability: Poison Heal
|turn|30
|
|move|p2a: Venenum Scorpionem|U-turn|p1a: Chansey
|-damage|p1a: Chansey|431\/642
|
|switch|p2a: Amphibian Siccitat|Seismitoad, F|414\/414
|move|p1a: Chansey|Seismic Toss|p2a: Amphibian Siccitat
|-damage|p2a: Amphibian Siccitat|314\/414
|
|-heal|p2a: Amphibian Siccitat|339\/414|[from] item: Leftovers
|turn|31
|
|switch|p1a: Venusaur|Venusaur-Mega, F|299\/363
|move|p2a: Amphibian Siccitat|Stealth Rock|p1a: Venusaur
|-sidestart|p1: wanderin|move: Stealth Rock
|
|-heal|p2a: Amphibian Siccitat|364\/414|[from] item: Leftovers
|turn|32
|
|switch|p2a: Magna Tonitrua|Zapdos|383\/383
|-ability|p2a: Magna Tonitrua|Pressure
|move|p1a: Venusaur|Leech Seed|p2a: Magna Tonitrua
|-start|p2a: Magna Tonitrua|move: Leech Seed
|
|-damage|p2a: Magna Tonitrua|336\/383|[from] Leech Seed|[of] p1a: Venusaur
|-heal|p1a: Venusaur|346\/363|[silent]
|turn|33
|
|move|p2a: Magna Tonitrua|Discharge|p1a: Venusaur
|-resisted|p1a: Venusaur
|-damage|p1a: Venusaur|293\/363
|move|p1a: Venusaur|Giga Drain|p2a: Magna Tonitrua
|-resisted|p2a: Magna Tonitrua
|-damage|p2a: Magna Tonitrua|276\/383
|-heal|p1a: Venusaur|323\/363|[from] drain|[of] p2a: Magna Tonitrua
|
|-heal|p2a: Magna Tonitrua|299\/383|[from] item: Leftovers
|-damage|p2a: Magna Tonitrua|252\/383|[from] Leech Seed|[of] p1a: Venusaur
|-heal|p1a: Venusaur|363\/363|[silent]
|turn|34
|
|move|p2a: Magna Tonitrua|Discharge|p1a: Venusaur
|-resisted|p1a: Venusaur
|-damage|p1a: Venusaur|316\/363
|move|p1a: Venusaur|Sludge Bomb|p2a: Magna Tonitrua
|-damage|p2a: Magna Tonitrua|114\/383
|
|-heal|p2a: Magna Tonitrua|137\/383|[from] item: Leftovers
|-damage|p2a: Magna Tonitrua|90\/383|[from] Leech Seed|[of] p1a: Venusaur
|-heal|p1a: Venusaur|363\/363|[silent]
|turn|35
|
|move|p2a: Magna Tonitrua|Discharge|p1a: Venusaur
|-resisted|p1a: Venusaur
|-damage|p1a: Venusaur|312\/363
|move|p1a: Venusaur|Giga Drain|p2a: Magna Tonitrua
|-resisted|p2a: Magna Tonitrua
|-damage|p2a: Magna Tonitrua|31\/383
|-heal|p1a: Venusaur|342\/363|[from] drain|[of] p2a: Magna Tonitrua
|
|-heal|p2a: Magna Tonitrua|54\/383|[from] item: Leftovers
|-damage|p2a: Magna Tonitrua|7\/383|[from] Leech Seed|[of] p1a: Venusaur
|-heal|p1a: Venusaur|363\/363|[silent]
|turn|36
|
|move|p2a: Magna Tonitrua|Discharge|p1a: Venusaur
|-resisted|p1a: Venusaur
|-damage|p1a: Venusaur|318\/363
|-status|p1a: Venusaur|par
|cant|p1a: Venusaur|par
|
|-heal|p2a: Magna Tonitrua|30\/383|[from] item: Leftovers
|-damage|p2a: Magna Tonitrua|0 fnt|[from] Leech Seed|[of] p1a: Venusaur
|-heal|p1a: Venusaur|348\/363 par|[silent]
|faint|p2a: Magna Tonitrua
|
|switch|p2a: Argentum Mantis|Scizor, F|66\/292
|turn|37
|
|move|p2a: Argentum Mantis|Aerial Ace|p1a: Venusaur
|-supereffective|p1a: Venusaur
|-damage|p1a: Venusaur|106\/363 par
|move|p1a: Venusaur|Leech Seed|p2a: Argentum Mantis
|-start|p2a: Argentum Mantis|move: Leech Seed
|
|-damage|p2a: Argentum Mantis|30\/292|[from] Leech Seed|[of] p1a: Venusaur
|-heal|p1a: Venusaur|142\/363 par|[silent]
|turn|38
|
|switch|p2a: Venenum Scorpionem|Gliscor, F|156\/352 tox
|switch|p1a: Mew|Mew|394\/404
|-damage|p1a: Mew|344\/404|[from] Stealth Rock
|
|-heal|p2a: Venenum Scorpionem|200\/352 tox|[from] ability: Poison Heal
|turn|39
|
|switch|p1a: Sylveon|Sylveon, M|188\/394
|-damage|p1a: Sylveon|139\/394|[from] Stealth Rock
|move|p2a: Venenum Scorpionem|Knock Off|p1a: Sylveon
|-resisted|p1a: Sylveon
|-damage|p1a: Sylveon|107\/394
|-enditem|p1a: Sylveon|Leftovers|[from] move: Knock Off|[of] p2a: Venenum Scorpionem
|
|-heal|p2a: Venenum Scorpionem|244\/352 tox|[from] ability: Poison Heal
|turn|40
|
|move|p2a: Venenum Scorpionem|Earthquake|p1a: Sylveon
|-crit|p1a: Sylveon
|-damage|p1a: Sylveon|0 fnt
|faint|p1a: Sylveon
|
|-heal|p2a: Venenum Scorpionem|288\/352 tox|[from] ability: Poison Heal
|
|switch|p1a: Chansey|Chansey, F|431\/642
|-damage|p1a: Chansey|351\/642|[from] Stealth Rock
|turn|41
|
|move|p2a: Venenum Scorpionem|Taunt|p1a: Chansey
|-start|p1a: Chansey|move: Taunt
|move|p1a: Chansey|Seismic Toss|p2a: Venenum Scorpionem
|-damage|p2a: Venenum Scorpionem|188\/352 tox
|
|-heal|p2a: Venenum Scorpionem|232\/352 tox|[from] ability: Poison Heal
|turn|42
|
|move|p2a: Venenum Scorpionem|Earthquake|p1a: Chansey
|-damage|p1a: Chansey|128\/642
|move|p1a: Chansey|Seismic Toss|p2a: Venenum Scorpionem
|-damage|p2a: Venenum Scorpionem|132\/352 tox
|
|-heal|p2a: Venenum Scorpionem|176\/352 tox|[from] ability: Poison Heal
|turn|43
|
|move|p2a: Venenum Scorpionem|Earthquake|p1a: Chansey
|-damage|p1a: Chansey|0 fnt
|faint|p1a: Chansey
|
|-heal|p2a: Venenum Scorpionem|220\/352 tox|[from] ability: Poison Heal
|
|switch|p1a: Venusaur|Venusaur-Mega, F|142\/363 par
|-damage|p1a: Venusaur|97\/363 par|[from] Stealth Rock
|turn|44
|
|move|p2a: Venenum Scorpionem|Taunt|p1a: Venusaur
|-start|p1a: Venusaur|move: Taunt
|cant|p1a: Venusaur|par
|
|-heal|p2a: Venenum Scorpionem|264\/352 tox|[from] ability: Poison Heal
|turn|45
|
|move|p2a: Venenum Scorpionem|U-turn|p1a: Venusaur
|-damage|p1a: Venusaur|65\/363 par
|
|switch|p2a: Argentum Mantis|Scizor, F|30\/292
|cant|p1a: Venusaur|par
|
|turn|46
|
|move|p2a: Argentum Mantis|U-turn|p1a: Venusaur
|-damage|p1a: Venusaur|0 fnt
|faint|p1a: Venusaur
|
|switch|p2a: Venenum Scorpionem|Gliscor, F|264\/352 tox
|
|-heal|p2a: Venenum Scorpionem|308\/352 tox|[from] ability: Poison Heal
|
|switch|p1a: Mew|Mew|344\/404
|-damage|p1a: Mew|294\/404|[from] Stealth Rock
|turn|47
|c|âwanderin|i kinda hate laddering up because it turns to people who cry everytime they get crits or miss or any sort of hx
|
|move|p2a: Venenum Scorpionem|Knock Off|p1a: Mew
|-supereffective|p1a: Mew
|-damage|p1a: Mew|208\/404
|move|p1a: Mew|Knock Off|p2a: Venenum Scorpionem
|-damage|p2a: Venenum Scorpionem|252\/352 tox
|-enditem|p2a: Venenum Scorpionem|Toxic Orb|[from] move: Knock Off|[of] p1a: Mew
|
|-heal|p2a: Venenum Scorpionem|296\/352 tox|[from] ability: Poison Heal
|turn|48
|c|âwanderin|but otherwise gg
|c|âlatino|i wasnt crying...it was just a sarcastic commentary
|c|âlatino| am a Chandler fan
|
|move|p2a: Venenum Scorpionem|Knock Off|p1a: Mew
|-crit|p1a: Mew
|-supereffective|p1a: Mew
|-damage|p1a: Mew|96\/404
|move|p1a: Mew|Taunt|p2a: Venenum Scorpionem
|-start|p2a: Venenum Scorpionem|move: Taunt
|
|-heal|p2a: Venenum Scorpionem|340\/352 tox|[from] ability: Poison Heal
|turn|49
|c|âwanderin|sarcastic complain
|c|âwanderin|about hax
|c|âwanderin|pero no te preocupes, adiÃ³s!
|-message|wanderin forfeited.
|
|win|latino
|raw|Ladder updating...
|raw|wanderin's rating: 1708 &rarr; <strong>1687<\/strong><br \/>(-21 for losing)
|raw|latino's rating: 1683 &rarr; <strong>1705<\/strong><br \/>(+22 for winning)
|leave|wanderin
|player|p1
|leave|latino
|player|p2
|join|wanderin