|join|latino
|join|ct - lampio
|player|p1|latino|101
|player|p2|ct - lampio|39
|gametype|singles
|gen|6
|tier|OU
|rated
|clearpoke
|poke|p1|Gliscor, F
|poke|p1|Milotic, F
|poke|p1|Scizor, M
|poke|p1|Seismitoad, F
|poke|p1|Medicham, F
|poke|p1|Zapdos
|poke|p2|Deoxys-Defense
|poke|p2|Pinsir, F
|poke|p2|Manaphy
|poke|p2|Garchomp, F
|poke|p2|Thundurus, M
|poke|p2|Bisharp, F
|rule|Sleep Clause Mod: Limit one foe put to sleep
|rule|Species Clause: Limit one of each Pokemon
|rule|OHKO Clause: OHKO moves are banned
|rule|Moody Clause: Moody is banned
|rule|Evasion Moves Clause: Evasion moves are banned
|rule|Endless Battle Clause: Forcing endless battles is banned.
|rule|HP Percentage Mod: HP is reported as percentages
|teampreview
|join|horny whore
|
|start
|switch|p1a: Venenum Scorpionem|Gliscor, F|352\/352
|switch|p2a: Pinsir|Pinsir, F|272\/272
|-ability|p2a: Pinsir|Mold Breaker
|turn|1
|
|detailschange|p2a: Pinsir|Pinsir-Mega, F
|message|Pinsir has Mega Evolved into Mega Pinsir!
|move|p1a: Venenum Scorpionem|U-turn|p2a: Pinsir
|-resisted|p2a: Pinsir
|-damage|p2a: Pinsir|251\/272
|
|switch|p1a: Magna Tonitrua|Zapdos|383\/383
|-ability|p1a: Magna Tonitrua|Pressure
|move|p2a: Pinsir|Swords Dance|p2a: Pinsir
|-boost|p2a: Pinsir|atk|2
|
|turn|2
|
|switch|p2a: Deoxys-Defense|Deoxys-Defense|304\/304
|-ability|p2a: Deoxys-Defense|Pressure
|move|p1a: Magna Tonitrua|Discharge|p2a: Deoxys-Defense
|-damage|p2a: Deoxys-Defense|228\/304
|-status|p2a: Deoxys-Defense|par
|-enditem|p2a: Deoxys-Defense|Red Card|[of] p1a: Magna Tonitrua
|drag|p1a: Argentum Mantis|Scizor, M|308\/308
|
|turn|3
|
|move|p1a: Argentum Mantis|U-turn|p2a: Deoxys-Defense
|-supereffective|p2a: Deoxys-Defense
|-damage|p2a: Deoxys-Defense|22\/304 par
|
|switch|p1a: Magna Tonitrua|Zapdos|383\/383
|-ability|p1a: Magna Tonitrua|Pressure
|move|p2a: Deoxys-Defense|Stealth Rock|p1a: Magna Tonitrua
|-sidestart|p1: latino|move: Stealth Rock
|
|turn|4
|
|switch|p2a: Bisharp|Bisharp, F|285\/285
|move|p1a: Magna Tonitrua|Heat Wave|p2a: Bisharp
|-supereffective|p2a: Bisharp
|-damage|p2a: Bisharp|27\/285
|
|turn|5
|
|switch|p1a: Serpentem Mira|Milotic, F|394\/394
|-damage|p1a: Serpentem Mira|345\/394|[from] Stealth Rock
|move|p2a: Bisharp|Sucker Punch|p1a: Serpentem Mira
|-fail|p1a: Serpentem Mira
|
|-heal|p1a: Serpentem Mira|369\/394|[from] item: Leftovers
|turn|6
|
|move|p2a: Bisharp|Knock Off|p1a: Serpentem Mira
|-damage|p1a: Serpentem Mira|195\/394
|-enditem|p1a: Serpentem Mira|Leftovers|[from] move: Knock Off|[of] p2a: Bisharp
|move|p1a: Serpentem Mira|Recover|p1a: Serpentem Mira
|-heal|p1a: Serpentem Mira|392\/394
|
|turn|7
|
|switch|p2a: Manaphy|Manaphy|359\/359
|move|p1a: Serpentem Mira|Scald|p2a: Manaphy
|-resisted|p2a: Manaphy
|-damage|p2a: Manaphy|310\/359
|
|turn|8
|
|move|p2a: Manaphy|Tail Glow|p2a: Manaphy
|-boost|p2a: Manaphy|spa|3
|move|p1a: Serpentem Mira|Dragon Tail|p2a: Manaphy
|-damage|p2a: Manaphy|285\/359
|drag|p2a: Thundurus|Thundurus, M|299\/299
|
|turn|9
|
|switch|p1a: Amphibian Siccitat|Seismitoad, F|414\/414
|-damage|p1a: Amphibian Siccitat|389\/414|[from] Stealth Rock
|move|p2a: Thundurus|Thunderbolt|p1a: Amphibian Siccitat
|-immune|p1a: Amphibian Siccitat|[msg]
|
|-heal|p1a: Amphibian Siccitat|414\/414|[from] item: Leftovers
|turn|10
|
|switch|p2a: Deoxys-Defense|Deoxys-Defense|22\/304 par
|-ability|p2a: Deoxys-Defense|Pressure
|move|p1a: Amphibian Siccitat|Stealth Rock|p2a: Deoxys-Defense
|-sidestart|p2: ct - lampio|move: Stealth Rock
|
|turn|11
|
|move|p1a: Amphibian Siccitat|Earthquake|p2a: Deoxys-Defense
|-damage|p2a: Deoxys-Defense|0 fnt
|faint|p2a: Deoxys-Defense
|
|
|switch|p2a: Pinsir|Pinsir-Mega, F|251\/272
|-damage|p2a: Pinsir|115\/272|[from] Stealth Rock
|turn|12
|
|switch|p1a: Magna Tonitrua|Zapdos|383\/383
|-damage|p1a: Magna Tonitrua|288\/383|[from] Stealth Rock
|-ability|p1a: Magna Tonitrua|Pressure
|move|p2a: Pinsir|Swords Dance|p2a: Pinsir
|-boost|p2a: Pinsir|atk|2
|
|-heal|p1a: Magna Tonitrua|311\/383|[from] item: Leftovers
|turn|13
|
|move|p2a: Pinsir|Frustration|p1a: Magna Tonitrua
|-resisted|p1a: Magna Tonitrua
|-damage|p1a: Magna Tonitrua|107\/383
|move|p1a: Magna Tonitrua|Discharge|p2a: Pinsir
|-supereffective|p2a: Pinsir
|-damage|p2a: Pinsir|0 fnt
|faint|p2a: Pinsir
|
|-heal|p1a: Magna Tonitrua|130\/383|[from] item: Leftovers
|
|switch|p2a: Thundurus|Thundurus, M|299\/299
|-damage|p2a: Thundurus|225\/299|[from] Stealth Rock
|turn|14
|
|move|p2a: Thundurus|Hidden Power|p1a: Magna Tonitrua
|-supereffective|p1a: Magna Tonitrua
|-damage|p1a: Magna Tonitrua|0 fnt
|-damage|p2a: Thundurus|196\/299|[from] item: Life Orb
|faint|p1a: Magna Tonitrua
|
|
|switch|p1a: Amphibian Siccitat|Seismitoad, F|414\/414
|-damage|p1a: Amphibian Siccitat|389\/414|[from] Stealth Rock
|turn|15
|
|switch|p2a: Manaphy|Manaphy|285\/359
|-damage|p2a: Manaphy|241\/359|[from] Stealth Rock
|move|p1a: Amphibian Siccitat|Ice Punch|p2a: Manaphy
|-resisted|p2a: Manaphy
|-damage|p2a: Manaphy|213\/359
|
|-heal|p1a: Amphibian Siccitat|414\/414|[from] item: Leftovers
|turn|16
|
|move|p2a: Manaphy|Tail Glow|p2a: Manaphy
|-boost|p2a: Manaphy|spa|3
|move|p1a: Amphibian Siccitat|Earthquake|p2a: Manaphy
|-damage|p2a: Manaphy|102\/359
|
|turn|17
|
|switch|p1a: Argentum Mantis|Scizor, M|308\/308
|-damage|p1a: Argentum Mantis|270\/308|[from] Stealth Rock
|move|p2a: Manaphy|Ice Beam|p1a: Argentum Mantis
|-resisted|p1a: Argentum Mantis
|-damage|p1a: Argentum Mantis|134\/308
|
|turn|18
|
|move|p1a: Argentum Mantis|Bullet Punch|p2a: Manaphy
|-resisted|p2a: Manaphy
|-damage|p2a: Manaphy|18\/359
|move|p2a: Manaphy|Surf|p1a: Argentum Mantis
|-damage|p1a: Argentum Mantis|0 fnt
|faint|p1a: Argentum Mantis
|
|
|switch|p1a: Imperii Roseo|Medicham, F|261\/261
|-damage|p1a: Imperii Roseo|245\/261|[from] Stealth Rock
|turn|19
|
|detailschange|p1a: Imperii Roseo|Medicham-Mega, F
|message|Medicham has Mega Evolved into Mega Medicham!
|move|p1a: Imperii Roseo|Fake Out|p2a: Manaphy
|-damage|p2a: Manaphy|0 fnt
|faint|p2a: Manaphy
|
|
|switch|p2a: Thundurus|Thundurus, M|196\/299
|-damage|p2a: Thundurus|122\/299|[from] Stealth Rock
|turn|20
|
|switch|p1a: Amphibian Siccitat|Seismitoad, F|414\/414
|-damage|p1a: Amphibian Siccitat|389\/414|[from] Stealth Rock
|move|p2a: Thundurus|Focus Blast|p1a: Amphibian Siccitat
|-damage|p1a: Amphibian Siccitat|237\/414
|-damage|p2a: Thundurus|93\/299|[from] item: Life Orb
|
|-heal|p1a: Amphibian Siccitat|262\/414|[from] item: Leftovers
|turn|21
|
|move|p2a: Thundurus|Focus Blast|p1a: Amphibian Siccitat
|-damage|p1a: Amphibian Siccitat|115\/414
|-damage|p2a: Thundurus|64\/299|[from] item: Life Orb
|move|p1a: Amphibian Siccitat|Ice Punch|p2a: Thundurus
|-supereffective|p2a: Thundurus
|-damage|p2a: Thundurus|0 fnt
|faint|p2a: Thundurus
|
|-heal|p1a: Amphibian Siccitat|140\/414|[from] item: Leftovers
|
|switch|p2a: Garchomp|Garchomp, F|358\/358
|-damage|p2a: Garchomp|336\/358|[from] Stealth Rock
|turn|22
|
|move|p2a: Garchomp|Earthquake|p1a: Amphibian Siccitat
|-damage|p1a: Amphibian Siccitat|0 fnt
|faint|p1a: Amphibian Siccitat
|
|
|switch|p1a: Serpentem Mira|Milotic, F|392\/394
|-damage|p1a: Serpentem Mira|343\/394|[from] Stealth Rock
|turn|23
|
|move|p2a: Garchomp|Swords Dance|p2a: Garchomp
|-boost|p2a: Garchomp|atk|2
|move|p1a: Serpentem Mira|Scald|p2a: Garchomp
|-damage|p2a: Garchomp|221\/358
|
|turn|24
|
|move|p2a: Garchomp|Outrage|p1a: Serpentem Mira
|-damage|p1a: Serpentem Mira|0 fnt
|faint|p1a: Serpentem Mira
|
|
|switch|p1a: Venenum Scorpionem|Gliscor, F|352\/352
|-damage|p1a: Venenum Scorpionem|308\/352|[from] Stealth Rock
|turn|25
|
|move|p2a: Garchomp|Outrage|p1a: Venenum Scorpionem
|-damage|p1a: Venenum Scorpionem|0 fnt
|faint|p1a: Venenum Scorpionem
|
|
|switch|p1a: Imperii Roseo|Medicham-Mega, F|245\/261
|-damage|p1a: Imperii Roseo|229\/261|[from] Stealth Rock
|turn|26
|
|move|p1a: Imperii Roseo|Fake Out|p2a: Garchomp
|-damage|p2a: Garchomp|139\/358
|-damage|p1a: Imperii Roseo|197\/261|[from] ability: Rough Skin|[of] p2a: Garchomp
|cant|p2a: Garchomp|flinch
|
|-end|p2a: Garchomp|rampage
|-start|p2a: Garchomp|confusion
|turn|27
|
|switch|p2a: Bisharp|Bisharp, F|27\/285
|-damage|p2a: Bisharp|10\/285|[from] Stealth Rock
|move|p1a: Imperii Roseo|High Jump Kick|p2a: Bisharp
|-supereffective|p2a: Bisharp
|-damage|p2a: Bisharp|0 fnt
|faint|p2a: Bisharp
|
|
|switch|p2a: Garchomp|Garchomp, F|139\/358
|-damage|p2a: Garchomp|117\/358|[from] Stealth Rock
|turn|28
|
|move|p2a: Garchomp|Outrage|p1a: Imperii Roseo
|-damage|p1a: Imperii Roseo|0 fnt
|faint|p1a: Imperii Roseo
|
|win|ct - lampio
|raw|Ladder updating...
|raw|latino's rating: 1769 &rarr; <strong>1746<\/strong><br \/>(-23 for losing)
|raw|ct - lampio's rating: 1712 &rarr; <strong>1735<\/strong><br \/>(+23 for winning)
|chat|latino|gg
|leave|ct - lampio
|player|p2
|leave|latino
|player|p1