|join|sg pokemon
|join|latino
|player|p1|sg pokemon|209
|player|p2|latino|101
|gametype|singles
|gen|6
|tier|OU
|rated
|clearpoke
|poke|p1|Landorus-Therian, M
|poke|p1|Thundurus, M
|poke|p1|Aegislash, F
|poke|p1|Excadrill, M
|poke|p1|Charizard, F
|poke|p1|Azumarill, M
|poke|p2|Venusaur, M
|poke|p2|Chansey, F
|poke|p2|Gliscor, M
|poke|p2|Quagsire, M
|poke|p2|Heatran, M
|poke|p2|Mew
|rule|Sleep Clause Mod: Limit one foe put to sleep
|rule|Species Clause: Limit one of each Pokemon
|rule|OHKO Clause: OHKO moves are banned
|rule|Moody Clause: Moody is banned
|rule|Evasion Moves Clause: Evasion moves are banned
|rule|Endless Battle Clause: Forcing endless battles is banned.
|rule|HP Percentage Mod: HP is reported as percentages
|teampreview
|
|start
|switch|p1a: Landorus-Therian|Landorus-Therian, M|319\/319
|switch|p2a: Gliscor|Gliscor, M|352\/352
|-ability|p1a: Landorus-Therian|Intimidate|[of] p2a: Gliscor
|-unboost|p2a: Gliscor|atk|1
|turn|1
|
|move|p1a: Landorus-Therian|Knock Off|p2a: Gliscor
|-damage|p2a: Gliscor|253\/352
|-enditem|p2a: Gliscor|Toxic Orb|[from] move: Knock Off|[of] p1a: Landorus-Therian
|move|p2a: Gliscor|Taunt|p1a: Landorus-Therian
|-start|p1a: Landorus-Therian|move: Taunt
|
|turn|2
|
|move|p1a: Landorus-Therian|U-turn|p2a: Gliscor
|-resisted|p2a: Gliscor
|-damage|p2a: Gliscor|219\/352
|
|switch|p1a: Thundurus|Thundurus, M|299\/299
|move|p2a: Gliscor|Knock Off|p1a: Thundurus
|-damage|p1a: Thundurus|236\/299
|-enditem|p1a: Thundurus|Leftovers|[from] move: Knock Off|[of] p2a: Gliscor
|
|turn|3
|
|move|p1a: Thundurus|Hidden Power|p2a: Gliscor
|-supereffective|p2a: Gliscor
|-damage|p2a: Gliscor|0 fnt
|faint|p2a: Gliscor
|
|
|switch|p2a: Heatran|Heatran, M|386\/386
|turn|4
|
|move|p1a: Thundurus|Taunt|p2a: Heatran
|-start|p2a: Heatran|move: Taunt
|move|p2a: Heatran|Lava Plume|p1a: Thundurus
|-damage|p1a: Thundurus|89\/299
|-status|p1a: Thundurus|brn
|
|-damage|p1a: Thundurus|52\/299 brn|[from] brn
|turn|5
|
|switch|p1a: Landorus-Therian|Landorus-Therian, M|319\/319
|-ability|p1a: Landorus-Therian|Intimidate|[of] p2a: Heatran
|-unboost|p2a: Heatran|atk|1
|switch|p2a: Chansey|Chansey, F|642\/642
|
|turn|6
|
|switch|p2a: Venusaur|Venusaur, M|364\/364
|move|p1a: Landorus-Therian|Knock Off|p2a: Venusaur
|-damage|p2a: Venusaur|257\/364
|
|turn|7
|
|detailschange|p2a: Venusaur|Venusaur-Mega, M
|message|Venusaur has Mega Evolved into Mega Venusaur!
|move|p1a: Landorus-Therian|Stealth Rock|p2a: Venusaur
|-sidestart|p2: latino|move: Stealth Rock
|move|p2a: Venusaur|Hidden Power|p1a: Landorus-Therian
|-damage|p1a: Landorus-Therian|235\/319
|
|-heal|p1a: Landorus-Therian|254\/319|[from] item: Leftovers
|turn|8
|
|move|p1a: Landorus-Therian|Earthquake|p2a: Venusaur
|-damage|p2a: Venusaur|94\/364
|move|p2a: Venusaur|Giga Drain|p1a: Landorus-Therian
|-damage|p1a: Landorus-Therian|88\/319
|-heal|p2a: Venusaur|177\/364|[from] drain|[of] p1a: Landorus-Therian
|
|-heal|p1a: Landorus-Therian|107\/319|[from] item: Leftovers
|turn|9
|
|move|p1a: Landorus-Therian|U-turn|p2a: Venusaur
|-damage|p2a: Venusaur|107\/364
|
|switch|p1a: Charizard|Charizard, F|297\/297
|move|p2a: Venusaur|Synthesis|p2a: Venusaur
|-heal|p2a: Venusaur|289\/364
|
|turn|10
|
|detailschange|p1a: Charizard|Charizard-Mega-X, F
|message|Charizard has Mega Evolved into Mega Charizard!
|move|p1a: Charizard|Dragon Dance|p1a: Charizard
|-boost|p1a: Charizard|atk|1
|-boost|p1a: Charizard|spe|1
|move|p2a: Venusaur|Sludge Bomb|p1a: Charizard
|-damage|p1a: Charizard|98\/297
|
|turn|11
|
|move|p1a: Charizard|Flare Blitz|p2a: Venusaur
|-supereffective|p2a: Venusaur
|-damage|p2a: Venusaur|0 fnt
|-damage|p1a: Charizard|3\/297|[from] recoil|[of] p2a: Venusaur
|faint|p2a: Venusaur
|
|
|switch|p2a: Quagsire|Quagsire, M|394\/394
|-damage|p2a: Quagsire|370\/394|[from] Stealth Rock
|turn|12
|
|move|p1a: Charizard|Dragon Claw|p2a: Quagsire
|-damage|p2a: Quagsire|190\/394
|move|p2a: Quagsire|Toxic|p1a: Charizard
|-status|p1a: Charizard|tox
|
|-heal|p2a: Quagsire|214\/394|[from] item: Leftovers
|-damage|p1a: Charizard|0 fnt|[from] psn
|faint|p1a: Charizard
|
|switch|p1a: Aegislash|Aegislash, F|324\/324
|turn|13
|
|switch|p2a: Chansey|Chansey, F|642\/642
|-damage|p2a: Chansey|562\/642|[from] Stealth Rock
|-formechange|p1a: Aegislash|Aegislash-Blade
|move|p1a: Aegislash|Shadow Ball|p2a: Chansey
|-immune|p2a: Chansey|[msg]
|
|turn|14
|
|switch|p1a: Azumarill|Azumarill, M|404\/404
|move|p2a: Chansey|Wish|p2a: Chansey
|
|turn|15
|
|move|p1a: Azumarill|Belly Drum|p1a: Azumarill
|-damage|p1a: Azumarill|202\/404
|-setboost|p1a: Azumarill|atk|6|[from] move: Belly Drum
|-enditem|p1a: Azumarill|Sitrus Berry|[eat]
|-heal|p1a: Azumarill|303\/404|[from] item: Sitrus Berry
|move|p2a: Chansey|Seismic Toss|p1a: Azumarill
|-damage|p1a: Azumarill|203\/404
|
|-heal|p2a: Chansey|642\/642|[from] move: Wish|[wisher] Chansey
|turn|16
|
|move|p1a: Azumarill|Play Rough|p2a: Chansey
|-damage|p2a: Chansey|0 fnt
|faint|p2a: Chansey
|
|
|switch|p2a: Quagsire|Quagsire, M|214\/394
|-damage|p2a: Quagsire|190\/394|[from] Stealth Rock
|turn|17
|
|move|p1a: Azumarill|Play Rough|p2a: Quagsire
|-damage|p2a: Quagsire|37\/394
|move|p2a: Quagsire|Recover|p2a: Quagsire
|-heal|p2a: Quagsire|234\/394
|
|-heal|p2a: Quagsire|258\/394|[from] item: Leftovers
|turn|18
|
|move|p1a: Azumarill|Play Rough|p2a: Quagsire
|-damage|p2a: Quagsire|89\/394
|move|p2a: Quagsire|Recover|p2a: Quagsire
|-heal|p2a: Quagsire|286\/394
|
|-heal|p2a: Quagsire|310\/394|[from] item: Leftovers
|turn|19
|
|move|p1a: Azumarill|Play Rough|p2a: Quagsire
|-damage|p2a: Quagsire|157\/394
|move|p2a: Quagsire|Toxic|p1a: Azumarill
|-status|p1a: Azumarill|tox
|
|-heal|p2a: Quagsire|181\/394|[from] item: Leftovers
|-damage|p1a: Azumarill|178\/404 tox|[from] psn
|turn|20
|
|move|p1a: Azumarill|Play Rough|p2a: Quagsire
|-crit|p2a: Quagsire
|-damage|p2a: Quagsire|0 fnt
|faint|p2a: Quagsire
|
|-damage|p1a: Azumarill|128\/404 tox|[from] psn
|
|switch|p2a: Heatran|Heatran, M|386\/386
|-damage|p2a: Heatran|338\/386|[from] Stealth Rock
|turn|21
|chat|sg pokemon|yay
|
|move|p1a: Azumarill|Aqua Jet|p2a: Heatran
|-supereffective|p2a: Heatran
|-damage|p2a: Heatran|0 fnt
|faint|p2a: Heatran
|
|-damage|p1a: Azumarill|53\/404 tox|[from] psn
|
|switch|p2a: Mew|Mew|341\/341
|-damage|p2a: Mew|299\/341|[from] Stealth Rock
|turn|22
|
|move|p2a: Mew|Sucker Punch|p1a: Azumarill
|-resisted|p1a: Azumarill
|-damage|p1a: Azumarill|0 fnt
|-damage|p2a: Mew|265\/341|[from] item: Life Orb
|faint|p1a: Azumarill
|
|
|switch|p1a: Aegislash|Aegislash, F|324\/324
|turn|23
|
|move|p2a: Mew|Sucker Punch|p1a: Aegislash
|-supereffective|p1a: Aegislash
|-damage|p1a: Aegislash|163\/324
|-enditem|p1a: Aegislash|Weakness Policy
|-boost|p1a: Aegislash|atk|2|[from] item: Weakness Policy
|-boost|p1a: Aegislash|spa|2|[from] item: Weakness Policy
|-damage|p2a: Mew|231\/341|[from] item: Life Orb
|-formechange|p1a: Aegislash|Aegislash-Blade
|move|p1a: Aegislash|Shadow Ball|p2a: Mew
|-supereffective|p2a: Mew
|-damage|p2a: Mew|0 fnt
|faint|p2a: Mew
|
|win|sg pokemon
|raw|Ladder updating...
|raw|sg pokemon's rating: 1558 &rarr; <strong>1574<\/strong><br \/>(+16 for winning)
|raw|latino's rating: 1488 &rarr; <strong>1472<\/strong><br \/>(-16 for losing)
|leave|latino
|player|p2