|join|latino
|join|ygniG
|player|p1|latino|265
|player|p2|ygniG|285
|gametype|singles
|gen|6
|tier|OU
|rated
|clearpoke
|poke|p1|Gliscor, F
|poke|p1|Milotic, M
|poke|p1|Scizor, F
|poke|p1|Seismitoad, F
|poke|p1|Medicham, M
|poke|p1|Zapdos
|poke|p2|Deoxys-Defense
|poke|p2|Breloom, M
|poke|p2|Manectric, F
|poke|p2|Landorus-Therian, M
|poke|p2|Azumarill, M
|poke|p2|Bisharp, F
|rule|Sleep Clause Mod: Limit one foe put to sleep
|rule|Species Clause: Limit one of each Pokemon
|rule|OHKO Clause: OHKO moves are banned
|rule|Moody Clause: Moody is banned
|rule|Evasion Moves Clause: Evasion moves are banned
|rule|Endless Battle Clause: Forcing endless battles is banned.
|rule|HP Percentage Mod: HP is reported as percentages
|teampreview
|
|start
|switch|p1a: Venenum Scorpionem|Gliscor, F|352\/352
|switch|p2a: Deoxys-Defense|Deoxys-Defense|304\/304
|-ability|p2a: Deoxys-Defense|Pressure
|turn|1
|
|move|p1a: Venenum Scorpionem|Taunt|p2a: Deoxys-Defense
|-start|p2a: Deoxys-Defense|move: Taunt
|cant|p2a: Deoxys-Defense|move: Taunt|Taunt
|
|-status|p1a: Venenum Scorpionem|tox|[from] item: Toxic Orb
|turn|2
|join|Natsu Slayer
|join|Timmecha
|join|AjTheEpic
|join|An IncognitoTuxedo
|
|switch|p2a: Landorus-Therian|Landorus-Therian, M|320\/320
|-ability|p2a: Landorus-Therian|Intimidate|[of] p1a: Venenum Scorpionem
|-unboost|p1a: Venenum Scorpionem|atk|1
|move|p1a: Venenum Scorpionem|Knock Off|p2a: Landorus-Therian
|-damage|p2a: Landorus-Therian|269\/320
|-enditem|p2a: Landorus-Therian|Choice Scarf|[from] move: Knock Off|[of] p1a: Venenum Scorpionem
|
|turn|3
|join|Lord Xen III
|leave|An IncognitoTuxedo
|join|No BP Plz
|join|I <3 House
|
|move|p1a: Venenum Scorpionem|Knock Off|p2a: Landorus-Therian
|-damage|p2a: Landorus-Therian|236\/320
|move|p2a: Landorus-Therian|Knock Off|p1a: Venenum Scorpionem
|-damage|p1a: Venenum Scorpionem|246\/352 tox
|-enditem|p1a: Venenum Scorpionem|Toxic Orb|[from] move: Knock Off|[of] p2a: Landorus-Therian
|
|-heal|p1a: Venenum Scorpionem|290\/352 tox|[from] ability: Poison Heal
|turn|4
|chat|AjTheEpic|Gingy sucks
|chat|Lord Xen III|lol
|chat|Lord Xen III|i remember this guy
|chat|ygniG|this matchup thho
|
|move|p1a: Venenum Scorpionem|Knock Off|p2a: Landorus-Therian
|-damage|p2a: Landorus-Therian|201\/320
|move|p2a: Landorus-Therian|Stone Edge|p1a: Venenum Scorpionem|[miss]
|-miss|p2a: Landorus-Therian|p1a: Venenum Scorpionem
|
|-heal|p1a: Venenum Scorpionem|334\/352 tox|[from] ability: Poison Heal
|turn|5
|join|Omegasization
|chat|Lord Xen III|dont crit his medic ham with sucker punch imo
|chat|Lord Xen III|:}
|chat|AjTheEpic|Gingy also has lost so...
|chat|ygniG|^
|
|move|p1a: Venenum Scorpionem|Knock Off|p2a: Landorus-Therian
|-damage|p2a: Landorus-Therian|168\/320
|move|p2a: Landorus-Therian|Stone Edge|p1a: Venenum Scorpionem
|-damage|p1a: Venenum Scorpionem|221\/352 tox
|
|-heal|p1a: Venenum Scorpionem|265\/352 tox|[from] ability: Poison Heal
|turn|6
|chat|Lord Xen III|lol
|chat|Lord Xen III|latino
|
|move|p1a: Venenum Scorpionem|Knock Off|p2a: Landorus-Therian
|-crit|p2a: Landorus-Therian
|-damage|p2a: Landorus-Therian|80\/320
|move|p2a: Landorus-Therian|Stone Edge|p1a: Venenum Scorpionem
|-damage|p1a: Venenum Scorpionem|151\/352 tox
|
|-heal|p1a: Venenum Scorpionem|195\/352 tox|[from] ability: Poison Heal
|turn|7
|chat|ygniG|yeah i cant win
|chat|ygniG|lol
|
|switch|p2a: Manectric|Manectric, F|281\/281
|move|p1a: Venenum Scorpionem|Knock Off|p2a: Manectric
|-damage|p2a: Manectric|229\/281
|
|-heal|p1a: Venenum Scorpionem|239\/352 tox|[from] ability: Poison Heal
|turn|8
|chat|ygniG|or
|chat|ygniG|do i have
|chat|ygniG|hp grass
|chat|ygniG|mega man
|chat|ygniG|:]
|
|switch|p1a: Amphibian Siccitat|Seismitoad, F|414\/414
|-ability|p2a: Manectric|Intimidate|[of] p1a: Amphibian Siccitat
|-unboost|p1a: Amphibian Siccitat|atk|1
|detailschange|p2a: Manectric|Manectric-Mega, F
|message|Manectric has Mega Evolved into Mega Manectric!
|move|p2a: Manectric|Hidden Power|p1a: Amphibian Siccitat
|-damage|p1a: Amphibian Siccitat|345\/414
|
|-heal|p1a: Amphibian Siccitat|370\/414|[from] item: Leftovers
|turn|9
|chat|I <3 House|yeah 
|join|123tang
|chat|ygniG|i dont
|chat|ygniG|;_;
|chat|I <3 House|fu 
|
|switch|p2a: Breloom|Breloom, M|262\/262
|move|p1a: Amphibian Siccitat|Stealth Rock|p2a: Breloom
|-sidestart|p2: ygniG|move: Stealth Rock
|
|-heal|p1a: Amphibian Siccitat|395\/414|[from] item: Leftovers
|turn|10
|chat|Omegasization|.-.
|chat|Omegasization|yo wiz
|
|switch|p1a: Venenum Scorpionem|Gliscor, F|239\/352 tox
|move|p2a: Breloom|Spore|p1a: Venenum Scorpionem
|-fail|p1a: Venenum Scorpionem
|
|-heal|p1a: Venenum Scorpionem|283\/352 tox|[from] ability: Poison Heal
|turn|11
|chat|Omegasization|I wanted you to suffer
|chat|ygniG|hello?
|chat|ygniG|u get 2hkod
|chat|ygniG|lol
|
|move|p1a: Venenum Scorpionem|U-turn|p2a: Breloom
|-damage|p2a: Breloom|196\/262
|chat|Omegasization|did I succeed?
|
|switch|p1a: Magna Tonitrua|Zapdos|383\/383
|-ability|p1a: Magna Tonitrua|Pressure
|move|p2a: Breloom|Bullet Seed|p1a: Magna Tonitrua
|-resisted|p1a: Magna Tonitrua
|-damage|p1a: Magna Tonitrua|356\/383
|-resisted|p1a: Magna Tonitrua
|-damage|p1a: Magna Tonitrua|328\/383
|-hitcount|p1a: Magna Tonitrua|2
|
|-heal|p1a: Magna Tonitrua|351\/383|[from] item: Leftovers
|turn|12
|chat|ygniG|ah u turn
|
|move|p2a: Breloom|Rock Tomb|p1a: Magna Tonitrua
|-supereffective|p1a: Magna Tonitrua
|-damage|p1a: Magna Tonitrua|179\/383
|-unboost|p1a: Magna Tonitrua|spe|1
|move|p1a: Magna Tonitrua|Heat Wave|p2a: Breloom
|-supereffective|p2a: Breloom
|-damage|p2a: Breloom|0 fnt
|faint|p2a: Breloom
|
|-heal|p1a: Magna Tonitrua|202\/383|[from] item: Leftovers
|chat|Lord Xen III|;-;
|chat|ygniG|idc nymore
|chat|Lord Xen III|y u do dis gingy
|chat|ygniG|cause his team bores me to play against
|chat|ygniG|and my matchup
|
|switch|p2a: Bisharp|Bisharp, F|279\/279
|-damage|p2a: Bisharp|262\/279|[from] Stealth Rock
|turn|13
|
|move|p2a: Bisharp|Knock Off|p1a: Magna Tonitrua
|-damage|p1a: Magna Tonitrua|27\/383
|-enditem|p1a: Magna Tonitrua|Leftovers|[from] move: Knock Off|[of] p2a: Bisharp
|-damage|p2a: Bisharp|235\/279|[from] item: Life Orb
|move|p1a: Magna Tonitrua|Heat Wave|p2a: Bisharp
|-supereffective|p2a: Bisharp
|-damage|p2a: Bisharp|0 fnt
|faint|p2a: Bisharp
|
|chat|I <3 House|its only ladder anyway 
|chat|ygniG|ik
|chat|ygniG|hence
|chat|Lord Xen III|laddder is bad?
|chat|ygniG|me not giving
|chat|ygniG|a fuck
|
|switch|p2a: Azumarill|Azumarill, M|404\/404
|-damage|p2a: Azumarill|354\/404|[from] Stealth Rock
|turn|14
|
|move|p1a: Magna Tonitrua|Discharge|p2a: Azumarill
|-supereffective|p2a: Azumarill
|-damage|p2a: Azumarill|168\/404
|move|p2a: Azumarill|Waterfall|p1a: Magna Tonitrua
|-damage|p1a: Magna Tonitrua|0 fnt
|faint|p1a: Magna Tonitrua
|
|
|switch|p1a: Argentum Mantis|Scizor, F|320\/320
|turn|15
|
|move|p1a: Argentum Mantis|Bullet Punch|p2a: Azumarill
|-damage|p2a: Azumarill|0 fnt
|faint|p2a: Azumarill
|
|
|switch|p2a: Manectric|Manectric-Mega, F|229\/281
|-damage|p2a: Manectric|194\/281|[from] Stealth Rock
|-ability|p2a: Manectric|Intimidate|[of] p1a: Argentum Mantis
|-unboost|p1a: Argentum Mantis|atk|1
|turn|16
|
|switch|p1a: Amphibian Siccitat|Seismitoad, F|395\/414
|move|p2a: Manectric|Overheat|p1a: Amphibian Siccitat
|-resisted|p1a: Amphibian Siccitat
|-damage|p1a: Amphibian Siccitat|330\/414
|-unboost|p2a: Manectric|spa|2
|
|-heal|p1a: Amphibian Siccitat|355\/414|[from] item: Leftovers
|turn|17
|chat|ygniG|meh
|chat|Lord Xen III|seismitoad
|chat|ygniG|i lve now
|chat|Lord Xen III|tho
|chat|ygniG|gg
|-message|ygniG forfeited.
|
|win|latino
|raw|Ladder updating...
|leave|Lord Xen III
|leave|ygniG
|player|p2
|chat|latino|gg
|raw|latino's rating: 1729 &rarr; <strong>1745<\/strong><br \/>(+16 for winning)
|raw|ygniG's rating: 1658 &rarr; <strong>1642<\/strong><br \/>(-16 for losing)
|leave|123tang
|leave|latino
|player|p1
|join|Lord Xen III
|leave|No BP Plz