|join|Childrens Story
|join|latino
|player|p1|Childrens Story|178
|player|p2|latino|266
|gametype|singles
|gen|6
|tier|OU
|rated
|clearpoke
|poke|p1|Garchomp, F
|poke|p1|Greninja, F
|poke|p1|Scizor, F
|poke|p1|Bisharp, F
|poke|p1|Latios, M
|poke|p1|Landorus-Therian, M
|poke|p2|Mandibuzz, F
|poke|p2|Sylveon, M
|poke|p2|Landorus-Therian, M
|poke|p2|Keldeo
|poke|p2|Heatran, F
|poke|p2|Venusaur, M
|rule|Swagger Clause: Swagger is banned
|rule|Baton Pass Clause: Limit one PokÃ©mon knowing Baton Pass
|rule|Sleep Clause Mod: Limit one foe put to sleep
|rule|Species Clause: Limit one of each PokÃ©mon
|rule|OHKO Clause: OHKO moves are banned
|rule|Moody Clause: Moody is banned
|rule|Evasion Moves Clause: Evasion moves are banned
|rule|Endless Battle Clause: Forcing endless battles is banned
|rule|HP Percentage Mod: HP is shown in percentages
|teampreview
|
|start
|switch|p1a: Garchomp|Garchomp, F|357\/357
|switch|p2a: Venusaur|Venusaur, M|364\/364
|turn|1
|
|detailschange|p2a: Venusaur|Venusaur-Mega, M
|message|Venusaur has Mega Evolved into Mega Venusaur!
|move|p1a: Garchomp|Stealth Rock|p2a: Venusaur
|-sidestart|p2: latino|move: Stealth Rock
|move|p2a: Venusaur|Sleep Powder|p1a: Garchomp
|-status|p1a: Garchomp|slp
|
|turn|2
|join|xoxoxox
|
|switch|p1a: Latios|Latios, M|302\/302
|move|p2a: Venusaur|Giga Drain|p1a: Latios
|-resisted|p1a: Latios
|-damage|p1a: Latios|251\/302
|
|turn|3
|
|switch|p1a: Greninja|Greninja, F|286\/286
|switch|p2a: Mandibuzz|Mandibuzz, F|424\/424
|-damage|p2a: Mandibuzz|318\/424|[from] Stealth Rock
|
|-heal|p2a: Mandibuzz|344\/424|[from] item: Leftovers
|turn|4
|
|switch|p2a: Sylveon|Sylveon, M|394\/394
|-damage|p2a: Sylveon|345\/394|[from] Stealth Rock
|move|p1a: Greninja|Ice Beam|p2a: Sylveon
|-start|p1a: Greninja|typechange|Ice|[from] Protean
|-damage|p2a: Sylveon|244\/394
|-damage|p1a: Greninja|258\/286|[from] item: Life Orb
|
|-heal|p2a: Sylveon|268\/394|[from] item: Leftovers
|turn|5
|
|move|p1a: Greninja|Spikes|p2a: Sylveon
|-start|p1a: Greninja|typechange|Ground|[from] Protean
|-sidestart|p2: latino|Spikes
|move|p2a: Sylveon|Wish|p2a: Sylveon
|
|-heal|p2a: Sylveon|292\/394|[from] item: Leftovers
|turn|6
|
|switch|p1a: Scizor|Scizor, F|286\/286
|move|p2a: Sylveon|Hyper Voice|p1a: Scizor
|-resisted|p1a: Scizor
|-damage|p1a: Scizor|204\/286
|
|-heal|p2a: Sylveon|394\/394|[from] move: Wish|[wisher] Sylveon
|turn|7
|
|switch|p2a: Heatran|Heatran, F|386\/386
|-damage|p2a: Heatran|338\/386|[from] Stealth Rock
|-damage|p2a: Heatran|290\/386|[from] Spikes
|detailschange|p1a: Scizor|Scizor-Mega, F
|message|Scizor has Mega Evolved into Mega Scizor!
|move|p1a: Scizor|Swords Dance|p1a: Scizor
|-boost|p1a: Scizor|atk|2
|
|-heal|p2a: Heatran|314\/386|[from] item: Leftovers
|turn|8
|
|move|p1a: Scizor|Superpower|p2a: Heatran
|-crit|p2a: Heatran
|-supereffective|p2a: Heatran
|-damage|p2a: Heatran|0 fnt
|-unboost|p1a: Scizor|atk|1
|-unboost|p1a: Scizor|def|1
|faint|p2a: Heatran
|
|
|switch|p2a: Mandibuzz|Mandibuzz, F|344\/424
|-damage|p2a: Mandibuzz|238\/424|[from] Stealth Rock
|turn|9
|
|move|p1a: Scizor|Swords Dance|p1a: Scizor
|-boost|p1a: Scizor|atk|2
|move|p2a: Mandibuzz|Roost|p2a: Mandibuzz
|-heal|p2a: Mandibuzz|424\/424
|
|turn|10
|
|move|p1a: Scizor|Bug Bite|p2a: Mandibuzz
|-damage|p2a: Mandibuzz|70\/424
|move|p2a: Mandibuzz|Iron Defense|p2a: Mandibuzz
|-boost|p2a: Mandibuzz|def|2
|
|-heal|p2a: Mandibuzz|96\/424|[from] item: Leftovers
|turn|11
|-message|latino forfeited.
|
|win|Childrens Story
|raw|Ladder updating...
|leave|latino
|player|p2
|raw|Childrens Story's rating: 1853 &rarr; <strong>1870<\/strong><br \/>(+17 for winning)
|raw|latino's rating: 1798 &rarr; <strong>1781<\/strong><br \/>(-17 for losing)