|join|Bloody Sunday
|join|latino
|player|p1|Bloody Sunday|68
|player|p2|latino|266
|gametype|singles
|gen|6
|tier|OU
|rated
|clearpoke
|poke|p1|Bisharp, F
|poke|p1|Venusaur, F
|poke|p1|Heatran, M
|poke|p1|Keldeo
|poke|p1|Chansey, F
|poke|p1|Skarmory, M
|poke|p2|Talonflame, M
|poke|p2|Quagsire, F
|poke|p2|Venusaur, F
|poke|p2|Mew
|poke|p2|Thundurus, M
|poke|p2|Clefable, M
|rule|Swagger Clause: Swagger is banned
|rule|Baton Pass Clause: Limit one PokÃ©mon knowing Baton Pass
|rule|Sleep Clause Mod: Limit one foe put to sleep
|rule|Species Clause: Limit one of each PokÃ©mon
|rule|OHKO Clause: OHKO moves are banned
|rule|Moody Clause: Moody is banned
|rule|Evasion Moves Clause: Evasion moves are banned
|rule|Endless Battle Clause: Forcing endless battles is banned
|rule|HP Percentage Mod: HP is shown in percentages
|teampreview
Bloody Sunday turned on modjoin.
|raw|<div class="broadcast-red"><b>Moderated chat was set to +!<\/b><br \/>Only users of rank + and higher can talk.<\/div>
Bloody Sunday made this room private.
|
|start
|switch|p1a: Heatran|Heatran, M|340\/340
|switch|p2a: Talonflame|Talonflame, M|352\/352
|-item|p1a: Heatran|Air Balloon
|turn|1
|
|switch|p1a: Keldeo|Keldeo|323\/323
|move|p2a: Talonflame|Taunt|p1a: Keldeo
|-start|p1a: Keldeo|move: Taunt
|
|turn|2
|
|switch|p2a: Mew|Mew|404\/404
|move|p1a: Keldeo|Scald|p2a: Mew
|-damage|p2a: Mew|295\/404
|
|-heal|p2a: Mew|320\/404|[from] item: Leftovers
|turn|3
|
|move|p1a: Keldeo|Scald|p2a: Mew
|-damage|p2a: Mew|202\/404
|move|p2a: Mew|Knock Off|p1a: Keldeo
|-resisted|p1a: Keldeo
|-damage|p1a: Keldeo|281\/323
|-boost|p1a: Keldeo|atk|1|[from] ability: Justified
|-enditem|p1a: Keldeo|Leftovers|[from] move: Knock Off|[of] p2a: Mew
|
|-heal|p2a: Mew|227\/404|[from] item: Leftovers
|turn|4
|
|switch|p1a: Heatran|Heatran, M|340\/340
|-item|p1a: Heatran|Air Balloon
|move|p2a: Mew|Soft-Boiled|p2a: Mew
|-heal|p2a: Mew|404\/404
|
|turn|5
|
|switch|p2a: Venusaur|Venusaur, F|364\/364
|move|p1a: Heatran|Stealth Rock|p2a: Venusaur
|-sidestart|p2: latino|move: Stealth Rock
|
|turn|6
|
|detailschange|p2a: Venusaur|Venusaur-Mega, F
|message|Venusaur has Mega Evolved into Mega Venusaur!
|move|p1a: Heatran|Taunt|p2a: Venusaur
|-start|p2a: Venusaur|move: Taunt
|cant|p2a: Venusaur|move: Taunt|Sleep Powder
|
|turn|7
|
|switch|p2a: Quagsire|Quagsire, F|394\/394
|-damage|p2a: Quagsire|370\/394|[from] Stealth Rock
|move|p1a: Heatran|Toxic|p2a: Quagsire|[miss]
|-miss|p1a: Heatran|p2a: Quagsire
|
|-heal|p2a: Quagsire|394\/394|[from] item: Leftovers
|turn|8
|
|switch|p2a: Venusaur|Venusaur-Mega, F|364\/364
|-damage|p2a: Venusaur|319\/364|[from] Stealth Rock
|move|p1a: Heatran|Toxic|p2a: Venusaur
|-fail|p2a: Venusaur
|
|turn|9
|
|switch|p2a: Thundurus|Thundurus, M|299\/299
|-damage|p2a: Thundurus|225\/299|[from] Stealth Rock
|move|p1a: Heatran|Fire Blast|p2a: Thundurus
|-damage|p2a: Thundurus|17\/299
|
|-heal|p2a: Thundurus|35\/299|[from] item: Leftovers
|turn|10
|
|switch|p1a: Chansey|Chansey, F|684\/684
|move|p2a: Thundurus|Focus Blast|p1a: Chansey
|-supereffective|p1a: Chansey
|-damage|p1a: Chansey|524\/684
|
|-heal|p2a: Thundurus|53\/299|[from] item: Leftovers
|turn|11
|
|move|p2a: Thundurus|Focus Blast|p1a: Chansey|[miss]
|-miss|p2a: Thundurus|p1a: Chansey
|move|p1a: Chansey|Seismic Toss|p2a: Thundurus
|-damage|p2a: Thundurus|0 fnt
|faint|p2a: Thundurus
|
|
|switch|p2a: Mew|Mew|404\/404
|-damage|p2a: Mew|354\/404|[from] Stealth Rock
|turn|12
|
|switch|p1a: Heatran|Heatran, M|340\/340
|-item|p1a: Heatran|Air Balloon
|move|p2a: Mew|Defog|p1a: Heatran
|-unboost|p1a: Heatran|evasion|1
|-sideend|p2: latino|Stealth Rock|[from] move: Defog|[of] p2a: Mew
|
|-heal|p2a: Mew|379\/404|[from] item: Leftovers
|turn|13
|
|move|p1a: Heatran|Stealth Rock|p2a: Mew
|-sidestart|p2: latino|move: Stealth Rock
|move|p2a: Mew|Knock Off|p1a: Heatran
|-damage|p1a: Heatran|275\/340
|-enditem|p1a: Heatran|Air Balloon
|
|-heal|p2a: Mew|404\/404|[from] item: Leftovers
|turn|14
|
|switch|p2a: Venusaur|Venusaur-Mega, F|319\/364
|-damage|p2a: Venusaur|274\/364|[from] Stealth Rock
|move|p1a: Heatran|Fire Blast|p2a: Venusaur
|-supereffective|p2a: Venusaur
|-damage|p2a: Venusaur|130\/364
|
|turn|15
|-message|latino forfeited.
|
|win|Bloody Sunday
|raw|Ladder updating...
|leave|latino
|player|p2
|raw|Bloody Sunday's rating: 1938 &rarr; <strong>1949<\/strong><br \/>(+11 for winning)
|raw|latino's rating: 1781 &rarr; <strong>1769<\/strong><br \/>(-12 for losing)