|join|dEnIsSsS
|join|latino
|player|p1|dEnIsSsS|288
|player|p2|latino|2
|gametype|singles
|gen|6
|tier|OU
|rated
|clearpoke
|poke|p1|Smeargle, M, shiny
|poke|p1|Scolipede, M, shiny
|poke|p1|Vaporeon, F
|poke|p1|Espeon, M, shiny
|poke|p1|Clefable, M, shiny
|poke|p1|Deoxys-Speed
|poke|p2|Gliscor, F
|poke|p2|Milotic, F
|poke|p2|Scizor, F
|poke|p2|Seismitoad, F
|poke|p2|Medicham, F
|poke|p2|Zapdos
|rule|Baton Pass Clause: Limit 3 pokemon knowing Baton Pass
|rule|Sleep Clause Mod: Limit one foe put to sleep
|rule|Species Clause: Limit one of each Pokemon
|rule|OHKO Clause: OHKO moves are banned
|rule|Moody Clause: Moody is banned
|rule|Evasion Moves Clause: Evasion moves are banned
|rule|Endless Battle Clause: Forcing endless battles is banned
|rule|HP Percentage Mod: HP is reported as percentages
|teampreview
|chat|dEnIsSsS|fak
|chat|dEnIsSsS|lol
|chat|latino|that is new...
|
|start
|switch|p1a: YAKUZA|Deoxys-Speed|304\/304
|switch|p2a: Argentum Mantis|Scizor, F|292\/292
|-ability|p1a: YAKUZA|Pressure
|turn|1
|
|move|p1a: YAKUZA|Reflect|p1a: YAKUZA
|-sidestart|p1: dEnIsSsS|Reflect
|move|p2a: Argentum Mantis|U-turn|p1a: YAKUZA
|-supereffective|p1a: YAKUZA
|-damage|p1a: YAKUZA|88\/304
|
|switch|p2a: Imperii Roseo|Medicham, F|261\/261
|
|turn|2
|
|detailschange|p2a: Imperii Roseo|Medicham-Mega, F
|message|Medicham has Mega Evolved into Mega Medicham!
|move|p2a: Imperii Roseo|Fake Out|p1a: YAKUZA
|-damage|p1a: YAKUZA|45\/304
|cant|p1a: YAKUZA|flinch
|
|turn|3
|
|switch|p2a: Argentum Mantis|Scizor, F|292\/292
|move|p1a: YAKUZA|Stealth Rock|p2a: Argentum Mantis
|-sidestart|p2: latino|move: Stealth Rock
|
|turn|4
|
|switch|p1a: BIN LADEN|Scolipede, M, shiny|321\/321
|move|p2a: Argentum Mantis|U-turn|p1a: BIN LADEN
|-resisted|p1a: BIN LADEN
|-damage|p1a: BIN LADEN|282\/321
|
|switch|p2a: Venenum Scorpionem|Gliscor, F|352\/352
|-damage|p2a: Venenum Scorpionem|308\/352|[from] Stealth Rock
|
|-status|p2a: Venenum Scorpionem|tox|[from] item: Toxic Orb
|turn|5
|
|move|p2a: Venenum Scorpionem|Taunt|p1a: BIN LADEN
|-start|p1a: BIN LADEN|move: Taunt
|-enditem|p1a: BIN LADEN|Mental Herb
|-end|p1a: BIN LADEN|move: Taunt
|move|p1a: BIN LADEN|Iron Defense|p1a: BIN LADEN
|-boost|p1a: BIN LADEN|def|2
|
|-heal|p2a: Venenum Scorpionem|352\/352 tox|[from] ability: Poison Heal
|-boost|p1a: BIN LADEN|spe|1|[from] ability: Speed Boost
|turn|6
|
|move|p1a: BIN LADEN|Baton Pass|p1a: BIN LADEN
|
|switch|p1a: DON CORLEONE|Espeon, M, shiny|321\/321
|move|p2a: Venenum Scorpionem|U-turn|p1a: DON CORLEONE
|-supereffective|p1a: DON CORLEONE
|-damage|p1a: DON CORLEONE|281\/321
|
|switch|p2a: Serpentem Mira|Milotic, F|394\/394
|-damage|p2a: Serpentem Mira|345\/394|[from] Stealth Rock
|
|-heal|p1a: DON CORLEONE|301\/321|[from] item: Leftovers
|-heal|p2a: Serpentem Mira|369\/394|[from] item: Leftovers
|turn|7
|
|move|p1a: DON CORLEONE|Substitute|p1a: DON CORLEONE
|-start|p1a: DON CORLEONE|Substitute
|-damage|p1a: DON CORLEONE|221\/321
|move|p2a: Serpentem Mira|Dragon Tail|p1a: DON CORLEONE
|-activate|p1a: DON CORLEONE|Substitute|[damage]
|
|-heal|p1a: DON CORLEONE|241\/321|[from] item: Leftovers
|-heal|p2a: Serpentem Mira|393\/394|[from] item: Leftovers
|turn|8
|
|move|p1a: DON CORLEONE|Baton Pass|p1a: DON CORLEONE
|
|switch|p1a: AL CAPONE|Smeargle, M, shiny|273\/273
|move|p2a: Serpentem Mira|Haze|p2a: Serpentem Mira
|-clearallboost
|
|-heal|p2a: Serpentem Mira|394\/394|[from] item: Leftovers
|-sideend|p1: dEnIsSsS|Reflect
|turn|9
|
|switch|p2a: Venenum Scorpionem|Gliscor, F|352\/352 tox
|-damage|p2a: Venenum Scorpionem|308\/352 tox|[from] Stealth Rock
|move|p1a: AL CAPONE|Quiver Dance|p1a: AL CAPONE
|-boost|p1a: AL CAPONE|spa|1
|-boost|p1a: AL CAPONE|spd|1
|-boost|p1a: AL CAPONE|spe|1
|
|-heal|p2a: Venenum Scorpionem|352\/352 tox|[from] ability: Poison Heal
|turn|10
|
|move|p1a: AL CAPONE|Baton Pass|p1a: AL CAPONE
|
|switch|p1a: DON CORLEONE|Espeon, M, shiny|241\/321
|move|p2a: Venenum Scorpionem|U-turn|p1a: DON CORLEONE
|-supereffective|p1a: DON CORLEONE
|-end|p1a: DON CORLEONE|Substitute
|
|switch|p2a: Serpentem Mira|Milotic, F|394\/394
|-damage|p2a: Serpentem Mira|345\/394|[from] Stealth Rock
|
|-heal|p1a: DON CORLEONE|261\/321|[from] item: Leftovers
|-heal|p2a: Serpentem Mira|369\/394|[from] item: Leftovers
|turn|11
|
|move|p1a: DON CORLEONE|Substitute|p1a: DON CORLEONE
|-start|p1a: DON CORLEONE|Substitute
|-damage|p1a: DON CORLEONE|181\/321
|move|p2a: Serpentem Mira|Haze|p2a: Serpentem Mira
|-clearallboost
|
|-heal|p1a: DON CORLEONE|201\/321|[from] item: Leftovers
|-heal|p2a: Serpentem Mira|393\/394|[from] item: Leftovers
|turn|12
|
|move|p1a: DON CORLEONE|Calm Mind|p1a: DON CORLEONE
|-boost|p1a: DON CORLEONE|spa|1
|-boost|p1a: DON CORLEONE|spd|1
|move|p2a: Serpentem Mira|Scald|p1a: DON CORLEONE
|-activate|p1a: DON CORLEONE|Substitute|[damage]
|
|-heal|p1a: DON CORLEONE|221\/321|[from] item: Leftovers
|-heal|p2a: Serpentem Mira|394\/394|[from] item: Leftovers
|turn|13
|
|move|p1a: DON CORLEONE|Calm Mind|p1a: DON CORLEONE
|-boost|p1a: DON CORLEONE|spa|1
|-boost|p1a: DON CORLEONE|spd|1
|move|p2a: Serpentem Mira|Scald|p1a: DON CORLEONE
|-end|p1a: DON CORLEONE|Substitute
|
|-heal|p1a: DON CORLEONE|241\/321|[from] item: Leftovers
|turn|14
|
|move|p1a: DON CORLEONE|Substitute|p1a: DON CORLEONE
|-start|p1a: DON CORLEONE|Substitute
|-damage|p1a: DON CORLEONE|161\/321
|move|p2a: Serpentem Mira|Haze|p2a: Serpentem Mira
|-clearallboost
|
|-heal|p1a: DON CORLEONE|181\/321|[from] item: Leftovers
|turn|15
|
|move|p1a: DON CORLEONE|Calm Mind|p1a: DON CORLEONE
|-boost|p1a: DON CORLEONE|spa|1
|-boost|p1a: DON CORLEONE|spd|1
|move|p2a: Serpentem Mira|Scald|p1a: DON CORLEONE
|-activate|p1a: DON CORLEONE|Substitute|[damage]
|
|-heal|p1a: DON CORLEONE|201\/321|[from] item: Leftovers
|turn|16
|
|move|p1a: DON CORLEONE|Calm Mind|p1a: DON CORLEONE
|-boost|p1a: DON CORLEONE|spa|1
|-boost|p1a: DON CORLEONE|spd|1
|move|p2a: Serpentem Mira|Haze|p2a: Serpentem Mira
|-clearallboost
|
|-heal|p1a: DON CORLEONE|221\/321|[from] item: Leftovers
|turn|17
|
|move|p1a: DON CORLEONE|Calm Mind|p1a: DON CORLEONE
|-boost|p1a: DON CORLEONE|spa|1
|-boost|p1a: DON CORLEONE|spd|1
|move|p2a: Serpentem Mira|Scald|p1a: DON CORLEONE
|-end|p1a: DON CORLEONE|Substitute
|
|-heal|p1a: DON CORLEONE|241\/321|[from] item: Leftovers
|turn|18
|
|move|p1a: DON CORLEONE|Substitute|p1a: DON CORLEONE
|-start|p1a: DON CORLEONE|Substitute
|-damage|p1a: DON CORLEONE|161\/321
|move|p2a: Serpentem Mira|Haze|p2a: Serpentem Mira
|-clearallboost
|
|-heal|p1a: DON CORLEONE|181\/321|[from] item: Leftovers
|turn|19
|
|move|p1a: DON CORLEONE|Calm Mind|p1a: DON CORLEONE
|-boost|p1a: DON CORLEONE|spa|1
|-boost|p1a: DON CORLEONE|spd|1
|move|p2a: Serpentem Mira|Scald|p1a: DON CORLEONE
|-activate|p1a: DON CORLEONE|Substitute|[damage]
|
|-heal|p1a: DON CORLEONE|201\/321|[from] item: Leftovers
|turn|20
|
|move|p1a: DON CORLEONE|Calm Mind|p1a: DON CORLEONE
|-boost|p1a: DON CORLEONE|spa|1
|-boost|p1a: DON CORLEONE|spd|1
|move|p2a: Serpentem Mira|Haze|p2a: Serpentem Mira
|-clearallboost
|
|-heal|p1a: DON CORLEONE|221\/321|[from] item: Leftovers
|turn|21
|
|switch|p2a: Venenum Scorpionem|Gliscor, F|352\/352 tox
|-damage|p2a: Venenum Scorpionem|308\/352 tox|[from] Stealth Rock
|move|p1a: DON CORLEONE|Calm Mind|p1a: DON CORLEONE
|-boost|p1a: DON CORLEONE|spa|1
|-boost|p1a: DON CORLEONE|spd|1
|
|-heal|p1a: DON CORLEONE|241\/321|[from] item: Leftovers
|-heal|p2a: Venenum Scorpionem|352\/352 tox|[from] ability: Poison Heal
|turn|22
|
|move|p2a: Venenum Scorpionem|U-turn|p1a: DON CORLEONE
|-supereffective|p1a: DON CORLEONE
|-end|p1a: DON CORLEONE|Substitute
|
|switch|p2a: Imperii Roseo|Medicham-Mega, F|261\/261
|-damage|p2a: Imperii Roseo|245\/261|[from] Stealth Rock
|move|p1a: DON CORLEONE|Baton Pass|p1a: DON CORLEONE
|
|switch|p1a: BIN LADEN|Scolipede, M, shiny|282\/321
|
|turn|23
|
|switch|p2a: Venenum Scorpionem|Gliscor, F|352\/352 tox
|-damage|p2a: Venenum Scorpionem|308\/352 tox|[from] Stealth Rock
|move|p1a: BIN LADEN|Protect|p1a: BIN LADEN
|-fail|p1a: BIN LADEN
|
|-heal|p2a: Venenum Scorpionem|352\/352 tox|[from] ability: Poison Heal
|-boost|p1a: BIN LADEN|spe|1|[from] ability: Speed Boost
|turn|24
|
|move|p1a: BIN LADEN|Baton Pass|p1a: BIN LADEN
|
|switch|p1a: DON CORLEONE|Espeon, M, shiny|241\/321
|move|p2a: Venenum Scorpionem|Taunt|p1a: DON CORLEONE
|move|p1a: DON CORLEONE|Taunt|p2a: Venenum Scorpionem|[from]Magic Bounce
|-start|p2a: Venenum Scorpionem|move: Taunt
|
|-heal|p1a: DON CORLEONE|261\/321|[from] item: Leftovers
|turn|25
|
|move|p1a: DON CORLEONE|Baton Pass|p1a: DON CORLEONE
|
|switch|p1a: BIN LADEN|Scolipede, M, shiny|282\/321
|move|p2a: Venenum Scorpionem|Knock Off|p1a: BIN LADEN
|-damage|p1a: BIN LADEN|243\/321
|
|turn|26
|
|move|p1a: BIN LADEN|Substitute|p1a: BIN LADEN
|-start|p1a: BIN LADEN|Substitute
|-damage|p1a: BIN LADEN|163\/321
|move|p2a: Venenum Scorpionem|U-turn|p1a: BIN LADEN
|-resisted|p1a: BIN LADEN
|-activate|p1a: BIN LADEN|Substitute|[damage]
|
|switch|p2a: Serpentem Mira|Milotic, F|394\/394
|-damage|p2a: Serpentem Mira|345\/394|[from] Stealth Rock
|
|-heal|p2a: Serpentem Mira|369\/394|[from] item: Leftovers
|-boost|p1a: BIN LADEN|spe|1|[from] ability: Speed Boost
|turn|27
|
|move|p1a: BIN LADEN|Baton Pass|p1a: BIN LADEN
|
|switch|p1a: AL CAPONE|Smeargle, M, shiny|273\/273
|move|p2a: Serpentem Mira|Haze|p2a: Serpentem Mira
|-clearallboost
|
|-heal|p2a: Serpentem Mira|393\/394|[from] item: Leftovers
|turn|28
|
|switch|p2a: Venenum Scorpionem|Gliscor, F|352\/352 tox
|-damage|p2a: Venenum Scorpionem|308\/352 tox|[from] Stealth Rock
|move|p1a: AL CAPONE|Quiver Dance|p1a: AL CAPONE
|-boost|p1a: AL CAPONE|spa|1
|-boost|p1a: AL CAPONE|spd|1
|-boost|p1a: AL CAPONE|spe|1
|
|-heal|p2a: Venenum Scorpionem|352\/352 tox|[from] ability: Poison Heal
|turn|29
|
|move|p1a: AL CAPONE|Ingrain|p1a: AL CAPONE
|-start|p1a: AL CAPONE|move: Ingrain
|move|p2a: Venenum Scorpionem|Knock Off|p1a: AL CAPONE
|-end|p1a: AL CAPONE|Substitute
|
|turn|30
|
|move|p1a: AL CAPONE|Baton Pass|p1a: AL CAPONE
|
|switch|p1a: AL QAEDA|Vaporeon, F|449\/449
|move|p2a: Venenum Scorpionem|Knock Off|p1a: AL QAEDA
|-damage|p1a: AL QAEDA|382\/449
|-enditem|p1a: AL QAEDA|Leftovers|[from] move: Knock Off|[of] p2a: Venenum Scorpionem
|
|-heal|p1a: AL QAEDA|410\/449|[from] Ingrain
|turn|31
|
|move|p2a: Venenum Scorpionem|Taunt|p1a: AL QAEDA
|-start|p1a: AL QAEDA|move: Taunt
|move|p1a: AL QAEDA|Scald|p2a: Venenum Scorpionem
|-supereffective|p2a: Venenum Scorpionem
|-damage|p2a: Venenum Scorpionem|0 fnt
|faint|p2a: Venenum Scorpionem
|
|-heal|p1a: AL QAEDA|438\/449|[from] Ingrain
|chat|dEnIsSsS|amen
|
|switch|p2a: Imperii Roseo|Medicham-Mega, F|245\/261
|-damage|p2a: Imperii Roseo|229\/261|[from] Stealth Rock
|turn|32
|
|move|p2a: Imperii Roseo|High Jump Kick|p1a: AL QAEDA|[miss]
|-miss|p2a: Imperii Roseo|p1a: AL QAEDA
|-damage|p2a: Imperii Roseo|99\/261|[from] highjumpkick
|move|p1a: AL QAEDA|Scald|p2a: Imperii Roseo
|-damage|p2a: Imperii Roseo|0 fnt
|faint|p2a: Imperii Roseo
|
|-heal|p1a: AL QAEDA|449\/449|[from] Ingrain
|chat|dEnIsSsS|sorry lol
|chat|latino|cya
|chat|latino|gg
|-message|latino forfeited.
|
|win|dEnIsSsS
|raw|Ladder updating...
|leave|latino
|player|p2
|raw|dEnIsSsS's rating: 1978 &rarr; <strong>1992<\/strong><br \/>(+14 for winning)
|raw|latino's rating: 1872 &rarr; <strong>1858<\/strong><br \/>(-14 for losing)