|join|latino
|join|Molson Canadian
|player|p1|latino|170
|player|p2|Molson Canadian|102
|gametype|singles
|gen|6
|tier|OU
|rated
|clearpoke
|poke|p1|Gliscor, M
|poke|p1|Milotic, M
|poke|p1|Scizor, F
|poke|p1|Seismitoad, F
|poke|p1|Medicham, M
|poke|p1|Zapdos
|poke|p2|Charizard, M
|poke|p2|Aegislash, M
|poke|p2|Gothitelle, M
|poke|p2|Keldeo
|poke|p2|Landorus-Therian, M
|poke|p2|Latias, F
|rule|Sleep Clause Mod: Limit one foe put to sleep
|rule|Species Clause: Limit one of each Pokemon
|rule|OHKO Clause: OHKO moves are banned
|rule|Moody Clause: Moody is banned
|rule|Evasion Moves Clause: Evasion moves are banned
|rule|Endless Battle Clause: Forcing endless battles is banned.
|rule|HP Percentage Mod: HP is reported as percentages
|teampreview
|
|start
|switch|p1a: Venenum Scorpionem|Gliscor, M|352\/352
|switch|p2a: Gothitelle|Gothitelle, M|281\/281
|turn|1
|
|move|p1a: Venenum Scorpionem|U-turn|p2a: Gothitelle
|-supereffective|p2a: Gothitelle
|-damage|p2a: Gothitelle|175\/281
|
|switch|p1a: Argentum Mantis|Scizor, F|308\/308
|move|p2a: Gothitelle|Hidden Power|p1a: Argentum Mantis
|-crit|p1a: Argentum Mantis
|-resisted|p1a: Argentum Mantis
|-damage|p1a: Argentum Mantis|227\/308
|
|turn|2
|
|switch|p2a: Landorus-Therian|Landorus-Therian, M|369\/369
|-ability|p2a: Landorus-Therian|Intimidate|[of] p1a: Argentum Mantis
|-unboost|p1a: Argentum Mantis|atk|1
|move|p1a: Argentum Mantis|U-turn|p2a: Landorus-Therian
|-resisted|p2a: Landorus-Therian
|-damage|p2a: Landorus-Therian|309\/369
|
|switch|p1a: Venenum Scorpionem|Gliscor, M|352\/352
|
|-heal|p2a: Landorus-Therian|332\/369|[from] item: Leftovers
|-status|p1a: Venenum Scorpionem|tox|[from] item: Toxic Orb
|turn|3
|
|move|p1a: Venenum Scorpionem|Taunt|p2a: Landorus-Therian
|-start|p2a: Landorus-Therian|move: Taunt
|cant|p2a: Landorus-Therian|move: Taunt|Stealth Rock
|
|-heal|p2a: Landorus-Therian|355\/369|[from] item: Leftovers
|turn|4
|
|switch|p2a: Aegislash|Aegislash, M|321\/321
|move|p1a: Venenum Scorpionem|Knock Off|p2a: Aegislash
|-supereffective|p2a: Aegislash
|-damage|p2a: Aegislash|219\/321
|-enditem|p2a: Aegislash|Leftovers|[from] move: Knock Off|[of] p1a: Venenum Scorpionem
|
|turn|5
|
|switch|p2a: Keldeo|Keldeo|323\/323
|move|p1a: Venenum Scorpionem|Earthquake|p2a: Keldeo
|-damage|p2a: Keldeo|200\/323
|
|turn|6
|
|switch|p2a: Gothitelle|Gothitelle, M|175\/281
|switch|p1a: Serpentem Mira|Milotic, M|394\/394
|
|turn|7
|
|move|p2a: Gothitelle|Grass Knot|p1a: Serpentem Mira
|-supereffective|p1a: Serpentem Mira
|-damage|p1a: Serpentem Mira|148\/394
|move|p1a: Serpentem Mira|Dragon Tail|p2a: Gothitelle
|-damage|p2a: Gothitelle|151\/281
|drag|p2a: Keldeo|Keldeo|200\/323
|
|-heal|p1a: Serpentem Mira|172\/394|[from] item: Leftovers
|turn|8
|
|switch|p1a: Magna Tonitrua|Zapdos|383\/383
|-ability|p1a: Magna Tonitrua|Pressure
|move|p2a: Keldeo|Secret Sword|p1a: Magna Tonitrua
|-resisted|p1a: Magna Tonitrua
|-damage|p1a: Magna Tonitrua|289\/383
|
|-heal|p1a: Magna Tonitrua|312\/383|[from] item: Leftovers
|turn|9
|
|switch|p2a: Latias|Latias, F|329\/329
|switch|p1a: Venenum Scorpionem|Gliscor, M|352\/352 tox
|
|turn|10
|
|switch|p2a: Keldeo|Keldeo|200\/323
|move|p1a: Venenum Scorpionem|U-turn|p2a: Keldeo
|-resisted|p2a: Keldeo
|-damage|p2a: Keldeo|170\/323
|
|switch|p1a: Amphibian Siccitat|Seismitoad, F|414\/414
|
|turn|11
|
|switch|p2a: Gothitelle|Gothitelle, M|151\/281
|switch|p1a: Venenum Scorpionem|Gliscor, M|352\/352 tox
|
|turn|12
|
|switch|p2a: Keldeo|Keldeo|170\/323
|move|p1a: Venenum Scorpionem|U-turn|p2a: Keldeo
|-resisted|p2a: Keldeo
|-damage|p2a: Keldeo|141\/323
|
|switch|p1a: Imperii Roseo|Medicham, M|261\/261
|
|turn|13
|
|switch|p2a: Aegislash|Aegislash, M|219\/321
|detailschange|p1a: Imperii Roseo|Medicham-Mega, M
|message|Medicham has Mega Evolved into Mega Medicham!
|move|p1a: Imperii Roseo|Fake Out|p2a: Aegislash
|-immune|p2a: Aegislash|[msg]
|
|turn|14
|
|switch|p1a: Amphibian Siccitat|Seismitoad, F|414\/414
|-formechange|p2a: Aegislash|Aegislash-Blade
|move|p2a: Aegislash|Shadow Ball|p1a: Amphibian Siccitat
|-damage|p1a: Amphibian Siccitat|272\/414
|
|-heal|p1a: Amphibian Siccitat|297\/414|[from] item: Leftovers
|turn|15
|
|switch|p1a: Venenum Scorpionem|Gliscor, M|352\/352 tox
|switch|p2a: Gothitelle|Gothitelle, M|151\/281
|
|turn|16
|
|switch|p2a: Charizard|Charizard, M|315\/315
|move|p1a: Venenum Scorpionem|U-turn|p2a: Charizard
|-resisted|p2a: Charizard
|-damage|p2a: Charizard|300\/315
|
|switch|p1a: Imperii Roseo|Medicham-Mega, M|261\/261
|
|turn|17
|
|switch|p2a: Aegislash|Aegislash, M|219\/321
|move|p1a: Imperii Roseo|Fake Out|p2a: Aegislash
|-immune|p2a: Aegislash|[msg]
|
|turn|18
|
|switch|p1a: Venenum Scorpionem|Gliscor, M|352\/352 tox
|switch|p2a: Gothitelle|Gothitelle, M|151\/281
|
|turn|19
|
|switch|p2a: Charizard|Charizard, M|300\/315
|move|p1a: Venenum Scorpionem|Knock Off|p2a: Charizard
|-damage|p2a: Charizard|240\/315
|
|turn|20
|
|switch|p2a: Gothitelle|Gothitelle, M|151\/281
|move|p1a: Venenum Scorpionem|Earthquake|p2a: Gothitelle
|-damage|p2a: Gothitelle|42\/281
|
|turn|21
|
|switch|p2a: Charizard|Charizard, M|240\/315
|move|p1a: Venenum Scorpionem|U-turn|p2a: Charizard
|-resisted|p2a: Charizard
|-damage|p2a: Charizard|224\/315
|
|switch|p1a: Imperii Roseo|Medicham-Mega, M|261\/261
|
|turn|22
|
|switch|p2a: Landorus-Therian|Landorus-Therian, M|355\/369
|-ability|p2a: Landorus-Therian|Intimidate|[of] p1a: Imperii Roseo
|-unboost|p1a: Imperii Roseo|atk|1
|move|p1a: Imperii Roseo|Zen Headbutt|p2a: Landorus-Therian
|-damage|p2a: Landorus-Therian|199\/369
|
|-heal|p2a: Landorus-Therian|222\/369|[from] item: Leftovers
|turn|23
|
|switch|p2a: Aegislash|Aegislash, M|219\/321
|move|p1a: Imperii Roseo|Zen Headbutt|p2a: Aegislash
|-resisted|p2a: Aegislash
|-damage|p2a: Aegislash|162\/321
|
|turn|24
|
|switch|p1a: Venenum Scorpionem|Gliscor, M|352\/352 tox
|switch|p2a: Keldeo|Keldeo|141\/323
|
|turn|25
|
|switch|p2a: Gothitelle|Gothitelle, M|42\/281
|switch|p1a: Amphibian Siccitat|Seismitoad, F|297\/414
|
|-heal|p1a: Amphibian Siccitat|322\/414|[from] item: Leftovers
|turn|26
|
|move|p1a: Amphibian Siccitat|Protect|p1a: Amphibian Siccitat
|-singleturn|p1a: Amphibian Siccitat|Protect
|move|p2a: Gothitelle|Grass Knot|p1a: Amphibian Siccitat
|-activate|p1a: Amphibian Siccitat|Protect
|
|-heal|p1a: Amphibian Siccitat|347\/414|[from] item: Leftovers
|turn|27
|
|move|p2a: Gothitelle|Grass Knot|p1a: Amphibian Siccitat
|-supereffective|p1a: Amphibian Siccitat
|-damage|p1a: Amphibian Siccitat|0 fnt
|faint|p1a: Amphibian Siccitat
|
|
|switch|p1a: Imperii Roseo|Medicham-Mega, M|261\/261
|turn|28
|
|switch|p2a: Aegislash|Aegislash, M|162\/321
|move|p1a: Imperii Roseo|Fire Punch|p2a: Aegislash
|-supereffective|p2a: Aegislash
|-damage|p2a: Aegislash|0 fnt
|faint|p2a: Aegislash
|
|
|switch|p2a: Keldeo|Keldeo|141\/323
|turn|29
|
|move|p2a: Keldeo|Hydro Pump|p1a: Imperii Roseo
|-damage|p1a: Imperii Roseo|0 fnt
|faint|p1a: Imperii Roseo
|
|
|switch|p1a: Serpentem Mira|Milotic, M|172\/394
|turn|30
|
|switch|p2a: Gothitelle|Gothitelle, M|42\/281
|move|p1a: Serpentem Mira|Recover|p1a: Serpentem Mira
|-heal|p1a: Serpentem Mira|369\/394
|
|-heal|p1a: Serpentem Mira|393\/394|[from] item: Leftovers
|turn|31
|
|move|p2a: Gothitelle|Grass Knot|p1a: Serpentem Mira
|-supereffective|p1a: Serpentem Mira
|-damage|p1a: Serpentem Mira|155\/394
|move|p1a: Serpentem Mira|Scald|p2a: Gothitelle
|-damage|p2a: Gothitelle|0 fnt
|faint|p2a: Gothitelle
|
|-heal|p1a: Serpentem Mira|179\/394|[from] item: Leftovers
|
|switch|p2a: Latias|Latias, F|329\/329
|turn|32
|
|switch|p1a: Argentum Mantis|Scizor, F|227\/308
|move|p2a: Latias|Thunderbolt|p1a: Argentum Mantis
|-damage|p1a: Argentum Mantis|98\/308
|-damage|p2a: Latias|297\/329|[from] item: Life Orb
|
|turn|33
|
|switch|p1a: Venenum Scorpionem|Gliscor, M|352\/352 tox
|move|p2a: Latias|Thunderbolt|p1a: Venenum Scorpionem
|-immune|p1a: Venenum Scorpionem|[msg]
|
|turn|34
|
|switch|p2a: Charizard|Charizard, M|224\/315
|move|p1a: Venenum Scorpionem|U-turn|p2a: Charizard
|-resisted|p2a: Charizard
|-damage|p2a: Charizard|208\/315
|
|switch|p1a: Magna Tonitrua|Zapdos|312\/383
|-ability|p1a: Magna Tonitrua|Pressure
|
|-heal|p1a: Magna Tonitrua|335\/383|[from] item: Leftovers
|turn|35
|
|detailschange|p2a: Charizard|Charizard-Mega-X, M
|message|Charizard has Mega Evolved into Mega Charizard!
|move|p2a: Charizard|Dragon Dance|p2a: Charizard
|-boost|p2a: Charizard|atk|1
|-boost|p2a: Charizard|spe|1
|move|p1a: Magna Tonitrua|Discharge|p2a: Charizard
|-resisted|p2a: Charizard
|-damage|p2a: Charizard|142\/315
|
|-heal|p1a: Magna Tonitrua|358\/383|[from] item: Leftovers
|turn|36
|
|move|p2a: Charizard|Flare Blitz|p1a: Magna Tonitrua
|-crit|p1a: Magna Tonitrua
|-damage|p1a: Magna Tonitrua|0 fnt
|-damage|p2a: Charizard|24\/315|[from] recoil|[of] p1a: Magna Tonitrua
|faint|p1a: Magna Tonitrua
|
|
|switch|p1a: Argentum Mantis|Scizor, F|98\/308
|turn|37
|
|switch|p2a: Landorus-Therian|Landorus-Therian, M|222\/369
|-ability|p2a: Landorus-Therian|Intimidate|[of] p1a: Argentum Mantis
|-unboost|p1a: Argentum Mantis|atk|1
|move|p1a: Argentum Mantis|Bullet Punch|p2a: Landorus-Therian
|-damage|p2a: Landorus-Therian|117\/369
|
|-heal|p2a: Landorus-Therian|140\/369|[from] item: Leftovers
|turn|38
|
|move|p1a: Argentum Mantis|Bullet Punch|p2a: Landorus-Therian
|-damage|p2a: Landorus-Therian|41\/369
|move|p2a: Landorus-Therian|U-turn|p1a: Argentum Mantis
|-resisted|p1a: Argentum Mantis
|-damage|p1a: Argentum Mantis|54\/308
|
|switch|p2a: Keldeo|Keldeo|141\/323
|
|turn|39
|
|move|p1a: Argentum Mantis|Bullet Punch|p2a: Keldeo
|-resisted|p2a: Keldeo
|-damage|p2a: Keldeo|85\/323
|move|p2a: Keldeo|Secret Sword|p1a: Argentum Mantis
|-damage|p1a: Argentum Mantis|0 fnt
|faint|p1a: Argentum Mantis
|
|
|switch|p1a: Venenum Scorpionem|Gliscor, M|352\/352 tox
|turn|40
|
|switch|p2a: Landorus-Therian|Landorus-Therian, M|41\/369
|-ability|p2a: Landorus-Therian|Intimidate|[of] p1a: Venenum Scorpionem
|-unboost|p1a: Venenum Scorpionem|atk|1
|move|p1a: Venenum Scorpionem|Knock Off|p2a: Landorus-Therian
|-damage|p2a: Landorus-Therian|0 fnt
|faint|p2a: Landorus-Therian
|
|
|switch|p2a: Keldeo|Keldeo|85\/323
|turn|41
|
|move|p2a: Keldeo|Scald|p1a: Venenum Scorpionem
|-supereffective|p1a: Venenum Scorpionem
|-damage|p1a: Venenum Scorpionem|0 fnt
|faint|p1a: Venenum Scorpionem
|
|
|switch|p1a: Serpentem Mira|Milotic, M|179\/394
|turn|42
|
|switch|p2a: Latias|Latias, F|297\/329
|move|p1a: Serpentem Mira|Dragon Tail|p2a: Latias|[miss]
|-miss|p1a: Serpentem Mira|p2a: Latias
|
|-heal|p1a: Serpentem Mira|203\/394|[from] item: Leftovers
|turn|43
|
|move|p2a: Latias|Draco Meteor|p1a: Serpentem Mira
|-damage|p1a: Serpentem Mira|0 fnt
|-unboost|p2a: Latias|spa|2
|-damage|p2a: Latias|265\/329|[from] item: Life Orb
|faint|p1a: Serpentem Mira
|
|win|Molson Canadian
|raw|Ladder updating...
|raw|latino's rating: 1834 &rarr; <strong>1804<\/strong><br \/>(-30 for losing)
|raw|Molson Canadian's rating: 1634 &rarr; <strong>1665<\/strong><br \/>(+31 for winning)
|chat|Molson Canadian|GG man
|chat|latino|gg
|leave|latino
|player|p1