|join|StrikeJP
|join|latino
|player|p1|StrikeJP|92
|player|p2|latino|101
|gametype|singles
|gen|6
|tier|OU
|rated
|clearpoke
|poke|p1|Hippowdon, F
|poke|p1|Aegislash, M
|poke|p1|Azumarill, F
|poke|p1|Umbreon, M, shiny
|poke|p1|Latios, M
|poke|p1|Charizard, M
|poke|p2|Gliscor, F
|poke|p2|Milotic, F
|poke|p2|Scizor, M
|poke|p2|Seismitoad, F
|poke|p2|Medicham, M
|poke|p2|Zapdos
|rule|Sleep Clause Mod: Limit one foe put to sleep
|rule|Species Clause: Limit one of each Pokemon
|rule|OHKO Clause: OHKO moves are banned
|rule|Moody Clause: Moody is banned
|rule|Evasion Moves Clause: Evasion moves are banned
|rule|Endless Battle Clause: Forcing endless battles is banned.
|rule|HP Percentage Mod: HP is reported as percentages
|teampreview
|
|start
|switch|p1a: Azumarill|Azumarill, F|403\/403
|switch|p2a: Amphibian Siccitat|Seismitoad, F|414\/414
|turn|1
|
|move|p2a: Amphibian Siccitat|Stealth Rock|p1a: Azumarill
|-sidestart|p1: StrikeJP|move: Stealth Rock
|move|p1a: Azumarill|Knock Off|p2a: Amphibian Siccitat
|-damage|p2a: Amphibian Siccitat|249\/414
|-enditem|p2a: Amphibian Siccitat|Leftovers|[from] move: Knock Off|[of] p1a: Azumarill
|
|turn|2
|
|switch|p2a: Argentum Mantis|Scizor, M|320\/320
|move|p1a: Azumarill|Play Rough|p2a: Argentum Mantis
|-resisted|p2a: Argentum Mantis
|-damage|p2a: Argentum Mantis|224\/320
|-unboost|p2a: Argentum Mantis|atk|1
|
|turn|3
|
|move|p2a: Argentum Mantis|U-turn|p1a: Azumarill
|-resisted|p1a: Azumarill
|-damage|p1a: Azumarill|315\/403
|
|switch|p2a: Amphibian Siccitat|Seismitoad, F|249\/414
|move|p1a: Azumarill|Knock Off|p2a: Amphibian Siccitat
|-damage|p2a: Amphibian Siccitat|136\/414
|
|turn|4
|
|move|p2a: Amphibian Siccitat|Earthquake|p1a: Azumarill
|-damage|p1a: Azumarill|179\/403
|move|p1a: Azumarill|Play Rough|p2a: Amphibian Siccitat
|-damage|p2a: Amphibian Siccitat|0 fnt
|faint|p2a: Amphibian Siccitat
|
|
|switch|p2a: Magna Tonitrua|Zapdos|383\/383
|-ability|p2a: Magna Tonitrua|Pressure
|turn|5
|
|switch|p2a: Venenum Scorpionem|Gliscor, F|352\/352
|switch|p1a: Latios|Latios, M|301\/301
|-damage|p1a: Latios|264\/301|[from] Stealth Rock
|
|-status|p2a: Venenum Scorpionem|tox|[from] item: Toxic Orb
|turn|6
|
|move|p1a: Latios|Draco Meteor|p2a: Venenum Scorpionem
|-damage|p2a: Venenum Scorpionem|1\/352 tox
|-unboost|p1a: Latios|spa|2
|-damage|p1a: Latios|234\/301|[from] item: Life Orb
|move|p2a: Venenum Scorpionem|Knock Off|p1a: Latios
|-supereffective|p1a: Latios
|-damage|p1a: Latios|72\/301
|-enditem|p1a: Latios|Life Orb|[from] move: Knock Off|[of] p2a: Venenum Scorpionem
|
|-heal|p2a: Venenum Scorpionem|45\/352 tox|[from] ability: Poison Heal
|turn|7
|
|switch|p2a: Argentum Mantis|Scizor, M|224\/320
|move|p1a: Latios|Defog|p2a: Argentum Mantis
|-unboost|p2a: Argentum Mantis|evasion|1
|-sideend|p1: StrikeJP|Stealth Rock|[from] move: Defog|[of] p1a: Latios
|
|turn|8
|
|move|p1a: Latios|Draco Meteor|p2a: Argentum Mantis
|-resisted|p2a: Argentum Mantis
|-damage|p2a: Argentum Mantis|158\/320
|-unboost|p1a: Latios|spa|2
|move|p2a: Argentum Mantis|Pursuit|p1a: Latios
|-supereffective|p1a: Latios
|-damage|p1a: Latios|0 fnt
|faint|p1a: Latios
|
|
|switch|p1a: Charizard|Charizard, M|333\/333
|turn|9
|
|switch|p2a: Serpentem Mira|Milotic, F|394\/394
|-formechange|p1a: Charizard|Charizard-Mega-X
|message|Charizard has Mega Evolved into Mega Charizard!
|move|p1a: Charizard|Dragon Dance|p1a: Charizard
|-boost|p1a: Charizard|atk|1
|-boost|p1a: Charizard|spe|1
|
|turn|10
|
|move|p1a: Charizard|Outrage|p2a: Serpentem Mira
|-damage|p2a: Serpentem Mira|0 fnt
|faint|p2a: Serpentem Mira
|
|
|switch|p2a: Argentum Mantis|Scizor, M|158\/320
|turn|11
|
|move|p1a: Charizard|Outrage|p2a: Argentum Mantis
|-resisted|p2a: Argentum Mantis
|-damage|p2a: Argentum Mantis|0 fnt
|faint|p2a: Argentum Mantis
|
|
|switch|p2a: Imperii Roseo|Medicham, M|261\/261
|turn|12
|
|-formechange|p2a: Imperii Roseo|Medicham-Mega
|message|Medicham has Mega Evolved into Mega Medicham!
|move|p2a: Imperii Roseo|Fake Out|p1a: Charizard
|-damage|p1a: Charizard|261\/333
|cant|p1a: Charizard|flinch
|
|-end|p1a: Charizard|rampage
|-start|p1a: Charizard|confusion
|turn|13
|
|switch|p2a: Venenum Scorpionem|Gliscor, F|45\/352 tox
|-activate|p1a: Charizard|confusion
|move|p1a: Charizard|Outrage|p2a: Venenum Scorpionem
|-damage|p2a: Venenum Scorpionem|0 fnt
|faint|p2a: Venenum Scorpionem
|
|
|switch|p2a: Imperii Roseo|Medicham, M|261\/261
|-formechange|p2a: Imperii Roseo|Medicham-Mega
|turn|14
|
|-activate|p1a: Charizard|confusion
|move|p1a: Charizard|Outrage|p2a: Imperii Roseo
|-crit|p2a: Imperii Roseo
|-damage|p2a: Imperii Roseo|0 fnt
|faint|p2a: Imperii Roseo
|
|-message|latino forfeited.
|
|win|StrikeJP
|raw|Ladder updating...
|leave|latino
|player|p2
|raw|StrikeJP's rating: 1770 &rarr; <strong>1794<\/strong><br \/>(+24 for winning)
|raw|latino's rating: 1832 &rarr; <strong>1809<\/strong><br \/>(-23 for losing)