|join|deNisSss
|join|latino
|player|p1|deNisSss|288
|player|p2|latino|2
|gametype|singles
|gen|6
|tier|OU
|rated
|clearpoke
|poke|p1|Scolipede, M
|poke|p1|Espeon, M
|poke|p1|Sylveon, F
|poke|p1|Vaporeon, M
|poke|p1|Smeargle, M
|poke|p1|Mr. Mime, M
|poke|p2|Gliscor, M
|poke|p2|Milotic, M
|poke|p2|Scizor, M
|poke|p2|Seismitoad, F
|poke|p2|Medicham, F
|poke|p2|Zapdos
|rule|Sleep Clause Mod: Limit one foe put to sleep
|rule|Species Clause: Limit one of each Pokemon
|rule|OHKO Clause: OHKO moves are banned
|rule|Moody Clause: Moody is banned
|rule|Evasion Moves Clause: Evasion moves are banned
|rule|Endless Battle Clause: Forcing endless battles is banned.
|rule|HP Percentage Mod: HP is reported as percentages
|teampreview
|
|start
|switch|p1a: Scolipede|Scolipede, M|321\/321
|switch|p2a: Venenum Scorpionem|Gliscor, M|352\/352
|turn|1
|
|move|p1a: Scolipede|Protect|p1a: Scolipede
|-singleturn|p1a: Scolipede|Protect
|move|p2a: Venenum Scorpionem|Earthquake|p1a: Scolipede
|-activate|p1a: Scolipede|Protect
|
|-boost|p1a: Scolipede|spe|1|[from] ability: Speed Boost
|-status|p2a: Venenum Scorpionem|tox|[from] item: Toxic Orb
|turn|2
|
|move|p1a: Scolipede|Baton Pass|p1a: Scolipede
|
|switch|p1a: Espeon|Espeon, M|334\/334
|move|p2a: Venenum Scorpionem|Taunt|p1a: Espeon
|move|p1a: Espeon|Taunt|p2a: Venenum Scorpionem|[from]Magic Bounce
|-start|p2a: Venenum Scorpionem|move: Taunt
|
|turn|3
|
|move|p1a: Espeon|Baton Pass|p1a: Espeon
|
|switch|p1a: Vaporeon|Vaporeon, M|449\/449
|move|p2a: Venenum Scorpionem|Knock Off|p1a: Vaporeon
|-damage|p1a: Vaporeon|381\/449
|-enditem|p1a: Vaporeon|Leftovers|[from] move: Knock Off|[of] p2a: Venenum Scorpionem
|
|turn|4
|
|move|p2a: Venenum Scorpionem|U-turn|p1a: Vaporeon
|-damage|p1a: Vaporeon|330\/449
|
|switch|p2a: Argentum Mantis|Scizor, M|320\/320
|move|p1a: Vaporeon|Baton Pass|p1a: Vaporeon
|
|switch|p1a: Scolipede|Scolipede, M|321\/321
|
|turn|5
|
|move|p1a: Scolipede|Iron Defense|p1a: Scolipede
|-boost|p1a: Scolipede|def|2
|move|p2a: Argentum Mantis|U-turn|p1a: Scolipede
|-resisted|p1a: Scolipede
|-damage|p1a: Scolipede|270\/321
|
|switch|p2a: Venenum Scorpionem|Gliscor, M|352\/352 tox
|
|-boost|p1a: Scolipede|spe|1|[from] ability: Speed Boost
|turn|6
|
|move|p1a: Scolipede|Protect|p1a: Scolipede
|-singleturn|p1a: Scolipede|Protect
|move|p2a: Venenum Scorpionem|Taunt|p1a: Scolipede
|-activate|p1a: Scolipede|Protect
|
|-boost|p1a: Scolipede|spe|1|[from] ability: Speed Boost
|turn|7
|
|move|p1a: Scolipede|Substitute|p1a: Scolipede
|-start|p1a: Scolipede|Substitute
|-damage|p1a: Scolipede|190\/321
|move|p2a: Venenum Scorpionem|U-turn|p1a: Scolipede
|-resisted|p1a: Scolipede
|-activate|p1a: Scolipede|Substitute|[damage]
|join|kill bp
|
|switch|p2a: Serpentem Mira|Milotic, M|394\/394
|
|-boost|p1a: Scolipede|spe|1|[from] ability: Speed Boost
|turn|8
|
|move|p1a: Scolipede|Baton Pass|p1a: Scolipede
|
|switch|p1a: Smeargle|Smeargle, M|273\/273
|move|p2a: Serpentem Mira|Haze|p2a: Serpentem Mira
|-clearallboost
|
|turn|9
|
|switch|p2a: Venenum Scorpionem|Gliscor, M|352\/352 tox
|move|p1a: Smeargle|Quiver Dance|p1a: Smeargle
|-boost|p1a: Smeargle|spa|1
|-boost|p1a: Smeargle|spd|1
|-boost|p1a: Smeargle|spe|1
|
|turn|10
|
|move|p1a: Smeargle|Quiver Dance|p1a: Smeargle
|-boost|p1a: Smeargle|spa|1
|-boost|p1a: Smeargle|spd|1
|-boost|p1a: Smeargle|spe|1
|move|p2a: Venenum Scorpionem|Knock Off|p1a: Smeargle
|-end|p1a: Smeargle|Substitute
|
|turn|11
|
|move|p1a: Smeargle|Baton Pass|p1a: Smeargle
|
|switch|p1a: Mr. Mime|Mr. Mime, M|284\/284
|move|p2a: Venenum Scorpionem|U-turn|p1a: Mr. Mime
|-damage|p1a: Mr. Mime|206\/284
|
|switch|p2a: Argentum Mantis|Scizor, M|320\/320
|
|-heal|p1a: Mr. Mime|223\/284|[from] item: Leftovers
|turn|12
|
|move|p1a: Mr. Mime|Baton Pass|p1a: Mr. Mime
|
|switch|p1a: Sylveon|Sylveon, F|385\/385
|move|p2a: Argentum Mantis|U-turn|p1a: Sylveon
|-resisted|p1a: Sylveon
|-damage|p1a: Sylveon|277\/385
|
|switch|p2a: Serpentem Mira|Milotic, M|394\/394
|
|-heal|p1a: Sylveon|301\/385|[from] item: Leftovers
|turn|13
|
|move|p1a: Sylveon|Hyper Voice|p2a: Serpentem Mira
|-crit|p2a: Serpentem Mira
|-damage|p2a: Serpentem Mira|57\/394
|move|p2a: Serpentem Mira|Haze|p2a: Serpentem Mira
|-clearallboost
|
|-heal|p2a: Serpentem Mira|81\/394|[from] item: Leftovers
|-heal|p1a: Sylveon|325\/385|[from] item: Leftovers
|turn|14
|
|move|p2a: Serpentem Mira|Recover|p2a: Serpentem Mira
|-heal|p2a: Serpentem Mira|278\/394
|move|p1a: Sylveon|Baton Pass|p1a: Sylveon
|
|switch|p1a: Smeargle|Smeargle, M|273\/273
|
|-heal|p2a: Serpentem Mira|302\/394|[from] item: Leftovers
|turn|15
|
|switch|p2a: Venenum Scorpionem|Gliscor, M|352\/352 tox
|move|p1a: Smeargle|Quiver Dance|p1a: Smeargle
|-boost|p1a: Smeargle|spa|1
|-boost|p1a: Smeargle|spd|1
|-boost|p1a: Smeargle|spe|1
|
|turn|16
|join|idgaf11
|
|move|p1a: Smeargle|Baton Pass|p1a: Smeargle
|
|switch|p1a: Sylveon|Sylveon, F|325\/385
|move|p2a: Venenum Scorpionem|Knock Off|p1a: Sylveon
|-resisted|p1a: Sylveon
|-damage|p1a: Sylveon|287\/385
|-enditem|p1a: Sylveon|Leftovers|[from] move: Knock Off|[of] p2a: Venenum Scorpionem
|
|turn|17
|
|switch|p2a: Argentum Mantis|Scizor, M|320\/320
|move|p1a: Sylveon|Baton Pass|p1a: Sylveon
|
|switch|p1a: Smeargle|Smeargle, M|273\/273
|
|turn|18
|
|move|p2a: Argentum Mantis|Bullet Punch|p1a: Smeargle
|-damage|p1a: Smeargle|11\/273
|move|p1a: Smeargle|Quiver Dance|p1a: Smeargle
|-boost|p1a: Smeargle|spa|1
|-boost|p1a: Smeargle|spd|1
|-boost|p1a: Smeargle|spe|1
|
|turn|19
|
|switch|p1a: Vaporeon|Vaporeon, M|330\/449
|move|p2a: Argentum Mantis|Bullet Punch|p1a: Vaporeon
|-resisted|p1a: Vaporeon
|-damage|p1a: Vaporeon|246\/449
|
|turn|20
|
|switch|p2a: Venenum Scorpionem|Gliscor, M|352\/352 tox
|move|p1a: Vaporeon|Baton Pass|p1a: Vaporeon
|
|switch|p1a: Scolipede|Scolipede, M|190\/321
|
|turn|21
|
|move|p1a: Scolipede|Iron Defense|p1a: Scolipede
|-boost|p1a: Scolipede|def|2
|move|p2a: Venenum Scorpionem|U-turn|p1a: Scolipede
|-resisted|p1a: Scolipede
|-damage|p1a: Scolipede|177\/321
|
|switch|p2a: Serpentem Mira|Milotic, M|302\/394
|
|-heal|p2a: Serpentem Mira|326\/394|[from] item: Leftovers
|-boost|p1a: Scolipede|spe|1|[from] ability: Speed Boost
|turn|22
|
|move|p1a: Scolipede|Baton Pass|p1a: Scolipede
|
|switch|p1a: Smeargle|Smeargle, M|11\/273
|move|p2a: Serpentem Mira|Haze|p2a: Serpentem Mira
|-clearallboost
|
|-heal|p2a: Serpentem Mira|350\/394|[from] item: Leftovers
|turn|23
|
|switch|p2a: Venenum Scorpionem|Gliscor, M|352\/352 tox
|move|p1a: Smeargle|Quiver Dance|p1a: Smeargle
|-boost|p1a: Smeargle|spa|1
|-boost|p1a: Smeargle|spd|1
|-boost|p1a: Smeargle|spe|1
|
|turn|24
|
|move|p1a: Smeargle|Baton Pass|p1a: Smeargle
|
|switch|p1a: Espeon|Espeon, M|334\/334
|move|p2a: Venenum Scorpionem|Knock Off|p1a: Espeon
|-supereffective|p1a: Espeon
|-damage|p1a: Espeon|190\/334
|-enditem|p1a: Espeon|Leftovers|[from] move: Knock Off|[of] p2a: Venenum Scorpionem
|
|turn|25
|
|move|p1a: Espeon|Stored Power|p2a: Venenum Scorpionem
|-damage|p2a: Venenum Scorpionem|115\/352 tox
|move|p2a: Venenum Scorpionem|U-turn|p1a: Espeon
|-crit|p1a: Espeon
|-supereffective|p1a: Espeon
|-damage|p1a: Espeon|32\/334
|-message|deNisSss forfeited.
|
|win|latino
|raw|Ladder updating...
|raw|deNisSss's rating: 1996 &rarr; <strong>1966<\/strong><br \/>(-30 for losing)
|raw|latino's rating: 1809 &rarr; <strong>1838<\/strong><br \/>(+29 for winning)