|join|Fer1est
|join|Iodic
|player|p1|Fer1est|65
|player|p2|Iodic|264
|gametype|singles
|gen|6
|tier|OU
|rated
|clearpoke
|poke|p1|Swampert, M
|poke|p1|Politoed, M
|poke|p1|Manaphy
|poke|p1|Togekiss, M
|poke|p1|Scizor, M
|poke|p1|Gengar, M
|poke|p2|Excadrill, F
|poke|p2|Azumarill, M
|poke|p2|Talonflame, F
|poke|p2|Serperior, M
|poke|p2|Infernape, F
|poke|p2|Gyarados, M
|rule|Swagger Clause: Swagger is banned
|rule|Baton Pass Clause: Limit one PokÃ©mon knowing Baton Pass
|rule|Sleep Clause Mod: Limit one foe put to sleep
|rule|Species Clause: Limit one of each PokÃ©mon
|rule|OHKO Clause: OHKO moves are banned
|rule|Moody Clause: Moody is banned
|rule|Evasion Moves Clause: Evasion moves are banned
|rule|Endless Battle Clause: Forcing endless battles is banned
|rule|HP Percentage Mod: HP is shown in percentages
|teampreview
|
|start
|switch|p1a: Gengar|Gengar, M|261\/261
|switch|p2a: Infernape|Infernape, F|293\/293
|turn|1
|
|switch|p2a: Talonflame|Talonflame, F|359\/359
|move|p1a: Gengar|Shadow Ball|p2a: Talonflame
|-damage|p2a: Talonflame|187\/359
|-unboost|p2a: Talonflame|spd|1
|-damage|p1a: Gengar|235\/261|[from] item: Life Orb
|
|-heal|p2a: Talonflame|209\/359|[from] item: Leftovers
|turn|2
|
|switch|p1a: Rainbow|Politoed, M|384\/384
|-weather|RainDance
|move|p2a: Talonflame|Roost|p2a: Talonflame
|-heal|p2a: Talonflame|359\/359
|
|-weather|RainDance|[upkeep]
|turn|3
|
|switch|p2a: Serperior|Serperior, M|353\/353
|move|p1a: Rainbow|Scald|p2a: Serperior
|-resisted|p2a: Serperior
|-damage|p2a: Serperior|282\/353
|
|-weather|RainDance|[upkeep]
|-heal|p2a: Serperior|304\/353|[from] item: Leftovers
|turn|4
|
|move|p2a: Serperior|Glare|p1a: Rainbow
|-status|p1a: Rainbow|par
|move|p1a: Rainbow|Toxic|p2a: Serperior
|-status|p2a: Serperior|tox
|
|-weather|RainDance|[upkeep]
|-heal|p2a: Serperior|326\/353 tox|[from] item: Leftovers
|-damage|p2a: Serperior|304\/353 tox|[from] psn
|turn|5
|
|switch|p1a: Gengar|Gengar, M|235\/261
|move|p2a: Serperior|Glare|p1a: Gengar
|-status|p1a: Gengar|par
|
|-weather|RainDance|[upkeep]
|-heal|p2a: Serperior|326\/353 tox|[from] item: Leftovers
|-damage|p2a: Serperior|282\/353 tox|[from] psn
|turn|6
|
|switch|p2a: Excadrill|Excadrill, F|412\/412
|-ability|p2a: Excadrill|Mold Breaker
|cant|p1a: Gengar|par
|
|-weather|RainDance|[upkeep]
|turn|7
|
|switch|p1a: Togekiss|Togekiss, M|311\/311
|move|p2a: Excadrill|Earthquake|p1a: Togekiss
|-immune|p1a: Togekiss|[msg]
|
|-weather|RainDance|[upkeep]
|turn|8
|
|move|p1a: Togekiss|Air Slash|p2a: Excadrill
|-resisted|p2a: Excadrill
|-damage|p2a: Excadrill|371\/412
|cant|p2a: Excadrill|flinch
|
|-weather|RainDance|[upkeep]
|turn|9
|
|switch|p1a: Scizor|Scizor, M|343\/343
|move|p2a: Excadrill|Iron Head|p1a: Scizor
|-resisted|p1a: Scizor
|-damage|p1a: Scizor|281\/343
|
|-weather|none
|turn|10
|
|switch|p2a: Gyarados|Gyarados, M|331\/331
|-ability|p2a: Gyarados|Intimidate|[of] p1a: Scizor
|-unboost|p1a: Scizor|atk|1
|move|p1a: Scizor|Swords Dance|p1a: Scizor
|-boost|p1a: Scizor|atk|2
|
|turn|11
|
|move|p2a: Gyarados|Dragon Dance|p2a: Gyarados
|-boost|p2a: Gyarados|atk|1
|-boost|p2a: Gyarados|spe|1
|move|p1a: Scizor|Swords Dance|p1a: Scizor
|-boost|p1a: Scizor|atk|2
|
|turn|12
|
|move|p2a: Gyarados|Earthquake|p1a: Scizor
|-damage|p1a: Scizor|103\/343
|move|p1a: Scizor|Swords Dance|p1a: Scizor
|-boost|p1a: Scizor|atk|2
|
|turn|13
|
|detailschange|p2a: Gyarados|Gyarados-Mega, M
|-mega|p2a: Gyarados|Gyarados|Gyaradosite
|-ability|p2a: Gyarados|Mold Breaker
|move|p1a: Scizor|Bullet Punch|p2a: Gyarados
|-resisted|p2a: Gyarados
|-damage|p2a: Gyarados|157\/331
|move|p2a: Gyarados|Crunch|p1a: Scizor
|-damage|p1a: Scizor|0 fnt
|faint|p1a: Scizor
|
|
|switch|p1a: Togekiss|Togekiss, M|311\/311
|turn|14
|
|switch|p2a: Excadrill|Excadrill, F|371\/412
|-ability|p2a: Excadrill|Mold Breaker
|move|p1a: Togekiss|Dazzling Gleam|p2a: Excadrill
|-crit|p2a: Excadrill
|-resisted|p2a: Excadrill
|-damage|p2a: Excadrill|302\/412
|
|turn|15
|
|switch|p1a: Rainbow|Politoed, M|384\/384 par
|-weather|RainDance
|move|p2a: Excadrill|Iron Head|p1a: Rainbow
|-crit|p1a: Rainbow
|-resisted|p1a: Rainbow
|-damage|p1a: Rainbow|261\/384 par
|
|-weather|RainDance|[upkeep]
|turn|16
|
|switch|p2a: Serperior|Serperior, M|282\/353 tox
|move|p1a: Rainbow|Scald|p2a: Serperior
|-resisted|p2a: Serperior
|-damage|p2a: Serperior|209\/353 tox
|
|-weather|RainDance|[upkeep]
|-heal|p2a: Serperior|231\/353 tox|[from] item: Leftovers
|-damage|p2a: Serperior|209\/353 tox|[from] psn
|turn|17
|
|move|p2a: Serperior|Leaf Storm|p1a: Rainbow
|-supereffective|p1a: Rainbow
|-damage|p1a: Rainbow|87\/384 par
|-boost|p2a: Serperior|spa|2
|move|p1a: Rainbow|Encore|p2a: Serperior
|-start|p2a: Serperior|Encore
|
|-weather|RainDance|[upkeep]
|-heal|p2a: Serperior|231\/353 tox|[from] item: Leftovers
|-damage|p2a: Serperior|187\/353 tox|[from] psn
|turn|18
|
|switch|p1a: Gengar|Gengar, M|235\/261 par
|move|p2a: Serperior|Leaf Storm|p1a: Gengar|[miss]
|-miss|p2a: Serperior|p1a: Gengar
|
|-weather|RainDance|[upkeep]
|-heal|p2a: Serperior|209\/353 tox|[from] item: Leftovers
|-damage|p2a: Serperior|143\/353 tox|[from] psn
|turn|19
|
|switch|p2a: Talonflame|Talonflame, F|359\/359
|move|p1a: Gengar|Shadow Ball|p2a: Talonflame
|-damage|p2a: Talonflame|176\/359
|-damage|p1a: Gengar|209\/261 par|[from] item: Life Orb
|
|-weather|RainDance|[upkeep]
|-heal|p2a: Talonflame|198\/359|[from] item: Leftovers
|turn|20
|
|switch|p1a: Nessie|Swampert, M|342\/342
|move|p2a: Talonflame|Swords Dance|p2a: Talonflame
|-boost|p2a: Talonflame|atk|2
|
|-weather|RainDance|[upkeep]
|-heal|p2a: Talonflame|220\/359|[from] item: Leftovers
|turn|21
|
|detailschange|p1a: Nessie|Swampert-Mega, M
|-mega|p1a: Nessie|Swampert|Swampertite
|move|p2a: Talonflame|Brave Bird|p1a: Nessie
|-damage|p1a: Nessie|129\/342
|-damage|p2a: Talonflame|150\/359|[from] recoil|[of] p1a: Nessie
|move|p1a: Nessie|Waterfall|p2a: Talonflame
|-supereffective|p2a: Talonflame
|-damage|p2a: Talonflame|0 fnt
|faint|p2a: Talonflame
|
|-weather|RainDance|[upkeep]
|
|switch|p2a: Infernape|Infernape, F|293\/293
|turn|22
|
|switch|p1a: Gengar|Gengar, M|209\/261 par
|move|p2a: Infernape|Close Combat|p1a: Gengar
|-immune|p1a: Gengar|[msg]
|
|-weather|none
|turn|23
|
|switch|p1a: Unleashed|Manaphy|404\/404
|move|p2a: Infernape|Stealth Rock|p1a: Unleashed
|-sidestart|p1: Fer1est|move: Stealth Rock
|
|turn|24
|
|switch|p2a: Serperior|Serperior, M|143\/353 tox
|move|p1a: Unleashed|Scald|p2a: Serperior
|-resisted|p2a: Serperior
|-damage|p2a: Serperior|74\/353 tox
|
|-heal|p2a: Serperior|96\/353 tox|[from] item: Leftovers
|-damage|p2a: Serperior|74\/353 tox|[from] psn
|turn|25
|
|switch|p1a: Togekiss|Togekiss, M|311\/311
|-damage|p1a: Togekiss|234\/311|[from] Stealth Rock
|move|p2a: Serperior|Synthesis|p2a: Serperior
|-heal|p2a: Serperior|250\/353 tox
|
|-heal|p2a: Serperior|272\/353 tox|[from] item: Leftovers
|-damage|p2a: Serperior|228\/353 tox|[from] psn
|turn|26
|
|move|p1a: Togekiss|Fire Blast|p2a: Serperior
|-supereffective|p2a: Serperior
|-damage|p2a: Serperior|0 fnt
|faint|p2a: Serperior
|
|
|switch|p2a: Azumarill|Azumarill, M|362\/362
|turn|27
|
|move|p1a: Togekiss|Fire Blast|p2a: Azumarill|[miss]
|-miss|p1a: Togekiss|p2a: Azumarill
|move|p2a: Azumarill|Belly Drum|p2a: Azumarill
|-damage|p2a: Azumarill|181\/362
|-setboost|p2a: Azumarill|atk|6|[from] move: Belly Drum
|-enditem|p2a: Azumarill|Sitrus Berry|[eat]
|-heal|p2a: Azumarill|271\/362|[from] item: Sitrus Berry
|
|turn|28
|
|switch|p1a: Gengar|Gengar, M|209\/261 par
|-damage|p1a: Gengar|177\/261 par|[from] Stealth Rock
|move|p2a: Azumarill|Aqua Jet|p1a: Gengar
|-damage|p1a: Gengar|0 fnt
|faint|p1a: Gengar
|
|
|switch|p1a: Unleashed|Manaphy|404\/404
|-damage|p1a: Unleashed|354\/404|[from] Stealth Rock
|turn|29
|
|move|p1a: Unleashed|Energy Ball|p2a: Azumarill
|-supereffective|p2a: Azumarill
|-damage|p2a: Azumarill|21\/362
|move|p2a: Azumarill|Knock Off|p1a: Unleashed
|-damage|p1a: Unleashed|0 fnt
|-enditem|p1a: Unleashed|Leftovers|[from] move: Knock Off|[of] p2a: Azumarill
|faint|p1a: Unleashed
|
|-message|Fer1est forfeited.
|
|win|Iodic
|raw|Ladder updating...
|leave|Fer1est
|player|p1
|raw|Fer1est's rating: 1582 &rarr; <strong>1562<\/strong><br \/>(-20 for losing)
|raw|Iodic's rating: 1580 &rarr; <strong>1600<\/strong><br \/>(+20 for winning)