|join|Fer1est
|join|Flki669
|player|p1|Fer1est|65
|player|p2|Flki669|86
|gametype|singles
|gen|6
|tier|OU
|rated
|clearpoke
|poke|p1|Swampert, M
|poke|p1|Klefki, M
|poke|p1|Politoed, M
|poke|p1|Manaphy
|poke|p1|Thundurus, M
|poke|p1|Celebi
|poke|p2|Pinsir, M, shiny
|poke|p2|Conkeldurr, F
|poke|p2|Mandibuzz, F
|poke|p2|Thundurus, M
|poke|p2|Clefable, M
|poke|p2|Hippowdon, F
|rule|Swagger Clause: Swagger is banned
|rule|Baton Pass Clause: Limit one PokÃ©mon knowing Baton Pass
|rule|Sleep Clause Mod: Limit one foe put to sleep
|rule|Species Clause: Limit one of each PokÃ©mon
|rule|OHKO Clause: OHKO moves are banned
|rule|Moody Clause: Moody is banned
|rule|Evasion Moves Clause: Evasion moves are banned
|rule|Endless Battle Clause: Forcing endless battles is banned
|rule|HP Percentage Mod: HP is shown in percentages
|teampreview
|
|start
|switch|p1a: Klefki|Klefki, M|318\/318
|switch|p2a: Thundurus|Thundurus, M|299\/299
|turn|1
|
|switch|p1a: Nessie|Swampert, M|367\/367
|move|p2a: Thundurus|Thunder Wave|p1a: Nessie
|-immune|p1a: Nessie|[msg]
|
|turn|2
|
|switch|p2a: Mandibuzz|Mandibuzz, F|423\/423
|switch|p1a: Celebi|Celebi|404\/404
|
|turn|3
|
|move|p1a: Celebi|Stealth Rock|p2a: Mandibuzz
|-sidestart|p2: Flki669|move: Stealth Rock
|move|p2a: Mandibuzz|Foul Play|p1a: Celebi
|-supereffective|p1a: Celebi
|-damage|p1a: Celebi|218\/404
|
|-heal|p1a: Celebi|243\/404|[from] item: Leftovers
|turn|4
|
|switch|p1a: Thundurus|Thundurus, M|299\/299
|move|p2a: Mandibuzz|Defog|p1a: Thundurus
|-unboost|p1a: Thundurus|evasion|1
|-sideend|p2: Flki669|Stealth Rock|[from] move: Defog|[of] p2a: Mandibuzz
|
|turn|5
|
|switch|p2a: Thundurus|Thundurus, M|299\/299
|move|p1a: Thundurus|Thunderbolt|p2a: Thundurus
|-damage|p2a: Thundurus|77\/299
|-damage|p1a: Thundurus|270\/299|[from] item: Life Orb
|
|turn|6
|c|âFlki669|miss click -.-
|
|switch|p1a: Nessie|Swampert, M|367\/367
|switch|p2a: Conkeldurr|Conkeldurr, F|352\/352
|
|turn|7
|
|switch|p1a: Klefki|Klefki, M|318\/318
|move|p2a: Conkeldurr|Drain Punch|p1a: Klefki
|-damage|p1a: Klefki|183\/318
|
|turn|8
|
|switch|p2a: Thundurus|Thundurus, M|77\/299
|move|p1a: Klefki|Reflect|p1a: Klefki
|-sidestart|p1: Fer1est|Reflect
|
|turn|9
|
|switch|p1a: Nessie|Swampert, M|367\/367
|move|p2a: Thundurus|Thunder Wave|p1a: Nessie
|-immune|p1a: Nessie|[msg]
|
|turn|10
|
|switch|p2a: Mandibuzz|Mandibuzz, F|423\/423
|detailschange|p1a: Nessie|Swampert-Mega, M
|-mega|p1a: Nessie|Swampert|Swampertite
|move|p1a: Nessie|Waterfall|p2a: Mandibuzz
|-crit|p2a: Mandibuzz
|-damage|p2a: Mandibuzz|230\/423
|-damage|p1a: Nessie|306\/367|[from] item: Rocky Helmet|[of] p2a: Mandibuzz
|
|turn|11
|
|switch|p1a: Thundurus|Thundurus, M|270\/299
|move|p2a: Mandibuzz|Roost|p2a: Mandibuzz
|-heal|p2a: Mandibuzz|423\/423
|
|turn|12
|
|switch|p2a: Conkeldurr|Conkeldurr, F|352\/352
|move|p1a: Thundurus|Thunderbolt|p2a: Conkeldurr
|-damage|p2a: Conkeldurr|210\/352
|-damage|p1a: Thundurus|241\/299|[from] item: Life Orb
|
|turn|13
|
|switch|p1a: Nessie|Swampert-Mega, M|306\/367
|move|p2a: Conkeldurr|Knock Off|p1a: Nessie
|-damage|p1a: Nessie|265\/367
|
|turn|14
|
|switch|p2a: Clefable|Clefable, M|394\/394
|move|p1a: Nessie|Earthquake|p2a: Clefable
|-crit|p2a: Clefable
|-damage|p2a: Clefable|109\/394
|
|-heal|p2a: Clefable|133\/394|[from] item: Leftovers
|turn|15
|
|switch|p2a: Mandibuzz|Mandibuzz, F|423\/423
|move|p1a: Nessie|Earthquake|p2a: Mandibuzz
|-immune|p2a: Mandibuzz|[msg]
|
|-sideend|p1: Fer1est|Reflect
|turn|16
|
|switch|p1a: Thundurus|Thundurus, M|241\/299
|move|p2a: Mandibuzz|Foul Play|p1a: Thundurus
|-damage|p1a: Thundurus|85\/299
|
|turn|17
|
|switch|p2a: Hippowdon|Hippowdon, F|420\/420
|-weather|Sandstorm
|move|p1a: Thundurus|Thunderbolt|p2a: Hippowdon
|-immune|p2a: Hippowdon|[msg]
|
|-weather|Sandstorm|[upkeep]
|-damage|p1a: Thundurus|67\/299|[from] sandstorm
|turn|18
|
|move|p1a: Thundurus|Hidden Power|p2a: Hippowdon
|-supereffective|p2a: Hippowdon
|-damage|p2a: Hippowdon|230\/420
|-damage|p1a: Thundurus|38\/299|[from] item: Life Orb
|move|p2a: Hippowdon|Stealth Rock|p1a: Thundurus
|-sidestart|p1: Fer1est|move: Stealth Rock
|
|-weather|Sandstorm|[upkeep]
|-damage|p1a: Thundurus|20\/299|[from] sandstorm
|-heal|p2a: Hippowdon|256\/420|[from] item: Leftovers
|turn|19
|
|move|p1a: Thundurus|Hidden Power|p2a: Hippowdon
|-supereffective|p2a: Hippowdon
|-damage|p2a: Hippowdon|35\/420
|-damage|p1a: Thundurus|0 fnt|[from] item: Life Orb
|faint|p1a: Thundurus
|move|p2a: Hippowdon|Slack Off|p2a: Hippowdon
|-heal|p2a: Hippowdon|245\/420
|
|-weather|Sandstorm|[upkeep]
|-heal|p2a: Hippowdon|271\/420|[from] item: Leftovers
|
|switch|p1a: Rainbow|Politoed, M|384\/384
|-damage|p1a: Rainbow|336\/384|[from] Stealth Rock
|-weather|RainDance
|turn|20
|
|switch|p1a: Klefki|Klefki, M|183\/318
|-damage|p1a: Klefki|164\/318|[from] Stealth Rock
|switch|p2a: Conkeldurr|Conkeldurr, F|210\/352
|
|-weather|RainDance|[upkeep]
|turn|21
|
|move|p1a: Klefki|Reflect|p1a: Klefki
|-sidestart|p1: Fer1est|Reflect
|move|p2a: Conkeldurr|Drain Punch|p1a: Klefki
|-damage|p1a: Klefki|95\/318
|-heal|p2a: Conkeldurr|245\/352|[from] drain|[of] p1a: Klefki
|
|-weather|RainDance|[upkeep]
|turn|22
|
|switch|p1a: Unleashed|Manaphy|404\/404
|-damage|p1a: Unleashed|354\/404|[from] Stealth Rock
|switch|p2a: Clefable|Clefable, M|133\/394
|
|-weather|RainDance|[upkeep]
|-heal|p1a: Unleashed|379\/404|[from] item: Leftovers
|-heal|p2a: Clefable|157\/394|[from] item: Leftovers
|turn|23
|
|move|p1a: Unleashed|Scald|p2a: Clefable
|-damage|p2a: Clefable|0 fnt
|faint|p2a: Clefable
|
|-weather|RainDance|[upkeep]
|-heal|p1a: Unleashed|404\/404|[from] item: Leftovers
|
|switch|p2a: Thundurus|Thundurus, M|77\/299
|turn|24
|
|switch|p1a: Nessie|Swampert-Mega, M|265\/367
|-damage|p1a: Nessie|243\/367|[from] Stealth Rock
|move|p2a: Thundurus|Thunderbolt|p1a: Nessie
|-immune|p1a: Nessie|[msg]
|
|-weather|RainDance|[upkeep]
|turn|25
|
|switch|p1a: Unleashed|Manaphy|404\/404
|-damage|p1a: Unleashed|354\/404|[from] Stealth Rock
|switch|p2a: Mandibuzz|Mandibuzz, F|423\/423
|
|-weather|RainDance|[upkeep]
|-heal|p1a: Unleashed|379\/404|[from] item: Leftovers
|turn|26
|
|switch|p2a: Hippowdon|Hippowdon, F|271\/420
|-weather|Sandstorm
|move|p1a: Unleashed|Ice Beam|p2a: Hippowdon
|-supereffective|p2a: Hippowdon
|-damage|p2a: Hippowdon|39\/420
|
|-weather|Sandstorm|[upkeep]
|-damage|p1a: Unleashed|354\/404|[from] sandstorm
|-heal|p1a: Unleashed|379\/404|[from] item: Leftovers
|-heal|p2a: Hippowdon|65\/420|[from] item: Leftovers
|turn|27
|
|switch|p2a: Conkeldurr|Conkeldurr, F|245\/352
|move|p1a: Unleashed|Tail Glow|p1a: Unleashed
|-boost|p1a: Unleashed|spa|3
|
|-weather|Sandstorm|[upkeep]
|-damage|p1a: Unleashed|354\/404|[from] sandstorm
|-damage|p2a: Conkeldurr|223\/352|[from] sandstorm
|-heal|p1a: Unleashed|379\/404|[from] item: Leftovers
|turn|28
|
|move|p1a: Unleashed|Scald|p2a: Conkeldurr
|-damage|p2a: Conkeldurr|3\/352
|move|p2a: Conkeldurr|Knock Off|p1a: Unleashed
|-damage|p1a: Unleashed|308\/404
|-enditem|p1a: Unleashed|Leftovers|[from] move: Knock Off|[of] p2a: Conkeldurr
|
|-weather|Sandstorm|[upkeep]
|-damage|p1a: Unleashed|283\/404|[from] sandstorm
|-damage|p2a: Conkeldurr|0 fnt|[from] sandstorm
|-sideend|p1: Fer1est|Reflect
|faint|p2a: Conkeldurr
|
|switch|p2a: Thundurus|Thundurus, M|77\/299
|turn|29
|
|switch|p2a: Mandibuzz|Mandibuzz, F|423\/423
|switch|p1a: Nessie|Swampert-Mega, M|243\/367
|-damage|p1a: Nessie|221\/367|[from] Stealth Rock
|
|-weather|Sandstorm|[upkeep]
|turn|30
|
|switch|p1a: Rainbow|Politoed, M|336\/384
|-damage|p1a: Rainbow|288\/384|[from] Stealth Rock
|-weather|RainDance
|move|p2a: Mandibuzz|Foul Play|p1a: Rainbow
|-damage|p1a: Rainbow|209\/384
|
|-weather|RainDance|[upkeep]
|turn|31
|
|switch|p2a: Hippowdon|Hippowdon, F|65\/420
|-weather|Sandstorm
|move|p1a: Rainbow|Scald|p2a: Hippowdon
|-supereffective|p2a: Hippowdon
|-damage|p2a: Hippowdon|0 fnt
|faint|p2a: Hippowdon
|
|-weather|Sandstorm|[upkeep]
|-damage|p1a: Rainbow|185\/384|[from] sandstorm
|
|switch|p2a: Pinsir|Pinsir, M, shiny|271\/271
|turn|32
|
|detailschange|p2a: Pinsir|Pinsir-Mega, M, shiny
|-mega|p2a: Pinsir|Pinsir|Pinsirite
|move|p2a: Pinsir|Return|p1a: Rainbow
|-damage|p1a: Rainbow|0 fnt
|faint|p1a: Rainbow
|
|-weather|Sandstorm|[upkeep]
|-damage|p2a: Pinsir|255\/271|[from] sandstorm
|
|switch|p1a: Klefki|Klefki, M|95\/318
|-damage|p1a: Klefki|76\/318|[from] Stealth Rock
|turn|33
|
|switch|p2a: Thundurus|Thundurus, M|77\/299
|move|p1a: Klefki|Thunder Wave|p2a: Thundurus
|-fail|p2a: Thundurus
|
|-weather|Sandstorm|[upkeep]
|-damage|p2a: Thundurus|59\/299|[from] sandstorm
|turn|34
|
|switch|p2a: Mandibuzz|Mandibuzz, F|423\/423
|switch|p1a: Celebi|Celebi|243\/404
|-damage|p1a: Celebi|193\/404|[from] Stealth Rock
|
|-weather|Sandstorm|[upkeep]
|-damage|p1a: Celebi|168\/404|[from] sandstorm
|-heal|p1a: Celebi|193\/404|[from] item: Leftovers
|turn|35
|
|move|p1a: Celebi|Healing Wish|p1a: Celebi
|faint|p1a: Celebi
|move|p2a: Mandibuzz|Foul Play|p1: Celebi|[notarget]
|-notarget
|
|-weather|none
|
|switch|p1a: Klefki|Klefki, M|76\/318
|-heal|p1a: Klefki|318\/318|[from] move: Healing Wish
|-damage|p1a: Klefki|299\/318|[from] Stealth Rock
|turn|36
|
|move|p1a: Klefki|Reflect|p1a: Klefki
|-sidestart|p1: Fer1est|Reflect
|move|p2a: Mandibuzz|Foul Play|p1a: Klefki
|-resisted|p1a: Klefki
|-damage|p1a: Klefki|284\/318
|
|turn|37
|
|switch|p2a: Thundurus|Thundurus, M|59\/299
|switch|p1a: Unleashed|Manaphy|283\/404
|-damage|p1a: Unleashed|233\/404|[from] Stealth Rock
|
|turn|38
|
|switch|p1a: Nessie|Swampert-Mega, M|221\/367
|-damage|p1a: Nessie|199\/367|[from] Stealth Rock
|move|p2a: Thundurus|Thunderbolt|p1a: Nessie
|-immune|p1a: Nessie|[msg]
|
|turn|39
|
|switch|p2a: Mandibuzz|Mandibuzz, F|423\/423
|switch|p1a: Unleashed|Manaphy|233\/404
|-damage|p1a: Unleashed|183\/404|[from] Stealth Rock
|
|turn|40
|
|move|p1a: Unleashed|Ice Beam|p2a: Mandibuzz
|-supereffective|p2a: Mandibuzz
|-damage|p2a: Mandibuzz|239\/423
|move|p2a: Mandibuzz|Whirlwind|p1a: Unleashed
|drag|p1a: Klefki|Klefki, M|284\/318
|-damage|p1a: Klefki|265\/318|[from] Stealth Rock
|
|turn|41
|
|move|p1a: Klefki|Rain Dance|p1a: Klefki
|-weather|RainDance
|move|p2a: Mandibuzz|Roost|p2a: Mandibuzz
|-heal|p2a: Mandibuzz|423\/423
|
|-weather|RainDance|[upkeep]
|turn|42
|
|switch|p1a: Nessie|Swampert-Mega, M|199\/367
|-damage|p1a: Nessie|177\/367|[from] Stealth Rock
|move|p2a: Mandibuzz|Whirlwind|p1a: Nessie
|drag|p1a: Unleashed|Manaphy|183\/404
|-damage|p1a: Unleashed|133\/404|[from] Stealth Rock
|
|-weather|RainDance|[upkeep]
|turn|43
|
|move|p1a: Unleashed|Rest|p1a: Unleashed
|-status|p1a: Unleashed|slp
|-heal|p1a: Unleashed|404\/404 slp|[silent]
|-status|p1a: Unleashed|slp|[from] move: Rest
|move|p2a: Mandibuzz|Whirlwind|p1a: Unleashed
|drag|p1a: Klefki|Klefki, M|265\/318
|-damage|p1a: Klefki|246\/318|[from] Stealth Rock
|
|-weather|RainDance|[upkeep]
|-sideend|p1: Fer1est|Reflect
|turn|44
|
|switch|p2a: Thundurus|Thundurus, M|59\/299
|move|p1a: Klefki|Reflect|p1a: Klefki
|-sidestart|p1: Fer1est|Reflect
|
|-weather|RainDance|[upkeep]
|turn|45
|
|move|p1a: Klefki|Thunder Wave|p2a: Thundurus
|-fail|p2a: Thundurus
|move|p2a: Thundurus|Thunderbolt|p1a: Klefki
|-damage|p1a: Klefki|55\/318
|-damage|p2a: Thundurus|30\/299|[from] item: Life Orb
|
|-weather|none
|turn|46
|
|switch|p1a: Nessie|Swampert-Mega, M|177\/367
|-damage|p1a: Nessie|155\/367|[from] Stealth Rock
|move|p2a: Thundurus|Thunderbolt|p1a: Nessie
|-immune|p1a: Nessie|[msg]
|
|turn|47
|
|switch|p2a: Mandibuzz|Mandibuzz, F|423\/423
|switch|p1a: Klefki|Klefki, M|55\/318
|-damage|p1a: Klefki|36\/318|[from] Stealth Rock
|
|turn|48
|
|move|p1a: Klefki|Rain Dance|p1a: Klefki
|-weather|RainDance
|move|p2a: Mandibuzz|Whirlwind|p1a: Klefki
|drag|p1a: Unleashed|Manaphy|404\/404 slp
|-damage|p1a: Unleashed|354\/404 slp|[from] Stealth Rock
|
|-weather|RainDance|[upkeep]
|-curestatus|p1a: Unleashed|slp
|turn|49
|
|move|p1a: Unleashed|Scald|p2a: Mandibuzz
|-damage|p2a: Mandibuzz|225\/423
|-status|p2a: Mandibuzz|brn
|move|p2a: Mandibuzz|Whirlwind|p1a: Unleashed
|drag|p1a: Klefki|Klefki, M|36\/318
|-damage|p1a: Klefki|17\/318|[from] Stealth Rock
|
|-weather|RainDance|[upkeep]
|-damage|p2a: Mandibuzz|173\/423 brn|[from] brn
|turn|50
|
|switch|p1a: Unleashed|Manaphy|354\/404
|-damage|p1a: Unleashed|304\/404|[from] Stealth Rock
|move|p2a: Mandibuzz|Roost|p2a: Mandibuzz
|-heal|p2a: Mandibuzz|385\/423 brn
|
|-weather|RainDance|[upkeep]
|-damage|p2a: Mandibuzz|333\/423 brn|[from] brn
|turn|51
|
|move|p1a: Unleashed|Scald|p2a: Mandibuzz
|-damage|p2a: Mandibuzz|144\/423 brn
|move|p2a: Mandibuzz|Whirlwind|p1a: Unleashed
|drag|p1a: Nessie|Swampert-Mega, M|155\/367
|-damage|p1a: Nessie|133\/367|[from] Stealth Rock
|
|-weather|RainDance|[upkeep]
|-damage|p2a: Mandibuzz|92\/423 brn|[from] brn
|-sideend|p1: Fer1est|Reflect
|turn|52
|
|move|p1a: Nessie|Waterfall|p2a: Mandibuzz
|-damage|p2a: Mandibuzz|0 fnt
|-damage|p1a: Nessie|72\/367|[from] item: Rocky Helmet|[of] p2a: Mandibuzz
|faint|p2a: Mandibuzz
|
|-weather|none
|
|switch|p2a: Pinsir|Pinsir-Mega, M, shiny|255\/271
|turn|53
|
|move|p2a: Pinsir|Return|p1a: Nessie
|-damage|p1a: Nessie|0 fnt
|faint|p1a: Nessie
|
|
|switch|p1a: Klefki|Klefki, M|17\/318
|-damage|p1a: Klefki|0 fnt|[from] Stealth Rock
|faint|p1a: Klefki
|
|switch|p1a: Unleashed|Manaphy|304\/404
|-damage|p1a: Unleashed|254\/404|[from] Stealth Rock
|turn|54
|
|move|p2a: Pinsir|Return|p1a: Unleashed
|-damage|p1a: Unleashed|0 fnt
|faint|p1a: Unleashed
|
|win|Flki669
|raw|Ladder updating...
|raw|Fer1est's rating: 1419 &rarr; <strong>1394<\/strong><br \/>(-25 for losing)
|raw|Flki669's rating: 1332 &rarr; <strong>1356<\/strong><br \/>(+24 for winning)
|c|âFer1est|gg
|c|âFlki669|gg
|leave|Fer1est
|player|p1