|join|raddical
|join|Fer1est
|player|p1|raddical|274
|player|p2|Fer1est|65
|gametype|singles
|gen|6
|tier|OU
|rated
|clearpoke
|poke|p1|Venusaur, F
|poke|p1|Keldeo
|poke|p1|Skarmory, M
|poke|p1|Garchomp, F
|poke|p1|Victini
|poke|p1|Sylveon, F
|poke|p2|Swampert, M
|poke|p2|Politoed, M
|poke|p2|Manaphy
|poke|p2|Togekiss, M
|poke|p2|Scizor, M
|poke|p2|Klefki, M
|rule|Swagger Clause: Swagger is banned
|rule|Baton Pass Clause: Limit one PokÃ©mon knowing Baton Pass
|rule|Sleep Clause Mod: Limit one foe put to sleep
|rule|Species Clause: Limit one of each PokÃ©mon
|rule|OHKO Clause: OHKO moves are banned
|rule|Moody Clause: Moody is banned
|rule|Evasion Moves Clause: Evasion moves are banned
|rule|Endless Battle Clause: Forcing endless battles is banned
|rule|HP Percentage Mod: HP is shown in percentages
|teampreview
|
|start
|switch|p1a: Skarmory|Skarmory, M|333\/333
|switch|p2a: Rainbow|Politoed, M|384\/384
|-weather|RainDance
|turn|1
|
|move|p1a: Skarmory|Stealth Rock|p2a: Rainbow
|-sidestart|p2: Fer1est|move: Stealth Rock
|move|p2a: Rainbow|Scald|p1a: Skarmory
|-damage|p1a: Skarmory|147\/333
|-status|p1a: Skarmory|brn
|
|-weather|RainDance|[upkeep]
|-damage|p1a: Skarmory|106\/333 brn|[from] brn
|turn|2
|
|move|p1a: Skarmory|Roost|p1a: Skarmory
|-heal|p1a: Skarmory|273\/333 brn
|move|p2a: Rainbow|Scald|p1a: Skarmory
|-damage|p1a: Skarmory|104\/333 brn
|
|-weather|RainDance|[upkeep]
|-damage|p1a: Skarmory|63\/333 brn|[from] brn
|turn|3
|
|switch|p2a: Unleashed|Manaphy|404\/404
|-damage|p2a: Unleashed|354\/404|[from] Stealth Rock
|move|p1a: Skarmory|Roost|p1a: Skarmory
|-heal|p1a: Skarmory|230\/333 brn
|
|-weather|RainDance|[upkeep]
|-heal|p2a: Unleashed|379\/404|[from] item: Leftovers
|-damage|p1a: Skarmory|189\/333 brn|[from] brn
|turn|4
|
|switch|p1a: Venusaur|Venusaur, F|364\/364
|move|p2a: Unleashed|Scald|p1a: Venusaur
|-resisted|p1a: Venusaur
|-damage|p1a: Venusaur|296\/364
|
|-weather|RainDance|[upkeep]
|-heal|p2a: Unleashed|404\/404|[from] item: Leftovers
|turn|5
|
|switch|p2a: Togekiss|Togekiss, M|311\/311
|-damage|p2a: Togekiss|234\/311|[from] Stealth Rock
|detailschange|p1a: Venusaur|Venusaur-Mega, F
|-mega|p1a: Venusaur|Venusaur|Venusaurite
|move|p1a: Venusaur|Leech Seed|p2a: Togekiss
|-start|p2a: Togekiss|move: Leech Seed
|
|-weather|RainDance|[upkeep]
|-damage|p2a: Togekiss|196\/311|[from] Leech Seed|[of] p1a: Venusaur
|-heal|p1a: Venusaur|334\/364|[silent]
|turn|6
|
|switch|p1a: Sylveon|Sylveon, F|394\/394
|move|p2a: Togekiss|Air Slash|p1a: Sylveon
|-damage|p1a: Sylveon|316\/394
|
|-weather|RainDance|[upkeep]
|-heal|p1a: Sylveon|340\/394|[from] item: Leftovers
|-damage|p2a: Togekiss|158\/311|[from] Leech Seed|[of] p1a: Sylveon
|-heal|p1a: Sylveon|378\/394|[silent]
|turn|7
|
|switch|p2a: Scizor|Scizor, M|343\/343
|-damage|p2a: Scizor|301\/343|[from] Stealth Rock
|move|p1a: Sylveon|Heal Bell|p1a: Sylveon
|-cureteam|p1a: Sylveon|[from] move: HealBell
|
|-weather|RainDance|[upkeep]
|-heal|p1a: Sylveon|394\/394|[from] item: Leftovers
|turn|8
|
|switch|p1a: Skarmory|Skarmory, M|189\/333
|move|p2a: Scizor|Swords Dance|p2a: Scizor
|-boost|p2a: Scizor|atk|2
|
|-weather|none
|turn|9
|
|move|p1a: Skarmory|Roost|p1a: Skarmory
|-heal|p1a: Skarmory|333\/333
|move|p2a: Scizor|Rain Dance|p2a: Scizor
|-weather|RainDance
|
|-weather|RainDance|[upkeep]
|turn|10
|
|move|p2a: Scizor|Bullet Punch|p1a: Skarmory
|-resisted|p1a: Skarmory
|-damage|p1a: Skarmory|276\/333
|move|p1a: Skarmory|Brave Bird|p2a: Scizor
|-damage|p2a: Scizor|177\/343
|-damage|p1a: Skarmory|235\/333|[from] recoil|[of] p2a: Scizor
|
|-weather|RainDance|[upkeep]
|turn|11
|
|move|p1a: Skarmory|Brave Bird|p2a: Scizor
|-damage|p2a: Scizor|68\/343
|-damage|p1a: Skarmory|199\/333|[from] recoil|[of] p2a: Scizor
|move|p2a: Scizor|Swords Dance|p2a: Scizor
|-boost|p2a: Scizor|atk|2
|
|-weather|RainDance|[upkeep]
|turn|12
|
|move|p2a: Scizor|Bullet Punch|p1a: Skarmory
|-resisted|p1a: Skarmory
|-damage|p1a: Skarmory|108\/333
|move|p1a: Skarmory|Brave Bird|p2a: Scizor
|-damage|p2a: Scizor|0 fnt
|-damage|p1a: Skarmory|86\/333|[from] recoil|[of] p2a: Scizor
|faint|p2a: Scizor
|
|-weather|RainDance|[upkeep]
|
|switch|p2a: Nessie|Swampert, M|342\/342
|-damage|p2a: Nessie|321\/342|[from] Stealth Rock
|turn|13
|
|detailschange|p2a: Nessie|Swampert-Mega, M
|-mega|p2a: Nessie|Swampert|Swampertite
|move|p2a: Nessie|Waterfall|p1a: Skarmory
|-damage|p1a: Skarmory|0 fnt
|faint|p1a: Skarmory
|
|-weather|RainDance|[upkeep]
|
|switch|p1a: Venusaur|Venusaur-Mega, F|334\/364
|turn|14
|
|switch|p2a: Klefki|Klefki, M|318\/318
|-damage|p2a: Klefki|299\/318|[from] Stealth Rock
|move|p1a: Venusaur|Giga Drain|p2a: Klefki
|-resisted|p2a: Klefki
|-damage|p2a: Klefki|245\/318
|-heal|p1a: Venusaur|361\/364|[from] drain|[of] p2a: Klefki
|
|-weather|RainDance|[upkeep]
|turn|15
|
|switch|p1a: Garchomp|Garchomp, F|357\/357
|move|p2a: Klefki|Reflect|p2a: Klefki
|-sidestart|p2: Fer1est|Reflect
|
|-weather|RainDance|[upkeep]
|turn|16
|
|switch|p2a: Togekiss|Togekiss, M|158\/311
|-damage|p2a: Togekiss|81\/311|[from] Stealth Rock
|move|p1a: Garchomp|Earthquake|p2a: Togekiss
|-immune|p2a: Togekiss|[msg]
|
|-weather|none
|turn|17
|
|switch|p1a: Sylveon|Sylveon, F|394\/394
|move|p2a: Togekiss|Trick|p1a: Sylveon
|-activate|p2a: Togekiss|move: Trick|[of] p1a: Sylveon
|-item|p1a: Sylveon|Choice Scarf|[from] move: Trick
|-item|p2a: Togekiss|Leftovers|[from] move: Trick
|
|-heal|p2a: Togekiss|100\/311|[from] item: Leftovers
|turn|18
|
|switch|p2a: Klefki|Klefki, M|245\/318
|-damage|p2a: Klefki|226\/318|[from] Stealth Rock
|move|p1a: Sylveon|Wish|p1a: Sylveon
|
|turn|19
|
|switch|p1a: Victini|Victini|341\/341
|move|p2a: Klefki|Light Screen|p2a: Klefki
|-sidestart|p2: Fer1est|move: Light Screen
|
|turn|20
|
|move|p2a: Klefki|Rain Dance|p2a: Klefki
|-weather|RainDance
|move|p1a: Victini|U-turn|p2a: Klefki
|-crit|p2a: Klefki
|-resisted|p2a: Klefki
|-damage|p2a: Klefki|203\/318
|
|switch|p1a: Venusaur|Venusaur-Mega, F|361\/364
|
|-weather|RainDance|[upkeep]
|turn|21
|
|move|p2a: Klefki|Thunder Wave|p1a: Venusaur
|-status|p1a: Venusaur|par
|move|p1a: Venusaur|Leech Seed|p2a: Klefki
|-start|p2a: Klefki|move: Leech Seed
|
|-weather|RainDance|[upkeep]
|-damage|p2a: Klefki|164\/318|[from] Leech Seed|[of] p1a: Venusaur
|-heal|p1a: Venusaur|364\/364 par|[silent]
|turn|22
|
|switch|p2a: Togekiss|Togekiss, M|100\/311
|-damage|p2a: Togekiss|23\/311|[from] Stealth Rock
|cant|p1a: Venusaur|par
|
|-weather|RainDance|[upkeep]
|-heal|p2a: Togekiss|42\/311|[from] item: Leftovers
|-sideend|p2: Fer1est|Reflect
|turn|23
|
|switch|p1a: Sylveon|Sylveon, F|394\/394
|move|p2a: Togekiss|Air Slash|p1a: Sylveon
|-damage|p1a: Sylveon|315\/394
|
|-weather|RainDance|[upkeep]
|-heal|p2a: Togekiss|61\/311|[from] item: Leftovers
|turn|24
|
|move|p2a: Togekiss|Air Slash|p1a: Sylveon
|-crit|p1a: Sylveon
|-damage|p1a: Sylveon|204\/394
|move|p1a: Sylveon|Hyper Voice|p2a: Togekiss
|-damage|p2a: Togekiss|0 fnt
|faint|p2a: Togekiss
|
|-weather|none
|
|switch|p2a: Rainbow|Politoed, M|384\/384
|-damage|p2a: Rainbow|336\/384|[from] Stealth Rock
|-weather|RainDance
|turn|25
|
|switch|p2a: Unleashed|Manaphy|404\/404
|-damage|p2a: Unleashed|354\/404|[from] Stealth Rock
|move|p1a: Sylveon|Hyper Voice|p2a: Unleashed
|-damage|p2a: Unleashed|276\/404
|
|-weather|RainDance|[upkeep]
|-heal|p2a: Unleashed|301\/404|[from] item: Leftovers
|turn|26
|
|switch|p1a: Venusaur|Venusaur-Mega, F|364\/364 par
|move|p2a: Unleashed|Scald|p1a: Venusaur
|-resisted|p1a: Venusaur
|-damage|p1a: Venusaur|304\/364 par
|
|-weather|RainDance|[upkeep]
|-heal|p2a: Unleashed|326\/404|[from] item: Leftovers
|-sideend|p2: Fer1est|move: Light Screen
|turn|27
|
|move|p2a: Unleashed|Tail Glow|p2a: Unleashed
|-boost|p2a: Unleashed|spa|3
|cant|p1a: Venusaur|par
|
|-weather|RainDance|[upkeep]
|-heal|p2a: Unleashed|351\/404|[from] item: Leftovers
|turn|28
|
|move|p2a: Unleashed|Tail Glow|p2a: Unleashed
|-boost|p2a: Unleashed|spa|3
|cant|p1a: Venusaur|par
|
|-weather|RainDance|[upkeep]
|-heal|p2a: Unleashed|376\/404|[from] item: Leftovers
|turn|29
|
|switch|p1a: Sylveon|Sylveon, F|204\/394
|move|p2a: Unleashed|Scald|p1a: Sylveon
|-damage|p1a: Sylveon|0 fnt
|faint|p1a: Sylveon
|
|-weather|RainDance|[upkeep]
|-heal|p2a: Unleashed|401\/404|[from] item: Leftovers
|
|switch|p1a: Garchomp|Garchomp, F|357\/357
|turn|30
|
|move|p1a: Garchomp|Outrage|p2a: Unleashed
|-damage|p2a: Unleashed|179\/404
|move|p2a: Unleashed|Scald|p1a: Garchomp
|-damage|p1a: Garchomp|0 fnt
|faint|p1a: Garchomp
|
|-weather|RainDance|[upkeep]
|-heal|p2a: Unleashed|204\/404|[from] item: Leftovers
|
|switch|p1a: Victini|Victini|341\/341
|turn|31
|
|switch|p2a: Nessie|Swampert-Mega, M|321\/342
|-damage|p2a: Nessie|300\/342|[from] Stealth Rock
|move|p1a: Victini|Bolt Strike|p2a: Nessie
|-immune|p2a: Nessie|[msg]
|
|-weather|RainDance|[upkeep]
|turn|32
|
|switch|p1a: Venusaur|Venusaur-Mega, F|304\/364 par
|move|p2a: Nessie|Earthquake|p1a: Venusaur
|-crit|p1a: Venusaur
|-damage|p1a: Venusaur|22\/364 par
|
|-weather|none
|turn|33
|
|move|p2a: Nessie|Earthquake|p1a: Venusaur
|-damage|p1a: Venusaur|0 fnt
|faint|p1a: Venusaur
|
|
|switch|p1a: Keldeo|Keldeo|323\/323
|turn|34
|
|switch|p2a: Rainbow|Politoed, M|336\/384
|-damage|p2a: Rainbow|288\/384|[from] Stealth Rock
|-weather|RainDance
|move|p1a: Keldeo|Hydro Pump|p2a: Rainbow
|-resisted|p2a: Rainbow
|-damage|p2a: Rainbow|141\/384
|
|-weather|RainDance|[upkeep]
|turn|35
|
|switch|p2a: Klefki|Klefki, M|164\/318
|-damage|p2a: Klefki|145\/318|[from] Stealth Rock
|move|p1a: Keldeo|Hydro Pump|p2a: Klefki
|-damage|p2a: Klefki|0 fnt
|faint|p2a: Klefki
|
|-weather|RainDance|[upkeep]
|
|switch|p2a: Unleashed|Manaphy|204\/404
|-damage|p2a: Unleashed|154\/404|[from] Stealth Rock
|turn|36
|
|move|p1a: Keldeo|Hydro Pump|p2a: Unleashed
|-resisted|p2a: Unleashed
|-damage|p2a: Unleashed|0 fnt
|faint|p2a: Unleashed
|
|-weather|RainDance|[upkeep]
|
|switch|p2a: Nessie|Swampert-Mega, M|300\/342
|-damage|p2a: Nessie|279\/342|[from] Stealth Rock
|turn|37
|
|move|p2a: Nessie|Waterfall|p1a: Keldeo
|-resisted|p1a: Keldeo
|-damage|p1a: Keldeo|169\/323
|move|p1a: Keldeo|Hydro Pump|p2a: Nessie
|-crit|p2a: Nessie
|-damage|p2a: Nessie|0 fnt
|faint|p2a: Nessie
|
|-weather|RainDance|[upkeep]
|-message|Fer1est forfeited.
|
|win|raddical
|raw|Ladder updating...
|leave|Fer1est
|player|p2
|raw|raddical's rating: 1492 &rarr; <strong>1515<\/strong><br \/>(+23 for winning)
|raw|Fer1est's rating: 1540 &rarr; <strong>1517<\/strong><br \/>(-23 for losing)