|join|el toxic
|join|qways
|player|p1|el toxic|68
|player|p2|qways|265
|gametype|singles
|gen|6
|tier|OU
|rated
|clearpoke
|poke|p1|Bisharp, F
|poke|p1|Clefable, F
|poke|p1|Manaphy
|poke|p1|Landorus, M
|poke|p1|Gyarados, F
|poke|p1|Greninja, F
|poke|p2|Infernape, F
|poke|p2|Lopunny, M
|poke|p2|Scizor, F
|poke|p2|Jolteon, M
|poke|p2|Breloom, F
|poke|p2|Tyranitar, F
|rule|Swagger Clause: Swagger is banned
|rule|Baton Pass Clause: Limit one PokÃ©mon knowing Baton Pass
|rule|Sleep Clause Mod: Limit one foe put to sleep
|rule|Species Clause: Limit one of each PokÃ©mon
|rule|OHKO Clause: OHKO moves are banned
|rule|Moody Clause: Moody is banned
|rule|Evasion Moves Clause: Evasion moves are banned
|rule|Endless Battle Clause: Forcing endless battles is banned
|rule|HP Percentage Mod: HP is shown in percentages
|teampreview
|
|start
|switch|p1a: Landorus|Landorus, M|319\/319
|switch|p2a: Infernape|Infernape, F|293\/293
|turn|1
|
|move|p2a: Infernape|Fake Out|p1a: Landorus
|-damage|p1a: Landorus|275\/319
|cant|p1a: Landorus|flinch
|
|turn|2
|
|move|p2a: Infernape|Stealth Rock|p1a: Landorus
|-sidestart|p1: el toxic|move: Stealth Rock
|move|p1a: Landorus|Earth Power|p2a: Infernape
|-supereffective|p2a: Infernape
|-enditem|p2a: Infernape|Focus Sash
|-damage|p2a: Infernape|1\/293
|
|turn|3
|
|move|p2a: Infernape|Close Combat|p1a: Landorus
|-resisted|p1a: Landorus
|-damage|p1a: Landorus|169\/319
|-unboost|p2a: Infernape|def|1
|-unboost|p2a: Infernape|spd|1
|move|p1a: Landorus|Stealth Rock|p2a: Infernape
|-sidestart|p2: qways|move: Stealth Rock
|
|turn|4
|
|move|p2a: Infernape|Close Combat|p1a: Landorus
|-resisted|p1a: Landorus
|-damage|p1a: Landorus|72\/319
|-unboost|p2a: Infernape|def|1
|-unboost|p2a: Infernape|spd|1
|move|p1a: Landorus|Earth Power|p2a: Infernape
|-supereffective|p2a: Infernape
|-damage|p2a: Infernape|0 fnt
|faint|p2a: Infernape
|
|
|switch|p2a: Lopunny|Lopunny, M|271\/271
|-damage|p2a: Lopunny|238\/271|[from] Stealth Rock
|turn|5
|
|detailschange|p2a: Lopunny|Lopunny-Mega, M
|message|Lopunny has Mega Evolved into Mega Lopunny!
|move|p2a: Lopunny|Return|p1a: Landorus
|-damage|p1a: Landorus|0 fnt
|faint|p1a: Landorus
|
|
|switch|p1a: Clefable|Clefable, F|394\/394
|turn|6
|
|switch|p2a: Tyranitar|Tyranitar, F|389\/389
|-damage|p2a: Tyranitar|341\/389|[from] Stealth Rock
|-weather|Sandstorm
|move|p1a: Clefable|Moonblast|p2a: Tyranitar
|-supereffective|p2a: Tyranitar
|-damage|p2a: Tyranitar|183\/389
|-unboost|p2a: Tyranitar|spa|1
|
|-weather|Sandstorm|[upkeep]
|turn|7
|
|move|p2a: Tyranitar|Stone Edge|p1a: Clefable
|-crit|p1a: Clefable
|-damage|p1a: Clefable|0 fnt
|faint|p1a: Clefable
|
|-weather|Sandstorm|[upkeep]
|
|switch|p1a: Manaphy|Manaphy|361\/361
|-damage|p1a: Manaphy|316\/361|[from] Stealth Rock
|turn|8
|
|move|p1a: Manaphy|Scald|p2a: Tyranitar
|-supereffective|p2a: Tyranitar
|-damage|p2a: Tyranitar|19\/389
|move|p2a: Tyranitar|Stone Edge|p1a: Manaphy
|-damage|p1a: Manaphy|3\/361
|
|-weather|Sandstorm|[upkeep]
|-damage|p1a: Manaphy|0 fnt|[from] sandstorm
|faint|p1a: Manaphy
|
|switch|p1a: Bisharp|Bisharp, F|271\/271
|-damage|p1a: Bisharp|255\/271|[from] Stealth Rock
|turn|9
|
|move|p1a: Bisharp|Iron Head|p2a: Tyranitar
|-supereffective|p2a: Tyranitar
|-damage|p2a: Tyranitar|0 fnt
|-damage|p1a: Bisharp|228\/271|[from] item: Life Orb
|faint|p2a: Tyranitar
|
|-weather|Sandstorm|[upkeep]
|
|switch|p2a: Breloom|Breloom, F|323\/323
|-damage|p2a: Breloom|303\/323|[from] Stealth Rock
|turn|10
|
|move|p1a: Bisharp|Iron Head|p2a: Breloom
|-damage|p2a: Breloom|150\/323
|-damage|p1a: Bisharp|201\/271|[from] item: Life Orb
|move|p2a: Breloom|Swords Dance|p2a: Breloom
|-boost|p2a: Breloom|atk|2
|
|-weather|none
|-status|p2a: Breloom|tox|[from] item: Toxic Orb
|turn|11
|
|move|p2a: Breloom|Mach Punch|p1a: Bisharp
|-supereffective|p1a: Bisharp
|-damage|p1a: Bisharp|0 fnt
|faint|p1a: Bisharp
|
|-heal|p2a: Breloom|190\/323 tox|[from] ability: Poison Heal
|-message|el toxic forfeited.
|
|win|qways
|raw|Ladder updating...
|leave|el toxic
|player|p1
|raw|el toxic's rating: 1812 &rarr; <strong>1794<\/strong><br \/>(-18 for losing)
|raw|qways's rating: 1835 &rarr; <strong>1854<\/strong><br \/>(+19 for winning)