|join|qways
|join|delra
|player|p1|qways|102
|player|p2|delra|29
|gametype|singles
|gen|6
|tier|OU
|rated
|clearpoke
|poke|p1|Infernape, M
|poke|p1|Lopunny, M
|poke|p1|Scizor, M
|poke|p1|Jolteon, M
|poke|p1|Breloom, F
|poke|p1|Gliscor, F
|poke|p2|Bisharp, M
|poke|p2|Gallade, M
|poke|p2|Keldeo
|poke|p2|Rhyperior, M
|poke|p2|Gengar, F
|poke|p2|Landorus, M
|rule|Swagger Clause: Swagger is banned
|rule|Baton Pass Clause: Limit one PokÃ©mon knowing Baton Pass
|rule|Sleep Clause Mod: Limit one foe put to sleep
|rule|Species Clause: Limit one of each PokÃ©mon
|rule|OHKO Clause: OHKO moves are banned
|rule|Moody Clause: Moody is banned
|rule|Evasion Moves Clause: Evasion moves are banned
|rule|Endless Battle Clause: Forcing endless battles is banned
|rule|HP Percentage Mod: HP is shown in percentages
|teampreview
|
|start
|switch|p1a: Infernape|Infernape, M|293\/293
|switch|p2a: Gengar|Gengar, F|262\/262
|turn|1
|
|switch|p1a: Jolteon|Jolteon, M|271\/271
|move|p2a: Gengar|Sludge Wave|p1a: Jolteon
|-damage|p1a: Jolteon|106\/271
|-damage|p2a: Gengar|236\/262|[from] item: Life Orb
|
|turn|2
|
|move|p1a: Jolteon|Shadow Ball|p2a: Gengar
|-supereffective|p2a: Gengar
|-damage|p2a: Gengar|28\/262
|-unboost|p2a: Gengar|spd|1
|move|p2a: Gengar|Sludge Wave|p1a: Jolteon
|-damage|p1a: Jolteon|0 fnt
|-damage|p2a: Gengar|2\/262|[from] item: Life Orb
|faint|p1a: Jolteon
|
|
|switch|p1a: Lopunny|Lopunny, M|271\/271
|turn|3
|
|switch|p2a: Rhyperior|Rhyperior, M|434\/434
|detailschange|p1a: Lopunny|Lopunny-Mega, M
|message|Lopunny has Mega Evolved into Mega Lopunny!
|move|p1a: Lopunny|Quick Attack|p2a: Rhyperior
|-resisted|p2a: Rhyperior
|-damage|p2a: Rhyperior|405\/434
|
|turn|4
|
|switch|p1a: Infernape|Infernape, M|293\/293
|move|p2a: Rhyperior|Stealth Rock|p1a: Infernape
|-sidestart|p1: qways|move: Stealth Rock
|
|turn|5
|
|move|p1a: Infernape|Stealth Rock|p2a: Rhyperior
|-sidestart|p2: delra|move: Stealth Rock
|move|p2a: Rhyperior|Earthquake|p1a: Infernape
|-supereffective|p1a: Infernape
|-enditem|p1a: Infernape|Focus Sash
|-damage|p1a: Infernape|1\/293
|
|turn|6
|
|move|p1a: Infernape|Close Combat|p2a: Rhyperior
|-crit|p2a: Rhyperior
|-supereffective|p2a: Rhyperior
|-damage|p2a: Rhyperior|99\/434
|-unboost|p1a: Infernape|def|1
|-unboost|p1a: Infernape|spd|1
|move|p2a: Rhyperior|Roar|p1a: Infernape
|drag|p1a: Lopunny|Lopunny-Mega, M|271\/271
|-damage|p1a: Lopunny|255\/271|[from] Stealth Rock
|
|turn|7
|
|move|p1a: Lopunny|Power-Up Punch|p2a: Rhyperior
|-supereffective|p2a: Rhyperior
|-damage|p2a: Rhyperior|9\/434
|-boost|p1a: Lopunny|atk|1
|move|p2a: Rhyperior|Earthquake|p1a: Lopunny
|-damage|p1a: Lopunny|53\/271
|
|turn|8
|
|move|p1a: Lopunny|Power-Up Punch|p2a: Rhyperior
|-supereffective|p2a: Rhyperior
|-damage|p2a: Rhyperior|0 fnt
|-boost|p1a: Lopunny|atk|1
|faint|p2a: Rhyperior
|
|c|âqways|damn rolls
|
|switch|p2a: Keldeo|Keldeo|323\/323
|-damage|p2a: Keldeo|303\/323|[from] Stealth Rock
|turn|9
|
|switch|p1a: Infernape|Infernape, M|1\/293
|-damage|p1a: Infernape|0 fnt|[from] Stealth Rock
|faint|p1a: Infernape
|move|p2a: Keldeo|Secret Sword|p1: Infernape|[notarget]
|-notarget
|
|
|switch|p1a: Breloom|Breloom, F|323\/323
|-damage|p1a: Breloom|303\/323|[from] Stealth Rock
|turn|10
|
|switch|p2a: Gengar|Gengar, F|2\/262
|-damage|p2a: Gengar|0 fnt|[from] Stealth Rock
|faint|p2a: Gengar
|move|p1a: Breloom|Spore|p2: Gengar|[notarget]
|-notarget
|
|-status|p1a: Breloom|tox|[from] item: Toxic Orb
|
|switch|p2a: Landorus|Landorus, M|320\/320
|-damage|p2a: Landorus|280\/320|[from] Stealth Rock
|turn|11
|
|switch|p1a: Scizor|Scizor, M|343\/343
|-damage|p1a: Scizor|301\/343|[from] Stealth Rock
|move|p2a: Landorus|Psychic|p1a: Scizor
|-resisted|p1a: Scizor
|-damage|p1a: Scizor|191\/343
|
|turn|12
|
|move|p1a: Scizor|Bullet Punch|p2a: Landorus
|-damage|p2a: Landorus|90\/320
|move|p2a: Landorus|Earth Power|p1a: Scizor
|-damage|p1a: Scizor|0 fnt
|faint|p1a: Scizor
|
|
|switch|p1a: Gliscor|Gliscor, F|353\/353
|-damage|p1a: Gliscor|309\/353|[from] Stealth Rock
|turn|13
|
|move|p2a: Landorus|Psychic|p1a: Gliscor
|-damage|p1a: Gliscor|92\/353
|move|p1a: Gliscor|Agility|p1a: Gliscor
|-boost|p1a: Gliscor|spe|2
|
|-status|p1a: Gliscor|tox|[from] item: Toxic Orb
|turn|14
|
|move|p1a: Gliscor|Stone Edge|p2a: Landorus
|-damage|p2a: Landorus|0 fnt
|faint|p2a: Landorus
|
|-heal|p1a: Gliscor|136\/353 tox|[from] ability: Poison Heal
|
|switch|p2a: Keldeo|Keldeo|303\/323
|-damage|p2a: Keldeo|283\/323|[from] Stealth Rock
|turn|15
|
|move|p2a: Keldeo|Scald|p1a: Gliscor
|-supereffective|p1a: Gliscor
|-damage|p1a: Gliscor|0 fnt
|faint|p1a: Gliscor
|
|
|switch|p1a: Breloom|Breloom, F|303\/323 tox
|-damage|p1a: Breloom|283\/323 tox|[from] Stealth Rock
|turn|16
|
|switch|p2a: Bisharp|Bisharp, M|271\/271
|-damage|p2a: Bisharp|255\/271|[from] Stealth Rock
|move|p1a: Breloom|Spore|p2a: Bisharp
|-status|p2a: Bisharp|slp
|
|-heal|p1a: Breloom|323\/323 tox|[from] ability: Poison Heal
|turn|17
|
|switch|p1a: Lopunny|Lopunny-Mega, M|53\/271
|-damage|p1a: Lopunny|37\/271|[from] Stealth Rock
|cant|p2a: Bisharp|slp
|
|turn|18
|
|-curestatus|p2a: Bisharp|slp
|move|p2a: Bisharp|Sucker Punch|p1a: Lopunny
|-resisted|p1a: Lopunny
|-damage|p1a: Lopunny|0 fnt
|faint|p1a: Lopunny
|
|
|switch|p1a: Breloom|Breloom, F|323\/323 tox
|-damage|p1a: Breloom|303\/323 tox|[from] Stealth Rock
|turn|19
|
|move|p2a: Bisharp|Knock Off|p1a: Breloom
|-resisted|p1a: Breloom
|-damage|p1a: Breloom|210\/323 tox
|-enditem|p1a: Breloom|Toxic Orb|[from] move: Knock Off|[of] p2a: Bisharp
|move|p1a: Breloom|Swords Dance|p1a: Breloom
|-boost|p1a: Breloom|atk|2
|
|-heal|p1a: Breloom|250\/323 tox|[from] ability: Poison Heal
|turn|20
|
|switch|p2a: Keldeo|Keldeo|283\/323
|-damage|p2a: Keldeo|263\/323|[from] Stealth Rock
|move|p1a: Breloom|Spore|p2a: Keldeo
|-status|p2a: Keldeo|slp
|
|-heal|p1a: Breloom|290\/323 tox|[from] ability: Poison Heal
|turn|21
|
|switch|p2a: Gallade|Gallade, M|277\/277
|-damage|p2a: Gallade|260\/277|[from] Stealth Rock
|move|p1a: Breloom|Swords Dance|p1a: Breloom
|-boost|p1a: Breloom|atk|2
|
|-heal|p1a: Breloom|323\/323 tox|[from] ability: Poison Heal
|turn|22
|
|detailschange|p2a: Gallade|Gallade-Mega, M
|message|Gallade has Mega Evolved into Mega Gallade!
|move|p2a: Gallade|Psycho Cut|p1a: Breloom
|-supereffective|p1a: Breloom
|-damage|p1a: Breloom|77\/323 tox
|move|p1a: Breloom|Seed Bomb|p2a: Gallade
|-damage|p2a: Gallade|0 fnt
|faint|p2a: Gallade
|
|-heal|p1a: Breloom|117\/323 tox|[from] ability: Poison Heal
|
|switch|p2a: Bisharp|Bisharp, M|255\/271
|-damage|p2a: Bisharp|239\/271|[from] Stealth Rock
|turn|23
|
|move|p1a: Breloom|Mach Punch|p2a: Bisharp
|-supereffective|p2a: Bisharp
|-damage|p2a: Bisharp|0 fnt
|faint|p2a: Bisharp
|
|-heal|p1a: Breloom|157\/323 tox|[from] ability: Poison Heal
|
|switch|p2a: Keldeo|Keldeo|263\/323 slp
|-damage|p2a: Keldeo|243\/323 slp|[from] Stealth Rock
|turn|24
|
|cant|p2a: Keldeo|slp
|move|p1a: Breloom|Seed Bomb|p2a: Keldeo
|-supereffective|p2a: Keldeo
|-damage|p2a: Keldeo|0 fnt
|faint|p2a: Keldeo
|
|win|qways
|raw|Ladder updating...
|leave|delra
|player|p2
|raw|qways's rating: 1741 &rarr; <strong>1750<\/strong><br \/>(+9 for winning)
|raw|delra's rating: 1537 &rarr; <strong>1527<\/strong><br \/>(-10 for losing)