|join|qways
|join|Reverb
|player|p1|qways|266
|player|p2|Reverb|#reverb
|gametype|singles
|gen|6
|tier|OU
|rated
|clearpoke
|poke|p1|Infernape, M
|poke|p1|Lopunny, M
|poke|p1|Scizor, M
|poke|p1|Jolteon, F
|poke|p1|Breloom, F
|poke|p1|Gliscor, M
|poke|p2|Empoleon, M
|poke|p2|Tyranitar, M
|poke|p2|Charizard, M
|poke|p2|Keldeo
|poke|p2|Kyurem-Black
|poke|p2|Landorus-Therian, M
|rule|Swagger Clause: Swagger is banned
|rule|Baton Pass Clause: Limit one PokÃ©mon knowing Baton Pass
|rule|Sleep Clause Mod: Limit one foe put to sleep
|rule|Species Clause: Limit one of each PokÃ©mon
|rule|OHKO Clause: OHKO moves are banned
|rule|Moody Clause: Moody is banned
|rule|Evasion Moves Clause: Evasion moves are banned
|rule|Endless Battle Clause: Forcing endless battles is banned
|rule|HP Percentage Mod: HP is shown in percentages
|teampreview
|
|start
|switch|p1a: Infernape|Infernape, M|293\/293
|switch|p2a: Landorus-Therian|Landorus-Therian, M|327\/327
|-ability|p2a: Landorus-Therian|Intimidate|[of] p1a: Infernape
|-unboost|p1a: Infernape|atk|1
|turn|1
|
|move|p2a: Landorus-Therian|U-turn|p1a: Infernape
|-resisted|p1a: Infernape
|-damage|p1a: Infernape|264\/293
|
|switch|p2a: Keldeo|Keldeo|323\/323
|move|p1a: Infernape|Stealth Rock|p2a: Keldeo
|-sidestart|p2: Reverb|move: Stealth Rock
|
|turn|2
|
|switch|p1a: Jolteon|Jolteon, F|271\/271
|move|p2a: Keldeo|Secret Sword|p1a: Jolteon
|-damage|p1a: Jolteon|0 fnt
|faint|p1a: Jolteon
|
|
|switch|p1a: Breloom|Breloom, F|323\/323
|turn|3
|
|move|p2a: Keldeo|Secret Sword|p1a: Breloom
|-damage|p1a: Breloom|128\/323
|move|p1a: Breloom|Spore|p2a: Keldeo
|-status|p2a: Keldeo|slp
|
|-status|p1a: Breloom|tox|[from] item: Toxic Orb
|turn|4
|
|switch|p2a: Landorus-Therian|Landorus-Therian, M|327\/327
|-damage|p2a: Landorus-Therian|287\/327|[from] Stealth Rock
|-ability|p2a: Landorus-Therian|Intimidate|[of] p1a: Breloom
|-unboost|p1a: Breloom|atk|1
|switch|p1a: Lopunny|Lopunny, M|271\/271
|
|turn|5
|
|detailschange|p1a: Lopunny|Lopunny-Mega, M
|message|Lopunny has Mega Evolved into Mega Lopunny!
|move|p2a: Landorus-Therian|Explosion|p1a: Lopunny
|-damage|p1a: Lopunny|0 fnt
|faint|p2a: Landorus-Therian
|faint|p1a: Lopunny
|
|
|switch|p1a: Infernape|Infernape, M|264\/293
|switch|p2a: Empoleon|Empoleon, M|372\/372
|-damage|p2a: Empoleon|349\/372|[from] Stealth Rock
|turn|6
|
|move|p1a: Infernape|Taunt|p2a: Empoleon
|-start|p2a: Empoleon|move: Taunt
|move|p2a: Empoleon|Scald|p1a: Infernape
|-supereffective|p1a: Infernape
|-damage|p1a: Infernape|0 fnt
|faint|p1a: Infernape
|
|-heal|p2a: Empoleon|372\/372|[from] item: Leftovers
|
|switch|p1a: Breloom|Breloom, F|128\/323 tox
|turn|7
|
|move|p1a: Breloom|Swords Dance|p1a: Breloom
|-boost|p1a: Breloom|atk|2
|move|p2a: Empoleon|Scald|p1a: Breloom
|-resisted|p1a: Breloom
|-damage|p1a: Breloom|52\/323 tox
|
|-heal|p1a: Breloom|92\/323 tox|[from] ability: Poison Heal
|turn|8
|
|move|p1a: Breloom|Swords Dance|p1a: Breloom
|-boost|p1a: Breloom|atk|2
|move|p2a: Empoleon|Scald|p1a: Breloom
|-resisted|p1a: Breloom
|-damage|p1a: Breloom|15\/323 tox
|
|-heal|p1a: Breloom|55\/323 tox|[from] ability: Poison Heal
|-end|p2a: Empoleon|move: Taunt
|turn|9
|
|move|p1a: Breloom|Mach Punch|p2a: Empoleon
|-supereffective|p2a: Empoleon
|-damage|p2a: Empoleon|88\/372
|move|p2a: Empoleon|Scald|p1a: Breloom
|-resisted|p1a: Breloom
|-damage|p1a: Breloom|0 fnt
|faint|p1a: Breloom
|
|-heal|p2a: Empoleon|111\/372|[from] item: Leftovers
|
|switch|p1a: Gliscor|Gliscor, M|353\/353
|turn|10
|
|move|p1a: Gliscor|Agility|p1a: Gliscor
|-boost|p1a: Gliscor|spe|2
|move|p2a: Empoleon|Defog|p1a: Gliscor
|-unboost|p1a: Gliscor|evasion|1
|-sideend|p2: Reverb|Stealth Rock|[from] move: Defog|[of] p2a: Empoleon
|
|-heal|p2a: Empoleon|134\/372|[from] item: Leftovers
|-status|p1a: Gliscor|tox|[from] item: Toxic Orb
|turn|11
|
|move|p1a: Gliscor|Swords Dance|p1a: Gliscor
|-boost|p1a: Gliscor|atk|2
|move|p2a: Empoleon|Roar|p1a: Gliscor
|drag|p1a: Scizor|Scizor, M|343\/343
|
|-heal|p2a: Empoleon|157\/372|[from] item: Leftovers
|turn|12
|
|move|p1a: Scizor|U-turn|p2a: Empoleon
|-resisted|p2a: Empoleon
|-damage|p2a: Empoleon|76\/372
|
|switch|p1a: Gliscor|Gliscor, M|353\/353 tox
|move|p2a: Empoleon|Stealth Rock|p1a: Gliscor
|-sidestart|p1: qways|move: Stealth Rock
|
|-heal|p2a: Empoleon|99\/372|[from] item: Leftovers
|turn|13
|
|move|p1a: Gliscor|Agility|p1a: Gliscor
|-boost|p1a: Gliscor|spe|2
|move|p2a: Empoleon|Scald|p1a: Gliscor
|-supereffective|p1a: Gliscor
|-damage|p1a: Gliscor|0 fnt
|faint|p1a: Gliscor
|
|-heal|p2a: Empoleon|122\/372|[from] item: Leftovers
|
|switch|p1a: Scizor|Scizor, M|343\/343
|-damage|p1a: Scizor|301\/343|[from] Stealth Rock
|turn|14
|
|move|p1a: Scizor|Superpower|p2a: Empoleon
|-supereffective|p2a: Empoleon
|-damage|p2a: Empoleon|0 fnt
|-unboost|p1a: Scizor|atk|1
|-unboost|p1a: Scizor|def|1
|faint|p2a: Empoleon
|
|
|switch|p2a: Tyranitar|Tyranitar, M|383\/383
|-weather|Sandstorm
|turn|15
|
|move|p2a: Tyranitar|Crunch|p1a: Scizor
|-damage|p1a: Scizor|0 fnt
|faint|p1a: Scizor
|
|win|Reverb
|raw|Ladder updating...
|raw|qways's rating: 1780 &rarr; <strong>1754<\/strong><br \/>(-26 for losing)
|raw|Reverb's rating: 1674 &rarr; <strong>1700<\/strong><br \/>(+26 for winning)
|c|âReverb|gg