|join|TaisukeSan
|join|qways
|player|p1|TaisukeSan|102
|player|p2|qways|169
|gametype|singles
|gen|6
|tier|OU
|rated
|clearpoke
|poke|p1|Sceptile, M
|poke|p1|Rotom-Wash
|poke|p1|Landorus-Therian, M
|poke|p1|Talonflame, F
|poke|p1|Excadrill, M
|poke|p1|Gyarados, F
|poke|p2|Infernape, M
|poke|p2|Lopunny, F
|poke|p2|Scizor, M
|poke|p2|Jolteon, F
|poke|p2|Breloom, F
|poke|p2|Gliscor, M
|rule|Swagger Clause: Swagger is banned
|rule|Baton Pass Clause: Limit one PokÃ©mon knowing Baton Pass
|rule|Sleep Clause Mod: Limit one foe put to sleep
|rule|Species Clause: Limit one of each PokÃ©mon
|rule|OHKO Clause: OHKO moves are banned
|rule|Moody Clause: Moody is banned
|rule|Evasion Moves Clause: Evasion moves are banned
|rule|Endless Battle Clause: Forcing endless battles is banned
|rule|HP Percentage Mod: HP is shown in percentages
|teampreview
|
|start
|switch|p1a: Landorus-Therian|Landorus-Therian, M|381\/381
|switch|p2a: Infernape|Infernape, M|293\/293
|-ability|p1a: Landorus-Therian|Intimidate|[of] p2a: Infernape
|-unboost|p2a: Infernape|atk|1
|turn|1
|
|move|p2a: Infernape|Fake Out|p1a: Landorus-Therian
|-damage|p1a: Landorus-Therian|357\/381
|cant|p1a: Landorus-Therian|flinch
|
|-heal|p1a: Landorus-Therian|380\/381|[from] item: Leftovers
|turn|2
|
|move|p2a: Infernape|Taunt|p1a: Landorus-Therian
|-start|p1a: Landorus-Therian|move: Taunt
|move|p1a: Landorus-Therian|Knock Off|p2a: Infernape
|-resisted|p2a: Infernape
|-damage|p2a: Infernape|228\/293
|-enditem|p2a: Infernape|Focus Sash|[from] move: Knock Off|[of] p1a: Landorus-Therian
|
|-heal|p1a: Landorus-Therian|381\/381|[from] item: Leftovers
|turn|3
|join|Ionkai
|
|move|p2a: Infernape|Stealth Rock|p1a: Landorus-Therian
|-sidestart|p1: TaisukeSan|move: Stealth Rock
|move|p1a: Landorus-Therian|Earthquake|p2a: Infernape
|-supereffective|p2a: Infernape
|-damage|p2a: Infernape|0 fnt
|faint|p2a: Infernape
|
|leave|Ionkai
|
|switch|p2a: Breloom|Breloom, F|323\/323
|turn|4
|
|move|p1a: Landorus-Therian|Knock Off|p2a: Breloom
|-resisted|p2a: Breloom
|-damage|p2a: Breloom|279\/323
|-enditem|p2a: Breloom|Toxic Orb|[from] move: Knock Off|[of] p1a: Landorus-Therian
|move|p2a: Breloom|Swords Dance|p2a: Breloom
|-boost|p2a: Breloom|atk|2
|
|-end|p1a: Landorus-Therian|move: Taunt
|turn|5
|
|move|p1a: Landorus-Therian|U-turn|p2a: Breloom
|-damage|p2a: Breloom|214\/323
|
|switch|p1a: Talonflame|Talonflame, F|297\/297
|-damage|p1a: Talonflame|149\/297|[from] Stealth Rock
|move|p2a: Breloom|Swords Dance|p2a: Breloom
|-boost|p2a: Breloom|atk|2
|
|turn|6
|
|switch|p2a: Gliscor|Gliscor, M|353\/353
|move|p1a: Talonflame|Brave Bird|p2a: Gliscor
|-damage|p2a: Gliscor|152\/353
|-damage|p1a: Talonflame|83\/297|[from] recoil|[of] p2a: Gliscor
|
|-status|p2a: Gliscor|tox|[from] item: Toxic Orb
|turn|7
|
|switch|p2a: Breloom|Breloom, F|214\/323
|move|p1a: Talonflame|Brave Bird|p2a: Breloom
|-supereffective|p2a: Breloom
|-damage|p2a: Breloom|0 fnt
|-damage|p1a: Talonflame|12\/297|[from] recoil|[of] p2a: Breloom
|faint|p2a: Breloom
|
|
|switch|p2a: Lopunny|Lopunny, F|271\/271
|turn|8
|
|switch|p1a: Landorus-Therian|Landorus-Therian, M|381\/381
|-damage|p1a: Landorus-Therian|334\/381|[from] Stealth Rock
|-ability|p1a: Landorus-Therian|Intimidate|[of] p2a: Lopunny
|-unboost|p2a: Lopunny|atk|1
|detailschange|p2a: Lopunny|Lopunny-Mega, F
|message|Lopunny has Mega Evolved into Mega Lopunny!
|move|p2a: Lopunny|Quick Attack|p1a: Landorus-Therian
|-damage|p1a: Landorus-Therian|295\/381
|
|-heal|p1a: Landorus-Therian|318\/381|[from] item: Leftovers
|turn|9
|
|switch|p2a: Gliscor|Gliscor, M|152\/353 tox
|move|p1a: Landorus-Therian|Stealth Rock|p2a: Gliscor
|-sidestart|p2: qways|move: Stealth Rock
|
|-heal|p1a: Landorus-Therian|341\/381|[from] item: Leftovers
|-heal|p2a: Gliscor|196\/353 tox|[from] ability: Poison Heal
|turn|10
|
|switch|p1a: Excadrill|Excadrill, M|361\/361
|-damage|p1a: Excadrill|350\/361|[from] Stealth Rock
|-ability|p1a: Excadrill|Mold Breaker
|move|p2a: Gliscor|Stone Edge|p1a: Excadrill
|-resisted|p1a: Excadrill
|-damage|p1a: Excadrill|314\/361
|
|-heal|p2a: Gliscor|240\/353 tox|[from] ability: Poison Heal
|turn|11
|
|move|p1a: Excadrill|Rapid Spin|p2a: Gliscor
|-damage|p2a: Gliscor|220\/353 tox
|-sideend|p1: TaisukeSan|Stealth Rock|[from] move: Rapid Spin|[of] p1a: Excadrill
|move|p2a: Gliscor|Swords Dance|p2a: Gliscor
|-boost|p2a: Gliscor|atk|2
|
|-heal|p2a: Gliscor|264\/353 tox|[from] ability: Poison Heal
|turn|12
|
|switch|p1a: Gyarados|Gyarados, F|393\/393
|-ability|p1a: Gyarados|Intimidate|[of] p2a: Gliscor
|-unboost|p2a: Gliscor|atk|1
|move|p2a: Gliscor|Agility|p2a: Gliscor
|-boost|p2a: Gliscor|spe|2
|
|-heal|p2a: Gliscor|308\/353 tox|[from] ability: Poison Heal
|turn|13
|
|switch|p1a: Landorus-Therian|Landorus-Therian, M|341\/381
|-ability|p1a: Landorus-Therian|Intimidate|[of] p2a: Gliscor
|-unboost|p2a: Gliscor|atk|1
|move|p2a: Gliscor|Swords Dance|p2a: Gliscor
|-boost|p2a: Gliscor|atk|2
|
|-heal|p1a: Landorus-Therian|364\/381|[from] item: Leftovers
|-heal|p2a: Gliscor|352\/353 tox|[from] ability: Poison Heal
|turn|14
|
|move|p2a: Gliscor|Swords Dance|p2a: Gliscor
|-boost|p2a: Gliscor|atk|2
|move|p1a: Landorus-Therian|U-turn|p2a: Gliscor
|-resisted|p2a: Gliscor
|-damage|p2a: Gliscor|318\/353 tox
|
|switch|p1a: Rotom-Wash|Rotom-Wash|303\/303
|
|-heal|p2a: Gliscor|353\/353 tox|[from] ability: Poison Heal
|turn|15
|
|move|p2a: Gliscor|Stone Edge|p1a: Rotom-Wash
|-damage|p1a: Rotom-Wash|11\/303
|move|p1a: Rotom-Wash|Pain Split|p2a: Gliscor
|-sethp|p2a: Gliscor|182\/353 tox|p1a: Rotom-Wash|182\/303|[from] move: Pain Split
|
|-heal|p1a: Rotom-Wash|200\/303|[from] item: Leftovers
|-heal|p2a: Gliscor|226\/353 tox|[from] ability: Poison Heal
|turn|16
|
|move|p2a: Gliscor|Stone Edge|p1a: Rotom-Wash
|-damage|p1a: Rotom-Wash|0 fnt
|faint|p1a: Rotom-Wash
|
|-heal|p2a: Gliscor|270\/353 tox|[from] ability: Poison Heal
|
|switch|p1a: Talonflame|Talonflame, F|12\/297
|turn|17
|
|move|p1a: Talonflame|Brave Bird|p2a: Gliscor
|-damage|p2a: Gliscor|75\/353 tox
|-damage|p1a: Talonflame|0 fnt|[from] recoil|[of] p2a: Gliscor
|faint|p1a: Talonflame
|move|p2a: Gliscor|Swords Dance|p2a: Gliscor
|-boost|p2a: Gliscor|atk|2
|
|-heal|p2a: Gliscor|119\/353 tox|[from] ability: Poison Heal
|
|switch|p1a: Excadrill|Excadrill, M|314\/361
|-ability|p1a: Excadrill|Mold Breaker
|turn|18
|
|move|p2a: Gliscor|Earthquake|p1a: Excadrill
|-supereffective|p1a: Excadrill
|-damage|p1a: Excadrill|0 fnt
|faint|p1a: Excadrill
|
|-heal|p2a: Gliscor|163\/353 tox|[from] ability: Poison Heal
|
|switch|p1a: Sceptile|Sceptile, M|281\/281
|turn|19
|
|detailschange|p1a: Sceptile|Sceptile-Mega, M
|message|Sceptile has Mega Evolved into Mega Sceptile!
|move|p2a: Gliscor|Earthquake|p1a: Sceptile
|-resisted|p1a: Sceptile
|-damage|p1a: Sceptile|0 fnt
|faint|p1a: Sceptile
|
|-heal|p2a: Gliscor|207\/353 tox|[from] ability: Poison Heal
|-message|TaisukeSan forfeited.
|
|win|qways
|raw|Ladder updating...
|leave|TaisukeSan
|player|p1
|raw|TaisukeSan's rating: 1565 &rarr; <strong>1544<\/strong><br \/>(-21 for losing)
|raw|qways's rating: 1541 &rarr; <strong>1562<\/strong><br \/>(+21 for winning)