|join|sinclair-mandzo
|join|qways
|player|p1|sinclair-mandzo|147
|player|p2|qways|170
|gametype|singles
|gen|6
|tier|OU
|rated
|clearpoke
|poke|p1|Metagross
|poke|p1|Keldeo
|poke|p1|Raikou
|poke|p1|Landorus-Therian, M
|poke|p1|Gengar, F
|poke|p1|Garchomp, F
|poke|p2|Infernape, M
|poke|p2|Lopunny, M
|poke|p2|Scizor, M
|poke|p2|Jolteon, M
|poke|p2|Breloom, M
|poke|p2|Tyranitar, M
|rule|Swagger Clause: Swagger is banned
|rule|Baton Pass Clause: Limit one PokÃ©mon knowing Baton Pass
|rule|Sleep Clause Mod: Limit one foe put to sleep
|rule|Species Clause: Limit one of each PokÃ©mon
|rule|OHKO Clause: OHKO moves are banned
|rule|Moody Clause: Moody is banned
|rule|Evasion Moves Clause: Evasion moves are banned
|rule|Endless Battle Clause: Forcing endless battles is banned
|rule|HP Percentage Mod: HP is shown in percentages
|teampreview
|
|start
|switch|p1a: Garchomp|Garchomp, F|358\/358
|switch|p2a: Infernape|Infernape, M|293\/293
|turn|1
|
|move|p2a: Infernape|Taunt|p1a: Garchomp
|-start|p1a: Garchomp|move: Taunt
|cant|p1a: Garchomp|move: Taunt|Stealth Rock
|
|turn|2
|
|move|p2a: Infernape|Stealth Rock|p1a: Garchomp
|-sidestart|p1: sinclair-mandzo|move: Stealth Rock
|move|p1a: Garchomp|Earthquake|p2a: Infernape
|-supereffective|p2a: Infernape
|-enditem|p2a: Infernape|Focus Sash
|-damage|p2a: Infernape|1\/293
|
|turn|3
|
|move|p2a: Infernape|Close Combat|p1a: Garchomp
|-damage|p1a: Garchomp|178\/358
|-damage|p2a: Infernape|0 fnt|[from] ability: Rough Skin|[of] p1a: Garchomp
|faint|p2a: Infernape
|move|p1a: Garchomp|Earthquake|p2: Infernape|[notarget]
|-notarget
|
|-end|p1a: Garchomp|move: Taunt
|
|switch|p2a: Jolteon|Jolteon, M|271\/271
|turn|4
|
|switch|p1a: Raikou|Raikou|321\/321
|-damage|p1a: Raikou|281\/321|[from] Stealth Rock
|-ability|p1a: Raikou|Pressure
|move|p2a: Jolteon|Hidden Power|p1a: Raikou
|-damage|p1a: Raikou|239\/321
|
|turn|5
|
|move|p2a: Jolteon|Shadow Ball|p1a: Raikou
|-damage|p1a: Raikou|181\/321
|move|p1a: Raikou|Volt Switch|p2a: Jolteon
|-immune|p2a: Jolteon|[msg]
|
|turn|6
|
|move|p2a: Jolteon|Shadow Ball|p1a: Raikou
|-damage|p1a: Raikou|126\/321
|-unboost|p1a: Raikou|spd|1
|move|p1a: Raikou|Shadow Ball|p2a: Jolteon
|-damage|p2a: Jolteon|211\/271
|
|turn|7
|
|switch|p1a: Landorus-Therian|Landorus-Therian, M|319\/319
|-damage|p1a: Landorus-Therian|280\/319|[from] Stealth Rock
|-ability|p1a: Landorus-Therian|Intimidate|[of] p2a: Jolteon
|-unboost|p2a: Jolteon|atk|1
|move|p2a: Jolteon|Shadow Ball|p1a: Landorus-Therian
|-damage|p1a: Landorus-Therian|183\/319
|
|turn|8
|
|switch|p2a: Scizor|Scizor, M|343\/343
|move|p1a: Landorus-Therian|Earthquake|p2a: Scizor
|-damage|p2a: Scizor|144\/343
|
|turn|9
|
|switch|p1a: Metagross|Metagross|301\/301
|-damage|p1a: Metagross|283\/301|[from] Stealth Rock
|move|p2a: Scizor|Bullet Punch|p1a: Metagross
|-resisted|p1a: Metagross
|-damage|p1a: Metagross|211\/301
|
|turn|10
|
|detailschange|p1a: Metagross|Metagross-Mega
|message|Metagross has Mega Evolved into Mega Metagross!
|move|p2a: Scizor|Bullet Punch|p1a: Metagross
|-resisted|p1a: Metagross
|-damage|p1a: Metagross|150\/301
|move|p1a: Metagross|Pursuit|p2a: Scizor
|-damage|p2a: Scizor|75\/343
|
|turn|11
|
|switch|p1a: Keldeo|Keldeo|323\/323
|-damage|p1a: Keldeo|303\/323|[from] Stealth Rock
|move|p2a: Scizor|Bullet Punch|p1a: Keldeo
|-resisted|p1a: Keldeo
|-damage|p1a: Keldeo|199\/323
|
|-heal|p1a: Keldeo|219\/323|[from] item: Leftovers
|turn|12
|
|move|p2a: Scizor|Bullet Punch|p1a: Keldeo
|-resisted|p1a: Keldeo
|-damage|p1a: Keldeo|117\/323
|move|p1a: Keldeo|Calm Mind|p1a: Keldeo
|-boost|p1a: Keldeo|spa|1
|-boost|p1a: Keldeo|spd|1
|
|-heal|p1a: Keldeo|137\/323|[from] item: Leftovers
|turn|13
|
|move|p2a: Scizor|Bullet Punch|p1a: Keldeo
|-resisted|p1a: Keldeo
|-damage|p1a: Keldeo|35\/323
|move|p1a: Keldeo|Scald|p2a: Scizor
|-damage|p2a: Scizor|0 fnt
|faint|p2a: Scizor
|
|-heal|p1a: Keldeo|55\/323|[from] item: Leftovers
|
|switch|p2a: Jolteon|Jolteon, M|211\/271
|turn|14
|
|switch|p1a: Landorus-Therian|Landorus-Therian, M|183\/319
|-damage|p1a: Landorus-Therian|144\/319|[from] Stealth Rock
|-ability|p1a: Landorus-Therian|Intimidate|[of] p2a: Jolteon
|-unboost|p2a: Jolteon|atk|1
|move|p2a: Jolteon|Shadow Ball|p1a: Landorus-Therian
|-crit|p1a: Landorus-Therian
|-damage|p1a: Landorus-Therian|0 fnt
|faint|p1a: Landorus-Therian
|
|c|âsinclair-mandzo|ofc
|-message|sinclair-mandzo forfeited.
|
|win|qways
|raw|Ladder updating...
|leave|sinclair-mandzo
|player|p1
|raw|sinclair-mandzo's rating: 1798 &rarr; <strong>1778<\/strong><br \/>(-20 for losing)
|raw|qways's rating: 1795 &rarr; <strong>1815<\/strong><br \/>(+20 for winning)