|join|TRICKING
|join|qways
|player|p1|TRICKING|265
|player|p2|qways|1
|gametype|singles
|gen|6
|tier|OU
|rated
|clearpoke
|poke|p1|Metagross
|poke|p1|Greninja, F
|poke|p1|Garchomp, F
|poke|p1|Landorus-Therian, M
|poke|p1|Breloom, F
|poke|p1|Gengar, M
|poke|p2|Infernape, F
|poke|p2|Lopunny, M
|poke|p2|Scizor, M
|poke|p2|Jolteon, F
|poke|p2|Breloom, M
|poke|p2|Gliscor, M
|rule|Swagger Clause: Swagger is banned
|rule|Baton Pass Clause: Limit one PokÃ©mon knowing Baton Pass
|rule|Sleep Clause Mod: Limit one foe put to sleep
|rule|Species Clause: Limit one of each PokÃ©mon
|rule|OHKO Clause: OHKO moves are banned
|rule|Moody Clause: Moody is banned
|rule|Evasion Moves Clause: Evasion moves are banned
|rule|Endless Battle Clause: Forcing endless battles is banned
|rule|HP Percentage Mod: HP is shown in percentages
|teampreview
|
|start
|switch|p1a: Garchomp|Garchomp, F|357\/357
|switch|p2a: Infernape|Infernape, F|293\/293
|turn|1
|
|move|p2a: Infernape|Taunt|p1a: Garchomp
|-start|p1a: Garchomp|move: Taunt
|move|p1a: Garchomp|Earthquake|p2a: Infernape
|-supereffective|p2a: Infernape
|-enditem|p2a: Infernape|Focus Sash
|-damage|p2a: Infernape|1\/293
|
|turn|2
|
|move|p2a: Infernape|Stealth Rock|p1a: Garchomp
|-sidestart|p1: TRICKING|move: Stealth Rock
|move|p1a: Garchomp|Earthquake|p2a: Infernape
|-supereffective|p2a: Infernape
|-damage|p2a: Infernape|0 fnt
|faint|p2a: Infernape
|
|
|switch|p2a: Jolteon|Jolteon, F|271\/271
|turn|3
|
|switch|p1a: Metagross|Metagross|301\/301
|-damage|p1a: Metagross|283\/301|[from] Stealth Rock
|move|p2a: Jolteon|Hidden Power|p1a: Metagross
|-resisted|p1a: Metagross
|-damage|p1a: Metagross|250\/301
|
|turn|4
|
|detailschange|p1a: Metagross|Metagross-Mega
|message|Metagross has Mega Evolved into Mega Metagross!
|move|p2a: Jolteon|Volt Switch|p1a: Metagross
|-damage|p1a: Metagross|142\/301
|
|switch|p2a: Scizor|Scizor, M|343\/343
|move|p1a: Metagross|Zen Headbutt|p2a: Scizor
|-resisted|p2a: Scizor
|-damage|p2a: Scizor|234\/343
|
|turn|5
|
|move|p1a: Metagross|Meteor Mash|p2a: Scizor
|-resisted|p2a: Scizor
|-damage|p2a: Scizor|117\/343
|move|p2a: Scizor|U-turn|p1a: Metagross
|-damage|p1a: Metagross|0 fnt
|faint|p1a: Metagross
|
|switch|p2a: Jolteon|Jolteon, F|271\/271
|
|join|Prankster
|c| Prankster|hi
|join|Emma Bae
|leave|Emma Bae
|c|âTRICKING|hi
|
|switch|p1a: Landorus-Therian|Landorus-Therian, M|319\/319
|-damage|p1a: Landorus-Therian|280\/319|[from] Stealth Rock
|-ability|p1a: Landorus-Therian|Intimidate|[of] p2a: Jolteon
|-unboost|p2a: Jolteon|atk|1
|turn|6
|join|silver99
|join|Omegasization
|
|switch|p2a: Breloom|Breloom, M|323\/323
|move|p1a: Landorus-Therian|U-turn|p2a: Breloom
|-damage|p2a: Breloom|246\/323
|join|Kushalos
|
|switch|p1a: Gengar|Gengar, M|262\/262
|-damage|p1a: Gengar|230\/262|[from] Stealth Rock
|
|-status|p2a: Breloom|tox|[from] item: Toxic Orb
|turn|7
|c|âqways|why so many stalker
|
|switch|p2a: Jolteon|Jolteon, F|271\/271
|move|p1a: Gengar|Substitute|p1a: Gengar
|-start|p1a: Gengar|Substitute
|-damage|p1a: Gengar|165\/262
|
|turn|8
|
|move|p2a: Jolteon|Shadow Ball|p1a: Gengar
|-supereffective|p1a: Gengar
|-end|p1a: Gengar|Substitute
|move|p1a: Gengar|Sludge Wave|p2a: Jolteon
|-damage|p2a: Jolteon|106\/271
|-damage|p1a: Gengar|139\/262|[from] item: Life Orb
|
|turn|9
|
|switch|p1a: Breloom|Breloom, F|261\/261
|-damage|p1a: Breloom|245\/261|[from] Stealth Rock
|move|p2a: Jolteon|Shadow Ball|p1a: Breloom
|-damage|p1a: Breloom|127\/261
|
|turn|10
|
|switch|p2a: Breloom|Breloom, M|246\/323 tox
|move|p1a: Breloom|Spore|p2a: Breloom
|-fail|p2a: Breloom
|
|-heal|p2a: Breloom|286\/323 tox|[from] ability: Poison Heal
|turn|11
|
|switch|p1a: Gengar|Gengar, M|139\/262
|-damage|p1a: Gengar|107\/262|[from] Stealth Rock
|move|p2a: Breloom|Swords Dance|p2a: Breloom
|-boost|p2a: Breloom|atk|2
|
|-heal|p2a: Breloom|323\/323 tox|[from] ability: Poison Heal
|turn|12
|
|switch|p2a: Scizor|Scizor, M|117\/343
|move|p1a: Gengar|Sludge Wave|p2a: Scizor
|-immune|p2a: Scizor|[msg]
|
|turn|13
|
|switch|p1a: Garchomp|Garchomp, F|357\/357
|-damage|p1a: Garchomp|335\/357|[from] Stealth Rock
|move|p2a: Scizor|Bullet Punch|p1a: Garchomp
|-damage|p1a: Garchomp|158\/357
|-damage|p2a: Scizor|75\/343|[from] ability: Rough Skin|[of] p1a: Garchomp
|
|turn|14
|join|jake5
|
|switch|p1a: Landorus-Therian|Landorus-Therian, M|280\/319
|-damage|p1a: Landorus-Therian|241\/319|[from] Stealth Rock
|-ability|p1a: Landorus-Therian|Intimidate|[of] p2a: Scizor
|-unboost|p2a: Scizor|atk|1
|move|p2a: Scizor|Bullet Punch|p1a: Landorus-Therian
|-damage|p1a: Landorus-Therian|111\/319
|
|turn|15
|
|switch|p1a: Greninja|Greninja, F|285\/285
|-damage|p1a: Greninja|250\/285|[from] Stealth Rock
|move|p2a: Scizor|Bullet Punch|p1a: Greninja
|-resisted|p1a: Greninja
|-damage|p1a: Greninja|157\/285
|
|turn|16
|c|âTRICKING|fuck these damages
|
|switch|p2a: Gliscor|Gliscor, M|353\/353
|move|p1a: Greninja|Ice Beam|p2a: Gliscor
|-start|p1a: Greninja|typechange|Ice|[from] Protean
|-supereffective|p2a: Gliscor
|-damage|p2a: Gliscor|0 fnt
|-damage|p1a: Greninja|129\/285|[from] item: Life Orb
|faint|p2a: Gliscor
|
|c| silver99|wow
|
|switch|p2a: Jolteon|Jolteon, F|106\/271
|turn|17
|
|switch|p1a: Landorus-Therian|Landorus-Therian, M|111\/319
|-damage|p1a: Landorus-Therian|72\/319|[from] Stealth Rock
|-ability|p1a: Landorus-Therian|Intimidate|[of] p2a: Jolteon
|-unboost|p2a: Jolteon|atk|1
|move|p2a: Jolteon|Shadow Ball|p1a: Landorus-Therian
|-damage|p1a: Landorus-Therian|0 fnt
|faint|p1a: Landorus-Therian
|
|
|switch|p1a: Breloom|Breloom, F|127\/261
|-damage|p1a: Breloom|111\/261|[from] Stealth Rock
|turn|18
|
|switch|p2a: Breloom|Breloom, M|323\/323 tox
|switch|p1a: Gengar|Gengar, M|107\/262
|-damage|p1a: Gengar|75\/262|[from] Stealth Rock
|
|turn|19
|
|switch|p2a: Lopunny|Lopunny, M|271\/271
|move|p1a: Gengar|Shadow Ball|p2a: Lopunny
|-immune|p2a: Lopunny|[msg]
|
|turn|20
|
|switch|p1a: Garchomp|Garchomp, F|158\/357
|-damage|p1a: Garchomp|136\/357|[from] Stealth Rock
|detailschange|p2a: Lopunny|Lopunny-Mega, M
|message|Lopunny has Mega Evolved into Mega Lopunny!
|move|p2a: Lopunny|Quick Attack|p1a: Garchomp
|-damage|p1a: Garchomp|54\/357
|-damage|p2a: Lopunny|238\/271|[from] ability: Rough Skin|[of] p1a: Garchomp
|
|turn|21
|
|move|p2a: Lopunny|Quick Attack|p1a: Garchomp
|-damage|p1a: Garchomp|0 fnt
|-damage|p2a: Lopunny|205\/271|[from] ability: Rough Skin|[of] p1a: Garchomp
|faint|p1a: Garchomp
|
|
|switch|p1a: Breloom|Breloom, F|111\/261
|-damage|p1a: Breloom|95\/261|[from] Stealth Rock
|turn|22
|
|move|p2a: Lopunny|Quick Attack|p1a: Breloom
|-damage|p1a: Breloom|2\/261
|move|p1a: Breloom|Swords Dance|p1a: Breloom
|-boost|p1a: Breloom|atk|2
|
|turn|23
|c|âTRICKING|rip
|c| jake5|lol
|-message|TRICKING forfeited.
|
|win|qways
|raw|Ladder updating...
|raw|TRICKING's rating: 1761 &rarr; <strong>1738<\/strong><br \/>(-23 for losing)
|raw|qways's rating: 1718 &rarr; <strong>1740<\/strong><br \/>(+22 for winning)