|join|TaisukeSan
|join|qways
|player|p1|TaisukeSan|102
|player|p2|qways|169
|gametype|singles
|gen|6
|tier|OU
|rated
|clearpoke
|poke|p1|Sceptile, M
|poke|p1|Rotom-Wash
|poke|p1|Landorus-Therian, M
|poke|p1|Talonflame, F
|poke|p1|Excadrill, M
|poke|p1|Gyarados, F
|poke|p2|Infernape, F
|poke|p2|Lopunny, F
|poke|p2|Scizor, M
|poke|p2|Jolteon, F
|poke|p2|Breloom, M
|poke|p2|Gliscor, M
|rule|Swagger Clause: Swagger is banned
|rule|Baton Pass Clause: Limit one PokÃ©mon knowing Baton Pass
|rule|Sleep Clause Mod: Limit one foe put to sleep
|rule|Species Clause: Limit one of each PokÃ©mon
|rule|OHKO Clause: OHKO moves are banned
|rule|Moody Clause: Moody is banned
|rule|Evasion Moves Clause: Evasion moves are banned
|rule|Endless Battle Clause: Forcing endless battles is banned
|rule|HP Percentage Mod: HP is shown in percentages
|teampreview
|
|start
|switch|p1a: Landorus-Therian|Landorus-Therian, M|381\/381
|switch|p2a: Infernape|Infernape, F|293\/293
|-ability|p1a: Landorus-Therian|Intimidate|[of] p2a: Infernape
|-unboost|p2a: Infernape|atk|1
|turn|1
|
|move|p2a: Infernape|Fake Out|p1a: Landorus-Therian
|-damage|p1a: Landorus-Therian|358\/381
|cant|p1a: Landorus-Therian|flinch
|
|-heal|p1a: Landorus-Therian|381\/381|[from] item: Leftovers
|turn|2
|
|move|p2a: Infernape|Taunt|p1a: Landorus-Therian
|-start|p1a: Landorus-Therian|move: Taunt
|move|p1a: Landorus-Therian|Knock Off|p2a: Infernape
|-resisted|p2a: Infernape
|-damage|p2a: Infernape|221\/293
|-enditem|p2a: Infernape|Focus Sash|[from] move: Knock Off|[of] p1a: Landorus-Therian
|
|turn|3
|
|move|p2a: Infernape|Stealth Rock|p1a: Landorus-Therian
|-sidestart|p1: TaisukeSan|move: Stealth Rock
|move|p1a: Landorus-Therian|Knock Off|p2a: Infernape
|-resisted|p2a: Infernape
|-damage|p2a: Infernape|175\/293
|
|turn|4
|
|switch|p2a: Lopunny|Lopunny, F|271\/271
|move|p1a: Landorus-Therian|Earthquake|p2a: Lopunny
|-damage|p2a: Lopunny|84\/271
|
|-end|p1a: Landorus-Therian|move: Taunt
|turn|5
|
|switch|p1a: Gyarados|Gyarados, F|393\/393
|-damage|p1a: Gyarados|295\/393|[from] Stealth Rock
|-ability|p1a: Gyarados|Intimidate|[of] p2a: Lopunny
|-unboost|p2a: Lopunny|atk|1
|detailschange|p2a: Lopunny|Lopunny-Mega, F
|message|Lopunny has Mega Evolved into Mega Lopunny!
|move|p2a: Lopunny|Return|p1a: Gyarados
|-damage|p1a: Gyarados|186\/393
|
|-heal|p1a: Gyarados|210\/393|[from] item: Leftovers
|turn|6
|
|switch|p2a: Breloom|Breloom, M|323\/323
|switch|p1a: Landorus-Therian|Landorus-Therian, M|381\/381
|-damage|p1a: Landorus-Therian|334\/381|[from] Stealth Rock
|-ability|p1a: Landorus-Therian|Intimidate|[of] p2a: Breloom
|-unboost|p2a: Breloom|atk|1
|
|-heal|p1a: Landorus-Therian|357\/381|[from] item: Leftovers
|-status|p2a: Breloom|tox|[from] item: Toxic Orb
|turn|7
|
|move|p1a: Landorus-Therian|Stealth Rock|p2a: Breloom
|-sidestart|p2: qways|move: Stealth Rock
|move|p2a: Breloom|Swords Dance|p2a: Breloom
|-boost|p2a: Breloom|atk|2
|
|-heal|p1a: Landorus-Therian|380\/381|[from] item: Leftovers
|turn|8
|
|move|p1a: Landorus-Therian|U-turn|p2a: Breloom
|-damage|p2a: Breloom|255\/323 tox
|
|switch|p1a: Excadrill|Excadrill, M|361\/361
|-damage|p1a: Excadrill|350\/361|[from] Stealth Rock
|-ability|p1a: Excadrill|Mold Breaker
|move|p2a: Breloom|Swords Dance|p2a: Breloom
|-boost|p2a: Breloom|atk|2
|
|-heal|p2a: Breloom|295\/323 tox|[from] ability: Poison Heal
|turn|9
|
|switch|p1a: Rotom-Wash|Rotom-Wash|303\/303
|-damage|p1a: Rotom-Wash|266\/303|[from] Stealth Rock
|move|p2a: Breloom|Mach Punch|p1a: Rotom-Wash
|-damage|p1a: Rotom-Wash|122\/303
|
|-heal|p1a: Rotom-Wash|140\/303|[from] item: Leftovers
|-heal|p2a: Breloom|323\/323 tox|[from] ability: Poison Heal
|turn|10
|
|move|p1a: Rotom-Wash|Pain Split|p2a: Breloom
|-sethp|p2a: Breloom|231\/323 tox|p1a: Rotom-Wash|231\/303|[from] move: Pain Split
|move|p2a: Breloom|Seed Bomb|p1a: Rotom-Wash
|-supereffective|p1a: Rotom-Wash
|-damage|p1a: Rotom-Wash|0 fnt
|faint|p1a: Rotom-Wash
|
|-heal|p2a: Breloom|271\/323 tox|[from] ability: Poison Heal
|
|switch|p1a: Talonflame|Talonflame, F|297\/297
|-damage|p1a: Talonflame|149\/297|[from] Stealth Rock
|turn|11
|
|switch|p2a: Gliscor|Gliscor, M|353\/353
|-damage|p2a: Gliscor|309\/353|[from] Stealth Rock
|move|p1a: Talonflame|Brave Bird|p2a: Gliscor
|-damage|p2a: Gliscor|104\/353
|-damage|p1a: Talonflame|81\/297|[from] recoil|[of] p2a: Gliscor
|
|-status|p2a: Gliscor|tox|[from] item: Toxic Orb
|turn|12
|
|move|p1a: Talonflame|Brave Bird|p2a: Gliscor
|-damage|p2a: Gliscor|0 fnt
|-damage|p1a: Talonflame|47\/297|[from] recoil|[of] p2a: Gliscor
|faint|p2a: Gliscor
|
|
|switch|p2a: Lopunny|Lopunny-Mega, F|84\/271
|-damage|p2a: Lopunny|68\/271|[from] Stealth Rock
|turn|13
|
|switch|p1a: Landorus-Therian|Landorus-Therian, M|380\/381
|-damage|p1a: Landorus-Therian|333\/381|[from] Stealth Rock
|-ability|p1a: Landorus-Therian|Intimidate|[of] p2a: Lopunny
|-unboost|p2a: Lopunny|atk|1
|move|p2a: Lopunny|Quick Attack|p1a: Landorus-Therian
|-damage|p1a: Landorus-Therian|294\/381
|
|-heal|p1a: Landorus-Therian|317\/381|[from] item: Leftovers
|turn|14
|
|switch|p1a: Excadrill|Excadrill, M|350\/361
|-damage|p1a: Excadrill|339\/361|[from] Stealth Rock
|-ability|p1a: Excadrill|Mold Breaker
|move|p2a: Lopunny|Return|p1a: Excadrill
|-resisted|p1a: Excadrill
|-damage|p1a: Excadrill|241\/361
|
|turn|15
|
|move|p1a: Excadrill|Rapid Spin|p2a: Lopunny
|-damage|p2a: Lopunny|42\/271
|-sideend|p1: TaisukeSan|Stealth Rock|[from] move: Rapid Spin|[of] p1a: Excadrill
|move|p2a: Lopunny|High Jump Kick|p1a: Excadrill
|-crit|p1a: Excadrill
|-supereffective|p1a: Excadrill
|-damage|p1a: Excadrill|0 fnt
|faint|p1a: Excadrill
|
|
|switch|p1a: Sceptile|Sceptile, M|281\/281
|turn|16
|
|detailschange|p1a: Sceptile|Sceptile-Mega, M
|message|Sceptile has Mega Evolved into Mega Sceptile!
|move|p2a: Lopunny|High Jump Kick|p1a: Sceptile|[miss]
|-miss|p2a: Lopunny|p1a: Sceptile
|-damage|p2a: Lopunny|0 fnt|[from] highjumpkick
|faint|p2a: Lopunny
|move|p1a: Sceptile|Giga Drain|p2: Lopunny|[notarget]
|-notarget
|
|
|switch|p2a: Jolteon|Jolteon, F|271\/271
|-damage|p2a: Jolteon|238\/271|[from] Stealth Rock
|turn|17
|
|switch|p1a: Gyarados|Gyarados, F|210\/393
|-ability|p1a: Gyarados|Intimidate|[of] p2a: Jolteon
|-unboost|p2a: Jolteon|atk|1
|move|p2a: Jolteon|Hidden Power|p1a: Gyarados
|-damage|p1a: Gyarados|143\/393
|
|-heal|p1a: Gyarados|167\/393|[from] item: Leftovers
|turn|18
|
|move|p2a: Jolteon|Thunderbolt|p1a: Gyarados
|-supereffective|p1a: Gyarados
|-damage|p1a: Gyarados|0 fnt
|faint|p1a: Gyarados
|
|
|switch|p1a: Talonflame|Talonflame, F|47\/297
|turn|19
|
|switch|p2a: Breloom|Breloom, M|271\/323 tox
|-damage|p2a: Breloom|251\/323 tox|[from] Stealth Rock
|switch|p1a: Sceptile|Sceptile-Mega, M|281\/281
|
|-heal|p2a: Breloom|291\/323 tox|[from] ability: Poison Heal
|turn|20
|
|move|p1a: Sceptile|Dragon Pulse|p2a: Breloom
|-damage|p2a: Breloom|39\/323 tox
|move|p2a: Breloom|Swords Dance|p2a: Breloom
|-boost|p2a: Breloom|atk|2
|
|-heal|p2a: Breloom|79\/323 tox|[from] ability: Poison Heal
|turn|21
|
|move|p2a: Breloom|Mach Punch|p1a: Sceptile
|-damage|p1a: Sceptile|122\/281
|move|p1a: Sceptile|Dragon Pulse|p2a: Breloom
|-damage|p2a: Breloom|0 fnt
|faint|p2a: Breloom
|
|
|switch|p2a: Jolteon|Jolteon, F|238\/271
|-damage|p2a: Jolteon|205\/271|[from] Stealth Rock
|turn|22
|
|move|p1a: Sceptile|Dragon Pulse|p2a: Jolteon
|-damage|p2a: Jolteon|88\/271
|move|p2a: Jolteon|Hidden Power|p1a: Sceptile
|-supereffective|p1a: Sceptile
|-damage|p1a: Sceptile|0 fnt
|faint|p1a: Sceptile
|
|
|switch|p1a: Talonflame|Talonflame, F|47\/297
|turn|23
|
|switch|p2a: Infernape|Infernape, F|175\/293
|-damage|p2a: Infernape|139\/293|[from] Stealth Rock
|move|p1a: Talonflame|Brave Bird|p2a: Infernape
|-supereffective|p2a: Infernape
|-damage|p2a: Infernape|0 fnt
|-damage|p1a: Talonflame|1\/297|[from] recoil|[of] p2a: Infernape
|faint|p2a: Infernape
|
|
|switch|p2a: Scizor|Scizor, M|343\/343
|-damage|p2a: Scizor|301\/343|[from] Stealth Rock
|turn|24
|
|switch|p1a: Landorus-Therian|Landorus-Therian, M|317\/381
|-ability|p1a: Landorus-Therian|Intimidate|[of] p2a: Scizor
|-unboost|p2a: Scizor|atk|1
|move|p2a: Scizor|Bullet Punch|p1a: Landorus-Therian
|-damage|p1a: Landorus-Therian|226\/381
|
|-heal|p1a: Landorus-Therian|249\/381|[from] item: Leftovers
|turn|25
|
|move|p2a: Scizor|Bullet Punch|p1a: Landorus-Therian
|-damage|p1a: Landorus-Therian|153\/381
|move|p1a: Landorus-Therian|Earthquake|p2a: Scizor
|-damage|p2a: Scizor|130\/343
|
|-heal|p1a: Landorus-Therian|176\/381|[from] item: Leftovers
|turn|26
|
|move|p2a: Scizor|Bullet Punch|p1a: Landorus-Therian
|-damage|p1a: Landorus-Therian|91\/381
|move|p1a: Landorus-Therian|Earthquake|p2a: Scizor
|-crit|p2a: Scizor
|-damage|p2a: Scizor|0 fnt
|faint|p2a: Scizor
|
|-heal|p1a: Landorus-Therian|114\/381|[from] item: Leftovers
|
|switch|p2a: Jolteon|Jolteon, F|88\/271
|-damage|p2a: Jolteon|55\/271|[from] Stealth Rock
|turn|27
|
|move|p2a: Jolteon|Hidden Power|p1a: Landorus-Therian
|-supereffective|p1a: Landorus-Therian
|-damage|p1a: Landorus-Therian|0 fnt
|faint|p1a: Landorus-Therian
|
|
|switch|p1a: Talonflame|Talonflame, F|1\/297
|turn|28
|
|move|p1a: Talonflame|Brave Bird|p2a: Jolteon
|-resisted|p2a: Jolteon
|-damage|p2a: Jolteon|0 fnt
|-damage|p1a: Talonflame|0 fnt|[from] recoil|[of] p2a: Jolteon
|faint|p2a: Jolteon
|faint|p1a: Talonflame
|
|win|TaisukeSan
|raw|Ladder updating...
|raw|TaisukeSan's rating: 1568 &rarr; <strong>1590<\/strong><br \/>(+22 for winning)
|raw|qways's rating: 1614 &rarr; <strong>1592<\/strong><br \/>(-22 for losing)