|join|qways
|join|Downward Dog
|player|p1|qways|265
|player|p2|Downward Dog|184
|gametype|singles
|gen|6
|tier|OU
|rated
|clearpoke
|poke|p1|Infernape, M
|poke|p1|Lopunny, F
|poke|p1|Scizor, M
|poke|p1|Jolteon, M
|poke|p1|Breloom, M
|poke|p1|Gliscor, F
|poke|p2|Empoleon, F
|poke|p2|Tyranitar, M
|poke|p2|Charizard, F
|poke|p2|Keldeo
|poke|p2|Kyurem-Black
|poke|p2|Landorus-Therian, M
|rule|Swagger Clause: Swagger is banned
|rule|Baton Pass Clause: Limit one PokÃ©mon knowing Baton Pass
|rule|Sleep Clause Mod: Limit one foe put to sleep
|rule|Species Clause: Limit one of each PokÃ©mon
|rule|OHKO Clause: OHKO moves are banned
|rule|Moody Clause: Moody is banned
|rule|Evasion Moves Clause: Evasion moves are banned
|rule|Endless Battle Clause: Forcing endless battles is banned
|rule|HP Percentage Mod: HP is shown in percentages
|teampreview
|
|start
|switch|p1a: Infernape|Infernape, M|293\/293
|switch|p2a: Landorus-Therian|Landorus-Therian, M|319\/319
|-ability|p2a: Landorus-Therian|Intimidate|[of] p1a: Infernape
|-unboost|p1a: Infernape|atk|1
|turn|1
|
|move|p1a: Infernape|Fake Out|p2a: Landorus-Therian
|-damage|p2a: Landorus-Therian|289\/319
|cant|p2a: Landorus-Therian|flinch
|
|turn|2
|
|move|p2a: Landorus-Therian|U-turn|p1a: Infernape
|-resisted|p1a: Infernape
|-damage|p1a: Infernape|265\/293
|
|switch|p2a: Keldeo|Keldeo|323\/323
|move|p1a: Infernape|Stealth Rock|p2a: Keldeo
|-sidestart|p2: Downward Dog|move: Stealth Rock
|
|turn|3
|
|switch|p1a: Breloom|Breloom, M|323\/323
|move|p2a: Keldeo|Scald|p1a: Breloom
|-resisted|p1a: Breloom
|-damage|p1a: Breloom|176\/323
|
|-status|p1a: Breloom|tox|[from] item: Toxic Orb
|turn|4
|join|dj4u
|join|Peter1306
|
|switch|p2a: Empoleon|Empoleon, F|371\/371
|-damage|p2a: Empoleon|348\/371|[from] Stealth Rock
|move|p1a: Breloom|Spore|p2a: Empoleon
|-status|p2a: Empoleon|slp
|
|-heal|p2a: Empoleon|371\/371 slp|[from] item: Leftovers
|-heal|p1a: Breloom|216\/323 tox|[from] ability: Poison Heal
|turn|5
|
|switch|p2a: Charizard|Charizard, F|297\/297
|-damage|p2a: Charizard|149\/297|[from] Stealth Rock
|move|p1a: Breloom|Swords Dance|p1a: Breloom
|-boost|p1a: Breloom|atk|2
|
|-heal|p1a: Breloom|256\/323 tox|[from] ability: Poison Heal
|turn|6
|c| Peter1306|oi dj4u
|c| Peter1306|hi dj4u
|
|switch|p1a: Jolteon|Jolteon, M|271\/271
|detailschange|p2a: Charizard|Charizard-Mega-Y, F
|message|Charizard has Mega Evolved into Mega Charizard!
|-weather|SunnyDay
|move|p2a: Charizard|Fire Blast|p1a: Jolteon
|-damage|p1a: Jolteon|28\/271
|
|-weather|SunnyDay|[upkeep]
|turn|7
|c|âDownward Dog|o_O
|c|âDownward Dog|AV
|c|âDownward Dog|jolteon
|c|âDownward Dog|wtf
|c|âDownward Dog|raikou just outclasses
|
|switch|p2a: Tyranitar|Tyranitar, M|382\/382
|-damage|p2a: Tyranitar|335\/382|[from] Stealth Rock
|-weather|Sandstorm
|move|p1a: Jolteon|Thunderbolt|p2a: Tyranitar
|-damage|p2a: Tyranitar|241\/382
|
|-weather|Sandstorm|[upkeep]
|-damage|p1a: Jolteon|12\/271|[from] sandstorm
|turn|8
|
|move|p1a: Jolteon|Volt Switch|p2a: Tyranitar
|-damage|p2a: Tyranitar|174\/382
|c| Peter1306|yes dowfard dog
|
|move|p2a: Tyranitar|Pursuit|p1a: Jolteon|[from]Pursuit
|-damage|p1a: Jolteon|0 fnt
|faint|p1a: Jolteon
|
|-weather|Sandstorm|[upkeep]
|c| Peter1306|lets go of victory
|
|switch|p1a: Breloom|Breloom, M|256\/323 tox
|turn|9
|
|switch|p2a: Landorus-Therian|Landorus-Therian, M|289\/319
|-damage|p2a: Landorus-Therian|250\/319|[from] Stealth Rock
|-ability|p2a: Landorus-Therian|Intimidate|[of] p1a: Breloom
|-unboost|p1a: Breloom|atk|1
|move|p1a: Breloom|Swords Dance|p1a: Breloom
|-boost|p1a: Breloom|atk|2
|
|-weather|Sandstorm|[upkeep]
|-damage|p1a: Breloom|236\/323 tox|[from] sandstorm
|-heal|p1a: Breloom|276\/323 tox|[from] ability: Poison Heal
|turn|10
|c|âqways|raikou lacks volt absorb
|
|move|p2a: Landorus-Therian|Explosion|p1a: Breloom
|-damage|p1a: Breloom|31\/323 tox
|faint|p2a: Landorus-Therian
|move|p1a: Breloom|Swords Dance|p1a: Breloom
|-boost|p1a: Breloom|atk|2
|
|-weather|Sandstorm|[upkeep]
|-damage|p1a: Breloom|11\/323 tox|[from] sandstorm
|-heal|p1a: Breloom|51\/323 tox|[from] ability: Poison Heal
|
|switch|p2a: Keldeo|Keldeo|323\/323
|-damage|p2a: Keldeo|303\/323|[from] Stealth Rock
|turn|11
|
|move|p1a: Breloom|Mach Punch|p2a: Keldeo
|-damage|p2a: Keldeo|153\/323
|move|p2a: Keldeo|Scald|p1a: Breloom
|-resisted|p1a: Breloom
|-damage|p1a: Breloom|0 fnt
|faint|p1a: Breloom
|
|-weather|none
|
|switch|p1a: Lopunny|Lopunny, F|271\/271
|turn|12
|c| Peter1306|oh no laundorus death
|c| Peter1306|use the fighth golpes
|
|switch|p2a: Empoleon|Empoleon, F|371\/371 slp
|-damage|p2a: Empoleon|348\/371 slp|[from] Stealth Rock
|detailschange|p1a: Lopunny|Lopunny-Mega, F
|message|Lopunny has Mega Evolved into Mega Lopunny!
|move|p1a: Lopunny|Power-Up Punch|p2a: Empoleon
|-supereffective|p2a: Empoleon
|-damage|p2a: Empoleon|220\/371 slp
|-boost|p1a: Lopunny|atk|1
|
|-heal|p2a: Empoleon|243\/371 slp|[from] item: Leftovers
|turn|13
|
|move|p1a: Lopunny|Power-Up Punch|p2a: Empoleon
|-supereffective|p2a: Empoleon
|-damage|p2a: Empoleon|61\/371 slp
|-boost|p1a: Lopunny|atk|1
|cant|p2a: Empoleon|slp
|
|-heal|p2a: Empoleon|84\/371 slp|[from] item: Leftovers
|turn|14
|
|move|p1a: Lopunny|Power-Up Punch|p2a: Empoleon
|-supereffective|p2a: Empoleon
|-damage|p2a: Empoleon|0 fnt
|-boost|p1a: Lopunny|atk|1
|faint|p2a: Empoleon
|
|c| Peter1306|oh no empoleon death
|
|switch|p2a: Kyurem-Black|Kyurem-Black|391\/391
|-damage|p2a: Kyurem-Black|294\/391|[from] Stealth Rock
|-ability|p2a: Kyurem-Black|Teravolt
|turn|15
|
|move|p1a: Lopunny|Quick Attack|p2a: Kyurem-Black
|-damage|p2a: Kyurem-Black|101\/391
|move|p2a: Kyurem-Black|Outrage|p1a: Lopunny
|-damage|p1a: Lopunny|0 fnt
|faint|p1a: Lopunny
|
|
|switch|p1a: Gliscor|Gliscor, F|353\/353
|turn|16
|c| Peter1306|oh yes loopony death
|
|move|p2a: Kyurem-Black|Outrage|p1a: Gliscor
|-damage|p1a: Gliscor|122\/353
|move|p1a: Gliscor|Agility|p1a: Gliscor
|-boost|p1a: Gliscor|spe|2
|
|-end|p2a: Kyurem-Black|rampage
|-start|p2a: Kyurem-Black|confusion
|-status|p1a: Gliscor|tox|[from] item: Toxic Orb
|turn|17
|
|move|p1a: Gliscor|Earthquake|p2a: Kyurem-Black
|-damage|p2a: Kyurem-Black|0 fnt
|faint|p2a: Kyurem-Black
|
|-heal|p1a: Gliscor|166\/353 tox|[from] ability: Poison Heal
|c| Peter1306|oh no kyurem death
|
|switch|p2a: Charizard|Charizard-Mega-Y, F|149\/297
|-damage|p2a: Charizard|1\/297|[from] Stealth Rock
|-weather|SunnyDay
|turn|18
|c|âDownward Dog|g
|c|âDownward Dog|g
|
|move|p1a: Gliscor|Stone Edge|p2a: Charizard
|-supereffective|p2a: Charizard
|-damage|p2a: Charizard|0 fnt
|faint|p2a: Charizard
|
|-weather|SunnyDay|[upkeep]
|-heal|p1a: Gliscor|210\/353 tox|[from] ability: Poison Heal
|-message|Downward Dog forfeited.
|
|win|qways
|raw|Ladder updating...
|leave|Downward Dog
|player|p2
|raw|qways's rating: 1592 &rarr; <strong>1614<\/strong><br \/>(+22 for winning)
|raw|Downward Dog's rating: 1632 &rarr; <strong>1610<\/strong><br \/>(-22 for losing)
|c| Peter1306|gg
|c|âqways|gg
|leave|dj4u