|join|CatchThisDead
|join|qways
|player|p1|CatchThisDead|98
|player|p2|qways|266
|gametype|singles
|gen|6
|tier|OU
|rated
|clearpoke
|poke|p1|Mew
|poke|p1|Charizard, F
|poke|p1|Keldeo
|poke|p1|Weavile, M
|poke|p1|Landorus-Therian, M
|poke|p1|Latias, F
|poke|p2|Infernape, F
|poke|p2|Lopunny, F
|poke|p2|Scizor, F
|poke|p2|Jolteon, M
|poke|p2|Breloom, M
|poke|p2|Gliscor, F
|rule|Swagger Clause: Swagger is banned
|rule|Baton Pass Clause: Limit one PokÃ©mon knowing Baton Pass
|rule|Sleep Clause Mod: Limit one foe put to sleep
|rule|Species Clause: Limit one of each PokÃ©mon
|rule|OHKO Clause: OHKO moves are banned
|rule|Moody Clause: Moody is banned
|rule|Evasion Moves Clause: Evasion moves are banned
|rule|Endless Battle Clause: Forcing endless battles is banned
|rule|HP Percentage Mod: HP is shown in percentages
|teampreview
|
|start
|switch|p1a: Landorus-Therian|Landorus-Therian, M|381\/381
|switch|p2a: Infernape|Infernape, F|293\/293
|-ability|p1a: Landorus-Therian|Intimidate|[of] p2a: Infernape
|-unboost|p2a: Infernape|atk|1
|turn|1
|
|move|p2a: Infernape|Fake Out|p1a: Landorus-Therian
|-damage|p1a: Landorus-Therian|360\/381
|cant|p1a: Landorus-Therian|flinch
|
|-heal|p1a: Landorus-Therian|381\/381|[from] item: Leftovers
|turn|2
|
|move|p2a: Infernape|Taunt|p1a: Landorus-Therian
|-start|p1a: Landorus-Therian|move: Taunt
|move|p1a: Landorus-Therian|U-turn|p2a: Infernape
|-resisted|p2a: Infernape
|-damage|p2a: Infernape|270\/293
|
|switch|p1a: Keldeo|Keldeo|323\/323
|
|turn|3
|
|switch|p2a: Jolteon|Jolteon, M|271\/271
|move|p1a: Keldeo|Scald|p2a: Jolteon
|-damage|p2a: Jolteon|172\/271
|
|turn|4
|
|switch|p1a: Mew|Mew|404\/404
|move|p2a: Jolteon|Volt Switch|p1a: Mew
|-damage|p1a: Mew|314\/404
|
|switch|p2a: Infernape|Infernape, F|270\/293
|
|-heal|p1a: Mew|339\/404|[from] item: Leftovers
|turn|5
|
|switch|p1a: Landorus-Therian|Landorus-Therian, M|381\/381
|-ability|p1a: Landorus-Therian|Intimidate|[of] p2a: Infernape
|-unboost|p2a: Infernape|atk|1
|move|p2a: Infernape|Stealth Rock|p1a: Landorus-Therian
|-sidestart|p1: CatchThisDead|move: Stealth Rock
|
|turn|6
|
|move|p2a: Infernape|Taunt|p1a: Landorus-Therian
|-start|p1a: Landorus-Therian|move: Taunt
|cant|p1a: Landorus-Therian|move: Taunt|Stealth Rock
|
|turn|7
|
|switch|p2a: Breloom|Breloom, M|323\/323
|move|p1a: Landorus-Therian|U-turn|p2a: Breloom
|-damage|p2a: Breloom|263\/323
|
|switch|p1a: Latias|Latias, F|302\/302
|-damage|p1a: Latias|265\/302|[from] Stealth Rock
|
|-status|p2a: Breloom|tox|[from] item: Toxic Orb
|turn|8
|
|switch|p2a: Scizor|Scizor, F|343\/343
|move|p1a: Latias|Draco Meteor|p2a: Scizor
|-resisted|p2a: Scizor
|-damage|p2a: Scizor|177\/343
|-unboost|p1a: Latias|spa|2
|-damage|p1a: Latias|235\/302|[from] item: Life Orb
|
|turn|9
|
|move|p2a: Scizor|Pursuit|p1a: Latias|[from]Pursuit
|-supereffective|p1a: Latias
|-damage|p1a: Latias|0 fnt
|faint|p1a: Latias
|
|
|switch|p1a: Charizard|Charizard, F|298\/298
|-damage|p1a: Charizard|149\/298|[from] Stealth Rock
|turn|10
|
|switch|p2a: Infernape|Infernape, F|270\/293
|move|p1a: Charizard|Roost|p1a: Charizard
|-heal|p1a: Charizard|298\/298
|
|turn|11
|
|switch|p1a: Landorus-Therian|Landorus-Therian, M|381\/381
|-damage|p1a: Landorus-Therian|334\/381|[from] Stealth Rock
|-ability|p1a: Landorus-Therian|Intimidate|[of] p2a: Infernape
|-unboost|p2a: Infernape|atk|1
|move|p2a: Infernape|Fake Out|p1a: Landorus-Therian
|-damage|p1a: Landorus-Therian|314\/381
|
|-heal|p1a: Landorus-Therian|337\/381|[from] item: Leftovers
|turn|12
|
|move|p2a: Infernape|Taunt|p1a: Landorus-Therian
|-start|p1a: Landorus-Therian|move: Taunt
|move|p1a: Landorus-Therian|Earthquake|p2a: Infernape
|-supereffective|p2a: Infernape
|-damage|p2a: Infernape|0 fnt
|faint|p2a: Infernape
|
|-heal|p1a: Landorus-Therian|360\/381|[from] item: Leftovers
|
|switch|p2a: Breloom|Breloom, M|263\/323 tox
|turn|13
|
|move|p1a: Landorus-Therian|U-turn|p2a: Breloom
|-damage|p2a: Breloom|194\/323 tox
|join|toneloni97
|leave|toneloni97
|
|switch|p1a: Mew|Mew|339\/404
|-damage|p1a: Mew|289\/404|[from] Stealth Rock
|move|p2a: Breloom|Spore|p1a: Mew
|-status|p1a: Mew|slp
|
|-heal|p1a: Mew|314\/404 slp|[from] item: Leftovers
|-heal|p2a: Breloom|234\/323 tox|[from] ability: Poison Heal
|turn|14
|
|switch|p1a: Landorus-Therian|Landorus-Therian, M|360\/381
|-damage|p1a: Landorus-Therian|313\/381|[from] Stealth Rock
|-ability|p1a: Landorus-Therian|Intimidate|[of] p2a: Breloom
|-unboost|p2a: Breloom|atk|1
|switch|p2a: Jolteon|Jolteon, M|172\/271
|
|-heal|p1a: Landorus-Therian|336\/381|[from] item: Leftovers
|turn|15
|
|switch|p1a: Mew|Mew|314\/404 slp
|-damage|p1a: Mew|264\/404 slp|[from] Stealth Rock
|move|p2a: Jolteon|Hidden Power|p1a: Mew
|-damage|p1a: Mew|213\/404 slp
|
|-heal|p1a: Mew|238\/404 slp|[from] item: Leftovers
|turn|16
|
|move|p2a: Jolteon|Shadow Ball|p1a: Mew
|-supereffective|p1a: Mew
|-damage|p1a: Mew|88\/404 slp
|cant|p1a: Mew|slp
|
|-heal|p1a: Mew|113\/404 slp|[from] item: Leftovers
|turn|17
|
|move|p2a: Jolteon|Shadow Ball|p1a: Mew
|-supereffective|p1a: Mew
|-damage|p1a: Mew|0 fnt
|faint|p1a: Mew
|
|
|switch|p1a: Charizard|Charizard, F|298\/298
|-damage|p1a: Charizard|149\/298|[from] Stealth Rock
|turn|18
|
|detailschange|p1a: Charizard|Charizard-Mega-X, F
|message|Charizard has Mega Evolved into Mega Charizard!
|move|p2a: Jolteon|Volt Switch|p1a: Charizard
|-resisted|p1a: Charizard
|-damage|p1a: Charizard|82\/298
|
|switch|p2a: Gliscor|Gliscor, F|353\/353
|move|p1a: Charizard|Roost|p1a: Charizard
|-heal|p1a: Charizard|231\/298
|
|-status|p2a: Gliscor|tox|[from] item: Toxic Orb
|turn|19
|
|switch|p1a: Landorus-Therian|Landorus-Therian, M|336\/381
|-damage|p1a: Landorus-Therian|289\/381|[from] Stealth Rock
|-ability|p1a: Landorus-Therian|Intimidate|[of] p2a: Gliscor
|-unboost|p2a: Gliscor|atk|1
|move|p2a: Gliscor|Earthquake|p1a: Landorus-Therian
|-immune|p1a: Landorus-Therian|[msg]
|
|-heal|p1a: Landorus-Therian|312\/381|[from] item: Leftovers
|turn|20
|
|switch|p2a: Breloom|Breloom, M|234\/323 tox
|move|p1a: Landorus-Therian|U-turn|p2a: Breloom
|-damage|p2a: Breloom|172\/323 tox
|
|switch|p1a: Charizard|Charizard-Mega-X, F|231\/298
|-damage|p1a: Charizard|157\/298|[from] Stealth Rock
|
|-heal|p2a: Breloom|212\/323 tox|[from] ability: Poison Heal
|turn|21
|
|switch|p2a: Gliscor|Gliscor, F|353\/353 tox
|move|p1a: Charizard|Flare Blitz|p2a: Gliscor
|-damage|p2a: Gliscor|133\/353 tox
|-damage|p1a: Charizard|84\/298|[from] recoil|[of] p2a: Gliscor
|
|-heal|p2a: Gliscor|177\/353 tox|[from] ability: Poison Heal
|turn|22
|
|move|p1a: Charizard|Flare Blitz|p2a: Gliscor
|-damage|p2a: Gliscor|0 fnt
|-damage|p1a: Charizard|26\/298|[from] recoil|[of] p2a: Gliscor
|faint|p2a: Gliscor
|
|
|switch|p2a: Lopunny|Lopunny, F|271\/271
|turn|23
|
|detailschange|p2a: Lopunny|Lopunny-Mega, F
|message|Lopunny has Mega Evolved into Mega Lopunny!
|move|p2a: Lopunny|Power-Up Punch|p1a: Charizard
|-damage|p1a: Charizard|0 fnt
|-boost|p2a: Lopunny|atk|1
|faint|p1a: Charizard
|
|
|switch|p1a: Keldeo|Keldeo|323\/323
|-damage|p1a: Keldeo|303\/323|[from] Stealth Rock
|turn|24
|
|move|p1a: Keldeo|Secret Sword|p2a: Lopunny
|-supereffective|p2a: Lopunny
|-damage|p2a: Lopunny|0 fnt
|faint|p2a: Lopunny
|
|
|switch|p2a: Breloom|Breloom, M|212\/323 tox
|turn|25
|
|move|p1a: Keldeo|Secret Sword|p2a: Breloom
|-damage|p2a: Breloom|92\/323 tox
|move|p2a: Breloom|Spore|p1a: Keldeo
|-status|p1a: Keldeo|slp
|
|-heal|p2a: Breloom|132\/323 tox|[from] ability: Poison Heal
|turn|26
|
|switch|p1a: Landorus-Therian|Landorus-Therian, M|312\/381
|-damage|p1a: Landorus-Therian|265\/381|[from] Stealth Rock
|-ability|p1a: Landorus-Therian|Intimidate|[of] p2a: Breloom
|-unboost|p2a: Breloom|atk|1
|move|p2a: Breloom|Swords Dance|p2a: Breloom
|-boost|p2a: Breloom|atk|2
|
|-heal|p1a: Landorus-Therian|288\/381|[from] item: Leftovers
|-heal|p2a: Breloom|172\/323 tox|[from] ability: Poison Heal
|turn|27
|
|move|p1a: Landorus-Therian|U-turn|p2a: Breloom
|-crit|p2a: Breloom
|-damage|p2a: Breloom|85\/323 tox
|
|switch|p1a: Keldeo|Keldeo|303\/323 slp
|-damage|p1a: Keldeo|283\/323 slp|[from] Stealth Rock
|move|p2a: Breloom|Swords Dance|p2a: Breloom
|-boost|p2a: Breloom|atk|2
|
|-heal|p2a: Breloom|125\/323 tox|[from] ability: Poison Heal
|turn|28
|
|cant|p1a: Keldeo|slp
|move|p2a: Breloom|Seed Bomb|p1a: Keldeo
|-supereffective|p1a: Keldeo
|-damage|p1a: Keldeo|0 fnt
|faint|p1a: Keldeo
|
|-heal|p2a: Breloom|165\/323 tox|[from] ability: Poison Heal
|raw|<div class="broadcast-red"><b>The server is restarting soon.<\/b><br \/>Please finish your battles quickly. No new battles can be started until the server resets in a few minutes.<\/div>
|raw|<div class="broadcast-red"><b>Moderated chat was set to +!<\/b><br \/>Only users of rank + and higher can talk.<\/div>
|
|switch|p1a: Weavile|Weavile, M|287\/287
|-damage|p1a: Weavile|216\/287|[from] Stealth Rock
|-ability|p1a: Weavile|Pressure
|turn|29
|
|move|p1a: Weavile|Ice Shard|p2a: Breloom
|-supereffective|p2a: Breloom
|-damage|p2a: Breloom|17\/323 tox
|-damage|p1a: Weavile|188\/287|[from] item: Life Orb
|move|p2a: Breloom|Mach Punch|p1a: Weavile
|-supereffective|p1a: Weavile
|-damage|p1a: Weavile|0 fnt
|faint|p1a: Weavile
|
|-heal|p2a: Breloom|57\/323 tox|[from] ability: Poison Heal
|
|switch|p1a: Landorus-Therian|Landorus-Therian, M|288\/381
|-damage|p1a: Landorus-Therian|241\/381|[from] Stealth Rock
|-ability|p1a: Landorus-Therian|Intimidate|[of] p2a: Breloom
|-unboost|p2a: Breloom|atk|1
|turn|30
|-message|CatchThisDead forfeited.
|
|win|qways
|raw|Ladder updating...
|leave|CatchThisDead
|player|p1
|raw|CatchThisDead's rating: 1593 &rarr; <strong>1579<\/strong><br \/>(-14 for losing)
|raw|qways's rating: 1699 &rarr; <strong>1713<\/strong><br \/>(+14 for winning)