|join|qways
|join|Heatran on balloon
|player|p1|qways|266
|player|p2|Heatran on balloon|161
|gametype|singles
|gen|6
|tier|OU
|rated
|clearpoke
|poke|p1|Infernape, F
|poke|p1|Lopunny, M
|poke|p1|Scizor, M
|poke|p1|Jolteon, F
|poke|p1|Breloom, M
|poke|p1|Gliscor, F
|poke|p2|Latias, F
|poke|p2|Landorus-Therian, M
|poke|p2|Gyarados, F
|poke|p2|Ferrothorn, M
|poke|p2|Garchomp, F
|poke|p2|Greninja, M
|rule|Swagger Clause: Swagger is banned
|rule|Baton Pass Clause: Limit one PokÃ©mon knowing Baton Pass
|rule|Sleep Clause Mod: Limit one foe put to sleep
|rule|Species Clause: Limit one of each PokÃ©mon
|rule|OHKO Clause: OHKO moves are banned
|rule|Moody Clause: Moody is banned
|rule|Evasion Moves Clause: Evasion moves are banned
|rule|Endless Battle Clause: Forcing endless battles is banned
|rule|HP Percentage Mod: HP is shown in percentages
|teampreview
|c|âqways|you dont have heatran
|
|start
|switch|p1a: Infernape|Infernape, F|293\/293
|switch|p2a: Landorus-Therian|Landorus-Therian, M|349\/349
|-ability|p2a: Landorus-Therian|Intimidate|[of] p1a: Infernape
|-unboost|p1a: Infernape|atk|1
|turn|1
|
|move|p1a: Infernape|Fake Out|p2a: Landorus-Therian
|-damage|p2a: Landorus-Therian|318\/349
|cant|p2a: Landorus-Therian|flinch
|
|turn|2
|
|move|p2a: Landorus-Therian|Earthquake|p1a: Infernape
|-supereffective|p1a: Infernape
|-enditem|p1a: Infernape|Focus Sash
|-damage|p1a: Infernape|1\/293
|move|p1a: Infernape|Stealth Rock|p2a: Landorus-Therian
|-sidestart|p2: Heatran on balloon|move: Stealth Rock
|
|turn|3
|
|switch|p1a: Breloom|Breloom, M|323\/323
|move|p2a: Landorus-Therian|Earthquake|p1a: Breloom
|-resisted|p1a: Breloom
|-damage|p1a: Breloom|237\/323
|
|-status|p1a: Breloom|tox|[from] item: Toxic Orb
|turn|4
|
|switch|p2a: Latias|Latias, F|302\/302
|-damage|p2a: Latias|265\/302|[from] Stealth Rock
|move|p1a: Breloom|Swords Dance|p1a: Breloom
|-boost|p1a: Breloom|atk|2
|
|-heal|p1a: Breloom|277\/323 tox|[from] ability: Poison Heal
|turn|5
|
|switch|p1a: Scizor|Scizor, M|343\/343
|move|p2a: Latias|Draco Meteor|p1a: Scizor|[miss]
|-miss|p2a: Latias|p1a: Scizor
|
|turn|6
|
|move|p1a: Scizor|Pursuit|p2a: Latias|[from]Pursuit
|-supereffective|p2a: Latias
|-damage|p2a: Latias|0 fnt
|faint|p2a: Latias
|
|
|switch|p2a: Garchomp|Garchomp, F|357\/357
|-damage|p2a: Garchomp|335\/357|[from] Stealth Rock
|turn|7
|
|switch|p1a: Infernape|Infernape, F|1\/293
|move|p2a: Garchomp|Fire Blast|p1a: Infernape
|-resisted|p1a: Infernape
|-damage|p1a: Infernape|0 fnt
|faint|p1a: Infernape
|
|
|switch|p1a: Jolteon|Jolteon, F|271\/271
|turn|8
|
|switch|p2a: Ferrothorn|Ferrothorn, M|351\/351
|-damage|p2a: Ferrothorn|330\/351|[from] Stealth Rock
|move|p1a: Jolteon|Volt Switch|p2a: Ferrothorn
|-resisted|p2a: Ferrothorn
|-damage|p2a: Ferrothorn|287\/351
|
|switch|p1a: Lopunny|Lopunny, M|271\/271
|
|turn|9
|
|detailschange|p1a: Lopunny|Lopunny-Mega, M
|message|Lopunny has Mega Evolved into Mega Lopunny!
|move|p1a: Lopunny|Power-Up Punch|p2a: Ferrothorn
|-supereffective|p2a: Ferrothorn
|-damage|p2a: Ferrothorn|189\/351
|-damage|p1a: Lopunny|238\/271|[from] ability: Iron Barbs|[of] p2a: Ferrothorn
|-damage|p1a: Lopunny|193\/271|[from] item: Rocky Helmet|[of] p2a: Ferrothorn
|-boost|p1a: Lopunny|atk|1
|move|p2a: Ferrothorn|Spikes|p1a: Lopunny
|-sidestart|p1: qways|Spikes
|
|turn|10
|
|switch|p2a: Landorus-Therian|Landorus-Therian, M|318\/349
|-damage|p2a: Landorus-Therian|275\/349|[from] Stealth Rock
|-ability|p2a: Landorus-Therian|Intimidate|[of] p1a: Lopunny
|-unboost|p1a: Lopunny|atk|1
|move|p1a: Lopunny|High Jump Kick|p2a: Landorus-Therian
|-resisted|p2a: Landorus-Therian
|-damage|p2a: Landorus-Therian|151\/349
|
|turn|11
|
|move|p2a: Landorus-Therian|U-turn|p1a: Lopunny
|-resisted|p1a: Lopunny
|-damage|p1a: Lopunny|145\/271
|
|switch|p2a: Ferrothorn|Ferrothorn, M|189\/351
|-damage|p2a: Ferrothorn|168\/351|[from] Stealth Rock
|move|p1a: Lopunny|Return|p2a: Ferrothorn
|-resisted|p2a: Ferrothorn
|-damage|p2a: Ferrothorn|111\/351
|-damage|p1a: Lopunny|112\/271|[from] ability: Iron Barbs|[of] p2a: Ferrothorn
|-damage|p1a: Lopunny|67\/271|[from] item: Rocky Helmet|[of] p2a: Ferrothorn
|
|turn|12
|
|move|p1a: Lopunny|High Jump Kick|p2a: Ferrothorn
|-supereffective|p2a: Ferrothorn
|-damage|p2a: Ferrothorn|0 fnt
|-damage|p1a: Lopunny|34\/271|[from] ability: Iron Barbs|[of] p2a: Ferrothorn
|-damage|p1a: Lopunny|0 fnt|[from] item: Rocky Helmet|[of] p2a: Ferrothorn
|faint|p1a: Lopunny
|faint|p2a: Ferrothorn
|
|
|switch|p2a: Landorus-Therian|Landorus-Therian, M|151\/349
|switch|p1a: Breloom|Breloom, M|277\/323 tox
|-damage|p2a: Landorus-Therian|108\/349|[from] Stealth Rock
|-ability|p2a: Landorus-Therian|Intimidate|[of] p1a: Breloom
|-unboost|p1a: Breloom|atk|1
|-damage|p1a: Breloom|237\/323 tox|[from] Spikes
|turn|13
|
|move|p2a: Landorus-Therian|U-turn|p1a: Breloom
|-damage|p1a: Breloom|154\/323 tox
|
|switch|p2a: Garchomp|Garchomp, F|335\/357
|-damage|p2a: Garchomp|313\/357|[from] Stealth Rock
|move|p1a: Breloom|Spore|p2a: Garchomp
|-status|p2a: Garchomp|slp
|
|-heal|p1a: Breloom|194\/323 tox|[from] ability: Poison Heal
|turn|14
|
|cant|p2a: Garchomp|slp
|move|p1a: Breloom|Swords Dance|p1a: Breloom
|-boost|p1a: Breloom|atk|2
|
|-heal|p1a: Breloom|234\/323 tox|[from] ability: Poison Heal
|turn|15
|
|cant|p2a: Garchomp|slp
|move|p1a: Breloom|Seed Bomb|p2a: Garchomp
|-crit|p2a: Garchomp
|-damage|p2a: Garchomp|22\/357 slp
|
|-heal|p1a: Breloom|274\/323 tox|[from] ability: Poison Heal
|turn|16
|
|move|p1a: Breloom|Mach Punch|p2a: Garchomp
|-damage|p2a: Garchomp|0 fnt
|-damage|p1a: Breloom|234\/323 tox|[from] ability: Rough Skin|[of] p2a: Garchomp
|faint|p2a: Garchomp
|
|-heal|p1a: Breloom|274\/323 tox|[from] ability: Poison Heal
|
|switch|p2a: Landorus-Therian|Landorus-Therian, M|108\/349
|-damage|p2a: Landorus-Therian|65\/349|[from] Stealth Rock
|-ability|p2a: Landorus-Therian|Intimidate|[of] p1a: Breloom
|-unboost|p1a: Breloom|atk|1
|turn|17
|
|move|p2a: Landorus-Therian|U-turn|p1a: Breloom
|-damage|p1a: Breloom|190\/323 tox
|
|switch|p2a: Gyarados|Gyarados, F|331\/331
|-damage|p2a: Gyarados|249\/331|[from] Stealth Rock
|-ability|p2a: Gyarados|Intimidate|[of] p1a: Breloom
|-unboost|p1a: Breloom|atk|1
|move|p1a: Breloom|Swords Dance|p1a: Breloom
|-boost|p1a: Breloom|atk|2
|
|-heal|p1a: Breloom|230\/323 tox|[from] ability: Poison Heal
|turn|18
|
|switch|p2a: Landorus-Therian|Landorus-Therian, M|65\/349
|-damage|p2a: Landorus-Therian|22\/349|[from] Stealth Rock
|-ability|p2a: Landorus-Therian|Intimidate|[of] p1a: Breloom
|-unboost|p1a: Breloom|atk|1
|move|p1a: Breloom|Seed Bomb|p2a: Landorus-Therian
|-damage|p2a: Landorus-Therian|0 fnt
|faint|p2a: Landorus-Therian
|
|-heal|p1a: Breloom|270\/323 tox|[from] ability: Poison Heal
|
|switch|p2a: Gyarados|Gyarados, F|249\/331
|-damage|p2a: Gyarados|167\/331|[from] Stealth Rock
|-ability|p2a: Gyarados|Intimidate|[of] p1a: Breloom
|-unboost|p1a: Breloom|atk|1
|turn|19
|
|move|p2a: Gyarados|Dragon Dance|p2a: Gyarados
|-boost|p2a: Gyarados|atk|1
|-boost|p2a: Gyarados|spe|1
|move|p1a: Breloom|Swords Dance|p1a: Breloom
|-boost|p1a: Breloom|atk|2
|
|-heal|p1a: Breloom|310\/323 tox|[from] ability: Poison Heal
|turn|20
|
|detailschange|p2a: Gyarados|Gyarados-Mega, F
|message|Gyarados has Mega Evolved into Mega Gyarados!
|-ability|p2a: Gyarados|Mold Breaker
|move|p2a: Gyarados|Crunch|p1a: Breloom
|-resisted|p1a: Breloom
|-damage|p1a: Breloom|196\/323 tox
|move|p1a: Breloom|Seed Bomb|p2a: Gyarados
|-supereffective|p2a: Gyarados
|-damage|p2a: Gyarados|0 fnt
|faint|p2a: Gyarados
|
|-heal|p1a: Breloom|236\/323 tox|[from] ability: Poison Heal
|
|switch|p2a: Greninja|Greninja, M|286\/286
|-damage|p2a: Greninja|251\/286|[from] Stealth Rock
|turn|21
|
|move|p1a: Breloom|Mach Punch|p2a: Greninja
|-supereffective|p2a: Greninja
|-damage|p2a: Greninja|0 fnt
|faint|p2a: Greninja
|
|win|qways
|raw|Ladder updating...
|raw|qways's rating: 1772 &rarr; <strong>1780<\/strong><br \/>(+8 for winning)
|raw|Heatran on balloon's rating: 1541 &rarr; <strong>1533<\/strong><br \/>(-8 for losing)
|leave|Heatran on balloon
|player|p2