|join|qways
|join|Jaggi
|player|p1|qways|169
|player|p2|Jaggi|1
|gametype|singles
|gen|6
|tier|OU
|rated
|clearpoke
|poke|p1|Infernape, M
|poke|p1|Lopunny, F
|poke|p1|Scizor, M
|poke|p1|Jolteon, F
|poke|p1|Breloom, F
|poke|p1|Gliscor, F
|poke|p2|Empoleon, M
|poke|p2|Weavile, F
|poke|p2|Slowbro, M, shiny
|poke|p2|Chesnaught, M, shiny
|poke|p2|Swampert, F
|poke|p2|Scrafty, M
|rule|Swagger Clause: Swagger is banned
|rule|Baton Pass Clause: Limit one PokÃ©mon knowing Baton Pass
|rule|Sleep Clause Mod: Limit one foe put to sleep
|rule|Species Clause: Limit one of each PokÃ©mon
|rule|OHKO Clause: OHKO moves are banned
|rule|Moody Clause: Moody is banned
|rule|Evasion Moves Clause: Evasion moves are banned
|rule|Endless Battle Clause: Forcing endless battles is banned
|rule|HP Percentage Mod: HP is shown in percentages
|teampreview
|
|start
|switch|p1a: Infernape|Infernape, M|293\/293
|switch|p2a: Chesnaught|Chesnaught, M, shiny|380\/380
|turn|1
|
|switch|p2a: Slowbro|Slowbro, M, shiny|394\/394
|move|p1a: Infernape|Taunt|p2a: Slowbro
|-start|p2a: Slowbro|move: Taunt
|
|turn|2
|
|detailschange|p2a: Slowbro|Slowbro-Mega, M, shiny
|message|Slowbro has Mega Evolved into Mega Slowbro!
|move|p1a: Infernape|Stealth Rock|p2a: Slowbro
|-sidestart|p2: Jaggi|move: Stealth Rock
|move|p2a: Slowbro|Scald|p1a: Infernape
|-supereffective|p1a: Infernape
|-enditem|p1a: Infernape|Focus Sash
|-damage|p1a: Infernape|1\/293
|
|turn|3
|
|switch|p1a: Jolteon|Jolteon, F|271\/271
|move|p2a: Slowbro|Scald|p1a: Jolteon
|-damage|p1a: Jolteon|181\/271
|-status|p1a: Jolteon|brn
|
|-damage|p1a: Jolteon|148\/271 brn|[from] brn
|turn|4
|
|switch|p1a: Breloom|Breloom, F|323\/323
|switch|p2a: Swampert|Swampert, F|404\/404
|-damage|p2a: Swampert|379\/404|[from] Stealth Rock
|
|-heal|p2a: Swampert|404\/404|[from] item: Leftovers
|-status|p1a: Breloom|tox|[from] item: Toxic Orb
|turn|5
|
|switch|p2a: Chesnaught|Chesnaught, M, shiny|380\/380
|-damage|p2a: Chesnaught|357\/380|[from] Stealth Rock
|move|p1a: Breloom|Swords Dance|p1a: Breloom
|-boost|p1a: Breloom|atk|2
|
|-heal|p2a: Chesnaught|380\/380|[from] item: Leftovers
|turn|6
|
|move|p2a: Chesnaught|Drain Punch|p1a: Breloom
|-damage|p1a: Breloom|248\/323 tox
|move|p1a: Breloom|Swords Dance|p1a: Breloom
|-boost|p1a: Breloom|atk|2
|
|-heal|p1a: Breloom|288\/323 tox|[from] ability: Poison Heal
|turn|7
|
|move|p2a: Chesnaught|Drain Punch|p1a: Breloom
|-damage|p1a: Breloom|215\/323 tox
|move|p1a: Breloom|Swords Dance|p1a: Breloom
|-boost|p1a: Breloom|atk|2
|
|-heal|p1a: Breloom|255\/323 tox|[from] ability: Poison Heal
|turn|8
|
|move|p1a: Breloom|Mach Punch|p2a: Chesnaught
|-damage|p2a: Chesnaught|203\/380
|move|p2a: Chesnaught|Drain Punch|p1a: Breloom
|-damage|p1a: Breloom|176\/323 tox
|-heal|p2a: Chesnaught|243\/380|[from] drain|[of] p1a: Breloom
|
|-heal|p2a: Chesnaught|266\/380|[from] item: Leftovers
|-heal|p1a: Breloom|216\/323 tox|[from] ability: Poison Heal
|turn|9
|
|move|p2a: Chesnaught|Spiky Shield|p2a: Chesnaught
|-singleturn|p2a: Chesnaught|move: Protect
|move|p1a: Breloom|Mach Punch|p2a: Chesnaught
|-activate|p2a: Chesnaught|move: Protect
|-damage|p1a: Breloom|176\/323 tox|[from] Spiky Shield|[of] p2a: Chesnaught
|
|-heal|p2a: Chesnaught|289\/380|[from] item: Leftovers
|-heal|p1a: Breloom|216\/323 tox|[from] ability: Poison Heal
|turn|10
|
|move|p1a: Breloom|Mach Punch|p2a: Chesnaught
|-damage|p2a: Chesnaught|108\/380
|move|p2a: Chesnaught|Drain Punch|p1a: Breloom
|-damage|p1a: Breloom|140\/323 tox
|-heal|p2a: Chesnaught|146\/380|[from] drain|[of] p1a: Breloom
|
|-heal|p2a: Chesnaught|169\/380|[from] item: Leftovers
|-heal|p1a: Breloom|180\/323 tox|[from] ability: Poison Heal
|turn|11
|
|move|p2a: Chesnaught|Drain Punch|p1a: Breloom
|-damage|p1a: Breloom|101\/323 tox
|-heal|p2a: Chesnaught|209\/380|[from] drain|[of] p1a: Breloom
|move|p1a: Breloom|Seed Bomb|p2a: Chesnaught
|-immune|p2a: Chesnaught|[msg]|[from] Bulletproof
|
|-heal|p2a: Chesnaught|232\/380|[from] item: Leftovers
|-heal|p1a: Breloom|141\/323 tox|[from] ability: Poison Heal
|turn|12
|
|move|p1a: Breloom|Mach Punch|p2a: Chesnaught
|-damage|p2a: Chesnaught|66\/380
|move|p2a: Chesnaught|Drain Punch|p1a: Breloom
|-damage|p1a: Breloom|56\/323 tox
|-heal|p2a: Chesnaught|109\/380|[from] drain|[of] p1a: Breloom
|
|-heal|p2a: Chesnaught|132\/380|[from] item: Leftovers
|-heal|p1a: Breloom|96\/323 tox|[from] ability: Poison Heal
|turn|13
|
|move|p1a: Breloom|Mach Punch|p2a: Chesnaught
|-damage|p2a: Chesnaught|0 fnt
|faint|p2a: Chesnaught
|
|-heal|p1a: Breloom|136\/323 tox|[from] ability: Poison Heal
|
|switch|p2a: Weavile|Weavile, F|282\/282
|-damage|p2a: Weavile|212\/282|[from] Stealth Rock
|turn|14
|
|switch|p1a: Infernape|Infernape, M|1\/293
|move|p2a: Weavile|Ice Shard|p1a: Infernape
|-resisted|p1a: Infernape
|-damage|p1a: Infernape|0 fnt
|faint|p1a: Infernape
|
|
|switch|p1a: Lopunny|Lopunny, F|271\/271
|turn|15
|
|switch|p2a: Slowbro|Slowbro-Mega, M, shiny|394\/394
|-damage|p2a: Slowbro|345\/394|[from] Stealth Rock
|detailschange|p1a: Lopunny|Lopunny-Mega, F
|message|Lopunny has Mega Evolved into Mega Lopunny!
|move|p1a: Lopunny|Power-Up Punch|p2a: Slowbro
|-resisted|p2a: Slowbro
|-damage|p2a: Slowbro|327\/394
|-boost|p1a: Lopunny|atk|1
|
|turn|16
|
|move|p1a: Lopunny|Return|p2a: Slowbro
|-damage|p2a: Slowbro|183\/394
|move|p2a: Slowbro|Calm Mind|p2a: Slowbro
|-boost|p2a: Slowbro|spa|1
|-boost|p2a: Slowbro|spd|1
|
|turn|17
|
|move|p1a: Lopunny|Power-Up Punch|p2a: Slowbro
|-resisted|p2a: Slowbro
|-damage|p2a: Slowbro|157\/394
|-boost|p1a: Lopunny|atk|1
|move|p2a: Slowbro|Slack Off|p2a: Slowbro
|-heal|p2a: Slowbro|354\/394
|
|turn|18
|
|move|p1a: Lopunny|Return|p2a: Slowbro
|-damage|p2a: Slowbro|162\/394
|move|p2a: Slowbro|Iron Defense|p2a: Slowbro
|-boost|p2a: Slowbro|def|2
|
|turn|19
|
|switch|p1a: Breloom|Breloom, F|136\/323 tox
|move|p2a: Slowbro|Slack Off|p2a: Slowbro
|-heal|p2a: Slowbro|359\/394
|
|-heal|p1a: Breloom|176\/323 tox|[from] ability: Poison Heal
|turn|20
|
|move|p1a: Breloom|Spore|p2a: Slowbro
|-status|p2a: Slowbro|slp
|cant|p2a: Slowbro|slp
|
|-heal|p1a: Breloom|216\/323 tox|[from] ability: Poison Heal
|turn|21
|
|move|p1a: Breloom|Swords Dance|p1a: Breloom
|-boost|p1a: Breloom|atk|2
|-curestatus|p2a: Slowbro|slp
|move|p2a: Slowbro|Scald|p1a: Breloom
|-resisted|p1a: Breloom
|-damage|p1a: Breloom|87\/323 tox
|
|-heal|p1a: Breloom|127\/323 tox|[from] ability: Poison Heal
|turn|22
|
|move|p1a: Breloom|Spore|p2a: Slowbro
|-status|p2a: Slowbro|slp
|cant|p2a: Slowbro|slp
|
|-heal|p1a: Breloom|167\/323 tox|[from] ability: Poison Heal
|turn|23
|
|move|p1a: Breloom|Swords Dance|p1a: Breloom
|-boost|p1a: Breloom|atk|2
|cant|p2a: Slowbro|slp
|
|-heal|p1a: Breloom|207\/323 tox|[from] ability: Poison Heal
|turn|24
|
|move|p1a: Breloom|Swords Dance|p1a: Breloom
|-boost|p1a: Breloom|atk|2
|cant|p2a: Slowbro|slp
|
|-heal|p1a: Breloom|247\/323 tox|[from] ability: Poison Heal
|turn|25
|
|move|p1a: Breloom|Seed Bomb|p2a: Slowbro
|-supereffective|p2a: Slowbro
|-damage|p2a: Slowbro|135\/394 slp
|-curestatus|p2a: Slowbro|slp
|move|p2a: Slowbro|Iron Defense|p2a: Slowbro
|-boost|p2a: Slowbro|def|2
|
|-heal|p1a: Breloom|287\/323 tox|[from] ability: Poison Heal
|turn|26
|
|move|p1a: Breloom|Spore|p2a: Slowbro
|-status|p2a: Slowbro|slp
|cant|p2a: Slowbro|slp
|
|-heal|p1a: Breloom|323\/323 tox|[from] ability: Poison Heal
|turn|27
|
|move|p1a: Breloom|Seed Bomb|p2a: Slowbro
|-supereffective|p2a: Slowbro
|-damage|p2a: Slowbro|0 fnt
|faint|p2a: Slowbro
|
|
|switch|p2a: Empoleon|Empoleon, M|372\/372
|-damage|p2a: Empoleon|349\/372|[from] Stealth Rock
|turn|28
|-message|Jaggi forfeited.
|
|win|qways
|raw|Ladder updating...
|leave|Jaggi
|player|p2
|raw|qways's rating: 1577 &rarr; <strong>1592<\/strong><br \/>(+15 for winning)
|raw|Jaggi's rating: 1484 &rarr; <strong>1469<\/strong><br \/>(-15 for losing)