|join|qways
|join|Fetuss
|player|p1|qways|169
|player|p2|Fetuss|288
|gametype|singles
|gen|6
|tier|OU
|rated
|clearpoke
|poke|p1|Infernape, M
|poke|p1|Lopunny, F
|poke|p1|Scizor, F
|poke|p1|Jolteon, F
|poke|p1|Breloom, M
|poke|p1|Gliscor, F
|poke|p2|Heatran, F
|poke|p2|Landorus-Therian, M
|poke|p2|Greninja, F
|poke|p2|Gallade, M
|poke|p2|Rotom-Wash
|poke|p2|Clefable, F
|rule|Swagger Clause: Swagger is banned
|rule|Baton Pass Clause: Limit one PokÃ©mon knowing Baton Pass
|rule|Sleep Clause Mod: Limit one foe put to sleep
|rule|Species Clause: Limit one of each PokÃ©mon
|rule|OHKO Clause: OHKO moves are banned
|rule|Moody Clause: Moody is banned
|rule|Evasion Moves Clause: Evasion moves are banned
|rule|Endless Battle Clause: Forcing endless battles is banned
|rule|HP Percentage Mod: HP is shown in percentages
|teampreview
|
|start
|switch|p1a: Infernape|Infernape, M|293\/293
|switch|p2a: Greninja|Greninja, F|285\/285
|turn|1
|
|switch|p2a: Rotom-Wash|Rotom-Wash|304\/304
|move|p1a: Infernape|Fake Out|p2a: Rotom-Wash
|-damage|p2a: Rotom-Wash|276\/304
|
|-heal|p2a: Rotom-Wash|295\/304|[from] item: Leftovers
|turn|2
|
|move|p1a: Infernape|Stealth Rock|p2a: Rotom-Wash
|-sidestart|p2: Fetuss|move: Stealth Rock
|move|p2a: Rotom-Wash|Hydro Pump|p1a: Infernape
|-supereffective|p1a: Infernape
|-enditem|p1a: Infernape|Focus Sash
|-damage|p1a: Infernape|1\/293
|
|-heal|p2a: Rotom-Wash|304\/304|[from] item: Leftovers
|turn|3
|
|move|p1a: Infernape|Close Combat|p2a: Rotom-Wash
|-damage|p2a: Rotom-Wash|180\/304
|-unboost|p1a: Infernape|def|1
|-unboost|p1a: Infernape|spd|1
|move|p2a: Rotom-Wash|Volt Switch|p1a: Infernape
|-damage|p1a: Infernape|0 fnt
|faint|p1a: Infernape
|
|switch|p2a: Gallade|Gallade, M|277\/277
|-damage|p2a: Gallade|260\/277|[from] Stealth Rock
|
|
|switch|p1a: Jolteon|Jolteon, F|271\/271
|turn|4
|
|detailschange|p2a: Gallade|Gallade-Mega, M
|message|Gallade has Mega Evolved into Mega Gallade!
|move|p1a: Jolteon|Shadow Ball|p2a: Gallade
|-supereffective|p2a: Gallade
|-damage|p2a: Gallade|100\/277
|move|p2a: Gallade|Knock Off|p1a: Jolteon
|-damage|p1a: Jolteon|79\/271
|-enditem|p1a: Jolteon|Assault Vest|[from] move: Knock Off|[of] p2a: Gallade
|
|turn|5
|
|switch|p2a: Heatran|Heatran, F|385\/385
|-damage|p2a: Heatran|337\/385|[from] Stealth Rock
|move|p1a: Jolteon|Shadow Ball|p2a: Heatran
|-damage|p2a: Heatran|277\/385
|
|-heal|p2a: Heatran|301\/385|[from] item: Leftovers
|turn|6
|
|move|p1a: Jolteon|Thunderbolt|p2a: Heatran
|-damage|p2a: Heatran|210\/385
|move|p2a: Heatran|Lava Plume|p1a: Jolteon
|-damage|p1a: Jolteon|0 fnt
|faint|p1a: Jolteon
|
|-heal|p2a: Heatran|234\/385|[from] item: Leftovers
|
|switch|p1a: Lopunny|Lopunny, F|271\/271
|turn|7
|
|switch|p2a: Landorus-Therian|Landorus-Therian, M|325\/325
|-damage|p2a: Landorus-Therian|285\/325|[from] Stealth Rock
|-ability|p2a: Landorus-Therian|Intimidate|[of] p1a: Lopunny
|-unboost|p1a: Lopunny|atk|1
|detailschange|p1a: Lopunny|Lopunny-Mega, F
|message|Lopunny has Mega Evolved into Mega Lopunny!
|move|p1a: Lopunny|Power-Up Punch|p2a: Landorus-Therian
|-resisted|p2a: Landorus-Therian
|-damage|p2a: Landorus-Therian|259\/325
|-boost|p1a: Lopunny|atk|1
|
|turn|8
|
|move|p2a: Landorus-Therian|U-turn|p1a: Lopunny
|-resisted|p1a: Lopunny
|-damage|p1a: Lopunny|226\/271
|
|switch|p2a: Clefable|Clefable, F|394\/394
|move|p1a: Lopunny|Return|p2a: Clefable
|-damage|p2a: Clefable|177\/394
|
|-heal|p2a: Clefable|201\/394|[from] item: Leftovers
|turn|9
|
|move|p1a: Lopunny|Return|p2a: Clefable
|-damage|p2a: Clefable|2\/394
|move|p2a: Clefable|Soft-Boiled|p2a: Clefable
|-heal|p2a: Clefable|199\/394
|
|-heal|p2a: Clefable|223\/394|[from] item: Leftovers
|turn|10
|
|switch|p1a: Scizor|Scizor, F|343\/343
|switch|p2a: Heatran|Heatran, F|234\/385
|-damage|p2a: Heatran|186\/385|[from] Stealth Rock
|
|-heal|p2a: Heatran|210\/385|[from] item: Leftovers
|turn|11
|
|move|p2a: Heatran|Lava Plume|p1a: Scizor
|-supereffective|p1a: Scizor
|-damage|p1a: Scizor|0 fnt
|faint|p1a: Scizor
|
|-heal|p2a: Heatran|234\/385|[from] item: Leftovers
|
|switch|p1a: Lopunny|Lopunny-Mega, F|226\/271
|turn|12
|
|switch|p2a: Landorus-Therian|Landorus-Therian, M|259\/325
|-damage|p2a: Landorus-Therian|219\/325|[from] Stealth Rock
|-ability|p2a: Landorus-Therian|Intimidate|[of] p1a: Lopunny
|-unboost|p1a: Lopunny|atk|1
|move|p1a: Lopunny|Power-Up Punch|p2a: Landorus-Therian
|-resisted|p2a: Landorus-Therian
|-damage|p2a: Landorus-Therian|192\/325
|-boost|p1a: Lopunny|atk|1
|
|turn|13
|
|switch|p1a: Breloom|Breloom, M|323\/323
|move|p2a: Landorus-Therian|Earthquake|p1a: Breloom
|-resisted|p1a: Breloom
|-damage|p1a: Breloom|249\/323
|
|-status|p1a: Breloom|tox|[from] item: Toxic Orb
|turn|14
|
|switch|p2a: Clefable|Clefable, F|223\/394
|move|p1a: Breloom|Spore|p2a: Clefable
|-status|p2a: Clefable|slp
|
|-heal|p2a: Clefable|247\/394 slp|[from] item: Leftovers
|-heal|p1a: Breloom|289\/323 tox|[from] ability: Poison Heal
|turn|15
|
|switch|p2a: Rotom-Wash|Rotom-Wash|180\/304
|-damage|p2a: Rotom-Wash|142\/304|[from] Stealth Rock
|move|p1a: Breloom|Swords Dance|p1a: Breloom
|-boost|p1a: Breloom|atk|2
|
|-heal|p2a: Rotom-Wash|161\/304|[from] item: Leftovers
|-heal|p1a: Breloom|323\/323 tox|[from] ability: Poison Heal
|turn|16
|
|move|p2a: Rotom-Wash|Pain Split|p1a: Breloom
|-sethp|p1a: Breloom|242\/323 tox|p2a: Rotom-Wash|242\/304|[from] move: Pain Split
|move|p1a: Breloom|Swords Dance|p1a: Breloom
|-boost|p1a: Breloom|atk|2
|
|-heal|p2a: Rotom-Wash|261\/304|[from] item: Leftovers
|-heal|p1a: Breloom|282\/323 tox|[from] ability: Poison Heal
|turn|17
|
|move|p2a: Rotom-Wash|Volt Switch|p1a: Breloom
|-resisted|p1a: Breloom
|-damage|p1a: Breloom|221\/323 tox
|
|switch|p2a: Clefable|Clefable, F|247\/394 slp
|move|p1a: Breloom|Swords Dance|p1a: Breloom
|-boost|p1a: Breloom|atk|2
|
|-heal|p2a: Clefable|271\/394 slp|[from] item: Leftovers
|-heal|p1a: Breloom|261\/323 tox|[from] ability: Poison Heal
|turn|18
|
|move|p1a: Breloom|Seed Bomb|p2a: Clefable
|-damage|p2a: Clefable|0 fnt
|faint|p2a: Clefable
|
|-heal|p1a: Breloom|301\/323 tox|[from] ability: Poison Heal
|
|switch|p2a: Gallade|Gallade-Mega, M|100\/277
|-damage|p2a: Gallade|83\/277|[from] Stealth Rock
|turn|19
|
|move|p1a: Breloom|Mach Punch|p2a: Gallade
|-resisted|p2a: Gallade
|-damage|p2a: Gallade|0 fnt
|faint|p2a: Gallade
|
|-heal|p1a: Breloom|323\/323 tox|[from] ability: Poison Heal
|
|switch|p2a: Landorus-Therian|Landorus-Therian, M|192\/325
|-damage|p2a: Landorus-Therian|152\/325|[from] Stealth Rock
|-ability|p2a: Landorus-Therian|Intimidate|[of] p1a: Breloom
|-unboost|p1a: Breloom|atk|1
|turn|20
|
|move|p2a: Landorus-Therian|U-turn|p1a: Breloom
|-damage|p1a: Breloom|250\/323 tox
|
|switch|p2a: Heatran|Heatran, F|234\/385
|-damage|p2a: Heatran|186\/385|[from] Stealth Rock
|move|p1a: Breloom|Seed Bomb|p2a: Heatran
|-resisted|p2a: Heatran
|-damage|p2a: Heatran|86\/385
|
|-heal|p2a: Heatran|110\/385|[from] item: Leftovers
|-heal|p1a: Breloom|290\/323 tox|[from] ability: Poison Heal
|turn|21
|
|move|p1a: Breloom|Mach Punch|p2a: Heatran
|-supereffective|p2a: Heatran
|-damage|p2a: Heatran|0 fnt
|faint|p2a: Heatran
|
|-heal|p1a: Breloom|323\/323 tox|[from] ability: Poison Heal
|-message|Fetuss forfeited.
|
|win|qways
|raw|Ladder updating...
|leave|Fetuss
|player|p2
|raw|qways's rating: 1624 &rarr; <strong>1639<\/strong><br \/>(+15 for winning)
|raw|Fetuss's rating: 1533 &rarr; <strong>1518<\/strong><br \/>(-15 for losing)