|join|PeinHero
|join|qways
|player|p1|PeinHero|144
|player|p2|qways|265
|gametype|singles
|gen|6
|tier|OU
|rated
|clearpoke
|poke|p1|Diancie
|poke|p1|Rotom-Wash
|poke|p1|Talonflame, M
|poke|p1|Latios, M
|poke|p1|Ferrothorn, M
|poke|p1|Landorus-Therian, M
|poke|p2|Infernape, F
|poke|p2|Lopunny, M
|poke|p2|Scizor, M
|poke|p2|Jolteon, M
|poke|p2|Breloom, M
|poke|p2|Gliscor, M
|rule|Swagger Clause: Swagger is banned
|rule|Baton Pass Clause: Limit one PokÃ©mon knowing Baton Pass
|rule|Sleep Clause Mod: Limit one foe put to sleep
|rule|Species Clause: Limit one of each PokÃ©mon
|rule|OHKO Clause: OHKO moves are banned
|rule|Moody Clause: Moody is banned
|rule|Evasion Moves Clause: Evasion moves are banned
|rule|Endless Battle Clause: Forcing endless battles is banned
|rule|HP Percentage Mod: HP is shown in percentages
|teampreview
|
|start
|switch|p1a: Landorus-Therian|Landorus-Therian, M|325\/325
|switch|p2a: Infernape|Infernape, F|293\/293
|-ability|p1a: Landorus-Therian|Intimidate|[of] p2a: Infernape
|-unboost|p2a: Infernape|atk|1
|turn|1
|
|move|p2a: Infernape|Fake Out|p1a: Landorus-Therian
|-damage|p1a: Landorus-Therian|297\/325
|cant|p1a: Landorus-Therian|flinch
|
|turn|2
|
|move|p1a: Landorus-Therian|U-turn|p2a: Infernape
|-resisted|p2a: Infernape
|-damage|p2a: Infernape|264\/293
|
|switch|p1a: Latios|Latios, M|302\/302
|move|p2a: Infernape|Stealth Rock|p1a: Latios
|-sidestart|p1: PeinHero|move: Stealth Rock
|
|turn|3
|
|switch|p2a: Scizor|Scizor, M|343\/343
|move|p1a: Latios|Defog|p2a: Scizor
|-unboost|p2a: Scizor|evasion|1
|-sideend|p1: PeinHero|Stealth Rock|[from] move: Defog|[of] p1a: Latios
|
|turn|4
|
|move|p1a: Latios|Hidden Power|p2a: Scizor
|-supereffective|p2a: Scizor
|-damage|p2a: Scizor|0 fnt
|-damage|p1a: Latios|272\/302|[from] item: Life Orb
|faint|p2a: Scizor
|
|
|switch|p2a: Jolteon|Jolteon, M|271\/271
|turn|5
|
|move|p2a: Jolteon|Volt Switch|p1a: Latios
|-resisted|p1a: Latios
|-damage|p1a: Latios|218\/302
|
|switch|p2a: Gliscor|Gliscor, M|353\/353
|move|p1a: Latios|Hidden Power|p2a: Gliscor
|-damage|p2a: Gliscor|224\/353
|-damage|p1a: Latios|188\/302|[from] item: Life Orb
|
|-status|p2a: Gliscor|tox|[from] item: Toxic Orb
|turn|6
|
|switch|p2a: Jolteon|Jolteon, M|271\/271
|move|p1a: Latios|Draco Meteor|p2a: Jolteon
|-damage|p2a: Jolteon|53\/271
|-unboost|p1a: Latios|spa|2
|-damage|p1a: Latios|158\/302|[from] item: Life Orb
|
|turn|7
|
|switch|p1a: Landorus-Therian|Landorus-Therian, M|297\/325
|-ability|p1a: Landorus-Therian|Intimidate|[of] p2a: Jolteon
|-unboost|p2a: Jolteon|atk|1
|move|p2a: Jolteon|Volt Switch|p1a: Landorus-Therian
|-immune|p1a: Landorus-Therian|[msg]
|
|turn|8
|
|switch|p2a: Gliscor|Gliscor, M|224\/353 tox
|move|p1a: Landorus-Therian|U-turn|p2a: Gliscor
|-resisted|p2a: Gliscor
|-damage|p2a: Gliscor|184\/353 tox
|
|switch|p1a: Rotom-Wash|Rotom-Wash|303\/303
|
|-heal|p2a: Gliscor|228\/353 tox|[from] ability: Poison Heal
|turn|9
|
|switch|p2a: Breloom|Breloom, M|323\/323
|move|p1a: Rotom-Wash|Hydro Pump|p2a: Breloom
|-resisted|p2a: Breloom
|-damage|p2a: Breloom|225\/323
|
|-status|p2a: Breloom|tox|[from] item: Toxic Orb
|turn|10
|
|move|p1a: Rotom-Wash|Volt Switch|p2a: Breloom
|-resisted|p2a: Breloom
|-damage|p2a: Breloom|160\/323 tox
|
|switch|p1a: Ferrothorn|Ferrothorn, M|352\/352
|move|p2a: Breloom|Swords Dance|p2a: Breloom
|-boost|p2a: Breloom|atk|2
|
|-heal|p2a: Breloom|200\/323 tox|[from] ability: Poison Heal
|turn|11
|
|move|p2a: Breloom|Mach Punch|p1a: Ferrothorn
|-supereffective|p1a: Ferrothorn
|-damage|p1a: Ferrothorn|200\/352
|-damage|p2a: Breloom|160\/323 tox|[from] ability: Iron Barbs|[of] p1a: Ferrothorn
|move|p1a: Ferrothorn|Stealth Rock|p2a: Breloom
|-sidestart|p2: qways|move: Stealth Rock
|
|-heal|p1a: Ferrothorn|222\/352|[from] item: Leftovers
|-heal|p2a: Breloom|200\/323 tox|[from] ability: Poison Heal
|turn|12
|
|move|p2a: Breloom|Swords Dance|p2a: Breloom
|-boost|p2a: Breloom|atk|2
|move|p1a: Ferrothorn|Gyro Ball|p2a: Breloom
|-damage|p2a: Breloom|94\/323 tox
|
|-heal|p1a: Ferrothorn|244\/352|[from] item: Leftovers
|-heal|p2a: Breloom|134\/323 tox|[from] ability: Poison Heal
|turn|13
|
|move|p2a: Breloom|Mach Punch|p1a: Ferrothorn
|-supereffective|p1a: Ferrothorn
|-damage|p1a: Ferrothorn|0 fnt
|-damage|p2a: Breloom|94\/323 tox|[from] ability: Iron Barbs|[of] p1a: Ferrothorn
|faint|p1a: Ferrothorn
|
|-heal|p2a: Breloom|134\/323 tox|[from] ability: Poison Heal
|
|switch|p1a: Talonflame|Talonflame, M|305\/305
|turn|14
|
|switch|p2a: Jolteon|Jolteon, M|53\/271
|-damage|p2a: Jolteon|20\/271|[from] Stealth Rock
|move|p1a: Talonflame|Brave Bird|p2a: Jolteon
|-resisted|p2a: Jolteon
|-damage|p2a: Jolteon|0 fnt
|-damage|p1a: Talonflame|298\/305|[from] recoil|[of] p2a: Jolteon
|faint|p2a: Jolteon
|
|
|switch|p2a: Gliscor|Gliscor, M|228\/353 tox
|-damage|p2a: Gliscor|184\/353 tox|[from] Stealth Rock
|turn|15
|
|move|p1a: Talonflame|Flare Blitz|p2a: Gliscor
|-damage|p2a: Gliscor|66\/353 tox
|-damage|p1a: Talonflame|259\/305|[from] recoil|[of] p2a: Gliscor
|move|p2a: Gliscor|Stone Edge|p1a: Talonflame
|-supereffective|p1a: Talonflame
|-damage|p1a: Talonflame|0 fnt
|faint|p1a: Talonflame
|
|-heal|p2a: Gliscor|110\/353 tox|[from] ability: Poison Heal
|
|switch|p1a: Latios|Latios, M|158\/302
|turn|16
|
|move|p1a: Latios|Hidden Power|p2a: Gliscor
|-damage|p2a: Gliscor|0 fnt
|-damage|p1a: Latios|128\/302|[from] item: Life Orb
|faint|p2a: Gliscor
|
|
|switch|p2a: Infernape|Infernape, F|264\/293
|-damage|p2a: Infernape|228\/293|[from] Stealth Rock
|turn|17
|
|move|p2a: Infernape|Fake Out|p1a: Latios
|-damage|p1a: Latios|79\/302
|cant|p1a: Latios|flinch
|
|turn|18
|
|move|p1a: Latios|Draco Meteor|p2a: Infernape
|-damage|p2a: Infernape|0 fnt
|-unboost|p1a: Latios|spa|2
|-damage|p1a: Latios|49\/302|[from] item: Life Orb
|faint|p2a: Infernape
|
|
|switch|p2a: Lopunny|Lopunny, M|271\/271
|-damage|p2a: Lopunny|238\/271|[from] Stealth Rock
|turn|19
|
|detailschange|p2a: Lopunny|Lopunny-Mega, M
|message|Lopunny has Mega Evolved into Mega Lopunny!
|move|p2a: Lopunny|Quick Attack|p1a: Latios
|-damage|p1a: Latios|0 fnt
|faint|p1a: Latios
|
|
|switch|p1a: Diancie|Diancie|274\/274
|turn|20
|
|detailschange|p1a: Diancie|Diancie-Mega
|message|Diancie has Mega Evolved into Mega Diancie!
|move|p2a: Lopunny|High Jump Kick|p1a: Diancie
|-crit|p1a: Diancie
|-damage|p1a: Diancie|0 fnt
|faint|p1a: Diancie
|
|c|âPeinHero|crit?
|c|âqways|crit!
|
|switch|p1a: Landorus-Therian|Landorus-Therian, M|297\/325
|-ability|p1a: Landorus-Therian|Intimidate|[of] p2a: Lopunny
|-unboost|p2a: Lopunny|atk|1
|turn|21
|c|âqways|!
|
|move|p1a: Landorus-Therian|Earthquake|p2a: Lopunny
|-damage|p2a: Lopunny|40\/271
|move|p2a: Lopunny|Power-Up Punch|p1a: Landorus-Therian
|-resisted|p1a: Landorus-Therian
|-damage|p1a: Landorus-Therian|269\/325
|-boost|p2a: Lopunny|atk|1
|
|turn|22
|
|move|p2a: Lopunny|Quick Attack|p1a: Landorus-Therian
|-damage|p1a: Landorus-Therian|182\/325
|move|p1a: Landorus-Therian|Earthquake|p2a: Lopunny
|-crit|p2a: Lopunny
|-damage|p2a: Lopunny|0 fnt
|faint|p2a: Lopunny
|
|
|switch|p2a: Breloom|Breloom, M|134\/323 tox
|-damage|p2a: Breloom|114\/323 tox|[from] Stealth Rock
|turn|23
|
|switch|p1a: Rotom-Wash|Rotom-Wash|303\/303
|move|p2a: Breloom|Spore|p1a: Rotom-Wash
|-status|p1a: Rotom-Wash|slp
|
|-heal|p2a: Breloom|154\/323 tox|[from] ability: Poison Heal
|turn|24
|
|switch|p1a: Landorus-Therian|Landorus-Therian, M|182\/325
|-ability|p1a: Landorus-Therian|Intimidate|[of] p2a: Breloom
|-unboost|p2a: Breloom|atk|1
|move|p2a: Breloom|Swords Dance|p2a: Breloom
|-boost|p2a: Breloom|atk|2
|
|-heal|p2a: Breloom|194\/323 tox|[from] ability: Poison Heal
|turn|25
|
|move|p1a: Landorus-Therian|U-turn|p2a: Breloom
|-crit|p2a: Breloom
|-damage|p2a: Breloom|74\/323 tox
|
|switch|p1a: Rotom-Wash|Rotom-Wash|303\/303 slp
|move|p2a: Breloom|Seed Bomb|p1a: Rotom-Wash
|-supereffective|p1a: Rotom-Wash
|-damage|p1a: Rotom-Wash|55\/303 slp
|
|-heal|p1a: Rotom-Wash|73\/303 slp|[from] item: Leftovers
|-heal|p2a: Breloom|114\/323 tox|[from] ability: Poison Heal
|turn|26
|
|cant|p1a: Rotom-Wash|slp
|move|p2a: Breloom|Swords Dance|p2a: Breloom
|-boost|p2a: Breloom|atk|2
|
|-heal|p1a: Rotom-Wash|91\/303 slp|[from] item: Leftovers
|-heal|p2a: Breloom|154\/323 tox|[from] ability: Poison Heal
|turn|27
|
|move|p2a: Breloom|Mach Punch|p1a: Rotom-Wash
|-damage|p1a: Rotom-Wash|0 fnt
|faint|p1a: Rotom-Wash
|
|-heal|p2a: Breloom|194\/323 tox|[from] ability: Poison Heal
|c|âPeinHero|that crit
|c|âqways|i dotn think it mattered
|c|âqways|dienacie mega has mediocre defensive
|c|âqways|if you didnt invested it probably still killed
|
|switch|p1a: Landorus-Therian|Landorus-Therian, M|182\/325
|-ability|p1a: Landorus-Therian|Intimidate|[of] p2a: Breloom
|-unboost|p2a: Breloom|atk|1
|turn|28
|
|move|p1a: Landorus-Therian|Earthquake|p2a: Breloom
|-resisted|p2a: Breloom
|-damage|p2a: Breloom|116\/323 tox
|move|p2a: Breloom|Seed Bomb|p1a: Landorus-Therian
|-crit|p1a: Landorus-Therian
|-damage|p1a: Landorus-Therian|0 fnt
|faint|p1a: Landorus-Therian
|
|win|qways
|raw|Ladder updating...
|raw|PeinHero's rating: 1535 &rarr; <strong>1519<\/strong><br \/>(-16 for losing)
|raw|qways's rating: 1607 &rarr; <strong>1622<\/strong><br \/>(+15 for winning)