|join|survivor tele
|join|qways
|player|p1|survivor tele|167
|player|p2|qways|265
|gametype|singles
|gen|6
|tier|OU
|rated
|clearpoke
|poke|p1|Jirachi
|poke|p1|Landorus-Therian, M
|poke|p1|Keldeo
|poke|p1|Clefable, F
|poke|p1|Ferrothorn, F
|poke|p1|Latios, M
|poke|p2|Infernape, F
|poke|p2|Lopunny, M
|poke|p2|Scizor, F
|poke|p2|Jolteon, F
|poke|p2|Breloom, F
|poke|p2|Gliscor, M
|rule|Swagger Clause: Swagger is banned
|rule|Baton Pass Clause: Limit one PokÃ©mon knowing Baton Pass
|rule|Sleep Clause Mod: Limit one foe put to sleep
|rule|Species Clause: Limit one of each PokÃ©mon
|rule|OHKO Clause: OHKO moves are banned
|rule|Moody Clause: Moody is banned
|rule|Evasion Moves Clause: Evasion moves are banned
|rule|Endless Battle Clause: Forcing endless battles is banned
|rule|HP Percentage Mod: HP is shown in percentages
|teampreview
|
|start
|switch|p1a: Landorus-Therian|Landorus-Therian, M|382\/382
|switch|p2a: Infernape|Infernape, F|293\/293
|-ability|p1a: Landorus-Therian|Intimidate|[of] p2a: Infernape
|-unboost|p2a: Infernape|atk|1
|turn|1
|
|move|p2a: Infernape|Stealth Rock|p1a: Landorus-Therian
|-sidestart|p1: survivor tele|move: Stealth Rock
|move|p1a: Landorus-Therian|Earthquake|p2a: Infernape
|-supereffective|p2a: Infernape
|-enditem|p2a: Infernape|Focus Sash
|-damage|p2a: Infernape|1\/293
|
|turn|2
|
|switch|p2a: Breloom|Breloom, F|323\/323
|move|p1a: Landorus-Therian|U-turn|p2a: Breloom
|-damage|p2a: Breloom|261\/323
|join|Lincolnrock
|
|switch|p1a: Latios|Latios, M|301\/301
|-damage|p1a: Latios|264\/301|[from] Stealth Rock
|
|-status|p2a: Breloom|tox|[from] item: Toxic Orb
|turn|3
|
|switch|p1a: Landorus-Therian|Landorus-Therian, M|382\/382
|-damage|p1a: Landorus-Therian|335\/382|[from] Stealth Rock
|-ability|p1a: Landorus-Therian|Intimidate|[of] p2a: Breloom
|-unboost|p2a: Breloom|atk|1
|switch|p2a: Scizor|Scizor, F|343\/343
|
|-heal|p1a: Landorus-Therian|358\/382|[from] item: Leftovers
|turn|4
|
|move|p2a: Scizor|Bullet Punch|p1a: Landorus-Therian
|-damage|p1a: Landorus-Therian|223\/382
|move|p1a: Landorus-Therian|Stealth Rock|p2a: Scizor
|-sidestart|p2: qways|move: Stealth Rock
|
|-heal|p1a: Landorus-Therian|246\/382|[from] item: Leftovers
|turn|5
|
|switch|p1a: Ferrothorn|Ferrothorn, F|352\/352
|-damage|p1a: Ferrothorn|330\/352|[from] Stealth Rock
|switch|p2a: Lopunny|Lopunny, M|271\/271
|-damage|p2a: Lopunny|238\/271|[from] Stealth Rock
|
|-heal|p1a: Ferrothorn|352\/352|[from] item: Leftovers
|turn|6
|
|switch|p1a: Clefable|Clefable, F|394\/394
|detailschange|p2a: Lopunny|Lopunny-Mega, M
|message|Lopunny has Mega Evolved into Mega Lopunny!
|move|p2a: Lopunny|High Jump Kick|p1a: Clefable
|-crit|p1a: Clefable
|-resisted|p1a: Clefable
|-damage|p1a: Clefable|194\/394
|
|-heal|p1a: Clefable|218\/394|[from] item: Leftovers
|turn|7
|join|belgrade
|
|move|p2a: Lopunny|Quick Attack|p1a: Clefable
|-damage|p1a: Clefable|143\/394
|move|p1a: Clefable|Soft-Boiled|p1a: Clefable
|-heal|p1a: Clefable|340\/394
|
|-heal|p1a: Clefable|364\/394|[from] item: Leftovers
|turn|8
|c|âsurvivor tele|?
|c|âqways|miss click
|
|switch|p2a: Infernape|Infernape, F|1\/293
|-damage|p2a: Infernape|0 fnt|[from] Stealth Rock
|faint|p2a: Infernape
|move|p1a: Clefable|Moonblast|p2: Infernape|[notarget]
|-notarget
|
|-heal|p1a: Clefable|388\/394|[from] item: Leftovers
|c|âsurvivor tele|ok
|
|switch|p2a: Scizor|Scizor, F|343\/343
|-damage|p2a: Scizor|301\/343|[from] Stealth Rock
|turn|9
|
|switch|p1a: Landorus-Therian|Landorus-Therian, M|246\/382
|-damage|p1a: Landorus-Therian|199\/382|[from] Stealth Rock
|-ability|p1a: Landorus-Therian|Intimidate|[of] p2a: Scizor
|-unboost|p2a: Scizor|atk|1
|move|p2a: Scizor|U-turn|p1a: Landorus-Therian
|-resisted|p1a: Landorus-Therian
|-damage|p1a: Landorus-Therian|148\/382
|
|switch|p2a: Breloom|Breloom, F|261\/323 tox
|-damage|p2a: Breloom|241\/323 tox|[from] Stealth Rock
|
|-heal|p1a: Landorus-Therian|171\/382|[from] item: Leftovers
|-heal|p2a: Breloom|281\/323 tox|[from] ability: Poison Heal
|turn|10
|
|switch|p1a: Ferrothorn|Ferrothorn, F|352\/352
|-damage|p1a: Ferrothorn|330\/352|[from] Stealth Rock
|move|p2a: Breloom|Swords Dance|p2a: Breloom
|-boost|p2a: Breloom|atk|2
|
|-heal|p1a: Ferrothorn|352\/352|[from] item: Leftovers
|-heal|p2a: Breloom|321\/323 tox|[from] ability: Poison Heal
|turn|11
|
|move|p2a: Breloom|Swords Dance|p2a: Breloom
|-boost|p2a: Breloom|atk|2
|move|p1a: Ferrothorn|Gyro Ball|p2a: Breloom
|-damage|p2a: Breloom|210\/323 tox
|
|-heal|p2a: Breloom|250\/323 tox|[from] ability: Poison Heal
|turn|12
|
|move|p2a: Breloom|Mach Punch|p1a: Ferrothorn
|-supereffective|p1a: Ferrothorn
|-damage|p1a: Ferrothorn|106\/352
|-damage|p2a: Breloom|210\/323 tox|[from] ability: Iron Barbs|[of] p1a: Ferrothorn
|move|p1a: Ferrothorn|Gyro Ball|p2a: Breloom
|-damage|p2a: Breloom|101\/323 tox
|
|-heal|p1a: Ferrothorn|128\/352|[from] item: Leftovers
|-heal|p2a: Breloom|141\/323 tox|[from] ability: Poison Heal
|turn|13
|
|move|p2a: Breloom|Mach Punch|p1a: Ferrothorn
|-supereffective|p1a: Ferrothorn
|-damage|p1a: Ferrothorn|0 fnt
|-damage|p2a: Breloom|101\/323 tox|[from] ability: Iron Barbs|[of] p1a: Ferrothorn
|faint|p1a: Ferrothorn
|
|-heal|p2a: Breloom|141\/323 tox|[from] ability: Poison Heal
|
|switch|p1a: Keldeo|Keldeo|323\/323
|-damage|p1a: Keldeo|303\/323|[from] Stealth Rock
|turn|14
|
|switch|p2a: Gliscor|Gliscor, M|353\/353
|-damage|p2a: Gliscor|309\/353|[from] Stealth Rock
|move|p1a: Keldeo|Secret Sword|p2a: Gliscor
|-resisted|p2a: Gliscor
|-damage|p2a: Gliscor|247\/353
|
|-heal|p1a: Keldeo|323\/323|[from] item: Leftovers
|-status|p2a: Gliscor|tox|[from] item: Toxic Orb
|turn|15
|
|switch|p2a: Scizor|Scizor, F|301\/343
|-damage|p2a: Scizor|259\/343|[from] Stealth Rock
|move|p1a: Keldeo|Substitute|p1a: Keldeo
|-start|p1a: Keldeo|Substitute
|-damage|p1a: Keldeo|243\/323
|
|-heal|p1a: Keldeo|263\/323|[from] item: Leftovers
|turn|16
|c|âqways|shit
|
|move|p1a: Keldeo|Scald|p2a: Scizor
|-damage|p2a: Scizor|85\/343
|move|p2a: Scizor|U-turn|p1a: Keldeo
|-resisted|p1a: Keldeo
|-end|p1a: Keldeo|Substitute
|
|switch|p2a: Jolteon|Jolteon, F|271\/271
|-damage|p2a: Jolteon|238\/271|[from] Stealth Rock
|
|-heal|p1a: Keldeo|283\/323|[from] item: Leftovers
|turn|17
|
|switch|p1a: Jirachi|Jirachi|404\/404
|-damage|p1a: Jirachi|379\/404|[from] Stealth Rock
|move|p2a: Jolteon|Volt Switch|p1a: Jirachi
|-damage|p1a: Jirachi|300\/404
|
|switch|p2a: Breloom|Breloom, F|141\/323 tox
|-damage|p2a: Breloom|121\/323 tox|[from] Stealth Rock
|
|-heal|p1a: Jirachi|325\/404|[from] item: Leftovers
|-heal|p2a: Breloom|161\/323 tox|[from] ability: Poison Heal
|turn|18
|
|move|p1a: Jirachi|Iron Head|p2a: Breloom
|-damage|p2a: Breloom|85\/323 tox
|move|p2a: Breloom|Spore|p1a: Jirachi
|-status|p1a: Jirachi|slp
|
|-heal|p1a: Jirachi|350\/404 slp|[from] item: Leftovers
|-heal|p2a: Breloom|125\/323 tox|[from] ability: Poison Heal
|turn|19
|
|switch|p1a: Clefable|Clefable, F|388\/394
|move|p2a: Breloom|Seed Bomb|p1a: Clefable
|-damage|p1a: Clefable|276\/394
|
|-heal|p1a: Clefable|300\/394|[from] item: Leftovers
|-heal|p2a: Breloom|165\/323 tox|[from] ability: Poison Heal
|turn|20
|
|switch|p2a: Jolteon|Jolteon, F|238\/271
|-damage|p2a: Jolteon|205\/271|[from] Stealth Rock
|move|p1a: Clefable|Moonblast|p2a: Jolteon
|-damage|p2a: Jolteon|129\/271
|-unboost|p2a: Jolteon|spa|1
|
|-heal|p1a: Clefable|324\/394|[from] item: Leftovers
|turn|21
|
|move|p2a: Jolteon|Volt Switch|p1a: Clefable
|-damage|p1a: Clefable|257\/394
|
|switch|p2a: Gliscor|Gliscor, M|247\/353 tox
|-damage|p2a: Gliscor|203\/353 tox|[from] Stealth Rock
|move|p1a: Clefable|Moonblast|p2a: Gliscor
|-damage|p2a: Gliscor|76\/353 tox
|
|-heal|p1a: Clefable|281\/394|[from] item: Leftovers
|-heal|p2a: Gliscor|120\/353 tox|[from] ability: Poison Heal
|turn|22
|
|move|p2a: Gliscor|Earthquake|p1a: Clefable
|-damage|p1a: Clefable|128\/394
|move|p1a: Clefable|Moonblast|p2a: Gliscor
|-damage|p2a: Gliscor|0 fnt
|faint|p2a: Gliscor
|
|-heal|p1a: Clefable|152\/394|[from] item: Leftovers
|
|switch|p2a: Lopunny|Lopunny-Mega, M|238\/271
|-damage|p2a: Lopunny|222\/271|[from] Stealth Rock
|turn|23
|
|switch|p1a: Landorus-Therian|Landorus-Therian, M|171\/382
|-damage|p1a: Landorus-Therian|124\/382|[from] Stealth Rock
|-ability|p1a: Landorus-Therian|Intimidate|[of] p2a: Lopunny
|-unboost|p2a: Lopunny|atk|1
|move|p2a: Lopunny|Return|p1a: Landorus-Therian
|-damage|p1a: Landorus-Therian|28\/382
|
|-heal|p1a: Landorus-Therian|51\/382|[from] item: Leftovers
|turn|24
|
|move|p2a: Lopunny|Return|p1a: Landorus-Therian
|-damage|p1a: Landorus-Therian|0 fnt
|faint|p1a: Landorus-Therian
|
|
|switch|p1a: Clefable|Clefable, F|152\/394
|turn|25
|
|switch|p2a: Scizor|Scizor, F|85\/343
|-damage|p2a: Scizor|43\/343|[from] Stealth Rock
|move|p1a: Clefable|Soft-Boiled|p1a: Clefable
|-heal|p1a: Clefable|349\/394
|
|-heal|p1a: Clefable|373\/394|[from] item: Leftovers
|turn|26
|
|switch|p1a: Keldeo|Keldeo|283\/323
|-damage|p1a: Keldeo|263\/323|[from] Stealth Rock
|move|p2a: Scizor|Bullet Punch|p1a: Keldeo
|-resisted|p1a: Keldeo
|-damage|p1a: Keldeo|173\/323
|
|-heal|p1a: Keldeo|193\/323|[from] item: Leftovers
|turn|27
|
|move|p2a: Scizor|Bullet Punch|p1a: Keldeo
|-resisted|p1a: Keldeo
|-damage|p1a: Keldeo|99\/323
|move|p1a: Keldeo|Scald|p2a: Scizor
|-damage|p2a: Scizor|0 fnt
|faint|p2a: Scizor
|
|-heal|p1a: Keldeo|119\/323|[from] item: Leftovers
|
|switch|p2a: Jolteon|Jolteon, F|129\/271
|-damage|p2a: Jolteon|96\/271|[from] Stealth Rock
|turn|28
|
|switch|p1a: Latios|Latios, M|264\/301
|-damage|p1a: Latios|227\/301|[from] Stealth Rock
|move|p2a: Jolteon|Volt Switch|p1a: Latios
|-resisted|p1a: Latios
|-damage|p1a: Latios|170\/301
|
|switch|p2a: Lopunny|Lopunny-Mega, M|222\/271
|-damage|p2a: Lopunny|206\/271|[from] Stealth Rock
|
|turn|29
|
|switch|p2a: Breloom|Breloom, F|165\/323 tox
|-damage|p2a: Breloom|145\/323 tox|[from] Stealth Rock
|move|p1a: Latios|Draco Meteor|p2a: Breloom
|-damage|p2a: Breloom|0 fnt
|-unboost|p1a: Latios|spa|2
|-damage|p1a: Latios|140\/301|[from] item: Life Orb
|faint|p2a: Breloom
|
|
|switch|p2a: Lopunny|Lopunny-Mega, M|206\/271
|-damage|p2a: Lopunny|190\/271|[from] Stealth Rock
|turn|30
|
|move|p2a: Lopunny|Return|p1a: Latios
|-damage|p1a: Latios|0 fnt
|faint|p1a: Latios
|
|
|switch|p1a: Clefable|Clefable, F|373\/394
|turn|31
|
|move|p2a: Lopunny|Return|p1a: Clefable
|-crit|p1a: Clefable
|-damage|p1a: Clefable|84\/394
|move|p1a: Clefable|Moonblast|p2a: Lopunny
|-supereffective|p2a: Lopunny
|-damage|p2a: Lopunny|0 fnt
|faint|p2a: Lopunny
|
|-heal|p1a: Clefable|108\/394|[from] item: Leftovers
|
|switch|p2a: Jolteon|Jolteon, F|96\/271
|-damage|p2a: Jolteon|63\/271|[from] Stealth Rock
|turn|32
|
|move|p2a: Jolteon|Thunderbolt|p1a: Clefable
|-damage|p1a: Clefable|0 fnt
|faint|p1a: Clefable
|
|
|switch|p1a: Jirachi|Jirachi|350\/404 slp
|-damage|p1a: Jirachi|325\/404 slp|[from] Stealth Rock
|turn|33
|
|move|p2a: Jolteon|Shadow Ball|p1a: Jirachi
|-supereffective|p1a: Jirachi
|-damage|p1a: Jirachi|197\/404 slp
|cant|p1a: Jirachi|slp
|
|-heal|p1a: Jirachi|222\/404 slp|[from] item: Leftovers
|turn|34
|
|cant|p1a: Jirachi|slp
|move|p2a: Jolteon|Shadow Ball|p1a: Jirachi
|-supereffective|p1a: Jirachi
|-damage|p1a: Jirachi|102\/404 slp
|
|-heal|p1a: Jirachi|127\/404 slp|[from] item: Leftovers
|turn|35
|
|move|p2a: Jolteon|Shadow Ball|p1a: Jirachi
|-supereffective|p1a: Jirachi
|-damage|p1a: Jirachi|7\/404 slp
|-unboost|p1a: Jirachi|spd|1
|cant|p1a: Jirachi|slp
|
|-heal|p1a: Jirachi|32\/404 slp|[from] item: Leftovers
|turn|36
|
|move|p2a: Jolteon|Shadow Ball|p1a: Jirachi
|-supereffective|p1a: Jirachi
|-damage|p1a: Jirachi|0 fnt
|faint|p1a: Jirachi
|
|-message|survivor tele forfeited.
|
|win|qways
|raw|Ladder updating...
|raw|survivor tele's rating: 1719 &rarr; <strong>1698<\/strong><br \/>(-21 for losing)
|raw|qways's rating: 1702 &rarr; <strong>1723<\/strong><br \/>(+21 for winning)