|join|qways
|join|inimitable
|player|p1|qways|1
|player|p2|inimitable|1
|gametype|singles
|gen|6
|tier|OU
|rated
|clearpoke
|poke|p1|Slowbro, F
|poke|p1|Clefable, M
|poke|p1|Raikou
|poke|p1|Gliscor, F
|poke|p1|Lopunny, F
|poke|p1|Heatran, M
|poke|p2|Sableye, F
|poke|p2|Volcarona, M
|poke|p2|Toxicroak, M
|poke|p2|Landorus-Therian, M
|poke|p2|Slowbro, M
|poke|p2|Mamoswine, M
|rule|Swagger Clause: Swagger is banned
|rule|Baton Pass Clause: Limit one PokÃ©mon knowing Baton Pass
|rule|Sleep Clause Mod: Limit one foe put to sleep
|rule|Species Clause: Limit one of each PokÃ©mon
|rule|OHKO Clause: OHKO moves are banned
|rule|Moody Clause: Moody is banned
|rule|Evasion Moves Clause: Evasion moves are banned
|rule|Endless Battle Clause: Forcing endless battles is banned
|rule|HP Percentage Mod: HP is shown in percentages
|teampreview
|
|start
|switch|p1a: Lopunny|Lopunny, F|271\/271
|switch|p2a: Sableye|Sableye, F|303\/303
|turn|1
|
|detailschange|p1a: Lopunny|Lopunny-Mega, F
|-mega|p1a: Lopunny|Lopunny|Lopunnite
|detailschange|p2a: Sableye|Sableye-Mega, F
|-mega|p2a: Sableye|Sableye|Sablenite
|move|p1a: Lopunny|Fake Out|p2a: Sableye
|-damage|p2a: Sableye|236\/303
|cant|p2a: Sableye|flinch
|
|turn|2
|
|switch|p2a: Slowbro|Slowbro, M|393\/393
|move|p1a: Lopunny|High Jump Kick|p2a: Slowbro
|-resisted|p2a: Slowbro
|-damage|p2a: Slowbro|309\/393
|
|-heal|p2a: Slowbro|333\/393|[from] item: Leftovers
|turn|3
|
|move|p1a: Lopunny|Return|p2a: Slowbro
|-damage|p2a: Slowbro|200\/393
|move|p2a: Slowbro|Scald|p1a: Lopunny
|-damage|p1a: Lopunny|172\/271
|-status|p1a: Lopunny|brn
|
|-heal|p2a: Slowbro|224\/393|[from] item: Leftovers
|-damage|p1a: Lopunny|139\/271 brn|[from] brn
|turn|4
|
|switch|p1a: Clefable|Clefable, M|393\/393
|switch|p2a: Sableye|Sableye-Mega, F|236\/303
|
|turn|5
|
|switch|p2a: Volcarona|Volcarona, M|347\/347
|move|p1a: Clefable|Calm Mind|p1a: Clefable
|-boost|p1a: Clefable|spa|1
|-boost|p1a: Clefable|spd|1
|
|turn|6
|
|move|p2a: Volcarona|Quiver Dance|p2a: Volcarona
|-boost|p2a: Volcarona|spa|1
|-boost|p2a: Volcarona|spd|1
|-boost|p2a: Volcarona|spe|1
|move|p1a: Clefable|Calm Mind|p1a: Clefable
|-boost|p1a: Clefable|spa|1
|-boost|p1a: Clefable|spd|1
|
|turn|7
|
|move|p2a: Volcarona|Quiver Dance|p2a: Volcarona
|-boost|p2a: Volcarona|spa|1
|-boost|p2a: Volcarona|spd|1
|-boost|p2a: Volcarona|spe|1
|move|p1a: Clefable|Calm Mind|p1a: Clefable
|-boost|p1a: Clefable|spa|1
|-boost|p1a: Clefable|spd|1
|
|turn|8
|
|move|p2a: Volcarona|Fire Blast|p1a: Clefable
|-damage|p1a: Clefable|162\/393
|-damage|p2a: Volcarona|313\/347|[from] item: Life Orb
|move|p1a: Clefable|Calm Mind|p1a: Clefable
|-boost|p1a: Clefable|spa|1
|-boost|p1a: Clefable|spd|1
|
|turn|9
|
|move|p2a: Volcarona|Fire Blast|p1a: Clefable
|-damage|p1a: Clefable|0 fnt
|-damage|p2a: Volcarona|279\/347|[from] item: Life Orb
|faint|p1a: Clefable
|
|
|switch|p1a: Heatran|Heatran, M|385\/385
|turn|10
|
|switch|p2a: Sableye|Sableye-Mega, F|236\/303
|move|p1a: Heatran|Stealth Rock|p2a: Sableye
|move|p2a: Sableye|Stealth Rock|p1a: Heatran|[from]Magic Bounce
|-sidestart|p1: qways|move: Stealth Rock
|
|turn|11
|-message|qways forfeited.
|
|win|inimitable
|raw|Ladder updating...
|leave|qways
|player|p1
|raw|qways's rating: 1611 &rarr; <strong>1582<\/strong><br \/>(-29 for losing)
|raw|inimitable's rating: 1453 &rarr; <strong>1481<\/strong><br \/>(+28 for winning)