|join|greninja free zone
|join|qways
|player|p1|greninja free zone|68
|player|p2|qways|101
|gametype|singles
|gen|6
|tier|OU (suspect test)
|rated
|clearpoke
|poke|p1|Slowbro, M
|poke|p1|Heatran, F
|poke|p1|Gliscor, F
|poke|p1|Clefable, F
|poke|p1|Jirachi
|poke|p1|Latios, M
|poke|p2|Infernape, F
|poke|p2|Lopunny, M
|poke|p2|Scizor, M
|poke|p2|Jolteon, M
|poke|p2|Breloom, F
|poke|p2|Tyranitar, F
|rule|Swagger Clause: Swagger is banned
|rule|Baton Pass Clause: Limit one PokÃ©mon knowing Baton Pass
|rule|Sleep Clause Mod: Limit one foe put to sleep
|rule|Species Clause: Limit one of each PokÃ©mon
|rule|OHKO Clause: OHKO moves are banned
|rule|Moody Clause: Moody is banned
|rule|Evasion Moves Clause: Evasion moves are banned
|rule|Endless Battle Clause: Forcing endless battles is banned
|rule|HP Percentage Mod: HP is shown in percentages
|teampreview
|join|Cosine180
|
|start
|switch|p1a: Slowbro|Slowbro, M|393\/393
|switch|p2a: Infernape|Infernape, F|293\/293
|turn|1
|
|move|p2a: Infernape|Stealth Rock|p1a: Slowbro
|-sidestart|p1: greninja free zone|move: Stealth Rock
|move|p1a: Slowbro|Scald|p2a: Infernape
|-supereffective|p2a: Infernape
|-damage|p2a: Infernape|29\/293
|
|turn|2
|
|switch|p2a: Jolteon|Jolteon, M|271\/271
|move|p1a: Slowbro|Scald|p2a: Jolteon
|-damage|p2a: Jolteon|211\/271
|-status|p2a: Jolteon|brn
|
|-damage|p2a: Jolteon|178\/271 brn|[from] brn
|turn|3
|c| Cosine180|lol i like how dark pulse low kick gunk shot ice beam greninja 1 shots almost everything one that team haha
|
|switch|p1a: Clefable|Clefable, F|394\/394
|move|p2a: Jolteon|Shadow Ball|p1a: Clefable
|-damage|p1a: Clefable|321\/394
|
|-heal|p1a: Clefable|345\/394|[from] item: Leftovers
|-damage|p2a: Jolteon|145\/271 brn|[from] brn
|turn|4
|c|âgreninja free zone|thats why i only use it here
|c|âgreninja free zone|lol
|c|âgreninja free zone|it gets rekt
|c|âgreninja free zone|by it
|
|move|p2a: Jolteon|Volt Switch|p1a: Clefable
|-crit|p1a: Clefable
|-damage|p1a: Clefable|191\/394
|
|switch|p2a: Tyranitar|Tyranitar, F|389\/389
|-weather|Sandstorm
|move|p1a: Clefable|Soft-Boiled|p1a: Clefable
|-heal|p1a: Clefable|388\/394
|
|-weather|Sandstorm|[upkeep]
|-heal|p1a: Clefable|394\/394|[from] item: Leftovers
|turn|5
|
|move|p2a: Tyranitar|Stone Edge|p1a: Clefable
|-damage|p1a: Clefable|103\/394
|move|p1a: Clefable|Moonblast|p2a: Tyranitar
|-supereffective|p2a: Tyranitar
|-damage|p2a: Tyranitar|239\/389
|
|-weather|Sandstorm|[upkeep]
|-heal|p1a: Clefable|127\/394|[from] item: Leftovers
|turn|6
|c| Cosine180|rip u
|
|switch|p1a: Jirachi|Jirachi|403\/403
|-damage|p1a: Jirachi|378\/403|[from] Stealth Rock
|move|p2a: Tyranitar|Stone Edge|p1a: Jirachi
|-crit|p1a: Jirachi
|-resisted|p1a: Jirachi
|-damage|p1a: Jirachi|162\/403
|
|-weather|Sandstorm|[upkeep]
|-heal|p1a: Jirachi|187\/403|[from] item: Leftovers
|turn|7
|c|âgreninja free zone|eh
|c|âgreninja free zone|cancel didnt work
|
|switch|p2a: Breloom|Breloom, F|323\/323
|move|p1a: Jirachi|Wish|p1a: Jirachi
|
|-weather|Sandstorm|[upkeep]
|-damage|p2a: Breloom|303\/323|[from] sandstorm
|-heal|p1a: Jirachi|212\/403|[from] item: Leftovers
|-status|p2a: Breloom|tox|[from] item: Toxic Orb
|turn|8
|
|switch|p1a: Clefable|Clefable, F|127\/394
|move|p2a: Breloom|Seed Bomb|p1a: Clefable
|-damage|p1a: Clefable|10\/394
|
|-weather|none
|-heal|p1a: Clefable|211\/394|[from] move: Wish|[wisher] Jirachi
|-heal|p1a: Clefable|235\/394|[from] item: Leftovers
|-heal|p2a: Breloom|323\/323 tox|[from] ability: Poison Heal
|turn|9
|
|switch|p1a: Jirachi|Jirachi|212\/403
|-damage|p1a: Jirachi|187\/403|[from] Stealth Rock
|move|p2a: Breloom|Spore|p1a: Jirachi
|-status|p1a: Jirachi|slp
|
|-heal|p1a: Jirachi|212\/403 slp|[from] item: Leftovers
|turn|10
|c| Cosine180|like a book
|
|switch|p1a: Slowbro|Slowbro, M|393\/393
|-damage|p1a: Slowbro|344\/393|[from] Stealth Rock
|switch|p2a: Tyranitar|Tyranitar, F|239\/389
|-weather|Sandstorm
|
|-weather|Sandstorm|[upkeep]
|-damage|p1a: Slowbro|320\/393|[from] sandstorm
|turn|11
|c| Cosine180|oo
|c| Cosine180|get trapped
|c|âgreninja free zone|not even a problem
|
|detailschange|p1a: Slowbro|Slowbro-Mega, M
|-mega|p1a: Slowbro|Slowbro|Slowbronite
|move|p2a: Tyranitar|Crunch|p1a: Slowbro
|-supereffective|p1a: Slowbro
|-damage|p1a: Slowbro|78\/393
|move|p1a: Slowbro|Scald|p2a: Tyranitar
|-crit|p2a: Tyranitar
|-supereffective|p2a: Tyranitar
|-damage|p2a: Tyranitar|0 fnt
|faint|p2a: Tyranitar
|
|-weather|Sandstorm|[upkeep]
|-damage|p1a: Slowbro|54\/393|[from] sandstorm
|c|âgreninja free zone|cosine
|c|âgreninja free zone|lets suspect toxic orb loom first
|c|âgreninja free zone|lol
|c| Cosine180|lol
|
|switch|p2a: Scizor|Scizor, M|343\/343
|turn|12
|c| Cosine180|btw mega latias only takes around 50-60% from ttars crunch
|c|âgreninja free zone|that was banded tar tho
|c| Cosine180|ik
|
|move|p2a: Scizor|U-turn|p1a: Slowbro
|-supereffective|p1a: Slowbro
|-damage|p1a: Slowbro|0 fnt
|faint|p1a: Slowbro
|c|âgreninja free zone|!dt mega slowbro
|c|~|\/data-pokemon Slowbro-Mega
|raw|<font size="1"><font color=#585858>Dex#:<\/font> 80&nbsp;|&ThickSpace;<font color=#585858>Height:<\/font> 2 m&nbsp;|&ThickSpace;<font color=#585858>Weight:<\/font> 120 kg <em>(100 BP)<\/em>&nbsp;|&ThickSpace;<font color=#585858>Dex Colour:<\/font> Pink&nbsp;|&ThickSpace;<font color=#585858>Egg Group(s):<\/font> Monster, Water 1&nbsp;|&ThickSpace;<font color=#585858><font color=#585858>Does Not Evolve<\/font><\/font><\/font>
|
|switch|p2a: Lopunny|Lopunny, M|271\/271
|
|-weather|Sandstorm|[upkeep]
|-damage|p2a: Lopunny|255\/271|[from] sandstorm
|c|âgreninja free zone|!dt mega tyranitar
|c|~|\/data-pokemon Tyranitar-Mega
|raw|<font size="1"><font color=#585858>Dex#:<\/font> 248&nbsp;|&ThickSpace;<font color=#585858>Height:<\/font> 2.5 m&nbsp;|&ThickSpace;<font color=#585858>Weight:<\/font> 255 kg <em>(120 BP)<\/em>&nbsp;|&ThickSpace;<font color=#585858>Dex Colour:<\/font> Green&nbsp;|&ThickSpace;<font color=#585858>Egg Group(s):<\/font> Monster&nbsp;|&ThickSpace;<font color=#585858><font color=#585858>Does Not Evolve<\/font><\/font><\/font>
|c|âgreninja free zone|oops
|c|âgreninja free zone|!dt mega latias
|c|~|\/data-pokemon Latias-Mega
|raw|<font size="1"><font color=#585858>Dex#:<\/font> 380&nbsp;|&ThickSpace;<font color=#585858>Height:<\/font> 1.8 m&nbsp;|&ThickSpace;<font color=#585858>Weight:<\/font> 52 kg <em>(80 BP)<\/em>&nbsp;|&ThickSpace;<font color=#585858>Dex Colour:<\/font> Red&nbsp;|&ThickSpace;<font color=#585858>Egg Group(s):<\/font> Undiscovered&nbsp;|&ThickSpace;<font color=#585858><font color=#585858>Does Not Evolve<\/font><\/font><\/font>
|
|switch|p1a: Latios|Latios, M|301\/301
|-damage|p1a: Latios|264\/301|[from] Stealth Rock
|turn|13
|
|switch|p2a: Scizor|Scizor, M|343\/343
|move|p1a: Latios|Defog|p2a: Scizor
|-unboost|p2a: Scizor|evasion|1
|-sideend|p1: greninja free zone|Stealth Rock|[from] move: Defog|[of] p1a: Latios
|
|-weather|Sandstorm|[upkeep]
|-damage|p1a: Latios|246\/301|[from] sandstorm
|turn|14
|
|switch|p1a: Gliscor|Gliscor, F|354\/354
|move|p2a: Scizor|U-turn|p1a: Gliscor
|-resisted|p1a: Gliscor
|-damage|p1a: Gliscor|274\/354
|c| Cosine180|without fear
|
|switch|p2a: Breloom|Breloom, F|323\/323 tox
|
|-weather|none
|-status|p1a: Gliscor|tox|[from] item: Toxic Orb
|turn|15
|c|âgreninja free zone|haha
|
|switch|p1a: Latios|Latios, M|246\/301
|switch|p2a: Jolteon|Jolteon, M|145\/271 brn
|
|-damage|p2a: Jolteon|112\/271 brn|[from] brn
|turn|16
|c| Cosine180|btw roostless swords dance taunt gliscor is the ultimate stallbreaker
|
|move|p1a: Latios|Draco Meteor|p2a: Jolteon
|-damage|p2a: Jolteon|0 fnt
|-unboost|p1a: Latios|spa|2
|faint|p2a: Jolteon
|
|c|âgreninja free zone|yea
|
|switch|p2a: Lopunny|Lopunny, M|255\/271
|turn|17
|c| Cosine180|hm with greninja gone spike stacking wont be good on offense anymore :[
|
|switch|p1a: Clefable|Clefable, F|235\/394
|detailschange|p2a: Lopunny|Lopunny-Mega, M
|-mega|p2a: Lopunny|Lopunny|Lopunnite
|move|p2a: Lopunny|Power-Up Punch|p1a: Clefable
|-resisted|p1a: Clefable
|-damage|p1a: Clefable|197\/394
|-boost|p2a: Lopunny|atk|1
|
|-heal|p1a: Clefable|221\/394|[from] item: Leftovers
|turn|18
|c|âgreninja free zone|too strong anyways
|c|âgreninja free zone|lol
|
|move|p2a: Lopunny|Return|p1a: Clefable
|-damage|p1a: Clefable|0 fnt
|faint|p1a: Clefable
|
|c| Cosine180|think it should go tho
|
|switch|p1a: Latios|Latios, M|246\/301
|turn|19
|c|âgreninja free zone|yea
|
|switch|p2a: Scizor|Scizor, M|343\/343
|move|p1a: Latios|Psyshock|p2a: Scizor
|-resisted|p2a: Scizor
|-damage|p2a: Scizor|274\/343
|
|turn|20
|
|switch|p1a: Gliscor|Gliscor, F|274\/354 tox
|move|p2a: Scizor|U-turn|p1a: Gliscor
|-resisted|p1a: Gliscor
|-damage|p1a: Gliscor|190\/354 tox
|
|switch|p2a: Infernape|Infernape, F|29\/293
|
|-heal|p1a: Gliscor|234\/354 tox|[from] ability: Poison Heal
|turn|21
|
|move|p2a: Infernape|Stealth Rock|p1a: Gliscor
|-sidestart|p1: greninja free zone|move: Stealth Rock
|move|p1a: Gliscor|Swords Dance|p1a: Gliscor
|-boost|p1a: Gliscor|atk|2
|
|-heal|p1a: Gliscor|278\/354 tox|[from] ability: Poison Heal
|turn|22
|
|move|p2a: Infernape|Taunt|p1a: Gliscor
|-start|p1a: Gliscor|move: Taunt
|cant|p1a: Gliscor|move: Taunt|Swords Dance
|
|-heal|p1a: Gliscor|322\/354 tox|[from] ability: Poison Heal
|turn|23
|
|move|p2a: Infernape|Close Combat|p1a: Gliscor
|-resisted|p1a: Gliscor
|-damage|p1a: Gliscor|248\/354 tox
|-unboost|p2a: Infernape|def|1
|-unboost|p2a: Infernape|spd|1
|move|p1a: Gliscor|Earthquake|p2a: Infernape
|-supereffective|p2a: Infernape
|-damage|p2a: Infernape|0 fnt
|faint|p2a: Infernape
|
|-heal|p1a: Gliscor|292\/354 tox|[from] ability: Poison Heal
|c| Cosine180|get swept
|c| Cosine180|y\/y
|
|switch|p2a: Breloom|Breloom, F|323\/323 tox
|turn|24
|c|âqways|you have acrobatics?
|c| Cosine180|or no facade :[
|c| Cosine180|yup
|
|move|p1a: Gliscor|Earthquake|p2a: Breloom
|-resisted|p2a: Breloom
|-damage|p2a: Breloom|226\/323 tox
|move|p2a: Breloom|Swords Dance|p2a: Breloom
|-boost|p2a: Breloom|atk|2
|
|-heal|p1a: Gliscor|336\/354 tox|[from] ability: Poison Heal
|-heal|p2a: Breloom|266\/323 tox|[from] ability: Poison Heal
|-end|p1a: Gliscor|move: Taunt
|turn|25
|c| Cosine180|might as well hit x
|c|âgreninja free zone|no i have knock off
|c| Cosine180|aww
|
|move|p1a: Gliscor|Swords Dance|p1a: Gliscor
|-boost|p1a: Gliscor|atk|2
|move|p2a: Breloom|Seed Bomb|p1a: Gliscor
|-damage|p1a: Gliscor|144\/354 tox
|
|-heal|p1a: Gliscor|188\/354 tox|[from] ability: Poison Heal
|-heal|p2a: Breloom|306\/323 tox|[from] ability: Poison Heal
|turn|26
|
|move|p1a: Gliscor|Earthquake|p2a: Breloom
|-resisted|p2a: Breloom
|-damage|p2a: Breloom|163\/323 tox
|move|p2a: Breloom|Seed Bomb|p1a: Gliscor
|-damage|p1a: Gliscor|0 fnt
|faint|p1a: Gliscor
|
|-heal|p2a: Breloom|203\/323 tox|[from] ability: Poison Heal
|
|switch|p1a: Latios|Latios, M|246\/301
|-damage|p1a: Latios|209\/301|[from] Stealth Rock
|turn|27
|c|âgreninja free zone|sometimes i want icefang
|c|âgreninja free zone|but knock off is so useful
|
|switch|p2a: Scizor|Scizor, M|274\/343
|move|p1a: Latios|Draco Meteor|p2a: Scizor
|-resisted|p2a: Scizor
|-damage|p2a: Scizor|136\/343
|-unboost|p1a: Latios|spa|2
|
|turn|28
|
|switch|p1a: Heatran|Heatran, F|385\/385
|-damage|p1a: Heatran|337\/385|[from] Stealth Rock
|move|p2a: Scizor|U-turn|p1a: Heatran
|-resisted|p1a: Heatran
|-damage|p1a: Heatran|285\/385
|
|switch|p2a: Lopunny|Lopunny-Mega, M|255\/271
|
|-heal|p1a: Heatran|309\/385|[from] item: Leftovers
|turn|29
|
|move|p2a: Lopunny|Power-Up Punch|p1a: Heatran
|-supereffective|p1a: Heatran
|-damage|p1a: Heatran|171\/385
|-boost|p2a: Lopunny|atk|1
|move|p1a: Heatran|Lava Plume|p2a: Lopunny
|-damage|p2a: Lopunny|134\/271
|-status|p2a: Lopunny|brn
|
|-heal|p1a: Heatran|195\/385|[from] item: Leftovers
|-damage|p2a: Lopunny|101\/271 brn|[from] brn
|turn|30
|
|move|p1a: Heatran|Protect|p1a: Heatran
|-singleturn|p1a: Heatran|Protect
|move|p2a: Lopunny|Power-Up Punch|p1a: Heatran
|-activate|p1a: Heatran|Protect
|
|-heal|p1a: Heatran|219\/385|[from] item: Leftovers
|-damage|p2a: Lopunny|68\/271 brn|[from] brn
|turn|31
|
|switch|p1a: Jirachi|Jirachi|212\/403 slp
|-damage|p1a: Jirachi|187\/403 slp|[from] Stealth Rock
|move|p2a: Lopunny|High Jump Kick|p1a: Jirachi
|-damage|p1a: Jirachi|3\/403 slp
|
|-heal|p1a: Jirachi|28\/403 slp|[from] item: Leftovers
|-damage|p2a: Lopunny|35\/271 brn|[from] brn
|turn|32
|
|switch|p2a: Breloom|Breloom, F|203\/323 tox
|cant|p1a: Jirachi|slp
|
|-heal|p1a: Jirachi|53\/403 slp|[from] item: Leftovers
|-heal|p2a: Breloom|243\/323 tox|[from] ability: Poison Heal
|turn|33
|
|cant|p1a: Jirachi|slp
|move|p2a: Breloom|Swords Dance|p2a: Breloom
|-boost|p2a: Breloom|atk|2
|
|-heal|p1a: Jirachi|78\/403 slp|[from] item: Leftovers
|-heal|p2a: Breloom|283\/323 tox|[from] ability: Poison Heal
|turn|34
|
|-curestatus|p1a: Jirachi|slp
|move|p1a: Jirachi|Iron Head|p2a: Breloom
|-damage|p2a: Breloom|211\/323 tox
|cant|p2a: Breloom|flinch
|
|-heal|p1a: Jirachi|103\/403|[from] item: Leftovers
|-heal|p2a: Breloom|251\/323 tox|[from] ability: Poison Heal
|turn|35
|
|move|p1a: Jirachi|Iron Head|p2a: Breloom
|-crit|p2a: Breloom
|-damage|p2a: Breloom|142\/323 tox
|move|p2a: Breloom|Spore|p1a: Jirachi
|-status|p1a: Jirachi|slp
|
|-heal|p1a: Jirachi|128\/403 slp|[from] item: Leftovers
|-heal|p2a: Breloom|182\/323 tox|[from] ability: Poison Heal
|turn|36
|
|cant|p1a: Jirachi|slp
|move|p2a: Breloom|Seed Bomb|p1a: Jirachi
|-resisted|p1a: Jirachi
|-damage|p1a: Jirachi|17\/403 slp
|
|-heal|p1a: Jirachi|42\/403 slp|[from] item: Leftovers
|-heal|p2a: Breloom|222\/323 tox|[from] ability: Poison Heal
|turn|37
|
|cant|p1a: Jirachi|slp
|move|p2a: Breloom|Swords Dance|p2a: Breloom
|-boost|p2a: Breloom|atk|2
|
|-heal|p1a: Jirachi|67\/403 slp|[from] item: Leftovers
|-heal|p2a: Breloom|262\/323 tox|[from] ability: Poison Heal
|turn|38
|
|cant|p1a: Jirachi|slp
|move|p2a: Breloom|Swords Dance|p2a: Breloom
|-boost|p2a: Breloom|atk|2
|
|-heal|p1a: Jirachi|92\/403 slp|[from] item: Leftovers
|-heal|p2a: Breloom|302\/323 tox|[from] ability: Poison Heal
|turn|39
|
|move|p2a: Breloom|Mach Punch|p1a: Jirachi
|-damage|p1a: Jirachi|0 fnt
|faint|p1a: Jirachi
|
|-heal|p2a: Breloom|323\/323 tox|[from] ability: Poison Heal
|
|switch|p1a: Latios|Latios, M|209\/301
|-damage|p1a: Latios|172\/301|[from] Stealth Rock
|turn|40
|
|move|p2a: Breloom|Mach Punch|p1a: Latios
|-resisted|p1a: Latios
|-damage|p1a: Latios|20\/301
|move|p1a: Latios|Draco Meteor|p2a: Breloom
|-damage|p2a: Breloom|0 fnt
|-unboost|p1a: Latios|spa|2
|faint|p2a: Breloom
|
|
|switch|p2a: Scizor|Scizor, M|136\/343
|turn|41
|
|move|p1a: Latios|Draco Meteor|p2a: Scizor
|-resisted|p2a: Scizor
|-damage|p2a: Scizor|67\/343
|-unboost|p1a: Latios|spa|2
|move|p2a: Scizor|Superpower|p1a: Latios
|-resisted|p1a: Latios
|-damage|p1a: Latios|0 fnt
|-unboost|p2a: Scizor|atk|1
|-unboost|p2a: Scizor|def|1
|faint|p1a: Latios
|
|leave|Cosine180
|
|switch|p1a: Heatran|Heatran, F|219\/385
|-damage|p1a: Heatran|171\/385|[from] Stealth Rock
|turn|42
|
|move|p1a: Heatran|Lava Plume|p2a: Scizor
|-supereffective|p2a: Scizor
|-damage|p2a: Scizor|0 fnt
|faint|p2a: Scizor
|
|-heal|p1a: Heatran|195\/385|[from] item: Leftovers
|
|switch|p2a: Lopunny|Lopunny-Mega, M|35\/271 brn
|turn|43
|
|move|p1a: Heatran|Protect|p1a: Heatran
|-singleturn|p1a: Heatran|Protect
|move|p2a: Lopunny|Power-Up Punch|p1a: Heatran
|-activate|p1a: Heatran|Protect
|
|-heal|p1a: Heatran|219\/385|[from] item: Leftovers
|-damage|p2a: Lopunny|2\/271 brn|[from] brn
|turn|44
|
|move|p1a: Heatran|Protect|p1a: Heatran
|-fail|p1a: Heatran
|move|p2a: Lopunny|High Jump Kick|p1a: Heatran
|-supereffective|p1a: Heatran
|-damage|p1a: Heatran|3\/385
|
|-heal|p1a: Heatran|27\/385|[from] item: Leftovers
|-damage|p2a: Lopunny|0 fnt|[from] brn
|faint|p2a: Lopunny
|
|win|greninja free zone
|raw|Ladder updating...
|raw|greninja free zone's rating: 1356 &rarr; <strong>1377<\/strong><br \/>(+21 for winning)
|raw|qways's rating: 1359 &rarr; <strong>1339<\/strong><br \/>(-20 for losing)
|c|âqways|COME ION