|join|qways
|join|mach punch koes
|player|p1|qways|101
|player|p2|mach punch koes|43
|gametype|singles
|gen|6
|tier|OU (suspect test)
|rated
|clearpoke
|poke|p1|Infernape, F
|poke|p1|Lopunny, M
|poke|p1|Scizor, F
|poke|p1|Jolteon, F
|poke|p1|Breloom, F
|poke|p1|Tyranitar, M
|poke|p2|Victini
|poke|p2|Empoleon, M
|poke|p2|Heracross, M
|poke|p2|Altaria, M
|poke|p2|Landorus-Therian, M
|poke|p2|Rotom-Wash
|rule|Swagger Clause: Swagger is banned
|rule|Baton Pass Clause: Limit one PokÃ©mon knowing Baton Pass
|rule|Sleep Clause Mod: Limit one foe put to sleep
|rule|Species Clause: Limit one of each PokÃ©mon
|rule|OHKO Clause: OHKO moves are banned
|rule|Moody Clause: Moody is banned
|rule|Evasion Moves Clause: Evasion moves are banned
|rule|Endless Battle Clause: Forcing endless battles is banned
|rule|HP Percentage Mod: HP is shown in percentages
|teampreview
|
|start
|switch|p1a: Infernape|Infernape, F|293\/293
|switch|p2a: Landorus-Therian|Landorus-Therian, M|320\/320
|-ability|p2a: Landorus-Therian|Intimidate|[of] p1a: Infernape
|-unboost|p1a: Infernape|atk|1
|turn|1
|
|move|p1a: Infernape|Fake Out|p2a: Landorus-Therian
|-damage|p2a: Landorus-Therian|289\/320
|cant|p2a: Landorus-Therian|flinch
|
|turn|2
|
|move|p2a: Landorus-Therian|U-turn|p1a: Infernape
|-resisted|p1a: Infernape
|-damage|p1a: Infernape|264\/293
|
|switch|p2a: Rotom-Wash|Rotom-Wash|304\/304
|move|p1a: Infernape|Stealth Rock|p2a: Rotom-Wash
|-sidestart|p2: mach punch koes|move: Stealth Rock
|
|turn|3
|
|switch|p1a: Jolteon|Jolteon, F|271\/271
|move|p2a: Rotom-Wash|Hydro Pump|p1a: Jolteon
|-damage|p1a: Jolteon|174\/271
|
|turn|4
|
|move|p1a: Jolteon|Thunderbolt|p2a: Rotom-Wash
|-damage|p2a: Rotom-Wash|157\/304
|move|p2a: Rotom-Wash|Hydro Pump|p1a: Jolteon|[miss]
|-miss|p2a: Rotom-Wash|p1a: Jolteon
|
|-heal|p2a: Rotom-Wash|176\/304|[from] item: Leftovers
|turn|5
|
|switch|p2a: Altaria|Altaria, M|353\/353
|-damage|p2a: Altaria|265\/353|[from] Stealth Rock
|move|p1a: Jolteon|Thunderbolt|p2a: Altaria
|-damage|p2a: Altaria|150\/353
|
|turn|6
|
|detailschange|p2a: Altaria|Altaria-Mega, M
|-mega|p2a: Altaria|Altaria|Altarianite
|move|p1a: Jolteon|Volt Switch|p2a: Altaria
|-resisted|p2a: Altaria
|-damage|p2a: Altaria|108\/353
|
|switch|p1a: Scizor|Scizor, F|343\/343
|move|p2a: Altaria|Roost|p2a: Altaria
|-heal|p2a: Altaria|285\/353
|
|turn|7
|
|switch|p2a: Empoleon|Empoleon, M|372\/372
|-damage|p2a: Empoleon|349\/372|[from] Stealth Rock
|move|p1a: Scizor|U-turn|p2a: Empoleon
|-resisted|p2a: Empoleon
|-damage|p2a: Empoleon|240\/372
|
|switch|p1a: Lopunny|Lopunny, M|271\/271
|
|-heal|p2a: Empoleon|263\/372|[from] item: Leftovers
|turn|8
|
|switch|p2a: Landorus-Therian|Landorus-Therian, M|289\/320
|-damage|p2a: Landorus-Therian|249\/320|[from] Stealth Rock
|-ability|p2a: Landorus-Therian|Intimidate|[of] p1a: Lopunny
|-unboost|p1a: Lopunny|atk|1
|detailschange|p1a: Lopunny|Lopunny-Mega, M
|-mega|p1a: Lopunny|Lopunny|Lopunnite
|move|p1a: Lopunny|High Jump Kick|p2a: Landorus-Therian
|-resisted|p2a: Landorus-Therian
|-damage|p2a: Landorus-Therian|165\/320
|
|turn|9
|
|move|p1a: Lopunny|Quick Attack|p2a: Landorus-Therian
|-damage|p2a: Landorus-Therian|107\/320
|move|p2a: Landorus-Therian|U-turn|p1a: Lopunny
|-resisted|p1a: Lopunny
|-damage|p1a: Lopunny|226\/271
|
|switch|p2a: Rotom-Wash|Rotom-Wash|176\/304
|-damage|p2a: Rotom-Wash|138\/304|[from] Stealth Rock
|
|-heal|p2a: Rotom-Wash|157\/304|[from] item: Leftovers
|turn|10
|
|switch|p1a: Jolteon|Jolteon, F|174\/271
|move|p2a: Rotom-Wash|Will-O-Wisp|p1a: Jolteon
|-status|p1a: Jolteon|brn
|
|-heal|p2a: Rotom-Wash|176\/304|[from] item: Leftovers
|-damage|p1a: Jolteon|141\/271 brn|[from] brn
|turn|11
|
|switch|p2a: Altaria|Altaria-Mega, M|285\/353
|-damage|p2a: Altaria|241\/353|[from] Stealth Rock
|move|p1a: Jolteon|Thunderbolt|p2a: Altaria
|-resisted|p2a: Altaria
|-damage|p2a: Altaria|180\/353
|
|-damage|p1a: Jolteon|108\/271 brn|[from] brn
|turn|12
|
|move|p1a: Jolteon|Volt Switch|p2a: Altaria
|-resisted|p2a: Altaria
|-damage|p2a: Altaria|134\/353
|
|switch|p1a: Scizor|Scizor, F|343\/343
|move|p2a: Altaria|Roost|p2a: Altaria
|-heal|p2a: Altaria|311\/353
|
|turn|13
|
|switch|p2a: Empoleon|Empoleon, M|263\/372
|-damage|p2a: Empoleon|240\/372|[from] Stealth Rock
|move|p1a: Scizor|Bullet Punch|p2a: Empoleon
|-resisted|p2a: Empoleon
|-damage|p2a: Empoleon|192\/372
|
|-heal|p2a: Empoleon|215\/372|[from] item: Leftovers
|turn|14
|
|switch|p1a: Breloom|Breloom, F|323\/323
|move|p2a: Empoleon|Defog|p1a: Breloom
|-unboost|p1a: Breloom|evasion|1
|-sideend|p2: mach punch koes|Stealth Rock|[from] move: Defog|[of] p2a: Empoleon
|
|-heal|p2a: Empoleon|238\/372|[from] item: Leftovers
|-status|p1a: Breloom|tox|[from] item: Toxic Orb
|turn|15
|
|switch|p2a: Heracross|Heracross, M|308\/308
|move|p1a: Breloom|Spore|p2a: Heracross
|-status|p2a: Heracross|slp
|
|turn|16
|
|switch|p1a: Infernape|Infernape, F|264\/293
|cant|p2a: Heracross|slp
|move|p2a: Heracross|Sleep Talk|p2a: Heracross
|move|p2a: Heracross|Megahorn|p1a: Infernape|[from]Sleep Talk
|-resisted|p1a: Infernape
|-damage|p1a: Infernape|87\/293
|
|turn|17
|c|âqways|lol
|
|switch|p2a: Altaria|Altaria-Mega, M|311\/353
|move|p1a: Infernape|Stealth Rock|p2a: Altaria
|-sidestart|p2: mach punch koes|move: Stealth Rock
|
|turn|18
|
|switch|p1a: Scizor|Scizor, F|343\/343
|move|p2a: Altaria|Flamethrower|p1a: Scizor
|-supereffective|p1a: Scizor
|-damage|p1a: Scizor|7\/343
|
|turn|19
|
|switch|p2a: Empoleon|Empoleon, M|238\/372
|-damage|p2a: Empoleon|215\/372|[from] Stealth Rock
|move|p1a: Scizor|U-turn|p2a: Empoleon
|-resisted|p2a: Empoleon
|-damage|p2a: Empoleon|103\/372
|
|switch|p1a: Lopunny|Lopunny-Mega, M|226\/271
|
|-heal|p2a: Empoleon|126\/372|[from] item: Leftovers
|turn|20
|
|move|p1a: Lopunny|Power-Up Punch|p2a: Empoleon
|-supereffective|p2a: Empoleon
|-damage|p2a: Empoleon|0 fnt
|-boost|p1a: Lopunny|atk|1
|faint|p2a: Empoleon
|
|
|switch|p2a: Victini|Victini|342\/342
|-damage|p2a: Victini|257\/342|[from] Stealth Rock
|turn|21
|
|switch|p1a: Tyranitar|Tyranitar, M|389\/389
|-weather|Sandstorm
|move|p2a: Victini|V-create|p1a: Tyranitar
|-resisted|p1a: Tyranitar
|-damage|p1a: Tyranitar|264\/389
|-unboost|p2a: Victini|def|1
|-unboost|p2a: Victini|spd|1
|-unboost|p2a: Victini|spe|1
|
|-weather|Sandstorm|[upkeep]
|-damage|p2a: Victini|236\/342|[from] sandstorm
|turn|22
|
|move|p1a: Tyranitar|Pursuit|p2a: Victini|[from]Pursuit
|-supereffective|p2a: Victini
|-damage|p2a: Victini|0 fnt
|faint|p2a: Victini
|
|-weather|Sandstorm|[upkeep]
|
|switch|p2a: Altaria|Altaria-Mega, M|311\/353
|-damage|p2a: Altaria|267\/353|[from] Stealth Rock
|turn|23
|
|switch|p1a: Infernape|Infernape, F|87\/293
|move|p2a: Altaria|Hyper Voice|p1a: Infernape
|-damage|p1a: Infernape|0 fnt
|faint|p1a: Infernape
|
|-weather|Sandstorm|[upkeep]
|-damage|p2a: Altaria|245\/353|[from] sandstorm
|
|switch|p1a: Scizor|Scizor, F|7\/343
|turn|24
|
|switch|p2a: Landorus-Therian|Landorus-Therian, M|107\/320
|-damage|p2a: Landorus-Therian|67\/320|[from] Stealth Rock
|-ability|p2a: Landorus-Therian|Intimidate|[of] p1a: Scizor
|-unboost|p1a: Scizor|atk|1
|move|p1a: Scizor|Bullet Punch|p2a: Landorus-Therian
|-damage|p2a: Landorus-Therian|0 fnt
|faint|p2a: Landorus-Therian
|
|-weather|Sandstorm|[upkeep]
|
|switch|p2a: Rotom-Wash|Rotom-Wash|176\/304
|-damage|p2a: Rotom-Wash|138\/304|[from] Stealth Rock
|turn|25
|
|switch|p1a: Breloom|Breloom, F|323\/323 tox
|move|p2a: Rotom-Wash|Hydro Pump|p1a: Breloom
|-resisted|p1a: Breloom
|-damage|p1a: Breloom|224\/323 tox
|
|-weather|none
|-heal|p2a: Rotom-Wash|157\/304|[from] item: Leftovers
|-heal|p1a: Breloom|264\/323 tox|[from] ability: Poison Heal
|turn|26
|
|switch|p2a: Heracross|Heracross, M|308\/308 slp
|-damage|p2a: Heracross|270\/308 slp|[from] Stealth Rock
|switch|p1a: Jolteon|Jolteon, F|108\/271 brn
|
|-damage|p1a: Jolteon|75\/271 brn|[from] brn
|turn|27
|
|move|p1a: Jolteon|Thunderbolt|p2a: Heracross
|-crit|p2a: Heracross
|-damage|p2a: Heracross|47\/308 slp
|cant|p2a: Heracross|slp
|move|p2a: Heracross|Sleep Talk|p2a: Heracross
|move|p2a: Heracross|Knock Off|p1a: Jolteon|[from]Sleep Talk
|-damage|p1a: Jolteon|0 fnt
|-enditem|p1a: Jolteon|Assault Vest|[from] move: Knock Off|[of] p2a: Heracross
|faint|p1a: Jolteon
|
|
|switch|p1a: Lopunny|Lopunny-Mega, M|226\/271
|turn|28
|
|switch|p2a: Altaria|Altaria-Mega, M|245\/353
|-damage|p2a: Altaria|201\/353|[from] Stealth Rock
|move|p1a: Lopunny|Return|p2a: Altaria
|-damage|p2a: Altaria|63\/353
|
|turn|29
|-message|mach punch koes forfeited.
|leave|mach punch koes
|
|win|qways
|raw|Ladder updating...
|player|p2
|raw|qways's rating: 1339 &rarr; <strong>1363<\/strong><br \/>(+24 for winning)
|raw|mach punch koes's rating: 1417 &rarr; <strong>1393<\/strong><br \/>(-24 for losing)