|join|qways
|join|gffjd jfjyjjg
|player|p1|qways|1
|player|p2|gffjd jfjyjjg|56
|gametype|singles
|gen|6
|tier|OU (suspect test)
|rated
|clearpoke
|poke|p1|Infernape, F
|poke|p1|Tyranitar, M
|poke|p1|Sceptile, F
|poke|p1|Raikou
|poke|p1|Scizor, M
|poke|p1|Flygon, M
|poke|p2|Altaria, F
|poke|p2|Celebi
|poke|p2|Bisharp, M
|poke|p2|Landorus-Therian, M
|poke|p2|Skarmory, M
|poke|p2|Rotom-Wash
|rule|Swagger Clause: Swagger is banned
|rule|Baton Pass Clause: Limit one PokÃ©mon knowing Baton Pass
|rule|Sleep Clause Mod: Limit one foe put to sleep
|rule|Species Clause: Limit one of each PokÃ©mon
|rule|OHKO Clause: OHKO moves are banned
|rule|Moody Clause: Moody is banned
|rule|Evasion Moves Clause: Evasion moves are banned
|rule|Endless Battle Clause: Forcing endless battles is banned
|rule|HP Percentage Mod: HP is shown in percentages
|teampreview
|
|start
|switch|p1a: Scizor|Scizor, M|343\/343
|switch|p2a: Landorus-Therian|Landorus-Therian, M|320\/320
|-ability|p2a: Landorus-Therian|Intimidate|[of] p1a: Scizor
|-unboost|p1a: Scizor|atk|1
|turn|1
|
|move|p2a: Landorus-Therian|U-turn|p1a: Scizor
|-resisted|p1a: Scizor
|-damage|p1a: Scizor|298\/343
|
|switch|p2a: Rotom-Wash|Rotom-Wash|242\/242
|move|p1a: Scizor|U-turn|p2a: Rotom-Wash
|-damage|p2a: Rotom-Wash|103\/242
|
|switch|p1a: Sceptile|Sceptile, F|281\/281
|
|turn|2
|
|detailschange|p1a: Sceptile|Sceptile-Mega, F
|-mega|p1a: Sceptile|Sceptile|Sceptilite
|move|p2a: Rotom-Wash|Will-O-Wisp|p1a: Sceptile
|-status|p1a: Sceptile|brn
|move|p1a: Sceptile|Leaf Storm|p2a: Rotom-Wash
|-supereffective|p2a: Rotom-Wash
|-damage|p2a: Rotom-Wash|0 fnt
|-unboost|p1a: Sceptile|spa|2
|faint|p2a: Rotom-Wash
|
|-damage|p1a: Sceptile|246\/281 brn|[from] brn
|
|switch|p2a: Bisharp|Bisharp, M|332\/332
|turn|3
|
|switch|p1a: Infernape|Infernape, F|293\/293
|move|p2a: Bisharp|Swords Dance|p2a: Bisharp
|-boost|p2a: Bisharp|atk|2
|
|turn|4
|
|move|p1a: Infernape|Close Combat|p2a: Bisharp
|-supereffective|p2a: Bisharp
|-enditem|p2a: Bisharp|Focus Sash
|-damage|p2a: Bisharp|1\/332
|-unboost|p1a: Infernape|def|1
|-unboost|p1a: Infernape|spd|1
|-damage|p1a: Infernape|264\/293|[from] item: Life Orb
|move|p2a: Bisharp|Knock Off|p1a: Infernape
|-resisted|p1a: Infernape
|-damage|p1a: Infernape|0 fnt
|-enditem|p1a: Infernape|Life Orb|[from] move: Knock Off|[of] p2a: Bisharp
|faint|p1a: Infernape
|
|
|switch|p1a: Scizor|Scizor, M|298\/343
|turn|5
|
|move|p2a: Bisharp|Sucker Punch|p1a: Scizor
|-damage|p1a: Scizor|10\/343
|move|p1a: Scizor|Bullet Punch|p2a: Bisharp
|-resisted|p2a: Bisharp
|-damage|p2a: Bisharp|0 fnt
|faint|p2a: Bisharp
|
|
|switch|p2a: Celebi|Celebi|404\/404
|turn|6
|
|switch|p1a: Tyranitar|Tyranitar, M|385\/385
|-weather|Sandstorm
|move|p2a: Celebi|Calm Mind|p2a: Celebi
|-boost|p2a: Celebi|spa|1
|-boost|p2a: Celebi|spd|1
|
|-weather|Sandstorm|[upkeep]
|-damage|p2a: Celebi|379\/404|[from] sandstorm
|turn|7
|
|move|p2a: Celebi|Leech Seed|p1a: Tyranitar
|-start|p1a: Tyranitar|move: Leech Seed
|move|p1a: Tyranitar|Crunch|p2a: Celebi
|-supereffective|p2a: Celebi
|-damage|p2a: Celebi|49\/404
|-enditem|p2a: Celebi|Weakness Policy
|-boost|p2a: Celebi|atk|2|[from] item: Weakness Policy
|-boost|p2a: Celebi|spa|2|[from] item: Weakness Policy
|
|-weather|Sandstorm|[upkeep]
|-damage|p2a: Celebi|24\/404|[from] sandstorm
|-damage|p1a: Tyranitar|337\/385|[from] Leech Seed|[of] p2a: Celebi
|-heal|p2a: Celebi|72\/404|[silent]
|turn|8
|
|switch|p1a: Sceptile|Sceptile-Mega, F|246\/281 brn
|move|p2a: Celebi|Baton Pass|p2a: Celebi
|
|switch|p2a: Altaria|Altaria, F|354\/354
|
|-weather|Sandstorm|[upkeep]
|-damage|p1a: Sceptile|229\/281 brn|[from] sandstorm
|-damage|p2a: Altaria|332\/354|[from] sandstorm
|-damage|p1a: Sceptile|194\/281 brn|[from] brn
|turn|9
|
|switch|p1a: Tyranitar|Tyranitar, M|337\/385
|detailschange|p2a: Altaria|Altaria-Mega, F
|-mega|p2a: Altaria|Altaria|Altarianite
|move|p2a: Altaria|Cotton Guard|p2a: Altaria
|-boost|p2a: Altaria|def|3
|
|-weather|Sandstorm|[upkeep]
|-damage|p2a: Altaria|310\/354|[from] sandstorm
|turn|10
|
|move|p2a: Altaria|Cotton Guard|p2a: Altaria
|-boost|p2a: Altaria|def|3
|move|p1a: Tyranitar|Stone Edge|p2a: Altaria
|-damage|p2a: Altaria|240\/354
|
|-weather|none
|turn|11
|
|move|p2a: Altaria|Hyper Voice|p1a: Tyranitar
|-supereffective|p1a: Tyranitar
|-damage|p1a: Tyranitar|0 fnt
|faint|p1a: Tyranitar
|
|
|switch|p1a: Scizor|Scizor, M|10\/343
|turn|12
|
|move|p1a: Scizor|Bullet Punch|p2a: Altaria
|-supereffective|p2a: Altaria
|-damage|p2a: Altaria|154\/354
|move|p2a: Altaria|Hyper Voice|p1a: Scizor
|-resisted|p1a: Scizor
|-damage|p1a: Scizor|0 fnt
|faint|p1a: Scizor
|
|
|switch|p1a: Raikou|Raikou|321\/321
|-ability|p1a: Raikou|Pressure
|turn|13
|
|move|p1a: Raikou|Shadow Ball|p2a: Altaria
|-damage|p2a: Altaria|113\/354
|move|p2a: Altaria|Roost|p2a: Altaria
|-heal|p2a: Altaria|290\/354
|
|turn|14
|-message|qways forfeited.
|leave|qways
|
|win|gffjd jfjyjjg
|raw|Ladder updating...
|player|p1
|raw|qways's rating: 1375 &rarr; <strong>1347<\/strong><br \/>(-28 for losing)
|raw|gffjd jfjyjjg's rating: 1214 &rarr; <strong>1250<\/strong><br \/>(+36 for winning)