|join|Ilight
|join|Vlado Vladimir
|player|p1|Ilight|262
|player|p2|Vlado Vladimir|vladosmercado.gif
|gametype|singles
|gen|6
|tier|OU Monotype
|rule|Same Type Clause: PokÃ©mon in a team must share a type
|rule|Sleep Clause Mod: Limit one foe put to sleep
|rule|Species Clause: Limit one of each PokÃ©mon
|rule|OHKO Clause: OHKO moves are banned
|rule|Moody Clause: Moody is banned
|rule|Evasion Moves Clause: Evasion moves are banned
|rule|Endless Battle Clause: Forcing endless battles is banned
|rule|HP Percentage Mod: HP is reported as percentages
|clearpoke
|poke|p1|Umbreon, M
|poke|p1|Mandibuzz, F
|poke|p1|Sableye, M
|poke|p1|Bisharp, M
|poke|p1|Greninja, M
|poke|p1|Tyranitar, M
|poke|p2|Magnezone
|poke|p2|Empoleon, M
|poke|p2|Heatran, F
|poke|p2|Scizor, M
|poke|p2|Excadrill, M
|poke|p2|Jirachi
|rule|Swagger Clause: Swagger is banned
|rule|Baton Pass Clause: Limit one PokÃ©mon knowing Baton Pass
|teampreview
|join|Alliance - Haxnova
|chat|Vlado Vladimir|hf gl
|chat|Ilight|interesting team
|chat|Ilight|anyway gl hf
|
|start
|switch|p1a: Greninja|Greninja, M|286\/286
|switch|p2a: Picos locos|Excadrill, M|362\/362
|-ability|p2a: Picos locos|Mold Breaker
|turn|1
|
|switch|p1a: Mandibuzz|Mandibuzz, F|424\/424
|move|p2a: Picos locos|X-Scissor|p1a: Mandibuzz
|-crit|p1a: Mandibuzz
|-damage|p1a: Mandibuzz|313\/424
|-damage|p2a: Picos locos|302\/362|[from] item: Rocky Helmet|[of] p1a: Mandibuzz
|
|turn|2
|chat|Alliance - Haxnova|Bulky dark is one of the 3 best OP teams in the Meta
|chat|Ilight|true but
|chat|Ilight|it has a difficulty
|chat|Ilight|facing bulky steel
|
|switch|p2a: Magnezone|Magnezone|282\/282
|move|p1a: Mandibuzz|Foul Play|p2a: Magnezone
|-damage|p2a: Magnezone|215\/282
|
|turn|3
|chat|Ilight|and gardevoir mega
|chat|Vlado Vladimir|im not bulky dud
|
|switch|p1a: Umbreon|Umbreon, M|394\/394
|move|p2a: Magnezone|Thunderbolt|p1a: Umbreon
|-damage|p1a: Umbreon|304\/394
|
|-heal|p1a: Umbreon|328\/394|[from] item: Leftovers
|turn|4
|chat|Ilight|empoleon scizor heatran
|chat|Ilight|jirachi
|chat|Ilight|your bulky :P
|chat|Ilight|all steel is bulky really
|chat|Alliance - Haxnova|Well .. Mega Gardi could be a problem. Bisharp kills though!
|
|switch|p2a: Picos locos|Excadrill, M|302\/362
|-ability|p2a: Picos locos|Mold Breaker
|move|p1a: Umbreon|Foul Play|p2a: Picos locos
|-damage|p2a: Picos locos|31\/362
|
|-heal|p1a: Umbreon|352\/394|[from] item: Leftovers
|turn|5
|chat|Ilight|yeah but.
|chat|Ilight|gard outspeeds
|chat|Ilight|and one shots.
|chat|Ilight|:P
|chat|Ilight|that's why i usually u-turn
|chat|Alliance - Haxnova|Doesn't outspeed the Sucker
|chat|Alliance - Haxnova|c;
|chat|Ilight|or hp fire the gardevoir
|chat|Ilight|hp fire allows me to live
|chat|Ilight|a what's it called
|chat|Ilight|hyper voice
|chat|Ilight|then i can go for another move
|
|move|p2a: Picos locos|Rock Slide|p1a: Umbreon
|-miss|p2a: Picos locos|p1a: Umbreon
|move|p1a: Umbreon|Wish|p1a: Umbreon
|
|-heal|p1a: Umbreon|376\/394|[from] item: Leftovers
|turn|6
|chat|Vlado Vladimir|ugh
|
|switch|p2a: :3|Jirachi|391\/391
|move|p1a: Umbreon|Foul Play|p2a: :3
|-supereffective|p2a: :3
|-damage|p2a: :3|133\/391
|
|-heal|p1a: Umbreon|394\/394|[from] move: Wish|[wisher] Umbreon
|-heal|p2a: :3|157\/391|[from] item: Leftovers
|turn|7
|
|move|p2a: :3|Thunder Wave|p1a: Umbreon
|-status|p1a: Umbreon|par
|-status|p2a: :3|par
|move|p1a: Umbreon|Foul Play|p2a: :3
|-supereffective|p2a: :3
|-damage|p2a: :3|0 fnt
|faint|p2a: :3
|
|chat|Alliance - Haxnova|I see, I wonder if Mega Tar can take a MoonBlast
|chat|Ilight|easily
|
|switch|p2a: La Ã±onga|Scizor, M|341\/341
|turn|8
|
|switch|p1a: Mandibuzz|Mandibuzz, F|313\/424
|detailschange|p2a: La Ã±onga|Scizor-Mega, M
|message|Scizor has Mega Evolved into Mega Scizor!
|move|p2a: La Ã±onga|Swords Dance|p2a: La Ã±onga
|-boost|p2a: La Ã±onga|atk|2
|
|turn|9
|
|move|p1a: Mandibuzz|Foul Play|p2a: La Ã±onga
|-damage|p2a: La Ã±onga|98\/341
|move|p2a: La Ã±onga|Bug Bite|p1a: Mandibuzz
|-damage|p1a: Mandibuzz|49\/424
|-damage|p2a: La Ã±onga|42\/341|[from] item: Rocky Helmet|[of] p1a: Mandibuzz
|
|turn|10
|
|move|p2a: La Ã±onga|Bullet Punch|p1a: Mandibuzz
|-damage|p1a: Mandibuzz|0 fnt
|-damage|p2a: La Ã±onga|0 fnt|[from] item: Rocky Helmet|[of] p1a: Mandibuzz
|faint|p2a: La Ã±onga
|faint|p1a: Mandibuzz
|
|
|switch|p2a: Picos locos|Excadrill, M|31\/362
|switch|p1a: Bisharp|Bisharp, M|272\/272
|-ability|p2a: Picos locos|Mold Breaker
|turn|11
|
|switch|p2a: Magnezone|Magnezone|215\/282
|move|p1a: Bisharp|Sucker Punch|p2a: Magnezone
|-fail|p2a: Magnezone
|
|turn|12
|
|move|p1a: Bisharp|Sucker Punch|p2a: Magnezone
|-damage|p2a: Magnezone|38\/282
|-damage|p1a: Bisharp|245\/272|[from] item: Life Orb
|move|p2a: Magnezone|Thunderbolt|p1a: Bisharp
|-damage|p1a: Bisharp|19\/272
|
|turn|13
|
|switch|p2a: Empoleon|Empoleon, M|372\/372
|move|p1a: Bisharp|Sucker Punch|p2a: Empoleon
|-fail|p2a: Empoleon
|
|turn|14
|join|Canyon
|
|move|p1a: Bisharp|Knock Off|p2a: Empoleon
|-damage|p2a: Empoleon|122\/372
|-enditem|p2a: Empoleon|Weakness Policy|[from] move: Knock Off|[of] p1a: Bisharp
|-damage|p1a: Bisharp|0 fnt|[from] item: Life Orb
|faint|p1a: Bisharp
|move|p2a: Empoleon|Agility|p2a: Empoleon
|-boost|p2a: Empoleon|spe|2
|
|
|switch|p1a: Umbreon|Umbreon, M|394\/394 par
|turn|15
|
|move|p2a: Empoleon|Hydro Pump|p1a: Umbreon
|-crit|p1a: Umbreon
|-damage|p1a: Umbreon|175\/394 par
|move|p1a: Umbreon|Heal Bell|p1a: Umbreon
|-cureteam|p1a: Umbreon|[from] move: HealBell
|
|-heal|p1a: Umbreon|199\/394|[from] item: Leftovers
|turn|16
|join|Unity Î Argus
|
|move|p1a: Umbreon|Protect|p1a: Umbreon
|-singleturn|p1a: Umbreon|Protect
|move|p2a: Empoleon|Hydro Pump|p1a: Umbreon
|-activate|p1a: Umbreon|Protect
|
|-heal|p1a: Umbreon|223\/394|[from] item: Leftovers
|turn|17
|
|move|p2a: Empoleon|Hydro Pump|p1a: Umbreon
|-damage|p1a: Umbreon|79\/394
|move|p1a: Umbreon|Wish|p1a: Umbreon
|
|-heal|p1a: Umbreon|103\/394|[from] item: Leftovers
|turn|18
|
|switch|p2a: Picos locos|Excadrill, M|31\/362
|-ability|p2a: Picos locos|Mold Breaker
|move|p1a: Umbreon|Protect|p1a: Umbreon
|-fail|p1a: Umbreon
|
|-heal|p1a: Umbreon|300\/394|[from] move: Wish|[wisher] Umbreon
|-heal|p1a: Umbreon|324\/394|[from] item: Leftovers
|turn|19
|
|move|p1a: Umbreon|Protect|p1a: Umbreon
|-singleturn|p1a: Umbreon|Protect
|move|p2a: Picos locos|X-Scissor|p1a: Umbreon
|-activate|p1a: Umbreon|Protect
|
|-heal|p1a: Umbreon|348\/394|[from] item: Leftovers
|turn|20
|
|move|p2a: Picos locos|X-Scissor|p1a: Umbreon
|-supereffective|p1a: Umbreon
|-damage|p1a: Umbreon|150\/394
|move|p1a: Umbreon|Wish|p1a: Umbreon
|
|-heal|p1a: Umbreon|174\/394|[from] item: Leftovers
|turn|21
|join|Unity Î ArkenCiel
|chat|Vlado Vladimir|Uuh
|chat|Vlado Vladimir|I really needed scizor
|chat|Vlado Vladimir|for this
|
|move|p1a: Umbreon|Protect|p1a: Umbreon
|-singleturn|p1a: Umbreon|Protect
|move|p2a: Picos locos|X-Scissor|p1a: Umbreon
|-activate|p1a: Umbreon|Protect
|
|-heal|p1a: Umbreon|371\/394|[from] move: Wish|[wisher] Umbreon
|-heal|p1a: Umbreon|394\/394|[from] item: Leftovers
|turn|22
|chat|Ilight|:P
|
|move|p2a: Picos locos|X-Scissor|p1a: Umbreon
|-supereffective|p1a: Umbreon
|-damage|p1a: Umbreon|192\/394
|move|p1a: Umbreon|Foul Play|p2a: Picos locos
|-damage|p2a: Picos locos|0 fnt
|faint|p2a: Picos locos
|
|-heal|p1a: Umbreon|216\/394|[from] item: Leftovers
|join|Alliance - jonny
|
|switch|p2a: Suarez|Heatran, F|324\/324
|-item|p2a: Suarez|Air Balloon
|turn|23
|
|move|p2a: Suarez|Lava Plume|p1a: Umbreon
|-damage|p1a: Umbreon|128\/394
|move|p1a: Umbreon|Wish|p1a: Umbreon
|
|-heal|p1a: Umbreon|152\/394|[from] item: Leftovers
|turn|24
|
|move|p2a: Suarez|Ancient Power|p1a: Umbreon
|-damage|p1a: Umbreon|104\/394
|move|p1a: Umbreon|Foul Play|p2a: Suarez
|-crit|p2a: Suarez
|-damage|p2a: Suarez|191\/324
|-enditem|p2a: Suarez|Air Balloon
|
|-heal|p1a: Umbreon|301\/394|[from] move: Wish|[wisher] Umbreon
|-heal|p1a: Umbreon|325\/394|[from] item: Leftovers
|turn|25
|
|move|p2a: Suarez|Ancient Power|p1a: Umbreon
|-damage|p1a: Umbreon|277\/394
|move|p1a: Umbreon|Wish|p1a: Umbreon
|
|-heal|p1a: Umbreon|301\/394|[from] item: Leftovers
|turn|26
|chat|Ilight|btw
|chat|Vlado Vladimir|wut?
|chat|Ilight|some advice for both magnezone empoleon
|chat|Ilight|and heatran
|chat|Alliance - jonny|umbreon go away
|chat|Vlado Vladimir|Nice
|chat|Ilight|i'd lower there iv's to 0
|chat|Ilight|in attack
|chat|Ilight|so foul play does less
|
|move|p2a: Suarez|Ancient Power|p1a: Umbreon
|-damage|p1a: Umbreon|251\/394
|move|p1a: Umbreon|Foul Play|p2a: Suarez
|-damage|p2a: Suarez|104\/324
|
|-heal|p1a: Umbreon|394\/394|[from] move: Wish|[wisher] Umbreon
|turn|27
|chat|Vlado Vladimir|Oh
|chat|Vlado Vladimir|Thank u!
|chat|Ilight|no problem haha
|chat|Vlado Vladimir|That does all the sense of the world
|chat|Vlado Vladimir|thanks again 
|
|move|p2a: Suarez|Ancient Power|p1a: Umbreon
|-damage|p1a: Umbreon|345\/394
|move|p1a: Umbreon|Wish|p1a: Umbreon
|
|-heal|p1a: Umbreon|369\/394|[from] item: Leftovers
|turn|28
|
|move|p2a: Suarez|Lava Plume|p1a: Umbreon
|-damage|p1a: Umbreon|273\/394
|-status|p1a: Umbreon|brn
|move|p1a: Umbreon|Foul Play|p2a: Suarez
|-damage|p2a: Suarez|56\/324
|
|-heal|p1a: Umbreon|394\/394 brn|[from] move: Wish|[wisher] Umbreon
|-damage|p1a: Umbreon|345\/394 brn|[from] brn
|turn|29
|chat|Ilight|anyway no point in stalling this
|
|switch|p1a: Greninja|Greninja, M|286\/286
|move|p2a: Suarez|Lava Plume|p1a: Greninja
|-resisted|p1a: Greninja
|-damage|p1a: Greninja|180\/286
|-status|p1a: Greninja|brn
|
|-damage|p1a: Greninja|145\/286 brn|[from] brn
|turn|30
|join|ImpâInferno
|chat|Vlado Vladimir|This is why I needed klefki too
|
|move|p1a: Greninja|Surf|p2a: Suarez
|-start|p1a: Greninja|typechange|Water|[from] Protean
|-supereffective|p2a: Suarez
|-damage|p2a: Suarez|0 fnt
|-damage|p1a: Greninja|117\/286 brn|[from] item: Life Orb
|faint|p2a: Suarez
|
|-damage|p1a: Greninja|82\/286 brn|[from] brn
|
|switch|p2a: Magnezone|Magnezone|38\/282
|turn|31
|
|move|p1a: Greninja|Surf|p2a: Magnezone
|-damage|p2a: Magnezone|0 fnt
|-damage|p1a: Greninja|54\/286 brn|[from] item: Life Orb
|faint|p2a: Magnezone
|
|-damage|p1a: Greninja|19\/286 brn|[from] brn
|chat|Ilight|gg
|chat|Vlado Vladimir|gg
|chat|Alliance - jonny|nobody likes u
|chat|Alliance - jonny|umbreon is in my top 5 least fav poks
|
|switch|p2a: Empoleon|Empoleon, M|122\/372
|turn|32
|
|move|p1a: Greninja|Dark Pulse|p2a: Empoleon
|-start|p1a: Greninja|typechange|Dark|[from] Protean
|-damage|p2a: Empoleon|0 fnt
|-damage|p1a: Greninja|0 fnt|[from] item: Life Orb
|faint|p2a: Empoleon
|faint|p1a: Greninja
|
|win|Ilight
|leave|ImpâInferno
|leave|Ilight
|player|p1
|leave|Alliance - jonny
|chat|Alliance - Haxnova|gg
|leave|Vlado Vladimir
|player|p2
|leave|Unity Î Argus
|leave|Alliance - Haxnova
|join|Unity Î MrSky
|leave|Unity Î MrSky
|join|Unity Î Argus