|join|InJ Photon
|join|Vlado Vladimir
|player|p1|InJ Photon|265
|player|p2|Vlado Vladimir|101
|gametype|singles
|gen|6
|tier|OU Monotype
|rated
|rule|Baton Pass Clause: Limit one PokÃ©mon knowing Baton Pass
|rule|Swagger Clause: Swagger is banned
|rule|Same Type Clause: PokÃ©mon in a team must share a type
|clearpoke
|poke|p1|Scizor, M
|poke|p1|Heracross, M
|poke|p1|Armaldo, F
|poke|p1|Galvantula, F
|poke|p1|Volcarona, F
|poke|p1|Vivillon, F
|poke|p2|Jirachi
|poke|p2|Genesect-*
|poke|p2|Scizor, F
|poke|p2|Skarmory, M
|poke|p2|Heatran, F
|poke|p2|Excadrill, F
|rule|Sleep Clause Mod: Limit one foe put to sleep
|rule|Species Clause: Limit one of each PokÃ©mon
|rule|OHKO Clause: OHKO moves are banned
|rule|Moody Clause: Moody is banned
|rule|Evasion Moves Clause: Evasion moves are banned
|rule|Endless Battle Clause: Forcing endless battles is banned
|rule|HP Percentage Mod: HP is shown in percentages
|teampreview
|leave|InJ Photon
|player|p1
|join|IAMPHOTON
|c|âVlado Vladimir|Hi
|join|InJ Photon
|c|âVlado Vladimir|:I
|player|p1|InJ Photon|265
|teampreview
|
|start
|switch|p1a: Vivillon|Vivillon, F|301\/301
|switch|p2a: Jirachi|Jirachi|404\/404
|turn|1
|
|move|p2a: Jirachi|Iron Head|p1a: Vivillon
|-damage|p1a: Vivillon|118\/301
|cant|p1a: Vivillon|flinch
|
|turn|2
|
|switch|p1a: Volcarona|Volcarona, F|374\/374
|move|p2a: Jirachi|Iron Head|p1a: Volcarona
|-resisted|p1a: Volcarona
|-damage|p1a: Volcarona|325\/374
|
|turn|3
|
|switch|p2a: Heatran|Heatran, F|348\/348
|-item|p2a: Heatran|Air Balloon
|switch|p1a: Vivillon|Vivillon, F|118\/301
|
|turn|4
|
|move|p1a: Vivillon|Sleep Powder|p2a: Heatran
|-status|p2a: Heatran|slp
|cant|p2a: Heatran|slp
|
|turn|5
|
|switch|p1a: Armaldo|Armaldo, F|354\/354
|cant|p2a: Heatran|slp
|
|turn|6
|
|switch|p2a: Skarmory|Skarmory, M|334\/334
|move|p1a: Armaldo|Knock Off|p2a: Skarmory
|-crit|p2a: Skarmory
|-damage|p2a: Skarmory|229\/334
|-damage|p1a: Armaldo|295\/354|[from] item: Rocky Helmet|[of] p2a: Skarmory
|-enditem|p2a: Skarmory|Rocky Helmet|[from] move: Knock Off|[of] p1a: Armaldo
|
|turn|7
|
|switch|p1a: Galvantula|Galvantula, F|281\/281
|move|p2a: Skarmory|Stealth Rock|p1a: Galvantula
|-sidestart|p1: InJ Photon|move: Stealth Rock
|
|turn|8
|
|move|p1a: Galvantula|Thunder|p2a: Skarmory
|-supereffective|p2a: Skarmory
|-damage|p2a: Skarmory|0 fnt
|faint|p2a: Skarmory
|
|
|switch|p2a: Jirachi|Jirachi|404\/404
|turn|9
|
|switch|p1a: Volcarona|Volcarona, F|325\/374
|-damage|p1a: Volcarona|138\/374|[from] Stealth Rock
|move|p2a: Jirachi|Zen Headbutt|p1a: Volcarona|[miss]
|-miss|p2a: Jirachi|p1a: Volcarona
|
|turn|10
|
|move|p2a: Jirachi|Zen Headbutt|p1a: Volcarona|[miss]
|-miss|p2a: Jirachi|p1a: Volcarona
|move|p1a: Volcarona|Roost|p1a: Volcarona
|-heal|p1a: Volcarona|325\/374
|
|turn|11
|
|move|p2a: Jirachi|Zen Headbutt|p1a: Volcarona
|-crit|p1a: Volcarona
|-damage|p1a: Volcarona|154\/374
|move|p1a: Volcarona|Quiver Dance|p1a: Volcarona
|-boost|p1a: Volcarona|spa|1
|-boost|p1a: Volcarona|spd|1
|-boost|p1a: Volcarona|spe|1
|
|turn|12
|c|âVlado Vladimir|the fuck is this_
|
|move|p2a: Jirachi|Zen Headbutt|p1a: Volcarona|[miss]
|-miss|p2a: Jirachi|p1a: Volcarona
|move|p1a: Volcarona|Roost|p1a: Volcarona
|-heal|p1a: Volcarona|341\/374
|
|turn|13
|c|âVlado Vladimir|!dtvolcarona
|
|move|p2a: Jirachi|Zen Headbutt|p1a: Volcarona|[miss]
|-miss|p2a: Jirachi|p1a: Volcarona
|move|p1a: Volcarona|Quiver Dance|p1a: Volcarona
|-boost|p1a: Volcarona|spa|1
|-boost|p1a: Volcarona|spd|1
|-boost|p1a: Volcarona|spe|1
|
|turn|14
|c|âVlado Vladimir|now seriously
|
|move|p1a: Volcarona|Quiver Dance|p1a: Volcarona
|-boost|p1a: Volcarona|spa|1
|-boost|p1a: Volcarona|spd|1
|-boost|p1a: Volcarona|spe|1
|move|p2a: Jirachi|Zen Headbutt|p1a: Volcarona
|-damage|p1a: Volcarona|226\/374
|
|turn|15
|
|move|p1a: Volcarona|Quiver Dance|p1a: Volcarona
|-boost|p1a: Volcarona|spa|1
|-boost|p1a: Volcarona|spd|1
|-boost|p1a: Volcarona|spe|1
|move|p2a: Jirachi|Zen Headbutt|p1a: Volcarona
|-damage|p1a: Volcarona|115\/374
|-status|p2a: Jirachi|brn
|
|-damage|p2a: Jirachi|354\/404 brn|[from] brn
|turn|16
|-message|Vlado Vladimir forfeited.
|
|win|InJ Photon
|raw|Ladder updating...
|raw|InJ Photon's rating: 1206 &rarr; <strong>1239<\/strong><br \/>(+33 for winning)
|raw|Vlado Vladimir's rating: 1322 &rarr; <strong>1296<\/strong><br \/>(-26 for losing)