|join|WECAMEASROMANS
|join|Vlado Vladimir
|player|p1|WECAMEASROMANS|265
|player|p2|Vlado Vladimir|1
|gametype|singles
|gen|6
|tier|OU
|rated
|clearpoke
|poke|p1|Skarmory, M
|poke|p1|Bronzong
|poke|p1|Sableye, F
|poke|p1|Tentacruel, M
|poke|p1|Gastrodon, M
|poke|p1|Dragonite, F
|poke|p2|Metagross
|poke|p2|Rotom-Wash
|poke|p2|Heatran, F
|poke|p2|Latios, M
|poke|p2|Ferrothorn, F
|poke|p2|Landorus-Therian, M
|rule|Swagger Clause: Swagger is banned
|rule|Baton Pass Clause: Limit one PokÃ©mon knowing Baton Pass
|rule|Sleep Clause Mod: Limit one foe put to sleep
|rule|Species Clause: Limit one of each PokÃ©mon
|rule|OHKO Clause: OHKO moves are banned
|rule|Moody Clause: Moody is banned
|rule|Evasion Moves Clause: Evasion moves are banned
|rule|Endless Battle Clause: Forcing endless battles is banned
|rule|HP Percentage Mod: HP is shown in percentages
|teampreview
|
|start
|switch|p1a: Gastrodon|Gastrodon, M|417\/417
|switch|p2a: Heatran|Heatran, F|324\/324
|turn|1
|
|switch|p2a: Latios|Latios, M|302\/302
|move|p1a: Gastrodon|Earthquake|p2a: Latios
|-immune|p2a: Latios|[msg]
|
|turn|2
|
|switch|p1a: Bronzong|Bronzong|338\/338
|move|p2a: Latios|Hidden Power|p1a: Bronzong
|-crit|p1a: Bronzong
|-supereffective|p1a: Bronzong
|-damage|p1a: Bronzong|159\/338
|-damage|p2a: Latios|272\/302|[from] item: Life Orb
|
|-heal|p1a: Bronzong|180\/338|[from] item: Leftovers
|turn|3
|
|switch|p2a: Heatran|Heatran, F|324\/324
|move|p1a: Bronzong|Stealth Rock|p2a: Heatran
|-sidestart|p2: Vlado Vladimir|move: Stealth Rock
|
|-heal|p1a: Bronzong|201\/338|[from] item: Leftovers
|turn|4
|
|switch|p1a: Tentacruel|Tentacruel, M|364\/364
|move|p2a: Heatran|Dark Pulse|p1a: Tentacruel
|-damage|p1a: Tentacruel|233\/364
|
|-heal|p1a: Tentacruel|255\/364|[from] item: Black Sludge
|turn|5
|
|move|p2a: Heatran|Dark Pulse|p1a: Tentacruel
|-damage|p1a: Tentacruel|132\/364
|move|p1a: Tentacruel|Scald|p2a: Heatran
|-supereffective|p2a: Heatran
|-damage|p2a: Heatran|186\/324
|
|-heal|p1a: Tentacruel|154\/364|[from] item: Black Sludge
|turn|6
|
|switch|p1a: Dragonite|Dragonite, F|381\/381
|move|p2a: Heatran|Dark Pulse|p1a: Dragonite
|-damage|p1a: Dragonite|318\/381
|
|-heal|p1a: Dragonite|341\/381|[from] item: Leftovers
|turn|7
|
|switch|p2a: Landorus-Therian|Landorus-Therian, M|382\/382
|-damage|p2a: Landorus-Therian|335\/382|[from] Stealth Rock
|-ability|p2a: Landorus-Therian|Intimidate|[of] p1a: Dragonite
|-unboost|p1a: Dragonite|atk|1
|switch|p1a: Sableye|Sableye, F|304\/304
|
|-heal|p2a: Landorus-Therian|358\/382|[from] item: Leftovers
|turn|8
|
|detailschange|p1a: Sableye|Sableye-Mega, F
|-mega|p1a: Sableye|Sableye|Sablenite
|move|p2a: Landorus-Therian|Earthquake|p1a: Sableye
|-damage|p1a: Sableye|210\/304
|move|p1a: Sableye|Shadow Ball|p2a: Landorus-Therian
|-damage|p2a: Landorus-Therian|256\/382
|
|-heal|p2a: Landorus-Therian|279\/382|[from] item: Leftovers
|turn|9
|
|switch|p2a: Heatran|Heatran, F|186\/324
|-damage|p2a: Heatran|146\/324|[from] Stealth Rock
|move|p1a: Sableye|Recover|p1a: Sableye
|-heal|p1a: Sableye|304\/304
|
|turn|10
|
|switch|p1a: Dragonite|Dragonite, F|341\/381
|move|p2a: Heatran|Fire Blast|p1a: Dragonite
|-resisted|p1a: Dragonite
|-damage|p1a: Dragonite|202\/381
|-status|p1a: Dragonite|brn
|
|-heal|p1a: Dragonite|225\/381 brn|[from] item: Leftovers
|-damage|p1a: Dragonite|178\/381 brn|[from] brn
|turn|11
|
|switch|p2a: Landorus-Therian|Landorus-Therian, M|279\/382
|-damage|p2a: Landorus-Therian|232\/382|[from] Stealth Rock
|-ability|p2a: Landorus-Therian|Intimidate|[of] p1a: Dragonite
|-unboost|p1a: Dragonite|atk|1
|move|p1a: Dragonite|Roost|p1a: Dragonite
|-heal|p1a: Dragonite|369\/381 brn
|
|-heal|p2a: Landorus-Therian|255\/382|[from] item: Leftovers
|-heal|p1a: Dragonite|381\/381 brn|[from] item: Leftovers
|-damage|p1a: Dragonite|334\/381 brn|[from] brn
|turn|12
|
|switch|p1a: Sableye|Sableye-Mega, F|304\/304
|move|p2a: Landorus-Therian|U-turn|p1a: Sableye
|-crit|p1a: Sableye
|-damage|p1a: Sableye|230\/304
|
|switch|p2a: Heatran|Heatran, F|146\/324
|-damage|p2a: Heatran|106\/324|[from] Stealth Rock
|
|turn|13
|
|switch|p1a: Dragonite|Dragonite, F|334\/381 brn
|move|p2a: Heatran|Flash Cannon|p1a: Dragonite
|-damage|p1a: Dragonite|150\/381 brn
|-unboost|p1a: Dragonite|spd|1
|
|-heal|p1a: Dragonite|173\/381 brn|[from] item: Leftovers
|-damage|p1a: Dragonite|126\/381 brn|[from] brn
|turn|14
|
|switch|p1a: Skarmory|Skarmory, M|334\/334
|move|p2a: Heatran|Flash Cannon|p1a: Skarmory
|-resisted|p1a: Skarmory
|-damage|p1a: Skarmory|175\/334
|-unboost|p1a: Skarmory|spd|1
|
|turn|15
|
|switch|p1a: Gastrodon|Gastrodon, M|417\/417
|move|p2a: Heatran|Flash Cannon|p1a: Gastrodon
|-resisted|p1a: Gastrodon
|-damage|p1a: Gastrodon|276\/417
|
|-heal|p1a: Gastrodon|302\/417|[from] item: Leftovers
|turn|16
|
|switch|p2a: Latios|Latios, M|272\/302
|-damage|p2a: Latios|235\/302|[from] Stealth Rock
|move|p1a: Gastrodon|Scald|p2a: Latios
|-resisted|p2a: Latios
|-damage|p2a: Latios|193\/302
|
|-heal|p1a: Gastrodon|328\/417|[from] item: Leftovers
|turn|17
|
|move|p2a: Latios|Hidden Power|p1a: Gastrodon
|-resisted|p1a: Gastrodon
|-damage|p1a: Gastrodon|277\/417
|-damage|p2a: Latios|163\/302|[from] item: Life Orb
|move|p1a: Gastrodon|Recover|p1a: Gastrodon
|-heal|p1a: Gastrodon|417\/417
|
|turn|18
|
|move|p2a: Latios|Psyshock|p1a: Gastrodon
|-damage|p1a: Gastrodon|242\/417
|-damage|p2a: Latios|133\/302|[from] item: Life Orb
|move|p1a: Gastrodon|Recover|p1a: Gastrodon
|-heal|p1a: Gastrodon|417\/417
|
|turn|19
|
|move|p2a: Latios|Draco Meteor|p1a: Gastrodon
|-damage|p1a: Gastrodon|100\/417
|-unboost|p2a: Latios|spa|2
|-damage|p2a: Latios|103\/302|[from] item: Life Orb
|move|p1a: Gastrodon|Recover|p1a: Gastrodon
|-heal|p1a: Gastrodon|309\/417
|
|-heal|p1a: Gastrodon|335\/417|[from] item: Leftovers
|turn|20
|
|switch|p2a: Heatran|Heatran, F|106\/324
|-damage|p2a: Heatran|66\/324|[from] Stealth Rock
|move|p1a: Gastrodon|Toxic|p2a: Heatran
|-fail|p2a: Heatran
|
|-heal|p1a: Gastrodon|361\/417|[from] item: Leftovers
|turn|21
|
|move|p2a: Heatran|Dark Pulse|p1a: Gastrodon
|-damage|p1a: Gastrodon|188\/417
|move|p1a: Gastrodon|Recover|p1a: Gastrodon
|-heal|p1a: Gastrodon|397\/417
|
|-heal|p1a: Gastrodon|417\/417|[from] item: Leftovers
|turn|22
|
|move|p2a: Heatran|Dark Pulse|p1a: Gastrodon
|-damage|p1a: Gastrodon|236\/417
|move|p1a: Gastrodon|Earthquake|p2a: Heatran
|-supereffective|p2a: Heatran
|-damage|p2a: Heatran|0 fnt
|faint|p2a: Heatran
|
|-heal|p1a: Gastrodon|262\/417|[from] item: Leftovers
|
|switch|p2a: Latios|Latios, M|103\/302
|-damage|p2a: Latios|66\/302|[from] Stealth Rock
|turn|23
|
|switch|p1a: Bronzong|Bronzong|201\/338
|move|p2a: Latios|Hidden Power|p1a: Bronzong
|-supereffective|p1a: Bronzong
|-damage|p1a: Bronzong|81\/338
|-damage|p2a: Latios|36\/302|[from] item: Life Orb
|
|-heal|p1a: Bronzong|102\/338|[from] item: Leftovers
|turn|24
|
|switch|p1a: Dragonite|Dragonite, F|126\/381 brn
|move|p2a: Latios|Draco Meteor|p1a: Dragonite
|-supereffective|p1a: Dragonite
|-damage|p1a: Dragonite|0 fnt
|-unboost|p2a: Latios|spa|2
|-damage|p2a: Latios|6\/302|[from] item: Life Orb
|faint|p1a: Dragonite
|
|
|switch|p1a: Sableye|Sableye-Mega, F|230\/304
|turn|25
|
|move|p2a: Latios|Draco Meteor|p1a: Sableye|[miss]
|-miss|p2a: Latios|p1a: Sableye
|move|p1a: Sableye|Recover|p1a: Sableye
|-heal|p1a: Sableye|304\/304
|
|turn|26
|
|move|p2a: Latios|Defog|p1a: Sableye
|move|p1a: Sableye|Defog|p2a: Latios|[from]Magic Bounce
|-unboost|p2a: Latios|evasion|1
|-sideend|p2: Vlado Vladimir|Stealth Rock|[from] move: Defog|[of] p2a: Latios
|move|p1a: Sableye|Recover|p1a: Sableye
|-fail|p1a: Sableye
|
|turn|27
|
|switch|p2a: Rotom-Wash|Rotom-Wash|242\/242
|move|p1a: Sableye|Calm Mind|p1a: Sableye
|-boost|p1a: Sableye|spa|1
|-boost|p1a: Sableye|spd|1
|
|turn|28
|
|move|p2a: Rotom-Wash|Discharge|p1a: Sableye
|-damage|p1a: Sableye|241\/304
|-status|p1a: Sableye|par
|move|p1a: Sableye|Calm Mind|p1a: Sableye
|-boost|p1a: Sableye|spa|1
|-boost|p1a: Sableye|spd|1
|
|turn|29
|
|switch|p2a: Latios|Latios, M|6\/302
|move|p1a: Sableye|Recover|p1a: Sableye
|-heal|p1a: Sableye|304\/304 par
|
|turn|30
|
|move|p2a: Latios|Draco Meteor|p1a: Sableye
|-crit|p1a: Sableye
|-damage|p1a: Sableye|0 fnt
|-unboost|p2a: Latios|spa|2
|-damage|p2a: Latios|0 fnt|[from] item: Life Orb
|faint|p1a: Sableye
|faint|p2a: Latios
|
|
|switch|p2a: Metagross|Metagross|302\/302
|switch|p1a: Gastrodon|Gastrodon, M|262\/417
|turn|31
|
|detailschange|p2a: Metagross|Metagross-Mega
|-mega|p2a: Metagross|Metagross|Metagrossite
|move|p2a: Metagross|Zen Headbutt|p1a: Gastrodon
|-damage|p1a: Gastrodon|43\/417
|move|p1a: Gastrodon|Recover|p1a: Gastrodon
|-heal|p1a: Gastrodon|252\/417
|
|-heal|p1a: Gastrodon|278\/417|[from] item: Leftovers
|turn|32
|
|move|p2a: Metagross|Zen Headbutt|p1a: Gastrodon
|-crit|p1a: Gastrodon
|-damage|p1a: Gastrodon|0 fnt
|faint|p1a: Gastrodon
|
|
|switch|p1a: Bronzong|Bronzong|102\/338
|turn|33
|
|switch|p2a: Rotom-Wash|Rotom-Wash|242\/242
|move|p1a: Bronzong|Stealth Rock|p2a: Rotom-Wash
|-sidestart|p2: Vlado Vladimir|move: Stealth Rock
|
|-heal|p1a: Bronzong|123\/338|[from] item: Leftovers
|turn|34
|
|switch|p1a: Tentacruel|Tentacruel, M|154\/364
|move|p2a: Rotom-Wash|Discharge|p1a: Tentacruel
|-supereffective|p1a: Tentacruel
|-damage|p1a: Tentacruel|2\/364
|
|-heal|p1a: Tentacruel|24\/364|[from] item: Black Sludge
|turn|35
|-message|WECAMEASROMANS forfeited.
|
|win|Vlado Vladimir
|raw|Ladder updating...
|raw|WECAMEASROMANS's rating: 1584 &rarr; <strong>1563<\/strong><br \/>(-21 for losing)
|raw|Vlado Vladimir's rating: 1567 &rarr; <strong>1588<\/strong><br \/>(+21 for winning)