|join|Vlado Vladimir
|join|Dragon Stone
|player|p1|Vlado Vladimir|169
|player|p2|Dragon Stone|151
|gametype|singles
|gen|6
|tier|OU
|rated
|clearpoke
|poke|p1|Metagross
|poke|p1|Rotom-Wash
|poke|p1|Thundurus-Therian, M
|poke|p1|Latios, M
|poke|p1|Ferrothorn, F
|poke|p1|Landorus-Therian, M
|poke|p2|Gengar, M
|poke|p2|Meloetta
|poke|p2|Conkeldurr, M
|poke|p2|Ferrothorn, M
|poke|p2|Swampert, M
|poke|p2|Landorus, M
|rule|Swagger Clause: Swagger is banned
|rule|Baton Pass Clause: Limit one PokÃ©mon knowing Baton Pass
|rule|Sleep Clause Mod: Limit one foe put to sleep
|rule|Species Clause: Limit one of each PokÃ©mon
|rule|OHKO Clause: OHKO moves are banned
|rule|Moody Clause: Moody is banned
|rule|Evasion Moves Clause: Evasion moves are banned
|rule|Endless Battle Clause: Forcing endless battles is banned
|rule|HP Percentage Mod: HP is shown in percentages
|teampreview
|join|Bâ¥aâ¥uâ¥eâ¥râ¥
|c| Bâ¥aâ¥uâ¥eâ¥râ¥|geez
|c|âDragon Stone|So Many Teams..
|c| Bâ¥aâ¥uâ¥eâ¥râ¥|i just joined gen5ou tour to train for anoter tournament
|c|âDragon Stone|Swampert Weakness
|c| Bâ¥aâ¥uâ¥eâ¥râ¥|first opponent
|c| Bâ¥aâ¥uâ¥eâ¥râ¥|instant leave
|c|âDragon Stone|He was #1 on ladder Kek..
|c|âDragon Stone|Ox The Box ..
|
|start
|switch|p1a: Rotom-Wash|Rotom-Wash|303\/303
|switch|p2a: Tytannial|Ferrothorn, M|352\/352
|turn|1
|
|switch|p2a: Heihachi|Conkeldurr, M|383\/383
|move|p1a: Rotom-Wash|Will-O-Wisp|p2a: Heihachi|[miss]
|-miss|p1a: Rotom-Wash|p2a: Heihachi
|
|turn|2
|
|switch|p1a: Ferrothorn|Ferrothorn, F|352\/352
|move|p2a: Heihachi|Knock Off|p1a: Ferrothorn
|-damage|p1a: Ferrothorn|282\/352
|-damage|p2a: Heihachi|336\/383|[from] ability: Iron Barbs|[of] p1a: Ferrothorn
|-damage|p2a: Heihachi|273\/383|[from] item: Rocky Helmet|[of] p1a: Ferrothorn
|-enditem|p1a: Ferrothorn|Rocky Helmet|[from] move: Knock Off|[of] p2a: Heihachi
|
|turn|3
|
|switch|p1a: Landorus-Therian|Landorus-Therian, M|382\/382
|-ability|p1a: Landorus-Therian|Intimidate|[of] p2a: Heihachi
|-unboost|p2a: Heihachi|atk|1
|move|p2a: Heihachi|Drain Punch|p1a: Landorus-Therian
|-resisted|p1a: Landorus-Therian
|-damage|p1a: Landorus-Therian|347\/382
|-heal|p2a: Heihachi|291\/383|[from] drain|[of] p1a: Landorus-Therian
|
|-heal|p1a: Landorus-Therian|370\/382|[from] item: Leftovers
|turn|4
|
|switch|p1a: Ferrothorn|Ferrothorn, F|282\/352
|switch|p2a: Tytannial|Ferrothorn, M|352\/352
|
|turn|5
|
|move|p1a: Ferrothorn|Spikes|p2a: Tytannial
|-sidestart|p2: Dragon Stone|Spikes
|move|p2a: Tytannial|Stealth Rock|p1a: Ferrothorn
|-sidestart|p1: Vlado Vladimir|move: Stealth Rock
|
|turn|6
|
|move|p1a: Ferrothorn|Leech Seed|p2a: Tytannial
|-immune|p2a: Tytannial|[msg]
|move|p2a: Tytannial|Spikes|p1a: Ferrothorn
|-sidestart|p1: Vlado Vladimir|Spikes
|
|turn|7
|
|switch|p2a: Phantom|Gengar, M|262\/262
|move|p1a: Ferrothorn|Spikes|p2a: Phantom
|-sidestart|p2: Dragon Stone|Spikes
|
|turn|8
|c|âVlado Vladimir|wow
|
|move|p2a: Phantom|Focus Blast|p1a: Ferrothorn
|-supereffective|p1a: Ferrothorn
|-damage|p1a: Ferrothorn|0 fnt
|-damage|p2a: Phantom|236\/262|[from] item: Life Orb
|faint|p1a: Ferrothorn
|
|c|âDragon Stone|What..
|
|switch|p1a: Latios|Latios, M|301\/301
|-damage|p1a: Latios|264\/301|[from] Stealth Rock
|turn|9
|c|âVlado Vladimir|that set
|c|âVlado Vladimir|u like them taunts right?
|c|âDragon Stone|Yes..
|
|switch|p2a: Tytannial|Ferrothorn, M|352\/352
|-damage|p2a: Tytannial|294\/352|[from] Spikes
|move|p1a: Latios|Draco Meteor|p2a: Tytannial|[miss]
|-miss|p1a: Latios|p2a: Tytannial
|
|turn|10
|
|switch|p1a: Landorus-Therian|Landorus-Therian, M|370\/382
|-damage|p1a: Landorus-Therian|323\/382|[from] Stealth Rock
|-ability|p1a: Landorus-Therian|Intimidate|[of] p2a: Tytannial
|-unboost|p2a: Tytannial|atk|1
|move|p2a: Tytannial|Gyro Ball|p1a: Landorus-Therian
|-damage|p1a: Landorus-Therian|244\/382
|
|-heal|p1a: Landorus-Therian|267\/382|[from] item: Leftovers
|turn|11
|
|move|p1a: Landorus-Therian|Stealth Rock|p2a: Tytannial
|-sidestart|p2: Dragon Stone|move: Stealth Rock
|move|p2a: Tytannial|Leech Seed|p1a: Landorus-Therian
|-start|p1a: Landorus-Therian|move: Leech Seed
|
|-heal|p1a: Landorus-Therian|290\/382|[from] item: Leftovers
|-damage|p1a: Landorus-Therian|243\/382|[from] Leech Seed|[of] p2a: Tytannial
|-heal|p2a: Tytannial|341\/352|[silent]
|turn|12
|
|move|p1a: Landorus-Therian|U-turn|p2a: Tytannial
|-damage|p2a: Tytannial|298\/352
|-damage|p1a: Landorus-Therian|196\/382|[from] ability: Iron Barbs|[of] p2a: Tytannial
|-damage|p1a: Landorus-Therian|133\/382|[from] item: Rocky Helmet|[of] p2a: Tytannial
|
|switch|p1a: Thundurus-Therian|Thundurus-Therian, M|299\/299
|-damage|p1a: Thundurus-Therian|225\/299|[from] Stealth Rock
|move|p2a: Tytannial|Spikes|p1a: Thundurus-Therian
|-sidestart|p1: Vlado Vladimir|Spikes
|
|turn|13
|
|switch|p2a: Predator|Swampert, M|404\/404
|-damage|p2a: Predator|379\/404|[from] Stealth Rock
|-damage|p2a: Predator|312\/404|[from] Spikes
|move|p1a: Thundurus-Therian|Volt Switch|p2a: Predator
|-immune|p2a: Predator|[msg]
|
|turn|14
|
|switch|p1a: Landorus-Therian|Landorus-Therian, M|133\/382
|-damage|p1a: Landorus-Therian|86\/382|[from] Stealth Rock
|-ability|p1a: Landorus-Therian|Intimidate|[of] p2a: Predator
|-unboost|p2a: Predator|atk|1
|detailschange|p2a: Predator|Swampert-Mega, M
|-mega|p2a: Predator|Swampert|Swampertite
|move|p2a: Predator|Curse|p2a: Predator
|-boost|p2a: Predator|atk|1
|-boost|p2a: Predator|def|1
|-unboost|p2a: Predator|spe|1
|
|-heal|p1a: Landorus-Therian|109\/382|[from] item: Leftovers
|turn|15
|
|move|p1a: Landorus-Therian|Earthquake|p2a: Predator
|-damage|p2a: Predator|212\/404
|move|p2a: Predator|Curse|p2a: Predator
|-boost|p2a: Predator|atk|1
|-boost|p2a: Predator|def|1
|-unboost|p2a: Predator|spe|1
|
|-heal|p1a: Landorus-Therian|132\/382|[from] item: Leftovers
|turn|16
|
|move|p1a: Landorus-Therian|Earthquake|p2a: Predator
|-damage|p2a: Predator|136\/404
|move|p2a: Predator|Rest|p2a: Predator
|-status|p2a: Predator|slp
|-heal|p2a: Predator|404\/404 slp|[silent]
|-status|p2a: Predator|slp|[from] move: Rest
|
|-heal|p1a: Landorus-Therian|155\/382|[from] item: Leftovers
|turn|17
|
|switch|p1a: Latios|Latios, M|264\/301
|-damage|p1a: Latios|227\/301|[from] Stealth Rock
|cant|p2a: Predator|slp
|move|p2a: Predator|Sleep Talk|p2a: Predator
|move|p2a: Predator|Waterfall|p1a: Latios|[from]Sleep Talk
|-resisted|p1a: Latios
|-damage|p1a: Latios|94\/301
|
|turn|18
|c| Bâ¥aâ¥uâ¥eâ¥râ¥|gg imo
|
|move|p1a: Latios|Draco Meteor|p2a: Predator
|-damage|p2a: Predator|196\/404 slp
|-unboost|p1a: Latios|spa|2
|-damage|p1a: Latios|64\/301|[from] item: Life Orb
|cant|p2a: Predator|slp
|move|p2a: Predator|Sleep Talk|p2a: Predator
|move|p2a: Predator|Curse|p2a: Predator|[from]Sleep Talk
|-boost|p2a: Predator|atk|1
|-boost|p2a: Predator|def|1
|-unboost|p2a: Predator|spe|1
|
|turn|19
|c|âDragon Stone|It Is Gg
|
|move|p1a: Latios|Draco Meteor|p2a: Predator
|-damage|p2a: Predator|99\/404 slp
|-unboost|p1a: Latios|spa|2
|-damage|p1a: Latios|34\/301|[from] item: Life Orb
|-curestatus|p2a: Predator|slp
|move|p2a: Predator|Rest|p2a: Predator
|-status|p2a: Predator|slp
|-heal|p2a: Predator|404\/404 slp|[silent]
|-status|p2a: Predator|slp|[from] move: Rest
|
|turn|20
|
|move|p1a: Latios|Defog|p2a: Predator
|-unboost|p2a: Predator|evasion|1
|-sideend|p2: Dragon Stone|Spikes|[from] move: Defog|[of] p2a: Predator
|-sideend|p2: Dragon Stone|Stealth Rock|[from] move: Defog|[of] p2a: Predator
|-sideend|p1: Vlado Vladimir|Spikes|[from] move: Defog|[of] p1a: Latios
|-sideend|p1: Vlado Vladimir|Stealth Rock|[from] move: Defog|[of] p1a: Latios
|cant|p2a: Predator|slp
|move|p2a: Predator|Sleep Talk|p2a: Predator
|move|p2a: Predator|Waterfall|p1a: Latios|[from]Sleep Talk
|-resisted|p1a: Latios
|-damage|p1a: Latios|0 fnt
|faint|p1a: Latios
|
|
|switch|p1a: Rotom-Wash|Rotom-Wash|303\/303
|turn|21
|c| Bâ¥aâ¥uâ¥eâ¥râ¥|swampert is so obv, he wins this while sleeping
|c| Bâ¥aâ¥uâ¥eâ¥râ¥|op*
|c| Bâ¥aâ¥uâ¥eâ¥râ¥|lel
|
|move|p1a: Rotom-Wash|Pain Split|p2a: Predator
|-sethp|p2a: Predator|353\/404 slp|p1a: Rotom-Wash|303\/303|[from] move: Pain Split
|cant|p2a: Predator|slp
|move|p2a: Predator|Sleep Talk|p2a: Predator
|move|p2a: Predator|Rest|p2a: Predator|[from]Sleep Talk
|-fail|p2a: Predator
|
|turn|22
|
|move|p1a: Rotom-Wash|Hydro Pump|p2a: Predator
|-crit|p2a: Predator
|-damage|p2a: Predator|217\/404 slp
|-curestatus|p2a: Predator|slp
|move|p2a: Predator|Curse|p2a: Predator
|-boost|p2a: Predator|atk|1
|-boost|p2a: Predator|def|1
|-unboost|p2a: Predator|spe|1
|
|turn|23
|
|move|p1a: Rotom-Wash|Will-O-Wisp|p2a: Predator
|-status|p2a: Predator|brn
|move|p2a: Predator|Curse|p2a: Predator
|-boost|p2a: Predator|atk|1
|-boost|p2a: Predator|def|1
|-unboost|p2a: Predator|spe|1
|
|-damage|p2a: Predator|167\/404 brn|[from] brn
|turn|24
|
|move|p1a: Rotom-Wash|Hydro Pump|p2a: Predator
|-damage|p2a: Predator|80\/404 brn
|move|p2a: Predator|Rest|p2a: Predator
|-status|p2a: Predator|slp
|-heal|p2a: Predator|404\/404 slp|[silent]
|-status|p2a: Predator|slp|[from] move: Rest
|
|turn|25
|
|move|p1a: Rotom-Wash|Hydro Pump|p2a: Predator
|-damage|p2a: Predator|314\/404 slp
|cant|p2a: Predator|slp
|move|p2a: Predator|Sleep Talk|p2a: Predator
|move|p2a: Predator|Rest|p2a: Predator|[from]Sleep Talk
|-fail|p2a: Predator
|
|turn|26
|
|move|p1a: Rotom-Wash|Hydro Pump|p2a: Predator
|-damage|p2a: Predator|220\/404 slp
|cant|p2a: Predator|slp
|move|p2a: Predator|Sleep Talk|p2a: Predator
|move|p2a: Predator|Curse|p2a: Predator|[from]Sleep Talk
|-boost|p2a: Predator|atk|1
|-boost|p2a: Predator|def|1
|-unboost|p2a: Predator|spe|1
|
|turn|27
|c| Bâ¥aâ¥uâ¥eâ¥râ¥|>wows a rest-user
|
|move|p1a: Rotom-Wash|Hydro Pump|p2a: Predator
|-damage|p2a: Predator|127\/404 slp
|-curestatus|p2a: Predator|slp
|move|p2a: Predator|Rest|p2a: Predator
|-status|p2a: Predator|slp
|-heal|p2a: Predator|404\/404 slp|[silent]
|-status|p2a: Predator|slp|[from] move: Rest
|
|turn|28
|
|move|p1a: Rotom-Wash|Hydro Pump|p2a: Predator
|-damage|p2a: Predator|317\/404 slp
|cant|p2a: Predator|slp
|move|p2a: Predator|Sleep Talk|p2a: Predator
|move|p2a: Predator|Waterfall|p1a: Rotom-Wash|[from]Sleep Talk
|-resisted|p1a: Rotom-Wash
|-damage|p1a: Rotom-Wash|102\/303
|
|-heal|p1a: Rotom-Wash|120\/303|[from] item: Leftovers
|turn|29
|c|âVlado Vladimir|so what does someone has to do against a rest user? hmm?
|
|move|p1a: Rotom-Wash|Pain Split|p2a: Predator
|-sethp|p2a: Predator|218\/404 slp|p1a: Rotom-Wash|218\/303|[from] move: Pain Split
|cant|p2a: Predator|slp
|move|p2a: Predator|Sleep Talk|p2a: Predator
|move|p2a: Predator|Curse|p2a: Predator|[from]Sleep Talk
|-boost|p2a: Predator|atk|1
|
|-heal|p1a: Rotom-Wash|236\/303|[from] item: Leftovers
|turn|30
|
|move|p1a: Rotom-Wash|Hydro Pump|p2a: Predator
|-damage|p2a: Predator|127\/404 slp
|-curestatus|p2a: Predator|slp
|move|p2a: Predator|Waterfall|p1a: Rotom-Wash
|-resisted|p1a: Rotom-Wash
|-damage|p1a: Rotom-Wash|0 fnt
|faint|p1a: Rotom-Wash
|
|
|switch|p1a: Thundurus-Therian|Thundurus-Therian, M|225\/299
|turn|31
|c|âDragon Stone|you don't do anything
|c|âDragon Stone|you lose
|
|move|p1a: Thundurus-Therian|Focus Blast|p2a: Predator
|-damage|p2a: Predator|8\/404
|move|p2a: Predator|Rest|p2a: Predator
|-status|p2a: Predator|slp
|-heal|p2a: Predator|404\/404 slp|[silent]
|-status|p2a: Predator|slp|[from] move: Rest
|
|turn|32
|c|âVlado Vladimir|lol that's rite
|
|move|p1a: Thundurus-Therian|Focus Blast|p2a: Predator
|-damage|p2a: Predator|284\/404 slp
|cant|p2a: Predator|slp
|move|p2a: Predator|Sleep Talk|p2a: Predator
|move|p2a: Predator|Waterfall|p1a: Thundurus-Therian|[from]Sleep Talk
|-damage|p1a: Thundurus-Therian|0 fnt
|faint|p1a: Thundurus-Therian
|
|-message|Vlado Vladimir forfeited.
|
|win|Dragon Stone
|raw|Ladder updating...
|leave|Vlado Vladimir
|player|p1
|raw|Vlado Vladimir's rating: 1596 &rarr; <strong>1583<\/strong><br \/>(-13 for losing)
|raw|Dragon Stone's rating: 1722 &rarr; <strong>1735<\/strong><br \/>(+13 for winning)
|leave|Dragon Stone
|player|p2
|join|Dragon Stone