|join|Vlado Vladimir
|join|Dodoria
|player|p1|Vlado Vladimir|2
|player|p2|Dodoria|278
|gametype|singles
|gen|6
|tier|OU
|rated
|clearpoke
|poke|p1|Metagross
|poke|p1|Rotom-Wash
|poke|p1|Gengar, F
|poke|p1|Latios, M
|poke|p1|Ferrothorn, M
|poke|p1|Landorus-Therian, M
|poke|p2|Dragalge, M
|poke|p2|Gyarados, M
|poke|p2|Ferrothorn, F
|poke|p2|Landorus-Therian, M
|poke|p2|Heatran, M
|poke|p2|Latias, F
|rule|Swagger Clause: Swagger is banned
|rule|Baton Pass Clause: Limit one PokÃ©mon knowing Baton Pass
|rule|Sleep Clause Mod: Limit one foe put to sleep
|rule|Species Clause: Limit one of each PokÃ©mon
|rule|OHKO Clause: OHKO moves are banned
|rule|Moody Clause: Moody is banned
|rule|Evasion Moves Clause: Evasion moves are banned
|rule|Endless Battle Clause: Forcing endless battles is banned
|rule|HP Percentage Mod: HP is shown in percentages
|teampreview
|
|start
|switch|p1a: Rotom-Wash|Rotom-Wash|303\/303
|switch|p2a: Dragalge|Dragalge, M|301\/301
|turn|1
|
|switch|p1a: Ferrothorn|Ferrothorn, M|352\/352
|move|p2a: Dragalge|Focus Blast|p1a: Ferrothorn
|-supereffective|p1a: Ferrothorn
|-damage|p1a: Ferrothorn|144\/352
|
|turn|2
|
|switch|p1a: Gengar|Gengar, F|262\/262
|move|p2a: Dragalge|Draco Meteor|p1a: Gengar
|-damage|p1a: Gengar|0 fnt
|-unboost|p2a: Dragalge|spa|2
|faint|p1a: Gengar
|
|
|switch|p1a: Ferrothorn|Ferrothorn, M|144\/352
|turn|3
|
|switch|p2a: Heatran|Heatran, M|323\/323
|switch|p1a: Landorus-Therian|Landorus-Therian, M|319\/319
|-ability|p1a: Landorus-Therian|Intimidate|[of] p2a: Heatran
|-unboost|p2a: Heatran|atk|1
|
|turn|4
|
|switch|p2a: Landorus-Therian|Landorus-Therian, M|379\/379
|-ability|p2a: Landorus-Therian|Intimidate|[of] p1a: Landorus-Therian
|-unboost|p1a: Landorus-Therian|atk|1
|move|p1a: Landorus-Therian|Stealth Rock|p2a: Landorus-Therian
|-sidestart|p2: Dodoria|move: Stealth Rock
|
|turn|5
|
|switch|p1a: Ferrothorn|Ferrothorn, M|144\/352
|move|p2a: Landorus-Therian|Stealth Rock|p1a: Ferrothorn
|-sidestart|p1: Vlado Vladimir|move: Stealth Rock
|
|turn|6
|
|switch|p2a: Ferrothorn|Ferrothorn, F|352\/352
|-damage|p2a: Ferrothorn|330\/352|[from] Stealth Rock
|move|p1a: Ferrothorn|Leech Seed|p2a: Ferrothorn
|-immune|p2a: Ferrothorn|[msg]
|
|-heal|p2a: Ferrothorn|352\/352|[from] item: Leftovers
|turn|7
|
|switch|p2a: Heatran|Heatran, M|323\/323
|-damage|p2a: Heatran|283\/323|[from] Stealth Rock
|move|p1a: Ferrothorn|Spikes|p2a: Heatran
|-sidestart|p2: Dodoria|Spikes
|
|turn|8
|
|move|p2a: Heatran|Lava Plume|p1a: Ferrothorn
|-supereffective|p1a: Ferrothorn
|-damage|p1a: Ferrothorn|0 fnt
|faint|p1a: Ferrothorn
|
|
|switch|p1a: Landorus-Therian|Landorus-Therian, M|319\/319
|-damage|p1a: Landorus-Therian|280\/319|[from] Stealth Rock
|-ability|p1a: Landorus-Therian|Intimidate|[of] p2a: Heatran
|-unboost|p2a: Heatran|atk|1
|turn|9
|
|switch|p2a: Landorus-Therian|Landorus-Therian, M|379\/379
|-damage|p2a: Landorus-Therian|332\/379|[from] Stealth Rock
|-ability|p2a: Landorus-Therian|Intimidate|[of] p1a: Landorus-Therian
|-unboost|p1a: Landorus-Therian|atk|1
|move|p1a: Landorus-Therian|U-turn|p2a: Landorus-Therian
|-resisted|p2a: Landorus-Therian
|-damage|p2a: Landorus-Therian|310\/379
|
|switch|p1a: Rotom-Wash|Rotom-Wash|303\/303
|-damage|p1a: Rotom-Wash|266\/303|[from] Stealth Rock
|
|-heal|p1a: Rotom-Wash|284\/303|[from] item: Leftovers
|-heal|p2a: Landorus-Therian|333\/379|[from] item: Leftovers
|turn|10
|
|switch|p2a: Latias|Latias, F|317\/317
|-damage|p2a: Latias|278\/317|[from] Stealth Rock
|move|p1a: Rotom-Wash|Hydro Pump|p2a: Latias|[miss]
|-miss|p1a: Rotom-Wash|p2a: Latias
|
|-heal|p1a: Rotom-Wash|302\/303|[from] item: Leftovers
|turn|11
|
|move|p2a: Latias|Defog|p1a: Rotom-Wash
|-unboost|p1a: Rotom-Wash|evasion|1
|-sideend|p1: Vlado Vladimir|Stealth Rock|[from] move: Defog|[of] p1a: Rotom-Wash
|-sideend|p2: Dodoria|Spikes|[from] move: Defog|[of] p2a: Latias
|-sideend|p2: Dodoria|Stealth Rock|[from] move: Defog|[of] p2a: Latias
|move|p1a: Rotom-Wash|Will-O-Wisp|p2a: Latias|[miss]
|-miss|p1a: Rotom-Wash|p2a: Latias
|
|-heal|p1a: Rotom-Wash|303\/303|[from] item: Leftovers
|turn|12
|
|switch|p2a: Dragalge|Dragalge, M|301\/301
|move|p1a: Rotom-Wash|Pain Split|p2a: Dragalge
|-sethp|p2a: Dragalge|301\/301|p1a: Rotom-Wash|302\/303|[from] move: Pain Split
|
|-heal|p1a: Rotom-Wash|303\/303|[from] item: Leftovers
|turn|13
|
|move|p1a: Rotom-Wash|Will-O-Wisp|p2a: Dragalge
|-status|p2a: Dragalge|brn
|move|p2a: Dragalge|Sludge Wave|p1a: Rotom-Wash
|-damage|p1a: Rotom-Wash|141\/303
|
|-heal|p1a: Rotom-Wash|159\/303|[from] item: Leftovers
|-damage|p2a: Dragalge|264\/301 brn|[from] brn
|turn|14
|
|move|p1a: Rotom-Wash|Pain Split|p2a: Dragalge
|-sethp|p2a: Dragalge|211\/301 brn|p1a: Rotom-Wash|211\/303|[from] move: Pain Split
|move|p2a: Dragalge|Sludge Wave|p1a: Rotom-Wash
|-crit|p1a: Rotom-Wash
|-damage|p1a: Rotom-Wash|0 fnt
|faint|p1a: Rotom-Wash
|
|-damage|p2a: Dragalge|174\/301 brn|[from] brn
|
|switch|p1a: Latios|Latios, M|301\/301
|turn|15
|
|switch|p2a: Ferrothorn|Ferrothorn, F|352\/352
|move|p1a: Latios|Calm Mind|p1a: Latios
|-boost|p1a: Latios|spa|1
|-boost|p1a: Latios|spd|1
|
|turn|16
|
|move|p1a: Latios|Draco Meteor|p2a: Ferrothorn
|-resisted|p2a: Ferrothorn
|-damage|p2a: Ferrothorn|169\/352
|-unboost|p1a: Latios|spa|2
|-damage|p1a: Latios|271\/301|[from] item: Life Orb
|move|p2a: Ferrothorn|Knock Off|p1a: Latios
|-supereffective|p1a: Latios
|-damage|p1a: Latios|77\/301
|-enditem|p1a: Latios|Life Orb|[from] move: Knock Off|[of] p2a: Ferrothorn
|
|-heal|p2a: Ferrothorn|191\/352|[from] item: Leftovers
|turn|17
|
|switch|p1a: Landorus-Therian|Landorus-Therian, M|280\/319
|-ability|p1a: Landorus-Therian|Intimidate|[of] p2a: Ferrothorn
|-unboost|p2a: Ferrothorn|atk|1
|move|p2a: Ferrothorn|Knock Off|p1a: Landorus-Therian
|-damage|p1a: Landorus-Therian|233\/319
|-enditem|p1a: Landorus-Therian|Choice Scarf|[from] move: Knock Off|[of] p2a: Ferrothorn
|
|-heal|p2a: Ferrothorn|213\/352|[from] item: Leftovers
|turn|18
|
|switch|p2a: Landorus-Therian|Landorus-Therian, M|333\/379
|-ability|p2a: Landorus-Therian|Intimidate|[of] p1a: Landorus-Therian
|-unboost|p1a: Landorus-Therian|atk|1
|move|p1a: Landorus-Therian|Stealth Rock|p2a: Landorus-Therian
|-sidestart|p2: Dodoria|move: Stealth Rock
|
|-heal|p2a: Landorus-Therian|356\/379|[from] item: Leftovers
|turn|19
|
|switch|p1a: Latios|Latios, M|77\/301
|move|p2a: Landorus-Therian|Stealth Rock|p1a: Latios
|-sidestart|p1: Vlado Vladimir|move: Stealth Rock
|
|-heal|p2a: Landorus-Therian|379\/379|[from] item: Leftovers
|turn|20
|
|switch|p2a: Heatran|Heatran, M|283\/323
|-damage|p2a: Heatran|243\/323|[from] Stealth Rock
|move|p1a: Latios|Draco Meteor|p2a: Heatran
|-resisted|p2a: Heatran
|-damage|p2a: Heatran|112\/323
|-unboost|p1a: Latios|spa|2
|
|turn|21
|
|move|p2a: Heatran|Flash Cannon|p1a: Latios
|-damage|p1a: Latios|0 fnt
|faint|p1a: Latios
|
|
|switch|p1a: Metagross|Metagross|301\/301
|-damage|p1a: Metagross|283\/301|[from] Stealth Rock
|turn|22
|
|switch|p2a: Ferrothorn|Ferrothorn, F|213\/352
|-damage|p2a: Ferrothorn|191\/352|[from] Stealth Rock
|detailschange|p1a: Metagross|Metagross-Mega
|-mega|p1a: Metagross|Metagross|Metagrossite
|move|p1a: Metagross|Meteor Mash|p2a: Ferrothorn
|-crit|p2a: Ferrothorn
|-resisted|p2a: Ferrothorn
|-damage|p2a: Ferrothorn|53\/352
|-damage|p1a: Metagross|246\/301|[from] ability: Iron Barbs|[of] p2a: Ferrothorn
|-boost|p1a: Metagross|atk|1
|
|-heal|p2a: Ferrothorn|75\/352|[from] item: Leftovers
|turn|23
|
|switch|p2a: Landorus-Therian|Landorus-Therian, M|379\/379
|-damage|p2a: Landorus-Therian|332\/379|[from] Stealth Rock
|-ability|p2a: Landorus-Therian|Intimidate|[of] p1a: Metagross
|-unboost|p1a: Metagross|atk|1
|move|p1a: Metagross|Agility|p1a: Metagross
|-boost|p1a: Metagross|spe|2
|
|-heal|p2a: Landorus-Therian|355\/379|[from] item: Leftovers
|turn|24
|
|move|p1a: Metagross|Ice Punch|p2a: Landorus-Therian
|-supereffective|p2a: Landorus-Therian
|-damage|p2a: Landorus-Therian|0 fnt
|faint|p2a: Landorus-Therian
|
|
|switch|p2a: Gyarados|Gyarados, M|333\/333
|-damage|p2a: Gyarados|250\/333|[from] Stealth Rock
|-ability|p2a: Gyarados|Intimidate|[of] p1a: Metagross
|-unboost|p1a: Metagross|atk|1
|turn|25
|
|switch|p1a: Landorus-Therian|Landorus-Therian, M|233\/319
|-damage|p1a: Landorus-Therian|194\/319|[from] Stealth Rock
|-ability|p1a: Landorus-Therian|Intimidate|[of] p2a: Gyarados
|-unboost|p2a: Gyarados|atk|1
|detailschange|p2a: Gyarados|Gyarados-Mega, M
|-mega|p2a: Gyarados|Gyarados|Gyaradosite
|-ability|p2a: Gyarados|Mold Breaker
|move|p2a: Gyarados|Crunch|p1a: Landorus-Therian
|-damage|p1a: Landorus-Therian|103\/319
|-unboost|p1a: Landorus-Therian|def|1
|
|turn|26
|
|move|p2a: Gyarados|Dragon Dance|p2a: Gyarados
|-boost|p2a: Gyarados|atk|1
|-boost|p2a: Gyarados|spe|1
|move|p1a: Landorus-Therian|Earthquake|p2a: Gyarados
|-damage|p2a: Gyarados|66\/333
|
|turn|27
|
|move|p2a: Gyarados|Waterfall|p1a: Landorus-Therian
|-supereffective|p1a: Landorus-Therian
|-damage|p1a: Landorus-Therian|0 fnt
|faint|p1a: Landorus-Therian
|
|
|switch|p1a: Metagross|Metagross-Mega|246\/301
|-damage|p1a: Metagross|228\/301|[from] Stealth Rock
|turn|28
|c|âVlado Vladimir|gg
|
|move|p2a: Gyarados|Crunch|p1a: Metagross
|-supereffective|p1a: Metagross
|-damage|p1a: Metagross|10\/301
|move|p1a: Metagross|Agility|p1a: Metagross
|-boost|p1a: Metagross|spe|2
|
|turn|29
|c|âDodoria|gg
|
|switch|p2a: Ferrothorn|Ferrothorn, F|75\/352
|-damage|p2a: Ferrothorn|53\/352|[from] Stealth Rock
|move|p1a: Metagross|Meteor Mash|p2a: Ferrothorn
|-resisted|p2a: Ferrothorn
|-damage|p2a: Ferrothorn|0 fnt
|-damage|p1a: Metagross|0 fnt|[from] ability: Iron Barbs|[of] p2a: Ferrothorn
|faint|p1a: Metagross
|faint|p2a: Ferrothorn
|
|win|Dodoria
|raw|Ladder updating...
|raw|Vlado Vladimir's rating: 1657 &rarr; <strong>1632<\/strong><br \/>(-25 for losing)
|raw|Dodoria's rating: 1554 &rarr; <strong>1580<\/strong><br \/>(+26 for winning)