|join|Pengiun Turtle
|join|Vlado Vladimir
|player|p1|Pengiun Turtle|283
|player|p2|Vlado Vladimir|265
|gametype|singles
|gen|6
|tier|OU
|rated
|clearpoke
|poke|p1|Charizard, M
|poke|p1|Landorus-Therian, M
|poke|p1|Excadrill, F
|poke|p1|Azumarill, M
|poke|p1|Dragonite, F
|poke|p1|Greninja, M
|poke|p2|Latias, F
|poke|p2|Keldeo
|poke|p2|Jirachi
|poke|p2|Metagross
|poke|p2|Ferrothorn, M
|poke|p2|Thundurus, M
|rule|Swagger Clause: Swagger is banned
|rule|Baton Pass Clause: Limit one PokÃ©mon knowing Baton Pass
|rule|Sleep Clause Mod: Limit one foe put to sleep
|rule|Species Clause: Limit one of each PokÃ©mon
|rule|OHKO Clause: OHKO moves are banned
|rule|Moody Clause: Moody is banned
|rule|Evasion Moves Clause: Evasion moves are banned
|rule|Endless Battle Clause: Forcing endless battles is banned
|rule|HP Percentage Mod: HP is shown in percentages
|teampreview
|
|start
|switch|p1a: Landorus-Therian|Landorus-Therian, M|381\/381
|switch|p2a: Keldeo|Keldeo|323\/323
|-ability|p1a: Landorus-Therian|Intimidate|[of] p2a: Keldeo
|-unboost|p2a: Keldeo|atk|1
|turn|1
|
|move|p2a: Keldeo|Substitute|p2a: Keldeo
|-start|p2a: Keldeo|Substitute
|-damage|p2a: Keldeo|243\/323
|move|p1a: Landorus-Therian|Explosion|p2a: Keldeo
|-end|p2a: Keldeo|Substitute
|faint|p1a: Landorus-Therian
|
|-heal|p2a: Keldeo|263\/323|[from] item: Leftovers
|c|âPengiun Turtle|welp
|c|âVlado Vladimir|Ok
|
|switch|p1a: Charizard|Charizard, M|297\/297
|turn|2
|c|âVlado Vladimir|I didnt predict that
|c|âVlado Vladimir|tbh
|
|switch|p2a: Latias|Latias, F|301\/301
|detailschange|p1a: Charizard|Charizard-Mega-X, M
|-mega|p1a: Charizard|Charizard|Charizardite X
|move|p1a: Charizard|Dragon Claw|p2a: Latias
|-supereffective|p2a: Latias
|-damage|p2a: Latias|0 fnt
|faint|p2a: Latias
|
|
|switch|p2a: Thundurus|Thundurus, M|300\/300
|turn|3
|
|move|p2a: Thundurus|Thunder Wave|p1a: Charizard
|-status|p1a: Charizard|par
|move|p1a: Charizard|Flare Blitz|p2a: Thundurus
|-damage|p2a: Thundurus|0 fnt
|-damage|p1a: Charizard|198\/297 par|[from] recoil|[of] p2a: Thundurus
|faint|p2a: Thundurus
|
|
|switch|p2a: Keldeo|Keldeo|263\/323
|turn|4
|
|move|p2a: Keldeo|Substitute|p2a: Keldeo
|-start|p2a: Keldeo|Substitute
|-damage|p2a: Keldeo|183\/323
|move|p1a: Charizard|Dragon Claw|p2a: Keldeo
|-end|p2a: Keldeo|Substitute
|
|-heal|p2a: Keldeo|203\/323|[from] item: Leftovers
|turn|5
|
|move|p2a: Keldeo|Scald|p1a: Charizard
|-damage|p1a: Charizard|30\/297 par
|move|p1a: Charizard|Dragon Claw|p2a: Keldeo
|-damage|p2a: Keldeo|0 fnt
|faint|p2a: Keldeo
|
|
|switch|p2a: Metagross|Metagross|302\/302
|turn|6
|
|detailschange|p2a: Metagross|Metagross-Mega
|-mega|p2a: Metagross|Metagross|Metagrossite
|move|p2a: Metagross|Meteor Mash|p1a: Charizard
|-resisted|p1a: Charizard
|-damage|p1a: Charizard|0 fnt
|-boost|p2a: Metagross|atk|1
|faint|p1a: Charizard
|
|
|switch|p1a: Greninja|Greninja, M|285\/285
|turn|7
|
|switch|p2a: Ferrothorn|Ferrothorn, M|352\/352
|move|p1a: Greninja|Dark Pulse|p2a: Ferrothorn
|-start|p1a: Greninja|typechange|Dark|[from] Protean
|-damage|p2a: Ferrothorn|245\/352
|-damage|p1a: Greninja|257\/285|[from] item: Life Orb
|
|turn|8
|
|switch|p1a: Dragonite|Dragonite, F|323\/323
|move|p2a: Ferrothorn|Leech Seed|p1a: Dragonite
|-start|p1a: Dragonite|move: Leech Seed
|
|-damage|p1a: Dragonite|283\/323|[from] Leech Seed|[of] p2a: Ferrothorn
|-heal|p2a: Ferrothorn|285\/352|[silent]
|turn|9
|
|move|p1a: Dragonite|Fire Punch|p2a: Ferrothorn
|-supereffective|p2a: Ferrothorn
|-damage|p2a: Ferrothorn|0 fnt
|-damage|p1a: Dragonite|243\/323|[from] ability: Iron Barbs|[of] p2a: Ferrothorn
|faint|p2a: Ferrothorn
|
|
|switch|p2a: Jirachi|Jirachi|404\/404
|turn|10
|
|switch|p1a: Azumarill|Azumarill, M|403\/403
|move|p2a: Jirachi|Thunder Wave|p1a: Azumarill
|-status|p1a: Azumarill|par
|
|turn|11
|
|move|p2a: Jirachi|Substitute|p2a: Jirachi
|-start|p2a: Jirachi|Substitute
|-damage|p2a: Jirachi|303\/404
|move|p1a: Azumarill|Belly Drum|p1a: Azumarill
|-damage|p1a: Azumarill|202\/403 par
|-setboost|p1a: Azumarill|atk|6|[from] move: Belly Drum
|
|-heal|p2a: Jirachi|328\/404|[from] item: Leftovers
|turn|12
|
|move|p1a: Azumarill|Aqua Jet|p2a: Jirachi
|-end|p2a: Jirachi|Substitute
|move|p2a: Jirachi|Iron Head|p1a: Azumarill
|-damage|p1a: Azumarill|70\/403 par
|-enditem|p1a: Azumarill|Sitrus Berry|[eat]
|-heal|p1a: Azumarill|170\/403 par|[from] item: Sitrus Berry
|
|-heal|p2a: Jirachi|353\/404|[from] item: Leftovers
|turn|13
|
|move|p1a: Azumarill|Aqua Jet|p2a: Jirachi
|-damage|p2a: Jirachi|67\/404
|move|p2a: Jirachi|Iron Head|p1a: Azumarill
|-damage|p1a: Azumarill|49\/403 par
|
|-heal|p2a: Jirachi|92\/404|[from] item: Leftovers
|turn|14
|
|move|p1a: Azumarill|Aqua Jet|p2a: Jirachi
|-damage|p2a: Jirachi|0 fnt
|faint|p2a: Jirachi
|
|-message|Vlado Vladimir forfeited.
|
|win|Pengiun Turtle
|raw|Ladder updating...
|leave|Vlado Vladimir
|player|p2
|raw|Pengiun Turtle's rating: 1615 &rarr; <strong>1629<\/strong><br \/>(+14 for winning)
|raw|Vlado Vladimir's rating: 1503 &rarr; <strong>1489<\/strong><br \/>(-14 for losing)