|join|PascalDaChameleon
|join|jayden1209
|player|p1|PascalDaChameleon|102
|player|p2|jayden1209|2
|gametype|singles
|gen|6
|tier|OU (suspect test)
|rated
|clearpoke
|poke|p1|Pidgeot, M
|poke|p1|Talonflame, F
|poke|p1|Staraptor, F
|poke|p1|Noctowl, M
|poke|p1|Unfezant, M
|poke|p1|Swellow, F
|poke|p2|Ferrothorn, M
|poke|p2|Medicham, M
|poke|p2|Infernape, M
|poke|p2|Gardevoir, F
|poke|p2|Alakazam, M
|poke|p2|Aerodactyl, M
|rule|Swagger Clause: Swagger is banned
|rule|Baton Pass Clause: Limit one PokÃ©mon knowing Baton Pass
|rule|Sleep Clause Mod: Limit one foe put to sleep
|rule|Species Clause: Limit one of each PokÃ©mon
|rule|OHKO Clause: OHKO moves are banned
|rule|Moody Clause: Moody is banned
|rule|Evasion Moves Clause: Evasion moves are banned
|rule|Endless Battle Clause: Forcing endless battles is banned
|rule|HP Percentage Mod: HP is shown in percentages
|teampreview
|c|âjayden1209|holyshit
|
|start
|switch|p1a: Kanto|Pidgeot, M|308\/308
|switch|p2a: Ferrothorn|Ferrothorn, M|351\/351
|turn|1
|c|âPascalDaChameleon|get screwed m9
|
|detailschange|p1a: Kanto|Pidgeot-Mega, M
|-mega|p1a: Kanto|Pidgeot|Pidgeotite
|move|p1a: Kanto|Heat Wave|p2a: Ferrothorn
|-supereffective|p2a: Ferrothorn
|-damage|p2a: Ferrothorn|0 fnt
|faint|p2a: Ferrothorn
|
|c|âjayden1209|im sorry lol
|
|switch|p2a: Medicham|Medicham, M|261\/261
|turn|2
|
|switch|p1a: Unova|Unfezant, M|364\/364
|detailschange|p2a: Medicham|Medicham-Mega, M
|-mega|p2a: Medicham|Medicham|Medichamite
|move|p2a: Medicham|Fake Out|p1a: Unova
|-damage|p1a: Unova|296\/364
|
|-heal|p1a: Unova|318\/364|[from] item: Leftovers
|turn|3
|c|âjayden1209|i think i lost
|c|âjayden1209|lool
|
|move|p1a: Unova|Detect|p1a: Unova
|-singleturn|p1a: Unova|Protect
|move|p2a: Medicham|Ice Punch|p1a: Unova
|-activate|p1a: Unova|Protect
|
|-heal|p1a: Unova|340\/364|[from] item: Leftovers
|turn|4
|c|âPascalDaChameleon|not ur fault
|c|âPascalDaChameleon|I mean
|c|âPascalDaChameleon|it is
|c|âPascalDaChameleon|an op team
|
|move|p2a: Medicham|Ice Punch|p1a: Unova
|-crit|p1a: Unova
|-supereffective|p1a: Unova
|-damage|p1a: Unova|0 fnt
|faint|p1a: Unova
|
|c|âjayden1209|lol
|c|âPascalDaChameleon|ok
|c|âPascalDaChameleon|fuck
|
|switch|p1a: Kanto|Pidgeot-Mega, M|308\/308
|turn|5
|
|move|p1a: Kanto|Hurricane|p2a: Medicham
|-supereffective|p2a: Medicham
|-damage|p2a: Medicham|0 fnt
|faint|p2a: Medicham
|
|
|switch|p2a: Gardevoir|Gardevoir, F|339\/339
|-ability|p2a: Gardevoir|No Guard|[from] ability: Trace|[of] p1a: Kanto
|turn|6
|
|move|p1a: Kanto|Hurricane|p2a: Gardevoir
|-damage|p2a: Gardevoir|152\/339
|-start|p2a: Gardevoir|confusion
|-activate|p2a: Gardevoir|confusion
|-damage|p2a: Gardevoir|121\/339|[from] confusion
|
|turn|7
|
|move|p1a: Kanto|Hurricane|p2a: Gardevoir
|-damage|p2a: Gardevoir|0 fnt
|faint|p2a: Gardevoir
|
|c|âjayden1209|woiw
|
|switch|p2a: Aerodactyl|Aerodactyl, M|301\/301
|turn|8
|c|âPascalDaChameleon|yeh this is power
|
|move|p2a: Aerodactyl|Stone Edge|p1a: Kanto
|-supereffective|p1a: Kanto
|-damage|p1a: Kanto|0 fnt
|-damage|p2a: Aerodactyl|271\/301|[from] item: Life Orb
|faint|p1a: Kanto
|
|c|âjayden1209|this guy will sweep you
|c|âPascalDaChameleon|Kek
|c|âPascalDaChameleon|true
|
|switch|p1a: DaXYBird|Talonflame, F|317\/317
|turn|9
|c|âPascalDaChameleon|shet
|c|âPascalDaChameleon|that was definetly a missclick
|
|switch|p1a: Hoenn|Swellow, F|263\/263
|move|p2a: Aerodactyl|Stone Edge|p1a: Hoenn
|-supereffective|p1a: Hoenn
|-damage|p1a: Hoenn|0 fnt
|-damage|p2a: Aerodactyl|241\/301|[from] item: Life Orb
|faint|p1a: Hoenn
|
|
|switch|p1a: Sinnoh|Staraptor, F|312\/312
|turn|10
|
|move|p1a: Sinnoh|Close Combat|p2a: Aerodactyl
|-damage|p2a: Aerodactyl|28\/301
|-unboost|p1a: Sinnoh|def|1
|-unboost|p1a: Sinnoh|spd|1
|move|p2a: Aerodactyl|Stone Edge|p1a: Sinnoh
|-supereffective|p1a: Sinnoh
|-damage|p1a: Sinnoh|0 fnt
|-damage|p2a: Aerodactyl|0 fnt|[from] item: Life Orb
|faint|p1a: Sinnoh
|faint|p2a: Aerodactyl
|
|c|âjayden1209|noooo
|
|switch|p2a: Alakazam|Alakazam, M|251\/251
|switch|p1a: Johto|Noctowl, M|403\/403
|turn|11
|c|âPascalDaChameleon|it happens bru
|
|move|p2a: Alakazam|Calm Mind|p2a: Alakazam
|-boost|p2a: Alakazam|spa|1
|-boost|p2a: Alakazam|spd|1
|move|p1a: Johto|Heat Wave|p2a: Alakazam
|-damage|p2a: Alakazam|206\/251
|
|turn|12
|
|move|p2a: Alakazam|Psychic|p1a: Johto
|-damage|p1a: Johto|174\/403
|move|p1a: Johto|Heat Wave|p2a: Alakazam
|-damage|p2a: Alakazam|163\/251
|-status|p2a: Alakazam|brn
|-status|p1a: Johto|brn
|
|-heal|p1a: Johto|199\/403 brn|[from] item: Leftovers
|-damage|p2a: Alakazam|132\/251 brn|[from] brn
|-damage|p1a: Johto|149\/403 brn|[from] brn
|turn|13
|
|move|p2a: Alakazam|Psychic|p1a: Johto
|-damage|p1a: Johto|0 fnt
|faint|p1a: Johto
|
|-damage|p2a: Alakazam|101\/251 brn|[from] brn
|c|âjayden1209|for real
|
|switch|p1a: DaXYBird|Talonflame, F|317\/317
|turn|14
|
|move|p1a: DaXYBird|Brave Bird|p2a: Alakazam
|-damage|p2a: Alakazam|0 fnt
|-damage|p1a: DaXYBird|284\/317|[from] recoil|[of] p2a: Alakazam
|faint|p2a: Alakazam
|
|
|switch|p2a: Infernape|Infernape, M|293\/293
|turn|15
|c|âjayden1209|gg
|c|âPascalDaChameleon|the sash
|c|âPascalDaChameleon|gg
|
|move|p1a: DaXYBird|Brave Bird|p2a: Infernape
|-supereffective|p2a: Infernape
|-damage|p2a: Infernape|0 fnt
|-damage|p1a: DaXYBird|187\/317|[from] recoil|[of] p2a: Infernape
|faint|p2a: Infernape
|
|win|PascalDaChameleon
|raw|Ladder updating...
|raw|PascalDaChameleon's rating: 1085 &rarr; <strong>1110<\/strong><br \/>(+25 for winning)
|raw|jayden1209's rating: 1051 &rarr; <strong>1035<\/strong><br \/>(-16 for losing)
|c|âPascalDaChameleon|ohhh
|c|âPascalDaChameleon|nvm nvm
|c|âjayden1209|lol
|c|âPascalDaChameleon|xd
|leave|jayden1209
|player|p2
|player|p1|Vlado Vladimir|102