|join|Vlado Vladimir
|join|gang member
|player|p1|Vlado Vladimir|102
|player|p2|gang member|126
|gametype|singles
|gen|6
|tier|OU (suspect test)
|rated
|clearpoke
|poke|p1|Scizor, M
|poke|p1|Keldeo
|poke|p1|Landorus-Therian, M
|poke|p1|Latias, F
|poke|p1|Charizard, F
|poke|p1|Thundurus-Therian, M
|poke|p2|Gliscor, M, shiny
|poke|p2|Chansey, F, shiny
|poke|p2|Venusaur, M
|poke|p2|Klefki, F, shiny
|poke|p2|Shuckle, M, shiny
|poke|p2|Rotom-Wash, shiny
|rule|Swagger Clause: Swagger is banned
|rule|Baton Pass Clause: Limit one PokÃ©mon knowing Baton Pass
|rule|Sleep Clause Mod: Limit one foe put to sleep
|rule|Species Clause: Limit one of each PokÃ©mon
|rule|OHKO Clause: OHKO moves are banned
|rule|Moody Clause: Moody is banned
|rule|Evasion Moves Clause: Evasion moves are banned
|rule|Endless Battle Clause: Forcing endless battles is banned
|rule|HP Percentage Mod: HP is shown in percentages
|teampreview
|
|start
|switch|p1a: Thundurus-Therian|Thundurus-Therian, M|299\/299
|switch|p2a: Vlad|Gliscor, M, shiny|353\/353
|turn|1
|c|âVlado Vladimir|omg that name
|
|switch|p1a: Keldeo|Keldeo|324\/324
|move|p2a: Vlad|Protect|p2a: Vlad
|-fail|p2a: Vlad
|
|-status|p2a: Vlad|tox|[from] item: Toxic Orb
|turn|2
|
|switch|p2a: ...|Venusaur, M|363\/363
|move|p1a: Keldeo|Icy Wind|p2a: ...
|-supereffective|p2a: ...
|-damage|p2a: ...|171\/363
|-unboost|p2a: ...|spe|1
|
|turn|3
|
|switch|p1a: Latias|Latias, F|328\/328
|detailschange|p2a: ...|Venusaur-Mega, M
|-mega|p2a: ...|Venusaur|Venusaurite
|move|p2a: ...|Synthesis|p2a: ...
|-heal|p2a: ...|352\/363
|
|turn|4
|
|switch|p1a: Thundurus-Therian|Thundurus-Therian, M|299\/299
|move|p2a: ...|Leech Seed|p1a: Thundurus-Therian
|-start|p1a: Thundurus-Therian|move: Leech Seed
|
|-damage|p1a: Thundurus-Therian|262\/299|[from] Leech Seed|[of] p2a: ...
|-heal|p2a: ...|363\/363|[silent]
|turn|5
|
|switch|p2a: Vlad|Gliscor, M, shiny|353\/353 tox
|move|p1a: Thundurus-Therian|Volt Switch|p2a: Vlad
|-immune|p2a: Vlad|[msg]
|
|-damage|p1a: Thundurus-Therian|225\/299|[from] Leech Seed|[of] p2a: Vlad
|turn|6
|
|switch|p1a: Landorus-Therian|Landorus-Therian, M|320\/320
|-ability|p1a: Landorus-Therian|Intimidate|[of] p2a: Vlad
|-unboost|p2a: Vlad|atk|1
|move|p2a: Vlad|Substitute|p2a: Vlad
|-start|p2a: Vlad|Substitute
|-damage|p2a: Vlad|265\/353 tox
|
|-heal|p2a: Vlad|309\/353 tox|[from] ability: Poison Heal
|turn|7
|
|move|p1a: Landorus-Therian|Stealth Rock|p2a: Vlad
|-sidestart|p2: gang member|move: Stealth Rock
|move|p2a: Vlad|Toxic|p1a: Landorus-Therian|[miss]
|-miss|p2a: Vlad|p1a: Landorus-Therian
|
|-heal|p2a: Vlad|353\/353 tox|[from] ability: Poison Heal
|turn|8
|
|move|p1a: Landorus-Therian|U-turn|p2a: Vlad
|-resisted|p2a: Vlad
|-activate|p2a: Vlad|Substitute|[damage]
|
|switch|p1a: Scizor|Scizor, M|281\/281
|move|p2a: Vlad|Knock Off|p1a: Scizor
|-damage|p1a: Scizor|231\/281
|-enditem|p1a: Scizor|Expert Belt|[from] move: Knock Off|[of] p2a: Vlad
|
|turn|9
|
|move|p2a: Vlad|Knock Off|p1a: Scizor
|-damage|p1a: Scizor|198\/281
|move|p1a: Scizor|U-turn|p2a: Vlad
|-resisted|p2a: Vlad
|-activate|p2a: Vlad|Substitute|[damage]
|
|switch|p1a: Charizard|Charizard, F|298\/298
|
|turn|10
|
|detailschange|p1a: Charizard|Charizard-Mega-X, F
|-mega|p1a: Charizard|Charizard|Charizardite X
|move|p1a: Charizard|Fire Punch|p2a: Vlad
|-end|p2a: Vlad|Substitute
|move|p2a: Vlad|Toxic|p1a: Charizard
|-status|p1a: Charizard|tox
|
|-damage|p1a: Charizard|280\/298 tox|[from] psn
|turn|11
|
|switch|p1a: Keldeo|Keldeo|324\/324
|move|p2a: Vlad|Substitute|p2a: Vlad
|-start|p2a: Vlad|Substitute
|-damage|p2a: Vlad|265\/353 tox
|
|-heal|p2a: Vlad|309\/353 tox|[from] ability: Poison Heal
|turn|12
|
|move|p1a: Keldeo|Scald|p2a: Vlad
|-supereffective|p2a: Vlad
|-end|p2a: Vlad|Substitute
|move|p2a: Vlad|Toxic|p1a: Keldeo
|-status|p1a: Keldeo|tox
|
|-damage|p1a: Keldeo|304\/324 tox|[from] psn
|-heal|p2a: Vlad|353\/353 tox|[from] ability: Poison Heal
|turn|13
|
|move|p2a: Vlad|Protect|p2a: Vlad
|-singleturn|p2a: Vlad|Protect
|move|p1a: Keldeo|Scald|p2a: Vlad
|-activate|p2a: Vlad|Protect
|
|-damage|p1a: Keldeo|264\/324 tox|[from] psn
|turn|14
|
|switch|p1a: Thundurus-Therian|Thundurus-Therian, M|225\/299
|switch|p2a: Katja|Chansey, F, shiny|703\/703
|-damage|p2a: Katja|616\/703|[from] Stealth Rock
|
|turn|15
|
|switch|p1a: Latias|Latias, F|328\/328
|move|p2a: Katja|Seismic Toss|p1a: Latias
|-damage|p1a: Latias|228\/328
|
|turn|16
|
|move|p1a: Latias|Psyshock|p2a: Katja
|-damage|p2a: Katja|405\/703
|-damage|p1a: Latias|196\/328|[from] item: Life Orb
|move|p2a: Katja|Seismic Toss|p1a: Latias
|-damage|p1a: Latias|96\/328
|
|turn|17
|
|move|p1a: Latias|Healing Wish|p1a: Latias
|faint|p1a: Latias
|move|p2a: Katja|Wish|p2a: Katja
|
|-message|Vlado Vladimir forfeited.
|
|win|gang member
|raw|Ladder updating...
|raw|Vlado Vladimir's rating: 1342 &rarr; <strong>1319<\/strong><br \/>(-23 for losing)
|raw|gang member's rating: 1289 &rarr; <strong>1318<\/strong><br \/>(+29 for winning)