|join|arnyyr
|join|Carillon
|player|p1|arnyyr|211
|player|p2|Carillon|78
|gametype|singles
|gen|6
|tier|OU
|rated
|clearpoke
|poke|p1|Sableye, M
|poke|p1|Tyranitar, M
|poke|p1|Heatran, M
|poke|p1|Ferrothorn, F
|poke|p1|Slowbro, F
|poke|p1|Gliscor, M
|poke|p2|Talonflame, M
|poke|p2|Tyranitar, F
|poke|p2|Azumarill, M
|poke|p2|Scizor, M
|poke|p2|Wobbuffet, M
|poke|p2|Altaria, M
|rule|Swagger Clause: Swagger is banned
|rule|Baton Pass Clause: Limit one PokÃ©mon knowing Baton Pass
|rule|Sleep Clause Mod: Limit one foe put to sleep
|rule|Species Clause: Limit one of each PokÃ©mon
|rule|OHKO Clause: OHKO moves are banned
|rule|Moody Clause: Moody is banned
|rule|Evasion Moves Clause: Evasion moves are banned
|rule|Endless Battle Clause: Forcing endless battles is banned
|rule|HP Percentage Mod: HP is shown in percentages
|teampreview
|c|âarnyyr|gl hf
|
|start
|switch|p1a: Sableye|Sableye, M|303\/303
|switch|p2a: Tyranitar|Tyranitar, F|362\/362
|-weather|Sandstorm
|turn|1
|c|âCarillon|same
|
|detailschange|p1a: Sableye|Sableye-Mega, M
|-mega|p1a: Sableye|Sableye|Sablenite
|move|p1a: Sableye|Will-O-Wisp|p2a: Tyranitar|[miss]
|-miss|p1a: Sableye|p2a: Tyranitar
|move|p2a: Tyranitar|Stealth Rock|p1a: Sableye
|move|p1a: Sableye|Stealth Rock|p2a: Tyranitar|[from]Magic Bounce
|-sidestart|p2: Carillon|move: Stealth Rock
|
|-weather|Sandstorm|[upkeep]
|-damage|p1a: Sableye|285\/303|[from] sandstorm
|turn|2
|
|switch|p2a: Scizor|Scizor, M|343\/343
|-damage|p2a: Scizor|301\/343|[from] Stealth Rock
|move|p1a: Sableye|Will-O-Wisp|p2a: Scizor
|-status|p2a: Scizor|brn
|
|-weather|Sandstorm|[upkeep]
|-damage|p1a: Sableye|267\/303|[from] sandstorm
|-damage|p2a: Scizor|259\/343 brn|[from] brn
|turn|3
|
|move|p2a: Scizor|Defog|p1a: Sableye
|move|p1a: Sableye|Defog|p2a: Scizor|[from]Magic Bounce
|-unboost|p2a: Scizor|evasion|1
|-sideend|p2: Carillon|Stealth Rock|[from] move: Defog|[of] p2a: Scizor
|move|p1a: Sableye|Dark Pulse|p2a: Scizor
|-damage|p2a: Scizor|163\/343 brn
|
|-weather|Sandstorm|[upkeep]
|-damage|p1a: Sableye|249\/303|[from] sandstorm
|-damage|p2a: Scizor|121\/343 brn|[from] brn
|turn|4
|
|move|p2a: Scizor|Bullet Punch|p1a: Sableye
|-damage|p1a: Sableye|201\/303
|move|p1a: Sableye|Dark Pulse|p2a: Scizor
|-damage|p2a: Scizor|18\/343 brn
|
|-weather|Sandstorm|[upkeep]
|-damage|p1a: Sableye|183\/303|[from] sandstorm
|-damage|p2a: Scizor|0 fnt|[from] brn
|faint|p2a: Scizor
|
|switch|p2a: Azumarill|Azumarill, M|403\/403
|turn|5
|
|switch|p1a: Slowbro|Slowbro, F|394\/394
|move|p2a: Azumarill|Substitute|p2a: Azumarill
|-start|p2a: Azumarill|Substitute
|-damage|p2a: Azumarill|303\/403
|
|-weather|none
|-heal|p2a: Azumarill|328\/403|[from] item: Leftovers
|turn|6
|
|move|p2a: Azumarill|Play Rough|p1a: Slowbro
|-damage|p1a: Slowbro|270\/394
|move|p1a: Slowbro|Psyshock|p2a: Azumarill
|-end|p2a: Azumarill|Substitute
|
|-heal|p2a: Azumarill|353\/403|[from] item: Leftovers
|-heal|p1a: Slowbro|294\/394|[from] item: Leftovers
|turn|7
|
|switch|p2a: Wobbuffet|Wobbuffet, M|583\/583
|move|p1a: Slowbro|Psyshock|p2a: Wobbuffet
|-resisted|p2a: Wobbuffet
|-damage|p2a: Wobbuffet|506\/583
|
|-heal|p1a: Slowbro|318\/394|[from] item: Leftovers
|turn|8
|
|move|p2a: Wobbuffet|Encore|p1a: Slowbro
|-start|p1a: Slowbro|Encore
|move|p1a: Slowbro|Psyshock|p2a: Wobbuffet
|-resisted|p2a: Wobbuffet
|-damage|p2a: Wobbuffet|440\/583
|
|-heal|p1a: Slowbro|342\/394|[from] item: Leftovers
|turn|9
|
|move|p1a: Slowbro|Psyshock|p2a: Wobbuffet
|-resisted|p2a: Wobbuffet
|-damage|p2a: Wobbuffet|364\/583
|move|p2a: Wobbuffet|Mirror Coat|p1a: Slowbro
|-damage|p1a: Slowbro|190\/394
|
|-heal|p1a: Slowbro|214\/394|[from] item: Leftovers
|turn|10
|
|move|p1a: Slowbro|Psyshock|p2a: Wobbuffet
|-resisted|p2a: Wobbuffet
|-damage|p2a: Wobbuffet|291\/583
|-enditem|p2a: Wobbuffet|Sitrus Berry|[eat]
|-heal|p2a: Wobbuffet|436\/583|[from] item: Sitrus Berry
|move|p2a: Wobbuffet|Mirror Coat|p1a: Slowbro
|-damage|p1a: Slowbro|68\/394
|
|-heal|p1a: Slowbro|92\/394|[from] item: Leftovers
|-end|p1a: Slowbro|Encore
|turn|11
|
|move|p2a: Wobbuffet|Encore|p1a: Slowbro
|-start|p1a: Slowbro|Encore
|move|p1a: Slowbro|Psyshock|p2a: Wobbuffet
|-resisted|p2a: Wobbuffet
|-damage|p2a: Wobbuffet|364\/583
|
|-heal|p1a: Slowbro|116\/394|[from] item: Leftovers
|turn|12
|
|move|p1a: Slowbro|Psyshock|p2a: Wobbuffet
|-resisted|p2a: Wobbuffet
|-damage|p2a: Wobbuffet|287\/583
|move|p2a: Wobbuffet|Mirror Coat|p1a: Slowbro
|-damage|p1a: Slowbro|0 fnt
|faint|p1a: Slowbro
|
|
|switch|p1a: Heatran|Heatran, M|386\/386
|turn|13
|
|switch|p2a: Tyranitar|Tyranitar, F|362\/362
|-weather|Sandstorm
|move|p1a: Heatran|Magma Storm|p2a: Tyranitar
|-resisted|p2a: Tyranitar
|-damage|p2a: Tyranitar|320\/362
|-activate|p2a: Tyranitar|move: Magma Storm|[of] p1a: Heatran
|
|-weather|Sandstorm|[upkeep]
|-damage|p2a: Tyranitar|275\/362|[from] move: Magma Storm|[partiallytrapped]
|turn|14
|
|switch|p1a: Gliscor|Gliscor, M|337\/337
|move|p2a: Tyranitar|Stealth Rock|p1a: Gliscor
|-sidestart|p1: arnyyr|move: Stealth Rock
|
|-weather|Sandstorm|[upkeep]
|-end|p2a: Tyranitar|Magma Storm|[partiallytrapped]
|-status|p1a: Gliscor|tox|[from] item: Toxic Orb
|turn|15
|
|move|p1a: Gliscor|Swords Dance|p1a: Gliscor
|-boost|p1a: Gliscor|atk|2
|move|p2a: Tyranitar|Ice Beam|p1a: Gliscor
|-supereffective|p1a: Gliscor
|-damage|p1a: Gliscor|0 fnt
|faint|p1a: Gliscor
|
|-weather|Sandstorm|[upkeep]
|-message|arnyyr forfeited.
|
|win|Carillon
|raw|Ladder updating...
|raw|arnyyr's rating: 1428 &rarr; <strong>1406<\/strong><br \/>(-22 for losing)
|raw|Carillon's rating: 1395 &rarr; <strong>1417<\/strong><br \/>(+22 for winning)