|join|CLAIRE.S.
|join|arnyyr
|player|p1|CLAIRE.S.|239
|player|p2|arnyyr|211
|gametype|singles
|gen|6
|tier|OU
|rated
|clearpoke
|poke|p1|Metagross
|poke|p1|Gardevoir, F
|poke|p1|Conkeldurr, M
|poke|p1|Gliscor, M
|poke|p1|Serperior, M
|poke|p1|Rotom-Wash
|poke|p2|Slowbro, F
|poke|p2|Jirachi
|poke|p2|Keldeo
|poke|p2|Clefable, M
|poke|p2|Tyranitar, F
|poke|p2|Landorus-Therian, M
|rule|Swagger Clause: Swagger is banned
|rule|Baton Pass Clause: Limit one PokÃ©mon knowing Baton Pass
|rule|Sleep Clause Mod: Limit one foe put to sleep
|rule|Species Clause: Limit one of each PokÃ©mon
|rule|OHKO Clause: OHKO moves are banned
|rule|Moody Clause: Moody is banned
|rule|Evasion Moves Clause: Evasion moves are banned
|rule|Endless Battle Clause: Forcing endless battles is banned
|rule|HP Percentage Mod: HP is shown in percentages
|teampreview
|
|start
|switch|p1a: Gliscor|Gliscor, M|354\/354
|switch|p2a: Landorus-Therian|Landorus-Therian, M|327\/327
|-ability|p2a: Landorus-Therian|Intimidate|[of] p1a: Gliscor
|-unboost|p1a: Gliscor|atk|1
|turn|1
|
|switch|p2a: Keldeo|Keldeo|323\/323
|move|p1a: Gliscor|Protect|p1a: Gliscor
|-fail|p1a: Gliscor
|
|-status|p1a: Gliscor|tox|[from] item: Toxic Orb
|turn|2
|
|switch|p1a: Rotom-Wash|Rotom-Wash|304\/304
|move|p2a: Keldeo|Substitute|p2a: Keldeo
|-start|p2a: Keldeo|Substitute
|-damage|p2a: Keldeo|243\/323
|
|-heal|p2a: Keldeo|263\/323|[from] item: Leftovers
|turn|3
|
|move|p2a: Keldeo|Secret Sword|p1a: Rotom-Wash
|-damage|p1a: Rotom-Wash|165\/304
|move|p1a: Rotom-Wash|Thunderbolt|p2a: Keldeo
|-supereffective|p2a: Keldeo
|-end|p2a: Keldeo|Substitute
|
|-heal|p2a: Keldeo|283\/323|[from] item: Leftovers
|-heal|p1a: Rotom-Wash|184\/304|[from] item: Leftovers
|turn|4
|
|switch|p2a: Clefable|Clefable, M|394\/394
|move|p1a: Rotom-Wash|Thunderbolt|p2a: Clefable
|-damage|p2a: Clefable|267\/394
|
|-heal|p1a: Rotom-Wash|203\/304|[from] item: Leftovers
|-heal|p2a: Clefable|291\/394|[from] item: Leftovers
|turn|5
|
|switch|p1a: Gardevoir|Gardevoir, F|277\/277
|-ability|p1a: Gardevoir|Unaware|[from] ability: Trace|[of] p2a: Clefable
|move|p2a: Clefable|Wish|p2a: Clefable
|
|-heal|p2a: Clefable|315\/394|[from] item: Leftovers
|turn|6
|
|switch|p2a: Jirachi|Jirachi|404\/404
|move|p1a: Gardevoir|Psyshock|p2a: Jirachi
|-resisted|p2a: Jirachi
|-damage|p2a: Jirachi|372\/404
|
|-heal|p2a: Jirachi|404\/404|[from] move: Wish|[wisher] Clefable
|turn|7
|
|switch|p1a: Gliscor|Gliscor, M|354\/354 tox
|move|p2a: Jirachi|Stealth Rock|p1a: Gliscor
|-sidestart|p1: CLAIRE.S.|move: Stealth Rock
|
|turn|8
|
|switch|p2a: Keldeo|Keldeo|283\/323
|move|p1a: Gliscor|Stealth Rock|p2a: Keldeo
|-sidestart|p2: arnyyr|move: Stealth Rock
|
|-heal|p2a: Keldeo|303\/323|[from] item: Leftovers
|turn|9
|
|move|p2a: Keldeo|Substitute|p2a: Keldeo
|-start|p2a: Keldeo|Substitute
|-damage|p2a: Keldeo|223\/323
|move|p1a: Gliscor|Earthquake|p2a: Keldeo
|-end|p2a: Keldeo|Substitute
|
|-heal|p2a: Keldeo|243\/323|[from] item: Leftovers
|turn|10
|
|switch|p1a: Gardevoir|Gardevoir, F|277\/277
|-damage|p1a: Gardevoir|243\/277|[from] Stealth Rock
|-ability|p1a: Gardevoir|Justified|[from] ability: Trace|[of] p2a: Keldeo
|move|p2a: Keldeo|Substitute|p2a: Keldeo
|-start|p2a: Keldeo|Substitute
|-damage|p2a: Keldeo|163\/323
|
|-heal|p2a: Keldeo|183\/323|[from] item: Leftovers
|turn|11
|
|switch|p2a: Jirachi|Jirachi|404\/404
|-damage|p2a: Jirachi|379\/404|[from] Stealth Rock
|move|p1a: Gardevoir|Moonblast|p2a: Jirachi
|-resisted|p2a: Jirachi
|-damage|p2a: Jirachi|322\/404
|-unboost|p2a: Jirachi|spa|1
|
|-heal|p2a: Jirachi|347\/404|[from] item: Leftovers
|turn|12
|
|switch|p1a: Serperior|Serperior, M|291\/291
|-damage|p1a: Serperior|255\/291|[from] Stealth Rock
|move|p2a: Jirachi|U-turn|p1a: Serperior
|-supereffective|p1a: Serperior
|-damage|p1a: Serperior|147\/291
|
|switch|p2a: Landorus-Therian|Landorus-Therian, M|327\/327
|-damage|p2a: Landorus-Therian|287\/327|[from] Stealth Rock
|-ability|p2a: Landorus-Therian|Intimidate|[of] p1a: Serperior
|-boost|p1a: Serperior|atk|1
|
|turn|13
|
|switch|p1a: Gliscor|Gliscor, M|354\/354 tox
|-damage|p1a: Gliscor|310\/354 tox|[from] Stealth Rock
|move|p2a: Landorus-Therian|U-turn|p1a: Gliscor
|-resisted|p1a: Gliscor
|-damage|p1a: Gliscor|282\/354 tox
|
|switch|p2a: Keldeo|Keldeo|183\/323
|-damage|p2a: Keldeo|163\/323|[from] Stealth Rock
|
|-heal|p2a: Keldeo|183\/323|[from] item: Leftovers
|-heal|p1a: Gliscor|326\/354 tox|[from] ability: Poison Heal
|turn|14
|
|switch|p1a: Gardevoir|Gardevoir, F|243\/277
|-damage|p1a: Gardevoir|209\/277|[from] Stealth Rock
|-ability|p1a: Gardevoir|Justified|[from] ability: Trace|[of] p2a: Keldeo
|move|p2a: Keldeo|Scald|p1a: Gardevoir
|-damage|p1a: Gardevoir|89\/277
|
|-heal|p2a: Keldeo|203\/323|[from] item: Leftovers
|turn|15
|
|switch|p2a: Jirachi|Jirachi|347\/404
|-damage|p2a: Jirachi|322\/404|[from] Stealth Rock
|move|p1a: Gardevoir|Thunderbolt|p2a: Jirachi
|-damage|p2a: Jirachi|242\/404
|
|-heal|p2a: Jirachi|267\/404|[from] item: Leftovers
|turn|16
|
|move|p1a: Gardevoir|Thunderbolt|p2a: Jirachi
|-damage|p2a: Jirachi|187\/404
|move|p2a: Jirachi|U-turn|p1a: Gardevoir
|-damage|p1a: Gardevoir|7\/277
|
|switch|p2a: Landorus-Therian|Landorus-Therian, M|287\/327
|-damage|p2a: Landorus-Therian|247\/327|[from] Stealth Rock
|-ability|p2a: Landorus-Therian|Intimidate|[of] p1a: Gardevoir
|-unboost|p1a: Gardevoir|atk|1
|
|turn|17
|
|move|p2a: Landorus-Therian|U-turn|p1a: Gardevoir
|-damage|p1a: Gardevoir|0 fnt
|faint|p1a: Gardevoir
|
|switch|p2a: Jirachi|Jirachi|187\/404
|-damage|p2a: Jirachi|162\/404|[from] Stealth Rock
|
|-heal|p2a: Jirachi|187\/404|[from] item: Leftovers
|
|switch|p1a: Conkeldurr|Conkeldurr, M|351\/351
|-damage|p1a: Conkeldurr|330\/351|[from] Stealth Rock
|turn|18
|
|move|p2a: Jirachi|Iron Head|p1a: Conkeldurr
|-damage|p1a: Conkeldurr|230\/351
|cant|p1a: Conkeldurr|flinch
|
|-heal|p2a: Jirachi|212\/404|[from] item: Leftovers
|turn|19
|
|move|p2a: Jirachi|Iron Head|p1a: Conkeldurr
|-damage|p1a: Conkeldurr|137\/351
|move|p1a: Conkeldurr|Drain Punch|p2a: Jirachi
|-damage|p2a: Jirachi|50\/404
|-heal|p1a: Conkeldurr|218\/351|[from] drain|[of] p2a: Jirachi
|
|-heal|p2a: Jirachi|75\/404|[from] item: Leftovers
|turn|20
|
|move|p1a: Conkeldurr|Mach Punch|p2a: Jirachi
|-crit|p2a: Jirachi
|-damage|p2a: Jirachi|0 fnt
|faint|p2a: Jirachi
|
|c|âarnyyr|come on
|
|switch|p2a: Clefable|Clefable, M|315\/394
|-damage|p2a: Clefable|266\/394|[from] Stealth Rock
|turn|21
|
|switch|p1a: Gliscor|Gliscor, M|326\/354 tox
|-damage|p1a: Gliscor|282\/354 tox|[from] Stealth Rock
|move|p2a: Clefable|Wish|p2a: Clefable
|
|-heal|p2a: Clefable|290\/394|[from] item: Leftovers
|-heal|p1a: Gliscor|326\/354 tox|[from] ability: Poison Heal
|turn|22
|
|switch|p2a: Keldeo|Keldeo|203\/323
|-damage|p2a: Keldeo|183\/323|[from] Stealth Rock
|move|p1a: Gliscor|Toxic|p2a: Keldeo
|-status|p2a: Keldeo|tox
|
|-heal|p2a: Keldeo|323\/323 tox|[from] move: Wish|[wisher] Clefable
|-damage|p2a: Keldeo|303\/323 tox|[from] psn
|-heal|p1a: Gliscor|354\/354 tox|[from] ability: Poison Heal
|turn|23
|
|move|p2a: Keldeo|Calm Mind|p2a: Keldeo
|-boost|p2a: Keldeo|spa|1
|-boost|p2a: Keldeo|spd|1
|move|p1a: Gliscor|Earthquake|p2a: Keldeo
|-crit|p2a: Keldeo
|-damage|p2a: Keldeo|116\/323 tox
|
|-heal|p2a: Keldeo|136\/323 tox|[from] item: Leftovers
|-damage|p2a: Keldeo|96\/323 tox|[from] psn
|turn|24
|
|move|p1a: Gliscor|Protect|p1a: Gliscor
|-singleturn|p1a: Gliscor|Protect
|move|p2a: Keldeo|Scald|p1a: Gliscor
|-activate|p1a: Gliscor|Protect
|
|-heal|p2a: Keldeo|116\/323 tox|[from] item: Leftovers
|-damage|p2a: Keldeo|56\/323 tox|[from] psn
|turn|25
|
|switch|p1a: Rotom-Wash|Rotom-Wash|203\/304
|-damage|p1a: Rotom-Wash|165\/304|[from] Stealth Rock
|move|p2a: Keldeo|Secret Sword|p1a: Rotom-Wash
|-damage|p1a: Rotom-Wash|0 fnt
|faint|p1a: Rotom-Wash
|
|-heal|p2a: Keldeo|76\/323 tox|[from] item: Leftovers
|-damage|p2a: Keldeo|0 fnt|[from] psn
|faint|p2a: Keldeo
|
|switch|p1a: Gliscor|Gliscor, M|354\/354 tox
|switch|p2a: Clefable|Clefable, M|290\/394
|-damage|p1a: Gliscor|310\/354 tox|[from] Stealth Rock
|-damage|p2a: Clefable|241\/394|[from] Stealth Rock
|turn|26
|
|move|p2a: Clefable|Protect|p2a: Clefable
|-singleturn|p2a: Clefable|Protect
|move|p1a: Gliscor|Toxic|p2a: Clefable
|-activate|p2a: Clefable|Protect
|
|-heal|p2a: Clefable|265\/394|[from] item: Leftovers
|-heal|p1a: Gliscor|354\/354 tox|[from] ability: Poison Heal
|turn|27
|
|move|p1a: Gliscor|Toxic|p2a: Clefable
|-status|p2a: Clefable|tox
|move|p2a: Clefable|Wish|p2a: Clefable
|
|-heal|p2a: Clefable|289\/394 tox|[from] item: Leftovers
|-damage|p2a: Clefable|265\/394 tox|[from] psn
|turn|28
|
|switch|p2a: Slowbro|Slowbro, F|393\/393
|-damage|p2a: Slowbro|344\/393|[from] Stealth Rock
|move|p1a: Gliscor|Toxic|p2a: Slowbro|[miss]
|-miss|p1a: Gliscor|p2a: Slowbro
|
|-heal|p2a: Slowbro|393\/393|[from] move: Wish|[wisher] Clefable
|turn|29
|
|switch|p1a: Serperior|Serperior, M|147\/291
|-damage|p1a: Serperior|111\/291|[from] Stealth Rock
|move|p2a: Slowbro|Scald|p1a: Serperior
|-resisted|p1a: Serperior
|-damage|p1a: Serperior|65\/291
|
|turn|30
|
|switch|p2a: Tyranitar|Tyranitar, F|341\/341
|-damage|p2a: Tyranitar|299\/341|[from] Stealth Rock
|-weather|Sandstorm
|move|p1a: Serperior|Leaf Storm|p2a: Tyranitar
|-supereffective|p2a: Tyranitar
|-damage|p2a: Tyranitar|99\/341
|-boost|p1a: Serperior|spa|2
|
|-weather|Sandstorm|[upkeep]
|-damage|p1a: Serperior|47\/291|[from] Sandstorm
|turn|31
|
|move|p2a: Tyranitar|Pursuit|p1a: Serperior
|-damage|p1a: Serperior|0 fnt
|faint|p1a: Serperior
|
|-weather|Sandstorm|[upkeep]
|
|switch|p1a: Gliscor|Gliscor, M|354\/354 tox
|-damage|p1a: Gliscor|310\/354 tox|[from] Stealth Rock
|turn|32
|
|move|p2a: Tyranitar|Pursuit|p1a: Gliscor
|-damage|p1a: Gliscor|262\/354 tox
|move|p1a: Gliscor|Toxic|p2a: Tyranitar
|-status|p2a: Tyranitar|tox
|
|-weather|Sandstorm|[upkeep]
|-damage|p2a: Tyranitar|78\/341 tox|[from] psn
|-heal|p1a: Gliscor|306\/354 tox|[from] ability: Poison Heal
|turn|33
|
|move|p2a: Tyranitar|Pursuit|p1a: Gliscor
|-damage|p1a: Gliscor|261\/354 tox
|move|p1a: Gliscor|Earthquake|p2a: Tyranitar
|-supereffective|p2a: Tyranitar
|-damage|p2a: Tyranitar|0 fnt
|faint|p2a: Tyranitar
|
|-weather|Sandstorm|[upkeep]
|-heal|p1a: Gliscor|305\/354 tox|[from] ability: Poison Heal
|
|switch|p2a: Slowbro|Slowbro, F|393\/393
|-damage|p2a: Slowbro|344\/393|[from] Stealth Rock
|turn|34
|
|move|p1a: Gliscor|Toxic|p2a: Slowbro
|-status|p2a: Slowbro|tox
|move|p2a: Slowbro|Scald|p1a: Gliscor
|-supereffective|p1a: Gliscor
|-damage|p1a: Gliscor|53\/354 tox
|
|-weather|none
|-heal|p1a: Gliscor|97\/354 tox|[from] ability: Poison Heal
|-damage|p2a: Slowbro|320\/393 tox|[from] psn
|turn|35
|
|move|p1a: Gliscor|Protect|p1a: Gliscor
|-singleturn|p1a: Gliscor|Protect
|move|p2a: Slowbro|Calm Mind|p2a: Slowbro
|-boost|p2a: Slowbro|spa|1
|-boost|p2a: Slowbro|spd|1
|
|-heal|p1a: Gliscor|141\/354 tox|[from] ability: Poison Heal
|-damage|p2a: Slowbro|272\/393 tox|[from] psn
|turn|36
|
|switch|p1a: Conkeldurr|Conkeldurr, M|218\/351
|-damage|p1a: Conkeldurr|197\/351|[from] Stealth Rock
|move|p2a: Slowbro|Scald|p1a: Conkeldurr
|-damage|p1a: Conkeldurr|94\/351
|-status|p1a: Conkeldurr|brn
|
|-damage|p1a: Conkeldurr|51\/351 brn|[from] brn
|-damage|p2a: Slowbro|200\/393 tox|[from] psn
|turn|37
|
|switch|p2a: Clefable|Clefable, M|265\/394 tox
|-damage|p2a: Clefable|216\/394 tox|[from] Stealth Rock
|move|p1a: Conkeldurr|Knock Off|p2a: Clefable
|-resisted|p2a: Clefable
|-damage|p2a: Clefable|127\/394 tox
|-enditem|p2a: Clefable|Leftovers|[from] move: Knock Off|[of] p1a: Conkeldurr
|
|-damage|p2a: Clefable|103\/394 tox|[from] psn
|-damage|p1a: Conkeldurr|8\/351 brn|[from] brn
|turn|38
|
|move|p1a: Conkeldurr|Mach Punch|p2a: Clefable
|-resisted|p2a: Clefable
|-damage|p2a: Clefable|51\/394 tox
|move|p2a: Clefable|Heal Bell|p2a: Clefable
|-cureteam|p2a: Clefable|[from] move: HealBell
|
|-damage|p1a: Conkeldurr|0 fnt|[from] brn
|faint|p1a: Conkeldurr
|
|switch|p1a: Gliscor|Gliscor, M|141\/354 tox
|-damage|p1a: Gliscor|97\/354 tox|[from] Stealth Rock
|turn|39
|
|move|p1a: Gliscor|Earthquake|p2a: Clefable
|-damage|p2a: Clefable|0 fnt
|faint|p2a: Clefable
|
|-heal|p1a: Gliscor|141\/354 tox|[from] ability: Poison Heal
|
|switch|p2a: Slowbro|Slowbro, F|331\/393
|-damage|p2a: Slowbro|282\/393|[from] Stealth Rock
|turn|40
|
|move|p1a: Gliscor|Toxic|p2a: Slowbro
|-status|p2a: Slowbro|tox
|move|p2a: Slowbro|Scald|p1a: Gliscor
|-supereffective|p1a: Gliscor
|-damage|p1a: Gliscor|0 fnt
|faint|p1a: Gliscor
|
|-damage|p2a: Slowbro|258\/393 tox|[from] psn
|
|switch|p1a: Metagross|Metagross|302\/302
|-damage|p1a: Metagross|284\/302|[from] Stealth Rock
|turn|41
|
|switch|p2a: Landorus-Therian|Landorus-Therian, M|247\/327
|-damage|p2a: Landorus-Therian|207\/327|[from] Stealth Rock
|-ability|p2a: Landorus-Therian|Intimidate|[of] p1a: Metagross
|-fail|p1a: Metagross|unboost|[from] ability: Clear Body|[of] p1a: Metagross
|detailschange|p1a: Metagross|Metagross-Mega
|-mega|p1a: Metagross|Metagross|Metagrossite
|move|p1a: Metagross|Meteor Mash|p2a: Landorus-Therian
|-damage|p2a: Landorus-Therian|0 fnt
|faint|p2a: Landorus-Therian
|
|
|switch|p2a: Slowbro|Slowbro, F|389\/393 tox
|-damage|p2a: Slowbro|340\/393 tox|[from] Stealth Rock
|turn|42
|
|detailschange|p2a: Slowbro|Slowbro-Mega, F
|-mega|p2a: Slowbro|Slowbro|Slowbronite
|move|p1a: Metagross|Earthquake|p2a: Slowbro
|-damage|p2a: Slowbro|279\/393 tox
|move|p2a: Slowbro|Scald|p1a: Metagross
|-damage|p1a: Metagross|175\/302
|
|-damage|p2a: Slowbro|255\/393 tox|[from] psn
|turn|43
|
|move|p1a: Metagross|Meteor Mash|p2a: Slowbro
|-resisted|p2a: Slowbro
|-damage|p2a: Slowbro|198\/393 tox
|move|p2a: Slowbro|Scald|p1a: Metagross
|-damage|p1a: Metagross|57\/302
|
|-damage|p2a: Slowbro|150\/393 tox|[from] psn
|turn|44
|
|move|p1a: Metagross|Zen Headbutt|p2a: Slowbro
|-resisted|p2a: Slowbro
|-damage|p2a: Slowbro|99\/393 tox
|cant|p2a: Slowbro|flinch
|
|-damage|p2a: Slowbro|27\/393 tox|[from] psn
|turn|45
|c|âarnyyr|what a haxer
|c|âarnyyr|u suck
|
|move|p1a: Metagross|Earthquake|p2a: Slowbro
|-damage|p2a: Slowbro|0 fnt
|faint|p2a: Slowbro
|
|win|CLAIRE.S.
|raw|Ladder updating...
|raw|CLAIRE.S.'s rating: 1439 &rarr; <strong>1461<\/strong><br \/>(+22 for winning)
|raw|arnyyr's rating: 1471 &rarr; <strong>1450<\/strong><br \/>(-21 for losing)
|c|âCLAIRE.S.|gg
|c|âarnyyr|TU PUTA MADRE
|c|âCLAIRE.S.|?