|join|arnyyr
|join|Zarach
|player|p1|arnyyr|211
|player|p2|Zarach|80
|gametype|singles
|gen|6
|tier|OU
|rated
|clearpoke
|poke|p1|Slowbro, F
|poke|p1|Jirachi
|poke|p1|Keldeo
|poke|p1|Clefable, M
|poke|p1|Tyranitar, M
|poke|p1|Landorus-Therian, M
|poke|p2|Sceptile, M
|poke|p2|Landorus-Therian, M
|poke|p2|Bisharp, M
|poke|p2|Heatran, F
|poke|p2|Mandibuzz, F
|poke|p2|Keldeo
|rule|Swagger Clause: Swagger is banned
|rule|Baton Pass Clause: Limit one PokÃ©mon knowing Baton Pass
|rule|Sleep Clause Mod: Limit one foe put to sleep
|rule|Species Clause: Limit one of each PokÃ©mon
|rule|OHKO Clause: OHKO moves are banned
|rule|Moody Clause: Moody is banned
|rule|Evasion Moves Clause: Evasion moves are banned
|rule|Endless Battle Clause: Forcing endless battles is banned
|rule|HP Percentage Mod: HP is shown in percentages
|teampreview
|
|start
|switch|p1a: Keldeo|Keldeo|323\/323
|switch|p2a: Heatran|Heatran, F|386\/386
|turn|1
|
|move|p2a: Heatran|Protect|p2a: Heatran
|-singleturn|p2a: Heatran|Protect
|move|p1a: Keldeo|Substitute|p1a: Keldeo
|-start|p1a: Keldeo|Substitute
|-damage|p1a: Keldeo|243\/323
|
|-heal|p1a: Keldeo|263\/323|[from] item: Leftovers
|turn|2
|
|switch|p2a: Mandibuzz|Mandibuzz, F|424\/424
|move|p1a: Keldeo|Secret Sword|p2a: Mandibuzz
|-damage|p2a: Mandibuzz|315\/424
|
|-heal|p1a: Keldeo|283\/323|[from] item: Leftovers
|-heal|p2a: Mandibuzz|341\/424|[from] item: Leftovers
|turn|3
|
|switch|p2a: Keldeo|Keldeo|323\/323
|move|p1a: Keldeo|Scald|p2a: Keldeo
|-resisted|p2a: Keldeo
|-damage|p2a: Keldeo|245\/323
|
|-heal|p2a: Keldeo|265\/323|[from] item: Leftovers
|-heal|p1a: Keldeo|303\/323|[from] item: Leftovers
|turn|4
|
|move|p2a: Keldeo|Secret Sword|p1a: Keldeo
|-crit|p1a: Keldeo
|-end|p1a: Keldeo|Substitute
|move|p1a: Keldeo|Secret Sword|p2a: Keldeo
|-damage|p2a: Keldeo|93\/323
|
|-heal|p1a: Keldeo|323\/323|[from] item: Leftovers
|-heal|p2a: Keldeo|113\/323|[from] item: Leftovers
|turn|5
|
|move|p2a: Keldeo|Secret Sword|p1a: Keldeo
|-damage|p1a: Keldeo|160\/323
|move|p1a: Keldeo|Substitute|p1a: Keldeo
|-start|p1a: Keldeo|Substitute
|-damage|p1a: Keldeo|80\/323
|
|-heal|p2a: Keldeo|133\/323|[from] item: Leftovers
|-heal|p1a: Keldeo|100\/323|[from] item: Leftovers
|turn|6
|
|move|p2a: Keldeo|Secret Sword|p1a: Keldeo
|-end|p1a: Keldeo|Substitute
|move|p1a: Keldeo|Secret Sword|p2a: Keldeo
|-damage|p2a: Keldeo|0 fnt
|faint|p2a: Keldeo
|
|-heal|p1a: Keldeo|120\/323|[from] item: Leftovers
|c|âarnyyr|nice speed ties
|
|switch|p2a: Sceptile|Sceptile, M|281\/281
|turn|7
|c|âZarach|dont rly think those were speed ties
|
|switch|p1a: Jirachi|Jirachi|404\/404
|detailschange|p2a: Sceptile|Sceptile-Mega, M
|-mega|p2a: Sceptile|Sceptile|Sceptilite
|move|p2a: Sceptile|Substitute|p2a: Sceptile
|-start|p2a: Sceptile|Substitute
|-damage|p2a: Sceptile|211\/281
|
|turn|8
|c|âarnyyr|lol
|c|âarnyyr|why not?
|c|âZarach|4 time in a row? hard to believe
|
|move|p2a: Sceptile|Focus Blast|p1a: Jirachi
|-damage|p1a: Jirachi|293\/404
|move|p1a: Jirachi|Iron Head|p2a: Sceptile
|-end|p2a: Sceptile|Substitute
|
|-heal|p1a: Jirachi|318\/404|[from] item: Leftovers
|turn|9
|c|âarnyyr|im max speed
|c|âarnyyr|for sure
|
|switch|p2a: Heatran|Heatran, F|386\/386
|move|p1a: Jirachi|U-turn|p2a: Heatran
|-resisted|p2a: Heatran
|-damage|p2a: Heatran|373\/386
|
|switch|p1a: Keldeo|Keldeo|120\/323
|
|-heal|p1a: Keldeo|140\/323|[from] item: Leftovers
|-heal|p2a: Heatran|386\/386|[from] item: Leftovers
|turn|10
|
|move|p1a: Keldeo|Scald|p2a: Heatran
|-supereffective|p2a: Heatran
|-damage|p2a: Heatran|198\/386
|move|p2a: Heatran|Earth Power|p1a: Keldeo
|-crit|p1a: Keldeo
|-damage|p1a: Keldeo|0 fnt
|faint|p1a: Keldeo
|
|-heal|p2a: Heatran|222\/386|[from] item: Leftovers
|c|âarnyyr|nice crit
|c|âarnyyr|can u stop haxing me
|
|switch|p1a: Slowbro|Slowbro, F|393\/393
|turn|11
|
|switch|p2a: Bisharp|Bisharp, M|271\/271
|move|p1a: Slowbro|Calm Mind|p1a: Slowbro
|-boost|p1a: Slowbro|spa|1
|-boost|p1a: Slowbro|spd|1
|
|turn|12
|
|move|p2a: Bisharp|Knock Off|p1a: Slowbro
|-supereffective|p1a: Slowbro
|-damage|p1a: Slowbro|151\/393
|-damage|p2a: Bisharp|244\/271|[from] item: Life Orb
|move|p1a: Slowbro|Slack Off|p1a: Slowbro
|-heal|p1a: Slowbro|348\/393
|
|turn|13
|
|detailschange|p1a: Slowbro|Slowbro-Mega, F
|-mega|p1a: Slowbro|Slowbro|Slowbronite
|move|p2a: Bisharp|Swords Dance|p2a: Bisharp
|-boost|p2a: Bisharp|atk|2
|move|p1a: Slowbro|Slack Off|p1a: Slowbro
|-heal|p1a: Slowbro|393\/393
|
|turn|14
|
|move|p2a: Bisharp|Knock Off|p1a: Slowbro
|-supereffective|p1a: Slowbro
|-damage|p1a: Slowbro|94\/393
|-damage|p2a: Bisharp|217\/271|[from] item: Life Orb
|move|p1a: Slowbro|Scald|p2a: Bisharp
|-damage|p2a: Bisharp|0 fnt
|faint|p2a: Bisharp
|
|
|switch|p2a: Sceptile|Sceptile-Mega, M|211\/281
|turn|15
|
|switch|p1a: Jirachi|Jirachi|318\/404
|move|p2a: Sceptile|Giga Drain|p1a: Jirachi
|-crit|p1a: Jirachi
|-resisted|p1a: Jirachi
|-damage|p1a: Jirachi|240\/404
|-heal|p2a: Sceptile|250\/281|[from] drain|[of] p1a: Jirachi
|
|-heal|p1a: Jirachi|265\/404|[from] item: Leftovers
|turn|16
|
|switch|p2a: Heatran|Heatran, F|222\/386
|move|p1a: Jirachi|Stealth Rock|p2a: Heatran
|-sidestart|p2: Zarach|move: Stealth Rock
|
|-heal|p1a: Jirachi|290\/404|[from] item: Leftovers
|-heal|p2a: Heatran|246\/386|[from] item: Leftovers
|turn|17
|
|switch|p1a: Slowbro|Slowbro-Mega, F|94\/393
|move|p2a: Heatran|Lava Plume|p1a: Slowbro
|-resisted|p1a: Slowbro
|-damage|p1a: Slowbro|24\/393
|
|-heal|p2a: Heatran|270\/386|[from] item: Leftovers
|turn|18
|
|move|p2a: Heatran|Lava Plume|p1a: Slowbro
|-resisted|p1a: Slowbro
|-damage|p1a: Slowbro|0 fnt
|faint|p1a: Slowbro
|
|-heal|p2a: Heatran|294\/386|[from] item: Leftovers
|
|switch|p1a: Landorus-Therian|Landorus-Therian, M|327\/327
|-ability|p1a: Landorus-Therian|Intimidate|[of] p2a: Heatran
|-unboost|p2a: Heatran|atk|1
|turn|19
|
|move|p2a: Heatran|Protect|p2a: Heatran
|-singleturn|p2a: Heatran|Protect
|move|p1a: Landorus-Therian|Earthquake|p2a: Heatran
|-activate|p2a: Heatran|Protect
|
|-heal|p2a: Heatran|318\/386|[from] item: Leftovers
|turn|20
|
|switch|p1a: Clefable|Clefable, M|394\/394
|switch|p2a: Landorus-Therian|Landorus-Therian, M|319\/319
|-damage|p2a: Landorus-Therian|280\/319|[from] Stealth Rock
|-ability|p2a: Landorus-Therian|Intimidate|[of] p1a: Clefable
|-unboost|p1a: Clefable|atk|1
|
|turn|21
|
|move|p2a: Landorus-Therian|Earthquake|p1a: Clefable
|-damage|p1a: Clefable|210\/394
|move|p1a: Clefable|Wish|p1a: Clefable
|
|-heal|p1a: Clefable|234\/394|[from] item: Leftovers
|turn|22
|
|switch|p2a: Mandibuzz|Mandibuzz, F|341\/424
|-damage|p2a: Mandibuzz|235\/424|[from] Stealth Rock
|move|p1a: Clefable|Moonblast|p2a: Mandibuzz
|-supereffective|p2a: Mandibuzz
|-damage|p2a: Mandibuzz|5\/424
|
|-heal|p1a: Clefable|394\/394|[from] move: Wish|[wisher] Clefable
|-heal|p2a: Mandibuzz|31\/424|[from] item: Leftovers
|turn|23
|
|move|p2a: Mandibuzz|Toxic|p1a: Clefable
|-status|p1a: Clefable|tox
|move|p1a: Clefable|Moonblast|p2a: Mandibuzz
|-supereffective|p2a: Mandibuzz
|-damage|p2a: Mandibuzz|0 fnt
|faint|p2a: Mandibuzz
|
|-damage|p1a: Clefable|370\/394 tox|[from] psn
|
|switch|p2a: Heatran|Heatran, F|318\/386
|-damage|p2a: Heatran|270\/386|[from] Stealth Rock
|turn|24
|
|move|p2a: Heatran|Lava Plume|p1a: Clefable
|-damage|p1a: Clefable|235\/394 tox
|move|p1a: Clefable|Heal Bell|p1a: Clefable
|-cureteam|p1a: Clefable|[from] move: HealBell
|
|-heal|p2a: Heatran|294\/386|[from] item: Leftovers
|-heal|p1a: Clefable|259\/394|[from] item: Leftovers
|turn|25
|
|move|p2a: Heatran|Lava Plume|p1a: Clefable
|-damage|p1a: Clefable|126\/394
|-status|p1a: Clefable|brn
|move|p1a: Clefable|Wish|p1a: Clefable
|
|-heal|p2a: Heatran|318\/386|[from] item: Leftovers
|-heal|p1a: Clefable|150\/394 brn|[from] item: Leftovers
|-damage|p1a: Clefable|101\/394 brn|[from] brn
|turn|26
|
|move|p1a: Clefable|Protect|p1a: Clefable
|-singleturn|p1a: Clefable|Protect
|move|p2a: Heatran|Lava Plume|p1a: Clefable
|-activate|p1a: Clefable|Protect
|
|-heal|p1a: Clefable|298\/394 brn|[from] move: Wish|[wisher] Clefable
|-heal|p2a: Heatran|342\/386|[from] item: Leftovers
|-heal|p1a: Clefable|322\/394 brn|[from] item: Leftovers
|-damage|p1a: Clefable|273\/394 brn|[from] brn
|turn|27
|
|move|p2a: Heatran|Lava Plume|p1a: Clefable
|-damage|p1a: Clefable|147\/394 brn
|move|p1a: Clefable|Wish|p1a: Clefable
|
|-heal|p2a: Heatran|366\/386|[from] item: Leftovers
|-heal|p1a: Clefable|171\/394 brn|[from] item: Leftovers
|-damage|p1a: Clefable|122\/394 brn|[from] brn
|turn|28
|
|move|p1a: Clefable|Protect|p1a: Clefable
|-singleturn|p1a: Clefable|Protect
|move|p2a: Heatran|Stealth Rock|p1a: Clefable
|-sidestart|p1: arnyyr|move: Stealth Rock
|
|-heal|p1a: Clefable|319\/394 brn|[from] move: Wish|[wisher] Clefable
|-heal|p2a: Heatran|386\/386|[from] item: Leftovers
|-heal|p1a: Clefable|343\/394 brn|[from] item: Leftovers
|-damage|p1a: Clefable|294\/394 brn|[from] brn
|turn|29
|
|move|p2a: Heatran|Lava Plume|p1a: Clefable
|-damage|p1a: Clefable|152\/394 brn
|move|p1a: Clefable|Heal Bell|p1a: Clefable
|-cureteam|p1a: Clefable|[from] move: HealBell
|
|-heal|p1a: Clefable|176\/394|[from] item: Leftovers
|turn|30
|
|move|p1a: Clefable|Protect|p1a: Clefable
|-singleturn|p1a: Clefable|Protect
|move|p2a: Heatran|Lava Plume|p1a: Clefable
|-activate|p1a: Clefable|Protect
|
|-heal|p1a: Clefable|200\/394|[from] item: Leftovers
|turn|31
|
|move|p2a: Heatran|Lava Plume|p1a: Clefable
|-damage|p1a: Clefable|68\/394
|move|p1a: Clefable|Wish|p1a: Clefable
|
|-heal|p1a: Clefable|92\/394|[from] item: Leftovers
|turn|32
|
|move|p1a: Clefable|Protect|p1a: Clefable
|-singleturn|p1a: Clefable|Protect
|move|p2a: Heatran|Earth Power|p1a: Clefable
|-activate|p1a: Clefable|Protect
|
|-heal|p1a: Clefable|289\/394|[from] move: Wish|[wisher] Clefable
|-heal|p1a: Clefable|313\/394|[from] item: Leftovers
|turn|33
|
|switch|p1a: Tyranitar|Tyranitar, M|341\/341
|-damage|p1a: Tyranitar|299\/341|[from] Stealth Rock
|-weather|Sandstorm
|move|p2a: Heatran|Lava Plume|p1a: Tyranitar
|-resisted|p1a: Tyranitar
|-damage|p1a: Tyranitar|258\/341
|
|-weather|Sandstorm|[upkeep]
|turn|34
|
|move|p2a: Heatran|Protect|p2a: Heatran
|-singleturn|p2a: Heatran|Protect
|move|p1a: Tyranitar|Stone Edge|p2a: Heatran
|-activate|p2a: Heatran|Protect
|
|-weather|Sandstorm|[upkeep]
|turn|35
|
|move|p1a: Tyranitar|Stone Edge|p2a: Heatran|[miss]
|-miss|p1a: Tyranitar|p2a: Heatran
|move|p2a: Heatran|Lava Plume|p1a: Tyranitar
|-resisted|p1a: Tyranitar
|-damage|p1a: Tyranitar|218\/341
|
|-weather|Sandstorm|[upkeep]
|turn|36
|c|âarnyyr|i  so tired
|c|âarnyyr|of that
|
|move|p1a: Tyranitar|Stone Edge|p2a: Heatran
|-damage|p2a: Heatran|200\/386
|move|p2a: Heatran|Lava Plume|p1a: Tyranitar
|-resisted|p1a: Tyranitar
|-damage|p1a: Tyranitar|173\/341
|
|-weather|Sandstorm|[upkeep]
|-heal|p2a: Heatran|224\/386|[from] item: Leftovers
|turn|37
|
|move|p2a: Heatran|Protect|p2a: Heatran
|-singleturn|p2a: Heatran|Protect
|move|p1a: Tyranitar|Stone Edge|p2a: Heatran
|-activate|p2a: Heatran|Protect
|
|-weather|none
|-heal|p2a: Heatran|248\/386|[from] item: Leftovers
|turn|38
|c|âZarach|me 2
|
|move|p1a: Tyranitar|Stone Edge|p2a: Heatran
|-damage|p2a: Heatran|88\/386
|move|p2a: Heatran|Lava Plume|p1a: Tyranitar
|-resisted|p1a: Tyranitar
|-damage|p1a: Tyranitar|107\/341
|
|-heal|p2a: Heatran|112\/386|[from] item: Leftovers
|turn|39
|c|âarnyyr|u havent been haxed
|
|move|p1a: Tyranitar|Stone Edge|p2a: Heatran|[miss]
|-miss|p1a: Tyranitar|p2a: Heatran
|move|p2a: Heatran|Lava Plume|p1a: Tyranitar
|-resisted|p1a: Tyranitar
|-damage|p1a: Tyranitar|48\/341
|
|-heal|p2a: Heatran|136\/386|[from] item: Leftovers
|turn|40
|c|âZarach|lol 30 % chance burn
|c|âarnyyr|lol 20% chance miss
|c|âZarach|use like 8 in a row btween clefable and tyrannitar get none
|
|move|p2a: Heatran|Protect|p2a: Heatran
|-singleturn|p2a: Heatran|Protect
|move|p1a: Tyranitar|Stone Edge|p2a: Heatran
|-activate|p2a: Heatran|Protect
|
|-heal|p2a: Heatran|160\/386|[from] item: Leftovers
|turn|41
|c|âarnyyr|and i lost 4 speed ties
|
|move|p1a: Tyranitar|Stone Edge|p2a: Heatran
|-damage|p2a: Heatran|0 fnt
|faint|p2a: Heatran
|
|
|switch|p2a: Sceptile|Sceptile-Mega, M|250\/281
|-damage|p2a: Sceptile|215\/281|[from] Stealth Rock
|turn|42
|c|âZarach|only the last one mattered
|c|âZarach|so stop whine about that
|c|âZarach|if it was even a speed tie
|
|move|p2a: Sceptile|Giga Drain|p1a: Tyranitar
|-supereffective|p1a: Tyranitar
|-damage|p1a: Tyranitar|0 fnt
|-heal|p2a: Sceptile|239\/281|[from] drain|[of] p1a: Tyranitar
|faint|p1a: Tyranitar
|
|c|âarnyyr|it was
|
|switch|p1a: Jirachi|Jirachi|290\/404
|-damage|p1a: Jirachi|265\/404|[from] Stealth Rock
|turn|43
|
|switch|p2a: Landorus-Therian|Landorus-Therian, M|280\/319
|-damage|p2a: Landorus-Therian|241\/319|[from] Stealth Rock
|-ability|p2a: Landorus-Therian|Intimidate|[of] p1a: Jirachi
|-unboost|p1a: Jirachi|atk|1
|move|p1a: Jirachi|Iron Head|p2a: Landorus-Therian
|-damage|p2a: Landorus-Therian|175\/319
|
|-heal|p1a: Jirachi|290\/404|[from] item: Leftovers
|turn|44
|
|switch|p1a: Landorus-Therian|Landorus-Therian, M|327\/327
|-damage|p1a: Landorus-Therian|287\/327|[from] Stealth Rock
|-ability|p1a: Landorus-Therian|Intimidate|[of] p2a: Landorus-Therian
|-unboost|p2a: Landorus-Therian|atk|1
|move|p2a: Landorus-Therian|Knock Off|p1a: Landorus-Therian
|-crit|p1a: Landorus-Therian
|-damage|p1a: Landorus-Therian|99\/327
|-enditem|p1a: Landorus-Therian|Choice Scarf|[from] move: Knock Off|[of] p2a: Landorus-Therian
|
|turn|45
|c|âarnyyr|eh
|c|âarnyyr|didnt matter
|
|switch|p2a: Sceptile|Sceptile-Mega, M|239\/281
|-damage|p2a: Sceptile|204\/281|[from] Stealth Rock
|move|p1a: Landorus-Therian|Stone Edge|p2a: Sceptile
|-damage|p2a: Sceptile|38\/281
|
|turn|46
|
|move|p2a: Sceptile|Giga Drain|p1a: Landorus-Therian
|-damage|p1a: Landorus-Therian|0 fnt
|-heal|p2a: Sceptile|88\/281|[from] drain|[of] p1a: Landorus-Therian
|faint|p1a: Landorus-Therian
|
|
|switch|p1a: Jirachi|Jirachi|290\/404
|-damage|p1a: Jirachi|265\/404|[from] Stealth Rock
|turn|47
|
|move|p2a: Sceptile|Focus Blast|p1a: Jirachi
|-damage|p1a: Jirachi|147\/404
|move|p1a: Jirachi|U-turn|p2a: Sceptile
|-supereffective|p2a: Sceptile
|-damage|p2a: Sceptile|0 fnt
|faint|p2a: Sceptile
|
|switch|p1a: Clefable|Clefable, M|313\/394
|-damage|p1a: Clefable|264\/394|[from] Stealth Rock
|
|-heal|p1a: Clefable|288\/394|[from] item: Leftovers
|
|switch|p2a: Landorus-Therian|Landorus-Therian, M|175\/319
|-damage|p2a: Landorus-Therian|136\/319|[from] Stealth Rock
|-ability|p2a: Landorus-Therian|Intimidate|[of] p1a: Clefable
|-unboost|p1a: Clefable|atk|1
|turn|48
|
|move|p1a: Clefable|Protect|p1a: Clefable
|-singleturn|p1a: Clefable|Protect
|move|p2a: Landorus-Therian|Earthquake|p1a: Clefable
|-activate|p1a: Clefable|Protect
|
|-heal|p1a: Clefable|312\/394|[from] item: Leftovers
|turn|49
|
|move|p2a: Landorus-Therian|Earthquake|p1a: Clefable
|-damage|p1a: Clefable|135\/394
|move|p1a: Clefable|Wish|p1a: Clefable
|
|-heal|p1a: Clefable|159\/394|[from] item: Leftovers
|turn|50
|
|move|p1a: Clefable|Protect|p1a: Clefable
|-singleturn|p1a: Clefable|Protect
|move|p2a: Landorus-Therian|Earthquake|p1a: Clefable
|-activate|p1a: Clefable|Protect
|
|-heal|p1a: Clefable|356\/394|[from] move: Wish|[wisher] Clefable
|-heal|p1a: Clefable|380\/394|[from] item: Leftovers
|turn|51
|
|move|p2a: Landorus-Therian|Earthquake|p1a: Clefable
|-damage|p1a: Clefable|214\/394
|move|p1a: Clefable|Wish|p1a: Clefable
|
|-heal|p1a: Clefable|238\/394|[from] item: Leftovers
|turn|52
|
|move|p1a: Clefable|Protect|p1a: Clefable
|-singleturn|p1a: Clefable|Protect
|move|p2a: Landorus-Therian|Earthquake|p1a: Clefable
|-activate|p1a: Clefable|Protect
|
|-heal|p1a: Clefable|394\/394|[from] move: Wish|[wisher] Clefable
|turn|53
|c|âarnyyr|gg
|c|âarnyyr|even haxing me with a crit
|c|âarnyyr|u cant win
|
|move|p2a: Landorus-Therian|Earthquake|p1a: Clefable
|-damage|p1a: Clefable|228\/394
|move|p1a: Clefable|Wish|p1a: Clefable
|
|-heal|p1a: Clefable|252\/394|[from] item: Leftovers
|turn|54
|c|âZarach|wow nevert saw someone so lucky (stayng in 5 lavaplume and not get burned) cryng for hax
|c|âZarach|just 1 burn
|c|âarnyyr|loooooooooooooool
|
|move|p1a: Clefable|Protect|p1a: Clefable
|-singleturn|p1a: Clefable|Protect
|move|p2a: Landorus-Therian|Earthquake|p1a: Clefable
|-activate|p1a: Clefable|Protect
|
|-heal|p1a: Clefable|394\/394|[from] move: Wish|[wisher] Clefable
|turn|55
|c|âarnyyr|and u say that after winning 4 speed ties
|c|âarnyyr|critting a lando
|c|âZarach|in wich just 1 mattered
|c|âZarach|and gues
|c|âarnyyr|failing 2 stone eges of 6
|c|âZarach|who took the min dmg from the knock off on the slwbro?
|c|âarnyyr|but yeah all that didnt matter
|c|âZarach|ehm 2
|c|âZarach|e
|c|âZarach|u*
|c|âarnyyr|when?
|
|move|p2a: Landorus-Therian|Earthquake|p1a: Clefable
|-damage|p1a: Clefable|222\/394
|move|p1a: Clefable|Wish|p1a: Clefable
|
|-heal|p1a: Clefable|246\/394|[from] item: Leftovers
|turn|56
|c|âZarach|when u stay alove with 2 % hp
|
|move|p1a: Clefable|Protect|p1a: Clefable
|-singleturn|p1a: Clefable|Protect
|move|p2a: Landorus-Therian|Earthquake|p1a: Clefable
|-activate|p1a: Clefable|Protect
|
|-heal|p1a: Clefable|394\/394|[from] move: Wish|[wisher] Clefable
|turn|57
|c|âarnyyr|bisharp?
|
|move|p2a: Landorus-Therian|Earthquake|p1a: Clefable
|-damage|p1a: Clefable|232\/394
|move|p1a: Clefable|Wish|p1a: Clefable
|
|-heal|p1a: Clefable|256\/394|[from] item: Leftovers
|turn|58
|c|âarnyyr|i would forfeit
|c|âZarach|no.... i used knock off with heatran...ofc bishap
|
|move|p1a: Clefable|Protect|p1a: Clefable
|-singleturn|p1a: Clefable|Protect
|move|p2a: Landorus-Therian|Earthquake|p1a: Clefable
|-activate|p1a: Clefable|Protect
|
|-heal|p1a: Clefable|394\/394|[from] move: Wish|[wisher] Clefable
|turn|59
|c|âarnyyr|lol maybe bisharp
|c|âarnyyr|dude
|c|âZarach|i would think about how lucky u was and how u be a bisharp
|
|move|p2a: Landorus-Therian|Earthquake|p1a: Clefable
|-damage|p1a: Clefable|232\/394
|move|p1a: Clefable|Wish|p1a: Clefable
|
|-heal|p1a: Clefable|256\/394|[from] item: Leftovers
|turn|60
|c|âZarach|a dick*
|
|move|p1a: Clefable|Protect|p1a: Clefable
|-singleturn|p1a: Clefable|Protect
|move|p2a: Landorus-Therian|Earthquake|p1a: Clefable
|-activate|p1a: Clefable|Protect
|
|-heal|p1a: Clefable|394\/394|[from] move: Wish|[wisher] Clefable
|turn|61
|c|âarnyyr|i dont remember it
|c|âarnyyr|tbh
|c|âZarach|so take a look at the moves we used
|c|âarnyyr|but ill check after we finish
|c|âZarach|cause its how ti work
|c|âarnyyr|yeah but i cant see now if i survived at 2%
|c|âarnyyr|i could calc but
|c|âarnyyr|-
|c|âarnyyr|play fast pls
|c|âZarach|no no go turn 14
|c|âZarach|since u dont remeber check it
|c|âZarach|just check how much dmg did gigadrain on next turn
|
|move|p2a: Landorus-Therian|Earthquake|p1a: Clefable
|-damage|p1a: Clefable|231\/394
|move|p1a: Clefable|Wish|p1a: Clefable
|
|-heal|p1a: Clefable|255\/394|[from] item: Leftovers
|turn|62
|c|âarnyyr|+2 252+ Atk Life Orb Bisharp Knock Off vs. 252 HP \/ 252+ Def Mega Slowbro: 276-328 (70 - 83.2%) -- guaranteed 2HKO
|c|âarnyyr|76 is not a min damage
|
|move|p1a: Clefable|Protect|p1a: Clefable
|-singleturn|p1a: Clefable|Protect
|move|p2a: Landorus-Therian|Earthquake|p1a: Clefable
|-activate|p1a: Clefable|Protect
|
|-heal|p1a: Clefable|394\/394|[from] move: Wish|[wisher] Clefable
|turn|63
|c|âarnyyr|and i didnt sack bro vs sceptile i think
|c|âarnyyr|pls dont timestall me
|c|âarnyyr|thanks
|c|âarnyyr|nice sportsman
|
|move|p2a: Landorus-Therian|Struggle|p1a: Clefable
|-damage|p1a: Clefable|335\/394
|-damage|p2a: Landorus-Therian|57\/319
|move|p1a: Clefable|Wish|p1a: Clefable
|
|-heal|p1a: Clefable|359\/394|[from] item: Leftovers
|turn|64
|
|move|p2a: Landorus-Therian|Struggle|p1a: Clefable
|-crit|p1a: Clefable
|-damage|p1a: Clefable|275\/394
|-damage|p2a: Landorus-Therian|0 fnt
|faint|p2a: Landorus-Therian
|
|win|arnyyr
|raw|Ladder updating...
|raw|arnyyr's rating: 1507 &rarr; <strong>1530<\/strong><br \/>(+23 for winning)
|raw|Zarach's rating: 1556 &rarr; <strong>1533<\/strong><br \/>(-23 for losing)
|leave|Zarach
|player|p2