|join|Fenix-
|join|FNH
|player|p1|Fenix-|2
|player|p2|FNH|119
|gametype|singles
|gen|5
|tier|[Gen 5] OU
|rated
|rule|Evasion Abilities Clause: Evasion abilities are banned
|clearpoke
|poke|p1|Politoed, F
|poke|p1|Dugtrio, F
|poke|p1|Jirachi
|poke|p1|Tentacruel, F
|poke|p1|Latios, M
|poke|p1|Dragonite, M
|poke|p2|Magnezone
|poke|p2|Salamence, M
|poke|p2|Empoleon, M
|poke|p2|Breloom, F
|poke|p2|Heatran, M
|poke|p2|Gengar, M
|rule|Sleep Clause Mod: Limit one foe put to sleep
|rule|Species Clause: Limit one of each PokÃ©mon
|rule|OHKO Clause: OHKO moves are banned
|rule|Moody Clause: Moody is banned
|rule|Evasion Moves Clause: Evasion moves are banned
|rule|Endless Battle Clause: Forcing endless battles is banned
|rule|HP Percentage Mod: HP is shown in percentages
|teampreview
|c|âFNH|hello there
|c|âFNH|gl hf man
|c|âFenix-|hi
|
|start
|switch|p1a: Latios|Latios, M|302\/302
|switch|p2a: Empoleon|Empoleon, M|372\/372
|turn|1
|c|âFenix-|you too
|
|move|p1a: Latios|Trick|p2a: Empoleon
|-activate|p1a: Latios|move: Trick|[of] p2a: Empoleon
|-item|p2a: Empoleon|Choice Scarf|[from] move: Trick
|-item|p1a: Latios|Leftovers|[from] move: Trick
|move|p2a: Empoleon|Toxic|p1a: Latios
|-status|p1a: Latios|tox
|
|-damage|p1a: Latios|284\/302 tox|[from] psn
|turn|2
|
|switch|p2a: Heatran|Heatran, M|329\/329
|move|p1a: Latios|Thunder|p2a: Heatran|[miss]
|-miss|p1a: Latios|p2a: Heatran
|
|-heal|p1a: Latios|302\/302 tox|[from] item: Leftovers
|-damage|p1a: Latios|266\/302 tox|[from] psn
|turn|3
|
|move|p2a: Heatran|Dark Pulse|p1a: Latios
|-supereffective|p1a: Latios
|-damage|p1a: Latios|76\/302 tox
|move|p1a: Latios|Surf|p2a: Heatran
|-supereffective|p2a: Heatran
|-damage|p2a: Heatran|131\/329
|
|-heal|p1a: Latios|94\/302 tox|[from] item: Leftovers
|-damage|p1a: Latios|40\/302 tox|[from] psn
|turn|4
|
|switch|p1a: Politoed|Politoed, F|384\/384
|-weather|RainDance|[from] ability: Drizzle|[of] p1a: Politoed
|move|p2a: Heatran|Dark Pulse|p1a: Politoed
|-damage|p1a: Politoed|277\/384
|
|-weather|RainDance|[upkeep]
|-heal|p1a: Politoed|301\/384|[from] item: Leftovers
|turn|5
|
|switch|p2a: Empoleon|Empoleon, M|372\/372
|move|p1a: Politoed|Scald|p2a: Empoleon
|-resisted|p2a: Empoleon
|-damage|p2a: Empoleon|324\/372
|-status|p2a: Empoleon|brn
|
|-weather|RainDance|[upkeep]
|-heal|p1a: Politoed|325\/384|[from] item: Leftovers
|-damage|p2a: Empoleon|278\/372 brn|[from] brn
|turn|6
|
|switch|p1a: Dugtrio|Dugtrio, F|201\/201
|move|p2a: Empoleon|Scald|p1a: Dugtrio
|-supereffective|p1a: Dugtrio
|-enditem|p1a: Dugtrio|Focus Sash
|-damage|p1a: Dugtrio|1\/201
|
|-weather|RainDance|[upkeep]
|-damage|p2a: Empoleon|232\/372 brn|[from] brn
|turn|7
|
|move|p1a: Dugtrio|Stealth Rock|p2a: Empoleon
|-sidestart|p2: FNH|move: Stealth Rock
|move|p2a: Empoleon|Scald|p1a: Dugtrio
|-supereffective|p1a: Dugtrio
|-damage|p1a: Dugtrio|0 fnt
|faint|p1a: Dugtrio
|
|-weather|RainDance|[upkeep]
|-damage|p2a: Empoleon|186\/372 brn|[from] brn
|
|switch|p1a: Jirachi|Jirachi|404\/404
|turn|8
|
|move|p1a: Jirachi|Substitute|p1a: Jirachi
|-start|p1a: Jirachi|Substitute
|-damage|p1a: Jirachi|303\/404
|move|p2a: Empoleon|Scald|p1a: Jirachi
|-end|p1a: Jirachi|Substitute
|
|-weather|RainDance|[upkeep]
|-heal|p1a: Jirachi|328\/404|[from] item: Leftovers
|-damage|p2a: Empoleon|140\/372 brn|[from] brn
|turn|9
|
|move|p1a: Jirachi|Thunder|p2a: Empoleon
|-supereffective|p2a: Empoleon
|-damage|p2a: Empoleon|0 fnt
|faint|p2a: Empoleon
|
|-weather|RainDance|[upkeep]
|-heal|p1a: Jirachi|353\/404|[from] item: Leftovers
|
|switch|p2a: Magnezone|Magnezone|281\/281
|-damage|p2a: Magnezone|264\/281|[from] Stealth Rock
|turn|10
|
|move|p1a: Jirachi|Substitute|p1a: Jirachi
|-start|p1a: Jirachi|Substitute
|-damage|p1a: Jirachi|252\/404
|move|p2a: Magnezone|Thunderbolt|p1a: Jirachi
|-end|p1a: Jirachi|Substitute
|
|-weather|RainDance|[upkeep]
|-heal|p1a: Jirachi|277\/404|[from] item: Leftovers
|turn|11
|
|move|p1a: Jirachi|Thunder|p2a: Magnezone
|-resisted|p2a: Magnezone
|-damage|p2a: Magnezone|208\/281
|-status|p2a: Magnezone|par
|move|p2a: Magnezone|Thunderbolt|p1a: Jirachi
|-damage|p1a: Jirachi|13\/404
|
|-weather|RainDance|[upkeep]
|-heal|p1a: Jirachi|38\/404|[from] item: Leftovers
|turn|12
|
|move|p1a: Jirachi|Water Pulse|p2a: Magnezone
|-damage|p2a: Magnezone|131\/281 par
|move|p2a: Magnezone|Thunderbolt|p1a: Jirachi
|-damage|p1a: Jirachi|0 fnt
|faint|p1a: Jirachi
|
|-weather|RainDance|[upkeep]
|c|âFNH|water pulse?
|
|switch|p1a: Politoed|Politoed, F|325\/384
|turn|13
|
|move|p1a: Politoed|Scald|p2a: Magnezone
|-damage|p2a: Magnezone|0 fnt
|faint|p2a: Magnezone
|
|-weather|RainDance|[upkeep]
|-heal|p1a: Politoed|349\/384|[from] item: Leftovers
|
|switch|p2a: Salamence|Salamence, M|362\/362
|-damage|p2a: Salamence|272\/362|[from] Stealth Rock
|-ability|p2a: Salamence|Intimidate|[of] p1a: Politoed
|-unboost|p1a: Politoed|atk|1
|turn|14
|
|move|p2a: Salamence|Substitute|p2a: Salamence
|-start|p2a: Salamence|Substitute
|-damage|p2a: Salamence|182\/362
|move|p1a: Politoed|Ice Beam|p2a: Salamence
|-supereffective|p2a: Salamence
|-end|p2a: Salamence|Substitute
|
|-weather|RainDance|[upkeep]
|-heal|p2a: Salamence|204\/362|[from] item: Leftovers
|-heal|p1a: Politoed|373\/384|[from] item: Leftovers
|turn|15
|
|switch|p2a: Gengar|Gengar, M|262\/262
|-damage|p2a: Gengar|230\/262|[from] Stealth Rock
|move|p1a: Politoed|Ice Beam|p2a: Gengar
|-damage|p2a: Gengar|142\/262
|
|-weather|RainDance|[upkeep]
|-heal|p1a: Politoed|384\/384|[from] item: Leftovers
|turn|16
|c|âFNH|so this is the point of the team to test out a submence
|
|move|p2a: Gengar|Focus Blast|p1a: Politoed
|-damage|p1a: Politoed|205\/384
|-damage|p2a: Gengar|116\/262|[from] item: Life Orb
|move|p1a: Politoed|Scald|p2a: Gengar
|-damage|p2a: Gengar|0 fnt
|faint|p2a: Gengar
|
|-weather|RainDance|[upkeep]
|-heal|p1a: Politoed|229\/384|[from] item: Leftovers
|
|switch|p2a: Breloom|Breloom, F|298\/298
|-damage|p2a: Breloom|280\/298|[from] Stealth Rock
|turn|17
|
|move|p2a: Breloom|Spore|p1a: Politoed
|-status|p1a: Politoed|slp
|cant|p1a: Politoed|slp
|
|-weather|RainDance|[upkeep]
|-heal|p1a: Politoed|253\/384 slp|[from] item: Leftovers
|turn|18
|
|switch|p1a: Tentacruel|Tentacruel, F|363\/363
|move|p2a: Breloom|Swords Dance|p2a: Breloom
|-boost|p2a: Breloom|atk|2
|
|-weather|RainDance|[upkeep]
|turn|19
|
|move|p1a: Tentacruel|Scald|p2a: Breloom
|-crit|p2a: Breloom
|-resisted|p2a: Breloom
|-damage|p2a: Breloom|88\/298
|move|p2a: Breloom|Bullet Seed|p1a: Tentacruel
|-damage|p1a: Tentacruel|221\/363
|-crit|p1a: Tentacruel
|-damage|p1a: Tentacruel|0 fnt
|-hitcount|p1a: Tentacruel|2
|faint|p1a: Tentacruel
|
|-weather|RainDance|[upkeep]
|
|switch|p1a: Dragonite|Dragonite, M|386\/386
|turn|20
|c|âFNH|crit for crit
|
|move|p2a: Breloom|Mach Punch|p1a: Dragonite
|-enditem|p2a: Breloom|Fighting Gem|[from] gem|[move] Mach Punch
|-resisted|p1a: Dragonite
|-damage|p1a: Dragonite|304\/386
|move|p1a: Dragonite|Dragon Claw|p2a: Breloom
|-crit|p2a: Breloom
|-damage|p2a: Breloom|0 fnt
|faint|p2a: Breloom
|
|-weather|RainDance|[upkeep]
|-heal|p1a: Dragonite|328\/386|[from] item: Leftovers
|
|switch|p2a: Heatran|Heatran, M|131\/329
|-damage|p2a: Heatran|90\/329|[from] Stealth Rock
|turn|21
|
|switch|p1a: Latios|Latios, M|40\/302 tox
|move|p2a: Heatran|Hidden Power|p1a: Latios
|-supereffective|p1a: Latios
|-damage|p1a: Latios|0 fnt
|faint|p1a: Latios
|
|-weather|RainDance|[upkeep]
|
|switch|p1a: Politoed|Politoed, F|253\/384 slp
|turn|22
|
|switch|p2a: Salamence|Salamence, M|204\/362
|-damage|p2a: Salamence|114\/362|[from] Stealth Rock
|-ability|p2a: Salamence|Intimidate|[of] p1a: Politoed
|-unboost|p1a: Politoed|atk|1
|cant|p1a: Politoed|slp
|
|-weather|RainDance|[upkeep]
|-heal|p2a: Salamence|136\/362|[from] item: Leftovers
|-heal|p1a: Politoed|277\/384 slp|[from] item: Leftovers
|turn|23
|
|move|p2a: Salamence|Substitute|p2a: Salamence
|-start|p2a: Salamence|Substitute
|-damage|p2a: Salamence|46\/362
|cant|p1a: Politoed|slp
|
|-weather|RainDance|[upkeep]
|-heal|p2a: Salamence|68\/362|[from] item: Leftovers
|-heal|p1a: Politoed|301\/384 slp|[from] item: Leftovers
|turn|24
|
|move|p2a: Salamence|Dragon Dance|p2a: Salamence
|-boost|p2a: Salamence|atk|1
|-boost|p2a: Salamence|spe|1
|-curestatus|p1a: Politoed|slp
|move|p1a: Politoed|Ice Beam|p2a: Salamence
|-supereffective|p2a: Salamence
|-end|p2a: Salamence|Substitute
|
|-weather|RainDance|[upkeep]
|-heal|p2a: Salamence|90\/362|[from] item: Leftovers
|-heal|p1a: Politoed|325\/384|[from] item: Leftovers
|turn|25
|
|move|p2a: Salamence|Dragon Claw|p1a: Politoed
|-damage|p1a: Politoed|126\/384
|move|p1a: Politoed|Ice Beam|p2a: Salamence
|-supereffective|p2a: Salamence
|-damage|p2a: Salamence|0 fnt
|faint|p2a: Salamence
|
|-weather|RainDance|[upkeep]
|-heal|p1a: Politoed|150\/384|[from] item: Leftovers
|c|âFNH|almost:(
|
|switch|p2a: Heatran|Heatran, M|90\/329
|-damage|p2a: Heatran|49\/329|[from] Stealth Rock
|turn|26
|
|move|p2a: Heatran|Hidden Power|p1a: Politoed
|-resisted|p1a: Politoed
|-damage|p1a: Politoed|102\/384
|move|p1a: Politoed|Scald|p2a: Heatran
|-supereffective|p2a: Heatran
|-damage|p2a: Heatran|0 fnt
|faint|p2a: Heatran
|
|win|Fenix-
|raw|Ladder updating...
|c|âFNH|GG
|leave|Fenix-
|player|p1
|raw|Ladder (probably) updated, but score could not be retrieved (timeout).
|raw|Ladder (probably) updated, but score could not be retrieved (Error: socket hang up).