|join|Fenix-
|join|xCarlos
|player|p1|Fenix-|101
|player|p2|xCarlos|290
|gametype|singles
|gen|5
|tier|[Gen 5] OU
|rated
|rule|Evasion Abilities Clause: Evasion abilities are banned
|clearpoke
|poke|p1|Heatran, M
|poke|p1|Skarmory, M
|poke|p1|Gastrodon, M
|poke|p1|Gengar, M
|poke|p1|Latios, M
|poke|p1|Latias, F
|poke|p2|Hippowdon, M
|poke|p2|Celebi
|poke|p2|Scizor, M
|poke|p2|Dragonite, F
|poke|p2|Starmie
|poke|p2|Latios, M
|rule|Sleep Clause Mod: Limit one foe put to sleep
|rule|Species Clause: Limit one of each PokÃ©mon
|rule|OHKO Clause: OHKO moves are banned
|rule|Moody Clause: Moody is banned
|rule|Evasion Moves Clause: Evasion moves are banned
|rule|Endless Battle Clause: Forcing endless battles is banned
|rule|HP Percentage Mod: HP is shown in percentages
|teampreview
|
|start
|switch|p1a: Latios|Latios, M|302\/302
|switch|p2a: Celebi|Celebi|403\/403
|turn|1
|
|move|p1a: Latios|Draco Meteor|p2a: Celebi
|-damage|p2a: Celebi|154\/403
|-unboost|p1a: Latios|spa|2
|move|p2a: Celebi|Thunder Wave|p1a: Latios
|-status|p1a: Latios|par
|
|-heal|p2a: Celebi|179\/403|[from] item: Leftovers
|turn|2
|
|switch|p1a: Heatran|Heatran, M|386\/386
|move|p2a: Celebi|Recover|p2a: Celebi
|-heal|p2a: Celebi|381\/403
|
|-heal|p2a: Celebi|403\/403|[from] item: Leftovers
|turn|3
|
|switch|p2a: Hippowdon|Hippowdon, M|419\/419
|-weather|Sandstorm|[from] ability: Sand Stream|[of] p2a: Hippowdon
|move|p1a: Heatran|Stealth Rock|p2a: Hippowdon
|-sidestart|p2: xCarlos|move: Stealth Rock
|
|-weather|Sandstorm|[upkeep]
|turn|4
|
|switch|p1a: Gengar|Gengar, M|261\/261
|move|p2a: Hippowdon|Stealth Rock|p1a: Gengar
|-sidestart|p1: Fenix-|move: Stealth Rock
|
|-weather|Sandstorm|[upkeep]
|-damage|p1a: Gengar|245\/261|[from] sandstorm
|turn|5
|
|switch|p2a: Scizor|Scizor, M|343\/343
|-damage|p2a: Scizor|301\/343|[from] Stealth Rock
|move|p1a: Gengar|Substitute|p1a: Gengar
|-start|p1a: Gengar|Substitute
|-damage|p1a: Gengar|180\/261
|
|-weather|Sandstorm|[upkeep]
|-damage|p1a: Gengar|164\/261|[from] sandstorm
|-heal|p2a: Scizor|322\/343|[from] item: Leftovers
|turn|6
|
|switch|p2a: Celebi|Celebi|403\/403
|-damage|p2a: Celebi|353\/403|[from] Stealth Rock
|move|p1a: Gengar|Focus Blast|p2a: Celebi
|-resisted|p2a: Celebi
|-damage|p2a: Celebi|283\/403
|-damage|p1a: Gengar|138\/261|[from] item: Life Orb
|
|-weather|Sandstorm|[upkeep]
|-damage|p1a: Gengar|122\/261|[from] sandstorm
|-damage|p2a: Celebi|258\/403|[from] sandstorm
|-heal|p2a: Celebi|283\/403|[from] item: Leftovers
|turn|7
|
|switch|p2a: Scizor|Scizor, M|322\/343
|-damage|p2a: Scizor|280\/343|[from] Stealth Rock
|move|p1a: Gengar|Shadow Ball|p2a: Scizor
|-resisted|p2a: Scizor
|-damage|p2a: Scizor|188\/343
|-unboost|p2a: Scizor|spd|1
|-damage|p1a: Gengar|96\/261|[from] item: Life Orb
|
|-weather|Sandstorm|[upkeep]
|-damage|p1a: Gengar|80\/261|[from] sandstorm
|-heal|p2a: Scizor|209\/343|[from] item: Leftovers
|turn|8
|
|move|p2a: Scizor|Bullet Punch|p1a: Gengar
|-end|p1a: Gengar|Substitute
|move|p1a: Gengar|Focus Blast|p2a: Scizor
|-damage|p2a: Scizor|0 fnt
|-damage|p1a: Gengar|54\/261|[from] item: Life Orb
|faint|p2a: Scizor
|
|-weather|Sandstorm|[upkeep]
|-damage|p1a: Gengar|38\/261|[from] sandstorm
|
|switch|p2a: Latios|Latios, M|301\/301
|-damage|p2a: Latios|264\/301|[from] Stealth Rock
|turn|9
|
|switch|p1a: Heatran|Heatran, M|386\/386
|-damage|p1a: Heatran|338\/386|[from] Stealth Rock
|move|p2a: Latios|Psyshock|p1a: Heatran
|-resisted|p1a: Heatran
|-damage|p1a: Heatran|250\/386
|-damage|p2a: Latios|234\/301|[from] item: Life Orb
|
|-weather|Sandstorm|[upkeep]
|-damage|p2a: Latios|216\/301|[from] sandstorm
|-heal|p1a: Heatran|274\/386|[from] item: Leftovers
|turn|10
|
|move|p2a: Latios|Earthquake|p1a: Heatran
|-supereffective|p1a: Heatran
|-damage|p1a: Heatran|0 fnt
|-damage|p2a: Latios|186\/301|[from] item: Life Orb
|faint|p1a: Heatran
|
|-weather|Sandstorm|[upkeep]
|-damage|p2a: Latios|168\/301|[from] sandstorm
|
|switch|p1a: Gastrodon|Gastrodon, M|426\/426
|-damage|p1a: Gastrodon|400\/426|[from] Stealth Rock
|turn|11
|
|switch|p2a: Celebi|Celebi|283\/403
|-damage|p2a: Celebi|233\/403|[from] Stealth Rock
|move|p1a: Gastrodon|Ice Beam|p2a: Celebi
|-supereffective|p2a: Celebi
|-damage|p2a: Celebi|129\/403
|
|-weather|Sandstorm|[upkeep]
|-damage|p2a: Celebi|104\/403|[from] sandstorm
|-heal|p2a: Celebi|129\/403|[from] item: Leftovers
|-heal|p1a: Gastrodon|426\/426|[from] item: Leftovers
|turn|12
|
|switch|p1a: Latios|Latios, M|302\/302 par
|-damage|p1a: Latios|265\/302 par|[from] Stealth Rock
|move|p2a: Celebi|Recover|p2a: Celebi
|-heal|p2a: Celebi|331\/403
|
|-weather|Sandstorm|[upkeep]
|-damage|p2a: Celebi|306\/403|[from] sandstorm
|-damage|p1a: Latios|247\/302 par|[from] sandstorm
|-heal|p2a: Celebi|331\/403|[from] item: Leftovers
|turn|13
|
|move|p2a: Celebi|Giga Drain|p1a: Latios
|-resisted|p1a: Latios
|-damage|p1a: Latios|205\/302 par
|-heal|p2a: Celebi|352\/403|[from] drain|[of] p1a: Latios
|cant|p1a: Latios|par
|
|-weather|Sandstorm|[upkeep]
|-damage|p2a: Celebi|327\/403|[from] sandstorm
|-damage|p1a: Latios|187\/302 par|[from] sandstorm
|-heal|p2a: Celebi|352\/403|[from] item: Leftovers
|turn|14
|
|move|p2a: Celebi|Giga Drain|p1a: Latios
|-resisted|p1a: Latios
|-damage|p1a: Latios|144\/302 par
|-heal|p2a: Celebi|374\/403|[from] drain|[of] p1a: Latios
|move|p1a: Latios|Trick|p2a: Celebi
|-activate|p1a: Latios|move: Trick|[of] p2a: Celebi
|-item|p2a: Celebi|Choice Specs|[from] move: Trick
|-item|p1a: Latios|Leftovers|[from] move: Trick
|
|-weather|Sandstorm|[upkeep]
|-damage|p2a: Celebi|349\/403|[from] sandstorm
|-damage|p1a: Latios|126\/302 par|[from] sandstorm
|-heal|p1a: Latios|144\/302 par|[from] item: Leftovers
|turn|15
|
|move|p2a: Celebi|Hidden Power|p1a: Latios
|-resisted|p1a: Latios
|-damage|p1a: Latios|104\/302 par
|move|p1a: Latios|Dragon Pulse|p2a: Celebi
|-damage|p2a: Celebi|232\/403
|
|-weather|Sandstorm|[upkeep]
|-damage|p2a: Celebi|207\/403|[from] sandstorm
|-damage|p1a: Latios|86\/302 par|[from] sandstorm
|-heal|p1a: Latios|104\/302 par|[from] item: Leftovers
|turn|16
|
|switch|p2a: Starmie|Starmie|261\/261
|-damage|p2a: Starmie|229\/261|[from] Stealth Rock
|move|p1a: Latios|Dragon Pulse|p2a: Starmie
|-damage|p2a: Starmie|51\/261
|
|-weather|Sandstorm|[upkeep]
|-damage|p2a: Starmie|35\/261|[from] sandstorm
|-damage|p1a: Latios|86\/302 par|[from] sandstorm
|-heal|p1a: Latios|104\/302 par|[from] item: Leftovers
|turn|17
|
|move|p2a: Starmie|Rapid Spin|p1a: Latios
|-damage|p1a: Latios|86\/302 par
|-sideend|p2: xCarlos|Stealth Rock|[from] move: Rapid Spin|[of] p2a: Starmie
|-damage|p2a: Starmie|9\/261|[from] item: Life Orb
|move|p1a: Latios|Dragon Pulse|p2a: Starmie
|-damage|p2a: Starmie|0 fnt
|faint|p2a: Starmie
|
|-weather|Sandstorm|[upkeep]
|-damage|p1a: Latios|68\/302 par|[from] sandstorm
|-heal|p1a: Latios|86\/302 par|[from] item: Leftovers
|
|switch|p2a: Latios|Latios, M|168\/301
|turn|18
|
|switch|p1a: Gastrodon|Gastrodon, M|426\/426
|-damage|p1a: Gastrodon|400\/426|[from] Stealth Rock
|move|p2a: Latios|Psyshock|p1a: Gastrodon
|-damage|p1a: Gastrodon|143\/426
|-damage|p2a: Latios|138\/301|[from] item: Life Orb
|
|-weather|Sandstorm|[upkeep]
|-damage|p2a: Latios|120\/301|[from] sandstorm
|-heal|p1a: Gastrodon|169\/426|[from] item: Leftovers
|turn|19
|
|switch|p1a: Skarmory|Skarmory, M|334\/334
|-damage|p1a: Skarmory|293\/334|[from] Stealth Rock
|move|p2a: Latios|Psyshock|p1a: Skarmory
|-resisted|p1a: Skarmory
|-damage|p1a: Skarmory|242\/334
|-damage|p2a: Latios|90\/301|[from] item: Life Orb
|
|-weather|Sandstorm|[upkeep]
|-damage|p2a: Latios|72\/301|[from] sandstorm
|-heal|p1a: Skarmory|262\/334|[from] item: Leftovers
|turn|20
|
|move|p2a: Latios|Roost|p2a: Latios
|-heal|p2a: Latios|223\/301
|move|p1a: Skarmory|Roost|p1a: Skarmory
|-heal|p1a: Skarmory|334\/334
|
|-weather|Sandstorm|[upkeep]
|-damage|p2a: Latios|205\/301|[from] sandstorm
|turn|21
|
|switch|p2a: Celebi|Celebi|207\/403
|move|p1a: Skarmory|Spikes|p2a: Celebi
|-sidestart|p2: xCarlos|Spikes
|
|-weather|Sandstorm|[upkeep]
|-damage|p2a: Celebi|182\/403|[from] sandstorm
|turn|22
|
|switch|p1a: Gastrodon|Gastrodon, M|169\/426
|-damage|p1a: Gastrodon|143\/426|[from] Stealth Rock
|move|p2a: Celebi|Giga Drain|p1a: Gastrodon
|-supereffective|p1a: Gastrodon
|-damage|p1a: Gastrodon|0 fnt
|-heal|p2a: Celebi|254\/403|[from] drain|[of] p1a: Gastrodon
|faint|p1a: Gastrodon
|
|-weather|Sandstorm|[upkeep]
|-damage|p2a: Celebi|229\/403|[from] sandstorm
|
|switch|p1a: Gengar|Gengar, M|38\/261
|-damage|p1a: Gengar|6\/261|[from] Stealth Rock
|turn|23
|
|switch|p2a: Hippowdon|Hippowdon, M|419\/419
|-damage|p2a: Hippowdon|367\/419|[from] Spikes
|move|p1a: Gengar|Pain Split|p2a: Hippowdon
|-sethp|p2a: Hippowdon|186\/419|p1a: Gengar|186\/261|[from] move: Pain Split
|
|-weather|Sandstorm|[upkeep]
|-damage|p1a: Gengar|170\/261|[from] sandstorm
|-heal|p2a: Hippowdon|212\/419|[from] item: Leftovers
|turn|24
|
|move|p1a: Gengar|Shadow Ball|p2a: Hippowdon
|-damage|p2a: Hippowdon|0 fnt
|-damage|p1a: Gengar|144\/261|[from] item: Life Orb
|faint|p2a: Hippowdon
|
|-weather|Sandstorm|[upkeep]
|-damage|p1a: Gengar|128\/261|[from] sandstorm
|
|switch|p2a: Dragonite|Dragonite, F|323\/323
|turn|25
|
|move|p1a: Gengar|Pain Split|p2a: Dragonite
|-sethp|p2a: Dragonite|225\/323|p1a: Gengar|225\/261|[from] move: Pain Split
|move|p2a: Dragonite|Fire Punch|p1a: Gengar
|-damage|p1a: Gengar|3\/261
|
|-weather|Sandstorm|[upkeep]
|-damage|p1a: Gengar|0 fnt|[from] sandstorm
|-damage|p2a: Dragonite|205\/323|[from] sandstorm
|faint|p1a: Gengar
|
|switch|p1a: REGGETONERA|Latias, F|364\/364
|-damage|p1a: REGGETONERA|319\/364|[from] Stealth Rock
|turn|26
|
|switch|p2a: Celebi|Celebi|229\/403
|-damage|p2a: Celebi|179\/403|[from] Spikes
|move|p1a: REGGETONERA|Dragon Pulse|p2a: Celebi
|-damage|p2a: Celebi|98\/403
|
|-weather|Sandstorm|[upkeep]
|-damage|p1a: REGGETONERA|297\/364|[from] sandstorm
|-damage|p2a: Celebi|73\/403|[from] sandstorm
|-heal|p1a: REGGETONERA|319\/364|[from] item: Leftovers
|turn|27
|
|switch|p1a: Latios|Latios, M|86\/302 par
|-damage|p1a: Latios|49\/302 par|[from] Stealth Rock
|move|p2a: Celebi|Thunder Wave|p1a: Latios
|-fail|p1a: Latios|par
|
|-weather|Sandstorm|[upkeep]
|-damage|p2a: Celebi|48\/403|[from] sandstorm
|-damage|p1a: Latios|31\/302 par|[from] sandstorm
|-heal|p1a: Latios|49\/302 par|[from] item: Leftovers
|turn|28
|
|switch|p2a: Dragonite|Dragonite, F|205\/323
|cant|p1a: Latios|par
|
|-weather|Sandstorm|[upkeep]
|-damage|p2a: Dragonite|185\/323|[from] sandstorm
|-damage|p1a: Latios|31\/302 par|[from] sandstorm
|-heal|p1a: Latios|49\/302 par|[from] item: Leftovers
|turn|29
|
|move|p2a: Dragonite|Fire Punch|p1a: Latios
|-resisted|p1a: Latios
|-damage|p1a: Latios|0 fnt
|faint|p1a: Latios
|
|-weather|Sandstorm|[upkeep]
|-damage|p2a: Dragonite|165\/323|[from] sandstorm
|
|switch|p1a: REGGETONERA|Latias, F|319\/364
|-damage|p1a: REGGETONERA|274\/364|[from] Stealth Rock
|turn|30
|
|switch|p2a: Celebi|Celebi|48\/403
|-damage|p2a: Celebi|0 fnt|[from] Spikes
|faint|p2a: Celebi
|move|p1a: REGGETONERA|Recover|p1a: REGGETONERA
|-heal|p1a: REGGETONERA|364\/364
|
|-weather|Sandstorm|[upkeep]
|-damage|p1a: REGGETONERA|342\/364|[from] sandstorm
|-heal|p1a: REGGETONERA|364\/364|[from] item: Leftovers
|
|switch|p2a: Latios|Latios, M|205\/301
|turn|31
|
|switch|p1a: Skarmory|Skarmory, M|334\/334
|-damage|p1a: Skarmory|293\/334|[from] Stealth Rock
|move|p2a: Latios|Draco Meteor|p1a: Skarmory
|-resisted|p1a: Skarmory
|-damage|p1a: Skarmory|80\/334
|-unboost|p2a: Latios|spa|2
|-damage|p2a: Latios|175\/301|[from] item: Life Orb
|
|-weather|Sandstorm|[upkeep]
|-damage|p2a: Latios|157\/301|[from] sandstorm
|-heal|p1a: Skarmory|100\/334|[from] item: Leftovers
|turn|32
|
|move|p2a: Latios|Draco Meteor|p1a: Skarmory
|-resisted|p1a: Skarmory
|-damage|p1a: Skarmory|0 fnt
|-unboost|p2a: Latios|spa|2
|-damage|p2a: Latios|127\/301|[from] item: Life Orb
|faint|p1a: Skarmory
|
|-weather|Sandstorm|[upkeep]
|-damage|p2a: Latios|109\/301|[from] sandstorm
|
|switch|p1a: REGGETONERA|Latias, F|364\/364
|-damage|p1a: REGGETONERA|319\/364|[from] Stealth Rock
|turn|33
|
|switch|p2a: Dragonite|Dragonite, F|165\/323
|move|p1a: REGGETONERA|Dragon Pulse|p2a: Dragonite
|-supereffective|p2a: Dragonite
|-damage|p2a: Dragonite|0 fnt
|faint|p2a: Dragonite
|
|-weather|Sandstorm|[upkeep]
|-damage|p1a: REGGETONERA|297\/364|[from] sandstorm
|-heal|p1a: REGGETONERA|319\/364|[from] item: Leftovers
|
|switch|p2a: Latios|Latios, M|109\/301
|turn|34
|
|move|p2a: Latios|Draco Meteor|p1a: REGGETONERA
|-supereffective|p1a: REGGETONERA
|-damage|p1a: REGGETONERA|0 fnt
|-unboost|p2a: Latios|spa|2
|-damage|p2a: Latios|79\/301|[from] item: Life Orb
|faint|p1a: REGGETONERA
|
|win|xCarlos
|raw|Ladder updating...
|raw|Fenix-'s rating: 1335 &rarr; <strong>1301<\/strong><br \/>(-34 for losing)
|raw|xCarlos's rating: 1040 &rarr; <strong>1097<\/strong><br \/>(+57 for winning)
|c|âxCarlos|gg
|leave|Fenix-
|player|p1