|join|Fenix-
|join|qSeasons
|player|p1|Fenix-|266
|player|p2|qSeasons|286
|gametype|singles
|tier|[Gen 5] OU
|rated
|rule|Evasion Abilities Clause: Evasion abilities are banned
|clearpoke
|poke|p1|Politoed, F
|poke|p1|Azumarill, F
|poke|p1|Jirachi
|poke|p1|Breloom, F
|poke|p1|Mamoswine, F
|poke|p1|Rotom-Wash
|poke|p2|Garchomp, M
|poke|p2|Jirachi
|poke|p2|Rotom-Wash
|poke|p2|Latias, F
|poke|p2|Tyranitar, F
|poke|p2|Scizor, M
|rule|Sleep Clause Mod: Limit one foe put to sleep
|rule|Species Clause: Limit one of each Pokemon
|rule|OHKO Clause: OHKO moves are banned
|rule|Moody Clause: Moody is banned
|rule|Evasion Moves Clause: Evasion moves are banned
|rule|HP Percentage Mod: HP is reported as percentages
|teampreview
|callback|decision
|
|start
|switch|p1a: Breloom|Breloom, F|262\/262
|switch|p2a: Rotom-Wash|Rotom-Wash|304\/304
|turn|1
|callback|decision
|
|move|p1a: Breloom|Spore|p2a: Rotom-Wash
|-status|p2a: Rotom-Wash|slp
|-enditem|p2a: Rotom-Wash|Chesto Berry|[eat]
|-curestatus|p2a: Rotom-Wash|slp
|move|p2a: Rotom-Wash|Will-O-Wisp|p1a: Breloom
|-status|p1a: Breloom|brn
|
|-damage|p1a: Breloom|230\/262 brn|[from] brn
|turn|2
|callback|decision
|
|switch|p2a: Latias|Latias, F|302\/302
|move|p1a: Breloom|Spore|p2a: Latias
|-status|p2a: Latias|slp
|
|-damage|p1a: Breloom|198\/262 brn|[from] brn
|turn|3
|callback|decision
|
|switch|p1a: Mamoswine|Mamoswine, F|362\/362
|cant|p2a: Latias|slp
|
|turn|4
|callback|decision
|
|-curestatus|p2a: Latias|slp
|move|p2a: Latias|Surf|p1a: Mamoswine
|-supereffective|p1a: Mamoswine
|-damage|p1a: Mamoswine|0 fnt
|-damage|p2a: Latias|272\/302|[from] item: Life Orb
|faint|p1a: Mamoswine
|
|callback|decision
|chat|Fenix-|hahahahaha
|chat|Fenix-|fuckuing luck
|
|switch|p1a: Jirachi|Jirachi|404\/404
|turn|5
|callback|decision
|chat|qSeasons|:]
|
|switch|p2a: Rotom-Wash|Rotom-Wash|304\/304
|move|p1a: Jirachi|U-turn|p2a: Rotom-Wash
|-damage|p2a: Rotom-Wash|267\/304
|callback|decision
|
|switch|p1a: Breloom|Breloom, F|198\/262 brn
|
|-damage|p1a: Breloom|166\/262 brn|[from] brn
|turn|6
|callback|decision
|
|move|p1a: Breloom|Spore|p2a: Rotom-Wash
|-status|p2a: Rotom-Wash|slp
|cant|p2a: Rotom-Wash|slp
|
|-damage|p1a: Breloom|134\/262 brn|[from] brn
|turn|7
|callback|decision
|
|switch|p2a: Latias|Latias, F|272\/302
|move|p1a: Breloom|Low Sweep|p2a: Latias
|-resisted|p2a: Latias
|-damage|p2a: Latias|214\/302
|-unboost|p2a: Latias|spe|1
|-damage|p1a: Breloom|108\/262 brn|[from] item: Life Orb
|
|-damage|p1a: Breloom|76\/262 brn|[from] brn
|turn|8
|callback|decision
|
|switch|p1a: Jirachi|Jirachi|404\/404
|switch|p2a: Jirachi|Jirachi|341\/341
|
|turn|9
|callback|decision
|
|move|p2a: Jirachi|Fire Punch|p1a: Jirachi
|-supereffective|p1a: Jirachi
|-damage|p1a: Jirachi|241\/404
|move|p1a: Jirachi|U-turn|p2a: Jirachi
|-damage|p2a: Jirachi|283\/341
|callback|decision
|
|switch|p1a: Politoed|Politoed, F|322\/322
|-weather|RainDance|[from] ability: Drizzle|[of] p1a: Politoed
|
|-weather|RainDance|[upkeep]
|turn|10
|callback|decision
|
|switch|p1a: Azumarill|Azumarill, F|394\/394
|switch|p2a: Tyranitar|Tyranitar, F|404\/404
|-weather|Sandstorm|[from] ability: Sand Stream|[of] p2a: Tyranitar
|
|-weather|Sandstorm|[upkeep]
|-damage|p1a: Azumarill|370\/394|[from] sandstorm
|turn|11
|callback|decision
|
|switch|p2a: Rotom-Wash|Rotom-Wash|267\/304 slp
|move|p1a: Azumarill|Waterfall|p2a: Rotom-Wash
|-resisted|p2a: Rotom-Wash
|-damage|p2a: Rotom-Wash|180\/304 slp
|
|-weather|Sandstorm|[upkeep]
|-damage|p2a: Rotom-Wash|161\/304 slp|[from] sandstorm
|-damage|p1a: Azumarill|346\/394|[from] sandstorm
|turn|12
|callback|decision
|
|switch|p1a: Breloom|Breloom, F|76\/262 brn
|cant|p2a: Rotom-Wash|slp
|
|-weather|Sandstorm|[upkeep]
|-damage|p1a: Breloom|60\/262 brn|[from] sandstorm
|-damage|p2a: Rotom-Wash|142\/304 slp|[from] sandstorm
|-damage|p1a: Breloom|28\/262 brn|[from] brn
|turn|13
|callback|decision
|
|switch|p2a: Latias|Latias, F|214\/302
|move|p1a: Breloom|Bullet Seed|p2a: Latias
|-resisted|p2a: Latias
|-damage|p2a: Latias|189\/302
|-resisted|p2a: Latias
|-damage|p2a: Latias|162\/302
|-resisted|p2a: Latias
|-damage|p2a: Latias|136\/302
|-hitcount|p2a: Latias|3
|-damage|p1a: Breloom|2\/262 brn|[from] item: Life Orb
|
|-weather|Sandstorm|[upkeep]
|-damage|p2a: Latias|118\/302|[from] sandstorm
|-damage|p1a: Breloom|0 fnt|[from] sandstorm
|faint|p1a: Breloom
|callback|decision
|
|switch|p1a: Jirachi|Jirachi|241\/404
|turn|14
|callback|decision
|
|switch|p2a: Rotom-Wash|Rotom-Wash|142\/304 slp
|move|p1a: Jirachi|U-turn|p2a: Rotom-Wash
|-damage|p2a: Rotom-Wash|102\/304 slp
|callback|decision
|
|switch|p1a: Rotom-Wash|Rotom-Wash|242\/242
|
|-weather|Sandstorm|[upkeep]
|-damage|p1a: Rotom-Wash|227\/242|[from] sandstorm
|-damage|p2a: Rotom-Wash|83\/304 slp|[from] sandstorm
|turn|15
|callback|decision
|
|move|p1a: Rotom-Wash|Hydro Pump|p2a: Rotom-Wash
|-resisted|p2a: Rotom-Wash
|-damage|p2a: Rotom-Wash|0 fnt
|faint|p2a: Rotom-Wash
|
|-weather|Sandstorm|[upkeep]
|-damage|p1a: Rotom-Wash|212\/242|[from] sandstorm
|callback|decision
|
|switch|p2a: Latias|Latias, F|118\/302
|turn|16
|callback|decision
|
|switch|p1a: Politoed|Politoed, F|322\/322
|-weather|RainDance|[from] ability: Drizzle|[of] p1a: Politoed
|move|p2a: Latias|Roost|p2a: Latias
|-heal|p2a: Latias|269\/302
|
|-weather|RainDance|[upkeep]
|turn|17
|callback|decision
|
|move|p1a: Politoed|Encore|p2a: Latias
|-start|p2a: Latias|Encore
|move|p2a: Latias|Roost|p2a: Latias
|-heal|p2a: Latias|302\/302
|
|-weather|RainDance|[upkeep]
|turn|18
|callback|decision
|
|switch|p1a: Rotom-Wash|Rotom-Wash|212\/242
|switch|p2a: Tyranitar|Tyranitar, F|404\/404
|-weather|Sandstorm|[from] ability: Sand Stream|[of] p2a: Tyranitar
|
|-weather|Sandstorm|[upkeep]
|-damage|p1a: Rotom-Wash|197\/242|[from] sandstorm
|turn|19
|callback|decision
|
|move|p1a: Rotom-Wash|Trick|p2a: Tyranitar
|-activate|p1a: Rotom-Wash|move: Trick|[of] p2a: Tyranitar
|-item|p2a: Tyranitar|Choice Scarf|[from] move: Trick
|-item|p1a: Rotom-Wash|Leftovers|[from] move: Trick
|move|p2a: Tyranitar|Stealth Rock|p1a: Rotom-Wash
|-sidestart|p1: Fenix-|move: Stealth Rock
|
|-weather|Sandstorm|[upkeep]
|-damage|p1a: Rotom-Wash|182\/242|[from] sandstorm
|-heal|p1a: Rotom-Wash|197\/242|[from] item: Leftovers
|turn|20
|callback|decision
|
|switch|p2a: Latias|Latias, F|302\/302
|move|p1a: Rotom-Wash|Volt Switch|p2a: Latias
|-resisted|p2a: Latias
|-damage|p2a: Latias|257\/302
|callback|decision
|
|switch|p1a: Jirachi|Jirachi|241\/404
|-damage|p1a: Jirachi|216\/404|[from] Stealth Rock
|
|-weather|Sandstorm|[upkeep]
|-damage|p2a: Latias|239\/302|[from] sandstorm
|-heal|p1a: Jirachi|241\/404|[from] item: Leftovers
|turn|21
|callback|decision
|
|switch|p2a: Tyranitar|Tyranitar, F|404\/404
|move|p1a: Jirachi|Wish|p1a: Jirachi
|
|-weather|Sandstorm|[upkeep]
|-heal|p1a: Jirachi|266\/404|[from] item: Leftovers
|turn|22
|callback|decision
|
|move|p2a: Tyranitar|Crunch|p1a: Jirachi
|-damage|p1a: Jirachi|137\/404
|move|p1a: Jirachi|Iron Head|p2a: Tyranitar
|-supereffective|p2a: Tyranitar
|-damage|p2a: Tyranitar|228\/404
|
|-weather|Sandstorm|[upkeep]
|-heal|p1a: Jirachi|339\/404|[from] move: Wish|[wisher] Jirachi
|-heal|p1a: Jirachi|364\/404|[from] item: Leftovers
|turn|23
|callback|decision
|
|switch|p2a: Scizor|Scizor, M|343\/343
|move|p1a: Jirachi|U-turn|p2a: Scizor
|-resisted|p2a: Scizor
|-damage|p2a: Scizor|316\/343
|callback|decision
|
|switch|p1a: Politoed|Politoed, F|322\/322
|-damage|p1a: Politoed|282\/322|[from] Stealth Rock
|-weather|RainDance|[from] ability: Drizzle|[of] p1a: Politoed
|
|-weather|RainDance|[upkeep]
|turn|24
|callback|decision
|
|switch|p2a: Latias|Latias, F|239\/302
|move|p1a: Politoed|Hydro Pump|p2a: Latias
|-resisted|p2a: Latias
|-damage|p2a: Latias|140\/302
|
|-weather|RainDance|[upkeep]
|turn|25
|callback|decision
|
|switch|p1a: Jirachi|Jirachi|364\/404
|-damage|p1a: Jirachi|339\/404|[from] Stealth Rock
|move|p2a: Latias|Roost|p2a: Latias
|-heal|p2a: Latias|291\/302
|
|-weather|RainDance|[upkeep]
|-heal|p1a: Jirachi|364\/404|[from] item: Leftovers
|turn|26
|callback|decision
|
|switch|p2a: Tyranitar|Tyranitar, F|228\/404
|-weather|Sandstorm|[from] ability: Sand Stream|[of] p2a: Tyranitar
|move|p1a: Jirachi|Wish|p1a: Jirachi
|
|-weather|Sandstorm|[upkeep]
|-heal|p1a: Jirachi|389\/404|[from] item: Leftovers
|turn|27
|callback|decision
|join|Ban Klefki 2013
|
|switch|p2a: Scizor|Scizor, M|316\/343
|move|p1a: Jirachi|Iron Head|p2a: Scizor
|-resisted|p2a: Scizor
|-damage|p2a: Scizor|268\/343
|
|-weather|Sandstorm|[upkeep]
|-heal|p1a: Jirachi|404\/404|[from] move: Wish|[wisher] Jirachi
|turn|28
|callback|decision
|
|move|p1a: Jirachi|Thunder|p2a: Scizor|[miss]
|-miss|p1a: Jirachi|p2a: Scizor
|move|p2a: Scizor|U-turn|p1a: Jirachi
|-damage|p1a: Jirachi|212\/404
|callback|decision
|
|switch|p2a: Garchomp|Garchomp, M|357\/357
|
|-weather|Sandstorm|[upkeep]
|-heal|p1a: Jirachi|237\/404|[from] item: Leftovers
|turn|29
|callback|decision
|
|switch|p1a: Rotom-Wash|Rotom-Wash|197\/242
|-damage|p1a: Rotom-Wash|167\/242|[from] Stealth Rock
|move|p2a: Garchomp|Swords Dance|p2a: Garchomp
|-boost|p2a: Garchomp|atk|2
|
|-weather|Sandstorm|[upkeep]
|-damage|p1a: Rotom-Wash|152\/242|[from] sandstorm
|-heal|p1a: Rotom-Wash|167\/242|[from] item: Leftovers
|turn|30
|callback|decision
|
|move|p2a: Garchomp|Outrage|p1a: Rotom-Wash
|-damage|p1a: Rotom-Wash|0 fnt
|faint|p1a: Rotom-Wash
|
|-weather|Sandstorm|[upkeep]
|callback|decision
|
|switch|p1a: Politoed|Politoed, F|282\/322
|-damage|p1a: Politoed|242\/322|[from] Stealth Rock
|-weather|RainDance|[from] ability: Drizzle|[of] p1a: Politoed
|turn|31
|callback|decision
|
|move|p1a: Politoed|Ice Beam|p2a: Garchomp
|-supereffective|p2a: Garchomp
|-enditem|p2a: Garchomp|Yache Berry|[eat]
|-damage|p2a: Garchomp|149\/357
|move|p2a: Garchomp|Outrage|p1a: Politoed
|-damage|p1a: Politoed|0 fnt
|faint|p1a: Politoed
|
|-end|p2a: Garchomp|rampage
|-start|p2a: Garchomp|confusion
|-weather|RainDance|[upkeep]
|callback|decision
|
|switch|p1a: Azumarill|Azumarill, F|346\/394
|-damage|p1a: Azumarill|297\/394|[from] Stealth Rock
|turn|32
|callback|decision
|
|switch|p2a: Tyranitar|Tyranitar, F|228\/404
|-weather|Sandstorm|[from] ability: Sand Stream|[of] p2a: Tyranitar
|move|p1a: Azumarill|Ice Punch|p2a: Tyranitar
|-damage|p2a: Tyranitar|89\/404
|
|-weather|Sandstorm|[upkeep]
|-damage|p1a: Azumarill|273\/394|[from] sandstorm
|turn|33
|callback|decision
|
|move|p2a: Tyranitar|Crunch|p1a: Azumarill
|-damage|p1a: Azumarill|126\/394
|move|p1a: Azumarill|Ice Punch|p2a: Tyranitar
|-damage|p2a: Tyranitar|0 fnt
|faint|p2a: Tyranitar
|
|-weather|Sandstorm|[upkeep]
|-damage|p1a: Azumarill|102\/394|[from] sandstorm
|callback|decision
|leave|Fenix-
|player|p1
|leave|Ban Klefki 2013
|-message|fenix lost due to inactivity.
|
|win|qSeasons
|raw|Ladder updating...
|raw|Fenix-'s rating: 1976 &rarr; <strong>1967<\/strong><br \/>(-9 for losing)
|raw|qSeasons's rating: 2100 &rarr; <strong>2106<\/strong><br \/>(+6 for winning)