|join|floetted
|join|Fenix-
|player|p1|floetted|70
|player|p2|Fenix-|25
|gametype|singles
|gen|5
|tier|[Gen 5] OU
|rated
|rule|Evasion Abilities Clause: Evasion abilities are banned
|clearpoke
|poke|p1|Keldeo
|poke|p1|Tyranitar, F
|poke|p1|Latias, F
|poke|p1|Breloom, F
|poke|p1|Thundurus-Therian, M
|poke|p1|Heatran, F
|poke|p2|Politoed, F
|poke|p2|Thundurus-Therian, M
|poke|p2|Jirachi
|poke|p2|Keldeo
|poke|p2|Kyurem-Black
|poke|p2|Donphan, F
|rule|Sleep Clause Mod: Limit one foe put to sleep
|rule|Species Clause: Limit one of each PokÃ©mon
|rule|OHKO Clause: OHKO moves are banned
|rule|Moody Clause: Moody is banned
|rule|Evasion Moves Clause: Evasion moves are banned
|rule|Endless Battle Clause: Forcing endless battles is banned
|rule|HP Percentage Mod: HP is shown in percentages
|teampreview
|c|âfloetted|gl hf
|
|start
|switch|p1a: Thundurus-Therian|Thundurus-Therian, M|299\/299
|switch|p2a: Thundurus-Therian|Thundurus-Therian, M|361\/361
|turn|1
|
|move|p1a: Thundurus-Therian|Hidden Power|p2a: Thundurus-Therian
|-supereffective|p2a: Thundurus-Therian
|-damage|p2a: Thundurus-Therian|165\/361
|move|p2a: Thundurus-Therian|Hidden Power|p1a: Thundurus-Therian
|-supereffective|p1a: Thundurus-Therian
|-damage|p1a: Thundurus-Therian|75\/299
|
|-heal|p1a: Thundurus-Therian|93\/299|[from] item: Leftovers
|-heal|p2a: Thundurus-Therian|187\/361|[from] item: Leftovers
|turn|2
|
|switch|p2a: Jirachi|Jirachi|403\/403
|move|p1a: Thundurus-Therian|U-turn|p2a: Jirachi
|-damage|p2a: Jirachi|345\/403
|
|switch|p1a: Heatran|Heatran, F|386\/386
|
|-heal|p2a: Jirachi|370\/403|[from] item: Leftovers
|turn|3
|
|switch|p2a: Politoed|Politoed, F|383\/383
|-weather|RainDance|[from] ability: Drizzle|[of] p2a: Politoed
|move|p1a: Heatran|Stealth Rock|p2a: Politoed
|-sidestart|p2: Fenix-|move: Stealth Rock
|
|-weather|RainDance|[upkeep]
|turn|4
|
|switch|p1a: Latias|Latias, F|301\/301
|move|p2a: Politoed|Scald|p1a: Latias
|-resisted|p1a: Latias
|-damage|p1a: Latias|245\/301
|
|-weather|RainDance|[upkeep]
|-heal|p1a: Latias|263\/301|[from] item: Leftovers
|turn|5
|
|switch|p2a: Jirachi|Jirachi|370\/403
|-damage|p2a: Jirachi|345\/403|[from] Stealth Rock
|move|p1a: Latias|Thunder Wave|p2a: Jirachi
|-status|p2a: Jirachi|par
|
|-weather|RainDance|[upkeep]
|-heal|p1a: Latias|281\/301|[from] item: Leftovers
|-heal|p2a: Jirachi|370\/403 par|[from] item: Leftovers
|turn|6
|
|switch|p1a: Heatran|Heatran, F|386\/386
|cant|p2a: Jirachi|par
|
|-weather|RainDance|[upkeep]
|-heal|p2a: Jirachi|395\/403 par|[from] item: Leftovers
|turn|7
|
|switch|p1a: Thundurus-Therian|Thundurus-Therian, M|93\/299
|move|p2a: Jirachi|U-turn|p1a: Thundurus-Therian
|-resisted|p1a: Thundurus-Therian
|-damage|p1a: Thundurus-Therian|52\/299
|
|switch|p2a: Donphan|Donphan, F|383\/383
|-damage|p2a: Donphan|360\/383|[from] Stealth Rock
|
|-weather|RainDance|[upkeep]
|-heal|p1a: Thundurus-Therian|70\/299|[from] item: Leftovers
|-heal|p2a: Donphan|383\/383|[from] item: Leftovers
|turn|8
|
|move|p1a: Thundurus-Therian|Hidden Power|p2a: Donphan
|-supereffective|p2a: Donphan
|-damage|p2a: Donphan|133\/383
|move|p2a: Donphan|Rapid Spin|p1a: Thundurus-Therian
|-damage|p1a: Thundurus-Therian|43\/299
|-sideend|p2: Fenix-|Stealth Rock|[from] move: Rapid Spin|[of] p2a: Donphan
|
|-weather|RainDance|[upkeep]
|-heal|p1a: Thundurus-Therian|61\/299|[from] item: Leftovers
|-heal|p2a: Donphan|156\/383|[from] item: Leftovers
|turn|9
|
|switch|p1a: Keldeo|Keldeo|323\/323
|move|p2a: Donphan|Ice Shard|p1a: Keldeo
|-resisted|p1a: Keldeo
|-damage|p1a: Keldeo|302\/323
|
|-weather|RainDance|[upkeep]
|-heal|p2a: Donphan|179\/383|[from] item: Leftovers
|turn|10
|
|move|p1a: Keldeo|Hydro Pump|p2a: Donphan
|-supereffective|p2a: Donphan
|-damage|p2a: Donphan|0 fnt
|faint|p2a: Donphan
|
|-weather|RainDance|[upkeep]
|
|switch|p2a: Kyurem-Black|Kyurem-Black|404\/404
|-ability|p2a: Kyurem-Black|Teravolt
|turn|11
|
|switch|p1a: Thundurus-Therian|Thundurus-Therian, M|61\/299
|move|p2a: Kyurem-Black|Substitute|p2a: Kyurem-Black
|-start|p2a: Kyurem-Black|Substitute
|-damage|p2a: Kyurem-Black|303\/404
|
|-weather|RainDance|[upkeep]
|-heal|p1a: Thundurus-Therian|79\/299|[from] item: Leftovers
|-heal|p2a: Kyurem-Black|328\/404|[from] item: Leftovers
|turn|12
|
|move|p1a: Thundurus-Therian|Superpower|p2a: Kyurem-Black
|-supereffective|p2a: Kyurem-Black
|-end|p2a: Kyurem-Black|Substitute
|-unboost|p1a: Thundurus-Therian|atk|1
|-unboost|p1a: Thundurus-Therian|def|1
|move|p2a: Kyurem-Black|Ice Beam|p1a: Thundurus-Therian
|-supereffective|p1a: Thundurus-Therian
|-damage|p1a: Thundurus-Therian|0 fnt
|faint|p1a: Thundurus-Therian
|
|-weather|RainDance|[upkeep]
|-heal|p2a: Kyurem-Black|353\/404|[from] item: Leftovers
|
|switch|p1a: Keldeo|Keldeo|302\/323
|turn|13
|
|move|p1a: Keldeo|Secret Sword|p2a: Kyurem-Black
|-supereffective|p2a: Kyurem-Black
|-damage|p2a: Kyurem-Black|0 fnt
|faint|p2a: Kyurem-Black
|
|-weather|RainDance|[upkeep]
|
|switch|p2a: Keldeo|Keldeo|323\/323
|turn|14
|
|switch|p1a: Latias|Latias, F|281\/301
|move|p2a: Keldeo|Hydro Pump|p1a: Latias
|-resisted|p1a: Latias
|-damage|p1a: Latias|164\/301
|
|-weather|RainDance|[upkeep]
|-heal|p1a: Latias|182\/301|[from] item: Leftovers
|turn|15
|
|switch|p2a: Jirachi|Jirachi|395\/403 par
|move|p1a: Latias|Recover|p1a: Latias
|-heal|p1a: Latias|301\/301
|
|-weather|RainDance|[upkeep]
|-heal|p2a: Jirachi|403\/403 par|[from] item: Leftovers
|turn|16
|
|switch|p1a: Heatran|Heatran, F|386\/386
|move|p2a: Jirachi|Thunder|p1a: Heatran
|-damage|p1a: Heatran|325\/386
|-status|p1a: Heatran|par
|
|-weather|RainDance|[upkeep]
|-heal|p1a: Heatran|349\/386 par|[from] item: Leftovers
|turn|17
|
|move|p2a: Jirachi|U-turn|p1a: Heatran
|-resisted|p1a: Heatran
|-damage|p1a: Heatran|336\/386 par
|
|switch|p2a: Keldeo|Keldeo|323\/323
|move|p1a: Heatran|Stealth Rock|p2a: Keldeo
|-sidestart|p2: Fenix-|move: Stealth Rock
|
|-weather|RainDance|[upkeep]
|-heal|p1a: Heatran|360\/386 par|[from] item: Leftovers
|turn|18
|
|switch|p1a: Latias|Latias, F|301\/301
|move|p2a: Keldeo|Hidden Power|p1a: Latias
|-supereffective|p1a: Latias
|-damage|p1a: Latias|169\/301
|
|-weather|RainDance|[upkeep]
|-heal|p1a: Latias|187\/301|[from] item: Leftovers
|turn|19
|
|switch|p2a: Jirachi|Jirachi|403\/403 par
|-damage|p2a: Jirachi|378\/403 par|[from] Stealth Rock
|move|p1a: Latias|Recover|p1a: Latias
|-heal|p1a: Latias|301\/301
|
|-weather|RainDance|[upkeep]
|-heal|p2a: Jirachi|403\/403 par|[from] item: Leftovers
|turn|20
|
|switch|p1a: Heatran|Heatran, F|360\/386 par
|move|p2a: Jirachi|Wish|p2a: Jirachi
|
|-weather|RainDance|[upkeep]
|-heal|p1a: Heatran|384\/386 par|[from] item: Leftovers
|turn|21
|
|switch|p2a: Thundurus-Therian|Thundurus-Therian, M|187\/361
|-damage|p2a: Thundurus-Therian|97\/361|[from] Stealth Rock
|move|p1a: Heatran|Roar|p2a: Thundurus-Therian
|drag|p2a: Politoed|Politoed, F|383\/383
|-damage|p2a: Politoed|336\/383|[from] Stealth Rock
|
|-weather|RainDance|[upkeep]
|-heal|p2a: Politoed|383\/383|[from] move: Wish|[wisher] Jirachi
|-heal|p1a: Heatran|386\/386 par|[from] item: Leftovers
|turn|22
|
|switch|p1a: Latias|Latias, F|301\/301
|move|p2a: Politoed|Toxic|p1a: Latias|[miss]
|-miss|p2a: Politoed|p1a: Latias
|
|-weather|RainDance|[upkeep]
|turn|23
|
|switch|p1a: Tyranitar|Tyranitar, F|385\/385
|-weather|Sandstorm|[from] ability: Sand Stream|[of] p1a: Tyranitar
|move|p2a: Politoed|Scald|p1a: Tyranitar
|-supereffective|p1a: Tyranitar
|-damage|p1a: Tyranitar|259\/385
|-status|p1a: Tyranitar|brn
|
|-weather|Sandstorm|[upkeep]
|-damage|p2a: Politoed|360\/383|[from] sandstorm
|-heal|p2a: Politoed|383\/383|[from] item: Leftovers
|-damage|p1a: Tyranitar|211\/385 brn|[from] brn
|turn|24
|
|move|p2a: Politoed|Scald|p1a: Tyranitar
|-supereffective|p1a: Tyranitar
|-damage|p1a: Tyranitar|97\/385 brn
|move|p1a: Tyranitar|Crunch|p2a: Politoed
|-crit|p2a: Politoed
|-damage|p2a: Politoed|116\/383
|
|-weather|Sandstorm|[upkeep]
|-damage|p2a: Politoed|93\/383|[from] sandstorm
|-heal|p2a: Politoed|116\/383|[from] item: Leftovers
|-damage|p1a: Tyranitar|49\/385 brn|[from] brn
|turn|25
|
|move|p2a: Politoed|Scald|p1a: Tyranitar
|-supereffective|p1a: Tyranitar
|-damage|p1a: Tyranitar|0 fnt
|faint|p1a: Tyranitar
|
|-weather|Sandstorm|[upkeep]
|-damage|p2a: Politoed|93\/383|[from] sandstorm
|-heal|p2a: Politoed|116\/383|[from] item: Leftovers
|
|switch|p1a: Breloom|Breloom, F|262\/262
|turn|26
|
|switch|p2a: Thundurus-Therian|Thundurus-Therian, M|97\/361
|-damage|p2a: Thundurus-Therian|7\/361|[from] Stealth Rock
|move|p1a: Breloom|Swords Dance|p1a: Breloom
|-boost|p1a: Breloom|atk|2
|
|-weather|Sandstorm|[upkeep]
|-damage|p2a: Thundurus-Therian|0 fnt|[from] sandstorm
|-damage|p1a: Breloom|246\/262|[from] sandstorm
|faint|p2a: Thundurus-Therian
|
|switch|p2a: Keldeo|Keldeo|323\/323
|-damage|p2a: Keldeo|303\/323|[from] Stealth Rock
|turn|27
|
|switch|p1a: Latias|Latias, F|301\/301
|move|p2a: Keldeo|Hidden Power|p1a: Latias
|-supereffective|p1a: Latias
|-damage|p1a: Latias|179\/301
|
|-weather|Sandstorm|[upkeep]
|-damage|p2a: Keldeo|283\/323|[from] sandstorm
|-damage|p1a: Latias|161\/301|[from] sandstorm
|-heal|p1a: Latias|179\/301|[from] item: Leftovers
|turn|28
|
|switch|p2a: Politoed|Politoed, F|116\/383
|-damage|p2a: Politoed|69\/383|[from] Stealth Rock
|-weather|RainDance|[from] ability: Drizzle|[of] p2a: Politoed
|move|p1a: Latias|Recover|p1a: Latias
|-heal|p1a: Latias|301\/301
|
|-weather|RainDance|[upkeep]
|-heal|p2a: Politoed|92\/383|[from] item: Leftovers
|turn|29
|
|switch|p2a: Jirachi|Jirachi|403\/403 par
|-damage|p2a: Jirachi|378\/403 par|[from] Stealth Rock
|move|p1a: Latias|Psyshock|p2a: Jirachi
|-resisted|p2a: Jirachi
|-damage|p2a: Jirachi|349\/403 par
|
|-weather|RainDance|[upkeep]
|-heal|p2a: Jirachi|374\/403 par|[from] item: Leftovers
|turn|30
|
|switch|p1a: Breloom|Breloom, F|246\/262
|move|p2a: Jirachi|U-turn|p1a: Breloom
|-crit|p1a: Breloom
|-damage|p1a: Breloom|119\/262
|
|switch|p2a: Keldeo|Keldeo|283\/323
|-damage|p2a: Keldeo|263\/323|[from] Stealth Rock
|
|-weather|RainDance|[upkeep]
|turn|31
|
|switch|p1a: Latias|Latias, F|301\/301
|move|p2a: Keldeo|Surf|p1a: Latias
|-resisted|p1a: Latias
|-damage|p1a: Latias|199\/301
|
|-weather|RainDance|[upkeep]
|-heal|p1a: Latias|217\/301|[from] item: Leftovers
|turn|32
|
|switch|p2a: Jirachi|Jirachi|374\/403 par
|-damage|p2a: Jirachi|349\/403 par|[from] Stealth Rock
|move|p1a: Latias|Draco Meteor|p2a: Jirachi|[miss]
|-miss|p1a: Latias|p2a: Jirachi
|
|-weather|RainDance|[upkeep]
|-heal|p1a: Latias|235\/301|[from] item: Leftovers
|-heal|p2a: Jirachi|374\/403 par|[from] item: Leftovers
|turn|33
|
|switch|p1a: Heatran|Heatran, F|386\/386 par
|move|p2a: Jirachi|U-turn|p1a: Heatran
|-resisted|p1a: Heatran
|-damage|p1a: Heatran|374\/386 par
|
|switch|p2a: Keldeo|Keldeo|263\/323
|-damage|p2a: Keldeo|243\/323|[from] Stealth Rock
|
|-weather|RainDance|[upkeep]
|-heal|p1a: Heatran|386\/386 par|[from] item: Leftovers
|turn|34
|
|switch|p1a: Keldeo|Keldeo|302\/323
|move|p2a: Keldeo|Hydro Pump|p1a: Keldeo|[miss]
|-miss|p2a: Keldeo|p1a: Keldeo
|
|-weather|RainDance|[upkeep]
|turn|35
|
|move|p2a: Keldeo|Hydro Pump|p1a: Keldeo
|-resisted|p1a: Keldeo
|-damage|p1a: Keldeo|136\/323
|move|p1a: Keldeo|Secret Sword|p2a: Keldeo
|-damage|p2a: Keldeo|87\/323
|
|-weather|RainDance|[upkeep]
|turn|36
|
|move|p1a: Keldeo|Secret Sword|p2a: Keldeo
|-damage|p2a: Keldeo|0 fnt
|faint|p2a: Keldeo
|
|-weather|RainDance|[upkeep]
|c|âfloetted|gg
|
|switch|p2a: Jirachi|Jirachi|374\/403 par
|-damage|p2a: Jirachi|349\/403 par|[from] Stealth Rock
|turn|37
|
|move|p1a: Keldeo|Secret Sword|p2a: Jirachi
|-damage|p2a: Jirachi|189\/403 par
|move|p2a: Jirachi|Wish|p2a: Jirachi
|
|-weather|RainDance|[upkeep]
|-heal|p2a: Jirachi|214\/403 par|[from] item: Leftovers
|turn|38
|
|move|p1a: Keldeo|Secret Sword|p2a: Jirachi
|-damage|p2a: Jirachi|58\/403 par
|move|p2a: Jirachi|Thunder|p1a: Keldeo
|-supereffective|p1a: Keldeo
|-damage|p1a: Keldeo|0 fnt
|faint|p1a: Keldeo
|
|-weather|RainDance|[upkeep]
|-heal|p2a: Jirachi|259\/403 par|[from] move: Wish|[wisher] Jirachi
|-heal|p2a: Jirachi|284\/403 par|[from] item: Leftovers
|
|switch|p1a: Heatran|Heatran, F|386\/386 par
|turn|39
|
|cant|p2a: Jirachi|par
|move|p1a: Heatran|Lava Plume|p2a: Jirachi
|-supereffective|p2a: Jirachi
|-damage|p2a: Jirachi|198\/403 par
|
|-weather|RainDance|[upkeep]
|-heal|p2a: Jirachi|223\/403 par|[from] item: Leftovers
|turn|40
|
|move|p2a: Jirachi|Wish|p2a: Jirachi
|move|p1a: Heatran|Roar|p2a: Jirachi
|drag|p2a: Politoed|Politoed, F|92\/383
|-damage|p2a: Politoed|45\/383|[from] Stealth Rock
|
|-weather|RainDance|[upkeep]
|-heal|p2a: Politoed|68\/383|[from] item: Leftovers
|turn|41
|
|move|p2a: Politoed|Scald|p1a: Heatran
|-supereffective|p1a: Heatran
|-damage|p1a: Heatran|216\/386 par
|move|p1a: Heatran|Roar|p2a: Politoed
|drag|p2a: Jirachi|Jirachi|223\/403 par
|-damage|p2a: Jirachi|198\/403 par|[from] Stealth Rock
|
|-weather|RainDance|[upkeep]
|-heal|p2a: Jirachi|399\/403 par|[from] move: Wish|[wisher] Jirachi
|-heal|p2a: Jirachi|403\/403 par|[from] item: Leftovers
|-heal|p1a: Heatran|240\/386 par|[from] item: Leftovers
|turn|42
|
|move|p2a: Jirachi|Wish|p2a: Jirachi
|move|p1a: Heatran|Roar|p2a: Jirachi
|drag|p2a: Politoed|Politoed, F|68\/383
|-damage|p2a: Politoed|21\/383|[from] Stealth Rock
|
|-weather|RainDance|[upkeep]
|-heal|p2a: Politoed|44\/383|[from] item: Leftovers
|-heal|p1a: Heatran|264\/386 par|[from] item: Leftovers
|turn|43
|
|move|p2a: Politoed|Protect|p2a: Politoed
|-singleturn|p2a: Politoed|Protect
|move|p1a: Heatran|Roar|p2a: Politoed
|-activate|p2a: Politoed|Protect
|
|-weather|RainDance|[upkeep]
|-heal|p2a: Politoed|245\/383|[from] move: Wish|[wisher] Jirachi
|-heal|p2a: Politoed|268\/383|[from] item: Leftovers
|-heal|p1a: Heatran|288\/386 par|[from] item: Leftovers
|turn|44
|c|âfloetted|sighh
|
|move|p2a: Politoed|Scald|p1a: Heatran
|-supereffective|p1a: Heatran
|-damage|p1a: Heatran|112\/386 par
|move|p1a: Heatran|Lava Plume|p2a: Politoed
|-resisted|p2a: Politoed
|-damage|p2a: Politoed|244\/383
|-status|p2a: Politoed|brn
|
|-weather|RainDance|[upkeep]
|-heal|p2a: Politoed|267\/383 brn|[from] item: Leftovers
|-heal|p1a: Heatran|136\/386 par|[from] item: Leftovers
|-damage|p2a: Politoed|220\/383 brn|[from] brn
|turn|45
|
|move|p2a: Politoed|Scald|p1a: Heatran
|-supereffective|p1a: Heatran
|-damage|p1a: Heatran|0 fnt
|faint|p1a: Heatran
|
|-weather|RainDance|[upkeep]
|-heal|p2a: Politoed|243\/383 brn|[from] item: Leftovers
|-damage|p2a: Politoed|196\/383 brn|[from] brn
|
|switch|p1a: Breloom|Breloom, F|119\/262
|turn|46
|
|move|p1a: Breloom|Bullet Seed|p2a: Politoed
|-supereffective|p2a: Politoed
|-damage|p2a: Politoed|14\/383 brn
|-supereffective|p2a: Politoed
|-damage|p2a: Politoed|0 fnt
|-hitcount|p2a: Politoed|2
|-damage|p1a: Breloom|93\/262|[from] item: Life Orb
|faint|p2a: Politoed
|
|-weather|RainDance|[upkeep]
|
|switch|p2a: Jirachi|Jirachi|403\/403 par
|-damage|p2a: Jirachi|378\/403 par|[from] Stealth Rock
|turn|47
|
|move|p1a: Breloom|Swords Dance|p1a: Breloom
|-boost|p1a: Breloom|atk|2
|move|p2a: Jirachi|Iron Head|p1a: Breloom
|-damage|p1a: Breloom|0 fnt
|faint|p1a: Breloom
|
|-weather|RainDance|[upkeep]
|-heal|p2a: Jirachi|403\/403 par|[from] item: Leftovers
|
|switch|p1a: Latias|Latias, F|235\/301
|turn|48
|
|move|p1a: Latias|Psyshock|p2a: Jirachi
|-crit|p2a: Jirachi
|-resisted|p2a: Jirachi
|-damage|p2a: Jirachi|344\/403 par
|move|p2a: Jirachi|Thunder|p1a: Latias
|-resisted|p1a: Latias
|-damage|p1a: Latias|200\/301
|-status|p1a: Latias|par
|
|-weather|RainDance|[upkeep]
|-heal|p1a: Latias|218\/301 par|[from] item: Leftovers
|-heal|p2a: Jirachi|369\/403 par|[from] item: Leftovers
|turn|49
|leave|floetted
|player|p1
|-message|floetted lost due to inactivity.
|
|win|Fenix-
|raw|Ladder updating...
|raw|floetted's rating: 1234 &rarr; <strong>1225<\/strong><br \/>(-9 for losing)
|raw|Fenix-'s rating: 1507 &rarr; <strong>1514<\/strong><br \/>(+7 for winning)