|join|Fenix-
|join|Hey i can do this!
|player|p1|Fenix-|169
|player|p2|Hey i can do this!|266
|gametype|singles
|tier|[Gen 5] OU
|rated
|rule|Evasion Abilities Clause: Evasion abilities are banned
|clearpoke
|poke|p1|Forretress, M
|poke|p1|Quagsire, M
|poke|p1|Skarmory, M
|poke|p1|Amoonguss, M
|poke|p1|Tyranitar, M
|poke|p1|Blissey, F
|poke|p2|Scizor, F
|poke|p2|Starmie
|poke|p2|Gengar, F
|poke|p2|Breloom, M
|poke|p2|Skarmory, F
|poke|p2|Thundurus-Therian, M
|rule|Sleep Clause Mod: Limit one foe put to sleep
|rule|Species Clause: Limit one of each Pokemon
|rule|OHKO Clause: OHKO moves are banned
|rule|Moody Clause: Moody is banned
|rule|Evasion Moves Clause: Evasion moves are banned
|rule|HP Percentage Mod: HP is reported as percentages
|teampreview
|callback|decision
|
|start
|switch|p1a: Tyranitar|Tyranitar, M|341\/341
|switch|p2a: Theodore|Thundurus-Therian, M|299\/299
|-weather|Sandstorm|[from] ability: Sand Stream|[of] p1a: Tyranitar
|turn|1
|callback|decision
|
|switch|p1a: Amoonguss|Amoonguss, M|432\/432
|move|p2a: Theodore|Superpower|p1a: Amoonguss
|-crit|p1a: Amoonguss
|-resisted|p1a: Amoonguss
|-damage|p1a: Amoonguss|286\/432
|-unboost|p2a: Theodore|atk|1
|-unboost|p2a: Theodore|def|1
|-damage|p2a: Theodore|270\/299|[from] item: Life Orb
|
|-weather|Sandstorm|[upkeep]
|-damage|p2a: Theodore|252\/299|[from] sandstorm
|-damage|p1a: Amoonguss|259\/432|[from] sandstorm
|-heal|p1a: Amoonguss|286\/432|[from] item: Black Sludge
|turn|2
|callback|decision
|
|move|p2a: Theodore|Hidden Power|p1a: Amoonguss
|-supereffective|p1a: Amoonguss
|-damage|p1a: Amoonguss|42\/432
|-damage|p2a: Theodore|223\/299|[from] item: Life Orb
|move|p1a: Amoonguss|Spore|p2a: Theodore
|-status|p2a: Theodore|slp
|
|-weather|Sandstorm|[upkeep]
|-damage|p2a: Theodore|205\/299 slp|[from] sandstorm
|-damage|p1a: Amoonguss|15\/432|[from] sandstorm
|-heal|p1a: Amoonguss|42\/432|[from] item: Black Sludge
|turn|3
|callback|decision
|
|switch|p1a: Blissey|Blissey, F|714\/714
|cant|p2a: Theodore|slp
|
|-weather|Sandstorm|[upkeep]
|-damage|p2a: Theodore|187\/299 slp|[from] sandstorm
|-damage|p1a: Blissey|670\/714|[from] sandstorm
|-heal|p1a: Blissey|714\/714|[from] item: Leftovers
|turn|4
|callback|decision
|
|switch|p1a: Quagsire|Quagsire, M|394\/394
|cant|p2a: Theodore|slp
|
|-weather|Sandstorm|[upkeep]
|-damage|p2a: Theodore|169\/299 slp|[from] sandstorm
|turn|5
|callback|decision
|
|-curestatus|p2a: Theodore|slp
|move|p2a: Theodore|Hidden Power|p1a: Quagsire
|-damage|p1a: Quagsire|222\/394
|-damage|p2a: Theodore|140\/299|[from] item: Life Orb
|move|p1a: Quagsire|Scald|p2a: Theodore
|-damage|p2a: Theodore|56\/299
|
|-weather|Sandstorm|[upkeep]
|-damage|p2a: Theodore|38\/299|[from] sandstorm
|-heal|p1a: Quagsire|246\/394|[from] item: Leftovers
|turn|6
|callback|decision
|
|switch|p2a: Math rock|Skarmory, F|271\/271
|move|p1a: Quagsire|Recover|p1a: Quagsire
|-heal|p1a: Quagsire|394\/394
|
|-weather|Sandstorm|[upkeep]
|turn|7
|callback|decision
|
|switch|p1a: Forretress|Forretress, M|354\/354
|move|p2a: Math rock|Stealth Rock|p1a: Forretress
|-sidestart|p1: Fenix-|move: Stealth Rock
|
|-weather|Sandstorm|[upkeep]
|turn|8
|callback|decision
|
|move|p2a: Math rock|Taunt|p1a: Forretress
|-start|p1a: Forretress|move: Taunt
|cant|p1a: Forretress|move: Taunt|Stealth Rock
|
|-weather|Sandstorm|[upkeep]
|turn|9
|callback|decision
|
|switch|p2a: Go inside walls|Gengar, F|262\/262
|move|p1a: Forretress|Rapid Spin|p2a: Go inside walls
|-immune|p2a: Go inside walls|[msg]
|
|-weather|Sandstorm|[upkeep]
|-damage|p2a: Go inside walls|246\/262|[from] sandstorm
|turn|10
|callback|decision
|
|move|p2a: Go inside walls|Trick|p1a: Forretress
|-activate|p2a: Go inside walls|move: Trick|[of] p1a: Forretress
|-item|p1a: Forretress|Choice Scarf|[from] move: Trick
|-item|p2a: Go inside walls|Leftovers|[from] move: Trick
|move|p1a: Forretress|Volt Switch|p2a: Go inside walls
|-damage|p2a: Go inside walls|200\/262
|callback|decision
|
|switch|p1a: Tyranitar|Tyranitar, M|341\/341
|-damage|p1a: Tyranitar|299\/341|[from] Stealth Rock
|
|-weather|Sandstorm|[upkeep]
|-damage|p2a: Go inside walls|184\/262|[from] sandstorm
|-heal|p2a: Go inside walls|200\/262|[from] item: Leftovers
|turn|11
|callback|decision
|
|move|p2a: Go inside walls|Focus Blast|p1a: Tyranitar
|-supereffective|p1a: Tyranitar
|-damage|p1a: Tyranitar|0 fnt
|faint|p1a: Tyranitar
|
|-weather|Sandstorm|[upkeep]
|-damage|p2a: Go inside walls|184\/262|[from] sandstorm
|-heal|p2a: Go inside walls|200\/262|[from] item: Leftovers
|callback|decision
|
|switch|p1a: Quagsire|Quagsire, M|394\/394
|-damage|p1a: Quagsire|370\/394|[from] Stealth Rock
|turn|12
|callback|decision
|
|switch|p2a: Theodore|Thundurus-Therian, M|38\/299
|move|p1a: Quagsire|Stockpile|p1a: Quagsire
|-start|p1a: Quagsire|stockpile1
|-boost|p1a: Quagsire|def|1
|-boost|p1a: Quagsire|spd|1
|
|-weather|Sandstorm|[upkeep]
|-damage|p2a: Theodore|20\/299|[from] sandstorm
|-heal|p1a: Quagsire|394\/394|[from] item: Leftovers
|turn|13
|callback|decision
|
|move|p2a: Theodore|Hidden Power|p1a: Quagsire
|-crit|p1a: Quagsire
|-damage|p1a: Quagsire|4\/394
|-damage|p2a: Theodore|0 fnt|[from] item: Life Orb
|faint|p2a: Theodore
|move|p1a: Quagsire|Stockpile|p1a: Quagsire
|-start|p1a: Quagsire|stockpile2
|-boost|p1a: Quagsire|def|1
|-boost|p1a: Quagsire|spd|1
|
|-weather|Sandstorm|[upkeep]
|-heal|p1a: Quagsire|28\/394|[from] item: Leftovers
|callback|decision
|leave|Fenix-
|player|p1
|-message|fenix lost due to inactivity.
|
|win|Hey i can do this!
|raw|Ladder updating...
|raw|Fenix-'s rating: 2059 &rarr; <strong>2056<\/strong><br \/>(-3 for losing)
|raw|Hey i can do this!'s rating: 2136 &rarr; <strong>2205<\/strong><br \/>(+69 for winning)
|chat|Hey i can do this!|GG