|join|i am NOT suicidal!
|join|Fenix-
|player|p1|i am NOT suicidal!|153
|player|p2|Fenix-|1
|gametype|singles
|tier|[Gen 5] OU
|rated
|rule|Evasion Abilities Clause: Evasion abilities are banned
|clearpoke
|poke|p1|Scizor, F
|poke|p1|Starmie
|poke|p1|Gengar, F
|poke|p1|Breloom, F
|poke|p1|Skarmory, F
|poke|p1|Thundurus-Therian, M
|poke|p2|Politoed, F
|poke|p2|Dugtrio, F
|poke|p2|Jirachi
|poke|p2|Tentacruel, F
|poke|p2|Latios, M
|poke|p2|Dragonite, M
|rule|Sleep Clause Mod: Limit one foe put to sleep
|rule|Species Clause: Limit one of each Pokemon
|rule|OHKO Clause: OHKO moves are banned
|rule|Moody Clause: Moody is banned
|rule|Evasion Moves Clause: Evasion moves are banned
|rule|HP Percentage Mod: HP is reported as percentages
|teampreview
|callback|decision
|chat|i am NOT suicidal!|holla back atcha nigga
|
|start
|switch|p1a: cutie pie|Breloom, F|261\/261
|switch|p2a: Latios|Latios, M|302\/302
|turn|1
|callback|decision
|
|move|p2a: Latios|Trick|p1a: cutie pie
|-activate|p2a: Latios|move: Trick|[of] p1a: cutie pie
|-item|p1a: cutie pie|Choice Scarf|[from] move: Trick
|-item|p2a: Latios|Focus Sash|[from] move: Trick
|move|p1a: cutie pie|Spore|p2a: Latios
|-status|p2a: Latios|slp
|
|turn|2
|callback|decision
|
|switch|p1a: Math rock|Skarmory, F|271\/271
|switch|p2a: Politoed|Politoed, F|384\/384
|-weather|RainDance|[from] ability: Drizzle|[of] p2a: Politoed
|
|-weather|RainDance|[upkeep]
|turn|3
|callback|decision
|
|move|p1a: Math rock|Stealth Rock|p2a: Politoed
|-sidestart|p2: Fenix-|move: Stealth Rock
|move|p2a: Politoed|Scald|p1a: Math rock
|-damage|p1a: Math rock|87\/271
|
|-weather|RainDance|[upkeep]
|turn|4
|callback|decision
|
|switch|p2a: Tentacruel|Tentacruel, F|363\/363
|-damage|p2a: Tentacruel|318\/363|[from] Stealth Rock
|move|p1a: Math rock|Spikes|p2a: Tentacruel
|-sidestart|p2: Fenix-|Spikes
|
|-weather|RainDance|[upkeep]
|-heal|p2a: Tentacruel|340\/363|[from] ability: Rain Dish
|-heal|p2a: Tentacruel|362\/363|[from] item: Black Sludge
|turn|5
|callback|decision
|
|move|p1a: Math rock|Brave Bird|p2a: Tentacruel
|-damage|p2a: Tentacruel|217\/363
|-damage|p1a: Math rock|39\/271|[from] recoil|[of] p2a: Tentacruel
|move|p2a: Tentacruel|Scald|p1a: Math rock
|-damage|p1a: Math rock|0 fnt
|faint|p1a: Math rock
|
|-weather|RainDance|[upkeep]
|-heal|p2a: Tentacruel|239\/363|[from] ability: Rain Dish
|-heal|p2a: Tentacruel|261\/363|[from] item: Black Sludge
|callback|decision
|
|switch|p1a: Good Job!|Starmie|261\/261
|turn|6
|callback|decision
|
|move|p2a: Tentacruel|Protect|p2a: Tentacruel
|-singleturn|p2a: Tentacruel|Protect
|move|p1a: Good Job!|Psyshock|p2a: Tentacruel
|-activate|p2a: Tentacruel|Protect
|
|-weather|RainDance|[upkeep]
|-heal|p2a: Tentacruel|283\/363|[from] ability: Rain Dish
|-heal|p2a: Tentacruel|305\/363|[from] item: Black Sludge
|turn|7
|callback|decision
|
|move|p1a: Good Job!|Hydro Pump|p2a: Tentacruel
|-resisted|p2a: Tentacruel
|-damage|p2a: Tentacruel|169\/363
|-damage|p1a: Good Job!|235\/261|[from] item: Life Orb
|move|p2a: Tentacruel|Rapid Spin|p1a: Good Job!
|-damage|p1a: Good Job!|222\/261
|-sideend|p2: Fenix-|Spikes|[from] move: Rapid Spin|[of] p2a: Tentacruel
|-sideend|p2: Fenix-|Stealth Rock|[from] move: Rapid Spin|[of] p2a: Tentacruel
|
|-weather|RainDance|[upkeep]
|-heal|p2a: Tentacruel|191\/363|[from] ability: Rain Dish
|-heal|p2a: Tentacruel|213\/363|[from] item: Black Sludge
|turn|8
|callback|decision
|
|move|p2a: Tentacruel|Protect|p2a: Tentacruel
|-singleturn|p2a: Tentacruel|Protect
|move|p1a: Good Job!|Hydro Pump|p2a: Tentacruel
|-activate|p2a: Tentacruel|Protect
|
|-weather|RainDance|[upkeep]
|-heal|p2a: Tentacruel|235\/363|[from] ability: Rain Dish
|-heal|p2a: Tentacruel|257\/363|[from] item: Black Sludge
|turn|9
|callback|decision
|
|switch|p2a: Dugtrio|Dugtrio, F|211\/211
|move|p1a: Good Job!|Psyshock|p2a: Dugtrio
|-crit|p2a: Dugtrio
|-enditem|p2a: Dugtrio|Focus Sash
|-damage|p2a: Dugtrio|1\/211
|-damage|p1a: Good Job!|196\/261|[from] item: Life Orb
|
|-weather|RainDance|[upkeep]
|turn|10
|callback|decision
|
|move|p2a: Dugtrio|Earthquake|p1a: Good Job!
|-damage|p1a: Good Job!|54\/261
|move|p1a: Good Job!|Rapid Spin|p2a: Dugtrio
|-damage|p2a: Dugtrio|0 fnt
|-damage|p1a: Good Job!|28\/261|[from] item: Life Orb
|faint|p2a: Dugtrio
|
|-weather|RainDance|[upkeep]
|callback|decision
|
|switch|p2a: Tentacruel|Tentacruel, F|257\/363
|turn|11
|callback|decision
|
|move|p1a: Good Job!|Psyshock|p2a: Tentacruel
|-supereffective|p2a: Tentacruel
|-damage|p2a: Tentacruel|0 fnt
|-damage|p1a: Good Job!|2\/261|[from] item: Life Orb
|faint|p2a: Tentacruel
|
|-weather|RainDance|[upkeep]
|callback|decision
|
|switch|p2a: Jirachi|Jirachi|404\/404
|turn|12
|callback|decision
|
|switch|p2a: Politoed|Politoed, F|384\/384
|move|p1a: Good Job!|Hydro Pump|p2a: Politoed
|-resisted|p2a: Politoed
|-damage|p2a: Politoed|162\/384
|-damage|p1a: Good Job!|0 fnt|[from] item: Life Orb
|faint|p1a: Good Job!
|
|-weather|RainDance|[upkeep]
|-heal|p2a: Politoed|186\/384|[from] item: Leftovers
|callback|decision
|
|switch|p1a: Theodore|Thundurus-Therian, M|299\/299
|turn|13
|callback|decision
|
|move|p1a: Theodore|Thunderbolt|p2a: Politoed
|-supereffective|p2a: Politoed
|-damage|p2a: Politoed|0 fnt
|-damage|p1a: Theodore|270\/299|[from] item: Life Orb
|faint|p2a: Politoed
|
|-weather|RainDance|[upkeep]
|callback|decision
|
|switch|p2a: Dragonite|Dragonite, M|386\/386
|turn|14
|callback|decision
|
|move|p1a: Theodore|Hidden Power|p2a: Dragonite
|-supereffective|p2a: Dragonite
|-damage|p2a: Dragonite|152\/386
|-damage|p1a: Theodore|241\/299|[from] item: Life Orb
|move|p2a: Dragonite|Dragon Dance|p2a: Dragonite
|-boost|p2a: Dragonite|atk|1
|-boost|p2a: Dragonite|spe|1
|
|-weather|RainDance|[upkeep]
|-heal|p2a: Dragonite|176\/386|[from] item: Leftovers
|turn|15
|callback|decision
|
|move|p2a: Dragonite|Roost|p2a: Dragonite
|-heal|p2a: Dragonite|369\/386
|move|p1a: Theodore|Hidden Power|p2a: Dragonite
|-supereffective|p2a: Dragonite
|-damage|p2a: Dragonite|130\/386
|-damage|p1a: Theodore|212\/299|[from] item: Life Orb
|
|-weather|RainDance|[upkeep]
|-heal|p2a: Dragonite|154\/386|[from] item: Leftovers
|turn|16
|callback|decision
|
|move|p2a: Dragonite|Roost|p2a: Dragonite
|-heal|p2a: Dragonite|347\/386
|move|p1a: Theodore|Hidden Power|p2a: Dragonite
|-supereffective|p2a: Dragonite
|-damage|p2a: Dragonite|131\/386
|-damage|p1a: Theodore|183\/299|[from] item: Life Orb
|
|-weather|RainDance|[upkeep]
|-heal|p2a: Dragonite|155\/386|[from] item: Leftovers
|turn|17
|callback|decision
|
|move|p2a: Dragonite|Roost|p2a: Dragonite
|-heal|p2a: Dragonite|348\/386
|move|p1a: Theodore|Agility|p1a: Theodore
|-boost|p1a: Theodore|spe|2
|
|-weather|RainDance|[upkeep]
|-heal|p2a: Dragonite|372\/386|[from] item: Leftovers
|turn|18
|callback|decision
|chat|i am NOT suicidal!|haha bitch
|
|switch|p2a: Jirachi|Jirachi|404\/404
|move|p1a: Theodore|Hidden Power|p2a: Jirachi
|-resisted|p2a: Jirachi
|-damage|p2a: Jirachi|344\/404
|-damage|p1a: Theodore|154\/299|[from] item: Life Orb
|
|-weather|RainDance|[upkeep]
|-heal|p2a: Jirachi|369\/404|[from] item: Leftovers
|turn|19
|callback|decision
|
|move|p1a: Theodore|Thunderbolt|p2a: Jirachi
|-damage|p2a: Jirachi|95\/404
|-damage|p1a: Theodore|125\/299|[from] item: Life Orb
|move|p2a: Jirachi|Water Pulse|p1a: Theodore
|-damage|p1a: Theodore|32\/299
|-start|p1a: Theodore|confusion
|
|-weather|RainDance|[upkeep]
|-heal|p2a: Jirachi|120\/404|[from] item: Leftovers
|turn|20
|callback|decision
|
|-activate|p1a: Theodore|confusion
|move|p1a: Theodore|Thunderbolt|p2a: Jirachi
|-damage|p2a: Jirachi|0 fnt
|-damage|p1a: Theodore|3\/299|[from] item: Life Orb
|faint|p2a: Jirachi
|
|-weather|RainDance|[upkeep]
|callback|decision
|
|switch|p2a: Latios|Latios, M|302\/302 slp
|turn|21
|callback|decision
|
|-activate|p1a: Theodore|confusion
|-damage|p1a: Theodore|0 fnt|[from] confusion
|faint|p1a: Theodore
|cant|p2a: Latios|slp
|
|-weather|RainDance|[upkeep]
|callback|decision
|
|switch|p1a: PLEASE DIE|Gengar, F|262\/262
|turn|22
|callback|decision
|
|move|p1a: PLEASE DIE|Shadow Ball|p2a: Latios
|-crit|p2a: Latios
|-supereffective|p2a: Latios
|-enditem|p2a: Latios|Focus Sash
|-damage|p2a: Latios|1\/302 slp
|-curestatus|p2a: Latios|slp
|move|p2a: Latios|Thunder|p1a: PLEASE DIE
|-damage|p1a: PLEASE DIE|86\/262
|-status|p1a: PLEASE DIE|par
|
|-weather|RainDance|[upkeep]
|turn|23
|callback|decision
|
|move|p2a: Latios|Trick|p1a: PLEASE DIE
|-activate|p2a: Latios|move: Trick|[of] p1a: PLEASE DIE
|-item|p2a: Latios|Choice Scarf|[from] move: Trick
|move|p1a: PLEASE DIE|Shadow Ball|p2a: Latios
|-supereffective|p2a: Latios
|-damage|p2a: Latios|0 fnt
|faint|p2a: Latios
|
|-weather|RainDance|[upkeep]
|callback|decision
|
|switch|p2a: Dragonite|Dragonite, M|372\/386
|turn|24
|callback|decision
|
|move|p2a: Dragonite|Substitute|p2a: Dragonite
|-start|p2a: Dragonite|Substitute
|-damage|p2a: Dragonite|276\/386
|cant|p1a: PLEASE DIE|par
|
|-weather|RainDance|[upkeep]
|-heal|p2a: Dragonite|300\/386|[from] item: Leftovers
|turn|25
|callback|decision
|
|move|p2a: Dragonite|Dragon Dance|p2a: Dragonite
|-boost|p2a: Dragonite|atk|1
|-boost|p2a: Dragonite|spe|1
|cant|p1a: PLEASE DIE|par
|
|-weather|RainDance|[upkeep]
|-heal|p2a: Dragonite|324\/386|[from] item: Leftovers
|turn|26
|callback|decision
|chat|i am NOT suicidal!|damn close one. hax loves u
|
|move|p2a: Dragonite|Dragon Dance|p2a: Dragonite
|-boost|p2a: Dragonite|atk|1
|-boost|p2a: Dragonite|spe|1
|cant|p1a: PLEASE DIE|par
|
|-weather|RainDance|[upkeep]
|-heal|p2a: Dragonite|348\/386|[from] item: Leftovers
|turn|27
|callback|decision
|chat|Fenix-|suck my fiucking dick nigga
|chat|Fenix-|I owned you
|
|move|p2a: Dragonite|Dragon Dance|p2a: Dragonite
|-boost|p2a: Dragonite|atk|1
|-boost|p2a: Dragonite|spe|1
|move|p1a: PLEASE DIE|Hidden Power|p2a: Dragonite
|-supereffective|p2a: Dragonite
|-end|p2a: Dragonite|Substitute
|
|-weather|RainDance|[upkeep]
|-heal|p2a: Dragonite|372\/386|[from] item: Leftovers
|turn|28
|callback|decision
|chat|i am NOT suicidal!|if luck wasn't in your favor i would have won though
|chat|Fenix-|yeah yeah yeah
|chat|Fenix-|wherever
|
|move|p2a: Dragonite|Substitute|p2a: Dragonite
|-start|p2a: Dragonite|Substitute
|-damage|p2a: Dragonite|276\/386
|move|p1a: PLEASE DIE|Hidden Power|p2a: Dragonite
|-supereffective|p2a: Dragonite
|-end|p2a: Dragonite|Substitute
|
|-weather|RainDance|[upkeep]
|-heal|p2a: Dragonite|300\/386|[from] item: Leftovers
|turn|29
|callback|decision
|chat|i am NOT suicidal!|i got paralyzed like 3 times haha
|
|move|p2a: Dragonite|Substitute|p2a: Dragonite
|-start|p2a: Dragonite|Substitute
|-damage|p2a: Dragonite|204\/386
|move|p1a: PLEASE DIE|Hidden Power|p2a: Dragonite
|-supereffective|p2a: Dragonite
|-end|p2a: Dragonite|Substitute
|
|-weather|RainDance|[upkeep]
|-heal|p2a: Dragonite|228\/386|[from] item: Leftovers
|turn|30
|callback|decision
|
|move|p2a: Dragonite|Roost|p2a: Dragonite
|-heal|p2a: Dragonite|386\/386
|move|p1a: PLEASE DIE|Hidden Power|p2a: Dragonite
|-supereffective|p2a: Dragonite
|-damage|p2a: Dragonite|311\/386
|
|-weather|RainDance|[upkeep]
|-heal|p2a: Dragonite|335\/386|[from] item: Leftovers
|turn|31
|callback|decision
|
|switch|p1a: cutie pie|Breloom, F|261\/261
|move|p2a: Dragonite|Substitute|p2a: Dragonite
|-start|p2a: Dragonite|Substitute
|-damage|p2a: Dragonite|239\/386
|
|-weather|RainDance|[upkeep]
|-heal|p2a: Dragonite|263\/386|[from] item: Leftovers
|turn|32
|callback|decision
|chat|i am NOT suicidal!|oh well
|chat|i am NOT suicidal!|everyone loses to hax
|-message|i am NOT suicidal! forfeited.
|
|win|Fenix-
|raw|Ladder updating...
|leave|i am NOT suicidal!
|player|p1
|raw|i am NOT suicidal!'s rating: 1885 &rarr; <strong>1855<\/strong><br \/>(-30 for losing)
|raw|Fenix-'s rating: 2041 &rarr; <strong>2046<\/strong><br \/>(+5 for winning)