|join|Lind_U.
|join|Fenix-
|player|p1|Lind_U.|163
|player|p2|Fenix-|169
|gametype|singles
|tier|[Gen 5] OU
|rated
|rule|Evasion Abilities Clause: Evasion abilities are banned
|clearpoke
|poke|p1|Tyranitar, M, shiny
|poke|p1|Breloom, F
|poke|p1|Heatran, F
|poke|p1|Garchomp, M, shiny
|poke|p1|Starmie, shiny
|poke|p1|Sableye, F
|poke|p2|Politoed, F
|poke|p2|Dugtrio, F
|poke|p2|Jirachi
|poke|p2|Tentacruel, F
|poke|p2|Latios, M
|poke|p2|Dragonite, M
|rule|Sleep Clause Mod: Limit one foe put to sleep
|rule|Species Clause: Limit one of each Pokemon
|rule|OHKO Clause: OHKO moves are banned
|rule|Moody Clause: Moody is banned
|rule|Evasion Moves Clause: Evasion moves are banned
|rule|HP Percentage Mod: HP is reported as percentages
|teampreview
|callback|decision
|
|start
|switch|p1a: Hyperion|Tyranitar, M, shiny|341\/341
|switch|p2a: Latios|Latios, M|302\/302
|-weather|Sandstorm|[from] ability: Sand Stream|[of] p1a: Hyperion
|turn|1
|callback|decision
|
|switch|p2a: Dugtrio|Dugtrio, F|211\/211
|move|p1a: Hyperion|Crunch|p2a: Dugtrio
|-enditem|p2a: Dugtrio|Focus Sash
|-damage|p2a: Dugtrio|1\/211
|
|-weather|Sandstorm|[upkeep]
|turn|2
|callback|decision
|
|move|p2a: Dugtrio|Reversal|p1a: Hyperion
|-supereffective|p1a: Hyperion
|-enditem|p1a: Hyperion|Focus Sash
|-damage|p1a: Hyperion|1\/341
|move|p1a: Hyperion|Ice Beam|p2a: Dugtrio
|-supereffective|p2a: Dugtrio
|-damage|p2a: Dugtrio|0 fnt
|faint|p2a: Dugtrio
|
|-weather|Sandstorm|[upkeep]
|callback|decision
|
|switch|p2a: Tentacruel|Tentacruel, F|363\/363
|turn|3
|callback|decision
|
|switch|p1a: Kurayami|Sableye, F|304\/304
|move|p2a: Tentacruel|Scald|p1a: Kurayami
|-damage|p1a: Kurayami|228\/304
|
|-weather|Sandstorm|[upkeep]
|-damage|p2a: Tentacruel|341\/363|[from] sandstorm
|-damage|p1a: Kurayami|209\/304|[from] sandstorm
|-heal|p2a: Tentacruel|363\/363|[from] item: Black Sludge
|-heal|p1a: Kurayami|228\/304|[from] item: Leftovers
|turn|4
|callback|decision
|
|move|p1a: Kurayami|Taunt|p2a: Tentacruel
|-start|p2a: Tentacruel|move: Taunt
|cant|p2a: Tentacruel|move: Taunt|Toxic
|
|-weather|Sandstorm|[upkeep]
|-damage|p2a: Tentacruel|341\/363|[from] sandstorm
|-damage|p1a: Kurayami|209\/304|[from] sandstorm
|-heal|p2a: Tentacruel|363\/363|[from] item: Black Sludge
|-heal|p1a: Kurayami|228\/304|[from] item: Leftovers
|turn|5
|callback|decision
|
|switch|p2a: Politoed|Politoed, F|384\/384
|-weather|RainDance|[from] ability: Drizzle|[of] p2a: Politoed
|move|p1a: Kurayami|Will-O-Wisp|p2a: Politoed
|-status|p2a: Politoed|brn
|
|-weather|RainDance|[upkeep]
|-heal|p1a: Kurayami|247\/304|[from] item: Leftovers
|-damage|p2a: Politoed|336\/384 brn|[from] brn
|turn|6
|callback|decision
|
|move|p2a: Politoed|Scald|p1a: Kurayami
|-damage|p1a: Kurayami|126\/304
|move|p1a: Kurayami|Foul Play|p2a: Politoed
|-damage|p2a: Politoed|266\/384 brn
|
|-weather|RainDance|[upkeep]
|-heal|p2a: Politoed|290\/384 brn|[from] item: Leftovers
|-heal|p1a: Kurayami|145\/304|[from] item: Leftovers
|-damage|p2a: Politoed|242\/384 brn|[from] brn
|turn|7
|callback|decision
|
|move|p1a: Kurayami|Recover|p1a: Kurayami
|-heal|p1a: Kurayami|297\/304
|move|p2a: Politoed|Toxic|p1a: Kurayami
|-status|p1a: Kurayami|tox
|
|-weather|RainDance|[upkeep]
|-heal|p2a: Politoed|266\/384 brn|[from] item: Leftovers
|-heal|p1a: Kurayami|304\/304 tox|[from] item: Leftovers
|-damage|p2a: Politoed|218\/384 brn|[from] brn
|-damage|p1a: Kurayami|285\/304 tox|[from] psn
|turn|8
|callback|decision
|
|switch|p1a: Bagram|Breloom, F|262\/262
|move|p2a: Politoed|Scald|p1a: Bagram
|-resisted|p1a: Bagram
|-damage|p1a: Bagram|160\/262
|-status|p1a: Bagram|brn
|
|-weather|RainDance|[upkeep]
|-heal|p2a: Politoed|242\/384 brn|[from] item: Leftovers
|-damage|p1a: Bagram|128\/262 brn|[from] brn
|-damage|p2a: Politoed|194\/384 brn|[from] brn
|turn|9
|callback|decision
|
|move|p1a: Bagram|Spore|p2a: Politoed
|-fail|p2a: Politoed
|move|p2a: Politoed|Ice Beam|p1a: Bagram
|-crit|p1a: Bagram
|-supereffective|p1a: Bagram
|-damage|p1a: Bagram|0 fnt
|faint|p1a: Bagram
|
|-weather|RainDance|[upkeep]
|-heal|p2a: Politoed|218\/384 brn|[from] item: Leftovers
|-damage|p2a: Politoed|170\/384 brn|[from] brn
|callback|decision
|
|switch|p1a: Kamikokuryou|Starmie, shiny|261\/261
|turn|10
|callback|decision
|
|switch|p2a: Latios|Latios, M|302\/302
|move|p1a: Kamikokuryou|Thunderbolt|p2a: Latios
|-resisted|p2a: Latios
|-damage|p2a: Latios|246\/302
|
|-weather|RainDance|[upkeep]
|turn|11
|callback|decision
|
|move|p2a: Latios|Draco Meteor|p1a: Kamikokuryou
|-damage|p1a: Kamikokuryou|0 fnt
|-unboost|p2a: Latios|spa|2
|faint|p1a: Kamikokuryou
|
|-weather|RainDance|[upkeep]
|callback|decision
|
|switch|p1a: Jigoku|Heatran, F|323\/323
|-item|p1a: Jigoku|Air Balloon
|turn|12
|callback|decision
|
|switch|p2a: Tentacruel|Tentacruel, F|363\/363
|move|p1a: Jigoku|Stealth Rock|p2a: Tentacruel
|-sidestart|p2: Fenix-|move: Stealth Rock
|
|-weather|RainDance|[upkeep]
|turn|13
|callback|decision
|
|switch|p1a: Kurayami|Sableye, F|285\/304 tox
|move|p2a: Tentacruel|Rapid Spin|p1a: Kurayami
|-immune|p1a: Kurayami|[msg]
|
|-weather|RainDance|[upkeep]
|-heal|p1a: Kurayami|304\/304 tox|[from] item: Leftovers
|-damage|p1a: Kurayami|285\/304 tox|[from] psn
|turn|14
|callback|decision
|
|move|p2a: Tentacruel|Protect|p2a: Tentacruel
|-singleturn|p2a: Tentacruel|Protect
|move|p1a: Kurayami|Will-O-Wisp|p2a: Tentacruel
|-activate|p2a: Tentacruel|Protect
|
|-weather|RainDance|[upkeep]
|-heal|p1a: Kurayami|304\/304 tox|[from] item: Leftovers
|-damage|p1a: Kurayami|266\/304 tox|[from] psn
|turn|15
|callback|decision
|
|switch|p2a: Politoed|Politoed, F|170\/384 brn
|-damage|p2a: Politoed|122\/384 brn|[from] Stealth Rock
|move|p1a: Kurayami|Taunt|p2a: Politoed
|-start|p2a: Politoed|move: Taunt
|
|-weather|RainDance|[upkeep]
|-heal|p2a: Politoed|146\/384 brn|[from] item: Leftovers
|-heal|p1a: Kurayami|285\/304 tox|[from] item: Leftovers
|-damage|p2a: Politoed|98\/384 brn|[from] brn
|-damage|p1a: Kurayami|228\/304 tox|[from] psn
|turn|16
|callback|decision
|
|switch|p2a: Tentacruel|Tentacruel, F|363\/363
|-damage|p2a: Tentacruel|318\/363|[from] Stealth Rock
|move|p1a: Kurayami|Foul Play|p2a: Tentacruel
|-damage|p2a: Tentacruel|251\/363
|
|-weather|RainDance|[upkeep]
|-heal|p2a: Tentacruel|273\/363|[from] ability: Rain Dish
|-heal|p2a: Tentacruel|295\/363|[from] item: Black Sludge
|-heal|p1a: Kurayami|247\/304 tox|[from] item: Leftovers
|-damage|p1a: Kurayami|171\/304 tox|[from] psn
|turn|17
|callback|decision
|
|move|p1a: Kurayami|Will-O-Wisp|p2a: Tentacruel
|-status|p2a: Tentacruel|brn
|move|p2a: Tentacruel|Scald|p1a: Kurayami
|-damage|p1a: Kurayami|69\/304 tox
|
|-weather|RainDance|[upkeep]
|-heal|p2a: Tentacruel|317\/363 brn|[from] ability: Rain Dish
|-heal|p2a: Tentacruel|339\/363 brn|[from] item: Black Sludge
|-heal|p1a: Kurayami|88\/304 tox|[from] item: Leftovers
|-damage|p2a: Tentacruel|294\/363 brn|[from] brn
|-damage|p1a: Kurayami|0 fnt|[from] psn
|faint|p1a: Kurayami
|callback|decision
|
|switch|p1a: Thanatos|Garchomp, M, shiny|358\/358
|turn|18
|callback|decision
|
|switch|p2a: Latios|Latios, M|246\/302
|-damage|p2a: Latios|209\/302|[from] Stealth Rock
|move|p1a: Thanatos|Dual Chop|p2a: Latios
|-crit|p2a: Latios
|-supereffective|p2a: Latios
|-damage|p2a: Latios|0 fnt
|-hitcount|p2a: Latios|1
|faint|p2a: Latios
|
|-weather|RainDance|[upkeep]
|callback|decision
|
|switch|p2a: Jirachi|Jirachi|404\/404
|-damage|p2a: Jirachi|379\/404|[from] Stealth Rock
|turn|19
|callback|decision
|
|switch|p1a: Jigoku|Heatran, F|323\/323
|-item|p1a: Jigoku|Air Balloon
|move|p2a: Jirachi|Substitute|p2a: Jirachi
|-start|p2a: Jirachi|Substitute
|-damage|p2a: Jirachi|278\/404
|
|-weather|RainDance|[upkeep]
|-heal|p2a: Jirachi|303\/404|[from] item: Leftovers
|turn|20
|callback|decision
|
|move|p2a: Jirachi|Thunder|p1a: Jigoku
|-damage|p1a: Jigoku|232\/323
|-enditem|p1a: Jigoku|Air Balloon
|-status|p1a: Jigoku|par
|move|p1a: Jigoku|Earth Power|p2a: Jirachi
|-crit|p2a: Jirachi
|-supereffective|p2a: Jirachi
|-end|p2a: Jirachi|Substitute
|
|-weather|RainDance|[upkeep]
|-heal|p2a: Jirachi|328\/404|[from] item: Leftovers
|turn|21
|callback|decision
|
|move|p2a: Jirachi|Substitute|p2a: Jirachi
|-start|p2a: Jirachi|Substitute
|-damage|p2a: Jirachi|227\/404
|cant|p1a: Jigoku|par
|
|-weather|RainDance|[upkeep]
|-heal|p2a: Jirachi|252\/404|[from] item: Leftovers
|turn|22
|callback|decision
|
|move|p2a: Jirachi|Water Pulse|p1a: Jigoku
|-supereffective|p1a: Jigoku
|-damage|p1a: Jigoku|92\/323 par
|move|p1a: Jigoku|Earth Power|p2a: Jirachi
|-supereffective|p2a: Jirachi
|-end|p2a: Jirachi|Substitute
|
|-weather|RainDance|[upkeep]
|-heal|p2a: Jirachi|277\/404|[from] item: Leftovers
|turn|23
|callback|decision
|
|move|p2a: Jirachi|Substitute|p2a: Jirachi
|-start|p2a: Jirachi|Substitute
|-damage|p2a: Jirachi|176\/404
|move|p1a: Jigoku|Earth Power|p2a: Jirachi
|-supereffective|p2a: Jirachi
|-end|p2a: Jirachi|Substitute
|
|-weather|RainDance|[upkeep]
|-heal|p2a: Jirachi|201\/404|[from] item: Leftovers
|turn|24
|callback|decision
|
|switch|p2a: Tentacruel|Tentacruel, F|294\/363 brn
|-damage|p2a: Tentacruel|249\/363 brn|[from] Stealth Rock
|move|p1a: Jigoku|Earth Power|p2a: Tentacruel
|-crit|p2a: Tentacruel
|-supereffective|p2a: Tentacruel
|-damage|p2a: Tentacruel|0 fnt
|faint|p2a: Tentacruel
|
|-weather|RainDance|[upkeep]
|callback|decision
|
|switch|p2a: Dragonite|Dragonite, M|386\/386
|-damage|p2a: Dragonite|290\/386|[from] Stealth Rock
|turn|25
|callback|decision
|
|move|p2a: Dragonite|Substitute|p2a: Dragonite
|-start|p2a: Dragonite|Substitute
|-damage|p2a: Dragonite|194\/386
|cant|p1a: Jigoku|par
|
|-weather|RainDance|[upkeep]
|-heal|p2a: Dragonite|218\/386|[from] item: Leftovers
|turn|26
|callback|decision
|
|switch|p1a: Thanatos|Garchomp, M, shiny|358\/358
|move|p2a: Dragonite|Dragon Dance|p2a: Dragonite
|-boost|p2a: Dragonite|atk|1
|-boost|p2a: Dragonite|spe|1
|
|-weather|RainDance|[upkeep]
|-heal|p2a: Dragonite|242\/386|[from] item: Leftovers
|turn|27
|callback|decision
|
|move|p1a: Thanatos|Dual Chop|p2a: Dragonite
|-supereffective|p2a: Dragonite
|-end|p2a: Dragonite|Substitute
|-supereffective|p2a: Dragonite
|-damage|p2a: Dragonite|104\/386
|-hitcount|p2a: Dragonite|2
|move|p2a: Dragonite|Roost|p2a: Dragonite
|-heal|p2a: Dragonite|297\/386
|
|-weather|RainDance|[upkeep]
|-heal|p2a: Dragonite|321\/386|[from] item: Leftovers
|turn|28
|callback|decision
|chat|Fenix-|ddance though...
|chat|Fenix-|shit
|
|switch|p2a: Politoed|Politoed, F|98\/384 brn
|-damage|p2a: Politoed|50\/384 brn|[from] Stealth Rock
|move|p1a: Thanatos|Dual Chop|p2a: Politoed
|-damage|p2a: Politoed|0 fnt
|-hitcount|p2a: Politoed|1
|faint|p2a: Politoed
|
|-weather|RainDance|[upkeep]
|callback|decision
|
|switch|p2a: Jirachi|Jirachi|201\/404
|-damage|p2a: Jirachi|176\/404|[from] Stealth Rock
|turn|29
|callback|decision
|
|switch|p1a: Hyperion|Tyranitar, M, shiny|1\/341
|-weather|Sandstorm|[from] ability: Sand Stream|[of] p1a: Hyperion
|move|p2a: Jirachi|Substitute|p2a: Jirachi
|-start|p2a: Jirachi|Substitute
|-damage|p2a: Jirachi|75\/404
|
|-weather|Sandstorm|[upkeep]
|-heal|p2a: Jirachi|100\/404|[from] item: Leftovers
|turn|30
|callback|decision
|
|move|p2a: Jirachi|Water Pulse|p1a: Hyperion
|-supereffective|p1a: Hyperion
|-damage|p1a: Hyperion|0 fnt
|faint|p1a: Hyperion
|
|-weather|Sandstorm|[upkeep]
|-heal|p2a: Jirachi|125\/404|[from] item: Leftovers
|callback|decision
|
|switch|p1a: Jigoku|Heatran, F|92\/323 par
|turn|31
|callback|decision
|
|move|p2a: Jirachi|Water Pulse|p1a: Jigoku
|-supereffective|p1a: Jigoku
|-damage|p1a: Jigoku|2\/323 par
|-start|p1a: Jigoku|confusion
|cant|p1a: Jigoku|par
|
|-weather|Sandstorm|[upkeep]
|-heal|p2a: Jirachi|150\/404|[from] item: Leftovers
|turn|32
|callback|decision
|chat|Lind_U.|dammit
|chat|Lind_U.|surviving for fucking NOTHING
|
|move|p2a: Jirachi|Water Pulse|p1a: Jigoku
|-supereffective|p1a: Jigoku
|-damage|p1a: Jigoku|0 fnt
|faint|p1a: Jigoku
|
|-weather|Sandstorm|[upkeep]
|-heal|p2a: Jirachi|175\/404|[from] item: Leftovers
|callback|decision
|
|switch|p1a: Thanatos|Garchomp, M, shiny|358\/358
|turn|33
|callback|decision
|
|move|p1a: Thanatos|Outrage|p2a: Jirachi
|-resisted|p2a: Jirachi
|-activate|p2a: Jirachi|Substitute|[damage]
|move|p2a: Jirachi|Water Pulse|p1a: Thanatos
|-damage|p1a: Thanatos|294\/358
|-start|p1a: Thanatos|confusion
|
|-weather|Sandstorm|[upkeep]
|-heal|p2a: Jirachi|200\/404|[from] item: Leftovers
|turn|34
|callback|decision
|
|-activate|p1a: Thanatos|confusion
|-damage|p1a: Thanatos|245\/358|[from] confusion
|move|p2a: Jirachi|Water Pulse|p1a: Thanatos
|-damage|p1a: Thanatos|180\/358
|
|-weather|Sandstorm|[upkeep]
|-heal|p2a: Jirachi|225\/404|[from] item: Leftovers
|turn|35
|callback|decision
|
|-activate|p1a: Thanatos|confusion
|-damage|p1a: Thanatos|126\/358|[from] confusion
|move|p2a: Jirachi|Water Pulse|p1a: Thanatos
|-damage|p1a: Thanatos|59\/358
|
|-weather|Sandstorm|[upkeep]
|-heal|p2a: Jirachi|250\/404|[from] item: Leftovers
|turn|36
|callback|decision
|chat|Fenix-|gg
|chat|Lind_U.|gg
|
|-end|p1a: Thanatos|confusion
|move|p1a: Thanatos|Outrage|p2a: Jirachi
|-resisted|p2a: Jirachi
|-end|p2a: Jirachi|Substitute
|move|p2a: Jirachi|Water Pulse|p1a: Thanatos
|-damage|p1a: Thanatos|0 fnt
|faint|p1a: Thanatos
|
|win|Fenix-
|raw|Ladder updating...
|raw|Lind_U.'s rating: 1990 &rarr; <strong>1987<\/strong><br \/>(-3 for losing)
|raw|Fenix-'s rating: 2027 &rarr; <strong>2035<\/strong><br \/>(+8 for winning)
|leave|Lind_U.
|player|p1