|join|stargirl
|join|Fenix-
|player|p1|stargirl|23
|player|p2|Fenix-|1
|gametype|singles
|gen|5
|tier|[Gen 5] OU
|rated
|rule|Evasion Abilities Clause: Evasion abilities are banned
|clearpoke
|poke|p1|Hippowdon, F
|poke|p1|Forretress, M
|poke|p1|Skarmory, F
|poke|p1|Gothitelle, M
|poke|p1|Blissey, F
|poke|p1|Amoonguss, M
|poke|p2|Landorus-Therian, M
|poke|p2|Politoed, M
|poke|p2|Celebi
|poke|p2|Kyurem
|poke|p2|Jirachi
|poke|p2|Tentacruel, M
|rule|Sleep Clause Mod: Limit one foe put to sleep
|rule|Species Clause: Limit one of each PokÃ©mon
|rule|OHKO Clause: OHKO moves are banned
|rule|Moody Clause: Moody is banned
|rule|Evasion Moves Clause: Evasion moves are banned
|rule|Endless Battle Clause: Forcing endless battles is banned
|rule|HP Percentage Mod: HP is shown in percentages
|teampreview
|c|âstargirl|gl
|
|start
|switch|p1a: Hippowdon|Hippowdon, F|420\/420
|switch|p2a: Kyurem|Kyurem|404\/404
|-ability|p2a: Kyurem|Pressure
|-weather|Sandstorm|[from] ability: Sand Stream|[of] p1a: Hippowdon
|turn|1
|
|switch|p1a: Blissey|Blissey, F|652\/652
|move|p2a: Kyurem|Ice Beam|p1a: Blissey
|-damage|p1a: Blissey|526\/652
|
|-weather|Sandstorm|[upkeep]
|-damage|p2a: Kyurem|379\/404|[from] sandstorm
|-damage|p1a: Blissey|486\/652|[from] sandstorm
|-heal|p2a: Kyurem|404\/404|[from] item: Leftovers
|-heal|p1a: Blissey|526\/652|[from] item: Leftovers
|turn|2
|
|switch|p2a: Landorus-Therian|Landorus-Therian, M|380\/380
|-ability|p2a: Landorus-Therian|Intimidate|[of] p1a: Blissey
|-unboost|p1a: Blissey|atk|1
|move|p1a: Blissey|Wish|p1a: Blissey
|
|-weather|Sandstorm|[upkeep]
|-damage|p1a: Blissey|486\/652|[from] sandstorm
|-heal|p1a: Blissey|526\/652|[from] item: Leftovers
|turn|3
|
|switch|p1a: Hippowdon|Hippowdon, F|420\/420
|move|p2a: Landorus-Therian|Stealth Rock|p1a: Hippowdon
|-sidestart|p1: stargirl|move: Stealth Rock
|
|-weather|Sandstorm|[upkeep]
|turn|4
|
|move|p2a: Landorus-Therian|U-turn|p1a: Hippowdon
|-damage|p1a: Hippowdon|371\/420
|
|switch|p2a: Kyurem|Kyurem|404\/404
|-ability|p2a: Kyurem|Pressure
|move|p1a: Hippowdon|Stealth Rock|p2a: Kyurem
|-sidestart|p2: Fenix-|move: Stealth Rock
|
|-weather|Sandstorm|[upkeep]
|-damage|p2a: Kyurem|379\/404|[from] sandstorm
|-heal|p2a: Kyurem|404\/404|[from] item: Leftovers
|-heal|p1a: Hippowdon|397\/420|[from] item: Leftovers
|turn|5
|
|switch|p2a: Tentacruel|Tentacruel, M|364\/364
|-damage|p2a: Tentacruel|319\/364|[from] Stealth Rock
|switch|p1a: Blissey|Blissey, F|526\/652
|-damage|p1a: Blissey|445\/652|[from] Stealth Rock
|
|-weather|Sandstorm|[upkeep]
|-damage|p2a: Tentacruel|297\/364|[from] sandstorm
|-damage|p1a: Blissey|405\/652|[from] sandstorm
|-heal|p2a: Tentacruel|319\/364|[from] item: Black Sludge
|-heal|p1a: Blissey|445\/652|[from] item: Leftovers
|turn|6
|
|switch|p1a: Gothitelle|Gothitelle, M|323\/323
|-damage|p1a: Gothitelle|283\/323|[from] Stealth Rock
|move|p2a: Tentacruel|Rapid Spin|p1a: Gothitelle
|-crit|p1a: Gothitelle
|-damage|p1a: Gothitelle|258\/323
|-sideend|p2: Fenix-|Stealth Rock|[from] move: Rapid Spin|[of] p2a: Tentacruel
|
|-weather|Sandstorm|[upkeep]
|-damage|p2a: Tentacruel|297\/364|[from] sandstorm
|-damage|p1a: Gothitelle|238\/323|[from] sandstorm
|-heal|p2a: Tentacruel|319\/364|[from] item: Black Sludge
|turn|7
|
|move|p2a: Tentacruel|Protect|p2a: Tentacruel
|-singleturn|p2a: Tentacruel|Protect
|move|p1a: Gothitelle|Psyshock|p2a: Tentacruel
|-activate|p2a: Tentacruel|Protect
|
|-weather|Sandstorm|[upkeep]
|-damage|p2a: Tentacruel|297\/364|[from] sandstorm
|-damage|p1a: Gothitelle|218\/323|[from] sandstorm
|-heal|p2a: Tentacruel|319\/364|[from] item: Black Sludge
|turn|8
|
|move|p2a: Tentacruel|Scald|p1a: Gothitelle
|-damage|p1a: Gothitelle|149\/323
|move|p1a: Gothitelle|Psyshock|p2a: Tentacruel
|-supereffective|p2a: Tentacruel
|-damage|p2a: Tentacruel|0 fnt
|faint|p2a: Tentacruel
|
|-weather|Sandstorm|[upkeep]
|-damage|p1a: Gothitelle|129\/323|[from] sandstorm
|
|switch|p2a: Politoed|Politoed, M|322\/322
|-weather|RainDance|[from] ability: Drizzle|[of] p2a: Politoed
|turn|9
|
|move|p2a: Politoed|Scald|p1a: Gothitelle
|-damage|p1a: Gothitelle|0 fnt
|faint|p1a: Gothitelle
|
|-weather|RainDance|[upkeep]
|
|switch|p1a: Blissey|Blissey, F|445\/652
|-damage|p1a: Blissey|364\/652|[from] Stealth Rock
|turn|10
|
|switch|p2a: Jirachi|Jirachi|404\/404
|move|p1a: Blissey|Soft-Boiled|p1a: Blissey
|-heal|p1a: Blissey|652\/652
|
|-weather|RainDance|[upkeep]
|turn|11
|
|switch|p1a: Hippowdon|Hippowdon, F|397\/420
|-damage|p1a: Hippowdon|371\/420|[from] Stealth Rock
|-weather|Sandstorm|[from] ability: Sand Stream|[of] p1a: Hippowdon
|move|p2a: Jirachi|Calm Mind|p2a: Jirachi
|-boost|p2a: Jirachi|spa|1
|-boost|p2a: Jirachi|spd|1
|
|-weather|Sandstorm|[upkeep]
|-heal|p1a: Hippowdon|397\/420|[from] item: Leftovers
|turn|12
|
|switch|p2a: Kyurem|Kyurem|404\/404
|-ability|p2a: Kyurem|Pressure
|move|p1a: Hippowdon|Earthquake|p2a: Kyurem
|-crit|p2a: Kyurem
|-damage|p2a: Kyurem|109\/404
|
|-weather|Sandstorm|[upkeep]
|-damage|p2a: Kyurem|84\/404|[from] sandstorm
|-heal|p2a: Kyurem|109\/404|[from] item: Leftovers
|-heal|p1a: Hippowdon|420\/420|[from] item: Leftovers
|turn|13
|
|switch|p1a: Forretress|Forretress, M|354\/354
|-damage|p1a: Forretress|310\/354|[from] Stealth Rock
|move|p2a: Kyurem|Ice Beam|p1a: Forretress
|-resisted|p1a: Forretress
|-damage|p1a: Forretress|213\/354
|
|-weather|Sandstorm|[upkeep]
|-damage|p2a: Kyurem|84\/404|[from] sandstorm
|-heal|p2a: Kyurem|109\/404|[from] item: Leftovers
|-heal|p1a: Forretress|235\/354|[from] item: Leftovers
|turn|14
|
|move|p2a: Kyurem|Earth Power|p1a: Forretress
|-damage|p1a: Forretress|115\/354
|move|p1a: Forretress|Rapid Spin|p2a: Kyurem
|-damage|p2a: Kyurem|94\/404
|-sideend|p1: stargirl|Stealth Rock|[from] move: Rapid Spin|[of] p1a: Forretress
|
|-weather|Sandstorm|[upkeep]
|-damage|p2a: Kyurem|69\/404|[from] sandstorm
|-heal|p2a: Kyurem|94\/404|[from] item: Leftovers
|-heal|p1a: Forretress|137\/354|[from] item: Leftovers
|turn|15
|
|switch|p1a: Blissey|Blissey, F|652\/652
|move|p2a: Kyurem|Roost|p2a: Kyurem
|-heal|p2a: Kyurem|296\/404
|
|-weather|Sandstorm|[upkeep]
|-damage|p2a: Kyurem|271\/404|[from] sandstorm
|-damage|p1a: Blissey|612\/652|[from] sandstorm
|-heal|p2a: Kyurem|296\/404|[from] item: Leftovers
|-heal|p1a: Blissey|652\/652|[from] item: Leftovers
|turn|16
|
|move|p2a: Kyurem|Substitute|p2a: Kyurem
|-start|p2a: Kyurem|Substitute
|-damage|p2a: Kyurem|195\/404
|move|p1a: Blissey|Toxic|p2a: Kyurem|[miss]
|-miss|p1a: Blissey|p2a: Kyurem
|
|-weather|Sandstorm|[upkeep]
|-damage|p2a: Kyurem|170\/404|[from] sandstorm
|-damage|p1a: Blissey|612\/652|[from] sandstorm
|-heal|p2a: Kyurem|195\/404|[from] item: Leftovers
|-heal|p1a: Blissey|652\/652|[from] item: Leftovers
|turn|17
|
|move|p2a: Kyurem|Roost|p2a: Kyurem
|-heal|p2a: Kyurem|397\/404
|move|p1a: Blissey|Seismic Toss|p2a: Kyurem
|-activate|p2a: Kyurem|Substitute|[damage]
|
|-weather|Sandstorm|[upkeep]
|-damage|p2a: Kyurem|372\/404|[from] sandstorm
|-damage|p1a: Blissey|612\/652|[from] sandstorm
|-heal|p2a: Kyurem|397\/404|[from] item: Leftovers
|-heal|p1a: Blissey|652\/652|[from] item: Leftovers
|turn|18
|
|move|p2a: Kyurem|Earth Power|p1a: Blissey
|-damage|p1a: Blissey|575\/652
|move|p1a: Blissey|Seismic Toss|p2a: Kyurem
|-end|p2a: Kyurem|Substitute
|
|-weather|Sandstorm|[upkeep]
|-damage|p2a: Kyurem|372\/404|[from] sandstorm
|-damage|p1a: Blissey|535\/652|[from] sandstorm
|-heal|p2a: Kyurem|397\/404|[from] item: Leftovers
|-heal|p1a: Blissey|575\/652|[from] item: Leftovers
|turn|19
|
|move|p2a: Kyurem|Substitute|p2a: Kyurem
|-start|p2a: Kyurem|Substitute
|-damage|p2a: Kyurem|296\/404
|move|p1a: Blissey|Wish|p1a: Blissey
|
|-weather|Sandstorm|[upkeep]
|-damage|p2a: Kyurem|271\/404|[from] sandstorm
|-damage|p1a: Blissey|535\/652|[from] sandstorm
|-heal|p2a: Kyurem|296\/404|[from] item: Leftovers
|-heal|p1a: Blissey|575\/652|[from] item: Leftovers
|turn|20
|
|move|p2a: Kyurem|Earth Power|p1a: Blissey
|-damage|p1a: Blissey|498\/652
|move|p1a: Blissey|Seismic Toss|p2a: Kyurem
|-activate|p2a: Kyurem|Substitute|[damage]
|
|-weather|Sandstorm|[upkeep]
|-damage|p2a: Kyurem|271\/404|[from] sandstorm
|-damage|p1a: Blissey|458\/652|[from] sandstorm
|-heal|p1a: Blissey|652\/652|[from] move: Wish|[wisher] Blissey
|-heal|p2a: Kyurem|296\/404|[from] item: Leftovers
|turn|21
|
|move|p2a: Kyurem|Ice Beam|p1a: Blissey
|-damage|p1a: Blissey|537\/652
|move|p1a: Blissey|Wish|p1a: Blissey
|
|-weather|Sandstorm|[upkeep]
|-damage|p2a: Kyurem|271\/404|[from] sandstorm
|-damage|p1a: Blissey|497\/652|[from] sandstorm
|-heal|p2a: Kyurem|296\/404|[from] item: Leftovers
|-heal|p1a: Blissey|537\/652|[from] item: Leftovers
|turn|22
|
|move|p2a: Kyurem|Earth Power|p1a: Blissey
|-damage|p1a: Blissey|468\/652
|move|p1a: Blissey|Seismic Toss|p2a: Kyurem
|-end|p2a: Kyurem|Substitute
|
|-weather|Sandstorm|[upkeep]
|-damage|p2a: Kyurem|271\/404|[from] sandstorm
|-damage|p1a: Blissey|428\/652|[from] sandstorm
|-heal|p1a: Blissey|652\/652|[from] move: Wish|[wisher] Blissey
|-heal|p2a: Kyurem|296\/404|[from] item: Leftovers
|turn|23
|
|move|p2a: Kyurem|Substitute|p2a: Kyurem
|-start|p2a: Kyurem|Substitute
|-damage|p2a: Kyurem|195\/404
|move|p1a: Blissey|Wish|p1a: Blissey
|
|-weather|Sandstorm|[upkeep]
|-damage|p2a: Kyurem|170\/404|[from] sandstorm
|-damage|p1a: Blissey|612\/652|[from] sandstorm
|-heal|p2a: Kyurem|195\/404|[from] item: Leftovers
|-heal|p1a: Blissey|652\/652|[from] item: Leftovers
|turn|24
|
|switch|p1a: Forretress|Forretress, M|137\/354
|move|p2a: Kyurem|Earth Power|p1a: Forretress
|-damage|p1a: Forretress|21\/354
|
|-weather|Sandstorm|[upkeep]
|-damage|p2a: Kyurem|170\/404|[from] sandstorm
|-heal|p1a: Forretress|347\/354|[from] move: Wish|[wisher] Blissey
|-heal|p2a: Kyurem|195\/404|[from] item: Leftovers
|-heal|p1a: Forretress|354\/354|[from] item: Leftovers
|turn|25
|
|move|p2a: Kyurem|Earth Power|p1a: Forretress
|-damage|p1a: Forretress|224\/354
|move|p1a: Forretress|Toxic Spikes|p2a: Kyurem
|-sidestart|p2: Fenix-|move: Toxic Spikes
|
|-weather|Sandstorm|[upkeep]
|-damage|p2a: Kyurem|170\/404|[from] sandstorm
|-heal|p2a: Kyurem|195\/404|[from] item: Leftovers
|-heal|p1a: Forretress|246\/354|[from] item: Leftovers
|turn|26
|
|switch|p1a: Blissey|Blissey, F|652\/652
|move|p2a: Kyurem|Earth Power|p1a: Blissey
|-damage|p1a: Blissey|572\/652
|
|-weather|Sandstorm|[upkeep]
|-damage|p2a: Kyurem|170\/404|[from] sandstorm
|-damage|p1a: Blissey|532\/652|[from] sandstorm
|-heal|p2a: Kyurem|195\/404|[from] item: Leftovers
|-heal|p1a: Blissey|572\/652|[from] item: Leftovers
|turn|27
|
|move|p2a: Kyurem|Roost|p2a: Kyurem
|-heal|p2a: Kyurem|397\/404
|move|p1a: Blissey|Wish|p1a: Blissey
|
|-weather|Sandstorm|[upkeep]
|-damage|p2a: Kyurem|372\/404|[from] sandstorm
|-damage|p1a: Blissey|532\/652|[from] sandstorm
|-heal|p2a: Kyurem|397\/404|[from] item: Leftovers
|-heal|p1a: Blissey|572\/652|[from] item: Leftovers
|turn|28
|
|switch|p1a: Forretress|Forretress, M|246\/354
|move|p2a: Kyurem|Ice Beam|p1a: Forretress
|-resisted|p1a: Forretress
|-damage|p1a: Forretress|147\/354
|-status|p1a: Forretress|frz
|
|-weather|Sandstorm|[upkeep]
|-damage|p2a: Kyurem|372\/404|[from] sandstorm
|-heal|p1a: Forretress|354\/354 frz|[from] move: Wish|[wisher] Blissey
|-heal|p2a: Kyurem|397\/404|[from] item: Leftovers
|turn|29
|
|move|p2a: Kyurem|Earth Power|p1a: Forretress
|-damage|p1a: Forretress|232\/354 frz
|cant|p1a: Forretress|frz
|
|-weather|Sandstorm|[upkeep]
|-damage|p2a: Kyurem|372\/404|[from] sandstorm
|-heal|p2a: Kyurem|397\/404|[from] item: Leftovers
|-heal|p1a: Forretress|254\/354 frz|[from] item: Leftovers
|turn|30
|
|move|p2a: Kyurem|Earth Power|p1a: Forretress
|-damage|p1a: Forretress|136\/354 frz
|-unboost|p1a: Forretress|spd|1
|cant|p1a: Forretress|frz
|
|-weather|Sandstorm|[upkeep]
|-damage|p2a: Kyurem|372\/404|[from] sandstorm
|-heal|p2a: Kyurem|397\/404|[from] item: Leftovers
|-heal|p1a: Forretress|158\/354 frz|[from] item: Leftovers
|turn|31
|
|switch|p1a: Blissey|Blissey, F|572\/652
|move|p2a: Kyurem|Earth Power|p1a: Blissey
|-crit|p1a: Blissey
|-damage|p1a: Blissey|435\/652
|
|-weather|Sandstorm|[upkeep]
|-damage|p2a: Kyurem|372\/404|[from] sandstorm
|-damage|p1a: Blissey|395\/652|[from] sandstorm
|-heal|p2a: Kyurem|397\/404|[from] item: Leftovers
|-heal|p1a: Blissey|435\/652|[from] item: Leftovers
|turn|32
|
|switch|p2a: Landorus-Therian|Landorus-Therian, M|380\/380
|-ability|p2a: Landorus-Therian|Intimidate|[of] p1a: Blissey
|-unboost|p1a: Blissey|atk|1
|move|p1a: Blissey|Soft-Boiled|p1a: Blissey
|-heal|p1a: Blissey|652\/652
|
|-weather|Sandstorm|[upkeep]
|-damage|p1a: Blissey|612\/652|[from] sandstorm
|-heal|p1a: Blissey|652\/652|[from] item: Leftovers
|turn|33
|
|switch|p1a: Hippowdon|Hippowdon, F|420\/420
|move|p2a: Landorus-Therian|Stealth Rock|p1a: Hippowdon
|-sidestart|p1: stargirl|move: Stealth Rock
|
|-weather|Sandstorm|[upkeep]
|turn|34
|
|move|p2a: Landorus-Therian|Earthquake|p1a: Hippowdon
|-damage|p1a: Hippowdon|323\/420
|move|p1a: Hippowdon|Stealth Rock|p2a: Landorus-Therian
|-sidestart|p2: Fenix-|move: Stealth Rock
|
|-weather|Sandstorm|[upkeep]
|-heal|p1a: Hippowdon|349\/420|[from] item: Leftovers
|turn|35
|
|move|p2a: Landorus-Therian|U-turn|p1a: Hippowdon
|-damage|p1a: Hippowdon|297\/420
|
|switch|p2a: Politoed|Politoed, M|322\/322
|-damage|p2a: Politoed|282\/322|[from] Stealth Rock
|-status|p2a: Politoed|psn
|-weather|RainDance|[from] ability: Drizzle|[of] p2a: Politoed
|move|p1a: Hippowdon|Toxic|p2a: Politoed
|-fail|p2a: Politoed
|
|-weather|RainDance|[upkeep]
|-heal|p1a: Hippowdon|323\/420|[from] item: Leftovers
|-damage|p2a: Politoed|242\/322 psn|[from] psn
|turn|36
|
|switch|p2a: Jirachi|Jirachi|404\/404
|-damage|p2a: Jirachi|379\/404|[from] Stealth Rock
|switch|p1a: Blissey|Blissey, F|652\/652
|-damage|p1a: Blissey|571\/652|[from] Stealth Rock
|
|-weather|RainDance|[upkeep]
|-heal|p2a: Jirachi|404\/404|[from] item: Leftovers
|-heal|p1a: Blissey|611\/652|[from] item: Leftovers
|turn|37
|
|move|p2a: Jirachi|Calm Mind|p2a: Jirachi
|-boost|p2a: Jirachi|spa|1
|-boost|p2a: Jirachi|spd|1
|move|p1a: Blissey|Wish|p1a: Blissey
|
|-weather|RainDance|[upkeep]
|-heal|p1a: Blissey|651\/652|[from] item: Leftovers
|turn|38
|
|switch|p1a: Hippowdon|Hippowdon, F|323\/420
|-damage|p1a: Hippowdon|297\/420|[from] Stealth Rock
|-weather|Sandstorm|[from] ability: Sand Stream|[of] p1a: Hippowdon
|move|p2a: Jirachi|Calm Mind|p2a: Jirachi
|-boost|p2a: Jirachi|spa|1
|-boost|p2a: Jirachi|spd|1
|
|-weather|Sandstorm|[upkeep]
|-heal|p1a: Hippowdon|420\/420|[from] move: Wish|[wisher] Blissey
|turn|39
|
|move|p2a: Jirachi|Psychic|p1a: Hippowdon
|-damage|p1a: Hippowdon|132\/420
|move|p1a: Hippowdon|Earthquake|p2a: Jirachi
|-supereffective|p2a: Jirachi
|-damage|p2a: Jirachi|180\/404
|
|-weather|Sandstorm|[upkeep]
|-heal|p2a: Jirachi|205\/404|[from] item: Leftovers
|-heal|p1a: Hippowdon|158\/420|[from] item: Leftovers
|turn|40
|
|switch|p1a: Blissey|Blissey, F|651\/652
|-damage|p1a: Blissey|570\/652|[from] Stealth Rock
|move|p2a: Jirachi|Psychic|p1a: Blissey
|-damage|p1a: Blissey|441\/652
|
|-weather|Sandstorm|[upkeep]
|-damage|p1a: Blissey|401\/652|[from] sandstorm
|-heal|p2a: Jirachi|230\/404|[from] item: Leftovers
|-heal|p1a: Blissey|441\/652|[from] item: Leftovers
|turn|41
|
|move|p2a: Jirachi|Wish|p2a: Jirachi
|move|p1a: Blissey|Seismic Toss|p2a: Jirachi
|-damage|p2a: Jirachi|130\/404
|
|-weather|Sandstorm|[upkeep]
|-damage|p1a: Blissey|401\/652|[from] sandstorm
|-heal|p2a: Jirachi|155\/404|[from] item: Leftovers
|-heal|p1a: Blissey|441\/652|[from] item: Leftovers
|turn|42
|c|âFenix-|gg
|-message|stargirl forfeited.
|
|win|Fenix-
|raw|Ladder updating...
|raw|stargirl's rating: 1159 &rarr; <strong>1128<\/strong><br \/>(-31 for losing)
|raw|Fenix-'s rating: 1077 &rarr; <strong>1112<\/strong><br \/>(+35 for winning)
|c|âstargirl|gg