|join|qSeasons
|join|Fenix-
|player|p1|qSeasons|286
|player|p2|Fenix-|102
|gametype|singles
|tier|[Gen 5] OU
|rated
|rule|Evasion Abilities Clause: Evasion abilities are banned
|clearpoke
|poke|p1|Garchomp, F
|poke|p1|Jirachi
|poke|p1|Rotom-Wash
|poke|p1|Latias, F
|poke|p1|Tyranitar, F
|poke|p1|Scizor, F
|poke|p2|Politoed, F
|poke|p2|Azumarill, F
|poke|p2|Jirachi
|poke|p2|Breloom, F
|poke|p2|Mamoswine, F
|poke|p2|Rotom-Wash
|rule|Sleep Clause Mod: Limit one foe put to sleep
|rule|Species Clause: Limit one of each Pokemon
|rule|OHKO Clause: OHKO moves are banned
|rule|Moody Clause: Moody is banned
|rule|Evasion Moves Clause: Evasion moves are banned
|rule|HP Percentage Mod: HP is reported as percentages
|teampreview
|callback|decision
|
|start
|switch|p1a: Rotom-Wash|Rotom-Wash|304\/304
|switch|p2a: Breloom|Breloom, F|262\/262
|turn|1
|callback|decision
|
|move|p2a: Breloom|Bullet Seed|p1a: Rotom-Wash
|-supereffective|p1a: Rotom-Wash
|-damage|p1a: Rotom-Wash|179\/304
|-supereffective|p1a: Rotom-Wash
|-damage|p1a: Rotom-Wash|52\/304
|-supereffective|p1a: Rotom-Wash
|-damage|p1a: Rotom-Wash|0 fnt
|-hitcount|p1a: Rotom-Wash|3
|-damage|p2a: Breloom|236\/262|[from] item: Life Orb
|faint|p1a: Rotom-Wash
|
|callback|decision
|
|switch|p1a: Latias|Latias, F|302\/302
|turn|2
|callback|decision
|
|switch|p1a: Tyranitar|Tyranitar, F|404\/404
|-weather|Sandstorm|[from] ability: Sand Stream|[of] p1a: Tyranitar
|switch|p2a: Jirachi|Jirachi|404\/404
|
|-weather|Sandstorm|[upkeep]
|turn|3
|callback|decision
|
|move|p2a: Jirachi|Iron Head|p1a: Tyranitar
|-supereffective|p1a: Tyranitar
|-damage|p1a: Tyranitar|228\/404
|cant|p1a: Tyranitar|flinch
|
|-weather|Sandstorm|[upkeep]
|-heal|p1a: Tyranitar|253\/404|[from] item: Leftovers
|turn|4
|callback|decision
|
|switch|p1a: Scizor|Scizor, F|343\/343
|move|p2a: Jirachi|U-turn|p1a: Scizor
|-resisted|p1a: Scizor
|-damage|p1a: Scizor|315\/343
|callback|decision
|
|switch|p2a: Breloom|Breloom, F|236\/262
|
|-weather|Sandstorm|[upkeep]
|-damage|p2a: Breloom|220\/262|[from] sandstorm
|turn|5
|callback|decision
|
|move|p1a: Scizor|Bullet Punch|p2a: Breloom
|-damage|p2a: Breloom|3\/262
|move|p2a: Breloom|Spore|p1a: Scizor
|-status|p1a: Scizor|slp
|
|-weather|Sandstorm|[upkeep]
|-damage|p2a: Breloom|0 fnt|[from] sandstorm
|faint|p2a: Breloom
|callback|decision
|
|switch|p2a: Mamoswine|Mamoswine, F|362\/362
|turn|6
|callback|decision
|
|cant|p1a: Scizor|slp
|move|p2a: Mamoswine|Earthquake|p1a: Scizor
|-damage|p1a: Scizor|97\/343 slp
|-damage|p2a: Mamoswine|326\/362|[from] item: Life Orb
|
|-weather|Sandstorm|[upkeep]
|turn|7
|callback|decision
|
|switch|p2a: Rotom-Wash|Rotom-Wash|242\/242
|-curestatus|p1a: Scizor|slp
|move|p1a: Scizor|Bullet Punch|p2a: Rotom-Wash
|-resisted|p2a: Rotom-Wash
|-damage|p2a: Rotom-Wash|203\/242
|
|-weather|Sandstorm|[upkeep]
|-damage|p2a: Rotom-Wash|188\/242|[from] sandstorm
|turn|8
|callback|decision
|
|switch|p1a: Latias|Latias, F|302\/302
|move|p2a: Rotom-Wash|Volt Switch|p1a: Latias
|-resisted|p1a: Latias
|-damage|p1a: Latias|260\/302
|callback|decision
|
|switch|p2a: Jirachi|Jirachi|404\/404
|
|-weather|Sandstorm|[upkeep]
|-damage|p1a: Latias|242\/302|[from] sandstorm
|turn|9
|callback|decision
|
|switch|p1a: Tyranitar|Tyranitar, F|253\/404
|move|p2a: Jirachi|U-turn|p1a: Tyranitar
|-crit|p1a: Tyranitar
|-supereffective|p1a: Tyranitar
|-damage|p1a: Tyranitar|43\/404
|callback|decision
|
|switch|p2a: Mamoswine|Mamoswine, F|326\/362
|
|-weather|Sandstorm|[upkeep]
|-heal|p1a: Tyranitar|68\/404|[from] item: Leftovers
|turn|10
|callback|decision
|
|move|p2a: Mamoswine|Stealth Rock|p1a: Tyranitar
|-sidestart|p1: qSeasons|move: Stealth Rock
|move|p1a: Tyranitar|Stealth Rock|p2a: Mamoswine
|-sidestart|p2: Fenix-|move: Stealth Rock
|
|-weather|Sandstorm|[upkeep]
|-heal|p1a: Tyranitar|93\/404|[from] item: Leftovers
|turn|11
|callback|decision
|
|move|p2a: Mamoswine|Earthquake|p1a: Tyranitar
|-supereffective|p1a: Tyranitar
|-damage|p1a: Tyranitar|0 fnt
|-damage|p2a: Mamoswine|290\/362|[from] item: Life Orb
|faint|p1a: Tyranitar
|
|-weather|Sandstorm|[upkeep]
|callback|decision
|
|switch|p1a: Jirachi|Jirachi|341\/341
|-damage|p1a: Jirachi|320\/341|[from] Stealth Rock
|turn|12
|callback|decision
|
|move|p1a: Jirachi|Iron Head|p2a: Mamoswine
|-supereffective|p2a: Mamoswine
|-damage|p2a: Mamoswine|0 fnt
|faint|p2a: Mamoswine
|
|-weather|Sandstorm|[upkeep]
|callback|decision
|
|switch|p2a: Politoed|Politoed, F|322\/322
|-damage|p2a: Politoed|282\/322|[from] Stealth Rock
|-weather|RainDance|[from] ability: Drizzle|[of] p2a: Politoed
|turn|13
|callback|decision
|
|move|p2a: Politoed|Ice Beam|p1a: Jirachi
|-resisted|p1a: Jirachi
|-damage|p1a: Jirachi|269\/341
|move|p1a: Jirachi|Thunderbolt|p2a: Politoed
|-supereffective|p2a: Politoed
|-damage|p2a: Politoed|54\/322
|
|-weather|RainDance|[upkeep]
|turn|14
|callback|decision
|
|move|p2a: Politoed|Ice Beam|p1a: Jirachi
|-resisted|p1a: Jirachi
|-damage|p1a: Jirachi|218\/341
|move|p1a: Jirachi|Thunderbolt|p2a: Politoed
|-supereffective|p2a: Politoed
|-damage|p2a: Politoed|0 fnt
|faint|p2a: Politoed
|
|-weather|RainDance|[upkeep]
|callback|decision
|
|switch|p2a: Rotom-Wash|Rotom-Wash|188\/242
|-damage|p2a: Rotom-Wash|158\/242|[from] Stealth Rock
|turn|15
|callback|decision
|
|move|p2a: Rotom-Wash|Trick|p1a: Jirachi
|-activate|p2a: Rotom-Wash|move: Trick|[of] p1a: Jirachi
|-item|p1a: Jirachi|Choice Scarf|[from] move: Trick
|-item|p2a: Rotom-Wash|Expert Belt|[from] move: Trick
|move|p1a: Jirachi|Thunderbolt|p2a: Rotom-Wash
|-damage|p2a: Rotom-Wash|71\/242
|
|-weather|RainDance|[upkeep]
|turn|16
|callback|decision
|
|switch|p2a: Jirachi|Jirachi|404\/404
|-damage|p2a: Jirachi|379\/404|[from] Stealth Rock
|move|p1a: Jirachi|Thunderbolt|p2a: Jirachi
|-damage|p2a: Jirachi|317\/404
|
|-weather|RainDance|[upkeep]
|-heal|p2a: Jirachi|342\/404|[from] item: Leftovers
|turn|17
|callback|decision
|join|Blastoisinite
|
|switch|p1a: Garchomp|Garchomp, F|357\/357
|-damage|p1a: Garchomp|335\/357|[from] Stealth Rock
|move|p2a: Jirachi|Wish|p2a: Jirachi
|
|-weather|RainDance|[upkeep]
|-heal|p2a: Jirachi|367\/404|[from] item: Leftovers
|turn|18
|callback|decision
|
|move|p1a: Garchomp|Swords Dance|p1a: Garchomp
|-boost|p1a: Garchomp|atk|2
|move|p2a: Jirachi|U-turn|p1a: Garchomp
|-damage|p1a: Garchomp|282\/357
|-damage|p2a: Jirachi|317\/404|[from] ability: Rough Skin|[of] p1a: Garchomp
|callback|decision
|leave|Blastoisinite
|join|Blastoisinite
|
|switch|p2a: Rotom-Wash|Rotom-Wash|71\/242
|-damage|p2a: Rotom-Wash|41\/242|[from] Stealth Rock
|
|-weather|RainDance|[upkeep]
|-heal|p2a: Rotom-Wash|242\/242|[from] move: Wish|[wisher] Jirachi
|turn|19
|callback|decision
|
|move|p1a: Garchomp|Outrage|p2a: Rotom-Wash
|-damage|p2a: Rotom-Wash|0 fnt
|faint|p2a: Rotom-Wash
|
|-weather|RainDance|[upkeep]
|callback|decision
|
|switch|p2a: Jirachi|Jirachi|317\/404
|-damage|p2a: Jirachi|292\/404|[from] Stealth Rock
|turn|20
|callback|decision
|
|move|p1a: Garchomp|Outrage|p2a: Jirachi
|-resisted|p2a: Jirachi
|-damage|p2a: Jirachi|78\/404
|move|p2a: Jirachi|Wish|p2a: Jirachi
|
|-weather|RainDance|[upkeep]
|-heal|p2a: Jirachi|103\/404|[from] item: Leftovers
|turn|21
|callback|decision
|
|move|p1a: Garchomp|Outrage|p2a: Jirachi
|-resisted|p2a: Jirachi
|-damage|p2a: Jirachi|0 fnt
|faint|p2a: Jirachi
|
|-end|p1a: Garchomp|rampage
|-start|p1a: Garchomp|confusion
|-weather|RainDance|[upkeep]
|callback|decision
|chat|Blastoisinite|This ladder too hard. 17-0 only 1912
|
|switch|p2a: Azumarill|Azumarill, F|394\/394
|-damage|p2a: Azumarill|345\/394|[from] Stealth Rock
|turn|22
|callback|decision
|
|switch|p1a: Scizor|Scizor, F|97\/343
|-damage|p1a: Scizor|55\/343|[from] Stealth Rock
|move|p2a: Azumarill|Aqua Jet|p1a: Scizor
|-damage|p1a: Scizor|0 fnt
|faint|p1a: Scizor
|
|-weather|RainDance|[upkeep]
|callback|decision
|
|switch|p1a: Jirachi|Jirachi|218\/341
|-damage|p1a: Jirachi|197\/341|[from] Stealth Rock
|turn|23
|callback|decision
|
|move|p2a: Azumarill|Aqua Jet|p1a: Jirachi
|-damage|p1a: Jirachi|0 fnt
|faint|p1a: Jirachi
|
|-weather|RainDance|[upkeep]
|callback|decision
|
|switch|p1a: Latias|Latias, F|242\/302
|-damage|p1a: Latias|205\/302|[from] Stealth Rock
|turn|24
|callback|decision
|
|move|p2a: Azumarill|Aqua Jet|p1a: Latias
|-resisted|p1a: Latias
|-damage|p1a: Latias|94\/302
|move|p1a: Latias|Draco Meteor|p2a: Azumarill
|-damage|p2a: Azumarill|0 fnt
|-unboost|p1a: Latias|spa|2
|-damage|p1a: Latias|64\/302|[from] item: Life Orb
|faint|p2a: Azumarill
|
|win|qSeasons
|raw|Ladder updating...
|raw|qSeasons's rating: 2116 &rarr; <strong>2122<\/strong><br \/>(+6 for winning)
|raw|Fenix-'s rating: 1976 &rarr; <strong>1968<\/strong><br \/>(-8 for losing)
|chat|qSeasons|gg