|join|Fenix-
|join|testsubjectN1994
|player|p1|Fenix-|169
|player|p2|testsubjectN1994|121
|gametype|singles
|gen|5
|tier|[Gen 5] OU
|rated
|rule|Evasion Abilities Clause: Evasion abilities are banned
|clearpoke
|poke|p1|Heatran, M
|poke|p1|Forretress, F
|poke|p1|Dragonite, F
|poke|p1|Jellicent, M
|poke|p1|Skarmory, M
|poke|p1|Gastrodon, F
|poke|p2|Politoed, F, shiny
|poke|p2|Gliscor, F, shiny
|poke|p2|Tentacruel, F, shiny
|poke|p2|Chansey, F
|poke|p2|Ferrothorn, F, shiny
|poke|p2|Jirachi, shiny
|rule|Sleep Clause Mod: Limit one foe put to sleep
|rule|Species Clause: Limit one of each Pokemon
|rule|OHKO Clause: OHKO moves are banned
|rule|Moody Clause: Moody is banned
|rule|Swagger Clause: Swagger is banned
|rule|Evasion Moves Clause: Evasion moves are banned
|rule|Endless Battle Clause: Forcing endless battles is banned
|rule|HP Percentage Mod: HP is reported as percentages
|teampreview
|
|start
|switch|p1a: Dragonite|Dragonite, F|324\/324
|switch|p2a: Politoed|Politoed, F, shiny|384\/384
|-weather|RainDance|[from] ability: Drizzle|[of] p2a: Politoed
|turn|1
|
|move|p1a: Dragonite|Outrage|p2a: Politoed
|-damage|p2a: Politoed|48\/384
|move|p2a: Politoed|Toxic|p1a: Dragonite
|-status|p1a: Dragonite|tox
|
|-weather|RainDance|[upkeep]
|-heal|p2a: Politoed|72\/384|[from] item: Leftovers
|-damage|p1a: Dragonite|304\/324 tox|[from] psn
|turn|2
|
|move|p2a: Politoed|Protect|p2a: Politoed
|-singleturn|p2a: Politoed|Protect
|move|p1a: Dragonite|Outrage|p2a: Politoed
|-activate|p2a: Politoed|Protect
|
|-weather|RainDance|[upkeep]
|-heal|p2a: Politoed|96\/384|[from] item: Leftovers
|-damage|p1a: Dragonite|264\/324 tox|[from] psn
|turn|3
|
|switch|p2a: Ferrothorn|Ferrothorn, F, shiny|351\/351
|move|p1a: Dragonite|Outrage|p2a: Ferrothorn
|-resisted|p2a: Ferrothorn
|-damage|p2a: Ferrothorn|219\/351
|-damage|p1a: Dragonite|224\/324 tox|[from] ability: Iron Barbs|[of] p2a: Ferrothorn
|
|-weather|RainDance|[upkeep]
|-heal|p2a: Ferrothorn|240\/351|[from] item: Leftovers
|-damage|p1a: Dragonite|164\/324 tox|[from] psn
|turn|4
|
|move|p1a: Dragonite|Outrage|p2a: Ferrothorn
|-resisted|p2a: Ferrothorn
|-damage|p2a: Ferrothorn|87\/351
|-damage|p1a: Dragonite|124\/324 tox|[from] ability: Iron Barbs|[of] p2a: Ferrothorn
|move|p2a: Ferrothorn|Leech Seed|p1a: Dragonite
|-start|p1a: Dragonite|move: Leech Seed
|
|-weather|RainDance|[upkeep]
|-heal|p2a: Ferrothorn|108\/351|[from] item: Leftovers
|-damage|p1a: Dragonite|84\/324 tox|[from] Leech Seed|[of] p2a: Ferrothorn
|-heal|p2a: Ferrothorn|148\/351|[silent]
|-damage|p1a: Dragonite|4\/324 tox|[from] psn
|turn|5
|
|switch|p2a: Gliscor|Gliscor, F, shiny|354\/354
|move|p1a: Dragonite|Outrage|p2a: Gliscor
|-crit|p2a: Gliscor
|-damage|p2a: Gliscor|0 fnt
|faint|p2a: Gliscor
|
|-end|p1a: Dragonite|rampage
|-start|p1a: Dragonite|confusion
|-weather|RainDance|[upkeep]
|-damage|p1a: Dragonite|0 fnt|[from] psn
|faint|p1a: Dragonite
|chat|testsubjectN1994|luck or no luck i dont care
|
|switch|p1a: Jellicent|Jellicent, M|403\/403
|switch|p2a: Chansey|Chansey, F|704\/704
|turn|6
|
|switch|p1a: Forretress|Forretress, F|354\/354
|switch|p2a: Jirachi|Jirachi, shiny|404\/404
|
|-weather|RainDance|[upkeep]
|turn|7
|
|move|p2a: Jirachi|Substitute|p2a: Jirachi
|-start|p2a: Jirachi|Substitute
|-damage|p2a: Jirachi|303\/404
|move|p1a: Forretress|Stealth Rock|p2a: Jirachi
|-sidestart|p2: testsubjectN1994|move: Stealth Rock
|
|-weather|RainDance|[upkeep]
|-heal|p2a: Jirachi|328\/404|[from] item: Leftovers
|turn|8
|
|move|p2a: Jirachi|Calm Mind|p2a: Jirachi
|-boost|p2a: Jirachi|spa|1
|-boost|p2a: Jirachi|spd|1
|move|p1a: Forretress|Volt Switch|p2a: Jirachi
|-activate|p2a: Jirachi|Substitute|[damage]
|
|switch|p1a: Gastrodon-Ea|Gastrodon, F|426\/426
|
|-weather|RainDance|[upkeep]
|-heal|p2a: Jirachi|353\/404|[from] item: Leftovers
|turn|9
|
|move|p2a: Jirachi|Calm Mind|p2a: Jirachi
|-boost|p2a: Jirachi|spa|1
|-boost|p2a: Jirachi|spd|1
|move|p1a: Gastrodon-Ea|Earthquake|p2a: Jirachi
|-supereffective|p2a: Jirachi
|-end|p2a: Jirachi|Substitute
|
|-weather|RainDance|[upkeep]
|-heal|p2a: Jirachi|378\/404|[from] item: Leftovers
|turn|10
|
|switch|p2a: Chansey|Chansey, F|704\/704
|-damage|p2a: Chansey|616\/704|[from] Stealth Rock
|move|p1a: Gastrodon-Ea|Earthquake|p2a: Chansey
|-damage|p2a: Chansey|475\/704
|
|-weather|RainDance|[upkeep]
|turn|11
|
|switch|p1a: Skarmory|Skarmory, M|327\/327
|move|p2a: Chansey|Stealth Rock|p1a: Skarmory
|-sidestart|p1: Fenix-|move: Stealth Rock
|
|-weather|RainDance|[upkeep]
|turn|12
|
|move|p1a: Skarmory|Spikes|p2a: Chansey
|-sidestart|p2: testsubjectN1994|Spikes
|move|p2a: Chansey|Wish|p2a: Chansey
|
|-weather|RainDance|[upkeep]
|turn|13
|
|switch|p2a: Tentacruel|Tentacruel, F, shiny|364\/364
|-damage|p2a: Tentacruel|319\/364|[from] Spikes
|-damage|p2a: Tentacruel|274\/364|[from] Stealth Rock
|move|p1a: Skarmory|Brave Bird|p2a: Tentacruel
|-damage|p2a: Tentacruel|160\/364
|-damage|p1a: Skarmory|289\/327|[from] recoil|[of] p2a: Tentacruel
|
|-weather|RainDance|[upkeep]
|-heal|p2a: Tentacruel|182\/364|[from] ability: Rain Dish
|-heal|p2a: Tentacruel|364\/364|[from] move: Wish|[wisher] Chansey
|-heal|p1a: Skarmory|309\/327|[from] item: Leftovers
|turn|14
|
|switch|p1a: Jellicent|Jellicent, M|403\/403
|-damage|p1a: Jellicent|353\/403|[from] Stealth Rock
|move|p2a: Tentacruel|Toxic Spikes|p1a: Jellicent
|-sidestart|p1: Fenix-|move: Toxic Spikes
|
|-weather|RainDance|[upkeep]
|-heal|p1a: Jellicent|378\/403|[from] item: Leftovers
|turn|15
|
|switch|p2a: Jirachi|Jirachi, shiny|378\/404
|-damage|p2a: Jirachi|353\/404|[from] Stealth Rock
|-damage|p2a: Jirachi|303\/404|[from] Spikes
|move|p1a: Jellicent|Will-O-Wisp|p2a: Jirachi
|-status|p2a: Jirachi|brn
|
|-weather|RainDance|[upkeep]
|-heal|p2a: Jirachi|328\/404 brn|[from] item: Leftovers
|-heal|p1a: Jellicent|403\/403|[from] item: Leftovers
|-damage|p2a: Jirachi|278\/404 brn|[from] brn
|turn|16
|chat|testsubjectN1994|well i guess luck won after all
|chat|testsubjectN1994|gg to luck
|chat|Fenix-|shut the fuck up
|chat|testsubjectN1994|no YOU SHUT THE FUCK UP
|chat|Fenix-|without that crit i would won anyways
|chat|testsubjectN1994|sure sure
|chat|Fenix-|have a spinblocker
|chat|Fenix-|you are fucked
|chat|testsubjectN1994|now SHUT TTHE FUCK UP
|chat|Fenix-|no counter
|chat|Fenix-|GG
|chat|Fenix-|GTFO
|chat|testsubjectN1994|YOU AND YOUR WHORE OF A MOTHER
|chat|Fenix-|and your switches are shit
|chat|Fenix-|take out a glisc against a choice dnite
|chat|testsubjectN1994|SHUT THE FUCK UP COCKSUCKER
|chat|Fenix-|how a fucking noob
|chat|testsubjectN1994|FUCKING DISGRACE SCUMBAG
|chat|Fenix-|keep crying
|chat|Fenix-|and do not do timestall
|chat|Fenix-|gonna tell a mod
|chat|testsubjectN1994|NOT CRYING THATS FOR YOU SISSY
|chat|testsubjectN1994|SUCK MY BALLS
|
|switch|p1a: Forretress|Forretress, F|354\/354
|-damage|p1a: Forretress|310\/354|[from] Stealth Rock
|move|p2a: Jirachi|Thunder|p1a: Forretress
|-crit|p1a: Forretress
|-damage|p1a: Forretress|39\/354
|-status|p1a: Forretress|par
|
|-weather|RainDance|[upkeep]
|-heal|p2a: Jirachi|303\/404 brn|[from] item: Leftovers
|-heal|p1a: Forretress|61\/354 par|[from] item: Leftovers
|-damage|p2a: Jirachi|253\/404 brn|[from] brn
|turn|17
|chat|Fenix-|tell something now
|chat|Fenix-|uh?
|
|switch|p2a: Chansey|Chansey, F|475\/704
|-damage|p2a: Chansey|387\/704|[from] Spikes
|-damage|p2a: Chansey|299\/704|[from] Stealth Rock
|move|p1a: Forretress|Rapid Spin|p2a: Chansey
|-crit|p2a: Chansey
|-damage|p2a: Chansey|259\/704
|-sideend|p1: Fenix-|Toxic Spikes|[from] move: Rapid Spin|[of] p1a: Forretress
|-sideend|p1: Fenix-|Stealth Rock|[from] move: Rapid Spin|[of] p1a: Forretress
|
|-weather|RainDance|[upkeep]
|-heal|p1a: Forretress|83\/354 par|[from] item: Leftovers
|turn|18
|chat|testsubjectN1994|SAY WHAT DICKHEAD
|chat|testsubjectN1994|I'M TOO BUSY FACEFUCKING YOUR MOTHER
|
|switch|p1a: Skarmory|Skarmory, M|309\/327
|move|p2a: Chansey|Toxic|p1a: Skarmory
|-fail|p1a: Skarmory
|
|-weather|RainDance|[upkeep]
|-heal|p1a: Skarmory|327\/327|[from] item: Leftovers
|turn|19
|join|shaymin
|chat|Fenix-|hahahahaha
|chat|Fenix-|shaymin
|chat|Fenix-|please
|chat|Fenix-|stay in the battle
testsubjectN1994 was warned by shaymin. (dont be an asshole in battle)
|unlink|testsubjectn1994
|chat|shaymin|hurry up and move
|chat|shaymin|or im going to kick you out of the match
|chat|shaymin|etc
|chat|testsubjectN1994|YOU THINK YOU CAN TELL ME WHAT TO DO?
|chat|testsubjectN1994|HAHA
testsubjectN1994 was kicked from a battle by shaymin
|player|p2
|chat|shaymin|just did
|chat|Fenix-|my dnite crits his gliscor
|chat|Fenix-|and he is very mad
|chat|Fenix-|:\/
|chat|testsubjectN1994|SHUT THE FUCK UP
|leave|testsubjectN1994
|chat|shaymin|there
|chat|shaymin|dealt with
|chat|Fenix-|ban
|-message|testsubjectn1994 lost due to inactivity.
|
|win|Fenix-
|raw|Ladder updating...
|raw|Fenix-'s rating: 1389 &rarr; <strong>1406<\/strong><br \/>(+17 for winning)
|raw|testsubjectN1994's rating: 1342 &rarr; <strong>1325<\/strong><br \/>(-17 for losing)