|join|Fenix-
|join|blue53
|player|p1|Fenix-|265
|player|p2|blue53|169
|gametype|singles
|gen|5
|tier|[Gen 5] OU
|rated
|rule|Evasion Abilities Clause: Evasion abilities are banned
|clearpoke
|poke|p1|Tyranitar, M
|poke|p1|Forretress, F
|poke|p1|Gliscor, F
|poke|p1|Blissey, F
|poke|p1|Jellicent, M
|poke|p1|Skarmory, F
|poke|p2|Bouffalant, M, shiny
|poke|p2|Gallade, M, shiny
|poke|p2|Samurott, M, shiny
|poke|p2|Treecko, L1, M
|poke|p2|Cobalion, shiny
|poke|p2|Latias, F
|rule|Sleep Clause Mod: Limit one foe put to sleep
|rule|Species Clause: Limit one of each PokÃ©mon
|rule|OHKO Clause: OHKO moves are banned
|rule|Moody Clause: Moody is banned
|rule|Evasion Moves Clause: Evasion moves are banned
|rule|Endless Battle Clause: Forcing endless battles is banned
|rule|HP Percentage Mod: HP is shown in percentages
|teampreview
|
|start
|switch|p1a: Tyranitar|Tyranitar, M|342\/342
|switch|p2a: Coltmasteh|Cobalion, shiny|323\/323
|-weather|Sandstorm|[from] ability: Sand Stream|[of] p1a: Tyranitar
|turn|1
|join|Logic
|
|switch|p1a: Jellicent|Jellicent, M|403\/403
|move|p2a: Coltmasteh|Stealth Rock|p1a: Jellicent
|-sidestart|p1: Fenix-|move: Stealth Rock
|
|-weather|Sandstorm|[upkeep]
|-damage|p1a: Jellicent|378\/403|[from] sandstorm
|-heal|p1a: Jellicent|403\/403|[from] item: Leftovers
|turn|2
|join|soruxtra
|
|move|p2a: Coltmasteh|Volt Switch|p1a: Jellicent
|-supereffective|p1a: Jellicent
|-damage|p1a: Jellicent|269\/403
|
|switch|p2a: Samdawott|Samurott, M, shiny|331\/331
|move|p1a: Jellicent|Will-O-Wisp|p2a: Samdawott|[miss]
|-miss|p1a: Jellicent|p2a: Samdawott
|
|-weather|Sandstorm|[upkeep]
|-damage|p2a: Samdawott|311\/331|[from] sandstorm
|-damage|p1a: Jellicent|244\/403|[from] sandstorm
|-heal|p1a: Jellicent|269\/403|[from] item: Leftovers
|turn|3
|
|move|p2a: Samdawott|Night Slash|p1a: Jellicent
|-crit|p1a: Jellicent
|-supereffective|p1a: Jellicent
|-damage|p1a: Jellicent|0 fnt
|-damage|p2a: Samdawott|278\/331|[from] item: Life Orb
|faint|p1a: Jellicent
|
|-weather|Sandstorm|[upkeep]
|-damage|p2a: Samdawott|258\/331|[from] sandstorm
|
|switch|p1a: Blissey|Blissey, F|701\/701
|-damage|p1a: Blissey|614\/701|[from] Stealth Rock
|turn|4
|
|switch|p2a: BeefBop|Bouffalant, M, shiny|394\/394
|move|p1a: Blissey|Stealth Rock|p2a: BeefBop
|-sidestart|p2: blue53|move: Stealth Rock
|
|-weather|Sandstorm|[upkeep]
|-damage|p1a: Blissey|571\/701|[from] sandstorm
|-damage|p2a: BeefBop|370\/394|[from] sandstorm
|-heal|p1a: Blissey|614\/701|[from] item: Leftovers
|turn|5
|
|switch|p1a: Forretress|Forretress, F|354\/354
|-damage|p1a: Forretress|310\/354|[from] Stealth Rock
|move|p2a: BeefBop|Wild Charge|p1a: Forretress
|-damage|p1a: Forretress|203\/354
|-damage|p2a: BeefBop|343\/394|[from] recoil|[of] p1a: Forretress
|
|-weather|Sandstorm|[upkeep]
|-damage|p2a: BeefBop|319\/394|[from] sandstorm
|-heal|p1a: Forretress|225\/354|[from] item: Leftovers
|turn|6
|c|âblue53|that was my second guess,
|
|switch|p2a: Latias|Latias, F|364\/364
|-damage|p2a: Latias|319\/364|[from] Stealth Rock
|move|p1a: Forretress|Rapid Spin|p2a: Latias
|-damage|p2a: Latias|304\/364
|-sideend|p1: Fenix-|Stealth Rock|[from] move: Rapid Spin|[of] p1a: Forretress
|
|-weather|Sandstorm|[upkeep]
|-damage|p2a: Latias|282\/364|[from] sandstorm
|-heal|p2a: Latias|304\/364|[from] item: Leftovers
|-heal|p1a: Forretress|247\/354|[from] item: Leftovers
|turn|7
|
|switch|p1a: Tyranitar|Tyranitar, M|342\/342
|move|p2a: Latias|Hidden Power|p1a: Tyranitar
|-resisted|p1a: Tyranitar
|-damage|p1a: Tyranitar|322\/342
|
|-weather|Sandstorm|[upkeep]
|-damage|p2a: Latias|282\/364|[from] sandstorm
|-heal|p2a: Latias|304\/364|[from] item: Leftovers
|turn|8
|
|move|p1a: Tyranitar|Pursuit|p2a: Latias
|-supereffective|p2a: Latias
|-damage|p2a: Latias|136\/364
|move|p2a: Latias|Dragon Pulse|p1a: Tyranitar
|-damage|p1a: Tyranitar|243\/342
|
|-weather|Sandstorm|[upkeep]
|-damage|p2a: Latias|114\/364|[from] sandstorm
|-heal|p2a: Latias|136\/364|[from] item: Leftovers
|turn|9
|
|move|p1a: Tyranitar|Pursuit|p2a: Latias|[from]Pursuit
|-supereffective|p2a: Latias
|-damage|p2a: Latias|0 fnt
|faint|p2a: Latias
|
|-weather|Sandstorm|[upkeep]
|
|switch|p2a: Legend of Lonk|Gallade, M, shiny|337\/337
|-damage|p2a: Legend of Lonk|316\/337|[from] Stealth Rock
|turn|10
|c|âblue53|_<
|
|switch|p1a: Skarmory|Skarmory, F|334\/334
|move|p2a: Legend of Lonk|Bulk Up|p2a: Legend of Lonk
|-boost|p2a: Legend of Lonk|atk|1
|-boost|p2a: Legend of Lonk|def|1
|
|-weather|Sandstorm|[upkeep]
|-damage|p2a: Legend of Lonk|295\/337|[from] sandstorm
|-heal|p2a: Legend of Lonk|316\/337|[from] item: Leftovers
|turn|11
|leave|Logic
|
|switch|p2a: Still dancin|Treecko, L1, M|12\/12
|-damage|p2a: Still dancin|11\/12|[from] Stealth Rock
|move|p1a: Skarmory|Brave Bird|p2a: Still dancin
|-supereffective|p2a: Still dancin
|-damage|p2a: Still dancin|0 fnt
|-damage|p1a: Skarmory|330\/334|[from] recoil|[of] p2a: Still dancin
|faint|p2a: Still dancin
|
|-weather|Sandstorm|[upkeep]
|-heal|p1a: Skarmory|334\/334|[from] item: Leftovers
|
|switch|p2a: Samdawott|Samurott, M, shiny|258\/331
|-damage|p2a: Samdawott|217\/331|[from] Stealth Rock
|turn|12
|
|switch|p1a: Forretress|Forretress, F|247\/354
|move|p2a: Samdawott|Hydro Pump|p1a: Forretress
|-damage|p1a: Forretress|0 fnt
|-damage|p2a: Samdawott|184\/331|[from] item: Life Orb
|faint|p1a: Forretress
|
|-weather|Sandstorm|[upkeep]
|-damage|p2a: Samdawott|164\/331|[from] sandstorm
|
|switch|p1a: Tyranitar|Tyranitar, M|243\/342
|turn|13
|
|switch|p2a: Legend of Lonk|Gallade, M, shiny|316\/337
|-damage|p2a: Legend of Lonk|295\/337|[from] Stealth Rock
|move|p1a: Tyranitar|Crunch|p2a: Legend of Lonk
|-damage|p2a: Legend of Lonk|96\/337
|-boost|p2a: Legend of Lonk|atk|1|[from] ability: Justified
|
|-weather|Sandstorm|[upkeep]
|-damage|p2a: Legend of Lonk|75\/337|[from] sandstorm
|-heal|p2a: Legend of Lonk|96\/337|[from] item: Leftovers
|turn|14
|c|âblue53|whoa ok
|c|âblue53|that damage
|
|move|p1a: Tyranitar|Crunch|p2a: Legend of Lonk
|-damage|p2a: Legend of Lonk|0 fnt
|faint|p2a: Legend of Lonk
|
|-weather|Sandstorm|[upkeep]
|c|âblue53|well if your a scarfer then fuck
|c|âblue53|haha
|c|âFenix-|hehe
|
|switch|p2a: Coltmasteh|Cobalion, shiny|323\/323
|-damage|p2a: Coltmasteh|313\/323|[from] Stealth Rock
|turn|15
|
|switch|p1a: Blissey|Blissey, F|614\/701
|move|p2a: Coltmasteh|Hidden Power|p1a: Blissey
|-damage|p1a: Blissey|566\/701
|
|-weather|Sandstorm|[upkeep]
|-damage|p1a: Blissey|523\/701|[from] sandstorm
|-heal|p1a: Blissey|566\/701|[from] item: Leftovers
|turn|16
|c|âblue53|k
|
|move|p2a: Coltmasteh|Close Combat|p1a: Blissey
|-supereffective|p1a: Blissey
|-damage|p1a: Blissey|0 fnt
|-unboost|p2a: Coltmasteh|def|1
|-unboost|p2a: Coltmasteh|spd|1
|faint|p1a: Blissey
|
|-weather|Sandstorm|[upkeep]
|
|switch|p1a: Tyranitar|Tyranitar, M|243\/342
|turn|17
|
|switch|p2a: BeefBop|Bouffalant, M, shiny|319\/394
|-damage|p2a: BeefBop|270\/394|[from] Stealth Rock
|move|p1a: Tyranitar|Superpower|p2a: BeefBop
|-supereffective|p2a: BeefBop
|-damage|p2a: BeefBop|0 fnt
|-unboost|p1a: Tyranitar|atk|1
|-unboost|p1a: Tyranitar|def|1
|faint|p2a: BeefBop
|
|-weather|Sandstorm|[upkeep]
|
|switch|p2a: Samdawott|Samurott, M, shiny|164\/331
|-damage|p2a: Samdawott|123\/331|[from] Stealth Rock
|turn|18
|
|move|p2a: Samdawott|Aqua Jet|p1a: Tyranitar
|-supereffective|p1a: Tyranitar
|-damage|p1a: Tyranitar|53\/342
|-damage|p2a: Samdawott|90\/331|[from] item: Life Orb
|move|p1a: Tyranitar|Superpower|p2a: Samdawott
|-damage|p2a: Samdawott|0 fnt
|-unboost|p1a: Tyranitar|atk|1
|-unboost|p1a: Tyranitar|def|1
|faint|p2a: Samdawott
|
|-weather|Sandstorm|[upkeep]
|
|switch|p2a: Coltmasteh|Cobalion, shiny|313\/323
|-damage|p2a: Coltmasteh|303\/323|[from] Stealth Rock
|turn|19
|
|switch|p1a: Gliscor|Gliscor, F|353\/353
|move|p2a: Coltmasteh|Volt Switch|p1a: Gliscor
|-immune|p1a: Gliscor|[msg]
|
|-weather|Sandstorm|[upkeep]
|-status|p1a: Gliscor|tox|[from] item: Toxic Orb
|turn|20
|
|move|p2a: Coltmasteh|Hidden Power|p1a: Gliscor
|-supereffective|p1a: Gliscor
|-damage|p1a: Gliscor|0 fnt
|faint|p1a: Gliscor
|
|-weather|Sandstorm|[upkeep]
|
|switch|p1a: Skarmory|Skarmory, F|334\/334
|turn|21
|
|move|p2a: Coltmasteh|Volt Switch|p1a: Skarmory
|-supereffective|p1a: Skarmory
|-damage|p1a: Skarmory|140\/334
|move|p1a: Skarmory|Brave Bird|p2a: Coltmasteh
|-damage|p2a: Coltmasteh|213\/323
|-damage|p1a: Skarmory|110\/334|[from] recoil|[of] p2a: Coltmasteh
|
|-weather|Sandstorm|[upkeep]
|-heal|p1a: Skarmory|130\/334|[from] item: Leftovers
|turn|22
|
|move|p2a: Coltmasteh|Volt Switch|p1a: Skarmory
|-supereffective|p1a: Skarmory
|-damage|p1a: Skarmory|0 fnt
|faint|p1a: Skarmory
|
|-weather|Sandstorm|[upkeep]
|
|switch|p1a: Tyranitar|Tyranitar, M|53\/342
|turn|23
|
|move|p1a: Tyranitar|Superpower|p2a: Coltmasteh
|-supereffective|p2a: Coltmasteh
|-damage|p2a: Coltmasteh|0 fnt
|-unboost|p1a: Tyranitar|atk|1
|-unboost|p1a: Tyranitar|def|1
|faint|p2a: Coltmasteh
|
|win|Fenix-
|raw|Ladder updating...
|c|âblue53|gg man
|c|âblue53|<3
|raw|Fenix-'s rating: 1377 &rarr; <strong>1383<\/strong><br \/>(+6 for winning)
|raw|blue53's rating: 1084 &rarr; <strong>1077<\/strong><br \/>(-7 for losing)