|join|Fenix-
|join|CBZ
|player|p1|Fenix-|25
|player|p2|CBZ|290
|gametype|singles
|gen|6
|tier|OU
|rated
|clearpoke
|poke|p1|Azumarill, M
|poke|p1|Garchomp, M
|poke|p1|Aegislash, M
|poke|p1|Scizor, M
|poke|p1|Kyurem-Black
|poke|p1|Talonflame, M
|poke|p2|Azelf
|poke|p2|Thundurus, M
|poke|p2|Whimsicott, F
|poke|p2|Smeargle, M
|poke|p2|Gothitelle, F
|poke|p2|Espeon, M
|rule|Swagger Clause: Swagger is banned
|rule|Baton Pass Clause: Limit one PokÃ©mon knowing Baton Pass
|rule|Sleep Clause Mod: Limit one foe put to sleep
|rule|Species Clause: Limit one of each PokÃ©mon
|rule|OHKO Clause: OHKO moves are banned
|rule|Moody Clause: Moody is banned
|rule|Evasion Moves Clause: Evasion moves are banned
|rule|Endless Battle Clause: Forcing endless battles is banned
|rule|HP Percentage Mod: HP is reported as percentages
|teampreview
|
|start
|switch|p1a: Kyurem-Black|Kyurem-Black|405\/405
|switch|p2a: Thundurus|Thundurus, M|299\/299
|-ability|p1a: Kyurem-Black|Teravolt
|turn|1
|
|move|p2a: Thundurus|Taunt|p1a: Kyurem-Black
|-start|p1a: Kyurem-Black|move: Taunt
|move|p1a: Kyurem-Black|Ice Beam|p2a: Thundurus
|-supereffective|p2a: Thundurus
|-enditem|p2a: Thundurus|Focus Sash
|-damage|p2a: Thundurus|1\/299
|
|turn|2
|
|switch|p1a: Scizor|Scizor, M|343\/343
|move|p2a: Thundurus|Thunder Wave|p1a: Scizor
|-status|p1a: Scizor|par
|
|turn|3
|
|detailschange|p1a: Scizor|Scizor-Mega, M
|message|Scizor has Mega Evolved into Mega Scizor!
|move|p2a: Thundurus|Taunt|p1a: Scizor
|-start|p1a: Scizor|move: Taunt
|move|p1a: Scizor|Bullet Punch|p2a: Thundurus
|-resisted|p2a: Thundurus
|-damage|p2a: Thundurus|0 fnt
|faint|p2a: Thundurus
|
|
|switch|p2a: Azelf|Azelf|354\/354
|turn|4
|
|switch|p1a: Aegislash|Aegislash, M|324\/324
|move|p2a: Azelf|Reflect|p2a: Azelf
|-sidestart|p2: CBZ|Reflect
|
|turn|5
|
|move|p2a: Azelf|Light Screen|p2a: Azelf
|-sidestart|p2: CBZ|move: Light Screen
|-formechange|p1a: Aegislash|Aegislash-Blade
|move|p1a: Aegislash|Shadow Ball|p2a: Azelf
|-supereffective|p2a: Azelf
|-damage|p2a: Azelf|86\/354
|
|turn|6
|
|move|p1a: Aegislash|Shadow Sneak|p2a: Azelf
|-supereffective|p2a: Azelf
|-damage|p2a: Azelf|0 fnt
|faint|p2a: Azelf
|
|
|switch|p2a: Whimsicott|Whimsicott, F|324\/324
|turn|7
|
|switch|p1a: Kyurem-Black|Kyurem-Black|405\/405
|-ability|p1a: Kyurem-Black|Teravolt
|move|p2a: Whimsicott|Tailwind|p2a: Whimsicott
|-sidestart|p2: CBZ|move: Tailwind
|
|turn|8
|
|move|p2a: Whimsicott|Taunt|p1a: Kyurem-Black
|-start|p1a: Kyurem-Black|move: Taunt
|cant|p1a: Kyurem-Black|move: Taunt|Substitute
|
|turn|9
|
|switch|p1a: Talonflame|Talonflame, M|309\/309
|move|p2a: Whimsicott|Memento|p1a: Talonflame
|-unboost|p1a: Talonflame|atk|2
|-unboost|p1a: Talonflame|spa|2
|faint|p2a: Whimsicott
|
|
|switch|p2a: Smeargle|Smeargle, M|314\/314
|turn|10
|
|move|p2a: Smeargle|Cotton Guard|p2a: Smeargle
|-boost|p2a: Smeargle|def|3
|move|p1a: Talonflame|Swords Dance|p1a: Talonflame
|-boost|p1a: Talonflame|atk|2
|
|-sideend|p2: CBZ|move: Tailwind
|turn|11
|
|move|p1a: Talonflame|Swords Dance|p1a: Talonflame
|-boost|p1a: Talonflame|atk|2
|move|p2a: Smeargle|Geomancy|p2a: Smeargle|[still]
|-prepare|p2a: Smeargle|Geomancy|p2a: Smeargle
|-enditem|p2a: Smeargle|Power Herb
|-anim|p2a: Smeargle|Geomancy|p2a: Smeargle
|-boost|p2a: Smeargle|spa|2
|-boost|p2a: Smeargle|spd|2
|-boost|p2a: Smeargle|spe|2
|
|-sideend|p2: CBZ|Reflect
|turn|12
|
|move|p1a: Talonflame|Acrobatics|p2a: Smeargle
|-damage|p2a: Smeargle|169\/314
|move|p2a: Smeargle|Baton Pass|p2a: Smeargle
|
|switch|p2a: Espeon|Espeon, M|321\/321
|
|-sideend|p2: CBZ|move: Light Screen
|turn|13
|
|move|p1a: Talonflame|Brave Bird|p2a: Espeon
|-damage|p2a: Espeon|128\/321
|-damage|p1a: Talonflame|245\/309|[from] recoil|[of] p2a: Espeon
|move|p2a: Espeon|Stored Power|p1a: Talonflame
|-damage|p1a: Talonflame|0 fnt
|faint|p1a: Talonflame
|
|-heal|p2a: Espeon|148\/321|[from] item: Leftovers
|
|switch|p1a: Aegislash|Aegislash, M|324\/324
|turn|14
|
|-formechange|p1a: Aegislash|Aegislash-Blade
|move|p1a: Aegislash|Shadow Sneak|p2a: Espeon
|-supereffective|p2a: Espeon
|-damage|p2a: Espeon|46\/321
|move|p2a: Espeon|Morning Sun|p2a: Espeon
|-heal|p2a: Espeon|206\/321
|
|-heal|p2a: Espeon|226\/321|[from] item: Leftovers
|turn|15
|
|-formechange|p1a: Aegislash|Aegislash
|move|p1a: Aegislash|King's Shield|p1a: Aegislash
|-singleturn|p1a: Aegislash|Protect
|move|p2a: Espeon|Stored Power|p1a: Aegislash
|-activate|p1a: Aegislash|Protect
|
|-heal|p2a: Espeon|246\/321|[from] item: Leftovers
|turn|16
|
|move|p2a: Espeon|Substitute|p2a: Espeon
|-start|p2a: Espeon|Substitute
|-damage|p2a: Espeon|166\/321
|-formechange|p1a: Aegislash|Aegislash-Blade
|move|p1a: Aegislash|Shadow Ball|p2a: Espeon
|-supereffective|p2a: Espeon
|-end|p2a: Espeon|Substitute
|
|-heal|p2a: Espeon|186\/321|[from] item: Leftovers
|turn|17
|
|-formechange|p1a: Aegislash|Aegislash
|move|p1a: Aegislash|King's Shield|p1a: Aegislash
|-singleturn|p1a: Aegislash|Protect
|move|p2a: Espeon|Stored Power|p1a: Aegislash
|-activate|p1a: Aegislash|Protect
|
|-heal|p2a: Espeon|206\/321|[from] item: Leftovers
|turn|18
|
|move|p2a: Espeon|Substitute|p2a: Espeon
|-start|p2a: Espeon|Substitute
|-damage|p2a: Espeon|126\/321
|-formechange|p1a: Aegislash|Aegislash-Blade
|move|p1a: Aegislash|Shadow Ball|p2a: Espeon
|-supereffective|p2a: Espeon
|-end|p2a: Espeon|Substitute
|
|-heal|p2a: Espeon|146\/321|[from] item: Leftovers
|turn|19
|
|move|p2a: Espeon|Morning Sun|p2a: Espeon
|-heal|p2a: Espeon|306\/321
|move|p1a: Aegislash|Shadow Ball|p2a: Espeon
|-supereffective|p2a: Espeon
|-damage|p2a: Espeon|130\/321
|
|-heal|p2a: Espeon|150\/321|[from] item: Leftovers
|turn|20
|
|move|p1a: Aegislash|Shadow Sneak|p2a: Espeon
|-supereffective|p2a: Espeon
|-damage|p2a: Espeon|48\/321
|move|p2a: Espeon|Substitute|p2a: Espeon
|-fail|p2a: Espeon|move: Substitute|[weak]
|
|-heal|p2a: Espeon|68\/321|[from] item: Leftovers
|turn|21
|chat|CBZ|wow you are a god
|
|move|p1a: Aegislash|Shadow Sneak|p2a: Espeon
|-supereffective|p2a: Espeon
|-damage|p2a: Espeon|0 fnt
|faint|p2a: Espeon
|
|-message|CBZ forfeited.
|
|win|Fenix-
|raw|Ladder updating...
|leave|CBZ
|player|p2
|raw|Fenix-'s rating: 1797 &rarr; <strong>1814<\/strong><br \/>(+17 for winning)
|raw|CBZ's rating: 1739 &rarr; <strong>1722<\/strong><br \/>(-17 for losing)
|chat|Fenix-|;)