|join|Fenix-
|join|upperrcut
|player|p1|Fenix-|25
|player|p2|upperrcut|1
|gametype|singles
|gen|6
|tier|OU
|rated
|clearpoke
|poke|p1|Chesnaught, M
|poke|p1|Heatran, M
|poke|p1|Rotom-Wash
|poke|p1|Clefable, F
|poke|p1|Aegislash, M
|poke|p1|Quagsire, M
|poke|p2|Slowbro, F
|poke|p2|Latios, M
|poke|p2|Heatran, F
|poke|p2|Scizor, M
|poke|p2|Clefable, F
|poke|p2|Terrakion
|rule|Swagger Clause: Swagger is banned
|rule|Baton Pass Clause: Limit one PokÃ©mon knowing Baton Pass
|rule|Sleep Clause Mod: Limit one foe put to sleep
|rule|Species Clause: Limit one of each PokÃ©mon
|rule|OHKO Clause: OHKO moves are banned
|rule|Moody Clause: Moody is banned
|rule|Evasion Moves Clause: Evasion moves are banned
|rule|Endless Battle Clause: Forcing endless battles is banned
|rule|HP Percentage Mod: HP is reported as percentages
|teampreview
|chat|upperrcut|you again 
|join|Valentine
|join|u got scizor'ed
upperrcut made this room private.
|chat|Fenix-|smog team again
|chat|u got scizor'ed|lol
|chat|upperrcut|it's my friends team 
|
|start
|switch|p1a: Rotom-Wash|Rotom-Wash|303\/303
|switch|p2a: passion|Heatran, F|385\/385
|turn|1
|chat|upperrcut|:]
|
|move|p2a: passion|Protect|p2a: passion
|-singleturn|p2a: passion|Protect
|move|p1a: Rotom-Wash|Hydro Pump|p2a: passion
|-activate|p2a: passion|Protect
|
|turn|2
|
|move|p1a: Rotom-Wash|Hydro Pump|p2a: passion|[miss]
|-miss|p1a: Rotom-Wash|p2a: passion
|move|p2a: passion|Stealth Rock|p1a: Rotom-Wash
|-sidestart|p1: Fenix-|move: Stealth Rock
|
|turn|3
|
|move|p2a: passion|Protect|p2a: passion
|-singleturn|p2a: passion|Protect
|move|p1a: Rotom-Wash|Volt Switch|p2a: passion
|-activate|p2a: passion|Protect
|
|turn|4
|
|move|p1a: Rotom-Wash|Volt Switch|p2a: passion
|-damage|p2a: passion|321\/385
|
|switch|p1a: Heatran|Heatran, M|385\/385
|-damage|p1a: Heatran|337\/385|[from] Stealth Rock
|move|p2a: passion|Toxic|p1a: Heatran
|-fail|p1a: Heatran
|
|-heal|p1a: Heatran|361\/385|[from] item: Leftovers
|-heal|p2a: passion|345\/385|[from] item: Leftovers
|turn|5
|
|switch|p2a: stephen|Clefable, F|394\/394
|move|p1a: Heatran|Stealth Rock|p2a: stephen
|-sidestart|p2: upperrcut|move: Stealth Rock
|
|-heal|p1a: Heatran|385\/385|[from] item: Leftovers
|turn|6
|
|move|p1a: Heatran|Lava Plume|p2a: stephen
|-crit|p2a: stephen
|-damage|p2a: stephen|229\/394
|move|p2a: stephen|Calm Mind|p2a: stephen
|-boost|p2a: stephen|spa|1
|-boost|p2a: stephen|spd|1
|
|-heal|p2a: stephen|253\/394|[from] item: Leftovers
|turn|7
|
|move|p2a: stephen|Calm Mind|p2a: stephen
|-boost|p2a: stephen|spa|1
|-boost|p2a: stephen|spd|1
|move|p1a: Heatran|Roar|p2a: stephen
|drag|p2a: unbirthday|Scizor, M|342\/342
|-damage|p2a: unbirthday|300\/342|[from] Stealth Rock
|
|turn|8
|
|switch|p2a: stephen|Clefable, F|253\/394
|move|p1a: Heatran|Lava Plume|p2a: stephen
|-damage|p2a: stephen|141\/394
|-status|p2a: stephen|brn
|
|-heal|p2a: stephen|165\/394 brn|[from] item: Leftovers
|turn|9
|
|move|p2a: stephen|Soft-Boiled|p2a: stephen
|-heal|p2a: stephen|362\/394 brn
|move|p1a: Heatran|Roar|p2a: stephen
|drag|p2a: unbirthday|Scizor, M|300\/342
|-damage|p2a: unbirthday|258\/342|[from] Stealth Rock
|
|turn|10
|chat|upperrcut|stawp it
|
|switch|p2a: passion|Heatran, F|345\/385
|-damage|p2a: passion|297\/385|[from] Stealth Rock
|move|p1a: Heatran|Lava Plume|p2a: passion
|-start|p2a: passion|ability: Flash Fire
|
|-heal|p2a: passion|321\/385|[from] item: Leftovers
|turn|11
|
|switch|p2a: tele|Slowbro, F|394\/394
|-damage|p2a: tele|345\/394|[from] Stealth Rock
|move|p1a: Heatran|Roar|p2a: tele
|drag|p2a: stephen|Clefable, F|362\/394 brn
|
|-heal|p2a: stephen|386\/394 brn|[from] item: Leftovers
|turn|12
|join|The Goomy
|
|move|p2a: stephen|Calm Mind|p2a: stephen
|-boost|p2a: stephen|spa|1
|-boost|p2a: stephen|spd|1
|move|p1a: Heatran|Roar|p2a: stephen
|drag|p2a: tele|Slowbro, F|394\/394
|-damage|p2a: tele|345\/394|[from] Stealth Rock
|
|-heal|p2a: tele|369\/394|[from] item: Leftovers
|turn|13
|chat|upperrcut|stawp nowww
|
|switch|p1a: Chesnaught|Chesnaught, M|380\/380
|-damage|p1a: Chesnaught|357\/380|[from] Stealth Rock
|move|p2a: tele|Thunder Wave|p1a: Chesnaught
|-status|p1a: Chesnaught|par
|
|-heal|p2a: tele|393\/394|[from] item: Leftovers
|-heal|p1a: Chesnaught|380\/380 par|[from] item: Leftovers
|turn|14
|chat|upperrcut|nice 
|
|move|p2a: tele|Psyshock|p1a: Chesnaught
|-supereffective|p1a: Chesnaught
|-damage|p1a: Chesnaught|258\/380 par
|move|p1a: Chesnaught|Spikes|p2a: tele
|-sidestart|p2: upperrcut|Spikes
|
|-heal|p2a: tele|394\/394|[from] item: Leftovers
|-heal|p1a: Chesnaught|281\/380 par|[from] item: Leftovers
|turn|15
|chat|upperrcut|wow that did nothing 
|
|switch|p1a: Aegislash|Aegislash, M|324\/324
|-damage|p1a: Aegislash|304\/324|[from] Stealth Rock
|move|p2a: tele|Psyshock|p1a: Aegislash
|-resisted|p1a: Aegislash
|-damage|p1a: Aegislash|272\/324
|
|-heal|p1a: Aegislash|292\/324|[from] item: Leftovers
|turn|16
|
|switch|p2a: stephen|Clefable, F|386\/394 brn
|-formechange|p1a: Aegislash|Aegislash-Blade
|move|p1a: Aegislash|Shadow Ball|p2a: stephen
|-damage|p2a: stephen|238\/394 brn
|
|-heal|p2a: stephen|262\/394 brn|[from] item: Leftovers
|-heal|p1a: Aegislash|312\/324|[from] item: Leftovers
|turn|17
|
|-formechange|p1a: Aegislash|Aegislash
|move|p1a: Aegislash|King's Shield|p1a: Aegislash
|-singleturn|p1a: Aegislash|Protect
|move|p2a: stephen|Soft-Boiled|p2a: stephen
|-heal|p2a: stephen|394\/394 brn
|
|-heal|p1a: Aegislash|324\/324|[from] item: Leftovers
|turn|18
|
|move|p2a: stephen|Calm Mind|p2a: stephen
|-boost|p2a: stephen|spa|1
|-boost|p2a: stephen|spd|1
|-formechange|p1a: Aegislash|Aegislash-Blade
|move|p1a: Aegislash|Flash Cannon|p2a: stephen
|-supereffective|p2a: stephen
|-damage|p2a: stephen|166\/394 brn
|
|-heal|p2a: stephen|190\/394 brn|[from] item: Leftovers
|turn|19
|
|switch|p1a: Heatran|Heatran, M|385\/385
|-damage|p1a: Heatran|337\/385|[from] Stealth Rock
|move|p2a: stephen|Flamethrower|p1a: Heatran
|-start|p1a: Heatran|ability: Flash Fire
|
|-heal|p1a: Heatran|361\/385|[from] item: Leftovers
|-heal|p2a: stephen|214\/394 brn|[from] item: Leftovers
|turn|20
|
|move|p1a: Heatran|Lava Plume|p2a: stephen
|-damage|p2a: stephen|106\/394 brn
|move|p2a: stephen|Soft-Boiled|p2a: stephen
|-heal|p2a: stephen|303\/394 brn
|
|-heal|p1a: Heatran|385\/385|[from] item: Leftovers
|-heal|p2a: stephen|327\/394 brn|[from] item: Leftovers
|turn|21
|
|move|p2a: stephen|Calm Mind|p2a: stephen
|-boost|p2a: stephen|spa|1
|-boost|p2a: stephen|spd|1
|move|p1a: Heatran|Roar|p2a: stephen
|drag|p2a: tele|Slowbro, F|394\/394
|-damage|p2a: tele|345\/394|[from] Stealth Rock
|-damage|p2a: tele|296\/394|[from] Spikes
|
|-heal|p2a: tele|320\/394|[from] item: Leftovers
|turn|22
|
|switch|p1a: Chesnaught|Chesnaught, M|281\/380 par
|-damage|p1a: Chesnaught|258\/380 par|[from] Stealth Rock
|move|p2a: tele|Scald|p1a: Chesnaught
|-resisted|p1a: Chesnaught
|-damage|p1a: Chesnaught|196\/380 par
|
|-heal|p2a: tele|344\/394|[from] item: Leftovers
|-heal|p1a: Chesnaught|219\/380 par|[from] item: Leftovers
|turn|23
|
|switch|p2a: valentine|Latios, M|302\/302
|-damage|p2a: valentine|265\/302|[from] Stealth Rock
|switch|p1a: Aegislash|Aegislash, M|324\/324
|-damage|p1a: Aegislash|304\/324|[from] Stealth Rock
|
|-heal|p1a: Aegislash|324\/324|[from] item: Leftovers
|turn|24
|
|switch|p2a: passion|Heatran, F|321\/385
|-damage|p2a: passion|273\/385|[from] Spikes
|-damage|p2a: passion|225\/385|[from] Stealth Rock
|-formechange|p1a: Aegislash|Aegislash-Blade
|move|p1a: Aegislash|Flash Cannon|p2a: passion
|-resisted|p2a: passion
|-damage|p2a: passion|195\/385
|
|-heal|p2a: passion|219\/385|[from] item: Leftovers
|turn|25
|
|switch|p1a: Heatran|Heatran, M|385\/385
|-damage|p1a: Heatran|337\/385|[from] Stealth Rock
|move|p2a: passion|Lava Plume|p1a: Heatran
|-start|p1a: Heatran|ability: Flash Fire
|
|-heal|p1a: Heatran|361\/385|[from] item: Leftovers
|-heal|p2a: passion|243\/385|[from] item: Leftovers
|turn|26
|
|move|p2a: passion|Protect|p2a: passion
|-singleturn|p2a: passion|Protect
|move|p1a: Heatran|Roar|p2a: passion
|drag|p2a: tele|Slowbro, F|394\/394
|-damage|p2a: tele|345\/394|[from] Spikes
|-damage|p2a: tele|296\/394|[from] Stealth Rock
|
|-heal|p1a: Heatran|385\/385|[from] item: Leftovers
|-heal|p2a: tele|320\/394|[from] item: Leftovers
|turn|27
|
|switch|p2a: valentine|Latios, M|265\/302
|-damage|p2a: valentine|228\/302|[from] Stealth Rock
|move|p1a: Heatran|Lava Plume|p2a: valentine
|-resisted|p2a: valentine
|-damage|p2a: valentine|152\/302
|
|turn|28
|
|move|p1a: Heatran|Protect|p1a: Heatran
|-singleturn|p1a: Heatran|Protect
|move|p2a: valentine|Trick|p1a: Heatran
|-activate|p1a: Heatran|Protect
|
|turn|29
|
|switch|p2a: stephen|Clefable, F|327\/394 brn
|move|p1a: Heatran|Lava Plume|p2a: stephen
|-crit|p2a: stephen
|-damage|p2a: stephen|62\/394 brn
|
|-heal|p2a: stephen|86\/394 brn|[from] item: Leftovers
|turn|30
|chat|Fenix-|:(
|
|switch|p2a: passion|Heatran, F|243\/385
|-damage|p2a: passion|195\/385|[from] Stealth Rock
|-damage|p2a: passion|147\/385|[from] Spikes
|move|p1a: Heatran|Lava Plume|p2a: passion
|-start|p2a: passion|ability: Flash Fire
|
|-heal|p2a: passion|171\/385|[from] item: Leftovers
|turn|31
|
|move|p2a: passion|Protect|p2a: passion
|-singleturn|p2a: passion|Protect
|move|p1a: Heatran|Roar|p2a: passion
|drag|p2a: Jasonpwn|Terrakion|324\/324
|-damage|p2a: Jasonpwn|284\/324|[from] Spikes
|-damage|p2a: Jasonpwn|264\/324|[from] Stealth Rock
|
|turn|32
|
|move|p1a: Heatran|Protect|p1a: Heatran
|-singleturn|p1a: Heatran|Protect
|move|p2a: Jasonpwn|Earthquake|p1a: Heatran
|-activate|p1a: Heatran|Protect
|
|turn|33
|
|switch|p2a: valentine|Latios, M|152\/302
|-damage|p2a: valentine|115\/302|[from] Stealth Rock
|switch|p1a: Rotom-Wash|Rotom-Wash|303\/303
|-damage|p1a: Rotom-Wash|266\/303|[from] Stealth Rock
|
|-heal|p1a: Rotom-Wash|284\/303|[from] item: Leftovers
|turn|34
|
|move|p2a: valentine|Defog|p1a: Rotom-Wash
|-unboost|p1a: Rotom-Wash|evasion|1
|-sideend|p1: Fenix-|Stealth Rock|[from] move: Defog|[of] p1a: Rotom-Wash
|-sideend|p2: upperrcut|Spikes|[from] move: Defog|[of] p2a: valentine
|-sideend|p2: upperrcut|Stealth Rock|[from] move: Defog|[of] p2a: valentine
|move|p1a: Rotom-Wash|Volt Switch|p2a: valentine
|-resisted|p2a: valentine
|-damage|p2a: valentine|76\/302
|
|switch|p1a: Heatran|Heatran, M|385\/385
|
|turn|35
|
|switch|p2a: passion|Heatran, F|171\/385
|move|p1a: Heatran|Stealth Rock|p2a: passion
|-sidestart|p2: upperrcut|move: Stealth Rock
|
|-heal|p2a: passion|195\/385|[from] item: Leftovers
|turn|36
|chat|Fenix-|hahahaha
|
|move|p2a: passion|Stealth Rock|p1a: Heatran
|-sidestart|p1: Fenix-|move: Stealth Rock
|move|p1a: Heatran|Roar|p2a: passion
|drag|p2a: valentine|Latios, M|76\/302
|-damage|p2a: valentine|39\/302|[from] Stealth Rock
|
|turn|37
|chat|upperrcut|hm ?
|
|move|p1a: Heatran|Protect|p1a: Heatran
|-singleturn|p1a: Heatran|Protect
|move|p2a: valentine|Trick|p1a: Heatran
|-activate|p1a: Heatran|Protect
|
|turn|38
|
|move|p2a: valentine|Trick|p1a: Heatran
|-activate|p2a: valentine|move: Trick|[of] p1a: Heatran
|-item|p1a: Heatran|Choice Scarf|[from] move: Trick
|-item|p2a: valentine|Leftovers|[from] move: Trick
|move|p1a: Heatran|Lava Plume|p2a: valentine
|-resisted|p2a: valentine
|-damage|p2a: valentine|0 fnt
|faint|p2a: valentine
|
|
|switch|p2a: stephen|Clefable, F|86\/394 brn
|turn|39
|
|switch|p2a: tele|Slowbro, F|394\/394
|-damage|p2a: tele|345\/394|[from] Stealth Rock
|move|p1a: Heatran|Lava Plume|p2a: tele
|-resisted|p2a: tele
|-damage|p2a: tele|271\/394
|-status|p2a: tele|brn
|
|-heal|p2a: tele|295\/394 brn|[from] item: Leftovers
|-damage|p2a: tele|246\/394 brn|[from] brn
|turn|40
|chat|upperrcut|?:{
|chat|Fenix-|it's really fucking stupid to play witha  team that already the whole community knos
|
|switch|p1a: Clefable|Clefable, F|394\/394
|switch|p2a: Jasonpwn|Terrakion|264\/324
|-damage|p2a: Jasonpwn|244\/324|[from] Stealth Rock
|
|turn|41
|chat|upperrcut|why are you being rude
|chat|upperrcut|lol. no reason. 
|chat|Fenix-|because is my opinion only
|chat|u got scizor'ed|weird that team went 1 and 2 on the ladder even if everybody knows it
|chat|upperrcut|it's really stupid not to use a mega, but i didnt say anything. 
|chat|u got scizor'ed|means something
|chat|u got scizor'ed|imo
|chat|upperrcut|^
|chat|Fenix-|to not use a mega
|chat|Fenix-|sure
|chat|upperrcut|that's my point. ppl know it, but yet tele still wins. 
|chat|Fenix-|its called skills
|chat|u got scizor'ed|prolly ppl hate becos the team is anooying as hell
|chat|upperrcut|are you autistic 
|chat|u got scizor'ed|not becos everyone knows
|chat|upperrcut|you just proved my point fenix
|
|switch|p2a: passion|Heatran, F|195\/385
|-damage|p2a: passion|147\/385|[from] Stealth Rock
|move|p1a: Clefable|Protect|p1a: Clefable
|-fail|p1a: Clefable
|
|-heal|p2a: passion|171\/385|[from] item: Leftovers
|turn|42
|
|switch|p1a: Heatran|Heatran, M|385\/385
|-damage|p1a: Heatran|337\/385|[from] Stealth Rock
|move|p2a: passion|Protect|p2a: passion
|-fail|p2a: passion
|
|-heal|p2a: passion|195\/385|[from] item: Leftovers
|turn|43
|
|move|p2a: passion|Protect|p2a: passion
|-singleturn|p2a: passion|Protect
|move|p1a: Heatran|Roar|p2a: passion
|drag|p2a: stephen|Clefable, F|86\/394 brn
|
|-heal|p2a: stephen|110\/394 brn|[from] item: Leftovers
|turn|44
|
|switch|p1a: Aegislash|Aegislash, M|324\/324
|-damage|p1a: Aegislash|304\/324|[from] Stealth Rock
|move|p2a: stephen|Soft-Boiled|p2a: stephen
|-heal|p2a: stephen|307\/394 brn
|
|-heal|p2a: stephen|331\/394 brn|[from] item: Leftovers
|-heal|p1a: Aegislash|324\/324|[from] item: Leftovers
|turn|45
|
|switch|p2a: passion|Heatran, F|195\/385
|-damage|p2a: passion|147\/385|[from] Stealth Rock
|-formechange|p1a: Aegislash|Aegislash-Blade
|move|p1a: Aegislash|Flash Cannon|p2a: passion
|-resisted|p2a: passion
|-damage|p2a: passion|119\/385
|
|-heal|p2a: passion|143\/385|[from] item: Leftovers
|turn|46
|
|switch|p1a: Quagsire|Quagsire, M|394\/394
|-damage|p1a: Quagsire|370\/394|[from] Stealth Rock
|move|p2a: passion|Lava Plume|p1a: Quagsire
|-resisted|p1a: Quagsire
|-damage|p1a: Quagsire|290\/394
|
|-heal|p2a: passion|167\/385|[from] item: Leftovers
|-heal|p1a: Quagsire|314\/394|[from] item: Leftovers
|turn|47
|
|move|p2a: passion|Protect|p2a: passion
|-singleturn|p2a: passion|Protect
|move|p1a: Quagsire|Earthquake|p2a: passion
|-activate|p2a: passion|Protect
|
|-heal|p2a: passion|191\/385|[from] item: Leftovers
|-heal|p1a: Quagsire|338\/394|[from] item: Leftovers
|turn|48
|
|switch|p2a: stephen|Clefable, F|331\/394 brn
|move|p1a: Quagsire|Scald|p2a: stephen
|-damage|p2a: stephen|270\/394 brn
|
|-heal|p2a: stephen|294\/394 brn|[from] item: Leftovers
|-heal|p1a: Quagsire|362\/394|[from] item: Leftovers
|turn|49
|
|switch|p1a: Clefable|Clefable, F|394\/394
|move|p2a: stephen|Calm Mind|p2a: stephen
|-boost|p2a: stephen|spa|1
|-boost|p2a: stephen|spd|1
|
|-heal|p2a: stephen|318\/394 brn|[from] item: Leftovers
|turn|50
|
|move|p1a: Clefable|Aromatherapy|p1a: Clefable
|-cureteam|p1a: Clefable|[from] move: Aromatherapy
|move|p2a: stephen|Calm Mind|p2a: stephen
|-boost|p2a: stephen|spa|1
|-boost|p2a: stephen|spd|1
|
|-heal|p2a: stephen|342\/394 brn|[from] item: Leftovers
|turn|51
|
|move|p1a: Clefable|Wish|p1a: Clefable
|move|p2a: stephen|Calm Mind|p2a: stephen
|-boost|p2a: stephen|spa|1
|-boost|p2a: stephen|spd|1
|
|-heal|p2a: stephen|366\/394 brn|[from] item: Leftovers
|turn|52
|
|switch|p1a: Heatran|Heatran, M|337\/385
|-damage|p1a: Heatran|289\/385|[from] Stealth Rock
|move|p2a: stephen|Calm Mind|p2a: stephen
|-boost|p2a: stephen|spa|1
|-boost|p2a: stephen|spd|1
|
|-heal|p1a: Heatran|385\/385|[from] move: Wish|[wisher] Clefable
|-heal|p2a: stephen|390\/394 brn|[from] item: Leftovers
|turn|53
|
|move|p2a: stephen|Moonblast|p1a: Heatran
|-resisted|p1a: Heatran
|-damage|p1a: Heatran|329\/385
|move|p1a: Heatran|Roar|p2a: stephen
|drag|p2a: unbirthday|Scizor, M|258\/342
|-damage|p2a: unbirthday|216\/342|[from] Stealth Rock
|
|turn|54
|
|switch|p1a: Chesnaught|Chesnaught, M|219\/380
|-damage|p1a: Chesnaught|196\/380|[from] Stealth Rock
|detailschange|p2a: unbirthday|Scizor-Mega, M
|message|Scizor has Mega Evolved into Mega Scizor!
|move|p2a: unbirthday|Roost|p2a: unbirthday
|-heal|p2a: unbirthday|342\/342
|
|-heal|p1a: Chesnaught|219\/380|[from] item: Leftovers
|turn|55
|
|switch|p2a: passion|Heatran, F|191\/385
|-damage|p2a: passion|143\/385|[from] Stealth Rock
|move|p1a: Chesnaught|Spikes|p2a: passion
|-sidestart|p2: upperrcut|Spikes
|
|-heal|p2a: passion|167\/385|[from] item: Leftovers
|-heal|p1a: Chesnaught|242\/380|[from] item: Leftovers
|turn|56
|
|switch|p1a: Heatran|Heatran, M|329\/385
|-damage|p1a: Heatran|281\/385|[from] Stealth Rock
|move|p2a: passion|Lava Plume|p1a: Heatran
|-start|p1a: Heatran|ability: Flash Fire
|
|-heal|p2a: passion|191\/385|[from] item: Leftovers
|turn|57
|
|move|p2a: passion|Stealth Rock|p1a: Heatran
|-fail|p1a: Heatran
|move|p1a: Heatran|Roar|p2a: passion
|drag|p2a: tele|Slowbro, F|377\/394 brn
|-damage|p2a: tele|328\/394 brn|[from] Stealth Rock
|-damage|p2a: tele|279\/394 brn|[from] Spikes
|
|-heal|p2a: tele|303\/394 brn|[from] item: Leftovers
|-damage|p2a: tele|254\/394 brn|[from] brn
|turn|58
|
|switch|p1a: Aegislash|Aegislash, M|324\/324
|-damage|p1a: Aegislash|304\/324|[from] Stealth Rock
|switch|p2a: stephen|Clefable, F|390\/394 brn
|
|-heal|p2a: stephen|394\/394 brn|[from] item: Leftovers
|-heal|p1a: Aegislash|324\/324|[from] item: Leftovers
|turn|59
|
|move|p2a: stephen|Calm Mind|p2a: stephen
|-boost|p2a: stephen|spa|1
|-boost|p2a: stephen|spd|1
|-formechange|p1a: Aegislash|Aegislash-Blade
|move|p1a: Aegislash|Flash Cannon|p2a: stephen
|-supereffective|p2a: stephen
|-damage|p2a: stephen|172\/394 brn
|
|-heal|p2a: stephen|196\/394 brn|[from] item: Leftovers
|turn|60
|
|switch|p1a: Clefable|Clefable, F|394\/394
|move|p2a: stephen|Soft-Boiled|p2a: stephen
|-heal|p2a: stephen|393\/394 brn
|
|-heal|p2a: stephen|394\/394 brn|[from] item: Leftovers
|turn|61
|
|move|p2a: stephen|Moonblast|p1a: Clefable
|-damage|p1a: Clefable|262\/394
|-unboost|p1a: Clefable|spa|1
|move|p1a: Clefable|Wish|p1a: Clefable
|
|-heal|p1a: Clefable|286\/394|[from] item: Leftovers
|turn|62
|
|switch|p1a: Heatran|Heatran, M|281\/385
|-damage|p1a: Heatran|233\/385|[from] Stealth Rock
|move|p2a: stephen|Moonblast|p1a: Heatran
|-crit|p1a: Heatran
|-resisted|p1a: Heatran
|-damage|p1a: Heatran|187\/385
|
|-heal|p1a: Heatran|384\/385|[from] move: Wish|[wisher] Clefable
|turn|63
|
|move|p2a: stephen|Moonblast|p1a: Heatran
|-resisted|p1a: Heatran
|-damage|p1a: Heatran|357\/385
|move|p1a: Heatran|Roar|p2a: stephen
|drag|p2a: tele|Slowbro, F|385\/394 brn
|-damage|p2a: tele|336\/394 brn|[from] Stealth Rock
|-damage|p2a: tele|287\/394 brn|[from] Spikes
|
|-heal|p2a: tele|311\/394 brn|[from] item: Leftovers
|-damage|p2a: tele|262\/394 brn|[from] brn
|turn|64
|c|âupperrcut|!data roar 
|c|~|\/data-move Roar

|
|switch|p1a: Rotom-Wash|Rotom-Wash|284\/303
|-damage|p1a: Rotom-Wash|247\/303|[from] Stealth Rock
|move|p2a: tele|Scald|p1a: Rotom-Wash
|-resisted|p1a: Rotom-Wash
|-damage|p1a: Rotom-Wash|200\/303
|
|-heal|p1a: Rotom-Wash|218\/303|[from] item: Leftovers
|-heal|p2a: tele|286\/394 brn|[from] item: Leftovers
|-damage|p2a: tele|237\/394 brn|[from] brn
|turn|65
|
|switch|p2a: stephen|Clefable, F|394\/394 brn
|move|p1a: Rotom-Wash|Volt Switch|p2a: stephen
|-damage|p2a: stephen|312\/394 brn
|
|switch|p1a: Aegislash|Aegislash, M|324\/324
|-damage|p1a: Aegislash|304\/324|[from] Stealth Rock
|
|-heal|p2a: stephen|336\/394 brn|[from] item: Leftovers
|-heal|p1a: Aegislash|324\/324|[from] item: Leftovers
|turn|66
|
|switch|p2a: passion|Heatran, F|191\/385
|-damage|p2a: passion|143\/385|[from] Spikes
|-damage|p2a: passion|95\/385|[from] Stealth Rock
|-formechange|p1a: Aegislash|Aegislash-Blade
|move|p1a: Aegislash|Shadow Ball|p2a: passion
|-damage|p2a: passion|0 fnt
|faint|p2a: passion
|
|chat|Fenix-|:(
|
|switch|p2a: unbirthday|Scizor-Mega, M|342\/342
|-damage|p2a: unbirthday|300\/342|[from] Spikes
|-damage|p2a: unbirthday|258\/342|[from] Stealth Rock
|turn|67
|
|switch|p1a: Heatran|Heatran, M|357\/385
|-damage|p1a: Heatran|309\/385|[from] Stealth Rock
|move|p2a: unbirthday|Roost|p2a: unbirthday
|-heal|p2a: unbirthday|342\/342
|
|turn|68
|
|switch|p2a: stephen|Clefable, F|336\/394 brn
|move|p1a: Heatran|Lava Plume|p2a: stephen
|-damage|p2a: stephen|236\/394 brn
|
|-heal|p2a: stephen|260\/394 brn|[from] item: Leftovers
|turn|69
|
|switch|p1a: Clefable|Clefable, F|286\/394
|move|p2a: stephen|Calm Mind|p2a: stephen
|-boost|p2a: stephen|spa|1
|-boost|p2a: stephen|spd|1
|
|-heal|p2a: stephen|284\/394 brn|[from] item: Leftovers
|-heal|p1a: Clefable|310\/394|[from] item: Leftovers
|turn|70
|
|move|p1a: Clefable|Wish|p1a: Clefable
|move|p2a: stephen|Moonblast|p1a: Clefable
|-damage|p1a: Clefable|177\/394
|
|-heal|p1a: Clefable|201\/394|[from] item: Leftovers
|-heal|p2a: stephen|308\/394 brn|[from] item: Leftovers
|turn|71
|
|move|p2a: stephen|Calm Mind|p2a: stephen
|-boost|p2a: stephen|spa|1
|-boost|p2a: stephen|spd|1
|move|p1a: Clefable|Moonblast|p2a: stephen
|-damage|p2a: stephen|256\/394 brn
|-unboost|p2a: stephen|spa|1
|
|-heal|p1a: Clefable|394\/394|[from] move: Wish|[wisher] Clefable
|-heal|p2a: stephen|280\/394 brn|[from] item: Leftovers
|turn|72
|
|move|p2a: stephen|Moonblast|p1a: Clefable
|-damage|p1a: Clefable|259\/394
|-unboost|p1a: Clefable|spa|1
|move|p1a: Clefable|Wish|p1a: Clefable
|
|-heal|p1a: Clefable|283\/394|[from] item: Leftovers
|-heal|p2a: stephen|304\/394 brn|[from] item: Leftovers
|turn|73
|
|move|p2a: stephen|Calm Mind|p2a: stephen
|-boost|p2a: stephen|spa|1
|-boost|p2a: stephen|spd|1
|move|p1a: Clefable|Moonblast|p2a: stephen
|-damage|p2a: stephen|277\/394 brn
|
|-heal|p1a: Clefable|394\/394|[from] move: Wish|[wisher] Clefable
|-heal|p2a: stephen|301\/394 brn|[from] item: Leftovers
|turn|74
|
|switch|p1a: Heatran|Heatran, M|309\/385
|-damage|p1a: Heatran|261\/385|[from] Stealth Rock
|move|p2a: stephen|Soft-Boiled|p2a: stephen
|-heal|p2a: stephen|394\/394 brn
|
|turn|75
|
|switch|p2a: unbirthday|Scizor-Mega, M|342\/342
|-damage|p2a: unbirthday|300\/342|[from] Spikes
|-damage|p2a: unbirthday|258\/342|[from] Stealth Rock
|move|p1a: Heatran|Roar|p2a: unbirthday
|drag|p2a: tele|Slowbro, F|368\/394 brn
|-damage|p2a: tele|319\/394 brn|[from] Stealth Rock
|-damage|p2a: tele|270\/394 brn|[from] Spikes
|
|-heal|p2a: tele|294\/394 brn|[from] item: Leftovers
|-damage|p2a: tele|245\/394 brn|[from] brn
|turn|76
|
|switch|p1a: Rotom-Wash|Rotom-Wash|218\/303
|-damage|p1a: Rotom-Wash|181\/303|[from] Stealth Rock
|move|p2a: tele|Scald|p1a: Rotom-Wash
|-resisted|p1a: Rotom-Wash
|-damage|p1a: Rotom-Wash|136\/303
|
|-heal|p1a: Rotom-Wash|154\/303|[from] item: Leftovers
|-heal|p2a: tele|269\/394 brn|[from] item: Leftovers
|-damage|p2a: tele|220\/394 brn|[from] brn
|turn|77
|
|move|p1a: Rotom-Wash|Volt Switch|p2a: tele
|-supereffective|p2a: tele
|-damage|p2a: tele|14\/394 brn
|
|switch|p1a: Clefable|Clefable, F|394\/394
|move|p2a: tele|Scald|p1a: Clefable
|-damage|p1a: Clefable|316\/394
|-status|p1a: Clefable|brn
|
|-heal|p1a: Clefable|340\/394 brn|[from] item: Leftovers
|-heal|p2a: tele|38\/394 brn|[from] item: Leftovers
|-damage|p2a: tele|0 fnt|[from] brn
|faint|p2a: tele
|
|switch|p2a: Jasonpwn|Terrakion|244\/324
|-damage|p2a: Jasonpwn|224\/324|[from] Stealth Rock
|-damage|p2a: Jasonpwn|184\/324|[from] Spikes
|turn|78
|chat|Fenix-|6-0
|chat|Fenix-|to the actually 'number 1 team'
|chat|u got scizor'ed|exactly
|chat|The Goomy|Fenix you don't have to be a douchenugget
|chat|Fenix-|I write what I want
|chat|Fenix-|I'm not offending anyone
|chat|The Goomy|Fenix you don't have to be a douchenugget
|
|move|p1a: Clefable|Protect|p1a: Clefable
|-singleturn|p1a: Clefable|Protect
|move|p2a: Jasonpwn|Close Combat|p1a: Clefable
|-activate|p1a: Clefable|Protect
|
|-heal|p1a: Clefable|364\/394 brn|[from] item: Leftovers
|turn|79
|
|switch|p1a: Aegislash|Aegislash, M|324\/324
|-damage|p1a: Aegislash|304\/324|[from] Stealth Rock
|move|p2a: Jasonpwn|Close Combat|p1a: Aegislash
|-immune|p1a: Aegislash|[msg]
|
|-heal|p1a: Aegislash|324\/324|[from] item: Leftovers
|turn|80
|
|switch|p2a: unbirthday|Scizor-Mega, M|258\/342
|-damage|p2a: unbirthday|216\/342|[from] Spikes
|-damage|p2a: unbirthday|174\/342|[from] Stealth Rock
|-formechange|p1a: Aegislash|Aegislash-Blade
|move|p1a: Aegislash|Flash Cannon|p2a: unbirthday
|-resisted|p2a: unbirthday
|-damage|p2a: unbirthday|82\/342
|
|turn|81
|
|switch|p1a: Heatran|Heatran, M|261\/385
|-damage|p1a: Heatran|213\/385|[from] Stealth Rock
|move|p2a: unbirthday|Bullet Punch|p1a: Heatran
|-resisted|p1a: Heatran
|-damage|p1a: Heatran|189\/385
|
|turn|82
|
|move|p2a: unbirthday|Bullet Punch|p1a: Heatran
|-resisted|p1a: Heatran
|-damage|p1a: Heatran|164\/385
|move|p1a: Heatran|Lava Plume|p2a: unbirthday
|-supereffective|p2a: unbirthday
|-damage|p2a: unbirthday|0 fnt
|faint|p2a: unbirthday
|
|
|switch|p2a: Jasonpwn|Terrakion|184\/324
|-damage|p2a: Jasonpwn|144\/324|[from] Spikes
|-damage|p2a: Jasonpwn|124\/324|[from] Stealth Rock
|turn|83
|
|switch|p1a: Chesnaught|Chesnaught, M|242\/380
|-damage|p1a: Chesnaught|219\/380|[from] Stealth Rock
|move|p2a: Jasonpwn|Earthquake|p1a: Chesnaught
|-resisted|p1a: Chesnaught
|-damage|p1a: Chesnaught|182\/380
|
|-heal|p1a: Chesnaught|205\/380|[from] item: Leftovers
|turn|84
|
|move|p2a: Jasonpwn|Earthquake|p1a: Chesnaught
|-resisted|p1a: Chesnaught
|-damage|p1a: Chesnaught|163\/380
|move|p1a: Chesnaught|Spikes|p2a: Jasonpwn
|-sidestart|p2: upperrcut|Spikes
|
|-heal|p1a: Chesnaught|186\/380|[from] item: Leftovers
|turn|85
|
|move|p1a: Chesnaught|Spiky Shield|p1a: Chesnaught
|-singleturn|p1a: Chesnaught|move: Protect
|move|p2a: Jasonpwn|Earthquake|p1a: Chesnaught
|-activate|p1a: Chesnaught|move: Protect
|
|-heal|p1a: Chesnaught|209\/380|[from] item: Leftovers
|turn|86
|chat|upperrcut|thatll matter imo 
|
|move|p2a: Jasonpwn|Earthquake|p1a: Chesnaught
|-resisted|p1a: Chesnaught
|-damage|p1a: Chesnaught|169\/380
|move|p1a: Chesnaught|Leech Seed|p2a: Jasonpwn
|-start|p2a: Jasonpwn|move: Leech Seed
|
|-heal|p1a: Chesnaught|192\/380|[from] item: Leftovers
|-damage|p2a: Jasonpwn|84\/324|[from] Leech Seed|[of] p1a: Chesnaught
|-heal|p1a: Chesnaught|232\/380|[silent]
|turn|87
|chat|Fenix-|oh fuck
|chat|Fenix-|pp stall
|chat|Fenix-|quag vs clefable
|
|switch|p1a: Clefable|Clefable, F|364\/394 brn
|move|p2a: Jasonpwn|Earthquake|p1a: Clefable
|-damage|p1a: Clefable|210\/394 brn
|
|-heal|p1a: Clefable|234\/394 brn|[from] item: Leftovers
|-damage|p2a: Jasonpwn|44\/324|[from] Leech Seed|[of] p1a: Clefable
|-heal|p1a: Clefable|274\/394 brn|[silent]
|turn|88
|chat|u got scizor'ed|didnt u say 6-0 1 moment ago
|
|move|p1a: Clefable|Protect|p1a: Clefable
|-singleturn|p1a: Clefable|Protect
|move|p2a: Jasonpwn|Earthquake|p1a: Clefable
|-activate|p1a: Clefable|Protect
|
|-heal|p1a: Clefable|298\/394 brn|[from] item: Leftovers
|-damage|p2a: Jasonpwn|4\/324|[from] Leech Seed|[of] p1a: Clefable
|-heal|p1a: Clefable|338\/394 brn|[silent]
|turn|89
|chat|upperrcut|he would like to think so 
|chat|Fenix-|Im gonna win anyways
|
|move|p2a: Jasonpwn|Earthquake|p1a: Clefable
|-damage|p1a: Clefable|162\/394 brn
|move|p1a: Clefable|Wish|p1a: Clefable
|
|-heal|p1a: Clefable|186\/394 brn|[from] item: Leftovers
|-damage|p2a: Jasonpwn|0 fnt|[from] Leech Seed|[of] p1a: Clefable
|-heal|p1a: Clefable|190\/394 brn|[silent]
|faint|p2a: Jasonpwn
|chat|u got scizor'ed|we know we know
|chat|The Goomy|Why yes he did
|chat|The Goomy|Fenix-: 6-0
|chat|upperrcut|i mean you have to be dim to think i'd just start sacking all the mons. 
|
|switch|p2a: stephen|Clefable, F|394\/394 brn
|turn|90
|
|switch|p1a: Heatran|Heatran, M|164\/385
|-damage|p1a: Heatran|116\/385|[from] Stealth Rock
|move|p2a: stephen|Calm Mind|p2a: stephen
|-boost|p2a: stephen|spa|1
|-boost|p2a: stephen|spd|1
|
|-heal|p1a: Heatran|313\/385|[from] move: Wish|[wisher] Clefable
|turn|91
|chat|u got scizor'ed|i hope u have haze on that quag
|
|switch|p1a: Clefable|Clefable, F|190\/394 brn
|move|p2a: stephen|Calm Mind|p2a: stephen
|-boost|p2a: stephen|spa|1
|-boost|p2a: stephen|spd|1
|
|-heal|p1a: Clefable|214\/394 brn|[from] item: Leftovers
|turn|92
|chat|Fenix-|I have unware
|chat|upperrcut|im not a nub
|chat|u got scizor'ed|thats not the same thing of having haze + unaware
|chat|upperrcut|lol 
|chat|upperrcut|^
|
|move|p2a: stephen|Calm Mind|p2a: stephen
|-boost|p2a: stephen|spa|1
|-boost|p2a: stephen|spd|1
|move|p1a: Clefable|Wish|p1a: Clefable
|
|-heal|p1a: Clefable|238\/394 brn|[from] item: Leftovers
|turn|93
|chat|upperrcut|ur clef is magic guard, your quag is unaware 
|
|move|p2a: stephen|Calm Mind|p2a: stephen
|-boost|p2a: stephen|spa|1
|-boost|p2a: stephen|spd|1
|move|p1a: Clefable|Moonblast|p2a: stephen
|-damage|p2a: stephen|358\/394 brn
|
|-heal|p1a: Clefable|394\/394 brn|[from] move: Wish|[wisher] Clefable
|-heal|p2a: stephen|382\/394 brn|[from] item: Leftovers
|turn|94
|
|move|p2a: stephen|Calm Mind|p2a: stephen
|-boost|p2a: stephen|spa|1
|-boost|p2a: stephen|spd|1
|move|p1a: Clefable|Wish|p1a: Clefable
|
|-heal|p2a: stephen|394\/394 brn|[from] item: Leftovers
|turn|95
|
|switch|p1a: Heatran|Heatran, M|313\/385
|-damage|p1a: Heatran|265\/385|[from] Stealth Rock
|move|p2a: stephen|Calm Mind|p2a: stephen
|-boost|p2a: stephen|spa|1
|-boost|p2a: stephen|spd|1
|
|-heal|p1a: Heatran|385\/385|[from] move: Wish|[wisher] Clefable
|turn|96
|
|move|p1a: Heatran|Protect|p1a: Heatran
|-singleturn|p1a: Heatran|Protect
|move|p2a: stephen|Moonblast|p1a: Heatran
|-activate|p1a: Heatran|Protect
|
|turn|97
|
|move|p1a: Heatran|Protect|p1a: Heatran
|-fail|p1a: Heatran
|move|p2a: stephen|Calm Mind|p2a: stephen
|-fail|p2a: stephen
|
|turn|98
|
|move|p1a: Heatran|Protect|p1a: Heatran
|-singleturn|p1a: Heatran|Protect
|move|p2a: stephen|Calm Mind|p2a: stephen
|-fail|p2a: stephen
|
|turn|99
|chat|Fenix-|well
|chat|Fenix-|maybe is not gonna be 6-'ed
|chat|The Goomy|strong plays imo
|chat|Fenix-|I want to end this quick
|chat|The Goomy|Fenix-: 6-0
|chat|The Goomy|Fenix-: 6-0
|chat|The Goomy|Fenix-: 6-0
|chat|The Goomy|Fenix-: 6-0
|chat|The Goomy|Fenix-: 6-0
|chat|The Goomy|Fenix-: 6-0
|chat|The Goomy|Fenix-: 6-0
|chat|The Goomy|Fenix-: 6-0
|chat|The Goomy|Fenix-: 6-0
|chat|The Goomy|Fenix-: 6-0
|chat|The Goomy|Fenix-: 6-0
|chat|The Goomy|Fenix-: 6-0
|chat|The Goomy|Fenix-: 6-0
|chat|The Goomy|Fenix-: 6-0
|chat|The Goomy|Fenix-: 6-0
|chat|The Goomy|Fenix-: 6-0
|chat|Fenix-|yeah goomy
|
|move|p1a: Heatran|Protect|p1a: Heatran
|-fail|p1a: Heatran
|move|p2a: stephen|Moonblast|p1a: Heatran
|-resisted|p1a: Heatran
|-damage|p1a: Heatran|309\/385
|
|turn|100
|chat|The Goomy|Fenix-: 6-0
|
|switch|p1a: Chesnaught|Chesnaught, M|232\/380
|-damage|p1a: Chesnaught|209\/380|[from] Stealth Rock
|move|p2a: stephen|Calm Mind|p2a: stephen
|-fail|p2a: stephen
|
|-heal|p1a: Chesnaught|232\/380|[from] item: Leftovers
|turn|101
|
|move|p1a: Chesnaught|Spiky Shield|p1a: Chesnaught
|-singleturn|p1a: Chesnaught|move: Protect
|move|p2a: stephen|Flamethrower|p1a: Chesnaught
|-activate|p1a: Chesnaught|move: Protect
|
|-heal|p1a: Chesnaught|255\/380|[from] item: Leftovers
|turn|102
|chat|The Goomy|imo it's gonna be 1-0
|chat|Fenix-|maybe
|chat|The Goomy|>I want this to go quick
|chat|The Goomy|Uses fat team
|chat|Fenix-|XD
|chat|Fenix-|indeed
|chat|upperrcut|fenix where are you from
|
|switch|p1a: Quagsire|Quagsire, M|362\/394
|-damage|p1a: Quagsire|338\/394|[from] Stealth Rock
|move|p2a: stephen|Moonblast|p1a: Quagsire
|-damage|p1a: Quagsire|184\/394
|
|-heal|p1a: Quagsire|208\/394|[from] item: Leftovers
|turn|103
|chat|Fenix-|Chile
|
|move|p2a: stephen|Moonblast|p1a: Quagsire
|-damage|p1a: Quagsire|55\/394
|-unboost|p1a: Quagsire|spa|1
|move|p1a: Quagsire|Recover|p1a: Quagsire
|-heal|p1a: Quagsire|252\/394
|
|-heal|p1a: Quagsire|276\/394|[from] item: Leftovers
|turn|104
|
|move|p2a: stephen|Flamethrower|p1a: Quagsire
|-resisted|p1a: Quagsire
|-damage|p1a: Quagsire|231\/394
|move|p1a: Quagsire|Recover|p1a: Quagsire
|-heal|p1a: Quagsire|394\/394
|
|turn|105
|
|move|p2a: stephen|Flamethrower|p1a: Quagsire
|-resisted|p1a: Quagsire
|-damage|p1a: Quagsire|345\/394
|move|p1a: Quagsire|Earthquake|p2a: stephen
|-damage|p2a: stephen|289\/394 brn
|
|-heal|p2a: stephen|313\/394 brn|[from] item: Leftovers
|-heal|p1a: Quagsire|369\/394|[from] item: Leftovers
|turn|106
|
|move|p2a: stephen|Flamethrower|p1a: Quagsire
|-resisted|p1a: Quagsire
|-damage|p1a: Quagsire|325\/394
|move|p1a: Quagsire|Earthquake|p2a: stephen
|-damage|p2a: stephen|199\/394 brn
|
|-heal|p2a: stephen|223\/394 brn|[from] item: Leftovers
|-heal|p1a: Quagsire|349\/394|[from] item: Leftovers
|turn|107
|
|move|p2a: stephen|Flamethrower|p1a: Quagsire
|-resisted|p1a: Quagsire
|-damage|p1a: Quagsire|304\/394
|move|p1a: Quagsire|Earthquake|p2a: stephen
|-damage|p2a: stephen|111\/394 brn
|
|-heal|p2a: stephen|135\/394 brn|[from] item: Leftovers
|-heal|p1a: Quagsire|328\/394|[from] item: Leftovers
|turn|108
|
|move|p2a: stephen|Moonblast|p1a: Quagsire
|-damage|p1a: Quagsire|172\/394
|-unboost|p1a: Quagsire|spa|1
|move|p1a: Quagsire|Earthquake|p2a: stephen
|-damage|p2a: stephen|26\/394 brn
|
|-heal|p2a: stephen|50\/394 brn|[from] item: Leftovers
|-heal|p1a: Quagsire|196\/394|[from] item: Leftovers
|turn|109
|
|move|p2a: stephen|Soft-Boiled|p2a: stephen
|-heal|p2a: stephen|247\/394 brn
|move|p1a: Quagsire|Recover|p1a: Quagsire
|-heal|p1a: Quagsire|393\/394
|
|-heal|p2a: stephen|271\/394 brn|[from] item: Leftovers
|-heal|p1a: Quagsire|394\/394|[from] item: Leftovers
|turn|110
|
|move|p2a: stephen|Flamethrower|p1a: Quagsire
|-resisted|p1a: Quagsire
|-damage|p1a: Quagsire|344\/394
|move|p1a: Quagsire|Earthquake|p2a: stephen
|-damage|p2a: stephen|162\/394 brn
|
|-heal|p2a: stephen|186\/394 brn|[from] item: Leftovers
|-heal|p1a: Quagsire|368\/394|[from] item: Leftovers
|turn|111
|
|move|p2a: stephen|Soft-Boiled|p2a: stephen
|-heal|p2a: stephen|383\/394 brn
|move|p1a: Quagsire|Earthquake|p2a: stephen
|-damage|p2a: stephen|284\/394 brn
|
|-heal|p2a: stephen|308\/394 brn|[from] item: Leftovers
|-heal|p1a: Quagsire|392\/394|[from] item: Leftovers
|turn|112
|
|move|p2a: stephen|Flamethrower|p1a: Quagsire
|-resisted|p1a: Quagsire
|-damage|p1a: Quagsire|343\/394
|move|p1a: Quagsire|Earthquake|p2a: stephen
|-damage|p2a: stephen|211\/394 brn
|
|-heal|p2a: stephen|235\/394 brn|[from] item: Leftovers
|-heal|p1a: Quagsire|367\/394|[from] item: Leftovers
|turn|113
|
|move|p2a: stephen|Flamethrower|p1a: Quagsire
|-crit|p1a: Quagsire
|-resisted|p1a: Quagsire
|-damage|p1a: Quagsire|293\/394
|move|p1a: Quagsire|Earthquake|p2a: stephen
|-damage|p2a: stephen|126\/394 brn
|
|-heal|p2a: stephen|150\/394 brn|[from] item: Leftovers
|-heal|p1a: Quagsire|317\/394|[from] item: Leftovers
|turn|114
|
|move|p2a: stephen|Moonblast|p1a: Quagsire
|-damage|p1a: Quagsire|158\/394
|move|p1a: Quagsire|Earthquake|p2a: stephen
|-damage|p2a: stephen|41\/394 brn
|
|-heal|p2a: stephen|65\/394 brn|[from] item: Leftovers
|-heal|p1a: Quagsire|182\/394|[from] item: Leftovers
|turn|115
|
|move|p2a: stephen|Soft-Boiled|p2a: stephen
|-heal|p2a: stephen|262\/394 brn
|move|p1a: Quagsire|Recover|p1a: Quagsire
|-heal|p1a: Quagsire|379\/394
|
|-heal|p2a: stephen|286\/394 brn|[from] item: Leftovers
|-heal|p1a: Quagsire|394\/394|[from] item: Leftovers
|turn|116
|
|move|p2a: stephen|Flamethrower|p1a: Quagsire
|-resisted|p1a: Quagsire
|-damage|p1a: Quagsire|345\/394
|move|p1a: Quagsire|Earthquake|p2a: stephen
|-damage|p2a: stephen|181\/394 brn
|
|-heal|p2a: stephen|205\/394 brn|[from] item: Leftovers
|-heal|p1a: Quagsire|369\/394|[from] item: Leftovers
|turn|117
|
|move|p2a: stephen|Flamethrower|p1a: Quagsire
|-resisted|p1a: Quagsire
|-damage|p1a: Quagsire|325\/394
|-status|p1a: Quagsire|brn
|move|p1a: Quagsire|Earthquake|p2a: stephen
|-damage|p2a: stephen|153\/394 brn
|
|-heal|p2a: stephen|177\/394 brn|[from] item: Leftovers
|-heal|p1a: Quagsire|349\/394 brn|[from] item: Leftovers
|-damage|p1a: Quagsire|300\/394 brn|[from] brn
|turn|118
|chat|u got scizor'ed|okay
|
|move|p2a: stephen|Moonblast|p1a: Quagsire
|-crit|p1a: Quagsire
|-damage|p1a: Quagsire|93\/394 brn
|move|p1a: Quagsire|Recover|p1a: Quagsire
|-heal|p1a: Quagsire|290\/394 brn
|
|-heal|p2a: stephen|201\/394 brn|[from] item: Leftovers
|-heal|p1a: Quagsire|314\/394 brn|[from] item: Leftovers
|-damage|p1a: Quagsire|265\/394 brn|[from] brn
|turn|119
|
|move|p2a: stephen|Moonblast|p1a: Quagsire
|-damage|p1a: Quagsire|112\/394 brn
|move|p1a: Quagsire|Recover|p1a: Quagsire
|-heal|p1a: Quagsire|309\/394 brn
|
|-heal|p2a: stephen|225\/394 brn|[from] item: Leftovers
|-heal|p1a: Quagsire|333\/394 brn|[from] item: Leftovers
|-damage|p1a: Quagsire|284\/394 brn|[from] brn
|turn|120
|chat|u got scizor'ed|e8
|
|move|p2a: stephen|Moonblast|p1a: Quagsire
|-damage|p1a: Quagsire|125\/394 brn
|move|p1a: Quagsire|Recover|p1a: Quagsire
|-heal|p1a: Quagsire|322\/394 brn
|
|-heal|p2a: stephen|249\/394 brn|[from] item: Leftovers
|-heal|p1a: Quagsire|346\/394 brn|[from] item: Leftovers
|-damage|p1a: Quagsire|297\/394 brn|[from] brn
|turn|121
|chat|u got scizor'ed|fingers
|chat|upperrcut|yea
|chat|u got scizor'ed|does his team have an healer
|chat|upperrcut|im gonna say yes 
|chat|upperrcut|clefable 
|chat|u got scizor'ed|but he never did
|chat|u got scizor'ed|or he did?
|chat|upperrcut|wish protect, moon blast. not sure 
|chat|upperrcut|stephen did you see?
|
|move|p2a: stephen|Calm Mind|p2a: stephen
|-fail|p2a: stephen
|move|p1a: Quagsire|Recover|p1a: Quagsire
|-heal|p1a: Quagsire|394\/394 brn
|
|-heal|p2a: stephen|273\/394 brn|[from] item: Leftovers
|-damage|p1a: Quagsire|345\/394 brn|[from] brn
|turn|122
|chat|The Goomy|no idea
|chat|upperrcut|imma say no 
|
|move|p2a: stephen|Calm Mind|p2a: stephen
|-fail|p2a: stephen
|move|p1a: Quagsire|Recover|p1a: Quagsire
|-heal|p1a: Quagsire|394\/394 brn
|
|-heal|p2a: stephen|297\/394 brn|[from] item: Leftovers
|-damage|p1a: Quagsire|345\/394 brn|[from] brn
|turn|123
|chat|u got scizor'ed|okay
|chat|u got scizor'ed|he has
|chat|u got scizor'ed|aromat
|chat|u got scizor'ed|on clefa
|chat|upperrcut|yeah
|chat|u got scizor'ed|we just need
|chat|u got scizor'ed|to win the speed tie
|chat|u got scizor'ed|lol
|chat|upperrcut|lol
|
|switch|p1a: Clefable|Clefable, F|394\/394 brn
|move|p2a: stephen|Calm Mind|p2a: stephen
|-fail|p2a: stephen
|
|-heal|p2a: stephen|321\/394 brn|[from] item: Leftovers
|turn|124
|
|move|p1a: Clefable|Protect|p1a: Clefable
|-singleturn|p1a: Clefable|Protect
|move|p2a: stephen|Moonblast|p1a: Clefable
|-activate|p1a: Clefable|Protect
|
|-heal|p2a: stephen|345\/394 brn|[from] item: Leftovers
|turn|125
|chat|u got scizor'ed|lol
|chat|upperrcut|oml
|
|move|p1a: Clefable|Aromatherapy|p1a: Clefable
|-cureteam|p1a: Clefable|[from] move: Aromatherapy
|move|p2a: stephen|Moonblast|p1a: Clefable
|-damage|p1a: Clefable|40\/394
|
|-heal|p1a: Clefable|64\/394|[from] item: Leftovers
|-heal|p2a: stephen|369\/394 brn|[from] item: Leftovers
|turn|126
|chat|upperrcut|welp
|chat|upperrcut|that figures
|
|move|p1a: Clefable|Wish|p1a: Clefable
|move|p2a: stephen|Flamethrower|p1a: Clefable
|-crit|p1a: Clefable
|-damage|p1a: Clefable|0 fnt
|faint|p1a: Clefable
|
|-heal|p2a: stephen|393\/394 brn|[from] item: Leftovers
|chat|The Goomy|Fenix-: 6-0
|chat|The Goomy|Fenix-: 6-0
|chat|The Goomy|Fenix-: 6-0
|
|switch|p1a: Quagsire|Quagsire, M|345\/394
|-damage|p1a: Quagsire|321\/394|[from] Stealth Rock
|turn|127
|chat|The Goomy|Fenix-: 6-0
|chat|The Goomy|Fenix-: 6-0
|chat|Fenix-|yeas fucker
|chat|The Goomy|Fenix-: 6-0
|chat|Fenix-|I told you
|chat|Fenix-|that maybe not
|chat|The Goomy|Fenix-: 6-0
|chat|The Goomy|Fenix-: 6-0
|chat|The Goomy|Fenix-: 6-0
|chat|Fenix-|dont spam asshole
|chat|The Goomy|Fenix-: 6-0
|
|move|p2a: stephen|Flamethrower|p1a: Quagsire
|-resisted|p1a: Quagsire
|-damage|p1a: Quagsire|276\/394
|move|p1a: Quagsire|Earthquake|p2a: stephen
|-damage|p2a: stephen|282\/394 brn
|
|-heal|p1a: Quagsire|394\/394|[from] move: Wish|[wisher] Clefable
|-heal|p2a: stephen|306\/394 brn|[from] item: Leftovers
|turn|128
|chat|The Goomy|Fenix-: 6-0
|chat|Fenix-|so fucking what?
|chat|upperrcut|lol so mad
|
|move|p2a: stephen|Flamethrower|p1a: Quagsire
|-crit|p1a: Quagsire
|-resisted|p1a: Quagsire
|-damage|p1a: Quagsire|327\/394
|move|p1a: Quagsire|Scald|p2a: stephen
|-damage|p2a: stephen|242\/394 brn
|
|-heal|p2a: stephen|266\/394 brn|[from] item: Leftovers
|-heal|p1a: Quagsire|351\/394|[from] item: Leftovers
|turn|129
|chat|upperrcut|its just a game fren
|chat|The Goomy|http:\/\/puu.sh\/ak5FB.jpg
|chat|upperrcut|lol 
|
|move|p2a: stephen|Flamethrower|p1a: Quagsire
|-resisted|p1a: Quagsire
|-damage|p1a: Quagsire|301\/394
|move|p1a: Quagsire|Scald|p2a: stephen
|-damage|p2a: stephen|206\/394 brn
|
|-heal|p2a: stephen|230\/394 brn|[from] item: Leftovers
|-heal|p1a: Quagsire|325\/394|[from] item: Leftovers
|turn|130
|
|move|p2a: stephen|Flamethrower|p1a: Quagsire
|-resisted|p1a: Quagsire
|-damage|p1a: Quagsire|280\/394
|move|p1a: Quagsire|Scald|p2a: stephen
|-damage|p2a: stephen|170\/394 brn
|
|-heal|p2a: stephen|194\/394 brn|[from] item: Leftovers
|-heal|p1a: Quagsire|304\/394|[from] item: Leftovers
|turn|131
|chat|The Goomy|Fenix-: 6-0
|
|move|p2a: stephen|Moonblast|p1a: Quagsire
|-damage|p1a: Quagsire|163\/394
|move|p1a: Quagsire|Recover|p1a: Quagsire
|-heal|p1a: Quagsire|360\/394
|
|-heal|p2a: stephen|218\/394 brn|[from] item: Leftovers
|-heal|p1a: Quagsire|384\/394|[from] item: Leftovers
|turn|132
|
|move|p2a: stephen|Flamethrower|p1a: Quagsire
|-resisted|p1a: Quagsire
|-damage|p1a: Quagsire|335\/394
|-status|p1a: Quagsire|brn
|move|p1a: Quagsire|Scald|p2a: stephen
|-damage|p2a: stephen|154\/394 brn
|
|-heal|p2a: stephen|178\/394 brn|[from] item: Leftovers
|-heal|p1a: Quagsire|359\/394 brn|[from] item: Leftovers
|-damage|p1a: Quagsire|310\/394 brn|[from] brn
|turn|133
|chat|u got scizor'ed|YES
|chat|upperrcut|ty zarel
|chat|u got scizor'ed|he has
|chat|The Goomy|Fenix-: 6-0
|chat|u got scizor'ed|5
|chat|u got scizor'ed|recovers
|
|move|p2a: stephen|Calm Mind|p2a: stephen
|-fail|p2a: stephen
|move|p1a: Quagsire|Recover|p1a: Quagsire
|-heal|p1a: Quagsire|394\/394 brn
|
|-heal|p2a: stephen|202\/394 brn|[from] item: Leftovers
|-damage|p1a: Quagsire|345\/394 brn|[from] brn
|turn|134
|
|move|p2a: stephen|Calm Mind|p2a: stephen
|-fail|p2a: stephen
|move|p1a: Quagsire|Scald|p2a: stephen
|-damage|p2a: stephen|142\/394 brn
|
|-heal|p2a: stephen|166\/394 brn|[from] item: Leftovers
|-heal|p1a: Quagsire|369\/394 brn|[from] item: Leftovers
|-damage|p1a: Quagsire|320\/394 brn|[from] brn
|turn|135
|
|move|p2a: stephen|Soft-Boiled|p2a: stephen
|-heal|p2a: stephen|363\/394 brn
|move|p1a: Quagsire|Scald|p2a: stephen
|-damage|p2a: stephen|299\/394 brn
|
|-heal|p2a: stephen|323\/394 brn|[from] item: Leftovers
|-heal|p1a: Quagsire|344\/394 brn|[from] item: Leftovers
|-damage|p1a: Quagsire|295\/394 brn|[from] brn
|turn|136
|
|move|p2a: stephen|Calm Mind|p2a: stephen
|-fail|p2a: stephen
|move|p1a: Quagsire|Scald|p2a: stephen
|-damage|p2a: stephen|256\/394 brn
|
|-heal|p2a: stephen|280\/394 brn|[from] item: Leftovers
|-heal|p1a: Quagsire|319\/394 brn|[from] item: Leftovers
|-damage|p1a: Quagsire|270\/394 brn|[from] brn
|turn|137
|
|move|p2a: stephen|Calm Mind|p2a: stephen
|-fail|p2a: stephen
|move|p1a: Quagsire|Recover|p1a: Quagsire
|-heal|p1a: Quagsire|394\/394 brn
|
|-heal|p2a: stephen|304\/394 brn|[from] item: Leftovers
|-damage|p1a: Quagsire|345\/394 brn|[from] brn
|turn|138
|
|move|p2a: stephen|Calm Mind|p2a: stephen
|-fail|p2a: stephen
|move|p1a: Quagsire|Scald|p2a: stephen
|-damage|p2a: stephen|240\/394 brn
|
|-heal|p2a: stephen|264\/394 brn|[from] item: Leftovers
|-heal|p1a: Quagsire|369\/394 brn|[from] item: Leftovers
|-damage|p1a: Quagsire|320\/394 brn|[from] brn
|turn|139
|
|move|p2a: stephen|Moonblast|p1a: Quagsire
|-damage|p1a: Quagsire|169\/394 brn
|move|p1a: Quagsire|Scald|p2a: stephen
|-damage|p2a: stephen|204\/394 brn
|
|-heal|p2a: stephen|228\/394 brn|[from] item: Leftovers
|-heal|p1a: Quagsire|193\/394 brn|[from] item: Leftovers
|-damage|p1a: Quagsire|144\/394 brn|[from] brn
|turn|140
|
|move|p2a: stephen|Moonblast|p1a: Quagsire
|-damage|p1a: Quagsire|0 fnt
|faint|p1a: Quagsire
|
|-heal|p2a: stephen|252\/394 brn|[from] item: Leftovers
|chat|The Goomy|Fenix-: 6-0
|
|switch|p1a: Heatran|Heatran, M|309\/385
|-damage|p1a: Heatran|261\/385|[from] Stealth Rock
|turn|141
|chat|The Goomy|Fenix-: 6-0
|chat|The Goomy|Fenix-: 6-0
|chat|The Goomy|Fenix-: 6-0
|chat|The Goomy|Fenix-: 6-0
|chat|The Goomy|Fenix-: 6-0
|chat|The Goomy|Fenix-: 6-0
|chat|The Goomy|Fenix-: 6-0
|chat|The Goomy|Fenix-: 6-0
|chat|The Goomy|Fenix-: 6-0
|chat|The Goomy|Fenix-: 6-0
|chat|The Goomy|Fenix-: 6-0
|chat|The Goomy|Fenix-: 6-0
|
|move|p1a: Heatran|Protect|p1a: Heatran
|-singleturn|p1a: Heatran|Protect
|move|p2a: stephen|Calm Mind|p2a: stephen
|-fail|p2a: stephen
|
|-heal|p2a: stephen|276\/394 brn|[from] item: Leftovers
|turn|142
|
|move|p1a: Heatran|Protect|p1a: Heatran
|-singleturn|p1a: Heatran|Protect
|move|p2a: stephen|Calm Mind|p2a: stephen
|-fail|p2a: stephen
|
|-heal|p2a: stephen|300\/394 brn|[from] item: Leftovers
|turn|143
|
|switch|p1a: Aegislash|Aegislash, M|324\/324
|-damage|p1a: Aegislash|304\/324|[from] Stealth Rock
|move|p2a: stephen|Moonblast|p1a: Aegislash
|-resisted|p1a: Aegislash
|-damage|p1a: Aegislash|145\/324
|
|-heal|p2a: stephen|324\/394 brn|[from] item: Leftovers
|-heal|p1a: Aegislash|165\/324|[from] item: Leftovers
|turn|144
|
|move|p1a: Aegislash|King's Shield|p1a: Aegislash
|-singleturn|p1a: Aegislash|Protect
|move|p2a: stephen|Flamethrower|p1a: Aegislash
|-activate|p1a: Aegislash|Protect
|
|-heal|p2a: stephen|348\/394 brn|[from] item: Leftovers
|-heal|p1a: Aegislash|185\/324|[from] item: Leftovers
|turn|145
|
|switch|p1a: Heatran|Heatran, M|261\/385
|-damage|p1a: Heatran|213\/385|[from] Stealth Rock
|move|p2a: stephen|Flamethrower|p1a: Heatran
|-start|p1a: Heatran|ability: Flash Fire
|
|-heal|p2a: stephen|372\/394 brn|[from] item: Leftovers
|turn|146
|
|move|p1a: Heatran|Protect|p1a: Heatran
|-singleturn|p1a: Heatran|Protect
|move|p2a: stephen|Soft-Boiled|p2a: stephen
|-heal|p2a: stephen|394\/394 brn
|
|turn|147
|
|move|p1a: Heatran|Protect|p1a: Heatran
|-fail|p1a: Heatran
|move|p2a: stephen|Moonblast|p1a: Heatran
|-resisted|p1a: Heatran
|-damage|p1a: Heatran|143\/385
|
|turn|148
|
|switch|p1a: Aegislash|Aegislash, M|185\/324
|-damage|p1a: Aegislash|165\/324|[from] Stealth Rock
|move|p2a: stephen|Soft-Boiled|p2a: stephen
|-fail|p2a: stephen
|
|-heal|p1a: Aegislash|185\/324|[from] item: Leftovers
|turn|149
|
|move|p1a: Aegislash|King's Shield|p1a: Aegislash
|-singleturn|p1a: Aegislash|Protect
|move|p2a: stephen|Flamethrower|p1a: Aegislash
|-activate|p1a: Aegislash|Protect
|
|-heal|p1a: Aegislash|205\/324|[from] item: Leftovers
|turn|150
|
|switch|p1a: Rotom-Wash|Rotom-Wash|154\/303
|-damage|p1a: Rotom-Wash|117\/303|[from] Stealth Rock
|move|p2a: stephen|Flamethrower|p1a: Rotom-Wash
|-resisted|p1a: Rotom-Wash
|-damage|p1a: Rotom-Wash|0 fnt
|faint|p1a: Rotom-Wash
|
|chat|The Goomy|Fenix-: 6-0
|chat|The Goomy|Fenix-: 6-0
|
|switch|p1a: Aegislash|Aegislash, M|205\/324
|-damage|p1a: Aegislash|185\/324|[from] Stealth Rock
|turn|151
|chat|u got scizor'ed|man
|chat|The Goomy|Fenix-: 6-0
|chat|The Goomy|Fenix-: 6-0
|chat|The Goomy|Fenix-: 6-0
|chat|The Goomy|Fenix-: 6-0
|chat|The Goomy|Fenix-: 6-0
|chat|The Goomy|Fenix-: 6-0
|chat|The Goomy|Fenix-: 6-0
|chat|The Goomy|Fenix-: 6-0
|chat|u got scizor'ed|we shoul have done dis
|chat|The Goomy|Fenix-: 6-0
|chat|The Goomy|Fenix-: 6-0
|chat|The Goomy|Fenix-: 6-0
|chat|The Goomy|Fenix-: 6-0
|chat|The Goomy|Fenix-: 6-0
|chat|u got scizor'ed|from turn1
|chat|The Goomy|Fenix-: 6-0
|chat|The Goomy|Fenix-: 6-0
|chat|The Goomy|Fenix-: 6-0
|chat|The Goomy|Fenix-: 6-0
|chat|The Goomy|Fenix-: 6-0
|chat|The Goomy|Fenix-: 6-0
|chat|The Goomy|Fenix-: 6-0
|chat|The Goomy|Fenix-: 6-0
|chat|upperrcut|yup
|chat|The Goomy|Fenix-: 6-0
|chat|The Goomy|Fenix-: 6-0
|chat|The Goomy|Fenix-: 6-0
|chat|The Goomy|Fenix-: 6-0
|chat|upperrcut|would of won
|chat|The Goomy|Fenix-: 6-0
|
|move|p1a: Aegislash|King's Shield|p1a: Aegislash
|-singleturn|p1a: Aegislash|Protect
|move|p2a: stephen|Soft-Boiled|p2a: stephen
|-fail|p2a: stephen
|
|-heal|p1a: Aegislash|205\/324|[from] item: Leftovers
|turn|152
|
|move|p1a: Aegislash|King's Shield|p1a: Aegislash
|-singleturn|p1a: Aegislash|Protect
|move|p2a: stephen|Flamethrower|p1a: Aegislash
|-activate|p1a: Aegislash|Protect
|
|-heal|p1a: Aegislash|225\/324|[from] item: Leftovers
|turn|153
|
|switch|p1a: Heatran|Heatran, M|143\/385
|-damage|p1a: Heatran|95\/385|[from] Stealth Rock
|move|p2a: stephen|Moonblast|p1a: Heatran
|-crit|p1a: Heatran
|-resisted|p1a: Heatran
|-damage|p1a: Heatran|0 fnt
|faint|p1a: Heatran
|
|chat|u got scizor'ed|gg
|chat|The Goomy|Fenix-: 6-0
|
|switch|p1a: Chesnaught|Chesnaught, M|255\/380
|-damage|p1a: Chesnaught|232\/380|[from] Stealth Rock
|turn|154
|chat|The Goomy|Fenix-: 6-0
|chat|The Goomy|Fenix-: 6-0
|chat|The Goomy|Fenix-: 6-0
|chat|The Goomy|Fenix-: 6-0
|chat|The Goomy|Fenix-: 6-0
|chat|The Goomy|Fenix-: 6-0
|chat|The Goomy|Fenix-: 6-0
|chat|u got scizor'ed|fingers how many pp of flame?
|chat|The Goomy|Fenix-: 6-0
|
|move|p1a: Chesnaught|Spiky Shield|p1a: Chesnaught
|-singleturn|p1a: Chesnaught|move: Protect
|move|p2a: stephen|Soft-Boiled|p2a: stephen
|-fail|p2a: stephen
|
|-heal|p1a: Chesnaught|255\/380|[from] item: Leftovers
|turn|155
|
|move|p1a: Chesnaught|Spiky Shield|p1a: Chesnaught
|-singleturn|p1a: Chesnaught|move: Protect
|move|p2a: stephen|Flamethrower|p1a: Chesnaught
|-activate|p1a: Chesnaught|move: Protect
|
|-heal|p1a: Chesnaught|278\/380|[from] item: Leftovers
|turn|156
|
|move|p1a: Chesnaught|Spiky Shield|p1a: Chesnaught
|-fail|p1a: Chesnaught
|move|p2a: stephen|Moonblast|p1a: Chesnaught
|-supereffective|p1a: Chesnaught
|-damage|p1a: Chesnaught|0 fnt
|faint|p1a: Chesnaught
|
|chat|The Goomy|Fenix-: 6-0
|chat|The Goomy|Fenix-: 6-0
|
|switch|p1a: Aegislash|Aegislash, M|225\/324
|-damage|p1a: Aegislash|205\/324|[from] Stealth Rock
|turn|157
|chat|The Goomy|Fenix-: 6-0
|chat|The Goomy|Fenix-: 6-0
|chat|The Goomy|Fenix-: 6-0
|chat|The Goomy|Fenix-: 6-0
|chat|The Goomy|Fenix-: 6-0
|chat|The Goomy|Fenix-: 6-0
|
|move|p2a: stephen|Soft-Boiled|p2a: stephen
|-fail|p2a: stephen
|-formechange|p1a: Aegislash|Aegislash-Blade
|move|p1a: Aegislash|Shadow Ball|p2a: stephen
|-damage|p2a: stephen|355\/394 brn
|
|-heal|p2a: stephen|379\/394 brn|[from] item: Leftovers
|-heal|p1a: Aegislash|225\/324|[from] item: Leftovers
|turn|158
|
|-formechange|p1a: Aegislash|Aegislash
|move|p1a: Aegislash|King's Shield|p1a: Aegislash
|-singleturn|p1a: Aegislash|Protect
|move|p2a: stephen|Soft-Boiled|p2a: stephen
|-heal|p2a: stephen|394\/394 brn
|
|-heal|p1a: Aegislash|245\/324|[from] item: Leftovers
|turn|159
|chat|upperrcut|welp 
|
|move|p1a: Aegislash|King's Shield|p1a: Aegislash
|-singleturn|p1a: Aegislash|Protect
|move|p2a: stephen|Flamethrower|p1a: Aegislash
|-activate|p1a: Aegislash|Protect
|
|-heal|p1a: Aegislash|265\/324|[from] item: Leftovers
|turn|160
|chat|upperrcut|wow
|chat|u got scizor'ed|this fucking guy
|chat|The Goomy|you are the luckiest SOB
|chat|upperrcut|seriously so gay
|chat|u got scizor'ed|who say gg at turn 30
|chat|upperrcut|after talking all that shit
|leave|u got scizor'ed
|
|move|p1a: Aegislash|King's Shield|p1a: Aegislash
|-fail|p1a: Aegislash
|-activate|p2a: stephen|move: Struggle
|move|p2a: stephen|Struggle|p1a: Aegislash
|-damage|p1a: Aegislash|255\/324
|-damage|p2a: stephen|296\/394 brn
|
|-heal|p2a: stephen|320\/394 brn|[from] item: Leftovers
|-heal|p1a: Aegislash|275\/324|[from] item: Leftovers
|turn|161
|chat|Fenix-|HAHAHAHAHA
|-message|upperrcut forfeited.
|
|win|Fenix-
|raw|Ladder updating...
|chat|Fenix-|HAHAHAHAHA
|leave|upperrcut
|player|p2
|chat|Fenix-|HAHAHAHAHAHAHA
|chat|The Goomy|Fenix-: 6-0
|chat|The Goomy|Fenix-: 6-0
|chat|Fenix-|HAHAHAHAHA
|chat|The Goomy|Fenix-: 6-0
|chat|The Goomy|Fenix-: 6-0
|chat|Fenix-|HAHAHAHA
|chat|The Goomy|Fenix-: 6-0
|chat|Fenix-|AHAHAHAHA
|chat|The Goomy|Fenix-: 6-0
|chat|Fenix-|JHAHAHAHAHHÃHAÃHAH
|chat|Fenix-|H
|chat|Fenix-|A
|chat|Fenix-|HAH
|chat|Fenix-|A
|chat|Fenix-|HHAH
|chat|Fenix-|AH
|raw|Ladder (probably) updated, but score could not be retrieved (timeout).
|raw|Ladder (probably) updated, but score could not be retrieved (Error: socket hang up).
|chat|The Goomy|Oh look
|chat|The Goomy|ladder didn't update
|chat|Fenix-|WELL FUCKING ASSHOLE
|chat|Fenix-|YOU WERE RIGHT
|chat|Fenix-|1-0
|chat|Fenix-|lol
|chat|Fenix-|HAHAHAHA
|chat|Fenix-|KEEP SUCKING THE FUCKING DICK