|join|Skateboard
|join|Fenix-
|player|p1|Skateboard|128
|player|p2|Fenix-|161
|gametype|singles
|gen|6
|tier|OU
|rated
|clearpoke
|poke|p1|Thundurus, M
|poke|p1|Rotom-Wash
|poke|p1|Pidgeot, M
|poke|p1|Latias, F
|poke|p1|Mamoswine, F
|poke|p1|Azumarill, M, shiny
|poke|p2|Mandibuzz, F
|poke|p2|Sylveon, F
|poke|p2|Dragonite, F
|poke|p2|Gyarados, F
|poke|p2|Gardevoir, F
|poke|p2|Sableye, M
|rule|Swagger Clause: Swagger is banned
|rule|Baton Pass Clause: Limit one PokÃ©mon knowing Baton Pass
|rule|Sleep Clause Mod: Limit one foe put to sleep
|rule|Species Clause: Limit one of each PokÃ©mon
|rule|OHKO Clause: OHKO moves are banned
|rule|Moody Clause: Moody is banned
|rule|Evasion Moves Clause: Evasion moves are banned
|rule|Endless Battle Clause: Forcing endless battles is banned
|rule|HP Percentage Mod: HP is shown in percentages
|teampreview
|
|start
|switch|p1a: Hercules|Pidgeot, M|307\/307
|switch|p2a: Sableye|Sableye, M|304\/304
|turn|1
|
|detailschange|p1a: Hercules|Pidgeot-Mega, M
|-mega|p1a: Hercules|Pidgeot|Pidgeotite
|move|p2a: Sableye|Will-O-Wisp|p1a: Hercules
|-status|p1a: Hercules|brn
|move|p1a: Hercules|Hurricane|p2a: Sableye
|-damage|p2a: Sableye|124\/304
|
|-heal|p2a: Sableye|143\/304|[from] item: Leftovers
|-damage|p1a: Hercules|269\/307 brn|[from] brn
|turn|2
|
|move|p2a: Sableye|Recover|p2a: Sableye
|-heal|p2a: Sableye|295\/304
|move|p1a: Hercules|Hurricane|p2a: Sableye
|-damage|p2a: Sableye|111\/304
|
|-heal|p2a: Sableye|130\/304|[from] item: Leftovers
|-damage|p1a: Hercules|231\/307 brn|[from] brn
|turn|3
|
|move|p2a: Sableye|Recover|p2a: Sableye
|-heal|p2a: Sableye|282\/304
|move|p1a: Hercules|Hurricane|p2a: Sableye
|-crit|p2a: Sableye
|-damage|p2a: Sableye|0 fnt
|faint|p2a: Sableye
|
|-damage|p1a: Hercules|193\/307 brn|[from] brn
|c|âFenix-|:o
|c|âFenix-|:c
|
|switch|p2a: Gardevoir|Gardevoir, F|277\/277
|-ability|p2a: Gardevoir|No Guard|[from] ability: Trace|[of] p1a: Hercules
|turn|4
|
|move|p2a: Gardevoir|Moonblast|p1a: Hercules
|-damage|p1a: Hercules|0 fnt
|faint|p1a: Hercules
|
|
|switch|p1a: swine flu|Mamoswine, F|382\/382
|turn|5
|
|move|p2a: Gardevoir|Moonblast|p1a: swine flu
|-damage|p1a: swine flu|138\/382
|-unboost|p1a: swine flu|spa|1
|move|p1a: swine flu|Stealth Rock|p2a: Gardevoir
|-sidestart|p2: Fenix-|move: Stealth Rock
|
|turn|6
|
|move|p1a: swine flu|Ice Shard|p2a: Gardevoir
|-damage|p2a: Gardevoir|193\/277
|move|p2a: Gardevoir|Moonblast|p1a: swine flu
|-damage|p1a: swine flu|0 fnt
|faint|p1a: swine flu
|
|
|switch|p1a: 40 Lashes|Thundurus, M|299\/299
|turn|7
|
|move|p2a: Gardevoir|Moonblast|p1a: 40 Lashes
|-damage|p1a: 40 Lashes|86\/299
|-unboost|p1a: 40 Lashes|spa|1
|move|p1a: 40 Lashes|Thunderbolt|p2a: Gardevoir
|-damage|p2a: Gardevoir|84\/277
|-damage|p1a: 40 Lashes|57\/299|[from] item: Life Orb
|
|turn|8
|
|move|p1a: 40 Lashes|Thunder Wave|p2a: Gardevoir
|-status|p2a: Gardevoir|par
|move|p2a: Gardevoir|Moonblast|p1a: 40 Lashes
|-damage|p1a: 40 Lashes|0 fnt
|faint|p1a: 40 Lashes
|
|
|switch|p1a: Sunday|Azumarill, M, shiny|364\/364
|turn|9
|
|move|p1a: Sunday|Belly Drum|p1a: Sunday
|-damage|p1a: Sunday|182\/364
|-setboost|p1a: Sunday|atk|6|[from] move: Belly Drum
|-enditem|p1a: Sunday|Sitrus Berry|[eat]
|-heal|p1a: Sunday|273\/364|[from] item: Sitrus Berry
|move|p2a: Gardevoir|Moonblast|p1a: Sunday
|-damage|p1a: Sunday|41\/364
|
|turn|10
|
|move|p1a: Sunday|Waterfall|p2a: Gardevoir
|-damage|p2a: Gardevoir|0 fnt
|faint|p2a: Gardevoir
|
|
|switch|p2a: Dragonite|Dragonite, F|323\/323
|-damage|p2a: Dragonite|243\/323|[from] Stealth Rock
|turn|11
|
|switch|p1a: 25c|Rotom-Wash|301\/301
|move|p2a: Dragonite|Extreme Speed|p1a: 25c
|-damage|p1a: 25c|218\/301
|
|-heal|p1a: 25c|236\/301|[from] item: Leftovers
|turn|12
|
|switch|p2a: Sylveon|Sylveon, F|394\/394
|-damage|p2a: Sylveon|345\/394|[from] Stealth Rock
|move|p1a: 25c|Will-O-Wisp|p2a: Sylveon|[miss]
|-miss|p1a: 25c|p2a: Sylveon
|
|-heal|p1a: 25c|254\/301|[from] item: Leftovers
|-heal|p2a: Sylveon|369\/394|[from] item: Leftovers
|turn|13
|
|move|p1a: 25c|Volt Switch|p2a: Sylveon
|-damage|p2a: Sylveon|318\/394
|
|switch|p1a: illuminati|Latias, F|319\/319
|move|p2a: Sylveon|Yawn|p1a: illuminati
|-start|p1a: illuminati|move: Yawn|[of] p2a: Sylveon
|
|-heal|p2a: Sylveon|342\/394|[from] item: Leftovers
|turn|14
|
|move|p1a: illuminati|Healing Wish|p1a: illuminati
|faint|p1a: illuminati
|move|p2a: Sylveon|Hyper Voice|p1: illuminati|[notarget]
|-notarget
|
|-heal|p2a: Sylveon|366\/394|[from] item: Leftovers
|
|switch|p1a: Sunday|Azumarill, M, shiny|41\/364
|-heal|p1a: Sunday|364\/364|[from] move: Healing Wish
|turn|15
|
|move|p1a: Sunday|Waterfall|p2a: Sylveon
|-crit|p2a: Sylveon
|-damage|p2a: Sylveon|0 fnt
|faint|p2a: Sylveon
|
|
|switch|p2a: Mandibuzz|Mandibuzz, F|423\/423
|-damage|p2a: Mandibuzz|318\/423|[from] Stealth Rock
|turn|16
|
|move|p2a: Mandibuzz|Brave Bird|p1a: Sunday
|-damage|p1a: Sunday|249\/364
|-damage|p2a: Mandibuzz|280\/423|[from] recoil|[of] p1a: Sunday
|move|p1a: Sunday|Waterfall|p2a: Mandibuzz
|-damage|p2a: Mandibuzz|166\/423
|-damage|p1a: Sunday|189\/364|[from] item: Rocky Helmet|[of] p2a: Mandibuzz
|
|turn|17
|
|switch|p1a: 25c|Rotom-Wash|254\/301
|move|p2a: Mandibuzz|Brave Bird|p1a: 25c
|-resisted|p1a: 25c
|-damage|p1a: 25c|215\/301
|-damage|p2a: Mandibuzz|153\/423|[from] recoil|[of] p1a: 25c
|
|-heal|p1a: 25c|233\/301|[from] item: Leftovers
|turn|18
|
|move|p1a: 25c|Volt Switch|p2a: Mandibuzz
|-supereffective|p2a: Mandibuzz
|-damage|p2a: Mandibuzz|0 fnt
|faint|p2a: Mandibuzz
|
|switch|p1a: Sunday|Azumarill, M, shiny|189\/364
|
|
|switch|p2a: Gyarados|Gyarados, F|331\/331
|-damage|p2a: Gyarados|249\/331|[from] Stealth Rock
|-ability|p2a: Gyarados|Intimidate|[of] p1a: Sunday
|-unboost|p1a: Sunday|atk|1
|turn|19
|
|switch|p1a: 25c|Rotom-Wash|233\/301
|move|p2a: Gyarados|Dragon Dance|p2a: Gyarados
|-boost|p2a: Gyarados|atk|1
|-boost|p2a: Gyarados|spe|1
|
|-heal|p1a: 25c|251\/301|[from] item: Leftovers
|turn|20
|
|detailschange|p2a: Gyarados|Gyarados-Mega, F
|-mega|p2a: Gyarados|Gyarados|Gyaradosite
|-ability|p2a: Gyarados|Mold Breaker
|move|p2a: Gyarados|Earthquake|p1a: 25c
|-supereffective|p1a: 25c
|-damage|p1a: 25c|0 fnt
|faint|p1a: 25c
|
|
|switch|p1a: Sunday|Azumarill, M, shiny|189\/364
|turn|21
|
|move|p2a: Gyarados|Earthquake|p1a: Sunday
|-damage|p1a: Sunday|0 fnt
|faint|p1a: Sunday
|
|win|Fenix-
|raw|Ladder updating...
|raw|Skateboard's rating: 1398 &rarr; <strong>1379<\/strong><br \/>(-19 for losing)
|raw|Fenix-'s rating: 1419 &rarr; <strong>1438<\/strong><br \/>(+19 for winning)
|c|âFenix-|gg
|c|âSkateboard|gg
|leave|Skateboard
|player|p1