|join|sempresolojuve
|join|Fenix-
|player|p1|sempresolojuve|92
|player|p2|Fenix-|161
|gametype|singles
|gen|6
|tier|OU
|rated
|clearpoke
|poke|p1|Gyarados, M
|poke|p1|Gardevoir, M
|poke|p1|Garchomp, M
|poke|p1|Conkeldurr, M
|poke|p1|Jolteon, F
|poke|p1|Scizor, F
|poke|p2|Mandibuzz, F, shiny
|poke|p2|Sylveon, M, shiny
|poke|p2|Dragonite, M
|poke|p2|Gyarados, M, shiny
|poke|p2|Gardevoir, F, shiny
|poke|p2|Garchomp, M, shiny
|rule|Swagger Clause: Swagger is banned
|rule|Baton Pass Clause: Limit one PokÃ©mon knowing Baton Pass
|rule|Sleep Clause Mod: Limit one foe put to sleep
|rule|Species Clause: Limit one of each PokÃ©mon
|rule|OHKO Clause: OHKO moves are banned
|rule|Moody Clause: Moody is banned
|rule|Evasion Moves Clause: Evasion moves are banned
|rule|Endless Battle Clause: Forcing endless battles is banned
|rule|HP Percentage Mod: HP is shown in percentages
|teampreview
|c|âFenix-|gl
|
|start
|switch|p1a: Gardevoir|Gardevoir, M|309\/309
|switch|p2a: Dragonite|Dragonite, M|323\/323
|-ability|p1a: Gardevoir|Multiscale|[from] ability: Trace|[of] p2a: Dragonite
|turn|1
|
|switch|p2a: Sylveon|Sylveon, M, shiny|394\/394
|detailschange|p1a: Gardevoir|Gardevoir-Mega, M
|-mega|p1a: Gardevoir|Gardevoir|Gardevoirite
|move|p1a: Gardevoir|Hyper Voice|p2a: Sylveon
|-damage|p2a: Sylveon|229\/394
|
|-heal|p2a: Sylveon|253\/394|[from] item: Leftovers
|turn|2
|
|move|p1a: Gardevoir|Psyshock|p2a: Sylveon
|-damage|p2a: Sylveon|0 fnt
|faint|p2a: Sylveon
|
|c|âFenix-|shit
|
|switch|p2a: Garchomp|Garchomp, M, shiny|357\/357
|turn|3
|
|move|p2a: Garchomp|Iron Head|p1a: Gardevoir
|-supereffective|p1a: Gardevoir
|-damage|p1a: Gardevoir|0 fnt
|-damage|p2a: Garchomp|322\/357|[from] item: Life Orb
|faint|p1a: Gardevoir
|
|
|switch|p1a: Conkeldurr|Conkeldurr, M|352\/352
|turn|4
|
|switch|p2a: Mandibuzz|Mandibuzz, F, shiny|423\/423
|move|p1a: Conkeldurr|Knock Off|p2a: Mandibuzz
|-resisted|p2a: Mandibuzz
|-damage|p2a: Mandibuzz|380\/423
|-damage|p1a: Conkeldurr|294\/352|[from] item: Rocky Helmet|[of] p2a: Mandibuzz
|-enditem|p2a: Mandibuzz|Rocky Helmet|[from] move: Knock Off|[of] p1a: Conkeldurr
|
|turn|5
|
|switch|p1a: Jolteon|Jolteon, F|272\/272
|move|p2a: Mandibuzz|Brave Bird|p1a: Jolteon
|-crit|p1a: Jolteon
|-resisted|p1a: Jolteon
|-damage|p1a: Jolteon|164\/272
|-damage|p2a: Mandibuzz|344\/423|[from] recoil|[of] p1a: Jolteon
|
|turn|6
|
|move|p1a: Jolteon|Shadow Ball|p2a: Mandibuzz
|-resisted|p2a: Mandibuzz
|-damage|p2a: Mandibuzz|275\/423
|-unboost|p2a: Mandibuzz|spd|1
|move|p2a: Mandibuzz|Brave Bird|p1a: Jolteon
|-resisted|p1a: Jolteon
|-damage|p1a: Jolteon|87\/272
|-damage|p2a: Mandibuzz|250\/423|[from] recoil|[of] p1a: Jolteon
|
|turn|7
|
|switch|p2a: Dragonite|Dragonite, M|323\/323
|move|p1a: Jolteon|Shadow Ball|p2a: Dragonite
|-damage|p2a: Dragonite|248\/323
|
|turn|8
|
|switch|p1a: Garchomp|Garchomp, M|389\/389
|move|p2a: Dragonite|Extreme Speed|p1a: Garchomp
|-damage|p1a: Garchomp|312\/389
|-damage|p2a: Dragonite|208\/323|[from] ability: Rough Skin|[of] p1a: Garchomp
|-damage|p2a: Dragonite|155\/323|[from] item: Rocky Helmet|[of] p1a: Garchomp
|
|turn|9
|
|switch|p2a: Gyarados|Gyarados, M, shiny|331\/331
|-ability|p2a: Gyarados|Intimidate|[of] p1a: Garchomp
|-unboost|p1a: Garchomp|atk|1
|move|p1a: Garchomp|Stealth Rock|p2a: Gyarados
|-sidestart|p2: Fenix-|move: Stealth Rock
|
|turn|10
|
|detailschange|p2a: Gyarados|Gyarados-Mega, M, shiny
|-mega|p2a: Gyarados|Gyarados|Gyaradosite
|-ability|p2a: Gyarados|Mold Breaker
|move|p2a: Gyarados|Dragon Dance|p2a: Gyarados
|-boost|p2a: Gyarados|atk|1
|-boost|p2a: Gyarados|spe|1
|move|p1a: Garchomp|Toxic|p2a: Gyarados
|-status|p2a: Gyarados|tox
|
|-damage|p2a: Gyarados|311\/331 tox|[from] psn
|turn|11
|
|move|p2a: Gyarados|Ice Fang|p1a: Garchomp
|-supereffective|p1a: Garchomp
|-damage|p1a: Garchomp|0 fnt
|-damage|p2a: Gyarados|270\/331 tox|[from] ability: Rough Skin|[of] p1a: Garchomp
|-damage|p2a: Gyarados|215\/331 tox|[from] item: Rocky Helmet|[of] p1a: Garchomp
|faint|p1a: Garchomp
|
|-damage|p2a: Gyarados|175\/331 tox|[from] psn
|
|switch|p1a: Conkeldurr|Conkeldurr, M|294\/352
|turn|12
|
|switch|p2a: Mandibuzz|Mandibuzz, F, shiny|250\/423
|-damage|p2a: Mandibuzz|145\/423|[from] Stealth Rock
|move|p1a: Conkeldurr|Drain Punch|p2a: Mandibuzz
|-crit|p2a: Mandibuzz
|-damage|p2a: Mandibuzz|0 fnt
|-heal|p1a: Conkeldurr|352\/352|[from] drain|[of] p2a: Mandibuzz
|faint|p2a: Mandibuzz
|
|
|switch|p2a: Gardevoir|Gardevoir, F, shiny|277\/277
|-damage|p2a: Gardevoir|243\/277|[from] Stealth Rock
|-ability|p2a: Gardevoir|Guts|[from] ability: Trace|[of] p1a: Conkeldurr
|turn|13
|
|move|p2a: Gardevoir|Moonblast|p1a: Conkeldurr
|-supereffective|p1a: Conkeldurr
|-damage|p1a: Conkeldurr|80\/352
|move|p1a: Conkeldurr|Knock Off|p2a: Gardevoir
|-damage|p2a: Gardevoir|48\/277
|-enditem|p2a: Gardevoir|Choice Scarf|[from] move: Knock Off|[of] p1a: Conkeldurr
|
|turn|14
|
|switch|p1a: Scizor|Scizor, F|313\/313
|move|p2a: Gardevoir|Moonblast|p1a: Scizor
|-resisted|p1a: Scizor
|-damage|p1a: Scizor|214\/313
|
|turn|15
|
|move|p1a: Scizor|Bullet Punch|p2a: Gardevoir
|-supereffective|p2a: Gardevoir
|-damage|p2a: Gardevoir|0 fnt
|-damage|p1a: Scizor|183\/313|[from] item: Life Orb
|faint|p2a: Gardevoir
|
|
|switch|p2a: Gyarados|Gyarados-Mega, M, shiny|175\/331 tox
|-damage|p2a: Gyarados|134\/331 tox|[from] Stealth Rock
|-ability|p2a: Gyarados|Mold Breaker
|turn|16
|
|move|p2a: Gyarados|Waterfall|p1a: Scizor
|-crit|p1a: Scizor
|-damage|p1a: Scizor|0 fnt
|faint|p1a: Scizor
|
|-damage|p2a: Gyarados|114\/331 tox|[from] psn
|
|switch|p1a: Conkeldurr|Conkeldurr, M|80\/352
|turn|17
|
|move|p2a: Gyarados|Waterfall|p1a: Conkeldurr
|-damage|p1a: Conkeldurr|0 fnt
|faint|p1a: Conkeldurr
|
|-damage|p2a: Gyarados|74\/331 tox|[from] psn
|
|switch|p1a: Gyarados|Gyarados, M|363\/363
|-ability|p1a: Gyarados|Intimidate|[of] p2a: Gyarados
|-unboost|p2a: Gyarados|atk|1
|turn|18
|
|move|p1a: Gyarados|Dragon Dance|p1a: Gyarados
|-boost|p1a: Gyarados|atk|1
|-boost|p1a: Gyarados|spe|1
|move|p2a: Gyarados|Dragon Dance|p2a: Gyarados
|-boost|p2a: Gyarados|atk|1
|-boost|p2a: Gyarados|spe|1
|
|-damage|p2a: Gyarados|14\/331 tox|[from] psn
|turn|19
|c|âFenix-|gg :c
|
|move|p1a: Gyarados|Bounce|p2a: Gyarados|[still]
|-prepare|p1a: Gyarados|Bounce|p2a: Gyarados
|move|p2a: Gyarados|Ice Fang|p1a: Gyarados|[miss]
|-miss|p2a: Gyarados|p1a: Gyarados
|
|-damage|p2a: Gyarados|0 fnt|[from] psn
|faint|p2a: Gyarados
|
|switch|p2a: Garchomp|Garchomp, M, shiny|322\/357
|-damage|p2a: Garchomp|300\/357|[from] Stealth Rock
|turn|20
|
|move|p1a: Gyarados|Bounce|p2a: Garchomp
|-damage|p2a: Garchomp|93\/357
|-damage|p1a: Gyarados|318\/363|[from] ability: Rough Skin|[of] p2a: Garchomp
|move|p2a: Garchomp|Outrage|p1a: Gyarados
|-damage|p1a: Gyarados|0 fnt
|-damage|p2a: Garchomp|58\/357|[from] item: Life Orb
|faint|p1a: Gyarados
|
|c|âFenix-|or no
|
|switch|p1a: Jolteon|Jolteon, F|87\/272
|turn|21
|
|move|p1a: Jolteon|Hidden Power|p2a: Garchomp
|-supereffective|p2a: Garchomp
|-damage|p2a: Garchomp|0 fnt
|faint|p2a: Garchomp
|
|
|switch|p2a: Dragonite|Dragonite, M|155\/323
|-damage|p2a: Dragonite|75\/323|[from] Stealth Rock
|turn|22
|c|âFenix-|gg
|
|move|p2a: Dragonite|Extreme Speed|p1a: Jolteon
|-damage|p1a: Jolteon|0 fnt
|faint|p1a: Jolteon
|
|win|Fenix-
|raw|Ladder updating...
|leave|sempresolojuve
|raw|sempresolojuve's rating: 1487 &rarr; <strong>1464<\/strong><br \/>(-23 for losing)
|raw|Fenix-'s rating: 1436 &rarr; <strong>1459<\/strong><br \/>(+23 for winning)
|player|p1