|join|Fenix-
|join|Echoed Soul
|player|p1|Fenix-|25
|player|p2|Echoed Soul|264
|gametype|singles
|gen|6
|tier|OU
|rated
|clearpoke
|poke|p1|Azumarill, M
|poke|p1|Garchomp, M
|poke|p1|Aegislash, M
|poke|p1|Scizor, M
|poke|p1|Kyurem-Black
|poke|p1|Talonflame, M
|poke|p2|Scizor, F
|poke|p2|Kyurem-Black
|poke|p2|Latios, M
|poke|p2|Keldeo-Resolute
|poke|p2|Heatran, F
|poke|p2|Landorus-Therian, M
|rule|ClÃ¡usula de Swagger: se prohibe el uso de Swagger
|rule|ClÃ¡usula de Baton Pass: se prohÃ­be mÃ¡s de 3 PokÃ©mon con Baton Pass
|rule|ClÃ¡usula de Dormir: solo puedes dormir a uno de tus oponentes a la vez.
|rule|ClÃ¡usula de Especie: Hasta un PokÃ©mon de cada especie
|rule|ClÃ¡usula de Golpe Fulminante: los movimientos fulminantes (OHKO) estan prohibidos
|rule|ClÃ¡usula de Moody: la habilidad Moody estÃ¡ prohibida
|rule|ClÃ¡usula de Movimientos Evasivos: los movimientos de evasion estan prohibidos
|rule|ClÃ¡usula de Batallas Eternas: forzar batallas eternas estÃ¡ prohibido
|rule|Modo de Porcentaje de HP: el HP es reportado como porcentaje
|teampreview
|
|start
|switch|p1a: Kyurem-Black|Kyurem-Black|405\/405
|switch|p2a: Keldeo-Resolute|Keldeo-Resolute|323\/323
|-ability|p1a: Kyurem-Black|Teravolt
|turn|1
|join|ImmortalTiger
|
|switch|p1a: Azumarill|Azumarill, M|403\/403
|move|p2a: Keldeo-Resolute|Scald|p1a: Azumarill
|-resisted|p1a: Azumarill
|-damage|p1a: Azumarill|313\/403
|
|turn|2
|
|switch|p2a: Scizor|Scizor, F|343\/343
|move|p1a: Azumarill|Play Rough|p2a: Scizor
|-resisted|p2a: Scizor
|-damage|p2a: Scizor|262\/343
|
|turn|3
|
|switch|p1a: Aegislash|Aegislash, M|324\/324
|detailschange|p2a: Scizor|Scizor-Mega, F
|message|Scizor ha megaevolucionado a Scizor-Mega!
|move|p2a: Scizor|Knock Off|p1a: Aegislash
|-supereffective|p1a: Aegislash
|-damage|p1a: Aegislash|148\/324
|-enditem|p1a: Aegislash|Spooky Plate|[from] move: Knock Off|[of] p2a: Scizor
|
|turn|4
|
|switch|p2a: Heatran|Heatran, F|385\/385
|-formechange|p1a: Aegislash|Aegislash-Blade
|move|p1a: Aegislash|Shadow Ball|p2a: Heatran
|-damage|p2a: Heatran|255\/385
|
|-heal|p2a: Heatran|279\/385|[from] item: Leftovers
|turn|5
|
|switch|p1a: Kyurem-Black|Kyurem-Black|405\/405
|-ability|p1a: Kyurem-Black|Teravolt
|move|p2a: Heatran|Stealth Rock|p1a: Kyurem-Black
|-sidestart|p1: Fenix-|move: Stealth Rock
|
|-heal|p2a: Heatran|303\/385|[from] item: Leftovers
|turn|6
|
|switch|p2a: Landorus-Therian|Landorus-Therian, M|354\/354
|-ability|p2a: Landorus-Therian|Intimidate|[of] p1a: Kyurem-Black
|-unboost|p1a: Kyurem-Black|atk|1
|move|p1a: Kyurem-Black|Earth Power|p2a: Landorus-Therian
|-immune|p2a: Landorus-Therian|[msg]
|
|turn|7
|
|move|p2a: Landorus-Therian|U-turn|p1a: Kyurem-Black
|-damage|p1a: Kyurem-Black|304\/405
|
|switch|p2a: Scizor|Scizor-Mega, F|262\/343
|move|p1a: Kyurem-Black|Ice Beam|p2a: Scizor
|-crit|p2a: Scizor
|-resisted|p2a: Scizor
|-damage|p2a: Scizor|144\/343
|
|-heal|p1a: Kyurem-Black|329\/405|[from] item: Leftovers
|turn|8
|
|switch|p1a: Garchomp|Garchomp, M|357\/357
|-damage|p1a: Garchomp|335\/357|[from] Stealth Rock
|move|p2a: Scizor|Roost|p2a: Scizor
|-heal|p2a: Scizor|316\/343
|
|turn|9
|
|move|p1a: Garchomp|Swords Dance|p1a: Garchomp
|-boost|p1a: Garchomp|atk|2
|move|p2a: Scizor|Swords Dance|p2a: Scizor
|-boost|p2a: Scizor|atk|2
|
|turn|10
|
|move|p1a: Garchomp|Earthquake|p2a: Scizor
|-damage|p2a: Scizor|3\/343
|-damage|p1a: Garchomp|300\/357|[from] item: Life Orb
|move|p2a: Scizor|Knock Off|p1a: Garchomp
|-damage|p1a: Garchomp|51\/357
|-damage|p2a: Scizor|0 fnt|[from] ability: Rough Skin|[of] p1a: Garchomp
|faint|p2a: Scizor
|
|join|Neonnnn
|
|switch|p2a: Landorus-Therian|Landorus-Therian, M|354\/354
|-ability|p2a: Landorus-Therian|Intimidate|[of] p1a: Garchomp
|-unboost|p1a: Garchomp|atk|1
|turn|11
|
|switch|p1a: Kyurem-Black|Kyurem-Black|329\/405
|-damage|p1a: Kyurem-Black|228\/405|[from] Stealth Rock
|-ability|p1a: Kyurem-Black|Teravolt
|move|p2a: Landorus-Therian|Earthquake|p1a: Kyurem-Black
|-damage|p1a: Kyurem-Black|39\/405
|
|-heal|p1a: Kyurem-Black|64\/405|[from] item: Leftovers
|turn|12
|
|move|p2a: Landorus-Therian|Earthquake|p1a: Kyurem-Black
|-damage|p1a: Kyurem-Black|0 fnt
|faint|p1a: Kyurem-Black
|
|
|switch|p1a: Talonflame|Talonflame, M|309\/309
|-damage|p1a: Talonflame|155\/309|[from] Stealth Rock
|turn|13
|
|switch|p2a: Heatran|Heatran, F|303\/385
|move|p1a: Talonflame|Swords Dance|p1a: Talonflame
|-boost|p1a: Talonflame|atk|2
|
|-heal|p2a: Heatran|327\/385|[from] item: Leftovers
|turn|14
|
|move|p1a: Talonflame|Brave Bird|p2a: Heatran
|-resisted|p2a: Heatran
|-damage|p2a: Heatran|159\/385
|-damage|p1a: Talonflame|100\/309|[from] recoil|[of] p2a: Heatran
|-enditem|p1a: Talonflame|Sitrus Berry|[eat]
|-heal|p1a: Talonflame|177\/309|[from] item: Sitrus Berry
|move|p2a: Heatran|Toxic|p1a: Talonflame
|-status|p1a: Talonflame|tox
|
|-heal|p2a: Heatran|183\/385|[from] item: Leftovers
|-damage|p1a: Talonflame|158\/309 tox|[from] psn
|turn|15
|
|move|p1a: Talonflame|Acrobatics|p2a: Heatran
|-resisted|p2a: Heatran
|-damage|p2a: Heatran|24\/385
|move|p2a: Heatran|Lava Plume|p1a: Talonflame
|-resisted|p1a: Talonflame
|-damage|p1a: Talonflame|74\/309 tox
|
|-heal|p2a: Heatran|48\/385|[from] item: Leftovers
|-damage|p1a: Talonflame|36\/309 tox|[from] psn
|turn|16
|
|move|p1a: Talonflame|Brave Bird|p2a: Heatran
|-resisted|p2a: Heatran
|-damage|p2a: Heatran|0 fnt
|-damage|p1a: Talonflame|20\/309 tox|[from] recoil|[of] p2a: Heatran
|faint|p2a: Heatran
|
|-damage|p1a: Talonflame|0 fnt|[from] psn
|faint|p1a: Talonflame
|
|switch|p2a: Keldeo-Resolute|Keldeo-Resolute|323\/323
|switch|p1a: Scizor|Scizor, M|343\/343
|-damage|p1a: Scizor|301\/343|[from] Stealth Rock
|turn|17
|
|detailschange|p1a: Scizor|Scizor-Mega, M
|message|Scizor ha megaevolucionado a Scizor-Mega!
|move|p2a: Keldeo-Resolute|Scald|p1a: Scizor
|-damage|p1a: Scizor|70\/343
|move|p1a: Scizor|Defog|p2a: Keldeo-Resolute
|-unboost|p2a: Keldeo-Resolute|evasion|1
|-sideend|p1: Fenix-|Stealth Rock|[from] move: Defog|[of] p1a: Scizor
|
|turn|18
|
|switch|p1a: Garchomp|Garchomp, M|51\/357
|move|p2a: Keldeo-Resolute|Scald|p1a: Garchomp
|-damage|p1a: Garchomp|0 fnt
|faint|p1a: Garchomp
|
|
|switch|p1a: Azumarill|Azumarill, M|313\/403
|turn|19
|
|switch|p2a: Latios|Latios, M|301\/301
|move|p1a: Azumarill|Play Rough|p2a: Latios
|-supereffective|p2a: Latios
|-damage|p2a: Latios|0 fnt
|faint|p2a: Latios
|
|
|switch|p2a: Kyurem-Black|Kyurem-Black|391\/391
|-ability|p2a: Kyurem-Black|Teravolt
|turn|20
|
|move|p2a: Kyurem-Black|Fusion Bolt|p1a: Azumarill
|-crit|p1a: Azumarill
|-supereffective|p1a: Azumarill
|-damage|p1a: Azumarill|0 fnt
|-damage|p2a: Kyurem-Black|352\/391|[from] item: Life Orb
|faint|p1a: Azumarill
|
|
|switch|p1a: Scizor|Scizor-Mega, M|70\/343
|turn|21
|
|switch|p2a: Landorus-Therian|Landorus-Therian, M|354\/354
|-ability|p2a: Landorus-Therian|Intimidate|[of] p1a: Scizor
|-unboost|p1a: Scizor|atk|1
|move|p1a: Scizor|Bullet Punch|p2a: Landorus-Therian
|-crit|p2a: Landorus-Therian
|-damage|p2a: Landorus-Therian|126\/354
|
|turn|22
|
|switch|p2a: Keldeo-Resolute|Keldeo-Resolute|323\/323
|move|p1a: Scizor|Bullet Punch|p2a: Keldeo-Resolute
|-resisted|p2a: Keldeo-Resolute
|-damage|p2a: Keldeo-Resolute|275\/323
|
|turn|23
|
|switch|p1a: Aegislash|Aegislash, M|148\/324
|move|p2a: Keldeo-Resolute|Scald|p1a: Aegislash
|-damage|p1a: Aegislash|6\/324
|
|turn|24
|
|-formechange|p1a: Aegislash|Aegislash-Blade
|move|p1a: Aegislash|Shadow Sneak|p2a: Keldeo-Resolute
|-damage|p2a: Keldeo-Resolute|206\/323
|move|p2a: Keldeo-Resolute|Scald|p1a: Aegislash
|-damage|p1a: Aegislash|0 fnt
|faint|p1a: Aegislash
|
|-message|Fenix- se rindio.
|
|win|Echoed Soul
Echoed Soul ha ganado 3.25 PokeDolares.
|raw|Ladder actualizandose...
|leave|Fenix-
|player|p1
|raw|Puntaje de Fenix-: 1551 &rarr; <strong>1522<\/strong><br \/>(-29 por perder)
|raw|Puntaje de Echoed Soul: 1368 &rarr; <strong>1397<\/strong><br \/>(+29 por ganar)
|leave|Echoed Soul
|player|p2
|leave|ImmortalTiger