|join|Fenix-
|join|Rivero
|player|p1|Fenix-|25
|player|p2|Rivero|233
|gametype|singles
|gen|6
|tier|OU
|rated
|clearpoke
|poke|p1|Azumarill, M
|poke|p1|Garchomp, M
|poke|p1|Aegislash, M
|poke|p1|Scizor, M
|poke|p1|Kyurem-Black
|poke|p1|Talonflame, M
|poke|p2|Tornadus-Therian, M
|poke|p2|Heatran, M
|poke|p2|Venusaur, F, shiny
|poke|p2|Chansey, F
|poke|p2|Skarmory, F
|poke|p2|Quagsire, F, shiny
|rule|Clausula de Baton Pass: se prohibe mas de 3 pokemon con Baton Pass
|rule|Clausula de Dormir: solo puedes dormir a uno de tus oponentes a la vez.
|rule|Clausula de Especie: Hasta un Pokemon de cada especie
|rule|Clausula de Golpe Fulminante: los movimientos fulminantes (OHKO) estan prohibidos
|rule|Clausula de Moody: la habilidad Moody esta prohibida
|rule|Clausula de Swagger: se prohibe el uso de Swagger
|rule|Clausula de Movimientos Evasivos: los movimientos de evasion estan prohibidos
|rule|Clausula de Batallas Eternas: forzar batallas eternas esta prohibido
|rule|Modo de Porcentaje de HP: el HP es reportado como porcentaje
|teampreview
|
|start
|switch|p1a: Kyurem-Black|Kyurem-Black|405\/405
|switch|p2a: Requiem|Tornadus-Therian, M|299\/299
|-ability|p1a: Kyurem-Black|Teravolt
|turn|1
|
|switch|p2a: Croker|Chansey, F|704\/704
|move|p1a: Kyurem-Black|Ice Beam|p2a: Croker
|-crit|p2a: Croker
|-damage|p2a: Croker|544\/704
|-status|p2a: Croker|frz
|
|turn|2
|
|move|p1a: Kyurem-Black|Fusion Bolt|p2a: Croker
|-damage|p2a: Croker|367\/704 frz
|cant|p2a: Croker|frz
|
|turn|3
|
|switch|p2a: Poison Ivy|Venusaur, F, shiny|364\/364
|move|p1a: Kyurem-Black|Fusion Bolt|p2a: Poison Ivy
|-resisted|p2a: Poison Ivy
|-damage|p2a: Poison Ivy|313\/364
|
|turn|4
|
|detailschange|p2a: Poison Ivy|Venusaur-Mega, F, shiny
|message|Venusaur ha megaevolucionado a Venusaur-Mega!
|move|p1a: Kyurem-Black|Substitute|p1a: Kyurem-Black
|-start|p1a: Kyurem-Black|Substitute
|-damage|p1a: Kyurem-Black|304\/405
|move|p2a: Poison Ivy|Leech Seed|p1a: Kyurem-Black
|
|-heal|p1a: Kyurem-Black|329\/405|[from] item: Leftovers
|turn|5
|
|switch|p2a: Croker|Chansey, F|367\/704
|move|p1a: Kyurem-Black|Fusion Bolt|p2a: Croker
|-damage|p2a: Croker|205\/704
|
|-heal|p1a: Kyurem-Black|354\/405|[from] item: Leftovers
|turn|6
|
|move|p1a: Kyurem-Black|Ice Beam|p2a: Croker
|-damage|p2a: Croker|93\/704
|move|p2a: Croker|Soft-Boiled|p2a: Croker
|-heal|p2a: Croker|445\/704
|
|-heal|p1a: Kyurem-Black|379\/405|[from] item: Leftovers
|turn|7
|
|switch|p1a: Aegislash|Aegislash, M|324\/324
|move|p2a: Croker|Soft-Boiled|p2a: Croker
|-heal|p2a: Croker|704\/704
|
|turn|8
|
|-formechange|p1a: Aegislash|Aegislash-Blade
|move|p1a: Aegislash|Shadow Ball|p2a: Croker
|-immune|p2a: Croker|[msg]
|move|p2a: Croker|Stealth Rock|p1a: Aegislash
|-sidestart|p1: Fenix-|move: Stealth Rock
|
|turn|9
|
|switch|p2a: Equius|Heatran, M|383\/383
|move|p1a: Aegislash|Shadow Ball|p2a: Equius
|-crit|p2a: Equius
|-damage|p2a: Equius|154\/383
|
|-heal|p2a: Equius|177\/383|[from] item: Leftovers
|turn|10
|chat|Rivero|ya
|
|switch|p1a: Garchomp|Garchomp, M|357\/357
|-damage|p1a: Garchomp|335\/357|[from] Stealth Rock
|move|p2a: Equius|Lava Plume|p1a: Garchomp
|-resisted|p1a: Garchomp
|-damage|p1a: Garchomp|263\/357
|-status|p1a: Garchomp|brn
|
|-heal|p2a: Equius|200\/383|[from] item: Leftovers
|-damage|p1a: Garchomp|219\/357 brn|[from] brn
|turn|11
|
|move|p2a: Equius|Protect|p2a: Equius
|-singleturn|p2a: Equius|Protect
|move|p1a: Garchomp|Stealth Rock|p2a: Equius
|-sidestart|p2: Rivero|move: Stealth Rock
|
|-heal|p2a: Equius|223\/383|[from] item: Leftovers
|-damage|p1a: Garchomp|175\/357 brn|[from] brn
|turn|12
|
|switch|p1a: Kyurem-Black|Kyurem-Black|379\/405
|-damage|p1a: Kyurem-Black|278\/405|[from] Stealth Rock
|-ability|p1a: Kyurem-Black|Teravolt
|switch|p2a: Poison Ivy|Venusaur-Mega, F, shiny|313\/364
|-damage|p2a: Poison Ivy|268\/364|[from] Stealth Rock
|
|-heal|p1a: Kyurem-Black|303\/405|[from] item: Leftovers
|turn|13
|
|switch|p2a: Croker|Chansey, F|704\/704
|-damage|p2a: Croker|616\/704|[from] Stealth Rock
|move|p1a: Kyurem-Black|Ice Beam|p2a: Croker
|-damage|p2a: Croker|505\/704
|
|-heal|p1a: Kyurem-Black|328\/405|[from] item: Leftovers
|turn|14
|
|switch|p1a: Aegislash|Aegislash, M|324\/324
|-damage|p1a: Aegislash|304\/324|[from] Stealth Rock
|move|p2a: Croker|Seismic Toss|p1a: Aegislash
|-immune|p1a: Aegislash|[msg]
|
|turn|15
|
|-formechange|p1a: Aegislash|Aegislash-Blade
|move|p1a: Aegislash|Shadow Ball|p2a: Croker
|-immune|p2a: Croker|[msg]
|move|p2a: Croker|Soft-Boiled|p2a: Croker
|-heal|p2a: Croker|704\/704
|
|turn|16
|
|move|p1a: Aegislash|Shadow Ball|p2a: Croker
|-immune|p2a: Croker|[msg]
|move|p2a: Croker|Toxic|p1a: Aegislash
|-fail|p1a: Aegislash
|
|turn|17
|
|move|p1a: Aegislash|Sacred Sword|p2a: Croker
|-crit|p2a: Croker
|-supereffective|p2a: Croker
|-damage|p2a: Croker|290\/704
|move|p2a: Croker|Soft-Boiled|p2a: Croker
|-heal|p2a: Croker|642\/704
|
|turn|18
|
|switch|p2a: Poison Ivy|Venusaur-Mega, F, shiny|268\/364
|-damage|p2a: Poison Ivy|223\/364|[from] Stealth Rock
|move|p1a: Aegislash|Sacred Sword|p2a: Poison Ivy
|-resisted|p2a: Poison Ivy
|-damage|p2a: Poison Ivy|190\/364
|
|turn|19
|
|move|p2a: Poison Ivy|Leech Seed|p1a: Aegislash
|-start|p1a: Aegislash|move: Leech Seed
|move|p1a: Aegislash|Shadow Ball|p2a: Poison Ivy
|-damage|p2a: Poison Ivy|3\/364
|
|-damage|p1a: Aegislash|264\/324|[from] Leech Seed|[of] p2a: Poison Ivy
|-heal|p2a: Poison Ivy|43\/364|[silent]
|turn|20
|
|switch|p1a: Garchomp|Garchomp, M|175\/357 brn
|-damage|p1a: Garchomp|153\/357 brn|[from] Stealth Rock
|move|p2a: Poison Ivy|Synthesis|p2a: Poison Ivy
|-heal|p2a: Poison Ivy|225\/364
|
|-damage|p1a: Garchomp|109\/357 brn|[from] brn
|turn|21
|
|move|p1a: Garchomp|Dragon Claw|p2a: Poison Ivy
|-damage|p2a: Poison Ivy|165\/364
|-damage|p1a: Garchomp|74\/357 brn|[from] item: Life Orb
|move|p2a: Poison Ivy|Synthesis|p2a: Poison Ivy
|-heal|p2a: Poison Ivy|347\/364
|
|-damage|p1a: Garchomp|30\/357 brn|[from] brn
|turn|22
|
|move|p1a: Garchomp|Earthquake|p2a: Poison Ivy
|-damage|p2a: Poison Ivy|273\/364
|-damage|p1a: Garchomp|0 fnt|[from] item: Life Orb
|faint|p1a: Garchomp
|move|p2a: Poison Ivy|Leech Seed|p1: Garchomp|[notarget]
|-notarget
|
|
|switch|p1a: Talonflame|Talonflame, M|309\/309
|-damage|p1a: Talonflame|155\/309|[from] Stealth Rock
|turn|23
|
|switch|p2a: West Coast|Quagsire, F, shiny|394\/394
|-damage|p2a: West Coast|370\/394|[from] Stealth Rock
|move|p1a: Talonflame|Swords Dance|p1a: Talonflame
|-boost|p1a: Talonflame|atk|2
|
|-heal|p2a: West Coast|394\/394|[from] item: Leftovers
|turn|24
|
|switch|p1a: Scizor|Scizor, M|343\/343
|-damage|p1a: Scizor|301\/343|[from] Stealth Rock
|move|p2a: West Coast|Toxic|p1a: Scizor
|-fail|p1a: Scizor
|
|turn|25
|
|detailschange|p1a: Scizor|Scizor-Mega, M
|message|Scizor ha megaevolucionado a Scizor-Mega!
|move|p1a: Scizor|Defog|p2a: West Coast
|-unboost|p2a: West Coast|evasion|1
|-sideend|p2: Rivero|Stealth Rock|[from] move: Defog|[of] p2a: West Coast
|-sideend|p1: Fenix-|Stealth Rock|[from] move: Defog|[of] p1a: Scizor
|move|p2a: West Coast|Scald|p1a: Scizor
|-damage|p1a: Scizor|235\/343
|-status|p1a: Scizor|brn
|
|-damage|p1a: Scizor|193\/343 brn|[from] brn
|turn|26
|leave|Fenix-
|player|p1
|chat|Rivero|AJAJJAJAJAJAA
|join|Vladimir Puton
|chat|Rivero|ojo que el hax
|chat|Rivero|estaba parejo
|chat|Vladimir Puton|LOL
|chat|Rivero|me metio como
|chat|Rivero|3 criths
|chat|Rivero|y que si importaron
|chat|Rivero|fui su 3er lose
|chat|Vladimir Puton|este wn
|chat|Rivero|https:\/\/www.facebook.com\/photo.php?fbid=491016474311866&set=a.102379509842233.4552.100002105520510&type=1&theater
|chat|Vladimir Puton|represante el UU chileno
|chat|Rivero|ohNO
|chat|Rivero|NO
|chat|Rivero|NO
|chat|Rivero|pege mal
|chat|Vladimir Puton|JAJAJAJAAJAJAJAJAJJAJAJAJAJA
|chat|Rivero|ou	1471	84	1831 Â± 70	--	31	2	0
|chat|Rivero|Rivero: fui su 3er lose
|chat|Rivero|eso queria pegar
|chat|Rivero|nadie vio nada
|chat|Rivero|JAJAJJAJA DIOS
|chat|Rivero|que missclick
|join|SweetPoshoâ¿
|chat|SweetPoshoâ¿|LOL
|-message|fenix perdio por inactividad.
|
|win|Rivero
Rivero ha ganado 3.25 PokeDolares.
|raw|Ladder actualizandose...
|raw|Puntaje de Fenix-: 1472 &rarr; <strong>1442<\/strong><br \/>(-30 por perder)
|raw|Puntaje de Rivero: 1278 &rarr; <strong>1316<\/strong><br \/>(+38 por ganar)
|chat|Vladimir Puton|gg fenix
|chat|Vladimir Puton|:u
|chat|Rivero|es bien creido
|chat|Rivero|el pendejo este
|chat|Vladimir Puton|es chileno
|chat|Vladimir Puton|lol
|chat|Rivero|:0
|chat|Vladimir Puton|representa uu
|chat|Vladimir Puton|en la selecciÃ³n de chile
|chat|Vladimir Puton|como yo en ubers
|chat|Rivero|oshe ci