|join|(26)Vomer-Cubital
|join|Fenix-
|player|p1|(26)Vomer-Cubital|229
|player|p2|Fenix-|266
|gametype|singles
|gen|6
|tier|OU
|rated
|clearpoke
|poke|p1|Gallade, M, shiny
|poke|p1|Drapion, F, shiny
|poke|p1|Electivire, M, shiny
|poke|p1|Yanmega, F, shiny
|poke|p1|Glaceon, F, shiny
|poke|p1|Empoleon, M, shiny
|poke|p2|Pinsir, F
|poke|p2|Heatran, F
|poke|p2|Kyurem-Black
|poke|p2|Aegislash, F
|poke|p2|Mandibuzz, F
|poke|p2|Rotom-Wash
|rule|Sleep Clause Mod: Limit one foe put to sleep
|rule|Species Clause: Limit one of each Pokemon
|rule|OHKO Clause: OHKO moves are banned
|rule|Moody Clause: Moody is banned
|rule|Evasion Moves Clause: Evasion moves are banned
|rule|Endless Battle Clause: Forcing endless battles is banned.
|rule|HP Percentage Mod: HP is reported as percentages
|teampreview
|
|start
|switch|p1a: Yanmega|Yanmega, F, shiny|313\/313
|switch|p2a: Kyurem-Black|Kyurem-Black|404\/404
|-ability|p2a: Kyurem-Black|Teravolt
|turn|1
|
|move|p1a: Yanmega|Ancient Power|p2a: Kyurem-Black
|-supereffective|p2a: Kyurem-Black
|-damage|p2a: Kyurem-Black|252\/404
|move|p2a: Kyurem-Black|Substitute|p2a: Kyurem-Black
|-start|p2a: Kyurem-Black|Substitute
|-damage|p2a: Kyurem-Black|151\/404
|
|-heal|p2a: Kyurem-Black|176\/404|[from] item: Leftovers
|-boost|p1a: Yanmega|spe|1|[from] ability: Speed Boost
|turn|2
|
|move|p1a: Yanmega|Ancient Power|p2a: Kyurem-Black
|-supereffective|p2a: Kyurem-Black
|-end|p2a: Kyurem-Black|Substitute
|move|p2a: Kyurem-Black|Ice Beam|p1a: Yanmega
|-supereffective|p1a: Yanmega
|-enditem|p1a: Yanmega|Focus Sash
|-damage|p1a: Yanmega|1\/313
|
|-heal|p2a: Kyurem-Black|201\/404|[from] item: Leftovers
|-boost|p1a: Yanmega|spe|1|[from] ability: Speed Boost
|turn|3
|
|switch|p2a: Aegislash|Aegislash, F|324\/324
|move|p1a: Yanmega|Bug Buzz|p2a: Aegislash
|-resisted|p2a: Aegislash
|-damage|p2a: Aegislash|296\/324
|
|-heal|p2a: Aegislash|316\/324|[from] item: Leftovers
|-boost|p1a: Yanmega|spe|1|[from] ability: Speed Boost
|turn|4
|
|switch|p1a: Drapion|Drapion, F, shiny|281\/281
|-formechange|p2a: Aegislash|Aegislash-Blade
|move|p2a: Aegislash|Shadow Ball|p1a: Drapion
|-resisted|p1a: Drapion
|-damage|p1a: Drapion|189\/281
|-unboost|p1a: Drapion|spd|1
|
|-heal|p2a: Aegislash|324\/324|[from] item: Leftovers
|turn|5
|
|switch|p1a: Empoleon|Empoleon, M, shiny|372\/372
|-item|p1a: Empoleon|Air Balloon
|-formechange|p2a: Aegislash|Aegislash
|move|p2a: Aegislash|King's Shield|p2a: Aegislash
|-fail|p2a: Aegislash
|
|turn|6
|
|switch|p2a: Rotom-Wash|Rotom-Wash|303\/303
|move|p1a: Empoleon|Scald|p2a: Rotom-Wash
|-resisted|p2a: Rotom-Wash
|-damage|p2a: Rotom-Wash|231\/303
|
|turn|7
|
|switch|p1a: Electivire|Electivire, M, shiny|292\/292
|move|p2a: Rotom-Wash|Volt Switch|p1a: Electivire
|-boost|p1a: Electivire|spe|1|[from] ability: Motor Drive
|
|turn|8
|
|move|p1a: Electivire|Power-Up Punch|p2a: Rotom-Wash
|-damage|p2a: Rotom-Wash|184\/303
|-boost|p1a: Electivire|atk|1
|-damage|p1a: Electivire|263\/292|[from] item: Life Orb
|move|p2a: Rotom-Wash|Will-O-Wisp|p1a: Electivire|[miss]
|-miss|p2a: Rotom-Wash|p1a: Electivire
|
|turn|9
|
|move|p1a: Electivire|Thunder Punch|p2a: Rotom-Wash
|-damage|p2a: Rotom-Wash|0 fnt
|-damage|p1a: Electivire|234\/292|[from] item: Life Orb
|faint|p2a: Rotom-Wash
|
|
|switch|p2a: Aegislash|Aegislash, F|324\/324
|turn|10
|
|move|p1a: Electivire|Earthquake|p2a: Aegislash
|-supereffective|p2a: Aegislash
|-damage|p2a: Aegislash|20\/324
|-damage|p1a: Electivire|205\/292|[from] item: Life Orb
|-formechange|p2a: Aegislash|Aegislash-Blade
|move|p2a: Aegislash|Shadow Ball|p1a: Electivire
|-damage|p1a: Electivire|4\/292
|
|-heal|p2a: Aegislash|40\/324|[from] item: Leftovers
|turn|11
|
|-formechange|p2a: Aegislash|Aegislash
|move|p2a: Aegislash|King's Shield|p2a: Aegislash
|-singleturn|p2a: Aegislash|Protect
|move|p1a: Electivire|Power-Up Punch|p2a: Aegislash
|-immune|p2a: Aegislash|[msg]
|
|-heal|p2a: Aegislash|60\/324|[from] item: Leftovers
|turn|12
|
|-formechange|p2a: Aegislash|Aegislash-Blade
|move|p2a: Aegislash|Shadow Sneak|p1a: Electivire
|-damage|p1a: Electivire|0 fnt
|faint|p1a: Electivire
|
|-heal|p2a: Aegislash|80\/324|[from] item: Leftovers
|
|switch|p1a: Drapion|Drapion, F, shiny|189\/281
|turn|13
|
|-formechange|p2a: Aegislash|Aegislash
|move|p2a: Aegislash|King's Shield|p2a: Aegislash
|-singleturn|p2a: Aegislash|Protect
|move|p1a: Drapion|Swords Dance|p1a: Drapion
|-boost|p1a: Drapion|atk|2
|
|-heal|p2a: Aegislash|100\/324|[from] item: Leftovers
|turn|14
|
|switch|p2a: Heatran|Heatran, F|323\/323
|move|p1a: Drapion|Knock Off|p2a: Heatran
|-damage|p2a: Heatran|107\/323
|-enditem|p2a: Heatran|Choice Scarf|[from] move: Knock Off|[of] p1a: Drapion
|
|turn|15
|
|move|p1a: Drapion|Earthquake|p2a: Heatran
|-supereffective|p2a: Heatran
|-damage|p2a: Heatran|0 fnt
|faint|p2a: Heatran
|
|
|switch|p2a: Pinsir|Pinsir, F|271\/271
|-ability|p2a: Pinsir|Mold Breaker
|turn|16
|
|-formechange|p2a: Pinsir|Pinsir-Mega
|message|Pinsir has Mega Evolved into Mega Pinsir!
|move|p1a: Drapion|Cross Poison|p2a: Pinsir
|-crit|p2a: Pinsir
|-damage|p2a: Pinsir|0 fnt
|faint|p2a: Pinsir
|
|
|switch|p2a: Mandibuzz|Mandibuzz, F|424\/424
|turn|17
|
|move|p1a: Drapion|Knock Off|p2a: Mandibuzz
|-resisted|p2a: Mandibuzz
|-damage|p2a: Mandibuzz|351\/424
|-damage|p1a: Drapion|143\/281|[from] item: Rocky Helmet|[of] p2a: Mandibuzz
|-enditem|p2a: Mandibuzz|Rocky Helmet|[from] move: Knock Off|[of] p1a: Drapion
|move|p2a: Mandibuzz|Foul Play|p1a: Drapion
|-resisted|p1a: Drapion
|-damage|p1a: Drapion|62\/281
|
|turn|18
|
|move|p1a: Drapion|Cross Poison|p2a: Mandibuzz
|-damage|p2a: Mandibuzz|242\/424
|move|p2a: Mandibuzz|Foul Play|p1a: Drapion
|-resisted|p1a: Drapion
|-damage|p1a: Drapion|0 fnt
|faint|p1a: Drapion
|
|
|switch|p1a: Yanmega|Yanmega, F, shiny|1\/313
|turn|19
|
|switch|p2a: Aegislash|Aegislash, F|100\/324
|move|p1a: Yanmega|Ancient Power|p2a: Aegislash
|-resisted|p2a: Aegislash
|-damage|p2a: Aegislash|73\/324
|
|-heal|p2a: Aegislash|93\/324|[from] item: Leftovers
|-boost|p1a: Yanmega|spe|1|[from] ability: Speed Boost
|turn|20
|
|move|p1a: Yanmega|Bug Buzz|p2a: Aegislash
|-resisted|p2a: Aegislash
|-damage|p2a: Aegislash|62\/324
|-formechange|p2a: Aegislash|Aegislash-Blade
|move|p2a: Aegislash|Shadow Ball|p1a: Yanmega
|-crit|p1a: Yanmega
|-damage|p1a: Yanmega|0 fnt
|faint|p1a: Yanmega
|
|-heal|p2a: Aegislash|82\/324|[from] item: Leftovers
|
|switch|p1a: Glaceon|Glaceon, F, shiny|327\/327
|turn|21
|
|-formechange|p2a: Aegislash|Aegislash
|move|p2a: Aegislash|King's Shield|p2a: Aegislash
|-singleturn|p2a: Aegislash|Protect
|move|p1a: Glaceon|Baby-Doll Eyes|p2a: Aegislash
|-unboost|p2a: Aegislash|atk|1
|
|-heal|p2a: Aegislash|102\/324|[from] item: Leftovers
|turn|22
|
|switch|p2a: Kyurem-Black|Kyurem-Black|201\/404
|-ability|p2a: Kyurem-Black|Teravolt
|move|p1a: Glaceon|Shadow Ball|p2a: Kyurem-Black
|-damage|p2a: Kyurem-Black|85\/404
|
|-heal|p2a: Kyurem-Black|110\/404|[from] item: Leftovers
|turn|23
|
|move|p1a: Glaceon|Baby-Doll Eyes|p2a: Kyurem-Black
|-unboost|p2a: Kyurem-Black|atk|1
|move|p2a: Kyurem-Black|Fusion Bolt|p1a: Glaceon
|-damage|p1a: Glaceon|253\/327
|
|-heal|p2a: Kyurem-Black|135\/404|[from] item: Leftovers
|-heal|p1a: Glaceon|273\/327|[from] item: Leftovers
|turn|24
|
|move|p1a: Glaceon|Baby-Doll Eyes|p2a: Kyurem-Black
|-unboost|p2a: Kyurem-Black|atk|1
|move|p2a: Kyurem-Black|Earth Power|p1a: Glaceon
|-damage|p1a: Glaceon|166\/327
|
|-heal|p2a: Kyurem-Black|160\/404|[from] item: Leftovers
|-heal|p1a: Glaceon|186\/327|[from] item: Leftovers
|turn|25
|
|move|p2a: Kyurem-Black|Earth Power|p1a: Glaceon
|-damage|p1a: Glaceon|65\/327
|move|p1a: Glaceon|Ice Beam|p2a: Kyurem-Black
|-damage|p2a: Kyurem-Black|0 fnt
|faint|p2a: Kyurem-Black
|
|-heal|p1a: Glaceon|85\/327|[from] item: Leftovers
|
|switch|p2a: Aegislash|Aegislash, F|102\/324
|turn|26
|
|move|p1a: Glaceon|Shadow Ball|p2a: Aegislash
|-supereffective|p2a: Aegislash
|-damage|p2a: Aegislash|0 fnt
|faint|p2a: Aegislash
|
|-heal|p1a: Glaceon|105\/327|[from] item: Leftovers
|leave|Fenix-
|player|p2
|-message|fenix lost due to inactivity.
|
|win|(26)Vomer-Cubital
|raw|Ladder actualizandose...
|raw|(26)Vomer-Cubital's rating: 1000 &rarr; <strong>1060<\/strong><br \/>(+60 for winning)
|raw|Fenix-'s rating: 1192 &rarr; <strong>1154<\/strong><br \/>(-38 for losing)
|leave|(26)Vomer-Cubital
|player|p1
|join|Arknash