|join|eldeabajo
|join|Fenix-
|player|p1|eldeabajo|293
|player|p2|Fenix-|1
|gametype|singles
|gen|6
|tier|OU
|clearpoke
|poke|p1|Venomoth, F
|poke|p1|Goodra, M
|poke|p1|Arcanine, F
|poke|p1|Clefable, M
|poke|p1|Venusaur, M
|poke|p1|Donphan, F
|poke|p2|Pinsir, M
|poke|p2|Heatran, M
|poke|p2|Kyurem-Black
|poke|p2|Aegislash, M
|poke|p2|Mandibuzz, F
|poke|p2|Rotom-Wash
|rule|Sleep Clause Mod: Limit one foe put to sleep
|rule|Species Clause: Limit one of each Pokemon
|rule|OHKO Clause: OHKO moves are banned
|rule|Moody Clause: Moody is banned
|rule|Evasion Moves Clause: Evasion moves are banned
|rule|Endless Battle Clause: Forcing endless battles is banned.
|rule|HP Percentage Mod: HP is reported as percentages
|teampreview
|join|(Law)Trip
|chat|eldeabajo|injusto!
|join|(SM) Larvitar
|join|themiguellel
|chat|eldeabajo|tiene 2 legendarios :v
|join|LOP Ms.kisame
|chat|LOP Ms.kisame|es valido
|chat|LOP Ms.kisame|-w-
|chat|LOP Ms.kisame|pasando de 3 es pasado :v
|
|start
|switch|p1a: Donphan|Donphan, F|384\/384
|switch|p2a: Kyurem-Black|Kyurem-Black|404\/404
|-ability|p2a: Kyurem-Black|Teravolt
|turn|1
|chat|eldeabajo|pero no es justo :(
|
|move|p2a: Kyurem-Black|Ice Beam|p1a: Donphan
|-supereffective|p1a: Donphan
|-damage|p1a: Donphan|0 fnt
|faint|p1a: Donphan
|
|chat|LOP Ms.kisame|tu tienes un dragon resistente un tanque de planta y un hada que aumenta defensa
|join|geloma
|chat|LOP Ms.kisame|a.a
|chat|eldeabajo|jodido teravolt :v
|
|switch|p1a: Clefable|Clefable, M|394\/394
|turn|2
|join|(SM) Sheik's
|
|switch|p2a: Heatran|Heatran, M|323\/323
|move|p1a: Clefable|Calm Mind|p1a: Clefable
|-boost|p1a: Clefable|spa|1
|-boost|p1a: Clefable|spd|1
|
|turn|3
|chat|eldeabajo|coÃ±o
|
|switch|p1a: Arcanine|Arcanine, F|384\/384
|-ability|p1a: Arcanine|Intimidate|[of] p2a: Heatran
|-unboost|p2a: Heatran|atk|1
|move|p2a: Heatran|Flash Cannon|p1a: Arcanine
|-resisted|p1a: Arcanine
|-damage|p1a: Arcanine|295\/384
|
|turn|4
|
|switch|p2a: Aegislash|Aegislash, M|324\/324
|move|p1a: Arcanine|Close Combat|p2a: Aegislash
|-immune|p2a: Aegislash|[msg]
|
|turn|5
|join|SM FRANKYOSOY
|chat|eldeabajo|fuck
|leave|SM FRANKYOSOY
|
|switch|p1a: Venomoth|Venomoth, F|344\/344
|switch|p2a: Rotom-Wash|Rotom-Wash|303\/303
|
|turn|6
|
|move|p1a: Venomoth|Sleep Powder|p2a: Rotom-Wash
|-status|p2a: Rotom-Wash|slp
|-enditem|p2a: Rotom-Wash|Chesto Berry|[eat]
|-curestatus|p2a: Rotom-Wash|slp
|move|p2a: Rotom-Wash|Volt Switch|p1a: Venomoth
|-damage|p1a: Venomoth|226\/344
|
|switch|p2a: Pinsir|Pinsir, M|271\/271
|-ability|p2a: Pinsir|Mold Breaker
|
|turn|7
|chat|eldeabajo|joder...
|chat|LOP Ms.kisame|ese pinsir si es como creo que es ya valiste a.a
|join|fer21
|chat|(SM) Sheik's|Exacto
|chat|eldeabajo|hmm
|
|-formechange|p2a: Pinsir|Pinsir-Mega
|message|Pinsir has Mega Evolved into Mega Pinsir!
|move|p1a: Venomoth|Sleep Powder|p2a: Pinsir
|-status|p2a: Pinsir|slp
|cant|p2a: Pinsir|slp
|
|turn|8
|chat|eldeabajo|andde
|chat|LOP Ms.kisame|hurra
|chat|LOP Ms.kisame|vivan las esporas XD
|chat|Fenix-|es una broma que es choice scarf...
|
|cant|p2a: Pinsir|slp
|move|p1a: Venomoth|Quiver Dance|p1a: Venomoth
|-boost|p1a: Venomoth|spa|1
|-boost|p1a: Venomoth|spd|1
|-boost|p1a: Venomoth|spe|1
|
|turn|9
|chat|(SM) Sheik's|Esa cosa es veloz
|
|move|p1a: Venomoth|Baton Pass|p1a: Venomoth
|chat|LOP Ms.kisame|si y ahora es mas veloz
|chat|eldeabajo|como te despiertes 
|
|switch|p1a: Goodra|Goodra, M|384\/384
|cant|p2a: Pinsir|slp
|
|turn|10
|chat|LOP Ms.kisame|ya e luchado contra los dos a,a
|chat|LOP Ms.kisame|asi que es dificil saber el final
|
|switch|p2a: Heatran|Heatran, M|323\/323
|move|p1a: Goodra|Flamethrower|p2a: Heatran
|-start|p2a: Heatran|ability: Flash Fire
|
|turn|11
|chat|(SM) Sheik's|Esta cancion es un espejooo
|chat|eldeabajo|fuck
|chat|eldeabajo|hmm
|
|move|p2a: Heatran|Stealth Rock|p1a: Goodra
|-sidestart|p1: eldeabajo|move: Stealth Rock
|move|p1a: Goodra|Dragon Pulse|p2a: Heatran
|-resisted|p2a: Heatran
|-damage|p2a: Heatran|212\/323
|
|turn|12
|
|switch|p2a: Aegislash|Aegislash, M|324\/324
|move|p1a: Goodra|Acid Armor|p1a: Goodra
|-boost|p1a: Goodra|def|2
|
|turn|13
|
|switch|p2a: Heatran|Heatran, M|212\/323
|move|p1a: Goodra|Flamethrower|p2a: Heatran
|-start|p2a: Heatran|ability: Flash Fire
|
|turn|14
|chat|eldeabajo|:v
|chat|eldeabajo|hmm
|
|move|p2a: Heatran|Flash Cannon|p1a: Goodra
|-damage|p1a: Goodra|317\/384
|move|p1a: Goodra|Dragon Pulse|p2a: Heatran
|-resisted|p2a: Heatran
|-damage|p2a: Heatran|106\/323
|
|turn|15
|
|move|p2a: Heatran|Flash Cannon|p1a: Goodra
|-damage|p1a: Goodra|250\/384
|move|p1a: Goodra|Dragon Pulse|p2a: Heatran
|-resisted|p2a: Heatran
|-damage|p2a: Heatran|4\/323
|
|turn|16
|chat|(SM) Sheik's|Goodra esta dificil de bajar
|chat|eldeabajo|muerete! coÃ±o
|
|move|p2a: Heatran|Flash Cannon|p1a: Goodra
|-damage|p1a: Goodra|184\/384
|move|p1a: Goodra|Dragon Pulse|p2a: Heatran
|-resisted|p2a: Heatran
|-damage|p2a: Heatran|0 fnt
|faint|p2a: Heatran
|
|
|switch|p2a: Kyurem-Black|Kyurem-Black|404\/404
|-ability|p2a: Kyurem-Black|Teravolt
|turn|17
|chat|eldeabajo|:V
|
|move|p1a: Goodra|Dragon Pulse|p2a: Kyurem-Black
|-supereffective|p2a: Kyurem-Black
|-damage|p2a: Kyurem-Black|0 fnt
|faint|p2a: Kyurem-Black
|
|chat|LOP Ms.kisame|a.a
|
|switch|p2a: Aegislash|Aegislash, M|324\/324
|turn|18
|
|move|p1a: Goodra|Flamethrower|p2a: Aegislash
|-supereffective|p2a: Aegislash
|-damage|p2a: Aegislash|104\/324
|-formechange|p2a: Aegislash|Aegislash-Blade
|move|p2a: Aegislash|Shadow Ball|p1a: Goodra
|-damage|p1a: Goodra|106\/384
|
|-heal|p2a: Aegislash|124\/324|[from] item: Leftovers
|turn|19
|chat|LOP Ms.kisame|ese goodra se esta garchando a todos
|chat|(SM) Sheik's|Se sabia xD
|
|-formechange|p2a: Aegislash|Aegislash
|move|p2a: Aegislash|King's Shield|p2a: Aegislash
|-singleturn|p2a: Aegislash|Protect
|move|p1a: Goodra|Flamethrower|p2a: Aegislash
|-activate|p2a: Aegislash|Protect
|
|-heal|p2a: Aegislash|144\/324|[from] item: Leftovers
|turn|20
|
|move|p1a: Goodra|Flamethrower|p2a: Aegislash
|-supereffective|p2a: Aegislash
|-damage|p2a: Aegislash|0 fnt
|faint|p2a: Aegislash
|
|chat|(SM) Sheik's|El nuevo Garchomp?
|
|switch|p2a: Rotom-Wash|Rotom-Wash|303\/303
|turn|21
|chat|eldeabajo|estupida lavadora
|
|move|p1a: Goodra|Dragon Pulse|p2a: Rotom-Wash
|-damage|p2a: Rotom-Wash|89\/303
|move|p2a: Rotom-Wash|Will-O-Wisp|p1a: Goodra
|-status|p1a: Goodra|brn
|
|-damage|p1a: Goodra|58\/384 brn|[from] brn
|turn|22
|chat|eldeabajo|lo sabia hmm
|
|move|p1a: Goodra|Dragon Pulse|p2a: Rotom-Wash
|-damage|p2a: Rotom-Wash|0 fnt
|faint|p2a: Rotom-Wash
|
|-damage|p1a: Goodra|10\/384 brn|[from] brn
|chat|LOP Ms.kisame|todos lo sabiamos XD
|
|switch|p2a: Mandibuzz|Mandibuzz, F|424\/424
|turn|23
|
|move|p1a: Goodra|Dragon Pulse|p2a: Mandibuzz
|-damage|p2a: Mandibuzz|177\/424
|move|p2a: Mandibuzz|Roost|p2a: Mandibuzz
|-heal|p2a: Mandibuzz|389\/424
|
|-damage|p1a: Goodra|0 fnt|[from] brn
|faint|p1a: Goodra
|chat|fer21|esto esta acabado 
|
|switch|p1a: Clefable|Clefable, M|394\/394
|turn|24
|chat|(SM) Sheik's|Nada se sabe! 
|
|move|p2a: Mandibuzz|Taunt|p1a: Clefable
|-start|p1a: Clefable|move: Taunt
|move|p1a: Clefable|Moonblast|p2a: Mandibuzz
|-supereffective|p2a: Mandibuzz
|-damage|p2a: Mandibuzz|165\/424
|
|turn|25
|chat|LOP Ms.kisame|pero es ovio que si a.a
|chat|eldeabajo|jaja
|chat|(SM) Sheik's|Si la cosa esa se despierta y tiene Quick Atack
|
|move|p2a: Mandibuzz|Roost|p2a: Mandibuzz
|-heal|p2a: Mandibuzz|377\/424
|move|p1a: Clefable|Moonblast|p2a: Mandibuzz
|-supereffective|p2a: Mandibuzz
|-damage|p2a: Mandibuzz|149\/424
|
|turn|26
|leave|(Law)Trip
|chat|(SM) Sheik's|Se las vera feo eldeabajo
|chat|(SM) Sheik's|xD
|
|move|p2a: Mandibuzz|Roost|p2a: Mandibuzz
|-heal|p2a: Mandibuzz|361\/424
|move|p1a: Clefable|Moonblast|p2a: Mandibuzz
|-supereffective|p2a: Mandibuzz
|-damage|p2a: Mandibuzz|155\/424
|-unboost|p2a: Mandibuzz|spa|1
|
|-end|p1a: Clefable|move: Taunt
|turn|27
|chat|eldeabajo|ande
|chat|eldeabajo|lo vas a cambiar cierto?
|
|switch|p2a: Pinsir|Pinsir, M|271\/271 slp
|-formechange|p2a: Pinsir|Pinsir-Mega
|move|p1a: Clefable|Moonblast|p2a: Pinsir
|-damage|p2a: Pinsir|145\/271 slp
|
|turn|28
|
|-curestatus|p2a: Pinsir|slp
|move|p2a: Pinsir|Swords Dance|p2a: Pinsir
|-boost|p2a: Pinsir|atk|2
|move|p1a: Clefable|Moonblast|p2a: Pinsir
|-damage|p2a: Pinsir|28\/271
|
|turn|29
|chat|(SM) Sheik's|Wat?
|chat|LOP Ms.kisame|a.a
|chat|themiguellel|oh
|chat|(SM) Sheik's|Lo dije
|
|move|p2a: Pinsir|Frustration|p1a: Clefable
|-damage|p1a: Clefable|0 fnt
|faint|p1a: Clefable
|
|chat|eldeabajo|:v
|chat|(SM) Sheik's|Extreme Speed?
|
|switch|p1a: Arcanine|Arcanine, F|295\/384
|-damage|p1a: Arcanine|199\/384|[from] Stealth Rock
|-ability|p1a: Arcanine|Intimidate|[of] p2a: Pinsir
|-unboost|p2a: Pinsir|atk|1
|turn|30
|chat|(SM) Sheik's|No?
|chat|eldeabajo|yes
|chat|LOP Ms.kisame|run bitch run?
|chat|(SM) Sheik's|Si C:
|
|move|p1a: Arcanine|Extreme Speed|p2a: Pinsir
|-crit|p2a: Pinsir
|-damage|p2a: Pinsir|0 fnt
|-damage|p1a: Arcanine|161\/384|[from] item: Life Orb
|faint|p2a: Pinsir
|
|chat|themiguellel|and now?
|
|switch|p2a: Mandibuzz|Mandibuzz, F|155\/424
|turn|31
|
|move|p1a: Arcanine|Wild Charge|p2a: Mandibuzz
|-supereffective|p2a: Mandibuzz
|-damage|p2a: Mandibuzz|0 fnt
|-damage|p1a: Arcanine|122\/384|[from] recoil|[of] p2a: Mandibuzz
|-damage|p1a: Arcanine|58\/384|[from] item: Rocky Helmet|[of] p2a: Mandibuzz
|-damage|p1a: Arcanine|20\/384|[from] item: Life Orb
|faint|p2a: Mandibuzz
|
|win|eldeabajo
|chat|LOP Ms.kisame|XD
|leave|geloma
|leave|(SM) Sheik's
|leave|fer21
|leave|eldeabajo
|player|p1
|join|SM FRANKYOSOY
|leave|LOP Ms.kisame
|leave|themiguellel
|join|eldeabajo
|leave|SM FRANKYOSOY
|leave|(SM) Larvitar
|leave|Fenix-
|player|p2