|join|SansNickel
|join|Fenix-
|player|p1|SansNickel|2
|player|p2|Fenix-|169
|gametype|singles
|tier|Pokebank OU (beta)
|rated
|clearpoke
|poke|p1|Mandibuzz, F
|poke|p1|Aegislash, F
|poke|p1|Ditto
|poke|p1|Kangaskhan, F
|poke|p1|Sableye, M
|poke|p1|Gastrodon, M
|poke|p2|Absol, M
|poke|p2|Talonflame, F
|poke|p2|Excadrill, F
|poke|p2|Goodra, F
|poke|p2|Garchomp, F
|poke|p2|Rotom-Wash
|rule|Sleep Clause Mod: Limit one foe put to sleep
|rule|Species Clause: Limit one of each Pokemon
|rule|Moody Clause: Moody is banned
|rule|OHKO Clause: OHKO moves are banned
|rule|Evasion Moves Clause: Evasion moves are banned
|rule|HP Percentage Mod: HP is reported as percentages
|teampreview
|callback|decision
|
|start
|switch|p1a: Sableye|Sableye, M|304\/304
|switch|p2a: Rotom-Wash|Rotom-Wash|241\/241
|turn|1
|callback|decision
|
|move|p1a: Sableye|Will-O-Wisp|p2a: Rotom-Wash
|-status|p2a: Rotom-Wash|brn
|move|p2a: Rotom-Wash|Trick|p1a: Sableye
|-activate|p2a: Rotom-Wash|move: Trick|[of] p1a: Sableye
|-item|p1a: Sableye|Choice Scarf|[from] move: Trick
|-item|p2a: Rotom-Wash|Leftovers|[from] move: Trick
|
|-damage|p2a: Rotom-Wash|211\/241 brn|[from] brn
|turn|2
|callback|decision
|
|switch|p2a: Talonflame|Talonflame, F|345\/345
|switch|p1a: Gastrodon|Gastrodon, M|426\/426
|
|turn|3
|callback|decision
|
|move|p2a: Talonflame|U-turn|p1a: Gastrodon
|-damage|p1a: Gastrodon|337\/426
|callback|decision
|
|switch|p2a: Goodra|Goodra, F|384\/384
|move|p1a: Gastrodon|Scald|p2a: Goodra
|-resisted|p2a: Goodra
|-damage|p2a: Goodra|364\/384
|
|-heal|p1a: Gastrodon|363\/426|[from] item: Leftovers
|turn|4
|callback|decision
|
|move|p2a: Goodra|Sludge Bomb|p1a: Gastrodon
|-resisted|p1a: Gastrodon
|-damage|p1a: Gastrodon|301\/426
|move|p1a: Gastrodon|Toxic|p2a: Goodra
|-status|p2a: Goodra|tox
|
|-heal|p1a: Gastrodon|327\/426|[from] item: Leftovers
|-damage|p2a: Goodra|340\/384 tox|[from] psn
|turn|5
|callback|decision
|
|move|p2a: Goodra|Sludge Bomb|p1a: Gastrodon
|-resisted|p1a: Gastrodon
|-damage|p1a: Gastrodon|267\/426
|move|p1a: Gastrodon|Ice Beam|p2a: Goodra
|-supereffective|p2a: Goodra
|-damage|p2a: Goodra|270\/384 tox
|
|-heal|p1a: Gastrodon|293\/426|[from] item: Leftovers
|-damage|p2a: Goodra|222\/384 tox|[from] psn
|turn|6
|callback|decision
|
|move|p1a: Gastrodon|Ice Beam|p2a: Goodra
|-supereffective|p2a: Goodra
|-damage|p2a: Goodra|156\/384 tox
|move|p2a: Goodra|Dragon Tail|p1a: Gastrodon
|-damage|p1a: Gastrodon|230\/426
|drag|p1a: Mandibuzz|Mandibuzz, F|424\/424
|
|-damage|p2a: Goodra|84\/384 tox|[from] psn
|turn|7
|callback|decision
|
|switch|p2a: Garchomp|Garchomp, F|357\/357
|move|p1a: Mandibuzz|Knock Off|p2a: Garchomp
|-damage|p2a: Garchomp|278\/357
|-damage|p1a: Mandibuzz|371\/424|[from] ability: Rough Skin|[of] p2a: Garchomp
|-damage|p1a: Mandibuzz|301\/424|[from] item: Rocky Helmet|[of] p2a: Garchomp
|-enditem|p2a: Garchomp|Rocky Helmet|[from] move: Knock Off|[of] p1a: Mandibuzz
|
|-heal|p1a: Mandibuzz|327\/424|[from] item: Leftovers
|turn|8
|callback|decision
|
|move|p2a: Garchomp|Stealth Rock|p1a: Mandibuzz
|-sidestart|p1: SansNickel|move: Stealth Rock
|move|p1a: Mandibuzz|Foul Play|p2a: Garchomp
|-damage|p2a: Garchomp|98\/357
|-damage|p1a: Mandibuzz|274\/424|[from] ability: Rough Skin|[of] p2a: Garchomp
|
|-heal|p1a: Mandibuzz|300\/424|[from] item: Leftovers
|turn|9
|callback|decision
|
|move|p2a: Garchomp|Outrage|p1a: Mandibuzz
|-damage|p1a: Mandibuzz|141\/424
|move|p1a: Mandibuzz|Foul Play|p2a: Garchomp
|-damage|p2a: Garchomp|0 fnt
|-damage|p1a: Mandibuzz|88\/424|[from] ability: Rough Skin|[of] p2a: Garchomp
|faint|p2a: Garchomp
|
|-heal|p1a: Mandibuzz|114\/424|[from] item: Leftovers
|callback|decision
|
|switch|p2a: Talonflame|Talonflame, F|345\/345
|turn|10
|callback|decision
|
|move|p2a: Talonflame|Flare Blitz|p1a: Mandibuzz
|-damage|p1a: Mandibuzz|0 fnt
|-damage|p2a: Talonflame|307\/345|[from] recoil|[of] p1a: Mandibuzz
|faint|p1a: Mandibuzz
|
|callback|decision
|
|switch|p1a: Gastrodon|Gastrodon, M|230\/426
|-damage|p1a: Gastrodon|204\/426|[from] Stealth Rock
|turn|11
|callback|decision
|
|move|p2a: Talonflame|Flare Blitz|p1a: Gastrodon
|-resisted|p1a: Gastrodon
|-damage|p1a: Gastrodon|96\/426
|-damage|p2a: Talonflame|271\/345|[from] recoil|[of] p1a: Gastrodon
|move|p1a: Gastrodon|Recover|p1a: Gastrodon
|-heal|p1a: Gastrodon|309\/426
|
|-heal|p1a: Gastrodon|335\/426|[from] item: Leftovers
|turn|12
|callback|decision
|
|switch|p2a: Goodra|Goodra, F|84\/384 tox
|move|p1a: Gastrodon|Scald|p2a: Goodra
|-resisted|p2a: Goodra
|-damage|p2a: Goodra|63\/384 tox
|
|-heal|p1a: Gastrodon|361\/426|[from] item: Leftovers
|-damage|p2a: Goodra|39\/384 tox|[from] psn
|turn|13
|callback|decision
|
|move|p2a: Goodra|Draco Meteor|p1a: Gastrodon
|-damage|p1a: Gastrodon|90\/426
|-unboost|p2a: Goodra|spa|2
|move|p1a: Gastrodon|Ice Beam|p2a: Goodra
|-supereffective|p2a: Goodra
|-damage|p2a: Goodra|0 fnt
|faint|p2a: Goodra
|
|-heal|p1a: Gastrodon|116\/426|[from] item: Leftovers
|callback|decision
|
|switch|p2a: Excadrill|Excadrill, F|393\/393
|-ability|p2a: Excadrill|Mold Breaker
|turn|14
|callback|decision
|
|move|p2a: Excadrill|Earthquake|p1a: Gastrodon
|-damage|p1a: Gastrodon|0 fnt
|faint|p1a: Gastrodon
|
|callback|decision
|
|switch|p1a: Sableye|Sableye, M|304\/304
|-damage|p1a: Sableye|266\/304|[from] Stealth Rock
|turn|15
|callback|decision
|
|switch|p2a: Talonflame|Talonflame, F|271\/345
|move|p1a: Sableye|Foul Play|p2a: Talonflame
|-damage|p2a: Talonflame|82\/345
|
|turn|16
|callback|decision
|
|move|p2a: Talonflame|Flare Blitz|p1a: Sableye
|-damage|p1a: Sableye|0 fnt
|-damage|p2a: Talonflame|0 fnt|[from] recoil|[of] p1a: Sableye
|faint|p1a: Sableye
|faint|p2a: Talonflame
|
|callback|decision
|
|switch|p2a: Excadrill|Excadrill, F|393\/393
|switch|p1a: Ditto|Ditto|299\/299
|-damage|p1a: Ditto|262\/299|[from] Stealth Rock
|-ability|p2a: Excadrill|Mold Breaker
|-transform|p1a: Ditto|p2a: Excadrill
|-ability|p1a: Ditto|Mold Breaker
|turn|17
|callback|decision
|
|switch|p2a: Rotom-Wash|Rotom-Wash|211\/241 brn
|move|p1a: Ditto|Earthquake|p2a: Rotom-Wash
|-supereffective|p2a: Rotom-Wash
|-damage|p2a: Rotom-Wash|0 fnt
|faint|p2a: Rotom-Wash
|
|callback|decision
|
|switch|p2a: Absol|Absol, M|271\/271
|turn|18
|callback|decision
|
|-formechange|p2a: Absol|Absol-Mega
|message|Absol has Mega Evolved into Mega Absol!
|move|p1a: Ditto|Earthquake|p2a: Absol
|-damage|p2a: Absol|0 fnt
|faint|p2a: Absol
|
|callback|decision
|leave|Fenix-
|player|p2
|-message|fenix lost due to inactivity.
|
|win|SansNickel
|raw|Ladder updating...
|raw|SansNickel's rating: 1893 &rarr; <strong>1895<\/strong><br \/>(+2 for winning)
|raw|Fenix-'s rating: 1699 &rarr; <strong>1691<\/strong><br \/>(-8 for losing)