|join|Fenix-
|join|coco
|player|p1|Fenix-|52
|player|p2|coco|coco.gif
|gametype|singles
|tier|Pokebank OU (beta)
|rated
|rule|Evasion Abilities Clause: Evasion abilities are banned
|clearpoke
|poke|p1|Genesect
|poke|p1|Skarmory, F
|poke|p1|Mamoswine, M
|poke|p1|Salamence, M
|poke|p1|Aegislash, F
|poke|p1|Keldeo
|poke|p2|Galvantula, F
|poke|p2|Azumarill, M
|poke|p2|Mawile, M
|poke|p2|Florges, M
|poke|p2|Togekiss, M
|poke|p2|Conkeldurr, M
|rule|Sleep Clause Mod: Limit one foe put to sleep
|rule|Species Clause: Limit one of each Pokemon
|rule|Moody Clause: Moody is banned
|rule|OHKO Clause: OHKO moves are banned
|rule|Evasion Moves Clause: Evasion moves are banned
|rule|HP Percentage Mod: HP is reported as percentages
|teampreview
|callback|decision
|
|start
|switch|p1a: Mamoswine|Mamoswine, M|424\/424
|switch|p2a: Conkeldurr|Conkeldurr, M|351\/351
|turn|1
|callback|decision
|
|switch|p1a: Skarmory|Skarmory, F|334\/334
|move|p2a: Conkeldurr|Drain Punch|p1a: Skarmory
|-damage|p1a: Skarmory|182\/334
|-damage|p2a: Conkeldurr|316\/351|[from] item: Life Orb
|
|turn|2
|callback|decision
|
|switch|p2a: Galvantula|Galvantula, F|281\/281
|move|p1a: Skarmory|Stealth Rock|p2a: Galvantula
|-sidestart|p2: coco|move: Stealth Rock
|
|turn|3
|callback|decision
|
|switch|p1a: Mamoswine|Mamoswine, M|424\/424
|move|p2a: Galvantula|Sticky Web|p1a: Mamoswine
|-sidestart|p1: Fenix-|move: Sticky Web
|
|turn|4
|callback|decision
|
|move|p2a: Galvantula|Giga Drain|p1a: Mamoswine
|-supereffective|p1a: Mamoswine
|-damage|p1a: Mamoswine|204\/424
|move|p1a: Mamoswine|Earthquake|p2a: Galvantula
|-damage|p2a: Galvantula|0 fnt
|-damage|p1a: Mamoswine|162\/424|[from] item: Life Orb
|faint|p2a: Galvantula
|
|callback|decision
|
|switch|p2a: Conkeldurr|Conkeldurr, M|316\/351
|-damage|p2a: Conkeldurr|295\/351|[from] Stealth Rock
|turn|5
|callback|decision
|
|switch|p1a: Skarmory|Skarmory, F|182\/334
|move|p2a: Conkeldurr|Drain Punch|p1a: Skarmory
|-crit|p1a: Skarmory
|-damage|p1a: Skarmory|0 fnt
|-heal|p2a: Conkeldurr|351\/351|[from] drain|[of] p1a: Skarmory
|-damage|p2a: Conkeldurr|316\/351|[from] item: Life Orb
|faint|p1a: Skarmory
|
|callback|decision
|
|switch|p1a: Keldeo|Keldeo|323\/323
|-unboost|p1a: Keldeo|spe|1
|turn|6
|callback|decision
|
|move|p1a: Keldeo|Hydro Pump|p2a: Conkeldurr
|-crit|p2a: Conkeldurr
|-damage|p2a: Conkeldurr|0 fnt
|faint|p2a: Conkeldurr
|
|callback|decision
|
|switch|p2a: Togekiss|Togekiss, M|367\/367
|-damage|p2a: Togekiss|276\/367|[from] Stealth Rock
|turn|7
|callback|decision
|
|switch|p1a: Mamoswine|Mamoswine, M|162\/424
|-unboost|p1a: Mamoswine|spe|1
|move|p2a: Togekiss|Nasty Plot|p2a: Togekiss
|-boost|p2a: Togekiss|spa|2
|
|turn|8
|callback|decision
|
|move|p1a: Mamoswine|Ice Shard|p2a: Togekiss
|-supereffective|p2a: Togekiss
|-damage|p2a: Togekiss|50\/367
|-damage|p1a: Mamoswine|120\/424|[from] item: Life Orb
|move|p2a: Togekiss|Air Slash|p1a: Mamoswine
|-damage|p1a: Mamoswine|0 fnt
|faint|p1a: Mamoswine
|
|callback|decision
|
|switch|p1a: Salamence|Salamence, M|331\/331
|turn|9
|callback|decision
|
|move|p1a: Salamence|Earthquake|p2a: Togekiss
|-immune|p2a: Togekiss|[msg]
|move|p2a: Togekiss|Air Slash|p1a: Salamence
|-damage|p1a: Salamence|0 fnt
|faint|p1a: Salamence
|
|callback|decision
|
|switch|p1a: Aegislash|Aegislash, F|324\/324
|-unboost|p1a: Aegislash|spe|1
|turn|10
|callback|decision
|
|-formechange|p1a: Aegislash|Aegislash-Blade
|move|p1a: Aegislash|Shadow Sneak|p2a: Togekiss
|-damage|p2a: Togekiss|0 fnt
|faint|p2a: Togekiss
|
|callback|decision
|
|switch|p2a: Mawile|Mawile, M|241\/241
|-damage|p2a: Mawile|226\/241|[from] Stealth Rock
|turn|11
|callback|decision
|
|-formechange|p2a: Mawile|Mawile-Mega
|message|Mawile mega-evolved into Mawile-Mega!
|move|p2a: Mawile|Foul Play|p1a: Aegislash
|-supereffective|p1a: Aegislash
|-damage|p1a: Aegislash|0 fnt
|faint|p1a: Aegislash
|
|callback|decision
|
|switch|p1a: Keldeo|Keldeo|323\/323
|-unboost|p1a: Keldeo|spe|1
|turn|12
|callback|decision
|
|move|p1a: Keldeo|Secret Sword|p2a: Mawile
|-damage|p2a: Mawile|93\/241
|move|p2a: Mawile|Iron Head|p1a: Keldeo
|-resisted|p1a: Keldeo
|-damage|p1a: Keldeo|166\/323
|
|turn|13
|callback|decision
|
|move|p1a: Keldeo|Secret Sword|p2a: Mawile
|-damage|p2a: Mawile|0 fnt
|faint|p2a: Mawile
|
|callback|decision
|
|switch|p2a: Florges|Florges, M|297\/297
|-damage|p2a: Florges|260\/297|[from] Stealth Rock
|-ability|p2a: Florges|Flower Veil
|turn|14
|callback|decision
|
|move|p1a: Keldeo|Hydro Pump|p2a: Florges
|-damage|p2a: Florges|128\/297
|move|p2a: Florges|Moonblast|p1a: Keldeo
|-supereffective|p1a: Keldeo
|-damage|p1a: Keldeo|0 fnt
|faint|p1a: Keldeo
|
|-heal|p2a: Florges|146\/297|[from] item: Leftovers
|callback|decision
|
|switch|p1a: Genesect|Genesect|293\/293
|-unboost|p1a: Genesect|spe|1
|-boost|p1a: Genesect|atk|1|[from] ability: Download
|turn|15
|callback|decision
|
|move|p2a: Florges|Moonblast|p1a: Genesect
|-resisted|p1a: Genesect
|-damage|p1a: Genesect|202\/293
|move|p1a: Genesect|Rock Polish|p1a: Genesect
|-boost|p1a: Genesect|spe|2
|
|-heal|p2a: Florges|164\/297|[from] item: Leftovers
|turn|16
|callback|decision
|
|move|p1a: Genesect|Bug Buzz|p2a: Florges
|-resisted|p2a: Florges
|-damage|p2a: Florges|87\/297
|-damage|p1a: Genesect|173\/293|[from] item: Life Orb
|move|p2a: Florges|Moonblast|p1a: Genesect
|-resisted|p1a: Genesect
|-damage|p1a: Genesect|86\/293
|
|-heal|p2a: Florges|105\/297|[from] item: Leftovers
|turn|17
|callback|decision
|
|move|p2a: Florges|Protect|p2a: Florges
|-singleturn|p2a: Florges|Protect
|move|p1a: Genesect|Thunderbolt|p2a: Florges
|-activate|p2a: Florges|Protect
|
|-heal|p2a: Florges|123\/297|[from] item: Leftovers
|turn|18
|callback|decision
|
|move|p1a: Genesect|Thunderbolt|p2a: Florges
|-crit|p2a: Florges
|-damage|p2a: Florges|0 fnt
|-damage|p1a: Genesect|57\/293|[from] item: Life Orb
|faint|p2a: Florges
|
|callback|decision
|
|switch|p2a: Azumarill|Azumarill, M|341\/341
|-damage|p2a: Azumarill|299\/341|[from] Stealth Rock
|turn|19
|callback|decision
|
|move|p2a: Azumarill|Aqua Jet|p1a: Genesect
|-damage|p1a: Genesect|0 fnt
|faint|p1a: Genesect
|
|win|coco
|raw|Ladder actualizandose...
|raw|Fenix-'s rating: 1949 &rarr; <strong>1914<\/strong><br \/>(-35 for losing)
|raw|coco's rating: 1411 &rarr; <strong>1483<\/strong><br \/>(+72 for winning)
|leave|Fenix-
|player|p1