|join|Man from Earth
|join|hentaiMask
|player|p1|Man from Earth|201
|player|p2|hentaiMask|75
|gametype|singles
|gen|6
|tier|OU (suspect test)
|rated
|clearpoke
|poke|p1|Alomomola, F
|poke|p1|Hippowdon, M
|poke|p1|Metagross
|poke|p1|Excadrill, F
|poke|p1|Keldeo
|poke|p1|Amoonguss, M
|poke|p2|Zygarde
|poke|p2|Victini
|poke|p2|Scolipede, F
|poke|p2|Whimsicott, F
|poke|p2|Blastoise, M
|poke|p2|Bisharp, M
|rule|Swagger Clause: Swagger is banned
|rule|Baton Pass Clause: Limit one PokÃ©mon knowing Baton Pass
|rule|Sleep Clause Mod: Limit one foe put to sleep
|rule|Species Clause: Limit one of each PokÃ©mon
|rule|OHKO Clause: OHKO moves are banned
|rule|Moody Clause: Moody is banned
|rule|Evasion Moves Clause: Evasion moves are banned
|rule|Endless Battle Clause: Forcing endless battles is banned
|rule|HP Percentage Mod: HP is shown in percentages
|teampreview
|c|âMan from Earth|aids
|c|âMan from Earth|lol
|
|start
|switch|p1a: Metagross|Metagross|301\/301
|switch|p2a: Scolipede|Scolipede, F|262\/262
|turn|1
|
|switch|p2a: Victini|Victini|341\/341
|detailschange|p1a: Metagross|Metagross-Mega
|-mega|p1a: Metagross|Metagross|Metagrossite
|move|p1a: Metagross|Meteor Mash|p2a: Victini
|-resisted|p2a: Victini
|-damage|p2a: Victini|235\/341
|
|turn|2
|
|switch|p1a: Alomomola|Alomomola, F|501\/501
|move|p2a: Victini|V-create|p1a: Alomomola
|-resisted|p1a: Alomomola
|-damage|p1a: Alomomola|316\/501
|-unboost|p2a: Victini|def|1
|-unboost|p2a: Victini|spd|1
|-unboost|p2a: Victini|spe|1
|
|-heal|p1a: Alomomola|347\/501|[from] item: Leftovers
|turn|3
|
|switch|p2a: Whimsicott|Whimsicott, F|324\/324
|switch|p1a: Hippowdon|Hippowdon, M|420\/420
|-weather|Sandstorm
|
|-weather|Sandstorm|[upkeep]
|-damage|p2a: Whimsicott|304\/324|[from] sandstorm
|-heal|p2a: Whimsicott|324\/324|[from] item: Leftovers
|turn|4
|
|move|p2a: Whimsicott|Taunt|p1a: Hippowdon
|-start|p1a: Hippowdon|move: Taunt
|cant|p1a: Hippowdon|move: Taunt|Stealth Rock
|
|-weather|Sandstorm|[upkeep]
|-damage|p2a: Whimsicott|304\/324|[from] sandstorm
|-heal|p2a: Whimsicott|324\/324|[from] item: Leftovers
|turn|5
|
|switch|p2a: Victini|Victini|235\/341
|move|p1a: Hippowdon|Ice Fang|p2a: Victini
|-resisted|p2a: Victini
|-damage|p2a: Victini|209\/341
|
|-weather|Sandstorm|[upkeep]
|-damage|p2a: Victini|188\/341|[from] sandstorm
|turn|6
|
|move|p2a: Victini|U-turn|p1a: Hippowdon
|-damage|p1a: Hippowdon|342\/420
|
|switch|p2a: Blastoise|Blastoise, M|343\/343
|move|p1a: Hippowdon|Earthquake|p2a: Blastoise
|-damage|p2a: Blastoise|220\/343
|
|-weather|Sandstorm|[upkeep]
|-damage|p2a: Blastoise|199\/343|[from] sandstorm
|-heal|p1a: Hippowdon|368\/420|[from] item: Leftovers
|-end|p1a: Hippowdon|move: Taunt
|turn|7
|
|switch|p1a: Alomomola|Alomomola, F|501\/501
|detailschange|p2a: Blastoise|Blastoise-Mega, M
|-mega|p2a: Blastoise|Blastoise|Blastoisinite
|move|p2a: Blastoise|Dark Pulse|p1a: Alomomola
|-damage|p1a: Alomomola|278\/501
|
|-weather|none
|-heal|p1a: Alomomola|309\/501|[from] item: Leftovers
|turn|8
|
|move|p2a: Blastoise|Aura Sphere|p1a: Alomomola
|-damage|p1a: Alomomola|73\/501
|move|p1a: Alomomola|Wish|p1a: Alomomola
|
|-heal|p1a: Alomomola|104\/501|[from] item: Leftovers
|turn|9
|
|move|p1a: Alomomola|Protect|p1a: Alomomola
|-singleturn|p1a: Alomomola|Protect
|move|p2a: Blastoise|Dark Pulse|p1a: Alomomola
|-activate|p1a: Alomomola|Protect
|
|-heal|p1a: Alomomola|354\/501|[from] move: Wish|[wisher] Alomomola
|-heal|p1a: Alomomola|385\/501|[from] item: Leftovers
|turn|10
|join|Prankster
|
|move|p2a: Blastoise|Dark Pulse|p1a: Alomomola
|-crit|p1a: Alomomola
|-damage|p1a: Alomomola|39\/501
|cant|p1a: Alomomola|flinch
|
|-heal|p1a: Alomomola|70\/501|[from] item: Leftovers
|turn|11
|
|move|p1a: Alomomola|Protect|p1a: Alomomola
|-singleturn|p1a: Alomomola|Protect
|move|p2a: Blastoise|Aura Sphere|p1a: Alomomola
|-activate|p1a: Alomomola|Protect
|
|-heal|p1a: Alomomola|101\/501|[from] item: Leftovers
|turn|12
|
|switch|p1a: Keldeo|Keldeo|323\/323
|move|p2a: Blastoise|Dark Pulse|p1a: Keldeo
|-resisted|p1a: Keldeo
|-damage|p1a: Keldeo|239\/323
|-boost|p1a: Keldeo|atk|1|[from] ability: Justified
|
|-heal|p1a: Keldeo|259\/323|[from] item: Leftovers
|turn|13
|
|switch|p1a: Metagross|Metagross-Mega|301\/301
|switch|p2a: Whimsicott|Whimsicott, F|324\/324
|
|turn|14
|
|move|p2a: Whimsicott|Stun Spore|p1a: Metagross|[miss]
|-miss|p2a: Whimsicott|p1a: Metagross
|move|p1a: Metagross|Meteor Mash|p2a: Whimsicott
|-supereffective|p2a: Whimsicott
|-damage|p2a: Whimsicott|0 fnt
|faint|p2a: Whimsicott
|
|
|switch|p2a: Victini|Victini|188\/341
|turn|15
|
|switch|p1a: Hippowdon|Hippowdon, M|368\/420
|-weather|Sandstorm
|move|p2a: Victini|V-create|p1a: Hippowdon
|-damage|p1a: Hippowdon|83\/420
|-unboost|p2a: Victini|def|1
|-unboost|p2a: Victini|spd|1
|-unboost|p2a: Victini|spe|1
|
|-weather|Sandstorm|[upkeep]
|-damage|p2a: Victini|167\/341|[from] sandstorm
|-heal|p1a: Hippowdon|109\/420|[from] item: Leftovers
|turn|16
|
|switch|p1a: Amoonguss|Amoonguss, M|432\/432
|move|p2a: Victini|V-create|p1a: Amoonguss
|-supereffective|p1a: Amoonguss
|-damage|p1a: Amoonguss|0 fnt
|-unboost|p2a: Victini|def|1
|-unboost|p2a: Victini|spd|1
|-unboost|p2a: Victini|spe|1
|faint|p1a: Amoonguss
|
|-weather|Sandstorm|[upkeep]
|-damage|p2a: Victini|146\/341|[from] sandstorm
|
|switch|p1a: Alomomola|Alomomola, F|268\/501
|turn|17
|
|move|p1a: Alomomola|Wish|p1a: Alomomola
|move|p2a: Victini|V-create|p1a: Alomomola
|-resisted|p1a: Alomomola
|-damage|p1a: Alomomola|97\/501
|-unboost|p2a: Victini|def|1
|-unboost|p2a: Victini|spd|1
|-unboost|p2a: Victini|spe|1
|
|-weather|Sandstorm|[upkeep]
|-damage|p1a: Alomomola|66\/501|[from] sandstorm
|-damage|p2a: Victini|125\/341|[from] sandstorm
|-heal|p1a: Alomomola|97\/501|[from] item: Leftovers
|turn|18
|
|switch|p2a: Blastoise|Blastoise-Mega, M|199\/343
|move|p1a: Alomomola|Scald|p2a: Blastoise
|-resisted|p2a: Blastoise
|-damage|p2a: Blastoise|179\/343
|
|-weather|Sandstorm|[upkeep]
|-damage|p2a: Blastoise|158\/343|[from] sandstorm
|-damage|p1a: Alomomola|66\/501|[from] sandstorm
|-heal|p1a: Alomomola|316\/501|[from] move: Wish|[wisher] Alomomola
|-heal|p1a: Alomomola|347\/501|[from] item: Leftovers
|turn|19
|
|move|p1a: Alomomola|Protect|p1a: Alomomola
|-singleturn|p1a: Alomomola|Protect
|move|p2a: Blastoise|Aura Sphere|p1a: Alomomola
|-activate|p1a: Alomomola|Protect
|
|-weather|none
|-heal|p1a: Alomomola|378\/501|[from] item: Leftovers
|turn|20
|
|move|p2a: Blastoise|Aura Sphere|p1a: Alomomola
|-damage|p1a: Alomomola|137\/501
|move|p1a: Alomomola|Wish|p1a: Alomomola
|
|-heal|p1a: Alomomola|168\/501|[from] item: Leftovers
|turn|21
|
|switch|p2a: Scolipede|Scolipede, F|262\/262
|switch|p1a: Keldeo|Keldeo|259\/323
|
|-heal|p1a: Keldeo|323\/323|[from] move: Wish|[wisher] Alomomola
|turn|22
|
|move|p1a: Keldeo|Substitute|p1a: Keldeo
|-start|p1a: Keldeo|Substitute
|-damage|p1a: Keldeo|243\/323
|move|p2a: Scolipede|Swords Dance|p2a: Scolipede
|-boost|p2a: Scolipede|atk|2
|
|-heal|p1a: Keldeo|263\/323|[from] item: Leftovers
|-boost|p2a: Scolipede|spe|1|[from] ability: Speed Boost
|turn|23
|
|move|p2a: Scolipede|Poison Jab|p1a: Keldeo
|-end|p1a: Keldeo|Substitute
|move|p1a: Keldeo|Calm Mind|p1a: Keldeo
|-boost|p1a: Keldeo|spa|1
|-boost|p1a: Keldeo|spd|1
|
|-heal|p1a: Keldeo|283\/323|[from] item: Leftovers
|-boost|p2a: Scolipede|spe|1|[from] ability: Speed Boost
|turn|24
|
|move|p2a: Scolipede|Poison Jab|p1a: Keldeo
|-damage|p1a: Keldeo|0 fnt
|faint|p1a: Keldeo
|
|-boost|p2a: Scolipede|spe|1|[from] ability: Speed Boost
|
|switch|p1a: Metagross|Metagross-Mega|301\/301
|turn|25
|
|move|p2a: Scolipede|Baton Pass|p2a: Scolipede
|
|switch|p2a: Bisharp|Bisharp, M|271\/271
|move|p1a: Metagross|Meteor Mash|p2a: Bisharp
|-resisted|p2a: Bisharp
|-damage|p2a: Bisharp|160\/271
|
|turn|26
|c|âMan from Earth|go bish
|
|move|p2a: Bisharp|Sucker Punch|p1a: Metagross
|-supereffective|p1a: Metagross
|-damage|p1a: Metagross|0 fnt
|faint|p1a: Metagross
|
|c|âMan from Earth|aids player
|c|âMan from Earth|piece of shit
|-message|Man from Earth forfeited.
|
|win|hentaiMask
|raw|Ladder updating...
|leave|Man from Earth
|player|p1
|raw|Man from Earth's rating: 1502 &rarr; <strong>1475<\/strong><br \/>(-27 for losing)
|raw|hentaiMask's rating: 1385 &rarr; <strong>1411<\/strong><br \/>(+26 for winning)
|leave|hentaiMask
|join|Alkov
|player|p2
|leave|Alkov
|join|Jefo
|leave|Jefo
|join|daftmau5
|join|Kimio
|leave|Kimio
|join|FlamingVictini PB
|leave|FlamingVictini PB
|leave|Prankster
|join|Alldaalts
|leave|Alldaalts
|join|Gym Leader Sendrom
|join|Prankster