|inactive|Battle timer is ON: inactive players will automatically lose when time's up.
|J|Meowiekins
|J|candres
|player|p1|Meowiekins|160
|player|p2|candres|265
|gametype|singles
|gen|6
|tier|UU
|rule|Sleep Clause Mod: Limit one foe put to sleep
|rule|Species Clause: Limit one of each PokÃ©mon
|rule|OHKO Clause: OHKO moves are banned
|rule|Moody Clause: Moody is banned
|rule|Evasion Moves Clause: Evasion moves are banned
|rule|Endless Battle Clause: Forcing endless battles is banned
|rule|HP Percentage Mod: HP is shown in percentages
|clearpoke
|poke|p1|Crobat, F
|poke|p1|Raikou
|poke|p1|Swampert, F
|poke|p1|Celebi
|poke|p1|Jirachi
|poke|p1|Machamp, F
|poke|p2|Ampharos, M
|poke|p2|Crobat, M
|poke|p2|Jirachi
|poke|p2|Swampert, M
|poke|p2|Lucario, M
|poke|p2|Hydreigon, M
|rule|Swagger Clause: Swagger is banned
|rule|Baton Pass Clause: Limit one PokÃ©mon knowing Baton Pass
|teampreview
|c|âcandres|gl hf
|c|âMeowiekins|you too
|
|start
|switch|p1a: Machamp|Machamp, F|322\/322
|switch|p2a: Hydreigon|Hydreigon, M|325\/325
|turn|1
|
|switch|p2a: Crobat|Crobat, M|321\/321
|move|p1a: Machamp|Close Combat|p2a: Crobat
|-resisted|p2a: Crobat
|-damage|p2a: Crobat|207\/321
|-unboost|p1a: Machamp|def|1
|-unboost|p1a: Machamp|spd|1
|
|-heal|p2a: Crobat|227\/321|[from] item: Black Sludge
|turn|2
|
|switch|p1a: Jirachi|Jirachi|341\/341
|move|p2a: Crobat|U-turn|p1a: Jirachi
|-damage|p1a: Jirachi|281\/341
|
|switch|p2a: Swampert|Swampert, M|401\/401
|
|turn|3
|
|move|p1a: Jirachi|U-turn|p2a: Swampert
|-damage|p2a: Swampert|348\/401
|
|switch|p1a: Swampert|Swampert, F|404\/404
|move|p2a: Swampert|Stealth Rock|p1a: Swampert
|-sidestart|p1: Meowiekins|move: Stealth Rock
|
|-heal|p2a: Swampert|373\/401|[from] item: Leftovers
|turn|4
|
|move|p1a: Swampert|Stealth Rock|p2a: Swampert
|-sidestart|p2: candres|move: Stealth Rock
|move|p2a: Swampert|Scald|p1a: Swampert
|-damage|p1a: Swampert|311\/404
|
|-heal|p2a: Swampert|398\/401|[from] item: Leftovers
|-heal|p1a: Swampert|336\/404|[from] item: Leftovers
|turn|5
|
|switch|p1a: Celebi|Celebi|341\/341
|-damage|p1a: Celebi|299\/341|[from] Stealth Rock
|move|p2a: Swampert|Roar|p1a: Celebi
|drag|p1a: Machamp|Machamp, F|322\/322
|-damage|p1a: Machamp|302\/322|[from] Stealth Rock
|
|-heal|p2a: Swampert|401\/401|[from] item: Leftovers
|turn|6
|
|switch|p1a: Celebi|Celebi|299\/341
|-damage|p1a: Celebi|257\/341|[from] Stealth Rock
|move|p2a: Swampert|Earthquake|p1a: Celebi
|-resisted|p1a: Celebi
|-damage|p1a: Celebi|198\/341
|
|-heal|p1a: Celebi|219\/341|[from] item: Leftovers
|turn|7
|
|switch|p2a: Hydreigon|Hydreigon, M|325\/325
|-damage|p2a: Hydreigon|285\/325|[from] Stealth Rock
|move|p1a: Celebi|Zen Headbutt|p2a: Hydreigon
|-immune|p2a: Hydreigon|[msg]
|
|-heal|p1a: Celebi|240\/341|[from] item: Leftovers
|turn|8
|
|switch|p1a: Swampert|Swampert, F|336\/404
|-damage|p1a: Swampert|311\/404|[from] Stealth Rock
|move|p2a: Hydreigon|Dark Pulse|p1a: Swampert
|-damage|p1a: Swampert|111\/404
|-damage|p2a: Hydreigon|253\/325|[from] item: Life Orb
|
|-heal|p1a: Swampert|136\/404|[from] item: Leftovers
|turn|9
|
|move|p2a: Hydreigon|Dark Pulse|p1a: Swampert
|-damage|p1a: Swampert|0 fnt
|-damage|p2a: Hydreigon|221\/325|[from] item: Life Orb
|faint|p1a: Swampert
|
|
|switch|p1a: Machamp|Machamp, F|302\/322
|-damage|p1a: Machamp|282\/322|[from] Stealth Rock
|turn|10
|
|move|p2a: Hydreigon|Draco Meteor|p1a: Machamp
|-damage|p1a: Machamp|0 fnt
|-unboost|p2a: Hydreigon|spa|2
|-damage|p2a: Hydreigon|189\/325|[from] item: Life Orb
|faint|p1a: Machamp
|
|
|switch|p1a: Jirachi|Jirachi|281\/341
|-damage|p1a: Jirachi|260\/341|[from] Stealth Rock
|turn|11
|
|switch|p2a: Ampharos|Ampharos, M|369\/369
|-damage|p2a: Ampharos|323\/369|[from] Stealth Rock
|move|p1a: Jirachi|U-turn|p2a: Ampharos
|-damage|p2a: Ampharos|237\/369
|-status|p1a: Jirachi|par
|
|switch|p1a: Celebi|Celebi|240\/341
|-damage|p1a: Celebi|198\/341|[from] Stealth Rock
|
|-heal|p1a: Celebi|219\/341|[from] item: Leftovers
|turn|12
|
|detailschange|p2a: Ampharos|Ampharos-Mega, M
|-mega|p2a: Ampharos|Ampharos|Ampharosite
|-ability|p2a: Ampharos|Mold Breaker
|move|p1a: Celebi|Seed Bomb|p2a: Ampharos
|-resisted|p2a: Ampharos
|-damage|p2a: Ampharos|185\/369
|move|p2a: Ampharos|Dragon Pulse|p1a: Celebi
|-damage|p1a: Celebi|5\/341
|
|-heal|p1a: Celebi|26\/341|[from] item: Leftovers
|turn|13
|
|move|p1a: Celebi|Zen Headbutt|p2a: Ampharos
|-damage|p2a: Ampharos|71\/369
|move|p2a: Ampharos|Volt Switch|p1a: Celebi
|-resisted|p1a: Celebi
|-damage|p1a: Celebi|0 fnt
|faint|p1a: Celebi
|
|switch|p2a: Swampert|Swampert, M|401\/401
|-damage|p2a: Swampert|376\/401|[from] Stealth Rock
|
|-heal|p2a: Swampert|401\/401|[from] item: Leftovers
|
|switch|p1a: Crobat|Crobat, F|363\/363
|-damage|p1a: Crobat|273\/363|[from] Stealth Rock
|turn|14
|
|move|p1a: Crobat|Brave Bird|p2a: Swampert
|-damage|p2a: Swampert|289\/401
|-damage|p1a: Crobat|236\/363|[from] recoil|[of] p2a: Swampert
|move|p2a: Swampert|Scald|p1a: Crobat
|-damage|p1a: Crobat|143\/363
|-status|p1a: Crobat|brn
|
|-heal|p1a: Crobat|165\/363 brn|[from] item: Black Sludge
|-heal|p2a: Swampert|314\/401|[from] item: Leftovers
|-damage|p1a: Crobat|120\/363 brn|[from] brn
|turn|15
|
|move|p1a: Crobat|Brave Bird|p2a: Swampert
|-damage|p2a: Swampert|263\/401
|-damage|p1a: Crobat|103\/363 brn|[from] recoil|[of] p2a: Swampert
|move|p2a: Swampert|Stealth Rock|p1a: Crobat
|-fail|p1a: Crobat
|
|-heal|p1a: Crobat|125\/363 brn|[from] item: Black Sludge
|-heal|p2a: Swampert|288\/401|[from] item: Leftovers
|-damage|p1a: Crobat|80\/363 brn|[from] brn
|turn|16
|
|switch|p2a: Ampharos|Ampharos-Mega, M|71\/369
|-damage|p2a: Ampharos|25\/369|[from] Stealth Rock
|-ability|p2a: Ampharos|Mold Breaker
|move|p1a: Crobat|Brave Bird|p2a: Ampharos
|-resisted|p2a: Ampharos
|-damage|p2a: Ampharos|0 fnt
|-damage|p1a: Crobat|72\/363 brn|[from] recoil|[of] p2a: Ampharos
|faint|p2a: Ampharos
|
|-heal|p1a: Crobat|94\/363 brn|[from] item: Black Sludge
|-damage|p1a: Crobat|49\/363 brn|[from] brn
|
|switch|p2a: Lucario|Lucario, M|282\/282
|-damage|p2a: Lucario|274\/282|[from] Stealth Rock
|turn|17
|
|move|p1a: Crobat|Brave Bird|p2a: Lucario
|-damage|p2a: Lucario|175\/282
|-damage|p1a: Crobat|16\/363 brn|[from] recoil|[of] p2a: Lucario
|move|p2a: Lucario|Swords Dance|p2a: Lucario
|-boost|p2a: Lucario|atk|2
|
|-heal|p1a: Crobat|38\/363 brn|[from] item: Black Sludge
|-damage|p1a: Crobat|0 fnt|[from] brn
|faint|p1a: Crobat
|
|switch|p1a: Raikou|Raikou|322\/322
|-damage|p1a: Raikou|282\/322|[from] Stealth Rock
|-ability|p1a: Raikou|Pressure
|turn|18
|
|move|p2a: Lucario|Extreme Speed|p1a: Raikou
|-damage|p1a: Raikou|0 fnt
|-damage|p2a: Lucario|147\/282|[from] item: Life Orb
|faint|p1a: Raikou
|
|
|switch|p1a: Jirachi|Jirachi|260\/341 par
|-damage|p1a: Jirachi|239\/341 par|[from] Stealth Rock
|turn|19
|
|move|p2a: Lucario|Close Combat|p1a: Jirachi
|-crit|p1a: Jirachi
|-damage|p1a: Jirachi|0 fnt
|-unboost|p2a: Lucario|def|1
|-unboost|p2a: Lucario|spd|1
|-damage|p2a: Lucario|119\/282|[from] item: Life Orb
|faint|p1a: Jirachi
|
|win|candres
|c|âcandres|gg
|c|âMeowiekins|gg
|L|Meowiekins
|player|p1