|join|tuRkles
|join|meowiekins
|player|p1|tuRkles|115
|player|p2|meowiekins|160
|gametype|singles
|gen|6
|tier|UU
|rated
|rule|Sleep Clause Mod: Limit one foe put to sleep
|rule|Species Clause: Limit one of each PokÃ©mon
|rule|OHKO Clause: OHKO moves are banned
|rule|Moody Clause: Moody is banned
|rule|Evasion Moves Clause: Evasion moves are banned
|rule|Endless Battle Clause: Forcing endless battles is banned
|rule|HP Percentage Mod: HP is shown in percentages
|clearpoke
|poke|p1|Jirachi
|poke|p1|Lucario, F
|poke|p1|Krookodile, M
|poke|p1|Zygarde
|poke|p1|Blastoise, F
|poke|p1|Raikou
|poke|p2|Shedinja
|poke|p2|Aggron, M
|poke|p2|Tentacruel, F
|poke|p2|Aromatisse, M
|poke|p2|Xatu, M
|poke|p2|Snorlax, M
|rule|Swagger Clause: Swagger is banned
|rule|Baton Pass Clause: Limit one PokÃ©mon knowing Baton Pass
|teampreview
|c|âmeowiekins|ah fk
|c|âmeowiekins|a competent player
|join|Stupidity is Bad
|
|start
|switch|p1a: Blastoise|Blastoise, F|334\/334
|switch|p2a: Aggron|Aggron, M|344\/344
|turn|1
|c|âtuRkles|3:21am here so no worry
|c|âmeowiekins|O_O
|
|switch|p2a: Snorlax|Snorlax, M|497\/497
|detailschange|p1a: Blastoise|Blastoise-Mega, F
|message|Blastoise has Mega Evolved into Mega Blastoise!
|move|p1a: Blastoise|Scald|p2a: Snorlax
|-damage|p2a: Snorlax|379\/497
|
|-heal|p2a: Snorlax|410\/497|[from] item: Leftovers
|turn|2
|
|move|p1a: Blastoise|Scald|p2a: Snorlax
|-damage|p2a: Snorlax|301\/497
|-status|p2a: Snorlax|brn
|move|p2a: Snorlax|Body Slam|p1a: Blastoise
|-damage|p1a: Blastoise|292\/334
|
|-heal|p2a: Snorlax|332\/497 brn|[from] item: Leftovers
|-damage|p2a: Snorlax|270\/497 brn|[from] brn
|turn|3
|join|Samsung2310
|
|move|p1a: Blastoise|Dark Pulse|p2a: Snorlax
|-damage|p2a: Snorlax|163\/497 brn
|move|p2a: Snorlax|Rest|p2a: Snorlax
|-status|p2a: Snorlax|slp
|-heal|p2a: Snorlax|497\/497 slp|[silent]
|-status|p2a: Snorlax|slp|[from] move: Rest
|
|turn|4
|c|âmeowiekins|oh thank god no aura sphere
|c|âmeowiekins|aura sphere stoise
|c|âmeowiekins|6-0s me
|c|âmeowiekins|lol[
|
|switch|p1a: Zygarde|Zygarde|404\/404
|-ability|p1a: Zygarde|Aura Break
|cant|p2a: Snorlax|slp
|move|p2a: Snorlax|Sleep Talk|p2a: Snorlax
|move|p2a: Snorlax|Body Slam|p1a: Zygarde|[from]Sleep Talk
|-damage|p1a: Zygarde|314\/404
|
|-heal|p1a: Zygarde|339\/404|[from] item: Leftovers
|turn|5
|join|Nice Watch
|
|switch|p2a: _(ã)_\/Â¯|Shedinja|1\/1
|move|p1a: Zygarde|Coil|p1a: Zygarde
|-boost|p1a: Zygarde|atk|1
|-boost|p1a: Zygarde|def|1
|-boost|p1a: Zygarde|accuracy|1
|
|-heal|p1a: Zygarde|364\/404|[from] item: Leftovers
|turn|6
|
|move|p1a: Zygarde|Toxic|p2a: _(ã)_\/Â¯
|-status|p2a: _(ã)_\/Â¯|tox
|move|p2a: _(ã)_\/Â¯|X-Scissor|p1a: Zygarde
|-damage|p1a: Zygarde|292\/404
|
|-heal|p1a: Zygarde|317\/404|[from] item: Leftovers
|-damage|p2a: _(ã)_\/Â¯|0 fnt|[from] psn
|faint|p2a: _(ã)_\/Â¯
|c| Stupidity is Bad|counter teamed
|c|âmeowiekins|really?
|c|âtuRkles|always trying new things
|c| Stupidity is Bad|why no switch to xatu
|c|âtuRkles|:]
|c| Stupidity is Bad|obvious as fuck
|c|âmeowiekins|>obvious as fuck
|c|âmeowiekins|>TOXIC ZYGARDE
|
|switch|p2a: Aromatisse|Aromatisse, M|406\/406
|turn|7
|c|âtuRkles|yeh havnt seen anyone run tox
|
|switch|p1a: Jirachi|Jirachi|341\/341
|move|p2a: Aromatisse|Moonblast|p1a: Jirachi
|-resisted|p1a: Jirachi
|-damage|p1a: Jirachi|281\/341
|-unboost|p1a: Jirachi|spa|1
|
|turn|8
|c| Stupidity is Bad|^
|
|move|p2a: Aromatisse|Protect|p2a: Aromatisse
|-singleturn|p2a: Aromatisse|Protect
|move|p1a: Jirachi|U-turn|p2a: Aromatisse
|-activate|p2a: Aromatisse|Protect
|
|turn|9
|
|move|p1a: Jirachi|U-turn|p2a: Aromatisse
|-resisted|p2a: Aromatisse
|-damage|p2a: Aromatisse|374\/406
|
|switch|p1a: Blastoise|Blastoise-Mega, F|292\/334
|move|p2a: Aromatisse|Moonblast|p1a: Blastoise
|-damage|p1a: Blastoise|195\/334
|-unboost|p1a: Blastoise|spa|1
|
|-heal|p2a: Aromatisse|399\/406|[from] item: Leftovers
|turn|10
|
|move|p1a: Blastoise|Scald|p2a: Aromatisse
|-damage|p2a: Aromatisse|278\/406
|move|p2a: Aromatisse|Wish|p2a: Aromatisse
|
|-heal|p2a: Aromatisse|303\/406|[from] item: Leftovers
|turn|11
|
|move|p1a: Blastoise|Scald|p2a: Aromatisse
|-damage|p2a: Aromatisse|185\/406
|move|p2a: Aromatisse|Moonblast|p1a: Blastoise
|-damage|p1a: Blastoise|92\/334
|-unboost|p1a: Blastoise|spa|1
|
|-heal|p2a: Aromatisse|388\/406|[from] move: Wish|[wisher] Aromatisse
|-heal|p2a: Aromatisse|406\/406|[from] item: Leftovers
|turn|12
|
|switch|p1a: Jirachi|Jirachi|281\/341
|move|p2a: Aromatisse|Moonblast|p1a: Jirachi
|-resisted|p1a: Jirachi
|-damage|p1a: Jirachi|224\/341
|
|turn|13
|
|move|p2a: Aromatisse|Protect|p2a: Aromatisse
|-singleturn|p2a: Aromatisse|Protect
|move|p1a: Jirachi|Iron Head|p2a: Aromatisse
|-activate|p2a: Aromatisse|Protect
|
|turn|14
|
|switch|p1a: Lucario|Lucario, F|281\/281
|move|p2a: Aromatisse|Moonblast|p1a: Lucario
|-damage|p1a: Lucario|128\/281
|-unboost|p1a: Lucario|spa|1
|
|turn|15
|c|âmeowiekins|gottem
|c|âtuRkles|mmm
|
|move|p1a: Lucario|Extreme Speed|p2a: Aromatisse
|-damage|p2a: Aromatisse|306\/406
|-damage|p1a: Lucario|100\/281|[from] item: Life Orb
|move|p2a: Aromatisse|Moonblast|p1a: Lucario
|-damage|p1a: Lucario|0 fnt
|faint|p1a: Lucario
|
|-heal|p2a: Aromatisse|331\/406|[from] item: Leftovers
|
|switch|p1a: Jirachi|Jirachi|224\/341
|turn|16
|
|switch|p2a: Aggron|Aggron, M|344\/344
|move|p1a: Jirachi|Iron Head|p2a: Aggron
|-damage|p2a: Aggron|272\/344
|
|turn|17
|
|switch|p1a: Krookodile|Krookodile, M|331\/331
|-ability|p1a: Krookodile|Intimidate|[of] p2a: Aggron
|-unboost|p2a: Aggron|atk|1
|detailschange|p2a: Aggron|Aggron-Mega, M
|message|Aggron has Mega Evolved into Mega Aggron!
|move|p2a: Aggron|Earthquake|p1a: Krookodile
|-damage|p1a: Krookodile|241\/331
|
|turn|18
|
|switch|p2a: Xatu|Xatu, M|333\/333
|move|p1a: Krookodile|Knock Off|p2a: Xatu
|-supereffective|p2a: Xatu
|-damage|p2a: Xatu|0 fnt
|-damage|p1a: Krookodile|186\/331|[from] item: Rocky Helmet|[of] p2a: Xatu
|-enditem|p2a: Xatu|Rocky Helmet|[from] move: Knock Off|[of] p1a: Krookodile
|faint|p2a: Xatu
|
|c| Stupidity is Bad|RIP
|
|switch|p2a: Aromatisse|Aromatisse, M|331\/406
|turn|19
|
|switch|p1a: Raikou|Raikou|322\/322
|-ability|p1a: Raikou|Pressure
|move|p2a: Aromatisse|Moonblast|p1a: Raikou
|-damage|p1a: Raikou|202\/322
|
|-heal|p2a: Aromatisse|356\/406|[from] item: Leftovers
|turn|20
|
|move|p2a: Aromatisse|Protect|p2a: Aromatisse
|-singleturn|p2a: Aromatisse|Protect
|move|p1a: Raikou|Volt Switch|p2a: Aromatisse
|-activate|p2a: Aromatisse|Protect
|
|-heal|p2a: Aromatisse|381\/406|[from] item: Leftovers
|turn|21
|
|move|p1a: Raikou|Volt Switch|p2a: Aromatisse
|-damage|p2a: Aromatisse|195\/406
|
|switch|p1a: Jirachi|Jirachi|224\/341
|move|p2a: Aromatisse|Wish|p2a: Aromatisse
|
|-heal|p2a: Aromatisse|220\/406|[from] item: Leftovers
|turn|22
|
|move|p2a: Aromatisse|Protect|p2a: Aromatisse
|-singleturn|p2a: Aromatisse|Protect
|move|p1a: Jirachi|Iron Head|p2a: Aromatisse
|-activate|p2a: Aromatisse|Protect
|
|-heal|p2a: Aromatisse|406\/406|[from] move: Wish|[wisher] Aromatisse
|turn|23
|
|move|p1a: Jirachi|Iron Head|p2a: Aromatisse
|-supereffective|p2a: Aromatisse
|-damage|p2a: Aromatisse|176\/406
|move|p2a: Aromatisse|Moonblast|p1a: Jirachi
|-resisted|p1a: Jirachi
|-damage|p1a: Jirachi|173\/341
|-unboost|p1a: Jirachi|spa|1
|
|-heal|p2a: Aromatisse|201\/406|[from] item: Leftovers
|turn|24
|
|move|p2a: Aromatisse|Protect|p2a: Aromatisse
|-singleturn|p2a: Aromatisse|Protect
|move|p1a: Jirachi|Iron Head|p2a: Aromatisse
|-activate|p2a: Aromatisse|Protect
|
|-heal|p2a: Aromatisse|226\/406|[from] item: Leftovers
|turn|25
|
|switch|p2a: Tentacruel|Tentacruel, F|364\/364
|move|p1a: Jirachi|Iron Head|p2a: Tentacruel
|-resisted|p2a: Tentacruel
|-damage|p2a: Tentacruel|311\/364
|
|-heal|p2a: Tentacruel|333\/364|[from] item: Black Sludge
|turn|26
|
|switch|p1a: Blastoise|Blastoise-Mega, F|92\/334
|move|p2a: Tentacruel|Scald|p1a: Blastoise
|-resisted|p1a: Blastoise
|-damage|p1a: Blastoise|56\/334
|
|-heal|p2a: Tentacruel|355\/364|[from] item: Black Sludge
|turn|27
|
|move|p2a: Tentacruel|Toxic Spikes|p1a: Blastoise
|-sidestart|p1: tuRkles|move: Toxic Spikes
|move|p1a: Blastoise|Scald|p2a: Tentacruel
|-resisted|p2a: Tentacruel
|-damage|p2a: Tentacruel|288\/364
|
|-heal|p2a: Tentacruel|310\/364|[from] item: Black Sludge
|turn|28
|
|move|p2a: Tentacruel|Scald|p1a: Blastoise
|-resisted|p1a: Blastoise
|-damage|p1a: Blastoise|23\/334
|move|p1a: Blastoise|Rapid Spin|p2a: Tentacruel
|-damage|p2a: Tentacruel|296\/364
|-sideend|p1: tuRkles|Toxic Spikes|[from] move: Rapid Spin|[of] p1a: Blastoise
|
|-heal|p2a: Tentacruel|318\/364|[from] item: Black Sludge
|turn|29
|
|switch|p1a: Zygarde|Zygarde|317\/404
|-ability|p1a: Zygarde|Aura Break
|move|p2a: Tentacruel|Toxic Spikes|p1a: Zygarde
|-sidestart|p1: tuRkles|move: Toxic Spikes
|
|-heal|p1a: Zygarde|342\/404|[from] item: Leftovers
|-heal|p2a: Tentacruel|340\/364|[from] item: Black Sludge
|turn|30
|
|move|p1a: Zygarde|Substitute|p1a: Zygarde
|-start|p1a: Zygarde|Substitute
|-damage|p1a: Zygarde|241\/404
|move|p2a: Tentacruel|Scald|p1a: Zygarde
|-activate|p1a: Zygarde|Substitute|[damage]
|
|-heal|p1a: Zygarde|266\/404|[from] item: Leftovers
|-heal|p2a: Tentacruel|362\/364|[from] item: Black Sludge
|turn|31
|
|move|p1a: Zygarde|Coil|p1a: Zygarde
|-boost|p1a: Zygarde|atk|1
|-boost|p1a: Zygarde|def|1
|-boost|p1a: Zygarde|accuracy|1
|move|p2a: Tentacruel|Scald|p1a: Zygarde
|-crit|p1a: Zygarde
|-end|p1a: Zygarde|Substitute
|
|-heal|p1a: Zygarde|291\/404|[from] item: Leftovers
|-heal|p2a: Tentacruel|364\/364|[from] item: Black Sludge
|turn|32
|
|switch|p2a: Aggron|Aggron-Mega, M|272\/344
|move|p1a: Zygarde|Substitute|p1a: Zygarde
|-start|p1a: Zygarde|Substitute
|-damage|p1a: Zygarde|190\/404
|
|-heal|p1a: Zygarde|215\/404|[from] item: Leftovers
|turn|33
|
|move|p1a: Zygarde|Earthquake|p2a: Aggron
|-supereffective|p2a: Aggron
|-damage|p2a: Aggron|154\/344
|move|p2a: Aggron|Roar|p1a: Zygarde
|drag|p1a: Raikou|Raikou|202\/322
|-status|p1a: Raikou|psn
|-ability|p1a: Raikou|Pressure
|
|-damage|p1a: Raikou|162\/322 psn|[from] psn
|turn|34
|
|switch|p2a: Snorlax|Snorlax, M|497\/497 slp
|move|p1a: Raikou|Thunderbolt|p2a: Snorlax
|-damage|p2a: Snorlax|353\/497 slp
|
|-heal|p2a: Snorlax|384\/497 slp|[from] item: Leftovers
|-damage|p1a: Raikou|122\/322 psn|[from] psn
|turn|35
|
|switch|p1a: Krookodile|Krookodile, M|186\/331
|-status|p1a: Krookodile|psn
|-ability|p1a: Krookodile|Intimidate|[of] p2a: Snorlax
|-unboost|p2a: Snorlax|atk|1
|cant|p2a: Snorlax|slp
|move|p2a: Snorlax|Sleep Talk|p2a: Snorlax
|move|p2a: Snorlax|Body Slam|p1a: Krookodile|[from]Sleep Talk
|-damage|p1a: Krookodile|95\/331 psn
|
|-heal|p2a: Snorlax|415\/497 slp|[from] item: Leftovers
|-damage|p1a: Krookodile|54\/331 psn|[from] psn
|turn|36
|
|switch|p2a: Tentacruel|Tentacruel, F|364\/364
|move|p1a: Krookodile|Earthquake|p2a: Tentacruel
|-crit|p2a: Tentacruel
|-supereffective|p2a: Tentacruel
|-damage|p2a: Tentacruel|0 fnt
|faint|p2a: Tentacruel
|
|-damage|p1a: Krookodile|13\/331 psn|[from] psn
|
|switch|p2a: Aromatisse|Aromatisse, M|226\/406
|turn|37
|
|switch|p1a: Jirachi|Jirachi|173\/341
|move|p2a: Aromatisse|Wish|p2a: Aromatisse
|
|-heal|p2a: Aromatisse|251\/406|[from] item: Leftovers
|turn|38
|
|switch|p2a: Aggron|Aggron-Mega, M|154\/344
|move|p1a: Jirachi|U-turn|p2a: Aggron
|-resisted|p2a: Aggron
|-damage|p2a: Aggron|138\/344
|
|switch|p1a: Raikou|Raikou|122\/322 psn
|-ability|p1a: Raikou|Pressure
|
|-heal|p2a: Aggron|341\/344|[from] move: Wish|[wisher] Aromatisse
|-damage|p1a: Raikou|82\/322 psn|[from] psn
|turn|39
|
|switch|p2a: Snorlax|Snorlax, M|415\/497 slp
|move|p1a: Raikou|Thunderbolt|p2a: Snorlax
|-damage|p2a: Snorlax|259\/497 slp
|
|-heal|p2a: Snorlax|290\/497 slp|[from] item: Leftovers
|-damage|p1a: Raikou|42\/322 psn|[from] psn
|turn|40
|
|move|p1a: Raikou|Thunderbolt|p2a: Snorlax
|-damage|p2a: Snorlax|142\/497 slp
|-curestatus|p2a: Snorlax|slp
|move|p2a: Snorlax|Rest|p2a: Snorlax
|-status|p2a: Snorlax|slp
|-heal|p2a: Snorlax|497\/497 slp|[silent]
|-status|p2a: Snorlax|slp|[from] move: Rest
|
|-damage|p1a: Raikou|2\/322 psn|[from] psn
|turn|41
|
|move|p1a: Raikou|Thunderbolt|p2a: Snorlax
|-damage|p2a: Snorlax|331\/497 slp
|cant|p2a: Snorlax|slp
|move|p2a: Snorlax|Sleep Talk|p2a: Snorlax
|move|p2a: Snorlax|Body Slam|p1a: Raikou|[from]Sleep Talk
|-damage|p1a: Raikou|0 fnt
|faint|p1a: Raikou
|
|-heal|p2a: Snorlax|362\/497 slp|[from] item: Leftovers
|c|âmeowiekins|curse here
|c|âmeowiekins|:\/
|
|switch|p1a: Blastoise|Blastoise-Mega, F|23\/334
|-status|p1a: Blastoise|psn
|turn|42
|
|move|p1a: Blastoise|Rapid Spin|p2a: Snorlax
|-damage|p2a: Snorlax|344\/497 slp
|-sideend|p1: tuRkles|Toxic Spikes|[from] move: Rapid Spin|[of] p1a: Blastoise
|cant|p2a: Snorlax|slp
|move|p2a: Snorlax|Sleep Talk|p2a: Snorlax
|move|p2a: Snorlax|Curse|p2a: Snorlax|[from]Sleep Talk
|-boost|p2a: Snorlax|atk|1
|-boost|p2a: Snorlax|def|1
|-unboost|p2a: Snorlax|spe|1
|
|-heal|p2a: Snorlax|375\/497 slp|[from] item: Leftovers
|-damage|p1a: Blastoise|0 fnt|[from] psn
|faint|p1a: Blastoise
|
|switch|p1a: Jirachi|Jirachi|173\/341
|turn|43
|
|move|p1a: Jirachi|Trick|p2a: Snorlax
|-activate|p1a: Jirachi|move: Trick|[of] p2a: Snorlax
|-item|p2a: Snorlax|Choice Scarf|[from] move: Trick
|-item|p1a: Jirachi|Leftovers|[from] move: Trick
|-curestatus|p2a: Snorlax|slp
|move|p2a: Snorlax|Body Slam|p1a: Jirachi
|-resisted|p1a: Jirachi
|-damage|p1a: Jirachi|87\/341
|-status|p1a: Jirachi|par
|
|-heal|p1a: Jirachi|108\/341 par|[from] item: Leftovers
|turn|44
|
|move|p2a: Snorlax|Body Slam|p1a: Jirachi
|-resisted|p1a: Jirachi
|-damage|p1a: Jirachi|23\/341 par
|move|p1a: Jirachi|Healing Wish|p1a: Jirachi
|faint|p1a: Jirachi
|
|
|switch|p1a: Krookodile|Krookodile, M|13\/331 psn
|-heal|p1a: Krookodile|331\/331|[from] move: Healing Wish
|-ability|p1a: Krookodile|Intimidate|[of] p2a: Snorlax
|-unboost|p2a: Snorlax|atk|1
|turn|45
|
|move|p1a: Krookodile|Earthquake|p2a: Snorlax
|-damage|p2a: Snorlax|179\/497
|move|p2a: Snorlax|Body Slam|p1a: Krookodile
|-damage|p1a: Krookodile|192\/331
|
|turn|46
|
|move|p1a: Krookodile|Earthquake|p2a: Snorlax
|-crit|p2a: Snorlax
|-damage|p2a: Snorlax|0 fnt
|faint|p2a: Snorlax
|
|
|switch|p2a: Aromatisse|Aromatisse, M|251\/406
|turn|47
|
|move|p1a: Krookodile|Earthquake|p2a: Aromatisse
|-damage|p2a: Aromatisse|43\/406
|move|p2a: Aromatisse|Wish|p2a: Aromatisse
|
|-heal|p2a: Aromatisse|68\/406|[from] item: Leftovers
|turn|48
|
|switch|p1a: Zygarde|Zygarde|215\/404
|-ability|p1a: Zygarde|Aura Break
|move|p2a: Aromatisse|Protect|p2a: Aromatisse
|-fail|p2a: Aromatisse
|
|-heal|p2a: Aromatisse|271\/406|[from] move: Wish|[wisher] Aromatisse
|-heal|p1a: Zygarde|240\/404|[from] item: Leftovers
|-heal|p2a: Aromatisse|296\/406|[from] item: Leftovers
|turn|49
|
|move|p1a: Zygarde|Toxic|p2a: Aromatisse
|-status|p2a: Aromatisse|tox
|move|p2a: Aromatisse|Wish|p2a: Aromatisse
|
|-heal|p1a: Zygarde|265\/404|[from] item: Leftovers
|-heal|p2a: Aromatisse|321\/406 tox|[from] item: Leftovers
|-damage|p2a: Aromatisse|296\/406 tox|[from] psn
|turn|50
|
|move|p1a: Zygarde|Substitute|p1a: Zygarde
|-start|p1a: Zygarde|Substitute
|-damage|p1a: Zygarde|164\/404
|move|p2a: Aromatisse|Moonblast|p1a: Zygarde
|-supereffective|p1a: Zygarde
|-end|p1a: Zygarde|Substitute
|
|-heal|p2a: Aromatisse|406\/406 tox|[from] move: Wish|[wisher] Aromatisse
|-heal|p1a: Zygarde|189\/404|[from] item: Leftovers
|-damage|p2a: Aromatisse|356\/406 tox|[from] psn
|turn|51
|
|move|p1a: Zygarde|Substitute|p1a: Zygarde
|-start|p1a: Zygarde|Substitute
|-damage|p1a: Zygarde|88\/404
|move|p2a: Aromatisse|Aromatherapy|p2a: Aromatisse
|-cureteam|p2a: Aromatisse|[from] move: Aromatherapy
|
|-heal|p1a: Zygarde|113\/404|[from] item: Leftovers
|-heal|p2a: Aromatisse|381\/406|[from] item: Leftovers
|turn|52
|
|move|p1a: Zygarde|Toxic|p2a: Aromatisse
|-status|p2a: Aromatisse|tox
|move|p2a: Aromatisse|Moonblast|p1a: Zygarde
|-supereffective|p1a: Zygarde
|-end|p1a: Zygarde|Substitute
|
|-heal|p1a: Zygarde|138\/404|[from] item: Leftovers
|-heal|p2a: Aromatisse|406\/406 tox|[from] item: Leftovers
|-damage|p2a: Aromatisse|381\/406 tox|[from] psn
|turn|53
|
|move|p1a: Zygarde|Earthquake|p2a: Aromatisse
|-damage|p2a: Aromatisse|281\/406 tox
|move|p2a: Aromatisse|Aromatherapy|p2a: Aromatisse
|-cureteam|p2a: Aromatisse|[from] move: Aromatherapy
|
|-heal|p1a: Zygarde|163\/404|[from] item: Leftovers
|-heal|p2a: Aromatisse|306\/406|[from] item: Leftovers
|turn|54
|
|move|p1a: Zygarde|Toxic|p2a: Aromatisse
|-status|p2a: Aromatisse|tox
|move|p2a: Aromatisse|Moonblast|p1a: Zygarde
|-supereffective|p1a: Zygarde
|-damage|p1a: Zygarde|0 fnt
|faint|p1a: Zygarde
|
|-heal|p2a: Aromatisse|331\/406 tox|[from] item: Leftovers
|-damage|p2a: Aromatisse|306\/406 tox|[from] psn
|c|âtuRkles|gg bro
|
|switch|p1a: Krookodile|Krookodile, M|192\/331
|-ability|p1a: Krookodile|Intimidate|[of] p2a: Aromatisse
|-unboost|p2a: Aromatisse|atk|1
|turn|55
|c|âtuRkles|unless crit
|
|move|p1a: Krookodile|Earthquake|p2a: Aromatisse
|-damage|p2a: Aromatisse|92\/406 tox
|move|p2a: Aromatisse|Moonblast|p1a: Krookodile
|-supereffective|p1a: Krookodile
|-damage|p1a: Krookodile|0 fnt
|faint|p1a: Krookodile
|
|win|meowiekins
|raw|Ladder updating...
|c|âmeowiekins|aggron eats one
|c|âmeowiekins|gg
|c|âmeowiekins|pls dont use toxic zyggy
|raw|tuRkles's rating: 1480 &rarr; <strong>1465<\/strong><br \/>(-15 for losing)
|raw|meowiekins's rating: 1573 &rarr; <strong>1588<\/strong><br \/>(+15 for winning)
|c|âmeowiekins|for my sanity's sake
|c|âtuRkles|i will if you
|c|âtuRkles|agree to drop sheddy
|c|âmeowiekins|NEVER!!
|c|âmeowiekins|I'll just run
|c|âtuRkles|:]
|c|âmeowiekins|Lum Berry
|c|âmeowiekins|:]
|c|âtuRkles|haha
|c|âmeowiekins|actually
|c|âmeowiekins|even better
|c|âmeowiekins|!dex pecha berry!
|c|~|\/data-item Pecha Berry

|c|âtuRkles|legit strats