|join|meowiekins
|join|Vaporeon for Ubers
|player|p1|meowiekins|160
|player|p2|Vaporeon for Ubers|168
|gametype|singles
|gen|6
|tier|UU
|rated
|rule|Sleep Clause Mod: Limit one foe put to sleep
|rule|Species Clause: Limit one of each PokÃ©mon
|rule|OHKO Clause: OHKO moves are banned
|rule|Moody Clause: Moody is banned
|rule|Evasion Moves Clause: Evasion moves are banned
|rule|Endless Battle Clause: Forcing endless battles is banned
|rule|HP Percentage Mod: HP is shown in percentages
|clearpoke
|poke|p1|Mienshao, F
|poke|p1|Machamp, M
|poke|p1|Lucario, F
|poke|p1|Froslass, F
|poke|p1|Aerodactyl, F
|poke|p1|Swampert, F
|poke|p2|Jirachi
|poke|p2|Hydreigon, M
|poke|p2|Blastoise, M
|poke|p2|Shaymin
|poke|p2|Nidoqueen, F
|poke|p2|Mienshao, M
|rule|Swagger Clause: Swagger is banned
|rule|Baton Pass Clause: Limit one PokÃ©mon knowing Baton Pass
|teampreview
|c|âVaporeon for Ubers|gl hf
|c|âmeowiekins|you too
|join|KingoftheRedLions
|join|IONLYLOSETODCS15
|c| KingoftheRedLions|This will be our final battle.
|
|start
|switch|p1a: Swampert|Swampert, F|404\/404
|switch|p2a: diggersby tho|Blastoise, M|345\/345
|turn|1
|join|canned!
|
|switch|p1a: Machamp|Machamp, M|384\/384
|detailschange|p2a: diggersby tho|Blastoise-Mega, M
|message|Blastoise has Mega Evolved into Mega Blastoise!
|move|p2a: diggersby tho|Hydro Pump|p1a: Machamp|[miss]
|-miss|p2a: diggersby tho|p1a: Machamp
|
|turn|2
|join|Breeloom
|c| KingoftheRedLions|Wait a minute
|c| canned!|>meowiekins
|c| KingoftheRedLions|>UU
|c|âVaporeon for Ubers|cool
|
|move|p2a: diggersby tho|Hydro Pump|p1a: Machamp
|-damage|p1a: Machamp|201\/384
|move|p1a: Machamp|Close Combat|p2a: diggersby tho
|-damage|p2a: diggersby tho|141\/345
|-unboost|p1a: Machamp|def|1
|-unboost|p1a: Machamp|spd|1
|
|turn|3
|c| canned!|Vaporeon if you lose
|c| KingoftheRedLions|>_>
|c| canned!|Youre done
|c| canned!|forever
|
|move|p1a: Machamp|Bullet Punch|p2a: diggersby tho
|-resisted|p2a: diggersby tho
|-damage|p2a: diggersby tho|117\/345
|move|p2a: diggersby tho|Hydro Pump|p1a: Machamp|[miss]
|-miss|p2a: diggersby tho|p1a: Machamp
|
|turn|4
|c| KingoftheRedLions|Does he get
|c| KingoftheRedLions|trash canned?
|
|move|p1a: Machamp|Bullet Punch|p2a: diggersby tho
|-resisted|p2a: diggersby tho
|-damage|p2a: diggersby tho|95\/345
|move|p2a: diggersby tho|Hydro Pump|p1a: Machamp
|-damage|p1a: Machamp|0 fnt
|faint|p1a: Machamp
|
|leave|KingoftheRedLions
|
|switch|p1a: Lucario|Lucario, F|281\/281
|turn|5
|
|switch|p2a: Meghan Trainor|Nidoqueen, F|384\/384
|move|p1a: Lucario|Close Combat|p2a: Meghan Trainor
|-resisted|p2a: Meghan Trainor
|-damage|p2a: Meghan Trainor|283\/384
|-unboost|p1a: Lucario|def|1
|-unboost|p1a: Lucario|spd|1
|-damage|p1a: Lucario|253\/281|[from] item: Life Orb
|
|-heal|p2a: Meghan Trainor|307\/384|[from] item: Black Sludge
|turn|6
|leave|Breeloom
|join|ORAS Snickers
|join|Bob the Bro
|
|switch|p1a: Aerodactyl|Aerodactyl, F|343\/343
|-ability|p1a: Aerodactyl|Pressure
|move|p2a: Meghan Trainor|Stealth Rock|p1a: Aerodactyl
|-sidestart|p1: meowiekins|move: Stealth Rock
|
|-heal|p2a: Meghan Trainor|331\/384|[from] item: Black Sludge
|turn|7
|c| ORAS Snickers|vapo u get one on ladder yet
|
|switch|p2a: wanna yiff? :^3|Hydreigon, M|325\/325
|detailschange|p1a: Aerodactyl|Aerodactyl-Mega, F
|message|Aerodactyl has Mega Evolved into Mega Aerodactyl!
|move|p1a: Aerodactyl|Aqua Tail|p2a: wanna yiff? :^3
|-resisted|p2a: wanna yiff? :^3
|-damage|p2a: wanna yiff? :^3|252\/325
|
|turn|8
|
|move|p1a: Aerodactyl|Stone Edge|p2a: wanna yiff? :^3
|-damage|p2a: wanna yiff? :^3|47\/325
|move|p2a: wanna yiff? :^3|Draco Meteor|p1a: Aerodactyl
|-damage|p1a: Aerodactyl|0 fnt
|-unboost|p2a: wanna yiff? :^3|spa|2
|faint|p1a: Aerodactyl
|
|c| canned!|This kid is bad lmao!
|join|yuy
|c| yuy|i just want to say this isn't a competiton of lifeless chess pieces
|
|switch|p1a: Mienshao|Mienshao, F|271\/271
|-damage|p1a: Mienshao|255\/271|[from] Stealth Rock
|turn|9
|
|switch|p2a: diggersby tho|Blastoise-Mega, M|95\/345
|move|p1a: Mienshao|U-turn|p2a: diggersby tho
|-damage|p2a: diggersby tho|26\/345
|c| yuy|this is a battle of who can use their beloved most favorited living creatures to win 
|c| canned!|Nice b on an easy fucking as shit test yuy
|c| canned!|Youre bad
|c| canned!|>getting a b
|raw|<div class="broadcast-red"><b>Moderated chat was set to +!<\/b><br \/>Only users of rank + and higher can talk.<\/div>
|
|switch|p1a: Lucario|Lucario, F|253\/281
|-damage|p1a: Lucario|245\/281|[from] Stealth Rock
|
|turn|10
canned! was promoted to Room Voice by Vaporeon for Ubers.
yuy was promoted to Room Voice by Vaporeon for Ubers.
|c|+canned!|hi meowiekins
ORAS Snickers was promoted to Room Voice by Vaporeon for Ubers.
Breeloom was promoted to Room Voice by Vaporeon for Ubers.
|c|+canned!|why would you try to silence the people
|c|âmeowiekins|xD
|c|âmeowiekins|xD
Bob the Bro was promoted to Room Voice by Vaporeon for Ubers.
|c|âmeowiekins|xD
|
|move|p1a: Lucario|Close Combat|p2a: diggersby tho
|-damage|p2a: diggersby tho|0 fnt
|-unboost|p1a: Lucario|def|1
|-unboost|p1a: Lucario|spd|1
|-damage|p1a: Lucario|217\/281|[from] item: Life Orb
|faint|p2a: diggersby tho
|
|c|âmeowiekins|xD
|c|âmeowiekins|xD
|c|+ORAS Snickers|whats modchat for again? 
|
|switch|p2a: shrub.png|Shaymin|341\/341
|turn|11
|c|+ORAS Snickers|meowiekins stop stealing my line
|c|+canned!|Meowiekins could you please stop spamming
|c|+canned!|thanks
|c|+ORAS Snickers|anyway your gud vapo youll win
|join|etaoi
|
|switch|p1a: Froslass|Froslass, F|344\/344
|-damage|p1a: Froslass|258\/344|[from] Stealth Rock
|move|p2a: shrub.png|Earth Power|p1a: Froslass
|-damage|p1a: Froslass|94\/344
|-unboost|p1a: Froslass|spd|1
|-damage|p2a: shrub.png|307\/341|[from] item: Life Orb
|
|turn|12
|
|move|p1a: Froslass|Spikes|p2a: shrub.png
|-sidestart|p2: Vaporeon for Ubers|Spikes
|move|p2a: shrub.png|Earth Power|p1a: Froslass
|-damage|p1a: Froslass|0 fnt
|-start|p2a: shrub.png|Disable|Earth Power
|-damage|p2a: shrub.png|273\/341|[from] item: Life Orb
|faint|p1a: Froslass
|
|c|+ORAS Snickers|wait..
|c|+ORAS Snickers|that can actually be a big deal ep is disability
|leave|etaoi
|
|switch|p1a: Mienshao|Mienshao, F|255\/271
|-damage|p1a: Mienshao|239\/271|[from] Stealth Rock
|turn|13
|c|+canned!|Meowiekins is probably the worst uu player ive ever seen
|c|âmeowiekins|thanks man
|c|âmeowiekins|I appreciate your useless comments
|c|+Bob the Bro|eat a dick you clown
|c|+canned!| Wasnt a compliment
|c|+canned!|it was a fact
|
|switch|p2a: Meghan Trainor|Nidoqueen, F|331\/384
|-damage|p2a: Meghan Trainor|283\/384|[from] Spikes
|move|p1a: Mienshao|High Jump Kick|p2a: Meghan Trainor
|-resisted|p2a: Meghan Trainor
|-damage|p2a: Meghan Trainor|175\/384
|
|-heal|p2a: Meghan Trainor|199\/384|[from] item: Black Sludge
|turn|14
|c|+canned!|that should make you feel bad
|c|âmeowiekins|xD
|
|switch|p1a: Swampert|Swampert, F|404\/404
|-damage|p1a: Swampert|379\/404|[from] Stealth Rock
|switch|p2a: wanna yiff? :^3|Hydreigon, M|47\/325
|
|-heal|p1a: Swampert|404\/404|[from] item: Leftovers
|turn|15
|c|+canned!|bob the bro youre going to be #3 soon
|c|+canned!|So id stfu
|c|+Bob the Bro|k
|
|move|p2a: wanna yiff? :^3|Draco Meteor|p1a: Swampert
|-damage|p1a: Swampert|50\/404
|-unboost|p2a: wanna yiff? :^3|spa|2
|move|p1a: Swampert|Scald|p2a: wanna yiff? :^3
|-resisted|p2a: wanna yiff? :^3
|-damage|p2a: wanna yiff? :^3|0 fnt
|faint|p2a: wanna yiff? :^3
|
|-heal|p1a: Swampert|75\/404|[from] item: Leftovers
|c|+canned!|youre bad kid
|c|+Bob the Bro|k
|
|switch|p2a: shrub.png|Shaymin|273\/341
|-damage|p2a: shrub.png|231\/341|[from] Spikes
|turn|16
|
|move|p2a: shrub.png|Psychic|p1a: Swampert
|-damage|p1a: Swampert|0 fnt
|-damage|p2a: shrub.png|197\/341|[from] item: Life Orb
|faint|p1a: Swampert
|
|
|switch|p1a: Mienshao|Mienshao, F|239\/271
|-damage|p1a: Mienshao|223\/271|[from] Stealth Rock
|turn|17
|
|move|p1a: Mienshao|U-turn|p2a: shrub.png
|-supereffective|p2a: shrub.png
|-damage|p2a: shrub.png|27\/341
|c|+canned!| Kids good
|join|Ebinola
|
|switch|p1a: Lucario|Lucario, F|217\/281
|-damage|p1a: Lucario|209\/281|[from] Stealth Rock
|move|p2a: shrub.png|Earth Power|p1a: Lucario
|-supereffective|p1a: Lucario
|-damage|p1a: Lucario|0 fnt
|-damage|p2a: shrub.png|0 fnt|[from] item: Life Orb
|faint|p1a: Lucario
|faint|p2a: shrub.png
|
|
|switch|p1a: Mienshao|Mienshao, F|223\/271
|-damage|p1a: Mienshao|207\/271|[from] Stealth Rock
|switch|p2a: Meghan Trainor|Nidoqueen, F|199\/384
|-damage|p2a: Meghan Trainor|151\/384|[from] Spikes
|turn|18
|c|+canned!|Meowiekins stay trash
|c|+canned!|and go back to low ladder
|c|âmeowiekins|okay 
|c|âmeowiekins|will get right on that boss
|
|move|p1a: Mienshao|High Jump Kick|p2a: Meghan Trainor
|-resisted|p2a: Meghan Trainor
|-damage|p2a: Meghan Trainor|40\/384
|move|p2a: Meghan Trainor|Earth Power|p1a: Mienshao
|-damage|p1a: Mienshao|42\/271
|
|-heal|p2a: Meghan Trainor|64\/384|[from] item: Black Sludge
|turn|19
|c|âVaporeon for Ubers|guys,,,
|
|move|p1a: Mienshao|High Jump Kick|p2a: Meghan Trainor
|-resisted|p2a: Meghan Trainor
|-damage|p2a: Meghan Trainor|0 fnt
|faint|p2a: Meghan Trainor
|
|c|âmeowiekins|ez crit and speedtie win
|
|switch|p2a: >yfw \(Â°â¡Â°)\/|Jirachi|341\/341
|-damage|p2a: >yfw \(Â°â¡Â°)\/|299\/341|[from] Spikes
|turn|20
|c|+canned!|how is that easy
|c|+canned!|youre just shit
|c|âVaporeon for Ubers|pls no crit
|c|âmeowiekins|this is why modchat was on btw
|
|move|p1a: Mienshao|High Jump Kick|p2a: >yfw \(Â°â¡Â°)\/
|-damage|p2a: >yfw \(Â°â¡Â°)\/|52\/341
|move|p2a: >yfw \(Â°â¡Â°)\/|Body Slam|p1a: Mienshao
|-damage|p1a: Mienshao|0 fnt
|faint|p1a: Mienshao
|
|win|Vaporeon for Ubers
|raw|Ladder updating...
|leave|Ebinola
|c|+canned!|Nobody cares btw
|c|âVaporeon for Ubers|ah nb
|raw|meowiekins's rating: 1632 &rarr; <strong>1618<\/strong><br \/>(-14 for losing)
|raw|Vaporeon for Ubers's rating: 1745 &rarr; <strong>1759<\/strong><br \/>(+14 for winning)
|c|âVaporeon for Ubers|gg
|c|âmeowiekins|gg
|c|+canned!|youre shit
|leave|Bob the Bro
|leave|Vaporeon for Ubers
|player|p2
|leave|meowiekins
|player|p1
|join|meowiekins
|leave|meowiekins