|join|meowiekins
|join|Over Under Used
|player|p1|meowiekins|160
|player|p2|Over Under Used|54
|gametype|singles
|gen|6
|tier|UU
|rule|Sleep Clause Mod: Limit one foe put to sleep
|rule|Species Clause: Limit one of each PokÃ©mon
|rule|OHKO Clause: OHKO moves are banned
|rule|Moody Clause: Moody is banned
|rule|Evasion Moves Clause: Evasion moves are banned
|rule|Endless Battle Clause: Forcing endless battles is banned
|rule|HP Percentage Mod: HP is shown in percentages
|clearpoke
|poke|p1|Crobat, M
|poke|p1|Raikou
|poke|p1|Swampert, F
|poke|p1|Celebi
|poke|p1|Krookodile, F
|poke|p1|Jirachi
|poke|p2|Nidoqueen, F
|poke|p2|Houndoom, M
|poke|p2|Machamp, M
|poke|p2|Vaporeon, F
|poke|p2|Celebi
|poke|p2|Gligar, M
|rule|Swagger Clause: Swagger is banned
|rule|Baton Pass Clause: Limit one PokÃ©mon knowing Baton Pass
|teampreview
|join|Lord on Toast
|
|start
|switch|p1a: Krookodile|Krookodile, F|331\/331
|switch|p2a: Farore|Celebi|341\/341
|-ability|p1a: Krookodile|Intimidate|[of] p2a: Farore
|-unboost|p2a: Farore|atk|1
|turn|1
|c|âOver Under Used|o no
|
|move|p2a: Farore|U-turn|p1a: Krookodile
|-supereffective|p1a: Krookodile
|-damage|p1a: Krookodile|227\/331
|
|switch|p2a: Cena|Machamp, M|384\/384
|move|p1a: Krookodile|Knock Off|p2a: Cena
|-resisted|p2a: Cena
|-damage|p2a: Cena|231\/384
|-enditem|p2a: Cena|Assault Vest|[from] move: Knock Off|[of] p1a: Krookodile
|
|turn|2
|
|switch|p1a: Crobat|Crobat, M|359\/359
|move|p2a: Cena|Close Combat|p1a: Crobat
|-resisted|p1a: Crobat
|-damage|p1a: Crobat|283\/359
|-unboost|p2a: Cena|def|1
|-unboost|p2a: Cena|spd|1
|
|-heal|p1a: Crobat|305\/359|[from] item: Black Sludge
|turn|3
|
|move|p1a: Crobat|U-turn|p2a: Cena
|-resisted|p2a: Cena
|-damage|p2a: Cena|183\/384
|
|switch|p1a: Swampert|Swampert, F|404\/404
|move|p2a: Cena|Ice Punch|p1a: Swampert
|-crit|p1a: Swampert
|-damage|p1a: Swampert|295\/404
|
|-heal|p1a: Swampert|320\/404|[from] item: Leftovers
|turn|4
|
|switch|p2a: Farore|Celebi|341\/341
|move|p1a: Swampert|Earthquake|p2a: Farore
|-resisted|p2a: Farore
|-damage|p2a: Farore|277\/341
|
|-heal|p1a: Swampert|345\/404|[from] item: Leftovers
|turn|5
|
|switch|p1a: Jirachi|Jirachi|341\/341
|move|p2a: Farore|Trick|p1a: Jirachi
|-activate|p2a: Farore|move: Trick|[of] p1a: Jirachi
|-item|p1a: Jirachi|Choice Scarf|[from] move: Trick
|-item|p2a: Farore|Choice Scarf|[from] move: Trick
|
|turn|6
|
|move|p1a: Jirachi|U-turn|p2a: Farore
|-supereffective|p2a: Farore
|-damage|p2a: Farore|5\/341
|
|switch|p1a: Crobat|Crobat, M|305\/359
|move|p2a: Farore|U-turn|p1a: Crobat
|-resisted|p1a: Crobat
|-damage|p1a: Crobat|283\/359
|c|âOver Under Used|nice speed tie
|c|âmeowiekins|why the fuck
|c|âmeowiekins|would you risk tht
|c|âmeowiekins|lol
|c|âOver Under Used|idk
|c|âOver Under Used|because im bad?
|
|switch|p2a: Elizabeth|Nidoqueen, F|353\/353
|
|-heal|p1a: Crobat|305\/359|[from] item: Black Sludge
|turn|7
|
|move|p1a: Crobat|U-turn|p2a: Elizabeth
|-crit|p2a: Elizabeth
|-resisted|p2a: Elizabeth
|-damage|p2a: Elizabeth|304\/353
|
|switch|p1a: Swampert|Swampert, F|345\/404
|move|p2a: Elizabeth|Ice Beam|p1a: Swampert
|-damage|p1a: Swampert|193\/404
|
|-heal|p1a: Swampert|218\/404|[from] item: Leftovers
|turn|8
|
|switch|p2a: Gligar|Gligar, M|334\/334
|move|p1a: Swampert|Scald|p2a: Gligar
|-supereffective|p2a: Gligar
|-damage|p2a: Gligar|218\/334
|-status|p2a: Gligar|brn
|
|-heal|p1a: Swampert|243\/404|[from] item: Leftovers
|-damage|p2a: Gligar|177\/334 brn|[from] brn
|turn|9
|
|move|p2a: Gligar|Toxic|p1a: Swampert
|-status|p1a: Swampert|tox
|move|p1a: Swampert|Stealth Rock|p2a: Gligar
|-sidestart|p2: Over Under Used|move: Stealth Rock
|
|-heal|p1a: Swampert|268\/404 tox|[from] item: Leftovers
|-damage|p2a: Gligar|136\/334 brn|[from] brn
|-damage|p1a: Swampert|243\/404 tox|[from] psn
|turn|10
|
|move|p2a: Gligar|Roost|p2a: Gligar
|-heal|p2a: Gligar|303\/334 brn
|move|p1a: Swampert|Scald|p2a: Gligar
|-supereffective|p2a: Gligar
|-damage|p2a: Gligar|201\/334 brn
|
|-heal|p1a: Swampert|268\/404 tox|[from] item: Leftovers
|-damage|p2a: Gligar|160\/334 brn|[from] brn
|-damage|p1a: Swampert|218\/404 tox|[from] psn
|turn|11
|
|switch|p2a: Vaporeon|Vaporeon, F|451\/451
|-damage|p2a: Vaporeon|395\/451|[from] Stealth Rock
|switch|p1a: Krookodile|Krookodile, F|227\/331
|-ability|p1a: Krookodile|Intimidate|[of] p2a: Vaporeon
|-unboost|p2a: Vaporeon|atk|1
|
|-heal|p2a: Vaporeon|423\/451|[from] item: Leftovers
|turn|12
|
|switch|p1a: Celebi|Celebi|341\/341
|move|p2a: Vaporeon|Baton Pass|p2a: Vaporeon
|
|switch|p2a: Kyla's Nightmare|Houndoom, M|292\/292
|-damage|p2a: Kyla's Nightmare|219\/292|[from] Stealth Rock
|
|turn|13
|
|switch|p1a: Swampert|Swampert, F|218\/404 tox
|detailschange|p2a: Kyla's Nightmare|Houndoom-Mega, M
|message|Houndoom has Mega Evolved into Mega Houndoom!
|move|p2a: Kyla's Nightmare|Dark Pulse|p1a: Swampert
|-damage|p1a: Swampert|67\/404 tox
|
|-heal|p1a: Swampert|92\/404 tox|[from] item: Leftovers
|-damage|p1a: Swampert|67\/404 tox|[from] psn
|turn|14
|
|move|p2a: Kyla's Nightmare|Dark Pulse|p1a: Swampert
|-damage|p1a: Swampert|0 fnt
|faint|p1a: Swampert
|
|
|switch|p1a: Raikou|Raikou|322\/322
|-ability|p1a: Raikou|Pressure
|turn|15
|
|move|p1a: Raikou|Calm Mind|p1a: Raikou
|-boost|p1a: Raikou|spa|1
|-boost|p1a: Raikou|spd|1
|move|p2a: Kyla's Nightmare|Fire Blast|p1a: Raikou
|-damage|p1a: Raikou|174\/322
|
|-heal|p1a: Raikou|194\/322|[from] item: Leftovers
|turn|16
|
|move|p1a: Raikou|Thunderbolt|p2a: Kyla's Nightmare
|-damage|p2a: Kyla's Nightmare|0 fnt
|faint|p2a: Kyla's Nightmare
|
|-heal|p1a: Raikou|214\/322|[from] item: Leftovers
|
|switch|p2a: Elizabeth|Nidoqueen, F|304\/353
|-damage|p2a: Elizabeth|282\/353|[from] Stealth Rock
|turn|17
|
|move|p1a: Raikou|Hidden Power|p2a: Elizabeth
|-supereffective|p2a: Elizabeth
|-damage|p2a: Elizabeth|60\/353
|move|p2a: Elizabeth|Earth Power|p1a: Raikou
|-supereffective|p1a: Raikou
|-damage|p1a: Raikou|0 fnt
|faint|p1a: Raikou
|
|
|switch|p1a: Celebi|Celebi|341\/341
|turn|18
|
|switch|p2a: Farore|Celebi|5\/341
|-damage|p2a: Farore|0 fnt|[from] Stealth Rock
|faint|p2a: Farore
|move|p1a: Celebi|Psychic|p2: Farore|[notarget]
|-notarget
|
|
|switch|p2a: Gligar|Gligar, M|160\/334 brn
|-damage|p2a: Gligar|119\/334 brn|[from] Stealth Rock
|turn|19
|
|move|p1a: Celebi|Nasty Plot|p1a: Celebi
|-boost|p1a: Celebi|spa|2
|move|p2a: Gligar|Defog|p1a: Celebi
|-unboost|p1a: Celebi|evasion|1
|-sideend|p2: Over Under Used|Stealth Rock|[from] move: Defog|[of] p2a: Gligar
|
|-damage|p2a: Gligar|78\/334 brn|[from] brn
|turn|20
|
|move|p1a: Celebi|Nasty Plot|p1a: Celebi
|-boost|p1a: Celebi|spa|2
|move|p2a: Gligar|Toxic|p1a: Celebi
|-status|p1a: Celebi|tox
|
|-damage|p1a: Celebi|320\/341 tox|[from] psn
|-damage|p2a: Gligar|37\/334 brn|[from] brn
|turn|21
|
|move|p1a: Celebi|Nasty Plot|p1a: Celebi
|-boost|p1a: Celebi|spa|2
|move|p2a: Gligar|Roost|p2a: Gligar
|-heal|p2a: Gligar|204\/334 brn
|
|-heal|p1a: Celebi|341\/341 tox|[from] item: Leftovers
|-damage|p1a: Celebi|299\/341 tox|[from] psn
|-damage|p2a: Gligar|163\/334 brn|[from] brn
|turn|22
|join|lacaccapuzza
|
|move|p1a: Celebi|Psychic|p2a: Gligar
|-damage|p2a: Gligar|0 fnt
|faint|p2a: Gligar
|
|-heal|p1a: Celebi|320\/341 tox|[from] item: Leftovers
|-damage|p1a: Celebi|257\/341 tox|[from] psn
|c|âOver Under Used|o no
|
|switch|p2a: Elizabeth|Nidoqueen, F|60\/353
|turn|23
|
|move|p1a: Celebi|Psychic|p2a: Elizabeth
|-supereffective|p2a: Elizabeth
|-damage|p2a: Elizabeth|0 fnt
|faint|p2a: Elizabeth
|
|-heal|p1a: Celebi|278\/341 tox|[from] item: Leftovers
|-damage|p1a: Celebi|194\/341 tox|[from] psn
|
|switch|p2a: Cena|Machamp, M|183\/384
|turn|24
|
|move|p2a: Cena|Bullet Punch|p1a: Celebi
|-damage|p1a: Celebi|138\/341 tox
|move|p1a: Celebi|Dazzling Gleam|p2a: Cena
|-supereffective|p2a: Cena
|-damage|p2a: Cena|0 fnt
|faint|p2a: Cena
|
|-heal|p1a: Celebi|159\/341 tox|[from] item: Leftovers
|-damage|p1a: Celebi|54\/341 tox|[from] psn
|
|switch|p2a: Vaporeon|Vaporeon, F|423\/451
|turn|25
|
|switch|p1a: Jirachi|Jirachi|341\/341
|move|p2a: Vaporeon|Protect|p2a: Vaporeon
|-fail|p2a: Vaporeon
|
|-heal|p2a: Vaporeon|451\/451|[from] item: Leftovers
|turn|26
|c|âmeowiekins|nonono
|
|move|p1a: Jirachi|Healing Wish|p1a: Jirachi
|faint|p1a: Jirachi
|move|p2a: Vaporeon|Scald|p1: Jirachi|[notarget]
|-notarget
|
|
|switch|p1a: Celebi|Celebi|54\/341
|-heal|p1a: Celebi|341\/341|[from] move: Healing Wish
|turn|27
|c|âOver Under Used|I cri
|
|move|p1a: Celebi|Nasty Plot|p1a: Celebi
|-boost|p1a: Celebi|spa|2
|move|p2a: Vaporeon|Scald|p1a: Celebi
|-resisted|p1a: Celebi
|-damage|p1a: Celebi|291\/341
|
|-heal|p1a: Celebi|312\/341|[from] item: Leftovers
|turn|28
|-message|Over Under Used forfeited.
|
|win|meowiekins
|c|âOver Under Used|welp
|c|âmeowiekins|gg
|c|âOver Under Used|gg
|leave|Lord on Toast
|c|âOver Under Used|Im changing up Celebi
|leave|Over Under Used
|player|p2