|join|Sweep
|join|meowiekins
|player|p1|Sweep|275
|player|p2|meowiekins|160
|gametype|singles
|gen|6
|tier|UU
|rated
|rule|Sleep Clause Mod: Limit one foe put to sleep
|rule|Species Clause: Limit one of each PokÃ©mon
|rule|OHKO Clause: OHKO moves are banned
|rule|Moody Clause: Moody is banned
|rule|Evasion Moves Clause: Evasion moves are banned
|rule|Endless Battle Clause: Forcing endless battles is banned
|rule|HP Percentage Mod: HP is shown in percentages
|clearpoke
|poke|p1|Krookodile, M
|poke|p1|Lucario, F
|poke|p1|Nidoqueen, F
|poke|p1|Machamp, M
|poke|p1|Hydreigon, F
|poke|p1|Alakazam, F
|poke|p2|Shedinja
|poke|p2|Xatu, F
|poke|p2|Tentacruel, M
|poke|p2|Krookodile, F
|poke|p2|Aromatisse, M
|poke|p2|Rotom-Heat
|rule|Swagger Clause: Swagger is banned
|rule|Baton Pass Clause: Limit one PokÃ©mon knowing Baton Pass
|teampreview
|
|start
|switch|p1a: Machamp|Machamp, M|361\/361
|switch|p2a: Rotom-Heat|Rotom-Heat|241\/241
|turn|1
|
|move|p2a: Rotom-Heat|Volt Switch|p1a: Machamp
|-damage|p1a: Machamp|234\/361
|
|switch|p2a: Xatu|Xatu, F|271\/271
|move|p1a: Machamp|Knock Off|p2a: Xatu
|-supereffective|p2a: Xatu
|-damage|p2a: Xatu|0 fnt
|-enditem|p2a: Xatu|Life Orb|[from] move: Knock Off|[of] p1a: Machamp
|faint|p2a: Xatu
|
|
|switch|p2a: Krookodile|Krookodile, F|332\/332
|turn|2
|
|switch|p1a: Hydreigon|Hydreigon, F|325\/325
|move|p2a: Krookodile|Earthquake|p1a: Hydreigon
|-immune|p1a: Hydreigon|[msg]
|
|turn|3
|
|switch|p2a: Aromatisse|Aromatisse, M|406\/406
|move|p1a: Hydreigon|U-turn|p2a: Aromatisse
|-resisted|p2a: Aromatisse
|-damage|p2a: Aromatisse|381\/406
|
|switch|p1a: Nidoqueen|Nidoqueen, F|331\/331
|
|-heal|p2a: Aromatisse|406\/406|[from] item: Leftovers
|turn|4
|
|switch|p2a: _(ã)_\/Â¯|Shedinja|1\/1
|move|p1a: Nidoqueen|Stealth Rock|p2a: _(ã)_\/Â¯
|-sidestart|p2: meowiekins|move: Stealth Rock
|
|turn|5
|
|move|p1a: Nidoqueen|Earth Power|p2a: _(ã)_\/Â¯
|-activate|p2a: _(ã)_\/Â¯|ability: Wonder Guard
|move|p2a: _(ã)_\/Â¯|X-Scissor|p1a: Nidoqueen
|-resisted|p1a: Nidoqueen
|-damage|p1a: Nidoqueen|267\/331
|
|turn|6
|
|move|p1a: Nidoqueen|Sludge Wave|p2a: _(ã)_\/Â¯
|-activate|p2a: _(ã)_\/Â¯|ability: Wonder Guard
|move|p2a: _(ã)_\/Â¯|X-Scissor|p1a: Nidoqueen
|-resisted|p1a: Nidoqueen
|-damage|p1a: Nidoqueen|195\/331
|
|turn|7
|
|move|p1a: Nidoqueen|Earth Power|p2a: _(ã)_\/Â¯
|-activate|p2a: _(ã)_\/Â¯|ability: Wonder Guard
|move|p2a: _(ã)_\/Â¯|Swords Dance|p2a: _(ã)_\/Â¯
|-boost|p2a: _(ã)_\/Â¯|atk|2
|
|turn|8
|
|switch|p1a: Krookodile|Krookodile, M|331\/331
|-ability|p1a: Krookodile|Intimidate|[of] p2a: _(ã)_\/Â¯
|-unboost|p2a: _(ã)_\/Â¯|atk|1
|move|p2a: _(ã)_\/Â¯|X-Scissor|p1a: Krookodile
|-supereffective|p1a: Krookodile
|-damage|p1a: Krookodile|0 fnt
|faint|p1a: Krookodile
|
|
|switch|p1a: Machamp|Machamp, M|234\/361
|turn|9
|
|move|p2a: _(ã)_\/Â¯|Shadow Sneak|p1a: Machamp
|-damage|p1a: Machamp|123\/361
|move|p1a: Machamp|Knock Off|p2a: _(ã)_\/Â¯
|-supereffective|p2a: _(ã)_\/Â¯
|-enditem|p2a: _(ã)_\/Â¯|Focus Sash
|-damage|p2a: _(ã)_\/Â¯|1\/1
|
|turn|10
|
|switch|p2a: Rotom-Heat|Rotom-Heat|241\/241
|-damage|p2a: Rotom-Heat|181\/241|[from] Stealth Rock
|move|p1a: Machamp|Knock Off|p2a: Rotom-Heat
|-damage|p2a: Rotom-Heat|57\/241
|-enditem|p2a: Rotom-Heat|Choice Specs|[from] move: Knock Off|[of] p1a: Machamp
|
|turn|11
|join|waiv
|c| waiv|meow
|c|âmeowiekins|yo
|
|switch|p1a: Hydreigon|Hydreigon, F|325\/325
|move|p2a: Rotom-Heat|Overheat|p1a: Hydreigon
|-resisted|p1a: Hydreigon
|-damage|p1a: Hydreigon|194\/325
|-unboost|p2a: Rotom-Heat|spa|2
|
|turn|12
|
|move|p1a: Hydreigon|U-turn|p2a: Rotom-Heat
|-resisted|p2a: Rotom-Heat
|-damage|p2a: Rotom-Heat|28\/241
|
|switch|p1a: Alakazam|Alakazam, F|251\/251
|move|p2a: Rotom-Heat|Trick|p1a: Alakazam
|-fail|p1a: Alakazam
|
|turn|13
|
|switch|p2a: Krookodile|Krookodile, F|332\/332
|-damage|p2a: Krookodile|312\/332|[from] Stealth Rock
|detailschange|p1a: Alakazam|Alakazam-Mega, F
|message|Alakazam has Mega Evolved into Mega Alakazam!
|-ability|p1a: Alakazam|Moxie|[from] ability: Trace|[of] p2a: Krookodile
|move|p1a: Alakazam|Shadow Ball|p2a: Krookodile
|-resisted|p2a: Krookodile
|-damage|p2a: Krookodile|223\/332
|
|turn|14
|
|move|p2a: Krookodile|Pursuit|p1a: Alakazam
|-supereffective|p1a: Alakazam
|-damage|p1a: Alakazam|47\/251
|move|p1a: Alakazam|Focus Blast|p2a: Krookodile|[miss]
|-miss|p1a: Alakazam|p2a: Krookodile
|
|turn|15
|c|âSweep|ah
|c|âSweep|i made the right play and get punished, oh well!
|
|move|p2a: Krookodile|Pursuit|p1a: Alakazam
|-supereffective|p1a: Alakazam
|-damage|p1a: Alakazam|0 fnt
|faint|p1a: Alakazam
|-boost|p2a: Krookodile|atk|1|[from] ability: Moxie
|
|c|âmeowiekins|sorry dude
|
|switch|p1a: Nidoqueen|Nidoqueen, F|195\/331
|turn|16
|
|switch|p2a: Rotom-Heat|Rotom-Heat|28\/241
|-damage|p2a: Rotom-Heat|0 fnt|[from] Stealth Rock
|faint|p2a: Rotom-Heat
|move|p1a: Nidoqueen|Earth Power|p2: Rotom-Heat|[notarget]
|-notarget
|
|
|switch|p2a: Tentacruel|Tentacruel, M|364\/364
|-damage|p2a: Tentacruel|319\/364|[from] Stealth Rock
|turn|17
|
|move|p1a: Nidoqueen|Earth Power|p2a: Tentacruel
|-supereffective|p2a: Tentacruel
|-damage|p2a: Tentacruel|30\/364
|move|p2a: Tentacruel|Rapid Spin|p1a: Nidoqueen
|-damage|p1a: Nidoqueen|182\/331
|-sideend|p2: meowiekins|Stealth Rock|[from] move: Rapid Spin|[of] p2a: Tentacruel
|
|-heal|p2a: Tentacruel|52\/364|[from] item: Black Sludge
|turn|18
|
|move|p1a: Nidoqueen|Stealth Rock|p2a: Tentacruel
|-sidestart|p2: meowiekins|move: Stealth Rock
|move|p2a: Tentacruel|Rapid Spin|p1a: Nidoqueen
|-damage|p1a: Nidoqueen|170\/331
|-sideend|p2: meowiekins|Stealth Rock|[from] move: Rapid Spin|[of] p2a: Tentacruel
|
|-heal|p2a: Tentacruel|74\/364|[from] item: Black Sludge
|turn|19
|
|switch|p2a: _(ã)_\/Â¯|Shedinja|1\/1
|move|p1a: Nidoqueen|Earth Power|p2a: _(ã)_\/Â¯
|-activate|p2a: _(ã)_\/Â¯|ability: Wonder Guard
|
|turn|20
|
|move|p1a: Nidoqueen|Stealth Rock|p2a: _(ã)_\/Â¯
|-sidestart|p2: meowiekins|move: Stealth Rock
|move|p2a: _(ã)_\/Â¯|X-Scissor|p1a: Nidoqueen
|-resisted|p1a: Nidoqueen
|-damage|p1a: Nidoqueen|106\/331
|
|turn|21
|
|switch|p1a: Machamp|Machamp, M|123\/361
|move|p2a: _(ã)_\/Â¯|X-Scissor|p1a: Machamp
|-resisted|p1a: Machamp
|-damage|p1a: Machamp|55\/361
|
|turn|22
|
|switch|p1a: Hydreigon|Hydreigon, F|194\/325
|move|p2a: _(ã)_\/Â¯|Shadow Sneak|p1a: Hydreigon
|-resisted|p1a: Hydreigon
|-damage|p1a: Hydreigon|160\/325
|
|turn|23
|c|âmeowiekins|ah
|c|âmeowiekins|got me
|
|move|p2a: _(ã)_\/Â¯|Protect|p2a: _(ã)_\/Â¯
|-singleturn|p2a: _(ã)_\/Â¯|Protect
|move|p1a: Hydreigon|Dark Pulse|p2a: _(ã)_\/Â¯
|-activate|p2a: _(ã)_\/Â¯|Protect
|
|turn|24
|c|âSweep|doesn't matter at this point
|
|switch|p2a: Aromatisse|Aromatisse, M|406\/406
|-damage|p2a: Aromatisse|356\/406|[from] Stealth Rock
|move|p1a: Hydreigon|Dark Pulse|p2a: Aromatisse
|-resisted|p2a: Aromatisse
|-damage|p2a: Aromatisse|281\/406
|
|-heal|p2a: Aromatisse|306\/406|[from] item: Leftovers
|turn|25
|
|switch|p1a: Machamp|Machamp, M|55\/361
|switch|p2a: Krookodile|Krookodile, F|223\/332
|-damage|p2a: Krookodile|203\/332|[from] Stealth Rock
|
|turn|26
|
|move|p2a: Krookodile|Knock Off|p1a: Machamp
|-resisted|p1a: Machamp
|-damage|p1a: Machamp|0 fnt
|-enditem|p1a: Machamp|Assault Vest|[from] move: Knock Off|[of] p2a: Krookodile
|faint|p1a: Machamp
|-boost|p2a: Krookodile|atk|1|[from] ability: Moxie
|
|
|switch|p1a: Lucario|Lucario, F|281\/281
|turn|27
|
|move|p1a: Lucario|Vacuum Wave|p2a: Krookodile
|-supereffective|p2a: Krookodile
|-damage|p2a: Krookodile|0 fnt
|-damage|p1a: Lucario|253\/281|[from] item: Life Orb
|faint|p2a: Krookodile
|
|
|switch|p2a: Tentacruel|Tentacruel, M|74\/364
|-damage|p2a: Tentacruel|29\/364|[from] Stealth Rock
|turn|28
|
|move|p1a: Lucario|Flash Cannon|p2a: Tentacruel
|-resisted|p2a: Tentacruel
|-damage|p2a: Tentacruel|0 fnt
|-damage|p1a: Lucario|225\/281|[from] item: Life Orb
|faint|p2a: Tentacruel
|
|
|switch|p2a: Aromatisse|Aromatisse, M|306\/406
|-damage|p2a: Aromatisse|256\/406|[from] Stealth Rock
|turn|29
|
|move|p1a: Lucario|Flash Cannon|p2a: Aromatisse
|-supereffective|p2a: Aromatisse
|-damage|p2a: Aromatisse|0 fnt
|-damage|p1a: Lucario|197\/281|[from] item: Life Orb
|faint|p2a: Aromatisse
|
|c|âmeowiekins|gg
|c|âSweep|well gg
|
|switch|p2a: _(ã)_\/Â¯|Shedinja|1\/1
|-damage|p2a: _(ã)_\/Â¯|0 fnt|[from] Stealth Rock
|faint|p2a: _(ã)_\/Â¯
|
|win|Sweep
|raw|Ladder updating...