|join|Meowiekins
|join|SSleck
|player|p1|Meowiekins|160
|player|p2|SSleck|163
|gametype|singles
|gen|6
|tier|UU
|rated
|rule|Sleep Clause Mod: Limit one foe put to sleep
|rule|Species Clause: Limit one of each PokÃ©mon
|rule|OHKO Clause: OHKO moves are banned
|rule|Moody Clause: Moody is banned
|rule|Evasion Moves Clause: Evasion moves are banned
|rule|Endless Battle Clause: Forcing endless battles is banned
|rule|HP Percentage Mod: HP is shown in percentages
|clearpoke
|poke|p1|Mienshao, F
|poke|p1|Machamp, F
|poke|p1|Lucario, F
|poke|p1|Froslass, F
|poke|p1|Aerodactyl, M
|poke|p1|Swampert, F
|poke|p2|Nidoking, M
|poke|p2|Arcanine, F
|poke|p2|Machamp, M
|poke|p2|Cloyster, M
|poke|p2|Crobat, M
|poke|p2|Porygon2
|rule|Swagger Clause: Swagger is banned
|rule|Baton Pass Clause: Limit one PokÃ©mon knowing Baton Pass
|teampreview
|
|start
|switch|p1a: Froslass|Froslass, F|344\/344
|switch|p2a: Mental Handicap|Crobat, M|373\/373
|turn|1
|
|move|p2a: Mental Handicap|Brave Bird|p1a: Froslass
|-damage|p1a: Froslass|146\/344
|-start|p2a: Mental Handicap|Disable|Brave Bird
|-damage|p2a: Mental Handicap|308\/373|[from] recoil|[of] p1a: Froslass
|move|p1a: Froslass|Spikes|p2a: Mental Handicap
|-sidestart|p2: SSleck|Spikes
|
|-heal|p2a: Mental Handicap|331\/373|[from] item: Black Sludge
|turn|2
|
|move|p2a: Mental Handicap|Defog|p1a: Froslass
|-unboost|p1a: Froslass|evasion|1
|-sideend|p2: SSleck|Spikes|[from] move: Defog|[of] p2a: Mental Handicap
|move|p1a: Froslass|Icy Wind|p2a: Mental Handicap
|-supereffective|p2a: Mental Handicap
|-damage|p2a: Mental Handicap|211\/373
|-unboost|p2a: Mental Handicap|spe|1
|
|-heal|p2a: Mental Handicap|234\/373|[from] item: Black Sludge
|turn|3
|
|move|p1a: Froslass|Spikes|p2a: Mental Handicap
|-sidestart|p2: SSleck|Spikes
|move|p2a: Mental Handicap|Roost|p2a: Mental Handicap
|-heal|p2a: Mental Handicap|373\/373
|
|turn|4
|
|switch|p1a: Aerodactyl|Aerodactyl, M|343\/343
|-ability|p1a: Aerodactyl|Pressure
|move|p2a: Mental Handicap|Defog|p1a: Aerodactyl
|-unboost|p1a: Aerodactyl|evasion|1
|-sideend|p2: SSleck|Spikes|[from] move: Defog|[of] p2a: Mental Handicap
|
|turn|5
|
|detailschange|p1a: Aerodactyl|Aerodactyl-Mega, M
|message|Aerodactyl has Mega Evolved into Mega Aerodactyl!
|move|p1a: Aerodactyl|Stone Edge|p2a: Mental Handicap|[miss]
|-miss|p1a: Aerodactyl|p2a: Mental Handicap
|move|p2a: Mental Handicap|Super Fang|p1a: Aerodactyl
|-damage|p1a: Aerodactyl|172\/343
|
|-end|p2a: Mental Handicap|Disable
|turn|6
|
|switch|p2a: Ducker|Porygon2|374\/374
|-ability|p2a: Ducker|Tough Claws|[from] ability: Trace|[of] p1a: Aerodactyl
|move|p1a: Aerodactyl|Stone Edge|p2a: Ducker|[miss]
|-miss|p1a: Aerodactyl|p2a: Ducker
|
|turn|7
|
|switch|p1a: Machamp|Machamp, F|384\/384
|move|p2a: Ducker|Ice Beam|p1a: Machamp
|-damage|p1a: Machamp|327\/384
|
|turn|8
|
|switch|p2a: Mental Handicap|Crobat, M|373\/373
|move|p1a: Machamp|Knock Off|p2a: Mental Handicap
|-damage|p2a: Mental Handicap|212\/373
|-enditem|p2a: Mental Handicap|Black Sludge|[from] move: Knock Off|[of] p1a: Machamp
|
|turn|9
|
|switch|p1a: Swampert|Swampert, F|404\/404
|move|p2a: Mental Handicap|Roost|p2a: Mental Handicap
|-heal|p2a: Mental Handicap|373\/373
|
|turn|10
|
|move|p2a: Mental Handicap|Super Fang|p1a: Swampert
|-damage|p1a: Swampert|202\/404
|move|p1a: Swampert|Stealth Rock|p2a: Mental Handicap
|-sidestart|p2: SSleck|move: Stealth Rock
|
|-heal|p1a: Swampert|227\/404|[from] item: Leftovers
|turn|11
|
|move|p2a: Mental Handicap|Super Fang|p1a: Swampert|[miss]
|-miss|p2a: Mental Handicap|p1a: Swampert
|move|p1a: Swampert|Scald|p2a: Mental Handicap
|-damage|p2a: Mental Handicap|274\/373
|
|-heal|p1a: Swampert|252\/404|[from] item: Leftovers
|turn|12
|
|move|p2a: Mental Handicap|Super Fang|p1a: Swampert
|-damage|p1a: Swampert|126\/404
|move|p1a: Swampert|Scald|p2a: Mental Handicap
|-damage|p2a: Mental Handicap|123\/373
|-status|p2a: Mental Handicap|brn
|
|-heal|p1a: Swampert|151\/404|[from] item: Leftovers
|-damage|p2a: Mental Handicap|77\/373 brn|[from] brn
|turn|13
|join|Pinkin Lark
|
|move|p2a: Mental Handicap|Roost|p2a: Mental Handicap
|-heal|p2a: Mental Handicap|264\/373 brn
|move|p1a: Swampert|Earthquake|p2a: Mental Handicap
|-supereffective|p2a: Mental Handicap
|-damage|p2a: Mental Handicap|0 fnt
|faint|p2a: Mental Handicap
|
|-heal|p1a: Swampert|176\/404|[from] item: Leftovers
|
|switch|p2a: Royal Sovereign|Nidoking, M|303\/303
|-damage|p2a: Royal Sovereign|285\/303|[from] Stealth Rock
|turn|14
|join|4FS
|leave|4FS
|
|move|p2a: Royal Sovereign|Hidden Power|p1a: Swampert
|-supereffective|p1a: Swampert
|-damage|p1a: Swampert|0 fnt
|faint|p1a: Swampert
|
|
|switch|p1a: Froslass|Froslass, F|146\/344
|turn|15
|
|switch|p2a: Der Ubermensch|Machamp, M|364\/364
|-damage|p2a: Der Ubermensch|342\/364|[from] Stealth Rock
|move|p1a: Froslass|Spikes|p2a: Der Ubermensch
|-sidestart|p2: SSleck|Spikes
|
|turn|16
|
|move|p1a: Froslass|Destiny Bond|p1a: Froslass
|-singlemove|p1a: Froslass|Destiny Bond
|move|p2a: Der Ubermensch|Knock Off|p1a: Froslass
|-supereffective|p1a: Froslass
|-damage|p1a: Froslass|0 fnt
|-start|p2a: Der Ubermensch|Disable|Knock Off
|-enditem|p1a: Froslass|Focus Sash|[from] move: Knock Off|[of] p2a: Der Ubermensch
|faint|p1a: Froslass
|-activate|p1a: Froslass|Destiny Bond
|faint|p2a: Der Ubermensch
|
|
|switch|p2a: Royal Sovereign|Nidoking, M|285\/303
|-damage|p2a: Royal Sovereign|267\/303|[from] Stealth Rock
|-damage|p2a: Royal Sovereign|230\/303|[from] Spikes
|switch|p1a: Aerodactyl|Aerodactyl-Mega, M|172\/343
|turn|17
|join|Eyan
|
|move|p2a: Royal Sovereign|Ice Beam|p1a: Aerodactyl
|-supereffective|p1a: Aerodactyl
|-damage|p1a: Aerodactyl|0 fnt
|faint|p1a: Aerodactyl
|
|
|switch|p1a: Lucario|Lucario, F|281\/281
|turn|18
|leave|Eyan
|
|move|p2a: Royal Sovereign|Ice Beam|p1a: Lucario
|-resisted|p1a: Lucario
|-damage|p1a: Lucario|206\/281
|move|p1a: Lucario|Swords Dance|p1a: Lucario
|-boost|p1a: Lucario|atk|2
|
|turn|19
|c|âMeowiekins|thats why scarf king
|c|âMeowiekins|is ass
|
|move|p1a: Lucario|Extreme Speed|p2a: Royal Sovereign
|-damage|p2a: Royal Sovereign|0 fnt
|-damage|p1a: Lucario|178\/281|[from] item: Life Orb
|faint|p2a: Royal Sovereign
|
|join|Eyan
|
|switch|p2a: Onix Cave|Cloyster, M|241\/241
|-damage|p2a: Onix Cave|181\/241|[from] Stealth Rock
|-damage|p2a: Onix Cave|151\/241|[from] Spikes
|turn|20
|
|move|p1a: Lucario|Close Combat|p2a: Onix Cave
|-supereffective|p2a: Onix Cave
|-damage|p2a: Onix Cave|0 fnt
|-unboost|p1a: Lucario|def|1
|-unboost|p1a: Lucario|spd|1
|-damage|p1a: Lucario|150\/281|[from] item: Life Orb
|faint|p2a: Onix Cave
|
|
|switch|p2a: El Impoluto|Arcanine, F|321\/321
|-damage|p2a: El Impoluto|281\/321|[from] Spikes
|-damage|p2a: El Impoluto|201\/321|[from] Stealth Rock
|turn|21
|
|move|p2a: El Impoluto|Extreme Speed|p1a: Lucario
|-resisted|p1a: Lucario
|-damage|p1a: Lucario|27\/281
|-damage|p2a: El Impoluto|169\/321|[from] item: Life Orb
|move|p1a: Lucario|Earthquake|p2a: El Impoluto
|-supereffective|p2a: El Impoluto
|-damage|p2a: El Impoluto|0 fnt
|-damage|p1a: Lucario|0 fnt|[from] item: Life Orb
|faint|p2a: El Impoluto
|faint|p1a: Lucario
|
|-message|SSleck forfeited.
|
|win|Meowiekins
|raw|Ladder updating...
|leave|SSleck
|player|p2
|raw|Meowiekins's rating: 1681 &rarr; <strong>1691<\/strong><br \/>(+10 for winning)
|raw|SSleck's rating: 1485 &rarr; <strong>1476<\/strong><br \/>(-9 for losing)