|join|meowiekins
|join|Kyla's Nightmare
|player|p1|meowiekins|160
|player|p2|Kyla's Nightmare|157
|gametype|singles
|gen|6
|tier|UU
|rule|Sleep Clause Mod: Limit one foe put to sleep
|rule|Species Clause: Limit one of each PokÃ©mon
|rule|OHKO Clause: OHKO moves are banned
|rule|Moody Clause: Moody is banned
|rule|Evasion Moves Clause: Evasion moves are banned
|rule|Endless Battle Clause: Forcing endless battles is banned
|rule|HP Percentage Mod: HP is shown in percentages
|clearpoke
|poke|p1|Mienshao, M
|poke|p1|Machamp, F
|poke|p1|Lucario, F
|poke|p1|Froslass, F
|poke|p1|Aerodactyl, F
|poke|p1|Swampert, F
|poke|p2|Aerodactyl, F
|poke|p2|Forretress, M
|poke|p2|Swampert, M
|poke|p2|Mienshao, M
|poke|p2|Roserade, M
|poke|p2|Florges, F
|rule|Swagger Clause: Swagger is banned
|rule|Baton Pass Clause: Limit one PokÃ©mon knowing Baton Pass
|teampreview
|c|âKyla's Nightmare|nice ct n3rd
|c|âKyla's Nightmare|jk
|
|start
|switch|p1a: Froslass|Froslass, F|344\/344
|switch|p2a: Forre|Forretress, M|353\/353
|turn|1
|
|move|p1a: Froslass|Taunt|p2a: Forre
|-start|p2a: Forre|move: Taunt
|cant|p2a: Forre|move: Taunt|Spikes
|
|turn|2
|
|move|p1a: Froslass|Spikes|p2a: Forre
|-sidestart|p2: Kyla's Nightmare|Spikes
|move|p2a: Forre|Volt Switch|p1a: Froslass
|-damage|p1a: Froslass|293\/344
|-start|p2a: Forre|Disable|Volt Switch
|
|switch|p2a: Ramen Noodles|Mienshao, M|271\/271
|-damage|p2a: Ramen Noodles|238\/271|[from] Spikes
|
|turn|3
|
|switch|p1a: Swampert|Swampert, F|404\/404
|move|p2a: Ramen Noodles|Stone Edge|p1a: Swampert
|-resisted|p1a: Swampert
|-damage|p1a: Swampert|368\/404
|
|-heal|p1a: Swampert|393\/404|[from] item: Leftovers
|turn|4
|
|switch|p2a: Lauren|Roserade, M|262\/262
|-damage|p2a: Lauren|230\/262|[from] Spikes
|move|p1a: Swampert|Stealth Rock|p2a: Lauren
|-sidestart|p2: Kyla's Nightmare|move: Stealth Rock
|
|-heal|p1a: Swampert|404\/404|[from] item: Leftovers
|turn|5
|c|âKyla's Nightmare|meowie stopp
|
|switch|p1a: Froslass|Froslass, F|293\/344
|move|p2a: Lauren|Energy Ball|p1a: Froslass
|-damage|p1a: Froslass|7\/344
|-damage|p2a: Lauren|204\/262|[from] item: Life Orb
|
|turn|6
|c|âmeowiekins|?
|c|âKyla's Nightmare|being good
|
|switch|p1a: Machamp|Machamp, F|384\/384
|switch|p2a: Forre|Forretress, M|353\/353
|-damage|p2a: Forre|309\/353|[from] Spikes
|-damage|p2a: Forre|265\/353|[from] Stealth Rock
|
|-heal|p2a: Forre|287\/353|[from] item: Leftovers
|turn|7
|
|switch|p1a: Froslass|Froslass, F|7\/344
|move|p2a: Forre|Volt Switch|p1a: Froslass
|-damage|p1a: Froslass|0 fnt
|-start|p2a: Forre|Disable|Volt Switch
|faint|p1a: Froslass
|
|switch|p2a: Ramen Noodles|Mienshao, M|238\/271
|-damage|p2a: Ramen Noodles|222\/271|[from] Stealth Rock
|-damage|p2a: Ramen Noodles|189\/271|[from] Spikes
|
|
|switch|p1a: Swampert|Swampert, F|404\/404
|turn|8
|
|move|p2a: Ramen Noodles|U-turn|p1a: Swampert
|-damage|p1a: Swampert|349\/404
|
|switch|p2a: Forre|Forretress, M|287\/353
|-damage|p2a: Forre|243\/353|[from] Spikes
|-damage|p2a: Forre|199\/353|[from] Stealth Rock
|move|p1a: Swampert|Roar|p2a: Forre
|drag|p2a: Lauren|Roserade, M|204\/262
|-damage|p2a: Lauren|172\/262|[from] Spikes
|-damage|p2a: Lauren|140\/262|[from] Stealth Rock
|
|-heal|p1a: Swampert|374\/404|[from] item: Leftovers
|turn|9
|
|switch|p1a: Machamp|Machamp, F|384\/384
|move|p2a: Lauren|Energy Ball|p1a: Machamp
|-damage|p1a: Machamp|231\/384
|-damage|p2a: Lauren|114\/262|[from] item: Life Orb
|
|turn|10
|c|âKyla's Nightmare|meowie plz
|c|âKyla's Nightmare|turn down
|
|move|p2a: Lauren|Synthesis|p2a: Lauren
|-heal|p2a: Lauren|245\/262
|move|p1a: Machamp|Knock Off|p2a: Lauren
|-damage|p2a: Lauren|72\/262
|-enditem|p2a: Lauren|Life Orb|[from] move: Knock Off|[of] p1a: Machamp
|
|turn|11
|c|âmeowiekins|for what
|c|âKyla's Nightmare|meowieeee stahp
|
|move|p2a: Lauren|Synthesis|p2a: Lauren
|-heal|p2a: Lauren|203\/262
|move|p1a: Machamp|Knock Off|p2a: Lauren
|-damage|p2a: Lauren|78\/262
|
|turn|12
|c|âKyla's Nightmare|inb4 5-0
|
|switch|p2a: Forre|Forretress, M|199\/353
|-damage|p2a: Forre|155\/353|[from] Stealth Rock
|-damage|p2a: Forre|111\/353|[from] Spikes
|move|p1a: Machamp|Knock Off|p2a: Forre
|-damage|p2a: Forre|21\/353
|-enditem|p2a: Forre|Leftovers|[from] move: Knock Off|[of] p1a: Machamp
|
|turn|13
|
|move|p1a: Machamp|Knock Off|p2a: Forre
|-damage|p2a: Forre|0 fnt
|faint|p2a: Forre
|
|
|switch|p2a: Ugly Duckling|Florges, F|360\/360
|-damage|p2a: Ugly Duckling|315\/360|[from] Spikes
|-damage|p2a: Ugly Duckling|270\/360|[from] Stealth Rock
|turn|14
|c|âKyla's Nightmare|heres the 5-0 fory ou
|
|move|p2a: Ugly Duckling|Moonblast|p1a: Machamp
|-supereffective|p1a: Machamp
|-damage|p1a: Machamp|31\/384
|move|p1a: Machamp|Heavy Slam|p2a: Ugly Duckling
|-supereffective|p2a: Ugly Duckling
|-damage|p2a: Ugly Duckling|0 fnt
|faint|p2a: Ugly Duckling
|
|c|âKyla's Nightmare|rite here
|
|switch|p2a: Lauren|Roserade, M|78\/262
|-damage|p2a: Lauren|46\/262|[from] Spikes
|-damage|p2a: Lauren|14\/262|[from] Stealth Rock
|turn|15
|
|move|p1a: Machamp|Bullet Punch|p2a: Lauren
|-damage|p2a: Lauren|0 fnt
|faint|p2a: Lauren
|
|
|switch|p2a: Clyde|Swampert, M|401\/401
|-damage|p2a: Clyde|376\/401|[from] Stealth Rock
|-damage|p2a: Clyde|326\/401|[from] Spikes
|turn|16
|c|âKyla's Nightmare|deal maximum dmg meowie
|c|âKyla's Nightmare|crit clyde
|
|move|p1a: Machamp|Close Combat|p2a: Clyde
|-damage|p2a: Clyde|151\/401
|-unboost|p1a: Machamp|def|1
|-unboost|p1a: Machamp|spd|1
|move|p2a: Clyde|Ice Beam|p1a: Machamp
|-damage|p1a: Machamp|0 fnt
|faint|p1a: Machamp
|
|-heal|p2a: Clyde|176\/401|[from] item: Leftovers
|c|âKyla's Nightmare|crit him
|
|switch|p1a: Lucario|Lucario, F|281\/281
|turn|17
|c|âKyla's Nightmare|meowie u failed
|
|move|p1a: Lucario|Close Combat|p2a: Clyde
|-damage|p2a: Clyde|0 fnt
|-unboost|p1a: Lucario|def|1
|-unboost|p1a: Lucario|spd|1
|-damage|p1a: Lucario|253\/281|[from] item: Life Orb
|faint|p2a: Clyde
|
|
|switch|p2a: Marty|Aerodactyl, F|301\/301
|-damage|p2a: Marty|226\/301|[from] Stealth Rock
|-ability|p2a: Marty|Pressure
|turn|18
|c|âmeowiekins|i will win
|c|âKyla's Nightmare|ik
|c|âmeowiekins|thatts all
|c|âKyla's Nightmare|you will
|c|âmeowiekins|that matter
|
|switch|p1a: Swampert|Swampert, F|374\/404
|detailschange|p2a: Marty|Aerodactyl-Mega, F
|message|Aerodactyl has Mega Evolved into Mega Aerodactyl!
|move|p2a: Marty|Earthquake|p1a: Swampert
|-damage|p1a: Swampert|281\/404
|
|-heal|p1a: Swampert|306\/404|[from] item: Leftovers
|turn|19
|c|âKyla's Nightmare|because you are better than me in every way
|
|move|p2a: Marty|Aerial Ace|p1a: Swampert
|-damage|p1a: Swampert|185\/404
|move|p1a: Swampert|Scald|p2a: Marty
|-supereffective|p2a: Marty
|-damage|p2a: Marty|64\/301
|
|-heal|p1a: Swampert|210\/404|[from] item: Leftovers
|turn|20
|
|move|p2a: Marty|Aerial Ace|p1a: Swampert
|-damage|p1a: Swampert|78\/404
|move|p1a: Swampert|Scald|p2a: Marty
|-crit|p2a: Marty
|-supereffective|p2a: Marty
|-damage|p2a: Marty|0 fnt
|faint|p2a: Marty
|
|-heal|p1a: Swampert|103\/404|[from] item: Leftovers
|c|âKyla's Nightmare|c'mon meowie
|c|âKyla's Nightmare|were was that brun
|c|âmeowiekins|idk
|
|switch|p2a: Ramen Noodles|Mienshao, M|189\/271
|-damage|p2a: Ramen Noodles|156\/271|[from] Spikes
|-damage|p2a: Ramen Noodles|140\/271|[from] Stealth Rock
|turn|21
|
|move|p2a: Ramen Noodles|High Jump Kick|p1a: Swampert
|-damage|p1a: Swampert|0 fnt
|faint|p1a: Swampert
|
|c|âmeowiekins|miss
|c|âKyla's Nightmare|cmon meowie
|c|âKyla's Nightmare|crit him
|
|switch|p1a: Mienshao|Mienshao, M|271\/271
|turn|22
|c|âKyla's Nightmare|crit miensahao
|
|move|p1a: Mienshao|U-turn|p2a: Ramen Noodles
|-resisted|p2a: Ramen Noodles
|-damage|p2a: Ramen Noodles|74\/271
|
|switch|p1a: Aerodactyl|Aerodactyl, F|343\/343
|-ability|p1a: Aerodactyl|Pressure
|move|p2a: Ramen Noodles|High Jump Kick|p1a: Aerodactyl
|-damage|p1a: Aerodactyl|34\/343
|
|turn|23
|
|detailschange|p1a: Aerodactyl|Aerodactyl-Mega, F
|message|Aerodactyl has Mega Evolved into Mega Aerodactyl!
|move|p2a: Ramen Noodles|High Jump Kick|p1a: Aerodactyl|[miss]
|-miss|p2a: Ramen Noodles|p1a: Aerodactyl
|-damage|p2a: Ramen Noodles|0 fnt|[from] highjumpkick
|faint|p2a: Ramen Noodles
|
|win|meowiekins