|join|King UU
|join|Meowiekins
|player|p1|King UU|22
|player|p2|Meowiekins|160
|gametype|singles
|gen|6
|tier|UU
|rule|Sleep Clause Mod: Limit one foe put to sleep
|rule|Species Clause: Limit one of each PokÃ©mon
|rule|OHKO Clause: OHKO moves are banned
|rule|Moody Clause: Moody is banned
|rule|Evasion Moves Clause: Evasion moves are banned
|rule|Endless Battle Clause: Forcing endless battles is banned
|rule|HP Percentage Mod: HP is shown in percentages
|clearpoke
|poke|p1|Zygarde
|poke|p1|Cresselia, F
|poke|p1|Snorlax, M
|poke|p1|Empoleon, F
|poke|p1|Absol, F
|poke|p1|Yanmega, F
|poke|p2|Mienshao, F
|poke|p2|Machamp, F
|poke|p2|Lucario, F
|poke|p2|Froslass, F
|poke|p2|Aerodactyl, M
|poke|p2|Swampert, M
|rule|Swagger Clause: Swagger is banned
|rule|Baton Pass Clause: Limit one PokÃ©mon knowing Baton Pass
|teampreview
|join|ooh keil em
|join|DrReuniclus3
|c|âMeowiekins|this is not a very good matchup
|c|âMeowiekins|lol
|c|âKing UU|3 fighting types
|c|âKing UU|what to you expect my dear friend
|c|âKing UU|do*
|
|start
|switch|p1a: Yanmega|Yanmega, F|313\/313
|switch|p2a: Froslass|Froslass, F|344\/344
|turn|1
|
|move|p2a: Froslass|Spikes|p1a: Yanmega
|-sidestart|p1: King UU|Spikes
|move|p1a: Yanmega|Air Slash|p2a: Froslass
|-crit|p2a: Froslass
|-damage|p2a: Froslass|16\/344
|-damage|p1a: Yanmega|282\/313|[from] item: Life Orb
|
|-boost|p1a: Yanmega|spe|1|[from] ability: Speed Boost
|turn|2
|join|you fag lmoa
|
|move|p1a: Yanmega|Air Slash|p2a: Froslass
|-damage|p2a: Froslass|0 fnt
|-damage|p1a: Yanmega|251\/313|[from] item: Life Orb
|faint|p2a: Froslass
|
|-boost|p1a: Yanmega|spe|1|[from] ability: Speed Boost
|
|switch|p2a: Aerodactyl|Aerodactyl, M|311\/311
|-ability|p2a: Aerodactyl|Pressure
|turn|3
|join|GetCressedNerd
|join|buttdip
|join|secret kekleon
|
|detailschange|p2a: Aerodactyl|Aerodactyl-Mega, M
|-mega|p2a: Aerodactyl|Aerodactyl|Aerodactylite
|move|p1a: Yanmega|Protect|p1a: Yanmega
|-singleturn|p1a: Yanmega|Protect
|move|p2a: Aerodactyl|Aerial Ace|p1a: Yanmega
|-activate|p1a: Yanmega|Protect
|
|-boost|p1a: Yanmega|spe|1|[from] ability: Speed Boost
|turn|4
|
|switch|p1a: Empoleon|Empoleon, F|372\/372
|-damage|p1a: Empoleon|326\/372|[from] Spikes
|switch|p2a: Machamp|Machamp, F|384\/384
|
|-heal|p1a: Empoleon|349\/372|[from] item: Leftovers
|turn|5
|
|switch|p1a: Cresselia|Cresselia, F|444\/444
|move|p2a: Machamp|Knock Off|p1a: Cresselia
|-supereffective|p1a: Cresselia
|-damage|p1a: Cresselia|286\/444
|-enditem|p1a: Cresselia|Leftovers|[from] move: Knock Off|[of] p2a: Machamp
|
|turn|6
|
|switch|p2a: Aerodactyl|Aerodactyl-Mega, M|311\/311
|move|p1a: Cresselia|Calm Mind|p1a: Cresselia
|-boost|p1a: Cresselia|spa|1
|-boost|p1a: Cresselia|spd|1
|
|turn|7
|
|move|p2a: Aerodactyl|Taunt|p1a: Cresselia
|-start|p1a: Cresselia|move: Taunt
|move|p1a: Cresselia|Psyshock|p2a: Aerodactyl
|-damage|p2a: Aerodactyl|190\/311
|
|turn|8
|
|move|p2a: Aerodactyl|Aerial Ace|p1a: Cresselia
|-damage|p1a: Cresselia|183\/444
|move|p1a: Cresselia|Psyshock|p2a: Aerodactyl
|-damage|p2a: Aerodactyl|55\/311
|
|turn|9
|join|Cautious
|
|move|p2a: Aerodactyl|Aerial Ace|p1a: Cresselia
|-damage|p1a: Cresselia|80\/444
|move|p1a: Cresselia|Moonblast|p2a: Aerodactyl
|-damage|p2a: Aerodactyl|0 fnt
|faint|p2a: Aerodactyl
|
|-end|p1a: Cresselia|move: Taunt
|
|switch|p2a: Mienshao|Mienshao, F|271\/271
|turn|10
|join|Goyim UU
|leave|Goyim UU
|
|move|p2a: Mienshao|U-turn|p1a: Cresselia
|-supereffective|p1a: Cresselia
|-damage|p1a: Cresselia|0 fnt
|faint|p1a: Cresselia
|join|Goyim UU
|c| Goyim UU|muh shekels
|
|switch|p2a: Swampert|Swampert, M|404\/404
|
|
|switch|p1a: Yanmega|Yanmega, F|251\/313
|turn|11
|
|move|p1a: Yanmega|Giga Drain|p2a: Swampert
|-supereffective|p2a: Swampert
|-damage|p2a: Swampert|0 fnt
|-heal|p1a: Yanmega|313\/313|[from] drain|[of] p2a: Swampert
|-damage|p1a: Yanmega|282\/313|[from] item: Life Orb
|faint|p2a: Swampert
|
|-boost|p1a: Yanmega|spe|1|[from] ability: Speed Boost
|
|switch|p2a: Machamp|Machamp, F|384\/384
|turn|12
|
|move|p1a: Yanmega|Air Slash|p2a: Machamp
|-supereffective|p2a: Machamp
|-damage|p2a: Machamp|116\/384
|-damage|p1a: Yanmega|251\/313|[from] item: Life Orb
|move|p2a: Machamp|Knock Off|p1a: Yanmega
|-damage|p1a: Yanmega|114\/313
|-enditem|p1a: Yanmega|Life Orb|[from] move: Knock Off|[of] p2a: Machamp
|
|-boost|p1a: Yanmega|spe|1|[from] ability: Speed Boost
|turn|13
|c| Goyim UU|that over predict tho
|c|âMeowiekins|no
|c| Goyim UU|nvr mind
|c|âMeowiekins|i was foddering it
|
|move|p2a: Machamp|Bullet Punch|p1a: Yanmega
|-damage|p1a: Yanmega|58\/313
|move|p1a: Yanmega|Air Slash|p2a: Machamp
|-supereffective|p2a: Machamp
|-damage|p2a: Machamp|0 fnt
|faint|p2a: Machamp
|
|-boost|p1a: Yanmega|spe|1|[from] ability: Speed Boost
|join|Odell Beckham Jr.
|
|switch|p2a: Lucario|Lucario, F|281\/281
|turn|14
|
|move|p2a: Lucario|Extreme Speed|p1a: Yanmega
|-damage|p1a: Yanmega|0 fnt
|-damage|p2a: Lucario|253\/281|[from] item: Life Orb
|faint|p1a: Yanmega
|
|join|thisbemyfault
|
|switch|p1a: Zygarde|Zygarde|357\/357
|-damage|p1a: Zygarde|313\/357|[from] Spikes
|-ability|p1a: Zygarde|Aura Break
|turn|15
|
|move|p1a: Zygarde|Earthquake|p2a: Lucario
|-supereffective|p2a: Lucario
|-damage|p2a: Lucario|0 fnt
|-damage|p1a: Zygarde|278\/357|[from] item: Life Orb
|faint|p2a: Lucario
|
|
|switch|p2a: Mienshao|Mienshao, F|271\/271
|turn|16
|c|âMeowiekins|gg
|
|move|p2a: Mienshao|High Jump Kick|p1a: Zygarde
|-damage|p1a: Zygarde|44\/357
|move|p1a: Zygarde|Earthquake|p2a: Mienshao
|-damage|p2a: Mienshao|0 fnt
|-damage|p1a: Zygarde|9\/357|[from] item: Life Orb
|faint|p2a: Mienshao
|
|win|King UU
|leave|thisbemyfault
|c|âKing UU|gg
|leave|Meowiekins
|player|p2
|leave|King UU
|player|p1
|leave|Goyim UU
|leave|Odell Beckham Jr.