|join|meowiekins
|join|SmashBrosBrawl
|player|p1|meowiekins|160
|player|p2|SmashBrosBrawl|2
|gametype|singles
|gen|6
|tier|UU
|rule|Sleep Clause Mod: Limit one foe put to sleep
|rule|Species Clause: Limit one of each PokÃ©mon
|rule|OHKO Clause: OHKO moves are banned
|rule|Moody Clause: Moody is banned
|rule|Evasion Moves Clause: Evasion moves are banned
|rule|Endless Battle Clause: Forcing endless battles is banned
|rule|HP Percentage Mod: HP is shown in percentages
|clearpoke
|poke|p1|Mienshao, F
|poke|p1|Machamp, F
|poke|p1|Lucario, M
|poke|p1|Froslass, F
|poke|p1|Aerodactyl, M
|poke|p1|Swampert, M
|poke|p2|Zygarde
|poke|p2|Serperior, M
|poke|p2|Milotic, M
|poke|p2|Eelektross, M
|poke|p2|Steelix, F
|poke|p2|Arbok, F
|rule|Swagger Clause: Swagger is banned
|rule|Baton Pass Clause: Limit one PokÃ©mon knowing Baton Pass
|teampreview
|join|Frickett
|c|âmeowiekins|oh
|c|âmeowiekins|snakes
|c|âmeowiekins|right
|
|start
|switch|p1a: Froslass|Froslass, F|344\/344
|switch|p2a: Eelektross|Eelektross, M|371\/371
|turn|1
|
|move|p1a: Froslass|Spikes|p2a: Eelektross
|-sidestart|p2: SmashBrosBrawl|Spikes
|move|p2a: Eelektross|Volt Switch|p1a: Froslass
|-damage|p1a: Froslass|191\/344
|join|10 to 10
|leave|10 to 10
|join|10 to 10
|
|switch|p2a: Serperior|Serperior, M|354\/354
|-damage|p2a: Serperior|310\/354|[from] Spikes
|
|turn|2
|
|switch|p1a: Aerodactyl|Aerodactyl, M|311\/311
|-ability|p1a: Aerodactyl|Pressure
|move|p2a: Serperior|Knock Off|p1a: Aerodactyl
|-damage|p1a: Aerodactyl|257\/311
|
|turn|3
|
|switch|p2a: Steelix|Steelix, F|354\/354
|-damage|p2a: Steelix|310\/354|[from] Spikes
|detailschange|p1a: Aerodactyl|Aerodactyl-Mega, M
|message|Aerodactyl has Mega Evolved into Mega Aerodactyl!
|move|p1a: Aerodactyl|Aerial Ace|p2a: Steelix
|-resisted|p2a: Steelix
|-damage|p2a: Steelix|272\/354
|
|turn|4
|
|switch|p1a: Swampert|Swampert, M|404\/404
|detailschange|p2a: Steelix|Steelix-Mega, F
|message|Steelix has Mega Evolved into Mega Steelix!
|move|p2a: Steelix|Stealth Rock|p1a: Swampert
|-sidestart|p1: meowiekins|move: Stealth Rock
|
|turn|5
|
|switch|p2a: Serperior|Serperior, M|310\/354
|-damage|p2a: Serperior|266\/354|[from] Spikes
|move|p1a: Swampert|Stealth Rock|p2a: Serperior
|-sidestart|p2: SmashBrosBrawl|move: Stealth Rock
|
|turn|6
|
|switch|p1a: Aerodactyl|Aerodactyl-Mega, M|257\/311
|-damage|p1a: Aerodactyl|180\/311|[from] Stealth Rock
|move|p2a: Serperior|Glare|p1a: Aerodactyl
|-status|p1a: Aerodactyl|par
|
|turn|7
|c|âmeowiekins|oh
|c|âSmashBrosBrawl|gottem
|
|move|p2a: Serperior|Reflect|p2a: Serperior
|-sidestart|p2: SmashBrosBrawl|Reflect
|cant|p1a: Aerodactyl|par
|
|turn|8
|c|âmeowiekins|rip
|
|switch|p2a: Zygarde|Zygarde|420\/420
|-damage|p2a: Zygarde|368\/420|[from] Spikes
|-damage|p2a: Zygarde|342\/420|[from] Stealth Rock
|-ability|p2a: Zygarde|Aura Break
|move|p1a: Aerodactyl|Aerial Ace|p2a: Zygarde
|-crit|p2a: Zygarde
|-damage|p2a: Zygarde|164\/420
|
|-heal|p2a: Zygarde|190\/420|[from] item: Leftovers
|turn|9
|c|âmeowiekins|ez
|c|âSmashBrosBrawl|z
|
|move|p2a: Zygarde|Coil|p2a: Zygarde
|-boost|p2a: Zygarde|atk|1
|-boost|p2a: Zygarde|def|1
|-boost|p2a: Zygarde|accuracy|1
|move|p1a: Aerodactyl|Taunt|p2a: Zygarde
|-start|p2a: Zygarde|move: Taunt
|
|-heal|p2a: Zygarde|216\/420|[from] item: Leftovers
|turn|10
|
|move|p1a: Aerodactyl|Aerial Ace|p2a: Zygarde
|-damage|p2a: Zygarde|177\/420
|move|p2a: Zygarde|Dragon Tail|p1a: Aerodactyl
|-damage|p1a: Aerodactyl|66\/311 par
|drag|p1a: Mienshao|Mienshao, F|271\/271
|-damage|p1a: Mienshao|255\/271|[from] Stealth Rock
|
|-heal|p2a: Zygarde|203\/420|[from] item: Leftovers
|turn|11
|c|âSmashBrosBrawl|that crt rly
|c|âSmashBrosBrawl|saved ur ass
|
|move|p1a: Mienshao|U-turn|p2a: Zygarde
|-damage|p2a: Zygarde|182\/420
|
|switch|p1a: Aerodactyl|Aerodactyl-Mega, M|66\/311 par
|-damage|p1a: Aerodactyl|0 fnt|[from] Stealth Rock
|faint|p1a: Aerodactyl
|move|p2a: Zygarde|Dragon Tail|p1: Aerodactyl|[notarget]
|-notarget
|
|-heal|p2a: Zygarde|208\/420|[from] item: Leftovers
|
|switch|p1a: Froslass|Froslass, F|191\/344
|-damage|p1a: Froslass|105\/344|[from] Stealth Rock
|turn|12
|
|switch|p2a: Serperior|Serperior, M|266\/354
|-damage|p2a: Serperior|222\/354|[from] Stealth Rock
|-damage|p2a: Serperior|178\/354|[from] Spikes
|move|p1a: Froslass|Icy Wind|p2a: Serperior
|-supereffective|p2a: Serperior
|-damage|p2a: Serperior|62\/354
|-unboost|p2a: Serperior|spe|1
|
|turn|13
|join|WallyTheSmogonite
|
|switch|p1a: Machamp|Machamp, F|384\/384
|-damage|p1a: Machamp|360\/384|[from] Stealth Rock
|move|p2a: Serperior|Knock Off|p1a: Machamp
|-resisted|p1a: Machamp
|-damage|p1a: Machamp|321\/384
|-enditem|p1a: Machamp|Assault Vest|[from] move: Knock Off|[of] p2a: Serperior
|
|turn|14
|join|Mann's Bridge
|
|move|p2a: Serperior|Light Screen|p2a: Serperior
|-sidestart|p2: SmashBrosBrawl|move: Light Screen
|move|p1a: Machamp|Close Combat|p2a: Serperior
|-damage|p2a: Serperior|0 fnt
|-unboost|p1a: Machamp|def|1
|-unboost|p1a: Machamp|spd|1
|faint|p2a: Serperior
|
|-sideend|p2: SmashBrosBrawl|Reflect
|c|âmeowiekins|was really expecting glare there
|
|switch|p2a: Arbok|Arbok, F|324\/324
|-damage|p2a: Arbok|284\/324|[from] Spikes
|-damage|p2a: Arbok|244\/324|[from] Stealth Rock
|-ability|p2a: Arbok|Intimidate|[of] p1a: Machamp
|-unboost|p1a: Machamp|atk|1
|turn|15
|c| Mann's Bridge|oml
|c| Mann's Bridge|snake
|
|switch|p1a: Swampert|Swampert, M|404\/404
|-damage|p1a: Swampert|379\/404|[from] Stealth Rock
|move|p2a: Arbok|Coil|p2a: Arbok
|-boost|p2a: Arbok|atk|1
|-boost|p2a: Arbok|def|1
|-boost|p2a: Arbok|accuracy|1
|
|-heal|p2a: Arbok|264\/324|[from] item: Black Sludge
|-heal|p1a: Swampert|404\/404|[from] item: Leftovers
|turn|16
|c| Mann's Bridge|snaaaaaake
|c| Mann's Bridge|snaAAAAAAAAAAAAAAKE
|
|switch|p2a: Eelektross|Eelektross, M|371\/371
|-damage|p2a: Eelektross|325\/371|[from] Stealth Rock
|move|p1a: Swampert|Earthquake|p2a: Eelektross
|-immune|p2a: Eelektross|[msg]
|
|turn|17
|
|switch|p1a: Froslass|Froslass, F|105\/344
|-damage|p1a: Froslass|19\/344|[from] Stealth Rock
|move|p2a: Eelektross|Grass Knot|p1a: Froslass
|-damage|p1a: Froslass|0 fnt
|-start|p2a: Eelektross|Disable|Grass Knot
|faint|p1a: Froslass
|
|c|âSmashBrosBrawl|o
|c|âSmashBrosBrawl|crap
|c|âmeowiekins|youre
|c|âmeowiekins|trying to ruse
|c|âmeowiekins|you cant fool me
|c|âSmashBrosBrawl|nig
|c|âSmashBrosBrawl|you fucking
|c|âSmashBrosBrawl|crt my zyg
|c|âSmashBrosBrawl|and thats the only reason
|c|âSmashBrosBrawl|you didnt lost already
|c|âSmashBrosBrawl|to MONO SNAKE
|c|âSmashBrosBrawl|god this tier is so garb
|join|Jabby
|join|Meruu
|c| Meruu|sbb
|c| Meruu|is literally
|c| Meruu|ass
|join|LessThanThreeMan
|join|PLOF
|c| Jabby|the snakes
|c|âSmashBrosBrawl|zygarde
|c| Jabby|do not fail me
|c|âSmashBrosBrawl|is broke
|c| PLOF|LOL
|c| PLOF|snake team
|c|âmeowiekins|sorry
|c|âmeowiekins|internet die
|c|âSmashBrosBrawl|yet u never dced
|
|switch|p1a: Machamp|Machamp, F|321\/384
|-damage|p1a: Machamp|297\/384|[from] Stealth Rock
|turn|18
|c|âmeowiekins|trust me
|c|âmeowiekins|it died
|
|move|p1a: Machamp|Close Combat|p2a: Eelektross
|-damage|p2a: Eelektross|63\/371
|-unboost|p1a: Machamp|def|1
|-unboost|p1a: Machamp|spd|1
|move|p2a: Eelektross|Volt Switch|p1a: Machamp
|-damage|p1a: Machamp|99\/384
|
|switch|p2a: Arbok|Arbok, F|264\/324
|-damage|p2a: Arbok|224\/324|[from] Spikes
|-damage|p2a: Arbok|184\/324|[from] Stealth Rock
|-ability|p2a: Arbok|Intimidate|[of] p1a: Machamp
|-unboost|p1a: Machamp|atk|1
|
|-heal|p2a: Arbok|204\/324|[from] item: Black Sludge
|turn|19
|
|move|p2a: Arbok|Gunk Shot|p1a: Machamp
|-damage|p1a: Machamp|0 fnt
|faint|p1a: Machamp
|
|-heal|p2a: Arbok|224\/324|[from] item: Black Sludge
|
|switch|p1a: Swampert|Swampert, M|404\/404
|-damage|p1a: Swampert|379\/404|[from] Stealth Rock
|turn|20
|
|switch|p2a: Milotic|Milotic, M|394\/394
|-damage|p2a: Milotic|345\/394|[from] Spikes
|-damage|p2a: Milotic|296\/394|[from] Stealth Rock
|move|p1a: Swampert|Scald|p2a: Milotic
|-resisted|p2a: Milotic
|-damage|p2a: Milotic|279\/394
|
|-heal|p2a: Milotic|303\/394|[from] item: Leftovers
|-heal|p1a: Swampert|404\/404|[from] item: Leftovers
|turn|21
|
|move|p2a: Milotic|Toxic|p1a: Swampert
|-status|p1a: Swampert|tox
|move|p1a: Swampert|Earthquake|p2a: Milotic
|-damage|p2a: Milotic|203\/394
|
|-heal|p2a: Milotic|227\/394|[from] item: Leftovers
|-damage|p1a: Swampert|379\/404 tox|[from] psn
|-sideend|p2: SmashBrosBrawl|move: Light Screen
|turn|22
|
|move|p2a: Milotic|Recover|p2a: Milotic
|-heal|p2a: Milotic|394\/394
|move|p1a: Swampert|Roar|p2a: Milotic
|drag|p2a: Steelix|Steelix-Mega, F|272\/354
|-damage|p2a: Steelix|261\/354|[from] Stealth Rock
|-damage|p2a: Steelix|217\/354|[from] Spikes
|
|-heal|p1a: Swampert|404\/404 tox|[from] item: Leftovers
|-damage|p1a: Swampert|354\/404 tox|[from] psn
|turn|23
|
|move|p2a: Steelix|Earthquake|p1a: Swampert
|-damage|p1a: Swampert|200\/404 tox
|move|p1a: Swampert|Roar|p2a: Steelix
|drag|p2a: Milotic|Milotic, M|394\/394
|-damage|p2a: Milotic|345\/394|[from] Stealth Rock
|-damage|p2a: Milotic|296\/394|[from] Spikes
|
|-heal|p2a: Milotic|320\/394|[from] item: Leftovers
|-heal|p1a: Swampert|225\/404 tox|[from] item: Leftovers
|-damage|p1a: Swampert|150\/404 tox|[from] psn
|turn|24
|join|dodmen
|leave|Meruu
|
|move|p2a: Milotic|Scald|p1a: Swampert
|-damage|p1a: Swampert|47\/404 tox
|move|p1a: Swampert|Earthquake|p2a: Milotic
|-damage|p2a: Milotic|214\/394
|
|-heal|p2a: Milotic|238\/394|[from] item: Leftovers
|-heal|p1a: Swampert|72\/404 tox|[from] item: Leftovers
|-damage|p1a: Swampert|0 fnt|[from] psn
|faint|p1a: Swampert
|
|switch|p1a: Lucario|Lucario, M|281\/281
|-damage|p1a: Lucario|273\/281|[from] Stealth Rock
|turn|25
|
|move|p1a: Lucario|Swords Dance|p1a: Lucario
|-boost|p1a: Lucario|atk|2
|move|p2a: Milotic|Scald|p1a: Lucario
|-damage|p1a: Lucario|156\/281
|-status|p1a: Lucario|brn
|
|-heal|p2a: Milotic|262\/394|[from] item: Leftovers
|-damage|p1a: Lucario|121\/281 brn|[from] brn
|turn|26
|c| WallyTheSmogonite|I hope Mono Snake takes the tourney
|c|âmeowiekins|gg
|
|move|p1a: Lucario|Close Combat|p2a: Milotic
|-damage|p2a: Milotic|50\/394
|-unboost|p1a: Lucario|def|1
|-unboost|p1a: Lucario|spd|1
|-damage|p1a: Lucario|93\/281 brn|[from] item: Life Orb
|move|p2a: Milotic|Recover|p2a: Milotic
|-heal|p2a: Milotic|247\/394
|
|-heal|p2a: Milotic|271\/394|[from] item: Leftovers
|-damage|p1a: Lucario|58\/281 brn|[from] brn
|turn|27
|
|move|p1a: Lucario|Close Combat|p2a: Milotic
|-damage|p2a: Milotic|24\/394
|-unboost|p1a: Lucario|def|1
|-unboost|p1a: Lucario|spd|1
|-damage|p1a: Lucario|30\/281 brn|[from] item: Life Orb
|move|p2a: Milotic|Scald|p1a: Lucario
|-damage|p1a: Lucario|0 fnt
|faint|p1a: Lucario
|
|-heal|p2a: Milotic|48\/394|[from] item: Leftovers
|c| dodmen|sd
|
|switch|p1a: Mienshao|Mienshao, F|255\/271
|-damage|p1a: Mienshao|239\/271|[from] Stealth Rock
|turn|28
|
|move|p1a: Mienshao|High Jump Kick|p2a: Milotic
|-damage|p2a: Milotic|0 fnt
|faint|p2a: Milotic
|
|
|switch|p2a: Arbok|Arbok, F|224\/324
|-damage|p2a: Arbok|184\/324|[from] Stealth Rock
|-damage|p2a: Arbok|144\/324|[from] Spikes
|-ability|p2a: Arbok|Intimidate|[of] p1a: Mienshao
|-unboost|p1a: Mienshao|atk|1
|turn|29
|
|move|p1a: Mienshao|High Jump Kick|p2a: Arbok
|-resisted|p2a: Arbok
|-damage|p2a: Arbok|28\/324
|move|p2a: Arbok|Earthquake|p1a: Mienshao
|-damage|p1a: Mienshao|132\/271
|
|-heal|p2a: Arbok|48\/324|[from] item: Black Sludge
|turn|30
|
|move|p1a: Mienshao|High Jump Kick|p2a: Arbok
|-resisted|p2a: Arbok
|-damage|p2a: Arbok|0 fnt
|faint|p2a: Arbok
|
|
|switch|p2a: Zygarde|Zygarde|208\/420
|-damage|p2a: Zygarde|182\/420|[from] Stealth Rock
|-damage|p2a: Zygarde|130\/420|[from] Spikes
|-ability|p2a: Zygarde|Aura Break
|turn|31
|c|âmeowiekins|oh can this happen
|c|âSmashBrosBrawl|no
|
|move|p1a: Mienshao|High Jump Kick|p2a: Zygarde|[miss]
|-miss|p1a: Mienshao|p2a: Zygarde
|-damage|p1a: Mienshao|0 fnt|[from] highjumpkick
|faint|p1a: Mienshao
|
|win|SmashBrosBrawl
|c|âmeowiekins|lol
|c|âmeowiekins|nb
|c|âmeowiekins|gg
|c| dodmen|called it!
|leave|SmashBrosBrawl
|player|p2
|c| LessThanThreeMan|lol
|leave|LessThanThreeMan
|leave|dodmen