|join|Yun0 Gasai
|join|Meowiekins
|player|p1|Yun0 Gasai|266
|player|p2|Meowiekins|160
|gametype|singles
|gen|6
|tier|UU
|rule|Sleep Clause Mod: Limit one foe put to sleep
|rule|Species Clause: Limit one of each PokÃ©mon
|rule|OHKO Clause: OHKO moves are banned
|rule|Moody Clause: Moody is banned
|rule|Evasion Moves Clause: Evasion moves are banned
|rule|Endless Battle Clause: Forcing endless battles is banned
|rule|HP Percentage Mod: HP is shown in percentages
|clearpoke
|poke|p1|Infernape, F
|poke|p1|Azelf
|poke|p1|Suicune
|poke|p1|Raikou
|poke|p1|Gallade, M
|poke|p1|Krookodile, F
|poke|p2|Shedinja
|poke|p2|Aggron, F
|poke|p2|Tentacruel, F
|poke|p2|Aromatisse, F
|poke|p2|Xatu, F
|poke|p2|Snorlax, F
|rule|Swagger Clause: Swagger is banned
|rule|Baton Pass Clause: Limit one PokÃ©mon knowing Baton Pass
|teampreview
|join|xMarth
|
|start
|switch|p1a: croc|Krookodile, F|331\/331
|switch|p2a: Aggron|Aggron, F|344\/344
|-ability|p1a: croc|Intimidate|[of] p2a: Aggron
|-unboost|p2a: Aggron|atk|1
|turn|1
|join|dodmen
|c| dodmen|oh
|c| dodmen|nice ez win
|
|switch|p2a: Aromatisse|Aromatisse, F|406\/406
|move|p1a: croc|Taunt|p2a: Aromatisse
|-fail|p2a: Aromatisse
|
|turn|2
|
|move|p1a: croc|Knock Off|p2a: Aromatisse
|-resisted|p2a: Aromatisse
|-damage|p2a: Aromatisse|316\/406
|-enditem|p2a: Aromatisse|Leftovers|[from] move: Knock Off|[of] p1a: croc
|move|p2a: Aromatisse|Moonblast|p1a: croc
|-supereffective|p1a: croc
|-damage|p1a: croc|23\/331
|
|turn|3
|
|switch|p1a: bop|Suicune|399\/399
|-ability|p1a: bop|Pressure
|move|p2a: Aromatisse|Wish|p2a: Aromatisse
|
|turn|4
|c| dodmen|WOW
|c| dodmen|fucking
|c| dodmen|epic
|c| dodmen|nice sheddy check
|c|âYun0 Gasai|nice
|c|âYun0 Gasai|team
|c| dodmen|hello
|c|âYun0 Gasai|rofl
|c|âMeowiekins|thanks
|c|âYun0 Gasai|you have
|c|âYun0 Gasai|no fairy check
|c| dodmen|if you used the one i actually gave you
|c| dodmen|you just
|c|âYun0 Gasai|at all
|c| dodmen|6-0d
|c|âYun0 Gasai|nape doesnt break aroma
|c|âYun0 Gasai|lol
|c| dodmen|ok
|c| dodmen|5-0d
|c|âYun0 Gasai|what
|c|âYun0 Gasai|no
|c| dodmen|with ape + gallade
|
|switch|p1a: SSJ9000|Infernape, F|293\/293
|move|p2a: Aromatisse|Protect|p2a: Aromatisse
|-fail|p2a: Aromatisse
|
|-heal|p2a: Aromatisse|406\/406|[from] move: Wish|[wisher] Aromatisse
|turn|5
|
|switch|p1a: cancer|Azelf|291\/291
|move|p2a: Aromatisse|Wish|p2a: Aromatisse
|
|turn|6
|
|switch|p1a: croc|Krookodile, F|23\/331
|-ability|p1a: croc|Intimidate|[of] p2a: Aromatisse
|-unboost|p2a: Aromatisse|atk|1
|switch|p2a: Xatu|Xatu, F|333\/333
|
|turn|7
|
|move|p1a: croc|Pursuit|p2a: Xatu
|-supereffective|p2a: Xatu
|-damage|p2a: Xatu|189\/333
|-damage|p1a: croc|0 fnt|[from] item: Rocky Helmet|[of] p2a: Xatu
|faint|p1a: croc
|move|p2a: Xatu|Night Shade|p1: croc|[notarget]
|-notarget
|
|c| dodmen|destroyed.
|c|âYun0 Gasai|,
|c|âYun0 Gasai|not even roost
|c|âYun0 Gasai|are you fucking
|c|âYun0 Gasai|retarded
|c| dodmen|forfeit
|c|âYun0 Gasai|lol
|c| dodmen|rite
|c| dodmen|now
|c|âmeowiekins|youre the one
|
|switch|p1a: wtf dodmen LOL|Raikou|321\/321
|-ability|p1a: wtf dodmen LOL|Pressure
|turn|8
|c|âmeowiekins|who let krook
|c|âmeowiekins|eat a moonblast
|c|âmeowiekins|tbf
|
|switch|p1a: cancer|Azelf|291\/291
|switch|p2a: Snorlax|Snorlax, F|497\/497
|
|turn|9
|
|switch|p2a: Aggron|Aggron, F|344\/344
|move|p1a: cancer|Fire Blast|p2a: Aggron
|-damage|p2a: Aggron|220\/344
|
|turn|10
|
|switch|p2a: Aromatisse|Aromatisse, F|406\/406
|move|p1a: cancer|Stealth Rock|p2a: Aromatisse
|-sidestart|p2: Meowiekins|move: Stealth Rock
|
|turn|11
|c|âYun0 Gasai|epic
|
|switch|p1a: bop|Suicune|399\/399
|-ability|p1a: bop|Pressure
|move|p2a: Aromatisse|Moonblast|p1a: bop
|-damage|p1a: bop|291\/399
|-unboost|p1a: bop|spa|1
|
|-heal|p1a: bop|315\/399|[from] item: Leftovers
|turn|12
|join|That did nothing
|
|switch|p1a: broke|Gallade, M|277\/277
|switch|p2a: Tentacruel|Tentacruel, F|364\/364
|-damage|p2a: Tentacruel|319\/364|[from] Stealth Rock
|
|-heal|p2a: Tentacruel|341\/364|[from] item: Black Sludge
|turn|13
|c| dodmen|gg
|
|detailschange|p1a: broke|Gallade-Mega, M
|message|Gallade has Mega Evolved into Mega Gallade!
|move|p1a: broke|Zen Headbutt|p2a: Tentacruel
|-supereffective|p2a: Tentacruel
|-damage|p2a: Tentacruel|27\/364
|move|p2a: Tentacruel|Rapid Spin|p1a: broke
|-damage|p1a: broke|266\/277
|-sideend|p2: Meowiekins|Stealth Rock|[from] move: Rapid Spin|[of] p2a: Tentacruel
|
|-heal|p2a: Tentacruel|49\/364|[from] item: Black Sludge
|turn|14
|c| dodmen|not even sd
|c| dodmen|k
|c|âYun0 Gasai|he has
|c|âYun0 Gasai|sash sheddy
|c|âYun0 Gasai|o-o
|c| dodmen|o-----------o
|
|switch|p2a: Aromatisse|Aromatisse, F|406\/406
|move|p1a: broke|Zen Headbutt|p2a: Aromatisse
|-damage|p2a: Aromatisse|250\/406
|
|turn|15
|c| dodmen|pls sd
|
|move|p1a: broke|Swords Dance|p1a: broke
|-boost|p1a: broke|atk|2
|move|p2a: Aromatisse|Moonblast|p1a: broke
|-supereffective|p1a: broke
|-damage|p1a: broke|62\/277
|
|turn|16
|c|âYun0 Gasai|fine
|c|âYun0 Gasai|nig
|
|switch|p2a: _(ã)_\/Â¯|Shedinja|1\/1
|move|p1a: broke|Zen Headbutt|p2a: _(ã)_\/Â¯
|-activate|p2a: _(ã)_\/Â¯|ability: Wonder Guard
|
|turn|17
|c|âYun0 Gasai|for u
|c| dodmen|that was obbv
|
|move|p1a: broke|Shadow Sneak|p2a: _(ã)_\/Â¯
|-supereffective|p2a: _(ã)_\/Â¯
|-enditem|p2a: _(ã)_\/Â¯|Focus Sash
|-damage|p2a: _(ã)_\/Â¯|1\/1
|move|p2a: _(ã)_\/Â¯|Shadow Sneak|p1a: broke
|-supereffective|p1a: broke
|-damage|p1a: broke|0 fnt
|faint|p1a: broke
|
|
|switch|p1a: SSJ9000|Infernape, F|293\/293
|turn|18
|join|feng the bob
|
|switch|p2a: Tentacruel|Tentacruel, F|49\/364
|move|p1a: SSJ9000|Flare Blitz|p2a: Tentacruel
|-resisted|p2a: Tentacruel
|-damage|p2a: Tentacruel|0 fnt
|-damage|p1a: SSJ9000|277\/293|[from] recoil|[of] p2a: Tentacruel
|-damage|p1a: SSJ9000|248\/293|[from] item: Life Orb
|faint|p2a: Tentacruel
|
|
|switch|p2a: Aromatisse|Aromatisse, F|250\/406
|turn|19
|join|VividLatias
|c| feng the bob|**ã½à¼¼â¥ÙÍâ¥à¼½ï¾ Meowiekins is the man! If no one can do it, Meowiekins can!ã½à¼¼â¥ÙÍâ¥à¼½ï¾**
|c| feng the bob|**ã½à¼¼â¥ÙÍâ¥à¼½ï¾ Meowiekins is the man! If no one can do it, Meowiekins can!ã½à¼¼â¥ÙÍâ¥à¼½ï¾**
|c| feng the bob|**ã½à¼¼â¥ÙÍâ¥à¼½ï¾ Meowiekins is the man! If no one can do it, Meowiekins can!ã½à¼¼â¥ÙÍâ¥à¼½ï¾**
|c| dodmen|fucking sbb
|c| feng the bob|**ã½à¼¼â¥ÙÍâ¥à¼½ï¾ Meowiekins is the man! If no one can do it, Meowiekins can!ã½à¼¼â¥ÙÍâ¥à¼½ï¾**
|c| feng the bob|**ã½à¼¼â¥ÙÍâ¥à¼½ï¾ Meowiekins is the man! If no one can do it, Meowiekins can!ã½à¼¼â¥ÙÍâ¥à¼½ï¾**
|c| feng the bob|**ã½à¼¼â¥ÙÍâ¥à¼½ï¾ Meowiekins is the man! If no one can do it, Meowiekins can!ã½à¼¼â¥ÙÍâ¥à¼½ï¾**
|c| feng the bob|**ã½à¼¼â¥ÙÍâ¥à¼½ï¾ Meowiekins is the man! If no one can do it, Meowiekins can!ã½à¼¼â¥ÙÍâ¥à¼½ï¾**
|c| dodmen|why the hell did you flare blitz
|c| feng the bob|**ã½à¼¼â¥ÙÍâ¥à¼½ï¾ Meowiekins is the man! If no one can do it, Meowiekins can!ã½à¼¼â¥ÙÍâ¥à¼½ï¾**
|c| feng the bob|**ã½à¼¼â¥ÙÍâ¥à¼½ï¾ Meowiekins is the man! If no one can do it, Meowiekins can!ã½à¼¼â¥ÙÍâ¥à¼½ï¾**
|c| feng the bob|**ã½à¼¼â¥ÙÍâ¥à¼½ï¾ Meowiekins is the man! If no one can do it, Meowiekins can!ã½à¼¼â¥ÙÍâ¥à¼½ï¾**
|
|switch|p1a: cancer|Azelf|291\/291
|move|p2a: Aromatisse|Wish|p2a: Aromatisse
|
|turn|20
|c| feng the bob|**ã½à¼¼â¥ÙÍâ¥à¼½ï¾ Meowiekins is the man! If no one can do it, Meowiekins can!ã½à¼¼â¥ÙÍâ¥à¼½ï¾**
|c| feng the bob|**ã½à¼¼â¥ÙÍâ¥à¼½ï¾ Meowiekins is the man! If no one can do it, Meowiekins can!ã½à¼¼â¥ÙÍâ¥à¼½ï¾**
|c| feng the bob|**ã½à¼¼â¥ÙÍâ¥à¼½ï¾ Meowiekins is the man! If no one can do it, Meowiekins can!ã½à¼¼â¥ÙÍâ¥à¼½ï¾**
|c| feng the bob|**ã½à¼¼â¥ÙÍâ¥à¼½ï¾ Meowiekins is the man! If no one can do it, Meowiekins can!ã½à¼¼â¥ÙÍâ¥à¼½ï¾**
|c| feng the bob|**ã½à¼¼â¥ÙÍâ¥à¼½ï¾ Meowiekins is the man! If no one can do it, Meowiekins can!ã½à¼¼â¥ÙÍâ¥à¼½ï¾**
|c| feng the bob|**ã½à¼¼â¥ÙÍâ¥à¼½ï¾ Meowiekins is the man! If no one can do it, Meowiekins can!ã½à¼¼â¥ÙÍâ¥à¼½ï¾**
|c| feng the bob|**ã½à¼¼â¥ÙÍâ¥à¼½ï¾ Meowiekins is the man! If no one can do it, Meowiekins can!ã½à¼¼â¥ÙÍâ¥à¼½ï¾**
|c| feng the bob|**ã½à¼¼â¥ÙÍâ¥à¼½ï¾ Meowiekins is the man! If no one can do it, Meowiekins can!ã½à¼¼â¥ÙÍâ¥à¼½ï¾**
|c| feng the bob|**ã½à¼¼â¥ÙÍâ¥à¼½ï¾ Meowiekins is the man! If no one can do it, Meowiekins can!ã½à¼¼â¥ÙÍâ¥à¼½ï¾**
|c| feng the bob|**ã½à¼¼â¥ÙÍâ¥à¼½ï¾ Meowiekins is the man! If no one can do it, Meowiekins can!ã½à¼¼â¥ÙÍâ¥à¼½ï¾**
|c| feng the bob|**ã½à¼¼â¥ÙÍâ¥à¼½ï¾ Meowiekins is the man! If no one can do it, Meowiekins can!ã½à¼¼â¥ÙÍâ¥à¼½ï¾**
|raw|<div class="broadcast-red"><b>Moderated chat was set to +!<\/b><br \/>Only users of rank + and higher can talk.<\/div>
|
|switch|p1a: wtf dodmen LOL|Raikou|321\/321
|-ability|p1a: wtf dodmen LOL|Pressure
|switch|p2a: Xatu|Xatu, F|189\/333
|
|-heal|p2a: Xatu|333\/333|[from] move: Wish|[wisher] Aromatisse
|turn|21
|
|switch|p1a: SSJ9000|Infernape, F|248\/293
|switch|p2a: _(ã)_\/Â¯|Shedinja|1\/1
|
|turn|22
|
|switch|p2a: Xatu|Xatu, F|333\/333
|move|p1a: SSJ9000|Flare Blitz|p2a: Xatu
|-damage|p2a: Xatu|130\/333
|-damage|p1a: SSJ9000|200\/293|[from] item: Rocky Helmet|[of] p2a: Xatu
|-damage|p1a: SSJ9000|133\/293|[from] recoil|[of] p2a: Xatu
|-damage|p1a: SSJ9000|104\/293|[from] item: Life Orb
|
|turn|23
|join|Donphantastic
|
|switch|p2a: Snorlax|Snorlax, F|497\/497
|move|p1a: SSJ9000|Swords Dance|p1a: SSJ9000
|-boost|p1a: SSJ9000|atk|2
|
|turn|24
|
|switch|p2a: _(ã)_\/Â¯|Shedinja|1\/1
|move|p1a: SSJ9000|Close Combat|p2a: _(ã)_\/Â¯
|-immune|p2a: _(ã)_\/Â¯|[msg]
|
|turn|25
|
|move|p2a: _(ã)_\/Â¯|Shadow Sneak|p1a: SSJ9000
|-damage|p1a: SSJ9000|19\/293
|move|p1a: SSJ9000|Flare Blitz|p2a: _(ã)_\/Â¯
|-supereffective|p2a: _(ã)_\/Â¯
|-damage|p2a: _(ã)_\/Â¯|0 fnt
|-damage|p1a: SSJ9000|18\/293|[from] recoil|[of] p2a: _(ã)_\/Â¯
|-damage|p1a: SSJ9000|0 fnt|[from] item: Life Orb
|faint|p2a: _(ã)_\/Â¯
|faint|p1a: SSJ9000
|
|c|âYun0 Gasai|ebin
|
|switch|p1a: cancer|Azelf|291\/291
|switch|p2a: Aggron|Aggron, F|220\/344
|turn|26
|
|detailschange|p2a: Aggron|Aggron-Mega, F
|message|Aggron has Mega Evolved into Mega Aggron!
|move|p1a: cancer|Taunt|p2a: Aggron
|-start|p2a: Aggron|move: Taunt
|move|p2a: Aggron|Heavy Slam|p1a: cancer
|-damage|p1a: cancer|51\/291
|
|turn|27
|
|move|p1a: cancer|Stealth Rock|p2a: Aggron
|-sidestart|p2: Meowiekins|move: Stealth Rock
|move|p2a: Aggron|Heavy Slam|p1a: cancer
|-crit|p1a: cancer
|-damage|p1a: cancer|0 fnt
|faint|p1a: cancer
|
|
|switch|p1a: bop|Suicune|315\/399
|-ability|p1a: bop|Pressure
|turn|28
|
|move|p1a: bop|Calm Mind|p1a: bop
|-boost|p1a: bop|spa|1
|-boost|p1a: bop|spd|1
|move|p2a: Aggron|Earthquake|p1a: bop
|-damage|p1a: bop|212\/399
|
|-heal|p1a: bop|236\/399|[from] item: Leftovers
|-end|p2a: Aggron|move: Taunt
|turn|29
|
|move|p1a: bop|Hydro Pump|p2a: Aggron|[miss]
|-miss|p1a: bop|p2a: Aggron
|move|p2a: Aggron|Roar|p1a: bop
|drag|p1a: wtf dodmen LOL|Raikou|321\/321
|-ability|p1a: wtf dodmen LOL|Pressure
|
|turn|30
|c|âYun0 Gasai|epic
|
|move|p1a: wtf dodmen LOL|Thunderbolt|p2a: Aggron
|-damage|p2a: Aggron|97\/344
|move|p2a: Aggron|Stealth Rock|p1a: wtf dodmen LOL
|-sidestart|p1: Yun0 Gasai|move: Stealth Rock
|
|turn|31
|
|move|p1a: wtf dodmen LOL|Thunderbolt|p2a: Aggron
|-damage|p2a: Aggron|0 fnt
|faint|p2a: Aggron
|
|
|switch|p2a: Snorlax|Snorlax, F|497\/497
|-damage|p2a: Snorlax|435\/497|[from] Stealth Rock
|turn|32
|
|move|p1a: wtf dodmen LOL|Calm Mind|p1a: wtf dodmen LOL
|-boost|p1a: wtf dodmen LOL|spa|1
|-boost|p1a: wtf dodmen LOL|spd|1
|move|p2a: Snorlax|Curse|p2a: Snorlax
|-boost|p2a: Snorlax|atk|1
|-boost|p2a: Snorlax|def|1
|-unboost|p2a: Snorlax|spe|1
|
|-heal|p2a: Snorlax|466\/497|[from] item: Leftovers
|turn|33
|
|move|p1a: wtf dodmen LOL|Calm Mind|p1a: wtf dodmen LOL
|-boost|p1a: wtf dodmen LOL|spa|1
|-boost|p1a: wtf dodmen LOL|spd|1
|move|p2a: Snorlax|Body Slam|p1a: wtf dodmen LOL
|-damage|p1a: wtf dodmen LOL|110\/321
|
|-heal|p1a: wtf dodmen LOL|130\/321|[from] item: Leftovers
|-heal|p2a: Snorlax|497\/497|[from] item: Leftovers
|turn|34
|
|move|p1a: wtf dodmen LOL|Thunderbolt|p2a: Snorlax
|-damage|p2a: Snorlax|272\/497
|move|p2a: Snorlax|Body Slam|p1a: wtf dodmen LOL
|-damage|p1a: wtf dodmen LOL|0 fnt
|faint|p1a: wtf dodmen LOL
|
|-heal|p2a: Snorlax|303\/497|[from] item: Leftovers
|
|switch|p1a: bop|Suicune|236\/399
|-damage|p1a: bop|187\/399|[from] Stealth Rock
|-ability|p1a: bop|Pressure
|turn|35
|
|move|p1a: bop|Calm Mind|p1a: bop
|-boost|p1a: bop|spa|1
|-boost|p1a: bop|spd|1
|move|p2a: Snorlax|Body Slam|p1a: bop
|-damage|p1a: bop|51\/399
|
|-heal|p1a: bop|75\/399|[from] item: Leftovers
|-heal|p2a: Snorlax|334\/497|[from] item: Leftovers
|turn|36
|c|âYun0 Gasai|nice hax
|c|âYun0 Gasai|you pile of aids
|
|move|p1a: bop|Hydro Pump|p2a: Snorlax
|-damage|p2a: Snorlax|162\/497
|move|p2a: Snorlax|Body Slam|p1a: bop
|-damage|p1a: bop|0 fnt
|faint|p1a: bop
|
|win|Meowiekins
|leave|Yun0 Gasai
|player|p1
|join|DatGuyChuck
|leave|VividLatias
|leave|xMarth
|leave|DatGuyChuck
|join|VividLatias
|leave|VividLatias
|leave|Donphantastic