|join|meowiekins
|join|over 500
|player|p1|meowiekins|160
|player|p2|over 500|171
|gametype|singles
|gen|6
|tier|UU
|rated
|rule|Sleep Clause Mod: Limit one foe put to sleep
|rule|Species Clause: Limit one of each PokÃ©mon
|rule|OHKO Clause: OHKO moves are banned
|rule|Moody Clause: Moody is banned
|rule|Evasion Moves Clause: Evasion moves are banned
|rule|Endless Battle Clause: Forcing endless battles is banned
|rule|HP Percentage Mod: HP is shown in percentages
|clearpoke
|poke|p1|Whimsicott, F
|poke|p1|Vaporeon, F
|poke|p1|Diggersby, M
|poke|p1|Jirachi
|poke|p1|Raikou
|poke|p1|Gligar, M
|poke|p2|Slowking, F
|poke|p2|Diancie
|poke|p2|Cofagrigus, M
|poke|p2|Rhyperior, M
|poke|p2|Escavalier, M
|poke|p2|Omastar, M
|rule|Swagger Clause: Swagger is banned
|rule|Baton Pass Clause: Limit one PokÃ©mon knowing Baton Pass
|teampreview
|
|start
|switch|p1a: Jirachi|Jirachi|341\/341
|switch|p2a: Omastar|Omastar, M|281\/281
|turn|1
|
|move|p1a: Jirachi|Iron Head|p2a: Omastar
|-damage|p2a: Omastar|182\/281
|-boost|p2a: Omastar|spe|1|[from] ability: Weak Armor
|-unboost|p2a: Omastar|def|1|[from] ability: Weak Armor
|cant|p2a: Omastar|flinch
|
|turn|2
|
|switch|p2a: Escavalier|Escavalier, M|344\/344
|move|p1a: Jirachi|Iron Head|p2a: Escavalier
|-resisted|p2a: Escavalier
|-damage|p2a: Escavalier|288\/344
|
|turn|3
|c|âover 500|go for it
|
|move|p2a: Escavalier|Pursuit|p1a: Jirachi|[from]Pursuit
|-supereffective|p1a: Jirachi
|-damage|p1a: Jirachi|11\/341
|switch|p1a: Vaporeon|Vaporeon, F|464\/464
|
|turn|4
|c|âmeowiekins|o.o
|join|DatLatias
|
|switch|p2a: Slowking|Slowking, F|394\/394
|move|p1a: Vaporeon|Wish|p1a: Vaporeon
|
|turn|5
|
|switch|p1a: Raikou|Raikou|322\/322
|-ability|p1a: Raikou|Pressure
|move|p2a: Slowking|Nasty Plot|p2a: Slowking
|-boost|p2a: Slowking|spa|2
|
|turn|6
|
|switch|p2a: Rhyperior|Rhyperior, M|434\/434
|move|p1a: Raikou|Thunderbolt|p2a: Rhyperior
|-immune|p2a: Rhyperior|[msg]
|
|turn|7
|
|switch|p1a: Vaporeon|Vaporeon, F|464\/464
|move|p2a: Rhyperior|Stone Edge|p1a: Vaporeon
|-crit|p1a: Vaporeon
|-damage|p1a: Vaporeon|49\/464
|-damage|p2a: Rhyperior|391\/434|[from] item: Life Orb
|
|-heal|p1a: Vaporeon|78\/464|[from] item: Leftovers
|turn|8
|
|switch|p2a: Slowking|Slowking, F|394\/394
|move|p1a: Vaporeon|Scald|p2a: Slowking
|-resisted|p2a: Slowking
|-damage|p2a: Slowking|349\/394
|
|-heal|p1a: Vaporeon|107\/464|[from] item: Leftovers
|turn|9
|c|âover 500|o shot
|c|âover 500|shit
|
|switch|p1a: Raikou|Raikou|322\/322
|-ability|p1a: Raikou|Pressure
|move|p2a: Slowking|Trick Room|p2a: Slowking
|-fieldstart|move: Trick Room|[of] p2a: Slowking
|
|turn|10
|
|switch|p2a: Rhyperior|Rhyperior, M|391\/434
|move|p1a: Raikou|Hidden Power|p2a: Rhyperior
|-supereffective|p2a: Rhyperior
|-damage|p2a: Rhyperior|226\/434
|
|turn|11
|
|switch|p1a: Gligar|Gligar, M|334\/334
|move|p2a: Rhyperior|Swords Dance|p2a: Rhyperior
|-boost|p2a: Rhyperior|atk|2
|
|turn|12
|c| DatLatias|rek
|c|âmeowiekins|no ice punch plserino
|
|move|p2a: Rhyperior|Ice Punch|p1a: Gligar
|-supereffective|p1a: Gligar
|-damage|p1a: Gligar|0 fnt
|-damage|p2a: Rhyperior|183\/434|[from] item: Life Orb
|faint|p1a: Gligar
|
|c|âover 500|ok
|c|âmeowiekins|:[
|c|âmeowiekins|i said pls
|
|switch|p1a: Vaporeon|Vaporeon, F|107\/464
|turn|13
|
|move|p1a: Vaporeon|Protect|p1a: Vaporeon
|-singleturn|p1a: Vaporeon|Protect
|move|p2a: Rhyperior|Earthquake|p1a: Vaporeon
|-activate|p1a: Vaporeon|Protect
|
|-heal|p1a: Vaporeon|136\/464|[from] item: Leftovers
|-fieldend|move: Trick Room
|turn|14
|c|âover 500|oh that was
|c|âover 500|last turn
|
|switch|p2a: Slowking|Slowking, F|394\/394
|move|p1a: Vaporeon|Scald|p2a: Slowking
|-resisted|p2a: Slowking
|-damage|p2a: Slowking|349\/394
|
|-heal|p1a: Vaporeon|165\/464|[from] item: Leftovers
|turn|15
|
|move|p1a: Vaporeon|Wish|p1a: Vaporeon
|move|p2a: Slowking|Nasty Plot|p2a: Slowking
|-boost|p2a: Slowking|spa|2
|
|-heal|p1a: Vaporeon|194\/464|[from] item: Leftovers
|turn|16
|
|move|p1a: Vaporeon|Baton Pass|p1a: Vaporeon
|
|switch|p1a: Whimsicott|Whimsicott, F|261\/261
|move|p2a: Slowking|Trick Room|p2a: Slowking
|-fieldstart|move: Trick Room|[of] p2a: Slowking
|
|turn|17
|
|switch|p2a: Escavalier|Escavalier, M|288\/344
|move|p1a: Whimsicott|Encore|p2a: Escavalier
|-fail|p2a: Escavalier
|
|turn|18
|
|switch|p1a: Jirachi|Jirachi|11\/341
|move|p2a: Escavalier|Megahorn|p1a: Jirachi
|-damage|p1a: Jirachi|0 fnt
|faint|p1a: Jirachi
|
|
|switch|p1a: Diggersby|Diggersby, M|311\/311
|turn|19
|
|move|p2a: Escavalier|Megahorn|p1a: Diggersby|[miss]
|-miss|p2a: Escavalier|p1a: Diggersby
|move|p1a: Diggersby|Earthquake|p2a: Escavalier
|-damage|p2a: Escavalier|0 fnt
|faint|p2a: Escavalier
|
|c|âover 500|sick play
|c|âmeowiekins|thx
|
|switch|p2a: Rhyperior|Rhyperior, M|183\/434
|turn|20
|
|switch|p1a: Vaporeon|Vaporeon, F|194\/464
|move|p2a: Rhyperior|Earthquake|p1a: Vaporeon
|-damage|p1a: Vaporeon|0 fnt
|-damage|p2a: Rhyperior|140\/434|[from] item: Life Orb
|faint|p1a: Vaporeon
|
|-fieldend|move: Trick Room
|
|switch|p1a: Diggersby|Diggersby, M|311\/311
|turn|21
|c| DatLatias|sd
|c| DatLatias|sd
|c| DatLatias|sd
|
|switch|p2a: Omastar|Omastar, M|182\/281
|move|p1a: Diggersby|Earthquake|p2a: Omastar
|-crit|p2a: Omastar
|-supereffective|p2a: Omastar
|-damage|p2a: Omastar|0 fnt
|faint|p2a: Omastar
|
|c| DatLatias|sd
|c| DatLatias|sd
|c| DatLatias|sd
|c| DatLatias|sd
|c| DatLatias|ds
|c| DatLatias|sd
|
|switch|p2a: Cofagrigus|Cofagrigus, M|320\/320
|turn|22
|
|move|p1a: Diggersby|Earthquake|p2a: Cofagrigus
|-damage|p2a: Cofagrigus|55\/320
|move|p2a: Cofagrigus|Trick Room|p2a: Cofagrigus
|-fieldstart|move: Trick Room|[of] p2a: Cofagrigus
|
|-heal|p2a: Cofagrigus|75\/320|[from] item: Leftovers
|turn|23
|
|move|p2a: Cofagrigus|Shadow Ball|p1a: Diggersby
|-immune|p1a: Diggersby|[msg]
|move|p1a: Diggersby|Earthquake|p2a: Cofagrigus
|-damage|p2a: Cofagrigus|0 fnt
|faint|p2a: Cofagrigus
|
|
|switch|p2a: Rhyperior|Rhyperior, M|140\/434
|turn|24
|join|Technosis
|join|yan-too-ultimate
|
|switch|p1a: Whimsicott|Whimsicott, F|261\/261
|move|p2a: Rhyperior|Ice Punch|p1a: Whimsicott
|-supereffective|p1a: Whimsicott
|-damage|p1a: Whimsicott|0 fnt
|-damage|p2a: Rhyperior|97\/434|[from] item: Life Orb
|faint|p1a: Whimsicott
|
|join|akjsdhkajsha
|
|switch|p1a: Diggersby|Diggersby, M|311\/311
|turn|25
|
|move|p1a: Diggersby|Quick Attack|p2a: Rhyperior
|-resisted|p2a: Rhyperior
|-damage|p2a: Rhyperior|43\/434
|move|p2a: Rhyperior|Earthquake|p1a: Diggersby
|-damage|p1a: Diggersby|6\/311
|-damage|p2a: Rhyperior|0 fnt|[from] item: Life Orb
|faint|p2a: Rhyperior
|
|c|âover 500|LOL
|
|switch|p2a: Diancie|Diancie|241\/241
|turn|26
|c|âmeowiekins|that doesnt ohko
|c|âmeowiekins|wut
|
|move|p1a: Diggersby|Quick Attack|p2a: Diancie
|-resisted|p2a: Diancie
|-damage|p2a: Diancie|194\/241
|move|p2a: Diancie|Trick Room|p2a: Diancie
|-fieldend|move: Trick Room
|
|turn|27
|
|switch|p1a: Raikou|Raikou|322\/322
|-ability|p1a: Raikou|Pressure
|move|p2a: Diancie|Trick Room|p2a: Diancie
|-fieldstart|move: Trick Room|[of] p2a: Diancie
|
|turn|28
|
|move|p2a: Diancie|Diamond Storm|p1a: Raikou
|-damage|p1a: Raikou|45\/322
|-damage|p2a: Diancie|170\/241|[from] item: Life Orb
|move|p1a: Raikou|Thunderbolt|p2a: Diancie
|-damage|p2a: Diancie|70\/241
|
|turn|29
|
|move|p2a: Diancie|Moonblast|p1a: Raikou
|-damage|p1a: Raikou|0 fnt
|-damage|p2a: Diancie|46\/241|[from] item: Life Orb
|faint|p1a: Raikou
|
|
|switch|p1a: Diggersby|Diggersby, M|6\/311
|turn|30
|
|move|p1a: Diggersby|Quick Attack|p2a: Diancie
|-resisted|p2a: Diancie
|-damage|p2a: Diancie|0 fnt
|faint|p2a: Diancie
|
|
|switch|p2a: Slowking|Slowking, F|394\/394
|turn|31
|
|move|p1a: Diggersby|Quick Attack|p2a: Slowking
|-damage|p2a: Slowking|228\/394
|move|p2a: Slowking|Scald|p1a: Diggersby
|-supereffective|p1a: Diggersby
|-damage|p1a: Diggersby|0 fnt
|faint|p1a: Diggersby
|
|win|over 500
|raw|Ladder updating...
|c|âover 500|gg
|raw|meowiekins's rating: 1618 &rarr; <strong>1594<\/strong><br \/>(-24 for losing)
|raw|over 500's rating: 1549 &rarr; <strong>1573<\/strong><br \/>(+24 for winning)
|c|âmeowiekins|gg