|join|meowiekins
|join|eaglehawk
|player|p1|meowiekins|160
|player|p2|eaglehawk|235
|gametype|singles
|gen|6
|tier|UU
|rule|Sleep Clause Mod: Limit one foe put to sleep
|rule|Species Clause: Limit one of each PokÃ©mon
|rule|OHKO Clause: OHKO moves are banned
|rule|Moody Clause: Moody is banned
|rule|Evasion Moves Clause: Evasion moves are banned
|rule|Endless Battle Clause: Forcing endless battles is banned
|rule|HP Percentage Mod: HP is shown in percentages
|clearpoke
|poke|p1|Mienshao, F
|poke|p1|Machamp, M
|poke|p1|Lucario, F
|poke|p1|Froslass, F
|poke|p1|Aerodactyl, M
|poke|p1|Swampert, F
|poke|p2|Wailord, M
|poke|p2|Shedinja
|poke|p2|Rattata, L1, F
|poke|p2|Weedle, M
|poke|p2|Spewpa, F
|poke|p2|Dustox, M
|rule|Swagger Clause: Swagger is banned
|rule|Baton Pass Clause: Limit one PokÃ©mon knowing Baton Pass
|teampreview
|c|âmeowiekins|O.O
|c|âeaglehawk|this will win
|
|start
|switch|p1a: Froslass|Froslass, F|344\/344
|switch|p2a: Rattata|Rattata, L1, F|11\/11
|turn|1
|
|move|p1a: Froslass|Spikes|p2a: Rattata
|-sidestart|p2: eaglehawk|Spikes
|move|p2a: Rattata|Endeavor|p1a: Froslass
|-immune|p1a: Froslass|[msg]
|
|turn|2
|
|switch|p2a: Dustox|Dustox, M|324\/324
|-damage|p2a: Dustox|284\/324|[from] Spikes
|move|p1a: Froslass|Spikes|p2a: Dustox
|-sidestart|p2: eaglehawk|Spikes
|
|-heal|p2a: Dustox|304\/324|[from] item: Black Sludge
|turn|3
|
|move|p1a: Froslass|Taunt|p2a: Dustox
|-start|p2a: Dustox|move: Taunt
|cant|p2a: Dustox|move: Taunt|Iron Defense
|
|-heal|p2a: Dustox|324\/324|[from] item: Black Sludge
|turn|4
|
|move|p1a: Froslass|Spikes|p2a: Dustox
|-sidestart|p2: eaglehawk|Spikes
|move|p2a: Dustox|Tackle|p1a: Froslass
|-immune|p1a: Froslass|[msg]
|
|turn|5
|
|move|p1a: Froslass|Icy Wind|p2a: Dustox
|-damage|p2a: Dustox|282\/324
|move|p2a: Dustox|Tackle|p1a: Froslass
|-immune|p1a: Froslass|[msg]
|
|-heal|p2a: Dustox|302\/324|[from] item: Black Sludge
|-end|p2a: Dustox|move: Taunt
|turn|6
|
|move|p1a: Froslass|Icy Wind|p2a: Dustox
|-damage|p2a: Dustox|257\/324
|move|p2a: Dustox|Tackle|p1a: Froslass
|-immune|p1a: Froslass|[msg]
|
|-heal|p2a: Dustox|277\/324|[from] item: Black Sludge
|turn|7
|
|move|p1a: Froslass|Taunt|p2a: Dustox
|-start|p2a: Dustox|move: Taunt
|move|p2a: Dustox|Tackle|p1a: Froslass
|-immune|p1a: Froslass|[msg]
|
|-heal|p2a: Dustox|297\/324|[from] item: Black Sludge
|turn|8
|c|âeaglehawk|very good play
|c|âmeowiekins|!dex shield dust
|c|~|\/data-ability Shield Dust

|c|âmeowiekins|o
|
|switch|p1a: Aerodactyl|Aerodactyl, M|343\/343
|-ability|p1a: Aerodactyl|Pressure
|move|p2a: Dustox|Tackle|p1a: Aerodactyl
|-resisted|p1a: Aerodactyl
|-damage|p1a: Aerodactyl|328\/343
|
|-heal|p2a: Dustox|317\/324|[from] item: Black Sludge
|turn|9
|
|detailschange|p1a: Aerodactyl|Aerodactyl-Mega, M
|message|Aerodactyl has Mega Evolved into Mega Aerodactyl!
|move|p1a: Aerodactyl|Stone Edge|p2a: Dustox
|-crit|p2a: Dustox
|-supereffective|p2a: Dustox
|-damage|p2a: Dustox|0 fnt
|faint|p2a: Dustox
|
|
|switch|p2a: Shedinja|Shedinja|1\/1
|-damage|p2a: Shedinja|0 fnt|[from] Spikes
|faint|p2a: Shedinja
|
|switch|p2a: Weedle|Weedle, M|222\/222
|-damage|p2a: Weedle|167\/222|[from] Spikes
|turn|10
|c|âeaglehawk|aight
|c|âeaglehawk|legga
|c|âeaglehawk|stone miss
|
|move|p1a: Aerodactyl|Aqua Tail|p2a: Weedle
|-crit|p2a: Weedle
|-damage|p2a: Weedle|0 fnt
|faint|p2a: Weedle
|
|
|switch|p2a: Wailord|Wailord, M|481\/481
|-damage|p2a: Wailord|361\/481|[from] Spikes
|-ability|p2a: Wailord|Pressure
|turn|11
|
|switch|p1a: Froslass|Froslass, F|344\/344
|move|p2a: Wailord|Splash|p2a: Wailord
|-nothing
|
|-heal|p2a: Wailord|391\/481|[from] item: Leftovers
|turn|12
|c|âmeowiekins|lol
|
|move|p1a: Froslass|Icy Wind|p2a: Wailord
|-crit|p2a: Wailord
|-resisted|p2a: Wailord
|-damage|p2a: Wailord|342\/481
|-unboost|p2a: Wailord|spe|1
|move|p2a: Wailord|Splash|p2a: Wailord
|-nothing
|
|-heal|p2a: Wailord|372\/481|[from] item: Leftovers
|turn|13
|
|switch|p1a: Mienshao|Mienshao, F|271\/271
|move|p2a: Wailord|Splash|p2a: Wailord
|-nothing
|
|-heal|p2a: Wailord|402\/481|[from] item: Leftovers
|turn|14
|
|move|p1a: Mienshao|High Jump Kick|p2a: Wailord
|-damage|p2a: Wailord|78\/481
|move|p2a: Wailord|Rest|p2a: Wailord
|-status|p2a: Wailord|slp
|-heal|p2a: Wailord|481\/481 slp|[silent]
|-status|p2a: Wailord|slp|[from] move: Rest
|
|turn|15
|
|move|p1a: Mienshao|High Jump Kick|p2a: Wailord
|-damage|p2a: Wailord|136\/481 slp
|cant|p2a: Wailord|slp
|
|-heal|p2a: Wailord|166\/481 slp|[from] item: Leftovers
|turn|16
|
|move|p1a: Mienshao|High Jump Kick|p2a: Wailord
|-damage|p2a: Wailord|0 fnt
|faint|p2a: Wailord
|
|
|switch|p2a: Rattata|Rattata, L1, F|11\/11
|-damage|p2a: Rattata|9\/11|[from] Spikes
|turn|17
|
|move|p2a: Rattata|Protect|p2a: Rattata
|-singleturn|p2a: Rattata|Protect
|move|p1a: Mienshao|High Jump Kick|p2a: Rattata
|-activate|p2a: Rattata|Protect
|-damage|p1a: Mienshao|136\/271|[from] highjumpkick
|
|turn|18
|
|move|p2a: Rattata|Protect|p2a: Rattata
|-fail|p2a: Rattata
|move|p1a: Mienshao|High Jump Kick|p2a: Rattata
|-supereffective|p2a: Rattata
|-damage|p2a: Rattata|0 fnt
|faint|p2a: Rattata
|
|
|switch|p2a: Spewpa|Spewpa, F|294\/294
|-damage|p2a: Spewpa|221\/294|[from] Spikes
|turn|19
|
|move|p2a: Spewpa|Protect|p2a: Spewpa
|-singleturn|p2a: Spewpa|Protect
|move|p1a: Mienshao|High Jump Kick|p2a: Spewpa
|-activate|p2a: Spewpa|Protect
|-damage|p1a: Mienshao|1\/271|[from] highjumpkick
|
|-heal|p2a: Spewpa|239\/294|[from] item: Leftovers
|turn|20
|c|âeaglehawk|If I KO a mon here, I will become god
|
|move|p1a: Mienshao|High Jump Kick|p2a: Spewpa
|-resisted|p2a: Spewpa
|-damage|p2a: Spewpa|116\/294
|move|p2a: Spewpa|Poison Powder|p1a: Mienshao
|-status|p1a: Mienshao|psn
|
|-heal|p2a: Spewpa|134\/294|[from] item: Leftovers
|-damage|p1a: Mienshao|0 fnt|[from] psn
|faint|p1a: Mienshao
|c|âmeowiekins|ok
|c|âeaglehawk|OH
|c|âeaglehawk|OH
|c|âeaglehawk|OH
|c|âmeowiekins|lol
|
|switch|p1a: Froslass|Froslass, F|344\/344
|turn|21
|c|âeaglehawk|I AM SAVING THIS REPLAY
|
|move|p2a: Spewpa|Protect|p2a: Spewpa
|-singleturn|p2a: Spewpa|Protect
|move|p1a: Froslass|Taunt|p2a: Spewpa
|-activate|p2a: Spewpa|Protect
|
|-heal|p2a: Spewpa|152\/294|[from] item: Leftovers
|turn|22
|
|move|p2a: Spewpa|Protect|p2a: Spewpa
|-singleturn|p2a: Spewpa|Protect
|move|p1a: Froslass|Taunt|p2a: Spewpa
|-activate|p2a: Spewpa|Protect
|
|-heal|p2a: Spewpa|170\/294|[from] item: Leftovers
|turn|23
|
|move|p2a: Spewpa|Protect|p2a: Spewpa
|-fail|p2a: Spewpa
|move|p1a: Froslass|Taunt|p2a: Spewpa
|-start|p2a: Spewpa|move: Taunt
|
|-heal|p2a: Spewpa|188\/294|[from] item: Leftovers
|turn|24
|
|move|p1a: Froslass|Icy Wind|p2a: Spewpa
|-damage|p2a: Spewpa|67\/294
|-unboost|p2a: Spewpa|spe|1
|-activate|p2a: Spewpa|move: Struggle
|move|p2a: Spewpa|Struggle|p1a: Froslass
|-damage|p1a: Froslass|327\/344
|-damage|p2a: Spewpa|0 fnt
|faint|p2a: Spewpa
|
|win|meowiekins
|c|âeaglehawk|GG
|c|âmeowiekins|ggggggg
|c|âeaglehawk|noble effor
|c|âeaglehawk|t