|join|meowiekins
|join|watchMeMiss
|player|p1|meowiekins|160
|player|p2|watchMeMiss|266
|gametype|singles
|gen|6
|tier|UU
|rated
|rule|Sleep Clause Mod: Limit one foe put to sleep
|rule|Species Clause: Limit one of each PokÃ©mon
|rule|OHKO Clause: OHKO moves are banned
|rule|Moody Clause: Moody is banned
|rule|Evasion Moves Clause: Evasion moves are banned
|rule|Endless Battle Clause: Forcing endless battles is banned
|rule|HP Percentage Mod: HP is shown in percentages
|clearpoke
|poke|p1|Shedinja
|poke|p1|Aggron, F
|poke|p1|Tentacruel, M
|poke|p1|Aromatisse, F
|poke|p1|Xatu, F
|poke|p1|Snorlax, F
|poke|p2|Gallade, M
|poke|p2|Empoleon, F
|poke|p2|Celebi
|poke|p2|Rotom-Heat
|poke|p2|Hydreigon, M
|poke|p2|Crobat, F
|rule|Swagger Clause: Swagger is banned
|rule|Baton Pass Clause: Limit one PokÃ©mon knowing Baton Pass
|teampreview
|
|start
|switch|p1a: Aggron|Aggron, F|344\/344
|switch|p2a: Rotom-Heat|Rotom-Heat|304\/304
|turn|1
|join|i ran away
|c|âwatchMeMiss|time stall me more m8
|c|âwatchMeMiss|:)
|
|switch|p1a: Snorlax|Snorlax, F|497\/497
|move|p2a: Rotom-Heat|Will-O-Wisp|p1a: Snorlax
|-status|p1a: Snorlax|brn
|
|-damage|p1a: Snorlax|435\/497 brn|[from] brn
|turn|2
|c|âmeowiekins|sorry talking to someone
|
|switch|p2a: Crobat|Crobat, F|374\/374
|move|p1a: Snorlax|Body Slam|p2a: Crobat
|-damage|p2a: Crobat|329\/374
|-status|p2a: Crobat|par
|
|-heal|p1a: Snorlax|466\/497 brn|[from] item: Leftovers
|-heal|p2a: Crobat|352\/374 par|[from] item: Black Sludge
|-damage|p1a: Snorlax|404\/497 brn|[from] brn
|turn|3
|c|âwatchMeMiss|1 hit para
|c|âmeowiekins|why i use body slam
|c|âmeowiekins|zz
|
|switch|p1a: Aggron|Aggron, F|344\/344
|cant|p2a: Crobat|par
|
|-heal|p2a: Crobat|374\/374 par|[from] item: Black Sludge
|turn|4
|
|detailschange|p1a: Aggron|Aggron-Mega, F
|message|Aggron has Mega Evolved into Mega Aggron!
|move|p1a: Aggron|Stealth Rock|p2a: Crobat
|-sidestart|p2: watchMeMiss|move: Stealth Rock
|move|p2a: Crobat|U-turn|p1a: Aggron
|-resisted|p1a: Aggron
|-damage|p1a: Aggron|332\/344
|c|âwatchMeMiss|it starts to hax
|c| i ran away|its turn 4
|c| i ran away|dont cry already you have all the time in the world to hax him back
|
|switch|p2a: Hydreigon|Hydreigon, M|325\/325
|-damage|p2a: Hydreigon|285\/325|[from] Stealth Rock
|
|turn|5
|
|switch|p1a: Aromatisse|Aromatisse, F|406\/406
|move|p2a: Hydreigon|U-turn|p1a: Aromatisse
|-resisted|p1a: Aromatisse
|-damage|p1a: Aromatisse|380\/406
|
|switch|p2a: Empoleon|Empoleon, F|372\/372
|-damage|p2a: Empoleon|349\/372|[from] Stealth Rock
|
|-heal|p2a: Empoleon|372\/372|[from] item: Leftovers
|-heal|p1a: Aromatisse|405\/406|[from] item: Leftovers
|turn|6
|
|switch|p1a: Tentacruel|Tentacruel, M|364\/364
|move|p2a: Empoleon|Defog|p1a: Tentacruel
|-unboost|p1a: Tentacruel|evasion|1
|-sideend|p2: watchMeMiss|Stealth Rock|[from] move: Defog|[of] p2a: Empoleon
|
|turn|7
|
|switch|p2a: Hydreigon|Hydreigon, M|285\/325
|move|p1a: Tentacruel|Scald|p2a: Hydreigon
|-resisted|p2a: Hydreigon
|-damage|p2a: Hydreigon|240\/325
|-status|p2a: Hydreigon|brn
|
|-damage|p2a: Hydreigon|200\/325 brn|[from] brn
|turn|8
|c|âwatchMeMiss|1 turn burn
|c|âmeowiekins|rng hates you
|c|âmeowiekins|get over it
|
|switch|p1a: Aromatisse|Aromatisse, F|405\/406
|move|p2a: Hydreigon|U-turn|p1a: Aromatisse
|-resisted|p1a: Aromatisse
|-damage|p1a: Aromatisse|391\/406
|
|switch|p2a: Rotom-Heat|Rotom-Heat|304\/304
|
|-heal|p1a: Aromatisse|406\/406|[from] item: Leftovers
|turn|9
|
|move|p1a: Aromatisse|Protect|p1a: Aromatisse
|-singleturn|p1a: Aromatisse|Protect
|move|p2a: Rotom-Heat|Trick|p1a: Aromatisse
|-activate|p1a: Aromatisse|Protect
|
|turn|10
|
|switch|p2a: Hydreigon|Hydreigon, M|200\/325 brn
|switch|p1a: Aggron|Aggron-Mega, F|332\/344
|
|-damage|p2a: Hydreigon|160\/325 brn|[from] brn
|turn|11
|
|move|p2a: Hydreigon|Flamethrower|p1a: Aggron
|-supereffective|p1a: Aggron
|-damage|p1a: Aggron|200\/344
|move|p1a: Aggron|Stealth Rock|p2a: Hydreigon
|-sidestart|p2: watchMeMiss|move: Stealth Rock
|
|-damage|p2a: Hydreigon|120\/325 brn|[from] brn
|turn|12
|
|switch|p1a: Tentacruel|Tentacruel, M|364\/364
|move|p2a: Hydreigon|Flamethrower|p1a: Tentacruel
|-resisted|p1a: Tentacruel
|-damage|p1a: Tentacruel|328\/364
|
|-heal|p1a: Tentacruel|350\/364|[from] item: Black Sludge
|-damage|p2a: Hydreigon|80\/325 brn|[from] brn
|turn|13
|
|switch|p2a: Empoleon|Empoleon, F|372\/372
|-damage|p2a: Empoleon|349\/372|[from] Stealth Rock
|move|p1a: Tentacruel|Toxic Spikes|p2a: Empoleon
|-sidestart|p2: watchMeMiss|move: Toxic Spikes
|
|-heal|p1a: Tentacruel|364\/364|[from] item: Black Sludge
|-heal|p2a: Empoleon|372\/372|[from] item: Leftovers
|turn|14
|join|Emma Bae
|c|âwatchMeMiss|burn me pls
|
|move|p1a: Tentacruel|Scald|p2a: Empoleon
|-resisted|p2a: Empoleon
|-damage|p2a: Empoleon|345\/372
|move|p2a: Empoleon|Defog|p1a: Tentacruel
|-unboost|p1a: Tentacruel|evasion|1
|-sideend|p2: watchMeMiss|Toxic Spikes|[from] move: Defog|[of] p2a: Empoleon
|-sideend|p2: watchMeMiss|Stealth Rock|[from] move: Defog|[of] p2a: Empoleon
|
|-heal|p2a: Empoleon|368\/372|[from] item: Leftovers
|turn|15
|
|switch|p2a: Celebi|Celebi|341\/341
|move|p1a: Tentacruel|Scald|p2a: Celebi
|-resisted|p2a: Celebi
|-damage|p2a: Celebi|304\/341
|
|turn|16
|
|switch|p1a: _(ã)_\/Â¯|Shedinja|1\/1
|move|p2a: Celebi|U-turn|p1a: _(ã)_\/Â¯
|-activate|p1a: _(ã)_\/Â¯|ability: Wonder Guard
|
|turn|17
|
|switch|p2a: Crobat|Crobat, F|374\/374 par
|switch|p1a: Aromatisse|Aromatisse, F|406\/406
|
|turn|18
|
|move|p1a: Aromatisse|Wish|p1a: Aromatisse
|move|p2a: Crobat|U-turn|p1a: Aromatisse
|-resisted|p1a: Aromatisse
|-damage|p1a: Aromatisse|384\/406
|join|ythituhu-
|
|switch|p2a: Rotom-Heat|Rotom-Heat|304\/304
|
|-heal|p1a: Aromatisse|406\/406|[from] item: Leftovers
|turn|19
|
|move|p1a: Aromatisse|Protect|p1a: Aromatisse
|-singleturn|p1a: Aromatisse|Protect
|move|p2a: Rotom-Heat|Trick|p1a: Aromatisse
|-activate|p1a: Aromatisse|Protect
|
|turn|20
|
|switch|p2a: Empoleon|Empoleon, F|368\/372
|switch|p1a: Aggron|Aggron-Mega, F|200\/344
|
|-heal|p2a: Empoleon|372\/372|[from] item: Leftovers
|turn|21
|
|move|p2a: Empoleon|Scald|p1a: Aggron
|-damage|p1a: Aggron|115\/344
|-status|p1a: Aggron|brn
|move|p1a: Aggron|Earthquake|p2a: Empoleon
|-supereffective|p2a: Empoleon
|-damage|p2a: Empoleon|260\/372
|
|-heal|p2a: Empoleon|283\/372|[from] item: Leftovers
|-damage|p1a: Aggron|72\/344 brn|[from] brn
|turn|22
|leave|ythituhu-
|
|switch|p1a: Aromatisse|Aromatisse, F|406\/406
|move|p2a: Empoleon|Stealth Rock|p1a: Aromatisse
|-sidestart|p1: meowiekins|move: Stealth Rock
|
|-heal|p2a: Empoleon|306\/372|[from] item: Leftovers
|turn|23
|
|move|p2a: Empoleon|Scald|p1a: Aromatisse
|-damage|p1a: Aromatisse|282\/406
|move|p1a: Aromatisse|Aromatherapy|p1a: Aromatisse
|-cureteam|p1a: Aromatisse|[from] move: Aromatherapy
|
|-heal|p2a: Empoleon|329\/372|[from] item: Leftovers
|-heal|p1a: Aromatisse|307\/406|[from] item: Leftovers
|turn|24
|
|switch|p1a: Tentacruel|Tentacruel, M|364\/364
|-damage|p1a: Tentacruel|319\/364|[from] Stealth Rock
|move|p2a: Empoleon|Roar|p1a: Tentacruel
|drag|p1a: _(ã)_\/Â¯|Shedinja|1\/1
|-damage|p1a: _(ã)_\/Â¯|0 fnt|[from] Stealth Rock
|faint|p1a: _(ã)_\/Â¯
|
|-heal|p2a: Empoleon|352\/372|[from] item: Leftovers
|
|switch|p1a: Tentacruel|Tentacruel, M|319\/364
|-damage|p1a: Tentacruel|274\/364|[from] Stealth Rock
|turn|25
|
|switch|p2a: Celebi|Celebi|304\/341
|move|p1a: Tentacruel|Rapid Spin|p2a: Celebi
|-damage|p2a: Celebi|291\/341
|-sideend|p1: meowiekins|Stealth Rock|[from] move: Rapid Spin|[of] p1a: Tentacruel
|
|-heal|p1a: Tentacruel|296\/364|[from] item: Black Sludge
|turn|26
|join|Technosis
|
|switch|p1a: Snorlax|Snorlax, F|404\/497
|move|p2a: Celebi|U-turn|p1a: Snorlax
|-damage|p1a: Snorlax|337\/497
|
|switch|p2a: Gallade|Gallade, M|278\/278
|
|-heal|p1a: Snorlax|368\/497|[from] item: Leftovers
|turn|27
|
|switch|p1a: Aromatisse|Aromatisse, F|307\/406
|detailschange|p2a: Gallade|Gallade-Mega, M
|message|Gallade has Mega Evolved into Mega Gallade!
|move|p2a: Gallade|Swords Dance|p2a: Gallade
|-boost|p2a: Gallade|atk|2
|
|-heal|p1a: Aromatisse|332\/406|[from] item: Leftovers
|turn|28
|
|move|p2a: Gallade|Psycho Cut|p1a: Aromatisse
|-crit|p1a: Aromatisse
|-damage|p1a: Aromatisse|0 fnt
|faint|p1a: Aromatisse
|
|
|switch|p1a: Xatu|Xatu, F|333\/333
|turn|29
|
|move|p2a: Gallade|Shadow Sneak|p1a: Xatu
|-supereffective|p1a: Xatu
|-damage|p1a: Xatu|141\/333
|-damage|p2a: Gallade|232\/278|[from] item: Rocky Helmet|[of] p1a: Xatu
|move|p1a: Xatu|Roost|p1a: Xatu
|-heal|p1a: Xatu|308\/333
|
|turn|30
|
|move|p2a: Gallade|Swords Dance|p2a: Gallade
|-boost|p2a: Gallade|atk|2
|move|p1a: Xatu|Toxic|p2a: Gallade
|-status|p2a: Gallade|tox
|
|-damage|p2a: Gallade|215\/278 tox|[from] psn
|turn|31
|
|switch|p1a: Snorlax|Snorlax, F|368\/497
|move|p2a: Gallade|Swords Dance|p2a: Gallade
|-boost|p2a: Gallade|atk|2
|
|-heal|p1a: Snorlax|399\/497|[from] item: Leftovers
|-damage|p2a: Gallade|181\/278 tox|[from] psn
|turn|32
|
|switch|p1a: Xatu|Xatu, F|308\/333
|move|p2a: Gallade|Close Combat|p1a: Xatu
|-resisted|p1a: Xatu
|-damage|p1a: Xatu|88\/333
|-damage|p2a: Gallade|135\/278 tox|[from] item: Rocky Helmet|[of] p1a: Xatu
|-unboost|p2a: Gallade|def|1
|-unboost|p2a: Gallade|spd|1
|
|-damage|p2a: Gallade|84\/278 tox|[from] psn
|turn|33
|
|move|p2a: Gallade|Psycho Cut|p1a: Xatu
|-resisted|p1a: Xatu
|-damage|p1a: Xatu|0 fnt
|faint|p1a: Xatu
|
|-damage|p2a: Gallade|16\/278 tox|[from] psn
|
|switch|p1a: Aggron|Aggron-Mega, F|72\/344
|turn|34
|
|move|p2a: Gallade|Close Combat|p1a: Aggron
|-supereffective|p1a: Aggron
|-damage|p1a: Aggron|0 fnt
|-unboost|p2a: Gallade|def|1
|-unboost|p2a: Gallade|spd|1
|faint|p1a: Aggron
|
|-damage|p2a: Gallade|0 fnt|[from] psn
|faint|p2a: Gallade
|
|switch|p2a: Celebi|Celebi|291\/341
|switch|p1a: Snorlax|Snorlax, F|399\/497
|turn|35
|
|move|p2a: Celebi|Trick|p1a: Snorlax
|-activate|p2a: Celebi|move: Trick|[of] p1a: Snorlax
|-item|p1a: Snorlax|Choice Scarf|[from] move: Trick
|-item|p2a: Celebi|Leftovers|[from] move: Trick
|move|p1a: Snorlax|Curse|p1a: Snorlax
|-boost|p1a: Snorlax|atk|1
|-boost|p1a: Snorlax|def|1
|-unboost|p1a: Snorlax|spe|1
|
|-heal|p2a: Celebi|312\/341|[from] item: Leftovers
|turn|36
|
|switch|p2a: Rotom-Heat|Rotom-Heat|304\/304
|switch|p1a: Tentacruel|Tentacruel, M|296\/364
|
|-heal|p1a: Tentacruel|318\/364|[from] item: Black Sludge
|turn|37
|
|move|p1a: Tentacruel|Scald|p2a: Rotom-Heat
|-supereffective|p2a: Rotom-Heat
|-damage|p2a: Rotom-Heat|160\/304
|move|p2a: Rotom-Heat|Trick|p1a: Tentacruel
|-activate|p2a: Rotom-Heat|move: Trick|[of] p1a: Tentacruel
|-item|p1a: Tentacruel|Choice Specs|[from] move: Trick
|-item|p2a: Rotom-Heat|Black Sludge|[from] move: Trick
|
|-damage|p2a: Rotom-Heat|122\/304|[from] item: Black Sludge
|turn|38
|
|switch|p2a: Celebi|Celebi|312\/341
|move|p1a: Tentacruel|Scald|p2a: Celebi
|-resisted|p2a: Celebi
|-damage|p2a: Celebi|255\/341
|
|-heal|p2a: Celebi|276\/341|[from] item: Leftovers
|turn|39
|
|switch|p1a: Snorlax|Snorlax, F|399\/497
|move|p2a: Celebi|Psychic|p1a: Snorlax
|-damage|p1a: Snorlax|300\/497
|
|-heal|p2a: Celebi|297\/341|[from] item: Leftovers
|turn|40
|
|move|p2a: Celebi|U-turn|p1a: Snorlax
|-damage|p1a: Snorlax|240\/497
|
|switch|p2a: Rotom-Heat|Rotom-Heat|122\/304
|move|p1a: Snorlax|Body Slam|p2a: Rotom-Heat
|-damage|p2a: Rotom-Heat|46\/304
|
|-damage|p2a: Rotom-Heat|8\/304|[from] item: Black Sludge
|turn|41
|
|move|p2a: Rotom-Heat|Will-O-Wisp|p1a: Snorlax
|-status|p1a: Snorlax|brn
|move|p1a: Snorlax|Body Slam|p2a: Rotom-Heat
|-damage|p2a: Rotom-Heat|0 fnt
|faint|p2a: Rotom-Heat
|
|-damage|p1a: Snorlax|178\/497 brn|[from] brn
|
|switch|p2a: Celebi|Celebi|297\/341
|turn|42
|
|switch|p1a: Tentacruel|Tentacruel, M|318\/364
|move|p2a: Celebi|Psychic|p1a: Tentacruel
|-supereffective|p1a: Tentacruel
|-damage|p1a: Tentacruel|132\/364
|
|-heal|p2a: Celebi|318\/341|[from] item: Leftovers
|turn|43
|
|move|p2a: Celebi|Psychic|p1a: Tentacruel
|-supereffective|p1a: Tentacruel
|-damage|p1a: Tentacruel|0 fnt
|faint|p1a: Tentacruel
|
|-heal|p2a: Celebi|339\/341|[from] item: Leftovers
|
|switch|p1a: Snorlax|Snorlax, F|178\/497 brn
|turn|44
|
|move|p2a: Celebi|Psychic|p1a: Snorlax
|-damage|p1a: Snorlax|78\/497 brn
|move|p1a: Snorlax|Rest|p1a: Snorlax
|-status|p1a: Snorlax|slp
|-heal|p1a: Snorlax|497\/497 slp|[silent]
|-status|p1a: Snorlax|slp|[from] move: Rest
|
|-heal|p2a: Celebi|341\/341|[from] item: Leftovers
|turn|45
|
|move|p2a: Celebi|Psychic|p1a: Snorlax
|-damage|p1a: Snorlax|409\/497 slp
|cant|p1a: Snorlax|slp
|
|turn|46
|c| Emma Bae|tbh snorlax beats the rest of his team
|c| Emma Bae|xD
|
|move|p2a: Celebi|Psychic|p1a: Snorlax
|-damage|p1a: Snorlax|312\/497 slp
|cant|p1a: Snorlax|slp
|
|turn|47
|c| Emma Bae|curselax that is
|
|move|p2a: Celebi|Psychic|p1a: Snorlax
|-damage|p1a: Snorlax|222\/497 slp
|-curestatus|p1a: Snorlax|slp
|move|p1a: Snorlax|Rest|p1a: Snorlax
|-status|p1a: Snorlax|slp
|-heal|p1a: Snorlax|497\/497 slp|[silent]
|-status|p1a: Snorlax|slp|[from] move: Rest
|
|turn|48
|c| Emma Bae|why rest?!
|c|âmeowiekins|if he wasnt running scarf celebi
|c|âmeowiekins|then ya
|c|âmeowiekins|lol
|
|move|p2a: Celebi|Psychic|p1a: Snorlax
|-damage|p1a: Snorlax|403\/497 slp
|cant|p1a: Snorlax|slp
|
|turn|49
|
|move|p2a: Celebi|Psychic|p1a: Snorlax
|-damage|p1a: Snorlax|309\/497 slp
|cant|p1a: Snorlax|slp
|
|turn|50
|
|move|p2a: Celebi|Psychic|p1a: Snorlax
|-damage|p1a: Snorlax|209\/497 slp
|-curestatus|p1a: Snorlax|slp
|move|p1a: Snorlax|Rest|p1a: Snorlax
|-status|p1a: Snorlax|slp
|-heal|p1a: Snorlax|497\/497 slp|[silent]
|-status|p1a: Snorlax|slp|[from] move: Rest
|
|turn|51
|
|move|p2a: Celebi|Psychic|p1a: Snorlax
|-damage|p1a: Snorlax|398\/497 slp
|cant|p1a: Snorlax|slp
|
|turn|52
|c|âwatchMeMiss|m8 i win
|
|move|p2a: Celebi|Psychic|p1a: Snorlax
|-damage|p1a: Snorlax|298\/497 slp
|cant|p1a: Snorlax|slp
|
|turn|53
|c| Emma Bae|ooh he tricked?
|
|move|p2a: Celebi|Psychic|p1a: Snorlax
|-damage|p1a: Snorlax|204\/497 slp
|-curestatus|p1a: Snorlax|slp
|move|p1a: Snorlax|Rest|p1a: Snorlax
|-status|p1a: Snorlax|slp
|-heal|p1a: Snorlax|497\/497 slp|[silent]
|-status|p1a: Snorlax|slp|[from] move: Rest
|
|turn|54
|
|move|p2a: Celebi|Psychic|p1a: Snorlax
|-damage|p1a: Snorlax|394\/497 slp
|cant|p1a: Snorlax|slp
|
|turn|55
|
|move|p2a: Celebi|Psychic|p1a: Snorlax
|-damage|p1a: Snorlax|304\/497 slp
|cant|p1a: Snorlax|slp
|
|turn|56
|
|move|p2a: Celebi|Psychic|p1a: Snorlax
|-crit|p1a: Snorlax
|-damage|p1a: Snorlax|162\/497 slp
|-curestatus|p1a: Snorlax|slp
|move|p1a: Snorlax|Rest|p1a: Snorlax
|-status|p1a: Snorlax|slp
|-heal|p1a: Snorlax|497\/497 slp|[silent]
|-status|p1a: Snorlax|slp|[from] move: Rest
|
|turn|57
|c| Emma Bae|meow you lost xD
|
|move|p2a: Celebi|Giga Drain|p1a: Snorlax
|-damage|p1a: Snorlax|413\/497 slp
|cant|p1a: Snorlax|slp
|
|turn|58
|c|âwatchMeMiss|no spdef drop
|c|âmeowiekins|stop complaining about rng
|c|âmeowiekins|thats why im not forfeiting
|
|move|p2a: Celebi|Giga Drain|p1a: Snorlax
|-crit|p1a: Snorlax
|-damage|p1a: Snorlax|302\/497 slp
|cant|p1a: Snorlax|slp
|
|turn|59
|c|âwatchMeMiss|just quit
|c|âmeowiekins|no
|
|move|p2a: Celebi|Giga Drain|p1a: Snorlax
|-damage|p1a: Snorlax|226\/497 slp
|-curestatus|p1a: Snorlax|slp
|move|p1a: Snorlax|Rest|p1a: Snorlax
|-status|p1a: Snorlax|slp
|-heal|p1a: Snorlax|497\/497 slp|[silent]
|-status|p1a: Snorlax|slp|[from] move: Rest
|
|turn|60
|
|move|p2a: Celebi|Giga Drain|p1a: Snorlax
|-damage|p1a: Snorlax|418\/497 slp
|cant|p1a: Snorlax|slp
|
|turn|61
|
|move|p2a: Celebi|Giga Drain|p1a: Snorlax
|-damage|p1a: Snorlax|340\/497 slp
|cant|p1a: Snorlax|slp
|
|turn|62
|c|âwatchMeMiss|pls
|c|âmeowiekins|nope
|
|move|p2a: Celebi|Giga Drain|p1a: Snorlax
|-damage|p1a: Snorlax|264\/497 slp
|-curestatus|p1a: Snorlax|slp
|move|p1a: Snorlax|Rest|p1a: Snorlax
|-status|p1a: Snorlax|slp
|-heal|p1a: Snorlax|497\/497 slp|[silent]
|-status|p1a: Snorlax|slp|[from] move: Rest
|
|turn|63
|c|âwatchMeMiss|looser
|
|move|p2a: Celebi|Giga Drain|p1a: Snorlax
|-damage|p1a: Snorlax|410\/497 slp
|cant|p1a: Snorlax|slp
|
|turn|64
|c|âmeowiekins|oh well
|
|move|p2a: Celebi|U-turn|p1a: Snorlax
|-crit|p1a: Snorlax
|-damage|p1a: Snorlax|313\/497 slp
|
|switch|p2a: Hydreigon|Hydreigon, M|80\/325 brn
|cant|p1a: Snorlax|slp
|
|-damage|p2a: Hydreigon|40\/325 brn|[from] brn
|turn|65
|
|move|p2a: Hydreigon|Draco Meteor|p1a: Snorlax
|-damage|p1a: Snorlax|162\/497 slp
|-unboost|p2a: Hydreigon|spa|2
|-curestatus|p1a: Snorlax|slp
|move|p1a: Snorlax|Rest|p1a: Snorlax
|-status|p1a: Snorlax|slp
|-heal|p1a: Snorlax|497\/497 slp|[silent]
|-status|p1a: Snorlax|slp|[from] move: Rest
|
|-damage|p2a: Hydreigon|0 fnt|[from] brn
|faint|p2a: Hydreigon
|
|switch|p2a: Empoleon|Empoleon, F|352\/372
|turn|66
|
|move|p2a: Empoleon|Scald|p1a: Snorlax
|-damage|p1a: Snorlax|424\/497 slp
|cant|p1a: Snorlax|slp
|
|-heal|p2a: Empoleon|372\/372|[from] item: Leftovers
|turn|67
|
|move|p2a: Empoleon|Scald|p1a: Snorlax
|-damage|p1a: Snorlax|348\/497 slp
|cant|p1a: Snorlax|slp
|
|turn|68
|
|move|p2a: Empoleon|Scald|p1a: Snorlax
|-damage|p1a: Snorlax|278\/497 slp
|-curestatus|p1a: Snorlax|slp
|move|p1a: Snorlax|Rest|p1a: Snorlax
|-status|p1a: Snorlax|slp
|-heal|p1a: Snorlax|497\/497 slp|[silent]
|-status|p1a: Snorlax|slp|[from] move: Rest
|
|turn|69
|
|move|p2a: Empoleon|Scald|p1a: Snorlax
|-crit|p1a: Snorlax
|-damage|p1a: Snorlax|395\/497 slp
|cant|p1a: Snorlax|slp
|
|turn|70
|
|move|p2a: Empoleon|Defog|p1a: Snorlax
|-unboost|p1a: Snorlax|evasion|1
|cant|p1a: Snorlax|slp
|
|turn|71
|c|âmeowiekins|half way there
|
|move|p2a: Empoleon|Defog|p1a: Snorlax
|-unboost|p1a: Snorlax|evasion|1
|-curestatus|p1a: Snorlax|slp
|move|p1a: Snorlax|Rest|p1a: Snorlax
|-status|p1a: Snorlax|slp
|-heal|p1a: Snorlax|497\/497 slp|[silent]
|-status|p1a: Snorlax|slp|[from] move: Rest
|
|turn|72
|
|move|p2a: Empoleon|Defog|p1a: Snorlax
|-unboost|p1a: Snorlax|evasion|1
|cant|p1a: Snorlax|slp
|
|turn|73
|
|move|p2a: Empoleon|Defog|p1a: Snorlax
|-unboost|p1a: Snorlax|evasion|1
|cant|p1a: Snorlax|slp
|
|turn|74
|
|move|p2a: Empoleon|Defog|p1a: Snorlax
|-unboost|p1a: Snorlax|evasion|1
|-curestatus|p1a: Snorlax|slp
|move|p1a: Snorlax|Rest|p1a: Snorlax
|-fail|p1a: Snorlax
|
|turn|75
|
|move|p2a: Empoleon|Defog|p1a: Snorlax
|-unboost|p1a: Snorlax|evasion|1
|move|p1a: Snorlax|Rest|p1a: Snorlax
|-fail|p1a: Snorlax
|
|turn|76
|
|move|p2a: Empoleon|Defog|p1a: Snorlax
|move|p1a: Snorlax|Rest|p1a: Snorlax
|-fail|p1a: Snorlax
|
|turn|77
|
|move|p2a: Empoleon|Defog|p1a: Snorlax
|move|p1a: Snorlax|Rest|p1a: Snorlax
|-fail|p1a: Snorlax
|
|turn|78
|c| Technosis|w0t
|
|move|p2a: Empoleon|Defog|p1a: Snorlax
|move|p1a: Snorlax|Rest|p1a: Snorlax
|-fail|p1a: Snorlax
|
|turn|79
|c| Technosis|PP stall
|c| Technosis|is real
|
|move|p2a: Empoleon|Defog|p1a: Snorlax
|move|p1a: Snorlax|Rest|p1a: Snorlax
|-fail|p1a: Snorlax
|
|turn|80
|
|move|p2a: Empoleon|Defog|p1a: Snorlax
|move|p1a: Snorlax|Struggle|p2a: Empoleon
|-damage|p2a: Empoleon|322\/372
|-damage|p1a: Snorlax|373\/497
|
|-heal|p2a: Empoleon|345\/372|[from] item: Leftovers
|turn|81
|
|move|p2a: Empoleon|Defog|p1a: Snorlax
|move|p1a: Snorlax|Struggle|p2a: Empoleon
|-damage|p2a: Empoleon|298\/372
|-damage|p1a: Snorlax|249\/497
|
|-heal|p2a: Empoleon|321\/372|[from] item: Leftovers
|turn|82
|leave|Technosis
|
|move|p2a: Empoleon|Scald|p1a: Snorlax
|-damage|p1a: Snorlax|179\/497
|-status|p1a: Snorlax|brn
|move|p1a: Snorlax|Struggle|p2a: Empoleon
|-damage|p2a: Empoleon|298\/372
|-damage|p1a: Snorlax|55\/497 brn
|
|-heal|p2a: Empoleon|321\/372|[from] item: Leftovers
|-damage|p1a: Snorlax|0 fnt|[from] brn
|faint|p1a: Snorlax
|
|win|watchMeMiss
|raw|Ladder updating...
|raw|meowiekins's rating: 1397 &rarr; <strong>1378<\/strong><br \/>(-19 for losing)
|raw|watchMeMiss's rating: 1407 &rarr; <strong>1427<\/strong><br \/>(+20 for winning)