|join|meowiekins
|join|deluks917
|player|p1|meowiekins|160
|player|p2|deluks917|23
|gametype|singles
|gen|6
|tier|UU
|rated
|rule|Sleep Clause Mod: Limit one foe put to sleep
|rule|Species Clause: Limit one of each PokÃ©mon
|rule|OHKO Clause: OHKO moves are banned
|rule|Moody Clause: Moody is banned
|rule|Evasion Moves Clause: Evasion moves are banned
|rule|Endless Battle Clause: Forcing endless battles is banned
|rule|HP Percentage Mod: HP is shown in percentages
|clearpoke
|poke|p1|Shedinja
|poke|p1|Aggron, F
|poke|p1|Tentacruel, F
|poke|p1|Aromatisse, F
|poke|p1|Xatu, F
|poke|p1|Snorlax, F
|poke|p2|Zygarde
|poke|p2|Roserade, M
|poke|p2|Swampert, M
|poke|p2|Florges, F
|poke|p2|Hydreigon, M
|poke|p2|Jirachi
|rule|Swagger Clause: Swagger is banned
|rule|Baton Pass Clause: Limit one PokÃ©mon knowing Baton Pass
|teampreview
|join|feng
|c| feng|mfw ez matchup
|c| feng|dont even need to ddos
|
|start
|switch|p1a: Aggron|Aggron, F|344\/344
|switch|p2a: beri isi flinch|Jirachi|341\/341
|turn|1
|
|detailschange|p1a: Aggron|Aggron-Mega, F
|message|Aggron has Mega Evolved into Mega Aggron!
|move|p2a: beri isi flinch|U-turn|p1a: Aggron
|-resisted|p1a: Aggron
|-damage|p1a: Aggron|328\/344
|
|switch|p2a: Madara prodigioso|Hydreigon, M|325\/325
|move|p1a: Aggron|Stealth Rock|p2a: Madara prodigioso
|-sidestart|p2: deluks917|move: Stealth Rock
|
|turn|2
|
|switch|p1a: Aromatisse|Aromatisse, F|406\/406
|move|p2a: Madara prodigioso|Fire Blast|p1a: Aromatisse
|-damage|p1a: Aromatisse|211\/406
|-status|p1a: Aromatisse|brn
|-damage|p2a: Madara prodigioso|293\/325|[from] item: Life Orb
|
|-heal|p1a: Aromatisse|236\/406 brn|[from] item: Leftovers
|-damage|p1a: Aromatisse|186\/406 brn|[from] brn
|turn|3
|c| feng|ez
|c|âmeowiekins|well
|
|switch|p1a: Snorlax|Snorlax, F|497\/497
|move|p2a: Madara prodigioso|Fire Blast|p1a: Snorlax
|-damage|p1a: Snorlax|432\/497
|-damage|p2a: Madara prodigioso|261\/325|[from] item: Life Orb
|
|-heal|p1a: Snorlax|463\/497|[from] item: Leftovers
|turn|4
|
|switch|p2a: Hyoga|Swampert, M|404\/404
|-damage|p2a: Hyoga|379\/404|[from] Stealth Rock
|move|p1a: Snorlax|Rest|p1a: Snorlax
|-status|p1a: Snorlax|slp
|-heal|p1a: Snorlax|497\/497 slp|[silent]
|-status|p1a: Snorlax|slp|[from] move: Rest
|
|-heal|p2a: Hyoga|404\/404|[from] item: Leftovers
|turn|5
|
|switch|p1a: Xatu|Xatu, F|333\/333
|move|p2a: Hyoga|Scald|p1a: Xatu
|-damage|p1a: Xatu|216\/333
|
|turn|6
|c| feng|wut
|c|âmeowiekins|in case
|c|âmeowiekins|superpower
|join|BurstStream
|
|move|p1a: Xatu|Toxic|p2a: Hyoga
|-status|p2a: Hyoga|tox
|move|p2a: Hyoga|Scald|p1a: Xatu
|-damage|p1a: Xatu|116\/333
|-status|p1a: Xatu|brn
|
|-damage|p1a: Xatu|75\/333 brn|[from] brn
|-damage|p2a: Hyoga|379\/404 tox|[from] psn
|turn|7
|join|SadPierrot
|
|move|p1a: Xatu|Roost|p1a: Xatu
|-heal|p1a: Xatu|242\/333 brn
|move|p2a: Hyoga|Earthquake|p1a: Xatu
|-crit|p1a: Xatu
|-damage|p1a: Xatu|73\/333 brn
|
|-heal|p2a: Hyoga|404\/404 tox|[from] item: Leftovers
|-damage|p1a: Xatu|32\/333 brn|[from] brn
|-damage|p2a: Hyoga|354\/404 tox|[from] psn
|turn|8
|c| feng|ez
|
|switch|p2a: Madara prodigioso|Hydreigon, M|261\/325
|-damage|p2a: Madara prodigioso|221\/325|[from] Stealth Rock
|move|p1a: Xatu|Roost|p1a: Xatu
|-heal|p1a: Xatu|199\/333 brn
|
|-damage|p1a: Xatu|158\/333 brn|[from] brn
|turn|9
|
|switch|p1a: Snorlax|Snorlax, F|497\/497 slp
|move|p2a: Madara prodigioso|Dark Pulse|p1a: Snorlax
|-damage|p1a: Snorlax|359\/497 slp
|-damage|p2a: Madara prodigioso|189\/325|[from] item: Life Orb
|
|-heal|p1a: Snorlax|390\/497 slp|[from] item: Leftovers
|turn|10
|
|move|p2a: Madara prodigioso|Superpower|p1a: Snorlax
|-supereffective|p1a: Snorlax
|-damage|p1a: Snorlax|114\/497 slp
|-unboost|p2a: Madara prodigioso|atk|1
|-unboost|p2a: Madara prodigioso|def|1
|-damage|p2a: Madara prodigioso|157\/325|[from] item: Life Orb
|cant|p1a: Snorlax|slp
|move|p1a: Snorlax|Sleep Talk|p1a: Snorlax
|move|p1a: Snorlax|Curse|p1a: Snorlax|[from]Sleep Talk
|-boost|p1a: Snorlax|atk|1
|-boost|p1a: Snorlax|def|1
|-unboost|p1a: Snorlax|spe|1
|
|-heal|p1a: Snorlax|145\/497 slp|[from] item: Leftovers
|turn|11
|
|switch|p1a: _(ã)_\/Â¯|Shedinja|1\/1
|move|p2a: Madara prodigioso|Dark Pulse|p1a: _(ã)_\/Â¯
|-supereffective|p1a: _(ã)_\/Â¯
|-enditem|p1a: _(ã)_\/Â¯|Focus Sash
|-damage|p1a: _(ã)_\/Â¯|1\/1
|-damage|p2a: Madara prodigioso|125\/325|[from] item: Life Orb
|
|turn|12
|c|âmeowiekins|wtf
|c| feng|getting
|c| feng|rekt
|c| BurstStream|Yoh
|c| BurstStream|IMST team op
|
|switch|p1a: Xatu|Xatu, F|158\/333 brn
|move|p2a: Madara prodigioso|Dark Pulse|p1a: Xatu
|-supereffective|p1a: Xatu
|-damage|p1a: Xatu|0 fnt
|-damage|p2a: Madara prodigioso|93\/325|[from] item: Life Orb
|faint|p1a: Xatu
|
|
|switch|p1a: Aggron|Aggron-Mega, F|328\/344
|turn|13
|
|move|p2a: Madara prodigioso|Fire Blast|p1a: Aggron
|-supereffective|p1a: Aggron
|-damage|p1a: Aggron|135\/344
|-damage|p2a: Madara prodigioso|61\/325|[from] item: Life Orb
|move|p1a: Aggron|Heavy Slam|p2a: Madara prodigioso
|-damage|p2a: Madara prodigioso|0 fnt
|faint|p2a: Madara prodigioso
|
|
|switch|p2a: Hyoga|Swampert, M|354\/404 tox
|-damage|p2a: Hyoga|329\/404 tox|[from] Stealth Rock
|turn|14
|join|oat meal slayer
|
|switch|p1a: Tentacruel|Tentacruel, F|364\/364
|move|p2a: Hyoga|Stealth Rock|p1a: Tentacruel
|-sidestart|p1: meowiekins|move: Stealth Rock
|
|-heal|p2a: Hyoga|354\/404 tox|[from] item: Leftovers
|-damage|p2a: Hyoga|329\/404 tox|[from] psn
|turn|15
|
|move|p1a: Tentacruel|Rapid Spin|p2a: Hyoga
|-damage|p2a: Hyoga|321\/404 tox
|-sideend|p1: meowiekins|Stealth Rock|[from] move: Rapid Spin|[of] p1a: Tentacruel
|move|p2a: Hyoga|Earthquake|p1a: Tentacruel
|-supereffective|p1a: Tentacruel
|-damage|p1a: Tentacruel|100\/364
|
|-heal|p1a: Tentacruel|122\/364|[from] item: Black Sludge
|-heal|p2a: Hyoga|346\/404 tox|[from] item: Leftovers
|-damage|p2a: Hyoga|296\/404 tox|[from] psn
|turn|16
|
|switch|p2a: Alastor Law|Florges, F|359\/359
|-damage|p2a: Alastor Law|315\/359|[from] Stealth Rock
|move|p1a: Tentacruel|Scald|p2a: Alastor Law
|-damage|p2a: Alastor Law|263\/359
|-status|p2a: Alastor Law|brn
|
|-heal|p1a: Tentacruel|144\/364|[from] item: Black Sludge
|-heal|p2a: Alastor Law|285\/359 brn|[from] item: Leftovers
|-damage|p2a: Alastor Law|241\/359 brn|[from] brn
|turn|17
|
|switch|p1a: Aggron|Aggron-Mega, F|135\/344
|move|p2a: Alastor Law|Aromatherapy|p2a: Alastor Law
|-cureteam|p2a: Alastor Law|[from] move: Aromatherapy
|
|-heal|p2a: Alastor Law|263\/359|[from] item: Leftovers
|turn|18
|
|move|p2a: Alastor Law|Protect|p2a: Alastor Law
|-singleturn|p2a: Alastor Law|Protect
|move|p1a: Aggron|Earthquake|p2a: Alastor Law
|-activate|p2a: Alastor Law|Protect
|
|-heal|p2a: Alastor Law|285\/359|[from] item: Leftovers
|turn|19
|
|move|p2a: Alastor Law|Wish|p2a: Alastor Law
|move|p1a: Aggron|Roar|p2a: Alastor Law
|drag|p2a: beri isi flinch|Jirachi|341\/341
|-damage|p2a: beri isi flinch|320\/341|[from] Stealth Rock
|
|turn|20
|
|move|p2a: beri isi flinch|U-turn|p1a: Aggron
|-resisted|p1a: Aggron
|-damage|p1a: Aggron|118\/344
|
|switch|p2a: Noctur|Zygarde|404\/404
|-damage|p2a: Noctur|379\/404|[from] Stealth Rock
|-ability|p2a: Noctur|Aura Break
|move|p1a: Aggron|Roar|p2a: Noctur
|drag|p2a: Axel|Roserade, M|323\/323
|-damage|p2a: Axel|283\/323|[from] Stealth Rock
|
|-heal|p2a: Axel|323\/323|[from] move: Wish|[wisher] Alastor Law
|turn|21
|
|move|p2a: Axel|Spikes|p1a: Aggron
|-sidestart|p1: meowiekins|Spikes
|move|p1a: Aggron|Heavy Slam|p2a: Axel
|-damage|p2a: Axel|32\/323
|
|-heal|p2a: Axel|52\/323|[from] item: Black Sludge
|turn|22
|
|move|p2a: Axel|Hidden Power|p1a: Aggron
|-supereffective|p1a: Aggron
|-damage|p1a: Aggron|40\/344
|move|p1a: Aggron|Earthquake|p2a: Axel
|-damage|p2a: Axel|0 fnt
|faint|p2a: Axel
|
|
|switch|p2a: Noctur|Zygarde|379\/404
|-damage|p2a: Noctur|354\/404|[from] Stealth Rock
|-ability|p2a: Noctur|Aura Break
|turn|23
|
|move|p2a: Noctur|Earthquake|p1a: Aggron
|-supereffective|p1a: Aggron
|-damage|p1a: Aggron|0 fnt
|faint|p1a: Aggron
|
|-heal|p2a: Noctur|379\/404|[from] item: Leftovers
|
|switch|p1a: Tentacruel|Tentacruel, F|144\/364
|-damage|p1a: Tentacruel|99\/364|[from] Spikes
|turn|24
|
|move|p2a: Noctur|Earthquake|p1a: Tentacruel
|-supereffective|p1a: Tentacruel
|-damage|p1a: Tentacruel|0 fnt
|faint|p1a: Tentacruel
|
|-heal|p2a: Noctur|404\/404|[from] item: Leftovers
|
|switch|p1a: Aromatisse|Aromatisse, F|186\/406 brn
|-damage|p1a: Aromatisse|136\/406 brn|[from] Spikes
|turn|25
|c| feng|rip
|
|switch|p2a: beri isi flinch|Jirachi|320\/341
|-damage|p2a: beri isi flinch|299\/341|[from] Stealth Rock
|move|p1a: Aromatisse|Aromatherapy|p1a: Aromatisse
|-cureteam|p1a: Aromatisse|[from] move: Aromatherapy
|
|-heal|p1a: Aromatisse|161\/406|[from] item: Leftovers
|turn|26
|
|move|p1a: Aromatisse|Protect|p1a: Aromatisse
|-singleturn|p1a: Aromatisse|Protect
|move|p2a: beri isi flinch|Iron Head|p1a: Aromatisse
|-activate|p1a: Aromatisse|Protect
|
|-heal|p1a: Aromatisse|186\/406|[from] item: Leftovers
|turn|27
|
|move|p1a: Aromatisse|Protect|p1a: Aromatisse
|-fail|p1a: Aromatisse
|move|p2a: beri isi flinch|Iron Head|p1a: Aromatisse
|-supereffective|p1a: Aromatisse
|-damage|p1a: Aromatisse|0 fnt
|faint|p1a: Aromatisse
|
|
|switch|p1a: Snorlax|Snorlax, F|145\/497
|-damage|p1a: Snorlax|83\/497|[from] Spikes
|turn|28
|
|move|p2a: beri isi flinch|Iron Head|p1a: Snorlax
|-damage|p1a: Snorlax|0 fnt
|faint|p1a: Snorlax
|
|
|switch|p1a: _(ã)_\/Â¯|Shedinja|1\/1
|-damage|p1a: _(ã)_\/Â¯|0 fnt|[from] Spikes
|faint|p1a: _(ã)_\/Â¯
|
|win|deluks917
|raw|Ladder updating...
|raw|meowiekins's rating: 1675 &rarr; <strong>1642<\/strong><br \/>(-33 for losing)
|raw|deluks917's rating: 1396 &rarr; <strong>1430<\/strong><br \/>(+34 for winning)
|c|âmeowiekins|fucking lol
|c|âmeowiekins|zzz
|leave|meowiekins
|player|p1
|c|âdeluks917|sorry
|c| feng|rip
|c| feng|i
|leave|oat meal slayer
|leave|SadPierrot
|c| feng|p
|c|âdeluks917|to be fair unwinnable mu
|c|âdeluks917|sans luck
|c|âdeluks917|had to try