|join|meowiekins
|join|Swagilyph
|player|p1|meowiekins|160
|player|p2|Swagilyph|188
|gametype|singles
|gen|6
|tier|UU
|rule|Sleep Clause Mod: Limit one foe put to sleep
|rule|Species Clause: Limit one of each PokÃ©mon
|rule|OHKO Clause: OHKO moves are banned
|rule|Moody Clause: Moody is banned
|rule|Evasion Moves Clause: Evasion moves are banned
|rule|Endless Battle Clause: Forcing endless battles is banned
|rule|HP Percentage Mod: HP is shown in percentages
|clearpoke
|poke|p1|Mienshao, F
|poke|p1|Machamp, F
|poke|p1|Lucario, F
|poke|p1|Froslass, F
|poke|p1|Aerodactyl, M
|poke|p1|Swampert, M
|poke|p2|Zygarde
|poke|p2|Roserade, M
|poke|p2|Darmanitan, F
|poke|p2|Gligar, M
|poke|p2|Blastoise, M
|poke|p2|Jirachi
|rule|Swagger Clause: Swagger is banned
|rule|Baton Pass Clause: Limit one PokÃ©mon knowing Baton Pass
|teampreview
|c|âmeowiekins|o.o dmteam
|c|âSwagilyph|ye
|join|Treozucic
|c|âmeowiekins|glhf ;]
|join|Tipsy Russian
|c|âSwagilyph|im bad to I just take tylers teams
|c|âmeowiekins|lol
|
|start
|switch|p1a: Hazards|Froslass, F|344\/344
|switch|p2a: I wnt mega|Blastoise, M|322\/322
|turn|1
|join|MegaDonphan_UU
|
|switch|p1a: Fighting #2|Machamp, F|384\/384
|detailschange|p2a: I wnt mega|Blastoise-Mega, M
|message|Blastoise has Mega Evolved into Mega Blastoise!
|move|p2a: I wnt mega|Dark Pulse|p1a: Fighting #2
|-crit|p1a: Fighting #2
|-resisted|p1a: Fighting #2
|-damage|p1a: Fighting #2|286\/384
|
|turn|2
|
|move|p2a: I wnt mega|Scald|p1a: Fighting #2
|-damage|p1a: Fighting #2|154\/384
|-status|p1a: Fighting #2|brn
|move|p1a: Fighting #2|Knock Off|p2a: I wnt mega
|-damage|p2a: I wnt mega|215\/322
|
|-damage|p1a: Fighting #2|106\/384 brn|[from] brn
|turn|3
|c| Treozucic|...
|
|move|p2a: I wnt mega|Scald|p1a: Fighting #2
|-damage|p1a: Fighting #2|0 fnt
|faint|p1a: Fighting #2
|
|c|âSwagilyph|what and switch into glig and get knocked off? no
|
|switch|p1a: Glue|Swampert, M|404\/404
|turn|4
|
|move|p2a: I wnt mega|Scald|p1a: Glue
|-damage|p1a: Glue|236\/404
|move|p1a: Glue|Earthquake|p2a: I wnt mega
|-damage|p2a: I wnt mega|98\/322
|
|-heal|p1a: Glue|261\/404|[from] item: Leftovers
|turn|5
|
|move|p2a: I wnt mega|Scald|p1a: Glue
|-damage|p1a: Glue|81\/404
|move|p1a: Glue|Earthquake|p2a: I wnt mega
|-damage|p2a: I wnt mega|0 fnt
|faint|p2a: I wnt mega
|
|-heal|p1a: Glue|106\/404|[from] item: Leftovers
|
|switch|p2a: "RESIST"|Darmanitan, F|351\/351
|turn|6
|
|move|p2a: "RESIST"|Flare Blitz|p1a: Glue
|-resisted|p1a: Glue
|-damage|p1a: Glue|0 fnt
|-damage|p2a: "RESIST"|316\/351|[from] recoil|[of] p1a: Glue
|faint|p1a: Glue
|
|
|switch|p1a: Hazards|Froslass, F|344\/344
|turn|7
|
|switch|p2a: not hax|Jirachi|341\/341
|move|p1a: Hazards|Spikes|p2a: not hax
|-sidestart|p2: Swagilyph|Spikes
|
|turn|8
|
|move|p2a: not hax|Iron Head|p1a: Hazards
|-supereffective|p1a: Hazards
|-damage|p1a: Hazards|24\/344
|-start|p2a: not hax|Disable|Iron Head
|move|p1a: Hazards|Icy Wind|p2a: not hax
|-resisted|p2a: not hax
|-damage|p2a: not hax|313\/341
|-unboost|p2a: not hax|spe|1
|
|turn|9
|c|âmeowiekins|o.o
|join|ghostbear
|c|âSwagilyph|and it all comes crashing down
|c| Treozucic|Lol, ko it with struggle
|c| MegaDonphan_UU|lol Treoz
|join|Over Under Used
|c| Over Under Used|No! Meowie-Sensei!
|
|move|p1a: Hazards|Spikes|p2a: not hax
|-sidestart|p2: Swagilyph|Spikes
|-activate|p2a: not hax|move: Struggle
|move|p2a: not hax|Struggle|p1a: Hazards
|-damage|p1a: Hazards|0 fnt
|-damage|p2a: not hax|228\/341
|faint|p1a: Hazards
|
|c| Treozucic|:P
|
|switch|p1a: Fighting #3|Lucario, F|281\/281
|turn|10
|c| Over Under Used|:O
|c|âSwagilyph|thats entirely irritating and just lost me the game im sure
|c|âmeowiekins|n
|c| Treozucic|E quake?
|c|âmeowiekins|im eq luc
|c|âmeowiekins|not ice punch
|
|switch|p2a: Lil Bub|Gligar, M|334\/334
|switch|p1a: Aerodactyl|Aerodactyl, M|343\/343
|-ability|p1a: Aerodactyl|Pressure
|
|turn|11
|c| Over Under Used|Try anyway
|c| Over Under Used|awww
|c| Treozucic|Welp
|
|detailschange|p1a: Aerodactyl|Aerodactyl-Mega, M
|message|Aerodactyl has Mega Evolved into Mega Aerodactyl!
|move|p1a: Aerodactyl|Aqua Tail|p2a: Lil Bub
|-supereffective|p2a: Lil Bub
|-damage|p2a: Lil Bub|174\/334
|move|p2a: Lil Bub|Stealth Rock|p1a: Aerodactyl
|-sidestart|p1: meowiekins|move: Stealth Rock
|
|turn|12
|c| Treozucic|Nice and eviolite
|
|move|p1a: Aerodactyl|Taunt|p2a: Lil Bub
|-start|p2a: Lil Bub|move: Taunt
|cant|p2a: Lil Bub|move: Taunt|Roost
|
|turn|13
|c| Over Under Used|:)
|c| MegaDonphan_UU|well no Roost
|
|move|p1a: Aerodactyl|Aqua Tail|p2a: Lil Bub
|-supereffective|p2a: Lil Bub
|-damage|p2a: Lil Bub|0 fnt
|faint|p2a: Lil Bub
|
|
|switch|p2a: not hax|Jirachi|228\/341
|-damage|p2a: not hax|172\/341|[from] Spikes
|turn|14
|join|I<3Magikarp
|
|move|p2a: not hax|Iron Head|p1a: Aerodactyl
|-supereffective|p1a: Aerodactyl
|-damage|p1a: Aerodactyl|71\/343
|move|p1a: Aerodactyl|Aqua Tail|p2a: not hax
|-crit|p2a: not hax
|-damage|p2a: not hax|0 fnt
|faint|p2a: not hax
|
|join|TheDarkDeceiver
|c|âmeowiekins|wow
|c|âSwagilyph|this game
|join|CuddlehAF
|c| MegaDonphan_UU|Crit
|leave|TheDarkDeceiver
|c|âSwagilyph|is a fucking joke
|
|switch|p2a: "BALANCED"|Zygarde|404\/404
|-damage|p2a: "BALANCED"|337\/404|[from] Spikes
|-ability|p2a: "BALANCED"|Aura Break
|turn|15
|c| Over Under Used|^
|
|move|p1a: Aerodactyl|Taunt|p2a: "BALANCED"
|-start|p2a: "BALANCED"|move: Taunt
|move|p2a: "BALANCED"|Dragon Tail|p1a: Aerodactyl
|-damage|p1a: Aerodactyl|0 fnt
|faint|p1a: Aerodactyl
|
|-heal|p2a: "BALANCED"|362\/404|[from] item: Leftovers
|
|switch|p1a: Fighting #1|Mienshao, F|271\/271
|-damage|p1a: Fighting #1|255\/271|[from] Stealth Rock
|turn|16
|c| MegaDonphan_UU|Well No setting up
|
|move|p1a: Fighting #1|High Jump Kick|p2a: "BALANCED"
|-damage|p2a: "BALANCED"|124\/404
|move|p2a: "BALANCED"|Earthquake|p1a: Fighting #1
|-damage|p1a: Fighting #1|74\/271
|
|-heal|p2a: "BALANCED"|149\/404|[from] item: Leftovers
|turn|17
|c| Over Under Used|the miss could be so real
|
|move|p1a: Fighting #1|High Jump Kick|p2a: "BALANCED"
|-damage|p2a: "BALANCED"|0 fnt
|faint|p2a: "BALANCED"
|
|c| Treozucic|Nice and 2hko
|c| Over Under Used|nvm
|
|switch|p2a: I just want hands|Roserade, M|324\/324
|-damage|p2a: I just want hands|270\/324|[from] Spikes
|turn|18
|
|move|p1a: Fighting #1|High Jump Kick|p2a: I just want hands|[miss]
|-miss|p1a: Fighting #1|p2a: I just want hands
|-damage|p1a: Fighting #1|0 fnt|[from] highjumpkick
|faint|p1a: Fighting #1
|move|p2a: I just want hands|Sleep Powder|p1: Fighting #1|[notarget]
|-notarget
|
|-heal|p2a: I just want hands|290\/324|[from] item: Black Sludge
|c| Treozucic|Ha
|
|switch|p1a: Fighting #3|Lucario, F|281\/281
|-damage|p1a: Fighting #3|273\/281|[from] Stealth Rock
|turn|19
|c| MegaDonphan_UU|Sleep Powder ewww
|c| Over Under Used|Damn, I Jinxed it
|c| Treozucic|Darm survives an e speed
|
|move|p1a: Fighting #3|Swords Dance|p1a: Fighting #3
|-boost|p1a: Fighting #3|atk|2
|move|p2a: I just want hands|Sleep Powder|p1a: Fighting #3
|-status|p1a: Fighting #3|slp
|
|-heal|p2a: I just want hands|310\/324|[from] item: Black Sludge
|turn|20
|c| Over Under Used|+2 espeed
|
|switch|p2a: "RESIST"|Darmanitan, F|316\/351
|-damage|p2a: "RESIST"|258\/351|[from] Spikes
|cant|p1a: Fighting #3|slp
|
|turn|21
|c|âmeowiekins|need wake
|c| Over Under Used|and thats game
|c| Treozucic|Not sure about that
|c|âmeowiekins|wake here
|
|cant|p1a: Fighting #3|slp
|move|p2a: "RESIST"|Flare Blitz|p1a: Fighting #3
|-supereffective|p1a: Fighting #3
|-damage|p1a: Fighting #3|0 fnt
|-damage|p2a: "RESIST"|168\/351|[from] recoil|[of] p1a: Fighting #3
|faint|p1a: Fighting #3
|
|win|Swagilyph
|c|âmeowiekins|gg
|c| MegaDonphan_UU|well thats not good
|c| Treozucic|gg
|c| Over Under Used|gg
|c|âSwagilyph|gg
|leave|Treozucic
|leave|Over Under Used