|join|Meowiekins
|join|King UU
|player|p1|Meowiekins|160
|player|p2|King UU|22
|gametype|singles
|gen|6
|tier|UU
|rated
|rule|Sleep Clause Mod: Limit one foe put to sleep
|rule|Species Clause: Limit one of each PokÃ©mon
|rule|OHKO Clause: OHKO moves are banned
|rule|Moody Clause: Moody is banned
|rule|Evasion Moves Clause: Evasion moves are banned
|rule|Endless Battle Clause: Forcing endless battles is banned
|rule|HP Percentage Mod: HP is shown in percentages
|clearpoke
|poke|p1|Mienshao, F
|poke|p1|Machamp, M
|poke|p1|Lucario, M
|poke|p1|Froslass, F
|poke|p1|Aerodactyl, F
|poke|p1|Swampert, M
|poke|p2|Darmanitan, M
|poke|p2|Ampharos, M
|poke|p2|Forretress, F
|poke|p2|Swampert, F
|poke|p2|Umbreon, M
|poke|p2|Crobat, F
|rule|Swagger Clause: Swagger is banned
|rule|Baton Pass Clause: Limit one PokÃ©mon knowing Baton Pass
|teampreview
|c|âMeowiekins|hi
|c|âKing UU|HI
|c|âMeowiekins|bringing back a classic
|c|âMeowiekins|i see
|
|start
|switch|p1a: Froslass|Froslass, F|344\/344
|switch|p2a: Ampharos|Ampharos, M|374\/374
|turn|1
|join|BIG SCHLONG MCDONG
|
|detailschange|p2a: Ampharos|Ampharos-Mega, M
|message|Ampharos has Mega Evolved into Mega Ampharos!
|-ability|p2a: Ampharos|Mold Breaker
|move|p1a: Froslass|Spikes|p2a: Ampharos
|-sidestart|p2: King UU|Spikes
|move|p2a: Ampharos|Volt Switch|p1a: Froslass
|-damage|p1a: Froslass|109\/344
|
|switch|p2a: Crobat|Crobat, F|331\/331
|
|turn|2
|
|switch|p1a: Aerodactyl|Aerodactyl, F|343\/343
|-ability|p1a: Aerodactyl|Pressure
|move|p2a: Crobat|Brave Bird|p1a: Aerodactyl
|-resisted|p1a: Aerodactyl
|-damage|p1a: Aerodactyl|206\/343
|-damage|p2a: Crobat|286\/331|[from] recoil|[of] p1a: Aerodactyl
|
|turn|3
|
|detailschange|p1a: Aerodactyl|Aerodactyl-Mega, F
|message|Aerodactyl has Mega Evolved into Mega Aerodactyl!
|move|p1a: Aerodactyl|Pursuit|p2a: Crobat|[from]Pursuit
|-damage|p2a: Crobat|124\/331
|switch|p2a: Swampert|Swampert, F|404\/404
|-damage|p2a: Swampert|354\/404|[from] Spikes
|
|-heal|p2a: Swampert|379\/404|[from] item: Leftovers
|turn|4
|join|trevor ellis
|
|move|p1a: Aerodactyl|Taunt|p2a: Swampert
|-start|p2a: Swampert|move: Taunt
|cant|p2a: Swampert|move: Taunt|Stealth Rock
|
|-heal|p2a: Swampert|404\/404|[from] item: Leftovers
|turn|5
|
|switch|p1a: Swampert|Swampert, M|404\/404
|move|p2a: Swampert|Scald|p1a: Swampert
|-crit|p1a: Swampert
|-damage|p1a: Swampert|257\/404
|
|-heal|p1a: Swampert|282\/404|[from] item: Leftovers
|turn|6
|
|move|p2a: Swampert|Scald|p1a: Swampert
|-crit|p1a: Swampert
|-damage|p1a: Swampert|138\/404
|move|p1a: Swampert|Stealth Rock|p2a: Swampert
|-sidestart|p2: King UU|move: Stealth Rock
|
|-heal|p1a: Swampert|163\/404|[from] item: Leftovers
|-end|p2a: Swampert|move: Taunt
|turn|7
|
|move|p2a: Swampert|Stealth Rock|p1a: Swampert
|-sidestart|p1: Meowiekins|move: Stealth Rock
|move|p1a: Swampert|Scald|p2a: Swampert
|-damage|p2a: Swampert|316\/404
|
|-heal|p2a: Swampert|341\/404|[from] item: Leftovers
|-heal|p1a: Swampert|188\/404|[from] item: Leftovers
|turn|8
|
|move|p2a: Swampert|Scald|p1a: Swampert
|-damage|p1a: Swampert|98\/404
|-status|p1a: Swampert|brn
|move|p1a: Swampert|Scald|p2a: Swampert
|-damage|p2a: Swampert|217\/404
|-status|p2a: Swampert|brn
|
|-heal|p2a: Swampert|242\/404 brn|[from] item: Leftovers
|-heal|p1a: Swampert|123\/404 brn|[from] item: Leftovers
|-damage|p2a: Swampert|192\/404 brn|[from] brn
|-damage|p1a: Swampert|73\/404 brn|[from] brn
|turn|9
|
|move|p2a: Swampert|Scald|p1a: Swampert
|-damage|p1a: Swampert|0 fnt
|faint|p1a: Swampert
|
|-heal|p2a: Swampert|217\/404 brn|[from] item: Leftovers
|-damage|p2a: Swampert|167\/404 brn|[from] brn
|
|switch|p1a: Machamp|Machamp, M|384\/384
|-damage|p1a: Machamp|360\/384|[from] Stealth Rock
|turn|10
|
|move|p1a: Machamp|Close Combat|p2a: Swampert
|-damage|p2a: Swampert|0 fnt
|-unboost|p1a: Machamp|def|1
|-unboost|p1a: Machamp|spd|1
|faint|p2a: Swampert
|
|
|switch|p2a: Forretress|Forretress, F|354\/354
|-damage|p2a: Forretress|310\/354|[from] Spikes
|-damage|p2a: Forretress|266\/354|[from] Stealth Rock
|turn|11
|
|switch|p1a: Froslass|Froslass, F|109\/344
|-damage|p1a: Froslass|23\/344|[from] Stealth Rock
|move|p2a: Forretress|Spikes|p1a: Froslass
|-sidestart|p1: Meowiekins|Spikes
|
|-heal|p2a: Forretress|288\/354|[from] item: Leftovers
|turn|12
|
|move|p1a: Froslass|Destiny Bond|p1a: Froslass
|-singlemove|p1a: Froslass|Destiny Bond
|move|p2a: Forretress|Volt Switch|p1a: Froslass
|-damage|p1a: Froslass|0 fnt
|-start|p2a: Forretress|Disable|Volt Switch
|faint|p1a: Froslass
|-activate|p1a: Froslass|Destiny Bond
|faint|p2a: Forretress
|
|
|switch|p2a: Crobat|Crobat, F|124\/331
|-damage|p2a: Crobat|42\/331|[from] Stealth Rock
|switch|p1a: Machamp|Machamp, M|360\/384
|-damage|p1a: Machamp|336\/384|[from] Stealth Rock
|-damage|p1a: Machamp|288\/384|[from] Spikes
|turn|13
|
|move|p1a: Machamp|Bullet Punch|p2a: Crobat
|-damage|p2a: Crobat|0 fnt
|faint|p2a: Crobat
|
|
|switch|p2a: Ampharos|Ampharos-Mega, M|374\/374
|-damage|p2a: Ampharos|328\/374|[from] Stealth Rock
|-damage|p2a: Ampharos|282\/374|[from] Spikes
|-ability|p2a: Ampharos|Mold Breaker
|turn|14
|
|move|p1a: Machamp|Close Combat|p2a: Ampharos
|-damage|p2a: Ampharos|41\/374
|-unboost|p1a: Machamp|def|1
|-unboost|p1a: Machamp|spd|1
|move|p2a: Ampharos|Thunderbolt|p1a: Machamp
|-damage|p1a: Machamp|68\/384
|
|turn|15
|
|move|p1a: Machamp|Knock Off|p2a: Ampharos
|-crit|p2a: Ampharos
|-damage|p2a: Ampharos|0 fnt
|faint|p2a: Ampharos
|
|c|âKing UU|ah right
|c|âKing UU|av
|
|switch|p2a: Darmanitan|Darmanitan, M|351\/351
|-damage|p2a: Darmanitan|264\/351|[from] Stealth Rock
|-damage|p2a: Darmanitan|221\/351|[from] Spikes
|turn|16
|c|âMeowiekins|ye
|
|move|p1a: Machamp|Bullet Punch|p2a: Darmanitan
|-resisted|p2a: Darmanitan
|-damage|p2a: Darmanitan|176\/351
|move|p2a: Darmanitan|Flare Blitz|p1a: Machamp
|-damage|p1a: Machamp|0 fnt
|-damage|p2a: Darmanitan|154\/351|[from] recoil|[of] p1a: Machamp
|faint|p1a: Machamp
|
|
|switch|p1a: Aerodactyl|Aerodactyl-Mega, F|206\/343
|-damage|p1a: Aerodactyl|121\/343|[from] Stealth Rock
|turn|17
|
|move|p1a: Aerodactyl|Aqua Tail|p2a: Darmanitan
|-supereffective|p2a: Darmanitan
|-damage|p2a: Darmanitan|0 fnt
|faint|p2a: Darmanitan
|
|
|switch|p2a: Umbreon|Umbreon, M|394\/394
|-damage|p2a: Umbreon|345\/394|[from] Spikes
|-damage|p2a: Umbreon|296\/394|[from] Stealth Rock
|turn|18
|c|âMeowiekins|gg m8
|
|move|p1a: Aerodactyl|Taunt|p2a: Umbreon
|-start|p2a: Umbreon|move: Taunt
|cant|p2a: Umbreon|move: Taunt|Wish
|
|-heal|p2a: Umbreon|320\/394|[from] item: Leftovers
|turn|19
|
|move|p1a: Aerodactyl|Stone Edge|p2a: Umbreon
|-damage|p2a: Umbreon|158\/394
|move|p2a: Umbreon|Foul Play|p1a: Aerodactyl
|-damage|p1a: Aerodactyl|0 fnt
|faint|p1a: Aerodactyl
|
|-heal|p2a: Umbreon|182\/394|[from] item: Leftovers
|c|âKing UU|gg
|
|switch|p1a: Lucario|Lucario, M|281\/281
|-damage|p1a: Lucario|273\/281|[from] Stealth Rock
|-damage|p1a: Lucario|238\/281|[from] Spikes
|turn|20
|
|move|p1a: Lucario|Close Combat|p2a: Umbreon
|-supereffective|p2a: Umbreon
|-damage|p2a: Umbreon|0 fnt
|-unboost|p1a: Lucario|def|1
|-unboost|p1a: Lucario|spd|1
|-damage|p1a: Lucario|210\/281|[from] item: Life Orb
|faint|p2a: Umbreon
|
|win|Meowiekins
|raw|Ladder updating...
|leave|King UU
|player|p2
|raw|Meowiekins's rating: 1691 &rarr; <strong>1704<\/strong><br \/>(+13 for winning)
|raw|King UU's rating: 1573 &rarr; <strong>1560<\/strong><br \/>(-13 for losing)