|join|King UU
|join|meowiekins
|join|ThisIsIllogical
|join|Eppy
|player|p1|King UU|22
|player|p2|meowiekins|160
|gametype|singles
|gen|6
|tier|UU
|rule|Sleep Clause Mod: Limit one foe put to sleep
|rule|Species Clause: Limit one of each PokÃ©mon
|rule|OHKO Clause: OHKO moves are banned
|rule|Moody Clause: Moody is banned
|rule|Evasion Moves Clause: Evasion moves are banned
|rule|Endless Battle Clause: Forcing endless battles is banned
|rule|HP Percentage Mod: HP is shown in percentages
|clearpoke
|poke|p1|Alakazam, F
|poke|p1|Crobat, M
|poke|p1|Vaporeon, F
|poke|p1|Zygarde
|poke|p1|Infernape, F
|poke|p1|Whimsicott, M
|poke|p2|Crobat, M
|poke|p2|Raikou
|poke|p2|Swampert, M
|poke|p2|Celebi
|poke|p2|Jirachi
|poke|p2|Machamp, M
|rule|Swagger Clause: Swagger is banned
|rule|Baton Pass Clause: Limit one PokÃ©mon knowing Baton Pass
|teampreview
|join|Munkin
|join|Focus Sash Florges
|c|âmeowiekins|gl buddy
|c|âKing UU|You too
|join|senegal
|
|start
|switch|p1a: Infernape|Infernape, F|293\/293
|switch|p2a: Crobat|Crobat, M|363\/363
|turn|1
|
|move|p2a: Crobat|Brave Bird|p1a: Infernape
|-supereffective|p1a: Infernape
|-enditem|p1a: Infernape|Focus Sash
|-damage|p1a: Infernape|1\/293
|-damage|p2a: Crobat|267\/363|[from] recoil|[of] p1a: Infernape
|move|p1a: Infernape|Fire Blast|p2a: Crobat
|-crit|p2a: Crobat
|-damage|p2a: Crobat|0 fnt
|faint|p2a: Crobat
|
|c| ThisIsIllogical|~~i almost said you too thinking it was my game~~
|join|Oregon Ducks
|
|switch|p2a: Jirachi|Jirachi|341\/341
|turn|2
|join|MrPir8Brd
|join|BurstStream
|
|switch|p1a: Whimsicott|Whimsicott, M|324\/324
|move|p2a: Jirachi|U-turn|p1a: Whimsicott
|-damage|p1a: Whimsicott|260\/324
|join|LessThanThreeMan
|
|switch|p2a: Machamp|Machamp, M|322\/322
|
|-heal|p1a: Whimsicott|280\/324|[from] item: Leftovers
|turn|3
|
|move|p1a: Whimsicott|Leech Seed|p2a: Machamp
|-start|p2a: Machamp|move: Leech Seed
|move|p2a: Machamp|Ice Punch|p1a: Whimsicott
|-supereffective|p1a: Whimsicott
|-damage|p1a: Whimsicott|0 fnt
|faint|p1a: Whimsicott
|
|join|epic4eternity
|
|switch|p1a: Infernape|Infernape, F|1\/293
|turn|4
|
|move|p1a: Infernape|Endeavor|p2a: Machamp
|-damage|p2a: Machamp|1\/322
|move|p2a: Machamp|Ice Punch|p1a: Infernape
|-resisted|p1a: Infernape
|-damage|p1a: Infernape|0 fnt
|faint|p1a: Infernape
|
|
|switch|p1a: Crobat|Crobat, M|331\/331
|turn|5
|
|switch|p2a: Jirachi|Jirachi|341\/341
|move|p1a: Crobat|U-turn|p2a: Jirachi
|-crit|p2a: Jirachi
|-damage|p2a: Jirachi|249\/341
|
|switch|p1a: Zygarde|Zygarde|404\/404
|-ability|p1a: Zygarde|Aura Break
|
|turn|6
|join|Mike Hunts
|
|move|p2a: Jirachi|U-turn|p1a: Zygarde
|-damage|p1a: Zygarde|348\/404
|leave|MrPir8Brd
|
|switch|p2a: Celebi|Celebi|341\/341
|move|p1a: Zygarde|Dragon Dance|p1a: Zygarde
|-boost|p1a: Zygarde|atk|1
|-boost|p1a: Zygarde|spe|1
|
|turn|7
|
|move|p1a: Zygarde|Dragon Dance|p1a: Zygarde
|-boost|p1a: Zygarde|atk|1
|-boost|p1a: Zygarde|spe|1
|move|p2a: Celebi|Seed Bomb|p1a: Zygarde
|-damage|p1a: Zygarde|261\/404
|
|turn|8
|join|Her Vivid Memories
|c|âmeowiekins|tht does nothing
|c|âmeowiekins|oml
|
|move|p1a: Zygarde|Outrage|p2a: Celebi
|-damage|p2a: Celebi|0 fnt
|faint|p2a: Celebi
|
|c| Watfor|zyggy is not broken confirmed :^]
|c| Focus Sash Florges|it's not going to significanty dent ur team or anything either
|c| Focus Sash Florges|not broken
|c|âKing UU|What're you saying
|c|âKing UU|lol
|
|switch|p2a: Swampert|Swampert, M|404\/404
|turn|9
|c|âKing UU|Zyggy is pretty broken
|
|move|p1a: Zygarde|Outrage|p2a: Swampert
|-damage|p2a: Swampert|124\/404
|move|p2a: Swampert|Roar|p1a: Zygarde
|drag|p1a: Crobat|Crobat, M|331\/331
|
|-heal|p2a: Swampert|149\/404|[from] item: Leftovers
|turn|10
|join|UniterFlash
|c| Focus Sash Florges|why can't we get rid of it then lol
|c| LessThanThreeMan|nice beam :^
|c|âKing UU|Cause we're not doing tier shifts until after new year hype
|
|move|p1a: Crobat|U-turn|p2a: Swampert
|-damage|p2a: Swampert|103\/404
|
|switch|p1a: Alakazam|Alakazam, F|251\/251
|move|p2a: Swampert|Stealth Rock|p1a: Alakazam
|-sidestart|p1: King UU|move: Stealth Rock
|
|-heal|p2a: Swampert|128\/404|[from] item: Leftovers
|turn|11
|c| Focus Sash Florges|:o
|c| Focus Sash Florges|at least there will be some sort of motion to get rid of it tho
|
|detailschange|p1a: Alakazam|Alakazam-Mega, F
|-mega|p1a: Alakazam|Alakazam|Alakazite
|-ability|p1a: Alakazam|Torrent|[from] ability: Trace|[of] p2a: Swampert
|move|p1a: Alakazam|Shadow Ball|p2a: Swampert
|-damage|p2a: Swampert|0 fnt
|faint|p2a: Swampert
|
|
|switch|p2a: Jirachi|Jirachi|249\/341
|turn|12
|
|move|p2a: Jirachi|U-turn|p1a: Alakazam
|-supereffective|p1a: Alakazam
|-damage|p1a: Alakazam|37\/251
|join|r0ady
|
|switch|p2a: Machamp|Machamp, M|1\/322
|move|p1a: Alakazam|Shadow Ball|p2a: Machamp
|-damage|p2a: Machamp|0 fnt
|faint|p2a: Machamp
|
|c| Mike Hunts|ok meowie wtf happened
|
|switch|p2a: Jirachi|Jirachi|249\/341
|turn|13
|
|move|p2a: Jirachi|U-turn|p1a: Alakazam
|-supereffective|p1a: Alakazam
|-damage|p1a: Alakazam|0 fnt
|faint|p1a: Alakazam
|c| Focus Sash Florges|he forgot to run togetic or whimsicott
|c|âmeowiekins|hp ice sweep
|c|âmeowiekins|imo
|
|switch|p2a: Raikou|Raikou|322\/322
|-ability|p2a: Raikou|Pressure
|
|c| BurstStream|Meowie
|c| BurstStream|Kink is Yache
|c| BurstStream|DD
|
|switch|p1a: Crobat|Crobat, M|331\/331
|-damage|p1a: Crobat|249\/331|[from] Stealth Rock
|turn|14
|c| BurstStream|oin preparation for  Mamo
|leave|UniterFlash
|
|move|p1a: Crobat|Defog|p2a: Raikou
|-unboost|p2a: Raikou|evasion|1
|-sideend|p1: King UU|Stealth Rock|[from] move: Defog|[of] p1a: Crobat
|move|p2a: Raikou|Calm Mind|p2a: Raikou
|-boost|p2a: Raikou|spa|1
|-boost|p2a: Raikou|spd|1
|
|-heal|p1a: Crobat|269\/331|[from] item: Black Sludge
|turn|15
|join|UniterFlash
|c| Watfor|I highly doubt if Mamo is dropping
|c| BurstStream|also why you have
|c| BurstStream|Sub CM Raikou on something it seems
|c| BurstStream|vOLT TUrn
|
|move|p1a: Crobat|Brave Bird|p2a: Raikou
|-resisted|p2a: Raikou
|-damage|p2a: Raikou|224\/322
|-damage|p1a: Crobat|237\/331|[from] recoil|[of] p2a: Raikou
|move|p2a: Raikou|Thunderbolt|p1a: Crobat
|-supereffective|p1a: Crobat
|-damage|p1a: Crobat|0 fnt
|faint|p1a: Crobat
|
|-heal|p2a: Raikou|244\/322|[from] item: Leftovers
|c| BurstStream|that trolled me over
|c|âmeowiekins|my team isnt volt turn
|c| Focus Sash Florges|isn't mamo kinda broken with its stabs and all
|c|âKing UU|hmm
|c|âKing UU|hp ice?
|c|âKing UU|if so, gg
|c|âmeowiekins|yep
|c| BurstStream|Meowie
|
|switch|p1a: Zygarde|Zygarde|261\/404
|-ability|p1a: Zygarde|Aura Break
|turn|16
|c| BurstStream|I said it sems
|c| BurstStream|not that it is
|c|âmeowiekins|ik
|
|move|p2a: Raikou|Hidden Power|p1a: Zygarde
|-supereffective|p1a: Zygarde
|-damage|p1a: Zygarde|0 fnt
|faint|p1a: Zygarde
|
|-heal|p2a: Raikou|264\/322|[from] item: Leftovers
|c|âmeowiekins|its a nice roos
|-message|King UU forfeited.
|c|âmeowiekins|gg
|
|win|meowiekins
|leave|Munkin
|leave|Focus Sash Florges