|join|mliok
|join|meowiekins
|player|p1|mliok|266
|player|p2|meowiekins|160
|gametype|singles
|gen|6
|tier|UU
|rated
|rule|Sleep Clause Mod: Limit one foe put to sleep
|rule|Species Clause: Limit one of each PokÃ©mon
|rule|OHKO Clause: OHKO moves are banned
|rule|Moody Clause: Moody is banned
|rule|Evasion Moves Clause: Evasion moves are banned
|rule|Endless Battle Clause: Forcing endless battles is banned
|rule|HP Percentage Mod: HP is shown in percentages
|clearpoke
|poke|p1|Ampharos, F
|poke|p1|Jirachi
|poke|p1|Milotic, M
|poke|p1|Tangrowth, F
|poke|p1|Crobat, M
|poke|p1|Toxicroak, M
|poke|p2|Gligar, F
|poke|p2|Vaporeon, M
|poke|p2|Staraptor, M
|poke|p2|Mienshao, M
|poke|p2|Raikou
|poke|p2|Jirachi
|rule|Swagger Clause: Swagger is banned
|rule|Baton Pass Clause: Limit one PokÃ©mon knowing Baton Pass
|teampreview
|c|âmliok|gl
|c|âmeowiekins|hf
|
|start
|switch|p1a: Tangrowth|Tangrowth, F|403\/403
|switch|p2a: Staraptor|Staraptor, M|312\/312
|turn|1
|
|switch|p1a: Ampharos|Ampharos, F|383\/383
|move|p2a: Staraptor|Brave Bird|p1a: Ampharos
|-resisted|p1a: Ampharos
|-damage|p1a: Ampharos|240\/383
|-damage|p2a: Staraptor|265\/312|[from] recoil|[of] p1a: Ampharos
|
|turn|2
|
|switch|p2a: Gligar|Gligar, F|334\/334
|switch|p1a: Tangrowth|Tangrowth, F|403\/403
|
|turn|3
|
|move|p2a: Gligar|U-turn|p1a: Tangrowth
|-supereffective|p1a: Tangrowth
|-damage|p1a: Tangrowth|343\/403
|-damage|p2a: Gligar|279\/334|[from] item: Rocky Helmet|[of] p1a: Tangrowth
|
|switch|p2a: Jirachi|Jirachi|404\/404
|move|p1a: Tangrowth|Knock Off|p2a: Jirachi
|-supereffective|p2a: Jirachi
|-damage|p2a: Jirachi|300\/404
|-enditem|p2a: Jirachi|Leftovers|[from] move: Knock Off|[of] p1a: Tangrowth
|
|turn|4
|
|switch|p1a: Ampharos|Ampharos, F|240\/383
|move|p2a: Jirachi|Stealth Rock|p1a: Ampharos
|-sidestart|p1: mliok|move: Stealth Rock
|
|turn|5
|
|detailschange|p1a: Ampharos|Ampharos-Mega, F
|message|Ampharos has Mega Evolved into Mega Ampharos!
|-ability|p1a: Ampharos|Mold Breaker
|move|p2a: Jirachi|U-turn|p1a: Ampharos
|-damage|p1a: Ampharos|200\/383
|
|switch|p2a: Gligar|Gligar, F|279\/334
|move|p1a: Ampharos|Volt Switch|p2a: Gligar
|-immune|p2a: Gligar|[msg]
|
|turn|6
|
|switch|p1a: Crobat|Crobat, M|373\/373
|-damage|p1a: Crobat|280\/373|[from] Stealth Rock
|move|p2a: Gligar|Roost|p2a: Gligar
|-heal|p2a: Gligar|334\/334
|
|-heal|p1a: Crobat|303\/373|[from] item: Black Sludge
|turn|7
|
|move|p1a: Crobat|Defog|p2a: Gligar
|-unboost|p2a: Gligar|evasion|1
|-sideend|p1: mliok|Stealth Rock|[from] move: Defog|[of] p1a: Crobat
|move|p2a: Gligar|U-turn|p1a: Crobat
|-resisted|p1a: Crobat
|-damage|p1a: Crobat|290\/373
|
|switch|p2a: Raikou|Raikou|322\/322
|-ability|p2a: Raikou|Pressure
|
|-heal|p1a: Crobat|313\/373|[from] item: Black Sludge
|turn|8
|
|switch|p1a: Ampharos|Ampharos-Mega, F|200\/383
|-ability|p1a: Ampharos|Mold Breaker
|move|p2a: Raikou|Volt Switch|p1a: Ampharos
|-resisted|p1a: Ampharos
|-damage|p1a: Ampharos|164\/383
|-damage|p2a: Raikou|290\/322|[from] item: Life Orb
|
|switch|p2a: Gligar|Gligar, F|334\/334
|
|turn|9
|
|switch|p1a: Milotic|Milotic, M|393\/393
|move|p2a: Gligar|Earthquake|p1a: Milotic
|-damage|p1a: Milotic|278\/393
|
|-heal|p1a: Milotic|302\/393|[from] item: Leftovers
|turn|10
|
|move|p2a: Gligar|U-turn|p1a: Milotic
|-damage|p1a: Milotic|253\/393
|
|switch|p2a: Raikou|Raikou|290\/322
|-ability|p2a: Raikou|Pressure
|move|p1a: Milotic|Recover|p1a: Milotic
|-heal|p1a: Milotic|393\/393
|
|turn|11
|
|move|p2a: Raikou|Thunderbolt|p1a: Milotic
|-supereffective|p1a: Milotic
|-damage|p1a: Milotic|143\/393
|-damage|p2a: Raikou|258\/322|[from] item: Life Orb
|move|p1a: Milotic|Mirror Coat|p2a: Raikou
|-damage|p2a: Raikou|0 fnt
|faint|p2a: Raikou
|
|-heal|p1a: Milotic|167\/393|[from] item: Leftovers
|
|switch|p2a: Staraptor|Staraptor, M|265\/312
|turn|12
|
|switch|p1a: Tangrowth|Tangrowth, F|403\/403
|move|p2a: Staraptor|Brave Bird|p1a: Tangrowth
|-supereffective|p1a: Tangrowth
|-damage|p1a: Tangrowth|0 fnt
|-damage|p2a: Staraptor|213\/312|[from] item: Rocky Helmet|[of] p1a: Tangrowth
|-damage|p2a: Staraptor|80\/312|[from] recoil|[of] p1a: Tangrowth
|faint|p1a: Tangrowth
|
|
|switch|p1a: Ampharos|Ampharos-Mega, F|164\/383
|-ability|p1a: Ampharos|Mold Breaker
|turn|13
|
|switch|p2a: Gligar|Gligar, F|334\/334
|move|p1a: Ampharos|Rest|p1a: Ampharos
|-status|p1a: Ampharos|slp
|-heal|p1a: Ampharos|383\/383 slp|[silent]
|-status|p1a: Ampharos|slp|[from] move: Rest
|
|turn|14
|
|switch|p1a: Crobat|Crobat, M|313\/373
|move|p2a: Gligar|U-turn|p1a: Crobat
|-resisted|p1a: Crobat
|-damage|p1a: Crobat|301\/373
|
|switch|p2a: Vaporeon|Vaporeon, M|464\/464
|
|-heal|p1a: Crobat|324\/373|[from] item: Black Sludge
|turn|15
|
|move|p1a: Crobat|Toxic|p2a: Vaporeon
|-status|p2a: Vaporeon|tox
|move|p2a: Vaporeon|Wish|p2a: Vaporeon
|
|-heal|p1a: Crobat|347\/373|[from] item: Black Sludge
|-damage|p2a: Vaporeon|435\/464 tox|[from] psn
|turn|16
|
|move|p1a: Crobat|Brave Bird|p2a: Vaporeon
|-damage|p2a: Vaporeon|302\/464 tox
|-damage|p1a: Crobat|303\/373|[from] recoil|[of] p2a: Vaporeon
|move|p2a: Vaporeon|Baton Pass|p2a: Vaporeon
|
|switch|p2a: Staraptor|Staraptor, M|80\/312
|
|-heal|p2a: Staraptor|312\/312|[from] move: Wish|[wisher] Vaporeon
|-heal|p1a: Crobat|326\/373|[from] item: Black Sludge
|turn|17
|
|switch|p1a: Ampharos|Ampharos-Mega, F|383\/383 slp
|-ability|p1a: Ampharos|Mold Breaker
|switch|p2a: Jirachi|Jirachi|300\/404
|
|turn|18
|
|move|p2a: Jirachi|Stealth Rock|p1a: Ampharos
|-sidestart|p1: mliok|move: Stealth Rock
|cant|p1a: Ampharos|slp
|move|p1a: Ampharos|Sleep Talk|p1a: Ampharos
|move|p1a: Ampharos|Volt Switch|p2a: Jirachi|[from]Sleep Talk
|-damage|p2a: Jirachi|177\/404
|
|switch|p1a: Toxicroak|Toxicroak, M|307\/307
|-damage|p1a: Toxicroak|288\/307|[from] Stealth Rock
|
|turn|19
|
|switch|p2a: Gligar|Gligar, F|334\/334
|move|p1a: Toxicroak|Substitute|p1a: Toxicroak
|-start|p1a: Toxicroak|Substitute
|-damage|p1a: Toxicroak|212\/307
|
|turn|20
|
|move|p1a: Toxicroak|Gunk Shot|p2a: Gligar
|-resisted|p2a: Gligar
|-damage|p2a: Gligar|255\/334
|-status|p2a: Gligar|psn
|-damage|p1a: Toxicroak|182\/307|[from] item: Life Orb
|move|p2a: Gligar|Earthquake|p1a: Toxicroak
|-supereffective|p1a: Toxicroak
|-end|p1a: Toxicroak|Substitute
|
|-damage|p2a: Gligar|214\/334 psn|[from] psn
|turn|21
|
|move|p1a: Toxicroak|Substitute|p1a: Toxicroak
|-start|p1a: Toxicroak|Substitute
|-damage|p1a: Toxicroak|106\/307
|move|p2a: Gligar|Earthquake|p1a: Toxicroak
|-supereffective|p1a: Toxicroak
|-end|p1a: Toxicroak|Substitute
|
|-damage|p2a: Gligar|173\/334 psn|[from] psn
|turn|22
|join|Walksacred
|
|switch|p1a: Crobat|Crobat, M|326\/373
|-damage|p1a: Crobat|233\/373|[from] Stealth Rock
|move|p2a: Gligar|Roost|p2a: Gligar
|-heal|p2a: Gligar|334\/334 psn
|
|-heal|p1a: Crobat|256\/373|[from] item: Black Sludge
|-damage|p2a: Gligar|293\/334 psn|[from] psn
|turn|23
|
|move|p1a: Crobat|Defog|p2a: Gligar
|-unboost|p2a: Gligar|evasion|1
|-sideend|p1: mliok|Stealth Rock|[from] move: Defog|[of] p1a: Crobat
|move|p2a: Gligar|U-turn|p1a: Crobat
|-resisted|p1a: Crobat
|-damage|p1a: Crobat|243\/373
|
|switch|p2a: Jirachi|Jirachi|177\/404
|
|-heal|p1a: Crobat|266\/373|[from] item: Black Sludge
|turn|24
|
|move|p1a: Crobat|Brave Bird|p2a: Jirachi
|-resisted|p2a: Jirachi
|-damage|p2a: Jirachi|132\/404
|-damage|p1a: Crobat|251\/373|[from] recoil|[of] p2a: Jirachi
|move|p2a: Jirachi|Iron Head|p1a: Crobat
|-damage|p1a: Crobat|130\/373
|
|-heal|p1a: Crobat|153\/373|[from] item: Black Sludge
|turn|25
|
|switch|p1a: Ampharos|Ampharos-Mega, F|383\/383 slp
|-ability|p1a: Ampharos|Mold Breaker
|move|p2a: Jirachi|U-turn|p1a: Ampharos
|-damage|p1a: Ampharos|347\/383 slp
|
|switch|p2a: Mienshao|Mienshao, M|271\/271
|
|turn|26
|
|move|p2a: Mienshao|High Jump Kick|p1a: Ampharos
|-damage|p1a: Ampharos|148\/383 slp
|cant|p1a: Ampharos|slp
|move|p1a: Ampharos|Sleep Talk|p1a: Ampharos
|move|p1a: Ampharos|Rest|p1a: Ampharos|[from]Sleep Talk
|-fail|p1a: Ampharos
|
|turn|27
|
|switch|p1a: Crobat|Crobat, M|153\/373
|move|p2a: Mienshao|High Jump Kick|p1a: Crobat|[miss]
|-miss|p2a: Mienshao|p1a: Crobat
|-damage|p2a: Mienshao|136\/271|[from] highjumpkick
|
|-heal|p1a: Crobat|176\/373|[from] item: Black Sludge
|turn|28
|
|switch|p2a: Vaporeon|Vaporeon, M|302\/464 tox
|move|p1a: Crobat|Brave Bird|p2a: Vaporeon
|-damage|p2a: Vaporeon|175\/464 tox
|-damage|p1a: Crobat|134\/373|[from] recoil|[of] p2a: Vaporeon
|
|-heal|p1a: Crobat|157\/373|[from] item: Black Sludge
|-heal|p2a: Vaporeon|204\/464 tox|[from] item: Leftovers
|-damage|p2a: Vaporeon|175\/464 tox|[from] psn
|turn|29
|
|move|p1a: Crobat|Roost|p1a: Crobat
|-heal|p1a: Crobat|344\/373
|move|p2a: Vaporeon|Wish|p2a: Vaporeon
|
|-heal|p1a: Crobat|367\/373|[from] item: Black Sludge
|-heal|p2a: Vaporeon|204\/464 tox|[from] item: Leftovers
|-damage|p2a: Vaporeon|146\/464 tox|[from] psn
|turn|30
|
|switch|p1a: Toxicroak|Toxicroak, M|106\/307
|switch|p2a: Jirachi|Jirachi|132\/404
|
|-heal|p2a: Jirachi|364\/404|[from] move: Wish|[wisher] Vaporeon
|turn|31
|
|switch|p2a: Gligar|Gligar, F|293\/334 psn
|move|p1a: Toxicroak|Drain Punch|p2a: Gligar
|-resisted|p2a: Gligar
|-damage|p2a: Gligar|241\/334 psn
|-heal|p1a: Toxicroak|132\/307|[from] drain|[of] p2a: Gligar
|-damage|p1a: Toxicroak|102\/307|[from] item: Life Orb
|
|-damage|p2a: Gligar|200\/334 psn|[from] psn
|turn|32
|
|move|p1a: Toxicroak|Substitute|p1a: Toxicroak
|-start|p1a: Toxicroak|Substitute
|-damage|p1a: Toxicroak|26\/307
|move|p2a: Gligar|Roost|p2a: Gligar
|-heal|p2a: Gligar|334\/334 psn
|
|-damage|p2a: Gligar|293\/334 psn|[from] psn
|turn|33
|
|switch|p1a: Crobat|Crobat, M|367\/373
|move|p2a: Gligar|Earthquake|p1a: Crobat
|-immune|p1a: Crobat|[msg]
|
|-heal|p1a: Crobat|373\/373|[from] item: Black Sludge
|-damage|p2a: Gligar|252\/334 psn|[from] psn
|turn|34
|
|switch|p1a: Jirachi|Jirachi|404\/404
|switch|p2a: Jirachi|Jirachi|364\/404
|
|turn|35
|
|move|p1a: Jirachi|Thunder Wave|p2a: Jirachi
|-status|p2a: Jirachi|par
|move|p2a: Jirachi|U-turn|p1a: Jirachi
|-damage|p1a: Jirachi|353\/404
|
|switch|p2a: Mienshao|Mienshao, M|136\/271
|
|-heal|p1a: Jirachi|378\/404|[from] item: Leftovers
|turn|36
|
|switch|p1a: Toxicroak|Toxicroak, M|26\/307
|move|p2a: Mienshao|U-turn|p1a: Toxicroak
|-resisted|p1a: Toxicroak
|-damage|p1a: Toxicroak|0 fnt
|faint|p1a: Toxicroak
|
|switch|p2a: Staraptor|Staraptor, M|312\/312
|
|
|switch|p1a: Ampharos|Ampharos-Mega, F|148\/383 slp
|-ability|p1a: Ampharos|Mold Breaker
|turn|37
|
|switch|p1a: Jirachi|Jirachi|378\/404
|move|p2a: Staraptor|Close Combat|p1a: Jirachi
|-damage|p1a: Jirachi|169\/404
|-unboost|p2a: Staraptor|def|1
|-unboost|p2a: Staraptor|spd|1
|
|-heal|p1a: Jirachi|194\/404|[from] item: Leftovers
|turn|38
|
|switch|p1a: Crobat|Crobat, M|373\/373
|move|p2a: Staraptor|Close Combat|p1a: Crobat
|-resisted|p1a: Crobat
|-damage|p1a: Crobat|314\/373
|-unboost|p2a: Staraptor|def|1
|-unboost|p2a: Staraptor|spd|1
|
|-heal|p1a: Crobat|337\/373|[from] item: Black Sludge
|turn|39
|
|switch|p1a: Ampharos|Ampharos-Mega, F|148\/383 slp
|-ability|p1a: Ampharos|Mold Breaker
|switch|p2a: Jirachi|Jirachi|364\/404 par
|
|turn|40
|
|-curestatus|p1a: Ampharos|slp
|move|p1a: Ampharos|Rest|p1a: Ampharos
|-status|p1a: Ampharos|slp
|-heal|p1a: Ampharos|383\/383 slp|[silent]
|-status|p1a: Ampharos|slp|[from] move: Rest
|move|p2a: Jirachi|Stealth Rock|p1a: Ampharos
|-sidestart|p1: mliok|move: Stealth Rock
|
|turn|41
|
|cant|p1a: Ampharos|slp
|move|p1a: Ampharos|Sleep Talk|p1a: Ampharos
|move|p1a: Ampharos|Dragon Pulse|p2a: Jirachi|[from]Sleep Talk
|-resisted|p2a: Jirachi
|-damage|p2a: Jirachi|282\/404 par
|move|p2a: Jirachi|U-turn|p1a: Ampharos
|-damage|p1a: Ampharos|347\/383 slp
|
|switch|p2a: Gligar|Gligar, F|252\/334 psn
|
|-damage|p2a: Gligar|211\/334 psn|[from] psn
|turn|42
|
|move|p2a: Gligar|U-turn|p1a: Ampharos
|-crit|p1a: Ampharos
|-damage|p1a: Ampharos|297\/383 slp
|
|switch|p2a: Jirachi|Jirachi|282\/404 par
|cant|p1a: Ampharos|slp
|move|p1a: Ampharos|Sleep Talk|p1a: Ampharos
|move|p1a: Ampharos|Volt Switch|p2a: Jirachi|[from]Sleep Talk
|-damage|p2a: Jirachi|159\/404 par
|
|switch|p1a: Milotic|Milotic, M|167\/393
|-damage|p1a: Milotic|118\/393|[from] Stealth Rock
|
|-heal|p1a: Milotic|142\/393|[from] item: Leftovers
|turn|43
|
|switch|p2a: Vaporeon|Vaporeon, M|146\/464 tox
|move|p1a: Milotic|Recover|p1a: Milotic
|-heal|p1a: Milotic|339\/393
|
|-heal|p1a: Milotic|363\/393|[from] item: Leftovers
|-heal|p2a: Vaporeon|175\/464 tox|[from] item: Leftovers
|-damage|p2a: Vaporeon|146\/464 tox|[from] psn
|turn|44
|
|move|p1a: Milotic|Recover|p1a: Milotic
|-heal|p1a: Milotic|393\/393
|move|p2a: Vaporeon|Wish|p2a: Vaporeon
|
|-heal|p2a: Vaporeon|175\/464 tox|[from] item: Leftovers
|-damage|p2a: Vaporeon|117\/464 tox|[from] psn
|turn|45
|
|move|p1a: Milotic|Scald|p2a: Vaporeon
|-heal|p2a: Vaporeon|233\/464 tox|[from] ability: Water Absorb|[of] p1a: Milotic
|move|p2a: Vaporeon|Scald|p1a: Milotic
|-resisted|p1a: Milotic
|-damage|p1a: Milotic|362\/393
|
|-heal|p2a: Vaporeon|464\/464 tox|[from] move: Wish|[wisher] Vaporeon
|-heal|p1a: Milotic|386\/393|[from] item: Leftovers
|-damage|p2a: Vaporeon|377\/464 tox|[from] psn
|turn|46
|
|switch|p1a: Ampharos|Ampharos-Mega, F|297\/383 slp
|-damage|p1a: Ampharos|250\/383 slp|[from] Stealth Rock
|-ability|p1a: Ampharos|Mold Breaker
|move|p2a: Vaporeon|Wish|p2a: Vaporeon
|
|-heal|p2a: Vaporeon|406\/464 tox|[from] item: Leftovers
|-damage|p2a: Vaporeon|290\/464 tox|[from] psn
|turn|47
|
|switch|p2a: Gligar|Gligar, F|211\/334 psn
|-curestatus|p1a: Ampharos|slp
|move|p1a: Ampharos|Volt Switch|p2a: Gligar
|-immune|p2a: Gligar|[msg]
|
|-heal|p2a: Gligar|334\/334 psn|[from] move: Wish|[wisher] Vaporeon
|-damage|p2a: Gligar|293\/334 psn|[from] psn
|turn|48
|
|switch|p1a: Crobat|Crobat, M|337\/373
|-damage|p1a: Crobat|244\/373|[from] Stealth Rock
|move|p2a: Gligar|Earthquake|p1a: Crobat
|-immune|p1a: Crobat|[msg]
|
|-heal|p1a: Crobat|267\/373|[from] item: Black Sludge
|-damage|p2a: Gligar|252\/334 psn|[from] psn
|turn|49
|
|move|p1a: Crobat|Defog|p2a: Gligar
|-unboost|p2a: Gligar|evasion|1
|-sideend|p1: mliok|Stealth Rock|[from] move: Defog|[of] p1a: Crobat
|move|p2a: Gligar|U-turn|p1a: Crobat
|-resisted|p1a: Crobat
|-damage|p1a: Crobat|253\/373
|
|switch|p2a: Staraptor|Staraptor, M|312\/312
|
|-heal|p1a: Crobat|276\/373|[from] item: Black Sludge
|turn|50
|
|move|p1a: Crobat|Brave Bird|p2a: Staraptor
|-damage|p2a: Staraptor|144\/312
|-damage|p1a: Crobat|221\/373|[from] recoil|[of] p2a: Staraptor
|move|p2a: Staraptor|Brave Bird|p1a: Crobat
|-damage|p1a: Crobat|0 fnt
|-damage|p2a: Staraptor|71\/312|[from] recoil|[of] p1a: Crobat
|faint|p1a: Crobat
|
|
|switch|p1a: Jirachi|Jirachi|194\/404
|turn|51
|
|switch|p2a: Vaporeon|Vaporeon, M|290\/464 tox
|move|p1a: Jirachi|Stealth Rock|p2a: Vaporeon
|-sidestart|p2: meowiekins|move: Stealth Rock
|
|-heal|p1a: Jirachi|219\/404|[from] item: Leftovers
|-heal|p2a: Vaporeon|319\/464 tox|[from] item: Leftovers
|-damage|p2a: Vaporeon|290\/464 tox|[from] psn
|turn|52
|
|switch|p1a: Ampharos|Ampharos-Mega, F|250\/383
|-ability|p1a: Ampharos|Mold Breaker
|move|p2a: Vaporeon|Wish|p2a: Vaporeon
|
|-heal|p2a: Vaporeon|319\/464 tox|[from] item: Leftovers
|-damage|p2a: Vaporeon|261\/464 tox|[from] psn
|turn|53
|
|switch|p2a: Jirachi|Jirachi|159\/404 par
|-damage|p2a: Jirachi|134\/404 par|[from] Stealth Rock
|move|p1a: Ampharos|Volt Switch|p2a: Jirachi
|-damage|p2a: Jirachi|4\/404 par
|
|switch|p1a: Milotic|Milotic, M|386\/393
|
|-heal|p2a: Jirachi|236\/404 par|[from] move: Wish|[wisher] Vaporeon
|-heal|p1a: Milotic|393\/393|[from] item: Leftovers
|turn|54
|
|move|p1a: Milotic|Scald|p2a: Jirachi
|-damage|p2a: Jirachi|145\/404 par
|move|p2a: Jirachi|Stealth Rock|p1a: Milotic
|-sidestart|p1: mliok|move: Stealth Rock
|
|turn|55
|
|switch|p1a: Ampharos|Ampharos-Mega, F|250\/383
|-damage|p1a: Ampharos|203\/383|[from] Stealth Rock
|-ability|p1a: Ampharos|Mold Breaker
|move|p2a: Jirachi|Healing Wish|p2a: Jirachi
|faint|p2a: Jirachi
|
|
|switch|p2a: Staraptor|Staraptor, M|71\/312
|-heal|p2a: Staraptor|312\/312|[from] move: Healing Wish
|-damage|p2a: Staraptor|234\/312|[from] Stealth Rock
|turn|56
|
|switch|p1a: Milotic|Milotic, M|393\/393
|-damage|p1a: Milotic|344\/393|[from] Stealth Rock
|move|p2a: Staraptor|U-turn|p1a: Milotic
|-damage|p1a: Milotic|204\/393
|
|switch|p2a: Mienshao|Mienshao, M|136\/271
|-damage|p2a: Mienshao|120\/271|[from] Stealth Rock
|
|-heal|p1a: Milotic|228\/393|[from] item: Leftovers
|turn|57
|
|move|p2a: Mienshao|High Jump Kick|p1a: Milotic
|-damage|p1a: Milotic|0 fnt
|faint|p1a: Milotic
|
|
|switch|p1a: Jirachi|Jirachi|219\/404
|-damage|p1a: Jirachi|194\/404|[from] Stealth Rock
|turn|58
|c|âmliok|gg
|
|move|p2a: Mienshao|High Jump Kick|p1a: Jirachi
|-damage|p1a: Jirachi|0 fnt
|faint|p1a: Jirachi
|
|
|switch|p1a: Ampharos|Ampharos-Mega, F|203\/383
|-damage|p1a: Ampharos|156\/383|[from] Stealth Rock
|-ability|p1a: Ampharos|Mold Breaker
|turn|59
|
|move|p2a: Mienshao|High Jump Kick|p1a: Ampharos
|-damage|p1a: Ampharos|0 fnt
|faint|p1a: Ampharos
|
|win|meowiekins
|raw|Ladder updating...
|raw|mliok's rating: 1501 &rarr; <strong>1475<\/strong><br \/>(-26 for losing)
|raw|meowiekins's rating: 1397 &rarr; <strong>1423<\/strong><br \/>(+26 for winning)
|c|âmeowiekins|gg
|leave|mliok
|player|p1
|leave|Walksacred