|join|aqbf
|join|meowiekins
|player|p1|aqbf|4
|player|p2|meowiekins|160
|gametype|singles
|gen|6
|tier|UU
|rule|Sleep Clause Mod: Limit one foe put to sleep
|rule|Species Clause: Limit one of each PokÃ©mon
|rule|OHKO Clause: OHKO moves are banned
|rule|Moody Clause: Moody is banned
|rule|Evasion Moves Clause: Evasion moves are banned
|rule|Endless Battle Clause: Forcing endless battles is banned
|rule|HP Percentage Mod: HP is shown in percentages
|clearpoke
|poke|p1|Vivillon, M
|poke|p1|Toxicroak, M
|poke|p1|Chandelure, M
|poke|p1|Aerodactyl, M, shiny
|poke|p1|Krookodile, F
|poke|p1|Swampert, F
|poke|p2|Crobat, F
|poke|p2|Raikou
|poke|p2|Swampert, F
|poke|p2|Celebi
|poke|p2|Jirachi
|poke|p2|Machamp, M
|rule|Swagger Clause: Swagger is banned
|rule|Baton Pass Clause: Limit one PokÃ©mon knowing Baton Pass
|teampreview
|join|Why Fi
|
|start
|switch|p1a: Ridley|Aerodactyl, M, shiny|331\/331
|switch|p2a: Jirachi|Jirachi|341\/341
|-ability|p1a: Ridley|Pressure
|turn|1
|join|QKIC
|c|âaqbf|double counter lead mm
|
|detailschange|p1a: Ridley|Aerodactyl-Mega, M, shiny
|-mega|p1a: Ridley|Aerodactyl|Aerodactylite
|move|p2a: Jirachi|Iron Head|p1a: Ridley
|-supereffective|p1a: Ridley
|-damage|p1a: Ridley|41\/331
|cant|p1a: Ridley|flinch
|
|turn|2
|join|oh no oh no
|c|âaqbf|god I'm getting predicted her
|leave|Why Fi
|join|Meruu
|
|switch|p1a: Phantoon|Chandelure, M|289\/289
|move|p2a: Jirachi|Iron Head|p1a: Phantoon
|-resisted|p1a: Phantoon
|-damage|p1a: Phantoon|220\/289
|
|-heal|p1a: Phantoon|238\/289|[from] item: Leftovers
|turn|3
|join|BroingHop
|
|switch|p2a: Swampert|Swampert, F|404\/404
|move|p1a: Phantoon|Shadow Ball|p2a: Swampert
|-damage|p2a: Swampert|251\/404
|
|-heal|p1a: Phantoon|256\/289|[from] item: Leftovers
|-heal|p2a: Swampert|276\/404|[from] item: Leftovers
|turn|4
|join|epic4eternity
|
|switch|p1a: Vivillion|Vivillon, M|301\/301
|move|p2a: Swampert|Stealth Rock|p1a: Vivillion
|-sidestart|p1: aqbf|move: Stealth Rock
|
|-heal|p2a: Swampert|301\/404|[from] item: Leftovers
|turn|5
|join|Bassy To
|join|korrablast
|
|switch|p2a: Crobat|Crobat, F|363\/363
|move|p1a: Vivillion|Quiver Dance|p1a: Vivillion
|-boost|p1a: Vivillion|spa|1
|-boost|p1a: Vivillion|spd|1
|-boost|p1a: Vivillion|spe|1
|
|turn|6
|
|move|p1a: Vivillion|Sleep Powder|p2a: Crobat
|-status|p2a: Crobat|slp
|cant|p2a: Crobat|slp
|
|turn|7
|
|switch|p2a: Jirachi|Jirachi|341\/341
|move|p1a: Vivillion|Quiver Dance|p1a: Vivillion
|-boost|p1a: Vivillion|spa|1
|-boost|p1a: Vivillion|spd|1
|-boost|p1a: Vivillion|spe|1
|
|turn|8
|
|move|p1a: Vivillion|Bug Buzz|p2a: Jirachi
|-damage|p2a: Jirachi|79\/341
|-unboost|p2a: Jirachi|spd|1
|move|p2a: Jirachi|Iron Head|p1a: Vivillion
|-damage|p1a: Vivillion|99\/301
|
|turn|9
|c| Meruu|meowie are u gonna lose to a vivillon
|c|âaqbf|he shouldn't
|c|âmeowiekins|probably
|c|âaqbf|but I'd be glad if he did
|c|âaqbf|btw I love your teams
|c|âaqbf|especially that shedinja team
|c|âaqbf|so cool
|c|âmeowiekins|thanks :]
|c| Bassy To|Machamp probably got a bullet punch or something.
|
|switch|p2a: Machamp|Machamp, M|322\/322
|move|p1a: Vivillion|Bug Buzz|p2a: Machamp
|-resisted|p2a: Machamp
|-damage|p2a: Machamp|177\/322
|
|turn|10
|c|âaqbf|probably cb
|c|âaqbf|doesn't even matter unless I can convince you to defog
|
|move|p1a: Vivillion|Hurricane|p2a: Machamp
|-crit|p2a: Machamp
|-supereffective|p2a: Machamp
|-damage|p2a: Machamp|0 fnt
|faint|p2a: Machamp
|
|c|âmeowiekins|i honestly have nothing for this
|
|switch|p2a: Raikou|Raikou|322\/322
|-ability|p2a: Raikou|Pressure
|turn|11
|c|âaqbf|raikou eats a hit
|c| Meruu|should've
|join|xShiba
|c| Meruu|roared it
|c|âaqbf|yeah
|c|âmeowiekins|true
|c|âaqbf|but it was a 50-50
|c|âaqbf|tbh
|c|âaqbf|I don't get hte crobat switch
|c|âaqbf|crobat isn't fun to have put asleep
|join|King UU
|c|âaqbf|celebi made more sense
|c|âmeowiekins|i figured you would sleep first
|c|âmeowiekins|then i would go to rachi
|c|âmeowiekins|and flinch
|c|âmeowiekins|but you boosted first
|c|âaqbf|this doesn't ko
|c|âaqbf|I can get a 30% confusion though
|c|âmeowiekins|:o
|c|âaqbf|and then you hit yourself
|c|âmeowiekins|pls no
|
|move|p1a: Vivillion|Hurricane|p2a: Raikou|[miss]
|-miss|p1a: Vivillion|p2a: Raikou
|move|p2a: Raikou|Thunderbolt|p1a: Vivillion
|-supereffective|p1a: Vivillion
|-damage|p1a: Vivillion|0 fnt
|faint|p1a: Vivillion
|
|c|âmeowiekins|lol
|join|Bob the Bro
|c|âaqbf|cri
|
|switch|p1a: Crocomire|Krookodile, F|332\/332
|-damage|p1a: Crocomire|312\/332|[from] Stealth Rock
|turn|12
|c| Meruu|should've just
|c| Meruu|settled for weakening it
|c| Meruu|rip
|
|switch|p2a: Swampert|Swampert, F|301\/404
|move|p1a: Crocomire|Knock Off|p2a: Swampert
|-damage|p2a: Swampert|180\/404
|-enditem|p2a: Swampert|Leftovers|[from] move: Knock Off|[of] p1a: Crocomire
|
|turn|13
|c|âaqbf|yeah
|c|âaqbf|I got greedy
|c|âaqbf|rest in rest
|
|switch|p1a: Ridley|Aerodactyl-Mega, M, shiny|41\/331
|-damage|p1a: Ridley|0 fnt|[from] Stealth Rock
|faint|p1a: Ridley
|move|p2a: Swampert|Scald|p1: Ridley|[notarget]
|-notarget
|
|join|RichBitchGastly
|
|switch|p1a: Phantoon|Chandelure, M|256\/289
|-damage|p1a: Phantoon|184\/289|[from] Stealth Rock
|turn|14
|
|move|p1a: Phantoon|Shadow Ball|p2a: Swampert
|-damage|p2a: Swampert|11\/404
|move|p2a: Swampert|Earthquake|p1a: Phantoon
|-supereffective|p1a: Phantoon
|-damage|p1a: Phantoon|0 fnt
|faint|p1a: Phantoon
|
|join|skysoki
|c|âaqbf|that was not a smart play to make
|
|switch|p1a: Crocomire|Krookodile, F|312\/332
|-damage|p1a: Crocomire|292\/332|[from] Stealth Rock
|turn|15
|c|âmeowiekins|:\/
|
|switch|p2a: Crobat|Crobat, F|363\/363 slp
|move|p1a: Crocomire|Knock Off|p2a: Crobat
|-damage|p2a: Crobat|174\/363 slp
|-enditem|p2a: Crobat|Black Sludge|[from] move: Knock Off|[of] p1a: Crocomire
|
|turn|16
|
|move|p1a: Crocomire|Knock Off|p2a: Crobat
|-damage|p2a: Crobat|33\/363 slp
|-curestatus|p2a: Crobat|slp
|move|p2a: Crobat|U-turn|p1a: Crocomire
|-supereffective|p1a: Crocomire
|-damage|p1a: Crocomire|156\/332
|
|switch|p2a: Jirachi|Jirachi|79\/341
|
|turn|17
|leave|skysoki
|c|âaqbf|the damage has been gotten off
|join|Larry Summers
|c| RichBitchGastly|come on meowie show him how it's done
|c| Larry Summers|Have you ever had a cockânever mind a penisâin your larynx, your pharynx, or your trachea?
|c|âaqbf|gg
|
|move|p2a: Jirachi|Healing Wish|p2a: Jirachi
|faint|p2a: Jirachi
|move|p1a: Crocomire|Knock Off|p2: Jirachi|[notarget]
|-notarget
|
|c|âaqbf|cri
|c|âaqbf|pls no
|join|The Forever Grunt
|join|skysoki
|
|switch|p2a: Swampert|Swampert, F|11\/404
|-heal|p2a: Swampert|404\/404|[from] move: Healing Wish
|turn|18
|c| Bob the Bro|pert
|c| Bob the Bro|good boy
|c|âaqbf|I saw this coming :(
|
|switch|p1a: Kraid|Swampert, F|404\/404
|-damage|p1a: Kraid|379\/404|[from] Stealth Rock
|move|p2a: Swampert|Scald|p1a: Kraid
|-damage|p1a: Kraid|286\/404
|
|-heal|p1a: Kraid|311\/404|[from] item: Leftovers
|turn|19
|c|âaqbf|time to scald burn
|
|switch|p2a: Celebi|Celebi|341\/341
|move|p1a: Kraid|Stealth Rock|p2a: Celebi
|-sidestart|p2: meowiekins|move: Stealth Rock
|
|-heal|p1a: Kraid|336\/404|[from] item: Leftovers
|turn|20
|
|switch|p1a: Toxicroak|Toxicroak, M|334\/334
|-damage|p1a: Toxicroak|314\/334|[from] Stealth Rock
|move|p2a: Celebi|Seed Bomb|p1a: Toxicroak
|-resisted|p1a: Toxicroak
|-damage|p1a: Toxicroak|231\/334
|
|turn|21
|
|move|p2a: Celebi|Zen Headbutt|p1a: Toxicroak
|-supereffective|p1a: Toxicroak
|-damage|p1a: Toxicroak|0 fnt
|faint|p1a: Toxicroak
|
|
|switch|p1a: Crocomire|Krookodile, F|156\/332
|-damage|p1a: Crocomire|136\/332|[from] Stealth Rock
|turn|22
|
|switch|p2a: Crobat|Crobat, F|33\/363
|-damage|p2a: Crobat|0 fnt|[from] Stealth Rock
|faint|p2a: Crobat
|move|p1a: Crocomire|Knock Off|p2: Crobat|[notarget]
|-notarget
|
|c| BroingHop|staring at celebi's hands disturb me
|
|switch|p2a: Swampert|Swampert, F|404\/404
|-damage|p2a: Swampert|379\/404|[from] Stealth Rock
|turn|23
|c| Larry Summers|meowiekins, have you ever had a cockânever mind a penisâin your larynx, your pharynx, or your trachea?
|c| BroingHop|so weird
|
|switch|p1a: Kraid|Swampert, F|336\/404
|-damage|p1a: Kraid|311\/404|[from] Stealth Rock
|move|p2a: Swampert|Scald|p1a: Kraid
|-damage|p1a: Kraid|220\/404
|-status|p1a: Kraid|brn
|
|-heal|p1a: Kraid|245\/404 brn|[from] item: Leftovers
|-damage|p1a: Kraid|195\/404 brn|[from] brn
|turn|24
|join|Heliosan
|c| Larry Summers|BroingHop, have you ever had a cockânever mind a penisâin your larynx, your pharynx, or your trachea?
|c| RichBitchGastly|stop it larry
|
|move|p2a: Swampert|Scald|p1a: Kraid
|-damage|p1a: Kraid|104\/404 brn
|move|p1a: Kraid|Scald|p2a: Swampert
|-damage|p2a: Swampert|246\/404
|-status|p2a: Swampert|brn
|
|-heal|p1a: Kraid|129\/404 brn|[from] item: Leftovers
|-damage|p2a: Swampert|196\/404 brn|[from] brn
|-damage|p1a: Kraid|79\/404 brn|[from] brn
|turn|25
|c| Bob the Bro|did you just choke
|c|âmeowiekins|yes
|c|âaqbf|I think he might have
|c| Bob the Bro|sick
|c|âaqbf|depends on
|
|switch|p2a: Celebi|Celebi|341\/341
|-damage|p2a: Celebi|299\/341|[from] Stealth Rock
|move|p1a: Kraid|Scald|p2a: Celebi
|-resisted|p2a: Celebi
|-damage|p2a: Celebi|238\/341
|-status|p2a: Celebi|brn
|
|-heal|p2a: Celebi|259\/341 brn|[from] item: Leftovers
|-heal|p1a: Kraid|104\/404 brn|[from] item: Leftovers
|-damage|p2a: Celebi|217\/341 brn|[from] brn
|-damage|p1a: Kraid|54\/404 brn|[from] brn
|turn|26
|c|âaqbf|how much speed
|c| BroingHop|healing wish pls
|
|move|p2a: Celebi|Swords Dance|p2a: Celebi
|-boost|p2a: Celebi|atk|2
|move|p1a: Kraid|Scald|p2a: Celebi
|-resisted|p2a: Celebi
|-damage|p2a: Celebi|157\/341 brn
|
|-heal|p2a: Celebi|178\/341 brn|[from] item: Leftovers
|-heal|p1a: Kraid|79\/404 brn|[from] item: Leftovers
|-damage|p2a: Celebi|136\/341 brn|[from] brn
|-damage|p1a: Kraid|29\/404 brn|[from] brn
|turn|27
|c| Meruu|oml
|c| Meruu|that is
|
|move|p2a: Celebi|Swords Dance|p2a: Celebi
|-boost|p2a: Celebi|atk|2
|move|p1a: Kraid|Roar|p2a: Celebi
|drag|p2a: Swampert|Swampert, F|196\/404 brn
|-damage|p2a: Swampert|171\/404 brn|[from] Stealth Rock
|
|-heal|p1a: Kraid|54\/404 brn|[from] item: Leftovers
|-damage|p2a: Swampert|121\/404 brn|[from] brn
|-damage|p1a: Kraid|4\/404 brn|[from] brn
|turn|28
|c| Bob the Bro|sickest choke in history
|c|âaqbf|I misclicked when I meant roar
|
|move|p1a: Kraid|Scald|p2a: Swampert
|-damage|p2a: Swampert|0 fnt
|faint|p2a: Swampert
|
|-heal|p1a: Kraid|29\/404 brn|[from] item: Leftovers
|-damage|p1a: Kraid|0 fnt|[from] brn
|faint|p1a: Kraid
|c|âaqbf|lol
|c| RichBitchGastly|come on meowie
|c|âaqbf|do I actually win?
|
|switch|p1a: Crocomire|Krookodile, F|136\/332
|switch|p2a: Celebi|Celebi|136\/341
|-damage|p1a: Crocomire|116\/332|[from] Stealth Rock
|-damage|p2a: Celebi|94\/341|[from] Stealth Rock
|turn|29
|c|âmeowiekins|i think so
|c|âaqbf|does eq ko though?
|c| Meruu|you dont need eq
|c| BroingHop|let's find out
|c| Meruu|+1 knock off should ko raikou
|c| Bob the Bro|thats why you run recover
|c| Bob the Bro|fkn nerd
|c| Larry Summers|n
|c|âaqbf|tbh
|c|âaqbf|I don't think +1 kos
|c|âmeowiekins|sucker is better vs offense
|
|move|p1a: Crocomire|Knock Off|p2a: Celebi
|-supereffective|p2a: Celebi
|-damage|p2a: Celebi|0 fnt
|-enditem|p2a: Celebi|Leftovers|[from] move: Knock Off|[of] p1a: Crocomire
|faint|p2a: Celebi
|-boost|p1a: Crocomire|atk|1|[from] ability: Moxie
|
|c| BroingHop|lolz anger point
|c|âaqbf|let's find out
|c| BroingHop|aww
|
|switch|p2a: Raikou|Raikou|322\/322
|-damage|p2a: Raikou|282\/322|[from] Stealth Rock
|-ability|p2a: Raikou|Pressure
|turn|30
|c| Bob the Bro|scarf kou
|c| Bob the Bro|reveal
|
|move|p1a: Crocomire|Knock Off|p2a: Raikou
|-damage|p2a: Raikou|0 fnt
|-enditem|p2a: Raikou|Leftovers|[from] move: Knock Off|[of] p1a: Crocomire
|faint|p2a: Raikou
|-boost|p1a: Crocomire|atk|1|[from] ability: Moxie
|
|win|aqbf
|c|âmeowiekins|gg
|c|âaqbf|gg
|c| BroingHop|damn son
|c| Meruu|told u
|c| Meruu|zzz
|c| BroingHop|rek
|c| RichBitchGastly|:O
|c|âaqbf|don't choke
|leave|The Forever Grunt
|c|âaqbf|even though I did too
|leave|RichBitchGastly
|c|âaqbf|except on big dick