|join|meowiekins
|join|RowDog
|player|p1|meowiekins|160
|player|p2|RowDog|80
|gametype|singles
|gen|6
|tier|UU
|rated
|rule|Sleep Clause Mod: Limit one foe put to sleep
|rule|Species Clause: Limit one of each PokÃ©mon
|rule|OHKO Clause: OHKO moves are banned
|rule|Moody Clause: Moody is banned
|rule|Evasion Moves Clause: Evasion moves are banned
|rule|Endless Battle Clause: Forcing endless battles is banned
|rule|HP Percentage Mod: HP is shown in percentages
|clearpoke
|poke|p1|Mienshao, F
|poke|p1|Machamp, F
|poke|p1|Lucario, M
|poke|p1|Froslass, F
|poke|p1|Aerodactyl, M
|poke|p1|Swampert, M
|poke|p2|Tentacruel, M
|poke|p2|Chesnaught, M
|poke|p2|Aggron, F
|poke|p2|Florges, F
|poke|p2|Goodra, F
|poke|p2|Gastrodon, F
|rule|Swagger Clause: Swagger is banned
|rule|Baton Pass Clause: Limit one PokÃ©mon knowing Baton Pass
|teampreview
|join|Colbrushie
|join|newfren
|
|start
|switch|p1a: Froslass|Froslass, F|344\/344
|switch|p2a: Aggron|Aggron, F|344\/344
|turn|1
|join|PokeLosados
|
|detailschange|p2a: Aggron|Aggron-Mega, F
|message|Aggron has Mega Evolved into Mega Aggron!
|move|p1a: Froslass|Spikes|p2a: Aggron
|-sidestart|p2: RowDog|Spikes
|move|p2a: Aggron|Heavy Slam|p1a: Froslass
|-supereffective|p1a: Froslass
|-enditem|p1a: Froslass|Focus Sash
|-damage|p1a: Froslass|1\/344
|
|turn|2
|c| Colbrushie|disable
|c| Colbrushie|rip
|c| Colbrushie|taunt here
|c| Colbrushie|spike here
|c| Colbrushie|destiny bond here
|
|switch|p1a: Swampert|Swampert, M|404\/404
|move|p2a: Aggron|Stealth Rock|p1a: Swampert
|-sidestart|p1: meowiekins|move: Stealth Rock
|
|turn|3
|c| PokeLosados|doesn't even taunt
|
|switch|p2a: Chesnaught|Chesnaught, M|380\/380
|-damage|p2a: Chesnaught|333\/380|[from] Spikes
|move|p1a: Swampert|Roar|p2a: Chesnaught
|drag|p2a: Goodra|Goodra, F|373\/373
|-damage|p2a: Goodra|327\/373|[from] Spikes
|
|turn|4
|c| PokeLosados|smh
|
|move|p2a: Goodra|Power Whip|p1a: Swampert
|-supereffective|p1a: Swampert
|-damage|p1a: Swampert|0 fnt
|faint|p1a: Swampert
|
|c| Colbrushie|power whip
|c| Colbrushie|kek
|c|âRowDog|rekt
|c|âmeowiekins|oh
|c|âmeowiekins|youre
|c| PokeLosados|kek
|c|âmeowiekins|that
|c| Colbrushie|that's b&
|c|âmeowiekins|set
|c| PokeLosados|I thot everyone ran that set
|c| PokeLosados|that's every goodra I've seen
|
|switch|p1a: Lucario|Lucario, M|281\/281
|-damage|p1a: Lucario|273\/281|[from] Stealth Rock
|turn|5
|
|switch|p2a: Tentacruel|Tentacruel, M|363\/363
|-damage|p2a: Tentacruel|318\/363|[from] Spikes
|move|p1a: Lucario|Swords Dance|p1a: Lucario
|-boost|p1a: Lucario|atk|2
|
|-heal|p2a: Tentacruel|340\/363|[from] item: Black Sludge
|turn|6
|
|move|p1a: Lucario|Earthquake|p2a: Tentacruel
|-supereffective|p2a: Tentacruel
|-damage|p2a: Tentacruel|0 fnt
|-damage|p1a: Lucario|245\/281|[from] item: Life Orb
|faint|p2a: Tentacruel
|
|c| Colbrushie|rip
|c|âmeowiekins|nice counter
|c|âRowDog|no one is supposed to run that
|
|switch|p2a: Chesnaught|Chesnaught, M|333\/380
|-damage|p2a: Chesnaught|286\/380|[from] Spikes
|turn|7
|c| PokeLosados|sd on the spikey shield
|c|âmeowiekins|honestly
|c| newfren|run a gligar row
|join|Moniker
|c| PokeLosados|everyone runs eq luke now
|c|âmeowiekins|its best coverage atm
|
|move|p1a: Lucario|Close Combat|p2a: Chesnaught
|-damage|p2a: Chesnaught|0 fnt
|-unboost|p1a: Lucario|def|1
|-unboost|p1a: Lucario|spd|1
|-damage|p1a: Lucario|217\/281|[from] item: Life Orb
|faint|p2a: Chesnaught
|
|c|âRowDog|but then Ice Punch luc
|c| PokeLosados|why ice punch
|c| newfren|ice punch lucs
|c|âmeowiekins|i have aero
|c|âRowDog|D:
|c| newfren|don't exist
|c| PokeLosados|only hits gligar
|c|âmeowiekins|for gligar
|
|switch|p2a: Florges|Florges, F|360\/360
|-damage|p2a: Florges|315\/360|[from] Spikes
|turn|8
|c| newfren|aero for gligar
|c| newfren|???
|
|move|p1a: Lucario|Earthquake|p2a: Florges
|-damage|p2a: Florges|36\/360
|-damage|p1a: Lucario|189\/281|[from] item: Life Orb
|move|p2a: Florges|Moonblast|p1a: Lucario
|-damage|p1a: Lucario|0 fnt
|faint|p1a: Lucario
|
|-heal|p2a: Florges|58\/360|[from] item: Leftovers
|c| PokeLosados|ice fang probs
|c|âmeowiekins|taunt aqua tail
|c| PokeLosados|o
|c| newfren|why would you ever risk gligar
|c| newfren|when you have an aggron
|c|âRowDog|shoulda done that earlier probs
|c| newfren|or like
|c| newfren|fish
|c| Colbrushie|r i p
|
|switch|p1a: Aerodactyl|Aerodactyl, M|343\/343
|-damage|p1a: Aerodactyl|258\/343|[from] Stealth Rock
|-ability|p1a: Aerodactyl|Pressure
|turn|9
|c| Colbrushie|meow
|c| Colbrushie|should've had
|c|âmeowiekins|ya i lose now
|c| Colbrushie|bp over espeed
|
|detailschange|p1a: Aerodactyl|Aerodactyl-Mega, M
|message|Aerodactyl has Mega Evolved into Mega Aerodactyl!
|move|p2a: Florges|Protect|p2a: Florges
|-singleturn|p2a: Florges|Protect
|move|p1a: Aerodactyl|Stone Edge|p2a: Florges
|-activate|p2a: Florges|Protect
|
|-heal|p2a: Florges|80\/360|[from] item: Leftovers
|turn|10
|c| Colbrushie|ripip
|
|switch|p2a: Aggron|Aggron-Mega, F|344\/344
|-damage|p2a: Aggron|301\/344|[from] Spikes
|move|p1a: Aerodactyl|Taunt|p2a: Aggron
|-start|p2a: Aggron|move: Taunt
|
|turn|11
|c| newfren|gastro eats this aero
|
|move|p1a: Aerodactyl|Aqua Tail|p2a: Aggron
|-damage|p2a: Aggron|232\/344
|move|p2a: Aggron|Heavy Slam|p1a: Aerodactyl
|-supereffective|p1a: Aerodactyl
|-damage|p1a: Aerodactyl|0 fnt
|faint|p1a: Aerodactyl
|
|c| newfren|unless it can't 2hko with waterfall I guess
|c| newfren|idk that seems unlikely
|
|switch|p1a: Mienshao|Mienshao, F|271\/271
|-damage|p1a: Mienshao|255\/271|[from] Stealth Rock
|turn|12
|
|move|p1a: Mienshao|High Jump Kick|p2a: Aggron
|-supereffective|p2a: Aggron
|-damage|p2a: Aggron|37\/344
|move|p2a: Aggron|Heavy Slam|p1a: Mienshao
|-damage|p1a: Mienshao|0 fnt
|faint|p1a: Mienshao
|
|c|+PokeGyarados|!learn aerodactyl, absorb
|raw|<div class="infobox">Aerodactyl <span class="message-learn-cannotlearn">can't<\/span> learn Absorb<\/div>
|
|switch|p1a: Machamp|Machamp, F|384\/384
|-damage|p1a: Machamp|360\/384|[from] Stealth Rock
|turn|13
|c| Colbrushie|more like
|
|move|p1a: Machamp|Knock Off|p2a: Aggron
|-damage|p2a: Aggron|0 fnt
|faint|p2a: Aggron
|
|c| Colbrushie|learn maggron, absorb
|
|switch|p2a: Goodra|Goodra, F|327\/373
|-damage|p2a: Goodra|281\/373|[from] Spikes
|turn|14
|
|move|p2a: Goodra|Outrage|p1a: Machamp
|-damage|p1a: Machamp|32\/384
|move|p1a: Machamp|Close Combat|p2a: Goodra
|-damage|p2a: Goodra|0 fnt
|-unboost|p1a: Machamp|def|1
|-unboost|p1a: Machamp|spd|1
|faint|p2a: Goodra
|
|
|switch|p2a: Florges|Florges, F|80\/360
|-damage|p2a: Florges|35\/360|[from] Spikes
|turn|15
|c|âmeowiekins|crit
|c|âmeowiekins|on
|c|âmeowiekins|gastro
|c| Colbrushie|bp
|
|move|p1a: Machamp|Bullet Punch|p2a: Florges
|-supereffective|p2a: Florges
|-damage|p2a: Florges|0 fnt
|faint|p2a: Florges
|
|c| Colbrushie|bp
|c| Colbrushie|kek
|
|switch|p2a: Gastrodon|Gastrodon, F|426\/426
|-damage|p2a: Gastrodon|373\/426|[from] Spikes
|turn|16
|c|âRowDog|right
|c| Colbrushie|i don't think crit kills
|c| Colbrushie|tbh
|c|âmeowiekins|you have to bleve
|
|move|p1a: Machamp|Close Combat|p2a: Gastrodon
|-damage|p2a: Gastrodon|85\/426
|-unboost|p1a: Machamp|def|1
|-unboost|p1a: Machamp|spd|1
|move|p2a: Gastrodon|Earthquake|p1a: Machamp
|-damage|p1a: Machamp|0 fnt
|faint|p1a: Machamp
|
|-heal|p2a: Gastrodon|111\/426|[from] item: Leftovers
|c| newfren|bp
|c| Colbrushie|o-okj
|c| Colbrushie|oh
|c|âmeowiekins|damn it colbrushie
|c|âRowDog|gg
|c|âmeowiekins|gg
|
|switch|p1a: Froslass|Froslass, F|1\/344
|-damage|p1a: Froslass|0 fnt|[from] Stealth Rock
|faint|p1a: Froslass
|
|win|RowDog
|raw|Ladder updating...
|raw|meowiekins's rating: 1670 &rarr; <strong>1651<\/strong><br \/>(-19 for losing)
|raw|RowDog's rating: 1682 &rarr; <strong>1701<\/strong><br \/>(+19 for winning)
|c|âmeowiekins|you didnt bleve hard enuff
|c|âmeowiekins|:[[
|c| Colbrushie|it did kill tho
|c|âRowDog|hey 1700 :)