|join|Meowiekins
|join|Sketchy Ecchi
|player|p1|Meowiekins|160
|player|p2|Sketchy Ecchi|146
|gametype|singles
|gen|6
|tier|UU
|rated
|rule|Sleep Clause Mod: Limit one foe put to sleep
|rule|Species Clause: Limit one of each PokÃ©mon
|rule|OHKO Clause: OHKO moves are banned
|rule|Moody Clause: Moody is banned
|rule|Evasion Moves Clause: Evasion moves are banned
|rule|Endless Battle Clause: Forcing endless battles is banned
|rule|HP Percentage Mod: HP is shown in percentages
|clearpoke
|poke|p1|Crobat, M
|poke|p1|Raikou
|poke|p1|Swampert, F
|poke|p1|Celebi
|poke|p1|Jirachi
|poke|p1|Machamp, F
|poke|p2|Nidoqueen, F
|poke|p2|Forretress, M
|poke|p2|Togetic, M
|poke|p2|Suicune
|poke|p2|Blissey, F
|poke|p2|Spiritomb, F
|rule|Swagger Clause: Swagger is banned
|rule|Baton Pass Clause: Limit one PokÃ©mon knowing Baton Pass
|teampreview
|join|DrReuniclus3
|c|âMeowiekins|hi latias
|c|âSketchy Ecchi|hi n_n
|
|start
|switch|p1a: Swampert|Swampert, F|404\/404
|switch|p2a: Blew|Spiritomb, F|304\/304
|turn|1
|join|0rbital
|
|move|p1a: Swampert|Stealth Rock|p2a: Blew
|-sidestart|p2: Sketchy Ecchi|move: Stealth Rock
|move|p2a: Blew|Will-O-Wisp|p1a: Swampert|[miss]
|-miss|p2a: Blew|p1a: Swampert
|
|turn|2
|join|scoutisout
|
|switch|p1a: Machamp|Machamp, F|322\/322
|move|p2a: Blew|Will-O-Wisp|p1a: Machamp
|-status|p1a: Machamp|brn
|
|-damage|p1a: Machamp|282\/322 brn|[from] brn
|turn|3
|
|switch|p2a: All Apologies|Togetic, M|311\/311
|-damage|p2a: All Apologies|234\/311|[from] Stealth Rock
|move|p1a: Machamp|Knock Off|p2a: All Apologies
|-resisted|p2a: All Apologies
|-damage|p2a: All Apologies|159\/311
|-enditem|p2a: All Apologies|Eviolite|[from] move: Knock Off|[of] p1a: Machamp
|
|-damage|p1a: Machamp|242\/322 brn|[from] brn
|turn|4
|c| scoutisout|inb4 no guard
|
|switch|p1a: Jirachi|Jirachi|341\/341
|move|p2a: All Apologies|Defog|p1a: Jirachi
|-unboost|p1a: Jirachi|evasion|1
|-sideend|p2: Sketchy Ecchi|Stealth Rock|[from] move: Defog|[of] p2a: All Apologies
|
|turn|5
|join|Donphantastic
|
|switch|p2a: Heart-Shaped Box|Forretress, M|354\/354
|move|p1a: Jirachi|U-turn|p2a: Heart-Shaped Box
|-resisted|p2a: Heart-Shaped Box
|-damage|p2a: Heart-Shaped Box|335\/354
|
|switch|p1a: Swampert|Swampert, F|404\/404
|
|-heal|p2a: Heart-Shaped Box|354\/354|[from] item: Leftovers
|turn|6
|
|move|p1a: Swampert|Scald|p2a: Heart-Shaped Box
|-damage|p2a: Heart-Shaped Box|228\/354
|move|p2a: Heart-Shaped Box|Toxic|p1a: Swampert
|-status|p1a: Swampert|tox
|
|-heal|p2a: Heart-Shaped Box|250\/354|[from] item: Leftovers
|-damage|p1a: Swampert|379\/404 tox|[from] psn
|turn|7
|
|switch|p2a: All Apologies|Togetic, M|159\/311
|move|p1a: Swampert|Scald|p2a: All Apologies
|-damage|p2a: All Apologies|83\/311
|
|-heal|p1a: Swampert|404\/404 tox|[from] item: Leftovers
|-damage|p1a: Swampert|354\/404 tox|[from] psn
|turn|8
|
|switch|p1a: Machamp|Machamp, F|242\/322 brn
|move|p2a: All Apologies|Roost|p2a: All Apologies
|-heal|p2a: All Apologies|239\/311
|
|-damage|p1a: Machamp|202\/322 brn|[from] brn
|turn|9
|
|switch|p2a: About A Girl|Nidoqueen, F|384\/384
|move|p1a: Machamp|Knock Off|p2a: About A Girl
|-damage|p2a: About A Girl|174\/384
|-enditem|p2a: About A Girl|Leftovers|[from] move: Knock Off|[of] p1a: Machamp
|
|-damage|p1a: Machamp|162\/322 brn|[from] brn
|turn|10
|join|dodmen
|c|+dodmen|hue
|c|âMeowiekins|hi dod
|c| Donphantastic|nice
|leave|scoutisout
|c| Donphantastic|nicknames
|c|âSketchy Ecchi|n_n
|join|dingbat
|c| dingbat|i like nicknames
|
|switch|p1a: Crobat|Crobat, M|363\/363
|move|p2a: About A Girl|Stealth Rock|p1a: Crobat
|-sidestart|p1: Meowiekins|move: Stealth Rock
|
|turn|11
|c| dingbat|i like stealth rocks
|
|move|p1a: Crobat|Defog|p2a: About A Girl
|-unboost|p2a: About A Girl|evasion|1
|-sideend|p1: Meowiekins|Stealth Rock|[from] move: Defog|[of] p1a: Crobat
|move|p2a: About A Girl|Ice Beam|p1a: Crobat
|-supereffective|p1a: Crobat
|-damage|p1a: Crobat|203\/363
|
|-heal|p1a: Crobat|225\/363|[from] item: Black Sludge
|turn|12
|
|move|p1a: Crobat|Brave Bird|p2a: About A Girl
|-damage|p2a: About A Girl|54\/384
|-damage|p1a: Crobat|185\/363|[from] recoil|[of] p2a: About A Girl
|move|p2a: About A Girl|Stealth Rock|p1a: Crobat
|-sidestart|p1: Meowiekins|move: Stealth Rock
|
|-heal|p1a: Crobat|207\/363|[from] item: Black Sludge
|turn|13
|
|switch|p2a: Dumb|Suicune|404\/404
|-ability|p2a: Dumb|Pressure
|move|p1a: Crobat|Brave Bird|p2a: Dumb
|-damage|p2a: Dumb|307\/404
|-damage|p1a: Crobat|175\/363|[from] recoil|[of] p2a: Dumb
|
|-heal|p1a: Crobat|197\/363|[from] item: Black Sludge
|-heal|p2a: Dumb|332\/404|[from] item: Leftovers
|turn|14
|
|move|p1a: Crobat|Defog|p2a: Dumb
|-unboost|p2a: Dumb|evasion|1
|-sideend|p1: Meowiekins|Stealth Rock|[from] move: Defog|[of] p1a: Crobat
|move|p2a: Dumb|Scald|p1a: Crobat
|-damage|p1a: Crobat|83\/363
|
|-heal|p1a: Crobat|105\/363|[from] item: Black Sludge
|-heal|p2a: Dumb|357\/404|[from] item: Leftovers
|turn|15
|
|move|p1a: Crobat|U-turn|p2a: Dumb
|-damage|p2a: Dumb|317\/404
|
|switch|p1a: Celebi|Celebi|341\/341
|move|p2a: Dumb|Scald|p1a: Celebi
|-crit|p1a: Celebi
|-resisted|p1a: Celebi
|-damage|p1a: Celebi|281\/341
|
|-heal|p1a: Celebi|302\/341|[from] item: Leftovers
|-heal|p2a: Dumb|342\/404|[from] item: Leftovers
|turn|16
|c|+dodmen|please be sd
|
|switch|p2a: Heart-Shaped Box|Forretress, M|250\/354
|move|p1a: Celebi|Swords Dance|p1a: Celebi
|-boost|p1a: Celebi|atk|2
|
|-heal|p1a: Celebi|323\/341|[from] item: Leftovers
|-heal|p2a: Heart-Shaped Box|272\/354|[from] item: Leftovers
|turn|17
|c|âMeowiekins|speaking of which
|c|âMeowiekins|i think sd
|c|âMeowiekins|should be first set
|
|move|p1a: Celebi|Swords Dance|p1a: Celebi
|-boost|p1a: Celebi|atk|2
|move|p2a: Heart-Shaped Box|Toxic|p1a: Celebi
|-status|p1a: Celebi|tox
|
|-heal|p1a: Celebi|341\/341 tox|[from] item: Leftovers
|-heal|p2a: Heart-Shaped Box|294\/354|[from] item: Leftovers
|-damage|p1a: Celebi|320\/341 tox|[from] psn
|turn|18
|c|+dodmen|please bp to machamp
|
|move|p1a: Celebi|Zen Headbutt|p2a: Heart-Shaped Box
|-resisted|p2a: Heart-Shaped Box
|-damage|p2a: Heart-Shaped Box|196\/354
|move|p2a: Heart-Shaped Box|Gyro Ball|p1a: Celebi
|-damage|p1a: Celebi|197\/341 tox
|
|-heal|p1a: Celebi|218\/341 tox|[from] item: Leftovers
|-heal|p2a: Heart-Shaped Box|218\/354|[from] item: Leftovers
|-damage|p1a: Celebi|176\/341 tox|[from] psn
|turn|19
|
|switch|p1a: Raikou|Raikou|322\/322
|-ability|p1a: Raikou|Pressure
|move|p2a: Heart-Shaped Box|Gyro Ball|p1a: Raikou
|-resisted|p1a: Raikou
|-damage|p1a: Raikou|238\/322
|
|-heal|p1a: Raikou|258\/322|[from] item: Leftovers
|-heal|p2a: Heart-Shaped Box|240\/354|[from] item: Leftovers
|turn|20
|
|switch|p2a: Rape Me|Blissey, F|714\/714
|move|p1a: Raikou|Calm Mind|p1a: Raikou
|-boost|p1a: Raikou|spa|1
|-boost|p1a: Raikou|spd|1
|
|-heal|p1a: Raikou|278\/322|[from] item: Leftovers
|turn|21
|join|Tipsy Russian
|
|move|p1a: Raikou|Thunderbolt|p2a: Rape Me
|-damage|p2a: Rape Me|552\/714
|move|p2a: Rape Me|Seismic Toss|p1a: Raikou
|-damage|p1a: Raikou|178\/322
|
|-heal|p1a: Raikou|198\/322|[from] item: Leftovers
|-heal|p2a: Rape Me|596\/714|[from] item: Leftovers
|turn|22
|join|OGWanka
|
|switch|p1a: Jirachi|Jirachi|341\/341
|move|p2a: Rape Me|Wish|p2a: Rape Me
|
|-heal|p2a: Rape Me|640\/714|[from] item: Leftovers
|turn|23
|
|switch|p2a: Heart-Shaped Box|Forretress, M|240\/354
|move|p1a: Jirachi|Iron Head|p2a: Heart-Shaped Box
|-resisted|p2a: Heart-Shaped Box
|-damage|p2a: Heart-Shaped Box|206\/354
|
|-heal|p2a: Heart-Shaped Box|354\/354|[from] move: Wish|[wisher] Rape Me
|turn|24
|c| Tipsy Russian|this is pif's team
|c|âSketchy Ecchi|n
|
|switch|p1a: Swampert|Swampert, F|354\/404 tox
|move|p2a: Heart-Shaped Box|Spikes|p1a: Swampert
|-sidestart|p1: Meowiekins|Spikes
|
|-heal|p1a: Swampert|379\/404 tox|[from] item: Leftovers
|-damage|p1a: Swampert|354\/404 tox|[from] psn
|turn|25
|join|CalemAgeRegression
|c| Tipsy Russian|yes it is
|c|âSketchy Ecchi|pifs team was
|c| Tipsy Russian|wait he didnt have toge
|c|âSketchy Ecchi|mew over
|c|âSketchy Ecchi|togetic
|c| Tipsy Russian|is this latias
|c|âSketchy Ecchi|y
|
|move|p1a: Swampert|Scald|p2a: Heart-Shaped Box
|-damage|p2a: Heart-Shaped Box|240\/354
|move|p2a: Heart-Shaped Box|Spikes|p1a: Swampert
|-sidestart|p1: Meowiekins|Spikes
|
|-heal|p1a: Swampert|379\/404 tox|[from] item: Leftovers
|-heal|p2a: Heart-Shaped Box|262\/354|[from] item: Leftovers
|-damage|p1a: Swampert|329\/404 tox|[from] psn
|turn|26
|
|switch|p2a: Dumb|Suicune|342\/404
|-ability|p2a: Dumb|Pressure
|move|p1a: Swampert|Scald|p2a: Dumb
|-resisted|p2a: Dumb
|-damage|p2a: Dumb|306\/404
|
|-heal|p2a: Dumb|331\/404|[from] item: Leftovers
|-heal|p1a: Swampert|354\/404 tox|[from] item: Leftovers
|-damage|p1a: Swampert|279\/404 tox|[from] psn
|turn|27
|
|move|p2a: Dumb|Scald|p1a: Swampert
|-crit|p1a: Swampert
|-damage|p1a: Swampert|131\/404 tox
|move|p1a: Swampert|Stealth Rock|p2a: Dumb
|-sidestart|p2: Sketchy Ecchi|move: Stealth Rock
|
|-heal|p2a: Dumb|356\/404|[from] item: Leftovers
|-heal|p1a: Swampert|156\/404 tox|[from] item: Leftovers
|-damage|p1a: Swampert|56\/404 tox|[from] psn
|turn|28
|
|move|p2a: Dumb|Scald|p1a: Swampert
|-damage|p1a: Swampert|0 fnt
|faint|p1a: Swampert
|
|-heal|p2a: Dumb|381\/404|[from] item: Leftovers
|
|switch|p1a: Celebi|Celebi|176\/341
|-damage|p1a: Celebi|120\/341|[from] Spikes
|turn|29
|
|switch|p2a: Heart-Shaped Box|Forretress, M|262\/354
|-damage|p2a: Heart-Shaped Box|218\/354|[from] Stealth Rock
|move|p1a: Celebi|Swords Dance|p1a: Celebi
|-boost|p1a: Celebi|atk|2
|
|-heal|p1a: Celebi|141\/341|[from] item: Leftovers
|-heal|p2a: Heart-Shaped Box|240\/354|[from] item: Leftovers
|turn|30
|
|move|p1a: Celebi|Zen Headbutt|p2a: Heart-Shaped Box
|-resisted|p2a: Heart-Shaped Box
|-damage|p2a: Heart-Shaped Box|171\/354
|cant|p2a: Heart-Shaped Box|flinch
|
|-heal|p1a: Celebi|162\/341|[from] item: Leftovers
|-heal|p2a: Heart-Shaped Box|193\/354|[from] item: Leftovers
|turn|31
|c| Tipsy Russian|ez
|
|move|p1a: Celebi|Zen Headbutt|p2a: Heart-Shaped Box
|-resisted|p2a: Heart-Shaped Box
|-damage|p2a: Heart-Shaped Box|127\/354
|move|p2a: Heart-Shaped Box|Toxic|p1a: Celebi
|-status|p1a: Celebi|tox
|
|-heal|p1a: Celebi|183\/341 tox|[from] item: Leftovers
|-heal|p2a: Heart-Shaped Box|149\/354|[from] item: Leftovers
|-damage|p1a: Celebi|162\/341 tox|[from] psn
|turn|32
|
|move|p1a: Celebi|Sucker Punch|p2a: Heart-Shaped Box
|-damage|p2a: Heart-Shaped Box|55\/354
|move|p2a: Heart-Shaped Box|Gyro Ball|p1a: Celebi
|-damage|p1a: Celebi|42\/341 tox
|
|-heal|p1a: Celebi|63\/341 tox|[from] item: Leftovers
|-heal|p2a: Heart-Shaped Box|77\/354|[from] item: Leftovers
|-damage|p1a: Celebi|21\/341 tox|[from] psn
|turn|33
|
|switch|p1a: Jirachi|Jirachi|341\/341
|-damage|p1a: Jirachi|285\/341|[from] Spikes
|move|p2a: Heart-Shaped Box|Rapid Spin|p1a: Jirachi
|-resisted|p1a: Jirachi
|-damage|p1a: Jirachi|278\/341
|-sideend|p2: Sketchy Ecchi|Stealth Rock|[from] move: Rapid Spin|[of] p2a: Heart-Shaped Box
|
|-heal|p2a: Heart-Shaped Box|99\/354|[from] item: Leftovers
|turn|34
|leave|0rbital
|
|switch|p2a: Rape Me|Blissey, F|640\/714
|move|p1a: Jirachi|Healing Wish|p1a: Jirachi
|faint|p1a: Jirachi
|
|-heal|p2a: Rape Me|684\/714|[from] item: Leftovers
|
|switch|p1a: Celebi|Celebi|21\/341
|-heal|p1a: Celebi|341\/341|[from] move: Healing Wish
|-damage|p1a: Celebi|285\/341|[from] Spikes
|turn|35
|
|move|p1a: Celebi|Swords Dance|p1a: Celebi
|-boost|p1a: Celebi|atk|2
|move|p2a: Rape Me|Wish|p2a: Rape Me
|
|-heal|p1a: Celebi|306\/341|[from] item: Leftovers
|-heal|p2a: Rape Me|714\/714|[from] item: Leftovers
|turn|36
|c|âMeowiekins|fuck that forre
|c|âMeowiekins|:[
|c|âSketchy Ecchi|]:
|c|âSketchy Ecchi|!learn celebi, natural gift
|raw|<div class="infobox">Celebi <span class="message-learn-canlearn">can<\/span> learn Natural Gift<\/ul><\/div>
|c|âSketchy Ecchi|imo
|c|âMeowiekins|:\/
|
|switch|p2a: Heart-Shaped Box|Forretress, M|99\/354
|move|p1a: Celebi|Swords Dance|p1a: Celebi
|-boost|p1a: Celebi|atk|2
|
|-heal|p2a: Heart-Shaped Box|354\/354|[from] move: Wish|[wisher] Rape Me
|-heal|p1a: Celebi|327\/341|[from] item: Leftovers
|turn|37
|
|move|p1a: Celebi|Swords Dance|p1a: Celebi
|-boost|p1a: Celebi|atk|2
|move|p2a: Heart-Shaped Box|Toxic|p1a: Celebi
|-status|p1a: Celebi|tox
|
|-heal|p1a: Celebi|341\/341 tox|[from] item: Leftovers
|-damage|p1a: Celebi|320\/341 tox|[from] psn
|turn|38
|c| Tipsy Russian|to the moon
|c| Tipsy Russian|goood
|
|move|p1a: Celebi|Sucker Punch|p2a: Heart-Shaped Box
|-damage|p2a: Heart-Shaped Box|167\/354
|move|p2a: Heart-Shaped Box|Gyro Ball|p1a: Celebi
|-crit|p1a: Celebi
|-damage|p1a: Celebi|137\/341 tox
|
|-heal|p1a: Celebi|158\/341 tox|[from] item: Leftovers
|-heal|p2a: Heart-Shaped Box|189\/354|[from] item: Leftovers
|-damage|p1a: Celebi|116\/341 tox|[from] psn
|turn|39
|join|Cell in a Hell
|c| Tipsy Russian|ez
|c|âMeowiekins|go to blissey
|c|âMeowiekins|pls
|
|switch|p2a: About A Girl|Nidoqueen, F|54\/384
|move|p1a: Celebi|Seed Bomb|p2a: About A Girl
|-damage|p2a: About A Girl|0 fnt
|faint|p2a: About A Girl
|
|-heal|p1a: Celebi|137\/341 tox|[from] item: Leftovers
|-damage|p1a: Celebi|74\/341 tox|[from] psn
|c|âMeowiekins|n
|c|âMeowiekins|blissey
|c|âSketchy Ecchi|o
|join|CSI DoucheBag
|c|âMeowiekins|so raikou can win
|
|switch|p2a: Heart-Shaped Box|Forretress, M|189\/354
|turn|40
|c|âSketchy Ecchi|kek
|c|+dodmen|!
|
|move|p1a: Celebi|Sucker Punch|p2a: Heart-Shaped Box
|-fail|p2a: Heart-Shaped Box
|move|p2a: Heart-Shaped Box|Spikes|p1a: Celebi
|-sidestart|p1: Meowiekins|Spikes
|
|-heal|p1a: Celebi|95\/341 tox|[from] item: Leftovers
|-heal|p2a: Heart-Shaped Box|211\/354|[from] item: Leftovers
|-damage|p1a: Celebi|11\/341 tox|[from] psn
|turn|41
|c|âMeowiekins|pls
|
|move|p1a: Celebi|Seed Bomb|p2a: Heart-Shaped Box
|-resisted|p2a: Heart-Shaped Box
|-damage|p2a: Heart-Shaped Box|139\/354
|move|p2a: Heart-Shaped Box|Toxic|p1a: Celebi
|-fail|p1a: Celebi|tox
|
|-heal|p1a: Celebi|32\/341 tox|[from] item: Leftovers
|-heal|p2a: Heart-Shaped Box|161\/354|[from] item: Leftovers
|-damage|p1a: Celebi|0 fnt|[from] psn
|faint|p1a: Celebi
|
|switch|p1a: Crobat|Crobat, M|105\/363
|turn|42
|
|move|p1a: Crobat|Defog|p2a: Heart-Shaped Box
|-unboost|p2a: Heart-Shaped Box|evasion|1
|-sideend|p1: Meowiekins|Spikes|[from] move: Defog|[of] p1a: Crobat
|move|p2a: Heart-Shaped Box|Gyro Ball|p1a: Crobat
|-damage|p1a: Crobat|0 fnt
|faint|p1a: Crobat
|
|-heal|p2a: Heart-Shaped Box|183\/354|[from] item: Leftovers
|leave|Tipsy Russian
|
|switch|p1a: Machamp|Machamp, F|162\/322 brn
|turn|43
|c|+dodmen|latias is a god
|c|âSketchy Ecchi|o
|
|move|p1a: Machamp|Knock Off|p2a: Heart-Shaped Box
|-damage|p2a: Heart-Shaped Box|33\/354
|-enditem|p2a: Heart-Shaped Box|Leftovers|[from] move: Knock Off|[of] p1a: Machamp
|move|p2a: Heart-Shaped Box|Gyro Ball|p1a: Machamp
|-damage|p1a: Machamp|78\/322 brn
|
|-damage|p1a: Machamp|38\/322 brn|[from] brn
|turn|44
|
|move|p1a: Machamp|Knock Off|p2a: Heart-Shaped Box
|-damage|p2a: Heart-Shaped Box|0 fnt
|faint|p2a: Heart-Shaped Box
|
|-damage|p1a: Machamp|0 fnt|[from] brn
|faint|p1a: Machamp
|c|+dodmen|where is the resttalk raikou
|
|switch|p1a: Raikou|Raikou|198\/322
|switch|p2a: Rape Me|Blissey, F|714\/714
|-ability|p1a: Raikou|Pressure
|turn|45
|c|âMeowiekins|full para
|c|âMeowiekins|here
|c|âSketchy Ecchi|kek
|
|move|p1a: Raikou|Thunderbolt|p2a: Rape Me
|-damage|p2a: Rape Me|603\/714
|move|p2a: Rape Me|Seismic Toss|p1a: Raikou
|-damage|p1a: Raikou|98\/322
|
|-heal|p1a: Raikou|118\/322|[from] item: Leftovers
|-heal|p2a: Rape Me|647\/714|[from] item: Leftovers
|turn|46
|c| dingbat|para
|c| dingbat|par
|c| dingbat|para paraaa parahax
|c| dingbat|para paraaa parahax
|leave|CalemAgeRegression
|
|move|p1a: Raikou|Thunderbolt|p2a: Rape Me
|-crit|p2a: Rape Me
|-damage|p2a: Rape Me|481\/714
|move|p2a: Rape Me|Seismic Toss|p1a: Raikou
|-damage|p1a: Raikou|18\/322
|
|-heal|p1a: Raikou|38\/322|[from] item: Leftovers
|-heal|p2a: Rape Me|525\/714|[from] item: Leftovers
|turn|47
|c| dingbat|para paraaa parahax
|c|âMeowiekins|!!
|c|âMeowiekins|ah
|c|âMeowiekins|okay
|c| dingbat|ooOO OOHHH OH OHHH OH OH OH
|c|âMeowiekins|one more chance!
|
|move|p1a: Raikou|Thunderbolt|p2a: Rape Me
|-damage|p2a: Rape Me|401\/714
|-status|p2a: Rape Me|par
|move|p2a: Rape Me|Seismic Toss|p1a: Raikou
|-damage|p1a: Raikou|0 fnt
|faint|p1a: Raikou
|
|win|Sketchy Ecchi
|raw|Ladder updating...
|c|âMeowiekins|!!!
|c|âMeowiekins|NO
|raw|Meowiekins's rating: 1579 &rarr; <strong>1560<\/strong><br \/>(-19 for losing)
|raw|Sketchy Ecchi's rating: 1601 &rarr; <strong>1620<\/strong><br \/>(+19 for winning)
|c|âMeowiekins|gg
|c|âSketchy Ecchi|almost
|leave|Cell in a Hell
|c|âSketchy Ecchi|gg