|join|meowiekins
|join|i ran away
|player|p1|meowiekins|160
|player|p2|i ran away|20
|gametype|singles
|gen|6
|tier|UU
|rated
|rule|Sleep Clause Mod: Limit one foe put to sleep
|rule|Species Clause: Limit one of each PokÃ©mon
|rule|OHKO Clause: OHKO moves are banned
|rule|Moody Clause: Moody is banned
|rule|Evasion Moves Clause: Evasion moves are banned
|rule|Endless Battle Clause: Forcing endless battles is banned
|rule|HP Percentage Mod: HP is shown in percentages
|clearpoke
|poke|p1|Shedinja
|poke|p1|Aggron, F
|poke|p1|Tentacruel, F
|poke|p1|Aromatisse, M
|poke|p1|Xatu, M
|poke|p1|Snorlax, F
|poke|p2|Alakazam, M
|poke|p2|Tangrowth, M
|poke|p2|Crobat, M
|poke|p2|Empoleon, M
|poke|p2|Ampharos, F
|poke|p2|Fletchinder, M
|rule|Swagger Clause: Swagger is banned
|rule|Baton Pass Clause: Limit one PokÃ©mon knowing Baton Pass
|teampreview
|join|YeLlOw SkArMoRy
|
|start
|switch|p1a: Aggron|Aggron, F|344\/344
|switch|p2a: Crobat|Crobat, M|311\/311
|turn|1
|join|Tom Bus
|c|âmeowiekins|gottem
|c| Tom Bus|:]
|
|detailschange|p1a: Aggron|Aggron-Mega, F
|message|Aggron has Mega Evolved into Mega Aggron!
|move|p2a: Crobat|U-turn|p1a: Aggron
|-crit|p1a: Aggron
|-resisted|p1a: Aggron
|-damage|p1a: Aggron|312\/344
|c| YeLlOw SkArMoRy|shedinja <3
|
|switch|p2a: Tangrowth|Tangrowth, M|403\/403
|move|p1a: Aggron|Stealth Rock|p2a: Tangrowth
|-sidestart|p2: i ran away|move: Stealth Rock
|
|turn|2
|
|switch|p1a: Snorlax|Snorlax, F|497\/497
|move|p2a: Tangrowth|Focus Blast|p1a: Snorlax
|-supereffective|p1a: Snorlax
|-damage|p1a: Snorlax|345\/497
|
|-heal|p1a: Snorlax|376\/497|[from] item: Leftovers
|turn|3
|
|move|p2a: Tangrowth|Leech Seed|p1a: Snorlax|[miss]
|-miss|p2a: Tangrowth|p1a: Snorlax
|move|p1a: Snorlax|Body Slam|p2a: Tangrowth
|-damage|p2a: Tangrowth|337\/403
|
|-heal|p2a: Tangrowth|362\/403|[from] item: Leftovers
|-heal|p1a: Snorlax|407\/497|[from] item: Leftovers
|turn|4
|c| YeLlOw SkArMoRy|predicted
|c| Tom Bus|meowie
|c|âmeowiekins|?
|
|switch|p1a: Xatu|Xatu, M|333\/333
|move|p2a: Tangrowth|Leech Seed|p1a: Xatu
|move|p1a: Xatu|Leech Seed|p2a: Tangrowth|[from]Magic Bounce
|-immune|p2a: Tangrowth|[msg]
|
|-heal|p2a: Tangrowth|387\/403|[from] item: Leftovers
|turn|5
|c| Tom Bus|your team is disgusting~
|c|âmeowiekins|lol
|c|âmeowiekins|ikr
|
|switch|p2a: Empoleon|Empoleon, M|371\/371
|-damage|p2a: Empoleon|348\/371|[from] Stealth Rock
|move|p1a: Xatu|Toxic|p2a: Empoleon
|-fail|p2a: Empoleon
|
|-heal|p2a: Empoleon|371\/371|[from] item: Leftovers
|turn|6
|
|switch|p1a: Tentacruel|Tentacruel, F|364\/364
|move|p2a: Empoleon|Defog|p1a: Tentacruel
|-unboost|p1a: Tentacruel|evasion|1
|-sideend|p2: i ran away|Stealth Rock|[from] move: Defog|[of] p2a: Empoleon
|
|turn|7
|
|move|p1a: Tentacruel|Toxic Spikes|p2a: Empoleon
|-sidestart|p2: i ran away|move: Toxic Spikes
|move|p2a: Empoleon|Scald|p1a: Tentacruel
|-resisted|p1a: Tentacruel
|-damage|p1a: Tentacruel|332\/364
|
|-heal|p1a: Tentacruel|354\/364|[from] item: Black Sludge
|turn|8
|
|move|p1a: Tentacruel|Scald|p2a: Empoleon
|-resisted|p2a: Empoleon
|-damage|p2a: Empoleon|344\/371
|move|p2a: Empoleon|Scald|p1a: Tentacruel
|-resisted|p1a: Tentacruel
|-damage|p1a: Tentacruel|321\/364
|
|-heal|p1a: Tentacruel|343\/364|[from] item: Black Sludge
|-heal|p2a: Empoleon|367\/371|[from] item: Leftovers
|turn|9
|
|move|p1a: Tentacruel|Scald|p2a: Empoleon
|-resisted|p2a: Empoleon
|-damage|p2a: Empoleon|341\/371
|move|p2a: Empoleon|Scald|p1a: Tentacruel
|-resisted|p1a: Tentacruel
|-damage|p1a: Tentacruel|308\/364
|
|-heal|p1a: Tentacruel|330\/364|[from] item: Black Sludge
|-heal|p2a: Empoleon|364\/371|[from] item: Leftovers
|turn|10
|
|move|p1a: Tentacruel|Scald|p2a: Empoleon
|-resisted|p2a: Empoleon
|-damage|p2a: Empoleon|337\/371
|move|p2a: Empoleon|Scald|p1a: Tentacruel
|-resisted|p1a: Tentacruel
|-damage|p1a: Tentacruel|297\/364
|
|-heal|p1a: Tentacruel|319\/364|[from] item: Black Sludge
|-heal|p2a: Empoleon|360\/371|[from] item: Leftovers
|turn|11
|c|âmeowiekins|maybe some day
|
|move|p1a: Tentacruel|Scald|p2a: Empoleon
|-resisted|p2a: Empoleon
|-damage|p2a: Empoleon|333\/371
|move|p2a: Empoleon|Scald|p1a: Tentacruel
|-resisted|p1a: Tentacruel
|-damage|p1a: Tentacruel|283\/364
|-status|p1a: Tentacruel|brn
|
|-heal|p1a: Tentacruel|305\/364 brn|[from] item: Black Sludge
|-heal|p2a: Empoleon|356\/371|[from] item: Leftovers
|-damage|p1a: Tentacruel|260\/364 brn|[from] brn
|turn|12
|c| Tom Bus|._.
|
|move|p1a: Tentacruel|Scald|p2a: Empoleon
|-resisted|p2a: Empoleon
|-damage|p2a: Empoleon|329\/371
|move|p2a: Empoleon|Defog|p1a: Tentacruel
|-unboost|p1a: Tentacruel|evasion|1
|-sideend|p2: i ran away|Toxic Spikes|[from] move: Defog|[of] p2a: Empoleon
|
|-heal|p1a: Tentacruel|282\/364 brn|[from] item: Black Sludge
|-heal|p2a: Empoleon|352\/371|[from] item: Leftovers
|-damage|p1a: Tentacruel|237\/364 brn|[from] brn
|turn|13
|c| Tom Bus|!
|
|switch|p1a: Aromatisse|Aromatisse, M|406\/406
|switch|p2a: Alakazam|Alakazam, M|251\/251
|
|turn|14
|
|move|p2a: Alakazam|Psyshock|p1a: Aromatisse
|-damage|p1a: Aromatisse|253\/406
|move|p1a: Aromatisse|Aromatherapy|p1a: Aromatisse
|-cureteam|p1a: Aromatisse|[from] move: Aromatherapy
|
|-heal|p1a: Aromatisse|278\/406|[from] item: Leftovers
|turn|15
|
|switch|p2a: Crobat|Crobat, M|311\/311
|move|p1a: Aromatisse|Wish|p1a: Aromatisse
|
|-heal|p1a: Aromatisse|303\/406|[from] item: Leftovers
|turn|16
|
|move|p1a: Aromatisse|Protect|p1a: Aromatisse
|-singleturn|p1a: Aromatisse|Protect
|move|p2a: Crobat|U-turn|p1a: Aromatisse
|-activate|p1a: Aromatisse|Protect
|
|-heal|p1a: Aromatisse|406\/406|[from] move: Wish|[wisher] Aromatisse
|turn|17
|
|move|p2a: Crobat|U-turn|p1a: Aromatisse
|-resisted|p1a: Aromatisse
|-damage|p1a: Aromatisse|364\/406
|
|switch|p2a: Empoleon|Empoleon, M|352\/371
|move|p1a: Aromatisse|Wish|p1a: Aromatisse
|
|-heal|p2a: Empoleon|371\/371|[from] item: Leftovers
|-heal|p1a: Aromatisse|389\/406|[from] item: Leftovers
|turn|18
|
|switch|p1a: Tentacruel|Tentacruel, F|237\/364
|move|p2a: Empoleon|Stealth Rock|p1a: Tentacruel
|-sidestart|p1: meowiekins|move: Stealth Rock
|
|-heal|p1a: Tentacruel|364\/364|[from] move: Wish|[wisher] Aromatisse
|turn|19
|
|switch|p2a: Alakazam|Alakazam, M|251\/251
|move|p1a: Tentacruel|Rapid Spin|p2a: Alakazam
|-damage|p2a: Alakazam|231\/251
|-sideend|p1: meowiekins|Stealth Rock|[from] move: Rapid Spin|[of] p1a: Tentacruel
|
|turn|20
|
|switch|p2a: kleinervogel|Fletchinder, M|291\/291
|switch|p1a: _(ã)_\/Â¯|Shedinja|1\/1
|
|turn|21
|
|switch|p1a: Aggron|Aggron-Mega, F|312\/344
|move|p2a: kleinervogel|Swords Dance|p2a: kleinervogel
|-boost|p2a: kleinervogel|atk|2
|
|turn|22
|
|move|p2a: kleinervogel|Will-O-Wisp|p1a: Aggron|[miss]
|-miss|p2a: kleinervogel|p1a: Aggron
|move|p1a: Aggron|Roar|p2a: kleinervogel
|drag|p2a: Alakazam|Alakazam, M|231\/251
|
|turn|23
|
|switch|p1a: Aromatisse|Aromatisse, M|389\/406
|move|p2a: Alakazam|Focus Blast|p1a: Aromatisse
|-resisted|p1a: Aromatisse
|-damage|p1a: Aromatisse|276\/406
|
|-heal|p1a: Aromatisse|301\/406|[from] item: Leftovers
|turn|24
|
|switch|p2a: kleinervogel|Fletchinder, M|291\/291
|move|p1a: Aromatisse|Wish|p1a: Aromatisse
|
|-heal|p1a: Aromatisse|326\/406|[from] item: Leftovers
|turn|25
|
|switch|p1a: Xatu|Xatu, M|333\/333
|move|p2a: kleinervogel|Will-O-Wisp|p1a: Xatu
|move|p1a: Xatu|Will-O-Wisp|p2a: kleinervogel|[from]Magic Bounce
|-fail|p2a: kleinervogel
|
|turn|26
|
|switch|p2a: Ampharos|Ampharos, F|383\/383
|move|p1a: Xatu|Toxic|p2a: Ampharos
|-status|p2a: Ampharos|tox
|
|-damage|p2a: Ampharos|360\/383 tox|[from] psn
|turn|27
|
|switch|p1a: Snorlax|Snorlax, F|407\/497
|detailschange|p2a: Ampharos|Ampharos-Mega, F
|message|Ampharos has Mega Evolved into Mega Ampharos!
|-ability|p2a: Ampharos|Mold Breaker
|move|p2a: Ampharos|Volt Switch|p1a: Snorlax
|-damage|p1a: Snorlax|311\/497
|
|switch|p2a: Crobat|Crobat, M|311\/311
|
|-heal|p1a: Snorlax|342\/497|[from] item: Leftovers
|turn|28
|
|move|p2a: Crobat|U-turn|p1a: Snorlax
|-damage|p1a: Snorlax|233\/497
|
|switch|p2a: Tangrowth|Tangrowth, M|403\/403
|move|p1a: Snorlax|Rest|p1a: Snorlax
|-status|p1a: Snorlax|slp
|-heal|p1a: Snorlax|497\/497 slp|[silent]
|-status|p1a: Snorlax|slp|[from] move: Rest
|
|turn|29
|
|move|p2a: Tangrowth|Leech Seed|p1a: Snorlax
|-start|p1a: Snorlax|move: Leech Seed
|cant|p1a: Snorlax|slp
|move|p1a: Snorlax|Sleep Talk|p1a: Snorlax
|move|p1a: Snorlax|Curse|p1a: Snorlax|[from]Sleep Talk
|-boost|p1a: Snorlax|atk|1
|-boost|p1a: Snorlax|def|1
|-unboost|p1a: Snorlax|spe|1
|
|-damage|p1a: Snorlax|435\/497 slp|[from] Leech Seed|[of] p2a: Tangrowth
|turn|30
|
|switch|p2a: Empoleon|Empoleon, M|371\/371
|switch|p1a: Xatu|Xatu, M|333\/333
|
|turn|31
|
|switch|p1a: Tentacruel|Tentacruel, F|364\/364
|move|p2a: Empoleon|Scald|p1a: Tentacruel
|-crit|p1a: Tentacruel
|-resisted|p1a: Tentacruel
|-damage|p1a: Tentacruel|313\/364
|-status|p1a: Tentacruel|brn
|
|-heal|p1a: Tentacruel|335\/364 brn|[from] item: Black Sludge
|-damage|p1a: Tentacruel|290\/364 brn|[from] brn
|turn|32
|join|Emma Bae
|
|switch|p2a: Alakazam|Alakazam, M|231\/251
|move|p1a: Tentacruel|Scald|p2a: Alakazam
|-damage|p2a: Alakazam|146\/251
|
|-heal|p1a: Tentacruel|312\/364 brn|[from] item: Black Sludge
|-damage|p1a: Tentacruel|267\/364 brn|[from] brn
|turn|33
|c| Emma Bae|why waste the sash o.O
|c|âmeowiekins|because im stall
|c|âmeowiekins|anyways
|
|switch|p1a: Aromatisse|Aromatisse, M|326\/406
|move|p2a: Alakazam|Psyshock|p1a: Aromatisse
|-damage|p1a: Aromatisse|161\/406
|
|-heal|p1a: Aromatisse|186\/406|[from] item: Leftovers
|turn|34
|
|move|p2a: Alakazam|Psyshock|p1a: Aromatisse
|-damage|p1a: Aromatisse|13\/406
|move|p1a: Aromatisse|Wish|p1a: Aromatisse
|
|-heal|p1a: Aromatisse|38\/406|[from] item: Leftovers
|turn|35
|
|switch|p2a: kleinervogel|Fletchinder, M|291\/291
|move|p1a: Aromatisse|Protect|p1a: Aromatisse
|-fail|p1a: Aromatisse
|
|-heal|p1a: Aromatisse|241\/406|[from] move: Wish|[wisher] Aromatisse
|-heal|p1a: Aromatisse|266\/406|[from] item: Leftovers
|turn|36
|
|switch|p1a: Xatu|Xatu, M|333\/333
|move|p2a: kleinervogel|Swords Dance|p2a: kleinervogel
|-boost|p2a: kleinervogel|atk|2
|
|turn|37
|
|switch|p2a: Crobat|Crobat, M|311\/311
|move|p1a: Xatu|Toxic|p2a: Crobat
|-fail|p2a: Crobat
|
|turn|38
|
|move|p2a: Crobat|U-turn|p1a: Xatu
|-damage|p1a: Xatu|243\/333
|-damage|p2a: Crobat|260\/311|[from] item: Rocky Helmet|[of] p1a: Xatu
|
|switch|p2a: Ampharos|Ampharos-Mega, F|360\/383 tox
|-ability|p2a: Ampharos|Mold Breaker
|move|p1a: Xatu|Roost|p1a: Xatu
|-heal|p1a: Xatu|333\/333
|
|-damage|p2a: Ampharos|337\/383 tox|[from] psn
|turn|39
|
|switch|p1a: Snorlax|Snorlax, F|435\/497 slp
|move|p2a: Ampharos|Volt Switch|p1a: Snorlax
|-damage|p1a: Snorlax|348\/497 slp
|
|switch|p2a: Crobat|Crobat, M|260\/311
|
|-heal|p1a: Snorlax|379\/497 slp|[from] item: Leftovers
|turn|40
|
|switch|p1a: Aggron|Aggron-Mega, F|312\/344
|move|p2a: Crobat|Brave Bird|p1a: Aggron
|-resisted|p1a: Aggron
|-damage|p1a: Aggron|253\/344
|-damage|p2a: Crobat|241\/311|[from] recoil|[of] p1a: Aggron
|
|turn|41
|
|switch|p2a: Tangrowth|Tangrowth, M|403\/403
|move|p1a: Aggron|Stealth Rock|p2a: Tangrowth
|-sidestart|p2: i ran away|move: Stealth Rock
|
|turn|42
|leave|Emma Bae
|
|switch|p2a: Empoleon|Empoleon, M|371\/371
|-damage|p2a: Empoleon|348\/371|[from] Stealth Rock
|switch|p1a: Xatu|Xatu, M|333\/333
|
|-heal|p2a: Empoleon|371\/371|[from] item: Leftovers
|turn|43
|
|switch|p1a: Aromatisse|Aromatisse, M|266\/406
|move|p2a: Empoleon|Defog|p1a: Aromatisse
|-unboost|p1a: Aromatisse|evasion|1
|-sideend|p2: i ran away|Stealth Rock|[from] move: Defog|[of] p2a: Empoleon
|
|-heal|p1a: Aromatisse|291\/406|[from] item: Leftovers
|turn|44
|
|move|p2a: Empoleon|Scald|p1a: Aromatisse
|-damage|p1a: Aromatisse|176\/406
|move|p1a: Aromatisse|Wish|p1a: Aromatisse
|
|-heal|p1a: Aromatisse|201\/406|[from] item: Leftovers
|turn|45
|
|move|p1a: Aromatisse|Aromatherapy|p1a: Aromatisse
|-cureteam|p1a: Aromatisse|[from] move: Aromatherapy
|move|p2a: Empoleon|Roar|p1a: Aromatisse
|drag|p1a: Snorlax|Snorlax, F|379\/497
|
|-heal|p1a: Snorlax|497\/497|[from] move: Wish|[wisher] Aromatisse
|turn|46
|
|move|p2a: Empoleon|Stealth Rock|p1a: Snorlax
|-sidestart|p1: meowiekins|move: Stealth Rock
|move|p1a: Snorlax|Body Slam|p2a: Empoleon
|-resisted|p2a: Empoleon
|-damage|p2a: Empoleon|306\/371
|
|-heal|p2a: Empoleon|329\/371|[from] item: Leftovers
|turn|47
|
|move|p2a: Empoleon|Scald|p1a: Snorlax
|-damage|p1a: Snorlax|416\/497
|-status|p1a: Snorlax|brn
|move|p1a: Snorlax|Body Slam|p2a: Empoleon
|-resisted|p2a: Empoleon
|-damage|p2a: Empoleon|296\/371
|
|-heal|p2a: Empoleon|319\/371|[from] item: Leftovers
|-heal|p1a: Snorlax|447\/497 brn|[from] item: Leftovers
|-damage|p1a: Snorlax|385\/497 brn|[from] brn
|turn|48
|c|âmeowiekins|can i get a 30% pls
|
|switch|p2a: Ampharos|Ampharos-Mega, F|337\/383 tox
|-ability|p2a: Ampharos|Mold Breaker
|move|p1a: Snorlax|Rest|p1a: Snorlax
|-status|p1a: Snorlax|slp
|-heal|p1a: Snorlax|497\/497 slp|[silent]
|-status|p1a: Snorlax|slp|[from] move: Rest
|
|-damage|p2a: Ampharos|314\/383 tox|[from] psn
|turn|49
|c| Tom Bus|you don't want this paralysed
|c| Tom Bus|imo
|
|move|p2a: Ampharos|Volt Switch|p1a: Snorlax
|-damage|p1a: Snorlax|404\/497 slp
|
|switch|p2a: Tangrowth|Tangrowth, M|403\/403
|cant|p1a: Snorlax|slp
|move|p1a: Snorlax|Sleep Talk|p1a: Snorlax
|move|p1a: Snorlax|Curse|p1a: Snorlax|[from]Sleep Talk
|-boost|p1a: Snorlax|atk|1
|-boost|p1a: Snorlax|def|1
|-unboost|p1a: Snorlax|spe|1
|
|-heal|p1a: Snorlax|435\/497 slp|[from] item: Leftovers
|turn|50
|
|switch|p1a: Tentacruel|Tentacruel, F|267\/364
|-damage|p1a: Tentacruel|222\/364|[from] Stealth Rock
|move|p2a: Tangrowth|Leech Seed|p1a: Tentacruel
|-start|p1a: Tentacruel|move: Leech Seed
|
|-heal|p1a: Tentacruel|244\/364|[from] item: Black Sludge
|-damage|p1a: Tentacruel|199\/364|[from] Leech Seed|[of] p2a: Tangrowth
|-damage|p2a: Tangrowth|358\/403|[from] ability: Liquid Ooze|[of] p1a: Tentacruel
|turn|51
|
|switch|p2a: Alakazam|Alakazam, M|146\/251
|move|p1a: Tentacruel|Rapid Spin|p2a: Alakazam
|-damage|p2a: Alakazam|125\/251
|-end|p1a: Tentacruel|Leech Seed|[from] move: Rapid Spin|[of] p1a: Tentacruel
|-sideend|p1: meowiekins|Stealth Rock|[from] move: Rapid Spin|[of] p1a: Tentacruel
|
|-heal|p1a: Tentacruel|221\/364|[from] item: Black Sludge
|turn|52
|
|switch|p1a: _(ã)_\/Â¯|Shedinja|1\/1
|move|p2a: Alakazam|Psyshock|p1a: _(ã)_\/Â¯
|-activate|p1a: _(ã)_\/Â¯|ability: Wonder Guard
|
|turn|53
|c| Tom Bus|the name C:
|
|switch|p2a: Ampharos|Ampharos-Mega, F|314\/383 tox
|-ability|p2a: Ampharos|Mold Breaker
|switch|p1a: Aggron|Aggron-Mega, F|253\/344
|
|-damage|p2a: Ampharos|291\/383 tox|[from] psn
|turn|54
|
|switch|p1a: Snorlax|Snorlax, F|435\/497 slp
|move|p2a: Ampharos|Volt Switch|p1a: Snorlax
|-damage|p1a: Snorlax|342\/497 slp
|
|switch|p2a: Crobat|Crobat, M|241\/311
|
|-heal|p1a: Snorlax|373\/497 slp|[from] item: Leftovers
|turn|55
|c| Tom Bus|does Xatu have defog?
|c|âmeowiekins|incompatible
|c|âmeowiekins|with magic bounce
|
|move|p2a: Crobat|U-turn|p1a: Snorlax
|-damage|p1a: Snorlax|266\/497 slp
|c|âi ran away|defog is not legal with magic bonce
|c| Tom Bus|Ah, I see
|c|âi ran away|oh ninja
|
|switch|p2a: Tangrowth|Tangrowth, M|403\/403
|cant|p1a: Snorlax|slp
|move|p1a: Snorlax|Sleep Talk|p1a: Snorlax
|move|p1a: Snorlax|Curse|p1a: Snorlax|[from]Sleep Talk
|-boost|p1a: Snorlax|atk|1
|-boost|p1a: Snorlax|def|1
|-unboost|p1a: Snorlax|spe|1
|
|-heal|p1a: Snorlax|297\/497 slp|[from] item: Leftovers
|turn|56
|
|switch|p1a: Xatu|Xatu, M|333\/333
|move|p2a: Tangrowth|Leech Seed|p1a: Xatu
|move|p1a: Xatu|Leech Seed|p2a: Tangrowth|[from]Magic Bounce
|-immune|p2a: Tangrowth|[msg]
|
|turn|57
|
|switch|p2a: Empoleon|Empoleon, M|319\/371
|move|p1a: Xatu|Night Shade|p2a: Empoleon
|-damage|p2a: Empoleon|219\/371
|
|-heal|p2a: Empoleon|242\/371|[from] item: Leftovers
|turn|58
|
|move|p1a: Xatu|Night Shade|p2a: Empoleon
|-damage|p2a: Empoleon|142\/371
|move|p2a: Empoleon|Scald|p1a: Xatu
|-damage|p1a: Xatu|200\/333
|
|-heal|p2a: Empoleon|165\/371|[from] item: Leftovers
|turn|59
|
|move|p1a: Xatu|Night Shade|p2a: Empoleon
|-damage|p2a: Empoleon|65\/371
|move|p2a: Empoleon|Scald|p1a: Xatu
|-crit|p1a: Xatu
|-damage|p1a: Xatu|0 fnt
|faint|p1a: Xatu
|
|-heal|p2a: Empoleon|88\/371|[from] item: Leftovers
|c|âi ran away|ouch
|c|âi ran away|sorry
|
|switch|p1a: Aggron|Aggron-Mega, F|253\/344
|turn|60
|c| Tom Bus|probably a roll
|c| Tom Bus|with torrent
|c|âmeowiekins|ya
|join|Emma Bae
|
|move|p2a: Empoleon|Scald|p1a: Aggron
|-damage|p1a: Aggron|114\/344
|move|p1a: Aggron|Earthquake|p2a: Empoleon
|-supereffective|p2a: Empoleon
|-damage|p2a: Empoleon|0 fnt
|faint|p2a: Empoleon
|
|
|switch|p2a: Alakazam|Alakazam, M|125\/251
|turn|61
|leave|Emma Bae
|
|move|p2a: Alakazam|Shadow Ball|p1a: Aggron
|-damage|p1a: Aggron|0 fnt
|faint|p1a: Aggron
|
|c|âmeowiekins|i didnt think
|c|âmeowiekins|that would kill
|c|âmeowiekins|:\/
|c|âi ran away|i calced
|c|âi ran away|lol
|join|Random Testing Alt
|
|switch|p1a: _(ã)_\/Â¯|Shedinja|1\/1
|turn|62
|
|switch|p2a: Ampharos|Ampharos-Mega, F|291\/383 tox
|-ability|p2a: Ampharos|Mold Breaker
|switch|p1a: Snorlax|Snorlax, F|297\/497 slp
|
|-heal|p1a: Snorlax|328\/497 slp|[from] item: Leftovers
|-damage|p2a: Ampharos|268\/383 tox|[from] psn
|turn|63
|join|ythituhu-
|
|move|p2a: Ampharos|Volt Switch|p1a: Snorlax
|-damage|p1a: Snorlax|238\/497 slp
|
|switch|p2a: Crobat|Crobat, M|241\/311
|-curestatus|p1a: Snorlax|slp
|move|p1a: Snorlax|Body Slam|p2a: Crobat
|-damage|p2a: Crobat|120\/311
|
|-heal|p1a: Snorlax|269\/497|[from] item: Leftovers
|turn|64
|
|move|p2a: Crobat|Brave Bird|p1a: Snorlax
|-damage|p1a: Snorlax|4\/497
|-damage|p2a: Crobat|33\/311|[from] recoil|[of] p1a: Snorlax
|move|p1a: Snorlax|Rest|p1a: Snorlax
|-status|p1a: Snorlax|slp
|-heal|p1a: Snorlax|497\/497 slp|[silent]
|-status|p1a: Snorlax|slp|[from] move: Rest
|
|turn|65
|c| Tom Bus|yum
|
|move|p2a: Crobat|Brave Bird|p1a: Snorlax
|-damage|p1a: Snorlax|229\/497 slp
|-damage|p2a: Crobat|0 fnt|[from] recoil|[of] p1a: Snorlax
|faint|p2a: Crobat
|cant|p1a: Snorlax|slp
|move|p1a: Snorlax|Sleep Talk|p1a: Snorlax
|move|p1a: Snorlax|Rest|p1a: Snorlax|[from]Sleep Talk
|-fail|p1a: Snorlax
|
|-heal|p1a: Snorlax|260\/497 slp|[from] item: Leftovers
|
|switch|p2a: kleinervogel|Fletchinder, M|291\/291
|turn|66
|
|move|p2a: kleinervogel|Swords Dance|p2a: kleinervogel
|-boost|p2a: kleinervogel|atk|2
|cant|p1a: Snorlax|slp
|move|p1a: Snorlax|Sleep Talk|p1a: Snorlax
|move|p1a: Snorlax|Body Slam|p2a: kleinervogel|[from]Sleep Talk
|-damage|p2a: kleinervogel|125\/291
|
|-heal|p1a: Snorlax|291\/497 slp|[from] item: Leftovers
|turn|67
|
|move|p2a: kleinervogel|Acrobatics|p1a: Snorlax
|-damage|p1a: Snorlax|0 fnt
|faint|p1a: Snorlax
|
|
|switch|p1a: _(ã)_\/Â¯|Shedinja|1\/1
|turn|68
|
|move|p2a: kleinervogel|Roost|p2a: kleinervogel
|-heal|p2a: kleinervogel|271\/291
|move|p1a: _(ã)_\/Â¯|Shadow Sneak|p2a: kleinervogel
|-damage|p2a: kleinervogel|175\/291
|
|turn|69
|
|move|p2a: kleinervogel|Acrobatics|p1a: _(ã)_\/Â¯
|-supereffective|p1a: _(ã)_\/Â¯
|-enditem|p1a: _(ã)_\/Â¯|Focus Sash
|-damage|p1a: _(ã)_\/Â¯|1\/1
|move|p1a: _(ã)_\/Â¯|Shadow Sneak|p2a: kleinervogel
|-damage|p2a: kleinervogel|67\/291
|
|turn|70
|
|move|p2a: kleinervogel|Acrobatics|p1a: _(ã)_\/Â¯
|-supereffective|p1a: _(ã)_\/Â¯
|-damage|p1a: _(ã)_\/Â¯|0 fnt
|faint|p1a: _(ã)_\/Â¯
|
|c|âmeowiekins|gg
|-message|meowiekins forfeited.
|
|win|i ran away
|raw|Ladder updating...
|c|âi ran away|gg
|raw|meowiekins's rating: 1359 &rarr; <strong>1342<\/strong><br \/>(-17 for losing)
|raw|i ran away's rating: 1413 &rarr; <strong>1430<\/strong><br \/>(+17 for winning)
|leave|ythituhu-
|leave|Tom Bus