|join|Meowiekins
|join|DatLatias
|player|p1|Meowiekins|160
|player|p2|DatLatias|146
|gametype|singles
|gen|6
|tier|UU
|rule|Sleep Clause Mod: Limit one foe put to sleep
|rule|Species Clause: Limit one of each PokÃ©mon
|rule|OHKO Clause: OHKO moves are banned
|rule|Moody Clause: Moody is banned
|rule|Evasion Moves Clause: Evasion moves are banned
|rule|Endless Battle Clause: Forcing endless battles is banned
|rule|HP Percentage Mod: HP is shown in percentages
|clearpoke
|poke|p1|Mienshao, M
|poke|p1|Machamp, F
|poke|p1|Lucario, F
|poke|p1|Froslass, F
|poke|p1|Aerodactyl, F
|poke|p1|Swampert, F
|poke|p2|Combusken, M
|poke|p2|Haxorus, M
|poke|p2|Swampert, F
|poke|p2|Meloetta
|poke|p2|Shaymin
|poke|p2|Aerodactyl, F
|rule|Swagger Clause: Swagger is banned
|rule|Baton Pass Clause: Limit one PokÃ©mon knowing Baton Pass
|teampreview
|join|Volbeatdown
|join|mike hunts
|join|aweonaoMoore
|join|Gay Bear Sex
|join|ooh keil em
|join|Over Under Used
|join|Thisbemyalt
|join|Mother Mary
|join|InnovativeUsername
|join|Acxiom
|c| Thisbemyalt|DAT'
|join|OGWanka
|join|Rubicon
|c| Thisbemyalt|FREN
|c| ooh keil em|oh yeah
|
|start
|switch|p1a: Swampert|Swampert, F|404\/404
|switch|p2a: Aerodactyl|Aerodactyl, F|301\/301
|-ability|p2a: Aerodactyl|Pressure
|turn|1
|c|âDatLatias|hi
|c|âDatLatias|n_n
|c| ooh keil em|ez
|
|move|p2a: Aerodactyl|Taunt|p1a: Swampert
|-start|p1a: Swampert|move: Taunt
|cant|p1a: Swampert|move: Taunt|Stealth Rock
|
|turn|2
|join|MegaNexal is dumb
|c| ooh keil em|he was talkin shit bout u a sec ago
|c| ooh keil em|fyi
|c| Thisbemyalt|I hope so
|c| MegaNexal is dumb|NI**GGER**
|c| Thisbemyalt|Im ass
|
|move|p2a: Aerodactyl|Stealth Rock|p1a: Swampert
|-sidestart|p1: Meowiekins|move: Stealth Rock
|move|p1a: Swampert|Scald|p2a: Aerodactyl
|-crit|p2a: Aerodactyl
|-supereffective|p2a: Aerodactyl
|-enditem|p2a: Aerodactyl|Focus Sash
|-damage|p2a: Aerodactyl|1\/301
|
|turn|3
|join|ReskkTest
|c| Mother Mary|>can't even bold the entire word
|c| Mother Mary|mfw
|
|switch|p2a: Shaymin|Shaymin|341\/341
|move|p1a: Swampert|Scald|p2a: Shaymin
|-resisted|p2a: Shaymin
|-damage|p2a: Shaymin|302\/341
|
|-end|p1a: Swampert|move: Taunt
|turn|4
|c| MegaNexal is dumb|mary you idiot
|c| Volbeatdown|he bolded
|c| Volbeatdown|gg
|c| MegaNexal is dumb|if you bolded it it'd be censored...
|c| MegaNexal is dumb|**MEANIE**
|c| MegaNexal is dumb|see
|c| Mother Mary|>being this new
|c| MegaNexal is dumb|fuckin idiot
|c| Mother Mary|**niÂ­gger**
|c| MegaNexal is dumb|**meanie**
|c| MegaNexal is dumb|kek
|c| Thisbemyalt|**bold**
|c| Over Under Used|~~Nig-~~
|c| OGWanka|**this is how you bold noah**
|c| MegaNexal is dumb|:^
|c| Over Under Used|~~-------------------------------~~
|
|switch|p1a: Froslass|Froslass, F|344\/344
|-damage|p1a: Froslass|258\/344|[from] Stealth Rock
|move|p2a: Shaymin|Seed Flare|p1a: Froslass
|-damage|p1a: Froslass|23\/344
|
|turn|5
|c| MegaNexal is dumb|**PENIS**
|c| ooh keil em|https:\/\/play.pokemonshowdown.com\/battle-uu-197654447
|
|move|p2a: Shaymin|Seed Flare|p1a: Froslass
|-damage|p1a: Froslass|0 fnt
|-start|p2a: Shaymin|Disable|Seed Flare
|faint|p1a: Froslass
|
|c| OGWanka|~~u wot m8
|c| ReskkTest|3===D ~ ~D:
|join|Technosis
|c| Mother Mary|scarf
|c| Mother Mary|shay
|
|switch|p1a: Lucario|Lucario, F|281\/281
|-damage|p1a: Lucario|273\/281|[from] Stealth Rock
|turn|6
|c| MegaNexal is dumb|new meta
|c| Volbeatdown|~~do it right chris~~
|c| Gay Bear Sex|scarf shaymin sounds kewl
|c| Thisbemyalt|**Chris is a fag who has to use his sister's skype because he isnt allowed his own**
|c| MegaNexal is dumb|time to sd
|c| MegaNexal is dumb|:^
|c| Technosis|chickenpass
|c| Gay Bear Sex|does he just lose to an sd?
|c| Technosis|u fucking nerd
|c| MegaNexal is dumb|its ogre
|c| MegaNexal is dumb|**OGRE**
|
|switch|p2a: Swampert|Swampert, F|341\/341
|move|p1a: Lucario|Swords Dance|p1a: Lucario
|-boost|p1a: Lucario|atk|2
|
|turn|7
|c| OGWanka|fk
|c| Mother Mary|shay doesn't die to +2 espeed
|c| Over Under Used|dont be mean to wanka
|
|switch|p2a: Aerodactyl|Aerodactyl, F|1\/301
|-ability|p2a: Aerodactyl|Pressure
|move|p1a: Lucario|Close Combat|p2a: Aerodactyl
|-damage|p2a: Aerodactyl|0 fnt
|-unboost|p1a: Lucario|def|1
|-unboost|p1a: Lucario|spd|1
|-damage|p1a: Lucario|245\/281|[from] item: Life Orb
|faint|p2a: Aerodactyl
|
|c| Mother Mary|can come back to kill with epower?
|c| ooh keil em|uh oh
|c| MegaNexal is dumb|should of sd'd again
|c| MegaNexal is dumb|you arent real....
|
|switch|p2a: Shaymin|Shaymin|302\/341
|turn|8
|c| Mother Mary|flare here
|c| MegaNexal is dumb|go into swampert
|c| MegaNexal is dumb|it lives seed flare
|c| Volbeatdown|^
|c| Rubicon|sap sipper
|c| Rubicon|i wish
|c| MegaNexal is dumb|predict ep
|c| MegaNexal is dumb|go into aero
|
|switch|p1a: Aerodactyl|Aerodactyl, F|311\/311
|-damage|p1a: Aerodactyl|234\/311|[from] Stealth Rock
|-ability|p1a: Aerodactyl|Pressure
|move|p2a: Shaymin|Earth Power|p1a: Aerodactyl
|-immune|p1a: Aerodactyl|[msg]
|
|turn|9
|c| MegaNexal is dumb|ahhh nice
|c| Mother Mary|where is flare
|c| MegaNexal is dumb|this is why you always listen to me
|c| MegaNexal is dumb|:^
|
|switch|p2a: Swampert|Swampert, F|341\/341
|switch|p1a: Machamp|Machamp, F|384\/384
|-damage|p1a: Machamp|360\/384|[from] Stealth Rock
|
|turn|10
|
|detailschange|p2a: Swampert|Swampert-Mega, F
|-mega|p2a: Swampert|Swampert|Swampertite
|move|p2a: Swampert|Rain Dance|p2a: Swampert
|-weather|RainDance
|move|p1a: Machamp|Close Combat|p2a: Swampert
|-damage|p2a: Swampert|133\/341
|-unboost|p1a: Machamp|def|1
|-unboost|p1a: Machamp|spd|1
|
|-weather|RainDance|[upkeep]
|turn|11
|leave|Acxiom
|c| Over Under Used|its been like 20 minutes
|c| Over Under Used|> turn 11
|
|move|p2a: Swampert|Waterfall|p1a: Machamp
|-damage|p1a: Machamp|0 fnt
|faint|p1a: Machamp
|
|-weather|RainDance|[upkeep]
|
|switch|p1a: Swampert|Swampert, F|404\/404
|-damage|p1a: Swampert|379\/404|[from] Stealth Rock
|turn|12
|join|2spoopy4u
|
|move|p2a: Swampert|Waterfall|p1a: Swampert
|-damage|p1a: Swampert|190\/404
|move|p1a: Swampert|Scald|p2a: Swampert
|-damage|p2a: Swampert|28\/341
|-status|p2a: Swampert|brn
|
|-weather|RainDance|[upkeep]
|-heal|p1a: Swampert|215\/404|[from] item: Leftovers
|-damage|p2a: Swampert|0 fnt|[from] brn
|faint|p2a: Swampert
|c| Over Under Used|wait
|c| MegaNexal is dumb|HAX
|c| Over Under Used|why is Latias Playin?
|c| OGWanka|ez
|c| MegaNexal is dumb|LUCKY N BAD
|c| OGWanka|snack wrap
|leave|2spoopy4u
|c| Volbeatdown|latias __is__ sketchy ecchi
|c| Volbeatdown|lmoa
|join|DrReuniclus3
|c|âDatLatias|kek
|join|Bassy To
|join|I Went To MIT
|
|switch|p2a: Meloetta|Meloetta|341\/341
|turn|13
|
|move|p2a: Meloetta|Relic Song|p1a: Swampert
|-damage|p1a: Swampert|106\/404
|-formechange|p2a: Meloetta|Meloetta-Pirouette|[msg]
|move|p1a: Swampert|Roar|p2a: Meloetta
|drag|p2a: Haxorus|Haxorus, M|293\/293
|-ability|p2a: Haxorus|Mold Breaker
|
|-weather|RainDance|[upkeep]
|-heal|p1a: Swampert|131\/404|[from] item: Leftovers
|turn|14
|c| I Went To MIT|ayy nice new alt
|c| Volbeatdown|i literally played you 2 times friend
|join|LessThanThreeMan
|c| Volbeatdown|wrong chat
|c| Volbeatdown|lmoa
|
|move|p2a: Haxorus|Dragon Claw|p1a: Swampert
|-damage|p1a: Swampert|0 fnt
|-damage|p2a: Haxorus|264\/293|[from] item: Life Orb
|faint|p1a: Swampert
|
|-weather|none
|c| I Went To MIT|no this is ooh keil em
|
|switch|p1a: Mienshao|Mienshao, M|271\/271
|-damage|p1a: Mienshao|255\/271|[from] Stealth Rock
|turn|15
|c| MegaNexal is dumb|be banded
|c| MegaNexal is dumb|you kill if banded
|
|switch|p2a: Shaymin|Shaymin|302\/341
|move|p1a: Mienshao|High Jump Kick|p2a: Shaymin
|-damage|p2a: Shaymin|19\/341
|
|turn|16
|
|move|p1a: Mienshao|High Jump Kick|p2a: Shaymin
|-damage|p2a: Shaymin|0 fnt
|faint|p2a: Shaymin
|
|join|xShiba
|c| DrReuniclus3|Oh I just noticed
|
|switch|p2a: Combusken|Combusken, M|324\/324
|turn|17
|c| DrReuniclus3|this is meowie's fight spam team
|c|âDatLatias|tfw no fight resists
|
|switch|p1a: Aerodactyl|Aerodactyl, F|234\/311
|-damage|p1a: Aerodactyl|157\/311|[from] Stealth Rock
|-ability|p1a: Aerodactyl|Pressure
|move|p2a: Combusken|Bulk Up|p2a: Combusken
|-boost|p2a: Combusken|atk|1
|-boost|p2a: Combusken|def|1
|
|-boost|p2a: Combusken|spe|1|[from] ability: Speed Boost
|turn|18
|c| MegaNexal is dumb|gg
|
|detailschange|p1a: Aerodactyl|Aerodactyl-Mega, F
|-mega|p1a: Aerodactyl|Aerodactyl|Aerodactylite
|move|p2a: Combusken|Protect|p2a: Combusken
|-singleturn|p2a: Combusken|Protect
|move|p1a: Aerodactyl|Aerial Ace|p2a: Combusken
|-activate|p2a: Combusken|Protect
|
|-boost|p2a: Combusken|spe|1|[from] ability: Speed Boost
|turn|19
|
|move|p2a: Combusken|Bulk Up|p2a: Combusken
|-boost|p2a: Combusken|atk|1
|-boost|p2a: Combusken|def|1
|move|p1a: Aerodactyl|Aerial Ace|p2a: Combusken
|-supereffective|p2a: Combusken
|-damage|p2a: Combusken|186\/324
|
|-boost|p2a: Combusken|spe|1|[from] ability: Speed Boost
|turn|20
|
|move|p2a: Combusken|Baton Pass|p2a: Combusken
|
|switch|p2a: Haxorus|Haxorus, M|264\/293
|-ability|p2a: Haxorus|Mold Breaker
|move|p1a: Aerodactyl|Aerial Ace|p2a: Haxorus
|-damage|p2a: Haxorus|176\/293
|
|turn|21
|c| MegaNexal is dumb|that did 0
|
|move|p2a: Haxorus|Dragon Claw|p1a: Aerodactyl
|-damage|p1a: Aerodactyl|0 fnt
|-damage|p2a: Haxorus|147\/293|[from] item: Life Orb
|faint|p1a: Aerodactyl
|
|
|switch|p1a: Lucario|Lucario, F|245\/281
|-damage|p1a: Lucario|237\/281|[from] Stealth Rock
|turn|22
|c| Mother Mary|crit expeed
|c| Mother Mary|or bust
|
|move|p1a: Lucario|Extreme Speed|p2a: Haxorus
|-damage|p2a: Haxorus|79\/293
|-damage|p1a: Lucario|209\/281|[from] item: Life Orb
|move|p2a: Haxorus|Earthquake|p1a: Lucario
|-supereffective|p1a: Lucario
|-damage|p1a: Lucario|0 fnt
|-damage|p2a: Haxorus|50\/293|[from] item: Life Orb
|faint|p1a: Lucario
|
|join|ooh keil em
|c| MegaNexal is dumb|bust
|
|switch|p1a: Mienshao|Mienshao, M|255\/271
|-damage|p1a: Mienshao|239\/271|[from] Stealth Rock
|turn|23
|c| ooh keil em|penis
|c|âMeowiekins|fkn hax no crit
|c|âMeowiekins|oml
|c|âMeowiekins|;]
|c|âDatLatias|kek
|
|move|p2a: Haxorus|Dragon Claw|p1a: Mienshao
|-damage|p1a: Mienshao|0 fnt
|-damage|p2a: Haxorus|21\/293|[from] item: Life Orb
|faint|p1a: Mienshao
|
|win|DatLatias
|c|âMeowiekins|gg
|c|âDatLatias|gg
|leave|Volbeatdown
|leave|Over Under Used
|leave|aweonaoMoore
|leave|mike hunts
|leave|xShiba