|join|meowiekins
|join|Ghostfear
|player|p1|meowiekins|160
|player|p2|Ghostfear|165
|gametype|singles
|gen|6
|tier|UU
|rated
|rule|Sleep Clause Mod: Limit one foe put to sleep
|rule|Species Clause: Limit one of each PokÃ©mon
|rule|OHKO Clause: OHKO moves are banned
|rule|Moody Clause: Moody is banned
|rule|Evasion Moves Clause: Evasion moves are banned
|rule|Endless Battle Clause: Forcing endless battles is banned
|rule|HP Percentage Mod: HP is shown in percentages
|clearpoke
|poke|p1|Whimsicott, M
|poke|p1|Vaporeon, M
|poke|p1|Diggersby, M
|poke|p1|Jirachi
|poke|p1|Raikou
|poke|p1|Gligar, M
|poke|p2|Shuckle, F
|poke|p2|Machamp, M
|poke|p2|Whimsicott, F, shiny
|poke|p2|Nidoqueen, F
|poke|p2|Haxorus, M, shiny
|poke|p2|Alakazam, M
|rule|Swagger Clause: Swagger is banned
|rule|Baton Pass Clause: Limit one PokÃ©mon knowing Baton Pass
|teampreview
|c|âGhostfear|sigh
|c|âGhostfear|oh fuck 
|
|start
|switch|p1a: Jirachi|Jirachi|341\/341
|switch|p2a: Ric Flair|Machamp, M|321\/321
|turn|1
|c|âmeowiekins|?
|
|move|p1a: Jirachi|U-turn|p2a: Ric Flair
|-resisted|p2a: Ric Flair
|-damage|p2a: Ric Flair|277\/321
|
|switch|p1a: Whimsicott|Whimsicott, M|261\/261
|move|p2a: Ric Flair|Knock Off|p1a: Whimsicott
|-resisted|p1a: Whimsicott
|-damage|p1a: Whimsicott|162\/261
|-enditem|p1a: Whimsicott|Leftovers|[from] move: Knock Off|[of] p2a: Ric Flair
|
|turn|2
|
|switch|p2a: Not Prankster|Whimsicott, F, shiny|261\/261
|move|p1a: Whimsicott|U-turn|p2a: Not Prankster
|-damage|p2a: Not Prankster|215\/261
|
|switch|p1a: Jirachi|Jirachi|341\/341
|
|-heal|p2a: Not Prankster|231\/261|[from] item: Leftovers
|turn|3
|
|switch|p2a: Laquisha|Nidoqueen, F|329\/329
|move|p1a: Jirachi|Iron Head|p2a: Laquisha
|-damage|p2a: Laquisha|185\/329
|
|turn|4
|
|move|p1a: Jirachi|Iron Head|p2a: Laquisha
|-damage|p2a: Laquisha|50\/329
|move|p2a: Laquisha|Earth Power|p1a: Jirachi
|-supereffective|p1a: Jirachi
|-damage|p1a: Jirachi|0 fnt
|faint|p1a: Jirachi
|
|c|âGhostfear|k
|
|switch|p1a: Whimsicott|Whimsicott, M|162\/261
|turn|5
|
|switch|p2a: Fuckle|Shuckle, F|244\/244
|move|p1a: Whimsicott|Giga Drain|p2a: Fuckle
|-damage|p2a: Fuckle|211\/244
|-heal|p1a: Whimsicott|179\/261|[from] drain|[of] p2a: Fuckle
|
|turn|6
|
|move|p1a: Whimsicott|Giga Drain|p2a: Fuckle
|-damage|p2a: Fuckle|174\/244
|-heal|p1a: Whimsicott|198\/261|[from] drain|[of] p2a: Fuckle
|move|p2a: Fuckle|Stealth Rock|p1a: Whimsicott
|-sidestart|p1: meowiekins|move: Stealth Rock
|
|turn|7
|
|move|p1a: Whimsicott|Giga Drain|p2a: Fuckle
|-damage|p2a: Fuckle|138\/244
|-heal|p1a: Whimsicott|216\/261|[from] drain|[of] p2a: Fuckle
|move|p2a: Fuckle|Sticky Web|p1a: Whimsicott
|-sidestart|p1: meowiekins|move: Sticky Web
|
|turn|8
|
|switch|p2a: Ric Flair|Machamp, M|277\/321
|move|p1a: Whimsicott|Giga Drain|p2a: Ric Flair
|-damage|p2a: Ric Flair|175\/321
|-heal|p1a: Whimsicott|261\/261|[from] drain|[of] p2a: Ric Flair
|
|turn|9
|
|move|p1a: Whimsicott|Moonblast|p2a: Ric Flair
|-supereffective|p2a: Ric Flair
|-damage|p2a: Ric Flair|0 fnt
|faint|p2a: Ric Flair
|
|
|switch|p2a: Not Prankster|Whimsicott, F, shiny|231\/261
|turn|10
|
|move|p1a: Whimsicott|Moonblast|p2a: Not Prankster
|-damage|p2a: Not Prankster|81\/261
|move|p2a: Not Prankster|Moonblast|p1a: Whimsicott
|-damage|p1a: Whimsicott|98\/261
|
|-heal|p2a: Not Prankster|97\/261|[from] item: Leftovers
|turn|11
|
|move|p1a: Whimsicott|Moonblast|p2a: Not Prankster
|-damage|p2a: Not Prankster|0 fnt
|faint|p2a: Not Prankster
|
|
|switch|p2a: Gandhi|Alakazam, M|252\/252
|turn|12
|
|switch|p1a: Gligar|Gligar, M|334\/334
|-damage|p1a: Gligar|293\/334|[from] Stealth Rock
|detailschange|p2a: Gandhi|Alakazam-Mega, M
|message|Alakazam has Mega Evolved into Mega Alakazam!
|-ability|p2a: Gandhi|Sand Veil|[from] ability: Trace|[of] p1a: Gligar
|move|p2a: Gandhi|Psychic|p1a: Gligar
|-damage|p1a: Gligar|157\/334
|
|turn|13
|
|move|p2a: Gandhi|Psychic|p1a: Gligar
|-damage|p1a: Gligar|16\/334
|move|p1a: Gligar|U-turn|p2a: Gandhi
|-supereffective|p2a: Gandhi
|-damage|p2a: Gandhi|136\/252
|
|switch|p1a: Diggersby|Diggersby, M|311\/311
|-activate|p1a: Diggersby|move: Sticky Web
|-unboost|p1a: Diggersby|spe|1
|-damage|p1a: Diggersby|292\/311|[from] Stealth Rock
|
|turn|14
|
|switch|p2a: Laquisha|Nidoqueen, F|50\/329
|move|p1a: Diggersby|Quick Attack|p2a: Laquisha
|-damage|p2a: Laquisha|0 fnt
|faint|p2a: Laquisha
|
|
|switch|p2a: Arbiter|Haxorus, M, shiny|293\/293
|-ability|p2a: Arbiter|Mold Breaker
|turn|15
|
|switch|p1a: Gligar|Gligar, M|16\/334
|-damage|p1a: Gligar|0 fnt|[from] Stealth Rock
|faint|p1a: Gligar
|move|p2a: Arbiter|Poison Jab|p1: Gligar|[notarget]
|-notarget
|
|
|switch|p1a: Vaporeon|Vaporeon, M|464\/464
|-damage|p1a: Vaporeon|406\/464|[from] Stealth Rock
|-activate|p1a: Vaporeon|move: Sticky Web
|-unboost|p1a: Vaporeon|spe|1
|turn|16
|
|move|p2a: Arbiter|Dragon Dance|p2a: Arbiter
|-boost|p2a: Arbiter|atk|1
|-boost|p2a: Arbiter|spe|1
|move|p1a: Vaporeon|Baton Pass|p1a: Vaporeon
|
|switch|p1a: Whimsicott|Whimsicott, M|98\/261
|-damage|p1a: Whimsicott|66\/261|[from] Stealth Rock
|-activate|p1a: Whimsicott|move: Sticky Web
|-unboost|p1a: Whimsicott|spe|1
|
|turn|17
|
|switch|p2a: Gandhi|Alakazam-Mega, M|136\/252
|-ability|p2a: Gandhi|Prankster|[from] ability: Trace|[of] p1a: Whimsicott
|move|p1a: Whimsicott|Encore|p2a: Gandhi
|-fail|p2a: Gandhi
|
|turn|18
|
|switch|p1a: Vaporeon|Vaporeon, M|406\/464
|-damage|p1a: Vaporeon|348\/464|[from] Stealth Rock
|-activate|p1a: Vaporeon|move: Sticky Web
|-unboost|p1a: Vaporeon|spe|1
|move|p2a: Gandhi|Psychic|p1a: Vaporeon
|-damage|p1a: Vaporeon|105\/464
|
|-heal|p1a: Vaporeon|134\/464|[from] item: Leftovers
|turn|19
|
|move|p2a: Gandhi|Psychic|p1a: Vaporeon
|-damage|p1a: Vaporeon|0 fnt
|faint|p1a: Vaporeon
|
|
|switch|p1a: Diggersby|Diggersby, M|292\/311
|-activate|p1a: Diggersby|move: Sticky Web
|-unboost|p1a: Diggersby|spe|1
|-damage|p1a: Diggersby|273\/311|[from] Stealth Rock
|turn|20
|
|move|p2a: Gandhi|Protect|p2a: Gandhi
|-singleturn|p2a: Gandhi|Protect
|move|p1a: Diggersby|Quick Attack|p2a: Gandhi
|-activate|p2a: Gandhi|Protect
|
|turn|21
|
|switch|p2a: Fuckle|Shuckle, F|138\/244
|switch|p1a: Raikou|Raikou|322\/322
|-damage|p1a: Raikou|282\/322|[from] Stealth Rock
|-activate|p1a: Raikou|move: Sticky Web
|-unboost|p1a: Raikou|spe|1
|-ability|p1a: Raikou|Pressure
|
|turn|22
|
|move|p1a: Raikou|Thunderbolt|p2a: Fuckle
|-damage|p2a: Fuckle|78\/244
|move|p2a: Fuckle|Knock Off|p1a: Raikou
|-damage|p1a: Raikou|257\/322
|-enditem|p1a: Raikou|Assault Vest|[from] move: Knock Off|[of] p2a: Fuckle
|
|turn|23
|
|move|p1a: Raikou|Thunderbolt|p2a: Fuckle
|-damage|p2a: Fuckle|26\/244
|move|p2a: Fuckle|Encore|p1a: Raikou
|-start|p1a: Raikou|Encore
|
|turn|24
|
|move|p1a: Raikou|Thunderbolt|p2a: Fuckle
|-damage|p2a: Fuckle|0 fnt
|faint|p2a: Fuckle
|
|
|switch|p2a: Arbiter|Haxorus, M, shiny|293\/293
|-ability|p2a: Arbiter|Mold Breaker
|turn|25
|
|move|p2a: Arbiter|Earthquake|p1a: Raikou
|-supereffective|p1a: Raikou
|-damage|p1a: Raikou|0 fnt
|faint|p1a: Raikou
|
|
|switch|p1a: Diggersby|Diggersby, M|273\/311
|-activate|p1a: Diggersby|move: Sticky Web
|-unboost|p1a: Diggersby|spe|1
|-damage|p1a: Diggersby|254\/311|[from] Stealth Rock
|turn|26
|
|move|p2a: Arbiter|Outrage|p1a: Diggersby
|-damage|p1a: Diggersby|0 fnt
|faint|p1a: Diggersby
|
|c|âGhostfear|gg
|
|switch|p1a: Whimsicott|Whimsicott, M|66\/261
|-activate|p1a: Whimsicott|move: Sticky Web
|-unboost|p1a: Whimsicott|spe|1
|-damage|p1a: Whimsicott|34\/261|[from] Stealth Rock
|turn|27
|c|âmeowiekins|gg
|
|move|p2a: Arbiter|Outrage|p1a: Whimsicott
|-immune|p1a: Whimsicott|[msg]
|move|p1a: Whimsicott|Moonblast|p2a: Arbiter
|-supereffective|p2a: Arbiter
|-damage|p2a: Arbiter|0 fnt
|faint|p2a: Arbiter
|
|
|switch|p2a: Gandhi|Alakazam-Mega, M|136\/252
|-ability|p2a: Gandhi|Prankster|[from] ability: Trace|[of] p1a: Whimsicott
|turn|28
|
|move|p2a: Gandhi|Psychic|p1a: Whimsicott
|-damage|p1a: Whimsicott|0 fnt
|faint|p1a: Whimsicott
|
|win|Ghostfear
|raw|Ladder updating...
|join|Llamafest
|raw|meowiekins's rating: 1647 &rarr; <strong>1614<\/strong><br \/>(-33 for losing)
|raw|Ghostfear's rating: 1397 &rarr; <strong>1430<\/strong><br \/>(+33 for winning)
|leave|meowiekins
|player|p1
|leave|Llamafest
|leave|Ghostfear
|player|p2
|join|lynxo5