|join|meowiekins
|join|RB ben
|player|p1|meowiekins|160
|player|p2|RB ben|170
|gametype|singles
|gen|6
|tier|UU
|rated
|rule|Sleep Clause Mod: Limit one foe put to sleep
|rule|Species Clause: Limit one of each PokÃ©mon
|rule|OHKO Clause: OHKO moves are banned
|rule|Moody Clause: Moody is banned
|rule|Evasion Moves Clause: Evasion moves are banned
|rule|Endless Battle Clause: Forcing endless battles is banned
|rule|HP Percentage Mod: HP is shown in percentages
|clearpoke
|poke|p1|Shedinja
|poke|p1|Aggron, F
|poke|p1|Tentacruel, M
|poke|p1|Aromatisse, F
|poke|p1|Xatu, M
|poke|p1|Snorlax, M
|poke|p2|Avalugg, F
|poke|p2|Basculin, M, shiny
|poke|p2|Bouffalant, F, shiny
|poke|p2|Beedrill, F, shiny
|poke|p2|Bastiodon, F, shiny
|poke|p2|Flareon, F, shiny
|rule|Swagger Clause: Swagger is banned
|rule|Baton Pass Clause: Limit one PokÃ©mon knowing Baton Pass
|teampreview
|join|Makeishura
|join|Bob the Senpai
|join|watfor
|c| Bob the Senpai|fkn
|c| Makeishura|kek
|c| Bob the Senpai|wot
|
|start
|switch|p1a: Aggron|Aggron, F|344\/344
|switch|p2a: Beedrill|Beedrill, F, shiny|272\/272
|turn|1
|c| Makeishura|this is a uu team?
|c|âRB ben|yep
|c| Makeishura|it's pu, with a mega beedrill
|c| watfor|please be
|c|âRB ben|D:
|c| watfor|sub SD
|c|âmeowiekins|its UU
|c|âmeowiekins|then
|c| watfor|bouf
|
|detailschange|p2a: Beedrill|Beedrill-Mega, F, shiny
|message|Beedrill has Mega Evolved into Mega Beedrill!
|detailschange|p1a: Aggron|Aggron-Mega, F
|message|Aggron has Mega Evolved into Mega Aggron!
|move|p2a: Beedrill|U-turn|p1a: Aggron
|-resisted|p1a: Aggron
|-damage|p1a: Aggron|299\/344
|c| watfor|subSD Bouf
|c| watfor|will rekt him
|c| watfor|imo
|c|âmeowiekins|shhh
|
|switch|p2a: Flareon|Flareon, F, shiny|272\/272
|move|p1a: Aggron|Stealth Rock|p2a: Flareon
|-sidestart|p2: RB ben|move: Stealth Rock
|
|-status|p2a: Flareon|tox|[from] item: Toxic Orb
|turn|2
|c|âmeowiekins|wait
|c|âmeowiekins|how
|c|âmeowiekins|i have sheddy
|c| watfor|um
|c| watfor|sub sd toxic
|c| watfor|imo
|c|âmeowiekins|fk
|
|switch|p1a: Aromatisse|Aromatisse, F|406\/406
|move|p2a: Flareon|Facade|p1a: Aromatisse
|-damage|p1a: Aromatisse|188\/406
|
|-heal|p1a: Aromatisse|213\/406|[from] item: Leftovers
|-damage|p2a: Flareon|255\/272 tox|[from] psn
|turn|3
|c| Makeishura|kek
|c| Makeishura|rip
|
|move|p1a: Aromatisse|Protect|p1a: Aromatisse
|-singleturn|p1a: Aromatisse|Protect
|move|p2a: Flareon|Facade|p1a: Aromatisse
|-activate|p1a: Aromatisse|Protect
|
|-heal|p1a: Aromatisse|238\/406|[from] item: Leftovers
|-damage|p2a: Flareon|221\/272 tox|[from] psn
|turn|4
|
|switch|p2a: Bastiodon|Bastiodon, F, shiny|324\/324
|-damage|p2a: Bastiodon|304\/324|[from] Stealth Rock
|switch|p1a: Xatu|Xatu, M|333\/333
|
|-heal|p2a: Bastiodon|324\/324|[from] item: Leftovers
|turn|5
|
|move|p1a: Xatu|Night Shade|p2a: Bastiodon
|-damage|p2a: Bastiodon|224\/324
|move|p2a: Bastiodon|Rock Slide|p1a: Xatu
|-supereffective|p1a: Xatu
|-damage|p1a: Xatu|241\/333
|
|-heal|p2a: Bastiodon|244\/324|[from] item: Leftovers
|turn|6
|c|âmeowiekins|damage
|c|âmeowiekins|super effective
|c|âmeowiekins|stab
|join|viaw
|c|âmeowiekins|27
|c| viaw|lmoa
|c|âmeowiekins|ITS CATCHING ON
|c|âmeowiekins|lmoa
|
|switch|p2a: bass killin|Basculin, M, shiny|282\/282
|-damage|p2a: bass killin|247\/282|[from] Stealth Rock
|move|p1a: Xatu|Night Shade|p2a: bass killin
|-damage|p2a: bass killin|147\/282
|
|turn|7
|
|switch|p1a: Aggron|Aggron-Mega, F|299\/344
|move|p2a: bass killin|Crunch|p1a: Aggron
|-damage|p1a: Aggron|236\/344
|-unboost|p1a: Aggron|def|1
|
|turn|8
|
|switch|p2a: Bouffalant|Bouffalant, F, shiny|332\/332
|-damage|p2a: Bouffalant|291\/332|[from] Stealth Rock
|move|p1a: Aggron|Earthquake|p2a: Bouffalant
|-damage|p2a: Bouffalant|179\/332
|
|turn|9
|
|switch|p1a: _(ã)_\/Â¯|Shedinja|1\/1
|move|p2a: Bouffalant|Earthquake|p1a: _(ã)_\/Â¯
|-activate|p1a: _(ã)_\/Â¯|ability: Wonder Guard
|
|turn|10
|
|switch|p2a: Beedrill|Beedrill-Mega, F, shiny|272\/272
|-damage|p2a: Beedrill|204\/272|[from] Stealth Rock
|move|p1a: _(ã)_\/Â¯|Will-O-Wisp|p2a: Beedrill
|-status|p2a: Beedrill|brn
|
|-damage|p2a: Beedrill|170\/272 brn|[from] brn
|turn|11
|c|âRB ben|D:
|c|âmeowiekins|:]
|
|switch|p1a: Aggron|Aggron-Mega, F|236\/344
|move|p2a: Beedrill|Knock Off|p1a: Aggron
|-damage|p1a: Aggron|215\/344
|
|-damage|p2a: Beedrill|136\/272 brn|[from] brn
|turn|12
|
|move|p2a: Beedrill|U-turn|p1a: Aggron
|-resisted|p1a: Aggron
|-damage|p1a: Aggron|189\/344
|
|switch|p2a: Flareon|Flareon, F, shiny|221\/272 tox
|-damage|p2a: Flareon|153\/272 tox|[from] Stealth Rock
|move|p1a: Aggron|Heavy Slam|p2a: Flareon
|-resisted|p2a: Flareon
|-damage|p2a: Flareon|7\/272 tox
|
|-damage|p2a: Flareon|0 fnt|[from] psn
|faint|p2a: Flareon
|c|âmeowiekins|O_O
|
|switch|p2a: Avalugg|Avalugg, F|394\/394
|-damage|p2a: Avalugg|296\/394|[from] Stealth Rock
|turn|13
|
|move|p1a: Aggron|Heavy Slam|p2a: Avalugg
|-supereffective|p2a: Avalugg
|-damage|p2a: Avalugg|242\/394
|move|p2a: Avalugg|Recover|p2a: Avalugg
|-heal|p2a: Avalugg|394\/394
|
|turn|14
|c|âmeowiekins|lol
|
|switch|p1a: Tentacruel|Tentacruel, M|364\/364
|move|p2a: Avalugg|Rapid Spin|p1a: Tentacruel
|-damage|p1a: Tentacruel|341\/364
|-sideend|p2: RB ben|Stealth Rock|[from] move: Rapid Spin|[of] p2a: Avalugg
|
|-heal|p1a: Tentacruel|363\/364|[from] item: Black Sludge
|turn|15
|
|switch|p2a: bass killin|Basculin, M, shiny|147\/282
|move|p1a: Tentacruel|Toxic Spikes|p2a: bass killin
|-sidestart|p2: RB ben|move: Toxic Spikes
|
|-heal|p1a: Tentacruel|364\/364|[from] item: Black Sludge
|turn|16
|
|switch|p2a: Beedrill|Beedrill-Mega, F, shiny|136\/272 brn
|-sideend|p2: RB ben|move: Toxic Spikes|[of] p2a: Beedrill
|switch|p1a: Aromatisse|Aromatisse, F|238\/406
|
|-heal|p1a: Aromatisse|263\/406|[from] item: Leftovers
|-damage|p2a: Beedrill|102\/272 brn|[from] brn
|turn|17
|c| watfor|predicted
|
|move|p1a: Aromatisse|Protect|p1a: Aromatisse
|-singleturn|p1a: Aromatisse|Protect
|move|p2a: Beedrill|Poison Jab|p1a: Aromatisse
|-activate|p1a: Aromatisse|Protect
|
|-heal|p1a: Aromatisse|288\/406|[from] item: Leftovers
|-damage|p2a: Beedrill|68\/272 brn|[from] brn
|turn|18
|
|switch|p1a: Snorlax|Snorlax, M|497\/497
|move|p2a: Beedrill|Knock Off|p1a: Snorlax
|-damage|p1a: Snorlax|418\/497
|-enditem|p1a: Snorlax|Leftovers|[from] move: Knock Off|[of] p2a: Beedrill
|
|-damage|p2a: Beedrill|34\/272 brn|[from] brn
|turn|19
|
|move|p2a: Beedrill|Poison Jab|p1a: Snorlax
|-damage|p1a: Snorlax|278\/497
|-status|p1a: Snorlax|psn
|move|p1a: Snorlax|Curse|p1a: Snorlax
|-boost|p1a: Snorlax|atk|1
|-boost|p1a: Snorlax|def|1
|-unboost|p1a: Snorlax|spe|1
|
|-damage|p2a: Beedrill|0 fnt|[from] brn
|-damage|p1a: Snorlax|216\/497 psn|[from] psn
|faint|p2a: Beedrill
|c| viaw|weak
|c|âRB ben|bro im burned
|c| viaw|get jab'd
|c|âRB ben|its a snorlax
|c|âmeowiekins|i did get jab'd
|c| viaw|~_~
|c|âmeowiekins|:\/
|c| watfor|snorlax has weak def
|
|switch|p2a: Bouffalant|Bouffalant, F, shiny|179\/332
|turn|20
|c| viaw|god jab't
|
|switch|p1a: Aggron|Aggron-Mega, F|189\/344
|move|p2a: Bouffalant|Head Charge|p1a: Aggron
|-resisted|p1a: Aggron
|-damage|p1a: Aggron|97\/344
|-damage|p2a: Bouffalant|156\/332|[from] recoil|[of] p1a: Aggron
|
|turn|21
|c| viaw|wat6
|c| Bob the Senpai|power
|c| viaw|~_~
|c| watfor|viaw!!!
|c| viaw|nice darmg'e
|c| watfor|>3
|c| viaw|:3
|
|switch|p2a: Avalugg|Avalugg, F|394\/394
|move|p1a: Aggron|Stealth Rock|p2a: Avalugg
|-sidestart|p2: RB ben|move: Stealth Rock
|
|turn|22
|c| watfor|<3*
|
|switch|p1a: Xatu|Xatu, M|241\/333
|move|p2a: Avalugg|Hail|p2a: Avalugg
|-weather|Hail
|
|-weather|Hail|[upkeep]
|-damage|p1a: Xatu|221\/333|[from] hail
|turn|23
|c| viaw|>3
|c| Bob the Senpai|wut
|c| watfor|i need to get my arrows direction str8
|
|move|p1a: Xatu|Toxic|p2a: Avalugg
|-status|p2a: Avalugg|tox
|move|p2a: Avalugg|Rapid Spin|p1a: Xatu
|-damage|p1a: Xatu|204\/333
|-damage|p2a: Avalugg|329\/394 tox|[from] item: Rocky Helmet|[of] p1a: Xatu
|-sideend|p2: RB ben|Stealth Rock|[from] move: Rapid Spin|[of] p2a: Avalugg
|
|-weather|Hail|[upkeep]
|-damage|p1a: Xatu|184\/333|[from] hail
|-heal|p2a: Avalugg|353\/394 tox|[from] ability: Ice Body
|-heal|p2a: Avalugg|377\/394 tox|[from] item: Leftovers
|-damage|p2a: Avalugg|353\/394 tox|[from] psn
|turn|24
|c| viaw|ALL HAIL
|c| watfor|3<
|c| viaw|HAIL
|c|âmeowiekins|wait
|c| viaw|~_~
|c|âmeowiekins|wtf
|c|âmeowiekins|ct
|c|âmeowiekins|ct
|c| viaw|SPIN SPIN SPIN
|c|âmeowiekins|ctc
|c|âmeowiekins|ct
|c|âmeowiekins|ct
|c|âmeowiekins|ct
|c| viaw|HAILL
|c| viaw|HAIL HAIL HAIL
|c|âRB ben|:D
|c|âmeowiekins|ALL HAIL AVALUGG
|c|âRB ben|new meta
|c|âmeowiekins|ALL HAIL AVALUGG
|c|âmeowiekins|ALL HAIL AVALUGG
|c|âmeowiekins|ALL HAIL AVALUGG
|c|âmeowiekins|ALL HAIL AVALUGG
|c|âmeowiekins|ALL HAIL AVALUGG
|
|switch|p1a: Tentacruel|Tentacruel, M|364\/364
|switch|p2a: bass killin|Basculin, M, shiny|147\/282
|
|-weather|Hail|[upkeep]
|-damage|p2a: bass killin|130\/282|[from] hail
|-damage|p1a: Tentacruel|342\/364|[from] hail
|-heal|p1a: Tentacruel|364\/364|[from] item: Black Sludge
|turn|25
|c| viaw|HAIL AVALAUAA
|c| viaw|G_G
|c| watfor|meowkins, it'd be funny if you switched in sheddy to spin block
|c| Bob the Senpai|eat this adaptibility waterfall
|c|âmeowiekins|and got
|c| watfor|hailed
|c|âmeowiekins|destroyed
|c| watfor|:^]
|
|switch|p1a: Snorlax|Snorlax, M|216\/497 psn
|move|p2a: bass killin|Crunch|p1a: Snorlax
|-damage|p1a: Snorlax|70\/497 psn
|
|-weather|Hail|[upkeep]
|-damage|p2a: bass killin|113\/282|[from] hail
|-damage|p1a: Snorlax|39\/497 psn|[from] hail
|-damage|p1a: Snorlax|0 fnt|[from] psn
|faint|p1a: Snorlax
|c| watfor|I guess shedinja would
|c| watfor|burn in HAIL
|
|switch|p1a: Aromatisse|Aromatisse, F|288\/406
|turn|26
|c| viaw|rekt
|c| watfor|kek
|c|âmeowiekins|ALL HAIL AVALUGG
|c| watfor|:^]
|
|switch|p2a: Bastiodon|Bastiodon, F, shiny|244\/324
|move|p1a: Aromatisse|Wish|p1a: Aromatisse
|
|-weather|none
|-heal|p2a: Bastiodon|264\/324|[from] item: Leftovers
|-heal|p1a: Aromatisse|313\/406|[from] item: Leftovers
|turn|27
|c| viaw|AVALUGG
|c| viaw|CONFIRM'D
|
|switch|p1a: Xatu|Xatu, M|184\/333
|move|p2a: Bastiodon|Rock Slide|p1a: Xatu
|-supereffective|p1a: Xatu
|-damage|p1a: Xatu|82\/333
|
|-heal|p1a: Xatu|285\/333|[from] move: Wish|[wisher] Aromatisse
|-heal|p2a: Bastiodon|284\/324|[from] item: Leftovers
|turn|28
|
|move|p1a: Xatu|Toxic|p2a: Bastiodon
|-fail|p2a: Bastiodon
|move|p2a: Bastiodon|Rock Slide|p1a: Xatu
|-supereffective|p1a: Xatu
|-damage|p1a: Xatu|193\/333
|
|-heal|p2a: Bastiodon|304\/324|[from] item: Leftovers
|turn|29
|
|move|p1a: Xatu|Night Shade|p2a: Bastiodon
|-damage|p2a: Bastiodon|204\/324
|move|p2a: Bastiodon|Rock Slide|p1a: Xatu
|-supereffective|p1a: Xatu
|-damage|p1a: Xatu|101\/333
|
|-heal|p2a: Bastiodon|224\/324|[from] item: Leftovers
|turn|30
|c| watfor|bastiodon with its based 52 atk stat
|c|âmeowiekins|lmoa
|
|move|p1a: Xatu|Roost|p1a: Xatu
|-heal|p1a: Xatu|268\/333
|move|p2a: Bastiodon|Rock Slide|p1a: Xatu
|-damage|p1a: Xatu|216\/333
|
|-heal|p2a: Bastiodon|244\/324|[from] item: Leftovers
|turn|31
|c| Bob the Senpai|roost where
|c|âmeowiekins|right there
|c|âmeowiekins|giga drain
|c|âmeowiekins|for sap sipper boost
|c|âmeowiekins|?
|c|âmeowiekins|?
|
|switch|p2a: Bouffalant|Bouffalant, F, shiny|156\/332
|move|p1a: Xatu|Toxic|p2a: Bouffalant
|-status|p2a: Bouffalant|tox
|
|-damage|p2a: Bouffalant|136\/332 tox|[from] psn
|turn|32
|c| Bob the Senpai|rused
|c|âRB ben|nice prediction
|
|switch|p1a: _(ã)_\/Â¯|Shedinja|1\/1
|move|p2a: Bouffalant|Head Charge|p1a: _(ã)_\/Â¯
|-immune|p1a: _(ã)_\/Â¯|[msg]
|
|-damage|p2a: Bouffalant|96\/332 tox|[from] psn
|turn|33
|c|âmeowiekins|thanks
|c|âmeowiekins|:]
|c| watfor|REVEAL PURSUIT
|c| Bob the Senpai|bring in the counter
|c| watfor|PURSUIT NOW
|c|âRB ben|i am going to lose D:
|
|switch|p2a: Bastiodon|Bastiodon, F, shiny|244\/324
|move|p1a: _(ã)_\/Â¯|Will-O-Wisp|p2a: Bastiodon
|-status|p2a: Bastiodon|brn
|
|-heal|p2a: Bastiodon|264\/324 brn|[from] item: Leftovers
|-damage|p2a: Bastiodon|224\/324 brn|[from] brn
|turn|34
|
|switch|p1a: Xatu|Xatu, M|216\/333
|switch|p2a: bass killin|Basculin, M, shiny|113\/282
|
|turn|35
|c| viaw|set up hAIl
|c| watfor|^
|
|switch|p1a: Aromatisse|Aromatisse, F|313\/406
|move|p2a: bass killin|Crunch|p1a: Aromatisse
|-resisted|p1a: Aromatisse
|-damage|p1a: Aromatisse|260\/406
|
|-heal|p1a: Aromatisse|285\/406|[from] item: Leftovers
|turn|36
|c| viaw|!hail rush
|c| Bob the Senpai|this is so fkn cancer
|
|switch|p2a: Avalugg|Avalugg, F|353\/394 tox
|move|p1a: Aromatisse|Wish|p1a: Aromatisse
|
|-heal|p1a: Aromatisse|310\/406|[from] item: Leftovers
|-heal|p2a: Avalugg|377\/394 tox|[from] item: Leftovers
|-damage|p2a: Avalugg|353\/394 tox|[from] psn
|turn|37
|c| watfor|reveal Darude's move
|c| viaw|YES
|c| viaw|IN
|c| viaw|HAIL
|c| watfor|aka Sandstorm
|c| watfor|moonblast probly does a fukton
|c| watfor|stay in
|
|switch|p1a: Aggron|Aggron-Mega, F|97\/344
|move|p2a: Avalugg|Gyro Ball|p1a: Aggron
|-resisted|p1a: Aggron
|-damage|p1a: Aggron|84\/344
|
|-heal|p1a: Aggron|287\/344|[from] move: Wish|[wisher] Aromatisse
|-heal|p2a: Avalugg|377\/394 tox|[from] item: Leftovers
|-damage|p2a: Avalugg|329\/394 tox|[from] psn
|turn|38
|c|âmeowiekins|but wishpass
|c|âRB ben|lol that 3 damage do
|
|move|p1a: Aggron|Stealth Rock|p2a: Avalugg
|-sidestart|p2: RB ben|move: Stealth Rock
|move|p2a: Avalugg|Hail|p2a: Avalugg
|-weather|Hail
|
|-weather|Hail|[upkeep]
|-damage|p1a: Aggron|266\/344|[from] hail
|-heal|p2a: Avalugg|353\/394 tox|[from] ability: Ice Body
|-heal|p2a: Avalugg|377\/394 tox|[from] item: Leftovers
|-damage|p2a: Avalugg|305\/394 tox|[from] psn
|turn|39
|c| watfor|heavy slam does nothing
|c| watfor|tho
|c|âmeowiekins|ALL HAIL AVALUGG
|c|âmeowiekins|ALL HAIL AVALUGG
|c|âmeowiekins|ALL HAIL AVALUGG
|c|âmeowiekins|ALL HAIL AVALUGG
|c|âmeowiekins|ALL HAIL AVALUGG
|c|âmeowiekins|ALL HAIL AVALUGG
|
|switch|p1a: Tentacruel|Tentacruel, M|364\/364
|move|p2a: Avalugg|Rapid Spin|p1a: Tentacruel
|-damage|p1a: Tentacruel|337\/364
|-sideend|p2: RB ben|Stealth Rock|[from] move: Rapid Spin|[of] p2a: Avalugg
|
|-weather|Hail|[upkeep]
|-damage|p1a: Tentacruel|315\/364|[from] hail
|-heal|p2a: Avalugg|329\/394 tox|[from] ability: Ice Body
|-heal|p1a: Tentacruel|337\/364|[from] item: Black Sludge
|-heal|p2a: Avalugg|353\/394 tox|[from] item: Leftovers
|-damage|p2a: Avalugg|257\/394 tox|[from] psn
|turn|40
|c| Bob the Senpai|just heavy slam this motherfucker
|c|âmeowiekins|but now switching into basculin
|c|âmeowiekins|isnt scary
|c|âmeowiekins|i did earlier
|c|âmeowiekins|it did 13
|
|switch|p2a: Bastiodon|Bastiodon, F, shiny|224\/324 brn
|move|p1a: Tentacruel|Scald|p2a: Bastiodon
|-supereffective|p2a: Bastiodon
|-damage|p2a: Bastiodon|96\/324 brn
|
|-weather|Hail|[upkeep]
|-damage|p1a: Tentacruel|315\/364|[from] hail
|-damage|p2a: Bastiodon|76\/324 brn|[from] hail
|-heal|p1a: Tentacruel|337\/364|[from] item: Black Sludge
|-heal|p2a: Bastiodon|96\/324 brn|[from] item: Leftovers
|-damage|p2a: Bastiodon|56\/324 brn|[from] brn
|turn|41
|c| Bob the Senpai|its toxic'd
|
|move|p1a: Tentacruel|Scald|p2a: Bastiodon
|-supereffective|p2a: Bastiodon
|-damage|p2a: Bastiodon|0 fnt
|faint|p2a: Bastiodon
|
|-weather|Hail|[upkeep]
|-damage|p1a: Tentacruel|315\/364|[from] hail
|-heal|p1a: Tentacruel|337\/364|[from] item: Black Sludge
|
|switch|p2a: Bouffalant|Bouffalant, F, shiny|96\/332 tox
|turn|42
|
|switch|p1a: Aggron|Aggron-Mega, F|266\/344
|move|p2a: Bouffalant|Poison Jab|p1a: Aggron
|-immune|p1a: Aggron|[msg]
|
|-weather|none
|-damage|p2a: Bouffalant|76\/332 tox|[from] psn
|turn|43
|c|âmeowiekins|gottem
|c| Bob the Senpai|rip
|c|âRB ben|gg
|c|âmeowiekins|gg man
|-message|RB ben forfeited.
|
|win|meowiekins
|raw|Ladder updating...
|leave|RB ben
|player|p2
|raw|meowiekins's rating: 1442 &rarr; <strong>1449<\/strong><br \/>(+7 for winning)
|raw|RB ben's rating: 1167 &rarr; <strong>1158<\/strong><br \/>(-9 for losing)
|c|âmeowiekins|scary that i felt i could lose
|c|âmeowiekins|that whole time