|join|VadeFusion1
|join|Meowiekins
|join|BenzMafia
|join|Tiny Victini
|join|Typhlosion271
|join|SadPierrot
|player|p1|VadeFusion1|290
|player|p2|Meowiekins|160
|gametype|singles
|gen|6
|tier|UU
|rule|Sleep Clause Mod: Limit one foe put to sleep
|rule|Species Clause: Limit one of each PokÃ©mon
|rule|OHKO Clause: OHKO moves are banned
|rule|Moody Clause: Moody is banned
|rule|Evasion Moves Clause: Evasion moves are banned
|rule|Endless Battle Clause: Forcing endless battles is banned
|rule|HP Percentage Mod: HP is shown in percentages
|clearpoke
|poke|p1|Swampert, F
|poke|p1|Tornadus, M
|poke|p1|Mienshao, F
|poke|p1|Jirachi
|poke|p1|Raikou
|poke|p1|Starmie
|poke|p2|Crobat, M
|poke|p2|Raikou
|poke|p2|Swampert, F
|poke|p2|Celebi
|poke|p2|Jirachi
|poke|p2|Machamp, M
|rule|Swagger Clause: Swagger is banned
|rule|Baton Pass Clause: Limit one PokÃ©mon knowing Baton Pass
|teampreview
|join|GraysonSMD
|join|I'm Bi...sharp
|join|chiefpoptart
|join|DJdoubleDnice
|c| Typhlosion271|Is this volt-turn vs volt-turn?
|c| SadPierrot|are those like the 6 most used mons in uu meowie?
|join|kloss
|c|âMeowiekins|idk
|c| SadPierrot|4 of them probably are
|c|âMeowiekins|i dont have zyg or cune
|leave|chiefpoptart
|join|chiefpoptart
|
|start
|switch|p1a: Raikou|Raikou|321\/321
|switch|p2a: Jirachi|Jirachi|341\/341
|-ability|p1a: Raikou|Pressure
|turn|1
|
|switch|p1a: Tornadus|Tornadus, M|299\/299
|move|p2a: Jirachi|Zen Headbutt|p1a: Tornadus
|-damage|p1a: Tornadus|139\/299
|
|turn|2
|join|pokemanMastur
|
|switch|p1a: Jirachi|Jirachi|404\/404
|move|p2a: Jirachi|Zen Headbutt|p1a: Jirachi
|-resisted|p1a: Jirachi
|-damage|p1a: Jirachi|376\/404
|
|-heal|p1a: Jirachi|401\/404|[from] item: Leftovers
|turn|3
|
|switch|p2a: Swampert|Swampert, F|404\/404
|move|p1a: Jirachi|Stealth Rock|p2a: Swampert
|-sidestart|p2: Meowiekins|move: Stealth Rock
|
|-heal|p1a: Jirachi|404\/404|[from] item: Leftovers
|turn|4
|join|Dad's Dad
|c| Dad's Dad|energy ball here
|
|switch|p1a: Starmie|Starmie|324\/324
|move|p2a: Swampert|Stealth Rock|p1a: Starmie
|-sidestart|p1: VadeFusion1|move: Stealth Rock
|
|turn|5
|join|Emefg
|leave|chiefpoptart
|
|move|p1a: Starmie|Scald|p2a: Swampert
|-damage|p2a: Swampert|305\/404
|move|p2a: Swampert|Earthquake|p1a: Starmie
|-damage|p1a: Starmie|174\/324
|
|-heal|p1a: Starmie|194\/324|[from] item: Leftovers
|-heal|p2a: Swampert|330\/404|[from] item: Leftovers
|turn|6
|
|switch|p2a: Celebi|Celebi|341\/341
|-damage|p2a: Celebi|299\/341|[from] Stealth Rock
|move|p1a: Starmie|Ice Beam|p2a: Celebi
|-supereffective|p2a: Celebi
|-damage|p2a: Celebi|155\/341
|
|-heal|p1a: Starmie|214\/324|[from] item: Leftovers
|-heal|p2a: Celebi|176\/341|[from] item: Leftovers
|turn|7
|join|spuun
|c| Typhlosion271|not analytic....
|c| DJdoubleDnice|the plays
|
|move|p1a: Starmie|Ice Beam|p2a: Celebi
|-supereffective|p2a: Celebi
|-damage|p2a: Celebi|30\/341
|move|p2a: Celebi|Seed Bomb|p1a: Starmie
|-supereffective|p1a: Starmie
|-damage|p1a: Starmie|0 fnt
|faint|p1a: Starmie
|
|-heal|p2a: Celebi|51\/341|[from] item: Leftovers
|
|switch|p1a: Mienshao|Mienshao, F|271\/271
|-damage|p1a: Mienshao|255\/271|[from] Stealth Rock
|turn|8
|
|switch|p2a: Crobat|Crobat, M|359\/359
|-damage|p2a: Crobat|270\/359|[from] Stealth Rock
|move|p1a: Mienshao|U-turn|p2a: Crobat
|-resisted|p2a: Crobat
|-damage|p2a: Crobat|233\/359
|join|Deltre
|
|switch|p1a: Raikou|Raikou|321\/321
|-damage|p1a: Raikou|281\/321|[from] Stealth Rock
|-ability|p1a: Raikou|Pressure
|
|-heal|p2a: Crobat|255\/359|[from] item: Black Sludge
|turn|9
|join|Drum Major
|
|move|p2a: Crobat|U-turn|p1a: Raikou
|-damage|p1a: Raikou|208\/321
|leave|kloss
|join|YMAS
|
|switch|p2a: Swampert|Swampert, F|330\/404
|-damage|p2a: Swampert|305\/404|[from] Stealth Rock
|move|p1a: Raikou|Volt Switch|p2a: Swampert
|-immune|p2a: Swampert|[msg]
|
|-heal|p2a: Swampert|330\/404|[from] item: Leftovers
|turn|10
|join|Reading ASOIAF lol
|
|switch|p2a: Machamp|Machamp, M|322\/322
|-damage|p2a: Machamp|302\/322|[from] Stealth Rock
|move|p1a: Raikou|Volt Switch|p2a: Machamp
|-damage|p2a: Machamp|112\/322
|join|thymetime
|
|switch|p1a: Mienshao|Mienshao, F|255\/271
|-damage|p1a: Mienshao|239\/271|[from] Stealth Rock
|
|turn|11
|c| Typhlosion271|plays....
|
|move|p1a: Mienshao|High Jump Kick|p2a: Machamp
|-damage|p2a: Machamp|0 fnt
|faint|p2a: Machamp
|
|join|kloss
|
|switch|p2a: Crobat|Crobat, M|255\/359
|-damage|p2a: Crobat|166\/359|[from] Stealth Rock
|turn|12
|
|switch|p1a: Raikou|Raikou|208\/321
|-damage|p1a: Raikou|168\/321|[from] Stealth Rock
|-ability|p1a: Raikou|Pressure
|move|p2a: Crobat|Defog|p1a: Raikou
|-unboost|p1a: Raikou|evasion|1
|-sideend|p1: VadeFusion1|Stealth Rock|[from] move: Defog|[of] p1a: Raikou
|-sideend|p2: Meowiekins|Stealth Rock|[from] move: Defog|[of] p2a: Crobat
|
|-heal|p2a: Crobat|188\/359|[from] item: Black Sludge
|turn|13
|
|move|p2a: Crobat|U-turn|p1a: Raikou
|-crit|p1a: Raikou
|-damage|p1a: Raikou|50\/321
|join|TTPK Tal
|
|switch|p2a: Jirachi|Jirachi|341\/341
|move|p1a: Raikou|Extrasensory|p2a: Jirachi
|-resisted|p2a: Jirachi
|-damage|p2a: Jirachi|311\/341
|
|turn|14
|join|qerzara
|
|switch|p1a: Jirachi|Jirachi|404\/404
|move|p2a: Jirachi|U-turn|p1a: Jirachi
|-damage|p1a: Jirachi|330\/404
|
|switch|p2a: Raikou|Raikou|322\/322
|-ability|p2a: Raikou|Pressure
|
|-heal|p1a: Jirachi|355\/404|[from] item: Leftovers
|turn|15
|c| TTPK Tal|raikou u-turn
|
|move|p2a: Raikou|Substitute|p2a: Raikou
|-start|p2a: Raikou|Substitute
|-damage|p2a: Raikou|242\/322
|move|p1a: Jirachi|Stealth Rock|p2a: Raikou
|-sidestart|p2: Meowiekins|move: Stealth Rock
|
|-heal|p2a: Raikou|262\/322|[from] item: Leftovers
|-heal|p1a: Jirachi|380\/404|[from] item: Leftovers
|turn|16
|c| qerzara|calm raikou
|
|move|p2a: Raikou|Calm Mind|p2a: Raikou
|-boost|p2a: Raikou|spa|1
|-boost|p2a: Raikou|spd|1
|move|p1a: Jirachi|Iron Head|p2a: Raikou
|-resisted|p2a: Raikou
|-activate|p2a: Raikou|Substitute|[damage]
|
|-heal|p2a: Raikou|282\/322|[from] item: Leftovers
|-heal|p1a: Jirachi|404\/404|[from] item: Leftovers
|turn|17
|join|chiefpoptart
|
|move|p2a: Raikou|Thunderbolt|p1a: Jirachi
|-damage|p1a: Jirachi|241\/404
|move|p1a: Jirachi|Iron Head|p2a: Raikou
|-resisted|p2a: Raikou
|-end|p2a: Raikou|Substitute
|
|-heal|p2a: Raikou|302\/322|[from] item: Leftovers
|-heal|p1a: Jirachi|266\/404|[from] item: Leftovers
|turn|18
|c| qerzara|he can just sub
|
|move|p2a: Raikou|Substitute|p2a: Raikou
|-start|p2a: Raikou|Substitute
|-damage|p2a: Raikou|222\/322
|move|p1a: Jirachi|Iron Head|p2a: Raikou
|-resisted|p2a: Raikou
|-activate|p2a: Raikou|Substitute|[damage]
|
|-heal|p2a: Raikou|242\/322|[from] item: Leftovers
|-heal|p1a: Jirachi|291\/404|[from] item: Leftovers
|turn|19
|c| qerzara|u-turn to ur own raikou
|c| qerzara|or swamp
|c|âVadeFusion1|dont have u turn
|
|move|p2a: Raikou|Thunderbolt|p1a: Jirachi
|-damage|p1a: Jirachi|126\/404
|move|p1a: Jirachi|Iron Head|p2a: Raikou
|-resisted|p2a: Raikou
|-end|p2a: Raikou|Substitute
|
|-heal|p2a: Raikou|262\/322|[from] item: Leftovers
|-heal|p1a: Jirachi|151\/404|[from] item: Leftovers
|turn|20
|c| qerzara|ull just lose like this
|
|move|p2a: Raikou|Thunderbolt|p1a: Jirachi
|-damage|p1a: Jirachi|0 fnt
|faint|p1a: Jirachi
|
|-heal|p2a: Raikou|282\/322|[from] item: Leftovers
|
|switch|p1a: Swampert|Swampert, F|361\/361
|turn|21
|
|switch|p2a: Swampert|Swampert, F|330\/404
|-damage|p2a: Swampert|305\/404|[from] Stealth Rock
|detailschange|p1a: Swampert|Swampert-Mega, F
|-mega|p1a: Swampert|Swampert|Swampertite
|move|p1a: Swampert|Earthquake|p2a: Swampert
|-damage|p2a: Swampert|149\/404
|
|-heal|p2a: Swampert|174\/404|[from] item: Leftovers
|turn|22
|
|switch|p1a: Raikou|Raikou|50\/321
|-ability|p1a: Raikou|Pressure
|move|p2a: Swampert|Scald|p1a: Raikou
|-damage|p1a: Raikou|0 fnt
|faint|p1a: Raikou
|
|-heal|p2a: Swampert|199\/404|[from] item: Leftovers
|
|switch|p1a: Mienshao|Mienshao, F|239\/271
|turn|23
|
|move|p1a: Mienshao|High Jump Kick|p2a: Swampert
|-damage|p2a: Swampert|0 fnt
|faint|p2a: Swampert
|
|
|switch|p2a: Crobat|Crobat, M|188\/359
|-damage|p2a: Crobat|99\/359|[from] Stealth Rock
|turn|24
|
|move|p2a: Crobat|Roost|p2a: Crobat
|-heal|p2a: Crobat|279\/359
|move|p1a: Mienshao|High Jump Kick|p2a: Crobat
|-resisted|p2a: Crobat
|-damage|p2a: Crobat|40\/359
|
|-heal|p2a: Crobat|62\/359|[from] item: Black Sludge
|turn|25
|c|âMeowiekins|wtf
|c|âMeowiekins|youre not scarf
|c|âVadeFusion1|lol
|
|move|p2a: Crobat|Brave Bird|p1a: Mienshao
|-supereffective|p1a: Mienshao
|-damage|p1a: Mienshao|0 fnt
|-damage|p2a: Crobat|0 fnt|[from] recoil|[of] p1a: Mienshao
|faint|p1a: Mienshao
|faint|p2a: Crobat
|
|c| Typhlosion271|so reckless band
|c| qerzara|speed tie
|
|switch|p2a: Jirachi|Jirachi|311\/341
|switch|p1a: Tornadus|Tornadus, M|139\/299
|-damage|p2a: Jirachi|290\/341|[from] Stealth Rock
|turn|26
|c| qerzara|nope
|c| qerzara|nm
|
|move|p1a: Tornadus|Rain Dance|p1a: Tornadus
|-weather|RainDance
|move|p2a: Jirachi|Healing Wish|p2a: Jirachi
|faint|p2a: Jirachi
|
|-weather|RainDance|[upkeep]
|leave|Drum Major
|join|Mr.Gingy
|c| qerzara|hard choice
|c| qerzara|hurrican
|c| qerzara|or eq
|
|switch|p2a: Celebi|Celebi|51\/341
|-heal|p2a: Celebi|341\/341|[from] move: Healing Wish
|-damage|p2a: Celebi|299\/341|[from] Stealth Rock
|turn|27
|c| Typhlosion271|hurrrrrrrrrrriiiiiccccaaaannnnneeeeee
|c| qerzara|huuryukan
|
|switch|p2a: Raikou|Raikou|282\/322
|-damage|p2a: Raikou|242\/322|[from] Stealth Rock
|-ability|p2a: Raikou|Pressure
|move|p1a: Tornadus|Hurricane|p2a: Raikou
|-resisted|p2a: Raikou
|-damage|p2a: Raikou|140\/322
|
|-weather|RainDance|[upkeep]
|-heal|p2a: Raikou|160\/322|[from] item: Leftovers
|turn|28
|c| qerzara|hurr again
|c| qerzara|yolo
|
|switch|p2a: Celebi|Celebi|299\/341
|-damage|p2a: Celebi|257\/341|[from] Stealth Rock
|switch|p1a: Swampert|Swampert-Mega, F|361\/361
|
|-weather|RainDance|[upkeep]
|-heal|p2a: Celebi|278\/341|[from] item: Leftovers
|turn|29
|c| Typhlosion271|T-bolt is not wise. He can switch
|c| qerzara|pff
|
|move|p1a: Swampert|Ice Punch|p2a: Celebi
|-supereffective|p2a: Celebi
|-damage|p2a: Celebi|52\/341
|-status|p2a: Celebi|frz
|cant|p2a: Celebi|frz
|
|-weather|RainDance|[upkeep]
|-heal|p2a: Celebi|73\/341 frz|[from] item: Leftovers
|turn|30
|c| qerzara|lol
|c|âMeowiekins|of fucking
|c| Typhlosion271|pffffftttt
|c|âMeowiekins|course
|c|âVadeFusion1|sorry man
|c|âMeowiekins|LOL
|
|move|p1a: Swampert|Ice Punch|p2a: Celebi
|-supereffective|p2a: Celebi
|-damage|p2a: Celebi|0 fnt
|faint|p2a: Celebi
|
|-weather|RainDance|[upkeep]
|c|âVadeFusion1|close game tho
|
|switch|p2a: Raikou|Raikou|160\/322
|-damage|p2a: Raikou|120\/322|[from] Stealth Rock
|-ability|p2a: Raikou|Pressure
|turn|31
|join|JonathanW21
|leave|JonathanW21
|c| qerzara|he outsmarted u
|
|move|p1a: Swampert|Earthquake|p2a: Raikou
|-supereffective|p2a: Raikou
|-damage|p2a: Raikou|0 fnt
|faint|p2a: Raikou
|
|win|VadeFusion1
|leave|Meowiekins