|join|meowiekins
|join|hozm
|player|p1|meowiekins|160
|player|p2|hozm|2
|gametype|singles
|gen|6
|tier|UU
|rated
|rule|Sleep Clause Mod: Limit one foe put to sleep
|rule|Species Clause: Limit one of each PokÃ©mon
|rule|OHKO Clause: OHKO moves are banned
|rule|Moody Clause: Moody is banned
|rule|Evasion Moves Clause: Evasion moves are banned
|rule|Endless Battle Clause: Forcing endless battles is banned
|rule|HP Percentage Mod: HP is shown in percentages
|clearpoke
|poke|p1|Shedinja
|poke|p1|Aggron, M
|poke|p1|Tentacruel, M
|poke|p1|Aromatisse, M
|poke|p1|Xatu, F
|poke|p1|Snorlax, F
|poke|p2|Lucario, M
|poke|p2|Forretress, M
|poke|p2|Infernape, M
|poke|p2|Golbat, F
|poke|p2|Scrafty, F
|poke|p2|Suicune
|rule|Swagger Clause: Swagger is banned
|rule|Baton Pass Clause: Limit one PokÃ©mon knowing Baton Pass
|teampreview
|join|Tom Bus
|join|So Dynamic
|join|pure indifference
|join|Fugl gator
|join|SadPierrot
|
|start
|switch|p1a: Aggron|Aggron, M|344\/344
|switch|p2a: Suicune|Suicune|404\/404
|-ability|p2a: Suicune|Pressure
|turn|1
|c| Tom Bus|alright, aromatisse. Time to wall everything
|
|detailschange|p1a: Aggron|Aggron-Mega, M
|message|Aggron has Mega Evolved into Mega Aggron!
|move|p2a: Suicune|Scald|p1a: Aggron
|-damage|p1a: Aggron|269\/344
|move|p1a: Aggron|Stealth Rock|p2a: Suicune
|-sidestart|p2: hozm|move: Stealth Rock
|
|turn|2
|join|lrresistable
|
|switch|p1a: _(ã)_\/Â¯|Shedinja|1\/1
|move|p2a: Suicune|Scald|p1a: _(ã)_\/Â¯
|-activate|p1a: _(ã)_\/Â¯|ability: Wonder Guard
|
|turn|3
|
|switch|p2a: Forretress|Forretress, M|353\/353
|-damage|p2a: Forretress|309\/353|[from] Stealth Rock
|move|p1a: _(ã)_\/Â¯|Will-O-Wisp|p2a: Forretress
|-status|p2a: Forretress|brn
|
|-heal|p2a: Forretress|331\/353 brn|[from] item: Leftovers
|-damage|p2a: Forretress|287\/353 brn|[from] brn
|turn|4
|join|InnovativeUsername
|
|switch|p1a: Xatu|Xatu, F|333\/333
|move|p2a: Forretress|Toxic|p1a: Xatu
|move|p1a: Xatu|Toxic|p2a: Forretress|[from]Magic Bounce
|-fail|p2a: Forretress
|
|-heal|p2a: Forretress|309\/353 brn|[from] item: Leftovers
|-damage|p2a: Forretress|265\/353 brn|[from] brn
|turn|5
|
|switch|p2a: Scrafty|Scrafty, F|334\/334
|-damage|p2a: Scrafty|314\/334|[from] Stealth Rock
|move|p1a: Xatu|Night Shade|p2a: Scrafty
|-damage|p2a: Scrafty|214\/334
|
|-heal|p2a: Scrafty|234\/334|[from] item: Leftovers
|turn|6
|
|switch|p1a: Aromatisse|Aromatisse, M|406\/406
|move|p2a: Scrafty|Knock Off|p1a: Aromatisse
|-resisted|p1a: Aromatisse
|-damage|p1a: Aromatisse|358\/406
|-enditem|p1a: Aromatisse|Leftovers|[from] move: Knock Off|[of] p2a: Scrafty
|
|-heal|p2a: Scrafty|254\/334|[from] item: Leftovers
|turn|7
|
|switch|p2a: Golbat|Golbat, F|353\/353
|-damage|p2a: Golbat|265\/353|[from] Stealth Rock
|move|p1a: Aromatisse|Wish|p1a: Aromatisse
|
|turn|8
|c| lrresistable|easiest double of your life?
|
|switch|p1a: Aggron|Aggron-Mega, M|269\/344
|move|p2a: Golbat|Taunt|p1a: Aggron
|-start|p1a: Aggron|move: Taunt
|
|-heal|p1a: Aggron|344\/344|[from] move: Wish|[wisher] Aromatisse
|turn|9
|c|âmeowiekins|why would i double
|c|âmeowiekins|im playing stall
|
|move|p2a: Golbat|Protect|p2a: Golbat
|-singleturn|p2a: Golbat|Protect
|move|p1a: Aggron|Heavy Slam|p2a: Golbat
|-activate|p2a: Golbat|Protect
|
|turn|10
|c| Tom Bus|stalling out the taunt with protect
|c| Tom Bus|not bad
|c|âmeowiekins|nah its for his other move
|c|âmeowiekins|toxic
|c|âmeowiekins|:^)
|join|TheDeityOfUU
|join|SutaGames
|
|switch|p2a: Forretress|Forretress, M|265\/353 brn
|-damage|p2a: Forretress|221\/353 brn|[from] Stealth Rock
|move|p1a: Aggron|Heavy Slam|p2a: Forretress
|-resisted|p2a: Forretress
|-damage|p2a: Forretress|185\/353 brn
|
|-heal|p2a: Forretress|207\/353 brn|[from] item: Leftovers
|-damage|p2a: Forretress|163\/353 brn|[from] brn
|turn|11
|
|switch|p1a: Xatu|Xatu, F|333\/333
|switch|p2a: Suicune|Suicune|404\/404
|-damage|p2a: Suicune|354\/404|[from] Stealth Rock
|-ability|p2a: Suicune|Pressure
|
|-heal|p2a: Suicune|379\/404|[from] item: Leftovers
|turn|12
|
|switch|p1a: _(ã)_\/Â¯|Shedinja|1\/1
|switch|p2a: Infernape|Infernape, M|293\/293
|-damage|p2a: Infernape|257\/293|[from] Stealth Rock
|
|turn|13
|
|switch|p1a: Aromatisse|Aromatisse, M|358\/406
|move|p2a: Infernape|Overheat|p1a: Aromatisse
|-damage|p1a: Aromatisse|81\/406
|-unboost|p2a: Infernape|spa|2
|-damage|p2a: Infernape|228\/293|[from] item: Life Orb
|
|turn|14
|c| Tom Bus|oh my lord
|c| pure indifference|uh
|c|âmeowiekins|that is a mixape
|
|switch|p1a: Tentacruel|Tentacruel, M|364\/364
|move|p2a: Infernape|Overheat|p1a: Tentacruel
|-resisted|p1a: Tentacruel
|-damage|p1a: Tentacruel|308\/364
|-unboost|p2a: Infernape|spa|2
|-damage|p2a: Infernape|199\/293|[from] item: Life Orb
|
|-heal|p1a: Tentacruel|330\/364|[from] item: Black Sludge
|turn|15
|leave|TheDeityOfUU
|join|TheDeityOfUU
|
|switch|p2a: Scrafty|Scrafty, F|254\/334
|-damage|p2a: Scrafty|234\/334|[from] Stealth Rock
|move|p1a: Tentacruel|Toxic Spikes|p2a: Scrafty
|-sidestart|p2: hozm|move: Toxic Spikes
|
|-heal|p1a: Tentacruel|352\/364|[from] item: Black Sludge
|-heal|p2a: Scrafty|254\/334|[from] item: Leftovers
|turn|16
|c|âmeowiekins|and thats why mixape shit on stall in gen 4
|
|move|p1a: Tentacruel|Acid Spray|p2a: Scrafty
|-damage|p2a: Scrafty|226\/334
|-unboost|p2a: Scrafty|spd|2
|move|p2a: Scrafty|Bulk Up|p2a: Scrafty
|-boost|p2a: Scrafty|atk|1
|-boost|p2a: Scrafty|def|1
|
|-heal|p1a: Tentacruel|364\/364|[from] item: Black Sludge
|-heal|p2a: Scrafty|246\/334|[from] item: Leftovers
|turn|17
|
|move|p1a: Tentacruel|Acid Spray|p2a: Scrafty
|-damage|p2a: Scrafty|191\/334
|-unboost|p2a: Scrafty|spd|2
|move|p2a: Scrafty|Knock Off|p1a: Tentacruel
|-damage|p1a: Tentacruel|202\/364
|-enditem|p1a: Tentacruel|Black Sludge|[from] move: Knock Off|[of] p2a: Scrafty
|
|-heal|p2a: Scrafty|211\/334|[from] item: Leftovers
|turn|18
|c| pure indifference|mixednape wasn't as tough as it seemed to be
|
|move|p1a: Tentacruel|Scald|p2a: Scrafty
|-damage|p2a: Scrafty|70\/334
|move|p2a: Scrafty|Drain Punch|p1a: Tentacruel
|-resisted|p1a: Tentacruel
|-damage|p1a: Tentacruel|146\/364
|-damage|p2a: Scrafty|42\/334|[from] ability: Liquid Ooze|[of] p1a: Tentacruel
|
|-heal|p2a: Scrafty|62\/334|[from] item: Leftovers
|turn|19
|c| pure indifference|sand + lo + hazards
|join|waivfu
|
|switch|p2a: Suicune|Suicune|379\/404
|-status|p2a: Suicune|psn
|-damage|p2a: Suicune|329\/404 psn|[from] Stealth Rock
|-ability|p2a: Suicune|Pressure
|move|p1a: Tentacruel|Scald|p2a: Suicune
|-resisted|p2a: Suicune
|-damage|p2a: Suicune|295\/404 psn
|
|-heal|p2a: Suicune|320\/404 psn|[from] item: Leftovers
|-damage|p2a: Suicune|270\/404 psn|[from] psn
|turn|20
|
|switch|p1a: _(ã)_\/Â¯|Shedinja|1\/1
|move|p2a: Suicune|Rest|p2a: Suicune
|-status|p2a: Suicune|slp
|-heal|p2a: Suicune|404\/404 slp|[silent]
|-status|p2a: Suicune|slp|[from] move: Rest
|
|turn|21
|c| waivfu|go meowie go
|c| waivfu|go meowieee
|c| waivfu|goooo
|c|âhozm|its gg
|c| waivfu|forfeit hozm
|c| waivfu|FORFEITTT
|c| waivfu|FORFEIITTTT
|c| lrresistable|rude
|c| waivfu|doooo itttt
|c| waivfu|do it do it
|c| SutaGames|inb4 pulls out the shadow ball
|c| waivfu|wooo
|c| waivfu|meowie
|c| waivfu|meowieeeee
|c|âhozm|lol
|c|âhozm|i wish
|c| waivfu|WOOOOO
|c| waivfu|#1 PLAYAAAAA
|c| Tom Bus|\/\/modchat
|
|switch|p2a: Forretress|Forretress, M|163\/353 brn
|-damage|p2a: Forretress|119\/353 brn|[from] Stealth Rock
|move|p1a: _(ã)_\/Â¯|Will-O-Wisp|p2a: Forretress
|-fail|p2a: Forretress|brn
|
|-heal|p2a: Forretress|141\/353 brn|[from] item: Leftovers
|-damage|p2a: Forretress|97\/353 brn|[from] brn
|turn|22
|c| Tom Bus|yn
|c| waivfu|rank #1
|c|âmeowiekins|i just shit my pants
|c| pure indifference|sahahaha
|c| pure indifference|thinking that you'd time out?
|c| TheDeityOfUU|toxic forry
|
|switch|p1a: Xatu|Xatu, F|333\/333
|move|p2a: Forretress|Rapid Spin|p1a: Xatu
|-damage|p1a: Xatu|326\/333
|-damage|p2a: Forretress|39\/353 brn|[from] item: Rocky Helmet|[of] p1a: Xatu
|-sideend|p2: hozm|Toxic Spikes|[from] move: Rapid Spin|[of] p2a: Forretress
|-sideend|p2: hozm|Stealth Rock|[from] move: Rapid Spin|[of] p2a: Forretress
|
|-heal|p2a: Forretress|61\/353 brn|[from] item: Leftovers
|-damage|p2a: Forretress|17\/353 brn|[from] brn
|turn|23
|c|âmeowiekins|can we turn off timer
|c|âhozm|y
|c|âmeowiekins|my internet is being shoddy
|c|âhozm|alrite
|join|Nightmare Vampire
|
|move|p1a: Xatu|Night Shade|p2a: Forretress
|-damage|p2a: Forretress|0 fnt
|faint|p2a: Forretress
|
|
|switch|p2a: Infernape|Infernape, M|199\/293
|turn|24
|
|move|p2a: Infernape|Grass Knot|p1a: Xatu
|-resisted|p1a: Xatu
|-damage|p1a: Xatu|291\/333
|-damage|p2a: Infernape|151\/293|[from] item: Rocky Helmet|[of] p1a: Xatu
|-damage|p2a: Infernape|122\/293|[from] item: Life Orb
|move|p1a: Xatu|Roost|p1a: Xatu
|-heal|p1a: Xatu|333\/333
|
|turn|25
|c| waivfu|rip
|join|pistolero
|c| waivfu|rocky help met
|c| Tom Bus|:]
|c| pistolero|:]
|join|LarryBusJr
|c| waivfu|Rocky Balboa
|c| Tom Bus|Raph, ubers ladder is worth looking at
|c|âhozm|didnt knw grass nt was contact lol
|c| TheDeityOfUU|rule #1
|
|switch|p2a: Suicune|Suicune|404\/404 slp
|-ability|p2a: Suicune|Pressure
|move|p1a: Xatu|Roost|p1a: Xatu
|-fail|p1a: Xatu
|
|turn|26
|
|switch|p1a: _(ã)_\/Â¯|Shedinja|1\/1
|switch|p2a: Golbat|Golbat, F|265\/353
|
|turn|27
|c| TheDeityOfUU|we dont mess around with threats
|c| TheDeityOfUU|period
|
|switch|p1a: Aggron|Aggron-Mega, M|344\/344
|move|p2a: Golbat|Taunt|p1a: Aggron
|-start|p1a: Aggron|move: Taunt
|
|turn|28
|c| lrresistable|if that sheddy doesnt have sd wouldn't pressure stall it out?
|
|switch|p2a: Suicune|Suicune|404\/404 slp
|-ability|p2a: Suicune|Pressure
|move|p1a: Aggron|Earthquake|p2a: Suicune
|-damage|p2a: Suicune|336\/404 slp
|
|-heal|p2a: Suicune|361\/404 slp|[from] item: Leftovers
|turn|29
|c|âmeowiekins|i have sd
|
|switch|p1a: _(ã)_\/Â¯|Shedinja|1\/1
|cant|p2a: Suicune|slp
|
|-heal|p2a: Suicune|386\/404 slp|[from] item: Leftovers
|turn|30
|
|switch|p2a: Golbat|Golbat, F|265\/353
|move|p1a: _(ã)_\/Â¯|Will-O-Wisp|p2a: Golbat
|-status|p2a: Golbat|brn
|
|-damage|p2a: Golbat|221\/353 brn|[from] brn
|turn|31
|c| lrresistable|ya more u kno.avi
|
|switch|p1a: Aggron|Aggron-Mega, M|344\/344
|move|p2a: Golbat|Roost|p2a: Golbat
|-heal|p2a: Golbat|353\/353 brn
|
|-damage|p2a: Golbat|309\/353 brn|[from] brn
|turn|32
|c| waivfu|rip
|c| waivfu|no check
|
|switch|p2a: Suicune|Suicune|386\/404 slp
|-ability|p2a: Suicune|Pressure
|move|p1a: Aggron|Stealth Rock|p2a: Suicune
|-sidestart|p2: hozm|move: Stealth Rock
|
|-heal|p2a: Suicune|404\/404 slp|[from] item: Leftovers
|turn|33
|c| waivfu|sheddy
|c| waivfu|confirmed a+ rank mon
|
|switch|p1a: _(ã)_\/Â¯|Shedinja|1\/1
|cant|p2a: Suicune|slp
|
|turn|34
|
|move|p1a: _(ã)_\/Â¯|Shadow Sneak|p2a: Suicune
|-damage|p2a: Suicune|367\/404 slp
|-curestatus|p2a: Suicune|slp
|move|p2a: Suicune|Calm Mind|p2a: Suicune
|-boost|p2a: Suicune|spa|1
|-boost|p2a: Suicune|spd|1
|
|-heal|p2a: Suicune|392\/404|[from] item: Leftovers
|turn|35
|c| Tom Bus|nice damage. Yum
|c| pistolero|doesn't acid spray tentacruel beat suicune
|c| pistolero|1v1
|
|move|p2a: Suicune|Calm Mind|p2a: Suicune
|-boost|p2a: Suicune|spa|1
|-boost|p2a: Suicune|spd|1
|move|p1a: _(ã)_\/Â¯|Swords Dance|p1a: _(ã)_\/Â¯
|-boost|p1a: _(ã)_\/Â¯|atk|2
|
|-heal|p2a: Suicune|404\/404|[from] item: Leftovers
|turn|36
|c| TheDeityOfUU|yea
|c| waivfu|it's ogre
|c| pure indifference|doesn't sheddy beat cune 1v1
|c| waivfu|reveal shadow ball
|c| Tom Bus|Shedinja also does
|c| waivfu|O_o
|c| waivfu|careful meowie
|c|âmeowiekins|shedinja destroys cune 1v1
|
|move|p1a: _(ã)_\/Â¯|Shadow Sneak|p2a: Suicune
|-damage|p2a: Suicune|320\/404
|move|p2a: Suicune|Calm Mind|p2a: Suicune
|-boost|p2a: Suicune|spa|1
|-boost|p2a: Suicune|spd|1
|
|-heal|p2a: Suicune|345\/404|[from] item: Leftovers
|turn|37
|c| pistolero|maybe this suicune has HP Fire
|c| TheDeityOfUU|yum
|
|move|p1a: _(ã)_\/Â¯|Shadow Sneak|p2a: Suicune
|-damage|p2a: Suicune|272\/404
|move|p2a: Suicune|Calm Mind|p2a: Suicune
|-boost|p2a: Suicune|spa|1
|-boost|p2a: Suicune|spd|1
|
|-heal|p2a: Suicune|297\/404|[from] item: Leftovers
|turn|38
|c| pure indifference|shadow ball cuner
|c| pure indifference|ez
|
|move|p2a: Suicune|Calm Mind|p2a: Suicune
|-boost|p2a: Suicune|spa|1
|-boost|p2a: Suicune|spd|1
|move|p1a: _(ã)_\/Â¯|Swords Dance|p1a: _(ã)_\/Â¯
|-boost|p1a: _(ã)_\/Â¯|atk|2
|
|-heal|p2a: Suicune|322\/404|[from] item: Leftovers
|turn|39
|c| pistolero|maybe he'll PP Stall the sneaks
|c| TheDeityOfUU|prepare for the stall war
|c| Tom Bus|accept the fact that he is staying in imo
|c| pistolero|LOL
|c| TheDeityOfUU|people
|c| pistolero|wait if he only has sneak
|c| Tom Bus|48 PP. We're good
|c| pistolero|it can be PP Stalled
|c| TheDeityOfUU|hes definately going for the pp stall
|c| Tom Bus|+6 will 3HKO at the very least
|
|move|p1a: _(ã)_\/Â¯|Shadow Sneak|p2a: Suicune
|-damage|p2a: Suicune|210\/404
|move|p2a: Suicune|Calm Mind|p2a: Suicune
|-boost|p2a: Suicune|spa|1
|-boost|p2a: Suicune|spd|1
|
|-heal|p2a: Suicune|235\/404|[from] item: Leftovers
|turn|40
|c| pistolero|not after leftovers
|
|move|p2a: Suicune|Rest|p2a: Suicune
|-status|p2a: Suicune|slp
|-heal|p2a: Suicune|404\/404 slp|[silent]
|-status|p2a: Suicune|slp|[from] move: Rest
|move|p1a: _(ã)_\/Â¯|Swords Dance|p1a: _(ã)_\/Â¯
|-boost|p1a: _(ã)_\/Â¯|atk|2
|
|turn|41
|
|cant|p2a: Suicune|slp
|move|p1a: _(ã)_\/Â¯|X-Scissor|p2a: Suicune
|-damage|p2a: Suicune|106\/404 slp
|
|-heal|p2a: Suicune|131\/404 slp|[from] item: Leftovers
|turn|42
|c| pistolero|although it can just sneak again turn 4
|c| Tom Bus|bop
|c| waivfu|BOP
|c| pistolero|o
|c| TheDeityOfUU|bop
|
|switch|p2a: Golbat|Golbat, F|309\/353 brn
|-damage|p2a: Golbat|221\/353 brn|[from] Stealth Rock
|move|p1a: _(ã)_\/Â¯|Shadow Sneak|p2a: Golbat
|-damage|p2a: Golbat|23\/353 brn
|
|-damage|p2a: Golbat|0 fnt|[from] brn
|faint|p2a: Golbat
|c| SutaGames|gg
|c| lrresistable|ahaha
|c| pure indifference|g
|c|âmeowiekins|gottem
|c| pure indifference|gg
|c| waivfu|nigga got fukin play'd
|c|âhozm|yep gg
|c| pure indifference|gg
|c|âmeowiekins|gg
|
|switch|p2a: Infernape|Infernape, M|122\/293
|-damage|p2a: Infernape|86\/293|[from] Stealth Rock
|turn|43
|c| waivfu|G_G
|c| waivfu|rank #1
|
|move|p1a: _(ã)_\/Â¯|Shadow Sneak|p2a: Infernape
|-damage|p2a: Infernape|0 fnt
|faint|p2a: Infernape
|
|c|âmeowiekins|YEEEEEE
|c| pure indifference|too ez
|
|switch|p2a: Suicune|Suicune|131\/404 slp
|-damage|p2a: Suicune|81\/404 slp|[from] Stealth Rock
|-ability|p2a: Suicune|Pressure
|turn|44
|c| Tom Bus|Grats, meowie
|c| waivfu|inb4
|
|move|p1a: _(ã)_\/Â¯|Shadow Sneak|p2a: Suicune
|-damage|p2a: Suicune|0 fnt
|faint|p2a: Suicune
|
|c| waivfu|only +1 point
|c| Tom Bus|easiest #1 of your life
|c| waivfu|LOL
|c|âmeowiekins|if i get not enough points
|
|switch|p2a: Scrafty|Scrafty, F|62\/334
|-damage|p2a: Scrafty|42\/334|[from] Stealth Rock
|turn|45
|c| waivfu|fuckin meowiekins you did it
|c|âmeowiekins|ill be so sad
|c| Tom Bus|you will
|c| waivfu|LOL
|
|move|p1a: _(ã)_\/Â¯|Shadow Sneak|p2a: Scrafty
|-resisted|p2a: Scrafty
|-damage|p2a: Scrafty|0 fnt
|faint|p2a: Scrafty
|
|c| waivfu|same
|
|switch|p2a: Lucario|Lucario, M|281\/281
|-damage|p2a: Lucario|273\/281|[from] Stealth Rock
|turn|46
|c| waivfu|i will be sad 4 u
|c| Tom Bus|he has ~1400
|
|move|p2a: Lucario|Bullet Punch|p1a: _(ã)_\/Â¯
|-activate|p1a: _(ã)_\/Â¯|ability: Wonder Guard
|move|p1a: _(ã)_\/Â¯|Shadow Sneak|p2a: Lucario
|-damage|p2a: Lucario|0 fnt
|faint|p2a: Lucario
|
|win|meowiekins
|raw|Ladder updating...
|c| Tom Bus|it's enough :]
|c|âmeowiekins|reveal
|raw|meowiekins's rating: 1662 &rarr; <strong>1669<\/strong><br \/>(+7 for winning)
|raw|hozm's rating: 1393 &rarr; <strong>1386<\/strong><br \/>(-7 for losing)
|c|âmeowiekins|crunch luc
|c| waivfu|NICE
|c| waivfu|IT'S ENOUGH
|leave|i ran away
|leave|So Dynamic
|c| Tom Bus|ahhhhh :]
|c| waivfu|IT WAS ENOUGH
|c| lrresistable|gz
|c|âmeowiekins|YAAAAAA
|c| pistolero|:]
|c|âmeowiekins|WOOOOO
|leave|waivfu
|c| InnovativeUsername|nb
|leave|pistolero
|leave|lrresistable
|c|âmeowiekins|:DDD
|c| SutaGames|CONGRATS
|leave|Tom Bus
|leave|Nightmare Vampire
|leave|hozm
|player|p2
|leave|SutaGames
|leave|Fugl gator
|leave|TheDeityOfUU
|leave|InnovativeUsername
|leave|LarryBusJr
|join|Stupidity is Bad
|leave|SadPierrot
|join|Kurtoise13
|leave|Kurtoise13