|join|xShiba
|join|meowiekins
|player|p1|xShiba|260
|player|p2|meowiekins|160
|gametype|singles
|gen|6
|tier|UU
|rule|Sleep Clause Mod: Limit one foe put to sleep
|rule|Species Clause: Limit one of each PokÃ©mon
|rule|OHKO Clause: OHKO moves are banned
|rule|Moody Clause: Moody is banned
|rule|Evasion Moves Clause: Evasion moves are banned
|rule|Endless Battle Clause: Forcing endless battles is banned
|rule|HP Percentage Mod: HP is shown in percentages
|clearpoke
|poke|p1|Aerodactyl, M
|poke|p1|Hydreigon, M, shiny
|poke|p1|Porygon-Z, shiny
|poke|p1|Mienshao, M
|poke|p1|Starmie, shiny
|poke|p1|Celebi
|poke|p2|Shedinja
|poke|p2|Aggron, F
|poke|p2|Tentacruel, M
|poke|p2|Aromatisse, F
|poke|p2|Xatu, M
|poke|p2|Snorlax, M
|rule|Swagger Clause: Swagger is banned
|rule|Baton Pass Clause: Limit one PokÃ©mon knowing Baton Pass
|teampreview
|c|âxShiba|I need redemption
|c|âxShiba|kek
|c|âmeowiekins|lol
|c|âmeowiekins|you won tho
|c|âmeowiekins|;]
|c|âxShiba|eh
|c|âxShiba|4-6'd
|c|âxShiba|wasnt enough
|c|âxShiba|:^)
|c|âmeowiekins|lol
|
|start
|switch|p1a: Wrecking Face|Porygon-Z, shiny|311\/311
|switch|p2a: Aggron|Aggron, F|344\/344
|turn|1
|
|switch|p1a: Hail Hydra|Hydreigon, M, shiny|325\/325
|detailschange|p2a: Aggron|Aggron-Mega, F
|message|Aggron has Mega Evolved into Mega Aggron!
|move|p2a: Aggron|Stealth Rock|p1a: Hail Hydra
|-sidestart|p1: xShiba|move: Stealth Rock
|
|turn|2
|
|switch|p1a: Wrecking Face|Porygon-Z, shiny|311\/311
|-damage|p1a: Wrecking Face|273\/311|[from] Stealth Rock
|switch|p2a: Aromatisse|Aromatisse, F|406\/406
|
|turn|3
|
|switch|p2a: Tentacruel|Tentacruel, M|364\/364
|move|p1a: Wrecking Face|Tri Attack|p2a: Tentacruel
|-damage|p2a: Tentacruel|136\/364
|-status|p2a: Tentacruel|brn
|
|-heal|p2a: Tentacruel|158\/364 brn|[from] item: Black Sludge
|-damage|p2a: Tentacruel|113\/364 brn|[from] brn
|turn|4
|
|switch|p1a: Hail Hydra|Hydreigon, M, shiny|325\/325
|-damage|p1a: Hail Hydra|285\/325|[from] Stealth Rock
|switch|p2a: _(ã)_\/Â¯|Shedinja|1\/1
|
|turn|5
|
|switch|p2a: Aromatisse|Aromatisse, F|406\/406
|move|p1a: Hail Hydra|Dark Pulse|p2a: Aromatisse
|-resisted|p2a: Aromatisse
|-damage|p2a: Aromatisse|307\/406
|-damage|p1a: Hail Hydra|253\/325|[from] item: Life Orb
|
|-heal|p2a: Aromatisse|332\/406|[from] item: Leftovers
|turn|6
|
|switch|p1a: 5-Star'd|Starmie, shiny|324\/324
|-damage|p1a: 5-Star'd|284\/324|[from] Stealth Rock
|move|p2a: Aromatisse|Aromatherapy|p2a: Aromatisse
|-cureteam|p2a: Aromatisse|[from] move: Aromatherapy
|
|-heal|p1a: 5-Star'd|304\/324|[from] item: Leftovers
|-heal|p2a: Aromatisse|357\/406|[from] item: Leftovers
|turn|7
|
|switch|p2a: _(ã)_\/Â¯|Shedinja|1\/1
|move|p1a: 5-Star'd|Rapid Spin|p2a: _(ã)_\/Â¯
|-immune|p2a: _(ã)_\/Â¯|[msg]
|
|-heal|p1a: 5-Star'd|324\/324|[from] item: Leftovers
|turn|8
|
|move|p1a: 5-Star'd|Recover|p1a: 5-Star'd
|-fail|p1a: 5-Star'd
|move|p2a: _(ã)_\/Â¯|Will-O-Wisp|p1a: 5-Star'd
|-status|p1a: 5-Star'd|brn
|
|-damage|p1a: 5-Star'd|284\/324 brn|[from] brn
|turn|9
|
|switch|p1a: Hail Hydra|Hydreigon, M, shiny|253\/325
|-damage|p1a: Hail Hydra|213\/325|[from] Stealth Rock
|move|p2a: _(ã)_\/Â¯|Will-O-Wisp|p1a: Hail Hydra
|-status|p1a: Hail Hydra|brn
|
|-damage|p1a: Hail Hydra|173\/325 brn|[from] brn
|turn|10
|c|âmeowiekins|misclick?
|
|switch|p2a: Aromatisse|Aromatisse, F|357\/406
|move|p1a: Hail Hydra|Roost|p1a: Hail Hydra
|-heal|p1a: Hail Hydra|325\/325 brn
|
|-heal|p2a: Aromatisse|382\/406|[from] item: Leftovers
|-damage|p1a: Hail Hydra|285\/325 brn|[from] brn
|turn|11
|c|âxShiba|nah was going to see if you were going to switch out
|c|âmeowiekins|gotcha
|
|switch|p1a: 5-Star'd|Starmie, shiny|284\/324
|-damage|p1a: 5-Star'd|244\/324|[from] Stealth Rock
|move|p2a: Aromatisse|Wish|p2a: Aromatisse
|
|-heal|p1a: 5-Star'd|264\/324|[from] item: Leftovers
|-heal|p2a: Aromatisse|406\/406|[from] item: Leftovers
|turn|12
|
|switch|p2a: Tentacruel|Tentacruel, M|113\/364
|move|p1a: 5-Star'd|Scald|p2a: Tentacruel
|-resisted|p2a: Tentacruel
|-damage|p2a: Tentacruel|80\/364
|
|-heal|p2a: Tentacruel|283\/364|[from] move: Wish|[wisher] Aromatisse
|-heal|p1a: 5-Star'd|284\/324|[from] item: Leftovers
|-heal|p2a: Tentacruel|305\/364|[from] item: Black Sludge
|turn|13
|
|switch|p2a: _(ã)_\/Â¯|Shedinja|1\/1
|move|p1a: 5-Star'd|Rapid Spin|p2a: _(ã)_\/Â¯
|-immune|p2a: _(ã)_\/Â¯|[msg]
|
|-heal|p1a: 5-Star'd|304\/324|[from] item: Leftovers
|turn|14
|c|âxShiba|this aroma-sheddy core oml
|
|switch|p1a: Hail Hydra|Hydreigon, M, shiny|285\/325 brn
|-damage|p1a: Hail Hydra|245\/325 brn|[from] Stealth Rock
|move|p2a: _(ã)_\/Â¯|X-Scissor|p1a: Hail Hydra
|-supereffective|p1a: Hail Hydra
|-damage|p1a: Hail Hydra|0 fnt
|faint|p1a: Hail Hydra
|
|c|âmeowiekins|starmie teams get kinda rekt
|c|âmeowiekins|because they have no way
|c|âmeowiekins|of removing hazards
|
|switch|p1a: Ultimate Terror|Aerodactyl, M|331\/331
|-damage|p1a: Ultimate Terror|249\/331|[from] Stealth Rock
|-ability|p1a: Ultimate Terror|Unnerve|p2: meowiekins
|turn|15
|
|switch|p2a: Aggron|Aggron-Mega, F|344\/344
|detailschange|p1a: Ultimate Terror|Aerodactyl-Mega, M
|message|Aerodactyl has Mega Evolved into Mega Aerodactyl!
|move|p1a: Ultimate Terror|Aerial Ace|p2a: Aggron
|-resisted|p2a: Aggron
|-damage|p2a: Aggron|312\/344
|
|turn|16
|
|switch|p1a: Healthy Diet|Celebi|404\/404
|-damage|p1a: Healthy Diet|354\/404|[from] Stealth Rock
|move|p2a: Aggron|Heavy Slam|p1a: Healthy Diet
|-damage|p1a: Healthy Diet|165\/404
|
|turn|17
|
|switch|p2a: _(ã)_\/Â¯|Shedinja|1\/1
|move|p1a: Healthy Diet|Stealth Rock|p2a: _(ã)_\/Â¯
|-sidestart|p2: meowiekins|move: Stealth Rock
|
|turn|18
|c|âmeowiekins|wtf
|c|âxShiba|wat
|c|âmeowiekins|no lefties?
|c|âxShiba|n
|c|âmeowiekins|if this
|
|switch|p1a: 5-Star'd|Starmie, shiny|304\/324
|-damage|p1a: 5-Star'd|264\/324|[from] Stealth Rock
|move|p2a: _(ã)_\/Â¯|Will-O-Wisp|p1a: 5-Star'd
|-status|p1a: 5-Star'd|brn
|
|-heal|p1a: 5-Star'd|284\/324 brn|[from] item: Leftovers
|-damage|p1a: 5-Star'd|244\/324 brn|[from] brn
|turn|19
|c|âmeowiekins|is fkn
|c|âmeowiekins|rocky helmet
|c|âxShiba|kek no
|
|switch|p1a: Ultimate Terror|Aerodactyl-Mega, M|249\/331
|-damage|p1a: Ultimate Terror|167\/331|[from] Stealth Rock
|move|p2a: _(ã)_\/Â¯|Will-O-Wisp|p1a: Ultimate Terror
|-status|p1a: Ultimate Terror|brn
|
|-damage|p1a: Ultimate Terror|126\/331 brn|[from] brn
|turn|20
|c|âxShiba|rip
|
|switch|p2a: Aromatisse|Aromatisse, F|406\/406
|-damage|p2a: Aromatisse|356\/406|[from] Stealth Rock
|move|p1a: Ultimate Terror|Earthquake|p2a: Aromatisse
|-damage|p2a: Aromatisse|304\/406
|
|-heal|p2a: Aromatisse|329\/406|[from] item: Leftovers
|-damage|p1a: Ultimate Terror|85\/331 brn|[from] brn
|turn|21
|
|switch|p1a: Healthy Diet|Celebi|165\/404
|-damage|p1a: Healthy Diet|115\/404|[from] Stealth Rock
|move|p2a: Aromatisse|Moonblast|p1a: Healthy Diet
|-damage|p1a: Healthy Diet|33\/404
|-unboost|p1a: Healthy Diet|spa|1
|
|-heal|p2a: Aromatisse|354\/406|[from] item: Leftovers
|turn|22
|
|switch|p2a: Tentacruel|Tentacruel, M|305\/364
|-damage|p2a: Tentacruel|260\/364|[from] Stealth Rock
|move|p1a: Healthy Diet|Recover|p1a: Healthy Diet
|-heal|p1a: Healthy Diet|235\/404
|
|-heal|p2a: Tentacruel|282\/364|[from] item: Black Sludge
|turn|23
|c|âmeowiekins|are you life orb?
|
|move|p1a: Healthy Diet|Giga Drain|p2a: Tentacruel
|-damage|p2a: Tentacruel|245\/364
|-damage|p1a: Healthy Diet|216\/404|[from] ability: Liquid Ooze|[of] p2a: Tentacruel
|move|p2a: Tentacruel|Rapid Spin|p1a: Healthy Diet
|-damage|p1a: Healthy Diet|204\/404
|-sideend|p2: meowiekins|Stealth Rock|[from] move: Rapid Spin|[of] p2a: Tentacruel
|
|-heal|p2a: Tentacruel|267\/364|[from] item: Black Sludge
|turn|24
|c|âmeowiekins|or something?
|c|âxShiba|n
|c|âmeowiekins|weakpass?
|
|move|p1a: Healthy Diet|Stealth Rock|p2a: Tentacruel
|-sidestart|p2: meowiekins|move: Stealth Rock
|move|p2a: Tentacruel|Toxic Spikes|p1a: Healthy Diet
|-sidestart|p1: xShiba|move: Toxic Spikes
|
|-heal|p2a: Tentacruel|289\/364|[from] item: Black Sludge
|turn|25
|c|âxShiba|y
|
|move|p1a: Healthy Diet|Recover|p1a: Healthy Diet
|-heal|p1a: Healthy Diet|404\/404
|move|p2a: Tentacruel|Rapid Spin|p1a: Healthy Diet
|-damage|p1a: Healthy Diet|392\/404
|-sideend|p2: meowiekins|Stealth Rock|[from] move: Rapid Spin|[of] p2a: Tentacruel
|
|-heal|p2a: Tentacruel|311\/364|[from] item: Black Sludge
|turn|26
|c|âmeowiekins|cheeky bastard
|
|move|p1a: Healthy Diet|Stealth Rock|p2a: Tentacruel
|-sidestart|p2: meowiekins|move: Stealth Rock
|move|p2a: Tentacruel|Scald|p1a: Healthy Diet
|-resisted|p1a: Healthy Diet
|-damage|p1a: Healthy Diet|365\/404
|
|-heal|p2a: Tentacruel|333\/364|[from] item: Black Sludge
|turn|27
|c|âxShiba|:^)
|
|switch|p1a: Ultimate Terror|Aerodactyl-Mega, M|85\/331 brn
|-damage|p1a: Ultimate Terror|3\/331 brn|[from] Stealth Rock
|move|p2a: Tentacruel|Rapid Spin|p1a: Ultimate Terror
|-resisted|p1a: Ultimate Terror
|-damage|p1a: Ultimate Terror|0 fnt
|-sideend|p2: meowiekins|Stealth Rock|[from] move: Rapid Spin|[of] p2a: Tentacruel
|faint|p1a: Ultimate Terror
|
|-heal|p2a: Tentacruel|355\/364|[from] item: Black Sludge
|c|âmeowiekins|rapid spin kill
|c|âmeowiekins|op
|
|switch|p1a: Wrecking Face|Porygon-Z, shiny|273\/311
|-status|p1a: Wrecking Face|psn
|-damage|p1a: Wrecking Face|235\/311 psn|[from] Stealth Rock
|turn|28
|
|move|p1a: Wrecking Face|Thunderbolt|p2a: Tentacruel
|-supereffective|p2a: Tentacruel
|-damage|p2a: Tentacruel|105\/364
|move|p2a: Tentacruel|Scald|p1a: Wrecking Face
|-crit|p1a: Wrecking Face
|-damage|p1a: Wrecking Face|76\/311 psn
|
|-heal|p2a: Tentacruel|127\/364|[from] item: Black Sludge
|-damage|p1a: Wrecking Face|38\/311 psn|[from] psn
|turn|29
|c|âmeowiekins|"specs"
|c|âxShiba|so much rip rn
|
|switch|p2a: _(ã)_\/Â¯|Shedinja|1\/1
|move|p1a: Wrecking Face|Thunderbolt|p2a: _(ã)_\/Â¯
|-activate|p2a: _(ã)_\/Â¯|ability: Wonder Guard
|
|-damage|p1a: Wrecking Face|0 fnt|[from] psn
|faint|p1a: Wrecking Face
|c|âxShiba|Fire alarm now
|
|switch|p1a: Floppy The God|Mienshao, M|271\/271
|-status|p1a: Floppy The God|psn
|-damage|p1a: Floppy The God|255\/271 psn|[from] Stealth Rock
|turn|30
|c|âmeowiekins|lol
|
|switch|p2a: Aromatisse|Aromatisse, F|354\/406
|move|p1a: Floppy The God|Knock Off|p2a: Aromatisse
|-resisted|p2a: Aromatisse
|-damage|p2a: Aromatisse|302\/406
|-enditem|p2a: Aromatisse|Leftovers|[from] move: Knock Off|[of] p1a: Floppy The God
|
|-damage|p1a: Floppy The God|222\/271 psn|[from] psn
|turn|31
|
|switch|p1a: Healthy Diet|Celebi|365\/404
|-status|p1a: Healthy Diet|psn
|-damage|p1a: Healthy Diet|315\/404 psn|[from] Stealth Rock
|switch|p2a: _(ã)_\/Â¯|Shedinja|1\/1
|
|-damage|p1a: Healthy Diet|265\/404 psn|[from] psn
|turn|32
|c|âxShiba|I dont think ill kill 1 pokemon lmao
|c|âmeowiekins|ogre
|
|move|p1a: Healthy Diet|Stealth Rock|p2a: _(ã)_\/Â¯
|-sidestart|p2: meowiekins|move: Stealth Rock
|move|p2a: _(ã)_\/Â¯|X-Scissor|p1a: Healthy Diet
|-supereffective|p1a: Healthy Diet
|-damage|p1a: Healthy Diet|0 fnt
|faint|p1a: Healthy Diet
|
|
|switch|p1a: Floppy The God|Mienshao, M|222\/271 psn
|-damage|p1a: Floppy The God|206\/271 psn|[from] Stealth Rock
|turn|33
|
|move|p2a: _(ã)_\/Â¯|Shadow Sneak|p1a: Floppy The God
|-damage|p1a: Floppy The God|115\/271 psn
|move|p1a: Floppy The God|Stone Edge|p2a: _(ã)_\/Â¯
|-supereffective|p2a: _(ã)_\/Â¯
|-enditem|p2a: _(ã)_\/Â¯|Focus Sash
|-damage|p2a: _(ã)_\/Â¯|1\/1
|
|-damage|p1a: Floppy The God|82\/271 psn|[from] psn
|turn|34
|
|move|p2a: _(ã)_\/Â¯|Shadow Sneak|p1a: Floppy The God
|-damage|p1a: Floppy The God|0 fnt
|faint|p1a: Floppy The God
|
|c|âxShiba|rip
|
|switch|p1a: 5-Star'd|Starmie, shiny|244\/324
|-status|p1a: 5-Star'd|psn
|-damage|p1a: 5-Star'd|204\/324 psn|[from] Stealth Rock
|turn|35
|
|move|p1a: 5-Star'd|Recover|p1a: 5-Star'd
|-heal|p1a: 5-Star'd|324\/324 psn
|move|p2a: _(ã)_\/Â¯|X-Scissor|p1a: 5-Star'd
|-supereffective|p1a: 5-Star'd
|-damage|p1a: 5-Star'd|120\/324 psn
|
|-heal|p1a: 5-Star'd|140\/324 psn|[from] item: Leftovers
|-damage|p1a: 5-Star'd|100\/324 psn|[from] psn
|turn|36
|c|âmeowiekins|gg bro
|
|move|p2a: _(ã)_\/Â¯|Shadow Sneak|p1a: 5-Star'd
|-supereffective|p1a: 5-Star'd
|-damage|p1a: 5-Star'd|0 fnt
|faint|p1a: 5-Star'd
|
|win|meowiekins
|c|âxShiba|gg
|c|âxShiba|I hope i dont find this on ladder
|c|âxShiba|kek
|c|âmeowiekins|lol
|leave|xShiba
|player|p1