|join|meowiekins
|join|CheckmateWeee
|player|p1|meowiekins|160
|player|p2|CheckmateWeee|266
|gametype|singles
|gen|6
|tier|UU
|rated
|rule|Sleep Clause Mod: Limit one foe put to sleep
|rule|Species Clause: Limit one of each PokÃ©mon
|rule|OHKO Clause: OHKO moves are banned
|rule|Moody Clause: Moody is banned
|rule|Evasion Moves Clause: Evasion moves are banned
|rule|Endless Battle Clause: Forcing endless battles is banned
|rule|HP Percentage Mod: HP is shown in percentages
|clearpoke
|poke|p1|Mienshao, M
|poke|p1|Machamp, F
|poke|p1|Lucario, F
|poke|p1|Froslass, F
|poke|p1|Aerodactyl, F
|poke|p1|Swampert, M
|poke|p2|Chandelure, M
|poke|p2|Honchkrow, F
|poke|p2|Blastoise, M
|poke|p2|Chesnaught, F
|poke|p2|Metagross
|poke|p2|Flygon, F
|rule|Swagger Clause: Swagger is banned
|rule|Baton Pass Clause: Limit one PokÃ©mon knowing Baton Pass
|teampreview
|
|start
|switch|p1a: Froslass|Froslass, F|344\/344
|switch|p2a: Chandelure|Chandelure, M|301\/301
|turn|1
|
|move|p1a: Froslass|Spikes|p2a: Chandelure
|-sidestart|p2: CheckmateWeee|Spikes
|move|p2a: Chandelure|Shadow Ball|p1a: Froslass
|-supereffective|p1a: Froslass
|-enditem|p1a: Froslass|Focus Sash
|-damage|p1a: Froslass|1\/344
|
|turn|2
|
|switch|p1a: Machamp|Machamp, F|384\/384
|move|p2a: Chandelure|Shadow Ball|p1a: Machamp
|-damage|p1a: Machamp|257\/384
|
|turn|3
|
|switch|p2a: Blastoise|Blastoise, M|358\/358
|-damage|p2a: Blastoise|314\/358|[from] Spikes
|move|p1a: Machamp|Knock Off|p2a: Blastoise
|-damage|p2a: Blastoise|233\/358
|
|turn|4
|
|detailschange|p2a: Blastoise|Blastoise-Mega, M
|message|Blastoise has Mega Evolved into Mega Blastoise!
|move|p2a: Blastoise|Rapid Spin|p1a: Machamp
|-damage|p1a: Machamp|239\/384
|-sideend|p2: CheckmateWeee|Spikes|[from] move: Rapid Spin|[of] p2a: Blastoise
|move|p1a: Machamp|Close Combat|p2a: Blastoise
|-damage|p2a: Blastoise|47\/358
|-unboost|p1a: Machamp|def|1
|-unboost|p1a: Machamp|spd|1
|
|turn|5
|join|Calloflochie
|
|move|p2a: Blastoise|Hydro Pump|p1a: Machamp
|-damage|p1a: Machamp|5\/384
|move|p1a: Machamp|Knock Off|p2a: Blastoise
|-damage|p2a: Blastoise|0 fnt
|faint|p2a: Blastoise
|
|c|âmeowiekins|hi lochie
|
|switch|p2a: Honchkrow|Honchkrow, F|341\/341
|turn|6
|
|move|p2a: Honchkrow|Sucker Punch|p1a: Machamp
|-resisted|p1a: Machamp
|-damage|p1a: Machamp|0 fnt
|-damage|p2a: Honchkrow|307\/341|[from] item: Life Orb
|faint|p1a: Machamp
|-boost|p2a: Honchkrow|atk|1|[from] ability: Moxie
|
|
|switch|p1a: Mienshao|Mienshao, M|271\/271
|turn|7
|
|switch|p2a: Chandelure|Chandelure, M|301\/301
|move|p1a: Mienshao|U-turn|p2a: Chandelure
|-crit|p2a: Chandelure
|-resisted|p2a: Chandelure
|-damage|p2a: Chandelure|267\/301
|
|switch|p1a: Aerodactyl|Aerodactyl, F|343\/343
|-ability|p1a: Aerodactyl|Pressure
|
|-heal|p2a: Chandelure|285\/301|[from] item: Leftovers
|turn|8
|
|detailschange|p1a: Aerodactyl|Aerodactyl-Mega, F
|message|Aerodactyl has Mega Evolved into Mega Aerodactyl!
|move|p1a: Aerodactyl|Pursuit|p2a: Chandelure|[from]Pursuit
|-supereffective|p2a: Chandelure
|-damage|p2a: Chandelure|19\/301
|switch|p2a: Flygon|Flygon, F|304\/304
|
|turn|9
|
|switch|p1a: Swampert|Swampert, M|404\/404
|move|p2a: Flygon|Outrage|p1a: Swampert
|-damage|p1a: Swampert|266\/404
|
|-heal|p1a: Swampert|291\/404|[from] item: Leftovers
|turn|10
|
|move|p2a: Flygon|Outrage|p1a: Swampert
|-damage|p1a: Swampert|155\/404
|move|p1a: Swampert|Stealth Rock|p2a: Flygon
|-sidestart|p2: CheckmateWeee|move: Stealth Rock
|
|-heal|p1a: Swampert|180\/404|[from] item: Leftovers
|turn|11
|
|move|p2a: Flygon|Outrage|p1a: Swampert
|-damage|p1a: Swampert|42\/404
|move|p1a: Swampert|Scald|p2a: Flygon
|-damage|p2a: Flygon|147\/304
|
|-end|p2a: Flygon|rampage
|-start|p2a: Flygon|confusion
|-heal|p1a: Swampert|67\/404|[from] item: Leftovers
|turn|12
|
|switch|p2a: Chesnaught|Chesnaught, F|380\/380
|-damage|p2a: Chesnaught|357\/380|[from] Stealth Rock
|move|p1a: Swampert|Scald|p2a: Chesnaught
|-resisted|p2a: Chesnaught
|-damage|p2a: Chesnaught|276\/380
|
|-heal|p2a: Chesnaught|299\/380|[from] item: Leftovers
|-heal|p1a: Swampert|92\/404|[from] item: Leftovers
|turn|13
|
|switch|p1a: Froslass|Froslass, F|1\/344
|move|p2a: Chesnaught|Spikes|p1a: Froslass
|-sidestart|p1: meowiekins|Spikes
|
|-heal|p2a: Chesnaught|322\/380|[from] item: Leftovers
|turn|14
|
|move|p1a: Froslass|Spikes|p2a: Chesnaught
|-sidestart|p2: CheckmateWeee|Spikes
|move|p2a: Chesnaught|Wood Hammer|p1a: Froslass
|-damage|p1a: Froslass|0 fnt
|-damage|p2a: Chesnaught|321\/380|[from] recoil|[of] p1a: Froslass
|faint|p1a: Froslass
|
|-heal|p2a: Chesnaught|344\/380|[from] item: Leftovers
|
|switch|p1a: Lucario|Lucario, F|281\/281
|-damage|p1a: Lucario|246\/281|[from] Spikes
|turn|15
|
|move|p1a: Lucario|Swords Dance|p1a: Lucario
|-boost|p1a: Lucario|atk|2
|move|p2a: Chesnaught|Leech Seed|p1a: Lucario
|-start|p1a: Lucario|move: Leech Seed
|
|-heal|p2a: Chesnaught|367\/380|[from] item: Leftovers
|-damage|p1a: Lucario|211\/281|[from] Leech Seed|[of] p2a: Chesnaught
|-heal|p2a: Chesnaught|380\/380|[silent]
|turn|16
|
|move|p1a: Lucario|Close Combat|p2a: Chesnaught
|-damage|p2a: Chesnaught|43\/380
|-unboost|p1a: Lucario|def|1
|-unboost|p1a: Lucario|spd|1
|-damage|p1a: Lucario|183\/281|[from] item: Life Orb
|move|p2a: Chesnaught|Wood Hammer|p1a: Lucario
|-crit|p1a: Lucario
|-resisted|p1a: Lucario
|-damage|p1a: Lucario|0 fnt
|-damage|p2a: Chesnaught|0 fnt|[from] recoil|[of] p1a: Lucario
|faint|p1a: Lucario
|faint|p2a: Chesnaught
|
|
|switch|p1a: Aerodactyl|Aerodactyl-Mega, F|343\/343
|switch|p2a: Chandelure|Chandelure, M|19\/301
|-damage|p2a: Chandelure|0 fnt|[from] Stealth Rock
|faint|p2a: Chandelure
|
|switch|p2a: Flygon|Flygon, F|147\/304
|-damage|p2a: Flygon|128\/304|[from] Stealth Rock
|turn|17
|
|move|p2a: Flygon|Outrage|p1a: Aerodactyl
|-damage|p1a: Aerodactyl|121\/343
|move|p1a: Aerodactyl|Aqua Tail|p2a: Flygon
|-damage|p2a: Flygon|0 fnt
|faint|p2a: Flygon
|
|
|switch|p2a: Metagross|Metagross|364\/364
|-damage|p2a: Metagross|342\/364|[from] Stealth Rock
|-damage|p2a: Metagross|297\/364|[from] Spikes
|turn|18
|
|move|p2a: Metagross|Bullet Punch|p1a: Aerodactyl
|-supereffective|p1a: Aerodactyl
|-damage|p1a: Aerodactyl|0 fnt
|faint|p1a: Aerodactyl
|
|
|switch|p1a: Mienshao|Mienshao, M|271\/271
|-damage|p1a: Mienshao|238\/271|[from] Spikes
|turn|19
|
|move|p2a: Metagross|Bullet Punch|p1a: Mienshao
|-damage|p1a: Mienshao|51\/271
|move|p1a: Mienshao|High Jump Kick|p2a: Metagross
|-damage|p2a: Metagross|96\/364
|
|turn|20
|
|move|p2a: Metagross|Bullet Punch|p1a: Mienshao
|-damage|p1a: Mienshao|0 fnt
|faint|p1a: Mienshao
|
|c|âmeowiekins|gg
|
|switch|p1a: Swampert|Swampert, M|92\/404
|-damage|p1a: Swampert|42\/404|[from] Spikes
|turn|21
|
|move|p2a: Metagross|Bullet Punch|p1a: Swampert
|-resisted|p1a: Swampert
|-damage|p1a: Swampert|0 fnt
|faint|p1a: Swampert
|
|win|CheckmateWeee
|raw|Ladder updating...
|raw|meowiekins's rating: 1666 &rarr; <strong>1634<\/strong><br \/>(-32 for losing)
|raw|CheckmateWeee's rating: 1426 &rarr; <strong>1458<\/strong><br \/>(+32 for winning)
|leave|meowiekins
|player|p1