|join|dodmen
|join|meowiekins
|player|p1|dodmen|171
|player|p2|meowiekins|160
|gametype|singles
|gen|6
|tier|UU
|rule|Sleep Clause Mod: Limit one foe put to sleep
|rule|Species Clause: Limit one of each PokÃ©mon
|rule|OHKO Clause: OHKO moves are banned
|rule|Moody Clause: Moody is banned
|rule|Evasion Moves Clause: Evasion moves are banned
|rule|Endless Battle Clause: Forcing endless battles is banned
|rule|HP Percentage Mod: HP is shown in percentages
|clearpoke
|poke|p1|Pangoro, F
|poke|p1|Darmanitan, M
|poke|p1|Gourgeist-*, F
|poke|p1|Nidoqueen, F
|poke|p1|Aerodactyl, M
|poke|p1|Rotom-Heat
|poke|p2|Shedinja
|poke|p2|Aggron, M
|poke|p2|Tentacruel, F
|poke|p2|Aromatisse, M
|poke|p2|Xatu, M
|poke|p2|Snorlax, F
|rule|Swagger Clause: Swagger is banned
|rule|Baton Pass Clause: Limit one PokÃ©mon knowing Baton Pass
|teampreview
|join|porrtal 2
|join|THE_iTodd
|join|Frickett
|c|âdodmen|oh
|join|Bob the Senpai
|c|âdodmen|oh
|c| THE_iTodd|oh
|c|âdodmen|oh
|join|TheyCallMeNancy
|join|numbuh 274
|c| THE_iTodd|dodmen
|
|start
|switch|p1a: Darmanitan|Darmanitan, M|351\/351
|switch|p2a: Aggron|Aggron, M|344\/344
|turn|1
|c| THE_iTodd|your team
|join|10 to 10
|c| THE_iTodd|is looking pretty
|c| THE_iTodd|bopmonz
|leave|TheyCallMeNancy
|c| Bob the Senpai|switchins where
|c| THE_iTodd|imo
|c|âmeowiekins|dont be banded
|c|âmeowiekins|pls
|
|switch|p2a: Tentacruel|Tentacruel, F|364\/364
|move|p1a: Darmanitan|U-turn|p2a: Tentacruel
|-resisted|p2a: Tentacruel
|-damage|p2a: Tentacruel|301\/364
|c| THE_iTodd|"resist"
|c| Bob the Senpai|aggron eats a banded flare blitzx
|
|switch|p1a: Nidoqueen|Nidoqueen, F|384\/384
|
|-heal|p2a: Tentacruel|323\/364|[from] item: Black Sludge
|turn|2
|c|âmeowiekins|i changed it btw bob
|join|DatLatias
|join|LessThanThreeMan
|c| Bob the Senpai|nb
|join|WallyTheSmogonite
|
|switch|p2a: Xatu|Xatu, M|333\/333
|move|p1a: Nidoqueen|Earth Power|p2a: Xatu
|-immune|p2a: Xatu|[msg]
|
|turn|3
|c| DatLatias|ice beam if real
|c|âdodmen|dam
|c|âdodmen|i
|c|âdodmen|almost
|c|âdodmen|did
|c| DatLatias|fucking
|c| DatLatias|pussy
|c| DatLatias|ass
|c| DatLatias|plays
|c| DatLatias|from RON
|
|switch|p2a: Snorlax|Snorlax, F|497\/497
|move|p1a: Nidoqueen|Sludge Wave|p2a: Snorlax
|-damage|p2a: Snorlax|336\/497
|
|-heal|p2a: Snorlax|367\/497|[from] item: Leftovers
|turn|4
|c| Bob the Senpai|are you eq lax
|c|âmeowiekins|perhaps
|
|switch|p2a: Xatu|Xatu, M|333\/333
|move|p1a: Nidoqueen|Sludge Wave|p2a: Xatu
|-damage|p2a: Xatu|48\/333
|
|turn|5
|c| Bob the Senpai|and wtf is bopmons
|leave|porrtal 2
|
|switch|p2a: Snorlax|Snorlax, F|367\/497
|move|p1a: Nidoqueen|Stealth Rock|p2a: Snorlax
|-sidestart|p2: meowiekins|move: Stealth Rock
|
|-heal|p2a: Snorlax|398\/497|[from] item: Leftovers
|turn|6
|c|âdodmen|bye
|c|âmeowiekins|fkn
|c|âmeowiekins|knew it
|
|switch|p1a: Gourgeist-Small|Gourgeist-Small, F|314\/314
|-item|p2a: Snorlax|Leftovers|[from] ability: Frisk|[of] p1a: Gourgeist-Small|[identify]
|move|p2a: Snorlax|Curse|p2a: Snorlax
|-boost|p2a: Snorlax|atk|1
|-boost|p2a: Snorlax|def|1
|-unboost|p2a: Snorlax|spe|1
|
|-heal|p2a: Snorlax|429\/497|[from] item: Leftovers
|turn|7
|c| 10 to 10|yoooooooooo
|
|move|p1a: Gourgeist-Small|Will-O-Wisp|p2a: Snorlax
|-status|p2a: Snorlax|brn
|move|p2a: Snorlax|Curse|p2a: Snorlax
|-boost|p2a: Snorlax|atk|1
|-boost|p2a: Snorlax|def|1
|-unboost|p2a: Snorlax|spe|1
|
|-heal|p2a: Snorlax|460\/497 brn|[from] item: Leftovers
|-damage|p2a: Snorlax|398\/497 brn|[from] brn
|turn|8
|
|switch|p1a: Aerodactyl|Aerodactyl, M|301\/301
|-ability|p1a: Aerodactyl|Pressure
|move|p2a: Snorlax|Curse|p2a: Snorlax
|-boost|p2a: Snorlax|atk|1
|-boost|p2a: Snorlax|def|1
|-unboost|p2a: Snorlax|spe|1
|
|-heal|p2a: Snorlax|429\/497 brn|[from] item: Leftovers
|-damage|p2a: Snorlax|367\/497 brn|[from] brn
|turn|9
|c| 10 to 10|you have balls mane
|c| 10 to 10|props
|
|switch|p2a: Tentacruel|Tentacruel, F|323\/364
|-damage|p2a: Tentacruel|278\/364|[from] Stealth Rock
|detailschange|p1a: Aerodactyl|Aerodactyl-Mega, M
|message|Aerodactyl has Mega Evolved into Mega Aerodactyl!
|move|p1a: Aerodactyl|Taunt|p2a: Tentacruel
|-start|p2a: Tentacruel|move: Taunt
|
|-heal|p2a: Tentacruel|300\/364|[from] item: Black Sludge
|turn|10
|
|move|p1a: Aerodactyl|Earthquake|p2a: Tentacruel
|-supereffective|p2a: Tentacruel
|-damage|p2a: Tentacruel|68\/364
|move|p2a: Tentacruel|Rapid Spin|p1a: Aerodactyl
|-resisted|p1a: Aerodactyl
|-damage|p1a: Aerodactyl|295\/301
|-sideend|p2: meowiekins|Stealth Rock|[from] move: Rapid Spin|[of] p2a: Tentacruel
|
|-heal|p2a: Tentacruel|90\/364|[from] item: Black Sludge
|turn|11
|
|switch|p2a: Aromatisse|Aromatisse, M|406\/406
|move|p1a: Aerodactyl|Stone Edge|p2a: Aromatisse
|-damage|p2a: Aromatisse|241\/406
|
|-heal|p2a: Aromatisse|266\/406|[from] item: Leftovers
|turn|12
|
|switch|p2a: _(ã)_\/Â¯|Shedinja|1\/1
|move|p1a: Aerodactyl|Stone Edge|p2a: _(ã)_\/Â¯
|-supereffective|p2a: _(ã)_\/Â¯
|-enditem|p2a: _(ã)_\/Â¯|Focus Sash
|-damage|p2a: _(ã)_\/Â¯|1\/1
|
|turn|13
|c|âdodmen|epic
|c| Bob the Senpai|meowie you suck
|c|âmeowiekins|indeed
|
|switch|p2a: Aggron|Aggron, M|344\/344
|move|p1a: Aerodactyl|Stone Edge|p2a: Aggron
|-resisted|p2a: Aggron
|-damage|p2a: Aggron|284\/344
|
|turn|14
|
|switch|p1a: Rotom-Heat|Rotom-Heat|267\/267
|detailschange|p2a: Aggron|Aggron-Mega, M
|message|Aggron has Mega Evolved into Mega Aggron!
|move|p2a: Aggron|Heavy Slam|p1a: Rotom-Heat
|-resisted|p1a: Rotom-Heat
|-damage|p1a: Rotom-Heat|225\/267
|
|-heal|p1a: Rotom-Heat|241\/267|[from] item: Leftovers
|turn|15
|
|move|p1a: Rotom-Heat|Overheat|p2a: Aggron
|-supereffective|p2a: Aggron
|-damage|p2a: Aggron|1\/344
|-unboost|p1a: Rotom-Heat|spa|2
|move|p2a: Aggron|Stealth Rock|p1a: Rotom-Heat
|-sidestart|p1: dodmen|move: Stealth Rock
|
|-heal|p1a: Rotom-Heat|257\/267|[from] item: Leftovers
|turn|16
|c| Bob the Senpai|metal burst where
|
|switch|p2a: _(ã)_\/Â¯|Shedinja|1\/1
|move|p1a: Rotom-Heat|Volt Switch|p2a: _(ã)_\/Â¯
|-activate|p2a: _(ã)_\/Â¯|ability: Wonder Guard
|
|-heal|p1a: Rotom-Heat|267\/267|[from] item: Leftovers
|turn|17
|c|âmeowiekins|ez dodge
|
|switch|p2a: Snorlax|Snorlax, F|367\/497 brn
|move|p1a: Rotom-Heat|Volt Switch|p2a: Snorlax
|-damage|p2a: Snorlax|322\/497 brn
|
|switch|p1a: Nidoqueen|Nidoqueen, F|384\/384
|-damage|p1a: Nidoqueen|360\/384|[from] Stealth Rock
|
|-heal|p2a: Snorlax|353\/497 brn|[from] item: Leftovers
|-damage|p2a: Snorlax|291\/497 brn|[from] brn
|turn|18
|
|move|p1a: Nidoqueen|Stealth Rock|p2a: Snorlax
|-sidestart|p2: meowiekins|move: Stealth Rock
|move|p2a: Snorlax|Rest|p2a: Snorlax
|-status|p2a: Snorlax|slp
|-heal|p2a: Snorlax|497\/497 slp|[silent]
|-status|p2a: Snorlax|slp|[from] move: Rest
|
|turn|19
|
|switch|p1a: Pangoro|Pangoro, F|331\/331
|-damage|p1a: Pangoro|311\/331|[from] Stealth Rock
|-ability|p1a: Pangoro|Mold Breaker
|cant|p2a: Snorlax|slp
|move|p2a: Snorlax|Sleep Talk|p2a: Snorlax
|move|p2a: Snorlax|Curse|p2a: Snorlax|[from]Sleep Talk
|-boost|p2a: Snorlax|atk|1
|-boost|p2a: Snorlax|def|1
|-unboost|p2a: Snorlax|spe|1
|
|turn|20
|c|âdodmen|in
|
|move|p1a: Pangoro|Swords Dance|p1a: Pangoro
|-boost|p1a: Pangoro|atk|2
|cant|p2a: Snorlax|slp
|move|p2a: Snorlax|Sleep Talk|p2a: Snorlax
|move|p2a: Snorlax|Body Slam|p1a: Pangoro|[from]Sleep Talk
|-damage|p1a: Pangoro|103\/331
|
|turn|21
|c|âmeowiekins|oh
|c| Bob the Senpai|sd
|join|porrtal 2
|c|âmeowiekins|fuck
|c| Bob the Senpai|sd
|c| Bob the Senpai|sd
|c| Bob the Senpai|sd
|c|âmeowiekins|sd again
|c| porrtal 2|sd
|c|âmeowiekins|imo
|c| porrtal 2|sd
|c| Bob the Senpai|sd again
|c| porrtal 2|sd
|c| porrtal 2|sd
|c| porrtal 2|sd
|c| porrtal 2|sd
|c| porrtal 2|sd
|c| porrtal 2|sd
|c| porrtal 2|sd again
|
|switch|p2a: Xatu|Xatu, M|48\/333
|-damage|p2a: Xatu|0 fnt|[from] Stealth Rock
|faint|p2a: Xatu
|move|p1a: Pangoro|Drain Punch|p2: Xatu|[notarget]
|-notarget
|
|
|switch|p2a: Tentacruel|Tentacruel, F|90\/364
|-damage|p2a: Tentacruel|45\/364|[from] Stealth Rock
|turn|22
|c| porrtal 2|FUCK
|c| LessThanThreeMan|sd goro
|c| porrtal 2|sd
|c| LessThanThreeMan|is real af
|c| Bob the Senpai|sucker
|c|âdodmen|do i even care
|c| porrtal 2|sucker
|c|âdodmen|if you spin
|
|move|p2a: Tentacruel|Rapid Spin|p1a: Pangoro
|-damage|p1a: Pangoro|88\/331
|-sideend|p2: meowiekins|Stealth Rock|[from] move: Rapid Spin|[of] p2a: Tentacruel
|move|p1a: Pangoro|Knock Off|p2a: Tentacruel
|-damage|p2a: Tentacruel|0 fnt
|-enditem|p2a: Tentacruel|Black Sludge|[from] move: Knock Off|[of] p1a: Pangoro
|faint|p2a: Tentacruel
|
|
|switch|p2a: _(ã)_\/Â¯|Shedinja|1\/1
|turn|23
|c| porrtal 2|knock off
|
|move|p1a: Pangoro|Knock Off|p2a: _(ã)_\/Â¯
|-supereffective|p2a: _(ã)_\/Â¯
|-damage|p2a: _(ã)_\/Â¯|0 fnt
|faint|p2a: _(ã)_\/Â¯
|
|c|âdodmen|implying
|c| Bob the Senpai|fkn
|c|âmeowiekins|oh
|c| Bob the Senpai|wut
|c|âmeowiekins|right
|c|âmeowiekins|lol
|
|switch|p2a: Aromatisse|Aromatisse, M|266\/406
|turn|24
|c| porrtal 2|mold breaker
|
|move|p1a: Pangoro|Gunk Shot|p2a: Aromatisse
|-supereffective|p2a: Aromatisse
|-damage|p2a: Aromatisse|0 fnt
|faint|p2a: Aromatisse
|
|join|YeLlOw SkArMoRy
|c| porrtal 2|is useless
|c| Bob the Senpai|rip meowie 2014-2014
|c|âmeowiekins|ez
|c|âdodmen|bye
|
|switch|p2a: Aggron|Aggron-Mega, M|1\/344
|turn|25
|c| LessThanThreeMan|ez spin
|c|âmeowiekins|bye oodmen
|c|âmeowiekins|:[
|
|move|p1a: Pangoro|Drain Punch|p2a: Aggron
|-supereffective|p2a: Aggron
|-damage|p2a: Aggron|0 fnt
|-heal|p1a: Pangoro|89\/331|[from] drain|[of] p2a: Aggron
|faint|p2a: Aggron
|
|
|switch|p2a: Snorlax|Snorlax, F|497\/497 slp
|turn|26
|c|âdodmen|this thing
|c|âdodmen|could have
|c|âdodmen|set up t
|c|âdodmen|11
|c|âdodmen|turn 1*
|c|âdodmen|imo
|c| YeLlOw SkArMoRy|YOU LET SHEDINJA DIE
|c|âmeowiekins|ya
|c|âmeowiekins|sd goro
|c| YeLlOw SkArMoRy|NOOOO
|c|âmeowiekins|rekts e
|c| LessThanThreeMan|are you lum?
|
|move|p1a: Pangoro|Drain Punch|p2a: Snorlax
|-supereffective|p2a: Snorlax
|-damage|p2a: Snorlax|0 fnt
|-heal|p1a: Pangoro|331\/331|[from] drain|[of] p2a: Snorlax
|faint|p2a: Snorlax
|
|win|dodmen
|c|âdodmen|yeah
|c|âmeowiekins|gg
|c|âdodmen|gg
|c|âdodmen|this team sucks
|c| LessThanThreeMan|oh then yeah maybe