|join|xShiba
|join|Meowiekins
|player|p1|xShiba|260
|player|p2|Meowiekins|160
|gametype|singles
|gen|6
|tier|UU
|rule|Sleep Clause Mod: Limit one foe put to sleep
|rule|Species Clause: Limit one of each PokÃ©mon
|rule|OHKO Clause: OHKO moves are banned
|rule|Moody Clause: Moody is banned
|rule|Evasion Moves Clause: Evasion moves are banned
|rule|Endless Battle Clause: Forcing endless battles is banned
|rule|HP Percentage Mod: HP is shown in percentages
|clearpoke
|poke|p1|Medicham, M, shiny
|poke|p1|Krookodile, M
|poke|p1|Crobat, M
|poke|p1|Jirachi, shiny
|poke|p1|Florges, F, shiny
|poke|p1|Porygon-Z, shiny
|poke|p2|Shedinja
|poke|p2|Aggron, M
|poke|p2|Tentacruel, M
|poke|p2|Aromatisse, M
|poke|p2|Xatu, F
|poke|p2|Snorlax, M
|rule|Swagger Clause: Swagger is banned
|rule|Baton Pass Clause: Limit one PokÃ©mon knowing Baton Pass
|teampreview
|c|âMeowiekins|lmao crob
|join|LiberalLucario
|c|âMeowiekins|wtf am i saying
|c| LiberalLucario|so we have
|c|âMeowiekins|>crob
|c| LiberalLucario|stall vs
|c| LiberalLucario|a bad team
|c| LiberalLucario|OK
|c|âMeowiekins|you have megachamp
|c|âMeowiekins|its k
|
|start
|switch|p1a: Dread Pl8|Krookodile, M|393\/393
|switch|p2a: Aromatisse|Aromatisse, M|406\/406
|-ability|p1a: Dread Pl8|Intimidate|[of] p2a: Aromatisse
|-unboost|p2a: Aromatisse|atk|1
|turn|1
|c|âxShiba|am i the stall team
|join|bob the feng
|c|âxShiba|or is meowies the bad team
|c| LiberalLucario|shiba has
|c| LiberalLucario|NO water resist
|c| LiberalLucario|NONE
|c|âMeowiekins|p sure this team is ass now
|c|âMeowiekins|ngl
|
|switch|p1a: Fuccboii|Jirachi, shiny|341\/341
|move|p2a: Aromatisse|Moonblast|p1a: Fuccboii
|-resisted|p1a: Fuccboii
|-damage|p1a: Fuccboii|285\/341
|-unboost|p1a: Fuccboii|spa|1
|
|turn|2
|leave|LiberalLucario
|join|LiberalLucario
|
|move|p2a: Aromatisse|Protect|p2a: Aromatisse
|-singleturn|p2a: Aromatisse|Protect
|move|p1a: Fuccboii|Fire Punch|p2a: Aromatisse
|-activate|p2a: Aromatisse|Protect
|
|turn|3
|c|âMeowiekins|epic prediction
|c| LiberalLucario|nice fire punch noob
|c|âxShiba|n
|c|âxShiba|n_n
|c|âMeowiekins|n_n
|c| LiberalLucario|now u double to
|c| LiberalLucario|medi
|c| LiberalLucario|on the tenta
|
|switch|p1a: Wrecking Face|Porygon-Z, shiny|312\/312
|switch|p2a: Tentacruel|Tentacruel, M|364\/364
|
|turn|4
|c| LiberalLucario|n_n
|c| LiberalLucario|or this
|c| LiberalLucario|works 2
|c|âxShiba|im double dance
|
|move|p1a: Wrecking Face|Dark Pulse|p2a: Tentacruel
|-damage|p2a: Tentacruel|223\/364
|move|p2a: Tentacruel|Scald|p1a: Wrecking Face
|-damage|p1a: Wrecking Face|206\/312
|
|-heal|p2a: Tentacruel|245\/364|[from] item: Black Sludge
|turn|5
|c|âxShiba|fk
|c|âMeowiekins|e to the z
|c|âMeowiekins|lmao
|c|âMeowiekins|youre so garb
|c| LiberalLucario|ebin
|c|âMeowiekins|xD
|c| LiberalLucario|why would u dark pulse
|c|âxShiba|n_n
|c| LiberalLucario|he wasnt switching in sheddy 0_0
|c|âMeowiekins|im real as fk with sheddy
|c|âMeowiekins|i make plays
|
|switch|p1a: Nightshade|Florges, F, shiny|327\/327
|switch|p2a: Aromatisse|Aromatisse, M|406\/406
|
|turn|6
|
|switch|p2a: Tentacruel|Tentacruel, M|245\/364
|move|p1a: Nightshade|Wish|p1a: Nightshade
|
|-heal|p2a: Tentacruel|267\/364|[from] item: Black Sludge
|turn|7
|c| LiberalLucario|see
|c| LiberalLucario|no scald switchins
|c| LiberalLucario|n_n
|c|âMeowiekins|but muh hazards
|
|switch|p1a: Wrecking Face|Porygon-Z, shiny|206\/312
|move|p2a: Tentacruel|Toxic Spikes|p1a: Wrecking Face
|-sidestart|p1: xShiba|move: Toxic Spikes
|
|-heal|p1a: Wrecking Face|312\/312|[from] move: Wish|[wisher] Nightshade
|-heal|p2a: Tentacruel|289\/364|[from] item: Black Sludge
|turn|8
|
|switch|p2a: Snorlax|Snorlax, M|497\/497
|move|p1a: Wrecking Face|Dark Pulse|p2a: Snorlax
|-damage|p2a: Snorlax|382\/497
|
|-heal|p2a: Snorlax|413\/497|[from] item: Leftovers
|turn|9
|c| LiberalLucario|shiba your team is a) hyperphysical and b) terrible synergistically
|c|âMeowiekins|too fkn ez
|c|âMeowiekins|lmao
|c|âxShiba|this is my first game with it
|c|âxShiba|:[
|c| LiberalLucario|o
|c|âMeowiekins|same here
|c| LiberalLucario|u should add
|c| LiberalLucario|LOL meowie
|
|switch|p1a: Nosferatu|Crobat, M|366\/366
|move|p2a: Snorlax|Body Slam|p1a: Nosferatu
|-damage|p1a: Nosferatu|233\/366
|
|-heal|p2a: Snorlax|444\/497|[from] item: Leftovers
|turn|10
|c|âxShiba|fk u meowie
|c| LiberalLucario|gotem
|c|âxShiba|n_n
|c| LiberalLucario|no item bat
|c|âMeowiekins|:]
|c|âMeowiekins|no item bat is good on this team
|c|âMeowiekins|you have NOTHING
|
|move|p1a: Nosferatu|Defog|p2a: Snorlax
|-unboost|p2a: Snorlax|evasion|1
|-sideend|p1: xShiba|Toxic Spikes|[from] move: Defog|[of] p1a: Nosferatu
|move|p2a: Snorlax|Curse|p2a: Snorlax
|-boost|p2a: Snorlax|atk|1
|-boost|p2a: Snorlax|def|1
|-unboost|p2a: Snorlax|spe|1
|
|-heal|p2a: Snorlax|475\/497|[from] item: Leftovers
|turn|11
|c|âMeowiekins|for krook
|c|âMeowiekins|but now you have bat
|
|move|p1a: Nosferatu|U-turn|p2a: Snorlax
|-damage|p2a: Snorlax|431\/497
|c|âMeowiekins|so its k
|
|switch|p1a: Wrecking Face|Porygon-Z, shiny|312\/312
|move|p2a: Snorlax|Body Slam|p1a: Wrecking Face
|-damage|p1a: Wrecking Face|113\/312
|
|-heal|p2a: Snorlax|462\/497|[from] item: Leftovers
|turn|12
|c|âMeowiekins|ebin
|c|âxShiba|freeze here
|c|âxShiba|ez
|
|switch|p2a: Aggron|Aggron, M|344\/344
|move|p1a: Wrecking Face|Tri Attack|p2a: Aggron
|-resisted|p2a: Aggron
|-damage|p2a: Aggron|265\/344
|
|turn|13
|
|switch|p1a: Dread Pl8|Krookodile, M|393\/393
|-ability|p1a: Dread Pl8|Intimidate|[of] p2a: Aggron
|-unboost|p2a: Aggron|atk|1
|detailschange|p2a: Aggron|Aggron-Mega, M
|-mega|p2a: Aggron|Aggron|Aggronite
|move|p2a: Aggron|Heavy Slam|p1a: Dread Pl8
|-damage|p1a: Dread Pl8|258\/393
|
|turn|14
|join|Snowballin
|c|âMeowiekins|wait are you running some bulk on this?
|c|âMeowiekins|-1 0 Atk Mega Aggron Heavy Slam (100 BP) vs. 0 HP \/ 0 Def Krookodile: 117-138 (35.3 - 41.6%)
|c|âMeowiekins|wait
|c|âMeowiekins|why do i have
|c|âMeowiekins|40 atk evs
|c|âMeowiekins|wtf
|c|âxShiba|252 HP
|
|switch|p2a: Aromatisse|Aromatisse, M|406\/406
|move|p1a: Dread Pl8|Knock Off|p2a: Aromatisse
|-resisted|p2a: Aromatisse
|-damage|p2a: Aromatisse|318\/406
|-enditem|p2a: Aromatisse|Leftovers|[from] move: Knock Off|[of] p1a: Dread Pl8
|
|turn|15
|c|âMeowiekins|i just have a random 40 atk evs
|
|switch|p1a: Nosferatu|Crobat, M|233\/366
|move|p2a: Aromatisse|Moonblast|p1a: Nosferatu
|-resisted|p1a: Nosferatu
|-damage|p1a: Nosferatu|167\/366
|
|turn|16
|c|âMeowiekins|why do i get the feeling
|c|âMeowiekins|that you have cross poison
|
|move|p1a: Nosferatu|Roost|p1a: Nosferatu
|-heal|p1a: Nosferatu|350\/366
|move|p2a: Aromatisse|Wish|p2a: Aromatisse
|
|turn|17
|c|âMeowiekins|like a dumbfuck
|c|âxShiba|im not bad
|c|âxShiba|>_>
|c|âMeowiekins|saving that
|c|âMeowiekins|âxShiba: im not bad
|c|âMeowiekins|n_n
|
|switch|p2a: Aggron|Aggron-Mega, M|265\/344
|move|p1a: Nosferatu|U-turn|p2a: Aggron
|-resisted|p2a: Aggron
|-damage|p2a: Aggron|253\/344
|join|gobosox
|c|âxShiba|240+ Atk Pure Power Mega Medicham High Jump Kick vs. 252 HP \/ 136+ Def Filter Mega Aggron: 234-276 (68 - 80.2%) -- guaranteed 2HKO
|c|âMeowiekins|i run no def
|c|âxShiba|o
|
|switch|p1a: Broken|Medicham, M, shiny|261\/261
|
|-heal|p2a: Aggron|344\/344|[from] move: Wish|[wisher] Aromatisse
|turn|18
|leave|gobosox
|c|âMeowiekins|i run 216 SpD Careful
|c|âMeowiekins|40 atk
|c|âMeowiekins|for no reason
|
|switch|p2a: DMT|Shedinja|1\/1
|detailschange|p1a: Broken|Medicham-Mega, M, shiny
|-mega|p1a: Broken|Medicham|Medichamite
|move|p1a: Broken|Fake Out|p2a: DMT
|-immune|p2a: DMT|[msg]
|
|turn|19
|c|âMeowiekins|nice broken pokemon
|c|âMeowiekins|lmao
|c|âxShiba|!learn medicham, poison jab
|raw|<div class="infobox">Medicham <span class="message-learn-canlearn">can<\/span> learn Poison Jab<\/ul><\/div>
|c|âxShiba|e
|c|âxShiba|z
|c|âMeowiekins|uhh
|c|âMeowiekins|uhh
|c|âMeowiekins|uhh
|c|âMeowiekins|shedinja isnt weak to that
|c|âMeowiekins|you nerd
|
|switch|p1a: Nosferatu|Crobat, M|350\/366
|move|p2a: DMT|Will-O-Wisp|p1a: Nosferatu
|-status|p1a: Nosferatu|brn
|
|-damage|p1a: Nosferatu|305\/366 brn|[from] brn
|turn|20
|c|âxShiba|!weak shedinja
|raw|<div class="infobox">Shedinja (ignoring abilities):<br><span class="message-effect-weak">Weaknesses<\/span>: Dark, Fire, Flying, Ghost, Rock<br><span class="message-effect-resist">Resistances<\/span>: Bug, Grass, Ground, Poison<br><span class="message-effect-immune">Immunities<\/span>: Fighting, Normal<\/div>
|c|âxShiba|wtf
|c|âMeowiekins|"resistances"
|c|âMeowiekins|wtf
|c|âxShiba|I thought bug
|c|âxShiba|was weak to
|c|âxShiba|poison
|c|âxShiba|n_n
|c|âMeowiekins|ghost resists it
|c|âMeowiekins|regardless
|c|âMeowiekins|you fuccboi
|c|âMeowiekins|!resist ghost
|raw|<div class="infobox">Ghost:<br><span class="message-effect-weak">Weaknesses<\/span>: Dark, Ghost<br><span class="message-effect-resist">Resistances<\/span>: Bug, Poison<br><span class="message-effect-immune">Immunities<\/span>: Fighting, Normal<\/div>
|
|switch|p1a: Nightshade|Florges, F, shiny|327\/327
|switch|p2a: Aggron|Aggron-Mega, M|344\/344
|
|turn|21
|c|âxShiba|shedinja is the real fuccboi
|c|âMeowiekins|loll
|c|âxShiba|i fkn hate that thing
|c|âMeowiekins|get fkn
|c|âMeowiekins|purrdonked
|c|âMeowiekins|you have nothing for maggron
|c|âMeowiekins|lmao
|c|âxShiba|mega medicham
|
|move|p1a: Nightshade|Aromatherapy|p1a: Nightshade
|-cureteam|p1a: Nightshade|[from] move: Aromatherapy
|move|p2a: Aggron|Heavy Slam|p1a: Nightshade
|-supereffective|p1a: Nightshade
|-damage|p1a: Nightshade|0 fnt
|faint|p1a: Nightshade
|
|c|âxShiba|:^)
|c|âMeowiekins|gone
|
|switch|p1a: Wrecking Face|Porygon-Z, shiny|113\/312
|turn|22
|c|âMeowiekins|ummm
|c|âMeowiekins|epic
|c|âxShiba|the counter
|c|âMeowiekins|counter
|c|âxShiba|is here
|
|move|p1a: Wrecking Face|Thunderbolt|p2a: Aggron
|-damage|p2a: Aggron|189\/344
|move|p2a: Aggron|Heavy Slam|p1a: Wrecking Face
|-damage|p1a: Wrecking Face|0 fnt
|faint|p1a: Wrecking Face
|
|c|âxShiba|i already gave up at this point
|c|âxShiba|i gave up in team preview tbh
|c|âMeowiekins|lol ur so bad
|c|âMeowiekins|âxShiba: im not bad
|c|âMeowiekins|âxShiba: im not bad
|c|âMeowiekins|âxShiba: im not bad
|c|âMeowiekins|âxShiba: im not bad
|
|switch|p1a: Dread Pl8|Krookodile, M|258\/393
|-ability|p1a: Dread Pl8|Intimidate|[of] p2a: Aggron
|-unboost|p2a: Aggron|atk|1
|turn|23
|c|âMeowiekins|n_n
|
|switch|p2a: Xatu|Xatu, F|333\/333
|move|p1a: Dread Pl8|Stealth Rock|p2a: Xatu
|move|p2a: Xatu|Stealth Rock|p1a: Dread Pl8|[from]Magic Bounce
|-sidestart|p1: xShiba|move: Stealth Rock
|
|turn|24
|c|âMeowiekins|EZ
|c|âMeowiekins|LMAO
|c|âxShiba|omfg
|c|âxShiba|i h8 my life
|
|switch|p1a: Nosferatu|Crobat, M|305\/366
|-damage|p1a: Nosferatu|214\/366|[from] Stealth Rock
|move|p2a: Xatu|Giga Drain|p1a: Nosferatu
|-resisted|p1a: Nosferatu
|-damage|p1a: Nosferatu|199\/366
|
|turn|25
|
|switch|p2a: Aromatisse|Aromatisse, M|318\/406
|move|p1a: Nosferatu|Defog|p2a: Aromatisse
|-unboost|p2a: Aromatisse|evasion|1
|-sideend|p1: xShiba|Stealth Rock|[from] move: Defog|[of] p1a: Nosferatu
|
|turn|26
|
|move|p1a: Nosferatu|Roost|p1a: Nosferatu
|-heal|p1a: Nosferatu|366\/366
|move|p2a: Aromatisse|Wish|p2a: Aromatisse
|
|turn|27
|c|âMeowiekins|and maggron is back
|c|âMeowiekins|n_n
|
|switch|p2a: Aggron|Aggron-Mega, M|189\/344
|move|p1a: Nosferatu|U-turn|p2a: Aggron
|-resisted|p2a: Aggron
|-damage|p2a: Aggron|176\/344
|
|switch|p1a: Dread Pl8|Krookodile, M|258\/393
|-ability|p1a: Dread Pl8|Intimidate|[of] p2a: Aggron
|-unboost|p2a: Aggron|atk|1
|
|-heal|p2a: Aggron|344\/344|[from] move: Wish|[wisher] Aromatisse
|turn|28
|
|switch|p2a: Xatu|Xatu, F|333\/333
|move|p1a: Dread Pl8|Stealth Rock|p2a: Xatu
|move|p2a: Xatu|Stealth Rock|p1a: Dread Pl8|[from]Magic Bounce
|-sidestart|p1: xShiba|move: Stealth Rock
|
|turn|29
|c|âMeowiekins|fkn
|c|âMeowiekins|so
|c|âMeowiekins|ez
|c|âMeowiekins|lmao
|
|move|p2a: Xatu|Night Shade|p1a: Dread Pl8
|-damage|p1a: Dread Pl8|158\/393
|move|p1a: Dread Pl8|Knock Off|p2a: Xatu
|-supereffective|p2a: Xatu
|-damage|p2a: Xatu|0 fnt
|-damage|p1a: Dread Pl8|93\/393|[from] item: Rocky Helmet|[of] p2a: Xatu
|-enditem|p2a: Xatu|Rocky Helmet|[from] move: Knock Off|[of] p1a: Dread Pl8
|faint|p2a: Xatu
|
|c|âxShiba|fk ur xatu
|c|âMeowiekins|wtf is that spread
|c|âMeowiekins|loll
|c| Snowballin|252 hp \/ 252 attack probably
|c| Snowballin|maybe some speed
|c|âMeowiekins|thats so bad
|c|âMeowiekins|lmao
|c|âxShiba|its pro
|c|âxShiba|wtf
|c|âMeowiekins|getting outsped by lucario
|c|âMeowiekins|is pro
|c|âMeowiekins|got it
|
|switch|p2a: Tentacruel|Tentacruel, M|289\/364
|turn|30
|c|âxShiba|do i outspeed you
|c|âMeowiekins|no
|c|âMeowiekins|i run hella speed
|
|switch|p1a: Nosferatu|Crobat, M|366\/366
|-damage|p1a: Nosferatu|275\/366|[from] Stealth Rock
|move|p2a: Tentacruel|Scald|p1a: Nosferatu
|-damage|p1a: Nosferatu|187\/366
|-status|p1a: Nosferatu|brn
|
|-heal|p2a: Tentacruel|311\/364|[from] item: Black Sludge
|-damage|p1a: Nosferatu|142\/366 brn|[from] brn
|turn|31
|c|âMeowiekins|ez
|c|âxShiba|n_n
|
|switch|p2a: Aggron|Aggron-Mega, M|344\/344
|move|p1a: Nosferatu|Defog|p2a: Aggron
|-unboost|p2a: Aggron|evasion|1
|-sideend|p1: xShiba|Stealth Rock|[from] move: Defog|[of] p1a: Nosferatu
|
|-damage|p1a: Nosferatu|97\/366 brn|[from] brn
|turn|32
|
|move|p1a: Nosferatu|Brave Bird|p2a: Aggron
|-resisted|p2a: Aggron
|-damage|p2a: Aggron|326\/344
|-damage|p1a: Nosferatu|91\/366 brn|[from] recoil|[of] p2a: Aggron
|move|p2a: Aggron|Heavy Slam|p1a: Nosferatu
|-damage|p1a: Nosferatu|0 fnt
|faint|p1a: Nosferatu
|
|c|âMeowiekins|ebin
|
|switch|p1a: Dread Pl8|Krookodile, M|93\/393
|-ability|p1a: Dread Pl8|Intimidate|[of] p2a: Aggron
|-unboost|p2a: Aggron|atk|1
|turn|33
|c|âxShiba|epic comeback is coming
|c|âxShiba|nw
|c|âMeowiekins|moie
|c|âMeowiekins|here
|c|âMeowiekins|jk
|join|Bob the Wut
|c|âMeowiekins|i eat this
|
|move|p1a: Dread Pl8|Stealth Rock|p2a: Aggron
|-sidestart|p2: Meowiekins|move: Stealth Rock
|move|p2a: Aggron|Heavy Slam|p1a: Dread Pl8
|-damage|p1a: Dread Pl8|0 fnt
|faint|p1a: Dread Pl8
|
|
|switch|p1a: Broken|Medicham-Mega, M, shiny|261\/261
|turn|34
|c|âMeowiekins|okey
|c| Bob the Wut|this lives
|join|BenzMafia
|
|switch|p2a: Snorlax|Snorlax, M|462\/497
|-damage|p2a: Snorlax|400\/497|[from] Stealth Rock
|move|p1a: Broken|High Jump Kick|p2a: Snorlax
|-supereffective|p2a: Snorlax
|-damage|p2a: Snorlax|0 fnt
|faint|p2a: Snorlax
|
|
|switch|p2a: Aromatisse|Aromatisse, M|318\/406
|-damage|p2a: Aromatisse|268\/406|[from] Stealth Rock
|turn|35
|c| Bob the Wut|now hes gonna pup and sweep you
|c|âMeowiekins|please do
|
|switch|p1a: Fuccboii|Jirachi, shiny|285\/341
|move|p2a: Aromatisse|Moonblast|p1a: Fuccboii
|-resisted|p1a: Fuccboii
|-damage|p1a: Fuccboii|231\/341
|-unboost|p1a: Fuccboii|spa|1
|
|turn|36
|
|move|p2a: Aromatisse|Protect|p2a: Aromatisse
|-singleturn|p2a: Aromatisse|Protect
|move|p1a: Fuccboii|U-turn|p2a: Aromatisse
|-activate|p2a: Aromatisse|Protect
|
|turn|37
|c|âxShiba|fk
|c|âMeowiekins|lol
|c|âMeowiekins|so
|c|âMeowiekins|fucking
|c|âMeowiekins|bad
|c|âMeowiekins|âxShiba: im not bad
|c|âMeowiekins|n_n
|
|switch|p1a: Broken|Medicham-Mega, M, shiny|261\/261
|move|p2a: Aromatisse|Moonblast|p1a: Broken
|-supereffective|p1a: Broken
|-damage|p1a: Broken|13\/261
|-unboost|p1a: Broken|spa|1
|
|turn|38
|c| Bob the Wut|ez
|c| Bob the Wut|catch this zen flinch
|c|âMeowiekins|ez SpA drop
|
|move|p1a: Broken|Fake Out|p2a: Aromatisse
|-damage|p2a: Aromatisse|196\/406
|cant|p2a: Aromatisse|flinch
|
|turn|39
|
|switch|p1a: Fuccboii|Jirachi, shiny|231\/341
|move|p2a: Aromatisse|Moonblast|p1a: Fuccboii
|-resisted|p1a: Fuccboii
|-damage|p1a: Fuccboii|177\/341
|
|turn|40
|c| Bob the Wut|cruel here
|c| Bob the Wut|dont prot
|
|switch|p2a: Tentacruel|Tentacruel, M|311\/364
|-damage|p2a: Tentacruel|266\/364|[from] Stealth Rock
|move|p1a: Fuccboii|Healing Wish|p1a: Fuccboii
|faint|p1a: Fuccboii
|
|-heal|p2a: Tentacruel|288\/364|[from] item: Black Sludge
|c|âMeowiekins|oh
|c| Bob the Wut|oh
|c|âMeowiekins|thats not good
|
|switch|p1a: Broken|Medicham-Mega, M, shiny|13\/261
|-heal|p1a: Broken|261\/261|[from] move: Healing Wish
|turn|41
|c|âxShiba|e
|c| Bob the Wut|dw aggron lives
|c|âxShiba|z
|
|move|p1a: Broken|Zen Headbutt|p2a: Tentacruel
|-supereffective|p2a: Tentacruel
|-damage|p2a: Tentacruel|0 fnt
|faint|p2a: Tentacruel
|
|c|âMeowiekins|miss
|c|âMeowiekins|it doesnt ohko
|c|âMeowiekins|with slam
|c| Bob the Wut|crit
|c| Bob the Wut|ez
|c| Bob the Wut|just miss hjk
|c| Bob the Wut|tbh
|
|switch|p2a: Aggron|Aggron-Mega, M|326\/344
|-damage|p2a: Aggron|305\/344|[from] Stealth Rock
|turn|42
|c|âMeowiekins|or zen
|c|âxShiba|âxShiba: epic comeback is coming
|c|âxShiba|âxShiba: epic comeback is coming
|c|âMeowiekins|watch and learn
|c|âMeowiekins|kiddo
|
|move|p1a: Broken|High Jump Kick|p2a: Aggron
|-supereffective|p2a: Aggron
|-damage|p2a: Aggron|13\/344
|move|p2a: Aggron|Heavy Slam|p1a: Broken
|-damage|p1a: Broken|39\/261
|
|turn|43
|c|âMeowiekins|yum
|c|âxShiba|!!!
|c| Bob the Wut|not even metal burst
|c| Bob the Wut|weak af
|c|âMeowiekins|:\/
|
|move|p1a: Broken|Zen Headbutt|p2a: Aggron
|-resisted|p2a: Aggron
|-damage|p2a: Aggron|0 fnt
|faint|p2a: Aggron
|
|leave|LiberalLucario
|c| bob the feng|âxShiba: âxShiba: epic comeback is coming
|
|switch|p2a: Aromatisse|Aromatisse, M|196\/406
|-damage|p2a: Aromatisse|146\/406|[from] Stealth Rock
|turn|44
|c|âMeowiekins|ez
|c|âMeowiekins|miss
|c|âMeowiekins|lmao
|c|âMeowiekins|watch
|c|âMeowiekins|jus watch
|c|âxShiba|n
|
|move|p1a: Broken|Zen Headbutt|p2a: Aromatisse
|-damage|p2a: Aromatisse|0 fnt
|faint|p2a: Aromatisse
|
|c|âMeowiekins|fucking
|c|âMeowiekins|hax
|c| Bob the Wut|rip
|c|âMeowiekins|zzzzzzzzzz
|c| bob the feng|âxShiba: âxShiba: epic comeback is coming
|c|âxShiba|ez
|c|âxShiba|p
|c|âxShiba|z
|c|âxShiba|lemon
|c|âxShiba|squee
|c|âxShiba|z
|
|switch|p2a: DMT|Shedinja|1\/1
|-damage|p2a: DMT|0 fnt|[from] Stealth Rock
|faint|p2a: DMT
|
|win|xShiba
|c|âMeowiekins|so bad
|c|âMeowiekins|zzz
|leave|Meowiekins
|leave|BenzMafia