|join|Meowiekins
|join|Kiull
|join|Gervantula
|join|dfasdfg
|player|p1|Meowiekins|160
|player|p2|Kiull|33
|gametype|singles
|gen|6
|tier|UU
|rated
|rule|Sleep Clause Mod: Limit one foe put to sleep
|rule|Species Clause: Limit one of each PokÃ©mon
|rule|OHKO Clause: OHKO moves are banned
|rule|Moody Clause: Moody is banned
|rule|Evasion Moves Clause: Evasion moves are banned
|rule|Endless Battle Clause: Forcing endless battles is banned
|rule|HP Percentage Mod: HP is shown in percentages
|clearpoke
|poke|p1|Shedinja
|poke|p1|Aggron, F
|poke|p1|Tentacruel, M
|poke|p1|Aromatisse, M
|poke|p1|Xatu, M
|poke|p1|Snorlax, M
|poke|p2|Jirachi, shiny
|poke|p2|Krookodile, F
|poke|p2|Ampharos, F
|poke|p2|Alakazam, F, shiny
|poke|p2|Nidoqueen, F
|poke|p2|Hydreigon, F
|rule|Swagger Clause: Swagger is banned
|rule|Baton Pass Clause: Limit one PokÃ©mon knowing Baton Pass
|teampreview
|
|start
|switch|p1a: Aromatisse|Aromatisse, M|406\/406
|switch|p2a: Jirachi|Jirachi, shiny|341\/341
|turn|1
|
|move|p1a: Aromatisse|Protect|p1a: Aromatisse
|-singleturn|p1a: Aromatisse|Protect
|move|p2a: Jirachi|Trick|p1a: Aromatisse
|-activate|p1a: Aromatisse|Protect
|
|turn|2
|
|switch|p1a: Aggron|Aggron, F|344\/344
|move|p2a: Jirachi|Trick|p1a: Aggron
|-fail|p1a: Aggron
|
|turn|3
|
|switch|p2a: Ampharos|Ampharos, F|373\/373
|detailschange|p1a: Aggron|Aggron-Mega, F
|-mega|p1a: Aggron|Aggron|Aggronite
|move|p1a: Aggron|Stealth Rock|p2a: Ampharos
|-sidestart|p2: Kiull|move: Stealth Rock
|
|turn|4
|
|switch|p1a: Aromatisse|Aromatisse, M|406\/406
|detailschange|p2a: Ampharos|Ampharos-Mega, F
|-mega|p2a: Ampharos|Ampharos|Ampharosite
|-ability|p2a: Ampharos|Mold Breaker
|move|p2a: Ampharos|Focus Blast|p1a: Aromatisse
|-resisted|p1a: Aromatisse
|-damage|p1a: Aromatisse|302\/406
|
|-heal|p1a: Aromatisse|327\/406|[from] item: Leftovers
|turn|5
|
|move|p2a: Ampharos|Volt Switch|p1a: Aromatisse
|-damage|p1a: Aromatisse|134\/406
|
|switch|p2a: Nidoqueen|Nidoqueen, F|330\/330
|-damage|p2a: Nidoqueen|310\/330|[from] Stealth Rock
|move|p1a: Aromatisse|Wish|p1a: Aromatisse
|
|-heal|p1a: Aromatisse|159\/406|[from] item: Leftovers
|turn|6
|c|âKiull|getting my rocks up
|leave|Meowiekins
|join|Meowiekins
|player|p1
|player|p1|Meowiekins|160
|
|move|p1a: Aromatisse|Protect|p1a: Aromatisse
|-singleturn|p1a: Aromatisse|Protect
|move|p2a: Nidoqueen|Stealth Rock|p1a: Aromatisse
|-sidestart|p1: Meowiekins|move: Stealth Rock
|
|-heal|p1a: Aromatisse|362\/406|[from] move: Wish|[wisher] Aromatisse
|-heal|p1a: Aromatisse|387\/406|[from] item: Leftovers
|turn|7
|join|boltsandbombers
|join|Emma Bae â¥
|
|switch|p1a: Snorlax|Snorlax, M|497\/497
|-damage|p1a: Snorlax|435\/497|[from] Stealth Rock
|move|p2a: Nidoqueen|Earth Power|p1a: Snorlax
|-damage|p1a: Snorlax|291\/497
|
|-heal|p1a: Snorlax|322\/497|[from] item: Leftovers
|turn|8
|join|BenzMafia
|c| Emma Bae â¥|Hi mewoy :]
|c|âMeowiekins|hi!
|c| Emma Bae â¥|How're you doing
|leave|boltsandbombers
|c| dfasdfg|sup kiull
|c|âMeowiekins|good how bout yourself
|c| dfasdfg|wat did u do today
|c|âKiull|fuk ur bish
|c| dfasdfg|nice
|
|switch|p2a: Krookodile|Krookodile, F|331\/331
|-damage|p2a: Krookodile|311\/331|[from] Stealth Rock
|-ability|p2a: Krookodile|Intimidate|[of] p1a: Snorlax
|-unboost|p1a: Snorlax|atk|1
|move|p1a: Snorlax|Body Slam|p2a: Krookodile
|-damage|p2a: Krookodile|223\/331
|
|-heal|p1a: Snorlax|353\/497|[from] item: Leftovers
|turn|9
|
|move|p2a: Krookodile|Knock Off|p1a: Snorlax
|-damage|p1a: Snorlax|89\/497
|-enditem|p1a: Snorlax|Leftovers|[from] move: Knock Off|[of] p2a: Krookodile
|move|p1a: Snorlax|Rest|p1a: Snorlax
|-status|p1a: Snorlax|slp
|-heal|p1a: Snorlax|497\/497 slp|[silent]
|-status|p1a: Snorlax|slp|[from] move: Rest
|
|turn|10
|
|switch|p2a: Jirachi|Jirachi, shiny|341\/341
|-damage|p2a: Jirachi|320\/341|[from] Stealth Rock
|switch|p1a: Aggron|Aggron-Mega, F|344\/344
|-damage|p1a: Aggron|323\/344|[from] Stealth Rock
|
|turn|11
|
|move|p2a: Jirachi|U-turn|p1a: Aggron
|-resisted|p1a: Aggron
|-damage|p1a: Aggron|307\/344
|
|switch|p2a: Ampharos|Ampharos-Mega, F|373\/373
|-damage|p2a: Ampharos|327\/373|[from] Stealth Rock
|-ability|p2a: Ampharos|Mold Breaker
|move|p1a: Aggron|Earthquake|p2a: Ampharos
|-supereffective|p2a: Ampharos
|-damage|p2a: Ampharos|119\/373
|
|turn|12
|join|dodmen
|
|switch|p1a: Snorlax|Snorlax, M|497\/497 slp
|-damage|p1a: Snorlax|435\/497 slp|[from] Stealth Rock
|move|p2a: Ampharos|Thunderbolt|p1a: Snorlax
|-damage|p1a: Snorlax|296\/497 slp
|
|turn|13
|
|switch|p1a: Aromatisse|Aromatisse, M|387\/406
|-damage|p1a: Aromatisse|337\/406|[from] Stealth Rock
|move|p2a: Ampharos|Focus Blast|p1a: Aromatisse
|-resisted|p1a: Aromatisse
|-damage|p1a: Aromatisse|237\/406
|
|-heal|p1a: Aromatisse|262\/406|[from] item: Leftovers
|turn|14
|
|move|p1a: Aromatisse|Protect|p1a: Aromatisse
|-singleturn|p1a: Aromatisse|Protect
|move|p2a: Ampharos|Thunderbolt|p1a: Aromatisse
|-activate|p1a: Aromatisse|Protect
|
|-heal|p1a: Aromatisse|287\/406|[from] item: Leftovers
|turn|15
|leave|BenzMafia
|c|+dodmen|gg imo
|
|move|p2a: Ampharos|Thunderbolt|p1a: Aromatisse
|-damage|p1a: Aromatisse|56\/406
|move|p1a: Aromatisse|Wish|p1a: Aromatisse
|
|-heal|p1a: Aromatisse|81\/406|[from] item: Leftovers
|turn|16
|
|move|p1a: Aromatisse|Protect|p1a: Aromatisse
|-singleturn|p1a: Aromatisse|Protect
|move|p2a: Ampharos|Thunderbolt|p1a: Aromatisse
|-activate|p1a: Aromatisse|Protect
|
|-heal|p1a: Aromatisse|284\/406|[from] move: Wish|[wisher] Aromatisse
|-heal|p1a: Aromatisse|309\/406|[from] item: Leftovers
|turn|17
|c|âMeowiekins|i always make teams weak to amph
|c|âMeowiekins|i dont get it
|
|move|p2a: Ampharos|Thunderbolt|p1a: Aromatisse
|-damage|p1a: Aromatisse|86\/406
|move|p1a: Aromatisse|Wish|p1a: Aromatisse
|
|-heal|p1a: Aromatisse|111\/406|[from] item: Leftovers
|turn|18
|
|move|p1a: Aromatisse|Protect|p1a: Aromatisse
|-singleturn|p1a: Aromatisse|Protect
|move|p2a: Ampharos|Thunderbolt|p1a: Aromatisse
|-activate|p1a: Aromatisse|Protect
|
|-heal|p1a: Aromatisse|314\/406|[from] move: Wish|[wisher] Aromatisse
|-heal|p1a: Aromatisse|339\/406|[from] item: Leftovers
|turn|19
|
|move|p2a: Ampharos|Thunderbolt|p1a: Aromatisse
|-damage|p1a: Aromatisse|126\/406
|move|p1a: Aromatisse|Moonblast|p2a: Ampharos
|-supereffective|p2a: Ampharos
|-damage|p2a: Ampharos|0 fnt
|faint|p2a: Ampharos
|
|-heal|p1a: Aromatisse|151\/406|[from] item: Leftovers
|
|switch|p2a: Krookodile|Krookodile, F|223\/331
|-damage|p2a: Krookodile|203\/331|[from] Stealth Rock
|-ability|p2a: Krookodile|Intimidate|[of] p1a: Aromatisse
|-unboost|p1a: Aromatisse|atk|1
|turn|20
|
|move|p1a: Aromatisse|Protect|p1a: Aromatisse
|-singleturn|p1a: Aromatisse|Protect
|move|p2a: Krookodile|Earthquake|p1a: Aromatisse
|-activate|p1a: Aromatisse|Protect
|
|-heal|p1a: Aromatisse|176\/406|[from] item: Leftovers
|turn|21
|
|switch|p1a: Xatu|Xatu, M|333\/333
|-damage|p1a: Xatu|250\/333|[from] Stealth Rock
|move|p2a: Krookodile|Earthquake|p1a: Xatu
|-immune|p1a: Xatu|[msg]
|
|turn|22
|
|move|p2a: Krookodile|Earthquake|p1a: Xatu
|-immune|p1a: Xatu|[msg]
|move|p1a: Xatu|Toxic|p2a: Krookodile
|-status|p2a: Krookodile|tox
|
|-damage|p2a: Krookodile|183\/331 tox|[from] psn
|turn|23
|
|switch|p2a: Nidoqueen|Nidoqueen, F|310\/330
|-damage|p2a: Nidoqueen|290\/330|[from] Stealth Rock
|move|p1a: Xatu|Toxic|p2a: Nidoqueen
|-fail|p2a: Nidoqueen
|
|turn|24
|
|switch|p1a: Tentacruel|Tentacruel, M|364\/364
|-damage|p1a: Tentacruel|319\/364|[from] Stealth Rock
|move|p2a: Nidoqueen|Ice Beam|p1a: Tentacruel
|-resisted|p1a: Tentacruel
|-damage|p1a: Tentacruel|264\/364
|
|-heal|p1a: Tentacruel|286\/364|[from] item: Black Sludge
|turn|25
|
|move|p1a: Tentacruel|Rapid Spin|p2a: Nidoqueen
|-damage|p2a: Nidoqueen|277\/330
|-sideend|p1: Meowiekins|Stealth Rock|[from] move: Rapid Spin|[of] p1a: Tentacruel
|move|p2a: Nidoqueen|Earth Power|p1a: Tentacruel
|-supereffective|p1a: Tentacruel
|-damage|p1a: Tentacruel|0 fnt
|faint|p1a: Tentacruel
|
|
|switch|p1a: DMT|Shedinja|1\/1
|turn|26
|
|switch|p2a: Jirachi|Jirachi, shiny|320\/341
|-damage|p2a: Jirachi|299\/341|[from] Stealth Rock
|move|p1a: DMT|Swords Dance|p1a: DMT
|-boost|p1a: DMT|atk|2
|
|turn|27
|
|switch|p1a: Aggron|Aggron-Mega, F|307\/344
|move|p2a: Jirachi|Fire Punch|p1a: Aggron
|-supereffective|p1a: Aggron
|-damage|p1a: Aggron|255\/344
|-status|p1a: Aggron|brn
|
|-damage|p1a: Aggron|212\/344 brn|[from] brn
|turn|28
|
|switch|p2a: Krookodile|Krookodile, F|183\/331 tox
|-damage|p2a: Krookodile|163\/331 tox|[from] Stealth Rock
|-ability|p2a: Krookodile|Intimidate|[of] p1a: Aggron
|-unboost|p1a: Aggron|atk|1
|move|p1a: Aggron|Earthquake|p2a: Krookodile
|-damage|p2a: Krookodile|118\/331 tox
|
|-damage|p2a: Krookodile|98\/331 tox|[from] psn
|-damage|p1a: Aggron|169\/344 brn|[from] brn
|turn|29
|
|move|p2a: Krookodile|Knock Off|p1a: Aggron
|-damage|p1a: Aggron|87\/344 brn
|move|p1a: Aggron|Heavy Slam|p2a: Krookodile
|-damage|p2a: Krookodile|28\/331 tox
|
|-damage|p2a: Krookodile|0 fnt|[from] psn
|-damage|p1a: Aggron|44\/344 brn|[from] brn
|faint|p2a: Krookodile
|
|switch|p2a: Nidoqueen|Nidoqueen, F|277\/330
|-damage|p2a: Nidoqueen|257\/330|[from] Stealth Rock
|turn|30
|
|switch|p2a: Hydreigon|Hydreigon, F|325\/325
|-damage|p2a: Hydreigon|285\/325|[from] Stealth Rock
|switch|p1a: Xatu|Xatu, M|250\/333
|
|turn|31
|
|switch|p1a: Aggron|Aggron-Mega, F|44\/344 brn
|move|p2a: Hydreigon|Dark Pulse|p1a: Aggron
|-damage|p1a: Aggron|0 fnt
|-damage|p2a: Hydreigon|253\/325|[from] item: Life Orb
|faint|p1a: Aggron
|
|
|switch|p1a: Aromatisse|Aromatisse, M|176\/406
|turn|32
|
|switch|p2a: Jirachi|Jirachi, shiny|299\/341
|-damage|p2a: Jirachi|278\/341|[from] Stealth Rock
|switch|p1a: DMT|Shedinja|1\/1
|
|turn|33
|
|switch|p1a: Xatu|Xatu, M|250\/333
|move|p2a: Jirachi|Trick|p1a: Xatu
|-activate|p2a: Jirachi|move: Trick|[of] p1a: Xatu
|-item|p1a: Xatu|Choice Scarf|[from] move: Trick
|-item|p2a: Jirachi|Rocky Helmet|[from] move: Trick
|
|turn|34
|c|+dodmen|l
|c|+dodmen|o
|c|+dodmen|l
|c|âMeowiekins|im
|c|âMeowiekins|so
|c|âMeowiekins|dumb
|c|âMeowiekins|loll
|
|move|p1a: Xatu|Night Shade|p2a: Jirachi
|-damage|p2a: Jirachi|178\/341
|move|p2a: Jirachi|U-turn|p1a: Xatu
|-damage|p1a: Xatu|190\/333
|
|switch|p2a: Hydreigon|Hydreigon, F|253\/325
|-damage|p2a: Hydreigon|213\/325|[from] Stealth Rock
|
|turn|35
|
|move|p1a: Xatu|Night Shade|p2a: Hydreigon
|-damage|p2a: Hydreigon|113\/325
|move|p2a: Hydreigon|Dark Pulse|p1a: Xatu
|-supereffective|p1a: Xatu
|-damage|p1a: Xatu|0 fnt
|-damage|p2a: Hydreigon|81\/325|[from] item: Life Orb
|faint|p1a: Xatu
|
|
|switch|p1a: DMT|Shedinja|1\/1
|turn|36
|
|move|p2a: Hydreigon|Roost|p2a: Hydreigon
|-heal|p2a: Hydreigon|244\/325
|move|p1a: DMT|Will-O-Wisp|p2a: Hydreigon
|-status|p2a: Hydreigon|brn
|
|-damage|p2a: Hydreigon|204\/325 brn|[from] brn
|turn|37
|
|move|p2a: Hydreigon|Dark Pulse|p1a: DMT
|-supereffective|p1a: DMT
|-enditem|p1a: DMT|Focus Sash
|-damage|p1a: DMT|1\/1
|-damage|p2a: Hydreigon|172\/325 brn|[from] item: Life Orb
|move|p1a: DMT|Will-O-Wisp|p2a: Hydreigon
|-fail|p2a: Hydreigon|brn
|
|-damage|p2a: Hydreigon|132\/325 brn|[from] brn
|turn|38
|join|So Dynamic
|c|âKiull|DMT did it best
|c| So Dynamic|ahh the classic
|
|move|p2a: Hydreigon|Dark Pulse|p1a: DMT
|-supereffective|p1a: DMT
|-damage|p1a: DMT|0 fnt
|-damage|p2a: Hydreigon|100\/325 brn|[from] item: Life Orb
|faint|p1a: DMT
|
|-damage|p2a: Hydreigon|60\/325 brn|[from] brn
|
|switch|p1a: Aromatisse|Aromatisse, M|176\/406
|turn|39
|c| So Dynamic|plz
|
|move|p2a: Hydreigon|Dark Pulse|p1a: Aromatisse
|-resisted|p1a: Aromatisse
|-damage|p1a: Aromatisse|81\/406
|-damage|p2a: Hydreigon|28\/325 brn|[from] item: Life Orb
|move|p1a: Aromatisse|Aromatherapy|p1a: Aromatisse
|-cureteam|p1a: Aromatisse|[from] move: Aromatherapy
|
|-heal|p1a: Aromatisse|106\/406|[from] item: Leftovers
|-damage|p2a: Hydreigon|0 fnt|[from] brn
|faint|p2a: Hydreigon
|c| So Dynamic|ur team is generic af
|
|switch|p2a: Nidoqueen|Nidoqueen, F|257\/330
|-damage|p2a: Nidoqueen|237\/330|[from] Stealth Rock
|turn|40
|
|move|p2a: Nidoqueen|Sludge Wave|p1a: Aromatisse
|-supereffective|p1a: Aromatisse
|-damage|p1a: Aromatisse|0 fnt
|faint|p1a: Aromatisse
|
|c|+dodmen|that's lochie's team from the fucking grand slam LOL
|
|switch|p1a: Snorlax|Snorlax, M|296\/497
|turn|41
|c|âKiull|yes
|
|move|p2a: Nidoqueen|Sludge Wave|p1a: Snorlax
|-damage|p1a: Snorlax|128\/497
|move|p1a: Snorlax|Curse|p1a: Snorlax
|-boost|p1a: Snorlax|atk|1
|-boost|p1a: Snorlax|def|1
|-unboost|p1a: Snorlax|spe|1
|
|turn|42
|join|ZvZ
|leave|ZvZ
|c| Emma Bae â¥|:[
|leave|Emma Bae â¥
|c|âKiull|( Í¡Â° ÍÊ Í¡Â°)
|
|move|p2a: Nidoqueen|Sludge Wave|p1a: Snorlax
|-damage|p1a: Snorlax|0 fnt
|faint|p1a: Snorlax
|
|win|Kiull
|raw|Ladder updating...
|c|âMeowiekins|gg
|raw|Meowiekins's rating: 1480 &rarr; <strong>1455<\/strong><br \/>(-25 for losing)
|raw|Kiull's rating: 1398 &rarr; <strong>1422<\/strong><br \/>(+24 for winning)
|c| dfasdfg|ã½à¼¼àºÙÍàºà¼½ï¾
|c|âKiull|gg
|leave|Meowiekins
|player|p1
|leave|Gervantula
|leave|Kiull
|player|p2
|leave|dfasdfg
|join|dfasdfg
|join|Kiull
|join|Gervantula
|leave|dfasdfg
|leave|dodmen
|leave|So Dynamic