|join|meowiekins
|join|Chilly-Glacier
|player|p1|meowiekins|160
|player|p2|Chilly-Glacier|147
|gametype|singles
|gen|6
|tier|UU
|rule|Sleep Clause Mod: Limit one foe put to sleep
|rule|Species Clause: Limit one of each PokÃ©mon
|rule|OHKO Clause: OHKO moves are banned
|rule|Moody Clause: Moody is banned
|rule|Evasion Moves Clause: Evasion moves are banned
|rule|Endless Battle Clause: Forcing endless battles is banned
|rule|HP Percentage Mod: HP is shown in percentages
|clearpoke
|poke|p1|Crobat, F
|poke|p1|Raikou
|poke|p1|Swampert, F
|poke|p1|Celebi
|poke|p1|Jirachi
|poke|p1|Machamp, M
|poke|p2|Sceptile, F
|poke|p2|Aggron, M
|poke|p2|Florges, F
|poke|p2|Entei, shiny
|poke|p2|Quagsire, F
|poke|p2|Machamp, F
|rule|Swagger Clause: Swagger is banned
|rule|Baton Pass Clause: Limit one PokÃ©mon knowing Baton Pass
|teampreview
|join|LiberalLucario
|
|start
|switch|p1a: Machamp|Machamp, M|322\/322
|switch|p2a: Duh|Quagsire, F|393\/393
|turn|1
|join|poonHunter (DD)
|
|switch|p2a: The Tank|Florges, F|359\/359
|move|p1a: Machamp|Close Combat|p2a: The Tank
|-resisted|p2a: The Tank
|-damage|p2a: The Tank|98\/359
|-unboost|p1a: Machamp|def|1
|-unboost|p1a: Machamp|spd|1
|
|-heal|p2a: The Tank|120\/359|[from] item: Leftovers
|turn|2
|
|move|p1a: Machamp|Close Combat|p2a: The Tank
|-resisted|p2a: The Tank
|-damage|p2a: The Tank|0 fnt
|-unboost|p1a: Machamp|def|1
|-unboost|p1a: Machamp|spd|1
|faint|p2a: The Tank
|
|join|futurefusion
|
|switch|p2a: Purina|Entei, shiny|371\/371
|-ability|p2a: Purina|Pressure
|turn|3
|
|switch|p1a: Swampert|Swampert, F|404\/404
|move|p2a: Purina|Sacred Fire|p1a: Swampert
|-resisted|p1a: Swampert
|-damage|p1a: Swampert|294\/404
|-status|p1a: Swampert|brn
|
|-heal|p1a: Swampert|319\/404 brn|[from] item: Leftovers
|-damage|p1a: Swampert|269\/404 brn|[from] brn
|turn|4
|c|âChilly-Glacier|yessss
|
|switch|p2a: Smaug|Sceptile, F|281\/281
|move|p1a: Swampert|Stealth Rock|p2a: Smaug
|-sidestart|p2: Chilly-Glacier|move: Stealth Rock
|
|-heal|p1a: Swampert|294\/404 brn|[from] item: Leftovers
|-damage|p1a: Swampert|244\/404 brn|[from] brn
|turn|5
|
|switch|p1a: Jirachi|Jirachi|341\/341
|detailschange|p2a: Smaug|Sceptile-Mega, F
|-mega|p2a: Smaug|Sceptile|Sceptilite
|move|p2a: Smaug|Dragon Pulse|p1a: Jirachi
|-resisted|p1a: Jirachi
|-damage|p1a: Jirachi|255\/341
|
|turn|6
|
|switch|p2a: Purina|Entei, shiny|371\/371
|-damage|p2a: Purina|279\/371|[from] Stealth Rock
|-ability|p2a: Purina|Pressure
|move|p1a: Jirachi|U-turn|p2a: Purina
|-resisted|p2a: Purina
|-damage|p2a: Purina|242\/371
|
|switch|p1a: Swampert|Swampert, F|244\/404 brn
|
|-heal|p1a: Swampert|269\/404 brn|[from] item: Leftovers
|-damage|p1a: Swampert|219\/404 brn|[from] brn
|turn|7
|join|MrAldoPls
|
|move|p2a: Purina|Extreme Speed|p1a: Swampert
|-damage|p1a: Swampert|115\/404 brn
|move|p1a: Swampert|Roar|p2a: Purina
|drag|p2a: Duh|Quagsire, F|393\/393
|-damage|p2a: Duh|369\/393|[from] Stealth Rock
|
|-heal|p1a: Swampert|140\/404 brn|[from] item: Leftovers
|-heal|p2a: Duh|393\/393|[from] item: Leftovers
|-damage|p1a: Swampert|90\/404 brn|[from] brn
|turn|8
|
|move|p1a: Swampert|Scald|p2a: Duh
|-immune|p2a: Duh|[msg]
|move|p2a: Duh|Curse|p2a: Duh
|-boost|p2a: Duh|atk|1
|-boost|p2a: Duh|def|1
|-unboost|p2a: Duh|spe|1
|
|-heal|p1a: Swampert|115\/404 brn|[from] item: Leftovers
|-damage|p1a: Swampert|65\/404 brn|[from] brn
|turn|9
|
|move|p2a: Duh|Earthquake|p1a: Swampert
|-damage|p1a: Swampert|0 fnt
|faint|p1a: Swampert
|
|join|A+DoctroReunicluso
|
|switch|p1a: Celebi|Celebi|341\/341
|turn|10
|
|switch|p2a: Wrecker|Aggron, M|343\/343
|-damage|p2a: Wrecker|322\/343|[from] Stealth Rock
|move|p1a: Celebi|Seed Bomb|p2a: Wrecker
|-damage|p2a: Wrecker|250\/343
|
|-heal|p2a: Wrecker|271\/343|[from] item: Leftovers
|turn|11
|
|switch|p1a: Machamp|Machamp, M|322\/322
|move|p2a: Wrecker|Stealth Rock|p1a: Machamp
|-sidestart|p1: meowiekins|move: Stealth Rock
|
|-heal|p2a: Wrecker|292\/343|[from] item: Leftovers
|turn|12
|
|move|p1a: Machamp|Close Combat|p2a: Wrecker
|-supereffective|p2a: Wrecker
|-damage|p2a: Wrecker|0 fnt
|-unboost|p1a: Machamp|def|1
|-unboost|p1a: Machamp|spd|1
|faint|p2a: Wrecker
|
|
|switch|p2a: Purina|Entei, shiny|242\/371
|-damage|p2a: Purina|150\/371|[from] Stealth Rock
|-ability|p2a: Purina|Pressure
|turn|13
|
|move|p2a: Purina|Sacred Fire|p1a: Machamp
|-damage|p1a: Machamp|0 fnt
|faint|p1a: Machamp
|
|
|switch|p1a: Raikou|Raikou|322\/322
|-damage|p1a: Raikou|282\/322|[from] Stealth Rock
|-ability|p1a: Raikou|Pressure
|turn|14
|
|switch|p2a: Duh|Quagsire, F|393\/393
|-damage|p2a: Duh|369\/393|[from] Stealth Rock
|move|p1a: Raikou|Thunderbolt|p2a: Duh
|-immune|p2a: Duh|[msg]
|
|-heal|p1a: Raikou|302\/322|[from] item: Leftovers
|-heal|p2a: Duh|393\/393|[from] item: Leftovers
|turn|15
|
|switch|p1a: Celebi|Celebi|341\/341
|-damage|p1a: Celebi|299\/341|[from] Stealth Rock
|move|p2a: Duh|Body Slam|p1a: Celebi
|-damage|p1a: Celebi|219\/341
|
|-heal|p1a: Celebi|240\/341|[from] item: Leftovers
|turn|16
|
|switch|p2a: Machamp|Machamp, F|342\/342
|-damage|p2a: Machamp|321\/342|[from] Stealth Rock
|move|p1a: Celebi|Zen Headbutt|p2a: Machamp
|-supereffective|p2a: Machamp
|-damage|p2a: Machamp|51\/342
|
|-heal|p1a: Celebi|261\/341|[from] item: Leftovers
|turn|17
|
|move|p2a: Machamp|Bullet Punch|p1a: Celebi
|-damage|p1a: Celebi|209\/341
|-damage|p2a: Machamp|17\/342|[from] item: Life Orb
|move|p1a: Celebi|Seed Bomb|p2a: Machamp
|-damage|p2a: Machamp|0 fnt
|faint|p2a: Machamp
|
|-heal|p1a: Celebi|230\/341|[from] item: Leftovers
|
|switch|p2a: Purina|Entei, shiny|150\/371
|-damage|p2a: Purina|58\/371|[from] Stealth Rock
|-ability|p2a: Purina|Pressure
|turn|18
|join|namehtmas
|
|move|p2a: Purina|Extreme Speed|p1a: Celebi
|-damage|p1a: Celebi|82\/341
|move|p1a: Celebi|Seed Bomb|p2a: Purina
|-resisted|p2a: Purina
|-damage|p2a: Purina|0 fnt
|faint|p2a: Purina
|
|-heal|p1a: Celebi|103\/341|[from] item: Leftovers
|
|switch|p2a: Smaug|Sceptile-Mega, F|281\/281
|-damage|p2a: Smaug|246\/281|[from] Stealth Rock
|turn|19
|join|Colbrushie
|
|switch|p1a: Jirachi|Jirachi|255\/341
|-damage|p1a: Jirachi|234\/341|[from] Stealth Rock
|move|p2a: Smaug|Hidden Power|p1a: Jirachi
|-supereffective|p1a: Jirachi
|-damage|p1a: Jirachi|72\/341
|
|turn|20
|c| Colbrushie|lmoa
|
|move|p1a: Jirachi|U-turn|p2a: Smaug
|-supereffective|p2a: Smaug
|-damage|p2a: Smaug|74\/281
|join|THEiTodd
|
|switch|p1a: Raikou|Raikou|302\/322
|-damage|p1a: Raikou|262\/322|[from] Stealth Rock
|-ability|p1a: Raikou|Pressure
|move|p2a: Smaug|Hidden Power|p1a: Raikou
|-damage|p1a: Raikou|186\/322
|
|-heal|p1a: Raikou|206\/322|[from] item: Leftovers
|turn|21
|
|move|p2a: Smaug|Leaf Storm|p1a: Raikou
|-damage|p1a: Raikou|0 fnt
|-unboost|p2a: Smaug|spa|2
|faint|p1a: Raikou
|
|
|switch|p1a: Jirachi|Jirachi|72\/341
|-damage|p1a: Jirachi|51\/341|[from] Stealth Rock
|turn|22
|
|switch|p2a: Duh|Quagsire, F|393\/393
|-damage|p2a: Duh|369\/393|[from] Stealth Rock
|move|p1a: Jirachi|U-turn|p2a: Duh
|-damage|p2a: Duh|285\/393
|
|switch|p1a: Celebi|Celebi|103\/341
|-damage|p1a: Celebi|61\/341|[from] Stealth Rock
|
|-heal|p1a: Celebi|82\/341|[from] item: Leftovers
|-heal|p2a: Duh|309\/393|[from] item: Leftovers
|turn|23
|
|move|p1a: Celebi|Seed Bomb|p2a: Duh
|-supereffective|p2a: Duh
|-damage|p2a: Duh|0 fnt
|faint|p2a: Duh
|
|-heal|p1a: Celebi|103\/341|[from] item: Leftovers
|
|switch|p2a: Smaug|Sceptile-Mega, F|74\/281
|-damage|p2a: Smaug|39\/281|[from] Stealth Rock
|turn|24
|
|move|p1a: Celebi|Sucker Punch|p2a: Smaug
|-damage|p2a: Smaug|0 fnt
|faint|p2a: Smaug
|
|win|meowiekins
|c|âmeowiekins|gg
|leave|poonHunter (DD)
|c|âChilly-Glacier|gg
|leave|meowiekins
|player|p1
|leave|THEiTodd
|leave|Colbrushie
|leave|namehtmas
|leave|LiberalLucario
|leave|Chilly-Glacier
|player|p2