|join|Meowiekins
|join|Bob the Wut
|player|p1|Meowiekins|160
|player|p2|Bob the Wut|23
|gametype|singles
|gen|6
|tier|UU
|rule|Sleep Clause Mod: Limit one foe put to sleep
|rule|Species Clause: Limit one of each PokÃ©mon
|rule|OHKO Clause: OHKO moves are banned
|rule|Moody Clause: Moody is banned
|rule|Evasion Moves Clause: Evasion moves are banned
|rule|Endless Battle Clause: Forcing endless battles is banned
|rule|HP Percentage Mod: HP is shown in percentages
|clearpoke
|poke|p1|Aerodactyl, M
|poke|p1|Tentacruel, M
|poke|p1|Raikou
|poke|p1|Aromatisse, F
|poke|p1|Mienshao, M
|poke|p1|Snorlax, F
|poke|p2|Medicham, M
|poke|p2|Escavalier, M
|poke|p2|Vaporeon, M
|poke|p2|Krookodile, M
|poke|p2|Forretress, F
|poke|p2|Blissey, F
|rule|Swagger Clause: Swagger is banned
|rule|Baton Pass Clause: Limit one PokÃ©mon knowing Baton Pass
|teampreview
|c|âMeowiekins|okay this is dadsdad's team
|join|Eren Swaeger
|c|âMeowiekins|it gets rekt by mega medi
|c|âMeowiekins|lmao
|c|âBob the Wut|lmoa
|join|SPEBSQSA
|join|Obamascience
|
|start
|switch|p1a: Mienshao|Mienshao, M|271\/271
|switch|p2a: midget knight|Escavalier, M|312\/312
|turn|1
|
|move|p1a: Mienshao|High Jump Kick|p2a: midget knight
|-damage|p2a: midget knight|63\/312
|move|p2a: midget knight|Knock Off|p1a: Mienshao
|-resisted|p1a: Mienshao
|-damage|p1a: Mienshao|123\/271
|-enditem|p1a: Mienshao|Choice Scarf|[from] move: Knock Off|[of] p2a: midget knight
|
|turn|2
|c|âMeowiekins|2ez
|c|âBob the Wut|oh
|c|âMeowiekins|lmao
|join|Not Celsius
|join|aweonaoMoore
|c|âBob the Wut|rekt
|
|switch|p2a: allahu akbar|Forretress, F|354\/354
|move|p1a: Mienshao|High Jump Kick|p2a: allahu akbar
|-damage|p2a: allahu akbar|191\/354
|
|-heal|p2a: allahu akbar|213\/354|[from] item: Leftovers
|turn|3
|c|âMeowiekins|if youre scarf medi
|
|move|p1a: Mienshao|U-turn|p2a: allahu akbar
|-resisted|p2a: allahu akbar
|-damage|p2a: allahu akbar|191\/354
|c|âMeowiekins|and i got rid of my only way
|c|âMeowiekins|to outspeed
|c|âMeowiekins|ill be so mad
|c|âBob the Wut|obv scarf
|c|âBob the Wut|im mega blissey
|
|switch|p1a: Tentacruel|Tentacruel, M|361\/361
|move|p2a: allahu akbar|Volt Switch|p1a: Tentacruel
|-supereffective|p1a: Tentacruel
|-damage|p1a: Tentacruel|297\/361
|c|âMeowiekins|you mean chansey?
|
|switch|p2a: reveal foresight|Medicham, M|261\/261
|
|-heal|p1a: Tentacruel|319\/361|[from] item: Black Sludge
|turn|4
|c|âBob the Wut|obv
|c|âMeowiekins|uhhh
|c|âMeowiekins|what do
|leave|Obamascience
|join|Under Narcotics
|c|âMeowiekins|miss please
|
|detailschange|p2a: reveal foresight|Medicham-Mega, M
|-mega|p2a: reveal foresight|Medicham|Medichamite
|move|p2a: reveal foresight|Zen Headbutt|p1a: Tentacruel
|-supereffective|p1a: Tentacruel
|-damage|p1a: Tentacruel|0 fnt
|faint|p1a: Tentacruel
|
|c|âBob the Wut|ez
|
|switch|p1a: Aerodactyl|Aerodactyl, M|337\/337
|turn|5
|
|switch|p2a: cat mermaid|Vaporeon, M|464\/464
|detailschange|p1a: Aerodactyl|Aerodactyl-Mega, M
|-mega|p1a: Aerodactyl|Aerodactyl|Aerodactylite
|move|p1a: Aerodactyl|Stealth Rock|p2a: cat mermaid
|-sidestart|p2: Bob the Wut|move: Stealth Rock
|
|turn|6
|c|âMeowiekins|it doesnt even have fucking aerial ace
|c|âMeowiekins|dadsdad please
|
|switch|p1a: Raikou|Raikou|325\/325
|-ability|p1a: Raikou|Pressure
|move|p2a: cat mermaid|Wish|p2a: cat mermaid
|
|turn|7
|c|âBob the Wut|nice ruse
|c|âMeowiekins|sure
|
|switch|p2a: andy dufresne|Krookodile, M|331\/331
|-damage|p2a: andy dufresne|311\/331|[from] Stealth Rock
|-ability|p2a: andy dufresne|Intimidate|[of] p1a: Raikou
|-unboost|p1a: Raikou|atk|1
|move|p1a: Raikou|Volt Switch|p2a: andy dufresne
|-immune|p2a: andy dufresne|[msg]
|
|-heal|p2a: andy dufresne|331\/331|[from] move: Wish|[wisher] cat mermaid
|turn|8
|join|LiberalLucario
|
|move|p1a: Raikou|Hidden Power|p2a: andy dufresne
|-supereffective|p2a: andy dufresne
|-damage|p2a: andy dufresne|132\/331
|move|p2a: andy dufresne|Stealth Rock|p1a: Raikou
|-sidestart|p1: Meowiekins|move: Stealth Rock
|
|turn|9
|
|switch|p2a: ur mum|Blissey, F|714\/714
|-damage|p2a: ur mum|625\/714|[from] Stealth Rock
|move|p1a: Raikou|Volt Switch|p2a: ur mum
|-damage|p2a: ur mum|544\/714
|c| LiberalLucario|escavalier n_n
|
|switch|p1a: hehe bwoi|Snorlax, F|503\/503
|-damage|p1a: hehe bwoi|441\/503|[from] Stealth Rock
|
|-heal|p2a: ur mum|588\/714|[from] item: Leftovers
|-heal|p1a: hehe bwoi|472\/503|[from] item: Leftovers
|turn|10
|join|Arised
|c|âBob the Wut|oh
|c|âBob the Wut|what do i have for this
|c|âMeowiekins|im choice banded
|
|switch|p2a: midget knight|Escavalier, M|63\/312
|-damage|p2a: midget knight|24\/312|[from] Stealth Rock
|move|p1a: hehe bwoi|Curse|p1a: hehe bwoi
|-boost|p1a: hehe bwoi|atk|1
|-boost|p1a: hehe bwoi|def|1
|-unboost|p1a: hehe bwoi|spe|1
|
|-heal|p1a: hehe bwoi|503\/503|[from] item: Leftovers
|turn|11
|c|âBob the Wut|i'll be gentle
|join|SmashBrosBrawl
|join|watfor
|c|âMeowiekins|youre av
|
|move|p2a: midget knight|Megahorn|p1a: hehe bwoi
|-damage|p1a: hehe bwoi|91\/503
|move|p1a: hehe bwoi|Body Slam|p2a: midget knight
|-resisted|p2a: midget knight
|-damage|p2a: midget knight|0 fnt
|faint|p2a: midget knight
|
|-heal|p1a: hehe bwoi|122\/503|[from] item: Leftovers
|c|âMeowiekins|see?
|c|+SmashBrosBrawl|shouldve went
|c|+SmashBrosBrawl|for iron flinch
|leave|aweonaoMoore
|
|switch|p2a: reveal foresight|Medicham-Mega, M|261\/261
|-damage|p2a: reveal foresight|245\/261|[from] Stealth Rock
|turn|12
|c| watfor|miss imo
|join|aweonaoMoore
|c| Eren Swaeger|Miss here
|
|move|p2a: reveal foresight|Zen Headbutt|p1a: hehe bwoi
|-damage|p1a: hehe bwoi|0 fnt
|faint|p1a: hehe bwoi
|
|
|switch|p1a: Aerodactyl|Aerodactyl-Mega, M|337\/337
|-damage|p1a: Aerodactyl|253\/337|[from] Stealth Rock
|turn|13
|
|switch|p2a: cat mermaid|Vaporeon, M|464\/464
|-damage|p2a: cat mermaid|406\/464|[from] Stealth Rock
|move|p1a: Aerodactyl|Stone Edge|p2a: cat mermaid
|-crit|p2a: cat mermaid
|-damage|p2a: cat mermaid|90\/464
|
|-heal|p2a: cat mermaid|119\/464|[from] item: Leftovers
|turn|14
|c|+SmashBrosBrawl|lmoa
|c|âBob the Wut|wow rip
|join|BasedAaron
|
|move|p1a: Aerodactyl|Stone Edge|p2a: cat mermaid
|-damage|p2a: cat mermaid|0 fnt
|faint|p2a: cat mermaid
|
|c|+SmashBrosBrawl|he hits 2 in a row
|c|+SmashBrosBrawl|and gets a crt
|c|+SmashBrosBrawl|what a lord
|c|âMeowiekins|n_n
|
|switch|p2a: allahu akbar|Forretress, F|191\/354
|-damage|p2a: allahu akbar|147\/354|[from] Stealth Rock
|turn|15
|c|+SmashBrosBrawl|fire fang
|join|aceofspaces
|
|switch|p1a: Raikou|Raikou|325\/325
|-damage|p1a: Raikou|285\/325|[from] Stealth Rock
|-ability|p1a: Raikou|Pressure
|move|p2a: allahu akbar|Spikes|p1a: Raikou
|-sidestart|p1: Meowiekins|Spikes
|
|-heal|p2a: allahu akbar|169\/354|[from] item: Leftovers
|turn|16
|
|move|p1a: Raikou|Volt Switch|p2a: allahu akbar
|-damage|p2a: allahu akbar|0 fnt
|faint|p2a: allahu akbar
|
|switch|p1a: Aerodactyl|Aerodactyl-Mega, M|253\/337
|-damage|p1a: Aerodactyl|169\/337|[from] Stealth Rock
|
|join|Dracp
|
|switch|p2a: ur mum|Blissey, F|588\/714
|-damage|p2a: ur mum|499\/714|[from] Stealth Rock
|turn|17
|c|âBob the Wut|hold up
|c|âBob the Wut|phone call
|c|+SmashBrosBrawl|,,,
|c| Arised|...
|c|âMeowiekins|lol
|c|+SmashBrosBrawl|are you adamant aero
|c|+SmashBrosBrawl|or jolly
|c|âMeowiekins|idk one sec
|c| watfor|jolly or riot
|c|âMeowiekins|jolly
|c|+SmashBrosBrawl|ew
|c| watfor|k
|c|+SmashBrosBrawl|u lose
|c|+SmashBrosBrawl|to blissey
|c|+SmashBrosBrawl|lmoa
|
|move|p2a: ur mum|Protect|p2a: ur mum
|-singleturn|p2a: ur mum|Protect
|move|p1a: Aerodactyl|Roost|p1a: Aerodactyl
|-heal|p1a: Aerodactyl|337\/337
|
|-heal|p2a: ur mum|543\/714|[from] item: Leftovers
|turn|18
|c|âMeowiekins|ya ik
|c|âMeowiekins|:\/
|c|+SmashBrosBrawl|then run adamant
|
|switch|p1a: Aromatisse|Aromatisse, F|404\/404
|-damage|p1a: Aromatisse|354\/404|[from] Stealth Rock
|-damage|p1a: Aromatisse|304\/404|[from] Spikes
|move|p2a: ur mum|Wish|p2a: ur mum
|
|-heal|p2a: ur mum|587\/714|[from] item: Leftovers
|-heal|p1a: Aromatisse|329\/404|[from] item: Leftovers
|turn|19
|c|âMeowiekins|not my team
|
|move|p2a: ur mum|Seismic Toss|p1a: Aromatisse
|-damage|p1a: Aromatisse|229\/404
|move|p1a: Aromatisse|Moonblast|p2a: ur mum
|-damage|p2a: ur mum|508\/714
|
|-heal|p2a: ur mum|714\/714|[from] move: Wish|[wisher] ur mum
|-heal|p1a: Aromatisse|254\/404|[from] item: Leftovers
|turn|20
|c|âBob the Wut|the fk is your 4th move on aero
|c|+SmashBrosBrawl|not taunt
|
|move|p2a: ur mum|Seismic Toss|p1a: Aromatisse
|-damage|p1a: Aromatisse|154\/404
|move|p1a: Aromatisse|Wish|p1a: Aromatisse
|
|-heal|p1a: Aromatisse|179\/404|[from] item: Leftovers
|turn|21
|c|âBob the Wut|hone claws imo
|
|move|p1a: Aromatisse|Protect|p1a: Aromatisse
|-singleturn|p1a: Aromatisse|Protect
|move|p2a: ur mum|Seismic Toss|p1a: Aromatisse
|-activate|p1a: Aromatisse|Protect
|
|-heal|p1a: Aromatisse|381\/404|[from] move: Wish|[wisher] Aromatisse
|-heal|p1a: Aromatisse|404\/404|[from] item: Leftovers
|turn|22
|
|move|p2a: ur mum|Seismic Toss|p1a: Aromatisse
|-damage|p1a: Aromatisse|304\/404
|move|p1a: Aromatisse|Wish|p1a: Aromatisse
|
|-heal|p1a: Aromatisse|329\/404|[from] item: Leftovers
|turn|23
|c|âBob the Wut|r u wish stalling???
|c| watfor|he is trying to
|c| watfor|pass to shao
|c| watfor|imo
|c|âMeowiekins|can't
|c| watfor|lel
|join|Sovlo
|
|move|p2a: ur mum|Seismic Toss|p1a: Aromatisse
|-damage|p1a: Aromatisse|229\/404
|move|p1a: Aromatisse|Moonblast|p2a: ur mum
|-damage|p2a: ur mum|624\/714
|
|-heal|p1a: Aromatisse|404\/404|[from] move: Wish|[wisher] Aromatisse
|-heal|p2a: ur mum|668\/714|[from] item: Leftovers
|turn|24
|c|+SmashBrosBrawl|bob how do u
|c|+SmashBrosBrawl|beat medicham
|
|move|p2a: ur mum|Protect|p2a: ur mum
|-singleturn|p2a: ur mum|Protect
|move|p1a: Aromatisse|Moonblast|p2a: ur mum
|-activate|p2a: ur mum|Protect
|
|-heal|p2a: ur mum|712\/714|[from] item: Leftovers
|turn|25
|c| Arised|you don't
|c| Arised|forfeit
|c|âBob the Wut|you dont
|c|+SmashBrosBrawl|weak
|
|move|p2a: ur mum|Seismic Toss|p1a: Aromatisse
|-damage|p1a: Aromatisse|304\/404
|move|p1a: Aromatisse|Moonblast|p2a: ur mum
|-damage|p2a: ur mum|628\/714
|-unboost|p2a: ur mum|spa|1
|
|-heal|p2a: ur mum|672\/714|[from] item: Leftovers
|-heal|p1a: Aromatisse|329\/404|[from] item: Leftovers
|turn|26
|join|Obamascience
|
|switch|p1a: Aerodactyl|Aerodactyl-Mega, M|337\/337
|-damage|p1a: Aerodactyl|253\/337|[from] Stealth Rock
|move|p2a: ur mum|Wish|p2a: ur mum
|
|-heal|p2a: ur mum|714\/714|[from] item: Leftovers
|turn|27
|c| Arised|doesn't cro outspeed cham?
|c|+SmashBrosBrawl|yes
|c| Arised|or run shedinja.
|
|switch|p2a: andy dufresne|Krookodile, M|132\/331
|-damage|p2a: andy dufresne|112\/331|[from] Stealth Rock
|-ability|p2a: andy dufresne|Intimidate|[of] p1a: Aerodactyl
|-unboost|p1a: Aerodactyl|atk|1
|move|p1a: Aerodactyl|Aqua Tail|p2a: andy dufresne
|-supereffective|p2a: andy dufresne
|-damage|p2a: andy dufresne|0 fnt
|faint|p2a: andy dufresne
|
|c|âMeowiekins|bop
|c|âMeowiekins|lmao
|
|switch|p2a: reveal foresight|Medicham-Mega, M|245\/261
|-damage|p2a: reveal foresight|229\/261|[from] Stealth Rock
|turn|28
|c|+SmashBrosBrawl|wait
|c|+SmashBrosBrawl|lemme calc
|join|BurstStream
|
|move|p1a: Aerodactyl|Aqua Tail|p2a: reveal foresight
|-damage|p2a: reveal foresight|107\/261
|move|p2a: reveal foresight|Zen Headbutt|p1a: Aerodactyl
|-damage|p1a: Aerodactyl|0 fnt
|faint|p1a: Aerodactyl
|
|c|+SmashBrosBrawl|it can kill
|c|+SmashBrosBrawl|WAIT
|c|+SmashBrosBrawl|WHAT
|join|Chillarmy
|c|+SmashBrosBrawl|NO AERIAL
|c|âMeowiekins|i told you
|c|+SmashBrosBrawl|thats a garb aero
|c| BurstStream|>not runing aero
|c| BurstStream|with Medi
|c| BurstStream|on the tier
|leave|Chillarmy
|c| watfor|he needs the tail for grounds tho
|c|âMeowiekins|âMeowiekins: it doesnt even have fucking aerial ace
|c|âMeowiekins|âMeowiekins: dadsdad please
|join|Ludicolo For OU
|c|âMeowiekins|âMeowiekins: it doesnt even have fucking aerial ace
|c|âMeowiekins|âMeowiekins: dadsdad please
|c|âMeowiekins|âMeowiekins: it doesnt even have fucking aerial ace
|c|âMeowiekins|âMeowiekins: dadsdad please
|c|âMeowiekins|âMeowiekins: it doesnt even have fucking aerial ace
|c|âMeowiekins|âMeowiekins: dadsdad please
|c|âMeowiekins|âMeowiekins: it doesnt even have fucking aerial ace
|c|+SmashBrosBrawl|then wtf
|c|+SmashBrosBrawl|it has
|c|âMeowiekins|rocks
|c|âMeowiekins|roost
|c|âMeowiekins|edge
|c|+SmashBrosBrawl|lmfao
|c|âMeowiekins|tail
|c|+SmashBrosBrawl|r u srs
|c|âMeowiekins|ikr
|
|switch|p1a: Raikou|Raikou|285\/325
|-damage|p1a: Raikou|245\/325|[from] Stealth Rock
|-damage|p1a: Raikou|205\/325|[from] Spikes
|-ability|p1a: Raikou|Pressure
|turn|29
|
|switch|p2a: ur mum|Blissey, F|714\/714
|-damage|p2a: ur mum|625\/714|[from] Stealth Rock
|move|p1a: Raikou|Volt Switch|p2a: ur mum
|-damage|p2a: ur mum|537\/714
|
|switch|p1a: Mienshao|Mienshao, M|123\/271
|-damage|p1a: Mienshao|107\/271|[from] Stealth Rock
|-damage|p1a: Mienshao|74\/271|[from] Spikes
|
|-heal|p2a: ur mum|581\/714|[from] item: Leftovers
|turn|30
|leave|aceofspaces
|leave|Ludicolo For OU
|
|move|p2a: ur mum|Protect|p2a: ur mum
|-singleturn|p2a: ur mum|Protect
|move|p1a: Mienshao|High Jump Kick|p2a: ur mum
|-activate|p2a: ur mum|Protect
|-damage|p1a: Mienshao|0 fnt|[from] highjumpkick
|faint|p1a: Mienshao
|
|-heal|p2a: ur mum|625\/714|[from] item: Leftovers
|c|âMeowiekins|fkkkkk
|c|âBob the Wut|ez
|c|âMeowiekins|gg
|-message|Meowiekins forfeited.
|
|win|Bob the Wut
|leave|Bob the Wut
|c|âMeowiekins|youre counter bliss
|c|âMeowiekins|right?
|leave|SmashBrosBrawl
|player|p2
|leave|watfor
|leave|SPEBSQSA
|leave|Under Narcotics
|leave|Arised
|leave|Meowiekins
|player|p1
|leave|aweonaoMoore