|join|meowiekins
|join|UUST INFAMY
|join|Shit user
|join|kyla-kylls
|c| Shit user|ewrgt
|join|Oldude
|player|p1|meowiekins|160
|player|p2|UUST INFAMY|11
|gametype|singles
|gen|6
|tier|UU
|rule|Sleep Clause Mod: Limit one foe put to sleep
|rule|Species Clause: Limit one of each PokÃ©mon
|rule|OHKO Clause: OHKO moves are banned
|rule|Moody Clause: Moody is banned
|rule|Evasion Moves Clause: Evasion moves are banned
|rule|Endless Battle Clause: Forcing endless battles is banned
|rule|HP Percentage Mod: HP is shown in percentages
|clearpoke
|poke|p1|Serperior, M
|poke|p1|Ampharos, F
|poke|p1|Crobat, M
|poke|p1|Swampert, M
|poke|p1|Jirachi
|poke|p1|Darmanitan, F
|poke|p2|Celebi
|poke|p2|Tentacruel, F
|poke|p2|Hydreigon, F
|poke|p2|Ampharos, M
|poke|p2|Jirachi
|poke|p2|Rotom-Heat
|rule|Swagger Clause: Swagger is banned
|rule|Baton Pass Clause: Limit one PokÃ©mon knowing Baton Pass
|teampreview
|c|âmeowiekins|this lag is nice and juicy
|c|âUUST INFAMY|indeed
|c|âUUST INFAMY|OH THE THREAT SERPERIOR
|c|âUUST INFAMY|!!!
|join|teal6
|join|Tipsy Russian
|join|LessThanThreeMan
|c| Tipsy Russian|where the hell is scarf ape
|c| Tipsy Russian|it woulda bopped meowie
|c|âmeowiekins|uhh
|c|âmeowiekins|hello
|join|Dad's Dad
|c|âmeowiekins|i have 3 answers
|c|âmeowiekins|to scarf ape
|c| Dad's Dad|SCARF APE IS ASS
|c| Shit user|u hav
|join|Futurefusion
|c| Tipsy Russian|i lost my +4 serp
|c| Tipsy Russian|to scarfape
|c| Tipsy Russian|:(
|leave|Oldude
|c| Dad's Dad|mfw
|
|start
|switch|p1a: Darmanitan|Darmanitan, F|351\/351
|switch|p2a: Tentacruel|Tentacruel, F|353\/353
|turn|1
|c| Dad's Dad|gfw cores
|c| Shit user|p
|c| Dad's Dad|mega amph
|c| Shit user|r
|c| Shit user|e
|c| Shit user|di
|c| Dad's Dad|jirachi
|c| Shit user|cted
|c| Dad's Dad|then some shit
|join|Donkii
|
|move|p1a: Darmanitan|Earthquake|p2a: Tentacruel
|-supereffective|p2a: Tentacruel
|-damage|p2a: Tentacruel|0 fnt
|faint|p2a: Tentacruel
|
|c|âmeowiekins|bop
|c| Shit user|scarfed.
|c|âmeowiekins|obv
|c| Shit user|you outsped his tentacruel.
|
|switch|p2a: Rotom-Heat|Rotom-Heat|289\/289
|turn|2
|
|switch|p1a: Swampert|Swampert, M|404\/404
|move|p2a: Rotom-Heat|Will-O-Wisp|p1a: Swampert
|-status|p1a: Swampert|brn
|
|-damage|p1a: Swampert|354\/404 brn|[from] brn
|turn|3
|c| Shit user|e
|c| Shit user|b
|c| Shit user|u
|c| Shit user|c
|
|switch|p2a: Celebi|Celebi|401\/401
|move|p1a: Swampert|Stealth Rock|p2a: Celebi
|-sidestart|p2: UUST INFAMY|move: Stealth Rock
|
|-heal|p1a: Swampert|379\/404 brn|[from] item: Leftovers
|-damage|p1a: Swampert|329\/404 brn|[from] brn
|turn|4
|
|switch|p1a: Ampharos|Ampharos, F|369\/369
|move|p2a: Celebi|Psychic|p1a: Ampharos
|-damage|p1a: Ampharos|257\/369
|
|turn|5
|
|detailschange|p1a: Ampharos|Ampharos-Mega, F
|-mega|p1a: Ampharos|Ampharos|Ampharosite
|-ability|p1a: Ampharos|Mold Breaker
|move|p2a: Celebi|Baton Pass|p2a: Celebi
|c| Shit user|o
|c|âUUST INFAMY|for krow
|
|switch|p2a: Jirachi|Jirachi|401\/401
|-damage|p2a: Jirachi|376\/401|[from] Stealth Rock
|move|p1a: Ampharos|Volt Switch|p2a: Jirachi
|-damage|p2a: Jirachi|237\/401
|
|switch|p1a: Darmanitan|Darmanitan, F|351\/351
|
|-heal|p2a: Jirachi|262\/401|[from] item: Leftovers
|turn|6
|
|switch|p2a: Rotom-Heat|Rotom-Heat|289\/289
|-damage|p2a: Rotom-Heat|217\/289|[from] Stealth Rock
|move|p1a: Darmanitan|Flare Blitz|p2a: Rotom-Heat
|-resisted|p2a: Rotom-Heat
|-damage|p2a: Rotom-Heat|79\/289
|-damage|p1a: Darmanitan|305\/351|[from] recoil|[of] p2a: Rotom-Heat
|
|-heal|p2a: Rotom-Heat|97\/289|[from] item: Leftovers
|turn|7
|c| Dad's Dad|counter
|c|âUUST INFAMY|NOT A SWITCHIN
|c|âUUST INFAMY|;;
|c|âmeowiekins|im scarf
|c|âmeowiekins|jsyk
|c|âmeowiekins|totally not banded
|c|âmeowiekins|or anything
|c|âUUST INFAMY|y obv
|c| Shit user|what is banded
|c| Shit user|lol making up items
|c| Shit user|what a scrub.
|
|move|p1a: Darmanitan|Flare Blitz|p2a: Rotom-Heat
|-resisted|p2a: Rotom-Heat
|-damage|p2a: Rotom-Heat|0 fnt
|-damage|p1a: Darmanitan|273\/351|[from] recoil|[of] p2a: Rotom-Heat
|faint|p2a: Rotom-Heat
|
|c|âmeowiekins|shit user so mean :[
|
|switch|p2a: Hydreigon|Hydreigon, F|325\/325
|-damage|p2a: Hydreigon|285\/325|[from] Stealth Rock
|turn|8
|c| Dad's Dad|do u fucking mean a choice band
|c| Dad's Dad|you dumb fuck
|
|move|p2a: Hydreigon|Dark Pulse|p1a: Darmanitan
|-damage|p1a: Darmanitan|66\/351
|cant|p1a: Darmanitan|flinch
|
|turn|9
|c| Dad's Dad|hehe!
|c| Shit user|e
|c| Shit user|b
|c| Shit user|i
|c|âUUST INFAMY|weak af ;;
|c| Shit user|c
|c| Shit user|sack
|c|âmeowiekins|tfw this wouldve taken like 60%
|c|âUUST INFAMY|lol sorry tho
|
|move|p2a: Hydreigon|Dark Pulse|p1a: Darmanitan
|-damage|p1a: Darmanitan|0 fnt
|faint|p1a: Darmanitan
|
|c| Dad's Dad|autismspeaks.org\/signs
|
|switch|p1a: Jirachi|Jirachi|341\/341
|turn|10
|
|move|p1a: Jirachi|U-turn|p2a: Hydreigon
|-supereffective|p2a: Hydreigon
|-damage|p2a: Hydreigon|133\/325
|
|switch|p1a: Crobat|Crobat, M|361\/361
|move|p2a: Hydreigon|Dark Pulse|p1a: Crobat
|-damage|p1a: Crobat|195\/361
|
|-heal|p1a: Crobat|217\/361|[from] item: Black Sludge
|turn|11
|
|switch|p2a: Ampharos|Ampharos, M|351\/351
|-damage|p2a: Ampharos|308\/351|[from] Stealth Rock
|move|p1a: Crobat|Roost|p1a: Crobat
|-heal|p1a: Crobat|361\/361
|
|turn|12
|
|detailschange|p2a: Ampharos|Ampharos-Mega, M
|-mega|p2a: Ampharos|Ampharos|Ampharosite
|-ability|p2a: Ampharos|Mold Breaker
|move|p1a: Crobat|U-turn|p2a: Ampharos
|-damage|p2a: Ampharos|249\/351
|
|switch|p1a: Swampert|Swampert, M|329\/404 brn
|move|p2a: Ampharos|Thunderbolt|p1a: Swampert
|-immune|p1a: Swampert|[msg]
|
|-heal|p1a: Swampert|354\/404 brn|[from] item: Leftovers
|-damage|p1a: Swampert|304\/404 brn|[from] brn
|turn|13
|
|move|p2a: Ampharos|Hidden Power|p1a: Swampert
|-supereffective|p1a: Swampert
|-damage|p1a: Swampert|0 fnt
|faint|p1a: Swampert
|
|c| Tipsy Russian|the ruse
|c| Tipsy Russian|!@!
|c|âUUST INFAMY|aww yee
|
|switch|p1a: Serperior|Serperior, M|291\/291
|turn|14
|
|move|p1a: Serperior|Substitute|p1a: Serperior
|-start|p1a: Serperior|Substitute
|-damage|p1a: Serperior|219\/291
|move|p2a: Ampharos|Volt Switch|p1a: Serperior
|-resisted|p1a: Serperior
|-end|p1a: Serperior|Substitute
|
|switch|p2a: Hydreigon|Hydreigon, F|133\/325
|-damage|p2a: Hydreigon|93\/325|[from] Stealth Rock
|
|-heal|p1a: Serperior|237\/291|[from] item: Leftovers
|turn|15
|join|GraveBandit
|c|âUUST INFAMY|im specs dw
|c|âUUST INFAMY|im sacking rn
|leave|Tipsy Russian
|c|âUUST INFAMY|i have no answer
|
|move|p2a: Hydreigon|Draco Meteor|p1a: Serperior
|-damage|p1a: Serperior|0 fnt
|-unboost|p2a: Hydreigon|spa|2
|faint|p1a: Serperior
|
|
|switch|p1a: Jirachi|Jirachi|341\/341
|turn|16
|c|âUUST INFAMY|:]]]
|
|switch|p2a: Jirachi|Jirachi|262\/401
|-damage|p2a: Jirachi|237\/401|[from] Stealth Rock
|move|p1a: Jirachi|U-turn|p2a: Jirachi
|-damage|p2a: Jirachi|179\/401
|
|switch|p1a: Ampharos|Ampharos-Mega, F|257\/369
|-ability|p1a: Ampharos|Mold Breaker
|
|-heal|p2a: Jirachi|204\/401|[from] item: Leftovers
|turn|17
|join|Exemption
|leave|Exemption
|
|move|p2a: Jirachi|Wish|p2a: Jirachi
|move|p1a: Ampharos|Volt Switch|p2a: Jirachi
|-damage|p2a: Jirachi|69\/401
|join|Catsarenice
|
|switch|p1a: Crobat|Crobat, M|361\/361
|
|-heal|p2a: Jirachi|94\/401|[from] item: Leftovers
|turn|18
|join|waiv
|join|dingbat
|
|move|p1a: Crobat|U-turn|p2a: Jirachi
|-damage|p2a: Jirachi|43\/401
|c| waiv|MEOWIEEEEEEEEEEE
|c| dingbat|bop
|c| waiv|sux
|c| dingbat|bop
|c| dingbat|bop
|c| dingbat|bop
|c| waiv|GO UUST INFAMY!!!
|
|switch|p1a: Ampharos|Ampharos-Mega, F|257\/369
|-ability|p1a: Ampharos|Mold Breaker
|move|p2a: Jirachi|Stealth Rock|p1a: Ampharos
|-sidestart|p1: meowiekins|move: Stealth Rock
|
|-heal|p2a: Jirachi|243\/401|[from] move: Wish|[wisher] Jirachi
|-heal|p2a: Jirachi|268\/401|[from] item: Leftovers
|turn|19
|c|âUUST INFAMY|TY WAIV
|c| dingbat|meowiekins is a noob
|c|âUUST INFAMY|^
|c| Catsarenice|How does Serperior work in UU?
|join|Bicycle Repair Man
|join|SmashBrosBrawl
|c|âUUST INFAMY|its p threat
|c| waiv|ye meowie sux
|c| dingbat|it sweeps
|c|+SmashBrosBrawl|serperior is a bitch here
|c|âmeowiekins|it doesnt threaten your team at all
|leave|teal6
|leave|Catsarenice
|
|move|p2a: Jirachi|Wish|p2a: Jirachi
|move|p1a: Ampharos|Thunderbolt|p2a: Jirachi
|-damage|p2a: Jirachi|93\/401
|
|-heal|p2a: Jirachi|118\/401|[from] item: Leftovers
|turn|20
|c| dingbat|**it sweeps**
|c| dingbat|**IT SWEEPS**
|c|+SmashBrosBrawl|dingbat
|c|+SmashBrosBrawl|fite me
|c| waiv|does crobat eat it up
|c|+SmashBrosBrawl|ill use heracross blissey krookodile
|c| dingbat|**__IT SWEEPS__**
|c|+SmashBrosBrawl|aggron
|
|move|p2a: Jirachi|Iron Head|p1a: Ampharos
|-resisted|p1a: Ampharos
|-damage|p1a: Ampharos|214\/369
|move|p1a: Ampharos|Thunderbolt|p2a: Jirachi
|-damage|p2a: Jirachi|0 fnt
|faint|p2a: Jirachi
|
|c| dingbat|__**IT SWEEPS**__
|c|âUUST INFAMY|meowie has to use broken shit like serperior to win
|c| dingbat|there we go
|c|âmeowiekins|im not winning tho
|c|âUUST INFAMY|i swear
|c|+SmashBrosBrawl|serperior is kinda dead
|c|âUUST INFAMY|i never get a flinch with rachi ;;
|c|âUUST INFAMY|not even hax
|c|âmeowiekins|unless jirachi pulls like 4 flinches out of its ass then i lose
|c|âmeowiekins|and thats only for amph
|join|Demxer
|
|switch|p2a: Celebi|Celebi|401\/401
|-damage|p2a: Celebi|351\/401|[from] Stealth Rock
|turn|21
|c|âUUST INFAMY|ty based cancel button
|c|âUUST INFAMY|FOR NEVER FUCKING WORKING
|
|move|p2a: Celebi|Psychic|p1a: Ampharos
|-damage|p1a: Ampharos|117\/369
|move|p1a: Ampharos|Volt Switch|p2a: Celebi
|-resisted|p2a: Celebi
|-damage|p2a: Celebi|276\/401
|
|switch|p1a: Crobat|Crobat, M|361\/361
|-damage|p1a: Crobat|271\/361|[from] Stealth Rock
|
|-heal|p1a: Crobat|293\/361|[from] item: Black Sludge
|-heal|p2a: Celebi|301\/401|[from] item: Leftovers
|turn|22
|
|move|p1a: Crobat|Brave Bird|p2a: Celebi
|-supereffective|p2a: Celebi
|-damage|p2a: Celebi|107\/401
|-damage|p1a: Crobat|229\/361|[from] recoil|[of] p2a: Celebi
|move|p2a: Celebi|Psychic|p1a: Crobat
|-supereffective|p1a: Crobat
|-damage|p1a: Crobat|0 fnt
|faint|p1a: Crobat
|
|-heal|p2a: Celebi|132\/401|[from] item: Leftovers
|c|âUUST INFAMY|:]]]
|
|switch|p1a: Jirachi|Jirachi|341\/341
|-damage|p1a: Jirachi|320\/341|[from] Stealth Rock
|turn|23
|join|gobosox
|
|move|p1a: Jirachi|U-turn|p2a: Celebi
|-supereffective|p2a: Celebi
|-damage|p2a: Celebi|0 fnt
|faint|p2a: Celebi
|join|ordo ad chao
|
|switch|p1a: Ampharos|Ampharos-Mega, F|117\/369
|-damage|p1a: Ampharos|71\/369|[from] Stealth Rock
|-ability|p1a: Ampharos|Mold Breaker
|
|c|âUUST INFAMY|gobo
|c|âUUST INFAMY|ghost me
|c|âUUST INFAMY|so i can win tour
|join|uunubnub
|
|switch|p2a: Ampharos|Ampharos-Mega, M|249\/351
|-damage|p2a: Ampharos|206\/351|[from] Stealth Rock
|-ability|p2a: Ampharos|Mold Breaker
|turn|24
|c| Demxer|inb4 max speed timid
|c|âUUST INFAMY|oh shit
|c|âUUST INFAMY|you found me out
|leave|SmashBrosBrawl
|c| gobosox|meowi isn't this guy good
|
|move|p2a: Ampharos|Dragon Pulse|p1a: Ampharos
|-supereffective|p1a: Ampharos
|-damage|p1a: Ampharos|0 fnt
|faint|p1a: Ampharos
|
|c|âmeowiekins|idk
|
|switch|p1a: Jirachi|Jirachi|320\/341
|-damage|p1a: Jirachi|299\/341|[from] Stealth Rock
|turn|25
|c|âmeowiekins|idk who it is
|c| gobosox|neither do i
|c| gobosox|but he beat me
|
|move|p1a: Jirachi|Iron Head|p2a: Ampharos
|-resisted|p2a: Ampharos
|-damage|p2a: Ampharos|148\/351
|move|p2a: Ampharos|Volt Switch|p1a: Jirachi
|-damage|p1a: Jirachi|146\/341
|c|âUUST INFAMY|yeah i am irrelevant nerd
|c| gobosox|but his team is prety anti rain
|c|âmeowiekins|okay so like 2 flinches
|c| gobosox|are you a council member in disguise
|
|switch|p2a: Hydreigon|Hydreigon, F|93\/325
|-damage|p2a: Hydreigon|53\/325|[from] Stealth Rock
|
|turn|26
|c|âUUST INFAMY|y
|
|move|p1a: Jirachi|Iron Head|p2a: Hydreigon
|-damage|p2a: Hydreigon|0 fnt
|faint|p2a: Hydreigon
|
|c| Demxer|why not just double tbolt
|c|âUUST INFAMY|o
|c|âUUST INFAMY|scarfrachi
|
|switch|p2a: Ampharos|Ampharos-Mega, M|148\/351
|-damage|p2a: Ampharos|105\/351|[from] Stealth Rock
|-ability|p2a: Ampharos|Mold Breaker
|turn|27
|c|âUUST INFAMY|well shit
|c|âUUST INFAMY|lol
|
|move|p1a: Jirachi|Iron Head|p2a: Ampharos
|-resisted|p2a: Ampharos
|-damage|p2a: Ampharos|50\/351
|move|p2a: Ampharos|Thunderbolt|p1a: Jirachi
|-damage|p1a: Jirachi|0 fnt
|faint|p1a: Jirachi
|
|win|UUST INFAMY
|c|âmeowiekins|one flinch
|c|âmeowiekins|ornot
|c|âUUST INFAMY|y
|c|âmeowiekins|sick
|c|âUUST INFAMY|gg
|c|âmeowiekins|gg
|c| Demxer|hacker
|leave|ordo ad chao
|leave|UUST INFAMY
|leave|LessThanThreeMan
|player|p2
|leave|Demxer
|leave|GraveBandit
|join|UUST INFAMY
|leave|meowiekins
|player|p1
|leave|uunubnub