|join|CleanerThanRotom-W
|join|miasmata
|player|p1|CleanerThanRotom-W|226
|player|p2|miasmata|101
|gametype|singles
|gen|6
|tier|OU
|rated
|clearpoke
|poke|p1|Sableye, M
|poke|p1|Chansey, F
|poke|p1|Cresselia, F
|poke|p1|Gothitelle, F
|poke|p1|Skarmory, M
|poke|p1|Quagsire, M
|poke|p2|Cloyster, F
|poke|p2|Landorus-Therian, M
|poke|p2|Latios, M
|poke|p2|Azumarill, M
|poke|p2|Scizor, F
|poke|p2|Tyranitar, M
|rule|Swagger Clause: Swagger is banned
|rule|Baton Pass Clause: Limit one PokÃ©mon knowing Baton Pass
|rule|Sleep Clause Mod: Limit one foe put to sleep
|rule|Species Clause: Limit one of each PokÃ©mon
|rule|OHKO Clause: OHKO moves are banned
|rule|Moody Clause: Moody is banned
|rule|Evasion Moves Clause: Evasion moves are banned
|rule|Endless Battle Clause: Forcing endless battles is banned
|rule|HP Percentage Mod: HP is shown in percentages
|teampreview
|
|start
|switch|p1a: Sableye|Sableye, M|303\/303
|switch|p2a: Landorus-Therian|Landorus-Therian, M|319\/319
|-ability|p2a: Landorus-Therian|Intimidate|[of] p1a: Sableye
|-unboost|p1a: Sableye|atk|1
|turn|1
|
|switch|p2a: Latios|Latios, M|364\/364
|detailschange|p1a: Sableye|Sableye-Mega, M
|-mega|p1a: Sableye|Sableye|Sablenite
|move|p1a: Sableye|Will-O-Wisp|p2a: Latios
|-status|p2a: Latios|brn
|
|-damage|p2a: Latios|319\/364 brn|[from] brn
|turn|2
|
|switch|p1a: Chansey|Chansey, F|703\/703
|move|p2a: Latios|Safeguard|p2a: Latios
|-sidestart|p2: miasmata|Safeguard
|
|-damage|p2a: Latios|274\/364 brn|[from] brn
|turn|3
|
|switch|p2a: Cloyster|Cloyster, F|247\/247
|move|p1a: Chansey|Seismic Toss|p2a: Cloyster
|-damage|p2a: Cloyster|147\/247
|
|turn|4
|
|switch|p1a: Quagsire|Quagsire, M|393\/393
|move|p2a: Cloyster|Shell Smash|p2a: Cloyster
|-boost|p2a: Cloyster|atk|2
|-boost|p2a: Cloyster|spa|2
|-boost|p2a: Cloyster|spe|2
|-unboost|p2a: Cloyster|def|1
|-unboost|p2a: Cloyster|spd|1
|
|turn|5
|
|move|p2a: Cloyster|Icicle Spear|p1a: Quagsire
|-damage|p1a: Quagsire|363\/393
|-damage|p1a: Quagsire|333\/393
|-damage|p1a: Quagsire|297\/393
|-crit|p1a: Quagsire
|-damage|p1a: Quagsire|248\/393
|-damage|p1a: Quagsire|214\/393
|-hitcount|p1a: Quagsire|5
|cant|p1a: Quagsire|flinch
|
|-heal|p1a: Quagsire|238\/393|[from] item: Leftovers
|turn|6
|
|move|p2a: Cloyster|Icicle Spear|p1a: Quagsire
|-damage|p1a: Quagsire|208\/393
|-damage|p1a: Quagsire|175\/393
|-damage|p1a: Quagsire|141\/393
|-damage|p1a: Quagsire|110\/393
|-damage|p1a: Quagsire|77\/393
|-hitcount|p1a: Quagsire|5
|cant|p1a: Quagsire|flinch
|
|-heal|p1a: Quagsire|101\/393|[from] item: Leftovers
|-sideend|p2: miasmata|Safeguard
|turn|7
|c|âCleanerThanRotom-W|lmfao
|
|move|p2a: Cloyster|Icicle Spear|p1a: Quagsire
|-damage|p1a: Quagsire|65\/393
|-damage|p1a: Quagsire|34\/393
|-damage|p1a: Quagsire|3\/393
|-damage|p1a: Quagsire|0 fnt
|-hitcount|p1a: Quagsire|4
|faint|p1a: Quagsire
|
|
|switch|p1a: Skarmory|Skarmory, M|334\/334
|turn|8
|join|NagariNewMeta
|join|Bloodz
|join|Braken ToTheStars
|
|move|p2a: Cloyster|Icicle Spear|p1a: Skarmory
|-damage|p1a: Skarmory|288\/334
|-damage|p1a: Skarmory|245\/334
|-damage|p1a: Skarmory|197\/334
|-damage|p1a: Skarmory|154\/334
|-damage|p1a: Skarmory|106\/334
|-hitcount|p1a: Skarmory|5
|move|p1a: Skarmory|Counter|p2a: Cloyster
|-damage|p2a: Cloyster|51\/247
|
|turn|9
|
|switch|p1a: Gothitelle|Gothitelle, F|301\/301
|move|p2a: Cloyster|Icicle Spear|p1a: Gothitelle
|-damage|p1a: Gothitelle|225\/301
|-damage|p1a: Gothitelle|149\/301
|-damage|p1a: Gothitelle|59\/301
|-damage|p1a: Gothitelle|0 fnt
|-hitcount|p1a: Gothitelle|4
|faint|p1a: Gothitelle
|
|c| NagariNewMeta|oh  wow that item
|
|switch|p1a: Chansey|Chansey, F|703\/703
|turn|10
|
|move|p2a: Cloyster|Icicle Spear|p1a: Chansey
|-crit|p1a: Chansey
|-damage|p1a: Chansey|535\/703
|-crit|p1a: Chansey
|-damage|p1a: Chansey|373\/703
|-damage|p1a: Chansey|264\/703
|-damage|p1a: Chansey|156\/703
|-damage|p1a: Chansey|56\/703
|-hitcount|p1a: Chansey|5
|cant|p1a: Chansey|flinch
|
|turn|11
|c|âCleanerThanRotom-W|biggest trash player lmao
|c|âmiasmata|gg man better luck with the stall next time
|c| NagariNewMeta|wow
|c| Bloodz|stall needs skill at least
|c| Bloodz|doesnt rely
|c|âmiasmata|y
|c| Bloodz|on luck
|
|move|p2a: Cloyster|Icicle Spear|p1a: Chansey
|-damage|p1a: Chansey|0 fnt
|-hitcount|p1a: Chansey|1
|faint|p1a: Chansey
|
|c|âmiasmata|the better player lost in this game
|leave|Bloodz
|
|switch|p1a: Cresselia|Cresselia, F|444\/444
|turn|12
|join|JohnxYiu
|
|move|p2a: Cloyster|Icicle Spear|p1a: Cresselia
|-damage|p1a: Cresselia|381\/444
|-damage|p1a: Cresselia|314\/444
|-damage|p1a: Cresselia|256\/444
|-damage|p1a: Cresselia|193\/444
|-damage|p1a: Cresselia|135\/444
|-hitcount|p1a: Cresselia|5
|move|p1a: Cresselia|Psyshock|p2a: Cloyster
|-damage|p2a: Cloyster|0 fnt
|faint|p2a: Cloyster
|
|-heal|p1a: Cresselia|162\/444|[from] item: Leftovers
|
|switch|p2a: Tyranitar|Tyranitar, M|341\/341
|-weather|Sandstorm
|turn|13
|
|detailschange|p2a: Tyranitar|Tyranitar-Mega, M
|-mega|p2a: Tyranitar|Tyranitar|Tyranitarite
|move|p2a: Tyranitar|Crunch|p1a: Cresselia
|-supereffective|p1a: Cresselia
|-damage|p1a: Cresselia|0 fnt
|faint|p1a: Cresselia
|
|-weather|Sandstorm|[upkeep]
|
|switch|p1a: Sableye|Sableye-Mega, M|303\/303
|turn|14
|
|switch|p2a: Landorus-Therian|Landorus-Therian, M|319\/319
|-ability|p2a: Landorus-Therian|Intimidate|[of] p1a: Sableye
|-unboost|p1a: Sableye|atk|1
|move|p1a: Sableye|Will-O-Wisp|p2a: Landorus-Therian|[miss]
|-miss|p1a: Sableye|p2a: Landorus-Therian
|
|-weather|Sandstorm|[upkeep]
|-damage|p1a: Sableye|285\/303|[from] sandstorm
|turn|15
|c|âCleanerThanRotom-W|lmaooooooo
|c| JohnxYiu|this game
|c| NagariNewMeta|:(
|
|move|p2a: Landorus-Therian|Knock Off|p1a: Sableye
|-crit|p1a: Sableye
|-damage|p1a: Sableye|178\/303
|move|p1a: Sableye|Will-O-Wisp|p2a: Landorus-Therian
|-status|p2a: Landorus-Therian|brn
|
|-weather|Sandstorm|[upkeep]
|-damage|p1a: Sableye|160\/303|[from] sandstorm
|-damage|p2a: Landorus-Therian|280\/319 brn|[from] brn
|turn|16
|
|move|p2a: Landorus-Therian|Explosion|p1a: Sableye
|-immune|p1a: Sableye|[msg]
|faint|p2a: Landorus-Therian
|move|p1a: Sableye|Recover|p1a: Sableye
|-heal|p1a: Sableye|303\/303
|
|-weather|Sandstorm|[upkeep]
|-damage|p1a: Sableye|285\/303|[from] sandstorm
|
|switch|p2a: Azumarill|Azumarill, M|364\/364
|turn|17
|
|switch|p1a: Skarmory|Skarmory, M|106\/334
|move|p2a: Azumarill|Belly Drum|p2a: Azumarill
|-damage|p2a: Azumarill|182\/364
|-setboost|p2a: Azumarill|atk|6|[from] move: Belly Drum
|-enditem|p2a: Azumarill|Sitrus Berry|[eat]
|-heal|p2a: Azumarill|273\/364|[from] item: Sitrus Berry
|
|-weather|none
|turn|18
|-message|CleanerThanRotom-W forfeited.
|leave|CleanerThanRotom-W
|
|win|miasmata
|raw|Ladder updating...
|player|p1
|c| NagariNewMeta|free switch?
|raw|CleanerThanRotom-W's rating: 1813 &rarr; <strong>1789<\/strong><br \/>(-24 for losing)
|raw|miasmata's rating: 1755 &rarr; <strong>1778<\/strong><br \/>(+23 for winning)
|leave|JohnxYiu
|leave|miasmata
|player|p2
|leave|NagariNewMeta
|join|Dark380