|join|CleanerThanRotom-W
|join|NagariHO
|player|p1|CleanerThanRotom-W|226
|player|p2|NagariHO|192
|gametype|singles
|gen|6
|tier|OU
|rated
|clearpoke
|poke|p1|Sableye, M
|poke|p1|Chansey, F
|poke|p1|Cresselia, F
|poke|p1|Gothitelle, F
|poke|p1|Skarmory, M
|poke|p1|Quagsire, F
|poke|p2|Serperior, F, shiny
|poke|p2|Rhyperior, M, shiny
|poke|p2|Keldeo-Resolute
|poke|p2|Charizard, M
|poke|p2|Togekiss, M
|poke|p2|Jirachi
|rule|Swagger Clause: Swagger is banned
|rule|Baton Pass Clause: Limit one PokÃ©mon knowing Baton Pass
|rule|Sleep Clause Mod: Limit one foe put to sleep
|rule|Species Clause: Limit one of each PokÃ©mon
|rule|OHKO Clause: OHKO moves are banned
|rule|Moody Clause: Moody is banned
|rule|Evasion Moves Clause: Evasion moves are banned
|rule|Endless Battle Clause: Forcing endless battles is banned
|rule|HP Percentage Mod: HP is shown in percentages
|teampreview
|c|âNagariHO|:(
|c|âNagariHO|gl hf
|
|start
|switch|p1a: Quagsire|Quagsire, F|393\/393
|switch|p2a: Zard X|Charizard, M|315\/315
|turn|1
|c|âCleanerThanRotom-W|gl
|
|detailschange|p2a: Zard X|Charizard-Mega-X, M
|-mega|p2a: Zard X|Charizard|Charizardite X
|move|p2a: Zard X|Flare Blitz|p1a: Quagsire
|-resisted|p1a: Quagsire
|-damage|p1a: Quagsire|273\/393
|-damage|p2a: Zard X|275\/315|[from] recoil|[of] p1a: Quagsire
|move|p1a: Quagsire|Toxic|p2a: Zard X
|-status|p2a: Zard X|tox
|
|-heal|p1a: Quagsire|297\/393|[from] item: Leftovers
|-damage|p2a: Zard X|256\/315 tox|[from] psn
|turn|2
|
|switch|p2a: Superior Serp|Serperior, F, shiny|292\/292
|move|p1a: Quagsire|Recover|p1a: Quagsire
|-heal|p1a: Quagsire|393\/393
|
|turn|3
|
|switch|p1a: Cresselia|Cresselia, F|444\/444
|move|p2a: Superior Serp|Leaf Storm|p1a: Cresselia
|-crit|p1a: Cresselia
|-damage|p1a: Cresselia|299\/444
|-boost|p2a: Superior Serp|spa|2
|
|-heal|p1a: Cresselia|326\/444|[from] item: Leftovers
|turn|4
|join|Master2409
|
|move|p2a: Superior Serp|Substitute|p2a: Superior Serp
|-start|p2a: Superior Serp|Substitute
|-damage|p2a: Superior Serp|219\/292
|move|p1a: Cresselia|Toxic|p2a: Superior Serp
|
|-heal|p1a: Cresselia|353\/444|[from] item: Leftovers
|turn|5
|
|move|p2a: Superior Serp|Leaf Storm|p1a: Cresselia
|-damage|p1a: Cresselia|155\/444
|-boost|p2a: Superior Serp|spa|2
|move|p1a: Cresselia|Skill Swap|p2a: Superior Serp
|-activate|p1a: Cresselia|move: Skill Swap|Contrary|Levitate|[of] p2a: Superior Serp
|
|-heal|p1a: Cresselia|182\/444|[from] item: Leftovers
|turn|6
|c|âNagariHO|wow
|c|âNagariHO|is that for serp?
|
|switch|p1a: Chansey|Chansey, F|703\/703
|move|p2a: Superior Serp|Leaf Storm|p1a: Chansey
|-damage|p1a: Chansey|421\/703
|-unboost|p2a: Superior Serp|spa|2
|
|turn|7
|
|switch|p2a: Keldi|Keldeo-Resolute|323\/323
|move|p1a: Chansey|Soft-Boiled|p1a: Chansey
|-heal|p1a: Chansey|703\/703
|
|turn|8
|
|switch|p1a: Gothitelle|Gothitelle, F|301\/301
|move|p2a: Keldi|Hydro Pump|p1a: Gothitelle
|-damage|p1a: Gothitelle|118\/301
|
|turn|9
|
|move|p2a: Keldi|Hydro Pump|p1a: Gothitelle|[miss]
|-miss|p2a: Keldi|p1a: Gothitelle
|move|p1a: Gothitelle|Psychic|p2a: Keldi
|-supereffective|p2a: Keldi
|-damage|p2a: Keldi|45\/323
|
|turn|10
|
|switch|p1a: Chansey|Chansey, F|703\/703
|move|p2a: Keldi|Hydro Pump|p1a: Chansey
|-damage|p1a: Chansey|574\/703
|
|turn|11
|
|switch|p2a: Rachi|Jirachi|404\/404
|switch|p1a: Sableye|Sableye, M|303\/303
|
|turn|12
|
|detailschange|p1a: Sableye|Sableye-Mega, M
|-mega|p1a: Sableye|Sableye|Sablenite
|move|p1a: Sableye|Will-O-Wisp|p2a: Rachi
|-status|p2a: Rachi|brn
|move|p2a: Rachi|U-turn|p1a: Sableye
|-damage|p1a: Sableye|280\/303
|
|switch|p2a: Superior Serp|Serperior, F, shiny|219\/292
|
|turn|13
|
|move|p2a: Superior Serp|Leaf Storm|p1a: Sableye|[miss]
|-miss|p2a: Superior Serp|p1a: Sableye
|move|p1a: Sableye|Snarl|p2a: Superior Serp
|-damage|p2a: Superior Serp|164\/292
|-boost|p2a: Superior Serp|spa|1
|
|turn|14
|
|move|p2a: Superior Serp|Leaf Storm|p1a: Sableye
|-damage|p1a: Sableye|115\/303
|-boost|p2a: Superior Serp|spa|2
|move|p1a: Sableye|Will-O-Wisp|p2a: Superior Serp
|-status|p2a: Superior Serp|brn
|
|-damage|p2a: Superior Serp|128\/292 brn|[from] brn
|turn|15
|c|âNagariHO|gracias
|c|âNagariHO|serperior is so new meta
|
|switch|p1a: Gothitelle|Gothitelle, F|118\/301
|move|p2a: Superior Serp|Leaf Storm|p1a: Gothitelle
|-damage|p1a: Gothitelle|0 fnt
|-boost|p2a: Superior Serp|spa|2
|faint|p1a: Gothitelle
|
|-damage|p2a: Superior Serp|92\/292 brn|[from] brn
|
|switch|p1a: Chansey|Chansey, F|574\/703
|turn|16
|
|move|p2a: Superior Serp|Leaf Storm|p1a: Chansey
|-damage|p1a: Chansey|226\/703
|-boost|p2a: Superior Serp|spa|2
|move|p1a: Chansey|Seismic Toss|p2a: Superior Serp
|-damage|p2a: Superior Serp|0 fnt
|faint|p2a: Superior Serp
|
|
|switch|p2a: Zard X|Charizard-Mega-X, M|256\/315 tox
|turn|17
|
|switch|p2a: Togekiss|Togekiss, M|374\/374
|switch|p1a: Quagsire|Quagsire, F|393\/393
|
|turn|18
|
|move|p2a: Togekiss|Air Slash|p1a: Quagsire
|-damage|p1a: Quagsire|242\/393
|cant|p1a: Quagsire|flinch
|
|-heal|p1a: Quagsire|266\/393|[from] item: Leftovers
|turn|19
|
|switch|p1a: Skarmory|Skarmory, M|334\/334
|move|p2a: Togekiss|Air Slash|p1a: Skarmory
|-resisted|p1a: Skarmory
|-damage|p1a: Skarmory|259\/334
|
|turn|20
|
|move|p2a: Togekiss|Air Slash|p1a: Skarmory
|-crit|p1a: Skarmory
|-resisted|p1a: Skarmory
|-damage|p1a: Skarmory|149\/334
|cant|p1a: Skarmory|flinch
|
|turn|21
|c|âCleanerThanRotom-W|wow
|c|âNagariHO|sorry
|c|âNagariHO|i hate stall
|join|Tom Bus
|
|move|p2a: Togekiss|Air Slash|p1a: Skarmory
|-resisted|p1a: Skarmory
|-damage|p1a: Skarmory|75\/334
|move|p1a: Skarmory|Roost|p1a: Skarmory
|-heal|p1a: Skarmory|242\/334
|
|turn|22
|
|switch|p1a: Cresselia|Cresselia, F|182\/444
|move|p2a: Togekiss|Air Slash|p1a: Cresselia
|-crit|p1a: Cresselia
|-damage|p1a: Cresselia|79\/444
|
|-heal|p1a: Cresselia|106\/444|[from] item: Leftovers
|turn|23
|c| Tom Bus|ah
|c| Tom Bus|togekiss the stall killer
|c|âNagariHO|yup
|c|âNagariHO|fuck stall
|
|move|p2a: Togekiss|Air Slash|p1a: Cresselia
|-damage|p1a: Cresselia|37\/444
|cant|p1a: Cresselia|flinch
|
|-heal|p1a: Cresselia|64\/444|[from] item: Leftovers
|turn|24
|c|âCleanerThanRotom-W|absolutely disgusting
|
|move|p2a: Togekiss|Air Slash|p1a: Cresselia
|-damage|p1a: Cresselia|0 fnt
|faint|p1a: Cresselia
|
|
|switch|p1a: Chansey|Chansey, F|226\/703
|turn|25
|c| Tom Bus|I believe in you, CTRW :]
|c|âNagariHO|you know what's disgusting?
|c| Tom Bus|Togekiss?
|c|âNagariHO|playing to not lose
|c|âNagariHO|and not to win
|
|move|p2a: Togekiss|Air Slash|p1a: Chansey|[miss]
|-miss|p2a: Togekiss|p1a: Chansey
|move|p1a: Chansey|Soft-Boiled|p1a: Chansey
|-heal|p1a: Chansey|578\/703
|
|turn|26
|c| Tom Bus|ah
|c| Tom Bus|nice trash talk
|
|switch|p2a: Zard X|Charizard-Mega-X, M|256\/315 tox
|move|p1a: Chansey|Stealth Rock|p2a: Zard X
|-sidestart|p2: NagariHO|move: Stealth Rock
|
|-damage|p2a: Zard X|237\/315 tox|[from] psn
|turn|27
|c| Tom Bus|well deserved
|c|âNagariHO|lol
|c|âNagariHO|no offense to my opponent
|c|âNagariHO|i just don't like stall
|c| Tom Bus|-
|c|âCleanerThanRotom-W|and i dont like hax
|
|switch|p2a: Togekiss|Togekiss, M|374\/374
|-damage|p2a: Togekiss|281\/374|[from] Stealth Rock
|move|p1a: Chansey|Soft-Boiled|p1a: Chansey
|-heal|p1a: Chansey|703\/703
|
|-heal|p2a: Togekiss|304\/374|[from] item: Leftovers
|turn|28
|c| Tom Bus|you have keldeo, zard X, serp and togekiss
|c| Tom Bus|you really should LOVE playing stall
|c| Tom Bus|with this team
|c|âNagariHO|lol
|c|âNagariHO|really?
|c|âNagariHO|i thought i was weak to it
|join|Alkov
|
|move|p2a: Togekiss|Air Slash|p1a: Chansey|[miss]
|-miss|p2a: Togekiss|p1a: Chansey
|move|p1a: Chansey|Seismic Toss|p2a: Togekiss
|-damage|p2a: Togekiss|204\/374
|
|-heal|p2a: Togekiss|227\/374|[from] item: Leftovers
|turn|29
|c| Tom Bus|not sure if serious
|
|move|p2a: Togekiss|Air Slash|p1a: Chansey
|-crit|p1a: Chansey
|-damage|p1a: Chansey|598\/703
|cant|p1a: Chansey|flinch
|
|-heal|p2a: Togekiss|250\/374|[from] item: Leftovers
|turn|30
|c|âNagariHO|i am
|c| Tom Bus|,
|
|move|p2a: Togekiss|Thunder Wave|p1a: Chansey
|-status|p1a: Chansey|par
|move|p1a: Chansey|Seismic Toss|p2a: Togekiss
|-damage|p2a: Togekiss|150\/374
|
|-heal|p2a: Togekiss|173\/374|[from] item: Leftovers
|turn|31
|c| Tom Bus|no
|c| Tom Bus|don't do that
|
|move|p2a: Togekiss|Roost|p2a: Togekiss
|-heal|p2a: Togekiss|360\/374
|move|p1a: Chansey|Soft-Boiled|p1a: Chansey
|-heal|p1a: Chansey|703\/703 par
|
|-heal|p2a: Togekiss|374\/374|[from] item: Leftovers
|turn|32
|
|move|p2a: Togekiss|Air Slash|p1a: Chansey
|-damage|p1a: Chansey|637\/703 par
|cant|p1a: Chansey|flinch
|
|turn|33
|
|move|p2a: Togekiss|Air Slash|p1a: Chansey
|-damage|p1a: Chansey|565\/703 par
|cant|p1a: Chansey|flinch
|
|turn|34
|
|move|p2a: Togekiss|Air Slash|p1a: Chansey
|-damage|p1a: Chansey|504\/703 par
|move|p1a: Chansey|Heal Bell|p1a: Chansey
|-cureteam|p1a: Chansey|[from] move: HealBell
|
|turn|35
|
|switch|p2a: Rachi|Jirachi|404\/404 brn
|-damage|p2a: Rachi|379\/404 brn|[from] Stealth Rock
|switch|p1a: Sableye|Sableye-Mega, M|115\/303
|
|-heal|p2a: Rachi|404\/404 brn|[from] item: Leftovers
|-damage|p2a: Rachi|354\/404 brn|[from] brn
|turn|36
|
|move|p2a: Rachi|U-turn|p1a: Sableye
|-damage|p1a: Sableye|92\/303
|c|âNagariHO|y does my rachi always come on him
|
|switch|p2a: Togekiss|Togekiss, M|374\/374
|-damage|p2a: Togekiss|281\/374|[from] Stealth Rock
|move|p1a: Sableye|Recover|p1a: Sableye
|-heal|p1a: Sableye|244\/303
|
|-heal|p2a: Togekiss|304\/374|[from] item: Leftovers
|turn|37
|c| Alkov|lol that unfortunate switch
|c| Alkov|giving this a free recover
|c|âNagariHO|i know
|
|move|p2a: Togekiss|Air Slash|p1a: Sableye
|-damage|p1a: Sableye|180\/303
|move|p1a: Sableye|Will-O-Wisp|p2a: Togekiss
|-status|p2a: Togekiss|brn
|
|-heal|p2a: Togekiss|327\/374 brn|[from] item: Leftovers
|-damage|p2a: Togekiss|281\/374 brn|[from] brn
|turn|38
|
|switch|p1a: Chansey|Chansey, F|504\/703
|move|p2a: Togekiss|Air Slash|p1a: Chansey
|-crit|p1a: Chansey
|-damage|p1a: Chansey|401\/703
|
|-heal|p2a: Togekiss|304\/374 brn|[from] item: Leftovers
|-damage|p2a: Togekiss|258\/374 brn|[from] brn
|turn|39
|c| Tom Bus|yum
|join|Legolax909
|
|move|p2a: Togekiss|Air Slash|p1a: Chansey
|-damage|p1a: Chansey|335\/703
|cant|p1a: Chansey|flinch
|
|-heal|p2a: Togekiss|281\/374 brn|[from] item: Leftovers
|-damage|p2a: Togekiss|235\/374 brn|[from] brn
|turn|40
|c|âNagariHO|i lost this
|c|âNagariHO|since keldeo is choiced lock
|
|move|p2a: Togekiss|Air Slash|p1a: Chansey
|-damage|p1a: Chansey|262\/703
|move|p1a: Chansey|Soft-Boiled|p1a: Chansey
|-heal|p1a: Chansey|614\/703
|
|-heal|p2a: Togekiss|258\/374 brn|[from] item: Leftovers
|-damage|p2a: Togekiss|212\/374 brn|[from] brn
|turn|41
|c|âNagariHO|eh
|-message|NagariHO forfeited.
|
|win|CleanerThanRotom-W
|raw|Ladder updating...
|leave|NagariHO
|player|p2
|raw|CleanerThanRotom-W's rating: 1862 &rarr; <strong>1869<\/strong><br \/>(+7 for winning)
|raw|NagariHO's rating: 1578 &rarr; <strong>1572<\/strong><br \/>(-6 for losing)
|c| Tom Bus|:]
|c|âCleanerThanRotom-W|hax and leave
|c| Tom Bus|ez
|c|âCleanerThanRotom-W|:]
|leave|Tom Bus
|leave|Legolax909
|leave|CleanerThanRotom-W
|player|p1
|join|QueenOfLuvdiscs
|leave|QueenOfLuvdiscs
|leave|Alkov