|join|CleanerThanRotom-W
|join|The Supercomputer
|player|p1|CleanerThanRotom-W|226
|player|p2|The Supercomputer|150
|gametype|singles
|gen|6
|tier|OU
|rated
|clearpoke
|poke|p1|Sableye, M
|poke|p1|Chansey, F
|poke|p1|Cresselia, F
|poke|p1|Gothitelle, M
|poke|p1|Skarmory, F
|poke|p1|Quagsire, M
|poke|p2|Azumarill, M, shiny
|poke|p2|Scizor, M, shiny
|poke|p2|Bisharp, F, shiny
|poke|p2|Gengar, M, shiny
|poke|p2|Landorus, M, shiny
|poke|p2|Azelf, shiny
|rule|Swagger Clause: Swagger is banned
|rule|Baton Pass Clause: Limit one PokÃ©mon knowing Baton Pass
|rule|Sleep Clause Mod: Limit one foe put to sleep
|rule|Species Clause: Limit one of each PokÃ©mon
|rule|OHKO Clause: OHKO moves are banned
|rule|Moody Clause: Moody is banned
|rule|Evasion Moves Clause: Evasion moves are banned
|rule|Endless Battle Clause: Forcing endless battles is banned
|rule|HP Percentage Mod: HP is shown in percentages
|teampreview
|
|start
|switch|p1a: Sableye|Sableye, M|303\/303
|switch|p2a: Azelf|Azelf, shiny|291\/291
|turn|1
|
|detailschange|p1a: Sableye|Sableye-Mega, M
|-mega|p1a: Sableye|Sableye|Sablenite
|move|p2a: Azelf|Fire Blast|p1a: Sableye
|-damage|p1a: Sableye|234\/303
|move|p1a: Sableye|Snarl|p2a: Azelf
|-miss|p1a: Sableye|p2a: Azelf
|
|turn|2
|
|switch|p2a: Bisharp|Bisharp, F, shiny|271\/271
|move|p1a: Sableye|Snarl|p2a: Bisharp
|-resisted|p2a: Bisharp
|-damage|p2a: Bisharp|232\/271
|-unboost|p2a: Bisharp|spa|1
|-boost|p2a: Bisharp|atk|2|[from] ability: Defiant
|
|turn|3
|
|switch|p1a: Quagsire|Quagsire, M|393\/393
|move|p2a: Bisharp|Knock Off|p1a: Quagsire
|-damage|p1a: Quagsire|194\/393
|-enditem|p1a: Quagsire|Leftovers|[from] move: Knock Off|[of] p2a: Bisharp
|-damage|p2a: Bisharp|205\/271|[from] item: Life Orb
|
|turn|4
|
|move|p2a: Bisharp|Iron Head|p1a: Quagsire
|-resisted|p1a: Quagsire
|-damage|p1a: Quagsire|116\/393
|-damage|p2a: Bisharp|178\/271|[from] item: Life Orb
|cant|p1a: Quagsire|flinch
|
|turn|5
|
|move|p2a: Bisharp|Knock Off|p1a: Quagsire
|-damage|p1a: Quagsire|0 fnt
|-damage|p2a: Bisharp|151\/271|[from] item: Life Orb
|faint|p1a: Quagsire
|
|
|switch|p1a: Skarmory|Skarmory, F|334\/334
|turn|6
|
|move|p2a: Bisharp|Swords Dance|p2a: Bisharp
|-boost|p2a: Bisharp|atk|2
|move|p1a: Skarmory|Counter|p2a: Bisharp
|-fail|p2a: Bisharp
|
|turn|7
|
|move|p2a: Bisharp|Knock Off|p1a: Skarmory
|-activate|p1a: Skarmory|Sturdy
|-damage|p1a: Skarmory|1\/334
|-enditem|p1a: Skarmory|Shed Shell|[from] move: Knock Off|[of] p2a: Bisharp
|-damage|p2a: Bisharp|124\/271|[from] item: Life Orb
|move|p1a: Skarmory|Counter|p2a: Bisharp
|-damage|p2a: Bisharp|0 fnt
|faint|p2a: Bisharp
|
|
|switch|p2a: Gengar|Gengar, M, shiny|261\/261
|turn|8
|
|switch|p1a: Chansey|Chansey, F|703\/703
|move|p2a: Gengar|Shadow Ball|p1a: Chansey
|-immune|p1a: Chansey|[msg]
|
|turn|9
|
|switch|p2a: Azelf|Azelf, shiny|291\/291
|switch|p1a: Gothitelle|Gothitelle, M|301\/301
|
|turn|10
|
|switch|p1a: Sableye|Sableye-Mega, M|234\/303
|move|p2a: Azelf|Explosion|p1a: Sableye
|-immune|p1a: Sableye|[msg]
|faint|p2a: Azelf
|
|
|switch|p2a: Landorus|Landorus, M, shiny|319\/319
|turn|11
|
|switch|p1a: Cresselia|Cresselia, F|444\/444
|move|p2a: Landorus|Earth Power|p1a: Cresselia
|-immune|p1a: Cresselia|[msg]
|
|turn|12
|
|switch|p2a: Scizor|Scizor, M, shiny|310\/310
|switch|p1a: Sableye|Sableye-Mega, M|234\/303
|
|turn|13
|
|switch|p2a: Gengar|Gengar, M, shiny|261\/261
|move|p1a: Sableye|Recover|p1a: Sableye
|-heal|p1a: Sableye|303\/303
|
|turn|14
|
|move|p2a: Gengar|Shadow Ball|p1a: Sableye
|-damage|p1a: Sableye|181\/303
|-damage|p2a: Gengar|235\/261|[from] item: Life Orb
|move|p1a: Sableye|Snarl|p2a: Gengar
|-supereffective|p2a: Gengar
|-damage|p2a: Gengar|101\/261
|-unboost|p2a: Gengar|spa|1
|
|turn|15
|
|switch|p2a: Landorus|Landorus, M, shiny|319\/319
|move|p1a: Sableye|Recover|p1a: Sableye
|-heal|p1a: Sableye|303\/303
|
|turn|16
|
|switch|p1a: Cresselia|Cresselia, F|444\/444
|move|p2a: Landorus|Calm Mind|p2a: Landorus
|-boost|p2a: Landorus|spa|1
|-boost|p2a: Landorus|spd|1
|
|turn|17
|
|switch|p2a: Scizor|Scizor, M, shiny|310\/310
|move|p1a: Cresselia|Toxic|p2a: Scizor
|-fail|p2a: Scizor
|
|turn|18
|
|switch|p1a: Sableye|Sableye-Mega, M|303\/303
|switch|p2a: Azumarill|Azumarill, M, shiny|401\/401
|
|turn|19
|
|switch|p1a: Cresselia|Cresselia, F|444\/444
|move|p2a: Azumarill|Play Rough|p1a: Cresselia
|-damage|p1a: Cresselia|287\/444
|
|-heal|p1a: Cresselia|314\/444|[from] item: Leftovers
|turn|20
|
|move|p1a: Cresselia|Moonlight|p1a: Cresselia
|-heal|p1a: Cresselia|444\/444
|move|p2a: Azumarill|Knock Off|p1a: Cresselia
|-supereffective|p1a: Cresselia
|-damage|p1a: Cresselia|210\/444
|-enditem|p1a: Cresselia|Leftovers|[from] move: Knock Off|[of] p2a: Azumarill
|
|turn|21
|
|switch|p2a: Scizor|Scizor, M, shiny|310\/310
|move|p1a: Cresselia|Moonlight|p1a: Cresselia
|-heal|p1a: Cresselia|432\/444
|
|turn|22
|
|switch|p1a: Sableye|Sableye-Mega, M|303\/303
|detailschange|p2a: Scizor|Scizor-Mega, M, shiny
|-mega|p2a: Scizor|Scizor|Scizorite
|move|p2a: Scizor|Swords Dance|p2a: Scizor
|-boost|p2a: Scizor|atk|2
|
|turn|23
|
|move|p2a: Scizor|Bug Bite|p1a: Sableye
|-damage|p1a: Sableye|6\/303
|move|p1a: Sableye|Will-O-Wisp|p2a: Scizor
|-status|p2a: Scizor|brn
|
|-damage|p2a: Scizor|272\/310 brn|[from] brn
|turn|24
|
|switch|p1a: Chansey|Chansey, F|703\/703
|move|p2a: Scizor|Bug Bite|p1a: Chansey
|-damage|p1a: Chansey|465\/703
|
|-damage|p2a: Scizor|234\/310 brn|[from] brn
|turn|25
|
|move|p2a: Scizor|Swords Dance|p2a: Scizor
|-boost|p2a: Scizor|atk|2
|move|p1a: Chansey|Soft-Boiled|p1a: Chansey
|-heal|p1a: Chansey|703\/703
|
|-damage|p2a: Scizor|196\/310 brn|[from] brn
|turn|26
|
|switch|p1a: Sableye|Sableye-Mega, M|6\/303
|move|p2a: Scizor|Superpower|p1a: Sableye
|-immune|p1a: Sableye|[msg]
|
|-damage|p2a: Scizor|158\/310 brn|[from] brn
|turn|27
|
|switch|p1a: Skarmory|Skarmory, F|1\/334
|move|p2a: Scizor|Bug Bite|p1a: Skarmory
|-resisted|p1a: Skarmory
|-damage|p1a: Skarmory|0 fnt
|faint|p1a: Skarmory
|
|-damage|p2a: Scizor|120\/310 brn|[from] brn
|join|Alkov
|
|switch|p1a: Chansey|Chansey, F|703\/703
|turn|28
|
|move|p2a: Scizor|Bug Bite|p1a: Chansey
|-damage|p1a: Chansey|312\/703
|move|p1a: Chansey|Seismic Toss|p2a: Scizor
|-damage|p2a: Scizor|20\/310 brn
|
|-damage|p2a: Scizor|0 fnt|[from] brn
|faint|p2a: Scizor
|
|switch|p2a: Gengar|Gengar, M, shiny|101\/261
|turn|29
|
|switch|p1a: Sableye|Sableye-Mega, M|6\/303
|move|p2a: Gengar|Taunt|p1a: Sableye
|move|p1a: Sableye|Taunt|p2a: Gengar|[from]Magic Bounce
|-start|p2a: Gengar|move: Taunt
|
|turn|30
|
|switch|p1a: Chansey|Chansey, F|312\/703
|move|p2a: Gengar|Sludge Wave|p1a: Chansey
|-damage|p1a: Chansey|166\/703
|-damage|p2a: Gengar|75\/261|[from] item: Life Orb
|
|turn|31
|
|move|p2a: Gengar|Focus Blast|p1a: Chansey
|-supereffective|p1a: Chansey
|-damage|p1a: Chansey|0 fnt
|-damage|p2a: Gengar|49\/261|[from] item: Life Orb
|faint|p1a: Chansey
|
|
|switch|p1a: Gothitelle|Gothitelle, M|301\/301
|turn|32
|
|switch|p2a: Azumarill|Azumarill, M, shiny|401\/401
|move|p1a: Gothitelle|Psychic|p2a: Azumarill
|-damage|p2a: Azumarill|299\/401
|
|turn|33
|
|switch|p1a: Sableye|Sableye-Mega, M|6\/303
|move|p2a: Azumarill|Knock Off|p1a: Sableye
|-damage|p1a: Sableye|0 fnt
|faint|p1a: Sableye
|
|
|switch|p1a: Cresselia|Cresselia, F|432\/444
|turn|34
|
|move|p1a: Cresselia|Toxic|p2a: Azumarill
|-status|p2a: Azumarill|tox
|move|p2a: Azumarill|Play Rough|p1a: Cresselia
|-damage|p1a: Cresselia|287\/444
|
|-damage|p2a: Azumarill|274\/401 tox|[from] psn
|turn|35
|
|switch|p2a: Landorus|Landorus, M, shiny|319\/319
|move|p1a: Cresselia|Moonlight|p1a: Cresselia
|-heal|p1a: Cresselia|444\/444
|
|turn|36
|
|move|p2a: Landorus|Calm Mind|p2a: Landorus
|-boost|p2a: Landorus|spa|1
|-boost|p2a: Landorus|spd|1
|move|p1a: Cresselia|Toxic|p2a: Landorus
|-status|p2a: Landorus|tox
|
|-damage|p2a: Landorus|300\/319 tox|[from] psn
|turn|37
|
|move|p2a: Landorus|Calm Mind|p2a: Landorus
|-boost|p2a: Landorus|spa|1
|-boost|p2a: Landorus|spd|1
|move|p1a: Cresselia|Psyshock|p2a: Landorus
|-damage|p2a: Landorus|219\/319 tox
|
|-damage|p2a: Landorus|181\/319 tox|[from] psn
|turn|38
|
|move|p2a: Landorus|Calm Mind|p2a: Landorus
|-boost|p2a: Landorus|spa|1
|-boost|p2a: Landorus|spd|1
|move|p1a: Cresselia|Moonlight|p1a: Cresselia
|
|-damage|p2a: Landorus|124\/319 tox|[from] psn
|turn|39
|
|move|p2a: Landorus|Sludge Wave|p1a: Cresselia
|-damage|p1a: Cresselia|158\/444
|move|p1a: Cresselia|Moonlight|p1a: Cresselia
|-heal|p1a: Cresselia|380\/444
|
|-damage|p2a: Landorus|48\/319 tox|[from] psn
|turn|40
|
|move|p2a: Landorus|Sludge Wave|p1a: Cresselia
|-damage|p1a: Cresselia|71\/444
|move|p1a: Cresselia|Moonlight|p1a: Cresselia
|-heal|p1a: Cresselia|293\/444
|
|-damage|p2a: Landorus|0 fnt|[from] psn
|faint|p2a: Landorus
|
|switch|p2a: Gengar|Gengar, M, shiny|49\/261
|turn|41
|
|move|p2a: Gengar|Shadow Ball|p1a: Cresselia
|-supereffective|p1a: Cresselia
|-damage|p1a: Cresselia|75\/444
|-damage|p2a: Gengar|23\/261|[from] item: Life Orb
|move|p1a: Cresselia|Moonlight|p1a: Cresselia
|-heal|p1a: Cresselia|297\/444
|
|turn|42
|
|switch|p1a: Gothitelle|Gothitelle, M|301\/301
|move|p2a: Gengar|Shadow Ball|p1a: Gothitelle
|-supereffective|p1a: Gothitelle
|-damage|p1a: Gothitelle|0 fnt
|-damage|p2a: Gengar|0 fnt|[from] item: Life Orb
|faint|p1a: Gothitelle
|faint|p2a: Gengar
|
|
|switch|p1a: Cresselia|Cresselia, F|297\/444
|switch|p2a: Azumarill|Azumarill, M, shiny|274\/401 tox
|turn|43
|
|move|p1a: Cresselia|Skill Swap|p2a: Azumarill
|-activate|p1a: Cresselia|move: Skill Swap|Huge Power|Levitate|[of] p2a: Azumarill
|move|p2a: Azumarill|Play Rough|p1a: Cresselia
|-damage|p1a: Cresselia|219\/444
|-unboost|p1a: Cresselia|atk|1
|
|-damage|p2a: Azumarill|249\/401 tox|[from] psn
|turn|44
|join|I Iike Squirtles
|-message|The Supercomputer forfeited.
|
|win|CleanerThanRotom-W
|raw|Ladder updating...
|leave|The Supercomputer
|player|p2
|raw|CleanerThanRotom-W's rating: 1869 &rarr; <strong>1877<\/strong><br \/>(+8 for winning)
|raw|The Supercomputer's rating: 1635 &rarr; <strong>1627<\/strong><br \/>(-8 for losing)