|join|Fairy Peak
|join|CleanerThanRotom-W
|player|p1|Fairy Peak|97
|player|p2|CleanerThanRotom-W|226
|gametype|singles
|gen|6
|tier|OU
|rated
|clearpoke
|poke|p1|Breloom, M
|poke|p1|Landorus, M
|poke|p1|Metagross
|poke|p1|Rotom-Wash
|poke|p1|Starmie
|poke|p1|Dragonite, M
|poke|p2|Sableye, M
|poke|p2|Chansey, F
|poke|p2|Cresselia, F
|poke|p2|Gothitelle, F
|poke|p2|Skarmory, M
|poke|p2|Quagsire, M
|rule|Swagger Clause: Swagger is banned
|rule|Baton Pass Clause: Limit one PokÃ©mon knowing Baton Pass
|rule|Sleep Clause Mod: Limit one foe put to sleep
|rule|Species Clause: Limit one of each PokÃ©mon
|rule|OHKO Clause: OHKO moves are banned
|rule|Moody Clause: Moody is banned
|rule|Evasion Moves Clause: Evasion moves are banned
|rule|Endless Battle Clause: Forcing endless battles is banned
|rule|HP Percentage Mod: HP is shown in percentages
|teampreview
|c|âFairy Peak|.-.
|c|âFairy Peak|Why me
|
|start
|switch|p1a: Rotopkek|Rotom-Wash|304\/304
|switch|p2a: Sableye|Sableye, M|303\/303
|turn|1
|
|detailschange|p2a: Sableye|Sableye-Mega, M
|-mega|p2a: Sableye|Sableye|Sablenite
|move|p2a: Sableye|Will-O-Wisp|p1a: Rotopkek
|-status|p1a: Rotopkek|brn
|move|p1a: Rotopkek|Volt Switch|p2a: Sableye
|-damage|p2a: Sableye|246\/303
|
|switch|p1a: DREKTnite|Dragonite, M|386\/386
|
|turn|2
|
|switch|p1a: Rotopkek|Rotom-Wash|304\/304 brn
|switch|p2a: Quagsire|Quagsire, M|393\/393
|
|-damage|p1a: Rotopkek|266\/304 brn|[from] brn
|turn|3
|
|switch|p2a: Chansey|Chansey, F|703\/703
|move|p1a: Rotopkek|Volt Switch|p2a: Chansey
|-damage|p2a: Chansey|645\/703
|
|switch|p1a: DREKTnite|Dragonite, M|386\/386
|
|turn|4
|
|switch|p2a: Skarmory|Skarmory, M|334\/334
|move|p1a: DREKTnite|Outrage|p2a: Skarmory
|-resisted|p2a: Skarmory
|-damage|p2a: Skarmory|241\/334
|
|turn|5
|
|move|p1a: DREKTnite|Outrage|p2a: Skarmory
|-resisted|p2a: Skarmory
|-damage|p2a: Skarmory|134\/334
|move|p2a: Skarmory|Counter|p1a: DREKTnite
|-damage|p1a: DREKTnite|172\/386
|
|turn|6
|
|move|p1a: DREKTnite|Outrage|p2a: Skarmory
|-resisted|p2a: Skarmory
|-damage|p2a: Skarmory|37\/334
|move|p2a: Skarmory|Roost|p2a: Skarmory
|-heal|p2a: Skarmory|204\/334
|
|-end|p1a: DREKTnite|rampage
|-start|p1a: DREKTnite|confusion
|turn|7
|
|switch|p1a: LandoREKT|Landorus, M|319\/319
|move|p2a: Skarmory|Roost|p2a: Skarmory
|-heal|p2a: Skarmory|334\/334
|
|turn|8
|
|switch|p2a: Cresselia|Cresselia, F|444\/444
|move|p1a: LandoREKT|Earth Power|p2a: Cresselia
|-immune|p2a: Cresselia|[msg]
|
|turn|9
|
|switch|p2a: Sableye|Sableye-Mega, M|246\/303
|move|p1a: LandoREKT|Stealth Rock|p2a: Sableye
|move|p2a: Sableye|Stealth Rock|p1a: LandoREKT|[from]Magic Bounce
|-sidestart|p1: Fairy Peak|move: Stealth Rock
|
|turn|10
|
|move|p1a: LandoREKT|Stealth Rock|p2a: Sableye
|move|p2a: Sableye|Stealth Rock|p1a: LandoREKT|[from]Magic Bounce
|-fail|p1a: LandoREKT
|move|p2a: Sableye|Recover|p2a: Sableye
|-heal|p2a: Sableye|303\/303
|
|turn|11
|
|move|p1a: LandoREKT|Earth Power|p2a: Sableye
|-damage|p2a: Sableye|126\/303
|move|p2a: Sableye|Snarl|p1a: LandoREKT
|-damage|p1a: LandoREKT|246\/319
|-unboost|p1a: LandoREKT|spa|1
|
|turn|12
|
|switch|p1a: TopkekLoom|Breloom, M|261\/261
|-damage|p1a: TopkekLoom|245\/261|[from] Stealth Rock
|move|p2a: Sableye|Recover|p2a: Sableye
|-heal|p2a: Sableye|278\/303
|
|turn|13
|
|move|p1a: TopkekLoom|Bullet Seed|p2a: Sableye
|-damage|p2a: Sableye|208\/303
|-damage|p2a: Sableye|129\/303
|-damage|p2a: Sableye|58\/303
|-hitcount|p2a: Sableye|3
|-damage|p1a: TopkekLoom|219\/261|[from] item: Life Orb
|move|p2a: Sableye|Will-O-Wisp|p1a: TopkekLoom
|-status|p1a: TopkekLoom|brn
|
|-damage|p1a: TopkekLoom|187\/261 brn|[from] brn
|turn|14
|
|switch|p2a: Skarmory|Skarmory, M|334\/334
|move|p1a: TopkekLoom|Bullet Seed|p2a: Skarmory
|-resisted|p2a: Skarmory
|-damage|p2a: Skarmory|329\/334
|-resisted|p2a: Skarmory
|-damage|p2a: Skarmory|324\/334
|-hitcount|p2a: Skarmory|2
|-damage|p1a: TopkekLoom|161\/261 brn|[from] item: Life Orb
|
|-damage|p1a: TopkekLoom|129\/261 brn|[from] brn
|turn|15
|
|switch|p2a: Sableye|Sableye-Mega, M|58\/303
|move|p1a: TopkekLoom|Spore|p2a: Sableye
|move|p2a: Sableye|Spore|p1a: TopkekLoom|[from]Magic Bounce
|-fail|p1a: TopkekLoom
|
|-damage|p1a: TopkekLoom|97\/261 brn|[from] brn
|turn|16
|
|switch|p2a: Chansey|Chansey, F|645\/703
|move|p1a: TopkekLoom|Bullet Seed|p2a: Chansey
|-damage|p2a: Chansey|585\/703
|-damage|p2a: Chansey|523\/703
|-crit|p2a: Chansey
|-damage|p2a: Chansey|440\/703
|-damage|p2a: Chansey|380\/703
|-hitcount|p2a: Chansey|4
|-damage|p1a: TopkekLoom|71\/261 brn|[from] item: Life Orb
|
|-damage|p1a: TopkekLoom|39\/261 brn|[from] brn
|turn|17
|
|move|p1a: TopkekLoom|Swords Dance|p1a: TopkekLoom
|-boost|p1a: TopkekLoom|atk|2
|move|p2a: Chansey|Soft-Boiled|p2a: Chansey
|-heal|p2a: Chansey|703\/703
|
|-damage|p1a: TopkekLoom|7\/261 brn|[from] brn
|turn|18
|join|nathaaan
|
|move|p1a: TopkekLoom|Mach Punch|p2a: Chansey
|-supereffective|p2a: Chansey
|-damage|p2a: Chansey|342\/703
|-damage|p1a: TopkekLoom|0 fnt|[from] item: Life Orb
|faint|p1a: TopkekLoom
|move|p2a: Chansey|Soft-Boiled|p2a: Chansey
|-heal|p2a: Chansey|694\/703
|
|
|switch|p1a: StaREKT|Starmie|323\/323
|-damage|p1a: StaREKT|283\/323|[from] Stealth Rock
|turn|19
|
|move|p1a: StaREKT|Scald|p2a: Chansey
|-damage|p2a: Chansey|636\/703
|-status|p2a: Chansey|brn
|move|p2a: Chansey|Seismic Toss|p1a: StaREKT
|-damage|p1a: StaREKT|183\/323
|
|-heal|p1a: StaREKT|203\/323|[from] item: Leftovers
|-damage|p2a: Chansey|549\/703 brn|[from] brn
|turn|20
|
|switch|p2a: Sableye|Sableye-Mega, M|58\/303
|move|p1a: StaREKT|Scald|p2a: Sableye
|-damage|p2a: Sableye|0 fnt
|faint|p2a: Sableye
|
|-heal|p1a: StaREKT|223\/323|[from] item: Leftovers
|
|switch|p2a: Gothitelle|Gothitelle, F|301\/301
|turn|21
|
|move|p1a: StaREKT|Rapid Spin|p2a: Gothitelle
|-damage|p2a: Gothitelle|289\/301
|-sideend|p1: Fairy Peak|Stealth Rock|[from] move: Rapid Spin|[of] p1a: StaREKT
|move|p2a: Gothitelle|Trick|p1a: StaREKT
|-activate|p2a: Gothitelle|move: Trick|[of] p1a: StaREKT
|-item|p1a: StaREKT|Choice Scarf|[from] move: Trick
|-item|p2a: Gothitelle|Leftovers|[from] move: Trick
|
|-heal|p2a: Gothitelle|301\/301|[from] item: Leftovers
|turn|22
|
|move|p1a: StaREKT|Scald|p2a: Gothitelle
|-damage|p2a: Gothitelle|207\/301
|move|p2a: Gothitelle|Psychic|p1a: StaREKT
|-resisted|p1a: StaREKT
|-damage|p1a: StaREKT|155\/323
|
|-heal|p2a: Gothitelle|225\/301|[from] item: Leftovers
|turn|23
|
|move|p1a: StaREKT|Scald|p2a: Gothitelle
|-damage|p2a: Gothitelle|135\/301
|-status|p2a: Gothitelle|brn
|move|p2a: Gothitelle|Calm Mind|p2a: Gothitelle
|-boost|p2a: Gothitelle|spa|1
|-boost|p2a: Gothitelle|spd|1
|
|-heal|p2a: Gothitelle|153\/301 brn|[from] item: Leftovers
|-damage|p2a: Gothitelle|116\/301 brn|[from] brn
|turn|24
|join|Skyrio
|c| nathaaan|Fairy Peak tu connait cleanerthanrotomw ?
|c|âFairy Peak|Oui
|
|move|p1a: StaREKT|Scald|p2a: Gothitelle
|-damage|p2a: Gothitelle|53\/301 brn
|move|p2a: Gothitelle|Rest|p2a: Gothitelle
|-status|p2a: Gothitelle|slp
|-heal|p2a: Gothitelle|301\/301 slp|[silent]
|-status|p2a: Gothitelle|slp|[from] move: Rest
|
|turn|25
|c| Skyrio|rirer
|join|Fliegende Nudel
|c|âFairy Peak|C'est un putain de no skill
|c| Skyrio|c'est la stall a exi la
|c|âCleanerThanRotom-W|ok fairy peak
|c|âFairy Peak|Pls
|c|âFairy Peak|I know you play good
|
|move|p1a: StaREKT|Scald|p2a: Gothitelle
|-damage|p2a: Gothitelle|241\/301 slp
|cant|p2a: Gothitelle|slp
|
|-heal|p2a: Gothitelle|259\/301 slp|[from] item: Leftovers
|turn|26
|c|âFairy Peak|But that team
|c|âFairy Peak|Pls
|
|move|p1a: StaREKT|Scald|p2a: Gothitelle
|-damage|p2a: Gothitelle|202\/301 slp
|cant|p2a: Gothitelle|slp
|
|-heal|p2a: Gothitelle|220\/301 slp|[from] item: Leftovers
|turn|27
|c|âFairy Peak|Why play that ?
|c|âFairy Peak|Pokemon is cool
|c|âCleanerThanRotom-W|because i like it
|
|move|p1a: StaREKT|Scald|p2a: Gothitelle
|-damage|p2a: Gothitelle|166\/301 slp
|-curestatus|p2a: Gothitelle|slp
|move|p2a: Gothitelle|Calm Mind|p2a: Gothitelle
|-boost|p2a: Gothitelle|spa|1
|-boost|p2a: Gothitelle|spd|1
|
|-heal|p2a: Gothitelle|184\/301|[from] item: Leftovers
|turn|28
|c|âFairy Peak|Is not fun
|c|âFairy Peak|;_;
|
|move|p1a: StaREKT|Scald|p2a: Gothitelle
|-damage|p2a: Gothitelle|139\/301
|move|p2a: Gothitelle|Calm Mind|p2a: Gothitelle
|-boost|p2a: Gothitelle|spa|1
|-boost|p2a: Gothitelle|spd|1
|
|-heal|p2a: Gothitelle|157\/301|[from] item: Leftovers
|turn|29
|c|âCleanerThanRotom-W|for me it is
|
|move|p1a: StaREKT|Scald|p2a: Gothitelle
|-damage|p2a: Gothitelle|121\/301
|move|p2a: Gothitelle|Rest|p2a: Gothitelle
|-status|p2a: Gothitelle|slp
|-heal|p2a: Gothitelle|301\/301 slp|[silent]
|-status|p2a: Gothitelle|slp|[from] move: Rest
|
|turn|30
|c|âFairy Peak|:\/
|
|move|p1a: StaREKT|Scald|p2a: Gothitelle
|-damage|p2a: Gothitelle|264\/301 slp
|cant|p2a: Gothitelle|slp
|
|-heal|p2a: Gothitelle|282\/301 slp|[from] item: Leftovers
|turn|31
|
|move|p1a: StaREKT|Scald|p2a: Gothitelle
|-crit|p2a: Gothitelle
|-damage|p2a: Gothitelle|143\/301 slp
|cant|p2a: Gothitelle|slp
|
|-heal|p2a: Gothitelle|161\/301 slp|[from] item: Leftovers
|turn|32
|c| Fliegende Nudel|thats like 6x dunsparce vs 6x skarmory
|
|move|p1a: StaREKT|Scald|p2a: Gothitelle
|-damage|p2a: Gothitelle|128\/301 slp
|-curestatus|p2a: Gothitelle|slp
|move|p2a: Gothitelle|Rest|p2a: Gothitelle
|-status|p2a: Gothitelle|slp
|-heal|p2a: Gothitelle|301\/301 slp|[silent]
|-status|p2a: Gothitelle|slp|[from] move: Rest
|
|turn|33
|c|âFairy Peak|Hmm
|
|move|p1a: StaREKT|Scald|p2a: Gothitelle
|-damage|p2a: Gothitelle|265\/301 slp
|cant|p2a: Gothitelle|slp
|
|-heal|p2a: Gothitelle|283\/301 slp|[from] item: Leftovers
|turn|34
|
|move|p1a: StaREKT|Scald|p2a: Gothitelle
|-damage|p2a: Gothitelle|247\/301 slp
|cant|p2a: Gothitelle|slp
|
|-heal|p2a: Gothitelle|265\/301 slp|[from] item: Leftovers
|turn|35
|c|âFairy Peak|I'm nervous today
|
|move|p1a: StaREKT|Scald|p2a: Gothitelle
|-damage|p2a: Gothitelle|232\/301 slp
|-curestatus|p2a: Gothitelle|slp
|move|p2a: Gothitelle|Calm Mind|p2a: Gothitelle
|-boost|p2a: Gothitelle|spa|1
|-boost|p2a: Gothitelle|spd|1
|
|-heal|p2a: Gothitelle|250\/301|[from] item: Leftovers
|turn|36
|c|âFairy Peak|Sorry for bad language
|c| Fliegende Nudel|crit would be interesting
|c|âCleanerThanRotom-W|its ok
|
|move|p1a: StaREKT|Scald|p2a: Gothitelle
|-damage|p2a: Gothitelle|222\/301
|-status|p2a: Gothitelle|brn
|move|p2a: Gothitelle|Calm Mind|p2a: Gothitelle
|-boost|p2a: Gothitelle|spa|1
|-boost|p2a: Gothitelle|spd|1
|
|-heal|p2a: Gothitelle|240\/301 brn|[from] item: Leftovers
|-damage|p2a: Gothitelle|203\/301 brn|[from] brn
|turn|37
|
|move|p1a: StaREKT|Scald|p2a: Gothitelle
|-damage|p2a: Gothitelle|176\/301 brn
|move|p2a: Gothitelle|Rest|p2a: Gothitelle
|-status|p2a: Gothitelle|slp
|-heal|p2a: Gothitelle|301\/301 slp|[silent]
|-status|p2a: Gothitelle|slp|[from] move: Rest
|
|turn|38
|
|move|p1a: StaREKT|Scald|p2a: Gothitelle
|-damage|p2a: Gothitelle|277\/301 slp
|cant|p2a: Gothitelle|slp
|
|-heal|p2a: Gothitelle|295\/301 slp|[from] item: Leftovers
|turn|39
|
|move|p1a: StaREKT|Scald|p2a: Gothitelle
|-damage|p2a: Gothitelle|271\/301 slp
|cant|p2a: Gothitelle|slp
|
|-heal|p2a: Gothitelle|289\/301 slp|[from] item: Leftovers
|turn|40
|
|move|p1a: StaREKT|Scald|p2a: Gothitelle
|-damage|p2a: Gothitelle|264\/301 slp
|-curestatus|p2a: Gothitelle|slp
|move|p2a: Gothitelle|Calm Mind|p2a: Gothitelle
|-boost|p2a: Gothitelle|spa|1
|-boost|p2a: Gothitelle|spd|1
|
|-heal|p2a: Gothitelle|282\/301|[from] item: Leftovers
|turn|41
|
|move|p1a: StaREKT|Scald|p2a: Gothitelle
|-damage|p2a: Gothitelle|260\/301
|-status|p2a: Gothitelle|brn
|move|p2a: Gothitelle|Trick|p1a: StaREKT
|-activate|p2a: Gothitelle|move: Trick|[of] p1a: StaREKT
|-item|p1a: StaREKT|Leftovers|[from] move: Trick
|-item|p2a: Gothitelle|Choice Scarf|[from] move: Trick
|
|-heal|p1a: StaREKT|175\/323|[from] item: Leftovers
|-damage|p2a: Gothitelle|223\/301 brn|[from] brn
|turn|42
|
|move|p1a: StaREKT|Scald|p2a: Gothitelle
|-damage|p2a: Gothitelle|199\/301 brn
|move|p2a: Gothitelle|Psychic|p1a: StaREKT
|-resisted|p1a: StaREKT
|-damage|p1a: StaREKT|0 fnt
|faint|p1a: StaREKT
|
|-damage|p2a: Gothitelle|162\/301 brn|[from] brn
|
|switch|p1a: DREKTnite|Dragonite, M|172\/386
|turn|43
|join|Alvok
|
|switch|p2a: Skarmory|Skarmory, M|324\/334
|move|p1a: DREKTnite|Extreme Speed|p2a: Skarmory
|-resisted|p2a: Skarmory
|-damage|p2a: Skarmory|276\/334
|
|turn|44
|
|switch|p1a: LandoREKT|Landorus, M|246\/319
|move|p2a: Skarmory|Spikes|p1a: LandoREKT
|-sidestart|p1: Fairy Peak|Spikes
|
|turn|45
|
|switch|p2a: Cresselia|Cresselia, F|444\/444
|move|p1a: LandoREKT|Stealth Rock|p2a: Cresselia
|-sidestart|p2: CleanerThanRotom-W|move: Stealth Rock
|
|turn|46
|
|switch|p1a: KekMachine|Metagross|302\/302
|-damage|p1a: KekMachine|265\/302|[from] Spikes
|move|p2a: Cresselia|Psyshock|p1a: KekMachine
|-resisted|p1a: KekMachine
|-damage|p1a: KekMachine|252\/302
|
|turn|47
|
|switch|p1a: LandoREKT|Landorus, M|246\/319
|switch|p2a: Skarmory|Skarmory, M|276\/334
|-damage|p2a: Skarmory|235\/334|[from] Stealth Rock
|
|turn|48
|
|switch|p1a: KekMachine|Metagross|252\/302
|-damage|p1a: KekMachine|215\/302|[from] Spikes
|switch|p2a: Cresselia|Cresselia, F|444\/444
|-damage|p2a: Cresselia|389\/444|[from] Stealth Rock
|
|-heal|p2a: Cresselia|416\/444|[from] item: Leftovers
|turn|49
|
|switch|p2a: Quagsire|Quagsire, M|393\/393
|-damage|p2a: Quagsire|369\/393|[from] Stealth Rock
|detailschange|p1a: KekMachine|Metagross-Mega
|-mega|p1a: KekMachine|Metagross|Metagrossite
|move|p1a: KekMachine|Thunder Punch|p2a: Quagsire
|-immune|p2a: Quagsire|[msg]
|
|-heal|p2a: Quagsire|393\/393|[from] item: Leftovers
|turn|50
|
|switch|p1a: Rotopkek|Rotom-Wash|266\/304 brn
|move|p2a: Quagsire|Scald|p1a: Rotopkek
|-resisted|p1a: Rotopkek
|-damage|p1a: Rotopkek|234\/304 brn
|
|-heal|p1a: Rotopkek|253\/304 brn|[from] item: Leftovers
|-damage|p1a: Rotopkek|215\/304 brn|[from] brn
|turn|51
|
|move|p1a: Rotopkek|Hydro Pump|p2a: Quagsire
|-damage|p2a: Quagsire|219\/393
|move|p2a: Quagsire|Scald|p1a: Rotopkek
|-resisted|p1a: Rotopkek
|-damage|p1a: Rotopkek|182\/304 brn
|
|-heal|p1a: Rotopkek|201\/304 brn|[from] item: Leftovers
|-heal|p2a: Quagsire|243\/393|[from] item: Leftovers
|-damage|p1a: Rotopkek|163\/304 brn|[from] brn
|turn|52
|
|move|p1a: Rotopkek|Will-O-Wisp|p2a: Quagsire
|-status|p2a: Quagsire|brn
|move|p2a: Quagsire|Recover|p2a: Quagsire
|-heal|p2a: Quagsire|393\/393 brn
|
|-heal|p1a: Rotopkek|182\/304 brn|[from] item: Leftovers
|-damage|p1a: Rotopkek|144\/304 brn|[from] brn
|-damage|p2a: Quagsire|344\/393 brn|[from] brn
|turn|53
|
|switch|p2a: Gothitelle|Gothitelle, F|162\/301 brn
|-damage|p2a: Gothitelle|125\/301 brn|[from] Stealth Rock
|move|p1a: Rotopkek|Volt Switch|p2a: Gothitelle
|-damage|p2a: Gothitelle|43\/301 brn
|
|switch|p1a: DREKTnite|Dragonite, M|172\/386
|
|-damage|p2a: Gothitelle|6\/301 brn|[from] brn
|turn|54
|c| Fliegende Nudel|gothi sweep
|
|move|p1a: DREKTnite|Extreme Speed|p2a: Gothitelle
|-crit|p2a: Gothitelle
|-damage|p2a: Gothitelle|0 fnt
|faint|p2a: Gothitelle
|
|c|âFairy Peak|y obv
|
|switch|p2a: Skarmory|Skarmory, M|235\/334
|-damage|p2a: Skarmory|194\/334|[from] Stealth Rock
|turn|55
|c| Fliegende Nudel|crit mattered
|
|switch|p1a: Rotopkek|Rotom-Wash|144\/304 brn
|move|p2a: Skarmory|Roost|p2a: Skarmory
|-heal|p2a: Skarmory|334\/334
|
|-heal|p1a: Rotopkek|163\/304 brn|[from] item: Leftovers
|-damage|p1a: Rotopkek|125\/304 brn|[from] brn
|turn|56
|c| Fliegende Nudel|fking haxor
|c| Fliegende Nudel|-.-
|c|âFairy Peak|S;_;
|join|Blue Erlade
|
|switch|p2a: Cresselia|Cresselia, F|416\/444
|-damage|p2a: Cresselia|361\/444|[from] Stealth Rock
|move|p1a: Rotopkek|Pain Split|p2a: Cresselia
|-sethp|p2a: Cresselia|243\/444|p1a: Rotopkek|243\/304 brn|[from] move: Pain Split
|
|-heal|p1a: Rotopkek|262\/304 brn|[from] item: Leftovers
|-heal|p2a: Cresselia|270\/444|[from] item: Leftovers
|-damage|p1a: Rotopkek|224\/304 brn|[from] brn
|turn|57
|join|Like me 2
|
|move|p1a: Rotopkek|Will-O-Wisp|p2a: Cresselia
|-status|p2a: Cresselia|brn
|move|p2a: Cresselia|Moonlight|p2a: Cresselia
|-heal|p2a: Cresselia|444\/444 brn
|
|-heal|p1a: Rotopkek|243\/304 brn|[from] item: Leftovers
|-damage|p1a: Rotopkek|205\/304 brn|[from] brn
|-damage|p2a: Cresselia|389\/444 brn|[from] brn
|turn|58
|
|move|p1a: Rotopkek|Pain Split|p2a: Cresselia
|-sethp|p2a: Cresselia|297\/444 brn|p1a: Rotopkek|297\/304 brn|[from] move: Pain Split
|move|p2a: Cresselia|Psyshock|p1a: Rotopkek
|-damage|p1a: Rotopkek|239\/304 brn
|
|-heal|p1a: Rotopkek|258\/304 brn|[from] item: Leftovers
|-heal|p2a: Cresselia|324\/444 brn|[from] item: Leftovers
|-damage|p1a: Rotopkek|220\/304 brn|[from] brn
|-damage|p2a: Cresselia|269\/444 brn|[from] brn
|turn|59
|
|move|p1a: Rotopkek|Volt Switch|p2a: Cresselia
|-damage|p2a: Cresselia|212\/444 brn
|
|switch|p1a: KekMachine|Metagross-Mega|215\/302
|-damage|p1a: KekMachine|178\/302|[from] Spikes
|move|p2a: Cresselia|Moonlight|p2a: Cresselia
|-heal|p2a: Cresselia|434\/444 brn
|
|-heal|p2a: Cresselia|444\/444 brn|[from] item: Leftovers
|-damage|p2a: Cresselia|389\/444 brn|[from] brn
|turn|60
|
|switch|p2a: Skarmory|Skarmory, M|334\/334
|-damage|p2a: Skarmory|293\/334|[from] Stealth Rock
|move|p1a: KekMachine|Meteor Mash|p2a: Skarmory|[miss]
|-miss|p1a: KekMachine|p2a: Skarmory
|
|turn|61
|
|move|p1a: KekMachine|Thunder Punch|p2a: Skarmory
|-supereffective|p2a: Skarmory
|-damage|p2a: Skarmory|155\/334
|move|p2a: Skarmory|Counter|p1a: KekMachine
|-damage|p1a: KekMachine|0 fnt
|faint|p1a: KekMachine
|
|c|âFairy Peak|Forgot that
|
|switch|p1a: Rotopkek|Rotom-Wash|220\/304 brn
|turn|62
|
|switch|p2a: Cresselia|Cresselia, F|389\/444 brn
|-damage|p2a: Cresselia|334\/444 brn|[from] Stealth Rock
|move|p1a: Rotopkek|Hydro Pump|p2a: Cresselia
|-damage|p2a: Cresselia|246\/444 brn
|
|-heal|p1a: Rotopkek|239\/304 brn|[from] item: Leftovers
|-heal|p2a: Cresselia|273\/444 brn|[from] item: Leftovers
|-damage|p1a: Rotopkek|201\/304 brn|[from] brn
|-damage|p2a: Cresselia|218\/444 brn|[from] brn
|turn|63
|
|move|p1a: Rotopkek|Volt Switch|p2a: Cresselia
|-crit|p2a: Cresselia
|-damage|p2a: Cresselia|133\/444 brn
|
|switch|p1a: DREKTnite|Dragonite, M|172\/386
|move|p2a: Cresselia|Moonlight|p2a: Cresselia
|-heal|p2a: Cresselia|355\/444 brn
|
|-heal|p2a: Cresselia|382\/444 brn|[from] item: Leftovers
|-damage|p2a: Cresselia|327\/444 brn|[from] brn
|turn|64
|
|move|p2a: Cresselia|Toxic|p1a: DREKTnite
|-status|p1a: DREKTnite|tox
|move|p1a: DREKTnite|Outrage|p2a: Cresselia
|-damage|p2a: Cresselia|50\/444 brn
|
|-heal|p2a: Cresselia|77\/444 brn|[from] item: Leftovers
|-damage|p2a: Cresselia|22\/444 brn|[from] brn
|-damage|p1a: DREKTnite|148\/386 tox|[from] psn
|turn|65
|
|move|p2a: Cresselia|Psyshock|p1a: DREKTnite
|-damage|p1a: DREKTnite|75\/386 tox
|move|p1a: DREKTnite|Outrage|p2a: Cresselia
|-damage|p2a: Cresselia|0 fnt
|faint|p2a: Cresselia
|
|-damage|p1a: DREKTnite|27\/386 tox|[from] psn
|c| Like me 2|wtf this thing is faster than nite
|
|switch|p2a: Skarmory|Skarmory, M|155\/334
|-damage|p2a: Skarmory|114\/334|[from] Stealth Rock
|turn|66
|c| Like me 2|lel
|c|âFairy Peak|I'm not spe
|
|move|p1a: DREKTnite|Outrage|p2a: Skarmory
|-resisted|p2a: Skarmory
|-damage|p2a: Skarmory|8\/334
|move|p2a: Skarmory|Roost|p2a: Skarmory
|-heal|p2a: Skarmory|175\/334
|
|-end|p1a: DREKTnite|rampage
|-start|p1a: DREKTnite|confusion
|-damage|p1a: DREKTnite|0 fnt|[from] psn
|faint|p1a: DREKTnite
|
|switch|p1a: Rotopkek|Rotom-Wash|201\/304 brn
|turn|67
|c| Like me 2|oh t'es full hp \/att
|
|move|p1a: Rotopkek|Volt Switch|p2a: Skarmory
|-crit|p2a: Skarmory
|-supereffective|p2a: Skarmory
|-damage|p2a: Skarmory|0 fnt
|faint|p2a: Skarmory
|
|switch|p1a: LandoREKT|Landorus, M|246\/319
|
|
|switch|p2a: Chansey|Chansey, F|549\/703
|-damage|p2a: Chansey|462\/703|[from] Stealth Rock
|turn|68
|
|move|p1a: LandoREKT|Focus Blast|p2a: Chansey|[miss]
|-miss|p1a: LandoREKT|p2a: Chansey
|move|p2a: Chansey|Soft-Boiled|p2a: Chansey
|-heal|p2a: Chansey|703\/703
|
|turn|69
|
|switch|p1a: Rotopkek|Rotom-Wash|201\/304 brn
|move|p2a: Chansey|Stealth Rock|p1a: Rotopkek
|-sidestart|p1: Fairy Peak|move: Stealth Rock
|
|-heal|p1a: Rotopkek|220\/304 brn|[from] item: Leftovers
|-damage|p1a: Rotopkek|182\/304 brn|[from] brn
|turn|70
|
|move|p1a: Rotopkek|Will-O-Wisp|p2a: Chansey
|-status|p2a: Chansey|brn
|move|p2a: Chansey|Seismic Toss|p1a: Rotopkek
|-damage|p1a: Rotopkek|82\/304 brn
|
|-heal|p1a: Rotopkek|101\/304 brn|[from] item: Leftovers
|-damage|p1a: Rotopkek|63\/304 brn|[from] brn
|-damage|p2a: Chansey|616\/703 brn|[from] brn
|turn|71
|
|move|p1a: Rotopkek|Pain Split|p2a: Chansey
|-sethp|p2a: Chansey|339\/703 brn|p1a: Rotopkek|304\/304 brn|[from] move: Pain Split
|move|p2a: Chansey|Seismic Toss|p1a: Rotopkek
|-damage|p1a: Rotopkek|204\/304 brn
|
|-heal|p1a: Rotopkek|223\/304 brn|[from] item: Leftovers
|-damage|p1a: Rotopkek|185\/304 brn|[from] brn
|-damage|p2a: Chansey|252\/703 brn|[from] brn
|turn|72
|
|move|p1a: Rotopkek|Volt Switch|p2a: Chansey
|-damage|p2a: Chansey|195\/703 brn
|
|switch|p1a: LandoREKT|Landorus, M|246\/319
|-damage|p1a: LandoREKT|207\/319|[from] Stealth Rock
|move|p2a: Chansey|Soft-Boiled|p2a: Chansey
|-heal|p2a: Chansey|547\/703 brn
|
|-damage|p2a: Chansey|460\/703 brn|[from] brn
|turn|73
|
|move|p1a: LandoREKT|Earth Power|p2a: Chansey
|-damage|p2a: Chansey|296\/703 brn
|move|p2a: Chansey|Soft-Boiled|p2a: Chansey
|-heal|p2a: Chansey|648\/703 brn
|
|-damage|p2a: Chansey|561\/703 brn|[from] brn
|turn|74
|
|switch|p1a: Rotopkek|Rotom-Wash|185\/304 brn
|-damage|p1a: Rotopkek|147\/304 brn|[from] Stealth Rock
|move|p2a: Chansey|Heal Bell|p2a: Chansey
|-cureteam|p2a: Chansey|[from] move: HealBell
|
|-heal|p1a: Rotopkek|166\/304 brn|[from] item: Leftovers
|-damage|p1a: Rotopkek|128\/304 brn|[from] brn
|turn|75
|
|switch|p2a: Quagsire|Quagsire, M|344\/393
|-damage|p2a: Quagsire|320\/393|[from] Stealth Rock
|move|p1a: Rotopkek|Will-O-Wisp|p2a: Quagsire|[miss]
|-miss|p1a: Rotopkek|p2a: Quagsire
|
|-heal|p1a: Rotopkek|147\/304 brn|[from] item: Leftovers
|-heal|p2a: Quagsire|344\/393|[from] item: Leftovers
|-damage|p1a: Rotopkek|109\/304 brn|[from] brn
|turn|76
|
|move|p1a: Rotopkek|Will-O-Wisp|p2a: Quagsire
|-status|p2a: Quagsire|brn
|move|p2a: Quagsire|Scald|p1a: Rotopkek
|-resisted|p1a: Rotopkek
|-damage|p1a: Rotopkek|79\/304 brn
|
|-heal|p1a: Rotopkek|98\/304 brn|[from] item: Leftovers
|-heal|p2a: Quagsire|368\/393 brn|[from] item: Leftovers
|-damage|p1a: Rotopkek|60\/304 brn|[from] brn
|-damage|p2a: Quagsire|319\/393 brn|[from] brn
|turn|77
|
|move|p1a: Rotopkek|Pain Split|p2a: Quagsire
|-sethp|p2a: Quagsire|189\/393 brn|p1a: Rotopkek|189\/304 brn|[from] move: Pain Split
|move|p2a: Quagsire|Scald|p1a: Rotopkek
|-resisted|p1a: Rotopkek
|-damage|p1a: Rotopkek|156\/304 brn
|
|-heal|p1a: Rotopkek|175\/304 brn|[from] item: Leftovers
|-heal|p2a: Quagsire|213\/393 brn|[from] item: Leftovers
|-damage|p1a: Rotopkek|137\/304 brn|[from] brn
|-damage|p2a: Quagsire|164\/393 brn|[from] brn
|turn|78
|
|switch|p2a: Chansey|Chansey, F|561\/703
|-damage|p2a: Chansey|474\/703|[from] Stealth Rock
|move|p1a: Rotopkek|Hydro Pump|p2a: Chansey
|-crit|p2a: Chansey
|-damage|p2a: Chansey|350\/703
|
|-heal|p1a: Rotopkek|156\/304 brn|[from] item: Leftovers
|-damage|p1a: Rotopkek|118\/304 brn|[from] brn
|turn|79
|
|move|p1a: Rotopkek|Will-O-Wisp|p2a: Chansey|[miss]
|-miss|p1a: Rotopkek|p2a: Chansey
|move|p2a: Chansey|Soft-Boiled|p2a: Chansey
|-heal|p2a: Chansey|702\/703
|
|-heal|p1a: Rotopkek|137\/304 brn|[from] item: Leftovers
|-damage|p1a: Rotopkek|99\/304 brn|[from] brn
|turn|80
|
|move|p1a: Rotopkek|Pain Split|p2a: Chansey
|-sethp|p2a: Chansey|400\/703|p1a: Rotopkek|304\/304 brn|[from] move: Pain Split
|move|p2a: Chansey|Seismic Toss|p1a: Rotopkek
|-damage|p1a: Rotopkek|204\/304 brn
|
|-heal|p1a: Rotopkek|223\/304 brn|[from] item: Leftovers
|-damage|p1a: Rotopkek|185\/304 brn|[from] brn
|turn|81
|
|move|p1a: Rotopkek|Will-O-Wisp|p2a: Chansey
|-status|p2a: Chansey|brn
|move|p2a: Chansey|Seismic Toss|p1a: Rotopkek
|-damage|p1a: Rotopkek|85\/304 brn
|
|-heal|p1a: Rotopkek|104\/304 brn|[from] item: Leftovers
|-damage|p1a: Rotopkek|66\/304 brn|[from] brn
|-damage|p2a: Chansey|313\/703 brn|[from] brn
|turn|82
|
|move|p1a: Rotopkek|Pain Split|p2a: Chansey
|-sethp|p2a: Chansey|189\/703 brn|p1a: Rotopkek|189\/304 brn|[from] move: Pain Split
|move|p2a: Chansey|Soft-Boiled|p2a: Chansey
|-heal|p2a: Chansey|541\/703 brn
|
|-heal|p1a: Rotopkek|208\/304 brn|[from] item: Leftovers
|-damage|p1a: Rotopkek|170\/304 brn|[from] brn
|-damage|p2a: Chansey|454\/703 brn|[from] brn
|turn|83
|
|move|p1a: Rotopkek|Will-O-Wisp|p2a: Chansey
|-fail|p2a: Chansey|brn
|move|p2a: Chansey|Seismic Toss|p1a: Rotopkek
|-damage|p1a: Rotopkek|70\/304 brn
|
|-heal|p1a: Rotopkek|89\/304 brn|[from] item: Leftovers
|-damage|p1a: Rotopkek|51\/304 brn|[from] brn
|-damage|p2a: Chansey|367\/703 brn|[from] brn
|turn|84
|
|switch|p2a: Quagsire|Quagsire, M|164\/393 brn
|-damage|p2a: Quagsire|140\/393 brn|[from] Stealth Rock
|move|p1a: Rotopkek|Pain Split|p2a: Quagsire
|-sethp|p2a: Quagsire|95\/393 brn|p1a: Rotopkek|95\/304 brn|[from] move: Pain Split
|
|-heal|p1a: Rotopkek|114\/304 brn|[from] item: Leftovers
|-heal|p2a: Quagsire|119\/393 brn|[from] item: Leftovers
|-damage|p1a: Rotopkek|76\/304 brn|[from] brn
|-damage|p2a: Quagsire|70\/393 brn|[from] brn
|turn|85
|
|switch|p2a: Chansey|Chansey, F|367\/703
|-damage|p2a: Chansey|280\/703|[from] Stealth Rock
|move|p1a: Rotopkek|Hydro Pump|p2a: Chansey
|-damage|p2a: Chansey|190\/703
|
|-heal|p1a: Rotopkek|95\/304 brn|[from] item: Leftovers
|-damage|p1a: Rotopkek|57\/304 brn|[from] brn
|turn|86
|
|move|p1a: Rotopkek|Pain Split|p2a: Chansey
|-sethp|p2a: Chansey|123\/703|p1a: Rotopkek|123\/304 brn|[from] move: Pain Split
|move|p2a: Chansey|Soft-Boiled|p2a: Chansey
|-heal|p2a: Chansey|475\/703
|
|-heal|p1a: Rotopkek|142\/304 brn|[from] item: Leftovers
|-damage|p1a: Rotopkek|104\/304 brn|[from] brn
|turn|87
|join|MVDW
|c| Like me 2|oh pas YS please
|c| MVDW|Haha
|
|switch|p1a: LandoREKT|Landorus, M|207\/319
|-damage|p1a: LandoREKT|168\/319|[from] Stealth Rock
|move|p2a: Chansey|Seismic Toss|p1a: LandoREKT
|-damage|p1a: LandoREKT|68\/319
|
|turn|88
|c| MVDW|Tg Emilien pls
|
|move|p1a: LandoREKT|Focus Blast|p2a: Chansey
|-supereffective|p2a: Chansey
|-damage|p2a: Chansey|181\/703
|move|p2a: Chansey|Soft-Boiled|p2a: Chansey
|-heal|p2a: Chansey|533\/703
|
|turn|89
|
|move|p1a: LandoREKT|Focus Blast|p2a: Chansey
|-supereffective|p2a: Chansey
|-damage|p2a: Chansey|231\/703
|move|p2a: Chansey|Seismic Toss|p1a: LandoREKT
|-damage|p1a: LandoREKT|0 fnt
|faint|p1a: LandoREKT
|
|c| Like me 2|jme co sur skype dans 1h je pense
|
|switch|p1a: Rotopkek|Rotom-Wash|104\/304 brn
|-damage|p1a: Rotopkek|66\/304 brn|[from] Stealth Rock
|turn|90
|
|move|p1a: Rotopkek|Pain Split|p2a: Chansey
|-sethp|p2a: Chansey|148\/703|p1a: Rotopkek|148\/304 brn|[from] move: Pain Split
|move|p2a: Chansey|Seismic Toss|p1a: Rotopkek
|-damage|p1a: Rotopkek|48\/304 brn
|
|-heal|p1a: Rotopkek|67\/304 brn|[from] item: Leftovers
|-damage|p1a: Rotopkek|29\/304 brn|[from] brn
|turn|91
|
|move|p1a: Rotopkek|Pain Split|p2a: Chansey
|-sethp|p2a: Chansey|88\/703|p1a: Rotopkek|88\/304 brn|[from] move: Pain Split
|move|p2a: Chansey|Seismic Toss|p1a: Rotopkek
|-damage|p1a: Rotopkek|0 fnt
|faint|p1a: Rotopkek
|
|win|CleanerThanRotom-W
|raw|Ladder updating...
|c| MVDW|Ok ca marche
|raw|Fairy Peak's rating: 1718 &rarr; <strong>1706<\/strong><br \/>(-12 for losing)
|raw|CleanerThanRotom-W's rating: 1858 &rarr; <strong>1871<\/strong><br \/>(+13 for winning)
|c| MVDW|;)
|c|âFairy Peak|Gg
|c|âCleanerThanRotom-W|gg
|leave|Fairy Peak
|player|p1
|leave|Blue Erlade
|c| Like me 2|je suis sur un autre ordi chez mes vieux
|leave|MVDW
|join|MVDW
|c| MVDW|Ah dac ;)
|leave|Like me 2
|leave|MVDW
|leave|Alvok
|join|Alvok
|leave|Alvok
|leave|CleanerThanRotom-W
|player|p2
|leave|Skyrio
|join|kloshitt
|c| kloshitt|hi bauer
|leave|kloshitt
|join|kloshitt
|leave|kloshitt
|leave|nathaaan
|join|kloshitt
|leave|kloshitt
|join|fgjkltzfuk
|leave|fgjkltzfuk
|join|bluri
|leave|bluri
|join|bluri