|join|CleanerThanRotom-W
|join|Apedingo
|player|p1|CleanerThanRotom-W|226
|player|p2|Apedingo|242
|gametype|singles
|gen|6
|tier|OU
|rated
|clearpoke
|poke|p1|Sableye, F
|poke|p1|Chansey, F
|poke|p1|Cresselia, F
|poke|p1|Gothitelle, F
|poke|p1|Skarmory, M
|poke|p1|Quagsire, M
|poke|p2|Landorus-Therian, M
|poke|p2|Metagross
|poke|p2|Azumarill, F
|poke|p2|Latios, M
|poke|p2|Tyranitar, M
|poke|p2|Magnezone
|rule|Swagger Clause: Swagger is banned
|rule|Baton Pass Clause: Limit one PokÃ©mon knowing Baton Pass
|rule|Sleep Clause Mod: Limit one foe put to sleep
|rule|Species Clause: Limit one of each PokÃ©mon
|rule|OHKO Clause: OHKO moves are banned
|rule|Moody Clause: Moody is banned
|rule|Evasion Moves Clause: Evasion moves are banned
|rule|Endless Battle Clause: Forcing endless battles is banned
|rule|HP Percentage Mod: HP is shown in percentages
|teampreview
|
|start
|switch|p1a: Sableye|Sableye, F|303\/303
|switch|p2a: It's a trap|Magnezone|281\/281
|turn|1
|
|detailschange|p1a: Sableye|Sableye-Mega, F
|-mega|p1a: Sableye|Sableye|Sablenite
|move|p1a: Sableye|Will-O-Wisp|p2a: It's a trap
|-status|p2a: It's a trap|brn
|move|p2a: It's a trap|Volt Switch|p1a: Sableye
|-damage|p1a: Sableye|213\/303
|
|switch|p2a: Damn Cute Bunny|Azumarill, F|401\/401
|
|turn|2
|
|switch|p1a: Quagsire|Quagsire, M|393\/393
|move|p2a: Damn Cute Bunny|Play Rough|p1a: Quagsire
|-damage|p1a: Quagsire|231\/393
|-unboost|p1a: Quagsire|atk|1
|
|-heal|p1a: Quagsire|255\/393|[from] item: Leftovers
|turn|3
|
|switch|p2a: AWESOM-O 4000|Metagross|301\/301
|move|p1a: Quagsire|Recover|p1a: Quagsire
|-heal|p1a: Quagsire|393\/393
|
|turn|4
|
|switch|p1a: Skarmory|Skarmory, M|334\/334
|detailschange|p2a: AWESOM-O 4000|Metagross-Mega
|-mega|p2a: AWESOM-O 4000|Metagross|Metagrossite
|move|p2a: AWESOM-O 4000|Ice Punch|p1a: Skarmory
|-damage|p1a: Skarmory|258\/334
|
|turn|5
|
|switch|p2a: Fluffy Paws|Landorus-Therian, M|382\/382
|-ability|p2a: Fluffy Paws|Intimidate|[of] p1a: Skarmory
|-unboost|p1a: Skarmory|atk|1
|move|p1a: Skarmory|Spikes|p2a: Fluffy Paws
|-sidestart|p2: Apedingo|Spikes
|
|turn|6
|join|Alvadora
|
|switch|p1a: Quagsire|Quagsire, M|393\/393
|move|p2a: Fluffy Paws|Stealth Rock|p1a: Quagsire
|-sidestart|p1: CleanerThanRotom-W|move: Stealth Rock
|
|turn|7
|join|Big Andrew
|
|move|p2a: Fluffy Paws|U-turn|p1a: Quagsire
|-damage|p1a: Quagsire|329\/393
|leave|Big Andrew
|
|switch|p2a: Go Go Mike|Latios, M|301\/301
|move|p1a: Quagsire|Toxic|p2a: Go Go Mike
|-status|p2a: Go Go Mike|tox
|
|-heal|p1a: Quagsire|353\/393|[from] item: Leftovers
|-damage|p2a: Go Go Mike|283\/301 tox|[from] psn
|turn|8
|
|switch|p1a: Sableye|Sableye-Mega, F|213\/303
|-damage|p1a: Sableye|176\/303|[from] Stealth Rock
|move|p2a: Go Go Mike|Trick|p1a: Sableye
|-fail|p1a: Sableye
|
|-damage|p2a: Go Go Mike|247\/301 tox|[from] psn
|turn|9
|
|switch|p2a: It's a trap|Magnezone|281\/281 brn
|-damage|p2a: It's a trap|246\/281 brn|[from] Spikes
|move|p1a: Sableye|Recover|p1a: Sableye
|-heal|p1a: Sableye|303\/303
|
|-damage|p2a: It's a trap|211\/281 brn|[from] brn
|turn|10
|
|move|p2a: It's a trap|Volt Switch|p1a: Sableye
|-crit|p1a: Sableye
|-damage|p1a: Sableye|179\/303
|
|switch|p2a: Go Go Mike|Latios, M|247\/301 tox
|move|p1a: Sableye|Will-O-Wisp|p2a: Go Go Mike
|-fail|p2a: Go Go Mike
|
|-damage|p2a: Go Go Mike|229\/301 tox|[from] psn
|turn|11
|join|Swallowed Up
|
|move|p2a: Go Go Mike|Trick|p1a: Sableye
|-fail|p1a: Sableye
|move|p1a: Sableye|Recover|p1a: Sableye
|-heal|p1a: Sableye|303\/303
|
|-damage|p2a: Go Go Mike|193\/301 tox|[from] psn
|turn|12
|
|switch|p2a: It's a trap|Magnezone|211\/281 brn
|-damage|p2a: It's a trap|176\/281 brn|[from] Spikes
|move|p1a: Sableye|Snarl|p2a: It's a trap
|-damage|p2a: It's a trap|113\/281 brn
|-unboost|p2a: It's a trap|spa|1
|
|-damage|p2a: It's a trap|78\/281 brn|[from] brn
|turn|13
|join|TheLaughingCats
|
|move|p2a: It's a trap|Volt Switch|p1a: Sableye
|-damage|p1a: Sableye|249\/303
|
|switch|p2a: Go Go Mike|Latios, M|193\/301 tox
|move|p1a: Sableye|Will-O-Wisp|p2a: Go Go Mike
|-fail|p2a: Go Go Mike
|
|-damage|p2a: Go Go Mike|175\/301 tox|[from] psn
|turn|14
|
|move|p2a: Go Go Mike|Draco Meteor|p1a: Sableye
|-damage|p1a: Sableye|11\/303
|-unboost|p2a: Go Go Mike|spa|2
|move|p1a: Sableye|Recover|p1a: Sableye
|-heal|p1a: Sableye|163\/303
|
|-damage|p2a: Go Go Mike|139\/301 tox|[from] psn
|turn|15
|
|move|p2a: Go Go Mike|Draco Meteor|p1a: Sableye|[miss]
|-miss|p2a: Go Go Mike|p1a: Sableye
|move|p1a: Sableye|Recover|p1a: Sableye
|-heal|p1a: Sableye|303\/303
|
|-damage|p2a: Go Go Mike|85\/301 tox|[from] psn
|turn|16
|
|switch|p2a: It's a trap|Magnezone|78\/281 brn
|-damage|p2a: It's a trap|43\/281 brn|[from] Spikes
|move|p1a: Sableye|Will-O-Wisp|p2a: It's a trap
|-fail|p2a: It's a trap|brn
|
|-damage|p2a: It's a trap|8\/281 brn|[from] brn
|turn|17
|
|move|p2a: It's a trap|Volt Switch|p1a: Sableye
|-damage|p1a: Sableye|225\/303
|
|switch|p2a: Mr. Fancypants|Tyranitar, M|403\/403
|-damage|p2a: Mr. Fancypants|353\/403|[from] Spikes
|-weather|Sandstorm
|move|p1a: Sableye|Recover|p1a: Sableye
|-heal|p1a: Sableye|303\/303
|
|-weather|Sandstorm|[upkeep]
|-damage|p1a: Sableye|285\/303|[from] sandstorm
|turn|18
|join|Appreciation
|
|switch|p2a: It's a trap|Magnezone|8\/281 brn
|-damage|p2a: It's a trap|0 fnt|[from] Spikes
|faint|p2a: It's a trap
|move|p1a: Sableye|Will-O-Wisp|p2: It's a trap|[notarget]
|-notarget
|
|-weather|Sandstorm|[upkeep]
|-damage|p1a: Sableye|267\/303|[from] sandstorm
|leave|TheLaughingCats
|
|switch|p2a: Damn Cute Bunny|Azumarill, F|401\/401
|-damage|p2a: Damn Cute Bunny|351\/401|[from] Spikes
|turn|19
|
|switch|p1a: Skarmory|Skarmory, M|258\/334
|-damage|p1a: Skarmory|217\/334|[from] Stealth Rock
|move|p2a: Damn Cute Bunny|Play Rough|p1a: Skarmory
|-resisted|p1a: Skarmory
|-damage|p1a: Skarmory|163\/334
|
|-weather|Sandstorm|[upkeep]
|-damage|p2a: Damn Cute Bunny|326\/401|[from] sandstorm
|turn|20
|join|Here to GG
|
|move|p1a: Skarmory|Defog|p2a: Damn Cute Bunny
|-unboost|p2a: Damn Cute Bunny|evasion|1
|-sideend|p2: Apedingo|Spikes|[from] move: Defog|[of] p2a: Damn Cute Bunny
|-sideend|p1: CleanerThanRotom-W|Stealth Rock|[from] move: Defog|[of] p1a: Skarmory
|move|p2a: Damn Cute Bunny|Waterfall|p1a: Skarmory
|-damage|p1a: Skarmory|67\/334
|
|-weather|Sandstorm|[upkeep]
|-damage|p2a: Damn Cute Bunny|301\/401|[from] sandstorm
|turn|21
|c| Appreciation|HTS!!!!
|c| Appreciation|<333333333333
|c| Here to GG|yoo
|leave|Appreciation
|
|switch|p2a: Fluffy Paws|Landorus-Therian, M|382\/382
|-ability|p2a: Fluffy Paws|Intimidate|[of] p1a: Skarmory
|-unboost|p1a: Skarmory|atk|1
|move|p1a: Skarmory|Roost|p1a: Skarmory
|-heal|p1a: Skarmory|234\/334
|
|-weather|none
|turn|22
|
|move|p2a: Fluffy Paws|Stealth Rock|p1a: Skarmory
|-sidestart|p1: CleanerThanRotom-W|move: Stealth Rock
|move|p1a: Skarmory|Roost|p1a: Skarmory
|-heal|p1a: Skarmory|334\/334
|
|turn|23
|leave|Here to GG
|
|move|p2a: Fluffy Paws|U-turn|p1a: Skarmory
|-resisted|p1a: Skarmory
|-damage|p1a: Skarmory|322\/334
|
|switch|p2a: Go Go Mike|Latios, M|85\/301 tox
|move|p1a: Skarmory|Defog|p2a: Go Go Mike
|-unboost|p2a: Go Go Mike|evasion|1
|-sideend|p1: CleanerThanRotom-W|Stealth Rock|[from] move: Defog|[of] p1a: Skarmory
|
|-damage|p2a: Go Go Mike|67\/301 tox|[from] psn
|turn|24
|
|switch|p1a: Chansey|Chansey, F|703\/703
|move|p2a: Go Go Mike|Draco Meteor|p1a: Chansey
|-damage|p1a: Chansey|475\/703
|-unboost|p2a: Go Go Mike|spa|2
|
|-damage|p2a: Go Go Mike|31\/301 tox|[from] psn
|turn|25
|
|switch|p2a: Damn Cute Bunny|Azumarill, F|301\/401
|move|p1a: Chansey|Soft-Boiled|p1a: Chansey
|-heal|p1a: Chansey|703\/703
|
|turn|26
|
|switch|p1a: Skarmory|Skarmory, M|322\/334
|move|p2a: Damn Cute Bunny|Knock Off|p1a: Skarmory
|-damage|p1a: Skarmory|238\/334
|-enditem|p1a: Skarmory|Shed Shell|[from] move: Knock Off|[of] p2a: Damn Cute Bunny
|
|turn|27
|
|move|p1a: Skarmory|Spikes|p2a: Damn Cute Bunny
|-sidestart|p2: Apedingo|Spikes
|move|p2a: Damn Cute Bunny|Waterfall|p1a: Skarmory
|-damage|p1a: Skarmory|136\/334
|
|turn|28
|
|move|p1a: Skarmory|Roost|p1a: Skarmory
|-heal|p1a: Skarmory|303\/334
|move|p2a: Damn Cute Bunny|Waterfall|p1a: Skarmory
|-damage|p1a: Skarmory|207\/334
|
|turn|29
|
|move|p1a: Skarmory|Roost|p1a: Skarmory
|-heal|p1a: Skarmory|334\/334
|move|p2a: Damn Cute Bunny|Waterfall|p1a: Skarmory
|-damage|p1a: Skarmory|240\/334
|
|turn|30
|
|move|p1a: Skarmory|Spikes|p2a: Damn Cute Bunny
|-sidestart|p2: Apedingo|Spikes
|move|p2a: Damn Cute Bunny|Waterfall|p1a: Skarmory
|-crit|p1a: Skarmory
|-damage|p1a: Skarmory|104\/334
|
|turn|31
|
|move|p2a: Damn Cute Bunny|Aqua Jet|p1a: Skarmory
|-damage|p1a: Skarmory|55\/334
|move|p1a: Skarmory|Roost|p1a: Skarmory
|-heal|p1a: Skarmory|222\/334
|
|turn|32
|
|move|p1a: Skarmory|Roost|p1a: Skarmory
|-heal|p1a: Skarmory|334\/334
|move|p2a: Damn Cute Bunny|Waterfall|p1a: Skarmory
|-damage|p1a: Skarmory|232\/334
|
|turn|33
|-message|Apedingo forfeited.
|
|win|CleanerThanRotom-W
|raw|Ladder updating...
|leave|Apedingo
|player|p2