|join|CleanerThanRotom-W
|join|OTRTVC
|player|p1|CleanerThanRotom-W|226
|player|p2|OTRTVC|144
|gametype|singles
|gen|6
|tier|OU
|rated
|clearpoke
|poke|p1|Sableye, F
|poke|p1|Chansey, F
|poke|p1|Cresselia, F
|poke|p1|Gothitelle, F
|poke|p1|Skarmory, M
|poke|p1|Quagsire, M
|poke|p2|Bisharp, M, shiny
|poke|p2|Azelf, shiny
|poke|p2|Gengar, F, shiny
|poke|p2|Latios, M, shiny
|poke|p2|Lopunny, F, shiny
|poke|p2|Crawdaunt, M, shiny
|rule|Swagger Clause: Swagger is banned
|rule|Baton Pass Clause: Limit one PokÃ©mon knowing Baton Pass
|rule|Sleep Clause Mod: Limit one foe put to sleep
|rule|Species Clause: Limit one of each PokÃ©mon
|rule|OHKO Clause: OHKO moves are banned
|rule|Moody Clause: Moody is banned
|rule|Evasion Moves Clause: Evasion moves are banned
|rule|Endless Battle Clause: Forcing endless battles is banned
|rule|HP Percentage Mod: HP is shown in percentages
|teampreview
|join|bluri
|
|start
|switch|p1a: Sableye|Sableye, F|303\/303
|switch|p2a: Azelf|Azelf, shiny|291\/291
|turn|1
|
|move|p1a: Sableye|Will-O-Wisp|p2a: Azelf
|-status|p2a: Azelf|brn
|move|p2a: Azelf|Skill Swap|p1a: Sableye
|-activate|p2a: Azelf|move: Skill Swap|Prankster|Levitate|[of] p1a: Sableye
|
|-damage|p2a: Azelf|255\/291 brn|[from] brn
|turn|2
|
|detailschange|p1a: Sableye|Sableye-Mega, F
|-mega|p1a: Sableye|Sableye|Sablenite
|move|p2a: Azelf|Skill Swap|p1a: Sableye
|-activate|p2a: Azelf|move: Skill Swap|Magic Bounce|Prankster|[of] p1a: Sableye
|move|p1a: Sableye|Snarl|p2a: Azelf
|-supereffective|p2a: Azelf
|-damage|p2a: Azelf|97\/291 brn
|-unboost|p2a: Azelf|spa|1
|
|-damage|p2a: Azelf|61\/291 brn|[from] brn
|turn|3
|join|fgjkltzfuk
|
|move|p1a: Sableye|Calm Mind|p1a: Sableye
|-boost|p1a: Sableye|spa|1
|-boost|p1a: Sableye|spd|1
|move|p2a: Azelf|Stealth Rock|p1a: Sableye
|-sidestart|p1: CleanerThanRotom-W|move: Stealth Rock
|
|-damage|p2a: Azelf|25\/291 brn|[from] brn
|turn|4
|
|move|p1a: Sableye|Calm Mind|p1a: Sableye
|-boost|p1a: Sableye|spa|1
|-boost|p1a: Sableye|spd|1
|move|p2a: Azelf|Fire Blast|p1a: Sableye
|-damage|p1a: Sableye|278\/303
|
|-damage|p2a: Azelf|0 fnt|[from] brn
|faint|p2a: Azelf
|
|switch|p2a: Lopunny|Lopunny, F, shiny|271\/271
|turn|5
|join|Erzkrieger
|
|switch|p1a: Cresselia|Cresselia, F|444\/444
|-damage|p1a: Cresselia|389\/444|[from] Stealth Rock
|detailschange|p2a: Lopunny|Lopunny-Mega, F, shiny
|-mega|p2a: Lopunny|Lopunny|Lopunnite
|move|p2a: Lopunny|High Jump Kick|p1a: Cresselia
|-resisted|p1a: Cresselia
|-damage|p1a: Cresselia|301\/444
|
|-heal|p1a: Cresselia|328\/444|[from] item: Leftovers
|turn|6
|
|switch|p2a: Bisharp|Bisharp, M, shiny|271\/271
|switch|p1a: Gothitelle|Gothitelle, F|301\/301
|-damage|p1a: Gothitelle|264\/301|[from] Stealth Rock
|
|turn|7
|join|denisSss0
|
|switch|p1a: Quagsire|Quagsire, M|393\/393
|-damage|p1a: Quagsire|369\/393|[from] Stealth Rock
|move|p2a: Bisharp|Knock Off|p1a: Quagsire
|-crit|p1a: Quagsire
|-damage|p1a: Quagsire|57\/393
|-enditem|p1a: Quagsire|Leftovers|[from] move: Knock Off|[of] p2a: Bisharp
|-damage|p2a: Bisharp|244\/271|[from] item: Life Orb
|
|turn|8
|join|testingshittyteams
|c| denisSss0|bap
|
|move|p2a: Bisharp|Knock Off|p1a: Quagsire
|-damage|p1a: Quagsire|0 fnt
|-damage|p2a: Bisharp|217\/271|[from] item: Life Orb
|faint|p1a: Quagsire
|
|c| bluri|2day isnt ur day rotom :\/
|
|switch|p1a: Gothitelle|Gothitelle, F|264\/301
|-damage|p1a: Gothitelle|227\/301|[from] Stealth Rock
|turn|9
|c| denisSss0|anyone who uses stall shouldn't be surprised by hax.
|
|move|p1a: Gothitelle|Trick|p2a: Bisharp
|-activate|p1a: Gothitelle|move: Trick|[of] p2a: Bisharp
|-item|p2a: Bisharp|Choice Scarf|[from] move: Trick
|-item|p1a: Gothitelle|Life Orb|[from] move: Trick
|move|p2a: Bisharp|Knock Off|p1a: Gothitelle
|-supereffective|p1a: Gothitelle
|-damage|p1a: Gothitelle|0 fnt
|-enditem|p1a: Gothitelle|Life Orb|[from] move: Knock Off|[of] p2a: Bisharp
|faint|p1a: Gothitelle
|
|
|switch|p1a: Skarmory|Skarmory, M|334\/334
|-damage|p1a: Skarmory|293\/334|[from] Stealth Rock
|turn|10
|c| Erzkrieger|but that many hax are.. not normal
|
|switch|p2a: 08|Crawdaunt, M, shiny|278\/278
|move|p1a: Skarmory|Defog|p2a: 08
|-unboost|p2a: 08|evasion|1
|-sideend|p1: CleanerThanRotom-W|Stealth Rock|[from] move: Defog|[of] p1a: Skarmory
|
|turn|11
|c| denisSss0|as many as needed is perfectly fine.
|c| denisSss0|stall is too good
|
|move|p2a: 08|Swords Dance|p2a: 08
|-boost|p2a: 08|atk|2
|move|p1a: Skarmory|Roost|p1a: Skarmory
|-heal|p1a: Skarmory|334\/334
|
|turn|12
|
|switch|p2a: Gengar|Gengar, F, shiny|261\/261
|move|p1a: Skarmory|Counter|p2a: Gengar
|-immune|p2a: Gengar|[msg]
|
|turn|13
|
|switch|p2a: 08|Crawdaunt, M, shiny|278\/278
|switch|p1a: Sableye|Sableye-Mega, F|278\/303
|
|turn|14
|join|DennisEG
|
|switch|p2a: Latios|Latios, M, shiny|301\/301
|move|p1a: Sableye|Will-O-Wisp|p2a: Latios|[miss]
|-miss|p1a: Sableye|p2a: Latios
|
|turn|15
|
|switch|p2a: Lopunny|Lopunny-Mega, F, shiny|271\/271
|move|p1a: Sableye|Recover|p1a: Sableye
|-heal|p1a: Sableye|303\/303
|
|turn|16
|
|switch|p1a: Cresselia|Cresselia, F|328\/444
|move|p2a: Lopunny|High Jump Kick|p1a: Cresselia
|-resisted|p1a: Cresselia
|-damage|p1a: Cresselia|238\/444
|
|-heal|p1a: Cresselia|265\/444|[from] item: Leftovers
|turn|17
|
|switch|p2a: Bisharp|Bisharp, M, shiny|217\/271
|switch|p1a: Sableye|Sableye-Mega, F|303\/303
|
|turn|18
|
|switch|p2a: Latios|Latios, M, shiny|301\/301
|move|p1a: Sableye|Will-O-Wisp|p2a: Latios
|-status|p2a: Latios|brn
|
|-damage|p2a: Latios|264\/301 brn|[from] brn
|turn|19
|
|move|p2a: Latios|Draco Meteor|p1a: Sableye
|-damage|p1a: Sableye|118\/303
|-unboost|p2a: Latios|spa|2
|-damage|p2a: Latios|234\/301 brn|[from] item: Life Orb
|move|p1a: Sableye|Recover|p1a: Sableye
|-heal|p1a: Sableye|270\/303
|
|-damage|p2a: Latios|197\/301 brn|[from] brn
|turn|20
|
|move|p2a: Latios|Draco Meteor|p1a: Sableye|[miss]
|-miss|p2a: Latios|p1a: Sableye
|move|p1a: Sableye|Will-O-Wisp|p2a: Latios
|-fail|p2a: Latios|brn
|
|-damage|p2a: Latios|160\/301 brn|[from] brn
|turn|21
|
|move|p2a: Latios|Draco Meteor|p1a: Sableye
|-damage|p1a: Sableye|173\/303
|-unboost|p2a: Latios|spa|2
|-damage|p2a: Latios|130\/301 brn|[from] item: Life Orb
|move|p1a: Sableye|Will-O-Wisp|p2a: Latios
|-fail|p2a: Latios|brn
|
|-damage|p2a: Latios|93\/301 brn|[from] brn
|turn|22
|
|switch|p2a: Lopunny|Lopunny-Mega, F, shiny|271\/271
|move|p1a: Sableye|Recover|p1a: Sableye
|-heal|p1a: Sableye|303\/303
|
|turn|23
|c| denisSss0|heh
|
|switch|p1a: Skarmory|Skarmory, M|334\/334
|move|p2a: Lopunny|High Jump Kick|p1a: Skarmory
|-damage|p1a: Skarmory|196\/334
|
|turn|24
|
|switch|p2a: Gengar|Gengar, F, shiny|261\/261
|move|p1a: Skarmory|Roost|p1a: Skarmory
|-heal|p1a: Skarmory|334\/334
|
|turn|25
|
|switch|p2a: Lopunny|Lopunny-Mega, F, shiny|271\/271
|switch|p1a: Sableye|Sableye-Mega, F|303\/303
|
|turn|26
|join|kloshitt
|
|switch|p1a: Skarmory|Skarmory, M|334\/334
|move|p2a: Lopunny|High Jump Kick|p1a: Skarmory
|-damage|p1a: Skarmory|196\/334
|
|turn|27
|
|move|p2a: Lopunny|High Jump Kick|p1a: Skarmory
|-damage|p1a: Skarmory|55\/334
|move|p1a: Skarmory|Roost|p1a: Skarmory
|-heal|p1a: Skarmory|222\/334
|
|turn|28
|
|switch|p2a: Gengar|Gengar, F, shiny|261\/261
|move|p1a: Skarmory|Roost|p1a: Skarmory
|-heal|p1a: Skarmory|334\/334
|
|turn|29
|
|switch|p2a: Lopunny|Lopunny-Mega, F, shiny|271\/271
|switch|p1a: Sableye|Sableye-Mega, F|303\/303
|
|turn|30
|
|switch|p1a: Cresselia|Cresselia, F|265\/444
|move|p2a: Lopunny|High Jump Kick|p1a: Cresselia
|-resisted|p1a: Cresselia
|-damage|p1a: Cresselia|177\/444
|
|-heal|p1a: Cresselia|204\/444|[from] item: Leftovers
|turn|31
|
|switch|p2a: 08|Crawdaunt, M, shiny|278\/278
|move|p1a: Cresselia|Moonlight|p1a: Cresselia
|-heal|p1a: Cresselia|426\/444
|
|-heal|p1a: Cresselia|444\/444|[from] item: Leftovers
|turn|32
|
|switch|p1a: Skarmory|Skarmory, M|334\/334
|move|p2a: 08|Knock Off|p1a: Skarmory
|-damage|p1a: Skarmory|155\/334
|-enditem|p1a: Skarmory|Shed Shell|[from] move: Knock Off|[of] p2a: 08
|-damage|p2a: 08|251\/278|[from] item: Life Orb
|
|turn|33
|c| DennisEG|crab kills imo
|
|move|p2a: 08|Crabhammer|p1a: Skarmory
|-damage|p1a: Skarmory|0 fnt
|-damage|p2a: 08|224\/278|[from] item: Life Orb
|faint|p1a: Skarmory
|
|c| denisSss0|gg
|
|switch|p1a: Sableye|Sableye-Mega, F|303\/303
|turn|34
|
|switch|p2a: Latios|Latios, M, shiny|93\/301 brn
|move|p1a: Sableye|Calm Mind|p1a: Sableye
|-boost|p1a: Sableye|spa|1
|-boost|p1a: Sableye|spd|1
|
|-damage|p2a: Latios|56\/301 brn|[from] brn
|turn|35
|
|move|p2a: Latios|Draco Meteor|p1a: Sableye
|-damage|p1a: Sableye|161\/303
|-unboost|p2a: Latios|spa|2
|-damage|p2a: Latios|26\/301 brn|[from] item: Life Orb
|move|p1a: Sableye|Calm Mind|p1a: Sableye
|-boost|p1a: Sableye|spa|1
|-boost|p1a: Sableye|spd|1
|
|-damage|p2a: Latios|0 fnt|[from] brn
|faint|p2a: Latios
|
|switch|p2a: 08|Crawdaunt, M, shiny|224\/278
|turn|36
|c| denisSss0|only way rotom wins is 99% luck.
|
|switch|p1a: Chansey|Chansey, F|703\/703
|move|p2a: 08|Crabhammer|p1a: Chansey
|-damage|p1a: Chansey|277\/703
|-damage|p2a: 08|197\/278|[from] item: Life Orb
|
|turn|37
|c| denisSss0|sweep
|
|move|p2a: 08|Knock Off|p1a: Chansey
|-damage|p1a: Chansey|0 fnt
|-enditem|p1a: Chansey|Eviolite|[from] move: Knock Off|[of] p2a: 08
|-damage|p2a: 08|170\/278|[from] item: Life Orb
|faint|p1a: Chansey
|
|
|switch|p1a: Cresselia|Cresselia, F|444\/444
|turn|38
|
|move|p1a: Cresselia|Toxic|p2a: 08
|-status|p2a: 08|tox
|move|p2a: 08|Knock Off|p1a: Cresselia
|-supereffective|p1a: Cresselia
|-damage|p1a: Cresselia|0 fnt
|-enditem|p1a: Cresselia|Leftovers|[from] move: Knock Off|[of] p2a: 08
|-damage|p2a: 08|143\/278 tox|[from] item: Life Orb
|faint|p1a: Cresselia
|
|-damage|p2a: 08|126\/278 tox|[from] psn
|c| DennisEG|crab to stronk
|
|switch|p1a: Sableye|Sableye-Mega, F|161\/303
|turn|39
|c| denisSss0|too stronk
|
|move|p2a: 08|Crabhammer|p1a: Sableye|[miss]
|-miss|p2a: 08|p1a: Sableye
|move|p1a: Sableye|Recover|p1a: Sableye
|-heal|p1a: Sableye|303\/303
|
|-damage|p2a: 08|92\/278 tox|[from] psn
|turn|40
|c| denisSss0|thats part of the luck
|
|move|p2a: 08|Crabhammer|p1a: Sableye|[miss]
|-miss|p2a: 08|p1a: Sableye
|move|p1a: Sableye|Recover|p1a: Sableye
|-fail|p1a: Sableye
|
|-damage|p2a: 08|41\/278 tox|[from] psn
|turn|41
|c| denisSss0|lol
|c| bluri|HJK miss....BELIEVE
|
|switch|p2a: Bisharp|Bisharp, M, shiny|217\/271
|move|p1a: Sableye|Recover|p1a: Sableye
|-fail|p1a: Sableye
|
|turn|42
|join|Swallowed Up
|
|move|p2a: Bisharp|Iron Head|p1a: Sableye
|-damage|p1a: Sableye|171\/303
|cant|p1a: Sableye|flinch
|
|turn|43
|
|move|p2a: Bisharp|Iron Head|p1a: Sableye
|-damage|p1a: Sableye|47\/303
|cant|p1a: Sableye|flinch
|
|turn|44
|c| denisSss0|insane
|-message|CleanerThanRotom-W forfeited.
|leave|CleanerThanRotom-W
|
|win|OTRTVC
|raw|Ladder updating...
|player|p1
|raw|CleanerThanRotom-W's rating: 1839 &rarr; <strong>1813<\/strong><br \/>(-26 for losing)
|raw|OTRTVC's rating: 1730 &rarr; <strong>1756<\/strong><br \/>(+26 for winning)
|leave|testingshittyteams
|leave|DennisEG
|leave|bluri
|leave|kloshitt
|leave|OTRTVC
|player|p2
|leave|fgjkltzfuk