|join|CleanerThanRotom-W
|join|jerry85
|player|p1|CleanerThanRotom-W|226
|player|p2|jerry85|135
|gametype|singles
|gen|6
|tier|OU
|rated
|clearpoke
|poke|p1|Sableye, M
|poke|p1|Chansey, F
|poke|p1|Cresselia, F
|poke|p1|Gothitelle, M
|poke|p1|Skarmory, F
|poke|p1|Quagsire, F
|poke|p2|Sableye, M
|poke|p2|Excadrill, F
|poke|p2|Manaphy
|poke|p2|Gliscor, M
|poke|p2|Talonflame, F
|poke|p2|Clefable, F
|rule|Swagger Clause: Swagger is banned
|rule|Baton Pass Clause: Limit one PokÃ©mon knowing Baton Pass
|rule|Sleep Clause Mod: Limit one foe put to sleep
|rule|Species Clause: Limit one of each PokÃ©mon
|rule|OHKO Clause: OHKO moves are banned
|rule|Moody Clause: Moody is banned
|rule|Evasion Moves Clause: Evasion moves are banned
|rule|Endless Battle Clause: Forcing endless battles is banned
|rule|HP Percentage Mod: HP is shown in percentages
|teampreview
|
|start
|switch|p1a: Sableye|Sableye, M|303\/303
|switch|p2a: Sableye|Sableye, M|303\/303
|turn|1
|
|detailschange|p1a: Sableye|Sableye-Mega, M
|-mega|p1a: Sableye|Sableye|Sablenite
|detailschange|p2a: Sableye|Sableye-Mega, M
|-mega|p2a: Sableye|Sableye|Sablenite
|move|p1a: Sableye|Calm Mind|p1a: Sableye
|-boost|p1a: Sableye|spa|1
|-boost|p1a: Sableye|spd|1
|move|p2a: Sableye|Knock Off|p1a: Sableye
|-damage|p1a: Sableye|252\/303
|
|turn|2
|
|switch|p2a: Clefable|Clefable, F|393\/393
|switch|p1a: Gothitelle|Gothitelle, M|301\/301
|
|turn|3
|
|move|p1a: Gothitelle|Trick|p2a: Clefable
|-activate|p1a: Gothitelle|move: Trick|[of] p2a: Clefable
|-item|p2a: Clefable|Choice Scarf|[from] move: Trick
|-item|p1a: Gothitelle|Leftovers|[from] move: Trick
|move|p2a: Clefable|Moonblast|p1a: Gothitelle
|-damage|p1a: Gothitelle|193\/301
|-unboost|p1a: Gothitelle|spa|1
|
|-heal|p1a: Gothitelle|211\/301|[from] item: Leftovers
|turn|4
|
|move|p1a: Gothitelle|Calm Mind|p1a: Gothitelle
|-boost|p1a: Gothitelle|spa|1
|-boost|p1a: Gothitelle|spd|1
|move|p2a: Clefable|Moonblast|p1a: Gothitelle
|-damage|p1a: Gothitelle|112\/301
|-unboost|p1a: Gothitelle|spa|1
|
|-heal|p1a: Gothitelle|130\/301|[from] item: Leftovers
|turn|5
|
|move|p1a: Gothitelle|Calm Mind|p1a: Gothitelle
|-boost|p1a: Gothitelle|spa|1
|-boost|p1a: Gothitelle|spd|1
|move|p2a: Clefable|Moonblast|p1a: Gothitelle
|-damage|p1a: Gothitelle|27\/301
|-unboost|p1a: Gothitelle|spa|1
|
|-heal|p1a: Gothitelle|45\/301|[from] item: Leftovers
|turn|6
|
|move|p1a: Gothitelle|Rest|p1a: Gothitelle
|-status|p1a: Gothitelle|slp
|-heal|p1a: Gothitelle|301\/301 slp|[silent]
|-status|p1a: Gothitelle|slp|[from] move: Rest
|move|p2a: Clefable|Moonblast|p1a: Gothitelle
|-damage|p1a: Gothitelle|202\/301 slp
|
|-heal|p1a: Gothitelle|220\/301 slp|[from] item: Leftovers
|turn|7
|
|cant|p1a: Gothitelle|slp
|move|p2a: Clefable|Moonblast|p1a: Gothitelle
|-damage|p1a: Gothitelle|123\/301 slp
|
|-heal|p1a: Gothitelle|141\/301 slp|[from] item: Leftovers
|turn|8
|
|cant|p1a: Gothitelle|slp
|move|p2a: Clefable|Moonblast|p1a: Gothitelle
|-damage|p1a: Gothitelle|50\/301 slp
|
|-heal|p1a: Gothitelle|68\/301 slp|[from] item: Leftovers
|turn|9
|
|-curestatus|p1a: Gothitelle|slp
|move|p1a: Gothitelle|Rest|p1a: Gothitelle
|-status|p1a: Gothitelle|slp
|-heal|p1a: Gothitelle|301\/301 slp|[silent]
|-status|p1a: Gothitelle|slp|[from] move: Rest
|move|p2a: Clefable|Moonblast|p1a: Gothitelle
|-damage|p1a: Gothitelle|208\/301 slp
|
|-heal|p1a: Gothitelle|226\/301 slp|[from] item: Leftovers
|turn|10
|
|cant|p1a: Gothitelle|slp
|move|p2a: Clefable|Moonblast|p1a: Gothitelle
|-damage|p1a: Gothitelle|124\/301 slp
|-unboost|p1a: Gothitelle|spa|1
|
|-heal|p1a: Gothitelle|142\/301 slp|[from] item: Leftovers
|turn|11
|
|cant|p1a: Gothitelle|slp
|move|p2a: Clefable|Moonblast|p1a: Gothitelle
|-damage|p1a: Gothitelle|45\/301 slp
|
|-heal|p1a: Gothitelle|63\/301 slp|[from] item: Leftovers
|turn|12
|
|-curestatus|p1a: Gothitelle|slp
|move|p1a: Gothitelle|Rest|p1a: Gothitelle
|-status|p1a: Gothitelle|slp
|-heal|p1a: Gothitelle|301\/301 slp|[silent]
|-status|p1a: Gothitelle|slp|[from] move: Rest
|move|p2a: Clefable|Moonblast|p1a: Gothitelle
|-damage|p1a: Gothitelle|198\/301 slp
|-unboost|p1a: Gothitelle|spa|1
|
|-heal|p1a: Gothitelle|216\/301 slp|[from] item: Leftovers
|turn|13
|
|cant|p1a: Gothitelle|slp
|move|p2a: Clefable|Moonblast|p1a: Gothitelle
|-damage|p1a: Gothitelle|108\/301 slp
|
|-heal|p1a: Gothitelle|126\/301 slp|[from] item: Leftovers
|turn|14
|
|cant|p1a: Gothitelle|slp
|move|p2a: Clefable|Moonblast|p1a: Gothitelle
|-damage|p1a: Gothitelle|30\/301 slp
|-unboost|p1a: Gothitelle|spa|1
|
|-heal|p1a: Gothitelle|48\/301 slp|[from] item: Leftovers
|turn|15
|
|-curestatus|p1a: Gothitelle|slp
|move|p1a: Gothitelle|Rest|p1a: Gothitelle
|-status|p1a: Gothitelle|slp
|-heal|p1a: Gothitelle|301\/301 slp|[silent]
|-status|p1a: Gothitelle|slp|[from] move: Rest
|move|p2a: Clefable|Moonblast|p1a: Gothitelle
|-damage|p1a: Gothitelle|198\/301 slp
|-unboost|p1a: Gothitelle|spa|1
|
|-heal|p1a: Gothitelle|216\/301 slp|[from] item: Leftovers
|turn|16
|
|cant|p1a: Gothitelle|slp
|move|p2a: Clefable|Moonblast|p1a: Gothitelle
|-damage|p1a: Gothitelle|125\/301 slp
|-unboost|p1a: Gothitelle|spa|1
|
|-heal|p1a: Gothitelle|143\/301 slp|[from] item: Leftovers
|turn|17
|
|cant|p1a: Gothitelle|slp
|move|p2a: Clefable|Moonblast|p1a: Gothitelle
|-damage|p1a: Gothitelle|37\/301 slp
|
|-heal|p1a: Gothitelle|55\/301 slp|[from] item: Leftovers
|turn|18
|
|-curestatus|p1a: Gothitelle|slp
|move|p1a: Gothitelle|Rest|p1a: Gothitelle
|-status|p1a: Gothitelle|slp
|-heal|p1a: Gothitelle|301\/301 slp|[silent]
|-status|p1a: Gothitelle|slp|[from] move: Rest
|move|p2a: Clefable|Moonblast|p1a: Gothitelle
|-damage|p1a: Gothitelle|193\/301 slp
|
|-heal|p1a: Gothitelle|211\/301 slp|[from] item: Leftovers
|turn|19
|
|cant|p1a: Gothitelle|slp
|move|p2a: Clefable|Moonblast|p1a: Gothitelle
|-damage|p1a: Gothitelle|111\/301 slp
|
|-heal|p1a: Gothitelle|129\/301 slp|[from] item: Leftovers
|turn|20
|join|RayDalio
|
|cant|p1a: Gothitelle|slp
|move|p2a: Clefable|Moonblast|p1a: Gothitelle
|-damage|p1a: Gothitelle|33\/301 slp
|
|-heal|p1a: Gothitelle|51\/301 slp|[from] item: Leftovers
|turn|21
|
|-curestatus|p1a: Gothitelle|slp
|move|p1a: Gothitelle|Rest|p1a: Gothitelle
|-status|p1a: Gothitelle|slp
|-heal|p1a: Gothitelle|301\/301 slp|[silent]
|-status|p1a: Gothitelle|slp|[from] move: Rest
|move|p2a: Clefable|Moonblast|p1a: Gothitelle
|-damage|p1a: Gothitelle|205\/301 slp
|
|-heal|p1a: Gothitelle|223\/301 slp|[from] item: Leftovers
|turn|22
|
|cant|p1a: Gothitelle|slp
|move|p2a: Clefable|Moonblast|p1a: Gothitelle
|-damage|p1a: Gothitelle|132\/301 slp
|
|-heal|p1a: Gothitelle|150\/301 slp|[from] item: Leftovers
|turn|23
|
|cant|p1a: Gothitelle|slp
|move|p2a: Clefable|Moonblast|p1a: Gothitelle
|-damage|p1a: Gothitelle|47\/301 slp
|
|-heal|p1a: Gothitelle|65\/301 slp|[from] item: Leftovers
|turn|24
|
|-curestatus|p1a: Gothitelle|slp
|move|p1a: Gothitelle|Rest|p1a: Gothitelle
|-status|p1a: Gothitelle|slp
|-heal|p1a: Gothitelle|301\/301 slp|[silent]
|-status|p1a: Gothitelle|slp|[from] move: Rest
|move|p2a: Clefable|Moonblast|p1a: Gothitelle
|-damage|p1a: Gothitelle|204\/301 slp
|
|-heal|p1a: Gothitelle|222\/301 slp|[from] item: Leftovers
|turn|25
|
|cant|p1a: Gothitelle|slp
|move|p2a: Clefable|Moonblast|p1a: Gothitelle
|-damage|p1a: Gothitelle|122\/301 slp
|
|-heal|p1a: Gothitelle|140\/301 slp|[from] item: Leftovers
|turn|26
|
|cant|p1a: Gothitelle|slp
|move|p2a: Clefable|Moonblast|p1a: Gothitelle
|-damage|p1a: Gothitelle|37\/301 slp
|
|-heal|p1a: Gothitelle|55\/301 slp|[from] item: Leftovers
|turn|27
|
|-curestatus|p1a: Gothitelle|slp
|move|p1a: Gothitelle|Rest|p1a: Gothitelle
|-status|p1a: Gothitelle|slp
|-heal|p1a: Gothitelle|301\/301 slp|[silent]
|-status|p1a: Gothitelle|slp|[from] move: Rest
|move|p2a: Clefable|Struggle|p1a: Gothitelle
|-damage|p1a: Gothitelle|276\/301 slp
|-damage|p2a: Clefable|295\/393
|
|-heal|p1a: Gothitelle|294\/301 slp|[from] item: Leftovers
|turn|28
|join|jake and amir
|
|cant|p1a: Gothitelle|slp
|move|p2a: Clefable|Struggle|p1a: Gothitelle
|-damage|p1a: Gothitelle|268\/301 slp
|-damage|p2a: Clefable|197\/393
|
|-heal|p1a: Gothitelle|286\/301 slp|[from] item: Leftovers
|turn|29
|
|cant|p1a: Gothitelle|slp
|move|p2a: Clefable|Struggle|p1a: Gothitelle
|-damage|p1a: Gothitelle|263\/301 slp
|-damage|p2a: Clefable|99\/393
|
|-heal|p1a: Gothitelle|281\/301 slp|[from] item: Leftovers
|turn|30
|c| RayDalio|This is beautiful
|
|-curestatus|p1a: Gothitelle|slp
|move|p1a: Gothitelle|Trick|p2a: Clefable
|-activate|p1a: Gothitelle|move: Trick|[of] p2a: Clefable
|-item|p2a: Clefable|Leftovers|[from] move: Trick
|-item|p1a: Gothitelle|Choice Scarf|[from] move: Trick
|move|p2a: Clefable|Struggle|p1a: Gothitelle
|-damage|p1a: Gothitelle|257\/301
|-damage|p2a: Clefable|1\/393
|
|-heal|p2a: Clefable|25\/393|[from] item: Leftovers
|turn|31
|
|move|p1a: Gothitelle|Psychic|p2a: Clefable
|-damage|p2a: Clefable|0 fnt
|faint|p2a: Clefable
|
|c| jake and amir|yeah abusing a brain dead 0 skill trapper is beautiful indeed :)
|join|RagnarFR
|
|switch|p2a: Gliscor|Gliscor, M|353\/353
|turn|32
|
|switch|p1a: Sableye|Sableye-Mega, M|252\/303
|move|p2a: Gliscor|U-turn|p1a: Sableye
|-damage|p1a: Sableye|206\/303
|
|switch|p2a: Talonflame|Talonflame, F|345\/345
|
|turn|33
|
|move|p2a: Talonflame|Brave Bird|p1a: Sableye
|-damage|p1a: Sableye|71\/303
|-damage|p2a: Talonflame|300\/345|[from] recoil|[of] p1a: Sableye
|move|p1a: Sableye|Recover|p1a: Sableye
|-heal|p1a: Sableye|223\/303
|
|-heal|p2a: Talonflame|321\/345|[from] item: Leftovers
|turn|34
|
|switch|p2a: Manaphy|Manaphy|401\/401
|move|p1a: Sableye|Recover|p1a: Sableye
|-heal|p1a: Sableye|303\/303
|
|turn|35
|
|switch|p1a: Chansey|Chansey, F|703\/703
|move|p2a: Manaphy|U-turn|p1a: Chansey
|-damage|p1a: Chansey|634\/703
|
|switch|p2a: Talonflame|Talonflame, F|321\/345
|
|-heal|p2a: Talonflame|342\/345|[from] item: Leftovers
|turn|36
|
|switch|p1a: Quagsire|Quagsire, F|393\/393
|move|p2a: Talonflame|Brave Bird|p1a: Quagsire
|-damage|p1a: Quagsire|263\/393
|-damage|p2a: Talonflame|299\/345|[from] recoil|[of] p1a: Quagsire
|
|-heal|p2a: Talonflame|320\/345|[from] item: Leftovers
|-heal|p1a: Quagsire|287\/393|[from] item: Leftovers
|turn|37
|
|switch|p2a: Sableye|Sableye-Mega, M|303\/303
|move|p1a: Quagsire|Toxic|p2a: Sableye
|move|p2a: Sableye|Toxic|p1a: Quagsire|[from]Magic Bounce
|-status|p1a: Quagsire|tox
|
|-heal|p1a: Quagsire|311\/393 tox|[from] item: Leftovers
|-damage|p1a: Quagsire|287\/393 tox|[from] psn
|turn|38
|
|switch|p2a: Manaphy|Manaphy|401\/401
|move|p1a: Quagsire|Scald|p2a: Manaphy
|-resisted|p2a: Manaphy
|-damage|p2a: Manaphy|374\/401
|
|-heal|p2a: Manaphy|399\/401|[from] item: Leftovers
|-heal|p1a: Quagsire|311\/393 tox|[from] item: Leftovers
|-damage|p1a: Quagsire|263\/393 tox|[from] psn
|turn|39
|
|move|p2a: Manaphy|U-turn|p1a: Quagsire
|-damage|p1a: Quagsire|225\/393 tox
|
|switch|p2a: Sableye|Sableye-Mega, M|303\/303
|move|p1a: Quagsire|Recover|p1a: Quagsire
|-heal|p1a: Quagsire|393\/393 tox
|
|-damage|p1a: Quagsire|321\/393 tox|[from] psn
|turn|40
|
|switch|p1a: Sableye|Sableye-Mega, M|303\/303
|move|p2a: Sableye|Knock Off|p1a: Sableye
|-damage|p1a: Sableye|248\/303
|
|turn|41
|
|switch|p1a: Gothitelle|Gothitelle, M|257\/301
|move|p2a: Sableye|Foul Play|p1a: Gothitelle
|-supereffective|p1a: Gothitelle
|-damage|p1a: Gothitelle|155\/301
|
|turn|42
|
|switch|p1a: Sableye|Sableye-Mega, M|248\/303
|move|p2a: Sableye|Knock Off|p1a: Sableye
|-damage|p1a: Sableye|188\/303
|
|turn|43
|
|switch|p2a: Manaphy|Manaphy|399\/401
|move|p1a: Sableye|Recover|p1a: Sableye
|-heal|p1a: Sableye|303\/303
|
|-heal|p2a: Manaphy|401\/401|[from] item: Leftovers
|turn|44
|
|switch|p1a: Chansey|Chansey, F|634\/703
|move|p2a: Manaphy|U-turn|p1a: Chansey
|-damage|p1a: Chansey|571\/703
|
|switch|p2a: Gliscor|Gliscor, M|353\/353
|
|-status|p2a: Gliscor|tox|[from] item: Toxic Orb
|turn|45
|
|switch|p1a: Sableye|Sableye-Mega, M|303\/303
|move|p2a: Gliscor|U-turn|p1a: Sableye
|-damage|p1a: Sableye|255\/303
|
|switch|p2a: Manaphy|Manaphy|401\/401
|
|turn|46
|
|move|p2a: Manaphy|Scald|p1a: Sableye
|-damage|p1a: Sableye|198\/303
|move|p1a: Sableye|Recover|p1a: Sableye
|-heal|p1a: Sableye|303\/303
|
|turn|47
|
|move|p2a: Manaphy|U-turn|p1a: Sableye
|-damage|p1a: Sableye|263\/303
|
|switch|p2a: Sableye|Sableye-Mega, M|303\/303
|move|p1a: Sableye|Snarl|p2a: Sableye
|-damage|p2a: Sableye|267\/303
|-unboost|p2a: Sableye|spa|1
|
|turn|48
|
|switch|p2a: Excadrill|Excadrill, F|424\/424
|-ability|p2a: Excadrill|Mold Breaker
|move|p1a: Sableye|Calm Mind|p1a: Sableye
|-boost|p1a: Sableye|spa|1
|-boost|p1a: Sableye|spd|1
|
|turn|49
|
|switch|p2a: Manaphy|Manaphy|401\/401
|move|p1a: Sableye|Will-O-Wisp|p2a: Manaphy
|-status|p2a: Manaphy|brn
|
|-damage|p2a: Manaphy|351\/401 brn|[from] brn
|turn|50
|
|switch|p1a: Chansey|Chansey, F|571\/703
|move|p2a: Manaphy|Rain Dance|p2a: Manaphy
|-weather|RainDance
|
|-weather|RainDance|[upkeep]
|-curestatus|p2a: Manaphy|brn
|-heal|p2a: Manaphy|376\/401|[from] item: Leftovers
|turn|51
|join|Bloodz
|
|move|p2a: Manaphy|U-turn|p1a: Chansey
|-damage|p1a: Chansey|505\/703
|
|switch|p2a: Sableye|Sableye-Mega, M|267\/303
|move|p1a: Chansey|Heal Bell|p1a: Chansey
|-cureteam|p1a: Chansey|[from] move: HealBell
|
|-weather|RainDance|[upkeep]
|turn|52
|c| Bloodz|nice and got that team from the RMT
|
|switch|p1a: Sableye|Sableye-Mega, M|263\/303
|move|p2a: Sableye|Knock Off|p1a: Sableye
|-damage|p1a: Sableye|205\/303
|
|-weather|RainDance|[upkeep]
|turn|53
|c|âCleanerThanRotom-W|ive faced so many people with it since yesterday
|c|âCleanerThanRotom-W|idk why
|c| Bloodz|reverb used it a bit
|c|âCleanerThanRotom-W|people dont seem to teambuild anymore
|
|switch|p2a: Manaphy|Manaphy|376\/401
|move|p1a: Sableye|Recover|p1a: Sableye
|-heal|p1a: Sableye|303\/303
|
|-weather|RainDance|[upkeep]
|-heal|p2a: Manaphy|401\/401|[from] item: Leftovers
|turn|54
|c| Bloodz|^
|
|move|p2a: Manaphy|U-turn|p1a: Sableye
|-damage|p1a: Sableye|263\/303
|
|switch|p2a: Gliscor|Gliscor, M|353\/353 tox
|move|p1a: Sableye|Recover|p1a: Sableye
|-heal|p1a: Sableye|303\/303
|
|-weather|none
|turn|55
|c| Bloodz|someone peaked #1 with this team as well
|c| Bloodz|and RMT'd it
|c|âCleanerThanRotom-W|ik
|
|move|p2a: Gliscor|Taunt|p1a: Sableye
|move|p1a: Sableye|Taunt|p2a: Gliscor|[from]Magic Bounce
|-start|p2a: Gliscor|move: Taunt
|move|p1a: Sableye|Calm Mind|p1a: Sableye
|-boost|p1a: Sableye|spa|1
|-boost|p1a: Sableye|spd|1
|
|turn|56
|
|move|p2a: Gliscor|U-turn|p1a: Sableye
|-damage|p1a: Sableye|259\/303
|join|Appreciation
|
|switch|p2a: Manaphy|Manaphy|401\/401
|move|p1a: Sableye|Calm Mind|p1a: Sableye
|-boost|p1a: Sableye|spa|1
|-boost|p1a: Sableye|spd|1
|
|turn|57
|
|move|p2a: Manaphy|Scald|p1a: Sableye
|-damage|p1a: Sableye|226\/303
|move|p1a: Sableye|Snarl|p2a: Manaphy
|-crit|p2a: Manaphy
|-damage|p2a: Manaphy|287\/401
|-unboost|p2a: Manaphy|spa|1
|
|-heal|p2a: Manaphy|312\/401|[from] item: Leftovers
|turn|58
|c| Appreciation|his wolf bros or whatever ur called
|leave|Appreciation
|
|move|p2a: Manaphy|U-turn|p1a: Sableye
|-damage|p1a: Sableye|183\/303
|
|switch|p2a: Talonflame|Talonflame, F|320\/345
|move|p1a: Sableye|Recover|p1a: Sableye
|-heal|p1a: Sableye|303\/303
|
|-heal|p2a: Talonflame|341\/345|[from] item: Leftovers
|turn|59
|
|switch|p2a: Manaphy|Manaphy|312\/401
|move|p1a: Sableye|Snarl|p2a: Manaphy
|-miss|p1a: Sableye|p2a: Manaphy
|
|-heal|p2a: Manaphy|337\/401|[from] item: Leftovers
|turn|60
|
|move|p2a: Manaphy|U-turn|p1a: Sableye
|-damage|p1a: Sableye|260\/303
|
|switch|p2a: Sableye|Sableye-Mega, M|267\/303
|move|p1a: Sableye|Calm Mind|p1a: Sableye
|-boost|p1a: Sableye|spa|1
|-boost|p1a: Sableye|spd|1
|
|turn|61
|
|move|p1a: Sableye|Calm Mind|p1a: Sableye
|-boost|p1a: Sableye|spa|1
|-boost|p1a: Sableye|spd|1
|move|p2a: Sableye|Knock Off|p1a: Sableye
|-damage|p1a: Sableye|200\/303
|
|turn|62
|join|Alvadora
|
|move|p1a: Sableye|Recover|p1a: Sableye
|-heal|p1a: Sableye|303\/303
|move|p2a: Sableye|Knock Off|p1a: Sableye
|-damage|p1a: Sableye|251\/303
|
|turn|63
|
|move|p2a: Sableye|Knock Off|p1a: Sableye
|-damage|p1a: Sableye|191\/303
|move|p1a: Sableye|Snarl|p2a: Sableye
|-damage|p2a: Sableye|149\/303
|-unboost|p2a: Sableye|spa|1
|
|turn|64
|
|move|p2a: Sableye|Recover|p2a: Sableye
|-heal|p2a: Sableye|301\/303
|move|p1a: Sableye|Recover|p1a: Sableye
|-heal|p1a: Sableye|303\/303
|
|turn|65
|
|move|p1a: Sableye|Calm Mind|p1a: Sableye
|-boost|p1a: Sableye|spa|1
|-boost|p1a: Sableye|spd|1
|move|p2a: Sableye|Knock Off|p1a: Sableye
|-damage|p1a: Sableye|252\/303
|
|turn|66
|
|move|p2a: Sableye|Foul Play|p1a: Sableye
|-damage|p1a: Sableye|192\/303
|move|p1a: Sableye|Calm Mind|p1a: Sableye
|-boost|p1a: Sableye|spa|1
|-boost|p1a: Sableye|spd|1
|
|turn|67
|
|move|p1a: Sableye|Recover|p1a: Sableye
|-heal|p1a: Sableye|303\/303
|move|p2a: Sableye|Knock Off|p1a: Sableye
|-damage|p1a: Sableye|252\/303
|
|turn|68
|
|move|p1a: Sableye|Snarl|p2a: Sableye
|-crit|p2a: Sableye
|-damage|p2a: Sableye|96\/303
|-unboost|p2a: Sableye|spa|1
|move|p2a: Sableye|Knock Off|p1a: Sableye
|-damage|p1a: Sableye|195\/303
|
|turn|69
|
|move|p2a: Sableye|Recover|p2a: Sableye
|-heal|p2a: Sableye|248\/303
|move|p1a: Sableye|Snarl|p2a: Sableye
|-damage|p2a: Sableye|113\/303
|-unboost|p2a: Sableye|spa|1
|
|turn|70
|
|move|p1a: Sableye|Snarl|p2a: Sableye
|-damage|p2a: Sableye|0 fnt
|faint|p2a: Sableye
|
|c| RagnarFR|Â§data snarl
|
|switch|p2a: Gliscor|Gliscor, M|353\/353 tox
|turn|71
|
|move|p2a: Gliscor|Earthquake|p1a: Sableye
|-damage|p1a: Sableye|98\/303
|move|p1a: Sableye|Recover|p1a: Sableye
|-heal|p1a: Sableye|250\/303
|
|turn|72
|-message|jerry85 forfeited.
|leave|jerry85
|
|win|CleanerThanRotom-W
|raw|Ladder updating...
|player|p2
|raw|CleanerThanRotom-W's rating: 1829 &rarr; <strong>1840<\/strong><br \/>(+11 for winning)
|raw|jerry85's rating: 1658 &rarr; <strong>1647<\/strong><br \/>(-11 for losing)
|leave|Bloodz
|leave|CleanerThanRotom-W
|player|p1
|leave|Alvadora
|leave|RagnarFR