|join|CleanerThanRotom-W
|join|kloshitt
|player|p1|CleanerThanRotom-W|226
|player|p2|kloshitt|164
|gametype|singles
|gen|6
|tier|OU
|rated
|clearpoke
|poke|p1|Sableye, M
|poke|p1|Chansey, F
|poke|p1|Cresselia, F
|poke|p1|Gothitelle, M
|poke|p1|Skarmory, M
|poke|p1|Quagsire, F
|poke|p2|Scizor, F
|poke|p2|Kyurem-Black
|poke|p2|Landorus-Therian, M
|poke|p2|Gengar, F
|poke|p2|Latias, F
|poke|p2|Heatran, F
|rule|Swagger Clause: Swagger is banned
|rule|Baton Pass Clause: Limit one PokÃ©mon knowing Baton Pass
|rule|Sleep Clause Mod: Limit one foe put to sleep
|rule|Species Clause: Limit one of each PokÃ©mon
|rule|OHKO Clause: OHKO moves are banned
|rule|Moody Clause: Moody is banned
|rule|Evasion Moves Clause: Evasion moves are banned
|rule|Endless Battle Clause: Forcing endless battles is banned
|rule|HP Percentage Mod: HP is shown in percentages
|teampreview
|
|start
|switch|p1a: Sableye|Sableye, M|303\/303
|switch|p2a: Landorus-Therian|Landorus-Therian, M|382\/382
|-ability|p2a: Landorus-Therian|Intimidate|[of] p1a: Sableye
|-unboost|p1a: Sableye|atk|1
|turn|1
|join|cleaner is bad
|join|Ebinola
|
|switch|p2a: Heatran|Heatran, F|386\/386
|detailschange|p1a: Sableye|Sableye-Mega, M
|-mega|p1a: Sableye|Sableye|Sablenite
|move|p1a: Sableye|Snarl|p2a: Heatran
|-damage|p2a: Heatran|347\/386
|-unboost|p2a: Heatran|spa|1
|
|-heal|p2a: Heatran|371\/386|[from] item: Leftovers
|turn|2
|
|switch|p2a: Landorus-Therian|Landorus-Therian, M|382\/382
|-ability|p2a: Landorus-Therian|Intimidate|[of] p1a: Sableye
|-unboost|p1a: Sableye|atk|1
|switch|p1a: Gothitelle|Gothitelle, M|301\/301
|
|turn|3
|
|switch|p1a: Skarmory|Skarmory, M|334\/334
|move|p2a: Landorus-Therian|U-turn|p1a: Skarmory
|-resisted|p1a: Skarmory
|-damage|p1a: Skarmory|323\/334
|
|switch|p2a: Gengar|Gengar, F|261\/261
|
|turn|4
|
|switch|p1a: Sableye|Sableye-Mega, M|303\/303
|move|p2a: Gengar|Shadow Ball|p1a: Sableye
|-damage|p1a: Sableye|178\/303
|-damage|p2a: Gengar|235\/261|[from] item: Life Orb
|
|turn|5
|
|switch|p2a: Heatran|Heatran, F|371\/386
|move|p1a: Sableye|Recover|p1a: Sableye
|-heal|p1a: Sableye|303\/303
|
|-heal|p2a: Heatran|386\/386|[from] item: Leftovers
|turn|6
|join|Swallowed Up
|
|switch|p1a: Gothitelle|Gothitelle, M|301\/301
|move|p2a: Heatran|Magma Storm|p1a: Gothitelle
|-damage|p1a: Gothitelle|160\/301
|-activate|p1a: Gothitelle|move: Magma Storm|[of] p2a: Heatran
|
|-damage|p1a: Gothitelle|123\/301|[from] move: Magma Storm|[partiallytrapped]
|turn|7
|
|move|p1a: Gothitelle|Trick|p2a: Heatran
|-activate|p1a: Gothitelle|move: Trick|[of] p2a: Heatran
|-item|p2a: Heatran|Choice Scarf|[from] move: Trick
|-item|p1a: Gothitelle|Leftovers|[from] move: Trick
|move|p2a: Heatran|Magma Storm|p1a: Gothitelle
|-damage|p1a: Gothitelle|0 fnt
|faint|p1a: Gothitelle
|
|
|switch|p1a: Quagsire|Quagsire, F|393\/393
|turn|8
|
|switch|p2a: Landorus-Therian|Landorus-Therian, M|382\/382
|-ability|p2a: Landorus-Therian|Intimidate|[of] p1a: Quagsire
|-unboost|p1a: Quagsire|atk|1
|move|p1a: Quagsire|Toxic|p2a: Landorus-Therian
|-status|p2a: Landorus-Therian|tox
|
|-damage|p2a: Landorus-Therian|359\/382 tox|[from] psn
|turn|9
|
|switch|p1a: Skarmory|Skarmory, M|323\/334
|move|p2a: Landorus-Therian|Stealth Rock|p1a: Skarmory
|-sidestart|p1: CleanerThanRotom-W|move: Stealth Rock
|
|-heal|p2a: Landorus-Therian|382\/382 tox|[from] item: Leftovers
|-damage|p2a: Landorus-Therian|336\/382 tox|[from] psn
|turn|10
|
|move|p2a: Landorus-Therian|U-turn|p1a: Skarmory
|-resisted|p1a: Skarmory
|-damage|p1a: Skarmory|312\/334
|
|switch|p2a: Gengar|Gengar, F|235\/261
|move|p1a: Skarmory|Defog|p2a: Gengar
|-unboost|p2a: Gengar|evasion|1
|-sideend|p1: CleanerThanRotom-W|Stealth Rock|[from] move: Defog|[of] p1a: Skarmory
|
|turn|11
|
|switch|p1a: Sableye|Sableye-Mega, M|303\/303
|move|p2a: Gengar|Shadow Ball|p1a: Sableye
|-damage|p1a: Sableye|185\/303
|-damage|p2a: Gengar|209\/261|[from] item: Life Orb
|
|turn|12
|
|switch|p2a: Heatran|Heatran, F|386\/386
|move|p1a: Sableye|Recover|p1a: Sableye
|-heal|p1a: Sableye|303\/303
|
|turn|13
|
|switch|p1a: Chansey|Chansey, F|703\/703
|move|p2a: Heatran|Magma Storm|p1a: Chansey
|-damage|p1a: Chansey|604\/703
|-activate|p1a: Chansey|move: Magma Storm|[of] p2a: Heatran
|
|-damage|p1a: Chansey|517\/703|[from] move: Magma Storm|[partiallytrapped]
|turn|14
|
|switch|p2a: Scizor|Scizor, F|310\/310
|move|p1a: Chansey|Stealth Rock|p2a: Scizor
|-sidestart|p2: kloshitt|move: Stealth Rock
|
|-end|p1a: Chansey|Magma Storm|[partiallytrapped]
|turn|15
|
|switch|p1a: Skarmory|Skarmory, M|312\/334
|detailschange|p2a: Scizor|Scizor-Mega, F
|-mega|p2a: Scizor|Scizor|Scizorite
|move|p2a: Scizor|Bug Bite|p1a: Skarmory
|-resisted|p1a: Skarmory
|-damage|p1a: Skarmory|283\/334
|
|turn|16
|
|move|p2a: Scizor|Swords Dance|p2a: Scizor
|-boost|p2a: Scizor|atk|2
|move|p1a: Skarmory|Roost|p1a: Skarmory
|-heal|p1a: Skarmory|334\/334
|
|turn|17
|
|move|p2a: Scizor|Swords Dance|p2a: Scizor
|-boost|p2a: Scizor|atk|2
|move|p1a: Skarmory|Counter|p2a: Scizor
|-fail|p2a: Scizor
|
|turn|18
|
|switch|p1a: Quagsire|Quagsire, F|393\/393
|move|p2a: Scizor|Swords Dance|p2a: Scizor
|-boost|p2a: Scizor|atk|2
|
|turn|19
|
|move|p2a: Scizor|Bug Bite|p1a: Quagsire
|-damage|p1a: Quagsire|228\/393
|move|p1a: Quagsire|Scald|p2a: Scizor
|-damage|p2a: Scizor|246\/310
|
|-heal|p1a: Quagsire|252\/393|[from] item: Leftovers
|turn|20
|
|move|p2a: Scizor|Bug Bite|p1a: Quagsire
|-damage|p1a: Quagsire|96\/393
|move|p1a: Quagsire|Recover|p1a: Quagsire
|-heal|p1a: Quagsire|293\/393
|
|-heal|p1a: Quagsire|317\/393|[from] item: Leftovers
|turn|21
|
|switch|p2a: Latias|Latias, F|320\/320
|-damage|p2a: Latias|280\/320|[from] Stealth Rock
|move|p1a: Quagsire|Recover|p1a: Quagsire
|-heal|p1a: Quagsire|393\/393
|
|turn|22
|
|switch|p1a: Chansey|Chansey, F|517\/703
|move|p2a: Latias|Defog|p1a: Chansey
|-unboost|p1a: Chansey|evasion|1
|-sideend|p2: kloshitt|Stealth Rock|[from] move: Defog|[of] p2a: Latias
|
|turn|23
|
|move|p2a: Latias|Psyshock|p1a: Chansey
|-damage|p1a: Chansey|305\/703
|-damage|p2a: Latias|248\/320|[from] item: Life Orb
|move|p1a: Chansey|Stealth Rock|p2a: Latias
|-sidestart|p2: kloshitt|move: Stealth Rock
|
|turn|24
|
|move|p2a: Latias|Psyshock|p1a: Chansey
|-damage|p1a: Chansey|87\/703
|-damage|p2a: Latias|216\/320|[from] item: Life Orb
|move|p1a: Chansey|Soft-Boiled|p1a: Chansey
|-heal|p1a: Chansey|439\/703
|
|turn|25
|
|move|p2a: Latias|Defog|p1a: Chansey
|-unboost|p1a: Chansey|evasion|1
|-sideend|p2: kloshitt|Stealth Rock|[from] move: Defog|[of] p2a: Latias
|move|p1a: Chansey|Soft-Boiled|p1a: Chansey
|-heal|p1a: Chansey|703\/703
|
|turn|26
|
|switch|p2a: Gengar|Gengar, F|209\/261
|move|p1a: Chansey|Stealth Rock|p2a: Gengar
|-sidestart|p2: kloshitt|move: Stealth Rock
|
|turn|27
|
|switch|p1a: Sableye|Sableye-Mega, M|303\/303
|move|p2a: Gengar|Taunt|p1a: Sableye
|move|p1a: Sableye|Taunt|p2a: Gengar|[from]Magic Bounce
|-start|p2a: Gengar|move: Taunt
|
|turn|28
|
|switch|p2a: Heatran|Heatran, F|386\/386
|-damage|p2a: Heatran|338\/386|[from] Stealth Rock
|move|p1a: Sableye|Snarl|p2a: Heatran
|-damage|p2a: Heatran|301\/386
|-unboost|p2a: Heatran|spa|1
|
|turn|29
|
|switch|p1a: Chansey|Chansey, F|703\/703
|move|p2a: Heatran|Magma Storm|p1a: Chansey
|-damage|p1a: Chansey|637\/703
|-activate|p1a: Chansey|move: Magma Storm|[of] p2a: Heatran
|
|-damage|p1a: Chansey|550\/703|[from] move: Magma Storm|[partiallytrapped]
|turn|30
|
|move|p2a: Heatran|Magma Storm|p1a: Chansey
|-damage|p1a: Chansey|487\/703
|move|p1a: Chansey|Seismic Toss|p2a: Heatran
|-damage|p2a: Heatran|201\/386
|
|-damage|p1a: Chansey|400\/703|[from] move: Magma Storm|[partiallytrapped]
|turn|31
|
|switch|p2a: Gengar|Gengar, F|209\/261
|-damage|p2a: Gengar|177\/261|[from] Stealth Rock
|move|p1a: Chansey|Soft-Boiled|p1a: Chansey
|-heal|p1a: Chansey|703\/703
|
|-end|p1a: Chansey|Magma Storm|[partiallytrapped]
|turn|32
|
|switch|p2a: Kyurem-Black|Kyurem-Black|391\/391
|-damage|p2a: Kyurem-Black|294\/391|[from] Stealth Rock
|-ability|p2a: Kyurem-Black|Teravolt
|switch|p1a: Sableye|Sableye-Mega, M|303\/303
|
|turn|33
|
|move|p2a: Kyurem-Black|Outrage|p1a: Sableye
|-damage|p1a: Sableye|101\/303
|move|p1a: Sableye|Will-O-Wisp|p2a: Kyurem-Black
|-status|p2a: Kyurem-Black|brn
|
|-damage|p2a: Kyurem-Black|246\/391 brn|[from] brn
|turn|34
|
|switch|p1a: Chansey|Chansey, F|703\/703
|move|p2a: Kyurem-Black|Outrage|p1a: Chansey
|-damage|p1a: Chansey|543\/703
|
|-damage|p2a: Kyurem-Black|198\/391 brn|[from] brn
|turn|35
|
|move|p2a: Kyurem-Black|Outrage|p1a: Chansey
|-crit|p1a: Chansey
|-damage|p1a: Chansey|284\/703
|move|p1a: Chansey|Soft-Boiled|p1a: Chansey
|-heal|p1a: Chansey|636\/703
|
|-end|p2a: Kyurem-Black|rampage
|-start|p2a: Kyurem-Black|confusion
|-damage|p2a: Kyurem-Black|150\/391 brn|[from] brn
|turn|36
|
|switch|p2a: Gengar|Gengar, F|177\/261
|-damage|p2a: Gengar|145\/261|[from] Stealth Rock
|switch|p1a: Cresselia|Cresselia, F|444\/444
|
|turn|37
|
|switch|p2a: Landorus-Therian|Landorus-Therian, M|336\/382 tox
|-damage|p2a: Landorus-Therian|289\/382 tox|[from] Stealth Rock
|-ability|p2a: Landorus-Therian|Intimidate|[of] p1a: Cresselia
|-unboost|p1a: Cresselia|atk|1
|move|p1a: Cresselia|Psyshock|p2a: Landorus-Therian
|-damage|p2a: Landorus-Therian|216\/382 tox
|
|-heal|p2a: Landorus-Therian|239\/382 tox|[from] item: Leftovers
|-damage|p2a: Landorus-Therian|216\/382 tox|[from] psn
|turn|38
|
|switch|p1a: Skarmory|Skarmory, M|334\/334
|move|p2a: Landorus-Therian|Stealth Rock|p1a: Skarmory
|-sidestart|p1: CleanerThanRotom-W|move: Stealth Rock
|
|-heal|p2a: Landorus-Therian|239\/382 tox|[from] item: Leftovers
|-damage|p2a: Landorus-Therian|193\/382 tox|[from] psn
|turn|39
|
|move|p2a: Landorus-Therian|U-turn|p1a: Skarmory
|-resisted|p1a: Skarmory
|-damage|p1a: Skarmory|324\/334
|
|switch|p2a: Gengar|Gengar, F|145\/261
|-damage|p2a: Gengar|113\/261|[from] Stealth Rock
|move|p1a: Skarmory|Defog|p2a: Gengar
|-unboost|p2a: Gengar|evasion|1
|-sideend|p2: kloshitt|Stealth Rock|[from] move: Defog|[of] p2a: Gengar
|-sideend|p1: CleanerThanRotom-W|Stealth Rock|[from] move: Defog|[of] p1a: Skarmory
|
|turn|40
|
|switch|p1a: Chansey|Chansey, F|636\/703
|move|p2a: Gengar|Shadow Ball|p1a: Chansey
|-immune|p1a: Chansey|[msg]
|
|turn|41
|
|move|p2a: Gengar|Shadow Ball|p1a: Chansey
|-immune|p1a: Chansey|[msg]
|move|p1a: Chansey|Soft-Boiled|p1a: Chansey
|-heal|p1a: Chansey|703\/703
|
|turn|42
|
|move|p2a: Gengar|Taunt|p1a: Chansey
|-start|p1a: Chansey|move: Taunt
|cant|p1a: Chansey|move: Taunt|Stealth Rock
|
|turn|43
|
|move|p2a: Gengar|Shadow Ball|p1a: Chansey
|-immune|p1a: Chansey|[msg]
|move|p1a: Chansey|Seismic Toss|p2a: Gengar
|-immune|p2a: Gengar|[msg]
|
|turn|44
|
|move|p2a: Gengar|Sludge Wave|p1a: Chansey
|-damage|p1a: Chansey|550\/703
|-damage|p2a: Gengar|87\/261|[from] item: Life Orb
|move|p1a: Chansey|Seismic Toss|p2a: Gengar
|-immune|p2a: Gengar|[msg]
|
|-end|p1a: Chansey|move: Taunt
|turn|45
|
|switch|p1a: Cresselia|Cresselia, F|444\/444
|move|p2a: Gengar|Shadow Ball|p1a: Cresselia
|-crit|p1a: Cresselia
|-supereffective|p1a: Cresselia
|-damage|p1a: Cresselia|85\/444
|-unboost|p1a: Cresselia|spd|1
|-damage|p2a: Gengar|61\/261|[from] item: Life Orb
|
|-heal|p1a: Cresselia|112\/444|[from] item: Leftovers
|turn|46
|
|switch|p1a: Chansey|Chansey, F|550\/703
|move|p2a: Gengar|Shadow Ball|p1a: Chansey
|-immune|p1a: Chansey|[msg]
|
|turn|47
|
|switch|p1a: Sableye|Sableye-Mega, M|101\/303
|move|p2a: Gengar|Taunt|p1a: Sableye
|move|p1a: Sableye|Taunt|p2a: Gengar|[from]Magic Bounce
|-start|p2a: Gengar|move: Taunt
|
|turn|48
|
|move|p2a: Gengar|Shadow Ball|p1a: Sableye
|-damage|p1a: Sableye|0 fnt
|-damage|p2a: Gengar|35\/261|[from] item: Life Orb
|faint|p1a: Sableye
|
|
|switch|p1a: Chansey|Chansey, F|550\/703
|turn|49
|
|switch|p2a: Latias|Latias, F|216\/320
|move|p1a: Chansey|Soft-Boiled|p1a: Chansey
|-heal|p1a: Chansey|703\/703
|
|turn|50
|
|move|p2a: Latias|Healing Wish|p2a: Latias
|faint|p2a: Latias
|move|p1a: Chansey|Stealth Rock|p2: Latias
|-sidestart|p2: kloshitt|move: Stealth Rock
|
|
|switch|p2a: Gengar|Gengar, F|35\/261
|-heal|p2a: Gengar|261\/261|[from] move: Healing Wish
|-damage|p2a: Gengar|229\/261|[from] Stealth Rock
|turn|51
|
|switch|p1a: Quagsire|Quagsire, F|393\/393
|move|p2a: Gengar|Taunt|p1a: Quagsire
|-start|p1a: Quagsire|move: Taunt
|
|turn|52
|
|move|p2a: Gengar|Shadow Ball|p1a: Quagsire
|-damage|p1a: Quagsire|140\/393
|-unboost|p1a: Quagsire|spd|1
|-damage|p2a: Gengar|203\/261|[from] item: Life Orb
|move|p1a: Quagsire|Scald|p2a: Gengar
|-damage|p2a: Gengar|118\/261
|
|-heal|p1a: Quagsire|164\/393|[from] item: Leftovers
|turn|53
|
|switch|p1a: Chansey|Chansey, F|703\/703
|move|p2a: Gengar|Shadow Ball|p1a: Chansey
|-immune|p1a: Chansey|[msg]
|
|turn|54
|
|move|p2a: Gengar|Taunt|p1a: Chansey
|-start|p1a: Chansey|move: Taunt
|cant|p1a: Chansey|move: Taunt|Stealth Rock
|
|turn|55
|
|move|p2a: Gengar|Shadow Ball|p1a: Chansey
|-immune|p1a: Chansey|[msg]
|move|p1a: Chansey|Seismic Toss|p2a: Gengar
|-immune|p2a: Gengar|[msg]
|
|turn|56
|
|move|p2a: Gengar|Focus Blast|p1a: Chansey
|-supereffective|p1a: Chansey
|-damage|p1a: Chansey|448\/703
|-damage|p2a: Gengar|92\/261|[from] item: Life Orb
|move|p1a: Chansey|Seismic Toss|p2a: Gengar
|-immune|p2a: Gengar|[msg]
|
|-end|p1a: Chansey|move: Taunt
|turn|57
|
|switch|p1a: Cresselia|Cresselia, F|112\/444
|move|p2a: Gengar|Taunt|p1a: Cresselia
|-start|p1a: Cresselia|move: Taunt
|
|-heal|p1a: Cresselia|139\/444|[from] item: Leftovers
|turn|58
|
|switch|p1a: Chansey|Chansey, F|448\/703
|move|p2a: Gengar|Shadow Ball|p1a: Chansey
|-immune|p1a: Chansey|[msg]
|
|turn|59
|
|switch|p1a: Cresselia|Cresselia, F|139\/444
|move|p2a: Gengar|Taunt|p1a: Cresselia
|-start|p1a: Cresselia|move: Taunt
|
|-heal|p1a: Cresselia|166\/444|[from] item: Leftovers
|turn|60
|
|move|p2a: Gengar|Sludge Wave|p1a: Cresselia
|-damage|p1a: Cresselia|22\/444
|-damage|p2a: Gengar|66\/261|[from] item: Life Orb
|move|p1a: Cresselia|Psyshock|p2a: Gengar
|-supereffective|p2a: Gengar
|-damage|p2a: Gengar|0 fnt
|faint|p2a: Gengar
|
|-heal|p1a: Cresselia|49\/444|[from] item: Leftovers
|
|switch|p2a: Landorus-Therian|Landorus-Therian, M|193\/382 tox
|-damage|p2a: Landorus-Therian|146\/382 tox|[from] Stealth Rock
|-ability|p2a: Landorus-Therian|Intimidate|[of] p1a: Cresselia
|-unboost|p1a: Cresselia|atk|1
|turn|61
|
|switch|p1a: Skarmory|Skarmory, M|324\/334
|move|p2a: Landorus-Therian|Stealth Rock|p1a: Skarmory
|-sidestart|p1: CleanerThanRotom-W|move: Stealth Rock
|
|-heal|p2a: Landorus-Therian|169\/382 tox|[from] item: Leftovers
|-damage|p2a: Landorus-Therian|146\/382 tox|[from] psn
|turn|62
|
|move|p2a: Landorus-Therian|U-turn|p1a: Skarmory
|-resisted|p1a: Skarmory
|-damage|p1a: Skarmory|313\/334
|
|switch|p2a: Heatran|Heatran, F|201\/386
|-damage|p2a: Heatran|153\/386|[from] Stealth Rock
|move|p1a: Skarmory|Defog|p2a: Heatran
|-unboost|p2a: Heatran|evasion|1
|-sideend|p2: kloshitt|Stealth Rock|[from] move: Defog|[of] p2a: Heatran
|-sideend|p1: CleanerThanRotom-W|Stealth Rock|[from] move: Defog|[of] p1a: Skarmory
|
|turn|63
|
|switch|p1a: Chansey|Chansey, F|448\/703
|move|p2a: Heatran|Magma Storm|p1a: Chansey
|-damage|p1a: Chansey|346\/703
|-activate|p1a: Chansey|move: Magma Storm|[of] p2a: Heatran
|
|-damage|p1a: Chansey|259\/703|[from] move: Magma Storm|[partiallytrapped]
|turn|64
|
|switch|p2a: Scizor|Scizor-Mega, F|246\/310
|move|p1a: Chansey|Soft-Boiled|p1a: Chansey
|-heal|p1a: Chansey|611\/703
|
|-end|p1a: Chansey|Magma Storm|[partiallytrapped]
|turn|65
|
|switch|p1a: Quagsire|Quagsire, F|164\/393
|move|p2a: Scizor|Swords Dance|p2a: Scizor
|-boost|p2a: Scizor|atk|2
|
|-heal|p1a: Quagsire|188\/393|[from] item: Leftovers
|turn|66
|join|Appreciation
|
|move|p2a: Scizor|Bug Bite|p1a: Quagsire
|-damage|p1a: Quagsire|22\/393
|move|p1a: Quagsire|Recover|p1a: Quagsire
|-heal|p1a: Quagsire|219\/393
|
|-heal|p1a: Quagsire|243\/393|[from] item: Leftovers
|turn|67
|c| Appreciation|go cleaner
|
|move|p2a: Scizor|Bug Bite|p1a: Quagsire
|-damage|p1a: Quagsire|87\/393
|move|p1a: Quagsire|Recover|p1a: Quagsire
|-heal|p1a: Quagsire|284\/393
|
|-heal|p1a: Quagsire|308\/393|[from] item: Leftovers
|turn|68
|c| Appreciation|n_n
|
|switch|p2a: Heatran|Heatran, F|153\/386
|move|p1a: Quagsire|Recover|p1a: Quagsire
|-heal|p1a: Quagsire|393\/393
|
|turn|69
|join|Soul M8
|
|switch|p1a: Chansey|Chansey, F|611\/703
|move|p2a: Heatran|Toxic|p1a: Chansey
|-status|p1a: Chansey|tox
|
|-damage|p1a: Chansey|568\/703 tox|[from] psn
|turn|70
|join|Lil Barry
|
|switch|p2a: Landorus-Therian|Landorus-Therian, M|146\/382 tox
|-ability|p2a: Landorus-Therian|Intimidate|[of] p1a: Chansey
|-unboost|p1a: Chansey|atk|1
|move|p1a: Chansey|Seismic Toss|p2a: Landorus-Therian
|-damage|p2a: Landorus-Therian|46\/382 tox
|
|-heal|p2a: Landorus-Therian|69\/382 tox|[from] item: Leftovers
|-damage|p2a: Landorus-Therian|46\/382 tox|[from] psn
|-damage|p1a: Chansey|482\/703 tox|[from] psn
|turn|71
|
|switch|p1a: Skarmory|Skarmory, M|313\/334
|move|p2a: Landorus-Therian|Stealth Rock|p1a: Skarmory
|-sidestart|p1: CleanerThanRotom-W|move: Stealth Rock
|
|-heal|p2a: Landorus-Therian|69\/382 tox|[from] item: Leftovers
|-damage|p2a: Landorus-Therian|23\/382 tox|[from] psn
|turn|72
|
|move|p2a: Landorus-Therian|U-turn|p1a: Skarmory
|-resisted|p1a: Skarmory
|-damage|p1a: Skarmory|302\/334
|join|sallmo
|
|switch|p2a: Kyurem-Black|Kyurem-Black|150\/391 brn
|-ability|p2a: Kyurem-Black|Teravolt
|move|p1a: Skarmory|Defog|p2a: Kyurem-Black
|-unboost|p2a: Kyurem-Black|evasion|1
|-sideend|p1: CleanerThanRotom-W|Stealth Rock|[from] move: Defog|[of] p1a: Skarmory
|
|-damage|p2a: Kyurem-Black|102\/391 brn|[from] brn
|turn|73
|
|switch|p1a: Chansey|Chansey, F|482\/703
|move|p2a: Kyurem-Black|Ice Beam|p1a: Chansey
|-damage|p1a: Chansey|397\/703
|
|-damage|p2a: Kyurem-Black|54\/391 brn|[from] brn
|turn|74
|-message|kloshitt forfeited.
|
|win|CleanerThanRotom-W
|raw|Ladder updating...
|leave|kloshitt
|player|p2
|raw|CleanerThanRotom-W's rating: 1777 &rarr; <strong>1796<\/strong><br \/>(+19 for winning)
|raw|kloshitt's rating: 1756 &rarr; <strong>1737<\/strong><br \/>(-19 for losing)
|leave|sallmo
|leave|Lil Barry
|leave|cleaner is bad