|join|CleanerThanRotom-W
|join|IIID
|player|p1|CleanerThanRotom-W|226
|player|p2|IIID|27
|gametype|singles
|gen|6
|tier|OU
|rated
|clearpoke
|poke|p1|Sableye, M
|poke|p1|Chansey, F
|poke|p1|Cresselia, F
|poke|p1|Gothitelle, M
|poke|p1|Skarmory, M
|poke|p1|Quagsire, F
|poke|p2|Tornadus-Therian, M
|poke|p2|Gengar, M
|poke|p2|Raikou
|poke|p2|Heatran, M
|poke|p2|Slowbro, F
|poke|p2|Diancie
|rule|Swagger Clause: Swagger is banned
|rule|Baton Pass Clause: Limit one PokÃ©mon knowing Baton Pass
|rule|Sleep Clause Mod: Limit one foe put to sleep
|rule|Species Clause: Limit one of each PokÃ©mon
|rule|OHKO Clause: OHKO moves are banned
|rule|Moody Clause: Moody is banned
|rule|Evasion Moves Clause: Evasion moves are banned
|rule|Endless Battle Clause: Forcing endless battles is banned
|rule|HP Percentage Mod: HP is shown in percentages
|teampreview
|
|start
|switch|p1a: Sableye|Sableye, M|303\/303
|switch|p2a: Tornadus-Therian|Tornadus-Therian, M|332\/332
|turn|1
|join|SuperSmoke
|
|switch|p2a: Heatran|Heatran, M|323\/323
|-item|p2a: Heatran|Air Balloon
|detailschange|p1a: Sableye|Sableye-Mega, M
|-mega|p1a: Sableye|Sableye|Sablenite
|move|p1a: Sableye|Will-O-Wisp|p2a: Heatran
|-start|p2a: Heatran|ability: Flash Fire
|
|turn|2
|join|lil manaphy
|
|switch|p2a: Diancie|Diancie|241\/241
|switch|p1a: Chansey|Chansey, F|703\/703
|
|turn|3
|
|switch|p2a: Heatran|Heatran, M|323\/323
|-item|p2a: Heatran|Air Balloon
|move|p1a: Chansey|Seismic Toss|p2a: Heatran
|-damage|p2a: Heatran|223\/323
|-enditem|p2a: Heatran|Air Balloon
|
|turn|4
|join|sallmo
|
|switch|p1a: Sableye|Sableye-Mega, M|303\/303
|move|p2a: Heatran|Stealth Rock|p1a: Sableye
|move|p1a: Sableye|Stealth Rock|p2a: Heatran|[from]Magic Bounce
|-sidestart|p2: IIID|move: Stealth Rock
|
|turn|5
|
|move|p2a: Heatran|Lava Plume|p1a: Sableye
|-damage|p1a: Sableye|203\/303
|move|p1a: Sableye|Snarl|p2a: Heatran
|-damage|p2a: Heatran|172\/323
|-unboost|p2a: Heatran|spa|1
|
|turn|6
|
|switch|p2a: Diancie|Diancie|241\/241
|-damage|p2a: Diancie|211\/241|[from] Stealth Rock
|move|p1a: Sableye|Recover|p1a: Sableye
|-heal|p1a: Sableye|303\/303
|
|turn|7
|
|switch|p1a: Chansey|Chansey, F|703\/703
|detailschange|p2a: Diancie|Diancie-Mega
|-mega|p2a: Diancie|Diancie|Diancite
|move|p2a: Diancie|Diamond Storm|p1a: Chansey
|-damage|p1a: Chansey|480\/703
|
|turn|8
|
|switch|p2a: Gengar|Gengar, M|261\/261
|-damage|p2a: Gengar|229\/261|[from] Stealth Rock
|move|p1a: Chansey|Soft-Boiled|p1a: Chansey
|-heal|p1a: Chansey|703\/703
|
|-heal|p2a: Gengar|245\/261|[from] item: Leftovers
|turn|9
|
|switch|p1a: Sableye|Sableye-Mega, M|303\/303
|move|p2a: Gengar|Substitute|p2a: Gengar
|-start|p2a: Gengar|Substitute
|-damage|p2a: Gengar|180\/261
|
|-heal|p2a: Gengar|196\/261|[from] item: Leftovers
|turn|10
|
|move|p2a: Gengar|Sludge Bomb|p1a: Sableye
|-resisted|p1a: Sableye
|-damage|p1a: Sableye|249\/303
|move|p1a: Sableye|Snarl|p2a: Gengar
|-supereffective|p2a: Gengar
|-damage|p2a: Gengar|52\/261
|-unboost|p2a: Gengar|spa|1
|
|-heal|p2a: Gengar|68\/261|[from] item: Leftovers
|turn|11
|
|switch|p2a: Diancie|Diancie-Mega|211\/241
|-damage|p2a: Diancie|181\/241|[from] Stealth Rock
|move|p1a: Sableye|Recover|p1a: Sableye
|-heal|p1a: Sableye|303\/303
|
|turn|12
|
|switch|p2a: Tornadus-Therian|Tornadus-Therian, M|332\/332
|-damage|p2a: Tornadus-Therian|249\/332|[from] Stealth Rock
|switch|p1a: Chansey|Chansey, F|703\/703
|
|turn|13
|join|Zenadark
|
|switch|p1a: Sableye|Sableye-Mega, M|303\/303
|move|p2a: Tornadus-Therian|Hurricane|p1a: Sableye|[miss]
|-miss|p2a: Tornadus-Therian|p1a: Sableye
|
|turn|14
|
|move|p2a: Tornadus-Therian|Hurricane|p1a: Sableye
|-damage|p1a: Sableye|203\/303
|-start|p1a: Sableye|confusion
|-activate|p1a: Sableye|confusion
|-damage|p1a: Sableye|183\/303|[from] confusion
|
|turn|15
|join|LOOS KAKUNAAAAAAAA
|
|switch|p1a: Cresselia|Cresselia, F|444\/444
|move|p2a: Tornadus-Therian|Hurricane|p1a: Cresselia
|-damage|p1a: Cresselia|347\/444
|-start|p1a: Cresselia|confusion
|
|-heal|p1a: Cresselia|374\/444|[from] item: Leftovers
|turn|16
|
|move|p2a: Tornadus-Therian|U-turn|p1a: Cresselia
|-supereffective|p1a: Cresselia
|-damage|p1a: Cresselia|296\/444
|
|switch|p2a: Heatran|Heatran, M|172\/323
|-damage|p2a: Heatran|132\/323|[from] Stealth Rock
|-activate|p1a: Cresselia|confusion
|move|p1a: Cresselia|Moonlight|p1a: Cresselia
|-heal|p1a: Cresselia|444\/444
|
|turn|17
|
|switch|p1a: Gothitelle|Gothitelle, M|301\/301
|move|p2a: Heatran|Lava Plume|p1a: Gothitelle
|-damage|p1a: Gothitelle|159\/301
|-status|p1a: Gothitelle|brn
|
|-damage|p1a: Gothitelle|122\/301 brn|[from] brn
|turn|18
|c| Fliegende Nudel|cleaner, how about a new team
|
|move|p1a: Gothitelle|Trick|p2a: Heatran
|-activate|p1a: Gothitelle|move: Trick|[of] p2a: Heatran
|-item|p2a: Heatran|Choice Scarf|[from] move: Trick
|move|p2a: Heatran|Lava Plume|p1a: Gothitelle
|-damage|p1a: Gothitelle|0 fnt
|faint|p1a: Gothitelle
|
|
|switch|p1a: Chansey|Chansey, F|703\/703
|turn|19
|
|switch|p2a: Gengar|Gengar, M|68\/261
|-damage|p2a: Gengar|36\/261|[from] Stealth Rock
|switch|p1a: Sableye|Sableye-Mega, M|183\/303
|
|-heal|p2a: Gengar|52\/261|[from] item: Leftovers
|turn|20
|
|move|p2a: Gengar|Sludge Bomb|p1a: Sableye
|-resisted|p1a: Sableye
|-damage|p1a: Sableye|135\/303
|move|p1a: Sableye|Recover|p1a: Sableye
|-heal|p1a: Sableye|287\/303
|
|-heal|p2a: Gengar|68\/261|[from] item: Leftovers
|turn|21
|
|switch|p2a: Diancie|Diancie-Mega|181\/241
|-damage|p2a: Diancie|151\/241|[from] Stealth Rock
|move|p1a: Sableye|Snarl|p2a: Diancie
|-resisted|p2a: Diancie
|-damage|p2a: Diancie|119\/241
|-unboost|p2a: Diancie|spa|1
|
|turn|22
|
|switch|p2a: Raikou|Raikou|321\/321
|-damage|p2a: Raikou|281\/321|[from] Stealth Rock
|-ability|p2a: Raikou|Pressure
|switch|p1a: Chansey|Chansey, F|703\/703
|
|turn|23
|leave|Zenadark
|
|move|p2a: Raikou|Volt Switch|p1a: Chansey
|-damage|p1a: Chansey|601\/703
|
|switch|p2a: Gengar|Gengar, M|68\/261
|-damage|p2a: Gengar|36\/261|[from] Stealth Rock
|move|p1a: Chansey|Seismic Toss|p2a: Gengar
|-immune|p2a: Gengar|[msg]
|
|-heal|p2a: Gengar|52\/261|[from] item: Leftovers
|turn|24
|
|switch|p1a: Sableye|Sableye-Mega, M|287\/303
|move|p2a: Gengar|Sludge Bomb|p1a: Sableye
|-resisted|p1a: Sableye
|-damage|p1a: Sableye|235\/303
|
|-heal|p2a: Gengar|68\/261|[from] item: Leftovers
|turn|25
|
|move|p2a: Gengar|Sludge Bomb|p1a: Sableye
|-crit|p1a: Sableye
|-resisted|p1a: Sableye
|-damage|p1a: Sableye|151\/303
|move|p1a: Sableye|Recover|p1a: Sableye
|-heal|p1a: Sableye|303\/303
|
|-heal|p2a: Gengar|84\/261|[from] item: Leftovers
|turn|26
|
|switch|p2a: Diancie|Diancie-Mega|119\/241
|-damage|p2a: Diancie|89\/241|[from] Stealth Rock
|move|p1a: Sableye|Snarl|p2a: Diancie
|-resisted|p2a: Diancie
|-damage|p2a: Diancie|62\/241
|-unboost|p2a: Diancie|spa|1
|
|turn|27
|
|switch|p2a: Gengar|Gengar, M|84\/261
|-damage|p2a: Gengar|52\/261|[from] Stealth Rock
|switch|p1a: Chansey|Chansey, F|601\/703
|
|-heal|p2a: Gengar|68\/261|[from] item: Leftovers
|turn|28
|
|switch|p1a: Sableye|Sableye-Mega, M|303\/303
|move|p2a: Gengar|Sludge Bomb|p1a: Sableye
|-resisted|p1a: Sableye
|-damage|p1a: Sableye|252\/303
|-status|p1a: Sableye|psn
|
|-heal|p2a: Gengar|84\/261|[from] item: Leftovers
|-damage|p1a: Sableye|215\/303 psn|[from] psn
|turn|29
|
|move|p2a: Gengar|Hex|p1a: Sableye
|-damage|p1a: Sableye|74\/303 psn
|move|p1a: Sableye|Snarl|p2a: Gengar
|-miss|p1a: Sableye|p2a: Gengar
|
|-heal|p2a: Gengar|100\/261|[from] item: Leftovers
|-damage|p1a: Sableye|37\/303 psn|[from] psn
|turn|30
|c| SuperSmoke|lel
|c| Fliegende Nudel|wheres the crit
|
|move|p2a: Gengar|Sludge Bomb|p1a: Sableye
|-resisted|p1a: Sableye
|-damage|p1a: Sableye|0 fnt
|faint|p1a: Sableye
|
|-heal|p2a: Gengar|116\/261|[from] item: Leftovers
|
|switch|p1a: Cresselia|Cresselia, F|444\/444
|turn|31
|
|switch|p2a: Heatran|Heatran, M|132\/323
|-damage|p2a: Heatran|92\/323|[from] Stealth Rock
|move|p1a: Cresselia|Psyshock|p2a: Heatran
|-resisted|p2a: Heatran
|-damage|p2a: Heatran|58\/323
|
|turn|32
|
|move|p2a: Heatran|Stealth Rock|p1a: Cresselia
|-sidestart|p1: CleanerThanRotom-W|move: Stealth Rock
|move|p1a: Cresselia|Psyshock|p2a: Heatran
|-resisted|p2a: Heatran
|-damage|p2a: Heatran|19\/323
|
|turn|33
|
|move|p2a: Heatran|Stealth Rock|p1a: Cresselia
|-fail|p1a: Cresselia
|move|p1a: Cresselia|Psyshock|p2a: Heatran
|-resisted|p2a: Heatran
|-damage|p2a: Heatran|0 fnt
|faint|p2a: Heatran
|
|
|switch|p2a: Slowbro|Slowbro, F|394\/394
|-damage|p2a: Slowbro|345\/394|[from] Stealth Rock
|turn|34
|
|move|p1a: Cresselia|Toxic|p2a: Slowbro
|-status|p2a: Slowbro|tox
|move|p2a: Slowbro|Thunder Wave|p1a: Cresselia
|-status|p1a: Cresselia|par
|
|-heal|p2a: Slowbro|369\/394 tox|[from] item: Leftovers
|-damage|p2a: Slowbro|345\/394 tox|[from] psn
|turn|35
|
|switch|p2a: Tornadus-Therian|Tornadus-Therian, M|332\/332
|-damage|p2a: Tornadus-Therian|249\/332|[from] Stealth Rock
|move|p1a: Cresselia|Psyshock|p2a: Tornadus-Therian
|-damage|p2a: Tornadus-Therian|167\/332
|
|turn|36
|
|move|p2a: Tornadus-Therian|Knock Off|p1a: Cresselia
|-supereffective|p1a: Cresselia
|-damage|p1a: Cresselia|334\/444 par
|-enditem|p1a: Cresselia|Leftovers|[from] move: Knock Off|[of] p2a: Tornadus-Therian
|move|p1a: Cresselia|Toxic|p2a: Tornadus-Therian
|-status|p2a: Tornadus-Therian|tox
|
|-damage|p2a: Tornadus-Therian|147\/332 tox|[from] psn
|turn|37
|
|move|p2a: Tornadus-Therian|U-turn|p1a: Cresselia
|-crit|p1a: Cresselia
|-supereffective|p1a: Cresselia
|-damage|p1a: Cresselia|208\/444 par
|
|switch|p2a: Raikou|Raikou|281\/321
|-damage|p2a: Raikou|241\/321|[from] Stealth Rock
|-ability|p2a: Raikou|Pressure
|cant|p1a: Cresselia|par
|
|turn|38
|
|move|p2a: Raikou|Volt Switch|p1a: Cresselia
|-damage|p1a: Cresselia|100\/444 par
|
|switch|p2a: Gengar|Gengar, M|116\/261
|-damage|p2a: Gengar|84\/261|[from] Stealth Rock
|cant|p1a: Cresselia|par
|
|-heal|p2a: Gengar|100\/261|[from] item: Leftovers
|turn|39
|c|âIIID|nop
|c|âCleanerThanRotom-W|...
|
|move|p2a: Gengar|Hex|p1a: Cresselia
|-supereffective|p1a: Cresselia
|-damage|p1a: Cresselia|0 fnt
|faint|p1a: Cresselia
|
|-heal|p2a: Gengar|116\/261|[from] item: Leftovers
|
|switch|p1a: Quagsire|Quagsire, F|393\/393
|-damage|p1a: Quagsire|369\/393|[from] Stealth Rock
|turn|40
|
|switch|p2a: Slowbro|Slowbro, F|394\/394 tox
|-damage|p2a: Slowbro|345\/394 tox|[from] Stealth Rock
|move|p1a: Quagsire|Scald|p2a: Slowbro
|-resisted|p2a: Slowbro
|-damage|p2a: Slowbro|303\/394 tox
|
|-heal|p2a: Slowbro|327\/394 tox|[from] item: Leftovers
|-heal|p1a: Quagsire|393\/393|[from] item: Leftovers
|-damage|p2a: Slowbro|303\/394 tox|[from] psn
|turn|41
|leave|Fliegende Nudel
|
|switch|p1a: Chansey|Chansey, F|601\/703
|-damage|p1a: Chansey|514\/703|[from] Stealth Rock
|move|p2a: Slowbro|Scald|p1a: Chansey
|-damage|p1a: Chansey|450\/703
|
|-heal|p2a: Slowbro|327\/394 tox|[from] item: Leftovers
|-damage|p2a: Slowbro|279\/394 tox|[from] psn
|turn|42
|
|switch|p1a: Quagsire|Quagsire, F|393\/393
|-damage|p1a: Quagsire|369\/393|[from] Stealth Rock
|switch|p2a: Gengar|Gengar, M|116\/261
|-damage|p2a: Gengar|84\/261|[from] Stealth Rock
|
|-heal|p2a: Gengar|100\/261|[from] item: Leftovers
|-heal|p1a: Quagsire|393\/393|[from] item: Leftovers
|turn|43
|
|switch|p2a: Slowbro|Slowbro, F|394\/394 tox
|-damage|p2a: Slowbro|345\/394 tox|[from] Stealth Rock
|move|p1a: Quagsire|Scald|p2a: Slowbro
|-resisted|p2a: Slowbro
|-damage|p2a: Slowbro|303\/394 tox
|
|-heal|p2a: Slowbro|327\/394 tox|[from] item: Leftovers
|-damage|p2a: Slowbro|303\/394 tox|[from] psn
|turn|44
|
|move|p2a: Slowbro|Scald|p1a: Quagsire
|-damage|p1a: Quagsire|272\/393
|move|p1a: Quagsire|Earthquake|p2a: Slowbro
|-damage|p2a: Slowbro|231\/394 tox
|
|-heal|p2a: Slowbro|255\/394 tox|[from] item: Leftovers
|-heal|p1a: Quagsire|296\/393|[from] item: Leftovers
|-damage|p2a: Slowbro|207\/394 tox|[from] psn
|turn|45
|
|switch|p2a: Diancie|Diancie-Mega|62\/241
|-damage|p2a: Diancie|32\/241|[from] Stealth Rock
|move|p1a: Quagsire|Recover|p1a: Quagsire
|-heal|p1a: Quagsire|393\/393
|
|turn|46
|
|switch|p1a: Skarmory|Skarmory, M|334\/334
|-damage|p1a: Skarmory|293\/334|[from] Stealth Rock
|move|p2a: Diancie|Moonblast|p1a: Skarmory
|-resisted|p1a: Skarmory
|-damage|p1a: Skarmory|155\/334
|
|turn|47
|
|move|p2a: Diancie|Hidden Power|p1a: Skarmory
|-supereffective|p1a: Skarmory
|-damage|p1a: Skarmory|0 fnt
|faint|p1a: Skarmory
|
|
|switch|p1a: Chansey|Chansey, F|450\/703
|-damage|p1a: Chansey|363\/703|[from] Stealth Rock
|turn|48
|
|switch|p2a: Gengar|Gengar, M|100\/261
|-damage|p2a: Gengar|68\/261|[from] Stealth Rock
|move|p1a: Chansey|Soft-Boiled|p1a: Chansey
|-heal|p1a: Chansey|703\/703
|
|-heal|p2a: Gengar|84\/261|[from] item: Leftovers
|turn|49
|
|switch|p1a: Quagsire|Quagsire, F|393\/393
|-damage|p1a: Quagsire|369\/393|[from] Stealth Rock
|move|p2a: Gengar|Substitute|p2a: Gengar
|-start|p2a: Gengar|Substitute
|-damage|p2a: Gengar|19\/261
|
|-heal|p2a: Gengar|35\/261|[from] item: Leftovers
|-heal|p1a: Quagsire|393\/393|[from] item: Leftovers
|turn|50
|
|move|p2a: Gengar|Will-O-Wisp|p1a: Quagsire
|-status|p1a: Quagsire|brn
|move|p1a: Quagsire|Scald|p2a: Gengar
|-end|p2a: Gengar|Substitute
|
|-heal|p2a: Gengar|51\/261|[from] item: Leftovers
|-damage|p1a: Quagsire|344\/393 brn|[from] brn
|turn|51
|
|move|p2a: Gengar|Hex|p1a: Quagsire
|-damage|p1a: Quagsire|0 fnt
|faint|p1a: Quagsire
|
|-heal|p2a: Gengar|67\/261|[from] item: Leftovers
|-message|CleanerThanRotom-W forfeited.
|
|win|IIID
|raw|Ladder updating...
|leave|CleanerThanRotom-W
|player|p1
|raw|CleanerThanRotom-W's rating: 1755 &rarr; <strong>1729<\/strong><br \/>(-26 for losing)
|raw|IIID's rating: 1642 &rarr; <strong>1668<\/strong><br \/>(+26 for winning)
|leave|sallmo