|join|TheMundane
|join|CleanerThanRotom-W
|join|rhtrjwr
|join|Mih Evol
|join|Chivalrous Testing
|join|RaffaeleKing
|join|sk8rgurl
|join|TheThorn
|join|Yankmeister
|join|jamel
|join|Liloo
|join|Omegasization
|player|p1|TheMundane|222
|player|p2|CleanerThanRotom-W|226
|gametype|singles
|gen|6
|tier|OU (suspect test)
|clearpoke
|poke|p1|Gardevoir, M
|poke|p1|Ferrothorn, F
|poke|p1|Latias, F
|poke|p1|Heracross, M
|poke|p1|Slowbro, F
|poke|p1|Landorus-Therian, M
|poke|p2|Bisharp, F
|poke|p2|Venusaur, F
|poke|p2|Heatran, F
|poke|p2|Keldeo
|poke|p2|Chansey, F
|poke|p2|Skarmory, M
|rule|Swagger Clause: Swagger is banned
|rule|Baton Pass Clause: Limit one PokÃ©mon knowing Baton Pass
|rule|Sleep Clause Mod: Limit one foe put to sleep
|rule|Species Clause: Limit one of each PokÃ©mon
|rule|OHKO Clause: OHKO moves are banned
|rule|Moody Clause: Moody is banned
|rule|Evasion Moves Clause: Evasion moves are banned
|rule|Endless Battle Clause: Forcing endless battles is banned
|rule|HP Percentage Mod: HP is shown in percentages
|teampreview
|join|nazhir
|join|allinu
|c|âTheMundane|gl
|leave|Chivalrous Testing
|c|âCleanerThanRotom-W|gl
|join|jake5
|c| jake5|lol using bloodys team
|join|Villager B
|leave|jake5
|c|âCleanerThanRotom-W|yup
|
|start
|switch|p1a: Gardevoir|Gardevoir, M|277\/277
|switch|p2a: Heatran|Heatran, F|340\/340
|-item|p2a: Heatran|Air Balloon
|-ability|p1a: Gardevoir|Flash Fire|[from] ability: Trace|[of] p2a: Heatran
|turn|1
|
|detailschange|p1a: Gardevoir|Gardevoir-Mega, M
|-mega|p1a: Gardevoir|Gardevoir|Gardevoirite
|move|p2a: Heatran|Stealth Rock|p1a: Gardevoir
|-sidestart|p1: TheMundane|move: Stealth Rock
|move|p1a: Gardevoir|Calm Mind|p1a: Gardevoir
|-boost|p1a: Gardevoir|spa|1
|-boost|p1a: Gardevoir|spd|1
|
|turn|2
|join|Reverend
|join|LT3A Dragonuser
|
|move|p1a: Gardevoir|Focus Blast|p2a: Heatran|[miss]
|-miss|p1a: Gardevoir|p2a: Heatran
|move|p2a: Heatran|Toxic|p1a: Gardevoir
|-status|p1a: Gardevoir|tox
|
|-damage|p1a: Gardevoir|260\/277 tox|[from] psn
|turn|3
|join|killuh 187
|
|switch|p2a: NOT IN MAH HOUSE|Chansey, F|684\/684
|move|p1a: Gardevoir|Focus Blast|p2a: NOT IN MAH HOUSE|[miss]
|-miss|p1a: Gardevoir|p2a: NOT IN MAH HOUSE
|
|-damage|p1a: Gardevoir|226\/277 tox|[from] psn
|turn|4
|c| allinu|bloody's luck too it seems
|
|switch|p1a: Heracross|Heracross, M|307\/307
|-damage|p1a: Heracross|269\/307|[from] Stealth Rock
|move|p2a: NOT IN MAH HOUSE|Seismic Toss|p1a: Heracross
|-damage|p1a: Heracross|169\/307
|
|turn|5
|c|âTheMundane|I got real luckE last match
|c|âTheMundane|maybe this is karma
|
|switch|p2a: muh hazards|Skarmory, M|334\/334
|move|p1a: Heracross|Close Combat|p2a: muh hazards
|-damage|p2a: muh hazards|133\/334
|-damage|p1a: Heracross|118\/307|[from] item: Rocky Helmet|[of] p2a: muh hazards
|-unboost|p1a: Heracross|def|1
|-unboost|p1a: Heracross|spd|1
|
|turn|6
|join|Dark380
|c|âCleanerThanRotom-W|i forgot gard was mega
|c|âCleanerThanRotom-W|kek
|
|switch|p2a: Venusaur'ed what e|Venusaur, F|364\/364
|move|p1a: Heracross|Close Combat|p2a: Venusaur'ed what e
|-resisted|p2a: Venusaur'ed what e
|-damage|p2a: Venusaur'ed what e|229\/364
|-unboost|p1a: Heracross|def|1
|-unboost|p1a: Heracross|spd|1
|
|turn|7
|
|switch|p1a: Ferrothorn|Ferrothorn, F|352\/352
|-damage|p1a: Ferrothorn|330\/352|[from] Stealth Rock
|detailschange|p2a: Venusaur'ed what e|Venusaur-Mega, F
|-mega|p2a: Venusaur'ed what e|Venusaur|Venusaurite
|move|p2a: Venusaur'ed what e|Synthesis|p2a: Venusaur'ed what e
|-heal|p2a: Venusaur'ed what e|364\/364
|
|-heal|p1a: Ferrothorn|352\/352|[from] item: Leftovers
|turn|8
|
|move|p2a: Venusaur'ed what e|Hidden Power|p1a: Ferrothorn
|-supereffective|p1a: Ferrothorn
|-damage|p1a: Ferrothorn|180\/352
|move|p1a: Ferrothorn|Stealth Rock|p2a: Venusaur'ed what e
|-sidestart|p2: CleanerThanRotom-W|move: Stealth Rock
|
|-heal|p1a: Ferrothorn|202\/352|[from] item: Leftovers
|turn|9
|c| LT3A Dragonuser|giga drain
|c| LT3A Dragonuser|jk
|
|switch|p1a: Latias|Latias, F|301\/301
|-damage|p1a: Latias|264\/301|[from] Stealth Rock
|move|p2a: Venusaur'ed what e|Leech Seed|p1a: Latias
|-start|p1a: Latias|move: Leech Seed
|
|-damage|p1a: Latias|227\/301|[from] Leech Seed|[of] p2a: Venusaur'ed what e
|turn|10
|
|switch|p2a: lusty leddit|Bisharp, F|334\/334
|-damage|p2a: lusty leddit|314\/334|[from] Stealth Rock
|move|p1a: Latias|Healing Wish|p1a: Latias
|faint|p1a: Latias
|
|-heal|p2a: lusty leddit|334\/334|[from] item: Leftovers
|
|switch|p1a: Gardevoir|Gardevoir-Mega, M|226\/277 tox
|-heal|p1a: Gardevoir|277\/277|[from] move: Healing Wish
|-damage|p1a: Gardevoir|243\/277|[from] Stealth Rock
|turn|11
|
|move|p1a: Gardevoir|Hyper Voice|p2a: lusty leddit
|-damage|p2a: lusty leddit|0 fnt
|faint|p2a: lusty leddit
|
|
|switch|p2a: Heatran|Heatran, F|340\/340
|-damage|p2a: Heatran|298\/340|[from] Stealth Rock
|-item|p2a: Heatran|Air Balloon
|turn|12
|c|âTheMundane|Offensive tran?
|c| allinu|its timid
|join|hashtagRjx
|join|Maiora
|c|âCleanerThanRotom-W|cancel why dont u work
|c|âTheMundane|Hmm
|c| allinu|srs btw
|c| allinu|that team is pretty 'popular'
|leave|TheThorn
|leave|Mih Evol
|c| nazhir|12 vs 1 if focus blast again miss
|
|switch|p1a: Slowbro|Slowbro, F|393\/393
|-damage|p1a: Slowbro|344\/393|[from] Stealth Rock
|switch|p2a: NOT IN MAH HOUSE|Chansey, F|684\/684
|-damage|p2a: NOT IN MAH HOUSE|599\/684|[from] Stealth Rock
|
|turn|13
|join|LMay
|
|switch|p2a: Venusaur'ed what e|Venusaur-Mega, F|364\/364
|-damage|p2a: Venusaur'ed what e|319\/364|[from] Stealth Rock
|move|p1a: Slowbro|Scald|p2a: Venusaur'ed what e
|-resisted|p2a: Venusaur'ed what e
|-damage|p2a: Venusaur'ed what e|281\/364
|
|turn|14
|join|fev'
|
|move|p2a: Venusaur'ed what e|Giga Drain|p1a: Slowbro
|-supereffective|p1a: Slowbro
|-damage|p1a: Slowbro|72\/393
|-heal|p2a: Venusaur'ed what e|364\/364|[from] drain|[of] p1a: Slowbro
|move|p1a: Slowbro|Thunder Wave|p2a: Venusaur'ed what e
|-status|p2a: Venusaur'ed what e|par
|
|turn|15
|
|switch|p1a: Ferrothorn|Ferrothorn, F|202\/352
|-damage|p1a: Ferrothorn|180\/352|[from] Stealth Rock
|move|p2a: Venusaur'ed what e|Giga Drain|p1a: Ferrothorn
|-resisted|p1a: Ferrothorn
|-damage|p1a: Ferrothorn|161\/352
|
|-heal|p1a: Ferrothorn|183\/352|[from] item: Leftovers
|turn|16
|
|switch|p1a: Slowbro|Slowbro, F|203\/393
|-damage|p1a: Slowbro|154\/393|[from] Stealth Rock
|cant|p2a: Venusaur'ed what e|par
|
|turn|17
|
|switch|p1a: Heracross|Heracross, M|118\/307
|-damage|p1a: Heracross|80\/307|[from] Stealth Rock
|move|p2a: Venusaur'ed what e|Hidden Power|p1a: Heracross
|-crit|p1a: Heracross
|-supereffective|p1a: Heracross
|-damage|p1a: Heracross|0 fnt
|faint|p1a: Heracross
|
|
|switch|p1a: Gardevoir|Gardevoir-Mega, M|243\/277
|-damage|p1a: Gardevoir|209\/277|[from] Stealth Rock
|turn|18
|
|switch|p2a: muh hazards|Skarmory, M|133\/334
|-damage|p2a: muh hazards|92\/334|[from] Stealth Rock
|move|p1a: Gardevoir|Calm Mind|p1a: Gardevoir
|-boost|p1a: Gardevoir|spa|1
|-boost|p1a: Gardevoir|spd|1
|
|turn|19
|
|move|p1a: Gardevoir|Hyper Voice|p2a: muh hazards
|-resisted|p2a: muh hazards
|-damage|p2a: muh hazards|0 fnt
|faint|p2a: muh hazards
|
|
|switch|p2a: NOT IN MAH HOUSE|Chansey, F|599\/684
|-damage|p2a: NOT IN MAH HOUSE|514\/684|[from] Stealth Rock
|turn|20
|
|move|p1a: Gardevoir|Psyshock|p2a: NOT IN MAH HOUSE
|-crit|p2a: NOT IN MAH HOUSE
|-damage|p2a: NOT IN MAH HOUSE|0 fnt
|faint|p2a: NOT IN MAH HOUSE
|
|c|âTheMundane|omg
|c|âTheMundane|yes
|c|âCleanerThanRotom-W|welp
|c|âTheMundane|I told u, I'm luckE
|join|Fake
|
|switch|p2a: Heatran|Heatran, F|298\/340
|-damage|p2a: Heatran|256\/340|[from] Stealth Rock
|-item|p2a: Heatran|Air Balloon
|turn|21
|
|move|p1a: Gardevoir|Focus Blast|p2a: Heatran|[miss]
|-miss|p1a: Gardevoir|p2a: Heatran
|move|p2a: Heatran|Fire Blast|p1a: Gardevoir
|-damage|p1a: Gardevoir|124\/277
|
|turn|22
|
|move|p1a: Gardevoir|Focus Blast|p2a: Heatran|[miss]
|-miss|p1a: Gardevoir|p2a: Heatran
|move|p2a: Heatran|Fire Blast|p1a: Gardevoir
|-damage|p1a: Gardevoir|45\/277
|
|turn|23
|c|âTheMundane|Lol
|
|move|p1a: Gardevoir|Focus Blast|p2a: Heatran|[miss]
|-miss|p1a: Gardevoir|p2a: Heatran
|move|p2a: Heatran|Fire Blast|p1a: Gardevoir
|-damage|p1a: Gardevoir|0 fnt
|faint|p1a: Gardevoir
|
|c|âCleanerThanRotom-W|:]
|c| killuh 187|lucke
|c| jamel|lmaoo
|c| Reverend|luckE
|c|âTheMundane|skills
|
|switch|p1a: Landorus-Therian|Landorus-Therian, M|319\/319
|-damage|p1a: Landorus-Therian|280\/319|[from] Stealth Rock
|-ability|p1a: Landorus-Therian|Intimidate|[of] p2a: Heatran
|-unboost|p2a: Heatran|atk|1
|turn|24
|c|âTheMundane|Just for one crit
|
|move|p1a: Landorus-Therian|Superpower|p2a: Heatran
|-supereffective|p2a: Heatran
|-damage|p2a: Heatran|20\/340
|-enditem|p2a: Heatran|Air Balloon
|-unboost|p1a: Landorus-Therian|atk|1
|-unboost|p1a: Landorus-Therian|def|1
|move|p2a: Heatran|Fire Blast|p1a: Landorus-Therian
|-damage|p1a: Landorus-Therian|84\/319
|
|turn|25
|c|âTheMundane|Can't beat venu now haha
|
|switch|p2a: Venusaur'ed what e|Venusaur-Mega, F|364\/364 par
|-damage|p2a: Venusaur'ed what e|319\/364 par|[from] Stealth Rock
|move|p1a: Landorus-Therian|Superpower|p2a: Venusaur'ed what e
|-resisted|p2a: Venusaur'ed what e
|-damage|p2a: Venusaur'ed what e|287\/364 par
|-unboost|p1a: Landorus-Therian|atk|1
|-unboost|p1a: Landorus-Therian|def|1
|
|turn|26
|c|âTheMundane|gg ckeaner
|c|âCleanerThanRotom-W|gg
|c|âTheMundane|cleaner*
|
|switch|p1a: Ferrothorn|Ferrothorn, F|183\/352
|-damage|p1a: Ferrothorn|161\/352|[from] Stealth Rock
|cant|p2a: Venusaur'ed what e|par
|
|-heal|p1a: Ferrothorn|183\/352|[from] item: Leftovers
|turn|27
|
|move|p2a: Venusaur'ed what e|Hidden Power|p1a: Ferrothorn
|-supereffective|p1a: Ferrothorn
|-damage|p1a: Ferrothorn|31\/352
|move|p1a: Ferrothorn|Power Whip|p2a: Venusaur'ed what e
|-resisted|p2a: Venusaur'ed what e
|-damage|p2a: Venusaur'ed what e|266\/364 par
|
|-heal|p1a: Ferrothorn|53\/352|[from] item: Leftovers
|turn|28
|join|TheyCallMeGunner
|
|cant|p2a: Venusaur'ed what e|par
|move|p1a: Ferrothorn|Power Whip|p2a: Venusaur'ed what e
|-resisted|p2a: Venusaur'ed what e
|-damage|p2a: Venusaur'ed what e|245\/364 par
|
|-heal|p1a: Ferrothorn|75\/352|[from] item: Leftovers
|turn|29
|leave|TheyCallMeGunner
|leave|Maiora
|c| killuh 187|there's still a chance
|
|move|p2a: Venusaur'ed what e|Synthesis|p2a: Venusaur'ed what e
|-heal|p2a: Venusaur'ed what e|364\/364 par
|move|p1a: Ferrothorn|Power Whip|p2a: Venusaur'ed what e
|-resisted|p2a: Venusaur'ed what e
|-damage|p2a: Venusaur'ed what e|343\/364 par
|
|-heal|p1a: Ferrothorn|97\/352|[from] item: Leftovers
|turn|30
|leave|RaffaeleKing
|
|move|p2a: Venusaur'ed what e|Hidden Power|p1a: Ferrothorn
|-crit|p1a: Ferrothorn
|-supereffective|p1a: Ferrothorn
|-damage|p1a: Ferrothorn|0 fnt
|faint|p1a: Ferrothorn
|
|c|âTheMundane|Full para thrice
|
|switch|p1a: Landorus-Therian|Landorus-Therian, M|84\/319
|-damage|p1a: Landorus-Therian|45\/319|[from] Stealth Rock
|-ability|p1a: Landorus-Therian|Intimidate|[of] p2a: Venusaur'ed what e
|-unboost|p2a: Venusaur'ed what e|atk|1
|turn|31
|
|move|p1a: Landorus-Therian|Earthquake|p2a: Venusaur'ed what e
|-damage|p2a: Venusaur'ed what e|216\/364 par
|move|p2a: Venusaur'ed what e|Giga Drain|p1a: Landorus-Therian
|-damage|p1a: Landorus-Therian|0 fnt
|-heal|p2a: Venusaur'ed what e|239\/364 par|[from] drain|[of] p1a: Landorus-Therian
|faint|p1a: Landorus-Therian
|
|join|Caption
|leave|hashtagRjx
|c|âTheMundane|Time to hit that X
|-message|TheMundane forfeited.
|c|âTheMundane|:]
|join|hashtagRjx
|leave|Caption
|
|win|CleanerThanRotom-W
|leave|fev'
|leave|TheMundane
|leave|CleanerThanRotom-W
|
|switch|p1a: Slowbro|Slowbro, F|285\/393
|leave|killuh 187
|player|p1
|player|p2
|leave|hashtagRjx
|leave|rhtrjwr
|leave|LMay
|leave|Reverend
|leave|jamel
|leave|LT3A Dragonuser
|leave|nazhir
|leave|Omegasization
|leave|allinu
|leave|sk8rgurl
|leave|Yankmeister
|leave|Liloo