|join|CleanerThanRotom-W
|join|Thunder631
|join|Sober Thoughts
|join|killuh 187
|join|fev'
|join|CharmingTest
|join|LT3A Dragonuser
|join|Bristleback
|join|hashtagRjx
|player|p1|CleanerThanRotom-W|226
|player|p2|Thunder631|158
|gametype|singles
|gen|6
|tier|OU (suspect test)
|clearpoke
|poke|p1|Bisharp, M
|poke|p1|Venusaur, F
|poke|p1|Heatran, F
|poke|p1|Keldeo
|poke|p1|Chansey, F
|poke|p1|Skarmory, F
|poke|p2|Clefable, M
|poke|p2|Slowbro, M, shiny
|poke|p2|Scizor, M, shiny
|poke|p2|Breloom, M
|poke|p2|Heatran, M, shiny
|poke|p2|Rotom-Wash
|rule|Swagger Clause: Swagger is banned
|rule|Baton Pass Clause: Limit one PokÃ©mon knowing Baton Pass
|rule|Sleep Clause Mod: Limit one foe put to sleep
|rule|Species Clause: Limit one of each PokÃ©mon
|rule|OHKO Clause: OHKO moves are banned
|rule|Moody Clause: Moody is banned
|rule|Evasion Moves Clause: Evasion moves are banned
|rule|Endless Battle Clause: Forcing endless battles is banned
|rule|HP Percentage Mod: HP is shown in percentages
|teampreview
|join|TheThorn
|join|rhtrjwr
|join|i came from leddit
|join|TheyCallMeGunner
|c| i came from leddit|go bloody!
|join|JDynasty
|leave|JDynasty
|join|JDynasty
|leave|JDynasty
|
|start
|switch|p1a: Heatran|Heatran, F|340\/340
|switch|p2a: Rotom-Wash|Rotom-Wash|301\/301
|-item|p1a: Heatran|Air Balloon
|turn|1
|join|JDynasty
|join|Iznae
|join|Jukain
|leave|Iznae
|
|move|p1a: Heatran|Toxic|p2a: Rotom-Wash
|-status|p2a: Rotom-Wash|tox
|move|p2a: Rotom-Wash|Volt Switch|p1a: Heatran
|-damage|p1a: Heatran|253\/340
|-enditem|p1a: Heatran|Air Balloon
|join|Rooo
|join|kankuro1954
|join|Fake
|c|+Jukain|why would you ever use that bad team
|
|switch|p2a: Heatran|Heatran, M, shiny|386\/386
|
|turn|2
|c|+Jukain|sigh...
|c|+Jukain|it doesnt do anything in oras
|c|âCleanerThanRotom-W|it works
|c|âCleanerThanRotom-W|n_n
|
|move|p1a: Heatran|Stealth Rock|p2a: Heatran
|-sidestart|p2: Thunder631|move: Stealth Rock
|move|p2a: Heatran|Stealth Rock|p1a: Heatran
|-sidestart|p1: CleanerThanRotom-W|move: Stealth Rock
|
|turn|3
|c|+Jukain|well it probably 6-0s
|c|+Jukain|most of the ladder
|c|+Jukain|tbh
|c|âThunder631|Mgross Tpunch hammer arm
|c|+Jukain|bad players
|c|âThunder631|g_g
|c|+Jukain|zzz
|
|switch|p1a: Chansey|Chansey, F|684\/684
|-damage|p1a: Chansey|599\/684|[from] Stealth Rock
|switch|p2a: Slowbro|Slowbro, M, shiny|393\/393
|-damage|p2a: Slowbro|344\/393|[from] Stealth Rock
|
|turn|4
|c| i came from leddit|av slowbro
|c|âCleanerThanRotom-W|mega
|c|âThunder631|SCARF
|
|switch|p1a: Venusaur|Venusaur, F|364\/364
|-damage|p1a: Venusaur|319\/364|[from] Stealth Rock
|detailschange|p2a: Slowbro|Slowbro-Mega, M, shiny
|-mega|p2a: Slowbro|Slowbro|Slowbronite
|move|p2a: Slowbro|Calm Mind|p2a: Slowbro
|-boost|p2a: Slowbro|spa|1
|-boost|p2a: Slowbro|spd|1
|
|turn|5
|c|âThunder631|gg CTR
|
|detailschange|p1a: Venusaur|Venusaur-Mega, F
|-mega|p1a: Venusaur|Venusaur|Venusaurite
|move|p1a: Venusaur|Giga Drain|p2a: Slowbro
|-supereffective|p2a: Slowbro
|-damage|p2a: Slowbro|168\/393
|-heal|p1a: Venusaur|364\/364|[from] drain|[of] p2a: Slowbro
|move|p2a: Slowbro|Scald|p1a: Venusaur
|-resisted|p1a: Venusaur
|-damage|p1a: Venusaur|294\/364
|
|turn|6
|c|âCleanerThanRotom-W|yea gg
|c|âCleanerThanRotom-W|...
|
|switch|p2a: Heatran|Heatran, M, shiny|386\/386
|-damage|p2a: Heatran|338\/386|[from] Stealth Rock
|move|p1a: Venusaur|Giga Drain|p2a: Heatran
|-crit|p2a: Heatran
|-resisted|p2a: Heatran
|-damage|p2a: Heatran|310\/386
|-heal|p1a: Venusaur|308\/364|[from] drain|[of] p2a: Heatran
|
|-heal|p2a: Heatran|334\/386|[from] item: Leftovers
|turn|7
|
|move|p2a: Heatran|Will-O-Wisp|p1a: Venusaur
|-status|p1a: Venusaur|brn
|move|p1a: Venusaur|Leech Seed|p2a: Heatran
|-start|p2a: Heatran|move: Leech Seed
|
|-heal|p2a: Heatran|358\/386|[from] item: Leftovers
|-damage|p2a: Heatran|310\/386|[from] Leech Seed|[of] p1a: Venusaur
|-heal|p1a: Venusaur|356\/364 brn|[silent]
|-damage|p1a: Venusaur|311\/364 brn|[from] brn
|turn|8
|c|âThunder631|eq  is coming
|c| i came from leddit|nice job u predicted the eq
|
|switch|p2a: Scizor|Scizor, M, shiny|344\/344
|-damage|p2a: Scizor|301\/344|[from] Stealth Rock
|switch|p1a: Heatran|Heatran, F|253\/340
|-damage|p1a: Heatran|211\/340|[from] Stealth Rock
|
|-heal|p2a: Scizor|322\/344|[from] item: Leftovers
|turn|9
|c|âCleanerThanRotom-W|all those switch ins
|
|switch|p2a: Slowbro|Slowbro-Mega, M, shiny|168\/393
|-damage|p2a: Slowbro|119\/393|[from] Stealth Rock
|move|p1a: Heatran|Fire Blast|p2a: Slowbro
|-resisted|p2a: Slowbro
|-damage|p2a: Slowbro|21\/393
|
|turn|10
|c| i came from leddit|really nice play
|c|âThunder631|ik
|join|allinu
|c|âThunder631|thxthx
|c| i came from leddit|i can see how you went 49-19 on the suspect ladder
|
|move|p1a: Heatran|Fire Blast|p2a: Slowbro
|-resisted|p2a: Slowbro
|-damage|p2a: Slowbro|0 fnt
|faint|p2a: Slowbro
|
|c|âThunder631|i just have a bad match up
|c|âThunder631|it was n't with this team
|c|âThunder631|l o l
|c|âThunder631|i always use HO
|c|âThunder631|i wanted to test
|c| allinu|cleaner only 29-6 with his precious stall in ou suspect
|c| allinu|damn :\/
|join|maestro YOda
|c|âCleanerThanRotom-W|i didnt ladder in suspect srsly
|c|âCleanerThanRotom-W|since i dont care bout ninja
|c|âCleanerThanRotom-W|all i care is regular ladder
|
|switch|p2a: Breloom|Breloom, M|262\/262
|-damage|p2a: Breloom|246\/262|[from] Stealth Rock
|turn|11
|c| i came from leddit|all i care about
|c| i came from leddit|it u
|c| i came from leddit|<3
|c|âCleanerThanRotom-W|<3
|c| i came from leddit|is****
|
|switch|p2a: Heatran|Heatran, M, shiny|310\/386
|-damage|p2a: Heatran|262\/386|[from] Stealth Rock
|move|p1a: Heatran|Fire Blast|p2a: Heatran
|-start|p2a: Heatran|ability: Flash Fire
|
|-heal|p2a: Heatran|286\/386|[from] item: Leftovers
|turn|12
|c| maestro YOda|slowbro clef tran zor
|c| maestro YOda|reminds me this http:\/\/www.smogon.com\/forums\/threads\/balanced-team-peaked-1-on-sd-2073-and-po.3511490\/
|c|âThunder631|k
|c|âCleanerThanRotom-W|tele u are a quality human being
|c|âCleanerThanRotom-W|kek
|c| maestro YOda|whos tele
|c| rhtrjwr|tele when the next decent rtm
|
|move|p2a: Heatran|Protect|p2a: Heatran
|-singleturn|p2a: Heatran|Protect
|move|p1a: Heatran|Taunt|p2a: Heatran
|-activate|p2a: Heatran|Protect
|
|-heal|p2a: Heatran|310\/386|[from] item: Leftovers
|turn|13
|c| maestro YOda|very soon
|join|SamuraiSneasel
|c| rhtrjwr|and when battle against bloo
|c|âCleanerThanRotom-W|and when is slowking going to be ou
|c|âCleanerThanRotom-W|,,
|c| maestro YOda|not soon
|
|switch|p2a: Rotom-Wash|Rotom-Wash|301\/301 tox
|-damage|p2a: Rotom-Wash|264\/301 tox|[from] Stealth Rock
|move|p1a: Heatran|Taunt|p2a: Rotom-Wash
|-start|p2a: Rotom-Wash|move: Taunt
|
|-heal|p2a: Rotom-Wash|282\/301 tox|[from] item: Leftovers
|-damage|p2a: Rotom-Wash|264\/301 tox|[from] psn
|turn|14
|c| maestro YOda|first i gotta make mega bro #1 in usages
|
|switch|p1a: Chansey|Chansey, F|599\/684
|-damage|p1a: Chansey|514\/684|[from] Stealth Rock
|move|p2a: Rotom-Wash|Volt Switch|p1a: Chansey
|-damage|p1a: Chansey|460\/684
|c|âCleanerThanRotom-W|tele
|c|âCleanerThanRotom-W|who changed ur acc on smogon
|c|âCleanerThanRotom-W|lol
|
|switch|p2a: Breloom|Breloom, M|246\/262
|-damage|p2a: Breloom|230\/262|[from] Stealth Rock
|
|turn|15
|c| allinu|tele did you beat bloo yet?
|c| maestro YOda|haunter told me aldaron did it
|c| maestro YOda|but im still suspecting haunter
|c|âCleanerThanRotom-W|i c
|c| rhtrjwr|clearly haunter did it lol
|c|âCleanerThanRotom-W|teleGOD
|
|switch|p1a: Venusaur|Venusaur-Mega, F|311\/364 brn
|-damage|p1a: Venusaur|266\/364 brn|[from] Stealth Rock
|move|p2a: Breloom|Swords Dance|p2a: Breloom
|-boost|p2a: Breloom|atk|2
|
|-damage|p1a: Venusaur|221\/364 brn|[from] brn
|turn|16
|c|âCleanerThanRotom-W|im best username
|c|âCleanerThanRotom-W|*imo
|c| maestro YOda|the match vs bloo is on my pocket already
|
|switch|p2a: Heatran|Heatran, M, shiny|310\/386
|-damage|p2a: Heatran|262\/386|[from] Stealth Rock
|move|p1a: Venusaur|Synthesis|p1a: Venusaur
|-heal|p1a: Venusaur|364\/364 brn
|
|-heal|p2a: Heatran|286\/386|[from] item: Leftovers
|-damage|p1a: Venusaur|319\/364 brn|[from] brn
|turn|17
|leave|Rooo
|
|move|p2a: Heatran|Lava Plume|p1a: Venusaur
|-supereffective|p1a: Venusaur
|-damage|p1a: Venusaur|209\/364 brn
|move|p1a: Venusaur|Leech Seed|p2a: Heatran|[miss]
|-miss|p1a: Venusaur|p2a: Heatran
|
|-heal|p2a: Heatran|310\/386|[from] item: Leftovers
|-damage|p1a: Venusaur|164\/364 brn|[from] brn
|turn|18
|c| rhtrjwr|will you bring a new xy team?
|c| allinu|would really send a message to the community if you beat him
|c|âCleanerThanRotom-W|lol tele
|c| allinu|haters would go silent
|c| i came from leddit|tele when are you 2 playing?
|join|GiveHerACookie
|
|move|p2a: Heatran|Lava Plume|p1a: Venusaur
|-supereffective|p1a: Venusaur
|-damage|p1a: Venusaur|56\/364 brn
|move|p1a: Venusaur|Synthesis|p1a: Venusaur
|-heal|p1a: Venusaur|238\/364 brn
|
|-heal|p2a: Heatran|334\/386|[from] item: Leftovers
|-damage|p1a: Venusaur|193\/364 brn|[from] brn
|turn|19
|c|âThunder631|i can't pass venu
|c|âThunder631|o\/
|-message|Thunder631 forfeited.
|c|âCleanerThanRotom-W|k
|leave|Thunder631
|
|win|CleanerThanRotom-W
|leave|i came from leddit
|leave|TheyCallMeGunner
|c|âCleanerThanRotom-W|âThunder631: gg CTR
|c| maestro YOda|not today
|player|p2
|leave|Sober Thoughts
|join|TheyCallMeGunner
|leave|maestro YOda
|leave|TheyCallMeGunner
|leave|CharmingTest
|leave|rhtrjwr
|leave|hashtagRjx
|leave|kankuro1954
|leave|allinu
|leave|fev'
|leave|TheThorn
|leave|SamuraiSneasel
|join|Albyness
|leave|CleanerThanRotom-W
|leave|GiveHerACookie
|player|p1
|leave|Albyness
|leave|Bristleback
|join|eyyy boyyy
|leave|eyyy boyyy
|leave|killuh 187
|join|LordKuvira
|leave|Lord Kuvira
|leave|LT3A Dragonuser
|join|CLC Snaquaza
|leave|CLC Snaquaza