|join|Teremiare
|join|CleanerThanRotom-W
|join|ter tar
|join|TheyCallMeGunner
|join|TheMundane
|join|Maiora
|join|fev'
|join|LMay
|join|jamel
|join|rhtrjwr
|player|p1|Teremiare|25
|player|p2|CleanerThanRotom-W|226
|gametype|singles
|gen|6
|tier|OU (suspect test)
|clearpoke
|poke|p1|Meloetta
|poke|p1|Victini
|poke|p1|Kyurem-Black
|poke|p1|Gardevoir, F, shiny
|poke|p1|Latios, M
|poke|p1|Landorus-Therian, M
|poke|p2|Bisharp, F
|poke|p2|Venusaur, M
|poke|p2|Heatran, M
|poke|p2|Keldeo
|poke|p2|Chansey, F
|poke|p2|Skarmory, F
|rule|Swagger Clause: Swagger is banned
|rule|Baton Pass Clause: Limit one PokÃ©mon knowing Baton Pass
|rule|Sleep Clause Mod: Limit one foe put to sleep
|rule|Species Clause: Limit one of each PokÃ©mon
|rule|OHKO Clause: OHKO moves are banned
|rule|Moody Clause: Moody is banned
|rule|Evasion Moves Clause: Evasion moves are banned
|rule|Endless Battle Clause: Forcing endless battles is banned
|rule|HP Percentage Mod: HP is shown in percentages
|teampreview
|join|LT3A Dragonuser
|join|Swaqfeq
|join|Reverend
|join|Mih Evol
|join|ollopa
|join|JDynasty
|leave|Mih Evol
|join|Chivalrous Testing
|leave|Chivalrous Testing
|
|start
|switch|p1a: Meloetta|Meloetta|379\/379
|switch|p2a: Heatran|Heatran, M|340\/340
|-item|p2a: Heatran|Air Balloon
|turn|1
|
|move|p2a: Heatran|Toxic|p1a: Meloetta
|-status|p1a: Meloetta|tox
|move|p1a: Meloetta|Focus Blast|p2a: Heatran|[miss]
|-miss|p1a: Meloetta|p2a: Heatran
|
|-damage|p1a: Meloetta|356\/379 tox|[from] psn
|turn|2
|join|hashtagRjx
|join|nazhir
|c| TheyCallMeGunner|skillful dodge
|c| ter tar|w
|
|move|p2a: Heatran|Stealth Rock|p1a: Meloetta
|-sidestart|p1: Teremiare|move: Stealth Rock
|move|p1a: Meloetta|Focus Blast|p2a: Heatran|[miss]
|-miss|p1a: Meloetta|p2a: Heatran
|
|-damage|p1a: Meloetta|310\/379 tox|[from] psn
|turn|3
|c| TheMundane|focus blast is literally the worse move in the game
|join|Senhor Anseio
|c| ter tar|bruh
|c| TheyCallMeGunner|skillful dodge #2
|c| ter tar|that accuracy
|join|Fake
|
|switch|p2a: NOT IN MAH HOUSE|Chansey, F|684\/684
|move|p1a: Meloetta|Focus Blast|p2a: NOT IN MAH HOUSE|[miss]
|-miss|p1a: Meloetta|p2a: NOT IN MAH HOUSE
|
|-damage|p1a: Meloetta|241\/379 tox|[from] psn
|turn|4
|c| ter tar|focus blast is basically an asian trying to aura sphere
|c|âCleanerThanRotom-W|lol
|c| ter tar|TRIPLE MISS
|c|âCleanerThanRotom-W|3 times
|c|âTeremiare|lol
|c| ter tar|lmao im done
|c|âCleanerThanRotom-W|again
|c|âCleanerThanRotom-W|like in my last game
|c|âCleanerThanRotom-W|lol
|c| LT3A Dragonuser|isnt that 2 games straight someone missed 3 in a row
|c| LT3A Dragonuser|jesus christ
|c| TheMundane|thst ...omg
|c| TheMundane|my stomach hurts
|join|bforrester16
|c| JDynasty|lmao
|c|âCleanerThanRotom-W|seems like im lukE today
|
|switch|p1a: Landorus-Therian|Landorus-Therian, M|382\/382
|-damage|p1a: Landorus-Therian|335\/382|[from] Stealth Rock
|-ability|p1a: Landorus-Therian|Intimidate|[of] p2a: NOT IN MAH HOUSE
|-unboost|p2a: NOT IN MAH HOUSE|atk|1
|move|p2a: NOT IN MAH HOUSE|Seismic Toss|p1a: Landorus-Therian
|-damage|p1a: Landorus-Therian|235\/382
|
|-heal|p1a: Landorus-Therian|258\/382|[from] item: Leftovers
|turn|5
|c| LT3A Dragonuser|true
|join|maestro YOda
|
|switch|p2a: muh hazards|Skarmory, F|334\/334
|move|p1a: Landorus-Therian|Knock Off|p2a: muh hazards
|-damage|p2a: muh hazards|270\/334
|-damage|p1a: Landorus-Therian|195\/382|[from] item: Rocky Helmet|[of] p2a: muh hazards
|-enditem|p2a: muh hazards|Rocky Helmet|[from] move: Knock Off|[of] p1a: Landorus-Therian
|
|-heal|p1a: Landorus-Therian|218\/382|[from] item: Leftovers
|turn|6
|
|switch|p1a: Meloetta|Meloetta|241\/379 tox
|-damage|p1a: Meloetta|194\/379 tox|[from] Stealth Rock
|move|p2a: muh hazards|Spikes|p1a: Meloetta
|-sidestart|p1: Teremiare|Spikes
|
|-damage|p1a: Meloetta|171\/379 tox|[from] psn
|turn|7
|c| bforrester16|that cry tho
|leave|maestro YOda
|
|switch|p2a: NOT IN MAH HOUSE|Chansey, F|684\/684
|move|p1a: Meloetta|Thunderbolt|p2a: NOT IN MAH HOUSE
|-damage|p2a: NOT IN MAH HOUSE|617\/684
|
|-damage|p1a: Meloetta|125\/379 tox|[from] psn
|turn|8
|
|switch|p1a: Latios|Latios, M|301\/301
|-damage|p1a: Latios|264\/301|[from] Stealth Rock
|switch|p2a: My little jake|Keldeo|324\/324
|
|turn|9
|leave|Swaqfeq
|
|switch|p2a: lusty leddit|Bisharp, F|334\/334
|move|p1a: Latios|Defog|p2a: lusty leddit
|-unboost|p2a: lusty leddit|evasion|1
|-boost|p2a: lusty leddit|atk|2|[from] ability: Defiant
|-sideend|p1: Teremiare|Spikes|[from] move: Defog|[of] p1a: Latios
|-sideend|p1: Teremiare|Stealth Rock|[from] move: Defog|[of] p1a: Latios
|
|turn|10
|c| ter tar|DAM
|c|âTeremiare|gg
|c| TheMundane|That team looks might Bish weak oml
|c|âCleanerThanRotom-W|gg lol
|c| ollopa|good heavens
|
|move|p1a: Latios|Hidden Power|p2a: lusty leddit
|-supereffective|p2a: lusty leddit
|-damage|p2a: lusty leddit|0 fnt
|-damage|p1a: Latios|234\/301|[from] item: Life Orb
|faint|p2a: lusty leddit
|
|c| TheMundane|Mighty*
|c| TheyCallMeGunner|loooool
|c| ter tar|it's ogre lol
|c| TheyCallMeGunner|that fake
|c| ter tar|OH NAH
|
|switch|p2a: Heatran|Heatran, M|340\/340
|-item|p2a: Heatran|Air Balloon
|turn|11
|c|âTeremiare|not running sucker punch?
|c| ter tar|THE COMEBACK
|c|âCleanerThanRotom-W|i predicted a switch
|c| ter tar|your overpredictiveness cost you
|c| ter tar|lol
|c| TheMundane|His team doesn't have Bish switch ins
|c|âCleanerThanRotom-W|dont rly care
|c| TheMundane|but hindsight
|c|âCleanerThanRotom-W|i joined cuz of fun anyways
|
|switch|p1a: Gardevoir|Gardevoir, F, shiny|277\/277
|-ability|p1a: Gardevoir|Flash Fire|[from] ability: Trace|[of] p2a: Heatran
|move|p2a: Heatran|Stealth Rock|p1a: Gardevoir
|-sidestart|p1: Teremiare|move: Stealth Rock
|
|turn|12
|c| TheMundane|Tru
|c| ter tar|sucker punch is more exploitable than kim kardashian's ass
|c|âTeremiare|just spamming sucker punch would have won you the game
|join|kpotato12
|
|detailschange|p1a: Gardevoir|Gardevoir-Mega, F, shiny
|-mega|p1a: Gardevoir|Gardevoir|Gardevoirite
|move|p1a: Gardevoir|Hyper Voice|p2a: Heatran
|-resisted|p2a: Heatran
|-damage|p2a: Heatran|281\/340
|-enditem|p2a: Heatran|Air Balloon
|move|p2a: Heatran|Toxic|p1a: Gardevoir
|-status|p1a: Gardevoir|tox
|
|-damage|p1a: Gardevoir|260\/277 tox|[from] psn
|turn|13
|
|switch|p2a: NOT IN MAH HOUSE|Chansey, F|617\/684
|move|p1a: Gardevoir|Hidden Power|p2a: NOT IN MAH HOUSE
|-damage|p2a: NOT IN MAH HOUSE|570\/684
|
|-damage|p1a: Gardevoir|226\/277 tox|[from] psn
|turn|14
|
|switch|p1a: Victini|Victini|341\/341
|-damage|p1a: Victini|256\/341|[from] Stealth Rock
|move|p2a: NOT IN MAH HOUSE|Seismic Toss|p1a: Victini
|-damage|p1a: Victini|156\/341
|
|turn|15
|
|switch|p2a: Venusaur'ed what e|Venusaur, M|364\/364
|move|p1a: Victini|Bolt Strike|p2a: Venusaur'ed what e
|-resisted|p2a: Venusaur'ed what e
|-damage|p2a: Venusaur'ed what e|309\/364
|
|turn|16
|c| ter tar|why is he switching special attackers into chansey
|join|DennisEG
|
|switch|p1a: Meloetta|Meloetta|125\/379 tox
|-damage|p1a: Meloetta|78\/379 tox|[from] Stealth Rock
|detailschange|p2a: Venusaur'ed what e|Venusaur-Mega, M
|-mega|p2a: Venusaur'ed what e|Venusaur|Venusaurite
|move|p2a: Venusaur'ed what e|Leech Seed|p1a: Meloetta
|-start|p1a: Meloetta|move: Leech Seed
|
|-damage|p1a: Meloetta|31\/379 tox|[from] Leech Seed|[of] p2a: Venusaur'ed what e
|-heal|p2a: Venusaur'ed what e|356\/364|[silent]
|-damage|p1a: Meloetta|8\/379 tox|[from] psn
|turn|17
|c| ollopa|victini is physical
|leave|DennisEG
|c| ter tar|oh
|
|switch|p2a: NOT IN MAH HOUSE|Chansey, F|570\/684
|move|p1a: Meloetta|Psyshock|p2a: NOT IN MAH HOUSE
|-damage|p2a: NOT IN MAH HOUSE|360\/684
|
|-damage|p1a: Meloetta|0 fnt|[from] Leech Seed|[of] p2a: NOT IN MAH HOUSE
|-heal|p2a: NOT IN MAH HOUSE|368\/684|[silent]
|faint|p1a: Meloetta
|
|switch|p1a: Kyurem-Black|Kyurem-Black|392\/392
|-damage|p1a: Kyurem-Black|294\/392|[from] Stealth Rock
|-ability|p1a: Kyurem-Black|Teravolt
|turn|18
|
|switch|p2a: muh hazards|Skarmory, F|270\/334
|move|p1a: Kyurem-Black|Freeze Shock|p2a: muh hazards|[still]
|-prepare|p1a: Kyurem-Black|Freeze Shock|p2a: muh hazards
|-enditem|p1a: Kyurem-Black|Power Herb
|-anim|p1a: Kyurem-Black|Freeze Shock|p2a: muh hazards
|-damage|p2a: muh hazards|68\/334
|
|turn|19
|join|Snorlax's pillow
|leave|LMay
|
|move|p1a: Kyurem-Black|Fusion Bolt|p2a: muh hazards
|-supereffective|p2a: muh hazards
|-damage|p2a: muh hazards|0 fnt
|faint|p2a: muh hazards
|
|
|switch|p2a: My little jake|Keldeo|324\/324
|turn|20
|
|move|p2a: My little jake|Secret Sword|p1a: Kyurem-Black
|-supereffective|p1a: Kyurem-Black
|-damage|p1a: Kyurem-Black|0 fnt
|faint|p1a: Kyurem-Black
|
|
|switch|p1a: Gardevoir|Gardevoir-Mega, F, shiny|226\/277 tox
|-damage|p1a: Gardevoir|192\/277 tox|[from] Stealth Rock
|turn|21
|join|allinu
|
|switch|p2a: Heatran|Heatran, M|281\/340
|move|p1a: Gardevoir|Hyper Voice|p2a: Heatran
|-resisted|p2a: Heatran
|-damage|p2a: Heatran|224\/340
|
|-damage|p1a: Gardevoir|175\/277 tox|[from] psn
|turn|22
|
|switch|p2a: My little jake|Keldeo|324\/324
|move|p1a: Gardevoir|Hidden Power|p2a: My little jake
|-damage|p2a: My little jake|240\/324
|
|-heal|p2a: My little jake|260\/324|[from] item: Leftovers
|-damage|p1a: Gardevoir|141\/277 tox|[from] psn
|turn|23
|
|switch|p2a: Heatran|Heatran, M|224\/340
|move|p1a: Gardevoir|Hyper Voice|p2a: Heatran
|-resisted|p2a: Heatran
|-damage|p2a: Heatran|168\/340
|
|-damage|p1a: Gardevoir|90\/277 tox|[from] psn
|turn|24
|c| ter tar|rotom stalling out the poison
|
|switch|p2a: Venusaur'ed what e|Venusaur-Mega, M|356\/364
|move|p1a: Gardevoir|Psyshock|p2a: Venusaur'ed what e
|-supereffective|p2a: Venusaur'ed what e
|-damage|p2a: Venusaur'ed what e|144\/364
|
|-damage|p1a: Gardevoir|22\/277 tox|[from] psn
|turn|25
|c| Snorlax's pillow|dang
|c| ter tar|ouch
|
|move|p1a: Gardevoir|Psyshock|p2a: Venusaur'ed what e
|-supereffective|p2a: Venusaur'ed what e
|-damage|p2a: Venusaur'ed what e|0 fnt
|faint|p2a: Venusaur'ed what e
|
|-damage|p1a: Gardevoir|0 fnt|[from] psn
|faint|p1a: Gardevoir
|c| Snorlax's pillow|was for chansey...
|join|I ABR I
|c| I ABR I|cleaner
|c|âCleanerThanRotom-W|ya
|c| I ABR I|wish killer squad
|c| I ABR I|?
|c|âCleanerThanRotom-W|yes
|c| I ABR I|how is it
|c|âCleanerThanRotom-W|succeful
|
|switch|p1a: Latios|Latios, M|234\/301
|switch|p2a: NOT IN MAH HOUSE|Chansey, F|368\/684
|-damage|p1a: Latios|197\/301|[from] Stealth Rock
|turn|26
|
|move|p1a: Latios|Psyshock|p2a: NOT IN MAH HOUSE
|-damage|p2a: NOT IN MAH HOUSE|115\/684
|-damage|p1a: Latios|167\/301|[from] item: Life Orb
|move|p2a: NOT IN MAH HOUSE|Thunder Wave|p1a: Latios
|-status|p1a: Latios|par
|
|turn|27
|
|switch|p1a: Landorus-Therian|Landorus-Therian, M|218\/382
|-damage|p1a: Landorus-Therian|171\/382|[from] Stealth Rock
|-ability|p1a: Landorus-Therian|Intimidate|[of] p2a: NOT IN MAH HOUSE
|-unboost|p2a: NOT IN MAH HOUSE|atk|1
|move|p2a: NOT IN MAH HOUSE|Soft-Boiled|p2a: NOT IN MAH HOUSE
|-heal|p2a: NOT IN MAH HOUSE|457\/684
|
|-heal|p1a: Landorus-Therian|194\/382|[from] item: Leftovers
|turn|28
|
|switch|p2a: My little jake|Keldeo|260\/324
|move|p1a: Landorus-Therian|Knock Off|p2a: My little jake
|-resisted|p2a: My little jake
|-damage|p2a: My little jake|200\/324
|-boost|p2a: My little jake|atk|1|[from] ability: Justified
|-enditem|p2a: My little jake|Leftovers|[from] move: Knock Off|[of] p1a: Landorus-Therian
|
|-heal|p1a: Landorus-Therian|217\/382|[from] item: Leftovers
|turn|29
|
|switch|p1a: Latios|Latios, M|167\/301 par
|-damage|p1a: Latios|130\/301 par|[from] Stealth Rock
|move|p2a: My little jake|Scald|p1a: Latios
|-resisted|p1a: Latios
|-damage|p1a: Latios|64\/301 par
|
|turn|30
|
|move|p2a: My little jake|Icy Wind|p1a: Latios
|-supereffective|p1a: Latios
|-damage|p1a: Latios|0 fnt
|faint|p1a: Latios
|
|c| I ABR I|cm icy?
|c|âCleanerThanRotom-W|yes
|
|switch|p1a: Victini|Victini|156\/341
|-damage|p1a: Victini|71\/341|[from] Stealth Rock
|turn|31
|join|ShockingFacts1234
|c| I ABR I|i saw tele use it
|c| I ABR I|looked p cool
|
|switch|p2a: Heatran|Heatran, M|168\/340
|move|p1a: Victini|Bolt Strike|p2a: Heatran
|-damage|p2a: Heatran|62\/340
|
|turn|32
|c|âCleanerThanRotom-W|tele got it from him
|
|move|p1a: Victini|Bolt Strike|p2a: Heatran
|-damage|p2a: Heatran|0 fnt
|faint|p2a: Heatran
|
|join|Days End
|join|MoB Barley
|
|switch|p2a: NOT IN MAH HOUSE|Chansey, F|457\/684
|turn|33
|c| MoB Barley|rotom0w
|c|âCleanerThanRotom-W|yes
|c| MoB Barley|are u kidding me
|c|âCleanerThanRotom-W|n_n
|
|move|p1a: Victini|Bolt Strike|p2a: NOT IN MAH HOUSE
|-crit|p2a: NOT IN MAH HOUSE
|-damage|p2a: NOT IN MAH HOUSE|214\/684
|move|p2a: NOT IN MAH HOUSE|Seismic Toss|p1a: Victini
|-damage|p1a: Victini|0 fnt
|faint|p1a: Victini
|
|join|dapandanerd
|join|killuh 187
|c| MoB Barley|i am so dissapointed
|c|âCleanerThanRotom-W|LOL
|
|switch|p1a: Landorus-Therian|Landorus-Therian, M|217\/382
|-damage|p1a: Landorus-Therian|170\/382|[from] Stealth Rock
|-ability|p1a: Landorus-Therian|Intimidate|[of] p2a: NOT IN MAH HOUSE
|-unboost|p2a: NOT IN MAH HOUSE|atk|1
|turn|34
|c| MoB Barley|we aren't on speaking terms now
|join|Swaqfeq
|
|move|p1a: Landorus-Therian|Earthquake|p2a: NOT IN MAH HOUSE
|-damage|p2a: NOT IN MAH HOUSE|0 fnt
|faint|p2a: NOT IN MAH HOUSE
|
|-heal|p1a: Landorus-Therian|193\/382|[from] item: Leftovers
|c| kpotato12|inb4 aqua jet keldeo
|c|âTeremiare|gg
|c|âCleanerThanRotom-W|gg
|c| ter tar|i cant believe he let that bisharp die so early
|c| ter tar|wtf
|
|switch|p2a: My little jake|Keldeo|200\/324
|turn|35
|leave|MoB Barley
|c| I ABR I|whoa bish weakness alert
|c| I ABR I|just noticed
|join|FearTheCow57
|join|FrozenCold
|
|move|p2a: My little jake|Scald|p1a: Landorus-Therian
|-supereffective|p1a: Landorus-Therian
|-damage|p1a: Landorus-Therian|0 fnt
|faint|p1a: Landorus-Therian
|
|win|CleanerThanRotom-W
|c| TheMundane|Bulk keld
|leave|LT3A Dragonuser
|leave|JDynasty
|leave|I ABR I
|leave|CleanerThanRotom-W
|leave|FearTheCow57
|leave|kpotato12
|leave|TheyCallMeGunner
|leave|TheMundane
|leave|ShockingFacts1234
|player|p2
|leave|Maiora
|leave|ter tar
|leave|fev'
|leave|FrozenCold
|leave|Teremiare
|leave|Reverend
|player|p1
|leave|dapandanerd
|leave|hashtagRjx
|leave|jamel
|leave|Swaqfeq
|leave|nazhir
|leave|Snorlax's pillow
|leave|Senhor Anseio
|leave|bforrester16