|join|burgerfresser
|join|CleanerThanRotom-W
|join|allinu
|join|orei
|join|DeepFreezeIV
|join|Cyperone
|join|smdufgt
|join|Nedor
|join|Too much swog
|join|Chusita
|join|AdvanceShip
|join|Myliltony
|player|p1|burgerfresser|260
|player|p2|CleanerThanRotom-W|226
|gametype|singles
|gen|6
|tier|OU (suspect test)
|clearpoke
|poke|p1|Dragonite, M, shiny
|poke|p1|Gardevoir, F, shiny
|poke|p1|Zapdos
|poke|p1|Chesnaught, F
|poke|p1|Heatran, F
|poke|p1|Landorus-Therian, M
|poke|p2|Bisharp, F
|poke|p2|Venusaur, F
|poke|p2|Heatran, M
|poke|p2|Keldeo
|poke|p2|Chansey, F
|poke|p2|Skarmory, F
|rule|Swagger Clause: Swagger is banned
|rule|Baton Pass Clause: Limit one PokÃ©mon knowing Baton Pass
|rule|Sleep Clause Mod: Limit one foe put to sleep
|rule|Species Clause: Limit one of each PokÃ©mon
|rule|OHKO Clause: OHKO moves are banned
|rule|Moody Clause: Moody is banned
|rule|Evasion Moves Clause: Evasion moves are banned
|rule|Endless Battle Clause: Forcing endless battles is banned
|rule|HP Percentage Mod: HP is shown in percentages
|teampreview
|join|Winter Schemes
|join|av kakuna
|leave|Myliltony
|c|âburgerfresser|gl hf
|join|CodigoDeBarras
|c| Nedor|that semi-stall team x;
|c|âCleanerThanRotom-W|gl
|leave|Chusita
|leave|Winter Schemes
|join|TheSkyAboveUs
|join|i came from leddit
|c| DeepFreezeIV|iss nen burger!
|c|âburgerfresser|lol
|join|TheObsessed
|c| DeepFreezeIV|^^
|
|start
|switch|p1a: Landorus-Therian|Landorus-Therian, M|319\/319
|switch|p2a: Heatran|Heatran, M|340\/340
|-ability|p1a: Landorus-Therian|Intimidate|[of] p2a: Heatran
|-unboost|p2a: Heatran|atk|1
|-item|p2a: Heatran|Air Balloon
|turn|1
|join|Kama Sutra
|c| i came from leddit|go cleaner!
|join|Chusita
|
|move|p1a: Landorus-Therian|U-turn|p2a: Heatran
|-resisted|p2a: Heatran
|-damage|p2a: Heatran|323\/340
|-enditem|p2a: Heatran|Air Balloon
|leave|Kama Sutra
|
|switch|p1a: Heattransexsual|Heatran, F|386\/386
|move|p2a: Heatran|Stealth Rock|p1a: Heattransexsual
|-sidestart|p1: burgerfresser|move: Stealth Rock
|
|turn|2
|join|Quizzart
|join|squiffypiffy
|
|move|p2a: Heatran|Taunt|p1a: Heattransexsual
|-start|p1a: Heattransexsual|move: Taunt
|cant|p1a: Heattransexsual|move: Taunt|Stealth Rock
|
|turn|3
|join|SuperSmoke
|
|switch|p2a: My little jake|Keldeo|324\/324
|move|p1a: Heattransexsual|Lava Plume|p2a: My little jake
|-resisted|p2a: My little jake
|-damage|p2a: My little jake|259\/324
|-status|p2a: My little jake|brn
|
|-heal|p2a: My little jake|279\/324 brn|[from] item: Leftovers
|-damage|p2a: My little jake|239\/324 brn|[from] brn
|turn|4
|c| i came from leddit|fucking haxer
|c| i came from leddit|poopyhead
|c|âburgerfresser|lol
|
|switch|p1a: Chesnaught|Chesnaught, F|380\/380
|-damage|p1a: Chesnaught|357\/380|[from] Stealth Rock
|move|p2a: My little jake|Scald|p1a: Chesnaught
|-resisted|p1a: Chesnaught
|-damage|p1a: Chesnaught|267\/380
|
|-heal|p2a: My little jake|259\/324 brn|[from] item: Leftovers
|-heal|p1a: Chesnaught|290\/380|[from] item: Leftovers
|-damage|p2a: My little jake|219\/324 brn|[from] brn
|turn|5
|leave|Nedor
|c| i came from leddit|>no burn
|c| i came from leddit|....
|
|switch|p2a: Venusaur'ed what e|Venusaur, F|364\/364
|move|p1a: Chesnaught|Spikes|p2a: Venusaur'ed what e
|-sidestart|p2: CleanerThanRotom-W|Spikes
|
|-heal|p1a: Chesnaught|313\/380|[from] item: Leftovers
|turn|6
|join|Nick504
|
|switch|p2a: muh hazards|Skarmory, F|334\/334
|switch|p1a: Heattransexsual|Heatran, F|386\/386
|-damage|p1a: Heattransexsual|338\/386|[from] Stealth Rock
|
|-heal|p1a: Heattransexsual|362\/386|[from] item: Leftovers
|turn|7
|
|switch|p2a: NOT IN MAH HOUSE|Chansey, F|684\/684
|-damage|p2a: NOT IN MAH HOUSE|599\/684|[from] Spikes
|move|p1a: Heattransexsual|Stealth Rock|p2a: NOT IN MAH HOUSE
|-sidestart|p2: CleanerThanRotom-W|move: Stealth Rock
|
|-heal|p1a: Heattransexsual|386\/386|[from] item: Leftovers
|turn|8
|c|âburgerfresser|dat name
|c|âCleanerThanRotom-W|shoutouts to tele for this nickname
|c| Nick504|lol
|
|switch|p1a: Landorus-Therian|Landorus-Therian, M|319\/319
|-damage|p1a: Landorus-Therian|280\/319|[from] Stealth Rock
|-ability|p1a: Landorus-Therian|Intimidate|[of] p2a: NOT IN MAH HOUSE
|-unboost|p2a: NOT IN MAH HOUSE|atk|1
|move|p2a: NOT IN MAH HOUSE|Aromatherapy|p2a: NOT IN MAH HOUSE
|-cureteam|p2a: NOT IN MAH HOUSE|[from] move: Aromatherapy
|
|turn|9
|leave|Too much swog
|c| i came from leddit|teleeee plays haxball
|
|switch|p2a: muh hazards|Skarmory, F|334\/334
|-damage|p2a: muh hazards|293\/334|[from] Stealth Rock
|move|p1a: Landorus-Therian|U-turn|p2a: muh hazards
|-resisted|p2a: muh hazards
|-damage|p2a: muh hazards|278\/334
|-damage|p1a: Landorus-Therian|227\/319|[from] item: Rocky Helmet|[of] p2a: muh hazards
|c|âCleanerThanRotom-W|teleee is 18
|
|switch|p1a: Heattransexsual|Heatran, F|386\/386
|-damage|p1a: Heattransexsual|338\/386|[from] Stealth Rock
|
|-heal|p1a: Heattransexsual|362\/386|[from] item: Leftovers
|turn|10
|join|TheUberTherian
|c|âburgerfresser|hi tele :o
|
|switch|p2a: Heatran|Heatran, M|323\/340
|-damage|p2a: Heatran|281\/340|[from] Stealth Rock
|-damage|p2a: Heatran|239\/340|[from] Spikes
|move|p1a: Heattransexsual|Lava Plume|p2a: Heatran
|-start|p2a: Heatran|ability: Flash Fire
|
|-heal|p1a: Heattransexsual|386\/386|[from] item: Leftovers
|turn|11
|leave|CodigoDeBarras
|leave|Chusita
|
|move|p2a: Heatran|Taunt|p1a: Heattransexsual
|-start|p1a: Heattransexsual|move: Taunt
|move|p1a: Heattransexsual|Stone Edge|p2a: Heatran|[miss]
|-miss|p1a: Heattransexsual|p2a: Heatran
|
|turn|12
|
|switch|p2a: My little jake|Keldeo|219\/324
|-damage|p2a: My little jake|179\/324|[from] Spikes
|-damage|p2a: My little jake|159\/324|[from] Stealth Rock
|move|p1a: Heattransexsual|Lava Plume|p2a: My little jake
|-resisted|p2a: My little jake
|-damage|p2a: My little jake|99\/324
|
|-heal|p2a: My little jake|119\/324|[from] item: Leftovers
|turn|13
|
|switch|p1a: Chesnaught|Chesnaught, F|313\/380
|-damage|p1a: Chesnaught|290\/380|[from] Stealth Rock
|move|p2a: My little jake|Scald|p1a: Chesnaught
|-resisted|p1a: Chesnaught
|-damage|p1a: Chesnaught|207\/380
|
|-heal|p2a: My little jake|139\/324|[from] item: Leftovers
|-heal|p1a: Chesnaught|230\/380|[from] item: Leftovers
|turn|14
|
|move|p2a: My little jake|Icy Wind|p1a: Chesnaught
|-miss|p2a: My little jake|p1a: Chesnaught
|move|p1a: Chesnaught|Spikes|p2a: My little jake
|-sidestart|p2: CleanerThanRotom-W|Spikes
|
|-heal|p2a: My little jake|159\/324|[from] item: Leftovers
|-heal|p1a: Chesnaught|253\/380|[from] item: Leftovers
|turn|15
|c|âburgerfresser|sry .-.
|c|âCleanerThanRotom-W|np
|
|move|p2a: My little jake|Icy Wind|p1a: Chesnaught
|-supereffective|p1a: Chesnaught
|-damage|p1a: Chesnaught|79\/380
|-unboost|p1a: Chesnaught|spe|1
|move|p1a: Chesnaught|Drain Punch|p2a: My little jake
|-damage|p2a: My little jake|60\/324
|-heal|p1a: Chesnaught|129\/380|[from] drain|[of] p2a: My little jake
|
|-heal|p2a: My little jake|80\/324|[from] item: Leftovers
|-heal|p1a: Chesnaught|152\/380|[from] item: Leftovers
|turn|16
|leave|TheSkyAboveUs
|
|move|p2a: My little jake|Calm Mind|p2a: My little jake
|-boost|p2a: My little jake|spa|1
|-boost|p2a: My little jake|spd|1
|move|p1a: Chesnaught|Drain Punch|p2a: My little jake
|-damage|p2a: My little jake|0 fnt
|-heal|p1a: Chesnaught|192\/380|[from] drain|[of] p2a: My little jake
|faint|p2a: My little jake
|
|-heal|p1a: Chesnaught|215\/380|[from] item: Leftovers
|
|switch|p2a: Heatran|Heatran, M|239\/340
|-damage|p2a: Heatran|183\/340|[from] Spikes
|-damage|p2a: Heatran|141\/340|[from] Stealth Rock
|turn|17
|join|Wolkenhaasje
|
|switch|p2a: NOT IN MAH HOUSE|Chansey, F|599\/684
|-damage|p2a: NOT IN MAH HOUSE|485\/684|[from] Spikes
|-damage|p2a: NOT IN MAH HOUSE|400\/684|[from] Stealth Rock
|switch|p1a: Heattransexsual|Heatran, F|386\/386
|-damage|p1a: Heattransexsual|338\/386|[from] Stealth Rock
|
|-heal|p1a: Heattransexsual|362\/386|[from] item: Leftovers
|turn|18
|
|switch|p1a: Landorus-Therian|Landorus-Therian, M|227\/319
|-damage|p1a: Landorus-Therian|188\/319|[from] Stealth Rock
|-ability|p1a: Landorus-Therian|Intimidate|[of] p2a: NOT IN MAH HOUSE
|-unboost|p2a: NOT IN MAH HOUSE|atk|1
|move|p2a: NOT IN MAH HOUSE|Soft-Boiled|p2a: NOT IN MAH HOUSE
|-heal|p2a: NOT IN MAH HOUSE|684\/684
|
|turn|19
|
|move|p1a: Landorus-Therian|Knock Off|p2a: NOT IN MAH HOUSE
|-damage|p2a: NOT IN MAH HOUSE|513\/684
|-enditem|p2a: NOT IN MAH HOUSE|Eviolite|[from] move: Knock Off|[of] p1a: Landorus-Therian
|move|p2a: NOT IN MAH HOUSE|Seismic Toss|p1a: Landorus-Therian
|-damage|p1a: Landorus-Therian|88\/319
|
|turn|20
|join|Wolkenhase
|
|move|p1a: Landorus-Therian|Knock Off|p2a: NOT IN MAH HOUSE
|-damage|p2a: NOT IN MAH HOUSE|335\/684
|move|p2a: NOT IN MAH HOUSE|Thunder Wave|p1a: Landorus-Therian
|-immune|p1a: Landorus-Therian|[msg]
|
|turn|21
|
|switch|p1a: Pimpnite|Dragonite, M, shiny|343\/343
|-damage|p1a: Pimpnite|258\/343|[from] Stealth Rock
|move|p2a: NOT IN MAH HOUSE|Soft-Boiled|p2a: NOT IN MAH HOUSE
|-heal|p2a: NOT IN MAH HOUSE|677\/684
|
|turn|22
|
|move|p1a: Pimpnite|Fire Punch|p2a: NOT IN MAH HOUSE
|-damage|p2a: NOT IN MAH HOUSE|376\/684
|move|p2a: NOT IN MAH HOUSE|Thunder Wave|p1a: Pimpnite
|-status|p1a: Pimpnite|par
|
|turn|23
|
|move|p2a: NOT IN MAH HOUSE|Soft-Boiled|p2a: NOT IN MAH HOUSE
|-heal|p2a: NOT IN MAH HOUSE|684\/684
|cant|p1a: Pimpnite|par
|
|turn|24
|join|Snickered
|
|switch|p1a: Chesnaught|Chesnaught, F|215\/380
|-damage|p1a: Chesnaught|192\/380|[from] Stealth Rock
|move|p2a: NOT IN MAH HOUSE|Seismic Toss|p1a: Chesnaught
|-damage|p1a: Chesnaught|92\/380
|
|-heal|p1a: Chesnaught|115\/380|[from] item: Leftovers
|turn|25
|leave|Cyperone
|
|switch|p2a: muh hazards|Skarmory, F|278\/334
|-damage|p2a: muh hazards|237\/334|[from] Stealth Rock
|move|p1a: Chesnaught|Drain Punch|p2a: muh hazards
|-damage|p2a: muh hazards|174\/334
|-heal|p1a: Chesnaught|147\/380|[from] drain|[of] p2a: muh hazards
|-damage|p1a: Chesnaught|84\/380|[from] item: Rocky Helmet|[of] p2a: muh hazards
|
|-heal|p1a: Chesnaught|107\/380|[from] item: Leftovers
|turn|26
|
|switch|p1a: Heattransexsual|Heatran, F|362\/386
|-damage|p1a: Heattransexsual|314\/386|[from] Stealth Rock
|move|p2a: muh hazards|Spikes|p1a: Heattransexsual
|-sidestart|p1: burgerfresser|Spikes
|
|-heal|p1a: Heattransexsual|338\/386|[from] item: Leftovers
|turn|27
|join|cumspire
|join|derp team tester
|
|switch|p2a: NOT IN MAH HOUSE|Chansey, F|684\/684
|-damage|p2a: NOT IN MAH HOUSE|570\/684|[from] Spikes
|-damage|p2a: NOT IN MAH HOUSE|485\/684|[from] Stealth Rock
|move|p1a: Heattransexsual|Lava Plume|p2a: NOT IN MAH HOUSE
|-damage|p2a: NOT IN MAH HOUSE|376\/684
|
|-heal|p1a: Heattransexsual|362\/386|[from] item: Leftovers
|turn|28
|
|switch|p1a: Pimpnite|Dragonite, M, shiny|258\/343 par
|-damage|p1a: Pimpnite|173\/343 par|[from] Stealth Rock
|move|p2a: NOT IN MAH HOUSE|Seismic Toss|p1a: Pimpnite
|-damage|p1a: Pimpnite|73\/343 par
|
|turn|29
|
|move|p2a: NOT IN MAH HOUSE|Soft-Boiled|p2a: NOT IN MAH HOUSE
|-heal|p2a: NOT IN MAH HOUSE|684\/684
|move|p1a: Pimpnite|Outrage|p2a: NOT IN MAH HOUSE
|-damage|p2a: NOT IN MAH HOUSE|0 fnt
|faint|p2a: NOT IN MAH HOUSE
|
|c| Snickered|bruh
|
|switch|p2a: muh hazards|Skarmory, F|174\/334
|-damage|p2a: muh hazards|133\/334|[from] Stealth Rock
|turn|30
|c| TheUberTherian|lol
|
|move|p2a: muh hazards|Spikes|p1a: Pimpnite
|-sidestart|p1: burgerfresser|Spikes
|move|p1a: Pimpnite|Outrage|p2a: muh hazards
|-resisted|p2a: muh hazards
|-damage|p2a: muh hazards|16\/334
|-damage|p1a: Pimpnite|16\/343 par|[from] item: Rocky Helmet|[of] p2a: muh hazards
|
|-end|p1a: Pimpnite|rampage
|-start|p1a: Pimpnite|confusion
|turn|31
|c| Snickered|I'm assuming that shits banded
|c|âburgerfresser|indded
|c| TheUberTherian|it is
|
|switch|p1a: Fap-dos|Zapdos|384\/384
|-damage|p1a: Fap-dos|288\/384|[from] Stealth Rock
|-ability|p1a: Fap-dos|Pressure
|move|p2a: muh hazards|Roost|p2a: muh hazards
|-heal|p2a: muh hazards|183\/334
|
|-heal|p1a: Fap-dos|312\/384|[from] item: Leftovers
|turn|32
|c| Snickered|dont defog just bc :)
|
|switch|p2a: lusty leddit|Bisharp, F|334\/334
|-damage|p2a: lusty leddit|279\/334|[from] Spikes
|-damage|p2a: lusty leddit|259\/334|[from] Stealth Rock
|move|p1a: Fap-dos|Thunderbolt|p2a: lusty leddit
|-damage|p2a: lusty leddit|96\/334
|
|-heal|p1a: Fap-dos|336\/384|[from] item: Leftovers
|-heal|p2a: lusty leddit|116\/334|[from] item: Leftovers
|turn|33
|c| Nick504|this nicknames
|c| Nick504|these*
|c|âburgerfresser|.-.
|join|nidvikie
|c| TheUberTherian|lol
|c| i came from leddit|:]
|c| TheUberTherian|fapdos
|c| smdufgt|This Nick... 504
|c| TheUberTherian|XD
|
|switch|p2a: Venusaur'ed what e|Venusaur, F|364\/364
|-damage|p2a: Venusaur'ed what e|304\/364|[from] Spikes
|-damage|p2a: Venusaur'ed what e|259\/364|[from] Stealth Rock
|move|p1a: Fap-dos|Thunderbolt|p2a: Venusaur'ed what e
|-resisted|p2a: Venusaur'ed what e
|-damage|p2a: Venusaur'ed what e|193\/364
|
|-heal|p1a: Fap-dos|360\/384|[from] item: Leftovers
|turn|34
|leave|nidvikie
|join|Druides
|
|switch|p1a: Pimpnite|Dragonite, M, shiny|16\/343 par
|-damage|p1a: Pimpnite|0 fnt|[from] Stealth Rock
|faint|p1a: Pimpnite
|detailschange|p2a: Venusaur'ed what e|Venusaur-Mega, F
|-mega|p2a: Venusaur'ed what e|Venusaur|Venusaurite
|move|p2a: Venusaur'ed what e|Leech Seed|p1: Pimpnite|[notarget]
|-notarget
|
|c| Snickered|mega garde just wins
|
|switch|p1a: Gardewhore|Gardevoir, F, shiny|277\/277
|-damage|p1a: Gardewhore|231\/277|[from] Spikes
|-damage|p1a: Gardewhore|197\/277|[from] Stealth Rock
|-ability|p1a: Gardewhore|Thick Fat|[from] ability: Trace|[of] p2a: Venusaur'ed what e
|turn|35
|c| Snickered|wtf is with these names lol
|c| TheUberTherian|god
|c| TheUberTherian|xD
|c|âburgerfresser|c:
|
|switch|p2a: lusty leddit|Bisharp, F|116\/334
|-damage|p2a: lusty leddit|96\/334|[from] Stealth Rock
|-damage|p2a: lusty leddit|41\/334|[from] Spikes
|detailschange|p1a: Gardewhore|Gardevoir-Mega, F, shiny
|-mega|p1a: Gardewhore|Gardevoir|Gardevoirite
|move|p1a: Gardewhore|Hyper Voice|p2a: lusty leddit
|-crit|p2a: lusty leddit
|-damage|p2a: lusty leddit|0 fnt
|faint|p2a: lusty leddit
|
|c| smdufgt|but chesnaught... should be like chesnaughty
|c| Snickered|I hope you're running focus miss
|c| TheUberTherian|lol
|c|âburgerfresser|psyschok kohs tran and hyper voice skarm at that range
|
|switch|p2a: Heatran|Heatran, M|141\/340
|-damage|p2a: Heatran|85\/340|[from] Spikes
|-damage|p2a: Heatran|43\/340|[from] Stealth Rock
|turn|36
|c| Snickered|let me calc
|
|move|p1a: Gardewhore|Psyshock|p2a: Heatran
|-resisted|p2a: Heatran
|-damage|p2a: Heatran|0 fnt
|faint|p2a: Heatran
|
|c| Snickered|true
|c| TheUberTherian|its gg
|c|âburgerfresser|gg
|c|âCleanerThanRotom-W|gg
|c| TheUberTherian|wow nice @burgerfresser
|
|switch|p2a: muh hazards|Skarmory, F|183\/334
|-damage|p2a: muh hazards|142\/334|[from] Stealth Rock
|turn|37
|c| TheUberTherian|u just beat a pro
|c| TheUberTherian|everyone has ups nd downs tho
|c|âCleanerThanRotom-W|i lost my keldeo cuz of an icy wind miss
|c|âCleanerThanRotom-W|which cost me
|c| TheUberTherian|happens lol
|leave|Wolkenhase
|c| Snickered|wow TIL icy wind can miss
|c|âburgerfresser|was chesnaught dat relevant in the match?
|c|âCleanerThanRotom-W|yea cuz i would keep my keldeo
|c| smdufgt|more like the kill on him
|c|âCleanerThanRotom-W|for tran gard etc
|
|move|p1a: Gardewhore|Hyper Voice|p2a: muh hazards
|-crit|p2a: muh hazards
|-resisted|p2a: muh hazards
|-damage|p2a: muh hazards|0 fnt
|faint|p2a: muh hazards
|
|c| i came from leddit|.....
|c| i came from leddit|haxer
|
|switch|p2a: Venusaur'ed what e|Venusaur-Mega, F|193\/364
|-damage|p2a: Venusaur'ed what e|148\/364|[from] Stealth Rock
|-damage|p2a: Venusaur'ed what e|88\/364|[from] Spikes
|turn|38
|c| i came from leddit|reported
|c| i came from leddit|poopyhead
|c|âburgerfresser|lol
|c| i came from leddit|meanie
|c| i came from leddit|popyhead manie
|c| i came from leddit|poopyhead meanie*
|
|move|p1a: Gardewhore|Psyshock|p2a: Venusaur'ed what e
|-supereffective|p2a: Venusaur'ed what e
|-damage|p2a: Venusaur'ed what e|0 fnt
|faint|p2a: Venusaur'ed what e
|
|win|burgerfresser
|leave|orei
|leave|Nick504
|leave|Snickered
|leave|CleanerThanRotom-W
|leave|av kakuna
|leave|Quizzart
|join|badassninja
|leave|i came from leddit
|player|p2
|leave|TheUberTherian
|leave|derp team tester
|join|idarki
|leave|cumspire
|leave|TheObsessed
|join|Uxali
|join|derp team tester
|leave|Uxali
|leave|derp team tester
|leave|badassninja
|leave|Druides
|leave|squiffypiffy
|leave|DeepFreezeIV
|join|orei
|leave|orei
|leave|smdufgt
|leave|idarki
|leave|SuperSmoke