|join|JarrettIsAwesome
|join|Slick Willy Goo
|player|p1|JarrettIsAwesome|209
|player|p2|Slick Willy Goo|201
|gametype|singles
|gen|6
|tier|UU
|rated
|rule|Sleep Clause Mod: Limit one foe put to sleep
|rule|Species Clause: Limit one of each PokÃ©mon
|rule|OHKO Clause: OHKO moves are banned
|rule|Moody Clause: Moody is banned
|rule|Evasion Moves Clause: Evasion moves are banned
|rule|Endless Battle Clause: Forcing endless battles is banned
|rule|HP Percentage Mod: HP is shown in percentages
|clearpoke
|poke|p1|Gallade, M
|poke|p1|Porygon-Z
|poke|p1|Empoleon, F
|poke|p1|Haxorus, F
|poke|p1|Honchkrow, F
|poke|p1|Rotom-Heat
|poke|p2|Raikou, shiny
|poke|p2|Suicune
|poke|p2|Entei, shiny
|poke|p2|Florges, F
|poke|p2|Aggron, F
|poke|p2|Crobat, F
|rule|Swagger Clause: Swagger is banned
|rule|Baton Pass Clause: Limit one PokÃ©mon knowing Baton Pass
|teampreview
|
|start
|switch|p1a: Empoleon|Empoleon, F|371\/371
|switch|p2a: Suicune|Suicune|404\/404
|-ability|p2a: Suicune|Pressure
|turn|1
|
|move|p2a: Suicune|Calm Mind|p2a: Suicune
|-boost|p2a: Suicune|spa|1
|-boost|p2a: Suicune|spd|1
|move|p1a: Empoleon|Stealth Rock|p2a: Suicune
|-sidestart|p2: Slick Willy Goo|move: Stealth Rock
|
|turn|2
|
|switch|p1a: Rotom-Heat|Rotom-Heat|303\/303
|move|p2a: Suicune|Calm Mind|p2a: Suicune
|-boost|p2a: Suicune|spa|1
|-boost|p2a: Suicune|spd|1
|
|turn|3
|
|move|p2a: Suicune|Scald|p1a: Rotom-Heat
|-supereffective|p1a: Rotom-Heat
|-damage|p1a: Rotom-Heat|0 fnt
|faint|p1a: Rotom-Heat
|
|
|switch|p1a: Gallade|Gallade, M|277\/277
|turn|4
|
|detailschange|p1a: Gallade|Gallade-Mega, M
|message|Gallade has Mega Evolved into Mega Gallade!
|move|p1a: Gallade|Close Combat|p2a: Suicune
|-damage|p2a: Suicune|179\/404
|-unboost|p1a: Gallade|def|1
|-unboost|p1a: Gallade|spd|1
|move|p2a: Suicune|Scald|p1a: Gallade
|-damage|p1a: Gallade|0 fnt
|faint|p1a: Gallade
|
|-heal|p2a: Suicune|204\/404|[from] item: Leftovers
|
|switch|p1a: Haxorus|Haxorus, F|293\/293
|-ability|p1a: Haxorus|Mold Breaker
|turn|5
|
|move|p1a: Haxorus|Earthquake|p2a: Suicune
|-damage|p2a: Suicune|68\/404
|move|p2a: Suicune|Ice Beam|p1a: Haxorus
|-supereffective|p1a: Haxorus
|-damage|p1a: Haxorus|0 fnt
|faint|p1a: Haxorus
|
|-heal|p2a: Suicune|93\/404|[from] item: Leftovers
|
|switch|p1a: Porygon-Z|Porygon-Z|311\/311
|turn|6
|
|move|p1a: Porygon-Z|Tri Attack|p2a: Suicune
|-damage|p2a: Suicune|0 fnt
|faint|p2a: Suicune
|
|
|switch|p2a: Aggron|Aggron, F|318\/318
|-damage|p2a: Aggron|299\/318|[from] Stealth Rock
|turn|7
|
|switch|p1a: Empoleon|Empoleon, F|371\/371
|detailschange|p2a: Aggron|Aggron-Mega, F
|message|Aggron has Mega Evolved into Mega Aggron!
|move|p2a: Aggron|Superpower|p1a: Empoleon
|-supereffective|p1a: Empoleon
|-damage|p1a: Empoleon|19\/371
|-unboost|p2a: Aggron|atk|1
|-unboost|p2a: Aggron|def|1
|
|-heal|p1a: Empoleon|42\/371|[from] item: Leftovers
|turn|8
|
|switch|p2a: Crobat|Crobat, F|374\/374
|-damage|p2a: Crobat|281\/374|[from] Stealth Rock
|move|p1a: Empoleon|Scald|p2a: Crobat
|-damage|p2a: Crobat|83\/374
|-status|p2a: Crobat|brn
|
|-heal|p2a: Crobat|106\/374 brn|[from] item: Leftovers
|-heal|p1a: Empoleon|65\/371|[from] item: Leftovers
|-damage|p2a: Crobat|60\/374 brn|[from] brn
|turn|9
|
|move|p2a: Crobat|Defog|p1a: Empoleon
|-unboost|p1a: Empoleon|evasion|1
|-sideend|p2: Slick Willy Goo|Stealth Rock|[from] move: Defog|[of] p2a: Crobat
|move|p1a: Empoleon|Scald|p2a: Crobat
|-damage|p2a: Crobat|0 fnt
|faint|p2a: Crobat
|
|-heal|p1a: Empoleon|88\/371|[from] item: Leftovers
|
|switch|p2a: Raikou|Raikou, shiny|321\/321
|-ability|p2a: Raikou|Pressure
|turn|10
|
|move|p2a: Raikou|Thunderbolt|p1a: Empoleon
|-supereffective|p1a: Empoleon
|-damage|p1a: Empoleon|0 fnt
|faint|p1a: Empoleon
|
|
|switch|p1a: Porygon-Z|Porygon-Z|311\/311
|turn|11
|
|switch|p2a: Aggron|Aggron-Mega, F|299\/318
|move|p1a: Porygon-Z|Tri Attack|p2a: Aggron
|-resisted|p2a: Aggron
|-damage|p2a: Aggron|122\/318
|
|turn|12
|
|move|p1a: Porygon-Z|Tri Attack|p2a: Aggron
|-crit|p2a: Aggron
|-resisted|p2a: Aggron
|-damage|p2a: Aggron|0 fnt
|faint|p2a: Aggron
|
|
|switch|p2a: Entei|Entei, shiny|371\/371
|-ability|p2a: Entei|Pressure
|turn|13
|
|move|p1a: Porygon-Z|Tri Attack|p2a: Entei
|-damage|p2a: Entei|11\/371
|move|p2a: Entei|Sacred Fire|p1a: Porygon-Z
|-damage|p1a: Porygon-Z|0 fnt
|faint|p1a: Porygon-Z
|
|
|switch|p1a: Honchkrow|Honchkrow, F|341\/341
|turn|14
|
|move|p1a: Honchkrow|Sucker Punch|p2a: Entei
|-damage|p2a: Entei|0 fnt
|-damage|p1a: Honchkrow|307\/341|[from] item: Life Orb
|faint|p2a: Entei
|-boost|p1a: Honchkrow|atk|1|[from] ability: Moxie
|
|
|switch|p2a: Raikou|Raikou, shiny|321\/321
|-ability|p2a: Raikou|Pressure
|turn|15
|
|move|p1a: Honchkrow|Sucker Punch|p2a: Raikou
|-damage|p2a: Raikou|0 fnt
|-damage|p1a: Honchkrow|273\/341|[from] item: Life Orb
|faint|p2a: Raikou
|-boost|p1a: Honchkrow|atk|1|[from] ability: Moxie
|
|c|âJarrettIsAwesome|gg
|
|switch|p2a: Florges|Florges, F|360\/360
|turn|16
|
|move|p1a: Honchkrow|Brave Bird|p2a: Florges
|-damage|p2a: Florges|0 fnt
|-damage|p1a: Honchkrow|154\/341|[from] recoil|[of] p2a: Florges
|-damage|p1a: Honchkrow|120\/341|[from] item: Life Orb
|faint|p2a: Florges
|-boost|p1a: Honchkrow|atk|1|[from] ability: Moxie
|
|win|JarrettIsAwesome
|raw|Ladder updating...
|c|âSlick Willy Goo|gg'
|raw|JarrettIsAwesome's rating: 1330 &rarr; <strong>1340<\/strong><br \/>(+10 for winning)
|raw|Slick Willy Goo's rating: 1144 &rarr; <strong>1131<\/strong><br \/>(-13 for losing)
|leave|Slick Willy Goo
|player|p2