|join|Xero-Sama123
|join|JarrettIsAwesome
|player|p1|Xero-Sama123|265
|player|p2|JarrettIsAwesome|209
|gametype|singles
|gen|6
|tier|UU
|rated
|rule|Sleep Clause Mod: Limit one foe put to sleep
|rule|Species Clause: Limit one of each PokÃ©mon
|rule|OHKO Clause: OHKO moves are banned
|rule|Moody Clause: Moody is banned
|rule|Evasion Moves Clause: Evasion moves are banned
|rule|Endless Battle Clause: Forcing endless battles is banned
|rule|HP Percentage Mod: HP is shown in percentages
|clearpoke
|poke|p1|Hippowdon, F
|poke|p1|Vaporeon, M
|poke|p1|Shaymin
|poke|p1|Forretress, F
|poke|p1|Honchkrow, F
|poke|p1|Entei, shiny
|poke|p2|Houndoom, M
|poke|p2|Trevenant, F
|poke|p2|Blastoise, F
|poke|p2|Nidoqueen, F
|poke|p2|Kingdra, F
|poke|p2|Durant, F
|rule|Swagger Clause: Swagger is banned
|rule|Baton Pass Clause: Limit one PokÃ©mon knowing Baton Pass
|teampreview
|
|start
|switch|p1a: Hippowdon|Hippowdon, F|420\/420
|switch|p2a: Trevenant|Trevenant, F|373\/373
|-weather|Sandstorm
|turn|1
|
|move|p2a: Trevenant|Leech Seed|p1a: Hippowdon
|-start|p1a: Hippowdon|move: Leech Seed
|move|p1a: Hippowdon|Stealth Rock|p2a: Trevenant
|-sidestart|p2: JarrettIsAwesome|move: Stealth Rock
|
|-weather|Sandstorm|[upkeep]
|-damage|p2a: Trevenant|350\/373|[from] sandstorm
|-damage|p1a: Hippowdon|368\/420|[from] Leech Seed|[of] p2a: Trevenant
|-heal|p2a: Trevenant|373\/373|[silent]
|turn|2
|
|switch|p1a: Shaymin|Shaymin|341\/341
|move|p2a: Trevenant|Will-O-Wisp|p1a: Shaymin
|-status|p1a: Shaymin|brn
|
|-weather|Sandstorm|[upkeep]
|-damage|p1a: Shaymin|320\/341 brn|[from] sandstorm
|-damage|p2a: Trevenant|350\/373|[from] sandstorm
|-damage|p1a: Shaymin|278\/341 brn|[from] brn
|turn|3
|
|move|p1a: Shaymin|Air Slash|p2a: Trevenant
|-supereffective|p2a: Trevenant
|-damage|p2a: Trevenant|184\/373
|-damage|p1a: Shaymin|244\/341 brn|[from] item: Life Orb
|-enditem|p2a: Trevenant|Sitrus Berry|[eat]
|-heal|p2a: Trevenant|277\/373|[from] item: Sitrus Berry
|move|p2a: Trevenant|Shadow Claw|p1a: Shaymin
|-crit|p1a: Shaymin
|-damage|p1a: Shaymin|114\/341 brn
|
|-weather|Sandstorm|[upkeep]
|-damage|p1a: Shaymin|93\/341 brn|[from] sandstorm
|-damage|p2a: Trevenant|254\/373|[from] sandstorm
|-damage|p1a: Shaymin|51\/341 brn|[from] brn
|-item|p2a: Trevenant|Sitrus Berry|[from] ability: Harvest
|turn|4
|
|move|p1a: Shaymin|Rest|p1a: Shaymin
|-status|p1a: Shaymin|slp
|-heal|p1a: Shaymin|341\/341 slp|[silent]
|-status|p1a: Shaymin|slp|[from] move: Rest
|move|p2a: Trevenant|Horn Leech|p1a: Shaymin
|-resisted|p1a: Shaymin
|-damage|p1a: Shaymin|295\/341 slp
|-heal|p2a: Trevenant|277\/373|[from] drain|[of] p1a: Shaymin
|
|-weather|Sandstorm|[upkeep]
|-damage|p1a: Shaymin|274\/341 slp|[from] sandstorm
|-damage|p2a: Trevenant|254\/373|[from] sandstorm
|turn|5
|
|cant|p1a: Shaymin|slp
|move|p2a: Trevenant|Leech Seed|p1a: Shaymin
|-immune|p1a: Shaymin|[msg]
|
|-weather|none
|turn|6
|
|switch|p2a: Durant|Durant, F|258\/258
|-damage|p2a: Durant|226\/258|[from] Stealth Rock
|cant|p1a: Shaymin|slp
|
|turn|7
|
|switch|p1a: Entei|Entei, shiny|372\/372
|-ability|p1a: Entei|Pressure
|move|p2a: Durant|X-Scissor|p1a: Entei
|-resisted|p1a: Entei
|-damage|p1a: Entei|259\/372
|
|turn|8
|
|switch|p2a: Blastoise|Blastoise, F|361\/361
|-damage|p2a: Blastoise|316\/361|[from] Stealth Rock
|move|p1a: Entei|Stone Edge|p2a: Blastoise
|-damage|p2a: Blastoise|235\/361
|
|-heal|p2a: Blastoise|257\/361|[from] item: Leftovers
|turn|9
|
|switch|p1a: Shaymin|Shaymin|274\/341
|move|p2a: Blastoise|Rapid Spin|p1a: Shaymin
|-damage|p1a: Shaymin|261\/341
|-sideend|p2: JarrettIsAwesome|Stealth Rock|[from] move: Rapid Spin|[of] p2a: Blastoise
|
|-heal|p2a: Blastoise|279\/361|[from] item: Leftovers
|turn|10
|
|switch|p2a: Trevenant|Trevenant, F|254\/373
|move|p1a: Shaymin|Air Slash|p2a: Trevenant
|-supereffective|p2a: Trevenant
|-damage|p2a: Trevenant|95\/373
|-damage|p1a: Shaymin|227\/341|[from] item: Life Orb
|-enditem|p2a: Trevenant|Sitrus Berry|[eat]
|-heal|p2a: Trevenant|188\/373|[from] item: Sitrus Berry
|
|turn|11
|
|move|p1a: Shaymin|Air Slash|p2a: Trevenant
|-supereffective|p2a: Trevenant
|-damage|p2a: Trevenant|14\/373
|-damage|p1a: Shaymin|193\/341|[from] item: Life Orb
|cant|p2a: Trevenant|flinch
|
|turn|12
|
|move|p1a: Shaymin|Earth Power|p2a: Trevenant
|-resisted|p2a: Trevenant
|-damage|p2a: Trevenant|0 fnt
|-damage|p1a: Shaymin|159\/341|[from] item: Life Orb
|faint|p2a: Trevenant
|
|
|switch|p2a: Houndoom|Houndoom, M|291\/291
|turn|13
|
|switch|p1a: Hippowdon|Hippowdon, F|368\/420
|-weather|Sandstorm
|detailschange|p2a: Houndoom|Houndoom-Mega, M
|message|Houndoom has Mega Evolved into Mega Houndoom!
|move|p2a: Houndoom|Sucker Punch|p1a: Hippowdon
|-fail|p1a: Hippowdon
|
|-weather|Sandstorm|[upkeep]
|-damage|p2a: Houndoom|273\/291|[from] sandstorm
|-heal|p1a: Hippowdon|394\/420|[from] item: Leftovers
|turn|14
|
|switch|p2a: Blastoise|Blastoise, F|279\/361
|move|p1a: Hippowdon|Earthquake|p2a: Blastoise
|-damage|p2a: Blastoise|185\/361
|
|-weather|Sandstorm|[upkeep]
|-damage|p2a: Blastoise|163\/361|[from] sandstorm
|-heal|p2a: Blastoise|185\/361|[from] item: Leftovers
|-heal|p1a: Hippowdon|420\/420|[from] item: Leftovers
|turn|15
|
|switch|p1a: Vaporeon|Vaporeon, M|464\/464
|move|p2a: Blastoise|Toxic|p1a: Vaporeon
|-status|p1a: Vaporeon|tox
|
|-weather|Sandstorm|[upkeep]
|-damage|p2a: Blastoise|163\/361|[from] sandstorm
|-damage|p1a: Vaporeon|435\/464 tox|[from] sandstorm
|-heal|p2a: Blastoise|185\/361|[from] item: Leftovers
|-heal|p1a: Vaporeon|464\/464 tox|[from] item: Leftovers
|-damage|p1a: Vaporeon|435\/464 tox|[from] psn
|turn|16
|
|switch|p1a: Forretress|Forretress, F|354\/354
|move|p2a: Blastoise|Scald|p1a: Forretress
|-damage|p1a: Forretress|237\/354
|-status|p1a: Forretress|brn
|
|-weather|Sandstorm|[upkeep]
|-damage|p2a: Blastoise|163\/361|[from] sandstorm
|-heal|p2a: Blastoise|185\/361|[from] item: Leftovers
|-heal|p1a: Forretress|259\/354 brn|[from] item: Leftovers
|-damage|p1a: Forretress|215\/354 brn|[from] brn
|turn|17
|
|move|p2a: Blastoise|Scald|p1a: Forretress
|-damage|p1a: Forretress|98\/354 brn
|move|p1a: Forretress|Volt Switch|p2a: Blastoise
|-supereffective|p2a: Blastoise
|-damage|p2a: Blastoise|113\/361
|
|switch|p1a: Honchkrow|Honchkrow, F|341\/341
|
|-weather|none
|-heal|p2a: Blastoise|135\/361|[from] item: Leftovers
|turn|18
|
|move|p1a: Honchkrow|Brave Bird|p2a: Blastoise
|-damage|p2a: Blastoise|0 fnt
|-damage|p1a: Honchkrow|296\/341|[from] recoil|[of] p2a: Blastoise
|-damage|p1a: Honchkrow|262\/341|[from] item: Life Orb
|faint|p2a: Blastoise
|-boost|p1a: Honchkrow|atk|1|[from] ability: Moxie
|
|
|switch|p2a: Houndoom|Houndoom-Mega, M|273\/291
|turn|19
|
|switch|p1a: Forretress|Forretress, F|98\/354 brn
|move|p2a: Houndoom|Fire Blast|p1a: Forretress
|-supereffective|p1a: Forretress
|-damage|p1a: Forretress|0 fnt
|faint|p1a: Forretress
|
|
|switch|p1a: Hippowdon|Hippowdon, F|420\/420
|-weather|Sandstorm
|turn|20
|
|move|p2a: Houndoom|Fire Blast|p1a: Hippowdon
|-damage|p1a: Hippowdon|147\/420
|move|p1a: Hippowdon|Stealth Rock|p2a: Houndoom
|-sidestart|p2: JarrettIsAwesome|move: Stealth Rock
|
|-weather|Sandstorm|[upkeep]
|-damage|p2a: Houndoom|255\/291|[from] sandstorm
|-heal|p1a: Hippowdon|173\/420|[from] item: Leftovers
|turn|21
|
|move|p2a: Houndoom|Dark Pulse|p1a: Hippowdon
|-damage|p1a: Hippowdon|0 fnt
|faint|p1a: Hippowdon
|
|-weather|Sandstorm|[upkeep]
|-damage|p2a: Houndoom|237\/291|[from] sandstorm
|
|switch|p1a: Entei|Entei, shiny|259\/372
|-ability|p1a: Entei|Pressure
|turn|22
|
|switch|p2a: Nidoqueen|Nidoqueen, F|353\/353
|-damage|p2a: Nidoqueen|331\/353|[from] Stealth Rock
|move|p1a: Entei|Sacred Fire|p2a: Nidoqueen
|-damage|p2a: Nidoqueen|133\/353
|
|-weather|Sandstorm|[upkeep]
|-damage|p1a: Entei|236\/372|[from] sandstorm
|turn|23
|
|switch|p1a: Shaymin|Shaymin|159\/341
|move|p2a: Nidoqueen|Stealth Rock|p1a: Shaymin
|-sidestart|p1: Xero-Sama123|move: Stealth Rock
|
|-weather|Sandstorm|[upkeep]
|-damage|p1a: Shaymin|138\/341|[from] sandstorm
|turn|24
|
|move|p1a: Shaymin|Seed Flare|p2a: Nidoqueen
|-damage|p2a: Nidoqueen|0 fnt
|-damage|p1a: Shaymin|104\/341|[from] item: Life Orb
|faint|p2a: Nidoqueen
|
|-weather|none
|
|switch|p2a: Durant|Durant, F|226\/258
|-damage|p2a: Durant|194\/258|[from] Stealth Rock
|turn|25
|
|move|p2a: Durant|Iron Head|p1a: Shaymin
|-damage|p1a: Shaymin|0 fnt
|faint|p1a: Shaymin
|
|
|switch|p1a: Entei|Entei, shiny|236\/372
|-damage|p1a: Entei|143\/372|[from] Stealth Rock
|-ability|p1a: Entei|Pressure
|turn|26
|
|move|p2a: Durant|Iron Head|p1a: Entei|[miss]
|-miss|p2a: Durant|p1a: Entei
|move|p1a: Entei|Sacred Fire|p2a: Durant
|-crit|p2a: Durant
|-supereffective|p2a: Durant
|-damage|p2a: Durant|0 fnt
|faint|p2a: Durant
|
|
|switch|p2a: Kingdra|Kingdra, F|291\/291
|-damage|p2a: Kingdra|255\/291|[from] Stealth Rock
|turn|27
|
|move|p1a: Entei|Sacred Fire|p2a: Kingdra
|-resisted|p2a: Kingdra
|-damage|p2a: Kingdra|210\/291
|move|p2a: Kingdra|Dragon Dance|p2a: Kingdra
|-boost|p2a: Kingdra|atk|1
|-boost|p2a: Kingdra|spe|1
|
|turn|28
|
|move|p1a: Entei|Sacred Fire|p2a: Kingdra
|-resisted|p2a: Kingdra
|-damage|p2a: Kingdra|162\/291
|-status|p2a: Kingdra|brn
|-enditem|p2a: Kingdra|Lum Berry|[eat]
|-curestatus|p2a: Kingdra|brn
|move|p2a: Kingdra|Dragon Dance|p2a: Kingdra
|-boost|p2a: Kingdra|atk|1
|-boost|p2a: Kingdra|spe|1
|
|turn|29
|
|move|p2a: Kingdra|Waterfall|p1a: Entei
|-supereffective|p1a: Entei
|-damage|p1a: Entei|0 fnt
|faint|p1a: Entei
|
|
|switch|p1a: Honchkrow|Honchkrow, F|262\/341
|-damage|p1a: Honchkrow|177\/341|[from] Stealth Rock
|turn|30
|
|move|p1a: Honchkrow|Sucker Punch|p2a: Kingdra
|-damage|p2a: Kingdra|0 fnt
|-damage|p1a: Honchkrow|143\/341|[from] item: Life Orb
|faint|p2a: Kingdra
|-boost|p1a: Honchkrow|atk|1|[from] ability: Moxie
|
|
|switch|p2a: Houndoom|Houndoom-Mega, M|237\/291
|-damage|p2a: Houndoom|165\/291|[from] Stealth Rock
|turn|31
|
|move|p1a: Honchkrow|Sucker Punch|p2a: Houndoom
|-fail|p2a: Houndoom
|move|p2a: Houndoom|Nasty Plot|p2a: Houndoom
|-boost|p2a: Houndoom|spa|2
|
|turn|32
|
|move|p2a: Houndoom|Sucker Punch|p1a: Honchkrow
|-resisted|p1a: Honchkrow
|-damage|p1a: Honchkrow|68\/341
|move|p1a: Honchkrow|Sucker Punch|p2a: Houndoom
|-fail|p2a: Houndoom
|
|turn|33
|
|move|p2a: Houndoom|Sucker Punch|p1a: Honchkrow
|-resisted|p1a: Honchkrow
|-damage|p1a: Honchkrow|0 fnt
|faint|p1a: Honchkrow
|
|
|switch|p1a: Vaporeon|Vaporeon, M|435\/464 tox
|-damage|p1a: Vaporeon|377\/464 tox|[from] Stealth Rock
|turn|34
|
|move|p2a: Houndoom|Dark Pulse|p1a: Vaporeon
|-damage|p1a: Vaporeon|85\/464 tox
|cant|p1a: Vaporeon|flinch
|
|-heal|p1a: Vaporeon|114\/464 tox|[from] item: Leftovers
|-damage|p1a: Vaporeon|85\/464 tox|[from] psn
|turn|35
|c|âXero-Sama123|mmm
|c|âJarrettIsAwesome|gg
|c|âXero-Sama123|That flinch mattered
|c|âXero-Sama123|but gg
|c|âXero-Sama123|<3
|-message|Xero-Sama123 forfeited.
|
|win|JarrettIsAwesome
|raw|Ladder updating...
|leave|Xero-Sama123
|player|p1
|raw|Xero-Sama123's rating: 1354 &rarr; <strong>1332<\/strong><br \/>(-22 for losing)
|raw|JarrettIsAwesome's rating: 1321 &rarr; <strong>1343<\/strong><br \/>(+22 for winning)