|join|JarrettIsAwesome
|join|kiddoo
|player|p1|JarrettIsAwesome|101
|player|p2|kiddoo|262
|gametype|singles
|gen|6
|tier|UU
|rated
|rule|Sleep Clause Mod: Limit one foe put to sleep
|rule|Species Clause: Limit one of each PokÃ©mon
|rule|OHKO Clause: OHKO moves are banned
|rule|Moody Clause: Moody is banned
|rule|Evasion Moves Clause: Evasion moves are banned
|rule|Endless Battle Clause: Forcing endless battles is banned
|rule|HP Percentage Mod: HP is reported as percentages
|clearpoke
|poke|p1|Darmanitan, F
|poke|p1|Absol, M
|poke|p1|Empoleon, F
|poke|p1|Milotic, F
|poke|p1|Crobat, F
|poke|p1|Goodra, F
|poke|p2|Nidoking, M
|poke|p2|Forretress, M
|poke|p2|Umbreon, F
|poke|p2|Eelektross, M
|poke|p2|Entei, shiny
|poke|p2|Blastoise, M
|rule|Swagger Clause: Swagger is banned
|rule|Baton Pass Clause: Limit one PokÃ©mon knowing Baton Pass
|teampreview
|
|start
|switch|p1a: Absol|Absol, M|271\/271
|switch|p2a: Blastoise|Blastoise, M|362\/362
|turn|1
|
|switch|p1a: Goodra|Goodra, F|384\/384
|detailschange|p2a: Blastoise|Blastoise-Mega, M
|message|Blastoise has Mega Evolved into Mega Blastoise!
|move|p2a: Blastoise|Water Pulse|p1a: Goodra
|-resisted|p1a: Goodra
|-damage|p1a: Goodra|348\/384
|-start|p1a: Goodra|confusion
|
|turn|2
|
|switch|p2a: Nidoking|Nidoking, M|304\/304
|-activate|p1a: Goodra|confusion
|move|p1a: Goodra|Earthquake|p2a: Nidoking
|-supereffective|p2a: Nidoking
|-damage|p2a: Nidoking|108\/304
|
|turn|3
|
|move|p2a: Nidoking|Ice Punch|p1a: Goodra
|-supereffective|p1a: Goodra
|-damage|p1a: Goodra|5\/384
|-activate|p1a: Goodra|confusion
|move|p1a: Goodra|Aqua Tail|p2a: Nidoking
|-supereffective|p2a: Nidoking
|-damage|p2a: Nidoking|0 fnt
|faint|p2a: Nidoking
|
|
|switch|p2a: Blastoise|Blastoise-Mega, M|362\/362
|turn|4
|
|switch|p1a: Milotic|Milotic, F|394\/394
|move|p2a: Blastoise|Aura Sphere|p1a: Milotic
|-damage|p1a: Milotic|252\/394
|
|turn|5
|
|move|p2a: Blastoise|Aura Sphere|p1a: Milotic
|-damage|p1a: Milotic|130\/394
|move|p1a: Milotic|Recover|p1a: Milotic
|-heal|p1a: Milotic|327\/394
|
|turn|6
|
|switch|p2a: Umbreon|Umbreon, F|363\/363
|move|p1a: Milotic|Dragon Tail|p2a: Umbreon
|-damage|p2a: Umbreon|339\/363
|drag|p2a: Forretress|Forretress, M|354\/354
|
|turn|7
|
|switch|p2a: Umbreon|Umbreon, F|339\/363
|move|p1a: Milotic|Scald|p2a: Umbreon
|-crit|p2a: Umbreon
|-damage|p2a: Umbreon|249\/363
|
|-heal|p2a: Umbreon|271\/363|[from] item: Leftovers
|turn|8
|
|move|p2a: Umbreon|Toxic|p1a: Milotic
|-status|p1a: Milotic|tox
|move|p1a: Milotic|Dragon Tail|p2a: Umbreon
|-damage|p2a: Umbreon|246\/363
|drag|p2a: Entei|Entei, shiny|372\/372
|-ability|p2a: Entei|Pressure
|
|-damage|p1a: Milotic|303\/394 tox|[from] psn
|turn|9
|
|switch|p2a: Eelektross|Eelektross, M|374\/374
|move|p1a: Milotic|Scald|p2a: Eelektross
|-damage|p2a: Eelektross|302\/374
|
|-damage|p1a: Milotic|255\/394 tox|[from] psn
|turn|10
|
|switch|p1a: Goodra|Goodra, F|5\/384
|move|p2a: Eelektross|Discharge|p1a: Goodra
|-resisted|p1a: Goodra
|-damage|p1a: Goodra|0 fnt
|faint|p1a: Goodra
|
|
|switch|p1a: Absol|Absol, M|271\/271
|turn|11
|
|detailschange|p1a: Absol|Absol-Mega, M
|message|Absol has Mega Evolved into Mega Absol!
|move|p1a: Absol|Night Slash|p2a: Eelektross
|-damage|p2a: Eelektross|104\/374
|move|p2a: Eelektross|Flamethrower|p1a: Absol
|-damage|p1a: Absol|130\/271
|
|turn|12
|
|switch|p2a: Umbreon|Umbreon, F|246\/363
|move|p1a: Absol|Play Rough|p2a: Umbreon
|-supereffective|p2a: Umbreon
|-damage|p2a: Umbreon|60\/363
|
|-heal|p2a: Umbreon|82\/363|[from] item: Leftovers
|turn|13
|
|move|p2a: Umbreon|Protect|p2a: Umbreon
|-singleturn|p2a: Umbreon|Protect
|move|p1a: Absol|Play Rough|p2a: Umbreon
|-activate|p2a: Umbreon|Protect
|
|-heal|p2a: Umbreon|104\/363|[from] item: Leftovers
|turn|14
|
|switch|p2a: Forretress|Forretress, M|354\/354
|move|p1a: Absol|Play Rough|p2a: Forretress
|-resisted|p2a: Forretress
|-damage|p2a: Forretress|319\/354
|
|-heal|p2a: Forretress|341\/354|[from] item: Leftovers
|turn|15
|
|switch|p1a: Darmanitan|Darmanitan, F|351\/351
|move|p2a: Forretress|Toxic Spikes|p1a: Darmanitan
|-sidestart|p1: JarrettIsAwesome|move: Toxic Spikes
|
|-heal|p2a: Forretress|354\/354|[from] item: Leftovers
|turn|16
|
|move|p1a: Darmanitan|Rock Slide|p2a: Forretress
|-miss|p1a: Darmanitan|p2a: Forretress
|move|p2a: Forretress|Spikes|p1a: Darmanitan
|-sidestart|p1: JarrettIsAwesome|Spikes
|
|turn|17
|
|move|p1a: Darmanitan|Rock Slide|p2a: Forretress
|-damage|p2a: Forretress|279\/354
|move|p2a: Forretress|Spikes|p1a: Darmanitan
|-sidestart|p1: JarrettIsAwesome|Spikes
|
|-heal|p2a: Forretress|301\/354|[from] item: Leftovers
|turn|18
|
|switch|p1a: Crobat|Crobat, F|374\/374
|move|p2a: Forretress|Spikes|p1a: Crobat
|-sidestart|p1: JarrettIsAwesome|Spikes
|
|-heal|p2a: Forretress|323\/354|[from] item: Leftovers
|turn|19
|
|switch|p2a: Eelektross|Eelektross, M|104\/374
|move|p1a: Crobat|Brave Bird|p2a: Eelektross
|-resisted|p2a: Eelektross
|-damage|p2a: Eelektross|12\/374
|-damage|p1a: Crobat|344\/374|[from] recoil|[of] p2a: Eelektross
|
|-heal|p1a: Crobat|367\/374|[from] item: Black Sludge
|turn|20
|
|switch|p2a: Forretress|Forretress, M|323\/354
|move|p1a: Crobat|Brave Bird|p2a: Forretress
|-damage|p2a: Forretress|250\/354
|-damage|p1a: Crobat|343\/374|[from] recoil|[of] p2a: Forretress
|
|-heal|p1a: Crobat|366\/374|[from] item: Black Sludge
|-heal|p2a: Forretress|272\/354|[from] item: Leftovers
|turn|21
|
|move|p1a: Crobat|Defog|p2a: Forretress
|-unboost|p2a: Forretress|evasion|1
|-sideend|p1: JarrettIsAwesome|Spikes|[from] move: Defog|[of] p1a: Crobat
|-sideend|p1: JarrettIsAwesome|Toxic Spikes|[from] move: Defog|[of] p1a: Crobat
|move|p2a: Forretress|Gyro Ball|p1a: Crobat
|-damage|p1a: Crobat|216\/374
|
|-heal|p1a: Crobat|239\/374|[from] item: Black Sludge
|-heal|p2a: Forretress|294\/354|[from] item: Leftovers
|turn|22
|
|move|p1a: Crobat|Brave Bird|p2a: Forretress
|-crit|p2a: Forretress
|-damage|p2a: Forretress|183\/354
|-damage|p1a: Crobat|202\/374|[from] recoil|[of] p2a: Forretress
|move|p2a: Forretress|Gyro Ball|p1a: Crobat
|-damage|p1a: Crobat|39\/374
|
|-heal|p1a: Crobat|62\/374|[from] item: Black Sludge
|-heal|p2a: Forretress|205\/354|[from] item: Leftovers
|turn|23
|
|move|p1a: Crobat|Roost|p1a: Crobat
|-heal|p1a: Crobat|249\/374
|move|p2a: Forretress|Gyro Ball|p1a: Crobat
|-damage|p1a: Crobat|93\/374
|
|-heal|p1a: Crobat|116\/374|[from] item: Black Sludge
|-heal|p2a: Forretress|227\/354|[from] item: Leftovers
|turn|24
|
|move|p1a: Crobat|Roost|p1a: Crobat
|-heal|p1a: Crobat|303\/374
|move|p2a: Forretress|Gyro Ball|p1a: Crobat
|-damage|p1a: Crobat|155\/374
|
|-heal|p1a: Crobat|178\/374|[from] item: Black Sludge
|-heal|p2a: Forretress|249\/354|[from] item: Leftovers
|turn|25
|
|switch|p1a: Empoleon|Empoleon, F|372\/372
|move|p2a: Forretress|Gyro Ball|p1a: Empoleon
|-resisted|p1a: Empoleon
|-damage|p1a: Empoleon|357\/372
|
|-heal|p2a: Forretress|271\/354|[from] item: Leftovers
|turn|26
|
|switch|p2a: Umbreon|Umbreon, F|104\/363
|move|p1a: Empoleon|Hydro Pump|p2a: Umbreon
|-damage|p2a: Umbreon|0 fnt
|faint|p2a: Umbreon
|
|
|switch|p2a: Blastoise|Blastoise-Mega, M|362\/362
|turn|27
|
|switch|p1a: Milotic|Milotic, F|255\/394 tox
|move|p2a: Blastoise|Aura Sphere|p1a: Milotic
|-damage|p1a: Milotic|127\/394 tox
|
|-damage|p1a: Milotic|103\/394 tox|[from] psn
|turn|28
|
|move|p2a: Blastoise|Aura Sphere|p1a: Milotic
|-damage|p1a: Milotic|0 fnt
|faint|p1a: Milotic
|
|
|switch|p1a: Absol|Absol-Mega, M|130\/271
|turn|29
|
|move|p1a: Absol|Night Slash|p2a: Blastoise
|-damage|p2a: Blastoise|242\/362
|move|p2a: Blastoise|Aura Sphere|p1a: Absol
|-supereffective|p1a: Absol
|-damage|p1a: Absol|0 fnt
|faint|p1a: Absol
|
|
|switch|p1a: Crobat|Crobat, F|178\/374
|turn|30
|
|move|p1a: Crobat|Toxic|p2a: Blastoise
|-status|p2a: Blastoise|tox
|move|p2a: Blastoise|Water Pulse|p1a: Crobat
|-damage|p1a: Crobat|0 fnt
|faint|p1a: Crobat
|
|-damage|p2a: Blastoise|220\/362 tox|[from] psn
|
|switch|p1a: Darmanitan|Darmanitan, F|351\/351
|turn|31
|
|move|p1a: Darmanitan|U-turn|p2a: Blastoise
|-damage|p2a: Blastoise|135\/362 tox
|
|switch|p1a: Empoleon|Empoleon, F|357\/372
|move|p2a: Blastoise|Water Pulse|p1a: Empoleon
|-resisted|p1a: Empoleon
|-damage|p1a: Empoleon|284\/372
|
|-damage|p2a: Blastoise|91\/362 tox|[from] psn
|turn|32
|
|move|p2a: Blastoise|Aura Sphere|p1a: Empoleon
|-supereffective|p1a: Empoleon
|-damage|p1a: Empoleon|44\/372
|move|p1a: Empoleon|Grass Knot|p2a: Blastoise
|-crit|p2a: Blastoise
|-supereffective|p2a: Blastoise
|-damage|p2a: Blastoise|0 fnt
|faint|p2a: Blastoise
|
|
|switch|p2a: Eelektross|Eelektross, M|12\/374
|turn|33
|
|move|p1a: Empoleon|Grass Knot|p2a: Eelektross
|-damage|p2a: Eelektross|0 fnt
|faint|p2a: Eelektross
|
|
|switch|p2a: Entei|Entei, shiny|372\/372
|-ability|p2a: Entei|Pressure
|turn|34
|
|switch|p1a: Darmanitan|Darmanitan, F|351\/351
|move|p2a: Entei|Bulldoze|p1a: Darmanitan
|-supereffective|p1a: Darmanitan
|-damage|p1a: Darmanitan|0 fnt
|faint|p1a: Darmanitan
|
|
|switch|p1a: Empoleon|Empoleon, F|44\/372
|turn|35
|
|move|p2a: Entei|Bulldoze|p1a: Empoleon
|-crit|p1a: Empoleon
|-supereffective|p1a: Empoleon
|-damage|p1a: Empoleon|0 fnt
|faint|p1a: Empoleon
|
|win|kiddoo
|raw|Ladder updating...
|raw|JarrettIsAwesome's rating: 1210 &rarr; <strong>1184<\/strong><br \/>(-26 for losing)
|raw|kiddoo's rating: 1197 &rarr; <strong>1223<\/strong><br \/>(+26 for winning)
|chat|JarrettIsAwesome|gg
|leave|JarrettIsAwesome
|player|p1