|join|MegaRango
|join|jarrettisawesome
|player|p1|MegaRango|2
|player|p2|jarrettisawesome|209
|gametype|singles
|gen|6
|tier|UU
|rated
|rule|Sleep Clause Mod: Limit one foe put to sleep
|rule|Species Clause: Limit one of each PokÃ©mon
|rule|OHKO Clause: OHKO moves are banned
|rule|Moody Clause: Moody is banned
|rule|Evasion Moves Clause: Evasion moves are banned
|rule|Endless Battle Clause: Forcing endless battles is banned
|rule|HP Percentage Mod: HP is shown in percentages
|clearpoke
|poke|p1|Cofagrigus, F
|poke|p1|Gligar, F
|poke|p1|Umbreon, M
|poke|p1|Sceptile, F
|poke|p1|Quagsire, M
|poke|p1|Chandelure, M, shiny
|poke|p2|Ampharos, F
|poke|p2|Tentacruel, F
|poke|p2|Roserade, F
|poke|p2|Krookodile, M
|poke|p2|Slurpuff, M
|poke|p2|Arcanine, F
|rule|Swagger Clause: Swagger is banned
|rule|Baton Pass Clause: Limit one PokÃ©mon knowing Baton Pass
|teampreview
|
|start
|switch|p1a: Chandelure|Chandelure, M, shiny|261\/261
|switch|p2a: Arcanine|Arcanine, F|321\/321
|-ability|p2a: Arcanine|Intimidate|[of] p1a: Chandelure
|-unboost|p1a: Chandelure|atk|1
|turn|1
|
|switch|p2a: Tentacruel|Tentacruel, F|363\/363
|move|p1a: Chandelure|Trick|p2a: Tentacruel
|-activate|p1a: Chandelure|move: Trick|[of] p2a: Tentacruel
|-item|p2a: Tentacruel|Choice Scarf|[from] move: Trick
|-item|p1a: Chandelure|Black Sludge|[from] move: Trick
|
|-damage|p1a: Chandelure|229\/261|[from] item: Black Sludge
|turn|2
|
|switch|p1a: Umbreon|Umbreon, M|394\/394
|move|p2a: Tentacruel|Toxic Spikes|p1a: Umbreon
|-sidestart|p1: MegaRango|move: Toxic Spikes
|
|turn|3
|
|switch|p1a: Gligar|Gligar, F|334\/334
|move|p2a: Tentacruel|Toxic Spikes|p1a: Gligar
|-sidestart|p1: MegaRango|move: Toxic Spikes
|
|turn|4
|
|switch|p2a: Krookodile|Krookodile, M|331\/331
|move|p1a: Gligar|Defog|p2a: Krookodile
|-unboost|p2a: Krookodile|evasion|1
|-sideend|p1: MegaRango|Toxic Spikes|[from] move: Defog|[of] p1a: Gligar
|
|turn|5
|
|move|p2a: Krookodile|Knock Off|p1a: Gligar
|-damage|p1a: Gligar|238\/334
|-enditem|p1a: Gligar|Eviolite|[from] move: Knock Off|[of] p2a: Krookodile
|move|p1a: Gligar|Stealth Rock|p2a: Krookodile
|-sidestart|p2: jarrettisawesome|move: Stealth Rock
|
|turn|6
|
|move|p2a: Krookodile|Knock Off|p1a: Gligar
|-damage|p1a: Gligar|136\/334
|move|p1a: Gligar|Earthquake|p2a: Krookodile
|-crit|p2a: Krookodile
|-damage|p2a: Krookodile|156\/331
|
|turn|7
|
|move|p2a: Krookodile|Knock Off|p1a: Gligar
|-damage|p1a: Gligar|39\/334
|move|p1a: Gligar|Roost|p1a: Gligar
|-heal|p1a: Gligar|206\/334
|
|turn|8
|
|switch|p2a: Roserade|Roserade, F|261\/261
|-damage|p2a: Roserade|229\/261|[from] Stealth Rock
|move|p1a: Gligar|Earthquake|p2a: Roserade
|-damage|p2a: Roserade|88\/261
|
|turn|9
|
|move|p2a: Roserade|Giga Drain|p1a: Gligar
|-damage|p1a: Gligar|53\/334
|-heal|p2a: Roserade|165\/261|[from] drain|[of] p1a: Gligar
|-damage|p2a: Roserade|139\/261|[from] item: Life Orb
|move|p1a: Gligar|Earthquake|p2a: Roserade
|-damage|p2a: Roserade|18\/261
|
|turn|10
|
|move|p2a: Roserade|Giga Drain|p1a: Gligar
|-damage|p1a: Gligar|0 fnt
|-heal|p2a: Roserade|45\/261|[from] drain|[of] p1a: Gligar
|-damage|p2a: Roserade|19\/261|[from] item: Life Orb
|faint|p1a: Gligar
|
|
|switch|p1a: Sceptile|Sceptile, F|281\/281
|turn|11
|
|detailschange|p1a: Sceptile|Sceptile-Mega, F
|message|Sceptile has Mega Evolved into Mega Sceptile!
|move|p1a: Sceptile|Earthquake|p2a: Roserade
|-damage|p2a: Roserade|0 fnt
|faint|p2a: Roserade
|
|
|switch|p2a: Slurpuff|Slurpuff, M|305\/305
|-damage|p2a: Slurpuff|267\/305|[from] Stealth Rock
|turn|12
|
|switch|p1a: Quagsire|Quagsire, M|394\/394
|move|p2a: Slurpuff|Belly Drum|p2a: Slurpuff
|-damage|p2a: Slurpuff|115\/305
|-setboost|p2a: Slurpuff|atk|6|[from] move: Belly Drum
|-enditem|p2a: Slurpuff|Sitrus Berry|[eat]
|-heal|p2a: Slurpuff|191\/305|[from] item: Sitrus Berry
|
|turn|13
|
|move|p2a: Slurpuff|Drain Punch|p1a: Quagsire
|-damage|p1a: Quagsire|341\/394
|-heal|p2a: Slurpuff|218\/305|[from] drain|[of] p1a: Quagsire
|move|p1a: Quagsire|Curse|p1a: Quagsire
|-boost|p1a: Quagsire|atk|1
|-boost|p1a: Quagsire|def|1
|-unboost|p1a: Quagsire|spe|1
|
|-heal|p1a: Quagsire|365\/394|[from] item: Leftovers
|turn|14
|
|move|p2a: Slurpuff|Play Rough|p1a: Quagsire
|-damage|p1a: Quagsire|296\/394
|move|p1a: Quagsire|Curse|p1a: Quagsire
|-boost|p1a: Quagsire|atk|1
|-boost|p1a: Quagsire|def|1
|-unboost|p1a: Quagsire|spe|1
|
|-heal|p1a: Quagsire|320\/394|[from] item: Leftovers
|turn|15
|
|switch|p2a: Tentacruel|Tentacruel, F|363\/363
|-damage|p2a: Tentacruel|318\/363|[from] Stealth Rock
|move|p1a: Quagsire|Curse|p1a: Quagsire
|-boost|p1a: Quagsire|atk|1
|-boost|p1a: Quagsire|def|1
|-unboost|p1a: Quagsire|spe|1
|
|-heal|p1a: Quagsire|344\/394|[from] item: Leftovers
|turn|16
|
|move|p2a: Tentacruel|Scald|p1a: Quagsire
|-damage|p1a: Quagsire|236\/394
|move|p1a: Quagsire|Earthquake|p2a: Tentacruel
|-supereffective|p2a: Tentacruel
|-damage|p2a: Tentacruel|0 fnt
|faint|p2a: Tentacruel
|
|-heal|p1a: Quagsire|260\/394|[from] item: Leftovers
|-message|jarrettisawesome forfeited.
|
|win|MegaRango
|raw|Ladder updating...
|leave|jarrettisawesome
|player|p2
|raw|MegaRango's rating: 1489 &rarr; <strong>1500<\/strong><br \/>(+11 for winning)
|raw|jarrettisawesome's rating: 1315 &rarr; <strong>1304<\/strong><br \/>(-11 for losing)