|join|zoid's warhorse
|join|JarrettIsAwesome
|player|p1|zoid's warhorse|188
|player|p2|JarrettIsAwesome|209
|gametype|singles
|gen|6
|tier|UU
|rated
|rule|Sleep Clause Mod: Limit one foe put to sleep
|rule|Species Clause: Limit one of each PokÃ©mon
|rule|OHKO Clause: OHKO moves are banned
|rule|Moody Clause: Moody is banned
|rule|Evasion Moves Clause: Evasion moves are banned
|rule|Endless Battle Clause: Forcing endless battles is banned
|rule|HP Percentage Mod: HP is shown in percentages
|clearpoke
|poke|p1|Aerodactyl, M
|poke|p1|Azelf
|poke|p1|Dragalge, F
|poke|p1|Lucario, M
|poke|p1|Magneton
|poke|p1|Serperior, F
|poke|p2|Swampert, M
|poke|p2|Porygon-Z
|poke|p2|Tentacruel, F
|poke|p2|Alakazam, F
|poke|p2|Honchkrow, M
|poke|p2|Chesnaught, F
|rule|Swagger Clause: Swagger is banned
|rule|Baton Pass Clause: Limit one PokÃ©mon knowing Baton Pass
|teampreview
|
|start
|switch|p1a: Azelf|Azelf|291\/291
|switch|p2a: Honchkrow|Honchkrow, M|341\/341
|turn|1
|
|move|p1a: Azelf|Stealth Rock|p2a: Honchkrow
|-sidestart|p2: JarrettIsAwesome|move: Stealth Rock
|move|p2a: Honchkrow|Pursuit|p1a: Azelf
|-supereffective|p1a: Azelf
|-damage|p1a: Azelf|23\/291
|-damage|p2a: Honchkrow|307\/341|[from] item: Life Orb
|
|turn|2
|
|switch|p1a: Aerodactyl|Aerodactyl, M|302\/302
|-ability|p1a: Aerodactyl|Unnerve|p2: JarrettIsAwesome
|move|p2a: Honchkrow|Sucker Punch|p1a: Aerodactyl
|-fail|p1a: Aerodactyl
|
|turn|3
|
|switch|p2a: Chesnaught|Chesnaught, F|379\/379
|-damage|p2a: Chesnaught|356\/379|[from] Stealth Rock
|detailschange|p1a: Aerodactyl|Aerodactyl-Mega, M
|-mega|p1a: Aerodactyl|Aerodactyl|Aerodactylite
|move|p1a: Aerodactyl|Stone Edge|p2a: Chesnaught
|-resisted|p2a: Chesnaught
|-damage|p2a: Chesnaught|295\/379
|
|-heal|p2a: Chesnaught|318\/379|[from] item: Leftovers
|turn|4
|
|move|p1a: Aerodactyl|Aerial Ace|p2a: Chesnaught
|-supereffective|p2a: Chesnaught
|-damage|p2a: Chesnaught|0 fnt
|faint|p2a: Chesnaught
|
|
|switch|p2a: Zordon|Alakazam, F|251\/251
|turn|5
|
|move|p1a: Aerodactyl|Aerial Ace|p2a: Zordon
|-enditem|p2a: Zordon|Focus Sash
|-damage|p2a: Zordon|1\/251
|move|p2a: Zordon|Thunder Wave|p1a: Aerodactyl
|-status|p1a: Aerodactyl|par
|
|turn|6
|
|move|p1a: Aerodactyl|Pursuit|p2a: Zordon|[from]Pursuit
|-supereffective|p2a: Zordon
|-damage|p2a: Zordon|0 fnt
|faint|p2a: Zordon
|
|
|switch|p2a: Swampert|Swampert, M|367\/367
|-damage|p2a: Swampert|345\/367|[from] Stealth Rock
|turn|7
|
|switch|p1a: Serperior|Serperior, F|295\/295
|detailschange|p2a: Swampert|Swampert-Mega, M
|-mega|p2a: Swampert|Swampert|Swampertite
|move|p2a: Swampert|Rain Dance|p2a: Swampert
|-weather|RainDance
|
|-weather|RainDance|[upkeep]
|turn|8
|
|switch|p2a: Tentacruel|Tentacruel, F|363\/363
|-damage|p2a: Tentacruel|318\/363|[from] Stealth Rock
|move|p1a: Serperior|Glare|p2a: Tentacruel
|-status|p2a: Tentacruel|par
|
|-weather|RainDance|[upkeep]
|-heal|p2a: Tentacruel|340\/363 par|[from] item: Black Sludge
|turn|9
|
|switch|p1a: Magneton|Magneton|303\/303
|move|p2a: Tentacruel|Scald|p1a: Magneton
|-damage|p1a: Magneton|192\/303
|
|-weather|RainDance|[upkeep]
|-heal|p2a: Tentacruel|362\/363 par|[from] item: Black Sludge
|turn|10
|
|move|p1a: Magneton|Hidden Power|p2a: Tentacruel
|-damage|p2a: Tentacruel|312\/363 par
|move|p2a: Tentacruel|Scald|p1a: Magneton
|-crit|p1a: Magneton
|-damage|p1a: Magneton|32\/303
|-status|p1a: Magneton|brn
|
|-weather|RainDance|[upkeep]
|-heal|p2a: Tentacruel|334\/363 par|[from] item: Black Sludge
|-damage|p1a: Magneton|0 fnt|[from] brn
|faint|p1a: Magneton
|
|switch|p1a: Azelf|Azelf|23\/291
|turn|11
|
|move|p1a: Azelf|Explosion|p2a: Tentacruel
|-damage|p2a: Tentacruel|0 fnt
|faint|p1a: Azelf
|faint|p2a: Tentacruel
|
|-weather|none
|
|switch|p2a: Honchkrow|Honchkrow, M|307\/341
|switch|p1a: Dragalge|Dragalge, F|309\/309
|-damage|p2a: Honchkrow|222\/341|[from] Stealth Rock
|turn|12
|
|move|p2a: Honchkrow|Brave Bird|p1a: Dragalge
|-damage|p1a: Dragalge|1\/309
|-damage|p2a: Honchkrow|120\/341|[from] recoil|[of] p1a: Dragalge
|-damage|p2a: Honchkrow|86\/341|[from] item: Life Orb
|move|p1a: Dragalge|Scald|p2a: Honchkrow
|-damage|p2a: Honchkrow|0 fnt
|faint|p2a: Honchkrow
|
|
|switch|p2a: Swampert|Swampert-Mega, M|345\/367
|-damage|p2a: Swampert|323\/367|[from] Stealth Rock
|turn|13
|
|move|p2a: Swampert|Earthquake|p1a: Dragalge
|-supereffective|p1a: Dragalge
|-damage|p1a: Dragalge|0 fnt
|faint|p1a: Dragalge
|
|
|switch|p1a: Serperior|Serperior, F|295\/295
|turn|14
|
|move|p1a: Serperior|Leaf Storm|p2a: Swampert
|-supereffective|p2a: Swampert
|-damage|p2a: Swampert|0 fnt
|-boost|p1a: Serperior|spa|2
|faint|p2a: Swampert
|
|
|switch|p2a: Porygon-Z|Porygon-Z|331\/331
|-damage|p2a: Porygon-Z|290\/331|[from] Stealth Rock
|turn|15
|
|move|p1a: Serperior|Glare|p2a: Porygon-Z
|-status|p2a: Porygon-Z|par
|move|p2a: Porygon-Z|Tri Attack|p1a: Serperior
|-damage|p1a: Serperior|13\/295
|
|turn|16
|
|move|p1a: Serperior|Leaf Storm|p2a: Porygon-Z|[miss]
|-miss|p1a: Serperior|p2a: Porygon-Z
|move|p2a: Porygon-Z|Tri Attack|p1a: Serperior
|-damage|p1a: Serperior|0 fnt
|faint|p1a: Serperior
|
|
|switch|p1a: Lucario|Lucario, M|287\/287
|turn|17
|
|move|p1a: Lucario|Close Combat|p2a: Porygon-Z
|-supereffective|p2a: Porygon-Z
|-damage|p2a: Porygon-Z|0 fnt
|-unboost|p1a: Lucario|def|1
|-unboost|p1a: Lucario|spd|1
|-damage|p1a: Lucario|259\/287|[from] item: Life Orb
|faint|p2a: Porygon-Z
|
|win|zoid's warhorse
|raw|Ladder updating...
|raw|zoid&apos;s warhorse's rating: 1461 &rarr; <strong>1481<\/strong><br \/>(+20 for winning)
|raw|JarrettIsAwesome's rating: 1470 &rarr; <strong>1449<\/strong><br \/>(-21 for losing)
|c|âJarrettIsAwesome|gg
|c|âzoid's warhorse|gg
|leave|JarrettIsAwesome
|player|p2