|join|JarrettIsAwesome
|join|zoid's warhorse
|player|p1|JarrettIsAwesome|209
|player|p2|zoid's warhorse|188
|gametype|singles
|gen|6
|tier|UU
|rated
|rule|Sleep Clause Mod: Limit one foe put to sleep
|rule|Species Clause: Limit one of each PokÃ©mon
|rule|OHKO Clause: OHKO moves are banned
|rule|Moody Clause: Moody is banned
|rule|Evasion Moves Clause: Evasion moves are banned
|rule|Endless Battle Clause: Forcing endless battles is banned
|rule|HP Percentage Mod: HP is shown in percentages
|clearpoke
|poke|p1|Swampert, F
|poke|p1|Porygon-Z
|poke|p1|Tentacruel, M
|poke|p1|Alakazam, F
|poke|p1|Honchkrow, M
|poke|p1|Chesnaught, F
|poke|p2|Aerodactyl, F
|poke|p2|Azelf
|poke|p2|Dragalge, F
|poke|p2|Lucario, F
|poke|p2|Magneton
|poke|p2|Serperior, F
|rule|Swagger Clause: Swagger is banned
|rule|Baton Pass Clause: Limit one PokÃ©mon knowing Baton Pass
|teampreview
|
|start
|switch|p1a: Tentacruel|Tentacruel, M|363\/363
|switch|p2a: Azelf|Azelf|291\/291
|turn|1
|
|move|p2a: Azelf|Stealth Rock|p1a: Tentacruel
|-sidestart|p1: JarrettIsAwesome|move: Stealth Rock
|move|p1a: Tentacruel|Scald|p2a: Azelf
|-damage|p2a: Azelf|183\/291
|
|turn|2
|
|switch|p1a: Chesnaught|Chesnaught, F|379\/379
|-damage|p1a: Chesnaught|356\/379|[from] Stealth Rock
|move|p2a: Azelf|Explosion|p1a: Chesnaught
|-damage|p1a: Chesnaught|166\/379
|faint|p2a: Azelf
|
|-heal|p1a: Chesnaught|189\/379|[from] item: Leftovers
|
|switch|p2a: Aerodactyl|Aerodactyl, F|302\/302
|-ability|p2a: Aerodactyl|Unnerve|p1: JarrettIsAwesome
|turn|3
|
|detailschange|p2a: Aerodactyl|Aerodactyl-Mega, F
|-mega|p2a: Aerodactyl|Aerodactyl|Aerodactylite
|move|p2a: Aerodactyl|Aerial Ace|p1a: Chesnaught
|-supereffective|p1a: Chesnaught
|-damage|p1a: Chesnaught|0 fnt
|faint|p1a: Chesnaught
|
|
|switch|p1a: Swampert|Swampert, F|367\/367
|-damage|p1a: Swampert|345\/367|[from] Stealth Rock
|turn|4
|
|switch|p2a: Serperior|Serperior, F|295\/295
|detailschange|p1a: Swampert|Swampert-Mega, F
|-mega|p1a: Swampert|Swampert|Swampertite
|move|p1a: Swampert|Ice Punch|p2a: Serperior
|-supereffective|p2a: Serperior
|-damage|p2a: Serperior|75\/295
|
|turn|5
|
|switch|p1a: Tentacruel|Tentacruel, M|363\/363
|-damage|p1a: Tentacruel|318\/363|[from] Stealth Rock
|move|p2a: Serperior|Leaf Storm|p1a: Tentacruel|[miss]
|-miss|p2a: Serperior|p1a: Tentacruel
|
|-heal|p1a: Tentacruel|340\/363|[from] item: Black Sludge
|turn|6
|
|move|p2a: Serperior|Leaf Storm|p1a: Tentacruel
|-damage|p1a: Tentacruel|238\/363
|-boost|p2a: Serperior|spa|2
|move|p1a: Tentacruel|Sludge Bomb|p2a: Serperior
|-supereffective|p2a: Serperior
|-damage|p2a: Serperior|0 fnt
|faint|p2a: Serperior
|
|-heal|p1a: Tentacruel|260\/363|[from] item: Black Sludge
|
|switch|p2a: Aerodactyl|Aerodactyl-Mega, F|302\/302
|turn|7
|
|switch|p1a: Honchkrow|Honchkrow, M|341\/341
|-damage|p1a: Honchkrow|256\/341|[from] Stealth Rock
|move|p2a: Aerodactyl|Aerial Ace|p1a: Honchkrow
|-damage|p1a: Honchkrow|15\/341
|
|turn|8
|
|switch|p2a: Magneton|Magneton|303\/303
|move|p1a: Honchkrow|Roost|p1a: Honchkrow
|-heal|p1a: Honchkrow|186\/341
|
|turn|9
|
|switch|p1a: Swampert|Swampert-Mega, F|345\/367
|-damage|p1a: Swampert|323\/367|[from] Stealth Rock
|move|p2a: Magneton|Volt Switch|p1a: Swampert
|-immune|p1a: Swampert|[msg]
|
|turn|10
|
|move|p1a: Swampert|Rain Dance|p1a: Swampert
|-weather|RainDance
|move|p2a: Magneton|Hidden Power|p1a: Swampert
|-supereffective|p1a: Swampert
|-damage|p1a: Swampert|67\/367
|
|-weather|RainDance|[upkeep]
|turn|11
|
|switch|p2a: Dragalge|Dragalge, F|309\/309
|move|p1a: Swampert|Earthquake|p2a: Dragalge
|-crit|p2a: Dragalge
|-supereffective|p2a: Dragalge
|-damage|p2a: Dragalge|0 fnt
|faint|p2a: Dragalge
|
|-weather|RainDance|[upkeep]
|
|switch|p2a: Lucario|Lucario, F|287\/287
|turn|12
|
|move|p2a: Lucario|Extreme Speed|p1a: Swampert
|-damage|p1a: Swampert|0 fnt
|-damage|p2a: Lucario|259\/287|[from] item: Life Orb
|faint|p1a: Swampert
|
|-weather|RainDance|[upkeep]
|
|switch|p1a: Zordon|Alakazam, F|251\/251
|turn|13
|
|move|p2a: Lucario|Extreme Speed|p1a: Zordon
|-damage|p1a: Zordon|38\/251
|-damage|p2a: Lucario|231\/287|[from] item: Life Orb
|move|p1a: Zordon|Psyshock|p2a: Lucario
|-damage|p2a: Lucario|27\/287
|
|-weather|RainDance|[upkeep]
|turn|14
|
|move|p2a: Lucario|Extreme Speed|p1a: Zordon
|-damage|p1a: Zordon|0 fnt
|-damage|p2a: Lucario|0 fnt|[from] item: Life Orb
|faint|p1a: Zordon
|faint|p2a: Lucario
|
|-weather|none
|
|switch|p1a: Tentacruel|Tentacruel, M|260\/363
|switch|p2a: Magneton|Magneton|303\/303
|-damage|p1a: Tentacruel|215\/363|[from] Stealth Rock
|turn|15
|
|move|p1a: Tentacruel|Scald|p2a: Magneton
|-damage|p2a: Magneton|228\/303
|-status|p2a: Magneton|brn
|move|p2a: Magneton|Thunderbolt|p1a: Tentacruel
|-supereffective|p1a: Tentacruel
|-damage|p1a: Tentacruel|0 fnt
|faint|p1a: Tentacruel
|
|-damage|p2a: Magneton|191\/303 brn|[from] brn
|
|switch|p1a: Porygon-Z|Porygon-Z|331\/331
|-damage|p1a: Porygon-Z|290\/331|[from] Stealth Rock
|turn|16
|
|move|p1a: Porygon-Z|Agility|p1a: Porygon-Z
|-boost|p1a: Porygon-Z|spe|2
|move|p2a: Magneton|Thunderbolt|p1a: Porygon-Z
|-damage|p1a: Porygon-Z|92\/331
|
|-damage|p2a: Magneton|154\/303 brn|[from] brn
|turn|17
|
|move|p1a: Porygon-Z|Tri Attack|p2a: Magneton
|-resisted|p2a: Magneton
|-damage|p2a: Magneton|31\/303 brn
|move|p2a: Magneton|Thunderbolt|p1a: Porygon-Z
|-damage|p1a: Porygon-Z|0 fnt
|faint|p1a: Porygon-Z
|
|-damage|p2a: Magneton|0 fnt|[from] brn
|faint|p2a: Magneton
|
|switch|p2a: Aerodactyl|Aerodactyl-Mega, F|302\/302
|switch|p1a: Honchkrow|Honchkrow, M|186\/341
|-damage|p1a: Honchkrow|101\/341|[from] Stealth Rock
|turn|18
|
|move|p1a: Honchkrow|Sucker Punch|p2a: Aerodactyl
|-damage|p2a: Aerodactyl|82\/302
|-damage|p1a: Honchkrow|67\/341|[from] item: Life Orb
|move|p2a: Aerodactyl|Aerial Ace|p1a: Honchkrow
|-damage|p1a: Honchkrow|0 fnt
|faint|p1a: Honchkrow
|
|win|zoid's warhorse
|raw|Ladder updating...
|c|âJarrettIsAwesome|gg
|raw|JarrettIsAwesome's rating: 1422 &rarr; <strong>1405<\/strong><br \/>(-17 for losing)
|raw|zoid&apos;s warhorse's rating: 1489 &rarr; <strong>1505<\/strong><br \/>(+16 for winning)
|c|âzoid's warhorse|gg
|leave|JarrettIsAwesome
|player|p1