|join|ingun
|join|HUUURAAAAAx2
|player|p1|ingun|265
|player|p2|HUUURAAAAAx2|170
|gametype|singles
|gen|6
|tier|OU (suspect test)
|rated
|clearpoke
|poke|p1|Gothitelle, M
|poke|p1|Metagross
|poke|p1|Ferrothorn, M
|poke|p1|Clefable, M
|poke|p1|Jirachi
|poke|p1|Thundurus, M
|poke|p2|Diggersby, M, shiny
|poke|p2|Pinsir, F
|poke|p2|Bisharp, F
|poke|p2|Starmie
|poke|p2|Raikou
|poke|p2|Landorus-Therian, M
|rule|Swagger Clause: Swagger is banned
|rule|Baton Pass Clause: Limit one PokÃ©mon knowing Baton Pass
|rule|Sleep Clause Mod: Limit one foe put to sleep
|rule|Species Clause: Limit one of each PokÃ©mon
|rule|OHKO Clause: OHKO moves are banned
|rule|Moody Clause: Moody is banned
|rule|Evasion Moves Clause: Evasion moves are banned
|rule|Endless Battle Clause: Forcing endless battles is banned
|rule|HP Percentage Mod: HP is shown in percentages
|teampreview
|
|start
|switch|p1a: Metagross|Metagross|301\/301
|switch|p2a: MuchStandard|Landorus-Therian, M|381\/381
|-ability|p2a: MuchStandard|Intimidate|[of] p1a: Metagross
|-fail|p1a: Metagross|unboost|[from] ability: Clear Body|[of] p1a: Metagross
|turn|1
|
|switch|p2a: Starmie|Starmie|267\/267
|detailschange|p1a: Metagross|Metagross-Mega
|-mega|p1a: Metagross|Metagross|Metagrossite
|move|p1a: Metagross|Ice Punch|p2a: Starmie
|-resisted|p2a: Starmie
|-damage|p2a: Starmie|194\/267
|-status|p2a: Starmie|frz
|
|turn|2
|
|switch|p2a: MuchStandard|Landorus-Therian, M|381\/381
|-ability|p2a: MuchStandard|Intimidate|[of] p1a: Metagross
|-unboost|p1a: Metagross|atk|1
|move|p1a: Metagross|Earthquake|p2a: MuchStandard
|-immune|p2a: MuchStandard|[msg]
|
|turn|3
|
|switch|p1a: Ferrothorn|Ferrothorn, M|351\/351
|move|p2a: MuchStandard|Stealth Rock|p1a: Ferrothorn
|-sidestart|p1: ingun|move: Stealth Rock
|
|turn|4
|
|switch|p2a: GetRektFren 003|Bisharp, F|291\/291
|move|p1a: Ferrothorn|Stealth Rock|p2a: GetRektFren 003
|-sidestart|p2: HUUURAAAAAx2|move: Stealth Rock
|
|turn|5
|
|move|p2a: GetRektFren 003|Swords Dance|p2a: GetRektFren 003
|-boost|p2a: GetRektFren 003|atk|2
|move|p1a: Ferrothorn|Leech Seed|p2a: GetRektFren 003
|-start|p2a: GetRektFren 003|move: Leech Seed
|
|-damage|p2a: GetRektFren 003|255\/291|[from] Leech Seed|[of] p1a: Ferrothorn
|turn|6
|
|switch|p1a: Clefable|Clefable, M|394\/394
|move|p2a: GetRektFren 003|Swords Dance|p2a: GetRektFren 003
|-boost|p2a: GetRektFren 003|atk|2
|
|-damage|p2a: GetRektFren 003|219\/291|[from] Leech Seed|[of] p1a: Clefable
|turn|7
|
|switch|p1a: Ferrothorn|Ferrothorn, M|351\/351
|-damage|p1a: Ferrothorn|330\/351|[from] Stealth Rock
|move|p2a: GetRektFren 003|Knock Off|p1a: Ferrothorn
|-damage|p1a: Ferrothorn|0 fnt
|-damage|p2a: GetRektFren 003|183\/291|[from] ability: Iron Barbs|[of] p1a: Ferrothorn
|-damage|p2a: GetRektFren 003|135\/291|[from] item: Rocky Helmet|[of] p1a: Ferrothorn
|-enditem|p1a: Ferrothorn|Rocky Helmet|[from] move: Knock Off|[of] p2a: GetRektFren 003
|faint|p1a: Ferrothorn
|
|
|switch|p1a: Jirachi|Jirachi|342\/342
|-damage|p1a: Jirachi|321\/342|[from] Stealth Rock
|turn|8
|
|move|p2a: GetRektFren 003|Sucker Punch|p1a: Jirachi
|-fail|p1a: Jirachi
|move|p1a: Jirachi|Trick|p2a: GetRektFren 003
|-activate|p1a: Jirachi|move: Trick|[of] p2a: GetRektFren 003
|-item|p2a: GetRektFren 003|Choice Scarf|[from] move: Trick
|-item|p1a: Jirachi|Black Glasses|[from] move: Trick
|
|-damage|p2a: GetRektFren 003|99\/291|[from] Leech Seed|[of] p1a: Jirachi
|-heal|p1a: Jirachi|342\/342|[silent]
|turn|9
|
|switch|p1a: Gothitelle|Gothitelle, M|282\/282
|-damage|p1a: Gothitelle|247\/282|[from] Stealth Rock
|move|p2a: GetRektFren 003|Knock Off|p1a: Gothitelle
|-supereffective|p1a: Gothitelle
|-damage|p1a: Gothitelle|0 fnt
|-enditem|p1a: Gothitelle|Choice Specs|[from] move: Knock Off|[of] p2a: GetRektFren 003
|faint|p1a: Gothitelle
|
|
|switch|p1a: Clefable|Clefable, M|394\/394
|turn|10
|
|move|p2a: GetRektFren 003|Knock Off|p1a: Clefable
|-crit|p1a: Clefable
|-resisted|p1a: Clefable
|-damage|p1a: Clefable|0 fnt
|-enditem|p1a: Clefable|Leftovers|[from] move: Knock Off|[of] p2a: GetRektFren 003
|faint|p1a: Clefable
|
|
|switch|p1a: Jirachi|Jirachi|342\/342
|-damage|p1a: Jirachi|321\/342|[from] Stealth Rock
|turn|11
|
|move|p2a: GetRektFren 003|Knock Off|p1a: Jirachi
|-supereffective|p1a: Jirachi
|-damage|p1a: Jirachi|0 fnt
|-enditem|p1a: Jirachi|Black Glasses|[from] move: Knock Off|[of] p2a: GetRektFren 003
|faint|p1a: Jirachi
|
|
|switch|p1a: Metagross|Metagross-Mega|301\/301
|-damage|p1a: Metagross|283\/301|[from] Stealth Rock
|turn|12
|
|move|p1a: Metagross|Earthquake|p2a: GetRektFren 003
|-supereffective|p2a: GetRektFren 003
|-damage|p2a: GetRektFren 003|0 fnt
|faint|p2a: GetRektFren 003
|
|
|switch|p2a: MuchStandard|Landorus-Therian, M|381\/381
|-damage|p2a: MuchStandard|334\/381|[from] Stealth Rock
|-ability|p2a: MuchStandard|Intimidate|[of] p1a: Metagross
|-unboost|p1a: Metagross|atk|1
|turn|13
|
|move|p1a: Metagross|Ice Punch|p2a: MuchStandard
|-supereffective|p2a: MuchStandard
|-damage|p2a: MuchStandard|78\/381
|move|p2a: MuchStandard|U-turn|p1a: Metagross
|-damage|p1a: Metagross|229\/301
|
|switch|p2a: Raikou|Raikou|321\/321
|-damage|p2a: Raikou|281\/321|[from] Stealth Rock
|-ability|p2a: Raikou|Pressure
|
|turn|14
|
|switch|p1a: Thundurus|Thundurus, M|299\/299
|-damage|p1a: Thundurus|225\/299|[from] Stealth Rock
|move|p2a: Raikou|Volt Switch|p1a: Thundurus
|-damage|p1a: Thundurus|65\/299
|
|switch|p2a: GetRektFren 001|Diggersby, M, shiny|327\/327
|-damage|p2a: GetRektFren 001|307\/327|[from] Stealth Rock
|
|turn|15
|
|move|p1a: Thundurus|Superpower|p2a: GetRektFren 001
|-supereffective|p2a: GetRektFren 001
|-damage|p2a: GetRektFren 001|0 fnt
|-unboost|p1a: Thundurus|atk|1
|-unboost|p1a: Thundurus|def|1
|-damage|p1a: Thundurus|36\/299|[from] item: Life Orb
|faint|p2a: GetRektFren 001
|
|
|switch|p2a: Raikou|Raikou|281\/321
|-damage|p2a: Raikou|241\/321|[from] Stealth Rock
|-ability|p2a: Raikou|Pressure
|turn|16
|
|move|p2a: Raikou|Volt Switch|p1a: Thundurus
|-damage|p1a: Thundurus|0 fnt
|faint|p1a: Thundurus
|
|switch|p2a: Starmie|Starmie|194\/267 frz
|-damage|p2a: Starmie|161\/267 frz|[from] Stealth Rock
|
|
|switch|p1a: Metagross|Metagross-Mega|229\/301
|-damage|p1a: Metagross|211\/301|[from] Stealth Rock
|turn|17
|
|switch|p2a: GetRektFren 002|Pinsir, F|271\/271
|-damage|p2a: GetRektFren 002|204\/271|[from] Stealth Rock
|move|p1a: Metagross|Zen Headbutt|p2a: GetRektFren 002
|-damage|p2a: GetRektFren 002|0 fnt
|faint|p2a: GetRektFren 002
|
|
|switch|p2a: Raikou|Raikou|241\/321
|-damage|p2a: Raikou|201\/321|[from] Stealth Rock
|-ability|p2a: Raikou|Pressure
|turn|18
|
|move|p2a: Raikou|Volt Switch|p1a: Metagross
|-damage|p1a: Metagross|106\/301
|
|switch|p2a: MuchStandard|Landorus-Therian, M|78\/381
|-damage|p2a: MuchStandard|31\/381|[from] Stealth Rock
|-ability|p2a: MuchStandard|Intimidate|[of] p1a: Metagross
|-unboost|p1a: Metagross|atk|1
|move|p1a: Metagross|Earthquake|p2a: MuchStandard
|-immune|p2a: MuchStandard|[msg]
|
|-heal|p2a: MuchStandard|54\/381|[from] item: Leftovers
|turn|19
|-message|ingun forfeited.
|leave|ingun
|
|win|HUUURAAAAAx2
|raw|Ladder updating...
|player|p1
|raw|ingun's rating: 1325 &rarr; <strong>1303<\/strong><br \/>(-22 for losing)
|raw|HUUURAAAAAx2's rating: 1283 &rarr; <strong>1311<\/strong><br \/>(+28 for winning)