|join|toiletpkay
|join|Jon Bovi
|player|p1|toiletpkay|293
|player|p2|Jon Bovi|240
|gametype|singles
|gen|6
|tier|OU
|rated
|clearpoke
|poke|p1|Azumarill, F
|poke|p1|Victini
|poke|p1|Manectric, F
|poke|p1|Keldeo
|poke|p1|Scizor, M
|poke|p1|Landorus-Therian, M
|poke|p2|Donphan, M
|poke|p2|Venusaur, M
|poke|p2|Gengar, M
|poke|p2|Keldeo-Resolute
|poke|p2|Heatran, F
|poke|p2|Tornadus-Therian, M
|rule|Swagger Clause: Swagger is banned
|rule|Baton Pass Clause: Limit one PokÃ©mon knowing Baton Pass
|rule|Sleep Clause Mod: Limit one foe put to sleep
|rule|Species Clause: Limit one of each PokÃ©mon
|rule|OHKO Clause: OHKO moves are banned
|rule|Moody Clause: Moody is banned
|rule|Evasion Moves Clause: Evasion moves are banned
|rule|Endless Battle Clause: Forcing endless battles is banned
|rule|HP Percentage Mod: HP is reported as percentages
|teampreview
|chat|toiletpkay|still laddering with venusaur
|chat|toiletpkay|lol
|chat|Jon Bovi|Yes indeed
|
|start
|switch|p1a: Keldeo|Keldeo|323\/323
|switch|p2a: Heatran|Heatran, F|385\/385
|turn|1
|
|switch|p2a: Venusaur|Venusaur, M|363\/363
|move|p1a: Keldeo|Calm Mind|p1a: Keldeo
|-boost|p1a: Keldeo|spa|1
|-boost|p1a: Keldeo|spd|1
|
|turn|2
|
|detailschange|p2a: Venusaur|Venusaur-Mega, M
|message|Venusaur has Mega Evolved into Mega Venusaur!
|move|p1a: Keldeo|Scald|p2a: Venusaur
|-resisted|p2a: Venusaur
|-damage|p2a: Venusaur|267\/363
|move|p2a: Venusaur|Giga Drain|p1a: Keldeo
|-supereffective|p1a: Keldeo
|-damage|p1a: Keldeo|153\/323
|-heal|p2a: Venusaur|352\/363|[from] drain|[of] p1a: Keldeo
|
|turn|3
|chat|toiletpkay|wow that didnt do shit
|
|move|p1a: Keldeo|Calm Mind|p1a: Keldeo
|-boost|p1a: Keldeo|spa|1
|-boost|p1a: Keldeo|spd|1
|move|p2a: Venusaur|Giga Drain|p1a: Keldeo
|-supereffective|p1a: Keldeo
|-damage|p1a: Keldeo|21\/323
|-heal|p2a: Venusaur|363\/363|[from] drain|[of] p1a: Keldeo
|
|turn|4
|
|switch|p2a: Tornadus-Therian|Tornadus-Therian, M|332\/332
|move|p1a: Keldeo|Endeavor|p2a: Tornadus-Therian
|-damage|p2a: Tornadus-Therian|21\/332
|
|turn|5
|chat|toiletpkay|noooo
|chat|toiletpkay|NOOOOO
|chat|Jon Bovi|Haha
|
|switch|p1a: Scizor|Scizor, M|281\/281
|move|p2a: Tornadus-Therian|Knock Off|p1a: Scizor
|-damage|p1a: Scizor|221\/281
|-enditem|p1a: Scizor|Safety Goggles|[from] move: Knock Off|[of] p2a: Tornadus-Therian
|
|turn|6
|chat|Jon Bovi|wtf endeavour
|
|move|p1a: Scizor|Pursuit|p2a: Tornadus-Therian|[from]Pursuit
|-damage|p2a: Tornadus-Therian|0 fnt
|faint|p2a: Tornadus-Therian
|
|
|switch|p2a: Heatran|Heatran, F|385\/385
|turn|7
|
|switch|p1a: Keldeo|Keldeo|21\/323
|move|p2a: Heatran|Stealth Rock|p1a: Keldeo
|-sidestart|p1: toiletpkay|move: Stealth Rock
|
|turn|8
|
|switch|p2a: Gengar|Gengar, M|261\/261
|move|p1a: Keldeo|Scald|p2a: Gengar
|-damage|p2a: Gengar|69\/261
|-status|p2a: Gengar|brn
|
|-damage|p2a: Gengar|37\/261 brn|[from] brn
|turn|9
|
|switch|p1a: Scizor|Scizor, M|221\/281
|-damage|p1a: Scizor|186\/281|[from] Stealth Rock
|move|p2a: Gengar|Shadow Ball|p1a: Scizor
|-damage|p1a: Scizor|0 fnt
|-damage|p2a: Gengar|11\/261 brn|[from] item: Life Orb
|faint|p1a: Scizor
|
|-damage|p2a: Gengar|0 fnt|[from] brn
|faint|p2a: Gengar
|
|switch|p2a: Keldeo-Resolute|Keldeo-Resolute|322\/322
|switch|p1a: Keldeo|Keldeo|21\/323
|-damage|p1a: Keldeo|1\/323|[from] Stealth Rock
|turn|10
|
|move|p2a: Keldeo-Resolute|Scald|p1a: Keldeo
|-resisted|p1a: Keldeo
|-damage|p1a: Keldeo|0 fnt
|faint|p1a: Keldeo
|
|
|switch|p1a: Azumarill|Azumarill, F|342\/342
|-damage|p1a: Azumarill|300\/342|[from] Stealth Rock
|turn|11
|
|switch|p2a: Venusaur|Venusaur-Mega, M|363\/363
|switch|p1a: Victini|Victini|341\/341
|-damage|p1a: Victini|256\/341|[from] Stealth Rock
|
|turn|12
|
|switch|p2a: Heatran|Heatran, F|385\/385
|move|p1a: Victini|Bolt Strike|p2a: Heatran
|-crit|p2a: Heatran
|-damage|p2a: Heatran|199\/385
|-status|p2a: Heatran|par
|
|-heal|p2a: Heatran|223\/385 par|[from] item: Leftovers
|turn|13
|
|move|p1a: Victini|Bolt Strike|p2a: Heatran
|-damage|p2a: Heatran|88\/385 par
|move|p2a: Heatran|Toxic|p1a: Victini
|-status|p1a: Victini|tox
|
|-heal|p2a: Heatran|112\/385 par|[from] item: Leftovers
|-damage|p1a: Victini|235\/341 tox|[from] psn
|turn|14
|
|move|p1a: Victini|Blue Flare|p2a: Heatran
|-start|p2a: Heatran|ability: Flash Fire
|move|p2a: Heatran|Lava Plume|p1a: Victini
|-crit|p1a: Victini
|-resisted|p1a: Victini
|-damage|p1a: Victini|106\/341 tox
|
|-heal|p2a: Heatran|136\/385 par|[from] item: Leftovers
|-damage|p1a: Victini|64\/341 tox|[from] psn
|turn|15
|
|move|p1a: Victini|Bolt Strike|p2a: Heatran
|-damage|p2a: Heatran|0 fnt
|faint|p2a: Heatran
|
|-damage|p1a: Victini|1\/341 tox|[from] psn
|
|switch|p2a: Keldeo-Resolute|Keldeo-Resolute|322\/322
|turn|16
|
|move|p2a: Keldeo-Resolute|Scald|p1a: Victini
|-supereffective|p1a: Victini
|-damage|p1a: Victini|0 fnt
|faint|p1a: Victini
|
|
|switch|p1a: Azumarill|Azumarill, F|300\/342
|-damage|p1a: Azumarill|258\/342|[from] Stealth Rock
|turn|17
|
|switch|p2a: Venusaur|Venusaur-Mega, M|363\/363
|switch|p1a: Landorus-Therian|Landorus-Therian, M|350\/350
|-damage|p1a: Landorus-Therian|307\/350|[from] Stealth Rock
|-ability|p1a: Landorus-Therian|Intimidate|[of] p2a: Venusaur
|-unboost|p2a: Venusaur|atk|1
|
|-heal|p1a: Landorus-Therian|328\/350|[from] item: Leftovers
|turn|18
|chat|toiletpkay|this is why i hate venusaur
|chat|toiletpkay|its so cheap
|
|move|p1a: Landorus-Therian|Earthquake|p2a: Venusaur
|-damage|p2a: Venusaur|234\/363
|move|p2a: Venusaur|Giga Drain|p1a: Landorus-Therian
|-damage|p1a: Landorus-Therian|192\/350
|-heal|p2a: Venusaur|302\/363|[from] drain|[of] p1a: Landorus-Therian
|
|-heal|p1a: Landorus-Therian|213\/350|[from] item: Leftovers
|turn|19
|
|move|p1a: Landorus-Therian|Earthquake|p2a: Venusaur
|-damage|p2a: Venusaur|164\/363
|move|p2a: Venusaur|Giga Drain|p1a: Landorus-Therian
|-damage|p1a: Landorus-Therian|72\/350
|-heal|p2a: Venusaur|235\/363|[from] drain|[of] p1a: Landorus-Therian
|
|-heal|p1a: Landorus-Therian|93\/350|[from] item: Leftovers
|turn|20
|
|switch|p2a: Donphan|Donphan, M|384\/384
|move|p1a: Landorus-Therian|Earthquake|p2a: Donphan
|-damage|p2a: Donphan|218\/384
|
|-heal|p1a: Landorus-Therian|114\/350|[from] item: Leftovers
|-heal|p2a: Donphan|242\/384|[from] item: Leftovers
|turn|21
|
|move|p2a: Donphan|Ice Shard|p1a: Landorus-Therian
|-supereffective|p1a: Landorus-Therian
|-damage|p1a: Landorus-Therian|0 fnt
|faint|p1a: Landorus-Therian
|
|-heal|p2a: Donphan|266\/384|[from] item: Leftovers
|
|switch|p1a: Azumarill|Azumarill, F|258\/342
|-damage|p1a: Azumarill|216\/342|[from] Stealth Rock
|turn|22
|
|move|p1a: Azumarill|Belly Drum|p1a: Azumarill
|-damage|p1a: Azumarill|45\/342
|-setboost|p1a: Azumarill|atk|6|[from] move: Belly Drum
|-enditem|p1a: Azumarill|Sitrus Berry|[eat]
|-heal|p1a: Azumarill|130\/342|[from] item: Sitrus Berry
|move|p2a: Donphan|Earthquake|p1a: Azumarill
|-damage|p1a: Azumarill|0 fnt
|faint|p1a: Azumarill
|
|-heal|p2a: Donphan|290\/384|[from] item: Leftovers
|chat|Jon Bovi|Lol
|chat|Jon Bovi|gg
|chat|toiletpkay|no no gg
|chat|toiletpkay|venusaur = cheap
|chat|Jon Bovi|Just came back from cuba
|chat|Jon Bovi|forst game
|chat|Jon Bovi|and I win
|chat|Jon Bovi|boy u suck
|chat|toiletpkay|lmao u make no plays boy
|chat|toiletpkay|all u do is get scared
|chat|Jon Bovi|Lol
|chat|toiletpkay|switch out venusaur
|chat|toiletpkay|on any threat
|chat|toiletpkay|till theres only pokes
|chat|toiletpkay|it can sponge
|chat|toiletpkay|without it u suck and wont be on 1700+ lol
|-message|toiletpkay forfeited.
|
|win|Jon Bovi
|raw|Ladder updating...
|leave|toiletpkay
|player|p1
|raw|toiletpkay's rating: 1745 &rarr; <strong>1726<\/strong><br \/>(-19 for losing)
|raw|Jon Bovi's rating: 1759 &rarr; <strong>1778<\/strong><br \/>(+19 for winning)
|leave|Jon Bovi
|player|p2
|join|Jon Bovi