|join|clandestinoo
|join|Jon Bovi
|player|p1|clandestinoo|151
|player|p2|Jon Bovi|240
|gametype|singles
|gen|6
|tier|OU
|rated
|clearpoke
|poke|p1|Chansey, F
|poke|p1|Jirachi
|poke|p1|Landorus-Therian, M
|poke|p1|Keldeo
|poke|p1|Venusaur, M
|poke|p1|Skarmory, F
|poke|p2|Azumarill, M
|poke|p2|Donphan, M
|poke|p2|Venusaur, M
|poke|p2|Skarmory, M
|poke|p2|Dragonite, M
|poke|p2|Houndoom, F
|rule|Swagger Clause: Swagger is banned
|rule|Baton Pass Clause: Limit one PokÃ©mon knowing Baton Pass
|rule|Sleep Clause Mod: Limit one foe put to sleep
|rule|Species Clause: Limit one of each PokÃ©mon
|rule|OHKO Clause: OHKO moves are banned
|rule|Moody Clause: Moody is banned
|rule|Evasion Moves Clause: Evasion moves are banned
|rule|Endless Battle Clause: Forcing endless battles is banned
|rule|HP Percentage Mod: HP is shown in percentages
|teampreview
|
|start
|switch|p1a: Landorus-Therian|Landorus-Therian, M|382\/382
|switch|p2a: Skarmory|Skarmory, M|334\/334
|-ability|p1a: Landorus-Therian|Intimidate|[of] p2a: Skarmory
|-unboost|p2a: Skarmory|atk|1
|turn|1
|
|move|p1a: Landorus-Therian|Knock Off|p2a: Skarmory
|-damage|p2a: Skarmory|261\/334
|-enditem|p2a: Skarmory|Leftovers|[from] move: Knock Off|[of] p1a: Landorus-Therian
|move|p2a: Skarmory|Stealth Rock|p1a: Landorus-Therian
|-sidestart|p1: clandestinoo|move: Stealth Rock
|
|turn|2
|
|move|p1a: Landorus-Therian|Stone Edge|p2a: Skarmory
|-damage|p2a: Skarmory|193\/334
|move|p2a: Skarmory|Roost|p2a: Skarmory
|-heal|p2a: Skarmory|334\/334
|
|turn|3
|
|move|p1a: Landorus-Therian|Stone Edge|p2a: Skarmory
|-crit|p2a: Skarmory
|-damage|p2a: Skarmory|230\/334
|move|p2a: Skarmory|Whirlwind|p1a: Landorus-Therian
|drag|p1a: Chansey|Chansey, F|642\/642
|-damage|p1a: Chansey|562\/642|[from] Stealth Rock
|
|turn|4
|
|switch|p2a: Pivin on a Lrayer|Donphan, M|384\/384
|switch|p1a: Jirachi|Jirachi|404\/404
|-damage|p1a: Jirachi|379\/404|[from] Stealth Rock
|
|-heal|p1a: Jirachi|404\/404|[from] item: Leftovers
|turn|5
|
|switch|p1a: Venusaur|Venusaur, M|364\/364
|-damage|p1a: Venusaur|319\/364|[from] Stealth Rock
|move|p2a: Pivin on a Lrayer|Earthquake|p1a: Venusaur
|-damage|p1a: Venusaur|160\/364
|
|turn|6
|
|switch|p2a: Red of Boses|Venusaur, M|363\/363
|detailschange|p1a: Venusaur|Venusaur-Mega, M
|message|Venusaur has Mega Evolved into Mega Venusaur!
|move|p1a: Venusaur|Synthesis|p1a: Venusaur
|-heal|p1a: Venusaur|342\/364
|
|turn|7
|
|detailschange|p2a: Red of Boses|Venusaur-Mega, M
|message|Venusaur has Mega Evolved into Mega Venusaur!
|move|p1a: Venusaur|Sludge Bomb|p2a: Red of Boses
|-damage|p2a: Red of Boses|248\/363
|move|p2a: Red of Boses|Leech Seed|p1a: Venusaur
|-immune|p1a: Venusaur|[msg]
|
|turn|8
|
|switch|p1a: Jirachi|Jirachi|404\/404
|-damage|p1a: Jirachi|379\/404|[from] Stealth Rock
|move|p2a: Red of Boses|Synthesis|p2a: Red of Boses
|-heal|p2a: Red of Boses|363\/363
|
|-heal|p1a: Jirachi|404\/404|[from] item: Leftovers
|turn|9
|
|switch|p2a: Pivin on a Lrayer|Donphan, M|384\/384
|move|p1a: Jirachi|Stealth Rock|p2a: Pivin on a Lrayer
|-sidestart|p2: Jon Bovi|move: Stealth Rock
|
|turn|10
|
|switch|p1a: Skarmory|Skarmory, F|334\/334
|-damage|p1a: Skarmory|293\/334|[from] Stealth Rock
|move|p2a: Pivin on a Lrayer|Rapid Spin|p1a: Skarmory
|-resisted|p1a: Skarmory
|-damage|p1a: Skarmory|286\/334
|-damage|p2a: Pivin on a Lrayer|320\/384|[from] item: Rocky Helmet|[of] p1a: Skarmory
|-sideend|p2: Jon Bovi|Stealth Rock|[from] move: Rapid Spin|[of] p2a: Pivin on a Lrayer
|
|-heal|p2a: Pivin on a Lrayer|344\/384|[from] item: Leftovers
|turn|11
|
|switch|p2a: Houndoom|Houndoom, F|291\/291
|move|p1a: Skarmory|Spikes|p2a: Houndoom
|-sidestart|p2: Jon Bovi|Spikes
|
|turn|12
|
|switch|p2a: Pivin on a Lrayer|Donphan, M|344\/384
|-damage|p2a: Pivin on a Lrayer|296\/384|[from] Spikes
|switch|p1a: Chansey|Chansey, F|562\/642
|-damage|p1a: Chansey|482\/642|[from] Stealth Rock
|
|-heal|p2a: Pivin on a Lrayer|320\/384|[from] item: Leftovers
|turn|13
|
|move|p2a: Pivin on a Lrayer|Rapid Spin|p1a: Chansey
|-crit|p1a: Chansey
|-damage|p1a: Chansey|431\/642
|-sideend|p2: Jon Bovi|Spikes|[from] move: Rapid Spin|[of] p2a: Pivin on a Lrayer
|move|p1a: Chansey|Toxic|p2a: Pivin on a Lrayer|[miss]
|-miss|p1a: Chansey|p2a: Pivin on a Lrayer
|
|-heal|p2a: Pivin on a Lrayer|344\/384|[from] item: Leftovers
|turn|14
|
|move|p2a: Pivin on a Lrayer|Earthquake|p1a: Chansey
|-damage|p1a: Chansey|175\/642
|move|p1a: Chansey|Toxic|p2a: Pivin on a Lrayer
|-status|p2a: Pivin on a Lrayer|tox
|
|-heal|p2a: Pivin on a Lrayer|368\/384 tox|[from] item: Leftovers
|-damage|p2a: Pivin on a Lrayer|344\/384 tox|[from] psn
|turn|15
|
|switch|p2a: Houndoom|Houndoom, F|291\/291
|switch|p1a: Landorus-Therian|Landorus-Therian, M|382\/382
|-damage|p1a: Landorus-Therian|335\/382|[from] Stealth Rock
|-ability|p1a: Landorus-Therian|Intimidate|[of] p2a: Houndoom
|-unboost|p2a: Houndoom|atk|1
|
|-heal|p1a: Landorus-Therian|358\/382|[from] item: Leftovers
|turn|16
|
|switch|p2a: Pivin on a Lrayer|Donphan, M|344\/384 tox
|move|p1a: Landorus-Therian|U-turn|p2a: Pivin on a Lrayer
|-damage|p2a: Pivin on a Lrayer|280\/384 tox
|
|switch|p1a: Keldeo|Keldeo|323\/323
|-damage|p1a: Keldeo|303\/323|[from] Stealth Rock
|
|-heal|p1a: Keldeo|323\/323|[from] item: Leftovers
|-heal|p2a: Pivin on a Lrayer|304\/384 tox|[from] item: Leftovers
|-damage|p2a: Pivin on a Lrayer|280\/384 tox|[from] psn
|turn|17
|
|switch|p2a: Azumarill|Azumarill, M|401\/401
|move|p1a: Keldeo|Scald|p2a: Azumarill
|-resisted|p2a: Azumarill
|-damage|p2a: Azumarill|350\/401
|
|turn|18
|
|switch|p1a: Venusaur|Venusaur-Mega, M|342\/364
|-damage|p1a: Venusaur|297\/364|[from] Stealth Rock
|move|p2a: Azumarill|Knock Off|p1a: Venusaur
|-damage|p1a: Venusaur|240\/364
|
|turn|19
|
|switch|p2a: Skarmory|Skarmory, M|230\/334
|move|p1a: Venusaur|Sludge Bomb|p2a: Skarmory
|-immune|p2a: Skarmory|[msg]
|
|turn|20
|
|move|p1a: Venusaur|Hidden Power|p2a: Skarmory
|-supereffective|p2a: Skarmory
|-damage|p2a: Skarmory|124\/334
|move|p2a: Skarmory|Roost|p2a: Skarmory
|-heal|p2a: Skarmory|291\/334
|
|turn|21
|
|move|p1a: Venusaur|Synthesis|p1a: Venusaur
|-heal|p1a: Venusaur|364\/364
|move|p2a: Skarmory|Brave Bird|p1a: Venusaur
|-supereffective|p1a: Venusaur
|-damage|p1a: Venusaur|220\/364
|-damage|p2a: Skarmory|243\/334|[from] recoil|[of] p1a: Venusaur
|
|turn|22
|
|switch|p2a: Houndoom|Houndoom, F|291\/291
|move|p1a: Venusaur|Hidden Power|p2a: Houndoom
|-start|p2a: Houndoom|ability: Flash Fire
|
|turn|23
|
|switch|p1a: Keldeo|Keldeo|323\/323
|-damage|p1a: Keldeo|303\/323|[from] Stealth Rock
|move|p2a: Houndoom|Fire Blast|p1a: Keldeo|[miss]
|-miss|p2a: Houndoom|p1a: Keldeo
|
|-heal|p1a: Keldeo|323\/323|[from] item: Leftovers
|turn|24
|
|switch|p2a: Azumarill|Azumarill, M|350\/401
|move|p1a: Keldeo|Scald|p2a: Azumarill
|-resisted|p2a: Azumarill
|-damage|p2a: Azumarill|299\/401
|
|turn|25
|
|switch|p2a: Dragonite|Dragonite, M|323\/323
|move|p1a: Keldeo|Scald|p2a: Dragonite
|-resisted|p2a: Dragonite
|-damage|p2a: Dragonite|291\/323
|
|turn|26
|
|switch|p1a: Landorus-Therian|Landorus-Therian, M|358\/382
|-damage|p1a: Landorus-Therian|311\/382|[from] Stealth Rock
|-ability|p1a: Landorus-Therian|Intimidate|[of] p2a: Dragonite
|-unboost|p2a: Dragonite|atk|1
|switch|p2a: Azumarill|Azumarill, M|299\/401
|
|-heal|p1a: Landorus-Therian|334\/382|[from] item: Leftovers
|turn|27
|
|move|p1a: Landorus-Therian|U-turn|p2a: Azumarill
|-resisted|p2a: Azumarill
|-damage|p2a: Azumarill|256\/401
|
|switch|p1a: Venusaur|Venusaur-Mega, M|220\/364
|-damage|p1a: Venusaur|175\/364|[from] Stealth Rock
|move|p2a: Azumarill|Waterfall|p1a: Venusaur
|-resisted|p1a: Venusaur
|-damage|p1a: Venusaur|121\/364
|
|turn|28
|
|switch|p2a: Skarmory|Skarmory, M|243\/334
|move|p1a: Venusaur|Synthesis|p1a: Venusaur
|-heal|p1a: Venusaur|303\/364
|
|turn|29
|
|move|p1a: Venusaur|Hidden Power|p2a: Skarmory
|-supereffective|p2a: Skarmory
|-damage|p2a: Skarmory|125\/334
|move|p2a: Skarmory|Roost|p2a: Skarmory
|-heal|p2a: Skarmory|292\/334
|
|turn|30
|
|move|p1a: Venusaur|Hidden Power|p2a: Skarmory
|-supereffective|p2a: Skarmory
|-damage|p2a: Skarmory|176\/334
|move|p2a: Skarmory|Brave Bird|p1a: Venusaur
|-supereffective|p1a: Venusaur
|-damage|p1a: Venusaur|165\/364
|-damage|p2a: Skarmory|130\/334|[from] recoil|[of] p1a: Venusaur
|
|turn|31
|
|move|p1a: Venusaur|Synthesis|p1a: Venusaur
|-heal|p1a: Venusaur|347\/364
|move|p2a: Skarmory|Roost|p2a: Skarmory
|-heal|p2a: Skarmory|297\/334
|
|turn|32
|
|switch|p1a: Jirachi|Jirachi|404\/404
|-damage|p1a: Jirachi|379\/404|[from] Stealth Rock
|move|p2a: Skarmory|Whirlwind|p1a: Jirachi
|drag|p1a: Landorus-Therian|Landorus-Therian, M|334\/382
|-damage|p1a: Landorus-Therian|287\/382|[from] Stealth Rock
|-ability|p1a: Landorus-Therian|Intimidate|[of] p2a: Skarmory
|-unboost|p2a: Skarmory|atk|1
|
|-heal|p1a: Landorus-Therian|310\/382|[from] item: Leftovers
|turn|33
|
|move|p1a: Landorus-Therian|Stone Edge|p2a: Skarmory
|-crit|p2a: Skarmory
|-damage|p2a: Skarmory|181\/334
|move|p2a: Skarmory|Whirlwind|p1a: Landorus-Therian
|drag|p1a: Jirachi|Jirachi|379\/404
|-damage|p1a: Jirachi|354\/404|[from] Stealth Rock
|
|-heal|p1a: Jirachi|379\/404|[from] item: Leftovers
|turn|34
|
|switch|p2a: Pivin on a Lrayer|Donphan, M|280\/384 tox
|move|p1a: Jirachi|Stealth Rock|p2a: Pivin on a Lrayer
|-sidestart|p2: Jon Bovi|move: Stealth Rock
|
|-heal|p1a: Jirachi|404\/404|[from] item: Leftovers
|-heal|p2a: Pivin on a Lrayer|304\/384 tox|[from] item: Leftovers
|-damage|p2a: Pivin on a Lrayer|280\/384 tox|[from] psn
|turn|35
|
|move|p1a: Jirachi|Protect|p1a: Jirachi
|-singleturn|p1a: Jirachi|Protect
|move|p2a: Pivin on a Lrayer|Rapid Spin|p1a: Jirachi
|-activate|p1a: Jirachi|Protect
|
|-heal|p2a: Pivin on a Lrayer|304\/384 tox|[from] item: Leftovers
|-damage|p2a: Pivin on a Lrayer|256\/384 tox|[from] psn
|turn|36
|
|move|p1a: Jirachi|Iron Head|p2a: Pivin on a Lrayer
|-damage|p2a: Pivin on a Lrayer|172\/384 tox
|cant|p2a: Pivin on a Lrayer|flinch
|
|-heal|p2a: Pivin on a Lrayer|196\/384 tox|[from] item: Leftovers
|-damage|p2a: Pivin on a Lrayer|124\/384 tox|[from] psn
|turn|37
|
|switch|p2a: Skarmory|Skarmory, M|181\/334
|-damage|p2a: Skarmory|140\/334|[from] Stealth Rock
|move|p1a: Jirachi|Protect|p1a: Jirachi
|-fail|p1a: Jirachi
|
|turn|38
|
|move|p1a: Jirachi|Wish|p1a: Jirachi
|move|p2a: Skarmory|Roost|p2a: Skarmory
|-heal|p2a: Skarmory|307\/334
|
|turn|39
|
|move|p1a: Jirachi|Stealth Rock|p2a: Skarmory
|-fail|p2a: Skarmory
|move|p2a: Skarmory|Whirlwind|p1a: Jirachi
|drag|p1a: Keldeo|Keldeo|323\/323
|-damage|p1a: Keldeo|303\/323|[from] Stealth Rock
|
|-heal|p1a: Keldeo|323\/323|[from] move: Wish|[wisher] Jirachi
|turn|40
|
|switch|p2a: Red of Boses|Venusaur-Mega, M|363\/363
|-damage|p2a: Red of Boses|318\/363|[from] Stealth Rock
|move|p1a: Keldeo|Scald|p2a: Red of Boses
|-resisted|p2a: Red of Boses
|-damage|p2a: Red of Boses|253\/363
|
|turn|41
|
|switch|p1a: Jirachi|Jirachi|404\/404
|-damage|p1a: Jirachi|379\/404|[from] Stealth Rock
|move|p2a: Red of Boses|Leech Seed|p1a: Jirachi
|-start|p1a: Jirachi|move: Leech Seed
|
|-heal|p1a: Jirachi|404\/404|[from] item: Leftovers
|-damage|p1a: Jirachi|354\/404|[from] Leech Seed|[of] p2a: Red of Boses
|-heal|p2a: Red of Boses|303\/363|[silent]
|turn|42
|
|switch|p1a: Landorus-Therian|Landorus-Therian, M|310\/382
|-damage|p1a: Landorus-Therian|263\/382|[from] Stealth Rock
|-ability|p1a: Landorus-Therian|Intimidate|[of] p2a: Red of Boses
|-unboost|p2a: Red of Boses|atk|1
|move|p2a: Red of Boses|Giga Drain|p1a: Landorus-Therian
|-damage|p1a: Landorus-Therian|128\/382
|-heal|p2a: Red of Boses|363\/363|[from] drain|[of] p1a: Landorus-Therian
|
|-heal|p1a: Landorus-Therian|151\/382|[from] item: Leftovers
|turn|43
|
|move|p1a: Landorus-Therian|Earthquake|p2a: Red of Boses
|-damage|p2a: Red of Boses|255\/363
|move|p2a: Red of Boses|Giga Drain|p1a: Landorus-Therian
|-damage|p1a: Landorus-Therian|13\/382
|-heal|p2a: Red of Boses|324\/363|[from] drain|[of] p1a: Landorus-Therian
|
|-heal|p1a: Landorus-Therian|36\/382|[from] item: Leftovers
|turn|44
|
|move|p1a: Landorus-Therian|Earthquake|p2a: Red of Boses
|-damage|p2a: Red of Boses|227\/363
|move|p2a: Red of Boses|Synthesis|p2a: Red of Boses
|-heal|p2a: Red of Boses|363\/363
|
|-heal|p1a: Landorus-Therian|59\/382|[from] item: Leftovers
|turn|45
|
|move|p1a: Landorus-Therian|U-turn|p2a: Red of Boses
|-damage|p2a: Red of Boses|315\/363
|
|switch|p1a: Venusaur|Venusaur-Mega, M|347\/364
|-damage|p1a: Venusaur|302\/364|[from] Stealth Rock
|move|p2a: Red of Boses|Giga Drain|p1a: Venusaur
|-resisted|p1a: Venusaur
|-damage|p1a: Venusaur|281\/364
|-heal|p2a: Red of Boses|326\/363|[from] drain|[of] p1a: Venusaur
|
|turn|46
|
|switch|p1a: Skarmory|Skarmory, F|286\/334
|-damage|p1a: Skarmory|245\/334|[from] Stealth Rock
|move|p2a: Red of Boses|Sludge Bomb|p1a: Skarmory
|-immune|p1a: Skarmory|[msg]
|
|turn|47
|
|move|p2a: Red of Boses|Leech Seed|p1a: Skarmory
|-start|p1a: Skarmory|move: Leech Seed
|move|p1a: Skarmory|Spikes|p2a: Red of Boses
|-sidestart|p2: Jon Bovi|Spikes
|
|-damage|p1a: Skarmory|204\/334|[from] Leech Seed|[of] p2a: Red of Boses
|-heal|p2a: Red of Boses|363\/363|[silent]
|turn|48
|
|switch|p2a: Pivin on a Lrayer|Donphan, M|124\/384 tox
|-damage|p2a: Pivin on a Lrayer|100\/384 tox|[from] Stealth Rock
|-damage|p2a: Pivin on a Lrayer|52\/384 tox|[from] Spikes
|switch|p1a: Jirachi|Jirachi|354\/404
|-damage|p1a: Jirachi|329\/404|[from] Stealth Rock
|
|-heal|p1a: Jirachi|354\/404|[from] item: Leftovers
|-heal|p2a: Pivin on a Lrayer|76\/384 tox|[from] item: Leftovers
|-damage|p2a: Pivin on a Lrayer|52\/384 tox|[from] psn
|turn|49
|
|move|p1a: Jirachi|Iron Head|p2a: Pivin on a Lrayer
|-crit|p2a: Pivin on a Lrayer
|-damage|p2a: Pivin on a Lrayer|0 fnt
|faint|p2a: Pivin on a Lrayer
|
|-heal|p1a: Jirachi|379\/404|[from] item: Leftovers
|
|switch|p2a: Houndoom|Houndoom, F|291\/291
|-damage|p2a: Houndoom|255\/291|[from] Spikes
|-damage|p2a: Houndoom|183\/291|[from] Stealth Rock
|turn|50
|
|switch|p1a: Landorus-Therian|Landorus-Therian, M|59\/382
|-damage|p1a: Landorus-Therian|12\/382|[from] Stealth Rock
|-ability|p1a: Landorus-Therian|Intimidate|[of] p2a: Houndoom
|-unboost|p2a: Houndoom|atk|1
|move|p2a: Houndoom|Fire Blast|p1a: Landorus-Therian
|-damage|p1a: Landorus-Therian|0 fnt
|-damage|p2a: Houndoom|154\/291|[from] item: Life Orb
|faint|p1a: Landorus-Therian
|
|
|switch|p1a: Keldeo|Keldeo|323\/323
|-damage|p1a: Keldeo|303\/323|[from] Stealth Rock
|turn|51
|
|switch|p2a: Red of Boses|Venusaur-Mega, M|363\/363
|-damage|p2a: Red of Boses|318\/363|[from] Spikes
|-damage|p2a: Red of Boses|273\/363|[from] Stealth Rock
|move|p1a: Keldeo|Scald|p2a: Red of Boses
|-resisted|p2a: Red of Boses
|-damage|p2a: Red of Boses|208\/363
|
|-heal|p1a: Keldeo|323\/323|[from] item: Leftovers
|turn|52
|
|move|p1a: Keldeo|Scald|p2a: Red of Boses
|-resisted|p2a: Red of Boses
|-damage|p2a: Red of Boses|152\/363
|move|p2a: Red of Boses|Synthesis|p2a: Red of Boses
|-heal|p2a: Red of Boses|333\/363
|
|turn|53
|
|switch|p1a: Jirachi|Jirachi|379\/404
|-damage|p1a: Jirachi|354\/404|[from] Stealth Rock
|move|p2a: Red of Boses|Giga Drain|p1a: Jirachi
|-resisted|p1a: Jirachi
|-damage|p1a: Jirachi|312\/404
|-heal|p2a: Red of Boses|354\/363|[from] drain|[of] p1a: Jirachi
|
|-heal|p1a: Jirachi|337\/404|[from] item: Leftovers
|turn|54
|
|move|p1a: Jirachi|Iron Head|p2a: Red of Boses
|-damage|p2a: Red of Boses|291\/363
|cant|p2a: Red of Boses|flinch
|
|-heal|p1a: Jirachi|362\/404|[from] item: Leftovers
|turn|55
|
|move|p1a: Jirachi|Iron Head|p2a: Red of Boses
|-damage|p2a: Red of Boses|231\/363
|cant|p2a: Red of Boses|flinch
|
|-heal|p1a: Jirachi|387\/404|[from] item: Leftovers
|turn|56
|
|move|p1a: Jirachi|Iron Head|p2a: Red of Boses
|-damage|p2a: Red of Boses|165\/363
|move|p2a: Red of Boses|Leech Seed|p1a: Jirachi|[miss]
|-miss|p2a: Red of Boses|p1a: Jirachi
|
|-heal|p1a: Jirachi|404\/404|[from] item: Leftovers
|turn|57
|
|move|p1a: Jirachi|Iron Head|p2a: Red of Boses
|-damage|p2a: Red of Boses|108\/363
|move|p2a: Red of Boses|Synthesis|p2a: Red of Boses
|-heal|p2a: Red of Boses|289\/363
|
|turn|58
|
|move|p1a: Jirachi|Iron Head|p2a: Red of Boses
|-damage|p2a: Red of Boses|222\/363
|move|p2a: Red of Boses|Leech Seed|p1a: Jirachi|[miss]
|-miss|p2a: Red of Boses|p1a: Jirachi
|
|turn|59
|c|âJon Bovi|Nice hax
|
|move|p1a: Jirachi|Iron Head|p2a: Red of Boses
|-damage|p2a: Red of Boses|156\/363
|cant|p2a: Red of Boses|flinch
|
|turn|60
|
|move|p1a: Jirachi|Iron Head|p2a: Red of Boses
|-damage|p2a: Red of Boses|96\/363
|move|p2a: Red of Boses|Synthesis|p2a: Red of Boses
|-heal|p2a: Red of Boses|277\/363
|
|turn|61
|
|move|p1a: Jirachi|Iron Head|p2a: Red of Boses
|-damage|p2a: Red of Boses|211\/363
|move|p2a: Red of Boses|Leech Seed|p1a: Jirachi
|-start|p1a: Jirachi|move: Leech Seed
|
|-damage|p1a: Jirachi|354\/404|[from] Leech Seed|[of] p2a: Red of Boses
|-heal|p2a: Red of Boses|261\/363|[silent]
|turn|62
|
|move|p1a: Jirachi|Wish|p1a: Jirachi
|move|p2a: Red of Boses|Leech Seed|p1a: Jirachi
|-fail|p1a: Jirachi
|
|-heal|p1a: Jirachi|379\/404|[from] item: Leftovers
|-damage|p1a: Jirachi|329\/404|[from] Leech Seed|[of] p2a: Red of Boses
|-heal|p2a: Red of Boses|311\/363|[silent]
|turn|63
|
|switch|p1a: Skarmory|Skarmory, F|204\/334
|-damage|p1a: Skarmory|163\/334|[from] Stealth Rock
|move|p2a: Red of Boses|Giga Drain|p1a: Skarmory
|-resisted|p1a: Skarmory
|-damage|p1a: Skarmory|124\/334
|-heal|p2a: Red of Boses|331\/363|[from] drain|[of] p1a: Skarmory
|
|-heal|p1a: Skarmory|326\/334|[from] move: Wish|[wisher] Jirachi
|turn|64
|
|move|p2a: Red of Boses|Leech Seed|p1a: Skarmory
|-start|p1a: Skarmory|move: Leech Seed
|move|p1a: Skarmory|Spikes|p2a: Red of Boses
|-sidestart|p2: Jon Bovi|Spikes
|
|-damage|p1a: Skarmory|285\/334|[from] Leech Seed|[of] p2a: Red of Boses
|-heal|p2a: Red of Boses|363\/363|[silent]
|turn|65
|
|switch|p2a: Dragonite|Dragonite, M|291\/323
|-damage|p2a: Dragonite|211\/323|[from] Stealth Rock
|move|p1a: Skarmory|Spikes|p2a: Dragonite
|-sidestart|p2: Jon Bovi|Spikes
|
|-damage|p1a: Skarmory|244\/334|[from] Leech Seed|[of] p2a: Dragonite
|-heal|p2a: Dragonite|252\/323|[silent]
|turn|66
|
|switch|p1a: Chansey|Chansey, F|175\/642
|-damage|p1a: Chansey|95\/642|[from] Stealth Rock
|move|p2a: Dragonite|Dragon Dance|p2a: Dragonite
|-boost|p2a: Dragonite|atk|1
|-boost|p2a: Dragonite|spe|1
|
|turn|67
|
|move|p2a: Dragonite|Dragon Dance|p2a: Dragonite
|-boost|p2a: Dragonite|atk|1
|-boost|p2a: Dragonite|spe|1
|move|p1a: Chansey|Toxic|p2a: Dragonite
|-status|p2a: Dragonite|tox
|-enditem|p2a: Dragonite|Lum Berry|[eat]
|-curestatus|p2a: Dragonite|tox
|
|turn|68
|
|move|p2a: Dragonite|Extreme Speed|p1a: Chansey
|-damage|p1a: Chansey|0 fnt
|faint|p1a: Chansey
|
|join|casavacia
|
|switch|p1a: Venusaur|Venusaur-Mega, M|281\/364
|-damage|p1a: Venusaur|236\/364|[from] Stealth Rock
|turn|69
|
|move|p2a: Dragonite|Outrage|p1a: Venusaur
|-damage|p1a: Venusaur|0 fnt
|faint|p1a: Venusaur
|
|
|switch|p1a: Skarmory|Skarmory, F|244\/334
|-damage|p1a: Skarmory|203\/334|[from] Stealth Rock
|turn|70
|
|move|p2a: Dragonite|Outrage|p1a: Skarmory
|-resisted|p1a: Skarmory
|-damage|p1a: Skarmory|65\/334
|-damage|p2a: Dragonite|199\/323|[from] item: Rocky Helmet|[of] p1a: Skarmory
|move|p1a: Skarmory|Roost|p1a: Skarmory
|-heal|p1a: Skarmory|232\/334
|
|turn|71
|
|move|p2a: Dragonite|Outrage|p1a: Skarmory
|-resisted|p1a: Skarmory
|-damage|p1a: Skarmory|97\/334
|-damage|p2a: Dragonite|146\/323|[from] item: Rocky Helmet|[of] p1a: Skarmory
|move|p1a: Skarmory|Roost|p1a: Skarmory
|-heal|p1a: Skarmory|264\/334
|
|-end|p2a: Dragonite|rampage
|-start|p2a: Dragonite|confusion
|turn|72
|
|-activate|p2a: Dragonite|confusion
|move|p2a: Dragonite|Dragon Dance|p2a: Dragonite
|-boost|p2a: Dragonite|atk|1
|-boost|p2a: Dragonite|spe|1
|move|p1a: Skarmory|Brave Bird|p2a: Dragonite
|-damage|p2a: Dragonite|32\/323
|-damage|p1a: Skarmory|226\/334|[from] recoil|[of] p2a: Dragonite
|
|turn|73
|
|-activate|p2a: Dragonite|confusion
|move|p2a: Dragonite|Outrage|p1a: Skarmory
|-resisted|p1a: Skarmory
|-damage|p1a: Skarmory|61\/334
|-damage|p2a: Dragonite|0 fnt|[from] item: Rocky Helmet|[of] p1a: Skarmory
|faint|p2a: Dragonite
|move|p1a: Skarmory|Roost|p1a: Skarmory
|-heal|p1a: Skarmory|228\/334
|
|
|switch|p2a: Houndoom|Houndoom, F|154\/291
|-damage|p2a: Houndoom|82\/291|[from] Spikes
|-damage|p2a: Houndoom|10\/291|[from] Stealth Rock
|turn|74
|
|switch|p1a: Keldeo|Keldeo|323\/323
|-damage|p1a: Keldeo|303\/323|[from] Stealth Rock
|move|p2a: Houndoom|Fire Blast|p1a: Keldeo
|-resisted|p1a: Keldeo
|-damage|p1a: Keldeo|187\/323
|-damage|p2a: Houndoom|0 fnt|[from] item: Life Orb
|faint|p2a: Houndoom
|
|-heal|p1a: Keldeo|207\/323|[from] item: Leftovers
|
|switch|p2a: Red of Boses|Venusaur-Mega, M|363\/363
|-damage|p2a: Red of Boses|318\/363|[from] Stealth Rock
|-damage|p2a: Red of Boses|228\/363|[from] Spikes
|turn|75
|
|move|p1a: Keldeo|Hidden Power|p2a: Red of Boses
|-supereffective|p2a: Red of Boses
|-damage|p2a: Red of Boses|108\/363
|move|p2a: Red of Boses|Giga Drain|p1a: Keldeo
|-supereffective|p1a: Keldeo
|-damage|p1a: Keldeo|0 fnt
|-heal|p2a: Red of Boses|212\/363|[from] drain|[of] p1a: Keldeo
|faint|p1a: Keldeo
|
|
|switch|p1a: Jirachi|Jirachi|329\/404
|-damage|p1a: Jirachi|304\/404|[from] Stealth Rock
|turn|76
|
|move|p1a: Jirachi|Iron Head|p2a: Red of Boses
|-damage|p2a: Red of Boses|149\/363
|cant|p2a: Red of Boses|flinch
|
|-heal|p1a: Jirachi|329\/404|[from] item: Leftovers
|turn|77
|
|move|p1a: Jirachi|Iron Head|p2a: Red of Boses
|-damage|p2a: Red of Boses|86\/363
|move|p2a: Red of Boses|Synthesis|p2a: Red of Boses
|-heal|p2a: Red of Boses|267\/363
|
|-heal|p1a: Jirachi|354\/404|[from] item: Leftovers
|turn|78
|
|move|p1a: Jirachi|Iron Head|p2a: Red of Boses
|-damage|p2a: Red of Boses|204\/363
|move|p2a: Red of Boses|Leech Seed|p1a: Jirachi|[miss]
|-miss|p2a: Red of Boses|p1a: Jirachi
|
|-heal|p1a: Jirachi|379\/404|[from] item: Leftovers
|turn|79
|
|move|p1a: Jirachi|Iron Head|p2a: Red of Boses
|-damage|p2a: Red of Boses|143\/363
|move|p2a: Red of Boses|Leech Seed|p1a: Jirachi
|-start|p1a: Jirachi|move: Leech Seed
|
|-heal|p1a: Jirachi|404\/404|[from] item: Leftovers
|-damage|p1a: Jirachi|354\/404|[from] Leech Seed|[of] p2a: Red of Boses
|-heal|p2a: Red of Boses|193\/363|[silent]
|turn|80
|
|switch|p1a: Skarmory|Skarmory, F|228\/334
|-damage|p1a: Skarmory|187\/334|[from] Stealth Rock
|move|p2a: Red of Boses|Giga Drain|p1a: Skarmory
|-resisted|p1a: Skarmory
|-damage|p1a: Skarmory|152\/334
|-heal|p2a: Red of Boses|211\/363|[from] drain|[of] p1a: Skarmory
|
|turn|81
|
|move|p2a: Red of Boses|Leech Seed|p1a: Skarmory
|-start|p1a: Skarmory|move: Leech Seed
|move|p1a: Skarmory|Brave Bird|p2a: Red of Boses
|-crit|p2a: Red of Boses
|-supereffective|p2a: Red of Boses
|-damage|p2a: Red of Boses|0 fnt
|-damage|p1a: Skarmory|82\/334|[from] recoil|[of] p2a: Red of Boses
|faint|p2a: Red of Boses
|
|c|âJon Bovi|Lmfao
|c|âJon Bovi|i could of won
|c|âJon Bovi|stupid hax
|
|switch|p2a: Azumarill|Azumarill, M|256\/401
|-damage|p2a: Azumarill|206\/401|[from] Stealth Rock
|-damage|p2a: Azumarill|106\/401|[from] Spikes
|turn|82
|join|Dean26
|
|switch|p1a: Jirachi|Jirachi|354\/404
|-damage|p1a: Jirachi|329\/404|[from] Stealth Rock
|move|p2a: Azumarill|Knock Off|p1a: Jirachi
|-supereffective|p1a: Jirachi
|-damage|p1a: Jirachi|45\/404
|-enditem|p1a: Jirachi|Leftovers|[from] move: Knock Off|[of] p2a: Azumarill
|
|turn|83
|
|move|p2a: Azumarill|Aqua Jet|p1a: Jirachi
|-damage|p1a: Jirachi|0 fnt
|faint|p1a: Jirachi
|
|
|switch|p1a: Skarmory|Skarmory, F|82\/334
|-damage|p1a: Skarmory|41\/334|[from] Stealth Rock
|turn|84
|
|move|p1a: Skarmory|Roost|p1a: Skarmory
|-heal|p1a: Skarmory|208\/334
|move|p2a: Azumarill|Knock Off|p1a: Skarmory
|-damage|p1a: Skarmory|126\/334
|-damage|p2a: Azumarill|40\/401|[from] item: Rocky Helmet|[of] p1a: Skarmory
|-enditem|p1a: Skarmory|Rocky Helmet|[from] move: Knock Off|[of] p2a: Azumarill
|
|turn|85
|
|move|p2a: Azumarill|Aqua Jet|p1a: Skarmory
|-damage|p1a: Skarmory|75\/334
|move|p1a: Skarmory|Brave Bird|p2a: Azumarill
|-damage|p2a: Azumarill|0 fnt
|-damage|p1a: Skarmory|62\/334|[from] recoil|[of] p2a: Azumarill
|faint|p2a: Azumarill
|
|c|âJon Bovi|Gg
|c|âclandestinoo|gg
|c|âJon Bovi|solid team btw
|
|switch|p2a: Skarmory|Skarmory, M|307\/334
|-damage|p2a: Skarmory|266\/334|[from] Stealth Rock
|turn|86
|c|âclandestinoo|thanks dude!
|
|move|p1a: Skarmory|Roost|p1a: Skarmory
|-heal|p1a: Skarmory|229\/334
|move|p2a: Skarmory|Roost|p2a: Skarmory
|-heal|p2a: Skarmory|334\/334
|
|turn|87
|leave|Dean26
|
|move|p1a: Skarmory|Spikes|p2a: Skarmory
|-fail|p2a: Skarmory
|move|p2a: Skarmory|Whirlwind|p1a: Skarmory
|-fail|p1a: Skarmory
|
|turn|88
|c|âJon Bovi|This might take a while
|
|move|p1a: Skarmory|Spikes|p2a: Skarmory
|-fail|p2a: Skarmory
|move|p2a: Skarmory|Whirlwind|p1a: Skarmory
|-fail|p1a: Skarmory
|
|turn|89
|c|âclandestinoo|yep..
|
|move|p2a: Skarmory|Stealth Rock|p1a: Skarmory
|-fail|p1a: Skarmory
|move|p1a: Skarmory|Whirlwind|p2a: Skarmory
|-fail|p2a: Skarmory
|
|turn|90
|
|move|p2a: Skarmory|Stealth Rock|p1a: Skarmory
|-fail|p1a: Skarmory
|move|p1a: Skarmory|Whirlwind|p2a: Skarmory
|-fail|p2a: Skarmory
|
|turn|91
|
|move|p2a: Skarmory|Stealth Rock|p1a: Skarmory
|-fail|p1a: Skarmory
|move|p1a: Skarmory|Whirlwind|p2a: Skarmory
|-fail|p2a: Skarmory
|
|turn|92
|
|move|p2a: Skarmory|Stealth Rock|p1a: Skarmory
|-fail|p1a: Skarmory
|move|p1a: Skarmory|Whirlwind|p2a: Skarmory
|-fail|p2a: Skarmory
|
|turn|93
|
|move|p2a: Skarmory|Stealth Rock|p1a: Skarmory
|-fail|p1a: Skarmory
|move|p1a: Skarmory|Whirlwind|p2a: Skarmory
|-fail|p2a: Skarmory
|
|turn|94
|
|move|p2a: Skarmory|Stealth Rock|p1a: Skarmory
|-fail|p1a: Skarmory
|move|p1a: Skarmory|Whirlwind|p2a: Skarmory
|-fail|p2a: Skarmory
|
|turn|95
|
|move|p2a: Skarmory|Stealth Rock|p1a: Skarmory
|-fail|p1a: Skarmory
|move|p1a: Skarmory|Whirlwind|p2a: Skarmory
|-fail|p2a: Skarmory
|
|turn|96
|
|move|p2a: Skarmory|Stealth Rock|p1a: Skarmory
|-fail|p1a: Skarmory
|move|p1a: Skarmory|Whirlwind|p2a: Skarmory
|-fail|p2a: Skarmory
|
|turn|97
|
|move|p2a: Skarmory|Stealth Rock|p1a: Skarmory
|-fail|p1a: Skarmory
|move|p1a: Skarmory|Whirlwind|p2a: Skarmory
|-fail|p2a: Skarmory
|
|turn|98
|
|move|p2a: Skarmory|Stealth Rock|p1a: Skarmory
|-fail|p1a: Skarmory
|move|p1a: Skarmory|Whirlwind|p2a: Skarmory
|-fail|p2a: Skarmory
|
|turn|99
|
|move|p2a: Skarmory|Stealth Rock|p1a: Skarmory
|-fail|p1a: Skarmory
|move|p1a: Skarmory|Whirlwind|p2a: Skarmory
|-fail|p2a: Skarmory
|
|turn|100
|
|move|p2a: Skarmory|Stealth Rock|p1a: Skarmory
|-fail|p1a: Skarmory
|move|p1a: Skarmory|Whirlwind|p2a: Skarmory
|-fail|p2a: Skarmory
|
|turn|101
|
|move|p2a: Skarmory|Stealth Rock|p1a: Skarmory
|-fail|p1a: Skarmory
|move|p1a: Skarmory|Whirlwind|p2a: Skarmory
|-fail|p2a: Skarmory
|
|turn|102
|
|move|p2a: Skarmory|Stealth Rock|p1a: Skarmory
|-fail|p1a: Skarmory
|move|p1a: Skarmory|Whirlwind|p2a: Skarmory
|-fail|p2a: Skarmory
|
|turn|103
|join|Alessandro96
|
|move|p2a: Skarmory|Stealth Rock|p1a: Skarmory
|-fail|p1a: Skarmory
|move|p1a: Skarmory|Whirlwind|p2a: Skarmory
|-fail|p2a: Skarmory
|
|turn|104
|
|move|p2a: Skarmory|Stealth Rock|p1a: Skarmory
|-fail|p1a: Skarmory
|move|p1a: Skarmory|Whirlwind|p2a: Skarmory
|-fail|p2a: Skarmory
|
|turn|105
|
|move|p2a: Skarmory|Stealth Rock|p1a: Skarmory
|-fail|p1a: Skarmory
|move|p1a: Skarmory|Whirlwind|p2a: Skarmory
|-fail|p2a: Skarmory
|
|turn|106
|leave|Alessandro96
|
|move|p2a: Skarmory|Stealth Rock|p1a: Skarmory
|-fail|p1a: Skarmory
|move|p1a: Skarmory|Whirlwind|p2a: Skarmory
|-fail|p2a: Skarmory
|
|turn|107
|
|move|p2a: Skarmory|Stealth Rock|p1a: Skarmory
|-fail|p1a: Skarmory
|move|p1a: Skarmory|Whirlwind|p2a: Skarmory
|-fail|p2a: Skarmory
|
|turn|108
|join|thanhnhanpokemon
|
|move|p2a: Skarmory|Stealth Rock|p1a: Skarmory
|-fail|p1a: Skarmory
|move|p1a: Skarmory|Whirlwind|p2a: Skarmory
|-fail|p2a: Skarmory
|
|turn|109
|
|move|p2a: Skarmory|Stealth Rock|p1a: Skarmory
|-fail|p1a: Skarmory
|move|p1a: Skarmory|Whirlwind|p2a: Skarmory
|-fail|p2a: Skarmory
|
|turn|110
|
|move|p2a: Skarmory|Stealth Rock|p1a: Skarmory
|-fail|p1a: Skarmory
|move|p1a: Skarmory|Whirlwind|p2a: Skarmory
|-fail|p2a: Skarmory
|
|turn|111
|
|move|p1a: Skarmory|Whirlwind|p2a: Skarmory
|-fail|p2a: Skarmory
|move|p2a: Skarmory|Whirlwind|p1a: Skarmory
|-fail|p1a: Skarmory
|
|turn|112
|
|move|p2a: Skarmory|Stealth Rock|p1a: Skarmory
|-fail|p1a: Skarmory
|move|p1a: Skarmory|Whirlwind|p2a: Skarmory
|-fail|p2a: Skarmory
|
|turn|113
|
|move|p2a: Skarmory|Stealth Rock|p1a: Skarmory
|-fail|p1a: Skarmory
|move|p1a: Skarmory|Whirlwind|p2a: Skarmory
|-fail|p2a: Skarmory
|
|turn|114
|c|âJon Bovi|How many speed evs do u have?
|
|move|p2a: Skarmory|Stealth Rock|p1a: Skarmory
|-fail|p1a: Skarmory
|move|p1a: Skarmory|Whirlwind|p2a: Skarmory
|-fail|p2a: Skarmory
|
|turn|115
|c|âclandestinoo|252 hp
|c|âclandestinoo|rest defense and some speed
|c| thanhnhanpokemon|=))
|c|âclandestinoo|impish
|
|move|p2a: Skarmory|Stealth Rock|p1a: Skarmory
|-fail|p1a: Skarmory
|move|p1a: Skarmory|Whirlwind|p2a: Skarmory
|-fail|p2a: Skarmory
|
|turn|116
|c|âJon Bovi|How many in speed?
|
|move|p2a: Skarmory|Stealth Rock|p1a: Skarmory
|-fail|p1a: Skarmory
|move|p1a: Skarmory|Whirlwind|p2a: Skarmory
|-fail|p2a: Skarmory
|
|turn|117
|c|âJon Bovi|I have 4 haha
|
|move|p2a: Skarmory|Stealth Rock|p1a: Skarmory
|-fail|p1a: Skarmory
|move|p1a: Skarmory|Whirlwind|p2a: Skarmory
|-fail|p2a: Skarmory
|
|turn|118
|c|âclandestinoo|i have more haha
|
|move|p2a: Skarmory|Stealth Rock|p1a: Skarmory
|-fail|p1a: Skarmory
|move|p1a: Skarmory|Whirlwind|p2a: Skarmory
|-fail|p2a: Skarmory
|
|turn|119
|
|move|p2a: Skarmory|Stealth Rock|p1a: Skarmory
|-fail|p1a: Skarmory
|move|p1a: Skarmory|Whirlwind|p2a: Skarmory
|-fail|p2a: Skarmory
|
|turn|120
|
|move|p2a: Skarmory|Stealth Rock|p1a: Skarmory
|-fail|p1a: Skarmory
|move|p1a: Skarmory|Whirlwind|p2a: Skarmory
|-fail|p2a: Skarmory
|
|turn|121
|c|âJon Bovi|Last stealth rock
|
|move|p1a: Skarmory|Spikes|p2a: Skarmory
|-fail|p2a: Skarmory
|move|p2a: Skarmory|Whirlwind|p1a: Skarmory
|-fail|p1a: Skarmory
|
|turn|122
|c|âclandestinoo|and last ww
|c|âclandestinoo|lol
|
|move|p1a: Skarmory|Spikes|p2a: Skarmory
|-fail|p2a: Skarmory
|move|p2a: Skarmory|Whirlwind|p1a: Skarmory
|-fail|p1a: Skarmory
|
|turn|123
|c|âJon Bovi|Now we switch haha
|
|move|p1a: Skarmory|Spikes|p2a: Skarmory
|-fail|p2a: Skarmory
|move|p2a: Skarmory|Whirlwind|p1a: Skarmory
|-fail|p1a: Skarmory
|
|turn|124
|
|move|p1a: Skarmory|Spikes|p2a: Skarmory
|-fail|p2a: Skarmory
|move|p2a: Skarmory|Whirlwind|p1a: Skarmory
|-fail|p1a: Skarmory
|
|turn|125
|
|move|p1a: Skarmory|Spikes|p2a: Skarmory
|-fail|p2a: Skarmory
|move|p2a: Skarmory|Whirlwind|p1a: Skarmory
|-fail|p1a: Skarmory
|
|turn|126
|
|move|p1a: Skarmory|Spikes|p2a: Skarmory
|-fail|p2a: Skarmory
|move|p2a: Skarmory|Whirlwind|p1a: Skarmory
|-fail|p1a: Skarmory
|
|turn|127
|join|The pack rat
|
|move|p1a: Skarmory|Spikes|p2a: Skarmory
|-fail|p2a: Skarmory
|move|p2a: Skarmory|Whirlwind|p1a: Skarmory
|-fail|p1a: Skarmory
|
|turn|128
|
|move|p1a: Skarmory|Spikes|p2a: Skarmory
|-fail|p2a: Skarmory
|move|p2a: Skarmory|Whirlwind|p1a: Skarmory
|-fail|p1a: Skarmory
|
|turn|129
|
|move|p1a: Skarmory|Spikes|p2a: Skarmory
|-fail|p2a: Skarmory
|move|p2a: Skarmory|Whirlwind|p1a: Skarmory
|-fail|p1a: Skarmory
|
|turn|130
|
|move|p1a: Skarmory|Spikes|p2a: Skarmory
|-fail|p2a: Skarmory
|move|p2a: Skarmory|Whirlwind|p1a: Skarmory
|-fail|p1a: Skarmory
|
|turn|131
|
|move|p1a: Skarmory|Spikes|p2a: Skarmory
|-fail|p2a: Skarmory
|move|p2a: Skarmory|Whirlwind|p1a: Skarmory
|-fail|p1a: Skarmory
|
|turn|132
|leave|thanhnhanpokemon
|
|move|p1a: Skarmory|Spikes|p2a: Skarmory
|-fail|p2a: Skarmory
|move|p2a: Skarmory|Whirlwind|p1a: Skarmory
|-fail|p1a: Skarmory
|
|turn|133
|leave|The pack rat
|
|move|p1a: Skarmory|Spikes|p2a: Skarmory
|-fail|p2a: Skarmory
|move|p2a: Skarmory|Whirlwind|p1a: Skarmory
|-fail|p1a: Skarmory
|
|turn|134
|
|move|p1a: Skarmory|Spikes|p2a: Skarmory
|-fail|p2a: Skarmory
|move|p2a: Skarmory|Whirlwind|p1a: Skarmory
|-fail|p1a: Skarmory
|
|turn|135
|
|move|p1a: Skarmory|Spikes|p2a: Skarmory
|-fail|p2a: Skarmory
|move|p2a: Skarmory|Whirlwind|p1a: Skarmory
|-fail|p1a: Skarmory
|
|turn|136
|
|move|p1a: Skarmory|Spikes|p2a: Skarmory
|-fail|p2a: Skarmory
|move|p2a: Skarmory|Whirlwind|p1a: Skarmory
|-fail|p1a: Skarmory
|
|turn|137
|
|move|p1a: Skarmory|Spikes|p2a: Skarmory
|-fail|p2a: Skarmory
|move|p2a: Skarmory|Whirlwind|p1a: Skarmory
|-fail|p1a: Skarmory
|
|turn|138
|
|move|p1a: Skarmory|Spikes|p2a: Skarmory
|-fail|p2a: Skarmory
|move|p2a: Skarmory|Whirlwind|p1a: Skarmory
|-fail|p1a: Skarmory
|
|turn|139
|
|move|p1a: Skarmory|Spikes|p2a: Skarmory
|-fail|p2a: Skarmory
|move|p2a: Skarmory|Whirlwind|p1a: Skarmory
|-fail|p1a: Skarmory
|
|turn|140
|
|move|p1a: Skarmory|Spikes|p2a: Skarmory
|-fail|p2a: Skarmory
|move|p2a: Skarmory|Whirlwind|p1a: Skarmory
|-fail|p1a: Skarmory
|
|turn|141
|
|move|p1a: Skarmory|Spikes|p2a: Skarmory
|-fail|p2a: Skarmory
|move|p2a: Skarmory|Whirlwind|p1a: Skarmory
|-fail|p1a: Skarmory
|
|turn|142
|
|move|p1a: Skarmory|Spikes|p2a: Skarmory
|-fail|p2a: Skarmory
|move|p2a: Skarmory|Whirlwind|p1a: Skarmory
|-fail|p1a: Skarmory
|
|turn|143
|
|move|p1a: Skarmory|Spikes|p2a: Skarmory
|-fail|p2a: Skarmory
|move|p2a: Skarmory|Whirlwind|p1a: Skarmory
|-fail|p1a: Skarmory
|
|turn|144
|c|âJon Bovi|Tell me when u have no more spikes
|
|move|p1a: Skarmory|Spikes|p2a: Skarmory
|-fail|p2a: Skarmory
|move|p2a: Skarmory|Whirlwind|p1a: Skarmory
|-fail|p1a: Skarmory
|
|turn|145
|c|âclandestinoo|i have more spikes
|c|âclandestinoo|ok
|
|move|p1a: Skarmory|Spikes|p2a: Skarmory
|-fail|p2a: Skarmory
|move|p2a: Skarmory|Whirlwind|p1a: Skarmory
|-fail|p1a: Skarmory
|
|turn|146
|c|âJon Bovi|Last whirlwind
|
|move|p1a: Skarmory|Spikes|p2a: Skarmory
|-fail|p2a: Skarmory
|move|p2a: Skarmory|Brave Bird|p1a: Skarmory
|-resisted|p1a: Skarmory
|-damage|p1a: Skarmory|197\/334
|-damage|p2a: Skarmory|323\/334|[from] recoil|[of] p1a: Skarmory
|
|turn|147
|c|âclandestinoo|last spikes
|c|âclandestinoo|xDDDDDDDDDDDDDDDDD
|c|âJon Bovi|Lmfao
|c|âJon Bovi|dude
|join|DALJCBS
|c|âJon Bovi|this is crazy
|c|âclandestinoo|yep
|
|move|p1a: Skarmory|Brave Bird|p2a: Skarmory
|-resisted|p2a: Skarmory
|-damage|p2a: Skarmory|284\/334
|-damage|p1a: Skarmory|184\/334|[from] recoil|[of] p2a: Skarmory
|move|p2a: Skarmory|Brave Bird|p1a: Skarmory
|-resisted|p1a: Skarmory
|-damage|p1a: Skarmory|151\/334
|-damage|p2a: Skarmory|273\/334|[from] recoil|[of] p1a: Skarmory
|
|turn|148
|join|riderryuken
|join|l123
|c|âclandestinoo|i play pokemon along 5 years and this is the most crazy battle
|c|âclandestinoo|i have hahaha
|
|move|p1a: Skarmory|Brave Bird|p2a: Skarmory
|-resisted|p2a: Skarmory
|-damage|p2a: Skarmory|235\/334
|-damage|p1a: Skarmory|138\/334|[from] recoil|[of] p2a: Skarmory
|move|p2a: Skarmory|Brave Bird|p1a: Skarmory
|-crit|p1a: Skarmory
|-resisted|p1a: Skarmory
|-damage|p1a: Skarmory|84\/334
|-damage|p2a: Skarmory|217\/334|[from] recoil|[of] p1a: Skarmory
|
|turn|149
|join|dj4u
|
|move|p1a: Skarmory|Roost|p1a: Skarmory
|-heal|p1a: Skarmory|251\/334
|move|p2a: Skarmory|Brave Bird|p1a: Skarmory
|-crit|p1a: Skarmory
|-resisted|p1a: Skarmory
|-damage|p1a: Skarmory|203\/334
|-damage|p2a: Skarmory|201\/334|[from] recoil|[of] p1a: Skarmory
|
|turn|150
|join|notguest371
|leave|dj4u
|
|move|p1a: Skarmory|Brave Bird|p2a: Skarmory
|-resisted|p2a: Skarmory
|-damage|p2a: Skarmory|164\/334
|-damage|p1a: Skarmory|191\/334|[from] recoil|[of] p2a: Skarmory
|move|p2a: Skarmory|Brave Bird|p1a: Skarmory
|-resisted|p1a: Skarmory
|-damage|p1a: Skarmory|157\/334
|-damage|p2a: Skarmory|153\/334|[from] recoil|[of] p1a: Skarmory
|
|turn|151
|
|move|p1a: Skarmory|Roost|p1a: Skarmory
|-heal|p1a: Skarmory|324\/334
|move|p2a: Skarmory|Roost|p2a: Skarmory
|-heal|p2a: Skarmory|320\/334
|
|turn|152
|
|move|p1a: Skarmory|Brave Bird|p2a: Skarmory
|-resisted|p2a: Skarmory
|-damage|p2a: Skarmory|283\/334
|-damage|p1a: Skarmory|312\/334|[from] recoil|[of] p2a: Skarmory
|move|p2a: Skarmory|Brave Bird|p1a: Skarmory
|-resisted|p1a: Skarmory
|-damage|p1a: Skarmory|276\/334
|-damage|p2a: Skarmory|271\/334|[from] recoil|[of] p1a: Skarmory
|
|turn|153
|leave|notguest371
|leave|DALJCBS
|join|DALJCBS
|
|move|p1a: Skarmory|Brave Bird|p2a: Skarmory
|-resisted|p2a: Skarmory
|-damage|p2a: Skarmory|230\/334
|-damage|p1a: Skarmory|262\/334|[from] recoil|[of] p2a: Skarmory
|move|p2a: Skarmory|Brave Bird|p1a: Skarmory
|-resisted|p1a: Skarmory
|-damage|p1a: Skarmory|225\/334
|-damage|p2a: Skarmory|218\/334|[from] recoil|[of] p1a: Skarmory
|
|turn|154
|
|move|p1a: Skarmory|Brave Bird|p2a: Skarmory
|-crit|p2a: Skarmory
|-resisted|p2a: Skarmory
|-damage|p2a: Skarmory|162\/334
|-damage|p1a: Skarmory|207\/334|[from] recoil|[of] p2a: Skarmory
|move|p2a: Skarmory|Brave Bird|p1a: Skarmory
|-resisted|p1a: Skarmory
|-damage|p1a: Skarmory|171\/334
|-damage|p2a: Skarmory|150\/334|[from] recoil|[of] p1a: Skarmory
|
|turn|155
|leave|DALJCBS
|join|noodle101
|
|move|p1a: Skarmory|Brave Bird|p2a: Skarmory
|-resisted|p2a: Skarmory
|-damage|p2a: Skarmory|107\/334
|-damage|p1a: Skarmory|157\/334|[from] recoil|[of] p2a: Skarmory
|move|p2a: Skarmory|Brave Bird|p1a: Skarmory
|-resisted|p1a: Skarmory
|-damage|p1a: Skarmory|122\/334
|-damage|p2a: Skarmory|95\/334|[from] recoil|[of] p1a: Skarmory
|
|turn|156
|
|move|p1a: Skarmory|Brave Bird|p2a: Skarmory
|-resisted|p2a: Skarmory
|-damage|p2a: Skarmory|54\/334
|-damage|p1a: Skarmory|108\/334|[from] recoil|[of] p2a: Skarmory
|move|p2a: Skarmory|Roost|p2a: Skarmory
|-heal|p2a: Skarmory|221\/334
|
|turn|157
|
|move|p1a: Skarmory|Roost|p1a: Skarmory
|-heal|p1a: Skarmory|275\/334
|move|p2a: Skarmory|Brave Bird|p1a: Skarmory
|-crit|p1a: Skarmory
|-resisted|p1a: Skarmory
|-damage|p1a: Skarmory|219\/334
|-damage|p2a: Skarmory|203\/334|[from] recoil|[of] p1a: Skarmory
|
|turn|158
|
|move|p1a: Skarmory|Brave Bird|p2a: Skarmory
|-resisted|p2a: Skarmory
|-damage|p2a: Skarmory|161\/334
|-damage|p1a: Skarmory|205\/334|[from] recoil|[of] p2a: Skarmory
|move|p2a: Skarmory|Brave Bird|p1a: Skarmory
|-resisted|p1a: Skarmory
|-damage|p1a: Skarmory|170\/334
|-damage|p2a: Skarmory|149\/334|[from] recoil|[of] p1a: Skarmory
|
|turn|159
|
|move|p1a: Skarmory|Brave Bird|p2a: Skarmory
|-resisted|p2a: Skarmory
|-damage|p2a: Skarmory|110\/334
|-damage|p1a: Skarmory|157\/334|[from] recoil|[of] p2a: Skarmory
|move|p2a: Skarmory|Brave Bird|p1a: Skarmory
|-resisted|p1a: Skarmory
|-damage|p1a: Skarmory|126\/334
|-damage|p2a: Skarmory|100\/334|[from] recoil|[of] p1a: Skarmory
|
|turn|160
|
|move|p1a: Skarmory|Brave Bird|p2a: Skarmory
|-resisted|p2a: Skarmory
|-damage|p2a: Skarmory|61\/334
|-damage|p1a: Skarmory|113\/334|[from] recoil|[of] p2a: Skarmory
|move|p2a: Skarmory|Roost|p2a: Skarmory
|-heal|p2a: Skarmory|228\/334
|
|turn|161
|
|move|p1a: Skarmory|Roost|p1a: Skarmory
|-heal|p1a: Skarmory|280\/334
|move|p2a: Skarmory|Brave Bird|p1a: Skarmory
|-resisted|p1a: Skarmory
|-damage|p1a: Skarmory|247\/334
|-damage|p2a: Skarmory|217\/334|[from] recoil|[of] p1a: Skarmory
|
|turn|162
|
|move|p1a: Skarmory|Brave Bird|p2a: Skarmory
|-resisted|p2a: Skarmory
|-damage|p2a: Skarmory|174\/334
|-damage|p1a: Skarmory|233\/334|[from] recoil|[of] p2a: Skarmory
|move|p2a: Skarmory|Brave Bird|p1a: Skarmory
|-resisted|p1a: Skarmory
|-damage|p1a: Skarmory|197\/334
|-damage|p2a: Skarmory|162\/334|[from] recoil|[of] p1a: Skarmory
|
|turn|163
|leave|noodle101
|
|move|p1a: Skarmory|Brave Bird|p2a: Skarmory
|-resisted|p2a: Skarmory
|-damage|p2a: Skarmory|122\/334
|-damage|p1a: Skarmory|184\/334|[from] recoil|[of] p2a: Skarmory
|move|p2a: Skarmory|Brave Bird|p1a: Skarmory
|-resisted|p1a: Skarmory
|-damage|p1a: Skarmory|150\/334
|-damage|p2a: Skarmory|111\/334|[from] recoil|[of] p1a: Skarmory
|
|turn|164
|
|move|p1a: Skarmory|Roost|p1a: Skarmory
|-heal|p1a: Skarmory|317\/334
|move|p2a: Skarmory|Roost|p2a: Skarmory
|-heal|p2a: Skarmory|278\/334
|
|turn|165
|
|move|p1a: Skarmory|Brave Bird|p2a: Skarmory
|-resisted|p2a: Skarmory
|-damage|p2a: Skarmory|240\/334
|-damage|p1a: Skarmory|304\/334|[from] recoil|[of] p2a: Skarmory
|move|p2a: Skarmory|Brave Bird|p1a: Skarmory
|-resisted|p1a: Skarmory
|-damage|p1a: Skarmory|267\/334
|-damage|p2a: Skarmory|228\/334|[from] recoil|[of] p1a: Skarmory
|
|turn|166
|
|move|p1a: Skarmory|Brave Bird|p2a: Skarmory
|-resisted|p2a: Skarmory
|-damage|p2a: Skarmory|187\/334
|-damage|p1a: Skarmory|253\/334|[from] recoil|[of] p2a: Skarmory
|move|p2a: Skarmory|Brave Bird|p1a: Skarmory
|-resisted|p1a: Skarmory
|-damage|p1a: Skarmory|220\/334
|-damage|p2a: Skarmory|176\/334|[from] recoil|[of] p1a: Skarmory
|
|turn|167
|join|flaps
|
|move|p1a: Skarmory|Brave Bird|p2a: Skarmory
|-resisted|p2a: Skarmory
|-damage|p2a: Skarmory|135\/334
|-damage|p1a: Skarmory|206\/334|[from] recoil|[of] p2a: Skarmory
|move|p2a: Skarmory|Brave Bird|p1a: Skarmory
|-resisted|p1a: Skarmory
|-damage|p1a: Skarmory|172\/334
|-damage|p2a: Skarmory|124\/334|[from] recoil|[of] p1a: Skarmory
|
|turn|168
|leave|flaps
|
|move|p1a: Skarmory|Brave Bird|p2a: Skarmory
|-resisted|p2a: Skarmory
|-damage|p2a: Skarmory|85\/334
|-damage|p1a: Skarmory|159\/334|[from] recoil|[of] p2a: Skarmory
|move|p2a: Skarmory|Brave Bird|p1a: Skarmory
|-resisted|p1a: Skarmory
|-damage|p1a: Skarmory|123\/334
|-damage|p2a: Skarmory|73\/334|[from] recoil|[of] p1a: Skarmory
|
|turn|169
|
|move|p1a: Skarmory|Brave Bird|p2a: Skarmory
|-resisted|p2a: Skarmory
|-damage|p2a: Skarmory|31\/334
|-damage|p1a: Skarmory|109\/334|[from] recoil|[of] p2a: Skarmory
|move|p2a: Skarmory|Roost|p2a: Skarmory
|-heal|p2a: Skarmory|198\/334
|
|turn|170
|
|move|p1a: Skarmory|Roost|p1a: Skarmory
|-heal|p1a: Skarmory|276\/334
|move|p2a: Skarmory|Brave Bird|p1a: Skarmory
|-resisted|p1a: Skarmory
|-damage|p1a: Skarmory|243\/334
|-damage|p2a: Skarmory|187\/334|[from] recoil|[of] p1a: Skarmory
|
|turn|171
|join|kantoking
|
|move|p1a: Skarmory|Brave Bird|p2a: Skarmory
|-resisted|p2a: Skarmory
|-damage|p2a: Skarmory|146\/334
|-damage|p1a: Skarmory|229\/334|[from] recoil|[of] p2a: Skarmory
|move|p2a: Skarmory|Brave Bird|p1a: Skarmory
|-resisted|p1a: Skarmory
|-damage|p1a: Skarmory|196\/334
|-damage|p2a: Skarmory|135\/334|[from] recoil|[of] p1a: Skarmory
|
|turn|172
|
|move|p1a: Skarmory|Brave Bird|p2a: Skarmory
|-resisted|p2a: Skarmory
|-damage|p2a: Skarmory|98\/334
|-damage|p1a: Skarmory|184\/334|[from] recoil|[of] p2a: Skarmory
|move|p2a: Skarmory|Roost|p2a: Skarmory
|-heal|p2a: Skarmory|265\/334
|
|turn|173
|
|move|p1a: Skarmory|Brave Bird|p2a: Skarmory
|-resisted|p2a: Skarmory
|-damage|p2a: Skarmory|223\/334
|-damage|p1a: Skarmory|170\/334|[from] recoil|[of] p2a: Skarmory
|move|p2a: Skarmory|Brave Bird|p1a: Skarmory
|-resisted|p1a: Skarmory
|-damage|p1a: Skarmory|137\/334
|-damage|p2a: Skarmory|212\/334|[from] recoil|[of] p1a: Skarmory
|
|turn|174
|c|âJon Bovi|Last bb
|c|âclandestinoo|last bb
|c|âclandestinoo|lol
|c|âJon Bovi|Jesus
|
|move|p1a: Skarmory|Roost|p1a: Skarmory
|-heal|p1a: Skarmory|304\/334
|move|p2a: Skarmory|Roost|p2a: Skarmory
|-heal|p2a: Skarmory|334\/334
|
|turn|175
|
|move|p1a: Skarmory|Roost|p1a: Skarmory
|-heal|p1a: Skarmory|334\/334
|move|p2a: Skarmory|Roost|p2a: Skarmory
|-fail|p2a: Skarmory
|
|turn|176
|leave|riderryuken
|
|move|p1a: Skarmory|Roost|p1a: Skarmory
|-fail|p1a: Skarmory
|move|p2a: Skarmory|Roost|p2a: Skarmory
|-fail|p2a: Skarmory
|
|turn|177
|join|eseyem
|
|move|p1a: Skarmory|Roost|p1a: Skarmory
|-fail|p1a: Skarmory
|move|p2a: Skarmory|Roost|p2a: Skarmory
|-fail|p2a: Skarmory
|
|turn|178
|c|âJon Bovi|Last roost
|c|âclandestinoo|my final Roost.
|
|move|p1a: Skarmory|Roost|p1a: Skarmory
|-fail|p1a: Skarmory
|-activate|p2a: Skarmory|move: Struggle
|move|p2a: Skarmory|Struggle|p1a: Skarmory
|-damage|p1a: Skarmory|313\/334
|-damage|p2a: Skarmory|251\/334
|
|turn|179
|c|âJon Bovi|Gg
|c|âclandestinoo|GG
|c|âclandestinoo|:D
|join|Mikihisa
|c| eseyem|I love matches like these
|
|-activate|p1a: Skarmory|move: Struggle
|move|p1a: Skarmory|Struggle|p2a: Skarmory
|-damage|p2a: Skarmory|226\/334
|-damage|p1a: Skarmory|230\/334
|-activate|p2a: Skarmory|move: Struggle
|move|p2a: Skarmory|Struggle|p1a: Skarmory
|-damage|p1a: Skarmory|209\/334
|-damage|p2a: Skarmory|143\/334
|
|turn|180
|leave|Mikihisa
|join|Jeffrey@Datass.io
|
|-activate|p1a: Skarmory|move: Struggle
|move|p1a: Skarmory|Struggle|p2a: Skarmory
|-damage|p2a: Skarmory|122\/334
|-damage|p1a: Skarmory|126\/334
|-activate|p2a: Skarmory|move: Struggle
|move|p2a: Skarmory|Struggle|p1a: Skarmory
|-damage|p1a: Skarmory|107\/334
|-damage|p2a: Skarmory|39\/334
|
|turn|181
|
|-activate|p1a: Skarmory|move: Struggle
|move|p1a: Skarmory|Struggle|p2a: Skarmory
|-damage|p2a: Skarmory|17\/334
|-damage|p1a: Skarmory|24\/334
|-activate|p2a: Skarmory|move: Struggle
|move|p2a: Skarmory|Struggle|p1a: Skarmory
|-damage|p1a: Skarmory|3\/334
|-damage|p2a: Skarmory|0 fnt
|faint|p2a: Skarmory
|
|win|clandestinoo
|raw|Ladder updating...
|raw|clandestinoo's rating: 1858 &rarr; <strong>1870<\/strong><br \/>(+12 for winning)
|raw|Jon Bovi's rating: 1705 &rarr; <strong>1693<\/strong><br \/>(-12 for losing)
|c|âclandestinoo|lol
|c|âJon Bovi|Omg
|c|âclandestinoo|amazing.
|c|âJon Bovi|One percent
|c|âclandestinoo|3 hp
|c|âJon Bovi|Oh well
|leave|clandestinoo
|player|p1
|leave|eseyem
|c|âJon Bovi|Fuck u ass hole
|leave|Jon Bovi
|player|p2