|join|Bloody Sunday
|join|Jon Bovi
|player|p1|Bloody Sunday|39
|player|p2|Jon Bovi|240
|gametype|singles
|gen|6
|tier|OU
|rated
|clearpoke
|poke|p1|Chansey, F
|poke|p1|Keldeo
|poke|p1|Heatran, F
|poke|p1|Skarmory, F
|poke|p1|Bisharp, M
|poke|p1|Venusaur, M
|poke|p2|Donphan, M
|poke|p2|Venusaur, M
|poke|p2|Talonflame, M
|poke|p2|Vaporeon, M
|poke|p2|Heatran, F
|poke|p2|Hydreigon, M
|rule|Swagger Clause: Swagger is banned
|rule|Baton Pass Clause: Limit one PokÃ©mon knowing Baton Pass
|rule|Sleep Clause Mod: Limit one foe put to sleep
|rule|Species Clause: Limit one of each PokÃ©mon
|rule|OHKO Clause: OHKO moves are banned
|rule|Moody Clause: Moody is banned
|rule|Evasion Moves Clause: Evasion moves are banned
|rule|Endless Battle Clause: Forcing endless battles is banned
|rule|HP Percentage Mod: HP is reported as percentages
|teampreview
|
|start
|switch|p1a: Heatran|Heatran, F|340\/340
|switch|p2a: Red of Boses|Venusaur, M|363\/363
|-item|p1a: Heatran|Air Balloon
|turn|1
|
|detailschange|p2a: Red of Boses|Venusaur-Mega, M
|message|Venusaur has Mega Evolved into Mega Venusaur!
|move|p1a: Heatran|Stealth Rock|p2a: Red of Boses
|-sidestart|p2: Jon Bovi|move: Stealth Rock
|move|p2a: Red of Boses|Sleep Powder|p1a: Heatran
|-status|p1a: Heatran|slp
|
|turn|2
|
|switch|p1a: Keldeo|Keldeo|323\/323
|switch|p2a: Pivin on a Lrayer|Donphan, M|384\/384
|-damage|p2a: Pivin on a Lrayer|360\/384|[from] Stealth Rock
|
|-heal|p2a: Pivin on a Lrayer|384\/384|[from] item: Leftovers
|turn|3
|
|switch|p2a: Red of Boses|Venusaur-Mega, M|363\/363
|-damage|p2a: Red of Boses|318\/363|[from] Stealth Rock
|move|p1a: Keldeo|Scald|p2a: Red of Boses
|-resisted|p2a: Red of Boses
|-damage|p2a: Red of Boses|261\/363
|
|turn|4
|
|switch|p1a: Chansey|Chansey, F|685\/685
|move|p2a: Red of Boses|Giga Drain|p1a: Chansey
|-damage|p1a: Chansey|624\/685
|-heal|p2a: Red of Boses|292\/363|[from] drain|[of] p1a: Chansey
|
|turn|5
|
|switch|p2a: Pivin on a Lrayer|Donphan, M|384\/384
|-damage|p2a: Pivin on a Lrayer|360\/384|[from] Stealth Rock
|move|p1a: Chansey|Aromatherapy|p1a: Chansey
|-cureteam|p1a: Chansey|[from] move: Aromatherapy
|
|-heal|p2a: Pivin on a Lrayer|384\/384|[from] item: Leftovers
|turn|6
|
|switch|p1a: Skarmory|Skarmory, F|334\/334
|move|p2a: Pivin on a Lrayer|Rapid Spin|p1a: Skarmory
|-resisted|p1a: Skarmory
|-damage|p1a: Skarmory|326\/334
|-damage|p2a: Pivin on a Lrayer|320\/384|[from] item: Rocky Helmet|[of] p1a: Skarmory
|-sideend|p2: Jon Bovi|Stealth Rock|[from] move: Rapid Spin|[of] p2a: Pivin on a Lrayer
|
|-heal|p2a: Pivin on a Lrayer|344\/384|[from] item: Leftovers
|turn|7
|
|switch|p2a: Mad Bedecine|Heatran, F|386\/386
|move|p1a: Skarmory|Spikes|p2a: Mad Bedecine
|-sidestart|p2: Jon Bovi|Spikes
|
|turn|8
|
|switch|p1a: Heatran|Heatran, F|340\/340
|-item|p1a: Heatran|Air Balloon
|move|p2a: Mad Bedecine|Stealth Rock|p1a: Heatran
|-sidestart|p1: Bloody Sunday|move: Stealth Rock
|
|turn|9
|
|move|p1a: Heatran|Stealth Rock|p2a: Mad Bedecine
|-sidestart|p2: Jon Bovi|move: Stealth Rock
|move|p2a: Mad Bedecine|Taunt|p1a: Heatran
|-start|p1a: Heatran|move: Taunt
|
|turn|10
|
|switch|p2a: Host Lighway|Hydreigon, M|325\/325
|-damage|p2a: Host Lighway|285\/325|[from] Stealth Rock
|move|p1a: Heatran|Fire Blast|p2a: Host Lighway
|-resisted|p2a: Host Lighway
|-damage|p2a: Host Lighway|192\/325
|
|turn|11
|
|move|p2a: Host Lighway|U-turn|p1a: Heatran
|-resisted|p1a: Heatran
|-damage|p1a: Heatran|330\/340
|-enditem|p1a: Heatran|Air Balloon
|join|TheyCallMeKing
|
|switch|p2a: Mad Bedecine|Heatran, F|386\/386
|-damage|p2a: Mad Bedecine|338\/386|[from] Stealth Rock
|-damage|p2a: Mad Bedecine|290\/386|[from] Spikes
|move|p1a: Heatran|Fire Blast|p2a: Mad Bedecine
|-start|p2a: Mad Bedecine|ability: Flash Fire
|
|-heal|p2a: Mad Bedecine|314\/386|[from] item: Leftovers
|turn|12
|
|move|p1a: Heatran|Fire Blast|p2a: Mad Bedecine
|-immune|p2a: Mad Bedecine|[msg]
|move|p2a: Mad Bedecine|Toxic|p1a: Heatran
|-fail|p1a: Heatran
|
|-heal|p2a: Mad Bedecine|338\/386|[from] item: Leftovers
|-end|p1a: Heatran|move: Taunt
|turn|13
|
|move|p1a: Heatran|Taunt|p2a: Mad Bedecine
|-start|p2a: Mad Bedecine|move: Taunt
|cant|p2a: Mad Bedecine|move: Taunt|Taunt
|
|-heal|p2a: Mad Bedecine|362\/386|[from] item: Leftovers
|turn|14
|
|move|p1a: Heatran|Toxic|p2a: Mad Bedecine
|-fail|p2a: Mad Bedecine
|move|p2a: Mad Bedecine|Lava Plume|p1a: Heatran
|-start|p1a: Heatran|ability: Flash Fire
|
|-heal|p2a: Mad Bedecine|386\/386|[from] item: Leftovers
|turn|15
|
|switch|p2a: It's Ly Mife|Vaporeon, M|464\/464
|-damage|p2a: It's Ly Mife|406\/464|[from] Spikes
|-damage|p2a: It's Ly Mife|348\/464|[from] Stealth Rock
|move|p1a: Heatran|Stealth Rock|p2a: It's Ly Mife
|-fail|p2a: It's Ly Mife
|
|-heal|p2a: It's Ly Mife|377\/464|[from] item: Leftovers
|turn|16
|
|move|p1a: Heatran|Fire Blast|p2a: It's Ly Mife|[miss]
|-miss|p1a: Heatran|p2a: It's Ly Mife
|move|p2a: It's Ly Mife|Scald|p1a: Heatran
|-supereffective|p1a: Heatran
|-damage|p1a: Heatran|142\/340
|
|-heal|p2a: It's Ly Mife|406\/464|[from] item: Leftovers
|turn|17
|
|switch|p1a: Venusaur|Venusaur, M|364\/364
|-damage|p1a: Venusaur|319\/364|[from] Stealth Rock
|move|p2a: It's Ly Mife|Scald|p1a: Venusaur
|-resisted|p1a: Venusaur
|-damage|p1a: Venusaur|271\/364
|
|-heal|p2a: It's Ly Mife|435\/464|[from] item: Leftovers
|turn|18
|
|switch|p2a: Mad Bedecine|Heatran, F|386\/386
|-damage|p2a: Mad Bedecine|338\/386|[from] Spikes
|-damage|p2a: Mad Bedecine|290\/386|[from] Stealth Rock
|detailschange|p1a: Venusaur|Venusaur-Mega, M
|message|Venusaur has Mega Evolved into Mega Venusaur!
|move|p1a: Venusaur|Giga Drain|p2a: Mad Bedecine
|-crit|p2a: Mad Bedecine
|-resisted|p2a: Mad Bedecine
|-damage|p2a: Mad Bedecine|263\/386
|-heal|p1a: Venusaur|285\/364|[from] drain|[of] p2a: Mad Bedecine
|
|-heal|p2a: Mad Bedecine|287\/386|[from] item: Leftovers
|turn|19
|
|move|p2a: Mad Bedecine|Taunt|p1a: Venusaur
|-start|p1a: Venusaur|move: Taunt
|cant|p1a: Venusaur|move: Taunt|Leech Seed
|
|-heal|p2a: Mad Bedecine|311\/386|[from] item: Leftovers
|turn|20
|
|switch|p1a: Heatran|Heatran, F|142\/340
|-damage|p1a: Heatran|100\/340|[from] Stealth Rock
|move|p2a: Mad Bedecine|Taunt|p1a: Heatran
|-start|p1a: Heatran|move: Taunt
|
|-heal|p2a: Mad Bedecine|335\/386|[from] item: Leftovers
|turn|21
|
|switch|p2a: It's Ly Mife|Vaporeon, M|435\/464
|-damage|p2a: It's Ly Mife|377\/464|[from] Stealth Rock
|-damage|p2a: It's Ly Mife|319\/464|[from] Spikes
|move|p1a: Heatran|Fire Blast|p2a: It's Ly Mife
|-resisted|p2a: It's Ly Mife
|-damage|p2a: It's Ly Mife|232\/464
|
|-heal|p2a: It's Ly Mife|261\/464|[from] item: Leftovers
|turn|22
|
|switch|p1a: Keldeo|Keldeo|323\/323
|-damage|p1a: Keldeo|303\/323|[from] Stealth Rock
|move|p2a: It's Ly Mife|Wish|p2a: It's Ly Mife
|
|-heal|p1a: Keldeo|323\/323|[from] item: Leftovers
|-heal|p2a: It's Ly Mife|290\/464|[from] item: Leftovers
|turn|23
|
|switch|p2a: Red of Boses|Venusaur-Mega, M|292\/363
|-damage|p2a: Red of Boses|247\/363|[from] Spikes
|-damage|p2a: Red of Boses|202\/363|[from] Stealth Rock
|move|p1a: Keldeo|Calm Mind|p1a: Keldeo
|-boost|p1a: Keldeo|spa|1
|-boost|p1a: Keldeo|spd|1
|
|-heal|p2a: Red of Boses|363\/363|[from] move: Wish|[wisher] It's Ly Mife
|turn|24
|
|move|p1a: Keldeo|Scald|p2a: Red of Boses
|-resisted|p2a: Red of Boses
|-damage|p2a: Red of Boses|276\/363
|move|p2a: Red of Boses|Giga Drain|p1a: Keldeo
|-supereffective|p1a: Keldeo
|-damage|p1a: Keldeo|167\/323
|-heal|p2a: Red of Boses|354\/363|[from] drain|[of] p1a: Keldeo
|
|-heal|p1a: Keldeo|187\/323|[from] item: Leftovers
|turn|25
|
|switch|p1a: Heatran|Heatran, F|100\/340
|-damage|p1a: Heatran|58\/340|[from] Stealth Rock
|move|p2a: Red of Boses|Giga Drain|p1a: Heatran
|-resisted|p1a: Heatran
|-damage|p1a: Heatran|34\/340
|-heal|p2a: Red of Boses|363\/363|[from] drain|[of] p1a: Heatran
|
|turn|26
|
|move|p1a: Heatran|Fire Blast|p2a: Red of Boses
|-supereffective|p2a: Red of Boses
|-damage|p2a: Red of Boses|225\/363
|move|p2a: Red of Boses|Giga Drain|p1a: Heatran
|-crit|p1a: Heatran
|-resisted|p1a: Heatran
|-damage|p1a: Heatran|0 fnt
|-heal|p2a: Red of Boses|242\/363|[from] drain|[of] p1a: Heatran
|faint|p1a: Heatran
|
|
|switch|p1a: Venusaur|Venusaur-Mega, M|285\/364
|-damage|p1a: Venusaur|240\/364|[from] Stealth Rock
|turn|27
|
|move|p2a: Red of Boses|Sludge Bomb|p1a: Venusaur
|-damage|p1a: Venusaur|128\/364
|move|p1a: Venusaur|Synthesis|p1a: Venusaur
|-heal|p1a: Venusaur|310\/364
|
|turn|28
|
|move|p2a: Red of Boses|Synthesis|p2a: Red of Boses
|-heal|p2a: Red of Boses|363\/363
|move|p1a: Venusaur|Leech Seed|p2a: Red of Boses
|-immune|p2a: Red of Boses|[msg]
|
|turn|29
|
|move|p2a: Red of Boses|Sludge Bomb|p1a: Venusaur
|-damage|p1a: Venusaur|202\/364
|move|p1a: Venusaur|Giga Drain|p2a: Red of Boses
|-resisted|p2a: Red of Boses
|-damage|p2a: Red of Boses|342\/363
|-heal|p1a: Venusaur|213\/364|[from] drain|[of] p2a: Red of Boses
|
|turn|30
|
|move|p2a: Red of Boses|Sludge Bomb|p1a: Venusaur
|-crit|p1a: Venusaur
|-damage|p1a: Venusaur|56\/364
|move|p1a: Venusaur|Synthesis|p1a: Venusaur
|-heal|p1a: Venusaur|238\/364
|
|turn|31
|
|switch|p1a: Bisharp|Bisharp, M|334\/334
|-damage|p1a: Bisharp|314\/334|[from] Stealth Rock
|move|p2a: Red of Boses|Sludge Bomb|p1a: Bisharp
|-immune|p1a: Bisharp|[msg]
|
|-heal|p1a: Bisharp|334\/334|[from] item: Leftovers
|turn|32
|
|switch|p1a: Skarmory|Skarmory, F|326\/334
|-damage|p1a: Skarmory|285\/334|[from] Stealth Rock
|move|p2a: Red of Boses|Giga Drain|p1a: Skarmory
|-resisted|p1a: Skarmory
|-damage|p1a: Skarmory|258\/334
|-heal|p2a: Red of Boses|356\/363|[from] drain|[of] p1a: Skarmory
|
|turn|33
|
|switch|p2a: Pivin on a Lrayer|Donphan, M|344\/384
|-damage|p2a: Pivin on a Lrayer|296\/384|[from] Spikes
|-damage|p2a: Pivin on a Lrayer|272\/384|[from] Stealth Rock
|move|p1a: Skarmory|Whirlwind|p2a: Pivin on a Lrayer
|drag|p2a: Red of Boses|Venusaur-Mega, M|356\/363
|-damage|p2a: Red of Boses|311\/363|[from] Spikes
|-damage|p2a: Red of Boses|266\/363|[from] Stealth Rock
|
|turn|34
|
|move|p2a: Red of Boses|Synthesis|p2a: Red of Boses
|-heal|p2a: Red of Boses|363\/363
|move|p1a: Skarmory|Whirlwind|p2a: Red of Boses
|drag|p2a: Host Lighway|Hydreigon, M|192\/325
|-damage|p2a: Host Lighway|152\/325|[from] Stealth Rock
|
|turn|35
|
|move|p2a: Host Lighway|U-turn|p1a: Skarmory
|-resisted|p1a: Skarmory
|-damage|p1a: Skarmory|249\/334
|-damage|p2a: Host Lighway|98\/325|[from] item: Rocky Helmet|[of] p1a: Skarmory
|
|switch|p2a: Pivin on a Lrayer|Donphan, M|272\/384
|-damage|p2a: Pivin on a Lrayer|224\/384|[from] Spikes
|-damage|p2a: Pivin on a Lrayer|200\/384|[from] Stealth Rock
|move|p1a: Skarmory|Whirlwind|p2a: Pivin on a Lrayer
|drag|p2a: Host Lighway|Hydreigon, M|98\/325
|-damage|p2a: Host Lighway|58\/325|[from] Stealth Rock
|
|turn|36
|
|switch|p1a: Keldeo|Keldeo|187\/323
|-damage|p1a: Keldeo|167\/323|[from] Stealth Rock
|move|p2a: Host Lighway|Flamethrower|p1a: Keldeo
|-resisted|p1a: Keldeo
|-damage|p1a: Keldeo|106\/323
|
|-heal|p1a: Keldeo|126\/323|[from] item: Leftovers
|turn|37
|
|switch|p2a: Red of Boses|Venusaur-Mega, M|363\/363
|-damage|p2a: Red of Boses|318\/363|[from] Stealth Rock
|-damage|p2a: Red of Boses|273\/363|[from] Spikes
|move|p1a: Keldeo|Scald|p2a: Red of Boses
|-resisted|p2a: Red of Boses
|-damage|p2a: Red of Boses|212\/363
|
|-heal|p1a: Keldeo|146\/323|[from] item: Leftovers
|turn|38
|
|switch|p1a: Skarmory|Skarmory, F|249\/334
|-damage|p1a: Skarmory|208\/334|[from] Stealth Rock
|move|p2a: Red of Boses|Giga Drain|p1a: Skarmory
|-resisted|p1a: Skarmory
|-damage|p1a: Skarmory|181\/334
|-heal|p2a: Red of Boses|226\/363|[from] drain|[of] p1a: Skarmory
|
|turn|39
|
|move|p2a: Red of Boses|Sleep Powder|p1a: Skarmory
|-status|p1a: Skarmory|slp
|cant|p1a: Skarmory|slp
|
|turn|40
|
|switch|p1a: Bisharp|Bisharp, M|334\/334
|-damage|p1a: Bisharp|314\/334|[from] Stealth Rock
|move|p2a: Red of Boses|Synthesis|p2a: Red of Boses
|-heal|p2a: Red of Boses|363\/363
|
|-heal|p1a: Bisharp|334\/334|[from] item: Leftovers
|turn|41
|
|switch|p2a: Host Lighway|Hydreigon, M|58\/325
|-damage|p2a: Host Lighway|18\/325|[from] Stealth Rock
|move|p1a: Bisharp|Swords Dance|p1a: Bisharp
|-boost|p1a: Bisharp|atk|2
|
|turn|42
|
|move|p1a: Bisharp|Sucker Punch|p2a: Host Lighway
|-resisted|p2a: Host Lighway
|-damage|p2a: Host Lighway|0 fnt
|faint|p2a: Host Lighway
|
|
|switch|p2a: Glaze of Blory|Talonflame, M|309\/309
|-damage|p2a: Glaze of Blory|155\/309|[from] Stealth Rock
|turn|43
|
|move|p2a: Glaze of Blory|Flare Blitz|p1a: Bisharp
|-supereffective|p1a: Bisharp
|-damage|p1a: Bisharp|0 fnt
|-damage|p2a: Glaze of Blory|45\/309|[from] recoil|[of] p1a: Bisharp
|faint|p1a: Bisharp
|
|
|switch|p1a: Chansey|Chansey, F|624\/685
|-damage|p1a: Chansey|539\/685|[from] Stealth Rock
|turn|44
|
|move|p2a: Glaze of Blory|Flare Blitz|p1a: Chansey
|-damage|p1a: Chansey|217\/685
|-damage|p2a: Glaze of Blory|0 fnt|[from] recoil|[of] p1a: Chansey
|faint|p2a: Glaze of Blory
|move|p1a: Chansey|Seismic Toss|p2: Glaze of Blory|[notarget]
|-notarget
|
|
|switch|p2a: Mad Bedecine|Heatran, F|335\/386
|-damage|p2a: Mad Bedecine|287\/386|[from] Stealth Rock
|-damage|p2a: Mad Bedecine|239\/386|[from] Spikes
|turn|45
|
|move|p2a: Mad Bedecine|Taunt|p1a: Chansey
|-start|p1a: Chansey|move: Taunt
|move|p1a: Chansey|Seismic Toss|p2a: Mad Bedecine
|-damage|p2a: Mad Bedecine|139\/386
|
|-heal|p2a: Mad Bedecine|163\/386|[from] item: Leftovers
|turn|46
|
|switch|p2a: Red of Boses|Venusaur-Mega, M|363\/363
|-damage|p2a: Red of Boses|318\/363|[from] Stealth Rock
|-damage|p2a: Red of Boses|273\/363|[from] Spikes
|switch|p1a: Keldeo|Keldeo|146\/323
|-damage|p1a: Keldeo|126\/323|[from] Stealth Rock
|
|-heal|p1a: Keldeo|146\/323|[from] item: Leftovers
|turn|47
|
|switch|p1a: Venusaur|Venusaur-Mega, M|238\/364
|-damage|p1a: Venusaur|193\/364|[from] Stealth Rock
|move|p2a: Red of Boses|Giga Drain|p1a: Venusaur
|-resisted|p1a: Venusaur
|-damage|p1a: Venusaur|172\/364
|-heal|p2a: Red of Boses|284\/363|[from] drain|[of] p1a: Venusaur
|
|turn|48
|
|move|p2a: Red of Boses|Sludge Bomb|p1a: Venusaur
|-damage|p1a: Venusaur|70\/364
|move|p1a: Venusaur|Synthesis|p1a: Venusaur
|-heal|p1a: Venusaur|252\/364
|
|turn|49
|
|switch|p1a: Skarmory|Skarmory, F|181\/334 slp
|-damage|p1a: Skarmory|140\/334 slp|[from] Stealth Rock
|move|p2a: Red of Boses|Sludge Bomb|p1a: Skarmory
|-immune|p1a: Skarmory|[msg]
|
|turn|50
|
|switch|p2a: Pivin on a Lrayer|Donphan, M|200\/384
|-damage|p2a: Pivin on a Lrayer|152\/384|[from] Spikes
|-damage|p2a: Pivin on a Lrayer|128\/384|[from] Stealth Rock
|-curestatus|p1a: Skarmory|slp
|move|p1a: Skarmory|Roost|p1a: Skarmory
|-heal|p1a: Skarmory|307\/334
|
|-heal|p2a: Pivin on a Lrayer|152\/384|[from] item: Leftovers
|turn|51
|
|move|p1a: Skarmory|Brave Bird|p2a: Pivin on a Lrayer
|-damage|p2a: Pivin on a Lrayer|50\/384
|-damage|p1a: Skarmory|273\/334|[from] recoil|[of] p2a: Pivin on a Lrayer
|move|p2a: Pivin on a Lrayer|Rapid Spin|p1a: Skarmory
|-resisted|p1a: Skarmory
|-damage|p1a: Skarmory|266\/334
|-damage|p2a: Pivin on a Lrayer|0 fnt|[from] item: Rocky Helmet|[of] p1a: Skarmory
|faint|p2a: Pivin on a Lrayer
|
|
|switch|p2a: It's Ly Mife|Vaporeon, M|290\/464
|-damage|p2a: It's Ly Mife|232\/464|[from] Stealth Rock
|-damage|p2a: It's Ly Mife|174\/464|[from] Spikes
|turn|52
|
|move|p1a: Skarmory|Spikes|p2a: It's Ly Mife
|-sidestart|p2: Jon Bovi|Spikes
|move|p2a: It's Ly Mife|Wish|p2a: It's Ly Mife
|
|-heal|p2a: It's Ly Mife|203\/464|[from] item: Leftovers
|turn|53
|
|move|p1a: Skarmory|Spikes|p2a: It's Ly Mife
|-sidestart|p2: Jon Bovi|Spikes
|move|p2a: It's Ly Mife|Scald|p1a: Skarmory
|-crit|p1a: Skarmory
|-damage|p1a: Skarmory|107\/334
|
|-heal|p2a: It's Ly Mife|435\/464|[from] move: Wish|[wisher] It's Ly Mife
|-heal|p2a: It's Ly Mife|464\/464|[from] item: Leftovers
|turn|54
|
|move|p1a: Skarmory|Roost|p1a: Skarmory
|-heal|p1a: Skarmory|274\/334
|move|p2a: It's Ly Mife|Wish|p2a: It's Ly Mife
|
|turn|55
|
|move|p2a: It's Ly Mife|Scald|p1a: Skarmory
|-damage|p1a: Skarmory|169\/334
|move|p1a: Skarmory|Whirlwind|p2a: It's Ly Mife
|drag|p2a: Mad Bedecine|Heatran, F|163\/386
|-damage|p2a: Mad Bedecine|115\/386|[from] Stealth Rock
|-damage|p2a: Mad Bedecine|19\/386|[from] Spikes
|
|-heal|p2a: Mad Bedecine|251\/386|[from] move: Wish|[wisher] It's Ly Mife
|-heal|p2a: Mad Bedecine|275\/386|[from] item: Leftovers
|turn|56
|
|switch|p1a: Chansey|Chansey, F|217\/685
|-damage|p1a: Chansey|132\/685|[from] Stealth Rock
|move|p2a: Mad Bedecine|Lava Plume|p1a: Chansey
|-damage|p1a: Chansey|65\/685
|
|-heal|p2a: Mad Bedecine|299\/386|[from] item: Leftovers
|turn|57
|
|move|p2a: Mad Bedecine|Lava Plume|p1a: Chansey
|-damage|p1a: Chansey|1\/685
|-status|p1a: Chansey|brn
|move|p1a: Chansey|Seismic Toss|p2a: Mad Bedecine
|-damage|p2a: Mad Bedecine|199\/386
|
|-heal|p2a: Mad Bedecine|223\/386|[from] item: Leftovers
|-damage|p1a: Chansey|0 fnt|[from] brn
|faint|p1a: Chansey
|
|switch|p1a: Keldeo|Keldeo|146\/323
|-damage|p1a: Keldeo|126\/323|[from] Stealth Rock
|turn|58
|
|switch|p2a: It's Ly Mife|Vaporeon, M|464\/464
|-damage|p2a: It's Ly Mife|406\/464|[from] Stealth Rock
|-damage|p2a: It's Ly Mife|290\/464|[from] Spikes
|move|p1a: Keldeo|Calm Mind|p1a: Keldeo
|-boost|p1a: Keldeo|spa|1
|-boost|p1a: Keldeo|spd|1
|
|-heal|p1a: Keldeo|146\/323|[from] item: Leftovers
|-heal|p2a: It's Ly Mife|319\/464|[from] item: Leftovers
|turn|59
|
|move|p1a: Keldeo|Calm Mind|p1a: Keldeo
|-boost|p1a: Keldeo|spa|1
|-boost|p1a: Keldeo|spd|1
|move|p2a: It's Ly Mife|Wish|p2a: It's Ly Mife
|
|-heal|p1a: Keldeo|166\/323|[from] item: Leftovers
|-heal|p2a: It's Ly Mife|348\/464|[from] item: Leftovers
|turn|60
|
|switch|p2a: Red of Boses|Venusaur-Mega, M|284\/363
|-damage|p2a: Red of Boses|239\/363|[from] Stealth Rock
|-damage|p2a: Red of Boses|149\/363|[from] Spikes
|move|p1a: Keldeo|Hidden Power|p2a: Red of Boses
|-supereffective|p2a: Red of Boses
|-damage|p2a: Red of Boses|0 fnt
|faint|p2a: Red of Boses
|
|-heal|p1a: Keldeo|186\/323|[from] item: Leftovers
|-message|Jon Bovi forfeited.
|
|win|Bloody Sunday
|raw|Ladder updating...
|leave|Jon Bovi
|player|p2
|raw|Bloody Sunday's rating: 1954 &rarr; <strong>1967<\/strong><br \/>(+13 for winning)
|raw|Jon Bovi's rating: 1837 &rarr; <strong>1823<\/strong><br \/>(-14 for losing)