|join|Jon Bovi
|join|Bidoofswar
|player|p1|Jon Bovi|240
|player|p2|Bidoofswar|10
|gametype|singles
|gen|6
|tier|OU
|rated
|clearpoke
|poke|p1|Donphan, M
|poke|p1|Zapdos
|poke|p1|Pinsir, M
|poke|p1|Keldeo-Resolute
|poke|p1|Metagross
|poke|p1|Celebi
|poke|p2|Wobbuffet, M
|poke|p2|Mew
|poke|p2|Bisharp, F
|poke|p2|Greninja, F
|poke|p2|Excadrill, F
|poke|p2|Metagross
|rule|Swagger Clause: Swagger is banned
|rule|Baton Pass Clause: Limit one PokÃ©mon knowing Baton Pass
|rule|Sleep Clause Mod: Limit one foe put to sleep
|rule|Species Clause: Limit one of each PokÃ©mon
|rule|OHKO Clause: OHKO moves are banned
|rule|Moody Clause: Moody is banned
|rule|Evasion Moves Clause: Evasion moves are banned
|rule|Endless Battle Clause: Forcing endless battles is banned
|rule|HP Percentage Mod: HP is shown in percentages
|teampreview
|
|start
|switch|p1a: Undefeated|Metagross|364\/364
|switch|p2a: Mew|Mew|404\/404
|turn|1
|
|switch|p1a: Love bites|Celebi|404\/404
|move|p2a: Mew|Will-O-Wisp|p1a: Love bites
|-status|p1a: Love bites|brn
|
|-damage|p1a: Love bites|354\/404 brn|[from] brn
|turn|2
|
|move|p2a: Mew|Stealth Rock|p1a: Love bites
|-sidestart|p1: Jon Bovi|move: Stealth Rock
|move|p1a: Love bites|Thunder Wave|p2a: Mew
|-status|p2a: Mew|par
|
|-heal|p1a: Love bites|379\/404 brn|[from] item: Leftovers
|-damage|p1a: Love bites|329\/404 brn|[from] brn
|turn|3
|
|switch|p1a: Pour some on me|Donphan, M|384\/384
|-damage|p1a: Pour some on me|360\/384|[from] Stealth Rock
|move|p2a: Mew|Taunt|p1a: Pour some on me
|-start|p1a: Pour some on me|move: Taunt
|
|-heal|p1a: Pour some on me|384\/384|[from] item: Leftovers
|turn|4
|
|move|p1a: Pour some on me|Knock Off|p2a: Mew
|-supereffective|p2a: Mew
|-damage|p2a: Mew|170\/404 par
|-enditem|p2a: Mew|Leftovers|[from] move: Knock Off|[of] p1a: Pour some on me
|move|p2a: Mew|Will-O-Wisp|p1a: Pour some on me|[miss]
|-miss|p2a: Mew|p1a: Pour some on me
|
|turn|5
|
|move|p1a: Pour some on me|Rapid Spin|p2a: Mew
|-damage|p2a: Mew|145\/404 par
|-sideend|p1: Jon Bovi|Stealth Rock|[from] move: Rapid Spin|[of] p1a: Pour some on me
|move|p2a: Mew|Will-O-Wisp|p1a: Pour some on me
|-status|p1a: Pour some on me|brn
|
|-damage|p1a: Pour some on me|336\/384 brn|[from] brn
|turn|6
|
|switch|p1a: Armageddon it|Pinsir, M|271\/271
|switch|p2a: Wobbuffet|Wobbuffet, M|522\/522
|
|turn|7
|
|detailschange|p1a: Armageddon it|Pinsir-Mega, M
|message|Pinsir has Mega Evolved into Mega Pinsir!
|move|p1a: Armageddon it|Swords Dance|p1a: Armageddon it
|-boost|p1a: Armageddon it|atk|2
|move|p2a: Wobbuffet|Encore|p1a: Armageddon it
|-start|p1a: Armageddon it|Encore
|
|turn|8
|
|switch|p2a: Mew|Mew|145\/404 par
|move|p1a: Armageddon it|Swords Dance|p1a: Armageddon it
|-boost|p1a: Armageddon it|atk|2
|
|turn|9
|
|switch|p1a: Animal|Keldeo-Resolute|322\/322
|cant|p2a: Mew|par
|
|turn|10
|c|âBidoofswar|fuck
|
|move|p1a: Animal|Scald|p2a: Mew
|-damage|p2a: Mew|0 fnt
|faint|p2a: Mew
|
|
|switch|p2a: Wobbuffet|Wobbuffet, M|522\/522
|turn|11
|
|move|p1a: Animal|Scald|p2a: Wobbuffet
|-damage|p2a: Wobbuffet|306\/522
|move|p2a: Wobbuffet|Mirror Coat|p1a: Animal
|-damage|p1a: Animal|0 fnt
|faint|p1a: Animal
|
|-heal|p2a: Wobbuffet|338\/522|[from] item: Leftovers
|
|switch|p1a: Love bites|Celebi|329\/404
|turn|12
|
|move|p1a: Love bites|Heal Bell|p1a: Love bites
|-cureteam|p1a: Love bites|[from] move: HealBell
|move|p2a: Wobbuffet|Encore|p1a: Love bites
|-start|p1a: Love bites|Encore
|
|-heal|p1a: Love bites|354\/404|[from] item: Leftovers
|-heal|p2a: Wobbuffet|370\/522|[from] item: Leftovers
|turn|13
|
|switch|p2a: Metagross|Metagross|302\/302
|move|p1a: Love bites|Heal Bell|p1a: Love bites
|-cureteam|p1a: Love bites|[from] move: HealBell
|
|-heal|p1a: Love bites|379\/404|[from] item: Leftovers
|turn|14
|
|switch|p1a: Undefeated|Metagross|364\/364
|detailschange|p2a: Metagross|Metagross-Mega
|message|Metagross has Mega Evolved into Mega Metagross!
|move|p2a: Metagross|Ice Punch|p1a: Undefeated
|-resisted|p1a: Undefeated
|-damage|p1a: Undefeated|312\/364
|
|-heal|p1a: Undefeated|334\/364|[from] item: Leftovers
|turn|15
|
|move|p2a: Metagross|Earthquake|p1a: Undefeated
|-supereffective|p1a: Undefeated
|-damage|p1a: Undefeated|110\/364
|move|p1a: Undefeated|Earthquake|p2a: Metagross
|-supereffective|p2a: Metagross
|-damage|p2a: Metagross|112\/302
|
|-heal|p1a: Undefeated|132\/364|[from] item: Leftovers
|turn|16
|
|move|p2a: Metagross|Earthquake|p1a: Undefeated
|-supereffective|p1a: Undefeated
|-damage|p1a: Undefeated|0 fnt
|faint|p1a: Undefeated
|
|
|switch|p1a: Pour some on me|Donphan, M|336\/384
|turn|17
|
|move|p2a: Metagross|Zen Headbutt|p1a: Pour some on me
|-crit|p1a: Pour some on me
|-damage|p1a: Pour some on me|51\/384
|move|p1a: Pour some on me|Earthquake|p2a: Metagross
|-supereffective|p2a: Metagross
|-damage|p2a: Metagross|0 fnt
|faint|p2a: Metagross
|
|-heal|p1a: Pour some on me|75\/384|[from] item: Leftovers
|
|switch|p2a: Greninja|Greninja, F|285\/285
|turn|18
|
|move|p1a: Pour some on me|Ice Shard|p2a: Greninja
|-resisted|p2a: Greninja
|-damage|p2a: Greninja|249\/285
|move|p2a: Greninja|Ice Beam|p1a: Pour some on me
|-start|p2a: Greninja|typechange|Ice|[from] Protean
|-supereffective|p1a: Pour some on me
|-damage|p1a: Pour some on me|0 fnt
|-damage|p2a: Greninja|221\/285|[from] item: Life Orb
|faint|p1a: Pour some on me
|
|
|switch|p1a: Photograph|Zapdos|384\/384
|-ability|p1a: Photograph|Pressure
|turn|19
|
|move|p2a: Greninja|Ice Beam|p1a: Photograph
|-supereffective|p1a: Photograph
|-damage|p1a: Photograph|80\/384
|-damage|p2a: Greninja|193\/285|[from] item: Life Orb
|move|p1a: Photograph|Heat Wave|p2a: Greninja
|-supereffective|p2a: Greninja
|-damage|p2a: Greninja|0 fnt
|faint|p2a: Greninja
|
|-heal|p1a: Photograph|104\/384|[from] item: Leftovers
|
|switch|p2a: Excadrill|Excadrill, F|362\/362
|-ability|p2a: Excadrill|Mold Breaker
|turn|20
|
|move|p2a: Excadrill|Rock Slide|p1a: Photograph
|-supereffective|p1a: Photograph
|-damage|p1a: Photograph|0 fnt
|faint|p1a: Photograph
|
|
|switch|p1a: Love bites|Celebi|379\/404
|turn|21
|
|switch|p2a: Wobbuffet|Wobbuffet, M|370\/522
|switch|p1a: Armageddon it|Pinsir-Mega, M|271\/271
|
|-heal|p2a: Wobbuffet|402\/522|[from] item: Leftovers
|turn|22
|
|move|p1a: Armageddon it|Return|p2a: Wobbuffet
|-damage|p2a: Wobbuffet|140\/522
|move|p2a: Wobbuffet|Encore|p1a: Armageddon it
|-start|p1a: Armageddon it|Encore
|
|-heal|p2a: Wobbuffet|172\/522|[from] item: Leftovers
|turn|23
|
|move|p1a: Armageddon it|Return|p2a: Wobbuffet
|-crit|p2a: Wobbuffet
|-damage|p2a: Wobbuffet|0 fnt
|faint|p2a: Wobbuffet
|
|
|switch|p2a: Excadrill|Excadrill, F|362\/362
|-ability|p2a: Excadrill|Mold Breaker
|turn|24
|
|switch|p1a: Love bites|Celebi|379\/404
|move|p2a: Excadrill|Rock Slide|p1a: Love bites
|-damage|p1a: Love bites|285\/404
|
|-heal|p1a: Love bites|310\/404|[from] item: Leftovers
|turn|25
|
|switch|p2a: Bisharp|Bisharp, F|334\/334
|move|p1a: Love bites|Thunder Wave|p2a: Bisharp
|-status|p2a: Bisharp|par
|
|-heal|p1a: Love bites|335\/404|[from] item: Leftovers
|turn|26
|
|switch|p1a: Armageddon it|Pinsir-Mega, M|271\/271
|cant|p2a: Bisharp|par
|
|turn|27
|c|âBidoofswar|fuck
|
|move|p2a: Bisharp|Sucker Punch|p1a: Armageddon it
|-damage|p1a: Armageddon it|112\/271
|move|p1a: Armageddon it|Close Combat|p2a: Bisharp
|-supereffective|p2a: Bisharp
|-damage|p2a: Bisharp|0 fnt
|-unboost|p1a: Armageddon it|def|1
|-unboost|p1a: Armageddon it|spd|1
|faint|p2a: Bisharp
|
|
|switch|p2a: Excadrill|Excadrill, F|362\/362
|-ability|p2a: Excadrill|Mold Breaker
|turn|28
|
|move|p1a: Armageddon it|Quick Attack|p2a: Excadrill
|-resisted|p2a: Excadrill
|-damage|p2a: Excadrill|285\/362
|move|p2a: Excadrill|Iron Head|p1a: Armageddon it
|-damage|p1a: Armageddon it|0 fnt
|faint|p1a: Armageddon it
|
|
|switch|p1a: Love bites|Celebi|335\/404
|turn|29
|
|move|p2a: Excadrill|Iron Head|p1a: Love bites
|-damage|p1a: Love bites|176\/404
|move|p1a: Love bites|Recover|p1a: Love bites
|-heal|p1a: Love bites|378\/404
|
|-heal|p1a: Love bites|403\/404|[from] item: Leftovers
|turn|30
|
|move|p2a: Excadrill|Iron Head|p1a: Love bites
|-damage|p1a: Love bites|244\/404
|move|p1a: Love bites|Giga Drain|p2a: Excadrill
|-crit|p2a: Excadrill
|-damage|p2a: Excadrill|113\/362
|-heal|p1a: Love bites|330\/404|[from] drain|[of] p2a: Excadrill
|
|-heal|p1a: Love bites|355\/404|[from] item: Leftovers
|turn|31
|c|âBidoofswar|gg
|
|move|p2a: Excadrill|Iron Head|p1a: Love bites
|-damage|p1a: Love bites|189\/404
|cant|p1a: Love bites|flinch
|
|-heal|p1a: Love bites|214\/404|[from] item: Leftovers
|turn|32
|c|âJon Bovi|Gg
|
|move|p2a: Excadrill|Iron Head|p1a: Love bites
|-damage|p1a: Love bites|52\/404
|cant|p1a: Love bites|flinch
|
|-heal|p1a: Love bites|77\/404|[from] item: Leftovers
|turn|33
|c|âJon Bovi|Wow
|-message|Jon Bovi forfeited.
|
|win|Bidoofswar
|raw|Ladder updating...
|leave|Jon Bovi
|player|p1