|join|Jon Bovi
|join|BreederGangBoss
|player|p1|Jon Bovi|240
|player|p2|BreederGangBoss|186
|gametype|singles
|gen|6
|tier|OU
|rated
|clearpoke
|poke|p1|Donphan, M
|poke|p1|Venusaur, M
|poke|p1|Talonflame, M
|poke|p1|Vaporeon, M
|poke|p1|Heatran, F
|poke|p1|Hydreigon, M
|poke|p2|Hippowdon, F
|poke|p2|Gliscor, M
|poke|p2|Chansey, F
|poke|p2|Greninja, F, shiny
|poke|p2|Thundurus, M, shiny
|poke|p2|Aegislash, F, shiny
|rule|Swagger Clause: Swagger is banned
|rule|Baton Pass Clause: Limit one PokÃ©mon knowing Baton Pass
|rule|Sleep Clause Mod: Limit one foe put to sleep
|rule|Species Clause: Limit one of each PokÃ©mon
|rule|OHKO Clause: OHKO moves are banned
|rule|Moody Clause: Moody is banned
|rule|Evasion Moves Clause: Evasion moves are banned
|rule|Endless Battle Clause: Forcing endless battles is banned
|rule|HP Percentage Mod: HP is reported as percentages
|teampreview
|
|start
|switch|p1a: Red of Boses|Venusaur, M|363\/363
|switch|p2a: Kunoichi IIX|Greninja, F, shiny|285\/285
|turn|1
|
|detailschange|p1a: Red of Boses|Venusaur-Mega, M
|message|Venusaur has Mega Evolved into Mega Venusaur!
|move|p2a: Kunoichi IIX|U-turn|p1a: Red of Boses
|-start|p2a: Kunoichi IIX|typechange|Bug|[from] Protean
|-damage|p1a: Red of Boses|302\/363
|
|switch|p2a: Vlad~Tepes|Gliscor, M|353\/353
|move|p1a: Red of Boses|Synthesis|p1a: Red of Boses
|-heal|p1a: Red of Boses|363\/363
|
|-status|p2a: Vlad~Tepes|tox|[from] item: Toxic Orb
|turn|2
|
|switch|p1a: Host Lighway|Hydreigon, M|325\/325
|move|p2a: Vlad~Tepes|Taunt|p1a: Host Lighway
|-start|p1a: Host Lighway|move: Taunt
|
|turn|3
|
|move|p1a: Host Lighway|U-turn|p2a: Vlad~Tepes
|-resisted|p2a: Vlad~Tepes
|-damage|p2a: Vlad~Tepes|333\/353 tox
|
|switch|p1a: Red of Boses|Venusaur-Mega, M|363\/363
|move|p2a: Vlad~Tepes|Roost|p2a: Vlad~Tepes
|-heal|p2a: Vlad~Tepes|353\/353 tox
|
|turn|4
|
|move|p2a: Vlad~Tepes|Taunt|p1a: Red of Boses
|-start|p1a: Red of Boses|move: Taunt
|move|p1a: Red of Boses|Giga Drain|p2a: Vlad~Tepes
|-damage|p2a: Vlad~Tepes|260\/353 tox
|
|-heal|p2a: Vlad~Tepes|304\/353 tox|[from] ability: Poison Heal
|turn|5
|
|switch|p2a: Terra|Chansey, F|641\/641
|move|p1a: Red of Boses|Giga Drain|p2a: Terra
|-damage|p2a: Terra|584\/641
|
|turn|6
|
|move|p1a: Red of Boses|Sludge Bomb|p2a: Terra
|-damage|p2a: Terra|520\/641
|-status|p2a: Terra|psn
|move|p2a: Terra|Thunder Wave|p1a: Red of Boses
|-status|p1a: Red of Boses|par
|
|-damage|p2a: Terra|440\/641 psn|[from] psn
|-end|p1a: Red of Boses|move: Taunt
|turn|7
|
|switch|p1a: Mad Bedecine|Heatran, F|386\/386
|move|p2a: Terra|Heal Bell|p2a: Terra
|-cureteam|p2a: Terra|[from] move: HealBell
|
|turn|8
|
|switch|p2a: Big~Mama|Hippowdon, F|420\/420
|-weather|Sandstorm
|move|p1a: Mad Bedecine|Taunt|p2a: Big~Mama
|-start|p2a: Big~Mama|move: Taunt
|
|-weather|Sandstorm|[upkeep]
|turn|9
|
|switch|p1a: It's Ly Mife|Vaporeon, M|464\/464
|move|p2a: Big~Mama|Earthquake|p1a: It's Ly Mife
|-damage|p1a: It's Ly Mife|343\/464
|
|-weather|Sandstorm|[upkeep]
|-damage|p1a: It's Ly Mife|314\/464|[from] sandstorm
|-heal|p1a: It's Ly Mife|343\/464|[from] item: Leftovers
|turn|10
|
|switch|p2a: Terra|Chansey, F|440\/641
|move|p1a: It's Ly Mife|Scald|p2a: Terra
|-damage|p2a: Terra|383\/641
|
|-weather|Sandstorm|[upkeep]
|-damage|p1a: It's Ly Mife|314\/464|[from] sandstorm
|-damage|p2a: Terra|343\/641|[from] sandstorm
|-heal|p1a: It's Ly Mife|343\/464|[from] item: Leftovers
|turn|11
|
|switch|p1a: Mad Bedecine|Heatran, F|386\/386
|move|p2a: Terra|Soft-Boiled|p2a: Terra
|-heal|p2a: Terra|641\/641
|
|-weather|Sandstorm|[upkeep]
|-damage|p2a: Terra|601\/641|[from] sandstorm
|turn|12
|
|move|p1a: Mad Bedecine|Stealth Rock|p2a: Terra
|-sidestart|p2: BreederGangBoss|move: Stealth Rock
|move|p2a: Terra|Seismic Toss|p1a: Mad Bedecine
|-damage|p1a: Mad Bedecine|286\/386
|
|-weather|none
|-heal|p1a: Mad Bedecine|310\/386|[from] item: Leftovers
|turn|13
|
|move|p1a: Mad Bedecine|Toxic|p2a: Terra
|-status|p2a: Terra|tox
|move|p2a: Terra|Seismic Toss|p1a: Mad Bedecine
|-damage|p1a: Mad Bedecine|210\/386
|
|-heal|p1a: Mad Bedecine|234\/386|[from] item: Leftovers
|-damage|p2a: Terra|561\/641 tox|[from] psn
|turn|14
|
|switch|p2a: Vlad~Tepes|Gliscor, M|304\/353
|-damage|p2a: Vlad~Tepes|260\/353|[from] Stealth Rock
|move|p1a: Mad Bedecine|Taunt|p2a: Vlad~Tepes
|-start|p2a: Vlad~Tepes|move: Taunt
|
|-heal|p1a: Mad Bedecine|258\/386|[from] item: Leftovers
|-status|p2a: Vlad~Tepes|tox|[from] item: Toxic Orb
|turn|15
|
|switch|p1a: It's Ly Mife|Vaporeon, M|343\/464
|move|p2a: Vlad~Tepes|Knock Off|p1a: It's Ly Mife
|-damage|p1a: It's Ly Mife|276\/464
|-enditem|p1a: It's Ly Mife|Leftovers|[from] move: Knock Off|[of] p2a: Vlad~Tepes
|
|-heal|p2a: Vlad~Tepes|304\/353 tox|[from] ability: Poison Heal
|turn|16
|
|move|p2a: Vlad~Tepes|Earthquake|p1a: It's Ly Mife
|-damage|p1a: It's Ly Mife|155\/464
|move|p1a: It's Ly Mife|Wish|p1a: It's Ly Mife
|
|-heal|p2a: Vlad~Tepes|348\/353 tox|[from] ability: Poison Heal
|turn|17
|
|move|p2a: Vlad~Tepes|Knock Off|p1a: It's Ly Mife
|-damage|p1a: It's Ly Mife|109\/464
|move|p1a: It's Ly Mife|Heal Bell|p1a: It's Ly Mife
|-cureteam|p1a: It's Ly Mife|[from] move: HealBell
|
|-heal|p1a: It's Ly Mife|341\/464|[from] move: Wish|[wisher] It's Ly Mife
|-heal|p2a: Vlad~Tepes|353\/353 tox|[from] ability: Poison Heal
|-end|p2a: Vlad~Tepes|move: Taunt
|turn|18
|
|switch|p2a: Terra|Chansey, F|561\/641
|-damage|p2a: Terra|481\/641|[from] Stealth Rock
|move|p1a: It's Ly Mife|Scald|p2a: Terra
|-crit|p2a: Terra
|-damage|p2a: Terra|400\/641
|-status|p2a: Terra|brn
|
|-damage|p2a: Terra|320\/641 brn|[from] brn
|turn|19
|
|switch|p1a: Mad Bedecine|Heatran, F|258\/386
|move|p2a: Terra|Soft-Boiled|p2a: Terra
|-heal|p2a: Terra|641\/641 brn
|
|-heal|p1a: Mad Bedecine|282\/386|[from] item: Leftovers
|-damage|p2a: Terra|561\/641 brn|[from] brn
|turn|20
|
|switch|p2a: Vlad~Tepes|Gliscor, M|353\/353 tox
|-damage|p2a: Vlad~Tepes|309\/353 tox|[from] Stealth Rock
|move|p1a: Mad Bedecine|Lava Plume|p2a: Vlad~Tepes
|-damage|p2a: Vlad~Tepes|198\/353 tox
|
|-heal|p1a: Mad Bedecine|306\/386|[from] item: Leftovers
|-heal|p2a: Vlad~Tepes|242\/353 tox|[from] ability: Poison Heal
|turn|21
|
|switch|p1a: Glaze of Blory|Talonflame, M|309\/309
|move|p2a: Vlad~Tepes|Knock Off|p1a: Glaze of Blory
|-damage|p1a: Glaze of Blory|213\/309
|-enditem|p1a: Glaze of Blory|Choice Band|[from] move: Knock Off|[of] p2a: Vlad~Tepes
|
|-heal|p2a: Vlad~Tepes|286\/353 tox|[from] ability: Poison Heal
|turn|22
|
|move|p1a: Glaze of Blory|Brave Bird|p2a: Vlad~Tepes
|-crit|p2a: Vlad~Tepes
|-damage|p2a: Vlad~Tepes|63\/353 tox
|-damage|p1a: Glaze of Blory|139\/309|[from] recoil|[of] p2a: Vlad~Tepes
|move|p2a: Vlad~Tepes|Roost|p2a: Vlad~Tepes
|-heal|p2a: Vlad~Tepes|240\/353 tox
|
|-heal|p2a: Vlad~Tepes|284\/353 tox|[from] ability: Poison Heal
|turn|23
|
|move|p1a: Glaze of Blory|U-turn|p2a: Vlad~Tepes
|-resisted|p2a: Vlad~Tepes
|-damage|p2a: Vlad~Tepes|258\/353 tox
|
|switch|p1a: It's Ly Mife|Vaporeon, M|341\/464
|move|p2a: Vlad~Tepes|Roost|p2a: Vlad~Tepes
|-heal|p2a: Vlad~Tepes|353\/353 tox
|
|turn|24
|
|move|p2a: Vlad~Tepes|Earthquake|p1a: It's Ly Mife
|-damage|p1a: It's Ly Mife|239\/464
|move|p1a: It's Ly Mife|Scald|p2a: Vlad~Tepes
|-supereffective|p2a: Vlad~Tepes
|-damage|p2a: Vlad~Tepes|147\/353 tox
|
|-heal|p2a: Vlad~Tepes|191\/353 tox|[from] ability: Poison Heal
|turn|25
|
|move|p2a: Vlad~Tepes|Roost|p2a: Vlad~Tepes
|-heal|p2a: Vlad~Tepes|353\/353 tox
|move|p1a: It's Ly Mife|Wish|p1a: It's Ly Mife
|
|turn|26
|
|move|p2a: Vlad~Tepes|Taunt|p1a: It's Ly Mife
|-start|p1a: It's Ly Mife|move: Taunt
|move|p1a: It's Ly Mife|Scald|p2a: Vlad~Tepes
|-supereffective|p2a: Vlad~Tepes
|-damage|p2a: Vlad~Tepes|159\/353 tox
|
|-heal|p1a: It's Ly Mife|464\/464|[from] move: Wish|[wisher] It's Ly Mife
|-heal|p2a: Vlad~Tepes|203\/353 tox|[from] ability: Poison Heal
|turn|27
|
|switch|p2a: Big~Mama|Hippowdon, F|420\/420
|-damage|p2a: Big~Mama|394\/420|[from] Stealth Rock
|-weather|Sandstorm
|move|p1a: It's Ly Mife|Scald|p2a: Big~Mama
|-supereffective|p2a: Big~Mama
|-damage|p2a: Big~Mama|226\/420
|
|-weather|Sandstorm|[upkeep]
|-damage|p1a: It's Ly Mife|435\/464|[from] sandstorm
|-heal|p2a: Big~Mama|252\/420|[from] item: Leftovers
|turn|28
|
|move|p1a: It's Ly Mife|Scald|p2a: Big~Mama
|-supereffective|p2a: Big~Mama
|-damage|p2a: Big~Mama|76\/420
|move|p2a: Big~Mama|Stealth Rock|p1a: It's Ly Mife
|-sidestart|p1: Jon Bovi|move: Stealth Rock
|
|-weather|Sandstorm|[upkeep]
|-damage|p1a: It's Ly Mife|406\/464|[from] sandstorm
|-heal|p2a: Big~Mama|102\/420|[from] item: Leftovers
|-end|p1a: It's Ly Mife|move: Taunt
|turn|29
|
|switch|p1a: Pivin on a Lrayer|Donphan, M|384\/384
|-damage|p1a: Pivin on a Lrayer|360\/384|[from] Stealth Rock
|switch|p2a: Terra|Chansey, F|561\/641
|-damage|p2a: Terra|481\/641|[from] Stealth Rock
|
|-weather|Sandstorm|[upkeep]
|-damage|p2a: Terra|441\/641|[from] sandstorm
|-heal|p1a: Pivin on a Lrayer|384\/384|[from] item: Leftovers
|turn|30
|
|switch|p2a: Muramasa|Aegislash, F, shiny|265\/265
|-damage|p2a: Muramasa|249\/265|[from] Stealth Rock
|move|p1a: Pivin on a Lrayer|Rapid Spin|p2a: Muramasa
|-immune|p2a: Muramasa|[msg]
|
|-weather|Sandstorm|[upkeep]
|turn|31
|
|-formechange|p2a: Muramasa|Aegislash-Blade
|move|p2a: Muramasa|Shadow Ball|p1a: Pivin on a Lrayer
|-damage|p1a: Pivin on a Lrayer|90\/384
|-damage|p2a: Muramasa|223\/265|[from] item: Life Orb
|move|p1a: Pivin on a Lrayer|Earthquake|p2a: Muramasa
|-supereffective|p2a: Muramasa
|-damage|p2a: Muramasa|0 fnt
|faint|p2a: Muramasa
|
|-weather|none
|-heal|p1a: Pivin on a Lrayer|114\/384|[from] item: Leftovers
|
|switch|p2a: Kunoichi IIX|Greninja, F, shiny|285\/285
|-damage|p2a: Kunoichi IIX|250\/285|[from] Stealth Rock
|turn|32
|
|switch|p1a: It's Ly Mife|Vaporeon, M|406\/464
|-damage|p1a: It's Ly Mife|348\/464|[from] Stealth Rock
|move|p2a: Kunoichi IIX|Grass Knot|p1a: It's Ly Mife
|-start|p2a: Kunoichi IIX|typechange|Grass|[from] Protean
|-supereffective|p1a: It's Ly Mife
|-damage|p1a: It's Ly Mife|146\/464
|
|turn|33
|
|switch|p1a: Host Lighway|Hydreigon, M|325\/325
|-damage|p1a: Host Lighway|285\/325|[from] Stealth Rock
|move|p2a: Kunoichi IIX|Grass Knot|p1a: Host Lighway
|-resisted|p1a: Host Lighway
|-damage|p1a: Host Lighway|217\/325
|
|turn|34
|
|switch|p2a: Big~Mama|Hippowdon, F|102\/420
|-damage|p2a: Big~Mama|76\/420|[from] Stealth Rock
|-weather|Sandstorm
|move|p1a: Host Lighway|U-turn|p2a: Big~Mama
|-damage|p2a: Big~Mama|28\/420
|
|switch|p1a: Pivin on a Lrayer|Donphan, M|114\/384
|-damage|p1a: Pivin on a Lrayer|90\/384|[from] Stealth Rock
|
|-weather|Sandstorm|[upkeep]
|-heal|p1a: Pivin on a Lrayer|114\/384|[from] item: Leftovers
|-heal|p2a: Big~Mama|54\/420|[from] item: Leftovers
|turn|35
|
|move|p1a: Pivin on a Lrayer|Earthquake|p2a: Big~Mama
|-damage|p2a: Big~Mama|0 fnt
|faint|p2a: Big~Mama
|
|-weather|Sandstorm|[upkeep]
|-heal|p1a: Pivin on a Lrayer|138\/384|[from] item: Leftovers
|
|switch|p2a: Kunoichi IIX|Greninja, F, shiny|250\/285
|-damage|p2a: Kunoichi IIX|215\/285|[from] Stealth Rock
|turn|36
|
|switch|p1a: Host Lighway|Hydreigon, M|217\/325
|-damage|p1a: Host Lighway|177\/325|[from] Stealth Rock
|move|p2a: Kunoichi IIX|Ice Beam|p1a: Host Lighway
|-start|p2a: Kunoichi IIX|typechange|Ice|[from] Protean
|-supereffective|p1a: Host Lighway
|-damage|p1a: Host Lighway|0 fnt
|faint|p1a: Host Lighway
|
|-weather|Sandstorm|[upkeep]
|-damage|p2a: Kunoichi IIX|198\/285|[from] sandstorm
|
|switch|p1a: Red of Boses|Venusaur-Mega, M|363\/363
|-damage|p1a: Red of Boses|318\/363|[from] Stealth Rock
|turn|37
|
|move|p2a: Kunoichi IIX|U-turn|p1a: Red of Boses
|-start|p2a: Kunoichi IIX|typechange|Bug|[from] Protean
|-crit|p1a: Red of Boses
|-damage|p1a: Red of Boses|234\/363
|
|switch|p2a: Terra|Chansey, F|441\/641
|-damage|p2a: Terra|361\/641|[from] Stealth Rock
|move|p1a: Red of Boses|Sludge Bomb|p2a: Terra
|-damage|p2a: Terra|295\/641
|-status|p2a: Terra|psn
|
|-weather|Sandstorm|[upkeep]
|-damage|p1a: Red of Boses|212\/363|[from] sandstorm
|-damage|p2a: Terra|255\/641 psn|[from] sandstorm
|-damage|p2a: Terra|175\/641 psn|[from] psn
|turn|38
|
|switch|p1a: Pivin on a Lrayer|Donphan, M|138\/384
|-damage|p1a: Pivin on a Lrayer|114\/384|[from] Stealth Rock
|move|p2a: Terra|Seismic Toss|p1a: Pivin on a Lrayer
|-damage|p1a: Pivin on a Lrayer|14\/384
|
|-weather|none
|-heal|p1a: Pivin on a Lrayer|38\/384|[from] item: Leftovers
|-damage|p2a: Terra|95\/641 psn|[from] psn
|turn|39
|
|move|p2a: Terra|Seismic Toss|p1a: Pivin on a Lrayer
|-damage|p1a: Pivin on a Lrayer|0 fnt
|faint|p1a: Pivin on a Lrayer
|
|-damage|p2a: Terra|15\/641 psn|[from] psn
|
|switch|p1a: Red of Boses|Venusaur-Mega, M|212\/363
|-damage|p1a: Red of Boses|167\/363|[from] Stealth Rock
|turn|40
|
|move|p1a: Red of Boses|Giga Drain|p2a: Terra
|-damage|p2a: Terra|0 fnt
|-heal|p1a: Red of Boses|175\/363|[from] drain|[of] p2a: Terra
|faint|p2a: Terra
|
|
|switch|p2a: Vlad~Tepes|Gliscor, M|203\/353 tox
|-damage|p2a: Vlad~Tepes|159\/353 tox|[from] Stealth Rock
|turn|41
|
|move|p2a: Vlad~Tepes|Earthquake|p1a: Red of Boses
|-damage|p1a: Red of Boses|100\/363
|move|p1a: Red of Boses|Giga Drain|p2a: Vlad~Tepes
|-damage|p2a: Vlad~Tepes|65\/353 tox
|-heal|p1a: Red of Boses|147\/363|[from] drain|[of] p2a: Vlad~Tepes
|
|-heal|p2a: Vlad~Tepes|109\/353 tox|[from] ability: Poison Heal
|turn|42
|
|move|p2a: Vlad~Tepes|Taunt|p1a: Red of Boses
|-start|p1a: Red of Boses|move: Taunt
|move|p1a: Red of Boses|Giga Drain|p2a: Vlad~Tepes
|-damage|p2a: Vlad~Tepes|15\/353 tox
|-heal|p1a: Red of Boses|194\/363|[from] drain|[of] p2a: Vlad~Tepes
|
|-heal|p2a: Vlad~Tepes|59\/353 tox|[from] ability: Poison Heal
|turn|43
|
|move|p2a: Vlad~Tepes|Earthquake|p1a: Red of Boses
|-damage|p1a: Red of Boses|122\/363
|move|p1a: Red of Boses|Giga Drain|p2a: Vlad~Tepes
|-damage|p2a: Vlad~Tepes|0 fnt
|-heal|p1a: Red of Boses|152\/363|[from] drain|[of] p2a: Vlad~Tepes
|faint|p2a: Vlad~Tepes
|
|
|switch|p2a: Kunoichi IIX|Greninja, F, shiny|198\/285
|-damage|p2a: Kunoichi IIX|163\/285|[from] Stealth Rock
|turn|44
|
|switch|p1a: Glaze of Blory|Talonflame, M|139\/309
|-damage|p1a: Glaze of Blory|0 fnt|[from] Stealth Rock
|faint|p1a: Glaze of Blory
|move|p2a: Kunoichi IIX|Ice Beam|p1: Glaze of Blory|[notarget]
|-notarget
|
|
|switch|p1a: Red of Boses|Venusaur-Mega, M|152\/363
|-damage|p1a: Red of Boses|107\/363|[from] Stealth Rock
|turn|45
|
|move|p2a: Kunoichi IIX|Ice Beam|p1a: Red of Boses
|-start|p2a: Kunoichi IIX|typechange|Ice|[from] Protean
|-supereffective|p1a: Red of Boses
|-damage|p1a: Red of Boses|0 fnt
|faint|p1a: Red of Boses
|
|chat|Jon Bovi|Gg
|-message|Jon Bovi forfeited.
|
|win|BreederGangBoss
|raw|Ladder updating...
|leave|Jon Bovi
|player|p1
|raw|Jon Bovi's rating: 1801 &rarr; <strong>1777<\/strong><br \/>(-24 for losing)
|raw|BreederGangBoss's rating: 1734 &rarr; <strong>1758<\/strong><br \/>(+24 for winning)