|join|Jon Bovi
|join|Eddy
|player|p1|Jon Bovi|240
|player|p2|Eddy|161
|gametype|singles
|gen|6
|tier|OU
|rated
|clearpoke
|poke|p1|Donphan, M
|poke|p1|Venusaur, M
|poke|p1|Gengar, M
|poke|p1|Keldeo-Resolute
|poke|p1|Heatran, F
|poke|p1|Tornadus-Therian, M
|poke|p2|Medicham, M
|poke|p2|Bisharp, M
|poke|p2|Latias, F
|poke|p2|Garchomp, M
|poke|p2|Rotom-Wash
|poke|p2|Talonflame, M
|rule|Swagger Clause: Swagger is banned
|rule|Baton Pass Clause: Limit one PokÃ©mon knowing Baton Pass
|rule|Sleep Clause Mod: Limit one foe put to sleep
|rule|Species Clause: Limit one of each PokÃ©mon
|rule|OHKO Clause: OHKO moves are banned
|rule|Moody Clause: Moody is banned
|rule|Evasion Moves Clause: Evasion moves are banned
|rule|Endless Battle Clause: Forcing endless battles is banned
|rule|HP Percentage Mod: HP is reported as percentages
|teampreview
|join|hiomate
|chat|Jon Bovi|Gl hf
|chat|Eddy|stfu
|chat|hiomate|klappe man
|
|start
|switch|p1a: Gengar|Gengar, M|261\/261
|switch|p2a: Medicham|Medicham, M|262\/262
|turn|1
|chat|Jon Bovi|Wtf screw u
|join|garboyum
|chat|garboyum|jaja
|chat|garboyum|die sprÃ¼che kennen wir alle
|
|switch|p2a: Bisharp|Bisharp, M|299\/299
|move|p1a: Gengar|Focus Blast|p2a: Bisharp
|-supereffective|p2a: Bisharp
|-damage|p2a: Bisharp|0 fnt
|-damage|p1a: Gengar|235\/261|[from] item: Life Orb
|faint|p2a: Bisharp
|
|
|switch|p2a: Talonflame|Talonflame, M|297\/297
|turn|2
|
|switch|p1a: Heatran|Heatran, F|385\/385
|move|p2a: Talonflame|U-turn|p1a: Heatran
|-resisted|p1a: Heatran
|-damage|p1a: Heatran|363\/385
|
|switch|p2a: Medicham|Medicham, M|262\/262
|
|-heal|p1a: Heatran|385\/385|[from] item: Leftovers
|turn|3
|
|switch|p1a: Tornadus-Therian|Tornadus-Therian, M|332\/332
|detailschange|p2a: Medicham|Medicham-Mega, M
|message|Medicham has Mega Evolved into Mega Medicham!
|move|p2a: Medicham|Psycho Cut|p1a: Tornadus-Therian
|-damage|p1a: Tornadus-Therian|64\/332
|
|turn|4
|
|switch|p2a: Rotom-Wash|Rotom-Wash|303\/303
|move|p1a: Tornadus-Therian|U-turn|p2a: Rotom-Wash
|-crit|p2a: Rotom-Wash
|-damage|p2a: Rotom-Wash|251\/303
|
|switch|p1a: Venusaur|Venusaur, M|363\/363
|
|-heal|p2a: Rotom-Wash|269\/303|[from] item: Leftovers
|turn|5
|
|detailschange|p1a: Venusaur|Venusaur-Mega, M
|message|Venusaur has Mega Evolved into Mega Venusaur!
|move|p2a: Rotom-Wash|Volt Switch|p1a: Venusaur
|-crit|p1a: Venusaur
|-resisted|p1a: Venusaur
|-damage|p1a: Venusaur|310\/363
|
|switch|p2a: Latias|Latias, F|319\/319
|move|p1a: Venusaur|Giga Drain|p2a: Latias
|-resisted|p2a: Latias
|-damage|p2a: Latias|276\/319
|-heal|p1a: Venusaur|332\/363|[from] drain|[of] p2a: Latias
|
|turn|6
|
|switch|p2a: Medicham|Medicham-Mega, M|262\/262
|switch|p1a: Heatran|Heatran, F|385\/385
|
|turn|7
|
|switch|p1a: Tornadus-Therian|Tornadus-Therian, M|174\/332
|move|p2a: Medicham|High Jump Kick|p1a: Tornadus-Therian
|-resisted|p1a: Tornadus-Therian
|-damage|p1a: Tornadus-Therian|0 fnt
|faint|p1a: Tornadus-Therian
|
|
|switch|p1a: Gengar|Gengar, M|235\/261
|turn|8
|
|move|p1a: Gengar|Shadow Ball|p2a: Medicham
|-supereffective|p2a: Medicham
|-damage|p2a: Medicham|0 fnt
|-damage|p1a: Gengar|209\/261|[from] item: Life Orb
|faint|p2a: Medicham
|
|
|switch|p2a: Talonflame|Talonflame, M|297\/297
|turn|9
|
|switch|p1a: Heatran|Heatran, F|385\/385
|move|p2a: Talonflame|U-turn|p1a: Heatran
|-resisted|p1a: Heatran
|-damage|p1a: Heatran|360\/385
|
|switch|p2a: Garchomp|Garchomp, M|358\/358
|
|-heal|p1a: Heatran|384\/385|[from] item: Leftovers
|turn|10
|
|switch|p1a: Donphan|Donphan, M|384\/384
|move|p2a: Garchomp|Earthquake|p1a: Donphan
|-damage|p1a: Donphan|239\/384
|
|-heal|p1a: Donphan|263\/384|[from] item: Leftovers
|turn|11
|
|switch|p2a: Rotom-Wash|Rotom-Wash|269\/303
|switch|p1a: Gengar|Gengar, M|209\/261
|
|-heal|p2a: Rotom-Wash|287\/303|[from] item: Leftovers
|turn|12
|
|move|p1a: Gengar|Sludge Wave|p2a: Rotom-Wash
|-damage|p2a: Rotom-Wash|61\/303
|-damage|p1a: Gengar|183\/261|[from] item: Life Orb
|move|p2a: Rotom-Wash|Volt Switch|p1a: Gengar
|-damage|p1a: Gengar|78\/261
|
|switch|p2a: Talonflame|Talonflame, M|297\/297
|
|turn|13
|
|switch|p1a: Heatran|Heatran, F|384\/385
|move|p2a: Talonflame|U-turn|p1a: Heatran
|-resisted|p1a: Heatran
|-damage|p1a: Heatran|363\/385
|
|switch|p2a: Rotom-Wash|Rotom-Wash|61\/303
|
|-heal|p2a: Rotom-Wash|79\/303|[from] item: Leftovers
|-heal|p1a: Heatran|385\/385|[from] item: Leftovers
|turn|14
|
|move|p2a: Rotom-Wash|Hydro Pump|p1a: Heatran
|-supereffective|p1a: Heatran
|-damage|p1a: Heatran|203\/385
|move|p1a: Heatran|Stealth Rock|p2a: Rotom-Wash
|-sidestart|p2: Eddy|move: Stealth Rock
|
|-heal|p2a: Rotom-Wash|97\/303|[from] item: Leftovers
|-heal|p1a: Heatran|227\/385|[from] item: Leftovers
|turn|15
|
|switch|p1a: Venusaur|Venusaur-Mega, M|332\/363
|move|p2a: Rotom-Wash|Hydro Pump|p1a: Venusaur
|-resisted|p1a: Venusaur
|-damage|p1a: Venusaur|276\/363
|
|-heal|p2a: Rotom-Wash|115\/303|[from] item: Leftovers
|turn|16
|
|move|p2a: Rotom-Wash|Volt Switch|p1a: Venusaur
|-resisted|p1a: Venusaur
|-damage|p1a: Venusaur|238\/363
|
|switch|p2a: Latias|Latias, F|276\/319
|-damage|p2a: Latias|237\/319|[from] Stealth Rock
|move|p1a: Venusaur|Sludge Bomb|p2a: Latias
|-damage|p2a: Latias|141\/319
|-status|p2a: Latias|psn
|
|-damage|p2a: Latias|102\/319 psn|[from] psn
|turn|17
|
|switch|p1a: Heatran|Heatran, F|227\/385
|move|p2a: Latias|Defog|p1a: Heatran
|-unboost|p1a: Heatran|evasion|1
|-sideend|p2: Eddy|Stealth Rock|[from] move: Defog|[of] p2a: Latias
|
|-heal|p1a: Heatran|251\/385|[from] item: Leftovers
|-damage|p2a: Latias|63\/319 psn|[from] psn
|turn|18
|leave|garboyum
|
|switch|p2a: Garchomp|Garchomp, M|358\/358
|move|p1a: Heatran|Stealth Rock|p2a: Garchomp
|-sidestart|p2: Eddy|move: Stealth Rock
|
|-heal|p1a: Heatran|275\/385|[from] item: Leftovers
|turn|19
|
|switch|p1a: Keldeo-Resolute|Keldeo-Resolute|322\/322
|move|p2a: Garchomp|Swords Dance|p2a: Garchomp
|-boost|p2a: Garchomp|atk|2
|
|turn|20
|
|move|p1a: Keldeo-Resolute|Scald|p2a: Garchomp
|-damage|p2a: Garchomp|114\/358
|move|p2a: Garchomp|Earthquake|p1a: Keldeo-Resolute
|-damage|p1a: Keldeo-Resolute|0 fnt
|faint|p1a: Keldeo-Resolute
|
|
|switch|p1a: Gengar|Gengar, M|78\/261
|turn|21
|
|switch|p2a: Rotom-Wash|Rotom-Wash|115\/303
|-damage|p2a: Rotom-Wash|78\/303|[from] Stealth Rock
|move|p1a: Gengar|Shadow Ball|p2a: Rotom-Wash
|-damage|p2a: Rotom-Wash|0 fnt
|-damage|p1a: Gengar|52\/261|[from] item: Life Orb
|faint|p2a: Rotom-Wash
|
|join|garboyum
|leave|garboyum
|
|switch|p2a: Talonflame|Talonflame, M|297\/297
|-damage|p2a: Talonflame|149\/297|[from] Stealth Rock
|turn|22
|
|switch|p1a: Heatran|Heatran, F|275\/385
|move|p2a: Talonflame|Tailwind|p2a: Talonflame
|-sidestart|p2: Eddy|move: Tailwind
|
|-heal|p1a: Heatran|299\/385|[from] item: Leftovers
|turn|23
|
|switch|p2a: Garchomp|Garchomp, M|114\/358
|-damage|p2a: Garchomp|92\/358|[from] Stealth Rock
|move|p1a: Heatran|Toxic|p2a: Garchomp
|-status|p2a: Garchomp|tox
|
|-heal|p1a: Heatran|323\/385|[from] item: Leftovers
|-damage|p2a: Garchomp|70\/358 tox|[from] psn
|turn|24
|
|switch|p1a: Venusaur|Venusaur-Mega, M|238\/363
|move|p2a: Garchomp|Earthquake|p1a: Venusaur
|-damage|p1a: Venusaur|117\/363
|
|-damage|p2a: Garchomp|26\/358 tox|[from] psn
|turn|25
|
|move|p2a: Garchomp|Outrage|p1a: Venusaur
|-damage|p1a: Venusaur|0 fnt
|faint|p1a: Venusaur
|
|-damage|p2a: Garchomp|0 fnt|[from] psn
|-sideend|p2: Eddy|move: Tailwind
|faint|p2a: Garchomp
|
|switch|p2a: Latias|Latias, F|63\/319 psn
|-damage|p2a: Latias|24\/319 psn|[from] Stealth Rock
|switch|p1a: Donphan|Donphan, M|263\/384
|turn|26
|chat|Jon Bovi|Gg
|
|move|p1a: Donphan|Ice Shard|p2a: Latias
|-supereffective|p2a: Latias
|-damage|p2a: Latias|0 fnt
|faint|p2a: Latias
|
|-heal|p1a: Donphan|287\/384|[from] item: Leftovers
|
|switch|p2a: Talonflame|Talonflame, M|149\/297
|-damage|p2a: Talonflame|1\/297|[from] Stealth Rock
|turn|27
|
|move|p2a: Talonflame|Brave Bird|p1a: Donphan
|-damage|p1a: Donphan|71\/384
|-damage|p2a: Talonflame|0 fnt|[from] recoil|[of] p1a: Donphan
|faint|p2a: Talonflame
|
|win|Jon Bovi
|raw|Ladder updating...
|raw|Jon Bovi's rating: 1780 &rarr; <strong>1801<\/strong><br \/>(+21 for winning)
|raw|Eddy's rating: 1807 &rarr; <strong>1785<\/strong><br \/>(-22 for losing)
|leave|hiomate