|join|Jon Bovi
|join|Mega-Luc
|player|p1|Jon Bovi|240
|player|p2|Mega-Luc|166
|gametype|singles
|gen|6
|tier|OU
|rated
|clearpoke
|poke|p1|Donphan, M
|poke|p1|Venusaur, M
|poke|p1|Aegislash, M
|poke|p1|Conkeldurr, M
|poke|p1|Heatran, F
|poke|p1|Gyarados, F
|poke|p2|Chansey, F
|poke|p2|Keldeo
|poke|p2|Heatran, F
|poke|p2|Skarmory, F
|poke|p2|Bisharp, F
|poke|p2|Venusaur, F
|rule|Swagger Clause: Swagger is banned
|rule|Baton Pass Clause: Limit one PokÃ©mon knowing Baton Pass
|rule|Sleep Clause Mod: Limit one foe put to sleep
|rule|Species Clause: Limit one of each PokÃ©mon
|rule|OHKO Clause: OHKO moves are banned
|rule|Moody Clause: Moody is banned
|rule|Evasion Moves Clause: Evasion moves are banned
|rule|Endless Battle Clause: Forcing endless battles is banned
|rule|HP Percentage Mod: HP is reported as percentages
|teampreview
|chat|Jon Bovi|Gl hf
|chat|Mega-Luc|u2
|
|start
|switch|p1a: Heatran|Heatran, F|385\/385
|switch|p2a: Venusaur|Venusaur, F|362\/362
|turn|1
|
|switch|p2a: Heatran|Heatran, F|386\/386
|-item|p2a: Heatran|Air Balloon
|move|p1a: Heatran|Taunt|p2a: Heatran
|-start|p2a: Heatran|move: Taunt
|
|turn|2
|
|switch|p2a: Keldeo|Keldeo|323\/323
|move|p1a: Heatran|Stealth Rock|p2a: Keldeo
|-sidestart|p2: Mega-Luc|move: Stealth Rock
|
|turn|3
|
|switch|p1a: Venusaur|Venusaur, M|363\/363
|move|p2a: Keldeo|Scald|p1a: Venusaur
|-resisted|p1a: Venusaur
|-damage|p1a: Venusaur|288\/363
|
|turn|4
|
|switch|p2a: Heatran|Heatran, F|386\/386
|-damage|p2a: Heatran|338\/386|[from] Stealth Rock
|-item|p2a: Heatran|Air Balloon
|detailschange|p1a: Venusaur|Venusaur-Mega, M
|message|Venusaur has Mega Evolved into Mega Venusaur!
|move|p1a: Venusaur|Giga Drain|p2a: Heatran
|-resisted|p2a: Heatran
|-damage|p2a: Heatran|320\/386
|-heal|p1a: Venusaur|297\/363|[from] drain|[of] p2a: Heatran
|-enditem|p2a: Heatran|Air Balloon
|
|turn|5
|
|move|p1a: Venusaur|Sleep Powder|p2a: Heatran
|-status|p2a: Heatran|slp
|cant|p2a: Heatran|slp
|
|turn|6
|
|switch|p1a: Gyarados|Gyarados, F|339\/339
|-ability|p1a: Gyarados|Intimidate|[of] p2a: Heatran
|-unboost|p2a: Heatran|atk|1
|-curestatus|p2a: Heatran|slp
|move|p2a: Heatran|Stealth Rock|p1a: Gyarados
|-sidestart|p1: Jon Bovi|move: Stealth Rock
|
|turn|7
|
|move|p1a: Gyarados|Dragon Dance|p1a: Gyarados
|-boost|p1a: Gyarados|atk|1
|-boost|p1a: Gyarados|spe|1
|move|p2a: Heatran|Toxic|p1a: Gyarados
|-status|p1a: Gyarados|tox
|
|-damage|p1a: Gyarados|318\/339 tox|[from] psn
|turn|8
|
|switch|p2a: Skarmory|Skarmory, F|334\/334
|-damage|p2a: Skarmory|293\/334|[from] Stealth Rock
|move|p1a: Gyarados|Dragon Dance|p1a: Gyarados
|-boost|p1a: Gyarados|atk|1
|-boost|p1a: Gyarados|spe|1
|
|-heal|p1a: Gyarados|339\/339 tox|[from] item: Leftovers
|-damage|p1a: Gyarados|297\/339 tox|[from] psn
|turn|9
|
|move|p1a: Gyarados|Taunt|p2a: Skarmory
|-start|p2a: Skarmory|move: Taunt
|move|p2a: Skarmory|Counter|p1a: Gyarados
|-fail|p1a: Gyarados
|
|-heal|p1a: Gyarados|318\/339 tox|[from] item: Leftovers
|-damage|p1a: Gyarados|255\/339 tox|[from] psn
|turn|10
|
|switch|p2a: Venusaur|Venusaur, F|362\/362
|-damage|p2a: Venusaur|317\/362|[from] Stealth Rock
|move|p1a: Gyarados|Waterfall|p2a: Venusaur
|-resisted|p2a: Venusaur
|-damage|p2a: Venusaur|202\/362
|
|-heal|p1a: Gyarados|276\/339 tox|[from] item: Leftovers
|-damage|p1a: Gyarados|192\/339 tox|[from] psn
|turn|11
|
|switch|p1a: Aegislash|Aegislash, M|282\/282
|-damage|p1a: Aegislash|265\/282|[from] Stealth Rock
|detailschange|p2a: Venusaur|Venusaur-Mega, F
|message|Venusaur has Mega Evolved into Mega Venusaur!
|move|p2a: Venusaur|Synthesis|p2a: Venusaur
|-heal|p2a: Venusaur|362\/362
|
|-heal|p1a: Aegislash|282\/282|[from] item: Leftovers
|turn|12
|
|move|p2a: Venusaur|Leech Seed|p1a: Aegislash
|-start|p1a: Aegislash|move: Leech Seed
|-formechange|p1a: Aegislash|Aegislash-Blade
|move|p1a: Aegislash|Shadow Ball|p2a: Venusaur
|-damage|p2a: Venusaur|235\/362
|-unboost|p2a: Venusaur|spd|1
|
|-damage|p1a: Aegislash|247\/282|[from] Leech Seed|[of] p2a: Venusaur
|-heal|p2a: Venusaur|270\/362|[silent]
|turn|13
|
|switch|p1a: Heatran|Heatran, F|385\/385
|-damage|p1a: Heatran|337\/385|[from] Stealth Rock
|move|p2a: Venusaur|Hidden Power|p1a: Heatran
|-start|p1a: Heatran|ability: Flash Fire
|
|-heal|p1a: Heatran|361\/385|[from] item: Leftovers
|turn|14
|
|switch|p2a: Chansey|Chansey, F|704\/704
|-damage|p2a: Chansey|616\/704|[from] Stealth Rock
|move|p1a: Heatran|Taunt|p2a: Chansey
|-start|p2a: Chansey|move: Taunt
|
|-heal|p1a: Heatran|385\/385|[from] item: Leftovers
|turn|15
|
|switch|p2a: Heatran|Heatran, F|320\/386
|-damage|p2a: Heatran|272\/386|[from] Stealth Rock
|move|p1a: Heatran|Toxic|p2a: Heatran
|-fail|p2a: Heatran
|
|turn|16
|
|switch|p1a: Conkeldurr|Conkeldurr, M|351\/351
|-damage|p1a: Conkeldurr|330\/351|[from] Stealth Rock
|move|p2a: Heatran|Taunt|p1a: Conkeldurr
|-start|p1a: Conkeldurr|move: Taunt
|
|turn|17
|
|switch|p2a: Venusaur|Venusaur-Mega, F|270\/362
|-damage|p2a: Venusaur|225\/362|[from] Stealth Rock
|move|p1a: Conkeldurr|Drain Punch|p2a: Venusaur
|-resisted|p2a: Venusaur
|-damage|p2a: Venusaur|178\/362
|-heal|p1a: Conkeldurr|351\/351|[from] drain|[of] p2a: Venusaur
|
|turn|18
|
|switch|p1a: Heatran|Heatran, F|385\/385
|-damage|p1a: Heatran|337\/385|[from] Stealth Rock
|move|p2a: Venusaur|Synthesis|p2a: Venusaur
|-heal|p2a: Venusaur|359\/362
|
|-heal|p1a: Heatran|361\/385|[from] item: Leftovers
|turn|19
|
|switch|p2a: Keldeo|Keldeo|323\/323
|-damage|p2a: Keldeo|303\/323|[from] Stealth Rock
|move|p1a: Heatran|Taunt|p2a: Keldeo
|-start|p2a: Keldeo|move: Taunt
|
|-heal|p2a: Keldeo|323\/323|[from] item: Leftovers
|-heal|p1a: Heatran|385\/385|[from] item: Leftovers
|turn|20
|
|switch|p1a: Aegislash|Aegislash, M|247\/282
|-damage|p1a: Aegislash|230\/282|[from] Stealth Rock
|move|p2a: Keldeo|Scald|p1a: Aegislash
|-damage|p1a: Aegislash|143\/282
|
|-heal|p1a: Aegislash|160\/282|[from] item: Leftovers
|turn|21
|
|move|p2a: Keldeo|Scald|p1a: Aegislash
|-damage|p1a: Aegislash|57\/282
|-status|p1a: Aegislash|brn
|-formechange|p1a: Aegislash|Aegislash-Blade
|move|p1a: Aegislash|Shadow Ball|p2a: Keldeo
|-damage|p2a: Keldeo|175\/323
|
|-heal|p2a: Keldeo|195\/323|[from] item: Leftovers
|-heal|p1a: Aegislash|74\/282 brn|[from] item: Leftovers
|-damage|p1a: Aegislash|39\/282 brn|[from] brn
|turn|22
|
|switch|p2a: Skarmory|Skarmory, F|293\/334
|-damage|p2a: Skarmory|252\/334|[from] Stealth Rock
|move|p1a: Aegislash|Shadow Ball|p2a: Skarmory
|-damage|p2a: Skarmory|53\/334
|-unboost|p2a: Skarmory|spd|1
|
|-heal|p1a: Aegislash|56\/282 brn|[from] item: Leftovers
|-damage|p1a: Aegislash|21\/282 brn|[from] brn
|turn|23
|
|move|p2a: Skarmory|Spikes|p1a: Aegislash
|-sidestart|p1: Jon Bovi|Spikes
|move|p1a: Aegislash|Shadow Ball|p2a: Skarmory
|-damage|p2a: Skarmory|0 fnt
|faint|p2a: Skarmory
|
|-heal|p1a: Aegislash|38\/282 brn|[from] item: Leftovers
|-damage|p1a: Aegislash|3\/282 brn|[from] brn
|chat|Mega-Luc|lol that was bad
|
|switch|p2a: Keldeo|Keldeo|195\/323
|-damage|p2a: Keldeo|175\/323|[from] Stealth Rock
|turn|24
|
|move|p2a: Keldeo|Scald|p1a: Aegislash
|-damage|p1a: Aegislash|0 fnt
|faint|p1a: Aegislash
|
|-heal|p2a: Keldeo|195\/323|[from] item: Leftovers
|
|switch|p1a: Venusaur|Venusaur-Mega, M|297\/363
|-damage|p1a: Venusaur|252\/363|[from] Stealth Rock
|-damage|p1a: Venusaur|207\/363|[from] Spikes
|turn|25
|
|switch|p2a: Heatran|Heatran, F|272\/386
|-damage|p2a: Heatran|224\/386|[from] Stealth Rock
|move|p1a: Venusaur|Synthesis|p1a: Venusaur
|-heal|p1a: Venusaur|363\/363
|
|turn|26
|
|move|p1a: Venusaur|Sleep Powder|p2a: Heatran
|-status|p2a: Heatran|slp
|cant|p2a: Heatran|slp
|
|turn|27
|
|switch|p1a: Donphan|Donphan, M|384\/384
|-damage|p1a: Donphan|360\/384|[from] Stealth Rock
|-damage|p1a: Donphan|312\/384|[from] Spikes
|switch|p2a: Venusaur|Venusaur-Mega, F|359\/362
|-damage|p2a: Venusaur|314\/362|[from] Stealth Rock
|
|-heal|p1a: Donphan|336\/384|[from] item: Leftovers
|turn|28
|
|move|p2a: Venusaur|Giga Drain|p1a: Donphan
|-supereffective|p1a: Donphan
|-damage|p1a: Donphan|22\/384
|-heal|p2a: Venusaur|362\/362|[from] drain|[of] p1a: Donphan
|move|p1a: Donphan|Rapid Spin|p2a: Venusaur
|-damage|p2a: Venusaur|345\/362
|-sideend|p1: Jon Bovi|Spikes|[from] move: Rapid Spin|[of] p1a: Donphan
|-sideend|p1: Jon Bovi|Stealth Rock|[from] move: Rapid Spin|[of] p1a: Donphan
|
|-heal|p1a: Donphan|46\/384|[from] item: Leftovers
|turn|29
|
|switch|p1a: Heatran|Heatran, F|385\/385
|move|p2a: Venusaur|Hidden Power|p1a: Heatran
|-start|p1a: Heatran|ability: Flash Fire
|
|turn|30
|
|switch|p2a: Chansey|Chansey, F|616\/704
|-damage|p2a: Chansey|528\/704|[from] Stealth Rock
|move|p1a: Heatran|Taunt|p2a: Chansey
|-start|p2a: Chansey|move: Taunt
|
|turn|31
|
|move|p1a: Heatran|Toxic|p2a: Chansey
|-status|p2a: Chansey|tox
|move|p2a: Chansey|Seismic Toss|p1a: Heatran
|-damage|p1a: Heatran|285\/385
|
|-heal|p1a: Heatran|309\/385|[from] item: Leftovers
|-damage|p2a: Chansey|484\/704 tox|[from] psn
|turn|32
|
|switch|p2a: Heatran|Heatran, F|224\/386 slp
|-damage|p2a: Heatran|176\/386 slp|[from] Stealth Rock
|move|p1a: Heatran|Taunt|p2a: Heatran
|-start|p2a: Heatran|move: Taunt
|
|-heal|p1a: Heatran|333\/385|[from] item: Leftovers
|turn|33
|
|switch|p1a: Donphan|Donphan, M|46\/384
|cant|p2a: Heatran|slp
|
|-heal|p1a: Donphan|70\/384|[from] item: Leftovers
|turn|34
|
|switch|p2a: Venusaur|Venusaur-Mega, F|345\/362
|-damage|p2a: Venusaur|300\/362|[from] Stealth Rock
|move|p1a: Donphan|Earthquake|p2a: Venusaur
|-damage|p2a: Venusaur|191\/362
|
|-heal|p1a: Donphan|94\/384|[from] item: Leftovers
|turn|35
|
|switch|p1a: Venusaur|Venusaur-Mega, M|363\/363
|move|p2a: Venusaur|Giga Drain|p1a: Venusaur
|-resisted|p1a: Venusaur
|-damage|p1a: Venusaur|341\/363
|-heal|p2a: Venusaur|202\/362|[from] drain|[of] p1a: Venusaur
|
|turn|36
|
|switch|p1a: Heatran|Heatran, F|333\/385
|move|p2a: Venusaur|Synthesis|p2a: Venusaur
|-heal|p2a: Venusaur|362\/362
|
|-heal|p1a: Heatran|357\/385|[from] item: Leftovers
|turn|37
|
|switch|p2a: Heatran|Heatran, F|176\/386 slp
|-damage|p2a: Heatran|128\/386 slp|[from] Stealth Rock
|move|p1a: Heatran|Taunt|p2a: Heatran
|-start|p2a: Heatran|move: Taunt
|
|-heal|p1a: Heatran|381\/385|[from] item: Leftovers
|turn|38
|
|switch|p1a: Gyarados|Gyarados, F|192\/339 tox
|-ability|p1a: Gyarados|Intimidate|[of] p2a: Heatran
|-unboost|p2a: Heatran|atk|1
|-curestatus|p2a: Heatran|slp
|move|p2a: Heatran|Lava Plume|p1a: Gyarados
|-resisted|p1a: Gyarados
|-damage|p1a: Gyarados|135\/339 tox
|
|-heal|p1a: Gyarados|156\/339 tox|[from] item: Leftovers
|-damage|p1a: Gyarados|135\/339 tox|[from] psn
|turn|39
|
|switch|p2a: Venusaur|Venusaur-Mega, F|362\/362
|-damage|p2a: Venusaur|317\/362|[from] Stealth Rock
|move|p1a: Gyarados|Waterfall|p2a: Venusaur
|-resisted|p2a: Venusaur
|-damage|p2a: Venusaur|266\/362
|
|-heal|p1a: Gyarados|156\/339 tox|[from] item: Leftovers
|-damage|p1a: Gyarados|114\/339 tox|[from] psn
|turn|40
|
|switch|p1a: Heatran|Heatran, F|381\/385
|move|p2a: Venusaur|Leech Seed|p1a: Heatran
|-start|p1a: Heatran|move: Leech Seed
|
|-heal|p1a: Heatran|385\/385|[from] item: Leftovers
|-damage|p1a: Heatran|337\/385|[from] Leech Seed|[of] p2a: Venusaur
|-heal|p2a: Venusaur|314\/362|[silent]
|turn|41
|
|switch|p1a: Conkeldurr|Conkeldurr, M|351\/351
|move|p2a: Venusaur|Giga Drain|p1a: Conkeldurr
|-damage|p1a: Conkeldurr|287\/351
|-heal|p2a: Venusaur|346\/362|[from] drain|[of] p1a: Conkeldurr
|
|turn|42
|
|switch|p1a: Venusaur|Venusaur-Mega, M|341\/363
|move|p2a: Venusaur|Leech Seed|p1a: Venusaur
|-immune|p1a: Venusaur|[msg]
|
|turn|43
|
|switch|p1a: Heatran|Heatran, F|337\/385
|move|p2a: Venusaur|Leech Seed|p1a: Heatran
|-start|p1a: Heatran|move: Leech Seed
|
|-heal|p1a: Heatran|361\/385|[from] item: Leftovers
|-damage|p1a: Heatran|313\/385|[from] Leech Seed|[of] p2a: Venusaur
|-heal|p2a: Venusaur|362\/362|[silent]
|turn|44
|
|switch|p1a: Conkeldurr|Conkeldurr, M|287\/351
|switch|p2a: Heatran|Heatran, F|128\/386
|-damage|p2a: Heatran|80\/386|[from] Stealth Rock
|
|turn|45
|
|switch|p2a: Venusaur|Venusaur-Mega, F|362\/362
|-damage|p2a: Venusaur|317\/362|[from] Stealth Rock
|move|p1a: Conkeldurr|Mach Punch|p2a: Venusaur
|-crit|p2a: Venusaur
|-resisted|p2a: Venusaur
|-damage|p2a: Venusaur|282\/362
|
|turn|46
|
|switch|p1a: Venusaur|Venusaur-Mega, M|341\/363
|move|p2a: Venusaur|Giga Drain|p1a: Venusaur
|-resisted|p1a: Venusaur
|-damage|p1a: Venusaur|317\/363
|-heal|p2a: Venusaur|294\/362|[from] drain|[of] p1a: Venusaur
|
|turn|47
|
|move|p1a: Venusaur|Sludge Bomb|p2a: Venusaur
|-damage|p2a: Venusaur|176\/362
|move|p2a: Venusaur|Hidden Power|p1a: Venusaur
|-supereffective|p1a: Venusaur
|-damage|p1a: Venusaur|263\/363
|
|turn|48
|
|move|p1a: Venusaur|Sludge Bomb|p2a: Venusaur
|-damage|p2a: Venusaur|62\/362
|move|p2a: Venusaur|Synthesis|p2a: Venusaur
|-heal|p2a: Venusaur|243\/362
|
|turn|49
|
|switch|p2a: Heatran|Heatran, F|80\/386
|-damage|p2a: Heatran|32\/386|[from] Stealth Rock
|move|p1a: Venusaur|Sludge Bomb|p2a: Heatran
|-immune|p2a: Heatran|[msg]
|
|turn|50
|
|move|p1a: Venusaur|Sleep Powder|p2a: Heatran
|-status|p2a: Heatran|slp
|cant|p2a: Heatran|slp
|
|turn|51
|
|switch|p1a: Conkeldurr|Conkeldurr, M|287\/351
|cant|p2a: Heatran|slp
|
|turn|52
|
|move|p1a: Conkeldurr|Mach Punch|p2a: Heatran
|-supereffective|p2a: Heatran
|-damage|p2a: Heatran|0 fnt
|faint|p2a: Heatran
|
|
|switch|p2a: Venusaur|Venusaur-Mega, F|243\/362
|-damage|p2a: Venusaur|198\/362|[from] Stealth Rock
|turn|53
|
|switch|p1a: Heatran|Heatran, F|313\/385
|move|p2a: Venusaur|Giga Drain|p1a: Heatran
|-resisted|p1a: Heatran
|-damage|p1a: Heatran|296\/385
|-heal|p2a: Venusaur|207\/362|[from] drain|[of] p1a: Heatran
|
|-heal|p1a: Heatran|320\/385|[from] item: Leftovers
|turn|54
|
|switch|p2a: Keldeo|Keldeo|195\/323
|-damage|p2a: Keldeo|175\/323|[from] Stealth Rock
|move|p1a: Heatran|Taunt|p2a: Keldeo
|-start|p2a: Keldeo|move: Taunt
|
|-heal|p2a: Keldeo|195\/323|[from] item: Leftovers
|-heal|p1a: Heatran|344\/385|[from] item: Leftovers
|turn|55
|
|switch|p1a: Gyarados|Gyarados, F|114\/339 tox
|-ability|p1a: Gyarados|Intimidate|[of] p2a: Keldeo
|-unboost|p2a: Keldeo|atk|1
|move|p2a: Keldeo|Scald|p1a: Gyarados
|-resisted|p1a: Gyarados
|-damage|p1a: Gyarados|47\/339 tox
|
|-heal|p2a: Keldeo|215\/323|[from] item: Leftovers
|-heal|p1a: Gyarados|68\/339 tox|[from] item: Leftovers
|-damage|p1a: Gyarados|47\/339 tox|[from] psn
|turn|56
|
|move|p2a: Keldeo|Scald|p1a: Gyarados
|-resisted|p1a: Gyarados
|-damage|p1a: Gyarados|0 fnt
|faint|p1a: Gyarados
|
|-heal|p2a: Keldeo|235\/323|[from] item: Leftovers
|
|switch|p1a: Venusaur|Venusaur-Mega, M|263\/363
|turn|57
|
|switch|p2a: Chansey|Chansey, F|484\/704
|-damage|p2a: Chansey|396\/704|[from] Stealth Rock
|move|p1a: Venusaur|Sludge Bomb|p2a: Chansey
|-crit|p2a: Chansey
|-damage|p2a: Chansey|273\/704
|
|turn|58
|
|move|p1a: Venusaur|Sleep Powder|p2a: Chansey
|-status|p2a: Chansey|slp
|cant|p2a: Chansey|slp
|
|turn|59
|
|switch|p1a: Conkeldurr|Conkeldurr, M|287\/351
|cant|p2a: Chansey|slp
|
|turn|60
|
|switch|p2a: Venusaur|Venusaur-Mega, F|207\/362
|-damage|p2a: Venusaur|162\/362|[from] Stealth Rock
|move|p1a: Conkeldurr|Drain Punch|p2a: Venusaur
|-resisted|p2a: Venusaur
|-damage|p2a: Venusaur|119\/362
|-heal|p1a: Conkeldurr|309\/351|[from] drain|[of] p2a: Venusaur
|
|turn|61
|
|move|p2a: Venusaur|Synthesis|p2a: Venusaur
|-heal|p2a: Venusaur|300\/362
|move|p1a: Conkeldurr|Ice Punch|p2a: Venusaur
|-supereffective|p2a: Venusaur
|-damage|p2a: Venusaur|244\/362
|
|turn|62
|
|switch|p1a: Venusaur|Venusaur-Mega, M|263\/363
|move|p2a: Venusaur|Giga Drain|p1a: Venusaur
|-resisted|p1a: Venusaur
|-damage|p1a: Venusaur|239\/363
|-heal|p2a: Venusaur|256\/362|[from] drain|[of] p1a: Venusaur
|
|turn|63
|
|switch|p1a: Heatran|Heatran, F|344\/385
|switch|p2a: Bisharp|Bisharp, F|334\/334
|-damage|p2a: Bisharp|314\/334|[from] Stealth Rock
|
|-heal|p1a: Heatran|368\/385|[from] item: Leftovers
|-heal|p2a: Bisharp|334\/334|[from] item: Leftovers
|turn|64
|
|switch|p2a: Keldeo|Keldeo|235\/323
|-damage|p2a: Keldeo|215\/323|[from] Stealth Rock
|move|p1a: Heatran|Lava Plume|p2a: Keldeo
|-resisted|p2a: Keldeo
|-damage|p2a: Keldeo|155\/323
|
|-heal|p2a: Keldeo|175\/323|[from] item: Leftovers
|-heal|p1a: Heatran|385\/385|[from] item: Leftovers
|turn|65
|
|switch|p1a: Venusaur|Venusaur-Mega, M|239\/363
|move|p2a: Keldeo|Scald|p1a: Venusaur
|-resisted|p1a: Venusaur
|-damage|p1a: Venusaur|178\/363
|
|-heal|p2a: Keldeo|195\/323|[from] item: Leftovers
|turn|66
|
|switch|p2a: Bisharp|Bisharp, F|334\/334
|-damage|p2a: Bisharp|314\/334|[from] Stealth Rock
|move|p1a: Venusaur|Giga Drain|p2a: Bisharp
|-resisted|p2a: Bisharp
|-damage|p2a: Bisharp|244\/334
|-heal|p1a: Venusaur|213\/363|[from] drain|[of] p2a: Bisharp
|
|-heal|p2a: Bisharp|264\/334|[from] item: Leftovers
|turn|67
|
|switch|p1a: Conkeldurr|Conkeldurr, M|309\/351
|move|p2a: Bisharp|Knock Off|p1a: Conkeldurr
|-resisted|p1a: Conkeldurr
|-damage|p1a: Conkeldurr|218\/351
|-enditem|p1a: Conkeldurr|Assault Vest|[from] move: Knock Off|[of] p2a: Bisharp
|
|-heal|p2a: Bisharp|284\/334|[from] item: Leftovers
|turn|68
|
|switch|p2a: Venusaur|Venusaur-Mega, F|256\/362
|-damage|p2a: Venusaur|211\/362|[from] Stealth Rock
|switch|p1a: Heatran|Heatran, F|385\/385
|
|turn|69
|
|switch|p2a: Keldeo|Keldeo|195\/323
|-damage|p2a: Keldeo|175\/323|[from] Stealth Rock
|move|p1a: Heatran|Toxic|p2a: Keldeo
|-status|p2a: Keldeo|tox
|
|-heal|p2a: Keldeo|195\/323 tox|[from] item: Leftovers
|-damage|p2a: Keldeo|175\/323 tox|[from] psn
|turn|70
|
|switch|p1a: Donphan|Donphan, M|94\/384
|move|p2a: Keldeo|Scald|p1a: Donphan
|-supereffective|p1a: Donphan
|-damage|p1a: Donphan|0 fnt
|faint|p1a: Donphan
|
|-heal|p2a: Keldeo|195\/323 tox|[from] item: Leftovers
|-damage|p2a: Keldeo|155\/323 tox|[from] psn
|
|switch|p1a: Venusaur|Venusaur-Mega, M|213\/363
|turn|71
|
|switch|p2a: Bisharp|Bisharp, F|284\/334
|-damage|p2a: Bisharp|264\/334|[from] Stealth Rock
|move|p1a: Venusaur|Synthesis|p1a: Venusaur
|-heal|p1a: Venusaur|363\/363
|
|-heal|p2a: Bisharp|284\/334|[from] item: Leftovers
|turn|72
|
|move|p1a: Venusaur|Sleep Powder|p2a: Bisharp
|-status|p2a: Bisharp|slp
|cant|p2a: Bisharp|slp
|
|-heal|p2a: Bisharp|304\/334 slp|[from] item: Leftovers
|turn|73
|
|switch|p1a: Heatran|Heatran, F|385\/385
|switch|p2a: Keldeo|Keldeo|155\/323 tox
|-damage|p2a: Keldeo|135\/323 tox|[from] Stealth Rock
|
|-heal|p2a: Keldeo|155\/323 tox|[from] item: Leftovers
|-damage|p2a: Keldeo|135\/323 tox|[from] psn
|turn|74
|
|switch|p2a: Chansey|Chansey, F|273\/704
|-damage|p2a: Chansey|185\/704|[from] Stealth Rock
|switch|p1a: Venusaur|Venusaur-Mega, M|363\/363
|
|turn|75
|
|switch|p1a: Conkeldurr|Conkeldurr, M|218\/351
|move|p2a: Chansey|Soft-Boiled|p2a: Chansey
|-heal|p2a: Chansey|537\/704
|
|turn|76
|
|switch|p2a: Venusaur|Venusaur-Mega, F|211\/362
|-damage|p2a: Venusaur|166\/362|[from] Stealth Rock
|switch|p1a: Heatran|Heatran, F|385\/385
|
|turn|77
|
|switch|p2a: Chansey|Chansey, F|537\/704
|-damage|p2a: Chansey|449\/704|[from] Stealth Rock
|move|p1a: Heatran|Taunt|p2a: Chansey
|-start|p2a: Chansey|move: Taunt
|
|turn|78
|
|move|p1a: Heatran|Toxic|p2a: Chansey
|-status|p2a: Chansey|tox
|move|p2a: Chansey|Seismic Toss|p1a: Heatran
|-damage|p1a: Heatran|285\/385
|
|-heal|p1a: Heatran|309\/385|[from] item: Leftovers
|-damage|p2a: Chansey|405\/704 tox|[from] psn
|turn|79
|
|move|p1a: Heatran|Lava Plume|p2a: Chansey
|-damage|p2a: Chansey|327\/704 tox
|move|p2a: Chansey|Seismic Toss|p1a: Heatran
|-damage|p1a: Heatran|209\/385
|
|-heal|p1a: Heatran|233\/385|[from] item: Leftovers
|-damage|p2a: Chansey|239\/704 tox|[from] psn
|turn|80
|
|switch|p1a: Conkeldurr|Conkeldurr, M|218\/351
|switch|p2a: Keldeo|Keldeo|135\/323 tox
|-damage|p2a: Keldeo|115\/323 tox|[from] Stealth Rock
|
|-heal|p2a: Keldeo|135\/323 tox|[from] item: Leftovers
|-damage|p2a: Keldeo|115\/323 tox|[from] psn
|turn|81
|
|move|p2a: Keldeo|Secret Sword|p1a: Conkeldurr
|-damage|p1a: Conkeldurr|70\/351
|move|p1a: Conkeldurr|Drain Punch|p2a: Keldeo
|-damage|p2a: Keldeo|0 fnt
|-heal|p1a: Conkeldurr|128\/351|[from] drain|[of] p2a: Keldeo
|faint|p2a: Keldeo
|
|chat|Mega-Luc|i think i lost
|chat|Mega-Luc|that was dumb
|chat|Mega-Luc|lol
|
|switch|p2a: Venusaur|Venusaur-Mega, F|166\/362
|-damage|p2a: Venusaur|121\/362|[from] Stealth Rock
|turn|82
|chat|Jon Bovi|Very gg btw
|
|switch|p1a: Venusaur|Venusaur-Mega, M|363\/363
|move|p2a: Venusaur|Synthesis|p2a: Venusaur
|-heal|p2a: Venusaur|302\/362
|
|turn|83
|chat|Mega-Luc|ya gg
|
|switch|p1a: Heatran|Heatran, F|233\/385
|move|p2a: Venusaur|Leech Seed|p1a: Heatran
|-start|p1a: Heatran|move: Leech Seed
|
|-heal|p1a: Heatran|257\/385|[from] item: Leftovers
|-damage|p1a: Heatran|209\/385|[from] Leech Seed|[of] p2a: Venusaur
|-heal|p2a: Venusaur|350\/362|[silent]
|turn|84
|
|switch|p1a: Conkeldurr|Conkeldurr, M|128\/351
|move|p2a: Venusaur|Giga Drain|p1a: Conkeldurr
|-damage|p1a: Conkeldurr|25\/351
|-heal|p2a: Venusaur|362\/362|[from] drain|[of] p1a: Conkeldurr
|
|turn|85
|
|switch|p1a: Venusaur|Venusaur-Mega, M|363\/363
|move|p2a: Venusaur|Hidden Power|p1a: Venusaur
|-supereffective|p1a: Venusaur
|-damage|p1a: Venusaur|311\/363
|
|turn|86
|
|switch|p1a: Heatran|Heatran, F|209\/385
|switch|p2a: Chansey|Chansey, F|239\/704
|-damage|p2a: Chansey|151\/704|[from] Stealth Rock
|
|-heal|p1a: Heatran|233\/385|[from] item: Leftovers
|turn|87
|
|switch|p2a: Venusaur|Venusaur-Mega, F|362\/362
|-damage|p2a: Venusaur|317\/362|[from] Stealth Rock
|move|p1a: Heatran|Taunt|p2a: Venusaur
|-start|p2a: Venusaur|move: Taunt
|
|-heal|p1a: Heatran|257\/385|[from] item: Leftovers
|turn|88
|
|move|p1a: Heatran|Lava Plume|p2a: Venusaur
|-supereffective|p2a: Venusaur
|-damage|p2a: Venusaur|221\/362
|move|p2a: Venusaur|Giga Drain|p1a: Heatran
|-resisted|p1a: Heatran
|-damage|p1a: Heatran|237\/385
|-heal|p2a: Venusaur|231\/362|[from] drain|[of] p1a: Heatran
|
|-heal|p1a: Heatran|261\/385|[from] item: Leftovers
|turn|89
|
|move|p1a: Heatran|Lava Plume|p2a: Venusaur
|-supereffective|p2a: Venusaur
|-damage|p2a: Venusaur|133\/362
|move|p2a: Venusaur|Giga Drain|p1a: Heatran
|-resisted|p1a: Heatran
|-damage|p1a: Heatran|242\/385
|-heal|p2a: Venusaur|143\/362|[from] drain|[of] p1a: Heatran
|
|-heal|p1a: Heatran|266\/385|[from] item: Leftovers
|turn|90
|
|move|p1a: Heatran|Lava Plume|p2a: Venusaur
|-supereffective|p2a: Venusaur
|-damage|p2a: Venusaur|41\/362
|move|p2a: Venusaur|Giga Drain|p1a: Heatran
|-resisted|p1a: Heatran
|-damage|p1a: Heatran|249\/385
|-heal|p2a: Venusaur|50\/362|[from] drain|[of] p1a: Heatran
|
|-heal|p1a: Heatran|273\/385|[from] item: Leftovers
|-end|p2a: Venusaur|move: Taunt
|turn|91
|chat|Mega-Luc|do you run speed on your heatran?
|chat|Jon Bovi|I do actually
|chat|Mega-Luc|ahh
|chat|Jon Bovi|im at 202 speed
|chat|Mega-Luc|o-o
|chat|Mega-Luc|pretty high
|
|move|p1a: Heatran|Lava Plume|p2a: Venusaur
|-supereffective|p2a: Venusaur
|-damage|p2a: Venusaur|0 fnt
|faint|p2a: Venusaur
|
|-heal|p1a: Heatran|297\/385|[from] item: Leftovers
|
|switch|p2a: Bisharp|Bisharp, F|304\/334 slp
|-damage|p2a: Bisharp|284\/334 slp|[from] Stealth Rock
|turn|92
|chat|Jon Bovi|Enough to outrun mandibuzz
|chat|Mega-Luc|ah smart
|chat|Jon Bovi|who invest a bit in speed haha
|
|move|p1a: Heatran|Lava Plume|p2a: Bisharp
|-supereffective|p2a: Bisharp
|-damage|p2a: Bisharp|0 fnt
|faint|p2a: Bisharp
|
|-heal|p1a: Heatran|321\/385|[from] item: Leftovers
|chat|Jon Bovi|Gg man
|chat|Mega-Luc|gg
|
|switch|p2a: Chansey|Chansey, F|151\/704
|-damage|p2a: Chansey|63\/704|[from] Stealth Rock
|turn|93
|
|move|p1a: Heatran|Lava Plume|p2a: Chansey
|-damage|p2a: Chansey|0 fnt
|faint|p2a: Chansey
|
|win|Jon Bovi
|raw|Ladder updating...
|raw|Jon Bovi's rating: 1701 &rarr; <strong>1725<\/strong><br \/>(+24 for winning)
|raw|Mega-Luc's rating: 1772 &rarr; <strong>1748<\/strong><br \/>(-24 for losing)
|leave|Mega-Luc
|player|p2