|join|Jon Bovi
|join|Hogback_fosh_men
|player|p1|Jon Bovi|240
|player|p2|Hogback_fosh_men|1
|gametype|singles
|gen|6
|tier|OU
|rated
|clearpoke
|poke|p1|Donphan, M
|poke|p1|Venusaur, M
|poke|p1|Talonflame, M
|poke|p1|Vaporeon, M
|poke|p1|Heatran, F
|poke|p1|Kyurem-Black
|poke|p2|Gardevoir, F
|poke|p2|Conkeldurr, F, shiny
|poke|p2|Ferrothorn, M
|poke|p2|Rotom-Wash
|poke|p2|Heatran, F
|poke|p2|Landorus, M
|rule|Swagger Clause: Swagger is banned
|rule|Baton Pass Clause: Limit one PokÃ©mon knowing Baton Pass
|rule|Sleep Clause Mod: Limit one foe put to sleep
|rule|Species Clause: Limit one of each PokÃ©mon
|rule|OHKO Clause: OHKO moves are banned
|rule|Moody Clause: Moody is banned
|rule|Evasion Moves Clause: Evasion moves are banned
|rule|Endless Battle Clause: Forcing endless battles is banned
|rule|HP Percentage Mod: HP is shown in percentages
|teampreview
|chat|Jon Bovi|Gl hf
|chat|Hogback_fosh_men|same to u
|
|start
|switch|p1a: Host Lighway|Kyurem-Black|391\/391
|switch|p2a: StrongLikeLando|Landorus, M|320\/320
|-ability|p1a: Host Lighway|Teravolt
|turn|1
|
|switch|p2a: Ferrothorn|Ferrothorn, M|352\/352
|switch|p1a: Glaze of Blory|Talonflame, M|359\/359
|
|turn|2
|
|switch|p2a: Rotom-Wash|Rotom-Wash|242\/242
|move|p1a: Glaze of Blory|Bulk Up|p1a: Glaze of Blory
|-boost|p1a: Glaze of Blory|atk|1
|-boost|p1a: Glaze of Blory|def|1
|
|turn|3
|
|move|p2a: Rotom-Wash|Volt Switch|p1a: Glaze of Blory
|-supereffective|p1a: Glaze of Blory
|-damage|p1a: Glaze of Blory|135\/359
|
|switch|p2a: Heatran|Heatran, F|324\/324
|move|p1a: Glaze of Blory|Bulk Up|p1a: Glaze of Blory
|-boost|p1a: Glaze of Blory|atk|1
|-boost|p1a: Glaze of Blory|def|1
|
|-heal|p1a: Glaze of Blory|157\/359|[from] item: Leftovers
|turn|4
|
|move|p1a: Glaze of Blory|Taunt|p2a: Heatran
|-start|p2a: Heatran|move: Taunt
|cant|p2a: Heatran|move: Taunt|Roar
|
|-heal|p1a: Glaze of Blory|179\/359|[from] item: Leftovers
|turn|5
|
|move|p1a: Glaze of Blory|Roost|p1a: Glaze of Blory
|-heal|p1a: Glaze of Blory|359\/359
|move|p2a: Heatran|Lava Plume|p1a: Glaze of Blory
|-resisted|p1a: Glaze of Blory
|-damage|p1a: Glaze of Blory|296\/359
|
|-heal|p1a: Glaze of Blory|318\/359|[from] item: Leftovers
|turn|6
|
|switch|p2a: Rotom-Wash|Rotom-Wash|242\/242
|move|p1a: Glaze of Blory|Bulk Up|p1a: Glaze of Blory
|-boost|p1a: Glaze of Blory|atk|1
|-boost|p1a: Glaze of Blory|def|1
|
|-heal|p1a: Glaze of Blory|340\/359|[from] item: Leftovers
|turn|7
|
|switch|p1a: Red of Boses|Venusaur, M|363\/363
|move|p2a: Rotom-Wash|Hydro Pump|p1a: Red of Boses
|-resisted|p1a: Red of Boses
|-damage|p1a: Red of Boses|274\/363
|
|turn|8
|
|switch|p2a: Ferrothorn|Ferrothorn, M|352\/352
|switch|p1a: Mad Bedecine|Heatran, F|386\/386
|
|turn|9
|
|switch|p2a: StrongLikeLando|Landorus, M|320\/320
|move|p1a: Mad Bedecine|Stealth Rock|p2a: StrongLikeLando
|-sidestart|p2: Hogback_fosh_men|move: Stealth Rock
|
|turn|10
|
|switch|p1a: Glaze of Blory|Talonflame, M|340\/359
|move|p2a: StrongLikeLando|Calm Mind|p2a: StrongLikeLando
|-boost|p2a: StrongLikeLando|spa|1
|-boost|p2a: StrongLikeLando|spd|1
|
|-heal|p1a: Glaze of Blory|359\/359|[from] item: Leftovers
|turn|11
|
|move|p2a: StrongLikeLando|Psychic|p1a: Glaze of Blory
|-damage|p1a: Glaze of Blory|135\/359
|move|p1a: Glaze of Blory|Bulk Up|p1a: Glaze of Blory
|-boost|p1a: Glaze of Blory|atk|1
|-boost|p1a: Glaze of Blory|def|1
|
|-heal|p1a: Glaze of Blory|157\/359|[from] item: Leftovers
|turn|12
|
|move|p1a: Glaze of Blory|Brave Bird|p2a: StrongLikeLando
|-damage|p2a: StrongLikeLando|121\/320
|-damage|p1a: Glaze of Blory|91\/359|[from] recoil|[of] p2a: StrongLikeLando
|move|p2a: StrongLikeLando|Psychic|p1a: Glaze of Blory
|-damage|p1a: Glaze of Blory|0 fnt
|faint|p1a: Glaze of Blory
|
|
|switch|p1a: Pivin on a Lrayer|Donphan, M|384\/384
|turn|13
|
|switch|p2a: Ferrothorn|Ferrothorn, M|352\/352
|-damage|p2a: Ferrothorn|330\/352|[from] Stealth Rock
|move|p1a: Pivin on a Lrayer|Ice Shard|p2a: Ferrothorn
|-damage|p2a: Ferrothorn|295\/352
|
|turn|14
|
|move|p1a: Pivin on a Lrayer|Earthquake|p2a: Ferrothorn
|-damage|p2a: Ferrothorn|169\/352
|move|p2a: Ferrothorn|Stealth Rock|p1a: Pivin on a Lrayer
|-sidestart|p1: Jon Bovi|move: Stealth Rock
|
|turn|15
|
|move|p1a: Pivin on a Lrayer|Earthquake|p2a: Ferrothorn
|-damage|p2a: Ferrothorn|27\/352
|move|p2a: Ferrothorn|Leech Seed|p1a: Pivin on a Lrayer
|-start|p1a: Pivin on a Lrayer|move: Leech Seed
|
|-damage|p1a: Pivin on a Lrayer|336\/384|[from] Leech Seed|[of] p2a: Ferrothorn
|-heal|p2a: Ferrothorn|75\/352|[silent]
|turn|16
|
|switch|p1a: Red of Boses|Venusaur, M|274\/363
|-damage|p1a: Red of Boses|229\/363|[from] Stealth Rock
|move|p2a: Ferrothorn|Spikes|p1a: Red of Boses
|-sidestart|p1: Jon Bovi|Spikes
|
|turn|17
|
|detailschange|p1a: Red of Boses|Venusaur-Mega, M
|message|Venusaur has Mega Evolved into Mega Venusaur!
|move|p1a: Red of Boses|Synthesis|p1a: Red of Boses
|-heal|p1a: Red of Boses|363\/363
|move|p2a: Ferrothorn|Gyro Ball|p1a: Red of Boses
|-damage|p1a: Red of Boses|279\/363
|
|turn|18
|
|switch|p1a: Pivin on a Lrayer|Donphan, M|336\/384
|-damage|p1a: Pivin on a Lrayer|312\/384|[from] Stealth Rock
|-damage|p1a: Pivin on a Lrayer|264\/384|[from] Spikes
|move|p2a: Ferrothorn|Spikes|p1a: Pivin on a Lrayer
|-sidestart|p1: Jon Bovi|Spikes
|
|-heal|p1a: Pivin on a Lrayer|288\/384|[from] item: Leftovers
|turn|19
|
|move|p1a: Pivin on a Lrayer|Rapid Spin|p2a: Ferrothorn
|-resisted|p2a: Ferrothorn
|-damage|p2a: Ferrothorn|66\/352
|-damage|p1a: Pivin on a Lrayer|240\/384|[from] ability: Iron Barbs|[of] p2a: Ferrothorn
|-damage|p1a: Pivin on a Lrayer|176\/384|[from] item: Rocky Helmet|[of] p2a: Ferrothorn
|-sideend|p1: Jon Bovi|Spikes|[from] move: Rapid Spin|[of] p1a: Pivin on a Lrayer
|-sideend|p1: Jon Bovi|Stealth Rock|[from] move: Rapid Spin|[of] p1a: Pivin on a Lrayer
|move|p2a: Ferrothorn|Stealth Rock|p1a: Pivin on a Lrayer
|-sidestart|p1: Jon Bovi|move: Stealth Rock
|
|-heal|p1a: Pivin on a Lrayer|200\/384|[from] item: Leftovers
|turn|20
|
|move|p1a: Pivin on a Lrayer|Earthquake|p2a: Ferrothorn
|-damage|p2a: Ferrothorn|0 fnt
|faint|p2a: Ferrothorn
|
|-heal|p1a: Pivin on a Lrayer|224\/384|[from] item: Leftovers
|
|switch|p2a: Gardevoir|Gardevoir, F|278\/278
|-damage|p2a: Gardevoir|244\/278|[from] Stealth Rock
|-ability|p2a: Gardevoir|Sturdy|[from] ability: Trace|[of] p1a: Pivin on a Lrayer
|turn|21
|
|switch|p1a: Mad Bedecine|Heatran, F|386\/386
|-damage|p1a: Mad Bedecine|338\/386|[from] Stealth Rock
|detailschange|p2a: Gardevoir|Gardevoir-Mega, F
|message|Gardevoir has Mega Evolved into Mega Gardevoir!
|move|p2a: Gardevoir|Hyper Voice|p1a: Mad Bedecine
|-resisted|p1a: Mad Bedecine
|-damage|p1a: Mad Bedecine|293\/386
|
|-heal|p1a: Mad Bedecine|317\/386|[from] item: Leftovers
|turn|22
|
|move|p2a: Gardevoir|Focus Blast|p1a: Mad Bedecine
|-supereffective|p1a: Mad Bedecine
|-damage|p1a: Mad Bedecine|89\/386
|-unboost|p1a: Mad Bedecine|spd|1
|move|p1a: Mad Bedecine|Lava Plume|p2a: Gardevoir
|-damage|p2a: Gardevoir|144\/278
|
|-heal|p1a: Mad Bedecine|113\/386|[from] item: Leftovers
|turn|23
|
|move|p2a: Gardevoir|Hyper Voice|p1a: Mad Bedecine
|-resisted|p1a: Mad Bedecine
|-damage|p1a: Mad Bedecine|52\/386
|move|p1a: Mad Bedecine|Lava Plume|p2a: Gardevoir
|-damage|p2a: Gardevoir|57\/278
|
|-heal|p1a: Mad Bedecine|76\/386|[from] item: Leftovers
|turn|24
|
|move|p2a: Gardevoir|Psyshock|p1a: Mad Bedecine
|-resisted|p1a: Mad Bedecine
|-damage|p1a: Mad Bedecine|0 fnt
|faint|p1a: Mad Bedecine
|
|
|switch|p1a: Pivin on a Lrayer|Donphan, M|224\/384
|-damage|p1a: Pivin on a Lrayer|200\/384|[from] Stealth Rock
|turn|25
|
|move|p1a: Pivin on a Lrayer|Ice Shard|p2a: Gardevoir
|-damage|p2a: Gardevoir|0 fnt
|faint|p2a: Gardevoir
|
|-heal|p1a: Pivin on a Lrayer|224\/384|[from] item: Leftovers
|
|switch|p2a: Heatran|Heatran, F|324\/324
|-damage|p2a: Heatran|284\/324|[from] Stealth Rock
|turn|26
|
|switch|p1a: It's Ly Mife|Vaporeon, M|464\/464
|-damage|p1a: It's Ly Mife|406\/464|[from] Stealth Rock
|move|p2a: Heatran|Lava Plume|p1a: It's Ly Mife
|-resisted|p1a: It's Ly Mife
|-damage|p1a: It's Ly Mife|329\/464
|-status|p1a: It's Ly Mife|brn
|
|-heal|p2a: Heatran|304\/324|[from] item: Leftovers
|-heal|p1a: It's Ly Mife|358\/464 brn|[from] item: Leftovers
|-damage|p1a: It's Ly Mife|300\/464 brn|[from] brn
|turn|27
|
|switch|p2a: UncleRucus|Conkeldurr, F, shiny|402\/402
|-damage|p2a: UncleRucus|377\/402|[from] Stealth Rock
|move|p1a: It's Ly Mife|Heal Bell|p1a: It's Ly Mife
|-cureteam|p1a: It's Ly Mife|[from] move: HealBell
|
|-heal|p1a: It's Ly Mife|329\/464|[from] item: Leftovers
|turn|28
|
|move|p1a: It's Ly Mife|Protect|p1a: It's Ly Mife
|-singleturn|p1a: It's Ly Mife|Protect
|move|p2a: UncleRucus|Knock Off|p1a: It's Ly Mife
|-activate|p1a: It's Ly Mife|Protect
|
|-heal|p1a: It's Ly Mife|358\/464|[from] item: Leftovers
|turn|29
|
|switch|p1a: Red of Boses|Venusaur-Mega, M|279\/363
|-damage|p1a: Red of Boses|234\/363|[from] Stealth Rock
|move|p2a: UncleRucus|Ice Punch|p1a: Red of Boses
|-supereffective|p1a: Red of Boses
|-damage|p1a: Red of Boses|168\/363
|
|turn|30
|
|switch|p2a: StrongLikeLando|Landorus, M|121\/320
|-damage|p2a: StrongLikeLando|81\/320|[from] Stealth Rock
|move|p1a: Red of Boses|Synthesis|p1a: Red of Boses
|-heal|p1a: Red of Boses|349\/363
|
|turn|31
|
|move|p2a: StrongLikeLando|Earth Power|p1a: Red of Boses
|-damage|p1a: Red of Boses|146\/363
|move|p1a: Red of Boses|Giga Drain|p2a: StrongLikeLando
|-damage|p2a: StrongLikeLando|0 fnt
|-heal|p1a: Red of Boses|187\/363|[from] drain|[of] p2a: StrongLikeLando
|faint|p2a: StrongLikeLando
|
|
|switch|p2a: Heatran|Heatran, F|304\/324
|-damage|p2a: Heatran|264\/324|[from] Stealth Rock
|turn|32
|
|move|p2a: Heatran|Lava Plume|p1a: Red of Boses
|-supereffective|p1a: Red of Boses
|-damage|p1a: Red of Boses|71\/363
|move|p1a: Red of Boses|Synthesis|p1a: Red of Boses
|-heal|p1a: Red of Boses|252\/363
|
|-heal|p2a: Heatran|284\/324|[from] item: Leftovers
|turn|33
|
|switch|p1a: It's Ly Mife|Vaporeon, M|358\/464
|-damage|p1a: It's Ly Mife|300\/464|[from] Stealth Rock
|move|p2a: Heatran|Lava Plume|p1a: It's Ly Mife
|-resisted|p1a: It's Ly Mife
|-damage|p1a: It's Ly Mife|231\/464
|-status|p1a: It's Ly Mife|brn
|
|-heal|p2a: Heatran|304\/324|[from] item: Leftovers
|-heal|p1a: It's Ly Mife|260\/464 brn|[from] item: Leftovers
|-damage|p1a: It's Ly Mife|202\/464 brn|[from] brn
|turn|34
|chat|Jon Bovi|U got some speed evs?
|
|move|p2a: Heatran|Earth Power|p1a: It's Ly Mife
|-damage|p1a: It's Ly Mife|82\/464 brn
|move|p1a: It's Ly Mife|Heal Bell|p1a: It's Ly Mife
|-cureteam|p1a: It's Ly Mife|[from] move: HealBell
|
|-heal|p2a: Heatran|324\/324|[from] item: Leftovers
|-heal|p1a: It's Ly Mife|111\/464|[from] item: Leftovers
|turn|35
|chat|Hogback_fosh_men|yea
|
|move|p1a: It's Ly Mife|Protect|p1a: It's Ly Mife
|-singleturn|p1a: It's Ly Mife|Protect
|move|p2a: Heatran|Roar|p1a: It's Ly Mife
|drag|p1a: Red of Boses|Venusaur-Mega, M|252\/363
|-damage|p1a: Red of Boses|207\/363|[from] Stealth Rock
|
|turn|36
|
|move|p2a: Heatran|Lava Plume|p1a: Red of Boses
|-supereffective|p1a: Red of Boses
|-damage|p1a: Red of Boses|81\/363
|move|p1a: Red of Boses|Sleep Powder|p2a: Heatran
|-status|p2a: Heatran|slp
|
|turn|37
|
|cant|p2a: Heatran|slp
|move|p1a: Red of Boses|Synthesis|p1a: Red of Boses
|-heal|p1a: Red of Boses|262\/363
|
|turn|38
|
|switch|p1a: Host Lighway|Kyurem-Black|391\/391
|-damage|p1a: Host Lighway|294\/391|[from] Stealth Rock
|-ability|p1a: Host Lighway|Teravolt
|cant|p2a: Heatran|slp
|
|-heal|p1a: Host Lighway|318\/391|[from] item: Leftovers
|turn|39
|
|switch|p2a: UncleRucus|Conkeldurr, F, shiny|377\/402
|-damage|p2a: UncleRucus|352\/402|[from] Stealth Rock
|move|p1a: Host Lighway|Earth Power|p2a: UncleRucus
|-crit|p2a: UncleRucus
|-damage|p2a: UncleRucus|206\/402
|
|-heal|p1a: Host Lighway|342\/391|[from] item: Leftovers
|turn|40
|
|switch|p1a: Red of Boses|Venusaur-Mega, M|262\/363
|-damage|p1a: Red of Boses|217\/363|[from] Stealth Rock
|move|p2a: UncleRucus|Drain Punch|p1a: Red of Boses
|-resisted|p1a: Red of Boses
|-damage|p1a: Red of Boses|167\/363
|-heal|p2a: UncleRucus|231\/402|[from] drain|[of] p1a: Red of Boses
|
|turn|41
|
|switch|p2a: Heatran|Heatran, F|324\/324 slp
|-damage|p2a: Heatran|284\/324 slp|[from] Stealth Rock
|move|p1a: Red of Boses|Synthesis|p1a: Red of Boses
|-heal|p1a: Red of Boses|348\/363
|
|-heal|p2a: Heatran|304\/324 slp|[from] item: Leftovers
|turn|42
|
|switch|p1a: Host Lighway|Kyurem-Black|342\/391
|-damage|p1a: Host Lighway|245\/391|[from] Stealth Rock
|-ability|p1a: Host Lighway|Teravolt
|-curestatus|p2a: Heatran|slp
|move|p2a: Heatran|Lava Plume|p1a: Host Lighway
|-damage|p1a: Host Lighway|86\/391
|
|-heal|p2a: Heatran|324\/324|[from] item: Leftovers
|-heal|p1a: Host Lighway|110\/391|[from] item: Leftovers
|turn|43
|
|switch|p2a: UncleRucus|Conkeldurr, F, shiny|231\/402
|-damage|p2a: UncleRucus|206\/402|[from] Stealth Rock
|move|p1a: Host Lighway|Earth Power|p2a: UncleRucus
|-damage|p2a: UncleRucus|108\/402
|
|-heal|p1a: Host Lighway|134\/391|[from] item: Leftovers
|turn|44
|
|switch|p1a: Pivin on a Lrayer|Donphan, M|224\/384
|-damage|p1a: Pivin on a Lrayer|200\/384|[from] Stealth Rock
|move|p2a: UncleRucus|Ice Punch|p1a: Pivin on a Lrayer
|-supereffective|p1a: Pivin on a Lrayer
|-damage|p1a: Pivin on a Lrayer|32\/384
|
|-heal|p1a: Pivin on a Lrayer|56\/384|[from] item: Leftovers
|turn|45
|
|move|p1a: Pivin on a Lrayer|Ice Shard|p2a: UncleRucus
|-damage|p2a: UncleRucus|59\/402
|move|p2a: UncleRucus|Mach Punch|p1a: Pivin on a Lrayer
|-damage|p1a: Pivin on a Lrayer|0 fnt
|faint|p1a: Pivin on a Lrayer
|
|
|switch|p1a: Red of Boses|Venusaur-Mega, M|348\/363
|-damage|p1a: Red of Boses|303\/363|[from] Stealth Rock
|turn|46
|
|move|p1a: Red of Boses|Giga Drain|p2a: UncleRucus
|-damage|p2a: UncleRucus|0 fnt
|-heal|p1a: Red of Boses|333\/363|[from] drain|[of] p2a: UncleRucus
|faint|p2a: UncleRucus
|
|
|switch|p2a: Heatran|Heatran, F|324\/324
|-damage|p2a: Heatran|284\/324|[from] Stealth Rock
|turn|47
|
|move|p2a: Heatran|Lava Plume|p1a: Red of Boses
|-supereffective|p1a: Red of Boses
|-damage|p1a: Red of Boses|219\/363
|move|p1a: Red of Boses|Sleep Powder|p2a: Heatran|[miss]
|-miss|p1a: Red of Boses|p2a: Heatran
|
|-heal|p2a: Heatran|304\/324|[from] item: Leftovers
|turn|48
|
|move|p2a: Heatran|Lava Plume|p1a: Red of Boses
|-crit|p1a: Red of Boses
|-supereffective|p1a: Red of Boses
|-damage|p1a: Red of Boses|43\/363
|move|p1a: Red of Boses|Sleep Powder|p2a: Heatran
|-status|p2a: Heatran|slp
|
|-heal|p2a: Heatran|324\/324 slp|[from] item: Leftovers
|turn|49
|
|cant|p2a: Heatran|slp
|move|p1a: Red of Boses|Synthesis|p1a: Red of Boses
|-heal|p1a: Red of Boses|224\/363
|
|turn|50
|
|switch|p1a: It's Ly Mife|Vaporeon, M|111\/464
|-damage|p1a: It's Ly Mife|53\/464|[from] Stealth Rock
|cant|p2a: Heatran|slp
|
|-heal|p1a: It's Ly Mife|82\/464|[from] item: Leftovers
|turn|51
|
|-curestatus|p2a: Heatran|slp
|move|p2a: Heatran|Earth Power|p1a: It's Ly Mife
|-damage|p1a: It's Ly Mife|0 fnt
|faint|p1a: It's Ly Mife
|
|
|switch|p1a: Host Lighway|Kyurem-Black|134\/391
|-damage|p1a: Host Lighway|37\/391|[from] Stealth Rock
|-ability|p1a: Host Lighway|Teravolt
|turn|52
|
|switch|p2a: Rotom-Wash|Rotom-Wash|242\/242
|-damage|p2a: Rotom-Wash|212\/242|[from] Stealth Rock
|move|p1a: Host Lighway|Earth Power|p2a: Rotom-Wash
|-supereffective|p2a: Rotom-Wash
|-damage|p2a: Rotom-Wash|0 fnt
|faint|p2a: Rotom-Wash
|
|-heal|p1a: Host Lighway|61\/391|[from] item: Leftovers
|
|switch|p2a: Heatran|Heatran, F|324\/324
|-damage|p2a: Heatran|284\/324|[from] Stealth Rock
|turn|53
|
|move|p2a: Heatran|Lava Plume|p1a: Host Lighway
|-damage|p1a: Host Lighway|0 fnt
|faint|p1a: Host Lighway
|
|-heal|p2a: Heatran|304\/324|[from] item: Leftovers
|chat|Jon Bovi|...
|chat|Jon Bovi|max speed
|chat|Jon Bovi|gg
|-message|Jon Bovi forfeited.
|
|win|Hogback_fosh_men
|raw|Ladder updating...
|leave|Jon Bovi
|player|p1
|raw|Jon Bovi's rating: 1801 &rarr; <strong>1774<\/strong><br \/>(-27 for losing)
|raw|Hogback_fosh_men's rating: 1675 &rarr; <strong>1702<\/strong><br \/>(+27 for winning)