|join|Jon Bovi
|join|NocturOP
|player|p1|Jon Bovi|240
|player|p2|NocturOP|162
|gametype|singles
|gen|6
|tier|OU
|rated
|clearpoke
|poke|p1|Donphan, M
|poke|p1|Venusaur, M
|poke|p1|Aegislash, M
|poke|p1|Keldeo-Resolute
|poke|p1|Heatran, F
|poke|p1|Gyarados, F
|poke|p2|Reuniclus, F
|poke|p2|Heracross, M
|poke|p2|Landorus-Therian, M
|poke|p2|Rotom-Wash
|poke|p2|Bisharp, F
|poke|p2|Latios, M
|rule|Swagger Clause: Swagger is banned
|rule|Baton Pass Clause: Limit one PokÃ©mon knowing Baton Pass
|rule|Sleep Clause Mod: Limit one foe put to sleep
|rule|Species Clause: Limit one of each PokÃ©mon
|rule|OHKO Clause: OHKO moves are banned
|rule|Moody Clause: Moody is banned
|rule|Evasion Moves Clause: Evasion moves are banned
|rule|Endless Battle Clause: Forcing endless battles is banned
|rule|HP Percentage Mod: HP is reported as percentages
|teampreview
|
|start
|switch|p1a: Keldeo-Resolute|Keldeo-Resolute|322\/322
|switch|p2a: Rotom-Wash|Rotom-Wash|303\/303
|turn|1
|
|move|p1a: Keldeo-Resolute|Secret Sword|p2a: Rotom-Wash
|-damage|p2a: Rotom-Wash|138\/303
|move|p2a: Rotom-Wash|Volt Switch|p1a: Keldeo-Resolute
|-supereffective|p1a: Keldeo-Resolute
|-damage|p1a: Keldeo-Resolute|142\/322
|
|switch|p2a: Latios|Latios, M|299\/299
|
|turn|2
|
|switch|p2a: Landorus-Therian|Landorus-Therian, M|369\/369
|-ability|p2a: Landorus-Therian|Intimidate|[of] p1a: Keldeo-Resolute
|-unboost|p1a: Keldeo-Resolute|atk|1
|switch|p1a: Aegislash|Aegislash, M|282\/282
|
|turn|3
|
|switch|p1a: Donphan|Donphan, M|384\/384
|move|p2a: Landorus-Therian|Stealth Rock|p1a: Donphan
|-sidestart|p1: Jon Bovi|move: Stealth Rock
|
|turn|4
|
|move|p2a: Landorus-Therian|U-turn|p1a: Donphan
|-damage|p1a: Donphan|322\/384
|
|switch|p2a: Rotom-Wash|Rotom-Wash|138\/303
|move|p1a: Donphan|Rapid Spin|p2a: Rotom-Wash
|-damage|p2a: Rotom-Wash|119\/303
|-sideend|p1: Jon Bovi|Stealth Rock|[from] move: Rapid Spin|[of] p1a: Donphan
|
|-heal|p2a: Rotom-Wash|137\/303|[from] item: Leftovers
|-heal|p1a: Donphan|346\/384|[from] item: Leftovers
|turn|5
|
|switch|p1a: Venusaur|Venusaur, M|363\/363
|move|p2a: Rotom-Wash|Volt Switch|p1a: Venusaur
|-resisted|p1a: Venusaur
|-damage|p1a: Venusaur|321\/363
|
|switch|p2a: Latios|Latios, M|299\/299
|
|turn|6
|
|switch|p1a: Aegislash|Aegislash, M|282\/282
|move|p2a: Latios|Psyshock|p1a: Aegislash
|-resisted|p1a: Aegislash
|-damage|p1a: Aegislash|225\/282
|-damage|p2a: Latios|270\/299|[from] item: Life Orb
|
|-heal|p1a: Aegislash|242\/282|[from] item: Leftovers
|turn|7
|
|switch|p2a: Bisharp|Bisharp, F|287\/287
|switch|p1a: Keldeo-Resolute|Keldeo-Resolute|142\/322
|
|turn|8
|join|Chokes Are Real
|
|switch|p2a: Reuniclus|Reuniclus, F|424\/424
|move|p1a: Keldeo-Resolute|Secret Sword|p2a: Reuniclus
|-resisted|p2a: Reuniclus
|-damage|p2a: Reuniclus|291\/424
|
|turn|9
|
|switch|p1a: Aegislash|Aegislash, M|242\/282
|move|p2a: Reuniclus|Hidden Power|p1a: Aegislash
|-supereffective|p1a: Aegislash
|-damage|p1a: Aegislash|120\/282
|
|-heal|p1a: Aegislash|137\/282|[from] item: Leftovers
|turn|10
|
|switch|p1a: Gyarados|Gyarados, F|339\/339
|-ability|p1a: Gyarados|Intimidate|[of] p2a: Reuniclus
|-unboost|p2a: Reuniclus|atk|1
|switch|p2a: Bisharp|Bisharp, F|287\/287
|
|turn|11
|
|switch|p2a: Rotom-Wash|Rotom-Wash|137\/303
|move|p1a: Gyarados|Waterfall|p2a: Rotom-Wash
|-crit|p2a: Rotom-Wash
|-resisted|p2a: Rotom-Wash
|-damage|p2a: Rotom-Wash|53\/303
|
|-heal|p2a: Rotom-Wash|71\/303|[from] item: Leftovers
|turn|12
|
|switch|p1a: Venusaur|Venusaur, M|321\/363
|move|p2a: Rotom-Wash|Pain Split|p1a: Venusaur
|-sethp|p1a: Venusaur|196\/363|p2a: Rotom-Wash|196\/303|[from] move: Pain Split
|
|-heal|p2a: Rotom-Wash|214\/303|[from] item: Leftovers
|turn|13
|
|detailschange|p1a: Venusaur|Venusaur-Mega, M
|message|Venusaur has Mega Evolved into Mega Venusaur!
|move|p2a: Rotom-Wash|Volt Switch|p1a: Venusaur
|-resisted|p1a: Venusaur
|-damage|p1a: Venusaur|157\/363
|
|switch|p2a: Bisharp|Bisharp, F|287\/287
|move|p1a: Venusaur|Synthesis|p1a: Venusaur
|-heal|p1a: Venusaur|338\/363
|
|turn|14
|join|SoiDaikiri
|
|move|p1a: Venusaur|Sleep Powder|p2a: Bisharp
|-status|p2a: Bisharp|slp
|cant|p2a: Bisharp|slp
|
|turn|15
|
|switch|p1a: Heatran|Heatran, F|385\/385
|switch|p2a: Latios|Latios, M|270\/299
|
|turn|16
|
|switch|p2a: Rotom-Wash|Rotom-Wash|214\/303
|move|p1a: Heatran|Stealth Rock|p2a: Rotom-Wash
|-sidestart|p2: NocturOP|move: Stealth Rock
|
|-heal|p2a: Rotom-Wash|232\/303|[from] item: Leftovers
|turn|17
|
|move|p2a: Rotom-Wash|Volt Switch|p1a: Heatran
|-damage|p1a: Heatran|324\/385
|
|switch|p2a: Landorus-Therian|Landorus-Therian, M|369\/369
|-damage|p2a: Landorus-Therian|323\/369|[from] Stealth Rock
|-ability|p2a: Landorus-Therian|Intimidate|[of] p1a: Heatran
|-unboost|p1a: Heatran|atk|1
|move|p1a: Heatran|Toxic|p2a: Landorus-Therian
|-status|p2a: Landorus-Therian|tox
|
|-heal|p2a: Landorus-Therian|346\/369 tox|[from] item: Leftovers
|-heal|p1a: Heatran|348\/385|[from] item: Leftovers
|-damage|p2a: Landorus-Therian|323\/369 tox|[from] psn
|turn|18
|
|switch|p1a: Donphan|Donphan, M|346\/384
|move|p2a: Landorus-Therian|Stealth Rock|p1a: Donphan
|-sidestart|p1: Jon Bovi|move: Stealth Rock
|
|-heal|p2a: Landorus-Therian|346\/369 tox|[from] item: Leftovers
|-heal|p1a: Donphan|370\/384|[from] item: Leftovers
|-damage|p2a: Landorus-Therian|300\/369 tox|[from] psn
|turn|19
|
|move|p2a: Landorus-Therian|U-turn|p1a: Donphan
|-damage|p1a: Donphan|301\/384
|
|switch|p2a: Rotom-Wash|Rotom-Wash|232\/303
|-damage|p2a: Rotom-Wash|195\/303|[from] Stealth Rock
|move|p1a: Donphan|Rapid Spin|p2a: Rotom-Wash
|-damage|p2a: Rotom-Wash|177\/303
|-sideend|p1: Jon Bovi|Stealth Rock|[from] move: Rapid Spin|[of] p1a: Donphan
|
|-heal|p2a: Rotom-Wash|195\/303|[from] item: Leftovers
|-heal|p1a: Donphan|325\/384|[from] item: Leftovers
|turn|20
|
|switch|p1a: Venusaur|Venusaur-Mega, M|338\/363
|move|p2a: Rotom-Wash|Volt Switch|p1a: Venusaur
|-resisted|p1a: Venusaur
|-damage|p1a: Venusaur|299\/363
|
|switch|p2a: Latios|Latios, M|270\/299
|-damage|p2a: Latios|233\/299|[from] Stealth Rock
|
|turn|21
|
|switch|p1a: Heatran|Heatran, F|348\/385
|move|p2a: Latios|Defog|p1a: Heatran
|-unboost|p1a: Heatran|evasion|1
|-sideend|p2: NocturOP|Stealth Rock|[from] move: Defog|[of] p2a: Latios
|
|-heal|p1a: Heatran|372\/385|[from] item: Leftovers
|turn|22
|join|Law Jolikop354
|
|switch|p2a: Rotom-Wash|Rotom-Wash|195\/303
|move|p1a: Heatran|Stealth Rock|p2a: Rotom-Wash
|-sidestart|p2: NocturOP|move: Stealth Rock
|
|-heal|p2a: Rotom-Wash|213\/303|[from] item: Leftovers
|-heal|p1a: Heatran|385\/385|[from] item: Leftovers
|turn|23
|
|move|p2a: Rotom-Wash|Hydro Pump|p1a: Heatran
|-supereffective|p1a: Heatran
|-damage|p1a: Heatran|181\/385
|move|p1a: Heatran|Toxic|p2a: Rotom-Wash|[miss]
|-miss|p1a: Heatran|p2a: Rotom-Wash
|
|-heal|p2a: Rotom-Wash|231\/303|[from] item: Leftovers
|-heal|p1a: Heatran|205\/385|[from] item: Leftovers
|turn|24
|
|switch|p1a: Venusaur|Venusaur-Mega, M|299\/363
|move|p2a: Rotom-Wash|Volt Switch|p1a: Venusaur
|-resisted|p1a: Venusaur
|-damage|p1a: Venusaur|265\/363
|
|switch|p2a: Latios|Latios, M|233\/299
|-damage|p2a: Latios|196\/299|[from] Stealth Rock
|
|turn|25
|chat|Jon Bovi|So lucky 
|
|switch|p1a: Heatran|Heatran, F|205\/385
|move|p2a: Latios|Defog|p1a: Heatran
|-unboost|p1a: Heatran|evasion|1
|-sideend|p2: NocturOP|Stealth Rock|[from] move: Defog|[of] p2a: Latios
|
|-heal|p1a: Heatran|229\/385|[from] item: Leftovers
|turn|26
|
|switch|p2a: Reuniclus|Reuniclus, F|291\/424
|move|p1a: Heatran|Stealth Rock|p2a: Reuniclus
|-sidestart|p2: NocturOP|move: Stealth Rock
|
|-heal|p1a: Heatran|253\/385|[from] item: Leftovers
|turn|27
|
|switch|p1a: Gyarados|Gyarados, F|339\/339
|-ability|p1a: Gyarados|Intimidate|[of] p2a: Reuniclus
|-unboost|p2a: Reuniclus|atk|1
|move|p2a: Reuniclus|Trick Room|p2a: Reuniclus
|-fieldstart|move: Trick Room|[of] p2a: Reuniclus
|
|turn|28
|
|move|p2a: Reuniclus|Psychic|p1a: Gyarados
|-damage|p1a: Gyarados|112\/339
|move|p1a: Gyarados|Waterfall|p2a: Reuniclus
|-damage|p2a: Reuniclus|114\/424
|
|-heal|p1a: Gyarados|133\/339|[from] item: Leftovers
|turn|29
|
|switch|p1a: Aegislash|Aegislash, M|137\/282
|move|p2a: Reuniclus|Psychic|p1a: Aegislash
|-resisted|p1a: Aegislash
|-damage|p1a: Aegislash|62\/282
|
|-heal|p1a: Aegislash|79\/282|[from] item: Leftovers
|turn|30
|
|-formechange|p1a: Aegislash|Aegislash-Blade
|move|p1a: Aegislash|Shadow Sneak|p2a: Reuniclus
|-supereffective|p2a: Reuniclus
|-damage|p2a: Reuniclus|0 fnt
|faint|p2a: Reuniclus
|
|-heal|p1a: Aegislash|96\/282|[from] item: Leftovers
|
|switch|p2a: Bisharp|Bisharp, F|287\/287 slp
|-damage|p2a: Bisharp|270\/287 slp|[from] Stealth Rock
|turn|31
|
|cant|p2a: Bisharp|slp
|switch|p1a: Heatran|Heatran, F|253\/385
|
|-heal|p1a: Heatran|277\/385|[from] item: Leftovers
|-fieldend|move: Trick Room
|turn|32
|
|switch|p2a: Rotom-Wash|Rotom-Wash|231\/303
|-damage|p2a: Rotom-Wash|194\/303|[from] Stealth Rock
|move|p1a: Heatran|Lava Plume|p2a: Rotom-Wash
|-resisted|p2a: Rotom-Wash
|-damage|p2a: Rotom-Wash|140\/303
|
|-heal|p2a: Rotom-Wash|158\/303|[from] item: Leftovers
|-heal|p1a: Heatran|301\/385|[from] item: Leftovers
|turn|33
|
|switch|p1a: Venusaur|Venusaur-Mega, M|265\/363
|move|p2a: Rotom-Wash|Volt Switch|p1a: Venusaur
|-resisted|p1a: Venusaur
|-damage|p1a: Venusaur|230\/363
|
|switch|p2a: Heracross|Heracross, M|329\/329
|-damage|p2a: Heracross|288\/329|[from] Stealth Rock
|
|turn|34
|
|switch|p1a: Gyarados|Gyarados, F|133\/339
|-ability|p1a: Gyarados|Intimidate|[of] p2a: Heracross
|-unboost|p2a: Heracross|atk|1
|detailschange|p2a: Heracross|Heracross-Mega, M
|message|Heracross has Mega Evolved into Mega Heracross!
|move|p2a: Heracross|Pin Missile|p1a: Gyarados
|-resisted|p1a: Gyarados
|-damage|p1a: Gyarados|107\/339
|-resisted|p1a: Gyarados
|-damage|p1a: Gyarados|80\/339
|-resisted|p1a: Gyarados
|-damage|p1a: Gyarados|55\/339
|-resisted|p1a: Gyarados
|-damage|p1a: Gyarados|26\/339
|-resisted|p1a: Gyarados
|-damage|p1a: Gyarados|0 fnt
|-hitcount|p1a: Gyarados|5
|faint|p1a: Gyarados
|
|
|switch|p1a: Keldeo-Resolute|Keldeo-Resolute|142\/322
|turn|35
|
|switch|p2a: Latios|Latios, M|196\/299
|-damage|p2a: Latios|159\/299|[from] Stealth Rock
|move|p1a: Keldeo-Resolute|Hidden Power|p2a: Latios
|-damage|p2a: Latios|55\/299
|
|turn|36
|
|switch|p1a: Heatran|Heatran, F|301\/385
|move|p2a: Latios|Roost|p2a: Latios
|-heal|p2a: Latios|205\/299
|
|-heal|p1a: Heatran|325\/385|[from] item: Leftovers
|turn|37
|
|switch|p2a: Landorus-Therian|Landorus-Therian, M|300\/369 tox
|-damage|p2a: Landorus-Therian|254\/369 tox|[from] Stealth Rock
|-ability|p2a: Landorus-Therian|Intimidate|[of] p1a: Heatran
|-unboost|p1a: Heatran|atk|1
|move|p1a: Heatran|Toxic|p2a: Landorus-Therian
|-fail|p2a: Landorus-Therian|tox
|
|-heal|p2a: Landorus-Therian|277\/369 tox|[from] item: Leftovers
|-heal|p1a: Heatran|349\/385|[from] item: Leftovers
|-damage|p2a: Landorus-Therian|254\/369 tox|[from] psn
|turn|38
|
|switch|p1a: Donphan|Donphan, M|325\/384
|move|p2a: Landorus-Therian|U-turn|p1a: Donphan
|-damage|p1a: Donphan|257\/384
|
|switch|p2a: Heracross|Heracross-Mega, M|288\/329
|-damage|p2a: Heracross|247\/329|[from] Stealth Rock
|
|-heal|p1a: Donphan|281\/384|[from] item: Leftovers
|turn|39
|
|switch|p1a: Aegislash|Aegislash, M|96\/282
|move|p2a: Heracross|Substitute|p2a: Heracross
|-start|p2a: Heracross|Substitute
|-damage|p2a: Heracross|165\/329
|
|-heal|p1a: Aegislash|113\/282|[from] item: Leftovers
|turn|40
|
|move|p1a: Aegislash|King's Shield|p1a: Aegislash
|-singleturn|p1a: Aegislash|Protect
|move|p2a: Heracross|Rock Blast|p1a: Aegislash
|-activate|p1a: Aegislash|Protect
|
|-heal|p1a: Aegislash|130\/282|[from] item: Leftovers
|turn|41
|
|move|p2a: Heracross|Rock Blast|p1a: Aegislash
|-resisted|p1a: Aegislash
|-damage|p1a: Aegislash|116\/282
|-resisted|p1a: Aegislash
|-damage|p1a: Aegislash|103\/282
|-resisted|p1a: Aegislash
|-damage|p1a: Aegislash|89\/282
|-resisted|p1a: Aegislash
|-damage|p1a: Aegislash|74\/282
|-resisted|p1a: Aegislash
|-damage|p1a: Aegislash|61\/282
|-hitcount|p1a: Aegislash|5
|-formechange|p1a: Aegislash|Aegislash-Blade
|move|p1a: Aegislash|Shadow Ball|p2a: Heracross
|-end|p2a: Heracross|Substitute
|
|-heal|p1a: Aegislash|78\/282|[from] item: Leftovers
|turn|42
|chat|SoiDaikiri|xq
|
|-formechange|p1a: Aegislash|Aegislash
|move|p1a: Aegislash|King's Shield|p1a: Aegislash
|-singleturn|p1a: Aegislash|Protect
|move|p2a: Heracross|Rock Blast|p1a: Aegislash
|-activate|p1a: Aegislash|Protect
|
|-heal|p1a: Aegislash|95\/282|[from] item: Leftovers
|turn|43
|chat|SoiDaikiri|Pin misil tiene stab lol
|
|move|p2a: Heracross|Substitute|p2a: Heracross
|-start|p2a: Heracross|Substitute
|-damage|p2a: Heracross|83\/329
|-formechange|p1a: Aegislash|Aegislash-Blade
|move|p1a: Aegislash|Shadow Ball|p2a: Heracross
|-end|p2a: Heracross|Substitute
|
|-heal|p1a: Aegislash|112\/282|[from] item: Leftovers
|turn|44
|chat|NocturOP|Pero es debilidad x4
|
|-formechange|p1a: Aegislash|Aegislash
|move|p1a: Aegislash|King's Shield|p1a: Aegislash
|-singleturn|p1a: Aegislash|Protect
|move|p2a: Heracross|Rock Blast|p1a: Aegislash
|-activate|p1a: Aegislash|Protect
|
|-heal|p1a: Aegislash|129\/282|[from] item: Leftovers
|turn|45
|chat|SoiDaikiri|Lol en serio
|
|move|p2a: Heracross|Rock Blast|p1a: Aegislash|[miss]
|-miss|p2a: Heracross|p1a: Aegislash
|-formechange|p1a: Aegislash|Aegislash-Blade
|move|p1a: Aegislash|Shadow Ball|p2a: Heracross
|-damage|p2a: Heracross|0 fnt
|faint|p2a: Heracross
|
|-heal|p1a: Aegislash|146\/282|[from] item: Leftovers
|chat|SoiDaikiri|El ghost aguanta a bicho?
|
|switch|p2a: Bisharp|Bisharp, F|270\/287 slp
|-damage|p2a: Bisharp|253\/287 slp|[from] Stealth Rock
|turn|46
|
|cant|p2a: Bisharp|slp
|switch|p1a: Heatran|Heatran, F|349\/385
|
|-heal|p1a: Heatran|373\/385|[from] item: Leftovers
|turn|47
|
|move|p1a: Heatran|Lava Plume|p2a: Bisharp
|-supereffective|p2a: Bisharp
|-damage|p2a: Bisharp|83\/287 slp
|-curestatus|p2a: Bisharp|slp
|move|p2a: Bisharp|Knock Off|p1a: Heatran
|-damage|p1a: Heatran|193\/385
|-enditem|p1a: Heatran|Leftovers|[from] move: Knock Off|[of] p2a: Bisharp
|
|turn|48
|
|switch|p2a: Rotom-Wash|Rotom-Wash|158\/303
|-damage|p2a: Rotom-Wash|121\/303|[from] Stealth Rock
|move|p1a: Heatran|Lava Plume|p2a: Rotom-Wash
|-resisted|p2a: Rotom-Wash
|-damage|p2a: Rotom-Wash|67\/303
|
|-heal|p2a: Rotom-Wash|85\/303|[from] item: Leftovers
|turn|49
|
|switch|p1a: Venusaur|Venusaur-Mega, M|230\/363
|move|p2a: Rotom-Wash|Hydro Pump|p1a: Venusaur
|-resisted|p1a: Venusaur
|-damage|p1a: Venusaur|174\/363
|
|-heal|p2a: Rotom-Wash|103\/303|[from] item: Leftovers
|turn|50
|
|move|p2a: Rotom-Wash|Volt Switch|p1a: Venusaur
|-resisted|p1a: Venusaur
|-damage|p1a: Venusaur|135\/363
|
|switch|p2a: Landorus-Therian|Landorus-Therian, M|254\/369 tox
|-damage|p2a: Landorus-Therian|208\/369 tox|[from] Stealth Rock
|-ability|p2a: Landorus-Therian|Intimidate|[of] p1a: Venusaur
|-unboost|p1a: Venusaur|atk|1
|move|p1a: Venusaur|Synthesis|p1a: Venusaur
|-heal|p1a: Venusaur|316\/363
|
|-heal|p2a: Landorus-Therian|231\/369 tox|[from] item: Leftovers
|-damage|p2a: Landorus-Therian|208\/369 tox|[from] psn
|turn|51
|
|move|p2a: Landorus-Therian|Stealth Rock|p1a: Venusaur
|-sidestart|p1: Jon Bovi|move: Stealth Rock
|move|p1a: Venusaur|Giga Drain|p2a: Landorus-Therian
|-damage|p2a: Landorus-Therian|82\/369 tox
|-heal|p1a: Venusaur|363\/363|[from] drain|[of] p2a: Landorus-Therian
|
|-heal|p2a: Landorus-Therian|105\/369 tox|[from] item: Leftovers
|-damage|p2a: Landorus-Therian|59\/369 tox|[from] psn
|turn|52
|
|move|p2a: Landorus-Therian|U-turn|p1a: Venusaur
|-damage|p1a: Venusaur|310\/363
|
|switch|p2a: Latios|Latios, M|205\/299
|-damage|p2a: Latios|168\/299|[from] Stealth Rock
|move|p1a: Venusaur|Giga Drain|p2a: Latios
|-resisted|p2a: Latios
|-damage|p2a: Latios|114\/299
|-heal|p1a: Venusaur|337\/363|[from] drain|[of] p2a: Latios
|
|turn|53
|
|switch|p1a: Aegislash|Aegislash, M|146\/282
|-damage|p1a: Aegislash|129\/282|[from] Stealth Rock
|move|p2a: Latios|Psyshock|p1a: Aegislash
|-resisted|p1a: Aegislash
|-damage|p1a: Aegislash|68\/282
|-damage|p2a: Latios|85\/299|[from] item: Life Orb
|
|-heal|p1a: Aegislash|85\/282|[from] item: Leftovers
|turn|54
|
|switch|p2a: Landorus-Therian|Landorus-Therian, M|59\/369 tox
|-damage|p2a: Landorus-Therian|13\/369 tox|[from] Stealth Rock
|-ability|p2a: Landorus-Therian|Intimidate|[of] p1a: Aegislash
|-unboost|p1a: Aegislash|atk|1
|-formechange|p1a: Aegislash|Aegislash-Blade
|move|p1a: Aegislash|Shadow Sneak|p2a: Landorus-Therian
|-damage|p2a: Landorus-Therian|0 fnt
|faint|p2a: Landorus-Therian
|
|-heal|p1a: Aegislash|102\/282|[from] item: Leftovers
|
|switch|p2a: Bisharp|Bisharp, F|83\/287
|-damage|p2a: Bisharp|66\/287|[from] Stealth Rock
|turn|55
|
|move|p1a: Aegislash|Shadow Sneak|p2a: Bisharp
|-resisted|p2a: Bisharp
|-damage|p2a: Bisharp|41\/287
|move|p2a: Bisharp|Pursuit|p1a: Aegislash
|-supereffective|p1a: Aegislash
|-damage|p1a: Aegislash|0 fnt
|faint|p1a: Aegislash
|
|chat|Law Jolikop354|wait
|chat|Law Jolikop354|no han baniado a aegis aun?
|
|switch|p1a: Heatran|Heatran, F|193\/385
|-damage|p1a: Heatran|145\/385|[from] Stealth Rock
|turn|56
|chat|SoiDaikiri|n
|
|move|p2a: Bisharp|Sucker Punch|p1a: Heatran
|-damage|p1a: Heatran|0 fnt
|faint|p1a: Heatran
|
|
|switch|p1a: Venusaur|Venusaur-Mega, M|337\/363
|-damage|p1a: Venusaur|292\/363|[from] Stealth Rock
|turn|57
|chat|Chokes Are Real|eeeee
|
|move|p1a: Venusaur|Giga Drain|p2a: Bisharp
|-resisted|p2a: Bisharp
|-damage|p2a: Bisharp|4\/287
|-heal|p1a: Venusaur|311\/363|[from] drain|[of] p2a: Bisharp
|move|p2a: Bisharp|Iron Head|p1a: Venusaur
|-damage|p1a: Venusaur|209\/363
|
|turn|58
|chat|Chokes Are Real|sois gaisss
|
|move|p1a: Venusaur|Synthesis|p1a: Venusaur
|-heal|p1a: Venusaur|363\/363
|move|p2a: Bisharp|Iron Head|p1a: Venusaur
|-damage|p1a: Venusaur|272\/363
|
|turn|59
|chat|SoiDaikiri|Tu quien eres
|
|move|p2a: Bisharp|Sucker Punch|p1a: Venusaur
|-damage|p1a: Venusaur|169\/363
|move|p1a: Venusaur|Giga Drain|p2a: Bisharp
|-resisted|p2a: Bisharp
|-damage|p2a: Bisharp|0 fnt
|-heal|p1a: Venusaur|171\/363|[from] drain|[of] p2a: Bisharp
|faint|p2a: Bisharp
|
|
|switch|p2a: Latios|Latios, M|85\/299
|-damage|p2a: Latios|48\/299|[from] Stealth Rock
|turn|60
|chat|Chokes Are Real|soi dios
|chat|Chokes Are Real|jeje
|chat|NocturOP|Axel
|
|move|p2a: Latios|Roost|p2a: Latios
|-heal|p2a: Latios|198\/299
|move|p1a: Venusaur|Synthesis|p1a: Venusaur
|-heal|p1a: Venusaur|352\/363
|
|turn|61
|chat|SoiDaikiri|Que maricon
|chat|SoiDaikiri|El axel
|chat|SoiDaikiri|Que le gano con la punta de la poya
|
|move|p2a: Latios|Psyshock|p1a: Venusaur
|-supereffective|p1a: Venusaur
|-damage|p1a: Venusaur|123\/363
|-damage|p2a: Latios|169\/299|[from] item: Life Orb
|move|p1a: Venusaur|Sludge Bomb|p2a: Latios
|-crit|p2a: Latios
|-damage|p2a: Latios|0 fnt
|faint|p2a: Latios
|
|chat|NocturOP|No jodas
|chat|NocturOP|-.-
|chat|SoiDaikiri|Omg
|
|switch|p2a: Rotom-Wash|Rotom-Wash|103\/303
|-damage|p2a: Rotom-Wash|66\/303|[from] Stealth Rock
|turn|62
|chat|SoiDaikiri|Los crits
|chat|Jon Bovi|Gg
|chat|NocturOP|Rotom Aerial Ace
|
|move|p2a: Rotom-Wash|Hydro Pump|p1a: Venusaur|[miss]
|-miss|p2a: Rotom-Wash|p1a: Venusaur
|move|p1a: Venusaur|Giga Drain|p2a: Rotom-Wash
|-supereffective|p2a: Rotom-Wash
|-damage|p2a: Rotom-Wash|0 fnt
|-heal|p1a: Venusaur|156\/363|[from] drain|[of] p2a: Rotom-Wash
|faint|p2a: Rotom-Wash
|
|win|Jon Bovi
|raw|Ladder updating...
|raw|Jon Bovi's rating: 1737 &rarr; <strong>1752<\/strong><br \/>(+15 for winning)
|raw|NocturOP's rating: 1640 &rarr; <strong>1626<\/strong><br \/>(-14 for losing)
|chat|NocturOP|Good hax
|chat|NocturOP|a_a
|chat|SoiDaikiri|Hax
|leave|NocturOP
|player|p2