|join|Jon Bovi
|join|NezMcNezza5
|player|p1|Jon Bovi|240
|player|p2|NezMcNezza5|167
|gametype|singles
|gen|6
|tier|OU
|rated
|clearpoke
|poke|p1|Donphan, M
|poke|p1|Venusaur, M
|poke|p1|Talonflame, M
|poke|p1|Vaporeon, M
|poke|p1|Heatran, F
|poke|p1|Kyurem-Black
|poke|p2|Alomomola, F
|poke|p2|Venusaur, M
|poke|p2|Heatran, F
|poke|p2|Chansey, F
|poke|p2|Skarmory, M
|poke|p2|Amoonguss, F
|rule|Swagger Clause: Swagger is banned
|rule|Baton Pass Clause: Limit one PokÃ©mon knowing Baton Pass
|rule|Sleep Clause Mod: Limit one foe put to sleep
|rule|Species Clause: Limit one of each PokÃ©mon
|rule|OHKO Clause: OHKO moves are banned
|rule|Moody Clause: Moody is banned
|rule|Evasion Moves Clause: Evasion moves are banned
|rule|Endless Battle Clause: Forcing endless battles is banned
|rule|HP Percentage Mod: HP is shown in percentages
|teampreview
|
|start
|switch|p1a: Glaze of Blory|Talonflame, M|359\/359
|switch|p2a: Heatran|Heatran, F|324\/324
|-item|p2a: Heatran|Air Balloon
|turn|1
|
|switch|p2a: Alomomola|Alomomola, F|534\/534
|move|p1a: Glaze of Blory|Taunt|p2a: Alomomola
|-start|p2a: Alomomola|move: Taunt
|
|turn|2
|
|switch|p1a: Mad Bedecine|Heatran, F|386\/386
|switch|p2a: Heatran|Heatran, F|324\/324
|-item|p2a: Heatran|Air Balloon
|
|turn|3
|
|move|p2a: Heatran|Earth Power|p1a: Mad Bedecine
|-supereffective|p1a: Mad Bedecine
|-damage|p1a: Mad Bedecine|102\/386
|move|p1a: Mad Bedecine|Taunt|p2a: Heatran
|-start|p2a: Heatran|move: Taunt
|
|-heal|p1a: Mad Bedecine|126\/386|[from] item: Leftovers
|turn|4
|c|âNezMcNezza5|your names arent funny
|c|âNezMcNezza5|just swapping the first letters of each word. sigh
|join|gogeta478
|c|âJon Bovi|K
|
|switch|p1a: It's Ly Mife|Vaporeon, M|464\/464
|move|p2a: Heatran|Earth Power|p1a: It's Ly Mife
|-damage|p1a: It's Ly Mife|352\/464
|
|-heal|p1a: It's Ly Mife|381\/464|[from] item: Leftovers
|turn|5
|c| gogeta478|XD
|c|âNezMcNezza5|gogeta
|c|âNezMcNezza5|nobody cares
|c|âNezMcNezza5|you had a taunt gardevoir
|c|âJon Bovi|Lol
|c|âNezMcNezza5|doesnt make you god
|c| gogeta478|jon bovi dont mind me just play your game 
|c|âJon Bovi|Sure
|
|switch|p2a: Venusaur|Venusaur, M|364\/364
|move|p1a: It's Ly Mife|Wish|p1a: It's Ly Mife
|
|-heal|p1a: It's Ly Mife|410\/464|[from] item: Leftovers
|turn|6
|
|switch|p1a: Mad Bedecine|Heatran, F|126\/386
|detailschange|p2a: Venusaur|Venusaur-Mega, M
|message|Venusaur has Mega Evolved into Mega Venusaur!
|move|p2a: Venusaur|Knock Off|p1a: Mad Bedecine
|-damage|p1a: Mad Bedecine|57\/386
|-enditem|p1a: Mad Bedecine|Leftovers|[from] move: Knock Off|[of] p2a: Venusaur
|
|-heal|p1a: Mad Bedecine|289\/386|[from] move: Wish|[wisher] It's Ly Mife
|turn|7
|
|switch|p2a: Heatran|Heatran, F|324\/324
|-item|p2a: Heatran|Air Balloon
|move|p1a: Mad Bedecine|Stealth Rock|p2a: Heatran
|-sidestart|p2: NezMcNezza5|move: Stealth Rock
|
|turn|8
|
|switch|p1a: Glaze of Blory|Talonflame, M|359\/359
|move|p2a: Heatran|Stealth Rock|p1a: Glaze of Blory
|-sidestart|p1: Jon Bovi|move: Stealth Rock
|
|turn|9
|
|switch|p2a: Alomomola|Alomomola, F|534\/534
|-damage|p2a: Alomomola|468\/534|[from] Stealth Rock
|move|p1a: Glaze of Blory|Brave Bird|p2a: Alomomola
|-damage|p2a: Alomomola|365\/534
|-damage|p1a: Glaze of Blory|325\/359|[from] recoil|[of] p2a: Alomomola
|
|-heal|p1a: Glaze of Blory|347\/359|[from] item: Leftovers
|-heal|p2a: Alomomola|398\/534|[from] item: Leftovers
|turn|10
|c|âNezMcNezza5|honestly tho
|c| gogeta478|love that movie lol
|c|âNezMcNezza5|i dont see any point in running bulky talonflame with taunt and brave bird
|c|âJon Bovi|I do 
|c|âJon Bovi|stall breaker
|c|âNezMcNezza5|its moves are so weak when you make it bulky stall
|c|âJon Bovi|Just play plz :)
|
|move|p1a: Glaze of Blory|Taunt|p2a: Alomomola
|-start|p2a: Alomomola|move: Taunt
|move|p2a: Alomomola|Scald|p1a: Glaze of Blory
|-supereffective|p1a: Glaze of Blory
|-damage|p1a: Glaze of Blory|257\/359
|
|-heal|p1a: Glaze of Blory|279\/359|[from] item: Leftovers
|-heal|p2a: Alomomola|431\/534|[from] item: Leftovers
|turn|11
|c|âNezMcNezza5|there are better stall breakers imo
|c| gogeta478|^he talks alot
|
|move|p1a: Glaze of Blory|Brave Bird|p2a: Alomomola
|-damage|p2a: Alomomola|332\/534
|-damage|p1a: Glaze of Blory|246\/359|[from] recoil|[of] p2a: Alomomola
|move|p2a: Alomomola|Scald|p1a: Glaze of Blory
|-crit|p1a: Glaze of Blory
|-supereffective|p1a: Glaze of Blory
|-damage|p1a: Glaze of Blory|126\/359
|
|-heal|p1a: Glaze of Blory|148\/359|[from] item: Leftovers
|-heal|p2a: Alomomola|365\/534|[from] item: Leftovers
|turn|12
|c|âNezMcNezza5|gogeta nobody cares
|c| gogeta478|XD
|c|âNezMcNezza5|you won one match cause you had a taunt mega gardevoir
|c| gogeta478|ill leave
|c|âNezMcNezza5|youre not the god of pokemon
|leave|gogeta478
|c|âJon Bovi|No!
|c|âNezMcNezza5|yeah leave
|c|âNezMcNezza5|goodbye
|raw|<div class="broadcast-red"><b>Moderated chat was set to +!<\/b><br \/>Only users of rank + and higher can talk.<\/div>
|c|âJon Bovi|Hurry up plz
|
|move|p1a: Glaze of Blory|Roost|p1a: Glaze of Blory
|-heal|p1a: Glaze of Blory|328\/359
|move|p2a: Alomomola|Scald|p1a: Glaze of Blory
|-crit|p1a: Glaze of Blory
|-supereffective|p1a: Glaze of Blory
|-damage|p1a: Glaze of Blory|196\/359
|
|-heal|p1a: Glaze of Blory|218\/359|[from] item: Leftovers
|-heal|p2a: Alomomola|398\/534|[from] item: Leftovers
|-end|p2a: Alomomola|move: Taunt
|turn|13
|join|gogeta478
|
|move|p1a: Glaze of Blory|Taunt|p2a: Alomomola
|-start|p2a: Alomomola|move: Taunt
|move|p2a: Alomomola|Scald|p1a: Glaze of Blory
|-supereffective|p1a: Glaze of Blory
|-damage|p1a: Glaze of Blory|132\/359
|
|-heal|p1a: Glaze of Blory|154\/359|[from] item: Leftovers
|-heal|p2a: Alomomola|431\/534|[from] item: Leftovers
|turn|14
|
|move|p1a: Glaze of Blory|Roost|p1a: Glaze of Blory
|-heal|p1a: Glaze of Blory|334\/359
|move|p2a: Alomomola|Scald|p1a: Glaze of Blory
|-supereffective|p1a: Glaze of Blory
|-damage|p1a: Glaze of Blory|250\/359
|
|-heal|p1a: Glaze of Blory|272\/359|[from] item: Leftovers
|-heal|p2a: Alomomola|464\/534|[from] item: Leftovers
|turn|15
|c|âJon Bovi|Dude
|
|move|p1a: Glaze of Blory|Will-O-Wisp|p2a: Alomomola
|-status|p2a: Alomomola|brn
|move|p2a: Alomomola|Scald|p1a: Glaze of Blory
|-supereffective|p1a: Glaze of Blory
|-damage|p1a: Glaze of Blory|182\/359
|
|-heal|p1a: Glaze of Blory|204\/359|[from] item: Leftovers
|-heal|p2a: Alomomola|497\/534 brn|[from] item: Leftovers
|-damage|p2a: Alomomola|431\/534 brn|[from] brn
|-end|p2a: Alomomola|move: Taunt
|turn|16
|c|âNezMcNezza5|i know what your gonna say
|c|âNezMcNezza5|just shut up
|c|âNezMcNezza5|sust jhut up
|c|âJon Bovi|C long en criss
|c|âNezMcNezza5|foob nuck
|
|switch|p2a: Heatran|Heatran, F|324\/324
|-damage|p2a: Heatran|284\/324|[from] Stealth Rock
|-item|p2a: Heatran|Air Balloon
|move|p1a: Glaze of Blory|Taunt|p2a: Heatran
|-start|p2a: Heatran|move: Taunt
|
|-heal|p1a: Glaze of Blory|226\/359|[from] item: Leftovers
|turn|17
|
|switch|p1a: It's Ly Mife|Vaporeon, M|410\/464
|-damage|p1a: It's Ly Mife|352\/464|[from] Stealth Rock
|switch|p2a: Alomomola|Alomomola, F|534\/534 brn
|-damage|p2a: Alomomola|468\/534 brn|[from] Stealth Rock
|
|-heal|p1a: It's Ly Mife|381\/464|[from] item: Leftovers
|-heal|p2a: Alomomola|501\/534 brn|[from] item: Leftovers
|-damage|p2a: Alomomola|435\/534 brn|[from] brn
|turn|18
|
|move|p1a: It's Ly Mife|Wish|p1a: It's Ly Mife
|move|p2a: Alomomola|Wish|p2a: Alomomola
|
|-heal|p1a: It's Ly Mife|410\/464|[from] item: Leftovers
|-heal|p2a: Alomomola|468\/534 brn|[from] item: Leftovers
|-damage|p2a: Alomomola|402\/534 brn|[from] brn
|turn|19
|
|switch|p2a: Heatran|Heatran, F|284\/324
|-damage|p2a: Heatran|244\/324|[from] Stealth Rock
|-item|p2a: Heatran|Air Balloon
|move|p1a: It's Ly Mife|Scald|p2a: Heatran
|-supereffective|p2a: Heatran
|-damage|p2a: Heatran|38\/324
|-enditem|p2a: Heatran|Air Balloon
|
|-heal|p1a: It's Ly Mife|464\/464|[from] move: Wish|[wisher] It's Ly Mife
|-heal|p2a: Heatran|305\/324|[from] move: Wish|[wisher] Alomomola
|turn|20
|
|switch|p2a: Alomomola|Alomomola, F|534\/534 brn
|-damage|p2a: Alomomola|468\/534 brn|[from] Stealth Rock
|move|p1a: It's Ly Mife|Wish|p1a: It's Ly Mife
|
|-heal|p2a: Alomomola|501\/534 brn|[from] item: Leftovers
|-damage|p2a: Alomomola|435\/534 brn|[from] brn
|turn|21
|
|switch|p1a: Mad Bedecine|Heatran, F|289\/386
|-damage|p1a: Mad Bedecine|241\/386|[from] Stealth Rock
|switch|p2a: Chansey|Chansey, F|704\/704
|-damage|p2a: Chansey|616\/704|[from] Stealth Rock
|
|-heal|p1a: Mad Bedecine|386\/386|[from] move: Wish|[wisher] It's Ly Mife
|turn|22
|
|move|p1a: Mad Bedecine|Taunt|p2a: Chansey
|-start|p2a: Chansey|move: Taunt
|move|p2a: Chansey|Seismic Toss|p1a: Mad Bedecine
|-damage|p1a: Mad Bedecine|286\/386
|
|turn|23
|c|âNezMcNezza5|lol
|c|âNezMcNezza5|toxic on a heatran as if
|
|switch|p1a: Pivin on a Lrayer|Donphan, M|384\/384
|-damage|p1a: Pivin on a Lrayer|360\/384|[from] Stealth Rock
|move|p2a: Chansey|Seismic Toss|p1a: Pivin on a Lrayer
|-damage|p1a: Pivin on a Lrayer|260\/384
|
|-heal|p1a: Pivin on a Lrayer|284\/384|[from] item: Leftovers
|turn|24
|c|âNezMcNezza5|thanks for removing my rocks too
|c|âNezMcNezza5|;)
|
|switch|p2a: Skarmory|Skarmory, M|334\/334
|-damage|p2a: Skarmory|293\/334|[from] Stealth Rock
|move|p1a: Pivin on a Lrayer|Rapid Spin|p2a: Skarmory
|-resisted|p2a: Skarmory
|-damage|p2a: Skarmory|285\/334
|-sideend|p1: Jon Bovi|Stealth Rock|[from] move: Rapid Spin|[of] p1a: Pivin on a Lrayer
|
|-heal|p2a: Skarmory|305\/334|[from] item: Leftovers
|-heal|p1a: Pivin on a Lrayer|308\/384|[from] item: Leftovers
|turn|25
|
|switch|p1a: Mad Bedecine|Heatran, F|286\/386
|move|p2a: Skarmory|Defog|p1a: Mad Bedecine
|-unboost|p1a: Mad Bedecine|evasion|1
|-sideend|p2: NezMcNezza5|Stealth Rock|[from] move: Defog|[of] p2a: Skarmory
|
|-heal|p2a: Skarmory|325\/334|[from] item: Leftovers
|turn|26
|
|switch|p2a: Heatran|Heatran, F|305\/324
|move|p1a: Mad Bedecine|Stealth Rock|p2a: Heatran
|-sidestart|p2: NezMcNezza5|move: Stealth Rock
|
|turn|27
|
|switch|p1a: It's Ly Mife|Vaporeon, M|464\/464
|move|p2a: Heatran|Stealth Rock|p1a: It's Ly Mife
|-sidestart|p1: Jon Bovi|move: Stealth Rock
|
|turn|28
|c|âNezMcNezza5|completely pointless those last 4 turn
|c|âJon Bovi|Oh well
|c|âJon Bovi|im playing vs stall
|
|switch|p2a: Amoonguss|Amoonguss, F|432\/432
|-damage|p2a: Amoonguss|378\/432|[from] Stealth Rock
|move|p1a: It's Ly Mife|Wish|p1a: It's Ly Mife
|
|-heal|p2a: Amoonguss|405\/432|[from] item: Black Sludge
|turn|29
|c|âNezMcNezza5|so am i
|c|âNezMcNezza5|your team is full on stall
|c|âJon Bovi|Kyurem is not
|c|âNezMcNezza5|yeah it is
|c|âNezMcNezza5|i bet it has sub and roost
|c|âJon Bovi|lol
|c|âJon Bovi|shut up and play plz
|c|âNezMcNezza5|we shall see then whenever you bring it out
|c|âJon Bovi|Np
|c|âNezMcNezza5|judging by the rest of your team its a 90% chance its sub and roost
|
|switch|p1a: Red of Boses|Venusaur, M|363\/363
|-damage|p1a: Red of Boses|318\/363|[from] Stealth Rock
|move|p2a: Amoonguss|Giga Drain|p1a: Red of Boses
|-resisted|p1a: Red of Boses
|-damage|p1a: Red of Boses|299\/363
|-heal|p2a: Amoonguss|415\/432|[from] drain|[of] p1a: Red of Boses
|
|-heal|p1a: Red of Boses|363\/363|[from] move: Wish|[wisher] It's Ly Mife
|-heal|p2a: Amoonguss|432\/432|[from] item: Black Sludge
|turn|30
|
|switch|p2a: Chansey|Chansey, F|616\/704
|-damage|p2a: Chansey|528\/704|[from] Stealth Rock
|detailschange|p1a: Red of Boses|Venusaur-Mega, M
|message|Venusaur has Mega Evolved into Mega Venusaur!
|move|p1a: Red of Boses|Giga Drain|p2a: Chansey
|-damage|p2a: Chansey|455\/704
|
|turn|31
|
|move|p1a: Red of Boses|Sleep Powder|p2a: Chansey|[miss]
|-miss|p1a: Red of Boses|p2a: Chansey
|move|p2a: Chansey|Soft-Boiled|p2a: Chansey
|-heal|p2a: Chansey|704\/704
|
|turn|32
|
|move|p1a: Red of Boses|Sleep Powder|p2a: Chansey
|-status|p2a: Chansey|slp
|cant|p2a: Chansey|slp
|
|turn|33
|
|switch|p1a: Pivin on a Lrayer|Donphan, M|308\/384
|-damage|p1a: Pivin on a Lrayer|284\/384|[from] Stealth Rock
|-curestatus|p2a: Chansey|slp
|move|p2a: Chansey|Seismic Toss|p1a: Pivin on a Lrayer
|-damage|p1a: Pivin on a Lrayer|184\/384
|
|-heal|p1a: Pivin on a Lrayer|208\/384|[from] item: Leftovers
|turn|34
|c|âNezMcNezza5|thanks for removing my rocks again
|
|switch|p2a: Skarmory|Skarmory, M|325\/334
|-damage|p2a: Skarmory|284\/334|[from] Stealth Rock
|move|p1a: Pivin on a Lrayer|Rapid Spin|p2a: Skarmory
|-resisted|p2a: Skarmory
|-damage|p2a: Skarmory|277\/334
|-sideend|p1: Jon Bovi|Stealth Rock|[from] move: Rapid Spin|[of] p1a: Pivin on a Lrayer
|
|-heal|p2a: Skarmory|297\/334|[from] item: Leftovers
|-heal|p1a: Pivin on a Lrayer|232\/384|[from] item: Leftovers
|turn|35
|c|âNezMcNezza5|no idea why youre 1900
|
|switch|p1a: Host Lighway|Kyurem-Black|391\/391
|-ability|p1a: Host Lighway|Teravolt
|move|p2a: Skarmory|Defog|p1a: Host Lighway
|-unboost|p1a: Host Lighway|evasion|1
|-sideend|p2: NezMcNezza5|Stealth Rock|[from] move: Defog|[of] p2a: Skarmory
|
|-heal|p2a: Skarmory|317\/334|[from] item: Leftovers
|turn|36
|c|âJon Bovi|Great
|c|âJon Bovi|start insulting me
|
|switch|p2a: Chansey|Chansey, F|704\/704
|move|p1a: Host Lighway|Ice Beam|p2a: Chansey
|-damage|p2a: Chansey|599\/704
|
|turn|37
|c|âNezMcNezza5|w\/e man
|
|move|p1a: Host Lighway|Substitute|p1a: Host Lighway
|-start|p1a: Host Lighway|Substitute
|-damage|p1a: Host Lighway|294\/391
|move|p2a: Chansey|Toxic|p1a: Host Lighway
|
|-heal|p1a: Host Lighway|318\/391|[from] item: Leftovers
|turn|38
|c|âNezMcNezza5|there it is
|c|âNezMcNezza5|sub
|c|âNezMcNezza5|kyurem isnt stall
|c|âNezMcNezza5|stfu
|
|move|p1a: Host Lighway|Fusion Bolt|p2a: Chansey
|-damage|p2a: Chansey|427\/704
|move|p2a: Chansey|Seismic Toss|p1a: Host Lighway
|-end|p1a: Host Lighway|Substitute
|
|-heal|p1a: Host Lighway|342\/391|[from] item: Leftovers
|turn|39
|c|âJon Bovi|Lol
|c|âJon Bovi|never stop talking
|c|âNezMcNezza5|because a)
|c|âNezMcNezza5|why th hell are you 1918
|
|move|p1a: Host Lighway|Fusion Bolt|p2a: Chansey
|-damage|p2a: Chansey|249\/704
|move|p2a: Chansey|Soft-Boiled|p2a: Chansey
|-heal|p2a: Chansey|601\/704
|
|-heal|p1a: Host Lighway|366\/391|[from] item: Leftovers
|turn|40
|c|âJon Bovi|Jealous?
|c|âNezMcNezza5|b) see above
|c|âNezMcNezza5|nah its just mond boggling
|c|âNezMcNezza5|mind boggling
|
|switch|p1a: Red of Boses|Venusaur-Mega, M|363\/363
|move|p2a: Chansey|Seismic Toss|p1a: Red of Boses
|-damage|p1a: Red of Boses|263\/363
|
|turn|41
|c|âNezMcNezza5|full stall you are
|c|âNezMcNezza5|"im playing stall"
|c|âJon Bovi|I'm 1938
|c|âJon Bovi|btw
|c|âNezMcNezza5|always cracks me up when stallers complain about stall
|c|âNezMcNezza5|regardless 1918 1938 doesnt matter
|c|âNezMcNezza5|totally undeserved
|c|âNezMcNezza5|you have made some very bad plays in this game
|
|move|p1a: Red of Boses|Sleep Powder|p2a: Chansey
|-status|p2a: Chansey|slp
|cant|p2a: Chansey|slp
|
|turn|42
|
|switch|p1a: Glaze of Blory|Talonflame, M|226\/359
|cant|p2a: Chansey|slp
|
|-heal|p1a: Glaze of Blory|248\/359|[from] item: Leftovers
|turn|43
|c|âNezMcNezza5|a) i knew you were gonna wish pass to heatran after you almost let it die the first turn
|c|âNezMcNezza5|b) i didnt have anything to ohko so let you wish pass
|c|âNezMcNezza5|c) twice you tried to rapid spin and on both ocasions its a free defog for me. 
|
|switch|p2a: Alomomola|Alomomola, F|534\/534 brn
|move|p1a: Glaze of Blory|Taunt|p2a: Alomomola
|-start|p2a: Alomomola|move: Taunt
|
|-heal|p1a: Glaze of Blory|270\/359|[from] item: Leftovers
|-damage|p2a: Alomomola|468\/534 brn|[from] brn
|turn|44
|c|âJon Bovi|Tabarnak
|c|âJon Bovi|ferme ta gueule
|c|âNezMcNezza5|btw
|c|âNezMcNezza5|i peaked at 1957 on a different account just to let you know
|c|âJon Bovi|Good for u
|
|switch|p1a: It's Ly Mife|Vaporeon, M|464\/464
|switch|p2a: Heatran|Heatran, F|305\/324
|
|turn|45
|c|âJon Bovi|me too
|c|âJon Bovi|1969 to be exact
|
|switch|p2a: Venusaur|Venusaur-Mega, M|364\/364
|move|p1a: It's Ly Mife|Scald|p2a: Venusaur
|-resisted|p2a: Venusaur
|-damage|p2a: Venusaur|321\/364
|
|turn|46
|c|âNezMcNezza5|i dont care if it was higher than me. i was talking generally
|c|âJon Bovi|So we r both good haha
|c|âNezMcNezza5|just in case youre thinking oyure some god cause your 1900
|c|âJon Bovi|I never said I was a God
|c|âJon Bovi|ur the one crying since the beginning of the match
|c|âJon Bovi|btw
|
|move|p1a: It's Ly Mife|Protect|p1a: It's Ly Mife
|-singleturn|p1a: It's Ly Mife|Protect
|move|p2a: Venusaur|Knock Off|p1a: It's Ly Mife
|-activate|p1a: It's Ly Mife|Protect
|
|turn|47
|c|âNezMcNezza5|just wondering how your team deals with mega pinsir ant taunt gengar and taunt giscor and taunt mega gardevoir and lucario
|
|switch|p1a: Red of Boses|Venusaur-Mega, M|263\/363
|move|p2a: Venusaur|Knock Off|p1a: Red of Boses
|-damage|p1a: Red of Boses|231\/363
|
|turn|48
|c|âNezMcNezza5|and how does it deal with gothitelle and dugtrio
|
|switch|p2a: Amoonguss|Amoonguss, F|432\/432
|move|p1a: Red of Boses|Synthesis|p1a: Red of Boses
|-heal|p1a: Red of Boses|363\/363
|
|turn|49
|
|move|p1a: Red of Boses|Sludge Bomb|p2a: Amoonguss
|-damage|p2a: Amoonguss|327\/432
|move|p2a: Amoonguss|Foul Play|p1a: Red of Boses
|-damage|p1a: Red of Boses|319\/363
|
|-heal|p2a: Amoonguss|354\/432|[from] item: Black Sludge
|turn|50
|c|âNezMcNezza5|why sludge bomb on amoongus ol
|c|âNezMcNezza5|!data grass\/poison
No Pokemon, item, move, ability or nature named 'grass\/poison' was found. Showing the data of 'Cross Poison' instead.
|c|~|\/data-move Cross Poison

|
|move|p1a: Red of Boses|Sludge Bomb|p2a: Amoonguss
|-damage|p2a: Amoonguss|246\/432
|move|p2a: Amoonguss|Spore|p1a: Red of Boses
|-fail|p1a: Red of Boses
|
|-heal|p2a: Amoonguss|273\/432|[from] item: Black Sludge
|turn|51
|
|switch|p2a: Skarmory|Skarmory, M|317\/334
|move|p1a: Red of Boses|Sludge Bomb|p2a: Skarmory
|-immune|p2a: Skarmory|[msg]
|
|-heal|p2a: Skarmory|334\/334|[from] item: Leftovers
|turn|52
|c|âNezMcNezza5|><
|c|âNezMcNezza5|really a 1938 player does that?
|c|âNezMcNezza5|hit me with hidden power fire then ;)
|c|âJon Bovi|Stfu
|c|âJon Bovi|seriously
|c|âJon Bovi|Plz
|
|switch|p2a: Chansey|Chansey, F|601\/704
|move|p1a: Red of Boses|Sleep Powder|p2a: Chansey|[miss]
|-miss|p1a: Red of Boses|p2a: Chansey
|
|turn|53
|c|âNezMcNezza5|lol ;)
|
|move|p1a: Red of Boses|Sleep Powder|p2a: Chansey
|-status|p2a: Chansey|slp
|cant|p2a: Chansey|slp
|
|turn|54
|
|switch|p1a: Glaze of Blory|Talonflame, M|270\/359
|switch|p2a: Amoonguss|Amoonguss, F|417\/432
|
|-heal|p1a: Glaze of Blory|292\/359|[from] item: Leftovers
|-heal|p2a: Amoonguss|432\/432|[from] item: Black Sludge
|turn|55
|c|âNezMcNezza5|if your talonflame was choice band this would have ended a while ago
|c|âJon Bovi|Lol hell no
|
|switch|p2a: Alomomola|Alomomola, F|534\/534 brn
|move|p1a: Glaze of Blory|Taunt|p2a: Alomomola
|-start|p2a: Alomomola|move: Taunt
|
|-heal|p1a: Glaze of Blory|314\/359|[from] item: Leftovers
|-damage|p2a: Alomomola|468\/534 brn|[from] brn
|turn|56
|c|âNezMcNezza5|yup
|c|âJon Bovi|the recoil would fucken kill me just with chansey
|c|âNezMcNezza5|thats the not the point
|c|âNezMcNezza5|if you play smart and sack talonflame off on something you can sweep with something else
|c|âJon Bovi|Jesus
|c|âNezMcNezza5|but you cant do that with your bulky flame lol
|c|âJon Bovi|u never stop
|
|switch|p2a: Heatran|Heatran, F|305\/324
|move|p1a: Glaze of Blory|Brave Bird|p2a: Heatran
|-resisted|p2a: Heatran
|-damage|p2a: Heatran|250\/324
|-damage|p1a: Glaze of Blory|296\/359|[from] recoil|[of] p2a: Heatran
|
|-heal|p1a: Glaze of Blory|318\/359|[from] item: Leftovers
|turn|57
|
|move|p1a: Glaze of Blory|Taunt|p2a: Heatran
|-start|p2a: Heatran|move: Taunt
|move|p2a: Heatran|Lava Plume|p1a: Glaze of Blory
|-resisted|p1a: Glaze of Blory
|-damage|p1a: Glaze of Blory|257\/359
|
|-heal|p1a: Glaze of Blory|279\/359|[from] item: Leftovers
|turn|58
|
|switch|p2a: Alomomola|Alomomola, F|534\/534 brn
|move|p1a: Glaze of Blory|Brave Bird|p2a: Alomomola
|-damage|p2a: Alomomola|429\/534 brn
|-damage|p1a: Glaze of Blory|244\/359|[from] recoil|[of] p2a: Alomomola
|
|-heal|p1a: Glaze of Blory|266\/359|[from] item: Leftovers
|-heal|p2a: Alomomola|462\/534 brn|[from] item: Leftovers
|-damage|p2a: Alomomola|396\/534 brn|[from] brn
|turn|59
|
|move|p1a: Glaze of Blory|Taunt|p2a: Alomomola
|-start|p2a: Alomomola|move: Taunt
|cant|p2a: Alomomola|move: Taunt|Wish
|
|-heal|p1a: Glaze of Blory|288\/359|[from] item: Leftovers
|-heal|p2a: Alomomola|429\/534 brn|[from] item: Leftovers
|-damage|p2a: Alomomola|363\/534 brn|[from] brn
|turn|60
|
|switch|p2a: Skarmory|Skarmory, M|334\/334
|move|p1a: Glaze of Blory|Brave Bird|p2a: Skarmory
|-resisted|p2a: Skarmory
|-damage|p2a: Skarmory|301\/334
|-damage|p1a: Glaze of Blory|277\/359|[from] recoil|[of] p2a: Skarmory
|
|-heal|p1a: Glaze of Blory|299\/359|[from] item: Leftovers
|-heal|p2a: Skarmory|321\/334|[from] item: Leftovers
|turn|61
|c|âNezMcNezza5|do you seriously only have brave bird\/willo\/taunt\/roost
|c|âJon Bovi|What do u think smarty pants?
|c|âNezMcNezza5|lol @ not having a fire move
|
|move|p1a: Glaze of Blory|Taunt|p2a: Skarmory
|-start|p2a: Skarmory|move: Taunt
|cant|p2a: Skarmory|move: Taunt|Spikes
|
|-heal|p1a: Glaze of Blory|321\/359|[from] item: Leftovers
|-heal|p2a: Skarmory|334\/334|[from] item: Leftovers
|turn|62
|c|âJon Bovi|Lmfao
|c|âJon Bovi|spikes and defog
|
|switch|p2a: Alomomola|Alomomola, F|534\/534 brn
|move|p1a: Glaze of Blory|Brave Bird|p2a: Alomomola
|-damage|p2a: Alomomola|443\/534 brn
|-damage|p1a: Glaze of Blory|291\/359|[from] recoil|[of] p2a: Alomomola
|
|-heal|p1a: Glaze of Blory|313\/359|[from] item: Leftovers
|-heal|p2a: Alomomola|476\/534 brn|[from] item: Leftovers
|-damage|p2a: Alomomola|410\/534 brn|[from] brn
|turn|63
|c|âNezMcNezza5|yup
|c|âNezMcNezza5|so by your logic i should only run one or the other? gtfo
|
|switch|p2a: Skarmory|Skarmory, M|334\/334
|move|p1a: Glaze of Blory|Taunt|p2a: Skarmory
|-start|p2a: Skarmory|move: Taunt
|
|-heal|p1a: Glaze of Blory|335\/359|[from] item: Leftovers
|turn|64
|
|switch|p1a: Red of Boses|Venusaur-Mega, M|319\/363
|switch|p2a: Alomomola|Alomomola, F|534\/534 brn
|
|-damage|p2a: Alomomola|468\/534 brn|[from] brn
|turn|65
|
|switch|p1a: Host Lighway|Kyurem-Black|366\/391
|-ability|p1a: Host Lighway|Teravolt
|switch|p2a: Amoonguss|Amoonguss, F|432\/432
|
|-heal|p1a: Host Lighway|390\/391|[from] item: Leftovers
|turn|66
|
|switch|p2a: Chansey|Chansey, F|601\/704
|move|p1a: Host Lighway|Ice Beam|p2a: Chansey
|-damage|p2a: Chansey|501\/704
|-status|p2a: Chansey|frz
|
|-heal|p1a: Host Lighway|391\/391|[from] item: Leftovers
|turn|67
|
|switch|p2a: Alomomola|Alomomola, F|534\/534 brn
|move|p1a: Host Lighway|Earth Power|p2a: Alomomola
|-damage|p2a: Alomomola|318\/534 brn
|
|-heal|p2a: Alomomola|351\/534 brn|[from] item: Leftovers
|-damage|p2a: Alomomola|285\/534 brn|[from] brn
|turn|68
|c|âNezMcNezza5|and thats what happens when you use a monster attacker like a bulky staller
|
|switch|p2a: Chansey|Chansey, F|501\/704
|move|p1a: Host Lighway|Fusion Bolt|p2a: Chansey
|-damage|p2a: Chansey|340\/704
|
|turn|69
|c|âJon Bovi|I have no roost
|
|move|p1a: Host Lighway|Ice Beam|p2a: Chansey
|-damage|p2a: Chansey|234\/704
|move|p2a: Chansey|Soft-Boiled|p2a: Chansey
|-heal|p2a: Chansey|586\/704
|
|turn|70
|join|seventologist
|c|âNezMcNezza5|lol at going for ice beam and hoping for lucky freeze AGAIN
|leave|seventologist
|
|switch|p1a: Red of Boses|Venusaur-Mega, M|319\/363
|move|p2a: Chansey|Toxic|p1a: Red of Boses
|-fail|p1a: Red of Boses
|
|turn|71
|
|switch|p1a: Glaze of Blory|Talonflame, M|335\/359
|switch|p2a: Amoonguss|Amoonguss, F|432\/432
|
|-heal|p1a: Glaze of Blory|357\/359|[from] item: Leftovers
|turn|72
|
|switch|p2a: Alomomola|Alomomola, F|463\/534 brn
|move|p1a: Glaze of Blory|Brave Bird|p2a: Alomomola
|-damage|p2a: Alomomola|360\/534 brn
|-damage|p1a: Glaze of Blory|323\/359|[from] recoil|[of] p2a: Alomomola
|
|-heal|p1a: Glaze of Blory|345\/359|[from] item: Leftovers
|-heal|p2a: Alomomola|393\/534 brn|[from] item: Leftovers
|-damage|p2a: Alomomola|327\/534 brn|[from] brn
|turn|73
|
|move|p1a: Glaze of Blory|Brave Bird|p2a: Alomomola
|-damage|p2a: Alomomola|231\/534 brn
|-damage|p1a: Glaze of Blory|313\/359|[from] recoil|[of] p2a: Alomomola
|move|p2a: Alomomola|Toxic|p1a: Glaze of Blory
|-status|p1a: Glaze of Blory|tox
|
|-heal|p1a: Glaze of Blory|335\/359 tox|[from] item: Leftovers
|-heal|p2a: Alomomola|264\/534 brn|[from] item: Leftovers
|-damage|p1a: Glaze of Blory|313\/359 tox|[from] psn
|-damage|p2a: Alomomola|198\/534 brn|[from] brn
|turn|74
|c|âNezMcNezza5|oops
|leave|gogeta478
|c|âNezMcNezza5|switch in your heal bell vaporeon ;)
|
|switch|p1a: It's Ly Mife|Vaporeon, M|464\/464
|switch|p2a: Skarmory|Skarmory, M|334\/334
|
|turn|75
|c|âNezMcNezza5|lel
|c|âNezMcNezza5|^^^^^^
|
|switch|p2a: Chansey|Chansey, F|586\/704
|move|p1a: It's Ly Mife|Heal Bell|p1a: It's Ly Mife
|-cureteam|p1a: It's Ly Mife|[from] move: HealBell
|
|turn|76
|c|âNezMcNezza5|hahahahaaa
|
|switch|p1a: Red of Boses|Venusaur-Mega, M|319\/363
|move|p2a: Chansey|Toxic|p1a: Red of Boses
|-fail|p1a: Red of Boses
|
|turn|77
|
|switch|p1a: Host Lighway|Kyurem-Black|391\/391
|-ability|p1a: Host Lighway|Teravolt
|move|p2a: Chansey|Heal Bell|p2a: Chansey
|-cureteam|p2a: Chansey|[from] move: HealBell
|
|turn|78
|c|âJon Bovi|Ty
|
|switch|p1a: It's Ly Mife|Vaporeon, M|464\/464
|move|p2a: Chansey|Seismic Toss|p1a: It's Ly Mife
|-damage|p1a: It's Ly Mife|364\/464
|
|-heal|p1a: It's Ly Mife|393\/464|[from] item: Leftovers
|turn|79
|c|âNezMcNezza5|thank you for nothing lol
|c|âNezMcNezza5|its a pp stall. get over it
|
|switch|p1a: Red of Boses|Venusaur-Mega, M|319\/363
|move|p2a: Chansey|Seismic Toss|p1a: Red of Boses
|-damage|p1a: Red of Boses|219\/363
|
|turn|80
|
|move|p1a: Red of Boses|Sleep Powder|p2a: Chansey|[miss]
|-miss|p1a: Red of Boses|p2a: Chansey
|move|p2a: Chansey|Seismic Toss|p1a: Red of Boses
|-damage|p1a: Red of Boses|119\/363
|
|turn|81
|
|move|p1a: Red of Boses|Synthesis|p1a: Red of Boses
|-heal|p1a: Red of Boses|300\/363
|move|p2a: Chansey|Seismic Toss|p1a: Red of Boses
|-damage|p1a: Red of Boses|200\/363
|
|turn|82
|
|switch|p2a: Heatran|Heatran, F|250\/324
|move|p1a: Red of Boses|Sleep Powder|p2a: Heatran
|-status|p2a: Heatran|slp
|
|turn|83
|
|cant|p2a: Heatran|slp
|move|p1a: Red of Boses|Synthesis|p1a: Red of Boses
|-heal|p1a: Red of Boses|363\/363
|
|turn|84
|
|switch|p1a: Glaze of Blory|Talonflame, M|313\/359
|cant|p2a: Heatran|slp
|
|-heal|p1a: Glaze of Blory|335\/359|[from] item: Leftovers
|turn|85
|
|switch|p2a: Alomomola|Alomomola, F|376\/534
|move|p1a: Glaze of Blory|Taunt|p2a: Alomomola
|-start|p2a: Alomomola|move: Taunt
|
|-heal|p1a: Glaze of Blory|357\/359|[from] item: Leftovers
|-heal|p2a: Alomomola|409\/534|[from] item: Leftovers
|turn|86
|
|switch|p2a: Heatran|Heatran, F|250\/324 slp
|move|p1a: Glaze of Blory|Will-O-Wisp|p2a: Heatran
|-start|p2a: Heatran|ability: Flash Fire
|
|-heal|p1a: Glaze of Blory|359\/359|[from] item: Leftovers
|turn|87
|c|âNezMcNezza5|sigh. did you really just do that. flash fire OP ban it please!!!! #outpredicted again
|c|âNezMcNezza5|#predictable
|c|âJon Bovi|Shut up
|
|move|p1a: Glaze of Blory|Taunt|p2a: Heatran
|-start|p2a: Heatran|move: Taunt
|-curestatus|p2a: Heatran|slp
|cant|p2a: Heatran|move: Taunt|Stealth Rock
|
|turn|88
|c|âJon Bovi|ta gueule chien sale
|
|move|p1a: Glaze of Blory|Brave Bird|p2a: Heatran
|-resisted|p2a: Heatran
|-damage|p2a: Heatran|196\/324
|-damage|p1a: Glaze of Blory|341\/359|[from] recoil|[of] p2a: Heatran
|move|p2a: Heatran|Lava Plume|p1a: Glaze of Blory
|-resisted|p1a: Glaze of Blory
|-damage|p1a: Glaze of Blory|252\/359
|
|-heal|p1a: Glaze of Blory|274\/359|[from] item: Leftovers
|turn|89
|
|switch|p2a: Alomomola|Alomomola, F|534\/534
|move|p1a: Glaze of Blory|Brave Bird|p2a: Alomomola
|-damage|p2a: Alomomola|437\/534
|-damage|p1a: Glaze of Blory|242\/359|[from] recoil|[of] p2a: Alomomola
|
|-heal|p1a: Glaze of Blory|264\/359|[from] item: Leftovers
|-heal|p2a: Alomomola|470\/534|[from] item: Leftovers
|turn|90
|
|move|p1a: Glaze of Blory|Taunt|p2a: Alomomola
|-start|p2a: Alomomola|move: Taunt
|cant|p2a: Alomomola|move: Taunt|Wish
|
|-heal|p1a: Glaze of Blory|286\/359|[from] item: Leftovers
|-heal|p2a: Alomomola|503\/534|[from] item: Leftovers
|turn|91
|
|move|p1a: Glaze of Blory|Will-O-Wisp|p2a: Alomomola
|-status|p2a: Alomomola|brn
|move|p2a: Alomomola|Scald|p1a: Glaze of Blory
|-supereffective|p1a: Glaze of Blory
|-damage|p1a: Glaze of Blory|202\/359
|
|-heal|p1a: Glaze of Blory|224\/359|[from] item: Leftovers
|-heal|p2a: Alomomola|534\/534 brn|[from] item: Leftovers
|-damage|p2a: Alomomola|468\/534 brn|[from] brn
|turn|92
|
|move|p1a: Glaze of Blory|Roost|p1a: Glaze of Blory
|-heal|p1a: Glaze of Blory|359\/359
|move|p2a: Alomomola|Scald|p1a: Glaze of Blory
|-supereffective|p1a: Glaze of Blory
|-damage|p1a: Glaze of Blory|279\/359
|
|-heal|p1a: Glaze of Blory|301\/359|[from] item: Leftovers
|-heal|p2a: Alomomola|501\/534 brn|[from] item: Leftovers
|-damage|p2a: Alomomola|435\/534 brn|[from] brn
|-end|p2a: Alomomola|move: Taunt
|turn|93
|
|switch|p2a: Skarmory|Skarmory, M|334\/334
|move|p1a: Glaze of Blory|Taunt|p2a: Skarmory
|-start|p2a: Skarmory|move: Taunt
|
|-heal|p1a: Glaze of Blory|323\/359|[from] item: Leftovers
|turn|94
|
|switch|p2a: Alomomola|Alomomola, F|534\/534 brn
|move|p1a: Glaze of Blory|Will-O-Wisp|p2a: Alomomola
|-fail|p2a: Alomomola|brn
|
|-heal|p1a: Glaze of Blory|345\/359|[from] item: Leftovers
|-damage|p2a: Alomomola|468\/534 brn|[from] brn
|turn|95
|c|âJon Bovi|Ouch
|c|âNezMcNezza5|ouch what lol
|c|âNezMcNezza5|you tried to burn an already burned pokemon
|c|âJon Bovi|No no
|c|âNezMcNezza5|#outpredicted again
|c|âJon Bovi|if I lose
|c|âJon Bovi|i lose lots of points
|c|âNezMcNezza5|no you dont
|c|âJon Bovi|outpredi ted stfu it's pp stalling ass hole
|c|âJon Bovi|Dude
|c|âJon Bovi|not even 1700
|c|âNezMcNezza5|i was the match before this. i usuallly float between 1800 and 1900 but ive had a lot of testings recently
|c|âJon Bovi|I see
|
|switch|p1a: It's Ly Mife|Vaporeon, M|393\/464
|switch|p2a: Heatran|Heatran, F|196\/324
|
|-heal|p1a: It's Ly Mife|422\/464|[from] item: Leftovers
|turn|96
|c|âJon Bovi|what testing?
|
|switch|p2a: Amoonguss|Amoonguss, F|432\/432
|move|p1a: It's Ly Mife|Wish|p1a: It's Ly Mife
|
|-heal|p1a: It's Ly Mife|451\/464|[from] item: Leftovers
|turn|97
|c|âNezMcNezza5|just different variations of pokes in the 5th and 6th slot
|c|âNezMcNezza5|caused me to lose more than i wanted to
|
|switch|p1a: Mad Bedecine|Heatran, F|286\/386
|move|p2a: Amoonguss|Spore|p1a: Mad Bedecine
|-status|p1a: Mad Bedecine|slp
|
|-heal|p1a: Mad Bedecine|386\/386 slp|[from] move: Wish|[wisher] It's Ly Mife
|turn|98
|
|switch|p2a: Alomomola|Alomomola, F|534\/534 brn
|cant|p1a: Mad Bedecine|slp
|
|-damage|p2a: Alomomola|468\/534 brn|[from] brn
|turn|99
|
|switch|p1a: Pivin on a Lrayer|Donphan, M|232\/384
|move|p2a: Alomomola|Wish|p2a: Alomomola
|
|-heal|p2a: Alomomola|501\/534 brn|[from] item: Leftovers
|-heal|p1a: Pivin on a Lrayer|256\/384|[from] item: Leftovers
|-damage|p2a: Alomomola|435\/534 brn|[from] brn
|turn|100
|
|move|p2a: Alomomola|Toxic|p1a: Pivin on a Lrayer
|-status|p1a: Pivin on a Lrayer|tox
|move|p1a: Pivin on a Lrayer|Earthquake|p2a: Alomomola
|-damage|p2a: Alomomola|284\/534 brn
|
|-heal|p2a: Alomomola|534\/534 brn|[from] move: Wish|[wisher] Alomomola
|-heal|p1a: Pivin on a Lrayer|280\/384 tox|[from] item: Leftovers
|-damage|p2a: Alomomola|468\/534 brn|[from] brn
|-damage|p1a: Pivin on a Lrayer|256\/384 tox|[from] psn
|turn|101
|c|âNezMcNezza5|bulky mons tying to ohko
|
|switch|p1a: Host Lighway|Kyurem-Black|391\/391
|-ability|p1a: Host Lighway|Teravolt
|move|p2a: Alomomola|Wish|p2a: Alomomola
|
|-heal|p2a: Alomomola|501\/534 brn|[from] item: Leftovers
|-damage|p2a: Alomomola|435\/534 brn|[from] brn
|turn|102
|
|switch|p2a: Chansey|Chansey, F|586\/704
|move|p1a: Host Lighway|Earth Power|p2a: Chansey
|-damage|p2a: Chansey|516\/704
|
|-heal|p2a: Chansey|704\/704|[from] move: Wish|[wisher] Alomomola
|turn|103
|c|âNezMcNezza5|go earth power
|leave|Jon Bovi
|player|p1
|c|âNezMcNezza5|you do realise i can predict what youre gonna do 99% of the time
|
|switch|p1a: Red of Boses|Venusaur-Mega, M|363\/363
|move|p2a: Chansey|Toxic|p1a: Red of Boses
|-fail|p1a: Red of Boses
|
|turn|104
|-message|jonbovi lost due to inactivity.
|
|win|NezMcNezza5
|raw|Ladder updating...
|raw|Jon Bovi's rating: 1938 &rarr; <strong>1906<\/strong><br \/>(-32 for losing)
|raw|NezMcNezza5's rating: 1696 &rarr; <strong>1728<\/strong><br \/>(+32 for winning)
|c|âNezMcNezza5|32 points wow a shitload lel
|join|youbo
|leave|youbo
|join|rickey spanish
|join|coolguy46575
|leave|coolguy46575
|join|My Feelings Suck
|join|teamitachi
|join|Sneaky
|join|Seelenmann
|join|ghetsis khan