|join|Jon Bovi
|join|J. Marshall
|player|p1|Jon Bovi|240
|player|p2|J. Marshall|167
|gametype|singles
|gen|6
|tier|OU
|rated
|clearpoke
|poke|p1|Donphan, M
|poke|p1|Venusaur, M
|poke|p1|Talonflame, M
|poke|p1|Vaporeon, M
|poke|p1|Heatran, F
|poke|p1|Hydreigon, M
|poke|p2|Talonflame, F
|poke|p2|Amoonguss, M
|poke|p2|Gardevoir, M
|poke|p2|Rotom-Wash
|poke|p2|Excadrill, F
|poke|p2|Tyranitar, M
|rule|Swagger Clause: Swagger is banned
|rule|Baton Pass Clause: Limit one PokÃ©mon knowing Baton Pass
|rule|Sleep Clause Mod: Limit one foe put to sleep
|rule|Species Clause: Limit one of each PokÃ©mon
|rule|OHKO Clause: OHKO moves are banned
|rule|Moody Clause: Moody is banned
|rule|Evasion Moves Clause: Evasion moves are banned
|rule|Endless Battle Clause: Forcing endless battles is banned
|rule|HP Percentage Mod: HP is reported as percentages
|teampreview
|chat|Jon Bovi|Gl hf
|chat|J. Marshall|You too
|
|start
|switch|p1a: Red of Boses|Venusaur, M|363\/363
|switch|p2a: Rotom-Wash|Rotom-Wash|304\/304
|turn|1
|
|detailschange|p1a: Red of Boses|Venusaur-Mega, M
|message|Venusaur has Mega Evolved into Mega Venusaur!
|move|p2a: Rotom-Wash|Volt Switch|p1a: Red of Boses
|-resisted|p1a: Red of Boses
|-damage|p1a: Red of Boses|324\/363
|
|switch|p2a: Tyranitar|Tyranitar, M|404\/404
|-weather|Sandstorm
|move|p1a: Red of Boses|Giga Drain|p2a: Tyranitar
|-supereffective|p2a: Tyranitar
|-damage|p2a: Tyranitar|290\/404
|-heal|p1a: Red of Boses|363\/363|[from] drain|[of] p2a: Tyranitar
|
|-weather|Sandstorm|[upkeep]
|-damage|p1a: Red of Boses|341\/363|[from] sandstorm
|turn|2
|
|switch|p1a: Pivin on a Lrayer|Donphan, M|384\/384
|move|p2a: Tyranitar|Stealth Rock|p1a: Pivin on a Lrayer
|-sidestart|p1: Jon Bovi|move: Stealth Rock
|
|-weather|Sandstorm|[upkeep]
|turn|3
|
|switch|p2a: Rotom-Wash|Rotom-Wash|304\/304
|move|p1a: Pivin on a Lrayer|Rapid Spin|p2a: Rotom-Wash
|-damage|p2a: Rotom-Wash|286\/304
|-sideend|p1: Jon Bovi|Stealth Rock|[from] move: Rapid Spin|[of] p1a: Pivin on a Lrayer
|
|-weather|Sandstorm|[upkeep]
|-damage|p2a: Rotom-Wash|267\/304|[from] sandstorm
|-heal|p2a: Rotom-Wash|286\/304|[from] item: Leftovers
|turn|4
|
|switch|p1a: Mad Bedecine|Heatran, F|386\/386
|move|p2a: Rotom-Wash|Will-O-Wisp|p1a: Mad Bedecine
|-start|p1a: Mad Bedecine|ability: Flash Fire
|
|-weather|Sandstorm|[upkeep]
|-damage|p2a: Rotom-Wash|267\/304|[from] sandstorm
|-heal|p2a: Rotom-Wash|286\/304|[from] item: Leftovers
|turn|5
|
|move|p2a: Rotom-Wash|Hydro Pump|p1a: Mad Bedecine|[miss]
|-miss|p2a: Rotom-Wash|p1a: Mad Bedecine
|move|p1a: Mad Bedecine|Stealth Rock|p2a: Rotom-Wash
|-sidestart|p2: J. Marshall|move: Stealth Rock
|
|-weather|none
|-heal|p2a: Rotom-Wash|304\/304|[from] item: Leftovers
|turn|6
|
|move|p2a: Rotom-Wash|Hydro Pump|p1a: Mad Bedecine
|-supereffective|p1a: Mad Bedecine
|-damage|p1a: Mad Bedecine|194\/386
|move|p1a: Mad Bedecine|Toxic|p2a: Rotom-Wash
|-status|p2a: Rotom-Wash|tox
|
|-heal|p1a: Mad Bedecine|218\/386|[from] item: Leftovers
|-damage|p2a: Rotom-Wash|285\/304 tox|[from] psn
|turn|7
|
|switch|p1a: Red of Boses|Venusaur-Mega, M|341\/363
|move|p2a: Rotom-Wash|Hydro Pump|p1a: Red of Boses
|-resisted|p1a: Red of Boses
|-damage|p1a: Red of Boses|287\/363
|
|-heal|p2a: Rotom-Wash|304\/304 tox|[from] item: Leftovers
|-damage|p2a: Rotom-Wash|266\/304 tox|[from] psn
|turn|8
|
|move|p2a: Rotom-Wash|Volt Switch|p1a: Red of Boses
|-resisted|p1a: Red of Boses
|-damage|p1a: Red of Boses|251\/363
|
|switch|p2a: Amoonguss|Amoonguss, M|432\/432
|-damage|p2a: Amoonguss|378\/432|[from] Stealth Rock
|move|p1a: Red of Boses|Giga Drain|p2a: Amoonguss
|-crit|p2a: Amoonguss
|-resisted|p2a: Amoonguss
|-damage|p2a: Amoonguss|327\/432
|-heal|p1a: Red of Boses|277\/363|[from] drain|[of] p2a: Amoonguss
|
|-heal|p2a: Amoonguss|354\/432|[from] item: Black Sludge
|turn|9
|
|move|p1a: Red of Boses|Sludge Bomb|p2a: Amoonguss
|-damage|p2a: Amoonguss|206\/432
|move|p2a: Amoonguss|Sludge Bomb|p1a: Red of Boses
|-damage|p1a: Red of Boses|199\/363
|
|-heal|p2a: Amoonguss|233\/432|[from] item: Black Sludge
|turn|10
|
|switch|p2a: Tyranitar|Tyranitar, M|290\/404
|-damage|p2a: Tyranitar|240\/404|[from] Stealth Rock
|-weather|Sandstorm
|move|p1a: Red of Boses|Synthesis|p1a: Red of Boses
|-heal|p1a: Red of Boses|290\/363
|
|-weather|Sandstorm|[upkeep]
|-damage|p1a: Red of Boses|268\/363|[from] sandstorm
|turn|11
|
|switch|p1a: Pivin on a Lrayer|Donphan, M|384\/384
|move|p2a: Tyranitar|Stealth Rock|p1a: Pivin on a Lrayer
|-sidestart|p1: Jon Bovi|move: Stealth Rock
|
|-weather|Sandstorm|[upkeep]
|turn|12
|
|switch|p2a: Rotom-Wash|Rotom-Wash|266\/304 tox
|-damage|p2a: Rotom-Wash|228\/304 tox|[from] Stealth Rock
|move|p1a: Pivin on a Lrayer|Rapid Spin|p2a: Rotom-Wash
|-damage|p2a: Rotom-Wash|210\/304 tox
|-sideend|p1: Jon Bovi|Stealth Rock|[from] move: Rapid Spin|[of] p1a: Pivin on a Lrayer
|
|-weather|Sandstorm|[upkeep]
|-damage|p2a: Rotom-Wash|191\/304 tox|[from] sandstorm
|-heal|p2a: Rotom-Wash|210\/304 tox|[from] item: Leftovers
|-damage|p2a: Rotom-Wash|191\/304 tox|[from] psn
|turn|13
|
|switch|p1a: Host Lighway|Hydreigon, M|325\/325
|move|p2a: Rotom-Wash|Will-O-Wisp|p1a: Host Lighway
|-status|p1a: Host Lighway|brn
|
|-weather|Sandstorm|[upkeep]
|-damage|p1a: Host Lighway|305\/325 brn|[from] sandstorm
|-damage|p2a: Rotom-Wash|172\/304 tox|[from] sandstorm
|-heal|p2a: Rotom-Wash|191\/304 tox|[from] item: Leftovers
|-damage|p1a: Host Lighway|265\/325 brn|[from] brn
|-damage|p2a: Rotom-Wash|153\/304 tox|[from] psn
|turn|14
|
|switch|p2a: Tyranitar|Tyranitar, M|240\/404
|-damage|p2a: Tyranitar|190\/404|[from] Stealth Rock
|move|p1a: Host Lighway|U-turn|p2a: Tyranitar
|-supereffective|p2a: Tyranitar
|-damage|p2a: Tyranitar|138\/404
|
|switch|p1a: Glaze of Blory|Talonflame, M|309\/309
|
|-weather|none
|turn|15
|
|switch|p2a: Amoonguss|Amoonguss, M|377\/432
|-damage|p2a: Amoonguss|323\/432|[from] Stealth Rock
|move|p1a: Glaze of Blory|U-turn|p2a: Amoonguss
|-damage|p2a: Amoonguss|229\/432
|
|switch|p1a: Mad Bedecine|Heatran, F|218\/386
|
|-heal|p1a: Mad Bedecine|242\/386|[from] item: Leftovers
|-heal|p2a: Amoonguss|256\/432|[from] item: Black Sludge
|turn|16
|
|move|p1a: Mad Bedecine|Taunt|p2a: Amoonguss
|-start|p2a: Amoonguss|move: Taunt
|cant|p2a: Amoonguss|move: Taunt|Spore
|
|-heal|p1a: Mad Bedecine|266\/386|[from] item: Leftovers
|-heal|p2a: Amoonguss|283\/432|[from] item: Black Sludge
|turn|17
|
|switch|p2a: Gardevoir|Gardevoir, M|278\/278
|-damage|p2a: Gardevoir|244\/278|[from] Stealth Rock
|-ability|p2a: Gardevoir|Flash Fire|[from] ability: Trace|[of] p1a: Mad Bedecine
|move|p1a: Mad Bedecine|Lava Plume|p2a: Gardevoir
|-start|p2a: Gardevoir|ability: Flash Fire
|
|-heal|p1a: Mad Bedecine|290\/386|[from] item: Leftovers
|turn|18
|
|switch|p2a: Excadrill|Excadrill, F|362\/362
|-damage|p2a: Excadrill|351\/362|[from] Stealth Rock
|-ability|p2a: Excadrill|Mold Breaker
|-item|p2a: Excadrill|Air Balloon
|move|p1a: Mad Bedecine|Toxic|p2a: Excadrill
|-fail|p2a: Excadrill
|
|-heal|p1a: Mad Bedecine|314\/386|[from] item: Leftovers
|turn|19
|
|switch|p1a: It's Ly Mife|Vaporeon, M|464\/464
|move|p2a: Excadrill|Rock Slide|p1a: It's Ly Mife
|-damage|p1a: It's Ly Mife|377\/464
|
|-heal|p1a: It's Ly Mife|406\/464|[from] item: Leftovers
|turn|20
|
|switch|p2a: Gardevoir|Gardevoir, M|244\/278
|-damage|p2a: Gardevoir|210\/278|[from] Stealth Rock
|-ability|p2a: Gardevoir|Water Absorb|[from] ability: Trace|[of] p1a: It's Ly Mife
|move|p1a: It's Ly Mife|Wish|p1a: It's Ly Mife
|
|-heal|p1a: It's Ly Mife|435\/464|[from] item: Leftovers
|turn|21
|
|switch|p2a: Excadrill|Excadrill, F|351\/362
|-damage|p2a: Excadrill|340\/362|[from] Stealth Rock
|-ability|p2a: Excadrill|Mold Breaker
|-item|p2a: Excadrill|Air Balloon
|switch|p1a: Mad Bedecine|Heatran, F|314\/386
|
|-heal|p1a: Mad Bedecine|386\/386|[from] move: Wish|[wisher] It's Ly Mife
|turn|22
|
|switch|p1a: It's Ly Mife|Vaporeon, M|435\/464
|move|p2a: Excadrill|Earthquake|p1a: It's Ly Mife
|-damage|p1a: It's Ly Mife|260\/464
|
|-heal|p1a: It's Ly Mife|289\/464|[from] item: Leftovers
|turn|23
|
|move|p2a: Excadrill|Rapid Spin|p1a: It's Ly Mife
|-damage|p1a: It's Ly Mife|266\/464
|-sideend|p2: J. Marshall|Stealth Rock|[from] move: Rapid Spin|[of] p2a: Excadrill
|move|p1a: It's Ly Mife|Scald|p2a: Excadrill
|-supereffective|p2a: Excadrill
|-damage|p2a: Excadrill|44\/362
|-enditem|p2a: Excadrill|Air Balloon
|
|-heal|p1a: It's Ly Mife|295\/464|[from] item: Leftovers
|turn|24
|
|move|p2a: Excadrill|Earthquake|p1a: It's Ly Mife
|-damage|p1a: It's Ly Mife|126\/464
|move|p1a: It's Ly Mife|Wish|p1a: It's Ly Mife
|
|-heal|p1a: It's Ly Mife|155\/464|[from] item: Leftovers
|turn|25
|
|switch|p2a: Tyranitar|Tyranitar, M|138\/404
|-weather|Sandstorm
|move|p1a: It's Ly Mife|Protect|p1a: It's Ly Mife
|-fail|p1a: It's Ly Mife
|
|-weather|Sandstorm|[upkeep]
|-damage|p1a: It's Ly Mife|126\/464|[from] sandstorm
|-heal|p1a: It's Ly Mife|358\/464|[from] move: Wish|[wisher] It's Ly Mife
|-heal|p1a: It's Ly Mife|387\/464|[from] item: Leftovers
|turn|26
|
|switch|p1a: Pivin on a Lrayer|Donphan, M|384\/384
|switch|p2a: Gardevoir|Gardevoir, M|210\/278
|-ability|p2a: Gardevoir|Sturdy|[from] ability: Trace|[of] p1a: Pivin on a Lrayer
|
|-weather|Sandstorm|[upkeep]
|-damage|p2a: Gardevoir|193\/278|[from] sandstorm
|turn|27
|
|detailschange|p2a: Gardevoir|Gardevoir-Mega, M
|message|Gardevoir has Mega Evolved into Mega Gardevoir!
|move|p2a: Gardevoir|Hyper Voice|p1a: Pivin on a Lrayer
|-activate|p1a: Pivin on a Lrayer|Sturdy
|-damage|p1a: Pivin on a Lrayer|1\/384
|move|p1a: Pivin on a Lrayer|Earthquake|p2a: Gardevoir
|-damage|p2a: Gardevoir|0 fnt
|faint|p2a: Gardevoir
|
|-weather|Sandstorm|[upkeep]
|-heal|p1a: Pivin on a Lrayer|25\/384|[from] item: Leftovers
|
|switch|p2a: Talonflame|Talonflame, F|297\/297
|turn|28
|
|switch|p1a: Mad Bedecine|Heatran, F|386\/386
|move|p2a: Talonflame|U-turn|p1a: Mad Bedecine
|-resisted|p1a: Mad Bedecine
|-damage|p1a: Mad Bedecine|362\/386
|
|switch|p2a: Excadrill|Excadrill, F|44\/362
|-ability|p2a: Excadrill|Mold Breaker
|
|-weather|Sandstorm|[upkeep]
|-heal|p1a: Mad Bedecine|386\/386|[from] item: Leftovers
|turn|29
|
|switch|p1a: It's Ly Mife|Vaporeon, M|387\/464
|move|p2a: Excadrill|Earthquake|p1a: It's Ly Mife
|-damage|p1a: It's Ly Mife|221\/464
|
|-weather|none
|-heal|p1a: It's Ly Mife|250\/464|[from] item: Leftovers
|turn|30
|
|switch|p2a: Rotom-Wash|Rotom-Wash|153\/304 tox
|move|p1a: It's Ly Mife|Wish|p1a: It's Ly Mife
|
|-heal|p2a: Rotom-Wash|172\/304 tox|[from] item: Leftovers
|-heal|p1a: It's Ly Mife|279\/464|[from] item: Leftovers
|-damage|p2a: Rotom-Wash|153\/304 tox|[from] psn
|turn|31
|
|move|p2a: Rotom-Wash|Hidden Power|p1a: It's Ly Mife
|-resisted|p1a: It's Ly Mife
|-damage|p1a: It's Ly Mife|252\/464
|move|p1a: It's Ly Mife|Heal Bell|p1a: It's Ly Mife
|-cureteam|p1a: It's Ly Mife|[from] move: HealBell
|
|-heal|p1a: It's Ly Mife|464\/464|[from] move: Wish|[wisher] It's Ly Mife
|-heal|p2a: Rotom-Wash|172\/304 tox|[from] item: Leftovers
|-damage|p2a: Rotom-Wash|134\/304 tox|[from] psn
|turn|32
|
|move|p1a: It's Ly Mife|Protect|p1a: It's Ly Mife
|-singleturn|p1a: It's Ly Mife|Protect
|move|p2a: Rotom-Wash|Volt Switch|p1a: It's Ly Mife
|-activate|p1a: It's Ly Mife|Protect
|
|-heal|p2a: Rotom-Wash|153\/304 tox|[from] item: Leftovers
|-damage|p2a: Rotom-Wash|96\/304 tox|[from] psn
|turn|33
|
|switch|p2a: Tyranitar|Tyranitar, M|138\/404
|-weather|Sandstorm
|move|p1a: It's Ly Mife|Wish|p1a: It's Ly Mife
|
|-weather|Sandstorm|[upkeep]
|-damage|p1a: It's Ly Mife|435\/464|[from] sandstorm
|-heal|p1a: It's Ly Mife|464\/464|[from] item: Leftovers
|turn|34
|
|switch|p1a: Pivin on a Lrayer|Donphan, M|25\/384
|move|p2a: Tyranitar|Superpower|p1a: Pivin on a Lrayer
|-damage|p1a: Pivin on a Lrayer|0 fnt
|-unboost|p2a: Tyranitar|atk|1
|-unboost|p2a: Tyranitar|def|1
|faint|p1a: Pivin on a Lrayer
|
|-weather|Sandstorm|[upkeep]
|
|switch|p1a: Glaze of Blory|Talonflame, M|309\/309
|turn|35
|
|switch|p2a: Talonflame|Talonflame, F|297\/297
|move|p1a: Glaze of Blory|U-turn|p2a: Talonflame
|-resisted|p2a: Talonflame
|-damage|p2a: Talonflame|261\/297
|
|switch|p1a: Mad Bedecine|Heatran, F|386\/386
|
|-weather|Sandstorm|[upkeep]
|-damage|p2a: Talonflame|243\/297|[from] sandstorm
|turn|36
|
|move|p2a: Talonflame|Brave Bird|p1a: Mad Bedecine
|-resisted|p1a: Mad Bedecine
|-damage|p1a: Mad Bedecine|268\/386
|-damage|p2a: Talonflame|204\/297|[from] recoil|[of] p1a: Mad Bedecine
|move|p1a: Mad Bedecine|Stealth Rock|p2a: Talonflame
|-sidestart|p2: J. Marshall|move: Stealth Rock
|
|-weather|Sandstorm|[upkeep]
|-damage|p2a: Talonflame|186\/297|[from] sandstorm
|-heal|p1a: Mad Bedecine|292\/386|[from] item: Leftovers
|turn|37
|
|switch|p2a: Rotom-Wash|Rotom-Wash|96\/304 tox
|-damage|p2a: Rotom-Wash|58\/304 tox|[from] Stealth Rock
|move|p1a: Mad Bedecine|Toxic|p2a: Rotom-Wash
|-fail|p2a: Rotom-Wash|tox
|
|-weather|none
|-heal|p2a: Rotom-Wash|77\/304 tox|[from] item: Leftovers
|-heal|p1a: Mad Bedecine|316\/386|[from] item: Leftovers
|-damage|p2a: Rotom-Wash|58\/304 tox|[from] psn
|turn|38
|
|switch|p2a: Tyranitar|Tyranitar, M|138\/404
|-damage|p2a: Tyranitar|88\/404|[from] Stealth Rock
|-weather|Sandstorm
|move|p1a: Mad Bedecine|Lava Plume|p2a: Tyranitar
|-resisted|p2a: Tyranitar
|-damage|p2a: Tyranitar|59\/404
|
|-weather|Sandstorm|[upkeep]
|-heal|p1a: Mad Bedecine|340\/386|[from] item: Leftovers
|turn|39
|
|move|p1a: Mad Bedecine|Taunt|p2a: Tyranitar
|-start|p2a: Tyranitar|move: Taunt
|cant|p2a: Tyranitar|move: Taunt|Stealth Rock
|
|-weather|Sandstorm|[upkeep]
|-heal|p1a: Mad Bedecine|364\/386|[from] item: Leftovers
|turn|40
|
|switch|p1a: Red of Boses|Venusaur-Mega, M|268\/363
|move|p2a: Tyranitar|Stone Edge|p1a: Red of Boses
|-damage|p1a: Red of Boses|168\/363
|
|-weather|Sandstorm|[upkeep]
|-damage|p1a: Red of Boses|146\/363|[from] sandstorm
|turn|41
|
|move|p1a: Red of Boses|Giga Drain|p2a: Tyranitar
|-supereffective|p2a: Tyranitar
|-damage|p2a: Tyranitar|0 fnt
|-heal|p1a: Red of Boses|176\/363|[from] drain|[of] p2a: Tyranitar
|faint|p2a: Tyranitar
|
|-weather|Sandstorm|[upkeep]
|-damage|p1a: Red of Boses|154\/363|[from] sandstorm
|
|switch|p2a: Excadrill|Excadrill, F|44\/362
|-damage|p2a: Excadrill|33\/362|[from] Stealth Rock
|-ability|p2a: Excadrill|Mold Breaker
|turn|42
|
|move|p2a: Excadrill|Iron Head|p1a: Red of Boses
|-damage|p1a: Red of Boses|54\/363
|cant|p1a: Red of Boses|flinch
|
|-weather|none
|turn|43
|
|move|p2a: Excadrill|Rock Slide|p1a: Red of Boses
|-damage|p1a: Red of Boses|0 fnt
|faint|p1a: Red of Boses
|
|
|switch|p1a: Glaze of Blory|Talonflame, M|309\/309
|turn|44
|
|switch|p2a: Rotom-Wash|Rotom-Wash|58\/304 tox
|-damage|p2a: Rotom-Wash|20\/304 tox|[from] Stealth Rock
|move|p1a: Glaze of Blory|Brave Bird|p2a: Rotom-Wash
|-resisted|p2a: Rotom-Wash
|-damage|p2a: Rotom-Wash|0 fnt
|-damage|p1a: Glaze of Blory|302\/309|[from] recoil|[of] p2a: Rotom-Wash
|faint|p2a: Rotom-Wash
|
|
|switch|p2a: Amoonguss|Amoonguss, M|427\/432
|-damage|p2a: Amoonguss|373\/432|[from] Stealth Rock
|turn|45
|
|move|p1a: Glaze of Blory|Brave Bird|p2a: Amoonguss
|-supereffective|p2a: Amoonguss
|-damage|p2a: Amoonguss|0 fnt
|-damage|p1a: Glaze of Blory|179\/309|[from] recoil|[of] p2a: Amoonguss
|faint|p2a: Amoonguss
|
|chat|J. Marshall|gg
|-message|J. Marshall forfeited.
|
|win|Jon Bovi
|raw|Ladder updating...
|leave|J. Marshall
|player|p2
|raw|Jon Bovi's rating: 1825 &rarr; <strong>1837<\/strong><br \/>(+12 for winning)
|raw|J. Marshall's rating: 1669 &rarr; <strong>1657<\/strong><br \/>(-12 for losing)