|join|Jon Bovi
|join|Aka DH
|player|p1|Jon Bovi|240
|player|p2|Aka DH|68
|gametype|singles
|gen|6
|tier|OU
|rated
|clearpoke
|poke|p1|Donphan, M
|poke|p1|Venusaur, M
|poke|p1|Talonflame, M
|poke|p1|Vaporeon, M
|poke|p1|Heatran, F
|poke|p1|Kyurem-Black
|poke|p2|Bisharp, M
|poke|p2|Venusaur, F
|poke|p2|Heatran, F
|poke|p2|Keldeo
|poke|p2|Chansey, F
|poke|p2|Skarmory, M
|rule|Swagger Clause: Swagger is banned
|rule|Baton Pass Clause: Limit one PokÃ©mon knowing Baton Pass
|rule|Sleep Clause Mod: Limit one foe put to sleep
|rule|Species Clause: Limit one of each PokÃ©mon
|rule|OHKO Clause: OHKO moves are banned
|rule|Moody Clause: Moody is banned
|rule|Evasion Moves Clause: Evasion moves are banned
|rule|Endless Battle Clause: Forcing endless battles is banned
|rule|HP Percentage Mod: HP is shown in percentages
|teampreview
|join|Bloody Tilt
|c|âJon Bovi|Gl hf
|
|start
|switch|p1a: Glaze of Blory|Talonflame, M|359\/359
|switch|p2a: Heatran|Heatran, F|340\/340
|-item|p2a: Heatran|Air Balloon
|turn|1
|
|move|p1a: Glaze of Blory|Taunt|p2a: Heatran
|-start|p2a: Heatran|move: Taunt
|move|p2a: Heatran|Fire Blast|p1a: Glaze of Blory
|-resisted|p1a: Glaze of Blory
|-damage|p1a: Glaze of Blory|284\/359
|
|-heal|p1a: Glaze of Blory|306\/359|[from] item: Leftovers
|turn|2
|
|move|p1a: Glaze of Blory|Brave Bird|p2a: Heatran
|-resisted|p2a: Heatran
|-damage|p2a: Heatran|293\/340
|-enditem|p2a: Heatran|Air Balloon
|-damage|p1a: Glaze of Blory|290\/359|[from] recoil|[of] p2a: Heatran
|move|p2a: Heatran|Fire Blast|p1a: Glaze of Blory
|-resisted|p1a: Glaze of Blory
|-damage|p1a: Glaze of Blory|212\/359
|
|-heal|p1a: Glaze of Blory|234\/359|[from] item: Leftovers
|turn|3
|
|switch|p2a: Skarmory|Skarmory, M|334\/334
|move|p1a: Glaze of Blory|Roost|p1a: Glaze of Blory
|-heal|p1a: Glaze of Blory|359\/359
|
|turn|4
|
|move|p1a: Glaze of Blory|Taunt|p2a: Skarmory
|-start|p2a: Skarmory|move: Taunt
|move|p2a: Skarmory|Brave Bird|p1a: Glaze of Blory
|-damage|p1a: Glaze of Blory|215\/359
|-damage|p2a: Skarmory|286\/334|[from] recoil|[of] p1a: Glaze of Blory
|
|-heal|p1a: Glaze of Blory|237\/359|[from] item: Leftovers
|turn|5
|
|move|p1a: Glaze of Blory|Will-O-Wisp|p2a: Skarmory
|-status|p2a: Skarmory|brn
|move|p2a: Skarmory|Brave Bird|p1a: Glaze of Blory
|-damage|p1a: Glaze of Blory|155\/359
|-damage|p2a: Skarmory|259\/334 brn|[from] recoil|[of] p1a: Glaze of Blory
|
|-heal|p1a: Glaze of Blory|177\/359|[from] item: Leftovers
|-damage|p2a: Skarmory|218\/334 brn|[from] brn
|turn|6
|
|switch|p2a: Keldeo|Keldeo|323\/323
|move|p1a: Glaze of Blory|Roost|p1a: Glaze of Blory
|-heal|p1a: Glaze of Blory|357\/359
|
|-heal|p1a: Glaze of Blory|359\/359|[from] item: Leftovers
|turn|7
|
|switch|p2a: Heatran|Heatran, F|293\/340
|switch|p1a: Red of Boses|Venusaur, M|363\/363
|
|turn|8
|
|detailschange|p1a: Red of Boses|Venusaur-Mega, M
|message|Venusaur has Mega Evolved into Mega Venusaur!
|move|p2a: Heatran|Stealth Rock|p1a: Red of Boses
|-sidestart|p1: Jon Bovi|move: Stealth Rock
|move|p1a: Red of Boses|Sleep Powder|p2a: Heatran
|-status|p2a: Heatran|slp
|
|turn|9
|
|switch|p2a: Bisharp|Bisharp, M|334\/334
|switch|p1a: Pivin on a Lrayer|Donphan, M|384\/384
|-damage|p1a: Pivin on a Lrayer|360\/384|[from] Stealth Rock
|
|-heal|p1a: Pivin on a Lrayer|384\/384|[from] item: Leftovers
|turn|10
|
|move|p2a: Bisharp|Knock Off|p1a: Pivin on a Lrayer
|-damage|p1a: Pivin on a Lrayer|231\/384
|-enditem|p1a: Pivin on a Lrayer|Leftovers|[from] move: Knock Off|[of] p2a: Bisharp
|move|p1a: Pivin on a Lrayer|Rapid Spin|p2a: Bisharp
|-resisted|p2a: Bisharp
|-damage|p2a: Bisharp|321\/334
|-sideend|p1: Jon Bovi|Stealth Rock|[from] move: Rapid Spin|[of] p1a: Pivin on a Lrayer
|
|-heal|p2a: Bisharp|334\/334|[from] item: Leftovers
|turn|11
|
|move|p2a: Bisharp|Iron Head|p1a: Pivin on a Lrayer
|-damage|p1a: Pivin on a Lrayer|96\/384
|move|p1a: Pivin on a Lrayer|Earthquake|p2a: Bisharp
|-supereffective|p2a: Bisharp
|-damage|p2a: Bisharp|0 fnt
|faint|p2a: Bisharp
|
|
|switch|p2a: Skarmory|Skarmory, M|218\/334 brn
|turn|12
|
|switch|p1a: Glaze of Blory|Talonflame, M|359\/359
|move|p2a: Skarmory|Spikes|p1a: Glaze of Blory
|-sidestart|p1: Jon Bovi|Spikes
|
|-damage|p2a: Skarmory|177\/334 brn|[from] brn
|turn|13
|
|move|p1a: Glaze of Blory|Taunt|p2a: Skarmory
|-start|p2a: Skarmory|move: Taunt
|cant|p2a: Skarmory|move: Taunt|Whirlwind
|
|-damage|p2a: Skarmory|136\/334 brn|[from] brn
|turn|14
|
|switch|p2a: Chansey|Chansey, F|684\/684
|move|p1a: Glaze of Blory|Will-O-Wisp|p2a: Chansey
|-status|p2a: Chansey|brn
|
|-damage|p2a: Chansey|599\/684 brn|[from] brn
|turn|15
|
|switch|p2a: Keldeo|Keldeo|323\/323
|move|p1a: Glaze of Blory|Taunt|p2a: Keldeo
|-start|p2a: Keldeo|move: Taunt
|
|turn|16
|
|switch|p1a: It's Ly Mife|Vaporeon, M|464\/464
|-damage|p1a: It's Ly Mife|406\/464|[from] Spikes
|move|p2a: Keldeo|Scald|p1a: It's Ly Mife
|-heal|p1a: It's Ly Mife|464\/464|[from] ability: Water Absorb|[of] p2a: Keldeo
|
|turn|17
|
|switch|p2a: Chansey|Chansey, F|599\/684
|move|p1a: It's Ly Mife|Scald|p2a: Chansey
|-damage|p2a: Chansey|541\/684
|
|turn|18
|
|switch|p1a: Mad Bedecine|Heatran, F|386\/386
|-damage|p1a: Mad Bedecine|338\/386|[from] Spikes
|move|p2a: Chansey|Aromatherapy|p2a: Chansey
|-cureteam|p2a: Chansey|[from] move: Aromatherapy
|
|-heal|p1a: Mad Bedecine|362\/386|[from] item: Leftovers
|turn|19
|
|move|p1a: Mad Bedecine|Stealth Rock|p2a: Chansey
|-sidestart|p2: Aka DH|move: Stealth Rock
|move|p2a: Chansey|Thunder Wave|p1a: Mad Bedecine
|-status|p1a: Mad Bedecine|par
|
|-heal|p1a: Mad Bedecine|386\/386 par|[from] item: Leftovers
|turn|20
|
|switch|p2a: Heatran|Heatran, F|293\/340
|-damage|p2a: Heatran|251\/340|[from] Stealth Rock
|switch|p1a: Glaze of Blory|Talonflame, M|359\/359
|
|turn|21
|
|switch|p2a: Keldeo|Keldeo|323\/323
|-damage|p2a: Keldeo|303\/323|[from] Stealth Rock
|move|p1a: Glaze of Blory|Taunt|p2a: Keldeo
|-start|p2a: Keldeo|move: Taunt
|
|-heal|p2a: Keldeo|323\/323|[from] item: Leftovers
|turn|22
|
|switch|p1a: It's Ly Mife|Vaporeon, M|464\/464
|-damage|p1a: It's Ly Mife|406\/464|[from] Spikes
|move|p2a: Keldeo|Scald|p1a: It's Ly Mife
|-heal|p1a: It's Ly Mife|464\/464|[from] ability: Water Absorb|[of] p2a: Keldeo
|
|turn|23
|
|switch|p2a: Heatran|Heatran, F|251\/340
|-damage|p2a: Heatran|209\/340|[from] Stealth Rock
|move|p1a: It's Ly Mife|Scald|p2a: Heatran
|-supereffective|p2a: Heatran
|-damage|p2a: Heatran|23\/340
|
|turn|24
|
|move|p2a: Heatran|Stealth Rock|p1a: It's Ly Mife
|-sidestart|p1: Jon Bovi|move: Stealth Rock
|move|p1a: It's Ly Mife|Scald|p2a: Heatran
|-supereffective|p2a: Heatran
|-damage|p2a: Heatran|0 fnt
|faint|p2a: Heatran
|
|
|switch|p2a: Venusaur|Venusaur, F|364\/364
|-damage|p2a: Venusaur|319\/364|[from] Stealth Rock
|turn|25
|
|detailschange|p2a: Venusaur|Venusaur-Mega, F
|message|Venusaur has Mega Evolved into Mega Venusaur!
|move|p2a: Venusaur|Leech Seed|p1a: It's Ly Mife
|-start|p1a: It's Ly Mife|move: Leech Seed
|move|p1a: It's Ly Mife|Heal Bell|p1a: It's Ly Mife
|-cureteam|p1a: It's Ly Mife|[from] move: HealBell
|
|-damage|p1a: It's Ly Mife|406\/464|[from] Leech Seed|[of] p2a: Venusaur
|-heal|p2a: Venusaur|364\/364|[silent]
|turn|26
|
|switch|p1a: Mad Bedecine|Heatran, F|386\/386
|-damage|p1a: Mad Bedecine|338\/386|[from] Spikes
|-damage|p1a: Mad Bedecine|290\/386|[from] Stealth Rock
|move|p2a: Venusaur|Leech Seed|p1a: Mad Bedecine
|-start|p1a: Mad Bedecine|move: Leech Seed
|
|-heal|p1a: Mad Bedecine|314\/386|[from] item: Leftovers
|-damage|p1a: Mad Bedecine|266\/386|[from] Leech Seed|[of] p2a: Venusaur
|turn|27
|
|switch|p1a: Red of Boses|Venusaur-Mega, M|363\/363
|-damage|p1a: Red of Boses|318\/363|[from] Stealth Rock
|-damage|p1a: Red of Boses|273\/363|[from] Spikes
|switch|p2a: Chansey|Chansey, F|541\/684
|-damage|p2a: Chansey|456\/684|[from] Stealth Rock
|
|turn|28
|
|move|p1a: Red of Boses|Sleep Powder|p2a: Chansey
|-status|p2a: Chansey|slp
|cant|p2a: Chansey|slp
|
|turn|29
|
|move|p1a: Red of Boses|Giga Drain|p2a: Chansey
|-damage|p2a: Chansey|392\/684 slp
|-heal|p1a: Red of Boses|305\/363|[from] drain|[of] p2a: Chansey
|cant|p2a: Chansey|slp
|
|turn|30
|
|switch|p1a: Glaze of Blory|Talonflame, M|359\/359
|-damage|p1a: Glaze of Blory|180\/359|[from] Stealth Rock
|-curestatus|p2a: Chansey|slp
|move|p2a: Chansey|Thunder Wave|p1a: Glaze of Blory
|-status|p1a: Glaze of Blory|par
|
|-heal|p1a: Glaze of Blory|202\/359 par|[from] item: Leftovers
|turn|31
|
|move|p1a: Glaze of Blory|Roost|p1a: Glaze of Blory
|-heal|p1a: Glaze of Blory|359\/359 par
|move|p2a: Chansey|Seismic Toss|p1a: Glaze of Blory
|-damage|p1a: Glaze of Blory|259\/359 par
|
|-heal|p1a: Glaze of Blory|281\/359 par|[from] item: Leftovers
|turn|32
|
|switch|p2a: Keldeo|Keldeo|323\/323
|-damage|p2a: Keldeo|303\/323|[from] Stealth Rock
|switch|p1a: It's Ly Mife|Vaporeon, M|406\/464
|-damage|p1a: It's Ly Mife|348\/464|[from] Stealth Rock
|-damage|p1a: It's Ly Mife|290\/464|[from] Spikes
|
|-heal|p2a: Keldeo|323\/323|[from] item: Leftovers
|-heal|p1a: It's Ly Mife|319\/464|[from] item: Leftovers
|turn|33
|
|move|p2a: Keldeo|Calm Mind|p2a: Keldeo
|-boost|p2a: Keldeo|spa|1
|-boost|p2a: Keldeo|spd|1
|move|p1a: It's Ly Mife|Wish|p1a: It's Ly Mife
|
|-heal|p1a: It's Ly Mife|348\/464|[from] item: Leftovers
|turn|34
|
|switch|p1a: Red of Boses|Venusaur-Mega, M|305\/363
|-damage|p1a: Red of Boses|260\/363|[from] Stealth Rock
|-damage|p1a: Red of Boses|215\/363|[from] Spikes
|move|p2a: Keldeo|Calm Mind|p2a: Keldeo
|-boost|p2a: Keldeo|spa|1
|-boost|p2a: Keldeo|spd|1
|
|-heal|p1a: Red of Boses|363\/363|[from] move: Wish|[wisher] It's Ly Mife
|turn|35
|
|move|p2a: Keldeo|Hidden Power|p1a: Red of Boses
|-supereffective|p1a: Red of Boses
|-damage|p1a: Red of Boses|113\/363
|move|p1a: Red of Boses|Sleep Powder|p2a: Keldeo
|-status|p2a: Keldeo|slp
|
|turn|36
|
|cant|p2a: Keldeo|slp
|move|p1a: Red of Boses|Synthesis|p1a: Red of Boses
|-heal|p1a: Red of Boses|294\/363
|
|turn|37
|
|cant|p2a: Keldeo|slp
|move|p1a: Red of Boses|Giga Drain|p2a: Keldeo
|-supereffective|p2a: Keldeo
|-damage|p2a: Keldeo|209\/323 slp
|-heal|p1a: Red of Boses|351\/363|[from] drain|[of] p2a: Keldeo
|
|-heal|p2a: Keldeo|229\/323 slp|[from] item: Leftovers
|turn|38
|
|cant|p2a: Keldeo|slp
|move|p1a: Red of Boses|Giga Drain|p2a: Keldeo
|-supereffective|p2a: Keldeo
|-damage|p2a: Keldeo|103\/323 slp
|-heal|p1a: Red of Boses|363\/363|[from] drain|[of] p2a: Keldeo
|
|-heal|p2a: Keldeo|123\/323 slp|[from] item: Leftovers
|turn|39
|
|-curestatus|p2a: Keldeo|slp
|move|p2a: Keldeo|Hidden Power|p1a: Red of Boses
|-supereffective|p1a: Red of Boses
|-damage|p1a: Red of Boses|111\/363
|move|p1a: Red of Boses|Giga Drain|p2a: Keldeo
|-crit|p2a: Keldeo
|-supereffective|p2a: Keldeo
|-damage|p2a: Keldeo|0 fnt
|-heal|p1a: Red of Boses|173\/363|[from] drain|[of] p2a: Keldeo
|faint|p2a: Keldeo
|
|
|switch|p2a: Chansey|Chansey, F|392\/684
|-damage|p2a: Chansey|307\/684|[from] Stealth Rock
|turn|40
|
|move|p1a: Red of Boses|Sleep Powder|p2a: Chansey
|-status|p2a: Chansey|slp
|cant|p2a: Chansey|slp
|
|turn|41
|
|switch|p2a: Venusaur|Venusaur-Mega, F|364\/364
|-damage|p2a: Venusaur|319\/364|[from] Stealth Rock
|move|p1a: Red of Boses|Synthesis|p1a: Red of Boses
|-heal|p1a: Red of Boses|354\/363
|
|turn|42
|
|move|p1a: Red of Boses|Sludge Bomb|p2a: Venusaur
|-damage|p2a: Venusaur|213\/364
|move|p2a: Venusaur|Giga Drain|p1a: Red of Boses
|-resisted|p1a: Red of Boses
|-damage|p1a: Red of Boses|330\/363
|-heal|p2a: Venusaur|225\/364|[from] drain|[of] p1a: Red of Boses
|
|turn|43
|
|move|p1a: Red of Boses|Sludge Bomb|p2a: Venusaur
|-damage|p2a: Venusaur|122\/364
|move|p2a: Venusaur|Synthesis|p2a: Venusaur
|-heal|p2a: Venusaur|304\/364
|
|turn|44
|
|switch|p2a: Chansey|Chansey, F|307\/684
|-damage|p2a: Chansey|222\/684|[from] Stealth Rock
|move|p1a: Red of Boses|Sludge Bomb|p2a: Chansey
|-damage|p2a: Chansey|138\/684
|
|turn|45
|
|move|p1a: Red of Boses|Sleep Powder|p2a: Chansey
|-status|p2a: Chansey|slp
|cant|p2a: Chansey|slp
|
|turn|46
|
|move|p1a: Red of Boses|Giga Drain|p2a: Chansey
|-damage|p2a: Chansey|78\/684 slp
|-heal|p1a: Red of Boses|360\/363|[from] drain|[of] p2a: Chansey
|-curestatus|p2a: Chansey|slp
|move|p2a: Chansey|Thunder Wave|p1a: Red of Boses
|-status|p1a: Red of Boses|par
|
|turn|47
|
|switch|p1a: It's Ly Mife|Vaporeon, M|348\/464
|-damage|p1a: It's Ly Mife|290\/464|[from] Stealth Rock
|-damage|p1a: It's Ly Mife|232\/464|[from] Spikes
|move|p2a: Chansey|Soft-Boiled|p2a: Chansey
|-heal|p2a: Chansey|420\/684
|
|-heal|p1a: It's Ly Mife|261\/464|[from] item: Leftovers
|turn|48
|
|switch|p2a: Venusaur|Venusaur-Mega, F|304\/364
|-damage|p2a: Venusaur|259\/364|[from] Stealth Rock
|move|p1a: It's Ly Mife|Wish|p1a: It's Ly Mife
|
|-heal|p1a: It's Ly Mife|290\/464|[from] item: Leftovers
|turn|49
|
|move|p1a: It's Ly Mife|Protect|p1a: It's Ly Mife
|-singleturn|p1a: It's Ly Mife|Protect
|move|p2a: Venusaur|Giga Drain|p1a: It's Ly Mife
|-activate|p1a: It's Ly Mife|Protect
|
|-heal|p1a: It's Ly Mife|464\/464|[from] move: Wish|[wisher] It's Ly Mife
|turn|50
|
|move|p2a: Venusaur|Giga Drain|p1a: It's Ly Mife
|-supereffective|p1a: It's Ly Mife
|-damage|p1a: It's Ly Mife|236\/464
|-heal|p2a: Venusaur|364\/364|[from] drain|[of] p1a: It's Ly Mife
|move|p1a: It's Ly Mife|Heal Bell|p1a: It's Ly Mife
|-cureteam|p1a: It's Ly Mife|[from] move: HealBell
|
|-heal|p1a: It's Ly Mife|265\/464|[from] item: Leftovers
|turn|51
|
|switch|p1a: Mad Bedecine|Heatran, F|266\/386
|-damage|p1a: Mad Bedecine|218\/386|[from] Stealth Rock
|-damage|p1a: Mad Bedecine|170\/386|[from] Spikes
|move|p2a: Venusaur|Leech Seed|p1a: Mad Bedecine
|-start|p1a: Mad Bedecine|move: Leech Seed
|
|-heal|p1a: Mad Bedecine|194\/386|[from] item: Leftovers
|-damage|p1a: Mad Bedecine|146\/386|[from] Leech Seed|[of] p2a: Venusaur
|turn|52
|
|switch|p1a: Red of Boses|Venusaur-Mega, M|360\/363
|-damage|p1a: Red of Boses|315\/363|[from] Stealth Rock
|-damage|p1a: Red of Boses|270\/363|[from] Spikes
|move|p2a: Venusaur|Leech Seed|p1a: Red of Boses
|-immune|p1a: Red of Boses|[msg]
|
|turn|53
|
|switch|p2a: Chansey|Chansey, F|420\/684
|-damage|p2a: Chansey|335\/684|[from] Stealth Rock
|move|p1a: Red of Boses|Sludge Bomb|p2a: Chansey
|-damage|p2a: Chansey|262\/684
|
|turn|54
|
|move|p1a: Red of Boses|Sleep Powder|p2a: Chansey
|-status|p2a: Chansey|slp
|cant|p2a: Chansey|slp
|
|turn|55
|
|move|p1a: Red of Boses|Sludge Bomb|p2a: Chansey
|-damage|p2a: Chansey|187\/684 slp
|cant|p2a: Chansey|slp
|
|turn|56
|
|move|p1a: Red of Boses|Sludge Bomb|p2a: Chansey
|-crit|p2a: Chansey
|-damage|p2a: Chansey|67\/684 slp
|-curestatus|p2a: Chansey|slp
|move|p2a: Chansey|Thunder Wave|p1a: Red of Boses
|-status|p1a: Red of Boses|par
|
|turn|57
|
|switch|p1a: Pivin on a Lrayer|Donphan, M|96\/384
|-damage|p1a: Pivin on a Lrayer|72\/384|[from] Stealth Rock
|-damage|p1a: Pivin on a Lrayer|24\/384|[from] Spikes
|move|p2a: Chansey|Soft-Boiled|p2a: Chansey
|-heal|p2a: Chansey|409\/684
|
|turn|58
|
|switch|p2a: Skarmory|Skarmory, M|136\/334
|-damage|p2a: Skarmory|95\/334|[from] Stealth Rock
|move|p1a: Pivin on a Lrayer|Stone Edge|p2a: Skarmory
|-damage|p2a: Skarmory|16\/334
|
|turn|59
|
|move|p1a: Pivin on a Lrayer|Ice Shard|p2a: Skarmory
|-damage|p2a: Skarmory|0 fnt
|faint|p2a: Skarmory
|
|
|switch|p2a: Venusaur|Venusaur-Mega, F|364\/364
|-damage|p2a: Venusaur|319\/364|[from] Stealth Rock
|turn|60
|
|move|p2a: Venusaur|Giga Drain|p1a: Pivin on a Lrayer
|-supereffective|p1a: Pivin on a Lrayer
|-damage|p1a: Pivin on a Lrayer|0 fnt
|-heal|p2a: Venusaur|331\/364|[from] drain|[of] p1a: Pivin on a Lrayer
|faint|p1a: Pivin on a Lrayer
|
|
|switch|p1a: Glaze of Blory|Talonflame, M|281\/359
|-damage|p1a: Glaze of Blory|102\/359|[from] Stealth Rock
|turn|61
|
|move|p1a: Glaze of Blory|Taunt|p2a: Venusaur
|-start|p2a: Venusaur|move: Taunt
|cant|p2a: Venusaur|move: Taunt|Leech Seed
|
|-heal|p1a: Glaze of Blory|124\/359|[from] item: Leftovers
|turn|62
|-message|Aka DH forfeited.
|
|win|Jon Bovi
|raw|Ladder updating...
|leave|Aka DH
|player|p2
|raw|Jon Bovi's rating: 1862 &rarr; <strong>1882<\/strong><br \/>(+20 for winning)
|raw|Aka DH's rating: 1846 &rarr; <strong>1827<\/strong><br \/>(-19 for losing)