|join|Jon Bovi
|join|uoaeno
|player|p1|Jon Bovi|240
|player|p2|uoaeno|38
|gametype|singles
|gen|6
|tier|OU
|rated
|clearpoke
|poke|p1|Donphan, M
|poke|p1|Venusaur, M
|poke|p1|Gengar, M
|poke|p1|Keldeo-Resolute
|poke|p1|Heatran, F
|poke|p1|Tornadus-Therian, M
|poke|p2|Victini
|poke|p2|Landorus-Therian, M
|poke|p2|Rotom-Wash
|poke|p2|Ferrothorn, F
|poke|p2|Latios, M
|poke|p2|Heracross, F
|rule|Swagger Clause: Swagger is banned
|rule|Baton Pass Clause: Limit one PokÃ©mon knowing Baton Pass
|rule|Sleep Clause Mod: Limit one foe put to sleep
|rule|Species Clause: Limit one of each PokÃ©mon
|rule|OHKO Clause: OHKO moves are banned
|rule|Moody Clause: Moody is banned
|rule|Evasion Moves Clause: Evasion moves are banned
|rule|Endless Battle Clause: Forcing endless battles is banned
|rule|HP Percentage Mod: HP is shown in percentages
|teampreview
|join|jake5alt
|join|Boldenouy
|join|Gradevoir
|join|12thRed
|join|newlurker
|join|Outrageous Fortune
|join|Updated Kanto
|join|y4
|join|mouse de frank
|chat|y4|BASEDLORD CTC
|join|Altilt
|chat|uoaeno|im not ctc
|
|start
|switch|p1a: Heatran|Heatran, F|385\/385
|switch|p2a: Rotom-Wash|Rotom-Wash|304\/304
|turn|1
|chat|jake5alt|lol he changed it back to mega hera
|chat|jake5alt|and victini too
|
|move|p2a: Rotom-Wash|Hydro Pump|p1a: Heatran
|-supereffective|p1a: Heatran
|-damage|p1a: Heatran|181\/385
|move|p1a: Heatran|Stealth Rock|p2a: Rotom-Wash
|-sidestart|p2: uoaeno|move: Stealth Rock
|
|-heal|p1a: Heatran|205\/385|[from] item: Leftovers
|turn|2
|chat|y4|>i'm not ctc
|chat|y4|hahah
|chat|y4|good one
|chat|y4|;)
|
|switch|p1a: Tornadus-Therian|Tornadus-Therian, M|332\/332
|move|p2a: Rotom-Wash|Hydro Pump|p1a: Tornadus-Therian|[miss]
|-miss|p2a: Rotom-Wash|p1a: Tornadus-Therian
|
|turn|3
|leave|y4
|chat|newlurker|thanks doc
|
|move|p1a: Tornadus-Therian|Knock Off|p2a: Rotom-Wash
|-damage|p2a: Rotom-Wash|252\/304
|-enditem|p2a: Rotom-Wash|Leftovers|[from] move: Knock Off|[of] p1a: Tornadus-Therian
|move|p2a: Rotom-Wash|Will-O-Wisp|p1a: Tornadus-Therian
|-status|p1a: Tornadus-Therian|brn
|
|-damage|p1a: Tornadus-Therian|291\/332 brn|[from] brn
|turn|4
|
|move|p1a: Tornadus-Therian|U-turn|p2a: Rotom-Wash
|-damage|p2a: Rotom-Wash|235\/304
|join|y4
|
|switch|p1a: Gengar|Gengar, M|261\/261
|move|p2a: Rotom-Wash|Volt Switch|p1a: Gengar
|-damage|p1a: Gengar|146\/261
|
|switch|p2a: Landorus-Therian|Landorus-Therian, M|319\/319
|-damage|p2a: Landorus-Therian|280\/319|[from] Stealth Rock
|-ability|p2a: Landorus-Therian|Intimidate|[of] p1a: Gengar
|-unboost|p1a: Gengar|atk|1
|
|turn|5
|join|TOTEMO
|
|switch|p1a: Donphan|Donphan, M|384\/384
|move|p2a: Landorus-Therian|U-turn|p1a: Donphan
|-damage|p1a: Donphan|303\/384
|chat|jake5alt|spam volturn lol
|
|switch|p2a: Latios|Latios, M|302\/302
|-damage|p2a: Latios|265\/302|[from] Stealth Rock
|
|-heal|p1a: Donphan|327\/384|[from] item: Leftovers
|turn|6
|join|fairyfloss
|
|switch|p1a: Heatran|Heatran, F|205\/385
|move|p2a: Latios|Defog|p1a: Heatran
|-unboost|p1a: Heatran|evasion|1
|-sideend|p2: uoaeno|Stealth Rock|[from] move: Defog|[of] p2a: Latios
|
|-heal|p1a: Heatran|229\/385|[from] item: Leftovers
|turn|7
|
|switch|p2a: Victini|Victini|404\/404
|move|p1a: Heatran|Stealth Rock|p2a: Victini
|-sidestart|p2: uoaeno|move: Stealth Rock
|
|-heal|p1a: Heatran|253\/385|[from] item: Leftovers
|turn|8
|chat|y4|nice gard check :]
|chat|newlurker|unleash brick break sekrit tech
|chat|Gradevoir|:]
|chat|y4|hp ground :]
|chat|y4|frens
|chat|y4|:]
|chat|mouse de frank|:]
|chat|Gradevoir|tfw shadow ball :]
|chat|jake5alt|yeah victini is the ultimate check willow taunt focus blast hyper voice psyshock fuck you gardevoir
|chat|y4|you too!
|
|move|p2a: Victini|Substitute|p2a: Victini
|-start|p2a: Victini|Substitute
|-damage|p2a: Victini|303\/404
|move|p1a: Heatran|Toxic|p2a: Victini|[miss]
|-miss|p1a: Heatran|p2a: Victini
|
|-heal|p2a: Victini|328\/404|[from] item: Leftovers
|-heal|p1a: Heatran|277\/385|[from] item: Leftovers
|turn|9
|join|Bedschibaer
|chat|Gradevoir|rekt by ctc
|chat|newlurker|show me the roar
|chat|Bedschibaer|hello=
|chat|Bedschibaer|?
|chat|Outrageous Fortune|ctc does it again! :]
|
|switch|p1a: Venusaur|Venusaur, M|363\/363
|move|p2a: Victini|Power-Up Punch|p1a: Venusaur
|-resisted|p1a: Venusaur
|-damage|p1a: Venusaur|347\/363
|-boost|p2a: Victini|atk|1
|
|-heal|p2a: Victini|353\/404|[from] item: Leftovers
|turn|10
|chat|Gradevoir|:]
|chat|y4|what the fuck :]
|chat|jake5alt|woah power up punch
|chat|y4|is this set :]
|chat|mouse de frank|waoh
|chat|newlurker|what exactly are we looking at
|
|detailschange|p1a: Venusaur|Venusaur-Mega, M
|message|Venusaur has Mega Evolved into Mega Venusaur!
|move|p2a: Victini|Power-Up Punch|p1a: Venusaur
|-resisted|p1a: Venusaur
|-damage|p1a: Venusaur|329\/363
|-boost|p2a: Victini|atk|1
|move|p1a: Venusaur|Sludge Bomb|p2a: Victini
|-end|p2a: Victini|Substitute
|
|-heal|p2a: Victini|378\/404|[from] item: Leftovers
|turn|11
|chat|Gradevoir|PoP tini? :]
|chat|mouse de frank|ctc what are you up to :]
|chat|Gradevoir|``ATTA BOI CTC!``
|chat|jake5alt|making unique sets lol
|
|move|p2a: Victini|V-create|p1a: Venusaur
|-supereffective|p1a: Venusaur
|-damage|p1a: Venusaur|0 fnt
|-unboost|p2a: Victini|def|1
|-unboost|p2a: Victini|spd|1
|-unboost|p2a: Victini|spe|1
|faint|p1a: Venusaur
|
|-heal|p2a: Victini|403\/404|[from] item: Leftovers
|chat|y4|yea viable sets i can see that now...
|chat|y4|venus = MELTED
|
|switch|p1a: Gengar|Gengar, M|146\/261
|turn|12
|
|switch|p2a: Ferrothorn|Ferrothorn, F|352\/352
|-damage|p2a: Ferrothorn|330\/352|[from] Stealth Rock
|move|p1a: Gengar|Shadow Ball|p2a: Ferrothorn
|-damage|p2a: Ferrothorn|209\/352
|-damage|p1a: Gengar|120\/261|[from] item: Life Orb
|
|-heal|p2a: Ferrothorn|231\/352|[from] item: Leftovers
|turn|13
|
|switch|p2a: Landorus-Therian|Landorus-Therian, M|280\/319
|-damage|p2a: Landorus-Therian|241\/319|[from] Stealth Rock
|-ability|p2a: Landorus-Therian|Intimidate|[of] p1a: Gengar
|-unboost|p1a: Gengar|atk|1
|move|p1a: Gengar|Focus Blast|p2a: Landorus-Therian|[miss]
|-miss|p1a: Gengar|p2a: Landorus-Therian
|
|turn|14
|
|switch|p1a: Donphan|Donphan, M|327\/384
|move|p2a: Landorus-Therian|U-turn|p1a: Donphan
|-damage|p1a: Donphan|249\/384
|
|switch|p2a: Heracross|Heracross, F|302\/302
|-damage|p2a: Heracross|265\/302|[from] Stealth Rock
|
|-heal|p1a: Donphan|273\/384|[from] item: Leftovers
|turn|15
|chat|mouse de frank|nice momentum ctc
|chat|jake5alt|hmm does pin missile kill
|
|switch|p1a: Tornadus-Therian|Tornadus-Therian, M|332\/332 brn
|detailschange|p2a: Heracross|Heracross-Mega, F
|message|Heracross has Mega Evolved into Mega Heracross!
|move|p2a: Heracross|Substitute|p2a: Heracross
|-start|p2a: Heracross|Substitute
|-damage|p2a: Heracross|190\/302
|
|-damage|p1a: Tornadus-Therian|291\/332 brn|[from] brn
|turn|16
|chat|y4|bullet seed bro...
|chat|jake5alt|yeah his volturn gives him a shit load of it
|chat|jake5alt|holy
|chat|jake5alt|the plays
|chat|y4|another sub mon!!
|
|move|p1a: Tornadus-Therian|Hurricane|p2a: Heracross|[miss]
|-miss|p1a: Tornadus-Therian|p2a: Heracross
|move|p2a: Heracross|Rock Blast|p1a: Tornadus-Therian
|-crit|p1a: Tornadus-Therian
|-supereffective|p1a: Tornadus-Therian
|-damage|p1a: Tornadus-Therian|137\/332 brn
|-supereffective|p1a: Tornadus-Therian
|-damage|p1a: Tornadus-Therian|49\/332 brn
|-supereffective|p1a: Tornadus-Therian
|-damage|p1a: Tornadus-Therian|0 fnt
|-hitcount|p1a: Tornadus-Therian|3
|faint|p1a: Tornadus-Therian
|
|chat|y4|ayy!
|-message|Jon Bovi forfeited.
|
|win|uoaeno
|raw|Ladder updating...
|leave|Jon Bovi
|player|p1
|raw|Jon Bovi's rating: 1845 &rarr; <strong>1832<\/strong><br \/>(-13 for losing)
|raw|uoaeno's rating: 1984 &rarr; <strong>1997<\/strong><br \/>(+13 for winning)
|chat|y4|C
|chat|y4|T
|chat|y4|C
|chat|Outrageous Fortune|"substitute is the best move" - ctc 2014
|chat|Gradevoir|owned by ctc
|leave|newlurker
|chat|jake5alt|it is pretty good
|leave|y4
|chat|Gradevoir|``C T C`` mind you!
|leave|Gradevoir
|leave|mouse de frank
|leave|fairyfloss
|leave|Outrageous Fortune