|join|Jon Bovi
|join|ByronT
|player|p1|Jon Bovi|240
|player|p2|ByronT|3
|gametype|singles
|gen|6
|tier|OU (suspect test)
|rated
|clearpoke
|poke|p1|Garchomp, F
|poke|p1|Excadrill, F
|poke|p1|Ferrothorn, M
|poke|p1|Mandibuzz, F
|poke|p1|Azumarill, M
|poke|p1|Tyranitar, F
|poke|p2|Azumarill, F
|poke|p2|Kyurem-Black
|poke|p2|Thundurus, M
|poke|p2|Scizor, F
|poke|p2|Tyranitar, F
|poke|p2|Rotom-Wash
|rule|Swagger Clause: Swagger is banned
|rule|Baton Pass Clause: Limit one PokÃ©mon knowing Baton Pass
|rule|Sleep Clause Mod: Limit one foe put to sleep
|rule|Species Clause: Limit one of each PokÃ©mon
|rule|OHKO Clause: OHKO moves are banned
|rule|Moody Clause: Moody is banned
|rule|Evasion Moves Clause: Evasion moves are banned
|rule|Endless Battle Clause: Forcing endless battles is banned
|rule|HP Percentage Mod: HP is reported as percentages
|teampreview
|
|start
|switch|p1a: Ferrothorn|Ferrothorn, M|352\/352
|switch|p2a: Rotom-Wash|Rotom-Wash|304\/304
|turn|1
|
|move|p1a: Ferrothorn|Protect|p1a: Ferrothorn
|-singleturn|p1a: Ferrothorn|Protect
|move|p2a: Rotom-Wash|Will-O-Wisp|p1a: Ferrothorn
|-activate|p1a: Ferrothorn|Protect
|
|turn|2
|
|move|p2a: Rotom-Wash|Will-O-Wisp|p1a: Ferrothorn
|-status|p1a: Ferrothorn|brn
|move|p1a: Ferrothorn|Stealth Rock|p2a: Rotom-Wash
|-sidestart|p2: ByronT|move: Stealth Rock
|
|-damage|p1a: Ferrothorn|308\/352 brn|[from] brn
|turn|3
|
|move|p2a: Rotom-Wash|Will-O-Wisp|p1a: Ferrothorn
|-fail|p1a: Ferrothorn|brn
|move|p1a: Ferrothorn|Leech Seed|p2a: Rotom-Wash
|-start|p2a: Rotom-Wash|move: Leech Seed
|
|-heal|p1a: Ferrothorn|330\/352 brn|[from] item: Leftovers
|-damage|p2a: Rotom-Wash|266\/304|[from] Leech Seed|[of] p1a: Ferrothorn
|-heal|p1a: Ferrothorn|352\/352 brn|[silent]
|-damage|p1a: Ferrothorn|308\/352 brn|[from] brn
|turn|4
|
|switch|p2a: Scizor|Scizor, F|344\/344
|-damage|p2a: Scizor|301\/344|[from] Stealth Rock
|move|p1a: Ferrothorn|Leech Seed|p2a: Scizor|[miss]
|-miss|p1a: Ferrothorn|p2a: Scizor
|
|-heal|p1a: Ferrothorn|330\/352 brn|[from] item: Leftovers
|-damage|p1a: Ferrothorn|286\/352 brn|[from] brn
|turn|5
|
|detailschange|p2a: Scizor|Scizor-Mega, F
|message|Scizor has Mega Evolved into Mega Scizor!
|move|p2a: Scizor|Defog|p1a: Ferrothorn
|-unboost|p1a: Ferrothorn|evasion|1
|-sideend|p2: ByronT|Stealth Rock|[from] move: Defog|[of] p2a: Scizor
|move|p1a: Ferrothorn|Leech Seed|p2a: Scizor
|-start|p2a: Scizor|move: Leech Seed
|
|-heal|p1a: Ferrothorn|308\/352 brn|[from] item: Leftovers
|-damage|p2a: Scizor|258\/344|[from] Leech Seed|[of] p1a: Ferrothorn
|-heal|p1a: Ferrothorn|351\/352 brn|[silent]
|-damage|p1a: Ferrothorn|307\/352 brn|[from] brn
|turn|6
|
|switch|p2a: Thundurus|Thundurus, M|300\/300
|move|p1a: Ferrothorn|Stealth Rock|p2a: Thundurus
|-sidestart|p2: ByronT|move: Stealth Rock
|
|-heal|p1a: Ferrothorn|329\/352 brn|[from] item: Leftovers
|-damage|p1a: Ferrothorn|285\/352 brn|[from] brn
|turn|7
|
|switch|p1a: Tyranitar|Tyranitar, F|403\/403
|-weather|Sandstorm
|move|p2a: Thundurus|Focus Blast|p1a: Tyranitar|[miss]
|-miss|p2a: Thundurus|p1a: Tyranitar
|
|-weather|Sandstorm|[upkeep]
|-damage|p2a: Thundurus|282\/300|[from] sandstorm
|turn|8
|chat|ByronT|nice
|
|switch|p2a: Tyranitar|Tyranitar, F|404\/404
|-damage|p2a: Tyranitar|354\/404|[from] Stealth Rock
|move|p1a: Tyranitar|Ice Beam|p2a: Tyranitar
|-damage|p2a: Tyranitar|313\/404
|
|-weather|Sandstorm|[upkeep]
|-heal|p2a: Tyranitar|338\/404|[from] item: Leftovers
|turn|9
|
|switch|p1a: Azumarill|Azumarill, M|397\/397
|move|p2a: Tyranitar|Stealth Rock|p1a: Azumarill
|-sidestart|p1: Jon Bovi|move: Stealth Rock
|
|-weather|Sandstorm|[upkeep]
|-damage|p1a: Azumarill|373\/397|[from] sandstorm
|-heal|p2a: Tyranitar|363\/404|[from] item: Leftovers
|turn|10
|
|switch|p2a: Rotom-Wash|Rotom-Wash|266\/304
|-damage|p2a: Rotom-Wash|228\/304|[from] Stealth Rock
|move|p1a: Azumarill|Play Rough|p2a: Rotom-Wash|[miss]
|-miss|p1a: Azumarill|p2a: Rotom-Wash
|
|-weather|Sandstorm|[upkeep]
|-damage|p2a: Rotom-Wash|209\/304|[from] sandstorm
|-damage|p1a: Azumarill|349\/397|[from] sandstorm
|turn|11
|
|switch|p1a: Ferrothorn|Ferrothorn, M|285\/352 brn
|-damage|p1a: Ferrothorn|263\/352 brn|[from] Stealth Rock
|move|p2a: Rotom-Wash|Will-O-Wisp|p1a: Ferrothorn
|-fail|p1a: Ferrothorn|brn
|
|-weather|Sandstorm|[upkeep]
|-damage|p2a: Rotom-Wash|190\/304|[from] sandstorm
|-heal|p1a: Ferrothorn|285\/352 brn|[from] item: Leftovers
|-damage|p1a: Ferrothorn|241\/352 brn|[from] brn
|turn|12
|
|move|p2a: Rotom-Wash|Volt Switch|p1a: Ferrothorn
|-resisted|p1a: Ferrothorn
|-damage|p1a: Ferrothorn|211\/352 brn
|
|switch|p2a: Scizor|Scizor-Mega, F|258\/344
|-damage|p2a: Scizor|215\/344|[from] Stealth Rock
|move|p1a: Ferrothorn|Leech Seed|p2a: Scizor
|-start|p2a: Scizor|move: Leech Seed
|
|-weather|Sandstorm|[upkeep]
|-heal|p1a: Ferrothorn|233\/352 brn|[from] item: Leftovers
|-damage|p2a: Scizor|172\/344|[from] Leech Seed|[of] p1a: Ferrothorn
|-heal|p1a: Ferrothorn|276\/352 brn|[silent]
|-damage|p1a: Ferrothorn|232\/352 brn|[from] brn
|turn|13
|
|move|p2a: Scizor|Roost|p2a: Scizor
|-heal|p2a: Scizor|344\/344
|move|p1a: Ferrothorn|Gyro Ball|p2a: Scizor
|-resisted|p2a: Scizor
|-damage|p2a: Scizor|319\/344
|
|-weather|Sandstorm|[upkeep]
|-heal|p1a: Ferrothorn|254\/352 brn|[from] item: Leftovers
|-damage|p2a: Scizor|276\/344|[from] Leech Seed|[of] p1a: Ferrothorn
|-heal|p1a: Ferrothorn|297\/352 brn|[silent]
|-damage|p1a: Ferrothorn|253\/352 brn|[from] brn
|turn|14
|
|move|p2a: Scizor|Knock Off|p1a: Ferrothorn
|-damage|p1a: Ferrothorn|164\/352 brn
|-damage|p2a: Scizor|233\/344|[from] ability: Iron Barbs|[of] p1a: Ferrothorn
|-enditem|p1a: Ferrothorn|Leftovers|[from] move: Knock Off|[of] p2a: Scizor
|move|p1a: Ferrothorn|Gyro Ball|p2a: Scizor
|-resisted|p2a: Scizor
|-damage|p2a: Scizor|210\/344
|
|-weather|none
|-damage|p2a: Scizor|167\/344|[from] Leech Seed|[of] p1a: Ferrothorn
|-heal|p1a: Ferrothorn|207\/352 brn|[silent]
|-damage|p1a: Ferrothorn|163\/352 brn|[from] brn
|turn|15
|
|switch|p1a: Tyranitar|Tyranitar, F|403\/403
|-damage|p1a: Tyranitar|353\/403|[from] Stealth Rock
|-weather|Sandstorm
|move|p2a: Scizor|Roost|p2a: Scizor
|-heal|p2a: Scizor|339\/344
|
|-weather|Sandstorm|[upkeep]
|-damage|p2a: Scizor|296\/344|[from] Leech Seed|[of] p1a: Tyranitar
|-heal|p1a: Tyranitar|396\/403|[silent]
|turn|16
|
|switch|p2a: Rotom-Wash|Rotom-Wash|190\/304
|-damage|p2a: Rotom-Wash|152\/304|[from] Stealth Rock
|move|p1a: Tyranitar|Fire Blast|p2a: Rotom-Wash
|-resisted|p2a: Rotom-Wash
|-damage|p2a: Rotom-Wash|111\/304
|
|-weather|Sandstorm|[upkeep]
|-damage|p2a: Rotom-Wash|92\/304|[from] sandstorm
|turn|17
|
|move|p2a: Rotom-Wash|Rest|p2a: Rotom-Wash
|-status|p2a: Rotom-Wash|slp
|-heal|p2a: Rotom-Wash|304\/304 slp|[silent]
|-status|p2a: Rotom-Wash|slp|[from] move: Rest
|-enditem|p2a: Rotom-Wash|Chesto Berry|[eat]
|-curestatus|p2a: Rotom-Wash|slp
|move|p1a: Tyranitar|Crunch|p2a: Rotom-Wash
|-crit|p2a: Rotom-Wash
|-damage|p2a: Rotom-Wash|184\/304
|
|-weather|Sandstorm|[upkeep]
|-damage|p2a: Rotom-Wash|165\/304|[from] sandstorm
|turn|18
|
|switch|p1a: Ferrothorn|Ferrothorn, M|163\/352 brn
|-damage|p1a: Ferrothorn|141\/352 brn|[from] Stealth Rock
|move|p2a: Rotom-Wash|Volt Switch|p1a: Ferrothorn
|-resisted|p1a: Ferrothorn
|-damage|p1a: Ferrothorn|106\/352 brn
|
|switch|p2a: Scizor|Scizor-Mega, F|296\/344
|-damage|p2a: Scizor|253\/344|[from] Stealth Rock
|
|-weather|Sandstorm|[upkeep]
|-damage|p1a: Ferrothorn|62\/352 brn|[from] brn
|turn|19
|
|move|p2a: Scizor|Defog|p1a: Ferrothorn
|-unboost|p1a: Ferrothorn|evasion|1
|-sideend|p1: Jon Bovi|Stealth Rock|[from] move: Defog|[of] p1a: Ferrothorn
|-sideend|p2: ByronT|Stealth Rock|[from] move: Defog|[of] p2a: Scizor
|move|p1a: Ferrothorn|Leech Seed|p2a: Scizor
|-start|p2a: Scizor|move: Leech Seed
|
|-weather|Sandstorm|[upkeep]
|-damage|p2a: Scizor|210\/344|[from] Leech Seed|[of] p1a: Ferrothorn
|-heal|p1a: Ferrothorn|105\/352 brn|[silent]
|-damage|p1a: Ferrothorn|61\/352 brn|[from] brn
|turn|20
|
|move|p2a: Scizor|Knock Off|p1a: Ferrothorn
|-crit|p1a: Ferrothorn
|-damage|p1a: Ferrothorn|0 fnt
|-damage|p2a: Scizor|167\/344|[from] ability: Iron Barbs|[of] p1a: Ferrothorn
|faint|p1a: Ferrothorn
|
|-weather|Sandstorm|[upkeep]
|
|switch|p1a: Garchomp|Garchomp, F|357\/357
|turn|21
|
|switch|p2a: Tyranitar|Tyranitar, F|363\/404
|detailschange|p1a: Garchomp|Garchomp-Mega, F
|message|Garchomp has Mega Evolved into Mega Garchomp!
|move|p1a: Garchomp|Earthquake|p2a: Tyranitar
|-supereffective|p2a: Tyranitar
|-damage|p2a: Tyranitar|0 fnt
|faint|p2a: Tyranitar
|
|-weather|Sandstorm|[upkeep]
|
|switch|p2a: Azumarill|Azumarill, F|394\/394
|turn|22
|
|move|p1a: Garchomp|Earthquake|p2a: Azumarill
|-damage|p2a: Azumarill|61\/394
|move|p2a: Azumarill|Play Rough|p1a: Garchomp
|-supereffective|p1a: Garchomp
|-damage|p1a: Garchomp|0 fnt
|faint|p1a: Garchomp
|
|-weather|none
|
|switch|p1a: Mandibuzz|Mandibuzz, F|423\/423
|turn|23
|
|switch|p2a: Rotom-Wash|Rotom-Wash|165\/304
|move|p1a: Mandibuzz|Foul Play|p2a: Rotom-Wash
|-damage|p2a: Rotom-Wash|116\/304
|
|turn|24
|
|move|p2a: Rotom-Wash|Will-O-Wisp|p1a: Mandibuzz
|-status|p1a: Mandibuzz|brn
|move|p1a: Mandibuzz|Foul Play|p2a: Rotom-Wash
|-damage|p2a: Rotom-Wash|89\/304
|
|-damage|p1a: Mandibuzz|371\/423 brn|[from] brn
|turn|25
|
|switch|p1a: Tyranitar|Tyranitar, F|396\/403
|-weather|Sandstorm
|move|p2a: Rotom-Wash|Volt Switch|p1a: Tyranitar
|-damage|p1a: Tyranitar|356\/403
|
|switch|p2a: Scizor|Scizor-Mega, F|167\/344
|
|-weather|Sandstorm|[upkeep]
|turn|26
|
|move|p2a: Scizor|Bullet Punch|p1a: Tyranitar
|-supereffective|p1a: Tyranitar
|-damage|p1a: Tyranitar|108\/403
|move|p1a: Tyranitar|Fire Blast|p2a: Scizor
|-supereffective|p2a: Scizor
|-damage|p2a: Scizor|0 fnt
|faint|p2a: Scizor
|
|-weather|Sandstorm|[upkeep]
|
|switch|p2a: Kyurem-Black|Kyurem-Black|440\/440
|-ability|p2a: Kyurem-Black|Teravolt
|turn|27
|
|move|p2a: Kyurem-Black|Earth Power|p1a: Tyranitar
|-supereffective|p1a: Tyranitar
|-damage|p1a: Tyranitar|6\/403
|move|p1a: Tyranitar|Crunch|p2a: Kyurem-Black
|-damage|p2a: Kyurem-Black|320\/440
|-unboost|p2a: Kyurem-Black|def|1
|
|-weather|Sandstorm|[upkeep]
|-damage|p2a: Kyurem-Black|293\/440|[from] sandstorm
|-heal|p2a: Kyurem-Black|320\/440|[from] item: Leftovers
|turn|28
|
|switch|p1a: Excadrill|Excadrill, F|362\/362
|-item|p1a: Excadrill|Air Balloon
|move|p2a: Kyurem-Black|Ice Beam|p1a: Excadrill
|-damage|p1a: Excadrill|134\/362
|-enditem|p1a: Excadrill|Air Balloon
|
|-weather|Sandstorm|[upkeep]
|-damage|p2a: Kyurem-Black|293\/440|[from] sandstorm
|-heal|p2a: Kyurem-Black|320\/440|[from] item: Leftovers
|turn|29
|
|switch|p2a: Rotom-Wash|Rotom-Wash|89\/304
|move|p1a: Excadrill|Iron Head|p2a: Rotom-Wash
|-resisted|p2a: Rotom-Wash
|-damage|p2a: Rotom-Wash|61\/304
|
|-weather|Sandstorm|[upkeep]
|-damage|p2a: Rotom-Wash|42\/304|[from] sandstorm
|turn|30
|
|move|p1a: Excadrill|Rock Slide|p2a: Rotom-Wash
|-damage|p2a: Rotom-Wash|0 fnt
|faint|p2a: Rotom-Wash
|
|-weather|Sandstorm|[upkeep]
|
|switch|p2a: Azumarill|Azumarill, F|61\/394
|turn|31
|
|switch|p1a: Mandibuzz|Mandibuzz, F|371\/423 brn
|move|p2a: Azumarill|Aqua Jet|p1a: Mandibuzz
|-damage|p1a: Mandibuzz|287\/423 brn
|
|-weather|Sandstorm|[upkeep]
|-damage|p2a: Azumarill|37\/394|[from] sandstorm
|-heal|p1a: Mandibuzz|313\/423 brn|[from] item: Leftovers
|-damage|p1a: Mandibuzz|261\/423 brn|[from] brn
|turn|32
|
|switch|p1a: Azumarill|Azumarill, M|349\/397
|switch|p2a: Kyurem-Black|Kyurem-Black|320\/440
|-ability|p2a: Kyurem-Black|Teravolt
|
|-weather|none
|-heal|p2a: Kyurem-Black|347\/440|[from] item: Leftovers
|turn|33
|
|move|p2a: Kyurem-Black|Substitute|p2a: Kyurem-Black
|-start|p2a: Kyurem-Black|Substitute
|-damage|p2a: Kyurem-Black|237\/440
|move|p1a: Azumarill|Play Rough|p2a: Kyurem-Black
|-supereffective|p2a: Kyurem-Black
|-end|p2a: Kyurem-Black|Substitute
|
|-heal|p2a: Kyurem-Black|264\/440|[from] item: Leftovers
|turn|34
|
|move|p2a: Kyurem-Black|Fusion Bolt|p1a: Azumarill
|-supereffective|p1a: Azumarill
|-damage|p1a: Azumarill|73\/397
|move|p1a: Azumarill|Play Rough|p2a: Kyurem-Black
|-supereffective|p2a: Kyurem-Black
|-damage|p2a: Kyurem-Black|0 fnt
|faint|p2a: Kyurem-Black
|
|
|switch|p2a: Thundurus|Thundurus, M|282\/300
|turn|35
|
|switch|p1a: Mandibuzz|Mandibuzz, F|261\/423 brn
|move|p2a: Thundurus|Thunderbolt|p1a: Mandibuzz
|-supereffective|p1a: Mandibuzz
|-damage|p1a: Mandibuzz|0 fnt
|-damage|p2a: Thundurus|252\/300|[from] item: Life Orb
|faint|p1a: Mandibuzz
|
|
|switch|p1a: Tyranitar|Tyranitar, F|6\/403
|-weather|Sandstorm
|turn|36
|
|move|p2a: Thundurus|Thunderbolt|p1a: Tyranitar
|-damage|p1a: Tyranitar|0 fnt
|-damage|p2a: Thundurus|222\/300|[from] item: Life Orb
|faint|p1a: Tyranitar
|
|-weather|Sandstorm|[upkeep]
|-damage|p2a: Thundurus|204\/300|[from] sandstorm
|
|switch|p1a: Excadrill|Excadrill, F|134\/362
|turn|37
|
|move|p1a: Excadrill|Rock Slide|p2a: Thundurus
|-supereffective|p2a: Thundurus
|-damage|p2a: Thundurus|0 fnt
|faint|p2a: Thundurus
|
|-weather|Sandstorm|[upkeep]
|chat|Jon Bovi|Gg
|
|switch|p2a: Azumarill|Azumarill, F|37\/394
|turn|38
|chat|Jon Bovi|whoever wins
|
|move|p2a: Azumarill|Aqua Jet|p1a: Excadrill
|-supereffective|p1a: Excadrill
|-damage|p1a: Excadrill|0 fnt
|faint|p1a: Excadrill
|
|-weather|Sandstorm|[upkeep]
|-damage|p2a: Azumarill|13\/394|[from] sandstorm
|
|switch|p1a: Azumarill|Azumarill, M|73\/397
|turn|39
|chat|ByronT|yeah, gg
|
|move|p2a: Azumarill|Aqua Jet|p1a: Azumarill
|-resisted|p1a: Azumarill
|-damage|p1a: Azumarill|0 fnt
|faint|p1a: Azumarill
|
|win|ByronT
|raw|Ladder updating...
|raw|Jon Bovi's rating: 1115 &rarr; <strong>1092<\/strong><br \/>(-23 for losing)
|raw|ByronT's rating: 1140 &rarr; <strong>1164<\/strong><br \/>(+24 for winning)