|join|Law)Zero
|join|Jon Bovi
|player|p1|Law)Zero|170
|player|p2|Jon Bovi|240
|gametype|singles
|gen|6
|tier|OU (suspect test)
|rated
|clearpoke
|poke|p1|Hippowdon, F
|poke|p1|Scizor, M
|poke|p1|Azumarill, F
|poke|p1|Keldeo-Resolute
|poke|p1|Latias, F
|poke|p1|Excadrill, F
|poke|p2|Donphan, M
|poke|p2|Venusaur, M
|poke|p2|Talonflame, M
|poke|p2|Vaporeon, M
|poke|p2|Heatran, F
|poke|p2|Hydreigon, M
|rule|Swagger Clause: Swagger is banned
|rule|Baton Pass Clause: Limit one PokÃ©mon knowing Baton Pass
|rule|Sleep Clause Mod: Limit one foe put to sleep
|rule|Species Clause: Limit one of each PokÃ©mon
|rule|OHKO Clause: OHKO moves are banned
|rule|Moody Clause: Moody is banned
|rule|Evasion Moves Clause: Evasion moves are banned
|rule|Endless Battle Clause: Forcing endless battles is banned
|rule|HP Percentage Mod: HP is reported as percentages
|teampreview
|chat|Law)Zero|gl
|join|Eric1999
|leave|Jon Bovi
|player|p2
|leave|Eric1999
|join|Jon Bovi
|player|p2|Jon Bovi|240
|teampreview
|
|start
|switch|p1a: Keldeo-Resolute|Keldeo-Resolute|323\/323
|switch|p2a: Red of Boses|Venusaur, M|363\/363
|turn|1
|chat|Jon Bovi|Sorry haha
|chat|Law)Zero|np
|chat|Jon Bovi|Gl to u 2
|
|switch|p1a: Latias|Latias, F|301\/301
|detailschange|p2a: Red of Boses|Venusaur-Mega, M
|message|Venusaur has Mega Evolved into Mega Venusaur!
|move|p2a: Red of Boses|Giga Drain|p1a: Latias
|-crit|p1a: Latias
|-resisted|p1a: Latias
|-damage|p1a: Latias|232\/301
|
|turn|2
|
|switch|p1a: Hippowdon|Hippowdon, F|420\/420
|-weather|Sandstorm
|switch|p2a: Mad Bedecine|Heatran, F|386\/386
|
|-weather|Sandstorm|[upkeep]
|turn|3
|
|switch|p2a: Pivin on a Lrayer|Donphan, M|384\/384
|move|p1a: Hippowdon|Stealth Rock|p2a: Pivin on a Lrayer
|-sidestart|p2: Jon Bovi|move: Stealth Rock
|
|-weather|Sandstorm|[upkeep]
|turn|4
|
|switch|p1a: Keldeo-Resolute|Keldeo-Resolute|323\/323
|move|p2a: Pivin on a Lrayer|Rapid Spin|p1a: Keldeo-Resolute
|-damage|p1a: Keldeo-Resolute|294\/323
|-sideend|p2: Jon Bovi|Stealth Rock|[from] move: Rapid Spin|[of] p2a: Pivin on a Lrayer
|
|-weather|Sandstorm|[upkeep]
|-damage|p1a: Keldeo-Resolute|274\/323|[from] sandstorm
|turn|5
|join|Eric1999
|chat|Eric1999|Zero
|chat|Eric1999|cuando termines te importa hacer una contra mi?
|
|switch|p2a: Red of Boses|Venusaur-Mega, M|363\/363
|move|p1a: Keldeo-Resolute|Scald|p2a: Red of Boses
|-resisted|p2a: Red of Boses
|-damage|p2a: Red of Boses|276\/363
|
|-weather|Sandstorm|[upkeep]
|-damage|p1a: Keldeo-Resolute|254\/323|[from] sandstorm
|-damage|p2a: Red of Boses|254\/363|[from] sandstorm
|turn|6
|chat|Law)Zero|okay
|chat|Eric1999|no quiero arriesgarme con un nuevo team en lader
|chat|Eric1999|;)
|
|switch|p1a: Latias|Latias, F|232\/301
|switch|p2a: It's Ly Mife|Vaporeon, M|464\/464
|
|-weather|Sandstorm|[upkeep]
|-damage|p1a: Latias|214\/301|[from] sandstorm
|-damage|p2a: It's Ly Mife|435\/464|[from] sandstorm
|-heal|p2a: It's Ly Mife|464\/464|[from] item: Leftovers
|turn|7
|
|move|p1a: Latias|Draco Meteor|p2a: It's Ly Mife
|-damage|p2a: It's Ly Mife|162\/464
|-unboost|p1a: Latias|spa|2
|-damage|p1a: Latias|184\/301|[from] item: Life Orb
|move|p2a: It's Ly Mife|Wish|p2a: It's Ly Mife
|
|-weather|Sandstorm|[upkeep]
|-damage|p1a: Latias|166\/301|[from] sandstorm
|-damage|p2a: It's Ly Mife|133\/464|[from] sandstorm
|-heal|p2a: It's Ly Mife|162\/464|[from] item: Leftovers
|turn|8
|
|move|p2a: It's Ly Mife|Protect|p2a: It's Ly Mife
|-singleturn|p2a: It's Ly Mife|Protect
|move|p1a: Latias|Roost|p1a: Latias
|-heal|p1a: Latias|301\/301
|
|-weather|Sandstorm|[upkeep]
|-damage|p1a: Latias|283\/301|[from] sandstorm
|-damage|p2a: It's Ly Mife|133\/464|[from] sandstorm
|-heal|p2a: It's Ly Mife|365\/464|[from] move: Wish|[wisher] It's Ly Mife
|-heal|p2a: It's Ly Mife|394\/464|[from] item: Leftovers
|turn|9
|
|switch|p1a: Keldeo-Resolute|Keldeo-Resolute|254\/323
|move|p2a: It's Ly Mife|Scald|p1a: Keldeo-Resolute
|-resisted|p1a: Keldeo-Resolute
|-damage|p1a: Keldeo-Resolute|196\/323
|-status|p1a: Keldeo-Resolute|brn
|
|-weather|none
|-heal|p2a: It's Ly Mife|423\/464|[from] item: Leftovers
|-damage|p1a: Keldeo-Resolute|156\/323 brn|[from] brn
|turn|10
|
|move|p2a: It's Ly Mife|Protect|p2a: It's Ly Mife
|-singleturn|p2a: It's Ly Mife|Protect
|move|p1a: Keldeo-Resolute|Secret Sword|p2a: It's Ly Mife
|-activate|p2a: It's Ly Mife|Protect
|
|-heal|p2a: It's Ly Mife|452\/464|[from] item: Leftovers
|-damage|p1a: Keldeo-Resolute|116\/323 brn|[from] brn
|turn|11
|
|move|p1a: Keldeo-Resolute|Secret Sword|p2a: It's Ly Mife
|-damage|p2a: It's Ly Mife|211\/464
|move|p2a: It's Ly Mife|Wish|p2a: It's Ly Mife
|
|-heal|p2a: It's Ly Mife|240\/464|[from] item: Leftovers
|-damage|p1a: Keldeo-Resolute|76\/323 brn|[from] brn
|turn|12
|
|switch|p1a: Azumarill|Azumarill, F|403\/403
|move|p2a: It's Ly Mife|Protect|p2a: It's Ly Mife
|-fail|p2a: It's Ly Mife
|
|-heal|p2a: It's Ly Mife|464\/464|[from] move: Wish|[wisher] It's Ly Mife
|turn|13
|
|switch|p2a: Red of Boses|Venusaur-Mega, M|254\/363
|move|p1a: Azumarill|Play Rough|p2a: Red of Boses
|-resisted|p2a: Red of Boses
|-damage|p2a: Red of Boses|188\/363
|
|turn|14
|
|switch|p1a: Latias|Latias, F|283\/301
|move|p2a: Red of Boses|Synthesis|p2a: Red of Boses
|-heal|p2a: Red of Boses|363\/363
|
|turn|15
|
|switch|p1a: Hippowdon|Hippowdon, F|420\/420
|-weather|Sandstorm
|switch|p2a: Mad Bedecine|Heatran, F|386\/386
|
|-weather|Sandstorm|[upkeep]
|turn|16
|
|switch|p2a: Pivin on a Lrayer|Donphan, M|384\/384
|move|p1a: Hippowdon|Stealth Rock|p2a: Pivin on a Lrayer
|-sidestart|p2: Jon Bovi|move: Stealth Rock
|
|-weather|Sandstorm|[upkeep]
|turn|17
|
|switch|p1a: Scizor|Scizor, M|339\/339
|move|p2a: Pivin on a Lrayer|Rapid Spin|p1a: Scizor
|-resisted|p1a: Scizor
|-damage|p1a: Scizor|327\/339
|-sideend|p2: Jon Bovi|Stealth Rock|[from] move: Rapid Spin|[of] p2a: Pivin on a Lrayer
|
|-weather|Sandstorm|[upkeep]
|turn|18
|
|switch|p2a: Red of Boses|Venusaur-Mega, M|363\/363
|detailschange|p1a: Scizor|Scizor-Mega, M
|message|Scizor has Mega Evolved into Mega Scizor!
|move|p1a: Scizor|Knock Off|p2a: Red of Boses
|-damage|p2a: Red of Boses|315\/363
|
|-weather|Sandstorm|[upkeep]
|-damage|p2a: Red of Boses|293\/363|[from] sandstorm
|turn|19
|
|move|p2a: Red of Boses|Sleep Powder|p1a: Scizor
|-status|p1a: Scizor|slp
|cant|p1a: Scizor|slp
|
|-weather|Sandstorm|[upkeep]
|-damage|p2a: Red of Boses|271\/363|[from] sandstorm
|turn|20
|
|switch|p2a: Mad Bedecine|Heatran, F|386\/386
|cant|p1a: Scizor|slp
|
|-weather|Sandstorm|[upkeep]
|turn|21
|
|switch|p1a: Azumarill|Azumarill, F|403\/403
|move|p2a: Mad Bedecine|Stealth Rock|p1a: Azumarill
|-sidestart|p1: Law)Zero|move: Stealth Rock
|
|-weather|Sandstorm|[upkeep]
|-damage|p1a: Azumarill|378\/403|[from] sandstorm
|turn|22
|
|switch|p2a: It's Ly Mife|Vaporeon, M|464\/464
|switch|p1a: Scizor|Scizor-Mega, M|327\/339 slp
|-damage|p1a: Scizor|285\/339 slp|[from] Stealth Rock
|
|-weather|none
|turn|23
|
|switch|p2a: Mad Bedecine|Heatran, F|386\/386
|cant|p1a: Scizor|slp
|
|turn|24
|
|switch|p1a: Azumarill|Azumarill, F|378\/403
|-damage|p1a: Azumarill|328\/403|[from] Stealth Rock
|move|p2a: Mad Bedecine|Lava Plume|p1a: Azumarill
|-crit|p1a: Azumarill
|-resisted|p1a: Azumarill
|-damage|p1a: Azumarill|256\/403
|
|turn|25
|
|switch|p2a: Red of Boses|Venusaur-Mega, M|271\/363
|move|p1a: Azumarill|Waterfall|p2a: Red of Boses
|-resisted|p2a: Red of Boses
|-damage|p2a: Red of Boses|219\/363
|
|turn|26
|chat|Jon Bovi|Ur good man
|
|switch|p1a: Scizor|Scizor-Mega, M|285\/339 slp
|-damage|p1a: Scizor|243\/339 slp|[from] Stealth Rock
|move|p2a: Red of Boses|Synthesis|p2a: Red of Boses
|-heal|p2a: Red of Boses|363\/363
|
|turn|27
|
|move|p2a: Red of Boses|Giga Drain|p1a: Scizor
|-resisted|p1a: Scizor
|-damage|p1a: Scizor|222\/339 slp
|-curestatus|p1a: Scizor|slp
|move|p1a: Scizor|Roost|p1a: Scizor
|-heal|p1a: Scizor|339\/339
|
|turn|28
|
|switch|p1a: Latias|Latias, F|283\/301
|-damage|p1a: Latias|246\/301|[from] Stealth Rock
|move|p2a: Red of Boses|Sleep Powder|p1a: Latias
|-status|p1a: Latias|slp
|
|turn|29
|chat|Law)Zero|u 2
|
|switch|p1a: Scizor|Scizor-Mega, M|339\/339
|-damage|p1a: Scizor|297\/339|[from] Stealth Rock
|switch|p2a: Mad Bedecine|Heatran, F|386\/386
|
|turn|30
|
|switch|p1a: Azumarill|Azumarill, F|256\/403
|-damage|p1a: Azumarill|206\/403|[from] Stealth Rock
|move|p2a: Mad Bedecine|Lava Plume|p1a: Azumarill
|-resisted|p1a: Azumarill
|-damage|p1a: Azumarill|161\/403
|
|turn|31
|
|switch|p2a: It's Ly Mife|Vaporeon, M|464\/464
|switch|p1a: Scizor|Scizor-Mega, M|297\/339
|-damage|p1a: Scizor|255\/339|[from] Stealth Rock
|
|turn|32
|
|move|p1a: Scizor|Knock Off|p2a: It's Ly Mife
|-damage|p2a: It's Ly Mife|354\/464
|-enditem|p2a: It's Ly Mife|Leftovers|[from] move: Knock Off|[of] p1a: Scizor
|move|p2a: It's Ly Mife|Scald|p1a: Scizor
|-damage|p1a: Scizor|177\/339
|
|turn|33
|
|switch|p1a: Latias|Latias, F|246\/301 slp
|-damage|p1a: Latias|209\/301 slp|[from] Stealth Rock
|switch|p2a: Mad Bedecine|Heatran, F|386\/386
|
|turn|34
|
|cant|p1a: Latias|slp
|move|p2a: Mad Bedecine|Taunt|p1a: Latias
|-start|p1a: Latias|move: Taunt
|
|turn|35
|
|cant|p1a: Latias|slp
|move|p2a: Mad Bedecine|Toxic|p1a: Latias
|-fail|p1a: Latias
|
|turn|36
|
|switch|p1a: Excadrill|Excadrill, F|362\/362
|-damage|p1a: Excadrill|351\/362|[from] Stealth Rock
|move|p2a: Mad Bedecine|Toxic|p1a: Excadrill
|-fail|p1a: Excadrill
|
|turn|37
|
|switch|p2a: Host Lighway|Hydreigon, M|325\/325
|move|p1a: Excadrill|Earthquake|p2a: Host Lighway
|-immune|p2a: Host Lighway|[msg]
|
|turn|38
|
|move|p2a: Host Lighway|U-turn|p1a: Excadrill
|-resisted|p1a: Excadrill
|-damage|p1a: Excadrill|309\/362
|
|switch|p2a: Pivin on a Lrayer|Donphan, M|384\/384
|move|p1a: Excadrill|Iron Head|p2a: Pivin on a Lrayer
|-damage|p2a: Pivin on a Lrayer|192\/384
|-damage|p1a: Excadrill|273\/362|[from] item: Life Orb
|
|-heal|p2a: Pivin on a Lrayer|216\/384|[from] item: Leftovers
|turn|39
|chat|Eric1999|38 turnos y 6-6
|
|switch|p2a: Host Lighway|Hydreigon, M|325\/325
|move|p1a: Excadrill|Earthquake|p2a: Host Lighway
|-immune|p2a: Host Lighway|[msg]
|
|turn|40
|chat|Jon Bovi|2 good players
|
|switch|p1a: Azumarill|Azumarill, F|161\/403
|-damage|p1a: Azumarill|111\/403|[from] Stealth Rock
|move|p2a: Host Lighway|Flamethrower|p1a: Azumarill
|-resisted|p1a: Azumarill
|-damage|p1a: Azumarill|68\/403
|
|turn|41
|
|switch|p2a: Red of Boses|Venusaur-Mega, M|363\/363
|move|p1a: Azumarill|Play Rough|p2a: Red of Boses
|-resisted|p2a: Red of Boses
|-damage|p2a: Red of Boses|305\/363
|
|turn|42
|
|switch|p1a: Scizor|Scizor-Mega, M|177\/339
|-damage|p1a: Scizor|135\/339|[from] Stealth Rock
|move|p2a: Red of Boses|Giga Drain|p1a: Scizor
|-resisted|p1a: Scizor
|-damage|p1a: Scizor|116\/339
|-heal|p2a: Red of Boses|315\/363|[from] drain|[of] p1a: Scizor
|
|turn|43
|
|switch|p2a: Mad Bedecine|Heatran, F|386\/386
|move|p1a: Scizor|Roost|p1a: Scizor
|-heal|p1a: Scizor|286\/339
|
|turn|44
|
|switch|p1a: Azumarill|Azumarill, F|68\/403
|-damage|p1a: Azumarill|18\/403|[from] Stealth Rock
|move|p2a: Mad Bedecine|Lava Plume|p1a: Azumarill
|-crit|p1a: Azumarill
|-resisted|p1a: Azumarill
|-damage|p1a: Azumarill|0 fnt
|faint|p1a: Azumarill
|
|
|switch|p1a: Hippowdon|Hippowdon, F|420\/420
|-damage|p1a: Hippowdon|394\/420|[from] Stealth Rock
|-weather|Sandstorm
|turn|45
|
|switch|p2a: Pivin on a Lrayer|Donphan, M|216\/384
|move|p1a: Hippowdon|Stealth Rock|p2a: Pivin on a Lrayer
|-sidestart|p2: Jon Bovi|move: Stealth Rock
|
|-weather|Sandstorm|[upkeep]
|-heal|p2a: Pivin on a Lrayer|240\/384|[from] item: Leftovers
|turn|46
|
|move|p2a: Pivin on a Lrayer|Rapid Spin|p1a: Hippowdon
|-damage|p1a: Hippowdon|378\/420
|-sideend|p2: Jon Bovi|Stealth Rock|[from] move: Rapid Spin|[of] p2a: Pivin on a Lrayer
|move|p1a: Hippowdon|Earthquake|p2a: Pivin on a Lrayer
|-damage|p2a: Pivin on a Lrayer|134\/384
|
|-weather|Sandstorm|[upkeep]
|-heal|p2a: Pivin on a Lrayer|158\/384|[from] item: Leftovers
|turn|47
|
|move|p2a: Pivin on a Lrayer|Earthquake|p1a: Hippowdon
|-damage|p1a: Hippowdon|252\/420
|move|p1a: Hippowdon|Stealth Rock|p2a: Pivin on a Lrayer
|-sidestart|p2: Jon Bovi|move: Stealth Rock
|
|-weather|Sandstorm|[upkeep]
|-heal|p2a: Pivin on a Lrayer|182\/384|[from] item: Leftovers
|turn|48
|
|move|p2a: Pivin on a Lrayer|Rapid Spin|p1a: Hippowdon
|-damage|p1a: Hippowdon|235\/420
|-sideend|p2: Jon Bovi|Stealth Rock|[from] move: Rapid Spin|[of] p2a: Pivin on a Lrayer
|move|p1a: Hippowdon|Earthquake|p2a: Pivin on a Lrayer
|-damage|p2a: Pivin on a Lrayer|64\/384
|
|-weather|Sandstorm|[upkeep]
|-heal|p2a: Pivin on a Lrayer|88\/384|[from] item: Leftovers
|turn|49
|
|switch|p2a: It's Ly Mife|Vaporeon, M|354\/464
|move|p1a: Hippowdon|Slack Off|p1a: Hippowdon
|-heal|p1a: Hippowdon|420\/420
|
|-weather|Sandstorm|[upkeep]
|-damage|p2a: It's Ly Mife|325\/464|[from] sandstorm
|turn|50
|
|switch|p1a: Latias|Latias, F|209\/301 slp
|-damage|p1a: Latias|172\/301 slp|[from] Stealth Rock
|move|p2a: It's Ly Mife|Scald|p1a: Latias
|-resisted|p1a: Latias
|-damage|p1a: Latias|135\/301 slp
|
|-weather|Sandstorm|[upkeep]
|-damage|p1a: Latias|117\/301 slp|[from] sandstorm
|-damage|p2a: It's Ly Mife|296\/464|[from] sandstorm
|turn|51
|
|switch|p2a: Mad Bedecine|Heatran, F|386\/386
|-curestatus|p1a: Latias|slp
|move|p1a: Latias|Roost|p1a: Latias
|-heal|p1a: Latias|268\/301
|
|-weather|Sandstorm|[upkeep]
|-damage|p1a: Latias|250\/301|[from] sandstorm
|turn|52
|
|move|p1a: Latias|Defog|p2a: Mad Bedecine
|-unboost|p2a: Mad Bedecine|evasion|1
|-sideend|p1: Law)Zero|Stealth Rock|[from] move: Defog|[of] p1a: Latias
|move|p2a: Mad Bedecine|Toxic|p1a: Latias|[miss]
|-miss|p2a: Mad Bedecine|p1a: Latias
|
|-weather|none
|turn|53
|chat|Law)Zero|srry
|chat|Jon Bovi|:\/
|
|switch|p1a: Hippowdon|Hippowdon, F|420\/420
|-weather|Sandstorm
|move|p2a: Mad Bedecine|Stealth Rock|p1a: Hippowdon
|-sidestart|p1: Law)Zero|move: Stealth Rock
|
|-weather|Sandstorm|[upkeep]
|turn|54
|
|switch|p2a: It's Ly Mife|Vaporeon, M|296\/464
|move|p1a: Hippowdon|Earthquake|p2a: It's Ly Mife
|-damage|p2a: It's Ly Mife|175\/464
|
|-weather|Sandstorm|[upkeep]
|-damage|p2a: It's Ly Mife|146\/464|[from] sandstorm
|turn|55
|
|move|p2a: It's Ly Mife|Wish|p2a: It's Ly Mife
|move|p1a: Hippowdon|Earthquake|p2a: It's Ly Mife
|-damage|p2a: It's Ly Mife|17\/464
|
|-weather|Sandstorm|[upkeep]
|-damage|p2a: It's Ly Mife|0 fnt|[from] sandstorm
|faint|p2a: It's Ly Mife
|
|switch|p2a: Red of Boses|Venusaur-Mega, M|315\/363
|turn|56
|
|switch|p1a: Latias|Latias, F|250\/301
|-damage|p1a: Latias|213\/301|[from] Stealth Rock
|move|p2a: Red of Boses|Sludge Bomb|p1a: Latias
|-damage|p1a: Latias|116\/301
|-status|p1a: Latias|psn
|
|-weather|Sandstorm|[upkeep]
|-damage|p1a: Latias|98\/301 psn|[from] sandstorm
|-damage|p2a: Red of Boses|293\/363|[from] sandstorm
|-heal|p2a: Red of Boses|363\/363|[from] move: Wish|[wisher] It's Ly Mife
|-damage|p1a: Latias|61\/301 psn|[from] psn
|turn|57
|
|move|p1a: Latias|Defog|p2a: Red of Boses
|-unboost|p2a: Red of Boses|evasion|1
|-sideend|p1: Law)Zero|Stealth Rock|[from] move: Defog|[of] p1a: Latias
|move|p2a: Red of Boses|Sludge Bomb|p1a: Latias
|-damage|p1a: Latias|0 fnt
|faint|p1a: Latias
|
|-weather|Sandstorm|[upkeep]
|-damage|p2a: Red of Boses|341\/363|[from] sandstorm
|
|switch|p1a: Excadrill|Excadrill, F|273\/362
|turn|58
|
|move|p1a: Excadrill|Earthquake|p2a: Red of Boses
|-damage|p2a: Red of Boses|176\/363
|-damage|p1a: Excadrill|237\/362|[from] item: Life Orb
|move|p2a: Red of Boses|Giga Drain|p1a: Excadrill
|-damage|p1a: Excadrill|75\/362
|-heal|p2a: Red of Boses|257\/363|[from] drain|[of] p1a: Excadrill
|
|-weather|Sandstorm|[upkeep]
|-damage|p2a: Red of Boses|235\/363|[from] sandstorm
|turn|59
|
|move|p1a: Excadrill|Iron Head|p2a: Red of Boses
|-damage|p2a: Red of Boses|99\/363
|-damage|p1a: Excadrill|39\/362|[from] item: Life Orb
|cant|p2a: Red of Boses|flinch
|
|-weather|Sandstorm|[upkeep]
|-damage|p2a: Red of Boses|77\/363|[from] sandstorm
|turn|60
|chat|Law)Zero|srry
|
|switch|p2a: Host Lighway|Hydreigon, M|325\/325
|move|p1a: Excadrill|Iron Head|p2a: Host Lighway
|-damage|p2a: Host Lighway|111\/325
|-damage|p1a: Excadrill|3\/362|[from] item: Life Orb
|
|-weather|none
|turn|61
|chat|Jon Bovi|Lol np
|
|move|p2a: Host Lighway|U-turn|p1a: Excadrill
|-resisted|p1a: Excadrill
|-damage|p1a: Excadrill|0 fnt
|faint|p1a: Excadrill
|
|switch|p2a: Pivin on a Lrayer|Donphan, M|88\/384
|
|-heal|p2a: Pivin on a Lrayer|112\/384|[from] item: Leftovers
|
|switch|p1a: Scizor|Scizor-Mega, M|286\/339
|turn|62
|
|move|p1a: Scizor|Knock Off|p2a: Pivin on a Lrayer
|-damage|p2a: Pivin on a Lrayer|22\/384
|-enditem|p2a: Pivin on a Lrayer|Leftovers|[from] move: Knock Off|[of] p1a: Scizor
|move|p2a: Pivin on a Lrayer|Earthquake|p1a: Scizor
|-damage|p1a: Scizor|138\/339
|
|turn|63
|
|move|p1a: Scizor|Roost|p1a: Scizor
|-heal|p1a: Scizor|308\/339
|move|p2a: Pivin on a Lrayer|Earthquake|p1a: Scizor
|-crit|p1a: Scizor
|-damage|p1a: Scizor|92\/339
|
|turn|64
|
|switch|p2a: Mad Bedecine|Heatran, F|386\/386
|move|p1a: Scizor|Roost|p1a: Scizor
|-heal|p1a: Scizor|262\/339
|
|turn|65
|
|switch|p1a: Hippowdon|Hippowdon, F|420\/420
|-weather|Sandstorm
|move|p2a: Mad Bedecine|Lava Plume|p1a: Hippowdon
|-damage|p1a: Hippowdon|264\/420
|
|-weather|Sandstorm|[upkeep]
|turn|66
|
|switch|p2a: Pivin on a Lrayer|Donphan, M|22\/384
|move|p1a: Hippowdon|Stealth Rock|p2a: Pivin on a Lrayer
|-sidestart|p2: Jon Bovi|move: Stealth Rock
|
|-weather|Sandstorm|[upkeep]
|turn|67
|
|move|p2a: Pivin on a Lrayer|Rapid Spin|p1a: Hippowdon
|-damage|p1a: Hippowdon|248\/420
|-sideend|p2: Jon Bovi|Stealth Rock|[from] move: Rapid Spin|[of] p2a: Pivin on a Lrayer
|move|p1a: Hippowdon|Slack Off|p1a: Hippowdon
|-heal|p1a: Hippowdon|420\/420
|
|-weather|Sandstorm|[upkeep]
|turn|68
|
|move|p2a: Pivin on a Lrayer|Earthquake|p1a: Hippowdon
|-damage|p1a: Hippowdon|303\/420
|move|p1a: Hippowdon|Stealth Rock|p2a: Pivin on a Lrayer
|-sidestart|p2: Jon Bovi|move: Stealth Rock
|
|-weather|Sandstorm|[upkeep]
|turn|69
|
|switch|p1a: Scizor|Scizor-Mega, M|262\/339
|move|p2a: Pivin on a Lrayer|Rapid Spin|p1a: Scizor
|-resisted|p1a: Scizor
|-damage|p1a: Scizor|253\/339
|-sideend|p2: Jon Bovi|Stealth Rock|[from] move: Rapid Spin|[of] p2a: Pivin on a Lrayer
|
|-weather|Sandstorm|[upkeep]
|turn|70
|
|move|p1a: Scizor|Knock Off|p2a: Pivin on a Lrayer
|-damage|p2a: Pivin on a Lrayer|0 fnt
|faint|p2a: Pivin on a Lrayer
|
|-weather|Sandstorm|[upkeep]
|
|switch|p2a: Mad Bedecine|Heatran, F|386\/386
|turn|71
|
|switch|p1a: Hippowdon|Hippowdon, F|303\/420
|move|p2a: Mad Bedecine|Lava Plume|p1a: Hippowdon
|-damage|p1a: Hippowdon|156\/420
|
|-weather|Sandstorm|[upkeep]
|turn|72
|
|switch|p2a: Glaze of Blory|Talonflame, M|309\/309
|move|p1a: Hippowdon|Slack Off|p1a: Hippowdon
|-heal|p1a: Hippowdon|366\/420
|
|-weather|none
|turn|73
|
|move|p2a: Glaze of Blory|Will-O-Wisp|p1a: Hippowdon
|-status|p1a: Hippowdon|brn
|move|p1a: Hippowdon|Stealth Rock|p2a: Glaze of Blory
|-sidestart|p2: Jon Bovi|move: Stealth Rock
|
|-damage|p1a: Hippowdon|314\/420 brn|[from] brn
|turn|74
|
|switch|p2a: Host Lighway|Hydreigon, M|111\/325
|-damage|p2a: Host Lighway|71\/325|[from] Stealth Rock
|move|p1a: Hippowdon|Slack Off|p1a: Hippowdon
|-heal|p1a: Hippowdon|420\/420 brn
|
|-damage|p1a: Hippowdon|368\/420 brn|[from] brn
|turn|75
|
|switch|p1a: Scizor|Scizor-Mega, M|253\/339
|move|p2a: Host Lighway|Dark Pulse|p1a: Scizor
|-damage|p1a: Scizor|133\/339
|
|turn|76
|
|move|p1a: Scizor|Bullet Punch|p2a: Host Lighway
|-damage|p2a: Host Lighway|0 fnt
|faint|p2a: Host Lighway
|
|
|switch|p2a: Mad Bedecine|Heatran, F|386\/386
|-damage|p2a: Mad Bedecine|338\/386|[from] Stealth Rock
|turn|77
|
|switch|p1a: Hippowdon|Hippowdon, F|368\/420 brn
|-weather|Sandstorm
|move|p2a: Mad Bedecine|Taunt|p1a: Hippowdon
|-start|p1a: Hippowdon|move: Taunt
|
|-weather|Sandstorm|[upkeep]
|-heal|p2a: Mad Bedecine|362\/386|[from] item: Leftovers
|-damage|p1a: Hippowdon|316\/420 brn|[from] brn
|turn|78
|chat|Eric1999|Esta haciendo calcs lol
|
|switch|p2a: Red of Boses|Venusaur-Mega, M|77\/363
|-damage|p2a: Red of Boses|32\/363|[from] Stealth Rock
|switch|p1a: Scizor|Scizor-Mega, M|133\/339
|
|-weather|Sandstorm|[upkeep]
|-damage|p2a: Red of Boses|10\/363|[from] sandstorm
|turn|79
|
|move|p1a: Scizor|Bullet Punch|p2a: Red of Boses
|-damage|p2a: Red of Boses|0 fnt
|faint|p2a: Red of Boses
|
|-weather|Sandstorm|[upkeep]
|
|switch|p2a: Mad Bedecine|Heatran, F|362\/386
|-damage|p2a: Mad Bedecine|314\/386|[from] Stealth Rock
|turn|80
|
|switch|p1a: Hippowdon|Hippowdon, F|316\/420 brn
|move|p2a: Mad Bedecine|Lava Plume|p1a: Hippowdon
|-damage|p1a: Hippowdon|162\/420 brn
|
|-weather|Sandstorm|[upkeep]
|-heal|p2a: Mad Bedecine|338\/386|[from] item: Leftovers
|-damage|p1a: Hippowdon|110\/420 brn|[from] brn
|turn|81
|
|move|p2a: Mad Bedecine|Lava Plume|p1a: Hippowdon
|-crit|p1a: Hippowdon
|-damage|p1a: Hippowdon|0 fnt
|faint|p1a: Hippowdon
|
|-weather|Sandstorm|[upkeep]
|-heal|p2a: Mad Bedecine|362\/386|[from] item: Leftovers
|
|switch|p1a: Keldeo-Resolute|Keldeo-Resolute|76\/323 brn
|turn|82
|chat|Jon Bovi|Gg
|
|move|p1a: Keldeo-Resolute|Secret Sword|p2a: Mad Bedecine
|-supereffective|p2a: Mad Bedecine
|-damage|p2a: Mad Bedecine|0 fnt
|faint|p2a: Mad Bedecine
|
|-weather|Sandstorm|[upkeep]
|-damage|p1a: Keldeo-Resolute|56\/323 brn|[from] sandstorm
|-damage|p1a: Keldeo-Resolute|16\/323 brn|[from] brn
|chat|Law)Zero|gg
|
|switch|p2a: Glaze of Blory|Talonflame, M|309\/309
|-damage|p2a: Glaze of Blory|155\/309|[from] Stealth Rock
|turn|83
|
|move|p2a: Glaze of Blory|Brave Bird|p1a: Keldeo-Resolute
|-supereffective|p1a: Keldeo-Resolute
|-damage|p1a: Keldeo-Resolute|0 fnt
|-damage|p2a: Glaze of Blory|150\/309|[from] recoil|[of] p1a: Keldeo-Resolute
|faint|p1a: Keldeo-Resolute
|
|-weather|Sandstorm|[upkeep]
|-damage|p2a: Glaze of Blory|131\/309|[from] sandstorm
|
|switch|p1a: Scizor|Scizor-Mega, M|133\/339
|turn|84
|
|move|p2a: Glaze of Blory|Brave Bird|p1a: Scizor
|-damage|p1a: Scizor|0 fnt
|-damage|p2a: Glaze of Blory|87\/309|[from] recoil|[of] p1a: Scizor
|faint|p1a: Scizor
|
|win|Jon Bovi
|raw|Ladder updating...
|raw|Law)Zero's rating: 1116 &rarr; <strong>1089<\/strong><br \/>(-27 for losing)
|raw|Jon Bovi's rating: 1086 &rarr; <strong>1115<\/strong><br \/>(+29 for winning)
|leave|Eric1999
|chat|Law)Zero|gg
|leave|Law)Zero
|player|p1
|join|Eric1999