|join|Not Broken
|join|BamItsRob
|player|p1|Not Broken|209
|player|p2|BamItsRob|154
|gametype|singles
|gen|6
|tier|UU
|rated
|rule|Sleep Clause Mod: Limit one foe put to sleep
|rule|Species Clause: Limit one of each PokÃ©mon
|rule|OHKO Clause: OHKO moves are banned
|rule|Moody Clause: Moody is banned
|rule|Evasion Moves Clause: Evasion moves are banned
|rule|Endless Battle Clause: Forcing endless battles is banned
|rule|HP Percentage Mod: HP is shown in percentages
|clearpoke
|poke|p1|Staraptor, M
|poke|p1|Beedrill, F
|poke|p1|Swampert, F
|poke|p1|Florges, F
|poke|p1|Tentacruel, F
|poke|p1|Porygon2
|poke|p2|Infernape, M
|poke|p2|Florges, F, shiny
|poke|p2|Swampert, M
|poke|p2|Honchkrow, M, shiny
|poke|p2|Lopunny, M
|poke|p2|Empoleon, M
|rule|Swagger Clause: Swagger is banned
|rule|Baton Pass Clause: Limit one PokÃ©mon knowing Baton Pass
|teampreview
|c|âBamItsRob|gl hf
|c|âBamItsRob|ur gonna lose tho
|c|âNot Broken|dude, I knew that from the moment I saw your team
|c|âNot Broken|florpert core+honchpunny
|c|âBamItsRob|gimme a sec i have to call my fans
|join|spike12345
|join|CronaxKid
|join|octopuses
|join|GameBuilder
|join|Para Hacks
|join|VeggieXerneas
|join|OrtonSaf
|join|boonlocks
|join|CocaColin
|join|PokemonTripHD
|join|ItsLogicBro
|join|delta finalentei
|join|Samwell3
|join|gameneverstops2k14
|join|nuclearsquirrel
|join|Fundeath
|join|MegaAmphroz
|join|aquas0und
|join|SnowyCastform
|join|ChalextheGreat
|leave|ItsLogicBro
|join|dgffn
|join|Torkyo
|join|Impâ Flare
|join|WusherGamezone
|join|Korrina-GL
|join|Fang(A.Poochyena)
|c|âNot Broken|how many accounts do you have
|join|Fergulurgulurguson
|join|TheDerpDragon
|join|Ganon - Umbreon
|join|Qorky
|join|ZxKinGsxZ
|c| Impâ Flare|.
|join|RyanAronhalt
|join|Aerial-Noivern
|join|Louisxd
|join|DeadlyRabbit
|join|Spark(Luxray)
|join|randomfire50
|c|âBamItsRob|ME VS SHOFU
|c|âNot Broken|jesus
|c| dgffn|lol
|c| Korrina-GL|what even
|join|I'm a Garchomp
|c| Impâ Flare|not even
|join|bruce rain
|c| Impâ Flare|shpfu
|c| Louisxd|SHOFU
|c| PokemonTripHD|lol you gay
|join|Yuttt.ttttt
|join|gogeta478
|join|MegaStarUniverse
|join|nolannnole
|raw|<div class="broadcast-red"><b>Moderated chat was set to +!<\/b><br \/>Only users of rank + and higher can talk.<\/div>
|c|âBamItsRob|srry noobs
|join|epicjosh
|join|DarmaniusTan
|leave|randomfire50
|join|Kisa (Mienshao)
|leave|Fang(A.Poochyena)
|join|WECAMEASROMANS
|leave|TheDerpDragon
|join|SnowGolemKirby
|leave|I'm a Garchomp
|c|âBamItsRob|dont interupt legendary battle
|c|âBamItsRob|k thx
|c|âNot Broken|dude make a move
|join|Fang(A.Poochyena)
|
|start
|switch|p1a: Porygon2|Porygon2|373\/373
|switch|p2a: ActiBunniFooFoo|Lopunny, M|271\/271
|-boost|p1a: Porygon2|atk|1|[from] ability: Download
|turn|1
|join|UnBolievable
|leave|Fang(A.Poochyena)
|join|Savage_hr
|join|Fang(A.Poochyena)
|leave|SnowGolemKirby
|c|âBamItsRob|i said wait u pleb
|leave|PokemonTripHD
|leave|Fundeath
|leave|epicjosh
|c|âBamItsRob|jesus
|join|SergeantSwampert
|join|ShadowKing235
|join|thenewguy22
|leave|OrtonSaf
|join|pokemonomekop
|leave|ZxKinGsxZ
|leave|thenewguy22
|leave|Fang(A.Poochyena)
|
|switch|p1a: Swampert|Swampert, F|403\/403
|detailschange|p2a: ActiBunniFooFoo|Lopunny-Mega, M
|message|Lopunny has Mega Evolved into Mega Lopunny!
|move|p2a: ActiBunniFooFoo|Fake Out|p1a: Swampert
|-damage|p1a: Swampert|348\/403
|
|-heal|p1a: Swampert|373\/403|[from] item: Leftovers
|turn|2
|leave|Impâ Flare
|join|BrendanLee is Hawt
|leave|Spark(Luxray)
|leave|MegaAmphroz
|leave|DarmaniusTan
|join|SirAArron
|leave|bruce rain
|leave|WECAMEASROMANS
|leave|MegaStarUniverse
|join|Miku Sanjo
|leave|UnBolievable
|
|move|p2a: ActiBunniFooFoo|High Jump Kick|p1a: Swampert
|-damage|p1a: Swampert|204\/403
|move|p1a: Swampert|Stealth Rock|p2a: ActiBunniFooFoo
|-sidestart|p2: BamItsRob|move: Stealth Rock
|
|-heal|p1a: Swampert|229\/403|[from] item: Leftovers
|turn|3
|leave|RyanAronhalt
|leave|Louisxd
|leave|pokemonomekop
|
|switch|p1a: Tentacruel|Tentacruel, F|363\/363
|move|p2a: ActiBunniFooFoo|High Jump Kick|p1a: Tentacruel
|-resisted|p1a: Tentacruel
|-damage|p1a: Tentacruel|254\/363
|
|-heal|p1a: Tentacruel|276\/363|[from] item: Black Sludge
|turn|4
|leave|Miku Sanjo
|leave|SirAArron
|leave|aquas0und
|leave|Samwell3
|leave|Fergulurgulurguson
|
|switch|p2a: SwampMAN|Swampert, M|403\/403
|-damage|p2a: SwampMAN|378\/403|[from] Stealth Rock
|move|p1a: Tentacruel|Scald|p2a: SwampMAN
|-damage|p2a: SwampMAN|293\/403
|-status|p2a: SwampMAN|brn
|
|-heal|p1a: Tentacruel|298\/363|[from] item: Black Sludge
|-heal|p2a: SwampMAN|318\/403 brn|[from] item: Leftovers
|-damage|p2a: SwampMAN|268\/403 brn|[from] brn
|turn|5
|leave|SergeantSwampert
|leave|spike12345
|leave|BrendanLee is Hawt
|c|âBamItsRob|k
|
|switch|p1a: Porygon2|Porygon2|373\/373
|-boost|p1a: Porygon2|spa|1|[from] ability: Download
|move|p2a: SwampMAN|Stealth Rock|p1a: Porygon2
|-sidestart|p1: Not Broken|move: Stealth Rock
|
|-heal|p2a: SwampMAN|293\/403 brn|[from] item: Leftovers
|-damage|p2a: SwampMAN|243\/403 brn|[from] brn
|turn|6
|join|StealthySceptile
|join|kratebeast
|join|get shrekked
|join|LostEtudes
|join|Omfgimsocool
|leave|kratebeast
|join|kratebeast
|leave|LostEtudes
|leave|CocaColin
|leave|gogeta478
|join|bloody luna
|join|VanilliteCone
|join|Blaqueefa
|leave|Blaqueefa
|c|âBamItsRob|hi
|join|koanater78
|join|RNGzus
|join|Wet Soaking Anus
|
|switch|p2a: FlowerPOWER|Florges, F, shiny|359\/359
|-damage|p2a: FlowerPOWER|315\/359|[from] Stealth Rock
|move|p1a: Porygon2|Tri Attack|p2a: FlowerPOWER
|-damage|p2a: FlowerPOWER|200\/359
|
|-heal|p2a: FlowerPOWER|222\/359|[from] item: Leftovers
|turn|7
|leave|Wet Soaking Anus
|
|switch|p1a: Tentacruel|Tentacruel, F|298\/363
|-damage|p1a: Tentacruel|253\/363|[from] Stealth Rock
|move|p2a: FlowerPOWER|Wish|p2a: FlowerPOWER
|
|-heal|p1a: Tentacruel|275\/363|[from] item: Black Sludge
|-heal|p2a: FlowerPOWER|244\/359|[from] item: Leftovers
|turn|8
|leave|get shrekked
|join|rtmix
|leave|koanater78
|
|move|p1a: Tentacruel|Rapid Spin|p2a: FlowerPOWER
|-damage|p2a: FlowerPOWER|236\/359
|-sideend|p1: Not Broken|Stealth Rock|[from] move: Rapid Spin|[of] p1a: Tentacruel
|move|p2a: FlowerPOWER|Aromatherapy|p2a: FlowerPOWER
|-cureteam|p2a: FlowerPOWER|[from] move: Aromatherapy
|
|-heal|p2a: FlowerPOWER|359\/359|[from] move: Wish|[wisher] FlowerPOWER
|-heal|p1a: Tentacruel|297\/363|[from] item: Black Sludge
|turn|9
|join|Samwell3
|leave|RNGzus
|leave|Ganon - Umbreon
|leave|Samwell3
|
|switch|p2a: Mumbo|Empoleon, M|372\/372
|-damage|p2a: Mumbo|349\/372|[from] Stealth Rock
|move|p1a: Tentacruel|Acid Spray|p2a: Mumbo
|-immune|p2a: Mumbo|[msg]
|
|-heal|p1a: Tentacruel|319\/363|[from] item: Black Sludge
|-heal|p2a: Mumbo|372\/372|[from] item: Leftovers
|turn|10
|leave|GameBuilder
|
|switch|p1a: Swampert|Swampert, F|229\/403
|move|p2a: Mumbo|Defog|p1a: Swampert
|-unboost|p1a: Swampert|evasion|1
|-sideend|p2: BamItsRob|Stealth Rock|[from] move: Defog|[of] p2a: Mumbo
|
|-heal|p1a: Swampert|254\/403|[from] item: Leftovers
|turn|11
|leave|ShadowKing235
|
|switch|p2a: SwampMAN|Swampert, M|243\/403
|move|p1a: Swampert|Earthquake|p2a: SwampMAN
|-damage|p2a: SwampMAN|152\/403
|
|-heal|p2a: SwampMAN|177\/403|[from] item: Leftovers
|-heal|p1a: Swampert|279\/403|[from] item: Leftovers
|turn|12
|
|switch|p1a: Porygon2|Porygon2|373\/373
|-boost|p1a: Porygon2|spa|1|[from] ability: Download
|move|p2a: SwampMAN|Scald|p1a: Porygon2
|-damage|p1a: Porygon2|322\/373
|-status|p1a: Porygon2|brn
|
|-heal|p2a: SwampMAN|202\/403|[from] item: Leftovers
|-damage|p1a: Porygon2|276\/373 brn|[from] brn
|turn|13
|leave|Omfgimsocool
|
|switch|p2a: Mumbo|Empoleon, M|372\/372
|move|p1a: Porygon2|Tri Attack|p2a: Mumbo
|-resisted|p2a: Mumbo
|-damage|p2a: Mumbo|311\/372
|
|-heal|p2a: Mumbo|334\/372|[from] item: Leftovers
|-damage|p1a: Porygon2|230\/373 brn|[from] brn
|turn|14
|
|move|p2a: Mumbo|Stealth Rock|p1a: Porygon2
|-sidestart|p1: Not Broken|move: Stealth Rock
|move|p1a: Porygon2|Thunderbolt|p2a: Mumbo
|-supereffective|p2a: Mumbo
|-damage|p2a: Mumbo|156\/372
|
|-heal|p2a: Mumbo|179\/372|[from] item: Leftovers
|-damage|p1a: Porygon2|184\/373 brn|[from] brn
|turn|15
|
|switch|p2a: Goku|Infernape, M|293\/293
|move|p1a: Porygon2|Recover|p1a: Porygon2
|-heal|p1a: Porygon2|371\/373 brn
|
|-damage|p1a: Porygon2|325\/373 brn|[from] brn
|turn|16
|
|switch|p1a: Tentacruel|Tentacruel, F|319\/363
|-damage|p1a: Tentacruel|274\/363|[from] Stealth Rock
|move|p2a: Goku|Nasty Plot|p2a: Goku
|-boost|p2a: Goku|spa|2
|
|-heal|p1a: Tentacruel|296\/363|[from] item: Black Sludge
|turn|17
|leave|rtmix
|leave|Aerial-Noivern
|leave|ChalextheGreat
|
|switch|p2a: SwampMAN|Swampert, M|202\/403
|move|p1a: Tentacruel|Rapid Spin|p2a: SwampMAN
|-crit|p2a: SwampMAN
|-damage|p2a: SwampMAN|191\/403
|-sideend|p1: Not Broken|Stealth Rock|[from] move: Rapid Spin|[of] p1a: Tentacruel
|
|-heal|p1a: Tentacruel|318\/363|[from] item: Black Sludge
|-heal|p2a: SwampMAN|216\/403|[from] item: Leftovers
|turn|18
|leave|Qorky
|
|switch|p1a: Porygon2|Porygon2|325\/373 brn
|-boost|p1a: Porygon2|spa|1|[from] ability: Download
|move|p2a: SwampMAN|Stealth Rock|p1a: Porygon2
|-sidestart|p1: Not Broken|move: Stealth Rock
|
|-heal|p2a: SwampMAN|241\/403|[from] item: Leftovers
|-damage|p1a: Porygon2|279\/373 brn|[from] brn
|turn|19
|
|switch|p2a: Mumbo|Empoleon, M|179\/372
|move|p1a: Porygon2|Tri Attack|p2a: Mumbo
|-resisted|p2a: Mumbo
|-damage|p2a: Mumbo|111\/372
|
|-heal|p2a: Mumbo|134\/372|[from] item: Leftovers
|-damage|p1a: Porygon2|233\/373 brn|[from] brn
|turn|20
|c|âBamItsRob|cannet break my core
|c|âBamItsRob|quit now
|c|âNot Broken|why do you have stealth rocks on two things
|c|âBamItsRob|do not judge me
|c|âBamItsRob|u will lose
|
|move|p1a: Porygon2|Recover|p1a: Porygon2
|-heal|p1a: Porygon2|373\/373 brn
|move|p2a: Mumbo|Scald|p1a: Porygon2
|-damage|p1a: Porygon2|303\/373 brn
|
|-heal|p2a: Mumbo|157\/372|[from] item: Leftovers
|-damage|p1a: Porygon2|257\/373 brn|[from] brn
|turn|21
|
|move|p1a: Porygon2|Thunderbolt|p2a: Mumbo
|-supereffective|p2a: Mumbo
|-damage|p2a: Mumbo|0 fnt
|faint|p2a: Mumbo
|
|-damage|p1a: Porygon2|211\/373 brn|[from] brn
|c|âNot Broken|seriously who are you
|
|switch|p2a: ActiBunniFooFoo|Lopunny-Mega, M|271\/271
|turn|22
|c|âBamItsRob|a registered sex offender
|
|switch|p1a: Florges|Florges, F|359\/359
|-damage|p1a: Florges|315\/359|[from] Stealth Rock
|move|p2a: ActiBunniFooFoo|High Jump Kick|p1a: Florges
|-resisted|p1a: Florges
|-damage|p1a: Florges|184\/359
|
|-heal|p1a: Florges|206\/359|[from] item: Leftovers
|turn|23
|
|switch|p2a: Goku|Infernape, M|293\/293
|move|p1a: Florges|Protect|p1a: Florges
|-fail|p1a: Florges
|
|-heal|p1a: Florges|228\/359|[from] item: Leftovers
|turn|24
|
|move|p2a: Goku|Nasty Plot|p2a: Goku
|-boost|p2a: Goku|spa|2
|move|p1a: Florges|Moonblast|p2a: Goku
|-damage|p2a: Goku|121\/293
|-unboost|p2a: Goku|spa|1
|
|-heal|p1a: Florges|250\/359|[from] item: Leftovers
|turn|25
|c|âBamItsRob|FCK
|
|move|p2a: Goku|Fire Blast|p1a: Florges
|-damage|p1a: Florges|58\/359
|-damage|p2a: Goku|92\/293|[from] item: Life Orb
|move|p1a: Florges|Moonblast|p2a: Goku
|-damage|p2a: Goku|0 fnt
|faint|p2a: Goku
|
|-heal|p1a: Florges|80\/359|[from] item: Leftovers
|c|âNot Broken|get wrecked sun
|
|switch|p2a: Flavor Flave|Honchkrow, M, shiny|341\/341
|turn|26
|leave|nolannnole
|c|âBamItsRob|sometimes u have to sacrifice
|c|âBamItsRob|to win!!!!
|c|âNot Broken|and out comes the threat
|c|âNot Broken|gg
|c|âBamItsRob|im srry u pleb
|c|âBamItsRob|u cannet beat my swag bird
|c|âNot Broken|I need to run speed florges
|
|move|p2a: Flavor Flave|Brave Bird|p1a: Florges
|-damage|p1a: Florges|0 fnt
|-damage|p2a: Flavor Flave|315\/341|[from] recoil|[of] p1a: Florges
|-damage|p2a: Flavor Flave|281\/341|[from] item: Life Orb
|faint|p1a: Florges
|-boost|p2a: Flavor Flave|atk|1|[from] ability: Moxie
|
|c|âNot Broken|good god
|
|switch|p1a: Swampert|Swampert, F|279\/403
|-damage|p1a: Swampert|254\/403|[from] Stealth Rock
|turn|27
|
|move|p2a: Flavor Flave|Brave Bird|p1a: Swampert
|-damage|p1a: Swampert|0 fnt
|-damage|p2a: Flavor Flave|197\/341|[from] recoil|[of] p1a: Swampert
|-damage|p2a: Flavor Flave|163\/341|[from] item: Life Orb
|faint|p1a: Swampert
|-boost|p2a: Flavor Flave|atk|1|[from] ability: Moxie
|
|c|âNot Broken|this thing is broken as hell
|c|âBamItsRob|im listening to greenday they r giving me strength
|
|switch|p1a: Tentacruel|Tentacruel, F|318\/363
|-damage|p1a: Tentacruel|273\/363|[from] Stealth Rock
|turn|28
|leave|StealthySceptile
|
|move|p2a: Flavor Flave|Brave Bird|p1a: Tentacruel
|-damage|p1a: Tentacruel|0 fnt
|-damage|p2a: Flavor Flave|73\/341|[from] recoil|[of] p1a: Tentacruel
|-damage|p2a: Flavor Flave|39\/341|[from] item: Life Orb
|faint|p1a: Tentacruel
|-boost|p2a: Flavor Flave|atk|1|[from] ability: Moxie
|
|
|switch|p1a: Porygon2|Porygon2|211\/373 brn
|-damage|p1a: Porygon2|165\/373 brn|[from] Stealth Rock
|-boost|p1a: Porygon2|spa|1|[from] ability: Download
|turn|29
|
|move|p2a: Flavor Flave|Superpower|p1a: Porygon2
|-supereffective|p1a: Porygon2
|-damage|p1a: Porygon2|0 fnt
|-unboost|p2a: Flavor Flave|atk|1
|-unboost|p2a: Flavor Flave|def|1
|-damage|p2a: Flavor Flave|5\/341|[from] item: Life Orb
|faint|p1a: Porygon2
|-boost|p2a: Flavor Flave|atk|1|[from] ability: Moxie
|
|c|âNot Broken|the power of recoil foddeur
|
|switch|p1a: Staraptor|Staraptor, M|311\/311
|-damage|p1a: Staraptor|234\/311|[from] Stealth Rock
|turn|30
|
|move|p2a: Flavor Flave|Sucker Punch|p1a: Staraptor
|-damage|p1a: Staraptor|0 fnt
|-damage|p2a: Flavor Flave|0 fnt|[from] item: Life Orb
|faint|p1a: Staraptor
|faint|p2a: Flavor Flave
|
|c|âBamItsRob|gg
|c|âBamItsRob|ur bad
|c|âNot Broken|I need to start running quick attack staraptor
|
|switch|p2a: ActiBunniFooFoo|Lopunny-Mega, M|271\/271
|switch|p1a: Beedrill|Beedrill, F|271\/271
|-damage|p1a: Beedrill|204\/271|[from] Stealth Rock
|turn|31
|c|âNot Broken|I'm not bad, honchrow is broken
|
|detailschange|p1a: Beedrill|Beedrill-Mega, F
|message|Beedrill has Mega Evolved into Mega Beedrill!
|move|p1a: Beedrill|Protect|p1a: Beedrill
|-singleturn|p1a: Beedrill|Protect
|move|p2a: ActiBunniFooFoo|Fake Out|p1a: Beedrill
|-activate|p1a: Beedrill|Protect
|
|turn|32
|c|âBamItsRob|i win
|
|move|p2a: ActiBunniFooFoo|Return|p1a: Beedrill
|-damage|p1a: Beedrill|0 fnt
|faint|p1a: Beedrill
|
|win|BamItsRob
|raw|Ladder updating...
|c|âNot Broken|gg
|c|âBamItsRob|gg
|leave|Yuttt.ttttt
|c|âBamItsRob|adamant
|leave|VeggieXerneas
|c|âBamItsRob|wtf
|raw|Not Broken's rating: 1347 &rarr; <strong>1321<\/strong><br \/>(-26 for losing)
|raw|BamItsRob's rating: 1233 &rarr; <strong>1266<\/strong><br \/>(+33 for winning)
|c|âNot Broken|that's normal
|leave|nuclearsquirrel
|c|âBamItsRob|no
|leave|Para Hacks
|c|âBamItsRob|adamant is for lil fgts
|leave|VanilliteCone
|c|âBamItsRob|who think theyre fast
|c|âNot Broken|na, it's speed is already too good
|c|âNot Broken|better for powe
|c|âNot Broken|r
|c|âBamItsRob|ok
|leave|SnowyCastform
|c|âBamItsRob|actually adamant is faster then gren still
|c|âBamItsRob|lol
|c|âNot Broken|yeah
|c|âBamItsRob|alright gg man
|c|âBamItsRob|was jk tho srry
|c|âNot Broken|good game
|c|âNot Broken|what's your youtube username?
|leave|BamItsRob
|player|p2
|leave|Not Broken
|player|p1
|leave|CronaxKid
|leave|DeadlyRabbit
|leave|boonlocks
|leave|octopuses
|leave|bloody luna
|join|Not Broken
|leave|Not Broken
|leave|Savage_hr
|leave|kratebeast
|leave|Torkyo
|leave|Koki