|join|Cookielot
|join|BamItsRob
|player|p1|Cookielot|274
|player|p2|BamItsRob|17
|gametype|singles
|gen|6
|tier|UU
|rated
|rule|Sleep Clause Mod: Limit one foe put to sleep
|rule|Species Clause: Limit one of each PokÃ©mon
|rule|OHKO Clause: OHKO moves are banned
|rule|Moody Clause: Moody is banned
|rule|Evasion Moves Clause: Evasion moves are banned
|rule|Endless Battle Clause: Forcing endless battles is banned
|rule|HP Percentage Mod: HP is shown in percentages
|clearpoke
|poke|p1|Lucario, F, shiny
|poke|p1|Jellicent, M
|poke|p1|Flygon, F, shiny
|poke|p1|Arcanine, M
|poke|p1|Raikou, shiny
|poke|p1|Espeon, F
|poke|p2|Lucario, M
|poke|p2|Swampert, M
|poke|p2|Beedrill, M
|poke|p2|Hydreigon, M
|poke|p2|Florges, F
|poke|p2|Mienshao, F, shiny
|rule|Swagger Clause: Swagger is banned
|rule|Baton Pass Clause: Limit one PokÃ©mon knowing Baton Pass
|teampreview
|
|start
|switch|p1a: Raikou|Raikou, shiny|321\/321
|switch|p2a: Beedrillin|Beedrill, M|271\/271
|-ability|p1a: Raikou|Pressure
|turn|1
|join|crappypatty
|
|switch|p1a: Arcanine|Arcanine, M|383\/383
|-ability|p1a: Arcanine|Intimidate|[of] p2a: Beedrillin
|-unboost|p2a: Beedrillin|atk|1
|detailschange|p2a: Beedrillin|Beedrill-Mega, M
|-mega|p2a: Beedrillin|Beedrill|Beedrillite
|move|p2a: Beedrillin|Protect|p2a: Beedrillin
|-fail|p2a: Beedrillin
|
|turn|2
|
|move|p1a: Arcanine|Extreme Speed|p2a: Beedrillin
|-damage|p2a: Beedrillin|0 fnt
|faint|p2a: Beedrillin
|
|c|âCookielot|lol ohko
|
|switch|p2a: Blob|Swampert, M|404\/404
|turn|3
|
|switch|p1a: Jellicent|Jellicent, M|403\/403
|move|p2a: Blob|Earthquake|p1a: Jellicent
|-damage|p1a: Jellicent|232\/403
|
|turn|4
|
|move|p1a: Jellicent|Will-O-Wisp|p2a: Blob|[miss]
|-miss|p1a: Jellicent|p2a: Blob
|move|p2a: Blob|Stealth Rock|p1a: Jellicent
|-sidestart|p1: Cookielot|move: Stealth Rock
|
|turn|5
|
|move|p1a: Jellicent|Will-O-Wisp|p2a: Blob
|-status|p2a: Blob|brn
|move|p2a: Blob|Earthquake|p1a: Jellicent
|-damage|p1a: Jellicent|151\/403
|
|-damage|p2a: Blob|354\/404 brn|[from] brn
|turn|6
|
|switch|p2a: Cerberus|Hydreigon, M|325\/325
|move|p1a: Jellicent|Recover|p1a: Jellicent
|-heal|p1a: Jellicent|353\/403
|
|turn|7
|
|move|p2a: Cerberus|Dark Pulse|p1a: Jellicent
|-supereffective|p1a: Jellicent
|-damage|p1a: Jellicent|80\/403
|-damage|p2a: Cerberus|293\/325|[from] item: Life Orb
|move|p1a: Jellicent|Scald|p2a: Cerberus
|-resisted|p2a: Cerberus
|-damage|p2a: Cerberus|247\/325
|
|turn|8
|
|switch|p1a: Lucario|Lucario, F, shiny|281\/281
|-damage|p1a: Lucario|273\/281|[from] Stealth Rock
|move|p2a: Cerberus|Dark Pulse|p1a: Lucario
|-resisted|p1a: Lucario
|-damage|p1a: Lucario|152\/281
|-damage|p2a: Cerberus|215\/325|[from] item: Life Orb
|
|turn|9
|
|move|p1a: Lucario|Vacuum Wave|p2a: Cerberus
|-supereffective|p2a: Cerberus
|-damage|p2a: Cerberus|0 fnt
|faint|p2a: Cerberus
|
|
|switch|p2a: Oli|Mienshao, F, shiny|271\/271
|turn|10
|
|switch|p1a: Arcanine|Arcanine, M|383\/383
|-damage|p1a: Arcanine|288\/383|[from] Stealth Rock
|-ability|p1a: Arcanine|Intimidate|[of] p2a: Oli
|-unboost|p2a: Oli|atk|1
|move|p2a: Oli|U-turn|p1a: Arcanine
|-crit|p1a: Arcanine
|-resisted|p1a: Arcanine
|-damage|p1a: Arcanine|212\/383
|
|switch|p2a: Blob|Swampert, M|354\/404 brn
|
|-heal|p2a: Blob|379\/404 brn|[from] item: Leftovers
|-damage|p2a: Blob|329\/404 brn|[from] brn
|turn|11
|
|switch|p1a: Flygon|Flygon, F, shiny|364\/364
|-damage|p1a: Flygon|342\/364|[from] Stealth Rock
|move|p2a: Blob|Earthquake|p1a: Flygon
|-immune|p1a: Flygon|[msg]
|
|-heal|p1a: Flygon|364\/364|[from] item: Leftovers
|-heal|p2a: Blob|354\/404 brn|[from] item: Leftovers
|-damage|p2a: Blob|304\/404 brn|[from] brn
|turn|12
|
|move|p1a: Flygon|Defog|p2a: Blob
|-unboost|p2a: Blob|evasion|1
|-sideend|p1: Cookielot|Stealth Rock|[from] move: Defog|[of] p1a: Flygon
|move|p2a: Blob|Scald|p1a: Flygon
|-damage|p1a: Flygon|273\/364
|-status|p1a: Flygon|brn
|
|-heal|p1a: Flygon|295\/364 brn|[from] item: Leftovers
|-heal|p2a: Blob|329\/404 brn|[from] item: Leftovers
|-damage|p1a: Flygon|250\/364 brn|[from] brn
|-damage|p2a: Blob|279\/404 brn|[from] brn
|turn|13
|
|switch|p2a: Oli|Mienshao, F, shiny|271\/271
|move|p1a: Flygon|Earthquake|p2a: Oli
|-damage|p2a: Oli|177\/271
|
|-heal|p1a: Flygon|272\/364 brn|[from] item: Leftovers
|-damage|p1a: Flygon|227\/364 brn|[from] brn
|turn|14
|
|move|p2a: Oli|Knock Off|p1a: Flygon
|-damage|p1a: Flygon|115\/364 brn
|-enditem|p1a: Flygon|Leftovers|[from] move: Knock Off|[of] p2a: Oli
|move|p1a: Flygon|Roost|p1a: Flygon
|-heal|p1a: Flygon|297\/364 brn
|
|-damage|p1a: Flygon|252\/364 brn|[from] brn
|turn|15
|
|move|p2a: Oli|Knock Off|p1a: Flygon
|-damage|p1a: Flygon|186\/364 brn
|move|p1a: Flygon|Roost|p1a: Flygon
|-heal|p1a: Flygon|364\/364 brn
|
|-damage|p1a: Flygon|319\/364 brn|[from] brn
|turn|16
|
|switch|p2a: Luna|Florges, F|360\/360
|move|p1a: Flygon|Earthquake|p2a: Luna
|-damage|p2a: Luna|303\/360
|
|-heal|p2a: Luna|325\/360|[from] item: Leftovers
|-damage|p1a: Flygon|274\/364 brn|[from] brn
|turn|17
|
|move|p1a: Flygon|U-turn|p2a: Luna
|-resisted|p2a: Luna
|-damage|p2a: Luna|311\/360
|
|switch|p1a: Lucario|Lucario, F, shiny|152\/281
|move|p2a: Luna|Aromatherapy|p2a: Luna
|-cureteam|p2a: Luna|[from] move: Aromatherapy
|
|-heal|p2a: Luna|333\/360|[from] item: Leftovers
|turn|18
|
|move|p1a: Lucario|Flash Cannon|p2a: Luna
|-supereffective|p2a: Luna
|-damage|p2a: Luna|63\/360
|move|p2a: Luna|Moonblast|p1a: Lucario
|-damage|p1a: Lucario|0 fnt
|faint|p1a: Lucario
|
|-heal|p2a: Luna|85\/360|[from] item: Leftovers
|
|switch|p1a: Arcanine|Arcanine, M|212\/383
|-ability|p1a: Arcanine|Intimidate|[of] p2a: Luna
|-unboost|p2a: Luna|atk|1
|turn|19
|
|move|p2a: Luna|Protect|p2a: Luna
|-singleturn|p2a: Luna|Protect
|move|p1a: Arcanine|Extreme Speed|p2a: Luna
|-activate|p2a: Luna|Protect
|
|-heal|p2a: Luna|107\/360|[from] item: Leftovers
|turn|20
|
|switch|p2a: Blob|Swampert, M|279\/404
|move|p1a: Arcanine|Extreme Speed|p2a: Blob
|-damage|p2a: Blob|173\/404
|
|-heal|p2a: Blob|198\/404|[from] item: Leftovers
|turn|21
|
|switch|p1a: Jellicent|Jellicent, M|80\/403
|move|p2a: Blob|Earthquake|p1a: Jellicent
|-damage|p1a: Jellicent|0 fnt
|faint|p1a: Jellicent
|
|-heal|p2a: Blob|223\/404|[from] item: Leftovers
|
|switch|p1a: Espeon|Espeon, F|334\/334
|turn|22
|
|move|p1a: Espeon|Wish|p1a: Espeon
|move|p2a: Blob|Earthquake|p1a: Espeon
|-damage|p1a: Espeon|156\/334
|
|-heal|p1a: Espeon|176\/334|[from] item: Leftovers
|-heal|p2a: Blob|248\/404|[from] item: Leftovers
|turn|23
|
|switch|p2a: Luna|Florges, F|107\/360
|move|p1a: Espeon|Psyshock|p2a: Luna
|-damage|p2a: Luna|4\/360
|
|-heal|p1a: Espeon|334\/334|[from] move: Wish|[wisher] Espeon
|-heal|p2a: Luna|26\/360|[from] item: Leftovers
|turn|24
|
|move|p2a: Luna|Protect|p2a: Luna
|-singleturn|p2a: Luna|Protect
|move|p1a: Espeon|Psyshock|p2a: Luna
|-activate|p2a: Luna|Protect
|
|-heal|p2a: Luna|48\/360|[from] item: Leftovers
|turn|25
|
|move|p1a: Espeon|Psyshock|p2a: Luna
|-damage|p2a: Luna|0 fnt
|faint|p2a: Luna
|
|
|switch|p2a: Oli|Mienshao, F, shiny|267\/271
|turn|26
|
|switch|p1a: Flygon|Flygon, F, shiny|274\/364 brn
|move|p2a: Oli|U-turn|p1a: Flygon
|-damage|p1a: Flygon|194\/364 brn
|
|switch|p2a: Starfox|Lucario, M|281\/281
|
|-damage|p1a: Flygon|149\/364 brn|[from] brn
|turn|27
|
|move|p2a: Starfox|Ice Punch|p1a: Flygon
|-supereffective|p1a: Flygon
|-damage|p1a: Flygon|0 fnt
|-damage|p2a: Starfox|253\/281|[from] item: Life Orb
|faint|p1a: Flygon
|
|
|switch|p1a: Raikou|Raikou, shiny|321\/321
|-ability|p1a: Raikou|Pressure
|turn|28
|
|switch|p2a: Blob|Swampert, M|248\/404
|move|p1a: Raikou|Aura Sphere|p2a: Blob
|-damage|p2a: Blob|148\/404
|
|-heal|p2a: Blob|173\/404|[from] item: Leftovers
|turn|29
|
|switch|p1a: Espeon|Espeon, F|334\/334
|move|p2a: Blob|Earthquake|p1a: Espeon
|-damage|p1a: Espeon|127\/334
|
|-heal|p1a: Espeon|147\/334|[from] item: Leftovers
|-heal|p2a: Blob|198\/404|[from] item: Leftovers
|turn|30
|
|move|p1a: Espeon|Wish|p1a: Espeon
|move|p2a: Blob|Earthquake|p1a: Espeon
|-damage|p1a: Espeon|0 fnt
|faint|p1a: Espeon
|
|-heal|p2a: Blob|223\/404|[from] item: Leftovers
|
|switch|p1a: Arcanine|Arcanine, M|212\/383
|-ability|p1a: Arcanine|Intimidate|[of] p2a: Blob
|-unboost|p2a: Blob|atk|1
|turn|31
|
|switch|p2a: Starfox|Lucario, M|253\/281
|move|p1a: Arcanine|Close Combat|p2a: Starfox
|-supereffective|p2a: Starfox
|-damage|p2a: Starfox|0 fnt
|-unboost|p1a: Arcanine|def|1
|-unboost|p1a: Arcanine|spd|1
|faint|p2a: Starfox
|
|-heal|p1a: Arcanine|379\/383|[from] move: Wish|[wisher] Espeon
|
|switch|p2a: Oli|Mienshao, F, shiny|271\/271
|turn|32
|
|switch|p1a: Raikou|Raikou, shiny|321\/321
|-ability|p1a: Raikou|Pressure
|move|p2a: Oli|High Jump Kick|p1a: Raikou|[miss]
|-miss|p2a: Oli|p1a: Raikou
|-damage|p2a: Oli|136\/271|[from] highjumpkick
|
|turn|33
|
|move|p2a: Oli|High Jump Kick|p1a: Raikou
|-damage|p1a: Raikou|23\/321
|move|p1a: Raikou|Aura Sphere|p2a: Oli
|-damage|p2a: Oli|4\/271
|
|turn|34
|c|âBamItsRob|!!!!!!1
|
|move|p2a: Oli|High Jump Kick|p1a: Raikou
|-damage|p1a: Raikou|0 fnt
|faint|p1a: Raikou
|
|
|switch|p1a: Arcanine|Arcanine, M|379\/383
|-ability|p1a: Arcanine|Intimidate|[of] p2a: Oli
|-unboost|p2a: Oli|atk|1
|turn|35
|
|move|p2a: Oli|High Jump Kick|p1a: Arcanine
|-damage|p1a: Arcanine|189\/383
|move|p1a: Arcanine|Close Combat|p2a: Oli
|-damage|p2a: Oli|0 fnt
|-unboost|p1a: Arcanine|def|1
|-unboost|p1a: Arcanine|spd|1
|faint|p2a: Oli
|
|
|switch|p2a: Blob|Swampert, M|223\/404
|turn|36
|
|move|p1a: Arcanine|Close Combat|p2a: Blob
|-crit|p2a: Blob
|-damage|p2a: Blob|0 fnt
|-unboost|p1a: Arcanine|def|1
|-unboost|p1a: Arcanine|spd|1
|faint|p2a: Blob
|
|win|Cookielot
|raw|Ladder updating...
|c|âBamItsRob|wowowowowwo
|raw|Cookielot's rating: 1273 &rarr; <strong>1294<\/strong><br \/>(+21 for winning)
|raw|BamItsRob's rating: 1228 &rarr; <strong>1206<\/strong><br \/>(-22 for losing)
|c|âCookielot|gg
|c|âBamItsRob|:\/
|c|âCookielot|wow
|c|âBamItsRob|nope
|leave|crappypatty
|leave|Cookielot
|player|p1