|join|zen95
|join|sarrodar
|player|p1|zen95|265
|player|p2|sarrodar|121
|gametype|singles
|gen|6
|tier|UU
|rated
|clearpoke
|poke|p1|Uxie
|poke|p1|Heracross, M
|poke|p1|Whimsicott, M
|poke|p1|Linoone, F
|poke|p1|Gorebyss, F
|poke|p1|Victini
|poke|p2|Victreebel, M
|poke|p2|Houndoom, M
|poke|p2|Arcanine, M
|poke|p2|Leafeon, F
|poke|p2|Nidoking, M
|poke|p2|Mew
|rule|Sleep Clause Mod: Limit one foe put to sleep
|rule|Species Clause: Limit one of each Pokemon
|rule|OHKO Clause: OHKO moves are banned
|rule|Moody Clause: Moody is banned
|rule|Evasion Moves Clause: Evasion moves are banned
|rule|Endless Battle Clause: Forcing endless battles is banned.
|rule|HP Percentage Mod: HP is reported as percentages
|teampreview
|
|start
|switch|p1a: Whimsicott|Whimsicott, M|324\/324
|switch|p2a: Arcanine|Arcanine, M|384\/384
|-ability|p2a: Arcanine|Intimidate|[of] p1a: Whimsicott
|-unboost|p1a: Whimsicott|atk|1
|turn|1
|
|switch|p1a: Uxie|Uxie|354\/354
|move|p2a: Arcanine|Flare Blitz|p1a: Uxie
|-damage|p1a: Uxie|225\/354
|-damage|p2a: Arcanine|341\/384|[from] recoil|[of] p1a: Uxie
|
|turn|2
|
|move|p1a: Uxie|Reflect|p1a: Uxie
|-sidestart|p1: zen95|Reflect
|move|p2a: Arcanine|Sunny Day|p2a: Arcanine
|-weather|SunnyDay
|
|-weather|SunnyDay|[upkeep]
|turn|3
|
|switch|p2a: Houndoom|Houndoom, M|292\/292
|move|p1a: Uxie|Stealth Rock|p2a: Houndoom
|-sidestart|p2: sarrodar|move: Stealth Rock
|
|-weather|SunnyDay|[upkeep]
|turn|4
|
|-formechange|p2a: Houndoom|Houndoom-Mega
|message|Houndoom has Mega Evolved into Mega Houndoom!
|move|p1a: Uxie|Light Screen|p1a: Uxie
|-sidestart|p1: zen95|move: Light Screen
|move|p2a: Houndoom|Nasty Plot|p2a: Houndoom
|-boost|p2a: Houndoom|spa|2
|
|-weather|SunnyDay|[upkeep]
|-damage|p2a: Houndoom|256\/292|[from] ability: Solar Power
|turn|5
|
|move|p2a: Houndoom|Dark Pulse|p1a: Uxie
|-supereffective|p1a: Uxie
|-damage|p1a: Uxie|0 fnt
|faint|p1a: Uxie
|
|-weather|SunnyDay|[upkeep]
|-damage|p2a: Houndoom|220\/292|[from] ability: Solar Power
|
|switch|p1a: Whimsicott|Whimsicott, M|324\/324
|turn|6
|
|move|p1a: Whimsicott|Memento|p2a: Houndoom
|-unboost|p2a: Houndoom|atk|2
|-unboost|p2a: Houndoom|spa|2
|faint|p1a: Whimsicott
|move|p2a: Houndoom|Flamethrower|p1: Whimsicott|[notarget]
|-notarget
|
|-weather|SunnyDay|[upkeep]
|-damage|p2a: Houndoom|184\/292|[from] ability: Solar Power
|
|switch|p1a: Linoone|Linoone, F|360\/360
|turn|7
|
|move|p2a: Houndoom|Flamethrower|p1a: Linoone
|-damage|p1a: Linoone|100\/360
|-enditem|p1a: Linoone|Sitrus Berry|[eat]
|-heal|p1a: Linoone|190\/360|[from] item: Sitrus Berry
|move|p1a: Linoone|Belly Drum|p1a: Linoone
|-damage|p1a: Linoone|10\/360
|-setboost|p1a: Linoone|atk|6|[from] move: Belly Drum
|
|-weather|SunnyDay|[upkeep]
|-damage|p2a: Houndoom|148\/292|[from] ability: Solar Power
|turn|8
|
|switch|p2a: Leafeon|Leafeon, F|334\/334
|-damage|p2a: Leafeon|293\/334|[from] Stealth Rock
|move|p1a: Linoone|Extreme Speed|p2a: Leafeon
|-damage|p2a: Leafeon|0 fnt
|faint|p2a: Leafeon
|
|-weather|SunnyDay|[upkeep]
|
|switch|p2a: Arcanine|Arcanine, M|341\/384
|-damage|p2a: Arcanine|245\/384|[from] Stealth Rock
|-ability|p2a: Arcanine|Intimidate|[of] p1a: Linoone
|-unboost|p1a: Linoone|atk|1
|turn|9
|
|move|p1a: Linoone|Extreme Speed|p2a: Arcanine
|-damage|p2a: Arcanine|0 fnt
|faint|p2a: Arcanine
|
|-weather|none
|-sideend|p1: zen95|Reflect
|
|switch|p2a: Mew|Mew|404\/404
|-damage|p2a: Mew|354\/404|[from] Stealth Rock
|turn|10
|
|move|p1a: Linoone|Shadow Claw|p2a: Mew
|-supereffective|p2a: Mew
|-damage|p2a: Mew|0 fnt
|faint|p2a: Mew
|
|
|switch|p2a: Nidoking|Nidoking, M|304\/304
|-damage|p2a: Nidoking|285\/304|[from] Stealth Rock
|turn|11
|
|move|p1a: Linoone|Extreme Speed|p2a: Nidoking
|-damage|p2a: Nidoking|0 fnt
|faint|p2a: Nidoking
|
|-sideend|p1: zen95|move: Light Screen
|chat|sarrodar|that sweep :P
|
|switch|p2a: Victreebel|Victreebel, M|302\/302
|-damage|p2a: Victreebel|265\/302|[from] Stealth Rock
|turn|12
|chat|zen95|:P
|
|move|p1a: Linoone|Extreme Speed|p2a: Victreebel
|-damage|p2a: Victreebel|0 fnt
|faint|p2a: Victreebel
|
|
|switch|p2a: Houndoom|Houndoom, M|148\/292
|-formechange|p2a: Houndoom|Houndoom-Mega
|-damage|p2a: Houndoom|75\/292|[from] Stealth Rock
|turn|13
|
|move|p1a: Linoone|Extreme Speed|p2a: Houndoom
|-damage|p2a: Houndoom|0 fnt
|faint|p2a: Houndoom
|
|win|zen95
|raw|Ladder updating...
|chat|zen95|gg
|raw|zen95's rating: 1380 &rarr; <strong>1395<\/strong><br \/>(+15 for winning)
|raw|sarrodar's rating: 1287 &rarr; <strong>1268<\/strong><br \/>(-19 for losing)
|chat|sarrodar|gg 