|join|sarrodar
|join|MakrilliSF
|player|p1|sarrodar|121
|player|p2|MakrilliSF|92
|gametype|singles
|gen|6
|tier|UU
|rated
|rule|Sleep Clause Mod: Limit one foe put to sleep
|rule|Species Clause: Limit one of each Pokemon
|rule|OHKO Clause: OHKO moves are banned
|rule|Moody Clause: Moody is banned
|rule|Evasion Moves Clause: Evasion moves are banned
|rule|Endless Battle Clause: Forcing endless battles is banned.
|rule|HP Percentage Mod: HP is reported as percentages
|clearpoke
|poke|p1|Heracross, M
|poke|p1|Roserade, M
|poke|p1|Tyrantrum, F
|poke|p1|Nidoking, M
|poke|p1|Sceptile, M
|poke|p1|Beheeyem, F
|poke|p2|Swampert, M
|poke|p2|Heracross, M
|poke|p2|Roserade, M
|poke|p2|Jolteon, F
|poke|p2|Umbreon, M
|poke|p2|Weezing, F
|teampreview
|
|start
|switch|p1a: Sceptile|Sceptile, M|282\/282
|switch|p2a: Swampert|Swampert, M|393\/393
|turn|1
|
|switch|p2a: Jolteon|Jolteon, F|272\/272
|move|p1a: Sceptile|Leaf Blade|p2a: Jolteon
|-damage|p2a: Jolteon|67\/272
|
|turn|2
|
|switch|p1a: Nidoking|Nidoking, M|304\/304
|move|p2a: Jolteon|Hidden Power|p1a: Nidoking
|-supereffective|p1a: Nidoking
|-damage|p1a: Nidoking|42\/304
|
|turn|3
|
|move|p1a: Nidoking|Sucker Punch|p2a: Jolteon
|-damage|p2a: Jolteon|0 fnt
|-damage|p1a: Nidoking|12\/304|[from] item: Life Orb
|faint|p2a: Jolteon
|
|
|switch|p2a: Weezing|Weezing, F|334\/334
|turn|4
|
|switch|p1a: Roserade|Roserade, M|261\/261
|move|p2a: Weezing|Will-O-Wisp|p1a: Roserade
|-status|p1a: Roserade|brn
|
|-damage|p1a: Roserade|229\/261 brn|[from] brn
|turn|5
|
|move|p1a: Roserade|Extrasensory|p2a: Weezing
|-supereffective|p2a: Weezing
|-damage|p2a: Weezing|36\/334
|move|p2a: Weezing|Flamethrower|p1a: Roserade
|-supereffective|p1a: Roserade
|-damage|p1a: Roserade|107\/261 brn
|
|-heal|p2a: Weezing|56\/334|[from] item: Black Sludge
|-damage|p1a: Roserade|75\/261 brn|[from] brn
|turn|6
|
|switch|p2a: Umbreon|Umbreon, M|394\/394
|move|p1a: Roserade|Sludge Bomb|p2a: Umbreon
|-damage|p2a: Umbreon|295\/394
|
|-heal|p2a: Umbreon|319\/394|[from] item: Leftovers
|-damage|p1a: Roserade|43\/261 brn|[from] brn
|turn|7
|
|switch|p1a: Tyrantrum|Tyrantrum, F|306\/306
|move|p2a: Umbreon|Foul Play|p1a: Tyrantrum
|-damage|p1a: Tyrantrum|149\/306
|
|-heal|p2a: Umbreon|343\/394|[from] item: Leftovers
|turn|8
|
|move|p1a: Tyrantrum|Stone Edge|p2a: Umbreon|[miss]
|-miss|p1a: Tyrantrum|p2a: Umbreon
|move|p2a: Umbreon|Foul Play|p1a: Tyrantrum
|-damage|p1a: Tyrantrum|8\/306
|
|-heal|p2a: Umbreon|367\/394|[from] item: Leftovers
|turn|9
|
|move|p1a: Tyrantrum|Stone Edge|p2a: Umbreon
|-damage|p2a: Umbreon|181\/394
|move|p2a: Umbreon|Foul Play|p1a: Tyrantrum
|-damage|p1a: Tyrantrum|0 fnt
|faint|p1a: Tyrantrum
|
|-heal|p2a: Umbreon|205\/394|[from] item: Leftovers
|
|switch|p1a: Heracross|Heracross, M|302\/302
|turn|10
|
|move|p2a: Umbreon|Protect|p2a: Umbreon
|-singleturn|p2a: Umbreon|Protect
|move|p1a: Heracross|Close Combat|p2a: Umbreon
|-activate|p2a: Umbreon|Protect
|
|-heal|p2a: Umbreon|229\/394|[from] item: Leftovers
|turn|11
|
|switch|p1a: Sceptile|Sceptile, M|282\/282
|switch|p2a: Weezing|Weezing, F|56\/334
|
|-heal|p2a: Weezing|76\/334|[from] item: Black Sludge
|turn|12
|
|move|p1a: Sceptile|Hone Claws|p1a: Sceptile
|-boost|p1a: Sceptile|atk|1
|-boost|p1a: Sceptile|accuracy|1
|move|p2a: Weezing|Sludge Bomb|p1a: Sceptile
|-supereffective|p1a: Sceptile
|-damage|p1a: Sceptile|52\/282
|-status|p1a: Sceptile|psn
|-enditem|p1a: Sceptile|Sitrus Berry|[eat]
|-heal|p1a: Sceptile|122\/282 psn|[from] item: Sitrus Berry
|
|-heal|p2a: Weezing|96\/334|[from] item: Black Sludge
|-damage|p1a: Sceptile|87\/282 psn|[from] psn
|turn|13
|
|move|p1a: Sceptile|Acrobatics|p2a: Weezing
|-crit|p2a: Weezing
|-damage|p2a: Weezing|0 fnt
|faint|p2a: Weezing
|
|-damage|p1a: Sceptile|52\/282 psn|[from] psn
|
|switch|p2a: Umbreon|Umbreon, M|229\/394
|turn|14
|
|move|p1a: Sceptile|Leaf Blade|p2a: Umbreon
|-damage|p2a: Umbreon|40\/394
|move|p2a: Umbreon|Foul Play|p1a: Sceptile
|-damage|p1a: Sceptile|0 fnt
|faint|p1a: Sceptile
|
|-heal|p2a: Umbreon|64\/394|[from] item: Leftovers
|
|switch|p1a: Heracross|Heracross, M|302\/302
|turn|15
|
|move|p2a: Umbreon|Protect|p2a: Umbreon
|-singleturn|p2a: Umbreon|Protect
|move|p1a: Heracross|Close Combat|p2a: Umbreon
|-activate|p2a: Umbreon|Protect
|
|-heal|p2a: Umbreon|88\/394|[from] item: Leftovers
|turn|16
|
|switch|p2a: Roserade|Roserade, M|262\/262
|move|p1a: Heracross|Close Combat|p2a: Roserade
|-resisted|p2a: Roserade
|-damage|p2a: Roserade|127\/262
|-unboost|p1a: Heracross|def|1
|-unboost|p1a: Heracross|spd|1
|
|turn|17
|
|move|p1a: Heracross|Close Combat|p2a: Roserade
|-resisted|p2a: Roserade
|-damage|p2a: Roserade|0 fnt
|-unboost|p1a: Heracross|def|1
|-unboost|p1a: Heracross|spd|1
|faint|p2a: Roserade
|-boost|p1a: Heracross|atk|1|[from] ability: Moxie
|
|
|switch|p2a: Swampert|Swampert, M|393\/393
|turn|18
|
|switch|p1a: Roserade|Roserade, M|43\/261 brn
|move|p2a: Swampert|Ice Punch|p1a: Roserade
|-supereffective|p1a: Roserade
|-damage|p1a: Roserade|0 fnt
|faint|p1a: Roserade
|
|
|switch|p1a: Beheeyem|Beheeyem, F|354\/354
|turn|19
|
|move|p2a: Swampert|Ice Punch|p1a: Beheeyem
|-damage|p1a: Beheeyem|183\/354
|move|p1a: Beheeyem|Energy Ball|p2a: Swampert
|-supereffective|p2a: Swampert
|-damage|p2a: Swampert|0 fnt
|faint|p2a: Swampert
|
|
|switch|p2a: Heracross|Heracross, M|302\/302
|turn|20
|
|switch|p1a: Nidoking|Nidoking, M|12\/304
|move|p2a: Heracross|Earthquake|p1a: Nidoking
|-supereffective|p1a: Nidoking
|-damage|p1a: Nidoking|0 fnt
|faint|p1a: Nidoking
|-boost|p2a: Heracross|atk|1|[from] ability: Moxie
|
|
|switch|p1a: Heracross|Heracross, M|302\/302
|turn|21
|
|move|p1a: Heracross|Close Combat|p2a: Heracross
|-resisted|p2a: Heracross
|-damage|p2a: Heracross|162\/302
|-unboost|p1a: Heracross|def|1
|-unboost|p1a: Heracross|spd|1
|move|p2a: Heracross|Earthquake|p1a: Heracross
|-resisted|p1a: Heracross
|-damage|p1a: Heracross|130\/302
|
|turn|22
|
|switch|p1a: Beheeyem|Beheeyem, F|183\/354
|move|p2a: Heracross|Earthquake|p1a: Beheeyem
|-damage|p1a: Beheeyem|0 fnt
|faint|p1a: Beheeyem
|-boost|p2a: Heracross|atk|1|[from] ability: Moxie
|
|
|switch|p1a: Heracross|Heracross, M|130\/302
|turn|23
|
|move|p1a: Heracross|Stone Edge|p2a: Heracross
|-damage|p2a: Heracross|13\/302
|move|p2a: Heracross|Earthquake|p1a: Heracross
|-resisted|p1a: Heracross
|-damage|p1a: Heracross|0 fnt
|faint|p1a: Heracross
|-boost|p2a: Heracross|atk|1|[from] ability: Moxie
|
|win|MakrilliSF
|raw|Ladder updating...
|raw|sarrodar's rating: 1265 &rarr; <strong>1230<\/strong><br \/>(-35 for losing)
|raw|MakrilliSF's rating: 1108 &rarr; <strong>1144<\/strong><br \/>(+36 for winning)
|chat|MakrilliSF|gg