|join|sarrodar
|join|Dennis3.142
|player|p1|sarrodar|121
|player|p2|Dennis3.142|126
|gametype|singles
|gen|6
|tier|UU
|rated
|rule|Sleep Clause Mod: Limit one foe put to sleep
|rule|Species Clause: Limit one of each Pokemon
|rule|OHKO Clause: OHKO moves are banned
|rule|Moody Clause: Moody is banned
|rule|Evasion Moves Clause: Evasion moves are banned
|rule|Endless Battle Clause: Forcing endless battles is banned.
|rule|HP Percentage Mod: HP is reported as percentages
|clearpoke
|poke|p1|Gardevoir, M
|poke|p1|Ninjask, F
|poke|p1|Sigilyph, M
|poke|p1|Vaporeon, M
|poke|p1|Glaceon, M
|poke|p1|Musharna, F
|poke|p2|Mienshao, F
|poke|p2|Darmanitan, M
|poke|p2|Klefki, F
|poke|p2|Jirachi
|poke|p2|Victini
|poke|p2|Cloyster, M
|teampreview
|
|start
|switch|p1a: Ninjask|Ninjask, F|326\/326
|switch|p2a: Klefki|Klefki, F|257\/257
|turn|1
|
|move|p2a: Klefki|Switcheroo|p1a: Ninjask
|-activate|p2a: Klefki|move: Trick|[of] p1a: Ninjask
|-item|p1a: Ninjask|Choice Specs|[from] Trick
|-item|p2a: Klefki|Leftovers|[from] Trick
|move|p1a: Ninjask|Substitute|p1a: Ninjask
|-start|p1a: Ninjask|Substitute
|-damage|p1a: Ninjask|245\/326
|
|-boost|p1a: Ninjask|spe|1|[from] ability: Speed Boost
|turn|2
|
|switch|p1a: Sigilyph|Sigilyph, M|348\/348
|move|p2a: Klefki|Spikes|p1a: Sigilyph
|-sidestart|p1: sarrodar|Spikes
|
|-status|p1a: Sigilyph|brn|[from] item: Flame Orb
|turn|3
|
|switch|p2a: Darmanitan|Darmanitan, M|352\/352
|move|p1a: Sigilyph|Cosmic Power|p1a: Sigilyph
|-boost|p1a: Sigilyph|def|1
|-boost|p1a: Sigilyph|spd|1
|
|turn|4
|
|move|p2a: Darmanitan|Flare Blitz|p1a: Sigilyph
|-damage|p1a: Sigilyph|99\/348 brn
|-damage|p2a: Darmanitan|270\/352|[from] recoil|[of] p1a: Sigilyph
|move|p1a: Sigilyph|Roost|p1a: Sigilyph
|-heal|p1a: Sigilyph|273\/348 brn
|
|turn|5
|
|switch|p1a: Ninjask|Ninjask, F|245\/326
|move|p2a: Darmanitan|Flare Blitz|p1a: Ninjask
|-supereffective|p1a: Ninjask
|-damage|p1a: Ninjask|0 fnt
|-damage|p2a: Darmanitan|189\/352|[from] recoil|[of] p1a: Ninjask
|faint|p1a: Ninjask
|
|
|switch|p1a: Vaporeon|Vaporeon, M|464\/464
|-damage|p1a: Vaporeon|406\/464|[from] Spikes
|turn|6
|
|switch|p2a: Klefki|Klefki, F|257\/257
|move|p1a: Vaporeon|Acid Armor|p1a: Vaporeon
|-boost|p1a: Vaporeon|def|2
|
|-heal|p1a: Vaporeon|435\/464|[from] item: Leftovers
|turn|7
|
|move|p2a: Klefki|Thunder Wave|p1a: Vaporeon
|-status|p1a: Vaporeon|par
|cant|p1a: Vaporeon|par
|
|-heal|p1a: Vaporeon|464\/464 par|[from] item: Leftovers
|turn|8
|
|move|p2a: Klefki|Spikes|p1a: Vaporeon
|-sidestart|p1: sarrodar|Spikes
|move|p1a: Vaporeon|Acid Armor|p1a: Vaporeon
|-boost|p1a: Vaporeon|def|2
|
|turn|9
|
|move|p2a: Klefki|Spikes|p1a: Vaporeon
|-sidestart|p1: sarrodar|Spikes
|move|p1a: Vaporeon|Wish|p1a: Vaporeon
|
|turn|10
|
|move|p2a: Klefki|Light Screen|p2a: Klefki
|-sidestart|p2: Dennis3.142|move: Light Screen
|cant|p1a: Vaporeon|par
|
|turn|11
|
|switch|p2a: Mienshao|Mienshao, F|277\/277
|move|p1a: Vaporeon|Acid Armor|p1a: Vaporeon
|-boost|p1a: Vaporeon|def|2
|
|turn|12
|
|move|p2a: Mienshao|Knock Off|p1a: Vaporeon
|-crit|p1a: Vaporeon
|-damage|p1a: Vaporeon|99\/464 par
|-enditem|p1a: Vaporeon|Leftovers|[from] move: Knock Off|[of] p2a: Mienshao
|-damage|p2a: Mienshao|250\/277|[from] item: Life Orb
|move|p1a: Vaporeon|Scald|p2a: Mienshao
|-damage|p2a: Mienshao|172\/277
|
|turn|13
|
|move|p2a: Mienshao|U-turn|p1a: Vaporeon
|-damage|p1a: Vaporeon|52\/464 par
|-damage|p2a: Mienshao|145\/277|[from] item: Life Orb
|
|switch|p2a: Klefki|Klefki, F|257\/257
|move|p1a: Vaporeon|Wish|p1a: Vaporeon
|
|turn|14
|
|switch|p2a: Jirachi|Jirachi|341\/341
|cant|p1a: Vaporeon|par
|
|-heal|p1a: Vaporeon|284\/464 par|[from] move: Wish|[wisher] Vaporeon
|-sideend|p2: Dennis3.142|move: Light Screen
|turn|15
|
|move|p2a: Jirachi|Iron Head|p1a: Vaporeon
|-resisted|p1a: Vaporeon
|-damage|p1a: Vaporeon|261\/464 par
|move|p1a: Vaporeon|Wish|p1a: Vaporeon
|
|turn|16
|
|switch|p2a: Victini|Victini|341\/341
|cant|p1a: Vaporeon|par
|
|-heal|p1a: Vaporeon|464\/464 par|[from] move: Wish|[wisher] Vaporeon
|turn|17
|
|move|p2a: Victini|Thunder|p1a: Vaporeon
|-supereffective|p1a: Vaporeon
|-damage|p1a: Vaporeon|300\/464 par
|move|p1a: Vaporeon|Scald|p2a: Victini
|-supereffective|p2a: Victini
|-damage|p2a: Victini|143\/341
|
|turn|18
|
|move|p2a: Victini|Thunder|p1a: Vaporeon
|-supereffective|p1a: Vaporeon
|-damage|p1a: Vaporeon|136\/464 par
|cant|p1a: Vaporeon|par
|
|turn|19
|
|move|p2a: Victini|Thunder|p1a: Vaporeon|[miss]
|-miss|p2a: Victini|p1a: Vaporeon
|cant|p1a: Vaporeon|par
|
|turn|20
|
|move|p2a: Victini|Thunder|p1a: Vaporeon
|-supereffective|p1a: Vaporeon
|-damage|p1a: Vaporeon|0 fnt
|faint|p1a: Vaporeon
|
|
|switch|p1a: Musharna|Musharna, F|436\/436
|-damage|p1a: Musharna|327\/436|[from] Spikes
|turn|21
|
|move|p2a: Victini|Blue Flare|p1a: Musharna
|-damage|p1a: Musharna|108\/436
|move|p1a: Musharna|Calm Mind|p1a: Musharna
|-boost|p1a: Musharna|spa|1
|-boost|p1a: Musharna|spd|1
|
|-heal|p1a: Musharna|135\/436|[from] item: Leftovers
|turn|22
|
|move|p2a: Victini|Blue Flare|p1a: Musharna
|-damage|p1a: Musharna|0 fnt
|faint|p1a: Musharna
|
|
|switch|p1a: Gardevoir|Gardevoir, M|340\/340
|-damage|p1a: Gardevoir|255\/340|[from] Spikes
|-ability|p1a: Gardevoir|Victory Star|[from] ability: Trace|[of] p2a: Victini
|turn|23
|
|move|p2a: Victini|Blue Flare|p1a: Gardevoir
|-damage|p1a: Gardevoir|59\/340
|move|p1a: Gardevoir|Calm Mind|p1a: Gardevoir
|-boost|p1a: Gardevoir|spa|1
|-boost|p1a: Gardevoir|spd|1
|
|turn|24
|-message|sarrodar forfeited.
|
|win|Dennis3.142
|raw|Ladder updating...
|raw|sarrodar's rating: 1287 &rarr; <strong>1265<\/strong><br \/>(-22 for losing)
|raw|Dennis3.142's rating: 1324 &rarr; <strong>1342<\/strong><br \/>(+18 for winning)
|leave|sarrodar
|player|p1