|join|warrior8787
|join|sarrodar
|player|p1|warrior8787|80
|player|p2|sarrodar|121
|gametype|singles
|gen|6
|tier|UU
|rated
|rule|Sleep Clause Mod: Limit one foe put to sleep
|rule|Species Clause: Limit one of each Pokemon
|rule|OHKO Clause: OHKO moves are banned
|rule|Moody Clause: Moody is banned
|rule|Evasion Moves Clause: Evasion moves are banned
|rule|Endless Battle Clause: Forcing endless battles is banned.
|rule|HP Percentage Mod: HP is reported as percentages
|clearpoke
|poke|p1|Mienshao, F
|poke|p1|Blastoise, M
|poke|p1|Florges, F
|poke|p1|Nidoking, M
|poke|p1|Mismagius, F
|poke|p1|Metagross
|poke|p2|Victreebel, M
|poke|p2|Houndoom, F
|poke|p2|Arcanine, M
|poke|p2|Leafeon, M
|poke|p2|Nidoking, M
|poke|p2|Mew
|teampreview
|
|start
|switch|p1a: Nidoking|Nidoking, M|303\/303
|switch|p2a: Arcanine|Arcanine, M|384\/384
|-ability|p2a: Arcanine|Intimidate|[of] p1a: Nidoking
|-unboost|p1a: Nidoking|atk|1
|turn|1
|
|move|p1a: Nidoking|Earth Power|p2a: Arcanine
|-supereffective|p2a: Arcanine
|-damage|p2a: Arcanine|0 fnt
|faint|p2a: Arcanine
|
|
|switch|p2a: Mew|Mew|404\/404
|turn|2
|
|switch|p1a: Florges|Florges, F|360\/360
|move|p2a: Mew|Sunny Day|p2a: Mew
|-weather|SunnyDay
|
|-weather|SunnyDay|[upkeep]
|turn|3
|
|switch|p2a: Victreebel|Victreebel, M|302\/302
|move|p1a: Florges|Moonblast|p2a: Victreebel
|-resisted|p2a: Victreebel
|-damage|p2a: Victreebel|219\/302
|-unboost|p2a: Victreebel|spa|1
|
|-weather|SunnyDay|[upkeep]
|turn|4
|
|move|p1a: Florges|Protect|p1a: Florges
|-singleturn|p1a: Florges|Protect
|move|p2a: Victreebel|Sludge Bomb|p1a: Florges
|-activate|p1a: Florges|Protect
|
|-weather|SunnyDay|[upkeep]
|turn|5
|
|switch|p2a: Nidoking|Nidoking, M|304\/304
|switch|p1a: Metagross|Metagross|364\/364
|-item|p1a: Metagross|Air Balloon
|
|-weather|SunnyDay|[upkeep]
|turn|6
|
|move|p2a: Nidoking|Thunderbolt|p1a: Metagross
|-damage|p1a: Metagross|221\/364
|-enditem|p1a: Metagross|Air Balloon
|move|p1a: Metagross|Earthquake|p2a: Nidoking
|-supereffective|p2a: Nidoking
|-damage|p2a: Nidoking|0 fnt
|faint|p2a: Nidoking
|
|-weather|SunnyDay|[upkeep]
|
|switch|p2a: Victreebel|Victreebel, M|219\/302
|turn|7
|
|move|p2a: Victreebel|Weather Ball|p1a: Metagross
|-supereffective|p1a: Metagross
|-damage|p1a: Metagross|0 fnt
|-damage|p2a: Victreebel|189\/302|[from] item: Life Orb
|faint|p1a: Metagross
|
|-weather|SunnyDay|[upkeep]
|
|switch|p1a: Blastoise|Blastoise, M|362\/362
|turn|8
|
|move|p2a: Victreebel|Solar Beam|p1a: Blastoise|[still]
|-prepare|p2a: Victreebel|Solar Beam|p1a: Blastoise
|-anim|p2a: Victreebel|Solar Beam|p1a: Blastoise
|-supereffective|p1a: Blastoise
|-damage|p1a: Blastoise|0 fnt
|-damage|p2a: Victreebel|159\/302|[from] item: Life Orb
|faint|p1a: Blastoise
|
|-weather|SunnyDay|[upkeep]
|
|switch|p1a: Florges|Florges, F|360\/360
|turn|9
|
|move|p1a: Florges|Protect|p1a: Florges
|-singleturn|p1a: Florges|Protect
|move|p2a: Victreebel|Synthesis|p2a: Victreebel
|-heal|p2a: Victreebel|302\/302
|
|-weather|none
|turn|10
|
|switch|p2a: Mew|Mew|404\/404
|move|p1a: Florges|Moonblast|p2a: Mew
|-damage|p2a: Mew|322\/404
|-unboost|p2a: Mew|spa|1
|
|turn|11
|
|move|p2a: Mew|Sunny Day|p2a: Mew
|-weather|SunnyDay
|move|p1a: Florges|Moonblast|p2a: Mew
|-damage|p2a: Mew|226\/404
|
|-weather|SunnyDay|[upkeep]
|turn|12
|
|switch|p1a: Nidoking|Nidoking, M|303\/303
|move|p2a: Mew|Stealth Rock|p1a: Nidoking
|-sidestart|p1: warrior8787|move: Stealth Rock
|
|-weather|SunnyDay|[upkeep]
|turn|13
|
|move|p1a: Nidoking|Flamethrower|p2a: Mew
|-damage|p2a: Mew|79\/404
|move|p2a: Mew|Synthesis|p2a: Mew
|-heal|p2a: Mew|348\/404
|
|-weather|SunnyDay|[upkeep]
|turn|14
|
|switch|p2a: Houndoom|Houndoom, F|292\/292
|move|p1a: Nidoking|Sludge Wave|p2a: Houndoom
|-damage|p2a: Houndoom|0 fnt
|faint|p2a: Houndoom
|
|-weather|SunnyDay|[upkeep]
|
|switch|p2a: Victreebel|Victreebel, M|302\/302
|turn|15
|
|move|p2a: Victreebel|Solar Beam|p1a: Nidoking|[still]
|-prepare|p2a: Victreebel|Solar Beam|p1a: Nidoking
|-anim|p2a: Victreebel|Solar Beam|p1a: Nidoking
|-damage|p1a: Nidoking|7\/303
|-damage|p2a: Victreebel|272\/302|[from] item: Life Orb
|move|p1a: Nidoking|Flamethrower|p2a: Victreebel
|-supereffective|p2a: Victreebel
|-damage|p2a: Victreebel|0 fnt
|faint|p2a: Victreebel
|
|-weather|SunnyDay|[upkeep]
|
|switch|p2a: Leafeon|Leafeon, M|334\/334
|turn|16
|
|move|p2a: Leafeon|Knock Off|p1a: Nidoking
|-crit|p1a: Nidoking
|-damage|p1a: Nidoking|0 fnt
|-damage|p2a: Leafeon|301\/334|[from] item: Life Orb
|faint|p1a: Nidoking
|
|-weather|SunnyDay|[upkeep]
|
|switch|p1a: Florges|Florges, F|360\/360
|-damage|p1a: Florges|315\/360|[from] Stealth Rock
|turn|17
|
|move|p1a: Florges|Protect|p1a: Florges
|-singleturn|p1a: Florges|Protect
|move|p2a: Leafeon|Leaf Blade|p1a: Florges
|-activate|p1a: Florges|Protect
|
|-weather|SunnyDay|[upkeep]
|-heal|p1a: Florges|337\/360|[from] item: Leftovers
|turn|18
|
|move|p2a: Leafeon|Leaf Blade|p1a: Florges
|-crit|p1a: Florges
|-damage|p1a: Florges|0 fnt
|-damage|p2a: Leafeon|268\/334|[from] item: Life Orb
|faint|p1a: Florges
|
|-weather|none
|
|switch|p1a: Mienshao|Mienshao, F|271\/271
|-damage|p1a: Mienshao|255\/271|[from] Stealth Rock
|turn|19
|
|switch|p2a: Mew|Mew|348\/404
|move|p1a: Mienshao|U-turn|p2a: Mew
|-supereffective|p2a: Mew
|-damage|p2a: Mew|153\/404
|-damage|p1a: Mienshao|228\/271|[from] item: Life Orb
|
|switch|p1a: Mismagius|Mismagius, F|262\/262
|-damage|p1a: Mismagius|230\/262|[from] Stealth Rock
|
|turn|20
|
|move|p1a: Mismagius|Shadow Ball|p2a: Mew
|-supereffective|p2a: Mew
|-damage|p2a: Mew|0 fnt
|faint|p2a: Mew
|
|
|switch|p2a: Leafeon|Leafeon, M|268\/334
|turn|21
|
|move|p1a: Mismagius|Shadow Ball|p2a: Leafeon
|-damage|p2a: Leafeon|82\/334
|move|p2a: Leafeon|Knock Off|p1a: Mismagius
|-supereffective|p1a: Mismagius
|-damage|p1a: Mismagius|0 fnt
|-damage|p2a: Leafeon|49\/334|[from] item: Life Orb
|faint|p1a: Mismagius
|
|
|switch|p1a: Mienshao|Mienshao, F|271\/271
|-damage|p1a: Mienshao|255\/271|[from] Stealth Rock
|turn|22
|
|move|p1a: Mienshao|U-turn|p2a: Leafeon
|-supereffective|p2a: Leafeon
|-damage|p2a: Leafeon|0 fnt
|-damage|p1a: Mienshao|228\/271|[from] item: Life Orb
|faint|p2a: Leafeon
|
|win|warrior8787
|raw|Ladder updating...
|chat|warrior8787|gg
|raw|warrior8787's rating: 1287 &rarr; <strong>1318<\/strong><br \/>(+31 for winning)
|raw|sarrodar's rating: 1379 &rarr; <strong>1354<\/strong><br \/>(-25 for losing)
|chat|sarrodar|gg
|leave|sarrodar
|player|p2