|join|sarrodar
|join|Tantuch
|player|p1|sarrodar|266
|player|p2|Tantuch|153
|gametype|singles
|gen|6
|tier|UU
|rated
|rule|Sleep Clause Mod: Limit one foe put to sleep
|rule|Species Clause: Limit one of each PokÃ©mon
|rule|OHKO Clause: OHKO moves are banned
|rule|Moody Clause: Moody is banned
|rule|Evasion Moves Clause: Evasion moves are banned
|rule|Endless Battle Clause: Forcing endless battles is banned
|rule|HP Percentage Mod: HP is shown in percentages
|clearpoke
|poke|p1|Alakazam, M
|poke|p1|Trevenant, F
|poke|p1|Blissey, F
|poke|p1|Blastoise, M
|poke|p1|Darmanitan, F
|poke|p1|Scrafty, M
|poke|p2|Aerodactyl, F
|poke|p2|Swampert, F
|poke|p2|Umbreon, M
|poke|p2|Sharpedo, F
|poke|p2|Noivern, F
|poke|p2|Mienshao, F
|rule|Swagger Clause: Swagger is banned
|rule|Baton Pass Clause: Limit one PokÃ©mon knowing Baton Pass
|teampreview
|
|start
|switch|p1a: Trevenant|Trevenant, F|374\/374
|switch|p2a: Mienshao|Mienshao, F|271\/271
|turn|1
|
|move|p2a: Mienshao|U-turn|p1a: Trevenant
|-damage|p1a: Trevenant|301\/374
|
|switch|p2a: Umbreon|Umbreon, M|394\/394
|move|p1a: Trevenant|Will-O-Wisp|p2a: Umbreon
|-status|p2a: Umbreon|brn
|-status|p1a: Trevenant|brn
|-enditem|p1a: Trevenant|Lum Berry|[eat]
|-curestatus|p1a: Trevenant|brn
|
|-damage|p2a: Umbreon|345\/394 brn|[from] brn
|turn|2
|
|move|p2a: Umbreon|Foul Play|p1a: Trevenant
|-supereffective|p1a: Trevenant
|-damage|p1a: Trevenant|187\/374
|move|p1a: Trevenant|Leech Seed|p2a: Umbreon
|-start|p2a: Umbreon|move: Leech Seed
|
|-heal|p2a: Umbreon|369\/394 brn|[from] item: Leftovers
|-damage|p2a: Umbreon|320\/394 brn|[from] Leech Seed|[of] p1a: Trevenant
|-heal|p1a: Trevenant|236\/374|[silent]
|-damage|p2a: Umbreon|271\/394 brn|[from] brn
|-item|p1a: Trevenant|Lum Berry|[from] ability: Harvest
|turn|3
|
|switch|p2a: Noivern|Noivern, F|311\/311
|move|p1a: Trevenant|Horn Leech|p2a: Noivern
|-resisted|p2a: Noivern
|-damage|p2a: Noivern|282\/311
|-heal|p1a: Trevenant|251\/374|[from] drain|[of] p2a: Noivern
|
|turn|4
|
|switch|p1a: Blissey|Blissey, F|714\/714
|move|p2a: Noivern|Taunt|p1a: Blissey
|-start|p1a: Blissey|move: Taunt
|
|turn|5
|
|switch|p2a: Mienshao|Mienshao, F|271\/271
|move|p1a: Blissey|Seismic Toss|p2a: Mienshao
|-damage|p2a: Mienshao|171\/271
|
|turn|6
|
|switch|p1a: Trevenant|Trevenant, F|251\/374
|move|p2a: Mienshao|U-turn|p1a: Trevenant
|-damage|p1a: Trevenant|179\/374
|
|switch|p2a: Aerodactyl|Aerodactyl, F|301\/301
|
|turn|7
|
|detailschange|p2a: Aerodactyl|Aerodactyl-Mega, F
|message|Aerodactyl has Mega Evolved into Mega Aerodactyl!
|move|p2a: Aerodactyl|Aerial Ace|p1a: Trevenant
|-supereffective|p1a: Trevenant
|-damage|p1a: Trevenant|0 fnt
|faint|p1a: Trevenant
|
|
|switch|p1a: Blastoise|Blastoise, M|338\/338
|turn|8
|
|switch|p2a: Sharpedo|Sharpedo, F|281\/281
|detailschange|p1a: Blastoise|Blastoise-Mega, M
|message|Blastoise has Mega Evolved into Mega Blastoise!
|move|p1a: Blastoise|Water Pulse|p2a: Sharpedo
|-resisted|p2a: Sharpedo
|-damage|p2a: Sharpedo|96\/281
|
|turn|9
|
|move|p2a: Sharpedo|Destiny Bond|p2a: Sharpedo
|-singlemove|p2a: Sharpedo|Destiny Bond
|move|p1a: Blastoise|Aura Sphere|p2a: Sharpedo
|-supereffective|p2a: Sharpedo
|-damage|p2a: Sharpedo|0 fnt
|faint|p2a: Sharpedo
|-activate|p2a: Sharpedo|Destiny Bond
|faint|p1a: Blastoise
|
|c|âsarrodar|gah! XD
|
|switch|p2a: Mienshao|Mienshao, F|171\/271
|switch|p1a: Darmanitan|Darmanitan, F|352\/352
|turn|10
|
|move|p2a: Mienshao|High Jump Kick|p1a: Darmanitan
|-damage|p1a: Darmanitan|0 fnt
|faint|p1a: Darmanitan
|
|
|switch|p1a: Alakazam|Alakazam, M|252\/252
|turn|11
|
|switch|p2a: Umbreon|Umbreon, M|271\/394 brn
|move|p1a: Alakazam|Dazzling Gleam|p2a: Umbreon
|-supereffective|p2a: Umbreon
|-damage|p2a: Umbreon|161\/394 brn
|
|-heal|p2a: Umbreon|185\/394 brn|[from] item: Leftovers
|-damage|p2a: Umbreon|136\/394 brn|[from] brn
|turn|12
|
|switch|p1a: Scrafty|Scrafty, M|271\/271
|move|p2a: Umbreon|Wish|p2a: Umbreon
|
|-heal|p2a: Umbreon|160\/394 brn|[from] item: Leftovers
|-damage|p2a: Umbreon|111\/394 brn|[from] brn
|turn|13
|
|switch|p2a: Swampert|Swampert, F|404\/404
|move|p1a: Scrafty|Dragon Dance|p1a: Scrafty
|-boost|p1a: Scrafty|atk|1
|-boost|p1a: Scrafty|spe|1
|
|turn|14
|
|move|p1a: Scrafty|Knock Off|p2a: Swampert
|-damage|p2a: Swampert|223\/404
|-enditem|p2a: Swampert|Leftovers|[from] move: Knock Off|[of] p1a: Scrafty
|move|p2a: Swampert|Yawn|p1a: Scrafty
|-start|p1a: Scrafty|move: Yawn|[of] p2a: Swampert
|
|turn|15
|
|move|p1a: Scrafty|Dragon Dance|p1a: Scrafty
|-boost|p1a: Scrafty|atk|1
|-boost|p1a: Scrafty|spe|1
|move|p2a: Swampert|Waterfall|p1a: Scrafty
|-damage|p1a: Scrafty|178\/271
|
|-status|p1a: Scrafty|slp
|-enditem|p1a: Scrafty|Lum Berry|[eat]
|-curestatus|p1a: Scrafty|slp
|turn|16
|
|move|p1a: Scrafty|Drain Punch|p2a: Swampert
|-damage|p2a: Swampert|45\/404
|-heal|p1a: Scrafty|267\/271|[from] drain|[of] p2a: Swampert
|move|p2a: Swampert|Yawn|p1a: Scrafty
|-start|p1a: Scrafty|move: Yawn|[of] p2a: Swampert
|
|turn|17
|
|switch|p1a: Alakazam|Alakazam, M|252\/252
|move|p2a: Swampert|Protect|p2a: Swampert
|-fail|p2a: Swampert
|
|turn|18
|
|move|p1a: Alakazam|Dazzling Gleam|p2a: Swampert
|-damage|p2a: Swampert|0 fnt
|faint|p2a: Swampert
|
|
|switch|p2a: Mienshao|Mienshao, F|171\/271
|turn|19
|
|move|p2a: Mienshao|U-turn|p1a: Alakazam
|-supereffective|p1a: Alakazam
|-enditem|p1a: Alakazam|Focus Sash
|-damage|p1a: Alakazam|1\/252
|
|switch|p2a: Umbreon|Umbreon, M|111\/394 brn
|move|p1a: Alakazam|Dazzling Gleam|p2a: Umbreon
|-supereffective|p2a: Umbreon
|-damage|p2a: Umbreon|0 fnt
|faint|p2a: Umbreon
|
|
|switch|p2a: Mienshao|Mienshao, F|171\/271
|turn|20
|
|move|p2a: Mienshao|High Jump Kick|p1a: Alakazam
|-resisted|p1a: Alakazam
|-damage|p1a: Alakazam|0 fnt
|faint|p1a: Alakazam
|
|
|switch|p1a: Scrafty|Scrafty, M|267\/271
|turn|21
|
|move|p2a: Mienshao|High Jump Kick|p1a: Scrafty
|-supereffective|p1a: Scrafty
|-damage|p1a: Scrafty|0 fnt
|faint|p1a: Scrafty
|
|
|switch|p1a: Blissey|Blissey, F|714\/714
|turn|22
|c|âTantuch|gg
|
|move|p2a: Mienshao|High Jump Kick|p1a: Blissey
|-supereffective|p1a: Blissey
|-damage|p1a: Blissey|0 fnt
|faint|p1a: Blissey
|
|win|Tantuch
|raw|Ladder updating...
|raw|sarrodar's rating: 1401 &rarr; <strong>1380<\/strong><br \/>(-21 for losing)
|raw|Tantuch's rating: 1379 &rarr; <strong>1400<\/strong><br \/>(+21 for winning)
|c|âsarrodar|gg
|leave|sarrodar
|player|p1
|leave|Tantuch
|player|p2
|join|Tantuch