|join|Girlycardeath
|join|sarrodar
|player|p1|Girlycardeath|292
|player|p2|sarrodar|121
|gametype|singles
|gen|6
|tier|UU
|rated
|rule|Sleep Clause Mod: Limit one foe put to sleep
|rule|Species Clause: Limit one of each Pokemon
|rule|OHKO Clause: OHKO moves are banned
|rule|Moody Clause: Moody is banned
|rule|Evasion Moves Clause: Evasion moves are banned
|rule|Endless Battle Clause: Forcing endless battles is banned.
|rule|HP Percentage Mod: HP is reported as percentages
|clearpoke
|poke|p1|Galvantula, F
|poke|p1|Toxicroak, F, shiny
|poke|p1|Cloyster, M, shiny
|poke|p1|Medicham, F, shiny
|poke|p1|Arcanine, F, shiny
|poke|p1|Xatu, F, shiny
|poke|p2|Cloyster, F
|poke|p2|Scrafty, F
|poke|p2|Trevenant, F
|poke|p2|Tornadus, M
|poke|p2|Nidoking, M
|poke|p2|Registeel
|teampreview
|
|start
|switch|p1a: Galvantula|Galvantula, F|282\/282
|switch|p2a: Scrafty|Scrafty, F|271\/271
|turn|1
|
|move|p1a: Galvantula|Bug Buzz|p2a: Scrafty
|-damage|p2a: Scrafty|159\/271
|move|p2a: Scrafty|Dragon Dance|p2a: Scrafty
|-boost|p2a: Scrafty|atk|1
|-boost|p2a: Scrafty|spe|1
|
|-heal|p2a: Scrafty|175\/271|[from] item: Leftovers
|turn|2
|
|move|p1a: Galvantula|Sticky Web|p2a: Scrafty
|-sidestart|p2: sarrodar|move: Sticky Web
|move|p2a: Scrafty|Knock Off|p1a: Galvantula
|-enditem|p1a: Galvantula|Focus Sash
|-damage|p1a: Galvantula|1\/282
|
|-heal|p2a: Scrafty|191\/271|[from] item: Leftovers
|turn|3
|
|move|p1a: Galvantula|Bug Buzz|p2a: Scrafty
|-damage|p2a: Scrafty|14\/271
|move|p2a: Scrafty|Dragon Dance|p2a: Scrafty
|-boost|p2a: Scrafty|atk|1
|-boost|p2a: Scrafty|spe|1
|
|-heal|p2a: Scrafty|30\/271|[from] item: Leftovers
|turn|4
|
|move|p2a: Scrafty|Drain Punch|p1a: Galvantula
|-resisted|p1a: Galvantula
|-damage|p1a: Galvantula|0 fnt
|-heal|p2a: Scrafty|31\/271|[from] drain|[of] p1a: Galvantula
|faint|p1a: Galvantula
|
|-heal|p2a: Scrafty|47\/271|[from] item: Leftovers
|
|switch|p1a: Toxicroak|Toxicroak, F, shiny|308\/308
|turn|5
|
|move|p1a: Toxicroak|Fake Out|p2a: Scrafty
|-crit|p2a: Scrafty
|-damage|p2a: Scrafty|0 fnt
|faint|p2a: Scrafty
|
|
|switch|p2a: Trevenant|Trevenant, F|374\/374
|-activate|p2a: Trevenant|move: Sticky Web
|-unboost|p2a: Trevenant|spe|1
|turn|6
|
|switch|p1a: Xatu|Xatu, F, shiny|272\/272
|move|p2a: Trevenant|Leech Seed|p1a: Xatu
|move|p1a: Xatu|Leech Seed|p2a: Trevenant|[from]Magic Bounce
|-immune|p2a: Trevenant|[msg]
|
|turn|7
|
|switch|p2a: Registeel|Registeel|364\/364
|-activate|p2a: Registeel|move: Sticky Web
|-fail|p2a: Registeel|unboost|[from] ability: Clear Body|[of] p2a: Registeel
|move|p1a: Xatu|Calm Mind|p1a: Xatu
|-boost|p1a: Xatu|spa|1
|-boost|p1a: Xatu|spd|1
|
|turn|8
|
|move|p1a: Xatu|Calm Mind|p1a: Xatu
|-boost|p1a: Xatu|spa|1
|-boost|p1a: Xatu|spd|1
|move|p2a: Registeel|Iron Head|p1a: Xatu
|-damage|p1a: Xatu|172\/272
|
|turn|9
|
|move|p1a: Xatu|Giga Drain|p2a: Registeel
|-resisted|p2a: Registeel
|-damage|p2a: Registeel|315\/364
|-heal|p1a: Xatu|197\/272|[from] drain|[of] p2a: Registeel
|move|p2a: Registeel|Iron Head|p1a: Xatu
|-damage|p1a: Xatu|91\/272
|
|-heal|p2a: Registeel|337\/364|[from] item: Leftovers
|turn|10
|
|move|p1a: Xatu|Psyshock|p2a: Registeel
|-resisted|p2a: Registeel
|-damage|p2a: Registeel|277\/364
|move|p2a: Registeel|Iron Head|p1a: Xatu
|-damage|p1a: Xatu|0 fnt
|faint|p1a: Xatu
|
|-heal|p2a: Registeel|299\/364|[from] item: Leftovers
|
|switch|p1a: Arcanine|Arcanine, F, shiny|333\/333
|-ability|p1a: Arcanine|Intimidate|[of] p2a: Registeel
|-fail|p2a: Registeel|unboost|[from] ability: Clear Body|[of] p2a: Registeel
|turn|11
|
|move|p1a: Arcanine|Flare Blitz|p2a: Registeel
|-supereffective|p2a: Registeel
|-damage|p2a: Registeel|83\/364
|-damage|p1a: Arcanine|262\/333|[from] recoil|[of] p2a: Registeel
|move|p2a: Registeel|Thunder Wave|p1a: Arcanine
|-status|p1a: Arcanine|par
|
|-heal|p2a: Registeel|105\/364|[from] item: Leftovers
|turn|12
|
|move|p2a: Registeel|Stealth Rock|p1a: Arcanine
|-sidestart|p1: Girlycardeath|move: Stealth Rock
|cant|p1a: Arcanine|par
|
|-heal|p2a: Registeel|127\/364|[from] item: Leftovers
|turn|13
|
|move|p2a: Registeel|Earthquake|p1a: Arcanine
|-supereffective|p1a: Arcanine
|-damage|p1a: Arcanine|126\/333 par
|move|p1a: Arcanine|Flare Blitz|p2a: Registeel
|-supereffective|p2a: Registeel
|-damage|p2a: Registeel|0 fnt
|-damage|p1a: Arcanine|84\/333 par|[from] recoil|[of] p2a: Registeel
|faint|p2a: Registeel
|
|
|switch|p2a: Nidoking|Nidoking, M|304\/304
|-activate|p2a: Nidoking|move: Sticky Web
|-unboost|p2a: Nidoking|spe|1
|turn|14
|
|move|p1a: Arcanine|Extreme Speed|p2a: Nidoking
|-damage|p2a: Nidoking|186\/304
|move|p2a: Nidoking|Earth Power|p1a: Arcanine
|-supereffective|p1a: Arcanine
|-damage|p1a: Arcanine|0 fnt
|faint|p1a: Arcanine
|
|
|switch|p1a: Toxicroak|Toxicroak, F, shiny|308\/308
|-damage|p1a: Toxicroak|289\/308|[from] Stealth Rock
|turn|15
|
|move|p1a: Toxicroak|Fake Out|p2a: Nidoking
|-crit|p2a: Nidoking
|-damage|p2a: Nidoking|112\/304
|cant|p2a: Nidoking|flinch
|
|turn|16
|
|move|p1a: Toxicroak|Drain Punch|p2a: Nidoking
|-resisted|p2a: Nidoking
|-damage|p2a: Nidoking|42\/304
|-heal|p1a: Toxicroak|308\/308|[from] drain|[of] p2a: Nidoking
|move|p2a: Nidoking|Earth Power|p1a: Toxicroak
|-supereffective|p1a: Toxicroak
|-enditem|p1a: Toxicroak|Focus Sash
|-damage|p1a: Toxicroak|1\/308
|
|turn|17
|
|move|p1a: Toxicroak|Poison Jab|p2a: Nidoking
|-resisted|p2a: Nidoking
|-damage|p2a: Nidoking|2\/304
|move|p2a: Nidoking|Earth Power|p1a: Toxicroak
|-supereffective|p1a: Toxicroak
|-damage|p1a: Toxicroak|0 fnt
|faint|p1a: Toxicroak
|
|
|switch|p1a: Cloyster|Cloyster, M, shiny|277\/277
|-damage|p1a: Cloyster|208\/277|[from] Stealth Rock
|turn|18
|
|move|p1a: Cloyster|Ice Shard|p2a: Nidoking
|-supereffective|p2a: Nidoking
|-damage|p2a: Nidoking|0 fnt
|faint|p2a: Nidoking
|
|
|switch|p2a: Tornadus|Tornadus, M|300\/300
|turn|19
|
|move|p1a: Cloyster|Ice Shard|p2a: Tornadus
|-supereffective|p2a: Tornadus
|-damage|p2a: Tornadus|120\/300
|move|p2a: Tornadus|Superpower|p1a: Cloyster
|-supereffective|p1a: Cloyster
|-damage|p1a: Cloyster|28\/277
|-unboost|p2a: Tornadus|atk|1
|-unboost|p2a: Tornadus|def|1
|
|turn|20
|
|move|p1a: Cloyster|Ice Shard|p2a: Tornadus
|-crit|p2a: Tornadus
|-supereffective|p2a: Tornadus
|-damage|p2a: Tornadus|0 fnt
|faint|p2a: Tornadus
|
|
|switch|p2a: Cloyster|Cloyster, F|242\/242
|-activate|p2a: Cloyster|move: Sticky Web
|-unboost|p2a: Cloyster|spe|1
|turn|21
|
|move|p1a: Cloyster|Rock Blast|p2a: Cloyster
|-supereffective|p2a: Cloyster
|-damage|p2a: Cloyster|206\/242
|-supereffective|p2a: Cloyster
|-damage|p2a: Cloyster|174\/242
|-supereffective|p2a: Cloyster
|-damage|p2a: Cloyster|142\/242
|-supereffective|p2a: Cloyster
|-damage|p2a: Cloyster|110\/242
|-supereffective|p2a: Cloyster
|-damage|p2a: Cloyster|76\/242
|-hitcount|p2a: Cloyster|5
|move|p2a: Cloyster|Rock Blast|p1a: Cloyster
|-supereffective|p1a: Cloyster
|-damage|p1a: Cloyster|0 fnt
|-hitcount|p1a: Cloyster|1
|faint|p1a: Cloyster
|
|
|switch|p1a: Medicham|Medicham, F, shiny|262\/262
|-damage|p1a: Medicham|246\/262|[from] Stealth Rock
|turn|22
|
|move|p2a: Cloyster|Ice Shard|p1a: Medicham
|-damage|p1a: Medicham|170\/262
|move|p1a: Medicham|Power-Up Punch|p2a: Cloyster
|-supereffective|p2a: Cloyster
|-damage|p2a: Cloyster|0 fnt
|-boost|p1a: Medicham|atk|1
|faint|p2a: Cloyster
|
|
|switch|p2a: Trevenant|Trevenant, F|374\/374
|-activate|p2a: Trevenant|move: Sticky Web
|-unboost|p2a: Trevenant|spe|1
|turn|23
|
|move|p1a: Medicham|Psycho Cut|p2a: Trevenant
|-damage|p2a: Trevenant|49\/374
|move|p2a: Trevenant|Will-O-Wisp|p1a: Medicham
|-status|p1a: Medicham|brn
|
|-damage|p1a: Medicham|138\/262 brn|[from] brn
|turn|24
|
|move|p1a: Medicham|Psycho Cut|p2a: Trevenant
|-damage|p2a: Trevenant|0 fnt
|faint|p2a: Trevenant
|
|win|Girlycardeath
|raw|Ladder updating...
|raw|Girlycardeath's rating: 1367 &rarr; <strong>1383<\/strong><br \/>(+16 for winning)
|raw|sarrodar's rating: 1280 &rarr; <strong>1262<\/strong><br \/>(-18 for losing)
|chat|sarrodar|gg
|chat|Girlycardeath|:D gg