|join|â« Ghostlyy â«
|join|sarrodar
|player|p1|â« Ghostlyy â«|23
|player|p2|sarrodar|121
|gametype|singles
|gen|6
|tier|UU
|rated
|clearpoke
|poke|p1|Cinccino, F
|poke|p1|Tangrowth, M
|poke|p1|Arcanine, M
|poke|p1|Nidoking, M
|poke|p1|Sigilyph, M
|poke|p1|Suicune
|poke|p2|Victreebel, F
|poke|p2|Houndoom, M
|poke|p2|Arcanine, M
|poke|p2|Leafeon, M
|poke|p2|Nidoking, M
|poke|p2|Mew
|rule|Sleep Clause Mod: Limit one foe put to sleep
|rule|Species Clause: Limit one of each Pokemon
|rule|OHKO Clause: OHKO moves are banned
|rule|Moody Clause: Moody is banned
|rule|Evasion Moves Clause: Evasion moves are banned
|rule|Endless Battle Clause: Forcing endless battles is banned.
|rule|HP Percentage Mod: HP is reported as percentages
|teampreview
|
|start
|switch|p1a: Waifu|Cinccino, F|291\/291
|switch|p2a: Arcanine|Arcanine, M|384\/384
|-ability|p2a: Arcanine|Intimidate|[of] p1a: Waifu
|-unboost|p1a: Waifu|atk|1
|turn|1
|
|move|p1a: Waifu|Rock Blast|p2a: Arcanine|[miss]
|-miss|p1a: Waifu|p2a: Arcanine
|move|p2a: Arcanine|Sunny Day|p2a: Arcanine
|-weather|SunnyDay
|
|-weather|SunnyDay|[upkeep]
|turn|2
|
|switch|p1a: Monkey|Sigilyph, M|348\/348
|move|p2a: Arcanine|Will-O-Wisp|p1a: Monkey
|-status|p1a: Monkey|brn
|
|-weather|SunnyDay|[upkeep]
|turn|3
|
|switch|p2a: Houndoom|Houndoom, M|292\/292
|move|p1a: Monkey|Cosmic Power|p1a: Monkey
|-boost|p1a: Monkey|def|1
|-boost|p1a: Monkey|spd|1
|
|-weather|SunnyDay|[upkeep]
|turn|4
|
|switch|p1a: Shizzy|Suicune|404\/404
|-ability|p1a: Shizzy|Pressure
|-formechange|p2a: Houndoom|Houndoom-Mega
|message|Houndoom has Mega Evolved into Mega Houndoom!
|move|p2a: Houndoom|Nasty Plot|p2a: Houndoom
|-boost|p2a: Houndoom|spa|2
|
|-weather|SunnyDay|[upkeep]
|-damage|p2a: Houndoom|256\/292|[from] ability: Solar Power
|turn|5
|
|move|p2a: Houndoom|Solar Beam|p1a: Shizzy|[still]
|-prepare|p2a: Houndoom|Solar Beam|p1a: Shizzy
|-anim|p2a: Houndoom|Solar Beam|p1a: Shizzy
|-supereffective|p1a: Shizzy
|-damage|p1a: Shizzy|0 fnt
|faint|p1a: Shizzy
|
|-weather|SunnyDay|[upkeep]
|-damage|p2a: Houndoom|220\/292|[from] ability: Solar Power
|
|switch|p1a: Waifu|Cinccino, F|291\/291
|turn|6
|
|move|p1a: Waifu|Tail Slap|p2a: Houndoom
|-damage|p2a: Houndoom|154\/292
|-damage|p2a: Houndoom|94\/292
|-damage|p2a: Houndoom|34\/292
|-damage|p2a: Houndoom|0 fnt
|-hitcount|p2a: Houndoom|4
|faint|p2a: Houndoom
|
|-weather|SunnyDay|[upkeep]
|
|switch|p2a: Victreebel|Victreebel, F|302\/302
|turn|7
|
|move|p2a: Victreebel|Sludge Bomb|p1a: Waifu
|-damage|p1a: Waifu|0 fnt
|-damage|p2a: Victreebel|272\/302|[from] item: Life Orb
|faint|p1a: Waifu
|
|-weather|SunnyDay|[upkeep]
|
|switch|p1a: Monkey|Sigilyph, M|348\/348 brn
|turn|8
|
|move|p2a: Victreebel|Sludge Bomb|p1a: Monkey
|-damage|p1a: Monkey|183\/348 brn
|-damage|p2a: Victreebel|242\/302|[from] item: Life Orb
|move|p1a: Monkey|Roost|p1a: Monkey
|-heal|p1a: Monkey|348\/348 brn
|
|-weather|none
|turn|9
|
|switch|p2a: Nidoking|Nidoking, M|304\/304
|move|p1a: Monkey|Cosmic Power|p1a: Monkey
|-boost|p1a: Monkey|def|1
|-boost|p1a: Monkey|spd|1
|
|turn|10
|
|move|p2a: Nidoking|Ice Beam|p1a: Monkey
|-supereffective|p1a: Monkey
|-damage|p1a: Monkey|202\/348 brn
|move|p1a: Monkey|Roost|p1a: Monkey
|-heal|p1a: Monkey|348\/348 brn
|
|turn|11
|
|move|p2a: Nidoking|Ice Beam|p1a: Monkey
|-supereffective|p1a: Monkey
|-damage|p1a: Monkey|200\/348 brn
|move|p1a: Monkey|Cosmic Power|p1a: Monkey
|-boost|p1a: Monkey|def|1
|-boost|p1a: Monkey|spd|1
|
|turn|12
|
|move|p2a: Nidoking|Ice Beam|p1a: Monkey
|-supereffective|p1a: Monkey
|-damage|p1a: Monkey|75\/348 brn
|move|p1a: Monkey|Roost|p1a: Monkey
|-heal|p1a: Monkey|249\/348 brn
|
|turn|13
|
|move|p2a: Nidoking|Ice Beam|p1a: Monkey
|-supereffective|p1a: Monkey
|-damage|p1a: Monkey|124\/348 brn
|move|p1a: Monkey|Roost|p1a: Monkey
|-heal|p1a: Monkey|298\/348 brn
|
|turn|14
|
|move|p2a: Nidoking|Ice Beam|p1a: Monkey
|-supereffective|p1a: Monkey
|-damage|p1a: Monkey|178\/348 brn
|move|p1a: Monkey|Cosmic Power|p1a: Monkey
|-boost|p1a: Monkey|def|1
|-boost|p1a: Monkey|spd|1
|
|turn|15
|
|move|p2a: Nidoking|Thunderbolt|p1a: Monkey
|-supereffective|p1a: Monkey
|-damage|p1a: Monkey|90\/348 brn
|move|p1a: Monkey|Roost|p1a: Monkey
|-heal|p1a: Monkey|264\/348 brn
|
|turn|16
|
|move|p2a: Nidoking|Thunderbolt|p1a: Monkey
|-supereffective|p1a: Monkey
|-damage|p1a: Monkey|178\/348 brn
|move|p1a: Monkey|Psycho Shift|p2a: Nidoking
|-status|p2a: Nidoking|brn
|-curestatus|p1a: Monkey|brn
|
|-damage|p2a: Nidoking|266\/304 brn|[from] brn
|-status|p1a: Monkey|brn|[from] item: Flame Orb
|turn|17
|
|move|p2a: Nidoking|Ice Beam|p1a: Monkey
|-supereffective|p1a: Monkey
|-damage|p1a: Monkey|87\/348 brn
|move|p1a: Monkey|Roost|p1a: Monkey
|-heal|p1a: Monkey|261\/348 brn
|
|-damage|p2a: Nidoking|228\/304 brn|[from] brn
|turn|18
|
|move|p2a: Nidoking|Ice Beam|p1a: Monkey
|-supereffective|p1a: Monkey
|-damage|p1a: Monkey|167\/348 brn
|move|p1a: Monkey|Roost|p1a: Monkey
|-heal|p1a: Monkey|341\/348 brn
|
|-damage|p2a: Nidoking|190\/304 brn|[from] brn
|turn|19
|
|move|p2a: Nidoking|Ice Beam|p1a: Monkey
|-supereffective|p1a: Monkey
|-damage|p1a: Monkey|242\/348 brn
|move|p1a: Monkey|Cosmic Power|p1a: Monkey
|-boost|p1a: Monkey|def|1
|-boost|p1a: Monkey|spd|1
|
|-damage|p2a: Nidoking|152\/304 brn|[from] brn
|turn|20
|
|switch|p2a: Leafeon|Leafeon, M|334\/334
|move|p1a: Monkey|Roost|p1a: Monkey
|-heal|p1a: Monkey|348\/348 brn
|
|turn|21
|
|move|p1a: Monkey|Psycho Shift|p2a: Leafeon
|-status|p2a: Leafeon|brn
|-curestatus|p1a: Monkey|brn
|move|p2a: Leafeon|Knock Off|p1a: Monkey
|-supereffective|p1a: Monkey
|-damage|p1a: Monkey|283\/348
|-enditem|p1a: Monkey|Flame Orb|[from] move: Knock Off|[of] p2a: Leafeon
|-damage|p2a: Leafeon|301\/334 brn|[from] item: Life Orb
|
|-damage|p2a: Leafeon|260\/334 brn|[from] brn
|turn|22
|
|switch|p2a: Mew|Mew|404\/404
|move|p1a: Monkey|Stored Power|p2a: Mew
|-resisted|p2a: Mew
|-damage|p2a: Mew|325\/404
|
|turn|23
|
|move|p2a: Mew|Stealth Rock|p1a: Monkey
|-sidestart|p1: â« Ghostlyy â«|move: Stealth Rock
|move|p1a: Monkey|Cosmic Power|p1a: Monkey
|-boost|p1a: Monkey|def|1
|-boost|p1a: Monkey|spd|1
|
|turn|24
|
|move|p2a: Mew|Sunny Day|p2a: Mew
|-weather|SunnyDay
|move|p1a: Monkey|Cosmic Power|p1a: Monkey
|-boost|p1a: Monkey|def|1
|-boost|p1a: Monkey|spd|1
|
|-weather|SunnyDay|[upkeep]
|turn|25
|
|switch|p2a: Nidoking|Nidoking, M|152\/304 brn
|move|p1a: Monkey|Stored Power|p2a: Nidoking
|-supereffective|p2a: Nidoking
|-damage|p2a: Nidoking|0 fnt
|faint|p2a: Nidoking
|
|-weather|SunnyDay|[upkeep]
|
|switch|p2a: Victreebel|Victreebel, F|242\/302
|turn|26
|
|move|p2a: Victreebel|Sludge Bomb|p1a: Monkey
|-damage|p1a: Monkey|243\/348
|-damage|p2a: Victreebel|212\/302|[from] item: Life Orb
|move|p1a: Monkey|Stored Power|p2a: Victreebel
|-crit|p2a: Victreebel
|-supereffective|p2a: Victreebel
|-damage|p2a: Victreebel|0 fnt
|faint|p2a: Victreebel
|
|-weather|SunnyDay|[upkeep]
|
|switch|p2a: Leafeon|Leafeon, M|260\/334 brn
|turn|27
|
|move|p2a: Leafeon|Knock Off|p1a: Monkey
|-supereffective|p1a: Monkey
|-damage|p1a: Monkey|209\/348
|-damage|p2a: Leafeon|227\/334 brn|[from] item: Life Orb
|move|p1a: Monkey|Stored Power|p2a: Leafeon
|-damage|p2a: Leafeon|0 fnt
|faint|p2a: Leafeon
|
|-weather|SunnyDay|[upkeep]
|
|switch|p2a: Arcanine|Arcanine, M|384\/384
|-ability|p2a: Arcanine|Intimidate|[of] p1a: Monkey
|-unboost|p1a: Monkey|atk|1
|turn|28
|
|move|p1a: Monkey|Roost|p1a: Monkey
|-heal|p1a: Monkey|348\/348
|move|p2a: Arcanine|Flare Blitz|p1a: Monkey
|-damage|p1a: Monkey|276\/348
|-damage|p2a: Arcanine|360\/384|[from] recoil|[of] p1a: Monkey
|
|-weather|SunnyDay|[upkeep]
|turn|29
|
|move|p1a: Monkey|Stored Power|p2a: Arcanine
|-damage|p2a: Arcanine|0 fnt
|faint|p2a: Arcanine
|
|-weather|SunnyDay|[upkeep]
|
|switch|p2a: Mew|Mew|325\/404
|turn|30
|
|move|p2a: Mew|Synthesis|p2a: Mew
|-heal|p2a: Mew|404\/404
|move|p1a: Monkey|Stored Power|p2a: Mew
|-resisted|p2a: Mew
|-damage|p2a: Mew|295\/404
|
|-weather|SunnyDay|[upkeep]
|turn|31
|
|move|p2a: Mew|Synthesis|p2a: Mew
|-heal|p2a: Mew|404\/404
|move|p1a: Monkey|Stored Power|p2a: Mew
|-resisted|p2a: Mew
|-damage|p2a: Mew|293\/404
|
|-weather|none
|turn|32
|
|move|p2a: Mew|Sunny Day|p2a: Mew
|-weather|SunnyDay
|move|p1a: Monkey|Stored Power|p2a: Mew
|-resisted|p2a: Mew
|-damage|p2a: Mew|188\/404
|
|-weather|SunnyDay|[upkeep]
|turn|33
|
|switch|p1a: Yif|Arcanine, M|384\/384
|-damage|p1a: Yif|288\/384|[from] Stealth Rock
|-ability|p1a: Yif|Intimidate|[of] p2a: Mew
|-unboost|p2a: Mew|atk|1
|move|p2a: Mew|Synthesis|p2a: Mew
|-heal|p2a: Mew|404\/404
|
|-weather|SunnyDay|[upkeep]
|-heal|p1a: Yif|312\/384|[from] item: Leftovers
|turn|34
|
|move|p2a: Mew|Toxic|p1a: Yif
|-status|p1a: Yif|tox
|move|p1a: Yif|Flare Blitz|p2a: Mew
|-damage|p2a: Mew|67\/404
|-damage|p1a: Yif|201\/384 tox|[from] recoil|[of] p2a: Mew
|
|-weather|SunnyDay|[upkeep]
|-heal|p1a: Yif|225\/384 tox|[from] item: Leftovers
|-damage|p1a: Yif|201\/384 tox|[from] psn
|turn|35
|
|move|p1a: Yif|Extreme Speed|p2a: Mew
|-damage|p2a: Mew|0 fnt
|faint|p2a: Mew
|
|win|â« Ghostlyy â«
|raw|Ladder updating...
|raw|â« Ghostlyy â«'s rating: 1249 &rarr; <strong>1267<\/strong><br \/>(+18 for winning)
|raw|sarrodar's rating: 1156 &rarr; <strong>1137<\/strong><br \/>(-19 for losing)
|chat|sarrodar|gg :)
|chat|â« Ghostlyy â«|gg