|join|sarrodar
|join|Laddering1
|player|p1|sarrodar|121
|player|p2|Laddering1|102
|gametype|singles
|gen|6
|tier|UU
|rated
|clearpoke
|poke|p1|Victini
|poke|p1|Porygon2
|poke|p1|Abomasnow, M
|poke|p1|Scrafty, F
|poke|p1|Reuniclus, F
|poke|p1|Escavalier, M
|poke|p2|Thundurus-Therian, M
|poke|p2|Jirachi
|poke|p2|Typhlosion, F
|poke|p2|Blastoise, M
|poke|p2|Crobat, M
|poke|p2|Golurk
|rule|Sleep Clause Mod: Limit one foe put to sleep
|rule|Species Clause: Limit one of each Pokemon
|rule|OHKO Clause: OHKO moves are banned
|rule|Moody Clause: Moody is banned
|rule|Evasion Moves Clause: Evasion moves are banned
|rule|Endless Battle Clause: Forcing endless battles is banned.
|rule|HP Percentage Mod: HP is reported as percentages
|teampreview
|
|start
|switch|p1a: Porygon2|Porygon2|374\/374
|switch|p2a: Crobat|Crobat, M|311\/311
|-ability|p1a: Porygon2|Infiltrator|[from] ability: Trace|[of] p2a: Crobat
|turn|1
|join|this fucking game
|
|move|p2a: Crobat|U-turn|p1a: Porygon2
|-damage|p1a: Porygon2|332\/374
|
|switch|p2a: Jirachi|Jirachi|404\/404
|move|p1a: Porygon2|Trick Room|p1a: Porygon2
|-fieldstart|move: Trick Room|[of] p1a: Porygon2
|
|turn|2
|
|switch|p1a: Victini|Victini|404\/404
|move|p2a: Jirachi|Body Slam|p1a: Victini
|-damage|p1a: Victini|340\/404
|
|-heal|p1a: Victini|365\/404|[from] item: Leftovers
|turn|3
|
|switch|p2a: Blastoise|Blastoise, M|362\/362
|move|p1a: Victini|V-create|p2a: Blastoise
|-resisted|p2a: Blastoise
|-damage|p2a: Blastoise|265\/362
|-unboost|p1a: Victini|def|1
|-unboost|p1a: Victini|spd|1
|-unboost|p1a: Victini|spe|1
|
|-heal|p1a: Victini|390\/404|[from] item: Leftovers
|turn|4
|
|switch|p1a: Abomasnow|Abomasnow, M|384\/384
|-weather|Hail
|switch|p2a: Golurk|Golurk|339\/339
|
|-weather|Hail|[upkeep]
|-damage|p2a: Golurk|318\/339|[from] hail
|-heal|p2a: Golurk|339\/339|[from] item: Leftovers
|turn|5
|
|switch|p2a: Jirachi|Jirachi|404\/404
|-formechange|p1a: Abomasnow|Abomasnow-Mega
|message|Abomasnow has Mega Evolved into Mega Abomasnow!
|move|p1a: Abomasnow|Blizzard|p2a: Jirachi
|-resisted|p2a: Jirachi
|-damage|p2a: Jirachi|321\/404
|
|-weather|Hail|[upkeep]
|-damage|p2a: Jirachi|296\/404|[from] hail
|-heal|p2a: Jirachi|321\/404|[from] item: Leftovers
|-fieldend|move: Trick Room
|turn|6
|
|switch|p1a: Porygon2|Porygon2|332\/374
|-ability|p1a: Porygon2|Serene Grace|[from] ability: Trace|[of] p2a: Jirachi
|move|p2a: Jirachi|Body Slam|p1a: Porygon2
|-damage|p1a: Porygon2|298\/374
|-status|p1a: Porygon2|par
|
|-weather|Hail|[upkeep]
|-damage|p2a: Jirachi|296\/404|[from] hail
|-damage|p1a: Porygon2|275\/374 par|[from] hail
|-heal|p2a: Jirachi|321\/404|[from] item: Leftovers
|turn|7
|
|move|p2a: Jirachi|Iron Head|p1a: Porygon2
|-damage|p1a: Porygon2|223\/374 par
|cant|p1a: Porygon2|par
|
|-weather|Hail|[upkeep]
|-damage|p2a: Jirachi|296\/404|[from] hail
|-damage|p1a: Porygon2|200\/374 par|[from] hail
|-heal|p2a: Jirachi|321\/404|[from] item: Leftovers
|turn|8
|
|move|p2a: Jirachi|Iron Head|p1a: Porygon2
|-damage|p1a: Porygon2|152\/374 par
|cant|p1a: Porygon2|flinch
|
|-weather|none
|-heal|p2a: Jirachi|346\/404|[from] item: Leftovers
|turn|9
|
|move|p2a: Jirachi|Iron Head|p1a: Porygon2
|-damage|p1a: Porygon2|104\/374 par
|move|p1a: Porygon2|Trick Room|p1a: Porygon2
|-fieldstart|move: Trick Room|[of] p1a: Porygon2
|
|-heal|p2a: Jirachi|371\/404|[from] item: Leftovers
|turn|10
|
|cant|p1a: Porygon2|par
|move|p2a: Jirachi|Body Slam|p1a: Porygon2
|-damage|p1a: Porygon2|72\/374 par
|
|-heal|p2a: Jirachi|396\/404|[from] item: Leftovers
|turn|11
|
|move|p1a: Porygon2|Recover|p1a: Porygon2
|-heal|p1a: Porygon2|259\/374 par
|move|p2a: Jirachi|Iron Head|p1a: Porygon2
|-damage|p1a: Porygon2|210\/374 par
|
|-heal|p2a: Jirachi|404\/404|[from] item: Leftovers
|turn|12
|
|move|p1a: Porygon2|Tri Attack|p2a: Jirachi
|-resisted|p2a: Jirachi
|-damage|p2a: Jirachi|371\/404
|move|p2a: Jirachi|Iron Head|p1a: Porygon2
|-damage|p1a: Porygon2|161\/374 par
|
|-heal|p2a: Jirachi|396\/404|[from] item: Leftovers
|turn|13
|
|cant|p1a: Porygon2|par
|move|p2a: Jirachi|Iron Head|p1a: Porygon2
|-damage|p1a: Porygon2|109\/374 par
|
|-heal|p2a: Jirachi|404\/404|[from] item: Leftovers
|-fieldend|move: Trick Room
|turn|14
|
|move|p2a: Jirachi|Iron Head|p1a: Porygon2
|-damage|p1a: Porygon2|57\/374 par
|move|p1a: Porygon2|Trick Room|p1a: Porygon2
|-fieldstart|move: Trick Room|[of] p1a: Porygon2
|
|turn|15
|
|switch|p1a: Victini|Victini|390\/404
|switch|p2a: Golurk|Golurk|339\/339
|
|-heal|p1a: Victini|404\/404|[from] item: Leftovers
|turn|16
|
|move|p1a: Victini|U-turn|p2a: Golurk
|-resisted|p2a: Golurk
|-damage|p2a: Golurk|292\/339
|
|switch|p1a: Abomasnow|Abomasnow, M|384\/384
|-formechange|p1a: Abomasnow|Abomasnow-Mega
|-weather|Hail
|move|p2a: Golurk|Earthquake|p1a: Abomasnow
|-resisted|p1a: Abomasnow
|-damage|p1a: Abomasnow|288\/384
|
|-weather|Hail|[upkeep]
|-damage|p2a: Golurk|271\/339|[from] hail
|-heal|p2a: Golurk|292\/339|[from] item: Leftovers
|turn|17
|
|switch|p2a: Jirachi|Jirachi|404\/404
|move|p1a: Abomasnow|Giga Drain|p2a: Jirachi
|-resisted|p2a: Jirachi
|-damage|p2a: Jirachi|353\/404
|-heal|p1a: Abomasnow|314\/384|[from] drain|[of] p2a: Jirachi
|
|-weather|Hail|[upkeep]
|-damage|p2a: Jirachi|328\/404|[from] hail
|-heal|p2a: Jirachi|353\/404|[from] item: Leftovers
|turn|18
|
|switch|p1a: Scrafty|Scrafty, F|334\/334
|-ability|p1a: Scrafty|Intimidate|[of] p2a: Jirachi
|-unboost|p2a: Jirachi|atk|1
|move|p2a: Jirachi|Body Slam|p1a: Scrafty
|-damage|p1a: Scrafty|296\/334
|-status|p1a: Scrafty|par
|
|-weather|Hail|[upkeep]
|-damage|p1a: Scrafty|276\/334 par|[from] hail
|-damage|p2a: Jirachi|328\/404|[from] hail
|-heal|p2a: Jirachi|353\/404|[from] item: Leftovers
|-fieldend|move: Trick Room
|turn|19
|
|move|p2a: Jirachi|U-turn|p1a: Scrafty
|-damage|p1a: Scrafty|240\/334 par
|
|switch|p2a: Crobat|Crobat, M|311\/311
|move|p1a: Scrafty|Knock Off|p2a: Crobat
|-damage|p2a: Crobat|176\/311
|-enditem|p2a: Crobat|Choice Band|[from] move: Knock Off|[of] p1a: Scrafty
|
|-weather|Hail|[upkeep]
|-damage|p2a: Crobat|157\/311|[from] hail
|-damage|p1a: Scrafty|220\/334 par|[from] hail
|turn|20
|
|switch|p1a: Porygon2|Porygon2|57\/374 par
|-ability|p1a: Porygon2|Infiltrator|[from] ability: Trace|[of] p2a: Crobat
|move|p2a: Crobat|U-turn|p1a: Porygon2
|-damage|p1a: Porygon2|25\/374 par
|
|switch|p2a: Golurk|Golurk|292\/339
|
|-weather|none
|-heal|p2a: Golurk|313\/339|[from] item: Leftovers
|turn|21
|
|move|p2a: Golurk|Dynamic Punch|p1a: Porygon2
|-supereffective|p1a: Porygon2
|-damage|p1a: Porygon2|0 fnt
|faint|p1a: Porygon2
|
|-heal|p2a: Golurk|334\/339|[from] item: Leftovers
|
|switch|p1a: Scrafty|Scrafty, F|220\/334 par
|-ability|p1a: Scrafty|Intimidate|[of] p2a: Golurk
|-unboost|p2a: Golurk|atk|1
|turn|22
|
|switch|p1a: Reuniclus|Reuniclus, F|424\/424
|move|p2a: Golurk|Dynamic Punch|p1a: Reuniclus
|-resisted|p1a: Reuniclus
|-damage|p1a: Reuniclus|368\/424
|-start|p1a: Reuniclus|confusion
|
|-heal|p2a: Golurk|339\/339|[from] item: Leftovers
|turn|23
|
|move|p2a: Golurk|Stealth Rock|p1a: Reuniclus
|-sidestart|p1: sarrodar|move: Stealth Rock
|-activate|p1a: Reuniclus|confusion
|move|p1a: Reuniclus|Trick Room|p1a: Reuniclus
|-fieldstart|move: Trick Room|[of] p1a: Reuniclus
|
|turn|24
|
|switch|p2a: Jirachi|Jirachi|353\/404
|-activate|p1a: Reuniclus|confusion
|move|p1a: Reuniclus|Psychic|p2a: Jirachi
|-resisted|p2a: Jirachi
|-damage|p2a: Jirachi|314\/404
|
|-heal|p2a: Jirachi|339\/404|[from] item: Leftovers
|turn|25
|
|switch|p1a: Escavalier|Escavalier, M|344\/344
|-damage|p1a: Escavalier|301\/344|[from] Stealth Rock
|move|p2a: Jirachi|Wish|p2a: Jirachi
|
|-heal|p2a: Jirachi|364\/404|[from] item: Leftovers
|turn|26
|
|move|p1a: Escavalier|Knock Off|p2a: Jirachi
|-supereffective|p2a: Jirachi
|-damage|p2a: Jirachi|47\/404
|-enditem|p2a: Jirachi|Leftovers|[from] move: Knock Off|[of] p1a: Escavalier
|-damage|p1a: Escavalier|267\/344|[from] item: Life Orb
|move|p2a: Jirachi|U-turn|p1a: Escavalier
|-resisted|p1a: Escavalier
|-damage|p1a: Escavalier|242\/344
|
|switch|p2a: Crobat|Crobat, M|157\/311
|
|-heal|p2a: Crobat|311\/311|[from] move: Wish|[wisher] Jirachi
|turn|27
|
|move|p1a: Escavalier|Iron Head|p2a: Crobat
|-damage|p2a: Crobat|52\/311
|-damage|p1a: Escavalier|208\/344|[from] item: Life Orb
|cant|p2a: Crobat|flinch
|
|-fieldend|move: Trick Room
|turn|28
|
|switch|p1a: Scrafty|Scrafty, F|220\/334 par
|-damage|p1a: Scrafty|200\/334 par|[from] Stealth Rock
|-ability|p1a: Scrafty|Intimidate|[of] p2a: Crobat
|-unboost|p2a: Crobat|atk|1
|move|p2a: Crobat|Brave Bird|p1a: Scrafty
|-supereffective|p1a: Scrafty
|-damage|p1a: Scrafty|36\/334 par
|-damage|p2a: Crobat|0 fnt|[from] recoil|[of] p1a: Scrafty
|faint|p2a: Crobat
|
|
|switch|p2a: Golurk|Golurk|339\/339
|turn|29
|
|move|p2a: Golurk|Dynamic Punch|p1a: Scrafty
|-supereffective|p1a: Scrafty
|-damage|p1a: Scrafty|0 fnt
|faint|p1a: Scrafty
|
|join|Calloflochie
|
|switch|p1a: Reuniclus|Reuniclus, F|368\/424
|turn|30
|
|move|p2a: Golurk|Earthquake|p1a: Reuniclus
|-damage|p1a: Reuniclus|139\/424
|move|p1a: Reuniclus|Trick Room|p1a: Reuniclus
|-fieldstart|move: Trick Room|[of] p1a: Reuniclus
|
|turn|31
|
|move|p1a: Reuniclus|Psychic|p2a: Golurk
|-damage|p2a: Golurk|84\/339
|move|p2a: Golurk|Earthquake|p1a: Reuniclus
|-damage|p1a: Reuniclus|0 fnt
|faint|p1a: Reuniclus
|
|-heal|p2a: Golurk|105\/339|[from] item: Leftovers
|
|switch|p1a: Abomasnow|Abomasnow, M|314\/384
|-formechange|p1a: Abomasnow|Abomasnow-Mega
|-damage|p1a: Abomasnow|218\/384|[from] Stealth Rock
|-weather|Hail
|turn|32
|
|switch|p2a: Blastoise|Blastoise, M|265\/362
|move|p1a: Abomasnow|Giga Drain|p2a: Blastoise
|-supereffective|p2a: Blastoise
|-damage|p2a: Blastoise|1\/362
|-heal|p1a: Abomasnow|350\/384|[from] drain|[of] p2a: Blastoise
|
|-weather|Hail|[upkeep]
|-damage|p2a: Blastoise|0 fnt|[from] hail
|faint|p2a: Blastoise
|
|switch|p2a: Typhlosion|Typhlosion, F|297\/297
|turn|33
|
|switch|p2a: Jirachi|Jirachi|47\/404
|move|p1a: Abomasnow|Focus Blast|p2a: Jirachi|[miss]
|-miss|p1a: Abomasnow|p2a: Jirachi
|
|-weather|Hail|[upkeep]
|-damage|p2a: Jirachi|22\/404|[from] hail
|turn|34
|
|move|p1a: Abomasnow|Blizzard|p2a: Jirachi
|-resisted|p2a: Jirachi
|-damage|p2a: Jirachi|0 fnt
|faint|p2a: Jirachi
|
|-weather|Hail|[upkeep]
|-fieldend|move: Trick Room
|
|switch|p2a: Typhlosion|Typhlosion, F|297\/297
|turn|35
|
|switch|p1a: Victini|Victini|404\/404
|-damage|p1a: Victini|303\/404|[from] Stealth Rock
|move|p2a: Typhlosion|Eruption|p1a: Victini
|-resisted|p1a: Victini
|-damage|p1a: Victini|185\/404
|
|-weather|Hail|[upkeep]
|-damage|p2a: Typhlosion|279\/297|[from] hail
|-damage|p1a: Victini|160\/404|[from] hail
|-heal|p1a: Victini|185\/404|[from] item: Leftovers
|turn|36
|
|switch|p2a: Thundurus-Therian|Thundurus-Therian, M|299\/299
|move|p1a: Victini|Trick Room|p1a: Victini
|-fieldstart|move: Trick Room|[of] p1a: Victini
|
|-weather|none
|-heal|p1a: Victini|210\/404|[from] item: Leftovers
|turn|37
|
|move|p1a: Victini|V-create|p2a: Thundurus-Therian
|-damage|p2a: Thundurus-Therian|0 fnt
|-unboost|p1a: Victini|def|1
|-unboost|p1a: Victini|spd|1
|-unboost|p1a: Victini|spe|1
|faint|p2a: Thundurus-Therian
|
|-heal|p1a: Victini|235\/404|[from] item: Leftovers
|
|switch|p2a: Golurk|Golurk|105\/339
|turn|38
|
|move|p1a: Victini|V-create|p2a: Golurk
|-damage|p2a: Golurk|0 fnt
|-unboost|p1a: Victini|def|1
|-unboost|p1a: Victini|spd|1
|-unboost|p1a: Victini|spe|1
|faint|p2a: Golurk
|
|-heal|p1a: Victini|260\/404|[from] item: Leftovers
|
|switch|p2a: Typhlosion|Typhlosion, F|279\/297
|turn|39
|
|move|p1a: Victini|V-create|p2a: Typhlosion
|-resisted|p2a: Typhlosion
|-damage|p2a: Typhlosion|87\/297
|-unboost|p1a: Victini|def|1
|-unboost|p1a: Victini|spd|1
|-unboost|p1a: Victini|spe|1
|move|p2a: Typhlosion|Fire Blast|p1a: Victini
|-resisted|p1a: Victini
|-damage|p1a: Victini|0 fnt
|faint|p1a: Victini
|
|
|switch|p1a: Escavalier|Escavalier, M|208\/344
|-damage|p1a: Escavalier|165\/344|[from] Stealth Rock
|turn|40
|
|move|p1a: Escavalier|Knock Off|p2a: Typhlosion
|-damage|p2a: Typhlosion|0 fnt
|-damage|p1a: Escavalier|131\/344|[from] item: Life Orb
|faint|p2a: Typhlosion
|
|win|sarrodar
|raw|Ladder updating...
|raw|sarrodar's rating: 1242 &rarr; <strong>1257<\/strong><br \/>(+15 for winning)
|raw|Laddering1's rating: 1107 &rarr; <strong>1092<\/strong><br \/>(-15 for losing)
|leave|Laddering1
|player|p2