|join|sarrodar
|join|Caden18
|player|p1|sarrodar|121
|player|p2|Caden18|1
|gametype|singles
|gen|6
|tier|UU
|rated
|clearpoke
|poke|p1|Victreebel, F
|poke|p1|Houndoom, M
|poke|p1|Arcanine, F
|poke|p1|Leafeon, M
|poke|p1|Escavalier, M
|poke|p1|Mew
|poke|p2|Donphan, F
|poke|p2|Mienshao, M
|poke|p2|Galvantula, F
|poke|p2|Tornadus-Therian, M
|poke|p2|Darmanitan, M
|poke|p2|Jirachi
|rule|Sleep Clause Mod: Limit one foe put to sleep
|rule|Species Clause: Limit one of each Pokemon
|rule|OHKO Clause: OHKO moves are banned
|rule|Moody Clause: Moody is banned
|rule|Evasion Moves Clause: Evasion moves are banned
|rule|Endless Battle Clause: Forcing endless battles is banned.
|rule|HP Percentage Mod: HP is reported as percentages
|teampreview
|chat|Caden18|gl hf :)
|chat|sarrodar|gl hf :)
|
|start
|switch|p1a: Arcanine|Arcanine, F|384\/384
|switch|p2a: Galvantula|Galvantula, F|281\/281
|-ability|p1a: Arcanine|Intimidate|[of] p2a: Galvantula
|-unboost|p2a: Galvantula|atk|1
|turn|1
|
|move|p2a: Galvantula|Sticky Web|p1a: Arcanine
|-sidestart|p1: sarrodar|move: Sticky Web
|move|p1a: Arcanine|Sunny Day|p1a: Arcanine
|-weather|SunnyDay
|
|-weather|SunnyDay|[upkeep]
|turn|2
|
|move|p2a: Galvantula|Volt Switch|p1a: Arcanine
|-damage|p1a: Arcanine|270\/384
|
|switch|p2a: Donphan|Donphan, F|383\/383
|move|p1a: Arcanine|Will-O-Wisp|p2a: Donphan
|-status|p2a: Donphan|brn
|
|-weather|SunnyDay|[upkeep]
|-damage|p2a: Donphan|336\/383 brn|[from] brn
|turn|3
|
|switch|p1a: Victreebel|Victreebel, F|302\/302
|-activate|p1a: Victreebel|move: Sticky Web
|-unboost|p1a: Victreebel|spe|1
|move|p2a: Donphan|Knock Off|p1a: Victreebel
|-damage|p1a: Victreebel|243\/302
|-enditem|p1a: Victreebel|Life Orb|[from] move: Knock Off|[of] p2a: Donphan
|
|-weather|SunnyDay|[upkeep]
|-heal|p2a: Donphan|359\/383 brn|[from] item: Leftovers
|-damage|p2a: Donphan|312\/383 brn|[from] brn
|turn|4
|
|move|p2a: Donphan|Ice Shard|p1a: Victreebel
|-supereffective|p1a: Victreebel
|-damage|p1a: Victreebel|199\/302
|move|p1a: Victreebel|Solar Beam|p2a: Donphan|[still]
|-prepare|p1a: Victreebel|Solar Beam|p2a: Donphan
|-anim|p1a: Victreebel|Solar Beam|p2a: Donphan
|-crit|p2a: Donphan
|-supereffective|p2a: Donphan
|-damage|p2a: Donphan|0 fnt
|faint|p2a: Donphan
|
|-weather|SunnyDay|[upkeep]
|
|switch|p2a: Tornadus-Therian|Tornadus-Therian, M|299\/299
|turn|5
|
|move|p2a: Tornadus-Therian|Air Slash|p1a: Victreebel
|-supereffective|p1a: Victreebel
|-damage|p1a: Victreebel|0 fnt
|-damage|p2a: Tornadus-Therian|270\/299|[from] item: Life Orb
|faint|p1a: Victreebel
|
|-weather|SunnyDay|[upkeep]
|
|switch|p1a: Escavalier|Escavalier, M|344\/344
|-activate|p1a: Escavalier|move: Sticky Web
|-unboost|p1a: Escavalier|spe|1
|turn|6
|
|move|p2a: Tornadus-Therian|U-turn|p1a: Escavalier
|-resisted|p1a: Escavalier
|-damage|p1a: Escavalier|306\/344
|-damage|p2a: Tornadus-Therian|241\/299|[from] item: Life Orb
|
|switch|p2a: Jirachi|Jirachi|404\/404
|move|p1a: Escavalier|Knock Off|p2a: Jirachi
|-supereffective|p2a: Jirachi
|-damage|p2a: Jirachi|152\/404
|-enditem|p2a: Jirachi|Leftovers|[from] move: Knock Off|[of] p1a: Escavalier
|
|-weather|SunnyDay|[upkeep]
|turn|7
|
|switch|p1a: Arcanine|Arcanine, F|270\/384
|-activate|p1a: Arcanine|move: Sticky Web
|-unboost|p1a: Arcanine|spe|1
|-ability|p1a: Arcanine|Intimidate|[of] p2a: Jirachi
|-unboost|p2a: Jirachi|atk|1
|move|p2a: Jirachi|Stealth Rock|p1a: Arcanine
|-sidestart|p1: sarrodar|move: Stealth Rock
|
|-weather|SunnyDay|[upkeep]
|turn|8
|
|move|p2a: Jirachi|Wish|p2a: Jirachi
|move|p1a: Arcanine|Will-O-Wisp|p2a: Jirachi
|-status|p2a: Jirachi|brn
|
|-weather|none
|-damage|p2a: Jirachi|102\/404 brn|[from] brn
|turn|9
|
|move|p2a: Jirachi|Iron Head|p1a: Arcanine
|-resisted|p1a: Arcanine
|-damage|p1a: Arcanine|257\/384
|cant|p1a: Arcanine|flinch
|
|-heal|p2a: Jirachi|304\/404 brn|[from] move: Wish|[wisher] Jirachi
|-damage|p2a: Jirachi|254\/404 brn|[from] brn
|turn|10
|
|move|p2a: Jirachi|Wish|p2a: Jirachi
|move|p1a: Arcanine|Sunny Day|p1a: Arcanine
|-weather|SunnyDay
|
|-weather|SunnyDay|[upkeep]
|-damage|p2a: Jirachi|204\/404 brn|[from] brn
|turn|11
|
|move|p2a: Jirachi|Iron Head|p1a: Arcanine
|-resisted|p1a: Arcanine
|-damage|p1a: Arcanine|245\/384
|cant|p1a: Arcanine|flinch
|
|-weather|SunnyDay|[upkeep]
|-heal|p2a: Jirachi|404\/404 brn|[from] move: Wish|[wisher] Jirachi
|-damage|p2a: Jirachi|354\/404 brn|[from] brn
|turn|12
|
|move|p2a: Jirachi|Wish|p2a: Jirachi
|move|p1a: Arcanine|Flare Blitz|p2a: Jirachi
|-supereffective|p2a: Jirachi
|-damage|p2a: Jirachi|0 fnt
|-damage|p1a: Arcanine|128\/384|[from] recoil|[of] p2a: Jirachi
|faint|p2a: Jirachi
|
|-weather|SunnyDay|[upkeep]
|
|switch|p2a: Tornadus-Therian|Tornadus-Therian, M|299\/299
|turn|13
|
|move|p2a: Tornadus-Therian|Air Slash|p1a: Arcanine
|-damage|p1a: Arcanine|0 fnt
|-damage|p2a: Tornadus-Therian|270\/299|[from] item: Life Orb
|faint|p1a: Arcanine
|
|-weather|SunnyDay|[upkeep]
|-heal|p2a: Tornadus-Therian|299\/299|[from] move: Wish|[wisher] Jirachi
|
|switch|p1a: Houndoom|Houndoom, M|292\/292
|-activate|p1a: Houndoom|move: Sticky Web
|-unboost|p1a: Houndoom|spe|1
|-damage|p1a: Houndoom|219\/292|[from] Stealth Rock
|turn|14
|
|-formechange|p1a: Houndoom|Houndoom-Mega
|message|Houndoom has Mega Evolved into Mega Houndoom!
|move|p2a: Tornadus-Therian|Superpower|p1a: Houndoom
|-supereffective|p1a: Houndoom
|-damage|p1a: Houndoom|0 fnt
|-unboost|p2a: Tornadus-Therian|atk|1
|-unboost|p2a: Tornadus-Therian|def|1
|-damage|p2a: Tornadus-Therian|270\/299|[from] item: Life Orb
|faint|p1a: Houndoom
|
|-weather|SunnyDay|[upkeep]
|
|switch|p1a: Escavalier|Escavalier, M|306\/344
|-damage|p1a: Escavalier|263\/344|[from] Stealth Rock
|-activate|p1a: Escavalier|move: Sticky Web
|-unboost|p1a: Escavalier|spe|1
|turn|15
|
|move|p2a: Tornadus-Therian|Knock Off|p1a: Escavalier
|-damage|p1a: Escavalier|194\/344
|-enditem|p1a: Escavalier|Lum Berry|[from] move: Knock Off|[of] p2a: Tornadus-Therian
|-damage|p2a: Tornadus-Therian|241\/299|[from] item: Life Orb
|move|p1a: Escavalier|Knock Off|p2a: Tornadus-Therian
|-damage|p2a: Tornadus-Therian|0 fnt
|faint|p2a: Tornadus-Therian
|
|-weather|SunnyDay|[upkeep]
|
|switch|p2a: Darmanitan|Darmanitan, M|352\/352
|turn|16
|
|move|p2a: Darmanitan|Flare Blitz|p1a: Escavalier
|-supereffective|p1a: Escavalier
|-damage|p1a: Escavalier|0 fnt
|-damage|p2a: Darmanitan|288\/352|[from] recoil|[of] p1a: Escavalier
|faint|p1a: Escavalier
|
|-weather|SunnyDay|[upkeep]
|
|switch|p1a: Leafeon|Leafeon, M|334\/334
|-activate|p1a: Leafeon|move: Sticky Web
|-unboost|p1a: Leafeon|spe|1
|-damage|p1a: Leafeon|293\/334|[from] Stealth Rock
|turn|17
|
|move|p2a: Darmanitan|Flare Blitz|p1a: Leafeon
|-supereffective|p1a: Leafeon
|-damage|p1a: Leafeon|0 fnt
|-damage|p2a: Darmanitan|191\/352|[from] recoil|[of] p1a: Leafeon
|faint|p1a: Leafeon
|
|-weather|none
|
|switch|p1a: Mew|Mew|404\/404
|-activate|p1a: Mew|move: Sticky Web
|-unboost|p1a: Mew|spe|1
|-damage|p1a: Mew|354\/404|[from] Stealth Rock
|turn|18
|
|move|p2a: Darmanitan|Flare Blitz|p1a: Mew
|-damage|p1a: Mew|77\/404
|-damage|p2a: Darmanitan|100\/352|[from] recoil|[of] p1a: Mew
|move|p1a: Mew|Stealth Rock|p2a: Darmanitan
|-sidestart|p2: Caden18|move: Stealth Rock
|
|turn|19
|
|move|p2a: Darmanitan|Flare Blitz|p1a: Mew
|-damage|p1a: Mew|0 fnt
|-damage|p2a: Darmanitan|75\/352|[from] recoil|[of] p1a: Mew
|faint|p1a: Mew
|
|win|Caden18
|raw|Ladder updating...
|raw|sarrodar's rating: 1262 &rarr; <strong>1233<\/strong><br \/>(-29 for losing)
|raw|Caden18's rating: 1210 &rarr; <strong>1239<\/strong><br \/>(+29 for winning)
|chat|Caden18|gg