|join|juancar_eng
|join|sarrodar
|player|p1|juancar_eng|144
|player|p2|sarrodar|121
|gametype|singles
|gen|6
|tier|UU
|rated
|clearpoke
|poke|p1|Galvantula, F
|poke|p1|Braviary, M
|poke|p1|Aggron, F, shiny
|poke|p1|Cofagrigus, F
|poke|p1|Starmie
|poke|p1|Heracross, F
|poke|p2|Slaking, M, shiny
|poke|p2|Kingdra, M, shiny
|poke|p2|Nidoking, M
|poke|p2|Kingler, M
|poke|p2|Seaking, M, shiny
|poke|p2|Slowking, M, shiny
|rule|Sleep Clause Mod: Limit one foe put to sleep
|rule|Species Clause: Limit one of each Pokemon
|rule|OHKO Clause: OHKO moves are banned
|rule|Moody Clause: Moody is banned
|rule|Evasion Moves Clause: Evasion moves are banned
|rule|Endless Battle Clause: Forcing endless battles is banned.
|rule|HP Percentage Mod: HP is reported as percentages
|teampreview
|
|start
|switch|p1a: picardÃ­a|Galvantula, F|281\/281
|switch|p2a: Nidoking|Nidoking, M|304\/304
|turn|1
|chat|juancar_eng|the king of kings
|
|move|p1a: picardÃ­a|Sticky Web|p2a: Nidoking
|-sidestart|p2: sarrodar|move: Sticky Web
|move|p2a: Nidoking|Earth Power|p1a: picardÃ­a
|-enditem|p1a: picardÃ­a|Focus Sash
|-damage|p1a: picardÃ­a|1\/281
|
|turn|2
|chat|sarrodar|yepp xD
|
|move|p1a: picardÃ­a|Energy Ball|p2a: Nidoking
|-damage|p2a: Nidoking|194\/304
|move|p2a: Nidoking|Ice Beam|p1a: picardÃ­a
|-damage|p1a: picardÃ­a|0 fnt
|faint|p1a: picardÃ­a
|
|
|switch|p1a: ConcentraciÃ³n|Starmie|261\/261
|turn|3
|
|switch|p2a: Slowking|Slowking, M, shiny|394\/394
|-activate|p2a: Slowking|move: Sticky Web
|-unboost|p2a: Slowking|spe|1
|move|p1a: ConcentraciÃ³n|Psyshock|p2a: Slowking
|-resisted|p2a: Slowking
|-damage|p2a: Slowking|300\/394
|-damage|p1a: ConcentraciÃ³n|235\/261|[from] item: Life Orb
|
|turn|4
|
|switch|p1a: Crueldad|Cofagrigus, F|320\/320
|move|p2a: Slowking|Surf|p1a: Crueldad
|-damage|p1a: Crueldad|178\/320
|
|-heal|p1a: Crueldad|198\/320|[from] item: Leftovers
|turn|5
|
|move|p1a: Crueldad|Will-O-Wisp|p2a: Slowking|[miss]
|-miss|p1a: Crueldad|p2a: Slowking
|move|p2a: Slowking|Surf|p1a: Crueldad
|-damage|p1a: Crueldad|53\/320
|
|-heal|p1a: Crueldad|73\/320|[from] item: Leftovers
|turn|6
|
|move|p1a: Crueldad|Shadow Ball|p2a: Slowking
|-supereffective|p2a: Slowking
|-damage|p2a: Slowking|184\/394
|move|p2a: Slowking|Surf|p1a: Crueldad
|-damage|p1a: Crueldad|0 fnt
|faint|p1a: Crueldad
|
|
|switch|p1a: theONE|Heracross, F|302\/302
|turn|7
|
|switch|p2a: Seaking|Seaking, M, shiny|364\/364
|-activate|p2a: Seaking|move: Sticky Web
|-unboost|p2a: Seaking|spe|1
|move|p1a: theONE|Knock Off|p2a: Seaking
|-damage|p2a: Seaking|205\/364
|-enditem|p2a: Seaking|Focus Sash|[from] move: Knock Off|[of] p1a: theONE
|
|turn|8
|
|move|p1a: theONE|Close Combat|p2a: Seaking
|-damage|p2a: Seaking|0 fnt
|-unboost|p1a: theONE|def|1
|-unboost|p1a: theONE|spd|1
|faint|p2a: Seaking
|-boost|p1a: theONE|atk|1|[from] ability: Moxie
|
|
|switch|p2a: Nidoking|Nidoking, M|194\/304
|-activate|p2a: Nidoking|move: Sticky Web
|-unboost|p2a: Nidoking|spe|1
|turn|9
|
|move|p1a: theONE|Earthquake|p2a: Nidoking
|-supereffective|p2a: Nidoking
|-damage|p2a: Nidoking|0 fnt
|faint|p2a: Nidoking
|-boost|p1a: theONE|atk|1|[from] ability: Moxie
|
|
|switch|p2a: Kingler|Kingler, M|252\/252
|-activate|p2a: Kingler|move: Sticky Web
|-unboost|p2a: Kingler|spe|1
|turn|10
|
|move|p1a: theONE|Close Combat|p2a: Kingler
|-damage|p2a: Kingler|0 fnt
|-unboost|p1a: theONE|def|1
|-unboost|p1a: theONE|spd|1
|faint|p2a: Kingler
|-boost|p1a: theONE|atk|1|[from] ability: Moxie
|
|chat|juancar_eng|sticky cross
|
|switch|p2a: Slowking|Slowking, M, shiny|315\/394
|-activate|p2a: Slowking|move: Sticky Web
|-unboost|p2a: Slowking|spe|1
|turn|11
|
|move|p1a: theONE|Knock Off|p2a: Slowking
|-supereffective|p2a: Slowking
|-damage|p2a: Slowking|0 fnt
|faint|p2a: Slowking
|-boost|p1a: theONE|atk|1|[from] ability: Moxie
|
|
|switch|p2a: Slaking|Slaking, M, shiny|442\/442
|-activate|p2a: Slaking|move: Sticky Web
|-unboost|p2a: Slaking|spe|1
|turn|12
|
|move|p1a: theONE|Close Combat|p2a: Slaking
|-supereffective|p2a: Slaking
|-damage|p2a: Slaking|0 fnt
|-unboost|p1a: theONE|def|1
|-unboost|p1a: theONE|spd|1
|faint|p2a: Slaking
|-boost|p1a: theONE|atk|1|[from] ability: Moxie
|
|chat|juancar_eng|gg
|chat|sarrodar|taht sweep :P
|
|switch|p2a: Kingdra|Kingdra, M, shiny|291\/291
|-activate|p2a: Kingdra|move: Sticky Web
|-unboost|p2a: Kingdra|spe|1
|turn|13
|chat|juancar_eng|heracross leftovers on stiky are so good
|
|move|p1a: theONE|Close Combat|p2a: Kingdra
|-crit|p2a: Kingdra
|-damage|p2a: Kingdra|0 fnt
|-unboost|p1a: theONE|def|1
|-unboost|p1a: theONE|spd|1
|faint|p2a: Kingdra
|-boost|p1a: theONE|atk|1|[from] ability: Moxie
|
|win|juancar_eng
|raw|Ladder updating...
|raw|juancar_eng's rating: 1379 &rarr; <strong>1392<\/strong><br \/>(+13 for winning)
|raw|sarrodar's rating: 1261 &rarr; <strong>1244<\/strong><br \/>(-17 for losing)
|chat|juancar_eng|nice team
|chat|sarrodar|that*
|chat|sarrodar|it is :P
|chat|sarrodar|well, gg :)