|join|sarrodar
|join|afkl
|player|p1|sarrodar|121
|player|p2|afkl|101
|gametype|singles
|gen|6
|tier|UU
|rated
|clearpoke
|poke|p1|Exeggutor, F
|poke|p1|Hitmontop, M
|poke|p1|Kingdra, M
|poke|p1|Crobat, F
|poke|p1|Cacturne, F
|poke|p1|Aggron, F
|poke|p2|Heracross, F
|poke|p2|Aerodactyl, F
|poke|p2|Victini
|poke|p2|Amoonguss, F
|poke|p2|Quagsire, F
|poke|p2|Flygon, F
|rule|Sleep Clause Mod: Limit one foe put to sleep
|rule|Species Clause: Limit one of each Pokemon
|rule|OHKO Clause: OHKO moves are banned
|rule|Moody Clause: Moody is banned
|rule|Evasion Moves Clause: Evasion moves are banned
|rule|Endless Battle Clause: Forcing endless battles is banned.
|rule|HP Percentage Mod: HP is reported as percentages
|teampreview
|
|start
|switch|p1a: Kingdra|Kingdra, M|291\/291
|switch|p2a: Quagsire|Quagsire, F|394\/394
|turn|1
|
|move|p1a: Kingdra|Substitute|p1a: Kingdra
|-start|p1a: Kingdra|Substitute
|-damage|p1a: Kingdra|219\/291
|move|p2a: Quagsire|Toxic|p1a: Kingdra
|
|-heal|p1a: Kingdra|237\/291|[from] item: Leftovers
|turn|2
|
|move|p1a: Kingdra|Waterfall|p2a: Quagsire
|-damage|p2a: Quagsire|292\/394
|move|p2a: Quagsire|Earthquake|p1a: Kingdra
|-end|p1a: Kingdra|Substitute
|
|-heal|p1a: Kingdra|255\/291|[from] item: Leftovers
|-heal|p2a: Quagsire|316\/394|[from] item: Leftovers
|turn|3
|
|switch|p1a: Exeggutor|Exeggutor, F|394\/394
|move|p2a: Quagsire|Earthquake|p1a: Exeggutor
|-resisted|p1a: Exeggutor
|-damage|p1a: Exeggutor|331\/394
|
|-heal|p2a: Quagsire|340\/394|[from] item: Leftovers
|turn|4
|
|switch|p2a: Victini|Victini|341\/341
|move|p1a: Exeggutor|Psychic|p2a: Victini
|-resisted|p2a: Victini
|-damage|p2a: Victini|257\/341
|
|turn|5
|
|switch|p1a: Aggron|Aggron, F|344\/344
|move|p2a: Victini|Trick|p1a: Aggron
|-activate|p2a: Victini|move: Trick|[of] p1a: Aggron
|-item|p1a: Aggron|Choice Specs|[from] move: Trick
|-item|p2a: Victini|Rocky Helmet|[from] move: Trick
|
|turn|6
|chat|sarrodar|lol :P
|
|switch|p2a: Flygon|Flygon, F|301\/301
|move|p1a: Aggron|Stealth Rock|p2a: Flygon
|-sidestart|p2: afkl|move: Stealth Rock
|
|turn|7
|
|switch|p1a: Crobat|Crobat, F|311\/311
|move|p2a: Flygon|U-turn|p1a: Crobat
|-crit|p1a: Crobat
|-resisted|p1a: Crobat
|-damage|p1a: Crobat|264\/311
|
|switch|p2a: Aerodactyl|Aerodactyl, F|364\/364
|-damage|p2a: Aerodactyl|273\/364|[from] Stealth Rock
|
|turn|8
|
|-formechange|p2a: Aerodactyl|Aerodactyl-Mega
|message|Aerodactyl has Mega Evolved into Mega Aerodactyl!
|move|p1a: Crobat|U-turn|p2a: Aerodactyl
|-resisted|p2a: Aerodactyl
|-damage|p2a: Aerodactyl|217\/364
|
|switch|p1a: Aggron|Aggron, F|344\/344
|move|p2a: Aerodactyl|Stone Edge|p1a: Aggron
|-resisted|p1a: Aggron
|-damage|p1a: Aggron|308\/344
|
|turn|9
|
|move|p2a: Aerodactyl|Defog|p1a: Aggron
|-unboost|p1a: Aggron|evasion|1
|-sideend|p2: afkl|Stealth Rock|[from] move: Defog|[of] p2a: Aerodactyl
|move|p1a: Aggron|Stone Edge|p2a: Aerodactyl
|-supereffective|p2a: Aerodactyl
|-damage|p2a: Aerodactyl|0 fnt
|faint|p2a: Aerodactyl
|
|
|switch|p2a: Victini|Victini|257\/341
|turn|10
|
|move|p2a: Victini|Searing Shot|p1a: Aggron
|-damage|p1a: Aggron|98\/344
|-status|p1a: Aggron|brn
|move|p1a: Aggron|Stone Edge|p2a: Victini
|-supereffective|p2a: Victini
|-damage|p2a: Victini|141\/341
|
|-damage|p1a: Aggron|55\/344 brn|[from] brn
|turn|11
|
|move|p2a: Victini|Searing Shot|p1a: Aggron
|-damage|p1a: Aggron|0 fnt
|faint|p1a: Aggron
|
|
|switch|p1a: Kingdra|Kingdra, M|255\/291
|turn|12
|
|switch|p2a: Quagsire|Quagsire, F|340\/394
|move|p1a: Kingdra|Waterfall|p2a: Quagsire
|-damage|p2a: Quagsire|243\/394
|
|-heal|p1a: Kingdra|273\/291|[from] item: Leftovers
|-heal|p2a: Quagsire|267\/394|[from] item: Leftovers
|turn|13
|
|switch|p1a: Cacturne|Cacturne, F|344\/344
|move|p2a: Quagsire|Toxic|p1a: Cacturne
|-status|p1a: Cacturne|tox
|
|-heal|p2a: Quagsire|291\/394|[from] item: Leftovers
|-damage|p1a: Cacturne|323\/344 tox|[from] psn
|turn|14
|
|switch|p2a: Heracross|Heracross, F|302\/302
|move|p1a: Cacturne|Energy Ball|p2a: Heracross
|-resisted|p2a: Heracross
|-damage|p2a: Heracross|221\/302
|
|-damage|p1a: Cacturne|281\/344 tox|[from] psn
|turn|15
|
|switch|p1a: Crobat|Crobat, F|264\/311
|move|p2a: Heracross|Knock Off|p1a: Crobat
|-damage|p1a: Crobat|129\/311
|-enditem|p1a: Crobat|Choice Band|[from] move: Knock Off|[of] p2a: Heracross
|
|turn|16
|
|switch|p2a: Flygon|Flygon, F|301\/301
|move|p1a: Crobat|Brave Bird|p2a: Flygon
|-damage|p2a: Flygon|105\/301
|-damage|p1a: Crobat|64\/311|[from] recoil|[of] p2a: Flygon
|
|turn|17
|
|switch|p2a: Quagsire|Quagsire, F|291\/394
|move|p1a: Crobat|Brave Bird|p2a: Quagsire
|-damage|p2a: Quagsire|155\/394
|-damage|p1a: Crobat|19\/311|[from] recoil|[of] p2a: Quagsire
|
|-heal|p2a: Quagsire|179\/394|[from] item: Leftovers
|turn|18
|
|move|p1a: Crobat|U-turn|p2a: Quagsire
|-damage|p2a: Quagsire|129\/394
|
|switch|p1a: Cacturne|Cacturne, F|281\/344 tox
|move|p2a: Quagsire|Recover|p2a: Quagsire
|-heal|p2a: Quagsire|326\/394
|
|-heal|p2a: Quagsire|350\/394|[from] item: Leftovers
|-damage|p1a: Cacturne|260\/344 tox|[from] psn
|turn|19
|
|switch|p2a: Amoonguss|Amoonguss, F|432\/432
|move|p1a: Cacturne|Nasty Plot|p1a: Cacturne
|-boost|p1a: Cacturne|spa|2
|
|-damage|p1a: Cacturne|218\/344 tox|[from] psn
|turn|20
|
|move|p1a: Cacturne|Dark Pulse|p2a: Amoonguss
|-damage|p2a: Amoonguss|191\/432
|move|p2a: Amoonguss|Sludge Bomb|p1a: Cacturne
|-supereffective|p1a: Cacturne
|-damage|p1a: Cacturne|0 fnt
|faint|p1a: Cacturne
|
|-heal|p2a: Amoonguss|218\/432|[from] item: Black Sludge
|
|switch|p1a: Exeggutor|Exeggutor, F|331\/394
|turn|21
|
|switch|p2a: Flygon|Flygon, F|105\/301
|move|p1a: Exeggutor|Psychic|p2a: Flygon
|-damage|p2a: Flygon|0 fnt
|faint|p2a: Flygon
|
|
|switch|p2a: Victini|Victini|141\/341
|turn|22
|
|switch|p1a: Kingdra|Kingdra, M|273\/291
|move|p2a: Victini|Searing Shot|p1a: Kingdra
|-resisted|p1a: Kingdra
|-damage|p1a: Kingdra|235\/291
|
|-heal|p1a: Kingdra|253\/291|[from] item: Leftovers
|turn|23
|
|switch|p2a: Quagsire|Quagsire, F|350\/394
|move|p1a: Kingdra|Waterfall|p2a: Quagsire
|-crit|p2a: Quagsire
|-damage|p2a: Quagsire|137\/394
|
|-heal|p1a: Kingdra|271\/291|[from] item: Leftovers
|-heal|p2a: Quagsire|161\/394|[from] item: Leftovers
|turn|24
|
|switch|p1a: Exeggutor|Exeggutor, F|331\/394
|move|p2a: Quagsire|Recover|p2a: Quagsire
|-heal|p2a: Quagsire|358\/394
|
|-heal|p2a: Quagsire|382\/394|[from] item: Leftovers
|turn|25
|
|switch|p2a: Victini|Victini|141\/341
|move|p1a: Exeggutor|Energy Ball|p2a: Victini
|-resisted|p2a: Victini
|-damage|p2a: Victini|50\/341
|-unboost|p2a: Victini|spd|1
|
|turn|26
|
|switch|p1a: Kingdra|Kingdra, M|271\/291
|move|p2a: Victini|Searing Shot|p1a: Kingdra
|-resisted|p1a: Kingdra
|-damage|p1a: Kingdra|230\/291
|
|-heal|p1a: Kingdra|248\/291|[from] item: Leftovers
|turn|27
|
|switch|p1a: Exeggutor|Exeggutor, F|331\/394
|move|p2a: Victini|Psyshock|p1a: Exeggutor
|-resisted|p1a: Exeggutor
|-damage|p1a: Exeggutor|262\/394
|
|turn|28
|
|switch|p1a: Crobat|Crobat, F|19\/311
|move|p2a: Victini|Searing Shot|p1a: Crobat
|-damage|p1a: Crobat|0 fnt
|faint|p1a: Crobat
|
|
|switch|p1a: Kingdra|Kingdra, M|248\/291
|turn|29
|
|move|p2a: Victini|Psyshock|p1a: Kingdra
|-damage|p1a: Kingdra|118\/291
|move|p1a: Kingdra|Waterfall|p2a: Victini
|-supereffective|p2a: Victini
|-damage|p2a: Victini|0 fnt
|-damage|p1a: Kingdra|70\/291|[from] item: Rocky Helmet|[of] p2a: Victini
|faint|p2a: Victini
|
|-heal|p1a: Kingdra|88\/291|[from] item: Leftovers
|
|switch|p2a: Heracross|Heracross, F|221\/302
|turn|30
|
|switch|p1a: Hitmontop|Hitmontop, M|242\/242
|move|p2a: Heracross|Knock Off|p1a: Hitmontop
|-resisted|p1a: Hitmontop
|-damage|p1a: Hitmontop|180\/242
|-enditem|p1a: Hitmontop|Life Orb|[from] move: Knock Off|[of] p2a: Heracross
|
|turn|31
|
|switch|p2a: Quagsire|Quagsire, F|382\/394
|move|p1a: Hitmontop|Aerial Ace|p2a: Quagsire
|-damage|p2a: Quagsire|317\/394
|
|-heal|p2a: Quagsire|341\/394|[from] item: Leftovers
|turn|32
|
|switch|p1a: Exeggutor|Exeggutor, F|262\/394
|move|p2a: Quagsire|Toxic|p1a: Exeggutor
|-status|p1a: Exeggutor|tox
|
|-heal|p2a: Quagsire|365\/394|[from] item: Leftovers
|-damage|p1a: Exeggutor|238\/394 tox|[from] psn
|turn|33
|
|switch|p2a: Amoonguss|Amoonguss, F|362\/432
|move|p1a: Exeggutor|Psychic|p2a: Amoonguss
|-supereffective|p2a: Amoonguss
|-damage|p2a: Amoonguss|84\/432
|
|-heal|p2a: Amoonguss|111\/432|[from] item: Black Sludge
|-damage|p1a: Exeggutor|190\/394 tox|[from] psn
|-enditem|p1a: Exeggutor|Sitrus Berry|[eat]
|-heal|p1a: Exeggutor|288\/394 tox|[from] item: Sitrus Berry
|turn|34
|
|move|p1a: Exeggutor|Psychic|p2a: Amoonguss
|-crit|p2a: Amoonguss
|-supereffective|p2a: Amoonguss
|-damage|p2a: Amoonguss|0 fnt
|faint|p2a: Amoonguss
|
|-damage|p1a: Exeggutor|216\/394 tox|[from] psn
|
|switch|p2a: Heracross|Heracross, F|221\/302
|turn|35
|
|switch|p1a: Hitmontop|Hitmontop, M|180\/242
|move|p2a: Heracross|Megahorn|p1a: Hitmontop
|-resisted|p1a: Hitmontop
|-damage|p1a: Hitmontop|70\/242
|
|turn|36
|
|move|p1a: Hitmontop|Mach Punch|p2a: Heracross
|-resisted|p2a: Heracross
|-damage|p2a: Heracross|164\/302
|move|p2a: Heracross|Megahorn|p1a: Hitmontop|[miss]
|-miss|p2a: Heracross|p1a: Hitmontop
|
|turn|37
|
|move|p1a: Hitmontop|Mach Punch|p2a: Heracross
|-resisted|p2a: Heracross
|-damage|p2a: Heracross|112\/302
|move|p2a: Heracross|Megahorn|p1a: Hitmontop
|-resisted|p1a: Hitmontop
|-damage|p1a: Hitmontop|0 fnt
|faint|p1a: Hitmontop
|-boost|p2a: Heracross|atk|1|[from] ability: Moxie
|
|
|switch|p1a: Kingdra|Kingdra, M|88\/291
|turn|38
|
|move|p2a: Heracross|Megahorn|p1a: Kingdra
|-damage|p1a: Kingdra|0 fnt
|faint|p1a: Kingdra
|-boost|p2a: Heracross|atk|1|[from] ability: Moxie
|
|
|switch|p1a: Exeggutor|Exeggutor, F|216\/394 tox
|turn|39
|
|move|p2a: Heracross|Megahorn|p1a: Exeggutor
|-supereffective|p1a: Exeggutor
|-damage|p1a: Exeggutor|0 fnt
|faint|p1a: Exeggutor
|-boost|p2a: Heracross|atk|1|[from] ability: Moxie
|
|win|afkl
|raw|Ladder updating...
|raw|sarrodar's rating: 1227 &rarr; <strong>1204<\/strong><br \/>(-23 for losing)
|raw|afkl's rating: 1248 &rarr; <strong>1271<\/strong><br \/>(+23 for winning)
|chat|sarrodar|gg
|chat|afkl|gg
|leave|sarrodar
|player|p1