|join|sarrodar
|join|Eljaouhari
|player|p1|sarrodar|170
|player|p2|Eljaouhari|110
|gametype|singles
|gen|6
|tier|UU
|rated
|clearpoke
|poke|p1|Hippowdon, F
|poke|p1|Aron, L1, F, shiny
|poke|p1|Bouffalant, F
|poke|p1|Lanturn, F
|poke|p1|Vanilluxe, F
|poke|p1|Florges, F
|poke|p2|Nidoking, M, shiny
|poke|p2|Ambipom, F, shiny
|poke|p2|Scyther, M, shiny
|poke|p2|Victini, shiny
|poke|p2|Porygon2
|poke|p2|Hitmonchan, M
|rule|Sleep Clause Mod: Limit one foe put to sleep
|rule|Species Clause: Limit one of each Pokemon
|rule|OHKO Clause: OHKO moves are banned
|rule|Moody Clause: Moody is banned
|rule|Evasion Moves Clause: Evasion moves are banned
|rule|Endless Battle Clause: Forcing endless battles is banned.
|rule|HP Percentage Mod: HP is reported as percentages
|teampreview
|
|start
|switch|p1a: Hippowdon|Hippowdon, F|420\/420
|switch|p2a: LolWut|Ambipom, F, shiny|291\/291
|-weather|Sandstorm
|turn|1
|
|move|p2a: LolWut|Knock Off|p1a: Hippowdon
|-crit|p1a: Hippowdon
|-damage|p1a: Hippowdon|281\/420
|-enditem|p1a: Hippowdon|Smooth Rock|[from] move: Knock Off|[of] p2a: LolWut
|-damage|p2a: LolWut|262\/291|[from] item: Life Orb
|move|p1a: Hippowdon|Stealth Rock|p2a: LolWut
|-sidestart|p2: Eljaouhari|move: Stealth Rock
|
|-weather|Sandstorm|[upkeep]
|-damage|p2a: LolWut|244\/291|[from] sandstorm
|turn|2
|
|switch|p2a: CantKillThis2|Porygon2|374\/374
|-damage|p2a: CantKillThis2|328\/374|[from] Stealth Rock
|-ability|p2a: CantKillThis2|Sand Stream|[from] ability: Trace|[of] p1a: Hippowdon
|move|p1a: Hippowdon|Slack Off|p1a: Hippowdon
|-heal|p1a: Hippowdon|420\/420
|
|-weather|Sandstorm|[upkeep]
|-damage|p2a: CantKillThis2|305\/374|[from] sandstorm
|turn|3
|
|switch|p1a: Florges|Florges, F|360\/360
|move|p2a: CantKillThis2|Toxic|p1a: Florges
|-status|p1a: Florges|tox
|
|-weather|Sandstorm|[upkeep]
|-damage|p1a: Florges|338\/360 tox|[from] sandstorm
|-damage|p2a: CantKillThis2|282\/374|[from] sandstorm
|-heal|p1a: Florges|360\/360 tox|[from] item: Leftovers
|-damage|p1a: Florges|338\/360 tox|[from] psn
|turn|4
|
|switch|p2a: Test Boi|Scyther, M, shiny|281\/281
|-damage|p2a: Test Boi|141\/281|[from] Stealth Rock
|move|p1a: Florges|Wish|p1a: Florges
|
|-weather|Sandstorm|[upkeep]
|-damage|p2a: Test Boi|124\/281|[from] sandstorm
|-damage|p1a: Florges|316\/360 tox|[from] sandstorm
|-heal|p1a: Florges|338\/360 tox|[from] item: Leftovers
|-damage|p1a: Florges|294\/360 tox|[from] psn
|turn|5
|
|switch|p1a: Aron|Aron, L1, F, shiny|12\/12
|move|p2a: Test Boi|Defog|p1a: Aron
|-unboost|p1a: Aron|evasion|1
|-sideend|p2: Eljaouhari|Stealth Rock|[from] move: Defog|[of] p2a: Test Boi
|
|-weather|Sandstorm|[upkeep]
|-damage|p2a: Test Boi|107\/281|[from] sandstorm
|turn|6
|
|switch|p2a: LolWut|Ambipom, F, shiny|244\/291
|move|p1a: Aron|Endeavor|p2a: LolWut
|-damage|p2a: LolWut|12\/291
|
|-weather|Sandstorm|[upkeep]
|-damage|p2a: LolWut|0 fnt|[from] sandstorm
|faint|p2a: LolWut
|
|switch|p2a: Nub Cake|Victini, shiny|341\/341
|turn|7
|
|move|p2a: Nub Cake|Will-O-Wisp|p1a: Aron
|-status|p1a: Aron|brn
|move|p1a: Aron|Endeavor|p2a: Nub Cake
|-damage|p2a: Nub Cake|12\/341
|
|-weather|Sandstorm|[upkeep]
|-damage|p2a: Nub Cake|0 fnt|[from] sandstorm
|-damage|p1a: Aron|11\/12 brn|[from] brn
|faint|p2a: Nub Cake
|
|switch|p2a: Test Boi|Scyther, M, shiny|107\/281
|turn|8
|
|switch|p1a: Hippowdon|Hippowdon, F|420\/420
|move|p2a: Test Boi|Aerial Ace|p1a: Hippowdon
|-damage|p1a: Hippowdon|295\/420
|-damage|p2a: Test Boi|79\/281|[from] item: Life Orb
|
|-weather|none
|turn|9
|
|move|p2a: Test Boi|Bug Bite|p1a: Hippowdon
|-damage|p1a: Hippowdon|170\/420
|-damage|p2a: Test Boi|51\/281|[from] item: Life Orb
|move|p1a: Hippowdon|Stealth Rock|p2a: Test Boi
|-sidestart|p2: Eljaouhari|move: Stealth Rock
|
|turn|10
|
|move|p2a: Test Boi|Defog|p1a: Hippowdon
|-unboost|p1a: Hippowdon|evasion|1
|-sideend|p2: Eljaouhari|Stealth Rock|[from] move: Defog|[of] p2a: Test Boi
|move|p1a: Hippowdon|Slack Off|p1a: Hippowdon
|-heal|p1a: Hippowdon|380\/420
|
|turn|11
|
|move|p2a: Test Boi|Tailwind|p2a: Test Boi
|-sidestart|p2: Eljaouhari|move: Tailwind
|move|p1a: Hippowdon|Stealth Rock|p2a: Test Boi
|-sidestart|p2: Eljaouhari|move: Stealth Rock
|
|turn|12
|
|switch|p1a: Florges|Florges, F|294\/360 tox
|move|p2a: Test Boi|Defog|p1a: Florges
|-unboost|p1a: Florges|evasion|1
|-sideend|p2: Eljaouhari|Stealth Rock|[from] move: Defog|[of] p2a: Test Boi
|
|-heal|p1a: Florges|316\/360 tox|[from] item: Leftovers
|-damage|p1a: Florges|294\/360 tox|[from] psn
|turn|13
|
|move|p2a: Test Boi|Aerial Ace|p1a: Florges
|-damage|p1a: Florges|39\/360 tox
|-damage|p2a: Test Boi|23\/281|[from] item: Life Orb
|move|p1a: Florges|Aromatherapy|p1a: Florges
|-cureteam|p1a: Florges|[from] move: Aromatherapy
|
|-heal|p1a: Florges|61\/360|[from] item: Leftovers
|turn|14
|
|switch|p2a: Tyrant|Nidoking, M, shiny|304\/304
|switch|p1a: Hippowdon|Hippowdon, F|380\/420
|-weather|Sandstorm
|
|-weather|Sandstorm|[upkeep]
|-sideend|p2: Eljaouhari|move: Tailwind
|turn|15
|
|move|p2a: Tyrant|Ice Beam|p1a: Hippowdon
|-supereffective|p1a: Hippowdon
|-damage|p1a: Hippowdon|42\/420
|move|p1a: Hippowdon|Stealth Rock|p2a: Tyrant
|-sidestart|p2: Eljaouhari|move: Stealth Rock
|
|-weather|Sandstorm|[upkeep]
|turn|16
|
|move|p2a: Tyrant|Sludge Wave|p1a: Hippowdon
|-resisted|p1a: Hippowdon
|-damage|p1a: Hippowdon|0 fnt
|faint|p1a: Hippowdon
|
|-weather|Sandstorm|[upkeep]
|
|switch|p1a: Bouffalant|Bouffalant, F|394\/394
|turn|17
|
|move|p2a: Tyrant|Sludge Wave|p1a: Bouffalant
|-damage|p1a: Bouffalant|160\/394
|move|p1a: Bouffalant|Earthquake|p2a: Tyrant
|-supereffective|p2a: Tyrant
|-damage|p2a: Tyrant|0 fnt
|faint|p2a: Tyrant
|
|-weather|Sandstorm|[upkeep]
|-damage|p1a: Bouffalant|136\/394|[from] sandstorm
|
|switch|p2a: Conkeldurr Jr.|Hitmonchan, M|242\/242
|-damage|p2a: Conkeldurr Jr.|227\/242|[from] Stealth Rock
|turn|18
|
|move|p2a: Conkeldurr Jr.|Drain Punch|p1a: Bouffalant
|-supereffective|p1a: Bouffalant
|-damage|p1a: Bouffalant|0 fnt
|-heal|p2a: Conkeldurr Jr.|242\/242|[from] drain|[of] p1a: Bouffalant
|faint|p1a: Bouffalant
|
|-weather|none
|
|switch|p1a: Florges|Florges, F|61\/360
|turn|19
|
|move|p1a: Florges|Protect|p1a: Florges
|-singleturn|p1a: Florges|Protect
|move|p2a: Conkeldurr Jr.|Fire Punch|p1a: Florges
|-activate|p1a: Florges|Protect
|
|-heal|p1a: Florges|83\/360|[from] item: Leftovers
|turn|20
|
|switch|p1a: Vanilluxe|Vanilluxe, F|283\/283
|move|p2a: Conkeldurr Jr.|Fire Punch|p1a: Vanilluxe
|-supereffective|p1a: Vanilluxe
|-damage|p1a: Vanilluxe|57\/283
|-boost|p1a: Vanilluxe|spe|1|[from] ability: Weak Armor
|-unboost|p1a: Vanilluxe|def|1|[from] ability: Weak Armor
|
|-heal|p1a: Vanilluxe|74\/283|[from] item: Leftovers
|turn|21
|
|move|p2a: Conkeldurr Jr.|Mach Punch|p1a: Vanilluxe
|-supereffective|p1a: Vanilluxe
|-damage|p1a: Vanilluxe|0 fnt
|faint|p1a: Vanilluxe
|
|
|switch|p1a: Florges|Florges, F|83\/360
|turn|22
|
|move|p1a: Florges|Protect|p1a: Florges
|-singleturn|p1a: Florges|Protect
|move|p2a: Conkeldurr Jr.|Fire Punch|p1a: Florges
|-activate|p1a: Florges|Protect
|
|-heal|p1a: Florges|105\/360|[from] item: Leftovers
|turn|23
|
|switch|p1a: Lanturn|Lanturn, F|454\/454
|move|p2a: Conkeldurr Jr.|Drain Punch|p1a: Lanturn
|-damage|p1a: Lanturn|225\/454
|
|-heal|p1a: Lanturn|253\/454|[from] item: Leftovers
|turn|24
|-activate|p2a: Conkeldurr Jr.|item: Quick Claw
|
|move|p2a: Conkeldurr Jr.|Drain Punch|p1a: Lanturn
|-damage|p1a: Lanturn|30\/454
|move|p1a: Lanturn|Surf|p2a: Conkeldurr Jr.
|-damage|p2a: Conkeldurr Jr.|118\/242
|
|-heal|p1a: Lanturn|58\/454|[from] item: Leftovers
|turn|25
|
|move|p2a: Conkeldurr Jr.|Mach Punch|p1a: Lanturn
|-damage|p1a: Lanturn|0 fnt
|faint|p1a: Lanturn
|
|
|switch|p1a: Florges|Florges, F|105\/360
|turn|26
|
|move|p1a: Florges|Protect|p1a: Florges
|-singleturn|p1a: Florges|Protect
|move|p2a: Conkeldurr Jr.|Fire Punch|p1a: Florges
|-activate|p1a: Florges|Protect
|
|-heal|p1a: Florges|127\/360|[from] item: Leftovers
|turn|27
|-activate|p2a: Conkeldurr Jr.|item: Quick Claw
|
|switch|p1a: Aron|Aron, L1, F, shiny|11\/12
|move|p2a: Conkeldurr Jr.|Fire Punch|p1a: Aron
|-damage|p1a: Aron|0 fnt
|faint|p1a: Aron
|
|
|switch|p1a: Florges|Florges, F|127\/360
|turn|28
|
|move|p1a: Florges|Protect|p1a: Florges
|-singleturn|p1a: Florges|Protect
|move|p2a: Conkeldurr Jr.|Fire Punch|p1a: Florges
|-activate|p1a: Florges|Protect
|
|-heal|p1a: Florges|149\/360|[from] item: Leftovers
|turn|29
|
|move|p2a: Conkeldurr Jr.|Fire Punch|p1a: Florges
|-damage|p1a: Florges|6\/360
|move|p1a: Florges|Wish|p1a: Florges
|
|-heal|p1a: Florges|28\/360|[from] item: Leftovers
|turn|30
|
|switch|p2a: CantKillThis2|Porygon2|282\/374
|-damage|p2a: CantKillThis2|236\/374|[from] Stealth Rock
|-ability|p2a: CantKillThis2|Flower Veil|[from] ability: Trace|[of] p1a: Florges
|move|p1a: Florges|Protect|p1a: Florges
|-fail|p1a: Florges
|
|-heal|p1a: Florges|208\/360|[from] move: Wish|[wisher] Florges
|-heal|p1a: Florges|230\/360|[from] item: Leftovers
|turn|31
|
|move|p1a: Florges|Moonblast|p2a: CantKillThis2
|-damage|p2a: CantKillThis2|145\/374
|-unboost|p2a: CantKillThis2|spa|1
|move|p2a: CantKillThis2|Toxic|p1a: Florges
|-status|p1a: Florges|tox
|
|-heal|p1a: Florges|252\/360 tox|[from] item: Leftovers
|-damage|p1a: Florges|230\/360 tox|[from] psn
|turn|32
|chat|Eljaouhari|crap sorry
|
|switch|p2a: Test Boi|Scyther, M, shiny|23\/281
|-damage|p2a: Test Boi|0 fnt|[from] Stealth Rock
|faint|p2a: Test Boi
|move|p1a: Florges|Aromatherapy|p1a: Florges
|-cureteam|p1a: Florges|[from] move: Aromatherapy
|
|-heal|p1a: Florges|252\/360|[from] item: Leftovers
|
|switch|p2a: Conkeldurr Jr.|Hitmonchan, M|118\/242
|-damage|p2a: Conkeldurr Jr.|103\/242|[from] Stealth Rock
|turn|33
|
|move|p2a: Conkeldurr Jr.|Ice Punch|p1a: Florges
|-damage|p1a: Florges|105\/360
|move|p1a: Florges|Moonblast|p2a: Conkeldurr Jr.
|-crit|p2a: Conkeldurr Jr.
|-supereffective|p2a: Conkeldurr Jr.
|-damage|p2a: Conkeldurr Jr.|0 fnt
|faint|p2a: Conkeldurr Jr.
|
|-heal|p1a: Florges|127\/360|[from] item: Leftovers
|
|switch|p2a: CantKillThis2|Porygon2|145\/374
|-damage|p2a: CantKillThis2|99\/374|[from] Stealth Rock
|-ability|p2a: CantKillThis2|Flower Veil|[from] ability: Trace|[of] p1a: Florges
|turn|34
|
|move|p1a: Florges|Moonblast|p2a: CantKillThis2
|-damage|p2a: CantKillThis2|11\/374
|move|p2a: CantKillThis2|Recover|p2a: CantKillThis2
|-heal|p2a: CantKillThis2|198\/374
|
|-heal|p1a: Florges|149\/360|[from] item: Leftovers
|turn|35
|
|move|p1a: Florges|Wish|p1a: Florges
|move|p2a: CantKillThis2|Toxic|p1a: Florges
|-status|p1a: Florges|tox
|
|-heal|p1a: Florges|171\/360 tox|[from] item: Leftovers
|-damage|p1a: Florges|149\/360 tox|[from] psn
|turn|36
|
|move|p1a: Florges|Aromatherapy|p1a: Florges
|-cureteam|p1a: Florges|[from] move: Aromatherapy
|move|p2a: CantKillThis2|Thunderbolt|p1a: Florges
|-damage|p1a: Florges|111\/360
|
|-heal|p1a: Florges|291\/360|[from] move: Wish|[wisher] Florges
|-heal|p1a: Florges|313\/360|[from] item: Leftovers
|turn|37
|
|move|p1a: Florges|Moonblast|p2a: CantKillThis2
|-damage|p2a: CantKillThis2|114\/374
|move|p2a: CantKillThis2|Recover|p2a: CantKillThis2
|-heal|p2a: CantKillThis2|301\/374
|
|-heal|p1a: Florges|335\/360|[from] item: Leftovers
|turn|38
|
|move|p1a: Florges|Moonblast|p2a: CantKillThis2
|-damage|p2a: CantKillThis2|216\/374
|-unboost|p2a: CantKillThis2|spa|1
|move|p2a: CantKillThis2|Toxic|p1a: Florges
|-status|p1a: Florges|tox
|
|-heal|p1a: Florges|357\/360 tox|[from] item: Leftovers
|-damage|p1a: Florges|335\/360 tox|[from] psn
|turn|39
|
|move|p1a: Florges|Moonblast|p2a: CantKillThis2
|-damage|p2a: CantKillThis2|128\/374
|move|p2a: CantKillThis2|Recover|p2a: CantKillThis2
|-heal|p2a: CantKillThis2|315\/374
|
|-heal|p1a: Florges|357\/360 tox|[from] item: Leftovers
|-damage|p1a: Florges|313\/360 tox|[from] psn
|turn|40
|
|move|p1a: Florges|Aromatherapy|p1a: Florges
|-cureteam|p1a: Florges|[from] move: Aromatherapy
|move|p2a: CantKillThis2|Ice Beam|p1a: Florges
|-damage|p1a: Florges|288\/360
|
|-heal|p1a: Florges|310\/360|[from] item: Leftovers
|turn|41
|
|move|p1a: Florges|Moonblast|p2a: CantKillThis2
|-damage|p2a: CantKillThis2|224\/374
|-unboost|p2a: CantKillThis2|spa|1
|move|p2a: CantKillThis2|Toxic|p1a: Florges
|-status|p1a: Florges|tox
|
|-heal|p1a: Florges|332\/360 tox|[from] item: Leftovers
|-damage|p1a: Florges|310\/360 tox|[from] psn
|turn|42
|
|move|p1a: Florges|Moonblast|p2a: CantKillThis2
|-damage|p2a: CantKillThis2|136\/374
|move|p2a: CantKillThis2|Recover|p2a: CantKillThis2
|-heal|p2a: CantKillThis2|323\/374
|
|-heal|p1a: Florges|332\/360 tox|[from] item: Leftovers
|-damage|p1a: Florges|288\/360 tox|[from] psn
|turn|43
|
|move|p1a: Florges|Moonblast|p2a: CantKillThis2
|-damage|p2a: CantKillThis2|235\/374
|move|p2a: CantKillThis2|Recover|p2a: CantKillThis2
|-heal|p2a: CantKillThis2|374\/374
|
|-heal|p1a: Florges|310\/360 tox|[from] item: Leftovers
|-damage|p1a: Florges|244\/360 tox|[from] psn
|turn|44
|
|move|p1a: Florges|Wish|p1a: Florges
|move|p2a: CantKillThis2|Toxic|p1a: Florges
|-fail|p1a: Florges|tox
|
|-heal|p1a: Florges|266\/360 tox|[from] item: Leftovers
|-damage|p1a: Florges|178\/360 tox|[from] psn
|turn|45
|
|move|p1a: Florges|Aromatherapy|p1a: Florges
|-cureteam|p1a: Florges|[from] move: Aromatherapy
|move|p2a: CantKillThis2|Thunderbolt|p1a: Florges
|-damage|p1a: Florges|160\/360
|
|-heal|p1a: Florges|340\/360|[from] move: Wish|[wisher] Florges
|-heal|p1a: Florges|360\/360|[from] item: Leftovers
|turn|46
|
|move|p1a: Florges|Protect|p1a: Florges
|-singleturn|p1a: Florges|Protect
|move|p2a: CantKillThis2|Toxic|p1a: Florges
|-activate|p1a: Florges|Protect
|
|turn|47
|
|move|p1a: Florges|Moonblast|p2a: CantKillThis2
|-damage|p2a: CantKillThis2|287\/374
|-unboost|p2a: CantKillThis2|spa|1
|move|p2a: CantKillThis2|Toxic|p1a: Florges
|-status|p1a: Florges|tox
|
|-damage|p1a: Florges|338\/360 tox|[from] psn
|turn|48
|
|move|p1a: Florges|Moonblast|p2a: CantKillThis2
|-crit|p2a: CantKillThis2
|-damage|p2a: CantKillThis2|148\/374
|-unboost|p2a: CantKillThis2|spa|1
|move|p2a: CantKillThis2|Recover|p2a: CantKillThis2
|-heal|p2a: CantKillThis2|335\/374
|
|-heal|p1a: Florges|360\/360 tox|[from] item: Leftovers
|-damage|p1a: Florges|316\/360 tox|[from] psn
|turn|49
|
|move|p1a: Florges|Wish|p1a: Florges
|move|p2a: CantKillThis2|Ice Beam|p1a: Florges
|-damage|p1a: Florges|303\/360 tox
|
|-heal|p1a: Florges|325\/360 tox|[from] item: Leftovers
|-damage|p1a: Florges|259\/360 tox|[from] psn
|turn|50
|
|move|p1a: Florges|Moonblast|p2a: CantKillThis2
|-damage|p2a: CantKillThis2|241\/374
|-unboost|p2a: CantKillThis2|spa|1
|move|p2a: CantKillThis2|Thunderbolt|p1a: Florges
|-damage|p1a: Florges|247\/360 tox
|
|-heal|p1a: Florges|360\/360 tox|[from] move: Wish|[wisher] Florges
|-damage|p1a: Florges|272\/360 tox|[from] psn
|turn|51
|
|move|p1a: Florges|Wish|p1a: Florges
|move|p2a: CantKillThis2|Recover|p2a: CantKillThis2
|-heal|p2a: CantKillThis2|374\/374
|
|-heal|p1a: Florges|294\/360 tox|[from] item: Leftovers
|-damage|p1a: Florges|184\/360 tox|[from] psn
|turn|52
|
|move|p1a: Florges|Moonblast|p2a: CantKillThis2
|-damage|p2a: CantKillThis2|290\/374
|move|p2a: CantKillThis2|Toxic|p1a: Florges
|-fail|p1a: Florges|tox
|
|-heal|p1a: Florges|360\/360 tox|[from] move: Wish|[wisher] Florges
|-damage|p1a: Florges|228\/360 tox|[from] psn
|turn|53
|
|move|p1a: Florges|Protect|p1a: Florges
|-singleturn|p1a: Florges|Protect
|move|p2a: CantKillThis2|Ice Beam|p1a: Florges
|-activate|p1a: Florges|Protect
|
|-heal|p1a: Florges|250\/360 tox|[from] item: Leftovers
|-damage|p1a: Florges|96\/360 tox|[from] psn
|turn|54
|
|move|p1a: Florges|Aromatherapy|p1a: Florges
|-cureteam|p1a: Florges|[from] move: Aromatherapy
|move|p2a: CantKillThis2|Toxic|p1a: Florges
|-status|p1a: Florges|tox
|
|-heal|p1a: Florges|118\/360 tox|[from] item: Leftovers
|-damage|p1a: Florges|96\/360 tox|[from] psn
|turn|55
|
|move|p1a: Florges|Wish|p1a: Florges
|move|p2a: CantKillThis2|Thunderbolt|p1a: Florges
|-damage|p1a: Florges|85\/360 tox
|
|-heal|p1a: Florges|107\/360 tox|[from] item: Leftovers
|-damage|p1a: Florges|63\/360 tox|[from] psn
|turn|56
|
|move|p1a: Florges|Moonblast|p2a: CantKillThis2
|-damage|p2a: CantKillThis2|205\/374
|-unboost|p2a: CantKillThis2|spa|1
|move|p2a: CantKillThis2|Recover|p2a: CantKillThis2
|-heal|p2a: CantKillThis2|374\/374
|
|-heal|p1a: Florges|243\/360 tox|[from] move: Wish|[wisher] Florges
|-heal|p1a: Florges|265\/360 tox|[from] item: Leftovers
|-damage|p1a: Florges|199\/360 tox|[from] psn
|turn|57
|
|move|p1a: Florges|Wish|p1a: Florges
|move|p2a: CantKillThis2|Ice Beam|p1a: Florges
|-damage|p1a: Florges|188\/360 tox
|
|-heal|p1a: Florges|210\/360 tox|[from] item: Leftovers
|-damage|p1a: Florges|122\/360 tox|[from] psn
|turn|58
|
|move|p1a: Florges|Moonblast|p2a: CantKillThis2
|-damage|p2a: CantKillThis2|283\/374
|move|p2a: CantKillThis2|Thunderbolt|p1a: Florges
|-damage|p1a: Florges|111\/360 tox
|
|-heal|p1a: Florges|291\/360 tox|[from] move: Wish|[wisher] Florges
|-heal|p1a: Florges|313\/360 tox|[from] item: Leftovers
|-damage|p1a: Florges|203\/360 tox|[from] psn
|turn|59
|
|move|p1a: Florges|Aromatherapy|p1a: Florges
|-cureteam|p1a: Florges|[from] move: Aromatherapy
|move|p2a: CantKillThis2|Ice Beam|p1a: Florges
|-damage|p1a: Florges|193\/360
|
|-heal|p1a: Florges|215\/360|[from] item: Leftovers
|turn|60
|
|move|p1a: Florges|Protect|p1a: Florges
|-singleturn|p1a: Florges|Protect
|move|p2a: CantKillThis2|Recover|p2a: CantKillThis2
|-heal|p2a: CantKillThis2|374\/374
|
|-heal|p1a: Florges|237\/360|[from] item: Leftovers
|turn|61
|
|move|p1a: Florges|Protect|p1a: Florges
|-fail|p1a: Florges
|move|p2a: CantKillThis2|Toxic|p1a: Florges
|-status|p1a: Florges|tox
|
|-heal|p1a: Florges|259\/360 tox|[from] item: Leftovers
|-damage|p1a: Florges|237\/360 tox|[from] psn
|turn|62
|
|move|p1a: Florges|Wish|p1a: Florges
|move|p2a: CantKillThis2|Thunderbolt|p1a: Florges
|-damage|p1a: Florges|227\/360 tox
|
|-heal|p1a: Florges|249\/360 tox|[from] item: Leftovers
|-damage|p1a: Florges|205\/360 tox|[from] psn
|turn|63
|
|move|p1a: Florges|Moonblast|p2a: CantKillThis2
|-damage|p2a: CantKillThis2|284\/374
|move|p2a: CantKillThis2|Ice Beam|p1a: Florges
|-damage|p1a: Florges|195\/360 tox
|
|-heal|p1a: Florges|360\/360 tox|[from] move: Wish|[wisher] Florges
|-damage|p1a: Florges|294\/360 tox|[from] psn
|turn|64
|
|move|p1a: Florges|Wish|p1a: Florges
|move|p2a: CantKillThis2|Recover|p2a: CantKillThis2
|-heal|p2a: CantKillThis2|374\/374
|
|-heal|p1a: Florges|316\/360 tox|[from] item: Leftovers
|-damage|p1a: Florges|228\/360 tox|[from] psn
|turn|65
|
|move|p1a: Florges|Moonblast|p2a: CantKillThis2
|-damage|p2a: CantKillThis2|283\/374
|move|p2a: CantKillThis2|Thunderbolt|p1a: Florges
|-damage|p1a: Florges|218\/360 tox
|
|-heal|p1a: Florges|360\/360 tox|[from] move: Wish|[wisher] Florges
|-damage|p1a: Florges|250\/360 tox|[from] psn
|turn|66
|
|move|p1a: Florges|Wish|p1a: Florges
|move|p2a: CantKillThis2|Recover|p2a: CantKillThis2
|-heal|p2a: CantKillThis2|374\/374
|
|-heal|p1a: Florges|272\/360 tox|[from] item: Leftovers
|-damage|p1a: Florges|140\/360 tox|[from] psn
|turn|67
|
|move|p1a: Florges|Moonblast|p2a: CantKillThis2
|-damage|p2a: CantKillThis2|290\/374
|move|p2a: CantKillThis2|Thunderbolt|p1a: Florges
|-damage|p1a: Florges|130\/360 tox
|
|-heal|p1a: Florges|310\/360 tox|[from] move: Wish|[wisher] Florges
|-heal|p1a: Florges|332\/360 tox|[from] item: Leftovers
|-damage|p1a: Florges|178\/360 tox|[from] psn
|turn|68
|
|move|p1a: Florges|Wish|p1a: Florges
|move|p2a: CantKillThis2|Toxic|p1a: Florges
|-fail|p1a: Florges|tox
|
|-heal|p1a: Florges|200\/360 tox|[from] item: Leftovers
|-damage|p1a: Florges|24\/360 tox|[from] psn
|turn|69
|
|move|p1a: Florges|Aromatherapy|p1a: Florges
|-cureteam|p1a: Florges|[from] move: Aromatherapy
|move|p2a: CantKillThis2|Toxic|p1a: Florges
|-status|p1a: Florges|tox
|
|-heal|p1a: Florges|204\/360 tox|[from] move: Wish|[wisher] Florges
|-heal|p1a: Florges|226\/360 tox|[from] item: Leftovers
|-damage|p1a: Florges|204\/360 tox|[from] psn
|turn|70
|chat|sarrodar|gg
|chat|Eljaouhari|lol long ass battle
|chat|sarrodar|I am out of Aromatherapy :P
|
|move|p1a: Florges|Moonblast|p2a: CantKillThis2
|-damage|p2a: CantKillThis2|197\/374
|move|p2a: CantKillThis2|Recover|p2a: CantKillThis2
|-heal|p2a: CantKillThis2|374\/374
|
|-heal|p1a: Florges|226\/360 tox|[from] item: Leftovers
|-damage|p1a: Florges|182\/360 tox|[from] psn
|turn|71
|chat|Eljaouhari|yea lol
|chat|sarrodar|and you have 3 toxic left :P
|chat|Eljaouhari|yup lol
|
|move|p1a: Florges|Wish|p1a: Florges
|move|p2a: CantKillThis2|Recover|p2a: CantKillThis2
|-fail|p2a: CantKillThis2
|
|-heal|p1a: Florges|204\/360 tox|[from] item: Leftovers
|-damage|p1a: Florges|138\/360 tox|[from] psn
|turn|72
|
|move|p1a: Florges|Protect|p1a: Florges
|-singleturn|p1a: Florges|Protect
|move|p2a: CantKillThis2|Ice Beam|p1a: Florges
|-activate|p1a: Florges|Protect
|
|-heal|p1a: Florges|318\/360 tox|[from] move: Wish|[wisher] Florges
|-heal|p1a: Florges|340\/360 tox|[from] item: Leftovers
|-damage|p1a: Florges|252\/360 tox|[from] psn
|turn|73
|
|move|p1a: Florges|Moonblast|p2a: CantKillThis2
|-damage|p2a: CantKillThis2|292\/374
|move|p2a: CantKillThis2|Thunderbolt|p1a: Florges
|-damage|p1a: Florges|241\/360 tox
|
|-heal|p1a: Florges|263\/360 tox|[from] item: Leftovers
|-damage|p1a: Florges|153\/360 tox|[from] psn
|turn|74
|
|move|p1a: Florges|Moonblast|p2a: CantKillThis2
|-crit|p2a: CantKillThis2
|-damage|p2a: CantKillThis2|165\/374
|move|p2a: CantKillThis2|Recover|p2a: CantKillThis2
|-heal|p2a: CantKillThis2|352\/374
|
|-heal|p1a: Florges|175\/360 tox|[from] item: Leftovers
|-damage|p1a: Florges|43\/360 tox|[from] psn
|turn|75
|
|move|p1a: Florges|Moonblast|p2a: CantKillThis2
|-damage|p2a: CantKillThis2|264\/374
|move|p2a: CantKillThis2|Thunderbolt|p1a: Florges
|-damage|p1a: Florges|33\/360 tox
|
|-heal|p1a: Florges|55\/360 tox|[from] item: Leftovers
|-damage|p1a: Florges|0 fnt|[from] psn
|faint|p1a: Florges
|
|win|Eljaouhari
|raw|Ladder updating...
|raw|sarrodar's rating: 1152 &rarr; <strong>1119<\/strong><br \/>(-33 for losing)
|raw|Eljaouhari's rating: 1040 &rarr; <strong>1085<\/strong><br \/>(+45 for winning)
|chat|sarrodar|stall-war delux xD
|chat|Eljaouhari|lol yup
|chat|sarrodar|well, gg :
|chat|sarrodar|:
|chat|sarrodar|:)
|chat|Eljaouhari|yea gg bro
|leave|sarrodar
|player|p1