|join|sarrodar
|join|DededeWooop
|player|p1|sarrodar|102
|player|p2|DededeWooop|72
|gametype|singles
|gen|6
|tier|UU
|rated
|rule|Sleep Clause Mod: Limit one foe put to sleep
|rule|Species Clause: Limit one of each Pokemon
|rule|OHKO Clause: OHKO moves are banned
|rule|Moody Clause: Moody is banned
|rule|Evasion Moves Clause: Evasion moves are banned
|rule|Endless Battle Clause: Forcing endless battles is banned.
|rule|HP Percentage Mod: HP is reported as percentages
|clearpoke
|poke|p1|Abomasnow, F
|poke|p1|Reuniclus, M
|poke|p1|Escavalier, F
|poke|p1|Porygon2
|poke|p1|Bronzong
|poke|p1|Scrafty, M
|poke|p2|Florges, F
|poke|p2|Krookodile, M, shiny
|poke|p2|Victini
|poke|p2|Gligar, F
|poke|p2|Nidoking, M
|poke|p2|Suicune
|teampreview
|
|start
|switch|p1a: Bronzong|Bronzong|338\/338
|switch|p2a: V-GG|Victini|341\/341
|turn|1
|
|move|p2a: V-GG|V-create|p1a: Bronzong
|-supereffective|p1a: Bronzong
|-damage|p1a: Bronzong|0 fnt
|-unboost|p2a: V-GG|def|1
|-unboost|p2a: V-GG|spd|1
|-unboost|p2a: V-GG|spe|1
|faint|p1a: Bronzong
|
|
|switch|p1a: Porygon2|Porygon2|374\/374
|-ability|p1a: Porygon2|Victory Star|[from] ability: Trace|[of] p2a: V-GG
|turn|2
|
|switch|p2a: Mob|Gligar, F|334\/334
|move|p1a: Porygon2|Trick Room|p1a: Porygon2
|-fieldstart|move: Trick Room|[of] p1a: Porygon2
|
|turn|3
|
|switch|p1a: Abomasnow|Abomasnow, F|384\/384
|-weather|Hail
|switch|p2a: Non Believer|Florges, F|360\/360
|
|-weather|Hail|[upkeep]
|-damage|p2a: Non Believer|338\/360|[from] hail
|-heal|p2a: Non Believer|360\/360|[from] item: Leftovers
|turn|4
|
|switch|p1a: Escavalier|Escavalier, F|344\/344
|move|p2a: Non Believer|Protect|p2a: Non Believer
|-fail|p2a: Non Believer
|
|-weather|Hail|[upkeep]
|-damage|p2a: Non Believer|338\/360|[from] hail
|-heal|p2a: Non Believer|360\/360|[from] item: Leftovers
|turn|5
|
|switch|p2a: Mob|Gligar, F|334\/334
|move|p1a: Escavalier|Knock Off|p2a: Mob
|-damage|p2a: Mob|273\/334
|-enditem|p2a: Mob|Eviolite|[from] move: Knock Off|[of] p1a: Escavalier
|
|-weather|Hail|[upkeep]
|-damage|p2a: Mob|253\/334|[from] hail
|turn|6
|
|switch|p1a: Reuniclus|Reuniclus, M|424\/424
|move|p2a: Mob|Stealth Rock|p1a: Reuniclus
|-sidestart|p1: sarrodar|move: Stealth Rock
|
|-weather|Hail|[upkeep]
|-damage|p2a: Mob|233\/334|[from] hail
|-fieldend|move: Trick Room
|turn|7
|
|switch|p2a: Non Believer|Florges, F|360\/360
|move|p1a: Reuniclus|Trick Room|p1a: Reuniclus
|-fieldstart|move: Trick Room|[of] p1a: Reuniclus
|
|-weather|none
|turn|8
|
|switch|p1a: Escavalier|Escavalier, F|344\/344
|-damage|p1a: Escavalier|301\/344|[from] Stealth Rock
|move|p2a: Non Believer|Wish|p2a: Non Believer
|
|turn|9
|
|switch|p2a: V-GG|Victini|341\/341
|move|p1a: Escavalier|Iron Head|p2a: V-GG
|-resisted|p2a: V-GG
|-damage|p2a: V-GG|255\/341
|
|-heal|p2a: V-GG|341\/341|[from] move: Wish|[wisher] Non Believer
|turn|10
|
|switch|p2a: Mob|Gligar, F|233\/334
|move|p1a: Escavalier|Knock Off|p2a: Mob
|-damage|p2a: Mob|174\/334
|
|turn|11
|
|switch|p1a: Abomasnow|Abomasnow, F|384\/384
|-damage|p1a: Abomasnow|288\/384|[from] Stealth Rock
|-weather|Hail
|move|p2a: Mob|Roost|p2a: Mob
|-heal|p2a: Mob|334\/334
|
|-weather|Hail|[upkeep]
|-damage|p2a: Mob|314\/334|[from] hail
|-fieldend|move: Trick Room
|turn|12
|
|switch|p2a: Non Believer|Florges, F|360\/360
|-formechange|p1a: Abomasnow|Abomasnow-Mega
|message|Abomasnow has Mega Evolved into Mega Abomasnow!
|move|p1a: Abomasnow|Blizzard|p2a: Non Believer
|-damage|p2a: Non Believer|239\/360
|
|-weather|Hail|[upkeep]
|-damage|p2a: Non Believer|217\/360|[from] hail
|-heal|p2a: Non Believer|239\/360|[from] item: Leftovers
|turn|13
|
|move|p2a: Non Believer|Wish|p2a: Non Believer
|move|p1a: Abomasnow|Giga Drain|p2a: Non Believer
|-damage|p2a: Non Believer|161\/360
|-heal|p1a: Abomasnow|327\/384|[from] drain|[of] p2a: Non Believer
|
|-weather|Hail|[upkeep]
|-damage|p2a: Non Believer|139\/360|[from] hail
|-heal|p2a: Non Believer|161\/360|[from] item: Leftovers
|turn|14
|
|switch|p1a: Porygon2|Porygon2|374\/374
|-damage|p1a: Porygon2|328\/374|[from] Stealth Rock
|-ability|p1a: Porygon2|Flower Veil|[from] ability: Trace|[of] p2a: Non Believer
|move|p2a: Non Believer|Moonblast|p1a: Porygon2
|-damage|p1a: Porygon2|262\/374
|
|-weather|Hail|[upkeep]
|-damage|p2a: Non Believer|139\/360|[from] hail
|-damage|p1a: Porygon2|239\/374|[from] hail
|-heal|p2a: Non Believer|319\/360|[from] move: Wish|[wisher] Non Believer
|-heal|p2a: Non Believer|341\/360|[from] item: Leftovers
|turn|15
|
|move|p2a: Non Believer|Toxic|p1a: Porygon2
|-status|p1a: Porygon2|tox
|move|p1a: Porygon2|Trick Room|p1a: Porygon2
|-fieldstart|move: Trick Room|[of] p1a: Porygon2
|
|-weather|none
|-heal|p2a: Non Believer|360\/360|[from] item: Leftovers
|-damage|p1a: Porygon2|216\/374 tox|[from] psn
|turn|16
|
|move|p1a: Porygon2|Toxic|p2a: Non Believer
|-status|p2a: Non Believer|tox
|move|p2a: Non Believer|Wish|p2a: Non Believer
|
|-damage|p1a: Porygon2|170\/374 tox|[from] psn
|-damage|p2a: Non Believer|338\/360 tox|[from] psn
|turn|17
|
|switch|p1a: Escavalier|Escavalier, F|301\/344
|-damage|p1a: Escavalier|258\/344|[from] Stealth Rock
|move|p2a: Non Believer|Moonblast|p1a: Escavalier
|-resisted|p1a: Escavalier
|-damage|p1a: Escavalier|219\/344
|
|-heal|p2a: Non Believer|360\/360 tox|[from] move: Wish|[wisher] Non Believer
|-damage|p2a: Non Believer|316\/360 tox|[from] psn
|turn|18
|
|move|p2a: Non Believer|Protect|p2a: Non Believer
|-singleturn|p2a: Non Believer|Protect
|move|p1a: Escavalier|Iron Head|p2a: Non Believer
|-activate|p2a: Non Believer|Protect
|
|-heal|p2a: Non Believer|338\/360 tox|[from] item: Leftovers
|-damage|p2a: Non Believer|272\/360 tox|[from] psn
|turn|19
|
|switch|p2a: Mob|Gligar, F|314\/334
|move|p1a: Escavalier|Knock Off|p2a: Mob
|-damage|p2a: Mob|257\/334
|
|-fieldend|move: Trick Room
|turn|20
|
|move|p2a: Mob|Earthquake|p1a: Escavalier
|-damage|p1a: Escavalier|128\/344
|move|p1a: Escavalier|Iron Head|p2a: Mob
|-damage|p2a: Mob|137\/334
|
|turn|21
|
|move|p2a: Mob|Roost|p2a: Mob
|-heal|p2a: Mob|304\/334
|move|p1a: Escavalier|Iron Head|p2a: Mob
|-damage|p2a: Mob|189\/334
|
|turn|22
|
|switch|p1a: Reuniclus|Reuniclus, M|424\/424
|move|p2a: Mob|Roost|p2a: Mob
|-heal|p2a: Mob|334\/334
|
|turn|23
|
|switch|p2a: Waves|Suicune|404\/404
|-ability|p2a: Waves|Pressure
|move|p1a: Reuniclus|Psychic|p2a: Waves
|-damage|p2a: Waves|216\/404
|-unboost|p2a: Waves|spd|1
|
|-heal|p2a: Waves|241\/404|[from] item: Leftovers
|turn|24
|
|switch|p2a: Non Believer|Florges, F|272\/360 tox
|move|p1a: Reuniclus|Trick Room|p1a: Reuniclus
|-fieldstart|move: Trick Room|[of] p1a: Reuniclus
|
|-heal|p2a: Non Believer|294\/360 tox|[from] item: Leftovers
|-damage|p2a: Non Believer|272\/360 tox|[from] psn
|turn|25
|
|move|p2a: Non Believer|Protect|p2a: Non Believer
|-singleturn|p2a: Non Believer|Protect
|move|p1a: Reuniclus|Psychic|p2a: Non Believer
|-activate|p2a: Non Believer|Protect
|
|-heal|p2a: Non Believer|294\/360 tox|[from] item: Leftovers
|-damage|p2a: Non Believer|250\/360 tox|[from] psn
|turn|26
|
|move|p1a: Reuniclus|Psychic|p2a: Non Believer
|-damage|p2a: Non Believer|133\/360 tox
|move|p2a: Non Believer|Wish|p2a: Non Believer
|
|-heal|p2a: Non Believer|155\/360 tox|[from] item: Leftovers
|-damage|p2a: Non Believer|89\/360 tox|[from] psn
|turn|27
|
|switch|p1a: Abomasnow|Abomasnow, F|327\/384
|-formechange|p1a: Abomasnow|Abomasnow-Mega
|-damage|p1a: Abomasnow|231\/384|[from] Stealth Rock
|-weather|Hail
|switch|p2a: V-GG|Victini|341\/341
|
|-weather|Hail|[upkeep]
|-damage|p2a: V-GG|320\/341|[from] hail
|-heal|p2a: V-GG|341\/341|[from] move: Wish|[wisher] Non Believer
|turn|28
|
|switch|p2a: Mob|Gligar, F|334\/334
|move|p1a: Abomasnow|Shadow Ball|p2a: Mob
|-damage|p2a: Mob|180\/334
|
|-weather|Hail|[upkeep]
|-damage|p2a: Mob|160\/334|[from] hail
|-fieldend|move: Trick Room
|turn|29
|
|switch|p2a: V-GG|Victini|341\/341
|move|p1a: Abomasnow|Blizzard|p2a: V-GG
|-resisted|p2a: V-GG
|-damage|p2a: V-GG|239\/341
|
|-weather|Hail|[upkeep]
|-damage|p2a: V-GG|218\/341|[from] hail
|turn|30
|
|move|p2a: V-GG|V-create|p1a: Abomasnow
|-supereffective|p1a: Abomasnow
|-damage|p1a: Abomasnow|0 fnt
|-unboost|p2a: V-GG|def|1
|-unboost|p2a: V-GG|spd|1
|-unboost|p2a: V-GG|spe|1
|faint|p1a: Abomasnow
|
|-weather|Hail|[upkeep]
|-damage|p2a: V-GG|197\/341|[from] hail
|
|switch|p1a: Reuniclus|Reuniclus, M|424\/424
|turn|31
|
|move|p2a: V-GG|V-create|p1a: Reuniclus
|-damage|p1a: Reuniclus|0 fnt
|-unboost|p2a: V-GG|def|1
|-unboost|p2a: V-GG|spd|1
|-unboost|p2a: V-GG|spe|1
|faint|p1a: Reuniclus
|
|-weather|none
|
|switch|p1a: Scrafty|Scrafty, M|334\/334
|-damage|p1a: Scrafty|314\/334|[from] Stealth Rock
|turn|32
|
|move|p2a: V-GG|V-create|p1a: Scrafty
|-damage|p1a: Scrafty|0 fnt
|-unboost|p2a: V-GG|def|1
|-unboost|p2a: V-GG|spd|1
|-unboost|p2a: V-GG|spe|1
|faint|p1a: Scrafty
|
|
|switch|p1a: Porygon2|Porygon2|170\/374 tox
|-damage|p1a: Porygon2|124\/374 tox|[from] Stealth Rock
|-ability|p1a: Porygon2|Victory Star|[from] ability: Trace|[of] p2a: V-GG
|turn|33
|
|move|p2a: V-GG|V-create|p1a: Porygon2
|-damage|p1a: Porygon2|0 fnt
|-unboost|p2a: V-GG|def|1
|-unboost|p2a: V-GG|spd|1
|-unboost|p2a: V-GG|spe|1
|faint|p1a: Porygon2
|
|
|switch|p1a: Escavalier|Escavalier, F|128\/344
|-damage|p1a: Escavalier|85\/344|[from] Stealth Rock
|turn|34
|
|move|p2a: V-GG|V-create|p1a: Escavalier
|-supereffective|p1a: Escavalier
|-damage|p1a: Escavalier|0 fnt
|-unboost|p2a: V-GG|def|1
|-unboost|p2a: V-GG|spd|1
|-unboost|p2a: V-GG|spe|1
|faint|p1a: Escavalier
|
|win|DededeWooop
|raw|Ladder updating...
|raw|sarrodar's rating: 1348 &rarr; <strong>1329<\/strong><br \/>(-19 for losing)
|raw|DededeWooop's rating: 1373 &rarr; <strong>1392<\/strong><br \/>(+19 for winning)
|chat|sarrodar|gg
|leave|sarrodar
|player|p1