|join|Zeyangser
|join|sarrodar
|player|p1|Zeyangser|267
|player|p2|sarrodar|101
|gametype|singles
|gen|6
|tier|UU
|rated
|rule|Sleep Clause Mod: Limit one foe put to sleep
|rule|Species Clause: Limit one of each PokÃ©mon
|rule|OHKO Clause: OHKO moves are banned
|rule|Moody Clause: Moody is banned
|rule|Evasion Moves Clause: Evasion moves are banned
|rule|Endless Battle Clause: Forcing endless battles is banned
|rule|HP Percentage Mod: HP is shown in percentages
|clearpoke
|poke|p1|Stoutland, M
|poke|p1|Golem, F
|poke|p1|Camerupt, F
|poke|p1|Sharpedo, M
|poke|p1|Jellicent, F
|poke|p1|Eelektross, M
|poke|p2|Haxorus, F
|poke|p2|Chandelure, F
|poke|p2|Donphan, F
|poke|p2|Poliwrath, F
|poke|p2|Raikou, shiny
|poke|p2|Rotom-Frost
|rule|Swagger Clause: Swagger is banned
|rule|Baton Pass Clause: Limit one PokÃ©mon knowing Baton Pass
|teampreview
|
|start
|switch|p1a: Golem|Golem, F|363\/363
|switch|p2a: Chandelure|Chandelure, F|323\/323
|turn|1
|
|move|p2a: Chandelure|Energy Ball|p1a: Golem
|-supereffective|p1a: Golem
|-activate|p1a: Golem|Sturdy
|-damage|p1a: Golem|1\/363
|move|p1a: Golem|Stealth Rock|p2a: Chandelure
|-sidestart|p2: sarrodar|move: Stealth Rock
|
|-heal|p1a: Golem|23\/363|[from] item: Leftovers
|turn|2
|
|move|p1a: Golem|Sucker Punch|p2a: Chandelure
|-supereffective|p2a: Chandelure
|-damage|p2a: Chandelure|121\/323
|move|p2a: Chandelure|Energy Ball|p1a: Golem
|-supereffective|p1a: Golem
|-damage|p1a: Golem|0 fnt
|faint|p1a: Golem
|
|
|switch|p1a: Stoutland|Stoutland, M|348\/348
|-ability|p1a: Stoutland|Intimidate|[of] p2a: Chandelure
|-unboost|p2a: Chandelure|atk|1
|turn|3
|
|switch|p2a: Donphan|Donphan, F|383\/383
|-damage|p2a: Donphan|360\/383|[from] Stealth Rock
|move|p1a: Stoutland|Crunch|p2a: Donphan
|-crit|p2a: Donphan
|-damage|p2a: Donphan|296\/383
|-unboost|p2a: Donphan|def|1
|
|-heal|p2a: Donphan|319\/383|[from] item: Leftovers
|turn|4
|
|move|p1a: Stoutland|Superpower|p2a: Donphan
|-damage|p2a: Donphan|213\/383
|-unboost|p1a: Stoutland|atk|1
|-unboost|p1a: Stoutland|def|1
|move|p2a: Donphan|Stealth Rock|p1a: Stoutland
|-sidestart|p1: Zeyangser|move: Stealth Rock
|
|-heal|p2a: Donphan|236\/383|[from] item: Leftovers
|turn|5
|
|switch|p1a: Jellicent|Jellicent, F|404\/404
|-damage|p1a: Jellicent|354\/404|[from] Stealth Rock
|move|p2a: Donphan|Rapid Spin|p1a: Jellicent
|-immune|p1a: Jellicent|[msg]
|
|-heal|p1a: Jellicent|379\/404|[from] item: Leftovers
|-heal|p2a: Donphan|259\/383|[from] item: Leftovers
|turn|6
|
|switch|p2a: Poliwrath|Poliwrath, F|383\/383
|-damage|p2a: Poliwrath|360\/383|[from] Stealth Rock
|move|p1a: Jellicent|Scald|p2a: Poliwrath
|-heal|p2a: Poliwrath|383\/383|[from] ability: Water Absorb|[of] p1a: Jellicent
|
|-heal|p1a: Jellicent|404\/404|[from] item: Leftovers
|turn|7
|
|move|p2a: Poliwrath|Rock Tomb|p1a: Jellicent
|-damage|p1a: Jellicent|327\/404
|-unboost|p1a: Jellicent|spe|1
|move|p1a: Jellicent|Will-O-Wisp|p2a: Poliwrath
|-status|p2a: Poliwrath|brn
|
|-heal|p1a: Jellicent|352\/404|[from] item: Leftovers
|-damage|p2a: Poliwrath|336\/383 brn|[from] brn
|turn|8
|
|move|p2a: Poliwrath|Rock Tomb|p1a: Jellicent
|-crit|p1a: Jellicent
|-damage|p1a: Jellicent|297\/404
|-unboost|p1a: Jellicent|spe|1
|move|p1a: Jellicent|Shadow Ball|p2a: Poliwrath
|-damage|p2a: Poliwrath|290\/383 brn
|-unboost|p2a: Poliwrath|spd|1
|
|-heal|p1a: Jellicent|322\/404|[from] item: Leftovers
|-damage|p2a: Poliwrath|243\/383 brn|[from] brn
|turn|9
|
|switch|p2a: Haxorus|Haxorus, F|293\/293
|-damage|p2a: Haxorus|257\/293|[from] Stealth Rock
|-ability|p2a: Haxorus|Mold Breaker
|move|p1a: Jellicent|Shadow Ball|p2a: Haxorus
|-damage|p2a: Haxorus|136\/293
|
|-heal|p1a: Jellicent|347\/404|[from] item: Leftovers
|turn|10
|
|move|p2a: Haxorus|Dragon Dance|p2a: Haxorus
|-boost|p2a: Haxorus|atk|1
|-boost|p2a: Haxorus|spe|1
|move|p1a: Jellicent|Shadow Ball|p2a: Haxorus
|-damage|p2a: Haxorus|22\/293
|
|-heal|p1a: Jellicent|372\/404|[from] item: Leftovers
|turn|11
|
|move|p2a: Haxorus|Dragon Claw|p1a: Jellicent
|-damage|p1a: Jellicent|51\/404
|move|p1a: Jellicent|Scald|p2a: Haxorus
|-resisted|p2a: Haxorus
|-damage|p2a: Haxorus|0 fnt
|faint|p2a: Haxorus
|
|-heal|p1a: Jellicent|76\/404|[from] item: Leftovers
|
|switch|p2a: Donphan|Donphan, F|259\/383
|-damage|p2a: Donphan|236\/383|[from] Stealth Rock
|turn|12
|
|move|p2a: Donphan|Earthquake|p1a: Jellicent
|-damage|p1a: Jellicent|0 fnt
|faint|p1a: Jellicent
|
|-heal|p2a: Donphan|259\/383|[from] item: Leftovers
|
|switch|p1a: Eelektross|Eelektross, M|374\/374
|-damage|p1a: Eelektross|328\/374|[from] Stealth Rock
|turn|13
|
|move|p1a: Eelektross|Giga Drain|p2a: Donphan
|-supereffective|p2a: Donphan
|-damage|p2a: Donphan|19\/383
|-heal|p1a: Eelektross|374\/374|[from] drain|[of] p2a: Donphan
|move|p2a: Donphan|Rapid Spin|p1a: Eelektross
|-damage|p1a: Eelektross|350\/374
|-sideend|p2: sarrodar|Stealth Rock|[from] move: Rapid Spin|[of] p2a: Donphan
|
|-heal|p2a: Donphan|42\/383|[from] item: Leftovers
|turn|14
|
|switch|p2a: Rotom-Frost|Rotom-Frost|303\/303
|move|p1a: Eelektross|Knock Off|p2a: Rotom-Frost
|-damage|p2a: Rotom-Frost|227\/303
|-enditem|p2a: Rotom-Frost|Choice Specs|[from] move: Knock Off|[of] p1a: Eelektross
|
|turn|15
|
|move|p2a: Rotom-Frost|Trick|p1a: Eelektross
|-activate|p2a: Rotom-Frost|move: Trick|[of] p1a: Eelektross
|-item|p2a: Rotom-Frost|Assault Vest|[from] move: Trick
|move|p1a: Eelektross|Flamethrower|p2a: Rotom-Frost
|-crit|p2a: Rotom-Frost
|-supereffective|p2a: Rotom-Frost
|-damage|p2a: Rotom-Frost|47\/303
|
|turn|16
|
|move|p2a: Rotom-Frost|Blizzard|p1a: Eelektross
|-damage|p1a: Eelektross|119\/374
|move|p1a: Eelektross|Flamethrower|p2a: Rotom-Frost
|-crit|p2a: Rotom-Frost
|-supereffective|p2a: Rotom-Frost
|-damage|p2a: Rotom-Frost|0 fnt
|faint|p2a: Rotom-Frost
|
|
|switch|p2a: Chandelure|Chandelure, F|121\/323
|turn|17
|
|move|p2a: Chandelure|Energy Ball|p1a: Eelektross
|-damage|p1a: Eelektross|0 fnt
|faint|p1a: Eelektross
|
|
|switch|p1a: Stoutland|Stoutland, M|348\/348
|-damage|p1a: Stoutland|305\/348|[from] Stealth Rock
|-ability|p1a: Stoutland|Intimidate|[of] p2a: Chandelure
|-unboost|p2a: Chandelure|atk|1
|turn|18
|
|move|p2a: Chandelure|Flamethrower|p1a: Stoutland
|-damage|p1a: Stoutland|202\/348
|move|p1a: Stoutland|Crunch|p2a: Chandelure
|-supereffective|p2a: Chandelure
|-damage|p2a: Chandelure|0 fnt
|faint|p2a: Chandelure
|
|
|switch|p2a: Donphan|Donphan, F|42\/383
|turn|19
|
|move|p2a: Donphan|Ice Shard|p1a: Stoutland
|-damage|p1a: Stoutland|167\/348
|move|p1a: Stoutland|Crunch|p2a: Donphan
|-damage|p2a: Donphan|0 fnt
|faint|p2a: Donphan
|
|
|switch|p2a: Poliwrath|Poliwrath, F|243\/383 brn
|turn|20
|
|move|p1a: Stoutland|Return|p2a: Poliwrath
|-damage|p2a: Poliwrath|102\/383 brn
|move|p2a: Poliwrath|Circle Throw|p1a: Stoutland
|-supereffective|p1a: Stoutland
|-damage|p1a: Stoutland|87\/348
|drag|p1a: Sharpedo|Sharpedo, M|281\/281
|-damage|p1a: Sharpedo|246\/281|[from] Stealth Rock
|
|-damage|p2a: Poliwrath|55\/383 brn|[from] brn
|turn|21
|
|move|p1a: Sharpedo|Protect|p1a: Sharpedo
|-singleturn|p1a: Sharpedo|Protect
|move|p2a: Poliwrath|Circle Throw|p1a: Sharpedo
|-activate|p1a: Sharpedo|Protect
|
|-damage|p2a: Poliwrath|8\/383 brn|[from] brn
|-boost|p1a: Sharpedo|spe|1|[from] ability: Speed Boost
|turn|22
|
|move|p1a: Sharpedo|Poison Jab|p2a: Poliwrath
|-damage|p2a: Poliwrath|0 fnt
|-damage|p1a: Sharpedo|218\/281|[from] item: Life Orb
|faint|p2a: Poliwrath
|
|-boost|p1a: Sharpedo|spe|1|[from] ability: Speed Boost
|
|switch|p2a: Raikou|Raikou, shiny|321\/321
|-ability|p2a: Raikou|Pressure
|turn|23
|
|move|p1a: Sharpedo|Waterfall|p2a: Raikou
|-damage|p2a: Raikou|74\/321
|-damage|p1a: Sharpedo|190\/281|[from] item: Life Orb
|move|p2a: Raikou|Aura Sphere|p1a: Sharpedo
|-supereffective|p1a: Sharpedo
|-damage|p1a: Sharpedo|0 fnt
|faint|p1a: Sharpedo
|
|
|switch|p1a: Camerupt|Camerupt, F|343\/343
|-damage|p1a: Camerupt|301\/343|[from] Stealth Rock
|turn|24
|
|move|p2a: Raikou|Aura Sphere|p1a: Camerupt
|-damage|p1a: Camerupt|179\/343
|move|p1a: Camerupt|Earthquake|p2a: Raikou
|-supereffective|p2a: Raikou
|-damage|p2a: Raikou|0 fnt
|faint|p2a: Raikou
|
|win|Zeyangser
|raw|Ladder updating...
|raw|Zeyangser's rating: 1000 &rarr; <strong>1041<\/strong><br \/>(+41 for winning)
|raw|sarrodar's rating: 1013 &rarr; <strong>1000<\/strong><br \/>(-13 for losing)
|c|âZeyangser|gg
|leave|sarrodar
|player|p2