|join|Damnosaur
|join|Sunder
|player|p1|Damnosaur|220
|player|p2|Sunder|218
|gametype|singles
|tier|[Gen 5] UU
|rated
|rule|Sleep Clause Mod: Limit one foe put to sleep
|rule|Species Clause: Limit one of each Pokemon
|rule|OHKO Clause: OHKO moves are banned
|rule|Moody Clause: Moody is banned
|rule|Evasion Moves Clause: Evasion moves are banned
|rule|HP Percentage Mod: HP is reported as percentages
|rule|Evasion Abilities Clause: Evasion abilities are banned
|clearpoke
|poke|p1|Clefable, M
|poke|p1|Umbreon, M
|poke|p1|Hitmontop, M
|poke|p1|Bronzong
|poke|p1|Zapdos
|poke|p1|Accelgor, F
|poke|p2|Sharpedo, M
|poke|p2|Mawile, F
|poke|p2|Crustle, F
|poke|p2|Weavile, M
|poke|p2|Xatu, M
|poke|p2|Mismagius, F
|teampreview
|callback|decision
|
|start
|switch|p1a: Accelgor|Accelgor, F|301\/301
|switch|p2a: Crustle|Crustle, F|344\/344
|turn|1
|callback|decision
|
|move|p1a: Accelgor|Bug Buzz|p2a: Crustle
|-crit|p2a: Crustle
|-damage|p2a: Crustle|20\/344
|move|p2a: Crustle|Stealth Rock|p1a: Accelgor
|-sidestart|p1: Damnosaur|move: Stealth Rock
|
|-heal|p2a: Crustle|41\/344|[from] item: Leftovers
|turn|2
|callback|decision
|
|move|p1a: Accelgor|Bug Buzz|p2a: Crustle
|-crit|p2a: Crustle
|-damage|p2a: Crustle|0 fnt
|faint|p2a: Crustle
|
|callback|decision
|
|switch|p2a: Xatu|Xatu, M|334\/334
|turn|3
|callback|decision
|
|move|p1a: Accelgor|Bug Buzz|p2a: Xatu
|-damage|p2a: Xatu|157\/334
|move|p2a: Xatu|Reflect|p2a: Xatu
|-sidestart|p2: Sunder|Reflect
|
|turn|4
|callback|decision
|
|switch|p2a: Mawile|Mawile, F|303\/303
|-ability|p2a: Mawile|Intimidate|[of] p1a: Accelgor
|-unboost|p1a: Accelgor|atk|1
|move|p1a: Accelgor|Bug Buzz|p2a: Mawile
|-resisted|p2a: Mawile
|-damage|p2a: Mawile|234\/303
|
|turn|5
|callback|decision
|
|move|p1a: Accelgor|Focus Blast|p2a: Mawile
|-supereffective|p2a: Mawile
|-damage|p2a: Mawile|0 fnt
|faint|p2a: Mawile
|
|callback|decision
|
|switch|p2a: Weavile|Weavile, M|282\/282
|-ability|p2a: Weavile|Pressure
|turn|6
|callback|decision
|
|switch|p2a: Mismagius|Mismagius, F|262\/262
|move|p1a: Accelgor|Bug Buzz|p2a: Mismagius
|-resisted|p2a: Mismagius
|-damage|p2a: Mismagius|203\/262
|-unboost|p2a: Mismagius|spd|1
|
|turn|7
|callback|decision
|
|move|p1a: Accelgor|Bug Buzz|p2a: Mismagius
|-resisted|p2a: Mismagius
|-damage|p2a: Mismagius|112\/262
|move|p2a: Mismagius|Nasty Plot|p2a: Mismagius
|-boost|p2a: Mismagius|spa|2
|
|turn|8
|callback|decision
|
|move|p1a: Accelgor|Bug Buzz|p2a: Mismagius
|-crit|p2a: Mismagius
|-resisted|p2a: Mismagius
|-damage|p2a: Mismagius|0 fnt
|faint|p2a: Mismagius
|
|callback|decision
|chat|Sunder|ok crit.
|
|switch|p2a: Woody|Sharpedo, M|282\/282
|turn|9
|callback|decision
|
|move|p2a: Woody|Protect|p2a: Woody
|-singleturn|p2a: Woody|Protect
|move|p1a: Accelgor|Spikes|p2a: Woody
|-sidestart|p2: Sunder|Spikes
|
|-boost|p2a: Woody|spe|1|[from] ability: Speed Boost
|turn|10
|callback|decision
|
|move|p2a: Woody|Waterfall|p1a: Accelgor
|-enditem|p1a: Accelgor|Focus Sash
|-damage|p1a: Accelgor|1\/301
|-damage|p2a: Woody|254\/282|[from] item: Life Orb
|move|p1a: Accelgor|Bug Buzz|p2a: Woody
|-supereffective|p2a: Woody
|-damage|p2a: Woody|0 fnt
|faint|p2a: Woody
|
|-sideend|p2: Sunder|Reflect
|callback|decision
|chat|Sunder|#1 accelgort
|chat|Sunder|tricky ass build
|chat|Sunder|gg
|
|switch|p2a: Weavile|Weavile, M|282\/282
|-damage|p2a: Weavile|247\/282|[from] Spikes
|-ability|p2a: Weavile|Pressure
|turn|11
|callback|decision
|chat|Damnosaur|its the regular suicide lead build
|
|move|p1a: Accelgor|Bug Buzz|p2a: Weavile
|-supereffective|p2a: Weavile
|-damage|p2a: Weavile|0 fnt
|faint|p2a: Weavile
|
|callback|decision
|chat|Damnosaur|no shard?
|chat|Sunder|I'm new to competitive, so I'm just making this up as I go
|
|switch|p2a: Xatu|Xatu, M|157\/334
|turn|12
|callback|decision
|chat|Damnosaur|oh i see
|
|move|p1a: Accelgor|Bug Buzz|p2a: Xatu
|-damage|p2a: Xatu|0 fnt
|faint|p2a: Xatu
|
|win|Damnosaur
|raw|Ladder updating...
|raw|Damnosaur's rating: 1615 &rarr; <strong>1667<\/strong><br \/>(+52 for winning)
|raw|Sunder's rating: 1517 &rarr; <strong>1498<\/strong><br \/>(-19 for losing)
|chat|Sunder|gg
|leave|Sunder
|player|p2
|chat|Damnosaur|gg sorry for crits