|join|the chimp
|join|Damnosaur
|player|p1|the chimp|214
|player|p2|Damnosaur|220
|gametype|singles
|tier|[Gen 5] UU
|rated
|rule|Sleep Clause Mod: Limit one foe put to sleep
|rule|Species Clause: Limit one of each Pokemon
|rule|OHKO Clause: OHKO moves are banned
|rule|Moody Clause: Moody is banned
|rule|Evasion Moves Clause: Evasion moves are banned
|rule|HP Percentage Mod: HP is reported as percentages
|rule|Evasion Abilities Clause: Evasion abilities are banned
|clearpoke
|poke|p1|Weavile, F
|poke|p1|Sawk, M
|poke|p1|Xatu, M
|poke|p1|Hitmontop, M
|poke|p1|Amoonguss, F
|poke|p1|Swampert, M
|poke|p2|Clefable, M
|poke|p2|Umbreon, F
|poke|p2|Hitmontop, M
|poke|p2|Bronzong
|poke|p2|Zapdos
|poke|p2|Accelgor, F
|teampreview
|callback|decision
|
|start
|switch|p1a: Duster XVI|Amoonguss, F|432\/432
|switch|p2a: Clefable|Clefable, M|332\/332
|turn|1
|callback|decision
|
|move|p2a: Clefable|Fire Blast|p1a: Duster XVI
|-supereffective|p1a: Duster XVI
|-damage|p1a: Duster XVI|141\/432
|-status|p1a: Duster XVI|brn
|move|p1a: Duster XVI|Spore|p2a: Clefable
|-status|p2a: Clefable|slp
|
|-heal|p1a: Duster XVI|168\/432 brn|[from] item: Leftovers
|-damage|p1a: Duster XVI|114\/432 brn|[from] brn
|turn|2
|callback|decision
|
|switch|p1a: CABRERA|Sawk, M|292\/292
|cant|p2a: Clefable|slp
|
|turn|3
|callback|decision
|
|switch|p2a: Hitmontop|Hitmontop, M|304\/304
|-ability|p2a: Hitmontop|Intimidate|[of] p1a: CABRERA
|-unboost|p1a: CABRERA|atk|1
|move|p1a: CABRERA|Close Combat|p2a: Hitmontop
|-damage|p2a: Hitmontop|196\/304
|-unboost|p1a: CABRERA|def|1
|-unboost|p1a: CABRERA|spd|1
|
|-heal|p2a: Hitmontop|215\/304|[from] item: Leftovers
|turn|4
|callback|decision
|join|Woony
|
|switch|p1a: Xatu|Xatu, M|334\/334
|switch|p2a: Zapdos|Zapdos|321\/321
|-ability|p2a: Zapdos|Pressure
|
|turn|5
|callback|decision
|
|switch|p1a: Striker|Swampert, M|404\/404
|move|p2a: Zapdos|Hidden Power|p1a: Striker
|-damage|p1a: Striker|250\/404
|
|-heal|p1a: Striker|275\/404|[from] item: Leftovers
|turn|6
|callback|decision
|
|switch|p2a: Bronzong|Bronzong|338\/338
|move|p1a: Striker|Waterfall|p2a: Bronzong
|-damage|p2a: Bronzong|271\/338
|
|-heal|p1a: Striker|300\/404|[from] item: Leftovers
|-heal|p2a: Bronzong|292\/338|[from] item: Leftovers
|turn|7
|callback|decision
|
|switch|p1a: Xatu|Xatu, M|334\/334
|move|p2a: Bronzong|Gyro Ball|p1a: Xatu
|-damage|p1a: Xatu|228\/334
|
|-heal|p1a: Xatu|248\/334|[from] item: Leftovers
|-heal|p2a: Bronzong|313\/338|[from] item: Leftovers
|turn|8
|callback|decision
|
|switch|p2a: Umbreon|Umbreon, F|394\/394
|move|p1a: Xatu|Night Shade|p2a: Umbreon
|-damage|p2a: Umbreon|294\/394
|
|-heal|p1a: Xatu|268\/334|[from] item: Leftovers
|-heal|p2a: Umbreon|318\/394|[from] item: Leftovers
|turn|9
|callback|decision
|
|switch|p1a: Duster XVI|Amoonguss, F|258\/432 brn
|move|p2a: Umbreon|Heal Bell|p2a: Umbreon
|-cureteam|p2a: Umbreon|[from] move: HealBell
|
|-heal|p2a: Umbreon|342\/394|[from] item: Leftovers
|-heal|p1a: Duster XVI|285\/432 brn|[from] item: Leftovers
|-damage|p1a: Duster XVI|231\/432 brn|[from] brn
|turn|10
|callback|decision
|
|switch|p2a: Accelgor|Accelgor, F|301\/301
|move|p1a: Duster XVI|Spore|p2a: Accelgor
|-status|p2a: Accelgor|slp
|
|-heal|p1a: Duster XVI|258\/432 brn|[from] item: Leftovers
|-damage|p1a: Duster XVI|204\/432 brn|[from] brn
|turn|11
|callback|decision
|
|switch|p1a: Kris|Weavile, F|282\/282
|-ability|p1a: Kris|Pressure
|cant|p2a: Accelgor|slp
|
|turn|12
|callback|decision
|
|move|p1a: Kris|Ice Shard|p2a: Accelgor
|-damage|p2a: Accelgor|1\/301 slp
|-damage|p1a: Kris|254\/282|[from] item: Life Orb
|cant|p2a: Accelgor|slp
|
|turn|13
|callback|decision
|
|switch|p2a: Hitmontop|Hitmontop, M|215\/304
|-ability|p2a: Hitmontop|Intimidate|[of] p1a: Kris
|-unboost|p1a: Kris|atk|1
|move|p1a: Kris|Ice Shard|p2a: Hitmontop
|-damage|p2a: Hitmontop|164\/304
|-damage|p1a: Kris|226\/282|[from] item: Life Orb
|
|-heal|p2a: Hitmontop|183\/304|[from] item: Leftovers
|turn|14
|callback|decision
|
|switch|p1a: Xatu|Xatu, M|268\/334
|move|p2a: Hitmontop|Close Combat|p1a: Xatu
|-resisted|p1a: Xatu
|-damage|p1a: Xatu|233\/334
|-unboost|p2a: Hitmontop|def|1
|-unboost|p2a: Hitmontop|spd|1
|
|-heal|p1a: Xatu|253\/334|[from] item: Leftovers
|-heal|p2a: Hitmontop|202\/304|[from] item: Leftovers
|turn|15
|callback|decision
|
|switch|p2a: Clefable|Clefable, M|332\/332
|move|p1a: Xatu|Night Shade|p2a: Clefable
|-immune|p2a: Clefable|[msg]
|
|-heal|p1a: Xatu|273\/334|[from] item: Leftovers
|turn|16
|callback|decision
|
|switch|p1a: Striker|Swampert, M|300\/404
|move|p2a: Clefable|Double-Edge|p1a: Striker
|-damage|p1a: Striker|96\/404
|
|-heal|p1a: Striker|121\/404|[from] item: Leftovers
|turn|17
|callback|decision
|
|switch|p1a: Topman|Hitmontop, M|304\/304
|-ability|p1a: Topman|Intimidate|[of] p2a: Clefable
|-unboost|p2a: Clefable|atk|1
|move|p2a: Clefable|Double-Edge|p1a: Topman
|-damage|p1a: Topman|194\/304
|
|-heal|p1a: Topman|213\/304|[from] item: Leftovers
|turn|18
|callback|decision
|
|switch|p2a: Bronzong|Bronzong|313\/338
|move|p1a: Topman|Close Combat|p2a: Bronzong
|-damage|p2a: Bronzong|231\/338
|-unboost|p1a: Topman|def|1
|-unboost|p1a: Topman|spd|1
|
|-heal|p1a: Topman|232\/304|[from] item: Leftovers
|-heal|p2a: Bronzong|252\/338|[from] item: Leftovers
|turn|19
|callback|decision
|
|switch|p1a: Xatu|Xatu, M|273\/334
|switch|p2a: Zapdos|Zapdos|321\/321
|-ability|p2a: Zapdos|Pressure
|
|-heal|p1a: Xatu|293\/334|[from] item: Leftovers
|turn|20
|callback|decision
|
|switch|p1a: Duster XVI|Amoonguss, F|348\/432 brn
|move|p2a: Zapdos|Hidden Power|p1a: Duster XVI
|-supereffective|p1a: Duster XVI
|-damage|p1a: Duster XVI|0 fnt
|faint|p1a: Duster XVI
|
|callback|decision
|
|switch|p1a: Kris|Weavile, F|226\/282
|-ability|p1a: Kris|Pressure
|turn|21
|callback|decision
|
|move|p1a: Kris|Pursuit|p2a: Zapdos|[from]Pursuit
|-damage|p2a: Zapdos|105\/321
|-damage|p1a: Kris|198\/282|[from] item: Life Orb
|switch|p2a: Hitmontop|Hitmontop, M|202\/304
|-ability|p2a: Hitmontop|Intimidate|[of] p1a: Kris
|-unboost|p1a: Kris|atk|1
|
|-heal|p2a: Hitmontop|221\/304|[from] item: Leftovers
|turn|22
|callback|decision
|
|switch|p1a: Xatu|Xatu, M|293\/334
|switch|p2a: Bronzong|Bronzong|252\/338
|
|-heal|p1a: Xatu|313\/334|[from] item: Leftovers
|-heal|p2a: Bronzong|273\/338|[from] item: Leftovers
|turn|23
|callback|decision
|
|move|p1a: Xatu|Thunder Wave|p2a: Bronzong
|-status|p2a: Bronzong|par
|move|p2a: Bronzong|Gyro Ball|p1a: Xatu
|-damage|p1a: Xatu|136\/334
|
|-heal|p1a: Xatu|156\/334|[from] item: Leftovers
|-heal|p2a: Bronzong|294\/338 par|[from] item: Leftovers
|turn|24
|callback|decision
|
|switch|p1a: Striker|Swampert, M|121\/404
|cant|p2a: Bronzong|par
|
|-heal|p1a: Striker|146\/404|[from] item: Leftovers
|-heal|p2a: Bronzong|315\/338 par|[from] item: Leftovers
|turn|25
|callback|decision
|
|switch|p2a: Umbreon|Umbreon, F|342\/394
|move|p1a: Striker|Stealth Rock|p2a: Umbreon
|-sidestart|p2: Damnosaur|move: Stealth Rock
|
|-heal|p2a: Umbreon|366\/394|[from] item: Leftovers
|-heal|p1a: Striker|171\/404|[from] item: Leftovers
|turn|26
|callback|decision
|
|switch|p1a: CABRERA|Sawk, M|292\/292
|move|p2a: Umbreon|Wish|p2a: Umbreon
|
|-heal|p2a: Umbreon|390\/394|[from] item: Leftovers
|turn|27
|callback|decision
|
|switch|p2a: Hitmontop|Hitmontop, M|221\/304
|-damage|p2a: Hitmontop|202\/304|[from] Stealth Rock
|-ability|p2a: Hitmontop|Intimidate|[of] p1a: CABRERA
|-unboost|p1a: CABRERA|atk|1
|move|p1a: CABRERA|Close Combat|p2a: Hitmontop
|-damage|p2a: Hitmontop|97\/304
|-unboost|p1a: CABRERA|def|1
|-unboost|p1a: CABRERA|spd|1
|
|-heal|p2a: Hitmontop|294\/304|[from] move: Wish|[wisher] Umbreon
|-heal|p2a: Hitmontop|304\/304|[from] item: Leftovers
|turn|28
|callback|decision
|
|switch|p1a: Xatu|Xatu, M|156\/334
|move|p2a: Hitmontop|Rapid Spin|p1a: Xatu
|-damage|p1a: Xatu|140\/334
|-sideend|p2: Damnosaur|Stealth Rock|[from] move: Rapid Spin|[of] p2a: Hitmontop
|
|-heal|p1a: Xatu|160\/334|[from] item: Leftovers
|turn|29
|callback|decision
|
|switch|p2a: Clefable|Clefable, M|332\/332
|move|p1a: Xatu|Roost|p1a: Xatu
|-heal|p1a: Xatu|327\/334
|
|-heal|p1a: Xatu|334\/334|[from] item: Leftovers
|turn|30
|callback|decision
|
|switch|p1a: Topman|Hitmontop, M|232\/304
|-ability|p1a: Topman|Intimidate|[of] p2a: Clefable
|-unboost|p2a: Clefable|atk|1
|move|p2a: Clefable|Fire Blast|p1a: Topman
|-damage|p1a: Topman|110\/304
|
|-heal|p1a: Topman|129\/304|[from] item: Leftovers
|turn|31
|callback|decision
|
|switch|p1a: Striker|Swampert, M|171\/404
|switch|p2a: Accelgor|Accelgor, F|1\/301 slp
|
|-heal|p1a: Striker|196\/404|[from] item: Leftovers
|turn|32
|callback|decision
|
|cant|p2a: Accelgor|slp
|move|p1a: Striker|Stealth Rock|p2a: Accelgor
|-sidestart|p2: Damnosaur|move: Stealth Rock
|
|-heal|p1a: Striker|221\/404|[from] item: Leftovers
|turn|33
|callback|decision
|
|cant|p2a: Accelgor|slp
|move|p1a: Striker|Waterfall|p2a: Accelgor
|-damage|p2a: Accelgor|0 fnt
|faint|p2a: Accelgor
|
|-heal|p1a: Striker|246\/404|[from] item: Leftovers
|callback|decision
|
|switch|p2a: Hitmontop|Hitmontop, M|304\/304
|-damage|p2a: Hitmontop|285\/304|[from] Stealth Rock
|-ability|p2a: Hitmontop|Intimidate|[of] p1a: Striker
|-unboost|p1a: Striker|atk|1
|turn|34
|callback|decision
|
|move|p2a: Hitmontop|Toxic|p1a: Striker
|-status|p1a: Striker|tox
|move|p1a: Striker|Earthquake|p2a: Hitmontop
|-damage|p2a: Hitmontop|221\/304
|
|-heal|p2a: Hitmontop|240\/304|[from] item: Leftovers
|-heal|p1a: Striker|271\/404 tox|[from] item: Leftovers
|-damage|p1a: Striker|246\/404 tox|[from] psn
|turn|35
|callback|decision
|
|switch|p1a: Xatu|Xatu, M|334\/334
|move|p2a: Hitmontop|Rapid Spin|p1a: Xatu
|-damage|p1a: Xatu|318\/334
|-sideend|p2: Damnosaur|Stealth Rock|[from] move: Rapid Spin|[of] p2a: Hitmontop
|
|-heal|p1a: Xatu|334\/334|[from] item: Leftovers
|-heal|p2a: Hitmontop|259\/304|[from] item: Leftovers
|turn|36
|callback|decision
|
|switch|p1a: CABRERA|Sawk, M|292\/292
|switch|p2a: Umbreon|Umbreon, F|390\/394
|
|-heal|p2a: Umbreon|394\/394|[from] item: Leftovers
|turn|37
|callback|decision
|
|move|p2a: Umbreon|Protect|p2a: Umbreon
|-singleturn|p2a: Umbreon|Protect
|move|p1a: CABRERA|Close Combat|p2a: Umbreon
|-activate|p2a: Umbreon|Protect
|
|turn|38
|callback|decision
|
|switch|p2a: Bronzong|Bronzong|315\/338 par
|move|p1a: CABRERA|Close Combat|p2a: Bronzong
|-damage|p2a: Bronzong|167\/338 par
|-unboost|p1a: CABRERA|def|1
|-unboost|p1a: CABRERA|spd|1
|
|-heal|p2a: Bronzong|188\/338 par|[from] item: Leftovers
|turn|39
|callback|decision
|
|switch|p1a: Striker|Swampert, M|246\/404 tox
|move|p2a: Bronzong|Gyro Ball|p1a: Striker
|-resisted|p1a: Striker
|-damage|p1a: Striker|174\/404 tox
|
|-heal|p1a: Striker|199\/404 tox|[from] item: Leftovers
|-heal|p2a: Bronzong|209\/338 par|[from] item: Leftovers
|-damage|p1a: Striker|174\/404 tox|[from] psn
|turn|40
|callback|decision
|
|switch|p2a: Hitmontop|Hitmontop, M|259\/304
|-ability|p2a: Hitmontop|Intimidate|[of] p1a: Striker
|-unboost|p1a: Striker|atk|1
|move|p1a: Striker|Stealth Rock|p2a: Hitmontop
|-sidestart|p2: Damnosaur|move: Stealth Rock
|
|-heal|p2a: Hitmontop|278\/304|[from] item: Leftovers
|-heal|p1a: Striker|199\/404 tox|[from] item: Leftovers
|-damage|p1a: Striker|149\/404 tox|[from] psn
|turn|41
|callback|decision
|
|switch|p1a: Topman|Hitmontop, M|129\/304
|-ability|p1a: Topman|Intimidate|[of] p2a: Hitmontop
|-unboost|p2a: Hitmontop|atk|1
|move|p2a: Hitmontop|Rapid Spin|p1a: Topman
|-damage|p1a: Topman|120\/304
|-sideend|p2: Damnosaur|Stealth Rock|[from] move: Rapid Spin|[of] p2a: Hitmontop
|
|-heal|p1a: Topman|139\/304|[from] item: Leftovers
|-heal|p2a: Hitmontop|297\/304|[from] item: Leftovers
|turn|42
|callback|decision
|
|switch|p1a: Xatu|Xatu, M|334\/334
|move|p2a: Hitmontop|Toxic|p1a: Xatu
|move|p1a: Xatu|Toxic|p2a: Hitmontop|[from]Magic Bounce|[miss]
|-miss|p1a: Xatu|p2a: Hitmontop
|
|-heal|p2a: Hitmontop|304\/304|[from] item: Leftovers
|turn|43
|callback|decision
|
|switch|p2a: Clefable|Clefable, M|332\/332
|move|p1a: Xatu|Thunder Wave|p2a: Clefable
|-status|p2a: Clefable|par
|
|turn|44
|callback|decision
|
|switch|p1a: Striker|Swampert, M|149\/404 tox
|move|p2a: Clefable|Double-Edge|p1a: Striker
|-crit|p1a: Striker
|-damage|p1a: Striker|0 fnt
|faint|p1a: Striker
|
|callback|decision
|
|switch|p1a: CABRERA|Sawk, M|292\/292
|turn|45
|callback|decision
|
|switch|p2a: Hitmontop|Hitmontop, M|304\/304
|-ability|p2a: Hitmontop|Intimidate|[of] p1a: CABRERA
|-unboost|p1a: CABRERA|atk|1
|move|p1a: CABRERA|Close Combat|p2a: Hitmontop
|-damage|p2a: Hitmontop|198\/304
|-unboost|p1a: CABRERA|def|1
|-unboost|p1a: CABRERA|spd|1
|
|-heal|p2a: Hitmontop|217\/304|[from] item: Leftovers
|turn|46
|callback|decision
|
|switch|p1a: Xatu|Xatu, M|334\/334
|move|p2a: Hitmontop|Close Combat|p1a: Xatu
|-resisted|p1a: Xatu
|-damage|p1a: Xatu|298\/334
|-unboost|p2a: Hitmontop|def|1
|-unboost|p2a: Hitmontop|spd|1
|
|-heal|p1a: Xatu|318\/334|[from] item: Leftovers
|-heal|p2a: Hitmontop|236\/304|[from] item: Leftovers
|turn|47
|callback|decision
|
|switch|p2a: Zapdos|Zapdos|105\/321
|-ability|p2a: Zapdos|Pressure
|move|p1a: Xatu|Psyshock|p2a: Zapdos
|-damage|p2a: Zapdos|8\/321
|
|-heal|p1a: Xatu|334\/334|[from] item: Leftovers
|turn|48
|callback|decision
|
|switch|p1a: Topman|Hitmontop, M|139\/304
|-ability|p1a: Topman|Intimidate|[of] p2a: Zapdos
|-unboost|p2a: Zapdos|atk|1
|move|p2a: Zapdos|Volt Switch|p1a: Topman
|-damage|p1a: Topman|0 fnt
|faint|p1a: Topman
|callback|decision
|
|switch|p2a: Bronzong|Bronzong|209\/338 par
|
|-heal|p2a: Bronzong|230\/338 par|[from] item: Leftovers
|callback|decision
|
|switch|p1a: Xatu|Xatu, M|334\/334
|turn|49
|callback|decision
|
|move|p1a: Xatu|Night Shade|p2a: Bronzong
|-damage|p2a: Bronzong|130\/338 par
|move|p2a: Bronzong|Gyro Ball|p1a: Xatu
|-damage|p1a: Xatu|162\/334
|
|-heal|p1a: Xatu|182\/334|[from] item: Leftovers
|-heal|p2a: Bronzong|151\/338 par|[from] item: Leftovers
|turn|50
|callback|decision
|
|switch|p2a: Umbreon|Umbreon, F|394\/394
|move|p1a: Xatu|Roost|p1a: Xatu
|-heal|p1a: Xatu|334\/334
|
|turn|51
|callback|decision
|
|move|p1a: Xatu|Thunder Wave|p2a: Umbreon
|-status|p2a: Umbreon|par
|-status|p1a: Xatu|par
|move|p2a: Umbreon|Foul Play|p1a: Xatu
|-supereffective|p1a: Xatu
|-damage|p1a: Xatu|166\/334 par
|
|-heal|p1a: Xatu|186\/334 par|[from] item: Leftovers
|turn|52
|callback|decision
|
|switch|p1a: CABRERA|Sawk, M|292\/292
|move|p2a: Umbreon|Heal Bell|p2a: Umbreon
|-cureteam|p2a: Umbreon|[from] move: HealBell
|
|turn|53
|callback|decision
|
|move|p2a: Umbreon|Protect|p2a: Umbreon
|-singleturn|p2a: Umbreon|Protect
|move|p1a: CABRERA|Close Combat|p2a: Umbreon
|-activate|p2a: Umbreon|Protect
|
|turn|54
|callback|decision
|
|switch|p2a: Hitmontop|Hitmontop, M|236\/304
|-ability|p2a: Hitmontop|Intimidate|[of] p1a: CABRERA
|-unboost|p1a: CABRERA|atk|1
|move|p1a: CABRERA|Close Combat|p2a: Hitmontop
|-crit|p2a: Hitmontop
|-damage|p2a: Hitmontop|0 fnt
|-unboost|p1a: CABRERA|def|1
|-unboost|p1a: CABRERA|spd|1
|faint|p2a: Hitmontop
|
|callback|decision
|
|switch|p2a: Zapdos|Zapdos|8\/321
|-ability|p2a: Zapdos|Pressure
|turn|55
|callback|decision
|
|move|p1a: CABRERA|Close Combat|p2a: Zapdos
|-resisted|p2a: Zapdos
|-damage|p2a: Zapdos|0 fnt
|-unboost|p1a: CABRERA|def|1
|-unboost|p1a: CABRERA|spd|1
|faint|p2a: Zapdos
|
|callback|decision
|
|switch|p2a: Bronzong|Bronzong|151\/338
|turn|56
|callback|decision
|
|switch|p1a: Xatu|Xatu, M|186\/334 par
|move|p2a: Bronzong|Gyro Ball|p1a: Xatu
|-damage|p1a: Xatu|159\/334 par
|
|-heal|p2a: Bronzong|172\/338|[from] item: Leftovers
|-heal|p1a: Xatu|179\/334 par|[from] item: Leftovers
|turn|57
|callback|decision
|
|move|p2a: Bronzong|Gyro Ball|p1a: Xatu
|-crit|p1a: Xatu
|-damage|p1a: Xatu|128\/334 par
|move|p1a: Xatu|Roost|p1a: Xatu
|-heal|p1a: Xatu|295\/334 par
|
|-heal|p2a: Bronzong|193\/338|[from] item: Leftovers
|-heal|p1a: Xatu|315\/334 par|[from] item: Leftovers
|turn|58
|callback|decision
|
|move|p2a: Bronzong|Toxic|p1a: Xatu
|move|p1a: Xatu|Toxic|p2a: Bronzong|[from]Magic Bounce|[miss]
|-miss|p1a: Xatu|p2a: Bronzong
|cant|p1a: Xatu|par
|
|-heal|p2a: Bronzong|214\/338|[from] item: Leftovers
|-heal|p1a: Xatu|334\/334 par|[from] item: Leftovers
|turn|59
|callback|decision
|
|move|p2a: Bronzong|Toxic|p1a: Xatu
|move|p1a: Xatu|Toxic|p2a: Bronzong|[from]Magic Bounce
|-fail|p2a: Bronzong
|move|p1a: Xatu|Thunder Wave|p2a: Bronzong
|-status|p2a: Bronzong|par
|
|-heal|p2a: Bronzong|235\/338 par|[from] item: Leftovers
|turn|60
|callback|decision
|
|cant|p1a: Xatu|par
|move|p2a: Bronzong|Gyro Ball|p1a: Xatu
|-damage|p1a: Xatu|235\/334 par
|
|-heal|p1a: Xatu|255\/334 par|[from] item: Leftovers
|-heal|p2a: Bronzong|256\/338 par|[from] item: Leftovers
|turn|61
|callback|decision
|
|switch|p2a: Clefable|Clefable, M|332\/332
|move|p1a: Xatu|Night Shade|p2a: Clefable
|-immune|p2a: Clefable|[msg]
|
|-heal|p1a: Xatu|275\/334 par|[from] item: Leftovers
|turn|62
|callback|decision
|
|move|p2a: Clefable|Double-Edge|p1a: Xatu
|-damage|p1a: Xatu|51\/334 par
|move|p1a: Xatu|Thunder Wave|p2a: Clefable
|-status|p2a: Clefable|par
|
|-heal|p1a: Xatu|71\/334 par|[from] item: Leftovers
|turn|63
|callback|decision
|
|move|p1a: Xatu|Psyshock|p2a: Clefable
|-damage|p2a: Clefable|221\/332 par
|move|p2a: Clefable|Double-Edge|p1a: Xatu
|-damage|p1a: Xatu|0 fnt
|faint|p1a: Xatu
|
|callback|decision
|
|switch|p1a: Kris|Weavile, F|198\/282
|-ability|p1a: Kris|Pressure
|turn|64
|callback|decision
|
|move|p1a: Kris|Low Kick|p2a: Clefable
|-supereffective|p2a: Clefable
|-damage|p2a: Clefable|0 fnt
|-damage|p1a: Kris|170\/282|[from] item: Life Orb
|faint|p2a: Clefable
|
|callback|decision
|
|switch|p2a: Bronzong|Bronzong|256\/338 par
|turn|65
|callback|decision
|
|move|p1a: Kris|Low Kick|p2a: Bronzong
|-damage|p2a: Bronzong|161\/338 par
|-damage|p1a: Kris|142\/282|[from] item: Life Orb
|move|p2a: Bronzong|Gyro Ball|p1a: Kris
|-supereffective|p1a: Kris
|-damage|p1a: Kris|0 fnt
|faint|p1a: Kris
|
|-heal|p2a: Bronzong|182\/338 par|[from] item: Leftovers
|callback|decision
|-message|the chimp forfeited.
|
|win|Damnosaur
|raw|Ladder updating...
|raw|the chimp's rating: 1853 &rarr; <strong>1850<\/strong><br \/>(-3 for losing)
|raw|Damnosaur's rating: 1823 &rarr; <strong>1850<\/strong><br \/>(+27 for winning)