|join|FurryFuryFurball
|join|Damnosaur
|player|p1|FurryFuryFurball|184
|player|p2|Damnosaur|220
|gametype|singles
|tier|[Gen 5] UU
|rule|Sleep Clause Mod: Limit one foe put to sleep
|rule|Species Clause: Limit one of each Pokemon
|rule|OHKO Clause: OHKO moves are banned
|rule|Moody Clause: Moody is banned
|rule|Evasion Moves Clause: Evasion moves are banned
|rule|HP Percentage Mod: HP is reported as percentages
|rule|Evasion Abilities Clause: Evasion abilities are banned
|clearpoke
|poke|p1|Ambipom, F
|poke|p1|Sharpedo, F
|poke|p1|Togekiss, M
|poke|p1|Suicune
|poke|p1|Rhyperior, M
|poke|p1|Roserade, F
|poke|p2|Dusclops, F
|poke|p2|Roserade, F
|poke|p2|Rhyperior, F
|poke|p2|Blastoise, F
|poke|p2|Umbreon, F
|poke|p2|Darmanitan, M
|teampreview
|callback|decision
|join|Woony
|
|start
|switch|p1a: Rhyperior|Rhyperior, M|434\/434
|switch|p2a: Dusclops|Dusclops, F|284\/284
|-ability|p2a: Dusclops|Pressure
|turn|1
|callback|decision
|
|move|p1a: Rhyperior|Earthquake|p2a: Dusclops
|-crit|p2a: Dusclops
|-damage|p2a: Dusclops|64\/284
|-damage|p1a: Rhyperior|391\/434|[from] item: Life Orb
|move|p2a: Dusclops|Will-O-Wisp|p1a: Rhyperior
|-status|p1a: Rhyperior|brn
|
|-damage|p1a: Rhyperior|337\/434 brn|[from] brn
|turn|2
|callback|decision
|
|move|p1a: Rhyperior|Earthquake|p2a: Dusclops
|-damage|p2a: Dusclops|12\/284
|-damage|p1a: Rhyperior|294\/434 brn|[from] item: Life Orb
|move|p2a: Dusclops|Rest|p2a: Dusclops
|-status|p2a: Dusclops|slp
|-heal|p2a: Dusclops|284\/284 slp|[silent]
|-status|p2a: Dusclops|slp|[from] move: Rest
|
|-damage|p1a: Rhyperior|240\/434 brn|[from] brn
|turn|3
|callback|decision
|chat|FurryFuryFurball|shett
|chat|Damnosaur|>.>
|chat|Damnosaur|first turn was a crit
|chat|Damnosaur|dont forget
|
|switch|p1a: Roserade|Roserade, F|324\/324
|switch|p2a: Umbreon|Umbreon, F|394\/394
|
|turn|4
|callback|decision
|
|move|p1a: Roserade|Sleep Powder|p2a: Umbreon
|-status|p2a: Umbreon|slp
|cant|p2a: Umbreon|slp
|
|turn|5
|callback|decision
|
|move|p1a: Roserade|Aromatherapy|p1a: Roserade
|-cureteam|p1a: Roserade|[from] move: Aromatherapy
|cant|p2a: Umbreon|slp
|
|turn|6
|callback|decision
|
|switch|p2a: Blastoise|Blastoise, F|362\/362
|move|p1a: Roserade|Giga Drain|p2a: Blastoise
|-supereffective|p2a: Blastoise
|-damage|p2a: Blastoise|120\/362
|-damage|p1a: Roserade|292\/324|[from] item: Life Orb
|
|-heal|p2a: Blastoise|142\/362|[from] item: Leftovers
|turn|7
|callback|decision
|chat|FurryFuryFurball|DAMN
|chat|Woony|why
|
|switch|p2a: Umbreon|Umbreon, F|394\/394 slp
|move|p1a: Roserade|Sleep Powder|p2a: Umbreon
|-fail|p2a: Umbreon|slp
|
|turn|8
|callback|decision
|chat|Woony|whyyy
|chat|Woony|why you sleep powder twice
|
|move|p1a: Roserade|Giga Drain|p2a: Umbreon
|-crit|p2a: Umbreon
|-damage|p2a: Umbreon|167\/394 slp
|-heal|p1a: Roserade|324\/324|[from] drain|[of] p2a: Umbreon
|-damage|p1a: Roserade|292\/324|[from] item: Life Orb
|cant|p2a: Umbreon|slp
|
|-heal|p2a: Umbreon|191\/394 slp|[from] item: Leftovers
|turn|9
|callback|decision
|chat|Woony|sleep clause
|chat|Damnosaur|actually
|chat|Damnosaur|no i cant
|chat|Damnosaur|shet
|
|cant|p2a: Umbreon|slp
|move|p1a: Roserade|Giga Drain|p2a: Umbreon
|-damage|p2a: Umbreon|69\/394 slp
|-heal|p1a: Roserade|324\/324|[from] drain|[of] p2a: Umbreon
|-damage|p1a: Roserade|292\/324|[from] item: Life Orb
|
|-heal|p2a: Umbreon|93\/394 slp|[from] item: Leftovers
|turn|10
|callback|decision
|chat|Woony|cleric asleep lol
|
|-curestatus|p2a: Umbreon|slp
|move|p2a: Umbreon|Protect|p2a: Umbreon
|-singleturn|p2a: Umbreon|Protect
|move|p1a: Roserade|Giga Drain|p2a: Umbreon
|-activate|p2a: Umbreon|Protect
|
|-heal|p2a: Umbreon|117\/394|[from] item: Leftovers
|turn|11
|callback|decision
|chat|Woony|wow
|chat|Woony|wWOOWO
|chat|Woony|IWSJFOI
|
|switch|p2a: Dusclops|Dusclops, F|284\/284 slp
|-ability|p2a: Dusclops|Pressure
|move|p1a: Roserade|Sleep Powder|p2a: Dusclops|[miss]
|-miss|p1a: Roserade|p2a: Dusclops
|
|turn|12
|callback|decision
|chat|Woony|cant survive tho
|
|move|p1a: Roserade|Giga Drain|p2a: Dusclops
|-damage|p2a: Dusclops|179\/284 slp
|-heal|p1a: Roserade|324\/324|[from] drain|[of] p2a: Dusclops
|-damage|p1a: Roserade|292\/324|[from] item: Life Orb
|cant|p2a: Dusclops|slp
|
|turn|13
|callback|decision
|chat|Woony|stalllllllllllllllllllllllllllllllllllllllllllllllllllllllllllllllllllllll
|
|move|p1a: Roserade|Giga Drain|p2a: Dusclops
|-damage|p2a: Dusclops|74\/284 slp
|-heal|p1a: Roserade|324\/324|[from] drain|[of] p2a: Dusclops
|-damage|p1a: Roserade|292\/324|[from] item: Life Orb
|cant|p2a: Dusclops|slp
|
|turn|14
|callback|decision
|
|move|p1a: Roserade|Giga Drain|p2a: Dusclops
|-damage|p2a: Dusclops|0 fnt
|-heal|p1a: Roserade|324\/324|[from] drain|[of] p2a: Dusclops
|-damage|p1a: Roserade|292\/324|[from] item: Life Orb
|faint|p2a: Dusclops
|
|callback|decision
|chat|FurryFuryFurball|wad
|
|switch|p2a: Darmanitan|Darmanitan, M|351\/351
|turn|15
|callback|decision
|
|move|p2a: Darmanitan|Flare Blitz|p1a: Roserade
|-supereffective|p1a: Roserade
|-damage|p1a: Roserade|0 fnt
|-damage|p2a: Darmanitan|255\/351|[from] recoil|[of] p1a: Roserade
|faint|p1a: Roserade
|
|callback|decision
|chat|FurryFuryFurball|shyt why so fast
|chat|Woony|sleep turns dont reset in gen 6
|chat|Damnosaur|magic
|chat|Woony|scarfed
|
|switch|p1a: Sharpedo|Sharpedo, F|281\/281
|turn|16
|callback|decision
|chat|FurryFuryFurball|nth to do
|chat|FurryFuryFurball|this turn
|chat|FurryFuryFurball|so eq
|
|move|p2a: Darmanitan|Flare Blitz|p1a: Sharpedo
|-resisted|p1a: Sharpedo
|-damage|p1a: Sharpedo|5\/281
|-damage|p2a: Darmanitan|164\/351|[from] recoil|[of] p1a: Sharpedo
|move|p1a: Sharpedo|Earthquake|p2a: Darmanitan
|-supereffective|p2a: Darmanitan
|-damage|p2a: Darmanitan|0 fnt
|-damage|p1a: Sharpedo|0 fnt|[from] item: Life Orb
|faint|p2a: Darmanitan
|faint|p1a: Sharpedo
|
|callback|decision
|chat|Woony|darmanitans speed is 95 rose's 90
|chat|FurryFuryFurball|HAH 2%
|chat|Damnosaur|good job darm
|
|switch|p1a: Togekiss|Togekiss, M|312\/312
|switch|p2a: Umbreon|Umbreon, F|117\/394
|turn|17
|callback|decision
|
|move|p2a: Umbreon|Protect|p2a: Umbreon
|-singleturn|p2a: Umbreon|Protect
|move|p1a: Togekiss|Thunder Wave|p2a: Umbreon
|-activate|p2a: Umbreon|Protect
|
|-heal|p2a: Umbreon|141\/394|[from] item: Leftovers
|turn|18
|callback|decision
|
|move|p1a: Togekiss|Nasty Plot|p1a: Togekiss
|-boost|p1a: Togekiss|spa|2
|move|p2a: Umbreon|Heal Bell|p2a: Umbreon
|-cureteam|p2a: Umbreon|[from] move: HealBell
|
|-heal|p2a: Umbreon|165\/394|[from] item: Leftovers
|turn|19
|callback|decision
|
|move|p1a: Togekiss|Thunder Wave|p2a: Umbreon
|-status|p2a: Umbreon|par
|-status|p1a: Togekiss|par
|move|p2a: Umbreon|Wish|p2a: Umbreon
|
|-heal|p2a: Umbreon|189\/394 par|[from] item: Leftovers
|turn|20
|callback|decision
|chat|FurryFuryFurball|wtf
|
|switch|p2a: Blastoise|Blastoise, F|142\/362
|cant|p1a: Togekiss|par
|
|-heal|p2a: Blastoise|339\/362|[from] move: Wish|[wisher] Umbreon
|-heal|p2a: Blastoise|361\/362|[from] item: Leftovers
|turn|21
|callback|decision
|chat|FurryFuryFurball|gg kiss
|
|switch|p2a: Rhyperior|Rhyperior, F|434\/434
|switch|p1a: Suicune|Suicune|404\/404
|-ability|p1a: Suicune|Pressure
|
|turn|22
|callback|decision
|
|switch|p2a: Blastoise|Blastoise, F|361\/362
|move|p1a: Suicune|Calm Mind|p1a: Suicune
|-boost|p1a: Suicune|spa|1
|-boost|p1a: Suicune|spd|1
|
|-heal|p2a: Blastoise|362\/362|[from] item: Leftovers
|turn|23
|callback|decision
|
|move|p1a: Suicune|Calm Mind|p1a: Suicune
|-boost|p1a: Suicune|spa|1
|-boost|p1a: Suicune|spd|1
|move|p2a: Blastoise|Roar|p1a: Suicune
|drag|p1a: Ambipom|Ambipom, F|291\/291
|
|turn|24
|callback|decision
|chat|FurryFuryFurball|FK U
|
|switch|p2a: Rhyperior|Rhyperior, F|434\/434
|move|p1a: Ambipom|Fake Out|p2a: Rhyperior
|-resisted|p2a: Rhyperior
|-damage|p2a: Rhyperior|399\/434
|-damage|p1a: Ambipom|262\/291|[from] item: Life Orb
|
|-heal|p2a: Rhyperior|426\/434|[from] item: Leftovers
|turn|25
|callback|decision
|
|switch|p1a: Suicune|Suicune|404\/404
|-ability|p1a: Suicune|Pressure
|move|p2a: Rhyperior|Stealth Rock|p1a: Suicune
|-sidestart|p1: FurryFuryFurball|move: Stealth Rock
|
|-heal|p2a: Rhyperior|434\/434|[from] item: Leftovers
|turn|26
|callback|decision
|chat|FurryFuryFurball|how a tortoise roar
|
|switch|p2a: Blastoise|Blastoise, F|362\/362
|move|p1a: Suicune|Scald|p2a: Blastoise
|-resisted|p2a: Blastoise
|-damage|p2a: Blastoise|333\/362
|
|-heal|p2a: Blastoise|355\/362|[from] item: Leftovers
|turn|27
|callback|decision
|chat|Damnosaur|magic
|chat|Woony|lol
|
|move|p1a: Suicune|Scald|p2a: Blastoise
|-resisted|p2a: Blastoise
|-damage|p2a: Blastoise|325\/362
|move|p2a: Blastoise|Toxic|p1a: Suicune
|-status|p1a: Suicune|tox
|
|-heal|p2a: Blastoise|347\/362|[from] item: Leftovers
|-damage|p1a: Suicune|379\/404 tox|[from] psn
|turn|28
|callback|decision
|
|move|p1a: Suicune|Rest|p1a: Suicune
|-status|p1a: Suicune|slp
|-heal|p1a: Suicune|404\/404 slp|[silent]
|-status|p1a: Suicune|slp|[from] move: Rest
|move|p2a: Blastoise|Roar|p1a: Suicune
|drag|p1a: Togekiss|Togekiss, M|312\/312 par
|-damage|p1a: Togekiss|234\/312 par|[from] Stealth Rock
|
|-heal|p2a: Blastoise|362\/362|[from] item: Leftovers
|-heal|p1a: Togekiss|253\/312 par|[from] item: Leftovers
|turn|29
|callback|decision
|
|switch|p2a: Umbreon|Umbreon, F|189\/394 par
|cant|p1a: Togekiss|par
|
|-heal|p1a: Togekiss|272\/312 par|[from] item: Leftovers
|-heal|p2a: Umbreon|213\/394 par|[from] item: Leftovers
|turn|30
|callback|decision
|
|move|p1a: Togekiss|Air Slash|p2a: Umbreon
|-damage|p2a: Umbreon|131\/394 par
|cant|p2a: Umbreon|flinch
|
|-heal|p1a: Togekiss|291\/312 par|[from] item: Leftovers
|-heal|p2a: Umbreon|155\/394 par|[from] item: Leftovers
|turn|31
|callback|decision
|
|move|p1a: Togekiss|Air Slash|p2a: Umbreon
|-damage|p2a: Umbreon|79\/394 par
|cant|p2a: Umbreon|par
|
|-heal|p1a: Togekiss|310\/312 par|[from] item: Leftovers
|-heal|p2a: Umbreon|103\/394 par|[from] item: Leftovers
|turn|32
|callback|decision
|chat|FurryFuryFurball|hehe
|
|move|p2a: Umbreon|Protect|p2a: Umbreon
|-singleturn|p2a: Umbreon|Protect
|move|p1a: Togekiss|Air Slash|p2a: Umbreon
|-activate|p2a: Umbreon|Protect
|
|-heal|p1a: Togekiss|312\/312 par|[from] item: Leftovers
|-heal|p2a: Umbreon|127\/394 par|[from] item: Leftovers
|turn|33
|callback|decision
|
|cant|p1a: Togekiss|par
|move|p2a: Umbreon|Heal Bell|p2a: Umbreon
|-cureteam|p2a: Umbreon|[from] move: HealBell
|
|-heal|p2a: Umbreon|151\/394|[from] item: Leftovers
|turn|34
|callback|decision
|chat|Damnosaur|hehe
|chat|Woony|lol
|
|move|p2a: Umbreon|Wish|p2a: Umbreon
|move|p1a: Togekiss|Thunder Wave|p2a: Umbreon
|-status|p2a: Umbreon|par
|
|-heal|p2a: Umbreon|175\/394 par|[from] item: Leftovers
|turn|35
|callback|decision
|
|move|p1a: Togekiss|Nasty Plot|p1a: Togekiss
|-boost|p1a: Togekiss|spa|2
|move|p2a: Umbreon|Heal Bell|p2a: Umbreon
|-cureteam|p2a: Umbreon|[from] move: HealBell
|
|-heal|p2a: Umbreon|372\/394|[from] move: Wish|[wisher] Umbreon
|-heal|p2a: Umbreon|394\/394|[from] item: Leftovers
|turn|36
|callback|decision
|
|switch|p2a: Rhyperior|Rhyperior, F|434\/434
|move|p1a: Togekiss|Air Slash|p2a: Rhyperior
|-resisted|p2a: Rhyperior
|-damage|p2a: Rhyperior|197\/434
|
|-heal|p2a: Rhyperior|224\/434|[from] item: Leftovers
|turn|37
|callback|decision
|
|move|p2a: Rhyperior|Rock Blast|p1a: Togekiss
|-supereffective|p1a: Togekiss
|-damage|p1a: Togekiss|226\/312 par
|-supereffective|p1a: Togekiss
|-damage|p1a: Togekiss|136\/312 par
|-supereffective|p1a: Togekiss
|-damage|p1a: Togekiss|52\/312 par
|-crit|p1a: Togekiss
|-supereffective|p1a: Togekiss
|-damage|p1a: Togekiss|0 fnt
|-hitcount|p1a: Togekiss|4
|faint|p1a: Togekiss
|
|-heal|p2a: Rhyperior|251\/434|[from] item: Leftovers
|callback|decision
|chat|Damnosaur|lelelel
|chat|FurryFuryFurball|so fast?
|
|switch|p1a: Suicune|Suicune|404\/404 slp
|-damage|p1a: Suicune|354\/404 slp|[from] Stealth Rock
|-ability|p1a: Suicune|Pressure
|turn|38
|callback|decision
|chat|Damnosaur|youre paraed
|chat|Woony|yure para
|
|switch|p2a: Roserade|Roserade, F|261\/261
|cant|p1a: Suicune|slp
|move|p1a: Suicune|Sleep Talk|p1a: Suicune
|move|p1a: Suicune|Scald|p2a: Roserade|[from]Sleep Talk
|-crit|p2a: Roserade
|-resisted|p2a: Roserade
|-damage|p2a: Roserade|184\/261
|
|-heal|p1a: Suicune|379\/404 slp|[from] item: Leftovers
|turn|39
|callback|decision
|chat|Damnosaur|pls stop critting
|
|move|p2a: Roserade|Giga Drain|p1a: Suicune
|-supereffective|p1a: Suicune
|-damage|p1a: Suicune|57\/404 slp
|-heal|p2a: Roserade|261\/261|[from] drain|[of] p1a: Suicune
|-damage|p2a: Roserade|235\/261|[from] item: Life Orb
|cant|p1a: Suicune|slp
|move|p1a: Suicune|Sleep Talk|p1a: Suicune
|move|p1a: Suicune|Rest|p1a: Suicune|[from]Sleep Talk
|-fail|p1a: Suicune
|
|-heal|p1a: Suicune|82\/404 slp|[from] item: Leftovers
|turn|40
|callback|decision
|chat|Damnosaur|gg
|
|switch|p1a: Ambipom|Ambipom, F|262\/291
|-damage|p1a: Ambipom|226\/291|[from] Stealth Rock
|move|p2a: Roserade|Giga Drain|p1a: Ambipom
|-damage|p1a: Ambipom|0 fnt
|-heal|p2a: Roserade|261\/261|[from] drain|[of] p1a: Ambipom
|-damage|p2a: Roserade|235\/261|[from] item: Life Orb
|faint|p1a: Ambipom
|
|callback|decision
|chat|FurryFuryFurball|cant wn
|chat|Damnosaur|ambi was your only chance
|chat|Damnosaur|gg liao
|
|switch|p1a: Suicune|Suicune|82\/404 slp
|-damage|p1a: Suicune|32\/404 slp|[from] Stealth Rock
|-ability|p1a: Suicune|Pressure
|turn|41
|callback|decision
|chat|Damnosaur|you shouldve sacked cune
|
|move|p2a: Roserade|Giga Drain|p1a: Suicune
|-supereffective|p1a: Suicune
|-damage|p1a: Suicune|0 fnt
|-heal|p2a: Roserade|251\/261|[from] drain|[of] p1a: Suicune
|-damage|p2a: Roserade|225\/261|[from] item: Life Orb
|faint|p1a: Suicune
|
|callback|decision
|
|switch|p1a: Rhyperior|Rhyperior, M|240\/434
|-damage|p1a: Rhyperior|213\/434|[from] Stealth Rock
|turn|42
|callback|decision
|
|move|p2a: Roserade|Giga Drain|p1a: Rhyperior
|-supereffective|p1a: Rhyperior
|-damage|p1a: Rhyperior|0 fnt
|-heal|p2a: Roserade|261\/261|[from] drain|[of] p1a: Rhyperior
|-damage|p2a: Roserade|235\/261|[from] item: Life Orb
|faint|p1a: Rhyperior
|
|win|Damnosaur
|leave|Woony