|join|Senstill
|join|Damnosaur
|player|p1|Senstill|290
|player|p2|Damnosaur|220
|gametype|singles
|tier|[Gen 5] UU
|rated
|rule|Sleep Clause Mod: Limit one foe put to sleep
|rule|Species Clause: Limit one of each Pokemon
|rule|OHKO Clause: OHKO moves are banned
|rule|Moody Clause: Moody is banned
|rule|Evasion Moves Clause: Evasion moves are banned
|rule|HP Percentage Mod: HP is reported as percentages
|rule|Evasion Abilities Clause: Evasion abilities are banned
|clearpoke
|poke|p1|Umbreon, M
|poke|p1|Azelf
|poke|p1|Victini
|poke|p1|Bronzong
|poke|p1|Raikou, shiny
|poke|p1|Blastoise, M
|poke|p2|Dusclops, F
|poke|p2|Roserade, M
|poke|p2|Rhyperior, F
|poke|p2|Blastoise, M
|poke|p2|Umbreon, M
|poke|p2|Darmanitan, F
|teampreview
|callback|decision
|
|start
|switch|p1a: Azelf|Azelf|291\/291
|switch|p2a: Darmanitan|Darmanitan, F|351\/351
|turn|1
|callback|decision
|
|switch|p1a: Bronzong|Bronzong|338\/338
|move|p2a: Darmanitan|U-turn|p1a: Bronzong
|-crit|p1a: Bronzong
|-damage|p1a: Bronzong|192\/338
|callback|decision
|
|switch|p2a: Rhyperior|Rhyperior, F|434\/434
|
|-heal|p1a: Bronzong|213\/338|[from] item: Leftovers
|turn|2
|callback|decision
|
|move|p2a: Rhyperior|Stealth Rock|p1a: Bronzong
|-sidestart|p1: Senstill|move: Stealth Rock
|move|p1a: Bronzong|Stealth Rock|p2a: Rhyperior
|-sidestart|p2: Damnosaur|move: Stealth Rock
|
|-heal|p1a: Bronzong|234\/338|[from] item: Leftovers
|turn|3
|callback|decision
|
|switch|p2a: Dusclops|Dusclops, F|284\/284
|-damage|p2a: Dusclops|249\/284|[from] Stealth Rock
|-ability|p2a: Dusclops|Pressure
|move|p1a: Bronzong|Toxic|p2a: Dusclops
|-status|p2a: Dusclops|tox
|
|-heal|p1a: Bronzong|255\/338|[from] item: Leftovers
|-damage|p2a: Dusclops|232\/284 tox|[from] psn
|turn|4
|callback|decision
|
|move|p2a: Dusclops|Night Shade|p1a: Bronzong
|-damage|p1a: Bronzong|155\/338
|move|p1a: Bronzong|Confuse Ray|p2a: Dusclops
|-start|p2a: Dusclops|confusion
|
|-heal|p1a: Bronzong|176\/338|[from] item: Leftovers
|-damage|p2a: Dusclops|198\/284 tox|[from] psn
|turn|5
|callback|decision
|
|switch|p1a: Umbreon|Umbreon, M|394\/394
|-damage|p1a: Umbreon|345\/394|[from] Stealth Rock
|-activate|p2a: Dusclops|confusion
|move|p2a: Dusclops|Will-O-Wisp|p1a: Umbreon|[miss]
|-miss|p2a: Dusclops|p1a: Umbreon
|
|-heal|p1a: Umbreon|369\/394|[from] item: Leftovers
|-damage|p2a: Dusclops|147\/284 tox|[from] psn
|turn|6
|callback|decision
|
|move|p1a: Umbreon|Wish|p1a: Umbreon
|-activate|p2a: Dusclops|confusion
|move|p2a: Dusclops|Rest|p2a: Dusclops
|-status|p2a: Dusclops|slp
|-heal|p2a: Dusclops|284\/284 slp|[silent]
|-status|p2a: Dusclops|slp|[from] move: Rest
|
|-heal|p1a: Umbreon|393\/394|[from] item: Leftovers
|turn|7
|callback|decision
|
|switch|p1a: Bronzong|Bronzong|176\/338
|-damage|p1a: Bronzong|155\/338|[from] Stealth Rock
|switch|p2a: Blastoise|Blastoise, M|362\/362
|-damage|p2a: Blastoise|317\/362|[from] Stealth Rock
|
|-heal|p1a: Bronzong|338\/338|[from] move: Wish|[wisher] Umbreon
|-heal|p2a: Blastoise|339\/362|[from] item: Leftovers
|turn|8
|callback|decision
|
|move|p2a: Blastoise|Rapid Spin|p1a: Bronzong
|-resisted|p1a: Bronzong
|-damage|p1a: Bronzong|333\/338
|-sideend|p2: Damnosaur|Stealth Rock|[from] move: Rapid Spin|[of] p2a: Blastoise
|move|p1a: Bronzong|Confuse Ray|p2a: Blastoise
|-start|p2a: Blastoise|confusion
|
|-heal|p2a: Blastoise|361\/362|[from] item: Leftovers
|-heal|p1a: Bronzong|338\/338|[from] item: Leftovers
|turn|9
|callback|decision
|
|switch|p2a: Darmanitan|Darmanitan, F|351\/351
|move|p1a: Bronzong|Stealth Rock|p2a: Darmanitan
|-sidestart|p2: Damnosaur|move: Stealth Rock
|
|turn|10
|callback|decision
|
|switch|p1a: Blastoise|Blastoise, M|362\/362
|-damage|p1a: Blastoise|317\/362|[from] Stealth Rock
|move|p2a: Darmanitan|U-turn|p1a: Blastoise
|-damage|p1a: Blastoise|257\/362
|callback|decision
|
|switch|p2a: Roserade|Roserade, M|261\/261
|-damage|p2a: Roserade|229\/261|[from] Stealth Rock
|
|-heal|p1a: Blastoise|279\/362|[from] item: Leftovers
|turn|11
|callback|decision
|
|switch|p1a: Umbreon|Umbreon, M|393\/394
|-damage|p1a: Umbreon|344\/394|[from] Stealth Rock
|move|p2a: Roserade|Spikes|p1a: Umbreon
|-sidestart|p1: Senstill|Spikes
|
|-heal|p1a: Umbreon|368\/394|[from] item: Leftovers
|turn|12
|callback|decision
|
|move|p2a: Roserade|Spikes|p1a: Umbreon
|-sidestart|p1: Senstill|Spikes
|move|p1a: Umbreon|Wish|p1a: Umbreon
|
|-heal|p1a: Umbreon|392\/394|[from] item: Leftovers
|turn|13
|callback|decision
|
|move|p2a: Roserade|Giga Drain|p1a: Umbreon
|-damage|p1a: Umbreon|283\/394
|-heal|p2a: Roserade|261\/261|[from] drain|[of] p1a: Umbreon
|-damage|p2a: Roserade|235\/261|[from] item: Life Orb
|move|p1a: Umbreon|Foul Play|p2a: Roserade
|-crit|p2a: Roserade
|-damage|p2a: Roserade|0 fnt
|faint|p2a: Roserade
|
|-heal|p1a: Umbreon|394\/394|[from] move: Wish|[wisher] Umbreon
|callback|decision
|
|switch|p2a: Blastoise|Blastoise, M|361\/362
|-damage|p2a: Blastoise|316\/362|[from] Stealth Rock
|turn|14
|callback|decision
|
|move|p2a: Blastoise|Rapid Spin|p1a: Umbreon
|-damage|p1a: Umbreon|384\/394
|-sideend|p2: Damnosaur|Stealth Rock|[from] move: Rapid Spin|[of] p2a: Blastoise
|move|p1a: Umbreon|Wish|p1a: Umbreon
|
|-heal|p2a: Blastoise|338\/362|[from] item: Leftovers
|-heal|p1a: Umbreon|394\/394|[from] item: Leftovers
|turn|15
|callback|decision
|
|switch|p1a: Blastoise|Blastoise, M|279\/362
|-damage|p1a: Blastoise|219\/362|[from] Spikes
|-damage|p1a: Blastoise|174\/362|[from] Stealth Rock
|move|p2a: Blastoise|Roar|p1a: Blastoise
|drag|p1a: Raikou|Raikou, shiny|322\/322
|-damage|p1a: Raikou|269\/322|[from] Spikes
|-damage|p1a: Raikou|229\/322|[from] Stealth Rock
|-ability|p1a: Raikou|Pressure
|
|-heal|p1a: Raikou|322\/322|[from] move: Wish|[wisher] Umbreon
|-heal|p2a: Blastoise|360\/362|[from] item: Leftovers
|turn|16
|callback|decision
|
|move|p1a: Raikou|Hidden Power|p2a: Blastoise
|-resisted|p2a: Blastoise
|-damage|p2a: Blastoise|328\/362
|move|p2a: Blastoise|Scald|p1a: Raikou
|-damage|p1a: Raikou|232\/322
|
|-heal|p2a: Blastoise|350\/362|[from] item: Leftovers
|turn|17
|callback|decision
|
|switch|p1a: Umbreon|Umbreon, M|394\/394
|-damage|p1a: Umbreon|329\/394|[from] Spikes
|-damage|p1a: Umbreon|280\/394|[from] Stealth Rock
|move|p2a: Blastoise|Roar|p1a: Umbreon
|drag|p1a: Bronzong|Bronzong|338\/338
|-damage|p1a: Bronzong|317\/338|[from] Stealth Rock
|
|-heal|p2a: Blastoise|362\/362|[from] item: Leftovers
|-heal|p1a: Bronzong|338\/338|[from] item: Leftovers
|turn|18
|callback|decision
|
|move|p2a: Blastoise|Scald|p1a: Bronzong
|-crit|p1a: Bronzong
|-damage|p1a: Bronzong|209\/338
|move|p1a: Bronzong|Confuse Ray|p2a: Blastoise
|-start|p2a: Blastoise|confusion
|
|-heal|p1a: Bronzong|230\/338|[from] item: Leftovers
|turn|19
|callback|decision
|
|switch|p1a: Blastoise|Blastoise, M|174\/362
|-damage|p1a: Blastoise|114\/362|[from] Spikes
|-damage|p1a: Blastoise|69\/362|[from] Stealth Rock
|-activate|p2a: Blastoise|confusion
|-damage|p2a: Blastoise|337\/362|[from] confusion
|
|-heal|p2a: Blastoise|359\/362|[from] item: Leftovers
|-heal|p1a: Blastoise|91\/362|[from] item: Leftovers
|turn|20
|callback|decision
|
|switch|p2a: Dusclops|Dusclops, F|284\/284 slp
|-ability|p2a: Dusclops|Pressure
|move|p1a: Blastoise|Rapid Spin|p2a: Dusclops
|-immune|p2a: Dusclops|[msg]
|
|-heal|p1a: Blastoise|113\/362|[from] item: Leftovers
|turn|21
|callback|decision
|
|cant|p2a: Dusclops|slp
|move|p1a: Blastoise|Dragon Tail|p2a: Dusclops
|-damage|p2a: Dusclops|269\/284 slp
|drag|p2a: Rhyperior|Rhyperior, F|434\/434
|
|-heal|p1a: Blastoise|135\/362|[from] item: Leftovers
|turn|22
|callback|decision
|
|switch|p2a: Dusclops|Dusclops, F|269\/284 slp
|-ability|p2a: Dusclops|Pressure
|move|p1a: Blastoise|Rapid Spin|p2a: Dusclops
|-immune|p2a: Dusclops|[msg]
|
|-heal|p1a: Blastoise|157\/362|[from] item: Leftovers
|turn|23
|callback|decision
|
|cant|p2a: Dusclops|slp
|move|p1a: Blastoise|Dragon Tail|p2a: Dusclops
|-damage|p2a: Dusclops|255\/284 slp
|drag|p2a: Umbreon|Umbreon, M|394\/394
|
|-heal|p1a: Blastoise|179\/362|[from] item: Leftovers
|turn|24
|callback|decision
|
|switch|p2a: Dusclops|Dusclops, F|255\/284 slp
|-ability|p2a: Dusclops|Pressure
|move|p1a: Blastoise|Rapid Spin|p2a: Dusclops
|-immune|p2a: Dusclops|[msg]
|
|-heal|p1a: Blastoise|201\/362|[from] item: Leftovers
|turn|25
|callback|decision
|
|cant|p2a: Dusclops|slp
|move|p1a: Blastoise|Dragon Tail|p2a: Dusclops
|-damage|p2a: Dusclops|239\/284 slp
|drag|p2a: Umbreon|Umbreon, M|394\/394
|
|-heal|p1a: Blastoise|223\/362|[from] item: Leftovers
|turn|26
|callback|decision
|
|switch|p2a: Dusclops|Dusclops, F|239\/284 slp
|-ability|p2a: Dusclops|Pressure
|move|p1a: Blastoise|Dragon Tail|p2a: Dusclops
|-damage|p2a: Dusclops|224\/284 slp
|drag|p2a: Umbreon|Umbreon, M|394\/394
|
|-heal|p1a: Blastoise|245\/362|[from] item: Leftovers
|turn|27
|callback|decision
|
|switch|p2a: Dusclops|Dusclops, F|224\/284 slp
|-ability|p2a: Dusclops|Pressure
|move|p1a: Blastoise|Rapid Spin|p2a: Dusclops
|-immune|p2a: Dusclops|[msg]
|
|-heal|p1a: Blastoise|267\/362|[from] item: Leftovers
|turn|28
|callback|decision
|
|cant|p2a: Dusclops|slp
|move|p1a: Blastoise|Dragon Tail|p2a: Dusclops
|-damage|p2a: Dusclops|209\/284 slp
|drag|p2a: Umbreon|Umbreon, M|394\/394
|
|-heal|p1a: Blastoise|289\/362|[from] item: Leftovers
|turn|29
|callback|decision
|
|switch|p2a: Dusclops|Dusclops, F|209\/284 slp
|-ability|p2a: Dusclops|Pressure
|move|p1a: Blastoise|Dragon Tail|p2a: Dusclops
|-damage|p2a: Dusclops|195\/284 slp
|drag|p2a: Blastoise|Blastoise, M|359\/362
|
|-heal|p2a: Blastoise|362\/362|[from] item: Leftovers
|-heal|p1a: Blastoise|311\/362|[from] item: Leftovers
|turn|30
|callback|decision
|
|switch|p2a: Dusclops|Dusclops, F|195\/284 slp
|-ability|p2a: Dusclops|Pressure
|move|p1a: Blastoise|Dragon Tail|p2a: Dusclops
|-damage|p2a: Dusclops|178\/284 slp
|drag|p2a: Darmanitan|Darmanitan, F|351\/351
|
|-heal|p1a: Blastoise|333\/362|[from] item: Leftovers
|turn|31
|callback|decision
|
|switch|p1a: Azelf|Azelf|291\/291
|-damage|p1a: Azelf|255\/291|[from] Stealth Rock
|move|p2a: Darmanitan|U-turn|p1a: Azelf
|-supereffective|p1a: Azelf
|-damage|p1a: Azelf|33\/291
|callback|decision
|
|switch|p2a: Umbreon|Umbreon, M|394\/394
|
|turn|32
|callback|decision
|
|move|p1a: Azelf|Fire Blast|p2a: Umbreon
|-damage|p2a: Umbreon|286\/394
|-damage|p1a: Azelf|4\/291|[from] item: Life Orb
|move|p2a: Umbreon|Heal Bell|p2a: Umbreon
|-cureteam|p2a: Umbreon|[from] move: HealBell
|
|-heal|p2a: Umbreon|310\/394|[from] item: Leftovers
|turn|33
|callback|decision
|
|move|p1a: Azelf|Fire Blast|p2a: Umbreon
|-damage|p2a: Umbreon|205\/394
|-damage|p1a: Azelf|0 fnt|[from] item: Life Orb
|faint|p1a: Azelf
|move|p2a: Umbreon|Wish|p2a: Umbreon
|
|-heal|p2a: Umbreon|229\/394|[from] item: Leftovers
|callback|decision
|
|switch|p1a: Victini|Victini|341\/341
|-damage|p1a: Victini|256\/341|[from] Stealth Rock
|-damage|p1a: Victini|200\/341|[from] Spikes
|turn|34
|callback|decision
|
|switch|p2a: Dusclops|Dusclops, F|178\/284
|-ability|p2a: Dusclops|Pressure
|move|p1a: Victini|Brick Break|p2a: Dusclops
|-immune|p2a: Dusclops|[msg]
|
|-heal|p2a: Dusclops|284\/284|[from] move: Wish|[wisher] Umbreon
|turn|35
|callback|decision
|
|switch|p1a: Umbreon|Umbreon, M|280\/394
|-damage|p1a: Umbreon|231\/394|[from] Stealth Rock
|-damage|p1a: Umbreon|166\/394|[from] Spikes
|move|p2a: Dusclops|Night Shade|p1a: Umbreon
|-damage|p1a: Umbreon|66\/394
|
|-heal|p1a: Umbreon|90\/394|[from] item: Leftovers
|turn|36
|callback|decision
|
|move|p1a: Umbreon|Protect|p1a: Umbreon
|-singleturn|p1a: Umbreon|Protect
|move|p2a: Dusclops|Night Shade|p1a: Umbreon
|-activate|p1a: Umbreon|Protect
|
|-heal|p1a: Umbreon|114\/394|[from] item: Leftovers
|turn|37
|callback|decision
|
|move|p1a: Umbreon|Wish|p1a: Umbreon
|move|p2a: Dusclops|Curse|p1a: Umbreon
|-start|p1a: Umbreon|Curse|[of] p2a: Dusclops
|-damage|p2a: Dusclops|142\/284
|
|-heal|p1a: Umbreon|138\/394|[from] item: Leftovers
|-damage|p1a: Umbreon|40\/394|[from] Curse
|turn|38
|callback|decision
|
|switch|p2a: Darmanitan|Darmanitan, F|351\/351
|move|p1a: Umbreon|Foul Play|p2a: Darmanitan
|-damage|p2a: Darmanitan|80\/351
|
|-heal|p1a: Umbreon|237\/394|[from] move: Wish|[wisher] Umbreon
|-heal|p1a: Umbreon|261\/394|[from] item: Leftovers
|-damage|p1a: Umbreon|163\/394|[from] Curse
|turn|39
|callback|decision
|
|switch|p1a: Blastoise|Blastoise, M|333\/362
|-damage|p1a: Blastoise|273\/362|[from] Spikes
|-damage|p1a: Blastoise|228\/362|[from] Stealth Rock
|move|p2a: Darmanitan|U-turn|p1a: Blastoise
|-damage|p1a: Blastoise|161\/362
|callback|decision
|
|switch|p2a: Dusclops|Dusclops, F|142\/284
|-ability|p2a: Dusclops|Pressure
|
|-heal|p1a: Blastoise|183\/362|[from] item: Leftovers
|turn|40
|callback|decision
|
|move|p2a: Dusclops|Will-O-Wisp|p1a: Blastoise
|-status|p1a: Blastoise|brn
|move|p1a: Blastoise|Dragon Tail|p2a: Dusclops
|-damage|p2a: Dusclops|134\/284
|drag|p2a: Blastoise|Blastoise, M|362\/362
|
|-heal|p1a: Blastoise|205\/362 brn|[from] item: Leftovers
|-damage|p1a: Blastoise|160\/362 brn|[from] brn
|turn|41
|callback|decision
|
|switch|p2a: Dusclops|Dusclops, F|134\/284
|-ability|p2a: Dusclops|Pressure
|switch|p1a: Victini|Victini|200\/341
|-damage|p1a: Victini|144\/341|[from] Spikes
|-damage|p1a: Victini|59\/341|[from] Stealth Rock
|
|turn|42
|callback|decision
|
|switch|p2a: Rhyperior|Rhyperior, F|434\/434
|move|p1a: Victini|V-create|p2a: Rhyperior
|-resisted|p2a: Rhyperior
|-damage|p2a: Rhyperior|313\/434
|-unboost|p1a: Victini|def|1
|-unboost|p1a: Victini|spd|1
|-unboost|p1a: Victini|spe|1
|
|-heal|p2a: Rhyperior|340\/434|[from] item: Leftovers
|turn|43
|callback|decision
|
|move|p1a: Victini|V-create|p2a: Rhyperior
|-resisted|p2a: Rhyperior
|-damage|p2a: Rhyperior|223\/434
|-unboost|p1a: Victini|def|1
|-unboost|p1a: Victini|spd|1
|-unboost|p1a: Victini|spe|1
|move|p2a: Rhyperior|Rock Blast|p1a: Victini
|-supereffective|p1a: Victini
|-damage|p1a: Victini|0 fnt
|-hitcount|p1a: Victini|1
|faint|p1a: Victini
|
|-heal|p2a: Rhyperior|250\/434|[from] item: Leftovers
|callback|decision
|
|switch|p1a: Blastoise|Blastoise, M|160\/362 brn
|-damage|p1a: Blastoise|115\/362 brn|[from] Stealth Rock
|-damage|p1a: Blastoise|55\/362 brn|[from] Spikes
|turn|44
|callback|decision
|
|switch|p2a: Dusclops|Dusclops, F|134\/284
|-ability|p2a: Dusclops|Pressure
|move|p1a: Blastoise|Scald|p2a: Dusclops
|-damage|p2a: Dusclops|70\/284
|
|-heal|p1a: Blastoise|77\/362 brn|[from] item: Leftovers
|-damage|p1a: Blastoise|32\/362 brn|[from] brn
|turn|45
|callback|decision
|
|move|p1a: Blastoise|Scald|p2a: Dusclops
|-damage|p2a: Dusclops|6\/284
|move|p2a: Dusclops|Rest|p2a: Dusclops
|-status|p2a: Dusclops|slp
|-heal|p2a: Dusclops|284\/284 slp|[silent]
|-status|p2a: Dusclops|slp|[from] move: Rest
|
|-heal|p1a: Blastoise|54\/362 brn|[from] item: Leftovers
|-damage|p1a: Blastoise|9\/362 brn|[from] brn
|turn|46
|callback|decision
|
|move|p1a: Blastoise|Scald|p2a: Dusclops
|-damage|p2a: Dusclops|221\/284 slp
|cant|p2a: Dusclops|slp
|
|-heal|p1a: Blastoise|31\/362 brn|[from] item: Leftovers
|-damage|p1a: Blastoise|0 fnt|[from] brn
|faint|p1a: Blastoise
|callback|decision
|
|switch|p1a: Bronzong|Bronzong|230\/338
|-damage|p1a: Bronzong|209\/338|[from] Stealth Rock
|turn|47
|callback|decision
|
|cant|p2a: Dusclops|slp
|move|p1a: Bronzong|Stealth Rock|p2a: Dusclops
|-sidestart|p2: Damnosaur|move: Stealth Rock
|
|-heal|p1a: Bronzong|230\/338|[from] item: Leftovers
|turn|48
|callback|decision
|
|-curestatus|p2a: Dusclops|slp
|move|p2a: Dusclops|Will-O-Wisp|p1a: Bronzong
|-status|p1a: Bronzong|brn
|move|p1a: Bronzong|Confuse Ray|p2a: Dusclops
|-start|p2a: Dusclops|confusion
|
|-heal|p1a: Bronzong|251\/338 brn|[from] item: Leftovers
|-damage|p1a: Bronzong|209\/338 brn|[from] brn
|turn|49
|callback|decision
|
|switch|p2a: Blastoise|Blastoise, M|362\/362
|-damage|p2a: Blastoise|317\/362|[from] Stealth Rock
|switch|p1a: Umbreon|Umbreon, M|163\/394
|-damage|p1a: Umbreon|114\/394|[from] Stealth Rock
|-damage|p1a: Umbreon|49\/394|[from] Spikes
|
|-heal|p2a: Blastoise|339\/362|[from] item: Leftovers
|-heal|p1a: Umbreon|73\/394|[from] item: Leftovers
|turn|50
|callback|decision
|
|move|p1a: Umbreon|Protect|p1a: Umbreon
|-singleturn|p1a: Umbreon|Protect
|move|p2a: Blastoise|Scald|p1a: Umbreon
|-activate|p1a: Umbreon|Protect
|
|-heal|p2a: Blastoise|361\/362|[from] item: Leftovers
|-heal|p1a: Umbreon|97\/394|[from] item: Leftovers
|turn|51
|callback|decision
|
|move|p2a: Blastoise|Rapid Spin|p1a: Umbreon
|-damage|p1a: Umbreon|86\/394
|-sideend|p2: Damnosaur|Stealth Rock|[from] move: Rapid Spin|[of] p2a: Blastoise
|move|p1a: Umbreon|Wish|p1a: Umbreon
|
|-heal|p2a: Blastoise|362\/362|[from] item: Leftovers
|-heal|p1a: Umbreon|110\/394|[from] item: Leftovers
|turn|52
|callback|decision
|
|move|p1a: Umbreon|Heal Bell|p1a: Umbreon
|-cureteam|p1a: Umbreon|[from] move: HealBell
|move|p2a: Blastoise|Roar|p1a: Umbreon
|drag|p1a: Raikou|Raikou, shiny|232\/322
|-damage|p1a: Raikou|179\/322|[from] Spikes
|-damage|p1a: Raikou|139\/322|[from] Stealth Rock
|-ability|p1a: Raikou|Pressure
|
|-heal|p1a: Raikou|322\/322|[from] move: Wish|[wisher] Umbreon
|turn|53
|callback|decision
|
|move|p1a: Raikou|Thunderbolt|p2a: Blastoise
|-supereffective|p2a: Blastoise
|-damage|p2a: Blastoise|144\/362
|move|p2a: Blastoise|Toxic|p1a: Raikou
|-status|p1a: Raikou|tox
|
|-heal|p2a: Blastoise|166\/362|[from] item: Leftovers
|-damage|p1a: Raikou|302\/322 tox|[from] psn
|turn|54
|callback|decision
|
|switch|p2a: Rhyperior|Rhyperior, F|250\/434
|move|p1a: Raikou|Thunderbolt|p2a: Rhyperior
|-immune|p2a: Rhyperior|[msg]
|
|-heal|p2a: Rhyperior|277\/434|[from] item: Leftovers
|-damage|p1a: Raikou|262\/322 tox|[from] psn
|turn|55
|callback|decision
|
|switch|p1a: Bronzong|Bronzong|209\/338
|-damage|p1a: Bronzong|188\/338|[from] Stealth Rock
|switch|p2a: Umbreon|Umbreon, M|229\/394
|
|-heal|p2a: Umbreon|253\/394|[from] item: Leftovers
|-heal|p1a: Bronzong|209\/338|[from] item: Leftovers
|turn|56
|callback|decision
|
|move|p2a: Umbreon|Wish|p2a: Umbreon
|move|p1a: Bronzong|Confuse Ray|p2a: Umbreon
|-start|p2a: Umbreon|confusion
|
|-heal|p2a: Umbreon|277\/394|[from] item: Leftovers
|-heal|p1a: Bronzong|230\/338|[from] item: Leftovers
|turn|57
|callback|decision
|
|switch|p2a: Blastoise|Blastoise, M|166\/362
|move|p1a: Bronzong|Gyro Ball|p2a: Blastoise
|-resisted|p2a: Blastoise
|-damage|p2a: Blastoise|128\/362
|
|-heal|p2a: Blastoise|325\/362|[from] move: Wish|[wisher] Umbreon
|-heal|p2a: Blastoise|347\/362|[from] item: Leftovers
|-heal|p1a: Bronzong|251\/338|[from] item: Leftovers
|turn|58
|callback|decision
|-message|Senstill forfeited.
|
|win|Damnosaur
|raw|Ladder updating...
|leave|Senstill
|player|p1
|raw|Senstill's rating: 1881 &rarr; <strong>1874<\/strong><br \/>(-7 for losing)
|raw|Damnosaur's rating: 1850 &rarr; <strong>1877<\/strong><br \/>(+27 for winning)