|join|Woony
|join|Damnosaur
|player|p1|Woony|20
|player|p2|Damnosaur|167
|gametype|singles
|gen|6
|tier|UU
|rule|Sleep Clause Mod: Limit one foe put to sleep
|rule|Species Clause: Limit one of each Pokemon
|rule|OHKO Clause: OHKO moves are banned
|rule|Moody Clause: Moody is banned
|rule|Evasion Moves Clause: Evasion moves are banned
|rule|Endless Battle Clause: Forcing endless battles is banned.
|rule|HP Percentage Mod: HP is reported as percentages
|clearpoke
|poke|p1|Porygon-Z
|poke|p1|Jirachi
|poke|p1|Hydreigon, F
|poke|p1|Mienshao, F
|poke|p1|Swampert, F
|poke|p1|Rotom-Heat
|poke|p2|Celebi
|poke|p2|Mienshao, M
|poke|p2|Jirachi
|poke|p2|Gligar, F
|poke|p2|Rotom-Heat
|poke|p2|Blastoise, F
|teampreview
|chat|Damnosaur|:]
|chat|Woony|i told you i want to try this :D
|
|start
|switch|p1a: Mienshao|Mienshao, F|271\/271
|switch|p2a: Rotom-Heat|Rotom-Heat|304\/304
|turn|1
|
|move|p1a: Mienshao|Stone Edge|p2a: Rotom-Heat
|-supereffective|p2a: Rotom-Heat
|-damage|p2a: Rotom-Heat|86\/304
|move|p2a: Rotom-Heat|Will-O-Wisp|p1a: Mienshao
|-status|p1a: Mienshao|brn
|
|-heal|p2a: Rotom-Heat|105\/304|[from] item: Leftovers
|-damage|p1a: Mienshao|238\/271 brn|[from] brn
|turn|2
|chat|Woony|too tank
|chat|Damnosaur|tasty
|
|switch|p1a: Hydreigon|Hydreigon, F|325\/325
|switch|p2a: Jirachi|Jirachi|341\/341
|
|turn|3
|
|move|p2a: Jirachi|U-turn|p1a: Hydreigon
|-supereffective|p1a: Hydreigon
|-damage|p1a: Hydreigon|149\/325
|chat|Woony|o damn
|
|switch|p2a: Rotom-Heat|Rotom-Heat|105\/304
|move|p1a: Hydreigon|Dark Pulse|p2a: Rotom-Heat
|-damage|p2a: Rotom-Heat|8\/304
|
|-heal|p2a: Rotom-Heat|27\/304|[from] item: Leftovers
|turn|4
|chat|Woony|...
|chat|Damnosaur|:]
|
|move|p1a: Hydreigon|Dark Pulse|p2a: Rotom-Heat
|-damage|p2a: Rotom-Heat|0 fnt
|faint|p2a: Rotom-Heat
|
|
|switch|p2a: Jirachi|Jirachi|341\/341
|turn|5
|
|switch|p1a: Rotom-Heat|Rotom-Heat|241\/241
|move|p2a: Jirachi|U-turn|p1a: Rotom-Heat
|-crit|p1a: Rotom-Heat
|-resisted|p1a: Rotom-Heat
|-damage|p1a: Rotom-Heat|195\/241
|
|switch|p2a: Blastoise|Blastoise, F|362\/362
|
|turn|6
|
|detailschange|p2a: Blastoise|Blastoise-Mega, F
|message|Blastoise has Mega Evolved into Mega Blastoise!
|move|p1a: Rotom-Heat|Volt Switch|p2a: Blastoise
|-supereffective|p2a: Blastoise
|-damage|p2a: Blastoise|162\/362
|chat|Woony|mm
|
|switch|p1a: Mienshao|Mienshao, F|271\/271 brn
|move|p2a: Blastoise|Scald|p1a: Mienshao
|-damage|p1a: Mienshao|81\/271 brn
|
|-damage|p1a: Mienshao|48\/271 brn|[from] brn
|turn|7
|chat|Damnosaur|mm
|
|switch|p2a: Gligar|Gligar, F|334\/334
|move|p1a: Mienshao|High Jump Kick|p2a: Gligar
|-resisted|p2a: Gligar
|-damage|p2a: Gligar|306\/334
|
|-damage|p1a: Mienshao|15\/271 brn|[from] brn
|turn|8
|
|switch|p1a: Rotom-Heat|Rotom-Heat|195\/241
|move|p2a: Gligar|Stealth Rock|p1a: Rotom-Heat
|-sidestart|p1: Woony|move: Stealth Rock
|
|turn|9
|chat|Damnosaur|wait
|chat|Damnosaur|do you have rocks
|chat|Woony|;]
|chat|Damnosaur|._.
|chat|Damnosaur|scarfpert with rocks
|
|move|p1a: Rotom-Heat|Will-O-Wisp|p2a: Gligar
|-status|p2a: Gligar|brn
|move|p2a: Gligar|U-turn|p1a: Rotom-Heat
|-resisted|p1a: Rotom-Heat
|-damage|p1a: Rotom-Heat|185\/241
|chat|Damnosaur|thatd be a first
|chat|Woony|;]
|
|switch|p2a: Celebi|Celebi|341\/341
|
|turn|10
|
|switch|p1a: Mienshao|Mienshao, F|105\/271 brn
|-damage|p1a: Mienshao|89\/271 brn|[from] Stealth Rock
|move|p2a: Celebi|U-turn|p1a: Mienshao
|-resisted|p1a: Mienshao
|-damage|p1a: Mienshao|52\/271 brn
|chat|Woony|i dont even need to set up rocks for your team
|
|switch|p2a: Gligar|Gligar, F|306\/334 brn
|
|-damage|p1a: Mienshao|19\/271 brn|[from] brn
|-damage|p2a: Gligar|265\/334 brn|[from] brn
|turn|11
|chat|Woony|i mean
|
|move|p1a: Mienshao|Knock Off|p2a: Gligar
|-damage|p2a: Gligar|238\/334 brn
|-enditem|p2a: Gligar|Eviolite|[from] move: Knock Off|[of] p1a: Mienshao
|move|p2a: Gligar|U-turn|p1a: Mienshao
|-resisted|p1a: Mienshao
|-damage|p1a: Mienshao|2\/271 brn
|chat|Woony|lol
|
|switch|p2a: Jirachi|Jirachi|341\/341
|
|-damage|p1a: Mienshao|0 fnt|[from] brn
|faint|p1a: Mienshao
|
|switch|p1a: Rotom-Heat|Rotom-Heat|185\/241
|-damage|p1a: Rotom-Heat|125\/241|[from] Stealth Rock
|turn|12
|chat|Woony|:]
|chat|Woony|i love pk face
|chat|Damnosaur|ikr
|chat|Damnosaur|hold on while this calc loads
|chat|Woony|o shiet
|chat|Woony|waht move do you have
|chat|Woony|i am scared
|chat|Damnosaur|dammit
|chat|Woony|dont tell me
|chat|Damnosaur|doesnt kill
|
|move|p2a: Jirachi|U-turn|p1a: Rotom-Heat
|-resisted|p1a: Rotom-Heat
|-damage|p1a: Rotom-Heat|91\/241
|chat|Woony|z headbutt
|
|switch|p2a: Gligar|Gligar, F|238\/334 brn
|move|p1a: Rotom-Heat|Overheat|p2a: Gligar
|-damage|p2a: Gligar|0 fnt
|-unboost|p1a: Rotom-Heat|spa|2
|faint|p2a: Gligar
|
|chat|Woony|get wreked
|
|switch|p2a: Jirachi|Jirachi|341\/341
|turn|13
|
|switch|p1a: Jirachi|Jirachi|404\/404
|-damage|p1a: Jirachi|379\/404|[from] Stealth Rock
|move|p2a: Jirachi|U-turn|p1a: Jirachi
|-damage|p1a: Jirachi|307\/404
|
|switch|p2a: Mienshao|Mienshao, M|271\/271
|
|turn|14
|chat|Woony|shit i hate m blast
|chat|Damnosaur|i think im gonna lose
|chat|Damnosaur|cos i lost my gligar
|chat|Damnosaur|lol
|chat|Woony|lol
|
|move|p1a: Jirachi|Wish|p1a: Jirachi
|move|p2a: Mienshao|High Jump Kick|p1a: Jirachi
|-damage|p1a: Jirachi|0 fnt
|faint|p1a: Jirachi
|
|chat|Woony|here goes crazy
|chat|Damnosaur|uh what
|chat|Damnosaur|what
|
|switch|p1a: Rotom-Heat|Rotom-Heat|91\/241
|-damage|p1a: Rotom-Heat|31\/241|[from] Stealth Rock
|turn|15
|chat|Damnosaur|....
|chat|Woony|LOL
|chat|Damnosaur|woonwei
|chat|Woony|I CHOKED
|chat|Woony|LOL
|chat|Damnosaur|do you realise that
|chat|Damnosaur|rachi gets healing wish
|chat|Woony|rly
|chat|Damnosaur|and its probably a better option
|chat|Woony|lol
|chat|Damnosaur|it does
|chat|Damnosaur|it's a better option than scarf wish
|chat|Damnosaur|.-.
|chat|Woony|are you banded lel
|chat|Woony|you must be
|chat|Woony|cos i
|chat|Woony|AM EPIC
|chat|Woony|AND RUN MAX HP MAX SPEED
|chat|Damnosaur|............
|
|switch|p2a: Blastoise|Blastoise-Mega, F|162\/362
|move|p1a: Rotom-Heat|Overheat|p2a: Blastoise
|-resisted|p2a: Blastoise
|-damage|p2a: Blastoise|75\/362
|-unboost|p1a: Rotom-Heat|spa|2
|
|-heal|p1a: Rotom-Heat|233\/241|[from] move: Wish|[wisher] Jirachi
|turn|16
|
|switch|p1a: Swampert|Swampert, F|404\/404
|-damage|p1a: Swampert|379\/404|[from] Stealth Rock
|move|p2a: Blastoise|Roar|p1a: Swampert
|drag|p1a: Rotom-Heat|Rotom-Heat|233\/241
|-damage|p1a: Rotom-Heat|173\/241|[from] Stealth Rock
|
|turn|17
|
|move|p1a: Rotom-Heat|Volt Switch|p2a: Blastoise
|-supereffective|p2a: Blastoise
|-damage|p2a: Blastoise|0 fnt
|faint|p2a: Blastoise
|chat|Woony|scarfrachi is gonna be my bane lol
|chat|Damnosaur|yeah after you lost your scarfshao
|
|switch|p1a: Porygon-Z|Porygon-Z|312\/312
|-damage|p1a: Porygon-Z|273\/312|[from] Stealth Rock
|
|
|switch|p2a: Celebi|Celebi|341\/341
|turn|18
|
|move|p1a: Porygon-Z|Shadow Ball|p2a: Celebi
|-supereffective|p2a: Celebi
|-damage|p2a: Celebi|155\/341
|move|p2a: Celebi|Leaf Storm|p1a: Porygon-Z
|-damage|p1a: Porygon-Z|0 fnt
|-unboost|p2a: Celebi|spa|2
|faint|p1a: Porygon-Z
|
|
|switch|p1a: Hydreigon|Hydreigon, F|149\/325
|-damage|p1a: Hydreigon|109\/325|[from] Stealth Rock
|turn|19
|chat|Woony|this is why
|chat|Woony|scarfgon
|
|move|p1a: Hydreigon|Dark Pulse|p2a: Celebi
|-supereffective|p2a: Celebi
|-damage|p2a: Celebi|0 fnt
|faint|p2a: Celebi
|
|
|switch|p2a: Mienshao|Mienshao, M|271\/271
|turn|20
|chat|Woony|unless
|chat|Woony|O SHIT
|chat|Damnosaur|:]
|chat|Woony|DONT TELL ME FOUT
|
|switch|p1a: Swampert|Swampert, F|379\/404
|-damage|p1a: Swampert|354\/404|[from] Stealth Rock
|move|p2a: Mienshao|U-turn|p1a: Swampert
|-damage|p1a: Swampert|226\/404
|chat|Woony|or gnot
|
|switch|p2a: Jirachi|Jirachi|341\/341
|
|turn|21
|chat|Woony|oh heng
|chat|Woony|i thought your mien had hp grass or gnot
|chat|Woony|and i was scared
|
|move|p2a: Jirachi|Zen Headbutt|p1a: Swampert
|-damage|p1a: Swampert|88\/404
|cant|p1a: Swampert|flinch
|
|turn|22
|chat|Woony|gfdi
|
|switch|p2a: Mienshao|Mienshao, M|271\/271
|switch|p1a: Hydreigon|Hydreigon, F|109\/325
|-damage|p1a: Hydreigon|69\/325|[from] Stealth Rock
|
|turn|23
|
|move|p1a: Hydreigon|Draco Meteor|p2a: Mienshao
|-damage|p2a: Mienshao|0 fnt
|-unboost|p1a: Hydreigon|spa|2
|faint|p2a: Mienshao
|
|chat|Damnosaur|gg
|chat|Damnosaur|haha
|
|switch|p2a: Jirachi|Jirachi|341\/341
|turn|24
|
|switch|p1a: Swampert|Swampert, F|88\/404
|-damage|p1a: Swampert|63\/404|[from] Stealth Rock
|move|p2a: Jirachi|Iron Head|p1a: Swampert
|-resisted|p1a: Swampert
|-damage|p1a: Swampert|0 fnt
|faint|p1a: Swampert
|
|chat|Woony|ya
|chat|Woony|i woulda won if i gone for dpulse too
|chat|Damnosaur|thought you would overpredict
|chat|Woony|i just need to not miss
|chat|Woony|actually
|chat|Woony|nvm
|
|switch|p1a: Rotom-Heat|Rotom-Heat|173\/241
|-damage|p1a: Rotom-Heat|113\/241|[from] Stealth Rock
|turn|25
|chat|Damnosaur|no
|chat|Damnosaur|if you went for dark pulse
|chat|Damnosaur|i wouldve lived
|chat|Damnosaur|i uturned
|chat|Woony|i know
|chat|Damnosaur|into rachi
|chat|Damnosaur|and spam zen headbutt
|chat|Damnosaur|rotom heat has to go for overheat on my rachi to knock me out
|chat|Woony|i woulda go swampert
|chat|Damnosaur|zen wouldve killed pert at 16%
|chat|Damnosaur|pls
|chat|Woony|right
|chat|Damnosaur|zen does about 40% to rotom-h
|chat|Damnosaur|you kill me with overheat
|chat|Woony|haha
|chat|Damnosaur|i go to shao
|chat|Woony|wait
|chat|Damnosaur|live the overheat
|chat|Damnosaur|and kill with knock off
|chat|Woony|lets see if you flicnh me to death
|chat|Damnosaur|:[
|chat|Damnosaur|yeah thats my only way to win now
|chat|Damnosaur|to flinch with 4x resisted
|chat|Woony|;]
|
|move|p2a: Jirachi|Iron Head|p1a: Rotom-Heat
|-resisted|p1a: Rotom-Heat
|-damage|p1a: Rotom-Heat|85\/241
|cant|p1a: Rotom-Heat|flinch
|
|turn|26
|chat|Woony|ok
|chat|Damnosaur|flinch 1
|chat|Woony|leggo
|
|move|p2a: Jirachi|Iron Head|p1a: Rotom-Heat
|-resisted|p1a: Rotom-Heat
|-damage|p1a: Rotom-Heat|56\/241
|cant|p1a: Rotom-Heat|flinch
|
|turn|27
|chat|Damnosaur|oo
|chat|Woony|ok
|
|move|p2a: Jirachi|Iron Head|p1a: Rotom-Heat
|-resisted|p1a: Rotom-Heat
|-damage|p1a: Rotom-Heat|26\/241
|cant|p1a: Rotom-Heat|flinch
|
|turn|28
|chat|Damnosaur|hahahahahha
|chat|Woony|wow
|chat|Damnosaur|lol
|chat|Damnosaur|rachi pulling through
|
|move|p2a: Jirachi|Iron Head|p1a: Rotom-Heat
|-resisted|p1a: Rotom-Heat
|-damage|p1a: Rotom-Heat|0 fnt
|faint|p1a: Rotom-Heat
|
|
|switch|p1a: Hydreigon|Hydreigon, F|69\/325
|-damage|p1a: Hydreigon|29\/325|[from] Stealth Rock
|turn|29
|chat|Damnosaur|rachi too strong
|chat|Woony|gg
|
|move|p2a: Jirachi|Iron Head|p1a: Hydreigon
|-damage|p1a: Hydreigon|0 fnt
|faint|p1a: Hydreigon
|
|win|Damnosaur
|chat|Damnosaur|gg lmao
|chat|Damnosaur|but yeah
|chat|Woony|i have 2 other teams
|chat|Woony|do you
|chat|Damnosaur|i predicted wrongly just now
|chat|Damnosaur|i have a few
|chat|Damnosaur|lets go
|leave|Woony
|player|p1