|join|Woony
|join|Damnosaur
|player|p1|Woony|20
|player|p2|Damnosaur|167
|gametype|singles
|gen|6
|tier|UU
|rule|Sleep Clause Mod: Limit one foe put to sleep
|rule|Species Clause: Limit one of each Pokemon
|rule|OHKO Clause: OHKO moves are banned
|rule|Moody Clause: Moody is banned
|rule|Evasion Moves Clause: Evasion moves are banned
|rule|Endless Battle Clause: Forcing endless battles is banned.
|rule|HP Percentage Mod: HP is reported as percentages
|clearpoke
|poke|p1|Infernape, M
|poke|p1|Celebi
|poke|p1|Absol, M
|poke|p1|Kingdra, F
|poke|p1|Nidoking, M
|poke|p1|Tornadus, M
|poke|p2|Honchkrow, F
|poke|p2|Whimsicott, M
|poke|p2|Darmanitan, M
|poke|p2|Milotic, M
|poke|p2|Claydol
|poke|p2|Raikou
|teampreview
|chat|Woony|whimsicott
|chat|Woony|i crey
|chat|Damnosaur|:)))
|chat|Damnosaur|i dont understand how tornadus is BL2
|chat|Damnosaur|subBU is still good
|chat|Woony|i predict
|chat|Woony|darm rape
|chat|Woony|end of story
|
|start
|switch|p1a: Infernape|Infernape, M|293\/293
|switch|p2a: Milotic|Milotic, M|394\/394
|turn|1
|chat|Damnosaur|darm wont be the only thing raping :]
|
|switch|p1a: Celebi|Celebi|404\/404
|move|p2a: Milotic|Dragon Tail|p1a: Celebi
|-damage|p1a: Celebi|377\/404
|drag|p1a: Tornadus|Tornadus, M|299\/299
|
|turn|2
|
|move|p1a: Tornadus|Knock Off|p2a: Milotic
|-damage|p2a: Milotic|303\/394
|-enditem|p2a: Milotic|Leftovers|[from] move: Knock Off|[of] p1a: Tornadus
|move|p2a: Milotic|Scald|p1a: Tornadus
|-damage|p1a: Tornadus|190\/299
|-status|p1a: Tornadus|brn
|
|-damage|p1a: Tornadus|153\/299 brn|[from] brn
|turn|3
|chat|Woony|gdi
|chat|Woony|well
|chat|Damnosaur|:)
|
|switch|p1a: Celebi|Celebi|377\/404
|move|p2a: Milotic|Dragon Tail|p1a: Celebi
|-damage|p1a: Celebi|349\/404
|drag|p1a: Absol|Absol, M|271\/271
|
|turn|4
|chat|Damnosaur|lel
|chat|Woony|ok
|chat|Woony|i officially suck at this
|
|switch|p1a: Tornadus|Tornadus, M|153\/299 brn
|move|p2a: Milotic|Scald|p1a: Tornadus
|-damage|p1a: Tornadus|48\/299 brn
|
|-damage|p1a: Tornadus|11\/299 brn|[from] brn
|turn|5
|chat|Woony|you know what im doing right
|chat|Damnosaur|not rly
|chat|Damnosaur|lol
|
|move|p1a: Tornadus|Air Slash|p2a: Milotic
|-damage|p2a: Milotic|218\/394
|cant|p2a: Milotic|flinch
|
|-damage|p1a: Tornadus|0 fnt|[from] brn
|faint|p1a: Tornadus
|chat|Damnosaur|:(
|
|switch|p1a: Kingdra|Kingdra, F|354\/354
|turn|6
|
|move|p1a: Kingdra|Ice Beam|p2a: Milotic
|-resisted|p2a: Milotic
|-damage|p2a: Milotic|159\/394
|-status|p2a: Milotic|frz
|cant|p2a: Milotic|frz
|
|turn|7
|chat|Woony|O
|chat|Woony|i was expecting a switch
|
|switch|p1a: Celebi|Celebi|349\/404
|-curestatus|p2a: Milotic|frz
|move|p2a: Milotic|Scald|p1a: Celebi
|-resisted|p1a: Celebi
|-damage|p1a: Celebi|312\/404
|
|-heal|p1a: Celebi|337\/404|[from] item: Leftovers
|turn|8
|chat|Damnosaur|good thing i have scald
|chat|Woony|OH MHY GOD
|chat|Woony|I NEARLY MISPLAYED
|chat|Damnosaur|?
|chat|Woony|BECAUSE OF THE STUPID FREAKING CALC
|chat|Damnosaur|lol
|chat|Woony|actually i already did
|chat|Woony|fk it
|chat|Woony|yolo
|
|move|p1a: Celebi|Giga Drain|p2a: Milotic
|-supereffective|p2a: Milotic
|-damage|p2a: Milotic|13\/394
|-heal|p1a: Celebi|404\/404|[from] drain|[of] p2a: Milotic
|move|p2a: Milotic|Rest|p2a: Milotic
|-status|p2a: Milotic|slp
|-heal|p2a: Milotic|394\/394 slp|[silent]
|-status|p2a: Milotic|slp|[from] move: Rest
|
|turn|9
|chat|Damnosaur|nope
|chat|Woony|you know what fked up
|chat|Woony|the calc said 0 spd
|chat|Woony|?????@?@?@?@?@
|
|switch|p1a: Infernape|Infernape, M|293\/293
|switch|p2a: Honchkrow|Honchkrow, F|341\/341
|
|turn|10
|chat|Damnosaur|for milotic?
|
|switch|p2a: Claydol|Claydol|324\/324
|move|p1a: Infernape|Flare Blitz|p2a: Claydol
|-damage|p2a: Claydol|47\/324
|-damage|p1a: Infernape|202\/293|[from] recoil|[of] p2a: Claydol
|
|-heal|p2a: Claydol|67\/324|[from] item: Leftovers
|turn|11
|chat|Woony|ooo
|chat|Damnosaur|:(
|chat|Woony|i smell a choke
|
|switch|p2a: Milotic|Milotic, M|394\/394 slp
|move|p1a: Infernape|Flare Blitz|p2a: Milotic
|-resisted|p2a: Milotic
|-damage|p2a: Milotic|316\/394 slp
|-damage|p1a: Infernape|176\/293|[from] recoil|[of] p2a: Milotic
|
|turn|12
|
|switch|p1a: Celebi|Celebi|404\/404
|cant|p2a: Milotic|slp
|move|p2a: Milotic|Sleep Talk|p2a: Milotic
|move|p2a: Milotic|Scald|p1a: Celebi|[from]Sleep Talk
|-resisted|p1a: Celebi
|-damage|p1a: Celebi|370\/404
|
|-heal|p1a: Celebi|395\/404|[from] item: Leftovers
|turn|13
|
|switch|p2a: Darmanitan|Darmanitan, M|351\/351
|move|p1a: Celebi|Giga Drain|p2a: Darmanitan
|-resisted|p2a: Darmanitan
|-damage|p2a: Darmanitan|284\/351
|-heal|p1a: Celebi|404\/404|[from] drain|[of] p2a: Darmanitan
|
|turn|14
|
|switch|p1a: Kingdra|Kingdra, F|354\/354
|move|p2a: Darmanitan|U-turn|p1a: Kingdra
|-crit|p1a: Kingdra
|-damage|p1a: Kingdra|184\/354
|chat|Woony|ow
|
|switch|p2a: Raikou|Raikou|321\/321
|-ability|p2a: Raikou|Pressure
|
|turn|15
|chat|Woony|that crit kind of affected my decision
|
|switch|p1a: Celebi|Celebi|404\/404
|move|p2a: Raikou|Extrasensory|p1a: Celebi
|-resisted|p1a: Celebi
|-damage|p1a: Celebi|357\/404
|
|-heal|p1a: Celebi|382\/404|[from] item: Leftovers
|turn|16
|chat|Damnosaur|oops
|
|switch|p2a: Honchkrow|Honchkrow, F|341\/341
|move|p1a: Celebi|Giga Drain|p2a: Honchkrow
|-crit|p2a: Honchkrow
|-resisted|p2a: Honchkrow
|-damage|p2a: Honchkrow|231\/341
|-heal|p1a: Celebi|404\/404|[from] drain|[of] p2a: Honchkrow
|
|turn|17
|
|move|p1a: Celebi|Thunder Wave|p2a: Honchkrow
|-status|p2a: Honchkrow|par
|move|p2a: Honchkrow|Brave Bird|p1a: Celebi
|-supereffective|p1a: Celebi
|-damage|p1a: Celebi|0 fnt
|-damage|p2a: Honchkrow|98\/341 par|[from] recoil|[of] p1a: Celebi
|-damage|p2a: Honchkrow|64\/341 par|[from] item: Life Orb
|faint|p1a: Celebi
|-boost|p2a: Honchkrow|atk|1|[from] ability: Moxie
|
|
|switch|p1a: Infernape|Infernape, M|176\/293
|turn|18
|
|move|p1a: Infernape|Mach Punch|p2a: Honchkrow
|-damage|p2a: Honchkrow|0 fnt
|faint|p2a: Honchkrow
|
|
|switch|p2a: Claydol|Claydol|67\/324
|turn|19
|
|switch|p1a: Kingdra|Kingdra, F|184\/354
|move|p2a: Claydol|Stealth Rock|p1a: Kingdra
|-sidestart|p1: Woony|move: Stealth Rock
|
|-heal|p2a: Claydol|87\/324|[from] item: Leftovers
|turn|20
|
|move|p1a: Kingdra|Ice Beam|p2a: Claydol
|-crit|p2a: Claydol
|-supereffective|p2a: Claydol
|-damage|p2a: Claydol|0 fnt
|faint|p2a: Claydol
|
|
|switch|p2a: Darmanitan|Darmanitan, M|284\/351
|turn|21
|
|switch|p1a: Nidoking|Nidoking, M|303\/303
|-damage|p1a: Nidoking|285\/303|[from] Stealth Rock
|move|p2a: Darmanitan|U-turn|p1a: Nidoking
|-crit|p1a: Nidoking
|-resisted|p1a: Nidoking
|-damage|p1a: Nidoking|180\/303
|chat|Damnosaur|lol
|chat|Damnosaur|darm raping with crit u-turns
|chat|Woony|i smell gg
|
|switch|p2a: Milotic|Milotic, M|316\/394 slp
|
|turn|22
|
|move|p1a: Nidoking|Thunderbolt|p2a: Milotic
|-supereffective|p2a: Milotic
|-damage|p2a: Milotic|90\/394 slp
|cant|p2a: Milotic|slp
|move|p2a: Milotic|Sleep Talk|p2a: Milotic
|move|p2a: Milotic|Dragon Tail|p1a: Nidoking|[from]Sleep Talk
|-damage|p1a: Nidoking|148\/303
|drag|p1a: Infernape|Infernape, M|176\/293
|-damage|p1a: Infernape|140\/293|[from] Stealth Rock
|
|turn|23
|chat|Damnosaur|lol you have tbolt too
|
|move|p1a: Infernape|Flare Blitz|p2a: Milotic
|-resisted|p2a: Milotic
|-damage|p2a: Milotic|9\/394 slp
|-damage|p1a: Infernape|113\/293|[from] recoil|[of] p2a: Milotic
|-curestatus|p2a: Milotic|slp
|move|p2a: Milotic|Dragon Tail|p1a: Infernape|[miss]
|-miss|p2a: Milotic|p1a: Infernape
|
|turn|24
|chat|Damnosaur|:((((
|
|move|p1a: Infernape|Flare Blitz|p2a: Milotic
|-resisted|p2a: Milotic
|-damage|p2a: Milotic|0 fnt
|-damage|p1a: Infernape|110\/293|[from] recoil|[of] p2a: Milotic
|faint|p2a: Milotic
|
|chat|Damnosaur|wouldve been hilarious if i rested
|chat|Woony|:P
|
|switch|p2a: Whimsicott|Whimsicott, M|261\/261
|turn|25
|chat|Woony|NO
|
|switch|p1a: Nidoking|Nidoking, M|148\/303
|-damage|p1a: Nidoking|130\/303|[from] Stealth Rock
|move|p2a: Whimsicott|Tailwind|p2a: Whimsicott
|-sidestart|p2: Damnosaur|move: Tailwind
|
|turn|26
|chat|Woony|oh no
|chat|Woony|oh wait
|chat|Woony|lol
|chat|Damnosaur|ee
|chat|Woony|i cant outspeed you anyway
|
|move|p2a: Whimsicott|Giga Drain|p1a: Nidoking
|-damage|p1a: Nidoking|0 fnt
|-damage|p2a: Whimsicott|235\/261|[from] item: Life Orb
|faint|p1a: Nidoking
|
|chat|Woony|gg
|
|switch|p1a: Absol|Absol, M|271\/271
|-damage|p1a: Absol|238\/271|[from] Stealth Rock
|turn|27
|
|detailschange|p1a: Absol|Absol-Mega, M
|message|Absol has Mega Evolved into Mega Absol!
|move|p1a: Absol|Sucker Punch|p2a: Whimsicott
|-resisted|p2a: Whimsicott
|-damage|p2a: Whimsicott|149\/261
|move|p2a: Whimsicott|Moonblast|p1a: Absol
|-supereffective|p1a: Absol
|-damage|p1a: Absol|0 fnt
|-damage|p2a: Whimsicott|123\/261|[from] item: Life Orb
|faint|p1a: Absol
|
|
|switch|p1a: Infernape|Infernape, M|110\/293
|-damage|p1a: Infernape|74\/293|[from] Stealth Rock
|turn|28
|chat|Damnosaur|well
|
|move|p1a: Infernape|Mach Punch|p2a: Whimsicott
|-crit|p2a: Whimsicott
|-resisted|p2a: Whimsicott
|-damage|p2a: Whimsicott|42\/261
|move|p2a: Whimsicott|Moonblast|p1a: Infernape
|-damage|p1a: Infernape|0 fnt
|-damage|p2a: Whimsicott|16\/261|[from] item: Life Orb
|faint|p1a: Infernape
|
|-sideend|p2: Damnosaur|move: Tailwind
|chat|Woony|comes down to my mon
|chat|Damnosaur|i intended for darm to sweep with tailwind
|chat|Woony|oh NO
|chat|Woony|OH NO
|chat|Damnosaur|turns out whimsicott sweeps
|chat|Damnosaur|yey
|chat|Woony|WHY MAN
|
|switch|p1a: Kingdra|Kingdra, F|184\/354
|-damage|p1a: Kingdra|140\/354|[from] Stealth Rock
|turn|29
|
|move|p2a: Whimsicott|Moonblast|p1a: Kingdra
|-supereffective|p1a: Kingdra
|-damage|p1a: Kingdra|0 fnt
|-damage|p2a: Whimsicott|0 fnt|[from] item: Life Orb
|faint|p1a: Kingdra
|faint|p2a: Whimsicott
|
|win|Damnosaur
|chat|Damnosaur|whimsicott mvp
|chat|Woony|if i kill your whim
|chat|Woony|maybe i coulda won?
|chat|Damnosaur|nah
|chat|Woony|why not
|chat|Damnosaur|banded eq kills the rest of your team
|chat|Woony|im slower than darm?
|chat|Damnosaur|i had 3 turns of tailwind
|chat|Woony|if my sucker punch critted
|chat|Damnosaur|ok actually you probably mightve won
|chat|Woony|what wouldve happened
|chat|Damnosaur|uh
|chat|Damnosaur|ok
|chat|Damnosaur|kill whims
|chat|Woony|lol but my chances are damn tiny
|chat|Damnosaur|i bring in darm
|chat|Woony|CHANCES
|chat|Damnosaur|youre locked into flareblitz
|chat|Damnosaur|you switch out
|chat|Woony|dude
|chat|Damnosaur|into kingdra
|chat|Damnosaur|kingdra dies
|chat|Damnosaur|2 turns of tailwind left
|chat|Woony|my spunch  crit still cant kill whim
|chat|Woony|i mean
|chat|Woony|if i kill whim with mpunch
|chat|Woony|b4 tailwind
|chat|Woony|and if I HAD MAX SPEED
|chat|Damnosaur|????
|chat|Damnosaur|wait wait wait
|chat|Woony|lol nvm
|chat|Woony|night
|chat|Damnosaur|no
|chat|Damnosaur|waitt
|chat|Damnosaur|at turn 25
|chat|Woony|my chances of winning was 0.000001%
|chat|Damnosaur|if you killed whims with flareblitz after i tailwinded
|chat|Damnosaur|no you coulve won
|chat|Damnosaur|listen
|chat|Damnosaur|after whims died
|chat|Damnosaur|i bring in darm with 3 turns of tailwind
|chat|Damnosaur|you sack kingdra to my eq
|chat|Damnosaur|2 turns of tailwind
|chat|Damnosaur|bring back in nape
|chat|Damnosaur|mach punch me
|chat|Damnosaur|you die to eq
|chat|Damnosaur|1turn of tailwind
|chat|Damnosaur|bring in absol
|chat|Damnosaur|mega and spunch and kill me
|chat|Woony|wow
|chat|Damnosaur|i cant kill you with raikou cos im specs
|chat|Woony|theorymon
|chat|Woony|scary
|chat|Damnosaur|so you wouldve won
|chat|Woony|ok night
|chat|Damnosaur|yeah
|chat|Damnosaur|i misplayed
|leave|Woony
|player|p1