|join|Damnosaur
|join|rl5525
|player|p1|Damnosaur|167
|player|p2|rl5525|10
|gametype|singles
|gen|6
|tier|UU
|rated
|rule|Sleep Clause Mod: Limit one foe put to sleep
|rule|Species Clause: Limit one of each Pokemon
|rule|OHKO Clause: OHKO moves are banned
|rule|Moody Clause: Moody is banned
|rule|Evasion Moves Clause: Evasion moves are banned
|rule|Endless Battle Clause: Forcing endless battles is banned.
|rule|HP Percentage Mod: HP is reported as percentages
|clearpoke
|poke|p1|Aerodactyl, M
|poke|p1|Honchkrow, F
|poke|p1|Whimsicott, F
|poke|p1|Kingdra, M
|poke|p1|Nidoking, M
|poke|p1|Infernape, F
|poke|p2|Furfrou, M, shiny
|poke|p2|Suicune
|poke|p2|Houndoom, F
|poke|p2|Stoutland, M
|poke|p2|Arcanine, M, shiny
|poke|p2|Granbull, F
|teampreview
|
|start
|switch|p1a: Nidoking|Nidoking, M|304\/304
|switch|p2a: Furfrou|Furfrou, M, shiny|354\/354
|turn|1
|
|move|p2a: Furfrou|Cotton Guard|p2a: Furfrou
|-boost|p2a: Furfrou|def|3
|move|p1a: Nidoking|Stealth Rock|p2a: Furfrou
|-sidestart|p2: rl5525|move: Stealth Rock
|
|turn|2
|
|move|p2a: Furfrou|Cotton Guard|p2a: Furfrou
|-boost|p2a: Furfrou|def|3
|move|p1a: Nidoking|Earth Power|p2a: Furfrou
|-damage|p2a: Furfrou|116\/354
|
|-heal|p2a: Furfrou|138\/354|[from] item: Leftovers
|turn|3
|chat|rl5525|aw
|
|move|p2a: Furfrou|Return|p1a: Nidoking
|-damage|p1a: Nidoking|172\/304
|move|p1a: Nidoking|Earth Power|p2a: Furfrou
|-damage|p2a: Furfrou|0 fnt
|faint|p2a: Furfrou
|
|
|switch|p2a: Houndoom|Houndoom, F|292\/292
|-damage|p2a: Houndoom|219\/292|[from] Stealth Rock
|turn|4
|
|detailschange|p2a: Houndoom|Houndoom-Mega, F
|message|Houndoom has Mega Evolved into Mega Houndoom!
|move|p2a: Houndoom|Dark Pulse|p1a: Nidoking
|-damage|p1a: Nidoking|0 fnt
|faint|p1a: Nidoking
|
|
|switch|p1a: Infernape|Infernape, F|293\/293
|turn|5
|
|move|p1a: Infernape|U-turn|p2a: Houndoom
|-damage|p2a: Houndoom|145\/292
|
|switch|p1a: Aerodactyl|Aerodactyl, M|301\/301
|move|p2a: Houndoom|Sludge Bomb|p1a: Aerodactyl
|-resisted|p1a: Aerodactyl
|-damage|p1a: Aerodactyl|223\/301
|
|turn|6
|
|switch|p2a: Suicune|Suicune|404\/404
|-damage|p2a: Suicune|354\/404|[from] Stealth Rock
|-ability|p2a: Suicune|Pressure
|detailschange|p1a: Aerodactyl|Aerodactyl-Mega, M
|message|Aerodactyl has Mega Evolved into Mega Aerodactyl!
|move|p1a: Aerodactyl|Aerial Ace|p2a: Suicune
|-crit|p2a: Suicune
|-damage|p2a: Suicune|204\/404
|
|-heal|p2a: Suicune|229\/404|[from] item: Leftovers
|turn|7
|
|switch|p1a: Kingdra|Kingdra, M|291\/291
|move|p2a: Suicune|Scald|p1a: Kingdra
|-resisted|p1a: Kingdra
|-damage|p1a: Kingdra|268\/291
|
|-heal|p2a: Suicune|254\/404|[from] item: Leftovers
|turn|8
|
|move|p1a: Kingdra|Focus Energy|p1a: Kingdra
|-start|p1a: Kingdra|move: Focus Energy
|move|p2a: Suicune|Scald|p1a: Kingdra
|-resisted|p1a: Kingdra
|-damage|p1a: Kingdra|247\/291
|-status|p1a: Kingdra|brn
|
|-heal|p2a: Suicune|279\/404|[from] item: Leftovers
|-damage|p1a: Kingdra|211\/291 brn|[from] brn
|turn|9
|
|move|p1a: Kingdra|Draco Meteor|p2a: Suicune
|-crit|p2a: Suicune
|-damage|p2a: Suicune|0 fnt
|-unboost|p1a: Kingdra|spa|2
|faint|p2a: Suicune
|
|-damage|p1a: Kingdra|175\/291 brn|[from] brn
|
|switch|p2a: Stoutland|Stoutland, M|312\/312
|-damage|p2a: Stoutland|273\/312|[from] Stealth Rock
|turn|10
|
|move|p1a: Kingdra|Draco Meteor|p2a: Stoutland
|-crit|p2a: Stoutland
|-damage|p2a: Stoutland|0 fnt
|-unboost|p1a: Kingdra|spa|2
|faint|p2a: Stoutland
|
|-damage|p1a: Kingdra|139\/291 brn|[from] brn
|
|switch|p2a: Granbull|Granbull, F|384\/384
|-damage|p2a: Granbull|336\/384|[from] Stealth Rock
|-ability|p2a: Granbull|Intimidate|[of] p1a: Kingdra
|-unboost|p1a: Kingdra|atk|1
|turn|11
|
|move|p1a: Kingdra|Hydro Pump|p2a: Granbull
|-crit|p2a: Granbull
|-damage|p2a: Granbull|0 fnt
|faint|p2a: Granbull
|
|-damage|p1a: Kingdra|103\/291 brn|[from] brn
|chat|rl5525|><
|
|switch|p2a: Arcanine|Arcanine, M, shiny|321\/321
|-damage|p2a: Arcanine|241\/321|[from] Stealth Rock
|-ability|p2a: Arcanine|Intimidate|[of] p1a: Kingdra
|-unboost|p1a: Kingdra|atk|1
|turn|12
|
|move|p2a: Arcanine|Extreme Speed|p1a: Kingdra
|-damage|p1a: Kingdra|5\/291 brn
|move|p1a: Kingdra|Draco Meteor|p2a: Arcanine
|-crit|p2a: Arcanine
|-damage|p2a: Arcanine|0 fnt
|-unboost|p1a: Kingdra|spa|2
|faint|p2a: Arcanine
|
|-damage|p1a: Kingdra|0 fnt|[from] brn
|faint|p1a: Kingdra
|
|switch|p1a: Infernape|Infernape, F|293\/293
|switch|p2a: Houndoom|Houndoom-Mega, F|145\/292
|-damage|p2a: Houndoom|72\/292|[from] Stealth Rock
|turn|13
|
|move|p1a: Infernape|Close Combat|p2a: Houndoom
|-crit|p2a: Houndoom
|-supereffective|p2a: Houndoom
|-damage|p2a: Houndoom|0 fnt
|-unboost|p1a: Infernape|def|1
|-unboost|p1a: Infernape|spd|1
|faint|p2a: Houndoom
|
|win|Damnosaur
|raw|Ladder updating...
|raw|Damnosaur's rating: 1223 &rarr; <strong>1247<\/strong><br \/>(+24 for winning)
|raw|rl5525's rating: 1198 &rarr; <strong>1175<\/strong><br \/>(-23 for losing)
|chat|rl5525|gg man
|chat|Damnosaur|gg
|leave|rl5525
|player|p2