|join|ULT Peru
|join|Damnosaur
|player|p1|ULT Peru|174
|player|p2|Damnosaur|167
|gametype|singles
|gen|6
|tier|UU
|rated
|rule|Sleep Clause Mod: Limit one foe put to sleep
|rule|Species Clause: Limit one of each PokÃ©mon
|rule|OHKO Clause: OHKO moves are banned
|rule|Moody Clause: Moody is banned
|rule|Evasion Moves Clause: Evasion moves are banned
|rule|Endless Battle Clause: Forcing endless battles is banned
|rule|HP Percentage Mod: HP is shown in percentages
|clearpoke
|poke|p1|Vaporeon, F
|poke|p1|Forretress, F
|poke|p1|Dugtrio, M
|poke|p1|Togekiss, F
|poke|p1|Hydreigon, M
|poke|p1|Raikou
|poke|p2|Honchkrow, F
|poke|p2|Doublade, M
|poke|p2|Krookodile, F
|poke|p2|Blastoise, M
|poke|p2|Shaymin
|poke|p2|Fletchinder, F
|rule|Swagger Clause: Swagger is banned
|rule|Baton Pass Clause: Limit one PokÃ©mon knowing Baton Pass
|teampreview
|
|start
|switch|p1a: Vaporeon|Vaporeon, F|446\/446
|switch|p2a: Doublade|Doublade, M|319\/319
|turn|1
|
|switch|p2a: Shaymin|Shaymin|341\/341
|move|p1a: Vaporeon|Scald|p2a: Shaymin
|-resisted|p2a: Shaymin
|-damage|p2a: Shaymin|288\/341
|-status|p2a: Shaymin|brn
|
|-heal|p2a: Shaymin|309\/341 brn|[from] item: Leftovers
|-damage|p2a: Shaymin|267\/341 brn|[from] brn
|turn|2
|
|switch|p1a: air miss|Togekiss, F|311\/311
|move|p2a: Shaymin|Leech Seed|p1a: air miss
|-start|p1a: air miss|move: Leech Seed
|
|-heal|p2a: Shaymin|288\/341 brn|[from] item: Leftovers
|-damage|p1a: air miss|273\/311|[from] Leech Seed|[of] p2a: Shaymin
|-heal|p2a: Shaymin|326\/341 brn|[silent]
|-damage|p2a: Shaymin|284\/341 brn|[from] brn
|turn|3
|
|switch|p2a: Doublade|Doublade, M|319\/319
|switch|p1a: Forretress|Forretress, F|354\/354
|
|turn|4
|join|Predicting Hax
|
|move|p2a: Doublade|Swords Dance|p2a: Doublade
|-boost|p2a: Doublade|atk|2
|move|p1a: Forretress|Volt Switch|p2a: Doublade
|-damage|p2a: Doublade|276\/319
|
|switch|p1a: Hydreigon|Hydreigon, M|325\/325
|
|turn|5
|
|switch|p2a: Blastoise|Blastoise, M|361\/361
|move|p1a: Hydreigon|Dark Pulse|p2a: Blastoise
|-damage|p2a: Blastoise|264\/361
|
|turn|6
|
|switch|p1a: Vaporeon|Vaporeon, F|446\/446
|switch|p2a: Shaymin|Shaymin|284\/341
|
|-heal|p2a: Shaymin|305\/341|[from] item: Leftovers
|turn|7
|
|move|p1a: Vaporeon|Protect|p1a: Vaporeon
|-singleturn|p1a: Vaporeon|Protect
|move|p2a: Shaymin|Leech Seed|p1a: Vaporeon
|-activate|p1a: Vaporeon|Protect
|
|-heal|p2a: Shaymin|326\/341|[from] item: Leftovers
|turn|8
|
|switch|p1a: Forretress|Forretress, F|354\/354
|move|p2a: Shaymin|Leech Seed|p1a: Forretress
|-start|p1a: Forretress|move: Leech Seed
|
|-heal|p2a: Shaymin|341\/341|[from] item: Leftovers
|-damage|p1a: Forretress|310\/354|[from] Leech Seed|[of] p2a: Shaymin
|turn|9
|
|switch|p2a: Blastoise|Blastoise, M|264\/361
|move|p1a: Forretress|Spikes|p2a: Blastoise
|-sidestart|p2: Damnosaur|Spikes
|
|-heal|p1a: Forretress|332\/354|[from] item: Leftovers
|-damage|p1a: Forretress|288\/354|[from] Leech Seed|[of] p2a: Blastoise
|-heal|p2a: Blastoise|308\/361|[silent]
|turn|10
|
|switch|p1a: air miss|Togekiss, F|273\/311
|detailschange|p2a: Blastoise|Blastoise-Mega, M
|message|Blastoise has Mega Evolved into Mega Blastoise!
|move|p2a: Blastoise|Rapid Spin|p1a: air miss
|-damage|p1a: air miss|258\/311
|-sideend|p2: Damnosaur|Spikes|[from] move: Rapid Spin|[of] p2a: Blastoise
|
|-heal|p1a: air miss|277\/311|[from] item: Leftovers
|turn|11
|
|move|p1a: air miss|Air Slash|p2a: Blastoise
|-damage|p2a: Blastoise|217\/361
|cant|p2a: Blastoise|flinch
|
|-heal|p1a: air miss|296\/311|[from] item: Leftovers
|turn|12
|
|move|p1a: air miss|Air Slash|p2a: Blastoise
|-damage|p2a: Blastoise|132\/361
|cant|p2a: Blastoise|flinch
|
|-heal|p1a: air miss|311\/311|[from] item: Leftovers
|turn|13
|
|switch|p2a: Doublade|Doublade, M|276\/319
|move|p1a: air miss|Air Slash|p2a: Doublade
|-resisted|p2a: Doublade
|-damage|p2a: Doublade|200\/319
|
|turn|14
|
|switch|p1a: Vaporeon|Vaporeon, F|446\/446
|move|p2a: Doublade|Iron Head|p1a: Vaporeon
|-resisted|p1a: Vaporeon
|-damage|p1a: Vaporeon|367\/446
|
|-heal|p1a: Vaporeon|394\/446|[from] item: Leftovers
|turn|15
|
|switch|p2a: Shaymin|Shaymin|341\/341
|move|p1a: Vaporeon|Scald|p2a: Shaymin
|-resisted|p2a: Shaymin
|-damage|p2a: Shaymin|288\/341
|
|-heal|p2a: Shaymin|309\/341|[from] item: Leftovers
|-heal|p1a: Vaporeon|421\/446|[from] item: Leftovers
|turn|16
|
|move|p2a: Shaymin|Substitute|p2a: Shaymin
|-start|p2a: Shaymin|Substitute
|-damage|p2a: Shaymin|224\/341
|move|p1a: Vaporeon|Baton Pass|p1a: Vaporeon
|join|Colbrushie
|
|switch|p1a: Forretress|Forretress, F|288\/354
|
|-heal|p2a: Shaymin|245\/341|[from] item: Leftovers
|-heal|p1a: Forretress|310\/354|[from] item: Leftovers
|turn|17
|c| Colbrushie|hp fire
|c| Colbrushie|hp fire
|c| Colbrushie|hp fire
|c| Colbrushie|subseedhpfire
|
|switch|p1a: air miss|Togekiss, F|311\/311
|move|p2a: Shaymin|Leech Seed|p1a: air miss
|-start|p1a: air miss|move: Leech Seed
|
|-heal|p2a: Shaymin|266\/341|[from] item: Leftovers
|-damage|p1a: air miss|273\/311|[from] Leech Seed|[of] p2a: Shaymin
|-heal|p2a: Shaymin|304\/341|[silent]
|turn|18
|c|âULT Peru|ur a nerd
|
|switch|p2a: Doublade|Doublade, M|200\/319
|move|p1a: air miss|Air Slash|p2a: Doublade
|-resisted|p2a: Doublade
|-damage|p2a: Doublade|129\/319
|
|-heal|p1a: air miss|292\/311|[from] item: Leftovers
|-damage|p1a: air miss|254\/311|[from] Leech Seed|[of] p2a: Doublade
|-heal|p2a: Doublade|167\/319|[silent]
|turn|19
|
|switch|p1a: Vaporeon|Vaporeon, F|421\/446
|move|p2a: Doublade|Shadow Sneak|p1a: Vaporeon
|-damage|p1a: Vaporeon|348\/446
|
|-heal|p1a: Vaporeon|375\/446|[from] item: Leftovers
|turn|20
|
|switch|p2a: Shaymin|Shaymin|304\/341
|move|p1a: Vaporeon|Baton Pass|p1a: Vaporeon
|
|switch|p1a: air miss|Togekiss, F|254\/311
|
|-heal|p2a: Shaymin|325\/341|[from] item: Leftovers
|-heal|p1a: air miss|273\/311|[from] item: Leftovers
|turn|21
|
|switch|p2a: Honchkrow|Honchkrow, F|341\/341
|move|p1a: air miss|Air Slash|p2a: Honchkrow
|-damage|p2a: Honchkrow|146\/341
|
|-heal|p1a: air miss|292\/311|[from] item: Leftovers
|turn|22
|c|âULT Peru|?
|
|move|p1a: air miss|Air Slash|p2a: Honchkrow
|-crit|p2a: Honchkrow
|-damage|p2a: Honchkrow|0 fnt
|faint|p2a: Honchkrow
|
|-heal|p1a: air miss|311\/311|[from] item: Leftovers
|join|anal calamity
|c|âULT Peru|hoping for that air miss
|c| anal calamity|is that a counter,,,
|c|âULT Peru|why would u use honch in a toge meta
|c|âULT Peru|rip everybody's life
|
|switch|p2a: Doublade|Doublade, M|167\/319
|turn|23
|
|switch|p1a: Vaporeon|Vaporeon, F|375\/446
|move|p2a: Doublade|Iron Head|p1a: Vaporeon
|-resisted|p1a: Vaporeon
|-damage|p1a: Vaporeon|294\/446
|
|-heal|p1a: Vaporeon|321\/446|[from] item: Leftovers
|turn|24
|
|switch|p2a: Shaymin|Shaymin|325\/341
|move|p1a: Vaporeon|Scald|p2a: Shaymin
|-resisted|p2a: Shaymin
|-damage|p2a: Shaymin|277\/341
|
|-heal|p2a: Shaymin|298\/341|[from] item: Leftovers
|-heal|p1a: Vaporeon|348\/446|[from] item: Leftovers
|turn|25
|
|move|p1a: Vaporeon|Protect|p1a: Vaporeon
|-singleturn|p1a: Vaporeon|Protect
|move|p2a: Shaymin|Leech Seed|p1a: Vaporeon
|-activate|p1a: Vaporeon|Protect
|
|-heal|p2a: Shaymin|319\/341|[from] item: Leftovers
|-heal|p1a: Vaporeon|375\/446|[from] item: Leftovers
|turn|26
|
|switch|p1a: air miss|Togekiss, F|311\/311
|move|p2a: Shaymin|Leech Seed|p1a: air miss
|-start|p1a: air miss|move: Leech Seed
|
|-heal|p2a: Shaymin|340\/341|[from] item: Leftovers
|-damage|p1a: air miss|273\/311|[from] Leech Seed|[of] p2a: Shaymin
|-heal|p2a: Shaymin|341\/341|[silent]
|turn|27
|
|switch|p1a: Forretress|Forretress, F|310\/354
|move|p2a: Shaymin|Substitute|p2a: Shaymin
|-start|p2a: Shaymin|Substitute
|-damage|p2a: Shaymin|256\/341
|
|-heal|p2a: Shaymin|277\/341|[from] item: Leftovers
|-heal|p1a: Forretress|332\/354|[from] item: Leftovers
|turn|28
|
|move|p2a: Shaymin|Leech Seed|p1a: Forretress
|-start|p1a: Forretress|move: Leech Seed
|move|p1a: Forretress|Spikes|p2a: Shaymin
|-sidestart|p2: Damnosaur|Spikes
|
|-heal|p2a: Shaymin|298\/341|[from] item: Leftovers
|-heal|p1a: Forretress|354\/354|[from] item: Leftovers
|-damage|p1a: Forretress|310\/354|[from] Leech Seed|[of] p2a: Shaymin
|-heal|p2a: Shaymin|341\/341|[silent]
|turn|29
|join|lucky & bad
|c|âULT Peru|u need
|c|âULT Peru|spikes
|c|âULT Peru|for this to work
|c|âULT Peru|lol
|
|switch|p2a: Fletchinder|Fletchinder, F|291\/291
|switch|p1a: air miss|Togekiss, F|273\/311
|
|-heal|p1a: air miss|292\/311|[from] item: Leftovers
|turn|30
|
|move|p2a: Fletchinder|Acrobatics|p1a: air miss
|-crit|p1a: air miss
|-damage|p1a: air miss|46\/311
|move|p1a: air miss|Air Slash|p2a: Fletchinder
|-damage|p2a: Fletchinder|71\/291
|
|-heal|p1a: air miss|65\/311|[from] item: Leftovers
|turn|31
|
|switch|p1a: Raikou|Raikou|321\/321
|-ability|p1a: Raikou|Pressure
|switch|p2a: Blastoise|Blastoise-Mega, M|132\/361
|-damage|p2a: Blastoise|87\/361|[from] Spikes
|
|turn|32
|
|move|p1a: Raikou|Hidden Power|p2a: Blastoise
|-supereffective|p2a: Blastoise
|-damage|p2a: Blastoise|0 fnt
|faint|p2a: Blastoise
|
|
|switch|p2a: Fletchinder|Fletchinder, F|71\/291
|turn|33
|
|move|p2a: Fletchinder|Roost|p2a: Fletchinder
|-heal|p2a: Fletchinder|217\/291
|move|p1a: Raikou|Thunderbolt|p2a: Fletchinder
|-damage|p2a: Fletchinder|0 fnt
|faint|p2a: Fletchinder
|
|c|âULT Peru|no?????
|
|switch|p2a: Krookodile|Krookodile, F|331\/331
|-damage|p2a: Krookodile|290\/331|[from] Spikes
|-ability|p2a: Krookodile|Intimidate|[of] p1a: Raikou
|-unboost|p1a: Raikou|atk|1
|turn|34
|-message|Damnosaur forfeited.
|
|win|ULT Peru
|raw|Ladder updating...
|leave|Damnosaur
|player|p2
|raw|ULT Peru's rating: 1606 &rarr; <strong>1621<\/strong><br \/>(+15 for winning)
|raw|Damnosaur's rating: 1508 &rarr; <strong>1493<\/strong><br \/>(-15 for losing)
|leave|ULT Peru
|player|p1
|leave|anal calamity
|leave|Colbrushie