|join|Weman
|join|Damnosaur
|player|p1|Weman|184
|player|p2|Damnosaur|167
|gametype|singles
|gen|6
|tier|UU
|rated
|rule|Sleep Clause Mod: Limit one foe put to sleep
|rule|Species Clause: Limit one of each Pokemon
|rule|OHKO Clause: OHKO moves are banned
|rule|Moody Clause: Moody is banned
|rule|Evasion Moves Clause: Evasion moves are banned
|rule|Endless Battle Clause: Forcing endless battles is banned.
|rule|HP Percentage Mod: HP is reported as percentages
|clearpoke
|poke|p1|Cloyster, M, shiny
|poke|p1|Toxicroak, M, shiny
|poke|p1|Arcanine, F
|poke|p1|Goodra, F, shiny
|poke|p1|Aerodactyl, F
|poke|p1|Krookodile, M
|poke|p2|Forretress, F
|poke|p2|Honchkrow, M
|poke|p2|Whimsicott, M
|poke|p2|Kingdra, M
|poke|p2|Nidoking, M
|poke|p2|Infernape, F
|teampreview
|
|start
|switch|p1a: Arcanine|Arcanine, F|374\/374
|switch|p2a: Whimsicott|Whimsicott, M|261\/261
|-ability|p1a: Arcanine|Intimidate|[of] p2a: Whimsicott
|-unboost|p2a: Whimsicott|atk|1
|turn|1
|
|switch|p2a: Kingdra|Kingdra, M|291\/291
|move|p1a: Arcanine|Flare Blitz|p2a: Kingdra
|-resisted|p2a: Kingdra
|-damage|p2a: Kingdra|255\/291
|-damage|p1a: Arcanine|362\/374|[from] recoil|[of] p2a: Kingdra
|
|-heal|p1a: Arcanine|374\/374|[from] item: Leftovers
|turn|2
|
|switch|p1a: Goodra|Goodra, F, shiny|384\/384
|move|p2a: Kingdra|Substitute|p2a: Kingdra
|-start|p2a: Kingdra|Substitute
|-damage|p2a: Kingdra|183\/291
|
|turn|3
|
|move|p2a: Kingdra|Focus Energy|p2a: Kingdra
|-start|p2a: Kingdra|move: Focus Energy
|move|p1a: Goodra|Dragon Pulse|p2a: Kingdra
|-supereffective|p2a: Kingdra
|-end|p2a: Kingdra|Substitute
|
|turn|4
|
|move|p2a: Kingdra|Draco Meteor|p1a: Goodra
|-crit|p1a: Goodra
|-supereffective|p1a: Goodra
|-damage|p1a: Goodra|0 fnt
|-unboost|p2a: Kingdra|spa|2
|faint|p1a: Goodra
|
|
|switch|p1a: Cloyster|Cloyster, M, shiny|242\/242
|turn|5
|
|move|p2a: Kingdra|Draco Meteor|p1a: Cloyster
|-crit|p1a: Cloyster
|-enditem|p1a: Cloyster|Focus Sash
|-damage|p1a: Cloyster|1\/242
|-unboost|p2a: Kingdra|spa|2
|move|p1a: Cloyster|Shell Smash|p1a: Cloyster
|-boost|p1a: Cloyster|atk|2
|-boost|p1a: Cloyster|spa|2
|-boost|p1a: Cloyster|spe|2
|-unboost|p1a: Cloyster|def|1
|-unboost|p1a: Cloyster|spd|1
|
|turn|6
|
|switch|p2a: Forretress|Forretress, F|354\/354
|move|p1a: Cloyster|Icicle Spear|p2a: Forretress
|-resisted|p2a: Forretress
|-damage|p2a: Forretress|331\/354
|-resisted|p2a: Forretress
|-damage|p2a: Forretress|308\/354
|-resisted|p2a: Forretress
|-damage|p2a: Forretress|284\/354
|-resisted|p2a: Forretress
|-damage|p2a: Forretress|259\/354
|-resisted|p2a: Forretress
|-damage|p2a: Forretress|238\/354
|-hitcount|p2a: Forretress|5
|
|-heal|p2a: Forretress|260\/354|[from] item: Leftovers
|turn|7
|
|move|p1a: Cloyster|Rock Blast|p2a: Forretress
|-damage|p2a: Forretress|232\/354
|-damage|p2a: Forretress|201\/354
|-damage|p2a: Forretress|169\/354
|-damage|p2a: Forretress|137\/354
|-damage|p2a: Forretress|107\/354
|-hitcount|p2a: Forretress|5
|move|p2a: Forretress|Volt Switch|p1a: Cloyster
|-supereffective|p1a: Cloyster
|-damage|p1a: Cloyster|0 fnt
|faint|p1a: Cloyster
|
|switch|p2a: Nidoking|Nidoking, M|304\/304
|
|
|switch|p1a: Krookodile|Krookodile, M|331\/331
|-ability|p1a: Krookodile|Intimidate|[of] p2a: Nidoking
|-unboost|p2a: Nidoking|atk|1
|turn|8
|
|move|p1a: Krookodile|Knock Off|p2a: Nidoking
|-damage|p2a: Nidoking|15\/304
|-enditem|p2a: Nidoking|Life Orb|[from] move: Knock Off|[of] p1a: Krookodile
|move|p2a: Nidoking|Stealth Rock|p1a: Krookodile
|-sidestart|p1: Weman|move: Stealth Rock
|
|turn|9
|
|move|p1a: Krookodile|Knock Off|p2a: Nidoking
|-damage|p2a: Nidoking|0 fnt
|faint|p2a: Nidoking
|
|
|switch|p2a: Whimsicott|Whimsicott, M|261\/261
|turn|10
|
|switch|p1a: Toxicroak|Toxicroak, M, shiny|308\/308
|-damage|p1a: Toxicroak|289\/308|[from] Stealth Rock
|move|p2a: Whimsicott|U-turn|p1a: Toxicroak
|-resisted|p1a: Toxicroak
|-damage|p1a: Toxicroak|273\/308
|-damage|p2a: Whimsicott|235\/261|[from] item: Life Orb
|
|switch|p2a: Infernape|Infernape, F|293\/293
|
|turn|11
|
|switch|p1a: Arcanine|Arcanine, F|374\/374
|-damage|p1a: Arcanine|281\/374|[from] Stealth Rock
|-ability|p1a: Arcanine|Intimidate|[of] p2a: Infernape
|-unboost|p2a: Infernape|atk|1
|move|p2a: Infernape|Flare Blitz|p1a: Arcanine
|-resisted|p1a: Arcanine
|-damage|p1a: Arcanine|233\/374
|-damage|p2a: Infernape|277\/293|[from] recoil|[of] p1a: Arcanine
|
|-heal|p1a: Arcanine|256\/374|[from] item: Leftovers
|turn|12
|
|switch|p2a: Forretress|Forretress, F|107\/354
|move|p1a: Arcanine|Extreme Speed|p2a: Forretress
|-resisted|p2a: Forretress
|-damage|p2a: Forretress|87\/354
|
|-heal|p1a: Arcanine|279\/374|[from] item: Leftovers
|-heal|p2a: Forretress|109\/354|[from] item: Leftovers
|turn|13
|
|move|p1a: Arcanine|Flare Blitz|p2a: Forretress
|-supereffective|p2a: Forretress
|-damage|p2a: Forretress|0 fnt
|-damage|p1a: Arcanine|243\/374|[from] recoil|[of] p2a: Forretress
|faint|p2a: Forretress
|
|-heal|p1a: Arcanine|266\/374|[from] item: Leftovers
|
|switch|p2a: Kingdra|Kingdra, M|183\/291
|turn|14
|
|switch|p1a: Toxicroak|Toxicroak, M, shiny|273\/308
|-damage|p1a: Toxicroak|254\/308|[from] Stealth Rock
|move|p2a: Kingdra|Draco Meteor|p1a: Toxicroak
|-damage|p1a: Toxicroak|0 fnt
|-unboost|p2a: Kingdra|spa|2
|faint|p1a: Toxicroak
|
|
|switch|p1a: Krookodile|Krookodile, M|331\/331
|-damage|p1a: Krookodile|311\/331|[from] Stealth Rock
|-ability|p1a: Krookodile|Intimidate|[of] p2a: Kingdra
|-unboost|p2a: Kingdra|atk|1
|turn|15
|
|move|p1a: Krookodile|Knock Off|p2a: Kingdra
|-damage|p2a: Kingdra|0 fnt
|faint|p2a: Kingdra
|
|
|switch|p2a: Infernape|Infernape, F|277\/293
|turn|16
|
|move|p2a: Infernape|U-turn|p1a: Krookodile
|-supereffective|p1a: Krookodile
|-damage|p1a: Krookodile|135\/331
|
|switch|p2a: Honchkrow|Honchkrow, M|341\/341
|move|p1a: Krookodile|Knock Off|p2a: Honchkrow
|-resisted|p2a: Honchkrow
|-damage|p2a: Honchkrow|153\/341
|-enditem|p2a: Honchkrow|Life Orb|[from] move: Knock Off|[of] p1a: Krookodile
|
|turn|17
|
|move|p2a: Honchkrow|Sucker Punch|p1a: Krookodile
|-resisted|p1a: Krookodile
|-damage|p1a: Krookodile|38\/331
|move|p1a: Krookodile|Knock Off|p2a: Honchkrow
|-resisted|p2a: Honchkrow
|-damage|p2a: Honchkrow|18\/341
|
|turn|18
|
|move|p2a: Honchkrow|Pursuit|p1a: Krookodile|[from]Pursuit
|-resisted|p1a: Krookodile
|-damage|p1a: Krookodile|0 fnt
|faint|p1a: Krookodile
|-boost|p2a: Honchkrow|atk|1|[from] ability: Moxie
|
|
|switch|p1a: Aerodactyl|Aerodactyl, F|302\/302
|-damage|p1a: Aerodactyl|227\/302|[from] Stealth Rock
|-ability|p1a: Aerodactyl|Pressure
|turn|19
|
|move|p2a: Honchkrow|Sucker Punch|p1a: Aerodactyl
|-fail|p1a: Aerodactyl
|move|p1a: Aerodactyl|Defog|p2a: Honchkrow
|-unboost|p2a: Honchkrow|evasion|1
|-sideend|p1: Weman|Stealth Rock|[from] move: Defog|[of] p1a: Aerodactyl
|
|-heal|p1a: Aerodactyl|245\/302|[from] item: Leftovers
|turn|20
|
|move|p2a: Honchkrow|Sucker Punch|p1a: Aerodactyl
|-fail|p1a: Aerodactyl
|move|p1a: Aerodactyl|Stealth Rock|p2a: Honchkrow
|-sidestart|p2: Damnosaur|move: Stealth Rock
|
|-heal|p1a: Aerodactyl|263\/302|[from] item: Leftovers
|turn|21
|
|move|p2a: Honchkrow|Sucker Punch|p1a: Aerodactyl
|-damage|p1a: Aerodactyl|0 fnt
|faint|p1a: Aerodactyl
|-boost|p2a: Honchkrow|atk|1|[from] ability: Moxie
|
|
|switch|p1a: Arcanine|Arcanine, F|266\/374
|-ability|p1a: Arcanine|Intimidate|[of] p2a: Honchkrow
|-unboost|p2a: Honchkrow|atk|1
|turn|22
|
|move|p1a: Arcanine|Extreme Speed|p2a: Honchkrow
|-damage|p2a: Honchkrow|0 fnt
|faint|p2a: Honchkrow
|
|-heal|p1a: Arcanine|289\/374|[from] item: Leftovers
|
|switch|p2a: Infernape|Infernape, F|277\/293
|-damage|p2a: Infernape|241\/293|[from] Stealth Rock
|turn|23
|
|move|p2a: Infernape|Close Combat|p1a: Arcanine
|-damage|p1a: Arcanine|130\/374
|-unboost|p2a: Infernape|def|1
|-unboost|p2a: Infernape|spd|1
|move|p1a: Arcanine|Morning Sun|p1a: Arcanine
|-heal|p1a: Arcanine|317\/374
|
|-heal|p1a: Arcanine|340\/374|[from] item: Leftovers
|turn|24
|
|switch|p2a: Whimsicott|Whimsicott, M|235\/261
|-damage|p2a: Whimsicott|203\/261|[from] Stealth Rock
|move|p1a: Arcanine|Extreme Speed|p2a: Whimsicott
|-damage|p2a: Whimsicott|126\/261
|
|-heal|p1a: Arcanine|363\/374|[from] item: Leftovers
|turn|25
|
|move|p2a: Whimsicott|Moonblast|p1a: Arcanine
|-resisted|p1a: Arcanine
|-damage|p1a: Arcanine|275\/374
|-unboost|p1a: Arcanine|spa|1
|-damage|p2a: Whimsicott|100\/261|[from] item: Life Orb
|move|p1a: Arcanine|Flare Blitz|p2a: Whimsicott
|-supereffective|p2a: Whimsicott
|-damage|p2a: Whimsicott|0 fnt
|-damage|p1a: Arcanine|242\/374|[from] recoil|[of] p2a: Whimsicott
|faint|p2a: Whimsicott
|
|-heal|p1a: Arcanine|265\/374|[from] item: Leftovers
|
|switch|p2a: Infernape|Infernape, F|241\/293
|-damage|p2a: Infernape|205\/293|[from] Stealth Rock
|turn|26
|
|move|p2a: Infernape|Close Combat|p1a: Arcanine
|-damage|p1a: Arcanine|126\/374
|-unboost|p2a: Infernape|def|1
|-unboost|p2a: Infernape|spd|1
|move|p1a: Arcanine|Morning Sun|p1a: Arcanine
|-heal|p1a: Arcanine|313\/374
|
|-heal|p1a: Arcanine|336\/374|[from] item: Leftovers
|turn|27
|
|move|p1a: Arcanine|Extreme Speed|p2a: Infernape
|-damage|p2a: Infernape|51\/293
|move|p2a: Infernape|Close Combat|p1a: Arcanine
|-damage|p1a: Arcanine|186\/374
|-unboost|p2a: Infernape|def|1
|-unboost|p2a: Infernape|spd|1
|
|-heal|p1a: Arcanine|209\/374|[from] item: Leftovers
|turn|28
|chat|Weman|gg
|chat|Damnosaur|gg
|
|move|p1a: Arcanine|Extreme Speed|p2a: Infernape
|-damage|p2a: Infernape|0 fnt
|faint|p2a: Infernape
|
|win|Weman
|raw|Ladder updating...
|raw|Weman's rating: 1364 &rarr; <strong>1378<\/strong><br \/>(+14 for winning)
|raw|Damnosaur's rating: 1247 &rarr; <strong>1230<\/strong><br \/>(-17 for losing)