|join|Damnosaur
|join|Nanome
|player|p1|Damnosaur|167
|player|p2|Nanome|78
|gametype|singles
|gen|6
|tier|UU
|rated
|rule|Sleep Clause Mod: Limit one foe put to sleep
|rule|Species Clause: Limit one of each PokÃ©mon
|rule|OHKO Clause: OHKO moves are banned
|rule|Moody Clause: Moody is banned
|rule|Evasion Moves Clause: Evasion moves are banned
|rule|Endless Battle Clause: Forcing endless battles is banned
|rule|HP Percentage Mod: HP is shown in percentages
|clearpoke
|poke|p1|Arcanine, M
|poke|p1|Snorlax, M
|poke|p1|Nidoqueen, F
|poke|p1|Aerodactyl, F
|poke|p1|Florges, F
|poke|p1|Starmie
|poke|p2|Mienshao, F
|poke|p2|Jirachi
|poke|p2|Donphan, M
|poke|p2|Crobat, F
|poke|p2|Kingdra, M
|poke|p2|Goodra, F
|rule|Swagger Clause: Swagger is banned
|rule|Baton Pass Clause: Limit one PokÃ©mon knowing Baton Pass
|teampreview
|
|start
|switch|p1a: Nidoqueen|Nidoqueen, F|381\/381
|switch|p2a: Mienshao|Mienshao, F|271\/271
|turn|1
|
|move|p2a: Mienshao|U-turn|p1a: Nidoqueen
|-resisted|p1a: Nidoqueen
|-damage|p1a: Nidoqueen|349\/381
|
|switch|p2a: Goodra|Goodra, F|384\/384
|move|p1a: Nidoqueen|Toxic Spikes|p2a: Goodra
|-sidestart|p2: Nanome|move: Toxic Spikes
|
|-heal|p1a: Nidoqueen|372\/381|[from] item: Black Sludge
|turn|2
|
|switch|p1a: Snorlax|Snorlax, M|497\/497
|move|p2a: Goodra|Earthquake|p1a: Snorlax
|-damage|p1a: Snorlax|396\/497
|
|-heal|p1a: Snorlax|427\/497|[from] item: Leftovers
|turn|3
|
|switch|p2a: Jirachi|Jirachi|341\/341
|move|p1a: Snorlax|Return|p2a: Jirachi
|-crit|p2a: Jirachi
|-resisted|p2a: Jirachi
|-damage|p2a: Jirachi|237\/341
|
|-heal|p1a: Snorlax|458\/497|[from] item: Leftovers
|turn|4
|
|switch|p1a: Nidoqueen|Nidoqueen, F|372\/381
|move|p2a: Jirachi|U-turn|p1a: Nidoqueen
|-crit|p1a: Nidoqueen
|-resisted|p1a: Nidoqueen
|-damage|p1a: Nidoqueen|307\/381
|
|switch|p2a: Kingdra|Kingdra, M|291\/291
|-status|p2a: Kingdra|psn
|
|-heal|p1a: Nidoqueen|330\/381|[from] item: Black Sludge
|-damage|p2a: Kingdra|255\/291 psn|[from] psn
|turn|5
|
|switch|p1a: Florges|Florges, F|360\/360
|move|p2a: Kingdra|Hydro Pump|p1a: Florges
|-damage|p1a: Florges|254\/360
|
|-heal|p1a: Florges|276\/360|[from] item: Leftovers
|-damage|p2a: Kingdra|219\/291 psn|[from] psn
|turn|6
|
|switch|p2a: Jirachi|Jirachi|237\/341
|switch|p1a: Arcanine|Arcanine, M|383\/383
|-ability|p1a: Arcanine|Intimidate|[of] p2a: Jirachi
|-unboost|p2a: Jirachi|atk|1
|
|turn|7
|
|move|p2a: Jirachi|U-turn|p1a: Arcanine
|-resisted|p1a: Arcanine
|-damage|p1a: Arcanine|352\/383
|
|switch|p2a: Kingdra|Kingdra, M|219\/291 psn
|move|p1a: Arcanine|Will-O-Wisp|p2a: Kingdra
|-fail|p2a: Kingdra
|
|-heal|p1a: Arcanine|375\/383|[from] item: Leftovers
|-damage|p2a: Kingdra|183\/291 psn|[from] psn
|turn|8
|
|switch|p1a: Florges|Florges, F|276\/360
|move|p2a: Kingdra|Focus Energy|p2a: Kingdra
|-start|p2a: Kingdra|move: Focus Energy
|
|-heal|p1a: Florges|298\/360|[from] item: Leftovers
|-damage|p2a: Kingdra|147\/291 psn|[from] psn
|turn|9
|
|move|p2a: Kingdra|Draco Meteor|p1a: Florges
|-immune|p1a: Florges|[msg]
|move|p1a: Florges|Wish|p1a: Florges
|
|-heal|p1a: Florges|320\/360|[from] item: Leftovers
|-damage|p2a: Kingdra|111\/291 psn|[from] psn
|turn|10
|
|move|p2a: Kingdra|Hydro Pump|p1a: Florges
|-crit|p1a: Florges
|-damage|p1a: Florges|85\/360
|move|p1a: Florges|Moonblast|p2a: Kingdra
|-supereffective|p2a: Kingdra
|-damage|p2a: Kingdra|0 fnt
|faint|p2a: Kingdra
|
|-heal|p1a: Florges|265\/360|[from] move: Wish|[wisher] Florges
|-heal|p1a: Florges|287\/360|[from] item: Leftovers
|
|switch|p2a: Crobat|Crobat, F|374\/374
|turn|11
|
|switch|p1a: Arcanine|Arcanine, M|375\/383
|-ability|p1a: Arcanine|Intimidate|[of] p2a: Crobat
|-unboost|p2a: Crobat|atk|1
|move|p2a: Crobat|Nasty Plot|p2a: Crobat
|-boost|p2a: Crobat|spa|2
|
|-heal|p1a: Arcanine|383\/383|[from] item: Leftovers
|turn|12
|
|move|p2a: Crobat|Nasty Plot|p2a: Crobat
|-boost|p2a: Crobat|spa|2
|move|p1a: Arcanine|Flare Blitz|p2a: Crobat
|-damage|p2a: Crobat|179\/374
|-status|p2a: Crobat|brn
|-damage|p1a: Arcanine|319\/383|[from] recoil|[of] p2a: Crobat
|
|-heal|p2a: Crobat|202\/374 brn|[from] item: Black Sludge
|-heal|p1a: Arcanine|342\/383|[from] item: Leftovers
|-damage|p2a: Crobat|156\/374 brn|[from] brn
|turn|13
|
|switch|p1a: Snorlax|Snorlax, M|458\/497
|move|p2a: Crobat|Sludge Bomb|p1a: Snorlax
|-damage|p1a: Snorlax|227\/497
|
|-heal|p2a: Crobat|179\/374 brn|[from] item: Black Sludge
|-heal|p1a: Snorlax|258\/497|[from] item: Leftovers
|-damage|p2a: Crobat|133\/374 brn|[from] brn
|turn|14
|
|move|p2a: Crobat|Sludge Bomb|p1a: Snorlax
|-crit|p1a: Snorlax
|-damage|p1a: Snorlax|0 fnt
|faint|p1a: Snorlax
|
|-heal|p2a: Crobat|156\/374 brn|[from] item: Black Sludge
|-damage|p2a: Crobat|110\/374 brn|[from] brn
|
|switch|p1a: Arcanine|Arcanine, M|342\/383
|-ability|p1a: Arcanine|Intimidate|[of] p2a: Crobat
|-unboost|p2a: Crobat|atk|1
|turn|15
|
|move|p1a: Arcanine|Extreme Speed|p2a: Crobat
|-damage|p2a: Crobat|29\/374 brn
|move|p2a: Crobat|Roost|p2a: Crobat
|-heal|p2a: Crobat|216\/374 brn
|
|-heal|p2a: Crobat|239\/374 brn|[from] item: Black Sludge
|-heal|p1a: Arcanine|365\/383|[from] item: Leftovers
|-damage|p2a: Crobat|193\/374 brn|[from] brn
|turn|16
|
|switch|p1a: Aerodactyl|Aerodactyl, F|331\/331
|-ability|p1a: Aerodactyl|Unnerve|p2: Nanome
|move|p2a: Crobat|Sludge Bomb|p1a: Aerodactyl
|-resisted|p1a: Aerodactyl
|-damage|p1a: Aerodactyl|106\/331
|
|-heal|p2a: Crobat|216\/374 brn|[from] item: Black Sludge
|-damage|p2a: Crobat|170\/374 brn|[from] brn
|turn|17
|
|switch|p2a: Donphan|Donphan, M|384\/384
|-status|p2a: Donphan|psn
|detailschange|p1a: Aerodactyl|Aerodactyl-Mega, F
|message|Aerodactyl has Mega Evolved into Mega Aerodactyl!
|move|p1a: Aerodactyl|Roost|p1a: Aerodactyl
|-heal|p1a: Aerodactyl|272\/331
|
|-damage|p2a: Donphan|336\/384 psn|[from] psn
|turn|18
|
|move|p1a: Aerodactyl|Taunt|p2a: Donphan
|-start|p2a: Donphan|move: Taunt
|move|p2a: Donphan|Rapid Spin|p1a: Aerodactyl
|-resisted|p1a: Aerodactyl
|-damage|p1a: Aerodactyl|263\/331
|-sideend|p2: Nanome|Toxic Spikes|[from] move: Rapid Spin|[of] p2a: Donphan
|
|-heal|p2a: Donphan|360\/384 psn|[from] item: Leftovers
|-damage|p2a: Donphan|312\/384 psn|[from] psn
|turn|19
|
|move|p1a: Aerodactyl|Stealth Rock|p2a: Donphan
|-sidestart|p2: Nanome|move: Stealth Rock
|move|p2a: Donphan|Rapid Spin|p1a: Aerodactyl
|-resisted|p1a: Aerodactyl
|-damage|p1a: Aerodactyl|255\/331
|-sideend|p2: Nanome|Stealth Rock|[from] move: Rapid Spin|[of] p2a: Donphan
|
|-heal|p2a: Donphan|336\/384 psn|[from] item: Leftovers
|-damage|p2a: Donphan|288\/384 psn|[from] psn
|turn|20
|
|move|p1a: Aerodactyl|Stealth Rock|p2a: Donphan
|-sidestart|p2: Nanome|move: Stealth Rock
|move|p2a: Donphan|Rapid Spin|p1a: Aerodactyl
|-resisted|p1a: Aerodactyl
|-damage|p1a: Aerodactyl|247\/331
|-sideend|p2: Nanome|Stealth Rock|[from] move: Rapid Spin|[of] p2a: Donphan
|
|-heal|p2a: Donphan|312\/384 psn|[from] item: Leftovers
|-damage|p2a: Donphan|264\/384 psn|[from] psn
|-end|p2a: Donphan|move: Taunt
|turn|21
|
|switch|p2a: Mienshao|Mienshao, F|271\/271
|move|p1a: Aerodactyl|Taunt|p2a: Mienshao
|-start|p2a: Mienshao|move: Taunt
|
|turn|22
|
|switch|p1a: Nidoqueen|Nidoqueen, F|330\/381
|move|p2a: Mienshao|High Jump Kick|p1a: Nidoqueen
|-resisted|p1a: Nidoqueen
|-damage|p1a: Nidoqueen|222\/381
|
|-heal|p1a: Nidoqueen|245\/381|[from] item: Black Sludge
|turn|23
|
|switch|p2a: Crobat|Crobat, F|170\/374 brn
|move|p1a: Nidoqueen|Toxic Spikes|p2a: Crobat
|-sidestart|p2: Nanome|move: Toxic Spikes
|
|-heal|p2a: Crobat|193\/374 brn|[from] item: Black Sludge
|-heal|p1a: Nidoqueen|268\/381|[from] item: Black Sludge
|-damage|p2a: Crobat|147\/374 brn|[from] brn
|turn|24
|
|move|p2a: Crobat|Roost|p2a: Crobat
|-heal|p2a: Crobat|334\/374 brn
|move|p1a: Nidoqueen|Earth Power|p2a: Crobat
|-supereffective|p2a: Crobat
|-damage|p2a: Crobat|80\/374 brn
|
|-heal|p2a: Crobat|103\/374 brn|[from] item: Black Sludge
|-heal|p1a: Nidoqueen|291\/381|[from] item: Black Sludge
|-damage|p2a: Crobat|57\/374 brn|[from] brn
|turn|25
|
|move|p2a: Crobat|Roost|p2a: Crobat
|-heal|p2a: Crobat|244\/374 brn
|move|p1a: Nidoqueen|Earth Power|p2a: Crobat
|-supereffective|p2a: Crobat
|-damage|p2a: Crobat|0 fnt
|faint|p2a: Crobat
|
|-heal|p1a: Nidoqueen|314\/381|[from] item: Black Sludge
|
|switch|p2a: Goodra|Goodra, F|384\/384
|-status|p2a: Goodra|psn
|turn|26
|
|move|p2a: Goodra|Earthquake|p1a: Nidoqueen
|-supereffective|p1a: Nidoqueen
|-damage|p1a: Nidoqueen|184\/381
|move|p1a: Nidoqueen|Dragon Tail|p2a: Goodra
|-supereffective|p2a: Goodra
|-damage|p2a: Goodra|284\/384 psn
|drag|p2a: Donphan|Donphan, M|264\/384 psn
|
|-heal|p1a: Nidoqueen|207\/381|[from] item: Black Sludge
|-heal|p2a: Donphan|288\/384 psn|[from] item: Leftovers
|-damage|p2a: Donphan|240\/384 psn|[from] psn
|turn|27
|-message|Nanome forfeited.
|
|win|Damnosaur
|raw|Ladder updating...
|leave|Nanome
|player|p2
|raw|Damnosaur's rating: 1463 &rarr; <strong>1484<\/strong><br \/>(+21 for winning)
|raw|Nanome's rating: 1493 &rarr; <strong>1472<\/strong><br \/>(-21 for losing)