|join|Pheonixmaster
|join|Damnosaur
|player|p1|Pheonixmaster|248
|player|p2|Damnosaur|167
|gametype|singles
|gen|6
|tier|UU
|rated
|rule|Sleep Clause Mod: Limit one foe put to sleep
|rule|Species Clause: Limit one of each PokÃ©mon
|rule|OHKO Clause: OHKO moves are banned
|rule|Moody Clause: Moody is banned
|rule|Evasion Moves Clause: Evasion moves are banned
|rule|Endless Battle Clause: Forcing endless battles is banned
|rule|HP Percentage Mod: HP is shown in percentages
|clearpoke
|poke|p1|Victini
|poke|p1|Shaymin
|poke|p1|Crobat, F
|poke|p1|Lucario, M
|poke|p1|Hydreigon, M
|poke|p1|Blastoise, M
|poke|p2|Honchkrow, M
|poke|p2|Doublade, M
|poke|p2|Krookodile, M
|poke|p2|Blastoise, F
|poke|p2|Shaymin
|poke|p2|Fletchinder, M
|rule|Swagger Clause: Swagger is banned
|rule|Baton Pass Clause: Limit one PokÃ©mon knowing Baton Pass
|teampreview
|
|start
|switch|p1a: Shaymin|Shaymin|341\/341
|switch|p2a: Krookodile|Krookodile, M|331\/331
|-ability|p2a: Krookodile|Intimidate|[of] p1a: Shaymin
|-unboost|p1a: Shaymin|atk|1
|turn|1
|
|switch|p2a: Honchkrow|Honchkrow, M|341\/341
|move|p1a: Shaymin|Seed Flare|p2a: Honchkrow
|-resisted|p2a: Honchkrow
|-damage|p2a: Honchkrow|132\/341
|-damage|p1a: Shaymin|307\/341|[from] item: Life Orb
|
|turn|2
|
|move|p2a: Honchkrow|Sucker Punch|p1a: Shaymin
|-damage|p1a: Shaymin|99\/341
|-damage|p2a: Honchkrow|98\/341|[from] item: Life Orb
|move|p1a: Shaymin|Seed Flare|p2a: Honchkrow
|-resisted|p2a: Honchkrow
|-damage|p2a: Honchkrow|0 fnt
|-damage|p1a: Shaymin|65\/341|[from] item: Life Orb
|faint|p2a: Honchkrow
|
|
|switch|p2a: Fletchinder|Fletchinder, M|291\/291
|turn|3
|
|move|p1a: Shaymin|Rest|p1a: Shaymin
|-status|p1a: Shaymin|slp
|-heal|p1a: Shaymin|341\/341 slp|[silent]
|-status|p1a: Shaymin|slp|[from] move: Rest
|move|p2a: Fletchinder|Will-O-Wisp|p1a: Shaymin
|-fail|p1a: Shaymin
|
|turn|4
|
|switch|p1a: Blastoise|Blastoise, M|333\/333
|move|p2a: Fletchinder|Acrobatics|p1a: Blastoise
|-damage|p1a: Blastoise|188\/333
|
|turn|5
|
|switch|p2a: Shaymin|Shaymin|341\/341
|detailschange|p1a: Blastoise|Blastoise-Mega, M
|message|Blastoise has Mega Evolved into Mega Blastoise!
|move|p1a: Blastoise|Water Pulse|p2a: Shaymin
|-resisted|p2a: Shaymin
|-damage|p2a: Shaymin|245\/341
|-start|p2a: Shaymin|confusion
|
|-heal|p2a: Shaymin|266\/341|[from] item: Leftovers
|turn|6
|
|switch|p2a: Doublade|Doublade, M|259\/259
|switch|p1a: Crobat|Crobat, F|323\/323
|
|turn|7
|
|move|p1a: Crobat|Taunt|p2a: Doublade
|-start|p2a: Doublade|move: Taunt
|cant|p2a: Doublade|move: Taunt|Swords Dance
|
|turn|8
|
|move|p1a: Crobat|U-turn|p2a: Doublade
|-resisted|p2a: Doublade
|-damage|p2a: Doublade|251\/259
|
|switch|p1a: Hydreigon|Hydreigon, M|325\/325
|move|p2a: Doublade|Shadow Claw|p1a: Hydreigon
|-crit|p1a: Hydreigon
|-resisted|p1a: Hydreigon
|-damage|p1a: Hydreigon|228\/325
|
|turn|9
|
|switch|p2a: Blastoise|Blastoise, F|361\/361
|move|p1a: Hydreigon|U-turn|p2a: Blastoise
|-damage|p2a: Blastoise|307\/361
|
|switch|p1a: Victini|Victini|341\/341
|
|turn|10
|
|detailschange|p2a: Blastoise|Blastoise-Mega, F
|message|Blastoise has Mega Evolved into Mega Blastoise!
|move|p1a: Victini|U-turn|p2a: Blastoise
|-damage|p2a: Blastoise|220\/361
|
|switch|p1a: Shaymin|Shaymin|341\/341
|move|p2a: Blastoise|Scald|p1a: Shaymin
|-crit|p1a: Shaymin
|-resisted|p1a: Shaymin
|-damage|p1a: Shaymin|256\/341
|
|turn|11
|
|switch|p2a: Fletchinder|Fletchinder, M|291\/291
|move|p1a: Shaymin|Seed Flare|p2a: Fletchinder
|-resisted|p2a: Fletchinder
|-damage|p2a: Fletchinder|199\/291
|-damage|p1a: Shaymin|222\/341|[from] item: Life Orb
|
|turn|12
|
|switch|p1a: Crobat|Crobat, F|323\/323
|move|p2a: Fletchinder|Acrobatics|p1a: Crobat
|-damage|p1a: Crobat|161\/323
|
|-heal|p1a: Crobat|181\/323|[from] item: Black Sludge
|turn|13
|
|switch|p2a: Doublade|Doublade, M|251\/259
|move|p1a: Crobat|Brave Bird|p2a: Doublade
|-crit|p2a: Doublade
|-resisted|p2a: Doublade
|-damage|p2a: Doublade|187\/259
|-damage|p1a: Crobat|160\/323|[from] recoil|[of] p2a: Doublade
|
|-heal|p1a: Crobat|180\/323|[from] item: Black Sludge
|turn|14
|
|move|p1a: Crobat|Roost|p1a: Crobat
|-heal|p1a: Crobat|323\/323
|move|p2a: Doublade|Iron Head|p1a: Crobat
|-damage|p1a: Crobat|157\/323
|
|-heal|p1a: Crobat|177\/323|[from] item: Black Sludge
|turn|15
|
|switch|p1a: Victini|Victini|341\/341
|move|p2a: Doublade|Shadow Claw|p1a: Victini
|-supereffective|p1a: Victini
|-damage|p1a: Victini|83\/341
|
|turn|16
|
|move|p2a: Doublade|Shadow Sneak|p1a: Victini
|-supereffective|p1a: Victini
|-damage|p1a: Victini|0 fnt
|faint|p1a: Victini
|
|
|switch|p1a: Blastoise|Blastoise-Mega, M|188\/333
|turn|17
|
|switch|p2a: Shaymin|Shaymin|266\/341
|move|p1a: Blastoise|Ice Beam|p2a: Shaymin
|-supereffective|p2a: Shaymin
|-damage|p2a: Shaymin|10\/341
|
|-heal|p2a: Shaymin|31\/341|[from] item: Leftovers
|turn|18
|
|switch|p1a: Crobat|Crobat, F|177\/323
|move|p2a: Shaymin|Seed Flare|p1a: Crobat
|-resisted|p1a: Crobat
|-damage|p1a: Crobat|135\/323
|
|-heal|p1a: Crobat|155\/323|[from] item: Black Sludge
|-heal|p2a: Shaymin|52\/341|[from] item: Leftovers
|turn|19
|
|move|p1a: Crobat|Roost|p1a: Crobat
|-heal|p1a: Crobat|317\/323
|move|p2a: Shaymin|Leech Seed|p1a: Crobat
|-start|p1a: Crobat|move: Leech Seed
|
|-heal|p1a: Crobat|323\/323|[from] item: Black Sludge
|-heal|p2a: Shaymin|73\/341|[from] item: Leftovers
|-damage|p1a: Crobat|283\/323|[from] Leech Seed|[of] p2a: Shaymin
|-heal|p2a: Shaymin|113\/341|[silent]
|turn|20
|
|move|p1a: Crobat|U-turn|p2a: Shaymin
|-supereffective|p2a: Shaymin
|-damage|p2a: Shaymin|0 fnt
|faint|p2a: Shaymin
|
|switch|p1a: Hydreigon|Hydreigon, M|228\/325
|
|
|switch|p2a: Blastoise|Blastoise-Mega, F|220\/361
|turn|21
|
|move|p1a: Hydreigon|Draco Meteor|p2a: Blastoise
|-damage|p2a: Blastoise|66\/361
|-unboost|p1a: Hydreigon|spa|2
|move|p2a: Blastoise|Ice Beam|p1a: Hydreigon
|-supereffective|p1a: Hydreigon
|-damage|p1a: Hydreigon|34\/325
|
|turn|22
|
|move|p1a: Hydreigon|Draco Meteor|p2a: Blastoise|[miss]
|-miss|p1a: Hydreigon|p2a: Blastoise
|move|p2a: Blastoise|Scald|p1a: Hydreigon
|-resisted|p1a: Hydreigon
|-damage|p1a: Hydreigon|0 fnt
|faint|p1a: Hydreigon
|
|
|switch|p1a: Blastoise|Blastoise-Mega, M|188\/333
|turn|23
|
|move|p1a: Blastoise|Dragon Pulse|p2a: Blastoise
|-damage|p2a: Blastoise|0 fnt
|faint|p2a: Blastoise
|
|
|switch|p2a: Krookodile|Krookodile, M|331\/331
|-ability|p2a: Krookodile|Intimidate|[of] p1a: Blastoise
|-unboost|p1a: Blastoise|atk|1
|turn|24
|
|switch|p1a: Crobat|Crobat, F|283\/323
|move|p2a: Krookodile|Stealth Rock|p1a: Crobat
|-sidestart|p1: Pheonixmaster|move: Stealth Rock
|
|-heal|p1a: Crobat|303\/323|[from] item: Black Sludge
|turn|25
|
|move|p1a: Crobat|Brave Bird|p2a: Krookodile
|-damage|p2a: Krookodile|100\/331
|-damage|p1a: Crobat|227\/323|[from] recoil|[of] p2a: Krookodile
|move|p2a: Krookodile|Knock Off|p1a: Crobat
|-damage|p1a: Crobat|22\/323
|-enditem|p1a: Crobat|Black Sludge|[from] move: Knock Off|[of] p2a: Krookodile
|
|-heal|p2a: Krookodile|120\/331|[from] item: Leftovers
|turn|26
|
|switch|p2a: Doublade|Doublade, M|187\/259
|move|p1a: Crobat|U-turn|p2a: Doublade
|-crit|p2a: Doublade
|-resisted|p2a: Doublade
|-damage|p2a: Doublade|174\/259
|
|switch|p1a: Blastoise|Blastoise-Mega, M|188\/333
|-damage|p1a: Blastoise|147\/333|[from] Stealth Rock
|
|turn|27
|
|move|p2a: Doublade|Shadow Sneak|p1a: Blastoise
|-damage|p1a: Blastoise|86\/333
|move|p1a: Blastoise|Water Pulse|p2a: Doublade
|-damage|p2a: Doublade|0 fnt
|faint|p2a: Doublade
|
|join|4th Place
|
|switch|p2a: Fletchinder|Fletchinder, M|199\/291
|turn|28
|
|switch|p1a: Crobat|Crobat, F|22\/323
|-damage|p1a: Crobat|0 fnt|[from] Stealth Rock
|faint|p1a: Crobat
|move|p2a: Fletchinder|Acrobatics|p1: Crobat|[notarget]
|-notarget
|
|
|switch|p1a: Lucario|Lucario, M|281\/281
|-damage|p1a: Lucario|273\/281|[from] Stealth Rock
|turn|29
|
|move|p2a: Fletchinder|Roost|p2a: Fletchinder
|-heal|p2a: Fletchinder|291\/291
|move|p1a: Lucario|Ice Punch|p2a: Fletchinder
|-resisted|p2a: Fletchinder
|-damage|p2a: Fletchinder|203\/291
|-damage|p1a: Lucario|245\/281|[from] item: Life Orb
|
|turn|30
|join|dickchany
|
|switch|p2a: Krookodile|Krookodile, M|120\/331
|-ability|p2a: Krookodile|Intimidate|[of] p1a: Lucario
|-unboost|p1a: Lucario|atk|1
|move|p1a: Lucario|Close Combat|p2a: Krookodile
|-supereffective|p2a: Krookodile
|-damage|p2a: Krookodile|0 fnt
|-unboost|p1a: Lucario|def|1
|-unboost|p1a: Lucario|spd|1
|-damage|p1a: Lucario|217\/281|[from] item: Life Orb
|faint|p2a: Krookodile
|
|
|switch|p2a: Fletchinder|Fletchinder, M|203\/291
|turn|31
|c| dickchany|fletcinder sweep go
|
|switch|p1a: Blastoise|Blastoise-Mega, M|86\/333
|-damage|p1a: Blastoise|45\/333|[from] Stealth Rock
|move|p2a: Fletchinder|Roost|p2a: Fletchinder
|-heal|p2a: Fletchinder|291\/291
|
|turn|32
|
|move|p2a: Fletchinder|Acrobatics|p1a: Blastoise
|-damage|p1a: Blastoise|0 fnt
|faint|p1a: Blastoise
|
|
|switch|p1a: Lucario|Lucario, M|217\/281
|-damage|p1a: Lucario|209\/281|[from] Stealth Rock
|turn|33
|c| dickchany|0.0
|c|âPheonixmaster|u need max roll to knock me out
|c|âPheonixmaster|75% is max damage
|join|brotest the hero
|
|move|p1a: Lucario|Swords Dance|p1a: Lucario
|-boost|p1a: Lucario|atk|2
|move|p2a: Fletchinder|Will-O-Wisp|p1a: Lucario
|-status|p1a: Lucario|brn
|
|-damage|p1a: Lucario|174\/281 brn|[from] brn
|turn|34
|
|move|p1a: Lucario|Extreme Speed|p2a: Fletchinder
|-damage|p2a: Fletchinder|108\/291
|-damage|p1a: Lucario|146\/281 brn|[from] item: Life Orb
|move|p2a: Fletchinder|Acrobatics|p1a: Lucario
|-damage|p1a: Lucario|0 fnt
|faint|p1a: Lucario
|
|join|xmikexx15
|c| dickchany|AHHHHHHHH
|c|âDamnosaur|gg
|
|switch|p1a: Shaymin|Shaymin|222\/341
|-damage|p1a: Shaymin|180\/341|[from] Stealth Rock
|turn|35
|
|move|p2a: Fletchinder|Acrobatics|p1a: Shaymin
|-supereffective|p1a: Shaymin
|-damage|p1a: Shaymin|0 fnt
|faint|p1a: Shaymin
|
|win|Damnosaur
|raw|Ladder updating...
|leave|Pheonixmaster
|player|p1
|raw|Pheonixmaster's rating: 1450 &rarr; <strong>1433<\/strong><br \/>(-17 for losing)
|raw|Damnosaur's rating: 1490 &rarr; <strong>1508<\/strong><br \/>(+18 for winning)
|leave|brotest the hero
|leave|xmikexx15
|c| dickchany|what a  monseter
|c| dickchany|gg
|leave|4th Place