|join|Damnosaur
|join|KING)Aristi005
|player|p1|Damnosaur|167
|player|p2|KING)Aristi005|170
|gametype|singles
|gen|6
|tier|UU
|rated
|rule|Sleep Clause Mod: Limit one foe put to sleep
|rule|Species Clause: Limit one of each Pokemon
|rule|OHKO Clause: OHKO moves are banned
|rule|Moody Clause: Moody is banned
|rule|Evasion Moves Clause: Evasion moves are banned
|rule|Endless Battle Clause: Forcing endless battles is banned.
|rule|HP Percentage Mod: HP is reported as percentages
|clearpoke
|poke|p1|Celebi
|poke|p1|Mienshao, M
|poke|p1|Jirachi
|poke|p1|Gligar, F
|poke|p1|Rotom-Heat
|poke|p1|Lanturn, M
|poke|p2|Blissey, F
|poke|p2|Blastoise, F
|poke|p2|Hippowdon, M
|poke|p2|Victini
|poke|p2|Lucario, M
|poke|p2|Honchkrow, F
|teampreview
|
|start
|switch|p1a: Celebi|Celebi|341\/341
|switch|p2a: Hippowdon|Hippowdon, M|420\/420
|-weather|Sandstorm
|turn|1
|
|move|p1a: Celebi|Leaf Storm|p2a: Hippowdon|[miss]
|-miss|p1a: Celebi|p2a: Hippowdon
|move|p2a: Hippowdon|Stealth Rock|p1a: Celebi
|-sidestart|p1: Damnosaur|move: Stealth Rock
|
|-weather|Sandstorm|[upkeep]
|-damage|p1a: Celebi|320\/341|[from] sandstorm
|turn|2
|
|switch|p1a: Mienshao|Mienshao, M|271\/271
|-damage|p1a: Mienshao|255\/271|[from] Stealth Rock
|switch|p2a: Blissey|Blissey, F|714\/714
|
|-weather|Sandstorm|[upkeep]
|-damage|p1a: Mienshao|239\/271|[from] sandstorm
|-damage|p2a: Blissey|670\/714|[from] sandstorm
|-heal|p2a: Blissey|714\/714|[from] item: Leftovers
|turn|3
|
|move|p2a: Blissey|Protect|p2a: Blissey
|-singleturn|p2a: Blissey|Protect
|move|p1a: Mienshao|Knock Off|p2a: Blissey
|-activate|p2a: Blissey|Protect
|
|-weather|Sandstorm|[upkeep]
|-damage|p1a: Mienshao|223\/271|[from] sandstorm
|-damage|p2a: Blissey|670\/714|[from] sandstorm
|-heal|p2a: Blissey|714\/714|[from] item: Leftovers
|turn|4
|
|switch|p2a: Hippowdon|Hippowdon, M|420\/420
|move|p1a: Mienshao|Knock Off|p2a: Hippowdon
|-damage|p2a: Hippowdon|315\/420
|-enditem|p2a: Hippowdon|Leftovers|[from] move: Knock Off|[of] p1a: Mienshao
|
|-weather|Sandstorm|[upkeep]
|-damage|p1a: Mienshao|207\/271|[from] sandstorm
|turn|5
|
|switch|p1a: Gligar|Gligar, F|334\/334
|-damage|p1a: Gligar|293\/334|[from] Stealth Rock
|move|p2a: Hippowdon|Slack Off|p2a: Hippowdon
|-heal|p2a: Hippowdon|420\/420
|
|-weather|none
|turn|6
|
|switch|p2a: Blastoise|Blastoise, F|362\/362
|move|p1a: Gligar|Stealth Rock|p2a: Blastoise
|-sidestart|p2: KING)Aristi005|move: Stealth Rock
|
|turn|7
|
|switch|p1a: Lanturn|Lanturn, M|454\/454
|-damage|p1a: Lanturn|398\/454|[from] Stealth Rock
|detailschange|p2a: Blastoise|Blastoise-Mega, F
|message|Blastoise has Mega Evolved into Mega Blastoise!
|move|p2a: Blastoise|Rapid Spin|p1a: Lanturn
|-damage|p1a: Lanturn|375\/454
|-sideend|p2: KING)Aristi005|Stealth Rock|[from] move: Rapid Spin|[of] p2a: Blastoise
|
|turn|8
|
|switch|p2a: Blissey|Blissey, F|714\/714
|move|p1a: Lanturn|Scald|p2a: Blissey
|-damage|p2a: Blissey|648\/714
|-status|p2a: Blissey|brn
|
|-heal|p2a: Blissey|692\/714 brn|[from] item: Leftovers
|-damage|p2a: Blissey|603\/714 brn|[from] brn
|turn|9
|
|move|p1a: Lanturn|Volt Switch|p2a: Blissey
|-damage|p2a: Blissey|546\/714 brn
|
|switch|p1a: Jirachi|Jirachi|341\/341
|-damage|p1a: Jirachi|320\/341|[from] Stealth Rock
|move|p2a: Blissey|Toxic|p1a: Jirachi
|-fail|p1a: Jirachi
|
|-heal|p2a: Blissey|590\/714 brn|[from] item: Leftovers
|-damage|p2a: Blissey|501\/714 brn|[from] brn
|turn|10
|
|switch|p2a: Victini|Victini|341\/341
|move|p1a: Jirachi|U-turn|p2a: Victini
|-damage|p2a: Victini|267\/341
|
|switch|p1a: Lanturn|Lanturn, M|375\/454
|-damage|p1a: Lanturn|319\/454|[from] Stealth Rock
|
|turn|11
|
|move|p2a: Victini|Zen Headbutt|p1a: Lanturn
|-damage|p1a: Lanturn|67\/454
|move|p1a: Lanturn|Scald|p2a: Victini
|-supereffective|p2a: Victini
|-damage|p2a: Victini|57\/341
|
|turn|12
|
|move|p2a: Victini|Zen Headbutt|p1a: Lanturn
|-damage|p1a: Lanturn|0 fnt
|faint|p1a: Lanturn
|
|
|switch|p1a: Gligar|Gligar, F|293\/334
|-damage|p1a: Gligar|252\/334|[from] Stealth Rock
|turn|13
|
|move|p2a: Victini|Zen Headbutt|p1a: Gligar
|-damage|p1a: Gligar|171\/334
|move|p1a: Gligar|U-turn|p2a: Victini
|-damage|p2a: Victini|9\/341
|
|switch|p1a: Jirachi|Jirachi|320\/341
|-damage|p1a: Jirachi|299\/341|[from] Stealth Rock
|
|turn|14
|
|move|p1a: Jirachi|U-turn|p2a: Victini
|-damage|p2a: Victini|0 fnt
|faint|p2a: Victini
|
|switch|p1a: Celebi|Celebi|320\/341
|-damage|p1a: Celebi|278\/341|[from] Stealth Rock
|
|
|switch|p2a: Honchkrow|Honchkrow, F|341\/341
|turn|15
|chat|KING)Aristi005|ey move pls
|
|move|p2a: Honchkrow|Pursuit|p1a: Celebi|[from]Pursuit
|-supereffective|p1a: Celebi
|-damage|p1a: Celebi|0 fnt
|-damage|p2a: Honchkrow|307\/341|[from] item: Life Orb
|faint|p1a: Celebi
|-boost|p2a: Honchkrow|atk|1|[from] ability: Moxie
|
|
|switch|p1a: Rotom-Heat|Rotom-Heat|304\/304
|-damage|p1a: Rotom-Heat|228\/304|[from] Stealth Rock
|turn|16
|
|move|p2a: Honchkrow|Brave Bird|p1a: Rotom-Heat
|-resisted|p1a: Rotom-Heat
|-damage|p1a: Rotom-Heat|41\/304
|-damage|p2a: Honchkrow|245\/341|[from] recoil|[of] p1a: Rotom-Heat
|-damage|p2a: Honchkrow|211\/341|[from] item: Life Orb
|move|p1a: Rotom-Heat|Will-O-Wisp|p2a: Honchkrow
|-status|p2a: Honchkrow|brn
|
|-heal|p1a: Rotom-Heat|60\/304|[from] item: Leftovers
|-damage|p2a: Honchkrow|169\/341 brn|[from] brn
|turn|17
|
|move|p2a: Honchkrow|Brave Bird|p1a: Rotom-Heat
|-resisted|p1a: Rotom-Heat
|-damage|p1a: Rotom-Heat|0 fnt
|-damage|p2a: Honchkrow|149\/341 brn|[from] recoil|[of] p1a: Rotom-Heat
|-damage|p2a: Honchkrow|115\/341 brn|[from] item: Life Orb
|faint|p1a: Rotom-Heat
|-boost|p2a: Honchkrow|atk|1|[from] ability: Moxie
|
|-damage|p2a: Honchkrow|73\/341 brn|[from] brn
|
|switch|p1a: Gligar|Gligar, F|171\/334
|-damage|p1a: Gligar|130\/334|[from] Stealth Rock
|turn|18
|
|move|p2a: Honchkrow|Brave Bird|p1a: Gligar
|-damage|p1a: Gligar|1\/334
|-damage|p2a: Honchkrow|30\/341 brn|[from] recoil|[of] p1a: Gligar
|-damage|p2a: Honchkrow|0 fnt|[from] item: Life Orb
|faint|p2a: Honchkrow
|move|p1a: Gligar|Roost|p1a: Gligar
|-heal|p1a: Gligar|168\/334
|
|chat|KING)Aristi005|why?
|
|switch|p2a: Blastoise|Blastoise-Mega, F|362\/362
|turn|19
|
|switch|p1a: Jirachi|Jirachi|299\/341
|-damage|p1a: Jirachi|278\/341|[from] Stealth Rock
|move|p2a: Blastoise|Dark Pulse|p1a: Jirachi
|-supereffective|p1a: Jirachi
|-damage|p1a: Jirachi|0 fnt
|faint|p1a: Jirachi
|
|
|switch|p1a: Mienshao|Mienshao, M|271\/271
|-damage|p1a: Mienshao|255\/271|[from] Stealth Rock
|turn|20
|
|switch|p2a: Hippowdon|Hippowdon, M|420\/420
|-weather|Sandstorm
|move|p1a: Mienshao|High Jump Kick|p2a: Hippowdon
|-damage|p2a: Hippowdon|197\/420
|
|-weather|Sandstorm|[upkeep]
|-damage|p1a: Mienshao|239\/271|[from] sandstorm
|turn|21
|
|move|p1a: Mienshao|High Jump Kick|p2a: Hippowdon
|-damage|p2a: Hippowdon|0 fnt
|faint|p2a: Hippowdon
|
|-weather|Sandstorm|[upkeep]
|-damage|p1a: Mienshao|223\/271|[from] sandstorm
|
|switch|p2a: Blastoise|Blastoise-Mega, F|362\/362
|turn|22
|
|move|p1a: Mienshao|High Jump Kick|p2a: Blastoise
|-damage|p2a: Blastoise|95\/362
|move|p2a: Blastoise|Water Pulse|p1a: Mienshao
|-damage|p1a: Mienshao|0 fnt
|faint|p1a: Mienshao
|
|-weather|Sandstorm|[upkeep]
|-damage|p2a: Blastoise|73\/362|[from] sandstorm
|
|switch|p1a: Gligar|Gligar, F|168\/334
|-damage|p1a: Gligar|127\/334|[from] Stealth Rock
|turn|23
|
|move|p1a: Gligar|Earthquake|p2a: Blastoise
|-damage|p2a: Blastoise|0 fnt
|faint|p2a: Blastoise
|
|-weather|Sandstorm|[upkeep]
|
|switch|p2a: Lucario|Lucario, M|281\/281
|turn|24
|
|move|p2a: Lucario|Shadow Ball|p1a: Gligar
|-damage|p1a: Gligar|19\/334
|-damage|p2a: Lucario|253\/281|[from] item: Life Orb
|move|p1a: Gligar|Roost|p1a: Gligar
|-heal|p1a: Gligar|186\/334
|
|-weather|none
|turn|25
|
|move|p2a: Lucario|Flash Cannon|p1a: Gligar
|-damage|p1a: Gligar|29\/334
|-damage|p2a: Lucario|225\/281|[from] item: Life Orb
|move|p1a: Gligar|Roost|p1a: Gligar
|-heal|p1a: Gligar|196\/334
|
|turn|26
|
|move|p2a: Lucario|Nasty Plot|p2a: Lucario
|-boost|p2a: Lucario|spa|2
|move|p1a: Gligar|Earthquake|p2a: Lucario
|-supereffective|p2a: Lucario
|-damage|p2a: Lucario|0 fnt
|faint|p2a: Lucario
|
|chat|KING)Aristi005|life orb stall
|
|switch|p2a: Blissey|Blissey, F|501\/714
|turn|27
|
|move|p1a: Gligar|Earthquake|p2a: Blissey
|-damage|p2a: Blissey|138\/714
|move|p2a: Blissey|Wish|p2a: Blissey
|
|-heal|p2a: Blissey|182\/714|[from] item: Leftovers
|turn|28
|
|move|p2a: Blissey|Protect|p2a: Blissey
|-singleturn|p2a: Blissey|Protect
|move|p1a: Gligar|Roost|p1a: Gligar
|-heal|p1a: Gligar|334\/334
|
|-heal|p2a: Blissey|539\/714|[from] move: Wish|[wisher] Blissey
|-heal|p2a: Blissey|583\/714|[from] item: Leftovers
|turn|29
|
|move|p1a: Gligar|Earthquake|p2a: Blissey
|-damage|p2a: Blissey|160\/714
|move|p2a: Blissey|Toxic|p1a: Gligar
|-fail|p1a: Gligar
|
|-heal|p2a: Blissey|204\/714|[from] item: Leftovers
|turn|30
|chat|KING)Aristi005|gg
|
|move|p2a: Blissey|Protect|p2a: Blissey
|-singleturn|p2a: Blissey|Protect
|move|p1a: Gligar|Earthquake|p2a: Blissey
|-activate|p2a: Blissey|Protect
|
|-heal|p2a: Blissey|248\/714|[from] item: Leftovers
|turn|31
|
|move|p1a: Gligar|Earthquake|p2a: Blissey
|-damage|p2a: Blissey|0 fnt
|faint|p2a: Blissey
|
|win|Damnosaur
|raw|Ladder updating...
|raw|Damnosaur's rating: 1323 &rarr; <strong>1343<\/strong><br \/>(+20 for winning)
|raw|KING)Aristi005's rating: 1335 &rarr; <strong>1314<\/strong><br \/>(-21 for losing)
|leave|KING)Aristi005
|player|p2