|join|Woony
|join|Damnosaur
|player|p1|Woony|20
|player|p2|Damnosaur|167
|gametype|singles
|gen|6
|tier|UU
|rule|Sleep Clause Mod: Limit one foe put to sleep
|rule|Species Clause: Limit one of each Pokemon
|rule|OHKO Clause: OHKO moves are banned
|rule|Moody Clause: Moody is banned
|rule|Evasion Moves Clause: Evasion moves are banned
|rule|Endless Battle Clause: Forcing endless battles is banned.
|rule|HP Percentage Mod: HP is reported as percentages
|clearpoke
|poke|p1|Blastoise, F
|poke|p1|Victini
|poke|p1|Trevenant, M
|poke|p1|Hydreigon, M
|poke|p1|Toxicroak, F
|poke|p1|Swampert, F
|poke|p2|Arcanine, F
|poke|p2|Tentacruel, F
|poke|p2|Chesnaught, M
|poke|p2|Azelf
|poke|p2|Aggron, F
|poke|p2|Galvantula, F
|teampreview
|chat|Damnosaur|oo
|chat|Woony|damn fat
|chat|Damnosaur|mines pretty fat too
|chat|Woony|then there's azelf
|chat|Damnosaur|er js
|chat|Damnosaur|ok wait nvm
|chat|Damnosaur|youll find out in the battle
|chat|Damnosaur|haha
|
|start
|switch|p1a: Victini|Victini|341\/341
|switch|p2a: Chesnaught|Chesnaught, M|367\/367
|turn|1
|chat|Damnosaur|oops
|chat|Woony|r u rock helmet
|chat|Woony|rocky
|chat|Woony|cos if you are
|chat|Woony|you are annoying
|chat|Woony|as shit
|chat|Damnosaur|i prefer recovery
|
|move|p2a: Chesnaught|Spiky Shield|p2a: Chesnaught
|-singleturn|p2a: Chesnaught|move: Protect
|move|p1a: Victini|U-turn|p2a: Chesnaught
|-activate|p2a: Chesnaught|move: Protect
|-damage|p1a: Victini|299\/341|[from] Spiky Shield|[of] p2a: Chesnaught
|
|turn|2
|
|move|p1a: Victini|U-turn|p2a: Chesnaught
|-damage|p2a: Chesnaught|300\/367
|
|switch|p1a: Trevenant|Trevenant, M|356\/356
|move|p2a: Chesnaught|Leech Seed|p1a: Trevenant
|-immune|p1a: Trevenant|[msg]
|
|-heal|p2a: Chesnaught|322\/367|[from] item: Leftovers
|turn|3
|chat|Woony|100% counter perhaphs
|chat|Woony|fuhasidog
|chat|Woony|cant type
|
|switch|p2a: Arcanine|Arcanine, F|321\/321
|-ability|p2a: Arcanine|Intimidate|[of] p1a: Trevenant
|-unboost|p1a: Trevenant|atk|1
|move|p1a: Trevenant|Will-O-Wisp|p2a: Arcanine|[miss]
|-miss|p1a: Trevenant|p2a: Arcanine
|
|turn|4
|
|switch|p2a: Chesnaught|Chesnaught, M|322\/367
|switch|p1a: Swampert|Swampert, F|404\/404
|
|-heal|p2a: Chesnaught|344\/367|[from] item: Leftovers
|turn|5
|chat|Woony|canya
|chat|Woony|not
|chat|Damnosaur|no
|chat|Damnosaur|:)
|
|move|p2a: Chesnaught|Spikes|p1a: Swampert
|-sidestart|p1: Woony|Spikes
|move|p1a: Swampert|Toxic|p2a: Chesnaught
|-status|p2a: Chesnaught|tox
|
|-heal|p2a: Chesnaught|366\/367 tox|[from] item: Leftovers
|-damage|p2a: Chesnaught|344\/367 tox|[from] psn
|turn|6
|
|switch|p2a: Azelf|Azelf|291\/291
|switch|p1a: Toxicroak|Toxicroak, F|367\/367
|-damage|p1a: Toxicroak|322\/367|[from] Spikes
|
|turn|7
|chat|Woony|eh
|chat|Woony|PLS
|chat|Damnosaur|oo
|
|switch|p1a: Hydreigon|Hydreigon, M|346\/346
|move|p2a: Azelf|Stealth Rock|p1a: Hydreigon
|-sidestart|p1: Woony|move: Stealth Rock
|
|turn|8
|chat|Damnosaur|lol
|chat|Damnosaur|i have news for you w
|chat|Damnosaur|ww
|
|move|p1a: Hydreigon|U-turn|p2a: Azelf
|-supereffective|p2a: Azelf
|-damage|p2a: Azelf|123\/291
|chat|Damnosaur|:(
|chat|Damnosaur|wouldve been nice if you dracoed or sth
|chat|Damnosaur|or dark pulsed
|chat|Woony|i kinda noticed
|chat|Woony|thats why i didnt
|chat|Damnosaur|haha
|
|switch|p1a: Swampert|Swampert, F|404\/404
|-damage|p1a: Swampert|354\/404|[from] Spikes
|-damage|p1a: Swampert|329\/404|[from] Stealth Rock
|move|p2a: Azelf|Dazzling Gleam|p1a: Swampert
|-damage|p1a: Swampert|234\/404
|
|-heal|p1a: Swampert|259\/404|[from] item: Leftovers
|turn|9
|
|switch|p2a: Aggron|Aggron, F|344\/344
|move|p1a: Swampert|Stealth Rock|p2a: Aggron
|-sidestart|p2: Damnosaur|move: Stealth Rock
|
|-heal|p1a: Swampert|284\/404|[from] item: Leftovers
|turn|10
|chat|Woony|that was risky as shit
|chat|Woony|unless you are w p
|chat|Woony|which is gl as f
|
|detailschange|p2a: Aggron|Aggron-Mega, F
|message|Aggron has Mega Evolved into Mega Aggron!
|move|p1a: Swampert|Earthquake|p2a: Aggron
|-supereffective|p2a: Aggron
|-damage|p2a: Aggron|253\/344
|move|p2a: Aggron|Roar|p1a: Swampert
|drag|p1a: Trevenant|Trevenant, M|356\/356
|-damage|p1a: Trevenant|312\/356|[from] Spikes
|-damage|p1a: Trevenant|268\/356|[from] Stealth Rock
|
|turn|11
|chat|Woony|cool
|
|switch|p2a: Tentacruel|Tentacruel, F|364\/364
|-damage|p2a: Tentacruel|319\/364|[from] Stealth Rock
|move|p1a: Trevenant|Leech Seed|p2a: Tentacruel
|-start|p2a: Tentacruel|move: Leech Seed
|
|-heal|p2a: Tentacruel|341\/364|[from] item: Black Sludge
|-damage|p2a: Tentacruel|296\/364|[from] Leech Seed|[of] p1a: Trevenant
|-heal|p1a: Trevenant|313\/356|[silent]
|turn|12
|chat|Woony|no liq ooze
|chat|Woony|cool
|
|switch|p2a: Chesnaught|Chesnaught, M|344\/367 tox
|-damage|p2a: Chesnaught|322\/367 tox|[from] Stealth Rock
|move|p1a: Trevenant|Will-O-Wisp|p2a: Chesnaught
|-fail|p2a: Chesnaught
|
|-heal|p2a: Chesnaught|344\/367 tox|[from] item: Leftovers
|-damage|p2a: Chesnaught|322\/367 tox|[from] psn
|turn|13
|chat|Woony|mmm
|
|switch|p1a: Hydreigon|Hydreigon, M|346\/346
|-damage|p1a: Hydreigon|303\/346|[from] Stealth Rock
|move|p2a: Chesnaught|Leech Seed|p1a: Hydreigon
|-start|p1a: Hydreigon|move: Leech Seed
|
|-heal|p2a: Chesnaught|344\/367 tox|[from] item: Leftovers
|-damage|p1a: Hydreigon|260\/346|[from] Leech Seed|[of] p2a: Chesnaught
|-heal|p2a: Chesnaught|367\/367 tox|[silent]
|-damage|p2a: Chesnaught|323\/367 tox|[from] psn
|turn|14
|
|switch|p2a: Aggron|Aggron-Mega, F|253\/344
|-damage|p2a: Aggron|232\/344|[from] Stealth Rock
|move|p1a: Hydreigon|Draco Meteor|p2a: Aggron
|-resisted|p2a: Aggron
|-damage|p2a: Aggron|156\/344
|-unboost|p1a: Hydreigon|spa|2
|
|-damage|p1a: Hydreigon|217\/346|[from] Leech Seed|[of] p2a: Aggron
|-heal|p2a: Aggron|199\/344|[silent]
|turn|15
|
|switch|p1a: Swampert|Swampert, F|284\/404
|-damage|p1a: Swampert|234\/404|[from] Spikes
|-damage|p1a: Swampert|209\/404|[from] Stealth Rock
|move|p2a: Aggron|Thunder Wave|p1a: Swampert
|-immune|p1a: Swampert|[msg]
|
|-heal|p1a: Swampert|234\/404|[from] item: Leftovers
|turn|16
|
|switch|p2a: Azelf|Azelf|123\/291
|-damage|p2a: Azelf|87\/291|[from] Stealth Rock
|move|p1a: Swampert|Earthquake|p2a: Azelf
|-immune|p2a: Azelf|[msg]
|
|-heal|p1a: Swampert|259\/404|[from] item: Leftovers
|turn|17
|
|switch|p1a: Blastoise|Blastoise, F|299\/299
|-damage|p1a: Blastoise|262\/299|[from] Stealth Rock
|-damage|p1a: Blastoise|225\/299|[from] Spikes
|move|p2a: Azelf|Dazzling Gleam|p1a: Blastoise
|-damage|p1a: Blastoise|138\/299
|
|turn|18
|
|detailschange|p1a: Blastoise|Blastoise-Mega, F
|message|Blastoise has Mega Evolved into Mega Blastoise!
|move|p2a: Azelf|Dazzling Gleam|p1a: Blastoise
|-damage|p1a: Blastoise|49\/299
|move|p1a: Blastoise|Rapid Spin|p2a: Azelf
|-crit|p2a: Azelf
|-damage|p2a: Azelf|55\/291
|-sideend|p1: Woony|Spikes|[from] move: Rapid Spin|[of] p1a: Blastoise
|-sideend|p1: Woony|Stealth Rock|[from] move: Rapid Spin|[of] p1a: Blastoise
|
|turn|19
|
|switch|p1a: Toxicroak|Toxicroak, F|322\/367
|move|p2a: Azelf|Dazzling Gleam|p1a: Toxicroak
|-damage|p1a: Toxicroak|241\/367
|
|turn|20
|chat|Damnosaur|that was risky
|chat|Damnosaur|even though youre av
|
|move|p2a: Azelf|Stealth Rock|p1a: Toxicroak
|-sidestart|p1: Woony|move: Stealth Rock
|move|p1a: Toxicroak|Knock Off|p2a: Azelf
|-supereffective|p2a: Azelf
|-damage|p2a: Azelf|0 fnt
|faint|p2a: Azelf
|
|chat|Woony|you arent scarfed?
|chat|Woony|LOL
|chat|Damnosaur|lol no
|chat|Damnosaur|pls your hydreigon outsped
|chat|Damnosaur|and youre scarfed
|chat|Woony|i wasnt paying attention
|chat|Woony|HAHAH
|
|switch|p2a: Chesnaught|Chesnaught, M|323\/367 tox
|-damage|p2a: Chesnaught|301\/367 tox|[from] Stealth Rock
|turn|21
|chat|Damnosaur|wait whyd i go into this
|chat|Damnosaur|....
|
|move|p1a: Toxicroak|Gunk Shot|p2a: Chesnaught
|-supereffective|p2a: Chesnaught
|-damage|p2a: Chesnaught|65\/367 tox
|move|p2a: Chesnaught|Spikes|p1a: Toxicroak
|-sidestart|p1: Woony|Spikes
|
|-heal|p2a: Chesnaught|87\/367 tox|[from] item: Leftovers
|-damage|p2a: Chesnaught|65\/367 tox|[from] psn
|turn|22
|
|move|p2a: Chesnaught|Spiky Shield|p2a: Chesnaught
|-singleturn|p2a: Chesnaught|move: Protect
|move|p1a: Toxicroak|Drain Punch|p2a: Chesnaught
|-activate|p2a: Chesnaught|move: Protect
|-damage|p1a: Toxicroak|196\/367|[from] Spiky Shield|[of] p2a: Chesnaught
|
|-heal|p2a: Chesnaught|87\/367 tox|[from] item: Leftovers
|-damage|p2a: Chesnaught|43\/367 tox|[from] psn
|turn|23
|chat|Damnosaur|lol
|
|move|p1a: Toxicroak|Earthquake|p2a: Chesnaught
|-resisted|p2a: Chesnaught
|-damage|p2a: Chesnaught|9\/367 tox
|move|p2a: Chesnaught|Leech Seed|p1a: Toxicroak
|-start|p1a: Toxicroak|move: Leech Seed
|
|-heal|p2a: Chesnaught|31\/367 tox|[from] item: Leftovers
|-damage|p1a: Toxicroak|151\/367|[from] Leech Seed|[of] p2a: Chesnaught
|-heal|p2a: Chesnaught|76\/367 tox|[silent]
|-damage|p2a: Chesnaught|10\/367 tox|[from] psn
|turn|24
|chat|Damnosaur|hahahaha
|chat|Woony|fk
|
|switch|p1a: Blastoise|Blastoise-Mega, F|49\/299
|-damage|p1a: Blastoise|12\/299|[from] Stealth Rock
|-damage|p1a: Blastoise|0 fnt|[from] Spikes
|faint|p1a: Blastoise
|move|p2a: Chesnaught|Leech Seed|p1: Blastoise|[notarget]
|-notarget
|
|-heal|p2a: Chesnaught|32\/367 tox|[from] item: Leftovers
|-damage|p2a: Chesnaught|0 fnt|[from] psn
|faint|p2a: Chesnaught
|chat|Damnosaur|i clicked spikes :(
|chat|Damnosaur|showdown lag y u do dis
|chat|Woony|hahaha
|
|switch|p1a: Hydreigon|Hydreigon, M|217\/346
|-damage|p1a: Hydreigon|174\/346|[from] Stealth Rock
|switch|p2a: Tentacruel|Tentacruel, F|296\/364
|-damage|p2a: Tentacruel|251\/364|[from] Stealth Rock
|turn|25
|
|move|p1a: Hydreigon|U-turn|p2a: Tentacruel
|-resisted|p2a: Tentacruel
|-damage|p2a: Tentacruel|207\/364
|
|switch|p1a: Trevenant|Trevenant, M|313\/356
|-damage|p1a: Trevenant|269\/356|[from] Stealth Rock
|-damage|p1a: Trevenant|225\/356|[from] Spikes
|move|p2a: Tentacruel|Rapid Spin|p1a: Trevenant
|-immune|p1a: Trevenant|[msg]
|
|-heal|p2a: Tentacruel|229\/364|[from] item: Black Sludge
|turn|26
|
|move|p2a: Tentacruel|Scald|p1a: Trevenant
|-resisted|p1a: Trevenant
|-damage|p1a: Trevenant|192\/356
|move|p1a: Trevenant|Leech Seed|p2a: Tentacruel
|-start|p2a: Tentacruel|move: Leech Seed
|
|-heal|p2a: Tentacruel|251\/364|[from] item: Black Sludge
|-damage|p2a: Tentacruel|206\/364|[from] Leech Seed|[of] p1a: Trevenant
|-heal|p1a: Trevenant|237\/356|[silent]
|turn|27
|
|move|p2a: Tentacruel|Acid Spray|p1a: Trevenant
|-damage|p1a: Trevenant|203\/356
|-unboost|p1a: Trevenant|spd|2
|move|p1a: Trevenant|Horn Leech|p2a: Tentacruel
|-damage|p2a: Tentacruel|68\/364
|-heal|p1a: Trevenant|272\/356|[from] drain|[of] p2a: Tentacruel
|
|-heal|p2a: Tentacruel|90\/364|[from] item: Black Sludge
|-damage|p2a: Tentacruel|45\/364|[from] Leech Seed|[of] p1a: Trevenant
|-heal|p1a: Trevenant|317\/356|[silent]
|turn|28
|chat|Woony|???
|
|move|p2a: Tentacruel|Toxic Spikes|p1a: Trevenant
|-sidestart|p1: Woony|move: Toxic Spikes
|move|p1a: Trevenant|Horn Leech|p2a: Tentacruel
|-damage|p2a: Tentacruel|0 fnt
|-heal|p1a: Trevenant|340\/356|[from] drain|[of] p2a: Tentacruel
|faint|p2a: Tentacruel
|
|
|switch|p2a: Arcanine|Arcanine, F|321\/321
|-damage|p2a: Arcanine|241\/321|[from] Stealth Rock
|-ability|p2a: Arcanine|Intimidate|[of] p1a: Trevenant
|-unboost|p1a: Trevenant|atk|1
|turn|29
|
|switch|p1a: Swampert|Swampert, F|259\/404
|-damage|p1a: Swampert|209\/404|[from] Spikes
|-status|p1a: Swampert|psn
|-damage|p1a: Swampert|184\/404 psn|[from] Stealth Rock
|move|p2a: Arcanine|Crunch|p1a: Swampert
|-damage|p1a: Swampert|88\/404 psn
|-damage|p2a: Arcanine|209\/321|[from] item: Life Orb
|
|-heal|p1a: Swampert|113\/404 psn|[from] item: Leftovers
|-damage|p1a: Swampert|63\/404 psn|[from] psn
|turn|30
|
|move|p2a: Arcanine|Crunch|p1a: Swampert
|-damage|p1a: Swampert|0 fnt
|-damage|p2a: Arcanine|177\/321|[from] item: Life Orb
|faint|p1a: Swampert
|
|
|switch|p1a: Hydreigon|Hydreigon, M|174\/346
|-damage|p1a: Hydreigon|131\/346|[from] Stealth Rock
|turn|31
|
|switch|p2a: Galvantula|Galvantula, F|281\/281
|-damage|p2a: Galvantula|211\/281|[from] Stealth Rock
|move|p1a: Hydreigon|Dark Pulse|p2a: Galvantula
|-damage|p2a: Galvantula|39\/281
|
|turn|32
|chat|Woony|come on
|
|move|p1a: Hydreigon|Dark Pulse|p2a: Galvantula
|-damage|p2a: Galvantula|0 fnt
|faint|p2a: Galvantula
|
|
|switch|p2a: Aggron|Aggron-Mega, F|199\/344
|-damage|p2a: Aggron|178\/344|[from] Stealth Rock
|turn|33
|
|switch|p1a: Trevenant|Trevenant, M|340\/356
|-status|p1a: Trevenant|psn
|-damage|p1a: Trevenant|296\/356 psn|[from] Spikes
|-damage|p1a: Trevenant|252\/356 psn|[from] Stealth Rock
|-enditem|p1a: Trevenant|Lum Berry|[eat]
|-curestatus|p1a: Trevenant|psn
|move|p2a: Aggron|Heavy Slam|p1a: Trevenant
|-damage|p1a: Trevenant|27\/356
|
|turn|34
|chat|Damnosaur|i think its a tie
|chat|Damnosaur|lol
|
|move|p1a: Trevenant|Rest|p1a: Trevenant
|-status|p1a: Trevenant|slp
|-heal|p1a: Trevenant|356\/356 slp|[silent]
|-status|p1a: Trevenant|slp|[from] move: Rest
|move|p2a: Aggron|Heavy Slam|p1a: Trevenant
|-damage|p1a: Trevenant|109\/356 slp
|
|turn|35
|
|cant|p1a: Trevenant|slp
|move|p2a: Aggron|Heavy Slam|p1a: Trevenant
|-damage|p1a: Trevenant|0 fnt
|faint|p1a: Trevenant
|
|chat|Woony|i wanted the berry immediately sigh
|
|switch|p1a: Toxicroak|Toxicroak, F|151\/367
|-damage|p1a: Toxicroak|106\/367|[from] Spikes
|-damage|p1a: Toxicroak|84\/367|[from] Stealth Rock
|-sideend|p1: Woony|move: Toxic Spikes|[of] p1a: Toxicroak
|turn|36
|chat|Damnosaur|wouldve still 2hkoed
|chat|Damnosaur|even with the burn i think
|
|move|p1a: Toxicroak|Drain Punch|p2a: Aggron
|-supereffective|p2a: Aggron
|-damage|p2a: Aggron|79\/344
|-heal|p1a: Toxicroak|134\/367|[from] drain|[of] p2a: Aggron
|move|p2a: Aggron|Roar|p1a: Toxicroak
|drag|p1a: Hydreigon|Hydreigon, M|131\/346
|-damage|p1a: Hydreigon|88\/346|[from] Stealth Rock
|
|turn|37
|
|move|p1a: Hydreigon|Dark Pulse|p2a: Aggron
|-damage|p2a: Aggron|0 fnt
|faint|p2a: Aggron
|
|
|switch|p2a: Arcanine|Arcanine, F|177\/321
|-damage|p2a: Arcanine|97\/321|[from] Stealth Rock
|-ability|p2a: Arcanine|Intimidate|[of] p1a: Hydreigon
|-unboost|p1a: Hydreigon|atk|1
|turn|38
|
|switch|p1a: Victini|Victini|299\/341
|-damage|p1a: Victini|257\/341|[from] Spikes
|-damage|p1a: Victini|172\/341|[from] Stealth Rock
|move|p2a: Arcanine|Extreme Speed|p1a: Victini
|-damage|p1a: Victini|56\/341
|-damage|p2a: Arcanine|65\/321|[from] item: Life Orb
|
|turn|39
|
|move|p2a: Arcanine|Extreme Speed|p1a: Victini
|-damage|p1a: Victini|0 fnt
|-damage|p2a: Arcanine|33\/321|[from] item: Life Orb
|faint|p1a: Victini
|
|
|switch|p1a: Toxicroak|Toxicroak, F|134\/367
|-damage|p1a: Toxicroak|112\/367|[from] Stealth Rock
|-damage|p1a: Toxicroak|67\/367|[from] Spikes
|turn|40
|chat|Damnosaur|yup tie
|
|move|p2a: Arcanine|Extreme Speed|p1a: Toxicroak
|-damage|p1a: Toxicroak|0 fnt
|-damage|p2a: Arcanine|1\/321|[from] item: Life Orb
|faint|p1a: Toxicroak
|
|chat|Damnosaur|haha
|chat|Damnosaur|i have 1hp left lol
|chat|Woony|shite
|
|switch|p1a: Hydreigon|Hydreigon, M|88\/346
|-damage|p1a: Hydreigon|45\/346|[from] Stealth Rock
|turn|41
|chat|Damnosaur|shouldnt have roared your toxicroak
|chat|Damnosaur|shouldve just killed it
|chat|Damnosaur|then i wouldve won
|chat|Woony|gg tho
|chat|Damnosaur|i was hoping to roar you into victini
|chat|Damnosaur|to get more hazards
|chat|Damnosaur|yeah gg 
|
|move|p2a: Arcanine|Extreme Speed|p1a: Hydreigon
|-damage|p1a: Hydreigon|0 fnt
|-damage|p2a: Arcanine|0 fnt|[from] item: Life Orb
|faint|p1a: Hydreigon
|faint|p2a: Arcanine
|
|tie
|chat|Woony|greedy
|chat|Damnosaur|nice double down