|join|Damnosaur
|join|ULT xMarth
|player|p1|Damnosaur|167
|player|p2|ULT xMarth|153
|gametype|singles
|gen|6
|tier|UU
|rated
|rule|Sleep Clause Mod: Limit one foe put to sleep
|rule|Species Clause: Limit one of each PokÃ©mon
|rule|OHKO Clause: OHKO moves are banned
|rule|Moody Clause: Moody is banned
|rule|Evasion Moves Clause: Evasion moves are banned
|rule|Endless Battle Clause: Forcing endless battles is banned
|rule|HP Percentage Mod: HP is shown in percentages
|clearpoke
|poke|p1|Porygon-Z
|poke|p1|Roserade, F
|poke|p1|Chandelure, F
|poke|p1|Sharpedo, M
|poke|p1|Registeel
|poke|p1|Honchkrow, M
|poke|p2|Whimsicott, F
|poke|p2|Victreebel, M
|poke|p2|Entei, shiny
|poke|p2|Uxie
|poke|p2|Heliolisk, F
|poke|p2|Shiftry, M
|rule|Swagger Clause: Swagger is banned
|rule|Baton Pass Clause: Limit one PokÃ©mon knowing Baton Pass
|teampreview
|
|start
|switch|p1a: Registeel|Registeel|364\/364
|switch|p2a: Uxie|Uxie|353\/353
|turn|1
|
|move|p2a: Uxie|Magic Coat|p2a: Uxie
|-singleturn|p2a: Uxie|move: Magic Coat
|move|p1a: Registeel|Stealth Rock|p2a: Uxie
|move|p2a: Uxie|Stealth Rock|p1a: Registeel|[from]Magic Coat
|-sidestart|p1: Damnosaur|move: Stealth Rock
|
|turn|2
|
|move|p2a: Uxie|Sunny Day|p2a: Uxie
|-weather|SunnyDay
|move|p1a: Registeel|Stealth Rock|p2a: Uxie
|-sidestart|p2: ULT xMarth|move: Stealth Rock
|
|-weather|SunnyDay|[upkeep]
|turn|3
|
|switch|p2a: Entei|Entei, shiny|371\/371
|-damage|p2a: Entei|279\/371|[from] Stealth Rock
|-ability|p2a: Entei|Pressure
|move|p1a: Registeel|Toxic|p2a: Entei
|-status|p2a: Entei|tox
|
|-weather|SunnyDay|[upkeep]
|-damage|p2a: Entei|256\/371 tox|[from] psn
|turn|4
|
|switch|p1a: Chandelure|Chandelure, F|289\/289
|-damage|p1a: Chandelure|217\/289|[from] Stealth Rock
|move|p2a: Entei|Sacred Fire|p1a: Chandelure
|-start|p1a: Chandelure|ability: Flash Fire
|
|-weather|SunnyDay|[upkeep]
|-heal|p1a: Chandelure|235\/289|[from] item: Leftovers
|-damage|p2a: Entei|210\/371 tox|[from] psn
|turn|5
|join|YoungLegend
|
|move|p2a: Entei|Stone Edge|p1a: Chandelure
|-supereffective|p1a: Chandelure
|-damage|p1a: Chandelure|0 fnt
|-damage|p2a: Entei|173\/371 tox|[from] item: Life Orb
|faint|p1a: Chandelure
|
|-weather|SunnyDay|[upkeep]
|-damage|p2a: Entei|104\/371 tox|[from] psn
|
|switch|p1a: Sharpedo|Sharpedo, M|281\/281
|-damage|p1a: Sharpedo|246\/281|[from] Stealth Rock
|turn|6
|
|move|p1a: Sharpedo|Protect|p1a: Sharpedo
|-singleturn|p1a: Sharpedo|Protect
|move|p2a: Entei|Extreme Speed|p1a: Sharpedo
|-activate|p1a: Sharpedo|Protect
|
|-weather|SunnyDay|[upkeep]
|-damage|p2a: Entei|12\/371 tox|[from] psn
|-boost|p1a: Sharpedo|spe|1|[from] ability: Speed Boost
|turn|7
|
|switch|p1a: Registeel|Registeel|364\/364
|-damage|p1a: Registeel|342\/364|[from] Stealth Rock
|move|p2a: Entei|Extreme Speed|p1a: Registeel
|-resisted|p1a: Registeel
|-damage|p1a: Registeel|299\/364
|-damage|p2a: Entei|0 fnt|[from] item: Life Orb
|faint|p2a: Entei
|
|-weather|SunnyDay|[upkeep]
|-heal|p1a: Registeel|321\/364|[from] item: Leftovers
|
|switch|p2a: Victreebel|Victreebel, M|301\/301
|-damage|p2a: Victreebel|264\/301|[from] Stealth Rock
|turn|8
|
|move|p2a: Victreebel|Weather Ball|p1a: Registeel
|-supereffective|p1a: Registeel
|-damage|p1a: Registeel|105\/364
|-damage|p2a: Victreebel|234\/301|[from] item: Life Orb
|move|p1a: Registeel|Thunder Wave|p2a: Victreebel
|-status|p2a: Victreebel|par
|
|-weather|SunnyDay|[upkeep]
|-heal|p1a: Registeel|127\/364|[from] item: Leftovers
|turn|9
|
|move|p1a: Registeel|Seismic Toss|p2a: Victreebel
|-damage|p2a: Victreebel|134\/301 par
|move|p2a: Victreebel|Weather Ball|p1a: Registeel
|-supereffective|p1a: Registeel
|-damage|p1a: Registeel|0 fnt
|-damage|p2a: Victreebel|104\/301 par|[from] item: Life Orb
|faint|p1a: Registeel
|
|-weather|none
|
|switch|p1a: Porygon-Z|Porygon-Z|331\/331
|-damage|p1a: Porygon-Z|290\/331|[from] Stealth Rock
|turn|10
|
|move|p1a: Porygon-Z|Agility|p1a: Porygon-Z
|-boost|p1a: Porygon-Z|spe|2
|move|p2a: Victreebel|Sludge Bomb|p1a: Porygon-Z
|-damage|p1a: Porygon-Z|66\/331
|-damage|p2a: Victreebel|74\/301 par|[from] item: Life Orb
|
|turn|11
|
|move|p1a: Porygon-Z|Tri Attack|p2a: Victreebel
|-damage|p2a: Victreebel|0 fnt
|faint|p2a: Victreebel
|
|
|switch|p2a: Whimsicott|Whimsicott, F|323\/323
|-damage|p2a: Whimsicott|283\/323|[from] Stealth Rock
|turn|12
|
|move|p1a: Porygon-Z|Tri Attack|p2a: Whimsicott
|-damage|p2a: Whimsicott|29\/323
|move|p2a: Whimsicott|Moonblast|p1a: Porygon-Z
|-damage|p1a: Porygon-Z|0 fnt
|faint|p1a: Porygon-Z
|
|
|switch|p1a: Roserade|Roserade, F|261\/261
|-damage|p1a: Roserade|229\/261|[from] Stealth Rock
|turn|13
|
|move|p2a: Whimsicott|Sunny Day|p2a: Whimsicott
|-weather|SunnyDay
|move|p1a: Roserade|Sludge Bomb|p2a: Whimsicott
|-supereffective|p2a: Whimsicott
|-damage|p2a: Whimsicott|0 fnt
|faint|p2a: Whimsicott
|
|-weather|SunnyDay|[upkeep]
|
|switch|p2a: Shiftry|Shiftry, M|321\/321
|-damage|p2a: Shiftry|281\/321|[from] Stealth Rock
|turn|14
|
|move|p2a: Shiftry|Knock Off|p1a: Roserade
|-damage|p1a: Roserade|0 fnt
|-enditem|p1a: Roserade|Focus Sash|[from] move: Knock Off|[of] p2a: Shiftry
|-damage|p2a: Shiftry|249\/321|[from] item: Life Orb
|faint|p1a: Roserade
|
|-weather|SunnyDay|[upkeep]
|
|switch|p1a: Honchkrow|Honchkrow, M|341\/341
|-damage|p1a: Honchkrow|256\/341|[from] Stealth Rock
|turn|15
|
|switch|p2a: Uxie|Uxie|353\/353
|-damage|p2a: Uxie|309\/353|[from] Stealth Rock
|move|p1a: Honchkrow|Brave Bird|p2a: Uxie
|-damage|p2a: Uxie|85\/353
|-damage|p1a: Honchkrow|182\/341|[from] recoil|[of] p2a: Uxie
|-damage|p1a: Honchkrow|148\/341|[from] item: Life Orb
|
|-weather|SunnyDay|[upkeep]
|turn|16
|
|move|p1a: Honchkrow|Pursuit|p2a: Uxie
|-supereffective|p2a: Uxie
|-damage|p2a: Uxie|0 fnt
|-damage|p1a: Honchkrow|114\/341|[from] item: Life Orb
|faint|p2a: Uxie
|-boost|p1a: Honchkrow|atk|1|[from] ability: Moxie
|
|-weather|SunnyDay|[upkeep]
|
|switch|p2a: Shiftry|Shiftry, M|249\/321
|-damage|p2a: Shiftry|209\/321|[from] Stealth Rock
|turn|17
|
|move|p2a: Shiftry|Sucker Punch|p1a: Honchkrow
|-fail|p1a: Honchkrow
|move|p1a: Honchkrow|Roost|p1a: Honchkrow
|-heal|p1a: Honchkrow|285\/341
|
|-weather|SunnyDay|[upkeep]
|turn|18
|
|switch|p2a: Heliolisk|Heliolisk, F|265\/265
|-damage|p2a: Heliolisk|232\/265|[from] Stealth Rock
|move|p1a: Honchkrow|Brave Bird|p2a: Heliolisk
|-resisted|p2a: Heliolisk
|-damage|p2a: Heliolisk|0 fnt
|-damage|p1a: Honchkrow|208\/341|[from] recoil|[of] p2a: Heliolisk
|-damage|p1a: Honchkrow|174\/341|[from] item: Life Orb
|faint|p2a: Heliolisk
|-boost|p1a: Honchkrow|atk|1|[from] ability: Moxie
|
|-weather|SunnyDay|[upkeep]
|c| YoungLegend|damn
|
|switch|p2a: Shiftry|Shiftry, M|209\/321
|-damage|p2a: Shiftry|169\/321|[from] Stealth Rock
|turn|19
|
|move|p1a: Honchkrow|Sucker Punch|p2a: Shiftry
|-resisted|p2a: Shiftry
|-damage|p2a: Shiftry|0 fnt
|-damage|p1a: Honchkrow|140\/341|[from] item: Life Orb
|faint|p2a: Shiftry
|-boost|p1a: Honchkrow|atk|1|[from] ability: Moxie
|
|win|Damnosaur
|raw|Ladder updating...
|raw|Damnosaur's rating: 1427 &rarr; <strong>1441<\/strong><br \/>(+14 for winning)
|raw|ULT xMarth's rating: 1319 &rarr; <strong>1305<\/strong><br \/>(-14 for losing)
|leave|ULT xMarth
|player|p2
|leave|YoungLegend