|join|Damnosaur
|join|Eradiate
|player|p1|Damnosaur|220
|player|p2|Eradiate|169
|gametype|singles
|tier|UU
|rated
|rule|Sleep Clause Mod: Limit one foe put to sleep
|rule|Species Clause: Limit one of each Pokemon
|rule|OHKO Clause: OHKO moves are banned
|rule|Moody Clause: Moody is banned
|rule|Evasion Moves Clause: Evasion moves are banned
|rule|HP Percentage Mod: HP is reported as percentages
|rule|Evasion Abilities Clause: Evasion abilities are banned
|clearpoke
|poke|p1|Azumarill, F
|poke|p1|Flygon, F
|poke|p1|Chandelure, F
|poke|p1|Porygon-Z
|poke|p1|Raikou
|poke|p1|Heracross, F
|poke|p2|Cresselia, F
|poke|p2|Ambipom, M
|poke|p2|Raikou, shiny
|poke|p2|Flygon, M, shiny
|poke|p2|Heracross, M
|poke|p2|Swampert, M
|teampreview
|callback|decision
|
|start
|switch|p1a: Chandelure|Chandelure, F|261\/261
|switch|p2a: Ambipom|Ambipom, M|291\/291
|turn|1
|callback|decision
|
|switch|p1a: Heracross|Heracross, F|301\/301
|move|p2a: Ambipom|U-turn|p1a: Heracross
|-resisted|p1a: Heracross
|-damage|p1a: Heracross|255\/301
|callback|decision
|
|switch|p2a: Raikou|Raikou, shiny|322\/322
|-ability|p2a: Raikou|Pressure
|
|turn|2
|callback|decision
|
|move|p2a: Raikou|Hidden Power|p1a: Heracross
|-damage|p1a: Heracross|172\/301
|move|p1a: Heracross|Megahorn|p2a: Raikou
|-damage|p2a: Raikou|0 fnt
|faint|p2a: Raikou
|
|callback|decision
|
|switch|p2a: Earthbeam|Swampert, M|341\/341
|turn|3
|callback|decision
|
|move|p1a: Heracross|Megahorn|p2a: Earthbeam
|-damage|p2a: Earthbeam|25\/341
|move|p2a: Earthbeam|Stealth Rock|p1a: Heracross
|-sidestart|p1: Damnosaur|move: Stealth Rock
|
|-heal|p2a: Earthbeam|46\/341|[from] item: Leftovers
|turn|4
|callback|decision
|
|switch|p2a: Heracross|Heracross, M|302\/302
|move|p1a: Heracross|Megahorn|p2a: Heracross
|-resisted|p2a: Heracross
|-damage|p2a: Heracross|89\/302
|
|turn|5
|callback|decision
|
|switch|p1a: Chandelure|Chandelure, F|261\/261
|-damage|p1a: Chandelure|196\/261|[from] Stealth Rock
|move|p2a: Heracross|Stone Edge|p1a: Chandelure
|-supereffective|p1a: Chandelure
|-damage|p1a: Chandelure|0 fnt
|faint|p1a: Chandelure
|-boost|p2a: Heracross|atk|1|[from] ability: Moxie
|
|callback|decision
|
|switch|p1a: Raikou|Raikou|322\/322
|-damage|p1a: Raikou|282\/322|[from] Stealth Rock
|-ability|p1a: Raikou|Pressure
|turn|6
|callback|decision
|
|move|p1a: Raikou|Hidden Power|p2a: Heracross
|-damage|p2a: Heracross|15\/302
|move|p2a: Heracross|Stone Edge|p1a: Raikou
|-damage|p1a: Raikou|43\/322
|
|turn|7
|callback|decision
|
|switch|p2a: Earthbeam|Swampert, M|46\/341
|move|p1a: Raikou|Hidden Power|p2a: Earthbeam
|-damage|p2a: Earthbeam|0 fnt
|faint|p2a: Earthbeam
|
|callback|decision
|
|switch|p2a: Ambipom|Ambipom, M|291\/291
|turn|8
|callback|decision
|
|move|p2a: Ambipom|Fake Out|p1a: Raikou
|-damage|p1a: Raikou|0 fnt
|faint|p1a: Raikou
|
|callback|decision
|
|switch|p1a: Azumarill|Azumarill, F|404\/404
|-damage|p1a: Azumarill|354\/404|[from] Stealth Rock
|turn|9
|callback|decision
|
|move|p1a: Azumarill|Aqua Jet|p2a: Ambipom
|-damage|p2a: Ambipom|105\/291
|move|p2a: Ambipom|Double Hit|p1a: Azumarill
|-damage|p1a: Azumarill|243\/404
|-damage|p1a: Azumarill|132\/404
|-hitcount|p1a: Azumarill|2
|
|turn|10
|callback|decision
|
|switch|p2a: Cresselia|Cresselia, F|444\/444
|move|p1a: Azumarill|Aqua Jet|p2a: Cresselia
|-damage|p2a: Cresselia|324\/444
|
|-activate|p2a: Cresselia|item: Flame Orb
|-status|p2a: Cresselia|brn
|turn|11
|callback|decision
|
|switch|p1a: Heracross|Heracross, F|172\/301
|-damage|p1a: Heracross|135\/301|[from] Stealth Rock
|move|p2a: Cresselia|Psycho Shift|p1a: Heracross
|-status|p1a: Heracross|brn
|-curestatus|p2a: Cresselia|brn
|
|-damage|p1a: Heracross|98\/301 brn|[from] brn
|-activate|p2a: Cresselia|item: Flame Orb
|-status|p2a: Cresselia|brn
|turn|12
|callback|decision
|
|switch|p2a: Heracross|Heracross, M|15\/302
|move|p1a: Heracross|Megahorn|p2a: Heracross
|-resisted|p2a: Heracross
|-damage|p2a: Heracross|0 fnt
|faint|p2a: Heracross
|
|-damage|p1a: Heracross|61\/301 brn|[from] brn
|callback|decision
|
|switch|p2a: Ambipom|Ambipom, M|105\/291
|turn|13
|callback|decision
|
|switch|p1a: Flygon|Flygon, F|301\/301
|-damage|p1a: Flygon|283\/301|[from] Stealth Rock
|move|p2a: Ambipom|Fake Out|p1a: Flygon
|-damage|p1a: Flygon|153\/301
|
|turn|14
|callback|decision
|
|move|p1a: Flygon|U-turn|p2a: Ambipom
|-damage|p2a: Ambipom|3\/291
|callback|decision
|
|switch|p1a: Azumarill|Azumarill, F|132\/404
|-damage|p1a: Azumarill|82\/404|[from] Stealth Rock
|move|p2a: Ambipom|Double Hit|p1a: Azumarill
|-crit|p1a: Azumarill
|-damage|p1a: Azumarill|0 fnt
|-hitcount|p1a: Azumarill|1
|faint|p1a: Azumarill
|
|callback|decision
|
|switch|p1a: Flygon|Flygon, F|153\/301
|-damage|p1a: Flygon|135\/301|[from] Stealth Rock
|turn|15
|callback|decision
|
|switch|p2a: Cresselia|Cresselia, F|324\/444 brn
|move|p1a: Flygon|Outrage|p2a: Cresselia
|-crit|p2a: Cresselia
|-damage|p2a: Cresselia|2\/444 brn
|
|-damage|p2a: Cresselia|0 fnt|[from] brn
|faint|p2a: Cresselia
|callback|decision
|
|switch|p2a: Ambipom|Ambipom, M|3\/291
|turn|16
|callback|decision
|
|move|p2a: Ambipom|Fake Out|p1a: Flygon
|-damage|p1a: Flygon|0 fnt
|faint|p1a: Flygon
|
|callback|decision
|
|switch|p1a: Porygon-Z|Porygon-Z|312\/312
|-damage|p1a: Porygon-Z|273\/312|[from] Stealth Rock
|turn|17
|callback|decision
|
|move|p2a: Ambipom|Double Hit|p1a: Porygon-Z
|-damage|p1a: Porygon-Z|155\/312
|-damage|p1a: Porygon-Z|38\/312
|-hitcount|p1a: Porygon-Z|2
|move|p1a: Porygon-Z|Ice Beam|p2a: Ambipom
|-damage|p2a: Ambipom|0 fnt
|faint|p2a: Ambipom
|
|callback|decision
|
|switch|p2a: Flygon|Flygon, M, shiny|301\/301
|turn|18
|callback|decision
|
|move|p2a: Flygon|Fire Punch|p1a: Porygon-Z
|-damage|p1a: Porygon-Z|0 fnt
|faint|p1a: Porygon-Z
|
|callback|decision
|
|switch|p1a: Heracross|Heracross, F|61\/301 brn
|-damage|p1a: Heracross|24\/301 brn|[from] Stealth Rock
|turn|19
|callback|decision
|
|move|p2a: Flygon|Fire Punch|p1a: Heracross
|-supereffective|p1a: Heracross
|-damage|p1a: Heracross|0 fnt
|faint|p1a: Heracross
|
|win|Eradiate
|raw|Ladder updating...
|raw|Damnosaur's rating: 1681 &rarr; <strong>1677<\/strong><br \/>(-4 for losing)
|raw|Eradiate's rating: 1007 &rarr; <strong>1452<\/strong><br \/>(+445 for winning)
|leave|Damnosaur
|player|p1