|join|Damnosaur
|join|tmarichards
|player|p1|Damnosaur|220
|player|p2|tmarichards|1
|gametype|singles
|tier|UU
|rated
|rule|Sleep Clause Mod: Limit one foe put to sleep
|rule|Species Clause: Limit one of each Pokemon
|rule|OHKO Clause: OHKO moves are banned
|rule|Moody Clause: Moody is banned
|rule|Evasion Moves Clause: Evasion moves are banned
|rule|HP Percentage Mod: HP is reported as percentages
|rule|Evasion Abilities Clause: Evasion abilities are banned
|clearpoke
|poke|p1|Azumarill, F
|poke|p1|Flygon, F
|poke|p1|Chandelure, M
|poke|p1|Mienshao, M
|poke|p1|Porygon-Z
|poke|p1|Heracross, M
|poke|p2|Victini
|poke|p2|Crobat, M
|poke|p2|Blastoise, M
|poke|p2|Roserade, F
|poke|p2|Rhyperior, M
|poke|p2|Umbreon, M
|teampreview
|callback|decision
|
|start
|switch|p1a: Mienshao|Mienshao, M|271\/271
|switch|p2a: Rhyperior|Rhyperior, M|434\/434
|turn|1
|callback|decision
|
|move|p1a: Mienshao|U-turn|p2a: Rhyperior
|-damage|p2a: Rhyperior|365\/434
|callback|decision
|
|switch|p1a: Heracross|Heracross, M|301\/301
|move|p2a: Rhyperior|Stealth Rock|p1a: Heracross
|-sidestart|p1: Damnosaur|move: Stealth Rock
|
|-heal|p2a: Rhyperior|392\/434|[from] item: Leftovers
|turn|2
|callback|decision
|
|switch|p2a: Blastoise|Blastoise, M|362\/362
|move|p1a: Heracross|Close Combat|p2a: Blastoise
|-damage|p2a: Blastoise|130\/362
|-unboost|p1a: Heracross|def|1
|-unboost|p1a: Heracross|spd|1
|
|-heal|p2a: Blastoise|152\/362|[from] item: Leftovers
|turn|3
|callback|decision
|
|switch|p1a: Flygon|Flygon, F|301\/301
|-damage|p1a: Flygon|283\/301|[from] Stealth Rock
|switch|p2a: Crobat|Crobat, M|355\/355
|
|turn|4
|callback|decision
|
|move|p1a: Flygon|Stone Edge|p2a: Crobat
|-supereffective|p2a: Crobat
|-damage|p2a: Crobat|135\/355
|move|p2a: Crobat|U-turn|p1a: Flygon
|-damage|p1a: Flygon|206\/301
|callback|decision
|
|switch|p2a: Rhyperior|Rhyperior, M|392\/434
|
|-heal|p2a: Rhyperior|419\/434|[from] item: Leftovers
|turn|5
|callback|decision
|
|switch|p1a: Heracross|Heracross, M|301\/301
|-damage|p1a: Heracross|264\/301|[from] Stealth Rock
|move|p2a: Rhyperior|Dragon Tail|p1a: Heracross
|-crit|p1a: Heracross
|-damage|p1a: Heracross|111\/301
|drag|p1a: Porygon-Z|Porygon-Z|312\/312
|-damage|p1a: Porygon-Z|273\/312|[from] Stealth Rock
|
|-heal|p2a: Rhyperior|434\/434|[from] item: Leftovers
|turn|6
|callback|decision
|
|switch|p2a: Umbreon|Umbreon, M|394\/394
|move|p1a: Porygon-Z|Trick|p2a: Umbreon
|-activate|p1a: Porygon-Z|move: Trick|[of] p2a: Umbreon
|-item|p2a: Umbreon|Choice Scarf|[from] move: Trick
|-item|p1a: Porygon-Z|Leftovers|[from] move: Trick
|
|-heal|p1a: Porygon-Z|292\/312|[from] item: Leftovers
|turn|7
|callback|decision
|
|switch|p1a: Heracross|Heracross, M|111\/301
|-damage|p1a: Heracross|74\/301|[from] Stealth Rock
|move|p2a: Umbreon|Wish|p2a: Umbreon
|
|turn|8
|callback|decision
|
|switch|p2a: Crobat|Crobat, M|135\/355
|move|p1a: Heracross|Stone Edge|p2a: Crobat
|-supereffective|p2a: Crobat
|-damage|p2a: Crobat|0 fnt
|faint|p2a: Crobat
|
|callback|decision
|
|switch|p2a: Blastoise|Blastoise, M|152\/362
|turn|9
|callback|decision
|
|move|p1a: Heracross|Stone Edge|p2a: Blastoise
|-damage|p2a: Blastoise|31\/362
|move|p2a: Blastoise|Toxic|p1a: Heracross|[miss]
|-miss|p2a: Blastoise|p1a: Heracross
|
|-heal|p2a: Blastoise|53\/362|[from] item: Leftovers
|turn|10
|callback|decision
|
|switch|p2a: Rhyperior|Rhyperior, M|434\/434
|move|p1a: Heracross|Stone Edge|p2a: Rhyperior
|-resisted|p2a: Rhyperior
|-damage|p2a: Rhyperior|363\/434
|
|-heal|p2a: Rhyperior|390\/434|[from] item: Leftovers
|turn|11
|callback|decision
|
|move|p1a: Heracross|Stone Edge|p2a: Rhyperior
|-resisted|p2a: Rhyperior
|-damage|p2a: Rhyperior|317\/434
|move|p2a: Rhyperior|Earthquake|p1a: Heracross
|-resisted|p1a: Heracross
|-damage|p1a: Heracross|0 fnt
|faint|p1a: Heracross
|
|-heal|p2a: Rhyperior|344\/434|[from] item: Leftovers
|callback|decision
|
|switch|p1a: Chandelure|Chandelure, M|261\/261
|-damage|p1a: Chandelure|196\/261|[from] Stealth Rock
|turn|12
|callback|decision
|
|switch|p2a: Umbreon|Umbreon, M|394\/394
|move|p1a: Chandelure|Overheat|p2a: Umbreon
|-damage|p2a: Umbreon|138\/394
|-unboost|p1a: Chandelure|spa|2
|
|turn|13
|callback|decision
|
|switch|p1a: Mienshao|Mienshao, M|271\/271
|-damage|p1a: Mienshao|255\/271|[from] Stealth Rock
|move|p2a: Umbreon|Foul Play|p1a: Mienshao
|-resisted|p1a: Mienshao
|-damage|p1a: Mienshao|137\/271
|
|turn|14
|callback|decision
|
|move|p1a: Mienshao|Hi Jump Kick|p2a: Umbreon
|-supereffective|p2a: Umbreon
|-damage|p2a: Umbreon|0 fnt
|faint|p2a: Umbreon
|
|callback|decision
|
|switch|p2a: Victini|Victini|341\/341
|turn|15
|callback|decision
|
|switch|p1a: Flygon|Flygon, F|206\/301
|-damage|p1a: Flygon|188\/301|[from] Stealth Rock
|move|p2a: Victini|Psychic|p1a: Flygon
|-damage|p1a: Flygon|22\/301
|
|turn|16
|callback|decision
|
|switch|p2a: Blastoise|Blastoise, M|53\/362
|move|p1a: Flygon|Earthquake|p2a: Blastoise
|-damage|p2a: Blastoise|0 fnt
|faint|p2a: Blastoise
|
|callback|decision
|
|switch|p2a: Rhyperior|Rhyperior, M|344\/434
|turn|17
|callback|decision
|
|move|p1a: Flygon|Earthquake|p2a: Rhyperior
|-supereffective|p2a: Rhyperior
|-damage|p2a: Rhyperior|168\/434
|move|p2a: Rhyperior|Rock Blast|p1a: Flygon|[miss]
|-miss|p2a: Rhyperior|p1a: Flygon
|
|-heal|p2a: Rhyperior|195\/434|[from] item: Leftovers
|turn|18
|callback|decision
|
|move|p1a: Flygon|Earthquake|p2a: Rhyperior
|-supereffective|p2a: Rhyperior
|-damage|p2a: Rhyperior|31\/434
|move|p2a: Rhyperior|Rock Blast|p1a: Flygon
|-resisted|p1a: Flygon
|-damage|p1a: Flygon|0 fnt
|-hitcount|p1a: Flygon|1
|faint|p1a: Flygon
|
|-heal|p2a: Rhyperior|58\/434|[from] item: Leftovers
|callback|decision
|
|switch|p1a: Azumarill|Azumarill, F|404\/404
|-damage|p1a: Azumarill|354\/404|[from] Stealth Rock
|turn|19
|callback|decision
|
|switch|p2a: Victini|Victini|341\/341
|move|p1a: Azumarill|Waterfall|p2a: Victini
|-supereffective|p2a: Victini
|-damage|p2a: Victini|0 fnt
|faint|p2a: Victini
|
|callback|decision
|
|switch|p2a: Roserade|Roserade, F|324\/324
|turn|20
|callback|decision
|
|move|p2a: Roserade|Spikes|p1a: Azumarill
|-sidestart|p1: Damnosaur|Spikes
|move|p1a: Azumarill|Waterfall|p2a: Roserade
|-resisted|p2a: Roserade
|-damage|p2a: Roserade|107\/324
|
|-heal|p2a: Roserade|127\/324|[from] item: Black Sludge
|turn|21
|callback|decision
|
|move|p2a: Roserade|Giga Drain|p1a: Azumarill
|-supereffective|p1a: Azumarill
|-damage|p1a: Azumarill|112\/404
|-heal|p2a: Roserade|248\/324|[from] drain|[of] p1a: Azumarill
|move|p1a: Azumarill|Waterfall|p2a: Roserade
|-resisted|p2a: Roserade
|-damage|p2a: Roserade|44\/324
|
|-heal|p2a: Roserade|64\/324|[from] item: Black Sludge
|turn|22
|callback|decision
|
|move|p2a: Roserade|Giga Drain|p1a: Azumarill
|-crit|p1a: Azumarill
|-supereffective|p1a: Azumarill
|-damage|p1a: Azumarill|0 fnt
|-heal|p2a: Roserade|120\/324|[from] drain|[of] p1a: Azumarill
|faint|p1a: Azumarill
|
|-heal|p2a: Roserade|140\/324|[from] item: Black Sludge
|callback|decision
|
|switch|p1a: Mienshao|Mienshao, M|227\/271
|-damage|p1a: Mienshao|211\/271|[from] Stealth Rock
|-damage|p1a: Mienshao|178\/271|[from] Spikes
|turn|23
|callback|decision
|
|move|p1a: Mienshao|Hi Jump Kick|p2a: Roserade
|-resisted|p2a: Roserade
|-damage|p2a: Roserade|0 fnt
|faint|p2a: Roserade
|
|callback|decision
|
|switch|p2a: Rhyperior|Rhyperior, M|58\/434
|turn|24
|callback|decision
|chat|Damnosaur|gg
|
|move|p1a: Mienshao|Hi Jump Kick|p2a: Rhyperior
|-supereffective|p2a: Rhyperior
|-damage|p2a: Rhyperior|0 fnt
|faint|p2a: Rhyperior
|
|win|Damnosaur
|raw|Ladder updating...
|raw|Damnosaur's rating: 1691 &rarr; <strong>1697<\/strong><br \/>(+6 for winning)
|raw|tmarichards's rating: 1792 &rarr; <strong>1786<\/strong><br \/>(-6 for losing)
|leave|tmarichards
|player|p2