|join|Damnosaur
|join|Clauslever
|player|p1|Damnosaur|170
|player|p2|Clauslever|169
|gametype|singles
|tier|UU
|rated
|rule|Sleep Clause Mod: Limit one foe put to sleep
|rule|Species Clause: Limit one of each Pokemon
|rule|OHKO Clause: OHKO moves are banned
|rule|Moody Clause: Moody is banned
|rule|Evasion Moves Clause: Evasion moves are banned
|rule|HP Percentage Mod: HP is reported as percentages
|rule|Evasion Abilities Clause: Evasion abilities are banned
|clearpoke
|poke|p1|Shaymin
|poke|p1|Exeggutor, F
|poke|p1|Roserade, F
|poke|p1|Ferroseed, F
|poke|p1|Cradily, M
|poke|p1|Sceptile, M
|poke|p2|Umbreon, F
|poke|p2|Mew, shiny
|poke|p2|Ambipom, F
|poke|p2|Yanmega, F
|poke|p2|Empoleon, M
|poke|p2|Porygon-Z, shiny
|teampreview
|callback|decision
|
|start
|switch|p1a: Ferroseed|Ferroseed, F|292\/292
|switch|p2a: Mew|Mew, shiny|389\/389
|turn|1
|callback|decision
|chat|Clauslever|if I lose, I delete my entire team :D
|
|move|p2a: Mew|Flamethrower|p1a: Ferroseed
|-supereffective|p1a: Ferroseed
|-damage|p1a: Ferroseed|132\/292
|move|p1a: Ferroseed|Thunder Wave|p2a: Mew
|-status|p2a: Mew|par
|-status|p1a: Ferroseed|par
|
|turn|2
|callback|decision
|
|switch|p1a: Cradily|Cradily, M|376\/376
|cant|p2a: Mew|par
|
|turn|3
|callback|decision
|
|move|p1a: Cradily|Stealth Rock|p2a: Mew
|-sidestart|p2: Clauslever|move: Stealth Rock
|cant|p2a: Mew|par
|
|turn|4
|callback|decision
|
|move|p1a: Cradily|Seed Bomb|p2a: Mew
|-damage|p2a: Mew|311\/389 par
|cant|p2a: Mew|par
|
|-heal|p2a: Mew|335\/389 par|[from] item: Leftovers
|turn|5
|callback|decision
|chat|Clauslever|lol....
|
|move|p1a: Cradily|Rock Slide|p2a: Mew
|-damage|p2a: Mew|269\/389 par
|cant|p2a: Mew|par
|
|-heal|p2a: Mew|293\/389 par|[from] item: Leftovers
|turn|6
|callback|decision
|chat|Clauslever|the hax
|chat|Clauslever|4 times in a row
|chat|Damnosaur|not bad
|
|move|p1a: Cradily|Rock Slide|p2a: Mew
|-damage|p2a: Mew|226\/389 par
|cant|p2a: Mew|par
|
|-heal|p2a: Mew|250\/389 par|[from] item: Leftovers
|turn|7
|callback|decision
|
|move|p1a: Cradily|Rock Slide|p2a: Mew
|-damage|p2a: Mew|174\/389 par
|cant|p2a: Mew|par
|
|-heal|p2a: Mew|198\/389 par|[from] item: Leftovers
|turn|8
|callback|decision
|chat|Clauslever|this must be a record
|chat|Damnosaur|now i feel bad
|chat|Clauslever|xD
|
|move|p1a: Cradily|Rock Slide|p2a: Mew
|-damage|p2a: Mew|123\/389 par
|cant|p2a: Mew|par
|
|-heal|p2a: Mew|147\/389 par|[from] item: Leftovers
|turn|9
|callback|decision
|chat|Clauslever|6
|
|move|p1a: Cradily|Rock Slide|p2a: Mew
|-damage|p2a: Mew|71\/389 par
|move|p2a: Mew|Flamethrower|p1a: Cradily
|-damage|p1a: Cradily|320\/376
|
|-heal|p1a: Cradily|343\/376|[from] item: Leftovers
|-heal|p2a: Mew|95\/389 par|[from] item: Leftovers
|turn|10
|callback|decision
|chat|Clauslever|7
|
|move|p1a: Cradily|Rock Slide|p2a: Mew
|-damage|p2a: Mew|26\/389 par
|move|p2a: Mew|Stealth Rock|p1a: Cradily
|-sidestart|p1: Damnosaur|move: Stealth Rock
|
|-heal|p1a: Cradily|366\/376|[from] item: Leftovers
|-heal|p2a: Mew|50\/389 par|[from] item: Leftovers
|turn|11
|callback|decision
|
|move|p1a: Cradily|Seed Bomb|p2a: Mew
|-damage|p2a: Mew|0 fnt
|faint|p2a: Mew
|
|-heal|p1a: Cradily|376\/376|[from] item: Leftovers
|callback|decision
|
|switch|p2a: Yanmega|Yanmega, F|314\/314
|-damage|p2a: Yanmega|157\/314|[from] Stealth Rock
|turn|12
|callback|decision
|
|move|p2a: Yanmega|Air Slash|p1a: Cradily
|-damage|p1a: Cradily|285\/376
|move|p1a: Cradily|Rock Slide|p2a: Yanmega
|-supereffective|p2a: Yanmega
|-damage|p2a: Yanmega|0 fnt
|faint|p2a: Yanmega
|
|-heal|p1a: Cradily|308\/376|[from] item: Leftovers
|callback|decision
|
|switch|p2a: Porygon-Z|Porygon-Z, shiny|312\/312
|-damage|p2a: Porygon-Z|273\/312|[from] Stealth Rock
|turn|13
|callback|decision
|
|move|p2a: Porygon-Z|Ice Beam|p1a: Cradily
|-supereffective|p1a: Cradily
|-damage|p1a: Cradily|126\/376
|move|p1a: Cradily|Seed Bomb|p2a: Porygon-Z
|-damage|p2a: Porygon-Z|164\/312
|
|-heal|p1a: Cradily|149\/376|[from] item: Leftovers
|turn|14
|callback|decision
|
|move|p2a: Porygon-Z|Ice Beam|p1a: Cradily
|-supereffective|p1a: Cradily
|-damage|p1a: Cradily|0 fnt
|faint|p1a: Cradily
|
|callback|decision
|
|switch|p1a: Sceptile|Sceptile, M|282\/282
|-damage|p1a: Sceptile|247\/282|[from] Stealth Rock
|turn|15
|callback|decision
|
|move|p1a: Sceptile|Brick Break|p2a: Porygon-Z
|-supereffective|p2a: Porygon-Z
|-damage|p2a: Porygon-Z|0 fnt
|faint|p2a: Porygon-Z
|
|callback|decision
|
|switch|p2a: Ambipom|Ambipom, F|292\/292
|-damage|p2a: Ambipom|256\/292|[from] Stealth Rock
|turn|16
|callback|decision
|chat|Clauslever|well, gg!
|chat|Clauslever|7 paras in a row. bye bye team
|
|switch|p1a: Ferroseed|Ferroseed, F|132\/292 par
|-damage|p1a: Ferroseed|114\/292 par|[from] Stealth Rock
|move|p2a: Ambipom|Fake Out|p1a: Ferroseed
|-resisted|p1a: Ferroseed
|-damage|p1a: Ferroseed|69\/292 par
|-damage|p2a: Ambipom|220\/292|[from] ability: Iron Barbs|[of] p1a: Ferroseed
|
|turn|17
|callback|decision
|chat|Damnosaur|sorry about that though
|chat|Damnosaur|haha
|chat|Clauslever|not your fault
|
|move|p2a: Ambipom|Low Sweep|p1a: Ferroseed
|-supereffective|p1a: Ferroseed
|-damage|p1a: Ferroseed|0 fnt
|-damage|p2a: Ambipom|184\/292|[from] ability: Iron Barbs|[of] p1a: Ferroseed
|faint|p1a: Ferroseed
|
|callback|decision
|
|switch|p1a: Sceptile|Sceptile, M|247\/282
|-damage|p1a: Sceptile|212\/282|[from] Stealth Rock
|turn|18
|callback|decision
|
|switch|p2a: Umbreon|Umbreon, F|394\/394
|-damage|p2a: Umbreon|345\/394|[from] Stealth Rock
|move|p1a: Sceptile|Brick Break|p2a: Umbreon
|-supereffective|p2a: Umbreon
|-damage|p2a: Umbreon|225\/394
|
|-heal|p2a: Umbreon|249\/394|[from] item: Leftovers
|turn|19
|callback|decision
|
|switch|p1a: Roserade|Roserade, F|262\/262
|-damage|p1a: Roserade|230\/262|[from] Stealth Rock
|move|p2a: Umbreon|Wish|p2a: Umbreon
|
|-heal|p2a: Umbreon|273\/394|[from] item: Leftovers
|turn|20
|callback|decision
|
|move|p1a: Roserade|Toxic Spikes|p2a: Umbreon
|-sidestart|p2: Clauslever|move: Toxic Spikes
|move|p2a: Umbreon|Toxic|p1a: Roserade
|
|-heal|p2a: Umbreon|394\/394|[from] move: Wish|[wisher] Umbreon
|turn|21
|callback|decision
|
|switch|p2a: Ambipom|Ambipom, F|184\/292
|-status|p2a: Ambipom|psn
|-damage|p2a: Ambipom|148\/292 psn|[from] Stealth Rock
|move|p1a: Roserade|Toxic Spikes|p2a: Ambipom
|-sidestart|p2: Clauslever|move: Toxic Spikes
|
|-damage|p2a: Ambipom|112\/292 psn|[from] psn
|turn|22
|callback|decision
|
|switch|p1a: Exeggutor|Exeggutor, F|394\/394
|-damage|p1a: Exeggutor|345\/394|[from] Stealth Rock
|move|p2a: Ambipom|Fake Out|p1a: Exeggutor
|-damage|p1a: Exeggutor|245\/394
|
|-damage|p2a: Ambipom|76\/292 psn|[from] psn
|turn|23
|callback|decision
|
|move|p2a: Ambipom|Return|p1a: Exeggutor
|-crit|p1a: Exeggutor
|-damage|p1a: Exeggutor|0 fnt
|faint|p1a: Exeggutor
|
|-damage|p2a: Ambipom|40\/292 psn|[from] psn
|callback|decision
|
|switch|p1a: Sceptile|Sceptile, M|212\/282
|-damage|p1a: Sceptile|177\/282|[from] Stealth Rock
|turn|24
|callback|decision
|
|move|p1a: Sceptile|Brick Break|p2a: Ambipom
|-supereffective|p2a: Ambipom
|-damage|p2a: Ambipom|0 fnt
|faint|p2a: Ambipom
|
|callback|decision
|
|switch|p2a: Empoleon|Empoleon, M|356\/356
|-damage|p2a: Empoleon|334\/356|[from] Stealth Rock
|turn|25
|callback|decision
|
|move|p1a: Sceptile|Swords Dance|p1a: Sceptile
|-boost|p1a: Sceptile|atk|2
|move|p2a: Empoleon|Ice Beam|p1a: Sceptile
|-supereffective|p1a: Sceptile
|-damage|p1a: Sceptile|0 fnt
|faint|p1a: Sceptile
|
|-heal|p2a: Empoleon|356\/356|[from] item: Leftovers
|callback|decision
|
|switch|p1a: Shaymin|Shaymin|341\/341
|-damage|p1a: Shaymin|299\/341|[from] Stealth Rock
|turn|26
|callback|decision
|
|move|p1a: Shaymin|Seed Flare|p2a: Empoleon
|-damage|p2a: Empoleon|158\/356
|-damage|p1a: Shaymin|265\/341|[from] item: Life Orb
|move|p2a: Empoleon|Ice Beam|p1a: Shaymin
|-supereffective|p1a: Shaymin
|-damage|p1a: Shaymin|75\/341
|
|-heal|p2a: Empoleon|180\/356|[from] item: Leftovers
|turn|27
|callback|decision
|
|switch|p2a: Umbreon|Umbreon, F|394\/394
|-damage|p2a: Umbreon|345\/394|[from] Stealth Rock
|-status|p2a: Umbreon|tox
|move|p1a: Shaymin|Earth Power|p2a: Umbreon
|-damage|p2a: Umbreon|265\/394 tox
|-damage|p1a: Shaymin|41\/341|[from] item: Life Orb
|
|-heal|p2a: Umbreon|289\/394 tox|[from] item: Leftovers
|-damage|p2a: Umbreon|265\/394 tox|[from] psn
|turn|28
|callback|decision
|
|move|p1a: Shaymin|Rest|p1a: Shaymin
|-status|p1a: Shaymin|slp
|-heal|p1a: Shaymin|341\/341 slp|[silent]
|-status|p1a: Shaymin|slp|[from] move: Rest
|move|p2a: Umbreon|Wish|p2a: Umbreon
|
|-heal|p2a: Umbreon|289\/394 tox|[from] item: Leftovers
|-damage|p2a: Umbreon|241\/394 tox|[from] psn
|turn|29
|callback|decision
|
|switch|p1a: Roserade|Roserade, F|230\/262
|-damage|p1a: Roserade|198\/262|[from] Stealth Rock
|switch|p2a: Empoleon|Empoleon, M|180\/356
|-damage|p2a: Empoleon|158\/356|[from] Stealth Rock
|
|-heal|p2a: Empoleon|355\/356|[from] move: Wish|[wisher] Umbreon
|-heal|p2a: Empoleon|356\/356|[from] item: Leftovers
|turn|30
|callback|decision
|
|move|p1a: Roserade|Leaf Storm|p2a: Empoleon
|-damage|p2a: Empoleon|58\/356
|-unboost|p1a: Roserade|spa|2
|-damage|p1a: Roserade|172\/262|[from] item: Life Orb
|move|p2a: Empoleon|Ice Beam|p1a: Roserade
|-crit|p1a: Roserade
|-supereffective|p1a: Roserade
|-damage|p1a: Roserade|0 fnt
|faint|p1a: Roserade
|
|-heal|p2a: Empoleon|80\/356|[from] item: Leftovers
|callback|decision
|
|switch|p1a: Shaymin|Shaymin|341\/341
|-damage|p1a: Shaymin|299\/341|[from] Stealth Rock
|turn|31
|callback|decision
|
|switch|p2a: Umbreon|Umbreon, F|241\/394 tox
|-damage|p2a: Umbreon|192\/394 tox|[from] Stealth Rock
|move|p1a: Shaymin|Seed Flare|p2a: Umbreon|[miss]
|-miss|p1a: Shaymin|p2a: Umbreon
|
|-heal|p2a: Umbreon|216\/394 tox|[from] item: Leftovers
|-damage|p2a: Umbreon|192\/394 tox|[from] psn
|turn|32
|callback|decision
|
|move|p1a: Shaymin|Seed Flare|p2a: Umbreon
|-damage|p2a: Umbreon|42\/394 tox
|-unboost|p2a: Umbreon|spd|2
|-damage|p1a: Shaymin|265\/341|[from] item: Life Orb
|move|p2a: Umbreon|Wish|p2a: Umbreon
|
|-heal|p2a: Umbreon|66\/394 tox|[from] item: Leftovers
|-damage|p2a: Umbreon|18\/394 tox|[from] psn
|turn|33
|callback|decision
|
|move|p1a: Shaymin|Earth Power|p2a: Umbreon
|-damage|p2a: Umbreon|0 fnt
|-damage|p1a: Shaymin|231\/341|[from] item: Life Orb
|faint|p2a: Umbreon
|
|callback|decision
|
|switch|p2a: Empoleon|Empoleon, M|80\/356
|-damage|p2a: Empoleon|58\/356|[from] Stealth Rock
|turn|34
|callback|decision
|
|move|p1a: Shaymin|Earth Power|p2a: Empoleon
|-supereffective|p2a: Empoleon
|-damage|p2a: Empoleon|0 fnt
|-damage|p1a: Shaymin|197\/341|[from] item: Life Orb
|faint|p2a: Empoleon
|
|win|Damnosaur
|raw|Ladder updating...
|raw|Damnosaur's rating: 1521 &rarr; <strong>1555<\/strong><br \/>(+34 for winning)
|raw|Clauslever's rating: 1569 &rarr; <strong>1487<\/strong><br \/>(-82 for losing)