|join|mighur10
|join|Damnosaur
|player|p1|mighur10|68
|player|p2|Damnosaur|220
|gametype|singles
|tier|UU
|rated
|rule|Sleep Clause Mod: Limit one foe put to sleep
|rule|Species Clause: Limit one of each Pokemon
|rule|OHKO Clause: OHKO moves are banned
|rule|Moody Clause: Moody is banned
|rule|Evasion Moves Clause: Evasion moves are banned
|rule|HP Percentage Mod: HP is reported as percentages
|rule|Evasion Abilities Clause: Evasion abilities are banned
|clearpoke
|poke|p1|Umbreon, F
|poke|p1|Gligar, M
|poke|p1|Darmanitan, F
|poke|p1|Raikou, shiny
|poke|p1|Virizion
|poke|p1|Blastoise, F
|poke|p2|Azumarill, M
|poke|p2|Flygon, M
|poke|p2|Chandelure, M
|poke|p2|Porygon-Z
|poke|p2|Raikou
|poke|p2|Heracross, M
|teampreview
|callback|decision
|
|start
|switch|p1a: Darmanitan|Darmanitan, F|352\/352
|switch|p2a: Porygon-Z|Porygon-Z|312\/312
|turn|1
|callback|decision
|
|switch|p2a: Chandelure|Chandelure, M|261\/261
|move|p1a: Darmanitan|U-turn|p2a: Chandelure
|-resisted|p2a: Chandelure
|-damage|p2a: Chandelure|236\/261
|callback|decision
|
|switch|p1a: Umbreon|Umbreon, F|394\/394
|
|turn|2
|callback|decision
|
|switch|p2a: Porygon-Z|Porygon-Z|312\/312
|move|p1a: Umbreon|Wish|p1a: Umbreon
|
|turn|3
|callback|decision
|
|move|p2a: Porygon-Z|Tri Attack|p1a: Umbreon
|-damage|p1a: Umbreon|220\/394
|move|p1a: Umbreon|Foul Play|p2a: Porygon-Z
|-damage|p2a: Porygon-Z|192\/312
|
|-heal|p1a: Umbreon|394\/394|[from] move: Wish|[wisher] Umbreon
|turn|4
|callback|decision
|
|move|p2a: Porygon-Z|Tri Attack|p1a: Umbreon
|-damage|p1a: Umbreon|206\/394
|move|p1a: Umbreon|Wish|p1a: Umbreon
|
|-heal|p1a: Umbreon|230\/394|[from] item: Leftovers
|turn|5
|callback|decision
|
|switch|p2a: Raikou|Raikou|322\/322
|-ability|p2a: Raikou|Pressure
|move|p1a: Umbreon|Foul Play|p2a: Raikou
|-damage|p2a: Raikou|213\/322
|
|-heal|p1a: Umbreon|394\/394|[from] move: Wish|[wisher] Umbreon
|turn|6
|callback|decision
|
|move|p2a: Raikou|Hidden Power|p1a: Umbreon
|-damage|p1a: Umbreon|344\/394
|move|p1a: Umbreon|Wish|p1a: Umbreon
|
|-heal|p1a: Umbreon|368\/394|[from] item: Leftovers
|turn|7
|callback|decision
|
|switch|p2a: Porygon-Z|Porygon-Z|192\/312
|move|p1a: Umbreon|Foul Play|p2a: Porygon-Z
|-damage|p2a: Porygon-Z|83\/312
|
|-heal|p1a: Umbreon|394\/394|[from] move: Wish|[wisher] Umbreon
|turn|8
|callback|decision
|
|move|p2a: Porygon-Z|Trick|p1a: Umbreon
|-activate|p2a: Porygon-Z|move: Trick|[of] p1a: Umbreon
|-item|p1a: Umbreon|Choice Specs|[from] move: Trick
|-item|p2a: Porygon-Z|Leftovers|[from] move: Trick
|move|p1a: Umbreon|Wish|p1a: Umbreon
|
|-heal|p2a: Porygon-Z|102\/312|[from] item: Leftovers
|turn|9
|callback|decision
|
|switch|p1a: Raikou|Raikou, shiny|322\/322
|-ability|p1a: Raikou|Pressure
|move|p2a: Porygon-Z|Tri Attack|p1a: Raikou
|-damage|p1a: Raikou|106\/322
|
|-heal|p1a: Raikou|303\/322|[from] move: Wish|[wisher] Umbreon
|-heal|p2a: Porygon-Z|121\/312|[from] item: Leftovers
|turn|10
|callback|decision
|
|switch|p2a: Flygon|Flygon, M|301\/301
|move|p1a: Raikou|Aura Sphere|p2a: Flygon
|-damage|p2a: Flygon|120\/301
|
|turn|11
|callback|decision
|
|switch|p1a: Gligar|Gligar, M|334\/334
|move|p2a: Flygon|U-turn|p1a: Gligar
|-resisted|p1a: Gligar
|-damage|p1a: Gligar|317\/334
|callback|decision
|
|switch|p2a: Porygon-Z|Porygon-Z|121\/312
|
|-heal|p2a: Porygon-Z|140\/312|[from] item: Leftovers
|turn|12
|callback|decision
|
|switch|p1a: Umbreon|Umbreon, F|394\/394
|move|p2a: Porygon-Z|Ice Beam|p1a: Umbreon
|-crit|p1a: Umbreon
|-damage|p1a: Umbreon|262\/394
|
|-heal|p2a: Porygon-Z|159\/312|[from] item: Leftovers
|turn|13
|callback|decision
|
|move|p2a: Porygon-Z|Tri Attack|p1a: Umbreon
|-damage|p1a: Umbreon|152\/394
|move|p1a: Umbreon|Foul Play|p2a: Porygon-Z
|-crit|p2a: Porygon-Z
|-damage|p2a: Porygon-Z|0 fnt
|faint|p2a: Porygon-Z
|
|callback|decision
|
|switch|p2a: Chandelure|Chandelure, M|236\/261
|turn|14
|callback|decision
|
|move|p2a: Chandelure|Fire Blast|p1a: Umbreon
|-damage|p1a: Umbreon|0 fnt
|faint|p1a: Umbreon
|
|callback|decision
|
|switch|p1a: Blastoise|Blastoise, F|362\/362
|turn|15
|callback|decision
|
|switch|p2a: Heracross|Heracross, M|301\/301
|move|p1a: Blastoise|Scald|p2a: Heracross
|-damage|p2a: Heracross|217\/301
|
|turn|16
|callback|decision
|
|move|p2a: Heracross|Close Combat|p1a: Blastoise
|-damage|p1a: Blastoise|127\/362
|-unboost|p2a: Heracross|def|1
|-unboost|p2a: Heracross|spd|1
|move|p1a: Blastoise|Scald|p2a: Heracross
|-damage|p2a: Heracross|99\/301
|
|-heal|p1a: Blastoise|149\/362|[from] item: Leftovers
|turn|17
|callback|decision
|
|switch|p1a: Gligar|Gligar, M|317\/334
|move|p2a: Heracross|Close Combat|p1a: Gligar
|-resisted|p1a: Gligar
|-damage|p1a: Gligar|240\/334
|-unboost|p2a: Heracross|def|1
|-unboost|p2a: Heracross|spd|1
|
|turn|18
|callback|decision
|
|switch|p2a: Chandelure|Chandelure, M|236\/261
|move|p1a: Gligar|Stealth Rock|p2a: Chandelure
|-sidestart|p2: Damnosaur|move: Stealth Rock
|
|turn|19
|callback|decision
|
|switch|p1a: Blastoise|Blastoise, F|149\/362
|move|p2a: Chandelure|Overheat|p1a: Blastoise
|-resisted|p1a: Blastoise
|-damage|p1a: Blastoise|0 fnt
|-unboost|p2a: Chandelure|spa|2
|faint|p1a: Blastoise
|
|callback|decision
|
|switch|p1a: Darmanitan|Darmanitan, F|352\/352
|turn|20
|callback|decision
|
|switch|p2a: Flygon|Flygon, M|120\/301
|-damage|p2a: Flygon|102\/301|[from] Stealth Rock
|move|p1a: Darmanitan|Earthquake|p2a: Flygon
|-immune|p2a: Flygon|[msg]
|
|turn|21
|callback|decision
|
|switch|p1a: Gligar|Gligar, M|240\/334
|move|p2a: Flygon|U-turn|p1a: Gligar
|-resisted|p1a: Gligar
|-damage|p1a: Gligar|224\/334
|callback|decision
|
|switch|p2a: Chandelure|Chandelure, M|236\/261
|-damage|p2a: Chandelure|171\/261|[from] Stealth Rock
|
|turn|22
|callback|decision
|
|move|p2a: Chandelure|Shadow Ball|p1a: Gligar
|-crit|p1a: Gligar
|-damage|p1a: Gligar|0 fnt
|faint|p1a: Gligar
|
|callback|decision
|
|switch|p1a: Virizion|Virizion|324\/324
|turn|23
|callback|decision
|
|switch|p2a: Raikou|Raikou|213\/322
|-damage|p2a: Raikou|173\/322|[from] Stealth Rock
|-ability|p2a: Raikou|Pressure
|move|p1a: Virizion|Stone Edge|p2a: Raikou
|-damage|p2a: Raikou|11\/322
|-damage|p1a: Virizion|292\/324|[from] item: Life Orb
|
|turn|24
|callback|decision
|
|switch|p1a: Raikou|Raikou, shiny|303\/322
|-ability|p1a: Raikou|Pressure
|move|p2a: Raikou|Extrasensory|p1a: Raikou
|-damage|p1a: Raikou|203\/322
|
|turn|25
|callback|decision
|
|move|p2a: Raikou|Extrasensory|p1a: Raikou
|-damage|p1a: Raikou|104\/322
|move|p1a: Raikou|Volt Switch|p2a: Raikou
|-resisted|p2a: Raikou
|-damage|p2a: Raikou|0 fnt
|faint|p2a: Raikou
|callback|decision
|
|switch|p1a: Virizion|Virizion|292\/324
|
|callback|decision
|
|switch|p2a: Flygon|Flygon, M|102\/301
|-damage|p2a: Flygon|84\/301|[from] Stealth Rock
|turn|26
|callback|decision
|
|move|p2a: Flygon|Outrage|p1a: Virizion
|-damage|p1a: Virizion|60\/324
|move|p1a: Virizion|Leaf Blade|p2a: Flygon
|-damage|p2a: Flygon|0 fnt
|-damage|p1a: Virizion|28\/324|[from] item: Life Orb
|faint|p2a: Flygon
|
|callback|decision
|
|switch|p2a: Azumarill|Azumarill, M|404\/404
|-damage|p2a: Azumarill|354\/404|[from] Stealth Rock
|turn|27
|callback|decision
|
|move|p2a: Azumarill|Aqua Jet|p1a: Virizion
|-crit|p1a: Virizion
|-resisted|p1a: Virizion
|-damage|p1a: Virizion|0 fnt
|faint|p1a: Virizion
|
|callback|decision
|
|switch|p1a: Raikou|Raikou, shiny|104\/322
|-ability|p1a: Raikou|Pressure
|turn|28
|callback|decision
|
|move|p2a: Azumarill|Aqua Jet|p1a: Raikou
|-damage|p1a: Raikou|0 fnt
|faint|p1a: Raikou
|
|callback|decision
|
|switch|p1a: Darmanitan|Darmanitan, F|352\/352
|turn|29
|callback|decision
|
|move|p2a: Azumarill|Aqua Jet|p1a: Darmanitan
|-supereffective|p1a: Darmanitan
|-damage|p1a: Darmanitan|0 fnt
|faint|p1a: Darmanitan
|
|win|Damnosaur
|raw|Ladder updating...
|raw|mighur10's rating: 1814 &rarr; <strong>1808<\/strong><br \/>(-6 for losing)
|raw|Damnosaur's rating: 1715 &rarr; <strong>1720<\/strong><br \/>(+5 for winning)
|leave|mighur10
|player|p1