|join|Damnosaur
|join|Laichzeit
|player|p1|Damnosaur|220
|player|p2|Laichzeit|102
|gametype|singles
|tier|UU
|rated
|rule|Sleep Clause Mod: Limit one foe put to sleep
|rule|Species Clause: Limit one of each Pokemon
|rule|OHKO Clause: OHKO moves are banned
|rule|Moody Clause: Moody is banned
|rule|Evasion Moves Clause: Evasion moves are banned
|rule|HP Percentage Mod: HP is reported as percentages
|rule|Evasion Abilities Clause: Evasion abilities are banned
|clearpoke
|poke|p1|Azumarill, M
|poke|p1|Flygon, M
|poke|p1|Chandelure, M
|poke|p1|Mienshao, F
|poke|p1|Porygon-Z
|poke|p1|Heracross, M
|poke|p2|Victini
|poke|p2|Roserade, M
|poke|p2|Azumarill, F
|poke|p2|Rhyperior, F
|poke|p2|Sableye, F
|poke|p2|Mienshao, F
|teampreview
|callback|decision
|
|start
|switch|p1a: Chandelure|Chandelure, M|261\/261
|switch|p2a: Victini|Victini|341\/341
|turn|1
|callback|decision
|
|switch|p2a: Azumarill|Azumarill, F|404\/404
|move|p1a: Chandelure|Shadow Ball|p2a: Azumarill
|-damage|p2a: Azumarill|103\/404
|
|turn|2
|callback|decision
|
|switch|p1a: Azumarill|Azumarill, M|404\/404
|move|p2a: Azumarill|Aqua Jet|p1a: Azumarill
|-resisted|p1a: Azumarill
|-damage|p1a: Azumarill|336\/404
|
|turn|3
|callback|decision
|
|switch|p2a: Sableye|Sableye, F|304\/304
|move|p1a: Azumarill|Waterfall|p2a: Sableye
|-damage|p2a: Sableye|87\/304
|
|-heal|p2a: Sableye|106\/304|[from] item: Leftovers
|turn|4
|callback|decision
|
|switch|p1a: Heracross|Heracross, M|301\/301
|move|p2a: Sableye|Foul Play|p1a: Heracross
|-resisted|p1a: Heracross
|-damage|p1a: Heracross|146\/301
|
|-heal|p2a: Sableye|125\/304|[from] item: Leftovers
|turn|5
|callback|decision
|
|move|p2a: Sableye|Recover|p2a: Sableye
|-heal|p2a: Sableye|277\/304
|move|p1a: Heracross|Stone Edge|p2a: Sableye
|-damage|p2a: Sableye|115\/304
|
|-heal|p2a: Sableye|134\/304|[from] item: Leftovers
|turn|6
|callback|decision
|
|switch|p1a: Chandelure|Chandelure, M|261\/261
|switch|p2a: Rhyperior|Rhyperior, F|433\/433
|
|turn|7
|callback|decision
|
|switch|p2a: Mienshao|Mienshao, F|271\/271
|move|p1a: Chandelure|Energy Ball|p2a: Mienshao
|-damage|p2a: Mienshao|29\/271
|
|turn|8
|callback|decision
|
|switch|p1a: Flygon|Flygon, M|301\/301
|move|p2a: Mienshao|Stone Edge|p1a: Flygon
|-resisted|p1a: Flygon
|-damage|p1a: Flygon|226\/301
|
|turn|9
|callback|decision
|
|switch|p2a: Roserade|Roserade, M|261\/261
|move|p1a: Flygon|U-turn|p2a: Roserade
|-damage|p2a: Roserade|143\/261
|callback|decision
|
|switch|p1a: Mienshao|Mienshao, F|271\/271
|
|turn|10
|callback|decision
|
|move|p1a: Mienshao|U-turn|p2a: Roserade
|-damage|p2a: Roserade|10\/261
|callback|decision
|
|switch|p1a: Heracross|Heracross, M|146\/301
|move|p2a: Roserade|Sludge Bomb|p1a: Heracross
|-damage|p1a: Heracross|0 fnt
|-damage|p2a: Roserade|0 fnt|[from] item: Life Orb
|faint|p1a: Heracross
|faint|p2a: Roserade
|
|callback|decision
|
|switch|p2a: Mienshao|Mienshao, F|29\/271
|switch|p1a: Porygon-Z|Porygon-Z|312\/312
|turn|11
|callback|decision
|
|switch|p1a: Chandelure|Chandelure, M|261\/261
|move|p2a: Mienshao|U-turn|p1a: Chandelure
|-resisted|p1a: Chandelure
|-damage|p1a: Chandelure|238\/261
|-status|p2a: Mienshao|brn
|callback|decision
|
|switch|p2a: Azumarill|Azumarill, F|103\/404
|
|turn|12
|callback|decision
|chat|Laichzeit|lol
|chat|Laichzeit|wow
|
|switch|p1a: Azumarill|Azumarill, M|336\/404
|switch|p2a: Sableye|Sableye, F|134\/304
|
|-heal|p2a: Sableye|153\/304|[from] item: Leftovers
|turn|13
|callback|decision
|
|switch|p1a: Chandelure|Chandelure, M|238\/261
|move|p2a: Sableye|Foul Play|p1a: Chandelure
|-supereffective|p1a: Chandelure
|-damage|p1a: Chandelure|110\/261
|-status|p2a: Sableye|brn
|
|-heal|p2a: Sableye|172\/304 brn|[from] item: Leftovers
|-damage|p2a: Sableye|134\/304 brn|[from] brn
|turn|14
|callback|decision
|chat|Laichzeit|stop
|
|switch|p2a: Mienshao|Mienshao, F|29\/271 brn
|move|p1a: Chandelure|Fire Blast|p2a: Mienshao
|-damage|p2a: Mienshao|0 fnt
|faint|p2a: Mienshao
|
|callback|decision
|
|switch|p2a: Victini|Victini|341\/341
|turn|15
|callback|decision
|
|switch|p1a: Flygon|Flygon, M|226\/301
|move|p2a: Victini|V-create|p1a: Flygon
|-resisted|p1a: Flygon
|-damage|p1a: Flygon|0 fnt
|-unboost|p2a: Victini|def|1
|-unboost|p2a: Victini|spd|1
|-unboost|p2a: Victini|spe|1
|faint|p1a: Flygon
|
|callback|decision
|
|switch|p1a: Azumarill|Azumarill, M|336\/404
|turn|16
|callback|decision
|
|switch|p2a: Rhyperior|Rhyperior, F|433\/433
|move|p1a: Azumarill|Waterfall|p2a: Rhyperior
|-crit|p2a: Rhyperior
|-supereffective|p2a: Rhyperior
|-damage|p2a: Rhyperior|0 fnt
|faint|p2a: Rhyperior
|
|callback|decision
|
|switch|p2a: Victini|Victini|341\/341
|turn|17
|callback|decision
|
|switch|p1a: Mienshao|Mienshao, F|271\/271
|move|p2a: Victini|Bolt Strike|p1a: Mienshao
|-damage|p1a: Mienshao|0 fnt
|faint|p1a: Mienshao
|
|callback|decision
|
|switch|p1a: Azumarill|Azumarill, M|336\/404
|turn|18
|callback|decision
|
|move|p1a: Azumarill|Aqua Jet|p2a: Victini
|-supereffective|p2a: Victini
|-damage|p2a: Victini|95\/341
|move|p2a: Victini|Bolt Strike|p1a: Azumarill
|-supereffective|p1a: Azumarill
|-damage|p1a: Azumarill|0 fnt
|faint|p1a: Azumarill
|
|callback|decision
|
|switch|p1a: Porygon-Z|Porygon-Z|312\/312
|turn|19
|callback|decision
|
|switch|p2a: Sableye|Sableye, F|134\/304 brn
|move|p1a: Porygon-Z|Dark Pulse|p2a: Sableye
|-damage|p2a: Sableye|1\/304 brn
|
|-heal|p2a: Sableye|20\/304 brn|[from] item: Leftovers
|-damage|p2a: Sableye|0 fnt|[from] brn
|faint|p2a: Sableye
|callback|decision
|
|switch|p2a: Azumarill|Azumarill, F|103\/404
|turn|20
|callback|decision
|
|switch|p1a: Chandelure|Chandelure, M|110\/261
|move|p2a: Azumarill|Aqua Jet|p1a: Chandelure
|-supereffective|p1a: Chandelure
|-damage|p1a: Chandelure|0 fnt
|faint|p1a: Chandelure
|
|callback|decision
|
|switch|p1a: Porygon-Z|Porygon-Z|312\/312
|turn|21
|callback|decision
|
|move|p2a: Azumarill|Aqua Jet|p1a: Porygon-Z
|-crit|p1a: Porygon-Z
|-damage|p1a: Porygon-Z|20\/312
|move|p1a: Porygon-Z|Tri Attack|p2a: Azumarill
|-damage|p2a: Azumarill|0 fnt
|faint|p2a: Azumarill
|
|callback|decision
|
|switch|p2a: Victini|Victini|95\/341
|turn|22
|callback|decision
|
|move|p1a: Porygon-Z|Tri Attack|p2a: Victini
|-damage|p2a: Victini|0 fnt
|faint|p2a: Victini
|
|win|Damnosaur
|raw|Ladder updating...
|raw|Damnosaur's rating: 1685 &rarr; <strong>1688<\/strong><br \/>(+3 for winning)
|raw|Laichzeit's rating: 1437 &rarr; <strong>1414<\/strong><br \/>(-23 for losing)
|leave|Laichzeit
|player|p2