|join|Damnosaur
|join|TheSun
|player|p1|Damnosaur|220
|player|p2|TheSun|157
|gametype|singles
|tier|UU
|rated
|rule|Sleep Clause Mod: Limit one foe put to sleep
|rule|Species Clause: Limit one of each Pokemon
|rule|OHKO Clause: OHKO moves are banned
|rule|Moody Clause: Moody is banned
|rule|Evasion Moves Clause: Evasion moves are banned
|rule|HP Percentage Mod: HP is reported as percentages
|rule|Evasion Abilities Clause: Evasion abilities are banned
|clearpoke
|poke|p1|Azumarill, F
|poke|p1|Flygon, F
|poke|p1|Chandelure, M
|poke|p1|Porygon-Z
|poke|p1|Raikou
|poke|p1|Heracross, M
|poke|p2|Weavile, F
|poke|p2|Zapdos
|poke|p2|Mew
|poke|p2|Swampert, F
|poke|p2|Roserade, M
|poke|p2|Dusclops, F
|teampreview
|callback|decision
|
|start
|switch|p1a: Azumarill|Azumarill, F|404\/404
|switch|p2a: Roserade|Roserade, M|279\/279
|turn|1
|callback|decision
|
|switch|p1a: Chandelure|Chandelure, M|261\/261
|move|p2a: Roserade|Sleep Powder|p1a: Chandelure
|-status|p1a: Chandelure|slp
|
|turn|2
|callback|decision
|
|switch|p2a: Weavile|Weavile, F|282\/282
|-ability|p2a: Weavile|Pressure
|switch|p1a: Flygon|Flygon, F|301\/301
|
|turn|3
|callback|decision
|
|move|p1a: Flygon|U-turn|p2a: Weavile
|-supereffective|p2a: Weavile
|-damage|p2a: Weavile|78\/282
|callback|decision
|
|switch|p1a: Azumarill|Azumarill, F|404\/404
|move|p2a: Weavile|Beat Up|p1a: Azumarill
|-damage|p1a: Azumarill|371\/404
|-damage|p1a: Azumarill|343\/404
|-damage|p1a: Azumarill|312\/404
|-damage|p1a: Azumarill|279\/404
|-damage|p1a: Azumarill|254\/404
|-damage|p1a: Azumarill|230\/404
|-hitcount|p1a: Azumarill|6
|
|turn|4
|callback|decision
|
|switch|p2a: Swampert|Swampert, F|401\/401
|move|p1a: Azumarill|Aqua Jet|p2a: Swampert
|-damage|p2a: Swampert|308\/401
|
|-heal|p2a: Swampert|333\/401|[from] item: Leftovers
|turn|5
|callback|decision
|
|switch|p1a: Porygon-Z|Porygon-Z|312\/312
|move|p2a: Swampert|Stealth Rock|p1a: Porygon-Z
|-sidestart|p1: Damnosaur|move: Stealth Rock
|
|-heal|p2a: Swampert|358\/401|[from] item: Leftovers
|turn|6
|callback|decision
|
|switch|p2a: Dusclops|Dusclops, F|284\/284
|-ability|p2a: Dusclops|Pressure
|move|p1a: Porygon-Z|Tri Attack|p2a: Dusclops
|-immune|p2a: Dusclops|[msg]
|
|turn|7
|callback|decision
|
|switch|p1a: Heracross|Heracross, M|301\/301
|-damage|p1a: Heracross|264\/301|[from] Stealth Rock
|move|p2a: Dusclops|Toxic|p1a: Heracross
|-status|p1a: Heracross|tox
|
|-damage|p1a: Heracross|246\/301 tox|[from] psn
|turn|8
|callback|decision
|chat|TheSun|that was a bad idea
|chat|Damnosaur|me or you?
|
|switch|p1a: Porygon-Z|Porygon-Z|312\/312
|-damage|p1a: Porygon-Z|273\/312|[from] Stealth Rock
|move|p2a: Dusclops|Seismic Toss|p1a: Porygon-Z
|-damage|p1a: Porygon-Z|173\/312
|
|turn|9
|callback|decision
|
|move|p1a: Porygon-Z|Trick|p2a: Dusclops
|-activate|p1a: Porygon-Z|move: Trick|[of] p2a: Dusclops
|-item|p2a: Dusclops|Choice Specs|[from] move: Trick
|-item|p1a: Porygon-Z|Eviolite|[from] move: Trick
|move|p2a: Dusclops|Seismic Toss|p1a: Porygon-Z
|-damage|p1a: Porygon-Z|73\/312
|
|turn|10
|callback|decision
|
|switch|p1a: Chandelure|Chandelure, M|261\/261 slp
|-damage|p1a: Chandelure|196\/261 slp|[from] Stealth Rock
|move|p2a: Dusclops|Seismic Toss|p1a: Chandelure
|-immune|p1a: Chandelure|[msg]
|
|turn|11
|callback|decision
|
|switch|p2a: Weavile|Weavile, F|78\/282
|-ability|p2a: Weavile|Pressure
|cant|p1a: Chandelure|slp
|
|turn|12
|callback|decision
|chat|TheSun|i've always wanted choice specs dusclops
|chat|Damnosaur|youre welcome
|
|move|p2a: Weavile|Beat Up|p1a: Chandelure
|-supereffective|p1a: Chandelure
|-damage|p1a: Chandelure|128\/261 slp
|-supereffective|p1a: Chandelure
|-damage|p1a: Chandelure|72\/261 slp
|-supereffective|p1a: Chandelure
|-damage|p1a: Chandelure|16\/261 slp
|-supereffective|p1a: Chandelure
|-damage|p1a: Chandelure|0 fnt
|-hitcount|p1a: Chandelure|4
|faint|p1a: Chandelure
|
|callback|decision
|
|switch|p1a: Flygon|Flygon, F|301\/301
|-damage|p1a: Flygon|283\/301|[from] Stealth Rock
|turn|13
|callback|decision
|
|switch|p2a: Zapdos|Zapdos|384\/384
|-ability|p2a: Zapdos|Pressure
|move|p1a: Flygon|U-turn|p2a: Zapdos
|-resisted|p2a: Zapdos
|-damage|p2a: Zapdos|348\/384
|callback|decision
|
|switch|p1a: Porygon-Z|Porygon-Z|73\/312
|-damage|p1a: Porygon-Z|34\/312|[from] Stealth Rock
|
|-heal|p2a: Zapdos|372\/384|[from] item: Leftovers
|turn|14
|callback|decision
|
|switch|p2a: Dusclops|Dusclops, F|284\/284
|-ability|p2a: Dusclops|Pressure
|move|p1a: Porygon-Z|Ice Beam|p2a: Dusclops
|-damage|p2a: Dusclops|191\/284
|
|turn|15
|callback|decision
|
|move|p1a: Porygon-Z|Dark Pulse|p2a: Dusclops
|-crit|p2a: Dusclops
|-supereffective|p2a: Dusclops
|-damage|p2a: Dusclops|0 fnt
|faint|p2a: Dusclops
|
|callback|decision
|
|switch|p2a: Weavile|Weavile, F|78\/282
|-ability|p2a: Weavile|Pressure
|turn|16
|callback|decision
|
|move|p2a: Weavile|Beat Up|p1a: Porygon-Z
|-damage|p1a: Porygon-Z|0 fnt
|-hitcount|p1a: Porygon-Z|1
|faint|p1a: Porygon-Z
|
|callback|decision
|
|switch|p1a: Flygon|Flygon, F|283\/301
|-damage|p1a: Flygon|265\/301|[from] Stealth Rock
|turn|17
|callback|decision
|
|switch|p2a: Swampert|Swampert, F|358\/401
|move|p1a: Flygon|U-turn|p2a: Swampert
|-damage|p2a: Swampert|308\/401
|callback|decision
|
|switch|p1a: Heracross|Heracross, M|246\/301 tox
|-damage|p1a: Heracross|209\/301 tox|[from] Stealth Rock
|
|-heal|p2a: Swampert|333\/401|[from] item: Leftovers
|-damage|p1a: Heracross|191\/301 tox|[from] psn
|turn|18
|callback|decision
|
|switch|p2a: Zapdos|Zapdos|372\/384
|-ability|p2a: Zapdos|Pressure
|move|p1a: Heracross|Megahorn|p2a: Zapdos
|-resisted|p2a: Zapdos
|-damage|p2a: Zapdos|115\/384
|
|-heal|p2a: Zapdos|139\/384|[from] item: Leftovers
|-damage|p1a: Heracross|155\/301 tox|[from] psn
|turn|19
|callback|decision
|
|switch|p1a: Flygon|Flygon, F|265\/301
|-damage|p1a: Flygon|247\/301|[from] Stealth Rock
|move|p2a: Zapdos|Roost|p2a: Zapdos
|-heal|p2a: Zapdos|331\/384
|
|-heal|p2a: Zapdos|355\/384|[from] item: Leftovers
|turn|20
|callback|decision
|
|move|p1a: Flygon|Stone Edge|p2a: Zapdos
|-supereffective|p2a: Zapdos
|-damage|p2a: Zapdos|115\/384
|move|p2a: Zapdos|Toxic|p1a: Flygon
|-status|p1a: Flygon|tox
|
|-heal|p2a: Zapdos|139\/384|[from] item: Leftovers
|-damage|p1a: Flygon|229\/301 tox|[from] psn
|turn|21
|callback|decision
|
|switch|p2a: Swampert|Swampert, F|333\/401
|move|p1a: Flygon|Stone Edge|p2a: Swampert
|-resisted|p2a: Swampert
|-damage|p2a: Swampert|297\/401
|
|-heal|p2a: Swampert|322\/401|[from] item: Leftovers
|-damage|p1a: Flygon|193\/301 tox|[from] psn
|turn|22
|callback|decision
|
|switch|p1a: Azumarill|Azumarill, F|230\/404
|-damage|p1a: Azumarill|180\/404|[from] Stealth Rock
|move|p2a: Swampert|Earthquake|p1a: Azumarill
|-damage|p1a: Azumarill|18\/404
|
|-heal|p2a: Swampert|347\/401|[from] item: Leftovers
|turn|23
|callback|decision
|
|move|p1a: Azumarill|Aqua Jet|p2a: Swampert
|-damage|p2a: Swampert|247\/401
|move|p2a: Swampert|Waterfall|p1a: Azumarill
|-resisted|p1a: Azumarill
|-damage|p1a: Azumarill|0 fnt
|faint|p1a: Azumarill
|
|-heal|p2a: Swampert|272\/401|[from] item: Leftovers
|callback|decision
|
|switch|p1a: Heracross|Heracross, M|155\/301 tox
|-damage|p1a: Heracross|118\/301 tox|[from] Stealth Rock
|turn|24
|callback|decision
|
|switch|p2a: Zapdos|Zapdos|139\/384
|-ability|p2a: Zapdos|Pressure
|move|p1a: Heracross|Close Combat|p2a: Zapdos
|-resisted|p2a: Zapdos
|-damage|p2a: Zapdos|0 fnt
|-unboost|p1a: Heracross|def|1
|-unboost|p1a: Heracross|spd|1
|faint|p2a: Zapdos
|
|-damage|p1a: Heracross|100\/301 tox|[from] psn
|callback|decision
|
|switch|p2a: Weavile|Weavile, F|78\/282
|-ability|p2a: Weavile|Pressure
|turn|25
|callback|decision
|
|switch|p1a: Raikou|Raikou|322\/322
|-damage|p1a: Raikou|282\/322|[from] Stealth Rock
|-ability|p1a: Raikou|Pressure
|move|p2a: Weavile|Ice Shard|p1a: Raikou
|-damage|p1a: Raikou|201\/322
|
|turn|26
|callback|decision
|chat|TheSun|this is getting very close
|
|switch|p2a: Roserade|Roserade, M|279\/279
|move|p1a: Raikou|Volt Switch|p2a: Roserade
|-resisted|p2a: Roserade
|-damage|p2a: Roserade|222\/279
|callback|decision
|chat|Damnosaur|mhm
|
|switch|p1a: Flygon|Flygon, F|193\/301 tox
|-damage|p1a: Flygon|175\/301 tox|[from] Stealth Rock
|
|-heal|p2a: Roserade|239\/279|[from] item: Black Sludge
|-damage|p1a: Flygon|157\/301 tox|[from] psn
|turn|27
|callback|decision
|
|move|p1a: Flygon|Earthquake|p2a: Roserade
|-damage|p2a: Roserade|0 fnt
|faint|p2a: Roserade
|
|-damage|p1a: Flygon|121\/301 tox|[from] psn
|callback|decision
|chat|Damnosaur|but my pokes are all half dead
|
|switch|p2a: Weavile|Weavile, F|78\/282
|-ability|p2a: Weavile|Pressure
|turn|28
|callback|decision
|chat|Damnosaur|and you have a banded ice shard weavile
|chat|TheSun|not banded!
|
|move|p2a: Weavile|Ice Shard|p1a: Flygon
|-supereffective|p1a: Flygon
|-damage|p1a: Flygon|0 fnt
|faint|p1a: Flygon
|
|callback|decision
|chat|Damnosaur|then whats the item
|chat|Damnosaur|?
|chat|TheSun|kings rock to work with beat up
|chat|TheSun|for a 60% flinch rate
|chat|Damnosaur|wow
|chat|Damnosaur|then
|chat|Damnosaur|why didnt you go for ice shard earlier?
|chat|TheSun|when?
|chat|Damnosaur|uh
|chat|Damnosaur|turn 3
|chat|Damnosaur|for instance
|
|switch|p1a: Raikou|Raikou|201\/322
|-damage|p1a: Raikou|161\/322|[from] Stealth Rock
|-ability|p1a: Raikou|Pressure
|turn|29
|callback|decision
|chat|TheSun|it only does around 75% to full health flygon
|
|switch|p2a: Swampert|Swampert, F|272\/401
|move|p1a: Raikou|Volt Switch|p2a: Swampert
|-immune|p2a: Swampert|[msg]
|
|-heal|p2a: Swampert|297\/401|[from] item: Leftovers
|turn|30
|callback|decision
|chat|Damnosaur|this is a losing battle
|
|move|p1a: Raikou|Volt Switch|p2a: Swampert
|-immune|p2a: Swampert|[msg]
|move|p2a: Swampert|Earthquake|p1a: Raikou
|-supereffective|p1a: Raikou
|-damage|p1a: Raikou|0 fnt
|faint|p1a: Raikou
|
|-heal|p2a: Swampert|322\/401|[from] item: Leftovers
|callback|decision
|
|switch|p1a: Heracross|Heracross, M|100\/301 tox
|-damage|p1a: Heracross|63\/301 tox|[from] Stealth Rock
|turn|31
|callback|decision
|chat|TheSun|whats your score your pretty good
|
|move|p1a: Heracross|Megahorn|p2a: Swampert|[miss]
|-miss|p1a: Heracross|p2a: Swampert
|move|p2a: Swampert|Waterfall|p1a: Heracross
|-damage|p1a: Heracross|0 fnt
|faint|p1a: Heracross
|
|win|TheSun
|raw|Ladder updating...
|raw|Damnosaur's rating: 1676 &rarr; <strong>1673<\/strong><br \/>(-3 for losing)
|raw|TheSun's rating: 1748 &rarr; <strong>1752<\/strong><br \/>(+4 for winning)
|chat|Damnosaur|uh
|chat|Damnosaur|^there
|chat|Damnosaur|it was 1700 yesterday
|chat|Damnosaur|then i tested all my crappy teams
|chat|TheSun|i use to be 1980 :(
|chat|Damnosaur|so it dropped
|chat|Damnosaur|wow
|chat|TheSun|than i started testing
|chat|Damnosaur|haha
|chat|TheSun|exactly hahaha GG
|chat|Damnosaur|thats why alts are important
|chat|Damnosaur|but im lazy so
|chat|Damnosaur|haha
|chat|Damnosaur|GG
|leave|TheSun
|player|p2