|join|Damnosaur
|join|dovakiin
|player|p1|Damnosaur|220
|player|p2|dovakiin|266
|gametype|singles
|tier|UU
|rated
|rule|Sleep Clause Mod: Limit one foe put to sleep
|rule|Species Clause: Limit one of each Pokemon
|rule|OHKO Clause: OHKO moves are banned
|rule|Moody Clause: Moody is banned
|rule|Evasion Moves Clause: Evasion moves are banned
|rule|HP Percentage Mod: HP is reported as percentages
|rule|Evasion Abilities Clause: Evasion abilities are banned
|clearpoke
|poke|p1|Azumarill, M
|poke|p1|Flygon, F
|poke|p1|Chandelure, M
|poke|p1|Mienshao, F
|poke|p1|Porygon-Z
|poke|p1|Heracross, M
|poke|p2|Rhyperior, M
|poke|p2|Azumarill, F
|poke|p2|Roserade, F
|poke|p2|Chandelure, F
|poke|p2|Dusclops, M
|poke|p2|Weavile, M
|teampreview
|callback|decision
|
|start
|switch|p1a: Chandelure|Chandelure, M|261\/261
|switch|p2a: Weavile|Weavile, M|282\/282
|-ability|p2a: Weavile|Pressure
|turn|1
|callback|decision
|
|switch|p2a: Dusclops|Dusclops, M|283\/283
|-ability|p2a: Dusclops|Pressure
|switch|p1a: Azumarill|Azumarill, M|404\/404
|
|turn|2
|callback|decision
|
|switch|p1a: Heracross|Heracross, M|301\/301
|move|p2a: Dusclops|Will-O-Wisp|p1a: Heracross
|-status|p1a: Heracross|brn
|
|-damage|p1a: Heracross|264\/301 brn|[from] brn
|turn|3
|callback|decision
|chat|dovakiin|please tell me you are moxie
|chat|dovakiin|:D
|
|move|p1a: Heracross|Stone Edge|p2a: Dusclops|[miss]
|-miss|p1a: Heracross|p2a: Dusclops
|move|p2a: Dusclops|Substitute|p2a: Dusclops
|-start|p2a: Dusclops|Substitute
|-damage|p2a: Dusclops|213\/283
|
|-damage|p1a: Heracross|227\/301 brn|[from] brn
|turn|4
|callback|decision
|chat|Damnosaur|;)
|chat|dovakiin|fac
|chat|dovakiin|k
|
|switch|p1a: Chandelure|Chandelure, M|261\/261
|move|p2a: Dusclops|Seismic Toss|p1a: Chandelure
|-immune|p1a: Chandelure|[msg]
|
|turn|5
|callback|decision
|chat|dovakiin|damn you know this set well
|
|switch|p2a: Chandelure|Chandelure, F|261\/261
|move|p1a: Chandelure|Shadow Ball|p2a: Chandelure
|-supereffective|p2a: Chandelure
|-damage|p2a: Chandelure|0 fnt
|faint|p2a: Chandelure
|
|callback|decision
|chat|Damnosaur|ive seen some dusclops with shadow sneak though
|chat|dovakiin|i thought
|chat|dovakiin|it 
|chat|dovakiin|was
|chat|dovakiin|gonna
|chat|dovakiin|be
|chat|dovakiin|fire
|chat|dovakiin|:'(
|chat|Damnosaur|yeah i almost clicked fire blast
|
|switch|p2a: Azumarill|Azumarill, F|404\/404
|turn|6
|callback|decision
|
|switch|p1a: Porygon-Z|Porygon-Z|312\/312
|move|p2a: Azumarill|Aqua Jet|p1a: Porygon-Z
|-damage|p1a: Porygon-Z|147\/312
|-damage|p2a: Azumarill|364\/404|[from] item: Life Orb
|
|turn|7
|callback|decision
|
|switch|p1a: Azumarill|Azumarill, M|404\/404
|move|p2a: Azumarill|Aqua Jet|p1a: Azumarill
|-resisted|p1a: Azumarill
|-damage|p1a: Azumarill|340\/404
|-damage|p2a: Azumarill|324\/404|[from] item: Life Orb
|
|turn|8
|callback|decision
|
|switch|p2a: Roserade|Roserade, F|324\/324
|move|p1a: Azumarill|Waterfall|p2a: Roserade
|-resisted|p2a: Roserade
|-damage|p2a: Roserade|102\/324
|
|-heal|p2a: Roserade|122\/324|[from] item: Black Sludge
|turn|9
|callback|decision
|
|switch|p1a: Flygon|Flygon, F|301\/301
|move|p2a: Roserade|Giga Drain|p1a: Flygon
|-damage|p1a: Flygon|178\/301
|-heal|p2a: Roserade|184\/324|[from] drain|[of] p1a: Flygon
|
|-heal|p2a: Roserade|204\/324|[from] item: Black Sludge
|turn|10
|callback|decision
|
|switch|p2a: Rhyperior|Rhyperior, M|434\/434
|move|p1a: Flygon|Earthquake|p2a: Rhyperior
|-supereffective|p2a: Rhyperior
|-damage|p2a: Rhyperior|306\/434
|
|-heal|p2a: Rhyperior|333\/434|[from] item: Leftovers
|turn|11
|callback|decision
|
|switch|p1a: Porygon-Z|Porygon-Z|147\/312
|move|p2a: Rhyperior|Stealth Rock|p1a: Porygon-Z
|-sidestart|p1: Damnosaur|move: Stealth Rock
|
|-heal|p2a: Rhyperior|360\/434|[from] item: Leftovers
|turn|12
|callback|decision
|
|move|p1a: Porygon-Z|Trick|p2a: Rhyperior
|-activate|p1a: Porygon-Z|move: Trick|[of] p2a: Rhyperior
|-item|p2a: Rhyperior|Choice Scarf|[from] move: Trick
|-item|p1a: Porygon-Z|Leftovers|[from] move: Trick
|move|p2a: Rhyperior|Earthquake|p1a: Porygon-Z
|-damage|p1a: Porygon-Z|0 fnt
|faint|p1a: Porygon-Z
|
|callback|decision
|chat|dovakiin|choice scarf rhyperioir is super OP man
|chat|dovakiin|you dont know what you unleashed
|
|switch|p1a: Flygon|Flygon, F|178\/301
|-damage|p1a: Flygon|160\/301|[from] Stealth Rock
|turn|13
|callback|decision
|chat|dovakiin|shit
|chat|Damnosaur|how scary
|
|switch|p2a: Azumarill|Azumarill, F|324\/404
|move|p1a: Flygon|Earthquake|p2a: Azumarill
|-crit|p2a: Azumarill
|-damage|p2a: Azumarill|0 fnt
|faint|p2a: Azumarill
|
|callback|decision
|chat|dovakiin|like
|chat|dovakiin|fuck
|chat|dovakiin|cmon
|chat|Damnosaur|oops sry
|
|switch|p2a: Rhyperior|Rhyperior, M|360\/434
|turn|14
|callback|decision
|chat|dovakiin|np man
|chat|dovakiin|not your fault
|
|switch|p1a: Chandelure|Chandelure, M|261\/261
|-damage|p1a: Chandelure|196\/261|[from] Stealth Rock
|move|p2a: Rhyperior|Stone Edge|p1a: Chandelure
|-supereffective|p1a: Chandelure
|-damage|p1a: Chandelure|0 fnt
|faint|p1a: Chandelure
|
|callback|decision
|
|switch|p1a: Azumarill|Azumarill, M|340\/404
|-damage|p1a: Azumarill|290\/404|[from] Stealth Rock
|turn|15
|callback|decision
|
|switch|p2a: Dusclops|Dusclops, M|213\/283
|-ability|p2a: Dusclops|Pressure
|move|p1a: Azumarill|Waterfall|p2a: Dusclops
|-damage|p2a: Dusclops|75\/283
|
|turn|16
|callback|decision
|
|move|p1a: Azumarill|Waterfall|p2a: Dusclops
|-damage|p2a: Dusclops|0 fnt
|faint|p2a: Dusclops
|
|callback|decision
|
|switch|p2a: Roserade|Roserade, F|204\/324
|turn|17
|callback|decision
|
|switch|p1a: Flygon|Flygon, F|160\/301
|-damage|p1a: Flygon|142\/301|[from] Stealth Rock
|move|p2a: Roserade|Sleep Powder|p1a: Flygon
|-status|p1a: Flygon|slp
|
|-heal|p2a: Roserade|224\/324|[from] item: Black Sludge
|turn|18
|callback|decision
|
|cant|p1a: Flygon|slp
|move|p2a: Roserade|Giga Drain|p1a: Flygon
|-damage|p1a: Flygon|22\/301 slp
|-heal|p2a: Roserade|284\/324|[from] drain|[of] p1a: Flygon
|
|-heal|p2a: Roserade|304\/324|[from] item: Black Sludge
|turn|19
|callback|decision
|
|-curestatus|p1a: Flygon|slp
|move|p1a: Flygon|Outrage|p2a: Roserade
|-damage|p2a: Roserade|21\/324
|move|p2a: Roserade|Toxic Spikes|p1a: Flygon
|-sidestart|p1: Damnosaur|move: Toxic Spikes
|
|-heal|p2a: Roserade|41\/324|[from] item: Black Sludge
|turn|20
|callback|decision
|
|switch|p2a: Rhyperior|Rhyperior, M|360\/434
|move|p1a: Flygon|Outrage|p2a: Rhyperior
|-damage|p2a: Rhyperior|246\/434
|
|turn|21
|callback|decision
|
|move|p1a: Flygon|Outrage|p2a: Rhyperior
|-crit|p2a: Rhyperior
|-damage|p2a: Rhyperior|44\/434
|move|p2a: Rhyperior|Stone Edge|p1a: Flygon
|-resisted|p1a: Flygon
|-damage|p1a: Flygon|0 fnt
|faint|p1a: Flygon
|
|callback|decision
|
|switch|p1a: Azumarill|Azumarill, M|290\/404
|-status|p1a: Azumarill|psn
|-damage|p1a: Azumarill|240\/404 psn|[from] Stealth Rock
|turn|22
|callback|decision
|
|move|p1a: Azumarill|Aqua Jet|p2a: Rhyperior
|-crit|p2a: Rhyperior
|-supereffective|p2a: Rhyperior
|-damage|p2a: Rhyperior|0 fnt
|faint|p2a: Rhyperior
|
|-damage|p1a: Azumarill|190\/404 psn|[from] psn
|callback|decision
|
|switch|p2a: Weavile|Weavile, M|282\/282
|-ability|p2a: Weavile|Pressure
|turn|23
|callback|decision
|
|move|p1a: Azumarill|Aqua Jet|p2a: Weavile
|-damage|p2a: Weavile|107\/282
|move|p2a: Weavile|Night Slash|p1a: Azumarill
|-crit|p1a: Azumarill
|-damage|p1a: Azumarill|0 fnt
|faint|p1a: Azumarill
|
|callback|decision
|
|switch|p1a: Mienshao|Mienshao, F|271\/271
|-status|p1a: Mienshao|psn
|-damage|p1a: Mienshao|255\/271 psn|[from] Stealth Rock
|turn|24
|callback|decision
|
|move|p1a: Mienshao|U-turn|p2a: Weavile
|-supereffective|p2a: Weavile
|-damage|p2a: Weavile|0 fnt
|faint|p2a: Weavile
|callback|decision
|chat|dovakiin|gg
|chat|dovakiin|:D
|
|switch|p1a: Heracross|Heracross, M|227\/301 brn
|-damage|p1a: Heracross|190\/301 brn|[from] Stealth Rock
|
|-damage|p1a: Heracross|153\/301 brn|[from] brn
|callback|decision
|
|switch|p2a: Roserade|Roserade, F|41\/324
|turn|25
|callback|decision
|chat|Damnosaur|gg that crit earlier really mattered
|
|move|p1a: Heracross|Close Combat|p2a: Roserade
|-resisted|p2a: Roserade
|-damage|p2a: Roserade|0 fnt
|-unboost|p1a: Heracross|def|1
|-unboost|p1a: Heracross|spd|1
|faint|p2a: Roserade
|
|win|Damnosaur
|raw|Ladder updating...
|chat|dovakiin|yah i know
|raw|Damnosaur's rating: 1678 &rarr; <strong>1683<\/strong><br \/>(+5 for winning)
|raw|dovakiin's rating: 1450 &rarr; <strong>1346<\/strong><br \/>(-104 for losing)
|chat|dovakiin|but w.e.
|chat|Damnosaur|yeah
|chat|dovakiin|damn i lost a lot for that
|chat|dovakiin|._.
|chat|Damnosaur|can always get it back
|chat|dovakiin|yah
|chat|Damnosaur|ok cya