|join|Jackbot92
|join|Damnosaur
|player|p1|Jackbot92|266
|player|p2|Damnosaur|265
|gametype|singles
|tier|UU
|rated
|rule|Sleep Clause Mod: Limit one foe put to sleep
|rule|Species Clause: Limit one of each Pokemon
|rule|OHKO Clause: OHKO moves are banned
|rule|Moody Clause: Moody is banned
|rule|Evasion Moves Clause: Evasion moves are banned
|rule|HP Percentage Mod: HP is reported as percentages
|rule|Evasion Abilities Clause: Evasion abilities are banned
|clearpoke
|poke|p1|Shaymin
|poke|p1|Rhyperior, F
|poke|p1|Crobat, M
|poke|p1|Houndoom, M
|poke|p1|Hitmontop, M
|poke|p1|Mienshao, F
|poke|p2|Azumarill, F
|poke|p2|Flygon, F
|poke|p2|Chandelure, F
|poke|p2|Kingdra, M
|poke|p2|Porygon-Z
|poke|p2|Heracross, F
|teampreview
|callback|decision
|
|start
|switch|p1a: Rhyperior|Rhyperior, F|433\/433
|switch|p2a: Porygon-Z|Porygon-Z|312\/312
|turn|1
|callback|decision
|
|move|p2a: Porygon-Z|Ice Beam|p1a: Rhyperior
|-supereffective|p1a: Rhyperior
|-damage|p1a: Rhyperior|235\/433
|move|p1a: Rhyperior|Stealth Rock|p2a: Porygon-Z
|-sidestart|p2: Damnosaur|move: Stealth Rock
|
|-heal|p1a: Rhyperior|262\/433|[from] item: Leftovers
|turn|2
|callback|decision
|
|switch|p2a: Flygon|Flygon, F|301\/301
|-damage|p2a: Flygon|283\/301|[from] Stealth Rock
|move|p1a: Rhyperior|Earthquake|p2a: Flygon
|-immune|p2a: Flygon|[msg]
|
|-heal|p1a: Rhyperior|289\/433|[from] item: Leftovers
|turn|3
|callback|decision
|
|switch|p1a: Hitmontop|Hitmontop, M|304\/304
|-ability|p1a: Hitmontop|Intimidate|[of] p2a: Flygon
|-unboost|p2a: Flygon|atk|1
|move|p2a: Flygon|U-turn|p1a: Hitmontop
|-resisted|p1a: Hitmontop
|-damage|p1a: Hitmontop|288\/304
|callback|decision
|
|switch|p2a: Kingdra|Kingdra, M|291\/291
|-damage|p2a: Kingdra|255\/291|[from] Stealth Rock
|
|-heal|p1a: Hitmontop|304\/304|[from] item: Leftovers
|turn|4
|callback|decision
|
|switch|p1a: Shaymin|Shaymin|341\/341
|move|p2a: Kingdra|Draco Meteor|p1a: Shaymin
|-damage|p1a: Shaymin|22\/341
|-unboost|p2a: Kingdra|spa|2
|
|turn|5
|callback|decision
|
|move|p1a: Shaymin|Seed Flare|p2a: Kingdra
|-damage|p2a: Kingdra|3\/291
|-damage|p1a: Shaymin|0 fnt|[from] item: Life Orb
|faint|p1a: Shaymin
|move|p2a: Kingdra|Draco Meteor|p1: Shaymin|[notarget]
|-notarget
|
|callback|decision
|
|switch|p1a: Houndoom|Houndoom, M|291\/291
|turn|6
|callback|decision
|
|move|p1a: Houndoom|Pursuit|p2a: Kingdra
|-damage|p2a: Kingdra|0 fnt
|-damage|p1a: Houndoom|262\/291|[from] item: Life Orb
|faint|p2a: Kingdra
|
|callback|decision
|
|switch|p2a: Azumarill|Azumarill, F|404\/404
|-damage|p2a: Azumarill|354\/404|[from] Stealth Rock
|turn|7
|callback|decision
|
|switch|p1a: Hitmontop|Hitmontop, M|304\/304
|-ability|p1a: Hitmontop|Intimidate|[of] p2a: Azumarill
|-unboost|p2a: Azumarill|atk|1
|move|p2a: Azumarill|Waterfall|p1a: Hitmontop
|-damage|p1a: Hitmontop|181\/304
|
|-heal|p1a: Hitmontop|200\/304|[from] item: Leftovers
|turn|8
|callback|decision
|
|switch|p2a: Heracross|Heracross, F|301\/301
|-damage|p2a: Heracross|264\/301|[from] Stealth Rock
|move|p1a: Hitmontop|Toxic|p2a: Heracross
|-status|p2a: Heracross|tox
|
|-heal|p1a: Hitmontop|219\/304|[from] item: Leftovers
|-damage|p2a: Heracross|246\/301 tox|[from] psn
|turn|9
|callback|decision
|
|switch|p1a: Crobat|Crobat, M|355\/355
|move|p2a: Heracross|Stone Edge|p1a: Crobat
|-supereffective|p1a: Crobat
|-damage|p1a: Crobat|0 fnt
|faint|p1a: Crobat
|
|-damage|p2a: Heracross|210\/301 tox|[from] psn
|callback|decision
|
|switch|p1a: Rhyperior|Rhyperior, F|289\/433
|turn|10
|callback|decision
|
|switch|p2a: Flygon|Flygon, F|283\/301
|-damage|p2a: Flygon|265\/301|[from] Stealth Rock
|move|p1a: Rhyperior|Dragon Tail|p2a: Flygon
|-supereffective|p2a: Flygon
|-damage|p2a: Flygon|85\/301
|drag|p2a: Heracross|Heracross, F|210\/301 tox
|-damage|p2a: Heracross|173\/301 tox|[from] Stealth Rock
|
|-heal|p1a: Rhyperior|316\/433|[from] item: Leftovers
|-damage|p2a: Heracross|155\/301 tox|[from] psn
|turn|11
|callback|decision
|
|switch|p1a: Hitmontop|Hitmontop, M|219\/304
|-ability|p1a: Hitmontop|Intimidate|[of] p2a: Heracross
|-unboost|p2a: Heracross|atk|1
|move|p2a: Heracross|Close Combat|p1a: Hitmontop
|-damage|p1a: Hitmontop|0 fnt
|-unboost|p2a: Heracross|def|1
|-unboost|p2a: Heracross|spd|1
|faint|p1a: Hitmontop
|
|-damage|p2a: Heracross|119\/301 tox|[from] psn
|callback|decision
|
|switch|p1a: Mienshao|Mienshao, F|271\/271
|turn|12
|callback|decision
|
|switch|p2a: Flygon|Flygon, F|85\/301
|-damage|p2a: Flygon|67\/301|[from] Stealth Rock
|move|p1a: Mienshao|Aerial Ace|p2a: Flygon
|-damage|p2a: Flygon|0 fnt
|faint|p2a: Flygon
|
|callback|decision
|
|switch|p2a: Chandelure|Chandelure, F|261\/261
|-damage|p2a: Chandelure|196\/261|[from] Stealth Rock
|turn|13
|callback|decision
|
|switch|p1a: Houndoom|Houndoom, M|262\/291
|switch|p2a: Azumarill|Azumarill, F|354\/404
|-damage|p2a: Azumarill|304\/404|[from] Stealth Rock
|
|turn|14
|callback|decision
|
|switch|p1a: Rhyperior|Rhyperior, F|316\/433
|move|p2a: Azumarill|Waterfall|p1a: Rhyperior
|-crit|p1a: Rhyperior
|-supereffective|p1a: Rhyperior
|-damage|p1a: Rhyperior|0 fnt
|faint|p1a: Rhyperior
|
|callback|decision
|
|switch|p1a: Mienshao|Mienshao, F|271\/271
|turn|15
|callback|decision
|
|switch|p2a: Chandelure|Chandelure, F|196\/261
|-damage|p2a: Chandelure|131\/261|[from] Stealth Rock
|move|p1a: Mienshao|Hi Jump Kick|p2a: Chandelure
|-immune|p2a: Chandelure|[msg]
|-damage|p1a: Mienshao|136\/271|[from] hijumpkick
|
|turn|16
|callback|decision
|
|switch|p1a: Houndoom|Houndoom, M|262\/291
|move|p2a: Chandelure|Shadow Ball|p1a: Houndoom
|-resisted|p1a: Houndoom
|-damage|p1a: Houndoom|109\/291
|-unboost|p1a: Houndoom|spd|1
|
|turn|17
|callback|decision
|
|move|p1a: Houndoom|Pursuit|p2a: Chandelure
|-supereffective|p2a: Chandelure
|-damage|p2a: Chandelure|0 fnt
|-damage|p1a: Houndoom|80\/291|[from] item: Life Orb
|faint|p2a: Chandelure
|
|callback|decision
|
|switch|p2a: Azumarill|Azumarill, F|304\/404
|-damage|p2a: Azumarill|254\/404|[from] Stealth Rock
|turn|18
|callback|decision
|
|move|p1a: Houndoom|Sucker Punch|p2a: Azumarill
|-damage|p2a: Azumarill|91\/404
|-damage|p1a: Houndoom|51\/291|[from] item: Life Orb
|move|p2a: Azumarill|Aqua Jet|p1a: Houndoom
|-crit|p1a: Houndoom
|-supereffective|p1a: Houndoom
|-damage|p1a: Houndoom|0 fnt
|faint|p1a: Houndoom
|
|callback|decision
|
|switch|p1a: Mienshao|Mienshao, F|136\/271
|turn|19
|callback|decision
|
|move|p2a: Azumarill|Aqua Jet|p1a: Mienshao
|-crit|p1a: Mienshao
|-damage|p1a: Mienshao|0 fnt
|faint|p1a: Mienshao
|
|win|Damnosaur
|raw|Ladder updating...
|raw|Jackbot92's rating: 1802 &rarr; <strong>1794<\/strong><br \/>(-8 for losing)
|raw|Damnosaur's rating: 1545 &rarr; <strong>1560<\/strong><br \/>(+15 for winning)
|chat|Damnosaur|gg
|chat|Jackbot92|gg
|leave|Jackbot92
|player|p1
|leave|Damnosaur
|player|p2
|join|Damnosaur