|join|Damnosaur
|join|Typhlosive
|player|p1|Damnosaur|101
|player|p2|Typhlosive|53
|gametype|singles
|tier|UU
|rated
|rule|Sleep Clause Mod: Limit one foe put to sleep
|rule|Species Clause: Limit one of each Pokemon
|rule|OHKO Clause: OHKO moves are banned
|rule|Moody Clause: Moody is banned
|rule|Evasion Moves Clause: Evasion moves are banned
|rule|HP Percentage Mod: HP is reported as percentages
|rule|Evasion Abilities Clause: Evasion abilities are banned
|clearpoke
|poke|p1|Claydol
|poke|p1|Victini
|poke|p1|Snorlax, M
|poke|p1|Swampert, M
|poke|p1|Houndoom, M
|poke|p1|Ferroseed, F
|poke|p2|Sableye, F
|poke|p2|Cofagrigus, M
|poke|p2|Froslass, F
|poke|p2|Golurk
|poke|p2|Chandelure, M
|poke|p2|Riolu, M
|teampreview
|callback|decision
|
|start
|switch|p1a: Houndoom|Houndoom, M|291\/291
|switch|p2a: Froslass|Froslass, F|281\/281
|turn|1
|callback|decision
|
|move|p2a: Froslass|Spikes|p1a: Houndoom
|-sidestart|p1: Damnosaur|Spikes
|move|p1a: Houndoom|Dark Pulse|p2a: Froslass
|-supereffective|p2a: Froslass
|-enditem|p2a: Froslass|Focus Sash
|-damage|p2a: Froslass|1\/281
|-start|p1a: Houndoom|Disable|Dark Pulse
|-damage|p1a: Houndoom|262\/291|[from] item: Life Orb
|
|turn|2
|callback|decision
|
|move|p2a: Froslass|Destiny Bond|p2a: Froslass
|-singlemove|p2a: Froslass|Destiny Bond
|move|p1a: Houndoom|Nasty Plot|p1a: Houndoom
|-boost|p1a: Houndoom|spa|2
|
|turn|3
|callback|decision
|
|move|p2a: Froslass|Taunt|p1a: Houndoom
|-start|p1a: Houndoom|move: Taunt
|cant|p1a: Houndoom|move: Taunt|Nasty Plot
|
|turn|4
|callback|decision
|
|switch|p1a: Ferroseed|Ferroseed, F|292\/292
|-damage|p1a: Ferroseed|256\/292|[from] Spikes
|move|p2a: Froslass|Spikes|p1a: Ferroseed
|-sidestart|p1: Damnosaur|Spikes
|
|turn|5
|callback|decision
|
|move|p2a: Froslass|Taunt|p1a: Ferroseed
|-start|p1a: Ferroseed|move: Taunt
|move|p1a: Ferroseed|Gyro Ball|p2a: Froslass
|-crit|p2a: Froslass
|-supereffective|p2a: Froslass
|-damage|p2a: Froslass|0 fnt
|faint|p2a: Froslass
|
|callback|decision
|
|switch|p2a: Riolu|Riolu, M|283\/283
|turn|6
|callback|decision
|
|move|p1a: Ferroseed|Gyro Ball|p2a: Riolu
|-damage|p2a: Riolu|172\/283
|move|p2a: Riolu|Roar|p1a: Ferroseed
|drag|p1a: Claydol|Claydol|324\/324
|
|turn|7
|callback|decision
|
|move|p2a: Riolu|Copycat|p2a: Riolu
|move|p2a: Riolu|Roar|p1a: Claydol|[from]Copycat
|drag|p1a: Houndoom|Houndoom, M|262\/291
|-damage|p1a: Houndoom|214\/291|[from] Spikes
|
|turn|8
|callback|decision
|
|move|p2a: Riolu|Copycat|p2a: Riolu
|move|p2a: Riolu|Roar|p1a: Houndoom|[from]Copycat
|drag|p1a: Swampert|Swampert, M|404\/404
|-damage|p1a: Swampert|337\/404|[from] Spikes
|
|turn|9
|callback|decision
|
|move|p2a: Riolu|Copycat|p2a: Riolu
|move|p2a: Riolu|Roar|p1a: Swampert|[from]Copycat
|drag|p1a: Claydol|Claydol|324\/324
|
|turn|10
|callback|decision
|
|move|p2a: Riolu|Copycat|p2a: Riolu
|move|p2a: Riolu|Roar|p1a: Claydol|[from]Copycat
|drag|p1a: Swampert|Swampert, M|337\/404
|-damage|p1a: Swampert|270\/404|[from] Spikes
|
|turn|11
|callback|decision
|
|move|p2a: Riolu|Copycat|p2a: Riolu
|move|p2a: Riolu|Roar|p1a: Swampert|[from]Copycat
|drag|p1a: Ferroseed|Ferroseed, F|256\/292
|-damage|p1a: Ferroseed|208\/292|[from] Spikes
|
|turn|12
|callback|decision
|
|move|p1a: Ferroseed|Protect|p1a: Ferroseed
|-singleturn|p1a: Ferroseed|Protect
|move|p2a: Riolu|Copycat|p2a: Riolu
|-fail|p2a: Riolu
|
|turn|13
|callback|decision
|
|move|p1a: Ferroseed|Thunder Wave|p2a: Riolu
|-status|p2a: Riolu|par
|move|p2a: Riolu|Roar|p1a: Ferroseed
|drag|p1a: Victini|Victini|341\/341
|-damage|p1a: Victini|285\/341|[from] Spikes
|
|turn|14
|callback|decision
|
|move|p2a: Riolu|Copycat|p2a: Riolu
|move|p2a: Riolu|Roar|p1a: Victini|[from]Copycat
|drag|p1a: Houndoom|Houndoom, M|214\/291
|-damage|p1a: Houndoom|166\/291|[from] Spikes
|
|turn|15
|callback|decision
|
|move|p2a: Riolu|Copycat|p2a: Riolu
|move|p2a: Riolu|Roar|p1a: Houndoom|[from]Copycat
|drag|p1a: Swampert|Swampert, M|270\/404
|-damage|p1a: Swampert|203\/404|[from] Spikes
|
|turn|16
|callback|decision
|
|move|p2a: Riolu|Copycat|p2a: Riolu
|move|p2a: Riolu|Roar|p1a: Swampert|[from]Copycat
|drag|p1a: Claydol|Claydol|324\/324
|
|turn|17
|callback|decision
|
|move|p2a: Riolu|Copycat|p2a: Riolu
|move|p2a: Riolu|Roar|p1a: Claydol|[from]Copycat
|drag|p1a: Houndoom|Houndoom, M|166\/291
|-damage|p1a: Houndoom|118\/291|[from] Spikes
|
|turn|18
|callback|decision
|
|move|p2a: Riolu|Copycat|p2a: Riolu
|move|p2a: Riolu|Roar|p1a: Houndoom|[from]Copycat
|drag|p1a: Swampert|Swampert, M|203\/404
|-damage|p1a: Swampert|136\/404|[from] Spikes
|
|turn|19
|callback|decision
|chat|Damnosaur|...
|
|move|p2a: Riolu|Copycat|p2a: Riolu
|move|p2a: Riolu|Roar|p1a: Swampert|[from]Copycat
|drag|p1a: Claydol|Claydol|324\/324
|
|turn|20
|callback|decision
|
|move|p2a: Riolu|Copycat|p2a: Riolu
|move|p2a: Riolu|Roar|p1a: Claydol|[from]Copycat
|drag|p1a: Houndoom|Houndoom, M|118\/291
|-damage|p1a: Houndoom|70\/291|[from] Spikes
|
|turn|21
|callback|decision
|
|move|p2a: Riolu|Copycat|p2a: Riolu
|move|p2a: Riolu|Roar|p1a: Houndoom|[from]Copycat
|drag|p1a: Victini|Victini|285\/341
|-damage|p1a: Victini|229\/341|[from] Spikes
|
|turn|22
|callback|decision
|chat|Damnosaur|does your item prevent paralysis or something
|chat|Typhlosive|Nope
|
|move|p2a: Riolu|Copycat|p2a: Riolu
|move|p2a: Riolu|Roar|p1a: Victini|[from]Copycat
|drag|p1a: Ferroseed|Ferroseed, F|208\/292
|-damage|p1a: Ferroseed|160\/292|[from] Spikes
|
|turn|23
|callback|decision
|
|move|p2a: Riolu|Copycat|p2a: Riolu
|move|p2a: Riolu|Roar|p1a: Ferroseed|[from]Copycat
|drag|p1a: Swampert|Swampert, M|136\/404
|-damage|p1a: Swampert|69\/404|[from] Spikes
|
|turn|24
|callback|decision
|
|cant|p2a: Riolu|par
|move|p1a: Swampert|Waterfall|p2a: Riolu
|-damage|p2a: Riolu|0 fnt
|faint|p2a: Riolu
|
|callback|decision
|chat|Damnosaur|finally
|
|switch|p2a: Cofagrigus|Cofagrigus, M|319\/319
|turn|25
|callback|decision
|
|move|p1a: Swampert|Waterfall|p2a: Cofagrigus
|-crit|p2a: Cofagrigus
|-damage|p2a: Cofagrigus|0 fnt
|-ability|p1a: Swampert|Mummy|[from] Mummy
|faint|p2a: Cofagrigus
|
|callback|decision
|
|switch|p2a: Golurk|Golurk|382\/382
|turn|26
|callback|decision
|
|move|p1a: Swampert|Waterfall|p2a: Golurk
|-supereffective|p2a: Golurk
|-damage|p2a: Golurk|0 fnt
|faint|p2a: Golurk
|
|callback|decision
|
|switch|p2a: Chandelure|Chandelure, M|261\/261
|turn|27
|callback|decision
|
|move|p2a: Chandelure|Shadow Ball|p1a: Swampert
|-damage|p1a: Swampert|0 fnt
|faint|p1a: Swampert
|
|callback|decision
|
|switch|p1a: Snorlax|Snorlax, M|524\/524
|-damage|p1a: Snorlax|437\/524|[from] Spikes
|turn|28
|callback|decision
|
|move|p2a: Chandelure|Shadow Ball|p1a: Snorlax
|-immune|p1a: Snorlax|[msg]
|move|p1a: Snorlax|Crunch|p2a: Chandelure
|-supereffective|p2a: Chandelure
|-damage|p2a: Chandelure|105\/261
|
|-heal|p1a: Snorlax|469\/524|[from] item: Leftovers
|turn|29
|callback|decision
|
|switch|p2a: Sableye|Sableye, F|304\/304
|move|p1a: Snorlax|Curse|p1a: Snorlax
|-boost|p1a: Snorlax|atk|1
|-boost|p1a: Snorlax|def|1
|-unboost|p1a: Snorlax|spe|1
|
|-heal|p1a: Snorlax|501\/524|[from] item: Leftovers
|turn|30
|callback|decision
|
|switch|p1a: Houndoom|Houndoom, M|70\/291
|-damage|p1a: Houndoom|22\/291|[from] Spikes
|move|p2a: Sableye|Will-O-Wisp|p1a: Houndoom
|-start|p1a: Houndoom|ability: Flash Fire
|
|turn|31
|callback|decision
|
|move|p1a: Houndoom|Nasty Plot|p1a: Houndoom
|-boost|p1a: Houndoom|spa|2
|move|p2a: Sableye|Night Shade|p1a: Houndoom
|-damage|p1a: Houndoom|0 fnt
|faint|p1a: Houndoom
|
|callback|decision
|
|switch|p1a: Claydol|Claydol|324\/324
|turn|32
|callback|decision
|
|move|p2a: Sableye|Will-O-Wisp|p1a: Claydol
|-status|p1a: Claydol|brn
|move|p1a: Claydol|Toxic|p2a: Sableye
|-status|p2a: Sableye|tox
|
|-damage|p1a: Claydol|284\/324 brn|[from] brn
|-damage|p2a: Sableye|285\/304 tox|[from] psn
|turn|33
|callback|decision
|
|move|p1a: Claydol|Stealth Rock|p2a: Sableye
|-sidestart|p2: Typhlosive|move: Stealth Rock
|move|p2a: Sableye|Night Shade|p1a: Claydol
|-damage|p1a: Claydol|184\/324 brn
|
|-heal|p1a: Claydol|204\/324 brn|[from] item: Leftovers
|-heal|p2a: Sableye|304\/304 tox|[from] item: Leftovers
|-damage|p1a: Claydol|164\/324 brn|[from] brn
|-damage|p2a: Sableye|266\/304 tox|[from] psn
|turn|34
|callback|decision
|
|move|p1a: Claydol|Ice Beam|p2a: Sableye
|-damage|p2a: Sableye|205\/304 tox
|move|p2a: Sableye|Night Shade|p1a: Claydol
|-damage|p1a: Claydol|64\/324 brn
|
|-heal|p1a: Claydol|84\/324 brn|[from] item: Leftovers
|-heal|p2a: Sableye|224\/304 tox|[from] item: Leftovers
|-damage|p1a: Claydol|44\/324 brn|[from] brn
|-damage|p2a: Sableye|167\/304 tox|[from] psn
|turn|35
|callback|decision
|
|move|p1a: Claydol|Ice Beam|p2a: Sableye
|-damage|p2a: Sableye|106\/304 tox
|move|p2a: Sableye|Night Shade|p1a: Claydol
|-damage|p1a: Claydol|0 fnt
|faint|p1a: Claydol
|
|-heal|p2a: Sableye|125\/304 tox|[from] item: Leftovers
|-damage|p2a: Sableye|49\/304 tox|[from] psn
|callback|decision
|
|switch|p1a: Ferroseed|Ferroseed, F|160\/292
|-damage|p1a: Ferroseed|112\/292|[from] Spikes
|turn|36
|callback|decision
|
|move|p1a: Ferroseed|Protect|p1a: Ferroseed
|-singleturn|p1a: Ferroseed|Protect
|move|p2a: Sableye|Recover|p2a: Sableye
|-heal|p2a: Sableye|201\/304 tox
|
|-heal|p2a: Sableye|220\/304 tox|[from] item: Leftovers
|-damage|p2a: Sableye|125\/304 tox|[from] psn
|turn|37
|callback|decision
|
|switch|p1a: Victini|Victini|229\/341
|-damage|p1a: Victini|173\/341|[from] Spikes
|move|p2a: Sableye|Will-O-Wisp|p1a: Victini
|
|-heal|p2a: Sableye|144\/304 tox|[from] item: Leftovers
|-damage|p2a: Sableye|30\/304 tox|[from] psn
|turn|38
|callback|decision
|
|move|p1a: Victini|Thunderbolt|p2a: Sableye
|-damage|p2a: Sableye|0 fnt
|faint|p2a: Sableye
|
|callback|decision
|
|switch|p2a: Chandelure|Chandelure, M|105\/261
|-damage|p2a: Chandelure|40\/261|[from] Stealth Rock
|turn|39
|callback|decision
|
|move|p2a: Chandelure|Shadow Ball|p1a: Victini
|-supereffective|p1a: Victini
|-damage|p1a: Victini|0 fnt
|faint|p1a: Victini
|
|callback|decision
|
|switch|p1a: Snorlax|Snorlax, M|501\/524
|-damage|p1a: Snorlax|414\/524|[from] Spikes
|turn|40
|callback|decision
|chat|Typhlosive|Gg
|
|move|p2a: Chandelure|Shadow Ball|p1a: Snorlax
|-immune|p1a: Snorlax|[msg]
|move|p1a: Snorlax|Crunch|p2a: Chandelure
|-supereffective|p2a: Chandelure
|-damage|p2a: Chandelure|0 fnt
|faint|p2a: Chandelure
|
|win|Damnosaur
|raw|Ladder updating...
|chat|Damnosaur|gg
|chat|Damnosaur|nice riolu btw
|raw|Damnosaur's rating: 1499 &rarr; <strong>1523<\/strong><br \/>(+24 for winning)
|raw|Typhlosive's rating: 1237 &rarr; <strong>1236<\/strong><br \/>(-1 for losing)
|chat|Damnosaur|avoiding para for over 10 turns
|chat|Typhlosive|Aha cheers
|chat|Damnosaur|haha