|join|Kushalos
|join|Damnosaur
|player|p1|Kushalos|144
|player|p2|Damnosaur|220
|gametype|singles
|tier|UU
|rated
|rule|Sleep Clause Mod: Limit one foe put to sleep
|rule|Species Clause: Limit one of each Pokemon
|rule|OHKO Clause: OHKO moves are banned
|rule|Moody Clause: Moody is banned
|rule|Evasion Moves Clause: Evasion moves are banned
|rule|HP Percentage Mod: HP is reported as percentages
|rule|Evasion Abilities Clause: Evasion abilities are banned
|clearpoke
|poke|p1|Nidoqueen, F
|poke|p1|Honchkrow, M
|poke|p1|Flygon, M
|poke|p1|Chandelure, M
|poke|p1|Mienshao, F
|poke|p1|Kingdra, M
|poke|p2|Darmanitan, F
|poke|p2|Blastoise, M
|poke|p2|Roserade, M
|poke|p2|Crobat, F
|poke|p2|Rhyperior, F
|poke|p2|Cofagrigus, M
|teampreview
|callback|decision
|
|start
|switch|p1a: hi hump BIETCH|Mienshao, F|272\/272
|switch|p2a: Crobat|Crobat, F|311\/311
|turn|1
|callback|decision
|join|Calloflochie
|
|switch|p1a: PIMP|Honchkrow, M|341\/341
|move|p2a: Crobat|Nasty Plot|p2a: Crobat
|-boost|p2a: Crobat|spa|2
|
|turn|2
|callback|decision
|chat|Kushalos|FUUUUCK
|chat|Calloflochie|Ace messed up
|chat|Calloflochie|he didnt reset the ladder
|chat|Calloflochie|like he was supposed too
|
|move|p1a: PIMP|Sucker Punch|p2a: Crobat
|-damage|p2a: Crobat|56\/311
|-damage|p1a: PIMP|307\/341|[from] item: Life Orb
|move|p2a: Crobat|Air Slash|p1a: PIMP
|-damage|p1a: PIMP|0 fnt
|-damage|p2a: Crobat|25\/311|[from] item: Life Orb
|faint|p1a: PIMP
|
|callback|decision
|chat|Calloflochie|dayum
|
|switch|p1a: Be so Flaai|Flygon, M|301\/301
|turn|3
|callback|decision
|
|move|p1a: Be so Flaai|Fire Punch|p2a: Crobat
|-damage|p2a: Crobat|0 fnt
|faint|p2a: Crobat
|
|callback|decision
|chat|Calloflochie|its funny
|chat|Calloflochie|cause u turn wouldnt have killed
|
|switch|p2a: Rhyperior|Rhyperior, F|434\/434
|turn|4
|callback|decision
|chat|Calloflochie|flygon you weak bitch
|chat|Kushalos|:[
|
|switch|p1a: Destroy|Kingdra, M|291\/291
|move|p2a: Rhyperior|Dragon Tail|p1a: Destroy
|-supereffective|p1a: Destroy
|-damage|p1a: Destroy|159\/291
|drag|p1a: Be so Flaai|Flygon, M|301\/301
|
|turn|5
|callback|decision
|chat|Kushalos|time to redeem yourself flygon
|
|move|p1a: Be so Flaai|Earthquake|p2a: Rhyperior
|-supereffective|p2a: Rhyperior
|-damage|p2a: Rhyperior|299\/434
|move|p2a: Rhyperior|Stealth Rock|p1a: Be so Flaai
|-sidestart|p1: Kushalos|move: Stealth Rock
|
|-heal|p2a: Rhyperior|326\/434|[from] item: Leftovers
|turn|6
|callback|decision
|chat|Kushalos|FLYGON YOU WEAK BITCH NOT EVEN HALF
|chat|Calloflochie|AHHAHAHAHAHAHAHA
|
|move|p1a: Be so Flaai|Earthquake|p2a: Rhyperior
|-supereffective|p2a: Rhyperior
|-damage|p2a: Rhyperior|181\/434
|move|p2a: Rhyperior|Dragon Tail|p1a: Be so Flaai|[miss]
|-miss|p2a: Rhyperior|p1a: Be so Flaai
|
|-heal|p2a: Rhyperior|208\/434|[from] item: Leftovers
|turn|7
|callback|decision
|chat|Calloflochie|THAT WAS FUCKING TERRIBLE
|chat|Calloflochie|AHAHAHAHAHAHAHAHAHAHAHA
|chat|Calloflochie|AHAHAHAHAHAHAHAHAHAHAAHA
|chat|Kushalos|skillfully dodging doe
|chat|Kushalos|:>
|chat|Calloflochie|AHAAHAHAHAHHAHAAHHAAHAHA
|
|move|p1a: Be so Flaai|Earthquake|p2a: Rhyperior
|-supereffective|p2a: Rhyperior
|-damage|p2a: Rhyperior|82\/434
|move|p2a: Rhyperior|Dragon Tail|p1a: Be so Flaai
|-supereffective|p1a: Be so Flaai
|-damage|p1a: Be so Flaai|161\/301
|drag|p1a: hi hump BIETCH|Mienshao, F|272\/272
|-damage|p1a: hi hump BIETCH|255\/272|[from] Stealth Rock
|
|-heal|p2a: Rhyperior|109\/434|[from] item: Leftovers
|turn|8
|callback|decision
|join|Yoshi on Steroids
|
|move|p1a: hi hump BIETCH|Substitute|p1a: hi hump BIETCH
|-start|p1a: hi hump BIETCH|Substitute
|-damage|p1a: hi hump BIETCH|187\/272
|move|p2a: Rhyperior|Stealth Rock|p1a: hi hump BIETCH
|-fail|p1a: hi hump BIETCH
|
|-heal|p2a: Rhyperior|136\/434|[from] item: Leftovers
|turn|9
|callback|decision
|chat|Damnosaur|oops
|chat|Yoshi on Steroids|hey
|chat|Calloflochie|the playz
|chat|Kushalos|shroomzeh :D
|chat|Yoshi on Steroids|:D
|
|move|p1a: hi hump BIETCH|Hi Jump Kick|p2a: Rhyperior
|-supereffective|p2a: Rhyperior
|-damage|p2a: Rhyperior|0 fnt
|-damage|p1a: hi hump BIETCH|160\/272|[from] item: Life Orb
|faint|p2a: Rhyperior
|
|callback|decision
|chat|Calloflochie|who is yoshi on roids?
|chat|Yoshi on Steroids|Punchshroom
|chat|Kushalos|punchshroom
|
|switch|p2a: Cofagrigus|Cofagrigus, M|320\/320
|turn|10
|callback|decision
|chat|Calloflochie|ah
|chat|Calloflochie|I know that guy
|chat|Kushalos|hes not a guy
|
|move|p1a: hi hump BIETCH|Baton Pass|p1a: hi hump BIETCH
|callback|decision
|
|switch|p1a: THIS GIRL|Chandelure, M|261\/261
|-damage|p1a: THIS GIRL|196\/261|[from] Stealth Rock
|move|p2a: Cofagrigus|Shadow Ball|p1a: THIS GIRL
|-supereffective|p1a: THIS GIRL
|-end|p1a: THIS GIRL|Substitute
|
|turn|11
|callback|decision
|join|HeracrossTheGreek
|
|switch|p2a: Blastoise|Blastoise, M|362\/362
|move|p1a: THIS GIRL|Shadow Ball|p2a: Blastoise
|-damage|p2a: Blastoise|216\/362
|-damage|p1a: THIS GIRL|170\/261|[from] item: Life Orb
|
|-heal|p2a: Blastoise|238\/362|[from] item: Leftovers
|turn|12
|callback|decision
|chat|Calloflochie|he\/she\/it isnt :O
|chat|Kushalos|wtf that didnt even make sense
|chat|Kushalos|lol
|chat|Damnosaur|why's there so many people joining
|chat|Kushalos|Cuz
|chat|Kushalos|this girl is on fire
|chat|Kushalos|thats why
|chat|Damnosaur|hm
|
|switch|p1a: Destroy|Kingdra, M|159\/291
|-damage|p1a: Destroy|123\/291|[from] Stealth Rock
|switch|p2a: Darmanitan|Darmanitan, F|351\/351
|
|turn|13
|callback|decision
|
|move|p2a: Darmanitan|U-turn|p1a: Destroy
|-damage|p1a: Destroy|0 fnt
|faint|p1a: Destroy
|callback|decision
|chat|Kushalos|damn
|chat|Kushalos|stronk
|leave|HeracrossTheGreek
|
|switch|p2a: Blastoise|Blastoise, M|238\/362
|
|-heal|p2a: Blastoise|260\/362|[from] item: Leftovers
|callback|decision
|chat|Calloflochie|kush
|
|switch|p1a: hi hump BIETCH|Mienshao, F|250\/272
|-damage|p1a: hi hump BIETCH|233\/272|[from] Stealth Rock
|turn|14
|callback|decision
|chat|Calloflochie|this team is shit
|chat|Calloflochie|imo
|chat|Kushalos|it is
|chat|Kushalos|but im using it anyway
|
|switch|p2a: Cofagrigus|Cofagrigus, M|320\/320
|move|p1a: hi hump BIETCH|Hi Jump Kick|p2a: Cofagrigus
|-immune|p2a: Cofagrigus|[msg]
|-damage|p1a: hi hump BIETCH|97\/272|[from] hijumpkick
|
|turn|15
|callback|decision
|chat|Calloflochie|:]
|chat|Kushalos|lel
|chat|Kushalos|i knew it
|chat|Calloflochie|great play
|chat|Calloflochie|GREAT
|
|move|p1a: hi hump BIETCH|Baton Pass|p1a: hi hump BIETCH
|callback|decision
|chat|Damnosaur|lol
|
|switch|p1a: Bow for me|Nidoqueen, F|359\/359
|-damage|p1a: Bow for me|337\/359|[from] Stealth Rock
|move|p2a: Cofagrigus|Trick Room|p2a: Cofagrigus
|-fieldstart|move: Trick Room|[of] p2a: Cofagrigus
|
|turn|16
|callback|decision
|join|Chespin Glover
|
|move|p2a: Cofagrigus|Nasty Plot|p2a: Cofagrigus
|-boost|p2a: Cofagrigus|spa|2
|move|p1a: Bow for me|Earth Power|p2a: Cofagrigus
|-damage|p2a: Cofagrigus|135\/320
|
|-heal|p2a: Cofagrigus|155\/320|[from] item: Leftovers
|turn|17
|callback|decision
|chat|Kushalos|BOOM
|
|move|p2a: Cofagrigus|Shadow Ball|p1a: Bow for me
|-damage|p1a: Bow for me|67\/359
|move|p1a: Bow for me|Earth Power|p2a: Cofagrigus
|-damage|p2a: Cofagrigus|0 fnt
|faint|p2a: Cofagrigus
|
|callback|decision
|
|switch|p2a: Blastoise|Blastoise, M|260\/362
|turn|18
|callback|decision
|chat|Kushalos|Nidoqueen too good
|
|move|p2a: Blastoise|Scald|p1a: Bow for me
|-supereffective|p1a: Bow for me
|-damage|p1a: Bow for me|0 fnt
|faint|p1a: Bow for me
|
|-heal|p2a: Blastoise|282\/362|[from] item: Leftovers
|callback|decision
|chat|Damnosaur|Cofag can now join Flygon
|
|switch|p1a: hi hump BIETCH|Mienshao, F|187\/272
|-damage|p1a: hi hump BIETCH|170\/272|[from] Stealth Rock
|turn|19
|callback|decision
|
|move|p2a: Blastoise|Scald|p1a: hi hump BIETCH
|-damage|p1a: hi hump BIETCH|34\/272
|-status|p1a: hi hump BIETCH|brn
|move|p1a: hi hump BIETCH|Hi Jump Kick|p2a: Blastoise
|-damage|p2a: Blastoise|146\/362
|-damage|p1a: hi hump BIETCH|7\/272 brn|[from] item: Life Orb
|
|-heal|p2a: Blastoise|168\/362|[from] item: Leftovers
|-damage|p1a: hi hump BIETCH|0 fnt|[from] brn
|-fieldend|move: Trick Room
|faint|p1a: hi hump BIETCH
|callback|decision
|chat|Calloflochie|cofag is far better than flygon
|chat|Kushalos|lol
|chat|Kushalos|NOOOOOOOOOOOOO
|chat|Damnosaur|oops
|chat|Damnosaur|:)
|chat|Kushalos|FML
|
|switch|p1a: THIS GIRL|Chandelure, M|170\/261
|-damage|p1a: THIS GIRL|105\/261|[from] Stealth Rock
|turn|20
|callback|decision
|chat|Kushalos|dont worry i still got diz
|chat|Yoshi on Steroids|fwg
|chat|Kushalos|dunt eva worreh
|chat|Yoshi on Steroids|Kush ur fuked
|
|move|p1a: THIS GIRL|Shadow Ball|p2a: Blastoise
|-damage|p2a: Blastoise|19\/362
|-damage|p1a: THIS GIRL|79\/261|[from] item: Life Orb
|move|p2a: Blastoise|Scald|p1a: THIS GIRL
|-crit|p1a: THIS GIRL
|-supereffective|p1a: THIS GIRL
|-damage|p1a: THIS GIRL|0 fnt
|faint|p1a: THIS GIRL
|
|-heal|p2a: Blastoise|41\/362|[from] item: Leftovers
|callback|decision
|chat|Yoshi on Steroids|**EARTHQUAKE EVERYTHING**
|
|switch|p1a: Be so Flaai|Flygon, M|161\/301
|-damage|p1a: Be so Flaai|143\/301|[from] Stealth Rock
|turn|21
|callback|decision
|chat|Damnosaur|i think your flygon can sweep me though
|chat|Kushalos|i hope it can
|
|move|p1a: Be so Flaai|Earthquake|p2a: Blastoise
|-damage|p2a: Blastoise|0 fnt
|faint|p2a: Blastoise
|
|callback|decision
|chat|Kushalos|if your roserade is defensive
|chat|Kushalos|i win
|chat|Calloflochie|NO
|chat|Calloflochie|WHY DID YOU EQ
|chat|Calloflochie|YOU NEEDED TO OUTRAGE
|chat|Calloflochie|ROSERADE LIVES EQ
|chat|Chespin Glover|hehe
|chat|Kushalos|BECAUSE OUTRAGE DOESNT TAKE OUT DARM YOU DIPSHIT
|
|switch|p2a: Roserade|Roserade, M|324\/324
|turn|22
|callback|decision
|chat|Calloflochie|inb4 crit
|chat|Chespin Glover|WHY SO YELL
|chat|Calloflochie|INB4 CRIT
|chat|Damnosaur|....
|chat|Kushalos|BECAUSE WE CAN
|
|move|p1a: Be so Flaai|Earthquake|p2a: Roserade
|-damage|p2a: Roserade|69\/324
|move|p2a: Roserade|Giga Drain|p1a: Be so Flaai
|-damage|p1a: Be so Flaai|25\/301
|-heal|p2a: Roserade|128\/324|[from] drain|[of] p1a: Be so Flaai
|
|-heal|p2a: Roserade|148\/324|[from] item: Black Sludge
|turn|23
|callback|decision
|chat|Damnosaur|wow
|chat|Kushalos|YES
|chat|Chespin Glover|lol
|chat|Calloflochie|SURVIVALLLLLLLLLLLLLL
|chat|Kushalos|CALLO
|chat|Chespin Glover|jeejee
|chat|Kushalos|DONT EVEN
|chat|Kushalos|WORRY
|chat|Kushalos|BOUT
|chat|Kushalos|ME
|chat|Kushalos|IGOT DIXKDFOGVHDFGB
|
|move|p1a: Be so Flaai|Earthquake|p2a: Roserade
|-damage|p2a: Roserade|0 fnt
|faint|p2a: Roserade
|
|callback|decision
|chat|Damnosaur|and this is why sleep powder is so important
|
|switch|p2a: Darmanitan|Darmanitan, F|351\/351
|turn|24
|callback|decision
|c|+Kushalos|!learn darmanitan, quick attack
|raw|<div class="infobox">Darmanitan <span class="message-learn-cannotlearn">can't<\/span> learn Quick Attack<\/div>
|chat|Damnosaur|gg
|chat|Kushalos|:D
|chat|Kushalos|gg
|
|move|p1a: Be so Flaai|Earthquake|p2a: Darmanitan
|-supereffective|p2a: Darmanitan
|-damage|p2a: Darmanitan|0 fnt
|faint|p2a: Darmanitan
|
|win|Kushalos
|raw|Ladder updating...
|chat|Chespin Glover|haha
|raw|Kushalos's rating: 1911 &rarr; <strong>1917<\/strong><br \/>(+6 for winning)
|raw|Damnosaur's rating: 1706 &rarr; <strong>1703<\/strong><br \/>(-3 for losing)
|chat|Calloflochie|YESSSSSSSSSSSSSSSSSS
|leave|Chespin Glover