|join|Damnosaur
|join|Johnny Guitar
|player|p1|Damnosaur|220
|player|p2|Johnny Guitar|265
|gametype|singles
|tier|UU
|rated
|rule|Sleep Clause Mod: Limit one foe put to sleep
|rule|Species Clause: Limit one of each Pokemon
|rule|OHKO Clause: OHKO moves are banned
|rule|Moody Clause: Moody is banned
|rule|Evasion Moves Clause: Evasion moves are banned
|rule|HP Percentage Mod: HP is reported as percentages
|rule|Evasion Abilities Clause: Evasion abilities are banned
|clearpoke
|poke|p1|Darmanitan, M
|poke|p1|Blastoise, F
|poke|p1|Roserade, M
|poke|p1|Machamp, F
|poke|p1|Rhyperior, F
|poke|p1|Cofagrigus, F
|poke|p2|Abomasnow, F
|poke|p2|Slowbro, M
|poke|p2|Nidoqueen, F
|poke|p2|Flygon, M
|poke|p2|Escavalier, M
|poke|p2|Rotom-Frost
|teampreview
|callback|decision
|
|start
|switch|p1a: Darmanitan|Darmanitan, M|351\/351
|switch|p2a: Flygon|Flygon, M|301\/301
|turn|1
|callback|decision
|join|Rates
|
|move|p2a: Flygon|U-turn|p1a: Darmanitan
|-resisted|p1a: Darmanitan
|-damage|p1a: Darmanitan|291\/351
|callback|decision
|
|switch|p2a: Slowbro|Slowbro, M|393\/393
|move|p1a: Darmanitan|U-turn|p2a: Slowbro
|-supereffective|p2a: Slowbro
|-damage|p2a: Slowbro|205\/393
|callback|decision
|
|switch|p1a: Roserade|Roserade, M|324\/324
|
|-heal|p2a: Slowbro|229\/393|[from] item: Leftovers
|turn|2
|callback|decision
|
|switch|p2a: Escavalier|Escavalier, M|343\/343
|move|p1a: Roserade|Sleep Powder|p2a: Escavalier|[miss]
|-miss|p1a: Roserade|p2a: Escavalier
|
|turn|3
|callback|decision
|
|switch|p1a: Cofagrigus|Cofagrigus, F|320\/320
|move|p2a: Escavalier|Megahorn|p1a: Cofagrigus|[miss]
|-miss|p2a: Escavalier|p1a: Cofagrigus
|
|turn|4
|callback|decision
|
|move|p2a: Escavalier|Substitute|p2a: Escavalier
|-start|p2a: Escavalier|Substitute
|-damage|p2a: Escavalier|258\/343
|move|p1a: Cofagrigus|Nasty Plot|p1a: Cofagrigus
|-boost|p1a: Cofagrigus|spa|2
|
|-heal|p2a: Escavalier|279\/343|[from] item: Leftovers
|turn|5
|callback|decision
|
|move|p2a: Escavalier|Swords Dance|p2a: Escavalier
|-boost|p2a: Escavalier|atk|2
|move|p1a: Cofagrigus|Trick Room|p1a: Cofagrigus
|-fieldstart|move: Trick Room|[of] p1a: Cofagrigus
|
|-heal|p2a: Escavalier|300\/343|[from] item: Leftovers
|turn|6
|callback|decision
|
|move|p1a: Cofagrigus|Hidden Power|p2a: Escavalier
|-end|p2a: Escavalier|Substitute
|move|p2a: Escavalier|Iron Head|p1a: Cofagrigus
|-damage|p1a: Cofagrigus|107\/320
|-ability|p2a: Escavalier|Mummy|[from] Mummy
|
|-heal|p1a: Cofagrigus|127\/320|[from] item: Leftovers
|-heal|p2a: Escavalier|321\/343|[from] item: Leftovers
|turn|7
|callback|decision
|
|move|p1a: Cofagrigus|Hidden Power|p2a: Escavalier
|-damage|p2a: Escavalier|190\/343
|move|p2a: Escavalier|Iron Head|p1a: Cofagrigus
|-damage|p1a: Cofagrigus|0 fnt
|faint|p1a: Cofagrigus
|
|-heal|p2a: Escavalier|211\/343|[from] item: Leftovers
|callback|decision
|
|switch|p1a: Rhyperior|Rhyperior, F|434\/434
|turn|8
|callback|decision
|
|move|p2a: Escavalier|Iron Head|p1a: Rhyperior
|-supereffective|p1a: Rhyperior
|-damage|p1a: Rhyperior|169\/434
|cant|p1a: Rhyperior|flinch
|
|-heal|p2a: Escavalier|232\/343|[from] item: Leftovers
|-heal|p1a: Rhyperior|196\/434|[from] item: Leftovers
|turn|9
|callback|decision
|chat|Johnny Guitar|sorry
|
|move|p2a: Escavalier|Megahorn|p1a: Rhyperior
|-damage|p1a: Rhyperior|0 fnt
|faint|p1a: Rhyperior
|
|-heal|p2a: Escavalier|253\/343|[from] item: Leftovers
|-fieldend|move: Trick Room
|callback|decision
|
|switch|p1a: Darmanitan|Darmanitan, M|291\/351
|turn|10
|callback|decision
|
|switch|p2a: Slowbro|Slowbro, M|360\/393
|move|p1a: Darmanitan|Flare Blitz|p2a: Slowbro
|-resisted|p2a: Slowbro
|-damage|p2a: Slowbro|216\/393
|-damage|p1a: Darmanitan|243\/351|[from] recoil|[of] p2a: Slowbro
|
|-heal|p2a: Slowbro|240\/393|[from] item: Leftovers
|turn|11
|callback|decision
|
|switch|p1a: Roserade|Roserade, M|324\/324
|move|p2a: Slowbro|Thunder Wave|p1a: Roserade
|-status|p1a: Roserade|par
|
|-heal|p2a: Slowbro|264\/393|[from] item: Leftovers
|turn|12
|callback|decision
|
|switch|p2a: Escavalier|Escavalier, M|253\/343
|cant|p1a: Roserade|par
|
|-heal|p2a: Escavalier|274\/343|[from] item: Leftovers
|turn|13
|callback|decision
|chat|Johnny Guitar|damn, sorry
|
|move|p2a: Escavalier|Substitute|p2a: Escavalier
|-start|p2a: Escavalier|Substitute
|-damage|p2a: Escavalier|189\/343
|cant|p1a: Roserade|par
|
|-heal|p2a: Escavalier|210\/343|[from] item: Leftovers
|turn|14
|callback|decision
|-message|Damnosaur forfeited.
|
|win|Johnny Guitar
|raw|Ladder updating...
|leave|Damnosaur
|player|p1
|raw|Damnosaur's rating: 1718 &rarr; <strong>1709<\/strong><br \/>(-9 for losing)
|raw|Johnny Guitar's rating: 1702 &rarr; <strong>1710<\/strong><br \/>(+8 for winning)
|leave|Rates