|join|ULT LibLuc
|join|Cat8752
|player|p1|ULT LibLuc|130
|player|p2|Cat8752|209
|gametype|singles
|gen|6
|tier|UU
|rated
|rule|Sleep Clause Mod: Limit one foe put to sleep
|rule|Species Clause: Limit one of each PokÃ©mon
|rule|OHKO Clause: OHKO moves are banned
|rule|Moody Clause: Moody is banned
|rule|Evasion Moves Clause: Evasion moves are banned
|rule|Endless Battle Clause: Forcing endless battles is banned
|rule|HP Percentage Mod: HP is shown in percentages
|clearpoke
|poke|p1|Virizion
|poke|p1|Aggron, F
|poke|p1|Vaporeon, M
|poke|p1|Hydreigon, M
|poke|p1|Cresselia, F
|poke|p1|Krookodile, M
|poke|p2|Azelf
|poke|p2|Lucario, M
|poke|p2|Entei, shiny
|poke|p2|Crobat, M
|poke|p2|Hydreigon, F
|poke|p2|Jirachi, shiny
|rule|Swagger Clause: Swagger is banned
|rule|Baton Pass Clause: Limit one PokÃ©mon knowing Baton Pass
|teampreview
|
|start
|switch|p1a: cb head smash|Aggron, F|344\/344
|switch|p2a: Azelf|Azelf|291\/291
|turn|1
|
|detailschange|p1a: cb head smash|Aggron-Mega, F
|-mega|p1a: cb head smash|Aggron|Aggronite
|move|p2a: Azelf|Stealth Rock|p1a: cb head smash
|-sidestart|p1: ULT LibLuc|move: Stealth Rock
|move|p1a: cb head smash|Heavy Slam|p2a: Azelf
|-damage|p2a: Azelf|51\/291
|
|turn|2
|
|move|p2a: Azelf|Explosion|p1a: cb head smash
|-crit|p1a: cb head smash
|-resisted|p1a: cb head smash
|-damage|p1a: cb head smash|263\/344
|faint|p2a: Azelf
|move|p1a: cb head smash|Stealth Rock|p2: Azelf
|-sidestart|p2: Cat8752|move: Stealth Rock
|
|c|âCat8752|yus
|c|âCat8752|noes
|c|âULT LibLuc|lol
|c|âCat8752|;-;
|leave|ULT LibLuc
|c|âCat8752|amn
|player|p1
|join|ULT LibLuc
|c|âULT LibLuc|sorry
|c|âULT LibLuc|closed tab
|c|âULT LibLuc|by accident
|player|p1|ULT LibLuc|130
|c|âCat8752|didn't want to claim victory
|c|âCat8752|cause ur good
|c|âCat8752|so far
|c|âCat8752|oh god
|c|âCat8752|that thing
|c|âCat8752|what can I even do?
|c|âULT LibLuc|go to entei
|c|âULT LibLuc|imo
|c|âCat8752|holy shit
|c|âCat8752|yeah ik
|
|switch|p2a: Waifu for Laifu|Entei, shiny|371\/371
|-damage|p2a: Waifu for Laifu|279\/371|[from] Stealth Rock
|-ability|p2a: Waifu for Laifu|Pressure
|turn|3
|c|âCat8752|but I have to rely on sacred burn
|c|âULT LibLuc|dw
|c|âULT LibLuc|sacred burn is all you'll get
|
|switch|p1a: band|Vaporeon, M|451\/451
|-damage|p1a: band|395\/451|[from] Stealth Rock
|move|p2a: Waifu for Laifu|Sacred Fire|p1a: band
|-resisted|p1a: band
|-damage|p1a: band|258\/451
|
|-heal|p1a: band|286\/451|[from] item: Leftovers
|turn|4
|c|âULT LibLuc|because i'm not lucky
|c|âULT LibLuc|oh ok
|c|âULT LibLuc|i won the last game i played with a speed tie win tbh
|c|âULT LibLuc|guess i'm just lucky today
|c|âCat8752|I got a crit burn on the last vap I battled
|c|âCat8752|this is karma
|c|âULT LibLuc|lol
|c|âCat8752|is this a stall team?
|c|âCat8752|or just balance?
|
|switch|p2a: Lucario|Lucario, M|281\/281
|-damage|p2a: Lucario|273\/281|[from] Stealth Rock
|move|p1a: band|Wish|p1a: band
|
|-heal|p1a: band|314\/451|[from] item: Leftovers
|turn|5
|c|âCat8752|this is like my 40th battle or something
|c|âULT LibLuc|this is balances
|c|âCat8752|so I'm still trying to understand the meta
|c|âCat8752|k
|c|âULT LibLuc|if you notice, Aggron + Vap is here
|c|âULT LibLuc|most stall teams don't use vap, it's more of a balance\/BO mon
|c|âCat8752|oh okay
|c|âULT LibLuc|and Krook\/Hydrei\/Virizion is an offensive core
|c|âULT LibLuc|stall tends to use 5\/6 defensive mons
|c|âCat8752|and cress is bulky af
|c|âULT LibLuc|with maybe a win condition (sub + calm mind jirachi, sub + calm mind cress)
|c|âULT LibLuc|yeah
|c|âCat8752|so there's the balance
|c|âULT LibLuc|you'll learn in time what the differences are
|c|âCat8752|:)
|c|âULT LibLuc|in balance there's a __balance__ of a defensive + offensive core
|c|âULT LibLuc|so you have offensive pressure but a core to fall back on
|c|âULT LibLuc|stall just pressures the opponent with residual damage and packs defensive counters to every major threat
|c|âULT LibLuc|that should be enough for now
|
|move|p2a: Lucario|Swords Dance|p2a: Lucario
|-boost|p2a: Lucario|atk|2
|move|p1a: band|Baton Pass|p1a: band
|
|switch|p1a: breaker|Krookodile, M|331\/331
|-damage|p1a: breaker|311\/331|[from] Stealth Rock
|-ability|p1a: breaker|Intimidate|[of] p2a: Lucario
|-unboost|p2a: Lucario|atk|1
|
|-heal|p1a: breaker|331\/331|[from] move: Wish|[wisher] band
|turn|6
|c|âCat8752|o god no
|c|âCat8752|nvm
|c|âCat8752|thot u were going for. . .
|c|âCat8752|it
|c|âULT LibLuc|lol
|
|switch|p2a: Hydreigon|Hydreigon, F|325\/325
|-damage|p2a: Hydreigon|285\/325|[from] Stealth Rock
|move|p1a: breaker|Earthquake|p2a: Hydreigon
|-immune|p2a: Hydreigon|[msg]
|
|turn|7
|
|switch|p1a: cb head smash|Aggron-Mega, F|263\/344
|-damage|p1a: cb head smash|242\/344|[from] Stealth Rock
|move|p2a: Hydreigon|Dark Pulse|p1a: cb head smash
|-damage|p1a: cb head smash|50\/344
|-damage|p2a: Hydreigon|253\/325|[from] item: Life Orb
|
|turn|8
|c|âCat8752|so that's my best bet
|
|switch|p1a: mfw horse|Virizion|323\/323
|-damage|p1a: mfw horse|303\/323|[from] Stealth Rock
|move|p2a: Hydreigon|Dark Pulse|p1a: mfw horse
|-resisted|p1a: mfw horse
|-damage|p1a: mfw horse|235\/323
|-boost|p1a: mfw horse|atk|1|[from] ability: Justified
|-damage|p2a: Hydreigon|221\/325|[from] item: Life Orb
|
|turn|9
|c|âCat8752|forgot that aggron wasn't special bulky
|c|âCat8752|lol
|c|âCat8752|faq
|c|âULT LibLuc|yeah your best bet against mega aggron is to break it with strong special attacks + residual damage
|c|âCat8752|:)
|
|switch|p2a: Soul Sucker|Jirachi, shiny|342\/342
|-damage|p2a: Soul Sucker|321\/342|[from] Stealth Rock
|move|p1a: mfw horse|Zen Headbutt|p2a: Soul Sucker
|-resisted|p2a: Soul Sucker
|-damage|p2a: Soul Sucker|292\/342
|
|turn|10
|c|âULT LibLuc|it gets worn down rather easily because it has no recovery and can be hit with every entry hazard except for tspikes
|c|âULT LibLuc|etc
|
|switch|p1a: cb head smash|Aggron-Mega, F|50\/344
|-damage|p1a: cb head smash|29\/344|[from] Stealth Rock
|move|p2a: Soul Sucker|Iron Head|p1a: cb head smash
|-crit|p1a: cb head smash
|-resisted|p1a: cb head smash
|-damage|p1a: cb head smash|0 fnt
|faint|p1a: cb head smash
|
|c|âCat8752|jirachi is hax god
|
|switch|p1a: breaker|Krookodile, M|331\/331
|-damage|p1a: breaker|311\/331|[from] Stealth Rock
|-ability|p1a: breaker|Intimidate|[of] p2a: Soul Sucker
|-unboost|p2a: Soul Sucker|atk|1
|turn|11
|c|âCat8752|hax god is haxy
|
|switch|p2a: Hydreigon|Hydreigon, F|221\/325
|-damage|p2a: Hydreigon|181\/325|[from] Stealth Rock
|move|p1a: breaker|Knock Off|p2a: Hydreigon
|-resisted|p2a: Hydreigon
|-damage|p2a: Hydreigon|51\/325
|-enditem|p2a: Hydreigon|Life Orb|[from] move: Knock Off|[of] p1a: breaker
|
|turn|12
|c|âCat8752|knock off KO :(
|
|switch|p1a: band|Vaporeon, M|314\/451
|-damage|p1a: band|258\/451|[from] Stealth Rock
|move|p2a: Hydreigon|Superpower|p1a: band
|-damage|p1a: band|153\/451
|-unboost|p2a: Hydreigon|atk|1
|-unboost|p2a: Hydreigon|def|1
|
|-heal|p1a: band|181\/451|[from] item: Leftovers
|turn|13
|
|move|p2a: Hydreigon|Draco Meteor|p1a: band
|-damage|p1a: band|0 fnt
|-unboost|p2a: Hydreigon|spa|2
|faint|p1a: band
|
|
|switch|p1a: fairies|Hydreigon, M|325\/325
|-damage|p1a: fairies|285\/325|[from] Stealth Rock
|turn|14
|
|move|p1a: fairies|U-turn|p2a: Hydreigon
|-supereffective|p2a: Hydreigon
|-damage|p2a: Hydreigon|0 fnt
|faint|p2a: Hydreigon
|c|âCat8752|cmon speed tie
|c|âULT LibLuc|im scarf
|c|âCat8752|welp
|c|âULT LibLuc|dw
|c|âCat8752|nvm,
|
|switch|p1a: not lunar dance|Cresselia, F|433\/433
|-damage|p1a: not lunar dance|379\/433|[from] Stealth Rock
|
|-heal|p1a: not lunar dance|406\/433|[from] item: Leftovers
|c|âCat8752|now wat
|
|switch|p2a: Waifu for Laifu|Entei, shiny|279\/371
|-damage|p2a: Waifu for Laifu|187\/371|[from] Stealth Rock
|-ability|p2a: Waifu for Laifu|Pressure
|turn|15
|
|move|p2a: Waifu for Laifu|Flare Blitz|p1a: not lunar dance
|-damage|p1a: not lunar dance|144\/433
|-damage|p2a: Waifu for Laifu|101\/371|[from] recoil|[of] p1a: not lunar dance
|move|p1a: not lunar dance|Psyshock|p2a: Waifu for Laifu
|-damage|p2a: Waifu for Laifu|0 fnt
|faint|p2a: Waifu for Laifu
|
|-heal|p1a: not lunar dance|171\/433|[from] item: Leftovers
|c|âCat8752|gg
|
|switch|p2a: Soul Sucker|Jirachi, shiny|292\/342
|-damage|p2a: Soul Sucker|271\/342|[from] Stealth Rock
|turn|16
|c|âULT LibLuc|why are you saying gg
|c|âULT LibLuc|lol
|c|âCat8752|no, its too early to give up!
|c|âCat8752|this does look pretty hopeless
|
|switch|p1a: mfw horse|Virizion|235\/323
|-damage|p1a: mfw horse|215\/323|[from] Stealth Rock
|move|p2a: Soul Sucker|Iron Head|p1a: mfw horse
|-damage|p1a: mfw horse|56\/323
|
|turn|17
|c|âCat8752|no! I've won with rachi+brobat before
|
|move|p2a: Soul Sucker|Iron Head|p1a: mfw horse
|-damage|p1a: mfw horse|0 fnt
|faint|p1a: mfw horse
|
|
|switch|p1a: breaker|Krookodile, M|311\/331
|-damage|p1a: breaker|291\/331|[from] Stealth Rock
|-ability|p1a: breaker|Intimidate|[of] p2a: Soul Sucker
|-unboost|p2a: Soul Sucker|atk|1
|turn|18
|c|âCat8752|if that thing was scarf too. .
|
|switch|p2a: Lucario|Lucario, M|273\/281
|-damage|p2a: Lucario|265\/281|[from] Stealth Rock
|move|p1a: breaker|Knock Off|p2a: Lucario
|-resisted|p2a: Lucario
|-damage|p2a: Lucario|108\/281
|-boost|p2a: Lucario|atk|1|[from] ability: Justified
|-enditem|p2a: Lucario|Life Orb|[from] move: Knock Off|[of] p1a: breaker
|
|turn|19
|c|âCat8752|there we goziez
|
|move|p1a: breaker|Knock Off|p2a: Lucario
|-resisted|p2a: Lucario
|-damage|p2a: Lucario|3\/281
|-boost|p2a: Lucario|atk|1|[from] ability: Justified
|move|p2a: Lucario|Close Combat|p1a: breaker
|-supereffective|p1a: breaker
|-damage|p1a: breaker|0 fnt
|-unboost|p2a: Lucario|def|1
|-unboost|p2a: Lucario|spd|1
|faint|p1a: breaker
|
|c|âCat8752|I was gonna say they die as one
|c|âULT LibLuc|wait where's your
|c|âULT LibLuc|LO
|c|âCat8752|but they don't cause LO
|c|âULT LibLuc|oh right
|c|âCat8752|was knocked off
|c|âCat8752|yup
|c|âCat8752|:)
|
|switch|p1a: fairies|Hydreigon, M|285\/325
|-damage|p1a: fairies|245\/325|[from] Stealth Rock
|turn|20
|c|âCat8752|\/me squeals with excitement
|
|move|p2a: Lucario|Extreme Speed|p1a: fairies
|-damage|p1a: fairies|11\/325
|move|p1a: fairies|Dark Pulse|p2a: Lucario
|-resisted|p2a: Lucario
|-damage|p2a: Lucario|0 fnt
|faint|p2a: Lucario
|
|c|âCat8752|wow
|c|âCat8752|tho'
|c|âCat8752|gg
|
|switch|p2a: Soul Sucker|Jirachi, shiny|271\/342
|-damage|p2a: Soul Sucker|250\/342|[from] Stealth Rock
|turn|21
|-message|ULT LibLuc forfeited.
|leave|ULT LibLuc
|
|win|Cat8752
|raw|Ladder updating...
|player|p1
|raw|ULT LibLuc's rating: 1552 &rarr; <strong>1527<\/strong><br \/>(-25 for losing)
|raw|Cat8752's rating: 1457 &rarr; <strong>1482<\/strong><br \/>(+25 for winning)