|join|ritesha
|join|Cat8752
|player|p1|ritesha|101
|player|p2|Cat8752|209
|gametype|singles
|gen|6
|tier|UU
|rated
|rule|Sleep Clause Mod: Limit one foe put to sleep
|rule|Species Clause: Limit one of each PokÃ©mon
|rule|OHKO Clause: OHKO moves are banned
|rule|Moody Clause: Moody is banned
|rule|Evasion Moves Clause: Evasion moves are banned
|rule|Endless Battle Clause: Forcing endless battles is banned
|rule|HP Percentage Mod: HP is shown in percentages
|clearpoke
|poke|p1|Medicham, F
|poke|p1|Azelf
|poke|p1|Whimsicott, M
|poke|p1|Entei, shiny
|poke|p1|Lucario, F
|poke|p1|Serperior, M
|poke|p2|Azelf
|poke|p2|Lucario, M
|poke|p2|Entei, shiny
|poke|p2|Crobat, F
|poke|p2|Hydreigon, F
|poke|p2|Jirachi
|rule|Swagger Clause: Swagger is banned
|rule|Baton Pass Clause: Limit one PokÃ©mon knowing Baton Pass
|teampreview
|
|start
|switch|p1a: Azelf|Azelf|291\/291
|switch|p2a: Entei|Entei, shiny|371\/371
|-ability|p2a: Entei|Pressure
|turn|1
|
|move|p2a: Entei|Extreme Speed|p1a: Azelf
|-damage|p1a: Azelf|69\/291
|move|p1a: Azelf|Stealth Rock|p2a: Entei
|-sidestart|p2: Cat8752|move: Stealth Rock
|
|turn|2
|c|âCat8752|lol whatevs
|
|move|p2a: Entei|Extreme Speed|p1a: Azelf
|-damage|p1a: Azelf|0 fnt
|faint|p1a: Azelf
|
|
|switch|p1a: Medicham|Medicham, F|261\/261
|turn|3
|
|detailschange|p1a: Medicham|Medicham-Mega, F
|-mega|p1a: Medicham|Medicham|Medichamite
|move|p1a: Medicham|Fake Out|p2a: Entei
|-damage|p2a: Entei|281\/371
|cant|p2a: Entei|flinch
|
|turn|4
|c|âCat8752|lol u think ima run like a coward
|c|âCat8752|but I ain't gonna
|
|move|p2a: Entei|Extreme Speed|p1a: Medicham
|-damage|p1a: Medicham|108\/261
|move|p1a: Medicham|High Jump Kick|p2a: Entei
|-damage|p2a: Entei|0 fnt
|faint|p2a: Entei
|
|
|switch|p2a: Crobat|Crobat, F|373\/373
|-damage|p2a: Crobat|280\/373|[from] Stealth Rock
|turn|5
|
|move|p2a: Crobat|Defog|p1a: Medicham
|-unboost|p1a: Medicham|evasion|1
|-sideend|p2: Cat8752|Stealth Rock|[from] move: Defog|[of] p2a: Crobat
|move|p1a: Medicham|Zen Headbutt|p2a: Crobat|[miss]
|-miss|p1a: Medicham|p2a: Crobat
|
|-heal|p2a: Crobat|303\/373|[from] item: Black Sludge
|turn|6
|c|âritesha|lucky
|c|âCat8752|wow
|
|move|p2a: Crobat|Brave Bird|p1a: Medicham
|-supereffective|p1a: Medicham
|-damage|p1a: Medicham|0 fnt
|-damage|p2a: Crobat|267\/373|[from] recoil|[of] p1a: Medicham
|faint|p1a: Medicham
|
|-heal|p2a: Crobat|290\/373|[from] item: Black Sludge
|c|âCat8752|I've been having good luck all day
|c|âCat8752|you should have switched imo
|
|switch|p1a: Entei|Entei, shiny|371\/371
|-ability|p1a: Entei|Pressure
|turn|7
|c|âritesha|predicted the defog
|c|âCat8752|okay, that's fair
|c|âCat8752|but you should have at least switched the second time
|c|âCat8752|that was obvious
|
|move|p2a: Crobat|U-turn|p1a: Entei
|-resisted|p1a: Entei
|-damage|p1a: Entei|341\/371
|c|âritesha|yeah, but it's not really going to do much to your team
|
|switch|p2a: Hydreigon|Hydreigon, F|325\/325
|move|p1a: Entei|Sacred Fire|p2a: Hydreigon
|-resisted|p2a: Hydreigon
|-damage|p2a: Hydreigon|178\/325
|-status|p2a: Hydreigon|brn
|
|-damage|p2a: Hydreigon|138\/325 brn|[from] brn
|turn|8
|c|âCat8752|what megacham?
|c|âCat8752|aww
|c|âCat8752|poor me
|
|switch|p1a: Whimsicott|Whimsicott, M|261\/261
|move|p2a: Hydreigon|Draco Meteor|p1a: Whimsicott
|-immune|p1a: Whimsicott|[msg]
|
|-damage|p2a: Hydreigon|98\/325 brn|[from] brn
|turn|9
|
|move|p1a: Whimsicott|Tailwind|p1a: Whimsicott
|-sidestart|p1: ritesha|move: Tailwind
|move|p2a: Hydreigon|Roost|p2a: Hydreigon
|-heal|p2a: Hydreigon|261\/325 brn
|
|-damage|p2a: Hydreigon|221\/325 brn|[from] brn
|turn|10
|c|âCat8752|well this mon is all but useless
|
|move|p1a: Whimsicott|Moonblast|p2a: Hydreigon
|-supereffective|p2a: Hydreigon
|-damage|p2a: Hydreigon|0 fnt
|-damage|p1a: Whimsicott|235\/261|[from] item: Life Orb
|faint|p2a: Hydreigon
|
|
|switch|p2a: Jirachi|Jirachi|342\/342
|turn|11
|
|switch|p1a: Entei|Entei, shiny|341\/371
|-ability|p1a: Entei|Pressure
|move|p2a: Jirachi|Trick|p1a: Entei
|-activate|p2a: Jirachi|move: Trick|[of] p1a: Entei
|-item|p1a: Entei|Choice Scarf|[from] move: Trick
|-item|p2a: Jirachi|Choice Band|[from] move: Trick
|
|turn|12
|c|âritesha|that might be useful
|
|move|p1a: Entei|Flare Blitz|p2a: Jirachi
|-supereffective|p2a: Jirachi
|-damage|p2a: Jirachi|0 fnt
|-damage|p1a: Entei|228\/371|[from] recoil|[of] p2a: Jirachi
|faint|p2a: Jirachi
|
|-sideend|p1: ritesha|move: Tailwind
|c|âCat8752|oh
|c|âCat8752|;-;
|
|switch|p2a: Azelf|Azelf|291\/291
|turn|13
|c|âCat8752|well shit
|
|switch|p1a: Lucario|Lucario, F|281\/281
|move|p2a: Azelf|Knock Off|p1a: Lucario
|-resisted|p1a: Lucario
|-damage|p1a: Lucario|200\/281
|-enditem|p1a: Lucario|Life Orb|[from] move: Knock Off|[of] p2a: Azelf
|
|turn|14
|c|âCat8752|knew it
|c|âCat8752|wow
|c|âCat8752|no justified
|c|âCat8752|yuss
|
|move|p1a: Lucario|Extreme Speed|p2a: Azelf
|-damage|p2a: Azelf|183\/291
|move|p2a: Azelf|Stealth Rock|p1a: Lucario
|-sidestart|p1: ritesha|move: Stealth Rock
|
|turn|15
|
|move|p2a: Azelf|Explosion|p1a: Lucario
|-resisted|p1a: Lucario
|-damage|p1a: Lucario|0 fnt
|faint|p2a: Azelf
|faint|p1a: Lucario
|
|c|âritesha|have inner focus for jirachi
|c|âCat8752|lucario is pretty sad with no life orb
|c|âCat8752|well gg
|c|âritesha|gg
|
|switch|p1a: Whimsicott|Whimsicott, M|235\/261
|switch|p2a: Crobat|Crobat, F|290\/373
|-damage|p1a: Whimsicott|203\/261|[from] Stealth Rock
|turn|16
|c|âCat8752|anything I send out you can rek with entei
|c|âCat8752|lol
|
|move|p1a: Whimsicott|Stun Spore|p2a: Crobat
|-status|p2a: Crobat|par
|move|p2a: Crobat|Brave Bird|p1a: Whimsicott
|-supereffective|p1a: Whimsicott
|-damage|p1a: Whimsicott|0 fnt
|-damage|p2a: Crobat|223\/373 par|[from] recoil|[of] p1a: Whimsicott
|faint|p1a: Whimsicott
|
|-heal|p2a: Crobat|246\/373 par|[from] item: Black Sludge
|
|switch|p1a: Entei|Entei, shiny|228\/371
|-damage|p1a: Entei|136\/371|[from] Stealth Rock
|-ability|p1a: Entei|Pressure
|turn|17
|
|move|p1a: Entei|Sacred Fire|p2a: Crobat
|-damage|p2a: Crobat|23\/373 par
|cant|p2a: Crobat|par
|
|-heal|p2a: Crobat|46\/373 par|[from] item: Black Sludge
|turn|18
|c|âCat8752|wow
|c|âritesha|hmm thought it would kill
|c|âritesha|you running bulk?
|c|âCat8752|all I need is a sacred fire miss to make it better
|c|âCat8752|and no full para
|
|move|p1a: Entei|Sacred Fire|p2a: Crobat|[miss]
|-miss|p1a: Entei|p2a: Crobat
|move|p2a: Crobat|Brave Bird|p1a: Entei
|-damage|p1a: Entei|0 fnt
|-damage|p2a: Crobat|1\/373 par|[from] recoil|[of] p1a: Entei
|faint|p1a: Entei
|
|-heal|p2a: Crobat|24\/373 par|[from] item: Black Sludge
|c|âCat8752|wow
|c|âCat8752|oml
|c|âCat8752|I'm a profet
|
|switch|p1a: Serperior|Serperior, M|291\/291
|-damage|p1a: Serperior|255\/291|[from] Stealth Rock
|turn|19
|c|âCat8752|*prophet
|
|move|p1a: Serperior|Leaf Storm|p2a: Crobat
|-resisted|p2a: Crobat
|-damage|p2a: Crobat|0 fnt
|-boost|p1a: Serperior|spa|2
|faint|p2a: Crobat
|
|-heal|p1a: Serperior|273\/291|[from] item: Leftovers
|c|âCat8752|wish I had killed myself with that BB tho
|
|switch|p2a: Lucario|Lucario, M|281\/281
|turn|20
|
|move|p1a: Serperior|Leaf Storm|p2a: Lucario
|-resisted|p2a: Lucario
|-damage|p2a: Lucario|49\/281
|-boost|p1a: Serperior|spa|2
|move|p2a: Lucario|Close Combat|p1a: Serperior
|-damage|p1a: Serperior|0 fnt
|-unboost|p2a: Lucario|def|1
|-unboost|p2a: Lucario|spd|1
|-damage|p2a: Lucario|21\/281|[from] item: Life Orb
|faint|p1a: Serperior
|
|win|Cat8752
|raw|Ladder updating...
|raw|ritesha's rating: 1406 &rarr; <strong>1384<\/strong><br \/>(-22 for losing)
|raw|Cat8752's rating: 1374 &rarr; <strong>1396<\/strong><br \/>(+22 for winning)
|c|âritesha|gg
|c|âCat8752|gg
|c|âCat8752|are you specs?
|c|âritesha|hax, but still good
|c|âCat8752|or scarf or something
|c|âritesha|no leftovers
|c|âCat8752|tru
|c|âCat8752|o right lol
|c|âCat8752|gg