|join|Cat8752
|join|JordTheNord
|player|p1|Cat8752|209
|player|p2|JordTheNord|1
|gametype|singles
|gen|6
|tier|UU
|rated
|rule|Sleep Clause Mod: Limit one foe put to sleep
|rule|Species Clause: Limit one of each PokÃ©mon
|rule|OHKO Clause: OHKO moves are banned
|rule|Moody Clause: Moody is banned
|rule|Evasion Moves Clause: Evasion moves are banned
|rule|Endless Battle Clause: Forcing endless battles is banned
|rule|HP Percentage Mod: HP is shown in percentages
|clearpoke
|poke|p1|Azelf
|poke|p1|Lucario, M
|poke|p1|Entei, shiny
|poke|p1|Crobat, M
|poke|p1|Hydreigon, F
|poke|p1|Jirachi, shiny
|poke|p2|Haxorus, F
|poke|p2|Entei, shiny
|poke|p2|Forretress, M
|poke|p2|Nidoqueen, F
|poke|p2|Medicham, F
|poke|p2|Cresselia, F
|rule|Swagger Clause: Swagger is banned
|rule|Baton Pass Clause: Limit one PokÃ©mon knowing Baton Pass
|teampreview
|c|âCat8752|glhf
|c|âJordTheNord|u2 :)
|
|start
|switch|p1a: Azelf|Azelf|291\/291
|switch|p2a: Haxorus|Haxorus, F|324\/324
|-ability|p2a: Haxorus|Mold Breaker
|turn|1
|
|move|p2a: Haxorus|Outrage|p1a: Azelf
|-enditem|p1a: Azelf|Focus Sash
|-damage|p1a: Azelf|1\/291
|move|p1a: Azelf|Stealth Rock|p2a: Haxorus
|-sidestart|p2: JordTheNord|move: Stealth Rock
|
|turn|2
|
|move|p2a: Haxorus|Outrage|p1a: Azelf
|-damage|p1a: Azelf|0 fnt
|faint|p1a: Azelf
|
|-end|p2a: Haxorus|rampage
|-start|p2a: Haxorus|confusion
|
|switch|p1a: Jirachi|Jirachi, shiny|342\/342
|turn|3
|
|switch|p2a: Forretress|Forretress, M|354\/354
|-damage|p2a: Forretress|310\/354|[from] Stealth Rock
|move|p1a: Jirachi|Iron Head|p2a: Forretress
|-resisted|p2a: Forretress
|-damage|p2a: Forretress|277\/354
|
|-heal|p2a: Forretress|299\/354|[from] item: Leftovers
|turn|4
|
|switch|p1a: Entei|Entei, shiny|371\/371
|-ability|p1a: Entei|Pressure
|move|p2a: Forretress|Rapid Spin|p1a: Entei
|-damage|p1a: Entei|355\/371
|-sideend|p2: JordTheNord|Stealth Rock|[from] move: Rapid Spin|[of] p2a: Forretress
|
|-heal|p2a: Forretress|321\/354|[from] item: Leftovers
|turn|5
|
|move|p1a: Entei|Flare Blitz|p2a: Forretress
|-supereffective|p2a: Forretress
|-damage|p2a: Forretress|0 fnt
|-damage|p1a: Entei|249\/371|[from] recoil|[of] p2a: Forretress
|faint|p2a: Forretress
|
|
|switch|p2a: Haxorus|Haxorus, F|324\/324
|-ability|p2a: Haxorus|Mold Breaker
|turn|6
|
|move|p2a: Haxorus|Earthquake|p1a: Entei
|-supereffective|p1a: Entei
|-damage|p1a: Entei|0 fnt
|faint|p1a: Entei
|
|
|switch|p1a: Brobat|Crobat, M|373\/373
|turn|7
|
|move|p2a: Haxorus|Earthquake|p1a: Brobat
|-immune|p1a: Brobat|[msg]
|move|p1a: Brobat|Brave Bird|p2a: Haxorus
|-damage|p2a: Haxorus|168\/324
|-damage|p1a: Brobat|322\/373|[from] recoil|[of] p2a: Haxorus
|
|-heal|p1a: Brobat|345\/373|[from] item: Black Sludge
|turn|8
|
|switch|p2a: Cresselia|Cresselia, F|444\/444
|move|p1a: Brobat|Brave Bird|p2a: Cresselia
|-damage|p2a: Cresselia|324\/444
|-damage|p1a: Brobat|305\/373|[from] recoil|[of] p2a: Cresselia
|
|-heal|p1a: Brobat|328\/373|[from] item: Black Sludge
|-heal|p2a: Cresselia|351\/444|[from] item: Leftovers
|turn|9
|
|move|p1a: Brobat|U-turn|p2a: Cresselia
|-supereffective|p2a: Cresselia
|-damage|p2a: Cresselia|249\/444
|
|switch|p1a: Hydreigon|Hydreigon, F|325\/325
|move|p2a: Cresselia|Thunder Wave|p1a: Hydreigon
|-status|p1a: Hydreigon|par
|
|-heal|p2a: Cresselia|276\/444|[from] item: Leftovers
|turn|10
|c|âCat8752|r00d
|c|âJordTheNord|r00d?
|
|move|p2a: Cresselia|Moonblast|p1a: Hydreigon
|-supereffective|p1a: Hydreigon
|-damage|p1a: Hydreigon|0 fnt
|faint|p1a: Hydreigon
|
|-heal|p2a: Cresselia|303\/444|[from] item: Leftovers
|
|switch|p1a: Jirachi|Jirachi, shiny|342\/342
|turn|11
|
|move|p1a: Jirachi|U-turn|p2a: Cresselia
|-supereffective|p2a: Cresselia
|-damage|p2a: Cresselia|183\/444
|
|switch|p1a: Brobat|Crobat, M|328\/373
|move|p2a: Cresselia|Thunder Wave|p1a: Brobat
|-status|p1a: Brobat|par
|
|-heal|p2a: Cresselia|210\/444|[from] item: Leftovers
|-heal|p1a: Brobat|351\/373 par|[from] item: Black Sludge
|turn|12
|
|move|p2a: Cresselia|Psychic|p1a: Brobat
|-supereffective|p1a: Brobat
|-damage|p1a: Brobat|55\/373 par
|move|p1a: Brobat|Brave Bird|p2a: Cresselia
|-damage|p2a: Cresselia|90\/444
|-damage|p1a: Brobat|15\/373 par|[from] recoil|[of] p2a: Cresselia
|
|-heal|p2a: Cresselia|117\/444|[from] item: Leftovers
|-heal|p1a: Brobat|38\/373 par|[from] item: Black Sludge
|turn|13
|
|move|p2a: Cresselia|Psychic|p1a: Brobat
|-crit|p1a: Brobat
|-supereffective|p1a: Brobat
|-damage|p1a: Brobat|0 fnt
|faint|p1a: Brobat
|
|-heal|p2a: Cresselia|144\/444|[from] item: Leftovers
|c|âCat8752|well I did **not** play well here lol
|c|âCat8752|gg
|
|switch|p1a: Jirachi|Jirachi, shiny|342\/342
|turn|14
|c|âJordTheNord|everyone has shit games
|
|move|p1a: Jirachi|Iron Head|p2a: Cresselia
|-damage|p2a: Cresselia|41\/444
|cant|p2a: Cresselia|flinch
|
|-heal|p2a: Cresselia|68\/444|[from] item: Leftovers
|turn|15
|c|âCat8752|:)
|
|move|p1a: Jirachi|Iron Head|p2a: Cresselia
|-damage|p2a: Cresselia|0 fnt
|faint|p2a: Cresselia
|
|
|switch|p2a: Haxorus|Haxorus, F|168\/324
|-ability|p2a: Haxorus|Mold Breaker
|turn|16
|c|âJordTheNord|smiley face ftw!
|c|âJordTheNord|lol
|
|move|p1a: Jirachi|Iron Head|p2a: Haxorus
|-damage|p2a: Haxorus|36\/324
|move|p2a: Haxorus|Earthquake|p1a: Jirachi
|-supereffective|p1a: Jirachi
|-damage|p1a: Jirachi|58\/342
|
|turn|17
|
|move|p1a: Jirachi|Iron Head|p2a: Haxorus
|-crit|p2a: Haxorus
|-damage|p2a: Haxorus|0 fnt
|faint|p2a: Haxorus
|
|c|âJordTheNord|u never know with jirhaxi lol
|c|âCat8752|lol crit too necessary
|
|switch|p2a: Nidoqueen|Nidoqueen, F|363\/363
|turn|18
|c|âCat8752|okay hax gods
|c|âCat8752|time to shine
|
|move|p1a: Jirachi|Iron Head|p2a: Nidoqueen
|-damage|p2a: Nidoqueen|233\/363
|move|p2a: Nidoqueen|Earth Power|p1a: Jirachi
|-supereffective|p1a: Jirachi
|-damage|p1a: Jirachi|0 fnt
|faint|p1a: Jirachi
|
|c|âCat8752|or not
|
|switch|p1a: Lucario|Lucario, M|281\/281
|turn|19
|c|âJordTheNord|hax gods hate u lol
|c|âCat8752|that's cool too
|c|âCat8752|tru
|
|move|p1a: Lucario|Extreme Speed|p2a: Nidoqueen
|-damage|p2a: Nidoqueen|95\/363
|-damage|p1a: Lucario|253\/281|[from] item: Life Orb
|move|p2a: Nidoqueen|Earth Power|p1a: Lucario
|-supereffective|p1a: Lucario
|-damage|p1a: Lucario|0 fnt
|faint|p1a: Lucario
|
|win|JordTheNord
|raw|Ladder updating...
|raw|Cat8752's rating: 1462 &rarr; <strong>1437<\/strong><br \/>(-25 for losing)
|raw|JordTheNord's rating: 1371 &rarr; <strong>1396<\/strong><br \/>(+25 for winning)
|c|âCat8752|gg
|c|âJordTheNord|gg
|leave|JordTheNord
|player|p2