|join|Tr0NiC
|join|Cat8752
|player|p1|Tr0NiC|1
|player|p2|Cat8752|70
|gametype|singles
|gen|6
|tier|UU
|rated
|rule|Sleep Clause Mod: Limit one foe put to sleep
|rule|Species Clause: Limit one of each PokÃ©mon
|rule|OHKO Clause: OHKO moves are banned
|rule|Moody Clause: Moody is banned
|rule|Evasion Moves Clause: Evasion moves are banned
|rule|Endless Battle Clause: Forcing endless battles is banned
|rule|HP Percentage Mod: HP is shown in percentages
|clearpoke
|poke|p1|Trevenant, M
|poke|p1|Florges, F
|poke|p1|Empoleon, F
|poke|p1|Arcanine, M
|poke|p1|Krookodile, F
|poke|p1|Alakazam, M
|poke|p2|Azelf
|poke|p2|Lucario, F
|poke|p2|Entei, shiny
|poke|p2|Hydreigon, F
|poke|p2|Crobat, M
|poke|p2|Ampharos, M
|rule|Swagger Clause: Swagger is banned
|rule|Baton Pass Clause: Limit one PokÃ©mon knowing Baton Pass
|teampreview
|
|start
|switch|p1a: Krookodile|Krookodile, F|331\/331
|switch|p2a: Azelf|Azelf|291\/291
|turn|1
|join|I uuu
|
|move|p2a: Azelf|Stealth Rock|p1a: Krookodile
|-sidestart|p1: Tr0NiC|move: Stealth Rock
|move|p1a: Krookodile|Stealth Rock|p2a: Azelf
|-sidestart|p2: Cat8752|move: Stealth Rock
|
|turn|2
|c|âCat8752|creepy weird-o
|
|move|p2a: Azelf|Knock Off|p1a: Krookodile
|-resisted|p1a: Krookodile
|-damage|p1a: Krookodile|285\/331
|move|p1a: Krookodile|Knock Off|p2a: Azelf
|-supereffective|p2a: Azelf
|-enditem|p2a: Azelf|Focus Sash
|-damage|p2a: Azelf|1\/291
|
|turn|3
|c|âCat8752|I uuu
|c|âCat8752|ur weird
|
|move|p2a: Azelf|Knock Off|p1a: Krookodile
|-resisted|p1a: Krookodile
|-damage|p1a: Krookodile|240\/331
|move|p1a: Krookodile|Knock Off|p2a: Azelf
|-supereffective|p2a: Azelf
|-damage|p2a: Azelf|0 fnt
|faint|p2a: Azelf
|-boost|p1a: Krookodile|atk|1|[from] ability: Moxie
|
|c|âCat8752|predicted teh switch
|c|âCat8752|aww
|leave|I uuu
|
|switch|p2a: Hydreigon|Hydreigon, F|325\/325
|-damage|p2a: Hydreigon|285\/325|[from] Stealth Rock
|turn|4
|c|âTr0NiC|that is pokemon
|
|move|p2a: Hydreigon|Draco Meteor|p1a: Krookodile
|-damage|p1a: Krookodile|0 fnt
|-unboost|p2a: Hydreigon|spa|2
|faint|p1a: Krookodile
|
|c|âCat8752|its the lag I swear
|
|switch|p1a: Florges|Florges, F|359\/359
|-damage|p1a: Florges|315\/359|[from] Stealth Rock
|turn|5
|
|switch|p2a: Lucario|Lucario, F|281\/281
|-damage|p2a: Lucario|273\/281|[from] Stealth Rock
|switch|p1a: Freeeeeeeeze|Empoleon, F|372\/372
|-damage|p1a: Freeeeeeeeze|349\/372|[from] Stealth Rock
|
|turn|6
|c|âCat8752|are you like running ice beam?
|
|move|p2a: Lucario|Close Combat|p1a: Freeeeeeeeze
|-supereffective|p1a: Freeeeeeeeze
|-damage|p1a: Freeeeeeeeze|0 fnt
|-unboost|p2a: Lucario|def|1
|-unboost|p2a: Lucario|spd|1
|-damage|p2a: Lucario|245\/281|[from] item: Life Orb
|faint|p1a: Freeeeeeeeze
|
|c|âTr0NiC|mmy name is freeeeeeze so no :)
|c|âTr0NiC|lucario is to strong :\/
|c|âCat8752|what were you running
|
|switch|p1a: Trevenant|Trevenant, M|374\/374
|-damage|p1a: Trevenant|328\/374|[from] Stealth Rock
|turn|7
|
|switch|p2a: Crobat|Crobat, M|373\/373
|-damage|p2a: Crobat|280\/373|[from] Stealth Rock
|move|p1a: Trevenant|Substitute|p1a: Trevenant
|-start|p1a: Trevenant|Substitute
|-damage|p1a: Trevenant|235\/374
|
|-heal|p2a: Crobat|303\/373|[from] item: Black Sludge
|turn|8
|
|move|p2a: Crobat|Brave Bird|p1a: Trevenant
|-supereffective|p1a: Trevenant
|-damage|p1a: Trevenant|0 fnt
|-damage|p2a: Crobat|225\/373|[from] recoil|[of] p1a: Trevenant
|faint|p1a: Trevenant
|
|-heal|p2a: Crobat|248\/373|[from] item: Black Sludge
|c|âCat8752|nice and infiltrator
|c|âCat8752|:)
|
|switch|p1a: Arcanine|Arcanine, M|321\/321
|-damage|p1a: Arcanine|241\/321|[from] Stealth Rock
|-ability|p1a: Arcanine|Intimidate|[of] p2a: Crobat
|-unboost|p2a: Crobat|atk|1
|turn|9
|
|move|p2a: Crobat|U-turn|p1a: Arcanine
|-resisted|p1a: Arcanine
|-damage|p1a: Arcanine|217\/321
|c|âTr0NiC|you have a fucking tryhard team :)
|c|âTr0NiC|my team is stylish
|c|âCat8752|so basically, you're saying my team is bad bcuz its good, and your team is good because its bad
|c|âCat8752|that's fucked up
|c|âCat8752|I run HO
|
|switch|p2a: Entei|Entei, shiny|371\/371
|-damage|p2a: Entei|279\/371|[from] Stealth Rock
|-ability|p2a: Entei|Pressure
|move|p1a: Arcanine|Flare Blitz|p2a: Entei
|-resisted|p2a: Entei
|-damage|p2a: Entei|127\/371
|-damage|p1a: Arcanine|167\/321|[from] recoil|[of] p2a: Entei
|-damage|p1a: Arcanine|135\/321|[from] item: Life Orb
|
|turn|10
|c|âCat8752|its good
|c|âTr0NiC|maybe
|c|âCat8752|if you knew how to play, balance\/bulky offense this team you'd do good too
|c|âCat8752|also trevy is bad
|c|âCat8752|js
|
|move|p2a: Entei|Stone Edge|p1a: Arcanine
|-supereffective|p1a: Arcanine
|-damage|p1a: Arcanine|0 fnt
|faint|p1a: Arcanine
|
|
|switch|p1a: Alakazam|Alakazam, M|251\/251
|-damage|p1a: Alakazam|220\/251|[from] Stealth Rock
|turn|11
|c|âCat8752|and ofc my team is gonna try hard, I liek to win
|
|move|p1a: Alakazam|Psyshock|p2a: Entei
|-damage|p2a: Entei|0 fnt
|faint|p2a: Entei
|
|c|âCat8752|and then be ridiculed for winning
|c|âCat8752|all in a day's work
|
|switch|p2a: Hydreigon|Hydreigon, F|285\/325
|-damage|p2a: Hydreigon|245\/325|[from] Stealth Rock
|turn|12
|
|move|p2a: Hydreigon|Dark Pulse|p1a: Alakazam
|-supereffective|p1a: Alakazam
|-damage|p1a: Alakazam|0 fnt
|faint|p1a: Alakazam
|
|c|âTr0NiC|scarfed
|
|switch|p1a: Florges|Florges, F|315\/359
|-damage|p1a: Florges|271\/359|[from] Stealth Rock
|turn|13
|c|âCat8752|very common
|c|âTr0NiC|but hydreigon is too op for UU
|c|âCat8752|it isn;t
|
|switch|p2a: Lucario|Lucario, F|245\/281
|-damage|p2a: Lucario|237\/281|[from] Stealth Rock
|move|p1a: Florges|Moonblast|p2a: Lucario
|-damage|p2a: Lucario|80\/281
|-unboost|p2a: Lucario|spa|1
|
|-heal|p1a: Florges|293\/359|[from] item: Leftovers
|turn|14
|c|âTr0NiC|it is op
|c|âTr0NiC|and lucario too
|c|âCat8752|it isn't OP, its just good
|c|âCat8752|unlike trevy
|
|move|p2a: Lucario|Bullet Punch|p1a: Florges
|-supereffective|p1a: Florges
|-damage|p1a: Florges|72\/359
|-damage|p2a: Lucario|52\/281|[from] item: Life Orb
|move|p1a: Florges|Moonblast|p2a: Lucario
|-damage|p2a: Lucario|0 fnt
|faint|p2a: Lucario
|
|-heal|p1a: Florges|94\/359|[from] item: Leftovers
|c|âTr0NiC|yes too good
|c|âCat8752|it has counters
|c|âCat8752|too good, and actually good are different
|c|âTr0NiC|in OU
|c|âTr0NiC|or in a tryhard teams
|
|switch|p2a: Ampharos|Ampharos, M|354\/354
|-damage|p2a: Ampharos|310\/354|[from] Stealth Rock
|turn|15
|c|âTr0NiC|but tryhard teams are for noobs
|c|âCat8752|u r the best guy, ur saying teams that are actually good are for noobs
|c|âCat8752|but bad teams are for people with skill
|c|âTr0NiC|yes
|c|âCat8752|this made my day
|c|âCat8752|thanks
|c|âCat8752|:)
|c|âTr0NiC|yes
|
|move|p1a: Florges|Moonblast|p2a: Ampharos
|-damage|p2a: Ampharos|165\/354
|move|p2a: Ampharos|Thunderbolt|p1a: Florges
|-damage|p1a: Florges|4\/359
|
|-heal|p1a: Florges|26\/359|[from] item: Leftovers
|turn|16
|c|âCat8752|u made my day
|c|âTr0NiC|you are right
|
|move|p1a: Florges|Moonblast|p2a: Ampharos
|-damage|p2a: Ampharos|41\/354
|move|p2a: Ampharos|Thunderbolt|p1a: Florges
|-damage|p1a: Florges|0 fnt
|faint|p1a: Florges
|
|win|Cat8752
|raw|Ladder updating...
|raw|Tr0NiC's rating: 1051 &rarr; <strong>1038<\/strong><br \/>(-13 for losing)
|raw|Cat8752's rating: 1131 &rarr; <strong>1151<\/strong><br \/>(+20 for winning)
|leave|Tr0NiC
|player|p1