|join|Christo m8
|join|Cat8752
|player|p1|Christo m8|114
|player|p2|Cat8752|209
|gametype|singles
|gen|6
|tier|UU
|rated
|rule|Sleep Clause Mod: Limit one foe put to sleep
|rule|Species Clause: Limit one of each PokÃ©mon
|rule|OHKO Clause: OHKO moves are banned
|rule|Moody Clause: Moody is banned
|rule|Evasion Moves Clause: Evasion moves are banned
|rule|Endless Battle Clause: Forcing endless battles is banned
|rule|HP Percentage Mod: HP is shown in percentages
|clearpoke
|poke|p1|Hydreigon, F
|poke|p1|Pidgeot, F
|poke|p1|Jirachi
|poke|p1|Doublade, F
|poke|p1|Machamp, M
|poke|p1|Nidoqueen, F
|poke|p2|Azelf
|poke|p2|Lucario, M
|poke|p2|Entei, shiny
|poke|p2|Crobat, M
|poke|p2|Hydreigon, F
|poke|p2|Jirachi, shiny
|rule|Swagger Clause: Swagger is banned
|rule|Baton Pass Clause: Limit one PokÃ©mon knowing Baton Pass
|teampreview
|
|start
|switch|p1a: Jirachi|Jirachi|341\/341
|switch|p2a: Lil' nuke|Azelf|291\/291
|turn|1
|
|switch|p2a: HAX GOD|Jirachi, shiny|342\/342
|move|p1a: Jirachi|Iron Head|p2a: HAX GOD
|-resisted|p2a: HAX GOD
|-damage|p2a: HAX GOD|284\/342
|
|turn|2
|
|move|p1a: Jirachi|Iron Head|p2a: HAX GOD
|-resisted|p2a: HAX GOD
|-damage|p2a: HAX GOD|224\/342
|move|p2a: HAX GOD|U-turn|p1a: Jirachi
|-damage|p1a: Jirachi|269\/341
|
|switch|p2a: Waifu 4 Laifu|Entei, shiny|371\/371
|-ability|p2a: Waifu 4 Laifu|Pressure
|
|turn|3
|
|move|p1a: Jirachi|Iron Head|p2a: Waifu 4 Laifu
|-resisted|p2a: Waifu 4 Laifu
|-damage|p2a: Waifu 4 Laifu|307\/371
|move|p2a: Waifu 4 Laifu|Sacred Fire|p1a: Jirachi
|-supereffective|p1a: Jirachi
|-damage|p1a: Jirachi|0 fnt
|faint|p1a: Jirachi
|
|
|switch|p1a: Hydreigon|Hydreigon, F|325\/325
|turn|4
|
|switch|p2a: Brobat|Crobat, M|373\/373
|move|p1a: Hydreigon|Draco Meteor|p2a: Brobat
|-damage|p2a: Brobat|0 fnt
|-unboost|p1a: Hydreigon|spa|2
|faint|p2a: Brobat
|
|
|switch|p2a: Lil' nuke|Azelf|291\/291
|turn|5
|
|move|p2a: Lil' nuke|Stealth Rock|p1a: Hydreigon
|-sidestart|p1: Christo m8|move: Stealth Rock
|move|p1a: Hydreigon|Draco Meteor|p2a: Lil' nuke
|-damage|p2a: Lil' nuke|74\/291
|-unboost|p1a: Hydreigon|spa|2
|
|turn|6
|
|switch|p1a: Doublade|Doublade, F|319\/319
|-damage|p1a: Doublade|300\/319|[from] Stealth Rock
|move|p2a: Lil' nuke|Knock Off|p1a: Doublade
|-crit|p1a: Doublade
|-supereffective|p1a: Doublade
|-damage|p1a: Doublade|126\/319
|-enditem|p1a: Doublade|Eviolite|[from] move: Knock Off|[of] p2a: Lil' nuke
|
|turn|7
|c|âCat8752|where's your evo bulk now bitch?
|
|move|p1a: Doublade|Shadow Sneak|p2a: Lil' nuke
|-supereffective|p2a: Lil' nuke
|-damage|p2a: Lil' nuke|0 fnt
|faint|p2a: Lil' nuke
|
|c|âChristo m8|:\/
|c|âCat8752|:)
|
|switch|p2a: Smaug|Hydreigon, F|325\/325
|turn|8
|c|âChristo m8|dont have to be a dick all of a sudden
|c|âCat8752|frienzie
|c|âCat8752|lol im jk
|
|switch|p1a: Machamp|Machamp, M|362\/362
|-damage|p1a: Machamp|340\/362|[from] Stealth Rock
|move|p2a: Smaug|Dark Pulse|p1a: Machamp
|-resisted|p1a: Machamp
|-damage|p1a: Machamp|276\/362
|-damage|p2a: Smaug|293\/325|[from] item: Life Orb
|
|turn|9
|
|move|p2a: Smaug|Draco Meteor|p1a: Machamp
|-damage|p1a: Machamp|76\/362
|-unboost|p2a: Smaug|spa|2
|-damage|p2a: Smaug|261\/325|[from] item: Life Orb
|move|p1a: Machamp|Dynamic Punch|p2a: Smaug
|-supereffective|p2a: Smaug
|-damage|p2a: Smaug|0 fnt
|faint|p2a: Smaug
|
|
|switch|p2a: HAX GOD|Jirachi, shiny|224\/342
|turn|10
|
|move|p2a: HAX GOD|Iron Head|p1a: Machamp
|-damage|p1a: Machamp|0 fnt
|faint|p1a: Machamp
|
|
|switch|p1a: Doublade|Doublade, F|126\/319
|-damage|p1a: Doublade|107\/319|[from] Stealth Rock
|turn|11
|
|switch|p2a: Waifu 4 Laifu|Entei, shiny|307\/371
|-ability|p2a: Waifu 4 Laifu|Pressure
|move|p1a: Doublade|Sacred Sword|p2a: Waifu 4 Laifu
|-damage|p2a: Waifu 4 Laifu|194\/371
|
|turn|12
|
|switch|p1a: Hydreigon|Hydreigon, F|325\/325
|-damage|p1a: Hydreigon|285\/325|[from] Stealth Rock
|move|p2a: Waifu 4 Laifu|Sacred Fire|p1a: Hydreigon
|-resisted|p1a: Hydreigon
|-damage|p1a: Hydreigon|147\/325
|-status|p1a: Hydreigon|brn
|
|-damage|p1a: Hydreigon|107\/325 brn|[from] brn
|turn|13
|c|âCat8752|burn pls
|
|switch|p2a: HAX GOD|Jirachi, shiny|224\/342
|move|p1a: Hydreigon|Dark Pulse|p2a: HAX GOD
|-supereffective|p2a: HAX GOD
|-damage|p2a: HAX GOD|0 fnt
|faint|p2a: HAX GOD
|
|-damage|p1a: Hydreigon|67\/325 brn|[from] brn
|
|switch|p2a: Lucario|Lucario, M|281\/281
|turn|14
|
|move|p1a: Hydreigon|Dark Pulse|p2a: Lucario
|-resisted|p2a: Lucario
|-damage|p2a: Lucario|140\/281
|-boost|p2a: Lucario|atk|1|[from] ability: Justified
|cant|p2a: Lucario|flinch
|
|-damage|p1a: Hydreigon|27\/325 brn|[from] brn
|turn|15
|c|âCat8752|damn
|
|move|p2a: Lucario|Bullet Punch|p1a: Hydreigon
|-damage|p1a: Hydreigon|0 fnt
|-damage|p2a: Lucario|112\/281|[from] item: Life Orb
|faint|p1a: Hydreigon
|
|
|switch|p1a: Doublade|Doublade, F|107\/319
|-damage|p1a: Doublade|88\/319|[from] Stealth Rock
|turn|16
|
|move|p2a: Lucario|Bullet Punch|p1a: Doublade
|-resisted|p1a: Doublade
|-damage|p1a: Doublade|37\/319
|-damage|p2a: Lucario|84\/281|[from] item: Life Orb
|move|p1a: Doublade|Shadow Sneak|p2a: Lucario
|-damage|p2a: Lucario|0 fnt
|faint|p2a: Lucario
|
|c|âCat8752|gg
|
|switch|p2a: Waifu 4 Laifu|Entei, shiny|194\/371
|-ability|p2a: Waifu 4 Laifu|Pressure
|turn|17
|c|âChristo m8|where is your lucario now bitch? EZ WIN
|
|move|p1a: Doublade|Shadow Sneak|p2a: Waifu 4 Laifu
|-damage|p2a: Waifu 4 Laifu|118\/371
|move|p2a: Waifu 4 Laifu|Flare Blitz|p1a: Doublade
|-supereffective|p1a: Doublade
|-damage|p1a: Doublade|0 fnt
|-damage|p2a: Waifu 4 Laifu|106\/371|[from] recoil|[of] p1a: Doublade
|faint|p1a: Doublade
|
|
|switch|p1a: Nidoqueen|Nidoqueen, F|330\/330
|-damage|p1a: Nidoqueen|310\/330|[from] Stealth Rock
|turn|18
|c|âCat8752|lucario wasn't a counter to either lol
|c|âCat8752|gg
|
|move|p2a: Waifu 4 Laifu|Flare Blitz|p1a: Nidoqueen
|-damage|p1a: Nidoqueen|0 fnt
|-damage|p2a: Waifu 4 Laifu|4\/371|[from] recoil|[of] p1a: Nidoqueen
|faint|p1a: Nidoqueen
|
|c|âChristo m8|didnt need eviolite baby
|c|âCat8752|I was jk
|
|switch|p1a: Pidgeot|Pidgeot, F|308\/308
|-damage|p1a: Pidgeot|231\/308|[from] Stealth Rock
|turn|19
|c|âCat8752|and ur still hung up on that lolk
|c|âCat8752|gg
|c|âChristo m8|ez
|c|âChristo m8|EZ
|
|detailschange|p1a: Pidgeot|Pidgeot-Mega, F
|-mega|p1a: Pidgeot|Pidgeot|Pidgeotite
|move|p1a: Pidgeot|Hurricane|p2a: Waifu 4 Laifu
|-damage|p2a: Waifu 4 Laifu|0 fnt
|faint|p2a: Waifu 4 Laifu
|
|win|Christo m8
|raw|Ladder updating...
|c|âChristo m8|EZ
|raw|Christo m8's rating: 1572 &rarr; <strong>1587<\/strong><br \/>(+15 for winning)
|raw|Cat8752's rating: 1485 &rarr; <strong>1470<\/strong><br \/>(-15 for losing)
|c|âChristo m8|EZ
|c|âCat8752|idec\
|c|âChristo m8|EZ
|leave|Christo m8
|player|p1