|join|Cat8752
|join|omoHasinyrB
|player|p1|Cat8752|209
|player|p2|omoHasinyrB|169
|gametype|singles
|gen|6
|tier|UU
|rated
|rule|Sleep Clause Mod: Limit one foe put to sleep
|rule|Species Clause: Limit one of each PokÃ©mon
|rule|OHKO Clause: OHKO moves are banned
|rule|Moody Clause: Moody is banned
|rule|Evasion Moves Clause: Evasion moves are banned
|rule|Endless Battle Clause: Forcing endless battles is banned
|rule|HP Percentage Mod: HP is shown in percentages
|clearpoke
|poke|p1|Azelf
|poke|p1|Lucario, M
|poke|p1|Entei, shiny
|poke|p1|Crobat, M
|poke|p1|Hydreigon, F
|poke|p1|Jirachi, shiny
|poke|p2|Beedrill, F
|poke|p2|Magneton, shiny
|poke|p2|Haxorus, M, shiny
|poke|p2|Gligar, F
|poke|p2|Whimsicott, F, shiny
|poke|p2|Infernape, M
|rule|Swagger Clause: Swagger is banned
|rule|Baton Pass Clause: Limit one PokÃ©mon knowing Baton Pass
|teampreview
|
|start
|switch|p1a: Lil' nuke|Azelf|291\/291
|switch|p2a: Magneton|Magneton, shiny|241\/241
|turn|1
|
|move|p2a: Magneton|Volt Switch|p1a: Lil' nuke
|-damage|p1a: Lil' nuke|141\/291
|
|switch|p2a: Whimsicott|Whimsicott, F, shiny|261\/261
|move|p1a: Lil' nuke|Stealth Rock|p2a: Whimsicott
|-sidestart|p2: omoHasinyrB|move: Stealth Rock
|
|turn|2
|
|move|p2a: Whimsicott|Moonblast|p1a: Lil' nuke
|-damage|p1a: Lil' nuke|0 fnt
|-damage|p2a: Whimsicott|235\/261|[from] item: Life Orb
|faint|p1a: Lil' nuke
|
|
|switch|p1a: Waifu for Laifu|Entei, shiny|371\/371
|-ability|p1a: Waifu for Laifu|Pressure
|turn|3
|c|âCat8752|h8 that thing
|
|move|p2a: Whimsicott|Stun Spore|p1a: Waifu for Laifu
|-status|p1a: Waifu for Laifu|par
|move|p1a: Waifu for Laifu|Flare Blitz|p2a: Whimsicott
|-supereffective|p2a: Whimsicott
|-damage|p2a: Whimsicott|0 fnt
|-damage|p1a: Waifu for Laifu|293\/371 par|[from] recoil|[of] p2a: Whimsicott
|faint|p2a: Whimsicott
|
|
|switch|p2a: Gligar|Gligar, F|333\/333
|-damage|p2a: Gligar|292\/333|[from] Stealth Rock
|turn|4
|
|switch|p1a: Smaug|Hydreigon, F|325\/325
|move|p2a: Gligar|Stealth Rock|p1a: Smaug
|-sidestart|p1: Cat8752|move: Stealth Rock
|
|turn|5
|
|move|p1a: Smaug|Dark Pulse|p2a: Gligar
|-damage|p2a: Gligar|187\/333
|-damage|p1a: Smaug|293\/325|[from] item: Life Orb
|move|p2a: Gligar|Roost|p2a: Gligar
|-heal|p2a: Gligar|333\/333
|
|turn|6
|
|switch|p1a: Soul Sucker|Jirachi, shiny|342\/342
|-damage|p1a: Soul Sucker|321\/342|[from] Stealth Rock
|move|p2a: Gligar|U-turn|p1a: Soul Sucker
|-damage|p1a: Soul Sucker|279\/342
|
|switch|p2a: Magneton|Magneton, shiny|241\/241
|-damage|p2a: Magneton|226\/241|[from] Stealth Rock
|
|turn|7
|
|move|p1a: Soul Sucker|U-turn|p2a: Magneton
|-resisted|p2a: Magneton
|-damage|p2a: Magneton|193\/241
|c|âCat8752|one does not simply, trap scarfrachi
|
|switch|p1a: Waifu for Laifu|Entei, shiny|293\/371 par
|-damage|p1a: Waifu for Laifu|201\/371 par|[from] Stealth Rock
|-ability|p1a: Waifu for Laifu|Pressure
|move|p2a: Magneton|Thunderbolt|p1a: Waifu for Laifu
|-damage|p1a: Waifu for Laifu|2\/371 par
|
|turn|8
|
|move|p1a: Waifu for Laifu|Extreme Speed|p2a: Magneton
|-resisted|p2a: Magneton
|-damage|p2a: Magneton|121\/241
|move|p2a: Magneton|Thunderbolt|p1a: Waifu for Laifu
|-damage|p1a: Waifu for Laifu|0 fnt
|faint|p1a: Waifu for Laifu
|
|leave|Cat8752
|player|p1
|join|Cat8752
|c|âomoHasinyrB|Is ur net crappy?
|player|p1|Cat8752|209
|c|âCat8752|a little
|
|switch|p1a: Smaug|Hydreigon, F|293\/325
|-damage|p1a: Smaug|253\/325|[from] Stealth Rock
|turn|9
|
|switch|p2a: Gligar|Gligar, F|333\/333
|-damage|p2a: Gligar|292\/333|[from] Stealth Rock
|move|p1a: Smaug|Draco Meteor|p2a: Gligar|[miss]
|-miss|p1a: Smaug|p2a: Gligar
|
|turn|10
|c|âCat8752|faq
|
|move|p1a: Smaug|Draco Meteor|p2a: Gligar
|-damage|p2a: Gligar|123\/333
|-unboost|p1a: Smaug|spa|2
|-damage|p1a: Smaug|221\/325|[from] item: Life Orb
|move|p2a: Gligar|U-turn|p1a: Smaug
|-supereffective|p1a: Smaug
|-damage|p1a: Smaug|129\/325
|
|switch|p2a: Infernape|Infernape, M|293\/293
|-damage|p2a: Infernape|257\/293|[from] Stealth Rock
|
|turn|11
|
|move|p2a: Infernape|U-turn|p1a: Smaug
|-supereffective|p1a: Smaug
|-damage|p1a: Smaug|0 fnt
|faint|p1a: Smaug
|c|âCat8752|there are too many too many infernape sets :(
|
|switch|p2a: Magneton|Magneton, shiny|121\/241
|-damage|p2a: Magneton|106\/241|[from] Stealth Rock
|
|c|âomoHasinyrB|Its very versatile
|
|switch|p1a: Lucario|Lucario, M|281\/281
|-damage|p1a: Lucario|273\/281|[from] Stealth Rock
|turn|12
|
|move|p2a: Magneton|Volt Switch|p1a: Lucario
|-crit|p1a: Lucario
|-damage|p1a: Lucario|38\/281
|c|âCat8752|of
|
|switch|p2a: Gligar|Gligar, F|123\/333
|-damage|p2a: Gligar|82\/333|[from] Stealth Rock
|move|p1a: Lucario|Swords Dance|p1a: Lucario
|-boost|p1a: Lucario|atk|2
|
|turn|13
|c|âCat8752|*foc
|c|âCat8752|**ofc
|c|âCat8752|of course
|
|move|p1a: Lucario|Extreme Speed|p2a: Gligar
|-damage|p2a: Gligar|0 fnt
|-damage|p1a: Lucario|10\/281|[from] item: Life Orb
|faint|p2a: Gligar
|
|c|âCat8752|my wincon gets hit by a crit
|
|switch|p2a: Infernape|Infernape, M|257\/293
|-damage|p2a: Infernape|221\/293|[from] Stealth Rock
|turn|14
|c|âCat8752|seems legit
|
|move|p1a: Lucario|Extreme Speed|p2a: Infernape
|-damage|p2a: Infernape|0 fnt
|-damage|p1a: Lucario|0 fnt|[from] item: Life Orb
|faint|p2a: Infernape
|faint|p1a: Lucario
|
|
|switch|p2a: Magneton|Magneton, shiny|106\/241
|switch|p1a: Brobat|Crobat, M|373\/373
|-damage|p2a: Magneton|91\/241|[from] Stealth Rock
|-damage|p1a: Brobat|280\/373|[from] Stealth Rock
|turn|15
|c|âomoHasinyrB|I still did have haxorus at full though
|c|âCat8752|my only hope is too get flinches
|c|âCat8752|espeed would dent or kill all of ur mons
|
|move|p2a: Magneton|Thunderbolt|p1a: Brobat
|-supereffective|p1a: Brobat
|-damage|p1a: Brobat|0 fnt
|faint|p1a: Brobat
|
|
|switch|p1a: Soul Sucker|Jirachi, shiny|279\/342
|-damage|p1a: Soul Sucker|258\/342|[from] Stealth Rock
|turn|16
|c|âCat8752|if the hax gods want to make it up tome that's fine
|
|move|p1a: Soul Sucker|Iron Head|p2a: Magneton
|-resisted|p2a: Magneton
|-damage|p2a: Magneton|62\/241
|cant|p2a: Magneton|flinch
|
|turn|17
|c|âCat8752|but they wont
|
|move|p1a: Soul Sucker|Iron Head|p2a: Magneton
|-resisted|p2a: Magneton
|-damage|p2a: Magneton|31\/241
|move|p2a: Magneton|Thunderbolt|p1a: Soul Sucker
|-damage|p1a: Soul Sucker|108\/342
|
|turn|18
|c|âCat8752|see
|
|move|p1a: Soul Sucker|Iron Head|p2a: Magneton
|-resisted|p2a: Magneton
|-damage|p2a: Magneton|0 fnt
|faint|p2a: Magneton
|
|
|switch|p2a: Haxorus|Haxorus, M, shiny|293\/293
|-damage|p2a: Haxorus|257\/293|[from] Stealth Rock
|-ability|p2a: Haxorus|Mold Breaker
|turn|19
|c|âCat8752|I can't flinch hax ur whole team
|c|âCat8752|gg
|
|move|p1a: Soul Sucker|Iron Head|p2a: Haxorus
|-damage|p2a: Haxorus|130\/293
|cant|p2a: Haxorus|flinch
|
|turn|20
|c|âCat8752|:\/
|c|âomoHasinyrB|gg
|
|move|p1a: Soul Sucker|Iron Head|p2a: Haxorus
|-damage|p2a: Haxorus|6\/293
|cant|p2a: Haxorus|flinch
|
|turn|21
|
|move|p1a: Soul Sucker|Iron Head|p2a: Haxorus
|-damage|p2a: Haxorus|0 fnt
|faint|p2a: Haxorus
|
|c|âomoHasinyrB|Damn
|
|switch|p2a: Beedrill|Beedrill, F|271\/271
|-damage|p2a: Beedrill|204\/271|[from] Stealth Rock
|turn|22
|
|detailschange|p2a: Beedrill|Beedrill-Mega, F
|-mega|p2a: Beedrill|Beedrill|Beedrillite
|move|p1a: Soul Sucker|Iron Head|p2a: Beedrill
|-damage|p2a: Beedrill|0 fnt
|faint|p2a: Beedrill
|
|win|Cat8752
|raw|Ladder updating...
|raw|Cat8752's rating: 1472 &rarr; <strong>1488<\/strong><br \/>(+16 for winning)
|raw|omoHasinyrB's rating: 1403 &rarr; <strong>1387<\/strong><br \/>(-16 for losing)
|c|âCat8752|wow
|leave|omoHasinyrB
|player|p2
|c|âCat8752|wtf