|join|Dumb bass
|join|lolegendaries
|player|p1|Dumb bass|23
|player|p2|lolegendaries|23
|gametype|singles
|gen|6
|tier|OU
|clearpoke
|poke|p1|Bisharp, M
|poke|p1|Landorus-Therian, M
|poke|p1|Salamence, M
|poke|p1|Heatran, M
|poke|p1|Alakazam, F
|poke|p1|Rotom-Wash
|poke|p2|Magnezone
|poke|p2|Landorus-Therian, M
|poke|p2|Heatran, M, shiny
|poke|p2|Latios, M
|poke|p2|Keldeo
|poke|p2|Medicham, F
|rule|Swagger Clause: Swagger is banned
|rule|Baton Pass Clause: Limit one PokÃ©mon knowing Baton Pass
|rule|Sleep Clause Mod: Limit one foe put to sleep
|rule|Species Clause: Limit one of each PokÃ©mon
|rule|OHKO Clause: OHKO moves are banned
|rule|Moody Clause: Moody is banned
|rule|Evasion Moves Clause: Evasion moves are banned
|rule|Endless Battle Clause: Forcing endless battles is banned
|rule|HP Percentage Mod: HP is shown in percentages
|teampreview
|
|start
|switch|p1a: Rotom-Wash|Rotom-Wash|304\/304
|switch|p2a: Landorus-Therian|Landorus-Therian, M|320\/320
|-ability|p2a: Landorus-Therian|Intimidate|[of] p1a: Rotom-Wash
|-unboost|p1a: Rotom-Wash|atk|1
|turn|1
|
|move|p2a: Landorus-Therian|U-turn|p1a: Rotom-Wash
|-damage|p1a: Rotom-Wash|202\/304
|
|switch|p2a: Magnezone|Magnezone|324\/324
|move|p1a: Rotom-Wash|Volt Switch|p2a: Magnezone
|-resisted|p2a: Magnezone
|-damage|p2a: Magnezone|278\/324
|
|switch|p1a: Landorus-Therian|Landorus-Therian, M|365\/365
|-ability|p1a: Landorus-Therian|Intimidate|[of] p2a: Magnezone
|-unboost|p2a: Magnezone|atk|1
|
|turn|2
|
|switch|p2a: Latios|Latios, M|302\/302
|move|p1a: Landorus-Therian|Earthquake|p2a: Latios
|-immune|p2a: Latios|[msg]
|
|turn|3
|
|move|p2a: Latios|Draco Meteor|p1a: Landorus-Therian
|-damage|p1a: Landorus-Therian|0 fnt
|-unboost|p2a: Latios|spa|2
|-damage|p2a: Latios|272\/302|[from] item: Life Orb
|faint|p1a: Landorus-Therian
|
|
|switch|p1a: Alakazam|Alakazam, F|251\/251
|turn|4
|
|switch|p2a: Heatran|Heatran, M, shiny|386\/386
|detailschange|p1a: Alakazam|Alakazam-Mega, F
|message|Alakazam has Mega Evolved into Mega Alakazam!
|-ability|p1a: Alakazam|Flash Fire|[from] ability: Trace|[of] p2a: Heatran
|move|p1a: Alakazam|Shadow Ball|p2a: Heatran
|-damage|p2a: Heatran|302\/386
|
|-heal|p2a: Heatran|326\/386|[from] item: Leftovers
|turn|5
|
|switch|p1a: Rotom-Wash|Rotom-Wash|202\/304
|move|p2a: Heatran|Lava Plume|p1a: Rotom-Wash
|-resisted|p1a: Rotom-Wash
|-damage|p1a: Rotom-Wash|163\/304
|-status|p1a: Rotom-Wash|brn
|
|-heal|p1a: Rotom-Wash|182\/304 brn|[from] item: Leftovers
|-heal|p2a: Heatran|350\/386|[from] item: Leftovers
|-damage|p1a: Rotom-Wash|144\/304 brn|[from] brn
|turn|6
|
|switch|p2a: Latios|Latios, M|272\/302
|move|p1a: Rotom-Wash|Pain Split|p2a: Latios
|-sethp|p2a: Latios|208\/302|p1a: Rotom-Wash|208\/304 brn|[from] move: Pain Split
|
|-heal|p1a: Rotom-Wash|227\/304 brn|[from] item: Leftovers
|-damage|p1a: Rotom-Wash|189\/304 brn|[from] brn
|turn|7
|
|switch|p1a: Heatran|Heatran, M|323\/323
|move|p2a: Latios|Psyshock|p1a: Heatran
|-resisted|p1a: Heatran
|-damage|p1a: Heatran|240\/323
|-damage|p2a: Latios|178\/302|[from] item: Life Orb
|
|turn|8
|
|move|p1a: Heatran|Earth Power|p2a: Latios
|-immune|p2a: Latios|[msg]
|move|p2a: Latios|Hidden Power|p1a: Heatran
|-supereffective|p1a: Heatran
|-damage|p1a: Heatran|68\/323
|-damage|p2a: Latios|148\/302|[from] item: Life Orb
|
|turn|9
|
|switch|p1a: Rotom-Wash|Rotom-Wash|189\/304 brn
|move|p2a: Latios|Draco Meteor|p1a: Rotom-Wash
|-damage|p1a: Rotom-Wash|0 fnt
|-unboost|p2a: Latios|spa|2
|-damage|p2a: Latios|118\/302|[from] item: Life Orb
|faint|p1a: Rotom-Wash
|
|
|switch|p1a: Alakazam|Alakazam-Mega, F|251\/251
|-ability|p1a: Alakazam|Levitate|[from] ability: Trace|[of] p2a: Latios
|turn|10
|
|switch|p2a: Heatran|Heatran, M, shiny|350\/386
|move|p1a: Alakazam|Shadow Ball|p2a: Heatran
|-damage|p2a: Heatran|264\/386
|
|-heal|p2a: Heatran|288\/386|[from] item: Leftovers
|turn|11
|
|switch|p1a: Heatran|Heatran, M|68\/323
|move|p2a: Heatran|Lava Plume|p1a: Heatran
|-start|p1a: Heatran|ability: Flash Fire
|
|-heal|p2a: Heatran|312\/386|[from] item: Leftovers
|turn|12
|
|move|p1a: Heatran|Earth Power|p2a: Heatran
|-supereffective|p2a: Heatran
|-damage|p2a: Heatran|4\/386
|move|p2a: Heatran|Stealth Rock|p1a: Heatran
|-sidestart|p1: Dumb bass|move: Stealth Rock
|
|-heal|p2a: Heatran|28\/386|[from] item: Leftovers
|turn|13
|
|switch|p1a: Bisharp|Bisharp, M|271\/271
|-damage|p1a: Bisharp|255\/271|[from] Stealth Rock
|switch|p2a: Latios|Latios, M|118\/302
|
|turn|14
|
|switch|p2a: Heatran|Heatran, M, shiny|28\/386
|move|p1a: Bisharp|Sucker Punch|p2a: Heatran
|-fail|p2a: Heatran
|
|-heal|p2a: Heatran|52\/386|[from] item: Leftovers
|turn|15
|
|switch|p2a: Magnezone|Magnezone|278\/324
|move|p1a: Bisharp|Knock Off|p2a: Magnezone
|-damage|p2a: Magnezone|70\/324
|-enditem|p2a: Magnezone|Choice Specs|[from] move: Knock Off|[of] p1a: Bisharp
|-damage|p1a: Bisharp|228\/271|[from] item: Life Orb
|
|turn|16
|
|move|p1a: Bisharp|Knock Off|p2a: Magnezone
|-damage|p2a: Magnezone|0 fnt
|-damage|p1a: Bisharp|201\/271|[from] item: Life Orb
|faint|p2a: Magnezone
|
|
|switch|p2a: Keldeo|Keldeo|323\/323
|turn|17
|
|switch|p1a: Heatran|Heatran, M|68\/323
|-damage|p1a: Heatran|28\/323|[from] Stealth Rock
|move|p2a: Keldeo|Secret Sword|p1a: Heatran
|-supereffective|p1a: Heatran
|-damage|p1a: Heatran|0 fnt
|faint|p1a: Heatran
|
|
|switch|p1a: Salamence|Salamence, M|331\/331
|-damage|p1a: Salamence|249\/331|[from] Stealth Rock
|turn|18
|
|switch|p2a: Landorus-Therian|Landorus-Therian, M|320\/320
|-ability|p2a: Landorus-Therian|Intimidate|[of] p1a: Salamence
|-unboost|p1a: Salamence|atk|1
|move|p1a: Salamence|Dragon Dance|p1a: Salamence
|-boost|p1a: Salamence|atk|1
|-boost|p1a: Salamence|spe|1
|
|turn|19
|
|move|p1a: Salamence|Dragon Claw|p2a: Landorus-Therian
|-damage|p2a: Landorus-Therian|117\/320
|-damage|p1a: Salamence|216\/331|[from] item: Life Orb
|move|p2a: Landorus-Therian|Stone Edge|p1a: Salamence
|-supereffective|p1a: Salamence
|-damage|p1a: Salamence|0 fnt
|faint|p1a: Salamence
|
|
|switch|p1a: Bisharp|Bisharp, M|201\/271
|-damage|p1a: Bisharp|185\/271|[from] Stealth Rock
|turn|20
|
|move|p2a: Landorus-Therian|Stone Edge|p1a: Bisharp
|-resisted|p1a: Bisharp
|-damage|p1a: Bisharp|117\/271
|move|p1a: Bisharp|Swords Dance|p1a: Bisharp
|-boost|p1a: Bisharp|atk|2
|
|turn|21
|
|move|p1a: Bisharp|Sucker Punch|p2a: Landorus-Therian
|-damage|p2a: Landorus-Therian|0 fnt
|-damage|p1a: Bisharp|90\/271|[from] item: Life Orb
|faint|p2a: Landorus-Therian
|
|
|switch|p2a: Keldeo|Keldeo|323\/323
|turn|22
|
|move|p1a: Bisharp|Sucker Punch|p2a: Keldeo
|-resisted|p2a: Keldeo
|-damage|p2a: Keldeo|120\/323
|-boost|p2a: Keldeo|atk|1|[from] ability: Justified
|-damage|p1a: Bisharp|63\/271|[from] item: Life Orb
|move|p2a: Keldeo|Secret Sword|p1a: Bisharp
|-supereffective|p1a: Bisharp
|-damage|p1a: Bisharp|0 fnt
|faint|p1a: Bisharp
|
|
|switch|p1a: Alakazam|Alakazam-Mega, F|251\/251
|-damage|p1a: Alakazam|220\/251|[from] Stealth Rock
|-ability|p1a: Alakazam|Justified|[from] ability: Trace|[of] p2a: Keldeo
|turn|23
|
|switch|p2a: Heatran|Heatran, M, shiny|52\/386
|move|p1a: Alakazam|Psyshock|p2a: Heatran
|-resisted|p2a: Heatran
|-damage|p2a: Heatran|0 fnt
|faint|p2a: Heatran
|
|
|switch|p2a: Keldeo|Keldeo|120\/323
|turn|24
|
|move|p2a: Keldeo|Scald|p1a: Alakazam
|-damage|p1a: Alakazam|57\/251
|-status|p1a: Alakazam|brn
|move|p1a: Alakazam|Psyshock|p2a: Keldeo
|-supereffective|p2a: Keldeo
|-damage|p2a: Keldeo|0 fnt
|faint|p2a: Keldeo
|
|-damage|p1a: Alakazam|26\/251 brn|[from] brn
|
|switch|p2a: Medicham|Medicham, F|261\/261
|turn|25
|
|detailschange|p2a: Medicham|Medicham-Mega, F
|message|Medicham has Mega Evolved into Mega Medicham!
|move|p2a: Medicham|Fake Out|p1a: Alakazam
|-damage|p1a: Alakazam|0 fnt
|faint|p1a: Alakazam
|
|win|lolegendaries