|join|Dumb bass
|join|SR0789
|player|p1|Dumb bass|2
|player|p2|SR0789|16
|gametype|singles
|gen|6
|tier|OU
|rated
|clearpoke
|poke|p1|Medicham, F
|poke|p1|Landorus-Therian, M
|poke|p1|Amoonguss, F
|poke|p1|Heatran, M
|poke|p1|Scizor, M
|poke|p1|Greninja, M
|poke|p2|Medicham, M, shiny
|poke|p2|Tyranitar, M
|poke|p2|Thundurus, M
|poke|p2|Azumarill, F, shiny
|poke|p2|Heatran, M
|poke|p2|Garchomp, M, shiny
|rule|Swagger Clause: Swagger is banned
|rule|Baton Pass Clause: Limit one PokÃ©mon knowing Baton Pass
|rule|Sleep Clause Mod: Limit one foe put to sleep
|rule|Species Clause: Limit one of each PokÃ©mon
|rule|OHKO Clause: OHKO moves are banned
|rule|Moody Clause: Moody is banned
|rule|Evasion Moves Clause: Evasion moves are banned
|rule|Endless Battle Clause: Forcing endless battles is banned
|rule|HP Percentage Mod: HP is shown in percentages
|teampreview
|
|start
|switch|p1a: Landorus-Therian|Landorus-Therian, M|356\/356
|switch|p2a: Psicosis|Medicham, M, shiny|261\/261
|-ability|p1a: Landorus-Therian|Intimidate|[of] p2a: Psicosis
|-unboost|p2a: Psicosis|atk|1
|turn|1
|
|switch|p1a: Medicham|Medicham, F|262\/262
|detailschange|p2a: Psicosis|Medicham-Mega, M, shiny
|message|Medicham has Mega Evolved into Mega Medicham!
|move|p2a: Psicosis|Fake Out|p1a: Medicham
|-damage|p1a: Medicham|189\/262
|
|turn|2
|
|detailschange|p1a: Medicham|Medicham-Mega, F
|message|Medicham has Mega Evolved into Mega Medicham!
|move|p1a: Medicham|Fake Out|p2a: Psicosis
|-damage|p2a: Psicosis|165\/261
|cant|p2a: Psicosis|flinch
|
|turn|3
|
|switch|p1a: Landorus-Therian|Landorus-Therian, M|356\/356
|-ability|p1a: Landorus-Therian|Intimidate|[of] p2a: Psicosis
|-unboost|p2a: Psicosis|atk|1
|move|p2a: Psicosis|Zen Headbutt|p1a: Landorus-Therian
|-damage|p1a: Landorus-Therian|266\/356
|
|-heal|p1a: Landorus-Therian|288\/356|[from] item: Leftovers
|turn|4
|
|switch|p2a: BugsBunny|Azumarill, F, shiny|370\/370
|switch|p1a: Scizor|Scizor, M|339\/339
|
|turn|5
|
|switch|p2a: Megatron|Heatran, M|323\/323
|move|p1a: Scizor|U-turn|p2a: Megatron
|-resisted|p2a: Megatron
|-damage|p2a: Megatron|292\/323
|
|switch|p1a: Medicham|Medicham-Mega, F|189\/262
|
|turn|6
|
|move|p1a: Medicham|Fake Out|p2a: Megatron
|-resisted|p2a: Megatron
|-damage|p2a: Megatron|252\/323
|cant|p2a: Megatron|flinch
|
|turn|7
|
|switch|p1a: Heatran|Heatran, M|349\/349
|move|p2a: Megatron|Overheat|p1a: Heatran
|-start|p1a: Heatran|ability: Flash Fire
|
|turn|8
|
|switch|p2a: BugsBunny|Azumarill, F, shiny|370\/370
|move|p1a: Heatran|Stealth Rock|p2a: BugsBunny
|-sidestart|p2: SR0789|move: Stealth Rock
|
|turn|9
|c|âSR0789|khe
|
|switch|p1a: Amoonguss|Amoonguss, F|423\/423
|move|p2a: BugsBunny|Waterfall|p1a: Amoonguss
|-resisted|p1a: Amoonguss
|-damage|p1a: Amoonguss|266\/423
|
|-heal|p1a: Amoonguss|292\/423|[from] item: Black Sludge
|turn|10
|
|switch|p2a: Megatron|Heatran, M|252\/323
|-damage|p2a: Megatron|212\/323|[from] Stealth Rock
|move|p1a: Amoonguss|Spore|p2a: Megatron
|-status|p2a: Megatron|slp
|
|-heal|p1a: Amoonguss|318\/423|[from] item: Black Sludge
|turn|11
|
|switch|p2a: Psicosis|Medicham-Mega, M, shiny|165\/261
|-damage|p2a: Psicosis|149\/261|[from] Stealth Rock
|switch|p1a: Greninja|Greninja, M|285\/285
|
|turn|12
|
|switch|p1a: Landorus-Therian|Landorus-Therian, M|288\/356
|-ability|p1a: Landorus-Therian|Intimidate|[of] p2a: Psicosis
|-unboost|p2a: Psicosis|atk|1
|move|p2a: Psicosis|Fake Out|p1a: Landorus-Therian
|-damage|p1a: Landorus-Therian|245\/356
|
|-heal|p1a: Landorus-Therian|267\/356|[from] item: Leftovers
|turn|13
|
|switch|p1a: Scizor|Scizor, M|339\/339
|move|p2a: Psicosis|Ice Punch|p1a: Scizor
|-resisted|p1a: Scizor
|-damage|p1a: Scizor|289\/339
|
|-heal|p1a: Scizor|310\/339|[from] item: Leftovers
|turn|14
|
|switch|p2a: Megatron|Heatran, M|212\/323 slp
|-damage|p2a: Megatron|172\/323 slp|[from] Stealth Rock
|move|p1a: Scizor|Bullet Punch|p2a: Megatron
|-crit|p2a: Megatron
|-resisted|p2a: Megatron
|-damage|p2a: Megatron|132\/323 slp
|
|-heal|p1a: Scizor|331\/339|[from] item: Leftovers
|turn|15
|
|switch|p1a: Greninja|Greninja, M|285\/285
|cant|p2a: Megatron|slp
|
|turn|16
|
|switch|p2a: BugsBunny|Azumarill, F, shiny|370\/370
|-damage|p2a: BugsBunny|324\/370|[from] Stealth Rock
|move|p1a: Greninja|Hydro Pump|p2a: BugsBunny|[miss]
|-start|p1a: Greninja|typechange|Water|[from] Protean
|-miss|p1a: Greninja|p2a: BugsBunny
|
|turn|17
|
|switch|p1a: Amoonguss|Amoonguss, F|423\/423
|move|p2a: BugsBunny|Play Rough|p1a: Amoonguss
|-resisted|p1a: Amoonguss
|-damage|p1a: Amoonguss|240\/423
|
|-heal|p1a: Amoonguss|266\/423|[from] item: Black Sludge
|turn|18
|
|switch|p1a: Heatran|Heatran, M|349\/349
|move|p2a: BugsBunny|Play Rough|p1a: Heatran
|-resisted|p1a: Heatran
|-damage|p1a: Heatran|300\/349
|
|-heal|p1a: Heatran|321\/349|[from] item: Leftovers
|turn|19
|
|switch|p2a: Bangiras|Tyranitar, M|341\/341
|-damage|p2a: Bangiras|299\/341|[from] Stealth Rock
|-weather|Sandstorm
|move|p1a: Heatran|Earth Power|p2a: Bangiras
|-supereffective|p2a: Bangiras
|-damage|p2a: Bangiras|175\/341
|
|-weather|Sandstorm|[upkeep]
|-heal|p1a: Heatran|342\/349|[from] item: Leftovers
|turn|20
|
|switch|p1a: Landorus-Therian|Landorus-Therian, M|267\/356
|-ability|p1a: Landorus-Therian|Intimidate|[of] p2a: Bangiras
|-unboost|p2a: Bangiras|atk|1
|move|p2a: Bangiras|Ice Punch|p1a: Landorus-Therian
|-supereffective|p1a: Landorus-Therian
|-damage|p1a: Landorus-Therian|87\/356
|
|-weather|Sandstorm|[upkeep]
|-heal|p1a: Landorus-Therian|109\/356|[from] item: Leftovers
|turn|21
|
|switch|p1a: Scizor|Scizor, M|331\/339
|move|p2a: Bangiras|Ice Punch|p1a: Scizor
|-resisted|p1a: Scizor
|-damage|p1a: Scizor|304\/339
|
|-weather|Sandstorm|[upkeep]
|-heal|p1a: Scizor|325\/339|[from] item: Leftovers
|turn|22
|
|switch|p2a: Megatron|Heatran, M|132\/323 slp
|-damage|p2a: Megatron|92\/323 slp|[from] Stealth Rock
|move|p1a: Scizor|U-turn|p2a: Megatron
|-resisted|p2a: Megatron
|-damage|p2a: Megatron|60\/323 slp
|
|switch|p1a: Greninja|Greninja, M|285\/285
|
|-weather|Sandstorm|[upkeep]
|-damage|p1a: Greninja|268\/285|[from] sandstorm
|turn|23
|
|move|p1a: Greninja|Hydro Pump|p2a: Megatron
|-start|p1a: Greninja|typechange|Water|[from] Protean
|-supereffective|p2a: Megatron
|-damage|p2a: Megatron|0 fnt
|faint|p2a: Megatron
|
|-weather|none
|
|switch|p2a: BugsBunny|Azumarill, F, shiny|324\/370
|-damage|p2a: BugsBunny|278\/370|[from] Stealth Rock
|turn|24
|
|switch|p1a: Amoonguss|Amoonguss, F|407\/423
|move|p2a: BugsBunny|Play Rough|p1a: Amoonguss
|-resisted|p1a: Amoonguss
|-damage|p1a: Amoonguss|206\/423
|
|-heal|p1a: Amoonguss|232\/423|[from] item: Black Sludge
|turn|25
|
|switch|p2a: Psicosis|Medicham-Mega, M, shiny|149\/261
|-damage|p2a: Psicosis|133\/261|[from] Stealth Rock
|move|p1a: Amoonguss|Spore|p2a: Psicosis
|-status|p2a: Psicosis|slp
|
|-heal|p1a: Amoonguss|258\/423|[from] item: Black Sludge
|turn|26
|
|cant|p2a: Psicosis|slp
|move|p1a: Amoonguss|Foul Play|p2a: Psicosis
|-damage|p2a: Psicosis|26\/261 slp
|
|-heal|p1a: Amoonguss|284\/423|[from] item: Black Sludge
|turn|27
|
|-curestatus|p2a: Psicosis|slp
|move|p2a: Psicosis|Zen Headbutt|p1a: Amoonguss
|-supereffective|p1a: Amoonguss
|-damage|p1a: Amoonguss|0 fnt
|faint|p1a: Amoonguss
|
|
|switch|p1a: Scizor|Scizor, M|325\/339
|turn|28
|
|switch|p2a: Voltolos|Thundurus, M|299\/299
|-damage|p2a: Voltolos|225\/299|[from] Stealth Rock
|move|p1a: Scizor|Bullet Punch|p2a: Voltolos
|-resisted|p2a: Voltolos
|-damage|p2a: Voltolos|149\/299
|
|-heal|p1a: Scizor|339\/339|[from] item: Leftovers
|turn|29
|
|switch|p1a: Heatran|Heatran, M|342\/349
|move|p2a: Voltolos|Thunder|p1a: Heatran
|-damage|p1a: Heatran|142\/349
|-status|p1a: Heatran|par
|-damage|p2a: Voltolos|120\/299|[from] item: Life Orb
|
|-heal|p1a: Heatran|163\/349 par|[from] item: Leftovers
|turn|30
|
|move|p2a: Voltolos|Focus Blast|p1a: Heatran
|-supereffective|p1a: Heatran
|-damage|p1a: Heatran|0 fnt
|-damage|p2a: Voltolos|91\/299|[from] item: Life Orb
|faint|p1a: Heatran
|
|
|switch|p1a: Medicham|Medicham-Mega, F|189\/262
|turn|31
|
|move|p1a: Medicham|Fake Out|p2a: Voltolos
|-damage|p2a: Voltolos|0 fnt
|faint|p2a: Voltolos
|
|
|switch|p2a: BugsBunny|Azumarill, F, shiny|278\/370
|-damage|p2a: BugsBunny|232\/370|[from] Stealth Rock
|turn|32
|
|move|p1a: Medicham|Zen Headbutt|p2a: BugsBunny
|-damage|p2a: BugsBunny|0 fnt
|faint|p2a: BugsBunny
|
|
|switch|p2a: Psicosis|Medicham-Mega, M, shiny|26\/261
|-damage|p2a: Psicosis|10\/261|[from] Stealth Rock
|turn|33
|
|switch|p1a: Landorus-Therian|Landorus-Therian, M|109\/356
|-ability|p1a: Landorus-Therian|Intimidate|[of] p2a: Psicosis
|-unboost|p2a: Psicosis|atk|1
|move|p2a: Psicosis|High Jump Kick|p1a: Landorus-Therian
|-resisted|p1a: Landorus-Therian
|-damage|p1a: Landorus-Therian|3\/356
|
|-heal|p1a: Landorus-Therian|25\/356|[from] item: Leftovers
|turn|34
|
|move|p2a: Psicosis|High Jump Kick|p1a: Landorus-Therian|[miss]
|-miss|p2a: Psicosis|p1a: Landorus-Therian
|-damage|p2a: Psicosis|0 fnt|[from] highjumpkick
|faint|p2a: Psicosis
|move|p1a: Landorus-Therian|U-turn|p2: Psicosis|[notarget]
|-notarget
|
|-heal|p1a: Landorus-Therian|47\/356|[from] item: Leftovers
|
|switch|p2a: Bangiras|Tyranitar, M|175\/341
|-damage|p2a: Bangiras|133\/341|[from] Stealth Rock
|-weather|Sandstorm
|turn|35
|
|move|p2a: Bangiras|Crunch|p1a: Landorus-Therian
|-damage|p1a: Landorus-Therian|0 fnt
|faint|p1a: Landorus-Therian
|
|-weather|Sandstorm|[upkeep]
|
|switch|p1a: Scizor|Scizor, M|339\/339
|turn|36
|
|move|p2a: Bangiras|Crunch|p1a: Scizor
|-damage|p1a: Scizor|207\/339
|move|p1a: Scizor|Swords Dance|p1a: Scizor
|-boost|p1a: Scizor|atk|2
|
|-weather|Sandstorm|[upkeep]
|-heal|p1a: Scizor|228\/339|[from] item: Leftovers
|turn|37
|
|move|p2a: Bangiras|Crunch|p1a: Scizor
|-damage|p1a: Scizor|96\/339
|move|p1a: Scizor|Swords Dance|p1a: Scizor
|-boost|p1a: Scizor|atk|2
|
|-weather|Sandstorm|[upkeep]
|-heal|p1a: Scizor|117\/339|[from] item: Leftovers
|turn|38
|
|move|p1a: Scizor|Bullet Punch|p2a: Bangiras
|-supereffective|p2a: Bangiras
|-damage|p2a: Bangiras|0 fnt
|faint|p2a: Bangiras
|
|-weather|Sandstorm|[upkeep]
|-heal|p1a: Scizor|138\/339|[from] item: Leftovers
|
|switch|p2a: Sharpedo 2.0|Garchomp, M, shiny|357\/357
|-damage|p2a: Sharpedo 2.0|335\/357|[from] Stealth Rock
|turn|39
|
|move|p1a: Scizor|Bullet Punch|p2a: Sharpedo 2.0|[miss]
|-miss|p1a: Scizor|p2a: Sharpedo 2.0
|move|p2a: Sharpedo 2.0|Outrage|p1a: Scizor
|-resisted|p1a: Scizor
|-damage|p1a: Scizor|29\/339
|
|-weather|none
|-heal|p1a: Scizor|50\/339|[from] item: Leftovers
|turn|40
|
|move|p1a: Scizor|Bullet Punch|p2a: Sharpedo 2.0
|-damage|p2a: Sharpedo 2.0|0 fnt
|faint|p2a: Sharpedo 2.0
|
|win|Dumb bass
|raw|Ladder updating...
|raw|Dumb bass's rating: 1581 &rarr; <strong>1604<\/strong><br \/>(+23 for winning)
|raw|SR0789's rating: 1637 &rarr; <strong>1614<\/strong><br \/>(-23 for losing)
|c|âDumb bass|gg
|leave|SR0789
|player|p2