|join|lt7a xtra
|join|Dumb bass
|player|p1|lt7a xtra|1
|player|p2|Dumb bass|23
|gametype|singles
|gen|6
|tier|OU
|rated
|clearpoke
|poke|p1|Tyranitar, F
|poke|p1|Staraptor, F
|poke|p1|Excadrill, M
|poke|p1|Pinsir, F
|poke|p1|Magneton
|poke|p1|Azumarill, F
|poke|p2|Landorus-Therian, M
|poke|p2|Medicham, M
|poke|p2|Sharpedo, M
|poke|p2|Heatran, F
|poke|p2|Amoonguss, F
|poke|p2|Zapdos
|rule|Swagger Clause: Swagger is banned
|rule|Baton Pass Clause: Limit one PokÃ©mon knowing Baton Pass
|rule|Sleep Clause Mod: Limit one foe put to sleep
|rule|Species Clause: Limit one of each PokÃ©mon
|rule|OHKO Clause: OHKO moves are banned
|rule|Moody Clause: Moody is banned
|rule|Evasion Moves Clause: Evasion moves are banned
|rule|Endless Battle Clause: Forcing endless battles is banned
|rule|HP Percentage Mod: HP is shown in percentages
|teampreview
|
|start
|switch|p1a: Tyranitar|Tyranitar, F|341\/341
|switch|p2a: Medicham|Medicham, M|261\/261
|-weather|Sandstorm
|turn|1
|
|switch|p1a: Azumarill|Azumarill, F|342\/342
|detailschange|p2a: Medicham|Medicham-Mega, M
|message|Medicham has Mega Evolved into Mega Medicham!
|move|p2a: Medicham|Drain Punch|p1a: Azumarill
|-crit|p1a: Azumarill
|-resisted|p1a: Azumarill
|-damage|p1a: Azumarill|124\/342
|-enditem|p1a: Azumarill|Sitrus Berry|[eat]
|-heal|p1a: Azumarill|209\/342|[from] item: Sitrus Berry
|
|-weather|Sandstorm|[upkeep]
|-damage|p2a: Medicham|245\/261|[from] sandstorm
|-damage|p1a: Azumarill|188\/342|[from] sandstorm
|turn|2
|
|move|p2a: Medicham|Zen Headbutt|p1a: Azumarill
|-damage|p1a: Azumarill|0 fnt
|faint|p1a: Azumarill
|
|-weather|Sandstorm|[upkeep]
|-damage|p2a: Medicham|229\/261|[from] sandstorm
|
|switch|p1a: Excadrill|Excadrill, M|361\/361
|turn|3
|
|switch|p2a: Landorus-Therian|Landorus-Therian, M|319\/319
|-ability|p2a: Landorus-Therian|Intimidate|[of] p1a: Excadrill
|-unboost|p1a: Excadrill|atk|1
|move|p1a: Excadrill|Earthquake|p2a: Landorus-Therian
|-immune|p2a: Landorus-Therian|[msg]
|
|-weather|Sandstorm|[upkeep]
|turn|4
|
|switch|p1a: Staraptor|Staraptor, F|311\/311
|move|p2a: Landorus-Therian|U-turn|p1a: Staraptor
|-resisted|p1a: Staraptor
|-damage|p1a: Staraptor|248\/311
|
|switch|p2a: Heatran|Heatran, F|373\/373
|
|-weather|Sandstorm|[upkeep]
|-damage|p1a: Staraptor|229\/311|[from] sandstorm
|turn|5
|
|move|p1a: Staraptor|Close Combat|p2a: Heatran
|-supereffective|p2a: Heatran
|-damage|p2a: Heatran|79\/373
|-unboost|p1a: Staraptor|def|1
|-unboost|p1a: Staraptor|spd|1
|move|p2a: Heatran|Stealth Rock|p1a: Staraptor
|-sidestart|p1: lt7a xtra|move: Stealth Rock
|
|-weather|none
|-heal|p2a: Heatran|102\/373|[from] item: Leftovers
|turn|6
|
|switch|p1a: Tyranitar|Tyranitar, F|341\/341
|-damage|p1a: Tyranitar|299\/341|[from] Stealth Rock
|-weather|Sandstorm
|switch|p2a: Landorus-Therian|Landorus-Therian, M|319\/319
|-ability|p2a: Landorus-Therian|Intimidate|[of] p1a: Tyranitar
|-unboost|p1a: Tyranitar|atk|1
|
|-weather|Sandstorm|[upkeep]
|turn|7
|
|move|p2a: Landorus-Therian|U-turn|p1a: Tyranitar
|-supereffective|p1a: Tyranitar
|-damage|p1a: Tyranitar|129\/341
|
|switch|p2a: Amoonguss|Amoonguss, F|432\/432
|move|p1a: Tyranitar|Stealth Rock|p2a: Amoonguss
|-sidestart|p2: Dumb bass|move: Stealth Rock
|
|-weather|Sandstorm|[upkeep]
|-damage|p2a: Amoonguss|405\/432|[from] sandstorm
|-heal|p2a: Amoonguss|432\/432|[from] item: Black Sludge
|turn|8
|
|move|p1a: Tyranitar|Fire Blast|p2a: Amoonguss
|-supereffective|p2a: Amoonguss
|-damage|p2a: Amoonguss|274\/432
|move|p2a: Amoonguss|Spore|p1a: Tyranitar
|-status|p1a: Tyranitar|slp
|
|-weather|Sandstorm|[upkeep]
|-damage|p2a: Amoonguss|247\/432|[from] sandstorm
|-heal|p2a: Amoonguss|274\/432|[from] item: Black Sludge
|turn|9
|
|switch|p1a: Excadrill|Excadrill, M|361\/361
|-damage|p1a: Excadrill|350\/361|[from] Stealth Rock
|switch|p2a: Landorus-Therian|Landorus-Therian, M|319\/319
|-damage|p2a: Landorus-Therian|280\/319|[from] Stealth Rock
|-ability|p2a: Landorus-Therian|Intimidate|[of] p1a: Excadrill
|-unboost|p1a: Excadrill|atk|1
|
|-weather|Sandstorm|[upkeep]
|turn|10
|
|move|p1a: Excadrill|Rapid Spin|p2a: Landorus-Therian
|-damage|p2a: Landorus-Therian|254\/319
|-sideend|p1: lt7a xtra|Stealth Rock|[from] move: Rapid Spin|[of] p1a: Excadrill
|-damage|p1a: Excadrill|314\/361|[from] item: Life Orb
|move|p2a: Landorus-Therian|Earthquake|p1a: Excadrill
|-supereffective|p1a: Excadrill
|-damage|p1a: Excadrill|0 fnt
|faint|p1a: Excadrill
|
|-weather|none
|
|switch|p1a: Staraptor|Staraptor, F|229\/311
|turn|11
|
|switch|p2a: Zapdos|Zapdos|321\/321
|-damage|p2a: Zapdos|241\/321|[from] Stealth Rock
|-ability|p2a: Zapdos|Pressure
|move|p1a: Staraptor|Brave Bird|p2a: Zapdos
|-resisted|p2a: Zapdos
|-damage|p2a: Zapdos|61\/321
|-damage|p1a: Staraptor|170\/311|[from] recoil|[of] p2a: Zapdos
|
|-heal|p2a: Zapdos|81\/321|[from] item: Leftovers
|turn|12
|
|move|p1a: Staraptor|Brave Bird|p2a: Zapdos
|-resisted|p2a: Zapdos
|-damage|p2a: Zapdos|0 fnt
|-damage|p1a: Staraptor|143\/311|[from] recoil|[of] p2a: Zapdos
|faint|p2a: Zapdos
|
|join|LT7Y Alkov
|
|switch|p2a: Landorus-Therian|Landorus-Therian, M|254\/319
|-damage|p2a: Landorus-Therian|215\/319|[from] Stealth Rock
|-ability|p2a: Landorus-Therian|Intimidate|[of] p1a: Staraptor
|-unboost|p1a: Staraptor|atk|1
|turn|13
|
|switch|p1a: Magneton|Magneton|241\/241
|move|p2a: Landorus-Therian|U-turn|p1a: Magneton
|-resisted|p1a: Magneton
|-damage|p1a: Magneton|198\/241
|
|switch|p2a: Heatran|Heatran, F|102\/373
|-damage|p2a: Heatran|56\/373|[from] Stealth Rock
|
|-heal|p2a: Heatran|79\/373|[from] item: Leftovers
|turn|14
|
|move|p1a: Magneton|Volt Switch|p2a: Heatran
|-damage|p2a: Heatran|0 fnt
|faint|p2a: Heatran
|
|switch|p1a: Pinsir|Pinsir, F|271\/271
|
|
|switch|p2a: Landorus-Therian|Landorus-Therian, M|215\/319
|-damage|p2a: Landorus-Therian|176\/319|[from] Stealth Rock
|-ability|p2a: Landorus-Therian|Intimidate|[of] p1a: Pinsir
|-fail|p1a: Pinsir|unboost|Attack|[from] ability: Hyper Cutter|[of] p1a: Pinsir
|turn|15
|
|switch|p1a: Magneton|Magneton|198\/241
|move|p2a: Landorus-Therian|Rock Slide|p1a: Magneton
|-resisted|p1a: Magneton
|-damage|p1a: Magneton|151\/241
|
|turn|16
|
|switch|p2a: Amoonguss|Amoonguss, F|418\/432
|-damage|p2a: Amoonguss|364\/432|[from] Stealth Rock
|move|p1a: Magneton|Volt Switch|p2a: Amoonguss
|-resisted|p2a: Amoonguss
|-damage|p2a: Amoonguss|317\/432
|
|switch|p1a: Pinsir|Pinsir, F|271\/271
|
|-heal|p2a: Amoonguss|344\/432|[from] item: Black Sludge
|turn|17
|
|detailschange|p1a: Pinsir|Pinsir-Mega, F
|message|Pinsir has Mega Evolved into Mega Pinsir!
|move|p1a: Pinsir|Swords Dance|p1a: Pinsir
|-boost|p1a: Pinsir|atk|2
|move|p2a: Amoonguss|Hidden Power|p1a: Pinsir
|-supereffective|p1a: Pinsir
|-damage|p1a: Pinsir|177\/271
|
|-heal|p2a: Amoonguss|371\/432|[from] item: Black Sludge
|turn|18
|
|move|p1a: Pinsir|Swords Dance|p1a: Pinsir
|-boost|p1a: Pinsir|atk|2
|move|p2a: Amoonguss|Hidden Power|p1a: Pinsir
|-supereffective|p1a: Pinsir
|-damage|p1a: Pinsir|81\/271
|
|-heal|p2a: Amoonguss|398\/432|[from] item: Black Sludge
|turn|19
|
|move|p1a: Pinsir|Frustration|p2a: Amoonguss
|-supereffective|p2a: Amoonguss
|-damage|p2a: Amoonguss|0 fnt
|faint|p2a: Amoonguss
|
|
|switch|p2a: Medicham|Medicham-Mega, M|229\/261
|-damage|p2a: Medicham|213\/261|[from] Stealth Rock
|turn|20
|
|move|p2a: Medicham|Fake Out|p1a: Pinsir
|-damage|p1a: Pinsir|16\/271
|cant|p1a: Pinsir|flinch
|
|turn|21
|
|switch|p2a: Landorus-Therian|Landorus-Therian, M|176\/319
|-damage|p2a: Landorus-Therian|137\/319|[from] Stealth Rock
|-ability|p2a: Landorus-Therian|Intimidate|[of] p1a: Pinsir
|-unboost|p1a: Pinsir|atk|1
|move|p1a: Pinsir|Quick Attack|p2a: Landorus-Therian
|-damage|p2a: Landorus-Therian|0 fnt
|faint|p2a: Landorus-Therian
|
|
|switch|p2a: Medicham|Medicham-Mega, M|213\/261
|-damage|p2a: Medicham|197\/261|[from] Stealth Rock
|turn|22
|
|switch|p1a: Tyranitar|Tyranitar, F|129\/341 slp
|-weather|Sandstorm
|move|p2a: Medicham|Fake Out|p1a: Tyranitar
|-resisted|p1a: Tyranitar
|-damage|p1a: Tyranitar|94\/341 slp
|
|-weather|Sandstorm|[upkeep]
|-damage|p2a: Medicham|181\/261|[from] sandstorm
|turn|23
|
|move|p2a: Medicham|Drain Punch|p1a: Tyranitar
|-supereffective|p1a: Tyranitar
|-damage|p1a: Tyranitar|0 fnt
|-heal|p2a: Medicham|228\/261|[from] drain|[of] p1a: Tyranitar
|faint|p1a: Tyranitar
|
|-weather|Sandstorm|[upkeep]
|-damage|p2a: Medicham|212\/261|[from] sandstorm
|
|switch|p1a: Pinsir|Pinsir-Mega, F|16\/271
|turn|24
|
|move|p1a: Pinsir|Quick Attack|p2a: Medicham
|-supereffective|p2a: Medicham
|-damage|p2a: Medicham|0 fnt
|faint|p2a: Medicham
|
|-weather|Sandstorm|[upkeep]
|-damage|p1a: Pinsir|0 fnt|[from] sandstorm
|faint|p1a: Pinsir
|join|LT7B Timeless
|
|switch|p1a: Magneton|Magneton|151\/241
|switch|p2a: Sharpedo|Sharpedo, M|281\/281
|-damage|p2a: Sharpedo|246\/281|[from] Stealth Rock
|turn|25
|leave|LT7B Timeless
|
|move|p2a: Sharpedo|Protect|p2a: Sharpedo
|-singleturn|p2a: Sharpedo|Protect
|move|p1a: Magneton|Thunderbolt|p2a: Sharpedo
|-activate|p2a: Sharpedo|Protect
|
|-weather|Sandstorm|[upkeep]
|-damage|p2a: Sharpedo|229\/281|[from] sandstorm
|-boost|p2a: Sharpedo|spe|1|[from] ability: Speed Boost
|turn|26
|
|move|p2a: Sharpedo|Crunch|p1a: Magneton
|-damage|p1a: Magneton|0 fnt
|-damage|p2a: Sharpedo|201\/281|[from] item: Life Orb
|faint|p1a: Magneton
|
|-weather|none
|-boost|p2a: Sharpedo|spe|1|[from] ability: Speed Boost
|join|LT7B Timeless
|
|switch|p1a: Staraptor|Staraptor, F|143\/311
|turn|27
|leave|LT7B Timeless
|
|move|p2a: Sharpedo|Crunch|p1a: Staraptor
|-damage|p1a: Staraptor|0 fnt
|-damage|p2a: Sharpedo|173\/281|[from] item: Life Orb
|faint|p1a: Staraptor
|
|win|Dumb bass
|raw|Ladder updating...
|join|bluecheez
|raw|lt7a xtra's rating: 1707 &rarr; <strong>1679<\/strong><br \/>(-28 for losing)
|raw|Dumb bass's rating: 1576 &rarr; <strong>1603<\/strong><br \/>(+27 for winning)
|c|âDumb bass|gg
|leave|lt7a xtra
|player|p1