|join|davidupesm
|join|Dumb bass
|player|p1|davidupesm|92
|player|p2|Dumb bass|23
|gametype|singles
|gen|6
|tier|OU
|rated
|clearpoke
|poke|p1|Gliscor, F
|poke|p1|Venusaur, F
|poke|p1|Gengar, F
|poke|p1|Salamence, F
|poke|p1|Rotom-Wash
|poke|p1|Scizor, F
|poke|p2|Bisharp, F
|poke|p2|Landorus-Therian, M
|poke|p2|Salamence, M
|poke|p2|Heatran, M
|poke|p2|Alakazam, M
|poke|p2|Rotom-Wash
|rule|Swagger Clause: Swagger is banned
|rule|Baton Pass Clause: Limit one PokÃ©mon knowing Baton Pass
|rule|Sleep Clause Mod: Limit one foe put to sleep
|rule|Species Clause: Limit one of each PokÃ©mon
|rule|OHKO Clause: OHKO moves are banned
|rule|Moody Clause: Moody is banned
|rule|Evasion Moves Clause: Evasion moves are banned
|rule|Endless Battle Clause: Forcing endless battles is banned
|rule|HP Percentage Mod: HP is shown in percentages
|teampreview
|
|start
|switch|p1a: Salamence|Salamence, F|331\/331
|switch|p2a: Alakazam|Alakazam, M|251\/251
|turn|1
|
|switch|p2a: Landorus-Therian|Landorus-Therian, M|365\/365
|-ability|p2a: Landorus-Therian|Intimidate|[of] p1a: Salamence
|-unboost|p1a: Salamence|atk|1
|move|p1a: Salamence|Draco Meteor|p2a: Landorus-Therian
|-damage|p2a: Landorus-Therian|71\/365
|-unboost|p1a: Salamence|spa|2
|-damage|p1a: Salamence|298\/331|[from] item: Life Orb
|
|-heal|p2a: Landorus-Therian|93\/365|[from] item: Leftovers
|turn|2
|
|switch|p1a: Venusaur|Venusaur, F|364\/364
|switch|p2a: Heatran|Heatran, M|323\/323
|
|turn|3
|
|detailschange|p1a: Venusaur|Venusaur-Mega, F
|message|Venusaur has Mega Evolved into Mega Venusaur!
|move|p2a: Heatran|Fire Blast|p1a: Venusaur
|-supereffective|p1a: Venusaur
|-damage|p1a: Venusaur|238\/364
|move|p1a: Venusaur|Leech Seed|p2a: Heatran
|-start|p2a: Heatran|move: Leech Seed
|
|-damage|p2a: Heatran|283\/323|[from] Leech Seed|[of] p1a: Venusaur
|-heal|p1a: Venusaur|278\/364|[silent]
|turn|4
|
|switch|p2a: Alakazam|Alakazam, M|251\/251
|switch|p1a: Salamence|Salamence, F|298\/331
|
|turn|5
|
|switch|p2a: Rotom-Wash|Rotom-Wash|304\/304
|move|p1a: Salamence|Dragon Claw|p2a: Rotom-Wash
|-crit|p2a: Rotom-Wash
|-damage|p2a: Rotom-Wash|14\/304
|-damage|p1a: Salamence|265\/331|[from] item: Life Orb
|
|-heal|p2a: Rotom-Wash|33\/304|[from] item: Leftovers
|turn|6
|
|switch|p2a: Heatran|Heatran, M|283\/323
|move|p1a: Salamence|Dragon Claw|p2a: Heatran
|-resisted|p2a: Heatran
|-damage|p2a: Heatran|197\/323
|-damage|p1a: Salamence|232\/331|[from] item: Life Orb
|
|turn|7
|
|move|p2a: Heatran|Hidden Power|p1a: Salamence
|-supereffective|p1a: Salamence
|-damage|p1a: Salamence|44\/331
|move|p1a: Salamence|Dragon Dance|p1a: Salamence
|-boost|p1a: Salamence|atk|1
|-boost|p1a: Salamence|spe|1
|
|turn|8
|
|move|p1a: Salamence|Dragon Claw|p2a: Heatran
|-resisted|p2a: Heatran
|-damage|p2a: Heatran|54\/323
|-damage|p1a: Salamence|11\/331|[from] item: Life Orb
|move|p2a: Heatran|Hidden Power|p1a: Salamence
|-supereffective|p1a: Salamence
|-damage|p1a: Salamence|0 fnt
|faint|p1a: Salamence
|
|
|switch|p1a: Gengar|Gengar, F|262\/262
|turn|9
|
|move|p2a: Heatran|Hidden Power|p1a: Gengar
|-damage|p1a: Gengar|168\/262
|move|p1a: Gengar|Shadow Ball|p2a: Heatran
|-damage|p2a: Heatran|0 fnt
|faint|p2a: Heatran
|
|
|switch|p2a: Bisharp|Bisharp, F|271\/271
|turn|10
|
|move|p1a: Gengar|Shadow Ball|p2a: Bisharp
|-crit|p2a: Bisharp
|-resisted|p2a: Bisharp
|-damage|p2a: Bisharp|45\/271
|-unboost|p2a: Bisharp|spd|1
|-boost|p2a: Bisharp|atk|2|[from] ability: Defiant
|move|p2a: Bisharp|Pursuit|p1a: Gengar
|-supereffective|p1a: Gengar
|-damage|p1a: Gengar|0 fnt
|-damage|p2a: Bisharp|18\/271|[from] item: Life Orb
|faint|p1a: Gengar
|
|
|switch|p1a: Scizor|Scizor, F|344\/344
|turn|11
|
|move|p2a: Bisharp|Sucker Punch|p1a: Scizor
|-damage|p1a: Scizor|0 fnt
|-damage|p2a: Bisharp|0 fnt|[from] item: Life Orb
|faint|p1a: Scizor
|faint|p2a: Bisharp
|
|
|switch|p2a: Alakazam|Alakazam, M|251\/251
|switch|p1a: Gliscor|Gliscor, F|354\/354
|turn|12
|
|switch|p2a: Landorus-Therian|Landorus-Therian, M|93\/365
|-ability|p2a: Landorus-Therian|Intimidate|[of] p1a: Gliscor
|-unboost|p1a: Gliscor|atk|1
|move|p1a: Gliscor|Stealth Rock|p2a: Landorus-Therian
|-sidestart|p2: Dumb bass|move: Stealth Rock
|
|-heal|p2a: Landorus-Therian|115\/365|[from] item: Leftovers
|-status|p1a: Gliscor|tox|[from] item: Toxic Orb
|turn|13
|
|move|p1a: Gliscor|Toxic|p2a: Landorus-Therian
|-status|p2a: Landorus-Therian|tox
|move|p2a: Landorus-Therian|Stealth Rock|p1a: Gliscor
|-sidestart|p1: davidupesm|move: Stealth Rock
|
|-heal|p2a: Landorus-Therian|137\/365 tox|[from] item: Leftovers
|-damage|p2a: Landorus-Therian|115\/365 tox|[from] psn
|turn|14
|
|move|p1a: Gliscor|Protect|p1a: Gliscor
|-singleturn|p1a: Gliscor|Protect
|move|p2a: Landorus-Therian|Rock Slide|p1a: Gliscor
|-activate|p1a: Gliscor|Protect
|
|-heal|p2a: Landorus-Therian|137\/365 tox|[from] item: Leftovers
|-damage|p2a: Landorus-Therian|93\/365 tox|[from] psn
|turn|15
|
|switch|p1a: Venusaur|Venusaur-Mega, F|278\/364
|-damage|p1a: Venusaur|233\/364|[from] Stealth Rock
|move|p2a: Landorus-Therian|Rock Slide|p1a: Venusaur
|-damage|p1a: Venusaur|159\/364
|
|-heal|p2a: Landorus-Therian|115\/365 tox|[from] item: Leftovers
|-damage|p2a: Landorus-Therian|49\/365 tox|[from] psn
|turn|16
|
|move|p2a: Landorus-Therian|U-turn|p1a: Venusaur
|-damage|p1a: Venusaur|92\/364
|
|switch|p2a: Rotom-Wash|Rotom-Wash|33\/304
|-damage|p2a: Rotom-Wash|0 fnt|[from] Stealth Rock
|faint|p2a: Rotom-Wash
|move|p1a: Venusaur|Synthesis|p1a: Venusaur
|-heal|p1a: Venusaur|274\/364
|
|
|switch|p2a: Alakazam|Alakazam, M|251\/251
|-damage|p2a: Alakazam|220\/251|[from] Stealth Rock
|turn|17
|
|switch|p1a: Rotom-Wash|Rotom-Wash|304\/304
|-damage|p1a: Rotom-Wash|266\/304|[from] Stealth Rock
|detailschange|p2a: Alakazam|Alakazam-Mega, M
|message|Alakazam has Mega Evolved into Mega Alakazam!
|-ability|p2a: Alakazam|Levitate|[from] ability: Trace|[of] p1a: Rotom-Wash
|move|p2a: Alakazam|Shadow Ball|p1a: Rotom-Wash
|-damage|p1a: Rotom-Wash|175\/304
|
|-heal|p1a: Rotom-Wash|194\/304|[from] item: Leftovers
|turn|18
|
|move|p2a: Alakazam|Energy Ball|p1a: Rotom-Wash
|-supereffective|p1a: Rotom-Wash
|-damage|p1a: Rotom-Wash|0 fnt
|faint|p1a: Rotom-Wash
|
|
|switch|p1a: Gliscor|Gliscor, F|354\/354 tox
|-damage|p1a: Gliscor|310\/354 tox|[from] Stealth Rock
|turn|19
|
|move|p2a: Alakazam|Energy Ball|p1a: Gliscor
|-damage|p1a: Gliscor|125\/354 tox
|move|p1a: Gliscor|Earthquake|p2a: Alakazam
|-immune|p2a: Alakazam|[msg]
|
|-heal|p1a: Gliscor|169\/354 tox|[from] ability: Poison Heal
|turn|20
|
|move|p1a: Gliscor|Protect|p1a: Gliscor
|-singleturn|p1a: Gliscor|Protect
|move|p2a: Alakazam|Energy Ball|p1a: Gliscor
|-activate|p1a: Gliscor|Protect
|
|-heal|p1a: Gliscor|213\/354 tox|[from] ability: Poison Heal
|turn|21
|
|move|p2a: Alakazam|Energy Ball|p1a: Gliscor
|-damage|p1a: Gliscor|36\/354 tox
|move|p1a: Gliscor|Toxic|p2a: Alakazam
|-status|p2a: Alakazam|tox
|
|-damage|p2a: Alakazam|205\/251 tox|[from] psn
|-heal|p1a: Gliscor|80\/354 tox|[from] ability: Poison Heal
|turn|22
|
|move|p1a: Gliscor|Protect|p1a: Gliscor
|-singleturn|p1a: Gliscor|Protect
|move|p2a: Alakazam|Psyshock|p1a: Gliscor
|-activate|p1a: Gliscor|Protect
|
|-damage|p2a: Alakazam|175\/251 tox|[from] psn
|-heal|p1a: Gliscor|124\/354 tox|[from] ability: Poison Heal
|turn|23
|
|move|p1a: Gliscor|Protect|p1a: Gliscor
|-fail|p1a: Gliscor
|move|p2a: Alakazam|Energy Ball|p1a: Gliscor
|-damage|p1a: Gliscor|0 fnt
|faint|p1a: Gliscor
|
|-damage|p2a: Alakazam|130\/251 tox|[from] psn
|
|switch|p1a: Venusaur|Venusaur-Mega, F|274\/364
|-damage|p1a: Venusaur|229\/364|[from] Stealth Rock
|turn|24
|
|move|p2a: Alakazam|Psyshock|p1a: Venusaur
|-supereffective|p1a: Venusaur
|-damage|p1a: Venusaur|0 fnt
|faint|p1a: Venusaur
|
|win|Dumb bass
|raw|Ladder updating...
|c|âDumb bass|gg
|raw|davidupesm's rating: 1591 &rarr; <strong>1566<\/strong><br \/>(-25 for losing)
|raw|Dumb bass's rating: 1505 &rarr; <strong>1530<\/strong><br \/>(+25 for winning)
|leave|davidupesm
|player|p1