|join|Dumb bass
|join|LOLegendaries
|player|p1|Dumb bass|23
|player|p2|LOLegendaries|290
|gametype|singles
|gen|6
|tier|OU
|clearpoke
|poke|p1|Scrafty, M
|poke|p1|Krookodile, M
|poke|p1|Ambipom, M
|poke|p1|Amoonguss, F
|poke|p1|Emboar, M
|poke|p1|Galvantula, F
|poke|p2|Rotom-Wash
|poke|p2|Garchomp, F
|poke|p2|Tyranitar, F
|poke|p2|Venusaur, F
|poke|p2|Chansey, F
|poke|p2|Scizor, F
|rule|Swagger Clause: Swagger is banned
|rule|Baton Pass Clause: Limit one PokÃ©mon knowing Baton Pass
|rule|Sleep Clause Mod: Limit one foe put to sleep
|rule|Species Clause: Limit one of each PokÃ©mon
|rule|OHKO Clause: OHKO moves are banned
|rule|Moody Clause: Moody is banned
|rule|Evasion Moves Clause: Evasion moves are banned
|rule|Endless Battle Clause: Forcing endless battles is banned
|rule|HP Percentage Mod: HP is shown in percentages
|teampreview
|
|start
|switch|p1a: Galvantula|Galvantula, F|281\/281
|switch|p2a: Rotom-Wash|Rotom-Wash|242\/242
|turn|1
|
|move|p1a: Galvantula|Sticky Web|p2a: Rotom-Wash
|-sidestart|p2: LOLegendaries|move: Sticky Web
|move|p2a: Rotom-Wash|Volt Switch|p1a: Galvantula
|-crit|p1a: Galvantula
|-resisted|p1a: Galvantula
|-damage|p1a: Galvantula|153\/281
|
|switch|p2a: Scizor|Scizor, F|344\/344
|-activate|p2a: Scizor|move: Sticky Web
|-unboost|p2a: Scizor|spe|1
|
|turn|2
|
|move|p1a: Galvantula|Volt Switch|p2a: Scizor
|-damage|p2a: Scizor|223\/344
|
|switch|p1a: Emboar|Emboar, M|361\/361
|move|p2a: Scizor|Defog|p1a: Emboar
|-unboost|p1a: Emboar|evasion|1
|-sideend|p2: LOLegendaries|Sticky Web|[from] move: Defog|[of] p2a: Scizor
|
|turn|3
|
|switch|p2a: Rotom-Wash|Rotom-Wash|242\/242
|move|p1a: Emboar|Flare Blitz|p2a: Rotom-Wash
|-resisted|p2a: Rotom-Wash
|-damage|p2a: Rotom-Wash|109\/242
|-damage|p1a: Emboar|317\/361|[from] recoil|[of] p2a: Rotom-Wash
|-damage|p1a: Emboar|281\/361|[from] item: Life Orb
|
|-heal|p2a: Rotom-Wash|124\/242|[from] item: Leftovers
|turn|4
|
|move|p2a: Rotom-Wash|Volt Switch|p1a: Emboar
|-crit|p1a: Emboar
|-damage|p1a: Emboar|58\/361
|
|switch|p2a: Garchomp|Garchomp, F|358\/358
|move|p1a: Emboar|Flare Blitz|p2a: Garchomp
|-resisted|p2a: Garchomp
|-damage|p2a: Garchomp|121\/358
|-damage|p1a: Emboar|13\/361|[from] ability: Rough Skin|[of] p2a: Garchomp
|-damage|p1a: Emboar|0 fnt|[from] recoil|[of] p2a: Garchomp
|faint|p1a: Emboar
|
|
|switch|p1a: Krookodile|Krookodile, M|389\/389
|turn|5
|
|move|p2a: Garchomp|Outrage|p1a: Krookodile
|-damage|p1a: Krookodile|128\/389
|move|p1a: Krookodile|Knock Off|p2a: Garchomp
|-damage|p2a: Garchomp|0 fnt
|-damage|p1a: Krookodile|80\/389|[from] ability: Rough Skin|[of] p2a: Garchomp
|-enditem|p2a: Garchomp|Choice Band|[from] move: Knock Off|[of] p1a: Krookodile
|faint|p2a: Garchomp
|-boost|p1a: Krookodile|atk|1|[from] ability: Moxie
|
|-heal|p1a: Krookodile|104\/389|[from] item: Leftovers
|
|switch|p2a: Scizor|Scizor, F|223\/344
|turn|6
|
|move|p2a: Scizor|Bullet Punch|p1a: Krookodile
|-damage|p1a: Krookodile|0 fnt
|-damage|p2a: Scizor|189\/344|[from] item: Life Orb
|faint|p1a: Krookodile
|
|
|switch|p1a: Galvantula|Galvantula, F|153\/281
|turn|7
|
|move|p2a: Scizor|Bullet Punch|p1a: Galvantula
|-resisted|p1a: Galvantula
|-damage|p1a: Galvantula|41\/281
|-damage|p2a: Scizor|155\/344|[from] item: Life Orb
|move|p1a: Galvantula|Thunder|p2a: Scizor
|-damage|p2a: Scizor|0 fnt
|faint|p2a: Scizor
|
|
|switch|p2a: Rotom-Wash|Rotom-Wash|124\/242
|turn|8
|
|move|p1a: Galvantula|Thunder|p2a: Rotom-Wash
|-damage|p2a: Rotom-Wash|0 fnt
|faint|p2a: Rotom-Wash
|
|
|switch|p2a: Venusaur|Venusaur, F|364\/364
|turn|9
|
|detailschange|p2a: Venusaur|Venusaur-Mega, F
|message|Venusaur has Mega Evolved into Mega Venusaur!
|move|p1a: Galvantula|Volt Switch|p2a: Venusaur
|-resisted|p2a: Venusaur
|-damage|p2a: Venusaur|323\/364
|
|switch|p1a: Amoonguss|Amoonguss, F|429\/429
|move|p2a: Venusaur|Hidden Power|p1a: Amoonguss
|-supereffective|p1a: Amoonguss
|-damage|p1a: Amoonguss|295\/429
|
|-heal|p1a: Amoonguss|321\/429|[from] item: Black Sludge
|turn|10
|
|switch|p2a: Chansey|Chansey, F|704\/704
|move|p1a: Amoonguss|Hidden Power|p2a: Chansey
|-crit|p2a: Chansey
|-damage|p2a: Chansey|664\/704
|
|-heal|p1a: Amoonguss|347\/429|[from] item: Black Sludge
|turn|11
|
|move|p2a: Chansey|Toxic|p1a: Amoonguss
|-fail|p1a: Amoonguss
|move|p1a: Amoonguss|Spore|p2a: Chansey
|-status|p2a: Chansey|slp
|
|-heal|p1a: Amoonguss|373\/429|[from] item: Black Sludge
|turn|12
|
|switch|p2a: Tyranitar|Tyranitar, F|404\/404
|-weather|Sandstorm
|switch|p1a: Scrafty|Scrafty, M|301\/301
|
|-weather|Sandstorm|[upkeep]
|-damage|p1a: Scrafty|283\/301|[from] sandstorm
|turn|13
|
|switch|p2a: Venusaur|Venusaur-Mega, F|323\/364
|move|p1a: Scrafty|Drain Punch|p2a: Venusaur
|-resisted|p2a: Venusaur
|-damage|p2a: Venusaur|284\/364
|-heal|p1a: Scrafty|301\/301|[from] drain|[of] p2a: Venusaur
|
|-weather|Sandstorm|[upkeep]
|-damage|p2a: Venusaur|262\/364|[from] sandstorm
|-damage|p1a: Scrafty|283\/301|[from] sandstorm
|turn|14
|
|move|p2a: Venusaur|Sludge Bomb|p1a: Scrafty
|-damage|p1a: Scrafty|204\/301
|move|p1a: Scrafty|Super Fang|p2a: Venusaur
|-damage|p2a: Venusaur|131\/364
|
|-weather|Sandstorm|[upkeep]
|-damage|p2a: Venusaur|109\/364|[from] sandstorm
|-damage|p1a: Scrafty|186\/301|[from] sandstorm
|turn|15
|
|switch|p2a: Chansey|Chansey, F|664\/704
|move|p1a: Scrafty|Drain Punch|p2a: Chansey
|-supereffective|p2a: Chansey
|-damage|p2a: Chansey|412\/704
|-heal|p1a: Scrafty|301\/301|[from] drain|[of] p2a: Chansey
|
|-weather|Sandstorm|[upkeep]
|-damage|p1a: Scrafty|283\/301|[from] sandstorm
|-damage|p2a: Chansey|368\/704|[from] sandstorm
|turn|16
|
|move|p1a: Scrafty|Knock Off|p2a: Chansey
|-damage|p2a: Chansey|208\/704
|-enditem|p2a: Chansey|Eviolite|[from] move: Knock Off|[of] p1a: Scrafty
|move|p2a: Chansey|Wish|p2a: Chansey
|
|-weather|none
|turn|17
|
|switch|p2a: Venusaur|Venusaur-Mega, F|109\/364
|move|p1a: Scrafty|Dragon Tail|p2a: Venusaur
|-damage|p2a: Venusaur|61\/364
|drag|p2a: Tyranitar|Tyranitar, F|404\/404
|-weather|Sandstorm
|
|-weather|Sandstorm|[upkeep]
|-damage|p1a: Scrafty|265\/301|[from] sandstorm
|turn|18
|
|move|p2a: Tyranitar|Payback|p1a: Scrafty
|-resisted|p1a: Scrafty
|-damage|p1a: Scrafty|244\/301
|move|p1a: Scrafty|Drain Punch|p2a: Tyranitar
|-supereffective|p2a: Tyranitar
|-damage|p2a: Tyranitar|52\/404
|-heal|p1a: Scrafty|301\/301|[from] drain|[of] p2a: Tyranitar
|
|-weather|Sandstorm|[upkeep]
|-damage|p1a: Scrafty|283\/301|[from] sandstorm
|turn|19
|
|move|p2a: Tyranitar|Superpower|p1a: Scrafty
|-supereffective|p1a: Scrafty
|-damage|p1a: Scrafty|0 fnt
|-unboost|p2a: Tyranitar|atk|1
|-unboost|p2a: Tyranitar|def|1
|faint|p1a: Scrafty
|
|-weather|Sandstorm|[upkeep]
|
|switch|p1a: Ambipom|Ambipom, M|291\/291
|turn|20
|
|switch|p2a: Venusaur|Venusaur-Mega, F|61\/364
|move|p1a: Ambipom|Fake Out|p2a: Venusaur
|-damage|p2a: Venusaur|0 fnt
|faint|p2a: Venusaur
|
|-weather|Sandstorm|[upkeep]
|-damage|p1a: Ambipom|273\/291|[from] sandstorm
|
|switch|p2a: Chansey|Chansey, F|208\/704
|turn|21
|
|move|p1a: Ambipom|Last Resort|p2a: Chansey
|-damage|p2a: Chansey|0 fnt
|faint|p2a: Chansey
|
|-weather|none
|
|switch|p2a: Tyranitar|Tyranitar, F|52\/404
|-weather|Sandstorm
|turn|22
|
|move|p1a: Ambipom|Last Resort|p2a: Tyranitar
|-resisted|p2a: Tyranitar
|-damage|p2a: Tyranitar|0 fnt
|faint|p2a: Tyranitar
|
|win|Dumb bass