|join|Dumb bass
|join|Tokyo Tomâ¨
|player|p1|Dumb bass|23
|player|p2|Tokyo Tomâ¨|252
|gametype|singles
|gen|6
|tier|OU
|rated
|clearpoke
|poke|p1|Landorus-Therian, M
|poke|p1|Medicham, F
|poke|p1|Sharpedo, M
|poke|p1|Heatran, F
|poke|p1|Amoonguss, M
|poke|p1|Zapdos
|poke|p2|Klefki, M
|poke|p2|Manaphy
|poke|p2|Thundurus, M
|poke|p2|Charizard, F
|poke|p2|Mamoswine, F
|poke|p2|Latios, M
|rule|Swagger Clause: Swagger is banned
|rule|Baton Pass Clause: Limit one PokÃ©mon knowing Baton Pass
|rule|Sleep Clause Mod: Limit one foe put to sleep
|rule|Species Clause: Limit one of each PokÃ©mon
|rule|OHKO Clause: OHKO moves are banned
|rule|Moody Clause: Moody is banned
|rule|Evasion Moves Clause: Evasion moves are banned
|rule|Endless Battle Clause: Forcing endless battles is banned
|rule|HP Percentage Mod: HP is shown in percentages
|teampreview
|
|start
|switch|p1a: Medicham|Medicham, F|261\/261
|switch|p2a: Mamoswine|Mamoswine, F|359\/359
|turn|1
|
|switch|p2a: Klefki|Klefki, M|317\/317
|detailschange|p1a: Medicham|Medicham-Mega, F
|message|Medicham has Mega Evolved into Mega Medicham!
|move|p1a: Medicham|Fake Out|p2a: Klefki
|-resisted|p2a: Klefki
|-damage|p2a: Klefki|285\/317
|
|turn|2
|
|switch|p1a: Zapdos|Zapdos|321\/321
|-ability|p1a: Zapdos|Pressure
|move|p2a: Klefki|Reflect|p2a: Klefki
|-sidestart|p2: Tokyo Tomâ¨|Reflect
|
|turn|3
|
|switch|p2a: Charizard|Charizard, F|307\/307
|move|p1a: Zapdos|Heat Wave|p2a: Charizard
|-resisted|p2a: Charizard
|-damage|p2a: Charizard|253\/307
|
|turn|4
|
|detailschange|p2a: Charizard|Charizard-Mega-X, F
|message|Charizard has Mega Evolved into Mega Charizard!
|move|p1a: Zapdos|Volt Switch|p2a: Charizard
|-resisted|p2a: Charizard
|-damage|p2a: Charizard|193\/307
|
|switch|p1a: Heatran|Heatran, F|373\/373
|move|p2a: Charizard|Dragon Claw|p1a: Heatran
|-resisted|p1a: Heatran
|-damage|p1a: Heatran|297\/373
|
|-heal|p1a: Heatran|320\/373|[from] item: Leftovers
|turn|5
|join|craing ;_;
|join|Sp00ky r00kie
|
|switch|p2a: Manaphy|Manaphy|359\/359
|switch|p1a: Landorus-Therian|Landorus-Therian, M|319\/319
|-ability|p1a: Landorus-Therian|Intimidate|[of] p2a: Manaphy
|-unboost|p2a: Manaphy|atk|1
|
|turn|6
|
|move|p1a: Landorus-Therian|U-turn|p2a: Manaphy
|-damage|p2a: Manaphy|311\/359
|
|switch|p1a: Amoonguss|Amoonguss, M|432\/432
|move|p2a: Manaphy|Tail Glow|p2a: Manaphy
|-boost|p2a: Manaphy|spa|3
|
|turn|7
|
|move|p2a: Manaphy|Ice Beam|p1a: Amoonguss
|-supereffective|p1a: Amoonguss
|-damage|p1a: Amoonguss|72\/432
|move|p1a: Amoonguss|Spore|p2a: Manaphy
|-status|p2a: Manaphy|slp
|
|-heal|p1a: Amoonguss|99\/432|[from] item: Black Sludge
|turn|8
|c|âTokyo Tomâ¨|Bro why is Manaphy so weak tho...
|
|switch|p2a: Latios|Latios, M|299\/299
|switch|p1a: Medicham|Medicham-Mega, F|261\/261
|
|turn|9
|
|move|p1a: Medicham|Fake Out|p2a: Latios
|-damage|p2a: Latios|249\/299
|cant|p2a: Latios|flinch
|
|-sideend|p2: Tokyo Tomâ¨|Reflect
|turn|10
|
|switch|p1a: Heatran|Heatran, F|320\/373
|move|p2a: Latios|Draco Meteor|p1a: Heatran
|-resisted|p1a: Heatran
|-damage|p1a: Heatran|190\/373
|-unboost|p2a: Latios|spa|2
|-damage|p2a: Latios|220\/299|[from] item: Life Orb
|
|-heal|p1a: Heatran|213\/373|[from] item: Leftovers
|turn|11
|
|switch|p1a: Landorus-Therian|Landorus-Therian, M|319\/319
|-ability|p1a: Landorus-Therian|Intimidate|[of] p2a: Latios
|-unboost|p2a: Latios|atk|1
|move|p2a: Latios|Earthquake|p1a: Landorus-Therian
|-immune|p1a: Landorus-Therian|[msg]
|
|turn|12
|
|switch|p2a: Thundurus|Thundurus, M|299\/299
|move|p1a: Landorus-Therian|U-turn|p2a: Thundurus
|-resisted|p2a: Thundurus
|-damage|p2a: Thundurus|234\/299
|
|switch|p1a: Zapdos|Zapdos|321\/321
|-ability|p1a: Zapdos|Pressure
|
|turn|13
|
|switch|p2a: Mamoswine|Mamoswine, F|359\/359
|move|p1a: Zapdos|Heat Wave|p2a: Mamoswine
|-supereffective|p2a: Mamoswine
|-damage|p2a: Mamoswine|195\/359
|
|turn|14
|
|move|p1a: Zapdos|Heat Wave|p2a: Mamoswine
|-supereffective|p2a: Mamoswine
|-damage|p2a: Mamoswine|49\/359
|-status|p2a: Mamoswine|brn
|move|p2a: Mamoswine|Stealth Rock|p1a: Zapdos
|-sidestart|p1: Dumb bass|move: Stealth Rock
|
|-damage|p2a: Mamoswine|5\/359 brn|[from] brn
|turn|15
|
|move|p2a: Mamoswine|Ice Shard|p1a: Zapdos
|-supereffective|p1a: Zapdos
|-damage|p1a: Zapdos|233\/321
|-damage|p2a: Mamoswine|0 fnt|[from] item: Life Orb
|faint|p2a: Mamoswine
|move|p1a: Zapdos|Defog|p2: Mamoswine|[notarget]
|-notarget
|
|-heal|p1a: Zapdos|253\/321|[from] item: Leftovers
|join|Cheat Code
|
|switch|p2a: Charizard|Charizard-Mega-X, F|193\/307
|turn|16
|
|switch|p2a: Latios|Latios, M|220\/299
|move|p1a: Zapdos|Defog|p2a: Latios
|-unboost|p2a: Latios|evasion|1
|-sideend|p1: Dumb bass|Stealth Rock|[from] move: Defog|[of] p1a: Zapdos
|
|-heal|p1a: Zapdos|273\/321|[from] item: Leftovers
|turn|17
|c| craing ;_;|tom :<
|
|move|p2a: Latios|Psychic|p1a: Zapdos
|-damage|p1a: Zapdos|90\/321
|-damage|p2a: Latios|191\/299|[from] item: Life Orb
|move|p1a: Zapdos|Volt Switch|p2a: Latios
|-resisted|p2a: Latios
|-damage|p2a: Latios|129\/299
|
|switch|p1a: Landorus-Therian|Landorus-Therian, M|319\/319
|-ability|p1a: Landorus-Therian|Intimidate|[of] p2a: Latios
|-unboost|p2a: Latios|atk|1
|
|turn|18
|
|switch|p2a: Klefki|Klefki, M|285\/317
|move|p1a: Landorus-Therian|U-turn|p2a: Klefki
|-resisted|p2a: Klefki
|-damage|p2a: Klefki|267\/317
|
|switch|p1a: Heatran|Heatran, F|213\/373
|
|-heal|p1a: Heatran|236\/373|[from] item: Leftovers
|turn|19
|
|switch|p2a: Latios|Latios, M|129\/299
|move|p1a: Heatran|Stealth Rock|p2a: Latios
|-sidestart|p2: Tokyo Tomâ¨|move: Stealth Rock
|
|-heal|p1a: Heatran|259\/373|[from] item: Leftovers
|turn|20
|
|switch|p1a: Landorus-Therian|Landorus-Therian, M|319\/319
|-ability|p1a: Landorus-Therian|Intimidate|[of] p2a: Latios
|-unboost|p2a: Latios|atk|1
|move|p2a: Latios|Defog|p1a: Landorus-Therian
|-unboost|p1a: Landorus-Therian|evasion|1
|-sideend|p2: Tokyo Tomâ¨|Stealth Rock|[from] move: Defog|[of] p2a: Latios
|
|turn|21
|
|switch|p2a: Thundurus|Thundurus, M|234\/299
|move|p1a: Landorus-Therian|U-turn|p2a: Thundurus
|-resisted|p2a: Thundurus
|-damage|p2a: Thundurus|170\/299
|
|switch|p1a: Heatran|Heatran, F|259\/373
|
|-heal|p1a: Heatran|282\/373|[from] item: Leftovers
|turn|22
|
|move|p2a: Thundurus|Focus Blast|p1a: Heatran
|-supereffective|p1a: Heatran
|-damage|p1a: Heatran|0 fnt
|-damage|p2a: Thundurus|141\/299|[from] item: Life Orb
|faint|p1a: Heatran
|
|join|Cienight
|
|switch|p1a: Landorus-Therian|Landorus-Therian, M|319\/319
|-ability|p1a: Landorus-Therian|Intimidate|[of] p2a: Thundurus
|-unboost|p2a: Thundurus|atk|1
|turn|23
|
|move|p1a: Landorus-Therian|Knock Off|p2a: Thundurus
|-damage|p2a: Thundurus|0 fnt
|-enditem|p2a: Thundurus|Life Orb|[from] move: Knock Off|[of] p1a: Landorus-Therian
|faint|p2a: Thundurus
|
|
|switch|p2a: Charizard|Charizard-Mega-X, F|193\/307
|turn|24
|
|switch|p1a: Zapdos|Zapdos|90\/321
|-ability|p1a: Zapdos|Pressure
|move|p2a: Charizard|Dragon Dance|p2a: Charizard
|-boost|p2a: Charizard|atk|1
|-boost|p2a: Charizard|spe|1
|
|-heal|p1a: Zapdos|110\/321|[from] item: Leftovers
|turn|25
|
|move|p2a: Charizard|Dragon Dance|p2a: Charizard
|-boost|p2a: Charizard|atk|1
|-boost|p2a: Charizard|spe|1
|move|p1a: Zapdos|Roost|p1a: Zapdos
|-heal|p1a: Zapdos|271\/321
|
|-heal|p1a: Zapdos|291\/321|[from] item: Leftovers
|turn|26
|
|switch|p1a: Landorus-Therian|Landorus-Therian, M|319\/319
|-ability|p1a: Landorus-Therian|Intimidate|[of] p2a: Charizard
|-unboost|p2a: Charizard|atk|1
|move|p2a: Charizard|Dragon Claw|p1a: Landorus-Therian
|-damage|p1a: Landorus-Therian|0 fnt
|faint|p1a: Landorus-Therian
|
|
|switch|p1a: Sharpedo|Sharpedo, M|281\/281
|turn|27
|
|move|p2a: Charizard|Dragon Dance|p2a: Charizard
|-boost|p2a: Charizard|atk|1
|-boost|p2a: Charizard|spe|1
|move|p1a: Sharpedo|Waterfall|p2a: Charizard
|-damage|p2a: Charizard|12\/307
|-damage|p1a: Sharpedo|253\/281|[from] item: Life Orb
|
|-boost|p1a: Sharpedo|spe|1|[from] ability: Speed Boost
|turn|28
|c| craing ;_;|-
|c| craing ;_;|tom
|
|move|p1a: Sharpedo|Protect|p1a: Sharpedo
|-singleturn|p1a: Sharpedo|Protect
|move|p2a: Charizard|Dragon Claw|p1a: Sharpedo
|-activate|p1a: Sharpedo|Protect
|
|-boost|p1a: Sharpedo|spe|1|[from] ability: Speed Boost
|turn|29
|
|move|p2a: Charizard|Dragon Claw|p1a: Sharpedo
|-crit|p1a: Sharpedo
|-damage|p1a: Sharpedo|0 fnt
|faint|p1a: Sharpedo
|
|
|switch|p1a: Medicham|Medicham-Mega, F|261\/261
|turn|30
|
|switch|p2a: Klefki|Klefki, M|267\/317
|move|p1a: Medicham|Fake Out|p2a: Klefki
|-resisted|p2a: Klefki
|-damage|p2a: Klefki|237\/317
|
|turn|31
|
|switch|p2a: Charizard|Charizard-Mega-X, F|12\/307
|move|p1a: Medicham|High Jump Kick|p2a: Charizard
|-damage|p2a: Charizard|0 fnt
|faint|p2a: Charizard
|
|
|switch|p2a: Latios|Latios, M|129\/299
|turn|32
|
|switch|p1a: Amoonguss|Amoonguss, M|243\/432
|move|p2a: Latios|Draco Meteor|p1a: Amoonguss
|-damage|p1a: Amoonguss|0 fnt
|-unboost|p2a: Latios|spa|2
|-damage|p2a: Latios|100\/299|[from] item: Life Orb
|faint|p1a: Amoonguss
|
|
|switch|p1a: Zapdos|Zapdos|291\/321
|-ability|p1a: Zapdos|Pressure
|turn|33
|
|switch|p2a: Klefki|Klefki, M|237\/317
|move|p1a: Zapdos|Volt Switch|p2a: Klefki
|-damage|p2a: Klefki|117\/317
|
|switch|p1a: Medicham|Medicham-Mega, F|261\/261
|
|turn|34
|
|move|p2a: Klefki|Reflect|p2a: Klefki
|-sidestart|p2: Tokyo Tomâ¨|Reflect
|move|p1a: Medicham|Drain Punch|p2a: Klefki
|-damage|p2a: Klefki|36\/317
|
|turn|35
|
|switch|p1a: Zapdos|Zapdos|291\/321
|-ability|p1a: Zapdos|Pressure
|move|p2a: Klefki|Light Screen|p2a: Klefki
|-sidestart|p2: Tokyo Tomâ¨|move: Light Screen
|
|-heal|p1a: Zapdos|311\/321|[from] item: Leftovers
|turn|36
|
|move|p1a: Zapdos|Defog|p2a: Klefki
|-unboost|p2a: Klefki|evasion|1
|-sideend|p2: Tokyo Tomâ¨|Reflect
|-sideend|p2: Tokyo Tomâ¨|Reflect|[from] move: Defog|[of] p2a: Klefki
|-sideend|p2: Tokyo Tomâ¨|move: Light Screen
|-sideend|p2: Tokyo Tomâ¨|Light Screen|[from] move: Defog|[of] p2a: Klefki
|move|p2a: Klefki|Foul Play|p1a: Zapdos
|-damage|p1a: Zapdos|245\/321
|
|-heal|p1a: Zapdos|265\/321|[from] item: Leftovers
|turn|37
|c| Cienight|tom , how's klefki working for you
|
|move|p2a: Klefki|Light Screen|p2a: Klefki
|-sidestart|p2: Tokyo Tomâ¨|move: Light Screen
|move|p1a: Zapdos|Heat Wave|p2a: Klefki
|-supereffective|p2a: Klefki
|-damage|p2a: Klefki|0 fnt
|faint|p2a: Klefki
|
|-heal|p1a: Zapdos|285\/321|[from] item: Leftovers
|c|âTokyo Tomâ¨|as you can see, I don't know how to use it
|
|switch|p2a: Manaphy|Manaphy|311\/359 slp
|turn|38
|
|cant|p2a: Manaphy|slp
|move|p1a: Zapdos|Volt Switch|p2a: Manaphy
|-supereffective|p2a: Manaphy
|-enditem|p2a: Manaphy|Wacan Berry|[eat]
|-damage|p2a: Manaphy|258\/359 slp
|
|switch|p1a: Medicham|Medicham-Mega, F|261\/261
|
|turn|39
|c| craing ;_;|choked with zard -_-
|
|move|p1a: Medicham|High Jump Kick|p2a: Manaphy
|-damage|p2a: Manaphy|0 fnt
|faint|p2a: Manaphy
|
|
|switch|p2a: Latios|Latios, M|100\/299
|turn|40
|
|switch|p1a: Zapdos|Zapdos|285\/321
|-ability|p1a: Zapdos|Pressure
|move|p2a: Latios|Draco Meteor|p1a: Zapdos
|-damage|p1a: Zapdos|0 fnt
|-unboost|p2a: Latios|spa|2
|-damage|p2a: Latios|71\/299|[from] item: Life Orb
|faint|p1a: Zapdos
|
|join|Rayouu
|-message|Tokyo Tomâ¨ forfeited.
|
|win|Dumb bass
|raw|Ladder updating...
|raw|Dumb bass's rating: 1543 &rarr; <strong>1565<\/strong><br \/>(+22 for winning)
|raw|Tokyo Tomâ¨'s rating: 1578 &rarr; <strong>1556<\/strong><br \/>(-22 for losing)
|leave|Tokyo Tomâ¨
|player|p2
|c|âDumb bass|ow
|leave|craing ;_;
|leave|Cienight