|join|Dumb bass
|join|poopbutt67
|player|p1|Dumb bass|23
|player|p2|poopbutt67|226
|gametype|singles
|gen|6
|tier|OU
|rated
|clearpoke
|poke|p1|Medicham, M
|poke|p1|Landorus-Therian, M
|poke|p1|Amoonguss, F
|poke|p1|Heatran, M
|poke|p1|Kyurem-Black
|poke|p1|Gengar, M
|poke|p2|Landorus-Therian, M
|poke|p2|Mew
|poke|p2|Gardevoir, M
|poke|p2|Rotom-Wash
|poke|p2|Keldeo
|poke|p2|Ferrothorn, M
|rule|Swagger Clause: Swagger is banned
|rule|Baton Pass Clause: Limit one PokÃ©mon knowing Baton Pass
|rule|Sleep Clause Mod: Limit one foe put to sleep
|rule|Species Clause: Limit one of each PokÃ©mon
|rule|OHKO Clause: OHKO moves are banned
|rule|Moody Clause: Moody is banned
|rule|Evasion Moves Clause: Evasion moves are banned
|rule|Endless Battle Clause: Forcing endless battles is banned
|rule|HP Percentage Mod: HP is shown in percentages
|teampreview
|
|start
|switch|p1a: Medicham|Medicham, M|262\/262
|switch|p2a: Landorus-Therian|Landorus-Therian, M|326\/326
|-ability|p2a: Landorus-Therian|Intimidate|[of] p1a: Medicham
|-unboost|p1a: Medicham|atk|1
|turn|1
|
|switch|p2a: Ferrothorn|Ferrothorn, M|352\/352
|detailschange|p1a: Medicham|Medicham-Mega, M
|message|Medicham has Mega Evolved into Mega Medicham!
|move|p1a: Medicham|Fake Out|p2a: Ferrothorn
|-resisted|p2a: Ferrothorn
|-damage|p2a: Ferrothorn|331\/352
|-damage|p1a: Medicham|230\/262|[from] ability: Iron Barbs|[of] p2a: Ferrothorn
|
|-heal|p2a: Ferrothorn|352\/352|[from] item: Leftovers
|turn|2
|
|move|p2a: Ferrothorn|Protect|p2a: Ferrothorn
|-singleturn|p2a: Ferrothorn|Protect
|move|p1a: Medicham|High Jump Kick|p2a: Ferrothorn
|-activate|p2a: Ferrothorn|Protect
|-damage|p1a: Medicham|99\/262|[from] highjumpkick
|
|turn|3
|
|switch|p2a: Landorus-Therian|Landorus-Therian, M|326\/326
|-ability|p2a: Landorus-Therian|Intimidate|[of] p1a: Medicham
|-unboost|p1a: Medicham|atk|1
|move|p1a: Medicham|Ice Punch|p2a: Landorus-Therian
|-supereffective|p2a: Landorus-Therian
|-damage|p2a: Landorus-Therian|0 fnt
|faint|p2a: Landorus-Therian
|
|
|switch|p2a: Mew|Mew|403\/403
|turn|4
|
|switch|p1a: Heatran|Heatran, M|349\/349
|move|p2a: Mew|Knock Off|p1a: Heatran
|-crit|p1a: Heatran
|-damage|p1a: Heatran|272\/349
|-enditem|p1a: Heatran|Leftovers|[from] move: Knock Off|[of] p2a: Mew
|
|turn|5
|
|move|p2a: Mew|Taunt|p1a: Heatran
|-start|p1a: Heatran|move: Taunt
|cant|p1a: Heatran|move: Taunt|Stealth Rock
|
|turn|6
|
|switch|p2a: Keldeo|Keldeo|323\/323
|move|p1a: Heatran|Lava Plume|p2a: Keldeo
|-resisted|p2a: Keldeo
|-damage|p2a: Keldeo|264\/323
|-status|p2a: Keldeo|brn
|
|-damage|p2a: Keldeo|224\/323 brn|[from] brn
|turn|7
|
|switch|p2a: Gardevoir|Gardevoir, M|277\/277
|-ability|p2a: Gardevoir|Flash Fire|[from] ability: Trace|[of] p1a: Heatran
|switch|p1a: Amoonguss|Amoonguss, F|423\/423
|
|turn|8
|
|switch|p1a: Heatran|Heatran, M|272\/349
|detailschange|p2a: Gardevoir|Gardevoir-Mega, M
|message|Gardevoir has Mega Evolved into Mega Gardevoir!
|move|p2a: Gardevoir|Psyshock|p1a: Heatran
|-resisted|p1a: Heatran
|-damage|p1a: Heatran|209\/349
|
|turn|9
|
|move|p2a: Gardevoir|Calm Mind|p2a: Gardevoir
|-boost|p2a: Gardevoir|spa|1
|-boost|p2a: Gardevoir|spd|1
|move|p1a: Heatran|Stealth Rock|p2a: Gardevoir
|-sidestart|p2: poopbutt67|move: Stealth Rock
|
|turn|10
|
|move|p2a: Gardevoir|Substitute|p2a: Gardevoir
|-start|p2a: Gardevoir|Substitute
|-damage|p2a: Gardevoir|208\/277
|move|p1a: Heatran|Roar|p2a: Gardevoir
|drag|p2a: Keldeo|Keldeo|224\/323 brn
|-damage|p2a: Keldeo|204\/323 brn|[from] Stealth Rock
|
|-damage|p2a: Keldeo|164\/323 brn|[from] brn
|turn|11
|
|switch|p1a: Amoonguss|Amoonguss, F|423\/423
|move|p2a: Keldeo|Scald|p1a: Amoonguss
|-resisted|p1a: Amoonguss
|-damage|p1a: Amoonguss|330\/423
|
|-heal|p1a: Amoonguss|356\/423|[from] item: Black Sludge
|-damage|p2a: Keldeo|124\/323 brn|[from] brn
|turn|12
|
|switch|p1a: Medicham|Medicham-Mega, M|99\/262
|move|p2a: Keldeo|Scald|p1a: Medicham
|-damage|p1a: Medicham|0 fnt
|faint|p1a: Medicham
|
|-damage|p2a: Keldeo|84\/323 brn|[from] brn
|
|switch|p1a: Amoonguss|Amoonguss, F|423\/423
|turn|13
|
|move|p2a: Keldeo|Scald|p1a: Amoonguss
|-resisted|p1a: Amoonguss
|-damage|p1a: Amoonguss|336\/423
|-status|p1a: Amoonguss|brn
|move|p1a: Amoonguss|Foul Play|p2a: Keldeo
|-resisted|p2a: Keldeo
|-damage|p2a: Keldeo|73\/323 brn
|-boost|p2a: Keldeo|atk|1|[from] ability: Justified
|
|-heal|p1a: Amoonguss|362\/423 brn|[from] item: Black Sludge
|-damage|p2a: Keldeo|33\/323 brn|[from] brn
|-damage|p1a: Amoonguss|310\/423 brn|[from] brn
|turn|14
|
|switch|p1a: Kyurem-Black|Kyurem-Black|391\/391
|-ability|p1a: Kyurem-Black|Teravolt
|move|p2a: Keldeo|Scald|p1a: Kyurem-Black
|-resisted|p1a: Kyurem-Black
|-damage|p1a: Kyurem-Black|278\/391
|
|-heal|p1a: Kyurem-Black|302\/391|[from] item: Leftovers
|-damage|p2a: Keldeo|0 fnt|[from] brn
|faint|p2a: Keldeo
|
|switch|p2a: Ferrothorn|Ferrothorn, M|352\/352
|-damage|p2a: Ferrothorn|330\/352|[from] Stealth Rock
|turn|15
|
|switch|p1a: Heatran|Heatran, M|209\/349
|switch|p2a: Rotom-Wash|Rotom-Wash|303\/303
|-damage|p2a: Rotom-Wash|266\/303|[from] Stealth Rock
|
|-heal|p2a: Rotom-Wash|284\/303|[from] item: Leftovers
|turn|16
|
|switch|p1a: Amoonguss|Amoonguss, F|423\/423 brn
|move|p2a: Rotom-Wash|Volt Switch|p1a: Amoonguss
|-resisted|p1a: Amoonguss
|-damage|p1a: Amoonguss|390\/423 brn
|
|switch|p2a: Ferrothorn|Ferrothorn, M|330\/352
|-damage|p2a: Ferrothorn|308\/352|[from] Stealth Rock
|
|-heal|p1a: Amoonguss|416\/423 brn|[from] item: Black Sludge
|-heal|p2a: Ferrothorn|330\/352|[from] item: Leftovers
|-damage|p1a: Amoonguss|364\/423 brn|[from] brn
|turn|17
|
|move|p1a: Amoonguss|Foul Play|p2a: Ferrothorn
|-damage|p2a: Ferrothorn|303\/352
|-damage|p1a: Amoonguss|312\/423 brn|[from] ability: Iron Barbs|[of] p2a: Ferrothorn
|move|p2a: Ferrothorn|Stealth Rock|p1a: Amoonguss
|-sidestart|p1: Dumb bass|move: Stealth Rock
|
|-heal|p1a: Amoonguss|338\/423 brn|[from] item: Black Sludge
|-heal|p2a: Ferrothorn|325\/352|[from] item: Leftovers
|-damage|p1a: Amoonguss|286\/423 brn|[from] brn
|turn|18
|
|switch|p1a: Heatran|Heatran, M|209\/349
|-damage|p1a: Heatran|166\/349|[from] Stealth Rock
|move|p2a: Ferrothorn|Leech Seed|p1a: Heatran
|-start|p1a: Heatran|move: Leech Seed
|
|-heal|p2a: Ferrothorn|347\/352|[from] item: Leftovers
|-damage|p1a: Heatran|123\/349|[from] Leech Seed|[of] p2a: Ferrothorn
|-heal|p2a: Ferrothorn|352\/352|[silent]
|turn|19
|
|switch|p1a: Amoonguss|Amoonguss, F|423\/423 brn
|-damage|p1a: Amoonguss|371\/423 brn|[from] Stealth Rock
|move|p2a: Ferrothorn|Protect|p2a: Ferrothorn
|-fail|p2a: Ferrothorn
|
|-heal|p1a: Amoonguss|397\/423 brn|[from] item: Black Sludge
|-damage|p1a: Amoonguss|345\/423 brn|[from] brn
|turn|20
|
|switch|p1a: Landorus-Therian|Landorus-Therian, M|356\/356
|-damage|p1a: Landorus-Therian|312\/356|[from] Stealth Rock
|-ability|p1a: Landorus-Therian|Intimidate|[of] p2a: Ferrothorn
|-unboost|p2a: Ferrothorn|atk|1
|move|p2a: Ferrothorn|Gyro Ball|p1a: Landorus-Therian
|-damage|p1a: Landorus-Therian|239\/356
|
|-heal|p1a: Landorus-Therian|261\/356|[from] item: Leftovers
|turn|21
|
|move|p2a: Ferrothorn|Protect|p2a: Ferrothorn
|-singleturn|p2a: Ferrothorn|Protect
|move|p1a: Landorus-Therian|Earthquake|p2a: Ferrothorn
|-activate|p2a: Ferrothorn|Protect
|
|-heal|p1a: Landorus-Therian|283\/356|[from] item: Leftovers
|turn|22
|
|move|p1a: Landorus-Therian|Earthquake|p2a: Ferrothorn
|-damage|p2a: Ferrothorn|226\/352
|move|p2a: Ferrothorn|Leech Seed|p1a: Landorus-Therian
|-start|p1a: Landorus-Therian|move: Leech Seed
|
|-heal|p1a: Landorus-Therian|305\/356|[from] item: Leftovers
|-heal|p2a: Ferrothorn|248\/352|[from] item: Leftovers
|-damage|p1a: Landorus-Therian|261\/356|[from] Leech Seed|[of] p2a: Ferrothorn
|-heal|p2a: Ferrothorn|292\/352|[silent]
|turn|23
|
|switch|p1a: Gengar|Gengar, M|261\/261
|-damage|p1a: Gengar|229\/261|[from] Stealth Rock
|move|p2a: Ferrothorn|Gyro Ball|p1a: Gengar
|-damage|p1a: Gengar|61\/261
|
|-heal|p2a: Ferrothorn|314\/352|[from] item: Leftovers
|turn|24
|
|move|p1a: Gengar|Focus Blast|p2a: Ferrothorn
|-supereffective|p2a: Ferrothorn
|-damage|p2a: Ferrothorn|28\/352
|-damage|p1a: Gengar|35\/261|[from] item: Life Orb
|move|p2a: Ferrothorn|Gyro Ball|p1a: Gengar
|-damage|p1a: Gengar|0 fnt
|faint|p1a: Gengar
|
|-heal|p2a: Ferrothorn|50\/352|[from] item: Leftovers
|
|switch|p1a: Kyurem-Black|Kyurem-Black|302\/391
|-damage|p1a: Kyurem-Black|205\/391|[from] Stealth Rock
|-ability|p1a: Kyurem-Black|Teravolt
|turn|25
|
|move|p2a: Ferrothorn|Protect|p2a: Ferrothorn
|-singleturn|p2a: Ferrothorn|Protect
|move|p1a: Kyurem-Black|Substitute|p1a: Kyurem-Black
|-start|p1a: Kyurem-Black|Substitute
|-damage|p1a: Kyurem-Black|108\/391
|
|-heal|p1a: Kyurem-Black|132\/391|[from] item: Leftovers
|-heal|p2a: Ferrothorn|72\/352|[from] item: Leftovers
|turn|26
|
|move|p1a: Kyurem-Black|Ice Beam|p2a: Ferrothorn
|-damage|p2a: Ferrothorn|0 fnt
|faint|p2a: Ferrothorn
|
|-heal|p1a: Kyurem-Black|156\/391|[from] item: Leftovers
|
|switch|p2a: Gardevoir|Gardevoir-Mega, M|208\/277
|-damage|p2a: Gardevoir|174\/277|[from] Stealth Rock
|turn|27
|
|move|p2a: Gardevoir|Hyper Voice|p1a: Kyurem-Black
|-supereffective|p1a: Kyurem-Black
|-damage|p1a: Kyurem-Black|0 fnt
|faint|p1a: Kyurem-Black
|
|
|switch|p1a: Heatran|Heatran, M|123\/349
|-damage|p1a: Heatran|80\/349|[from] Stealth Rock
|turn|28
|
|move|p2a: Gardevoir|Psyshock|p1a: Heatran
|-resisted|p1a: Heatran
|-damage|p1a: Heatran|23\/349
|move|p1a: Heatran|Lava Plume|p2a: Gardevoir
|-damage|p2a: Gardevoir|81\/277
|-status|p2a: Gardevoir|brn
|
|-damage|p2a: Gardevoir|47\/277 brn|[from] brn
|turn|29
|
|move|p2a: Gardevoir|Psyshock|p1a: Heatran
|-resisted|p1a: Heatran
|-damage|p1a: Heatran|0 fnt
|faint|p1a: Heatran
|
|-damage|p2a: Gardevoir|13\/277 brn|[from] brn
|
|switch|p1a: Amoonguss|Amoonguss, F|423\/423 brn
|-damage|p1a: Amoonguss|371\/423 brn|[from] Stealth Rock
|turn|30
|
|switch|p1a: Landorus-Therian|Landorus-Therian, M|261\/356
|-damage|p1a: Landorus-Therian|217\/356|[from] Stealth Rock
|-ability|p1a: Landorus-Therian|Intimidate|[of] p2a: Gardevoir
|-unboost|p2a: Gardevoir|atk|1
|move|p2a: Gardevoir|Psyshock|p1a: Landorus-Therian
|-damage|p1a: Landorus-Therian|88\/356
|
|-heal|p1a: Landorus-Therian|110\/356|[from] item: Leftovers
|-damage|p2a: Gardevoir|0 fnt|[from] brn
|faint|p2a: Gardevoir
|
|switch|p2a: Rotom-Wash|Rotom-Wash|284\/303
|-damage|p2a: Rotom-Wash|247\/303|[from] Stealth Rock
|turn|31
|
|switch|p1a: Amoonguss|Amoonguss, F|423\/423 brn
|-damage|p1a: Amoonguss|371\/423 brn|[from] Stealth Rock
|move|p2a: Rotom-Wash|Will-O-Wisp|p1a: Amoonguss
|-fail|p1a: Amoonguss|brn
|
|-heal|p2a: Rotom-Wash|265\/303|[from] item: Leftovers
|-heal|p1a: Amoonguss|397\/423 brn|[from] item: Black Sludge
|-damage|p1a: Amoonguss|345\/423 brn|[from] brn
|turn|32
|
|move|p2a: Rotom-Wash|Volt Switch|p1a: Amoonguss
|-resisted|p1a: Amoonguss
|-damage|p1a: Amoonguss|311\/423 brn
|
|switch|p2a: Mew|Mew|403\/403
|-damage|p2a: Mew|353\/403|[from] Stealth Rock
|move|p1a: Amoonguss|Spore|p2a: Mew
|-status|p2a: Mew|slp
|
|-heal|p2a: Mew|378\/403 slp|[from] item: Leftovers
|-heal|p1a: Amoonguss|337\/423 brn|[from] item: Black Sludge
|-damage|p1a: Amoonguss|285\/423 brn|[from] brn
|turn|33
|
|cant|p2a: Mew|slp
|move|p1a: Amoonguss|Foul Play|p2a: Mew
|-supereffective|p2a: Mew
|-damage|p2a: Mew|304\/403 slp
|
|-heal|p2a: Mew|329\/403 slp|[from] item: Leftovers
|-heal|p1a: Amoonguss|311\/423 brn|[from] item: Black Sludge
|-damage|p1a: Amoonguss|259\/423 brn|[from] brn
|turn|34
|
|switch|p1a: Landorus-Therian|Landorus-Therian, M|110\/356
|-damage|p1a: Landorus-Therian|66\/356|[from] Stealth Rock
|-ability|p1a: Landorus-Therian|Intimidate|[of] p2a: Mew
|-unboost|p2a: Mew|atk|1
|cant|p2a: Mew|slp
|
|-heal|p2a: Mew|354\/403 slp|[from] item: Leftovers
|-heal|p1a: Landorus-Therian|88\/356|[from] item: Leftovers
|turn|35
|
|cant|p2a: Mew|slp
|move|p1a: Landorus-Therian|U-turn|p2a: Mew
|-supereffective|p2a: Mew
|-damage|p2a: Mew|172\/403 slp
|
|switch|p1a: Amoonguss|Amoonguss, F|400\/423 brn
|-damage|p1a: Amoonguss|348\/423 brn|[from] Stealth Rock
|
|-heal|p2a: Mew|197\/403 slp|[from] item: Leftovers
|-heal|p1a: Amoonguss|374\/423 brn|[from] item: Black Sludge
|-damage|p1a: Amoonguss|322\/423 brn|[from] brn
|turn|36
|
|-curestatus|p2a: Mew|slp
|move|p2a: Mew|Taunt|p1a: Amoonguss
|-start|p1a: Amoonguss|move: Taunt
|move|p1a: Amoonguss|Foul Play|p2a: Mew
|-supereffective|p2a: Mew
|-damage|p2a: Mew|147\/403
|
|-heal|p2a: Mew|172\/403|[from] item: Leftovers
|-heal|p1a: Amoonguss|348\/423 brn|[from] item: Black Sludge
|-damage|p1a: Amoonguss|296\/423 brn|[from] brn
|turn|37
|
|move|p2a: Mew|Soft-Boiled|p2a: Mew
|-heal|p2a: Mew|374\/403
|move|p1a: Amoonguss|Giga Drain|p2a: Mew
|-damage|p2a: Mew|311\/403
|-heal|p1a: Amoonguss|328\/423 brn|[from] drain|[of] p2a: Mew
|
|-heal|p2a: Mew|336\/403|[from] item: Leftovers
|-heal|p1a: Amoonguss|354\/423 brn|[from] item: Black Sludge
|-damage|p1a: Amoonguss|302\/423 brn|[from] brn
|turn|38
|
|move|p2a: Mew|Knock Off|p1a: Amoonguss
|-damage|p1a: Amoonguss|242\/423 brn
|-enditem|p1a: Amoonguss|Black Sludge|[from] move: Knock Off|[of] p2a: Mew
|move|p1a: Amoonguss|Sludge Bomb|p2a: Mew
|-damage|p2a: Mew|260\/403
|
|-heal|p2a: Mew|285\/403|[from] item: Leftovers
|-damage|p1a: Amoonguss|190\/423 brn|[from] brn
|-end|p1a: Amoonguss|move: Taunt
|turn|39
|
|move|p2a: Mew|Taunt|p1a: Amoonguss
|-start|p1a: Amoonguss|move: Taunt
|move|p1a: Amoonguss|Sludge Bomb|p2a: Mew
|-damage|p2a: Mew|213\/403
|
|-heal|p2a: Mew|238\/403|[from] item: Leftovers
|-damage|p1a: Amoonguss|138\/423 brn|[from] brn
|turn|40
|
|move|p2a: Mew|Soft-Boiled|p2a: Mew
|-heal|p2a: Mew|403\/403
|move|p1a: Amoonguss|Sludge Bomb|p2a: Mew
|-damage|p2a: Mew|325\/403
|-status|p2a: Mew|psn
|
|-heal|p2a: Mew|350\/403 psn|[from] item: Leftovers
|-damage|p2a: Mew|300\/403 psn|[from] psn
|-damage|p1a: Amoonguss|86\/423 brn|[from] brn
|turn|41
|
|switch|p1a: Landorus-Therian|Landorus-Therian, M|88\/356
|-damage|p1a: Landorus-Therian|44\/356|[from] Stealth Rock
|-ability|p1a: Landorus-Therian|Intimidate|[of] p2a: Mew
|-unboost|p2a: Mew|atk|1
|move|p2a: Mew|Will-O-Wisp|p1a: Landorus-Therian
|-status|p1a: Landorus-Therian|brn
|
|-heal|p2a: Mew|325\/403 psn|[from] item: Leftovers
|-heal|p1a: Landorus-Therian|66\/356 brn|[from] item: Leftovers
|-damage|p2a: Mew|275\/403 psn|[from] psn
|-damage|p1a: Landorus-Therian|22\/356 brn|[from] brn
|turn|42
|
|move|p2a: Mew|Soft-Boiled|p2a: Mew
|-heal|p2a: Mew|403\/403 psn
|move|p1a: Landorus-Therian|U-turn|p2a: Mew
|-supereffective|p2a: Mew
|-damage|p2a: Mew|315\/403 psn
|c|âpoopbutt67|sorry for stalling
|
|switch|p1a: Amoonguss|Amoonguss, F|227\/423 brn
|-damage|p1a: Amoonguss|175\/423 brn|[from] Stealth Rock
|
|-heal|p2a: Mew|340\/403 psn|[from] item: Leftovers
|-damage|p2a: Mew|290\/403 psn|[from] psn
|-damage|p1a: Amoonguss|123\/423 brn|[from] brn
|turn|43
|
|switch|p1a: Landorus-Therian|Landorus-Therian, M|22\/356 brn
|-damage|p1a: Landorus-Therian|0 fnt|[from] Stealth Rock
|faint|p1a: Landorus-Therian
|move|p2a: Mew|Taunt|p1: Landorus-Therian|[notarget]
|-notarget
|
|-heal|p2a: Mew|315\/403 psn|[from] item: Leftovers
|-damage|p2a: Mew|265\/403 psn|[from] psn
|-message|Dumb bass forfeited.
|
|win|poopbutt67
|raw|Ladder updating...
|leave|Dumb bass
|player|p1
|raw|Dumb bass's rating: 1608 &rarr; <strong>1583<\/strong><br \/>(-25 for losing)
|raw|poopbutt67's rating: 1519 &rarr; <strong>1544<\/strong><br \/>(+25 for winning)