|join|Dumb bass
|join|LOLegendaries
|player|p1|Dumb bass|23
|player|p2|LOLegendaries|290
|gametype|singles
|gen|6
|tier|OU
|clearpoke
|poke|p1|Kyurem-Black
|poke|p1|Starmie
|poke|p1|Landorus-Therian, M
|poke|p1|Heatran, F
|poke|p1|Amoonguss, F
|poke|p1|Alakazam, M
|poke|p2|Skarmory, M
|poke|p2|Wobbuffet, M
|poke|p2|Greninja, F
|poke|p2|Charizard, F
|poke|p2|Chansey, F
|poke|p2|Terrakion
|rule|Swagger Clause: Swagger is banned
|rule|Baton Pass Clause: Limit one PokÃ©mon knowing Baton Pass
|rule|Sleep Clause Mod: Limit one foe put to sleep
|rule|Species Clause: Limit one of each PokÃ©mon
|rule|OHKO Clause: OHKO moves are banned
|rule|Moody Clause: Moody is banned
|rule|Evasion Moves Clause: Evasion moves are banned
|rule|Endless Battle Clause: Forcing endless battles is banned
|rule|HP Percentage Mod: HP is shown in percentages
|teampreview
|
|start
|switch|p1a: Landorus-Therian|Landorus-Therian, M|319\/319
|switch|p2a: Greninja|Greninja, F|285\/285
|-ability|p1a: Landorus-Therian|Intimidate|[of] p2a: Greninja
|-unboost|p2a: Greninja|atk|1
|turn|1
|
|move|p1a: Landorus-Therian|U-turn|p2a: Greninja
|-supereffective|p2a: Greninja
|-damage|p2a: Greninja|11\/285
|
|switch|p1a: Heatran|Heatran, F|323\/323
|move|p2a: Greninja|Ice Beam|p1a: Heatran
|-start|p2a: Greninja|typechange|Ice|[from] Protean
|-resisted|p1a: Heatran
|-damage|p1a: Heatran|288\/323
|-damage|p2a: Greninja|0 fnt|[from] item: Life Orb
|faint|p2a: Greninja
|
|-heal|p1a: Heatran|308\/323|[from] item: Leftovers
|
|switch|p2a: Charizard|Charizard, F|298\/298
|turn|2
|
|switch|p1a: Landorus-Therian|Landorus-Therian, M|319\/319
|-ability|p1a: Landorus-Therian|Intimidate|[of] p2a: Charizard
|-unboost|p2a: Charizard|atk|1
|detailschange|p2a: Charizard|Charizard-Mega-X, F
|message|Charizard has Mega Evolved into Mega Charizard!
|move|p2a: Charizard|Earthquake|p1a: Landorus-Therian
|-immune|p1a: Landorus-Therian|[msg]
|
|turn|3
|
|switch|p2a: Skarmory|Skarmory, M|334\/334
|move|p1a: Landorus-Therian|Earthquake|p2a: Skarmory
|-immune|p2a: Skarmory|[msg]
|
|turn|4
|
|switch|p1a: Heatran|Heatran, F|308\/323
|move|p2a: Skarmory|Stealth Rock|p1a: Heatran
|-sidestart|p1: Dumb bass|move: Stealth Rock
|
|-heal|p1a: Heatran|323\/323|[from] item: Leftovers
|turn|5
|
|switch|p2a: Terrakion|Terrakion|323\/323
|move|p1a: Heatran|Stealth Rock|p2a: Terrakion
|-sidestart|p2: LOLegendaries|move: Stealth Rock
|
|turn|6
|
|switch|p1a: Landorus-Therian|Landorus-Therian, M|319\/319
|-damage|p1a: Landorus-Therian|280\/319|[from] Stealth Rock
|-ability|p1a: Landorus-Therian|Intimidate|[of] p2a: Terrakion
|-unboost|p2a: Terrakion|atk|1
|move|p2a: Terrakion|Close Combat|p1a: Landorus-Therian
|-resisted|p1a: Landorus-Therian
|-damage|p1a: Landorus-Therian|154\/319
|-unboost|p2a: Terrakion|def|1
|-unboost|p2a: Terrakion|spd|1
|
|turn|7
|
|move|p1a: Landorus-Therian|Knock Off|p2a: Terrakion
|-resisted|p2a: Terrakion
|-damage|p2a: Terrakion|213\/323
|-boost|p2a: Terrakion|atk|1|[from] ability: Justified
|-enditem|p2a: Terrakion|Choice Band|[from] move: Knock Off|[of] p1a: Landorus-Therian
|move|p2a: Terrakion|Close Combat|p1a: Landorus-Therian
|-resisted|p1a: Landorus-Therian
|-damage|p1a: Landorus-Therian|33\/319
|-unboost|p2a: Terrakion|def|1
|-unboost|p2a: Terrakion|spd|1
|
|turn|8
|
|move|p1a: Landorus-Therian|Knock Off|p2a: Terrakion
|-resisted|p2a: Terrakion
|-damage|p2a: Terrakion|116\/323
|-boost|p2a: Terrakion|atk|1|[from] ability: Justified
|move|p2a: Terrakion|Close Combat|p1a: Landorus-Therian
|-resisted|p1a: Landorus-Therian
|-damage|p1a: Landorus-Therian|0 fnt
|-unboost|p2a: Terrakion|def|1
|-unboost|p2a: Terrakion|spd|1
|faint|p1a: Landorus-Therian
|
|
|switch|p1a: Starmie|Starmie|261\/261
|-damage|p1a: Starmie|229\/261|[from] Stealth Rock
|turn|9
|
|move|p2a: Terrakion|X-Scissor|p1a: Starmie
|-supereffective|p1a: Starmie
|-damage|p1a: Starmie|0 fnt
|faint|p1a: Starmie
|
|
|switch|p1a: Alakazam|Alakazam, M|251\/251
|turn|10
|
|detailschange|p1a: Alakazam|Alakazam-Mega, M
|message|Alakazam has Mega Evolved into Mega Alakazam!
|-ability|p1a: Alakazam|Justified|[from] ability: Trace|[of] p2a: Terrakion
|move|p2a: Terrakion|X-Scissor|p1a: Alakazam
|-supereffective|p1a: Alakazam
|-damage|p1a: Alakazam|0 fnt
|faint|p1a: Alakazam
|
|
|switch|p1a: Amoonguss|Amoonguss, F|415\/415
|-damage|p1a: Amoonguss|364\/415|[from] Stealth Rock
|turn|11
|
|move|p2a: Terrakion|Stone Edge|p1a: Amoonguss
|-crit|p1a: Amoonguss
|-damage|p1a: Amoonguss|0 fnt
|faint|p1a: Amoonguss
|
|
|switch|p1a: Heatran|Heatran, F|323\/323
|-damage|p1a: Heatran|283\/323|[from] Stealth Rock
|turn|12
|
|move|p2a: Terrakion|Earthquake|p1a: Heatran
|-supereffective|p1a: Heatran
|-damage|p1a: Heatran|0 fnt
|faint|p1a: Heatran
|
|
|switch|p1a: Kyurem-Black|Kyurem-Black|391\/391
|-damage|p1a: Kyurem-Black|294\/391|[from] Stealth Rock
|-ability|p1a: Kyurem-Black|Teravolt
|turn|13
|
|move|p2a: Terrakion|Close Combat|p1a: Kyurem-Black
|-supereffective|p1a: Kyurem-Black
|-damage|p1a: Kyurem-Black|0 fnt
|-unboost|p2a: Terrakion|def|1
|-unboost|p2a: Terrakion|spd|1
|faint|p1a: Kyurem-Black
|
|win|LOLegendaries
|leave|Dumb bass
|player|p1