|join|UmbreonUber
|join|Dumb bass
|player|p1|UmbreonUber|110
|player|p2|Dumb bass|23
|gametype|singles
|gen|6
|tier|OU
|rated
|clearpoke
|poke|p1|Espeon, F
|poke|p1|Solrock, shiny
|poke|p1|Alakazam, F, shiny
|poke|p1|Wobbuffet, F, shiny
|poke|p1|Jynx, F, shiny
|poke|p1|Meowstic, M, shiny
|poke|p2|Landorus, M
|poke|p2|Medicham, F
|poke|p2|Jirachi
|poke|p2|Mamoswine, F
|poke|p2|Slowbro, M
|poke|p2|Zapdos
|rule|Swagger Clause: Swagger is banned
|rule|Baton Pass Clause: Limit one PokÃ©mon knowing Baton Pass
|rule|Sleep Clause Mod: Limit one foe put to sleep
|rule|Species Clause: Limit one of each PokÃ©mon
|rule|OHKO Clause: OHKO moves are banned
|rule|Moody Clause: Moody is banned
|rule|Evasion Moves Clause: Evasion moves are banned
|rule|Endless Battle Clause: Forcing endless battles is banned
|rule|HP Percentage Mod: HP is shown in percentages
|teampreview
|
|start
|switch|p1a: Jynx|Jynx, F, shiny|271\/271
|switch|p2a: Jirachi|Jirachi|341\/341
|turn|1
|
|move|p2a: Jirachi|U-turn|p1a: Jynx
|-supereffective|p1a: Jynx
|-enditem|p1a: Jynx|Focus Sash
|-damage|p1a: Jynx|1\/271
|
|switch|p2a: Zapdos|Zapdos|377\/377
|-ability|p2a: Zapdos|Pressure
|move|p1a: Jynx|Lovely Kiss|p2a: Zapdos
|-status|p2a: Zapdos|slp
|
|turn|2
|
|switch|p2a: Mamoswine|Mamoswine, F|361\/361
|move|p1a: Jynx|Ice Beam|p2a: Mamoswine
|-crit|p2a: Mamoswine
|-damage|p2a: Mamoswine|199\/361
|
|turn|3
|
|switch|p1a: Meowstic|Meowstic, M, shiny|352\/352
|move|p2a: Mamoswine|Ice Shard|p1a: Meowstic
|-damage|p1a: Meowstic|249\/352
|
|turn|4
|
|move|p1a: Meowstic|Reflect|p1a: Meowstic
|-sidestart|p1: UmbreonUber|Reflect
|move|p2a: Mamoswine|Stealth Rock|p1a: Meowstic
|-sidestart|p1: UmbreonUber|move: Stealth Rock
|
|turn|5
|
|move|p1a: Meowstic|Light Screen|p1a: Meowstic
|-sidestart|p1: UmbreonUber|move: Light Screen
|move|p2a: Mamoswine|Earthquake|p1a: Meowstic
|-damage|p1a: Meowstic|118\/352
|
|turn|6
|
|move|p1a: Meowstic|Yawn|p2a: Mamoswine
|-start|p2a: Mamoswine|move: Yawn|[of] p1a: Meowstic
|move|p2a: Mamoswine|Earthquake|p1a: Meowstic
|-damage|p1a: Meowstic|0 fnt
|faint|p1a: Meowstic
|
|
|switch|p1a: Solrock|Solrock, shiny|344\/344
|-damage|p1a: Solrock|301\/344|[from] Stealth Rock
|turn|7
|
|move|p2a: Mamoswine|Ice Shard|p1a: Solrock
|-damage|p1a: Solrock|262\/344
|move|p1a: Solrock|Rock Polish|p1a: Solrock
|-boost|p1a: Solrock|spe|2
|
|-message|Sleep Clause Mod activated.
|turn|8
|
|move|p1a: Solrock|Cosmic Power|p1a: Solrock
|-boost|p1a: Solrock|def|1
|-boost|p1a: Solrock|spd|1
|move|p2a: Mamoswine|Endeavor|p1a: Solrock
|-damage|p1a: Solrock|199\/344
|
|turn|9
|
|switch|p2a: Jirachi|Jirachi|341\/341
|move|p1a: Solrock|Cosmic Power|p1a: Solrock
|-boost|p1a: Solrock|def|1
|-boost|p1a: Solrock|spd|1
|
|turn|10
|
|move|p2a: Jirachi|Iron Head|p1a: Solrock
|-supereffective|p1a: Solrock
|-damage|p1a: Solrock|139\/344
|-enditem|p1a: Solrock|Weakness Policy
|-boost|p1a: Solrock|atk|2|[from] item: Weakness Policy
|-boost|p1a: Solrock|spa|2|[from] item: Weakness Policy
|move|p1a: Solrock|Will-O-Wisp|p2a: Jirachi
|-status|p2a: Jirachi|brn
|
|-damage|p2a: Jirachi|299\/341 brn|[from] brn
|turn|11
|
|move|p2a: Jirachi|Iron Head|p1a: Solrock
|-supereffective|p1a: Solrock
|-damage|p1a: Solrock|105\/344
|move|p1a: Solrock|Baton Pass|p1a: Solrock
|
|switch|p1a: God|Espeon, F|334\/334
|-damage|p1a: God|293\/334|[from] Stealth Rock
|
|-heal|p1a: God|313\/334|[from] item: Leftovers
|-damage|p2a: Jirachi|257\/341 brn|[from] brn
|-sideend|p1: UmbreonUber|Reflect
|turn|12
|
|move|p1a: God|Stored Power|p2a: Jirachi
|-resisted|p2a: Jirachi
|-damage|p2a: Jirachi|96\/341 brn
|move|p2a: Jirachi|Iron Head|p1a: God
|-damage|p1a: God|282\/334
|
|-heal|p1a: God|302\/334|[from] item: Leftovers
|-damage|p2a: Jirachi|54\/341 brn|[from] brn
|-sideend|p1: UmbreonUber|move: Light Screen
|turn|13
|
|move|p1a: God|Stored Power|p2a: Jirachi
|-resisted|p2a: Jirachi
|-damage|p2a: Jirachi|0 fnt
|faint|p2a: Jirachi
|
|-heal|p1a: God|322\/334|[from] item: Leftovers
|-message|Dumb bass forfeited.
|
|win|UmbreonUber
|raw|Ladder updating...
|leave|Dumb bass
|player|p2
|raw|UmbreonUber's rating: 1421 &rarr; <strong>1442<\/strong><br \/>(+21 for winning)
|raw|Dumb bass's rating: 1431 &rarr; <strong>1411<\/strong><br \/>(-20 for losing)