|join|Dumb bass
|join|LOLegendaries
|player|p1|Dumb bass|23
|player|p2|LOLegendaries|290
|gametype|singles
|gen|6
|tier|OU
|clearpoke
|poke|p1|Kyurem-Black
|poke|p1|Starmie
|poke|p1|Landorus-Therian, M
|poke|p1|Heatran, M
|poke|p1|Amoonguss, F
|poke|p1|Alakazam, F
|poke|p2|Skarmory, F
|poke|p2|Wobbuffet, M
|poke|p2|Greninja, F
|poke|p2|Charizard, M
|poke|p2|Chansey, F
|poke|p2|Terrakion
|rule|Swagger Clause: Swagger is banned
|rule|Baton Pass Clause: Limit one PokÃ©mon knowing Baton Pass
|rule|Sleep Clause Mod: Limit one foe put to sleep
|rule|Species Clause: Limit one of each PokÃ©mon
|rule|OHKO Clause: OHKO moves are banned
|rule|Moody Clause: Moody is banned
|rule|Evasion Moves Clause: Evasion moves are banned
|rule|Endless Battle Clause: Forcing endless battles is banned
|rule|HP Percentage Mod: HP is shown in percentages
|teampreview
|
|start
|switch|p1a: Landorus-Therian|Landorus-Therian, M|319\/319
|switch|p2a: Greninja|Greninja, F|285\/285
|-ability|p1a: Landorus-Therian|Intimidate|[of] p2a: Greninja
|-unboost|p2a: Greninja|atk|1
|turn|1
|
|switch|p2a: Charizard|Charizard, M|298\/298
|move|p1a: Landorus-Therian|U-turn|p2a: Charizard
|-crit|p2a: Charizard
|-resisted|p2a: Charizard
|-damage|p2a: Charizard|256\/298
|
|switch|p1a: Heatran|Heatran, M|323\/323
|
|turn|2
|
|switch|p1a: Landorus-Therian|Landorus-Therian, M|319\/319
|-ability|p1a: Landorus-Therian|Intimidate|[of] p2a: Charizard
|-unboost|p2a: Charizard|atk|1
|detailschange|p2a: Charizard|Charizard-Mega-X, M
|message|Charizard has Mega Evolved into Mega Charizard!
|move|p2a: Charizard|Earthquake|p1a: Landorus-Therian
|-immune|p1a: Landorus-Therian|[msg]
|
|turn|3
|
|switch|p2a: Skarmory|Skarmory, F|334\/334
|move|p1a: Landorus-Therian|Stone Edge|p2a: Skarmory
|-damage|p2a: Skarmory|253\/334
|
|-heal|p2a: Skarmory|273\/334|[from] item: Leftovers
|turn|4
|
|switch|p1a: Heatran|Heatran, M|323\/323
|move|p2a: Skarmory|Stealth Rock|p1a: Heatran
|-sidestart|p1: Dumb bass|move: Stealth Rock
|
|-heal|p2a: Skarmory|293\/334|[from] item: Leftovers
|turn|5
|
|switch|p2a: Chansey|Chansey, F|704\/704
|move|p1a: Heatran|Stealth Rock|p2a: Chansey
|-sidestart|p2: LOLegendaries|move: Stealth Rock
|
|turn|6
|
|switch|p1a: Alakazam|Alakazam, F|251\/251
|move|p2a: Chansey|Thunder Wave|p1a: Alakazam
|-status|p1a: Alakazam|par
|
|turn|7
|
|detailschange|p1a: Alakazam|Alakazam-Mega, F
|message|Alakazam has Mega Evolved into Mega Alakazam!
|-ability|p1a: Alakazam|Natural Cure|[from] ability: Trace|[of] p2a: Chansey
|move|p2a: Chansey|Wish|p2a: Chansey
|move|p1a: Alakazam|Psyshock|p2a: Chansey
|-damage|p2a: Chansey|422\/704
|
|turn|8
|
|switch|p2a: Wobbuffet|Wobbuffet, M|528\/528
|-damage|p2a: Wobbuffet|462\/528|[from] Stealth Rock
|switch|p1a: Landorus-Therian|Landorus-Therian, M|319\/319
|-damage|p1a: Landorus-Therian|280\/319|[from] Stealth Rock
|-ability|p1a: Landorus-Therian|Intimidate|[of] p2a: Wobbuffet
|-unboost|p2a: Wobbuffet|atk|1
|
|-heal|p2a: Wobbuffet|528\/528|[from] move: Wish|[wisher] Chansey
|turn|9
|
|move|p1a: Landorus-Therian|U-turn|p2a: Wobbuffet
|-supereffective|p2a: Wobbuffet
|-damage|p2a: Wobbuffet|322\/528
|
|switch|p1a: Amoonguss|Amoonguss, F|415\/415
|-damage|p1a: Amoonguss|364\/415|[from] Stealth Rock
|move|p2a: Wobbuffet|Counter|p1a: Amoonguss
|-damage|p1a: Amoonguss|0 fnt
|faint|p1a: Amoonguss
|
|-heal|p2a: Wobbuffet|355\/528|[from] item: Leftovers
|
|switch|p1a: Heatran|Heatran, M|323\/323
|-damage|p1a: Heatran|283\/323|[from] Stealth Rock
|turn|10
|
|move|p2a: Wobbuffet|Encore|p1a: Heatran
|-fail|p1a: Heatran
|move|p1a: Heatran|Roar|p2a: Wobbuffet
|drag|p2a: Skarmory|Skarmory, F|293\/334
|-damage|p2a: Skarmory|252\/334|[from] Stealth Rock
|
|-heal|p1a: Heatran|303\/323|[from] item: Leftovers
|-heal|p2a: Skarmory|272\/334|[from] item: Leftovers
|turn|11
|
|switch|p2a: Chansey|Chansey, F|422\/704
|-damage|p2a: Chansey|334\/704|[from] Stealth Rock
|move|p1a: Heatran|Lava Plume|p2a: Chansey
|-damage|p2a: Chansey|255\/704
|
|-heal|p1a: Heatran|323\/323|[from] item: Leftovers
|turn|12
|
|switch|p1a: Starmie|Starmie|261\/261
|-damage|p1a: Starmie|229\/261|[from] Stealth Rock
|move|p2a: Chansey|Wish|p2a: Chansey
|
|-heal|p1a: Starmie|245\/261|[from] item: Leftovers
|turn|13
|
|move|p1a: Starmie|Rapid Spin|p2a: Chansey
|-damage|p2a: Chansey|239\/704
|-sideend|p1: Dumb bass|Stealth Rock|[from] move: Rapid Spin|[of] p1a: Starmie
|move|p2a: Chansey|Seismic Toss|p1a: Starmie
|-damage|p1a: Starmie|145\/261
|
|-heal|p2a: Chansey|591\/704|[from] move: Wish|[wisher] Chansey
|-heal|p1a: Starmie|161\/261|[from] item: Leftovers
|turn|14
|
|switch|p1a: Landorus-Therian|Landorus-Therian, M|280\/319
|-ability|p1a: Landorus-Therian|Intimidate|[of] p2a: Chansey
|-unboost|p2a: Chansey|atk|1
|move|p2a: Chansey|Wish|p2a: Chansey
|
|turn|15
|
|move|p1a: Landorus-Therian|U-turn|p2a: Chansey
|-damage|p2a: Chansey|448\/704
|
|switch|p1a: Heatran|Heatran, M|323\/323
|move|p2a: Chansey|Thunder Wave|p1a: Heatran
|-status|p1a: Heatran|par
|
|-heal|p2a: Chansey|704\/704|[from] move: Wish|[wisher] Chansey
|turn|16
|
|move|p2a: Chansey|Wish|p2a: Chansey
|cant|p1a: Heatran|par
|
|turn|17
|
|switch|p2a: Wobbuffet|Wobbuffet, M|355\/528
|-damage|p2a: Wobbuffet|289\/528|[from] Stealth Rock
|cant|p1a: Heatran|par
|
|-heal|p2a: Wobbuffet|528\/528|[from] move: Wish|[wisher] Chansey
|turn|18
|
|move|p2a: Wobbuffet|Tickle|p1a: Heatran
|-unboost|p1a: Heatran|atk|1
|-unboost|p1a: Heatran|def|1
|move|p1a: Heatran|Roar|p2a: Wobbuffet
|drag|p2a: Terrakion|Terrakion|323\/323
|-damage|p2a: Terrakion|303\/323|[from] Stealth Rock
|
|turn|19
|
|switch|p1a: Landorus-Therian|Landorus-Therian, M|280\/319
|-ability|p1a: Landorus-Therian|Intimidate|[of] p2a: Terrakion
|-unboost|p2a: Terrakion|atk|1
|move|p2a: Terrakion|Stone Edge|p1a: Landorus-Therian|[miss]
|-miss|p2a: Terrakion|p1a: Landorus-Therian
|
|turn|20
|
|switch|p2a: Skarmory|Skarmory, F|272\/334
|-damage|p2a: Skarmory|231\/334|[from] Stealth Rock
|move|p1a: Landorus-Therian|Knock Off|p2a: Skarmory
|-damage|p2a: Skarmory|146\/334
|-enditem|p2a: Skarmory|Leftovers|[from] move: Knock Off|[of] p1a: Landorus-Therian
|
|turn|21
|
|switch|p1a: Heatran|Heatran, M|323\/323 par
|move|p2a: Skarmory|Roost|p2a: Skarmory
|-heal|p2a: Skarmory|313\/334
|
|turn|22
|
|switch|p2a: Chansey|Chansey, F|704\/704
|-damage|p2a: Chansey|616\/704|[from] Stealth Rock
|switch|p1a: Landorus-Therian|Landorus-Therian, M|280\/319
|-ability|p1a: Landorus-Therian|Intimidate|[of] p2a: Chansey
|-unboost|p2a: Chansey|atk|1
|
|turn|23
|
|move|p1a: Landorus-Therian|Knock Off|p2a: Chansey
|-damage|p2a: Chansey|421\/704
|-enditem|p2a: Chansey|Eviolite|[from] move: Knock Off|[of] p1a: Landorus-Therian
|move|p2a: Chansey|Toxic|p1a: Landorus-Therian
|-status|p1a: Landorus-Therian|tox
|
|-damage|p1a: Landorus-Therian|261\/319 tox|[from] psn
|turn|24
|
|switch|p1a: Starmie|Starmie|161\/261
|move|p2a: Chansey|Wish|p2a: Chansey
|
|-heal|p1a: Starmie|177\/261|[from] item: Leftovers
|turn|25
|
|move|p1a: Starmie|Recover|p1a: Starmie
|-heal|p1a: Starmie|261\/261
|move|p2a: Chansey|Seismic Toss|p1a: Starmie
|-damage|p1a: Starmie|161\/261
|
|-heal|p2a: Chansey|704\/704|[from] move: Wish|[wisher] Chansey
|-heal|p1a: Starmie|177\/261|[from] item: Leftovers
|turn|26
|
|move|p1a: Starmie|Scald|p2a: Chansey
|-damage|p2a: Chansey|578\/704
|move|p2a: Chansey|Wish|p2a: Chansey
|
|-heal|p1a: Starmie|193\/261|[from] item: Leftovers
|turn|27
|
|move|p1a: Starmie|Scald|p2a: Chansey
|-damage|p2a: Chansey|449\/704
|move|p2a: Chansey|Toxic|p1a: Starmie
|-status|p1a: Starmie|tox
|
|-heal|p2a: Chansey|704\/704|[from] move: Wish|[wisher] Chansey
|-heal|p1a: Starmie|209\/261 tox|[from] item: Leftovers
|-damage|p1a: Starmie|193\/261 tox|[from] psn
|turn|28
|
|switch|p2a: Wobbuffet|Wobbuffet, M|528\/528
|-damage|p2a: Wobbuffet|462\/528|[from] Stealth Rock
|move|p1a: Starmie|Scald|p2a: Wobbuffet
|-damage|p2a: Wobbuffet|318\/528
|
|-heal|p1a: Starmie|209\/261 tox|[from] item: Leftovers
|-heal|p2a: Wobbuffet|351\/528|[from] item: Leftovers
|-damage|p1a: Starmie|177\/261 tox|[from] psn
|turn|29
|
|move|p1a: Starmie|Scald|p2a: Wobbuffet
|-damage|p2a: Wobbuffet|213\/528
|move|p2a: Wobbuffet|Encore|p1a: Starmie
|-start|p1a: Starmie|Encore
|
|-heal|p1a: Starmie|193\/261 tox|[from] item: Leftovers
|-heal|p2a: Wobbuffet|246\/528|[from] item: Leftovers
|-damage|p1a: Starmie|145\/261 tox|[from] psn
|turn|30
|
|move|p1a: Starmie|Scald|p2a: Wobbuffet
|-damage|p2a: Wobbuffet|110\/528
|move|p2a: Wobbuffet|Mirror Coat|p1a: Starmie
|-damage|p1a: Starmie|0 fnt
|faint|p1a: Starmie
|
|-heal|p2a: Wobbuffet|143\/528|[from] item: Leftovers
|
|switch|p1a: Landorus-Therian|Landorus-Therian, M|261\/319 tox
|-ability|p1a: Landorus-Therian|Intimidate|[of] p2a: Wobbuffet
|-unboost|p2a: Wobbuffet|atk|1
|turn|31
|
|switch|p2a: Skarmory|Skarmory, F|313\/334
|-damage|p2a: Skarmory|272\/334|[from] Stealth Rock
|move|p1a: Landorus-Therian|U-turn|p2a: Skarmory
|-resisted|p2a: Skarmory
|-damage|p2a: Skarmory|258\/334
|
|switch|p1a: Heatran|Heatran, M|323\/323 par
|
|turn|32
|
|switch|p2a: Chansey|Chansey, F|704\/704
|-damage|p2a: Chansey|616\/704|[from] Stealth Rock
|cant|p1a: Heatran|par
|
|turn|33
|
|switch|p1a: Alakazam|Alakazam-Mega, F|251\/251
|-ability|p1a: Alakazam|Natural Cure|[from] ability: Trace|[of] p2a: Chansey
|move|p2a: Chansey|Wish|p2a: Chansey
|
|turn|34
|
|switch|p2a: Charizard|Charizard-Mega-X, M|256\/298
|-damage|p2a: Charizard|182\/298|[from] Stealth Rock
|move|p1a: Alakazam|Energy Ball|p2a: Charizard
|-crit|p2a: Charizard
|-resisted|p2a: Charizard
|-damage|p2a: Charizard|115\/298
|
|-heal|p2a: Charizard|298\/298|[from] move: Wish|[wisher] Chansey
|turn|35
|
|switch|p1a: Landorus-Therian|Landorus-Therian, M|261\/319 tox
|-ability|p1a: Landorus-Therian|Intimidate|[of] p2a: Charizard
|-unboost|p2a: Charizard|atk|1
|move|p2a: Charizard|Flare Blitz|p1a: Landorus-Therian
|-damage|p1a: Landorus-Therian|51\/319 tox
|-damage|p2a: Charizard|229\/298|[from] recoil|[of] p1a: Landorus-Therian
|
|-damage|p1a: Landorus-Therian|32\/319 tox|[from] psn
|turn|36
|
|switch|p2a: Skarmory|Skarmory, F|258\/334
|-damage|p2a: Skarmory|217\/334|[from] Stealth Rock
|move|p1a: Landorus-Therian|U-turn|p2a: Skarmory
|-resisted|p2a: Skarmory
|-damage|p2a: Skarmory|202\/334
|
|switch|p1a: Kyurem-Black|Kyurem-Black|391\/391
|-ability|p1a: Kyurem-Black|Teravolt
|
|turn|37
|
|switch|p2a: Chansey|Chansey, F|616\/704
|-damage|p2a: Chansey|528\/704|[from] Stealth Rock
|move|p1a: Kyurem-Black|Ice Beam|p2a: Chansey
|-damage|p2a: Chansey|380\/704
|
|turn|38
|
|switch|p1a: Alakazam|Alakazam-Mega, F|251\/251
|-ability|p1a: Alakazam|Natural Cure|[from] ability: Trace|[of] p2a: Chansey
|move|p2a: Chansey|Wish|p2a: Chansey
|
|turn|39
|
|move|p1a: Alakazam|Psyshock|p2a: Chansey
|-damage|p2a: Chansey|0 fnt
|faint|p2a: Chansey
|
|
|switch|p2a: Wobbuffet|Wobbuffet, M|143\/528
|-damage|p2a: Wobbuffet|77\/528|[from] Stealth Rock
|turn|40
|
|move|p1a: Alakazam|Energy Ball|p2a: Wobbuffet
|-damage|p2a: Wobbuffet|0 fnt
|faint|p2a: Wobbuffet
|
|
|switch|p2a: Skarmory|Skarmory, F|202\/334
|-damage|p2a: Skarmory|161\/334|[from] Stealth Rock
|turn|41
|
|switch|p1a: Heatran|Heatran, M|323\/323 par
|move|p2a: Skarmory|Defog|p1a: Heatran
|-unboost|p1a: Heatran|evasion|1
|-sideend|p2: LOLegendaries|Stealth Rock|[from] move: Defog|[of] p2a: Skarmory
|
|turn|42
|
|switch|p2a: Charizard|Charizard-Mega-X, M|229\/298
|move|p1a: Heatran|Stealth Rock|p2a: Charizard
|-sidestart|p2: LOLegendaries|move: Stealth Rock
|
|turn|43
|
|move|p2a: Charizard|Earthquake|p1a: Heatran
|-supereffective|p1a: Heatran
|-damage|p1a: Heatran|0 fnt
|faint|p1a: Heatran
|
|
|switch|p1a: Landorus-Therian|Landorus-Therian, M|32\/319 tox
|-ability|p1a: Landorus-Therian|Intimidate|[of] p2a: Charizard
|-unboost|p2a: Charizard|atk|1
|turn|44
|
|move|p1a: Landorus-Therian|Stone Edge|p2a: Charizard
|-supereffective|p2a: Charizard
|-damage|p2a: Charizard|0 fnt
|faint|p2a: Charizard
|
|-damage|p1a: Landorus-Therian|13\/319 tox|[from] psn
|
|switch|p2a: Terrakion|Terrakion|303\/323
|-damage|p2a: Terrakion|283\/323|[from] Stealth Rock
|turn|45
|
|move|p1a: Landorus-Therian|Stone Edge|p2a: Terrakion
|-resisted|p2a: Terrakion
|-damage|p2a: Terrakion|199\/323
|move|p2a: Terrakion|X-Scissor|p1a: Landorus-Therian
|-resisted|p1a: Landorus-Therian
|-damage|p1a: Landorus-Therian|0 fnt
|faint|p1a: Landorus-Therian
|
|
|switch|p1a: Alakazam|Alakazam-Mega, F|251\/251
|-ability|p1a: Alakazam|Justified|[from] ability: Trace|[of] p2a: Terrakion
|turn|46
|
|switch|p2a: Skarmory|Skarmory, F|161\/334
|-damage|p2a: Skarmory|120\/334|[from] Stealth Rock
|move|p1a: Alakazam|Dazzling Gleam|p2a: Skarmory
|-resisted|p2a: Skarmory
|-damage|p2a: Skarmory|28\/334
|
|turn|47
|
|move|p1a: Alakazam|Dazzling Gleam|p2a: Skarmory
|-crit|p2a: Skarmory
|-resisted|p2a: Skarmory
|-damage|p2a: Skarmory|0 fnt
|faint|p2a: Skarmory
|
|
|switch|p2a: Greninja|Greninja, F|285\/285
|-damage|p2a: Greninja|250\/285|[from] Stealth Rock
|turn|48
|
|move|p1a: Alakazam|Dazzling Gleam|p2a: Greninja
|-supereffective|p2a: Greninja
|-damage|p2a: Greninja|0 fnt
|faint|p2a: Greninja
|
|
|switch|p2a: Terrakion|Terrakion|199\/323
|-damage|p2a: Terrakion|179\/323|[from] Stealth Rock
|turn|49
|
|move|p1a: Alakazam|Dazzling Gleam|p2a: Terrakion
|-crit|p2a: Terrakion
|-supereffective|p2a: Terrakion
|-damage|p2a: Terrakion|0 fnt
|faint|p2a: Terrakion
|
|win|Dumb bass
|leave|LOLegendaries
|player|p2