|join|Dumb bass
|join|LOLegendaries
|player|p1|Dumb bass|23
|player|p2|LOLegendaries|290
|gametype|singles
|gen|6
|tier|OU
|clearpoke
|poke|p1|Thundurus-Therian, M
|poke|p1|Cacturne, M
|poke|p1|Victini
|poke|p1|Landorus-Therian, M
|poke|p1|Venusaur, F
|poke|p1|Scizor, F
|poke|p2|Bisharp, M
|poke|p2|Rotom-Heat
|poke|p2|Gliscor, F
|poke|p2|Sableye, M
|poke|p2|Venusaur, F
|poke|p2|Latias, F
|rule|Swagger Clause: Swagger is banned
|rule|Baton Pass Clause: Limit one PokÃ©mon knowing Baton Pass
|rule|Sleep Clause Mod: Limit one foe put to sleep
|rule|Species Clause: Limit one of each PokÃ©mon
|rule|OHKO Clause: OHKO moves are banned
|rule|Moody Clause: Moody is banned
|rule|Evasion Moves Clause: Evasion moves are banned
|rule|Endless Battle Clause: Forcing endless battles is banned
|rule|HP Percentage Mod: HP is shown in percentages
|teampreview
|
|start
|switch|p1a: Victini|Victini|341\/341
|switch|p2a: Rotom-Heat|Rotom-Heat|242\/242
|turn|1
|
|move|p1a: Victini|U-turn|p2a: Rotom-Heat
|-resisted|p2a: Rotom-Heat
|-damage|p2a: Rotom-Heat|210\/242
|
|switch|p1a: Landorus-Therian|Landorus-Therian, M|379\/379
|-ability|p1a: Landorus-Therian|Intimidate|[of] p2a: Rotom-Heat
|-unboost|p2a: Rotom-Heat|atk|1
|move|p2a: Rotom-Heat|Volt Switch|p1a: Landorus-Therian
|-immune|p1a: Landorus-Therian|[msg]
|
|turn|2
|
|switch|p2a: Gliscor|Gliscor, F|354\/354
|move|p1a: Landorus-Therian|U-turn|p2a: Gliscor
|-resisted|p2a: Gliscor
|-damage|p2a: Gliscor|329\/354
|
|switch|p1a: Venusaur|Venusaur, F|361\/361
|
|-status|p2a: Gliscor|tox|[from] item: Toxic Orb
|turn|3
|
|detailschange|p1a: Venusaur|Venusaur-Mega, F
|message|Venusaur has Mega Evolved into Mega Venusaur!
|move|p2a: Gliscor|Earthquake|p1a: Venusaur
|-crit|p1a: Venusaur
|-damage|p1a: Venusaur|222\/361
|move|p1a: Venusaur|Leech Seed|p2a: Gliscor
|-start|p2a: Gliscor|move: Leech Seed
|
|-damage|p2a: Gliscor|285\/354 tox|[from] Leech Seed|[of] p1a: Venusaur
|-heal|p1a: Venusaur|266\/361|[silent]
|-heal|p2a: Gliscor|329\/354 tox|[from] ability: Poison Heal
|turn|4
|
|switch|p2a: Latias|Latias, F|363\/363
|switch|p1a: Scizor|Scizor, F|330\/330
|
|turn|5
|
|switch|p2a: Sableye|Sableye, M|304\/304
|move|p1a: Scizor|U-turn|p2a: Sableye
|-damage|p2a: Sableye|135\/304
|
|switch|p1a: Victini|Victini|341\/341
|
|-heal|p2a: Sableye|154\/304|[from] item: Leftovers
|turn|6
|
|switch|p2a: Gliscor|Gliscor, F|329\/354 tox
|move|p1a: Victini|V-create|p2a: Gliscor
|-damage|p2a: Gliscor|175\/354 tox
|-unboost|p1a: Victini|def|1
|-unboost|p1a: Victini|spd|1
|-unboost|p1a: Victini|spe|1
|
|-heal|p2a: Gliscor|219\/354 tox|[from] ability: Poison Heal
|turn|7
|
|switch|p1a: Scizor|Scizor, F|330\/330
|move|p2a: Gliscor|Toxic|p1a: Scizor
|-fail|p1a: Scizor
|
|-heal|p2a: Gliscor|263\/354 tox|[from] ability: Poison Heal
|turn|8
|
|switch|p2a: Rotom-Heat|Rotom-Heat|210\/242
|move|p1a: Scizor|U-turn|p2a: Rotom-Heat
|-resisted|p2a: Rotom-Heat
|-damage|p2a: Rotom-Heat|149\/242
|
|switch|p1a: Cacturne|Cacturne, M|281\/281
|
|turn|9
|
|switch|p1a: Landorus-Therian|Landorus-Therian, M|379\/379
|-ability|p1a: Landorus-Therian|Intimidate|[of] p2a: Rotom-Heat
|-unboost|p2a: Rotom-Heat|atk|1
|move|p2a: Rotom-Heat|Trick|p1a: Landorus-Therian
|-activate|p2a: Rotom-Heat|move: Trick|[of] p1a: Landorus-Therian
|-item|p1a: Landorus-Therian|Choice Scarf|[from] move: Trick
|-item|p2a: Rotom-Heat|Alakazite|[from] move: Trick
|
|turn|10
|
|move|p1a: Landorus-Therian|Stone Edge|p2a: Rotom-Heat
|-supereffective|p2a: Rotom-Heat
|-damage|p2a: Rotom-Heat|0 fnt
|faint|p2a: Rotom-Heat
|
|
|switch|p2a: Sableye|Sableye, M|154\/304
|turn|11
|
|switch|p1a: Victini|Victini|341\/341
|move|p2a: Sableye|Will-O-Wisp|p1a: Victini
|-fail|p1a: Victini
|
|-heal|p2a: Sableye|173\/304|[from] item: Leftovers
|turn|12
|
|switch|p2a: Gliscor|Gliscor, F|263\/354 tox
|move|p1a: Victini|U-turn|p2a: Gliscor
|-resisted|p2a: Gliscor
|-damage|p2a: Gliscor|243\/354 tox
|
|switch|p1a: Scizor|Scizor, F|330\/330
|
|-heal|p2a: Gliscor|287\/354 tox|[from] ability: Poison Heal
|turn|13
|
|switch|p2a: Sableye|Sableye, M|173\/304
|move|p1a: Scizor|Bullet Punch|p2a: Sableye
|-damage|p2a: Sableye|29\/304
|
|-heal|p2a: Sableye|48\/304|[from] item: Leftovers
|turn|14
|
|move|p1a: Scizor|Bullet Punch|p2a: Sableye
|-damage|p2a: Sableye|0 fnt
|faint|p2a: Sableye
|
|
|switch|p2a: Latias|Latias, F|363\/363
|turn|15
|
|switch|p2a: Venusaur|Venusaur, F|364\/364
|move|p1a: Scizor|U-turn|p2a: Venusaur
|-damage|p2a: Venusaur|214\/364
|
|switch|p1a: Victini|Victini|341\/341
|
|turn|16
|
|detailschange|p2a: Venusaur|Venusaur-Mega, F
|message|Venusaur has Mega Evolved into Mega Venusaur!
|move|p1a: Victini|Zen Headbutt|p2a: Venusaur
|-supereffective|p2a: Venusaur
|-damage|p2a: Venusaur|20\/364
|move|p2a: Venusaur|Sludge Bomb|p1a: Victini
|-damage|p1a: Victini|218\/341
|-status|p1a: Victini|psn
|
|-damage|p1a: Victini|176\/341 psn|[from] psn
|turn|17
|
|switch|p1a: Scizor|Scizor, F|330\/330
|switch|p2a: Gliscor|Gliscor, F|287\/354 tox
|
|-heal|p2a: Gliscor|331\/354 tox|[from] ability: Poison Heal
|turn|18
|
|move|p2a: Gliscor|Earthquake|p1a: Scizor
|-damage|p1a: Scizor|227\/330
|move|p1a: Scizor|U-turn|p2a: Gliscor
|-resisted|p2a: Gliscor
|-damage|p2a: Gliscor|292\/354 tox
|
|switch|p1a: Landorus-Therian|Landorus-Therian, M|379\/379
|-ability|p1a: Landorus-Therian|Intimidate|[of] p2a: Gliscor
|-unboost|p2a: Gliscor|atk|1
|
|-heal|p2a: Gliscor|336\/354 tox|[from] ability: Poison Heal
|turn|19
|
|move|p1a: Landorus-Therian|Stealth Rock|p2a: Gliscor
|-sidestart|p2: LOLegendaries|move: Stealth Rock
|move|p2a: Gliscor|Toxic|p1a: Landorus-Therian
|-status|p1a: Landorus-Therian|tox
|
|-damage|p1a: Landorus-Therian|356\/379 tox|[from] psn
|-heal|p2a: Gliscor|354\/354 tox|[from] ability: Poison Heal
|turn|20
|
|switch|p1a: Venusaur|Venusaur-Mega, F|266\/361
|move|p2a: Gliscor|Roost|p2a: Gliscor
|-fail|p2a: Gliscor
|
|turn|21
|
|switch|p2a: Latias|Latias, F|363\/363
|-damage|p2a: Latias|318\/363|[from] Stealth Rock
|move|p1a: Venusaur|Sludge Bomb|p2a: Latias
|-damage|p2a: Latias|243\/363
|-status|p2a: Latias|psn
|
|-heal|p2a: Latias|265\/363 psn|[from] item: Leftovers
|-damage|p2a: Latias|220\/363 psn|[from] psn
|turn|22
|
|switch|p1a: Scizor|Scizor, F|227\/330
|move|p2a: Latias|Defog|p1a: Scizor
|-unboost|p1a: Scizor|evasion|1
|-sideend|p2: LOLegendaries|Stealth Rock|[from] move: Defog|[of] p2a: Latias
|
|-heal|p2a: Latias|242\/363 psn|[from] item: Leftovers
|-heal|p1a: Scizor|247\/330|[from] item: Leftovers
|-damage|p2a: Latias|197\/363 psn|[from] psn
|turn|23
|
|switch|p2a: Bisharp|Bisharp, M|271\/271
|move|p1a: Scizor|U-turn|p2a: Bisharp
|-damage|p2a: Bisharp|127\/271
|
|switch|p1a: Victini|Victini|176\/341 psn
|
|-damage|p1a: Victini|134\/341 psn|[from] psn
|turn|24
|
|switch|p1a: Scizor|Scizor, F|247\/330
|move|p2a: Bisharp|Sucker Punch|p1a: Scizor
|-fail|p1a: Scizor
|
|-heal|p1a: Scizor|267\/330|[from] item: Leftovers
|turn|25
|
|switch|p2a: Gliscor|Gliscor, F|354\/354 tox
|move|p1a: Scizor|U-turn|p2a: Gliscor
|-resisted|p2a: Gliscor
|-damage|p2a: Gliscor|315\/354 tox
|
|switch|p1a: Landorus-Therian|Landorus-Therian, M|356\/379 tox
|-ability|p1a: Landorus-Therian|Intimidate|[of] p2a: Gliscor
|-unboost|p2a: Gliscor|atk|1
|
|-damage|p1a: Landorus-Therian|333\/379 tox|[from] psn
|-heal|p2a: Gliscor|354\/354 tox|[from] ability: Poison Heal
|turn|26
|
|move|p2a: Gliscor|Protect|p2a: Gliscor
|-singleturn|p2a: Gliscor|Protect
|move|p1a: Landorus-Therian|Stealth Rock|p2a: Gliscor
|-sidestart|p2: LOLegendaries|move: Stealth Rock
|
|-damage|p1a: Landorus-Therian|287\/379 tox|[from] psn
|turn|27
|
|switch|p1a: Scizor|Scizor, F|267\/330
|move|p2a: Gliscor|Earthquake|p1a: Scizor
|-damage|p1a: Scizor|200\/330
|
|-heal|p1a: Scizor|220\/330|[from] item: Leftovers
|turn|28
|
|move|p2a: Gliscor|Protect|p2a: Gliscor
|-singleturn|p2a: Gliscor|Protect
|move|p1a: Scizor|Roost|p1a: Scizor
|-heal|p1a: Scizor|330\/330
|
|turn|29
|
|move|p1a: Scizor|Bullet Punch|p2a: Gliscor
|-damage|p2a: Gliscor|281\/354 tox
|move|p2a: Gliscor|Earthquake|p1a: Scizor
|-damage|p1a: Scizor|260\/330
|
|-heal|p1a: Scizor|280\/330|[from] item: Leftovers
|-heal|p2a: Gliscor|325\/354 tox|[from] ability: Poison Heal
|turn|30
|
|switch|p2a: Bisharp|Bisharp, M|127\/271
|-damage|p2a: Bisharp|111\/271|[from] Stealth Rock
|move|p1a: Scizor|U-turn|p2a: Bisharp
|-damage|p2a: Bisharp|0 fnt
|faint|p2a: Bisharp
|
|switch|p1a: Landorus-Therian|Landorus-Therian, M|287\/379 tox
|
|-damage|p1a: Landorus-Therian|264\/379 tox|[from] psn
|
|switch|p2a: Gliscor|Gliscor, F|325\/354 tox
|-damage|p2a: Gliscor|281\/354 tox|[from] Stealth Rock
|turn|31
|
|move|p2a: Gliscor|Protect|p2a: Gliscor
|-singleturn|p2a: Gliscor|Protect
|move|p1a: Landorus-Therian|U-turn|p2a: Gliscor
|-activate|p2a: Gliscor|Protect
|
|-damage|p1a: Landorus-Therian|218\/379 tox|[from] psn
|-heal|p2a: Gliscor|325\/354 tox|[from] ability: Poison Heal
|turn|32
|
|move|p1a: Landorus-Therian|U-turn|p2a: Gliscor
|-resisted|p2a: Gliscor
|-damage|p2a: Gliscor|301\/354 tox
|
|switch|p1a: Scizor|Scizor, F|280\/330
|move|p2a: Gliscor|Earthquake|p1a: Scizor
|-damage|p1a: Scizor|183\/330
|
|-heal|p1a: Scizor|203\/330|[from] item: Leftovers
|-heal|p2a: Gliscor|345\/354 tox|[from] ability: Poison Heal
|turn|33
|leave|LOLegendaries
|player|p2
|-message|Player 2 lost due to inactivity.
|
|win|Dumb bass