|join|Dumb bass
|join|imreedeer
|player|p1|Dumb bass|23
|player|p2|imreedeer|1
|gametype|singles
|gen|6
|tier|OU
|rated
|clearpoke
|poke|p1|Thundurus-Therian, M
|poke|p1|Cacturne, M
|poke|p1|Victini
|poke|p1|Landorus-Therian, M
|poke|p1|Venusaur, M
|poke|p1|Scizor, M
|poke|p2|Moltres
|poke|p2|Heracross, M
|poke|p2|Galvantula, F
|poke|p2|Gengar, M
|poke|p2|Excadrill, F
|poke|p2|Vaporeon, M
|rule|Swagger Clause: Swagger is banned
|rule|Baton Pass Clause: Limit one PokÃ©mon knowing Baton Pass
|rule|Sleep Clause Mod: Limit one foe put to sleep
|rule|Species Clause: Limit one of each PokÃ©mon
|rule|OHKO Clause: OHKO moves are banned
|rule|Moody Clause: Moody is banned
|rule|Evasion Moves Clause: Evasion moves are banned
|rule|Endless Battle Clause: Forcing endless battles is banned
|rule|HP Percentage Mod: HP is shown in percentages
|teampreview
|
|start
|switch|p1a: Landorus-Therian|Landorus-Therian, M|379\/379
|switch|p2a: Galvantula|Galvantula, F|281\/281
|-ability|p1a: Landorus-Therian|Intimidate|[of] p2a: Galvantula
|-unboost|p2a: Galvantula|atk|1
|turn|1
|
|move|p2a: Galvantula|Sticky Web|p1a: Landorus-Therian
|-sidestart|p1: Dumb bass|move: Sticky Web
|move|p1a: Landorus-Therian|Stealth Rock|p2a: Galvantula
|-sidestart|p2: imreedeer|move: Stealth Rock
|
|turn|2
|
|switch|p2a: Vaporeon|Vaporeon, M|463\/463
|-damage|p2a: Vaporeon|406\/463|[from] Stealth Rock
|move|p1a: Landorus-Therian|Earthquake|p2a: Vaporeon
|-damage|p2a: Vaporeon|247\/463
|
|-heal|p2a: Vaporeon|275\/463|[from] item: Leftovers
|turn|3
|
|move|p1a: Landorus-Therian|U-turn|p2a: Vaporeon
|-damage|p2a: Vaporeon|194\/463
|
|switch|p1a: Cacturne|Cacturne, M|281\/281
|-activate|p1a: Cacturne|move: Sticky Web
|-unboost|p1a: Cacturne|spe|1
|move|p2a: Vaporeon|Wish|p2a: Vaporeon
|
|-heal|p2a: Vaporeon|222\/463|[from] item: Leftovers
|turn|4
|
|move|p2a: Vaporeon|Protect|p2a: Vaporeon
|-singleturn|p2a: Vaporeon|Protect
|move|p1a: Cacturne|Swords Dance|p1a: Cacturne
|-boost|p1a: Cacturne|atk|2
|
|-heal|p2a: Vaporeon|453\/463|[from] move: Wish|[wisher] Vaporeon
|-heal|p2a: Vaporeon|463\/463|[from] item: Leftovers
|turn|5
|c|âimreedeer|didnt expect that
|
|switch|p2a: Gengar|Gengar, M|262\/262
|-damage|p2a: Gengar|230\/262|[from] Stealth Rock
|move|p1a: Cacturne|Seed Bomb|p2a: Gengar
|-resisted|p2a: Gengar
|-damage|p2a: Gengar|0 fnt
|-damage|p1a: Cacturne|253\/281|[from] item: Life Orb
|faint|p2a: Gengar
|
|
|switch|p2a: Excadrill|Excadrill, F|361\/361
|-damage|p2a: Excadrill|350\/361|[from] Stealth Rock
|-ability|p2a: Excadrill|Mold Breaker
|turn|6
|
|move|p2a: Excadrill|Rapid Spin|p1a: Cacturne
|-damage|p1a: Cacturne|198\/281
|-sideend|p2: imreedeer|Stealth Rock|[from] move: Rapid Spin|[of] p2a: Excadrill
|-damage|p2a: Excadrill|314\/361|[from] item: Life Orb
|move|p1a: Cacturne|Superpower|p2a: Excadrill
|-supereffective|p2a: Excadrill
|-damage|p2a: Excadrill|0 fnt
|-unboost|p1a: Cacturne|atk|1
|-unboost|p1a: Cacturne|def|1
|-damage|p1a: Cacturne|170\/281|[from] item: Life Orb
|faint|p2a: Excadrill
|
|
|switch|p2a: Moltres|Moltres|383\/383
|-ability|p2a: Moltres|Pressure
|turn|7
|
|move|p1a: Cacturne|Sucker Punch|p2a: Moltres
|-damage|p2a: Moltres|106\/383
|-damage|p1a: Cacturne|142\/281|[from] item: Life Orb
|move|p2a: Moltres|Flamethrower|p1a: Cacturne
|-supereffective|p1a: Cacturne
|-damage|p1a: Cacturne|0 fnt
|faint|p1a: Cacturne
|
|-heal|p2a: Moltres|129\/383|[from] item: Leftovers
|
|switch|p1a: Landorus-Therian|Landorus-Therian, M|379\/379
|-ability|p1a: Landorus-Therian|Intimidate|[of] p2a: Moltres
|-unboost|p2a: Moltres|atk|1
|turn|8
|
|move|p2a: Moltres|Roost|p2a: Moltres
|-heal|p2a: Moltres|321\/383
|move|p1a: Landorus-Therian|Stealth Rock|p2a: Moltres
|-sidestart|p2: imreedeer|move: Stealth Rock
|
|-heal|p2a: Moltres|344\/383|[from] item: Leftovers
|turn|9
|
|move|p2a: Moltres|Toxic|p1a: Landorus-Therian
|-status|p1a: Landorus-Therian|tox
|move|p1a: Landorus-Therian|Stone Edge|p2a: Moltres
|-supereffective|p2a: Moltres
|-damage|p2a: Moltres|0 fnt
|faint|p2a: Moltres
|
|-damage|p1a: Landorus-Therian|356\/379 tox|[from] psn
|
|switch|p2a: Vaporeon|Vaporeon, M|463\/463
|-damage|p2a: Vaporeon|406\/463|[from] Stealth Rock
|turn|10
|
|move|p1a: Landorus-Therian|U-turn|p2a: Vaporeon
|-damage|p2a: Vaporeon|326\/463
|
|switch|p1a: Venusaur|Venusaur, M|361\/361
|-activate|p1a: Venusaur|move: Sticky Web
|-unboost|p1a: Venusaur|spe|1
|move|p2a: Vaporeon|Scald|p1a: Venusaur
|-resisted|p1a: Venusaur
|-damage|p1a: Venusaur|322\/361
|-status|p1a: Venusaur|brn
|
|-heal|p2a: Vaporeon|354\/463|[from] item: Leftovers
|-damage|p1a: Venusaur|277\/361 brn|[from] brn
|turn|11
|
|detailschange|p1a: Venusaur|Venusaur-Mega, M
|message|Venusaur has Mega Evolved into Mega Venusaur!
|move|p2a: Vaporeon|Protect|p2a: Vaporeon
|-singleturn|p2a: Vaporeon|Protect
|move|p1a: Venusaur|Leech Seed|p2a: Vaporeon
|-activate|p2a: Vaporeon|Protect
|
|-heal|p2a: Vaporeon|382\/463|[from] item: Leftovers
|-damage|p1a: Venusaur|232\/361 brn|[from] brn
|turn|12
|
|switch|p2a: Heracross|Heracross, M|311\/311
|-damage|p2a: Heracross|273\/311|[from] Stealth Rock
|move|p1a: Venusaur|Leech Seed|p2a: Heracross
|-start|p2a: Heracross|move: Leech Seed
|
|-damage|p2a: Heracross|235\/311|[from] Leech Seed|[of] p1a: Venusaur
|-heal|p1a: Venusaur|270\/361 brn|[silent]
|-damage|p1a: Venusaur|225\/361 brn|[from] brn
|turn|13
|
|detailschange|p2a: Heracross|Heracross-Mega, M
|message|Heracross has Mega Evolved into Mega Heracross!
|move|p2a: Heracross|Pin Missile|p1a: Venusaur
|-damage|p1a: Venusaur|171\/361 brn
|-damage|p1a: Venusaur|116\/361 brn
|-damage|p1a: Venusaur|59\/361 brn
|-damage|p1a: Venusaur|2\/361 brn
|-damage|p1a: Venusaur|0 fnt
|-hitcount|p1a: Venusaur|5
|faint|p1a: Venusaur
|
|
|switch|p1a: Thundurus-Therian|Thundurus-Therian, M|299\/299
|turn|14
|
|move|p1a: Thundurus-Therian|Psychic|p2a: Heracross
|-supereffective|p2a: Heracross
|-damage|p2a: Heracross|11\/311
|-unboost|p2a: Heracross|spd|1
|move|p2a: Heracross|Rock Blast|p1a: Thundurus-Therian
|-supereffective|p1a: Thundurus-Therian
|-damage|p1a: Thundurus-Therian|177\/299
|-crit|p1a: Thundurus-Therian
|-supereffective|p1a: Thundurus-Therian
|-damage|p1a: Thundurus-Therian|5\/299
|-supereffective|p1a: Thundurus-Therian
|-damage|p1a: Thundurus-Therian|0 fnt
|-hitcount|p1a: Thundurus-Therian|3
|faint|p1a: Thundurus-Therian
|
|
|switch|p1a: Scizor|Scizor, M|330\/330
|-activate|p1a: Scizor|move: Sticky Web
|-unboost|p1a: Scizor|spe|1
|turn|15
|
|switch|p2a: Vaporeon|Vaporeon, M|382\/463
|-damage|p2a: Vaporeon|325\/463|[from] Stealth Rock
|move|p1a: Scizor|Bullet Punch|p2a: Vaporeon
|-resisted|p2a: Vaporeon
|-damage|p2a: Vaporeon|274\/463
|
|-heal|p2a: Vaporeon|302\/463|[from] item: Leftovers
|turn|16
|
|move|p2a: Vaporeon|Wish|p2a: Vaporeon
|move|p1a: Scizor|U-turn|p2a: Vaporeon
|-damage|p2a: Vaporeon|164\/463
|
|switch|p1a: Landorus-Therian|Landorus-Therian, M|356\/379 tox
|-ability|p1a: Landorus-Therian|Intimidate|[of] p2a: Vaporeon
|-unboost|p2a: Vaporeon|atk|1
|
|-heal|p2a: Vaporeon|192\/463|[from] item: Leftovers
|-damage|p1a: Landorus-Therian|333\/379 tox|[from] psn
|turn|17
|
|move|p2a: Vaporeon|Protect|p2a: Vaporeon
|-singleturn|p2a: Vaporeon|Protect
|move|p1a: Landorus-Therian|Earthquake|p2a: Vaporeon
|-activate|p2a: Vaporeon|Protect
|
|-heal|p2a: Vaporeon|423\/463|[from] move: Wish|[wisher] Vaporeon
|-heal|p2a: Vaporeon|451\/463|[from] item: Leftovers
|-damage|p1a: Landorus-Therian|287\/379 tox|[from] psn
|turn|18
|
|move|p1a: Landorus-Therian|Earthquake|p2a: Vaporeon
|-damage|p2a: Vaporeon|295\/463
|move|p2a: Vaporeon|Wish|p2a: Vaporeon
|
|-heal|p2a: Vaporeon|323\/463|[from] item: Leftovers
|-damage|p1a: Landorus-Therian|218\/379 tox|[from] psn
|turn|19
|
|switch|p1a: Victini|Victini|341\/341
|-activate|p1a: Victini|move: Sticky Web
|-unboost|p1a: Victini|spe|1
|move|p2a: Vaporeon|Scald|p1a: Victini
|-supereffective|p1a: Victini
|-damage|p1a: Victini|147\/341
|
|-heal|p2a: Vaporeon|463\/463|[from] move: Wish|[wisher] Vaporeon
|turn|20
|
|move|p1a: Victini|Bolt Strike|p2a: Vaporeon
|-supereffective|p2a: Vaporeon
|-damage|p2a: Vaporeon|199\/463
|-status|p2a: Vaporeon|par
|move|p2a: Vaporeon|Scald|p1a: Victini
|-supereffective|p1a: Victini
|-damage|p1a: Victini|0 fnt
|faint|p1a: Victini
|
|-heal|p2a: Vaporeon|227\/463 par|[from] item: Leftovers
|
|switch|p1a: Landorus-Therian|Landorus-Therian, M|218\/379 tox
|-ability|p1a: Landorus-Therian|Intimidate|[of] p2a: Vaporeon
|-unboost|p2a: Vaporeon|atk|1
|turn|21
|
|move|p1a: Landorus-Therian|Earthquake|p2a: Vaporeon
|-damage|p2a: Vaporeon|79\/463 par
|move|p2a: Vaporeon|Wish|p2a: Vaporeon
|
|-heal|p2a: Vaporeon|107\/463 par|[from] item: Leftovers
|-damage|p1a: Landorus-Therian|195\/379 tox|[from] psn
|turn|22
|
|move|p2a: Vaporeon|Protect|p2a: Vaporeon
|-singleturn|p2a: Vaporeon|Protect
|move|p1a: Landorus-Therian|Earthquake|p2a: Vaporeon
|-activate|p2a: Vaporeon|Protect
|
|-heal|p2a: Vaporeon|338\/463 par|[from] move: Wish|[wisher] Vaporeon
|-heal|p2a: Vaporeon|366\/463 par|[from] item: Leftovers
|-damage|p1a: Landorus-Therian|149\/379 tox|[from] psn
|turn|23
|
|move|p1a: Landorus-Therian|Earthquake|p2a: Vaporeon
|-damage|p2a: Vaporeon|191\/463 par
|move|p2a: Vaporeon|Wish|p2a: Vaporeon
|
|-heal|p2a: Vaporeon|219\/463 par|[from] item: Leftovers
|-damage|p1a: Landorus-Therian|80\/379 tox|[from] psn
|turn|24
|
|move|p1a: Landorus-Therian|Earthquake|p2a: Vaporeon
|-damage|p2a: Vaporeon|47\/463 par
|cant|p2a: Vaporeon|par
|
|-heal|p2a: Vaporeon|278\/463 par|[from] move: Wish|[wisher] Vaporeon
|-heal|p2a: Vaporeon|306\/463 par|[from] item: Leftovers
|-damage|p1a: Landorus-Therian|0 fnt|[from] psn
|faint|p1a: Landorus-Therian
|
|switch|p1a: Scizor|Scizor, M|330\/330
|-activate|p1a: Scizor|move: Sticky Web
|-unboost|p1a: Scizor|spe|1
|turn|25
|
|move|p1a: Scizor|U-turn|p2a: Vaporeon
|-damage|p2a: Vaporeon|176\/463 par
|move|p2a: Vaporeon|Scald|p1a: Scizor
|-damage|p1a: Scizor|218\/330
|
|-heal|p1a: Scizor|238\/330|[from] item: Leftovers
|-heal|p2a: Vaporeon|204\/463 par|[from] item: Leftovers
|turn|26
|
|move|p1a: Scizor|U-turn|p2a: Vaporeon
|-damage|p2a: Vaporeon|71\/463 par
|move|p2a: Vaporeon|Scald|p1a: Scizor
|-damage|p1a: Scizor|121\/330
|-status|p1a: Scizor|brn
|
|-heal|p1a: Scizor|141\/330 brn|[from] item: Leftovers
|-heal|p2a: Vaporeon|99\/463 par|[from] item: Leftovers
|-damage|p1a: Scizor|100\/330 brn|[from] brn
|turn|27
|-message|Dumb bass forfeited.
|
|win|imreedeer
|raw|Ladder updating...
|leave|Dumb bass
|player|p1
|raw|Dumb bass's rating: 1436 &rarr; <strong>1413<\/strong><br \/>(-23 for losing)
|raw|imreedeer's rating: 1394 &rarr; <strong>1416<\/strong><br \/>(+22 for winning)