|join|Westurnt
|join|Dumb bass
|player|p1|Westurnt|290
|player|p2|Dumb bass|23
|gametype|singles
|gen|6
|tier|OU
|clearpoke
|poke|p1|Azumarill, M
|poke|p1|Rotom-Heat
|poke|p1|Gliscor, F
|poke|p1|Sableye, F
|poke|p1|Venusaur, F
|poke|p1|Latias, F
|poke|p2|Tyranitar, F
|poke|p2|Gothitelle, M
|poke|p2|Excadrill, M
|poke|p2|Dragonite, F
|poke|p2|Heatran, F
|poke|p2|Pinsir, F
|rule|Swagger Clause: Swagger is banned
|rule|Baton Pass Clause: Limit one PokÃ©mon knowing Baton Pass
|rule|Sleep Clause Mod: Limit one foe put to sleep
|rule|Species Clause: Limit one of each PokÃ©mon
|rule|OHKO Clause: OHKO moves are banned
|rule|Moody Clause: Moody is banned
|rule|Evasion Moves Clause: Evasion moves are banned
|rule|Endless Battle Clause: Forcing endless battles is banned
|rule|HP Percentage Mod: HP is shown in percentages
|teampreview
|
|start
|switch|p1a: Rotom-Heat|Rotom-Heat|242\/242
|switch|p2a: Gothitelle|Gothitelle, M|344\/344
|turn|1
|
|move|p1a: Rotom-Heat|Trick|p2a: Gothitelle
|-activate|p1a: Rotom-Heat|move: Trick|[of] p2a: Gothitelle
|-item|p2a: Gothitelle|Choice Scarf|[from] move: Trick
|-item|p1a: Rotom-Heat|Choice Specs|[from] move: Trick
|move|p2a: Gothitelle|Trick|p1a: Rotom-Heat
|-activate|p2a: Gothitelle|move: Trick|[of] p1a: Rotom-Heat
|-item|p1a: Rotom-Heat|Choice Scarf|[from] move: Trick
|-item|p2a: Gothitelle|Choice Specs|[from] move: Trick
|
|turn|2
|
|switch|p2a: Excadrill|Excadrill, M|361\/361
|move|p1a: Rotom-Heat|Trick|p2a: Excadrill
|-activate|p1a: Rotom-Heat|move: Trick|[of] p2a: Excadrill
|-item|p2a: Excadrill|Choice Scarf|[from] move: Trick
|-item|p1a: Rotom-Heat|Life Orb|[from] move: Trick
|
|turn|3
|
|switch|p2a: Tyranitar|Tyranitar, F|403\/403
|-weather|Sandstorm
|switch|p1a: Gliscor|Gliscor, F|354\/354
|
|-weather|Sandstorm|[upkeep]
|-status|p1a: Gliscor|tox|[from] item: Toxic Orb
|turn|4
|
|move|p1a: Gliscor|Toxic|p2a: Tyranitar
|-status|p2a: Tyranitar|tox
|move|p2a: Tyranitar|Stealth Rock|p1a: Gliscor
|-sidestart|p1: Westurnt|move: Stealth Rock
|
|-weather|Sandstorm|[upkeep]
|-damage|p2a: Tyranitar|378\/403 tox|[from] psn
|turn|5
|
|switch|p2a: Gothitelle|Gothitelle, M|344\/344
|move|p1a: Gliscor|Earthquake|p2a: Gothitelle
|-damage|p2a: Gothitelle|221\/344
|
|-weather|Sandstorm|[upkeep]
|-damage|p2a: Gothitelle|200\/344|[from] sandstorm
|turn|6
|
|move|p1a: Gliscor|Earthquake|p2a: Gothitelle
|-crit|p2a: Gothitelle
|-damage|p2a: Gothitelle|16\/344
|move|p2a: Gothitelle|Trick|p1a: Gliscor
|-activate|p2a: Gothitelle|move: Trick|[of] p1a: Gliscor
|-item|p1a: Gliscor|Choice Specs|[from] move: Trick
|-item|p2a: Gothitelle|Toxic Orb|[from] move: Trick
|
|-weather|Sandstorm|[upkeep]
|-damage|p2a: Gothitelle|0 fnt|[from] sandstorm
|faint|p2a: Gothitelle
|
|switch|p2a: Excadrill|Excadrill, M|361\/361
|turn|7
|
|switch|p2a: Dragonite|Dragonite, F|324\/324
|move|p1a: Gliscor|Earthquake|p2a: Dragonite
|-immune|p2a: Dragonite|[msg]
|
|-weather|none
|turn|8
|
|switch|p1a: Latias|Latias, F|364\/364
|-damage|p1a: Latias|319\/364|[from] Stealth Rock
|move|p2a: Dragonite|Extreme Speed|p1a: Latias
|-damage|p1a: Latias|210\/364
|
|-heal|p1a: Latias|232\/364|[from] item: Leftovers
|turn|9
|
|switch|p2a: Tyranitar|Tyranitar, F|378\/403 tox
|-weather|Sandstorm
|move|p1a: Latias|Defog|p2a: Tyranitar
|-unboost|p2a: Tyranitar|evasion|1
|-sideend|p1: Westurnt|Stealth Rock|[from] move: Defog|[of] p1a: Latias
|
|-weather|Sandstorm|[upkeep]
|-damage|p1a: Latias|210\/364|[from] sandstorm
|-heal|p1a: Latias|232\/364|[from] item: Leftovers
|-heal|p2a: Tyranitar|403\/403 tox|[from] item: Leftovers
|-damage|p2a: Tyranitar|378\/403 tox|[from] psn
|turn|10
|
|move|p2a: Tyranitar|Pursuit|p1a: Latias|[from]Pursuit
|-supereffective|p1a: Latias
|-damage|p1a: Latias|0 fnt
|faint|p1a: Latias
|
|-weather|Sandstorm|[upkeep]
|-heal|p2a: Tyranitar|403\/403 tox|[from] item: Leftovers
|-damage|p2a: Tyranitar|353\/403 tox|[from] psn
|
|switch|p1a: Azumarill|Azumarill, M|404\/404
|turn|11
|
|move|p2a: Tyranitar|Stone Edge|p1a: Azumarill
|-damage|p1a: Azumarill|220\/404
|move|p1a: Azumarill|Belly Drum|p1a: Azumarill
|-damage|p1a: Azumarill|18\/404
|-setboost|p1a: Azumarill|atk|6|[from] move: Belly Drum
|-enditem|p1a: Azumarill|Sitrus Berry|[eat]
|-heal|p1a: Azumarill|119\/404|[from] item: Sitrus Berry
|
|-weather|Sandstorm|[upkeep]
|-damage|p1a: Azumarill|94\/404|[from] sandstorm
|-heal|p2a: Tyranitar|378\/403 tox|[from] item: Leftovers
|-damage|p2a: Tyranitar|303\/403 tox|[from] psn
|turn|12
|
|move|p1a: Azumarill|Aqua Jet|p2a: Tyranitar
|-supereffective|p2a: Tyranitar
|-damage|p2a: Tyranitar|0 fnt
|faint|p2a: Tyranitar
|
|-weather|Sandstorm|[upkeep]
|-damage|p1a: Azumarill|69\/404|[from] sandstorm
|
|switch|p2a: Dragonite|Dragonite, F|324\/324
|turn|13
|
|move|p2a: Dragonite|Extreme Speed|p1a: Azumarill
|-damage|p1a: Azumarill|0 fnt
|faint|p1a: Azumarill
|
|-weather|none
|
|switch|p1a: Sableye|Sableye, F|304\/304
|turn|14
|
|switch|p2a: Heatran|Heatran, F|335\/335
|move|p1a: Sableye|Knock Off|p2a: Heatran
|-damage|p2a: Heatran|278\/335
|-enditem|p2a: Heatran|Leftovers|[from] move: Knock Off|[of] p1a: Sableye
|
|turn|15
|
|move|p1a: Sableye|Taunt|p2a: Heatran
|-start|p2a: Heatran|move: Taunt
|cant|p2a: Heatran|move: Taunt|Stealth Rock
|
|turn|16
|
|move|p2a: Heatran|Lava Plume|p1a: Sableye
|-damage|p1a: Sableye|193\/304
|-status|p1a: Sableye|brn
|move|p1a: Sableye|Knock Off|p2a: Heatran
|-damage|p2a: Heatran|257\/335
|
|-heal|p1a: Sableye|212\/304 brn|[from] item: Leftovers
|-damage|p1a: Sableye|174\/304 brn|[from] brn
|turn|17
|
|switch|p1a: Rotom-Heat|Rotom-Heat|242\/242
|move|p2a: Heatran|Flash Cannon|p1a: Rotom-Heat
|-resisted|p1a: Rotom-Heat
|-damage|p1a: Rotom-Heat|212\/242
|
|-end|p2a: Heatran|move: Taunt
|turn|18
|
|move|p1a: Rotom-Heat|Trick|p2a: Heatran
|-activate|p1a: Rotom-Heat|move: Trick|[of] p2a: Heatran
|-item|p2a: Heatran|Life Orb|[from] move: Trick
|move|p2a: Heatran|Stealth Rock|p1a: Rotom-Heat
|-sidestart|p1: Westurnt|move: Stealth Rock
|
|turn|19
|
|move|p1a: Rotom-Heat|Trick|p2a: Heatran
|-activate|p1a: Rotom-Heat|move: Trick|[of] p2a: Heatran
|-item|p1a: Rotom-Heat|Life Orb|[from] move: Trick
|move|p2a: Heatran|Lava Plume|p1a: Rotom-Heat
|-resisted|p1a: Rotom-Heat
|-damage|p1a: Rotom-Heat|146\/242
|
|turn|20
|
|move|p1a: Rotom-Heat|Volt Switch|p2a: Heatran
|-crit|p2a: Heatran
|-damage|p2a: Heatran|62\/335
|-damage|p1a: Rotom-Heat|122\/242|[from] item: Life Orb
|
|switch|p1a: Gliscor|Gliscor, F|354\/354 tox
|-damage|p1a: Gliscor|310\/354 tox|[from] Stealth Rock
|move|p2a: Heatran|Lava Plume|p1a: Gliscor
|-damage|p1a: Gliscor|162\/354 tox
|
|-heal|p1a: Gliscor|206\/354 tox|[from] ability: Poison Heal
|turn|21
|
|move|p1a: Gliscor|Toxic|p2a: Heatran
|-fail|p2a: Heatran
|move|p2a: Heatran|Flash Cannon|p1a: Gliscor
|-damage|p1a: Gliscor|56\/354 tox
|
|-heal|p1a: Gliscor|100\/354 tox|[from] ability: Poison Heal
|turn|22
|
|switch|p1a: Rotom-Heat|Rotom-Heat|122\/242
|-damage|p1a: Rotom-Heat|62\/242|[from] Stealth Rock
|move|p2a: Heatran|Roar|p1a: Rotom-Heat
|drag|p1a: Venusaur|Venusaur, F|364\/364
|-damage|p1a: Venusaur|319\/364|[from] Stealth Rock
|
|turn|23
|
|detailschange|p1a: Venusaur|Venusaur-Mega, F
|message|Venusaur has Mega Evolved into Mega Venusaur!
|move|p1a: Venusaur|Giga Drain|p2a: Heatran
|-resisted|p2a: Heatran
|-damage|p2a: Heatran|41\/335
|-heal|p1a: Venusaur|330\/364|[from] drain|[of] p2a: Heatran
|move|p2a: Heatran|Lava Plume|p1a: Venusaur
|-crit|p1a: Venusaur
|-supereffective|p1a: Venusaur
|-damage|p1a: Venusaur|208\/364
|-status|p1a: Venusaur|brn
|
|-damage|p1a: Venusaur|163\/364 brn|[from] brn
|turn|24
|
|move|p1a: Venusaur|Synthesis|p1a: Venusaur
|-heal|p1a: Venusaur|345\/364 brn
|move|p2a: Heatran|Flash Cannon|p1a: Venusaur
|-damage|p1a: Venusaur|263\/364 brn
|
|-damage|p1a: Venusaur|218\/364 brn|[from] brn
|turn|25
|
|switch|p2a: Excadrill|Excadrill, M|361\/361
|move|p1a: Venusaur|Giga Drain|p2a: Excadrill
|-damage|p2a: Excadrill|222\/361
|-heal|p1a: Venusaur|288\/364 brn|[from] drain|[of] p2a: Excadrill
|
|-damage|p1a: Venusaur|243\/364 brn|[from] brn
|turn|26
|
|move|p2a: Excadrill|Earthquake|p1a: Venusaur
|-damage|p1a: Venusaur|99\/364 brn
|move|p1a: Venusaur|Hidden Power|p2a: Excadrill
|-supereffective|p2a: Excadrill
|-damage|p2a: Excadrill|64\/361
|
|-damage|p1a: Venusaur|54\/364 brn|[from] brn
|turn|27
|
|switch|p1a: Gliscor|Gliscor, F|100\/354 tox
|-damage|p1a: Gliscor|56\/354 tox|[from] Stealth Rock
|move|p2a: Excadrill|Earthquake|p1a: Gliscor
|-immune|p1a: Gliscor|[msg]
|
|-heal|p1a: Gliscor|100\/354 tox|[from] ability: Poison Heal
|turn|28
|
|move|p2a: Excadrill|Earthquake|p1a: Gliscor
|-immune|p1a: Gliscor|[msg]
|move|p1a: Gliscor|Roost|p1a: Gliscor
|-heal|p1a: Gliscor|277\/354 tox
|
|-heal|p1a: Gliscor|321\/354 tox|[from] ability: Poison Heal
|turn|29
|
|switch|p2a: Pinsir|Pinsir, F|271\/271
|switch|p1a: Rotom-Heat|Rotom-Heat|62\/242
|-damage|p1a: Rotom-Heat|2\/242|[from] Stealth Rock
|
|turn|30
|
|detailschange|p2a: Pinsir|Pinsir-Mega, F
|message|Pinsir has Mega Evolved into Mega Pinsir!
|move|p2a: Pinsir|Return|p1a: Rotom-Heat
|-resisted|p1a: Rotom-Heat
|-damage|p1a: Rotom-Heat|0 fnt
|faint|p1a: Rotom-Heat
|
|
|switch|p1a: Sableye|Sableye, F|174\/304 brn
|-damage|p1a: Sableye|136\/304 brn|[from] Stealth Rock
|turn|31
|
|switch|p2a: Heatran|Heatran, F|41\/335
|move|p1a: Sableye|Recover|p1a: Sableye
|-heal|p1a: Sableye|288\/304 brn
|
|-heal|p1a: Sableye|304\/304 brn|[from] item: Leftovers
|-damage|p1a: Sableye|266\/304 brn|[from] brn
|turn|32
|
|move|p2a: Heatran|Flash Cannon|p1a: Sableye
|-damage|p1a: Sableye|152\/304 brn
|move|p1a: Sableye|Knock Off|p2a: Heatran
|-damage|p2a: Heatran|22\/335
|
|-heal|p1a: Sableye|171\/304 brn|[from] item: Leftovers
|-damage|p1a: Sableye|133\/304 brn|[from] brn
|turn|33
|
|move|p1a: Sableye|Recover|p1a: Sableye
|-heal|p1a: Sableye|285\/304 brn
|move|p2a: Heatran|Flash Cannon|p1a: Sableye
|-crit|p1a: Sableye
|-damage|p1a: Sableye|99\/304 brn
|
|-heal|p1a: Sableye|118\/304 brn|[from] item: Leftovers
|-damage|p1a: Sableye|80\/304 brn|[from] brn
|turn|34
|
|move|p1a: Sableye|Recover|p1a: Sableye
|-heal|p1a: Sableye|232\/304 brn
|move|p2a: Heatran|Flash Cannon|p1a: Sableye
|-damage|p1a: Sableye|123\/304 brn
|
|-heal|p1a: Sableye|142\/304 brn|[from] item: Leftovers
|-damage|p1a: Sableye|104\/304 brn|[from] brn
|turn|35
|
|move|p1a: Sableye|Recover|p1a: Sableye
|-heal|p1a: Sableye|256\/304 brn
|move|p2a: Heatran|Flash Cannon|p1a: Sableye
|-damage|p1a: Sableye|133\/304 brn
|
|-heal|p1a: Sableye|152\/304 brn|[from] item: Leftovers
|-damage|p1a: Sableye|114\/304 brn|[from] brn
|turn|36
|
|switch|p1a: Gliscor|Gliscor, F|321\/354 tox
|-damage|p1a: Gliscor|277\/354 tox|[from] Stealth Rock
|move|p2a: Heatran|Flash Cannon|p1a: Gliscor
|-damage|p1a: Gliscor|126\/354 tox
|-unboost|p1a: Gliscor|spd|1
|
|-heal|p1a: Gliscor|170\/354 tox|[from] ability: Poison Heal
|turn|37
|
|move|p1a: Gliscor|Earthquake|p2a: Heatran
|-supereffective|p2a: Heatran
|-damage|p2a: Heatran|0 fnt
|faint|p2a: Heatran
|
|-heal|p1a: Gliscor|214\/354 tox|[from] ability: Poison Heal
|
|switch|p2a: Pinsir|Pinsir-Mega, F|271\/271
|turn|38
|
|switch|p1a: Venusaur|Venusaur-Mega, F|54\/364 brn
|-damage|p1a: Venusaur|9\/364 brn|[from] Stealth Rock
|move|p2a: Pinsir|Swords Dance|p2a: Pinsir
|-boost|p2a: Pinsir|atk|2
|
|-damage|p1a: Venusaur|0 fnt|[from] brn
|faint|p1a: Venusaur
|
|switch|p1a: Sableye|Sableye, F|114\/304 brn
|-damage|p1a: Sableye|76\/304 brn|[from] Stealth Rock
|turn|39
|
|move|p2a: Pinsir|Quick Attack|p1a: Sableye
|-damage|p1a: Sableye|0 fnt
|faint|p1a: Sableye
|
|leave|Westurnt
|player|p1
|c|âDumb bass|gg paul
|c|âDumb bass|fag boy
|-message|Player 1 lost due to inactivity.
|
|win|Dumb bass