|join|TheGary2346
|join|Dumb bass
|player|p1|TheGary2346|92
|player|p2|Dumb bass|29
|gametype|singles
|tier|OU (current)
|rated
|rule|Evasion Abilities Clause: Evasion abilities are banned
|clearpoke
|poke|p1|Alakazam, M
|poke|p1|Tyranitar, M
|poke|p1|Keldeo
|poke|p1|Heatran, F
|poke|p1|Amoonguss, M
|poke|p1|Garchomp, M
|poke|p2|Marowak, M
|poke|p2|Honchkrow, F
|poke|p2|Meloetta
|poke|p2|Snorlax, F
|poke|p2|Durant, M
|poke|p2|Tornadus, M
|rule|Sleep Clause Mod: Limit one foe put to sleep
|rule|Species Clause: Limit one of each Pokemon
|rule|OHKO Clause: OHKO moves are banned
|rule|Moody Clause: Moody is banned
|rule|Evasion Moves Clause: Evasion moves are banned
|rule|HP Percentage Mod: HP is reported as percentages
|teampreview
|callback|decision
|
|start
|switch|p1a: Heatran|Heatran, F|324\/324
|switch|p2a: Marowak|Marowak, M|279\/279
|-item|p1a: Heatran|Air Balloon
|turn|1
|callback|decision
|
|move|p1a: Heatran|Stealth Rock|p2a: Marowak
|-sidestart|p2: Dumb bass|move: Stealth Rock
|move|p2a: Marowak|Stone Edge|p1a: Heatran
|-damage|p1a: Heatran|151\/324
|-enditem|p1a: Heatran|Air Balloon
|
|turn|2
|callback|decision
|
|move|p1a: Heatran|Hidden Power|p2a: Marowak
|-supereffective|p2a: Marowak
|-damage|p2a: Marowak|69\/279
|move|p2a: Marowak|Substitute|p2a: Marowak
|-fail|p2a: Marowak|move: Substitute|[weak]
|
|turn|3
|callback|decision
|
|switch|p2a: Snorlax|Snorlax, F|478\/478
|-damage|p2a: Snorlax|419\/478|[from] Stealth Rock
|move|p1a: Heatran|Earth Power|p2a: Snorlax
|-damage|p2a: Snorlax|334\/478
|
|-heal|p2a: Snorlax|363\/478|[from] item: Leftovers
|turn|4
|callback|decision
|
|switch|p1a: Tyranitar|Tyranitar, M|385\/385
|-weather|Sandstorm|[from] ability: Sand Stream|[of] p1a: Tyranitar
|move|p2a: Snorlax|Body Slam|p1a: Tyranitar
|-resisted|p1a: Tyranitar
|-damage|p1a: Tyranitar|314\/385
|-status|p1a: Tyranitar|par
|
|-weather|Sandstorm|[upkeep]
|-damage|p2a: Snorlax|334\/478|[from] sandstorm
|-heal|p2a: Snorlax|363\/478|[from] item: Leftovers
|turn|5
|callback|decision
|
|switch|p2a: Durant|Durant, M|320\/320
|-damage|p2a: Durant|280\/320|[from] Stealth Rock
|move|p1a: Tyranitar|Stone Edge|p2a: Durant
|-damage|p2a: Durant|67\/320
|
|-weather|Sandstorm|[upkeep]
|-heal|p2a: Durant|87\/320|[from] item: Leftovers
|turn|6
|callback|decision
|
|switch|p1a: Keldeo|Keldeo|324\/324
|move|p2a: Durant|Thunder Wave|p1a: Keldeo
|-status|p1a: Keldeo|par
|
|-weather|Sandstorm|[upkeep]
|-damage|p1a: Keldeo|304\/324 par|[from] sandstorm
|-heal|p2a: Durant|107\/320|[from] item: Leftovers
|turn|7
|callback|decision
|
|switch|p2a: Snorlax|Snorlax, F|363\/478
|-damage|p2a: Snorlax|304\/478|[from] Stealth Rock
|move|p1a: Keldeo|Secret Sword|p2a: Snorlax
|-crit|p2a: Snorlax
|-supereffective|p2a: Snorlax
|-damage|p2a: Snorlax|0 fnt
|faint|p2a: Snorlax
|
|-weather|Sandstorm|[upkeep]
|-damage|p1a: Keldeo|284\/324 par|[from] sandstorm
|callback|decision
|
|switch|p2a: Marowak|Marowak, M|69\/279
|-damage|p2a: Marowak|52\/279|[from] Stealth Rock
|turn|8
|callback|decision
|
|move|p1a: Keldeo|Secret Sword|p2a: Marowak
|-damage|p2a: Marowak|0 fnt
|faint|p2a: Marowak
|
|-weather|Sandstorm|[upkeep]
|-damage|p1a: Keldeo|264\/324 par|[from] sandstorm
|callback|decision
|
|switch|p2a: Meloetta|Meloetta|341\/341
|-damage|p2a: Meloetta|299\/341|[from] Stealth Rock
|turn|9
|callback|decision
|
|switch|p1a: Tyranitar|Tyranitar, M|314\/385 par
|move|p2a: Meloetta|Psychic|p1a: Tyranitar
|-immune|p1a: Tyranitar|[msg]
|
|-weather|Sandstorm|[upkeep]
|-damage|p2a: Meloetta|278\/341|[from] sandstorm
|turn|10
|callback|decision
|-message|Dumb bass forfeited.
|
|win|TheGary2346
|raw|Ladder updating...
|leave|Dumb bass
|player|p2
|raw|TheGary2346's rating: 1442 &rarr; <strong>1580<\/strong><br \/>(+138 for winning)
|raw|Dumb bass's rating: 1517 &rarr; <strong>1431<\/strong><br \/>(-86 for losing)