|join|DarkNinja5
|join|Best Memes 2015
|player|p1|DarkNinja5|101
|player|p2|Best Memes 2015|290
|gametype|singles
|gen|6
|tier|UU
|rated
|rule|Sleep Clause Mod: Limit one foe put to sleep
|rule|Species Clause: Limit one of each PokÃ©mon
|rule|OHKO Clause: OHKO moves are banned
|rule|Moody Clause: Moody is banned
|rule|Evasion Moves Clause: Evasion moves are banned
|rule|Endless Battle Clause: Forcing endless battles is banned
|rule|HP Percentage Mod: HP is shown in percentages
|clearpoke
|poke|p1|Vaporeon, M
|poke|p1|Raikou
|poke|p1|Forretress, F
|poke|p1|Beedrill, M
|poke|p1|Machamp, M
|poke|p1|Arcanine, F
|poke|p2|Gorebyss, F
|poke|p2|Uxie
|poke|p2|Nidoking, M
|poke|p2|Espeon, M
|poke|p2|Haxorus, M
|poke|p2|Sharpedo, F
|rule|Swagger Clause: Swagger is banned
|rule|Baton Pass Clause: Limit one PokÃ©mon knowing Baton Pass
|teampreview
|
|start
|switch|p1a: Beedrill|Beedrill, M|271\/271
|switch|p2a: Uxie|Uxie|354\/354
|turn|1
|
|detailschange|p1a: Beedrill|Beedrill-Mega, M
|-mega|p1a: Beedrill|Beedrill|Beedrillite
|move|p2a: Uxie|Reflect|p2a: Uxie
|-sidestart|p2: Best Memes 2015|Reflect
|move|p1a: Beedrill|U-turn|p2a: Uxie
|-supereffective|p2a: Uxie
|-damage|p2a: Uxie|198\/354
|
|switch|p1a: Forretress|Forretress, F|353\/353
|
|turn|2
|
|move|p2a: Uxie|Light Screen|p2a: Uxie
|-sidestart|p2: Best Memes 2015|move: Light Screen
|move|p1a: Forretress|Stealth Rock|p2a: Uxie
|-sidestart|p2: Best Memes 2015|move: Stealth Rock
|
|turn|3
|
|move|p2a: Uxie|Stealth Rock|p1a: Forretress
|-sidestart|p1: DarkNinja5|move: Stealth Rock
|move|p1a: Forretress|Toxic|p2a: Uxie
|-status|p2a: Uxie|tox
|
|-damage|p2a: Uxie|176\/354 tox|[from] psn
|turn|4
|
|move|p2a: Uxie|Memento|p1a: Forretress
|-unboost|p1a: Forretress|atk|2
|-unboost|p1a: Forretress|spa|2
|faint|p2a: Uxie
|move|p1a: Forretress|Rapid Spin|p2: Uxie|[notarget]
|-notarget
|
|
|switch|p2a: Gorebyss|Gorebyss, F|313\/313
|-damage|p2a: Gorebyss|274\/313|[from] Stealth Rock
|turn|5
|
|switch|p1a: Vaporeon|Vaporeon, M|451\/451
|-damage|p1a: Vaporeon|395\/451|[from] Stealth Rock
|move|p2a: Gorebyss|Shell Smash|p2a: Gorebyss
|-boost|p2a: Gorebyss|atk|2
|-boost|p2a: Gorebyss|spa|2
|-boost|p2a: Gorebyss|spe|2
|-unboost|p2a: Gorebyss|def|1
|-unboost|p2a: Gorebyss|spd|1
|-enditem|p2a: Gorebyss|White Herb
|-restoreboost|p2a: Gorebyss|[silent]
|
|-heal|p1a: Vaporeon|423\/451|[from] item: Leftovers
|turn|6
|
|move|p2a: Gorebyss|Baton Pass|p2a: Gorebyss
|
|switch|p2a: Espeon|Espeon, M|334\/334
|-damage|p2a: Espeon|293\/334|[from] Stealth Rock
|move|p1a: Vaporeon|Roar|p2a: Espeon
|move|p2a: Espeon|Roar|p1a: Vaporeon|[from]Magic Bounce
|drag|p1a: Beedrill|Beedrill-Mega, M|271\/271
|-damage|p1a: Beedrill|204\/271|[from] Stealth Rock
|
|turn|7
|-message|DarkNinja5 forfeited.
|
|win|Best Memes 2015
|raw|Ladder updating...
|leave|DarkNinja5
|player|p1
|raw|DarkNinja5's rating: 1453 &rarr; <strong>1419<\/strong><br \/>(-34 for losing)
|raw|Best Memes 2015's rating: 1160 &rarr; <strong>1202<\/strong><br \/>(+42 for winning)