|join|Ploppy Senis
|join|icedaddyultra
|player|p1|Ploppy Senis|266
|player|p2|icedaddyultra|265
|gametype|singles
|gen|6
|tier|UU
|rated
|rule|Sleep Clause Mod: Limit one foe put to sleep
|rule|Species Clause: Limit one of each PokÃ©mon
|rule|OHKO Clause: OHKO moves are banned
|rule|Moody Clause: Moody is banned
|rule|Evasion Moves Clause: Evasion moves are banned
|rule|Endless Battle Clause: Forcing endless battles is banned
|rule|HP Percentage Mod: HP is shown in percentages
|clearpoke
|poke|p1|Crobat, M
|poke|p1|Raikou, shiny
|poke|p1|Infernape, F
|poke|p1|Swampert, F
|poke|p1|Chesnaught, M
|poke|p1|Absol, F
|poke|p2|Jolteon, M
|poke|p2|Goodra, M
|poke|p2|Aerodactyl, M
|poke|p2|Swampert, F
|poke|p2|Porygon-Z
|poke|p2|Arcanine, M
|rule|Swagger Clause: Swagger is banned
|rule|Baton Pass Clause: Limit one PokÃ©mon knowing Baton Pass
|teampreview
|
|start
|switch|p1a: Absol|Absol, F|271\/271
|switch|p2a: Bull-z eye|Porygon-Z|311\/311
|turn|1
|
|detailschange|p1a: Absol|Absol-Mega, F
|-mega|p1a: Absol|Absol|Absolite
|move|p1a: Absol|Sucker Punch|p2a: Bull-z eye
|-damage|p2a: Bull-z eye|80\/311
|move|p2a: Bull-z eye|Tri Attack|p1a: Absol
|-damage|p1a: Absol|0 fnt
|faint|p1a: Absol
|
|
|switch|p1a: Infernape|Infernape, F|293\/293
|turn|2
|
|switch|p2a: Lagoon|Swampert, F|403\/403
|move|p1a: Infernape|Vacuum Wave|p2a: Lagoon
|-damage|p2a: Lagoon|320\/403
|-damage|p1a: Infernape|264\/293|[from] item: Life Orb
|
|-heal|p2a: Lagoon|345\/403|[from] item: Leftovers
|turn|3
|
|move|p1a: Infernape|Grass Knot|p2a: Lagoon
|-supereffective|p2a: Lagoon
|-damage|p2a: Lagoon|0 fnt
|-damage|p1a: Infernape|235\/293|[from] item: Life Orb
|faint|p2a: Lagoon
|
|
|switch|p2a: Count dactyla|Aerodactyl, M|301\/301
|turn|4
|
|switch|p1a: Swampert|Swampert, F|403\/403
|detailschange|p2a: Count dactyla|Aerodactyl-Mega, M
|-mega|p2a: Count dactyla|Aerodactyl|Aerodactylite
|move|p2a: Count dactyla|Aerial Ace|p1a: Swampert
|-damage|p1a: Swampert|280\/403
|
|-heal|p1a: Swampert|305\/403|[from] item: Leftovers
|turn|5
|
|move|p2a: Count dactyla|Rock Slide|p1a: Swampert
|-resisted|p1a: Swampert
|-damage|p1a: Swampert|254\/403
|cant|p1a: Swampert|flinch
|
|-heal|p1a: Swampert|279\/403|[from] item: Leftovers
|turn|6
|
|move|p2a: Count dactyla|Aerial Ace|p1a: Swampert
|-damage|p1a: Swampert|167\/403
|move|p1a: Swampert|Stealth Rock|p2a: Count dactyla
|-sidestart|p2: icedaddyultra|move: Stealth Rock
|
|-heal|p1a: Swampert|192\/403|[from] item: Leftovers
|turn|7
|
|move|p2a: Count dactyla|Aerial Ace|p1a: Swampert
|-damage|p1a: Swampert|87\/403
|move|p1a: Swampert|Scald|p2a: Count dactyla
|-supereffective|p2a: Count dactyla
|-damage|p2a: Count dactyla|41\/301
|-status|p2a: Count dactyla|brn
|
|-heal|p1a: Swampert|112\/403|[from] item: Leftovers
|-damage|p2a: Count dactyla|4\/301 brn|[from] brn
|turn|8
|
|move|p2a: Count dactyla|Defog|p1a: Swampert
|-unboost|p1a: Swampert|evasion|1
|-sideend|p2: icedaddyultra|Stealth Rock|[from] move: Defog|[of] p2a: Count dactyla
|move|p1a: Swampert|Earthquake|p2a: Count dactyla
|-immune|p2a: Count dactyla|[msg]
|
|-heal|p1a: Swampert|137\/403|[from] item: Leftovers
|-damage|p2a: Count dactyla|0 fnt|[from] brn
|faint|p2a: Count dactyla
|
|switch|p2a: Bull-z eye|Porygon-Z|80\/311
|turn|9
|
|switch|p1a: Chesnaught|Chesnaught, M|379\/379
|move|p2a: Bull-z eye|Tri Attack|p1a: Chesnaught
|-crit|p1a: Chesnaught
|-damage|p1a: Chesnaught|129\/379
|
|-heal|p1a: Chesnaught|152\/379|[from] item: Leftovers
|turn|10
|
|move|p1a: Chesnaught|Spiky Shield|p1a: Chesnaught
|-singleturn|p1a: Chesnaught|move: Protect
|move|p2a: Bull-z eye|Tri Attack|p1a: Chesnaught
|-activate|p1a: Chesnaught|move: Protect
|
|-heal|p1a: Chesnaught|175\/379|[from] item: Leftovers
|turn|11
|
|switch|p2a: Magesticness|Arcanine, M|321\/321
|-ability|p2a: Magesticness|Intimidate|[of] p1a: Chesnaught
|-unboost|p1a: Chesnaught|atk|1
|move|p1a: Chesnaught|Spikes|p2a: Magesticness
|-sidestart|p2: icedaddyultra|Spikes
|
|-heal|p1a: Chesnaught|198\/379|[from] item: Leftovers
|turn|12
|
|move|p2a: Magesticness|Flare Blitz|p1a: Chesnaught
|-supereffective|p1a: Chesnaught
|-damage|p1a: Chesnaught|0 fnt
|-damage|p2a: Magesticness|256\/321|[from] recoil|[of] p1a: Chesnaught
|faint|p1a: Chesnaught
|
|
|switch|p1a: Swampert|Swampert, F|137\/403
|turn|13
|
|move|p2a: Magesticness|Flare Blitz|p1a: Swampert
|-resisted|p1a: Swampert
|-damage|p1a: Swampert|29\/403
|-damage|p2a: Magesticness|220\/321|[from] recoil|[of] p1a: Swampert
|move|p1a: Swampert|Earthquake|p2a: Magesticness
|-supereffective|p2a: Magesticness
|-damage|p2a: Magesticness|0 fnt
|faint|p2a: Magesticness
|
|-heal|p1a: Swampert|54\/403|[from] item: Leftovers
|
|switch|p2a: Bolt|Jolteon, M|271\/271
|-damage|p2a: Bolt|238\/271|[from] Spikes
|turn|14
|
|move|p2a: Bolt|Shadow Ball|p1a: Swampert
|-damage|p1a: Swampert|0 fnt
|faint|p1a: Swampert
|
|
|switch|p1a: Raikou|Raikou, shiny|321\/321
|-ability|p1a: Raikou|Pressure
|turn|15
|
|move|p1a: Raikou|Hidden Power|p2a: Bolt
|-damage|p2a: Bolt|166\/271
|move|p2a: Bolt|Shadow Ball|p1a: Raikou
|-damage|p1a: Raikou|226\/321
|
|turn|16
|
|move|p1a: Raikou|Hidden Power|p2a: Bolt
|-damage|p2a: Bolt|96\/271
|move|p2a: Bolt|Shadow Ball|p1a: Raikou
|-damage|p1a: Raikou|138\/321
|-unboost|p1a: Raikou|spd|1
|
|turn|17
|
|move|p1a: Raikou|Hidden Power|p2a: Bolt
|-damage|p2a: Bolt|27\/271
|move|p2a: Bolt|Shadow Ball|p1a: Raikou
|-damage|p1a: Raikou|0 fnt
|faint|p1a: Raikou
|
|
|switch|p1a: Infernape|Infernape, F|235\/293
|turn|18
|
|move|p1a: Infernape|Vacuum Wave|p2a: Bolt
|-damage|p2a: Bolt|0 fnt
|-damage|p1a: Infernape|206\/293|[from] item: Life Orb
|faint|p2a: Bolt
|
|
|switch|p2a: Flubber|Goodra, M|383\/383
|-damage|p2a: Flubber|336\/383|[from] Spikes
|turn|19
|
|move|p1a: Infernape|Close Combat|p2a: Flubber
|-damage|p2a: Flubber|132\/383
|-unboost|p1a: Infernape|spe|1
|-unboost|p1a: Infernape|def|1
|-unboost|p1a: Infernape|spd|1
|-damage|p1a: Infernape|177\/293|[from] item: Life Orb
|move|p2a: Flubber|Dragon Pulse|p1a: Infernape
|-damage|p1a: Infernape|0 fnt
|faint|p1a: Infernape
|
|-heal|p2a: Flubber|155\/383|[from] item: Leftovers
|
|switch|p1a: Crobat|Crobat, M|331\/331
|turn|20
|
|move|p1a: Crobat|Brave Bird|p2a: Flubber
|-damage|p2a: Flubber|0 fnt
|-unboost|p1a: Crobat|spe|1
|-damage|p1a: Crobat|280\/331|[from] recoil|[of] p2a: Flubber
|faint|p2a: Flubber
|
|
|switch|p2a: Bull-z eye|Porygon-Z|80\/311
|-damage|p2a: Bull-z eye|42\/311|[from] Spikes
|turn|21
|
|move|p2a: Bull-z eye|Ice Beam|p1a: Crobat
|-supereffective|p1a: Crobat
|-damage|p1a: Crobat|30\/331
|-status|p1a: Crobat|frz
|cant|p1a: Crobat|frz
|
|turn|22
|-message|Ploppy Senis forfeited.
|leave|Ploppy Senis
|
|win|icedaddyultra
|raw|Ladder updating...
|player|p1