|join|Mudkip Slayer
|join|Ploppy Senis
|player|p1|Mudkip Slayer|196
|player|p2|Ploppy Senis|169
|gametype|singles
|gen|6
|tier|UU
|rated
|rule|Sleep Clause Mod: Limit one foe put to sleep
|rule|Species Clause: Limit one of each PokÃ©mon
|rule|OHKO Clause: OHKO moves are banned
|rule|Moody Clause: Moody is banned
|rule|Evasion Moves Clause: Evasion moves are banned
|rule|Endless Battle Clause: Forcing endless battles is banned
|rule|HP Percentage Mod: HP is shown in percentages
|clearpoke
|poke|p1|Metagross, shiny
|poke|p1|Alomomola, F
|poke|p1|Togetic, M
|poke|p1|Krookodile, M
|poke|p1|Blissey, F, shiny
|poke|p1|Goodra, M
|poke|p2|Crobat, F
|poke|p2|Victini
|poke|p2|Flygon, M
|poke|p2|Blastoise, F
|poke|p2|Empoleon, M
|poke|p2|Shaymin
|rule|Swagger Clause: Swagger is banned
|rule|Baton Pass Clause: Limit one PokÃ©mon knowing Baton Pass
|teampreview
|c|âPloppy Senis|...
|
|start
|switch|p1a: Terrabyte|Metagross, shiny|364\/364
|switch|p2a: Blastoise|Blastoise, F|344\/344
|turn|1
|
|switch|p1a: Hey Listen!|Togetic, M|313\/313
|detailschange|p2a: Blastoise|Blastoise-Mega, F
|message|Blastoise has Mega Evolved into Mega Blastoise!
|move|p2a: Blastoise|Aura Sphere|p1a: Hey Listen!
|-resisted|p1a: Hey Listen!
|-damage|p1a: Hey Listen!|294\/313
|
|turn|2
|
|switch|p2a: Empoleon|Empoleon, M|371\/371
|move|p1a: Hey Listen!|Toxic|p2a: Empoleon
|-fail|p2a: Empoleon
|
|turn|3
|
|switch|p1a: Terrabyte|Metagross, shiny|364\/364
|move|p2a: Empoleon|Stealth Rock|p1a: Terrabyte
|-sidestart|p1: Mudkip Slayer|move: Stealth Rock
|
|turn|4
|
|switch|p2a: Blastoise|Blastoise-Mega, F|344\/344
|move|p1a: Terrabyte|Earthquake|p2a: Blastoise
|-damage|p2a: Blastoise|227\/344
|
|turn|5
|
|switch|p1a: Hey Listen!|Togetic, M|294\/313
|-damage|p1a: Hey Listen!|216\/313|[from] Stealth Rock
|move|p2a: Blastoise|Scald|p1a: Hey Listen!
|-damage|p1a: Hey Listen!|126\/313
|-status|p1a: Hey Listen!|brn
|
|-damage|p1a: Hey Listen!|87\/313 brn|[from] brn
|turn|6
|
|switch|p2a: Empoleon|Empoleon, M|371\/371
|move|p1a: Hey Listen!|Roost|p1a: Hey Listen!
|-heal|p1a: Hey Listen!|244\/313 brn
|
|-damage|p1a: Hey Listen!|205\/313 brn|[from] brn
|turn|7
|
|switch|p1a: HP Blob|Blissey, F, shiny|714\/714
|-damage|p1a: HP Blob|625\/714|[from] Stealth Rock
|move|p2a: Empoleon|Scald|p1a: HP Blob
|-damage|p1a: HP Blob|549\/714
|
|-heal|p1a: HP Blob|593\/714|[from] item: Leftovers
|turn|8
|
|move|p2a: Empoleon|Toxic|p1a: HP Blob
|-status|p1a: HP Blob|tox
|move|p1a: HP Blob|Wish|p1a: HP Blob
|
|-heal|p1a: HP Blob|637\/714 tox|[from] item: Leftovers
|-damage|p1a: HP Blob|593\/714 tox|[from] psn
|turn|9
|
|move|p2a: Empoleon|Scald|p1a: HP Blob
|-damage|p1a: HP Blob|509\/714 tox
|move|p1a: HP Blob|Seismic Toss|p2a: Empoleon
|-damage|p2a: Empoleon|271\/371
|
|-heal|p1a: HP Blob|714\/714 tox|[from] move: Wish|[wisher] HP Blob
|-heal|p2a: Empoleon|294\/371|[from] item: Leftovers
|-damage|p1a: HP Blob|626\/714 tox|[from] psn
|turn|10
|
|move|p2a: Empoleon|Scald|p1a: HP Blob
|-damage|p1a: HP Blob|542\/714 tox
|move|p1a: HP Blob|Heal Bell|p1a: HP Blob
|-cureteam|p1a: HP Blob|[from] move: HealBell
|
|-heal|p2a: Empoleon|317\/371|[from] item: Leftovers
|-heal|p1a: HP Blob|586\/714|[from] item: Leftovers
|turn|11
|
|move|p2a: Empoleon|Toxic|p1a: HP Blob|[miss]
|-miss|p2a: Empoleon|p1a: HP Blob
|move|p1a: HP Blob|Wish|p1a: HP Blob
|
|-heal|p2a: Empoleon|340\/371|[from] item: Leftovers
|-heal|p1a: HP Blob|630\/714|[from] item: Leftovers
|turn|12
|
|switch|p1a: Terrabyte|Metagross, shiny|364\/364
|-damage|p1a: Terrabyte|342\/364|[from] Stealth Rock
|move|p2a: Empoleon|Scald|p1a: Terrabyte
|-damage|p1a: Terrabyte|272\/364
|-status|p1a: Terrabyte|brn
|
|-heal|p1a: Terrabyte|364\/364 brn|[from] move: Wish|[wisher] HP Blob
|-heal|p2a: Empoleon|363\/371|[from] item: Leftovers
|-damage|p1a: Terrabyte|319\/364 brn|[from] brn
|turn|13
|
|switch|p1a: HP Blob|Blissey, F, shiny|630\/714
|-damage|p1a: HP Blob|541\/714|[from] Stealth Rock
|switch|p2a: Shaymin|Shaymin|403\/403
|
|-heal|p1a: HP Blob|585\/714|[from] item: Leftovers
|turn|14
|
|move|p2a: Shaymin|Seed Flare|p1a: HP Blob
|-damage|p1a: HP Blob|471\/714
|-unboost|p1a: HP Blob|spd|2
|move|p1a: HP Blob|Heal Bell|p1a: HP Blob
|-cureteam|p1a: HP Blob|[from] move: HealBell
|
|-heal|p1a: HP Blob|515\/714|[from] item: Leftovers
|turn|15
|
|move|p1a: HP Blob|Protect|p1a: HP Blob
|-singleturn|p1a: HP Blob|Protect
|move|p2a: Shaymin|Seed Flare|p1a: HP Blob
|-activate|p1a: HP Blob|Protect
|
|-heal|p1a: HP Blob|559\/714|[from] item: Leftovers
|turn|16
|
|switch|p2a: Flygon|Flygon, M|301\/301
|move|p1a: HP Blob|Wish|p1a: HP Blob
|
|-heal|p1a: HP Blob|603\/714|[from] item: Leftovers
|turn|17
|
|switch|p1a: Hey Listen!|Togetic, M|205\/313
|-damage|p1a: Hey Listen!|127\/313|[from] Stealth Rock
|move|p2a: Flygon|U-turn|p1a: Hey Listen!
|-resisted|p1a: Hey Listen!
|-damage|p1a: Hey Listen!|115\/313
|
|switch|p2a: Crobat|Crobat, F|311\/311
|
|-heal|p1a: Hey Listen!|313\/313|[from] move: Wish|[wisher] HP Blob
|turn|18
|
|switch|p1a: Terrabyte|Metagross, shiny|319\/364
|-damage|p1a: Terrabyte|297\/364|[from] Stealth Rock
|move|p2a: Crobat|Cross Poison|p1a: Terrabyte
|-immune|p1a: Terrabyte|[msg]
|
|turn|19
|
|switch|p2a: Shaymin|Shaymin|403\/403
|move|p1a: Terrabyte|Earthquake|p2a: Shaymin
|-resisted|p2a: Shaymin
|-damage|p2a: Shaymin|357\/403
|
|-heal|p2a: Shaymin|382\/403|[from] item: Leftovers
|turn|20
|
|move|p2a: Shaymin|Seed Flare|p1a: Terrabyte
|-resisted|p1a: Terrabyte
|-damage|p1a: Terrabyte|248\/364
|move|p1a: Terrabyte|Meteor Mash|p2a: Shaymin
|-damage|p2a: Shaymin|256\/403
|-boost|p1a: Terrabyte|atk|1
|
|-heal|p2a: Shaymin|281\/403|[from] item: Leftovers
|turn|21
|
|switch|p2a: Victini|Victini|341\/341
|move|p1a: Terrabyte|Earthquake|p2a: Victini
|-supereffective|p2a: Victini
|-damage|p2a: Victini|0 fnt
|faint|p2a: Victini
|
|
|switch|p2a: Flygon|Flygon, M|301\/301
|turn|22
|
|switch|p1a: Hey Listen!|Togetic, M|313\/313
|-damage|p1a: Hey Listen!|235\/313|[from] Stealth Rock
|move|p2a: Flygon|U-turn|p1a: Hey Listen!
|-resisted|p1a: Hey Listen!
|-damage|p1a: Hey Listen!|223\/313
|
|switch|p2a: Crobat|Crobat, F|311\/311
|
|turn|23
|
|move|p2a: Crobat|U-turn|p1a: Hey Listen!
|-resisted|p1a: Hey Listen!
|-damage|p1a: Hey Listen!|208\/313
|
|switch|p2a: Empoleon|Empoleon, M|363\/371
|move|p1a: Hey Listen!|Defog|p2a: Empoleon
|-unboost|p2a: Empoleon|evasion|1
|-sideend|p1: Mudkip Slayer|Stealth Rock|[from] move: Defog|[of] p1a: Hey Listen!
|
|-heal|p2a: Empoleon|371\/371|[from] item: Leftovers
|turn|24
|
|move|p2a: Empoleon|Stealth Rock|p1a: Hey Listen!
|-sidestart|p1: Mudkip Slayer|move: Stealth Rock
|move|p1a: Hey Listen!|Encore|p2a: Empoleon
|-start|p2a: Empoleon|Encore
|
|turn|25
|
|switch|p2a: Crobat|Crobat, F|311\/311
|switch|p1a: Crikey!|Krookodile, M|393\/393
|-damage|p1a: Crikey!|369\/393|[from] Stealth Rock
|-ability|p1a: Crikey!|Intimidate|[of] p2a: Crobat
|-unboost|p2a: Crobat|atk|1
|
|-heal|p1a: Crikey!|393\/393|[from] item: Leftovers
|turn|26
|
|move|p2a: Crobat|U-turn|p1a: Crikey!
|-supereffective|p1a: Crikey!
|-damage|p1a: Crikey!|285\/393
|
|switch|p2a: Shaymin|Shaymin|281\/403
|move|p1a: Crikey!|Stealth Rock|p2a: Shaymin
|-sidestart|p2: Ploppy Senis|move: Stealth Rock
|
|-heal|p2a: Shaymin|306\/403|[from] item: Leftovers
|-heal|p1a: Crikey!|309\/393|[from] item: Leftovers
|turn|27
|
|switch|p2a: Blastoise|Blastoise-Mega, F|227\/344
|-damage|p2a: Blastoise|184\/344|[from] Stealth Rock
|switch|p1a: Barney|Goodra, M|383\/383
|-damage|p1a: Barney|336\/383|[from] Stealth Rock
|
|turn|28
|
|move|p2a: Blastoise|Rapid Spin|p1a: Barney
|-damage|p1a: Barney|314\/383
|-sideend|p2: Ploppy Senis|Stealth Rock|[from] move: Rapid Spin|[of] p2a: Blastoise
|move|p1a: Barney|Dragon Pulse|p2a: Blastoise
|-damage|p2a: Blastoise|60\/344
|
|turn|29
|
|move|p2a: Blastoise|Dark Pulse|p1a: Barney
|-crit|p1a: Barney
|-damage|p1a: Barney|209\/383
|move|p1a: Barney|Dragon Pulse|p2a: Blastoise
|-damage|p2a: Blastoise|0 fnt
|faint|p2a: Blastoise
|
|
|switch|p2a: Crobat|Crobat, F|311\/311
|turn|30
|
|switch|p1a: Mega Luvdisc|Alomomola, F|534\/534
|-damage|p1a: Mega Luvdisc|468\/534|[from] Stealth Rock
|move|p2a: Crobat|Brave Bird|p1a: Mega Luvdisc
|-damage|p1a: Mega Luvdisc|261\/534
|-damage|p2a: Crobat|260\/311|[from] item: Rocky Helmet|[of] p1a: Mega Luvdisc
|-damage|p2a: Crobat|192\/311|[from] recoil|[of] p1a: Mega Luvdisc
|
|turn|31
|c|âPloppy Senis|this team is disgusting.
|-message|Ploppy Senis forfeited.
|leave|Ploppy Senis
|
|win|Mudkip Slayer
|raw|Ladder updating...
|raw|Mudkip Slayer's rating: 1428 &rarr; <strong>1454<\/strong><br \/>(+26 for winning)
|raw|Ploppy Senis's rating: 1532 &rarr; <strong>1506<\/strong><br \/>(-26 for losing)
|player|p2