|join|Ploppy Senis
|join|Questro
|player|p1|Ploppy Senis|266
|player|p2|Questro|8
|gametype|singles
|gen|6
|tier|UU
|rated
|rule|Sleep Clause Mod: Limit one foe put to sleep
|rule|Species Clause: Limit one of each PokÃ©mon
|rule|OHKO Clause: OHKO moves are banned
|rule|Moody Clause: Moody is banned
|rule|Evasion Moves Clause: Evasion moves are banned
|rule|Endless Battle Clause: Forcing endless battles is banned
|rule|HP Percentage Mod: HP is shown in percentages
|clearpoke
|poke|p1|Ampharos, F
|poke|p1|Empoleon, M
|poke|p1|Machamp, F
|poke|p1|Crobat, M
|poke|p1|Flygon, F
|poke|p1|Nidoking, M
|poke|p2|Snorlax, M
|poke|p2|Aromatisse, M
|poke|p2|Celebi
|poke|p2|Nidoqueen, F
|poke|p2|Vaporeon, F
|poke|p2|Aerodactyl, M
|rule|Swagger Clause: Swagger is banned
|rule|Baton Pass Clause: Limit one PokÃ©mon knowing Baton Pass
|teampreview
|
|start
|switch|p1a: Nidoking|Nidoking, M|303\/303
|switch|p2a: Vaporeon|Vaporeon, F|463\/463
|turn|1
|
|move|p1a: Nidoking|Thunderbolt|p2a: Vaporeon
|-supereffective|p2a: Vaporeon
|-damage|p2a: Vaporeon|182\/463
|move|p2a: Vaporeon|Scald|p1a: Nidoking
|-supereffective|p1a: Nidoking
|-damage|p1a: Nidoking|21\/303
|
|-heal|p2a: Vaporeon|210\/463|[from] item: Leftovers
|turn|2
|
|move|p2a: Vaporeon|Protect|p2a: Vaporeon
|-singleturn|p2a: Vaporeon|Protect
|move|p1a: Nidoking|Thunderbolt|p2a: Vaporeon
|-activate|p2a: Vaporeon|Protect
|
|-heal|p2a: Vaporeon|238\/463|[from] item: Leftovers
|turn|3
|
|switch|p2a: Snorlax|Snorlax, M|497\/497
|move|p1a: Nidoking|Thunderbolt|p2a: Snorlax
|-damage|p2a: Snorlax|393\/497
|
|-heal|p2a: Snorlax|424\/497|[from] item: Leftovers
|turn|4
|
|switch|p1a: Machamp|Machamp, F|337\/337
|move|p2a: Snorlax|Body Slam|p1a: Machamp
|-damage|p1a: Machamp|204\/337
|-status|p1a: Machamp|par
|
|-heal|p2a: Snorlax|455\/497|[from] item: Leftovers
|turn|5
|
|switch|p2a: Aromatisse|Aromatisse, M|406\/406
|move|p1a: Machamp|Knock Off|p2a: Aromatisse
|-resisted|p2a: Aromatisse
|-damage|p2a: Aromatisse|310\/406
|-enditem|p2a: Aromatisse|Leftovers|[from] move: Knock Off|[of] p1a: Machamp
|
|turn|6
|
|move|p2a: Aromatisse|Wish|p2a: Aromatisse
|move|p1a: Machamp|Knock Off|p2a: Aromatisse
|-resisted|p2a: Aromatisse
|-damage|p2a: Aromatisse|252\/406
|
|turn|7
|
|switch|p1a: Empoleon|Empoleon, M|371\/371
|move|p2a: Aromatisse|Draining Kiss|p1a: Empoleon
|-resisted|p1a: Empoleon
|-damage|p1a: Empoleon|344\/371
|-heal|p2a: Aromatisse|273\/406|[from] drain|[of] p1a: Empoleon
|
|-heal|p2a: Aromatisse|406\/406|[from] move: Wish|[wisher] Aromatisse
|-heal|p1a: Empoleon|367\/371|[from] item: Leftovers
|turn|8
|
|switch|p2a: Vaporeon|Vaporeon, F|238\/463
|move|p1a: Empoleon|Stealth Rock|p2a: Vaporeon
|-sidestart|p2: Questro|move: Stealth Rock
|
|-heal|p2a: Vaporeon|266\/463|[from] item: Leftovers
|-heal|p1a: Empoleon|371\/371|[from] item: Leftovers
|turn|9
|
|switch|p1a: Ampharos|Ampharos, F|329\/329
|move|p2a: Vaporeon|Wish|p2a: Vaporeon
|
|-heal|p2a: Vaporeon|294\/463|[from] item: Leftovers
|turn|10
|
|detailschange|p1a: Ampharos|Ampharos-Mega, F
|message|Ampharos has Mega Evolved into Mega Ampharos!
|-ability|p1a: Ampharos|Mold Breaker
|move|p2a: Vaporeon|Protect|p2a: Vaporeon
|-singleturn|p2a: Vaporeon|Protect
|move|p1a: Ampharos|Thunderbolt|p2a: Vaporeon
|-activate|p2a: Vaporeon|Protect
|
|-heal|p2a: Vaporeon|463\/463|[from] move: Wish|[wisher] Vaporeon
|turn|11
|
|switch|p2a: Celebi|Celebi|404\/404
|-damage|p2a: Celebi|354\/404|[from] Stealth Rock
|move|p1a: Ampharos|Dragon Pulse|p2a: Celebi
|-damage|p2a: Celebi|180\/404
|
|-heal|p2a: Celebi|205\/404|[from] item: Leftovers
|turn|12
|
|switch|p1a: Empoleon|Empoleon, M|371\/371
|move|p2a: Celebi|Recover|p2a: Celebi
|-heal|p2a: Celebi|404\/404
|
|turn|13
|c|âPloppy Senis|this disgusting team.
|
|switch|p1a: Nidoking|Nidoking, M|21\/303
|move|p2a: Celebi|Calm Mind|p2a: Celebi
|-boost|p2a: Celebi|spa|1
|-boost|p2a: Celebi|spd|1
|
|turn|14
|
|move|p1a: Nidoking|Sludge Wave|p2a: Celebi
|-supereffective|p2a: Celebi
|-damage|p2a: Celebi|74\/404
|move|p2a: Celebi|Giga Drain|p1a: Nidoking
|-damage|p1a: Nidoking|0 fnt
|-heal|p2a: Celebi|85\/404|[from] drain|[of] p1a: Nidoking
|faint|p1a: Nidoking
|
|-heal|p2a: Celebi|110\/404|[from] item: Leftovers
|
|switch|p1a: Flygon|Flygon, F|301\/301
|turn|15
|
|switch|p2a: Aromatisse|Aromatisse, M|406\/406
|-damage|p2a: Aromatisse|356\/406|[from] Stealth Rock
|move|p1a: Flygon|U-turn|p2a: Aromatisse
|-resisted|p2a: Aromatisse
|-damage|p2a: Aromatisse|324\/406
|
|switch|p1a: Crobat|Crobat, M|311\/311
|
|turn|16
|
|move|p2a: Aromatisse|Protect|p2a: Aromatisse
|-singleturn|p2a: Aromatisse|Protect
|move|p1a: Crobat|Brave Bird|p2a: Aromatisse
|-activate|p2a: Aromatisse|Protect
|
|turn|17
|
|move|p1a: Crobat|Brave Bird|p2a: Aromatisse
|-damage|p2a: Aromatisse|111\/406
|-damage|p1a: Crobat|241\/311|[from] recoil|[of] p2a: Aromatisse
|move|p2a: Aromatisse|Wish|p2a: Aromatisse
|
|turn|18
|
|move|p2a: Aromatisse|Protect|p2a: Aromatisse
|-singleturn|p2a: Aromatisse|Protect
|move|p1a: Crobat|Brave Bird|p2a: Aromatisse
|-activate|p2a: Aromatisse|Protect
|
|-heal|p2a: Aromatisse|314\/406|[from] move: Wish|[wisher] Aromatisse
|turn|19
|
|switch|p2a: Aerodactyl|Aerodactyl, M|363\/363
|-damage|p2a: Aerodactyl|273\/363|[from] Stealth Rock
|-ability|p2a: Aerodactyl|Pressure
|move|p1a: Crobat|Brave Bird|p2a: Aerodactyl
|-crit|p2a: Aerodactyl
|-resisted|p2a: Aerodactyl
|-damage|p2a: Aerodactyl|60\/363
|-damage|p1a: Crobat|171\/311|[from] recoil|[of] p2a: Aerodactyl
|
|turn|20
|
|switch|p1a: Flygon|Flygon, F|301\/301
|move|p2a: Aerodactyl|Roost|p2a: Aerodactyl
|-heal|p2a: Aerodactyl|242\/363
|
|turn|21
|
|detailschange|p2a: Aerodactyl|Aerodactyl-Mega, M
|message|Aerodactyl has Mega Evolved into Mega Aerodactyl!
|move|p1a: Flygon|Outrage|p2a: Aerodactyl
|-damage|p2a: Aerodactyl|50\/363
|move|p2a: Aerodactyl|Roost|p2a: Aerodactyl
|-heal|p2a: Aerodactyl|232\/363
|
|turn|22
|
|switch|p2a: Aromatisse|Aromatisse, M|314\/406
|-damage|p2a: Aromatisse|264\/406|[from] Stealth Rock
|move|p1a: Flygon|Outrage|p2a: Aromatisse
|-immune|p2a: Aromatisse|[msg]
|
|-end|p1a: Flygon|rampage
|-start|p1a: Flygon|confusion
|turn|23
|
|switch|p1a: Crobat|Crobat, M|171\/311
|move|p2a: Aromatisse|Wish|p2a: Aromatisse
|
|turn|24
|
|switch|p2a: Aerodactyl|Aerodactyl-Mega, M|232\/363
|-damage|p2a: Aerodactyl|142\/363|[from] Stealth Rock
|move|p1a: Crobat|Cross Poison|p2a: Aerodactyl
|-resisted|p2a: Aerodactyl
|-damage|p2a: Aerodactyl|69\/363
|
|-heal|p2a: Aerodactyl|272\/363|[from] move: Wish|[wisher] Aromatisse
|turn|25
|
|switch|p1a: Machamp|Machamp, F|204\/337 par
|move|p2a: Aerodactyl|Defog|p1a: Machamp
|-unboost|p1a: Machamp|evasion|1
|-sideend|p2: Questro|Stealth Rock|[from] move: Defog|[of] p2a: Aerodactyl
|
|turn|26
|
|switch|p2a: Nidoqueen|Nidoqueen, F|383\/383
|switch|p1a: Empoleon|Empoleon, M|371\/371
|
|turn|27
|
|move|p2a: Nidoqueen|Earth Power|p1a: Empoleon
|-supereffective|p1a: Empoleon
|-damage|p1a: Empoleon|143\/371
|move|p1a: Empoleon|Scald|p2a: Nidoqueen
|-supereffective|p2a: Nidoqueen
|-damage|p2a: Nidoqueen|141\/383
|-status|p2a: Nidoqueen|brn
|
|-heal|p2a: Nidoqueen|164\/383 brn|[from] item: Black Sludge
|-heal|p1a: Empoleon|166\/371|[from] item: Leftovers
|-damage|p2a: Nidoqueen|117\/383 brn|[from] brn
|turn|28
|
|switch|p1a: Flygon|Flygon, F|301\/301
|move|p2a: Nidoqueen|Stealth Rock|p1a: Flygon
|-sidestart|p1: Ploppy Senis|move: Stealth Rock
|
|-heal|p2a: Nidoqueen|140\/383 brn|[from] item: Black Sludge
|-damage|p2a: Nidoqueen|93\/383 brn|[from] brn
|turn|29
|
|move|p1a: Flygon|U-turn|p2a: Nidoqueen
|-resisted|p2a: Nidoqueen
|-damage|p2a: Nidoqueen|67\/383 brn
|
|switch|p1a: Machamp|Machamp, F|204\/337 par
|-damage|p1a: Machamp|183\/337 par|[from] Stealth Rock
|move|p2a: Nidoqueen|Earth Power|p1a: Machamp
|-crit|p1a: Machamp
|-damage|p1a: Machamp|59\/337 par
|
|-heal|p2a: Nidoqueen|90\/383 brn|[from] item: Black Sludge
|-damage|p2a: Nidoqueen|43\/383 brn|[from] brn
|turn|30
|
|move|p1a: Machamp|Bullet Punch|p2a: Nidoqueen
|-damage|p2a: Nidoqueen|0 fnt
|faint|p2a: Nidoqueen
|
|
|switch|p2a: Celebi|Celebi|110\/404
|turn|31
|
|move|p1a: Machamp|Bullet Punch|p2a: Celebi
|-damage|p2a: Celebi|47\/404
|move|p2a: Celebi|Psychic|p1a: Machamp
|-supereffective|p1a: Machamp
|-damage|p1a: Machamp|0 fnt
|faint|p1a: Machamp
|
|-heal|p2a: Celebi|72\/404|[from] item: Leftovers
|
|switch|p1a: Empoleon|Empoleon, M|166\/371
|-damage|p1a: Empoleon|143\/371|[from] Stealth Rock
|turn|32
|
|move|p2a: Celebi|Giga Drain|p1a: Empoleon
|-damage|p1a: Empoleon|53\/371
|-heal|p2a: Celebi|117\/404|[from] drain|[of] p1a: Empoleon
|move|p1a: Empoleon|Stealth Rock|p2a: Celebi
|-sidestart|p2: Questro|move: Stealth Rock
|
|-heal|p2a: Celebi|142\/404|[from] item: Leftovers
|-heal|p1a: Empoleon|76\/371|[from] item: Leftovers
|turn|33
|
|move|p2a: Celebi|Giga Drain|p1a: Empoleon
|-damage|p1a: Empoleon|0 fnt
|-heal|p2a: Celebi|180\/404|[from] drain|[of] p1a: Empoleon
|faint|p1a: Empoleon
|
|-heal|p2a: Celebi|205\/404|[from] item: Leftovers
|
|switch|p1a: Flygon|Flygon, F|301\/301
|-damage|p1a: Flygon|283\/301|[from] Stealth Rock
|turn|34
|
|switch|p2a: Vaporeon|Vaporeon, F|463\/463
|-damage|p2a: Vaporeon|406\/463|[from] Stealth Rock
|move|p1a: Flygon|U-turn|p2a: Vaporeon
|-damage|p2a: Vaporeon|328\/463
|
|switch|p1a: Ampharos|Ampharos-Mega, F|329\/329
|-damage|p1a: Ampharos|288\/329|[from] Stealth Rock
|-ability|p1a: Ampharos|Mold Breaker
|
|-heal|p2a: Vaporeon|356\/463|[from] item: Leftovers
|turn|35
|
|move|p2a: Vaporeon|Protect|p2a: Vaporeon
|-singleturn|p2a: Vaporeon|Protect
|move|p1a: Ampharos|Volt Switch|p2a: Vaporeon
|-activate|p2a: Vaporeon|Protect
|
|-heal|p2a: Vaporeon|384\/463|[from] item: Leftovers
|turn|36
|
|move|p1a: Ampharos|Volt Switch|p2a: Vaporeon
|-supereffective|p2a: Vaporeon
|-damage|p2a: Vaporeon|88\/463
|
|switch|p1a: Flygon|Flygon, F|283\/301
|-damage|p1a: Flygon|265\/301|[from] Stealth Rock
|move|p2a: Vaporeon|Wish|p2a: Vaporeon
|
|-heal|p2a: Vaporeon|116\/463|[from] item: Leftovers
|turn|37
|
|move|p2a: Vaporeon|Protect|p2a: Vaporeon
|-singleturn|p2a: Vaporeon|Protect
|move|p1a: Flygon|Outrage|p2a: Vaporeon
|-activate|p2a: Vaporeon|Protect
|
|-heal|p2a: Vaporeon|347\/463|[from] move: Wish|[wisher] Vaporeon
|-heal|p2a: Vaporeon|375\/463|[from] item: Leftovers
|turn|38
|
|switch|p1a: Ampharos|Ampharos-Mega, F|288\/329
|-damage|p1a: Ampharos|247\/329|[from] Stealth Rock
|-ability|p1a: Ampharos|Mold Breaker
|move|p2a: Vaporeon|Wish|p2a: Vaporeon
|
|-heal|p2a: Vaporeon|403\/463|[from] item: Leftovers
|turn|39
|
|switch|p2a: Aromatisse|Aromatisse, M|264\/406
|-damage|p2a: Aromatisse|214\/406|[from] Stealth Rock
|move|p1a: Ampharos|Thunderbolt|p2a: Aromatisse
|-damage|p2a: Aromatisse|10\/406
|
|-heal|p2a: Aromatisse|241\/406|[from] move: Wish|[wisher] Vaporeon
|turn|40
|
|move|p1a: Ampharos|Thunderbolt|p2a: Aromatisse
|-damage|p2a: Aromatisse|39\/406
|move|p2a: Aromatisse|Draining Kiss|p1a: Ampharos
|-supereffective|p1a: Ampharos
|-damage|p1a: Ampharos|131\/329
|-heal|p2a: Aromatisse|126\/406|[from] drain|[of] p1a: Ampharos
|
|turn|41
|
|switch|p2a: Celebi|Celebi|205\/404
|-damage|p2a: Celebi|155\/404|[from] Stealth Rock
|move|p1a: Ampharos|Volt Switch|p2a: Celebi
|-resisted|p2a: Celebi
|-damage|p2a: Celebi|87\/404
|
|switch|p1a: Flygon|Flygon, F|265\/301
|-damage|p1a: Flygon|247\/301|[from] Stealth Rock
|
|-heal|p2a: Celebi|112\/404|[from] item: Leftovers
|turn|42
|
|move|p1a: Flygon|U-turn|p2a: Celebi
|-supereffective|p2a: Celebi
|-damage|p2a: Celebi|0 fnt
|faint|p2a: Celebi
|
|switch|p1a: Crobat|Crobat, M|171\/311
|-damage|p1a: Crobat|94\/311|[from] Stealth Rock
|
|
|switch|p2a: Aerodactyl|Aerodactyl-Mega, M|272\/363
|-damage|p2a: Aerodactyl|182\/363|[from] Stealth Rock
|turn|43
|
|move|p2a: Aerodactyl|Rock Slide|p1a: Crobat
|-supereffective|p1a: Crobat
|-damage|p1a: Crobat|0 fnt
|faint|p1a: Crobat
|
|
|switch|p1a: Flygon|Flygon, F|247\/301
|-damage|p1a: Flygon|229\/301|[from] Stealth Rock
|turn|44
|
|switch|p2a: Vaporeon|Vaporeon, F|403\/463
|-damage|p2a: Vaporeon|346\/463|[from] Stealth Rock
|move|p1a: Flygon|Outrage|p2a: Vaporeon
|-damage|p2a: Vaporeon|145\/463
|
|-heal|p2a: Vaporeon|173\/463|[from] item: Leftovers
|turn|45
|
|move|p2a: Vaporeon|Protect|p2a: Vaporeon
|-singleturn|p2a: Vaporeon|Protect
|move|p1a: Flygon|Outrage|p2a: Vaporeon
|-activate|p2a: Vaporeon|Protect
|
|-end|p1a: Flygon|rampage
|-start|p1a: Flygon|confusion
|-heal|p2a: Vaporeon|201\/463|[from] item: Leftovers
|turn|46
|
|-activate|p1a: Flygon|confusion
|move|p1a: Flygon|Outrage|p2a: Vaporeon
|-crit|p2a: Vaporeon
|-damage|p2a: Vaporeon|0 fnt
|faint|p2a: Vaporeon
|
|
|switch|p2a: Aromatisse|Aromatisse, M|126\/406
|-damage|p2a: Aromatisse|76\/406|[from] Stealth Rock
|turn|47
|
|-end|p1a: Flygon|confusion
|move|p1a: Flygon|Outrage|p2a: Aromatisse
|-immune|p2a: Aromatisse|[msg]
|move|p2a: Aromatisse|Draining Kiss|p1a: Flygon
|-supereffective|p1a: Flygon
|-damage|p1a: Flygon|89\/301
|-heal|p2a: Aromatisse|181\/406|[from] drain|[of] p1a: Flygon
|
|-end|p1a: Flygon|rampage
|-start|p1a: Flygon|confusion
|turn|48
|
|switch|p1a: Ampharos|Ampharos-Mega, F|131\/329
|-damage|p1a: Ampharos|90\/329|[from] Stealth Rock
|-ability|p1a: Ampharos|Mold Breaker
|move|p2a: Aromatisse|Draining Kiss|p1a: Ampharos
|-supereffective|p1a: Ampharos
|-damage|p1a: Ampharos|0 fnt
|-heal|p2a: Aromatisse|249\/406|[from] drain|[of] p1a: Ampharos
|faint|p1a: Ampharos
|
|-message|Ploppy Senis forfeited.
|
|win|Questro
|raw|Ladder updating...
|leave|Ploppy Senis
|player|p1
|raw|Ploppy Senis's rating: 1463 &rarr; <strong>1445<\/strong><br \/>(-18 for losing)
|raw|Questro's rating: 1507 &rarr; <strong>1525<\/strong><br \/>(+18 for winning)