|join|RustyEspur
|join|Ploppy Senis
|player|p1|RustyEspur|172
|player|p2|Ploppy Senis|101
|gametype|singles
|gen|6
|tier|UU
|rated
|rule|Sleep Clause Mod: Limit one foe put to sleep
|rule|Species Clause: Limit one of each PokÃ©mon
|rule|OHKO Clause: OHKO moves are banned
|rule|Moody Clause: Moody is banned
|rule|Evasion Moves Clause: Evasion moves are banned
|rule|Endless Battle Clause: Forcing endless battles is banned
|rule|HP Percentage Mod: HP is shown in percentages
|clearpoke
|poke|p1|Chesnaught, M
|poke|p1|Zygarde
|poke|p1|Braviary, M
|poke|p1|Infernape, M
|poke|p1|Porygon-Z
|poke|p1|Empoleon, M
|poke|p2|Beedrill, F
|poke|p2|Raikou
|poke|p2|Hydreigon, M
|poke|p2|Empoleon, F
|poke|p2|Chesnaught, M
|poke|p2|Entei, shiny
|rule|Swagger Clause: Swagger is banned
|rule|Baton Pass Clause: Limit one PokÃ©mon knowing Baton Pass
|teampreview
|
|start
|switch|p1a: Pee-Zee|Porygon-Z|311\/311
|switch|p2a: Chesnaught|Chesnaught, M|379\/379
|-boost|p1a: Pee-Zee|spa|1|[from] ability: Download
|turn|1
|
|switch|p2a: Empoleon|Empoleon, F|372\/372
|move|p1a: Pee-Zee|Nasty Plot|p1a: Pee-Zee
|-boost|p1a: Pee-Zee|spa|2
|
|turn|2
|
|move|p1a: Pee-Zee|Dark Pulse|p2a: Empoleon
|-damage|p2a: Empoleon|115\/372
|-damage|p1a: Pee-Zee|280\/311|[from] item: Life Orb
|move|p2a: Empoleon|Toxic|p1a: Pee-Zee
|-status|p1a: Pee-Zee|tox
|
|-heal|p2a: Empoleon|138\/372|[from] item: Leftovers
|-damage|p1a: Pee-Zee|261\/311 tox|[from] psn
|turn|3
|
|move|p1a: Pee-Zee|Tri Attack|p2a: Empoleon
|-resisted|p2a: Empoleon
|-damage|p2a: Empoleon|0 fnt
|-damage|p1a: Pee-Zee|230\/311 tox|[from] item: Life Orb
|faint|p2a: Empoleon
|
|-damage|p1a: Pee-Zee|192\/311 tox|[from] psn
|
|switch|p2a: Hydreigon|Hydreigon, M|325\/325
|turn|4
|
|switch|p1a: P3N5|Empoleon, M|372\/372
|move|p2a: Hydreigon|Superpower|p1a: P3N5
|-supereffective|p1a: P3N5
|-damage|p1a: P3N5|78\/372
|-unboost|p2a: Hydreigon|atk|1
|-unboost|p2a: Hydreigon|def|1
|-damage|p2a: Hydreigon|293\/325|[from] item: Life Orb
|
|-heal|p1a: P3N5|101\/372|[from] item: Leftovers
|turn|5
|
|switch|p1a: Whats this|Zygarde|404\/404
|-ability|p1a: Whats this|Aura Break
|move|p2a: Hydreigon|Dark Pulse|p1a: Whats this
|-damage|p1a: Whats this|243\/404
|-damage|p2a: Hydreigon|261\/325|[from] item: Life Orb
|
|-heal|p1a: Whats this|268\/404|[from] item: Leftovers
|turn|6
|c|âPloppy Senis|...
|
|switch|p1a: P3N5|Empoleon, M|101\/372
|move|p2a: Hydreigon|Dragon Pulse|p1a: P3N5
|-resisted|p1a: P3N5
|-damage|p1a: P3N5|27\/372
|-damage|p2a: Hydreigon|229\/325|[from] item: Life Orb
|
|-heal|p1a: P3N5|50\/372|[from] item: Leftovers
|turn|7
|
|move|p2a: Hydreigon|Dragon Pulse|p1a: P3N5
|-resisted|p1a: P3N5
|-damage|p1a: P3N5|0 fnt
|-damage|p2a: Hydreigon|197\/325|[from] item: Life Orb
|faint|p1a: P3N5
|
|
|switch|p1a: AMERICABIRD|Braviary, M|341\/341
|turn|8
|
|move|p1a: AMERICABIRD|U-turn|p2a: Hydreigon
|-supereffective|p2a: Hydreigon
|-damage|p2a: Hydreigon|0 fnt
|faint|p2a: Hydreigon
|
|switch|p1a: Infernape|Infernape, M|293\/293
|
|
|switch|p2a: Entei|Entei, shiny|371\/371
|-ability|p2a: Entei|Pressure
|turn|9
|
|move|p1a: Infernape|Close Combat|p2a: Entei
|-crit|p2a: Entei
|-damage|p2a: Entei|0 fnt
|-unboost|p1a: Infernape|def|1
|-unboost|p1a: Infernape|spd|1
|-damage|p1a: Infernape|264\/293|[from] item: Life Orb
|faint|p2a: Entei
|
|
|switch|p2a: Chesnaught|Chesnaught, M|379\/379
|turn|10
|
|move|p1a: Infernape|Overheat|p2a: Chesnaught
|-supereffective|p2a: Chesnaught
|-damage|p2a: Chesnaught|0 fnt
|-unboost|p1a: Infernape|spa|2
|-damage|p1a: Infernape|235\/293|[from] item: Life Orb
|faint|p2a: Chesnaught
|
|
|switch|p2a: Beedrill|Beedrill, F|271\/271
|turn|11
|
|detailschange|p2a: Beedrill|Beedrill-Mega, F
|-mega|p2a: Beedrill|Beedrill|Beedrillite
|move|p1a: Infernape|Overheat|p2a: Beedrill
|-supereffective|p2a: Beedrill
|-damage|p2a: Beedrill|34\/271
|-unboost|p1a: Infernape|spa|2
|-damage|p1a: Infernape|206\/293|[from] item: Life Orb
|move|p2a: Beedrill|Poison Jab|p1a: Infernape
|-damage|p1a: Infernape|0 fnt
|faint|p1a: Infernape
|
|
|switch|p1a: AMERICABIRD|Braviary, M|341\/341
|turn|12
|
|move|p2a: Beedrill|Poison Jab|p1a: AMERICABIRD
|-damage|p1a: AMERICABIRD|49\/341
|move|p1a: AMERICABIRD|U-turn|p2a: Beedrill
|-resisted|p2a: Beedrill
|-damage|p2a: Beedrill|0 fnt
|faint|p2a: Beedrill
|
|switch|p1a: NoChest|Chesnaught, M|380\/380
|
|
|switch|p2a: Raikou|Raikou|321\/321
|-ability|p2a: Raikou|Pressure
|turn|13
|
|move|p2a: Raikou|Hidden Power|p1a: NoChest
|-supereffective|p1a: NoChest
|-damage|p1a: NoChest|208\/380
|move|p1a: NoChest|Leech Seed|p2a: Raikou
|-start|p2a: Raikou|move: Leech Seed
|
|-heal|p1a: NoChest|231\/380|[from] item: Leftovers
|-damage|p2a: Raikou|281\/321|[from] Leech Seed|[of] p1a: NoChest
|-heal|p1a: NoChest|271\/380|[silent]
|turn|14
|
|move|p1a: NoChest|Spiky Shield|p1a: NoChest
|-singleturn|p1a: NoChest|move: Protect
|move|p2a: Raikou|Hidden Power|p1a: NoChest
|-activate|p1a: NoChest|move: Protect
|
|-heal|p1a: NoChest|294\/380|[from] item: Leftovers
|-damage|p2a: Raikou|241\/321|[from] Leech Seed|[of] p1a: NoChest
|-heal|p1a: NoChest|334\/380|[silent]
|turn|15
|
|move|p2a: Raikou|Hidden Power|p1a: NoChest
|-supereffective|p1a: NoChest
|-damage|p1a: NoChest|148\/380
|move|p1a: NoChest|Drain Punch|p2a: Raikou
|-damage|p2a: Raikou|121\/321
|-heal|p1a: NoChest|208\/380|[from] drain|[of] p2a: Raikou
|
|-heal|p1a: NoChest|231\/380|[from] item: Leftovers
|-damage|p2a: Raikou|81\/321|[from] Leech Seed|[of] p1a: NoChest
|-heal|p1a: NoChest|271\/380|[silent]
|turn|16
|-message|Ploppy Senis forfeited.
|
|win|RustyEspur
|raw|Ladder updating...
|leave|Ploppy Senis
|player|p2
|raw|RustyEspur's rating: 1448 &rarr; <strong>1458<\/strong><br \/>(+10 for winning)
|raw|Ploppy Senis's rating: 1241 &rarr; <strong>1229<\/strong><br \/>(-12 for losing)