|join|BroBro98
|join|Ploppy Senis
|player|p1|BroBro98|154
|player|p2|Ploppy Senis|170
|gametype|singles
|gen|6
|tier|UU
|rated
|rule|Sleep Clause Mod: Limit one foe put to sleep
|rule|Species Clause: Limit one of each PokÃ©mon
|rule|OHKO Clause: OHKO moves are banned
|rule|Moody Clause: Moody is banned
|rule|Evasion Moves Clause: Evasion moves are banned
|rule|Endless Battle Clause: Forcing endless battles is banned
|rule|HP Percentage Mod: HP is shown in percentages
|clearpoke
|poke|p1|Crobat, M
|poke|p1|Krookodile, M
|poke|p1|Florges, F
|poke|p1|Blastoise, M
|poke|p1|Espeon, F
|poke|p1|Shiftry, M
|poke|p2|Hydreigon, M
|poke|p2|Krookodile, M
|poke|p2|Celebi
|poke|p2|Blastoise, M
|poke|p2|Arcanine, M
|poke|p2|Raikou
|rule|Swagger Clause: Swagger is banned
|rule|Baton Pass Clause: Limit one PokÃ©mon knowing Baton Pass
|teampreview
|
|start
|switch|p1a: Petunia|Florges, F|360\/360
|switch|p2a: Celebi|Celebi|341\/341
|turn|1
|
|move|p2a: Celebi|Zen Headbutt|p1a: Petunia
|-damage|p1a: Petunia|164\/360
|-damage|p2a: Celebi|307\/341|[from] item: Life Orb
|move|p1a: Petunia|Wish|p1a: Petunia
|
|-heal|p1a: Petunia|186\/360|[from] item: Leftovers
|turn|2
|
|move|p1a: Petunia|Protect|p1a: Petunia
|-singleturn|p1a: Petunia|Protect
|move|p2a: Celebi|U-turn|p1a: Petunia
|-activate|p1a: Petunia|Protect
|
|-heal|p1a: Petunia|360\/360|[from] move: Wish|[wisher] Petunia
|turn|3
|
|switch|p1a: PkSmirk|Krookodile, M|394\/394
|-ability|p1a: PkSmirk|Intimidate|[of] p2a: Celebi
|-unboost|p2a: Celebi|atk|1
|move|p2a: Celebi|Stealth Rock|p1a: PkSmirk
|-sidestart|p1: BroBro98|move: Stealth Rock
|
|turn|4
|
|move|p2a: Celebi|Seed Bomb|p1a: PkSmirk
|-crit|p1a: PkSmirk
|-supereffective|p1a: PkSmirk
|-damage|p1a: PkSmirk|9\/394
|-damage|p2a: Celebi|273\/341|[from] item: Life Orb
|move|p1a: PkSmirk|Dragon Tail|p2a: Celebi
|-damage|p2a: Celebi|222\/341
|drag|p2a: Blastoise|Blastoise, M|343\/343
|
|-heal|p1a: PkSmirk|33\/394|[from] item: Leftovers
|turn|5
|
|detailschange|p2a: Blastoise|Blastoise-Mega, M
|-mega|p2a: Blastoise|Blastoise|Blastoisinite
|move|p1a: PkSmirk|Earthquake|p2a: Blastoise
|-damage|p2a: Blastoise|256\/343
|move|p2a: Blastoise|Rapid Spin|p1a: PkSmirk
|-damage|p1a: PkSmirk|22\/394
|
|-heal|p1a: PkSmirk|46\/394|[from] item: Leftovers
|turn|6
|
|move|p1a: PkSmirk|Earthquake|p2a: Blastoise
|-damage|p2a: Blastoise|174\/343
|move|p2a: Blastoise|Dark Pulse|p1a: PkSmirk
|-resisted|p1a: PkSmirk
|-damage|p1a: PkSmirk|0 fnt
|faint|p1a: PkSmirk
|
|
|switch|p1a: Gratata|Blastoise, M|349\/349
|-damage|p1a: Gratata|306\/349|[from] Stealth Rock
|turn|7
|
|detailschange|p1a: Gratata|Blastoise-Mega, M
|-mega|p1a: Gratata|Blastoise|Blastoisinite
|move|p2a: Blastoise|Dark Pulse|p1a: Gratata
|-damage|p1a: Gratata|191\/349
|move|p1a: Gratata|Rapid Spin|p2a: Blastoise
|-crit|p2a: Blastoise
|-damage|p2a: Blastoise|159\/343
|-sideend|p1: BroBro98|Stealth Rock|[from] move: Rapid Spin|[of] p1a: Gratata
|
|turn|8
|
|switch|p1a: Petunia|Florges, F|360\/360
|move|p2a: Blastoise|Scald|p1a: Petunia
|-damage|p1a: Petunia|285\/360
|
|-heal|p1a: Petunia|307\/360|[from] item: Leftovers
|turn|9
|
|switch|p2a: Celebi|Celebi|222\/341
|move|p1a: Petunia|Moonblast|p2a: Celebi
|-damage|p2a: Celebi|93\/341
|
|-heal|p1a: Petunia|329\/360|[from] item: Leftovers
|turn|10
|
|move|p2a: Celebi|U-turn|p1a: Petunia
|-resisted|p1a: Petunia
|-damage|p1a: Petunia|274\/360
|-damage|p2a: Celebi|59\/341|[from] item: Life Orb
|
|switch|p2a: Krookodile|Krookodile, M|331\/331
|-ability|p2a: Krookodile|Intimidate|[of] p1a: Petunia
|-unboost|p1a: Petunia|atk|1
|move|p1a: Petunia|Moonblast|p2a: Krookodile
|-supereffective|p2a: Krookodile
|-damage|p2a: Krookodile|7\/331
|-unboost|p2a: Krookodile|spa|1
|
|-heal|p1a: Petunia|296\/360|[from] item: Leftovers
|turn|11
|
|move|p1a: Petunia|Protect|p1a: Petunia
|-singleturn|p1a: Petunia|Protect
|move|p2a: Krookodile|Earthquake|p1a: Petunia
|-activate|p1a: Petunia|Protect
|
|-heal|p1a: Petunia|318\/360|[from] item: Leftovers
|turn|12
|
|move|p2a: Krookodile|Knock Off|p1a: Petunia
|-resisted|p1a: Petunia
|-damage|p1a: Petunia|197\/360
|-enditem|p1a: Petunia|Leftovers|[from] move: Knock Off|[of] p2a: Krookodile
|-damage|p2a: Krookodile|0 fnt|[from] item: Life Orb
|faint|p2a: Krookodile
|move|p1a: Petunia|Wish|p1a: Petunia
|
|
|switch|p2a: Raikou|Raikou|321\/321
|-ability|p2a: Raikou|Pressure
|turn|13
|
|move|p2a: Raikou|Substitute|p2a: Raikou
|-start|p2a: Raikou|Substitute
|-damage|p2a: Raikou|241\/321
|move|p1a: Petunia|Moonblast|p2a: Raikou
|-end|p2a: Raikou|Substitute
|
|-heal|p1a: Petunia|360\/360|[from] move: Wish|[wisher] Petunia
|-heal|p2a: Raikou|261\/321|[from] item: Leftovers
|turn|14
|
|move|p2a: Raikou|Calm Mind|p2a: Raikou
|-boost|p2a: Raikou|spa|1
|-boost|p2a: Raikou|spd|1
|move|p1a: Petunia|Moonblast|p2a: Raikou
|-damage|p2a: Raikou|176\/321
|
|-heal|p2a: Raikou|196\/321|[from] item: Leftovers
|turn|15
|
|switch|p1a: Proplay|Espeon, F|271\/271
|move|p2a: Raikou|Calm Mind|p2a: Raikou
|-boost|p2a: Raikou|spa|1
|-boost|p2a: Raikou|spd|1
|
|-heal|p2a: Raikou|216\/321|[from] item: Leftovers
|turn|16
|
|move|p2a: Raikou|Thunderbolt|p1a: Proplay
|-damage|p1a: Proplay|0 fnt
|faint|p1a: Proplay
|
|-heal|p2a: Raikou|236\/321|[from] item: Leftovers
|
|switch|p1a: hashirama|Shiftry, M|321\/321
|turn|17
|
|move|p2a: Raikou|Substitute|p2a: Raikou
|-start|p2a: Raikou|Substitute
|-damage|p2a: Raikou|156\/321
|move|p1a: hashirama|Knock Off|p2a: Raikou
|-end|p2a: Raikou|Substitute
|
|-heal|p2a: Raikou|176\/321|[from] item: Leftovers
|turn|18
|
|move|p2a: Raikou|Substitute|p2a: Raikou
|-start|p2a: Raikou|Substitute
|-damage|p2a: Raikou|96\/321
|move|p1a: hashirama|Knock Off|p2a: Raikou
|-end|p2a: Raikou|Substitute
|
|-heal|p2a: Raikou|116\/321|[from] item: Leftovers
|turn|19
|
|move|p2a: Raikou|Substitute|p2a: Raikou
|-start|p2a: Raikou|Substitute
|-damage|p2a: Raikou|36\/321
|move|p1a: hashirama|Knock Off|p2a: Raikou
|-end|p2a: Raikou|Substitute
|
|-heal|p2a: Raikou|56\/321|[from] item: Leftovers
|turn|20
|
|move|p2a: Raikou|Hidden Power|p1a: hashirama
|-supereffective|p1a: hashirama
|-enditem|p1a: hashirama|Focus Sash
|-damage|p1a: hashirama|1\/321
|move|p1a: hashirama|Knock Off|p2a: Raikou
|-damage|p2a: Raikou|0 fnt
|-enditem|p2a: Raikou|Leftovers|[from] move: Knock Off|[of] p1a: hashirama
|faint|p2a: Raikou
|
|
|switch|p2a: Hydreigon|Hydreigon, M|325\/325
|turn|21
|
|switch|p1a: Petunia|Florges, F|360\/360
|move|p2a: Hydreigon|U-turn|p1a: Petunia
|-resisted|p1a: Petunia
|-damage|p1a: Petunia|323\/360
|
|switch|p2a: Arcanine|Arcanine, M|383\/383
|-ability|p2a: Arcanine|Intimidate|[of] p1a: Petunia
|-unboost|p1a: Petunia|atk|1
|
|turn|22
|
|move|p2a: Arcanine|Flare Blitz|p1a: Petunia
|-damage|p1a: Petunia|119\/360
|-damage|p2a: Arcanine|316\/383|[from] recoil|[of] p1a: Petunia
|move|p1a: Petunia|Wish|p1a: Petunia
|
|-heal|p2a: Arcanine|339\/383|[from] item: Leftovers
|turn|23
|
|switch|p1a: Gratata|Blastoise-Mega, M|191\/349
|move|p2a: Arcanine|Will-O-Wisp|p1a: Gratata
|-status|p1a: Gratata|brn
|
|-heal|p1a: Gratata|349\/349 brn|[from] move: Wish|[wisher] Petunia
|-heal|p2a: Arcanine|362\/383|[from] item: Leftovers
|-damage|p1a: Gratata|306\/349 brn|[from] brn
|turn|24
|
|switch|p2a: Blastoise|Blastoise-Mega, M|159\/343
|move|p1a: Gratata|Water Pulse|p2a: Blastoise
|-resisted|p2a: Blastoise
|-damage|p2a: Blastoise|84\/343
|
|-damage|p1a: Gratata|263\/349 brn|[from] brn
|turn|25
|
|move|p2a: Blastoise|Scald|p1a: Gratata
|-resisted|p1a: Gratata
|-damage|p1a: Gratata|210\/349 brn
|move|p1a: Gratata|Dark Pulse|p2a: Blastoise
|-damage|p2a: Blastoise|0 fnt
|faint|p2a: Blastoise
|
|-damage|p1a: Gratata|167\/349 brn|[from] brn
|
|switch|p2a: Celebi|Celebi|59\/341
|turn|26
|
|switch|p1a: hashirama|Shiftry, M|1\/321
|move|p2a: Celebi|Stealth Rock|p1a: hashirama
|-sidestart|p1: BroBro98|move: Stealth Rock
|
|turn|27
|
|switch|p2a: Arcanine|Arcanine, M|362\/383
|-ability|p2a: Arcanine|Intimidate|[of] p1a: hashirama
|-unboost|p1a: hashirama|atk|1
|move|p1a: hashirama|Sucker Punch|p2a: Arcanine
|-fail|p2a: Arcanine
|
|-heal|p2a: Arcanine|383\/383|[from] item: Leftovers
|turn|28
|
|move|p2a: Arcanine|Extreme Speed|p1a: hashirama
|-damage|p1a: hashirama|0 fnt
|faint|p1a: hashirama
|
|
|switch|p1a: Gratata|Blastoise-Mega, M|167\/349 brn
|-damage|p1a: Gratata|124\/349 brn|[from] Stealth Rock
|turn|29
|
|switch|p2a: Celebi|Celebi|59\/341
|move|p1a: Gratata|Water Pulse|p2a: Celebi
|-resisted|p2a: Celebi
|-damage|p2a: Celebi|0 fnt
|faint|p2a: Celebi
|
|-damage|p1a: Gratata|81\/349 brn|[from] brn
|
|switch|p2a: Hydreigon|Hydreigon, M|325\/325
|turn|30
|
|move|p2a: Hydreigon|U-turn|p1a: Gratata
|-damage|p1a: Gratata|31\/349 brn
|
|switch|p2a: Arcanine|Arcanine, M|383\/383
|-ability|p2a: Arcanine|Intimidate|[of] p1a: Gratata
|-unboost|p1a: Gratata|atk|1
|move|p1a: Gratata|Water Pulse|p2a: Arcanine
|-supereffective|p2a: Arcanine
|-damage|p2a: Arcanine|9\/383
|
|-heal|p2a: Arcanine|32\/383|[from] item: Leftovers
|-damage|p1a: Gratata|0 fnt|[from] brn
|faint|p1a: Gratata
|
|switch|p1a: Erik|Crobat, M|311\/311
|-damage|p1a: Erik|234\/311|[from] Stealth Rock
|turn|31
|
|move|p1a: Erik|Pursuit|p2a: Arcanine|[from]Pursuit
|-damage|p2a: Arcanine|0 fnt
|faint|p2a: Arcanine
|
|c|âPloppy Senis|o_o
|
|switch|p2a: Hydreigon|Hydreigon, M|325\/325
|turn|32
|
|move|p2a: Hydreigon|Dark Pulse|p1a: Erik
|-damage|p1a: Erik|72\/311
|move|p1a: Erik|Pursuit|p2a: Hydreigon
|-resisted|p2a: Hydreigon
|-damage|p2a: Hydreigon|293\/325
|
|turn|33
|
|move|p2a: Hydreigon|Dark Pulse|p1a: Erik
|-damage|p1a: Erik|0 fnt
|faint|p1a: Erik
|
|
|switch|p1a: Petunia|Florges, F|119\/360
|-damage|p1a: Petunia|74\/360|[from] Stealth Rock
|turn|34
|
|move|p1a: Petunia|Protect|p1a: Petunia
|-singleturn|p1a: Petunia|Protect
|move|p2a: Hydreigon|Dark Pulse|p1a: Petunia
|-activate|p1a: Petunia|Protect
|
|turn|35
|
|move|p2a: Hydreigon|Dark Pulse|p1a: Petunia
|-resisted|p1a: Petunia
|-damage|p1a: Petunia|33\/360
|move|p1a: Petunia|Moonblast|p2a: Hydreigon
|-supereffective|p2a: Hydreigon
|-damage|p2a: Hydreigon|0 fnt
|faint|p2a: Hydreigon
|
|win|BroBro98
|raw|Ladder updating...
|raw|BroBro98's rating: 1325 &rarr; <strong>1350<\/strong><br \/>(+25 for winning)
|raw|Ploppy Senis's rating: 1418 &rarr; <strong>1393<\/strong><br \/>(-25 for losing)
|c|âBroBro98|gg