|join|YveltalNL
|join|GalaxyHart
|player|p1|YveltalNL|163
|player|p2|GalaxyHart|1
|gametype|singles
|tier|UU
|rated
|rule|Sleep Clause Mod: Limit one foe put to sleep
|rule|Species Clause: Limit one of each Pokemon
|rule|OHKO Clause: OHKO moves are banned
|rule|Moody Clause: Moody is banned
|rule|Evasion Moves Clause: Evasion moves are banned
|rule|HP Percentage Mod: HP is reported as percentages
|rule|Evasion Abilities Clause: Evasion abilities are banned
|clearpoke
|poke|p1|Honchkrow, M, shiny
|poke|p1|Blastoise, M
|poke|p1|Dusclops, F
|poke|p1|Arcanine, F
|poke|p1|Clefable, M
|poke|p1|Shaymin
|poke|p2|Azumarill, F
|poke|p2|Roserade, F
|poke|p2|Mew
|poke|p2|Mienshao, F
|poke|p2|Heracross, F
|poke|p2|Kingdra, M
|teampreview
|callback|decision
|chat|GalaxyHart|heyo
|chat|YveltalNL|hey
|
|start
|switch|p1a: Honchpro|Honchkrow, M, shiny|341\/341
|switch|p2a: Mew|Mew|404\/404
|turn|1
|callback|decision
|
|move|p2a: Mew|Swords Dance|p2a: Mew
|-boost|p2a: Mew|atk|2
|move|p1a: Honchpro|Brave Bird|p2a: Mew
|-damage|p2a: Mew|119\/404
|-damage|p1a: Honchpro|247\/341|[from] recoil|[of] p2a: Mew
|-damage|p1a: Honchpro|213\/341|[from] item: Life Orb
|
|turn|2
|callback|decision
|
|move|p1a: Honchpro|Sucker Punch|p2a: Mew
|-supereffective|p2a: Mew
|-damage|p2a: Mew|0 fnt
|-damage|p1a: Honchpro|179\/341|[from] item: Life Orb
|faint|p2a: Mew
|-boost|p1a: Honchpro|atk|1|[from] ability: Moxie
|
|callback|decision
|
|switch|p2a: Heracross|Heracross, F|301\/301
|turn|3
|callback|decision
|
|move|p2a: Heracross|Megahorn|p1a: Honchpro
|-damage|p1a: Honchpro|0 fnt
|-damage|p2a: Heracross|271\/301|[from] item: Life Orb
|faint|p1a: Honchpro
|-boost|p2a: Heracross|atk|1|[from] ability: Moxie
|
|callback|decision
|
|switch|p1a: Arcanine|Arcanine, F|322\/322
|-ability|p1a: Arcanine|Intimidate|[of] p2a: Heracross
|-unboost|p2a: Heracross|atk|1
|turn|4
|callback|decision
|
|switch|p1a: Blastoise|Blastoise, M|362\/362
|move|p2a: Heracross|Stone Edge|p1a: Blastoise|[miss]
|-miss|p2a: Heracross|p1a: Blastoise
|
|turn|5
|callback|decision
|
|move|p2a: Heracross|Megahorn|p1a: Blastoise
|-damage|p1a: Blastoise|166\/362
|-damage|p2a: Heracross|241\/301|[from] item: Life Orb
|move|p1a: Blastoise|Toxic|p2a: Heracross|[miss]
|-miss|p1a: Blastoise|p2a: Heracross
|
|-heal|p1a: Blastoise|188\/362|[from] item: Leftovers
|turn|6
|callback|decision
|
|switch|p1a: Dusclops|Dusclops, F|275\/275
|-ability|p1a: Dusclops|Pressure
|move|p2a: Heracross|Swords Dance|p2a: Heracross
|-boost|p2a: Heracross|atk|2
|
|turn|7
|callback|decision
|
|move|p2a: Heracross|Stone Edge|p1a: Dusclops
|-damage|p1a: Dusclops|142\/275
|-damage|p2a: Heracross|211\/301|[from] item: Life Orb
|move|p1a: Dusclops|Will-O-Wisp|p2a: Heracross
|-status|p2a: Heracross|brn
|
|-damage|p2a: Heracross|174\/301 brn|[from] brn
|turn|8
|callback|decision
|
|switch|p2a: Azumarill|Azumarill, F|404\/404
|move|p1a: Dusclops|Substitute|p1a: Dusclops
|-start|p1a: Dusclops|Substitute
|-damage|p1a: Dusclops|74\/275
|
|turn|9
|callback|decision
|
|move|p2a: Azumarill|Waterfall|p1a: Dusclops
|-end|p1a: Dusclops|Substitute
|move|p1a: Dusclops|Pain Split|p2a: Azumarill
|-sethp|p2a: Azumarill|239\/404|p1a: Dusclops|239\/275|[from] move: Pain Split
|
|-heal|p2a: Azumarill|264\/404|[from] item: Leftovers
|turn|10
|callback|decision
|
|move|p2a: Azumarill|Waterfall|p1a: Dusclops
|-damage|p1a: Dusclops|163\/275
|cant|p1a: Dusclops|flinch
|
|-heal|p2a: Azumarill|289\/404|[from] item: Leftovers
|turn|11
|callback|decision
|
|move|p2a: Azumarill|Waterfall|p1a: Dusclops
|-damage|p1a: Dusclops|88\/275
|move|p1a: Dusclops|Will-O-Wisp|p2a: Azumarill
|-status|p2a: Azumarill|brn
|
|-heal|p2a: Azumarill|314\/404 brn|[from] item: Leftovers
|-damage|p2a: Azumarill|264\/404 brn|[from] brn
|turn|12
|callback|decision
|
|switch|p2a: Roserade|Roserade, F|261\/261
|move|p1a: Dusclops|Pain Split|p2a: Roserade
|-sethp|p2a: Roserade|174\/261|p1a: Dusclops|174\/275|[from] move: Pain Split
|
|-heal|p2a: Roserade|190\/261|[from] item: Leftovers
|turn|13
|callback|decision
|
|move|p2a: Roserade|Aromatherapy|p2a: Roserade
|-cureteam|p2a: Roserade|[from] move: Aromatherapy
|move|p1a: Dusclops|Will-O-Wisp|p2a: Roserade
|-status|p2a: Roserade|brn
|
|-heal|p2a: Roserade|206\/261 brn|[from] item: Leftovers
|-damage|p2a: Roserade|174\/261 brn|[from] brn
|turn|14
|callback|decision
|
|move|p1a: Dusclops|Shadow Sneak|p2a: Roserade
|-damage|p2a: Roserade|113\/261 brn
|move|p2a: Roserade|Leaf Storm|p1a: Dusclops|[miss]
|-miss|p2a: Roserade|p1a: Dusclops
|
|-heal|p2a: Roserade|129\/261 brn|[from] item: Leftovers
|-damage|p2a: Roserade|97\/261 brn|[from] brn
|turn|15
|callback|decision
|
|switch|p1a: Shaymin|Shaymin|341\/341
|move|p2a: Roserade|Leaf Storm|p1a: Shaymin
|-resisted|p1a: Shaymin
|-damage|p1a: Shaymin|201\/341
|-unboost|p2a: Roserade|spa|2
|
|-heal|p2a: Roserade|113\/261 brn|[from] item: Leftovers
|-damage|p2a: Roserade|81\/261 brn|[from] brn
|turn|16
|callback|decision
|
|switch|p2a: Azumarill|Azumarill, F|264\/404
|move|p1a: Shaymin|Earth Power|p2a: Azumarill
|-damage|p2a: Azumarill|118\/404
|-damage|p1a: Shaymin|167\/341|[from] item: Life Orb
|
|-heal|p2a: Azumarill|143\/404|[from] item: Leftovers
|turn|17
|callback|decision
|
|move|p1a: Shaymin|Earth Power|p2a: Azumarill
|-crit|p2a: Azumarill
|-damage|p2a: Azumarill|0 fnt
|-damage|p1a: Shaymin|133\/341|[from] item: Life Orb
|faint|p2a: Azumarill
|
|callback|decision
|
|switch|p2a: Mienshao|Mienshao, F|271\/271
|turn|18
|callback|decision
|
|switch|p1a: Dusclops|Dusclops, F|174\/275
|-ability|p1a: Dusclops|Pressure
|move|p2a: Mienshao|Hi Jump Kick|p1a: Dusclops
|-immune|p1a: Dusclops|[msg]
|-damage|p2a: Mienshao|136\/271|[from] hijumpkick
|
|turn|19
|callback|decision
|
|switch|p2a: Kingdra|Kingdra, M|291\/291
|move|p1a: Dusclops|Will-O-Wisp|p2a: Kingdra
|-status|p2a: Kingdra|brn
|
|-damage|p2a: Kingdra|255\/291 brn|[from] brn
|turn|20
|callback|decision
|
|switch|p1a: Arcanine|Arcanine, F|322\/322
|-ability|p1a: Arcanine|Intimidate|[of] p2a: Kingdra
|-unboost|p2a: Kingdra|atk|1
|move|p2a: Kingdra|Hydro Pump|p1a: Arcanine
|-supereffective|p1a: Arcanine
|-damage|p1a: Arcanine|0 fnt
|-damage|p2a: Kingdra|226\/291 brn|[from] item: Life Orb
|faint|p1a: Arcanine
|
|-damage|p2a: Kingdra|190\/291 brn|[from] brn
|callback|decision
|chat|YveltalNL|predicted the switch to rose
|
|switch|p1a: Shaymin|Shaymin|133\/341
|turn|21
|callback|decision
|chat|GalaxyHart|hmmmmmmm............
|
|move|p1a: Shaymin|Rest|p1a: Shaymin
|-status|p1a: Shaymin|slp
|-heal|p1a: Shaymin|341\/341 slp|[silent]
|-status|p1a: Shaymin|slp|[from] move: Rest
|move|p2a: Kingdra|Dragon Pulse|p1a: Shaymin
|-damage|p1a: Shaymin|169\/341 slp
|-damage|p2a: Kingdra|161\/291 brn|[from] item: Life Orb
|
|-damage|p2a: Kingdra|125\/291 brn|[from] brn
|turn|22
|callback|decision
|
|switch|p1a: Blastoise|Blastoise, M|188\/362
|move|p2a: Kingdra|Dragon Pulse|p1a: Blastoise
|-damage|p1a: Blastoise|32\/362
|-damage|p2a: Kingdra|96\/291 brn|[from] item: Life Orb
|
|-heal|p1a: Blastoise|54\/362|[from] item: Leftovers
|-damage|p2a: Kingdra|60\/291 brn|[from] brn
|turn|23
|callback|decision
|
|move|p1a: Blastoise|Aqua Jet|p2a: Kingdra
|-resisted|p2a: Kingdra
|-damage|p2a: Kingdra|44\/291 brn
|move|p2a: Kingdra|Dragon Pulse|p1a: Blastoise
|-damage|p1a: Blastoise|0 fnt
|-damage|p2a: Kingdra|15\/291 brn|[from] item: Life Orb
|faint|p1a: Blastoise
|
|-damage|p2a: Kingdra|0 fnt|[from] brn
|faint|p2a: Kingdra
|callback|decision
|
|switch|p2a: Heracross|Heracross, F|174\/301
|switch|p1a: Clefable|Clefable, M|375\/375
|turn|24
|callback|decision
|
|move|p1a: Clefable|Protect|p1a: Clefable
|-singleturn|p1a: Clefable|Protect
|move|p2a: Heracross|Close Combat|p1a: Clefable
|-activate|p1a: Clefable|Protect
|
|turn|25
|callback|decision
|
|switch|p1a: Dusclops|Dusclops, F|174\/275
|-ability|p1a: Dusclops|Pressure
|move|p2a: Heracross|Close Combat|p1a: Dusclops
|-immune|p1a: Dusclops|[msg]
|
|turn|26
|callback|decision
|
|move|p2a: Heracross|Megahorn|p1a: Dusclops
|-resisted|p1a: Dusclops
|-damage|p1a: Dusclops|116\/275
|-damage|p2a: Heracross|144\/301|[from] item: Life Orb
|move|p1a: Dusclops|Will-O-Wisp|p2a: Heracross
|-status|p2a: Heracross|brn
|
|-damage|p2a: Heracross|107\/301 brn|[from] brn
|turn|27
|callback|decision
|
|switch|p2a: Roserade|Roserade, F|81\/261 brn
|move|p1a: Dusclops|Shadow Sneak|p2a: Roserade
|-damage|p2a: Roserade|20\/261 brn
|-status|p1a: Dusclops|psn
|
|-heal|p2a: Roserade|36\/261 brn|[from] item: Leftovers
|-damage|p2a: Roserade|4\/261 brn|[from] brn
|-damage|p1a: Dusclops|82\/275 psn|[from] psn
|turn|28
|callback|decision
|
|move|p1a: Dusclops|Shadow Sneak|p2a: Roserade
|-damage|p2a: Roserade|0 fnt
|faint|p2a: Roserade
|
|-damage|p1a: Dusclops|48\/275 psn|[from] psn
|callback|decision
|
|switch|p2a: Heracross|Heracross, F|107\/301 brn
|turn|29
|callback|decision
|
|move|p1a: Dusclops|Shadow Sneak|p2a: Heracross
|-damage|p2a: Heracross|56\/301 brn
|move|p2a: Heracross|Megahorn|p1a: Dusclops
|-resisted|p1a: Dusclops
|-damage|p1a: Dusclops|17\/275 psn
|-damage|p2a: Heracross|26\/301 brn|[from] item: Life Orb
|
|-damage|p2a: Heracross|0 fnt|[from] brn
|-damage|p1a: Dusclops|0 fnt|[from] psn
|faint|p2a: Heracross
|faint|p1a: Dusclops
|callback|decision
|
|switch|p2a: Mienshao|Mienshao, F|226\/271
|switch|p1a: Clefable|Clefable, M|375\/375
|turn|30
|callback|decision
|
|move|p1a: Clefable|Protect|p1a: Clefable
|-singleturn|p1a: Clefable|Protect
|move|p2a: Mienshao|Hi Jump Kick|p1a: Clefable
|-activate|p1a: Clefable|Protect
|-damage|p2a: Mienshao|91\/271|[from] hijumpkick
|
|turn|31
|callback|decision
|
|move|p1a: Clefable|Protect|p1a: Clefable
|-singleturn|p1a: Clefable|Protect
|move|p2a: Mienshao|Hi Jump Kick|p1a: Clefable
|-activate|p1a: Clefable|Protect
|-damage|p2a: Mienshao|0 fnt|[from] hijumpkick
|faint|p2a: Mienshao
|
|win|YveltalNL
|raw|Ladder updating...
|raw|YveltalNL's rating: 1473 &rarr; <strong>1490<\/strong><br \/>(+17 for winning)
|raw|GalaxyHart's rating: 1259 &rarr; <strong>1258<\/strong><br \/>(-1 for losing)
|leave|GalaxyHart
|player|p2