|join|xMarth
|join|Pokeballsdeepinher
|player|p1|xMarth|153
|player|p2|Pokeballsdeepinher|170
|gametype|singles
|gen|6
|tier|UU
|rated
|rule|Sleep Clause Mod: Limit one foe put to sleep
|rule|Species Clause: Limit one of each PokÃ©mon
|rule|OHKO Clause: OHKO moves are banned
|rule|Moody Clause: Moody is banned
|rule|Evasion Moves Clause: Evasion moves are banned
|rule|Endless Battle Clause: Forcing endless battles is banned
|rule|HP Percentage Mod: HP is shown in percentages
|clearpoke
|poke|p1|Cresselia, F, shiny
|poke|p1|Dugtrio, F
|poke|p1|Granbull, M
|poke|p1|Vaporeon, F
|poke|p1|Forretress, M
|poke|p1|Aerodactyl, F
|poke|p2|Alakazam, F
|poke|p2|Empoleon, F
|poke|p2|Aerodactyl, F
|poke|p2|Goodra, F
|poke|p2|Toxicroak, M
|poke|p2|Rotom-Heat
|rule|Swagger Clause: Swagger is banned
|rule|Baton Pass Clause: Limit one PokÃ©mon knowing Baton Pass
|teampreview
|
|start
|switch|p1a: Aerodactyl|Aerodactyl, F|301\/301
|switch|p2a: Empoleon|Empoleon, F|372\/372
|-ability|p1a: Aerodactyl|Pressure
|turn|1
|
|detailschange|p1a: Aerodactyl|Aerodactyl-Mega, F
|message|Aerodactyl has Mega Evolved into Mega Aerodactyl!
|move|p1a: Aerodactyl|Earthquake|p2a: Empoleon
|-supereffective|p2a: Empoleon
|-damage|p2a: Empoleon|182\/372
|move|p2a: Empoleon|Scald|p1a: Aerodactyl
|-supereffective|p1a: Aerodactyl
|-damage|p1a: Aerodactyl|91\/301
|
|-heal|p2a: Empoleon|205\/372|[from] item: Leftovers
|turn|2
|
|switch|p2a: Rotom-Heat|Rotom-Heat|241\/241
|move|p1a: Aerodactyl|Earthquake|p2a: Rotom-Heat
|-immune|p2a: Rotom-Heat|[msg]
|
|turn|3
|
|move|p1a: Aerodactyl|Stone Edge|p2a: Rotom-Heat
|-supereffective|p2a: Rotom-Heat
|-damage|p2a: Rotom-Heat|0 fnt
|faint|p2a: Rotom-Heat
|
|
|switch|p2a: Toxicroak|Toxicroak, M|307\/307
|turn|4
|
|move|p2a: Toxicroak|Sucker Punch|p1a: Aerodactyl
|-fail|p1a: Aerodactyl
|move|p1a: Aerodactyl|Roost|p1a: Aerodactyl
|-heal|p1a: Aerodactyl|242\/301
|
|turn|5
|
|move|p2a: Toxicroak|Sucker Punch|p1a: Aerodactyl
|-damage|p1a: Aerodactyl|108\/301
|-damage|p2a: Toxicroak|277\/307|[from] item: Life Orb
|move|p1a: Aerodactyl|Earthquake|p2a: Toxicroak
|-supereffective|p2a: Toxicroak
|-damage|p2a: Toxicroak|0 fnt
|faint|p2a: Toxicroak
|
|c|âPokeballsdeepinher|-,-
|-message|Pokeballsdeepinher forfeited.
|
|win|xMarth
|raw|Ladder updating...
|leave|xMarth
|player|p1
|raw|Ladder (probably) updated, but score could not be retrieved (timeout).
|raw|Ladder (probably) updated, but score could not be retrieved (Error: socket hang up).