|join|xMarth
|join|Daminto
|player|p1|xMarth|153
|player|p2|Daminto|87
|gametype|singles
|gen|6
|tier|UU
|rated
|rule|Sleep Clause Mod: Limit one foe put to sleep
|rule|Species Clause: Limit one of each PokÃ©mon
|rule|OHKO Clause: OHKO moves are banned
|rule|Moody Clause: Moody is banned
|rule|Evasion Moves Clause: Evasion moves are banned
|rule|Endless Battle Clause: Forcing endless battles is banned
|rule|HP Percentage Mod: HP is shown in percentages
|clearpoke
|poke|p1|Lopunny, M
|poke|p1|Hydreigon, F
|poke|p1|Jirachi, shiny
|poke|p1|Tentacruel, M
|poke|p1|Gligar, M
|poke|p1|Umbreon, M
|poke|p2|Sharpedo, M
|poke|p2|Nidoking, M
|poke|p2|Donphan, F
|poke|p2|Florges, F
|poke|p2|Lucario, F
|poke|p2|Hydreigon, M
|rule|Swagger Clause: Swagger is banned
|rule|Baton Pass Clause: Limit one PokÃ©mon knowing Baton Pass
|teampreview
|
|start
|switch|p1a: Lopunny|Lopunny, M|271\/271
|switch|p2a: Nidoking|Nidoking, M|304\/304
|turn|1
|
|switch|p2a: Donphan|Donphan, F|384\/384
|detailschange|p1a: Lopunny|Lopunny-Mega, M
|message|Lopunny has Mega Evolved into Mega Lopunny!
|move|p1a: Lopunny|Frustration|p2a: Donphan
|-damage|p2a: Donphan|258\/384
|
|-heal|p2a: Donphan|282\/384|[from] item: Leftovers
|turn|2
|
|move|p1a: Lopunny|Substitute|p1a: Lopunny
|-start|p1a: Lopunny|Substitute
|-damage|p1a: Lopunny|204\/271
|move|p2a: Donphan|Stealth Rock|p1a: Lopunny
|-sidestart|p1: xMarth|move: Stealth Rock
|
|-heal|p2a: Donphan|306\/384|[from] item: Leftovers
|turn|3
|
|move|p1a: Lopunny|Encore|p2a: Donphan
|-start|p2a: Donphan|Encore
|move|p2a: Donphan|Stealth Rock|p1a: Lopunny
|-fail|p1a: Lopunny
|
|-heal|p2a: Donphan|330\/384|[from] item: Leftovers
|turn|4
|
|switch|p2a: Lucario|Lucario, F|281\/281
|move|p1a: Lopunny|Frustration|p2a: Lucario
|-resisted|p2a: Lucario
|-damage|p2a: Lucario|158\/281
|
|turn|5
|
|move|p2a: Lucario|Extreme Speed|p1a: Lopunny
|-end|p1a: Lopunny|Substitute
|-damage|p2a: Lucario|130\/281|[from] item: Life Orb
|move|p1a: Lopunny|High Jump Kick|p2a: Lucario
|-supereffective|p2a: Lucario
|-damage|p2a: Lucario|0 fnt
|faint|p2a: Lucario
|
|
|switch|p2a: Hydreigon|Hydreigon, M|325\/325
|turn|6
|
|move|p2a: Hydreigon|U-turn|p1a: Lopunny
|-crit|p1a: Lopunny
|-resisted|p1a: Lopunny
|-damage|p1a: Lopunny|161\/271
|join|meeowiekins
|
|switch|p2a: Florges|Florges, F|360\/360
|move|p1a: Lopunny|High Jump Kick|p2a: Florges
|-resisted|p2a: Florges
|-damage|p2a: Florges|199\/360
|
|-heal|p2a: Florges|221\/360|[from] item: Leftovers
|turn|7
|c|âxMarth|ah scarf
|
|move|p1a: Lopunny|Frustration|p2a: Florges
|-damage|p2a: Florges|0 fnt
|faint|p2a: Florges
|
|c| meeowiekins|is this the set you were talking about in the thread?
|
|switch|p2a: Hydreigon|Hydreigon, M|325\/325
|turn|8
|c|âxMarth|ya
|
|switch|p1a: Tentacruel|Tentacruel, M|364\/364
|-damage|p1a: Tentacruel|319\/364|[from] Stealth Rock
|move|p2a: Hydreigon|Draco Meteor|p1a: Tentacruel
|-damage|p1a: Tentacruel|123\/364
|-unboost|p2a: Hydreigon|spa|2
|
|-heal|p1a: Tentacruel|145\/364|[from] item: Black Sludge
|turn|9
|
|switch|p2a: Nidoking|Nidoking, M|304\/304
|move|p1a: Tentacruel|Rapid Spin|p2a: Nidoking
|-damage|p2a: Nidoking|291\/304
|-sideend|p1: xMarth|Stealth Rock|[from] move: Rapid Spin|[of] p1a: Tentacruel
|
|-heal|p1a: Tentacruel|167\/364|[from] item: Black Sludge
|turn|10
|
|switch|p1a: Umbreon|Umbreon, M|394\/394
|move|p2a: Nidoking|Ice Beam|p1a: Umbreon
|-damage|p1a: Umbreon|311\/394
|
|-heal|p1a: Umbreon|335\/394|[from] item: Leftovers
|turn|11
|
|switch|p2a: Donphan|Donphan, F|330\/384
|move|p1a: Umbreon|Foul Play|p2a: Donphan
|-damage|p2a: Donphan|245\/384
|
|-heal|p1a: Umbreon|359\/394|[from] item: Leftovers
|-heal|p2a: Donphan|269\/384|[from] item: Leftovers
|turn|12
|
|switch|p1a: Lopunny|Lopunny-Mega, M|161\/271
|move|p2a: Donphan|Earthquake|p1a: Lopunny
|-damage|p1a: Lopunny|7\/271
|
|-heal|p2a: Donphan|293\/384|[from] item: Leftovers
|turn|13
|
|move|p1a: Lopunny|High Jump Kick|p2a: Donphan
|-damage|p2a: Donphan|154\/384
|move|p2a: Donphan|Knock Off|p1a: Lopunny
|-resisted|p1a: Lopunny
|-damage|p1a: Lopunny|0 fnt
|faint|p1a: Lopunny
|
|-heal|p2a: Donphan|178\/384|[from] item: Leftovers
|
|switch|p1a: Tentacruel|Tentacruel, M|167\/364
|turn|14
|
|move|p1a: Tentacruel|Scald|p2a: Donphan
|-supereffective|p2a: Donphan
|-damage|p2a: Donphan|0 fnt
|faint|p2a: Donphan
|
|-heal|p1a: Tentacruel|189\/364|[from] item: Black Sludge
|
|switch|p2a: Nidoking|Nidoking, M|291\/304
|turn|15
|
|switch|p1a: Umbreon|Umbreon, M|359\/394
|move|p2a: Nidoking|Earth Power|p1a: Umbreon
|-damage|p1a: Umbreon|229\/394
|
|-heal|p1a: Umbreon|253\/394|[from] item: Leftovers
|turn|16
|
|move|p2a: Nidoking|Sludge Wave|p1a: Umbreon
|-damage|p1a: Umbreon|123\/394
|move|p1a: Umbreon|Wish|p1a: Umbreon
|
|-heal|p1a: Umbreon|147\/394|[from] item: Leftovers
|turn|17
|
|move|p1a: Umbreon|Protect|p1a: Umbreon
|-singleturn|p1a: Umbreon|Protect
|move|p2a: Nidoking|Earth Power|p1a: Umbreon
|-activate|p1a: Umbreon|Protect
|
|-heal|p1a: Umbreon|344\/394|[from] move: Wish|[wisher] Umbreon
|-heal|p1a: Umbreon|368\/394|[from] item: Leftovers
|turn|18
|
|switch|p2a: Sharpedo|Sharpedo, M|295\/295
|move|p1a: Umbreon|Wish|p1a: Umbreon
|
|-heal|p1a: Umbreon|392\/394|[from] item: Leftovers
|turn|19
|
|switch|p1a: Tentacruel|Tentacruel, M|189\/364
|move|p2a: Sharpedo|Waterfall|p1a: Tentacruel
|-resisted|p1a: Tentacruel
|-damage|p1a: Tentacruel|123\/364
|
|-heal|p1a: Tentacruel|320\/364|[from] move: Wish|[wisher] Umbreon
|-heal|p1a: Tentacruel|342\/364|[from] item: Black Sludge
|-boost|p2a: Sharpedo|spe|1|[from] ability: Speed Boost
|turn|20
|
|switch|p2a: Hydreigon|Hydreigon, M|325\/325
|move|p1a: Tentacruel|Toxic|p2a: Hydreigon
|-status|p2a: Hydreigon|tox
|
|-heal|p1a: Tentacruel|364\/364|[from] item: Black Sludge
|-damage|p2a: Hydreigon|305\/325 tox|[from] psn
|turn|21
|
|switch|p1a: Umbreon|Umbreon, M|392\/394
|move|p2a: Hydreigon|U-turn|p1a: Umbreon
|-supereffective|p1a: Umbreon
|-damage|p1a: Umbreon|290\/394
|
|switch|p2a: Sharpedo|Sharpedo, M|295\/295
|
|-heal|p1a: Umbreon|314\/394|[from] item: Leftovers
|turn|22
|
|move|p2a: Sharpedo|Waterfall|p1a: Umbreon
|-damage|p1a: Umbreon|173\/394
|move|p1a: Umbreon|Wish|p1a: Umbreon
|
|-heal|p1a: Umbreon|197\/394|[from] item: Leftovers
|-boost|p2a: Sharpedo|spe|1|[from] ability: Speed Boost
|turn|23
|
|move|p2a: Sharpedo|Waterfall|p1a: Umbreon
|-damage|p1a: Umbreon|61\/394
|move|p1a: Umbreon|Foul Play|p2a: Sharpedo
|-resisted|p2a: Sharpedo
|-damage|p2a: Sharpedo|122\/295
|
|-heal|p1a: Umbreon|258\/394|[from] move: Wish|[wisher] Umbreon
|-heal|p1a: Umbreon|282\/394|[from] item: Leftovers
|-boost|p2a: Sharpedo|spe|1|[from] ability: Speed Boost
|turn|24
|c| meeowiekins|oof
|join|Cell in a Hell
|c|âxMarth|ya umby walls megapedo
|
|move|p2a: Sharpedo|Waterfall|p1a: Umbreon
|-damage|p1a: Umbreon|143\/394
|move|p1a: Umbreon|Wish|p1a: Umbreon
|
|-heal|p1a: Umbreon|167\/394|[from] item: Leftovers
|-boost|p2a: Sharpedo|spe|1|[from] ability: Speed Boost
|turn|25
|
|move|p1a: Umbreon|Protect|p1a: Umbreon
|-singleturn|p1a: Umbreon|Protect
|move|p2a: Sharpedo|Waterfall|p1a: Umbreon
|-activate|p1a: Umbreon|Protect
|
|-heal|p1a: Umbreon|364\/394|[from] move: Wish|[wisher] Umbreon
|-heal|p1a: Umbreon|388\/394|[from] item: Leftovers
|-boost|p2a: Sharpedo|spe|1|[from] ability: Speed Boost
|turn|26
|-message|Daminto forfeited.
|
|win|xMarth
|raw|Ladder updating...
|leave|Daminto
|player|p2
|c| meeowiekins|didnt
|raw|xMarth's rating: 1531 &rarr; <strong>1543<\/strong><br \/>(+12 for winning)
|raw|Daminto's rating: 1366 &rarr; <strong>1355<\/strong><br \/>(-11 for losing)
|c| meeowiekins|even Mega
|c|âxMarth|needed speeds
|c| meeowiekins|but like
|c| meeowiekins|after +3
|c|âxMarth|ya idk lol
|c| meeowiekins|lol