|join|Sowwy
|join|xMarth
|player|p1|Sowwy|161
|player|p2|xMarth|153
|gametype|singles
|gen|6
|tier|UU
|rated
|rule|Sleep Clause Mod: Limit one foe put to sleep
|rule|Species Clause: Limit one of each PokÃ©mon
|rule|OHKO Clause: OHKO moves are banned
|rule|Moody Clause: Moody is banned
|rule|Evasion Moves Clause: Evasion moves are banned
|rule|Endless Battle Clause: Forcing endless battles is banned
|rule|HP Percentage Mod: HP is shown in percentages
|clearpoke
|poke|p1|Crobat, F
|poke|p1|Nidoqueen, F
|poke|p1|Darmanitan, M
|poke|p1|Aromatisse, F
|poke|p1|Gallade, M
|poke|p1|Hydreigon, M
|poke|p2|Volcarona, M
|poke|p2|Blastoise, F
|poke|p2|Salamence, F
|poke|p2|Bronzong
|poke|p2|Nidoqueen, F
|poke|p2|Florges, F
|rule|Swagger Clause: Swagger is banned
|rule|Baton Pass Clause: Limit one PokÃ©mon knowing Baton Pass
|teampreview
|join|KingT9722
|
|start
|switch|p1a: Darmanitan|Darmanitan, M|351\/351
|switch|p2a: Blastoise|Blastoise, F|345\/345
|turn|1
|
|detailschange|p2a: Blastoise|Blastoise-Mega, F
|message|Blastoise has Mega Evolved into Mega Blastoise!
|move|p1a: Darmanitan|U-turn|p2a: Blastoise
|-damage|p2a: Blastoise|273\/345
|
|switch|p1a: Hydreigon|Hydreigon, M|325\/325
|move|p2a: Blastoise|Hydro Pump|p1a: Hydreigon
|-resisted|p1a: Hydreigon
|-damage|p1a: Hydreigon|206\/325
|
|turn|2
|
|move|p1a: Hydreigon|Draco Meteor|p2a: Blastoise
|-damage|p2a: Blastoise|0 fnt
|-unboost|p1a: Hydreigon|spa|2
|-damage|p1a: Hydreigon|174\/325|[from] item: Life Orb
|faint|p2a: Blastoise
|
|
|switch|p2a: Volcarona|Volcarona, M|312\/312
|turn|3
|
|switch|p1a: Darmanitan|Darmanitan, M|351\/351
|move|p2a: Volcarona|Quiver Dance|p2a: Volcarona
|-boost|p2a: Volcarona|spa|1
|-boost|p2a: Volcarona|spd|1
|-boost|p2a: Volcarona|spe|1
|
|turn|4
|
|move|p2a: Volcarona|Hidden Power|p1a: Darmanitan
|-supereffective|p1a: Darmanitan
|-damage|p1a: Darmanitan|0 fnt
|-damage|p2a: Volcarona|281\/312|[from] item: Life Orb
|faint|p1a: Darmanitan
|
|c|âSowwy|nice and timid
|
|switch|p1a: Crobat|Crobat, F|373\/373
|turn|5
|
|move|p2a: Volcarona|Fire Blast|p1a: Crobat
|-damage|p1a: Crobat|0 fnt
|-damage|p2a: Volcarona|250\/312|[from] item: Life Orb
|faint|p1a: Crobat
|
|
|switch|p1a: Nidoqueen|Nidoqueen, F|351\/351
|turn|6
|c|âSowwy|its all ogre
|
|move|p2a: Volcarona|Fire Blast|p1a: Nidoqueen
|-damage|p1a: Nidoqueen|0 fnt
|-damage|p2a: Volcarona|219\/312|[from] item: Life Orb
|faint|p1a: Nidoqueen
|
|c|âxMarth|borked
|
|switch|p1a: Gallade|Gallade, M|277\/277
|turn|7
|c|âSowwy|not bork
|c|âSowwy|at all
|
|detailschange|p1a: Gallade|Gallade-Mega, M
|message|Gallade has Mega Evolved into Mega Gallade!
|move|p2a: Volcarona|Fire Blast|p1a: Gallade
|-damage|p1a: Gallade|0 fnt
|-damage|p2a: Volcarona|188\/312|[from] item: Life Orb
|faint|p1a: Gallade
|
|
|switch|p1a: Aromatisse|Aromatisse, F|404\/404
|turn|8
|
|move|p2a: Volcarona|Fire Blast|p1a: Aromatisse
|-damage|p1a: Aromatisse|0 fnt
|-damage|p2a: Volcarona|157\/312|[from] item: Life Orb
|faint|p1a: Aromatisse
|
|
|switch|p1a: Hydreigon|Hydreigon, M|174\/325
|turn|9
|
|move|p2a: Volcarona|Bug Buzz|p1a: Hydreigon
|-supereffective|p1a: Hydreigon
|-damage|p1a: Hydreigon|0 fnt
|-damage|p2a: Volcarona|126\/312|[from] item: Life Orb
|faint|p1a: Hydreigon
|
|win|xMarth
|raw|Ladder updating...
|raw|Sowwy's rating: 1459 &rarr; <strong>1442<\/strong><br \/>(-17 for losing)
|raw|xMarth's rating: 1503 &rarr; <strong>1520<\/strong><br \/>(+17 for winning)
|c|âSowwy|this was fun
|leave|KingT9722
|leave|Sowwy
|player|p1
|c|âxMarth|evidnence to ban it dw