|join|Beastly
|join|xMarth
|player|p1|Beastly|89
|player|p2|xMarth|153
|gametype|singles
|gen|6
|tier|UU
|rule|Sleep Clause Mod: Limit one foe put to sleep
|rule|Species Clause: Limit one of each PokÃ©mon
|rule|OHKO Clause: OHKO moves are banned
|rule|Moody Clause: Moody is banned
|rule|Evasion Moves Clause: Evasion moves are banned
|rule|Endless Battle Clause: Forcing endless battles is banned
|rule|HP Percentage Mod: HP is shown in percentages
|clearpoke
|poke|p1|Toxicroak, M
|poke|p1|Chandelure, M
|poke|p1|Blastoise, M
|poke|p1|Florges, F
|poke|p1|Hippowdon, F
|poke|p1|Hydreigon, F
|poke|p2|Togekiss, M, shiny
|poke|p2|Alakazam, F
|poke|p2|Krookodile, M
|poke|p2|Empoleon, M
|poke|p2|Arcanine, M
|poke|p2|Whimsicott, M
|rule|Swagger Clause: Swagger is banned
|rule|Baton Pass Clause: Limit one PokÃ©mon knowing Baton Pass
|teampreview
|join|daD s'daD?
|join|ElNovaDragone
|c|âBeastly|gl hf
|c|âxMarth|u2
|join|Emma Bae â¥
|join|talkingtree
|
|start
|switch|p1a: Blastoise|Blastoise, M|362\/362
|switch|p2a: Whimsicott|Whimsicott, M|261\/261
|turn|1
|
|detailschange|p1a: Blastoise|Blastoise-Mega, M
|message|Blastoise has Mega Evolved into Mega Blastoise!
|move|p2a: Whimsicott|U-turn|p1a: Blastoise
|-damage|p1a: Blastoise|341\/362
|join|Kyla's Nightmare
|
|switch|p2a: Togekiss|Togekiss, M, shiny|373\/373
|move|p1a: Blastoise|Scald|p2a: Togekiss
|-damage|p2a: Togekiss|265\/373
|-status|p2a: Togekiss|brn
|
|-heal|p2a: Togekiss|288\/373 brn|[from] item: Leftovers
|-damage|p2a: Togekiss|242\/373 brn|[from] brn
|turn|2
|join|Eyan
|
|switch|p1a: Chandelure|Chandelure, M|261\/261
|move|p2a: Togekiss|Nasty Plot|p2a: Togekiss
|-boost|p2a: Togekiss|spa|2
|
|-heal|p2a: Togekiss|265\/373 brn|[from] item: Leftovers
|-damage|p2a: Togekiss|219\/373 brn|[from] brn
|turn|3
|join|kmoose
|join|Tipsy Russian
|join|Thrasher233
|
|move|p1a: Chandelure|Substitute|p1a: Chandelure
|-start|p1a: Chandelure|Substitute
|-damage|p1a: Chandelure|196\/261
|move|p2a: Togekiss|Baton Pass|p2a: Togekiss
|
|switch|p2a: Whimsicott|Whimsicott, M|261\/261
|
|turn|4
|
|switch|p1a: Florges|Florges, F|360\/360
|move|p2a: Whimsicott|Encore|p1a: Florges
|-fail|p1a: Florges
|
|turn|5
|
|move|p2a: Whimsicott|Moonblast|p1a: Florges
|-damage|p1a: Florges|186\/360
|move|p1a: Florges|Moonblast|p2a: Whimsicott
|-damage|p2a: Whimsicott|110\/261
|
|-heal|p2a: Whimsicott|126\/261|[from] item: Leftovers
|-heal|p1a: Florges|208\/360|[from] item: Leftovers
|turn|6
|c|âBeastly|mines is doing more
|c|âBeastly|nb
|
|move|p2a: Whimsicott|Giga Drain|p1a: Florges
|-damage|p1a: Florges|73\/360
|-heal|p2a: Whimsicott|194\/261|[from] drain|[of] p1a: Florges
|move|p1a: Florges|Moonblast|p2a: Whimsicott
|-damage|p2a: Whimsicott|25\/261
|
|-heal|p2a: Whimsicott|41\/261|[from] item: Leftovers
|-heal|p1a: Florges|95\/360|[from] item: Leftovers
|turn|7
|join|Cyndequil
|
|switch|p1a: Chandelure|Chandelure, M|196\/261
|move|p2a: Whimsicott|Giga Drain|p1a: Chandelure
|-resisted|p1a: Chandelure
|-damage|p1a: Chandelure|96\/261
|-heal|p2a: Whimsicott|91\/261|[from] drain|[of] p1a: Chandelure
|
|-heal|p2a: Whimsicott|107\/261|[from] item: Leftovers
|turn|8
|
|move|p2a: Whimsicott|Moonblast|p1a: Chandelure
|-resisted|p1a: Chandelure
|-damage|p1a: Chandelure|0 fnt
|faint|p1a: Chandelure
|
|-heal|p2a: Whimsicott|123\/261|[from] item: Leftovers
|
|switch|p1a: Hydreigon|Hydreigon, F|325\/325
|turn|9
|
|switch|p2a: Arcanine|Arcanine, M|383\/383
|-ability|p2a: Arcanine|Intimidate|[of] p1a: Hydreigon
|-unboost|p1a: Hydreigon|atk|1
|move|p1a: Hydreigon|U-turn|p2a: Arcanine
|-resisted|p2a: Arcanine
|-damage|p2a: Arcanine|367\/383
|-damage|p1a: Hydreigon|271\/325|[from] item: Rocky Helmet|[of] p2a: Arcanine
|
|switch|p1a: Blastoise|Blastoise-Mega, M|341\/362
|
|turn|10
|
|switch|p2a: Whimsicott|Whimsicott, M|123\/261
|move|p1a: Blastoise|Scald|p2a: Whimsicott
|-resisted|p2a: Whimsicott
|-damage|p2a: Whimsicott|51\/261
|
|-heal|p2a: Whimsicott|67\/261|[from] item: Leftovers
|turn|11
|
|switch|p1a: Toxicroak|Toxicroak, M|308\/308
|move|p2a: Whimsicott|Giga Drain|p1a: Toxicroak
|-resisted|p1a: Toxicroak
|-damage|p1a: Toxicroak|238\/308
|-heal|p2a: Whimsicott|102\/261|[from] drain|[of] p1a: Toxicroak
|
|-heal|p2a: Whimsicott|118\/261|[from] item: Leftovers
|turn|12
|
|move|p2a: Whimsicott|Moonblast|p1a: Toxicroak
|-damage|p1a: Toxicroak|76\/308
|-unboost|p1a: Toxicroak|spa|1
|move|p1a: Toxicroak|Gunk Shot|p2a: Whimsicott
|-supereffective|p2a: Whimsicott
|-damage|p2a: Whimsicott|0 fnt
|-damage|p1a: Toxicroak|46\/308|[from] item: Life Orb
|faint|p2a: Whimsicott
|
|join|Mapsy
|
|switch|p2a: Krookodile|Krookodile, M|331\/331
|-ability|p2a: Krookodile|Intimidate|[of] p1a: Toxicroak
|-unboost|p1a: Toxicroak|atk|1
|turn|13
|
|switch|p1a: Blastoise|Blastoise-Mega, M|341\/362
|move|p2a: Krookodile|Knock Off|p1a: Blastoise
|-damage|p1a: Blastoise|230\/362
|
|turn|14
|
|switch|p2a: Togekiss|Togekiss, M, shiny|219\/373 brn
|move|p1a: Blastoise|Scald|p2a: Togekiss
|-damage|p2a: Togekiss|111\/373 brn
|
|-heal|p2a: Togekiss|134\/373 brn|[from] item: Leftovers
|-damage|p2a: Togekiss|88\/373 brn|[from] brn
|turn|15
|
|switch|p1a: Toxicroak|Toxicroak, M|46\/308
|move|p2a: Togekiss|Roost|p2a: Togekiss
|-heal|p2a: Togekiss|275\/373 brn
|
|-heal|p2a: Togekiss|298\/373 brn|[from] item: Leftovers
|-damage|p2a: Togekiss|252\/373 brn|[from] brn
|turn|16
|
|switch|p2a: Arcanine|Arcanine, M|367\/383
|-ability|p2a: Arcanine|Intimidate|[of] p1a: Toxicroak
|-unboost|p1a: Toxicroak|atk|1
|move|p1a: Toxicroak|Gunk Shot|p2a: Arcanine
|-damage|p2a: Arcanine|214\/383
|-damage|p1a: Toxicroak|16\/308|[from] item: Life Orb
|
|turn|17
|
|move|p2a: Arcanine|Extreme Speed|p1a: Toxicroak
|-damage|p1a: Toxicroak|0 fnt
|faint|p1a: Toxicroak
|
|
|switch|p1a: Blastoise|Blastoise-Mega, M|230\/362
|turn|18
|
|switch|p2a: Togekiss|Togekiss, M, shiny|252\/373 brn
|move|p1a: Blastoise|Scald|p2a: Togekiss
|-damage|p2a: Togekiss|147\/373 brn
|
|-heal|p2a: Togekiss|170\/373 brn|[from] item: Leftovers
|-damage|p2a: Togekiss|124\/373 brn|[from] brn
|turn|19
|
|switch|p1a: Hippowdon|Hippowdon, F|420\/420
|-weather|Sandstorm
|move|p2a: Togekiss|Roost|p2a: Togekiss
|-heal|p2a: Togekiss|311\/373 brn
|
|-weather|Sandstorm|[upkeep]
|-damage|p2a: Togekiss|288\/373 brn|[from] sandstorm
|-heal|p2a: Togekiss|311\/373 brn|[from] item: Leftovers
|-damage|p2a: Togekiss|265\/373 brn|[from] brn
|turn|20
|join|Ill leave
|
|move|p2a: Togekiss|Nasty Plot|p2a: Togekiss
|-boost|p2a: Togekiss|spa|2
|move|p1a: Hippowdon|Roar|p2a: Togekiss
|drag|p2a: Arcanine|Arcanine, M|214\/383
|-ability|p2a: Arcanine|Intimidate|[of] p1a: Hippowdon
|-unboost|p1a: Hippowdon|atk|1
|
|-weather|Sandstorm|[upkeep]
|-damage|p2a: Arcanine|191\/383|[from] sandstorm
|turn|21
|
|switch|p1a: Blastoise|Blastoise-Mega, M|230\/362
|move|p2a: Arcanine|Will-O-Wisp|p1a: Blastoise
|-status|p1a: Blastoise|brn
|
|-weather|Sandstorm|[upkeep]
|-damage|p2a: Arcanine|168\/383|[from] sandstorm
|-damage|p1a: Blastoise|208\/362 brn|[from] sandstorm
|-damage|p1a: Blastoise|163\/362 brn|[from] brn
|turn|22
|
|switch|p2a: Togekiss|Togekiss, M, shiny|265\/373 brn
|move|p1a: Blastoise|Scald|p2a: Togekiss
|-damage|p2a: Togekiss|171\/373 brn
|
|-weather|Sandstorm|[upkeep]
|-damage|p2a: Togekiss|148\/373 brn|[from] sandstorm
|-damage|p1a: Blastoise|141\/362 brn|[from] sandstorm
|-heal|p2a: Togekiss|171\/373 brn|[from] item: Leftovers
|-damage|p1a: Blastoise|96\/362 brn|[from] brn
|-damage|p2a: Togekiss|125\/373 brn|[from] brn
|turn|23
|join|gorex
|
|move|p1a: Blastoise|Scald|p2a: Togekiss
|-damage|p2a: Togekiss|32\/373 brn
|move|p2a: Togekiss|Air Slash|p1a: Blastoise
|-damage|p1a: Blastoise|6\/362 brn
|
|-weather|none
|-heal|p2a: Togekiss|55\/373 brn|[from] item: Leftovers
|-damage|p1a: Blastoise|0 fnt|[from] brn
|-damage|p2a: Togekiss|9\/373 brn|[from] brn
|faint|p1a: Blastoise
|join|watfor
|
|switch|p1a: Hydreigon|Hydreigon, F|271\/325
|turn|24
|
|move|p1a: Hydreigon|U-turn|p2a: Togekiss
|-resisted|p2a: Togekiss
|-damage|p2a: Togekiss|0 fnt
|faint|p2a: Togekiss
|join|newflen
|
|switch|p1a: Hippowdon|Hippowdon, F|420\/420
|-weather|Sandstorm
|
|-weather|Sandstorm|[upkeep]
|
|switch|p2a: Arcanine|Arcanine, M|168\/383
|-ability|p2a: Arcanine|Intimidate|[of] p1a: Hippowdon
|-unboost|p1a: Hippowdon|atk|1
|turn|25
|leave|ElNovaDragone
|
|switch|p1a: Florges|Florges, F|95\/360
|move|p2a: Arcanine|Will-O-Wisp|p1a: Florges
|-status|p1a: Florges|brn
|
|-weather|Sandstorm|[upkeep]
|-damage|p2a: Arcanine|145\/383|[from] sandstorm
|-damage|p1a: Florges|73\/360 brn|[from] sandstorm
|-heal|p1a: Florges|95\/360 brn|[from] item: Leftovers
|-damage|p1a: Florges|50\/360 brn|[from] brn
|turn|26
|
|move|p2a: Arcanine|Extreme Speed|p1a: Florges
|-damage|p1a: Florges|0 fnt
|faint|p1a: Florges
|
|-weather|Sandstorm|[upkeep]
|-damage|p2a: Arcanine|122\/383|[from] sandstorm
|
|switch|p1a: Hydreigon|Hydreigon, F|271\/325
|turn|27
|
|switch|p2a: Empoleon|Empoleon, M|372\/372
|move|p1a: Hydreigon|Dark Pulse|p2a: Empoleon
|-damage|p2a: Empoleon|267\/372
|
|-weather|Sandstorm|[upkeep]
|-damage|p1a: Hydreigon|251\/325|[from] sandstorm
|-heal|p2a: Empoleon|290\/372|[from] item: Leftovers
|turn|28
|join|ElNovaDragone
|
|move|p1a: Hydreigon|Dark Pulse|p2a: Empoleon
|-damage|p2a: Empoleon|187\/372
|move|p2a: Empoleon|Stealth Rock|p1a: Hydreigon
|-sidestart|p1: Beastly|move: Stealth Rock
|
|-weather|none
|-heal|p2a: Empoleon|210\/372|[from] item: Leftovers
|turn|29
|
|switch|p2a: Krookodile|Krookodile, M|331\/331
|-ability|p2a: Krookodile|Intimidate|[of] p1a: Hydreigon
|-unboost|p1a: Hydreigon|atk|1
|move|p1a: Hydreigon|Dark Pulse|p2a: Krookodile
|-resisted|p2a: Krookodile
|-damage|p2a: Krookodile|238\/331
|
|turn|30
|join|veludwig
|
|switch|p1a: Hippowdon|Hippowdon, F|420\/420
|-damage|p1a: Hippowdon|394\/420|[from] Stealth Rock
|-weather|Sandstorm
|move|p2a: Krookodile|Knock Off|p1a: Hippowdon
|-damage|p1a: Hippowdon|243\/420
|-enditem|p1a: Hippowdon|Leftovers|[from] move: Knock Off|[of] p2a: Krookodile
|
|-weather|Sandstorm|[upkeep]
|turn|31
|
|switch|p2a: Arcanine|Arcanine, M|122\/383
|-ability|p2a: Arcanine|Intimidate|[of] p1a: Hippowdon
|-unboost|p1a: Hippowdon|atk|1
|move|p1a: Hippowdon|Earthquake|p2a: Arcanine
|-supereffective|p2a: Arcanine
|-damage|p2a: Arcanine|0 fnt
|faint|p2a: Arcanine
|
|-weather|Sandstorm|[upkeep]
|
|switch|p2a: Empoleon|Empoleon, M|210\/372
|turn|32
|leave|Thrasher233
|
|switch|p1a: Hydreigon|Hydreigon, F|251\/325
|-damage|p1a: Hydreigon|211\/325|[from] Stealth Rock
|move|p2a: Empoleon|Scald|p1a: Hydreigon
|-resisted|p1a: Hydreigon
|-damage|p1a: Hydreigon|154\/325
|
|-weather|Sandstorm|[upkeep]
|-damage|p1a: Hydreigon|134\/325|[from] sandstorm
|-heal|p2a: Empoleon|233\/372|[from] item: Leftovers
|turn|33
|
|move|p1a: Hydreigon|Dark Pulse|p2a: Empoleon
|-damage|p2a: Empoleon|127\/372
|move|p2a: Empoleon|Scald|p1a: Hydreigon
|-resisted|p1a: Hydreigon
|-damage|p1a: Hydreigon|79\/325
|
|-weather|Sandstorm|[upkeep]
|-damage|p1a: Hydreigon|59\/325|[from] sandstorm
|-heal|p2a: Empoleon|150\/372|[from] item: Leftovers
|turn|34
|join|Dad's Dad
|join|newfrend
|join|Bud Hertz
|c|âBeastly|to win this game i have to rely on luck
|
|switch|p2a: Krookodile|Krookodile, M|238\/331
|-ability|p2a: Krookodile|Intimidate|[of] p1a: Hydreigon
|-unboost|p1a: Hydreigon|atk|1
|move|p1a: Hydreigon|Dark Pulse|p2a: Krookodile
|-resisted|p2a: Krookodile
|-damage|p2a: Krookodile|142\/331
|
|-weather|none
|turn|35
|c|âBeastly|or not
|
|move|p1a: Hydreigon|Dark Pulse|p2a: Krookodile
|-resisted|p2a: Krookodile
|-damage|p2a: Krookodile|46\/331
|move|p2a: Krookodile|Pursuit|p1a: Hydreigon
|-resisted|p1a: Hydreigon
|-damage|p1a: Hydreigon|0 fnt
|faint|p1a: Hydreigon
|
|
|switch|p1a: Hippowdon|Hippowdon, F|243\/420
|-damage|p1a: Hippowdon|217\/420|[from] Stealth Rock
|-weather|Sandstorm
|turn|36
|
|switch|p2a: Empoleon|Empoleon, M|150\/372
|move|p1a: Hippowdon|Slack Off|p1a: Hippowdon
|-heal|p1a: Hippowdon|420\/420
|
|-weather|Sandstorm|[upkeep]
|-heal|p2a: Empoleon|173\/372|[from] item: Leftovers
|turn|37
|
|move|p2a: Empoleon|Scald|p1a: Hippowdon
|-supereffective|p1a: Hippowdon
|-damage|p1a: Hippowdon|130\/420
|move|p1a: Hippowdon|Earthquake|p2a: Empoleon
|-supereffective|p2a: Empoleon
|-damage|p2a: Empoleon|0 fnt
|faint|p2a: Empoleon
|
|-weather|Sandstorm|[upkeep]
|c|âBeastly|gg
|c|âxMarth|gg
|
|switch|p2a: Alakazam|Alakazam, F|251\/251
|turn|38
|
|detailschange|p2a: Alakazam|Alakazam-Mega, F
|message|Alakazam has Mega Evolved into Mega Alakazam!
|-ability|p2a: Alakazam|Sand Stream|[from] ability: Trace|[of] p1a: Hippowdon
|move|p2a: Alakazam|Psychic|p1a: Hippowdon
|-damage|p1a: Hippowdon|0 fnt
|faint|p1a: Hippowdon
|
|win|xMarth
|leave|watfor