|join|xMarth
|join|blkppl
|player|p1|xMarth|153
|player|p2|blkppl|169
|gametype|singles
|gen|6
|tier|UU
|rated
|rule|Sleep Clause Mod: Limit one foe put to sleep
|rule|Species Clause: Limit one of each PokÃ©mon
|rule|OHKO Clause: OHKO moves are banned
|rule|Moody Clause: Moody is banned
|rule|Evasion Moves Clause: Evasion moves are banned
|rule|Endless Battle Clause: Forcing endless battles is banned
|rule|HP Percentage Mod: HP is shown in percentages
|clearpoke
|poke|p1|Houndoom, F
|poke|p1|Jirachi
|poke|p1|Shaymin
|poke|p1|Crobat, M
|poke|p1|Swampert, M
|poke|p1|Florges, F
|poke|p2|Metagross, shiny
|poke|p2|Hydreigon, F
|poke|p2|Celebi
|poke|p2|Crobat, M
|poke|p2|Swampert, F
|poke|p2|Lucario, M
|rule|Swagger Clause: Swagger is banned
|rule|Baton Pass Clause: Limit one PokÃ©mon knowing Baton Pass
|teampreview
|
|start
|switch|p1a: Swampert|Swampert, M|404\/404
|switch|p2a: Crobat|Crobat, M|343\/343
|turn|1
|
|move|p2a: Crobat|Taunt|p1a: Swampert
|-start|p1a: Swampert|move: Taunt
|cant|p1a: Swampert|move: Taunt|Stealth Rock
|
|turn|2
|
|switch|p2a: Celebi|Celebi|401\/401
|move|p1a: Swampert|Scald|p2a: Celebi
|-resisted|p2a: Celebi
|-damage|p2a: Celebi|372\/401
|
|turn|3
|
|switch|p1a: Crobat|Crobat, M|325\/325
|move|p2a: Celebi|Baton Pass|p2a: Celebi
|
|switch|p2a: Swampert|Swampert, F|401\/401
|
|turn|4
|
|move|p1a: Crobat|U-turn|p2a: Swampert
|-crit|p2a: Swampert
|-damage|p2a: Swampert|322\/401
|
|switch|p1a: Shaymin|Shaymin|341\/341
|move|p2a: Swampert|Stealth Rock|p1a: Shaymin
|-sidestart|p1: xMarth|move: Stealth Rock
|
|-heal|p2a: Swampert|347\/401|[from] item: Leftovers
|turn|5
|
|move|p2a: Swampert|Protect|p2a: Swampert
|-singleturn|p2a: Swampert|Protect
|move|p1a: Shaymin|Seed Flare|p2a: Swampert
|-activate|p2a: Swampert|Protect
|
|-heal|p2a: Swampert|372\/401|[from] item: Leftovers
|turn|6
|join|veludwig
|
|switch|p2a: Hydreigon|Hydreigon, F|325\/325
|move|p1a: Shaymin|Seed Flare|p2a: Hydreigon
|-resisted|p2a: Hydreigon
|-damage|p2a: Hydreigon|178\/325
|
|turn|7
|leave|veludwig
|
|switch|p1a: Florges|Florges, F|360\/360
|-damage|p1a: Florges|315\/360|[from] Stealth Rock
|move|p2a: Hydreigon|U-turn|p1a: Florges
|-resisted|p1a: Florges
|-damage|p1a: Florges|288\/360
|
|switch|p2a: Celebi|Celebi|372\/401
|
|-heal|p1a: Florges|310\/360|[from] item: Leftovers
|turn|8
|
|switch|p1a: Crobat|Crobat, M|325\/325
|-damage|p1a: Crobat|244\/325|[from] Stealth Rock
|move|p2a: Celebi|Swords Dance|p2a: Celebi
|-boost|p2a: Celebi|atk|2
|
|-heal|p1a: Crobat|264\/325|[from] item: Black Sludge
|turn|9
|
|move|p1a: Crobat|U-turn|p2a: Celebi
|-supereffective|p2a: Celebi
|-damage|p2a: Celebi|116\/401
|-enditem|p2a: Celebi|Weakness Policy
|-boost|p2a: Celebi|atk|2|[from] item: Weakness Policy
|-boost|p2a: Celebi|spa|2|[from] item: Weakness Policy
|
|switch|p1a: Houndoom|Houndoom, F|291\/291
|-damage|p1a: Houndoom|219\/291|[from] Stealth Rock
|move|p2a: Celebi|Baton Pass|p2a: Celebi
|
|switch|p2a: Crobat|Crobat, M|343\/343
|
|turn|10
|
|switch|p1a: Jirachi|Jirachi|341\/341
|-damage|p1a: Jirachi|320\/341|[from] Stealth Rock
|move|p2a: Crobat|Brave Bird|p1a: Jirachi
|-resisted|p1a: Jirachi
|-damage|p1a: Jirachi|83\/341
|-damage|p2a: Crobat|265\/343|[from] recoil|[of] p1a: Jirachi
|
|-heal|p2a: Crobat|286\/343|[from] item: Black Sludge
|turn|11
|
|move|p1a: Jirachi|Iron Head|p2a: Crobat
|-damage|p2a: Crobat|154\/343
|move|p2a: Crobat|Brave Bird|p1a: Jirachi
|-resisted|p1a: Jirachi
|-damage|p1a: Jirachi|0 fnt
|-damage|p2a: Crobat|127\/343|[from] recoil|[of] p1a: Jirachi
|faint|p1a: Jirachi
|
|-heal|p2a: Crobat|148\/343|[from] item: Black Sludge
|c|âxMarth|oh inner focus
|
|switch|p1a: Swampert|Swampert, M|404\/404
|-damage|p1a: Swampert|379\/404|[from] Stealth Rock
|turn|12
|c|âblkppl|ya
|
|move|p2a: Crobat|Brave Bird|p1a: Swampert
|-damage|p1a: Swampert|52\/404
|-damage|p2a: Crobat|40\/343|[from] recoil|[of] p1a: Swampert
|move|p1a: Swampert|Scald|p2a: Crobat
|-crit|p2a: Crobat
|-damage|p2a: Crobat|0 fnt
|faint|p2a: Crobat
|
|-heal|p1a: Swampert|77\/404|[from] item: Leftovers
|c|âxMarth|up to doge now
|join|Alldaalts
|
|switch|p2a: Metagross|Metagross, shiny|301\/301
|turn|13
|
|move|p2a: Metagross|Earthquake|p1a: Swampert
|-damage|p1a: Swampert|0 fnt
|-damage|p2a: Metagross|271\/301|[from] item: Life Orb
|faint|p1a: Swampert
|
|
|switch|p1a: Houndoom|Houndoom, F|219\/291
|-damage|p1a: Houndoom|147\/291|[from] Stealth Rock
|turn|14
|
|switch|p2a: Hydreigon|Hydreigon, F|178\/325
|detailschange|p1a: Houndoom|Houndoom-Mega, F
|message|Houndoom has Mega Evolved into Mega Houndoom!
|move|p1a: Houndoom|Dark Pulse|p2a: Hydreigon
|-resisted|p2a: Hydreigon
|-damage|p2a: Hydreigon|92\/325
|
|turn|15
|
|move|p2a: Hydreigon|Draco Meteor|p1a: Houndoom
|-damage|p1a: Houndoom|0 fnt
|-unboost|p2a: Hydreigon|spa|2
|faint|p1a: Houndoom
|
|
|switch|p1a: Crobat|Crobat, M|264\/325
|-damage|p1a: Crobat|183\/325|[from] Stealth Rock
|turn|16
|
|switch|p2a: Swampert|Swampert, F|372\/401
|move|p1a: Crobat|U-turn|p2a: Swampert
|-damage|p2a: Swampert|317\/401
|
|switch|p1a: Shaymin|Shaymin|341\/341
|-damage|p1a: Shaymin|299\/341|[from] Stealth Rock
|
|-heal|p2a: Swampert|342\/401|[from] item: Leftovers
|turn|17
|
|move|p2a: Swampert|Protect|p2a: Swampert
|-singleturn|p2a: Swampert|Protect
|move|p1a: Shaymin|Seed Flare|p2a: Swampert
|-activate|p2a: Swampert|Protect
|
|-heal|p2a: Swampert|367\/401|[from] item: Leftovers
|turn|18
|
|switch|p2a: Celebi|Celebi|116\/401
|move|p1a: Shaymin|Seed Flare|p2a: Celebi
|-resisted|p2a: Celebi
|-damage|p2a: Celebi|7\/401
|
|turn|19
|
|move|p1a: Shaymin|Seed Flare|p2a: Celebi
|-resisted|p2a: Celebi
|-damage|p2a: Celebi|0 fnt
|faint|p2a: Celebi
|
|
|switch|p2a: Lucario|Lucario, M|281\/281
|turn|20
|
|move|p1a: Shaymin|Seed Flare|p2a: Lucario
|-resisted|p2a: Lucario
|-damage|p2a: Lucario|116\/281
|move|p2a: Lucario|Close Combat|p1a: Shaymin
|-damage|p1a: Shaymin|21\/341
|-unboost|p2a: Lucario|def|1
|-unboost|p2a: Lucario|spd|1
|-damage|p2a: Lucario|88\/281|[from] item: Life Orb
|
|turn|21
|
|move|p2a: Lucario|Extreme Speed|p1a: Shaymin
|-damage|p1a: Shaymin|0 fnt
|-damage|p2a: Lucario|60\/281|[from] item: Life Orb
|faint|p1a: Shaymin
|
|
|switch|p1a: Florges|Florges, F|310\/360
|-damage|p1a: Florges|265\/360|[from] Stealth Rock
|turn|22
|
|move|p2a: Lucario|Swords Dance|p2a: Lucario
|-boost|p2a: Lucario|atk|2
|move|p1a: Florges|Moonblast|p2a: Lucario
|-damage|p2a: Lucario|0 fnt
|faint|p2a: Lucario
|
|-heal|p1a: Florges|287\/360|[from] item: Leftovers
|
|switch|p2a: Metagross|Metagross, shiny|271\/301
|turn|23
|
|move|p2a: Metagross|Agility|p2a: Metagross
|-boost|p2a: Metagross|spe|2
|move|p1a: Florges|Moonblast|p2a: Metagross
|-resisted|p2a: Metagross
|-damage|p2a: Metagross|208\/301
|
|-heal|p1a: Florges|309\/360|[from] item: Leftovers
|turn|24
|join|LiberalLucario
|
|move|p2a: Metagross|Meteor Mash|p1a: Florges
|-supereffective|p1a: Florges
|-damage|p1a: Florges|0 fnt
|-damage|p2a: Metagross|178\/301|[from] item: Life Orb
|faint|p1a: Florges
|
|
|switch|p1a: Crobat|Crobat, M|183\/325
|-damage|p1a: Crobat|102\/325|[from] Stealth Rock
|turn|25
|c| LiberalLucario|tfw
|c|âblkppl|g_g
|c| LiberalLucario|marth lost to agilitygross
|
|move|p2a: Metagross|Zen Headbutt|p1a: Crobat
|-supereffective|p1a: Crobat
|-damage|p1a: Crobat|0 fnt
|-damage|p2a: Metagross|148\/301|[from] item: Life Orb
|faint|p1a: Crobat
|
|win|blkppl
|raw|Ladder updating...
|raw|xMarth's rating: 1686 &rarr; <strong>1662<\/strong><br \/>(-24 for losing)
|raw|blkppl's rating: 1606 &rarr; <strong>1631<\/strong><br \/>(+25 for winning)
|c|âxMarth|doge lost not marth
|c| LiberalLucario|oh ok
|c|âblkppl|lol
|c|âblkppl|he lost to celebi
|c|âblkppl|not meta
|c|âblkppl|:]
|leave|LiberalLucario
|c|âxMarth|yy
|c|âxMarth|gg
|c|âblkppl|gg
|leave|xMarth
|player|p1