|join|xMarth
|join|Sweep
|player|p1|xMarth|153
|player|p2|Sweep|275
|gametype|singles
|gen|6
|tier|UU
|rated
|rule|Sleep Clause Mod: Limit one foe put to sleep
|rule|Species Clause: Limit one of each PokÃ©mon
|rule|OHKO Clause: OHKO moves are banned
|rule|Moody Clause: Moody is banned
|rule|Evasion Moves Clause: Evasion moves are banned
|rule|Endless Battle Clause: Forcing endless battles is banned
|rule|HP Percentage Mod: HP is shown in percentages
|clearpoke
|poke|p1|Togetic, M
|poke|p1|Alakazam, M
|poke|p1|Alomomola, F
|poke|p1|Umbreon, M
|poke|p1|Nidoqueen, F
|poke|p1|Forretress, M
|poke|p2|Azelf
|poke|p2|Porygon2
|poke|p2|Raikou
|poke|p2|Krookodile, F
|poke|p2|Nidoqueen, F
|poke|p2|Aerodactyl, M
|rule|Swagger Clause: Swagger is banned
|rule|Baton Pass Clause: Limit one PokÃ©mon knowing Baton Pass
|teampreview
|
|start
|switch|p1a: Forretress|Forretress, M|354\/354
|switch|p2a: Azelf|Azelf|291\/291
|turn|1
|
|move|p2a: Azelf|Flamethrower|p1a: Forretress
|-supereffective|p1a: Forretress
|-damage|p1a: Forretress|0 fnt
|faint|p1a: Forretress
|
|c|âxMarth|ah the one guy
|
|switch|p1a: Umbreon|Umbreon, M|394\/394
|turn|2
|
|switch|p2a: Krookodile|Krookodile, F|331\/331
|-ability|p2a: Krookodile|Intimidate|[of] p1a: Umbreon
|-unboost|p1a: Umbreon|atk|1
|move|p1a: Umbreon|Foul Play|p2a: Krookodile
|-resisted|p2a: Krookodile
|-damage|p2a: Krookodile|230\/331
|
|turn|3
|
|switch|p1a: Alomomola|Alomomola, F|534\/534
|move|p2a: Krookodile|Stealth Rock|p1a: Alomomola
|-sidestart|p1: xMarth|move: Stealth Rock
|
|turn|4
|
|switch|p2a: Nidoqueen|Nidoqueen, F|329\/329
|move|p1a: Alomomola|Toxic|p2a: Nidoqueen
|-fail|p2a: Nidoqueen
|
|turn|5
|
|switch|p1a: Umbreon|Umbreon, M|394\/394
|-damage|p1a: Umbreon|345\/394|[from] Stealth Rock
|move|p2a: Nidoqueen|Ice Beam|p1a: Umbreon
|-damage|p1a: Umbreon|280\/394
|
|-heal|p1a: Umbreon|304\/394|[from] item: Leftovers
|turn|6
|
|move|p2a: Nidoqueen|Toxic Spikes|p1a: Umbreon
|-sidestart|p1: xMarth|move: Toxic Spikes
|move|p1a: Umbreon|Wish|p1a: Umbreon
|
|-heal|p1a: Umbreon|328\/394|[from] item: Leftovers
|turn|7
|
|switch|p2a: Raikou|Raikou|321\/321
|-ability|p2a: Raikou|Pressure
|move|p1a: Umbreon|Foul Play|p2a: Raikou
|-damage|p2a: Raikou|219\/321
|
|-heal|p1a: Umbreon|394\/394|[from] move: Wish|[wisher] Umbreon
|-heal|p2a: Raikou|239\/321|[from] item: Leftovers
|turn|8
|
|switch|p2a: Krookodile|Krookodile, F|230\/331
|-ability|p2a: Krookodile|Intimidate|[of] p1a: Umbreon
|-unboost|p1a: Umbreon|atk|1
|move|p1a: Umbreon|Foul Play|p2a: Krookodile
|-resisted|p2a: Krookodile
|-damage|p2a: Krookodile|125\/331
|
|turn|9
|
|switch|p1a: Nidoqueen|Nidoqueen, F|384\/384
|-damage|p1a: Nidoqueen|360\/384|[from] Stealth Rock
|-sideend|p1: xMarth|move: Toxic Spikes|[of] p1a: Nidoqueen
|move|p2a: Krookodile|Knock Off|p1a: Nidoqueen
|-damage|p1a: Nidoqueen|203\/384
|-enditem|p1a: Nidoqueen|Leftovers|[from] move: Knock Off|[of] p2a: Krookodile
|
|turn|10
|
|switch|p1a: Alomomola|Alomomola, F|534\/534
|-damage|p1a: Alomomola|468\/534|[from] Stealth Rock
|move|p2a: Krookodile|Earthquake|p1a: Alomomola
|-damage|p1a: Alomomola|323\/534
|
|turn|11
|
|move|p2a: Krookodile|Earthquake|p1a: Alomomola
|-damage|p1a: Alomomola|173\/534
|move|p1a: Alomomola|Scald|p2a: Krookodile
|-supereffective|p2a: Krookodile
|-damage|p2a: Krookodile|0 fnt
|faint|p2a: Krookodile
|
|
|switch|p2a: Raikou|Raikou|239\/321
|-ability|p2a: Raikou|Pressure
|turn|12
|
|switch|p1a: Umbreon|Umbreon, M|394\/394
|-damage|p1a: Umbreon|345\/394|[from] Stealth Rock
|move|p2a: Raikou|Calm Mind|p2a: Raikou
|-boost|p2a: Raikou|spa|1
|-boost|p2a: Raikou|spd|1
|
|-heal|p2a: Raikou|259\/321|[from] item: Leftovers
|-heal|p1a: Umbreon|369\/394|[from] item: Leftovers
|turn|13
|
|move|p2a: Raikou|Calm Mind|p2a: Raikou
|-boost|p2a: Raikou|spa|1
|-boost|p2a: Raikou|spd|1
|move|p1a: Umbreon|Foul Play|p2a: Raikou
|-damage|p2a: Raikou|139\/321
|
|-heal|p2a: Raikou|159\/321|[from] item: Leftovers
|-heal|p1a: Umbreon|393\/394|[from] item: Leftovers
|turn|14
|
|move|p2a: Raikou|Thunderbolt|p1a: Umbreon
|-damage|p1a: Umbreon|225\/394
|move|p1a: Umbreon|Foul Play|p2a: Raikou
|-damage|p2a: Raikou|39\/321
|
|-heal|p2a: Raikou|59\/321|[from] item: Leftovers
|-heal|p1a: Umbreon|249\/394|[from] item: Leftovers
|turn|15
|
|move|p2a: Raikou|Thunderbolt|p1a: Umbreon
|-damage|p1a: Umbreon|57\/394
|move|p1a: Umbreon|Foul Play|p2a: Raikou
|-damage|p2a: Raikou|0 fnt
|faint|p2a: Raikou
|
|-heal|p1a: Umbreon|81\/394|[from] item: Leftovers
|
|switch|p2a: Aerodactyl|Aerodactyl, M|301\/301
|turn|16
|
|detailschange|p2a: Aerodactyl|Aerodactyl-Mega, M
|message|Aerodactyl has Mega Evolved into Mega Aerodactyl!
|move|p2a: Aerodactyl|Earthquake|p1a: Umbreon
|-damage|p1a: Umbreon|0 fnt
|faint|p1a: Umbreon
|
|
|switch|p1a: Alomomola|Alomomola, F|351\/534
|-damage|p1a: Alomomola|285\/534|[from] Stealth Rock
|turn|17
|
|move|p2a: Aerodactyl|Taunt|p1a: Alomomola
|-start|p1a: Alomomola|move: Taunt
|cant|p1a: Alomomola|move: Taunt|Wish
|
|turn|18
|
|move|p2a: Aerodactyl|Stone Edge|p1a: Alomomola
|-damage|p1a: Alomomola|140\/534
|move|p1a: Alomomola|Scald|p2a: Aerodactyl
|-supereffective|p2a: Aerodactyl
|-damage|p2a: Aerodactyl|203\/301
|
|turn|19
|
|switch|p1a: Nidoqueen|Nidoqueen, F|203\/384
|-damage|p1a: Nidoqueen|179\/384|[from] Stealth Rock
|move|p2a: Aerodactyl|Stone Edge|p1a: Nidoqueen
|-resisted|p1a: Nidoqueen
|-damage|p1a: Nidoqueen|105\/384
|
|turn|20
|
|switch|p1a: Alomomola|Alomomola, F|318\/534
|-damage|p1a: Alomomola|252\/534|[from] Stealth Rock
|move|p2a: Aerodactyl|Earthquake|p1a: Alomomola
|-damage|p1a: Alomomola|146\/534
|
|turn|21
|
|move|p2a: Aerodactyl|Stone Edge|p1a: Alomomola
|-damage|p1a: Alomomola|0 fnt
|faint|p1a: Alomomola
|
|
|switch|p1a: Togetic|Togetic, M|313\/313
|-damage|p1a: Togetic|235\/313|[from] Stealth Rock
|turn|22
|
|move|p2a: Aerodactyl|Stone Edge|p1a: Togetic
|-supereffective|p1a: Togetic
|-damage|p1a: Togetic|0 fnt
|faint|p1a: Togetic
|
|
|switch|p1a: Broken|Alakazam, M|251\/251
|turn|23
|
|detailschange|p1a: Broken|Alakazam-Mega, M
|message|Alakazam has Mega Evolved into Mega Alakazam!
|-ability|p1a: Broken|Tough Claws|[from] ability: Trace|[of] p2a: Aerodactyl
|move|p1a: Broken|Protect|p1a: Broken
|-singleturn|p1a: Broken|Protect
|move|p2a: Aerodactyl|Stone Edge|p1a: Broken
|-activate|p1a: Broken|Protect
|
|turn|24
|
|move|p2a: Aerodactyl|Earthquake|p1a: Broken
|-damage|p1a: Broken|72\/251
|move|p1a: Broken|Psyshock|p2a: Aerodactyl
|-damage|p2a: Aerodactyl|14\/301
|
|turn|25
|
|move|p2a: Aerodactyl|Earthquake|p1a: Broken
|-damage|p1a: Broken|0 fnt
|faint|p1a: Broken
|
|
|switch|p1a: Nidoqueen|Nidoqueen, F|105\/384
|-damage|p1a: Nidoqueen|81\/384|[from] Stealth Rock
|turn|26
|c|âxMarth|ugh the speed ties too
|
|move|p2a: Aerodactyl|Earthquake|p1a: Nidoqueen
|-supereffective|p1a: Nidoqueen
|-damage|p1a: Nidoqueen|0 fnt
|faint|p1a: Nidoqueen
|
|win|Sweep
|raw|Ladder updating...
|raw|xMarth's rating: 1740 &rarr; <strong>1714<\/strong><br \/>(-26 for losing)
|raw|Sweep's rating: 1644 &rarr; <strong>1669<\/strong><br \/>(+25 for winning)