|join|xMarth
|join|Miss Noob
|player|p1|xMarth|153
|player|p2|Miss Noob|283
|gametype|singles
|gen|6
|tier|UU
|rated
|rule|Sleep Clause Mod: Limit one foe put to sleep
|rule|Species Clause: Limit one of each PokÃ©mon
|rule|OHKO Clause: OHKO moves are banned
|rule|Moody Clause: Moody is banned
|rule|Evasion Moves Clause: Evasion moves are banned
|rule|Endless Battle Clause: Forcing endless battles is banned
|rule|HP Percentage Mod: HP is shown in percentages
|clearpoke
|poke|p1|Volcarona, M
|poke|p1|Blastoise, M
|poke|p1|Salamence, M
|poke|p1|Bronzong
|poke|p1|Nidoqueen, F
|poke|p1|Florges, F
|poke|p2|Fletchinder, F, shiny
|poke|p2|Raikou, shiny
|poke|p2|Absol, M
|poke|p2|Donphan, M
|poke|p2|Zygarde
|poke|p2|Uxie
|rule|Swagger Clause: Swagger is banned
|rule|Baton Pass Clause: Limit one PokÃ©mon knowing Baton Pass
|teampreview
|join|KingT9722
|c|âxMarth|shit fletch
|c|âMiss Noob|XD
|
|start
|switch|p1a: Bronzong|Bronzong|338\/338
|switch|p2a: D-Angelo|Absol, M|271\/271
|turn|1
|
|switch|p1a: Florges|Florges, F|360\/360
|detailschange|p2a: D-Angelo|Absol-Mega, M
|message|Absol has Mega Evolved into Mega Absol!
|move|p2a: D-Angelo|Will-O-Wisp|p1a: Florges
|-status|p1a: Florges|brn
|
|-damage|p1a: Florges|315\/360 brn|[from] brn
|turn|2
|
|switch|p2a: Uzzi|Uxie|353\/353
|move|p1a: Florges|Moonblast|p2a: Uzzi
|-damage|p2a: Uzzi|280\/353
|
|-heal|p2a: Uzzi|302\/353|[from] item: Leftovers
|-heal|p1a: Florges|337\/360 brn|[from] item: Leftovers
|-damage|p1a: Florges|292\/360 brn|[from] brn
|turn|3
|
|switch|p1a: Bronzong|Bronzong|338\/338
|move|p2a: Uzzi|Stealth Rock|p1a: Bronzong
|-sidestart|p1: xMarth|move: Stealth Rock
|
|-heal|p2a: Uzzi|324\/353|[from] item: Leftovers
|turn|4
|
|move|p2a: Uzzi|U-turn|p1a: Bronzong
|-damage|p1a: Bronzong|308\/338
|
|switch|p2a: D-Angelo|Absol-Mega, M|271\/271
|move|p1a: Bronzong|Gyro Ball|p2a: D-Angelo
|-damage|p2a: D-Angelo|52\/271
|
|-heal|p1a: Bronzong|329\/338|[from] item: Leftovers
|turn|5
|
|switch|p1a: Florges|Florges, F|292\/360 brn
|-damage|p1a: Florges|247\/360 brn|[from] Stealth Rock
|move|p2a: D-Angelo|Sucker Punch|p1a: Florges
|-fail|p1a: Florges
|
|-heal|p1a: Florges|269\/360 brn|[from] item: Leftovers
|-damage|p1a: Florges|224\/360 brn|[from] brn
|turn|6
|
|switch|p2a: Uzzi|Uxie|324\/353
|move|p1a: Florges|Aromatherapy|p1a: Florges
|-cureteam|p1a: Florges|[from] move: Aromatherapy
|
|-heal|p2a: Uzzi|346\/353|[from] item: Leftovers
|-heal|p1a: Florges|246\/360|[from] item: Leftovers
|turn|7
|
|move|p2a: Uzzi|Yawn|p1a: Florges
|-start|p1a: Florges|move: Yawn|[of] p2a: Uzzi
|move|p1a: Florges|Wish|p1a: Florges
|
|-heal|p2a: Uzzi|353\/353|[from] item: Leftovers
|-heal|p1a: Florges|268\/360|[from] item: Leftovers
|turn|8
|
|switch|p1a: Blastoise|Blastoise, M|345\/345
|-damage|p1a: Blastoise|302\/345|[from] Stealth Rock
|move|p2a: Uzzi|Yawn|p1a: Blastoise
|-start|p1a: Blastoise|move: Yawn|[of] p2a: Uzzi
|
|-heal|p1a: Blastoise|345\/345|[from] move: Wish|[wisher] Florges
|turn|9
|join|knickKnack
|
|detailschange|p1a: Blastoise|Blastoise-Mega, M
|message|Blastoise has Mega Evolved into Mega Blastoise!
|move|p2a: Uzzi|U-turn|p1a: Blastoise
|-damage|p1a: Blastoise|306\/345
|
|switch|p2a: Musho|Raikou, shiny|322\/322
|-ability|p2a: Musho|Pressure
|move|p1a: Blastoise|Rapid Spin|p2a: Musho
|-damage|p2a: Musho|304\/322
|-sideend|p1: xMarth|Stealth Rock|[from] move: Rapid Spin|[of] p1a: Blastoise
|
|-status|p1a: Blastoise|slp
|-heal|p2a: Musho|322\/322|[from] item: Leftovers
|turn|10
|
|switch|p1a: Nidoqueen|Nidoqueen, F|363\/363
|move|p2a: Musho|Substitute|p2a: Musho
|-start|p2a: Musho|Substitute
|-damage|p2a: Musho|242\/322
|
|-heal|p2a: Musho|262\/322|[from] item: Leftovers
|turn|11
|
|move|p2a: Musho|Hidden Power|p1a: Nidoqueen
|-supereffective|p1a: Nidoqueen
|-damage|p1a: Nidoqueen|205\/363
|move|p1a: Nidoqueen|Toxic Spikes|p2a: Musho
|-sidestart|p2: Miss Noob|move: Toxic Spikes
|
|-heal|p2a: Musho|282\/322|[from] item: Leftovers
|turn|12
|
|switch|p1a: Bronzong|Bronzong|329\/338
|move|p2a: Musho|Calm Mind|p2a: Musho
|-boost|p2a: Musho|spa|1
|-boost|p2a: Musho|spd|1
|
|-heal|p2a: Musho|302\/322|[from] item: Leftovers
|-heal|p1a: Bronzong|338\/338|[from] item: Leftovers
|turn|13
|
|move|p2a: Musho|Thunderbolt|p1a: Bronzong
|-damage|p1a: Bronzong|146\/338
|-status|p1a: Bronzong|par
|move|p1a: Bronzong|Earthquake|p2a: Musho
|-supereffective|p2a: Musho
|-end|p2a: Musho|Substitute
|
|-heal|p2a: Musho|322\/322|[from] item: Leftovers
|-heal|p1a: Bronzong|167\/338 par|[from] item: Leftovers
|turn|14
|
|move|p2a: Musho|Thunderbolt|p1a: Bronzong
|-damage|p1a: Bronzong|0 fnt
|faint|p1a: Bronzong
|
|
|switch|p1a: Salamence|Salamence, M|331\/331
|turn|15
|
|move|p1a: Salamence|Outrage|p2a: Musho
|-crit|p2a: Musho
|-damage|p2a: Musho|0 fnt
|faint|p2a: Musho
|-boost|p1a: Salamence|atk|1|[from] ability: Moxie
|
|c|âMiss Noob|heeeee
|leave|KingT9722
|c|âMiss Noob|critical?
|
|switch|p2a: Rodolfo|Donphan, M|383\/383
|-status|p2a: Rodolfo|psn
|turn|16
|
|move|p2a: Rodolfo|Ice Shard|p1a: Salamence
|-supereffective|p1a: Salamence
|-damage|p1a: Salamence|151\/331
|move|p1a: Salamence|Outrage|p2a: Rodolfo
|-damage|p2a: Rodolfo|139\/383 psn
|
|-heal|p2a: Rodolfo|162\/383 psn|[from] item: Leftovers
|-damage|p2a: Rodolfo|115\/383 psn|[from] psn
|turn|17
|c| knickKnack|ah the 3turn
|
|move|p2a: Rodolfo|Ice Shard|p1a: Salamence
|-supereffective|p1a: Salamence
|-damage|p1a: Salamence|0 fnt
|faint|p1a: Salamence
|
|-heal|p2a: Rodolfo|138\/383 psn|[from] item: Leftovers
|-damage|p2a: Rodolfo|91\/383 psn|[from] psn
|c|âMiss Noob|something
|
|switch|p1a: Nidoqueen|Nidoqueen, F|205\/363
|turn|18
|
|move|p1a: Nidoqueen|Ice Beam|p2a: Rodolfo
|-supereffective|p2a: Rodolfo
|-damage|p2a: Rodolfo|0 fnt
|faint|p2a: Rodolfo
|
|
|switch|p2a: Lagarton|Zygarde|419\/419
|-status|p2a: Lagarton|psn
|-ability|p2a: Lagarton|Aura Break
|turn|19
|
|switch|p1a: Florges|Florges, F|268\/360
|move|p2a: Lagarton|Earthquake|p1a: Florges
|-damage|p1a: Florges|135\/360
|
|-heal|p1a: Florges|157\/360|[from] item: Leftovers
|-damage|p2a: Lagarton|367\/419 psn|[from] psn
|turn|20
|
|switch|p2a: 5|Fletchinder, F, shiny|327\/327
|move|p1a: Florges|Moonblast|p2a: 5
|-resisted|p2a: 5
|-damage|p2a: 5|216\/327
|-unboost|p2a: 5|spa|1
|
|-heal|p1a: Florges|179\/360|[from] item: Leftovers
|turn|21
|
|move|p2a: 5|Swords Dance|p2a: 5
|-boost|p2a: 5|atk|2
|move|p1a: Florges|Aromatherapy|p1a: Florges
|-cureteam|p1a: Florges|[from] move: Aromatherapy
|
|-heal|p1a: Florges|201\/360|[from] item: Leftovers
|turn|22
|
|switch|p1a: Blastoise|Blastoise-Mega, M|306\/345
|move|p2a: 5|Swords Dance|p2a: 5
|-boost|p2a: 5|atk|2
|
|turn|23
|
|move|p2a: 5|Acrobatics|p1a: Blastoise
|-damage|p1a: Blastoise|0 fnt
|faint|p1a: Blastoise
|
|
|switch|p1a: Nidoqueen|Nidoqueen, F|205\/363
|turn|24
|
|move|p2a: 5|Acrobatics|p1a: Nidoqueen
|-damage|p1a: Nidoqueen|0 fnt
|faint|p1a: Nidoqueen
|
|
|switch|p1a: Volcarona|Volcarona, M|312\/312
|turn|25
|
|move|p2a: 5|Acrobatics|p1a: Volcarona
|-supereffective|p1a: Volcarona
|-damage|p1a: Volcarona|0 fnt
|faint|p1a: Volcarona
|
|c|âMiss Noob|gg
|
|switch|p1a: Florges|Florges, F|201\/360
|turn|26
|
|move|p2a: 5|Acrobatics|p1a: Florges
|-damage|p1a: Florges|0 fnt
|faint|p1a: Florges
|
|win|Miss Noob
|raw|Ladder updating...
|raw|xMarth's rating: 1520 &rarr; <strong>1487<\/strong><br \/>(-33 for losing)
|raw|Miss Noob's rating: 1221 &rarr; <strong>1264<\/strong><br \/>(+43 for winning)
|leave|xMarth
|player|p1