|join|xMarth
|join|notr0ady
|player|p1|xMarth|153
|player|p2|notr0ady|142
|gametype|singles
|gen|6
|tier|UU
|rule|Sleep Clause Mod: Limit one foe put to sleep
|rule|Species Clause: Limit one of each PokÃ©mon
|rule|OHKO Clause: OHKO moves are banned
|rule|Moody Clause: Moody is banned
|rule|Evasion Moves Clause: Evasion moves are banned
|rule|Endless Battle Clause: Forcing endless battles is banned
|rule|HP Percentage Mod: HP is shown in percentages
|clearpoke
|poke|p1|Lopunny, M
|poke|p1|Hydreigon, M
|poke|p1|Jirachi, shiny
|poke|p1|Tentacruel, M
|poke|p1|Gligar, M
|poke|p1|Umbreon, F
|poke|p2|Absol, M
|poke|p2|Klefki, M
|poke|p2|Nidoqueen, F
|poke|p2|Machamp, F
|poke|p2|Suicune
|poke|p2|Cryogonal
|rule|Swagger Clause: Swagger is banned
|rule|Baton Pass Clause: Limit one PokÃ©mon knowing Baton Pass
|teampreview
|join|quadratic
|join|OG JUAN PABLO
|join|Meruu
|join|Eat Pie
|join|Moniker
|join|mr. big dck
|join|Molly is bae
|join|watermelonium
|join|Winter Schemes
|c|ânotr0ady|im ready for my ass whooping mr marth
|join|spider7550
|join|assxw
|c|âxMarth|this is crygonal
|c|ânotr0ady|dont mind him
|join|Munkin
|join|epic4eternity
|c| Meruu|is mega lop actually staying,,,
|join|Super Mario Kek
|c|âxMarth|nah itll go ou eventually
|c| Meruu|ya i figure
|c|âxMarth|but its not quite obviously broke
|c| Meruu|its so good those niggas up there **haf** to abuse it
|
|start
|switch|p1a: Tentacruel|Tentacruel, M|364\/364
|switch|p2a: Nidoqueen|Nidoqueen, F|375\/375
|turn|1
|c| Super Mario Kek|but it is pu
|
|move|p1a: Tentacruel|Toxic Spikes|p2a: Nidoqueen
|-sidestart|p2: notr0ady|move: Toxic Spikes
|move|p2a: Nidoqueen|Earth Power|p1a: Tentacruel
|-supereffective|p1a: Tentacruel
|-damage|p1a: Tentacruel|0 fnt
|faint|p1a: Tentacruel
|
|c| Super Mario Kek|lol
|c| Super Mario Kek|loppuny mega
|c| Super Mario Kek|rip tenta
|c|âxMarth|oh no rocks there
|c|ânotr0ady|this threatens your entire team jesus]
|
|switch|p1a: Umbreon|Umbreon, F|394\/394
|turn|2
|c| epic4eternity|no lopunny mega is banned from pu
|c|ânotr0ady|besides this
|
|switch|p2a: Klefki|Klefki, M|318\/318
|move|p1a: Umbreon|Foul Play|p2a: Klefki
|-resisted|p2a: Klefki
|-damage|p2a: Klefki|287\/318
|
|-heal|p2a: Klefki|306\/318|[from] item: Leftovers
|turn|3
|c| Super Mario Kek|that sexy keys
|
|switch|p1a: Lopunny|Lopunny, M|271\/271
|move|p2a: Klefki|Spikes|p1a: Lopunny
|-sidestart|p1: xMarth|Spikes
|
|-heal|p2a: Klefki|318\/318|[from] item: Leftovers
|turn|4
|c| Super Mario Kek|those*
|
|move|p2a: Klefki|Thunder Wave|p1a: Lopunny
|-fail|p1a: Lopunny
|move|p1a: Lopunny|Substitute|p1a: Lopunny
|-start|p1a: Lopunny|Substitute
|-damage|p1a: Lopunny|204\/271
|
|turn|5
|c| Super Mario Kek|what?
|c| Munkin|limber
|
|switch|p2a: Suicune|Suicune|404\/404
|-status|p2a: Suicune|psn
|-ability|p2a: Suicune|Pressure
|detailschange|p1a: Lopunny|Lopunny-Mega, M
|message|Lopunny has Mega Evolved into Mega Lopunny!
|move|p1a: Lopunny|High Jump Kick|p2a: Suicune
|-damage|p2a: Suicune|239\/404 psn
|
|-heal|p2a: Suicune|264\/404 psn|[from] item: Leftovers
|-damage|p2a: Suicune|214\/404 psn|[from] psn
|turn|6
|c| epic4eternity|clean limber
|c| Super Mario Kek|oh
|c|ânotr0ady|that did too much
|
|move|p1a: Lopunny|High Jump Kick|p2a: Suicune
|-damage|p2a: Suicune|64\/404 psn
|move|p2a: Suicune|Scald|p1a: Lopunny
|-end|p1a: Lopunny|Substitute
|
|-heal|p2a: Suicune|89\/404 psn|[from] item: Leftovers
|-damage|p2a: Suicune|39\/404 psn|[from] psn
|turn|7
|
|move|p1a: Lopunny|Frustration|p2a: Suicune
|-damage|p2a: Suicune|0 fnt
|faint|p2a: Suicune
|
|c| Super Mario Kek|wow
|
|switch|p2a: Machamp|Machamp, F|343\/343
|-status|p2a: Machamp|psn
|turn|8
|c| Super Mario Kek|is the first time i see a suicune dies
|
|move|p1a: Lopunny|Substitute|p1a: Lopunny
|-start|p1a: Lopunny|Substitute
|-damage|p1a: Lopunny|137\/271
|move|p2a: Machamp|Close Combat|p1a: Lopunny
|-supereffective|p1a: Lopunny
|-end|p1a: Lopunny|Substitute
|-unboost|p2a: Machamp|def|1
|-unboost|p2a: Machamp|spd|1
|
|-damage|p2a: Machamp|301\/343 psn|[from] psn
|turn|9
|c| Super Mario Kek|to a physical move
|
|switch|p2a: Klefki|Klefki, M|318\/318
|move|p1a: Lopunny|High Jump Kick|p2a: Klefki|[miss]
|-miss|p1a: Lopunny|p2a: Klefki
|-damage|p1a: Lopunny|2\/271|[from] highjumpkick
|
|turn|10
|c| Super Mario Kek|mega crash
|c| Super Mario Kek|kek
|c| Super Mario Kek|lOL
|
|move|p1a: Lopunny|High Jump Kick|p2a: Klefki
|-damage|p2a: Klefki|141\/318
|move|p2a: Klefki|Foul Play|p1a: Lopunny
|-resisted|p1a: Lopunny
|-damage|p1a: Lopunny|0 fnt
|faint|p1a: Lopunny
|
|-heal|p2a: Klefki|160\/318|[from] item: Leftovers
|c|ânotr0ady|:]
|c|âxMarth|fucking lops
|c|âxMarth|shoulda just ohkoed champ
|
|switch|p1a: Gligar|Gligar, M|334\/334
|turn|11
|
|switch|p2a: Cryogonal|Cryogonal|282\/282
|move|p1a: Gligar|Earthquake|p2a: Cryogonal
|-immune|p2a: Cryogonal|[msg]
|
|turn|12
|c|ânotr0ady|im inside
|c| Super Mario Kek|strong levitate
|join|Ferocca
|c| Super Mario Kek|that 30 in defense
|
|switch|p1a: Jirachi|Jirachi, shiny|341\/341
|-damage|p1a: Jirachi|299\/341|[from] Spikes
|move|p2a: Cryogonal|Hidden Power|p1a: Jirachi
|-supereffective|p1a: Jirachi
|-damage|p1a: Jirachi|143\/341
|-damage|p2a: Cryogonal|254\/282|[from] item: Life Orb
|
|-heal|p1a: Jirachi|164\/341|[from] item: Leftovers
|turn|13
|c|âxMarth|ewww
|c| Meruu|the cteam is real
|
|switch|p1a: Umbreon|Umbreon, F|394\/394
|-damage|p1a: Umbreon|345\/394|[from] Spikes
|move|p2a: Cryogonal|Hidden Power|p1a: Umbreon
|-crit|p1a: Umbreon
|-damage|p1a: Umbreon|281\/394
|-damage|p2a: Cryogonal|226\/282|[from] item: Life Orb
|
|-heal|p1a: Umbreon|305\/394|[from] item: Leftovers
|turn|14
|c|âxMarth|well besides umby\/gligar walling his team
|
|move|p2a: Cryogonal|Rapid Spin|p1a: Umbreon
|-damage|p1a: Umbreon|295\/394
|-sideend|p2: notr0ady|Toxic Spikes|[from] move: Rapid Spin|[of] p2a: Cryogonal
|-damage|p2a: Cryogonal|198\/282|[from] item: Life Orb
|move|p1a: Umbreon|Foul Play|p2a: Cryogonal
|-damage|p2a: Cryogonal|48\/282
|
|-heal|p1a: Umbreon|319\/394|[from] item: Leftovers
|turn|15
|c| epic4eternity|what if it's ice punch machamp
|
|switch|p2a: Machamp|Machamp, F|301\/343 psn
|move|p1a: Umbreon|Wish|p1a: Umbreon
|
|-heal|p1a: Umbreon|343\/394|[from] item: Leftovers
|-damage|p2a: Machamp|259\/343 psn|[from] psn
|turn|16
|c| epic4eternity|and it shreks u
|c|âxMarth|then fuck
|
|switch|p1a: Gligar|Gligar, M|334\/334
|move|p2a: Machamp|Close Combat|p1a: Gligar
|-resisted|p1a: Gligar
|-damage|p1a: Gligar|217\/334
|-unboost|p2a: Machamp|def|1
|-unboost|p2a: Machamp|spd|1
|
|-heal|p1a: Gligar|334\/334|[from] move: Wish|[wisher] Umbreon
|-damage|p2a: Machamp|217\/343 psn|[from] psn
|turn|17
|c|âxMarth|but its band
|c| Meruu|no its guts
|c| Meruu|av
|c| Meruu|bop
|c|âxMarth|so i can scout with umby
|join|elemelonium
|
|switch|p2a: Klefki|Klefki, M|160\/318
|move|p1a: Gligar|Stealth Rock|p2a: Klefki
|-sidestart|p2: notr0ady|move: Stealth Rock
|
|-heal|p2a: Klefki|179\/318|[from] item: Leftovers
|turn|18
|
|move|p2a: Klefki|Reflect|p2a: Klefki
|-sidestart|p2: notr0ady|Reflect
|move|p1a: Gligar|Earthquake|p2a: Klefki
|-supereffective|p2a: Klefki
|-damage|p2a: Klefki|110\/318
|
|-heal|p2a: Klefki|129\/318|[from] item: Leftovers
|turn|19
|c| Meruu|damn
|join|LessThanThreeMan
|c| epic4eternity|stronk lefties reflect
|c| Meruu|this is a choke and a half
|
|move|p2a: Klefki|Spikes|p1a: Gligar
|-sidestart|p1: xMarth|Spikes
|move|p1a: Gligar|Earthquake|p2a: Klefki
|-supereffective|p2a: Klefki
|-damage|p2a: Klefki|51\/318
|
|-heal|p2a: Klefki|70\/318|[from] item: Leftovers
|turn|20
|
|move|p2a: Klefki|Spikes|p1a: Gligar
|-sidestart|p1: xMarth|Spikes
|move|p1a: Gligar|Earthquake|p2a: Klefki
|-supereffective|p2a: Klefki
|-damage|p2a: Klefki|1\/318
|
|-heal|p2a: Klefki|20\/318|[from] item: Leftovers
|turn|21
|c| Call me Mr Brobat|22
|c| Call me Mr Brobat|lol
|c| Meruu|sac ur cryo
|
|switch|p2a: Cryogonal|Cryogonal|48\/282
|-damage|p2a: Cryogonal|0 fnt|[from] Stealth Rock
|faint|p2a: Cryogonal
|move|p1a: Gligar|Earthquake|p2: Cryogonal|[notarget]
|-notarget
|
|c|âxMarth|nice that was helpful
|c| Meruu|instead of letting ur klefki die
|
|switch|p2a: Nidoqueen|Nidoqueen, F|375\/375
|-damage|p2a: Nidoqueen|352\/375|[from] Stealth Rock
|turn|22
|c| Meruu|ok jesus
|join|MagikarpIsSalty
|
|switch|p1a: Jirachi|Jirachi, shiny|164\/341
|-damage|p1a: Jirachi|79\/341|[from] Spikes
|move|p2a: Nidoqueen|Earth Power|p1a: Jirachi
|-supereffective|p1a: Jirachi
|-damage|p1a: Jirachi|0 fnt
|faint|p1a: Jirachi
|
|-sideend|p2: notr0ady|Reflect
|
|switch|p1a: Umbreon|Umbreon, F|343\/394
|-damage|p1a: Umbreon|245\/394|[from] Spikes
|turn|23
|
|switch|p2a: Absol|Absol, M|271\/271
|-damage|p2a: Absol|238\/271|[from] Stealth Rock
|move|p1a: Umbreon|Wish|p1a: Umbreon
|
|-heal|p1a: Umbreon|269\/394|[from] item: Leftovers
|turn|24
|
|switch|p1a: Gligar|Gligar, M|334\/334
|detailschange|p2a: Absol|Absol-Mega, M
|message|Absol has Mega Evolved into Mega Absol!
|move|p2a: Absol|Swords Dance|p2a: Absol
|-boost|p2a: Absol|atk|2
|
|turn|25
|
|move|p2a: Absol|Knock Off|p1a: Gligar
|-crit|p1a: Gligar
|-damage|p1a: Gligar|64\/334
|-enditem|p1a: Gligar|Eviolite|[from] move: Knock Off|[of] p2a: Absol
|move|p1a: Gligar|U-turn|p2a: Absol
|-supereffective|p2a: Absol
|-damage|p2a: Absol|110\/271
|c| Call me Mr Brobat|srong
|c| Call me Mr Brobat|knock off
|c| Meruu|bop
|
|switch|p1a: Hydreigon|Hydreigon, M|325\/325
|
|turn|26
|c| Call me Mr Brobat|sucker punch
|
|switch|p2a: Machamp|Machamp, F|217\/343 psn
|-damage|p2a: Machamp|196\/343 psn|[from] Stealth Rock
|move|p1a: Hydreigon|U-turn|p2a: Machamp
|-resisted|p2a: Machamp
|-damage|p2a: Machamp|159\/343 psn
|c| Call me Mr Brobat|there
|c| epic4eternity|tbh there wasn't really a reason not to stay in and go for foul play
|
|switch|p1a: Gligar|Gligar, M|64\/334
|
|-damage|p2a: Machamp|117\/343 psn|[from] psn
|turn|27
|c| Meruu|why
|c| epic4eternity|* and not go for
|join|Gerald Eugene III
|c| Meruu|arent you saccing your klefki
|c| Meruu|:[
|c|ânotr0ady|does heavy slam kill from 70
|c|âxMarth|need umby for nidoqueen
|c| epic4eternity|so it can fairy lock :]
|c| Call me Mr Brobat|7%
|c| Call me Mr Brobat|it can survive
|c| Call me Mr Brobat|with 1.5
|c| Call me Mr Brobat|nerd>
|c| epic4eternity|but you had a wish but marth
|c|âxMarth|playrough\/superpower woulda koed
|c| epic4eternity|it would've?
|c|ânotr0ady|time to clc
|c|âxMarth|yea prolly
|c| Meruu|i dont think people run both play rough and superpower
|c| Call me Mr Brobat|i dont think bullet punch kills it
|c| epic4eternity|252 Atk Mega Absol Superpower vs. 252 HP \/ 4 Def Umbreon: 268-316 (68 - 80.2%) -- guaranteed 2HKO after Leftovers recovery
|c| Meruu|o ur saying either
|c|âxMarth|either yea
|
|move|p1a: Gligar|Earthquake|p2a: Machamp
|-damage|p2a: Machamp|0 fnt
|faint|p2a: Machamp
|
|
|switch|p2a: Absol|Absol-Mega, M|110\/271
|-damage|p2a: Absol|77\/271|[from] Stealth Rock
|turn|28
|c|âxMarth|creepy
|
|move|p2a: Absol|Knock Off|p1a: Gligar
|-damage|p1a: Gligar|0 fnt
|faint|p1a: Gligar
|
|
|switch|p1a: Hydreigon|Hydreigon, M|325\/325
|turn|29
|c| Meruu|shouldve sacced klefki instead of champ
|
|switch|p2a: Klefki|Klefki, M|20\/318
|-damage|p2a: Klefki|1\/318|[from] Stealth Rock
|move|p1a: Hydreigon|Dark Pulse|p2a: Klefki
|-resisted|p2a: Klefki
|-damage|p2a: Klefki|0 fnt
|faint|p2a: Klefki
|
|
|switch|p2a: Nidoqueen|Nidoqueen, F|352\/375
|-damage|p2a: Nidoqueen|329\/375|[from] Stealth Rock
|turn|30
|c| Call me Mr Brobat|why didnt you
|c| Call me Mr Brobat|light screen
|c|âxMarth|oh well shit
|c| Meruu|dem spikes
|
|move|p1a: Hydreigon|Dark Pulse|p2a: Nidoqueen
|-damage|p2a: Nidoqueen|164\/375
|move|p2a: Nidoqueen|Ice Beam|p1a: Hydreigon
|-supereffective|p1a: Hydreigon
|-damage|p1a: Hydreigon|39\/325
|
|turn|31
|c| Meruu|fucking u uppp
|c| Call me Mr Brobat|44
|c| Call me Mr Brobat|LOL
|
|move|p1a: Hydreigon|Dark Pulse|p2a: Nidoqueen
|-damage|p2a: Nidoqueen|8\/375
|move|p2a: Nidoqueen|Sludge Wave|p1a: Hydreigon
|-damage|p1a: Hydreigon|0 fnt
|faint|p1a: Hydreigon
|
|c| Call me Mr Brobat|the gobo damage
|
|switch|p1a: Umbreon|Umbreon, F|269\/394
|-damage|p1a: Umbreon|171\/394|[from] Spikes
|turn|32
|c| Call me Mr Brobat|tho
|
|switch|p2a: Absol|Absol-Mega, M|77\/271
|-damage|p2a: Absol|44\/271|[from] Stealth Rock
|move|p1a: Umbreon|Wish|p1a: Umbreon
|
|-heal|p1a: Umbreon|195\/394|[from] item: Leftovers
|turn|33
|c| Call me Mr Brobat|that has focus blast
|c| Call me Mr Brobat|why
|c| Call me Mr Brobat|did you retreat
|c| Meruu|50\/50
|c| Meruu|lgi
|c| Meruu|sd vs protect
|c| Call me Mr Brobat|\/me faints
|c| mr. big dck|lol if u just stayed in a sludge waved
|c| mr. big dck|lol
|c| mr. big dck|i think u just lost
|join|poonHunter D>D)
|c|ânotr0ady|now its down to the mid games :)
|c|âxMarth|quick attack 4th move y\/n?
|
|move|p2a: Absol|Swords Dance|p2a: Absol
|-boost|p2a: Absol|atk|2
|move|p1a: Umbreon|Foul Play|p2a: Absol
|-resisted|p2a: Absol
|-damage|p2a: Absol|0 fnt
|faint|p2a: Absol
|
|-heal|p1a: Umbreon|392\/394|[from] move: Wish|[wisher] Umbreon
|-heal|p1a: Umbreon|394\/394|[from] item: Leftovers
|join|thymetime
|c| Call me Mr Brobat|rip
|c| Meruu|zzz
|c|ânotr0ady|fuck
|c| mr. big dck|LOL
|
|switch|p2a: Nidoqueen|Nidoqueen, F|8\/375
|-damage|p2a: Nidoqueen|0 fnt|[from] Stealth Rock
|faint|p2a: Nidoqueen
|
|win|xMarth
|c| poonHunter D>D)|RIP
|c| epic4eternity|marth was playing really obvious
|c|âxMarth|nb gg
|c| Call me Mr Brobat|you should have
|leave|Eat Pie
|leave|Munkin
|c| Call me Mr Brobat|gobo greed
|c| epic4eternity|u should've gone for attack
|c| mr. big dck|dat choke is real
|leave|quadratic
|c|ânotr0ady|gg
|c| Call me Mr Brobat|GOBOGREED
|leave|poonHunter D>D)
|c| Winter Schemes|gg
|c| epic4eternity|cuz he would've gone risky
|leave|Meruu
|leave|mr. big dck
|c|ânotr0ady|i had play rough
|leave|Moniker
|leave|Call me Mr Brobat
|leave|epic4eternity
|leave|xMarth
|player|p1
|leave|OG JUAN PABLO
|leave|notr0ady
|player|p2
|leave|thymetime
|leave|LessThanThreeMan
|leave|Molly is bae
|join|notr0ady