|join|xMarth
|join|Century Express
|player|p1|xMarth|153
|player|p2|Century Express|216
|gametype|singles
|gen|6
|tier|UU
|rated
|rule|Sleep Clause Mod: Limit one foe put to sleep
|rule|Species Clause: Limit one of each PokÃ©mon
|rule|OHKO Clause: OHKO moves are banned
|rule|Moody Clause: Moody is banned
|rule|Evasion Moves Clause: Evasion moves are banned
|rule|Endless Battle Clause: Forcing endless battles is banned
|rule|HP Percentage Mod: HP is shown in percentages
|clearpoke
|poke|p1|Zygarde
|poke|p1|Jirachi
|poke|p1|Whimsicott, M
|poke|p1|Tentacruel, M
|poke|p1|Umbreon, M
|poke|p1|Gligar, M
|poke|p2|Aggron, M
|poke|p2|Blissey, F
|poke|p2|Jirachi
|poke|p2|Swampert, M
|poke|p2|Crobat, M
|poke|p2|Shaymin
|rule|Swagger Clause: Swagger is banned
|rule|Baton Pass Clause: Limit one PokÃ©mon knowing Baton Pass
|teampreview
|join|not even OG_Wanka
|join|gobosox
|join|so dynamic
|
|start
|switch|p1a: Gligar|Gligar, M|333\/333
|switch|p2a: Swampodin|Swampert, M|401\/401
|turn|1
|
|move|p1a: Gligar|Stealth Rock|p2a: Swampodin
|-sidestart|p2: Century Express|move: Stealth Rock
|move|p2a: Swampodin|Scald|p1a: Gligar
|-supereffective|p1a: Gligar
|-damage|p1a: Gligar|163\/333
|-status|p1a: Gligar|brn
|
|-damage|p1a: Gligar|122\/333 brn|[from] brn
|turn|2
|
|move|p1a: Gligar|U-turn|p2a: Swampodin
|-damage|p2a: Swampodin|383\/401
|leave|gobosox
|
|switch|p1a: Tentacruel|Tentacruel, M|363\/363
|move|p2a: Swampodin|Stealth Rock|p1a: Tentacruel
|-sidestart|p1: xMarth|move: Stealth Rock
|
|-heal|p2a: Swampodin|401\/401|[from] item: Leftovers
|turn|3
|
|move|p1a: Tentacruel|Toxic|p2a: Swampodin
|-status|p2a: Swampodin|tox
|move|p2a: Swampodin|Earthquake|p1a: Tentacruel
|-supereffective|p1a: Tentacruel
|-damage|p1a: Tentacruel|93\/363
|
|-heal|p1a: Tentacruel|115\/363|[from] item: Black Sludge
|-damage|p2a: Swampodin|376\/401 tox|[from] psn
|turn|4
|
|switch|p1a: Whimsicott|Whimsicott, M|261\/261
|-damage|p1a: Whimsicott|229\/261|[from] Stealth Rock
|switch|p2a: Shoot Star|Jirachi|341\/341
|-damage|p2a: Shoot Star|320\/341|[from] Stealth Rock
|
|-heal|p1a: Whimsicott|245\/261|[from] item: Leftovers
|turn|5
|c| so dynamic|what are u doing marth
|
|move|p2a: Shoot Star|U-turn|p1a: Whimsicott
|-damage|p1a: Whimsicott|161\/261
|
|switch|p2a: Purple Haze|Crobat, M|325\/325
|-damage|p2a: Purple Haze|244\/325|[from] Stealth Rock
|move|p1a: Whimsicott|U-turn|p2a: Purple Haze
|-resisted|p2a: Purple Haze
|-damage|p2a: Purple Haze|233\/325
|c|âxMarth|uhh idk
|
|switch|p1a: Jirachi|Jirachi|341\/341
|-damage|p1a: Jirachi|320\/341|[from] Stealth Rock
|
|turn|6
|join|baenail
|
|switch|p2a: Capt. Barrelman|Aggron, M|314\/314
|-damage|p2a: Capt. Barrelman|295\/314|[from] Stealth Rock
|move|p1a: Jirachi|Iron Head|p2a: Capt. Barrelman
|-damage|p2a: Capt. Barrelman|223\/314
|
|turn|7
|
|switch|p1a: Umbreon|Umbreon, M|394\/394
|-damage|p1a: Umbreon|345\/394|[from] Stealth Rock
|detailschange|p2a: Capt. Barrelman|Aggron-Mega, M
|message|Aggron has Mega Evolved into Mega Aggron!
|move|p2a: Capt. Barrelman|Heavy Slam|p1a: Umbreon
|-damage|p1a: Umbreon|104\/394
|
|-heal|p1a: Umbreon|128\/394|[from] item: Leftovers
|turn|8
|
|move|p2a: Capt. Barrelman|Heavy Slam|p1a: Umbreon
|-damage|p1a: Umbreon|0 fnt
|faint|p1a: Umbreon
|
|c| not even OG_Wanka|holy
|c| baenail|is that adamant
|c| so dynamic|offensive agg
|
|switch|p1a: Zygarde|Zygarde|405\/405
|-damage|p1a: Zygarde|380\/405|[from] Stealth Rock
|-ability|p1a: Zygarde|Aura Break
|turn|9
|join|The UUser
|c| so dynamic|is good
|
|move|p1a: Zygarde|Coil|p1a: Zygarde
|-boost|p1a: Zygarde|atk|1
|-boost|p1a: Zygarde|def|1
|-boost|p1a: Zygarde|accuracy|1
|move|p2a: Capt. Barrelman|Earthquake|p1a: Zygarde
|-damage|p1a: Zygarde|299\/405
|
|-heal|p1a: Zygarde|324\/405|[from] item: Leftovers
|turn|10
|c| The UUser|Yo Marth
|c| not even OG_Wanka|makes sense tbh. he has a swampert
|c| so dynamic|i mean
|
|move|p1a: Zygarde|Substitute|p1a: Zygarde
|-start|p1a: Zygarde|Substitute
|-damage|p1a: Zygarde|223\/405
|move|p2a: Capt. Barrelman|Roar|p1a: Zygarde
|drag|p1a: Whimsicott|Whimsicott, M|161\/261
|-damage|p1a: Whimsicott|129\/261|[from] Stealth Rock
|
|-heal|p1a: Whimsicott|145\/261|[from] item: Leftovers
|turn|11
|join|zyther64
|c| The UUser|Coil Zygarde 
|c| The UUser|nb
|c| so dynamic|offensive w\/ rocks
|leave|zyther64
|c| so dynamic|is viable
|
|move|p1a: Whimsicott|Encore|p2a: Capt. Barrelman
|-start|p2a: Capt. Barrelman|Encore
|move|p2a: Capt. Barrelman|Roar|p1a: Whimsicott
|drag|p1a: Tentacruel|Tentacruel, M|115\/363
|-damage|p1a: Tentacruel|70\/363|[from] Stealth Rock
|
|-heal|p1a: Tentacruel|92\/363|[from] item: Black Sludge
|turn|12
|c| so dynamic|and subcoil
|
|switch|p2a: Purple Haze|Crobat, M|233\/325
|-damage|p2a: Purple Haze|152\/325|[from] Stealth Rock
|move|p1a: Tentacruel|Rapid Spin|p2a: Purple Haze
|-damage|p2a: Purple Haze|139\/325
|-sideend|p1: xMarth|Stealth Rock|[from] move: Rapid Spin|[of] p1a: Tentacruel
|
|-heal|p1a: Tentacruel|114\/363|[from] item: Black Sludge
|turn|13
|c| so dynamic|is the standarrd zyg
|
|move|p2a: Purple Haze|Defog|p1a: Tentacruel
|-unboost|p1a: Tentacruel|evasion|1
|-sideend|p2: Century Express|Stealth Rock|[from] move: Defog|[of] p2a: Purple Haze
|move|p1a: Tentacruel|Scald|p2a: Purple Haze
|-damage|p2a: Purple Haze|45\/325
|
|-heal|p1a: Tentacruel|136\/363|[from] item: Black Sludge
|turn|14
|
|switch|p1a: Jirachi|Jirachi|320\/341
|move|p2a: Purple Haze|Acrobatics|p1a: Jirachi
|-resisted|p1a: Jirachi
|-damage|p1a: Jirachi|245\/341
|
|turn|15
|leave|The UUser
|
|switch|p2a: Capt. Barrelman|Aggron-Mega, M|223\/314
|move|p1a: Jirachi|Iron Head|p2a: Capt. Barrelman
|-resisted|p2a: Capt. Barrelman
|-damage|p2a: Capt. Barrelman|194\/314
|
|turn|16
|c| so dynamic|now flinch to death
|
|move|p1a: Jirachi|Iron Head|p2a: Capt. Barrelman
|-resisted|p2a: Capt. Barrelman
|-damage|p2a: Capt. Barrelman|165\/314
|cant|p2a: Capt. Barrelman|flinch
|
|turn|17
|
|switch|p1a: Gligar|Gligar, M|122\/333 brn
|move|p2a: Capt. Barrelman|Earthquake|p1a: Gligar
|-immune|p1a: Gligar|[msg]
|
|-damage|p1a: Gligar|81\/333 brn|[from] brn
|turn|18
|
|switch|p2a: Purple Haze|Crobat, M|45\/325
|move|p1a: Gligar|Stealth Rock|p2a: Purple Haze
|-sidestart|p2: Century Express|move: Stealth Rock
|
|-damage|p1a: Gligar|40\/333 brn|[from] brn
|turn|19
|join|Tipsy Russian
|
|move|p2a: Purple Haze|Defog|p1a: Gligar
|-unboost|p1a: Gligar|evasion|1
|-sideend|p2: Century Express|Stealth Rock|[from] move: Defog|[of] p2a: Purple Haze
|move|p1a: Gligar|U-turn|p2a: Purple Haze
|-resisted|p2a: Purple Haze
|-damage|p2a: Purple Haze|39\/325
|
|switch|p1a: Jirachi|Jirachi|245\/341
|
|turn|20
|
|switch|p2a: Shoot Star|Jirachi|320\/341
|move|p1a: Jirachi|U-turn|p2a: Shoot Star
|-damage|p2a: Shoot Star|244\/341
|
|switch|p1a: Tentacruel|Tentacruel, M|136\/363
|
|-heal|p1a: Tentacruel|158\/363|[from] item: Black Sludge
|turn|21
|
|move|p2a: Shoot Star|Trick|p1a: Tentacruel
|-activate|p2a: Shoot Star|move: Trick|[of] p1a: Tentacruel
|-item|p1a: Tentacruel|Choice Scarf|[from] move: Trick
|-item|p2a: Shoot Star|Black Sludge|[from] move: Trick
|move|p1a: Tentacruel|Toxic Spikes|p2a: Shoot Star
|-sidestart|p2: Century Express|move: Toxic Spikes
|
|-damage|p2a: Shoot Star|202\/341|[from] item: Black Sludge
|turn|22
|c| not even OG_Wanka|nice sludge
|
|switch|p1a: Gligar|Gligar, M|40\/333 brn
|move|p2a: Shoot Star|U-turn|p1a: Gligar
|-resisted|p1a: Gligar
|-damage|p1a: Gligar|24\/333 brn
|
|switch|p2a: Capt. Barrelman|Aggron-Mega, M|165\/314
|
|-damage|p1a: Gligar|0 fnt|[from] brn
|faint|p1a: Gligar
|
|switch|p1a: Tentacruel|Tentacruel, M|158\/363
|turn|23
|
|switch|p2a: Babooshka|Blissey, F|714\/714
|-status|p2a: Babooshka|psn
|move|p1a: Tentacruel|Scald|p2a: Babooshka
|-crit|p2a: Babooshka
|-damage|p2a: Babooshka|627\/714 psn
|
|-heal|p2a: Babooshka|671\/714 psn|[from] item: Leftovers
|-damage|p2a: Babooshka|582\/714 psn|[from] psn
|turn|24
|
|switch|p1a: Jirachi|Jirachi|245\/341
|move|p2a: Babooshka|Toxic|p1a: Jirachi
|-fail|p1a: Jirachi
|
|-heal|p2a: Babooshka|626\/714 psn|[from] item: Leftovers
|-damage|p2a: Babooshka|537\/714 psn|[from] psn
|turn|25
|
|move|p1a: Jirachi|U-turn|p2a: Babooshka
|-damage|p2a: Babooshka|420\/714 psn
|
|switch|p1a: Zygarde|Zygarde|223\/405
|-ability|p1a: Zygarde|Aura Break
|move|p2a: Babooshka|Seismic Toss|p1a: Zygarde
|-damage|p1a: Zygarde|123\/405
|
|-heal|p1a: Zygarde|148\/405|[from] item: Leftovers
|-heal|p2a: Babooshka|464\/714 psn|[from] item: Leftovers
|-damage|p2a: Babooshka|375\/714 psn|[from] psn
|turn|26
|
|switch|p2a: Swampodin|Swampert, M|376\/401 tox
|move|p1a: Zygarde|Dragon Tail|p2a: Swampodin
|-damage|p2a: Swampodin|318\/401 tox
|drag|p2a: Babooshka|Blissey, F|375\/714
|-status|p2a: Babooshka|psn
|
|-heal|p1a: Zygarde|173\/405|[from] item: Leftovers
|-heal|p2a: Babooshka|419\/714 psn|[from] item: Leftovers
|-damage|p2a: Babooshka|330\/714 psn|[from] psn
|turn|27
|
|move|p1a: Zygarde|Substitute|p1a: Zygarde
|-start|p1a: Zygarde|Substitute
|-damage|p1a: Zygarde|72\/405
|move|p2a: Babooshka|Seismic Toss|p1a: Zygarde
|-activate|p1a: Zygarde|Substitute|[damage]
|
|-heal|p1a: Zygarde|97\/405|[from] item: Leftovers
|-heal|p2a: Babooshka|374\/714 psn|[from] item: Leftovers
|-damage|p2a: Babooshka|285\/714 psn|[from] psn
|turn|28
|
|move|p1a: Zygarde|Earthquake|p2a: Babooshka
|-damage|p2a: Babooshka|80\/714 psn
|move|p2a: Babooshka|Seismic Toss|p1a: Zygarde
|-end|p1a: Zygarde|Substitute
|
|-heal|p1a: Zygarde|122\/405|[from] item: Leftovers
|-heal|p2a: Babooshka|124\/714 psn|[from] item: Leftovers
|-damage|p2a: Babooshka|35\/714 psn|[from] psn
|turn|29
|
|switch|p1a: Jirachi|Jirachi|245\/341
|move|p2a: Babooshka|Seismic Toss|p1a: Jirachi
|-damage|p1a: Jirachi|145\/341
|
|-heal|p2a: Babooshka|79\/714 psn|[from] item: Leftovers
|-damage|p2a: Babooshka|0 fnt|[from] psn
|faint|p2a: Babooshka
|
|switch|p2a: Capt. Barrelman|Aggron-Mega, M|165\/314
|turn|30
|
|move|p1a: Jirachi|U-turn|p2a: Capt. Barrelman
|-resisted|p2a: Capt. Barrelman
|-damage|p2a: Capt. Barrelman|148\/314
|
|switch|p1a: Zygarde|Zygarde|122\/405
|-ability|p1a: Zygarde|Aura Break
|move|p2a: Capt. Barrelman|Earthquake|p1a: Zygarde
|-crit|p1a: Zygarde
|-damage|p1a: Zygarde|0 fnt
|faint|p1a: Zygarde
|
|join|PaulK618
|
|switch|p1a: Tentacruel|Tentacruel, M|158\/363
|turn|31
|c|âCentury Express|sorry for the crit
|
|switch|p2a: Swampodin|Swampert, M|318\/401 tox
|move|p1a: Tentacruel|Scald|p2a: Swampodin
|-damage|p2a: Swampodin|228\/401 tox
|
|-heal|p2a: Swampodin|253\/401 tox|[from] item: Leftovers
|-damage|p2a: Swampodin|228\/401 tox|[from] psn
|turn|32
|
|move|p1a: Tentacruel|Scald|p2a: Swampodin
|-damage|p2a: Swampodin|140\/401 tox
|move|p2a: Swampodin|Stealth Rock|p1a: Tentacruel
|-sidestart|p1: xMarth|move: Stealth Rock
|
|-heal|p2a: Swampodin|165\/401 tox|[from] item: Leftovers
|-damage|p2a: Swampodin|115\/401 tox|[from] psn
|turn|33
|
|switch|p1a: Whimsicott|Whimsicott, M|145\/261
|-damage|p1a: Whimsicott|113\/261|[from] Stealth Rock
|move|p2a: Swampodin|Earthquake|p1a: Whimsicott
|-resisted|p1a: Whimsicott
|-damage|p1a: Whimsicott|38\/261
|
|-heal|p1a: Whimsicott|54\/261|[from] item: Leftovers
|-heal|p2a: Swampodin|140\/401 tox|[from] item: Leftovers
|-damage|p2a: Swampodin|65\/401 tox|[from] psn
|turn|34
|
|move|p1a: Whimsicott|Moonblast|p2a: Swampodin
|-damage|p2a: Swampodin|0 fnt
|faint|p2a: Swampodin
|
|-heal|p1a: Whimsicott|70\/261|[from] item: Leftovers
|
|switch|p2a: Shoot Star|Jirachi|202\/341
|turn|35
|
|move|p1a: Whimsicott|U-turn|p2a: Shoot Star
|-damage|p2a: Shoot Star|168\/341
|
|switch|p1a: Tentacruel|Tentacruel, M|158\/363
|-damage|p1a: Tentacruel|113\/363|[from] Stealth Rock
|move|p2a: Shoot Star|Healing Wish|p2a: Shoot Star
|faint|p2a: Shoot Star
|
|
|switch|p2a: Capt. Barrelman|Aggron-Mega, M|148\/314
|-heal|p2a: Capt. Barrelman|314\/314|[from] move: Healing Wish
|turn|36
|
|switch|p2a: Rose of May|Shaymin|349\/349
|-status|p2a: Rose of May|psn
|move|p1a: Tentacruel|Scald|p2a: Rose of May
|-resisted|p2a: Rose of May
|-damage|p2a: Rose of May|311\/349 psn
|
|-damage|p2a: Rose of May|268\/349 psn|[from] psn
|turn|37
|
|switch|p1a: Whimsicott|Whimsicott, M|70\/261
|-damage|p1a: Whimsicott|38\/261|[from] Stealth Rock
|move|p2a: Rose of May|Earth Power|p1a: Whimsicott
|-resisted|p1a: Whimsicott
|-damage|p1a: Whimsicott|0 fnt
|-damage|p2a: Rose of May|234\/349 psn|[from] item: Life Orb
|faint|p1a: Whimsicott
|
|-damage|p2a: Rose of May|191\/349 psn|[from] psn
|c| so dynamic|why do u need healing wih when u have blissey?
|c| so dynamic|wish
|
|switch|p1a: Jirachi|Jirachi|145\/341
|-damage|p1a: Jirachi|124\/341|[from] Stealth Rock
|turn|38
|c|âCentury Express|I don't like using Wish
|c|âCentury Express|on Balanced teams bro
|
|switch|p2a: Purple Haze|Crobat, M|39\/325
|move|p1a: Jirachi|Iron Head|p2a: Purple Haze
|-damage|p2a: Purple Haze|0 fnt
|faint|p2a: Purple Haze
|
|
|switch|p2a: Capt. Barrelman|Aggron-Mega, M|314\/314
|turn|39
|
|move|p1a: Jirachi|Iron Head|p2a: Capt. Barrelman
|-resisted|p2a: Capt. Barrelman
|-damage|p2a: Capt. Barrelman|285\/314
|cant|p2a: Capt. Barrelman|flinch
|
|turn|40
|
|move|p1a: Jirachi|Iron Head|p2a: Capt. Barrelman
|-resisted|p2a: Capt. Barrelman
|-damage|p2a: Capt. Barrelman|256\/314
|cant|p2a: Capt. Barrelman|flinch
|
|turn|41
|
|move|p1a: Jirachi|Iron Head|p2a: Capt. Barrelman
|-resisted|p2a: Capt. Barrelman
|-damage|p2a: Capt. Barrelman|226\/314
|move|p2a: Capt. Barrelman|Earthquake|p1a: Jirachi
|-supereffective|p1a: Jirachi
|-damage|p1a: Jirachi|0 fnt
|faint|p1a: Jirachi
|
|
|switch|p1a: Tentacruel|Tentacruel, M|113\/363
|-damage|p1a: Tentacruel|68\/363|[from] Stealth Rock
|turn|42
|c|âCentury Express|gg n_n
|
|move|p1a: Tentacruel|Scald|p2a: Capt. Barrelman
|-damage|p2a: Capt. Barrelman|136\/314
|move|p2a: Capt. Barrelman|Earthquake|p1a: Tentacruel
|-supereffective|p1a: Tentacruel
|-damage|p1a: Tentacruel|0 fnt
|faint|p1a: Tentacruel
|
|win|Century Express
|raw|Ladder updating...
|raw|xMarth's rating: 1672 &rarr; <strong>1649<\/strong><br \/>(-23 for losing)
|raw|Century Express's rating: 1621 &rarr; <strong>1644<\/strong><br \/>(+23 for winning)
|leave|Tipsy Russian
|leave|xMarth
|player|p1
|leave|baenail