|join|xMarth
|join|ayo sb
|player|p1|xMarth|153
|player|p2|ayo sb|21
|gametype|singles
|gen|6
|tier|UU
|rated
|rule|Sleep Clause Mod: Limit one foe put to sleep
|rule|Species Clause: Limit one of each PokÃ©mon
|rule|OHKO Clause: OHKO moves are banned
|rule|Moody Clause: Moody is banned
|rule|Evasion Moves Clause: Evasion moves are banned
|rule|Endless Battle Clause: Forcing endless battles is banned
|rule|HP Percentage Mod: HP is shown in percentages
|clearpoke
|poke|p1|Lopunny, F
|poke|p1|Hydreigon, F
|poke|p1|Jirachi, shiny
|poke|p1|Tentacruel, F
|poke|p1|Gligar, M
|poke|p1|Umbreon, M
|poke|p2|Banette, M
|poke|p2|Crobat, F
|poke|p2|Tornadus, M
|poke|p2|Swampert, M
|poke|p2|Jirachi
|poke|p2|Chandelure, F
|rule|Swagger Clause: Swagger is banned
|rule|Baton Pass Clause: Limit one PokÃ©mon knowing Baton Pass
|teampreview
|
|start
|switch|p1a: Lopunny|Lopunny, F|271\/271
|switch|p2a: Swampert|Swampert, M|404\/404
|turn|1
|
|detailschange|p1a: Lopunny|Lopunny-Mega, F
|message|Lopunny has Mega Evolved into Mega Lopunny!
|move|p1a: Lopunny|Substitute|p1a: Lopunny
|-start|p1a: Lopunny|Substitute
|-damage|p1a: Lopunny|204\/271
|move|p2a: Swampert|Stealth Rock|p1a: Lopunny
|-sidestart|p1: xMarth|move: Stealth Rock
|
|turn|2
|
|move|p1a: Lopunny|Encore|p2a: Swampert
|-start|p2a: Swampert|Encore
|move|p2a: Swampert|Stealth Rock|p1a: Lopunny
|-fail|p1a: Lopunny
|
|turn|3
|
|switch|p2a: Jirachi|Jirachi|341\/341
|move|p1a: Lopunny|Frustration|p2a: Jirachi
|-resisted|p2a: Jirachi
|-damage|p2a: Jirachi|248\/341
|
|turn|4
|
|move|p2a: Jirachi|Iron Head|p1a: Lopunny
|-end|p1a: Lopunny|Substitute
|move|p1a: Lopunny|High Jump Kick|p2a: Jirachi
|-damage|p2a: Jirachi|2\/341
|
|turn|5
|
|switch|p1a: Tentacruel|Tentacruel, F|364\/364
|-damage|p1a: Tentacruel|319\/364|[from] Stealth Rock
|move|p2a: Jirachi|Iron Head|p1a: Tentacruel
|-resisted|p1a: Tentacruel
|-damage|p1a: Tentacruel|265\/364
|
|-heal|p1a: Tentacruel|287\/364|[from] item: Black Sludge
|turn|6
|
|switch|p2a: Swampert|Swampert, M|404\/404
|move|p1a: Tentacruel|Toxic Spikes|p2a: Swampert
|-sidestart|p2: ayo sb|move: Toxic Spikes
|
|-heal|p1a: Tentacruel|309\/364|[from] item: Black Sludge
|turn|7
|
|move|p1a: Tentacruel|Toxic|p2a: Swampert
|-status|p2a: Swampert|tox
|move|p2a: Swampert|Earthquake|p1a: Tentacruel
|-supereffective|p1a: Tentacruel
|-damage|p1a: Tentacruel|85\/364
|
|-heal|p1a: Tentacruel|107\/364|[from] item: Black Sludge
|-damage|p2a: Swampert|379\/404 tox|[from] psn
|turn|8
|
|move|p1a: Tentacruel|Rapid Spin|p2a: Swampert
|-damage|p2a: Swampert|370\/404 tox
|-sideend|p1: xMarth|Stealth Rock|[from] move: Rapid Spin|[of] p1a: Tentacruel
|move|p2a: Swampert|Roar|p1a: Tentacruel
|drag|p1a: Jirachi|Jirachi, shiny|341\/341
|
|-heal|p2a: Swampert|395\/404 tox|[from] item: Leftovers
|-damage|p2a: Swampert|345\/404 tox|[from] psn
|turn|9
|
|switch|p1a: Tentacruel|Tentacruel, F|107\/364
|move|p2a: Swampert|Stealth Rock|p1a: Tentacruel
|-sidestart|p1: xMarth|move: Stealth Rock
|
|-heal|p1a: Tentacruel|129\/364|[from] item: Black Sludge
|-heal|p2a: Swampert|370\/404 tox|[from] item: Leftovers
|-damage|p2a: Swampert|295\/404 tox|[from] psn
|turn|10
|
|switch|p2a: Chandelure|Chandelure, F|261\/261
|-status|p2a: Chandelure|psn
|move|p1a: Tentacruel|Rapid Spin|p2a: Chandelure
|-immune|p2a: Chandelure|[msg]
|
|-heal|p1a: Tentacruel|151\/364|[from] item: Black Sludge
|-damage|p2a: Chandelure|229\/261 psn|[from] psn
|turn|11
|
|switch|p1a: Hydreigon|Hydreigon, F|325\/325
|-damage|p1a: Hydreigon|285\/325|[from] Stealth Rock
|move|p2a: Chandelure|Shadow Ball|p1a: Hydreigon
|-resisted|p1a: Hydreigon
|-damage|p1a: Hydreigon|146\/325
|-unboost|p1a: Hydreigon|spd|1
|
|-damage|p2a: Chandelure|197\/261 psn|[from] psn
|turn|12
|
|switch|p2a: Swampert|Swampert, M|295\/404 tox
|move|p1a: Hydreigon|Dark Pulse|p2a: Swampert
|-damage|p2a: Swampert|138\/404 tox
|
|-heal|p2a: Swampert|163\/404 tox|[from] item: Leftovers
|-damage|p2a: Swampert|138\/404 tox|[from] psn
|turn|13
|
|move|p1a: Hydreigon|Dark Pulse|p2a: Swampert
|-damage|p2a: Swampert|0 fnt
|faint|p2a: Swampert
|
|
|switch|p2a: Tornadus|Tornadus, M|299\/299
|turn|14
|
|move|p1a: Hydreigon|Dark Pulse|p2a: Tornadus
|-damage|p2a: Tornadus|118\/299
|move|p2a: Tornadus|Acrobatics|p1a: Hydreigon
|-damage|p1a: Hydreigon|0 fnt
|faint|p1a: Hydreigon
|
|
|switch|p1a: Gligar|Gligar, M|334\/334
|-damage|p1a: Gligar|293\/334|[from] Stealth Rock
|turn|15
|
|move|p2a: Tornadus|Taunt|p1a: Gligar
|-start|p1a: Gligar|move: Taunt
|cant|p1a: Gligar|move: Taunt|Stealth Rock
|
|turn|16
|
|move|p2a: Tornadus|Acrobatics|p1a: Gligar
|-damage|p1a: Gligar|206\/334
|move|p1a: Gligar|U-turn|p2a: Tornadus
|-resisted|p2a: Tornadus
|-damage|p2a: Tornadus|88\/299
|
|switch|p1a: Lopunny|Lopunny-Mega, F|204\/271
|-damage|p1a: Lopunny|188\/271|[from] Stealth Rock
|
|turn|17
|
|move|p1a: Lopunny|Frustration|p2a: Tornadus
|-damage|p2a: Tornadus|0 fnt
|faint|p2a: Tornadus
|
|
|switch|p2a: Jirachi|Jirachi|2\/341
|turn|18
|
|switch|p1a: Tentacruel|Tentacruel, F|151\/364
|-damage|p1a: Tentacruel|106\/364|[from] Stealth Rock
|move|p2a: Jirachi|Zen Headbutt|p1a: Tentacruel
|-supereffective|p1a: Tentacruel
|-damage|p1a: Tentacruel|0 fnt
|faint|p1a: Tentacruel
|
|
|switch|p1a: Jirachi|Jirachi, shiny|341\/341
|-damage|p1a: Jirachi|320\/341|[from] Stealth Rock
|turn|19
|
|switch|p2a: Crobat|Crobat, F|325\/325
|move|p1a: Jirachi|Substitute|p1a: Jirachi
|-start|p1a: Jirachi|Substitute
|-damage|p1a: Jirachi|235\/341
|
|-heal|p1a: Jirachi|256\/341|[from] item: Leftovers
|turn|20
|
|move|p2a: Crobat|Taunt|p1a: Jirachi
|-start|p1a: Jirachi|move: Taunt
|cant|p1a: Jirachi|move: Taunt|Calm Mind
|
|-heal|p1a: Jirachi|277\/341|[from] item: Leftovers
|turn|21
|
|move|p2a: Crobat|Brave Bird|p1a: Jirachi
|-resisted|p1a: Jirachi
|-damage|p1a: Jirachi|190\/341
|-damage|p2a: Crobat|296\/325|[from] recoil|[of] p1a: Jirachi
|move|p1a: Jirachi|Psyshock|p2a: Crobat
|-supereffective|p2a: Crobat
|-damage|p2a: Crobat|14\/325
|
|-heal|p2a: Crobat|34\/325|[from] item: Leftovers
|-heal|p1a: Jirachi|211\/341|[from] item: Leftovers
|turn|22
|
|switch|p2a: Jirachi|Jirachi|2\/341
|move|p1a: Jirachi|Psyshock|p2a: Jirachi
|-resisted|p2a: Jirachi
|-damage|p2a: Jirachi|0 fnt
|faint|p2a: Jirachi
|
|-heal|p1a: Jirachi|232\/341|[from] item: Leftovers
|-end|p1a: Jirachi|move: Taunt
|
|switch|p2a: Chandelure|Chandelure, F|197\/261 psn
|turn|23
|
|move|p1a: Jirachi|Psyshock|p2a: Chandelure
|-damage|p2a: Chandelure|61\/261 psn
|move|p2a: Chandelure|Shadow Ball|p1a: Jirachi
|-supereffective|p1a: Jirachi
|-end|p1a: Jirachi|Substitute
|
|-heal|p1a: Jirachi|253\/341|[from] item: Leftovers
|-damage|p2a: Chandelure|29\/261 psn|[from] psn
|turn|24
|
|move|p1a: Jirachi|Psyshock|p2a: Chandelure
|-damage|p2a: Chandelure|0 fnt
|faint|p2a: Chandelure
|
|-heal|p1a: Jirachi|274\/341|[from] item: Leftovers
|
|switch|p2a: Banette|Banette, M|311\/311
|-status|p2a: Banette|psn
|-item|p1a: Jirachi|Leftovers|[from] ability: Frisk|[of] p2a: Banette|[identify]
|turn|25
|
|switch|p1a: Gligar|Gligar, M|206\/334
|-damage|p1a: Gligar|165\/334|[from] Stealth Rock
|detailschange|p2a: Banette|Banette-Mega, M
|message|Banette has Mega Evolved into Mega Banette!
|move|p2a: Banette|Shadow Sneak|p1a: Gligar
|-damage|p1a: Gligar|123\/334
|
|-damage|p2a: Banette|273\/311 psn|[from] psn
|turn|26
|
|move|p2a: Banette|Will-O-Wisp|p1a: Gligar
|-status|p1a: Gligar|brn
|move|p1a: Gligar|Stealth Rock|p2a: Banette
|-sidestart|p2: ayo sb|move: Stealth Rock
|
|-damage|p1a: Gligar|82\/334 brn|[from] brn
|-damage|p2a: Banette|235\/311 psn|[from] psn
|turn|27
|c|âayo sb|gg
|-message|ayo sb forfeited.
|
|win|xMarth
|raw|Ladder updating...
|c|âxMarth|gg
|leave|ayo sb
|player|p2
|raw|xMarth's rating: 1550 &rarr; <strong>1559<\/strong><br \/>(+9 for winning)
|raw|ayo sb's rating: 1325 &rarr; <strong>1317<\/strong><br \/>(-8 for losing)
|leave|xMarth
|player|p1
|join|xMarth