|join|xMarth
|join|andrewpocius
|player|p1|xMarth|153
|player|p2|andrewpocius|87
|gametype|singles
|gen|6
|tier|UU
|rated
|rule|Sleep Clause Mod: Limit one foe put to sleep
|rule|Species Clause: Limit one of each PokÃ©mon
|rule|OHKO Clause: OHKO moves are banned
|rule|Moody Clause: Moody is banned
|rule|Evasion Moves Clause: Evasion moves are banned
|rule|Endless Battle Clause: Forcing endless battles is banned
|rule|HP Percentage Mod: HP is shown in percentages
|clearpoke
|poke|p1|Lopunny, F
|poke|p1|Hydreigon, F
|poke|p1|Jirachi, shiny
|poke|p1|Tentacruel, F
|poke|p1|Gligar, F
|poke|p1|Umbreon, M
|poke|p2|Spiritomb, F
|poke|p2|Raikou, shiny
|poke|p2|Forretress, M
|poke|p2|Trevenant, M
|poke|p2|Umbreon, M
|poke|p2|Goodra, F
|rule|Swagger Clause: Swagger is banned
|rule|Baton Pass Clause: Limit one PokÃ©mon knowing Baton Pass
|teampreview
|
|start
|switch|p1a: Lopunny|Lopunny, F|271\/271
|switch|p2a: Forretress|Forretress, M|354\/354
|turn|1
|
|detailschange|p1a: Lopunny|Lopunny-Mega, F
|message|Lopunny has Mega Evolved into Mega Lopunny!
|move|p1a: Lopunny|Substitute|p1a: Lopunny
|-start|p1a: Lopunny|Substitute
|-damage|p1a: Lopunny|204\/271
|move|p2a: Forretress|Stealth Rock|p1a: Lopunny
|-sidestart|p1: xMarth|move: Stealth Rock
|
|turn|2
|
|move|p1a: Lopunny|Encore|p2a: Forretress
|-start|p2a: Forretress|Encore
|move|p2a: Forretress|Stealth Rock|p1a: Lopunny
|-fail|p1a: Lopunny
|
|turn|3
|
|switch|p2a: Spiritomb|Spiritomb, F|304\/304
|-ability|p2a: Spiritomb|Pressure
|move|p1a: Lopunny|High Jump Kick|p2a: Spiritomb
|-supereffective|p2a: Spiritomb
|-damage|p2a: Spiritomb|0 fnt
|faint|p2a: Spiritomb
|
|
|switch|p2a: Forretress|Forretress, M|354\/354
|turn|4
|
|move|p1a: Lopunny|High Jump Kick|p2a: Forretress
|-damage|p2a: Forretress|207\/354
|move|p2a: Forretress|Gyro Ball|p1a: Lopunny
|-end|p1a: Lopunny|Substitute
|
|-heal|p2a: Forretress|229\/354|[from] item: Leftovers
|turn|5
|
|switch|p1a: Tentacruel|Tentacruel, F|364\/364
|-damage|p1a: Tentacruel|319\/364|[from] Stealth Rock
|move|p2a: Forretress|Gyro Ball|p1a: Tentacruel
|-resisted|p1a: Tentacruel
|-damage|p1a: Tentacruel|277\/364
|
|-heal|p1a: Tentacruel|299\/364|[from] item: Black Sludge
|-heal|p2a: Forretress|251\/354|[from] item: Leftovers
|turn|6
|
|switch|p2a: Goodra|Goodra, F|384\/384
|move|p1a: Tentacruel|Rapid Spin|p2a: Goodra
|-damage|p2a: Goodra|369\/384
|-sideend|p1: xMarth|Stealth Rock|[from] move: Rapid Spin|[of] p1a: Tentacruel
|
|-heal|p1a: Tentacruel|321\/364|[from] item: Black Sludge
|turn|7
|
|move|p1a: Tentacruel|Toxic Spikes|p2a: Goodra
|-sidestart|p2: andrewpocius|move: Toxic Spikes
|move|p2a: Goodra|Thunderbolt|p1a: Tentacruel
|-supereffective|p1a: Tentacruel
|-damage|p1a: Tentacruel|137\/364
|
|-heal|p1a: Tentacruel|159\/364|[from] item: Black Sludge
|turn|8
|join|Alldaalts
|
|move|p1a: Tentacruel|Toxic|p2a: Goodra
|-status|p2a: Goodra|tox
|move|p2a: Goodra|Thunderbolt|p1a: Tentacruel
|-crit|p1a: Tentacruel
|-supereffective|p1a: Tentacruel
|-damage|p1a: Tentacruel|0 fnt
|faint|p1a: Tentacruel
|
|-damage|p2a: Goodra|345\/384 tox|[from] psn
|
|switch|p1a: Lopunny|Lopunny-Mega, F|204\/271
|turn|9
|
|move|p1a: Lopunny|Substitute|p1a: Lopunny
|-start|p1a: Lopunny|Substitute
|-damage|p1a: Lopunny|137\/271
|move|p2a: Goodra|Draco Meteor|p1a: Lopunny
|-end|p1a: Lopunny|Substitute
|-unboost|p2a: Goodra|spa|2
|
|-damage|p2a: Goodra|297\/384 tox|[from] psn
|turn|10
|
|switch|p2a: Forretress|Forretress, M|251\/354
|move|p1a: Lopunny|High Jump Kick|p2a: Forretress
|-damage|p2a: Forretress|112\/354
|
|-heal|p2a: Forretress|134\/354|[from] item: Leftovers
|turn|11
|join|hairy toenail
|
|move|p1a: Lopunny|High Jump Kick|p2a: Forretress|[miss]
|-miss|p1a: Lopunny|p2a: Forretress
|-damage|p1a: Lopunny|2\/271|[from] highjumpkick
|move|p2a: Forretress|Rapid Spin|p1a: Lopunny
|-damage|p1a: Lopunny|0 fnt
|-sideend|p2: andrewpocius|Toxic Spikes|[from] move: Rapid Spin|[of] p2a: Forretress
|faint|p1a: Lopunny
|
|-heal|p2a: Forretress|156\/354|[from] item: Leftovers
|
|switch|p1a: Jirachi|Jirachi, shiny|341\/341
|turn|12
|
|move|p1a: Jirachi|Substitute|p1a: Jirachi
|-start|p1a: Jirachi|Substitute
|-damage|p1a: Jirachi|256\/341
|move|p2a: Forretress|Stealth Rock|p1a: Jirachi
|-sidestart|p1: xMarth|move: Stealth Rock
|
|-heal|p1a: Jirachi|277\/341|[from] item: Leftovers
|-heal|p2a: Forretress|178\/354|[from] item: Leftovers
|turn|13
|
|move|p1a: Jirachi|Calm Mind|p1a: Jirachi
|-boost|p1a: Jirachi|spa|1
|-boost|p1a: Jirachi|spd|1
|move|p2a: Forretress|Spikes|p1a: Jirachi
|-sidestart|p1: xMarth|Spikes
|
|-heal|p1a: Jirachi|298\/341|[from] item: Leftovers
|-heal|p2a: Forretress|200\/354|[from] item: Leftovers
|turn|14
|
|switch|p2a: Umbreon|Umbreon, M|394\/394
|move|p1a: Jirachi|Calm Mind|p1a: Jirachi
|-boost|p1a: Jirachi|spa|1
|-boost|p1a: Jirachi|spd|1
|
|-heal|p1a: Jirachi|319\/341|[from] item: Leftovers
|turn|15
|
|move|p1a: Jirachi|Moonblast|p2a: Umbreon
|-supereffective|p2a: Umbreon
|-damage|p2a: Umbreon|172\/394
|-unboost|p2a: Umbreon|spa|1
|move|p2a: Umbreon|Foul Play|p1a: Jirachi
|-supereffective|p1a: Jirachi
|-end|p1a: Jirachi|Substitute
|
|-heal|p1a: Jirachi|340\/341|[from] item: Leftovers
|-heal|p2a: Umbreon|196\/394|[from] item: Leftovers
|turn|16
|
|move|p2a: Umbreon|Protect|p2a: Umbreon
|-singleturn|p2a: Umbreon|Protect
|move|p1a: Jirachi|Moonblast|p2a: Umbreon
|-activate|p2a: Umbreon|Protect
|
|-heal|p1a: Jirachi|341\/341|[from] item: Leftovers
|-heal|p2a: Umbreon|220\/394|[from] item: Leftovers
|turn|17
|
|move|p1a: Jirachi|Moonblast|p2a: Umbreon
|-supereffective|p2a: Umbreon
|-damage|p2a: Umbreon|4\/394
|move|p2a: Umbreon|Foul Play|p1a: Jirachi
|-supereffective|p1a: Jirachi
|-damage|p1a: Jirachi|153\/341
|
|-heal|p1a: Jirachi|174\/341|[from] item: Leftovers
|-heal|p2a: Umbreon|28\/394|[from] item: Leftovers
|turn|18
|join|Cranham
|
|switch|p2a: Trevenant|Trevenant, M|374\/374
|move|p1a: Jirachi|Moonblast|p2a: Trevenant
|-damage|p2a: Trevenant|218\/374
|-unboost|p2a: Trevenant|spa|1
|
|-heal|p1a: Jirachi|195\/341|[from] item: Leftovers
|-heal|p2a: Trevenant|241\/374|[from] item: Leftovers
|turn|19
|
|move|p1a: Jirachi|Psyshock|p2a: Trevenant
|-damage|p2a: Trevenant|0 fnt
|faint|p2a: Trevenant
|
|-heal|p1a: Jirachi|216\/341|[from] item: Leftovers
|
|switch|p2a: Raikou|Raikou, shiny|322\/322
|-ability|p2a: Raikou|Pressure
|turn|20
|
|move|p2a: Raikou|Shadow Ball|p1a: Jirachi
|-crit|p1a: Jirachi
|-supereffective|p1a: Jirachi
|-damage|p1a: Jirachi|0 fnt
|faint|p1a: Jirachi
|
|
|switch|p1a: Gligar|Gligar, F|334\/334
|-damage|p1a: Gligar|293\/334|[from] Stealth Rock
|turn|21
|
|switch|p2a: Umbreon|Umbreon, M|28\/394
|move|p1a: Gligar|Earthquake|p2a: Umbreon
|-damage|p2a: Umbreon|0 fnt
|faint|p2a: Umbreon
|
|join|Meruu
|join|saf rimmons
|
|switch|p2a: Goodra|Goodra, F|297\/384 tox
|turn|22
|
|move|p1a: Gligar|Stealth Rock|p2a: Goodra
|-sidestart|p2: andrewpocius|move: Stealth Rock
|move|p2a: Goodra|Draco Meteor|p1a: Gligar
|-damage|p1a: Gligar|61\/334
|-unboost|p2a: Goodra|spa|2
|
|-damage|p2a: Goodra|273\/384 tox|[from] psn
|turn|23
|
|move|p1a: Gligar|Roost|p1a: Gligar
|-heal|p1a: Gligar|228\/334
|move|p2a: Goodra|Flamethrower|p1a: Gligar
|-crit|p1a: Gligar
|-damage|p1a: Gligar|88\/334
|
|-damage|p2a: Goodra|225\/384 tox|[from] psn
|turn|24
|leave|hairy toenail
|
|switch|p2a: Forretress|Forretress, M|200\/354
|-damage|p2a: Forretress|156\/354|[from] Stealth Rock
|move|p1a: Gligar|Roost|p1a: Gligar
|-heal|p1a: Gligar|255\/334
|
|-heal|p2a: Forretress|178\/354|[from] item: Leftovers
|turn|25
|
|move|p1a: Gligar|Earthquake|p2a: Forretress
|-damage|p2a: Forretress|121\/354
|move|p2a: Forretress|Spikes|p1a: Gligar
|-sidestart|p1: xMarth|Spikes
|
|-heal|p2a: Forretress|143\/354|[from] item: Leftovers
|turn|26
|
|move|p1a: Gligar|Earthquake|p2a: Forretress
|-damage|p2a: Forretress|92\/354
|move|p2a: Forretress|Spikes|p1a: Gligar
|-sidestart|p1: xMarth|Spikes
|
|-heal|p2a: Forretress|114\/354|[from] item: Leftovers
|turn|27
|
|move|p1a: Gligar|Earthquake|p2a: Forretress
|-damage|p2a: Forretress|56\/354
|move|p2a: Forretress|Rapid Spin|p1a: Gligar
|-damage|p1a: Gligar|247\/334
|-sideend|p2: andrewpocius|Stealth Rock|[from] move: Rapid Spin|[of] p2a: Forretress
|
|-heal|p2a: Forretress|78\/354|[from] item: Leftovers
|turn|28
|
|move|p1a: Gligar|Earthquake|p2a: Forretress
|-damage|p2a: Forretress|23\/354
|move|p2a: Forretress|Gyro Ball|p1a: Gligar
|-damage|p1a: Gligar|211\/334
|
|-heal|p2a: Forretress|45\/354|[from] item: Leftovers
|turn|29
|
|move|p1a: Gligar|Earthquake|p2a: Forretress
|-damage|p2a: Forretress|0 fnt
|faint|p2a: Forretress
|
|
|switch|p2a: Goodra|Goodra, F|225\/384 tox
|turn|30
|
|move|p1a: Gligar|Roost|p1a: Gligar
|-heal|p1a: Gligar|334\/334
|move|p2a: Goodra|Draco Meteor|p1a: Gligar
|-damage|p1a: Gligar|102\/334
|-unboost|p2a: Goodra|spa|2
|
|-damage|p2a: Goodra|201\/384 tox|[from] psn
|turn|31
|
|switch|p2a: Raikou|Raikou, shiny|322\/322
|-ability|p2a: Raikou|Pressure
|move|p1a: Gligar|Roost|p1a: Gligar
|-heal|p1a: Gligar|269\/334
|
|turn|32
|
|switch|p1a: Hydreigon|Hydreigon, F|325\/325
|-damage|p1a: Hydreigon|285\/325|[from] Stealth Rock
|move|p2a: Raikou|Shadow Ball|p1a: Hydreigon
|-resisted|p1a: Hydreigon
|-damage|p1a: Hydreigon|201\/325
|-unboost|p1a: Hydreigon|spd|1
|
|turn|33
|
|move|p1a: Hydreigon|Dark Pulse|p2a: Raikou
|-damage|p2a: Raikou|157\/322
|move|p2a: Raikou|Shadow Ball|p1a: Hydreigon
|-resisted|p1a: Hydreigon
|-damage|p1a: Hydreigon|78\/325
|
|turn|34
|
|switch|p2a: Goodra|Goodra, F|201\/384 tox
|move|p1a: Hydreigon|Dark Pulse|p2a: Goodra
|-crit|p2a: Goodra
|-damage|p2a: Goodra|99\/384 tox
|
|-damage|p2a: Goodra|75\/384 tox|[from] psn
|turn|35
|
|move|p1a: Hydreigon|Dark Pulse|p2a: Goodra
|-crit|p2a: Goodra
|-damage|p2a: Goodra|0 fnt
|faint|p2a: Goodra
|
|
|switch|p2a: Raikou|Raikou, shiny|157\/322
|-ability|p2a: Raikou|Pressure
|turn|36
|
|move|p1a: Hydreigon|Dark Pulse|p2a: Raikou
|-damage|p2a: Raikou|15\/322
|move|p2a: Raikou|Aura Sphere|p1a: Hydreigon
|-supereffective|p1a: Hydreigon
|-damage|p1a: Hydreigon|0 fnt
|faint|p1a: Hydreigon
|
|
|switch|p1a: Gligar|Gligar, F|269\/334
|-damage|p1a: Gligar|228\/334|[from] Stealth Rock
|turn|37
|
|move|p2a: Raikou|Aura Sphere|p1a: Gligar
|-resisted|p1a: Gligar
|-damage|p1a: Gligar|157\/334
|move|p1a: Gligar|Earthquake|p2a: Raikou
|-supereffective|p2a: Raikou
|-damage|p2a: Raikou|0 fnt
|faint|p2a: Raikou
|
|win|xMarth
|raw|Ladder updating...
|c|âandrewpocius|gg
|c|âxMarth|gg
|leave|andrewpocius
|player|p2