|join|xMarth
|join|meeowiekins
|player|p1|xMarth|153
|player|p2|meeowiekins|160
|gametype|singles
|gen|6
|tier|UU
|rated
|rule|Sleep Clause Mod: Limit one foe put to sleep
|rule|Species Clause: Limit one of each PokÃ©mon
|rule|OHKO Clause: OHKO moves are banned
|rule|Moody Clause: Moody is banned
|rule|Evasion Moves Clause: Evasion moves are banned
|rule|Endless Battle Clause: Forcing endless battles is banned
|rule|HP Percentage Mod: HP is shown in percentages
|clearpoke
|poke|p1|Zygarde
|poke|p1|Metagross
|poke|p1|Hydreigon, M
|poke|p1|Crobat, F
|poke|p1|Florges, F
|poke|p1|Swampert, F
|poke|p2|Shedinja
|poke|p2|Xatu, F
|poke|p2|Tentacruel, M
|poke|p2|Krookodile, F
|poke|p2|Aromatisse, F
|poke|p2|Rotom-Heat
|rule|Swagger Clause: Swagger is banned
|rule|Baton Pass Clause: Limit one PokÃ©mon knowing Baton Pass
|teampreview
|c|âmeeowiekins|now if i win
|c|âxMarth|u said no search lol
|c|âmeeowiekins|i get that one achievement
|c|âmeeowiekins|or does that not count
|c|âxMarth|idk which one?
|c|âmeeowiekins|beat someone 200 points hiht
|c|âmeeowiekins|wow spelling
|c|âxMarth|oh yea maybe haha
|c|âmeeowiekins|higher
|
|start
|switch|p1a: Swampert|Swampert, F|404\/404
|switch|p2a: Rotom-Heat|Rotom-Heat|241\/241
|turn|1
|
|switch|p2a: Xatu|Xatu, F|271\/271
|switch|p1a: Metagross|Metagross|301\/301
|
|turn|2
|
|switch|p2a: Â¯\_(ã)_\/Â¯|Shedinja|1\/1
|move|p1a: Metagross|Meteor Mash|p2a: Â¯\_(ã)_\/Â¯
|-activate|p2a: Â¯\_(ã)_\/Â¯|ability: Wonder Guard
|
|turn|3
|
|switch|p1a: Crobat|Crobat, F|345\/345
|switch|p2a: Rotom-Heat|Rotom-Heat|241\/241
|
|turn|4
|
|move|p1a: Crobat|U-turn|p2a: Rotom-Heat
|-resisted|p2a: Rotom-Heat
|-damage|p2a: Rotom-Heat|213\/241
|
|switch|p1a: Zygarde|Zygarde|405\/405
|-ability|p1a: Zygarde|Aura Break
|move|p2a: Rotom-Heat|Hidden Power|p1a: Zygarde
|-damage|p1a: Zygarde|317\/405
|
|-heal|p1a: Zygarde|342\/405|[from] item: Leftovers
|turn|5
|
|switch|p2a: Aromatisse|Aromatisse, F|406\/406
|switch|p1a: Crobat|Crobat, F|345\/345
|
|turn|6
|
|move|p1a: Crobat|Acrobatics|p2a: Aromatisse
|-damage|p2a: Aromatisse|291\/406
|move|p2a: Aromatisse|Wish|p2a: Aromatisse
|
|-heal|p2a: Aromatisse|316\/406|[from] item: Leftovers
|turn|7
|
|switch|p2a: Rotom-Heat|Rotom-Heat|213\/241
|move|p1a: Crobat|U-turn|p2a: Rotom-Heat
|-resisted|p2a: Rotom-Heat
|-damage|p2a: Rotom-Heat|184\/241
|
|switch|p1a: Hydreigon|Hydreigon, M|325\/325
|
|-heal|p2a: Rotom-Heat|241\/241|[from] move: Wish|[wisher] Aromatisse
|turn|8
|
|switch|p2a: Tentacruel|Tentacruel, M|364\/364
|move|p1a: Hydreigon|U-turn|p2a: Tentacruel
|-resisted|p2a: Tentacruel
|-damage|p2a: Tentacruel|330\/364
|
|switch|p1a: Swampert|Swampert, F|404\/404
|
|-heal|p2a: Tentacruel|352\/364|[from] item: Black Sludge
|turn|9
|
|switch|p2a: Xatu|Xatu, F|271\/271
|move|p1a: Swampert|Scald|p2a: Xatu
|-damage|p2a: Xatu|166\/271
|-status|p2a: Xatu|brn
|
|-damage|p2a: Xatu|133\/271 brn|[from] brn
|turn|10
|
|switch|p1a: Hydreigon|Hydreigon, M|325\/325
|move|p2a: Xatu|Grass Knot|p1a: Hydreigon
|-resisted|p1a: Hydreigon
|-damage|p1a: Hydreigon|257\/325
|-damage|p2a: Xatu|106\/271 brn|[from] item: Life Orb
|
|-damage|p2a: Xatu|73\/271 brn|[from] brn
|turn|11
|
|switch|p2a: Aromatisse|Aromatisse, F|316\/406
|move|p1a: Hydreigon|U-turn|p2a: Aromatisse
|-resisted|p2a: Aromatisse
|-damage|p2a: Aromatisse|294\/406
|
|switch|p1a: Metagross|Metagross|301\/301
|
|-heal|p2a: Aromatisse|319\/406|[from] item: Leftovers
|turn|12
|
|move|p2a: Aromatisse|Protect|p2a: Aromatisse
|-singleturn|p2a: Aromatisse|Protect
|move|p1a: Metagross|Meteor Mash|p2a: Aromatisse
|-activate|p2a: Aromatisse|Protect
|
|-heal|p2a: Aromatisse|344\/406|[from] item: Leftovers
|turn|13
|
|switch|p2a: Rotom-Heat|Rotom-Heat|241\/241
|move|p1a: Metagross|Meteor Mash|p2a: Rotom-Heat|[miss]
|-miss|p1a: Metagross|p2a: Rotom-Heat
|
|turn|14
|
|switch|p1a: Hydreigon|Hydreigon, M|257\/325
|move|p2a: Rotom-Heat|Overheat|p1a: Hydreigon
|-resisted|p1a: Hydreigon
|-damage|p1a: Hydreigon|93\/325
|-unboost|p2a: Rotom-Heat|spa|2
|
|turn|15
|
|switch|p2a: Aromatisse|Aromatisse, F|344\/406
|move|p1a: Hydreigon|U-turn|p2a: Aromatisse
|-resisted|p2a: Aromatisse
|-damage|p2a: Aromatisse|319\/406
|
|switch|p1a: Swampert|Swampert, F|404\/404
|
|-heal|p2a: Aromatisse|344\/406|[from] item: Leftovers
|turn|16
|
|switch|p2a: Xatu|Xatu, F|73\/271 brn
|move|p1a: Swampert|Stealth Rock|p2a: Xatu
|move|p2a: Xatu|Stealth Rock|p1a: Swampert|[from]Magic Bounce
|-sidestart|p1: xMarth|move: Stealth Rock
|
|-damage|p2a: Xatu|40\/271 brn|[from] brn
|turn|17
|
|move|p2a: Xatu|Psyshock|p1a: Swampert
|-damage|p1a: Swampert|278\/404
|-damage|p2a: Xatu|13\/271 brn|[from] item: Life Orb
|move|p1a: Swampert|Scald|p2a: Xatu
|-damage|p2a: Xatu|0 fnt
|faint|p2a: Xatu
|
|-heal|p1a: Swampert|303\/404|[from] item: Leftovers
|c|âxMarth|ah good
|
|switch|p2a: Rotom-Heat|Rotom-Heat|241\/241
|turn|18
|
|switch|p1a: Zygarde|Zygarde|342\/405
|-damage|p1a: Zygarde|317\/405|[from] Stealth Rock
|-ability|p1a: Zygarde|Aura Break
|move|p2a: Rotom-Heat|Hidden Power|p1a: Zygarde
|-damage|p1a: Zygarde|235\/405
|
|-heal|p1a: Zygarde|260\/405|[from] item: Leftovers
|turn|19
|
|switch|p2a: Aromatisse|Aromatisse, F|344\/406
|move|p1a: Zygarde|Earthquake|p2a: Aromatisse
|-damage|p2a: Aromatisse|239\/406
|
|-heal|p1a: Zygarde|285\/405|[from] item: Leftovers
|-heal|p2a: Aromatisse|264\/406|[from] item: Leftovers
|turn|20
|c|âmeeowiekins|stupid aura break
|c|âmeeowiekins|making sheddy useless
|
|switch|p1a: Crobat|Crobat, F|345\/345
|-damage|p1a: Crobat|259\/345|[from] Stealth Rock
|move|p2a: Aromatisse|Wish|p2a: Aromatisse
|
|-heal|p2a: Aromatisse|289\/406|[from] item: Leftovers
|turn|21
|c|âxMarth|no it doesnt lol
|c|âmeeowiekins|isnt it
|c|âmeeowiekins|mold breaker
|c|âxMarth|not like mold breaker
|c|âmeeowiekins|you sure?
|c|âxMarth|only effects xern\/yvetal
|c|âmeeowiekins|holy shit
|c|âmeeowiekins|thats based as fuck
|c|âxMarth|pretty sure
|
|switch|p2a: Rotom-Heat|Rotom-Heat|241\/241
|move|p1a: Crobat|Defog|p2a: Rotom-Heat
|-unboost|p2a: Rotom-Heat|evasion|1
|-sideend|p1: xMarth|Stealth Rock|[from] move: Defog|[of] p1a: Crobat
|
|turn|22
|c|âxMarth|dumbest ability for it tbh
|
|move|p1a: Crobat|U-turn|p2a: Rotom-Heat
|-resisted|p2a: Rotom-Heat
|-damage|p2a: Rotom-Heat|213\/241
|
|switch|p1a: Zygarde|Zygarde|285\/405
|-ability|p1a: Zygarde|Aura Break
|move|p2a: Rotom-Heat|Overheat|p1a: Zygarde
|-resisted|p1a: Zygarde
|-damage|p1a: Zygarde|154\/405
|-unboost|p2a: Rotom-Heat|spa|2
|
|-heal|p1a: Zygarde|179\/405|[from] item: Leftovers
|turn|23
|
|switch|p2a: Â¯\_(ã)_\/Â¯|Shedinja|1\/1
|switch|p1a: Swampert|Swampert, F|303\/404
|
|-heal|p1a: Swampert|328\/404|[from] item: Leftovers
|turn|24
|
|switch|p2a: Rotom-Heat|Rotom-Heat|213\/241
|move|p1a: Swampert|Stealth Rock|p2a: Rotom-Heat
|-sidestart|p2: meeowiekins|move: Stealth Rock
|
|-heal|p1a: Swampert|353\/404|[from] item: Leftovers
|turn|25
|
|switch|p1a: Zygarde|Zygarde|179\/405
|-ability|p1a: Zygarde|Aura Break
|move|p2a: Rotom-Heat|Overheat|p1a: Zygarde
|-resisted|p1a: Zygarde
|-damage|p1a: Zygarde|45\/405
|-unboost|p2a: Rotom-Heat|spa|2
|
|-heal|p1a: Zygarde|70\/405|[from] item: Leftovers
|turn|26
|
|switch|p2a: Aromatisse|Aromatisse, F|289\/406
|-damage|p2a: Aromatisse|239\/406|[from] Stealth Rock
|move|p1a: Zygarde|Earthquake|p2a: Aromatisse
|-damage|p2a: Aromatisse|140\/406
|
|-heal|p1a: Zygarde|95\/405|[from] item: Leftovers
|-heal|p2a: Aromatisse|165\/406|[from] item: Leftovers
|turn|27
|
|switch|p1a: Swampert|Swampert, F|353\/404
|switch|p2a: Krookodile|Krookodile, F|332\/332
|-damage|p2a: Krookodile|312\/332|[from] Stealth Rock
|
|-heal|p1a: Swampert|378\/404|[from] item: Leftovers
|turn|28
|c|âmeeowiekins|awk
|c|âxMarth|what was double there
|c|âmeeowiekins|predicting meta
|c|âmeeowiekins|because
|c|âmeeowiekins|without sheddy
|c|âxMarth|oh yea haha
|c|âmeeowiekins|meta fking destroys me
|
|move|p2a: Krookodile|Earthquake|p1a: Swampert
|-damage|p1a: Swampert|251\/404
|move|p1a: Swampert|Scald|p2a: Krookodile
|-supereffective|p2a: Krookodile
|-damage|p2a: Krookodile|106\/332
|
|-heal|p1a: Swampert|276\/404|[from] item: Leftovers
|turn|29
|c|âxMarth|yea u still have rotomh tho
|c|âxMarth|i wanted to roar wish
|c|âmeeowiekins|fair play
|
|switch|p2a: Tentacruel|Tentacruel, M|352\/364
|-damage|p2a: Tentacruel|307\/364|[from] Stealth Rock
|switch|p1a: Hydreigon|Hydreigon, M|93\/325
|
|-heal|p2a: Tentacruel|329\/364|[from] item: Black Sludge
|turn|30
|c|âmeeowiekins|yeee
|
|move|p1a: Hydreigon|U-turn|p2a: Tentacruel
|-resisted|p2a: Tentacruel
|-damage|p2a: Tentacruel|293\/364
|
|switch|p1a: Swampert|Swampert, F|276\/404
|move|p2a: Tentacruel|Rapid Spin|p1a: Swampert
|-damage|p1a: Swampert|267\/404
|-sideend|p2: meeowiekins|Stealth Rock|[from] move: Rapid Spin|[of] p2a: Tentacruel
|
|-heal|p2a: Tentacruel|315\/364|[from] item: Black Sludge
|-heal|p1a: Swampert|292\/404|[from] item: Leftovers
|turn|31
|
|move|p2a: Tentacruel|Toxic Spikes|p1a: Swampert
|-sidestart|p1: xMarth|move: Toxic Spikes
|move|p1a: Swampert|Stealth Rock|p2a: Tentacruel
|-sidestart|p2: meeowiekins|move: Stealth Rock
|
|-heal|p2a: Tentacruel|337\/364|[from] item: Black Sludge
|-heal|p1a: Swampert|317\/404|[from] item: Leftovers
|turn|32
|c|âxMarth|shoulda brought hp fire meta i guess
|
|switch|p2a: Rotom-Heat|Rotom-Heat|213\/241
|-damage|p2a: Rotom-Heat|153\/241|[from] Stealth Rock
|move|p1a: Swampert|Earthquake|p2a: Rotom-Heat
|-immune|p2a: Rotom-Heat|[msg]
|
|-heal|p1a: Swampert|342\/404|[from] item: Leftovers
|turn|33
|
|switch|p1a: Zygarde|Zygarde|95\/405
|-status|p1a: Zygarde|psn
|-ability|p1a: Zygarde|Aura Break
|move|p2a: Rotom-Heat|Trick|p1a: Zygarde
|-activate|p2a: Rotom-Heat|move: Trick|[of] p1a: Zygarde
|-item|p1a: Zygarde|Choice Specs|[from] move: Trick
|-item|p2a: Rotom-Heat|Leftovers|[from] move: Trick
|
|-heal|p2a: Rotom-Heat|168\/241|[from] item: Leftovers
|-damage|p1a: Zygarde|45\/405 psn|[from] psn
|turn|34
|c|âxMarth|aha
|c|âxMarth|the greatest zyggy in world has arrived
|c|âmeeowiekins|thought you would finally go to florge 
|c|âmeeowiekins|damn
|
|move|p2a: Rotom-Heat|Hidden Power|p1a: Zygarde
|-damage|p1a: Zygarde|0 fnt
|faint|p1a: Zygarde
|
|-heal|p2a: Rotom-Heat|183\/241|[from] item: Leftovers
|c|âxMarth|nah zyggy has been fodder whole time anyway
|
|switch|p1a: Hydreigon|Hydreigon, M|93\/325
|turn|35
|
|move|p1a: Hydreigon|Draco Meteor|p2a: Rotom-Heat
|-damage|p2a: Rotom-Heat|0 fnt
|-unboost|p1a: Hydreigon|spa|2
|faint|p2a: Rotom-Heat
|
|
|switch|p2a: Tentacruel|Tentacruel, M|337\/364
|-damage|p2a: Tentacruel|292\/364|[from] Stealth Rock
|turn|36
|
|switch|p1a: Crobat|Crobat, F|259\/345
|move|p2a: Tentacruel|Rapid Spin|p1a: Crobat
|-damage|p1a: Crobat|245\/345
|-sideend|p2: meeowiekins|Stealth Rock|[from] move: Rapid Spin|[of] p2a: Tentacruel
|
|-heal|p2a: Tentacruel|314\/364|[from] item: Black Sludge
|turn|37
|c|âmeeowiekins|burn right now
|c|âmeeowiekins|pls
|
|move|p1a: Crobat|Defog|p2a: Tentacruel
|-unboost|p2a: Tentacruel|evasion|1
|-sideend|p1: xMarth|Toxic Spikes|[from] move: Defog|[of] p1a: Crobat
|move|p2a: Tentacruel|Scald|p1a: Crobat
|-crit|p1a: Crobat
|-damage|p1a: Crobat|101\/345
|-status|p1a: Crobat|brn
|
|-heal|p2a: Tentacruel|336\/364|[from] item: Black Sludge
|-damage|p1a: Crobat|58\/345 brn|[from] brn
|turn|38
|c|âmeeowiekins|:]
|c|âxMarth|the legendary critburn
|
|move|p1a: Crobat|U-turn|p2a: Tentacruel
|-resisted|p2a: Tentacruel
|-damage|p2a: Tentacruel|316\/364
|c|âmeeowiekins|nb
|
|switch|p1a: Swampert|Swampert, F|342\/404
|move|p2a: Tentacruel|Toxic Spikes|p1a: Swampert
|-sidestart|p1: xMarth|move: Toxic Spikes
|
|-heal|p2a: Tentacruel|338\/364|[from] item: Black Sludge
|-heal|p1a: Swampert|367\/404|[from] item: Leftovers
|turn|39
|
|switch|p2a: Â¯\_(ã)_\/Â¯|Shedinja|1\/1
|move|p1a: Swampert|Earthquake|p2a: Â¯\_(ã)_\/Â¯
|-activate|p2a: Â¯\_(ã)_\/Â¯|ability: Wonder Guard
|
|-heal|p1a: Swampert|392\/404|[from] item: Leftovers
|turn|40
|
|move|p2a: Â¯\_(ã)_\/Â¯|Swords Dance|p2a: Â¯\_(ã)_\/Â¯
|-boost|p2a: Â¯\_(ã)_\/Â¯|atk|2
|move|p1a: Swampert|Stealth Rock|p2a: Â¯\_(ã)_\/Â¯
|-sidestart|p2: meeowiekins|move: Stealth Rock
|
|-heal|p1a: Swampert|404\/404|[from] item: Leftovers
|turn|41
|
|move|p2a: Â¯\_(ã)_\/Â¯|X-Scissor|p1a: Swampert
|-damage|p1a: Swampert|203\/404
|move|p1a: Swampert|Roar|p2a: Â¯\_(ã)_\/Â¯
|drag|p2a: Aromatisse|Aromatisse, F|165\/406
|-damage|p2a: Aromatisse|115\/406|[from] Stealth Rock
|
|-heal|p1a: Swampert|228\/404|[from] item: Leftovers
|-heal|p2a: Aromatisse|140\/406|[from] item: Leftovers
|turn|42
|c|âmeeowiekins|the threat is
|c|âmeeowiekins|here
|c|âxMarth|ow
|
|move|p1a: Swampert|Earthquake|p2a: Aromatisse
|-damage|p2a: Aromatisse|19\/406
|move|p2a: Aromatisse|Moonblast|p1a: Swampert
|-damage|p1a: Swampert|114\/404
|
|-heal|p1a: Swampert|139\/404|[from] item: Leftovers
|-heal|p2a: Aromatisse|44\/406|[from] item: Leftovers
|turn|43
|
|switch|p1a: Metagross|Metagross|301\/301
|move|p2a: Aromatisse|Moonblast|p1a: Metagross
|-resisted|p1a: Metagross
|-damage|p1a: Metagross|235\/301
|
|-heal|p2a: Aromatisse|69\/406|[from] item: Leftovers
|turn|44
|
|move|p1a: Metagross|Earthquake|p2a: Aromatisse
|-damage|p2a: Aromatisse|0 fnt
|-damage|p1a: Metagross|205\/301|[from] item: Life Orb
|faint|p2a: Aromatisse
|
|leave|meeowiekins
|player|p2
|join|meeowiekins
|player|p2|meeowiekins|160
|c|âxMarth|dc?
|c|âmeeowiekins|ya
|
|switch|p2a: Tentacruel|Tentacruel, M|338\/364
|-damage|p2a: Tentacruel|293\/364|[from] Stealth Rock
|turn|45
|c|âmeeowiekins|internet here is shit
|c|âmeeowiekins|are you fast
|c|âmeeowiekins|pls no
|c|âxMarth|not fast =\/
|c|âmeeowiekins|:]
|c|âmeeowiekins|wait i beat adamant krow
|
|switch|p1a: Florges|Florges, F|360\/360
|-status|p1a: Florges|psn
|move|p2a: Tentacruel|Rapid Spin|p1a: Florges
|-damage|p1a: Florges|349\/360 psn
|-sideend|p2: meeowiekins|Stealth Rock|[from] move: Rapid Spin|[of] p2a: Tentacruel
|
|-heal|p2a: Tentacruel|315\/364|[from] item: Black Sludge
|-heal|p1a: Florges|360\/360 psn|[from] item: Leftovers
|-damage|p1a: Florges|315\/360 psn|[from] psn
|turn|46
|c|âmeeowiekins|no way i lose to this
|
|switch|p2a: Â¯\_(ã)_\/Â¯|Shedinja|1\/1
|move|p1a: Florges|Wish|p1a: Florges
|
|-heal|p1a: Florges|337\/360 psn|[from] item: Leftovers
|-damage|p1a: Florges|292\/360 psn|[from] psn
|turn|47
|c|âmeeowiekins|ah fk
|
|switch|p1a: Swampert|Swampert, F|139\/404
|-status|p1a: Swampert|psn
|move|p2a: Â¯\_(ã)_\/Â¯|Swords Dance|p2a: Â¯\_(ã)_\/Â¯
|-boost|p2a: Â¯\_(ã)_\/Â¯|atk|2
|
|-heal|p1a: Swampert|319\/404 psn|[from] move: Wish|[wisher] Florges
|-heal|p1a: Swampert|344\/404 psn|[from] item: Leftovers
|-damage|p1a: Swampert|294\/404 psn|[from] psn
|turn|48
|
|move|p2a: Â¯\_(ã)_\/Â¯|X-Scissor|p1a: Swampert
|-damage|p1a: Swampert|99\/404 psn
|move|p1a: Swampert|Roar|p2a: Â¯\_(ã)_\/Â¯
|drag|p2a: Krookodile|Krookodile, F|106\/332
|
|-heal|p1a: Swampert|124\/404 psn|[from] item: Leftovers
|-damage|p1a: Swampert|74\/404 psn|[from] psn
|turn|49
|
|switch|p1a: Florges|Florges, F|292\/360 psn
|move|p2a: Krookodile|Knock Off|p1a: Florges
|-resisted|p1a: Florges
|-damage|p1a: Florges|211\/360 psn
|-enditem|p1a: Florges|Leftovers|[from] move: Knock Off|[of] p2a: Krookodile
|
|-damage|p1a: Florges|166\/360 psn|[from] psn
|turn|50
|c|âxMarth|i needed no crit burn tbh
|c|âmeeowiekins|ya
|c|âmeeowiekins|sorry bout that :\/
|
|switch|p2a: Â¯\_(ã)_\/Â¯|Shedinja|1\/1
|switch|p1a: Swampert|Swampert, F|74\/404 psn
|
|-heal|p1a: Swampert|99\/404 psn|[from] item: Leftovers
|-damage|p1a: Swampert|49\/404 psn|[from] psn
|turn|51
|
|move|p2a: Â¯\_(ã)_\/Â¯|X-Scissor|p1a: Swampert
|-damage|p1a: Swampert|0 fnt
|faint|p1a: Swampert
|
|
|switch|p1a: Hydreigon|Hydreigon, M|93\/325
|turn|52
|
|move|p2a: Â¯\_(ã)_\/Â¯|Protect|p2a: Â¯\_(ã)_\/Â¯
|-singleturn|p2a: Â¯\_(ã)_\/Â¯|Protect
|move|p1a: Hydreigon|Dark Pulse|p2a: Â¯\_(ã)_\/Â¯
|-activate|p2a: Â¯\_(ã)_\/Â¯|Protect
|
|turn|53
|
|switch|p2a: Tentacruel|Tentacruel, M|315\/364
|move|p1a: Hydreigon|Dark Pulse|p2a: Tentacruel
|-damage|p2a: Tentacruel|225\/364
|
|-heal|p2a: Tentacruel|247\/364|[from] item: Black Sludge
|turn|54
|c|âxMarth|no sash lol?
|c|âmeeowiekins|dont wanna risk
|c|âmeeowiekins|flinch
|c|âxMarth|aha lol
|c|âxMarth|youll have to imo
|c|âmeeowiekins|perhaps
|
|switch|p1a: Florges|Florges, F|166\/360 psn
|move|p2a: Tentacruel|Scald|p1a: Florges
|-damage|p1a: Florges|117\/360 psn
|
|-heal|p2a: Tentacruel|269\/364|[from] item: Black Sludge
|-damage|p1a: Florges|72\/360 psn|[from] psn
|turn|55
|
|switch|p2a: Â¯\_(ã)_\/Â¯|Shedinja|1\/1
|move|p1a: Florges|Aromatherapy|p1a: Florges
|-cureteam|p1a: Florges|[from] move: Aromatherapy
|
|turn|56
|leave|meeowiekins
|player|p2
|join|meeowiekins
|player|p2|meeowiekins|160
|
|switch|p1a: Hydreigon|Hydreigon, M|93\/325
|move|p2a: Â¯\_(ã)_\/Â¯|Swords Dance|p2a: Â¯\_(ã)_\/Â¯
|-boost|p2a: Â¯\_(ã)_\/Â¯|atk|2
|
|turn|57
|c|âmeeowiekins|now i 2hko with sneak
|c|âmeeowiekins|so dont need flinch
|c|âxMarth|then i can only do one thing
|
|move|p2a: Â¯\_(ã)_\/Â¯|Shadow Sneak|p1a: Hydreigon
|-resisted|p1a: Hydreigon
|-damage|p1a: Hydreigon|27\/325
|move|p1a: Hydreigon|Fire Blast|p2a: Â¯\_(ã)_\/Â¯
|-supereffective|p2a: Â¯\_(ã)_\/Â¯
|-enditem|p2a: Â¯\_(ã)_\/Â¯|Focus Sash
|-damage|p2a: Â¯\_(ã)_\/Â¯|1\/1
|
|turn|58
|join|Philz
|c|âmeeowiekins|ohhh
|c|âmeeowiekins|sneaky
|c|âxMarth|damn lol
|c|âmeeowiekins|sorry again for crit burn
|c| Philz|zygarde
|c| Philz|uu
|c| Philz|wat
|
|move|p2a: Â¯\_(ã)_\/Â¯|Shadow Sneak|p1a: Hydreigon
|-resisted|p1a: Hydreigon
|-damage|p1a: Hydreigon|0 fnt
|faint|p1a: Hydreigon
|
|
|switch|p1a: Crobat|Crobat, F|58\/345
|turn|59
|
|move|p2a: Â¯\_(ã)_\/Â¯|Shadow Sneak|p1a: Crobat
|-damage|p1a: Crobat|0 fnt
|faint|p1a: Crobat
|
|
|switch|p1a: Florges|Florges, F|72\/360
|-status|p1a: Florges|psn
|turn|60
|
|move|p2a: Â¯\_(ã)_\/Â¯|Shadow Sneak|p1a: Florges
|-damage|p1a: Florges|0 fnt
|faint|p1a: Florges
|
|
|switch|p1a: Metagross|Metagross|205\/301
|turn|61
|
|move|p2a: Â¯\_(ã)_\/Â¯|Shadow Sneak|p1a: Metagross
|-supereffective|p1a: Metagross
|-damage|p1a: Metagross|17\/301
|move|p1a: Metagross|Meteor Mash|p2a: Â¯\_(ã)_\/Â¯
|-activate|p2a: Â¯\_(ã)_\/Â¯|ability: Wonder Guard
|
|turn|62
|c|âmeeowiekins|reveal hp fire
|c|âmeeowiekins|fast meta
|c|âmeeowiekins|youve just been joshing me
|
|move|p2a: Â¯\_(ã)_\/Â¯|Shadow Sneak|p1a: Metagross
|-supereffective|p1a: Metagross
|-damage|p1a: Metagross|0 fnt
|faint|p1a: Metagross
|
|win|meeowiekins
|raw|Ladder updating...
|c|âmeeowiekins|gg
|leave|xMarth
|player|p1
|raw|xMarth's rating: 1834 &rarr; <strong>1802<\/strong><br \/>(-32 for losing)
|raw|meeowiekins's rating: 1579 &rarr; <strong>1611<\/strong><br \/>(+32 for winning)