|join|xMarth
|join|waiv
|player|p1|xMarth|153
|player|p2|waiv|286
|gametype|singles
|gen|6
|tier|UU
|rated
|rule|Sleep Clause Mod: Limit one foe put to sleep
|rule|Species Clause: Limit one of each PokÃ©mon
|rule|OHKO Clause: OHKO moves are banned
|rule|Moody Clause: Moody is banned
|rule|Evasion Moves Clause: Evasion moves are banned
|rule|Endless Battle Clause: Forcing endless battles is banned
|rule|HP Percentage Mod: HP is shown in percentages
|clearpoke
|poke|p1|Cresselia, F, shiny
|poke|p1|Dugtrio, M
|poke|p1|Granbull, F
|poke|p1|Vaporeon, M
|poke|p1|Crobat, M
|poke|p1|Aggron, F
|poke|p2|Blissey, F, shiny
|poke|p2|Forretress, M
|poke|p2|Nidoqueen, F
|poke|p2|Krookodile, M
|poke|p2|Sableye, M, shiny
|poke|p2|Zygarde
|rule|Swagger Clause: Swagger is banned
|rule|Baton Pass Clause: Limit one PokÃ©mon knowing Baton Pass
|teampreview
|c|âwaiv|o
|c|âwaiv|hi marth
|c|âxMarth|hi
|
|start
|switch|p1a: Vaporeon|Vaporeon, M|450\/450
|switch|p2a: Boob the Brb|Krookodile, M|331\/331
|-ability|p2a: Boob the Brb|Intimidate|[of] p1a: Vaporeon
|-unboost|p1a: Vaporeon|atk|1
|turn|1
|
|move|p2a: Boob the Brb|Knock Off|p1a: Vaporeon
|-damage|p1a: Vaporeon|206\/450
|-enditem|p1a: Vaporeon|Leftovers|[from] move: Knock Off|[of] p2a: Boob the Brb
|move|p1a: Vaporeon|Scald|p2a: Boob the Brb
|-supereffective|p2a: Boob the Brb
|-damage|p2a: Boob the Brb|43\/331
|
|turn|2
|
|switch|p2a: ^_^|Blissey, F, shiny|707\/707
|switch|p1a: Aggron|Aggron, F|344\/344
|
|turn|3
|
|switch|p2a: kawaii ~|Forretress, M|354\/354
|detailschange|p1a: Aggron|Aggron-Mega, F
|message|Aggron has Mega Evolved into Mega Aggron!
|move|p1a: Aggron|Stealth Rock|p2a: kawaii ~
|-sidestart|p2: waiv|move: Stealth Rock
|
|turn|4
|
|switch|p1a: Vaporeon|Vaporeon, M|206\/450
|move|p2a: kawaii ~|Spikes|p1a: Vaporeon
|-sidestart|p1: xMarth|Spikes
|
|turn|5
|
|move|p1a: Vaporeon|Wish|p1a: Vaporeon
|move|p2a: kawaii ~|Toxic|p1a: Vaporeon|[miss]
|-miss|p2a: kawaii ~|p1a: Vaporeon
|
|turn|6
|join|OG_Wanka
|
|move|p1a: Vaporeon|Scald|p2a: kawaii ~
|-damage|p2a: kawaii ~|192\/354
|move|p2a: kawaii ~|Rapid Spin|p1a: Vaporeon
|-damage|p1a: Vaporeon|193\/450
|-sideend|p2: waiv|Stealth Rock|[from] move: Rapid Spin|[of] p2a: kawaii ~
|
|-heal|p1a: Vaporeon|418\/450|[from] move: Wish|[wisher] Vaporeon
|-heal|p2a: kawaii ~|214\/354|[from] item: Leftovers
|turn|7
|leave|OG_Wanka
|
|switch|p2a: ^_^|Blissey, F, shiny|707\/707
|move|p1a: Vaporeon|Scald|p2a: ^_^
|-damage|p2a: ^_^|634\/707
|-status|p2a: ^_^|brn
|
|-heal|p2a: ^_^|678\/707 brn|[from] item: Leftovers
|-damage|p2a: ^_^|590\/707 brn|[from] brn
|turn|8
|
|move|p1a: Vaporeon|Baton Pass|p1a: Vaporeon
|
|switch|p1a: Dugtrio|Dugtrio, M|211\/211
|-damage|p1a: Dugtrio|185\/211|[from] Spikes
|move|p2a: ^_^|Stealth Rock|p1a: Dugtrio
|-sidestart|p1: xMarth|move: Stealth Rock
|
|-heal|p2a: ^_^|634\/707 brn|[from] item: Leftovers
|-damage|p2a: ^_^|546\/707 brn|[from] brn
|turn|9
|
|move|p1a: Dugtrio|Earthquake|p2a: ^_^
|-crit|p2a: ^_^
|-damage|p2a: ^_^|14\/707 brn
|move|p2a: ^_^|Wish|p2a: ^_^
|
|-heal|p2a: ^_^|58\/707 brn|[from] item: Leftovers
|-damage|p2a: ^_^|0 fnt|[from] brn
|faint|p2a: ^_^
|c|âwaiv|o
|join|WillRob4Nog
|c|âxMarth|i think that sped up inevitable
|c|âwaiv|would've liked a seismic toss 
|
|switch|p2a: yo|Sableye, M, shiny|304\/304
|turn|10
|join|OG_Wanka
|c|âwaiv|if i coulda
|c|âwaiv|:p
|
|switch|p1a: Vaporeon|Vaporeon, M|418\/450
|-damage|p1a: Vaporeon|362\/450|[from] Spikes
|-damage|p1a: Vaporeon|306\/450|[from] Stealth Rock
|move|p2a: yo|Will-O-Wisp|p1a: Vaporeon
|-status|p1a: Vaporeon|brn
|
|-damage|p1a: Vaporeon|250\/450 brn|[from] brn
|turn|11
|join|DrReuniclus3
|
|switch|p1a: Granbull|Granbull, F|384\/384
|-damage|p1a: Granbull|336\/384|[from] Stealth Rock
|-damage|p1a: Granbull|288\/384|[from] Spikes
|-ability|p1a: Granbull|Intimidate|[of] p2a: yo
|-unboost|p2a: yo|atk|1
|move|p2a: yo|Taunt|p1a: Granbull
|-start|p1a: Granbull|move: Taunt
|
|-heal|p1a: Granbull|312\/384|[from] item: Leftovers
|turn|12
|c|âwaiv|i actually like your team marth
|
|switch|p2a: majestic casual|Nidoqueen, F|384\/384
|move|p1a: Granbull|Play Rough|p2a: majestic casual
|-resisted|p2a: majestic casual
|-damage|p2a: majestic casual|317\/384
|
|-heal|p1a: Granbull|336\/384|[from] item: Leftovers
|turn|13
|c|âxMarth|yea its pretty fun
|
|switch|p1a: Vaporeon|Vaporeon, M|250\/450 brn
|-damage|p1a: Vaporeon|194\/450 brn|[from] Stealth Rock
|-damage|p1a: Vaporeon|138\/450 brn|[from] Spikes
|move|p2a: majestic casual|Earth Power|p1a: Vaporeon
|-damage|p1a: Vaporeon|0 fnt
|faint|p1a: Vaporeon
|
|
|switch|p1a: Dugtrio|Dugtrio, M|185\/211
|-damage|p1a: Dugtrio|159\/211|[from] Spikes
|-damage|p1a: Dugtrio|146\/211|[from] Stealth Rock
|turn|14
|
|move|p1a: Dugtrio|Earthquake|p2a: majestic casual
|-supereffective|p2a: majestic casual
|-damage|p2a: majestic casual|0 fnt
|faint|p2a: majestic casual
|
|
|switch|p2a: yo|Sableye, M, shiny|304\/304
|turn|15
|
|move|p2a: yo|Will-O-Wisp|p1a: Dugtrio
|-status|p1a: Dugtrio|brn
|move|p1a: Dugtrio|Earthquake|p2a: yo
|-damage|p2a: yo|183\/304
|
|-heal|p2a: yo|202\/304|[from] item: Leftovers
|-damage|p1a: Dugtrio|120\/211 brn|[from] brn
|turn|16
|
|move|p1a: Dugtrio|Earthquake|p2a: yo
|-crit|p2a: yo
|-damage|p2a: yo|13\/304
|move|p2a: yo|Knock Off|p1a: Dugtrio
|-crit|p1a: Dugtrio
|-damage|p1a: Dugtrio|0 fnt
|-enditem|p1a: Dugtrio|Choice Band|[from] move: Knock Off|[of] p2a: yo
|faint|p1a: Dugtrio
|
|-heal|p2a: yo|32\/304|[from] item: Leftovers
|c|âwaiv|omfg
|c|âwaiv|worst case
|
|switch|p1a: Crobat|Crobat, M|341\/341
|-damage|p1a: Crobat|256\/341|[from] Stealth Rock
|turn|17
|c|âwaiv|scenario right there
|c|âwaiv|:|
|
|move|p2a: yo|Will-O-Wisp|p1a: Crobat
|-status|p1a: Crobat|brn
|move|p1a: Crobat|Defog|p2a: yo
|-unboost|p2a: yo|evasion|1
|-sideend|p1: xMarth|Spikes|[from] move: Defog|[of] p1a: Crobat
|-sideend|p1: xMarth|Stealth Rock|[from] move: Defog|[of] p1a: Crobat
|
|-heal|p1a: Crobat|277\/341 brn|[from] item: Black Sludge
|-heal|p2a: yo|51\/304|[from] item: Leftovers
|-damage|p1a: Crobat|235\/341 brn|[from] brn
|turn|18
|
|move|p2a: yo|Recover|p2a: yo
|-heal|p2a: yo|203\/304
|move|p1a: Crobat|U-turn|p2a: yo
|-damage|p2a: yo|166\/304
|
|switch|p1a: Granbull|Granbull, F|336\/384
|-ability|p1a: Granbull|Intimidate|[of] p2a: yo
|-unboost|p2a: yo|atk|1
|
|-heal|p2a: yo|185\/304|[from] item: Leftovers
|-heal|p1a: Granbull|360\/384|[from] item: Leftovers
|turn|19
|leave|WillRob4Nog
|
|switch|p2a: kawaii ~|Forretress, M|214\/354
|move|p1a: Granbull|Play Rough|p2a: kawaii ~|[miss]
|-miss|p1a: Granbull|p2a: kawaii ~
|
|-heal|p1a: Granbull|384\/384|[from] item: Leftovers
|-heal|p2a: kawaii ~|236\/354|[from] item: Leftovers
|turn|20
|
|move|p1a: Granbull|Heal Bell|p1a: Granbull
|-cureteam|p1a: Granbull|[from] move: HealBell
|move|p2a: kawaii ~|Spikes|p1a: Granbull
|-sidestart|p1: xMarth|Spikes
|
|-heal|p2a: kawaii ~|258\/354|[from] item: Leftovers
|turn|21
|
|switch|p1a: Crobat|Crobat, M|235\/341
|move|p2a: kawaii ~|Volt Switch|p1a: Crobat
|-supereffective|p1a: Crobat
|-damage|p1a: Crobat|153\/341
|
|switch|p2a: yo|Sableye, M, shiny|185\/304
|
|-heal|p1a: Crobat|174\/341|[from] item: Black Sludge
|-heal|p2a: yo|204\/304|[from] item: Leftovers
|turn|22
|
|move|p2a: yo|Will-O-Wisp|p1a: Crobat
|-status|p1a: Crobat|brn
|move|p1a: Crobat|U-turn|p2a: yo
|-damage|p2a: yo|165\/304
|
|switch|p1a: Granbull|Granbull, F|384\/384
|-damage|p1a: Granbull|336\/384|[from] Spikes
|-ability|p1a: Granbull|Intimidate|[of] p2a: yo
|-unboost|p2a: yo|atk|1
|
|-heal|p2a: yo|184\/304|[from] item: Leftovers
|-heal|p1a: Granbull|360\/384|[from] item: Leftovers
|turn|23
|
|switch|p2a: kawaii ~|Forretress, M|258\/354
|move|p1a: Granbull|Play Rough|p2a: kawaii ~
|-resisted|p2a: kawaii ~
|-damage|p2a: kawaii ~|220\/354
|
|-heal|p1a: Granbull|384\/384|[from] item: Leftovers
|-heal|p2a: kawaii ~|242\/354|[from] item: Leftovers
|turn|24
|
|switch|p1a: Crobat|Crobat, M|174\/341 brn
|move|p2a: kawaii ~|Spikes|p1a: Crobat
|-sidestart|p1: xMarth|Spikes
|
|-heal|p1a: Crobat|195\/341 brn|[from] item: Black Sludge
|-heal|p2a: kawaii ~|264\/354|[from] item: Leftovers
|-damage|p1a: Crobat|153\/341 brn|[from] brn
|turn|25
|c|âwaiv|fuck
|c|âwaiv|wait a sec
|c|âwaiv|what
|c|âwaiv|oh ok nvm
|
|move|p1a: Crobat|Defog|p2a: kawaii ~
|-unboost|p2a: kawaii ~|evasion|1
|-sideend|p1: xMarth|Spikes|[from] move: Defog|[of] p1a: Crobat
|move|p2a: kawaii ~|Volt Switch|p1a: Crobat
|-supereffective|p1a: Crobat
|-damage|p1a: Crobat|59\/341 brn
|
|switch|p2a: yo|Sableye, M, shiny|184\/304
|
|-heal|p1a: Crobat|80\/341 brn|[from] item: Black Sludge
|-heal|p2a: yo|203\/304|[from] item: Leftovers
|-damage|p1a: Crobat|38\/341 brn|[from] brn
|turn|26
|
|move|p2a: yo|Taunt|p1a: Crobat
|-start|p1a: Crobat|move: Taunt
|move|p1a: Crobat|Brave Bird|p2a: yo
|-damage|p2a: yo|107\/304
|-damage|p1a: Crobat|6\/341 brn|[from] recoil|[of] p2a: yo
|
|-heal|p1a: Crobat|27\/341 brn|[from] item: Black Sludge
|-heal|p2a: yo|126\/304|[from] item: Leftovers
|-damage|p1a: Crobat|0 fnt|[from] brn
|faint|p1a: Crobat
|
|switch|p1a: Granbull|Granbull, F|384\/384
|-ability|p1a: Granbull|Intimidate|[of] p2a: yo
|-unboost|p2a: yo|atk|1
|turn|27
|
|switch|p2a: kawaii ~|Forretress, M|264\/354
|switch|p1a: Body Time|Cresselia, F, shiny|433\/433
|
|-heal|p2a: kawaii ~|286\/354|[from] item: Leftovers
|turn|28
|join|Eyan
|
|move|p1a: Body Time|Substitute|p1a: Body Time
|-start|p1a: Body Time|Substitute
|-damage|p1a: Body Time|325\/433
|move|p2a: kawaii ~|Toxic|p1a: Body Time
|
|-heal|p1a: Body Time|352\/433|[from] item: Leftovers
|-heal|p2a: kawaii ~|308\/354|[from] item: Leftovers
|turn|29
|
|move|p1a: Body Time|Calm Mind|p1a: Body Time
|-boost|p1a: Body Time|spa|1
|-boost|p1a: Body Time|spd|1
|move|p2a: kawaii ~|Volt Switch|p1a: Body Time
|-activate|p1a: Body Time|Substitute|[damage]
|c|âwaiv|i forgot
|c|âwaiv|that you run taht
|c|âwaiv|:\/
|c|âxMarth|=p
|join|Top > Bottom
|
|switch|p2a: yo|Sableye, M, shiny|126\/304
|
|-heal|p1a: Body Time|379\/433|[from] item: Leftovers
|-heal|p2a: yo|145\/304|[from] item: Leftovers
|turn|30
|
|move|p1a: Body Time|Moonblast|p2a: yo
|-supereffective|p2a: yo
|-damage|p2a: yo|0 fnt
|faint|p2a: yo
|
|-heal|p1a: Body Time|406\/433|[from] item: Leftovers
|c|âwaiv|oh
|c|âwaiv|i forgot you ran THAT as well
|
|switch|p2a: Notorious Z.Y.G|Zygarde|370\/370
|-ability|p2a: Notorious Z.Y.G|Aura Break
|turn|31
|c|âxMarth|i run alot of spa for it
|
|move|p2a: Notorious Z.Y.G|Dragon Dance|p2a: Notorious Z.Y.G
|-boost|p2a: Notorious Z.Y.G|atk|1
|-boost|p2a: Notorious Z.Y.G|spe|1
|move|p1a: Body Time|Moonblast|p2a: Notorious Z.Y.G
|-supereffective|p2a: Notorious Z.Y.G
|-damage|p2a: Notorious Z.Y.G|166\/370
|
|-heal|p1a: Body Time|433\/433|[from] item: Leftovers
|turn|32
|c|âwaiv|ye
|
|move|p2a: Notorious Z.Y.G|Outrage|p1a: Body Time
|-end|p1a: Body Time|Substitute
|move|p1a: Body Time|Moonblast|p2a: Notorious Z.Y.G
|-supereffective|p2a: Notorious Z.Y.G
|-damage|p2a: Notorious Z.Y.G|0 fnt
|faint|p2a: Notorious Z.Y.G
|
|c|âwaiv|this is the shit i don't prepare for tbh
|c|âwaiv|cm cress :p
|
|switch|p2a: Boob the Brb|Krookodile, M|43\/331
|-ability|p2a: Boob the Brb|Intimidate|[of] p1a: Body Time
|-unboost|p1a: Body Time|atk|1
|turn|33
|c|âxMarth|yea it has been doing great for me
|
|move|p2a: Boob the Brb|Knock Off|p1a: Body Time
|-supereffective|p1a: Body Time
|-damage|p1a: Body Time|31\/433
|-enditem|p1a: Body Time|Leftovers|[from] move: Knock Off|[of] p2a: Boob the Brb
|move|p1a: Body Time|Moonblast|p2a: Boob the Brb
|-supereffective|p2a: Boob the Brb
|-damage|p2a: Boob the Brb|0 fnt
|faint|p2a: Boob the Brb
|
|c|âwaiv|WOW
|c|âwaiv|it lived that?
|c|âwaiv|that's ridiculous
|
|switch|p2a: kawaii ~|Forretress, M|308\/354
|turn|34
|c|âxMarth|and i run minimal bulk
|
|move|p1a: Body Time|Moonblast|p2a: kawaii ~
|-resisted|p2a: kawaii ~
|-damage|p2a: kawaii ~|226\/354
|move|p2a: kawaii ~|Volt Switch|p1a: Body Time
|-damage|p1a: Body Time|10\/433
|
|-heal|p2a: kawaii ~|248\/354|[from] item: Leftovers
|turn|35
|c| DrReuniclus3|I mean base 120\/120\/130
|
|move|p1a: Body Time|Moonblast|p2a: kawaii ~
|-resisted|p2a: kawaii ~
|-damage|p2a: kawaii ~|168\/354
|move|p2a: kawaii ~|Spikes|p1a: Body Time
|-sidestart|p1: xMarth|Spikes
|
|-heal|p2a: kawaii ~|190\/354|[from] item: Leftovers
|turn|36
|c| DrReuniclus3|isn't bad
|
|move|p1a: Body Time|Moonblast|p2a: kawaii ~
|-resisted|p2a: kawaii ~
|-damage|p2a: kawaii ~|114\/354
|-unboost|p2a: kawaii ~|spa|1
|move|p2a: kawaii ~|Volt Switch|p1a: Body Time
|-damage|p1a: Body Time|0 fnt
|faint|p1a: Body Time
|
|-heal|p2a: kawaii ~|136\/354|[from] item: Leftovers
|c|âwaiv|isn't bad :p
|
|switch|p1a: Aggron|Aggron-Mega, F|344\/344
|-damage|p1a: Aggron|301\/344|[from] Spikes
|turn|37
|c|âwaiv|that's really good 
|
|move|p1a: Aggron|Earthquake|p2a: kawaii ~
|-damage|p2a: kawaii ~|76\/354
|move|p2a: kawaii ~|Volt Switch|p1a: Aggron
|-damage|p1a: Aggron|277\/344
|
|-heal|p2a: kawaii ~|98\/354|[from] item: Leftovers
|turn|38
|c|âwaiv|oh well gg
|c|âxMarth|arceus tier=god tier 
|c|âxMarth|gg
|leave|Top > Bottom
|-message|waiv forfeited.
|
|win|xMarth
|raw|Ladder updating...
|raw|xMarth's rating: 1682 &rarr; <strong>1698<\/strong><br \/>(+16 for winning)
|raw|waiv's rating: 1624 &rarr; <strong>1607<\/strong><br \/>(-17 for losing)
|c|âwaiv|bb
|c|âwaiv|my points
|c|âwaiv|:(
|leave|DrReuniclus3
|c|âwaiv|stupid marth sniping me
|c|âxMarth|yesh al da points
|c|âwaiv|xD
|leave|xMarth
|player|p1
|leave|Eyan
|join|Eyan
|leave|Eyan