|join|xMarth
|join|Kinkiest Achieve
|player|p1|xMarth|153
|player|p2|Kinkiest Achieve|22
|gametype|singles
|gen|6
|tier|UU
|rated
|rule|Sleep Clause Mod: Limit one foe put to sleep
|rule|Species Clause: Limit one of each PokÃ©mon
|rule|OHKO Clause: OHKO moves are banned
|rule|Moody Clause: Moody is banned
|rule|Evasion Moves Clause: Evasion moves are banned
|rule|Endless Battle Clause: Forcing endless battles is banned
|rule|HP Percentage Mod: HP is shown in percentages
|clearpoke
|poke|p1|Pidgeot, M
|poke|p1|Hydreigon, M
|poke|p1|Jirachi, shiny
|poke|p1|Tentacruel, F
|poke|p1|Gligar, F
|poke|p1|Umbreon, F
|poke|p2|Machamp, F
|poke|p2|Aerodactyl, M
|poke|p2|Florges, F
|poke|p2|Blastoise, M
|poke|p2|Darmanitan, M
|poke|p2|Zygarde
|rule|Swagger Clause: Swagger is banned
|rule|Baton Pass Clause: Limit one PokÃ©mon knowing Baton Pass
|teampreview
|join|Tipsy Russian
|c|âxMarth|im actually really happy to not see empoleon
|c|âxMarth|i was expecting it
|join|Eyan
|leave|Eyan
|
|start
|switch|p1a: Tentacruel|Tentacruel, F|364\/364
|switch|p2a: Aerodactyl|Aerodactyl, M|301\/301
|turn|1
|c|âKinkiest Achieve|You think this t eam would benefit more from it?
|c|âxMarth|no just my team cant handle it
|c|âxMarth|might help tho idk
|c| Tipsy Russian|i wish empoleon got roost
|
|move|p2a: Aerodactyl|Stealth Rock|p1a: Tentacruel
|-sidestart|p1: xMarth|move: Stealth Rock
|move|p1a: Tentacruel|Scald|p2a: Aerodactyl
|-supereffective|p2a: Aerodactyl
|-damage|p2a: Aerodactyl|95\/301
|-status|p2a: Aerodactyl|brn
|
|-damage|p2a: Aerodactyl|58\/301 brn|[from] brn
|turn|2
|
|move|p2a: Aerodactyl|Taunt|p1a: Tentacruel
|-start|p1a: Tentacruel|move: Taunt
|cant|p1a: Tentacruel|move: Taunt|Toxic Spikes
|
|-damage|p2a: Aerodactyl|21\/301 brn|[from] brn
|turn|3
|
|move|p2a: Aerodactyl|Iron Head|p1a: Tentacruel
|-resisted|p1a: Tentacruel
|-damage|p1a: Tentacruel|344\/364
|move|p1a: Tentacruel|Rapid Spin|p2a: Aerodactyl
|-resisted|p2a: Aerodactyl
|-damage|p2a: Aerodactyl|14\/301 brn
|-sideend|p1: xMarth|Stealth Rock|[from] move: Rapid Spin|[of] p1a: Tentacruel
|
|-heal|p1a: Tentacruel|364\/364|[from] item: Black Sludge
|-damage|p2a: Aerodactyl|0 fnt|[from] brn
|faint|p2a: Aerodactyl
|join|4FS
|
|switch|p2a: Zygarde|Zygarde|417\/417
|-ability|p2a: Zygarde|Aura Break
|turn|4
|
|switch|p1a: Pidgeot|Pidgeot, M|307\/307
|move|p2a: Zygarde|Substitute|p2a: Zygarde
|-start|p2a: Zygarde|Substitute
|-damage|p2a: Zygarde|313\/417
|
|-heal|p2a: Zygarde|339\/417|[from] item: Leftovers
|turn|5
|
|detailschange|p1a: Pidgeot|Pidgeot-Mega, M
|message|Pidgeot has Mega Evolved into Mega Pidgeot!
|move|p2a: Zygarde|Coil|p2a: Zygarde
|-boost|p2a: Zygarde|atk|1
|-boost|p2a: Zygarde|def|1
|-boost|p2a: Zygarde|accuracy|1
|move|p1a: Pidgeot|Whirlwind|p2a: Zygarde
|drag|p2a: Machamp|Machamp, F|321\/321
|
|turn|6
|join|Donphantastic
|c|âxMarth|the counter lol
|c|âxMarth|i have serious zygarde issues
|
|switch|p2a: Florges|Florges, F|360\/360
|move|p1a: Pidgeot|Hurricane|p2a: Florges
|-damage|p2a: Florges|228\/360
|-start|p2a: Florges|confusion
|
|-heal|p2a: Florges|250\/360|[from] item: Leftovers
|turn|7
|c| Donphantastic|whirlwind mega pidge
|c| Donphantastic|nice numeta
|
|move|p1a: Pidgeot|Hurricane|p2a: Florges
|-damage|p2a: Florges|136\/360
|-activate|p2a: Florges|confusion
|-damage|p2a: Florges|115\/360|[from] confusion
|
|-heal|p2a: Florges|137\/360|[from] item: Leftovers
|turn|8
|
|move|p1a: Pidgeot|Hurricane|p2a: Florges
|-damage|p2a: Florges|11\/360
|-end|p2a: Florges|confusion
|move|p2a: Florges|Wish|p2a: Florges
|
|-heal|p2a: Florges|33\/360|[from] item: Leftovers
|turn|9
|
|move|p2a: Florges|Moonblast|p1a: Pidgeot
|-damage|p1a: Pidgeot|162\/307
|move|p1a: Pidgeot|Whirlwind|p2a: Florges
|drag|p2a: Darmanitan|Darmanitan, M|351\/351
|
|turn|10
|
|switch|p1a: Hydreigon|Hydreigon, M|325\/325
|move|p2a: Darmanitan|U-turn|p1a: Hydreigon
|-supereffective|p1a: Hydreigon
|-damage|p1a: Hydreigon|107\/325
|
|switch|p2a: Florges|Florges, F|33\/360
|
|-heal|p2a: Florges|55\/360|[from] item: Leftovers
|turn|11
|
|switch|p1a: Tentacruel|Tentacruel, F|364\/364
|move|p2a: Florges|Protect|p2a: Florges
|-fail|p2a: Florges
|
|-heal|p2a: Florges|77\/360|[from] item: Leftovers
|turn|12
|
|switch|p2a: Blastoise|Blastoise, M|345\/345
|move|p1a: Tentacruel|Toxic Spikes|p2a: Blastoise
|-sidestart|p2: Kinkiest Achieve|move: Toxic Spikes
|
|turn|13
|
|detailschange|p2a: Blastoise|Blastoise-Mega, M
|message|Blastoise has Mega Evolved into Mega Blastoise!
|move|p1a: Tentacruel|Toxic|p2a: Blastoise
|-status|p2a: Blastoise|tox
|move|p2a: Blastoise|Rapid Spin|p1a: Tentacruel
|-damage|p1a: Tentacruel|352\/364
|-sideend|p2: Kinkiest Achieve|Toxic Spikes|[from] move: Rapid Spin|[of] p2a: Blastoise
|
|-heal|p1a: Tentacruel|364\/364|[from] item: Black Sludge
|-damage|p2a: Blastoise|324\/345 tox|[from] psn
|turn|14
|
|move|p1a: Tentacruel|Toxic Spikes|p2a: Blastoise
|-sidestart|p2: Kinkiest Achieve|move: Toxic Spikes
|move|p2a: Blastoise|Dark Pulse|p1a: Tentacruel
|-damage|p1a: Tentacruel|232\/364
|
|-heal|p1a: Tentacruel|254\/364|[from] item: Black Sludge
|-damage|p2a: Blastoise|282\/345 tox|[from] psn
|turn|15
|
|move|p1a: Tentacruel|Scald|p2a: Blastoise
|-resisted|p2a: Blastoise
|-damage|p2a: Blastoise|248\/345 tox
|move|p2a: Blastoise|Rapid Spin|p1a: Tentacruel
|-crit|p1a: Tentacruel
|-damage|p1a: Tentacruel|235\/364
|-sideend|p2: Kinkiest Achieve|Toxic Spikes|[from] move: Rapid Spin|[of] p2a: Blastoise
|
|-heal|p1a: Tentacruel|257\/364|[from] item: Black Sludge
|-damage|p2a: Blastoise|185\/345 tox|[from] psn
|turn|16
|
|switch|p1a: Umbreon|Umbreon, F|394\/394
|move|p2a: Blastoise|Dark Pulse|p1a: Umbreon
|-resisted|p1a: Umbreon
|-damage|p1a: Umbreon|343\/394
|
|-heal|p1a: Umbreon|367\/394|[from] item: Leftovers
|-damage|p2a: Blastoise|101\/345 tox|[from] psn
|turn|17
|
|switch|p2a: Machamp|Machamp, F|321\/321
|move|p1a: Umbreon|Wish|p1a: Umbreon
|
|-heal|p1a: Umbreon|391\/394|[from] item: Leftovers
|turn|18
|
|switch|p1a: Tentacruel|Tentacruel, F|257\/364
|move|p2a: Machamp|Dynamic Punch|p1a: Tentacruel
|-resisted|p1a: Tentacruel
|-damage|p1a: Tentacruel|128\/364
|-start|p1a: Tentacruel|confusion
|
|-heal|p1a: Tentacruel|325\/364|[from] move: Wish|[wisher] Umbreon
|-heal|p1a: Tentacruel|347\/364|[from] item: Black Sludge
|turn|19
|
|switch|p2a: Zygarde|Zygarde|339\/417
|-ability|p2a: Zygarde|Aura Break
|-activate|p1a: Tentacruel|confusion
|-damage|p1a: Tentacruel|327\/364|[from] confusion
|
|-heal|p1a: Tentacruel|349\/364|[from] item: Black Sludge
|-heal|p2a: Zygarde|365\/417|[from] item: Leftovers
|turn|20
|
|switch|p1a: Gligar|Gligar, F|334\/334
|move|p2a: Zygarde|Substitute|p2a: Zygarde
|-start|p2a: Zygarde|Substitute
|-damage|p2a: Zygarde|261\/417
|
|-heal|p2a: Zygarde|287\/417|[from] item: Leftovers
|turn|21
|
|move|p2a: Zygarde|Coil|p2a: Zygarde
|-boost|p2a: Zygarde|atk|1
|-boost|p2a: Zygarde|def|1
|-boost|p2a: Zygarde|accuracy|1
|move|p1a: Gligar|Stealth Rock|p2a: Zygarde
|-sidestart|p2: Kinkiest Achieve|move: Stealth Rock
|
|-heal|p2a: Zygarde|313\/417|[from] item: Leftovers
|turn|22
|
|move|p2a: Zygarde|Coil|p2a: Zygarde
|-boost|p2a: Zygarde|atk|1
|-boost|p2a: Zygarde|def|1
|-boost|p2a: Zygarde|accuracy|1
|move|p1a: Gligar|U-turn|p2a: Zygarde
|-activate|p2a: Zygarde|Substitute|[damage]
|
|switch|p1a: Pidgeot|Pidgeot-Mega, M|162\/307
|
|-heal|p2a: Zygarde|339\/417|[from] item: Leftovers
|turn|23
|
|move|p2a: Zygarde|Extreme Speed|p1a: Pidgeot
|-damage|p1a: Pidgeot|14\/307
|move|p1a: Pidgeot|Whirlwind|p2a: Zygarde
|drag|p2a: Blastoise|Blastoise-Mega, M|101\/345 tox
|-damage|p2a: Blastoise|58\/345 tox|[from] Stealth Rock
|
|-damage|p2a: Blastoise|37\/345 tox|[from] psn
|turn|24
|c|âxMarth|fuck
|c| Donphantastic|bulk
|c| Tipsy Russian|the counter
|c|âxMarth|damn new meta
|
|move|p1a: Pidgeot|Hurricane|p2a: Blastoise
|-damage|p2a: Blastoise|0 fnt
|faint|p2a: Blastoise
|
|c| Donphantastic|coil e-speed
|
|switch|p2a: Darmanitan|Darmanitan, M|351\/351
|-damage|p2a: Darmanitan|264\/351|[from] Stealth Rock
|turn|25
|c|âxMarth|pif ran coil espeed b4 original ban
|
|move|p2a: Darmanitan|U-turn|p1a: Pidgeot
|-resisted|p1a: Pidgeot
|-damage|p1a: Pidgeot|0 fnt
|faint|p1a: Pidgeot
|
|switch|p2a: Machamp|Machamp, F|321\/321
|-damage|p2a: Machamp|301\/321|[from] Stealth Rock
|
|
|switch|p1a: Tentacruel|Tentacruel, F|349\/364
|turn|26
|
|switch|p2a: Zygarde|Zygarde|339\/417
|-damage|p2a: Zygarde|313\/417|[from] Stealth Rock
|-ability|p2a: Zygarde|Aura Break
|move|p1a: Tentacruel|Toxic|p2a: Zygarde
|-status|p2a: Zygarde|tox
|
|-heal|p1a: Tentacruel|364\/364|[from] item: Black Sludge
|-heal|p2a: Zygarde|339\/417 tox|[from] item: Leftovers
|-damage|p2a: Zygarde|313\/417 tox|[from] psn
|turn|27
|c|âKinkiest Achieve|damn
|c| Donphantastic|predonked
|
|move|p1a: Tentacruel|Toxic Spikes|p2a: Zygarde
|-sidestart|p2: Kinkiest Achieve|move: Toxic Spikes
|move|p2a: Zygarde|Earthquake|p1a: Tentacruel
|-supereffective|p1a: Tentacruel
|-damage|p1a: Tentacruel|128\/364
|
|-heal|p1a: Tentacruel|150\/364|[from] item: Black Sludge
|-heal|p2a: Zygarde|339\/417 tox|[from] item: Leftovers
|-damage|p2a: Zygarde|287\/417 tox|[from] psn
|turn|28
|join|Geertos
|-message|Kinkiest Achieve forfeited.
|
|win|xMarth
|raw|Ladder updating...
|leave|Kinkiest Achieve
|player|p2
|c|âxMarth|i am faster anyway lol
|raw|xMarth's rating: 1651 &rarr; <strong>1658<\/strong><br \/>(+7 for winning)
|raw|Kinkiest Achieve's rating: 1362 &rarr; <strong>1356<\/strong><br \/>(-6 for losing)
|leave|xMarth
|player|p1
|leave|Donphantastic
|leave|Geertos