|join|xMarth
|join|Beastly
|player|p1|xMarth|153
|player|p2|Beastly|89
|gametype|singles
|gen|6
|tier|UU
|rule|Sleep Clause Mod: Limit one foe put to sleep
|rule|Species Clause: Limit one of each PokÃ©mon
|rule|OHKO Clause: OHKO moves are banned
|rule|Moody Clause: Moody is banned
|rule|Evasion Moves Clause: Evasion moves are banned
|rule|Endless Battle Clause: Forcing endless battles is banned
|rule|HP Percentage Mod: HP is shown in percentages
|clearpoke
|poke|p1|Umbreon, M
|poke|p1|Gligar, F
|poke|p1|Tentacruel, M
|poke|p1|Jirachi
|poke|p1|Hydreigon, F
|poke|p1|Raikou
|poke|p2|Alakazam, F
|poke|p2|Krookodile, F
|poke|p2|Rotom-Heat
|poke|p2|Swampert, F
|poke|p2|Roserade, F
|poke|p2|Florges, F
|rule|Swagger Clause: Swagger is banned
|rule|Baton Pass Clause: Limit one PokÃ©mon knowing Baton Pass
|teampreview
|
|start
|switch|p1a: Hydreigon|Hydreigon, F|325\/325
|switch|p2a: Swampert|Swampert, F|404\/404
|turn|1
|
|move|p1a: Hydreigon|Dark Pulse|p2a: Swampert
|-damage|p2a: Swampert|208\/404
|-damage|p1a: Hydreigon|293\/325|[from] item: Life Orb
|move|p2a: Swampert|Stealth Rock|p1a: Hydreigon
|-sidestart|p1: xMarth|move: Stealth Rock
|
|-heal|p2a: Swampert|233\/404|[from] item: Leftovers
|turn|2
|
|switch|p2a: Florges|Florges, F|360\/360
|move|p1a: Hydreigon|Draco Meteor|p2a: Florges
|-immune|p2a: Florges|[msg]
|
|turn|3
|
|switch|p1a: Tentacruel|Tentacruel, M|364\/364
|-damage|p1a: Tentacruel|319\/364|[from] Stealth Rock
|move|p2a: Florges|Wish|p2a: Florges
|
|-heal|p1a: Tentacruel|341\/364|[from] item: Black Sludge
|turn|4
|
|switch|p2a: Alakazam|Alakazam, F|252\/252
|move|p1a: Tentacruel|Rapid Spin|p2a: Alakazam
|-damage|p2a: Alakazam|232\/252
|-sideend|p1: xMarth|Stealth Rock|[from] move: Rapid Spin|[of] p1a: Tentacruel
|
|-heal|p2a: Alakazam|252\/252|[from] move: Wish|[wisher] Florges
|-heal|p1a: Tentacruel|363\/364|[from] item: Black Sludge
|turn|5
|join|DrReuniclus89
|
|switch|p1a: Jirachi|Jirachi|341\/341
|detailschange|p2a: Alakazam|Alakazam-Mega, F
|message|Alakazam has Mega Evolved into Mega Alakazam!
|-ability|p2a: Alakazam|Serene Grace|[from] ability: Trace|[of] p1a: Jirachi
|move|p2a: Alakazam|Dazzling Gleam|p1a: Jirachi
|-resisted|p1a: Jirachi
|-damage|p1a: Jirachi|283\/341
|
|turn|6
|
|switch|p2a: Rotom-Heat|Rotom-Heat|241\/241
|move|p1a: Jirachi|U-turn|p2a: Rotom-Heat
|-resisted|p2a: Rotom-Heat
|-damage|p2a: Rotom-Heat|207\/241
|
|switch|p1a: Hydreigon|Hydreigon, F|293\/325
|
|turn|7
|
|switch|p1a: Gligar|Gligar, F|333\/333
|move|p2a: Rotom-Heat|Volt Switch|p1a: Gligar
|-immune|p1a: Gligar|[msg]
|
|turn|8
|join|King UU
|
|switch|p2a: Florges|Florges, F|360\/360
|move|p1a: Gligar|Stealth Rock|p2a: Florges
|-sidestart|p2: Beastly|move: Stealth Rock
|
|turn|9
|join|NBCAM
|
|switch|p2a: Krookodile|Krookodile, F|332\/332
|-damage|p2a: Krookodile|312\/332|[from] Stealth Rock
|-ability|p2a: Krookodile|Intimidate|[of] p1a: Gligar
|-unboost|p1a: Gligar|atk|1
|move|p1a: Gligar|U-turn|p2a: Krookodile
|-supereffective|p2a: Krookodile
|-damage|p2a: Krookodile|238\/332
|
|switch|p1a: Hydreigon|Hydreigon, F|293\/325
|
|turn|10
|
|switch|p2a: Florges|Florges, F|360\/360
|-damage|p2a: Florges|315\/360|[from] Stealth Rock
|move|p1a: Hydreigon|Flash Cannon|p2a: Florges
|-supereffective|p2a: Florges
|-damage|p2a: Florges|149\/360
|-unboost|p2a: Florges|spd|1
|-damage|p1a: Hydreigon|261\/325|[from] item: Life Orb
|
|-heal|p2a: Florges|171\/360|[from] item: Leftovers
|turn|11
|c|âBeastly|the drop
|join|Mike Hunts
|join|LessThanThreeMan
|join|Friendship :3
|join|DiGiTAL WiNG
|join|aqbf
|
|move|p2a: Florges|Protect|p2a: Florges
|-singleturn|p2a: Florges|Protect
|move|p1a: Hydreigon|Flash Cannon|p2a: Florges
|-activate|p2a: Florges|Protect
|
|-heal|p2a: Florges|193\/360|[from] item: Leftovers
|turn|12
|join|MadCowX
|join|specsdiglet
|join|Yellow Skarmory
|join|InB4 H@x
|join|Luna's k team
|c| Friendship :3|What is this?
|c| DrReuniclus89|o
|join|imtoobadatthis
|join|AlltheTests
|c| Luna's k team|marth
|
|switch|p1a: Tentacruel|Tentacruel, M|363\/364
|switch|p2a: Rotom-Heat|Rotom-Heat|207\/241
|-damage|p2a: Rotom-Heat|147\/241|[from] Stealth Rock
|
|-heal|p1a: Tentacruel|364\/364|[from] item: Black Sludge
|turn|13
|c| Luna's k team|win pls
|c| DrReuniclus89|suddenly a lot of people here
|join|Kawaii-Akuma
|
|move|p2a: Rotom-Heat|Trick|p1a: Tentacruel
|-activate|p2a: Rotom-Heat|move: Trick|[of] p1a: Tentacruel
|-item|p1a: Tentacruel|Choice Scarf|[from] move: Trick
|-item|p2a: Rotom-Heat|Black Sludge|[from] move: Trick
|move|p1a: Tentacruel|Toxic Spikes|p2a: Rotom-Heat
|-sidestart|p2: Beastly|move: Toxic Spikes
|
|-damage|p2a: Rotom-Heat|117\/241|[from] item: Black Sludge
|turn|14
|
|move|p1a: Tentacruel|Toxic Spikes|p2a: Rotom-Heat
|-sidestart|p2: Beastly|move: Toxic Spikes
|move|p2a: Rotom-Heat|Volt Switch|p1a: Tentacruel
|-supereffective|p1a: Tentacruel
|-damage|p1a: Tentacruel|172\/364
|
|switch|p2a: Roserade|Roserade, F|324\/324
|-damage|p2a: Roserade|284\/324|[from] Stealth Rock
|-sideend|p2: Beastly|move: Toxic Spikes|[of] p2a: Roserade
|
|turn|15
|
|move|p1a: Tentacruel|Toxic Spikes|p2a: Roserade
|-sidestart|p2: Beastly|move: Toxic Spikes
|move|p2a: Roserade|Sleep Powder|p1a: Tentacruel
|-status|p1a: Tentacruel|slp
|
|turn|16
|join|veludwig
|c| Friendship :3|o
|
|switch|p1a: Jirachi|Jirachi|283\/341
|move|p2a: Roserade|Hidden Power|p1a: Jirachi
|-supereffective|p1a: Jirachi
|-damage|p1a: Jirachi|101\/341
|-damage|p2a: Roserade|252\/324|[from] item: Life Orb
|
|turn|17
|join|5O150
|join|roast toast
|
|switch|p2a: Rotom-Heat|Rotom-Heat|117\/241
|-damage|p2a: Rotom-Heat|57\/241|[from] Stealth Rock
|move|p1a: Jirachi|U-turn|p2a: Rotom-Heat
|-resisted|p2a: Rotom-Heat
|-damage|p2a: Rotom-Heat|27\/241
|
|switch|p1a: Gligar|Gligar, F|333\/333
|
|-damage|p2a: Rotom-Heat|0 fnt|[from] item: Black Sludge
|faint|p2a: Rotom-Heat
|join|Laurens2603
|join|namehtmas
|
|switch|p2a: Roserade|Roserade, F|252\/324
|-sideend|p2: Beastly|move: Toxic Spikes|[of] p2a: Roserade
|-damage|p2a: Roserade|212\/324|[from] Stealth Rock
|turn|18
|
|switch|p1a: Tentacruel|Tentacruel, M|172\/364 slp
|move|p2a: Roserade|Giga Drain|p1a: Tentacruel
|-damage|p1a: Tentacruel|16\/364 slp
|-damage|p2a: Roserade|134\/324|[from] ability: Liquid Ooze|[of] p1a: Tentacruel
|-damage|p2a: Roserade|102\/324|[from] item: Life Orb
|
|turn|19
|
|cant|p1a: Tentacruel|slp
|move|p2a: Roserade|Hidden Power|p1a: Tentacruel
|-crit|p1a: Tentacruel
|-resisted|p1a: Tentacruel
|-damage|p1a: Tentacruel|0 fnt
|-damage|p2a: Roserade|70\/324|[from] item: Life Orb
|faint|p1a: Tentacruel
|
|join|toenail testing
|
|switch|p1a: Jirachi|Jirachi|101\/341
|turn|20
|
|move|p1a: Jirachi|U-turn|p2a: Roserade
|-damage|p2a: Roserade|0 fnt
|faint|p2a: Roserade
|
|switch|p1a: Hydreigon|Hydreigon, F|261\/325
|
|leave|InB4 H@x
|
|switch|p2a: Florges|Florges, F|193\/360
|-damage|p2a: Florges|148\/360|[from] Stealth Rock
|turn|21
|
|switch|p1a: Jirachi|Jirachi|101\/341
|move|p2a: Florges|Protect|p2a: Florges
|-fail|p2a: Florges
|
|-heal|p2a: Florges|170\/360|[from] item: Leftovers
|turn|22
|
|move|p2a: Florges|Protect|p2a: Florges
|-singleturn|p2a: Florges|Protect
|move|p1a: Jirachi|Trick|p2a: Florges
|-activate|p2a: Florges|Protect
|
|-heal|p2a: Florges|192\/360|[from] item: Leftovers
|turn|23
|join|InB4 H@x
|join|Gym Lâder Ouranos
|
|switch|p1a: Gligar|Gligar, F|333\/333
|switch|p2a: Alakazam|Alakazam-Mega, F|252\/252
|-damage|p2a: Alakazam|221\/252|[from] Stealth Rock
|-ability|p2a: Alakazam|Immunity|[from] ability: Trace|[of] p1a: Gligar
|
|turn|24
|
|move|p2a: Alakazam|Dazzling Gleam|p1a: Gligar
|-damage|p1a: Gligar|213\/333
|move|p1a: Gligar|U-turn|p2a: Alakazam
|-supereffective|p2a: Alakazam
|-damage|p2a: Alakazam|107\/252
|
|switch|p1a: Jirachi|Jirachi|101\/341
|
|turn|25
|leave|Kawaii-Akuma
|
|switch|p2a: Swampert|Swampert, F|233\/404
|-damage|p2a: Swampert|208\/404|[from] Stealth Rock
|move|p1a: Jirachi|U-turn|p2a: Swampert
|-damage|p2a: Swampert|153\/404
|
|switch|p1a: Hydreigon|Hydreigon, F|261\/325
|
|-heal|p2a: Swampert|178\/404|[from] item: Leftovers
|turn|26
|
|move|p1a: Hydreigon|Dark Pulse|p2a: Swampert
|-damage|p2a: Swampert|0 fnt
|-damage|p1a: Hydreigon|229\/325|[from] item: Life Orb
|faint|p2a: Swampert
|
|
|switch|p2a: Alakazam|Alakazam-Mega, F|107\/252
|-damage|p2a: Alakazam|76\/252|[from] Stealth Rock
|-ability|p2a: Alakazam|Levitate|[from] ability: Trace|[of] p1a: Hydreigon
|turn|27
|
|switch|p1a: Umbreon|Umbreon, M|394\/394
|move|p2a: Alakazam|Dazzling Gleam|p1a: Umbreon
|-supereffective|p1a: Umbreon
|-damage|p1a: Umbreon|238\/394
|
|-heal|p1a: Umbreon|262\/394|[from] item: Leftovers
|turn|28
|
|move|p2a: Alakazam|Dazzling Gleam|p1a: Umbreon
|-supereffective|p1a: Umbreon
|-damage|p1a: Umbreon|118\/394
|move|p1a: Umbreon|Foul Play|p2a: Alakazam
|-supereffective|p2a: Alakazam
|-damage|p2a: Alakazam|0 fnt
|faint|p2a: Alakazam
|
|-heal|p1a: Umbreon|142\/394|[from] item: Leftovers
|leave|veludwig
|
|switch|p2a: Florges|Florges, F|192\/360
|-damage|p2a: Florges|147\/360|[from] Stealth Rock
|turn|29
|
|switch|p2a: Krookodile|Krookodile, F|238\/332
|-damage|p2a: Krookodile|218\/332|[from] Stealth Rock
|-ability|p2a: Krookodile|Intimidate|[of] p1a: Umbreon
|-unboost|p1a: Umbreon|atk|1
|move|p1a: Umbreon|Wish|p1a: Umbreon
|
|-heal|p1a: Umbreon|166\/394|[from] item: Leftovers
|turn|30
|
|switch|p1a: Hydreigon|Hydreigon, F|229\/325
|move|p2a: Krookodile|Earthquake|p1a: Hydreigon
|-immune|p1a: Hydreigon|[msg]
|
|-heal|p1a: Hydreigon|325\/325|[from] move: Wish|[wisher] Umbreon
|turn|31
|
|move|p1a: Hydreigon|Flash Cannon|p2a: Krookodile
|-damage|p2a: Krookodile|46\/332
|-damage|p1a: Hydreigon|293\/325|[from] item: Life Orb
|move|p2a: Krookodile|Earthquake|p1a: Hydreigon
|-immune|p1a: Hydreigon|[msg]
|
|turn|32
|
|move|p1a: Hydreigon|Flash Cannon|p2a: Krookodile
|-damage|p2a: Krookodile|0 fnt
|-damage|p1a: Hydreigon|261\/325|[from] item: Life Orb
|faint|p2a: Krookodile
|
|c|+King UU|welp
|
|switch|p2a: Florges|Florges, F|147\/360
|-damage|p2a: Florges|102\/360|[from] Stealth Rock
|turn|33
|c|+King UU|I picked an unbeatable E4
|c|+King UU|bye.
|c| AlltheTests|gg
|c|âBeastly|no
|c|âBeastly|you picked
|c|âBeastly|and unbeatable champ
|c|âBeastly|lo
|
|move|p2a: Florges|Protect|p2a: Florges
|-singleturn|p2a: Florges|Protect
|move|p1a: Hydreigon|Flash Cannon|p2a: Florges
|-activate|p2a: Florges|Protect
|
|-heal|p2a: Florges|124\/360|[from] item: Leftovers
|turn|34
|c|âxMarth|lol gg
|c|âBeastly|gg
|c|+King UU|told you
|c|+King UU|to pick an e4 spot
|c|+King UU|lol
|leave|King UU
|c|âxMarth|srry it took so long
|c|âBeastly|np
|
|move|p2a: Florges|Protect|p2a: Florges
|-fail|p2a: Florges
|move|p1a: Hydreigon|Flash Cannon|p2a: Florges
|-supereffective|p2a: Florges
|-damage|p2a: Florges|0 fnt
|-damage|p1a: Hydreigon|229\/325|[from] item: Life Orb
|faint|p2a: Florges
|
|win|xMarth
|c| Yellow Skarmory|gg
|leave|toenail testing
|leave|Beastly
|player|p2
|leave|Yellow Skarmory
|c| DrReuniclus89|welp
|c| DrReuniclus89|gg
|leave|DiGiTAL WiNG
|leave|DrReuniclus89
|leave|Mike Hunts
|c| Friendship :3|gg
|leave|imtoobadatthis
|leave|5O150
|join|DiGiTAL WiNG
|leave|Friendship :3
|leave|NBCAM
|join|DrReuniclus89
|leave|roast toast
|join|silverbackkap
|leave|DrReuniclus89
|leave|Gym Lâder Ouranos
|leave|aqbf
|join|DrReuniclus89
|leave|DrReuniclus89
|leave|InB4 H@x
|leave|Luna's k team
|leave|AlltheTests
|leave|DiGiTAL WiNG
|join|AlltheTests
|join|Nahuelco
|leave|MadCowX
|join|specsdiglet
|leave|LessThanThreeMan
|join|DrReuniclus89
|leave|DrReuniclus89
|leave|Laurens2603
|leave|xMarth
|player|p1
|join|blitzfiend
|leave|blitzfiend
|leave|Nahuelco
|leave|AlltheTests
|join|silverbackkap
|join|AlltheTests
|leave|AlltheTests