|join|pfzl1ght
|join|xMarth
|player|p1|pfzl1ght|192
|player|p2|xMarth|153
|gametype|singles
|gen|6
|tier|UU
|rated
|rule|Sleep Clause Mod: Limit one foe put to sleep
|rule|Species Clause: Limit one of each PokÃ©mon
|rule|OHKO Clause: OHKO moves are banned
|rule|Moody Clause: Moody is banned
|rule|Evasion Moves Clause: Evasion moves are banned
|rule|Endless Battle Clause: Forcing endless battles is banned
|rule|HP Percentage Mod: HP is shown in percentages
|clearpoke
|poke|p1|Crobat, F
|poke|p1|Raikou, shiny
|poke|p1|Swampert, F
|poke|p1|Shiftry, F
|poke|p1|Entei, shiny
|poke|p1|Aromatisse, M
|poke|p2|Togekiss, M, shiny
|poke|p2|Alakazam, M
|poke|p2|Krookodile, M
|poke|p2|Empoleon, M
|poke|p2|Arcanine, F
|poke|p2|Whimsicott, M
|rule|Swagger Clause: Swagger is banned
|rule|Baton Pass Clause: Limit one PokÃ©mon knowing Baton Pass
|teampreview
|join|BenzMafia
|
|start
|switch|p1a: Crobat|Crobat, F|311\/311
|switch|p2a: Whimsicott|Whimsicott, M|261\/261
|turn|1
|
|switch|p2a: Arcanine|Arcanine, F|383\/383
|-ability|p2a: Arcanine|Intimidate|[of] p1a: Crobat
|-unboost|p1a: Crobat|atk|1
|move|p1a: Crobat|U-turn|p2a: Arcanine
|-resisted|p2a: Arcanine
|-damage|p2a: Arcanine|355\/383
|-damage|p1a: Crobat|260\/311|[from] item: Rocky Helmet|[of] p2a: Arcanine
|
|switch|p1a: Swampert|Swampert, F|404\/404
|
|turn|2
|
|move|p2a: Arcanine|Will-O-Wisp|p1a: Swampert
|-status|p1a: Swampert|brn
|move|p1a: Swampert|Stealth Rock|p2a: Arcanine
|-sidestart|p2: xMarth|move: Stealth Rock
|
|-damage|p1a: Swampert|354\/404 brn|[from] brn
|turn|3
|
|switch|p2a: Empoleon|Empoleon, M|372\/372
|-damage|p2a: Empoleon|349\/372|[from] Stealth Rock
|move|p1a: Swampert|Scald|p2a: Empoleon
|-resisted|p2a: Empoleon
|-damage|p2a: Empoleon|322\/372
|
|-heal|p2a: Empoleon|345\/372|[from] item: Leftovers
|-heal|p1a: Swampert|379\/404 brn|[from] item: Leftovers
|-damage|p1a: Swampert|329\/404 brn|[from] brn
|turn|4
|
|move|p2a: Empoleon|Stealth Rock|p1a: Swampert
|-sidestart|p1: pfzl1ght|move: Stealth Rock
|move|p1a: Swampert|Scald|p2a: Empoleon
|-crit|p2a: Empoleon
|-resisted|p2a: Empoleon
|-damage|p2a: Empoleon|303\/372
|
|-heal|p2a: Empoleon|326\/372|[from] item: Leftovers
|-heal|p1a: Swampert|354\/404 brn|[from] item: Leftovers
|-damage|p1a: Swampert|304\/404 brn|[from] brn
|turn|5
|join|ahyueah
|
|switch|p2a: Whimsicott|Whimsicott, M|261\/261
|-damage|p2a: Whimsicott|229\/261|[from] Stealth Rock
|switch|p1a: Shiftry|Shiftry, F|321\/321
|-damage|p1a: Shiftry|281\/321|[from] Stealth Rock
|
|-heal|p2a: Whimsicott|245\/261|[from] item: Leftovers
|turn|6
|
|switch|p1a: Entei|Entei, shiny|371\/371
|-damage|p1a: Entei|279\/371|[from] Stealth Rock
|-ability|p1a: Entei|Pressure
|move|p2a: Whimsicott|Moonblast|p1a: Entei
|-resisted|p1a: Entei
|-damage|p1a: Entei|229\/371
|
|-heal|p2a: Whimsicott|261\/261|[from] item: Leftovers
|turn|7
|join|sniperaim
|
|move|p2a: Whimsicott|U-turn|p1a: Entei
|-crit|p1a: Entei
|-resisted|p1a: Entei
|-damage|p1a: Entei|203\/371
|
|switch|p2a: Arcanine|Arcanine, F|355\/383
|-damage|p2a: Arcanine|260\/383|[from] Stealth Rock
|-ability|p2a: Arcanine|Intimidate|[of] p1a: Entei
|-unboost|p1a: Entei|atk|1
|move|p1a: Entei|Stone Edge|p2a: Arcanine
|-supereffective|p2a: Arcanine
|-damage|p2a: Arcanine|118\/383
|
|turn|8
|join|Dualzz
|
|move|p1a: Entei|Stone Edge|p2a: Arcanine|[miss]
|-miss|p1a: Entei|p2a: Arcanine
|move|p2a: Arcanine|Morning Sun|p2a: Arcanine
|-heal|p2a: Arcanine|309\/383
|
|turn|9
|c|âpfzl1ght|ENTEI
|
|switch|p1a: Swampert|Swampert, F|304\/404 brn
|-damage|p1a: Swampert|279\/404 brn|[from] Stealth Rock
|switch|p2a: Krookodile|Krookodile, M|331\/331
|-damage|p2a: Krookodile|311\/331|[from] Stealth Rock
|-ability|p2a: Krookodile|Intimidate|[of] p1a: Swampert
|-unboost|p1a: Swampert|atk|1
|
|-heal|p1a: Swampert|304\/404 brn|[from] item: Leftovers
|-damage|p1a: Swampert|254\/404 brn|[from] brn
|turn|10
|
|switch|p2a: Whimsicott|Whimsicott, M|261\/261
|-damage|p2a: Whimsicott|229\/261|[from] Stealth Rock
|move|p1a: Swampert|Scald|p2a: Whimsicott
|-resisted|p2a: Whimsicott
|-damage|p2a: Whimsicott|175\/261
|
|-heal|p2a: Whimsicott|191\/261|[from] item: Leftovers
|-heal|p1a: Swampert|279\/404 brn|[from] item: Leftovers
|-damage|p1a: Swampert|229\/404 brn|[from] brn
|turn|11
|
|move|p2a: Whimsicott|U-turn|p1a: Swampert
|-damage|p1a: Swampert|203\/404 brn
|join|Tipsy Russian
|
|switch|p2a: Empoleon|Empoleon, M|326\/372
|-damage|p2a: Empoleon|303\/372|[from] Stealth Rock
|move|p1a: Swampert|Scald|p2a: Empoleon
|-resisted|p2a: Empoleon
|-damage|p2a: Empoleon|275\/372
|
|-heal|p2a: Empoleon|298\/372|[from] item: Leftovers
|-heal|p1a: Swampert|228\/404 brn|[from] item: Leftovers
|-damage|p1a: Swampert|178\/404 brn|[from] brn
|turn|12
|
|move|p2a: Empoleon|Scald|p1a: Swampert
|-damage|p1a: Swampert|73\/404 brn
|move|p1a: Swampert|Earthquake|p2a: Empoleon
|-supereffective|p2a: Empoleon
|-damage|p2a: Empoleon|202\/372
|
|-heal|p2a: Empoleon|225\/372|[from] item: Leftovers
|-heal|p1a: Swampert|98\/404 brn|[from] item: Leftovers
|-damage|p1a: Swampert|48\/404 brn|[from] brn
|turn|13
|c| Tipsy Russian|marth
|c|âxMarth|hi
|c| Tipsy Russian|is megazam broke in your opinion?
|
|move|p2a: Empoleon|Scald|p1a: Swampert
|-damage|p1a: Swampert|0 fnt
|faint|p1a: Swampert
|
|-heal|p2a: Empoleon|248\/372|[from] item: Leftovers
|c|âxMarth|y
|
|switch|p1a: Shiftry|Shiftry, F|281\/321
|-damage|p1a: Shiftry|241\/321|[from] Stealth Rock
|turn|14
|c| Tipsy Russian|will it get banned again?
|
|switch|p2a: Whimsicott|Whimsicott, M|191\/261
|-damage|p2a: Whimsicott|159\/261|[from] Stealth Rock
|move|p1a: Shiftry|Knock Off|p2a: Whimsicott
|-resisted|p2a: Whimsicott
|-damage|p2a: Whimsicott|60\/261
|-enditem|p2a: Whimsicott|Leftovers|[from] move: Knock Off|[of] p1a: Shiftry
|-damage|p1a: Shiftry|209\/321|[from] item: Life Orb
|
|turn|15
|c|âxMarth|prolly not
|
|switch|p2a: Arcanine|Arcanine, F|309\/383
|-damage|p2a: Arcanine|214\/383|[from] Stealth Rock
|-ability|p2a: Arcanine|Intimidate|[of] p1a: Shiftry
|-unboost|p1a: Shiftry|atk|1
|move|p1a: Shiftry|Sucker Punch|p2a: Arcanine
|-fail|p2a: Arcanine
|
|turn|16
|
|move|p1a: Shiftry|Knock Off|p2a: Arcanine
|-damage|p2a: Arcanine|101\/383
|-damage|p1a: Shiftry|156\/321|[from] item: Rocky Helmet|[of] p2a: Arcanine
|-enditem|p2a: Arcanine|Rocky Helmet|[from] move: Knock Off|[of] p1a: Shiftry
|-damage|p1a: Shiftry|124\/321|[from] item: Life Orb
|move|p2a: Arcanine|Morning Sun|p2a: Arcanine
|-heal|p2a: Arcanine|292\/383
|
|turn|17
|
|move|p2a: Arcanine|Extreme Speed|p1a: Shiftry
|-damage|p1a: Shiftry|9\/321
|move|p1a: Shiftry|Sucker Punch|p2a: Arcanine
|-fail|p2a: Arcanine
|
|turn|18
|
|move|p2a: Arcanine|Extreme Speed|p1a: Shiftry
|-damage|p1a: Shiftry|0 fnt
|faint|p1a: Shiftry
|
|-message|pfzl1ght forfeited.
|
|win|xMarth
|raw|Ladder updating...
|leave|pfzl1ght
|player|p1
|raw|pfzl1ght's rating: 1460 &rarr; <strong>1449<\/strong><br \/>(-11 for losing)
|raw|xMarth's rating: 1614 &rarr; <strong>1625<\/strong><br \/>(+11 for winning)
|leave|xMarth
|player|p2
|leave|sniperaim
|leave|BenzMafia
|leave|Dualzz
|join|meeowiekins
|leave|meeowiekins
|join|Dualzz
|leave|Dualzz
|leave|Tipsy Russian
|join|Dualzz
|leave|Dualzz
|join|schlamaladingdong
|leave|schlamaladingdong
|join|schlamaladingdong