|join|iplaytennislol
|join|xMarth
|player|p1|iplaytennislol|175
|player|p2|xMarth|153
|gametype|singles
|gen|6
|tier|UU
|rule|Sleep Clause Mod: Limit one foe put to sleep
|rule|Species Clause: Limit one of each PokÃ©mon
|rule|OHKO Clause: OHKO moves are banned
|rule|Moody Clause: Moody is banned
|rule|Evasion Moves Clause: Evasion moves are banned
|rule|Endless Battle Clause: Forcing endless battles is banned
|rule|HP Percentage Mod: HP is shown in percentages
|clearpoke
|poke|p1|Trevenant, F, shiny
|poke|p1|Mienshao, F
|poke|p1|Infernape, F
|poke|p1|Shuckle, F, shiny
|poke|p1|Lucario, F
|poke|p1|Nidoking, M
|poke|p2|Togetic, F
|poke|p2|Alakazam, M
|poke|p2|Krookodile, F
|poke|p2|Vaporeon, F
|poke|p2|Ferroseed, M
|poke|p2|Starmie
|rule|Swagger Clause: Swagger is banned
|rule|Baton Pass Clause: Limit one PokÃ©mon knowing Baton Pass
|teampreview
|join|yanultimate
|join|trainer meghan
|join|ANGER MANAGEMENT
|join|timethyme
|join|roast toast
|join|the fun in this
|
|start
|switch|p1a: Chimpact|Infernape, F|293\/293
|switch|p2a: Ferroseed|Ferroseed, M|292\/292
|turn|1
|join|a really good idea
|
|switch|p2a: Vaporeon|Vaporeon, F|449\/449
|move|p1a: Chimpact|Close Combat|p2a: Vaporeon
|-damage|p2a: Vaporeon|173\/449
|-unboost|p1a: Chimpact|def|1
|-unboost|p1a: Chimpact|spd|1
|
|-heal|p2a: Vaporeon|201\/449|[from] item: Leftovers
|turn|2
|c| a really good idea|C
|c| a really good idea|A
|c| a really good idea|T
|c| a really good idea|H
|c| a really good idea|Y
|
|switch|p2a: Togetic|Togetic, F|313\/313
|move|p1a: Chimpact|Close Combat|p2a: Togetic
|-resisted|p2a: Togetic
|-damage|p2a: Togetic|273\/313
|-unboost|p1a: Chimpact|def|1
|-unboost|p1a: Chimpact|spd|1
|
|turn|3
|
|switch|p1a: King UU|Nidoking, M|303\/303
|move|p2a: Togetic|Nasty Plot|p2a: Togetic
|-boost|p2a: Togetic|spa|2
|
|turn|4
|join|Dad's Dad
|
|move|p1a: King UU|Sludge Wave|p2a: Togetic
|-supereffective|p2a: Togetic
|-damage|p2a: Togetic|0 fnt
|faint|p2a: Togetic
|
|c|+ANGER MANAGEMENT|you need to go calm marth
|join|silverbackkap
|c|âxMarth|fucking max
|
|switch|p2a: Alakazam|Alakazam, M|251\/251
|turn|5
|
|switch|p1a: ShuckieMyDick|Shuckle, F, shiny|230\/230
|detailschange|p2a: Alakazam|Alakazam-Mega, M
|message|Alakazam has Mega Evolved into Mega Alakazam!
|-ability|p2a: Alakazam|Sturdy|[from] ability: Trace|[of] p1a: ShuckieMyDick
|move|p2a: Alakazam|Psychic|p1a: ShuckieMyDick
|-damage|p1a: ShuckieMyDick|139\/230
|
|turn|6
|
|move|p2a: Alakazam|Psychic|p1a: ShuckieMyDick
|-damage|p1a: ShuckieMyDick|42\/230
|move|p1a: ShuckieMyDick|Sticky Web|p2a: Alakazam
|-sidestart|p2: xMarth|move: Sticky Web
|
|turn|7
|
|move|p2a: Alakazam|Psychic|p1a: ShuckieMyDick
|-damage|p1a: ShuckieMyDick|0 fnt
|faint|p1a: ShuckieMyDick
|
|
|switch|p1a: jump up jump up|Mienshao, F|271\/271
|turn|8
|
|move|p2a: Alakazam|Protect|p2a: Alakazam
|-singleturn|p2a: Alakazam|Protect
|move|p1a: jump up jump up|U-turn|p2a: Alakazam
|-activate|p2a: Alakazam|Protect
|
|turn|9
|
|move|p1a: jump up jump up|U-turn|p2a: Alakazam
|-supereffective|p2a: Alakazam
|-damage|p2a: Alakazam|21\/251
|
|switch|p1a: Cathy|Trevenant, F, shiny|312\/312
|move|p2a: Alakazam|Psychic|p1a: Cathy
|-damage|p1a: Cathy|74\/312
|-enditem|p1a: Cathy|Starf Berry|[eat]
|-boost|p1a: Cathy|atk|2|[from] item: Starf Berry
|
|turn|10
|c|âiplaytennislol|oof
|join|Super Mario Kek
|c|âiplaytennislol|im sorry Cathy ;_;
|c| the fun in this|how is that beast uu
|c|âxMarth|sacked cathy =\/
|c| Super Mario Kek|catthy>
|c| Super Mario Kek|and have two gender
|c| Super Mario Kek|kek
|c| the fun in this|like is its defences what put it in uu
|join|Philz
|join|ReleaseTheMagikarp
|c| ReleaseTheMagikarp|hi
|c| Philz|last time ill see cathy 
|c| Philz|I have ebola
|c| ReleaseTheMagikarp|lol kill him q\/ cathy
|c| Philz|rip
|c| ReleaseTheMagikarp|philz u live in us?
|c| Philz|n
|c|âiplaytennislol|you have ferroseed
|leave|roast toast
|c|âiplaytennislol|Cathy ;_;
|
|move|p2a: Alakazam|Psychic|p1a: Cathy
|-damage|p1a: Cathy|0 fnt
|faint|p1a: Cathy
|
|c|âiplaytennislol|\/me dies
|
|switch|p1a: jump up jump up|Mienshao, F|271\/271
|turn|11
|join|AquaCat
|
|move|p2a: Alakazam|Protect|p2a: Alakazam
|-singleturn|p2a: Alakazam|Protect
|move|p1a: jump up jump up|U-turn|p2a: Alakazam
|-activate|p2a: Alakazam|Protect
|
|turn|12
|
|switch|p2a: Ferroseed|Ferroseed, M|292\/292
|-activate|p2a: Ferroseed|move: Sticky Web
|-unboost|p2a: Ferroseed|spe|1
|move|p1a: jump up jump up|U-turn|p2a: Ferroseed
|-damage|p2a: Ferroseed|252\/292
|-damage|p1a: jump up jump up|238\/271|[from] ability: Iron Barbs|[of] p2a: Ferroseed
|
|switch|p1a: Chimpact|Infernape, F|293\/293
|
|turn|13
|
|move|p1a: Chimpact|Close Combat|p2a: Ferroseed
|-supereffective|p2a: Ferroseed
|-damage|p2a: Ferroseed|0 fnt
|-damage|p1a: Chimpact|257\/293|[from] ability: Iron Barbs|[of] p2a: Ferroseed
|-unboost|p1a: Chimpact|def|1
|-unboost|p1a: Chimpact|spd|1
|faint|p2a: Ferroseed
|
|
|switch|p2a: Starmie|Starmie|261\/261
|-activate|p2a: Starmie|move: Sticky Web
|-unboost|p2a: Starmie|spe|1
|turn|14
|
|move|p1a: Chimpact|Close Combat|p2a: Starmie
|-resisted|p2a: Starmie
|-damage|p2a: Starmie|93\/261
|-unboost|p1a: Chimpact|def|1
|-unboost|p1a: Chimpact|spd|1
|move|p2a: Starmie|Rapid Spin|p1a: Chimpact
|-crit|p1a: Chimpact
|-damage|p1a: Chimpact|210\/293
|-sideend|p2: xMarth|Sticky Web|[from] move: Rapid Spin|[of] p2a: Starmie
|-damage|p2a: Starmie|67\/261|[from] item: Life Orb
|
|turn|15
|
|move|p1a: Chimpact|Close Combat|p2a: Starmie
|-resisted|p2a: Starmie
|-damage|p2a: Starmie|0 fnt
|-unboost|p1a: Chimpact|def|1
|-unboost|p1a: Chimpact|spd|1
|faint|p2a: Starmie
|
|
|switch|p2a: Alakazam|Alakazam-Mega, M|21\/251
|-ability|p2a: Alakazam|Iron Fist|[from] ability: Trace|[of] p1a: Chimpact
|turn|16
|
|switch|p1a: King UU|Nidoking, M|303\/303
|move|p2a: Alakazam|Psychic|p1a: King UU
|-supereffective|p1a: King UU
|-damage|p1a: King UU|0 fnt
|faint|p1a: King UU
|
|
|switch|p1a: jump up jump up|Mienshao, F|238\/271
|turn|17
|join|Mydonut
|
|move|p2a: Alakazam|Protect|p2a: Alakazam
|-singleturn|p2a: Alakazam|Protect
|move|p1a: jump up jump up|U-turn|p2a: Alakazam
|-activate|p2a: Alakazam|Protect
|
|turn|18
|c| the fun in this|hjk from here shud win u the game (?)
|c|âiplaytennislol|ye
|
|move|p1a: jump up jump up|U-turn|p2a: Alakazam
|-supereffective|p2a: Alakazam
|-damage|p2a: Alakazam|0 fnt
|faint|p2a: Alakazam
|join|fqba
|
|switch|p1a: Chimpact|Infernape, F|210\/293
|
|
|switch|p2a: Krookodile|Krookodile, F|331\/331
|-ability|p2a: Krookodile|Intimidate|[of] p1a: Chimpact
|-unboost|p1a: Chimpact|atk|1
|turn|19
|join|Meruu
|c| Meruu|scouting ur LYFE
|
|move|p1a: Chimpact|Close Combat|p2a: Krookodile
|-supereffective|p2a: Krookodile
|-damage|p2a: Krookodile|0 fnt
|-unboost|p1a: Chimpact|def|1
|-unboost|p1a: Chimpact|spd|1
|faint|p2a: Krookodile
|
|c|âiplaytennislol|gg
|
|switch|p2a: Vaporeon|Vaporeon, F|201\/449
|turn|20
|
|move|p1a: Chimpact|Close Combat|p2a: Vaporeon
|-damage|p2a: Vaporeon|2\/449
|-unboost|p1a: Chimpact|def|1
|-unboost|p1a: Chimpact|spd|1
|move|p2a: Vaporeon|Wish|p2a: Vaporeon
|
|-heal|p2a: Vaporeon|30\/449|[from] item: Leftovers
|turn|21
|c| Philz|u cant scout cathy
|c|âiplaytennislol|oof
|
|move|p2a: Vaporeon|Protect|p2a: Vaporeon
|-singleturn|p2a: Vaporeon|Protect
|move|p1a: Chimpact|Close Combat|p2a: Vaporeon
|-activate|p2a: Vaporeon|Protect
|
|-heal|p2a: Vaporeon|254\/449|[from] move: Wish|[wisher] Vaporeon
|-heal|p2a: Vaporeon|282\/449|[from] item: Leftovers
|turn|22
|c| AquaCat|Nice 1%
|
|-activate|p1a: Chimpact|move: Struggle
|move|p1a: Chimpact|Struggle|p2a: Vaporeon
|-damage|p2a: Vaporeon|225\/449
|-damage|p1a: Chimpact|137\/293
|move|p2a: Vaporeon|Wish|p2a: Vaporeon
|
|-heal|p2a: Vaporeon|253\/449|[from] item: Leftovers
|turn|23
|c|âiplaytennislol|nice
|c| Philz|nice struggle
|
|-activate|p1a: Chimpact|move: Struggle
|move|p1a: Chimpact|Struggle|p2a: Vaporeon
|-damage|p2a: Vaporeon|200\/449
|-damage|p1a: Chimpact|64\/293
|move|p2a: Vaporeon|Scald|p1a: Chimpact
|-supereffective|p1a: Chimpact
|-damage|p1a: Chimpact|0 fnt
|faint|p1a: Chimpact
|
|-heal|p2a: Vaporeon|424\/449|[from] move: Wish|[wisher] Vaporeon
|-heal|p2a: Vaporeon|449\/449|[from] item: Leftovers
|
|switch|p1a: Dance Dance Dance|Lucario, F|281\/281
|turn|24
|join|Tipsy Russian
|
|move|p1a: Dance Dance Dance|Nasty Plot|p1a: Dance Dance Dance
|-boost|p1a: Dance Dance Dance|spa|2
|move|p2a: Vaporeon|Roar|p1a: Dance Dance Dance
|drag|p1a: jump up jump up|Mienshao, F|238\/271
|
|turn|25
|c| Meruu|the struggle is real
|c| Philz|rekd
|
|switch|p1a: Dance Dance Dance|Lucario, F|281\/281
|move|p2a: Vaporeon|Wish|p2a: Vaporeon
|
|turn|26
|c| Meruu|0_0 the choke is here
|c| the fun in this|is the choke real
|
|move|p1a: Dance Dance Dance|Nasty Plot|p1a: Dance Dance Dance
|-boost|p1a: Dance Dance Dance|spa|2
|move|p2a: Vaporeon|Scald|p1a: Dance Dance Dance
|-damage|p1a: Dance Dance Dance|136\/281
|
|turn|27
|c| Meruu|go back to NU iplaytennislol
|c|âiplaytennislol|?
|
|move|p1a: Dance Dance Dance|Aura Sphere|p2a: Vaporeon
|-damage|p2a: Vaporeon|128\/449
|-damage|p1a: Dance Dance Dance|108\/281|[from] item: Life Orb
|move|p2a: Vaporeon|Scald|p1a: Dance Dance Dance
|-damage|p1a: Dance Dance Dance|0 fnt
|faint|p1a: Dance Dance Dance
|
|-heal|p2a: Vaporeon|156\/449|[from] item: Leftovers
|
|switch|p1a: jump up jump up|Mienshao, F|238\/271
|turn|28
|c|+ANGER MANAGEMENT|double prot wins
|c|âxMarth|its a 50\/50
|
|move|p2a: Vaporeon|Protect|p2a: Vaporeon
|-singleturn|p2a: Vaporeon|Protect
|move|p1a: jump up jump up|High Jump Kick|p2a: Vaporeon
|-activate|p2a: Vaporeon|Protect
|-damage|p1a: jump up jump up|103\/271|[from] highjumpkick
|
|-heal|p2a: Vaporeon|184\/449|[from] item: Leftovers
|turn|29
|c|+DMT|meru! scouter!!!
|c|âiplaytennislol|its k
|c|+DMT|and marth it's in your favour
|c|âiplaytennislol|no double
|c|+DMT|cuz miss
|
|move|p2a: Vaporeon|Protect|p2a: Vaporeon
|-fail|p2a: Vaporeon
|move|p1a: jump up jump up|High Jump Kick|p2a: Vaporeon
|-damage|p2a: Vaporeon|0 fnt
|faint|p2a: Vaporeon
|
|win|iplaytennislol
|c|+DMT|ptect fail
|c|+DMT|and miss
|c| Philz|aww
|c|+DMT|awe
|c|âiplaytennislol|oof
|c|âiplaytennislol|gg
|c|âxMarth|oh
|c| Philz|I was awaiting
|leave|Meruu
|c| Philz|the double
|leave|silverbackkap
|leave|DMT
|leave|Tipsy Russian
|leave|Mydonut
|leave|xMarth
|player|p2
|leave|Philz
|leave|AquaCat
|leave|the fun in this