|join|xMarth
|join|GeathDrips
|player|p1|xMarth|153
|player|p2|GeathDrips|49
|gametype|singles
|gen|6
|tier|UU
|rated
|rule|Sleep Clause Mod: Limit one foe put to sleep
|rule|Species Clause: Limit one of each PokÃ©mon
|rule|OHKO Clause: OHKO moves are banned
|rule|Moody Clause: Moody is banned
|rule|Evasion Moves Clause: Evasion moves are banned
|rule|Endless Battle Clause: Forcing endless battles is banned
|rule|HP Percentage Mod: HP is shown in percentages
|clearpoke
|poke|p1|Togekiss, F, shiny
|poke|p1|Alakazam, M
|poke|p1|Krookodile, F
|poke|p1|Empoleon, M
|poke|p1|Arcanine, F
|poke|p1|Whimsicott, F
|poke|p2|Togekiss, F
|poke|p2|Absol, F
|poke|p2|Tentacruel, M
|poke|p2|Swampert, M
|poke|p2|Lucario, M
|poke|p2|Rotom-Heat
|rule|Swagger Clause: Swagger is banned
|rule|Baton Pass Clause: Limit one PokÃ©mon knowing Baton Pass
|teampreview
|
|start
|switch|p1a: Whimsicott|Whimsicott, F|261\/261
|switch|p2a: Togekiss|Togekiss, F|312\/312
|turn|1
|
|switch|p2a: Rotom-Heat|Rotom-Heat|242\/242
|move|p1a: Whimsicott|U-turn|p2a: Rotom-Heat
|-resisted|p2a: Rotom-Heat
|-damage|p2a: Rotom-Heat|228\/242
|
|switch|p1a: Empoleon|Empoleon, M|372\/372
|
|turn|2
|
|move|p2a: Rotom-Heat|Overheat|p1a: Empoleon
|-damage|p1a: Empoleon|153\/372
|-unboost|p2a: Rotom-Heat|spa|2
|move|p1a: Empoleon|Stealth Rock|p2a: Rotom-Heat
|-sidestart|p2: GeathDrips|move: Stealth Rock
|
|-heal|p1a: Empoleon|176\/372|[from] item: Leftovers
|turn|3
|
|switch|p2a: Tentacruel|Tentacruel, M|364\/364
|-damage|p2a: Tentacruel|319\/364|[from] Stealth Rock
|switch|p1a: Krookodile|Krookodile, F|331\/331
|-ability|p1a: Krookodile|Intimidate|[of] p2a: Tentacruel
|-unboost|p2a: Tentacruel|atk|1
|
|-heal|p2a: Tentacruel|341\/364|[from] item: Black Sludge
|turn|4
|
|switch|p2a: Swampert|Swampert, M|404\/404
|-damage|p2a: Swampert|379\/404|[from] Stealth Rock
|move|p1a: Krookodile|Knock Off|p2a: Swampert
|-damage|p2a: Swampert|195\/404
|-enditem|p2a: Swampert|Leftovers|[from] move: Knock Off|[of] p1a: Krookodile
|
|turn|5
|join|Salty Chum
|
|switch|p1a: Whimsicott|Whimsicott, F|261\/261
|switch|p2a: Tentacruel|Tentacruel, M|341\/364
|-damage|p2a: Tentacruel|296\/364|[from] Stealth Rock
|
|-heal|p2a: Tentacruel|318\/364|[from] item: Black Sludge
|turn|6
|
|move|p1a: Whimsicott|U-turn|p2a: Tentacruel
|-resisted|p2a: Tentacruel
|-damage|p2a: Tentacruel|305\/364
|
|switch|p1a: Togekiss|Togekiss, F, shiny|373\/373
|move|p2a: Tentacruel|Rapid Spin|p1a: Togekiss
|-damage|p1a: Togekiss|363\/373
|-sideend|p2: GeathDrips|Stealth Rock|[from] move: Rapid Spin|[of] p2a: Tentacruel
|
|-heal|p2a: Tentacruel|327\/364|[from] item: Black Sludge
|-heal|p1a: Togekiss|373\/373|[from] item: Leftovers
|turn|7
|
|switch|p2a: Rotom-Heat|Rotom-Heat|228\/242
|move|p1a: Togekiss|Baton Pass|p1a: Togekiss
|
|switch|p1a: Alakazam|Alakazam, M|251\/251
|
|turn|8
|
|detailschange|p1a: Alakazam|Alakazam-Mega, M
|message|Alakazam has Mega Evolved into Mega Alakazam!
|-ability|p1a: Alakazam|Levitate|[from] ability: Trace|[of] p2a: Rotom-Heat
|move|p1a: Alakazam|Protect|p1a: Alakazam
|-singleturn|p1a: Alakazam|Protect
|move|p2a: Rotom-Heat|Volt Switch|p1a: Alakazam
|-activate|p1a: Alakazam|Protect
|
|turn|9
|join|namehtmas
|
|move|p1a: Alakazam|Psychic|p2a: Rotom-Heat
|-damage|p2a: Rotom-Heat|36\/242
|move|p2a: Rotom-Heat|Volt Switch|p1a: Alakazam
|-damage|p1a: Alakazam|76\/251
|
|switch|p2a: Absol|Absol, F|271\/271
|
|turn|10
|
|detailschange|p2a: Absol|Absol-Mega, F
|message|Absol has Mega Evolved into Mega Absol!
|move|p2a: Absol|Pursuit|p1a: Alakazam|[from]Pursuit
|-supereffective|p1a: Alakazam
|-damage|p1a: Alakazam|0 fnt
|faint|p1a: Alakazam
|
|
|switch|p1a: Whimsicott|Whimsicott, F|261\/261
|turn|11
|join|thisguyoverthere33
|
|switch|p2a: Tentacruel|Tentacruel, M|327\/364
|move|p1a: Whimsicott|Moonblast|p2a: Tentacruel
|-resisted|p2a: Tentacruel
|-damage|p2a: Tentacruel|274\/364
|
|-heal|p2a: Tentacruel|296\/364|[from] item: Black Sludge
|turn|12
|
|move|p1a: Whimsicott|Giga Drain|p2a: Tentacruel
|-damage|p2a: Tentacruel|218\/364
|-damage|p1a: Whimsicott|222\/261|[from] ability: Liquid Ooze|[of] p2a: Tentacruel
|move|p2a: Tentacruel|Sludge Bomb|p1a: Whimsicott
|-supereffective|p1a: Whimsicott
|-damage|p1a: Whimsicott|0 fnt
|faint|p1a: Whimsicott
|
|-heal|p2a: Tentacruel|240\/364|[from] item: Black Sludge
|join|dingbat
|c|âxMarth|oh right that viable tentacruel move
|
|switch|p1a: Krookodile|Krookodile, F|331\/331
|-ability|p1a: Krookodile|Intimidate|[of] p2a: Tentacruel
|-unboost|p2a: Tentacruel|atk|1
|turn|13
|join|DatLatias
|
|switch|p2a: Swampert|Swampert, M|195\/404
|move|p1a: Krookodile|Knock Off|p2a: Swampert
|-damage|p2a: Swampert|63\/404
|
|turn|14
|
|move|p1a: Krookodile|Knock Off|p2a: Swampert
|-damage|p2a: Swampert|0 fnt
|faint|p2a: Swampert
|
|
|switch|p2a: Lucario|Lucario, M|281\/281
|turn|15
|
|switch|p1a: Arcanine|Arcanine, F|383\/383
|-ability|p1a: Arcanine|Intimidate|[of] p2a: Lucario
|-unboost|p2a: Lucario|atk|1
|switch|p2a: Tentacruel|Tentacruel, M|240\/364
|
|-heal|p2a: Tentacruel|262\/364|[from] item: Black Sludge
|turn|16
|
|move|p1a: Arcanine|Will-O-Wisp|p2a: Tentacruel
|-status|p2a: Tentacruel|brn
|move|p2a: Tentacruel|Toxic Spikes|p1a: Arcanine
|-sidestart|p1: xMarth|move: Toxic Spikes
|
|-heal|p2a: Tentacruel|284\/364 brn|[from] item: Black Sludge
|-damage|p2a: Tentacruel|239\/364 brn|[from] brn
|turn|17
|
|switch|p1a: Empoleon|Empoleon, M|176\/372
|move|p2a: Tentacruel|Scald|p1a: Empoleon
|-resisted|p1a: Empoleon
|-damage|p1a: Empoleon|148\/372
|
|-heal|p2a: Tentacruel|261\/364 brn|[from] item: Black Sludge
|-heal|p1a: Empoleon|171\/372|[from] item: Leftovers
|-damage|p2a: Tentacruel|216\/364 brn|[from] brn
|turn|18
|join|ZvZ
|
|switch|p2a: Absol|Absol-Mega, F|271\/271
|move|p1a: Empoleon|Defog|p2a: Absol
|move|p2a: Absol|Defog|p1a: Empoleon|[from]Magic Bounce
|-unboost|p1a: Empoleon|evasion|1
|-sideend|p1: xMarth|Toxic Spikes|[from] move: Defog|[of] p1a: Empoleon
|
|-heal|p1a: Empoleon|194\/372|[from] item: Leftovers
|turn|19
|
|move|p2a: Absol|Pursuit|p1a: Empoleon|[from]Pursuit
|-damage|p1a: Empoleon|26\/372
|switch|p1a: Arcanine|Arcanine, F|383\/383
|-ability|p1a: Arcanine|Intimidate|[of] p2a: Absol
|-unboost|p2a: Absol|atk|1
|
|turn|20
|
|move|p2a: Absol|Knock Off|p1a: Arcanine
|-damage|p1a: Arcanine|268\/383
|-damage|p2a: Absol|226\/271|[from] item: Rocky Helmet|[of] p1a: Arcanine
|-enditem|p1a: Arcanine|Rocky Helmet|[from] move: Knock Off|[of] p2a: Absol
|move|p1a: Arcanine|Flare Blitz|p2a: Absol
|-damage|p2a: Absol|9\/271
|-damage|p1a: Arcanine|196\/383|[from] recoil|[of] p2a: Absol
|
|turn|21
|
|move|p1a: Arcanine|Extreme Speed|p2a: Absol
|-damage|p2a: Absol|0 fnt
|faint|p2a: Absol
|
|
|switch|p2a: Togekiss|Togekiss, F|312\/312
|turn|22
|
|move|p2a: Togekiss|Air Slash|p1a: Arcanine
|-damage|p1a: Arcanine|52\/383
|move|p1a: Arcanine|Will-O-Wisp|p2a: Togekiss|[miss]
|-miss|p1a: Arcanine|p2a: Togekiss
|
|turn|23
|
|switch|p1a: Empoleon|Empoleon, M|26\/372
|move|p2a: Togekiss|Air Slash|p1a: Empoleon
|-crit|p1a: Empoleon
|-resisted|p1a: Empoleon
|-damage|p1a: Empoleon|0 fnt
|faint|p1a: Empoleon
|
|
|switch|p1a: Togekiss|Togekiss, F, shiny|373\/373
|turn|24
|
|switch|p2a: Tentacruel|Tentacruel, M|216\/364 brn
|move|p1a: Togekiss|Nasty Plot|p1a: Togekiss
|-boost|p1a: Togekiss|spa|2
|
|-heal|p2a: Tentacruel|238\/364 brn|[from] item: Black Sludge
|-damage|p2a: Tentacruel|193\/364 brn|[from] brn
|turn|25
|
|move|p2a: Tentacruel|Sludge Bomb|p1a: Togekiss
|-supereffective|p1a: Togekiss
|-damage|p1a: Togekiss|229\/373
|-status|p1a: Togekiss|psn
|move|p1a: Togekiss|Air Slash|p2a: Tentacruel
|-damage|p2a: Tentacruel|4\/364 brn
|
|-heal|p2a: Tentacruel|26\/364 brn|[from] item: Black Sludge
|-heal|p1a: Togekiss|252\/373 psn|[from] item: Leftovers
|-damage|p2a: Tentacruel|0 fnt|[from] brn
|-damage|p1a: Togekiss|206\/373 psn|[from] psn
|faint|p2a: Tentacruel
|
|switch|p2a: Togekiss|Togekiss, F|312\/312
|turn|26
|
|move|p2a: Togekiss|Air Slash|p1a: Togekiss
|-crit|p1a: Togekiss
|-damage|p1a: Togekiss|50\/373 psn
|cant|p1a: Togekiss|flinch
|
|-heal|p1a: Togekiss|73\/373 psn|[from] item: Leftovers
|-damage|p1a: Togekiss|27\/373 psn|[from] psn
|turn|27
|
|switch|p1a: Arcanine|Arcanine, F|52\/383
|-ability|p1a: Arcanine|Intimidate|[of] p2a: Togekiss
|-unboost|p2a: Togekiss|atk|1
|move|p2a: Togekiss|Air Slash|p1a: Arcanine
|-damage|p1a: Arcanine|0 fnt
|faint|p1a: Arcanine
|
|
|switch|p1a: Krookodile|Krookodile, F|331\/331
|-ability|p1a: Krookodile|Intimidate|[of] p2a: Togekiss
|-unboost|p2a: Togekiss|atk|1
|turn|28
|
|switch|p2a: Rotom-Heat|Rotom-Heat|36\/242
|move|p1a: Krookodile|Stone Edge|p2a: Rotom-Heat
|-supereffective|p2a: Rotom-Heat
|-damage|p2a: Rotom-Heat|0 fnt
|faint|p2a: Rotom-Heat
|
|
|switch|p2a: Lucario|Lucario, M|281\/281
|turn|29
|
|switch|p1a: Togekiss|Togekiss, F, shiny|27\/373 psn
|move|p2a: Lucario|Close Combat|p1a: Togekiss
|-resisted|p1a: Togekiss
|-damage|p1a: Togekiss|0 fnt
|-unboost|p2a: Lucario|def|1
|-unboost|p2a: Lucario|spd|1
|faint|p1a: Togekiss
|
|
|switch|p1a: Krookodile|Krookodile, F|331\/331
|-ability|p1a: Krookodile|Intimidate|[of] p2a: Lucario
|-unboost|p2a: Lucario|atk|1
|turn|30
|
|move|p1a: Krookodile|Stone Edge|p2a: Lucario
|-crit|p2a: Lucario
|-resisted|p2a: Lucario
|-damage|p2a: Lucario|153\/281
|move|p2a: Lucario|Close Combat|p1a: Krookodile
|-supereffective|p1a: Krookodile
|-damage|p1a: Krookodile|23\/331
|-unboost|p2a: Lucario|def|1
|-unboost|p2a: Lucario|spd|1
|
|turn|31
|
|move|p2a: Lucario|Extreme Speed|p1a: Krookodile
|-damage|p1a: Krookodile|0 fnt
|faint|p1a: Krookodile
|
|win|GeathDrips
|raw|Ladder updating...
|c|âGeathDrips|gg
|raw|xMarth's rating: 1786 &rarr; <strong>1760<\/strong><br \/>(-26 for losing)
|raw|GeathDrips's rating: 1676 &rarr; <strong>1702<\/strong><br \/>(+26 for winning)
|c|âxMarth|nah
|leave|dingbat
|leave|xMarth
|player|p1