|join|xMarth
|join|arnyyr
|player|p1|xMarth|153
|player|p2|arnyyr|2
|gametype|singles
|gen|6
|tier|UU
|rated
|rule|Sleep Clause Mod: Limit one foe put to sleep
|rule|Species Clause: Limit one of each PokÃ©mon
|rule|OHKO Clause: OHKO moves are banned
|rule|Moody Clause: Moody is banned
|rule|Evasion Moves Clause: Evasion moves are banned
|rule|Endless Battle Clause: Forcing endless battles is banned
|rule|HP Percentage Mod: HP is shown in percentages
|clearpoke
|poke|p1|Togekiss, M, shiny
|poke|p1|Alakazam, M
|poke|p1|Krookodile, M
|poke|p1|Empoleon, M
|poke|p1|Arcanine, F
|poke|p1|Whimsicott, M
|poke|p2|Jirachi
|poke|p2|Ampharos, M
|poke|p2|Snorlax, F
|poke|p2|Togekiss, M
|poke|p2|Alomomola, M
|poke|p2|Chesnaught, F
|rule|Swagger Clause: Swagger is banned
|rule|Baton Pass Clause: Limit one PokÃ©mon knowing Baton Pass
|teampreview
|
|start
|switch|p1a: Empoleon|Empoleon, M|372\/372
|switch|p2a: Ampharos|Ampharos, M|383\/383
|turn|1
|
|detailschange|p2a: Ampharos|Ampharos-Mega, M
|message|Ampharos has Mega Evolved into Mega Ampharos!
|-ability|p2a: Ampharos|Mold Breaker
|move|p2a: Ampharos|Volt Switch|p1a: Empoleon
|-supereffective|p1a: Empoleon
|-damage|p1a: Empoleon|174\/372
|
|switch|p2a: Chesnaught|Chesnaught, F|379\/379
|move|p1a: Empoleon|Stealth Rock|p2a: Chesnaught
|-sidestart|p2: arnyyr|move: Stealth Rock
|
|-heal|p1a: Empoleon|197\/372|[from] item: Leftovers
|turn|2
|
|switch|p1a: Togekiss|Togekiss, M, shiny|373\/373
|move|p2a: Chesnaught|Spikes|p1a: Togekiss
|-sidestart|p1: xMarth|Spikes
|
|turn|3
|
|switch|p2a: Ampharos|Ampharos-Mega, M|383\/383
|-damage|p2a: Ampharos|336\/383|[from] Stealth Rock
|-ability|p2a: Ampharos|Mold Breaker
|move|p1a: Togekiss|Nasty Plot|p1a: Togekiss
|-boost|p1a: Togekiss|spa|2
|
|turn|4
|
|move|p1a: Togekiss|Air Slash|p2a: Ampharos
|-resisted|p2a: Ampharos
|-damage|p2a: Ampharos|238\/383
|cant|p2a: Ampharos|flinch
|
|turn|5
|
|move|p1a: Togekiss|Air Slash|p2a: Ampharos
|-resisted|p2a: Ampharos
|-damage|p2a: Ampharos|140\/383
|cant|p2a: Ampharos|flinch
|
|turn|6
|
|move|p1a: Togekiss|Air Slash|p2a: Ampharos|[miss]
|-miss|p1a: Togekiss|p2a: Ampharos
|move|p2a: Ampharos|Volt Switch|p1a: Togekiss
|-supereffective|p1a: Togekiss
|-damage|p1a: Togekiss|151\/373
|
|switch|p2a: Jirachi|Jirachi|403\/403
|-damage|p2a: Jirachi|378\/403|[from] Stealth Rock
|
|-heal|p2a: Jirachi|403\/403|[from] item: Leftovers
|-heal|p1a: Togekiss|174\/373|[from] item: Leftovers
|turn|7
|join|schlamaladingdong
|
|switch|p1a: Arcanine|Arcanine, F|383\/383
|-damage|p1a: Arcanine|336\/383|[from] Spikes
|-ability|p1a: Arcanine|Intimidate|[of] p2a: Jirachi
|-unboost|p2a: Jirachi|atk|1
|move|p2a: Jirachi|Stealth Rock|p1a: Arcanine
|-sidestart|p1: xMarth|move: Stealth Rock
|
|turn|8
|
|move|p2a: Jirachi|U-turn|p1a: Arcanine
|-resisted|p1a: Arcanine
|-damage|p1a: Arcanine|320\/383
|-damage|p2a: Jirachi|336\/403|[from] item: Rocky Helmet|[of] p1a: Arcanine
|
|switch|p2a: Snorlax|Snorlax, F|497\/497
|-damage|p2a: Snorlax|435\/497|[from] Stealth Rock
|move|p1a: Arcanine|Will-O-Wisp|p2a: Snorlax
|-status|p2a: Snorlax|brn
|
|-heal|p2a: Snorlax|466\/497 brn|[from] item: Leftovers
|-damage|p2a: Snorlax|404\/497 brn|[from] brn
|turn|9
|
|switch|p1a: Empoleon|Empoleon, M|197\/372
|-damage|p1a: Empoleon|151\/372|[from] Spikes
|-damage|p1a: Empoleon|128\/372|[from] Stealth Rock
|move|p2a: Snorlax|Body Slam|p1a: Empoleon
|-resisted|p1a: Empoleon
|-damage|p1a: Empoleon|98\/372
|-status|p1a: Empoleon|par
|
|-heal|p2a: Snorlax|435\/497 brn|[from] item: Leftovers
|-heal|p1a: Empoleon|121\/372 par|[from] item: Leftovers
|-damage|p2a: Snorlax|373\/497 brn|[from] brn
|turn|10
|
|move|p2a: Snorlax|Earthquake|p1a: Empoleon
|-supereffective|p1a: Empoleon
|-damage|p1a: Empoleon|33\/372 par
|move|p1a: Empoleon|Defog|p2a: Snorlax
|-unboost|p2a: Snorlax|evasion|1
|-sideend|p2: arnyyr|Stealth Rock|[from] move: Defog|[of] p2a: Snorlax
|-sideend|p1: xMarth|Spikes|[from] move: Defog|[of] p1a: Empoleon
|-sideend|p1: xMarth|Stealth Rock|[from] move: Defog|[of] p1a: Empoleon
|
|-heal|p2a: Snorlax|404\/497 brn|[from] item: Leftovers
|-heal|p1a: Empoleon|56\/372 par|[from] item: Leftovers
|-damage|p2a: Snorlax|342\/497 brn|[from] brn
|turn|11
|join|sniperaim
|join|Eyan
|
|switch|p1a: Krookodile|Krookodile, M|331\/331
|-ability|p1a: Krookodile|Intimidate|[of] p2a: Snorlax
|-unboost|p2a: Snorlax|atk|1
|move|p2a: Snorlax|Earthquake|p1a: Krookodile
|-damage|p1a: Krookodile|296\/331
|
|-heal|p2a: Snorlax|373\/497 brn|[from] item: Leftovers
|-damage|p2a: Snorlax|311\/497 brn|[from] brn
|turn|12
|
|switch|p1a: Togekiss|Togekiss, M, shiny|174\/373
|switch|p2a: Alomomola|Alomomola, M|497\/497
|
|-heal|p1a: Togekiss|197\/373|[from] item: Leftovers
|turn|13
|
|move|p1a: Togekiss|Nasty Plot|p1a: Togekiss
|-boost|p1a: Togekiss|spa|2
|move|p2a: Alomomola|Toxic|p1a: Togekiss
|-status|p1a: Togekiss|tox
|
|-heal|p1a: Togekiss|220\/373 tox|[from] item: Leftovers
|-damage|p1a: Togekiss|197\/373 tox|[from] psn
|turn|14
|
|switch|p2a: Jirachi|Jirachi|336\/403
|move|p1a: Togekiss|Baton Pass|p1a: Togekiss
|
|switch|p1a: Alakazam|Alakazam, M|251\/251
|
|-heal|p2a: Jirachi|361\/403|[from] item: Leftovers
|turn|15
|
|detailschange|p1a: Alakazam|Alakazam-Mega, M
|message|Alakazam has Mega Evolved into Mega Alakazam!
|-ability|p1a: Alakazam|Serene Grace|[from] ability: Trace|[of] p2a: Jirachi
|move|p1a: Alakazam|Shadow Ball|p2a: Jirachi
|-supereffective|p2a: Jirachi
|-damage|p2a: Jirachi|0 fnt
|faint|p2a: Jirachi
|
|c|âarnyyr|gg
|c|âxMarth|gg
|c|âarnyyr|this is  scary
|-message|arnyyr forfeited.
|
|win|xMarth
|raw|Ladder updating...
|raw|xMarth's rating: 1652 &rarr; <strong>1665<\/strong><br \/>(+13 for winning)
|raw|arnyyr's rating: 1512 &rarr; <strong>1500<\/strong><br \/>(-12 for losing)
|leave|sniperaim