|join|xMarth
|join|dodmen
|player|p1|xMarth|153
|player|p2|dodmen|171
|gametype|singles
|gen|6
|tier|UU
|rated
|rule|Sleep Clause Mod: Limit one foe put to sleep
|rule|Species Clause: Limit one of each PokÃ©mon
|rule|OHKO Clause: OHKO moves are banned
|rule|Moody Clause: Moody is banned
|rule|Evasion Moves Clause: Evasion moves are banned
|rule|Endless Battle Clause: Forcing endless battles is banned
|rule|HP Percentage Mod: HP is shown in percentages
|clearpoke
|poke|p1|Houndoom, M
|poke|p1|Jirachi
|poke|p1|Roserade, F
|poke|p1|Crobat, M
|poke|p1|Swampert, M
|poke|p1|Florges, F
|poke|p2|Mienshao, F
|poke|p2|Krookodile, F
|poke|p2|Suicune
|poke|p2|Aggron, F
|poke|p2|Chandelure, F
|poke|p2|Whimsicott, F
|rule|Swagger Clause: Swagger is banned
|rule|Baton Pass Clause: Limit one PokÃ©mon knowing Baton Pass
|teampreview
|c|âdodmen|hi hi
|c|âxMarth|oh hi
|
|start
|switch|p1a: Swampert|Swampert, M|404\/404
|switch|p2a: Aggron|Aggron, F|344\/344
|turn|1
|join|bleve
|
|detailschange|p2a: Aggron|Aggron-Mega, F
|message|Aggron has Mega Evolved into Mega Aggron!
|move|p2a: Aggron|Stealth Rock|p1a: Swampert
|-sidestart|p1: xMarth|move: Stealth Rock
|move|p1a: Swampert|Stealth Rock|p2a: Aggron
|-sidestart|p2: dodmen|move: Stealth Rock
|
|turn|2
|
|switch|p2a: Whimsicott|Whimsicott, F|261\/261
|-damage|p2a: Whimsicott|229\/261|[from] Stealth Rock
|move|p1a: Swampert|Scald|p2a: Whimsicott
|-resisted|p2a: Whimsicott
|-damage|p2a: Whimsicott|184\/261
|-status|p2a: Whimsicott|brn
|
|-heal|p2a: Whimsicott|200\/261 brn|[from] item: Leftovers
|-damage|p2a: Whimsicott|168\/261 brn|[from] brn
|turn|3
|c| bleve|marth btfo this nerd
|join|Dualzz
|c|âxMarth|i have savior doge it will be ok
|
|switch|p1a: Roserade|Roserade, F|261\/261
|-damage|p1a: Roserade|229\/261|[from] Stealth Rock
|move|p2a: Whimsicott|U-turn|p1a: Roserade
|-damage|p1a: Roserade|205\/261
|c|âdodmen|savior dog
|c|âdodmen|ruins me
|
|switch|p2a: Krookodile|Krookodile, F|331\/331
|-damage|p2a: Krookodile|311\/331|[from] Stealth Rock
|-ability|p2a: Krookodile|Intimidate|[of] p1a: Roserade
|-unboost|p1a: Roserade|atk|1
|
|turn|4
|
|switch|p1a: Swampert|Swampert, M|404\/404
|-damage|p1a: Swampert|379\/404|[from] Stealth Rock
|move|p2a: Krookodile|Knock Off|p1a: Swampert
|-damage|p1a: Swampert|228\/404
|-enditem|p1a: Swampert|Leftovers|[from] move: Knock Off|[of] p2a: Krookodile
|
|turn|5
|join|BenzMafia
|
|switch|p2a: Whimsicott|Whimsicott, F|168\/261 brn
|-damage|p2a: Whimsicott|136\/261 brn|[from] Stealth Rock
|switch|p1a: Roserade|Roserade, F|205\/261
|-damage|p1a: Roserade|173\/261|[from] Stealth Rock
|
|-heal|p2a: Whimsicott|152\/261 brn|[from] item: Leftovers
|-damage|p2a: Whimsicott|120\/261 brn|[from] brn
|turn|6
|
|move|p2a: Whimsicott|U-turn|p1a: Roserade
|-damage|p1a: Roserade|149\/261
|join|ahyueah
|
|switch|p2a: Aggron|Aggron-Mega, F|344\/344
|-damage|p2a: Aggron|323\/344|[from] Stealth Rock
|move|p1a: Roserade|Spikes|p2a: Aggron
|-sidestart|p2: dodmen|Spikes
|
|turn|7
|
|move|p1a: Roserade|Sleep Powder|p2a: Aggron|[miss]
|-miss|p1a: Roserade|p2a: Aggron
|move|p2a: Aggron|Heavy Slam|p1a: Roserade
|-damage|p1a: Roserade|0 fnt
|faint|p1a: Roserade
|
|c|âxMarth|dumb flower
|c|âdodmen|ebic
|
|switch|p1a: Houndoom|Houndoom, M|291\/291
|-damage|p1a: Houndoom|219\/291|[from] Stealth Rock
|turn|8
|
|switch|p2a: Whimsicott|Whimsicott, F|120\/261 brn
|-damage|p2a: Whimsicott|88\/261 brn|[from] Stealth Rock
|-damage|p2a: Whimsicott|56\/261 brn|[from] Spikes
|detailschange|p1a: Houndoom|Houndoom-Mega, M
|message|Houndoom has Mega Evolved into Mega Houndoom!
|move|p1a: Houndoom|Fire Blast|p2a: Whimsicott
|-supereffective|p2a: Whimsicott
|-damage|p2a: Whimsicott|0 fnt
|faint|p2a: Whimsicott
|
|
|switch|p2a: Suicune|Suicune|367\/367
|-damage|p2a: Suicune|322\/367|[from] Stealth Rock
|-damage|p2a: Suicune|277\/367|[from] Spikes
|-ability|p2a: Suicune|Pressure
|turn|9
|
|switch|p1a: Swampert|Swampert, M|228\/404
|-damage|p1a: Swampert|203\/404|[from] Stealth Rock
|move|p2a: Suicune|Scald|p1a: Swampert
|-damage|p1a: Swampert|80\/404
|-status|p1a: Swampert|brn
|
|-heal|p2a: Suicune|299\/367|[from] item: Leftovers
|-damage|p1a: Swampert|30\/404 brn|[from] brn
|turn|10
|
|move|p2a: Suicune|Scald|p1a: Swampert
|-damage|p1a: Swampert|0 fnt
|faint|p1a: Swampert
|
|-heal|p2a: Suicune|321\/367|[from] item: Leftovers
|
|switch|p1a: Jirachi|Jirachi|341\/341
|-damage|p1a: Jirachi|320\/341|[from] Stealth Rock
|turn|11
|
|move|p1a: Jirachi|Trick|p2a: Suicune
|-activate|p1a: Jirachi|move: Trick|[of] p2a: Suicune
|-item|p2a: Suicune|Choice Scarf|[from] move: Trick
|-item|p1a: Jirachi|Leftovers|[from] move: Trick
|move|p2a: Suicune|Scald|p1a: Jirachi
|-damage|p1a: Jirachi|199\/341
|-status|p1a: Jirachi|brn
|
|-heal|p1a: Jirachi|220\/341 brn|[from] item: Leftovers
|-damage|p1a: Jirachi|178\/341 brn|[from] brn
|turn|12
|
|move|p2a: Suicune|Scald|p1a: Jirachi
|-damage|p1a: Jirachi|46\/341 brn
|move|p1a: Jirachi|U-turn|p2a: Suicune
|-damage|p2a: Suicune|288\/367
|
|switch|p1a: Crobat|Crobat, M|325\/325
|-damage|p1a: Crobat|244\/325|[from] Stealth Rock
|
|-heal|p1a: Crobat|264\/325|[from] item: Black Sludge
|turn|13
|
|switch|p2a: Aggron|Aggron-Mega, F|323\/344
|-damage|p2a: Aggron|280\/344|[from] Spikes
|-damage|p2a: Aggron|259\/344|[from] Stealth Rock
|move|p1a: Crobat|Brave Bird|p2a: Aggron
|-resisted|p2a: Aggron
|-damage|p2a: Aggron|219\/344
|-damage|p1a: Crobat|251\/325|[from] recoil|[of] p2a: Aggron
|
|-heal|p1a: Crobat|271\/325|[from] item: Black Sludge
|turn|14
|
|move|p1a: Crobat|U-turn|p2a: Aggron
|-resisted|p2a: Aggron
|-damage|p2a: Aggron|204\/344
|
|switch|p1a: Jirachi|Jirachi|46\/341 brn
|-damage|p1a: Jirachi|25\/341 brn|[from] Stealth Rock
|move|p2a: Aggron|Earthquake|p1a: Jirachi
|-supereffective|p1a: Jirachi
|-damage|p1a: Jirachi|0 fnt
|faint|p1a: Jirachi
|
|
|switch|p1a: Houndoom|Houndoom-Mega, M|219\/291
|-damage|p1a: Houndoom|147\/291|[from] Stealth Rock
|turn|15
|
|move|p1a: Houndoom|Fire Blast|p2a: Aggron
|-supereffective|p2a: Aggron
|-damage|p2a: Aggron|0 fnt
|faint|p2a: Aggron
|
|
|switch|p2a: Suicune|Suicune|288\/367
|-damage|p2a: Suicune|243\/367|[from] Spikes
|-damage|p2a: Suicune|198\/367|[from] Stealth Rock
|-ability|p2a: Suicune|Pressure
|turn|16
|
|switch|p1a: Florges|Florges, F|360\/360
|-damage|p1a: Florges|315\/360|[from] Stealth Rock
|move|p2a: Suicune|Scald|p1a: Florges
|-damage|p1a: Florges|234\/360
|
|-heal|p1a: Florges|256\/360|[from] item: Leftovers
|turn|17
|
|switch|p2a: Chandelure|Chandelure, F|261\/261
|-damage|p2a: Chandelure|229\/261|[from] Spikes
|-damage|p2a: Chandelure|164\/261|[from] Stealth Rock
|move|p1a: Florges|Wish|p1a: Florges
|
|-heal|p1a: Florges|278\/360|[from] item: Leftovers
|turn|18
|join|BurstStream
|
|move|p2a: Chandelure|Fire Blast|p1a: Florges
|-damage|p1a: Florges|80\/360
|move|p1a: Florges|Moonblast|p2a: Chandelure
|-resisted|p2a: Chandelure
|-damage|p2a: Chandelure|103\/261
|-unboost|p2a: Chandelure|spa|1
|
|-heal|p1a: Florges|260\/360|[from] move: Wish|[wisher] Florges
|-heal|p1a: Florges|282\/360|[from] item: Leftovers
|turn|19
|
|move|p2a: Chandelure|Fire Blast|p1a: Florges
|-damage|p1a: Florges|156\/360
|move|p1a: Florges|Wish|p1a: Florges
|
|-heal|p1a: Florges|178\/360|[from] item: Leftovers
|turn|20
|
|move|p2a: Chandelure|Fire Blast|p1a: Florges
|-crit|p1a: Florges
|-damage|p1a: Florges|0 fnt
|faint|p1a: Florges
|
|leave|ahyueah
|c|âxMarth|shit
|c|âdodmen|ebic
|
|switch|p1a: Houndoom|Houndoom-Mega, M|147\/291
|-damage|p1a: Houndoom|75\/291|[from] Stealth Rock
|turn|21
|
|move|p1a: Houndoom|Dark Pulse|p2a: Chandelure
|-supereffective|p2a: Chandelure
|-damage|p2a: Chandelure|0 fnt
|faint|p2a: Chandelure
|
|c|âdodmen|i hope my mental math is ok
|
|switch|p2a: Suicune|Suicune|198\/367
|-damage|p2a: Suicune|153\/367|[from] Stealth Rock
|-damage|p2a: Suicune|108\/367|[from] Spikes
|-ability|p2a: Suicune|Pressure
|turn|22
|
|move|p2a: Suicune|Scald|p1a: Houndoom
|-supereffective|p1a: Houndoom
|-damage|p1a: Houndoom|0 fnt
|faint|p1a: Houndoom
|
|
|switch|p1a: Crobat|Crobat, M|271\/325
|-damage|p1a: Crobat|190\/325|[from] Stealth Rock
|turn|23
|
|move|p1a: Crobat|Brave Bird|p2a: Suicune
|-damage|p2a: Suicune|0 fnt
|-damage|p1a: Crobat|154\/325|[from] recoil|[of] p2a: Suicune
|faint|p2a: Suicune
|
|-heal|p1a: Crobat|174\/325|[from] item: Black Sludge
|
|switch|p2a: Krookodile|Krookodile, F|311\/331
|-damage|p2a: Krookodile|291\/331|[from] Stealth Rock
|-damage|p2a: Krookodile|250\/331|[from] Spikes
|-ability|p2a: Krookodile|Intimidate|[of] p1a: Crobat
|-unboost|p1a: Crobat|atk|1
|turn|24
|
|move|p1a: Crobat|Roost|p1a: Crobat
|-heal|p1a: Crobat|325\/325
|move|p2a: Krookodile|Knock Off|p1a: Crobat
|-damage|p1a: Crobat|78\/325
|-enditem|p1a: Crobat|Black Sludge|[from] move: Knock Off|[of] p2a: Krookodile
|
|turn|25
|c|âdodmen|acrobat where
|
|move|p1a: Crobat|Roost|p1a: Crobat
|-heal|p1a: Crobat|241\/325
|move|p2a: Krookodile|Knock Off|p1a: Crobat
|-damage|p1a: Crobat|82\/325
|
|turn|26
|
|move|p1a: Crobat|Brave Bird|p2a: Krookodile
|-damage|p2a: Krookodile|127\/331
|-damage|p1a: Crobat|41\/325|[from] recoil|[of] p2a: Krookodile
|move|p2a: Krookodile|Knock Off|p1a: Crobat
|-damage|p1a: Crobat|0 fnt
|faint|p1a: Crobat
|
|win|dodmen
|raw|Ladder updating...
|c|âdodmen|gg
|raw|xMarth's rating: 1755 &rarr; <strong>1728<\/strong><br \/>(-27 for losing)
|raw|dodmen's rating: 1617 &rarr; <strong>1645<\/strong><br \/>(+28 for winning)
|c|âxMarth|gg
|leave|xMarth
|player|p1
|leave|BurstStream