|join|xMarth
|join|brobipom
|player|p1|xMarth|153
|player|p2|brobipom|162
|gametype|singles
|gen|6
|tier|UU
|rated
|rule|Sleep Clause Mod: Limit one foe put to sleep
|rule|Species Clause: Limit one of each PokÃ©mon
|rule|OHKO Clause: OHKO moves are banned
|rule|Moody Clause: Moody is banned
|rule|Evasion Moves Clause: Evasion moves are banned
|rule|Endless Battle Clause: Forcing endless battles is banned
|rule|HP Percentage Mod: HP is shown in percentages
|clearpoke
|poke|p1|Zygarde
|poke|p1|Lopunny, M
|poke|p1|Hydreigon, M
|poke|p1|Tentacruel, F
|poke|p1|Bronzong
|poke|p1|Florges, F
|poke|p2|Beedrill, M
|poke|p2|Tentacruel, F
|poke|p2|Swampert, F
|poke|p2|Krookodile, M
|poke|p2|Infernape, F
|poke|p2|Alakazam, M
|rule|Swagger Clause: Swagger is banned
|rule|Baton Pass Clause: Limit one PokÃ©mon knowing Baton Pass
|teampreview
|
|start
|switch|p1a: Lopunny|Lopunny, M|271\/271
|switch|p2a: Beedrill|Beedrill, M|272\/272
|turn|1
|
|detailschange|p1a: Lopunny|Lopunny-Mega, M
|message|Lopunny has Mega Evolved into Mega Lopunny!
|detailschange|p2a: Beedrill|Beedrill-Mega, M
|message|Beedrill has Mega Evolved into Mega Beedrill!
|move|p2a: Beedrill|Protect|p2a: Beedrill
|-singleturn|p2a: Beedrill|Protect
|move|p1a: Lopunny|Substitute|p1a: Lopunny
|-start|p1a: Lopunny|Substitute
|-damage|p1a: Lopunny|204\/271
|
|turn|2
|
|move|p2a: Beedrill|U-turn|p1a: Lopunny
|-resisted|p1a: Lopunny
|-end|p1a: Lopunny|Substitute
|
|switch|p2a: Swampert|Swampert, F|404\/404
|move|p1a: Lopunny|Frustration|p2a: Swampert
|-damage|p2a: Swampert|266\/404
|
|-heal|p2a: Swampert|291\/404|[from] item: Leftovers
|turn|3
|
|move|p1a: Lopunny|Drain Punch|p2a: Swampert
|-damage|p2a: Swampert|191\/404
|-heal|p1a: Lopunny|254\/271|[from] drain|[of] p2a: Swampert
|move|p2a: Swampert|Scald|p1a: Lopunny
|-crit|p1a: Lopunny
|-damage|p1a: Lopunny|134\/271
|
|-heal|p2a: Swampert|216\/404|[from] item: Leftovers
|turn|4
|
|switch|p1a: Bronzong|Bronzong|338\/338
|move|p2a: Swampert|Scald|p1a: Bronzong
|-damage|p1a: Bronzong|266\/338
|
|-heal|p2a: Swampert|241\/404|[from] item: Leftovers
|-heal|p1a: Bronzong|287\/338|[from] item: Leftovers
|turn|5
|
|move|p2a: Swampert|Stealth Rock|p1a: Bronzong
|-sidestart|p1: xMarth|move: Stealth Rock
|move|p1a: Bronzong|Stealth Rock|p2a: Swampert
|-sidestart|p2: brobipom|move: Stealth Rock
|
|-heal|p2a: Swampert|266\/404|[from] item: Leftovers
|-heal|p1a: Bronzong|308\/338|[from] item: Leftovers
|turn|6
|
|switch|p2a: Tentacruel|Tentacruel, F|364\/364
|-damage|p2a: Tentacruel|319\/364|[from] Stealth Rock
|switch|p1a: Tentacruel|Tentacruel, F|364\/364
|-damage|p1a: Tentacruel|319\/364|[from] Stealth Rock
|
|-heal|p1a: Tentacruel|341\/364|[from] item: Black Sludge
|-heal|p2a: Tentacruel|341\/364|[from] item: Black Sludge
|turn|7
|c|âbrobipom|lol
|
|move|p1a: Tentacruel|Rapid Spin|p2a: Tentacruel
|-damage|p2a: Tentacruel|326\/364
|-sideend|p1: xMarth|Stealth Rock|[from] move: Rapid Spin|[of] p1a: Tentacruel
|move|p2a: Tentacruel|Knock Off|p1a: Tentacruel
|-damage|p1a: Tentacruel|289\/364
|-enditem|p1a: Tentacruel|Black Sludge|[from] move: Knock Off|[of] p2a: Tentacruel
|
|-heal|p2a: Tentacruel|348\/364|[from] item: Black Sludge
|turn|8
|
|switch|p1a: Zygarde|Zygarde|405\/405
|-ability|p1a: Zygarde|Aura Break
|move|p2a: Tentacruel|Rapid Spin|p1a: Zygarde
|-damage|p1a: Zygarde|395\/405
|-sideend|p2: brobipom|Stealth Rock|[from] move: Rapid Spin|[of] p2a: Tentacruel
|
|-heal|p1a: Zygarde|405\/405|[from] item: Leftovers
|-heal|p2a: Tentacruel|364\/364|[from] item: Black Sludge
|turn|9
|
|move|p1a: Zygarde|Substitute|p1a: Zygarde
|-start|p1a: Zygarde|Substitute
|-damage|p1a: Zygarde|304\/405
|move|p2a: Tentacruel|Ice Beam|p1a: Zygarde
|-supereffective|p1a: Zygarde
|-end|p1a: Zygarde|Substitute
|
|-heal|p1a: Zygarde|329\/405|[from] item: Leftovers
|turn|10
|
|switch|p1a: Tentacruel|Tentacruel, F|289\/364
|move|p2a: Tentacruel|Ice Beam|p1a: Tentacruel
|-resisted|p1a: Tentacruel
|-damage|p1a: Tentacruel|264\/364
|
|turn|11
|
|switch|p2a: Beedrill|Beedrill-Mega, M|272\/272
|move|p1a: Tentacruel|Toxic Spikes|p2a: Beedrill
|-sidestart|p2: brobipom|move: Toxic Spikes
|
|turn|12
|
|move|p2a: Beedrill|U-turn|p1a: Tentacruel
|-resisted|p1a: Tentacruel
|-damage|p1a: Tentacruel|171\/364
|
|switch|p2a: Tentacruel|Tentacruel, F|364\/364
|-sideend|p2: brobipom|move: Toxic Spikes|[of] p2a: Tentacruel
|move|p1a: Tentacruel|Scald|p2a: Tentacruel
|-resisted|p2a: Tentacruel
|-damage|p2a: Tentacruel|337\/364
|-status|p2a: Tentacruel|brn
|
|-heal|p2a: Tentacruel|359\/364 brn|[from] item: Black Sludge
|-damage|p2a: Tentacruel|314\/364 brn|[from] brn
|turn|13
|
|switch|p2a: Swampert|Swampert, F|266\/404
|move|p1a: Tentacruel|Toxic Spikes|p2a: Swampert
|-sidestart|p2: brobipom|move: Toxic Spikes
|
|-heal|p2a: Swampert|291\/404|[from] item: Leftovers
|turn|14
|
|move|p1a: Tentacruel|Toxic|p2a: Swampert
|-status|p2a: Swampert|tox
|move|p2a: Swampert|Earthquake|p1a: Tentacruel
|-crit|p1a: Tentacruel
|-supereffective|p1a: Tentacruel
|-damage|p1a: Tentacruel|0 fnt
|faint|p1a: Tentacruel
|
|-heal|p2a: Swampert|316\/404 tox|[from] item: Leftovers
|-damage|p2a: Swampert|291\/404 tox|[from] psn
|
|switch|p1a: Zygarde|Zygarde|329\/405
|-ability|p1a: Zygarde|Aura Break
|turn|15
|
|move|p1a: Zygarde|Substitute|p1a: Zygarde
|-start|p1a: Zygarde|Substitute
|-damage|p1a: Zygarde|228\/405
|move|p2a: Swampert|Scald|p1a: Zygarde
|-activate|p1a: Zygarde|Substitute|[damage]
|
|-heal|p1a: Zygarde|253\/405|[from] item: Leftovers
|-heal|p2a: Swampert|316\/404 tox|[from] item: Leftovers
|-damage|p2a: Swampert|266\/404 tox|[from] psn
|turn|16
|
|move|p2a: Swampert|Scald|p1a: Zygarde
|-end|p1a: Zygarde|Substitute
|move|p1a: Zygarde|Dragon Tail|p2a: Swampert
|-damage|p2a: Swampert|212\/404 tox
|drag|p2a: Infernape|Infernape, F|293\/293
|-status|p2a: Infernape|psn
|
|-heal|p1a: Zygarde|278\/405|[from] item: Leftovers
|-damage|p2a: Infernape|257\/293 psn|[from] psn
|turn|17
|
|switch|p2a: Tentacruel|Tentacruel, F|314\/364 brn
|-sideend|p2: brobipom|move: Toxic Spikes|[of] p2a: Tentacruel
|move|p1a: Zygarde|Coil|p1a: Zygarde
|-boost|p1a: Zygarde|atk|1
|-boost|p1a: Zygarde|def|1
|-boost|p1a: Zygarde|accuracy|1
|
|-heal|p1a: Zygarde|303\/405|[from] item: Leftovers
|-heal|p2a: Tentacruel|336\/364 brn|[from] item: Black Sludge
|-damage|p2a: Tentacruel|291\/364 brn|[from] brn
|turn|18
|
|move|p1a: Zygarde|Earthquake|p2a: Tentacruel
|-supereffective|p2a: Tentacruel
|-damage|p2a: Tentacruel|0 fnt
|faint|p2a: Tentacruel
|
|-heal|p1a: Zygarde|328\/405|[from] item: Leftovers
|
|switch|p2a: Swampert|Swampert, F|212\/404 tox
|turn|19
|
|move|p1a: Zygarde|Substitute|p1a: Zygarde
|-start|p1a: Zygarde|Substitute
|-damage|p1a: Zygarde|227\/405
|move|p2a: Swampert|Scald|p1a: Zygarde
|-activate|p1a: Zygarde|Substitute|[damage]
|
|-heal|p1a: Zygarde|252\/405|[from] item: Leftovers
|-heal|p2a: Swampert|237\/404 tox|[from] item: Leftovers
|-damage|p2a: Swampert|212\/404 tox|[from] psn
|turn|20
|join|Alldaalts
|
|move|p1a: Zygarde|Earthquake|p2a: Swampert
|-damage|p2a: Swampert|82\/404 tox
|move|p2a: Swampert|Scald|p1a: Zygarde
|-end|p1a: Zygarde|Substitute
|
|-heal|p1a: Zygarde|277\/405|[from] item: Leftovers
|-heal|p2a: Swampert|107\/404 tox|[from] item: Leftovers
|-damage|p2a: Swampert|57\/404 tox|[from] psn
|turn|21
|
|move|p1a: Zygarde|Substitute|p1a: Zygarde
|-start|p1a: Zygarde|Substitute
|-damage|p1a: Zygarde|176\/405
|move|p2a: Swampert|Stealth Rock|p1a: Zygarde
|-sidestart|p1: xMarth|move: Stealth Rock
|
|-heal|p1a: Zygarde|201\/405|[from] item: Leftovers
|-heal|p2a: Swampert|82\/404 tox|[from] item: Leftovers
|-damage|p2a: Swampert|7\/404 tox|[from] psn
|turn|22
|
|move|p1a: Zygarde|Coil|p1a: Zygarde
|-boost|p1a: Zygarde|atk|1
|-boost|p1a: Zygarde|def|1
|-boost|p1a: Zygarde|accuracy|1
|move|p2a: Swampert|Earthquake|p1a: Zygarde
|-activate|p1a: Zygarde|Substitute|[damage]
|
|-heal|p1a: Zygarde|226\/405|[from] item: Leftovers
|-heal|p2a: Swampert|32\/404 tox|[from] item: Leftovers
|-damage|p2a: Swampert|0 fnt|[from] psn
|faint|p2a: Swampert
|
|switch|p2a: Alakazam|Alakazam, M|252\/252
|turn|23
|
|move|p2a: Alakazam|Energy Ball|p1a: Zygarde
|-end|p1a: Zygarde|Substitute
|move|p1a: Zygarde|Dragon Tail|p2a: Alakazam
|-enditem|p2a: Alakazam|Focus Sash
|-damage|p2a: Alakazam|1\/252
|drag|p2a: Infernape|Infernape, F|257\/293 psn
|
|-heal|p1a: Zygarde|251\/405|[from] item: Leftovers
|-damage|p2a: Infernape|221\/293 psn|[from] psn
|turn|24
|
|move|p2a: Infernape|Grass Knot|p1a: Zygarde
|-damage|p1a: Zygarde|112\/405
|-damage|p2a: Infernape|192\/293 psn|[from] item: Life Orb
|move|p1a: Zygarde|Earthquake|p2a: Infernape
|-supereffective|p2a: Infernape
|-damage|p2a: Infernape|0 fnt
|faint|p2a: Infernape
|
|-heal|p1a: Zygarde|137\/405|[from] item: Leftovers
|
|switch|p2a: Alakazam|Alakazam, M|1\/252
|turn|25
|
|move|p2a: Alakazam|Energy Ball|p1a: Zygarde
|-damage|p1a: Zygarde|33\/405
|move|p1a: Zygarde|Earthquake|p2a: Alakazam
|-damage|p2a: Alakazam|0 fnt
|faint|p2a: Alakazam
|
|-heal|p1a: Zygarde|58\/405|[from] item: Leftovers
|
|switch|p2a: Krookodile|Krookodile, M|332\/332
|turn|26
|
|move|p2a: Krookodile|Earthquake|p1a: Zygarde
|-damage|p1a: Zygarde|0 fnt
|faint|p1a: Zygarde
|-boost|p2a: Krookodile|atk|1|[from] ability: Moxie
|
|
|switch|p1a: Hydreigon|Hydreigon, M|325\/325
|-damage|p1a: Hydreigon|285\/325|[from] Stealth Rock
|turn|27
|
|switch|p2a: Beedrill|Beedrill-Mega, M|272\/272
|move|p1a: Hydreigon|U-turn|p2a: Beedrill
|-resisted|p2a: Beedrill
|-damage|p2a: Beedrill|223\/272
|
|switch|p1a: Bronzong|Bronzong|308\/338
|-damage|p1a: Bronzong|287\/338|[from] Stealth Rock
|
|-heal|p1a: Bronzong|308\/338|[from] item: Leftovers
|turn|28
|
|move|p2a: Beedrill|U-turn|p1a: Bronzong
|-damage|p1a: Bronzong|166\/338
|
|switch|p2a: Krookodile|Krookodile, M|332\/332
|move|p1a: Bronzong|Iron Head|p2a: Krookodile
|-damage|p2a: Krookodile|236\/332
|
|-heal|p1a: Bronzong|187\/338|[from] item: Leftovers
|turn|29
|
|switch|p1a: Florges|Florges, F|360\/360
|-damage|p1a: Florges|315\/360|[from] Stealth Rock
|move|p2a: Krookodile|Knock Off|p1a: Florges
|-resisted|p1a: Florges
|-damage|p1a: Florges|246\/360
|-enditem|p1a: Florges|Leftovers|[from] move: Knock Off|[of] p2a: Krookodile
|
|turn|30
|
|switch|p2a: Beedrill|Beedrill-Mega, M|223\/272
|move|p1a: Florges|Moonblast|p2a: Beedrill
|-resisted|p2a: Beedrill
|-damage|p2a: Beedrill|148\/272
|
|turn|31
|
|switch|p1a: Lopunny|Lopunny-Mega, M|134\/271
|-damage|p1a: Lopunny|118\/271|[from] Stealth Rock
|move|p2a: Beedrill|U-turn|p1a: Lopunny
|-resisted|p1a: Lopunny
|-damage|p1a: Lopunny|18\/271
|
|switch|p2a: Krookodile|Krookodile, M|236\/332
|
|turn|32
|
|move|p2a: Krookodile|Knock Off|p1a: Lopunny
|-resisted|p1a: Lopunny
|-damage|p1a: Lopunny|0 fnt
|faint|p1a: Lopunny
|-boost|p2a: Krookodile|atk|1|[from] ability: Moxie
|
|
|switch|p1a: Florges|Florges, F|246\/360
|-damage|p1a: Florges|201\/360|[from] Stealth Rock
|turn|33
|
|move|p2a: Krookodile|Knock Off|p1a: Florges
|-resisted|p1a: Florges
|-damage|p1a: Florges|128\/360
|move|p1a: Florges|Moonblast|p2a: Krookodile
|-supereffective|p2a: Krookodile
|-damage|p2a: Krookodile|0 fnt
|faint|p2a: Krookodile
|
|
|switch|p2a: Beedrill|Beedrill-Mega, M|148\/272
|turn|34
|
|move|p2a: Beedrill|Poison Jab|p1a: Florges
|-supereffective|p1a: Florges
|-damage|p1a: Florges|0 fnt
|faint|p1a: Florges
|
|
|switch|p1a: Hydreigon|Hydreigon, M|285\/325
|-damage|p1a: Hydreigon|245\/325|[from] Stealth Rock
|turn|35
|
|move|p1a: Hydreigon|U-turn|p2a: Beedrill
|-resisted|p2a: Beedrill
|-damage|p2a: Beedrill|94\/272
|
|switch|p1a: Bronzong|Bronzong|187\/338
|-damage|p1a: Bronzong|166\/338|[from] Stealth Rock
|move|p2a: Beedrill|U-turn|p1a: Bronzong
|-damage|p1a: Bronzong|42\/338
|
|-heal|p1a: Bronzong|63\/338|[from] item: Leftovers
|turn|36
|
|move|p2a: Beedrill|U-turn|p1a: Bronzong
|-damage|p1a: Bronzong|0 fnt
|faint|p1a: Bronzong
|
|
|switch|p1a: Hydreigon|Hydreigon, M|245\/325
|-damage|p1a: Hydreigon|205\/325|[from] Stealth Rock
|turn|37
|c|âbrobipom|gg
|c|âxMarth|gg
|
|move|p1a: Hydreigon|Dark Pulse|p2a: Beedrill
|-damage|p2a: Beedrill|0 fnt
|faint|p2a: Beedrill
|
|win|xMarth
|raw|Ladder updating...
|raw|xMarth's rating: 1578 &rarr; <strong>1585<\/strong><br \/>(+7 for winning)
|raw|brobipom's rating: 1316 &rarr; <strong>1309<\/strong><br \/>(-7 for losing)
|leave|xMarth
|player|p1
|leave|brobipom
|player|p2