|join|xMarth
|join|pfzl1ght
|player|p1|xMarth|153
|player|p2|pfzl1ght|192
|gametype|singles
|gen|6
|tier|UU
|rated
|rule|Sleep Clause Mod: Limit one foe put to sleep
|rule|Species Clause: Limit one of each PokÃ©mon
|rule|OHKO Clause: OHKO moves are banned
|rule|Moody Clause: Moody is banned
|rule|Evasion Moves Clause: Evasion moves are banned
|rule|Endless Battle Clause: Forcing endless battles is banned
|rule|HP Percentage Mod: HP is shown in percentages
|clearpoke
|poke|p1|Togekiss, F, shiny
|poke|p1|Alakazam, M
|poke|p1|Krookodile, F
|poke|p1|Empoleon, M
|poke|p1|Arcanine, F
|poke|p1|Whimsicott, M
|poke|p2|Crobat, F
|poke|p2|Raikou, shiny
|poke|p2|Swampert, F
|poke|p2|Shiftry, F
|poke|p2|Entei, shiny
|poke|p2|Aromatisse, M
|rule|Swagger Clause: Swagger is banned
|rule|Baton Pass Clause: Limit one PokÃ©mon knowing Baton Pass
|teampreview
|
|start
|switch|p1a: Alakazam|Alakazam, M|251\/251
|switch|p2a: Crobat|Crobat, F|311\/311
|turn|1
|
|switch|p2a: Shiftry|Shiftry, F|321\/321
|detailschange|p1a: Alakazam|Alakazam-Mega, M
|message|Alakazam has Mega Evolved into Mega Alakazam!
|-ability|p1a: Alakazam|Chlorophyll|[from] ability: Trace|[of] p2a: Shiftry
|move|p1a: Alakazam|Protect|p1a: Alakazam
|-fail|p1a: Alakazam
|
|turn|2
|
|switch|p1a: Whimsicott|Whimsicott, M|261\/261
|move|p2a: Shiftry|Knock Off|p1a: Whimsicott
|-resisted|p1a: Whimsicott
|-damage|p1a: Whimsicott|158\/261
|-enditem|p1a: Whimsicott|Leftovers|[from] move: Knock Off|[of] p2a: Shiftry
|-damage|p2a: Shiftry|289\/321|[from] item: Life Orb
|
|turn|3
|
|switch|p2a: Crobat|Crobat, F|311\/311
|move|p1a: Whimsicott|U-turn|p2a: Crobat
|-resisted|p2a: Crobat
|-damage|p2a: Crobat|303\/311
|
|switch|p1a: Alakazam|Alakazam-Mega, M|251\/251
|-ability|p1a: Alakazam|Infiltrator|[from] ability: Trace|[of] p2a: Crobat
|
|turn|4
|
|switch|p2a: Aromatisse|Aromatisse, M|406\/406
|move|p1a: Alakazam|Psychic|p2a: Aromatisse
|-damage|p2a: Aromatisse|253\/406
|-unboost|p2a: Aromatisse|spd|1
|
|-heal|p2a: Aromatisse|278\/406|[from] item: Leftovers
|turn|5
|join|Dualzz
|
|switch|p1a: Empoleon|Empoleon, M|372\/372
|move|p2a: Aromatisse|Moonblast|p1a: Empoleon
|-resisted|p1a: Empoleon
|-damage|p1a: Empoleon|331\/372
|
|-heal|p1a: Empoleon|354\/372|[from] item: Leftovers
|-heal|p2a: Aromatisse|303\/406|[from] item: Leftovers
|turn|6
|
|switch|p2a: Swampert|Swampert, F|404\/404
|move|p1a: Empoleon|Stealth Rock|p2a: Swampert
|-sidestart|p2: pfzl1ght|move: Stealth Rock
|
|-heal|p1a: Empoleon|372\/372|[from] item: Leftovers
|turn|7
|
|switch|p1a: Whimsicott|Whimsicott, M|158\/261
|move|p2a: Swampert|Stealth Rock|p1a: Whimsicott
|-sidestart|p1: xMarth|move: Stealth Rock
|
|turn|8
|
|switch|p2a: Aromatisse|Aromatisse, M|303\/406
|-damage|p2a: Aromatisse|253\/406|[from] Stealth Rock
|move|p1a: Whimsicott|Giga Drain|p2a: Aromatisse
|-damage|p2a: Aromatisse|178\/406
|-heal|p1a: Whimsicott|196\/261|[from] drain|[of] p2a: Aromatisse
|
|-heal|p2a: Aromatisse|203\/406|[from] item: Leftovers
|turn|9
|
|move|p1a: Whimsicott|Giga Drain|p2a: Aromatisse
|-damage|p2a: Aromatisse|128\/406
|-heal|p1a: Whimsicott|234\/261|[from] drain|[of] p2a: Aromatisse
|move|p2a: Aromatisse|Wish|p2a: Aromatisse
|
|-heal|p2a: Aromatisse|153\/406|[from] item: Leftovers
|turn|10
|
|move|p1a: Whimsicott|Encore|p2a: Aromatisse
|-fail|p2a: Aromatisse
|move|p2a: Aromatisse|Moonblast|p1a: Whimsicott
|-damage|p1a: Whimsicott|81\/261
|
|-heal|p2a: Aromatisse|356\/406|[from] move: Wish|[wisher] Aromatisse
|-heal|p2a: Aromatisse|381\/406|[from] item: Leftovers
|turn|11
|join|Eyan
|join|BenzMafia
|
|move|p1a: Whimsicott|U-turn|p2a: Aromatisse
|-resisted|p2a: Aromatisse
|-damage|p2a: Aromatisse|362\/406
|
|switch|p1a: Togekiss|Togekiss, F, shiny|373\/373
|-damage|p1a: Togekiss|280\/373|[from] Stealth Rock
|move|p2a: Aromatisse|Moonblast|p1a: Togekiss
|-damage|p1a: Togekiss|186\/373
|-unboost|p1a: Togekiss|spa|1
|
|-heal|p1a: Togekiss|209\/373|[from] item: Leftovers
|-heal|p2a: Aromatisse|387\/406|[from] item: Leftovers
|turn|12
|
|move|p1a: Togekiss|Roost|p1a: Togekiss
|-heal|p1a: Togekiss|373\/373
|move|p2a: Aromatisse|Thunderbolt|p1a: Togekiss
|-damage|p1a: Togekiss|317\/373
|-status|p1a: Togekiss|par
|
|-heal|p2a: Aromatisse|406\/406|[from] item: Leftovers
|-heal|p1a: Togekiss|340\/373 par|[from] item: Leftovers
|turn|13
|
|move|p2a: Aromatisse|Moonblast|p1a: Togekiss
|-damage|p1a: Togekiss|243\/373 par
|move|p1a: Togekiss|Nasty Plot|p1a: Togekiss
|-boost|p1a: Togekiss|spa|2
|
|-heal|p1a: Togekiss|266\/373 par|[from] item: Leftovers
|turn|14
|
|move|p2a: Aromatisse|Thunderbolt|p1a: Togekiss
|-supereffective|p1a: Togekiss
|-damage|p1a: Togekiss|152\/373 par
|cant|p1a: Togekiss|par
|
|-heal|p1a: Togekiss|175\/373 par|[from] item: Leftovers
|turn|15
|
|move|p2a: Aromatisse|Thunderbolt|p1a: Togekiss
|-supereffective|p1a: Togekiss
|-damage|p1a: Togekiss|61\/373 par
|move|p1a: Togekiss|Roost|p1a: Togekiss
|-heal|p1a: Togekiss|248\/373 par
|
|-heal|p1a: Togekiss|271\/373 par|[from] item: Leftovers
|turn|16
|
|move|p2a: Aromatisse|Moonblast|p1a: Togekiss
|-damage|p1a: Togekiss|174\/373 par
|move|p1a: Togekiss|Nasty Plot|p1a: Togekiss
|-boost|p1a: Togekiss|spa|2
|
|-heal|p1a: Togekiss|197\/373 par|[from] item: Leftovers
|turn|17
|
|move|p2a: Aromatisse|Wish|p2a: Aromatisse
|move|p1a: Togekiss|Baton Pass|p1a: Togekiss
|
|switch|p1a: Alakazam|Alakazam-Mega, M|251\/251
|-damage|p1a: Alakazam|220\/251|[from] Stealth Rock
|-ability|p1a: Alakazam|Aroma Veil|[from] ability: Trace|[of] p2a: Aromatisse
|
|turn|18
|
|move|p1a: Alakazam|Protect|p1a: Alakazam
|-singleturn|p1a: Alakazam|Protect
|move|p2a: Aromatisse|Moonblast|p1a: Alakazam
|-activate|p1a: Alakazam|Protect
|
|turn|19
|
|move|p1a: Alakazam|Psychic|p2a: Aromatisse
|-damage|p2a: Aromatisse|28\/406
|move|p2a: Aromatisse|Moonblast|p1a: Alakazam
|-damage|p1a: Alakazam|102\/251
|
|-heal|p2a: Aromatisse|53\/406|[from] item: Leftovers
|turn|20
|
|move|p1a: Alakazam|Dazzling Gleam|p2a: Aromatisse
|-damage|p2a: Aromatisse|0 fnt
|faint|p2a: Aromatisse
|
|
|switch|p2a: Entei|Entei, shiny|371\/371
|-damage|p2a: Entei|279\/371|[from] Stealth Rock
|-ability|p2a: Entei|Pressure
|turn|21
|leave|Dualzz
|
|switch|p1a: Arcanine|Arcanine, F|383\/383
|-damage|p1a: Arcanine|288\/383|[from] Stealth Rock
|-ability|p1a: Arcanine|Intimidate|[of] p2a: Entei
|-unboost|p2a: Entei|atk|1
|move|p2a: Entei|Extreme Speed|p1a: Arcanine
|-damage|p1a: Arcanine|228\/383
|-damage|p2a: Entei|218\/371|[from] item: Rocky Helmet|[of] p1a: Arcanine
|
|turn|22
|leave|Eyan
|
|switch|p2a: Swampert|Swampert, F|404\/404
|-damage|p2a: Swampert|379\/404|[from] Stealth Rock
|move|p1a: Arcanine|Morning Sun|p1a: Arcanine
|-heal|p1a: Arcanine|383\/383
|
|-heal|p2a: Swampert|404\/404|[from] item: Leftovers
|turn|23
|
|move|p1a: Arcanine|Will-O-Wisp|p2a: Swampert
|-status|p2a: Swampert|brn
|move|p2a: Swampert|Scald|p1a: Arcanine
|-supereffective|p1a: Arcanine
|-damage|p1a: Arcanine|197\/383
|
|-damage|p2a: Swampert|354\/404 brn|[from] brn
|turn|24
|
|switch|p1a: Empoleon|Empoleon, M|372\/372
|-damage|p1a: Empoleon|349\/372|[from] Stealth Rock
|move|p2a: Swampert|Scald|p1a: Empoleon
|-resisted|p1a: Empoleon
|-damage|p1a: Empoleon|321\/372
|
|-heal|p1a: Empoleon|344\/372|[from] item: Leftovers
|-heal|p2a: Swampert|379\/404 brn|[from] item: Leftovers
|-damage|p2a: Swampert|329\/404 brn|[from] brn
|turn|25
|
|move|p1a: Empoleon|Defog|p2a: Swampert
|-unboost|p2a: Swampert|evasion|1
|-sideend|p2: pfzl1ght|Stealth Rock|[from] move: Defog|[of] p2a: Swampert
|-sideend|p1: xMarth|Stealth Rock|[from] move: Defog|[of] p1a: Empoleon
|move|p2a: Swampert|Earthquake|p1a: Empoleon
|-supereffective|p1a: Empoleon
|-damage|p1a: Empoleon|200\/372
|
|-heal|p1a: Empoleon|223\/372|[from] item: Leftovers
|-heal|p2a: Swampert|354\/404 brn|[from] item: Leftovers
|-damage|p2a: Swampert|304\/404 brn|[from] brn
|turn|26
|
|move|p1a: Empoleon|Stealth Rock|p2a: Swampert
|-sidestart|p2: pfzl1ght|move: Stealth Rock
|move|p2a: Swampert|Stealth Rock|p1a: Empoleon
|-sidestart|p1: xMarth|move: Stealth Rock
|
|-heal|p1a: Empoleon|246\/372|[from] item: Leftovers
|-heal|p2a: Swampert|329\/404 brn|[from] item: Leftovers
|-damage|p2a: Swampert|279\/404 brn|[from] brn
|turn|27
|
|move|p1a: Empoleon|Scald|p2a: Swampert
|-damage|p2a: Swampert|170\/404 brn
|move|p2a: Swampert|Earthquake|p1a: Empoleon
|-supereffective|p1a: Empoleon
|-damage|p1a: Empoleon|112\/372
|
|-heal|p1a: Empoleon|135\/372|[from] item: Leftovers
|-heal|p2a: Swampert|195\/404 brn|[from] item: Leftovers
|-damage|p2a: Swampert|145\/404 brn|[from] brn
|turn|28
|
|move|p1a: Empoleon|Defog|p2a: Swampert
|-unboost|p2a: Swampert|evasion|1
|-sideend|p2: pfzl1ght|Stealth Rock|[from] move: Defog|[of] p2a: Swampert
|-sideend|p1: xMarth|Stealth Rock|[from] move: Defog|[of] p1a: Empoleon
|move|p2a: Swampert|Earthquake|p1a: Empoleon
|-supereffective|p1a: Empoleon
|-damage|p1a: Empoleon|0 fnt
|faint|p1a: Empoleon
|
|-heal|p2a: Swampert|170\/404 brn|[from] item: Leftovers
|-damage|p2a: Swampert|120\/404 brn|[from] brn
|
|switch|p1a: Alakazam|Alakazam-Mega, M|102\/251
|-ability|p1a: Alakazam|Torrent|[from] ability: Trace|[of] p2a: Swampert
|turn|29
|
|move|p1a: Alakazam|Dazzling Gleam|p2a: Swampert
|-damage|p2a: Swampert|1\/404 brn
|move|p2a: Swampert|Stealth Rock|p1a: Alakazam
|-sidestart|p1: xMarth|move: Stealth Rock
|
|-heal|p2a: Swampert|26\/404 brn|[from] item: Leftovers
|-damage|p2a: Swampert|0 fnt|[from] brn
|faint|p2a: Swampert
|
|switch|p2a: Shiftry|Shiftry, F|289\/321
|turn|30
|
|move|p2a: Shiftry|Sucker Punch|p1a: Alakazam
|-supereffective|p1a: Alakazam
|-damage|p1a: Alakazam|0 fnt
|-damage|p2a: Shiftry|257\/321|[from] item: Life Orb
|faint|p1a: Alakazam
|
|
|switch|p1a: Whimsicott|Whimsicott, M|81\/261
|-damage|p1a: Whimsicott|49\/261|[from] Stealth Rock
|turn|31
|
|switch|p2a: Entei|Entei, shiny|218\/371
|-ability|p2a: Entei|Pressure
|move|p1a: Whimsicott|Encore|p2a: Entei
|-fail|p2a: Entei
|
|turn|32
|
|move|p1a: Whimsicott|Giga Drain|p2a: Entei
|-resisted|p2a: Entei
|-damage|p2a: Entei|178\/371
|-heal|p1a: Whimsicott|69\/261|[from] drain|[of] p2a: Entei
|move|p2a: Entei|Stone Edge|p1a: Whimsicott|[miss]
|-miss|p2a: Entei|p1a: Whimsicott
|
|turn|33
|
|switch|p1a: Krookodile|Krookodile, F|331\/331
|-damage|p1a: Krookodile|311\/331|[from] Stealth Rock
|-ability|p1a: Krookodile|Intimidate|[of] p2a: Entei
|-unboost|p2a: Entei|atk|1
|move|p2a: Entei|Extreme Speed|p1a: Krookodile
|-crit|p1a: Krookodile
|-damage|p1a: Krookodile|134\/331
|
|turn|34
|
|move|p1a: Krookodile|Knock Off|p2a: Entei
|-crit|p2a: Entei
|-damage|p2a: Entei|0 fnt
|-enditem|p2a: Entei|Assault Vest|[from] move: Knock Off|[of] p1a: Krookodile
|faint|p2a: Entei
|
|
|switch|p2a: Crobat|Crobat, F|303\/311
|turn|35
|
|switch|p1a: Whimsicott|Whimsicott, M|69\/261
|-damage|p1a: Whimsicott|37\/261|[from] Stealth Rock
|move|p2a: Crobat|Brave Bird|p1a: Whimsicott
|-supereffective|p1a: Whimsicott
|-damage|p1a: Whimsicott|0 fnt
|-damage|p2a: Crobat|291\/311|[from] recoil|[of] p1a: Whimsicott
|faint|p1a: Whimsicott
|
|
|switch|p1a: Krookodile|Krookodile, F|134\/331
|-damage|p1a: Krookodile|114\/331|[from] Stealth Rock
|-ability|p1a: Krookodile|Intimidate|[of] p2a: Crobat
|-unboost|p2a: Crobat|atk|1
|turn|36
|
|switch|p1a: Togekiss|Togekiss, F, shiny|197\/373 par
|-damage|p1a: Togekiss|104\/373 par|[from] Stealth Rock
|move|p2a: Crobat|Brave Bird|p1a: Togekiss
|-damage|p1a: Togekiss|0 fnt
|-damage|p2a: Crobat|257\/311|[from] recoil|[of] p1a: Togekiss
|faint|p1a: Togekiss
|
|
|switch|p1a: Arcanine|Arcanine, F|197\/383
|-damage|p1a: Arcanine|102\/383|[from] Stealth Rock
|-ability|p1a: Arcanine|Intimidate|[of] p2a: Crobat
|-unboost|p2a: Crobat|atk|1
|turn|37
|
|switch|p2a: Raikou|Raikou, shiny|322\/322
|-ability|p2a: Raikou|Pressure
|move|p1a: Arcanine|Morning Sun|p1a: Arcanine
|-heal|p1a: Arcanine|293\/383
|
|turn|38
|
|move|p2a: Raikou|Aura Sphere|p1a: Arcanine
|-damage|p1a: Arcanine|176\/383
|move|p1a: Arcanine|Morning Sun|p1a: Arcanine
|-heal|p1a: Arcanine|367\/383
|
|turn|39
|
|move|p2a: Raikou|Aura Sphere|p1a: Arcanine
|-damage|p1a: Arcanine|261\/383
|move|p1a: Arcanine|Will-O-Wisp|p2a: Raikou|[miss]
|-miss|p1a: Arcanine|p2a: Raikou
|
|turn|40
|
|switch|p2a: Shiftry|Shiftry, F|257\/321
|move|p1a: Arcanine|Morning Sun|p1a: Arcanine
|-heal|p1a: Arcanine|383\/383
|
|turn|41
|
|move|p2a: Shiftry|Knock Off|p1a: Arcanine
|-damage|p1a: Arcanine|230\/383
|-damage|p2a: Shiftry|204\/321|[from] item: Rocky Helmet|[of] p1a: Arcanine
|-enditem|p1a: Arcanine|Rocky Helmet|[from] move: Knock Off|[of] p2a: Shiftry
|-damage|p2a: Shiftry|172\/321|[from] item: Life Orb
|move|p1a: Arcanine|Will-O-Wisp|p2a: Shiftry
|-status|p2a: Shiftry|brn
|
|-damage|p2a: Shiftry|132\/321 brn|[from] brn
|turn|42
|
|move|p2a: Shiftry|Leaf Storm|p1a: Arcanine
|-resisted|p1a: Arcanine
|-damage|p1a: Arcanine|118\/383
|-unboost|p2a: Shiftry|spa|2
|-damage|p2a: Shiftry|100\/321 brn|[from] item: Life Orb
|move|p1a: Arcanine|Morning Sun|p1a: Arcanine
|-heal|p1a: Arcanine|309\/383
|
|-damage|p2a: Shiftry|60\/321 brn|[from] brn
|turn|43
|
|move|p1a: Arcanine|Extreme Speed|p2a: Shiftry
|-damage|p2a: Shiftry|0 fnt
|faint|p2a: Shiftry
|
|
|switch|p2a: Crobat|Crobat, F|257\/311
|turn|44
|
|move|p2a: Crobat|Brave Bird|p1a: Arcanine
|-damage|p1a: Arcanine|77\/383
|-damage|p2a: Crobat|180\/311|[from] recoil|[of] p1a: Arcanine
|move|p1a: Arcanine|Morning Sun|p1a: Arcanine
|-heal|p1a: Arcanine|268\/383
|
|turn|45
|
|move|p2a: Crobat|Brave Bird|p1a: Arcanine
|-damage|p1a: Arcanine|19\/383
|-damage|p2a: Crobat|98\/311|[from] recoil|[of] p1a: Arcanine
|move|p1a: Arcanine|Morning Sun|p1a: Arcanine
|-heal|p1a: Arcanine|210\/383
|
|turn|46
|
|move|p1a: Arcanine|Extreme Speed|p2a: Crobat
|-damage|p2a: Crobat|9\/311
|move|p2a: Crobat|Brave Bird|p1a: Arcanine
|-crit|p1a: Arcanine
|-damage|p1a: Arcanine|0 fnt
|-damage|p2a: Crobat|0 fnt|[from] recoil|[of] p1a: Arcanine
|faint|p1a: Arcanine
|faint|p2a: Crobat
|
|
|switch|p2a: Raikou|Raikou, shiny|322\/322
|switch|p1a: Krookodile|Krookodile, F|114\/331
|-damage|p1a: Krookodile|94\/331|[from] Stealth Rock
|-ability|p2a: Raikou|Pressure
|-ability|p1a: Krookodile|Intimidate|[of] p2a: Raikou
|-unboost|p2a: Raikou|atk|1
|turn|47
|c|âpfzl1ght|Thank you based crobat ;_;
|
|move|p2a: Raikou|Aura Sphere|p1a: Krookodile
|-supereffective|p1a: Krookodile
|-damage|p1a: Krookodile|0 fnt
|faint|p1a: Krookodile
|
|win|pfzl1ght
|raw|Ladder updating...
|raw|xMarth's rating: 1755 &rarr; <strong>1723<\/strong><br \/>(-32 for losing)
|raw|pfzl1ght's rating: 1511 &rarr; <strong>1543<\/strong><br \/>(+32 for winning)
|leave|xMarth
|player|p1
|leave|BenzMafia