|join|newfren
|join|xMarth
|player|p1|newfren|110
|player|p2|xMarth|153
|gametype|singles
|gen|6
|tier|UU
|rule|Sleep Clause Mod: Limit one foe put to sleep
|rule|Species Clause: Limit one of each PokÃ©mon
|rule|OHKO Clause: OHKO moves are banned
|rule|Moody Clause: Moody is banned
|rule|Evasion Moves Clause: Evasion moves are banned
|rule|Endless Battle Clause: Forcing endless battles is banned
|rule|HP Percentage Mod: HP is shown in percentages
|clearpoke
|poke|p1|Hydreigon, F
|poke|p1|Mienshao, F
|poke|p1|Jirachi
|poke|p1|Crobat, F
|poke|p1|Snorlax, M
|poke|p1|Raikou
|poke|p2|Cresselia, F, shiny
|poke|p2|Dugtrio, F
|poke|p2|Granbull, M
|poke|p2|Vaporeon, F
|poke|p2|Forretress, M
|poke|p2|Aerodactyl, F
|rule|Swagger Clause: Swagger is banned
|rule|Baton Pass Clause: Limit one PokÃ©mon knowing Baton Pass
|teampreview
|join|gobosox
|join|Bob the Bro
|c| gobosox|ewwn cress
|join|AAZY
|join|DatLatias
|join|veludwig
|c| Bob the Bro|finals hype
|c|ânewfren|all these things getting trapped
|c| Bob the Bro|i bleve in you billfgt
|join|tyb's alt2
|
|start
|switch|p1a: Crobat|Crobat, F|311\/311
|switch|p2a: Forretress|Forretress, M|354\/354
|turn|1
|join|Emma Bae â¥
|join|Technosis
|join|Tipsy Russian
|c| DatLatias|ur gonna get rekt fren
|join|testing porpoises
|c|ânewfren|ik
|c|âxMarth|if np fuk u
|
|move|p1a: Crobat|U-turn|p2a: Forretress
|-resisted|p2a: Forretress
|-damage|p2a: Forretress|315\/354
|
|switch|p1a: Snorlax|Snorlax, M|521\/521
|move|p2a: Forretress|Stealth Rock|p1a: Snorlax
|-sidestart|p1: newfren|move: Stealth Rock
|
|-heal|p2a: Forretress|337\/354|[from] item: Leftovers
|turn|2
|
|move|p1a: Snorlax|Fire Punch|p2a: Forretress
|-supereffective|p2a: Forretress
|-damage|p2a: Forretress|0 fnt
|faint|p2a: Forretress
|
|c| gobosox|lol
|c| Emma Bae â¥|um
|c| Tipsy Russian|o
|c|ânewfren|ay
|c| Bob the Bro|kek
|c|ânewfren|hazard stack fucked me in the arse
|c| DatLatias|aids
|c|âxMarth|so much less scared of non curse lax
|c| Tipsy Russian|hes boomlax
|c| Tipsy Russian|dont worry
|
|switch|p2a: Body Time|Cresselia, F, shiny|433\/433
|turn|3
|c| DatLatias|av boom
|c| DatLatias|where
|c|ânewfren|tfw can't set up if everyone on the team has a choice item
|c| Bob the Bro|boom here
|c| DatLatias|boom
|
|switch|p2a: Aerodactyl|Aerodactyl, F|301\/301
|-ability|p2a: Aerodactyl|Pressure
|switch|p1a: Crobat|Crobat, F|311\/311
|-damage|p1a: Crobat|234\/311|[from] Stealth Rock
|
|turn|4
|c| DatLatias|lol
|
|detailschange|p2a: Aerodactyl|Aerodactyl-Mega, F
|message|Aerodactyl has Mega Evolved into Mega Aerodactyl!
|move|p1a: Crobat|U-turn|p2a: Aerodactyl
|-resisted|p2a: Aerodactyl
|-damage|p2a: Aerodactyl|249\/301
|
|switch|p1a: Jirachi|Jirachi|341\/341
|-damage|p1a: Jirachi|320\/341|[from] Stealth Rock
|move|p2a: Aerodactyl|Stone Edge|p1a: Jirachi
|-crit|p1a: Jirachi
|-resisted|p1a: Jirachi
|-damage|p1a: Jirachi|191\/341
|
|turn|5
|
|move|p2a: Aerodactyl|Pursuit|p1a: Jirachi
|-supereffective|p1a: Jirachi
|-damage|p1a: Jirachi|49\/341
|move|p1a: Jirachi|Flash Cannon|p2a: Aerodactyl
|-crit|p2a: Aerodactyl
|-supereffective|p2a: Aerodactyl
|-damage|p2a: Aerodactyl|0 fnt
|faint|p2a: Aerodactyl
|
|c| Bob the Bro|kek
|
|switch|p2a: Dugtrio|Dugtrio, F|211\/211
|turn|6
|c|ânewfren|don't go to duggy
|c|ânewfren|no
|c|ânewfren|switch out
|
|move|p2a: Dugtrio|Earthquake|p1a: Jirachi
|-supereffective|p1a: Jirachi
|-damage|p1a: Jirachi|0 fnt
|faint|p1a: Jirachi
|
|
|switch|p1a: Snorlax|Snorlax, M|521\/521
|-damage|p1a: Snorlax|456\/521|[from] Stealth Rock
|turn|7
|
|move|p2a: Dugtrio|Earthquake|p1a: Snorlax
|-damage|p1a: Snorlax|159\/521
|move|p1a: Snorlax|Frustration|p2a: Dugtrio
|-damage|p2a: Dugtrio|0 fnt
|faint|p2a: Dugtrio
|
|join|watfor
|c| gobosox|lol
|c|ânewfren|I shouldn't have done that
|
|switch|p2a: Body Time|Cresselia, F, shiny|433\/433
|turn|8
|c| gobosox|frustratioj
|
|move|p2a: Body Time|Substitute|p2a: Body Time
|-start|p2a: Body Time|Substitute
|-damage|p2a: Body Time|325\/433
|move|p1a: Snorlax|Frustration|p2a: Body Time
|-end|p2a: Body Time|Substitute
|
|-heal|p2a: Body Time|352\/433|[from] item: Leftovers
|turn|9
|c|ânewfren|scared of ditto
|c| gobosox|why not max happiness return
|join|poonHunter (D>D)
|c|ânewfren|imo
|
|move|p2a: Body Time|Psyshock|p1a: Snorlax
|-damage|p1a: Snorlax|30\/521
|move|p1a: Snorlax|Frustration|p2a: Body Time
|-damage|p2a: Body Time|150\/433
|
|-heal|p2a: Body Time|177\/433|[from] item: Leftovers
|turn|10
|c|ânewfren|my snorlaxes never like me
|
|move|p2a: Body Time|Moonblast|p1a: Snorlax
|-damage|p1a: Snorlax|0 fnt
|faint|p1a: Snorlax
|
|-heal|p2a: Body Time|204\/433|[from] item: Leftovers
|c| poonHunter (D>D)|granbull!
|c| poonHunter (D>D)|!!!
|
|switch|p1a: Hydreigon|Hydreigon, F|325\/325
|-damage|p1a: Hydreigon|285\/325|[from] Stealth Rock
|turn|11
|
|move|p1a: Hydreigon|Dark Pulse|p2a: Body Time
|-supereffective|p2a: Body Time
|-damage|p2a: Body Time|0 fnt
|faint|p2a: Body Time
|
|c|ânewfren|I'll just flinch the granbull
|c|ânewfren|dw guys
|c|âxMarth|huh
|c|ânewfren|ye that did a shit ton of damage
|c|âxMarth|expected uturn to raikou
|c|ânewfren|didn't think it'd kill
|
|switch|p2a: Granbull|Granbull, M|384\/384
|-ability|p2a: Granbull|Intimidate|[of] p1a: Hydreigon
|-unboost|p1a: Hydreigon|atk|1
|turn|12
|c|ânewfren|nah fuck raikou
|
|move|p1a: Hydreigon|Dark Pulse|p2a: Granbull
|-resisted|p2a: Granbull
|-damage|p2a: Granbull|285\/384
|move|p2a: Granbull|Thunder Wave|p1a: Hydreigon
|-status|p1a: Hydreigon|par
|
|-heal|p2a: Granbull|309\/384|[from] item: Leftovers
|turn|13
|c| watfor|reveal flash cannon
|c| watfor|o
|c|ânewfren|also marth you should know I'm too bad to switch
|
|move|p2a: Granbull|Play Rough|p1a: Hydreigon
|-supereffective|p1a: Hydreigon
|-damage|p1a: Hydreigon|0 fnt
|faint|p1a: Hydreigon
|
|-heal|p2a: Granbull|333\/384|[from] item: Leftovers
|
|switch|p1a: Crobat|Crobat, F|234\/311
|-damage|p1a: Crobat|157\/311|[from] Stealth Rock
|turn|14
|
|move|p1a: Crobat|Brave Bird|p2a: Granbull
|-damage|p2a: Granbull|99\/384
|-damage|p1a: Crobat|80\/311|[from] recoil|[of] p2a: Granbull
|move|p2a: Granbull|Thunder Wave|p1a: Crobat
|-status|p1a: Crobat|par
|
|-heal|p2a: Granbull|123\/384|[from] item: Leftovers
|turn|15
|
|switch|p2a: Vaporeon|Vaporeon, F|450\/450
|cant|p1a: Crobat|par
|
|turn|16
|c|ânewfren|don't be rest talk
|c|ânewfren|k thanks
|
|switch|p1a: Mienshao|Mienshao, F|271\/271
|-damage|p1a: Mienshao|255\/271|[from] Stealth Rock
|move|p2a: Vaporeon|Wish|p2a: Vaporeon
|
|turn|17
|
|move|p1a: Mienshao|Poison Jab|p2a: Vaporeon
|-damage|p2a: Vaporeon|358\/450
|move|p2a: Vaporeon|Baton Pass|p2a: Vaporeon
|
|switch|p2a: Granbull|Granbull, M|123\/384
|-ability|p2a: Granbull|Intimidate|[of] p1a: Mienshao
|-unboost|p1a: Mienshao|atk|1
|
|-heal|p2a: Granbull|348\/384|[from] move: Wish|[wisher] Vaporeon
|-heal|p2a: Granbull|372\/384|[from] item: Leftovers
|turn|18
|c|ânewfren|fuck got me
|c| Tipsy Russian|o
|c| poonHunter (D>D)|pj on mien
|c|âxMarth|except u still totally have raikou
|c| Bob the Bro|raikou got this
|c|ânewfren|ye
|
|move|p1a: Mienshao|Poison Jab|p2a: Granbull
|-supereffective|p2a: Granbull
|-damage|p2a: Granbull|256\/384
|move|p2a: Granbull|Play Rough|p1a: Mienshao
|-crit|p1a: Mienshao
|-supereffective|p1a: Mienshao
|-damage|p1a: Mienshao|0 fnt
|faint|p1a: Mienshao
|
|-heal|p2a: Granbull|280\/384|[from] item: Leftovers
|c| watfor|inb4 sacking raikou
|
|switch|p1a: Raikou|Raikou|322\/322
|-damage|p1a: Raikou|282\/322|[from] Stealth Rock
|-ability|p1a: Raikou|Pressure
|turn|19
|c| poonHunter (D>D)|eating it up
|
|move|p1a: Raikou|Thunderbolt|p2a: Granbull
|-damage|p2a: Granbull|0 fnt
|faint|p2a: Granbull
|
|c| DatLatias|oof
|
|switch|p2a: Vaporeon|Vaporeon, F|358\/450
|turn|20
|join|I<3Magikarp
|c| poonHunter (D>D)|oh ouch
|
|move|p1a: Raikou|Thunderbolt|p2a: Vaporeon
|-supereffective|p2a: Vaporeon
|-damage|p2a: Vaporeon|0 fnt
|faint|p2a: Vaporeon
|
|win|newfren
|join|JustinHeier
|leave|watfor
|c|ânewfren|saving replay
|leave|poonHunter (D>D)
|c| Bob the Bro|nice n specs
|leave|DatLatias
|leave|I<3Magikarp
|c|ânewfren|first and last time I beat xmarth
|leave|testing porpoises
|c|ânewfren|gg
|c|âxMarth|gg
|leave|Tipsy Russian
|leave|gobosox
|leave|xMarth
|player|p2
|leave|veludwig
|leave|Bob the Bro
|leave|newfren
|player|p1
|c| JustinHeier|hey new fren i fixed my team
|join|gobosox
|leave|gobosox
|leave|Technosis
|leave|AAZY
|join|newfrend
|leave|newfrend
|join|newfrend
|leave|newfrend
|leave|JustinHeier
|join|dudman
|join|JustinHeier
|leave|Emma Bae â¥