|join|xMarth
|join|Heavy Doobies
|player|p1|xMarth|153
|player|p2|Heavy Doobies|266
|gametype|singles
|gen|6
|tier|UU
|rated
|rule|Sleep Clause Mod: Limit one foe put to sleep
|rule|Species Clause: Limit one of each PokÃ©mon
|rule|OHKO Clause: OHKO moves are banned
|rule|Moody Clause: Moody is banned
|rule|Evasion Moves Clause: Evasion moves are banned
|rule|Endless Battle Clause: Forcing endless battles is banned
|rule|HP Percentage Mod: HP is shown in percentages
|clearpoke
|poke|p1|Froslass, F
|poke|p1|Sableye, M
|poke|p1|Lucario, M, shiny
|poke|p1|Swampert, M
|poke|p1|Shaymin
|poke|p1|Aerodactyl, M
|poke|p2|Swampert, F
|poke|p2|Alakazam, F
|poke|p2|Jirachi
|poke|p2|Machamp, M
|poke|p2|Crobat, F
|poke|p2|Shaymin
|rule|Swagger Clause: Swagger is banned
|rule|Baton Pass Clause: Limit one PokÃ©mon knowing Baton Pass
|teampreview
|c|âHeavy Doobies|sup marth
|c|âxMarth|hi
|c|âHeavy Doobies|seems we know each others teams
|c|âHeavy Doobies|gl i never played a solid spike stack with kokos team
|
|start
|switch|p1a: Froslass|Froslass, F|281\/281
|switch|p2a: Jirachi|Jirachi|341\/341
|turn|1
|c|âxMarth|maybe
|c|âxMarth|u2
|
|switch|p1a: Swampert|Swampert, M|399\/399
|move|p2a: Jirachi|Iron Head|p1a: Swampert
|-resisted|p1a: Swampert
|-damage|p1a: Swampert|347\/399
|
|-heal|p1a: Swampert|371\/399|[from] item: Leftovers
|turn|2
|
|switch|p2a: Shaymin|Shaymin|341\/341
|move|p1a: Swampert|Stealth Rock|p2a: Shaymin
|-sidestart|p2: Heavy Doobies|move: Stealth Rock
|
|-heal|p1a: Swampert|395\/399|[from] item: Leftovers
|turn|3
|
|switch|p1a: Froslass|Froslass, F|281\/281
|move|p2a: Shaymin|Seed Flare|p1a: Froslass
|-enditem|p1a: Froslass|Focus Sash
|-damage|p1a: Froslass|1\/281
|
|turn|4
|
|switch|p2a: Crobat|Crobat, F|373\/373
|-damage|p2a: Crobat|280\/373|[from] Stealth Rock
|move|p1a: Froslass|Destiny Bond|p1a: Froslass
|-singlemove|p1a: Froslass|Destiny Bond
|
|-heal|p2a: Crobat|303\/373|[from] item: Black Sludge
|turn|5
|
|switch|p1a: Aerodactyl|Aerodactyl, M|301\/301
|-ability|p1a: Aerodactyl|Pressure
|move|p2a: Crobat|Defog|p1a: Aerodactyl
|-unboost|p1a: Aerodactyl|evasion|1
|-sideend|p2: Heavy Doobies|Stealth Rock|[from] move: Defog|[of] p2a: Crobat
|
|-heal|p2a: Crobat|326\/373|[from] item: Black Sludge
|turn|6
|
|switch|p2a: Swampert|Swampert, F|404\/404
|detailschange|p1a: Aerodactyl|Aerodactyl-Mega, M
|message|Aerodactyl has Mega Evolved into Mega Aerodactyl!
|move|p1a: Aerodactyl|Stone Edge|p2a: Swampert
|-resisted|p2a: Swampert
|-damage|p2a: Swampert|334\/404
|
|-heal|p2a: Swampert|359\/404|[from] item: Leftovers
|turn|7
|join|Alldaalts
|
|move|p1a: Aerodactyl|Taunt|p2a: Swampert
|-start|p2a: Swampert|move: Taunt
|move|p2a: Swampert|Scald|p1a: Aerodactyl
|-supereffective|p1a: Aerodactyl
|-damage|p1a: Aerodactyl|113\/301
|-status|p1a: Aerodactyl|brn
|
|-heal|p2a: Swampert|384\/404|[from] item: Leftovers
|-damage|p1a: Aerodactyl|76\/301 brn|[from] brn
|turn|8
|
|switch|p1a: Shaymin|Shaymin|341\/341
|move|p2a: Swampert|Scald|p1a: Shaymin
|-resisted|p1a: Shaymin
|-damage|p1a: Shaymin|299\/341
|
|-heal|p2a: Swampert|404\/404|[from] item: Leftovers
|turn|9
|
|switch|p2a: Jirachi|Jirachi|341\/341
|move|p1a: Shaymin|Psychic|p2a: Jirachi
|-resisted|p2a: Jirachi
|-damage|p2a: Jirachi|307\/341
|
|turn|10
|join|meeowiekins
|
|move|p2a: Jirachi|U-turn|p1a: Shaymin
|-supereffective|p1a: Shaymin
|-damage|p1a: Shaymin|165\/341
|
|switch|p2a: Swampert|Swampert, F|404\/404
|move|p1a: Shaymin|Psychic|p2a: Swampert
|-damage|p2a: Swampert|248\/404
|
|-heal|p2a: Swampert|273\/404|[from] item: Leftovers
|turn|11
|
|switch|p1a: Froslass|Froslass, F|1\/281
|move|p2a: Swampert|Protect|p2a: Swampert
|-fail|p2a: Swampert
|
|-heal|p2a: Swampert|298\/404|[from] item: Leftovers
|turn|12
|
|switch|p2a: Jirachi|Jirachi|307\/341
|move|p1a: Froslass|Spikes|p2a: Jirachi
|-sidestart|p2: Heavy Doobies|Spikes
|
|turn|13
|
|move|p1a: Froslass|Ice Shard|p2a: Jirachi
|-crit|p2a: Jirachi
|-resisted|p2a: Jirachi
|-damage|p2a: Jirachi|271\/341
|move|p2a: Jirachi|U-turn|p1a: Froslass
|-resisted|p1a: Froslass
|-damage|p1a: Froslass|0 fnt
|faint|p1a: Froslass
|
|switch|p2a: Machamp|Machamp, M|344\/344
|-damage|p2a: Machamp|301\/344|[from] Spikes
|
|
|switch|p1a: Swampert|Swampert, M|395\/399
|turn|14
|
|switch|p2a: Crobat|Crobat, F|326\/373
|move|p1a: Swampert|Stealth Rock|p2a: Crobat
|-sidestart|p2: Heavy Doobies|move: Stealth Rock
|
|-heal|p2a: Crobat|349\/373|[from] item: Black Sludge
|-heal|p1a: Swampert|399\/399|[from] item: Leftovers
|turn|15
|
|move|p2a: Crobat|Defog|p1a: Swampert
|-unboost|p1a: Swampert|evasion|1
|-sideend|p2: Heavy Doobies|Spikes|[from] move: Defog|[of] p2a: Crobat
|-sideend|p2: Heavy Doobies|Stealth Rock|[from] move: Defog|[of] p2a: Crobat
|move|p1a: Swampert|Scald|p2a: Crobat
|-damage|p2a: Crobat|256\/373
|-status|p2a: Crobat|brn
|
|-heal|p2a: Crobat|279\/373 brn|[from] item: Black Sludge
|-damage|p2a: Crobat|233\/373 brn|[from] brn
|turn|16
|
|move|p2a: Crobat|U-turn|p1a: Swampert
|-damage|p1a: Swampert|376\/399
|
|switch|p2a: Shaymin|Shaymin|341\/341
|move|p1a: Swampert|Stealth Rock|p2a: Shaymin
|-sidestart|p2: Heavy Doobies|move: Stealth Rock
|
|-heal|p1a: Swampert|399\/399|[from] item: Leftovers
|turn|17
|
|switch|p1a: Aerodactyl|Aerodactyl-Mega, M|76\/301 brn
|move|p2a: Shaymin|Seed Flare|p1a: Aerodactyl
|-damage|p1a: Aerodactyl|0 fnt
|faint|p1a: Aerodactyl
|
|
|switch|p1a: Lucario|Lucario, M, shiny|281\/281
|turn|18
|
|move|p2a: Shaymin|Seed Flare|p1a: Lucario
|-resisted|p1a: Lucario
|-damage|p1a: Lucario|95\/281
|move|p1a: Lucario|Swords Dance|p1a: Lucario
|-boost|p1a: Lucario|atk|2
|
|turn|19
|
|move|p1a: Lucario|Extreme Speed|p2a: Shaymin
|-damage|p2a: Shaymin|117\/341
|-damage|p1a: Lucario|67\/281|[from] item: Life Orb
|move|p2a: Shaymin|Seed Flare|p1a: Lucario
|-resisted|p1a: Lucario
|-damage|p1a: Lucario|0 fnt
|faint|p1a: Lucario
|
|
|switch|p1a: Shaymin|Shaymin|165\/341
|turn|20
|
|switch|p2a: Jirachi|Jirachi|271\/341
|-damage|p2a: Jirachi|250\/341|[from] Stealth Rock
|move|p1a: Shaymin|Seed Flare|p2a: Jirachi
|-resisted|p2a: Jirachi
|-damage|p2a: Jirachi|109\/341
|
|turn|21
|
|switch|p1a: Sableye|Sableye, M|299\/299
|move|p2a: Jirachi|U-turn|p1a: Sableye
|-damage|p1a: Sableye|208\/299
|
|switch|p2a: Alakazam|Alakazam, F|251\/251
|
|-heal|p1a: Sableye|226\/299|[from] item: Leftovers
|turn|22
|
|detailschange|p2a: Alakazam|Alakazam-Mega, F
|message|Alakazam has Mega Evolved into Mega Alakazam!
|-ability|p2a: Alakazam|Prankster|[from] ability: Trace|[of] p1a: Sableye
|move|p2a: Alakazam|Dazzling Gleam|p1a: Sableye
|-supereffective|p1a: Sableye
|-damage|p1a: Sableye|0 fnt
|faint|p1a: Sableye
|
|
|switch|p1a: Shaymin|Shaymin|165\/341
|turn|23
|
|move|p2a: Alakazam|Psychic|p1a: Shaymin
|-crit|p1a: Shaymin
|-damage|p1a: Shaymin|0 fnt
|faint|p1a: Shaymin
|
|
|switch|p1a: Swampert|Swampert, M|399\/399
|turn|24
|
|move|p2a: Alakazam|Psychic|p1a: Swampert
|-damage|p1a: Swampert|194\/399
|move|p1a: Swampert|Earthquake|p2a: Alakazam
|-damage|p2a: Alakazam|65\/251
|
|-heal|p1a: Swampert|218\/399|[from] item: Leftovers
|turn|25
|
|switch|p2a: Machamp|Machamp, M|301\/344
|-damage|p2a: Machamp|280\/344|[from] Stealth Rock
|move|p1a: Swampert|Scald|p2a: Machamp
|-damage|p2a: Machamp|201\/344
|
|-heal|p1a: Swampert|242\/399|[from] item: Leftovers
|turn|26
|
|move|p2a: Machamp|Close Combat|p1a: Swampert
|-damage|p1a: Swampert|0 fnt
|-unboost|p2a: Machamp|def|1
|-unboost|p2a: Machamp|spd|1
|faint|p1a: Swampert
|
|win|Heavy Doobies
|raw|Ladder updating...
|raw|xMarth's rating: 1642 &rarr; <strong>1618<\/strong><br \/>(-24 for losing)
|raw|Heavy Doobies's rating: 1561 &rarr; <strong>1586<\/strong><br \/>(+25 for winning)
|leave|xMarth
|player|p1