|join|macicrack
|join|xMarth
|player|p1|macicrack|102
|player|p2|xMarth|153
|gametype|singles
|gen|6
|tier|UU
|rated
|rule|Sleep Clause Mod: Limit one foe put to sleep
|rule|Species Clause: Limit one of each PokÃ©mon
|rule|OHKO Clause: OHKO moves are banned
|rule|Moody Clause: Moody is banned
|rule|Evasion Moves Clause: Evasion moves are banned
|rule|Endless Battle Clause: Forcing endless battles is banned
|rule|HP Percentage Mod: HP is shown in percentages
|clearpoke
|poke|p1|Glalie, M
|poke|p1|Mienshao, M
|poke|p1|Vaporeon, M
|poke|p1|Forretress, F
|poke|p1|Noivern, F
|poke|p1|Zygarde
|poke|p2|Zygarde
|poke|p2|Lopunny, F
|poke|p2|Hydreigon, F
|poke|p2|Tentacruel, M
|poke|p2|Bronzong
|poke|p2|Florges, F
|rule|Swagger Clause: Swagger is banned
|rule|Baton Pass Clause: Limit one PokÃ©mon knowing Baton Pass
|teampreview
|
|start
|switch|p1a: Glalie|Glalie, M|301\/301
|switch|p2a: Tentacruel|Tentacruel, M|364\/364
|turn|1
|
|detailschange|p1a: Glalie|Glalie-Mega, M
|message|Glalie has Mega Evolved into Mega Glalie!
|move|p1a: Glalie|Earthquake|p2a: Tentacruel
|-supereffective|p2a: Tentacruel
|-damage|p2a: Tentacruel|148\/364
|move|p2a: Tentacruel|Toxic Spikes|p1a: Glalie
|-sidestart|p1: macicrack|move: Toxic Spikes
|
|-heal|p2a: Tentacruel|170\/364|[from] item: Black Sludge
|turn|2
|
|switch|p2a: Bronzong|Bronzong|338\/338
|move|p1a: Glalie|Body Slam|p2a: Bronzong
|-resisted|p2a: Bronzong
|-damage|p2a: Bronzong|268\/338
|-status|p2a: Bronzong|par
|
|-heal|p2a: Bronzong|289\/338 par|[from] item: Leftovers
|turn|3
|
|switch|p1a: Forretress|Forretress, F|354\/354
|move|p2a: Bronzong|Hidden Power|p1a: Forretress
|-supereffective|p1a: Forretress
|-damage|p1a: Forretress|102\/354
|
|-heal|p1a: Forretress|124\/354|[from] item: Leftovers
|-heal|p2a: Bronzong|310\/338 par|[from] item: Leftovers
|turn|4
|
|move|p1a: Forretress|Rapid Spin|p2a: Bronzong
|-resisted|p2a: Bronzong
|-damage|p2a: Bronzong|305\/338 par
|-sideend|p1: macicrack|Toxic Spikes|[from] move: Rapid Spin|[of] p1a: Forretress
|cant|p2a: Bronzong|par
|
|-heal|p1a: Forretress|146\/354|[from] item: Leftovers
|-heal|p2a: Bronzong|326\/338 par|[from] item: Leftovers
|turn|5
|
|move|p1a: Forretress|Volt Switch|p2a: Bronzong
|-damage|p2a: Bronzong|295\/338 par
|
|switch|p1a: Zygarde|Zygarde|404\/404
|-ability|p1a: Zygarde|Aura Break
|move|p2a: Bronzong|Hidden Power|p1a: Zygarde
|-resisted|p1a: Zygarde
|-damage|p1a: Zygarde|383\/404
|
|-heal|p1a: Zygarde|404\/404|[from] item: Leftovers
|-heal|p2a: Bronzong|316\/338 par|[from] item: Leftovers
|turn|6
|
|switch|p2a: Lopunny|Lopunny, F|271\/271
|move|p1a: Zygarde|Substitute|p1a: Zygarde
|-start|p1a: Zygarde|Substitute
|-damage|p1a: Zygarde|303\/404
|
|-heal|p1a: Zygarde|328\/404|[from] item: Leftovers
|turn|7
|
|detailschange|p2a: Lopunny|Lopunny-Mega, F
|message|Lopunny has Mega Evolved into Mega Lopunny!
|move|p2a: Lopunny|Encore|p1a: Zygarde
|-start|p1a: Zygarde|Encore
|move|p1a: Zygarde|Substitute|p1a: Zygarde
|-fail|p1a: Zygarde|move: Substitute
|
|-heal|p1a: Zygarde|353\/404|[from] item: Leftovers
|turn|8
|
|switch|p1a: Noivern|Noivern, F|311\/311
|move|p2a: Lopunny|Drain Punch|p1a: Noivern
|-resisted|p1a: Noivern
|-damage|p1a: Noivern|224\/311
|
|turn|9
|
|switch|p1a: Forretress|Forretress, F|146\/354
|move|p2a: Lopunny|Frustration|p1a: Forretress
|-resisted|p1a: Forretress
|-damage|p1a: Forretress|93\/354
|
|-heal|p1a: Forretress|115\/354|[from] item: Leftovers
|turn|10
|join|Gandalf The WOW
|
|switch|p2a: Tentacruel|Tentacruel, M|170\/364
|move|p1a: Forretress|Gyro Ball|p2a: Tentacruel
|-resisted|p2a: Tentacruel
|-damage|p2a: Tentacruel|125\/364
|
|-heal|p2a: Tentacruel|147\/364|[from] item: Black Sludge
|-heal|p1a: Forretress|137\/354|[from] item: Leftovers
|turn|11
|
|move|p2a: Tentacruel|Toxic Spikes|p1a: Forretress
|-sidestart|p1: macicrack|move: Toxic Spikes
|move|p1a: Forretress|Volt Switch|p2a: Tentacruel
|-supereffective|p2a: Tentacruel
|-damage|p2a: Tentacruel|83\/364
|
|switch|p1a: Noivern|Noivern, F|224\/311
|
|-heal|p2a: Tentacruel|105\/364|[from] item: Black Sludge
|turn|12
|
|switch|p2a: Florges|Florges, F|360\/360
|move|p1a: Noivern|Boomburst|p2a: Florges
|-damage|p2a: Florges|223\/360
|
|-heal|p2a: Florges|245\/360|[from] item: Leftovers
|turn|13
|
|move|p1a: Noivern|Boomburst|p2a: Florges
|-damage|p2a: Florges|113\/360
|move|p2a: Florges|Aromatherapy|p2a: Florges
|-cureteam|p2a: Florges|[from] move: Aromatherapy
|
|-heal|p2a: Florges|135\/360|[from] item: Leftovers
|turn|14
|
|switch|p1a: Forretress|Forretress, F|137\/354
|move|p2a: Florges|Protect|p2a: Florges
|-fail|p2a: Florges
|
|-heal|p2a: Florges|157\/360|[from] item: Leftovers
|-heal|p1a: Forretress|159\/354|[from] item: Leftovers
|turn|15
|
|switch|p2a: Bronzong|Bronzong|316\/338
|move|p1a: Forretress|Rapid Spin|p2a: Bronzong
|-resisted|p2a: Bronzong
|-damage|p2a: Bronzong|311\/338
|-sideend|p1: macicrack|Toxic Spikes|[from] move: Rapid Spin|[of] p1a: Forretress
|
|-heal|p2a: Bronzong|332\/338|[from] item: Leftovers
|-heal|p1a: Forretress|181\/354|[from] item: Leftovers
|turn|16
|
|switch|p1a: Vaporeon|Vaporeon, M|464\/464
|move|p2a: Bronzong|Stealth Rock|p1a: Vaporeon
|-sidestart|p1: macicrack|move: Stealth Rock
|
|-heal|p2a: Bronzong|338\/338|[from] item: Leftovers
|turn|17
|
|switch|p2a: Lopunny|Lopunny-Mega, F|271\/271
|move|p1a: Vaporeon|Scald|p2a: Lopunny
|-damage|p2a: Lopunny|172\/271
|
|turn|18
|
|switch|p2a: Tentacruel|Tentacruel, M|105\/364
|move|p1a: Vaporeon|Scald|p2a: Tentacruel
|-resisted|p2a: Tentacruel
|-damage|p2a: Tentacruel|61\/364
|
|-heal|p2a: Tentacruel|83\/364|[from] item: Black Sludge
|turn|19
|
|move|p2a: Tentacruel|Toxic Spikes|p1a: Vaporeon
|-sidestart|p1: macicrack|move: Toxic Spikes
|move|p1a: Vaporeon|Scald|p2a: Tentacruel
|-resisted|p2a: Tentacruel
|-damage|p2a: Tentacruel|36\/364
|-status|p2a: Tentacruel|brn
|
|-heal|p2a: Tentacruel|58\/364 brn|[from] item: Black Sludge
|-damage|p2a: Tentacruel|13\/364 brn|[from] brn
|turn|20
|
|move|p2a: Tentacruel|Toxic|p1a: Vaporeon
|-status|p1a: Vaporeon|tox
|move|p1a: Vaporeon|Wish|p1a: Vaporeon
|
|-heal|p2a: Tentacruel|35\/364 brn|[from] item: Black Sludge
|-damage|p2a: Tentacruel|0 fnt|[from] brn
|-damage|p1a: Vaporeon|435\/464 tox|[from] psn
|faint|p2a: Tentacruel
|
|switch|p2a: Hydreigon|Hydreigon, F|325\/325
|turn|21
|
|move|p2a: Hydreigon|Dark Pulse|p1a: Vaporeon
|-damage|p1a: Vaporeon|323\/464 tox
|move|p1a: Vaporeon|Heal Bell|p1a: Vaporeon
|-cureteam|p1a: Vaporeon|[from] move: HealBell
|
|-heal|p1a: Vaporeon|464\/464|[from] move: Wish|[wisher] Vaporeon
|turn|22
|
|move|p2a: Hydreigon|Dark Pulse|p1a: Vaporeon
|-damage|p1a: Vaporeon|365\/464
|move|p1a: Vaporeon|Wish|p1a: Vaporeon
|
|-heal|p1a: Vaporeon|394\/464|[from] item: Leftovers
|turn|23
|
|switch|p2a: Florges|Florges, F|157\/360
|move|p1a: Vaporeon|Scald|p2a: Florges
|-damage|p2a: Florges|87\/360
|
|-heal|p1a: Vaporeon|464\/464|[from] move: Wish|[wisher] Vaporeon
|-heal|p2a: Florges|109\/360|[from] item: Leftovers
|turn|24
|
|switch|p2a: Lopunny|Lopunny-Mega, F|172\/271
|switch|p1a: Forretress|Forretress, F|181\/354
|-damage|p1a: Forretress|137\/354|[from] Stealth Rock
|
|-heal|p1a: Forretress|159\/354|[from] item: Leftovers
|turn|25
|
|move|p2a: Lopunny|Drain Punch|p1a: Forretress
|-damage|p1a: Forretress|81\/354
|-heal|p2a: Lopunny|211\/271|[from] drain|[of] p1a: Forretress
|move|p1a: Forretress|Rapid Spin|p2a: Lopunny
|-damage|p2a: Lopunny|194\/271
|-sideend|p1: macicrack|Toxic Spikes|[from] move: Rapid Spin|[of] p1a: Forretress
|-sideend|p1: macicrack|Stealth Rock|[from] move: Rapid Spin|[of] p1a: Forretress
|
|-heal|p1a: Forretress|103\/354|[from] item: Leftovers
|turn|26
|
|move|p2a: Lopunny|Drain Punch|p1a: Forretress
|-crit|p1a: Forretress
|-damage|p1a: Forretress|0 fnt
|-heal|p2a: Lopunny|246\/271|[from] drain|[of] p1a: Forretress
|faint|p1a: Forretress
|
|
|switch|p1a: Mienshao|Mienshao, M|271\/271
|turn|27
|
|switch|p2a: Florges|Florges, F|109\/360
|move|p1a: Mienshao|High Jump Kick|p2a: Florges
|-resisted|p2a: Florges
|-damage|p2a: Florges|0 fnt
|-damage|p1a: Mienshao|244\/271|[from] item: Life Orb
|faint|p2a: Florges
|
|
|switch|p2a: Lopunny|Lopunny-Mega, F|246\/271
|turn|28
|
|switch|p1a: Zygarde|Zygarde|353\/404
|-ability|p1a: Zygarde|Aura Break
|move|p2a: Lopunny|Frustration|p1a: Zygarde
|-damage|p1a: Zygarde|203\/404
|
|-heal|p1a: Zygarde|228\/404|[from] item: Leftovers
|turn|29
|
|move|p2a: Lopunny|Frustration|p1a: Zygarde
|-damage|p1a: Zygarde|69\/404
|move|p1a: Zygarde|Earthquake|p2a: Lopunny
|-damage|p2a: Lopunny|80\/271
|
|-heal|p1a: Zygarde|94\/404|[from] item: Leftovers
|turn|30
|
|move|p2a: Lopunny|Drain Punch|p1a: Zygarde
|-damage|p1a: Zygarde|0 fnt
|-heal|p2a: Lopunny|127\/271|[from] drain|[of] p1a: Zygarde
|faint|p1a: Zygarde
|
|join|hurrrdurrrr
|
|switch|p1a: Mienshao|Mienshao, M|271\/271
|turn|31
|
|switch|p2a: Bronzong|Bronzong|338\/338
|move|p1a: Mienshao|High Jump Kick|p2a: Bronzong
|-damage|p2a: Bronzong|138\/338
|-damage|p1a: Mienshao|244\/271|[from] item: Life Orb
|
|-heal|p2a: Bronzong|159\/338|[from] item: Leftovers
|turn|32
|
|switch|p2a: Zygarde|Zygarde|405\/405
|-ability|p2a: Zygarde|Aura Break
|move|p1a: Mienshao|Knock Off|p2a: Zygarde
|-damage|p2a: Zygarde|276\/405
|-enditem|p2a: Zygarde|Leftovers|[from] move: Knock Off|[of] p1a: Mienshao
|-damage|p1a: Mienshao|217\/271|[from] item: Life Orb
|
|turn|33
|leave|hurrrdurrrr
|
|move|p1a: Mienshao|U-turn|p2a: Zygarde
|-damage|p2a: Zygarde|186\/405
|-damage|p1a: Mienshao|190\/271|[from] item: Life Orb
|
|switch|p1a: Glalie|Glalie-Mega, M|301\/301
|move|p2a: Zygarde|Earthquake|p1a: Glalie
|-damage|p1a: Glalie|166\/301
|
|turn|34
|
|move|p1a: Glalie|Body Slam|p2a: Zygarde
|-supereffective|p2a: Zygarde
|-damage|p2a: Zygarde|0 fnt
|faint|p2a: Zygarde
|
|
|switch|p2a: Bronzong|Bronzong|159\/338
|turn|35
|c| Gandalf The WOW|boom kills
|
|move|p1a: Glalie|Explosion|p2a: Bronzong
|-resisted|p2a: Bronzong
|-damage|p2a: Bronzong|0 fnt
|faint|p1a: Glalie
|faint|p2a: Bronzong
|
|c| Gandalf The WOW|yeah
|
|switch|p2a: Lopunny|Lopunny-Mega, F|127\/271
|switch|p1a: Vaporeon|Vaporeon, M|464\/464
|turn|36
|
|move|p2a: Lopunny|Drain Punch|p1a: Vaporeon
|-damage|p1a: Vaporeon|269\/464
|-heal|p2a: Lopunny|225\/271|[from] drain|[of] p1a: Vaporeon
|move|p1a: Vaporeon|Scald|p2a: Lopunny
|-crit|p2a: Lopunny
|-damage|p2a: Lopunny|62\/271
|
|-heal|p1a: Vaporeon|298\/464|[from] item: Leftovers
|turn|37
|
|move|p1a: Vaporeon|Protect|p1a: Vaporeon
|-singleturn|p1a: Vaporeon|Protect
|move|p2a: Lopunny|Drain Punch|p1a: Vaporeon
|-activate|p1a: Vaporeon|Protect
|
|-heal|p1a: Vaporeon|327\/464|[from] item: Leftovers
|turn|38
|
|move|p2a: Lopunny|Encore|p1a: Vaporeon
|-start|p1a: Vaporeon|Encore
|move|p1a: Vaporeon|Protect|p1a: Vaporeon
|-fail|p1a: Vaporeon
|
|-heal|p1a: Vaporeon|356\/464|[from] item: Leftovers
|turn|39
|
|switch|p1a: Noivern|Noivern, F|224\/311
|move|p2a: Lopunny|Drain Punch|p1a: Noivern
|-resisted|p1a: Noivern
|-damage|p1a: Noivern|141\/311
|-heal|p2a: Lopunny|104\/271|[from] drain|[of] p1a: Noivern
|
|turn|40
|
|move|p2a: Lopunny|Frustration|p1a: Noivern
|-damage|p1a: Noivern|0 fnt
|faint|p1a: Noivern
|
|
|switch|p1a: Vaporeon|Vaporeon, M|356\/464
|turn|41
|join|hurrrdurrrr
|
|move|p2a: Lopunny|Drain Punch|p1a: Vaporeon
|-damage|p1a: Vaporeon|143\/464
|-heal|p2a: Lopunny|211\/271|[from] drain|[of] p1a: Vaporeon
|move|p1a: Vaporeon|Scald|p2a: Lopunny
|-damage|p2a: Lopunny|100\/271
|
|-heal|p1a: Vaporeon|172\/464|[from] item: Leftovers
|turn|42
|c|âmacicrack|fuck me and the burns
|
|move|p2a: Lopunny|Drain Punch|p1a: Vaporeon
|-damage|p1a: Vaporeon|0 fnt
|-heal|p2a: Lopunny|186\/271|[from] drain|[of] p1a: Vaporeon
|faint|p1a: Vaporeon
|
|
|switch|p1a: Mienshao|Mienshao, M|271\/271
|turn|43
|c|âxMarth|banscald
|
|move|p2a: Lopunny|Frustration|p1a: Mienshao
|-damage|p1a: Mienshao|0 fnt
|faint|p1a: Mienshao
|
|win|xMarth
|raw|Ladder updating...
|raw|macicrack's rating: 1506 &rarr; <strong>1491<\/strong><br \/>(-15 for losing)
|raw|xMarth's rating: 1585 &rarr; <strong>1601<\/strong><br \/>(+16 for winning)
|leave|hurrrdurrrr