|join|feng
|join|xMarth
|player|p1|feng|23
|player|p2|xMarth|153
|gametype|singles
|gen|6
|tier|UU
|rated
|rule|Sleep Clause Mod: Limit one foe put to sleep
|rule|Species Clause: Limit one of each PokÃ©mon
|rule|OHKO Clause: OHKO moves are banned
|rule|Moody Clause: Moody is banned
|rule|Evasion Moves Clause: Evasion moves are banned
|rule|Endless Battle Clause: Forcing endless battles is banned
|rule|HP Percentage Mod: HP is shown in percentages
|clearpoke
|poke|p1|Celebi
|poke|p1|Aggron, F, shiny
|poke|p1|Crobat, F, shiny
|poke|p1|Blissey, F, shiny
|poke|p1|Alomomola, M, shiny
|poke|p1|Krookodile, F, shiny
|poke|p2|Zygarde
|poke|p2|Lopunny, F
|poke|p2|Hydreigon, M
|poke|p2|Tentacruel, M
|poke|p2|Bronzong
|poke|p2|Florges, F
|rule|Swagger Clause: Swagger is banned
|rule|Baton Pass Clause: Limit one PokÃ©mon knowing Baton Pass
|teampreview
|c|âfeng|oh
|c|âfeng|fkn lop
|c|âxMarth|this could take some time huh
|join|Gerald Eugene III
|
|start
|switch|p1a: The Don|Krookodile, F, shiny|331\/331
|switch|p2a: Hydreigon|Hydreigon, M|325\/325
|-ability|p1a: The Don|Intimidate|[of] p2a: Hydreigon
|-unboost|p2a: Hydreigon|atk|1
|turn|1
|
|move|p2a: Hydreigon|Draco Meteor|p1a: The Don
|-damage|p1a: The Don|12\/331
|-unboost|p2a: Hydreigon|spa|2
|move|p1a: The Don|Knock Off|p2a: Hydreigon
|-resisted|p2a: Hydreigon
|-damage|p2a: Hydreigon|183\/325
|-enditem|p2a: Hydreigon|Choice Scarf|[from] move: Knock Off|[of] p1a: The Don
|
|turn|2
|
|switch|p1a: Fattest fuck|Blissey, F, shiny|714\/714
|move|p2a: Hydreigon|U-turn|p1a: Fattest fuck
|-damage|p1a: Fattest fuck|647\/714
|
|switch|p2a: Lopunny|Lopunny, F|271\/271
|
|-heal|p1a: Fattest fuck|691\/714|[from] item: Leftovers
|turn|3
|
|switch|p1a: bob the brobat|Crobat, F, shiny|325\/325
|detailschange|p2a: Lopunny|Lopunny-Mega, F
|message|Lopunny has Mega Evolved into Mega Lopunny!
|move|p2a: Lopunny|Frustration|p1a: bob the brobat
|-damage|p1a: bob the brobat|102\/325
|
|-heal|p1a: bob the brobat|122\/325|[from] item: Black Sludge
|turn|4
|
|switch|p1a: ugly fuck|Alomomola, M, shiny|534\/534
|move|p2a: Lopunny|Frustration|p1a: ugly fuck
|-damage|p1a: ugly fuck|372\/534
|-damage|p2a: Lopunny|226\/271|[from] item: Rocky Helmet|[of] p1a: ugly fuck
|
|turn|5
|
|move|p2a: Lopunny|Substitute|p2a: Lopunny
|-start|p2a: Lopunny|Substitute
|-damage|p2a: Lopunny|159\/271
|move|p1a: ugly fuck|Knock Off|p2a: Lopunny
|-resisted|p2a: Lopunny
|-activate|p2a: Lopunny|Substitute|[damage]
|
|turn|6
|join|Socks o
|c|âfeng|fk
|c| Gerald Eugene III|Ayyy
|
|move|p2a: Lopunny|Encore|p1a: ugly fuck
|-start|p1a: ugly fuck|Encore
|move|p1a: ugly fuck|Knock Off|p2a: Lopunny
|-resisted|p2a: Lopunny
|-activate|p2a: Lopunny|Substitute|[damage]
|
|turn|7
|
|switch|p1a: cabbage|Celebi|341\/341
|move|p2a: Lopunny|High Jump Kick|p1a: cabbage
|-resisted|p1a: cabbage
|-damage|p1a: cabbage|221\/341
|
|-heal|p1a: cabbage|242\/341|[from] item: Leftovers
|turn|8
|
|switch|p1a: ugly fuck|Alomomola, M, shiny|534\/534
|move|p2a: Lopunny|Frustration|p1a: ugly fuck
|-damage|p1a: ugly fuck|381\/534
|-damage|p2a: Lopunny|114\/271|[from] item: Rocky Helmet|[of] p1a: ugly fuck
|
|turn|9
|c| Gerald Eugene III|marth why no drain punch?
|c| Gerald Eugene III|Not enough damage?
|c|âxMarth|yea low dmg
|c|âxMarth|miss out on lots a koes
|
|move|p2a: Lopunny|High Jump Kick|p1a: ugly fuck
|-crit|p1a: ugly fuck
|-damage|p1a: ugly fuck|74\/534
|-damage|p2a: Lopunny|69\/271|[from] item: Rocky Helmet|[of] p1a: ugly fuck
|move|p1a: ugly fuck|Wish|p1a: ugly fuck
|
|turn|10
|c| Gerald Eugene III|I'm testing it out it helps when behind sub for recovery but that's why you have wish I'm guessing
|
|switch|p1a: cabbage|Celebi|242\/341
|move|p2a: Lopunny|Frustration|p1a: cabbage
|-damage|p1a: cabbage|59\/341
|
|-heal|p1a: cabbage|326\/341|[from] move: Wish|[wisher] ugly fuck
|-heal|p1a: cabbage|341\/341|[from] item: Leftovers
|turn|11
|join|waiv
|c| waiv|feng
|
|switch|p2a: Hydreigon|Hydreigon, M|183\/325
|switch|p1a: ugly fuck|Alomomola, M, shiny|252\/534
|
|turn|12
|c| waiv|i xmarth
|c| waiv|o*
|c|âxMarth|hi
|
|switch|p1a: Fattest fuck|Blissey, F, shiny|691\/714
|move|p2a: Hydreigon|U-turn|p1a: Fattest fuck
|-crit|p1a: Fattest fuck
|-damage|p1a: Fattest fuck|556\/714
|c| waiv|hhihihi
|
|switch|p2a: Bronzong|Bronzong|338\/338
|
|-heal|p1a: Fattest fuck|600\/714|[from] item: Leftovers
|turn|13
|
|switch|p1a: The Don|Krookodile, F, shiny|12\/331
|-ability|p1a: The Don|Intimidate|[of] p2a: Bronzong
|-unboost|p2a: Bronzong|atk|1
|move|p2a: Bronzong|Stealth Rock|p1a: The Don
|-sidestart|p1: feng|move: Stealth Rock
|
|turn|14
|
|switch|p2a: Hydreigon|Hydreigon, M|183\/325
|move|p1a: The Don|Knock Off|p2a: Hydreigon
|-resisted|p2a: Hydreigon
|-damage|p2a: Hydreigon|93\/325
|
|turn|15
|
|switch|p1a: ugly fuck|Alomomola, M, shiny|430\/534
|-damage|p1a: ugly fuck|364\/534|[from] Stealth Rock
|move|p2a: Hydreigon|U-turn|p1a: ugly fuck
|-damage|p1a: ugly fuck|317\/534
|-damage|p2a: Hydreigon|39\/325|[from] item: Rocky Helmet|[of] p1a: ugly fuck
|
|switch|p2a: Zygarde|Zygarde|405\/405
|-ability|p2a: Zygarde|Aura Break
|
|turn|16
|
|switch|p1a: bob the brobat|Crobat, F, shiny|122\/325
|-damage|p1a: bob the brobat|41\/325|[from] Stealth Rock
|move|p2a: Zygarde|Substitute|p2a: Zygarde
|-start|p2a: Zygarde|Substitute
|-damage|p2a: Zygarde|304\/405
|
|-heal|p1a: bob the brobat|61\/325|[from] item: Black Sludge
|-heal|p2a: Zygarde|329\/405|[from] item: Leftovers
|turn|17
|
|move|p1a: bob the brobat|Toxic|p2a: Zygarde
|-status|p2a: Zygarde|tox
|move|p2a: Zygarde|Earthquake|p1a: bob the brobat
|-immune|p1a: bob the brobat|[msg]
|
|-heal|p1a: bob the brobat|81\/325|[from] item: Black Sludge
|-heal|p2a: Zygarde|354\/405 tox|[from] item: Leftovers
|-damage|p2a: Zygarde|329\/405 tox|[from] psn
|turn|18
|
|switch|p2a: Lopunny|Lopunny-Mega, F|69\/271
|move|p1a: bob the brobat|Defog|p2a: Lopunny
|-unboost|p2a: Lopunny|evasion|1
|-sideend|p1: feng|Stealth Rock|[from] move: Defog|[of] p1a: bob the brobat
|
|-heal|p1a: bob the brobat|101\/325|[from] item: Black Sludge
|turn|19
|
|switch|p1a: ugly fuck|Alomomola, M, shiny|495\/534
|move|p2a: Lopunny|Frustration|p1a: ugly fuck
|-damage|p1a: ugly fuck|345\/534
|-damage|p2a: Lopunny|24\/271|[from] item: Rocky Helmet|[of] p1a: ugly fuck
|
|turn|20
|
|switch|p2a: Florges|Florges, F|360\/360
|switch|p1a: bob the brobat|Crobat, F, shiny|101\/325
|
|-heal|p1a: bob the brobat|121\/325|[from] item: Black Sludge
|turn|21
|
|move|p1a: bob the brobat|Roost|p1a: bob the brobat
|-heal|p1a: bob the brobat|284\/325
|move|p2a: Florges|Aromatherapy|p2a: Florges
|-cureteam|p2a: Florges|[from] move: Aromatherapy
|
|-heal|p1a: bob the brobat|304\/325|[from] item: Black Sludge
|turn|22
|
|switch|p1a: fat fuck|Aggron, F, shiny|344\/344
|move|p2a: Florges|Wish|p2a: Florges
|
|turn|23
|
|switch|p2a: Bronzong|Bronzong|338\/338
|detailschange|p1a: fat fuck|Aggron-Mega, F, shiny
|message|Aggron has Mega Evolved into Mega Aggron!
|move|p1a: fat fuck|Heavy Slam|p2a: Bronzong
|-crit|p2a: Bronzong
|-resisted|p2a: Bronzong
|-damage|p2a: Bronzong|292\/338
|
|-heal|p2a: Bronzong|338\/338|[from] move: Wish|[wisher] Florges
|turn|24
|
|switch|p1a: ugly fuck|Alomomola, M, shiny|523\/534
|move|p2a: Bronzong|Iron Head|p1a: ugly fuck
|-resisted|p1a: ugly fuck
|-damage|p1a: ugly fuck|490\/534
|-damage|p2a: Bronzong|282\/338|[from] item: Rocky Helmet|[of] p1a: ugly fuck
|
|-heal|p2a: Bronzong|303\/338|[from] item: Leftovers
|turn|25
|
|move|p1a: ugly fuck|Knock Off|p2a: Bronzong
|-crit|p2a: Bronzong
|-supereffective|p2a: Bronzong
|-damage|p2a: Bronzong|185\/338
|-enditem|p2a: Bronzong|Leftovers|[from] move: Knock Off|[of] p1a: ugly fuck
|move|p2a: Bronzong|Stealth Rock|p1a: ugly fuck
|-sidestart|p1: feng|move: Stealth Rock
|
|turn|26
|
|move|p1a: ugly fuck|Scald|p2a: Bronzong
|-damage|p2a: Bronzong|148\/338
|move|p2a: Bronzong|Toxic|p1a: ugly fuck
|-status|p1a: ugly fuck|tox
|
|-damage|p1a: ugly fuck|457\/534 tox|[from] psn
|turn|27
|
|switch|p2a: Lopunny|Lopunny-Mega, F|24\/271
|move|p1a: ugly fuck|Scald|p2a: Lopunny
|-damage|p2a: Lopunny|0 fnt
|faint|p2a: Lopunny
|
|-damage|p1a: ugly fuck|391\/534 tox|[from] psn
|
|switch|p2a: Tentacruel|Tentacruel, M|364\/364
|turn|28
|
|move|p2a: Tentacruel|Toxic Spikes|p1a: ugly fuck
|-sidestart|p1: feng|move: Toxic Spikes
|move|p1a: ugly fuck|Knock Off|p2a: Tentacruel
|-damage|p2a: Tentacruel|311\/364
|-enditem|p2a: Tentacruel|Black Sludge|[from] move: Knock Off|[of] p1a: ugly fuck
|
|-damage|p1a: ugly fuck|292\/534 tox|[from] psn
|turn|29
|
|switch|p2a: Zygarde|Zygarde|329\/405
|-ability|p2a: Zygarde|Aura Break
|switch|p1a: bob the brobat|Crobat, F, shiny|304\/325
|-damage|p1a: bob the brobat|223\/325|[from] Stealth Rock
|
|-heal|p1a: bob the brobat|243\/325|[from] item: Black Sludge
|-heal|p2a: Zygarde|354\/405|[from] item: Leftovers
|turn|30
|
|move|p1a: bob the brobat|Defog|p2a: Zygarde
|-unboost|p2a: Zygarde|evasion|1
|-sideend|p1: feng|Toxic Spikes|[from] move: Defog|[of] p1a: bob the brobat
|-sideend|p1: feng|Stealth Rock|[from] move: Defog|[of] p1a: bob the brobat
|move|p2a: Zygarde|Dragon Tail|p1a: bob the brobat
|-damage|p1a: bob the brobat|153\/325
|drag|p1a: The Don|Krookodile, F, shiny|12\/331
|-ability|p1a: The Don|Intimidate|[of] p2a: Zygarde
|-unboost|p2a: Zygarde|atk|1
|
|-heal|p2a: Zygarde|379\/405|[from] item: Leftovers
|turn|31
|
|switch|p2a: Florges|Florges, F|360\/360
|move|p1a: The Don|Earthquake|p2a: Florges
|-damage|p2a: Florges|141\/360
|
|-heal|p2a: Florges|163\/360|[from] item: Leftovers
|turn|32
|
|switch|p2a: Bronzong|Bronzong|148\/338
|move|p1a: The Don|Earthquake|p2a: Bronzong
|-immune|p2a: Bronzong|[msg]
|
|turn|33
|
|switch|p1a: bob the brobat|Crobat, F, shiny|153\/325
|move|p2a: Bronzong|Stealth Rock|p1a: bob the brobat
|-sidestart|p1: feng|move: Stealth Rock
|
|-heal|p1a: bob the brobat|173\/325|[from] item: Black Sludge
|turn|34
|
|move|p1a: bob the brobat|Defog|p2a: Bronzong
|-unboost|p2a: Bronzong|evasion|1
|-sideend|p1: feng|Stealth Rock|[from] move: Defog|[of] p1a: bob the brobat
|move|p2a: Bronzong|Iron Head|p1a: bob the brobat
|-damage|p1a: bob the brobat|61\/325
|
|-heal|p1a: bob the brobat|81\/325|[from] item: Black Sludge
|turn|35
|
|move|p1a: bob the brobat|Roost|p1a: bob the brobat
|-heal|p1a: bob the brobat|244\/325
|move|p2a: Bronzong|Iron Head|p1a: bob the brobat
|-damage|p1a: bob the brobat|136\/325
|
|-heal|p1a: bob the brobat|156\/325|[from] item: Black Sludge
|turn|36
|
|move|p1a: bob the brobat|Roost|p1a: bob the brobat
|-heal|p1a: bob the brobat|319\/325
|move|p2a: Bronzong|Earthquake|p1a: bob the brobat
|-supereffective|p1a: bob the brobat
|-damage|p1a: bob the brobat|157\/325
|
|-heal|p1a: bob the brobat|177\/325|[from] item: Black Sludge
|turn|37
|
|move|p1a: bob the brobat|Brave Bird|p2a: Bronzong
|-resisted|p2a: Bronzong
|-damage|p2a: Bronzong|89\/338
|-damage|p1a: bob the brobat|158\/325|[from] recoil|[of] p2a: Bronzong
|move|p2a: Bronzong|Stealth Rock|p1a: bob the brobat
|-sidestart|p1: feng|move: Stealth Rock
|
|-heal|p1a: bob the brobat|178\/325|[from] item: Black Sludge
|turn|38
|
|move|p1a: bob the brobat|Defog|p2a: Bronzong
|-unboost|p2a: Bronzong|evasion|1
|-sideend|p1: feng|Stealth Rock|[from] move: Defog|[of] p1a: bob the brobat
|move|p2a: Bronzong|Iron Head|p1a: bob the brobat
|-damage|p1a: bob the brobat|70\/325
|
|-heal|p1a: bob the brobat|90\/325|[from] item: Black Sludge
|turn|39
|
|move|p1a: bob the brobat|Roost|p1a: bob the brobat
|-heal|p1a: bob the brobat|253\/325
|move|p2a: Bronzong|Iron Head|p1a: bob the brobat
|-damage|p1a: bob the brobat|151\/325
|
|-heal|p1a: bob the brobat|171\/325|[from] item: Black Sludge
|turn|40
|
|move|p1a: bob the brobat|Brave Bird|p2a: Bronzong
|-resisted|p2a: Bronzong
|-damage|p2a: Bronzong|35\/338
|-damage|p1a: bob the brobat|153\/325|[from] recoil|[of] p2a: Bronzong
|move|p2a: Bronzong|Stealth Rock|p1a: bob the brobat
|-sidestart|p1: feng|move: Stealth Rock
|
|-heal|p1a: bob the brobat|173\/325|[from] item: Black Sludge
|turn|41
|
|switch|p2a: Tentacruel|Tentacruel, M|311\/364
|move|p1a: bob the brobat|Defog|p2a: Tentacruel
|-unboost|p2a: Tentacruel|evasion|1
|-sideend|p1: feng|Stealth Rock|[from] move: Defog|[of] p1a: bob the brobat
|
|-heal|p1a: bob the brobat|193\/325|[from] item: Black Sludge
|turn|42
|
|switch|p1a: cabbage|Celebi|341\/341
|move|p2a: Tentacruel|Toxic Spikes|p1a: cabbage
|-sidestart|p1: feng|move: Toxic Spikes
|
|turn|43
|
|move|p1a: cabbage|Swords Dance|p1a: cabbage
|-boost|p1a: cabbage|atk|2
|move|p2a: Tentacruel|Toxic|p1a: cabbage
|-status|p1a: cabbage|tox
|
|-damage|p1a: cabbage|320\/341 tox|[from] psn
|turn|44
|
|switch|p2a: Bronzong|Bronzong|35\/338
|move|p1a: cabbage|Zen Headbutt|p2a: Bronzong
|-resisted|p2a: Bronzong
|-damage|p2a: Bronzong|0 fnt
|faint|p2a: Bronzong
|
|-heal|p1a: cabbage|341\/341 tox|[from] item: Leftovers
|-damage|p1a: cabbage|299\/341 tox|[from] psn
|
|switch|p2a: Hydreigon|Hydreigon, M|39\/325
|turn|45
|
|move|p1a: cabbage|Seed Bomb|p2a: Hydreigon
|-resisted|p2a: Hydreigon
|-damage|p2a: Hydreigon|0 fnt
|faint|p2a: Hydreigon
|
|-heal|p1a: cabbage|320\/341 tox|[from] item: Leftovers
|-damage|p1a: cabbage|257\/341 tox|[from] psn
|
|switch|p2a: Zygarde|Zygarde|379\/405
|-ability|p2a: Zygarde|Aura Break
|turn|46
|
|move|p1a: cabbage|Seed Bomb|p2a: Zygarde
|-damage|p2a: Zygarde|189\/405
|move|p2a: Zygarde|Dragon Tail|p1a: cabbage
|-damage|p1a: cabbage|188\/341 tox
|drag|p1a: The Don|Krookodile, F, shiny|12\/331
|-status|p1a: The Don|psn
|-ability|p1a: The Don|Intimidate|[of] p2a: Zygarde
|-unboost|p2a: Zygarde|atk|1
|
|-heal|p2a: Zygarde|214\/405|[from] item: Leftovers
|-damage|p1a: The Don|0 fnt|[from] psn
|faint|p1a: The Don
|c|âfeng|rip
|
|switch|p1a: bob the brobat|Crobat, F, shiny|193\/325
|turn|47
|
|move|p1a: bob the brobat|Defog|p2a: Zygarde
|-unboost|p2a: Zygarde|evasion|1
|-sideend|p1: feng|Toxic Spikes|[from] move: Defog|[of] p1a: bob the brobat
|move|p2a: Zygarde|Dragon Tail|p1a: bob the brobat
|-damage|p1a: bob the brobat|135\/325
|drag|p1a: cabbage|Celebi|188\/341
|
|-heal|p1a: cabbage|209\/341|[from] item: Leftovers
|-heal|p2a: Zygarde|239\/405|[from] item: Leftovers
|turn|48
|
|move|p1a: cabbage|Seed Bomb|p2a: Zygarde
|-damage|p2a: Zygarde|139\/405
|move|p2a: Zygarde|Dragon Tail|p1a: cabbage
|-damage|p1a: cabbage|163\/341
|drag|p1a: bob the brobat|Crobat, F, shiny|135\/325
|
|-heal|p1a: bob the brobat|155\/325|[from] item: Black Sludge
|-heal|p2a: Zygarde|164\/405|[from] item: Leftovers
|turn|49
|
|switch|p2a: Tentacruel|Tentacruel, M|311\/364
|move|p1a: bob the brobat|Toxic|p2a: Tentacruel
|-fail|p2a: Tentacruel
|
|-heal|p1a: bob the brobat|175\/325|[from] item: Black Sludge
|turn|50
|
|switch|p1a: Fattest fuck|Blissey, F, shiny|600\/714
|move|p2a: Tentacruel|Scald|p1a: Fattest fuck
|-damage|p1a: Fattest fuck|536\/714
|
|-heal|p1a: Fattest fuck|580\/714|[from] item: Leftovers
|turn|51
|
|move|p2a: Tentacruel|Toxic Spikes|p1a: Fattest fuck
|-sidestart|p1: feng|move: Toxic Spikes
|move|p1a: Fattest fuck|Wish|p1a: Fattest fuck
|
|-heal|p1a: Fattest fuck|624\/714|[from] item: Leftovers
|turn|52
|
|switch|p1a: cabbage|Celebi|163\/341
|-status|p1a: cabbage|psn
|move|p2a: Tentacruel|Scald|p1a: cabbage
|-resisted|p1a: cabbage
|-damage|p1a: cabbage|122\/341 psn
|
|-heal|p1a: cabbage|341\/341 psn|[from] move: Wish|[wisher] Fattest fuck
|-damage|p1a: cabbage|299\/341 psn|[from] psn
|turn|53
|
|move|p1a: cabbage|Swords Dance|p1a: cabbage
|-boost|p1a: cabbage|atk|2
|move|p2a: Tentacruel|Scald|p1a: cabbage
|-resisted|p1a: cabbage
|-damage|p1a: cabbage|258\/341 psn
|
|-heal|p1a: cabbage|279\/341 psn|[from] item: Leftovers
|-damage|p1a: cabbage|237\/341 psn|[from] psn
|turn|54
|c|âfeng|should have played lop better tbh
|c|âfeng|it shreks my team
|
|move|p1a: cabbage|Zen Headbutt|p2a: Tentacruel
|-supereffective|p2a: Tentacruel
|-damage|p2a: Tentacruel|0 fnt
|faint|p2a: Tentacruel
|
|-heal|p1a: cabbage|258\/341 psn|[from] item: Leftovers
|-damage|p1a: cabbage|216\/341 psn|[from] psn
|
|switch|p2a: Zygarde|Zygarde|164\/405
|-ability|p2a: Zygarde|Aura Break
|turn|55
|c|âxMarth|shouldve dtailed your crobat when it was at 20%
|
|move|p1a: cabbage|Seed Bomb|p2a: Zygarde
|-damage|p2a: Zygarde|0 fnt
|faint|p2a: Zygarde
|
|-heal|p1a: cabbage|237\/341 psn|[from] item: Leftovers
|-damage|p1a: cabbage|195\/341 psn|[from] psn
|
|switch|p2a: Florges|Florges, F|163\/360
|turn|56
|c|âfeng|lol yea
|
|move|p1a: cabbage|Seed Bomb|p2a: Florges
|-damage|p2a: Florges|0 fnt
|faint|p2a: Florges
|
|win|feng
|raw|Ladder updating...
|raw|feng's rating: 1625 &rarr; <strong>1642<\/strong><br \/>(+17 for winning)
|raw|xMarth's rating: 1559 &rarr; <strong>1543<\/strong><br \/>(-16 for losing)
|c|âfeng|gg
|c|âxMarth|gg
|c| Gerald Eugene III|#1