|join|Donphantastic
|join|xMarth
|player|p1|Donphantastic|290
|player|p2|xMarth|153
|gametype|singles
|gen|6
|tier|UU
|rule|Sleep Clause Mod: Limit one foe put to sleep
|rule|Species Clause: Limit one of each PokÃ©mon
|rule|OHKO Clause: OHKO moves are banned
|rule|Moody Clause: Moody is banned
|rule|Evasion Moves Clause: Evasion moves are banned
|rule|Endless Battle Clause: Forcing endless battles is banned
|rule|HP Percentage Mod: HP is shown in percentages
|clearpoke
|poke|p1|Piloswine, M
|poke|p1|Vaporeon, F
|poke|p1|Hydreigon, F
|poke|p1|Crobat, M
|poke|p1|Swampert, M
|poke|p1|Lucario, F
|poke|p2|Suicune
|poke|p2|Umbreon, F
|poke|p2|Crobat, F
|poke|p2|Nidoqueen, F
|poke|p2|Jirachi, shiny
|poke|p2|Hydreigon, F
|rule|Swagger Clause: Swagger is banned
|rule|Baton Pass Clause: Limit one PokÃ©mon knowing Baton Pass
|teampreview
|join|dudman
|c|âxMarth|pillows
|join|gobosox
|join|Pkmn Champ Lance
|c|âDonphantastic|Pillowsss
|c| dudman|ahaha he's using the very sub cm suicune that destroys him
|c| gobosox|nice gen 5 core marth
|c|âxMarth|not even subcm
|c| dudman|ice beam
|c| dudman|hten
|join|Rat99
|c|âxMarth|roarsssss
|c| gobosox|that is almost entirely gen 5
|c|âDonphantastic|mfw is tailwind cm
|c|âxMarth|tbh i pretty much made this team from cores thread
|c| gobosox|except for jirachi and hydreigon
|c| dudman|yea lol
|
|start
|switch|p1a: Swampert|Swampert, M|404\/404
|switch|p2a: Suicune|Suicune|404\/404
|-ability|p2a: Suicune|Pressure
|turn|1
|
|switch|p1a: Hydreigon|Hydreigon, F|325\/325
|move|p2a: Suicune|Scald|p1a: Hydreigon
|-resisted|p1a: Hydreigon
|-damage|p1a: Hydreigon|279\/325
|
|turn|2
|join|jthbulldog
|join|secret kekleon
|
|switch|p2a: Umbreon|Umbreon, F|394\/394
|move|p1a: Hydreigon|U-turn|p2a: Umbreon
|-supereffective|p2a: Umbreon
|-damage|p2a: Umbreon|302\/394
|
|switch|p1a: Piloswine|Piloswine, M|404\/404
|
|-heal|p2a: Umbreon|326\/394|[from] item: Leftovers
|turn|3
|c|âxMarth|swine or pillows?
|c|âxMarth|idk which to call it
|
|move|p2a: Umbreon|Foul Play|p1a: Piloswine
|-damage|p1a: Piloswine|283\/404
|move|p1a: Piloswine|Stealth Rock|p2a: Umbreon
|-sidestart|p2: xMarth|move: Stealth Rock
|
|-heal|p2a: Umbreon|350\/394|[from] item: Leftovers
|turn|4
|
|switch|p1a: Lucario|Lucario, F|281\/281
|move|p2a: Umbreon|Foul Play|p1a: Lucario
|-resisted|p1a: Lucario
|-damage|p1a: Lucario|175\/281
|
|-heal|p2a: Umbreon|374\/394|[from] item: Leftovers
|turn|5
|c| dudman|kek
|c|âDonphantastic|mfw wrong ability
|c|âxMarth|ah nice reveal
|c|âDonphantastic|:[
|c| dudman|it's a ruuuuuuuuuse
|c|âxMarth|ruse of ruseruse
|
|switch|p1a: Piloswine|Piloswine, M|283\/404
|switch|p2a: Crobat|Crobat, F|325\/325
|-damage|p2a: Crobat|244\/325|[from] Stealth Rock
|
|-heal|p2a: Crobat|264\/325|[from] item: Black Sludge
|turn|6
|c| dudman|jk if he was np it wouldn't done like 25
|c| dudman|would have
|c| dudman|*
|
|switch|p2a: Suicune|Suicune|404\/404
|-damage|p2a: Suicune|354\/404|[from] Stealth Rock
|-ability|p2a: Suicune|Pressure
|move|p1a: Piloswine|Icicle Crash|p2a: Suicune
|-resisted|p2a: Suicune
|-damage|p2a: Suicune|308\/404
|
|-heal|p2a: Suicune|333\/404|[from] item: Leftovers
|turn|7
|c|âxMarth|if it was sd it woulda done closer to 50
|
|switch|p1a: Hydreigon|Hydreigon, F|279\/325
|move|p2a: Suicune|Scald|p1a: Hydreigon
|-resisted|p1a: Hydreigon
|-damage|p1a: Hydreigon|234\/325
|
|-heal|p2a: Suicune|358\/404|[from] item: Leftovers
|turn|8
|
|move|p1a: Hydreigon|Draco Meteor|p2a: Suicune
|-damage|p2a: Suicune|25\/404
|-unboost|p1a: Hydreigon|spa|2
|move|p2a: Suicune|Calm Mind|p2a: Suicune
|-boost|p2a: Suicune|spa|1
|-boost|p2a: Suicune|spd|1
|
|-heal|p2a: Suicune|50\/404|[from] item: Leftovers
|turn|9
|c|âxMarth|fuck specs
|c| dudman|0 Atk Umbreon Foul Play vs. 0 HP \/ 4 Def Lucario: 101-119 (35.9 - 42.3%) -- guaranteed 3HKO
|c|âDonphantastic|lel
|c|âxMarth|oh lol
|
|move|p1a: Hydreigon|Draco Meteor|p2a: Suicune
|-crit|p2a: Suicune
|-damage|p2a: Suicune|0 fnt
|-unboost|p1a: Hydreigon|spa|2
|faint|p2a: Suicune
|
|c|âDonphantastic|marth
|
|switch|p2a: Nidoqueen|Nidoqueen, F|322\/322
|-damage|p2a: Nidoqueen|302\/322|[from] Stealth Rock
|turn|10
|c|âDonphantastic|thoughts on my team tho
|c| dudman|crit here
|c| dudman|please
|c| dudman|plase
|c| dudman|please
|c| dudman|plase
|c| dudman|please
|c| dudman|please
|c| dudman|go for the crit
|
|switch|p1a: Crobat|Crobat, M|373\/373
|move|p2a: Nidoqueen|Stealth Rock|p1a: Crobat
|-sidestart|p1: Donphantastic|move: Stealth Rock
|
|turn|11
|c|âxMarth|no crit
|
|move|p1a: Crobat|Acrobatics|p2a: Nidoqueen
|-damage|p2a: Nidoqueen|139\/322
|move|p2a: Nidoqueen|Ice Beam|p1a: Crobat
|-supereffective|p1a: Crobat
|-damage|p1a: Crobat|58\/373
|
|turn|12
|c| dudman|nice easy earth power on the u-turn or roost
|
|move|p1a: Crobat|Acrobatics|p2a: Nidoqueen
|-damage|p2a: Nidoqueen|0 fnt
|faint|p2a: Nidoqueen
|
|c| dudman|xd
|c|âxMarth|damn dudman get these things right plx
|c|âDonphantastic|we dont play around w\/ threats
|
|switch|p2a: Hydreigon|Hydreigon, F|325\/325
|-damage|p2a: Hydreigon|285\/325|[from] Stealth Rock
|turn|13
|leave|Rat99
|join|Bob the Bro
|
|move|p2a: Hydreigon|Dark Pulse|p1a: Crobat
|-damage|p1a: Crobat|0 fnt
|faint|p1a: Crobat
|
|
|switch|p1a: Lucario|Lucario, F|175\/281
|-damage|p1a: Lucario|167\/281|[from] Stealth Rock
|turn|14
|c| Bob the Bro|is that what i think it is
|
|move|p2a: Hydreigon|Dark Pulse|p1a: Lucario
|-resisted|p1a: Lucario
|-damage|p1a: Lucario|71\/281
|move|p1a: Lucario|Close Combat|p2a: Hydreigon
|-supereffective|p2a: Hydreigon
|-damage|p2a: Hydreigon|0 fnt
|-unboost|p1a: Lucario|def|1
|-unboost|p1a: Lucario|spd|1
|-damage|p1a: Lucario|43\/281|[from] item: Life Orb
|faint|p2a: Hydreigon
|
|
|switch|p2a: Jirachi|Jirachi, shiny|353\/353
|-damage|p2a: Jirachi|331\/353|[from] Stealth Rock
|turn|15
|leave|secret kekleon
|
|move|p2a: Jirachi|Moonblast|p1a: Lucario
|-damage|p1a: Lucario|0 fnt
|faint|p1a: Lucario
|
|-heal|p2a: Jirachi|353\/353|[from] item: Leftovers
|
|switch|p1a: Swampert|Swampert, M|404\/404
|-damage|p1a: Swampert|379\/404|[from] Stealth Rock
|turn|16
|c|âxMarth|tbh curse pert
|c|âDonphantastic|would win here y\/n
|
|switch|p2a: Umbreon|Umbreon, F|374\/394
|-damage|p2a: Umbreon|325\/394|[from] Stealth Rock
|move|p1a: Swampert|Waterfall|p2a: Umbreon
|-damage|p2a: Umbreon|138\/394
|
|-heal|p2a: Umbreon|162\/394|[from] item: Leftovers
|turn|17
|c|âxMarth|im feeling curse
|
|move|p2a: Umbreon|Protect|p2a: Umbreon
|-singleturn|p2a: Umbreon|Protect
|move|p1a: Swampert|Waterfall|p2a: Umbreon
|-activate|p2a: Umbreon|Protect
|
|-heal|p2a: Umbreon|186\/394|[from] item: Leftovers
|turn|18
|join|Living Proof
|c|âxMarth|mix max dont fail me
|
|move|p2a: Umbreon|Wish|p2a: Umbreon
|move|p1a: Swampert|Waterfall|p2a: Umbreon
|-damage|p2a: Umbreon|6\/394
|
|-heal|p2a: Umbreon|30\/394|[from] item: Leftovers
|turn|19
|
|move|p2a: Umbreon|Protect|p2a: Umbreon
|-singleturn|p2a: Umbreon|Protect
|move|p1a: Swampert|Waterfall|p2a: Umbreon
|-activate|p2a: Umbreon|Protect
|
|-heal|p2a: Umbreon|227\/394|[from] move: Wish|[wisher] Umbreon
|-heal|p2a: Umbreon|251\/394|[from] item: Leftovers
|turn|20
|c| Living Proof|In comes the flinch
|
|move|p2a: Umbreon|Wish|p2a: Umbreon
|move|p1a: Swampert|Waterfall|p2a: Umbreon
|-damage|p2a: Umbreon|71\/394
|
|-heal|p2a: Umbreon|95\/394|[from] item: Leftovers
|turn|21
|c|âDonphantastic|need a crit
|c|âxMarth|i outspeed
|
|move|p2a: Umbreon|Protect|p2a: Umbreon
|-singleturn|p2a: Umbreon|Protect
|move|p1a: Swampert|Waterfall|p2a: Umbreon
|-activate|p2a: Umbreon|Protect
|
|-heal|p2a: Umbreon|292\/394|[from] move: Wish|[wisher] Umbreon
|-heal|p2a: Umbreon|316\/394|[from] item: Leftovers
|turn|22
|c|âxMarth|need is strong word 
|c|âDonphantastic|note to self
|c|âxMarth|lets not need crit
|c|âDonphantastic|creep on umby
|
|switch|p1a: Vaporeon|Vaporeon, F|464\/464
|-damage|p1a: Vaporeon|406\/464|[from] Stealth Rock
|move|p2a: Umbreon|Wish|p2a: Umbreon
|
|-heal|p2a: Umbreon|340\/394|[from] item: Leftovers
|-heal|p1a: Vaporeon|435\/464|[from] item: Leftovers
|turn|23
|c|âxMarth|creep on creeped umby imo
|c| Living Proof|Too bad Cursepert isn't a thing anymore
|
|switch|p2a: Crobat|Crobat, F|264\/325
|-damage|p2a: Crobat|183\/325|[from] Stealth Rock
|move|p1a: Vaporeon|Wish|p1a: Vaporeon
|
|-heal|p2a: Crobat|325\/325|[from] move: Wish|[wisher] Umbreon
|-heal|p1a: Vaporeon|464\/464|[from] item: Leftovers
|turn|24
|c|âDonphantastic|It would be so win here
|
|switch|p1a: Swampert|Swampert, M|379\/404
|-damage|p1a: Swampert|354\/404|[from] Stealth Rock
|move|p2a: Crobat|Brave Bird|p1a: Swampert
|-damage|p1a: Swampert|179\/404
|-damage|p2a: Crobat|267\/325|[from] recoil|[of] p1a: Swampert
|
|-heal|p1a: Swampert|404\/404|[from] move: Wish|[wisher] Vaporeon
|-heal|p2a: Crobat|287\/325|[from] item: Black Sludge
|turn|25
|
|move|p2a: Crobat|Brave Bird|p1a: Swampert
|-damage|p1a: Swampert|226\/404
|-damage|p2a: Crobat|228\/325|[from] recoil|[of] p1a: Swampert
|move|p1a: Swampert|Waterfall|p2a: Crobat
|-damage|p2a: Crobat|0 fnt
|faint|p2a: Crobat
|
|
|switch|p2a: Umbreon|Umbreon, F|340\/394
|-damage|p2a: Umbreon|291\/394|[from] Stealth Rock
|turn|26
|
|switch|p1a: Vaporeon|Vaporeon, F|464\/464
|-damage|p1a: Vaporeon|406\/464|[from] Stealth Rock
|move|p2a: Umbreon|Foul Play|p1a: Vaporeon
|-damage|p1a: Vaporeon|333\/464
|
|-heal|p2a: Umbreon|315\/394|[from] item: Leftovers
|-heal|p1a: Vaporeon|362\/464|[from] item: Leftovers
|turn|27
|
|move|p2a: Umbreon|Wish|p2a: Umbreon
|move|p1a: Vaporeon|Wish|p1a: Vaporeon
|
|-heal|p2a: Umbreon|339\/394|[from] item: Leftovers
|-heal|p1a: Vaporeon|391\/464|[from] item: Leftovers
|turn|28
|c|âxMarth|toxic me plz
|
|move|p2a: Umbreon|Foul Play|p1a: Vaporeon
|-damage|p1a: Vaporeon|325\/464
|move|p1a: Vaporeon|Baton Pass|p1a: Vaporeon
|
|switch|p1a: Swampert|Swampert, M|226\/404
|-damage|p1a: Swampert|201\/404|[from] Stealth Rock
|
|-heal|p2a: Umbreon|394\/394|[from] move: Wish|[wisher] Umbreon
|-heal|p1a: Swampert|404\/404|[from] move: Wish|[wisher] Vaporeon
|turn|29
|
|move|p2a: Umbreon|Foul Play|p1a: Swampert
|-damage|p1a: Swampert|232\/404
|move|p1a: Swampert|Earthquake|p2a: Umbreon
|-damage|p2a: Umbreon|165\/394
|
|-heal|p2a: Umbreon|189\/394|[from] item: Leftovers
|turn|30
|
|move|p2a: Umbreon|Foul Play|p1a: Swampert
|-damage|p1a: Swampert|51\/404
|move|p1a: Swampert|Earthquake|p2a: Umbreon
|-damage|p2a: Umbreon|0 fnt
|faint|p2a: Umbreon
|
|
|switch|p2a: Jirachi|Jirachi, shiny|353\/353
|-damage|p2a: Jirachi|331\/353|[from] Stealth Rock
|turn|31
|
|move|p2a: Jirachi|Psyshock|p1a: Swampert
|-damage|p1a: Swampert|0 fnt
|faint|p1a: Swampert
|
|-heal|p2a: Jirachi|353\/353|[from] item: Leftovers
|c|âxMarth|be weak swine pillows
|
|switch|p1a: Piloswine|Piloswine, M|283\/404
|-damage|p1a: Piloswine|233\/404|[from] Stealth Rock
|turn|32
|
|move|p2a: Jirachi|Psyshock|p1a: Piloswine
|-damage|p1a: Piloswine|142\/404
|move|p1a: Piloswine|Earthquake|p2a: Jirachi
|-supereffective|p2a: Jirachi
|-damage|p2a: Jirachi|5\/353
|
|-heal|p2a: Jirachi|27\/353|[from] item: Leftovers
|turn|33
|c|âxMarth|oh wow
|c|âDonphantastic|oml
|
|move|p1a: Piloswine|Ice Shard|p2a: Jirachi
|-resisted|p2a: Jirachi
|-damage|p2a: Jirachi|0 fnt
|faint|p2a: Jirachi
|
|win|Donphantastic
|leave|xMarth
|player|p2
|leave|Living Proof