|join|DMT
|join|xMarth
|player|p1|DMT|184
|player|p2|xMarth|153
|gametype|singles
|gen|6
|tier|UU
|rule|Sleep Clause Mod: Limit one foe put to sleep
|rule|Species Clause: Limit one of each PokÃ©mon
|rule|OHKO Clause: OHKO moves are banned
|rule|Moody Clause: Moody is banned
|rule|Evasion Moves Clause: Evasion moves are banned
|rule|Endless Battle Clause: Forcing endless battles is banned
|rule|HP Percentage Mod: HP is shown in percentages
|clearpoke
|poke|p1|Machamp, F
|poke|p1|Aerodactyl, M
|poke|p1|Chandelure, M
|poke|p1|Tentacruel, F
|poke|p1|Krookodile, F
|poke|p1|Alomomola, M
|poke|p2|Togekiss, F, shiny
|poke|p2|Alakazam, M
|poke|p2|Krookodile, M
|poke|p2|Empoleon, M
|poke|p2|Arcanine, F
|poke|p2|Whimsicott, F
|rule|Swagger Clause: Swagger is banned
|rule|Baton Pass Clause: Limit one PokÃ©mon knowing Baton Pass
|teampreview
|join|watfor
|join|ElNovaDragone
|join|Eyan
|join|Ill leave
|c|âxMarth|ooo
|c|âDMT|???
|join|Cyndequil
|c|âxMarth|idea is all
|
|start
|switch|p1a: Alomomola|Alomomola, M|481\/481
|switch|p2a: Krookodile|Krookodile, M|331\/331
|-ability|p2a: Krookodile|Intimidate|[of] p1a: Alomomola
|-unboost|p1a: Alomomola|atk|1
|turn|1
|join|kmoose
|
|switch|p2a: Empoleon|Empoleon, M|372\/372
|move|p1a: Alomomola|Scald|p2a: Empoleon
|-crit|p2a: Empoleon
|-resisted|p2a: Empoleon
|-damage|p2a: Empoleon|349\/372
|
|-heal|p2a: Empoleon|372\/372|[from] item: Leftovers
|turn|2
|join|veludwig
|c|âDMT|dmg
|
|move|p1a: Alomomola|Scald|p2a: Empoleon
|-resisted|p2a: Empoleon
|-damage|p2a: Empoleon|354\/372
|-status|p2a: Empoleon|brn
|move|p2a: Empoleon|Stealth Rock|p1a: Alomomola
|-sidestart|p1: DMT|move: Stealth Rock
|
|-heal|p2a: Empoleon|372\/372 brn|[from] item: Leftovers
|-damage|p2a: Empoleon|326\/372 brn|[from] brn
|turn|3
|join|Kyla's Nightmare
|
|switch|p2a: Togekiss|Togekiss, F, shiny|373\/373
|move|p1a: Alomomola|Wish|p1a: Alomomola
|
|turn|4
|join|talkingtree
|join|newfren
|
|move|p2a: Togekiss|Nasty Plot|p2a: Togekiss
|-boost|p2a: Togekiss|spa|2
|move|p1a: Alomomola|Scald|p2a: Togekiss
|-damage|p2a: Togekiss|336\/373
|
|-heal|p2a: Togekiss|359\/373|[from] item: Leftovers
|turn|5
|c| newfren|dmt just luck your way out of this battle
|c|âDMT|I'm trying
|c|âxMarth|nope too late
|join|Colbrushie
|
|move|p2a: Togekiss|Baton Pass|p2a: Togekiss
|
|switch|p2a: Alakazam|Alakazam, M|251\/251
|move|p1a: Alomomola|Mirror Coat|p2a: Alakazam
|-fail|p2a: Alakazam
|
|turn|6
|c|âDMT|lame
|c|âDMT|ruse revealed
|c| Colbrushie|ogre
|c| Colbrushie|ogre
|c| Colbrushie|ogre
|c| newfren|that is terrifying
|
|detailschange|p2a: Alakazam|Alakazam-Mega, M
|message|Alakazam has Mega Evolved into Mega Alakazam!
|-ability|p2a: Alakazam|Regenerator|[from] ability: Trace|[of] p1a: Alomomola
|move|p2a: Alakazam|Psychic|p1a: Alomomola
|-damage|p1a: Alomomola|0 fnt
|faint|p1a: Alomomola
|
|join|Yellow Skarmory
|
|switch|p1a: Machamp|Machamp, F|341\/341
|-damage|p1a: Machamp|320\/341|[from] Stealth Rock
|turn|7
|c| Colbrushie|o g r e
|
|move|p1a: Machamp|Bullet Punch|p2a: Alakazam
|-damage|p2a: Alakazam|145\/251
|move|p2a: Alakazam|Psychic|p1a: Machamp
|-supereffective|p1a: Machamp
|-damage|p1a: Machamp|0 fnt
|faint|p1a: Machamp
|
|
|switch|p1a: Aerodactyl|Aerodactyl, M|321\/321
|-damage|p1a: Aerodactyl|241\/321|[from] Stealth Rock
|-ability|p1a: Aerodactyl|Unnerve|p2: xMarth
|turn|8
|c| Yellow Skarmory|k y o g r e
|join|Suckadik Chicken
|c| newfren|xmarth switch out
|c|âDMT|if I had have
|c| newfren|to gen regen
|c| Cyndequil|so borked
|c|âDMT|megad
|c| Yellow Skarmory|k y o g r e
|c|âxMarth|hope your max jolly
|
|detailschange|p1a: Aerodactyl|Aerodactyl-Mega, M
|message|Aerodactyl has Mega Evolved into Mega Aerodactyl!
|move|p2a: Alakazam|Psychic|p1a: Aerodactyl
|-damage|p1a: Aerodactyl|0 fnt
|faint|p1a: Aerodactyl
|
|c| Colbrushie|ogre
|
|switch|p1a: Tentacruel|Tentacruel, F|363\/363
|-damage|p1a: Tentacruel|318\/363|[from] Stealth Rock
|turn|9
|c|âDMT|WELP
|c| Yellow Skarmory|k y O G R E
|
|move|p2a: Alakazam|Psychic|p1a: Tentacruel
|-crit|p1a: Tentacruel
|-supereffective|p1a: Tentacruel
|-damage|p1a: Tentacruel|0 fnt
|faint|p1a: Tentacruel
|
|c| Yellow Skarmory|k y O G R E
|
|switch|p1a: Chandelure|Chandelure, M|293\/293
|-damage|p1a: Chandelure|220\/293|[from] Stealth Rock
|turn|10
|c| Yellow Skarmory|k y O G R E
|c| Yellow Skarmory|k y O G R E
|join|gobosox
|c| Yellow Skarmory|k y O G R E
|c| Yellow Skarmory|k y O G R E
|c| Yellow Skarmory|k y O G R E
|c|âDMT|GOOD THING ZAM ISN"T BORK
|
|move|p2a: Alakazam|Shadow Ball|p1a: Chandelure
|-supereffective|p1a: Chandelure
|-damage|p1a: Chandelure|0 fnt
|faint|p1a: Chandelure
|
|c| gobosox|oh shit
|c|âDMT|I guess really I just need a scarfer
|c| newfren|>implying zam was the problem
|
|switch|p1a: Krookodile|Krookodile, F|331\/331
|-damage|p1a: Krookodile|311\/331|[from] Stealth Rock
|-ability|p1a: Krookodile|Intimidate|[of] p2a: Alakazam
|-unboost|p2a: Alakazam|atk|1
|turn|11
|c| Colbrushie|you need
|c| Yellow Skarmory|M8 IF KROOK KILLS
|c|âxMarth|rachi checks this am i right
|c| Colbrushie|acupressure drapion
|
|move|p2a: Alakazam|Dazzling Gleam|p1a: Krookodile
|-supereffective|p1a: Krookodile
|-damage|p1a: Krookodile|0 fnt
|faint|p1a: Krookodile
|
|win|xMarth
|c|âDMT|gg!
|c| Suckadik Chicken|xmarth win finals pls
|leave|talkingtree
|leave|DMT
|player|p1
|leave|newfren
|c| Ill leave|wow 
|c|âxMarth|gg
|c| Yellow Skarmory|you need accypressure shucklebuckle
|leave|Yellow Skarmory
|leave|ElNovaDragone
|leave|veludwig
|c| Ill leave|that was quick 
|leave|Cyndequil
|leave|xMarth
|player|p2
|leave|gobosox
|leave|Eyan
|leave|Colbrushie