|join|xMarth
|join|Donkii
|player|p1|xMarth|153
|player|p2|Donkii|239
|gametype|singles
|gen|6
|tier|UU
|rated
|rule|Sleep Clause Mod: Limit one foe put to sleep
|rule|Species Clause: Limit one of each PokÃ©mon
|rule|OHKO Clause: OHKO moves are banned
|rule|Moody Clause: Moody is banned
|rule|Evasion Moves Clause: Evasion moves are banned
|rule|Endless Battle Clause: Forcing endless battles is banned
|rule|HP Percentage Mod: HP is shown in percentages
|clearpoke
|poke|p1|Umbreon, F
|poke|p1|Gligar, F
|poke|p1|Tentacruel, F
|poke|p1|Jirachi
|poke|p1|Hydreigon, M
|poke|p1|Raikou
|poke|p2|Nidoking, M, shiny
|poke|p2|Aerodactyl, M
|poke|p2|Hydreigon, M
|poke|p2|Empoleon, F
|poke|p2|Cofagrigus, F, shiny
|poke|p2|Whimsicott, F
|rule|Swagger Clause: Swagger is banned
|rule|Baton Pass Clause: Limit one PokÃ©mon knowing Baton Pass
|teampreview
|
|start
|switch|p1a: Jirachi|Jirachi|341\/341
|switch|p2a: Cofagrigus|Cofagrigus, F, shiny|319\/319
|turn|1
|
|move|p1a: Jirachi|U-turn|p2a: Cofagrigus
|-resisted|p2a: Cofagrigus
|-damage|p2a: Cofagrigus|299\/319
|-endability|p1a: Jirachi|serenegrace|[from] Mummy
|-ability|p1a: Jirachi|Mummy|[from] Mummy
|
|switch|p1a: Umbreon|Umbreon, F|394\/394
|move|p2a: Cofagrigus|Will-O-Wisp|p1a: Umbreon
|-status|p1a: Umbreon|brn
|-status|p2a: Cofagrigus|brn
|
|-heal|p2a: Cofagrigus|318\/319 brn|[from] item: Leftovers
|-damage|p1a: Umbreon|345\/394 brn|[from] brn
|-damage|p2a: Cofagrigus|279\/319 brn|[from] brn
|turn|2
|
|switch|p2a: Empoleon|Empoleon, F|371\/371
|move|p1a: Umbreon|Heal Bell|p1a: Umbreon
|-cureteam|p1a: Umbreon|[from] move: HealBell
|
|-heal|p1a: Umbreon|369\/394|[from] item: Leftovers
|turn|3
|
|switch|p1a: Tentacruel|Tentacruel, F|364\/364
|move|p2a: Empoleon|Scald|p1a: Tentacruel
|-resisted|p1a: Tentacruel
|-damage|p1a: Tentacruel|322\/364
|
|-heal|p1a: Tentacruel|344\/364|[from] item: Black Sludge
|turn|4
|
|move|p1a: Tentacruel|Toxic Spikes|p2a: Empoleon
|-sidestart|p2: Donkii|move: Toxic Spikes
|move|p2a: Empoleon|Scald|p1a: Tentacruel
|-resisted|p1a: Tentacruel
|-damage|p1a: Tentacruel|304\/364
|
|-heal|p1a: Tentacruel|326\/364|[from] item: Black Sludge
|turn|5
|
|switch|p1a: Umbreon|Umbreon, F|369\/394
|move|p2a: Empoleon|Scald|p1a: Umbreon
|-damage|p1a: Umbreon|303\/394
|
|-heal|p1a: Umbreon|327\/394|[from] item: Leftovers
|turn|6
|
|switch|p1a: Raikou|Raikou|331\/331
|-ability|p1a: Raikou|Pressure
|move|p2a: Empoleon|Toxic|p1a: Raikou
|-status|p1a: Raikou|tox
|
|-damage|p1a: Raikou|311\/331 tox|[from] psn
|turn|7
|
|switch|p1a: Umbreon|Umbreon, F|327\/394
|move|p2a: Empoleon|Defog|p1a: Umbreon
|-unboost|p1a: Umbreon|evasion|1
|-sideend|p2: Donkii|Toxic Spikes|[from] move: Defog|[of] p2a: Empoleon
|
|-heal|p1a: Umbreon|351\/394|[from] item: Leftovers
|turn|8
|
|switch|p1a: Tentacruel|Tentacruel, F|326\/364
|move|p2a: Empoleon|Stealth Rock|p1a: Tentacruel
|-sidestart|p1: xMarth|move: Stealth Rock
|
|-heal|p1a: Tentacruel|348\/364|[from] item: Black Sludge
|turn|9
|
|move|p1a: Tentacruel|Rapid Spin|p2a: Empoleon
|-resisted|p2a: Empoleon
|-damage|p2a: Empoleon|366\/371
|-sideend|p1: xMarth|Stealth Rock|[from] move: Rapid Spin|[of] p1a: Tentacruel
|move|p2a: Empoleon|Scald|p1a: Tentacruel
|-crit|p1a: Tentacruel
|-resisted|p1a: Tentacruel
|-damage|p1a: Tentacruel|284\/364
|
|-heal|p1a: Tentacruel|306\/364|[from] item: Black Sludge
|-heal|p2a: Empoleon|371\/371|[from] item: Leftovers
|turn|10
|
|switch|p1a: Umbreon|Umbreon, F|351\/394
|move|p2a: Empoleon|Stealth Rock|p1a: Umbreon
|-sidestart|p1: xMarth|move: Stealth Rock
|
|-heal|p1a: Umbreon|375\/394|[from] item: Leftovers
|turn|11
|
|switch|p1a: Tentacruel|Tentacruel, F|306\/364
|-damage|p1a: Tentacruel|261\/364|[from] Stealth Rock
|switch|p2a: Whimsicott|Whimsicott, F|261\/261
|
|-heal|p1a: Tentacruel|283\/364|[from] item: Black Sludge
|turn|12
|
|switch|p2a: Aerodactyl|Aerodactyl, M|301\/301
|-ability|p2a: Aerodactyl|Unnerve|p1: xMarth
|move|p1a: Tentacruel|Rapid Spin|p2a: Aerodactyl
|-resisted|p2a: Aerodactyl
|-damage|p2a: Aerodactyl|294\/301
|-sideend|p1: xMarth|Stealth Rock|[from] move: Rapid Spin|[of] p1a: Tentacruel
|
|-heal|p1a: Tentacruel|305\/364|[from] item: Black Sludge
|turn|13
|
|detailschange|p2a: Aerodactyl|Aerodactyl-Mega, M
|-mega|p2a: Aerodactyl|Aerodactyl|Aerodactylite
|move|p2a: Aerodactyl|Stone Edge|p1a: Tentacruel|[miss]
|-miss|p2a: Aerodactyl|p1a: Tentacruel
|move|p1a: Tentacruel|Scald|p2a: Aerodactyl
|-supereffective|p2a: Aerodactyl
|-damage|p2a: Aerodactyl|132\/301
|
|-heal|p1a: Tentacruel|327\/364|[from] item: Black Sludge
|turn|14
|
|move|p2a: Aerodactyl|Earthquake|p1a: Tentacruel
|-supereffective|p1a: Tentacruel
|-damage|p1a: Tentacruel|111\/364
|move|p1a: Tentacruel|Scald|p2a: Aerodactyl
|-supereffective|p2a: Aerodactyl
|-damage|p2a: Aerodactyl|0 fnt
|faint|p2a: Aerodactyl
|
|-heal|p1a: Tentacruel|133\/364|[from] item: Black Sludge
|
|switch|p2a: Nidoking|Nidoking, M, shiny|303\/303
|turn|15
|
|switch|p1a: Umbreon|Umbreon, F|375\/394
|move|p2a: Nidoking|Ice Beam|p1a: Umbreon
|-damage|p1a: Umbreon|281\/394
|
|-heal|p1a: Umbreon|305\/394|[from] item: Leftovers
|turn|16
|
|move|p2a: Nidoking|Sludge Wave|p1a: Umbreon
|-damage|p1a: Umbreon|153\/394
|move|p1a: Umbreon|Wish|p1a: Umbreon
|
|-heal|p1a: Umbreon|177\/394|[from] item: Leftovers
|turn|17
|
|move|p1a: Umbreon|Protect|p1a: Umbreon
|-singleturn|p1a: Umbreon|Protect
|move|p2a: Nidoking|Superpower|p1a: Umbreon
|-activate|p1a: Umbreon|Protect
|
|-heal|p1a: Umbreon|374\/394|[from] move: Wish|[wisher] Umbreon
|-heal|p1a: Umbreon|394\/394|[from] item: Leftovers
|turn|18
|
|move|p2a: Nidoking|Sludge Wave|p1a: Umbreon
|-damage|p1a: Umbreon|242\/394
|move|p1a: Umbreon|Wish|p1a: Umbreon
|
|-heal|p1a: Umbreon|266\/394|[from] item: Leftovers
|turn|19
|
|switch|p1a: Tentacruel|Tentacruel, F|133\/364
|move|p2a: Nidoking|Earth Power|p1a: Tentacruel
|-supereffective|p1a: Tentacruel
|-damage|p1a: Tentacruel|0 fnt
|faint|p1a: Tentacruel
|
|
|switch|p1a: Hydreigon|Hydreigon, M|325\/325
|turn|20
|
|switch|p2a: Whimsicott|Whimsicott, F|261\/261
|move|p1a: Hydreigon|Draco Meteor|p2a: Whimsicott
|-immune|p2a: Whimsicott|[msg]
|
|turn|21
|
|switch|p1a: Jirachi|Jirachi|341\/341
|move|p2a: Whimsicott|Leech Seed|p1a: Jirachi
|-start|p1a: Jirachi|move: Leech Seed
|
|-damage|p1a: Jirachi|299\/341|[from] Leech Seed|[of] p2a: Whimsicott
|turn|22
|
|switch|p2a: Empoleon|Empoleon, F|371\/371
|move|p1a: Jirachi|U-turn|p2a: Empoleon
|-resisted|p2a: Empoleon
|-damage|p2a: Empoleon|341\/371
|
|switch|p1a: Hydreigon|Hydreigon, M|325\/325
|
|-heal|p2a: Empoleon|364\/371|[from] item: Leftovers
|turn|23
|
|move|p1a: Hydreigon|Dark Pulse|p2a: Empoleon
|-damage|p2a: Empoleon|203\/371
|-damage|p1a: Hydreigon|293\/325|[from] item: Life Orb
|move|p2a: Empoleon|Toxic|p1a: Hydreigon
|-status|p1a: Hydreigon|tox
|
|-heal|p2a: Empoleon|226\/371|[from] item: Leftovers
|-damage|p1a: Hydreigon|273\/325 tox|[from] psn
|turn|24
|
|move|p1a: Hydreigon|Superpower|p2a: Empoleon
|-supereffective|p2a: Empoleon
|-damage|p2a: Empoleon|18\/371
|-unboost|p1a: Hydreigon|atk|1
|-unboost|p1a: Hydreigon|def|1
|-damage|p1a: Hydreigon|241\/325 tox|[from] item: Life Orb
|move|p2a: Empoleon|Stealth Rock|p1a: Hydreigon
|-sidestart|p1: xMarth|move: Stealth Rock
|
|-heal|p2a: Empoleon|41\/371|[from] item: Leftovers
|-damage|p1a: Hydreigon|201\/325 tox|[from] psn
|turn|25
|
|move|p1a: Hydreigon|Dark Pulse|p2a: Empoleon
|-damage|p2a: Empoleon|0 fnt
|-damage|p1a: Hydreigon|169\/325 tox|[from] item: Life Orb
|faint|p2a: Empoleon
|
|-damage|p1a: Hydreigon|109\/325 tox|[from] psn
|
|switch|p2a: Whimsicott|Whimsicott, F|261\/261
|turn|26
|
|move|p2a: Whimsicott|Moonblast|p1a: Hydreigon
|-supereffective|p1a: Hydreigon
|-damage|p1a: Hydreigon|0 fnt
|-damage|p2a: Whimsicott|235\/261|[from] item: Life Orb
|faint|p1a: Hydreigon
|
|
|switch|p1a: Jirachi|Jirachi|299\/341
|-damage|p1a: Jirachi|278\/341|[from] Stealth Rock
|turn|27
|
|switch|p2a: Cofagrigus|Cofagrigus, F, shiny|279\/319 brn
|move|p1a: Jirachi|Trick|p2a: Cofagrigus
|-activate|p1a: Jirachi|move: Trick|[of] p2a: Cofagrigus
|-item|p2a: Cofagrigus|Choice Scarf|[from] move: Trick
|-item|p1a: Jirachi|Leftovers|[from] move: Trick
|
|-heal|p1a: Jirachi|299\/341|[from] item: Leftovers
|-damage|p2a: Cofagrigus|240\/319 brn|[from] brn
|turn|28
|
|move|p1a: Jirachi|U-turn|p2a: Cofagrigus
|-resisted|p2a: Cofagrigus
|-damage|p2a: Cofagrigus|218\/319 brn
|-endability|p1a: Jirachi|serenegrace|[from] Mummy
|-ability|p1a: Jirachi|Mummy|[from] Mummy
|
|switch|p1a: Umbreon|Umbreon, F|266\/394
|-damage|p1a: Umbreon|217\/394|[from] Stealth Rock
|move|p2a: Cofagrigus|Toxic Spikes|p1a: Umbreon
|-sidestart|p1: xMarth|move: Toxic Spikes
|
|-heal|p1a: Umbreon|241\/394|[from] item: Leftovers
|-damage|p2a: Cofagrigus|179\/319 brn|[from] brn
|turn|29
|
|switch|p2a: Whimsicott|Whimsicott, F|235\/261
|move|p1a: Umbreon|Wish|p1a: Umbreon
|
|-heal|p1a: Umbreon|265\/394|[from] item: Leftovers
|turn|30
|
|move|p1a: Umbreon|Protect|p1a: Umbreon
|-singleturn|p1a: Umbreon|Protect
|move|p2a: Whimsicott|Leech Seed|p1a: Umbreon
|-activate|p1a: Umbreon|Protect
|
|-heal|p1a: Umbreon|394\/394|[from] move: Wish|[wisher] Umbreon
|turn|31
|
|switch|p2a: Hydreigon|Hydreigon, M|325\/325
|switch|p1a: Gligar|Gligar, F|333\/333
|-damage|p1a: Gligar|292\/333|[from] Stealth Rock
|
|turn|32
|
|move|p2a: Hydreigon|Taunt|p1a: Gligar
|-start|p1a: Gligar|move: Taunt
|cant|p1a: Gligar|move: Taunt|Roost
|
|turn|33
|
|move|p2a: Hydreigon|Dark Pulse|p1a: Gligar
|-damage|p1a: Gligar|166\/333
|move|p1a: Gligar|U-turn|p2a: Hydreigon
|-supereffective|p2a: Hydreigon
|-damage|p2a: Hydreigon|227\/325
|
|switch|p1a: Jirachi|Jirachi|299\/341
|-damage|p1a: Jirachi|278\/341|[from] Stealth Rock
|
|-heal|p1a: Jirachi|299\/341|[from] item: Leftovers
|turn|34
|
|move|p1a: Jirachi|U-turn|p2a: Hydreigon
|-supereffective|p2a: Hydreigon
|-damage|p2a: Hydreigon|67\/325
|
|switch|p1a: Gligar|Gligar, F|166\/333
|-damage|p1a: Gligar|125\/333|[from] Stealth Rock
|move|p2a: Hydreigon|Roost|p2a: Hydreigon
|-heal|p2a: Hydreigon|230\/325
|
|turn|35
|
|move|p2a: Hydreigon|Dark Pulse|p1a: Gligar
|-crit|p1a: Gligar
|-damage|p1a: Gligar|0 fnt
|faint|p1a: Gligar
|
|
|switch|p1a: Jirachi|Jirachi|299\/341
|-damage|p1a: Jirachi|278\/341|[from] Stealth Rock
|turn|36
|
|switch|p2a: Cofagrigus|Cofagrigus, F, shiny|179\/319 brn
|move|p1a: Jirachi|Iron Head|p2a: Cofagrigus
|-damage|p2a: Cofagrigus|110\/319 brn
|-endability|p1a: Jirachi|serenegrace|[from] Mummy
|-ability|p1a: Jirachi|Mummy|[from] Mummy
|
|-heal|p1a: Jirachi|299\/341|[from] item: Leftovers
|-damage|p2a: Cofagrigus|71\/319 brn|[from] brn
|turn|37
|
|move|p1a: Jirachi|U-turn|p2a: Cofagrigus
|-resisted|p2a: Cofagrigus
|-damage|p2a: Cofagrigus|51\/319 brn
|
|switch|p1a: Umbreon|Umbreon, F|394\/394
|-status|p1a: Umbreon|psn
|-damage|p1a: Umbreon|345\/394 psn|[from] Stealth Rock
|move|p2a: Cofagrigus|Shadow Ball|p1a: Umbreon
|-resisted|p1a: Umbreon
|-damage|p1a: Umbreon|317\/394 psn
|
|-heal|p1a: Umbreon|341\/394 psn|[from] item: Leftovers
|-damage|p1a: Umbreon|292\/394 psn|[from] psn
|-damage|p2a: Cofagrigus|12\/319 brn|[from] brn
|turn|38
|
|switch|p2a: Hydreigon|Hydreigon, M|230\/325
|move|p1a: Umbreon|Heal Bell|p1a: Umbreon
|-cureteam|p1a: Umbreon|[from] move: HealBell
|
|-heal|p1a: Umbreon|316\/394|[from] item: Leftovers
|turn|39
|
|move|p2a: Hydreigon|Dark Pulse|p1a: Umbreon
|-resisted|p1a: Umbreon
|-damage|p1a: Umbreon|271\/394
|move|p1a: Umbreon|Foul Play|p2a: Hydreigon
|-resisted|p2a: Hydreigon
|-damage|p2a: Hydreigon|172\/325
|
|-heal|p1a: Umbreon|295\/394|[from] item: Leftovers
|turn|40
|
|switch|p1a: Raikou|Raikou|311\/331
|-status|p1a: Raikou|psn
|-damage|p1a: Raikou|270\/331 psn|[from] Stealth Rock
|-ability|p1a: Raikou|Pressure
|move|p2a: Hydreigon|Roost|p2a: Hydreigon
|-heal|p2a: Hydreigon|325\/325
|
|-heal|p1a: Raikou|290\/331 psn|[from] item: Leftovers
|-damage|p1a: Raikou|249\/331 psn|[from] psn
|turn|41
|
|move|p1a: Raikou|Hidden Power|p2a: Hydreigon
|-supereffective|p2a: Hydreigon
|-damage|p2a: Hydreigon|169\/325
|move|p2a: Hydreigon|Draco Meteor|p1a: Raikou
|-damage|p1a: Raikou|0 fnt
|-unboost|p2a: Hydreigon|spa|2
|faint|p1a: Raikou
|
|
|switch|p1a: Jirachi|Jirachi|299\/341
|-damage|p1a: Jirachi|278\/341|[from] Stealth Rock
|turn|42
|
|switch|p2a: Cofagrigus|Cofagrigus, F, shiny|12\/319 brn
|move|p1a: Jirachi|Trick|p2a: Cofagrigus
|-activate|p1a: Jirachi|move: Trick|[of] p2a: Cofagrigus
|-item|p2a: Cofagrigus|Leftovers|[from] move: Trick
|-item|p1a: Jirachi|Choice Scarf|[from] move: Trick
|
|-heal|p2a: Cofagrigus|31\/319 brn|[from] item: Leftovers
|-damage|p2a: Cofagrigus|0 fnt|[from] brn
|faint|p2a: Cofagrigus
|
|switch|p2a: Whimsicott|Whimsicott, F|235\/261
|turn|43
|
|move|p2a: Whimsicott|Tailwind|p2a: Whimsicott
|-sidestart|p2: Donkii|move: Tailwind
|move|p1a: Jirachi|Iron Head|p2a: Whimsicott
|-supereffective|p2a: Whimsicott
|-damage|p2a: Whimsicott|0 fnt
|faint|p2a: Whimsicott
|
|
|switch|p2a: Nidoking|Nidoking, M, shiny|303\/303
|turn|44
|
|switch|p1a: Umbreon|Umbreon, F|295\/394
|-damage|p1a: Umbreon|246\/394|[from] Stealth Rock
|-status|p1a: Umbreon|psn
|move|p2a: Nidoking|Earth Power|p1a: Umbreon
|-damage|p1a: Umbreon|117\/394 psn
|
|-heal|p1a: Umbreon|141\/394 psn|[from] item: Leftovers
|-damage|p1a: Umbreon|92\/394 psn|[from] psn
|turn|45
|
|move|p1a: Umbreon|Protect|p1a: Umbreon
|-singleturn|p1a: Umbreon|Protect
|move|p2a: Nidoking|Earth Power|p1a: Umbreon
|-activate|p1a: Umbreon|Protect
|
|-heal|p1a: Umbreon|116\/394 psn|[from] item: Leftovers
|-damage|p1a: Umbreon|67\/394 psn|[from] psn
|turn|46
|
|move|p1a: Umbreon|Protect|p1a: Umbreon
|-fail|p1a: Umbreon
|move|p2a: Nidoking|Earth Power|p1a: Umbreon
|-damage|p1a: Umbreon|0 fnt
|faint|p1a: Umbreon
|
|-sideend|p2: Donkii|move: Tailwind
|
|switch|p1a: Jirachi|Jirachi|278\/341
|-damage|p1a: Jirachi|257\/341|[from] Stealth Rock
|turn|47
|
|move|p1a: Jirachi|Iron Head|p2a: Nidoking
|-damage|p2a: Nidoking|131\/303
|cant|p2a: Nidoking|flinch
|
|turn|48
|
|move|p1a: Jirachi|Iron Head|p2a: Nidoking
|-damage|p2a: Nidoking|0 fnt
|faint|p2a: Nidoking
|
|
|switch|p2a: Hydreigon|Hydreigon, M|169\/325
|turn|49
|
|move|p1a: Jirachi|Iron Head|p2a: Hydreigon
|-damage|p2a: Hydreigon|30\/325
|cant|p2a: Hydreigon|flinch
|
|turn|50
|c|âDonkii|gg
|
|move|p1a: Jirachi|Iron Head|p2a: Hydreigon
|-crit|p2a: Hydreigon
|-damage|p2a: Hydreigon|0 fnt
|faint|p2a: Hydreigon
|
|win|xMarth
|raw|Ladder updating...
|c|âxMarth|gg
|c|âDonkii|fuckn rachi
|raw|xMarth's rating: 1549 &rarr; <strong>1566<\/strong><br \/>(+17 for winning)
|raw|Donkii's rating: 1493 &rarr; <strong>1476<\/strong><br \/>(-17 for losing)
|leave|xMarth