|join|xMarth
|join|SmashBrosBrawl
|player|p1|xMarth|153
|player|p2|SmashBrosBrawl|2
|gametype|singles
|gen|6
|tier|UU
|rule|Sleep Clause Mod: Limit one foe put to sleep
|rule|Species Clause: Limit one of each PokÃ©mon
|rule|OHKO Clause: OHKO moves are banned
|rule|Moody Clause: Moody is banned
|rule|Evasion Moves Clause: Evasion moves are banned
|rule|Endless Battle Clause: Forcing endless battles is banned
|rule|HP Percentage Mod: HP is shown in percentages
|clearpoke
|poke|p1|Cobalion
|poke|p1|Aerodactyl, M
|poke|p1|Celebi
|poke|p1|Qwilfish, M
|poke|p1|Krookodile, M
|poke|p1|Chandelure, F
|poke|p2|Regice
|poke|p2|Swampert, F
|poke|p2|Lucario, F
|poke|p2|Crobat, F
|poke|p2|Forretress, M
|poke|p2|Hydreigon, F
|rule|Swagger Clause: Swagger is banned
|rule|Baton Pass Clause: Limit one PokÃ©mon knowing Baton Pass
|teampreview
|c|âSmashBrosBrawl|0 megas now
|c|âxMarth|megas are cheating anyway
|
|start
|switch|p1a: Cobalion|Cobalion|323\/323
|switch|p2a: Hydreigon|Hydreigon, F|325\/325
|turn|1
|
|move|p2a: Hydreigon|U-turn|p1a: Cobalion
|-resisted|p1a: Cobalion
|-damage|p1a: Cobalion|312\/323
|join|IAmGingy
|
|switch|p2a: Forretress|Forretress, M|354\/354
|move|p1a: Cobalion|Close Combat|p2a: Forretress
|-damage|p2a: Forretress|264\/354
|-unboost|p1a: Cobalion|def|1
|-unboost|p1a: Cobalion|spd|1
|
|-heal|p1a: Cobalion|323\/323|[from] item: Leftovers
|-heal|p2a: Forretress|286\/354|[from] item: Leftovers
|turn|2
|c|âxMarth|thank god its not specs
|c|âSmashBrosBrawl|i dont use that garb
|
|move|p1a: Cobalion|Substitute|p1a: Cobalion
|-start|p1a: Cobalion|Substitute
|-damage|p1a: Cobalion|243\/323
|move|p2a: Forretress|Spikes|p1a: Cobalion
|-sidestart|p1: xMarth|Spikes
|
|-heal|p1a: Cobalion|263\/323|[from] item: Leftovers
|-heal|p2a: Forretress|308\/354|[from] item: Leftovers
|turn|3
|c|âSmashBrosBrawl|i break this sub
|c|âSmashBrosBrawl|tbh
|
|move|p1a: Cobalion|Swords Dance|p1a: Cobalion
|-boost|p1a: Cobalion|atk|2
|move|p2a: Forretress|Volt Switch|p1a: Cobalion
|-activate|p1a: Cobalion|Substitute|[damage]
|c|âxMarth|n
|c|âSmashBrosBrawl|bs
|
|switch|p2a: Crobat|Crobat, F|359\/359
|
|-heal|p1a: Cobalion|283\/323|[from] item: Leftovers
|turn|4
|
|move|p2a: Crobat|Brave Bird|p1a: Cobalion
|-damage|p1a: Cobalion|115\/323
|-damage|p2a: Crobat|304\/359|[from] recoil|[of] p1a: Cobalion
|move|p1a: Cobalion|Iron Head|p2a: Crobat
|-damage|p2a: Crobat|39\/359
|
|-heal|p2a: Crobat|61\/359|[from] item: Black Sludge
|-heal|p1a: Cobalion|135\/323|[from] item: Leftovers
|turn|5
|
|move|p2a: Crobat|Brave Bird|p1a: Cobalion
|-damage|p1a: Cobalion|0 fnt
|-damage|p2a: Crobat|16\/359|[from] recoil|[of] p1a: Cobalion
|faint|p1a: Cobalion
|
|-heal|p2a: Crobat|38\/359|[from] item: Black Sludge
|c|âSmashBrosBrawl|infiltrated
|
|switch|p1a: Aerodactyl|Aerodactyl, M|301\/301
|-ability|p1a: Aerodactyl|Pressure
|turn|6
|
|switch|p2a: Swampert|Swampert, F|404\/404
|detailschange|p1a: Aerodactyl|Aerodactyl-Mega, M
|-mega|p1a: Aerodactyl|Aerodactyl|Aerodactylite
|move|p1a: Aerodactyl|Taunt|p2a: Swampert
|-start|p2a: Swampert|move: Taunt
|
|turn|7
|
|switch|p1a: Celebi|Celebi|404\/404
|-damage|p1a: Celebi|354\/404|[from] Spikes
|switch|p2a: Hydreigon|Hydreigon, F|325\/325
|
|-heal|p1a: Celebi|379\/404|[from] item: Leftovers
|turn|8
|join|ult toenail
|
|move|p2a: Hydreigon|Dark Pulse|p1a: Celebi
|-supereffective|p1a: Celebi
|-damage|p1a: Celebi|193\/404
|move|p1a: Celebi|Stealth Rock|p2a: Hydreigon
|-sidestart|p2: SmashBrosBrawl|move: Stealth Rock
|
|-heal|p1a: Celebi|218\/404|[from] item: Leftovers
|turn|9
|c|âSmashBrosBrawl|not fair
|c|âSmashBrosBrawl|u have legends
|
|switch|p1a: Krookodile|Krookodile, M|331\/331
|-damage|p1a: Krookodile|290\/331|[from] Spikes
|-ability|p1a: Krookodile|Intimidate|[of] p2a: Hydreigon
|-unboost|p2a: Hydreigon|atk|1
|move|p2a: Hydreigon|Dark Pulse|p1a: Krookodile
|-resisted|p1a: Krookodile
|-damage|p1a: Krookodile|200\/331
|
|turn|10
|
|switch|p2a: Crobat|Crobat, F|38\/359
|-damage|p2a: Crobat|0 fnt|[from] Stealth Rock
|faint|p2a: Crobat
|move|p1a: Krookodile|Knock Off|p2: Crobat|[notarget]
|-notarget
|
|
|switch|p2a: Hydreigon|Hydreigon, F|325\/325
|-damage|p2a: Hydreigon|285\/325|[from] Stealth Rock
|turn|11
|
|move|p2a: Hydreigon|Draco Meteor|p1a: Krookodile
|-damage|p1a: Krookodile|0 fnt
|-unboost|p2a: Hydreigon|spa|2
|faint|p1a: Krookodile
|
|
|switch|p1a: Aerodactyl|Aerodactyl-Mega, M|301\/301
|turn|12
|
|switch|p2a: Forretress|Forretress, M|308\/354
|-damage|p2a: Forretress|264\/354|[from] Stealth Rock
|switch|p1a: Celebi|Celebi|218\/404
|-damage|p1a: Celebi|168\/404|[from] Spikes
|
|-heal|p1a: Celebi|193\/404|[from] item: Leftovers
|-heal|p2a: Forretress|286\/354|[from] item: Leftovers
|turn|13
|c|âSmashBrosBrawl|got em
|
|move|p1a: Celebi|Recover|p1a: Celebi
|-heal|p1a: Celebi|395\/404
|move|p2a: Forretress|Spikes|p1a: Celebi
|-sidestart|p1: xMarth|Spikes
|
|-heal|p1a: Celebi|404\/404|[from] item: Leftovers
|-heal|p2a: Forretress|308\/354|[from] item: Leftovers
|turn|14
|
|switch|p1a: Chandelure|Chandelure, F|289\/289
|-damage|p1a: Chandelure|241\/289|[from] Spikes
|move|p2a: Forretress|Volt Switch|p1a: Chandelure
|-damage|p1a: Chandelure|204\/289
|
|switch|p2a: Hydreigon|Hydreigon, F|285\/325
|-damage|p2a: Hydreigon|245\/325|[from] Stealth Rock
|
|turn|15
|c|âxMarth|vs is bad
|c|âSmashBrosBrawl|n
|
|move|p2a: Hydreigon|Dark Pulse|p1a: Chandelure
|-supereffective|p1a: Chandelure
|-damage|p1a: Chandelure|0 fnt
|faint|p1a: Chandelure
|
|
|switch|p1a: Aerodactyl|Aerodactyl-Mega, M|301\/301
|turn|16
|c|âSmashBrosBrawl|the cock
|c|âSmashBrosBrawl|clock*
|c|âSmashBrosBrawl|is ticking
|c|âSmashBrosBrawl|for regice
|
|switch|p2a: Forretress|Forretress, M|308\/354
|-damage|p2a: Forretress|264\/354|[from] Stealth Rock
|move|p1a: Aerodactyl|Stone Edge|p2a: Forretress|[miss]
|-miss|p1a: Aerodactyl|p2a: Forretress
|
|-heal|p2a: Forretress|286\/354|[from] item: Leftovers
|turn|17
|c|âxMarth|game is forfeit now hax
|
|move|p1a: Aerodactyl|Stone Edge|p2a: Forretress|[miss]
|-miss|p1a: Aerodactyl|p2a: Forretress
|move|p2a: Forretress|Rapid Spin|p1a: Aerodactyl
|-resisted|p1a: Aerodactyl
|-damage|p1a: Aerodactyl|293\/301
|-sideend|p2: SmashBrosBrawl|Stealth Rock|[from] move: Rapid Spin|[of] p2a: Forretress
|
|-heal|p2a: Forretress|308\/354|[from] item: Leftovers
|turn|18
|c|âSmashBrosBrawl|i kinda have 416 def
|
|switch|p1a: Qwilfish|Qwilfish, M|333\/333
|-damage|p1a: Qwilfish|278\/333|[from] Spikes
|-ability|p1a: Qwilfish|Intimidate|[of] p2a: Forretress
|-unboost|p2a: Forretress|atk|1
|move|p2a: Forretress|Volt Switch|p1a: Qwilfish
|-crit|p1a: Qwilfish
|-supereffective|p1a: Qwilfish
|-damage|p1a: Qwilfish|90\/333
|
|switch|p2a: Hydreigon|Hydreigon, F|245\/325
|
|-heal|p1a: Qwilfish|110\/333|[from] item: Black Sludge
|turn|19
|c|âxMarth|3 straight turns of bs
|
|move|p2a: Hydreigon|Dark Pulse|p1a: Qwilfish
|-damage|p1a: Qwilfish|0 fnt
|faint|p1a: Qwilfish
|
|c|âxMarth|and that was flinch\/10
|join|Eyan
|
|switch|p1a: Aerodactyl|Aerodactyl-Mega, M|293\/301
|turn|20
|leave|Eyan
|
|switch|p2a: Forretress|Forretress, M|308\/354
|move|p1a: Aerodactyl|Aerial Ace|p2a: Forretress
|-damage|p2a: Forretress|229\/354
|
|-heal|p2a: Forretress|251\/354|[from] item: Leftovers
|turn|21
|
|move|p1a: Aerodactyl|Stone Edge|p2a: Forretress
|-damage|p2a: Forretress|148\/354
|move|p2a: Forretress|Gyro Ball|p1a: Aerodactyl
|-supereffective|p1a: Aerodactyl
|-damage|p1a: Aerodactyl|0 fnt
|faint|p1a: Aerodactyl
|
|-heal|p2a: Forretress|170\/354|[from] item: Leftovers
|
|switch|p1a: Celebi|Celebi|404\/404
|-damage|p1a: Celebi|337\/404|[from] Spikes
|turn|22
|c|âSmashBrosBrawl|its time
|
|move|p1a: Celebi|Stealth Rock|p2a: Forretress
|-sidestart|p2: SmashBrosBrawl|move: Stealth Rock
|move|p2a: Forretress|Volt Switch|p1a: Celebi
|-resisted|p1a: Celebi
|-damage|p1a: Celebi|324\/404
|c|âxMarth|it wont even break bi
|c|âSmashBrosBrawl|bs
|
|switch|p2a: Regice|Regice|301\/301
|-damage|p2a: Regice|226\/301|[from] Stealth Rock
|
|-heal|p1a: Celebi|349\/404|[from] item: Leftovers
|turn|23
|
|move|p1a: Celebi|Perish Song|p1a: Celebi
|-fieldactivate|move: Perish Song
|move|p2a: Regice|Rock Polish|p2a: Regice
|-boost|p2a: Regice|spe|2
|
|-start|p2a: Regice|perish3
|-start|p1a: Celebi|perish3
|-heal|p1a: Celebi|374\/404|[from] item: Leftovers
|turn|24
|c|âSmashBrosBrawl|ill show u
|
|move|p2a: Regice|Ice Beam|p1a: Celebi
|-supereffective|p1a: Celebi
|-damage|p1a: Celebi|93\/404
|-damage|p2a: Regice|196\/301|[from] item: Life Orb
|move|p1a: Celebi|Recover|p1a: Celebi
|-heal|p1a: Celebi|295\/404
|
|-start|p2a: Regice|perish2
|-start|p1a: Celebi|perish2
|-heal|p1a: Celebi|320\/404|[from] item: Leftovers
|turn|25
|c|âxMarth|ill kill myslef b4 u kill me
|c|âSmashBrosBrawl|nah
|c|âSmashBrosBrawl|rolls
|
|move|p2a: Regice|Ice Beam|p1a: Celebi
|-supereffective|p1a: Celebi
|-damage|p1a: Celebi|39\/404
|-damage|p2a: Regice|166\/301|[from] item: Life Orb
|move|p1a: Celebi|Recover|p1a: Celebi
|-heal|p1a: Celebi|241\/404
|
|-start|p2a: Regice|perish1
|-start|p1a: Celebi|perish1
|-heal|p1a: Celebi|266\/404|[from] item: Leftovers
|turn|26
|c|âSmashBrosBrawl|g_g
|c|âxMarth|hi rolls there
|
|move|p2a: Regice|Ice Beam|p1a: Celebi
|-supereffective|p1a: Celebi
|-damage|p1a: Celebi|0 fnt
|-damage|p2a: Regice|136\/301|[from] item: Life Orb
|faint|p1a: Celebi
|
|win|SmashBrosBrawl