|join|xMarth
|join|PhillyDieHard11
|player|p1|xMarth|153
|player|p2|PhillyDieHard11|151
|gametype|singles
|gen|6
|tier|UU
|rated
|rule|Sleep Clause Mod: Limit one foe put to sleep
|rule|Species Clause: Limit one of each PokÃ©mon
|rule|OHKO Clause: OHKO moves are banned
|rule|Moody Clause: Moody is banned
|rule|Evasion Moves Clause: Evasion moves are banned
|rule|Endless Battle Clause: Forcing endless battles is banned
|rule|HP Percentage Mod: HP is shown in percentages
|clearpoke
|poke|p1|Whimsicott, M
|poke|p1|Victreebel, M
|poke|p1|Entei, shiny
|poke|p1|Uxie
|poke|p1|Heliolisk, F
|poke|p1|Shiftry, F
|poke|p2|Serperior, F
|poke|p2|Beedrill, M
|poke|p2|Tentacruel, F
|poke|p2|Swampert, F
|poke|p2|Porygon-Z
|poke|p2|Honchkrow, M
|rule|Swagger Clause: Swagger is banned
|rule|Baton Pass Clause: Limit one PokÃ©mon knowing Baton Pass
|teampreview
|
|start
|switch|p1a: Shiftry|Shiftry, F|321\/321
|switch|p2a: Beedrill|Beedrill, M|271\/271
|turn|1
|
|detailschange|p2a: Beedrill|Beedrill-Mega, M
|-mega|p2a: Beedrill|Beedrill|Beedrillite
|move|p1a: Shiftry|Sucker Punch|p2a: Beedrill
|-damage|p2a: Beedrill|0 fnt
|-damage|p1a: Shiftry|289\/321|[from] item: Life Orb
|faint|p2a: Beedrill
|
|
|switch|p2a: Serperior|Serperior, F|354\/354
|turn|2
|
|move|p2a: Serperior|Leaf Storm|p1a: Shiftry
|-resisted|p1a: Shiftry
|-damage|p1a: Shiftry|204\/321
|-boost|p2a: Serperior|spa|2
|move|p1a: Shiftry|Knock Off|p2a: Serperior
|-damage|p2a: Serperior|206\/354
|-enditem|p2a: Serperior|Assault Vest|[from] move: Knock Off|[of] p1a: Shiftry
|-damage|p1a: Shiftry|172\/321|[from] item: Life Orb
|
|turn|3
|
|move|p1a: Shiftry|Sucker Punch|p2a: Serperior
|-damage|p2a: Serperior|73\/354
|-damage|p1a: Shiftry|140\/321|[from] item: Life Orb
|move|p2a: Serperior|Hidden Power|p1a: Shiftry
|-supereffective|p1a: Shiftry
|-damage|p1a: Shiftry|0 fnt
|faint|p1a: Shiftry
|
|
|switch|p1a: Entei|Entei, shiny|371\/371
|-ability|p1a: Entei|Pressure
|turn|4
|
|switch|p2a: Swampert|Swampert, F|401\/401
|move|p1a: Entei|Extreme Speed|p2a: Swampert
|-damage|p2a: Swampert|307\/401
|-damage|p1a: Entei|334\/371|[from] item: Life Orb
|
|-heal|p2a: Swampert|332\/401|[from] item: Leftovers
|turn|5
|
|switch|p1a: Whimsicott|Whimsicott, M|323\/323
|move|p2a: Swampert|Stealth Rock|p1a: Whimsicott
|-sidestart|p1: xMarth|move: Stealth Rock
|
|-heal|p2a: Swampert|357\/401|[from] item: Leftovers
|turn|6
|
|switch|p2a: Serperior|Serperior, F|73\/354
|move|p1a: Whimsicott|Sunny Day|p1a: Whimsicott
|-weather|SunnyDay
|
|-weather|SunnyDay|[upkeep]
|turn|7
|
|move|p1a: Whimsicott|Moonblast|p2a: Serperior
|-damage|p2a: Serperior|0 fnt
|faint|p2a: Serperior
|
|-weather|SunnyDay|[upkeep]
|
|switch|p2a: Porygon-Z|Porygon-Z|311\/311
|-boost|p2a: Porygon-Z|spa|1|[from] ability: Download
|turn|8
|
|move|p2a: Porygon-Z|Tri Attack|p1a: Whimsicott
|-damage|p1a: Whimsicott|20\/323
|move|p1a: Whimsicott|Moonblast|p2a: Porygon-Z
|-damage|p2a: Porygon-Z|200\/311
|-unboost|p2a: Porygon-Z|spa|1
|
|-weather|SunnyDay|[upkeep]
|turn|9
|
|move|p1a: Whimsicott|Memento|p2a: Porygon-Z
|-unboost|p2a: Porygon-Z|atk|2
|-unboost|p2a: Porygon-Z|spa|2
|faint|p1a: Whimsicott
|move|p2a: Porygon-Z|Tri Attack|p1: Whimsicott|[notarget]
|-notarget
|
|-weather|SunnyDay|[upkeep]
|
|switch|p1a: Victreebel|Victreebel, M|301\/301
|-damage|p1a: Victreebel|264\/301|[from] Stealth Rock
|turn|10
|
|switch|p2a: Swampert|Swampert, F|357\/401
|move|p1a: Victreebel|Solar Beam|p2a: Swampert|[still]
|-prepare|p1a: Victreebel|Solar Beam|p2a: Swampert
|-anim|p1a: Victreebel|Solar Beam|p2a: Swampert
|-supereffective|p2a: Swampert
|-damage|p2a: Swampert|0 fnt
|-damage|p1a: Victreebel|234\/301|[from] item: Life Orb
|faint|p2a: Swampert
|
|-weather|SunnyDay|[upkeep]
|
|switch|p2a: Honchkrow|Honchkrow, M|341\/341
|turn|11
|
|move|p1a: Victreebel|Weather Ball|p2a: Honchkrow
|-damage|p2a: Honchkrow|16\/341
|-damage|p1a: Victreebel|204\/301|[from] item: Life Orb
|move|p2a: Honchkrow|Brave Bird|p1a: Victreebel
|-supereffective|p1a: Victreebel
|-damage|p1a: Victreebel|0 fnt
|-damage|p2a: Honchkrow|0 fnt|[from] recoil|[of] p1a: Victreebel
|faint|p1a: Victreebel
|faint|p2a: Honchkrow
|
|-weather|SunnyDay|[upkeep]
|
|switch|p2a: Porygon-Z|Porygon-Z|200\/311
|switch|p1a: Heliolisk|Heliolisk, F|265\/265
|-boost|p2a: Porygon-Z|atk|1|[from] ability: Download
|-damage|p1a: Heliolisk|232\/265|[from] Stealth Rock
|turn|12
|
|move|p2a: Porygon-Z|Tri Attack|p1a: Heliolisk
|-damage|p1a: Heliolisk|55\/265
|move|p1a: Heliolisk|Volt Switch|p2a: Porygon-Z
|-damage|p2a: Porygon-Z|0 fnt
|faint|p2a: Porygon-Z
|-message|PhillyDieHard11 forfeited.
|leave|PhillyDieHard11
|
|switch|p1a: Entei|Entei, shiny|334\/371
|-damage|p1a: Entei|242\/371|[from] Stealth Rock
|-ability|p1a: Entei|Pressure
|
|-weather|SunnyDay|[upkeep]
|
|win|xMarth
|raw|Ladder updating...
|player|p2
|raw|xMarth's rating: 1596 &rarr; <strong>1607<\/strong><br \/>(+11 for winning)
|raw|PhillyDieHard11's rating: 1431 &rarr; <strong>1420<\/strong><br \/>(-11 for losing)
|leave|xMarth
|player|p1
|join|xMarth