|join|FlederMau5
|join|xMarth
|player|p1|FlederMau5|169
|player|p2|xMarth|153
|gametype|singles
|gen|6
|tier|UU
|rated
|rule|Sleep Clause Mod: Limit one foe put to sleep
|rule|Species Clause: Limit one of each PokÃ©mon
|rule|OHKO Clause: OHKO moves are banned
|rule|Moody Clause: Moody is banned
|rule|Evasion Moves Clause: Evasion moves are banned
|rule|Endless Battle Clause: Forcing endless battles is banned
|rule|HP Percentage Mod: HP is shown in percentages
|clearpoke
|poke|p1|Celebi
|poke|p1|Noivern, M
|poke|p1|Swampert, M
|poke|p1|Umbreon, M, shiny
|poke|p1|Entei, shiny
|poke|p1|Forretress, F
|poke|p2|Umbreon, F
|poke|p2|Gligar, F
|poke|p2|Tentacruel, M
|poke|p2|Jirachi
|poke|p2|Hydreigon, F
|poke|p2|Raikou
|rule|Swagger Clause: Swagger is banned
|rule|Baton Pass Clause: Limit one PokÃ©mon knowing Baton Pass
|teampreview
|join|satkat
|
|start
|switch|p1a: The Kipper|Swampert, M|404\/404
|switch|p2a: Tentacruel|Tentacruel, M|364\/364
|turn|1
|
|move|p2a: Tentacruel|Toxic Spikes|p1a: The Kipper
|-sidestart|p1: FlederMau5|move: Toxic Spikes
|move|p1a: The Kipper|Stealth Rock|p2a: Tentacruel
|-sidestart|p2: xMarth|move: Stealth Rock
|
|turn|2
|
|switch|p2a: Hydreigon|Hydreigon, F|325\/325
|-damage|p2a: Hydreigon|285\/325|[from] Stealth Rock
|switch|p1a: FlederMau5|Noivern, M|311\/311
|
|turn|3
|
|switch|p2a: Jirachi|Jirachi|341\/341
|-damage|p2a: Jirachi|320\/341|[from] Stealth Rock
|move|p1a: FlederMau5|Draco Meteor|p2a: Jirachi
|-resisted|p2a: Jirachi
|-damage|p2a: Jirachi|177\/341
|-unboost|p1a: FlederMau5|spa|2
|
|turn|4
|
|switch|p1a: Gyro-wall|Forretress, F|354\/354
|move|p2a: Jirachi|U-turn|p1a: Gyro-wall
|-resisted|p1a: Gyro-wall
|-damage|p1a: Gyro-wall|327\/354
|
|switch|p2a: Hydreigon|Hydreigon, F|285\/325
|-damage|p2a: Hydreigon|245\/325|[from] Stealth Rock
|
|-heal|p1a: Gyro-wall|349\/354|[from] item: Leftovers
|turn|5
|
|move|p2a: Hydreigon|Dark Pulse|p1a: Gyro-wall
|-damage|p1a: Gyro-wall|168\/354
|-damage|p2a: Hydreigon|213\/325|[from] item: Life Orb
|move|p1a: Gyro-wall|Volt Switch|p2a: Hydreigon
|-resisted|p2a: Hydreigon
|-damage|p2a: Hydreigon|192\/325
|
|switch|p1a: FlederMau5|Noivern, M|311\/311
|
|turn|6
|
|switch|p2a: Umbreon|Umbreon, F|394\/394
|-damage|p2a: Umbreon|345\/394|[from] Stealth Rock
|move|p1a: FlederMau5|Draco Meteor|p2a: Umbreon
|-damage|p2a: Umbreon|171\/394
|-unboost|p1a: FlederMau5|spa|2
|
|-heal|p2a: Umbreon|195\/394|[from] item: Leftovers
|turn|7
|
|switch|p1a: Gyro-wall|Forretress, F|168\/354
|move|p2a: Umbreon|Foul Play|p1a: Gyro-wall
|-damage|p1a: Gyro-wall|93\/354
|
|-heal|p2a: Umbreon|219\/394|[from] item: Leftovers
|-heal|p1a: Gyro-wall|115\/354|[from] item: Leftovers
|turn|8
|
|switch|p1a: FlederMau5|Noivern, M|311\/311
|move|p2a: Umbreon|Foul Play|p1a: FlederMau5
|-damage|p1a: FlederMau5|227\/311
|
|-heal|p2a: Umbreon|243\/394|[from] item: Leftovers
|turn|9
|
|move|p2a: Umbreon|Protect|p2a: Umbreon
|-singleturn|p2a: Umbreon|Protect
|move|p1a: FlederMau5|Switcheroo|p2a: Umbreon
|-activate|p2a: Umbreon|Protect
|
|-heal|p2a: Umbreon|267\/394|[from] item: Leftovers
|turn|10
|join|waiv
|c| waiv|MARTHHHH
|c| waiv|hi
|c|âxMarth|hi
|leave|waiv
|
|switch|p2a: Jirachi|Jirachi|177\/341
|-damage|p2a: Jirachi|156\/341|[from] Stealth Rock
|move|p1a: FlederMau5|Switcheroo|p2a: Jirachi
|-activate|p1a: FlederMau5|move: Trick|[of] p2a: Jirachi
|-item|p2a: Jirachi|Choice Specs|[from] Trick
|-item|p1a: FlederMau5|Choice Scarf|[from] Trick
|
|turn|11
|c| satkat|im controlling my fangirling for fleder
|c| satkat|but not anymroe
|c| satkat|I LOVE YOU
|
|move|p1a: FlederMau5|Switcheroo|p2a: Jirachi
|-activate|p1a: FlederMau5|move: Trick|[of] p2a: Jirachi
|-item|p2a: Jirachi|Choice Scarf|[from] Trick
|-item|p1a: FlederMau5|Choice Specs|[from] Trick
|move|p2a: Jirachi|Trick|p1a: FlederMau5
|-activate|p2a: Jirachi|move: Trick|[of] p1a: FlederMau5
|-item|p1a: FlederMau5|Choice Scarf|[from] move: Trick
|-item|p2a: Jirachi|Choice Specs|[from] move: Trick
|
|turn|12
|c|âFlederMau5|XD
|c|âxMarth|nb
|
|move|p1a: FlederMau5|Flamethrower|p2a: Jirachi
|-supereffective|p2a: Jirachi
|-damage|p2a: Jirachi|0 fnt
|faint|p2a: Jirachi
|
|
|switch|p2a: Tentacruel|Tentacruel, M|364\/364
|-damage|p2a: Tentacruel|319\/364|[from] Stealth Rock
|turn|13
|
|switch|p1a: Eco Terrorist|Celebi|341\/341
|-status|p1a: Eco Terrorist|psn
|move|p2a: Tentacruel|Rapid Spin|p1a: Eco Terrorist
|-damage|p1a: Eco Terrorist|330\/341 psn
|-sideend|p2: xMarth|Stealth Rock|[from] move: Rapid Spin|[of] p2a: Tentacruel
|
|-heal|p1a: Eco Terrorist|341\/341 psn|[from] item: Leftovers
|-heal|p2a: Tentacruel|341\/364|[from] item: Black Sludge
|-damage|p1a: Eco Terrorist|299\/341 psn|[from] psn
|turn|14
|
|switch|p1a: FlederMau5|Noivern, M|227\/311
|switch|p2a: Gligar|Gligar, F|333\/333
|
|turn|15
|
|move|p1a: FlederMau5|Switcheroo|p2a: Gligar
|-activate|p1a: FlederMau5|move: Trick|[of] p2a: Gligar
|-item|p2a: Gligar|Choice Scarf|[from] Trick
|-item|p1a: FlederMau5|Eviolite|[from] Trick
|move|p2a: Gligar|Stealth Rock|p1a: FlederMau5
|-sidestart|p1: FlederMau5|move: Stealth Rock
|
|turn|16
|
|switch|p2a: Tentacruel|Tentacruel, M|341\/364
|move|p1a: FlederMau5|Hurricane|p2a: Tentacruel
|-damage|p2a: Tentacruel|211\/364
|
|-heal|p2a: Tentacruel|233\/364|[from] item: Black Sludge
|turn|17
|
|switch|p1a: Gyro-wall|Forretress, F|115\/354
|-damage|p1a: Gyro-wall|71\/354|[from] Stealth Rock
|switch|p2a: Gligar|Gligar, F|333\/333
|
|-heal|p1a: Gyro-wall|93\/354|[from] item: Leftovers
|turn|18
|
|move|p2a: Gligar|Earthquake|p1a: Gyro-wall
|-damage|p1a: Gyro-wall|24\/354
|move|p1a: Gyro-wall|Rapid Spin|p2a: Gligar
|-damage|p2a: Gligar|323\/333
|-sideend|p1: FlederMau5|Toxic Spikes|[from] move: Rapid Spin|[of] p1a: Gyro-wall
|-sideend|p1: FlederMau5|Stealth Rock|[from] move: Rapid Spin|[of] p1a: Gyro-wall
|
|-heal|p1a: Gyro-wall|46\/354|[from] item: Leftovers
|turn|19
|
|switch|p2a: Tentacruel|Tentacruel, M|233\/364
|switch|p1a: The Kipper|Swampert, M|404\/404
|
|-heal|p2a: Tentacruel|255\/364|[from] item: Black Sludge
|turn|20
|
|move|p2a: Tentacruel|Toxic Spikes|p1a: The Kipper
|-sidestart|p1: FlederMau5|move: Toxic Spikes
|move|p1a: The Kipper|Earthquake|p2a: Tentacruel
|-supereffective|p2a: Tentacruel
|-damage|p2a: Tentacruel|0 fnt
|faint|p2a: Tentacruel
|
|
|switch|p2a: Hydreigon|Hydreigon, F|192\/325
|turn|21
|
|switch|p1a: Cheshire|Umbreon, M, shiny|394\/394
|-status|p1a: Cheshire|psn
|move|p2a: Hydreigon|Dark Pulse|p1a: Cheshire
|-resisted|p1a: Cheshire
|-damage|p1a: Cheshire|337\/394 psn
|-damage|p2a: Hydreigon|160\/325|[from] item: Life Orb
|
|-heal|p1a: Cheshire|361\/394 psn|[from] item: Leftovers
|-damage|p1a: Cheshire|312\/394 psn|[from] psn
|turn|22
|
|move|p2a: Hydreigon|Superpower|p1a: Cheshire
|-supereffective|p1a: Cheshire
|-damage|p1a: Cheshire|86\/394 psn
|-unboost|p2a: Hydreigon|atk|1
|-unboost|p2a: Hydreigon|def|1
|-damage|p2a: Hydreigon|128\/325|[from] item: Life Orb
|move|p1a: Cheshire|Wish|p1a: Cheshire
|
|-heal|p1a: Cheshire|110\/394 psn|[from] item: Leftovers
|-damage|p1a: Cheshire|61\/394 psn|[from] psn
|turn|23
|
|switch|p2a: Gligar|Gligar, F|323\/333
|move|p1a: Cheshire|Foul Play|p2a: Gligar
|-damage|p2a: Gligar|257\/333
|
|-heal|p1a: Cheshire|258\/394 psn|[from] move: Wish|[wisher] Cheshire
|-heal|p1a: Cheshire|282\/394 psn|[from] item: Leftovers
|-damage|p1a: Cheshire|233\/394 psn|[from] psn
|turn|24
|
|switch|p1a: The Kipper|Swampert, M|404\/404
|-status|p1a: The Kipper|psn
|move|p2a: Gligar|U-turn|p1a: The Kipper
|-damage|p1a: The Kipper|371\/404 psn
|
|switch|p2a: Hydreigon|Hydreigon, F|128\/325
|
|-heal|p1a: The Kipper|396\/404 psn|[from] item: Leftovers
|-damage|p1a: The Kipper|346\/404 psn|[from] psn
|turn|25
|
|move|p2a: Hydreigon|Draco Meteor|p1a: The Kipper
|-damage|p1a: The Kipper|33\/404 psn
|-unboost|p2a: Hydreigon|spa|2
|-damage|p2a: Hydreigon|96\/325|[from] item: Life Orb
|move|p1a: The Kipper|Stealth Rock|p2a: Hydreigon
|-sidestart|p2: xMarth|move: Stealth Rock
|
|-heal|p1a: The Kipper|58\/404 psn|[from] item: Leftovers
|-damage|p1a: The Kipper|8\/404 psn|[from] psn
|turn|26
|
|switch|p2a: Umbreon|Umbreon, F|267\/394
|-damage|p2a: Umbreon|218\/394|[from] Stealth Rock
|move|p1a: The Kipper|Scald|p2a: Umbreon
|-damage|p2a: Umbreon|143\/394
|
|-heal|p2a: Umbreon|167\/394|[from] item: Leftovers
|-heal|p1a: The Kipper|33\/404 psn|[from] item: Leftovers
|-damage|p1a: The Kipper|0 fnt|[from] psn
|faint|p1a: The Kipper
|
|switch|p1a: 420 Blaze it|Entei, shiny|371\/371
|-status|p1a: 420 Blaze it|psn
|-ability|p1a: 420 Blaze it|Pressure
|turn|27
|
|move|p2a: Umbreon|Protect|p2a: Umbreon
|-singleturn|p2a: Umbreon|Protect
|move|p1a: 420 Blaze it|Sacred Fire|p2a: Umbreon
|-activate|p2a: Umbreon|Protect
|
|-heal|p2a: Umbreon|191\/394|[from] item: Leftovers
|-damage|p1a: 420 Blaze it|325\/371 psn|[from] psn
|turn|28
|
|switch|p2a: Gligar|Gligar, F|257\/333
|-damage|p2a: Gligar|216\/333|[from] Stealth Rock
|move|p1a: 420 Blaze it|Sacred Fire|p2a: Gligar
|-damage|p2a: Gligar|33\/333
|-status|p2a: Gligar|brn
|
|-damage|p2a: Gligar|0 fnt|[from] brn
|-damage|p1a: 420 Blaze it|279\/371 psn|[from] psn
|faint|p2a: Gligar
|
|switch|p2a: Hydreigon|Hydreigon, F|96\/325
|-damage|p2a: Hydreigon|56\/325|[from] Stealth Rock
|turn|29
|
|switch|p1a: Gyro-wall|Forretress, F|46\/354
|move|p2a: Hydreigon|Draco Meteor|p1a: Gyro-wall
|-resisted|p1a: Gyro-wall
|-damage|p1a: Gyro-wall|0 fnt
|-unboost|p2a: Hydreigon|spa|2
|-damage|p2a: Hydreigon|24\/325|[from] item: Life Orb
|faint|p1a: Gyro-wall
|
|
|switch|p1a: Eco Terrorist|Celebi|299\/341
|-status|p1a: Eco Terrorist|psn
|turn|30
|
|move|p1a: Eco Terrorist|Swords Dance|p1a: Eco Terrorist
|-boost|p1a: Eco Terrorist|atk|2
|move|p2a: Hydreigon|Dark Pulse|p1a: Eco Terrorist
|-crit|p1a: Eco Terrorist
|-supereffective|p1a: Eco Terrorist
|-damage|p1a: Eco Terrorist|0 fnt
|-damage|p2a: Hydreigon|0 fnt|[from] item: Life Orb
|faint|p1a: Eco Terrorist
|faint|p2a: Hydreigon
|
|
|switch|p1a: 420 Blaze it|Entei, shiny|279\/371 psn
|switch|p2a: Umbreon|Umbreon, F|191\/394
|-ability|p1a: 420 Blaze it|Pressure
|-damage|p2a: Umbreon|142\/394|[from] Stealth Rock
|turn|31
|
|move|p2a: Umbreon|Protect|p2a: Umbreon
|-singleturn|p2a: Umbreon|Protect
|move|p1a: 420 Blaze it|Sacred Fire|p2a: Umbreon
|-activate|p2a: Umbreon|Protect
|
|-heal|p2a: Umbreon|166\/394|[from] item: Leftovers
|-damage|p1a: 420 Blaze it|233\/371 psn|[from] psn
|turn|32
|
|move|p2a: Umbreon|Protect|p2a: Umbreon
|-singleturn|p2a: Umbreon|Protect
|move|p1a: 420 Blaze it|Sacred Fire|p2a: Umbreon
|-activate|p2a: Umbreon|Protect
|
|-heal|p2a: Umbreon|190\/394|[from] item: Leftovers
|-damage|p1a: 420 Blaze it|187\/371 psn|[from] psn
|turn|33
|
|move|p2a: Umbreon|Protect|p2a: Umbreon
|-fail|p2a: Umbreon
|move|p1a: 420 Blaze it|Sacred Fire|p2a: Umbreon
|-damage|p2a: Umbreon|0 fnt
|faint|p2a: Umbreon
|
|-damage|p1a: 420 Blaze it|141\/371 psn|[from] psn
|
|switch|p2a: Raikou|Raikou|331\/331
|-damage|p2a: Raikou|290\/331|[from] Stealth Rock
|-ability|p2a: Raikou|Pressure
|turn|34
|
|switch|p1a: FlederMau5|Noivern, M|227\/311
|move|p2a: Raikou|Substitute|p2a: Raikou
|-start|p2a: Raikou|Substitute
|-damage|p2a: Raikou|208\/331
|
|-heal|p2a: Raikou|228\/331|[from] item: Leftovers
|turn|35
|
|move|p1a: FlederMau5|Switcheroo|p2a: Raikou
|-activate|p1a: FlederMau5|move: Trick|[of] p2a: Raikou
|-item|p2a: Raikou|Eviolite|[from] Trick
|-item|p1a: FlederMau5|Leftovers|[from] Trick
|move|p2a: Raikou|Hidden Power|p1a: FlederMau5
|-crit|p1a: FlederMau5
|-supereffective|p1a: FlederMau5
|-damage|p1a: FlederMau5|0 fnt
|faint|p1a: FlederMau5
|
|
|switch|p1a: Cheshire|Umbreon, M, shiny|233\/394 psn
|turn|36
|
|move|p2a: Raikou|Calm Mind|p2a: Raikou
|-boost|p2a: Raikou|spa|1
|-boost|p2a: Raikou|spd|1
|move|p1a: Cheshire|Heal Bell|p1a: Cheshire
|-cureteam|p1a: Cheshire|[from] move: HealBell
|
|-heal|p1a: Cheshire|257\/394|[from] item: Leftovers
|turn|37
|
|move|p2a: Raikou|Thunderbolt|p1a: Cheshire
|-damage|p1a: Cheshire|124\/394
|-status|p1a: Cheshire|par
|move|p1a: Cheshire|Wish|p1a: Cheshire
|
|-heal|p1a: Cheshire|148\/394 par|[from] item: Leftovers
|turn|38
|
|move|p2a: Raikou|Calm Mind|p2a: Raikou
|-boost|p2a: Raikou|spa|1
|-boost|p2a: Raikou|spd|1
|move|p1a: Cheshire|Foul Play|p2a: Raikou
|-end|p2a: Raikou|Substitute
|
|-heal|p1a: Cheshire|345\/394 par|[from] move: Wish|[wisher] Cheshire
|-heal|p1a: Cheshire|369\/394 par|[from] item: Leftovers
|turn|39
|
|move|p2a: Raikou|Thunderbolt|p1a: Cheshire
|-damage|p1a: Cheshire|194\/394 par
|move|p1a: Cheshire|Foul Play|p2a: Raikou
|-damage|p2a: Raikou|131\/331
|
|-heal|p1a: Cheshire|218\/394 par|[from] item: Leftovers
|turn|40
|
|move|p2a: Raikou|Substitute|p2a: Raikou
|-start|p2a: Raikou|Substitute
|-damage|p2a: Raikou|49\/331
|move|p1a: Cheshire|Foul Play|p2a: Raikou
|-end|p2a: Raikou|Substitute
|
|-heal|p1a: Cheshire|242\/394 par|[from] item: Leftovers
|turn|41
|
|move|p2a: Raikou|Thunderbolt|p1a: Cheshire
|-damage|p1a: Cheshire|62\/394 par
|move|p1a: Cheshire|Foul Play|p2a: Raikou
|-damage|p2a: Raikou|0 fnt
|faint|p2a: Raikou
|
|win|FlederMau5
|raw|Ladder updating...
|raw|FlederMau5's rating: 1504 &rarr; <strong>1530<\/strong><br \/>(+26 for winning)
|raw|xMarth's rating: 1608 &rarr; <strong>1582<\/strong><br \/>(-26 for losing)
|leave|xMarth
|player|p2