|join|99ProblemsMyELOis1
|join|I ABR I
|player|p1|99ProblemsMyELOis1|102
|player|p2|I ABR I|291
|gametype|singles
|gen|6
|tier|OU
|rated
|clearpoke
|poke|p1|Gardevoir, F
|poke|p1|Bisharp, M
|poke|p1|Landorus, M
|poke|p1|Latias, F
|poke|p1|Garchomp, F
|poke|p1|Breloom, M
|poke|p2|Celebi
|poke|p2|Alomomola, F
|poke|p2|Heatran, M
|poke|p2|Scizor, M
|poke|p2|Hippowdon, M
|poke|p2|Latios, M
|rule|Swagger Clause: Swagger is banned
|rule|Baton Pass Clause: Limit one PokÃ©mon knowing Baton Pass
|rule|Sleep Clause Mod: Limit one foe put to sleep
|rule|Species Clause: Limit one of each PokÃ©mon
|rule|OHKO Clause: OHKO moves are banned
|rule|Moody Clause: Moody is banned
|rule|Evasion Moves Clause: Evasion moves are banned
|rule|Endless Battle Clause: Forcing endless battles is banned
|rule|HP Percentage Mod: HP is shown in percentages
|teampreview
|
|start
|switch|p1a: Garchomp|Garchomp, F|420\/420
|switch|p2a: Hippowdon|Hippowdon, M|419\/419
|-weather|Sandstorm
|turn|1
|
|move|p1a: Garchomp|Stealth Rock|p2a: Hippowdon
|-sidestart|p2: I ABR I|move: Stealth Rock
|move|p2a: Hippowdon|Stealth Rock|p1a: Garchomp
|-sidestart|p1: 99ProblemsMyELOis1|move: Stealth Rock
|
|-weather|Sandstorm|[upkeep]
|turn|2
|
|move|p1a: Garchomp|Earthquake|p2a: Hippowdon
|-damage|p2a: Hippowdon|317\/419
|move|p2a: Hippowdon|Ice Fang|p1a: Garchomp
|-supereffective|p1a: Garchomp
|-damage|p1a: Garchomp|264\/420
|-damage|p2a: Hippowdon|265\/419|[from] ability: Rough Skin|[of] p1a: Garchomp
|-damage|p2a: Hippowdon|196\/419|[from] item: Rocky Helmet|[of] p1a: Garchomp
|-status|p1a: Garchomp|frz
|
|-weather|Sandstorm|[upkeep]
|-heal|p2a: Hippowdon|222\/419|[from] item: Leftovers
|turn|3
|join|CleanerThanRotom-W
|
|switch|p1a: Breloom|Breloom, M|261\/261
|-damage|p1a: Breloom|245\/261|[from] Stealth Rock
|move|p2a: Hippowdon|Slack Off|p2a: Hippowdon
|-heal|p2a: Hippowdon|419\/419
|
|-weather|Sandstorm|[upkeep]
|-damage|p1a: Breloom|229\/261|[from] sandstorm
|turn|4
|
|switch|p1a: Bisharp|Bisharp, M|271\/271
|-damage|p1a: Bisharp|255\/271|[from] Stealth Rock
|switch|p2a: Celebi|Celebi|403\/403
|-damage|p2a: Celebi|353\/403|[from] Stealth Rock
|
|-weather|Sandstorm|[upkeep]
|-damage|p2a: Celebi|328\/403|[from] sandstorm
|-heal|p2a: Celebi|353\/403|[from] item: Leftovers
|turn|5
|
|move|p1a: Bisharp|Knock Off|p2a: Celebi
|-supereffective|p2a: Celebi
|-damage|p2a: Celebi|0 fnt
|-enditem|p2a: Celebi|Leftovers|[from] move: Knock Off|[of] p1a: Bisharp
|-damage|p1a: Bisharp|228\/271|[from] item: Life Orb
|faint|p2a: Celebi
|
|-weather|none
|c|âI ABR I|some1 is jolly
|c|âI ABR I|and not pursuit
|c|â99ProblemsMyELOis1|;]
|c|âI ABR I|i kinda wanna run more speed now
|leave|CleanerThanRotom-W
|
|switch|p2a: Scizor|Scizor, M|343\/343
|-damage|p2a: Scizor|301\/343|[from] Stealth Rock
|turn|6
|c|â99ProblemsMyELOis1|that freeze is gonna suck
|c|âI ABR I|yea
|
|switch|p1a: Latias|Latias, F|319\/319
|-damage|p1a: Latias|280\/319|[from] Stealth Rock
|detailschange|p2a: Scizor|Scizor-Mega, M
|-mega|p2a: Scizor|Scizor|Scizorite
|move|p2a: Scizor|Brick Break|p1a: Latias
|-resisted|p1a: Latias
|-damage|p1a: Latias|233\/319
|
|turn|7
|
|switch|p1a: Landorus|Landorus, M|319\/319
|-damage|p1a: Landorus|280\/319|[from] Stealth Rock
|switch|p2a: Alomomola|Alomomola, F|501\/501
|-damage|p2a: Alomomola|439\/501|[from] Stealth Rock
|
|-heal|p2a: Alomomola|470\/501|[from] item: Leftovers
|turn|8
|
|switch|p1a: Garchomp|Garchomp, F|264\/420 frz
|-damage|p1a: Garchomp|238\/420 frz|[from] Stealth Rock
|move|p2a: Alomomola|Toxic|p1a: Garchomp
|-fail|p1a: Garchomp
|
|-heal|p2a: Alomomola|501\/501|[from] item: Leftovers
|turn|9
|
|cant|p1a: Garchomp|frz
|move|p2a: Alomomola|Wish|p2a: Alomomola
|
|turn|10
|
|switch|p2a: Hippowdon|Hippowdon, M|419\/419
|-damage|p2a: Hippowdon|393\/419|[from] Stealth Rock
|-weather|Sandstorm
|cant|p1a: Garchomp|frz
|
|-weather|Sandstorm|[upkeep]
|-heal|p2a: Hippowdon|419\/419|[from] move: Wish|[wisher] Alomomola
|turn|11
|
|cant|p1a: Garchomp|frz
|move|p2a: Hippowdon|Earthquake|p1a: Garchomp
|-damage|p1a: Garchomp|136\/420 frz
|
|-weather|Sandstorm|[upkeep]
|turn|12
|
|cant|p1a: Garchomp|frz
|move|p2a: Hippowdon|Earthquake|p1a: Garchomp
|-damage|p1a: Garchomp|45\/420 frz
|
|-weather|Sandstorm|[upkeep]
|turn|13
|
|-curestatus|p1a: Garchomp|frz
|move|p1a: Garchomp|Earthquake|p2a: Hippowdon
|-damage|p2a: Hippowdon|301\/419
|move|p2a: Hippowdon|Earthquake|p1a: Garchomp
|-damage|p1a: Garchomp|0 fnt
|faint|p1a: Garchomp
|
|-weather|Sandstorm|[upkeep]
|-heal|p2a: Hippowdon|327\/419|[from] item: Leftovers
|
|switch|p1a: Breloom|Breloom, M|229\/261
|-damage|p1a: Breloom|213\/261|[from] Stealth Rock
|turn|14
|
|move|p1a: Breloom|Spore|p2a: Hippowdon
|-status|p2a: Hippowdon|slp
|cant|p2a: Hippowdon|slp
|
|-weather|none
|-heal|p2a: Hippowdon|353\/419 slp|[from] item: Leftovers
|turn|15
|
|switch|p2a: Scizor|Scizor-Mega, M|301\/343
|-damage|p2a: Scizor|259\/343|[from] Stealth Rock
|move|p1a: Breloom|Swords Dance|p1a: Breloom
|-boost|p1a: Breloom|atk|2
|
|turn|16
|
|move|p2a: Scizor|Bullet Punch|p1a: Breloom
|-damage|p1a: Breloom|84\/261
|move|p1a: Breloom|Swords Dance|p1a: Breloom
|-boost|p1a: Breloom|atk|2
|
|turn|17
|
|switch|p2a: Hippowdon|Hippowdon, M|353\/419 slp
|-damage|p2a: Hippowdon|327\/419 slp|[from] Stealth Rock
|-weather|Sandstorm
|move|p1a: Breloom|Mach Punch|p2a: Hippowdon
|-damage|p2a: Hippowdon|33\/419 slp
|-damage|p1a: Breloom|58\/261|[from] item: Life Orb
|
|-weather|Sandstorm|[upkeep]
|-damage|p1a: Breloom|42\/261|[from] sandstorm
|-heal|p2a: Hippowdon|59\/419 slp|[from] item: Leftovers
|turn|18
|
|move|p1a: Breloom|Bullet Seed|p2a: Hippowdon
|-supereffective|p2a: Hippowdon
|-damage|p2a: Hippowdon|0 fnt
|-hitcount|p2a: Hippowdon|1
|-damage|p1a: Breloom|16\/261|[from] item: Life Orb
|faint|p2a: Hippowdon
|
|-weather|Sandstorm|[upkeep]
|-damage|p1a: Breloom|0 fnt|[from] sandstorm
|faint|p1a: Breloom
|
|switch|p1a: Landorus|Landorus, M|280\/319
|switch|p2a: Heatran|Heatran, M|327\/327
|-damage|p2a: Heatran|287\/327|[from] Stealth Rock
|-damage|p1a: Landorus|241\/319|[from] Stealth Rock
|turn|19
|
|move|p2a: Heatran|Overheat|p1a: Landorus|[miss]
|-miss|p2a: Heatran|p1a: Landorus
|move|p1a: Landorus|Earth Power|p2a: Heatran
|-supereffective|p2a: Heatran
|-damage|p2a: Heatran|0 fnt
|faint|p2a: Heatran
|
|-weather|Sandstorm|[upkeep]
|c|âI ABR I|fuck
|c|â99ProblemsMyELOis1|sry
|c|âI ABR I|knew it
|
|switch|p2a: Latios|Latios, M|301\/301
|-damage|p2a: Latios|264\/301|[from] Stealth Rock
|turn|20
|
|switch|p1a: Gardevoir|Gardevoir, F|277\/277
|-damage|p1a: Gardevoir|243\/277|[from] Stealth Rock
|-ability|p1a: Gardevoir|Levitate|[from] ability: Trace|[of] p2a: Latios
|move|p2a: Latios|Draco Meteor|p1a: Gardevoir
|-immune|p1a: Gardevoir|[msg]
|
|-weather|Sandstorm|[upkeep]
|-damage|p2a: Latios|246\/301|[from] sandstorm
|-damage|p1a: Gardevoir|226\/277|[from] sandstorm
|turn|21
|
|switch|p2a: Alomomola|Alomomola, F|501\/501
|-damage|p2a: Alomomola|439\/501|[from] Stealth Rock
|detailschange|p1a: Gardevoir|Gardevoir-Mega, F
|-mega|p1a: Gardevoir|Gardevoir|Gardevoirite
|move|p1a: Gardevoir|Hyper Voice|p2a: Alomomola
|-damage|p2a: Alomomola|136\/501
|
|-weather|none
|-heal|p2a: Alomomola|167\/501|[from] item: Leftovers
|turn|22
|
|move|p2a: Alomomola|Protect|p2a: Alomomola
|-singleturn|p2a: Alomomola|Protect
|move|p1a: Gardevoir|Hyper Voice|p2a: Alomomola
|-activate|p2a: Alomomola|Protect
|
|-heal|p2a: Alomomola|198\/501|[from] item: Leftovers
|turn|23
|
|move|p1a: Gardevoir|Hyper Voice|p2a: Alomomola
|-crit|p2a: Alomomola
|-damage|p2a: Alomomola|0 fnt
|faint|p2a: Alomomola
|
|
|switch|p2a: Scizor|Scizor-Mega, M|259\/343
|-damage|p2a: Scizor|217\/343|[from] Stealth Rock
|turn|24
|c|âI ABR I|scarf tran was the win cond too :(
|c|â99ProblemsMyELOis1|yh that miss sucked
|c|âI ABR I|sciz may pull through
|
|move|p1a: Gardevoir|Taunt|p2a: Scizor
|-start|p2a: Scizor|move: Taunt
|cant|p2a: Scizor|move: Taunt|Roost
|
|turn|25
|
|move|p2a: Scizor|Bullet Punch|p1a: Gardevoir
|-supereffective|p1a: Gardevoir
|-damage|p1a: Gardevoir|0 fnt
|faint|p1a: Gardevoir
|
|
|switch|p1a: Latias|Latias, F|233\/319
|-damage|p1a: Latias|194\/319|[from] Stealth Rock
|turn|26
|
|switch|p2a: Latios|Latios, M|246\/301
|-damage|p2a: Latios|209\/301|[from] Stealth Rock
|move|p1a: Latias|Hidden Power|p2a: Latios
|-resisted|p2a: Latios
|-damage|p2a: Latios|173\/301
|-damage|p1a: Latias|163\/319|[from] item: Life Orb
|
|turn|27
|
|move|p1a: Latias|Draco Meteor|p2a: Latios
|-supereffective|p2a: Latios
|-damage|p2a: Latios|0 fnt
|-unboost|p1a: Latias|spa|2
|-damage|p1a: Latias|132\/319|[from] item: Life Orb
|faint|p2a: Latios
|
|c|âI ABR I|nice n speed tie
|
|switch|p2a: Scizor|Scizor-Mega, M|217\/343
|-damage|p2a: Scizor|175\/343|[from] Stealth Rock
|turn|28
|c|âI ABR I|i dont think ur lucky enough tbh
|c|â99ProblemsMyELOis1|i kinda wanted to lose it but w\/e
|
|move|p1a: Latias|Hidden Power|p2a: Scizor
|-supereffective|p2a: Scizor
|-damage|p2a: Scizor|14\/343
|-damage|p1a: Latias|101\/319|[from] item: Life Orb
|move|p2a: Scizor|Roost|p2a: Scizor
|-heal|p2a: Scizor|186\/343
|
|turn|29
|c|âI ABR I|there we
|c|âI ABR I|fucking go
|c|âI ABR I|scizor
|
|move|p1a: Latias|Hidden Power|p2a: Scizor
|-supereffective|p2a: Scizor
|-damage|p2a: Scizor|30\/343
|-damage|p1a: Latias|70\/319|[from] item: Life Orb
|move|p2a: Scizor|Roost|p2a: Scizor
|-heal|p2a: Scizor|202\/343
|
|turn|30
|
|move|p1a: Latias|Hidden Power|p2a: Scizor
|-supereffective|p2a: Scizor
|-damage|p2a: Scizor|36\/343
|-damage|p1a: Latias|39\/319|[from] item: Life Orb
|move|p2a: Scizor|Roost|p2a: Scizor
|-heal|p2a: Scizor|208\/343
|
|turn|31
|c|âI ABR I|get lower rolls
|
|move|p1a: Latias|Hidden Power|p2a: Scizor
|-supereffective|p2a: Scizor
|-damage|p2a: Scizor|57\/343
|-damage|p1a: Latias|8\/319|[from] item: Life Orb
|move|p2a: Scizor|Roost|p2a: Scizor
|-heal|p2a: Scizor|229\/343
|
|turn|32
|c|â99ProblemsMyELOis1|psshhh
|
|move|p1a: Latias|Hidden Power|p2a: Scizor
|-supereffective|p2a: Scizor
|-damage|p2a: Scizor|73\/343
|-damage|p1a: Latias|0 fnt|[from] item: Life Orb
|faint|p1a: Latias
|move|p2a: Scizor|Roost|p2a: Scizor
|-heal|p2a: Scizor|245\/343
|
|
|switch|p1a: Landorus|Landorus, M|241\/319
|-damage|p1a: Landorus|202\/319|[from] Stealth Rock
|turn|33
|
|move|p2a: Scizor|Bullet Punch|p1a: Landorus
|-damage|p1a: Landorus|85\/319
|move|p1a: Landorus|Earth Power|p2a: Scizor
|-damage|p2a: Scizor|0 fnt
|faint|p2a: Scizor
|
|win|99ProblemsMyELOis1
|raw|Ladder updating...
|raw|99ProblemsMyELOis1's rating: 1573 &rarr; <strong>1592<\/strong><br \/>(+19 for winning)
|raw|I ABR I's rating: 1551 &rarr; <strong>1532<\/strong><br \/>(-19 for losing)
|leave|I ABR I
|player|p2
|join|CleanerThanRotom-W