|join|CracKPipeAndy
|join|Haxa
|player|p1|CracKPipeAndy|170
|player|p2|Haxa|279
|gametype|singles
|gen|6
|tier|UU
|rated
|rule|Sleep Clause Mod: Limit one foe put to sleep
|rule|Species Clause: Limit one of each PokÃ©mon
|rule|OHKO Clause: OHKO moves are banned
|rule|Moody Clause: Moody is banned
|rule|Evasion Moves Clause: Evasion moves are banned
|rule|Endless Battle Clause: Forcing endless battles is banned
|rule|HP Percentage Mod: HP is shown in percentages
|clearpoke
|poke|p1|Blastoise, M
|poke|p1|Amoonguss, M, shiny
|poke|p1|Empoleon, M
|poke|p1|Electivire, F, shiny
|poke|p1|Hydreigon, F
|poke|p1|Mienshao, M
|poke|p2|Metagross
|poke|p2|Mienshao, F
|poke|p2|Aerodactyl, M
|poke|p2|Roserade, M
|poke|p2|Suicune
|poke|p2|Florges, F
|rule|Swagger Clause: Swagger is banned
|rule|Baton Pass Clause: Limit one PokÃ©mon knowing Baton Pass
|teampreview
|
|start
|switch|p1a: Liu Kang|Mienshao, M|271\/271
|switch|p2a: Mienshao|Mienshao, F|271\/271
|turn|1
|
|move|p1a: Liu Kang|Fake Out|p2a: Mienshao
|-damage|p2a: Mienshao|185\/271
|-damage|p1a: Liu Kang|244\/271|[from] item: Life Orb
|cant|p2a: Mienshao|flinch
|
|turn|2
|
|switch|p1a: A Fun Guy|Amoonguss, M, shiny|432\/432
|move|p2a: Mienshao|High Jump Kick|p1a: A Fun Guy
|-crit|p1a: A Fun Guy
|-resisted|p1a: A Fun Guy
|-damage|p1a: A Fun Guy|240\/432
|-damage|p2a: Mienshao|158\/271|[from] item: Life Orb
|
|-heal|p1a: A Fun Guy|267\/432|[from] item: Black Sludge
|turn|3
|
|move|p2a: Mienshao|U-turn|p1a: A Fun Guy
|-damage|p1a: A Fun Guy|179\/432
|-damage|p2a: Mienshao|131\/271|[from] item: Life Orb
|
|switch|p2a: Roserade|Roserade, M|261\/261
|move|p1a: A Fun Guy|Synthesis|p1a: A Fun Guy
|-heal|p1a: A Fun Guy|395\/432
|
|-heal|p1a: A Fun Guy|422\/432|[from] item: Black Sludge
|turn|4
|
|move|p2a: Roserade|Hidden Power|p1a: A Fun Guy
|-supereffective|p1a: A Fun Guy
|-damage|p1a: A Fun Guy|40\/432
|move|p1a: A Fun Guy|Sludge Bomb|p2a: Roserade
|-damage|p2a: Roserade|173\/261
|
|-heal|p1a: A Fun Guy|67\/432|[from] item: Black Sludge
|turn|5
|
|switch|p1a: High Dragon|Hydreigon, F|325\/325
|move|p2a: Roserade|Hidden Power|p1a: High Dragon
|-supereffective|p1a: High Dragon
|-damage|p1a: High Dragon|1\/325
|
|turn|6
|
|switch|p2a: Florges|Florges, F|359\/359
|move|p1a: High Dragon|U-turn|p2a: Florges
|-resisted|p2a: Florges
|-damage|p2a: Florges|323\/359
|
|switch|p1a: A Fun Guy|Amoonguss, M, shiny|211\/432
|
|-heal|p2a: Florges|345\/359|[from] item: Leftovers
|-heal|p1a: A Fun Guy|238\/432|[from] item: Black Sludge
|turn|7
|
|switch|p2a: Roserade|Roserade, M|173\/261
|move|p1a: A Fun Guy|Sludge Bomb|p2a: Roserade
|-damage|p2a: Roserade|79\/261
|
|-heal|p1a: A Fun Guy|265\/432|[from] item: Black Sludge
|turn|8
|
|switch|p1a: King Peng|Empoleon, M|372\/372
|move|p2a: Roserade|Leaf Storm|p1a: King Peng
|-crit|p1a: King Peng
|-damage|p1a: King Peng|5\/372
|-unboost|p2a: Roserade|spa|2
|
|-heal|p1a: King Peng|28\/372|[from] item: Leftovers
|turn|9
|
|switch|p2a: Aerodactyl|Aerodactyl, M|302\/302
|-ability|p2a: Aerodactyl|Pressure
|move|p1a: King Peng|Scald|p2a: Aerodactyl
|-supereffective|p2a: Aerodactyl
|-damage|p2a: Aerodactyl|0 fnt
|faint|p2a: Aerodactyl
|
|-heal|p1a: King Peng|51\/372|[from] item: Leftovers
|
|switch|p2a: Mienshao|Mienshao, F|221\/271
|turn|10
|
|move|p2a: Mienshao|Knock Off|p1a: King Peng
|-crit|p1a: King Peng
|-damage|p1a: King Peng|0 fnt
|-enditem|p1a: King Peng|Leftovers|[from] move: Knock Off|[of] p2a: Mienshao
|-damage|p2a: Mienshao|194\/271|[from] item: Life Orb
|faint|p1a: King Peng
|
|
|switch|p1a: Liu Kang|Mienshao, M|271\/271
|turn|11
|
|switch|p2a: Metagross|Metagross|364\/364
|move|p1a: Liu Kang|Fake Out|p2a: Metagross
|-resisted|p2a: Metagross
|-damage|p2a: Metagross|338\/364
|-damage|p1a: Liu Kang|244\/271|[from] item: Life Orb
|
|-heal|p2a: Metagross|360\/364|[from] item: Leftovers
|turn|12
|
|move|p1a: Liu Kang|U-turn|p2a: Metagross
|-damage|p2a: Metagross|276\/364
|-damage|p1a: Liu Kang|217\/271|[from] item: Life Orb
|
|switch|p1a: Blast Toys|Blastoise, M|346\/346
|move|p2a: Metagross|Meteor Mash|p1a: Blast Toys
|-resisted|p1a: Blast Toys
|-damage|p1a: Blast Toys|283\/346
|
|-heal|p2a: Metagross|298\/364|[from] item: Leftovers
|turn|13
|
|switch|p2a: Florges|Florges, F|345\/359
|detailschange|p1a: Blast Toys|Blastoise-Mega, M
|message|Blastoise has Mega Evolved into Mega Blastoise!
|move|p1a: Blast Toys|Water Pulse|p2a: Florges
|-damage|p2a: Florges|264\/359
|
|-heal|p2a: Florges|286\/359|[from] item: Leftovers
|turn|14
|
|switch|p1a: A Fun Guy|Amoonguss, M, shiny|409\/432
|move|p2a: Florges|Wish|p2a: Florges
|
|-heal|p2a: Florges|308\/359|[from] item: Leftovers
|-heal|p1a: A Fun Guy|432\/432|[from] item: Black Sludge
|turn|15
|
|switch|p2a: Metagross|Metagross|298\/364
|move|p1a: A Fun Guy|Sludge Bomb|p2a: Metagross
|-immune|p2a: Metagross|[msg]
|
|-heal|p2a: Metagross|364\/364|[from] move: Wish|[wisher] Florges
|turn|16
|
|switch|p2a: Roserade|Roserade, M|79\/261
|switch|p1a: High Dragon|Hydreigon, F|1\/325
|
|turn|17
|
|move|p1a: High Dragon|U-turn|p2a: Roserade
|-damage|p2a: Roserade|3\/261
|
|switch|p1a: Blast Toys|Blastoise-Mega, M|283\/346
|move|p2a: Roserade|Dazzling Gleam|p1a: Blast Toys
|-damage|p1a: Blast Toys|152\/346
|
|turn|18
|
|move|p2a: Roserade|Dazzling Gleam|p1a: Blast Toys
|-damage|p1a: Blast Toys|23\/346
|move|p1a: Blast Toys|Dark Pulse|p2a: Roserade
|-damage|p2a: Roserade|0 fnt
|faint|p2a: Roserade
|
|
|switch|p2a: Mienshao|Mienshao, F|271\/271
|turn|19
|
|switch|p1a: High Dragon|Hydreigon, F|1\/325
|move|p2a: Mienshao|U-turn|p1a: High Dragon
|-supereffective|p1a: High Dragon
|-damage|p1a: High Dragon|0 fnt
|-damage|p2a: Mienshao|244\/271|[from] item: Life Orb
|faint|p1a: High Dragon
|
|switch|p2a: Metagross|Metagross|364\/364
|
|
|switch|p1a: A Fun Guy|Amoonguss, M, shiny|432\/432
|turn|20
|
|switch|p2a: Mienshao|Mienshao, F|271\/271
|move|p1a: A Fun Guy|Spore|p2a: Mienshao
|-status|p2a: Mienshao|slp
|
|turn|21
|
|switch|p2a: Metagross|Metagross|364\/364
|switch|p1a: Blast Toys|Blastoise-Mega, M|23\/346
|
|turn|22
|
|move|p2a: Metagross|Bullet Punch|p1a: Blast Toys
|-resisted|p1a: Blast Toys
|-damage|p1a: Blast Toys|0 fnt
|faint|p1a: Blast Toys
|
|
|switch|p1a: Livewire|Electivire, F, shiny|292\/292
|turn|23
|
|move|p1a: Livewire|Earthquake|p2a: Metagross
|-supereffective|p2a: Metagross
|-damage|p2a: Metagross|80\/364
|move|p2a: Metagross|Earthquake|p1a: Livewire
|-supereffective|p1a: Livewire
|-damage|p1a: Livewire|0 fnt
|faint|p1a: Livewire
|
|-heal|p2a: Metagross|102\/364|[from] item: Leftovers
|
|switch|p1a: Liu Kang|Mienshao, M|271\/271
|turn|24
|
|switch|p2a: Florges|Florges, F|308\/359
|move|p1a: Liu Kang|Knock Off|p2a: Florges
|-resisted|p2a: Florges
|-damage|p2a: Florges|208\/359
|-enditem|p2a: Florges|Leftovers|[from] move: Knock Off|[of] p1a: Liu Kang
|-damage|p1a: Liu Kang|244\/271|[from] item: Life Orb
|
|turn|25
|
|move|p1a: Liu Kang|U-turn|p2a: Florges
|-resisted|p2a: Florges
|-damage|p2a: Florges|138\/359
|-damage|p1a: Liu Kang|217\/271|[from] item: Life Orb
|
|switch|p1a: A Fun Guy|Amoonguss, M, shiny|432\/432
|move|p2a: Florges|Wish|p2a: Florges
|
|turn|26
|
|switch|p2a: Metagross|Metagross|102\/364
|move|p1a: A Fun Guy|Sludge Bomb|p2a: Metagross
|-immune|p2a: Metagross|[msg]
|
|-heal|p2a: Metagross|281\/364|[from] move: Wish|[wisher] Florges
|-heal|p2a: Metagross|303\/364|[from] item: Leftovers
|turn|27
|-message|CracKPipeAndy forfeited.
|
|win|Haxa
|raw|Ladder updating...
|leave|CracKPipeAndy
|player|p1
|raw|CracKPipeAndy's rating: 1324 &rarr; <strong>1295<\/strong><br \/>(-29 for losing)
|raw|Haxa's rating: 1155 &rarr; <strong>1191<\/strong><br \/>(+36 for winning)