|join|zoid's warhorse
|join|CracKPipeAndy
|player|p1|zoid's warhorse|188
|player|p2|CracKPipeAndy|266
|gametype|singles
|gen|6
|tier|UU
|rated
|rule|Sleep Clause Mod: Limit one foe put to sleep
|rule|Species Clause: Limit one of each PokÃ©mon
|rule|OHKO Clause: OHKO moves are banned
|rule|Moody Clause: Moody is banned
|rule|Evasion Moves Clause: Evasion moves are banned
|rule|Endless Battle Clause: Forcing endless battles is banned
|rule|HP Percentage Mod: HP is shown in percentages
|clearpoke
|poke|p1|Aerodactyl, F
|poke|p1|Azelf
|poke|p1|Dragalge, M
|poke|p1|Lucario, F
|poke|p1|Magneton
|poke|p1|Serperior, M
|poke|p2|Aerodactyl, F
|poke|p2|Serperior, F
|poke|p2|Empoleon, F
|poke|p2|Rotom-Heat
|poke|p2|Toxicroak, F
|poke|p2|Mismagius, F
|rule|Swagger Clause: Swagger is banned
|rule|Baton Pass Clause: Limit one PokÃ©mon knowing Baton Pass
|teampreview
|
|start
|switch|p1a: Azelf|Azelf|291\/291
|switch|p2a: Mismagius|Mismagius, F|261\/261
|turn|1
|
|move|p2a: Mismagius|Trick|p1a: Azelf
|-activate|p2a: Mismagius|move: Trick|[of] p1a: Azelf
|-item|p1a: Azelf|Choice Scarf|[from] move: Trick
|-item|p2a: Mismagius|Focus Sash|[from] move: Trick
|move|p1a: Azelf|Stealth Rock|p2a: Mismagius
|-sidestart|p2: CracKPipeAndy|move: Stealth Rock
|
|turn|2
|
|switch|p1a: Magneton|Magneton|303\/303
|move|p2a: Mismagius|Nasty Plot|p2a: Mismagius
|-boost|p2a: Mismagius|spa|2
|
|turn|3
|
|move|p2a: Mismagius|Shadow Ball|p1a: Magneton
|-damage|p1a: Magneton|68\/303
|move|p1a: Magneton|Volt Switch|p2a: Mismagius
|-crit|p2a: Mismagius
|-damage|p2a: Mismagius|75\/261
|
|switch|p1a: Aerodactyl|Aerodactyl, F|302\/302
|-ability|p1a: Aerodactyl|Unnerve|p2: CracKPipeAndy
|
|turn|4
|
|detailschange|p1a: Aerodactyl|Aerodactyl-Mega, F
|-mega|p1a: Aerodactyl|Aerodactyl|Aerodactylite
|move|p1a: Aerodactyl|Pursuit|p2a: Mismagius
|-supereffective|p2a: Mismagius
|-damage|p2a: Mismagius|0 fnt
|faint|p2a: Mismagius
|
|
|switch|p2a: Empoleon|Empoleon, F|371\/371
|-damage|p2a: Empoleon|348\/371|[from] Stealth Rock
|turn|5
|
|switch|p1a: Azelf|Azelf|291\/291
|move|p2a: Empoleon|Stealth Rock|p1a: Azelf
|-sidestart|p1: zoid's warhorse|move: Stealth Rock
|
|-heal|p2a: Empoleon|371\/371|[from] item: Leftovers
|turn|6
|c|âCracKPipeAndy|im an idiot
|
|move|p1a: Azelf|Explosion|p2a: Empoleon
|-resisted|p2a: Empoleon
|-damage|p2a: Empoleon|215\/371
|faint|p1a: Azelf
|move|p2a: Empoleon|Defog|p1: Azelf|[notarget]
|-notarget
|
|-heal|p2a: Empoleon|238\/371|[from] item: Leftovers
|
|switch|p1a: Magneton|Magneton|68\/303
|-damage|p1a: Magneton|50\/303|[from] Stealth Rock
|turn|7
|
|move|p1a: Magneton|Thunderbolt|p2a: Empoleon
|-supereffective|p2a: Empoleon
|-damage|p2a: Empoleon|16\/371
|move|p2a: Empoleon|Defog|p1a: Magneton
|-unboost|p1a: Magneton|evasion|1
|-sideend|p1: zoid's warhorse|Stealth Rock|[from] move: Defog|[of] p1a: Magneton
|-sideend|p2: CracKPipeAndy|Stealth Rock|[from] move: Defog|[of] p2a: Empoleon
|
|-heal|p2a: Empoleon|39\/371|[from] item: Leftovers
|turn|8
|
|move|p1a: Magneton|Thunderbolt|p2a: Empoleon
|-supereffective|p2a: Empoleon
|-damage|p2a: Empoleon|0 fnt
|faint|p2a: Empoleon
|
|
|switch|p2a: Rotom-Heat|Rotom-Heat|303\/303
|turn|9
|
|move|p2a: Rotom-Heat|Will-O-Wisp|p1a: Magneton
|-status|p1a: Magneton|brn
|move|p1a: Magneton|Volt Switch|p2a: Rotom-Heat
|-resisted|p2a: Rotom-Heat
|-damage|p2a: Rotom-Heat|242\/303
|
|switch|p1a: Dragalge|Dragalge, M|283\/283
|
|-heal|p2a: Rotom-Heat|260\/303|[from] item: Leftovers
|turn|10
|
|move|p2a: Rotom-Heat|Volt Switch|p1a: Dragalge
|-resisted|p1a: Dragalge
|-damage|p1a: Dragalge|247\/283
|
|switch|p2a: Aerodactyl|Aerodactyl, F|301\/301
|move|p1a: Dragalge|Draco Meteor|p2a: Aerodactyl
|-damage|p2a: Aerodactyl|0 fnt
|-unboost|p1a: Dragalge|spa|2
|faint|p2a: Aerodactyl
|
|-message|CracKPipeAndy forfeited.
|leave|CracKPipeAndy
|
|win|zoid's warhorse
|raw|Ladder updating...
|player|p2
|raw|zoid&apos;s warhorse's rating: 1516 &rarr; <strong>1529<\/strong><br \/>(+13 for winning)
|raw|CracKPipeAndy's rating: 1397 &rarr; <strong>1384<\/strong><br \/>(-13 for losing)