|join|lllleeeecccc
|join|CracKPipeAndy
|player|p1|lllleeeecccc|84
|player|p2|CracKPipeAndy|170
|gametype|singles
|gen|6
|tier|UU
|rated
|rule|Sleep Clause Mod: Limit one foe put to sleep
|rule|Species Clause: Limit one of each PokÃ©mon
|rule|OHKO Clause: OHKO moves are banned
|rule|Moody Clause: Moody is banned
|rule|Evasion Moves Clause: Evasion moves are banned
|rule|Endless Battle Clause: Forcing endless battles is banned
|rule|HP Percentage Mod: HP is shown in percentages
|clearpoke
|poke|p1|Absol, M
|poke|p1|Crobat, F
|poke|p1|Porygon-Z
|poke|p1|Alakazam, M
|poke|p1|Nidoking, M
|poke|p1|Blissey, F, shiny
|poke|p2|Swampert, M
|poke|p2|Beartic, M
|poke|p2|Alomomola, M
|poke|p2|Kabutops, M
|poke|p2|Toxicroak, M
|poke|p2|Goodra, F
|rule|Swagger Clause: Swagger is banned
|rule|Baton Pass Clause: Limit one PokÃ©mon knowing Baton Pass
|teampreview
|
|start
|switch|p1a: Absol|Absol, M|272\/272
|switch|p2a: Alomomola|Alomomola, M|533\/533
|-ability|p1a: Absol|Pressure
|turn|1
|
|detailschange|p1a: Absol|Absol-Mega, M
|-mega|p1a: Absol|Absol|Absolite
|move|p1a: Absol|Knock Off|p2a: Alomomola
|-damage|p2a: Alomomola|359\/533
|-enditem|p2a: Alomomola|Damp Rock|[from] move: Knock Off|[of] p1a: Absol
|move|p2a: Alomomola|Rain Dance|p2a: Alomomola
|-weather|RainDance
|
|-weather|RainDance|[upkeep]
|turn|2
|
|switch|p1a: Alakazam|Alakazam, M|252\/252
|move|p2a: Alomomola|Scald|p1a: Alakazam
|-damage|p1a: Alakazam|179\/252
|
|-weather|RainDance|[upkeep]
|turn|3
|
|switch|p2a: Goodra|Goodra, F|383\/383
|move|p1a: Alakazam|Energy Ball|p2a: Goodra
|-resisted|p2a: Goodra
|-damage|p2a: Goodra|351\/383
|
|-weather|RainDance|[upkeep]
|-heal|p2a: Goodra|374\/383|[from] item: Leftovers
|turn|4
|c|âlllleeeecccc|why didn't you set it as a sap sipper?
|
|switch|p1a: Blissey|Blissey, F, shiny|714\/714
|move|p2a: Goodra|Draco Meteor|p1a: Blissey
|-damage|p1a: Blissey|590\/714
|-unboost|p2a: Goodra|spa|2
|
|-weather|RainDance|[upkeep]
|-heal|p2a: Goodra|383\/383|[from] item: Leftovers
|-heal|p1a: Blissey|634\/714|[from] item: Leftovers
|turn|5
|
|switch|p2a: Toxicroak|Toxicroak, M|370\/370
|move|p1a: Blissey|Toxic|p2a: Toxicroak
|-fail|p2a: Toxicroak
|
|-weather|none
|-heal|p1a: Blissey|678\/714|[from] item: Leftovers
|turn|6
|
|switch|p2a: Alomomola|Alomomola, M|533\/533
|switch|p1a: Crobat|Crobat, F|320\/320
|
|turn|7
|
|move|p1a: Crobat|Brave Bird|p2a: Alomomola
|-damage|p2a: Alomomola|368\/533
|-damage|p1a: Crobat|266\/320|[from] recoil|[of] p2a: Alomomola
|move|p2a: Alomomola|Rain Dance|p2a: Alomomola
|-weather|RainDance
|
|-weather|RainDance|[upkeep]
|-heal|p1a: Crobat|286\/320|[from] item: Black Sludge
|turn|8
|
|move|p1a: Crobat|U-turn|p2a: Alomomola
|-damage|p2a: Alomomola|303\/533
|
|switch|p1a: Blissey|Blissey, F, shiny|678\/714
|move|p2a: Alomomola|Ice Beam|p1a: Blissey
|-damage|p1a: Blissey|649\/714
|
|-weather|RainDance|[upkeep]
|-heal|p1a: Blissey|693\/714|[from] item: Leftovers
|turn|9
|
|switch|p2a: Toxicroak|Toxicroak, M|370\/370
|move|p1a: Blissey|Toxic|p2a: Toxicroak
|-fail|p2a: Toxicroak
|
|-weather|RainDance|[upkeep]
|-heal|p1a: Blissey|714\/714|[from] item: Leftovers
|turn|10
|
|switch|p1a: Crobat|Crobat, F|286\/320
|move|p2a: Toxicroak|Drain Punch|p1a: Crobat
|-resisted|p1a: Crobat
|-damage|p1a: Crobat|249\/320
|
|-weather|RainDance|[upkeep]
|-heal|p1a: Crobat|269\/320|[from] item: Black Sludge
|turn|11
|
|switch|p2a: Kabutops|Kabutops, M|261\/261
|move|p1a: Crobat|Brave Bird|p2a: Kabutops
|-resisted|p2a: Kabutops
|-damage|p2a: Kabutops|166\/261
|-damage|p1a: Crobat|238\/320|[from] recoil|[of] p2a: Kabutops
|
|-weather|none
|-heal|p1a: Crobat|258\/320|[from] item: Black Sludge
|turn|12
|
|move|p2a: Kabutops|Aqua Jet|p1a: Crobat
|-damage|p1a: Crobat|185\/320
|move|p1a: Crobat|U-turn|p2a: Kabutops
|-damage|p2a: Kabutops|100\/261
|
|switch|p1a: Absol|Absol-Mega, M|272\/272
|
|turn|13
|
|switch|p2a: Toxicroak|Toxicroak, M|370\/370
|move|p1a: Absol|Superpower|p2a: Toxicroak
|-resisted|p2a: Toxicroak
|-damage|p2a: Toxicroak|256\/370
|-unboost|p1a: Absol|atk|1
|-unboost|p1a: Absol|def|1
|
|-heal|p2a: Toxicroak|279\/370|[from] item: Leftovers
|turn|14
|
|switch|p1a: Crobat|Crobat, F|185\/320
|move|p2a: Toxicroak|Drain Punch|p1a: Crobat
|-resisted|p1a: Crobat
|-damage|p1a: Crobat|149\/320
|-heal|p2a: Toxicroak|297\/370|[from] drain|[of] p1a: Crobat
|
|-heal|p1a: Crobat|169\/320|[from] item: Black Sludge
|-heal|p2a: Toxicroak|320\/370|[from] item: Leftovers
|turn|15
|
|switch|p2a: Alomomola|Alomomola, M|480\/533
|move|p1a: Crobat|Roost|p1a: Crobat
|-heal|p1a: Crobat|320\/320
|
|turn|16
|
|move|p1a: Crobat|Brave Bird|p2a: Alomomola
|-crit|p2a: Alomomola
|-damage|p2a: Alomomola|255\/533
|-damage|p1a: Crobat|246\/320|[from] recoil|[of] p2a: Alomomola
|move|p2a: Alomomola|Rain Dance|p2a: Alomomola
|-weather|RainDance
|
|-weather|RainDance|[upkeep]
|-heal|p1a: Crobat|266\/320|[from] item: Black Sludge
|turn|17
|
|switch|p2a: Swampert|Swampert, M|381\/381
|move|p1a: Crobat|Brave Bird|p2a: Swampert
|-damage|p2a: Swampert|168\/381
|-damage|p1a: Crobat|196\/320|[from] recoil|[of] p2a: Swampert
|
|-weather|RainDance|[upkeep]
|-heal|p1a: Crobat|216\/320|[from] item: Black Sludge
|turn|18
|
|switch|p1a: Porygon-Z|Porygon-Z|373\/373
|detailschange|p2a: Swampert|Swampert-Mega, M
|-mega|p2a: Swampert|Swampert|Swampertite
|move|p2a: Swampert|Waterfall|p1a: Porygon-Z
|-crit|p1a: Porygon-Z
|-damage|p1a: Porygon-Z|0 fnt
|faint|p1a: Porygon-Z
|
|-weather|RainDance|[upkeep]
|
|switch|p1a: Absol|Absol-Mega, M|272\/272
|turn|19
|
|switch|p2a: Kabutops|Kabutops, M|100\/261
|move|p1a: Absol|Sucker Punch|p2a: Kabutops
|-fail|p2a: Kabutops
|
|-weather|RainDance|[upkeep]
|turn|20
|
|move|p1a: Absol|Protect|p1a: Absol
|-singleturn|p1a: Absol|Protect
|move|p2a: Kabutops|Aqua Jet|p1a: Absol
|-activate|p1a: Absol|Protect
|
|-weather|none
|turn|21
|
|switch|p2a: Toxicroak|Toxicroak, M|320\/370
|move|p1a: Absol|Knock Off|p2a: Toxicroak
|-resisted|p2a: Toxicroak
|-damage|p2a: Toxicroak|167\/370
|-enditem|p2a: Toxicroak|Leftovers|[from] move: Knock Off|[of] p1a: Absol
|
|turn|22
|
|switch|p1a: Crobat|Crobat, F|216\/320
|move|p2a: Toxicroak|Poison Jab|p1a: Crobat
|-resisted|p1a: Crobat
|-damage|p1a: Crobat|135\/320
|
|-heal|p1a: Crobat|155\/320|[from] item: Black Sludge
|turn|23
|
|move|p2a: Toxicroak|Sucker Punch|p1a: Crobat
|-damage|p1a: Crobat|54\/320
|move|p1a: Crobat|Brave Bird|p2a: Toxicroak
|-supereffective|p2a: Toxicroak
|-damage|p2a: Toxicroak|0 fnt
|-damage|p1a: Crobat|0 fnt|[from] recoil|[of] p2a: Toxicroak
|faint|p2a: Toxicroak
|faint|p1a: Crobat
|
|
|switch|p1a: Alakazam|Alakazam, M|179\/252
|switch|p2a: Alomomola|Alomomola, M|432\/533
|turn|24
|
|move|p1a: Alakazam|Energy Ball|p2a: Alomomola
|-supereffective|p2a: Alomomola
|-damage|p2a: Alomomola|0 fnt
|faint|p2a: Alomomola
|
|
|switch|p2a: Goodra|Goodra, F|383\/383
|turn|25
|c|âlllleeeecccc|!dt goodra
|c|~|\/data-pokemon Goodra
|raw|<font size="1"><font color=#585858>Dex#:<\/font> 706&nbsp;|&ThickSpace;<font color=#585858>Height:<\/font> 2 m&nbsp;|&ThickSpace;<font color=#585858>Weight:<\/font> 150.5 kg <em>(100 BP)<\/em>&nbsp;|&ThickSpace;<font color=#585858>Dex Colour:<\/font> Purple&nbsp;|&ThickSpace;<font color=#585858>Egg Group(s):<\/font> Dragon&nbsp;|&ThickSpace;<font color=#585858><font color=#585858>Does Not Evolve<\/font><\/font><\/font>
|
|move|p1a: Alakazam|Psyshock|p2a: Goodra
|-damage|p2a: Goodra|190\/383
|move|p2a: Goodra|Rain Dance|p2a: Goodra
|-weather|RainDance
|
|-weather|RainDance|[upkeep]
|-heal|p2a: Goodra|213\/383|[from] item: Leftovers
|turn|26
|
|move|p1a: Alakazam|Psyshock|p2a: Goodra
|-damage|p2a: Goodra|21\/383
|move|p2a: Goodra|Rest|p2a: Goodra
|-status|p2a: Goodra|slp
|-heal|p2a: Goodra|383\/383 slp|[silent]
|-status|p2a: Goodra|slp|[from] move: Rest
|
|-weather|RainDance|[upkeep]
|-curestatus|p2a: Goodra|slp
|turn|27
|
|switch|p1a: Blissey|Blissey, F, shiny|714\/714
|switch|p2a: Swampert|Swampert-Mega, M|168\/381
|
|-weather|RainDance|[upkeep]
|turn|28
|
|move|p1a: Blissey|Protect|p1a: Blissey
|-singleturn|p1a: Blissey|Protect
|move|p2a: Swampert|Waterfall|p1a: Blissey
|-activate|p1a: Blissey|Protect
|
|-weather|RainDance|[upkeep]
|turn|29
|
|move|p2a: Swampert|Waterfall|p1a: Blissey
|-damage|p1a: Blissey|255\/714
|move|p1a: Blissey|Toxic|p2a: Swampert
|-status|p2a: Swampert|tox
|
|-weather|none
|-heal|p1a: Blissey|299\/714|[from] item: Leftovers
|-damage|p2a: Swampert|145\/381 tox|[from] psn
|turn|30
|
|move|p2a: Swampert|Rain Dance|p2a: Swampert
|-weather|RainDance
|move|p1a: Blissey|Heal Bell|p1a: Blissey
|-cureteam|p1a: Blissey|[from] move: HealBell
|
|-weather|RainDance|[upkeep]
|-heal|p1a: Blissey|343\/714|[from] item: Leftovers
|-damage|p2a: Swampert|99\/381 tox|[from] psn
|turn|31
|
|move|p1a: Blissey|Protect|p1a: Blissey
|-singleturn|p1a: Blissey|Protect
|move|p2a: Swampert|Waterfall|p1a: Blissey
|-activate|p1a: Blissey|Protect
|
|-weather|RainDance|[upkeep]
|-heal|p1a: Blissey|387\/714|[from] item: Leftovers
|-damage|p2a: Swampert|30\/381 tox|[from] psn
|turn|32
|
|move|p1a: Blissey|Protect|p1a: Blissey
|-singleturn|p1a: Blissey|Protect
|move|p2a: Swampert|Waterfall|p1a: Blissey
|-activate|p1a: Blissey|Protect
|
|-weather|RainDance|[upkeep]
|-heal|p1a: Blissey|431\/714|[from] item: Leftovers
|-damage|p2a: Swampert|0 fnt|[from] psn
|faint|p2a: Swampert
|
|switch|p2a: Beartic|Beartic, M|331\/331
|turn|33
|
|move|p2a: Beartic|Superpower|p1a: Blissey
|-supereffective|p1a: Blissey
|-damage|p1a: Blissey|0 fnt
|-unboost|p2a: Beartic|atk|1
|-unboost|p2a: Beartic|def|1
|-damage|p2a: Beartic|298\/331|[from] item: Life Orb
|faint|p1a: Blissey
|
|-weather|RainDance|[upkeep]
|
|switch|p1a: Absol|Absol-Mega, M|272\/272
|turn|34
|
|move|p2a: Beartic|Aqua Jet|p1a: Absol
|-damage|p1a: Absol|177\/272
|-damage|p2a: Beartic|265\/331|[from] item: Life Orb
|move|p1a: Absol|Knock Off|p2a: Beartic
|-damage|p2a: Beartic|0 fnt
|-enditem|p2a: Beartic|Life Orb|[from] move: Knock Off|[of] p1a: Absol
|faint|p2a: Beartic
|
|-weather|none
|
|switch|p2a: Goodra|Goodra, F|383\/383
|turn|35
|
|move|p1a: Absol|Knock Off|p2a: Goodra
|-crit|p2a: Goodra
|-damage|p2a: Goodra|40\/383
|-enditem|p2a: Goodra|Leftovers|[from] move: Knock Off|[of] p1a: Absol
|move|p2a: Goodra|Rain Dance|p2a: Goodra
|-weather|RainDance
|
|-weather|RainDance|[upkeep]
|turn|36
|
|move|p1a: Absol|Knock Off|p2a: Goodra
|-damage|p2a: Goodra|0 fnt
|faint|p2a: Goodra
|
|-weather|RainDance|[upkeep]
|
|switch|p2a: Kabutops|Kabutops, M|100\/261
|turn|37
|
|move|p1a: Absol|Protect|p1a: Absol
|-singleturn|p1a: Absol|Protect
|move|p2a: Kabutops|Aqua Jet|p1a: Absol
|-activate|p1a: Absol|Protect
|
|-weather|RainDance|[upkeep]
|turn|38
|
|switch|p1a: Nidoking|Nidoking, M|365\/365
|move|p2a: Kabutops|Aqua Jet|p1a: Nidoking
|-supereffective|p1a: Nidoking
|-damage|p1a: Nidoking|125\/365
|
|-weather|RainDance|[upkeep]
|turn|39
|
|move|p2a: Kabutops|Aqua Jet|p1a: Nidoking
|-supereffective|p1a: Nidoking
|-damage|p1a: Nidoking|0 fnt
|faint|p1a: Nidoking
|
|-weather|none
|
|switch|p1a: Alakazam|Alakazam, M|179\/252
|turn|40
|
|move|p2a: Kabutops|Aqua Jet|p1a: Alakazam
|-damage|p1a: Alakazam|46\/252
|move|p1a: Alakazam|Energy Ball|p2a: Kabutops
|-supereffective|p2a: Kabutops
|-damage|p2a: Kabutops|0 fnt
|faint|p2a: Kabutops
|
|win|lllleeeecccc
|raw|Ladder updating...
|raw|lllleeeecccc's rating: 1296 &rarr; <strong>1323<\/strong><br \/>(+27 for winning)
|raw|CracKPipeAndy's rating: 1319 &rarr; <strong>1297<\/strong><br \/>(-22 for losing)
|c|âlllleeeecccc|gg
|c|âlllleeeecccc|I really like the weather set
|c|âlllleeeecccc|it was a real fun to see! Thanks so much