|join|zoid's warhorse
|join|CracKPipeAndy
|player|p1|zoid's warhorse|188
|player|p2|CracKPipeAndy|1
|gametype|singles
|gen|6
|tier|UU
|rated
|rule|Sleep Clause Mod: Limit one foe put to sleep
|rule|Species Clause: Limit one of each PokÃ©mon
|rule|OHKO Clause: OHKO moves are banned
|rule|Moody Clause: Moody is banned
|rule|Evasion Moves Clause: Evasion moves are banned
|rule|Endless Battle Clause: Forcing endless battles is banned
|rule|HP Percentage Mod: HP is shown in percentages
|clearpoke
|poke|p1|Aerodactyl, M
|poke|p1|Azelf
|poke|p1|Dragalge, M
|poke|p1|Lucario, M
|poke|p1|Magneton
|poke|p1|Serperior, F
|poke|p2|Aerodactyl, M
|poke|p2|Heliolisk, M
|poke|p2|Infernape, M
|poke|p2|Froslass, F
|poke|p2|Donphan, M
|poke|p2|Florges, F
|rule|Swagger Clause: Swagger is banned
|rule|Baton Pass Clause: Limit one PokÃ©mon knowing Baton Pass
|teampreview
|
|start
|switch|p1a: Azelf|Azelf|291\/291
|switch|p2a: Froslass|Froslass, F|343\/343
|turn|1
|
|move|p1a: Azelf|Taunt|p2a: Froslass
|-start|p2a: Froslass|move: Taunt
|move|p2a: Froslass|Shadow Ball|p1a: Azelf
|-supereffective|p1a: Azelf
|-damage|p1a: Azelf|85\/291
|
|turn|2
|
|move|p1a: Azelf|Stealth Rock|p2a: Froslass
|-sidestart|p2: CracKPipeAndy|move: Stealth Rock
|move|p2a: Froslass|Shadow Ball|p1a: Azelf
|-supereffective|p1a: Azelf
|-damage|p1a: Azelf|0 fnt
|faint|p1a: Azelf
|
|join|AdjectiveNoun
|
|switch|p1a: Magneton|Magneton|303\/303
|turn|3
|
|switch|p2a: Donphan|Donphan, M|375\/375
|-damage|p2a: Donphan|352\/375|[from] Stealth Rock
|move|p1a: Magneton|Volt Switch|p2a: Donphan
|-immune|p2a: Donphan|[msg]
|
|-heal|p2a: Donphan|375\/375|[from] item: Leftovers
|turn|4
|
|move|p1a: Magneton|Flash Cannon|p2a: Donphan
|-damage|p2a: Donphan|177\/375
|move|p2a: Donphan|Rapid Spin|p1a: Magneton
|-resisted|p1a: Magneton
|-damage|p1a: Magneton|296\/303
|-sideend|p2: CracKPipeAndy|Stealth Rock|[from] move: Rapid Spin|[of] p2a: Donphan
|
|-heal|p2a: Donphan|200\/375|[from] item: Leftovers
|turn|5
|
|move|p1a: Magneton|Flash Cannon|p2a: Donphan
|-damage|p2a: Donphan|13\/375
|-unboost|p2a: Donphan|spd|1
|move|p2a: Donphan|Earthquake|p1a: Magneton
|-supereffective|p1a: Magneton
|-damage|p1a: Magneton|0 fnt
|faint|p1a: Magneton
|
|-heal|p2a: Donphan|36\/375|[from] item: Leftovers
|leave|AdjectiveNoun
|
|switch|p1a: Serperior|Serperior, F|296\/296
|turn|6
|
|move|p1a: Serperior|Leaf Storm|p2a: Donphan
|-supereffective|p2a: Donphan
|-damage|p2a: Donphan|0 fnt
|-boost|p1a: Serperior|spa|2
|faint|p2a: Donphan
|
|
|switch|p2a: Froslass|Froslass, F|343\/343
|turn|7
|
|move|p1a: Serperior|Leaf Storm|p2a: Froslass
|-enditem|p2a: Froslass|Focus Sash
|-damage|p2a: Froslass|1\/343
|-boost|p1a: Serperior|spa|2
|move|p2a: Froslass|Spikes|p1a: Serperior
|-sidestart|p1: zoid's warhorse|Spikes
|
|turn|8
|
|move|p1a: Serperior|Dragon Pulse|p2a: Froslass
|-crit|p2a: Froslass
|-damage|p2a: Froslass|0 fnt
|faint|p2a: Froslass
|
|
|switch|p2a: Aerodactyl|Aerodactyl, M|301\/301
|turn|9
|
|detailschange|p2a: Aerodactyl|Aerodactyl-Mega, M
|-mega|p2a: Aerodactyl|Aerodactyl|Aerodactylite
|move|p2a: Aerodactyl|Aerial Ace|p1a: Serperior
|-supereffective|p1a: Serperior
|-damage|p1a: Serperior|0 fnt
|faint|p1a: Serperior
|
|
|switch|p1a: Lucario|Lucario, M|289\/289
|-damage|p1a: Lucario|253\/289|[from] Spikes
|turn|10
|
|switch|p2a: Heliolisk|Heliolisk, M|265\/265
|move|p1a: Lucario|Swords Dance|p1a: Lucario
|-boost|p1a: Lucario|atk|2
|
|turn|11
|
|move|p1a: Lucario|Extreme Speed|p2a: Heliolisk
|-damage|p2a: Heliolisk|0 fnt
|-damage|p1a: Lucario|225\/289|[from] item: Life Orb
|faint|p2a: Heliolisk
|
|
|switch|p2a: Aerodactyl|Aerodactyl-Mega, M|301\/301
|turn|12
|
|move|p1a: Lucario|Bullet Punch|p2a: Aerodactyl
|-supereffective|p2a: Aerodactyl
|-damage|p2a: Aerodactyl|0 fnt
|-damage|p1a: Lucario|197\/289|[from] item: Life Orb
|faint|p2a: Aerodactyl
|
|
|switch|p2a: Infernape|Infernape, M|293\/293
|turn|13
|
|move|p1a: Lucario|Extreme Speed|p2a: Infernape
|-damage|p2a: Infernape|0 fnt
|-damage|p1a: Lucario|169\/289|[from] item: Life Orb
|faint|p2a: Infernape
|
|
|switch|p2a: Florges|Florges, F|360\/360
|turn|14
|
|move|p1a: Lucario|Bullet Punch|p2a: Florges
|-crit|p2a: Florges
|-supereffective|p2a: Florges
|-damage|p2a: Florges|0 fnt
|-damage|p1a: Lucario|141\/289|[from] item: Life Orb
|faint|p2a: Florges
|
|win|zoid's warhorse
|raw|Ladder updating...
|raw|zoid&apos;s warhorse's rating: 1345 &rarr; <strong>1369<\/strong><br \/>(+24 for winning)
|raw|CracKPipeAndy's rating: 1417 &rarr; <strong>1393<\/strong><br \/>(-24 for losing)
|c|âzoid's warhorse|gg
|leave|CracKPipeAndy
|player|p2