|join|ThePureJ
|join|CracKPipeAndy
|player|p1|ThePureJ|93
|player|p2|CracKPipeAndy|170
|gametype|singles
|gen|6
|tier|UU
|rated
|rule|Sleep Clause Mod: Limit one foe put to sleep
|rule|Species Clause: Limit one of each PokÃ©mon
|rule|OHKO Clause: OHKO moves are banned
|rule|Moody Clause: Moody is banned
|rule|Evasion Moves Clause: Evasion moves are banned
|rule|Endless Battle Clause: Forcing endless battles is banned
|rule|HP Percentage Mod: HP is shown in percentages
|clearpoke
|poke|p1|Shuckle, F, shiny
|poke|p1|Chesnaught, M
|poke|p1|Florges, F
|poke|p1|Raikou
|poke|p1|Arcanine, M
|poke|p1|Doublade, M, shiny
|poke|p2|Pidgeot, M
|poke|p2|Gastrodon, F
|poke|p2|Roserade, M
|poke|p2|Jirachi
|poke|p2|Hydreigon, M
|poke|p2|Empoleon, F
|rule|Swagger Clause: Swagger is banned
|rule|Baton Pass Clause: Limit one PokÃ©mon knowing Baton Pass
|teampreview
|c|âThePureJ|gl hf
|
|start
|switch|p1a: Shucklicious|Shuckle, F, shiny|244\/244
|switch|p2a: Roserade|Roserade, M|324\/324
|turn|1
|
|move|p2a: Roserade|Sleep Powder|p1a: Shucklicious
|-status|p1a: Shucklicious|slp
|cant|p1a: Shucklicious|slp
|
|turn|2
|
|move|p2a: Roserade|Leech Seed|p1a: Shucklicious
|-start|p1a: Shucklicious|move: Leech Seed
|cant|p1a: Shucklicious|slp
|
|-damage|p1a: Shucklicious|214\/244 slp|[from] Leech Seed|[of] p2a: Roserade
|turn|3
|
|switch|p2a: Empoleon|Empoleon, F|372\/372
|-curestatus|p1a: Shucklicious|slp
|move|p1a: Shucklicious|Sticky Web|p2a: Empoleon
|-sidestart|p2: CracKPipeAndy|move: Sticky Web
|
|-damage|p1a: Shucklicious|184\/244|[from] Leech Seed|[of] p2a: Empoleon
|turn|4
|
|switch|p1a: AllForNaught|Chesnaught, M|380\/380
|move|p2a: Empoleon|Defog|p1a: AllForNaught
|-unboost|p1a: AllForNaught|evasion|1
|-sideend|p2: CracKPipeAndy|Sticky Web|[from] move: Defog|[of] p2a: Empoleon
|
|turn|5
|
|switch|p1a: Myth|Arcanine, M|383\/383
|-ability|p1a: Myth|Intimidate|[of] p2a: Empoleon
|-unboost|p2a: Empoleon|atk|1
|switch|p2a: Pidgeot|Pidgeot, M|307\/307
|
|turn|6
|
|detailschange|p2a: Pidgeot|Pidgeot-Mega, M
|-mega|p2a: Pidgeot|Pidgeot|Pidgeotite
|move|p2a: Pidgeot|Protect|p2a: Pidgeot
|-singleturn|p2a: Pidgeot|Protect
|move|p1a: Myth|Will-O-Wisp|p2a: Pidgeot
|-activate|p2a: Pidgeot|Protect
|
|turn|7
|
|move|p2a: Pidgeot|U-turn|p1a: Myth
|-resisted|p1a: Myth
|-damage|p1a: Myth|363\/383
|-damage|p2a: Pidgeot|256\/307|[from] item: Rocky Helmet|[of] p1a: Myth
|
|switch|p2a: Roserade|Roserade, M|324\/324
|move|p1a: Myth|Will-O-Wisp|p2a: Roserade
|-status|p2a: Roserade|brn
|
|-damage|p2a: Roserade|284\/324 brn|[from] brn
|turn|8
|
|switch|p2a: Hydreigon|Hydreigon, M|325\/325
|move|p1a: Myth|Flare Blitz|p2a: Hydreigon
|-resisted|p2a: Hydreigon
|-damage|p2a: Hydreigon|225\/325
|-damage|p1a: Myth|330\/383|[from] recoil|[of] p2a: Hydreigon
|
|turn|9
|
|switch|p1a: Hatred|Florges, F|360\/360
|move|p2a: Hydreigon|Earth Power|p1a: Hatred
|-damage|p1a: Hatred|302\/360
|-unboost|p1a: Hatred|spd|1
|
|-heal|p1a: Hatred|324\/360|[from] item: Leftovers
|turn|10
|
|switch|p2a: Empoleon|Empoleon, F|372\/372
|move|p1a: Hatred|Moonblast|p2a: Empoleon
|-resisted|p2a: Empoleon
|-damage|p2a: Empoleon|331\/372
|-unboost|p2a: Empoleon|spa|1
|
|-heal|p1a: Hatred|346\/360|[from] item: Leftovers
|-heal|p2a: Empoleon|354\/372|[from] item: Leftovers
|turn|11
|
|switch|p1a: AllForNaught|Chesnaught, M|380\/380
|move|p2a: Empoleon|Stealth Rock|p1a: AllForNaught
|-sidestart|p1: ThePureJ|move: Stealth Rock
|
|-heal|p2a: Empoleon|372\/372|[from] item: Leftovers
|turn|12
|
|switch|p2a: Jirachi|Jirachi|372\/372
|move|p1a: AllForNaught|Drain Punch|p2a: Jirachi
|-damage|p2a: Jirachi|281\/372
|
|turn|13
|
|move|p1a: AllForNaught|Spiky Shield|p1a: AllForNaught
|-singleturn|p1a: AllForNaught|move: Protect
|move|p2a: Jirachi|Zen Headbutt|p1a: AllForNaught
|-activate|p1a: AllForNaught|move: Protect
|-damage|p2a: Jirachi|235\/372|[from] Spiky Shield|[of] p1a: AllForNaught
|
|turn|14
|
|move|p2a: Jirachi|Zen Headbutt|p1a: AllForNaught
|-supereffective|p1a: AllForNaught
|-damage|p1a: AllForNaught|206\/380
|move|p1a: AllForNaught|Leech Seed|p2a: Jirachi
|-start|p2a: Jirachi|move: Leech Seed
|
|-heal|p1a: AllForNaught|229\/380|[from] item: Leftovers
|-damage|p2a: Jirachi|189\/372|[from] Leech Seed|[of] p1a: AllForNaught
|-heal|p1a: AllForNaught|275\/380|[silent]
|turn|15
|
|switch|p2a: Pidgeot|Pidgeot-Mega, M|256\/307
|switch|p1a: Myth|Arcanine, M|330\/383
|-damage|p1a: Myth|235\/383|[from] Stealth Rock
|-ability|p1a: Myth|Intimidate|[of] p2a: Pidgeot
|-unboost|p2a: Pidgeot|atk|1
|
|turn|16
|
|move|p2a: Pidgeot|Hurricane|p1a: Myth
|-damage|p1a: Myth|0 fnt
|faint|p1a: Myth
|
|
|switch|p1a: Sabertooth|Raikou|329\/329
|-damage|p1a: Sabertooth|288\/329|[from] Stealth Rock
|-ability|p1a: Sabertooth|Pressure
|turn|17
|
|switch|p2a: Gastrodon|Gastrodon, F|426\/426
|move|p1a: Sabertooth|Substitute|p1a: Sabertooth
|-start|p1a: Sabertooth|Substitute
|-damage|p1a: Sabertooth|206\/329
|
|-heal|p1a: Sabertooth|226\/329|[from] item: Leftovers
|turn|18
|
|move|p1a: Sabertooth|Calm Mind|p1a: Sabertooth
|-boost|p1a: Sabertooth|spa|1
|-boost|p1a: Sabertooth|spd|1
|move|p2a: Gastrodon|Earth Power|p1a: Sabertooth
|-supereffective|p1a: Sabertooth
|-end|p1a: Sabertooth|Substitute
|
|-heal|p1a: Sabertooth|246\/329|[from] item: Leftovers
|turn|19
|
|move|p1a: Sabertooth|Calm Mind|p1a: Sabertooth
|-boost|p1a: Sabertooth|spa|1
|-boost|p1a: Sabertooth|spd|1
|move|p2a: Gastrodon|Earth Power|p1a: Sabertooth
|-supereffective|p1a: Sabertooth
|-damage|p1a: Sabertooth|142\/329
|
|-heal|p1a: Sabertooth|162\/329|[from] item: Leftovers
|turn|20
|
|move|p1a: Sabertooth|Hidden Power|p2a: Gastrodon
|-damage|p2a: Gastrodon|270\/426
|move|p2a: Gastrodon|Toxic|p1a: Sabertooth
|-status|p1a: Sabertooth|tox
|
|-heal|p1a: Sabertooth|182\/329 tox|[from] item: Leftovers
|-heal|p2a: Gastrodon|296\/426|[from] item: Leftovers
|-damage|p1a: Sabertooth|162\/329 tox|[from] psn
|turn|21
|
|move|p1a: Sabertooth|Hidden Power|p2a: Gastrodon
|-damage|p2a: Gastrodon|153\/426
|move|p2a: Gastrodon|Earth Power|p1a: Sabertooth
|-supereffective|p1a: Sabertooth
|-damage|p1a: Sabertooth|70\/329 tox
|
|-heal|p1a: Sabertooth|90\/329 tox|[from] item: Leftovers
|-heal|p2a: Gastrodon|179\/426|[from] item: Leftovers
|-damage|p1a: Sabertooth|50\/329 tox|[from] psn
|turn|22
|
|move|p1a: Sabertooth|Hidden Power|p2a: Gastrodon
|-damage|p2a: Gastrodon|31\/426
|move|p2a: Gastrodon|Recover|p2a: Gastrodon
|-heal|p2a: Gastrodon|244\/426
|
|-heal|p1a: Sabertooth|70\/329 tox|[from] item: Leftovers
|-heal|p2a: Gastrodon|270\/426|[from] item: Leftovers
|-damage|p1a: Sabertooth|10\/329 tox|[from] psn
|turn|23
|
|move|p1a: Sabertooth|Hidden Power|p2a: Gastrodon
|-damage|p2a: Gastrodon|120\/426
|move|p2a: Gastrodon|Recover|p2a: Gastrodon
|-heal|p2a: Gastrodon|333\/426
|
|-heal|p1a: Sabertooth|30\/329 tox|[from] item: Leftovers
|-heal|p2a: Gastrodon|359\/426|[from] item: Leftovers
|-damage|p1a: Sabertooth|0 fnt|[from] psn
|faint|p1a: Sabertooth
|
|switch|p1a: AllForNaught|Chesnaught, M|275\/380
|-damage|p1a: AllForNaught|252\/380|[from] Stealth Rock
|turn|24
|
|move|p1a: AllForNaught|Drain Punch|p2a: Gastrodon
|-damage|p2a: Gastrodon|272\/426
|-heal|p1a: AllForNaught|296\/380|[from] drain|[of] p2a: Gastrodon
|move|p2a: Gastrodon|Toxic|p1a: AllForNaught|[miss]
|-miss|p2a: Gastrodon|p1a: AllForNaught
|
|-heal|p1a: AllForNaught|319\/380|[from] item: Leftovers
|-heal|p2a: Gastrodon|298\/426|[from] item: Leftovers
|turn|25
|
|move|p1a: AllForNaught|Wood Hammer|p2a: Gastrodon
|-supereffective|p2a: Gastrodon
|-damage|p2a: Gastrodon|0 fnt
|-damage|p1a: AllForNaught|221\/380|[from] recoil|[of] p2a: Gastrodon
|faint|p2a: Gastrodon
|
|-heal|p1a: AllForNaught|244\/380|[from] item: Leftovers
|
|switch|p2a: Pidgeot|Pidgeot-Mega, M|256\/307
|turn|26
|
|switch|p1a: Hatred|Florges, F|346\/360
|-damage|p1a: Hatred|301\/360|[from] Stealth Rock
|move|p2a: Pidgeot|Hurricane|p1a: Hatred
|-damage|p1a: Hatred|187\/360
|
|-heal|p1a: Hatred|209\/360|[from] item: Leftovers
|turn|27
|
|move|p2a: Pidgeot|U-turn|p1a: Hatred
|-resisted|p1a: Hatred
|-damage|p1a: Hatred|178\/360
|
|switch|p2a: Jirachi|Jirachi|189\/372
|move|p1a: Hatred|Wish|p1a: Hatred
|
|-heal|p1a: Hatred|200\/360|[from] item: Leftovers
|turn|28
|
|move|p1a: Hatred|Protect|p1a: Hatred
|-singleturn|p1a: Hatred|Protect
|move|p2a: Jirachi|Iron Head|p1a: Hatred
|-activate|p1a: Hatred|Protect
|
|-heal|p1a: Hatred|360\/360|[from] move: Wish|[wisher] Hatred
|turn|29
|
|switch|p1a: Dave & Tim|Doublade, M, shiny|322\/322
|-damage|p1a: Dave & Tim|302\/322|[from] Stealth Rock
|move|p2a: Jirachi|Zen Headbutt|p1a: Dave & Tim
|-resisted|p1a: Dave & Tim
|-damage|p1a: Dave & Tim|270\/322
|
|turn|30
|
|move|p2a: Jirachi|U-turn|p1a: Dave & Tim
|-resisted|p1a: Dave & Tim
|-damage|p1a: Dave & Tim|261\/322
|
|switch|p2a: Empoleon|Empoleon, F|372\/372
|move|p1a: Dave & Tim|Swords Dance|p1a: Dave & Tim
|-boost|p1a: Dave & Tim|atk|2
|
|turn|31
|
|move|p2a: Empoleon|Scald|p1a: Dave & Tim
|-damage|p1a: Dave & Tim|138\/322
|move|p1a: Dave & Tim|Shadow Claw|p2a: Empoleon
|-damage|p2a: Empoleon|80\/372
|
|-heal|p2a: Empoleon|103\/372|[from] item: Leftovers
|turn|32
|
|move|p1a: Dave & Tim|Shadow Sneak|p2a: Empoleon
|-damage|p2a: Empoleon|0 fnt
|faint|p2a: Empoleon
|
|
|switch|p2a: Pidgeot|Pidgeot-Mega, M|256\/307
|turn|33
|
|move|p2a: Pidgeot|Heat Wave|p1a: Dave & Tim
|-crit|p1a: Dave & Tim
|-supereffective|p1a: Dave & Tim
|-damage|p1a: Dave & Tim|0 fnt
|faint|p1a: Dave & Tim
|
|
|switch|p1a: Hatred|Florges, F|360\/360
|-damage|p1a: Hatred|315\/360|[from] Stealth Rock
|turn|34
|
|move|p2a: Pidgeot|U-turn|p1a: Hatred
|-resisted|p1a: Hatred
|-damage|p1a: Hatred|281\/360
|
|switch|p2a: Jirachi|Jirachi|189\/372
|move|p1a: Hatred|Moonblast|p2a: Jirachi
|-resisted|p2a: Jirachi
|-damage|p2a: Jirachi|150\/372
|
|-heal|p1a: Hatred|303\/360|[from] item: Leftovers
|turn|35
|
|switch|p1a: Shucklicious|Shuckle, F, shiny|184\/244
|-damage|p1a: Shucklicious|123\/244|[from] Stealth Rock
|move|p2a: Jirachi|Iron Head|p1a: Shucklicious
|-supereffective|p1a: Shucklicious
|-damage|p1a: Shucklicious|3\/244
|
|turn|36
|
|move|p2a: Jirachi|Iron Head|p1a: Shucklicious
|-supereffective|p1a: Shucklicious
|-damage|p1a: Shucklicious|0 fnt
|faint|p1a: Shucklicious
|
|
|switch|p1a: AllForNaught|Chesnaught, M|244\/380
|-damage|p1a: AllForNaught|221\/380|[from] Stealth Rock
|turn|37
|
|move|p2a: Jirachi|Zen Headbutt|p1a: AllForNaught
|-supereffective|p1a: AllForNaught
|-damage|p1a: AllForNaught|59\/380
|move|p1a: AllForNaught|Drain Punch|p2a: Jirachi
|-damage|p2a: Jirachi|56\/372
|-heal|p1a: AllForNaught|106\/380|[from] drain|[of] p2a: Jirachi
|
|-heal|p1a: AllForNaught|129\/380|[from] item: Leftovers
|turn|38
|
|switch|p2a: Pidgeot|Pidgeot-Mega, M|256\/307
|move|p1a: AllForNaught|Spiky Shield|p1a: AllForNaught
|-fail|p1a: AllForNaught
|
|-heal|p1a: AllForNaught|152\/380|[from] item: Leftovers
|turn|39
|
|move|p2a: Pidgeot|U-turn|p1a: AllForNaught
|-damage|p1a: AllForNaught|122\/380
|
|switch|p2a: Hydreigon|Hydreigon, M|225\/325
|move|p1a: AllForNaught|Drain Punch|p2a: Hydreigon
|-supereffective|p2a: Hydreigon
|-damage|p2a: Hydreigon|0 fnt
|-heal|p1a: AllForNaught|235\/380|[from] drain|[of] p2a: Hydreigon
|faint|p2a: Hydreigon
|
|-heal|p1a: AllForNaught|258\/380|[from] item: Leftovers
|
|switch|p2a: Pidgeot|Pidgeot-Mega, M|256\/307
|turn|40
|
|switch|p1a: Hatred|Florges, F|303\/360
|-damage|p1a: Hatred|258\/360|[from] Stealth Rock
|move|p2a: Pidgeot|Hurricane|p1a: Hatred
|-damage|p1a: Hatred|158\/360
|-start|p1a: Hatred|confusion
|
|-heal|p1a: Hatred|180\/360|[from] item: Leftovers
|turn|41
|
|move|p2a: Pidgeot|Hurricane|p1a: Hatred
|-damage|p1a: Hatred|69\/360
|-activate|p1a: Hatred|confusion
|move|p1a: Hatred|Moonblast|p2a: Pidgeot
|-damage|p2a: Pidgeot|120\/307
|-unboost|p2a: Pidgeot|spa|1
|
|-heal|p1a: Hatred|91\/360|[from] item: Leftovers
|turn|42
|
|-end|p1a: Hatred|confusion
|move|p1a: Hatred|Protect|p1a: Hatred
|-singleturn|p1a: Hatred|Protect
|move|p2a: Pidgeot|U-turn|p1a: Hatred
|-activate|p1a: Hatred|Protect
|
|-heal|p1a: Hatred|113\/360|[from] item: Leftovers
|turn|43
|
|move|p2a: Pidgeot|U-turn|p1a: Hatred
|-resisted|p1a: Hatred
|-damage|p1a: Hatred|81\/360
|
|switch|p2a: Jirachi|Jirachi|56\/372
|move|p1a: Hatred|Wish|p1a: Hatred
|
|-heal|p1a: Hatred|103\/360|[from] item: Leftovers
|turn|44
|
|move|p1a: Hatred|Protect|p1a: Hatred
|-singleturn|p1a: Hatred|Protect
|move|p2a: Jirachi|Iron Head|p1a: Hatred
|-activate|p1a: Hatred|Protect
|
|-heal|p1a: Hatred|283\/360|[from] move: Wish|[wisher] Hatred
|-heal|p1a: Hatred|305\/360|[from] item: Leftovers
|turn|45
|
|move|p2a: Jirachi|Drain Punch|p1a: Hatred
|-resisted|p1a: Hatred
|-damage|p1a: Hatred|251\/360
|-heal|p2a: Jirachi|83\/372|[from] drain|[of] p1a: Hatred
|move|p1a: Hatred|Moonblast|p2a: Jirachi
|-resisted|p2a: Jirachi
|-damage|p2a: Jirachi|42\/372
|
|-heal|p1a: Hatred|273\/360|[from] item: Leftovers
|turn|46
|
|switch|p1a: AllForNaught|Chesnaught, M|258\/380
|-damage|p1a: AllForNaught|235\/380|[from] Stealth Rock
|move|p2a: Jirachi|Iron Head|p1a: AllForNaught
|-damage|p1a: AllForNaught|151\/380
|
|-heal|p1a: AllForNaught|174\/380|[from] item: Leftovers
|turn|47
|
|switch|p2a: Roserade|Roserade, M|284\/324
|move|p1a: AllForNaught|Spiky Shield|p1a: AllForNaught
|-fail|p1a: AllForNaught
|
|-heal|p2a: Roserade|304\/324|[from] item: Black Sludge
|-heal|p1a: AllForNaught|197\/380|[from] item: Leftovers
|turn|48
|
|move|p2a: Roserade|Sludge Bomb|p1a: AllForNaught
|-immune|p1a: AllForNaught|[msg]|[from] Bulletproof
|move|p1a: AllForNaught|Drain Punch|p2a: Roserade
|-resisted|p2a: Roserade
|-damage|p2a: Roserade|241\/324
|-heal|p1a: AllForNaught|229\/380|[from] drain|[of] p2a: Roserade
|
|-heal|p2a: Roserade|261\/324|[from] item: Black Sludge
|-heal|p1a: AllForNaught|252\/380|[from] item: Leftovers
|turn|49
|
|move|p2a: Roserade|Giga Drain|p1a: AllForNaught
|-resisted|p1a: AllForNaught
|-damage|p1a: AllForNaught|186\/380
|-heal|p2a: Roserade|294\/324|[from] drain|[of] p1a: AllForNaught
|move|p1a: AllForNaught|Drain Punch|p2a: Roserade
|-resisted|p2a: Roserade
|-damage|p2a: Roserade|224\/324
|-heal|p1a: AllForNaught|221\/380|[from] drain|[of] p2a: Roserade
|
|-heal|p2a: Roserade|244\/324|[from] item: Black Sludge
|-heal|p1a: AllForNaught|244\/380|[from] item: Leftovers
|turn|50
|
|move|p2a: Roserade|Giga Drain|p1a: AllForNaught
|-resisted|p1a: AllForNaught
|-damage|p1a: AllForNaught|178\/380
|-heal|p2a: Roserade|277\/324|[from] drain|[of] p1a: AllForNaught
|move|p1a: AllForNaught|Drain Punch|p2a: Roserade
|-resisted|p2a: Roserade
|-damage|p2a: Roserade|207\/324
|-heal|p1a: AllForNaught|213\/380|[from] drain|[of] p2a: Roserade
|
|-heal|p2a: Roserade|227\/324|[from] item: Black Sludge
|-heal|p1a: AllForNaught|236\/380|[from] item: Leftovers
|turn|51
|
|move|p2a: Roserade|Giga Drain|p1a: AllForNaught
|-resisted|p1a: AllForNaught
|-damage|p1a: AllForNaught|165\/380
|-heal|p2a: Roserade|263\/324|[from] drain|[of] p1a: AllForNaught
|move|p1a: AllForNaught|Drain Punch|p2a: Roserade
|-resisted|p2a: Roserade
|-damage|p2a: Roserade|201\/324
|-heal|p1a: AllForNaught|196\/380|[from] drain|[of] p2a: Roserade
|
|-heal|p2a: Roserade|221\/324|[from] item: Black Sludge
|-heal|p1a: AllForNaught|219\/380|[from] item: Leftovers
|turn|52
|
|move|p1a: AllForNaught|Spiky Shield|p1a: AllForNaught
|-singleturn|p1a: AllForNaught|move: Protect
|move|p2a: Roserade|Giga Drain|p1a: AllForNaught
|-activate|p1a: AllForNaught|move: Protect
|
|-heal|p2a: Roserade|241\/324|[from] item: Black Sludge
|-heal|p1a: AllForNaught|242\/380|[from] item: Leftovers
|turn|53
|
|move|p2a: Roserade|Giga Drain|p1a: AllForNaught
|-resisted|p1a: AllForNaught
|-damage|p1a: AllForNaught|179\/380
|-heal|p2a: Roserade|273\/324|[from] drain|[of] p1a: AllForNaught
|move|p1a: AllForNaught|Drain Punch|p2a: Roserade
|-resisted|p2a: Roserade
|-damage|p2a: Roserade|211\/324
|-heal|p1a: AllForNaught|210\/380|[from] drain|[of] p2a: Roserade
|
|-heal|p2a: Roserade|231\/324|[from] item: Black Sludge
|-heal|p1a: AllForNaught|233\/380|[from] item: Leftovers
|turn|54
|
|move|p2a: Roserade|Giga Drain|p1a: AllForNaught
|-resisted|p1a: AllForNaught
|-damage|p1a: AllForNaught|170\/380
|-heal|p2a: Roserade|263\/324|[from] drain|[of] p1a: AllForNaught
|move|p1a: AllForNaught|Drain Punch|p2a: Roserade
|-resisted|p2a: Roserade
|-damage|p2a: Roserade|198\/324
|-heal|p1a: AllForNaught|203\/380|[from] drain|[of] p2a: Roserade
|
|-heal|p2a: Roserade|218\/324|[from] item: Black Sludge
|-heal|p1a: AllForNaught|226\/380|[from] item: Leftovers
|turn|55
|
|move|p2a: Roserade|Giga Drain|p1a: AllForNaught
|-resisted|p1a: AllForNaught
|-damage|p1a: AllForNaught|157\/380
|-heal|p2a: Roserade|253\/324|[from] drain|[of] p1a: AllForNaught
|move|p1a: AllForNaught|Drain Punch|p2a: Roserade
|-resisted|p2a: Roserade
|-damage|p2a: Roserade|183\/324
|-heal|p1a: AllForNaught|192\/380|[from] drain|[of] p2a: Roserade
|
|-heal|p2a: Roserade|203\/324|[from] item: Black Sludge
|-heal|p1a: AllForNaught|215\/380|[from] item: Leftovers
|turn|56
|
|move|p1a: AllForNaught|Spiky Shield|p1a: AllForNaught
|-singleturn|p1a: AllForNaught|move: Protect
|move|p2a: Roserade|Giga Drain|p1a: AllForNaught
|-activate|p1a: AllForNaught|move: Protect
|
|-heal|p2a: Roserade|223\/324|[from] item: Black Sludge
|-heal|p1a: AllForNaught|238\/380|[from] item: Leftovers
|turn|57
|
|move|p2a: Roserade|Giga Drain|p1a: AllForNaught
|-resisted|p1a: AllForNaught
|-damage|p1a: AllForNaught|166\/380
|-heal|p2a: Roserade|259\/324|[from] drain|[of] p1a: AllForNaught
|move|p1a: AllForNaught|Drain Punch|p2a: Roserade
|-resisted|p2a: Roserade
|-damage|p2a: Roserade|193\/324
|-heal|p1a: AllForNaught|199\/380|[from] drain|[of] p2a: Roserade
|
|-heal|p2a: Roserade|213\/324|[from] item: Black Sludge
|-heal|p1a: AllForNaught|222\/380|[from] item: Leftovers
|turn|58
|
|move|p2a: Roserade|Sludge Bomb|p1a: AllForNaught
|-immune|p1a: AllForNaught|[msg]|[from] Bulletproof
|move|p1a: AllForNaught|Drain Punch|p2a: Roserade
|-resisted|p2a: Roserade
|-damage|p2a: Roserade|147\/324
|-heal|p1a: AllForNaught|255\/380|[from] drain|[of] p2a: Roserade
|
|-heal|p2a: Roserade|167\/324|[from] item: Black Sludge
|-heal|p1a: AllForNaught|278\/380|[from] item: Leftovers
|turn|59
|
|move|p2a: Roserade|Giga Drain|p1a: AllForNaught
|-resisted|p1a: AllForNaught
|-damage|p1a: AllForNaught|204\/380
|-heal|p2a: Roserade|204\/324|[from] drain|[of] p1a: AllForNaught
|move|p1a: AllForNaught|Drain Punch|p2a: Roserade
|-resisted|p2a: Roserade
|-damage|p2a: Roserade|138\/324
|-heal|p1a: AllForNaught|237\/380|[from] drain|[of] p2a: Roserade
|
|-heal|p2a: Roserade|158\/324|[from] item: Black Sludge
|-heal|p1a: AllForNaught|260\/380|[from] item: Leftovers
|turn|60
|
|move|p1a: AllForNaught|Spiky Shield|p1a: AllForNaught
|-singleturn|p1a: AllForNaught|move: Protect
|move|p2a: Roserade|Giga Drain|p1a: AllForNaught
|-activate|p1a: AllForNaught|move: Protect
|
|-heal|p2a: Roserade|178\/324|[from] item: Black Sludge
|-heal|p1a: AllForNaught|283\/380|[from] item: Leftovers
|turn|61
|
|move|p2a: Roserade|Giga Drain|p1a: AllForNaught
|-resisted|p1a: AllForNaught
|-damage|p1a: AllForNaught|218\/380
|-heal|p2a: Roserade|211\/324|[from] drain|[of] p1a: AllForNaught
|move|p1a: AllForNaught|Drain Punch|p2a: Roserade
|-resisted|p2a: Roserade
|-damage|p2a: Roserade|149\/324
|-heal|p1a: AllForNaught|249\/380|[from] drain|[of] p2a: Roserade
|
|-heal|p2a: Roserade|169\/324|[from] item: Black Sludge
|-heal|p1a: AllForNaught|272\/380|[from] item: Leftovers
|turn|62
|
|move|p2a: Roserade|Giga Drain|p1a: AllForNaught
|-resisted|p1a: AllForNaught
|-damage|p1a: AllForNaught|203\/380
|-heal|p2a: Roserade|204\/324|[from] drain|[of] p1a: AllForNaught
|move|p1a: AllForNaught|Drain Punch|p2a: Roserade
|-resisted|p2a: Roserade
|-damage|p2a: Roserade|138\/324
|-heal|p1a: AllForNaught|236\/380|[from] drain|[of] p2a: Roserade
|
|-heal|p2a: Roserade|158\/324|[from] item: Black Sludge
|-heal|p1a: AllForNaught|259\/380|[from] item: Leftovers
|turn|63
|
|move|p2a: Roserade|Giga Drain|p1a: AllForNaught
|-resisted|p1a: AllForNaught
|-damage|p1a: AllForNaught|195\/380
|-heal|p2a: Roserade|190\/324|[from] drain|[of] p1a: AllForNaught
|move|p1a: AllForNaught|Wood Hammer|p2a: Roserade
|-resisted|p2a: Roserade
|-damage|p2a: Roserade|133\/324
|-damage|p1a: AllForNaught|176\/380|[from] recoil|[of] p2a: Roserade
|
|-heal|p2a: Roserade|153\/324|[from] item: Black Sludge
|-heal|p1a: AllForNaught|199\/380|[from] item: Leftovers
|turn|64
|
|move|p2a: Roserade|Giga Drain|p1a: AllForNaught
|-resisted|p1a: AllForNaught
|-damage|p1a: AllForNaught|133\/380
|-heal|p2a: Roserade|186\/324|[from] drain|[of] p1a: AllForNaught
|move|p1a: AllForNaught|Wood Hammer|p2a: Roserade
|-resisted|p2a: Roserade
|-damage|p2a: Roserade|137\/324
|-damage|p1a: AllForNaught|117\/380|[from] recoil|[of] p2a: Roserade
|
|-heal|p2a: Roserade|157\/324|[from] item: Black Sludge
|-heal|p1a: AllForNaught|140\/380|[from] item: Leftovers
|turn|65
|
|move|p2a: Roserade|Giga Drain|p1a: AllForNaught
|-resisted|p1a: AllForNaught
|-damage|p1a: AllForNaught|77\/380
|-heal|p2a: Roserade|189\/324|[from] drain|[of] p1a: AllForNaught
|move|p1a: AllForNaught|Wood Hammer|p2a: Roserade
|-resisted|p2a: Roserade
|-damage|p2a: Roserade|135\/324
|-damage|p1a: AllForNaught|59\/380|[from] recoil|[of] p2a: Roserade
|
|-heal|p2a: Roserade|155\/324|[from] item: Black Sludge
|-heal|p1a: AllForNaught|82\/380|[from] item: Leftovers
|turn|66
|
|switch|p2a: Pidgeot|Pidgeot-Mega, M|120\/307
|move|p1a: AllForNaught|Wood Hammer|p2a: Pidgeot
|-crit|p2a: Pidgeot
|-resisted|p2a: Pidgeot
|-damage|p2a: Pidgeot|0 fnt
|-damage|p1a: AllForNaught|42\/380|[from] recoil|[of] p2a: Pidgeot
|faint|p2a: Pidgeot
|
|-heal|p1a: AllForNaught|65\/380|[from] item: Leftovers
|
|switch|p2a: Jirachi|Jirachi|42\/372
|turn|67
|
|switch|p2a: Roserade|Roserade, M|155\/324
|move|p1a: AllForNaught|Spiky Shield|p1a: AllForNaught
|-fail|p1a: AllForNaught
|
|-heal|p2a: Roserade|175\/324|[from] item: Black Sludge
|-heal|p1a: AllForNaught|88\/380|[from] item: Leftovers
|turn|68
|
|move|p2a: Roserade|Sludge Bomb|p1a: AllForNaught
|-immune|p1a: AllForNaught|[msg]|[from] Bulletproof
|move|p1a: AllForNaught|Wood Hammer|p2a: Roserade
|-resisted|p2a: Roserade
|-damage|p2a: Roserade|121\/324
|-damage|p1a: AllForNaught|70\/380|[from] recoil|[of] p2a: Roserade
|
|-heal|p2a: Roserade|141\/324|[from] item: Black Sludge
|-heal|p1a: AllForNaught|93\/380|[from] item: Leftovers
|turn|69
|
|move|p2a: Roserade|Leech Seed|p1a: AllForNaught
|-immune|p1a: AllForNaught|[msg]
|move|p1a: AllForNaught|Wood Hammer|p2a: Roserade
|-resisted|p2a: Roserade
|-damage|p2a: Roserade|92\/324
|-damage|p1a: AllForNaught|77\/380|[from] recoil|[of] p2a: Roserade
|
|-heal|p2a: Roserade|112\/324|[from] item: Black Sludge
|-heal|p1a: AllForNaught|100\/380|[from] item: Leftovers
|turn|70
|
|move|p2a: Roserade|Sleep Powder|p1a: AllForNaught|[miss]
|-miss|p2a: Roserade|p1a: AllForNaught
|move|p1a: AllForNaught|Wood Hammer|p2a: Roserade
|-resisted|p2a: Roserade
|-damage|p2a: Roserade|56\/324
|-damage|p1a: AllForNaught|82\/380|[from] recoil|[of] p2a: Roserade
|
|-heal|p2a: Roserade|76\/324|[from] item: Black Sludge
|-heal|p1a: AllForNaught|105\/380|[from] item: Leftovers
|turn|71
|c|âCracKPipeAndy|yo I cant hit u
|c|âCracKPipeAndy|i think u got this
|
|move|p2a: Roserade|Leech Seed|p1a: AllForNaught
|-immune|p1a: AllForNaught|[msg]
|move|p1a: AllForNaught|Wood Hammer|p2a: Roserade
|-resisted|p2a: Roserade
|-damage|p2a: Roserade|19\/324
|-damage|p1a: AllForNaught|86\/380|[from] recoil|[of] p2a: Roserade
|
|-heal|p2a: Roserade|39\/324|[from] item: Black Sludge
|-heal|p1a: AllForNaught|109\/380|[from] item: Leftovers
|turn|72
|c|âThePureJ|This is one weird match man
|
|move|p2a: Roserade|Leech Seed|p1a: AllForNaught
|-immune|p1a: AllForNaught|[msg]
|move|p1a: AllForNaught|Wood Hammer|p2a: Roserade
|-resisted|p2a: Roserade
|-damage|p2a: Roserade|0 fnt
|-damage|p1a: AllForNaught|96\/380|[from] recoil|[of] p2a: Roserade
|faint|p2a: Roserade
|
|-heal|p1a: AllForNaught|119\/380|[from] item: Leftovers
|
|switch|p2a: Jirachi|Jirachi|42\/372
|turn|73
|
|move|p1a: AllForNaught|Spiky Shield|p1a: AllForNaught
|-singleturn|p1a: AllForNaught|move: Protect
|move|p2a: Jirachi|Zen Headbutt|p1a: AllForNaught
|-activate|p1a: AllForNaught|move: Protect
|-damage|p2a: Jirachi|0 fnt|[from] Spiky Shield|[of] p1a: AllForNaught
|faint|p2a: Jirachi
|
|win|ThePureJ
|raw|Ladder updating...
|raw|ThePureJ's rating: 1309 &rarr; <strong>1328<\/strong><br \/>(+19 for winning)
|raw|CracKPipeAndy's rating: 1290 &rarr; <strong>1266<\/strong><br \/>(-24 for losing)
|c|âThePureJ|gg
|c|âCracKPipeAndy|gg