|join|ALeader Terra
|join|BlakJack
|player|p1|ALeader Terra|262
|player|p2|BlakJack|1
|gametype|singles
|tier|OU
|clearpoke
|poke|p1|Zoroark, F
|poke|p1|Bisharp, M
|poke|p1|Greninja, M
|poke|p1|Malamar, M
|poke|p1|Tyranitar, M
|poke|p1|Mandibuzz, F
|poke|p2|Swellow, M
|poke|p2|Hawlucha, M
|poke|p2|Talonflame, F
|poke|p2|Gyarados, F
|poke|p2|Togekiss, F
|poke|p2|Vivillon, M
|rule|Sleep Clause Mod: Limit one foe put to sleep
|rule|Species Clause: Limit one of each Pokemon
|rule|OHKO Clause: OHKO moves are banned
|rule|Moody Clause: Moody is banned
|rule|Evasion Moves Clause: Evasion moves are banned
|rule|Endless Battle Clause: Forcing endless battles is banned.
|rule|HP Percentage Mod: HP is reported as percentages
|teampreview
|callback|decision
|chat|BlakJack|gl hf
|chat|ALeader Terra|glhf
|
|start
|switch|p1a: Greninja|Greninja, M|286\/286
|switch|p2a: Swellow|Swellow, M|262\/262
|turn|1
|callback|decision
|
|move|p2a: Swellow|Facade|p1a: Greninja
|-damage|p1a: Greninja|163\/286
|-start|p1a: Greninja|typechange|Ice|[from] Protean
|move|p1a: Greninja|Ice Beam|p2a: Swellow
|-supereffective|p2a: Swellow
|-damage|p2a: Swellow|0 fnt
|-damage|p1a: Greninja|135\/286|[from] item: Life Orb
|faint|p2a: Swellow
|
|callback|decision
|
|switch|p2a: Hawlucha|Hawlucha, M|298\/298
|turn|2
|callback|decision
|
|move|p1a: Greninja|Ice Beam|p2a: Hawlucha
|-supereffective|p2a: Hawlucha
|-enditem|p2a: Hawlucha|Focus Sash
|-damage|p2a: Hawlucha|1\/298
|-damage|p1a: Greninja|107\/286|[from] item: Life Orb
|move|p2a: Hawlucha|High Jump Kick|p1a: Greninja
|-crit|p1a: Greninja
|-supereffective|p1a: Greninja
|-damage|p1a: Greninja|0 fnt
|faint|p1a: Greninja
|
|callback|decision
|
|switch|p1a: Malamar|Malamar, M|376\/376
|turn|3
|callback|decision
|
|move|p2a: Hawlucha|High Jump Kick|p1a: Malamar
|-damage|p1a: Malamar|232\/376
|move|p1a: Malamar|Reflect|p1a: Malamar
|-sidestart|p1: ALeader Terra|Reflect
|
|turn|4
|callback|decision
|
|move|p2a: Hawlucha|High Jump Kick|p1a: Malamar
|-damage|p1a: Malamar|155\/376
|move|p1a: Malamar|Light Screen|p1a: Malamar
|-sidestart|p1: ALeader Terra|move: Light Screen
|
|turn|5
|callback|decision
|
|move|p2a: Hawlucha|High Jump Kick|p1a: Malamar
|-damage|p1a: Malamar|81\/376
|move|p1a: Malamar|Superpower|p2a: Hawlucha
|-resisted|p2a: Hawlucha
|-damage|p2a: Hawlucha|0 fnt
|-boost|p1a: Malamar|atk|1
|-boost|p1a: Malamar|def|1
|faint|p2a: Hawlucha
|
|callback|decision
|
|switch|p2a: Togekiss|Togekiss, F|374\/374
|turn|6
|callback|decision
|
|switch|p1a: Mandibuzz|Mandibuzz, F|424\/424
|move|p2a: Togekiss|Thunder Wave|p1a: Mandibuzz
|-status|p1a: Mandibuzz|par
|
|turn|7
|callback|decision
|
|move|p2a: Togekiss|Air Slash|p1a: Mandibuzz
|-damage|p1a: Mandibuzz|363\/424 par
|move|p1a: Mandibuzz|Toxic|p2a: Togekiss
|-status|p2a: Togekiss|tox
|
|-heal|p1a: Mandibuzz|389\/424 par|[from] item: Leftovers
|-damage|p2a: Togekiss|351\/374 tox|[from] psn
|turn|8
|callback|decision
|join|AFrontier One
|chat|AFrontier One|BLAK BBY
|chat|AFrontier One|KICK HIS ASS
|
|move|p2a: Togekiss|Air Slash|p1a: Mandibuzz
|-damage|p1a: Mandibuzz|330\/424 par
|cant|p1a: Mandibuzz|flinch
|
|-heal|p2a: Togekiss|374\/374 tox|[from] item: Leftovers
|-heal|p1a: Mandibuzz|356\/424 par|[from] item: Leftovers
|-damage|p2a: Togekiss|328\/374 tox|[from] psn
|turn|9
|callback|decision
|chat|BlakJack|lol
|
|switch|p1a: Bisharp|Bisharp, M|272\/272
|move|p2a: Togekiss|Air Slash|p1a: Bisharp
|-resisted|p1a: Bisharp
|-damage|p1a: Bisharp|224\/272
|
|-heal|p2a: Togekiss|351\/374 tox|[from] item: Leftovers
|-damage|p2a: Togekiss|282\/374 tox|[from] psn
|turn|10
|callback|decision
|
|move|p1a: Bisharp|Iron Head|p2a: Togekiss
|-supereffective|p2a: Togekiss
|-damage|p2a: Togekiss|0 fnt
|faint|p2a: Togekiss
|
|-sideend|p1: ALeader Terra|Reflect
|callback|decision
|
|switch|p2a: Talonflame|Talonflame, F|298\/298
|turn|11
|callback|decision
|
|switch|p1a: Tyranitar|Tyranitar, M|342\/342
|-weather|Sandstorm
|move|p2a: Talonflame|Flare Blitz|p1a: Tyranitar
|-resisted|p1a: Tyranitar
|-damage|p1a: Tyranitar|256\/342
|-damage|p2a: Talonflame|270\/298|[from] recoil|[of] p1a: Tyranitar
|
|-weather|Sandstorm|[upkeep]
|-damage|p2a: Talonflame|252\/298|[from] sandstorm
|-sideend|p1: ALeader Terra|move: Light Screen
|turn|12
|callback|decision
|
|-formechange|p1a: Tyranitar|Tyranitar-Mega
|message|Tyranitar has Mega Evolved into Mega Tyranitar!
|move|p2a: Talonflame|Roost|p2a: Talonflame
|-heal|p2a: Talonflame|298\/298
|move|p1a: Tyranitar|Dragon Dance|p1a: Tyranitar
|-boost|p1a: Tyranitar|atk|1
|-boost|p1a: Tyranitar|spe|1
|
|-weather|Sandstorm|[upkeep]
|-damage|p2a: Talonflame|280\/298|[from] sandstorm
|turn|13
|callback|decision
|
|switch|p2a: Gyarados|Gyarados, F|332\/332
|-ability|p2a: Gyarados|Intimidate|[of] p1a: Tyranitar
|-unboost|p1a: Tyranitar|atk|1
|move|p1a: Tyranitar|Dragon Dance|p1a: Tyranitar
|-boost|p1a: Tyranitar|atk|1
|-boost|p1a: Tyranitar|spe|1
|
|-weather|Sandstorm|[upkeep]
|-damage|p2a: Gyarados|312\/332|[from] sandstorm
|turn|14
|callback|decision
|chat|AFrontier One|cmon BLAK
|
|-formechange|p2a: Gyarados|Gyarados-Mega
|message|Gyarados has Mega Evolved into Mega Gyarados!
|-ability|p2a: Gyarados|Mold Breaker
|move|p1a: Tyranitar|Stone Edge|p2a: Gyarados
|-damage|p2a: Gyarados|0 fnt
|faint|p2a: Gyarados
|
|-weather|Sandstorm|[upkeep]
|callback|decision
|chat|AFrontier One|PULL IT TOGETHER
|
|switch|p2a: Vivillon|Vivillon, M|301\/301
|turn|15
|callback|decision
|
|move|p1a: Tyranitar|Crunch|p2a: Vivillon
|-enditem|p2a: Vivillon|Focus Sash
|-damage|p2a: Vivillon|1\/301
|-unboost|p2a: Vivillon|def|1
|move|p2a: Vivillon|Sleep Powder|p1a: Tyranitar
|-status|p1a: Tyranitar|slp
|
|-weather|none
|turn|16
|callback|decision
|chat|BlakJack|well fuck
|
|cant|p1a: Tyranitar|slp
|move|p2a: Vivillon|Quiver Dance|p2a: Vivillon
|-boost|p2a: Vivillon|spa|1
|-boost|p2a: Vivillon|spd|1
|-boost|p2a: Vivillon|spe|1
|
|turn|17
|callback|decision
|
|cant|p1a: Tyranitar|slp
|move|p2a: Vivillon|Quiver Dance|p2a: Vivillon
|-boost|p2a: Vivillon|spa|1
|-boost|p2a: Vivillon|spd|1
|-boost|p2a: Vivillon|spe|1
|
|turn|18
|callback|decision
|
|move|p2a: Vivillon|Bug Buzz|p1a: Tyranitar
|-supereffective|p1a: Tyranitar
|-damage|p1a: Tyranitar|0 fnt
|faint|p1a: Tyranitar
|
|callback|decision
|
|switch|p1a: Mandibuzz|Mandibuzz, F|356\/424 par
|turn|19
|callback|decision
|
|move|p2a: Vivillon|Hurricane|p1a: Mandibuzz
|-damage|p1a: Mandibuzz|86\/424 par
|-start|p1a: Mandibuzz|confusion
|cant|p1a: Mandibuzz|par
|
|-heal|p1a: Mandibuzz|112\/424 par|[from] item: Leftovers
|turn|20
|callback|decision
|
|move|p2a: Vivillon|Hurricane|p1a: Mandibuzz
|-damage|p1a: Mandibuzz|0 fnt
|faint|p1a: Mandibuzz
|
|callback|decision
|
|switch|p1a: Bisharp|Bisharp, M|224\/272
|turn|21
|callback|decision
|
|move|p1a: Bisharp|Sucker Punch|p2a: Vivillon
|-fail|p2a: Vivillon
|move|p2a: Vivillon|Sleep Powder|p1a: Bisharp
|-status|p1a: Bisharp|slp
|
|turn|22
|callback|decision
|
|cant|p1a: Bisharp|slp
|move|p2a: Vivillon|Bug Buzz|p1a: Bisharp
|-damage|p1a: Bisharp|0 fnt
|faint|p1a: Bisharp
|
|callback|decision
|chat|AFrontier One|YES
|chat|AFrontier One|BBY I BELIEVE
|
|switch|p1a: Malamar|Malamar, M|262\/262
|turn|23
|callback|decision
|
|move|p2a: Vivillon|Sleep Powder|p1a: Malamar
|-status|p1a: Malamar|slp
|cant|p1a: Malamar|slp
|
|turn|24
|callback|decision
|
|move|p2a: Vivillon|Bug Buzz|p1a: Malamar
|-supereffective|p1a: Malamar
|-enditem|p1a: Malamar|Focus Sash
|replace|p1a: Zoroark|Zoroark, F|262\/262 slp
|-damage|p1a: Zoroark|1\/262 slp
|-unboost|p1a: Zoroark|spd|1
|-curestatus|p1a: Zoroark|slp
|move|p1a: Zoroark|Night Daze|p2a: Vivillon
|-damage|p2a: Vivillon|0 fnt
|faint|p2a: Vivillon
|
|callback|decision
|chat|ALeader Terra|hmm gg
|
|switch|p2a: Talonflame|Talonflame, F|280\/298
|turn|25
|callback|decision
|chat|AFrontier One|...
|
|move|p2a: Talonflame|Acrobatics|p1a: Zoroark
|-damage|p1a: Zoroark|0 fnt
|faint|p1a: Zoroark
|
|callback|decision
|
|switch|p1a: Malamar|Malamar, M|81\/376
|turn|26
|callback|decision
|chat|AFrontier One|dat 1 turn wake up
|chat|AFrontier One|AHHH
|
|move|p2a: Talonflame|Flare Blitz|p1a: Malamar
|-damage|p1a: Malamar|0 fnt
|-damage|p2a: Talonflame|253\/298|[from] recoil|[of] p1a: Malamar
|faint|p1a: Malamar
|
|win|BlakJack
|chat|BlakJack|gg
|chat|BlakJack|that comeback
|chat|BlakJack|epic
|chat|AFrontier One|lel
|chat|BlakJack|vivillon ftw
|chat|AFrontier One|BLAK IS DA BEST