|join|ALeader. Pyroar
|join|terra1396
|player|p1|ALeader. Pyroar|65
|player|p2|terra1396|99
|gametype|singles
|tier|OU
|clearpoke
|poke|p1|Nidoqueen, F, shiny
|poke|p1|Weezing, M, shiny
|poke|p1|Toxicroak, F
|poke|p1|Scolipede, M
|poke|p1|Gengar, F, shiny
|poke|p1|Venusaur, M, shiny
|poke|p2|Zoroark, F
|poke|p2|Bronzong, shiny
|poke|p2|Scolipede, M
|poke|p2|Garchomp, F
|poke|p2|Genesect
|poke|p2|Talonflame, M
|rule|Sleep Clause Mod: Limit one foe put to sleep
|rule|Species Clause: Limit one of each Pokemon
|rule|OHKO Clause: OHKO moves are banned
|rule|Moody Clause: Moody is banned
|rule|Evasion Moves Clause: Evasion moves are banned
|rule|Endless Battle Clause: Forcing endless battles is banned.
|rule|HP Percentage Mod: HP is reported as percentages
|teampreview
|callback|decision
|chat|terra1396|glhf
|chat|ALeader. Pyroar|Hello, trainer. I am Pyroar. I am the Poison type gym leader of Armeggedon. As a gym leader, I will so my best to utterly destroy you.
|
|start
|switch|p1a: Nidoqueen|Nidoqueen, F, shiny|384\/384
|switch|p2a: Bronzong|Bronzong, shiny|262\/262
|turn|1
|callback|decision
|chat|terra1396|likewise
|chat|terra1396|I need only two more for 20 badges
|
|move|p2a: Bronzong|Nasty Plot|p2a: Bronzong
|-boost|p2a: Bronzong|spa|2
|move|p1a: Nidoqueen|Fire Blast|p2a: Bronzong
|replace|p2a: Zoroark|Zoroark, F|262\/262
|-damage|p2a: Zoroark|12\/262
|
|turn|2
|callback|decision
|chat|ALeader. Pyroar|Hmmm....Nice trainer, nice.
|
|move|p2a: Zoroark|Night Daze|p1a: Nidoqueen
|-damage|p1a: Nidoqueen|81\/384
|-unboost|p1a: Nidoqueen|accuracy|1
|move|p1a: Nidoqueen|Ice Beam|p2a: Zoroark
|-crit|p2a: Zoroark
|-damage|p2a: Zoroark|0 fnt
|faint|p2a: Zoroark
|
|callback|decision
|chat|terra1396|hmm
|chat|terra1396|Almost nobody starts with an attack like that
|
|switch|p2a: Genesect|Genesect|283\/283
|-boost|p2a: Genesect|spa|1|[from] ability: Download
|turn|3
|callback|decision
|chat|ALeader. Pyroar|Hmmm..oh.
|
|move|p2a: Genesect|Ice Beam|p1a: Nidoqueen
|-supereffective|p1a: Nidoqueen
|-damage|p1a: Nidoqueen|0 fnt
|faint|p1a: Nidoqueen
|
|callback|decision
|chat|terra1396|Zoroark was a big pain to many
|
|switch|p1a: Weezing|Weezing, M, shiny|272\/272
|turn|4
|callback|decision
|
|switch|p2a: Bronzong|Bronzong, shiny|338\/338
|move|p1a: Weezing|Clear Smog|p2a: Bronzong
|-immune|p2a: Bronzong|[msg]
|
|turn|5
|callback|decision
|
|move|p1a: Weezing|Shadow Ball|p2a: Bronzong
|-supereffective|p2a: Bronzong
|-damage|p2a: Bronzong|222\/338
|move|p2a: Bronzong|Light Screen|p2a: Bronzong
|-sidestart|p2: terra1396|move: Light Screen
|
|turn|6
|callback|decision
|
|move|p1a: Weezing|Clear Smog|p2a: Bronzong
|-immune|p2a: Bronzong|[msg]
|move|p2a: Bronzong|Reflect|p2a: Bronzong
|-sidestart|p2: terra1396|Reflect
|
|turn|7
|callback|decision
|
|move|p1a: Weezing|Dark Pulse|p2a: Bronzong
|-supereffective|p2a: Bronzong
|-damage|p2a: Bronzong|164\/338
|move|p2a: Bronzong|Stealth Rock|p1a: Weezing
|-sidestart|p1: ALeader. Pyroar|move: Stealth Rock
|
|turn|8
|callback|decision
|
|switch|p2a: Genesect|Genesect|283\/283
|-boost|p2a: Genesect|spa|1|[from] ability: Download
|move|p1a: Weezing|Shadow Ball|p2a: Genesect
|-damage|p2a: Genesect|248\/283
|
|turn|9
|callback|decision
|
|move|p2a: Genesect|Flash Cannon|p1a: Weezing
|-damage|p1a: Weezing|0 fnt
|faint|p1a: Weezing
|
|callback|decision
|
|switch|p1a: Toxicroak|Toxicroak, F|370\/370
|-damage|p1a: Toxicroak|347\/370|[from] Stealth Rock
|turn|10
|callback|decision
|
|switch|p2a: Scolipede|Scolipede, M|324\/324
|move|p1a: Toxicroak|Swords Dance|p1a: Toxicroak
|-boost|p1a: Toxicroak|atk|2
|
|-heal|p1a: Toxicroak|370\/370|[from] item: Black Sludge
|turn|11
|callback|decision
|
|move|p2a: Scolipede|Swords Dance|p2a: Scolipede
|-boost|p2a: Scolipede|atk|2
|move|p1a: Toxicroak|Ice Punch|p2a: Scolipede
|-damage|p2a: Scolipede|246\/324
|
|-boost|p2a: Scolipede|spe|1|[from] ability: Speed Boost
|turn|12
|callback|decision
|
|move|p2a: Scolipede|Swords Dance|p2a: Scolipede
|-boost|p2a: Scolipede|atk|2
|move|p1a: Toxicroak|Ice Punch|p2a: Scolipede
|-damage|p2a: Scolipede|172\/324
|
|-sideend|p2: terra1396|move: Light Screen
|-boost|p2a: Scolipede|spe|1|[from] ability: Speed Boost
|turn|13
|callback|decision
|
|move|p2a: Scolipede|Earthquake|p1a: Toxicroak
|-supereffective|p1a: Toxicroak
|-damage|p1a: Toxicroak|0 fnt
|faint|p1a: Toxicroak
|
|-sideend|p2: terra1396|Reflect
|-boost|p2a: Scolipede|spe|1|[from] ability: Speed Boost
|callback|decision
|
|switch|p1a: Scolipede|Scolipede, M|262\/262
|-damage|p1a: Scolipede|197\/262|[from] Stealth Rock
|turn|14
|callback|decision
|
|move|p1a: Scolipede|Protect|p1a: Scolipede
|-singleturn|p1a: Scolipede|Protect
|move|p2a: Scolipede|Baton Pass|p2a: Scolipede
|callback|decision
|
|switch|p2a: Garchomp|Garchomp, F|420\/420
|
|-heal|p1a: Scolipede|213\/262|[from] item: Black Sludge
|-boost|p1a: Scolipede|spe|1|[from] ability: Speed Boost
|turn|15
|callback|decision
|chat|terra1396|hmm I thought you might have a sash
|
|move|p2a: Garchomp|Earthquake|p1a: Scolipede
|-damage|p1a: Scolipede|0 fnt
|faint|p1a: Scolipede
|
|callback|decision
|
|switch|p1a: Gengar|Gengar, F, shiny|262\/262
|-damage|p1a: Gengar|230\/262|[from] Stealth Rock
|turn|16
|callback|decision
|
|move|p2a: Garchomp|Outrage|p1a: Gengar
|-damage|p1a: Gengar|0 fnt
|faint|p1a: Gengar
|
|callback|decision
|
|switch|p1a: Venusaur|Venusaur, M, shiny|302\/302
|-damage|p1a: Venusaur|265\/302|[from] Stealth Rock
|turn|17
|callback|decision
|chat|ALeader. Pyroar|Hmm....it seems as if you've won
|chat|terra1396|ya gg
|chat|ALeader. Pyroar|Congratulations, challenger. I present to you, the Soul Badge. Poke up to level 80 will obey you. Also, have this tm, Sludge Bomb
|
|-formechange|p1a: Venusaur|Venusaur-Mega
|message|Venusaur has Mega Evolved into Mega Venusaur!
|move|p2a: Garchomp|Outrage|p1a: Venusaur
|-damage|p1a: Venusaur|0 fnt
|faint|p1a: Venusaur
|
|win|terra1396
|chat|terra1396|lol thanks
|chat|terra1396|this makes 19