|join|ALeader~Clumzzy!
|join|terra1396
|player|p1|ALeader~Clumzzy!|infernape.gif
|player|p2|terra1396|99
|gametype|singles
|tier|OU
|clearpoke
|poke|p1|Mawile, M, shiny
|poke|p1|Klefki, M, shiny
|poke|p1|Gardevoir, F, shiny
|poke|p1|Sylveon, M, shiny
|poke|p1|Togekiss, M, shiny
|poke|p1|Azumarill, F, shiny
|poke|p2|Zoroark, F
|poke|p2|Bronzong, shiny
|poke|p2|Scolipede, M
|poke|p2|Garchomp, F
|poke|p2|Genesect
|poke|p2|Talonflame, M
|rule|Sleep Clause Mod: Limit one foe put to sleep
|rule|Species Clause: Limit one of each Pokemon
|rule|OHKO Clause: OHKO moves are banned
|rule|Moody Clause: Moody is banned
|rule|Evasion Moves Clause: Evasion moves are banned
|rule|Endless Battle Clause: Forcing endless battles is banned.
|rule|HP Percentage Mod: HP is reported as percentages
|teampreview
|callback|decision
|chat|ALeader~Clumzzy!|good luck have fun :D
|chat|terra1396|You may give me my first loss
|chat|terra1396|My team is ill equipped against fairies lol
|chat|ALeader~Clumzzy!|im on a 9 winning streak :P
|chat|terra1396|I'm on a seven winning streak lol
|chat|ALeader~Clumzzy!|lol
|
|start
|switch|p1a: 50 cent|Klefki, M, shiny|318\/318
|switch|p2a: Bronzong|Bronzong, shiny|262\/262
|turn|1
|callback|decision
|
|move|p1a: 50 cent|Swagger|p2a: Bronzong
|-boost|p2a: Bronzong|atk|2
|-start|p2a: Bronzong|confusion
|-activate|p2a: Bronzong|confusion
|move|p2a: Bronzong|Flamethrower|p1a: 50 cent
|-supereffective|p1a: 50 cent
|-damage|p1a: 50 cent|142\/318
|
|turn|2
|callback|decision
|
|-activate|p2a: Bronzong|confusion
|-damage|p2a: Bronzong|165\/262|[from] confusion
|move|p1a: 50 cent|Foul Play|p2a: Bronzong
|-crit|p2a: Bronzong
|-resisted|p2a: Bronzong
|replace|p2a: Zoroark|Zoroark, F|165\/262
|-damage|p2a: Zoroark|12\/262
|
|turn|3
|callback|decision
|chat|ALeader~Clumzzy!|oh dayum
|
|move|p1a: 50 cent|Thunder Wave|p2a: Zoroark
|-status|p2a: Zoroark|par
|cant|p2a: Zoroark|par
|
|turn|4
|callback|decision
|
|move|p1a: 50 cent|Foul Play|p2a: Zoroark
|-resisted|p2a: Zoroark
|-damage|p2a: Zoroark|0 fnt
|faint|p2a: Zoroark
|
|callback|decision
|chat|terra1396|darn this thing
|chat|ALeader~Clumzzy!|lol
|
|switch|p2a: Genesect|Genesect|283\/283
|-boost|p2a: Genesect|atk|1|[from] ability: Download
|turn|5
|callback|decision
|chat|ALeader~Clumzzy!|i had to cuz there is not lots of fairys to choose from
|
|move|p1a: 50 cent|Swagger|p2a: Genesect
|-boost|p2a: Genesect|atk|2
|-start|p2a: Genesect|confusion
|-activate|p2a: Genesect|confusion
|-damage|p2a: Genesect|167\/283|[from] confusion
|
|turn|6
|callback|decision
|
|-activate|p2a: Genesect|confusion
|move|p2a: Genesect|U-turn|p1a: 50 cent
|-resisted|p1a: 50 cent
|-damage|p1a: 50 cent|75\/318
|callback|decision
|
|switch|p2a: Talonflame|Talonflame, M|298\/298
|move|p1a: 50 cent|Foul Play|p2a: Talonflame
|-damage|p2a: Talonflame|171\/298
|
|turn|7
|callback|decision
|
|move|p2a: Talonflame|Brave Bird|p1a: 50 cent
|-resisted|p1a: 50 cent
|-damage|p1a: 50 cent|0 fnt
|-damage|p2a: Talonflame|146\/298|[from] recoil|[of] p1a: 50 cent
|-damage|p2a: Talonflame|117\/298|[from] item: Life Orb
|faint|p1a: 50 cent
|
|callback|decision
|
|switch|p1a: AquaZuZu|Azumarill, F, shiny|404\/404
|turn|8
|callback|decision
|
|move|p2a: Talonflame|Brave Bird|p1a: AquaZuZu
|-crit|p1a: AquaZuZu
|-damage|p1a: AquaZuZu|0 fnt
|-damage|p2a: Talonflame|0 fnt|[from] recoil|[of] p1a: AquaZuZu
|faint|p1a: AquaZuZu
|faint|p2a: Talonflame
|
|callback|decision
|chat|ALeader~Clumzzy!|O.O
|chat|terra1396|Phew got some luck back
|
|switch|p1a: SylvStar|Sylveon, M, shiny|394\/394
|switch|p2a: Bronzong|Bronzong, shiny|338\/338
|turn|9
|callback|decision
|chat|ALeader~Clumzzy!|lol
|
|move|p1a: SylvStar|Shadow Ball|p2a: Bronzong
|-supereffective|p2a: Bronzong
|-damage|p2a: Bronzong|190\/338
|move|p2a: Bronzong|Light Screen|p2a: Bronzong
|-sidestart|p2: terra1396|move: Light Screen
|
|turn|10
|callback|decision
|
|move|p1a: SylvStar|Hyper Voice|p2a: Bronzong
|-resisted|p2a: Bronzong
|-damage|p2a: Bronzong|139\/338
|move|p2a: Bronzong|Stealth Rock|p1a: SylvStar
|-sidestart|p1: ALeader~Clumzzy!|move: Stealth Rock
|
|turn|11
|callback|decision
|
|move|p1a: SylvStar|Shadow Ball|p2a: Bronzong
|-crit|p2a: Bronzong
|-supereffective|p2a: Bronzong
|-damage|p2a: Bronzong|0 fnt
|faint|p2a: Bronzong
|
|callback|decision
|
|switch|p2a: Scolipede|Scolipede, M|324\/324
|turn|12
|callback|decision
|
|move|p2a: Scolipede|Swords Dance|p2a: Scolipede
|-boost|p2a: Scolipede|atk|2
|move|p1a: SylvStar|Hyper Beam|p2a: Scolipede
|-resisted|p2a: Scolipede
|-damage|p2a: Scolipede|194\/324
|
|-boost|p2a: Scolipede|spe|1|[from] ability: Speed Boost
|turn|13
|callback|decision
|
|move|p2a: Scolipede|Swords Dance|p2a: Scolipede
|-boost|p2a: Scolipede|atk|2
|cant|p1a: SylvStar|recharge
|
|-boost|p2a: Scolipede|spe|1|[from] ability: Speed Boost
|turn|14
|callback|decision
|chat|ALeader~Clumzzy!|shit
|
|move|p2a: Scolipede|Baton Pass|p2a: Scolipede
|callback|decision
|
|switch|p2a: Garchomp|Garchomp, F|420\/420
|move|p1a: SylvStar|Psyshock|p2a: Garchomp
|-damage|p2a: Garchomp|380\/420
|
|turn|15
|callback|decision
|
|move|p2a: Garchomp|Earthquake|p1a: SylvStar
|-damage|p1a: SylvStar|0 fnt
|faint|p1a: SylvStar
|
|callback|decision
|
|switch|p1a: LadyGarGar|Gardevoir, F, shiny|277\/277
|-damage|p1a: LadyGarGar|243\/277|[from] Stealth Rock
|-ability|p1a: LadyGarGar|Rough Skin|[from] ability: Trace|[of] p2a: Garchomp
|turn|16
|callback|decision
|chat|terra1396|I maximized bulk on this thing
|
|move|p2a: Garchomp|Earthquake|p1a: LadyGarGar
|-damage|p1a: LadyGarGar|0 fnt
|faint|p1a: LadyGarGar
|
|-sideend|p2: terra1396|move: Light Screen
|callback|decision
|chat|ALeader~Clumzzy!|nice
|
|switch|p1a: Togeon|Togekiss, M, shiny|374\/374
|-damage|p1a: Togeon|281\/374|[from] Stealth Rock
|turn|17
|callback|decision
|chat|terra1396|It is very annoying to tak out lol
|chat|terra1396|*take
|
|move|p2a: Garchomp|Stone Edge|p1a: Togeon|[miss]
|-miss|p2a: Garchomp|p1a: Togeon
|move|p1a: Togeon|Thunder Wave|p2a: Garchomp
|-immune|p2a: Garchomp|[msg]
|
|turn|18
|callback|decision
|chat|ALeader~Clumzzy!|FK
|chat|ALeader~Clumzzy!|forgot its part ground
|
|move|p2a: Garchomp|Stone Edge|p1a: Togeon|[miss]
|-miss|p2a: Garchomp|p1a: Togeon
|move|p1a: Togeon|Air Slash|p2a: Garchomp
|-damage|p2a: Garchomp|287\/420
|
|turn|19
|callback|decision
|
|move|p2a: Garchomp|Stone Edge|p1a: Togeon|[miss]
|-miss|p2a: Garchomp|p1a: Togeon
|move|p1a: Togeon|Air Slash|p2a: Garchomp
|-damage|p2a: Garchomp|191\/420
|
|turn|20
|callback|decision
|
|move|p2a: Garchomp|Stone Edge|p1a: Togeon
|-supereffective|p1a: Togeon
|-damage|p1a: Togeon|0 fnt
|faint|p1a: Togeon
|
|callback|decision
|chat|terra1396|finally lol
|
|switch|p1a: Nicki Minaj|Mawile, M, shiny|304\/304
|-damage|p1a: Nicki Minaj|285\/304|[from] Stealth Rock
|-ability|p1a: Nicki Minaj|Intimidate|[of] p2a: Garchomp
|-unboost|p2a: Garchomp|atk|1
|turn|21
|callback|decision
|
|-formechange|p1a: Nicki Minaj|Mawile-Mega
|message|Mawile has Mega Evolved into Mega Mawile!
|move|p1a: Nicki Minaj|Sucker Punch|p2a: Garchomp
|-damage|p2a: Garchomp|37\/420
|-damage|p1a: Nicki Minaj|247\/304|[from] ability: Rough Skin|[of] p2a: Garchomp
|move|p2a: Garchomp|Earthquake|p1a: Nicki Minaj
|-supereffective|p1a: Nicki Minaj
|-damage|p1a: Nicki Minaj|0 fnt
|faint|p1a: Nicki Minaj
|
|win|terra1396
|chat|terra1396|gg
|chat|ALeader~Clumzzy!|gg
|chat|ALeader~Clumzzy!|congrats
|chat|terra1396|8 badges in a row whew
|chat|ALeader~Clumzzy!|lol nice!
|chat|terra1396|Your team was awfully dangerous though
|chat|ALeader~Clumzzy!|lol
|leave|ALeader~Clumzzy!
|player|p1
|chat|terra1396|But I'm not changing my team for anything the whole league