|join|terra1396
|join|ALeader Hoaxer
|player|p1|terra1396|99
|player|p2|ALeader Hoaxer|189
|gametype|singles
|tier|OU
|clearpoke
|poke|p1|Zoroark, F
|poke|p1|Bronzong, shiny
|poke|p1|Scolipede, M
|poke|p1|Garchomp, F
|poke|p1|Genesect
|poke|p1|Talonflame, M
|poke|p2|Genesect, shiny
|poke|p2|Scizor, F
|poke|p2|Durant, M, shiny
|poke|p2|Volcarona, F, shiny
|poke|p2|Forretress, F, shiny
|poke|p2|Heracross, M
|rule|Sleep Clause Mod: Limit one foe put to sleep
|rule|Species Clause: Limit one of each Pokemon
|rule|OHKO Clause: OHKO moves are banned
|rule|Moody Clause: Moody is banned
|rule|Evasion Moves Clause: Evasion moves are banned
|rule|Endless Battle Clause: Forcing endless battles is banned.
|rule|HP Percentage Mod: HP is reported as percentages
|teampreview
|callback|decision
|
|start
|switch|p1a: Scolipede|Scolipede, M|262\/262
|switch|p2a: The Pawn|Durant, M, shiny|258\/258
|turn|1
|callback|decision
|
|move|p2a: The Pawn|Hone Claws|p2a: The Pawn
|-boost|p2a: The Pawn|atk|1
|-boost|p2a: The Pawn|accuracy|1
|move|p1a: Scolipede|Flamethrower|p2a: The Pawn
|-supereffective|p2a: The Pawn
|-enditem|p2a: The Pawn|Focus Sash
|-damage|p2a: The Pawn|1\/258
|
|turn|2
|callback|decision
|
|move|p2a: The Pawn|Stone Edge|p1a: Scolipede
|-enditem|p1a: Scolipede|Focus Sash
|replace|p1a: Zoroark|Zoroark, F|262\/262
|-damage|p1a: Zoroark|1\/262
|move|p1a: Zoroark|Flamethrower|p2a: The Pawn
|-supereffective|p2a: The Pawn
|-damage|p2a: The Pawn|0 fnt
|faint|p2a: The Pawn
|
|callback|decision
|
|switch|p2a: The Bishop|Genesect, shiny|283\/283
|-boost|p2a: The Bishop|spa|1|[from] ability: Download
|turn|3
|callback|decision
|
|move|p1a: Zoroark|Flamethrower|p2a: The Bishop
|-supereffective|p2a: The Bishop
|-enditem|p2a: The Bishop|Focus Sash
|-damage|p2a: The Bishop|1\/283
|move|p2a: The Bishop|X-Scissor|p1a: Zoroark
|-supereffective|p1a: Zoroark
|-damage|p1a: Zoroark|0 fnt
|faint|p1a: Zoroark
|
|callback|decision
|
|switch|p1a: Genesect|Genesect|283\/283
|-boost|p1a: Genesect|atk|1|[from] ability: Download
|turn|4
|callback|decision
|
|move|p1a: Genesect|U-turn|p2a: The Bishop
|-resisted|p2a: The Bishop
|-damage|p2a: The Bishop|0 fnt
|faint|p2a: The Bishop
|callback|decision
|
|switch|p1a: Talonflame|Talonflame, M|298\/298
|
|callback|decision
|
|switch|p2a: The King|Heracross, M|364\/364
|turn|5
|callback|decision
|
|move|p1a: Talonflame|U-turn|p2a: The King
|-crit|p2a: The King
|-resisted|p2a: The King
|-damage|p2a: The King|285\/364
|-damage|p1a: Talonflame|269\/298|[from] item: Life Orb
|callback|decision
|
|switch|p1a: Bronzong|Bronzong, shiny|338\/338
|move|p2a: The King|Stone Edge|p1a: Bronzong
|-resisted|p1a: Bronzong
|-damage|p1a: Bronzong|288\/338
|
|turn|6
|callback|decision
|
|move|p2a: The King|Earthquake|p1a: Bronzong
|-immune|p1a: Bronzong|[msg]
|move|p1a: Bronzong|Stealth Rock|p2a: The King
|-sidestart|p2: ALeader Hoaxer|move: Stealth Rock
|
|turn|7
|callback|decision
|
|switch|p2a: The Rook|Volcarona, F, shiny|312\/312
|-damage|p2a: The Rook|156\/312|[from] Stealth Rock
|-item|p2a: The Rook|Air Balloon
|move|p1a: Bronzong|Reflect|p1a: Bronzong
|-sidestart|p1: terra1396|Reflect
|
|turn|8
|callback|decision
|
|move|p2a: The Rook|Fiery Dance|p1a: Bronzong
|-crit|p1a: Bronzong
|-supereffective|p1a: Bronzong
|-damage|p1a: Bronzong|0 fnt
|-boost|p2a: The Rook|spa|1
|faint|p1a: Bronzong
|
|callback|decision
|
|switch|p1a: Talonflame|Talonflame, M|269\/298
|turn|9
|callback|decision
|
|move|p1a: Talonflame|Brave Bird|p2a: The Rook
|-supereffective|p2a: The Rook
|-damage|p2a: The Rook|0 fnt
|-damage|p1a: Talonflame|218\/298|[from] recoil|[of] p2a: The Rook
|-enditem|p2a: The Rook|Air Balloon
|-damage|p1a: Talonflame|189\/298|[from] item: Life Orb
|faint|p2a: The Rook
|
|callback|decision
|
|switch|p2a: The Queen|Forretress, F, shiny|291\/291
|-damage|p2a: The Queen|255\/291|[from] Stealth Rock
|turn|10
|callback|decision
|
|move|p1a: Talonflame|Flare Blitz|p2a: The Queen
|-supereffective|p2a: The Queen
|-damage|p2a: The Queen|0 fnt
|-damage|p1a: Talonflame|105\/298|[from] recoil|[of] p2a: The Queen
|-damage|p1a: Talonflame|76\/298|[from] item: Life Orb
|faint|p2a: The Queen
|
|callback|decision
|
|switch|p2a: The Knight|Scizor, F|344\/344
|-damage|p2a: The Knight|301\/344|[from] Stealth Rock
|turn|11
|callback|decision
|
|-formechange|p2a: The Knight|Scizor-Mega
|message|Scizor has Mega Evolved into Mega Scizor!
|move|p1a: Talonflame|Brave Bird|p2a: The Knight
|-damage|p2a: The Knight|122\/344
|-damage|p1a: Talonflame|17\/298|[from] recoil|[of] p2a: The Knight
|-damage|p1a: Talonflame|0 fnt|[from] item: Life Orb
|faint|p1a: Talonflame
|move|p2a: The Knight|Bullet Punch|p1: Talonflame|[notarget]
|-notarget
|
|callback|decision
|
|switch|p1a: Garchomp|Garchomp, F|420\/420
|turn|12
|callback|decision
|
|move|p1a: Garchomp|Earthquake|p2a: The Knight
|-damage|p2a: The Knight|0 fnt
|faint|p2a: The Knight
|
|callback|decision
|chat|ALeader Hoaxer|gg
|
|switch|p2a: The King|Heracross, M|285\/364
|-damage|p2a: The King|240\/364|[from] Stealth Rock
|turn|13
|callback|decision
|chat|terra1396|gg
|
|move|p1a: Garchomp|Outrage|p2a: The King
|-damage|p2a: The King|0 fnt
|faint|p2a: The King
|
|win|terra1396
|chat|ALeader Hoaxer|Make sure you save the replay
|leave|ALeader Hoaxer
|player|p2
|chat|terra1396|Ya