|join|ALeader PokemonRg
|join|terra1396
|player|p1|ALeader PokemonRg|269
|player|p2|terra1396|99
|gametype|singles
|tier|OU
|clearpoke
|poke|p1|Aegislash, M
|poke|p1|Banette, M
|poke|p1|Gengar, M, shiny
|poke|p1|Sableye, M, shiny
|poke|p1|Mismagius, M
|poke|p1|Dusclops, M
|poke|p2|Zoroark, F
|poke|p2|Bronzong, shiny
|poke|p2|Scolipede, M
|poke|p2|Garchomp, F
|poke|p2|Genesect
|poke|p2|Talonflame, M
|rule|Sleep Clause Mod: Limit one foe put to sleep
|rule|Species Clause: Limit one of each Pokemon
|rule|OHKO Clause: OHKO moves are banned
|rule|Moody Clause: Moody is banned
|rule|Evasion Moves Clause: Evasion moves are banned
|rule|Endless Battle Clause: Forcing endless battles is banned.
|rule|HP Percentage Mod: HP is reported as percentages
|teampreview
|callback|decision
|chat|terra1396|oh another ghost
|
|start
|switch|p1a: Gem|Dusclops, M|284\/284
|switch|p2a: Garchomp|Garchomp, F|262\/262
|-ability|p1a: Gem|Pressure
|turn|1
|callback|decision
|
|move|p2a: Garchomp|Nasty Plot|p2a: Garchomp
|-boost|p2a: Garchomp|spa|2
|move|p1a: Gem|Will-O-Wisp|p2a: Garchomp
|-status|p2a: Garchomp|brn
|
|-damage|p2a: Garchomp|230\/262 brn|[from] brn
|turn|2
|callback|decision
|
|move|p2a: Garchomp|Night Daze|p1a: Gem
|-supereffective|p1a: Gem
|-damage|p1a: Gem|54\/284
|move|p1a: Gem|Night Shade|p2a: Garchomp
|replace|p2a: Zoroark|Zoroark, F|230\/262 brn
|-damage|p2a: Zoroark|130\/262 brn
|
|-damage|p2a: Zoroark|98\/262 brn|[from] brn
|turn|3
|callback|decision
|
|move|p2a: Zoroark|Night Daze|p1a: Gem
|-supereffective|p1a: Gem
|-damage|p1a: Gem|0 fnt
|faint|p1a: Gem
|
|-damage|p2a: Zoroark|66\/262 brn|[from] brn
|callback|decision
|
|switch|p1a: Sapphire|Banette, M|332\/332
|turn|4
|callback|decision
|
|-formechange|p1a: Sapphire|Banette-Mega
|message|Banette has Mega Evolved into Mega Banette!
|move|p1a: Sapphire|Sucker Punch|p2a: Zoroark
|-resisted|p2a: Zoroark
|-damage|p2a: Zoroark|0 fnt
|faint|p2a: Zoroark
|
|callback|decision
|
|switch|p2a: Bronzong|Bronzong, shiny|338\/338
|turn|5
|callback|decision
|
|move|p1a: Sapphire|Taunt|p2a: Bronzong
|-start|p2a: Bronzong|move: Taunt
|cant|p2a: Bronzong|move: Taunt|Toxic
|
|turn|6
|callback|decision
|
|switch|p2a: Genesect|Genesect|283\/283
|-boost|p2a: Genesect|atk|1|[from] ability: Download
|move|p1a: Sapphire|Trick Room|p1a: Sapphire
|-fieldstart|move: Trick Room|[of] p1a: Sapphire
|
|turn|7
|callback|decision
|
|move|p1a: Sapphire|Will-O-Wisp|p2a: Genesect
|-status|p2a: Genesect|brn
|move|p2a: Genesect|Flash Cannon|p1a: Sapphire
|-damage|p1a: Sapphire|215\/332
|-unboost|p1a: Sapphire|spd|1
|
|-damage|p2a: Genesect|248\/283 brn|[from] brn
|turn|8
|callback|decision
|
|switch|p1a: Amber|Aegislash, M|324\/324
|-item|p1a: Amber|Air Balloon
|move|p2a: Genesect|Flash Cannon|p1a: Amber
|-resisted|p1a: Amber
|-damage|p1a: Amber|274\/324
|-enditem|p1a: Amber|Air Balloon
|
|-damage|p2a: Genesect|213\/283 brn|[from] brn
|turn|9
|callback|decision
|
|switch|p2a: Scolipede|Scolipede, M|324\/324
|move|p1a: Amber|Swords Dance|p1a: Amber
|-boost|p1a: Amber|atk|2
|
|turn|10
|callback|decision
|
|-formechange|p1a: Amber|Aegislash-Blade
|move|p1a: Amber|Sacred Sword|p2a: Scolipede
|-resisted|p2a: Scolipede
|-damage|p2a: Scolipede|273\/324
|move|p2a: Scolipede|Swords Dance|p2a: Scolipede
|-boost|p2a: Scolipede|atk|2
|
|-fieldend|move: Trick Room
|-boost|p2a: Scolipede|spe|1|[from] ability: Speed Boost
|turn|11
|callback|decision
|
|-formechange|p1a: Amber|Aegislash
|move|p1a: Amber|King's Shield|p1a: Amber
|-singleturn|p1a: Amber|Protect
|move|p2a: Scolipede|Swords Dance|p2a: Scolipede
|-boost|p2a: Scolipede|atk|2
|
|-boost|p2a: Scolipede|spe|1|[from] ability: Speed Boost
|turn|12
|callback|decision
|
|switch|p1a: Emerald|Gengar, M, shiny|262\/262
|move|p2a: Scolipede|Baton Pass|p2a: Scolipede
|callback|decision
|
|switch|p2a: Garchomp|Garchomp, F|420\/420
|
|turn|13
|callback|decision
|
|move|p1a: Emerald|Sludge Bomb|p2a: Garchomp
|-resisted|p2a: Garchomp
|-damage|p2a: Garchomp|355\/420
|move|p2a: Garchomp|Outrage|p1a: Emerald
|-damage|p1a: Emerald|0 fnt
|faint|p1a: Emerald
|
|callback|decision
|
|switch|p1a: Amber|Aegislash, M|274\/324
|turn|14
|callback|decision
|
|move|p1a: Amber|King's Shield|p1a: Amber
|-singleturn|p1a: Amber|Protect
|move|p2a: Garchomp|Outrage|p1a: Amber
|-activate|p1a: Amber|Protect
|-unboost|p2a: Garchomp|atk|2
|
|turn|15
|callback|decision
|
|move|p1a: Amber|King's Shield|p1a: Amber
|-fail|p1a: Amber
|move|p2a: Garchomp|Earthquake|p1a: Amber
|-supereffective|p1a: Amber
|-damage|p1a: Amber|0 fnt
|faint|p1a: Amber
|
|callback|decision
|
|switch|p1a: Sapphire|Banette, M|215\/332
|-formechange|p1a: Sapphire|Banette-Mega
|turn|16
|callback|decision
|
|move|p1a: Sapphire|Will-O-Wisp|p2a: Garchomp
|-status|p2a: Garchomp|brn
|move|p2a: Garchomp|Outrage|p1a: Sapphire
|-damage|p1a: Sapphire|0 fnt
|faint|p1a: Sapphire
|
|-damage|p2a: Garchomp|303\/420 brn|[from] brn
|callback|decision
|
|switch|p1a: Ruby|Sableye, M, shiny|303\/303
|turn|17
|callback|decision
|
|move|p1a: Ruby|Substitute|p1a: Ruby
|-start|p1a: Ruby|Substitute
|-damage|p1a: Ruby|228\/303
|move|p2a: Garchomp|Outrage|p1a: Ruby
|-end|p1a: Ruby|Substitute
|
|-end|p2a: Garchomp|rampage
|-start|p2a: Garchomp|confusion
|-heal|p1a: Ruby|246\/303|[from] item: Leftovers
|-damage|p2a: Garchomp|251\/420 brn|[from] brn
|turn|18
|callback|decision
|
|move|p1a: Ruby|Substitute|p1a: Ruby
|-start|p1a: Ruby|Substitute
|-damage|p1a: Ruby|171\/303
|-activate|p2a: Garchomp|confusion
|move|p2a: Garchomp|Earthquake|p1a: Ruby
|-end|p1a: Ruby|Substitute
|
|-heal|p1a: Ruby|189\/303|[from] item: Leftovers
|-damage|p2a: Garchomp|199\/420 brn|[from] brn
|turn|19
|callback|decision
|
|move|p1a: Ruby|Substitute|p1a: Ruby
|-start|p1a: Ruby|Substitute
|-damage|p1a: Ruby|114\/303
|-end|p2a: Garchomp|confusion
|move|p2a: Garchomp|Earthquake|p1a: Ruby
|-end|p1a: Ruby|Substitute
|
|-heal|p1a: Ruby|132\/303|[from] item: Leftovers
|-damage|p2a: Garchomp|147\/420 brn|[from] brn
|turn|20
|callback|decision
|
|move|p1a: Ruby|Recover|p1a: Ruby
|-heal|p1a: Ruby|284\/303
|move|p2a: Garchomp|Earthquake|p1a: Ruby
|-damage|p1a: Ruby|137\/303
|
|-heal|p1a: Ruby|155\/303|[from] item: Leftovers
|-damage|p2a: Garchomp|95\/420 brn|[from] brn
|turn|21
|callback|decision
|
|move|p1a: Ruby|Recover|p1a: Ruby
|-heal|p1a: Ruby|303\/303
|move|p2a: Garchomp|Outrage|p1a: Ruby
|-crit|p1a: Ruby
|-damage|p1a: Ruby|38\/303
|
|-heal|p1a: Ruby|56\/303|[from] item: Leftovers
|-damage|p2a: Garchomp|43\/420 brn|[from] brn
|turn|22
|callback|decision
|
|move|p1a: Ruby|Recover|p1a: Ruby
|-heal|p1a: Ruby|208\/303
|move|p2a: Garchomp|Outrage|p1a: Ruby
|-damage|p1a: Ruby|48\/303
|
|-heal|p1a: Ruby|66\/303|[from] item: Leftovers
|-damage|p2a: Garchomp|0 fnt|[from] brn
|faint|p2a: Garchomp
|callback|decision
|
|switch|p2a: Talonflame|Talonflame, M|298\/298
|turn|23
|callback|decision
|
|move|p1a: Ruby|Recover|p1a: Ruby
|-heal|p1a: Ruby|218\/303
|move|p2a: Talonflame|Swords Dance|p2a: Talonflame
|-boost|p2a: Talonflame|atk|2
|
|-heal|p1a: Ruby|236\/303|[from] item: Leftovers
|turn|24
|callback|decision
|
|move|p2a: Talonflame|Brave Bird|p1a: Ruby
|-damage|p1a: Ruby|0 fnt
|-damage|p2a: Talonflame|220\/298|[from] recoil|[of] p1a: Ruby
|-damage|p2a: Talonflame|191\/298|[from] item: Life Orb
|faint|p1a: Ruby
|
|callback|decision
|
|switch|p1a: Pearl|Mismagius, M|320\/320
|turn|25
|callback|decision
|
|move|p2a: Talonflame|Brave Bird|p1a: Pearl
|-damage|p1a: Pearl|0 fnt
|-damage|p2a: Talonflame|85\/298|[from] recoil|[of] p1a: Pearl
|-damage|p2a: Talonflame|56\/298|[from] item: Life Orb
|faint|p1a: Pearl
|
|win|terra1396
|chat|terra1396|gg
|chat|ALeader PokemonRg|gg