|join|terra1396
|join|ALeader Escar
|player|p1|terra1396|99
|player|p2|ALeader Escar|204
|gametype|doubles
|tier|Smogon Doubles
|rule|Evasion Abilities Clause: Evasion abilities are banned
|clearpoke
|poke|p1|Zoroark, F
|poke|p1|Bronzong, shiny
|poke|p1|Scolipede, M
|poke|p1|Garchomp, F
|poke|p1|Genesect
|poke|p1|Talonflame, M
|poke|p2|Electivire, F
|poke|p2|Raichu, F
|poke|p2|Rotom-Mow
|poke|p2|Magnezone
|poke|p2|Thundurus, M
|poke|p2|Manectric, F
|rule|Sleep Clause Mod: Limit one foe put to sleep
|rule|Species Clause: Limit one of each Pokemon
|rule|OHKO Clause: OHKO moves are banned
|rule|Moody Clause: Moody is banned
|rule|Evasion Moves Clause: Evasion moves are banned
|rule|Endless Battle Clause: Forcing endless battles is banned.
|rule|HP Percentage Mod: HP is reported as percentages
|teampreview
|callback|decision
|
|start
|switch|p1a: Bronzong|Bronzong, shiny|338\/338
|switch|p1b: Garchomp|Garchomp, F|262\/262
|switch|p2a: Raichu|Raichu, F|261\/261
|switch|p2b: Thundurus|Thundurus, M|362\/362
|turn|1
|callback|decision
|
|move|p2b: Thundurus|Fly|p1b: Garchomp|[still]
|-prepare|p2b: Thundurus|Fly|p1b: Garchomp
|move|p2a: Raichu|Hidden Power|p1b: Garchomp
|replace|p1b: Zoroark|Zoroark, F|262\/262
|-damage|p1b: Zoroark|176\/262
|move|p1b: Zoroark|Night Daze|p2b: Thundurus|[miss]
|-miss|p1b: Zoroark|p2b: Thundurus
|move|p1a: Bronzong|Light Screen|p1a: Bronzong
|-sidestart|p1: terra1396|move: Light Screen
|
|turn|2
|callback|decision
|
|move|p2b: Thundurus|Fly|p1b: Zoroark
|-damage|p1b: Zoroark|0 fnt
|faint|p1b: Zoroark
|move|p2a: Raichu|Hidden Power|p1: Zoroark
|-resisted|p1a: Bronzong
|-damage|p1a: Bronzong|325\/338
|move|p1a: Bronzong|Reflect|p1a: Bronzong
|-sidestart|p1: terra1396|Reflect
|
|callback|decision
|
|switch|p1b: Genesect|Genesect|283\/283
|-boost|p1b: Genesect|atk|1|[from] ability: Download
|turn|3
|callback|decision
|
|switch|p2b: Rotom-Mow|Rotom-Mow|304\/304
|move|p1b: Genesect|Ice Beam|p2b: Rotom-Mow
|-supereffective|p2b: Rotom-Mow
|-damage|p2b: Rotom-Mow|152\/304
|-status|p2b: Rotom-Mow|frz
|move|p2a: Raichu|Discharge|p1b: Genesect
|-resisted|p2b: Rotom-Mow
|-damage|p2b: Rotom-Mow|138\/304 frz
|-damage|p1a: Bronzong|285\/338
|-damage|p1b: Genesect|225\/283
|move|p1a: Bronzong|Stealth Rock|p2b: Rotom-Mow
|-sidestart|p2: ALeader Escar|move: Stealth Rock
|
|-heal|p2b: Rotom-Mow|157\/304 frz|[from] item: Leftovers
|turn|4
|callback|decision
|
|switch|p1a: Scolipede|Scolipede, M|324\/324
|move|p1b: Genesect|Ice Beam|p2b: Rotom-Mow
|-crit|p2b: Rotom-Mow
|-supereffective|p2b: Rotom-Mow
|-damage|p2b: Rotom-Mow|0 fnt
|faint|p2b: Rotom-Mow
|move|p2a: Raichu|Discharge|p1b: Genesect
|-damage|p1a: Scolipede|252\/324
|-crit|p1b: Genesect
|-damage|p1b: Genesect|93\/283
|
|callback|decision
|
|switch|p2b: Manectric|Manectric, F|281\/281
|-damage|p2b: Manectric|246\/281|[from] Stealth Rock
|turn|5
|callback|decision
|
|switch|p1b: Talonflame|Talonflame, M|298\/298
|-formechange|p2b: Manectric|Manectric-Mega
|message|Manectric has Mega Evolved into Mega Manectric!
|-ability|p2b: Manectric|Intimidate|[of] p1a: Scolipede
|-unboost|p1a: Scolipede|atk|1
|-ability|p2b: Manectric|Intimidate|[of] p1b: Talonflame
|-unboost|p1b: Talonflame|atk|1
|move|p2a: Raichu|Hidden Power|p1a: Scolipede
|-damage|p1a: Scolipede|200\/324
|move|p2b: Manectric|Discharge|p1b: Talonflame
|-boost|p2a: Raichu|spa|1|[from] ability: Lightningrod
|-damage|p1a: Scolipede|98\/324
|-status|p1a: Scolipede|par
|-supereffective|p1b: Talonflame
|-damage|p1b: Talonflame|88\/298
|-status|p1b: Talonflame|par
|-enditem|p1a: Scolipede|Sitrus Berry|[eat]
|-heal|p1a: Scolipede|179\/324 par|[from] item: Sitrus Berry
|move|p1a: Scolipede|Swords Dance|p1a: Scolipede
|-boost|p1a: Scolipede|atk|2
|
|-boost|p1a: Scolipede|spe|1|[from] ability: Speed Boost
|turn|6
|callback|decision
|
|move|p2b: Manectric|Protect|p2b: Manectric
|-singleturn|p2b: Manectric|Protect
|move|p1b: Talonflame|Brave Bird|p2b: Manectric
|-activate|p2b: Manectric|Protect
|move|p2a: Raichu|Discharge|p1a: Scolipede
|-activate|p2b: Manectric|Protect
|-damage|p1a: Scolipede|72\/324 par
|-supereffective|p1b: Talonflame
|-damage|p1b: Talonflame|0 fnt
|faint|p1b: Talonflame
|move|p1a: Scolipede|Baton Pass|p1a: Scolipede
|callback|decision
|
|switch|p1a: Garchomp|Garchomp, F|420\/420
|
|callback|decision
|
|switch|p1b: Genesect|Genesect|93\/283
|-boost|p1b: Genesect|atk|1|[from] ability: Download
|turn|7
|callback|decision
|
|move|p1b: Genesect|U-turn|p2b: Manectric
|-damage|p2b: Manectric|74\/281
|callback|decision
|
|switch|p1b: Bronzong|Bronzong, shiny|285\/338
|move|p2b: Manectric|Hidden Power|p1a: Garchomp
|-supereffective|p1a: Garchomp
|-damage|p1a: Garchomp|270\/420
|move|p1a: Garchomp|Earthquake|p2b: Manectric
|-immune|p1b: Bronzong|[msg]
|-supereffective|p2a: Raichu
|-enditem|p2a: Raichu|Focus Sash
|-damage|p2a: Raichu|1\/261
|-supereffective|p2b: Manectric
|-damage|p2b: Manectric|0 fnt
|faint|p2b: Manectric
|move|p2a: Raichu|Hidden Power|p1a: Garchomp
|-supereffective|p1a: Garchomp
|-damage|p1a: Garchomp|91\/420
|
|callback|decision
|
|switch|p2b: The Champ|Electivire, F|291\/291
|-damage|p2b: The Champ|255\/291|[from] Stealth Rock
|turn|8
|callback|decision
|
|move|p1a: Garchomp|Earthquake|p2a: Raichu
|-immune|p1b: Bronzong|[msg]
|-supereffective|p2a: Raichu
|-damage|p2a: Raichu|0 fnt
|-supereffective|p2b: The Champ
|-damage|p2b: The Champ|0 fnt
|faint|p2a: Raichu
|faint|p2b: The Champ
|move|p1b: Bronzong|Toxic|p2: The Champ|[notarget]
|-notarget
|
|-sideend|p1: terra1396|move: Light Screen
|callback|decision
|
|switch|p2a: Thundurus|Thundurus, M|362\/362
|-damage|p2a: Thundurus|272\/362|[from] Stealth Rock
|switch|p2b: Magnezone|Magnezone|282\/282
|-damage|p2b: Magnezone|265\/282|[from] Stealth Rock
|turn|9
|callback|decision
|
|move|p1a: Garchomp|Earthquake|p2a: Thundurus
|-immune|p1b: Bronzong|[msg]
|-immune|p2a: Thundurus|[msg]
|-supereffective|p2b: Magnezone
|-damage|p2b: Magnezone|0 fnt
|faint|p2b: Magnezone
|move|p2a: Thundurus|Knock Off|p1a: Garchomp
|-damage|p1a: Garchomp|43\/420
|-damage|p2a: Thundurus|227\/362|[from] ability: Rough Skin|[of] p1a: Garchomp
|-enditem|p1a: Garchomp|Assault Vest|[from] move: Knock Off|[of] p2a: Thundurus
|move|p1b: Bronzong|Light Screen|p1b: Bronzong
|-sidestart|p1: terra1396|move: Light Screen
|
|-heal|p2a: Thundurus|249\/362|[from] item: Leftovers
|-sideend|p1: terra1396|Reflect
|turn|10
|callback|decision
|chat|terra1396|I barely survived phew
|
|move|p2a: Thundurus|Protect|p2a: Thundurus
|-singleturn|p2a: Thundurus|Protect
|move|p1a: Garchomp|Outrage|p2a: Thundurus
|-activate|p2a: Thundurus|Protect
|move|p1b: Bronzong|Toxic|p2a: Thundurus
|-activate|p2a: Thundurus|Protect
|
|-heal|p2a: Thundurus|271\/362|[from] item: Leftovers
|turn|11
|callback|decision
|chat|ALeader Escar|if only I had my rotom
|chat|ALeader Escar|R.I.P.
|
|move|p1a: Garchomp|Outrage|p2a: Thundurus
|-damage|p2a: Thundurus|0 fnt
|faint|p2a: Thundurus
|
|win|terra1396
|chat|terra1396|I'm not used to these types of battles
|chat|ALeader Escar|gg
|chat|terra1396|gg