|join|ALeader Escar
|join|terra1396
|player|p1|ALeader Escar|204
|player|p2|terra1396|99
|gametype|singles
|gen|6
|tier|OU
|clearpoke
|poke|p1|Crobat, F, shiny
|poke|p1|Weezing, F
|poke|p1|Tentacruel, M
|poke|p1|Skuntank, F
|poke|p1|Venusaur, M
|poke|p1|Nidoking, M
|poke|p2|Cresselia, F
|poke|p2|Metagross
|poke|p2|Slowbro, M
|poke|p2|Malamar, M
|poke|p2|Meloetta
|poke|p2|Gardevoir, F
|rule|Sleep Clause Mod: Limit one foe put to sleep
|rule|Species Clause: Limit one of each Pokemon
|rule|OHKO Clause: OHKO moves are banned
|rule|Moody Clause: Moody is banned
|rule|Evasion Moves Clause: Evasion moves are banned
|rule|Endless Battle Clause: Forcing endless battles is banned.
|rule|HP Percentage Mod: HP is reported as percentages
|teampreview
|
|start
|switch|p1a: Fluttershy|Crobat, F, shiny|374\/374
|switch|p2a: Metagross|Metagross|364\/364
|turn|1
|join|ã·JigglykongisFUM16
|
|move|p1a: Fluttershy|Taunt|p2a: Metagross
|-start|p2a: Metagross|move: Taunt
|move|p2a: Metagross|Meteor Mash|p1a: Fluttershy
|-damage|p1a: Fluttershy|49\/374
|
|-heal|p1a: Fluttershy|72\/374|[from] item: Black Sludge
|turn|2
|
|switch|p1a: Weezing|Weezing, F|334\/334
|move|p2a: Metagross|Meteor Mash|p1a: Weezing
|-damage|p1a: Weezing|157\/334
|
|-heal|p1a: Weezing|177\/334|[from] item: Black Sludge
|turn|3
|
|move|p2a: Metagross|Meteor Mash|p1a: Weezing
|-damage|p1a: Weezing|0 fnt
|faint|p1a: Weezing
|
|-end|p2a: Metagross|move: Taunt
|
|switch|p1a: Nidoking|Nidoking, M|303\/303
|turn|4
|
|move|p1a: Nidoking|Earth Power|p2a: Metagross
|-supereffective|p2a: Metagross
|-damage|p2a: Metagross|0 fnt
|faint|p2a: Metagross
|
|
|switch|p2a: Cresselia|Cresselia, F|444\/444
|turn|5
|join|Ioj
|
|switch|p1a: Skuntank|Skuntank, F|410\/410
|move|p2a: Cresselia|Light Screen|p2a: Cresselia
|-sidestart|p2: terra1396|move: Light Screen
|
|turn|6
|
|move|p2a: Cresselia|Thunder Wave|p1a: Skuntank
|-status|p1a: Skuntank|par
|move|p1a: Skuntank|Crunch|p2a: Cresselia
|-supereffective|p2a: Cresselia
|-damage|p2a: Cresselia|270\/444
|
|turn|7
|
|move|p2a: Cresselia|Reflect|p2a: Cresselia
|-sidestart|p2: terra1396|Reflect
|cant|p1a: Skuntank|par
|
|turn|8
|
|switch|p2a: Slowbro|Slowbro, M|394\/394
|move|p1a: Skuntank|Roar|p2a: Slowbro
|drag|p2a: Meloetta|Meloetta|404\/404
|
|turn|9
|chat|Ioj|le pew
|
|move|p2a: Meloetta|Hyper Voice|p1a: Skuntank
|-crit|p1a: Skuntank
|-damage|p1a: Skuntank|37\/410 par
|move|p1a: Skuntank|Crunch|p2a: Meloetta
|-supereffective|p2a: Meloetta
|-damage|p2a: Meloetta|254\/404
|
|-heal|p2a: Meloetta|279\/404|[from] item: Leftovers
|-heal|p1a: Skuntank|62\/410 par|[from] item: Leftovers
|turn|10
|
|switch|p1a: Tentacruel|Tentacruel, M|364\/364
|move|p2a: Meloetta|Hyper Voice|p1a: Tentacruel
|-damage|p1a: Tentacruel|261\/364
|
|-heal|p2a: Meloetta|304\/404|[from] item: Leftovers
|turn|11
|
|move|p1a: Tentacruel|Safeguard|p1a: Tentacruel
|-sidestart|p1: ALeader Escar|Safeguard
|move|p2a: Meloetta|Calm Mind|p2a: Meloetta
|-boost|p2a: Meloetta|spa|1
|-boost|p2a: Meloetta|spd|1
|
|-heal|p2a: Meloetta|329\/404|[from] item: Leftovers
|turn|12
|chat|Ioj|welp ggs
|
|switch|p1a: Fluttershy|Crobat, F, shiny|72\/374
|move|p2a: Meloetta|Psyshock|p1a: Fluttershy
|-supereffective|p1a: Fluttershy
|-damage|p1a: Fluttershy|0 fnt
|faint|p1a: Fluttershy
|
|-heal|p2a: Meloetta|354\/404|[from] item: Leftovers
|-sideend|p2: terra1396|move: Light Screen
|
|switch|p1a: Venusaur|Venusaur, M|364\/364
|turn|13
|
|-formechange|p1a: Venusaur|Venusaur-Mega
|message|Venusaur has Mega Evolved into Mega Venusaur!
|move|p1a: Venusaur|Leech Seed|p2a: Meloetta|[miss]
|-miss|p1a: Venusaur|p2a: Meloetta
|move|p2a: Meloetta|Psyshock|p1a: Venusaur
|-supereffective|p1a: Venusaur
|-damage|p1a: Venusaur|0 fnt
|faint|p1a: Venusaur
|
|-heal|p2a: Meloetta|379\/404|[from] item: Leftovers
|chat|Ioj|welp
|
|switch|p1a: Nidoking|Nidoking, M|303\/303
|turn|14
|chat|Ioj|>_> using a psychic mono against a poor poison mono
|chat|ALeader Escar|...
|
|move|p1a: Nidoking|Earth Power|p2a: Meloetta
|-damage|p2a: Meloetta|269\/404
|move|p2a: Meloetta|Psyshock|p1a: Nidoking
|-supereffective|p1a: Nidoking
|-damage|p1a: Nidoking|0 fnt
|faint|p1a: Nidoking
|
|-heal|p2a: Meloetta|294\/404|[from] item: Leftovers
|-sideend|p2: terra1396|Reflect
|
|switch|p1a: Skuntank|Skuntank, F|62\/410 par
|turn|15
|chat|terra1396|you've still got a chance
|
|move|p1a: Skuntank|Sucker Punch|p2a: Meloetta
|-supereffective|p2a: Meloetta
|-damage|p2a: Meloetta|0 fnt
|faint|p2a: Meloetta
|
|-heal|p1a: Skuntank|87\/410 par|[from] item: Leftovers
|-sideend|p1: ALeader Escar|Safeguard
|chat|ALeader Escar|yeah but the crit and miss ruined my plans
|join|Clumzzy
|
|switch|p2a: Slowbro|Slowbro, M|394\/394
|turn|16
|chat|Ioj|one more poke you can do it escar!
|
|switch|p1a: Tentacruel|Tentacruel, M|261\/364
|move|p2a: Slowbro|Scald|p1a: Tentacruel
|-resisted|p1a: Tentacruel
|-damage|p1a: Tentacruel|227\/364
|-status|p1a: Tentacruel|brn
|
|-damage|p1a: Tentacruel|182\/364 brn|[from] brn
|-enditem|p1a: Tentacruel|Sitrus Berry|[eat]
|-heal|p1a: Tentacruel|273\/364 brn|[from] item: Sitrus Berry
|turn|17
|
|move|p1a: Tentacruel|Icy Wind|p2a: Slowbro
|-resisted|p2a: Slowbro
|-damage|p2a: Slowbro|375\/394
|-unboost|p2a: Slowbro|spe|1
|move|p2a: Slowbro|Scald|p1a: Tentacruel
|-resisted|p1a: Tentacruel
|-damage|p1a: Tentacruel|243\/364 brn
|
|-heal|p2a: Slowbro|394\/394|[from] item: Leftovers
|-damage|p1a: Tentacruel|198\/364 brn|[from] brn
|turn|18
|chat|Clumzzy|Weakness test?
|chat|terra1396|yep
|chat|Clumzzy|how many does one get?
|chat|terra1396|he needs to ko at least one more pokemon
|
|switch|p2a: Gardevoir|Gardevoir, F|278\/278
|move|p1a: Tentacruel|Safeguard|p1a: Tentacruel
|-sidestart|p1: ALeader Escar|Safeguard
|
|-damage|p1a: Tentacruel|153\/364 brn|[from] brn
|turn|19
|join|REV Boreas
|chat|Ioj|its looking glum for our old chum
|chat|Clumzzy|lol
|chat|Clumzzy|shut up XD
|
|switch|p1a: Skuntank|Skuntank, F|87\/410 par
|move|p2a: Gardevoir|Psychic|p1a: Skuntank
|-immune|p1a: Skuntank|[msg]
|
|-heal|p1a: Skuntank|112\/410 par|[from] item: Leftovers
|turn|20
|
|switch|p2a: Slowbro|Slowbro, M|394\/394
|cant|p1a: Skuntank|par
|
|-heal|p1a: Skuntank|137\/410 par|[from] item: Leftovers
|turn|21
|chat|Clumzzy|lol Cressilia tho
|chat|terra1396|even if you might not make it, you did ko my ou team
|
|switch|p1a: Tentacruel|Tentacruel, M|153\/364 brn
|move|p2a: Slowbro|Scald|p1a: Tentacruel
|-resisted|p1a: Tentacruel
|-damage|p1a: Tentacruel|122\/364 brn
|
|-damage|p1a: Tentacruel|77\/364 brn|[from] brn
|turn|22
|
|move|p1a: Tentacruel|Icy Wind|p2a: Slowbro
|-resisted|p2a: Slowbro
|-damage|p2a: Slowbro|371\/394
|-unboost|p2a: Slowbro|spe|1
|move|p2a: Slowbro|Scald|p1a: Tentacruel
|-resisted|p1a: Tentacruel
|-damage|p1a: Tentacruel|41\/364 brn
|
|-heal|p2a: Slowbro|394\/394|[from] item: Leftovers
|-damage|p1a: Tentacruel|0 fnt|[from] brn
|-sideend|p1: ALeader Escar|Safeguard
|faint|p1a: Tentacruel
|
|switch|p1a: Skuntank|Skuntank, F|137\/410 par
|turn|23
|
|move|p2a: Slowbro|Scald|p1a: Skuntank
|-damage|p1a: Skuntank|0 fnt
|faint|p1a: Skuntank
|
|win|terra1396
|chat|Clumzzy|trust me, Escar is amazing!~
|chat|Ioj|cmon chum
|chat|terra1396|I know
|chat|Ioj|u got dis
|chat|Ioj|nuu
|chat|ALeader Escar|gg
|chat|terra1396|don't worry, that's enough for me
|chat|Clumzzy|i wish we can have him. but we don't allow multileaguing
|join|Tchin
|chat|terra1396|your in, you ko'd my ou team and gave me a rough time
|chat|ALeader Escar|so i made it?
|leave|ã·JigglykongisFUM16
|leave|Clumzzy
|leave|Ioj
|leave|Tchin