|join|terra1396
|join|Gym Trâiner Windâ°x
|player|p1|terra1396|265
|player|p2|Gym Trâiner Windâ°x|209
|gametype|singles
|gen|6
|tier|OU
|clearpoke
|poke|p1|Zoroark, F
|poke|p1|Cresselia, F
|poke|p1|Genesect
|poke|p1|Talonflame, M
|poke|p1|Scolipede, M
|poke|p1|Garchomp, M
|poke|p2|Greninja, F
|poke|p2|Gengar, M, shiny
|poke|p2|Azumarill, F, shiny
|poke|p2|Charizard, M, shiny
|poke|p2|Klefki, M, shiny
|poke|p2|Talonflame, M
|rule|Sleep Clause Mod: Limit one foe put to sleep
|rule|Species Clause: Limit one of each Pokemon
|rule|OHKO Clause: OHKO moves are banned
|rule|Moody Clause: Moody is banned
|rule|Evasion Moves Clause: Evasion moves are banned
|rule|Endless Battle Clause: Forcing endless battles is banned.
|rule|HP Percentage Mod: HP is reported as percentages
|teampreview
|callback|decision
|chat|Gym Trâiner Windâ°x|this is the team?
|chat|terra1396|glhf
|chat|terra1396|yes this is my registered team
|
|start
|switch|p1a: Talonflame|Talonflame, M|297\/297
|switch|p2a: Gengar|Gengar, M, shiny|262\/262
|turn|1
|callback|decision
|
|switch|p2a: Klefki|Klefki, M, shiny|318\/318
|move|p1a: Talonflame|Brave Bird|p2a: Klefki
|-resisted|p2a: Klefki
|-damage|p2a: Klefki|234\/318
|-damage|p1a: Talonflame|269\/297|[from] recoil|[of] p2a: Klefki
|-damage|p1a: Talonflame|240\/297|[from] item: Life Orb
|
|turn|2
|callback|decision
|
|move|p2a: Klefki|Reflect|p2a: Klefki
|-sidestart|p2: Gym Trâiner Windâ°x|Reflect
|move|p1a: Talonflame|Flare Blitz|p2a: Klefki
|-supereffective|p2a: Klefki
|-damage|p2a: Klefki|55\/318
|-damage|p1a: Talonflame|181\/297|[from] recoil|[of] p2a: Klefki
|-status|p2a: Klefki|brn
|-damage|p1a: Talonflame|152\/297|[from] item: Life Orb
|
|-damage|p2a: Klefki|16\/318 brn|[from] brn
|turn|3
|callback|decision
|chat|Gym Trâiner Windâ°x|bs
|
|switch|p1a: Garchomp|Garchomp, M|420\/420
|move|p2a: Klefki|Swagger|p1a: Garchomp
|-boost|p1a: Garchomp|atk|2
|-start|p1a: Garchomp|confusion
|
|-damage|p2a: Klefki|0 fnt|[from] brn
|faint|p2a: Klefki
|callback|decision
|
|switch|p2a: Talonflame|Talonflame, M|298\/298
|turn|4
|callback|decision
|
|switch|p1a: Cresselia|Cresselia, F|444\/444
|move|p2a: Talonflame|U-turn|p1a: Cresselia
|-supereffective|p1a: Cresselia
|-damage|p1a: Cresselia|366\/444
|callback|decision
|
|switch|p2a: Greninja|Greninja, F|286\/286
|
|turn|5
|callback|decision
|
|-start|p2a: Greninja|typechange|Dark|[from] Protean
|move|p2a: Greninja|Dark Pulse|p1a: Cresselia
|-supereffective|p1a: Cresselia
|-damage|p1a: Cresselia|129\/444
|-damage|p2a: Greninja|258\/286|[from] item: Life Orb
|move|p1a: Cresselia|Thunder Wave|p2a: Greninja
|-status|p2a: Greninja|par
|
|turn|6
|callback|decision
|
|move|p1a: Cresselia|Light Screen|p1a: Cresselia
|-sidestart|p1: terra1396|move: Light Screen
|move|p2a: Greninja|Dark Pulse|p1a: Cresselia
|-supereffective|p1a: Cresselia
|-damage|p1a: Cresselia|12\/444
|-damage|p2a: Greninja|230\/286 par|[from] item: Life Orb
|
|turn|7
|callback|decision
|
|move|p1a: Cresselia|Reflect|p1a: Cresselia
|-sidestart|p1: terra1396|Reflect
|move|p2a: Greninja|Dark Pulse|p1a: Cresselia
|-crit|p1a: Cresselia
|-supereffective|p1a: Cresselia
|-damage|p1a: Cresselia|0 fnt
|-damage|p2a: Greninja|202\/286 par|[from] item: Life Orb
|faint|p1a: Cresselia
|
|callback|decision
|
|switch|p1a: Scolipede|Scolipede, M|324\/324
|turn|8
|callback|decision
|
|switch|p2a: Talonflame|Talonflame, M|298\/298
|move|p1a: Scolipede|Swords Dance|p1a: Scolipede
|-boost|p1a: Scolipede|atk|2
|
|-boost|p1a: Scolipede|spe|1|[from] ability: Speed Boost
|turn|9
|callback|decision
|
|move|p1a: Scolipede|Baton Pass|p1a: Scolipede
|callback|decision
|
|switch|p1a: Garchomp|Garchomp, M|420\/420
|move|p2a: Talonflame|Swords Dance|p2a: Talonflame
|-boost|p2a: Talonflame|atk|2
|
|-sideend|p2: Gym Trâiner Windâ°x|Reflect
|turn|10
|callback|decision
|
|-formechange|p1a: Garchomp|Garchomp-Mega
|message|Garchomp has Mega Evolved into Mega Garchomp!
|move|p2a: Talonflame|Acrobatics|p1a: Garchomp
|-damage|p1a: Garchomp|364\/420
|move|p1a: Garchomp|Dragon Claw|p2a: Talonflame
|-damage|p2a: Talonflame|0 fnt
|faint|p2a: Talonflame
|
|callback|decision
|
|switch|p2a: Charizard|Charizard, M, shiny|298\/298
|turn|11
|callback|decision
|
|-formechange|p2a: Charizard|Charizard-Mega-Y
|message|Charizard has Mega Evolved into Mega Charizard!
|-weather|SunnyDay
|move|p1a: Garchomp|Dragon Claw|p2a: Charizard
|-crit|p2a: Charizard
|-damage|p2a: Charizard|0 fnt
|faint|p2a: Charizard
|
|-weather|SunnyDay|[upkeep]
|callback|decision
|
|switch|p2a: Azumarill|Azumarill, F, shiny|404\/404
|turn|12
|callback|decision
|
|move|p1a: Garchomp|Earthquake|p2a: Azumarill
|-damage|p2a: Azumarill|0 fnt
|faint|p2a: Azumarill
|
|-weather|SunnyDay|[upkeep]
|callback|decision
|
|switch|p2a: Gengar|Gengar, M, shiny|262\/262
|turn|13
|callback|decision
|
|move|p2a: Gengar|Shadow Ball|p1a: Garchomp
|-damage|p1a: Garchomp|281\/420
|-damage|p2a: Gengar|236\/262|[from] item: Life Orb
|move|p1a: Garchomp|Dragon Claw|p2a: Gengar
|-damage|p2a: Gengar|0 fnt
|faint|p2a: Gengar
|
|-weather|SunnyDay|[upkeep]
|-sideend|p1: terra1396|move: Light Screen
|callback|decision
|
|switch|p2a: Greninja|Greninja, F|202\/286 par
|turn|14
|callback|decision
|chat|Gym Trâiner Windâ°x|gg
|
|move|p1a: Garchomp|Dragon Claw|p2a: Greninja
|-damage|p2a: Greninja|0 fnt
|faint|p2a: Greninja
|
|win|terra1396
|chat|terra1396|gg
|leave|Gym Trâiner Windâ°x
|player|p2