|join|terra1396
|join|ioj
|player|p1|terra1396|99
|player|p2|ioj|266
|gametype|singles
|gen|6
|tier|OU
|clearpoke
|poke|p1|Klefki, F
|poke|p1|Scolipede, M
|poke|p1|Garchomp, M
|poke|p1|Togekiss, F
|poke|p1|Greninja, M
|poke|p1|Mew, shiny
|poke|p2|Landorus-Therian, M
|poke|p2|Manectric, M
|poke|p2|Talonflame, M
|poke|p2|Raikou, shiny
|poke|p2|Skarmory, M
|poke|p2|Blissey, F
|rule|Sleep Clause Mod: Limit one foe put to sleep
|rule|Species Clause: Limit one of each Pokemon
|rule|OHKO Clause: OHKO moves are banned
|rule|Moody Clause: Moody is banned
|rule|Evasion Moves Clause: Evasion moves are banned
|rule|Endless Battle Clause: Forcing endless battles is banned.
|rule|HP Percentage Mod: HP is reported as percentages
|teampreview
|chat|terra1396|blissey and skarmory in same team, never a good sign
|chat|terra1396|I was afraid of this weakness but leggo
|chat|ioj|lol
|
|start
|switch|p1a: Klefki|Klefki, F|318\/318
|switch|p2a: Landorus-Therian|Landorus-Therian, M|382\/382
|-ability|p2a: Landorus-Therian|Intimidate|[of] p1a: Klefki
|-unboost|p1a: Klefki|atk|1
|turn|1
|chat|ioj|i've been experimenting with this team
|
|move|p1a: Klefki|Reflect|p1a: Klefki
|-sidestart|p1: terra1396|Reflect
|move|p2a: Landorus-Therian|Earthquake|p1a: Klefki
|-supereffective|p1a: Klefki
|-damage|p1a: Klefki|144\/318
|
|turn|2
|chat|ioj|dat damage
|
|move|p1a: Klefki|Light Screen|p1a: Klefki
|-sidestart|p1: terra1396|move: Light Screen
|move|p2a: Landorus-Therian|Stone Edge|p1a: Klefki
|-resisted|p1a: Klefki
|-damage|p1a: Klefki|114\/318
|
|turn|3
|
|switch|p1a: Mew|Mew, shiny|404\/404
|move|p2a: Landorus-Therian|Stone Edge|p1a: Mew
|-damage|p1a: Mew|347\/404
|
|-heal|p1a: Mew|372\/404|[from] item: Leftovers
|turn|4
|
|switch|p2a: Talonflame|Talonflame, M|298\/298
|move|p1a: Mew|Calm Mind|p1a: Mew
|-boost|p1a: Mew|spa|1
|-boost|p1a: Mew|spd|1
|
|-heal|p1a: Mew|397\/404|[from] item: Leftovers
|turn|5
|
|move|p2a: Talonflame|U-turn|p1a: Mew
|-supereffective|p1a: Mew
|-damage|p1a: Mew|317\/404
|
|switch|p2a: Blissey|Blissey, F|714\/714
|move|p1a: Mew|Thunderbolt|p2a: Blissey
|-damage|p2a: Blissey|609\/714
|
|-heal|p1a: Mew|342\/404|[from] item: Leftovers
|-heal|p2a: Blissey|653\/714|[from] item: Leftovers
|turn|6
|chat|ioj|i expected willo but whatev's
|
|move|p1a: Mew|Psyshock|p2a: Blissey
|-damage|p2a: Blissey|314\/714
|move|p2a: Blissey|Toxic|p1a: Mew|[miss]
|-miss|p2a: Blissey|p1a: Mew
|
|-heal|p1a: Mew|367\/404|[from] item: Leftovers
|-heal|p2a: Blissey|358\/714|[from] item: Leftovers
|turn|7
|chat|ioj|;-;-;-;-;-;-;-;-;
|
|move|p2a: Blissey|Protect|p2a: Blissey
|-singleturn|p2a: Blissey|Protect
|move|p1a: Mew|Psyshock|p2a: Blissey
|-activate|p2a: Blissey|Protect
|
|-heal|p1a: Mew|392\/404|[from] item: Leftovers
|-heal|p2a: Blissey|402\/714|[from] item: Leftovers
|turn|8
|chat|terra1396|specifically put psyshock for blissey
|
|move|p1a: Mew|Calm Mind|p1a: Mew
|-boost|p1a: Mew|spa|1
|-boost|p1a: Mew|spd|1
|move|p2a: Blissey|Wish|p2a: Blissey
|
|-heal|p1a: Mew|404\/404|[from] item: Leftovers
|-heal|p2a: Blissey|446\/714|[from] item: Leftovers
|-sideend|p1: terra1396|Reflect
|turn|9
|chat|ioj|dat toxic miss tho
|
|switch|p2a: Landorus-Therian|Landorus-Therian, M|382\/382
|-ability|p2a: Landorus-Therian|Intimidate|[of] p1a: Mew
|-unboost|p1a: Mew|atk|1
|move|p1a: Mew|Psyshock|p2a: Landorus-Therian
|-damage|p2a: Landorus-Therian|129\/382
|
|-heal|p2a: Landorus-Therian|382\/382|[from] move: Wish|[wisher] Blissey
|-sideend|p1: terra1396|move: Light Screen
|turn|10
|chat|ioj|lemme get all dat hp bac
|
|move|p1a: Mew|Psyshock|p2a: Landorus-Therian
|-damage|p2a: Landorus-Therian|141\/382
|move|p2a: Landorus-Therian|Knock Off|p1a: Mew
|-supereffective|p1a: Mew
|-damage|p1a: Mew|156\/404
|-enditem|p1a: Mew|Leftovers|[from] move: Knock Off|[of] p2a: Landorus-Therian
|
|-heal|p2a: Landorus-Therian|164\/382|[from] item: Leftovers
|turn|11
|
|switch|p2a: Skarmory|Skarmory, M|334\/334
|move|p1a: Mew|Psyshock|p2a: Skarmory
|-resisted|p2a: Skarmory
|-damage|p2a: Skarmory|272\/334
|
|-heal|p2a: Skarmory|292\/334|[from] item: Leftovers
|turn|12
|
|switch|p2a: Manectric|Manectric, M|281\/281
|move|p1a: Mew|Flamethrower|p2a: Manectric
|-damage|p2a: Manectric|31\/281
|
|turn|13
|
|-formechange|p2a: Manectric|Manectric-Mega
|message|Manectric has Mega Evolved into Mega Manectric!
|-ability|p2a: Manectric|Intimidate|[of] p1a: Mew
|-unboost|p1a: Mew|atk|1
|move|p2a: Manectric|Thunderbolt|p1a: Mew
|-damage|p1a: Mew|77\/404
|move|p1a: Mew|Flamethrower|p2a: Manectric
|-damage|p2a: Manectric|0 fnt
|faint|p2a: Manectric
|
|
|switch|p2a: Talonflame|Talonflame, M|298\/298
|turn|14
|
|move|p2a: Talonflame|U-turn|p1a: Mew
|-supereffective|p1a: Mew
|-damage|p1a: Mew|0 fnt
|faint|p1a: Mew
|
|switch|p2a: Raikou|Raikou, shiny|321\/321
|-ability|p2a: Raikou|Pressure
|
|
|switch|p1a: Klefki|Klefki, F|114\/318
|turn|15
|
|move|p1a: Klefki|Reflect|p1a: Klefki
|-sidestart|p1: terra1396|Reflect
|move|p2a: Raikou|Thunderbolt|p1a: Klefki
|-damage|p1a: Klefki|0 fnt
|faint|p1a: Klefki
|
|
|switch|p1a: Scolipede|Scolipede, M|324\/324
|turn|16
|chat|ioj|not light screen lol
|
|move|p2a: Raikou|Thunderbolt|p1a: Scolipede
|-damage|p1a: Scolipede|98\/324
|-enditem|p1a: Scolipede|Sitrus Berry|[eat]
|-heal|p1a: Scolipede|179\/324|[from] item: Sitrus Berry
|move|p1a: Scolipede|Swords Dance|p1a: Scolipede
|-boost|p1a: Scolipede|atk|2
|
|-boost|p1a: Scolipede|spe|1|[from] ability: Speed Boost
|turn|17
|
|move|p1a: Scolipede|Baton Pass|p1a: Scolipede
|
|switch|p1a: Garchomp|Garchomp, M|420\/420
|move|p2a: Raikou|Thunderbolt|p1a: Garchomp
|-immune|p1a: Garchomp|[msg]
|
|turn|18
|chat|ioj|dat garchomp
|
|switch|p2a: Skarmory|Skarmory, M|292\/334
|-formechange|p1a: Garchomp|Garchomp-Mega
|message|Garchomp has Mega Evolved into Mega Garchomp!
|move|p1a: Garchomp|Earthquake|p2a: Skarmory
|-immune|p2a: Skarmory|[msg]
|
|-heal|p2a: Skarmory|312\/334|[from] item: Leftovers
|turn|19
|
|move|p1a: Garchomp|Fire Fang|p2a: Skarmory
|-supereffective|p2a: Skarmory
|-damage|p2a: Skarmory|124\/334
|move|p2a: Skarmory|Stealth Rock|p1a: Garchomp
|-sidestart|p1: terra1396|move: Stealth Rock
|
|-heal|p2a: Skarmory|144\/334|[from] item: Leftovers
|turn|20
|
|move|p1a: Garchomp|Fire Fang|p2a: Skarmory
|-supereffective|p2a: Skarmory
|-damage|p2a: Skarmory|0 fnt
|faint|p2a: Skarmory
|
|
|switch|p2a: Landorus-Therian|Landorus-Therian, M|164\/382
|-ability|p2a: Landorus-Therian|Intimidate|[of] p1a: Garchomp
|-unboost|p1a: Garchomp|atk|1
|turn|21
|chat|terra1396|mah skarmory counter
|
|move|p1a: Garchomp|Dual Chop|p2a: Landorus-Therian
|-damage|p2a: Landorus-Therian|34\/382
|-damage|p2a: Landorus-Therian|0 fnt
|-hitcount|p2a: Landorus-Therian|2
|faint|p2a: Landorus-Therian
|
|chat|ioj|when is dat 
|chat|ioj|reflect 
|chat|ioj|wearing off
|
|switch|p2a: Raikou|Raikou, shiny|321\/321
|-ability|p2a: Raikou|Pressure
|turn|22
|chat|terra1396|this is why I used it lol
|
|switch|p2a: Blissey|Blissey, F|446\/714
|move|p1a: Garchomp|Earthquake|p2a: Blissey
|-damage|p2a: Blissey|0 fnt
|faint|p2a: Blissey
|
|-sideend|p1: terra1396|Reflect
|
|switch|p2a: Talonflame|Talonflame, M|298\/298
|turn|23
|
|move|p2a: Talonflame|Brave Bird|p1a: Garchomp
|-damage|p1a: Garchomp|222\/420
|-damage|p2a: Talonflame|233\/298|[from] recoil|[of] p1a: Garchomp
|move|p1a: Garchomp|Stone Edge|p2a: Talonflame|[miss]
|-miss|p1a: Garchomp|p2a: Talonflame
|
|turn|24
|chat|ioj|welp
|
|move|p2a: Talonflame|Brave Bird|p1a: Garchomp
|-damage|p1a: Garchomp|32\/420
|-damage|p2a: Talonflame|170\/298|[from] recoil|[of] p1a: Garchomp
|move|p1a: Garchomp|Dual Chop|p2a: Talonflame
|-damage|p2a: Talonflame|20\/298
|-damage|p2a: Talonflame|0 fnt
|-hitcount|p2a: Talonflame|2
|faint|p2a: Talonflame
|
|chat|ioj|gg
|
|switch|p2a: Raikou|Raikou, shiny|321\/321
|-ability|p2a: Raikou|Pressure
|turn|25
|chat|terra1396|gg
|
|move|p2a: Raikou|Extreme Speed|p1a: Garchomp
|-damage|p1a: Garchomp|0 fnt
|faint|p1a: Garchomp
|
|chat|ioj|OR IS IT
|
|switch|p1a: Scolipede|Scolipede, M|179\/324
|-damage|p1a: Scolipede|98\/324|[from] Stealth Rock
|turn|26
|
|move|p2a: Raikou|Thunderbolt|p1a: Scolipede
|-damage|p1a: Scolipede|0 fnt
|faint|p1a: Scolipede
|
|
|switch|p1a: Greninja|Greninja, M|286\/286
|-damage|p1a: Greninja|251\/286|[from] Stealth Rock
|turn|27
|chat|ioj|comeback maybe
|
|-start|p1a: Greninja|typechange|Water|[from] Protean
|move|p1a: Greninja|Hydro Pump|p2a: Raikou
|-damage|p2a: Raikou|113\/321
|move|p2a: Raikou|Thunderbolt|p1a: Greninja
|-supereffective|p1a: Greninja
|-damage|p1a: Greninja|0 fnt
|faint|p1a: Greninja
|
|
|switch|p1a: Togekiss|Togekiss, F|374\/374
|-damage|p1a: Togekiss|281\/374|[from] Stealth Rock
|turn|28
|chat|ioj|#comebacks fo days
|
|move|p2a: Raikou|Thunderbolt|p1a: Togekiss
|-supereffective|p1a: Togekiss
|-damage|p1a: Togekiss|11\/374
|move|p1a: Togekiss|Dazzling Gleam|p2a: Raikou
|-damage|p2a: Raikou|8\/321
|
|turn|29
|chat|terra1396|ooo
|chat|ioj|nooooo
|chat|terra1396|OMFG
|chat|ioj|oh dat live
|chat|ioj|AV MOTHAFUCKA
|
|move|p2a: Raikou|Thunderbolt|p1a: Togekiss
|-supereffective|p1a: Togekiss
|-damage|p1a: Togekiss|0 fnt
|faint|p1a: Togekiss
|
|win|ioj
|chat|terra1396|kek
|chat|ioj|gg
|chat|ioj|dat clutch
|chat|terra1396|knew electric would be a weakness
|chat|terra1396|gg
|chat|ioj|gg