|join|FlashyJoey
|join|terra1396
|player|p1|FlashyJoey|33
|player|p2|terra1396|137
|gametype|singles
|gen|6
|tier|OU
|rated
|clearpoke
|poke|p1|Starmie
|poke|p1|Chesnaught, F
|poke|p1|Talonflame, F
|poke|p1|Excadrill, F
|poke|p1|Tyranitar, M
|poke|p1|Gardevoir, F
|poke|p2|Landorus-Therian, M
|poke|p2|Metagross
|poke|p2|Slowbro, M
|poke|p2|Conkeldurr, M
|poke|p2|Heatran, F
|poke|p2|Umbreon, M
|rule|Swagger Clause: Swagger is banned
|rule|Baton Pass Clause: Limit one PokÃ©mon knowing Baton Pass
|rule|Sleep Clause Mod: Limit one foe put to sleep
|rule|Species Clause: Limit one of each PokÃ©mon
|rule|OHKO Clause: OHKO moves are banned
|rule|Moody Clause: Moody is banned
|rule|Evasion Moves Clause: Evasion moves are banned
|rule|Endless Battle Clause: Forcing endless battles is banned
|rule|HP Percentage Mod: HP is shown in percentages
|teampreview
|
|start
|switch|p1a: Gardevoir|Gardevoir, F|289\/289
|switch|p2a: Slowbro|Slowbro, M|331\/331
|-ability|p1a: Gardevoir|Regenerator|[from] ability: Trace|[of] p2a: Slowbro
|turn|1
|
|detailschange|p1a: Gardevoir|Gardevoir-Mega, F
|-mega|p1a: Gardevoir|Gardevoir|Gardevoirite
|move|p1a: Gardevoir|Hyper Voice|p2a: Slowbro
|-damage|p2a: Slowbro|31\/331
|move|p2a: Slowbro|Scald|p1a: Gardevoir
|-damage|p1a: Gardevoir|201\/289
|
|-heal|p2a: Slowbro|51\/331|[from] item: Leftovers
|turn|2
|
|switch|p2a: Metagross|Metagross|302\/302
|move|p1a: Gardevoir|Focus Blast|p2a: Metagross
|-damage|p2a: Metagross|112\/302
|
|turn|3
|c|âFlashyJoey|\data metagross
|
|switch|p1a: Starmie|Starmie|323\/323
|detailschange|p2a: Metagross|Metagross-Mega
|-mega|p2a: Metagross|Metagross|Metagrossite
|move|p2a: Metagross|Bullet Punch|p1a: Starmie
|-resisted|p1a: Starmie
|-damage|p1a: Starmie|262\/323
|
|-heal|p1a: Starmie|282\/323|[from] item: Leftovers
|turn|4
|
|switch|p1a: Gardevoir|Gardevoir-Mega, F|201\/289
|switch|p2a: Slowbro|Slowbro, M|161\/331
|
|-heal|p2a: Slowbro|181\/331|[from] item: Leftovers
|turn|5
|
|switch|p2a: Heatran|Heatran, F|355\/355
|-item|p2a: Heatran|Air Balloon
|move|p1a: Gardevoir|Hyper Voice|p2a: Heatran
|-resisted|p2a: Heatran
|-damage|p2a: Heatran|290\/355
|-enditem|p2a: Heatran|Air Balloon
|
|turn|6
|
|move|p1a: Gardevoir|Focus Blast|p2a: Heatran
|-crit|p2a: Heatran
|-supereffective|p2a: Heatran
|-damage|p2a: Heatran|0 fnt
|faint|p2a: Heatran
|
|
|switch|p2a: Metagross|Metagross-Mega|112\/302
|turn|7
|
|switch|p1a: Starmie|Starmie|282\/323
|move|p2a: Metagross|Meteor Mash|p1a: Starmie|[miss]
|-miss|p2a: Metagross|p1a: Starmie
|
|-heal|p1a: Starmie|302\/323|[from] item: Leftovers
|turn|8
|
|move|p1a: Starmie|Scald|p2a: Metagross
|-damage|p2a: Metagross|24\/302
|move|p2a: Metagross|Thunder Punch|p1a: Starmie
|-supereffective|p1a: Starmie
|-damage|p1a: Starmie|0 fnt
|faint|p1a: Starmie
|
|
|switch|p1a: Talonflame|Talonflame, F|351\/351
|turn|9
|
|switch|p2a: Landorus-Therian|Landorus-Therian, M|351\/351
|-ability|p2a: Landorus-Therian|Intimidate|[of] p1a: Talonflame
|-unboost|p1a: Talonflame|atk|1
|move|p1a: Talonflame|Will-O-Wisp|p2a: Landorus-Therian
|-status|p2a: Landorus-Therian|brn
|
|-damage|p2a: Landorus-Therian|308\/351 brn|[from] brn
|turn|10
|
|switch|p1a: Tyranitar|Tyranitar, M|341\/341
|-weather|Sandstorm
|move|p2a: Landorus-Therian|U-turn|p1a: Tyranitar
|-supereffective|p1a: Tyranitar
|-damage|p1a: Tyranitar|255\/341
|
|switch|p2a: Umbreon|Umbreon, M|394\/394
|
|-weather|Sandstorm|[upkeep]
|-damage|p2a: Umbreon|370\/394|[from] sandstorm
|-heal|p2a: Umbreon|394\/394|[from] item: Leftovers
|turn|11
|
|move|p1a: Tyranitar|Stealth Rock|p2a: Umbreon
|-sidestart|p2: terra1396|move: Stealth Rock
|move|p2a: Umbreon|Heal Bell|p2a: Umbreon
|-cureteam|p2a: Umbreon|[from] move: HealBell
|
|-weather|Sandstorm|[upkeep]
|-damage|p2a: Umbreon|370\/394|[from] sandstorm
|-heal|p2a: Umbreon|394\/394|[from] item: Leftovers
|turn|12
|
|switch|p1a: Chesnaught|Chesnaught, F|379\/379
|switch|p2a: Landorus-Therian|Landorus-Therian, M|308\/351
|-damage|p2a: Landorus-Therian|265\/351|[from] Stealth Rock
|-ability|p2a: Landorus-Therian|Intimidate|[of] p1a: Chesnaught
|-unboost|p1a: Chesnaught|atk|1
|
|-weather|Sandstorm|[upkeep]
|-damage|p1a: Chesnaught|356\/379|[from] sandstorm
|-heal|p1a: Chesnaught|379\/379|[from] item: Leftovers
|turn|13
|
|switch|p2a: Slowbro|Slowbro, M|291\/331
|-damage|p2a: Slowbro|250\/331|[from] Stealth Rock
|move|p1a: Chesnaught|Spikes|p2a: Slowbro
|-sidestart|p2: terra1396|Spikes
|
|-weather|Sandstorm|[upkeep]
|-damage|p1a: Chesnaught|356\/379|[from] sandstorm
|-damage|p2a: Slowbro|230\/331|[from] sandstorm
|-heal|p1a: Chesnaught|379\/379|[from] item: Leftovers
|-heal|p2a: Slowbro|250\/331|[from] item: Leftovers
|turn|14
|
|move|p1a: Chesnaught|Wood Hammer|p2a: Slowbro
|-supereffective|p2a: Slowbro
|-damage|p2a: Slowbro|100\/331
|-damage|p1a: Chesnaught|329\/379|[from] recoil|[of] p2a: Slowbro
|move|p2a: Slowbro|Ice Beam|p1a: Chesnaught
|-supereffective|p1a: Chesnaught
|-damage|p1a: Chesnaught|103\/379
|
|-weather|Sandstorm|[upkeep]
|-damage|p1a: Chesnaught|80\/379|[from] sandstorm
|-damage|p2a: Slowbro|80\/331|[from] sandstorm
|-heal|p1a: Chesnaught|103\/379|[from] item: Leftovers
|-heal|p2a: Slowbro|100\/331|[from] item: Leftovers
|turn|15
|
|switch|p2a: Metagross|Metagross-Mega|24\/302
|-damage|p2a: Metagross|6\/302|[from] Stealth Rock
|-damage|p2a: Metagross|0 fnt|[from] Spikes
|faint|p2a: Metagross
|move|p1a: Chesnaught|Wood Hammer|p2: Metagross|[notarget]
|-notarget
|
|-weather|Sandstorm|[upkeep]
|-damage|p1a: Chesnaught|80\/379|[from] sandstorm
|-heal|p1a: Chesnaught|103\/379|[from] item: Leftovers
|
|switch|p2a: Conkeldurr|Conkeldurr, M|351\/351
|-damage|p2a: Conkeldurr|330\/351|[from] Stealth Rock
|-damage|p2a: Conkeldurr|287\/351|[from] Spikes
|turn|16
|
|move|p1a: Chesnaught|Synthesis|p1a: Chesnaught
|-heal|p1a: Chesnaught|198\/379
|move|p2a: Conkeldurr|Ice Punch|p1a: Chesnaught
|-supereffective|p1a: Chesnaught
|-damage|p1a: Chesnaught|56\/379
|
|-weather|Sandstorm|[upkeep]
|-damage|p1a: Chesnaught|33\/379|[from] sandstorm
|-damage|p2a: Conkeldurr|266\/351|[from] sandstorm
|-heal|p1a: Chesnaught|56\/379|[from] item: Leftovers
|turn|17
|
|move|p1a: Chesnaught|Spikes|p2a: Conkeldurr
|-sidestart|p2: terra1396|Spikes
|move|p2a: Conkeldurr|Ice Punch|p1a: Chesnaught
|-supereffective|p1a: Chesnaught
|-damage|p1a: Chesnaught|0 fnt
|faint|p1a: Chesnaught
|
|-weather|none
|
|switch|p1a: Gardevoir|Gardevoir-Mega, F|201\/289
|turn|18
|
|switch|p2a: Slowbro|Slowbro, M|210\/331
|-damage|p2a: Slowbro|169\/331|[from] Stealth Rock
|-damage|p2a: Slowbro|114\/331|[from] Spikes
|move|p1a: Gardevoir|Hyper Voice|p2a: Slowbro
|-damage|p2a: Slowbro|0 fnt
|faint|p2a: Slowbro
|
|
|switch|p2a: Landorus-Therian|Landorus-Therian, M|265\/351
|-damage|p2a: Landorus-Therian|222\/351|[from] Stealth Rock
|-ability|p2a: Landorus-Therian|Intimidate|[of] p1a: Gardevoir
|-unboost|p1a: Gardevoir|atk|1
|turn|19
|
|switch|p1a: Talonflame|Talonflame, F|351\/351
|move|p2a: Landorus-Therian|Earthquake|p1a: Talonflame
|-immune|p1a: Talonflame|[msg]
|
|turn|20
|
|switch|p2a: Umbreon|Umbreon, M|394\/394
|-damage|p2a: Umbreon|345\/394|[from] Stealth Rock
|-damage|p2a: Umbreon|280\/394|[from] Spikes
|move|p1a: Talonflame|Brave Bird|p2a: Umbreon
|-damage|p2a: Umbreon|178\/394
|-damage|p1a: Talonflame|317\/351|[from] recoil|[of] p2a: Umbreon
|
|-heal|p1a: Talonflame|338\/351|[from] item: Leftovers
|-heal|p2a: Umbreon|202\/394|[from] item: Leftovers
|turn|21
|
|move|p1a: Talonflame|Taunt|p2a: Umbreon
|-start|p2a: Umbreon|move: Taunt
|cant|p2a: Umbreon|move: Taunt|Wish
|
|-heal|p1a: Talonflame|351\/351|[from] item: Leftovers
|-heal|p2a: Umbreon|226\/394|[from] item: Leftovers
|turn|22
|
|move|p1a: Talonflame|Will-O-Wisp|p2a: Umbreon
|-status|p2a: Umbreon|brn
|move|p2a: Umbreon|Foul Play|p1a: Talonflame
|-damage|p1a: Talonflame|293\/351
|
|-heal|p1a: Talonflame|314\/351|[from] item: Leftovers
|-heal|p2a: Umbreon|250\/394 brn|[from] item: Leftovers
|-damage|p2a: Umbreon|201\/394 brn|[from] brn
|turn|23
|-message|terra1396 forfeited.
|leave|terra1396
|
|win|FlashyJoey
|raw|Ladder updating...
|player|p2
|raw|FlashyJoey's rating: 1662 &rarr; <strong>1686<\/strong><br \/>(+24 for winning)
|raw|terra1396's rating: 1731 &rarr; <strong>1707<\/strong><br \/>(-24 for losing)