|join|Reverb
|join|terra1396
|player|p1|Reverb|#reverb
|player|p2|terra1396|137
|gametype|singles
|gen|6
|tier|OU
|rated
|clearpoke
|poke|p1|Landorus-Therian, M
|poke|p1|Celebi
|poke|p1|Empoleon, M
|poke|p1|Conkeldurr, F
|poke|p1|Azumarill, M
|poke|p1|Heracross, F
|poke|p2|Landorus-Therian, M
|poke|p2|Metagross
|poke|p2|Slowbro, M
|poke|p2|Conkeldurr, M
|poke|p2|Heatran, M
|poke|p2|Umbreon, M
|rule|Swagger Clause: Swagger is banned
|rule|Baton Pass Clause: Limit one PokÃ©mon knowing Baton Pass
|rule|Sleep Clause Mod: Limit one foe put to sleep
|rule|Species Clause: Limit one of each PokÃ©mon
|rule|OHKO Clause: OHKO moves are banned
|rule|Moody Clause: Moody is banned
|rule|Evasion Moves Clause: Evasion moves are banned
|rule|Endless Battle Clause: Forcing endless battles is banned
|rule|HP Percentage Mod: HP is shown in percentages
|teampreview
|join|iplaytennislol
|join|Tom Bus
|join|Prankster
|
|start
|switch|p1a: Azumarill|Azumarill, M|341\/341
|switch|p2a: Landorus-Therian|Landorus-Therian, M|351\/351
|-ability|p2a: Landorus-Therian|Intimidate|[of] p1a: Azumarill
|-unboost|p1a: Azumarill|atk|1
|turn|1
|join|Pomman
|
|switch|p2a: Slowbro|Slowbro, M|331\/331
|move|p1a: Azumarill|Waterfall|p2a: Slowbro
|-resisted|p2a: Slowbro
|-damage|p2a: Slowbro|272\/331
|
|-heal|p2a: Slowbro|292\/331|[from] item: Leftovers
|turn|2
|join|Khaliem
|join|GeenArrow
|
|switch|p1a: Empoleon|Empoleon, M|371\/371
|move|p2a: Slowbro|Psyshock|p1a: Empoleon
|-resisted|p1a: Empoleon
|-damage|p1a: Empoleon|328\/371
|
|-heal|p1a: Empoleon|351\/371|[from] item: Leftovers
|-heal|p2a: Slowbro|312\/331|[from] item: Leftovers
|turn|3
|
|switch|p2a: Conkeldurr|Conkeldurr, M|351\/351
|move|p1a: Empoleon|Stealth Rock|p2a: Conkeldurr
|-sidestart|p2: terra1396|move: Stealth Rock
|
|-heal|p1a: Empoleon|371\/371|[from] item: Leftovers
|turn|4
|join|QuagGod
|
|switch|p1a: Heracross|Heracross, F|301\/301
|move|p2a: Conkeldurr|Knock Off|p1a: Heracross
|-resisted|p1a: Heracross
|-damage|p1a: Heracross|241\/301
|
|turn|5
|join|Alkov
|
|detailschange|p1a: Heracross|Heracross-Mega, F
|-mega|p1a: Heracross|Heracross|Heracronite
|move|p1a: Heracross|Swords Dance|p1a: Heracross
|-boost|p1a: Heracross|atk|2
|move|p2a: Conkeldurr|Drain Punch|p1a: Heracross
|-resisted|p1a: Heracross
|-damage|p1a: Heracross|175\/301
|
|turn|6
|c| iplaytennislol|pick
|join|Zeusophobia
|c| iplaytennislol|a
|
|switch|p2a: Landorus-Therian|Landorus-Therian, M|351\/351
|-damage|p2a: Landorus-Therian|308\/351|[from] Stealth Rock
|-ability|p2a: Landorus-Therian|Intimidate|[of] p1a: Heracross
|-unboost|p1a: Heracross|atk|1
|move|p1a: Heracross|Close Combat|p2a: Landorus-Therian
|-resisted|p2a: Landorus-Therian
|-damage|p2a: Landorus-Therian|73\/351
|-unboost|p1a: Heracross|def|1
|-unboost|p1a: Heracross|spd|1
|
|turn|7
|c| iplaytennislol|fodder
|join|Kohnoan
|c| QuagGod|nice counter
|
|switch|p1a: Landorus-Therian|Landorus-Therian, M|319\/319
|-ability|p1a: Landorus-Therian|Intimidate|[of] p2a: Landorus-Therian
|-unboost|p2a: Landorus-Therian|atk|1
|move|p2a: Landorus-Therian|Superpower|p1a: Landorus-Therian
|-resisted|p1a: Landorus-Therian
|-damage|p1a: Landorus-Therian|264\/319
|-unboost|p2a: Landorus-Therian|atk|1
|-unboost|p2a: Landorus-Therian|def|1
|
|turn|8
|
|switch|p2a: Slowbro|Slowbro, M|331\/331
|-damage|p2a: Slowbro|290\/331|[from] Stealth Rock
|move|p1a: Landorus-Therian|U-turn|p2a: Slowbro
|-supereffective|p2a: Slowbro
|-damage|p2a: Slowbro|164\/331
|
|switch|p1a: Celebi|Celebi|404\/404
|
|-heal|p2a: Slowbro|184\/331|[from] item: Leftovers
|turn|9
|
|switch|p2a: Umbreon|Umbreon, M|394\/394
|-damage|p2a: Umbreon|345\/394|[from] Stealth Rock
|move|p1a: Celebi|Thunder Wave|p2a: Umbreon
|-status|p2a: Umbreon|par
|-status|p1a: Celebi|par
|
|-heal|p2a: Umbreon|369\/394 par|[from] item: Leftovers
|turn|10
|join|daftmau5
|
|switch|p1a: Azumarill|Azumarill, M|341\/341
|move|p2a: Umbreon|Foul Play|p1a: Azumarill
|-resisted|p1a: Azumarill
|-damage|p1a: Azumarill|278\/341
|
|-heal|p2a: Umbreon|393\/394 par|[from] item: Leftovers
|turn|11
|join|SwaggBoii
|
|switch|p2a: Metagross|Metagross|302\/302
|-damage|p2a: Metagross|284\/302|[from] Stealth Rock
|move|p1a: Azumarill|Play Rough|p2a: Metagross
|-resisted|p2a: Metagross
|-damage|p2a: Metagross|170\/302
|
|turn|12
|join|I Iike Squirtles
|
|switch|p1a: Empoleon|Empoleon, M|371\/371
|detailschange|p2a: Metagross|Metagross-Mega
|-mega|p2a: Metagross|Metagross|Metagrossite
|move|p2a: Metagross|Meteor Mash|p1a: Empoleon
|-resisted|p1a: Empoleon
|-damage|p1a: Empoleon|323\/371
|
|-heal|p1a: Empoleon|346\/371|[from] item: Leftovers
|turn|13
|c| iplaytennislol|Reverb, is at least one mon on every one of your teams brazilian?
|c|âReverb|lol
|
|switch|p2a: Conkeldurr|Conkeldurr, M|351\/351
|-damage|p2a: Conkeldurr|330\/351|[from] Stealth Rock
|move|p1a: Empoleon|Scald|p2a: Conkeldurr
|-damage|p2a: Conkeldurr|240\/351
|
|-heal|p1a: Empoleon|369\/371|[from] item: Leftovers
|turn|14
|c|âReverb|tennis
|c|âReverb|do i look too mega venu weal?
|join|Bloodz
|join|craing
|c|âReverb|cel has psychic btw
|c| iplaytennislol|um
|c|âReverb|venu is rare tho i mean
|c| iplaytennislol|you are a little weak to it
|c| iplaytennislol|but i mean
|c| iplaytennislol|you can pivot into celebi
|c|âReverb|yeah
|c| iplaytennislol|and smack it with a psychic
|
|switch|p1a: Azumarill|Azumarill, M|278\/341
|move|p2a: Conkeldurr|Drain Punch|p1a: Azumarill
|-resisted|p1a: Azumarill
|-damage|p1a: Azumarill|187\/341
|-heal|p2a: Conkeldurr|286\/351|[from] drain|[of] p1a: Azumarill
|
|turn|15
|
|switch|p2a: Slowbro|Slowbro, M|294\/331
|-damage|p2a: Slowbro|253\/331|[from] Stealth Rock
|move|p1a: Azumarill|Waterfall|p2a: Slowbro
|-resisted|p2a: Slowbro
|-damage|p2a: Slowbro|159\/331
|
|-heal|p2a: Slowbro|179\/331|[from] item: Leftovers
|turn|16
|join|tomi â¥ bello
|
|switch|p1a: Celebi|Celebi|404\/404
|move|p2a: Slowbro|Psyshock|p1a: Celebi
|-resisted|p1a: Celebi
|-damage|p1a: Celebi|341\/404
|
|-heal|p1a: Celebi|366\/404|[from] item: Leftovers
|-heal|p2a: Slowbro|199\/331|[from] item: Leftovers
|turn|17
|join|asdfCookie
|
|switch|p1a: Heracross|Heracross-Mega, F|175\/301
|move|p2a: Slowbro|Ice Beam|p1a: Heracross
|-damage|p1a: Heracross|83\/301
|
|-heal|p2a: Slowbro|219\/331|[from] item: Leftovers
|turn|18
|
|switch|p2a: Landorus-Therian|Landorus-Therian, M|73\/351
|-damage|p2a: Landorus-Therian|30\/351|[from] Stealth Rock
|-ability|p2a: Landorus-Therian|Intimidate|[of] p1a: Heracross
|-unboost|p1a: Heracross|atk|1
|move|p1a: Heracross|Pin Missile|p2a: Landorus-Therian
|-resisted|p2a: Landorus-Therian
|-damage|p2a: Landorus-Therian|6\/351
|-resisted|p2a: Landorus-Therian
|-damage|p2a: Landorus-Therian|0 fnt
|-hitcount|p2a: Landorus-Therian|2
|faint|p2a: Landorus-Therian
|
|join|gobosox
|
|switch|p2a: Metagross|Metagross-Mega|170\/302
|-damage|p2a: Metagross|152\/302|[from] Stealth Rock
|turn|19
|
|switch|p1a: Empoleon|Empoleon, M|369\/371
|move|p2a: Metagross|Zen Headbutt|p1a: Empoleon
|-resisted|p1a: Empoleon
|-damage|p1a: Empoleon|287\/371
|
|-heal|p1a: Empoleon|310\/371|[from] item: Leftovers
|turn|20
|leave|gobosox
|
|move|p2a: Metagross|Thunder Punch|p1a: Empoleon
|-supereffective|p1a: Empoleon
|-damage|p1a: Empoleon|122\/371
|move|p1a: Empoleon|Scald|p2a: Metagross
|-damage|p2a: Metagross|19\/302
|-status|p2a: Metagross|brn
|
|-heal|p1a: Empoleon|145\/371|[from] item: Leftovers
|-damage|p2a: Metagross|0 fnt|[from] brn
|faint|p2a: Metagross
|c| iplaytennislol|ez
|
|switch|p2a: Conkeldurr|Conkeldurr, M|286\/351
|-damage|p2a: Conkeldurr|265\/351|[from] Stealth Rock
|turn|21
|
|switch|p1a: Azumarill|Azumarill, M|187\/341
|move|p2a: Conkeldurr|Knock Off|p1a: Azumarill
|-resisted|p1a: Azumarill
|-damage|p1a: Azumarill|101\/341
|-enditem|p1a: Azumarill|Choice Band|[from] move: Knock Off|[of] p2a: Conkeldurr
|
|turn|22
|
|switch|p2a: Slowbro|Slowbro, M|329\/331
|-damage|p2a: Slowbro|288\/331|[from] Stealth Rock
|move|p1a: Azumarill|Play Rough|p2a: Slowbro
|-damage|p2a: Slowbro|144\/331
|
|-heal|p2a: Slowbro|164\/331|[from] item: Leftovers
|turn|23
|join|Dr easy
|
|move|p1a: Azumarill|Play Rough|p2a: Slowbro
|-damage|p2a: Slowbro|26\/331
|move|p2a: Slowbro|Ice Beam|p1a: Azumarill
|-resisted|p1a: Azumarill
|-damage|p1a: Azumarill|46\/341
|
|-heal|p2a: Slowbro|46\/331|[from] item: Leftovers
|turn|24
|c|âterra1396|ugh just gg, should have been happy with my rank tonight
|-message|terra1396 forfeited.
|
|win|Reverb
|raw|Ladder updating...
|leave|terra1396
|player|p2
|raw|Reverb's rating: 1776 &rarr; <strong>1794<\/strong><br \/>(+18 for winning)
|raw|terra1396's rating: 1734 &rarr; <strong>1717<\/strong><br \/>(-17 for losing)
|leave|iplaytennislol