|join|terra1396
|join|ultraviolenc3
|player|p1|terra1396|137
|player|p2|ultraviolenc3|266
|gametype|singles
|gen|6
|tier|OU
|rated
|clearpoke
|poke|p1|Landorus-Therian, M
|poke|p1|Metagross
|poke|p1|Slowbro, M
|poke|p1|Conkeldurr, M
|poke|p1|Heatran, M
|poke|p1|Umbreon, M
|poke|p2|Sableye, M
|poke|p2|Excadrill, M
|poke|p2|Manaphy
|poke|p2|Gliscor, M, shiny
|poke|p2|Talonflame, F
|poke|p2|Clefable, F
|rule|Swagger Clause: Swagger is banned
|rule|Baton Pass Clause: Limit one PokÃ©mon knowing Baton Pass
|rule|Sleep Clause Mod: Limit one foe put to sleep
|rule|Species Clause: Limit one of each PokÃ©mon
|rule|OHKO Clause: OHKO moves are banned
|rule|Moody Clause: Moody is banned
|rule|Evasion Moves Clause: Evasion moves are banned
|rule|Endless Battle Clause: Forcing endless battles is banned
|rule|HP Percentage Mod: HP is shown in percentages
|teampreview
|
|start
|switch|p1a: Landorus-Therian|Landorus-Therian, M|351\/351
|switch|p2a: Sableye|Sableye, M|303\/303
|-ability|p1a: Landorus-Therian|Intimidate|[of] p2a: Sableye
|-unboost|p2a: Sableye|atk|1
|turn|1
|
|switch|p1a: Heatran|Heatran, M|355\/355
|-item|p1a: Heatran|Air Balloon
|detailschange|p2a: Sableye|Sableye-Mega, M
|-mega|p2a: Sableye|Sableye|Sablenite
|move|p2a: Sableye|Knock Off|p1a: Heatran
|-damage|p1a: Heatran|291\/355
|-enditem|p1a: Heatran|Air Balloon
|
|turn|2
|
|switch|p2a: Gliscor|Gliscor, M, shiny|353\/353
|move|p1a: Heatran|Lava Plume|p2a: Gliscor
|-damage|p2a: Gliscor|170\/353
|
|-status|p2a: Gliscor|tox|[from] item: Toxic Orb
|turn|3
|
|switch|p1a: Slowbro|Slowbro, M|331\/331
|move|p2a: Gliscor|Earthquake|p1a: Slowbro
|-damage|p1a: Slowbro|255\/331
|
|-heal|p1a: Slowbro|275\/331|[from] item: Leftovers
|-heal|p2a: Gliscor|214\/353 tox|[from] ability: Poison Heal
|turn|4
|
|move|p2a: Gliscor|U-turn|p1a: Slowbro
|-supereffective|p1a: Slowbro
|-damage|p1a: Slowbro|191\/331
|
|switch|p2a: Manaphy|Manaphy|401\/401
|move|p1a: Slowbro|Ice Beam|p2a: Manaphy
|-resisted|p2a: Manaphy
|-damage|p2a: Manaphy|367\/401
|
|-heal|p2a: Manaphy|392\/401|[from] item: Leftovers
|-heal|p1a: Slowbro|211\/331|[from] item: Leftovers
|turn|5
|
|switch|p1a: Conkeldurr|Conkeldurr, M|351\/351
|move|p2a: Manaphy|Rain Dance|p2a: Manaphy
|-weather|RainDance
|
|-weather|RainDance|[upkeep]
|-heal|p2a: Manaphy|401\/401|[from] item: Leftovers
|turn|6
|
|switch|p2a: Sableye|Sableye-Mega, M|303\/303
|move|p1a: Conkeldurr|Thunder Punch|p2a: Sableye
|-damage|p2a: Sableye|220\/303
|
|-weather|RainDance|[upkeep]
|turn|7
|
|move|p1a: Conkeldurr|Thunder Punch|p2a: Sableye
|-damage|p2a: Sableye|141\/303
|move|p2a: Sableye|Knock Off|p1a: Conkeldurr
|-resisted|p1a: Conkeldurr
|-damage|p1a: Conkeldurr|306\/351
|-enditem|p1a: Conkeldurr|Assault Vest|[from] move: Knock Off|[of] p2a: Sableye
|
|-weather|RainDance|[upkeep]
|turn|8
|
|switch|p1a: Metagross|Metagross|302\/302
|move|p2a: Sableye|Recover|p2a: Sableye
|-heal|p2a: Sableye|293\/303
|
|-weather|RainDance|[upkeep]
|turn|9
|
|detailschange|p1a: Metagross|Metagross-Mega
|-mega|p1a: Metagross|Metagross|Metagrossite
|move|p1a: Metagross|Meteor Mash|p2a: Sableye
|-damage|p2a: Sableye|103\/303
|move|p2a: Sableye|Foul Play|p1a: Metagross
|-supereffective|p1a: Metagross
|-damage|p1a: Metagross|26\/302
|
|-weather|none
|turn|10
|
|switch|p2a: Gliscor|Gliscor, M, shiny|214\/353 tox
|move|p1a: Metagross|Meteor Mash|p2a: Gliscor
|-damage|p2a: Gliscor|79\/353 tox
|
|-heal|p2a: Gliscor|123\/353 tox|[from] ability: Poison Heal
|turn|11
|
|move|p1a: Metagross|Meteor Mash|p2a: Gliscor
|-damage|p2a: Gliscor|0 fnt
|faint|p2a: Gliscor
|
|
|switch|p2a: Talonflame|Talonflame, F|345\/345
|turn|12
|
|switch|p1a: Landorus-Therian|Landorus-Therian, M|351\/351
|-ability|p1a: Landorus-Therian|Intimidate|[of] p2a: Talonflame
|-unboost|p2a: Talonflame|atk|1
|move|p2a: Talonflame|Brave Bird|p1a: Landorus-Therian
|-damage|p1a: Landorus-Therian|236\/351
|-damage|p2a: Talonflame|307\/345|[from] recoil|[of] p1a: Landorus-Therian
|
|-heal|p2a: Talonflame|328\/345|[from] item: Leftovers
|turn|13
|
|switch|p2a: Excadrill|Excadrill, M|424\/424
|-ability|p2a: Excadrill|Mold Breaker
|move|p1a: Landorus-Therian|Rock Slide|p2a: Excadrill
|-crit|p2a: Excadrill
|-resisted|p2a: Excadrill
|-damage|p2a: Excadrill|364\/424
|
|-heal|p2a: Excadrill|390\/424|[from] item: Leftovers
|turn|14
|
|switch|p1a: Slowbro|Slowbro, M|321\/331
|move|p2a: Excadrill|Toxic|p1a: Slowbro|[miss]
|-miss|p2a: Excadrill|p1a: Slowbro
|
|-heal|p2a: Excadrill|416\/424|[from] item: Leftovers
|-heal|p1a: Slowbro|331\/331|[from] item: Leftovers
|turn|15
|
|move|p2a: Excadrill|Toxic|p1a: Slowbro
|-status|p1a: Slowbro|tox
|move|p1a: Slowbro|Scald|p2a: Excadrill
|-supereffective|p2a: Excadrill
|-damage|p2a: Excadrill|188\/424
|
|-heal|p2a: Excadrill|214\/424|[from] item: Leftovers
|-damage|p1a: Slowbro|311\/331 tox|[from] psn
|turn|16
|
|switch|p2a: Manaphy|Manaphy|401\/401
|move|p1a: Slowbro|Scald|p2a: Manaphy
|-resisted|p2a: Manaphy
|-damage|p2a: Manaphy|358\/401
|-status|p2a: Manaphy|brn
|
|-heal|p2a: Manaphy|383\/401 brn|[from] item: Leftovers
|-heal|p1a: Slowbro|331\/331 tox|[from] item: Leftovers
|-damage|p2a: Manaphy|333\/401 brn|[from] brn
|-damage|p1a: Slowbro|291\/331 tox|[from] psn
|turn|17
|
|switch|p1a: Conkeldurr|Conkeldurr, M|306\/351
|move|p2a: Manaphy|Rain Dance|p2a: Manaphy
|-weather|RainDance
|
|-weather|RainDance|[upkeep]
|-curestatus|p2a: Manaphy|brn
|-heal|p2a: Manaphy|358\/401|[from] item: Leftovers
|turn|18
|
|switch|p2a: Clefable|Clefable, F|393\/393
|move|p1a: Conkeldurr|Thunder Punch|p2a: Clefable
|-damage|p2a: Clefable|292\/393
|
|-weather|RainDance|[upkeep]
|-heal|p2a: Clefable|316\/393|[from] item: Leftovers
|turn|19
|
|switch|p2a: Manaphy|Manaphy|358\/401
|switch|p1a: Heatran|Heatran, M|291\/355
|
|-weather|RainDance|[upkeep]
|-heal|p2a: Manaphy|383\/401|[from] item: Leftovers
|turn|20
|
|switch|p1a: Landorus-Therian|Landorus-Therian, M|236\/351
|-ability|p1a: Landorus-Therian|Intimidate|[of] p2a: Manaphy
|-unboost|p2a: Manaphy|atk|1
|move|p2a: Manaphy|Scald|p1a: Landorus-Therian
|-supereffective|p1a: Landorus-Therian
|-damage|p1a: Landorus-Therian|0 fnt
|faint|p1a: Landorus-Therian
|
|-weather|RainDance|[upkeep]
|-heal|p2a: Manaphy|401\/401|[from] item: Leftovers
|
|switch|p1a: Conkeldurr|Conkeldurr, M|306\/351
|turn|21
|
|move|p2a: Manaphy|U-turn|p1a: Conkeldurr
|-resisted|p1a: Conkeldurr
|-damage|p1a: Conkeldurr|291\/351
|
|switch|p2a: Clefable|Clefable, F|316\/393
|move|p1a: Conkeldurr|Knock Off|p2a: Clefable
|-resisted|p2a: Clefable
|-damage|p2a: Clefable|251\/393
|-enditem|p2a: Clefable|Leftovers|[from] move: Knock Off|[of] p1a: Conkeldurr
|
|-weather|none
|turn|22
|
|switch|p1a: Heatran|Heatran, M|291\/355
|move|p2a: Clefable|Moonlight|p2a: Clefable
|-heal|p2a: Clefable|393\/393
|
|turn|23
|
|switch|p2a: Excadrill|Excadrill, M|214\/424
|-ability|p2a: Excadrill|Mold Breaker
|move|p1a: Heatran|Stealth Rock|p2a: Excadrill
|-sidestart|p2: ultraviolenc3|move: Stealth Rock
|
|-heal|p2a: Excadrill|240\/424|[from] item: Leftovers
|turn|24
|
|switch|p1a: Slowbro|Slowbro, M|331\/331 tox
|move|p2a: Excadrill|Earthquake|p1a: Slowbro
|-damage|p1a: Slowbro|216\/331 tox
|
|-heal|p2a: Excadrill|266\/424|[from] item: Leftovers
|-heal|p1a: Slowbro|236\/331 tox|[from] item: Leftovers
|-damage|p1a: Slowbro|216\/331 tox|[from] psn
|turn|25
|
|move|p2a: Excadrill|Rapid Spin|p1a: Slowbro
|-damage|p1a: Slowbro|198\/331 tox
|-sideend|p2: ultraviolenc3|Stealth Rock|[from] move: Rapid Spin|[of] p2a: Excadrill
|move|p1a: Slowbro|Scald|p2a: Excadrill
|-supereffective|p2a: Excadrill
|-damage|p2a: Excadrill|62\/424
|-status|p2a: Excadrill|brn
|
|-heal|p2a: Excadrill|88\/424 brn|[from] item: Leftovers
|-heal|p1a: Slowbro|218\/331 tox|[from] item: Leftovers
|-damage|p2a: Excadrill|35\/424 brn|[from] brn
|-damage|p1a: Slowbro|178\/331 tox|[from] psn
|turn|26
|
|switch|p2a: Clefable|Clefable, F|393\/393
|switch|p1a: Umbreon|Umbreon, M|394\/394
|
|turn|27
|
|move|p1a: Umbreon|Wish|p1a: Umbreon
|move|p2a: Clefable|Moonblast|p1a: Umbreon
|-supereffective|p1a: Umbreon
|-damage|p1a: Umbreon|256\/394
|-unboost|p1a: Umbreon|spa|1
|
|-heal|p1a: Umbreon|280\/394|[from] item: Leftovers
|turn|28
|
|switch|p1a: Heatran|Heatran, M|291\/355
|move|p2a: Clefable|Aromatherapy|p2a: Clefable
|-cureteam|p2a: Clefable|[from] move: Aromatherapy
|
|-heal|p1a: Heatran|355\/355|[from] move: Wish|[wisher] Umbreon
|turn|29
|
|switch|p2a: Manaphy|Manaphy|401\/401
|move|p1a: Heatran|Flash Cannon|p2a: Manaphy
|-resisted|p2a: Manaphy
|-damage|p2a: Manaphy|343\/401
|
|-heal|p2a: Manaphy|368\/401|[from] item: Leftovers
|turn|30
|
|switch|p1a: Conkeldurr|Conkeldurr, M|291\/351
|move|p2a: Manaphy|U-turn|p1a: Conkeldurr
|-resisted|p1a: Conkeldurr
|-damage|p1a: Conkeldurr|270\/351
|
|switch|p2a: Talonflame|Talonflame, F|328\/345
|
|-heal|p2a: Talonflame|345\/345|[from] item: Leftovers
|turn|31
|
|switch|p1a: Heatran|Heatran, M|355\/355
|move|p2a: Talonflame|Brave Bird|p1a: Heatran
|-resisted|p1a: Heatran
|-damage|p1a: Heatran|283\/355
|-damage|p2a: Talonflame|321\/345|[from] recoil|[of] p1a: Heatran
|
|-heal|p2a: Talonflame|342\/345|[from] item: Leftovers
|turn|32
|
|switch|p2a: Manaphy|Manaphy|368\/401
|move|p1a: Heatran|Stealth Rock|p2a: Manaphy
|-sidestart|p2: ultraviolenc3|move: Stealth Rock
|
|-heal|p2a: Manaphy|393\/401|[from] item: Leftovers
|turn|33
|
|switch|p1a: Conkeldurr|Conkeldurr, M|270\/351
|move|p2a: Manaphy|Rain Dance|p2a: Manaphy
|-weather|RainDance
|
|-weather|RainDance|[upkeep]
|-heal|p2a: Manaphy|401\/401|[from] item: Leftovers
|turn|34
|
|move|p2a: Manaphy|Scald|p1a: Conkeldurr
|-damage|p1a: Conkeldurr|104\/351
|-status|p1a: Conkeldurr|brn
|move|p1a: Conkeldurr|Thunder Punch|p2a: Manaphy
|-supereffective|p2a: Manaphy
|-damage|p2a: Manaphy|93\/401
|
|-weather|RainDance|[upkeep]
|-heal|p2a: Manaphy|118\/401|[from] item: Leftovers
|-damage|p1a: Conkeldurr|61\/351 brn|[from] brn
|turn|35
|
|move|p1a: Conkeldurr|Mach Punch|p2a: Manaphy
|-damage|p2a: Manaphy|0 fnt
|faint|p2a: Manaphy
|
|-weather|RainDance|[upkeep]
|-damage|p1a: Conkeldurr|18\/351 brn|[from] brn
|
|switch|p2a: Sableye|Sableye-Mega, M|103\/303
|-damage|p2a: Sableye|66\/303|[from] Stealth Rock
|turn|36
|
|move|p1a: Conkeldurr|Thunder Punch|p2a: Sableye
|-damage|p2a: Sableye|0 fnt
|faint|p2a: Sableye
|
|-weather|RainDance|[upkeep]
|-damage|p1a: Conkeldurr|0 fnt|[from] brn
|faint|p1a: Conkeldurr
|
|switch|p1a: Metagross|Metagross-Mega|26\/302
|switch|p2a: Excadrill|Excadrill, M|35\/424
|-damage|p2a: Excadrill|22\/424|[from] Stealth Rock
|-ability|p2a: Excadrill|Mold Breaker
|turn|37
|
|move|p1a: Metagross|Bullet Punch|p2a: Excadrill
|-resisted|p2a: Excadrill
|-damage|p2a: Excadrill|0 fnt
|faint|p2a: Excadrill
|
|-weather|none
|
|switch|p2a: Talonflame|Talonflame, F|342\/345
|-damage|p2a: Talonflame|170\/345|[from] Stealth Rock
|turn|38
|
|switch|p1a: Heatran|Heatran, M|283\/355
|move|p2a: Talonflame|Brave Bird|p1a: Heatran
|-crit|p1a: Heatran
|-resisted|p1a: Heatran
|-damage|p1a: Heatran|160\/355
|-damage|p2a: Talonflame|129\/345|[from] recoil|[of] p1a: Heatran
|
|-heal|p2a: Talonflame|150\/345|[from] item: Leftovers
|turn|39
|
|move|p2a: Talonflame|Roost|p2a: Talonflame
|-heal|p2a: Talonflame|323\/345
|move|p1a: Heatran|Lava Plume|p2a: Talonflame
|-resisted|p2a: Talonflame
|-damage|p2a: Talonflame|213\/345
|
|-heal|p2a: Talonflame|234\/345|[from] item: Leftovers
|turn|40
|
|move|p2a: Talonflame|Brave Bird|p1a: Heatran
|-resisted|p1a: Heatran
|-damage|p1a: Heatran|88\/355
|-damage|p2a: Talonflame|210\/345|[from] recoil|[of] p1a: Heatran
|move|p1a: Heatran|Lava Plume|p2a: Talonflame
|-resisted|p2a: Talonflame
|-damage|p2a: Talonflame|117\/345
|
|-heal|p2a: Talonflame|138\/345|[from] item: Leftovers
|turn|41
|
|move|p2a: Talonflame|Roost|p2a: Talonflame
|-heal|p2a: Talonflame|311\/345
|move|p1a: Heatran|Earth Power|p2a: Talonflame
|-supereffective|p2a: Talonflame
|-damage|p2a: Talonflame|0 fnt
|faint|p2a: Talonflame
|
|-message|ultraviolenc3 forfeited.
|leave|ultraviolenc3
|
|switch|p2a: Clefable|Clefable, F|393\/393
|-damage|p2a: Clefable|344\/393|[from] Stealth Rock
|turn|42
|
|win|terra1396
|raw|Ladder updating...
|player|p2
|raw|terra1396's rating: 1604 &rarr; <strong>1619<\/strong><br \/>(+15 for winning)
|raw|ultraviolenc3's rating: 1523 &rarr; <strong>1507<\/strong><br \/>(-16 for losing)