|join|JigglykongisFUM16
|join|terra1396
|player|p1|JigglykongisFUM16|5
|player|p2|terra1396|137
|gametype|singles
|gen|6
|tier|OU
|clearpoke
|poke|p1|Gallade, M
|poke|p1|Latias, F
|poke|p1|Chansey, F
|poke|p1|Crawdaunt, F
|poke|p1|Keldeo-Resolute
|poke|p1|Ferrothorn, M
|poke|p2|Conkeldurr, M
|poke|p2|Landorus-Therian, M
|poke|p2|Metagross
|poke|p2|Slowbro, M
|poke|p2|Heatran, F
|poke|p2|Umbreon, M
|rule|Swagger Clause: Swagger is banned
|rule|Baton Pass Clause: Limit one PokÃ©mon knowing Baton Pass
|rule|Sleep Clause Mod: Limit one foe put to sleep
|rule|Species Clause: Limit one of each PokÃ©mon
|rule|OHKO Clause: OHKO moves are banned
|rule|Moody Clause: Moody is banned
|rule|Evasion Moves Clause: Evasion moves are banned
|rule|Endless Battle Clause: Forcing endless battles is banned
|rule|HP Percentage Mod: HP is shown in percentages
|teampreview
|c|âJigglykongisFUM16|glhf, plz pardon the horrible nicknames :p
|
|start
|switch|p1a: My lil pony|Keldeo-Resolute|323\/323
|switch|p2a: Slowbro|Slowbro, M|331\/331
|turn|1
|c|âterra1396|lol
|
|switch|p1a: Please Hold On|Ferrothorn, M|352\/352
|move|p2a: Slowbro|Psyshock|p1a: Please Hold On
|-resisted|p1a: Please Hold On
|-damage|p1a: Please Hold On|314\/352
|
|-heal|p1a: Please Hold On|336\/352|[from] item: Leftovers
|turn|2
|
|move|p2a: Slowbro|Flamethrower|p1a: Please Hold On
|-supereffective|p1a: Please Hold On
|-damage|p1a: Please Hold On|52\/352
|move|p1a: Please Hold On|Leech Seed|p2a: Slowbro
|-start|p2a: Slowbro|move: Leech Seed
|
|-heal|p1a: Please Hold On|74\/352|[from] item: Leftovers
|-damage|p2a: Slowbro|290\/331|[from] Leech Seed|[of] p1a: Please Hold On
|-heal|p1a: Please Hold On|115\/352|[silent]
|turn|3
|c|âJigglykongisFUM16|oh welp
|
|switch|p2a: Conkeldurr|Conkeldurr, M|383\/383
|switch|p1a: Gallade|Gallade, M|277\/277
|
|turn|4
|
|switch|p2a: Landorus-Therian|Landorus-Therian, M|351\/351
|-ability|p2a: Landorus-Therian|Intimidate|[of] p1a: Gallade
|-unboost|p1a: Gallade|atk|1
|detailschange|p1a: Gallade|Gallade-Mega, M
|-mega|p1a: Gallade|Gallade|Galladite
|move|p1a: Gallade|Swords Dance|p1a: Gallade
|-boost|p1a: Gallade|atk|2
|
|turn|5
|
|move|p2a: Landorus-Therian|Earthquake|p1a: Gallade
|-damage|p1a: Gallade|40\/277
|move|p1a: Gallade|Knock Off|p2a: Landorus-Therian
|-damage|p2a: Landorus-Therian|110\/351
|-enditem|p2a: Landorus-Therian|Choice Scarf|[from] move: Knock Off|[of] p1a: Gallade
|
|turn|6
|
|move|p1a: Gallade|Knock Off|p2a: Landorus-Therian
|-damage|p2a: Landorus-Therian|0 fnt
|faint|p2a: Landorus-Therian
|
|
|switch|p2a: Conkeldurr|Conkeldurr, M|383\/383
|turn|7
|
|move|p2a: Conkeldurr|Mach Punch|p1a: Gallade
|-resisted|p1a: Gallade
|-damage|p1a: Gallade|0 fnt
|faint|p1a: Gallade
|
|c|âterra1396|phew
|c|âJigglykongisFUM16|much power ;p
|c|âterra1396|that's a crisis averted lol
|
|switch|p1a: Lady Liberty|Latias, F|301\/301
|turn|8
|
|switch|p1a: My lil pony|Keldeo-Resolute|323\/323
|switch|p2a: Metagross|Metagross|317\/317
|
|turn|9
|c|âJigglykongisFUM16|not umbreon lol
|
|switch|p1a: Please Hold On|Ferrothorn, M|115\/352
|detailschange|p2a: Metagross|Metagross-Mega
|-mega|p2a: Metagross|Metagross|Metagrossite
|move|p2a: Metagross|Zen Headbutt|p1a: Please Hold On
|-resisted|p1a: Please Hold On
|-damage|p1a: Please Hold On|55\/352
|-damage|p2a: Metagross|278\/317|[from] ability: Iron Barbs|[of] p1a: Please Hold On
|
|-heal|p1a: Please Hold On|77\/352|[from] item: Leftovers
|turn|10
|
|move|p2a: Metagross|Earthquake|p1a: Please Hold On
|-damage|p1a: Please Hold On|6\/352
|move|p1a: Please Hold On|Leech Seed|p2a: Metagross
|-start|p2a: Metagross|move: Leech Seed
|
|-heal|p1a: Please Hold On|28\/352|[from] item: Leftovers
|-damage|p2a: Metagross|239\/317|[from] Leech Seed|[of] p1a: Please Hold On
|-heal|p1a: Please Hold On|67\/352|[silent]
|turn|11
|c|âterra1396|much bulk
|
|switch|p2a: Heatran|Heatran, F|386\/386
|-item|p2a: Heatran|Air Balloon
|move|p1a: Please Hold On|Power Whip|p2a: Heatran
|-resisted|p2a: Heatran
|-damage|p2a: Heatran|354\/386
|-enditem|p2a: Heatran|Air Balloon
|
|-heal|p1a: Please Hold On|89\/352|[from] item: Leftovers
|turn|12
|c|âJigglykongisFUM16|indeed
|
|switch|p1a: My lil pony|Keldeo-Resolute|323\/323
|move|p2a: Heatran|Stealth Rock|p1a: My lil pony
|-sidestart|p1: JigglykongisFUM16|move: Stealth Rock
|
|turn|13
|
|switch|p2a: Slowbro|Slowbro, M|331\/331
|move|p1a: My lil pony|Hydro Pump|p2a: Slowbro|[miss]
|-miss|p1a: My lil pony|p2a: Slowbro
|
|turn|14
|
|switch|p1a: Lady Liberty|Latias, F|301\/301
|-damage|p1a: Lady Liberty|264\/301|[from] Stealth Rock
|move|p2a: Slowbro|Scald|p1a: Lady Liberty
|-resisted|p1a: Lady Liberty
|-damage|p1a: Lady Liberty|216\/301
|
|turn|15
|
|move|p1a: Lady Liberty|Defog|p2a: Slowbro
|-unboost|p2a: Slowbro|evasion|1
|-sideend|p1: JigglykongisFUM16|Stealth Rock|[from] move: Defog|[of] p1a: Lady Liberty
|move|p2a: Slowbro|Ice Beam|p1a: Lady Liberty
|-supereffective|p1a: Lady Liberty
|-damage|p1a: Lady Liberty|84\/301
|
|turn|16
|
|move|p1a: Lady Liberty|Recover|p1a: Lady Liberty
|-heal|p1a: Lady Liberty|235\/301
|move|p2a: Slowbro|Ice Beam|p1a: Lady Liberty
|-supereffective|p1a: Lady Liberty
|-damage|p1a: Lady Liberty|107\/301
|
|turn|17
|
|switch|p1a: Fiendish Killer|Chansey, F|642\/642
|move|p2a: Slowbro|Ice Beam|p1a: Fiendish Killer
|-damage|p1a: Fiendish Killer|600\/642
|
|turn|18
|
|switch|p2a: Umbreon|Umbreon, M|394\/394
|move|p1a: Fiendish Killer|Wish|p1a: Fiendish Killer
|
|turn|19
|
|switch|p2a: Heatran|Heatran, F|354\/386
|switch|p1a: Please Hold On|Ferrothorn, M|89\/352
|
|-heal|p1a: Please Hold On|352\/352|[from] move: Wish|[wisher] Fiendish Killer
|turn|20
|
|switch|p1a: Lady Liberty|Latias, F|107\/301
|move|p2a: Heatran|Stealth Rock|p1a: Lady Liberty
|-sidestart|p1: JigglykongisFUM16|move: Stealth Rock
|
|turn|21
|
|move|p1a: Lady Liberty|Defog|p2a: Heatran
|-unboost|p2a: Heatran|evasion|1
|-sideend|p1: JigglykongisFUM16|Stealth Rock|[from] move: Defog|[of] p1a: Lady Liberty
|move|p2a: Heatran|Flash Cannon|p1a: Lady Liberty
|-damage|p1a: Lady Liberty|8\/301
|
|turn|22
|c|âterra1396|so close ;~;
|c|âJigglykongisFUM16|latias comes through for me(sometimes)
|
|move|p1a: Lady Liberty|Recover|p1a: Lady Liberty
|-heal|p1a: Lady Liberty|159\/301
|move|p2a: Heatran|Stealth Rock|p1a: Lady Liberty
|-sidestart|p1: JigglykongisFUM16|move: Stealth Rock
|
|turn|23
|
|switch|p2a: Metagross|Metagross-Mega|239\/317
|move|p1a: Lady Liberty|Defog|p2a: Metagross
|-unboost|p2a: Metagross|evasion|1
|-sideend|p1: JigglykongisFUM16|Stealth Rock|[from] move: Defog|[of] p1a: Lady Liberty
|
|turn|24
|
|switch|p1a: Please Hold On|Ferrothorn, M|352\/352
|switch|p2a: Slowbro|Slowbro, M|331\/331
|
|turn|25
|
|switch|p1a: Lady Liberty|Latias, F|159\/301
|move|p2a: Slowbro|Flamethrower|p1a: Lady Liberty
|-resisted|p1a: Lady Liberty
|-damage|p1a: Lady Liberty|123\/301
|
|turn|26
|
|switch|p2a: Conkeldurr|Conkeldurr, M|383\/383
|move|p1a: Lady Liberty|Recover|p1a: Lady Liberty
|-heal|p1a: Lady Liberty|274\/301
|
|turn|27
|c|âterra1396|lol, this isn't the first time this has happened
|c|âJigglykongisFUM16|:o
|c|âterra1396|I went up to almost 50 turns with someone on ladder til one pokemon got ko'd lol
|
|move|p1a: Lady Liberty|Psychic|p2a: Conkeldurr
|-supereffective|p2a: Conkeldurr
|-damage|p2a: Conkeldurr|48\/383
|-damage|p1a: Lady Liberty|244\/301|[from] item: Life Orb
|move|p2a: Conkeldurr|Knock Off|p1a: Lady Liberty
|-supereffective|p1a: Lady Liberty
|-damage|p1a: Lady Liberty|0 fnt
|-enditem|p1a: Lady Liberty|Life Orb|[from] move: Knock Off|[of] p2a: Conkeldurr
|faint|p1a: Lady Liberty
|
|c|âJigglykongisFUM16|nooooo
|c|âJigglykongisFUM16|that ruined my day
|c|âterra1396|sooooooo clooooose :o
|
|switch|p1a: Adaptibility King|Crawdaunt, F|330\/330
|turn|28
|
|move|p1a: Adaptibility King|Aqua Jet|p2a: Conkeldurr
|-damage|p2a: Conkeldurr|0 fnt
|faint|p2a: Conkeldurr
|
|c|âJigglykongisFUM16|but we're back to even
|c|âterra1396|mhm
|
|switch|p2a: Metagross|Metagross-Mega|239\/317
|turn|29
|c|âJigglykongisFUM16|hmm thats an interesting switch in
|c|âterra1396|crawdawnt gonna be aproblem
|c|âJigglykongisFUM16|oh yea, crawdaunt is my bae, it always kills the most
|
|move|p2a: Metagross|Hammer Arm|p1a: Adaptibility King
|-supereffective|p1a: Adaptibility King
|-enditem|p1a: Adaptibility King|Focus Sash
|-damage|p1a: Adaptibility King|1\/330
|-unboost|p2a: Metagross|spe|1
|move|p1a: Adaptibility King|Knock Off|p2a: Metagross
|-supereffective|p2a: Metagross
|-damage|p2a: Metagross|27\/317
|
|turn|30
|c|âJigglykongisFUM16|if u have bullet punch, my day will so super south
|
|switch|p2a: Umbreon|Umbreon, M|394\/394
|switch|p1a: My lil pony|Keldeo-Resolute|323\/323
|
|turn|31
|c|âterra1396|alas we cannot have everything
|c|âJigglykongisFUM16|i realize i run a bad keldeo set lol
|
|switch|p2a: Slowbro|Slowbro, M|331\/331
|move|p1a: My lil pony|Focus Blast|p2a: Slowbro
|-resisted|p2a: Slowbro
|-damage|p2a: Slowbro|162\/331
|-unboost|p2a: Slowbro|spd|1
|
|-heal|p2a: Slowbro|182\/331|[from] item: Leftovers
|turn|32
|c|âJigglykongisFUM16|dat drop
|c|âJigglykongisFUM16|that power
|c|âJigglykongisFUM16|:o
|c|âJigglykongisFUM16|having a bad keldeo set might save me
|c|âterra1396|dayum for reals
|c|âJigglykongisFUM16|\/me risks it
|
|switch|p2a: Umbreon|Umbreon, M|394\/394
|move|p1a: My lil pony|Focus Blast|p2a: Umbreon|[miss]
|-miss|p1a: My lil pony|p2a: Umbreon
|
|turn|33
|c|âterra1396|that crawdawnt scares me
|c|âJigglykongisFUM16|i nearly switched to craw
|
|move|p1a: My lil pony|Focus Blast|p2a: Umbreon|[miss]
|-miss|p1a: My lil pony|p2a: Umbreon
|move|p2a: Umbreon|Wish|p2a: Umbreon
|
|turn|34
|c|âJigglykongisFUM16|.lol
|c|âterra1396|le risk
|
|switch|p1a: Fiendish Killer|Chansey, F|600\/642
|switch|p2a: Slowbro|Slowbro, M|292\/331
|
|-heal|p2a: Slowbro|331\/331|[from] move: Wish|[wisher] Umbreon
|turn|35
|
|switch|p2a: Umbreon|Umbreon, M|394\/394
|move|p1a: Fiendish Killer|Wish|p1a: Fiendish Killer
|
|turn|36
|
|switch|p1a: Adaptibility King|Crawdaunt, F|1\/330
|move|p2a: Umbreon|Foul Play|p1a: Adaptibility King
|-resisted|p1a: Adaptibility King
|-damage|p1a: Adaptibility King|0 fnt
|faint|p1a: Adaptibility King
|
|c|âJigglykongisFUM16|yea
|c|âterra1396|nope
|c|âJigglykongisFUM16|i presswed cancel too late
|c|âJigglykongisFUM16|i knew it was coming but cancel doesnt like me lol
|c|âterra1396|happens often lol
|
|switch|p1a: My lil pony|Keldeo-Resolute|323\/323
|turn|37
|c|âJigglykongisFUM16|i cant beat le bro now
|
|move|p1a: My lil pony|Focus Blast|p2a: Umbreon
|-supereffective|p2a: Umbreon
|-damage|p2a: Umbreon|0 fnt
|faint|p2a: Umbreon
|
|c|âterra1396|chansey tho
|
|switch|p2a: Slowbro|Slowbro, M|331\/331
|turn|38
|c|âJigglykongisFUM16|psyshock tho
|c|âterra1396|chansey enormous bulk tho
|
|move|p1a: My lil pony|Focus Blast|p2a: Slowbro|[miss]
|-miss|p1a: My lil pony|p2a: Slowbro
|move|p2a: Slowbro|Psyshock|p1a: My lil pony
|-supereffective|p1a: My lil pony
|-damage|p1a: My lil pony|75\/323
|
|turn|39
|c|âJigglykongisFUM16|what to sack
|c|âJigglykongisFUM16|i chose keldeo
|c|âJigglykongisFUM16|:I
|c|âJigglykongisFUM16|why would i choose keldeo
|c|âterra1396|lol
|
|switch|p1a: Please Hold On|Ferrothorn, M|352\/352
|move|p2a: Slowbro|Psyshock|p1a: Please Hold On
|-resisted|p1a: Please Hold On
|-damage|p1a: Please Hold On|317\/352
|
|-heal|p1a: Please Hold On|339\/352|[from] item: Leftovers
|turn|40
|c|âterra1396|it's not a bad poke, just sucky coverage
|c|âJigglykongisFUM16|yea
|
|move|p2a: Slowbro|Flamethrower|p1a: Please Hold On
|-supereffective|p1a: Please Hold On
|-damage|p1a: Please Hold On|35\/352
|move|p1a: Please Hold On|Power Whip|p2a: Slowbro
|-supereffective|p2a: Slowbro
|-damage|p2a: Slowbro|143\/331
|
|-heal|p2a: Slowbro|163\/331|[from] item: Leftovers
|-heal|p1a: Please Hold On|57\/352|[from] item: Leftovers
|turn|41
|c|âJigglykongisFUM16|im just going to send farewell
|c|âJigglykongisFUM16|wow
|c|âJigglykongisFUM16|that did a nice farewell
|c|âterra1396|lol
|
|move|p2a: Slowbro|Flamethrower|p1a: Please Hold On
|-supereffective|p1a: Please Hold On
|-damage|p1a: Please Hold On|0 fnt
|faint|p1a: Please Hold On
|
|-heal|p2a: Slowbro|183\/331|[from] item: Leftovers
|
|switch|p1a: Fiendish Killer|Chansey, F|600\/642
|turn|42
|
|switch|p2a: Heatran|Heatran, F|354\/386
|move|p1a: Fiendish Killer|Seismic Toss|p2a: Heatran
|-damage|p2a: Heatran|254\/386
|
|turn|43
|
|switch|p1a: My lil pony|Keldeo-Resolute|75\/323
|move|p2a: Heatran|Lava Plume|p1a: My lil pony
|-resisted|p1a: My lil pony
|-damage|p1a: My lil pony|5\/323
|-status|p1a: My lil pony|brn
|
|-damage|p1a: My lil pony|0 fnt|[from] brn
|faint|p1a: My lil pony
|c|âJigglykongisFUM16|ouch burn hurts
|c|âJigglykongisFUM16|lol
|c|âterra1396|lol
|
|switch|p1a: Fiendish Killer|Chansey, F|600\/642
|turn|44
|
|move|p2a: Heatran|Lava Plume|p1a: Fiendish Killer
|-damage|p1a: Fiendish Killer|536\/642
|-status|p1a: Fiendish Killer|brn
|move|p1a: Fiendish Killer|Seismic Toss|p2a: Heatran
|-damage|p2a: Heatran|154\/386
|
|-damage|p1a: Fiendish Killer|456\/642 brn|[from] brn
|turn|45
|
|move|p2a: Heatran|Lava Plume|p1a: Fiendish Killer
|-damage|p1a: Fiendish Killer|392\/642 brn
|move|p1a: Fiendish Killer|Heal Bell|p1a: Fiendish Killer
|-cureteam|p1a: Fiendish Killer|[from] move: HealBell
|
|turn|46
|c|âterra1396|that 30%, has saved my butt so many times, you don't know
|c|âJigglykongisFUM16|lol
|
|move|p2a: Heatran|Lava Plume|p1a: Fiendish Killer
|-damage|p1a: Fiendish Killer|326\/642
|move|p1a: Fiendish Killer|Wish|p1a: Fiendish Killer
|
|turn|47
|
|move|p2a: Heatran|Lava Plume|p1a: Fiendish Killer
|-damage|p1a: Fiendish Killer|262\/642
|move|p1a: Fiendish Killer|Seismic Toss|p2a: Heatran
|-damage|p2a: Heatran|54\/386
|
|-heal|p1a: Fiendish Killer|583\/642|[from] move: Wish|[wisher] Fiendish Killer
|turn|48
|
|move|p2a: Heatran|Lava Plume|p1a: Fiendish Killer
|-damage|p1a: Fiendish Killer|511\/642
|move|p1a: Fiendish Killer|Wish|p1a: Fiendish Killer
|
|turn|49
|c|âJigglykongisFUM16|no burn plz
|
|switch|p2a: Slowbro|Slowbro, M|293\/331
|move|p1a: Fiendish Killer|Seismic Toss|p2a: Slowbro
|-damage|p2a: Slowbro|193\/331
|
|-heal|p1a: Fiendish Killer|642\/642|[from] move: Wish|[wisher] Fiendish Killer
|-heal|p2a: Slowbro|213\/331|[from] item: Leftovers
|turn|50
|c|âterra1396|cancel why u do this O.O
|c|âJigglykongisFUM16|:o
|join|HeaLnDeaL
|c|âJigglykongisFUM16|hey HeaL
|
|move|p1a: Fiendish Killer|Protect|p1a: Fiendish Killer
|-singleturn|p1a: Fiendish Killer|Protect
|move|p2a: Slowbro|Psyshock|p1a: Fiendish Killer
|-activate|p1a: Fiendish Killer|Protect
|
|-heal|p2a: Slowbro|233\/331|[from] item: Leftovers
|turn|51
|
|move|p1a: Fiendish Killer|Seismic Toss|p2a: Slowbro
|-damage|p2a: Slowbro|133\/331
|move|p2a: Slowbro|Psyshock|p1a: Fiendish Killer
|-damage|p1a: Fiendish Killer|491\/642
|
|-heal|p2a: Slowbro|153\/331|[from] item: Leftovers
|turn|52
|
|move|p1a: Fiendish Killer|Seismic Toss|p2a: Slowbro
|-damage|p2a: Slowbro|53\/331
|move|p2a: Slowbro|Psyshock|p1a: Fiendish Killer
|-damage|p1a: Fiendish Killer|334\/642
|
|-heal|p2a: Slowbro|73\/331|[from] item: Leftovers
|turn|53
|
|switch|p2a: Heatran|Heatran, F|54\/386
|move|p1a: Fiendish Killer|Wish|p1a: Fiendish Killer
|
|turn|54
|c|âJigglykongisFUM16|no burn plz
|
|move|p2a: Heatran|Lava Plume|p1a: Fiendish Killer
|-damage|p1a: Fiendish Killer|264\/642
|move|p1a: Fiendish Killer|Seismic Toss|p2a: Heatran
|-damage|p2a: Heatran|0 fnt
|faint|p2a: Heatran
|
|-heal|p1a: Fiendish Killer|585\/642|[from] move: Wish|[wisher] Fiendish Killer
|
|switch|p2a: Slowbro|Slowbro, M|183\/331
|turn|55
|
|move|p1a: Fiendish Killer|Seismic Toss|p2a: Slowbro
|-damage|p2a: Slowbro|83\/331
|move|p2a: Slowbro|Psyshock|p1a: Fiendish Killer
|-damage|p1a: Fiendish Killer|417\/642
|
|-heal|p2a: Slowbro|103\/331|[from] item: Leftovers
|turn|56
|c|âterra1396|lol, if only I had lando or conkeldurr
|c|âJigglykongisFUM16|oh how i wish for my crawdaunt right now
|c|âJigglykongisFUM16|lol how we all wish
|c|âterra1396|if only I had slack off
|c|âJigglykongisFUM16|^
|
|move|p1a: Fiendish Killer|Wish|p1a: Fiendish Killer
|move|p2a: Slowbro|Psyshock|p1a: Fiendish Killer
|-damage|p1a: Fiendish Killer|263\/642
|
|-heal|p2a: Slowbro|123\/331|[from] item: Leftovers
|turn|57
|
|move|p1a: Fiendish Killer|Seismic Toss|p2a: Slowbro
|-damage|p2a: Slowbro|23\/331
|move|p2a: Slowbro|Psyshock|p1a: Fiendish Killer
|-damage|p1a: Fiendish Killer|115\/642
|
|-heal|p1a: Fiendish Killer|436\/642|[from] move: Wish|[wisher] Fiendish Killer
|-heal|p2a: Slowbro|43\/331|[from] item: Leftovers
|turn|58
|
|move|p1a: Fiendish Killer|Wish|p1a: Fiendish Killer
|move|p2a: Slowbro|Psyshock|p1a: Fiendish Killer
|-damage|p1a: Fiendish Killer|277\/642
|
|-heal|p2a: Slowbro|63\/331|[from] item: Leftovers
|turn|59
|c|âJigglykongisFUM16|well here we go
|c|âJigglykongisFUM16|final moments
|
|move|p1a: Fiendish Killer|Seismic Toss|p2a: Slowbro
|-damage|p2a: Slowbro|0 fnt
|faint|p2a: Slowbro
|
|-heal|p1a: Fiendish Killer|598\/642|[from] move: Wish|[wisher] Fiendish Killer
|c|âterra1396|gg
|
|switch|p2a: Metagross|Metagross-Mega|27\/317
|turn|60
|c|âterra1396|maybe hax?
|c|âJigglykongisFUM16|watch a crit
|c|âJigglykongisFUM16|lol
|
|move|p2a: Metagross|Zen Headbutt|p1a: Fiendish Killer
|-damage|p1a: Fiendish Killer|328\/642
|cant|p1a: Fiendish Killer|flinch
|
|turn|61
|c|âterra1396|OMFG
|c|âJigglykongisFUM16|....yea lol
|c| HeaLnDeaL|oooh
|c|âJigglykongisFUM16|my bad luck is back again :P
|c|âterra1396|watch miss xD
|c| HeaLnDeaL|come on fiendish killer
|
|move|p1a: Fiendish Killer|Protect|p1a: Fiendish Killer
|-singleturn|p1a: Fiendish Killer|Protect
|move|p2a: Metagross|Hammer Arm|p1a: Fiendish Killer
|-activate|p1a: Fiendish Killer|Protect
|
|turn|62
|c| HeaLnDeaL|couh oh
|c|âJigglykongisFUM16|now miss
|
|move|p2a: Metagross|Hammer Arm|p1a: Fiendish Killer
|-supereffective|p1a: Fiendish Killer
|-damage|p1a: Fiendish Killer|0 fnt
|-unboost|p2a: Metagross|spe|1
|faint|p1a: Fiendish Killer
|
|win|terra1396
|c|âJigglykongisFUM16|lol
|c|âterra1396|lol
|c| HeaLnDeaL|welp
|c|âJigglykongisFUM16|gg man
|c|âterra1396|gg that was fun
|leave|HeaLnDeaL
|c|âterra1396|62 turns tho
|join|Bagols
|c|âJigglykongisFUM16|yea ;p
|c|âterra1396|perhaps our longest battle
|leave|Bagols
|c|âJigglykongisFUM16|i think so
|c|âterra1396|we walled eachother hard lol
|c|âJigglykongisFUM16|true true
|c|âterra1396|I hurt without bullet punch but hammer arm just pulls through lol
|c|âJigglykongisFUM16|mhm
|c|âJigglykongisFUM16|hammer arm was a surprise when u used it on craw
|c|âJigglykongisFUM16|I was so mystified when u siwtched into it
|c|âterra1396|kek, that sash almost ruined my day
|c|âterra1396|if meta was at higher hp, I wouldn't have needed hax lol
|c|âJigglykongisFUM16|ye ;p
|c|âterra1396|dang, well my stamina for the day is over lol
|c|âJigglykongisFUM16|lol ok
|c|âJigglykongisFUM16|how often do u come on
|c|âterra1396|I don't overbattle cause then I lose my cool if I lose and fall in the ladder
|c|âterra1396|Idk like 3-4 times a week
|c|âterra1396|I have weekends off for now but morning and day is definetly guranteed
|c|âJigglykongisFUM16|cool, but thats mainly when im inactive lol
|c|âterra1396|lol
|c|âterra1396|you on during evenings?
|c|âJigglykongisFUM16|mainly
|c|âterra1396|well I have a wierd schedule atm, im still in school so there goes weekday morning
|c|âJigglykongisFUM16|I sometimes show uo rarely on weekday mornings(nvm)
|c|âterra1396|I don't work 30+ hours per week now so theres free time lol
|c|âJigglykongisFUM16|I got a lil job myself, but its only 20 hours a week
|c|âterra1396|I dishwash only thusday nights but I got promoted to busse but still haven't gottten my schedule
|c|âterra1396|nice
|c|âJigglykongisFUM16|hopefully u get one soon
|c|âJigglykongisFUM16|I've only recently realized how helpful scedules are
|c|âterra1396|Ya it's very good money, while bussing at plaza grill, tips pretty much are just as big as your salary
|c|âJigglykongisFUM16|thats great
|c|âJigglykongisFUM16|If only library shelvers got Tips
|c|âJigglykongisFUM16|;p
|c|âterra1396|the fatigue tho lol, I've gotten kinda used to it but, this place is fucking crazy xD
|c|âJigglykongisFUM16|lol
|leave|terra1396
|player|p2