|join|terra1396
|join|mr.scout
|player|p1|terra1396|137
|player|p2|mr.scout|102
|gametype|singles
|gen|6
|tier|OU
|rated
|clearpoke
|poke|p1|Landorus-Therian, M
|poke|p1|Metagross
|poke|p1|Slowbro, M
|poke|p1|Conkeldurr, M
|poke|p1|Heatran, F
|poke|p1|Umbreon, M
|poke|p2|Sableye, F
|poke|p2|Latios, M
|poke|p2|Landorus-Therian, M
|poke|p2|Clefable, M
|poke|p2|Ferrothorn, M
|poke|p2|Azumarill, M
|rule|Swagger Clause: Swagger is banned
|rule|Baton Pass Clause: Limit one PokÃ©mon knowing Baton Pass
|rule|Sleep Clause Mod: Limit one foe put to sleep
|rule|Species Clause: Limit one of each PokÃ©mon
|rule|OHKO Clause: OHKO moves are banned
|rule|Moody Clause: Moody is banned
|rule|Evasion Moves Clause: Evasion moves are banned
|rule|Endless Battle Clause: Forcing endless battles is banned
|rule|HP Percentage Mod: HP is shown in percentages
|teampreview
|
|start
|switch|p1a: Heatran|Heatran, F|355\/355
|switch|p2a: Landorus-Therian|Landorus-Therian, M|319\/319
|-ability|p2a: Landorus-Therian|Intimidate|[of] p1a: Heatran
|-unboost|p1a: Heatran|atk|1
|-item|p1a: Heatran|Air Balloon
|turn|1
|
|move|p2a: Landorus-Therian|U-turn|p1a: Heatran
|-resisted|p1a: Heatran
|-damage|p1a: Heatran|336\/355
|-enditem|p1a: Heatran|Air Balloon
|
|switch|p2a: Azumarill|Azumarill, M|401\/401
|move|p1a: Heatran|Lava Plume|p2a: Azumarill
|-resisted|p2a: Azumarill
|-damage|p2a: Azumarill|347\/401
|
|turn|2
|
|switch|p1a: Metagross|Metagross|302\/302
|move|p2a: Azumarill|Waterfall|p1a: Metagross
|-damage|p1a: Metagross|161\/302
|
|turn|3
|
|switch|p2a: Ferrothorn|Ferrothorn, M|351\/351
|detailschange|p1a: Metagross|Metagross-Mega
|-mega|p1a: Metagross|Metagross|Metagrossite
|move|p1a: Metagross|Thunder Punch|p2a: Ferrothorn
|-resisted|p2a: Ferrothorn
|-damage|p2a: Ferrothorn|311\/351
|-damage|p1a: Metagross|124\/302|[from] ability: Iron Barbs|[of] p2a: Ferrothorn
|
|-heal|p2a: Ferrothorn|332\/351|[from] item: Leftovers
|turn|4
|
|switch|p1a: Conkeldurr|Conkeldurr, M|351\/351
|move|p2a: Ferrothorn|Spikes|p1a: Conkeldurr
|-sidestart|p1: terra1396|Spikes
|
|-heal|p2a: Ferrothorn|351\/351|[from] item: Leftovers
|turn|5
|
|switch|p2a: Clefable|Clefable, M|394\/394
|move|p1a: Conkeldurr|Knock Off|p2a: Clefable
|-resisted|p2a: Clefable
|-damage|p2a: Clefable|329\/394
|-enditem|p2a: Clefable|Leftovers|[from] move: Knock Off|[of] p1a: Conkeldurr
|
|turn|6
|
|switch|p1a: Heatran|Heatran, F|336\/355
|-damage|p1a: Heatran|292\/355|[from] Spikes
|move|p2a: Clefable|Stealth Rock|p1a: Heatran
|-sidestart|p1: terra1396|move: Stealth Rock
|
|turn|7
|
|switch|p2a: Latios|Latios, M|301\/301
|move|p1a: Heatran|Stealth Rock|p2a: Latios
|-sidestart|p2: mr.scout|move: Stealth Rock
|
|turn|8
|
|switch|p1a: Landorus-Therian|Landorus-Therian, M|351\/351
|-damage|p1a: Landorus-Therian|308\/351|[from] Stealth Rock
|-ability|p1a: Landorus-Therian|Intimidate|[of] p2a: Latios
|-unboost|p2a: Latios|atk|1
|move|p2a: Latios|Thunderbolt|p1a: Landorus-Therian
|-immune|p1a: Landorus-Therian|[msg]
|
|turn|9
|
|switch|p2a: Landorus-Therian|Landorus-Therian, M|319\/319
|-damage|p2a: Landorus-Therian|280\/319|[from] Stealth Rock
|-ability|p2a: Landorus-Therian|Intimidate|[of] p1a: Landorus-Therian
|-unboost|p1a: Landorus-Therian|atk|1
|move|p1a: Landorus-Therian|U-turn|p2a: Landorus-Therian
|-resisted|p2a: Landorus-Therian
|-damage|p2a: Landorus-Therian|242\/319
|
|switch|p1a: Slowbro|Slowbro, M|331\/331
|-damage|p1a: Slowbro|290\/331|[from] Stealth Rock
|-damage|p1a: Slowbro|249\/331|[from] Spikes
|
|-heal|p1a: Slowbro|269\/331|[from] item: Leftovers
|turn|10
|
|move|p2a: Landorus-Therian|U-turn|p1a: Slowbro
|-supereffective|p1a: Slowbro
|-damage|p1a: Slowbro|145\/331
|
|switch|p2a: Latios|Latios, M|301\/301
|-damage|p2a: Latios|264\/301|[from] Stealth Rock
|move|p1a: Slowbro|Scald|p2a: Latios
|-resisted|p2a: Latios
|-damage|p2a: Latios|207\/301
|
|-heal|p1a: Slowbro|165\/331|[from] item: Leftovers
|turn|11
|
|switch|p1a: Heatran|Heatran, F|292\/355
|-damage|p1a: Heatran|248\/355|[from] Spikes
|-damage|p1a: Heatran|204\/355|[from] Stealth Rock
|move|p2a: Latios|Draco Meteor|p1a: Heatran
|-resisted|p1a: Heatran
|-damage|p1a: Heatran|81\/355
|-unboost|p2a: Latios|spa|2
|-damage|p2a: Latios|177\/301|[from] item: Life Orb
|
|turn|12
|
|move|p2a: Latios|Recover|p2a: Latios
|-heal|p2a: Latios|301\/301
|move|p1a: Heatran|Flash Cannon|p2a: Latios
|-crit|p2a: Latios
|-damage|p2a: Latios|111\/301
|
|turn|13
|
|move|p2a: Latios|Recover|p2a: Latios
|-heal|p2a: Latios|262\/301
|move|p1a: Heatran|Flash Cannon|p2a: Latios
|-damage|p2a: Latios|133\/301
|
|turn|14
|
|move|p2a: Latios|Recover|p2a: Latios
|-heal|p2a: Latios|284\/301
|move|p1a: Heatran|Flash Cannon|p2a: Latios
|-damage|p2a: Latios|145\/301
|
|turn|15
|
|switch|p2a: Azumarill|Azumarill, M|347\/401
|-damage|p2a: Azumarill|297\/401|[from] Stealth Rock
|move|p1a: Heatran|Flash Cannon|p2a: Azumarill
|-damage|p2a: Azumarill|170\/401
|
|turn|16
|
|move|p1a: Heatran|Flash Cannon|p2a: Azumarill
|-damage|p2a: Azumarill|47\/401
|move|p2a: Azumarill|Knock Off|p1a: Heatran
|-damage|p1a: Heatran|0 fnt
|faint|p1a: Heatran
|
|
|switch|p1a: Slowbro|Slowbro, M|275\/331
|-damage|p1a: Slowbro|234\/331|[from] Spikes
|-damage|p1a: Slowbro|193\/331|[from] Stealth Rock
|turn|17
|
|move|p2a: Azumarill|Knock Off|p1a: Slowbro
|-supereffective|p1a: Slowbro
|-damage|p1a: Slowbro|0 fnt
|-enditem|p1a: Slowbro|Leftovers|[from] move: Knock Off|[of] p2a: Azumarill
|faint|p1a: Slowbro
|
|
|switch|p1a: Conkeldurr|Conkeldurr, M|351\/351
|-damage|p1a: Conkeldurr|308\/351|[from] Spikes
|-damage|p1a: Conkeldurr|287\/351|[from] Stealth Rock
|turn|18
|
|move|p1a: Conkeldurr|Mach Punch|p2a: Azumarill
|-resisted|p2a: Azumarill
|-damage|p2a: Azumarill|1\/401
|move|p2a: Azumarill|Play Rough|p1a: Conkeldurr|[miss]
|-miss|p2a: Azumarill|p1a: Conkeldurr
|
|turn|19
|
|move|p2a: Azumarill|Aqua Jet|p1a: Conkeldurr
|-damage|p1a: Conkeldurr|211\/351
|move|p1a: Conkeldurr|Mach Punch|p2a: Azumarill
|-resisted|p2a: Azumarill
|-damage|p2a: Azumarill|0 fnt
|faint|p2a: Azumarill
|
|-message|terra1396 forfeited.
|leave|terra1396
|
|win|mr.scout
|raw|Ladder updating...
|player|p1
|raw|terra1396's rating: 1739 &rarr; <strong>1714<\/strong><br \/>(-25 for losing)
|raw|mr.scout's rating: 1638 &rarr; <strong>1664<\/strong><br \/>(+26 for winning)