|join|Stuffu
|join|terra1396
|player|p1|Stuffu|25
|player|p2|terra1396|99
|gametype|singles
|gen|6
|tier|OU
|rated
|clearpoke
|poke|p1|Thundurus, M
|poke|p1|Genesect
|poke|p1|Rotom-Wash
|poke|p1|Conkeldurr, M
|poke|p1|Venusaur, M
|poke|p1|Aegislash, M
|poke|p2|Zoroark, F
|poke|p2|Cresselia, F
|poke|p2|Genesect, shiny
|poke|p2|Talonflame, M
|poke|p2|Scolipede, M
|poke|p2|Garchomp, M
|rule|Sleep Clause Mod: Limit one foe put to sleep
|rule|Species Clause: Limit one of each Pokemon
|rule|OHKO Clause: OHKO moves are banned
|rule|Moody Clause: Moody is banned
|rule|Evasion Moves Clause: Evasion moves are banned
|rule|Endless Battle Clause: Forcing endless battles is banned.
|rule|HP Percentage Mod: HP is reported as percentages
|teampreview
|callback|decision
|
|start
|switch|p1a: Thundurus|Thundurus, M|300\/300
|switch|p2a: Scolipede|Scolipede, M|262\/262
|turn|1
|callback|decision
|
|move|p1a: Thundurus|Taunt|p2a: Scolipede
|-start|p2a: Scolipede|move: Taunt
|move|p2a: Scolipede|Night Daze|p1a: Thundurus
|-damage|p1a: Thundurus|131\/300
|-unboost|p1a: Thundurus|accuracy|1
|
|-heal|p1a: Thundurus|149\/300|[from] item: Leftovers
|turn|2
|callback|decision
|
|move|p1a: Thundurus|Volt Switch|p2a: Scolipede
|replace|p2a: Zoroark|Zoroark, F|262\/262
|-damage|p2a: Zoroark|63\/262
|callback|decision
|
|switch|p1a: Conkeldurr|Conkeldurr, M|351\/351
|move|p2a: Zoroark|Night Daze|p1a: Conkeldurr
|-resisted|p1a: Conkeldurr
|-damage|p1a: Conkeldurr|300\/351
|
|turn|3
|callback|decision
|
|switch|p2a: Cresselia|Cresselia, F|444\/444
|move|p1a: Conkeldurr|Knock Off|p2a: Cresselia
|-supereffective|p2a: Cresselia
|-damage|p2a: Cresselia|244\/444
|-enditem|p2a: Cresselia|Light Clay|[from] move: Knock Off|[of] p1a: Conkeldurr
|
|turn|4
|callback|decision
|
|switch|p1a: Genesect|Genesect|284\/284
|-boost|p1a: Genesect|spa|1|[from] ability: Download
|move|p2a: Cresselia|Reflect|p2a: Cresselia
|-sidestart|p2: terra1396|Reflect
|
|turn|5
|callback|decision
|
|move|p1a: Genesect|U-turn|p2a: Cresselia
|-supereffective|p2a: Cresselia
|-damage|p2a: Cresselia|178\/444
|callback|decision
|
|switch|p1a: Rotom-Wash|Rotom-Wash|304\/304
|move|p2a: Cresselia|Thunder Wave|p1a: Rotom-Wash
|-fail|p1a: Rotom-Wash
|
|turn|6
|callback|decision
|
|move|p1a: Rotom-Wash|Will-O-Wisp|p2a: Cresselia
|-status|p2a: Cresselia|brn
|move|p2a: Cresselia|Light Screen|p2a: Cresselia
|-sidestart|p2: terra1396|move: Light Screen
|
|-damage|p2a: Cresselia|123\/444 brn|[from] brn
|turn|7
|callback|decision
|
|switch|p2a: Genesect|Genesect, shiny|284\/284
|-boost|p2a: Genesect|spa|1|[from] ability: Download
|move|p1a: Rotom-Wash|Volt Switch|p2a: Genesect
|-damage|p2a: Genesect|235\/284
|callback|decision
|
|switch|p1a: Genesect|Genesect|284\/284
|-boost|p1a: Genesect|atk|1|[from] ability: Download
|
|turn|8
|callback|decision
|
|switch|p2a: Talonflame|Talonflame, M|298\/298
|move|p1a: Genesect|Flamethrower|p2a: Talonflame
|-resisted|p2a: Talonflame
|-damage|p2a: Talonflame|265\/298
|
|-sideend|p2: terra1396|Reflect
|turn|9
|callback|decision
|
|switch|p1a: Rotom-Wash|Rotom-Wash|304\/304
|move|p2a: Talonflame|Swords Dance|p2a: Talonflame
|-boost|p2a: Talonflame|atk|2
|
|turn|10
|callback|decision
|
|move|p2a: Talonflame|Brave Bird|p1a: Rotom-Wash
|-resisted|p1a: Rotom-Wash
|-damage|p1a: Rotom-Wash|151\/304
|-damage|p2a: Talonflame|215\/298|[from] recoil|[of] p1a: Rotom-Wash
|-damage|p2a: Talonflame|186\/298|[from] item: Life Orb
|move|p1a: Rotom-Wash|Hydro Pump|p2a: Talonflame
|-supereffective|p2a: Talonflame
|-damage|p2a: Talonflame|6\/298
|
|-heal|p1a: Rotom-Wash|170\/304|[from] item: Leftovers
|-sideend|p2: terra1396|move: Light Screen
|turn|11
|callback|decision
|
|move|p2a: Talonflame|Brave Bird|p1a: Rotom-Wash
|-resisted|p1a: Rotom-Wash
|-damage|p1a: Rotom-Wash|18\/304
|-damage|p2a: Talonflame|0 fnt|[from] recoil|[of] p1a: Rotom-Wash
|faint|p2a: Talonflame
|move|p1a: Rotom-Wash|Volt Switch|p2: Talonflame|[notarget]
|-notarget
|
|-heal|p1a: Rotom-Wash|37\/304|[from] item: Leftovers
|callback|decision
|
|switch|p2a: Cresselia|Cresselia, F|123\/444 brn
|turn|12
|callback|decision
|
|move|p1a: Rotom-Wash|Pain Split|p2a: Cresselia
|-sethp|p2a: Cresselia|80\/444 brn|p1a: Rotom-Wash|80\/304|[from] move: Pain Split
|move|p2a: Cresselia|Light Screen|p2a: Cresselia
|-sidestart|p2: terra1396|move: Light Screen
|
|-heal|p1a: Rotom-Wash|99\/304|[from] item: Leftovers
|-damage|p2a: Cresselia|25\/444 brn|[from] brn
|turn|13
|callback|decision
|
|move|p1a: Rotom-Wash|Volt Switch|p2a: Cresselia
|-damage|p2a: Cresselia|0 fnt
|faint|p2a: Cresselia
|callback|decision
|
|switch|p1a: Genesect|Genesect|284\/284
|
|callback|decision
|
|switch|p2a: Scolipede|Scolipede, M|63\/262
|turn|14
|callback|decision
|
|move|p1a: Genesect|U-turn|p2a: Scolipede
|-supereffective|p2a: Scolipede
|replace|p2a: Zoroark|Zoroark, F|63\/262
|-damage|p2a: Zoroark|0 fnt
|faint|p2a: Zoroark
|callback|decision
|
|switch|p1a: Conkeldurr|Conkeldurr, M|300\/351
|
|callback|decision
|
|switch|p2a: Scolipede|Scolipede, M|324\/324
|turn|15
|callback|decision
|
|switch|p1a: Thundurus|Thundurus, M|149\/300
|move|p2a: Scolipede|Swords Dance|p2a: Scolipede
|-boost|p2a: Scolipede|atk|2
|
|-heal|p1a: Thundurus|167\/300|[from] item: Leftovers
|-boost|p2a: Scolipede|spe|1|[from] ability: Speed Boost
|turn|16
|callback|decision
|
|move|p1a: Thundurus|Taunt|p2a: Scolipede
|-start|p2a: Scolipede|move: Taunt
|move|p2a: Scolipede|Megahorn|p1a: Thundurus|[miss]
|-miss|p2a: Scolipede|p1a: Thundurus
|
|-heal|p1a: Thundurus|185\/300|[from] item: Leftovers
|-sideend|p2: terra1396|move: Light Screen
|-boost|p2a: Scolipede|spe|1|[from] ability: Speed Boost
|turn|17
|callback|decision
|
|move|p2a: Scolipede|Megahorn|p1a: Thundurus
|-resisted|p1a: Thundurus
|-damage|p1a: Thundurus|0 fnt
|faint|p1a: Thundurus
|
|-boost|p2a: Scolipede|spe|1|[from] ability: Speed Boost
|callback|decision
|
|switch|p1a: Aegislash|Aegislash, M|283\/283
|turn|18
|callback|decision
|
|move|p2a: Scolipede|Earthquake|p1a: Aegislash
|-supereffective|p1a: Aegislash
|-damage|p1a: Aegislash|61\/283
|-enditem|p1a: Aegislash|Weakness Policy
|-boost|p1a: Aegislash|atk|2|[from] item: Weakness Policy
|-boost|p1a: Aegislash|spa|2|[from] item: Weakness Policy
|-formechange|p1a: Aegislash|Aegislash-Blade
|move|p1a: Aegislash|Shadow Ball|p2a: Scolipede
|-damage|p2a: Scolipede|0 fnt
|faint|p2a: Scolipede
|
|callback|decision
|
|switch|p2a: Genesect|Genesect, shiny|235\/284
|-boost|p2a: Genesect|spa|1|[from] ability: Download
|turn|19
|callback|decision
|
|move|p2a: Genesect|Thunderbolt|p1a: Aegislash
|-damage|p1a: Aegislash|0 fnt
|faint|p1a: Aegislash
|
|callback|decision
|
|switch|p1a: Conkeldurr|Conkeldurr, M|300\/351
|turn|20
|callback|decision
|
|move|p2a: Genesect|Thunderbolt|p1a: Conkeldurr
|-damage|p1a: Conkeldurr|190\/351
|move|p1a: Conkeldurr|Knock Off|p2a: Genesect
|-damage|p2a: Genesect|86\/284
|-enditem|p2a: Genesect|Choice Scarf|[from] move: Knock Off|[of] p1a: Conkeldurr
|
|turn|21
|callback|decision
|
|move|p1a: Conkeldurr|Mach Punch|p2a: Genesect
|-crit|p2a: Genesect
|-damage|p2a: Genesect|0 fnt
|faint|p2a: Genesect
|
|callback|decision
|
|switch|p2a: Garchomp|Garchomp, M|420\/420
|turn|22
|callback|decision
|
|-formechange|p2a: Garchomp|Garchomp-Mega
|message|Garchomp has Mega Evolved into Mega Garchomp!
|move|p2a: Garchomp|Earthquake|p1a: Conkeldurr
|-damage|p1a: Conkeldurr|0 fnt
|faint|p1a: Conkeldurr
|
|callback|decision
|
|switch|p1a: Genesect|Genesect|284\/284
|-boost|p1a: Genesect|spa|1|[from] ability: Download
|turn|23
|callback|decision
|
|move|p1a: Genesect|Ice Beam|p2a: Garchomp
|-supereffective|p2a: Garchomp
|-damage|p2a: Garchomp|0 fnt
|faint|p2a: Garchomp
|
|win|Stuffu
|raw|Ladder updating...
|chat|Stuffu|gg
|raw|Stuffu's rating: 1399 &rarr; <strong>1423<\/strong><br \/>(+24 for winning)
|raw|terra1396's rating: 1376 &rarr; <strong>1352<\/strong><br \/>(-24 for losing)
|chat|terra1396|gg
|leave|terra1396
|player|p2