|join|Sivang
|join|terra1396
|player|p1|Sivang|162
|player|p2|terra1396|99
|gametype|singles
|gen|6
|tier|OU
|rated
|clearpoke
|poke|p1|Ambipom, M
|poke|p1|Genesect, shiny
|poke|p1|Alakazam, M
|poke|p1|Rotom-Wash
|poke|p1|Salamence, M, shiny
|poke|p1|Mawile, F
|poke|p2|Zoroark, F
|poke|p2|Cresselia, F
|poke|p2|Genesect, shiny
|poke|p2|Talonflame, M
|poke|p2|Scolipede, M
|poke|p2|Garchomp, M
|rule|Sleep Clause Mod: Limit one foe put to sleep
|rule|Species Clause: Limit one of each Pokemon
|rule|OHKO Clause: OHKO moves are banned
|rule|Moody Clause: Moody is banned
|rule|Evasion Moves Clause: Evasion moves are banned
|rule|Endless Battle Clause: Forcing endless battles is banned.
|rule|HP Percentage Mod: HP is reported as percentages
|teampreview
|callback|decision
|
|start
|switch|p1a: Ambipom|Ambipom, M|291\/291
|switch|p2a: Scolipede|Scolipede, M|262\/262
|turn|1
|callback|decision
|
|move|p1a: Ambipom|Fake Out|p2a: Scolipede
|replace|p2a: Zoroark|Zoroark, F|262\/262
|-damage|p2a: Zoroark|90\/262
|-damage|p1a: Ambipom|262\/291|[from] item: Life Orb
|cant|p2a: Zoroark|flinch
|
|turn|2
|callback|decision
|
|move|p1a: Ambipom|Double Hit|p2a: Zoroark
|-damage|p2a: Zoroark|0 fnt
|-hitcount|p2a: Zoroark|1
|-damage|p1a: Ambipom|233\/291|[from] item: Life Orb
|faint|p2a: Zoroark
|
|callback|decision
|
|switch|p2a: Cresselia|Cresselia, F|444\/444
|turn|3
|callback|decision
|
|move|p1a: Ambipom|U-turn|p2a: Cresselia
|-supereffective|p2a: Cresselia
|-damage|p2a: Cresselia|306\/444
|-damage|p1a: Ambipom|204\/291|[from] item: Life Orb
|callback|decision
|
|switch|p1a: Genesect|Genesect, shiny|283\/283
|-boost|p1a: Genesect|spa|1|[from] ability: Download
|move|p2a: Cresselia|Reflect|p2a: Cresselia
|-sidestart|p2: terra1396|Reflect
|
|turn|4
|callback|decision
|
|move|p1a: Genesect|U-turn|p2a: Cresselia
|-supereffective|p2a: Cresselia
|-damage|p2a: Cresselia|236\/444
|callback|decision
|
|switch|p1a: Rotom-Wash|Rotom-Wash|304\/304
|move|p2a: Cresselia|Thunder Wave|p1a: Rotom-Wash
|-fail|p1a: Rotom-Wash
|
|turn|5
|callback|decision
|
|move|p1a: Rotom-Wash|Will-O-Wisp|p2a: Cresselia
|-status|p2a: Cresselia|brn
|move|p2a: Cresselia|Light Screen|p2a: Cresselia
|-sidestart|p2: terra1396|move: Light Screen
|
|-damage|p2a: Cresselia|181\/444 brn|[from] brn
|turn|6
|callback|decision
|
|move|p1a: Rotom-Wash|Hydro Pump|p2a: Cresselia
|-damage|p2a: Cresselia|133\/444 brn
|move|p2a: Cresselia|Thunder Wave|p1a: Rotom-Wash
|-fail|p1a: Rotom-Wash
|
|-damage|p2a: Cresselia|78\/444 brn|[from] brn
|turn|7
|callback|decision
|
|switch|p2a: Genesect|Genesect, shiny|284\/284
|-boost|p2a: Genesect|atk|1|[from] ability: Download
|move|p1a: Rotom-Wash|Hydro Pump|p2a: Genesect
|-damage|p2a: Genesect|212\/284
|
|turn|8
|callback|decision
|
|switch|p1a: Genesect|Genesect, shiny|283\/283
|-boost|p1a: Genesect|atk|1|[from] ability: Download
|move|p2a: Genesect|U-turn|p1a: Genesect
|-resisted|p1a: Genesect
|-damage|p1a: Genesect|196\/283
|callback|decision
|
|switch|p2a: Talonflame|Talonflame, M|297\/297
|
|turn|9
|callback|decision
|
|move|p2a: Talonflame|Brave Bird|p1a: Genesect
|-damage|p1a: Genesect|0 fnt
|-damage|p2a: Talonflame|232\/297|[from] recoil|[of] p1a: Genesect
|-damage|p2a: Talonflame|203\/297|[from] item: Life Orb
|faint|p1a: Genesect
|
|callback|decision
|
|switch|p1a: Mawile|Mawile, F|304\/304
|-ability|p1a: Mawile|Intimidate|[of] p2a: Talonflame
|-unboost|p2a: Talonflame|atk|1
|turn|10
|callback|decision
|
|-formechange|p1a: Mawile|Mawile-Mega
|message|Mawile has Mega Evolved into Mega Mawile!
|move|p1a: Mawile|Sucker Punch|p2a: Talonflame
|-damage|p2a: Talonflame|83\/297
|move|p2a: Talonflame|Flare Blitz|p1a: Mawile
|-supereffective|p1a: Mawile
|-damage|p1a: Mawile|47\/304
|-damage|p2a: Talonflame|0 fnt|[from] recoil|[of] p1a: Mawile
|faint|p2a: Talonflame
|
|-sideend|p2: terra1396|Reflect
|callback|decision
|
|switch|p2a: Scolipede|Scolipede, M|324\/324
|turn|11
|callback|decision
|
|move|p2a: Scolipede|Earthquake|p1a: Mawile
|-supereffective|p1a: Mawile
|-damage|p1a: Mawile|0 fnt
|faint|p1a: Mawile
|
|-boost|p2a: Scolipede|spe|1|[from] ability: Speed Boost
|callback|decision
|
|switch|p1a: Alakazam|Alakazam, M|252\/252
|turn|12
|callback|decision
|
|move|p2a: Scolipede|Swords Dance|p2a: Scolipede
|-boost|p2a: Scolipede|atk|2
|move|p1a: Alakazam|Psychic|p2a: Scolipede
|-supereffective|p2a: Scolipede
|-damage|p2a: Scolipede|43\/324
|-enditem|p2a: Scolipede|Sitrus Berry|[eat]
|-heal|p2a: Scolipede|124\/324|[from] item: Sitrus Berry
|
|-sideend|p2: terra1396|move: Light Screen
|-boost|p2a: Scolipede|spe|1|[from] ability: Speed Boost
|turn|13
|callback|decision
|
|move|p2a: Scolipede|Baton Pass|p2a: Scolipede
|callback|decision
|
|switch|p2a: Garchomp|Garchomp, M|420\/420
|move|p1a: Alakazam|Psychic|p2a: Garchomp
|-damage|p2a: Garchomp|216\/420
|-unboost|p2a: Garchomp|spd|1
|
|turn|14
|callback|decision
|
|-formechange|p2a: Garchomp|Garchomp-Mega
|message|Garchomp has Mega Evolved into Mega Garchomp!
|move|p2a: Garchomp|Dragon Claw|p1a: Alakazam
|-damage|p1a: Alakazam|0 fnt
|faint|p1a: Alakazam
|
|callback|decision
|
|switch|p1a: Ambipom|Ambipom, M|204\/291
|turn|15
|callback|decision
|
|move|p1a: Ambipom|Fake Out|p2a: Garchomp
|-damage|p2a: Garchomp|115\/420
|-damage|p1a: Ambipom|175\/291|[from] item: Life Orb
|cant|p2a: Garchomp|flinch
|
|turn|16
|callback|decision
|
|switch|p1a: Rotom-Wash|Rotom-Wash|304\/304
|move|p2a: Garchomp|Earthquake|p1a: Rotom-Wash
|-immune|p1a: Rotom-Wash|[msg]
|
|turn|17
|callback|decision
|chat|terra1396|wth
|chat|terra1396|I changed ugh nvm
|
|move|p2a: Garchomp|Dragon Claw|p1a: Rotom-Wash
|-damage|p1a: Rotom-Wash|6\/304
|move|p1a: Rotom-Wash|Will-O-Wisp|p2a: Garchomp
|-status|p2a: Garchomp|brn
|
|-heal|p1a: Rotom-Wash|25\/304|[from] item: Leftovers
|-damage|p2a: Garchomp|63\/420 brn|[from] brn
|turn|18
|callback|decision
|
|move|p2a: Garchomp|Dragon Claw|p1a: Rotom-Wash
|-damage|p1a: Rotom-Wash|0 fnt
|faint|p1a: Rotom-Wash
|
|-damage|p2a: Garchomp|11\/420 brn|[from] brn
|callback|decision
|
|switch|p1a: Ambipom|Ambipom, M|175\/291
|turn|19
|callback|decision
|
|switch|p2a: Scolipede|Scolipede, M|124\/324
|move|p1a: Ambipom|Fake Out|p2a: Scolipede
|-damage|p2a: Scolipede|23\/324
|-damage|p1a: Ambipom|146\/291|[from] item: Life Orb
|
|turn|20
|callback|decision
|
|move|p1a: Ambipom|Double Hit|p2a: Scolipede|[miss]
|-miss|p1a: Ambipom|p2a: Scolipede
|move|p2a: Scolipede|Megahorn|p1a: Ambipom
|-damage|p1a: Ambipom|0 fnt
|faint|p1a: Ambipom
|
|-boost|p2a: Scolipede|spe|1|[from] ability: Speed Boost
|callback|decision
|
|switch|p1a: Salamence|Salamence, M, shiny|331\/331
|turn|21
|callback|decision
|chat|Sivang|........
|
|move|p1a: Salamence|Fire Fang|p2a: Scolipede
|-supereffective|p2a: Scolipede
|-damage|p2a: Scolipede|0 fnt
|faint|p2a: Scolipede
|-boost|p1a: Salamence|atk|1|[from] ability: Moxie
|
|callback|decision
|
|switch|p2a: Cresselia|Cresselia, F|78\/444 brn
|turn|22
|callback|decision
|
|move|p1a: Salamence|Fire Fang|p2a: Cresselia
|-damage|p2a: Cresselia|0 fnt
|faint|p2a: Cresselia
|-boost|p1a: Salamence|atk|1|[from] ability: Moxie
|
|callback|decision
|
|switch|p2a: Genesect|Genesect, shiny|212\/284
|-boost|p2a: Genesect|atk|1|[from] ability: Download
|turn|23
|callback|decision
|
|move|p1a: Salamence|Fire Fang|p2a: Genesect
|-supereffective|p2a: Genesect
|-damage|p2a: Genesect|0 fnt
|faint|p2a: Genesect
|-boost|p1a: Salamence|atk|1|[from] ability: Moxie
|
|callback|decision
|
|switch|p2a: Garchomp|Garchomp, M|11\/420 brn
|-formechange|p2a: Garchomp|Garchomp-Mega
|turn|24
|callback|decision
|
|move|p1a: Salamence|Fire Fang|p2a: Garchomp
|-resisted|p2a: Garchomp
|-damage|p2a: Garchomp|0 fnt
|faint|p2a: Garchomp
|-boost|p1a: Salamence|atk|1|[from] ability: Moxie
|
|win|Sivang
|raw|Ladder updating...
|raw|Sivang's rating: 1250 &rarr; <strong>1279<\/strong><br \/>(+29 for winning)
|raw|terra1396's rating: 1311 &rarr; <strong>1282<\/strong><br \/>(-29 for losing)
|leave|terra1396
|player|p2