|join|walepower
|join|Planet Hell
|player|p1|walepower|250
|player|p2|Planet Hell|190
|gametype|singles
|gen|6
|tier|ORAS OU
|rated
|rule|Sleep Clause Mod: Limit one foe put to sleep
|rule|Species Clause: Limit one of each PokÃ©mon
|rule|OHKO Clause: OHKO moves are banned
|rule|Moody Clause: Moody is banned
|rule|Evasion Moves Clause: Evasion moves are banned
|rule|Endless Battle Clause: Forcing endless battles is banned
|rule|HP Percentage Mod: HP is shown in percentages
|clearpoke
|poke|p1|Pidgeot, F
|poke|p1|Ferrothorn, F
|poke|p1|Rotom-Wash
|poke|p1|Landorus-Therian, M
|poke|p1|Dragonite, M
|poke|p1|Clefable, F
|poke|p2|Salamence, F
|poke|p2|Latias, F
|poke|p2|Landorus-Therian, M
|poke|p2|Mamoswine, F
|poke|p2|Azumarill, F
|poke|p2|Gengar, M
|rule|Swagger Clause: Swagger is banned
|rule|Baton Pass Clause: Limit one PokÃ©mon knowing Baton Pass
|teampreview
|join|hfeath
|
|start
|switch|p1a: Dragonite|Dragonite, M|323\/323
|switch|p2a: Latias|Latias, F|302\/302
|turn|1
|
|move|p2a: Latias|Draco Meteor|p1a: Dragonite|[miss]
|-miss|p2a: Latias|p1a: Dragonite
|move|p1a: Dragonite|Outrage|p2a: Latias
|-supereffective|p2a: Latias
|-damage|p2a: Latias|0 fnt
|faint|p2a: Latias
|
|
|switch|p2a: Azumarill|Azumarill, F|401\/401
|turn|2
|
|move|p1a: Dragonite|Outrage|p2a: Azumarill
|-immune|p2a: Azumarill|[msg]
|move|p2a: Azumarill|Play Rough|p1a: Dragonite
|-supereffective|p1a: Dragonite
|-damage|p1a: Dragonite|106\/323
|
|-end|p1a: Dragonite|rampage
|-start|p1a: Dragonite|confusion
|turn|3
|
|switch|p1a: Ferrothorn|Ferrothorn, F|352\/352
|move|p2a: Azumarill|Knock Off|p1a: Ferrothorn
|-damage|p1a: Ferrothorn|248\/352
|-damage|p2a: Azumarill|351\/401|[from] ability: Iron Barbs|[of] p1a: Ferrothorn
|-enditem|p1a: Ferrothorn|Leftovers|[from] move: Knock Off|[of] p2a: Azumarill
|
|turn|4
|
|switch|p2a: Gengar|Gengar, M|262\/262
|move|p1a: Ferrothorn|Leech Seed|p2a: Gengar
|-start|p2a: Gengar|move: Leech Seed
|
|-damage|p2a: Gengar|230\/262|[from] Leech Seed|[of] p1a: Ferrothorn
|-heal|p1a: Ferrothorn|280\/352|[silent]
|turn|5
|-message|walepower lost due to inactivity.
|
|win|Planet Hell
|raw|Ladder updating...
|raw|walepower's rating: 1180 &rarr; <strong>1160<\/strong><br \/>(-20 for losing)
|raw|Planet Hell's rating: 1251 &rarr; <strong>1271<\/strong><br \/>(+20 for winning)