|join|ananas juice
|join|Planet Hell
|player|p1|ananas juice|260
|player|p2|Planet Hell|190
|gametype|singles
|gen|6
|tier|ORAS OU
|rated
|rule|Sleep Clause Mod: Limit one foe put to sleep
|rule|Species Clause: Limit one of each PokÃ©mon
|rule|OHKO Clause: OHKO moves are banned
|rule|Moody Clause: Moody is banned
|rule|Evasion Moves Clause: Evasion moves are banned
|rule|Endless Battle Clause: Forcing endless battles is banned
|rule|HP Percentage Mod: HP is shown in percentages
|clearpoke
|poke|p1|Ferrothorn, M
|poke|p1|Lopunny, F
|poke|p1|Weavile, F
|poke|p1|Slowbro, F
|poke|p1|Talonflame, F
|poke|p1|Zapdos
|poke|p2|Diggersby, M
|poke|p2|Latios, M
|poke|p2|Manectric, M
|poke|p2|Greninja, M
|poke|p2|Landorus-Therian, M
|poke|p2|Dragonite, M
|rule|Swagger Clause: Swagger is banned
|rule|Baton Pass Clause: Limit one PokÃ©mon knowing Baton Pass
|teampreview
|join|GoldenAltaria
|
|start
|switch|p1a: Lopunny|Lopunny, F|271\/271
|switch|p2a: Robert G. Sanchez|Manectric, M|281\/281
|turn|1
|
|detailschange|p1a: Lopunny|Lopunny-Mega, F
|message|Lopunny has Mega Evolved into Mega Lopunny!
|detailschange|p2a: Robert G. Sanchez|Manectric-Mega, M
|message|Manectric has Mega Evolved into Mega Manectric!
|-ability|p2a: Robert G. Sanchez|Intimidate|[of] p1a: Lopunny
|-unboost|p1a: Lopunny|atk|1
|move|p1a: Lopunny|Fake Out|p2a: Robert G. Sanchez
|-damage|p2a: Robert G. Sanchez|224\/281
|cant|p2a: Robert G. Sanchez|flinch
|
|turn|2
|
|switch|p1a: Zapdos|Zapdos|369\/369
|-ability|p1a: Zapdos|Pressure
|move|p2a: Robert G. Sanchez|Volt Switch|p1a: Zapdos
|-damage|p1a: Zapdos|216\/369
|
|switch|p2a: Bryan B. Clarke|Greninja, M|286\/286
|
|-heal|p1a: Zapdos|239\/369|[from] item: Leftovers
|turn|3
|
|switch|p1a: Ferrothorn|Ferrothorn, M|352\/352
|move|p2a: Bryan B. Clarke|Spikes|p1a: Ferrothorn
|-start|p2a: Bryan B. Clarke|typechange|Ground|[from] Protean
|-sidestart|p1: ananas juice|Spikes
|
|turn|4
|
|move|p2a: Bryan B. Clarke|Ice Beam|p1a: Ferrothorn
|-start|p2a: Bryan B. Clarke|typechange|Ice|[from] Protean
|-damage|p1a: Ferrothorn|230\/352
|-damage|p2a: Bryan B. Clarke|258\/286|[from] item: Life Orb
|move|p1a: Ferrothorn|Stealth Rock|p2a: Bryan B. Clarke
|-sidestart|p2: Planet Hell|move: Stealth Rock
|
|-heal|p1a: Ferrothorn|252\/352|[from] item: Leftovers
|turn|5
|
|switch|p2a: Robert G. Sanchez|Manectric-Mega, M|224\/281
|-damage|p2a: Robert G. Sanchez|189\/281|[from] Stealth Rock
|-ability|p2a: Robert G. Sanchez|Intimidate|[of] p1a: Ferrothorn
|-unboost|p1a: Ferrothorn|atk|1
|move|p1a: Ferrothorn|Leech Seed|p2a: Robert G. Sanchez
|-start|p2a: Robert G. Sanchez|move: Leech Seed
|
|-heal|p1a: Ferrothorn|274\/352|[from] item: Leftovers
|-damage|p2a: Robert G. Sanchez|154\/281|[from] Leech Seed|[of] p1a: Ferrothorn
|-heal|p1a: Ferrothorn|309\/352|[silent]
|turn|6
|
|switch|p1a: Zapdos|Zapdos|239\/369
|-ability|p1a: Zapdos|Pressure
|move|p2a: Robert G. Sanchez|Volt Switch|p1a: Zapdos
|-damage|p1a: Zapdos|101\/369
|
|switch|p2a: Alex C. Montero|Latios, M|302\/302
|-damage|p2a: Alex C. Montero|265\/302|[from] Stealth Rock
|
|-heal|p1a: Zapdos|124\/369|[from] item: Leftovers
|turn|7
|
|move|p2a: Alex C. Montero|Psyshock|p1a: Zapdos
|-damage|p1a: Zapdos|0 fnt
|-damage|p2a: Alex C. Montero|235\/302|[from] item: Life Orb
|faint|p1a: Zapdos
|
|
|switch|p1a: Weavile|Weavile, F|281\/281
|-damage|p1a: Weavile|246\/281|[from] Spikes
|-ability|p1a: Weavile|Pressure
|turn|8
|
|move|p1a: Weavile|Knock Off|p2a: Alex C. Montero
|-supereffective|p2a: Alex C. Montero
|-damage|p2a: Alex C. Montero|0 fnt
|-enditem|p2a: Alex C. Montero|Life Orb|[from] move: Knock Off|[of] p1a: Weavile
|-damage|p1a: Weavile|218\/281|[from] item: Life Orb
|faint|p2a: Alex C. Montero
|
|
|switch|p2a: Robert G. Sanchez|Manectric-Mega, M|154\/281
|-damage|p2a: Robert G. Sanchez|119\/281|[from] Stealth Rock
|-ability|p2a: Robert G. Sanchez|Intimidate|[of] p1a: Weavile
|-unboost|p1a: Weavile|atk|1
|turn|9
|
|switch|p1a: Talonflame|Talonflame, F|359\/359
|move|p2a: Robert G. Sanchez|Thunderbolt|p1a: Talonflame
|-supereffective|p1a: Talonflame
|-damage|p1a: Talonflame|53\/359
|
|-heal|p1a: Talonflame|75\/359|[from] item: Leftovers
|turn|10
|
|move|p1a: Talonflame|Roost|p1a: Talonflame
|-heal|p1a: Talonflame|255\/359
|move|p2a: Robert G. Sanchez|Thunderbolt|p1a: Talonflame
|-damage|p1a: Talonflame|99\/359
|
|-heal|p1a: Talonflame|121\/359|[from] item: Leftovers
|turn|11
|
|move|p1a: Talonflame|Roost|p1a: Talonflame
|-heal|p1a: Talonflame|301\/359
|move|p2a: Robert G. Sanchez|Volt Switch|p1a: Talonflame
|-damage|p1a: Talonflame|174\/359
|
|switch|p2a: Bryan B. Clarke|Greninja, M|258\/286
|-damage|p2a: Bryan B. Clarke|223\/286|[from] Stealth Rock
|
|-heal|p1a: Talonflame|196\/359|[from] item: Leftovers
|turn|12
|
|switch|p1a: Ferrothorn|Ferrothorn, M|309\/352
|-damage|p1a: Ferrothorn|265\/352|[from] Spikes
|move|p2a: Bryan B. Clarke|Ice Beam|p1a: Ferrothorn
|-start|p2a: Bryan B. Clarke|typechange|Ice|[from] Protean
|-damage|p1a: Ferrothorn|143\/352
|-status|p1a: Ferrothorn|frz
|-damage|p2a: Bryan B. Clarke|195\/286|[from] item: Life Orb
|
|-heal|p1a: Ferrothorn|165\/352 frz|[from] item: Leftovers
|turn|13
|
|move|p2a: Bryan B. Clarke|Ice Beam|p1a: Ferrothorn
|-damage|p1a: Ferrothorn|43\/352 frz
|-damage|p2a: Bryan B. Clarke|167\/286|[from] item: Life Orb
|cant|p1a: Ferrothorn|frz
|
|-heal|p1a: Ferrothorn|65\/352 frz|[from] item: Leftovers
|turn|14
|
|move|p2a: Bryan B. Clarke|Ice Beam|p1a: Ferrothorn
|-damage|p1a: Ferrothorn|0 fnt
|-damage|p2a: Bryan B. Clarke|139\/286|[from] item: Life Orb
|faint|p1a: Ferrothorn
|
|
|switch|p1a: Talonflame|Talonflame, F|196\/359
|turn|15
|
|move|p1a: Talonflame|Brave Bird|p2a: Bryan B. Clarke
|-damage|p2a: Bryan B. Clarke|0 fnt
|-damage|p1a: Talonflame|150\/359|[from] recoil|[of] p2a: Bryan B. Clarke
|faint|p2a: Bryan B. Clarke
|
|-heal|p1a: Talonflame|172\/359|[from] item: Leftovers
|
|switch|p2a: Keith F. Royal|Dragonite, M|323\/323
|-damage|p2a: Keith F. Royal|243\/323|[from] Stealth Rock
|turn|16
|
|switch|p1a: Slowbro|Slowbro, F|394\/394
|-damage|p1a: Slowbro|345\/394|[from] Spikes
|move|p2a: Keith F. Royal|Extreme Speed|p1a: Slowbro
|-damage|p1a: Slowbro|237\/394
|-damage|p2a: Keith F. Royal|190\/323|[from] item: Rocky Helmet|[of] p1a: Slowbro
|
|turn|17
|
|switch|p2a: Marcus D. Madison|Landorus-Therian, M|382\/382
|-damage|p2a: Marcus D. Madison|335\/382|[from] Stealth Rock
|-ability|p2a: Marcus D. Madison|Intimidate|[of] p1a: Slowbro
|-unboost|p1a: Slowbro|atk|1
|move|p1a: Slowbro|Scald|p2a: Marcus D. Madison
|-supereffective|p2a: Marcus D. Madison
|-damage|p2a: Marcus D. Madison|99\/382
|
|-heal|p2a: Marcus D. Madison|122\/382|[from] item: Leftovers
|turn|18
|
|switch|p1a: Talonflame|Talonflame, F|172\/359
|move|p2a: Marcus D. Madison|Stealth Rock|p1a: Talonflame
|-sidestart|p1: ananas juice|move: Stealth Rock
|
|-heal|p1a: Talonflame|194\/359|[from] item: Leftovers
|-heal|p2a: Marcus D. Madison|145\/382|[from] item: Leftovers
|turn|19
|join|Noodle Nipples
|
|move|p1a: Talonflame|Will-O-Wisp|p2a: Marcus D. Madison
|-status|p2a: Marcus D. Madison|brn
|move|p2a: Marcus D. Madison|Rock Slide|p1a: Talonflame
|-supereffective|p1a: Talonflame
|-damage|p1a: Talonflame|0 fnt
|faint|p1a: Talonflame
|
|-heal|p2a: Marcus D. Madison|168\/382 brn|[from] item: Leftovers
|-damage|p2a: Marcus D. Madison|121\/382 brn|[from] brn
|join|Erikaaa..
|
|switch|p1a: Lopunny|Lopunny-Mega, F|271\/271
|-damage|p1a: Lopunny|255\/271|[from] Stealth Rock
|-damage|p1a: Lopunny|222\/271|[from] Spikes
|turn|20
|
|move|p1a: Lopunny|Ice Punch|p2a: Marcus D. Madison
|-supereffective|p2a: Marcus D. Madison
|-damage|p2a: Marcus D. Madison|0 fnt
|faint|p2a: Marcus D. Madison
|
|
|switch|p2a: Billy J. Jefferson|Diggersby, M|311\/311
|-damage|p2a: Billy J. Jefferson|292\/311|[from] Stealth Rock
|turn|21
|
|move|p2a: Billy J. Jefferson|Quick Attack|p1a: Lopunny
|-damage|p1a: Lopunny|105\/271
|-damage|p2a: Billy J. Jefferson|261\/311|[from] item: Life Orb
|move|p1a: Lopunny|High Jump Kick|p2a: Billy J. Jefferson
|-supereffective|p2a: Billy J. Jefferson
|-damage|p2a: Billy J. Jefferson|0 fnt
|faint|p2a: Billy J. Jefferson
|
|
|switch|p2a: Keith F. Royal|Dragonite, M|190\/323
|-damage|p2a: Keith F. Royal|110\/323|[from] Stealth Rock
|turn|22
|
|switch|p2a: Robert G. Sanchez|Manectric-Mega, M|119\/281
|-damage|p2a: Robert G. Sanchez|84\/281|[from] Stealth Rock
|-ability|p2a: Robert G. Sanchez|Intimidate|[of] p1a: Lopunny
|-unboost|p1a: Lopunny|atk|1
|move|p1a: Lopunny|Frustration|p2a: Robert G. Sanchez
|-damage|p2a: Robert G. Sanchez|0 fnt
|faint|p2a: Robert G. Sanchez
|
|
|switch|p2a: Keith F. Royal|Dragonite, M|110\/323
|-damage|p2a: Keith F. Royal|30\/323|[from] Stealth Rock
|turn|23
|-message|Planet Hell forfeited.
|
|win|ananas juice
|raw|Ladder updating...
|leave|Planet Hell
|player|p2
|raw|ananas juice's rating: 1233 &rarr; <strong>1261<\/strong><br \/>(+28 for winning)
|raw|Planet Hell's rating: 1279 &rarr; <strong>1251<\/strong><br \/>(-28 for losing)