|join|ThE0
|join|Planet Hell
|player|p1|ThE0|266
|player|p2|Planet Hell|190
|gametype|singles
|gen|6
|tier|OU
|clearpoke
|poke|p1|Latios, M
|poke|p1|Keldeo
|poke|p1|Ferrothorn, F
|poke|p1|Chansey, F
|poke|p1|Charizard, M
|poke|p1|Scizor, M
|poke|p2|Manectric, F
|poke|p2|Landorus-Therian, M
|poke|p2|Greninja, F
|poke|p2|Rotom-Wash
|poke|p2|Bisharp, M
|poke|p2|Latios, M
|rule|Swagger Clause: Swagger is banned
|rule|Baton Pass Clause: Limit one PokÃ©mon knowing Baton Pass
|rule|Sleep Clause Mod: Limit one foe put to sleep
|rule|Species Clause: Limit one of each PokÃ©mon
|rule|OHKO Clause: OHKO moves are banned
|rule|Moody Clause: Moody is banned
|rule|Evasion Moves Clause: Evasion moves are banned
|rule|Endless Battle Clause: Forcing endless battles is banned
|rule|HP Percentage Mod: HP is shown in percentages
|teampreview
|join|idkwhattoputasuser
|join|h@lloween
|join|Squidy100
|join|gorgdsas
|join|TheJFrenzy1
|join|The DragonKnight
|join|FedroaTroll
|join|BonkFace
|join|swagger wagon
|join|rocklobzter
|c| Squidy100|i believe in theo hes too good
|join|Feely
|join|AjTheEpic
|join|WestCraftCrew
|join|FrozenCold
|join|Sike2303
|join|Vulpixel64
|join|lt5a idarki
|join|EastonR
|
|start
|switch|p1a: Charizard|Charizard, M|359\/359
|switch|p2a: Andrew F. Mills|Latios, M|302\/302
|turn|1
|c| Sike2303|nigglet
|c| Feely|theo's disgustingly good
|c| Sike2303|o wrog chat o.o
|c| EastonR|Too much shreking
|c| FedroaTroll|That moment when im listening to planet hell
|leave|WestCraftCrew
|
|switch|p1a: Ferrothorn|Ferrothorn, F|352\/352
|move|p2a: Andrew F. Mills|Draco Meteor|p1a: Ferrothorn
|-resisted|p1a: Ferrothorn
|-damage|p1a: Ferrothorn|244\/352
|-unboost|p2a: Andrew F. Mills|spa|2
|
|-heal|p1a: Ferrothorn|266\/352|[from] item: Leftovers
|turn|2
|c| FrozenCold|reveal hp fire
|
|switch|p2a: Matthew R. Miller|Manectric, F|281\/281
|move|p1a: Ferrothorn|Stealth Rock|p2a: Matthew R. Miller
|-sidestart|p2: Planet Hell|move: Stealth Rock
|
|-heal|p1a: Ferrothorn|288\/352|[from] item: Leftovers
|turn|3
|c| Feely|has anyone here tried d-tail will-o zard x with hazards
|join|Frickett
|join|VisualGirlAdvance
|
|detailschange|p2a: Matthew R. Miller|Manectric-Mega, F
|message|Manectric has Mega Evolved into Mega Manectric!
|-ability|p2a: Matthew R. Miller|Intimidate|[of] p1a: Ferrothorn
|-unboost|p1a: Ferrothorn|atk|1
|move|p1a: Ferrothorn|Protect|p1a: Ferrothorn
|-singleturn|p1a: Ferrothorn|Protect
|move|p2a: Matthew R. Miller|Volt Switch|p1a: Ferrothorn
|-activate|p1a: Ferrothorn|Protect
|
|-heal|p1a: Ferrothorn|310\/352|[from] item: Leftovers
|turn|4
|c| Sike2303|not me
|
|switch|p1a: Chansey|Chansey, F|642\/642
|move|p2a: Matthew R. Miller|Volt Switch|p1a: Chansey
|-damage|p1a: Chansey|573\/642
|join|ohgeedubs
|
|switch|p2a: Jack D. Moore|Landorus-Therian, M|382\/382
|-damage|p2a: Jack D. Moore|335\/382|[from] Stealth Rock
|-ability|p2a: Jack D. Moore|Intimidate|[of] p1a: Chansey
|-unboost|p1a: Chansey|atk|1
|
|-heal|p2a: Jack D. Moore|358\/382|[from] item: Leftovers
|turn|5
|c| Feely|superpower\/knock off incoming?
|c| FrozenCold|reveal hp rock lando-t
|c| Feely|eh, probably not
|
|switch|p1a: Charizard|Charizard, M|359\/359
|move|p2a: Jack D. Moore|Stealth Rock|p1a: Charizard
|-sidestart|p1: ThE0|move: Stealth Rock
|
|-heal|p2a: Jack D. Moore|381\/382|[from] item: Leftovers
|turn|6
|c| Feely|nah, HP fighting
|
|switch|p2a: Andrew F. Mills|Latios, M|302\/302
|-damage|p2a: Andrew F. Mills|265\/302|[from] Stealth Rock
|detailschange|p1a: Charizard|Charizard-Mega-X, M
|message|Charizard has Mega Evolved into Mega Charizard!
|move|p1a: Charizard|Will-O-Wisp|p2a: Andrew F. Mills
|-status|p2a: Andrew F. Mills|brn
|
|-damage|p2a: Andrew F. Mills|228\/302 brn|[from] brn
|turn|7
|
|switch|p1a: Chansey|Chansey, F|573\/642
|-damage|p1a: Chansey|493\/642|[from] Stealth Rock
|move|p2a: Andrew F. Mills|Trick|p1a: Chansey
|-activate|p2a: Andrew F. Mills|move: Trick|[of] p1a: Chansey
|-item|p1a: Chansey|Choice Scarf|[from] move: Trick
|-item|p2a: Andrew F. Mills|Eviolite|[from] move: Trick
|
|-damage|p2a: Andrew F. Mills|191\/302 brn|[from] brn
|turn|8
|c|âThE0|nice wp
|c| Feely|scarf chansey CAN outspeed breloom and bisharp
|c| AjTheEpic|need wp chansey
|c| gorgdsas|now all you need is serene grace rock slide and you win
|c| Feely|powerful lefties damage
|join|UBERPYRO
|join|Sugar K Leonard
|
|switch|p2a: Bruce J. Carter|Bisharp, M|272\/272
|-damage|p2a: Bruce J. Carter|255\/272|[from] Stealth Rock
|move|p1a: Chansey|Seismic Toss|p2a: Bruce J. Carter
|-damage|p2a: Bruce J. Carter|155\/272
|
|turn|9
|c| Feely|60% flinch, assuming you move first
|c| FrozenCold|reveal serene grace chansey with headbutt
|
|move|p2a: Bruce J. Carter|Pursuit|p1a: Chansey|[from]Pursuit
|-damage|p1a: Chansey|78\/642
|-damage|p2a: Bruce J. Carter|128\/272|[from] item: Life Orb
|switch|p1a: Charizard|Charizard-Mega-X, M|359\/359
|-damage|p1a: Charizard|270\/359|[from] Stealth Rock
|
|turn|10
|c| Feely|care to explain the names, planet hell?
|c| UBERPYRO|just google it
|c| Feely|ok UBERPYRO
|c| Feely|googling it right now, fam
|join|Sweqfeq
|
|switch|p2a: Robin G. Wilson|Rotom-Wash|304\/304
|-damage|p2a: Robin G. Wilson|266\/304|[from] Stealth Rock
|move|p1a: Charizard|Will-O-Wisp|p2a: Robin G. Wilson
|-status|p2a: Robin G. Wilson|brn
|
|-heal|p2a: Robin G. Wilson|285\/304 brn|[from] item: Leftovers
|-damage|p2a: Robin G. Wilson|247\/304 brn|[from] brn
|turn|11
|
|switch|p1a: Chansey|Chansey, F|78\/642
|-damage|p1a: Chansey|0 fnt|[from] Stealth Rock
|faint|p1a: Chansey
|move|p2a: Robin G. Wilson|Hydro Pump|p1: Chansey|[notarget]
|-notarget
|
|-heal|p2a: Robin G. Wilson|266\/304 brn|[from] item: Leftovers
|-damage|p2a: Robin G. Wilson|228\/304 brn|[from] brn
|c| Squidy100|nuuu
|c| Feely|awright got it
|c| Squidy100|or o npurpose
|c| gorgdsas|pink blob ded gg
|c| swagger wagon|chansey is the only counter to greninja, manectric....
|
|switch|p1a: Latios|Latios, M|301\/301
|-damage|p1a: Latios|264\/301|[from] Stealth Rock
|turn|12
|c| Feely|it was scarfed, tho
|c| Feely|it couldn't do much
|c| swagger wagon|true...
|c| swagger wagon|thats why he should protect it...
|leave|BonkFace
|
|move|p1a: Latios|Defog|p2a: Robin G. Wilson
|-unboost|p2a: Robin G. Wilson|evasion|1
|-sideend|p2: Planet Hell|Stealth Rock|[from] move: Defog|[of] p2a: Robin G. Wilson
|-sideend|p1: ThE0|Stealth Rock|[from] move: Defog|[of] p1a: Latios
|move|p2a: Robin G. Wilson|Pain Split|p1a: Latios
|-sethp|p1a: Latios|246\/301|p2a: Robin G. Wilson|246\/304 brn|[from] move: Pain Split
|
|-heal|p2a: Robin G. Wilson|265\/304 brn|[from] item: Leftovers
|-damage|p2a: Robin G. Wilson|227\/304 brn|[from] brn
|turn|13
|
|switch|p1a: Charizard|Charizard-Mega-X, M|270\/359
|move|p2a: Robin G. Wilson|Volt Switch|p1a: Charizard
|-resisted|p1a: Charizard
|-damage|p1a: Charizard|232\/359
|c| Feely|it was that or something takes unnecessary damage
|join|jhafs;sdjweui
|
|switch|p2a: Andrew F. Mills|Latios, M|191\/302 brn
|
|-damage|p2a: Andrew F. Mills|154\/302 brn|[from] brn
|turn|14
|c| swagger wagon|ferro unless he has hp fire
|c| Sweqfeq|scarf zard x
|c| Sweqfeq|callin 
|c| FrozenCold|reveal eq latios
|c| Feely|orbed mega latios
|join|ZZtrollZZ
|join|Raheim
|join|geno22
|join|WestCraftCrew
|
|switch|p1a: Ferrothorn|Ferrothorn, F|310\/352
|move|p2a: Andrew F. Mills|Hidden Power|p1a: Ferrothorn
|-crit|p1a: Ferrothorn
|-supereffective|p1a: Ferrothorn
|-damage|p1a: Ferrothorn|0 fnt
|faint|p1a: Ferrothorn
|
|-damage|p2a: Andrew F. Mills|117\/302 brn|[from] brn
|c| ZZtrollZZ|ouch
|c| TheJFrenzy1|ee
|c| FrozenCold|nice
|c| TheJFrenzy1|crit mattered
|c| TheJFrenzy1|:[
|c| Feely|theo doesn't care
|c|âThE0|rekt me :(
|
|switch|p1a: Scizor|Scizor, M|281\/281
|turn|15
|c| swagger wagon|mega latis are going straight to ubers
|c| swagger wagon|we cant even handle soul dew
|c| Feely|tru
|c| Feely|so tru
|
|switch|p2a: Matthew R. Miller|Manectric-Mega, F|281\/281
|-ability|p2a: Matthew R. Miller|Intimidate|[of] p1a: Scizor
|-unboost|p1a: Scizor|atk|1
|move|p1a: Scizor|Bullet Punch|p2a: Matthew R. Miller
|-resisted|p2a: Matthew R. Miller
|-damage|p2a: Matthew R. Miller|219\/281
|-damage|p1a: Scizor|253\/281|[from] item: Life Orb
|
|turn|16
|c| ohgeedubs|soul dew > mega latis
|leave|The DragonKnight
|c| Feely|tru?
|join|matrikz473
|c| geno22|yes true
|c| TheJFrenzy1|soul dew latis are stronger thanthe megas
|c| FrozenCold|252 SpA Life Orb Latios Hidden Power Fire vs. 252 HP \/ 0 SpD Ferrothorn: 302-359 (85.7 - 101.9%) -- 12.5% chance to OHKO
|c| TheJFrenzy1|yeah but he wasnt Life Orbed
|c| Raheim|Soul Dew is way better
|c| TheJFrenzy1|he was holding eviolite
|join|scotti
|c| Feely|theo, don't stall
|leave|matrikz473
|c| TheJFrenzy1|252 SpA Latios Hidden Power Fire vs. 252 HP \/ 168 SpD Ferrothorn: 204-240 (57.9 - 68.1%) -- guaranteed 2HKO after Leftovers recovery
|c| FrozenCold|then guranteed 2hko
|
|switch|p1a: Charizard|Charizard-Mega-X, M|232\/359
|move|p2a: Matthew R. Miller|Volt Switch|p1a: Charizard
|-resisted|p1a: Charizard
|-damage|p1a: Charizard|179\/359
|join|i am deric
|c| FrozenCold|for hp fire
|c| Feely|so crit mattered
|c| FrozenCold|252 SpA Latios Hidden Power Fire vs. 252 HP \/ 0 SpD Ferrothorn: 232-276 (65.9 - 78.4%) -- guaranteed 2HKO after Leftovers recovery
|leave|WestCraftCrew
|c| scotti|no one cares ferrothorn is ugly
|c| TheJFrenzy1|:[
|
|switch|p2a: Alistar B. Jackson|Greninja, F|286\/286
|
|turn|17
|c| scotti|let the zard x live
|c| FrozenCold|I'm just doing calc
|c| Raheim|hydro pump will kill
|c| Raheim|nothing less
|c| FrozenCold|no need to make a fuss over calcs
|c| TheJFrenzy1|gren bout to bust up in theo's team tho
|c| scotti|no shut up
|
|switch|p1a: Latios|Latios, M|246\/301
|move|p2a: Alistar B. Jackson|Hydro Pump|p1a: Latios
|-start|p2a: Alistar B. Jackson|typechange|Water|[from] Protean
|-resisted|p1a: Latios
|-damage|p1a: Latios|143\/301
|-damage|p2a: Alistar B. Jackson|258\/286|[from] item: Life Orb
|
|turn|18
|c| scotti|no one cares about ferrothorn
|c| EastonR|Shrek is Iove, shrek is Iife
|c| Feely|if your opponent doesn't have special attacker\/fire coverage, you get shrekt by ferro
|leave|i am deric
|c| Raheim|i stop running ferro because of magnezone
|
|move|p2a: Alistar B. Jackson|Hydro Pump|p1a: Latios
|-resisted|p1a: Latios
|-damage|p1a: Latios|47\/301
|-damage|p2a: Alistar B. Jackson|230\/286|[from] item: Life Orb
|move|p1a: Latios|Draco Meteor|p2a: Alistar B. Jackson
|-damage|p2a: Alistar B. Jackson|0 fnt
|-unboost|p1a: Latios|spa|2
|-damage|p1a: Latios|17\/301|[from] item: Life Orb
|faint|p2a: Alistar B. Jackson
|
|join|King Louis XVI
|c| Raheim|y u no dark pulse
|c| TheJFrenzy1|whyyyyy
|
|switch|p2a: Matthew R. Miller|Manectric-Mega, F|219\/281
|-ability|p2a: Matthew R. Miller|Intimidate|[of] p1a: Latios
|-unboost|p1a: Latios|atk|1
|turn|19
|c| FrozenCold|not sure if lagging badly
|c| TheJFrenzy1|y u no ice beam?
|c| Feely|he wanted to play nice?
|
|move|p2a: Matthew R. Miller|Volt Switch|p1a: Latios
|-crit|p1a: Latios
|-resisted|p1a: Latios
|-damage|p1a: Latios|0 fnt
|faint|p1a: Latios
|c| swagger wagon|I started running quagsire for magnezone and manetric...puts them in really awkward situations
|leave|Vulpixel64
|c| Raheim|manectric can hp grass
|c| swagger wagon|I know but it never does
|c| TheJFrenzy1|who the fuck runs hp grass manectric?
|leave|FrozenCold
|c| Feely|few
|c| Raheim|if i see more quags \/ rotoms
|c| Raheim|i would
|
|switch|p2a: Robin G. Wilson|Rotom-Wash|227\/304 brn
|
|-heal|p2a: Robin G. Wilson|246\/304 brn|[from] item: Leftovers
|-damage|p2a: Robin G. Wilson|208\/304 brn|[from] brn
|c| swagger wagon|Thunderbolt does enough to rotom
|c| TheJFrenzy1|why?
|
|switch|p1a: Charizard|Charizard-Mega-X, M|179\/359
|turn|20
|c| TheJFrenzy1|tbolt does enough to rotom
|join|FrozenCold
|
|move|p1a: Charizard|Roost|p1a: Charizard
|-heal|p1a: Charizard|359\/359
|move|p2a: Robin G. Wilson|Volt Switch|p1a: Charizard
|-resisted|p1a: Charizard
|-damage|p1a: Charizard|320\/359
|c| swagger wagon|hp grass will be just for quag
|
|switch|p2a: Andrew F. Mills|Latios, M|117\/302 brn
|
|-damage|p2a: Andrew F. Mills|80\/302 brn|[from] brn
|turn|21
|join|scrubby lumpkins
|c| TheJFrenzy1|just have team mates to deal with qua
|c| Feely|wow, theo, stealing my set? jk
|c| scotti|theo
|
|switch|p1a: Scizor|Scizor, M|253\/281
|move|p2a: Andrew F. Mills|Draco Meteor|p1a: Scizor
|-resisted|p1a: Scizor
|-damage|p1a: Scizor|105\/281
|-unboost|p2a: Andrew F. Mills|spa|2
|
|-damage|p2a: Andrew F. Mills|43\/302 brn|[from] brn
|turn|22
|c| swagger wagon|losing HP ice means, lando runs free, gliscor...etcs
|c| scotti|your team gets destroyed by mega hera
|c| Feely|whose?
|c| scotti|theo
|c| TheJFrenzy1|his zard x might be running enough speed to creep mega hera
|c| TheJFrenzy1|and burn it
|c|âThE0|like latios can't ohko it
|c| swagger wagon|Latios can kill mega hera, so can zard, so can scizor
|c| scotti|so what
|c| scotti|they can switch out
|c| scotti|and pursuit is every where
|c| Feely|what if he has the wing attack scizor?
|
|switch|p2a: Jack D. Moore|Landorus-Therian, M|381\/382
|-ability|p2a: Jack D. Moore|Intimidate|[of] p1a: Scizor
|-unboost|p1a: Scizor|atk|1
|move|p1a: Scizor|Swords Dance|p1a: Scizor
|-boost|p1a: Scizor|atk|2
|
|-heal|p2a: Jack D. Moore|382\/382|[from] item: Leftovers
|turn|23
|c| swagger wagon|Literally you would need a boosted speed mega hera to sweep
|c| TheJFrenzy1|the point is swagger wagon theo has zero switch ins to M-Hera
|c| scotti|like dang it comes and and kills your life
|c| TheJFrenzy1|thats what hes getting at
|c| Raheim|bisharp + mega hera does exist
|c| swagger wagon|true
|
|move|p1a: Scizor|Bullet Punch|p2a: Jack D. Moore
|-damage|p2a: Jack D. Moore|217\/382
|-damage|p1a: Scizor|77\/281|[from] item: Life Orb
|move|p2a: Jack D. Moore|Earthquake|p1a: Scizor
|-damage|p1a: Scizor|0 fnt
|faint|p1a: Scizor
|
|-heal|p2a: Jack D. Moore|240\/382|[from] item: Leftovers
|join|cobbalob
|c| scotti|mega hera gets a kill every time it comes in
|
|switch|p1a: Keldeo|Keldeo|323\/323
|turn|24
|c| Squidy100|nooo theo
|c| Feely|OMG that did nothing!
|c| scotti|it doesn't need to sweep ;3
|c| Raheim|can it ko clefable?
|c| ZZtrollZZ|talonflame tho
|c| scotti|comes in on chansey gets a kill, comes in on ferro gets a kill, comes in on scizor gets a kill
|c| scotti|:3
|
|switch|p2a: Bruce J. Carter|Bisharp, M|128\/272
|move|p1a: Keldeo|Scald|p2a: Bruce J. Carter
|-damage|p2a: Bruce J. Carter|0 fnt
|faint|p2a: Bruce J. Carter
|
|leave|FrozenCold
|c| scotti|but its ok
|c| swagger wagon|manetric will never run hp grass on a good team...then it also has nothing for latis...dragons in general will murder it
|c| scotti|planet hell gets destroyed by mega gardeovir
|c| Feely|I'm impressed, I haven't seen a single talonflame this whole tournament, has anyone here seen one?
|c| swagger wagon|nope
|c| Raheim|talon sucks
|
|switch|p2a: Matthew R. Miller|Manectric-Mega, F|219\/281
|-ability|p2a: Matthew R. Miller|Intimidate|[of] p1a: Keldeo
|-unboost|p1a: Keldeo|atk|1
|turn|25
|c| Feely|there are so many OU threats that no team covers everything
|c| swagger wagon|talon is good. I just use goth to trap the pokemon that sets up rocks, kill it and then talon runs wild 
|c| scotti|yea but you should cover the big threats
|c| Raheim|that's how it should be
|c| scotti|everyone is running mega gardevoir and mega hera these days
|c| Raheim|jirachi beats both
|c| Feely|talon is essentially OU arceus, only somtimes, tho
|
|move|p2a: Matthew R. Miller|Volt Switch|p1a: Keldeo
|-supereffective|p1a: Keldeo
|-damage|p1a: Keldeo|51\/323
|c| swagger wagon|Manetric is super popular now
|c| Sweqfeq|why not tbolt
|
|switch|p2a: Robin G. Wilson|Rotom-Wash|208\/304 brn
|move|p1a: Keldeo|Scald|p2a: Robin G. Wilson
|-resisted|p2a: Robin G. Wilson
|-damage|p2a: Robin G. Wilson|146\/304 brn
|
|-heal|p1a: Keldeo|71\/323|[from] item: Leftovers
|-heal|p2a: Robin G. Wilson|165\/304 brn|[from] item: Leftovers
|-damage|p2a: Robin G. Wilson|127\/304 brn|[from] brn
|turn|26
|
|move|p1a: Keldeo|Secret Sword|p2a: Robin G. Wilson
|-damage|p2a: Robin G. Wilson|22\/304 brn
|move|p2a: Robin G. Wilson|Volt Switch|p1a: Keldeo
|-supereffective|p1a: Keldeo
|-damage|p1a: Keldeo|0 fnt
|faint|p1a: Keldeo
|
|switch|p2a: Andrew F. Mills|Latios, M|43\/302 brn
|
|-damage|p2a: Andrew F. Mills|6\/302 brn|[from] brn
|c| Feely|I've had a team with scarf pinsir, specs manectric, and banded scizor, NO MEGA
|
|switch|p1a: Charizard|Charizard-Mega-X, M|320\/359
|turn|27
|join|mistaken
|
|move|p2a: Andrew F. Mills|Draco Meteor|p1a: Charizard
|-supereffective|p1a: Charizard
|-damage|p1a: Charizard|0 fnt
|-unboost|p2a: Andrew F. Mills|spa|2
|faint|p1a: Charizard
|
|win|Planet Hell
|leave|ZZtrollZZ
|leave|Planet Hell
|player|p2
|c|âThE0|gg
|c| Feely|gg
|c| TheJFrenzy1|that sounds like a bad idea feely :\/
|leave|geno22
|leave|AjTheEpic