|join|Planet Hell
|join|Yankmeister
|player|p1|Planet Hell|190
|player|p2|Yankmeister|1
|gametype|singles
|gen|6
|tier|OU
|rated
|clearpoke
|poke|p1|Rotom-Wash
|poke|p1|Greninja, F
|poke|p1|Landorus-Therian, M
|poke|p1|Empoleon, F
|poke|p1|Metagross
|poke|p1|Gengar, M
|poke|p2|Kingdra, F
|poke|p2|Kabutops, M
|poke|p2|Politoed, F
|poke|p2|Manaphy
|poke|p2|Heracross, M
|poke|p2|Ferrothorn, F
|rule|Swagger Clause: Swagger is banned
|rule|Baton Pass Clause: Limit one PokÃ©mon knowing Baton Pass
|rule|Sleep Clause Mod: Limit one foe put to sleep
|rule|Species Clause: Limit one of each PokÃ©mon
|rule|OHKO Clause: OHKO moves are banned
|rule|Moody Clause: Moody is banned
|rule|Evasion Moves Clause: Evasion moves are banned
|rule|Endless Battle Clause: Forcing endless battles is banned
|rule|HP Percentage Mod: HP is shown in percentages
|teampreview
|c|âYankmeister|hey
|join|BlueberryPrint
|c| BlueberryPrint|hello :)
|
|start
|switch|p1a: Rotom-Wash|Rotom-Wash|304\/304
|switch|p2a: Pondweed|Ferrothorn, F|352\/352
|turn|1
|
|move|p1a: Rotom-Wash|Will-O-Wisp|p2a: Pondweed
|-status|p2a: Pondweed|brn
|move|p2a: Pondweed|Stealth Rock|p1a: Rotom-Wash
|-sidestart|p1: Planet Hell|move: Stealth Rock
|
|-damage|p2a: Pondweed|308\/352 brn|[from] brn
|turn|2
|
|move|p1a: Rotom-Wash|Volt Switch|p2a: Pondweed
|-resisted|p2a: Pondweed
|-damage|p2a: Pondweed|272\/352 brn
|
|switch|p1a: Empoleon|Empoleon, F|371\/371
|-damage|p1a: Empoleon|348\/371|[from] Stealth Rock
|move|p2a: Pondweed|Leech Seed|p1a: Empoleon
|-start|p1a: Empoleon|move: Leech Seed
|
|-heal|p1a: Empoleon|371\/371|[from] item: Leftovers
|-damage|p1a: Empoleon|325\/371|[from] Leech Seed|[of] p2a: Pondweed
|-heal|p2a: Pondweed|318\/352 brn|[silent]
|-damage|p2a: Pondweed|274\/352 brn|[from] brn
|turn|3
|
|switch|p2a: sesame|Politoed, F|384\/384
|-weather|RainDance
|move|p1a: Empoleon|Stealth Rock|p2a: sesame
|-sidestart|p2: Yankmeister|move: Stealth Rock
|
|-weather|RainDance|[upkeep]
|-heal|p1a: Empoleon|348\/371|[from] item: Leftovers
|-damage|p1a: Empoleon|302\/371|[from] Leech Seed|[of] p2a: sesame
|turn|4
|
|switch|p1a: Rotom-Wash|Rotom-Wash|304\/304
|-damage|p1a: Rotom-Wash|266\/304|[from] Stealth Rock
|move|p2a: sesame|Scald|p1a: Rotom-Wash
|-resisted|p1a: Rotom-Wash
|-damage|p1a: Rotom-Wash|209\/304
|-status|p1a: Rotom-Wash|brn
|
|-weather|RainDance|[upkeep]
|-heal|p1a: Rotom-Wash|228\/304 brn|[from] item: Leftovers
|-damage|p1a: Rotom-Wash|190\/304 brn|[from] brn
|turn|5
|
|switch|p2a: Pondweed|Ferrothorn, F|274\/352 brn
|-damage|p2a: Pondweed|252\/352 brn|[from] Stealth Rock
|move|p1a: Rotom-Wash|Volt Switch|p2a: Pondweed
|-resisted|p2a: Pondweed
|-damage|p2a: Pondweed|219\/352 brn
|
|switch|p1a: Gengar|Gengar, M|261\/261
|-damage|p1a: Gengar|229\/261|[from] Stealth Rock
|
|-weather|RainDance|[upkeep]
|-damage|p2a: Pondweed|175\/352 brn|[from] brn
|turn|6
|
|move|p1a: Gengar|Focus Blast|p2a: Pondweed
|-supereffective|p2a: Pondweed
|-damage|p2a: Pondweed|0 fnt
|-damage|p1a: Gengar|203\/261|[from] item: Life Orb
|faint|p2a: Pondweed
|
|-weather|RainDance|[upkeep]
|
|switch|p2a: persephone|Kingdra, F|330\/330
|-damage|p2a: persephone|289\/330|[from] Stealth Rock
|turn|7
|
|switch|p1a: Empoleon|Empoleon, F|302\/371
|-damage|p1a: Empoleon|279\/371|[from] Stealth Rock
|move|p2a: persephone|Scald|p1a: Empoleon
|-resisted|p1a: Empoleon
|-damage|p1a: Empoleon|178\/371
|
|-weather|RainDance|[upkeep]
|-heal|p1a: Empoleon|201\/371|[from] item: Leftovers
|turn|8
|
|move|p2a: persephone|Scald|p1a: Empoleon
|-resisted|p1a: Empoleon
|-damage|p1a: Empoleon|108\/371
|move|p1a: Empoleon|Toxic|p2a: persephone|[miss]
|-miss|p1a: Empoleon|p2a: persephone
|
|-weather|RainDance|[upkeep]
|-heal|p1a: Empoleon|131\/371|[from] item: Leftovers
|turn|9
|
|switch|p2a: Boo|Manaphy|404\/404
|-damage|p2a: Boo|354\/404|[from] Stealth Rock
|move|p1a: Empoleon|Scald|p2a: Boo
|-resisted|p2a: Boo
|-damage|p2a: Boo|276\/404
|-status|p2a: Boo|brn
|
|-weather|RainDance|[upkeep]
|-curestatus|p2a: Boo|brn
|-heal|p2a: Boo|301\/404|[from] item: Leftovers
|-heal|p1a: Empoleon|154\/371|[from] item: Leftovers
|turn|10
|
|move|p2a: Boo|Surf|p1a: Empoleon
|-resisted|p1a: Empoleon
|-damage|p1a: Empoleon|88\/371
|move|p1a: Empoleon|Roar|p2a: Boo
|drag|p2a: Boss Cross|Heracross, M|340\/340
|-damage|p2a: Boss Cross|298\/340|[from] Stealth Rock
|
|-weather|none
|-heal|p1a: Empoleon|111\/371|[from] item: Leftovers
|turn|11
|
|switch|p1a: Landorus-Therian|Landorus-Therian, M|325\/325
|-damage|p1a: Landorus-Therian|285\/325|[from] Stealth Rock
|-ability|p1a: Landorus-Therian|Intimidate|[of] p2a: Boss Cross
|-unboost|p2a: Boss Cross|atk|1
|detailschange|p2a: Boss Cross|Heracross-Mega, M
|message|Heracross has Mega Evolved into Mega Heracross!
|move|p2a: Boss Cross|Pin Missile|p1a: Landorus-Therian
|-resisted|p1a: Landorus-Therian
|-damage|p1a: Landorus-Therian|263\/325
|-resisted|p1a: Landorus-Therian
|-damage|p1a: Landorus-Therian|240\/325
|-resisted|p1a: Landorus-Therian
|-damage|p1a: Landorus-Therian|217\/325
|-resisted|p1a: Landorus-Therian
|-damage|p1a: Landorus-Therian|193\/325
|-resisted|p1a: Landorus-Therian
|-damage|p1a: Landorus-Therian|171\/325
|-hitcount|p1a: Landorus-Therian|5
|
|turn|12
|
|switch|p2a: sesame|Politoed, F|384\/384
|-damage|p2a: sesame|336\/384|[from] Stealth Rock
|-weather|RainDance
|move|p1a: Landorus-Therian|Stone Edge|p2a: sesame
|-crit|p2a: sesame
|-damage|p2a: sesame|135\/384
|
|-weather|RainDance|[upkeep]
|turn|13
|
|switch|p2a: Boss Cross|Heracross-Mega, M|298\/340
|-damage|p2a: Boss Cross|256\/340|[from] Stealth Rock
|move|p1a: Landorus-Therian|Stone Edge|p2a: Boss Cross|[miss]
|-miss|p1a: Landorus-Therian|p2a: Boss Cross
|
|-weather|RainDance|[upkeep]
|turn|14
|
|move|p1a: Landorus-Therian|Stone Edge|p2a: Boss Cross|[miss]
|-miss|p1a: Landorus-Therian|p2a: Boss Cross
|move|p2a: Boss Cross|Bullet Seed|p1a: Landorus-Therian
|-damage|p1a: Landorus-Therian|127\/325
|-damage|p1a: Landorus-Therian|80\/325
|-damage|p1a: Landorus-Therian|33\/325
|-damage|p1a: Landorus-Therian|0 fnt
|-hitcount|p1a: Landorus-Therian|4
|faint|p1a: Landorus-Therian
|
|-weather|RainDance|[upkeep]
|
|switch|p1a: Greninja|Greninja, F|285\/285
|-damage|p1a: Greninja|250\/285|[from] Stealth Rock
|turn|15
|
|move|p1a: Greninja|Hydro Pump|p2a: Boss Cross|[miss]
|-start|p1a: Greninja|typechange|Water|[from] Protean
|-miss|p1a: Greninja|p2a: Boss Cross
|move|p2a: Boss Cross|Close Combat|p1a: Greninja
|-crit|p1a: Greninja
|-damage|p1a: Greninja|0 fnt
|-unboost|p2a: Boss Cross|def|1
|-unboost|p2a: Boss Cross|spd|1
|faint|p1a: Greninja
|
|-weather|RainDance|[upkeep]
|
|switch|p1a: Gengar|Gengar, M|203\/261
|-damage|p1a: Gengar|171\/261|[from] Stealth Rock
|turn|16
|c|âYankmeister|sorry
|c|âYankmeister|this is too much
|
|move|p1a: Gengar|Shadow Ball|p2a: Boss Cross
|-damage|p2a: Boss Cross|0 fnt
|-damage|p1a: Gengar|145\/261|[from] item: Life Orb
|faint|p2a: Boss Cross
|
|-weather|RainDance|[upkeep]
|
|switch|p2a: persephone|Kingdra, F|289\/330
|-damage|p2a: persephone|248\/330|[from] Stealth Rock
|turn|17
|
|move|p2a: persephone|Scald|p1a: Gengar
|-damage|p1a: Gengar|0 fnt
|faint|p1a: Gengar
|
|-weather|RainDance|[upkeep]
|
|switch|p1a: Rotom-Wash|Rotom-Wash|190\/304 brn
|-damage|p1a: Rotom-Wash|152\/304 brn|[from] Stealth Rock
|turn|18
|
|move|p2a: persephone|Scald|p1a: Rotom-Wash
|-crit|p1a: Rotom-Wash
|-resisted|p1a: Rotom-Wash
|-damage|p1a: Rotom-Wash|0 fnt
|faint|p1a: Rotom-Wash
|
|-weather|RainDance|[upkeep]
|-message|Planet Hell forfeited.
|
|win|Yankmeister
|raw|Ladder updating...
|leave|Planet Hell
|player|p1
|raw|Planet Hell's rating: 1658 &rarr; <strong>1629<\/strong><br \/>(-29 for losing)
|raw|Yankmeister's rating: 1487 &rarr; <strong>1516<\/strong><br \/>(+29 for winning)