|join|Planet Hell
|join|PeinMan
|player|p1|Planet Hell|190
|player|p2|PeinMan|209
|gametype|singles
|gen|6
|tier|OU
|rated
|clearpoke
|poke|p1|Gardevoir, F
|poke|p1|Rotom-Wash
|poke|p1|Greninja, M
|poke|p1|Garchomp, F
|poke|p1|Bisharp, M
|poke|p1|Tornadus-Therian, M
|poke|p2|Charizard, M
|poke|p2|Landorus-Therian, M
|poke|p2|Tyranitar, M
|poke|p2|Empoleon, M
|poke|p2|Keldeo-Resolute
|poke|p2|Kyurem-Black
|rule|Swagger Clause: Swagger is banned
|rule|Baton Pass Clause: Limit one PokÃ©mon knowing Baton Pass
|rule|Sleep Clause Mod: Limit one foe put to sleep
|rule|Species Clause: Limit one of each PokÃ©mon
|rule|OHKO Clause: OHKO moves are banned
|rule|Moody Clause: Moody is banned
|rule|Evasion Moves Clause: Evasion moves are banned
|rule|Endless Battle Clause: Forcing endless battles is banned
|rule|HP Percentage Mod: HP is shown in percentages
|teampreview
|c|âPeinMan|wow u changed ur team
|c|âPlanet Hell|i was about to say the same thing
|c|âPeinMan|im not reverb
|
|start
|switch|p1a: Garchomp|Garchomp, F|420\/420
|switch|p2a: Charizard|Charizard, M|297\/297
|turn|1
|
|detailschange|p2a: Charizard|Charizard-Mega-Y, M
|message|Charizard has Mega Evolved into Mega Charizard!
|-weather|SunnyDay
|move|p2a: Charizard|Solar Beam|p1a: Garchomp|[still]
|-prepare|p2a: Charizard|Solar Beam|p1a: Garchomp
|-anim|p2a: Charizard|Solar Beam|p1a: Garchomp
|-damage|p1a: Garchomp|223\/420
|move|p1a: Garchomp|Stealth Rock|p2a: Charizard
|-sidestart|p2: PeinMan|move: Stealth Rock
|
|-weather|SunnyDay|[upkeep]
|turn|2
|
|move|p2a: Charizard|Focus Blast|p1a: Garchomp
|-crit|p1a: Garchomp
|-damage|p1a: Garchomp|0 fnt
|faint|p1a: Garchomp
|
|-weather|SunnyDay|[upkeep]
|
|switch|p1a: Greninja|Greninja, M|285\/285
|turn|3
|
|move|p1a: Greninja|Ice Beam|p2a: Charizard
|-start|p1a: Greninja|typechange|Ice|[from] Protean
|-damage|p2a: Charizard|144\/297
|-damage|p1a: Greninja|257\/285|[from] item: Life Orb
|move|p2a: Charizard|Solar Beam|p1a: Greninja|[still]
|-prepare|p2a: Charizard|Solar Beam|p1a: Greninja
|-anim|p2a: Charizard|Solar Beam|p1a: Greninja
|-crit|p1a: Greninja
|-damage|p1a: Greninja|0 fnt
|faint|p1a: Greninja
|
|-weather|SunnyDay|[upkeep]
|
|switch|p1a: Bisharp|Bisharp, M|271\/271
|turn|4
|c|âPeinMan|wow
|
|move|p2a: Charizard|Roost|p2a: Charizard
|-heal|p2a: Charizard|293\/297
|move|p1a: Bisharp|Knock Off|p2a: Charizard
|-damage|p2a: Charizard|93\/297
|-damage|p1a: Bisharp|244\/271|[from] item: Life Orb
|
|-weather|SunnyDay|[upkeep]
|turn|5
|
|move|p2a: Charizard|Fire Blast|p1a: Bisharp
|-supereffective|p1a: Bisharp
|-damage|p1a: Bisharp|0 fnt
|faint|p1a: Bisharp
|
|-weather|none
|
|switch|p1a: Tornadus-Therian|Tornadus-Therian, M|332\/332
|turn|6
|
|switch|p2a: Empoleon|Empoleon, M|372\/372
|-damage|p2a: Empoleon|349\/372|[from] Stealth Rock
|move|p1a: Tornadus-Therian|Focus Blast|p2a: Empoleon
|-supereffective|p2a: Empoleon
|-damage|p2a: Empoleon|169\/372
|
|-heal|p2a: Empoleon|192\/372|[from] item: Leftovers
|turn|7
|
|move|p1a: Tornadus-Therian|Focus Blast|p2a: Empoleon
|-supereffective|p2a: Empoleon
|-damage|p2a: Empoleon|20\/372
|move|p2a: Empoleon|Defog|p1a: Tornadus-Therian
|-unboost|p1a: Tornadus-Therian|evasion|1
|-sideend|p2: PeinMan|Stealth Rock|[from] move: Defog|[of] p2a: Empoleon
|
|-heal|p2a: Empoleon|43\/372|[from] item: Leftovers
|turn|8
|
|switch|p2a: Kyurem-Black|Kyurem-Black|391\/391
|-ability|p2a: Kyurem-Black|Teravolt
|move|p1a: Tornadus-Therian|Knock Off|p2a: Kyurem-Black
|-damage|p2a: Kyurem-Black|322\/391
|-enditem|p2a: Kyurem-Black|Choice Scarf|[from] move: Knock Off|[of] p1a: Tornadus-Therian
|
|turn|9
|
|move|p1a: Tornadus-Therian|U-turn|p2a: Kyurem-Black
|-damage|p2a: Kyurem-Black|275\/391
|
|switch|p1a: Rotom-Wash|Rotom-Wash|304\/304
|move|p2a: Kyurem-Black|Ice Beam|p1a: Rotom-Wash
|-resisted|p1a: Rotom-Wash
|-damage|p1a: Rotom-Wash|243\/304
|
|-heal|p1a: Rotom-Wash|262\/304|[from] item: Leftovers
|turn|10
|
|move|p2a: Kyurem-Black|Earth Power|p1a: Rotom-Wash
|-supereffective|p1a: Rotom-Wash
|-damage|p1a: Rotom-Wash|96\/304
|move|p1a: Rotom-Wash|Volt Switch|p2a: Kyurem-Black
|-resisted|p2a: Kyurem-Black
|-damage|p2a: Kyurem-Black|225\/391
|
|switch|p1a: Gardevoir|Gardevoir, F|277\/277
|-ability|p1a: Gardevoir|Teravolt|[from] ability: Trace|[of] p2a: Kyurem-Black
|-ability|p1a: Gardevoir|Teravolt
|
|turn|11
|
|detailschange|p1a: Gardevoir|Gardevoir-Mega, F
|message|Gardevoir has Mega Evolved into Mega Gardevoir!
|move|p2a: Kyurem-Black|Fusion Bolt|p1a: Gardevoir
|-damage|p1a: Gardevoir|81\/277
|move|p1a: Gardevoir|Hyper Voice|p2a: Kyurem-Black
|-supereffective|p2a: Kyurem-Black
|-damage|p2a: Kyurem-Black|0 fnt
|faint|p2a: Kyurem-Black
|
|
|switch|p2a: Keldeo-Resolute|Keldeo-Resolute|323\/323
|turn|12
|
|switch|p1a: Tornadus-Therian|Tornadus-Therian, M|332\/332
|move|p2a: Keldeo-Resolute|Scald|p1a: Tornadus-Therian
|-damage|p1a: Tornadus-Therian|187\/332
|
|turn|13
|
|switch|p2a: Empoleon|Empoleon, M|43\/372
|move|p1a: Tornadus-Therian|Knock Off|p2a: Empoleon
|-crit|p2a: Empoleon
|-damage|p2a: Empoleon|0 fnt
|-enditem|p2a: Empoleon|Leftovers|[from] move: Knock Off|[of] p1a: Tornadus-Therian
|faint|p2a: Empoleon
|
|
|switch|p2a: Landorus-Therian|Landorus-Therian, M|319\/319
|-ability|p2a: Landorus-Therian|Intimidate|[of] p1a: Tornadus-Therian
|-unboost|p1a: Tornadus-Therian|atk|1
|turn|14
|
|move|p2a: Landorus-Therian|Stone Edge|p1a: Tornadus-Therian|[miss]
|-miss|p2a: Landorus-Therian|p1a: Tornadus-Therian
|move|p1a: Tornadus-Therian|U-turn|p2a: Landorus-Therian
|-resisted|p2a: Landorus-Therian
|-damage|p2a: Landorus-Therian|302\/319
|
|switch|p1a: Rotom-Wash|Rotom-Wash|96\/304
|
|-heal|p1a: Rotom-Wash|115\/304|[from] item: Leftovers
|turn|15
|
|move|p2a: Landorus-Therian|Stone Edge|p1a: Rotom-Wash
|-damage|p1a: Rotom-Wash|29\/304
|move|p1a: Rotom-Wash|Pain Split|p2a: Landorus-Therian
|-sethp|p2a: Landorus-Therian|165\/319|p1a: Rotom-Wash|165\/304|[from] move: Pain Split
|
|-heal|p1a: Rotom-Wash|184\/304|[from] item: Leftovers
|turn|16
|c|âPeinMan|wow
|
|switch|p2a: Tyranitar|Tyranitar, M|342\/342
|-weather|Sandstorm
|move|p1a: Rotom-Wash|Hydro Pump|p2a: Tyranitar
|-supereffective|p2a: Tyranitar
|-damage|p2a: Tyranitar|162\/342
|
|-weather|Sandstorm|[upkeep]
|-damage|p1a: Rotom-Wash|165\/304|[from] sandstorm
|-heal|p1a: Rotom-Wash|184\/304|[from] item: Leftovers
|turn|17
|
|move|p2a: Tyranitar|Crunch|p1a: Rotom-Wash
|-damage|p1a: Rotom-Wash|18\/304
|-unboost|p1a: Rotom-Wash|def|1
|move|p1a: Rotom-Wash|Hydro Pump|p2a: Tyranitar
|-supereffective|p2a: Tyranitar
|-damage|p2a: Tyranitar|0 fnt
|faint|p2a: Tyranitar
|
|-weather|Sandstorm|[upkeep]
|-damage|p1a: Rotom-Wash|0 fnt|[from] sandstorm
|faint|p1a: Rotom-Wash
|
|switch|p1a: Tornadus-Therian|Tornadus-Therian, M|297\/332
|switch|p2a: Charizard|Charizard-Mega-Y, M|93\/297
|-weather|SunnyDay
|turn|18
|
|move|p1a: Tornadus-Therian|Hurricane|p2a: Charizard
|-damage|p2a: Charizard|0 fnt
|faint|p2a: Charizard
|
|-weather|SunnyDay|[upkeep]
|
|switch|p2a: Landorus-Therian|Landorus-Therian, M|165\/319
|-ability|p2a: Landorus-Therian|Intimidate|[of] p1a: Tornadus-Therian
|-unboost|p1a: Tornadus-Therian|atk|1
|turn|19
|
|move|p2a: Landorus-Therian|Stone Edge|p1a: Tornadus-Therian
|-supereffective|p1a: Tornadus-Therian
|-damage|p1a: Tornadus-Therian|13\/332
|move|p1a: Tornadus-Therian|Knock Off|p2a: Landorus-Therian
|-damage|p2a: Landorus-Therian|116\/319
|-enditem|p2a: Landorus-Therian|Choice Scarf|[from] move: Knock Off|[of] p1a: Tornadus-Therian
|
|-weather|SunnyDay|[upkeep]
|turn|20
|
|move|p1a: Tornadus-Therian|U-turn|p2a: Landorus-Therian
|-resisted|p2a: Landorus-Therian
|-damage|p2a: Landorus-Therian|100\/319
|
|switch|p1a: Gardevoir|Gardevoir-Mega, F|81\/277
|move|p2a: Landorus-Therian|U-turn|p1a: Gardevoir
|-damage|p1a: Gardevoir|0 fnt
|faint|p1a: Gardevoir
|
|switch|p2a: Keldeo-Resolute|Keldeo-Resolute|323\/323
|
|-weather|SunnyDay|[upkeep]
|
|switch|p1a: Tornadus-Therian|Tornadus-Therian, M|123\/332
|turn|21
|
|move|p1a: Tornadus-Therian|Hurricane|p2a: Keldeo-Resolute|[miss]
|-miss|p1a: Tornadus-Therian|p2a: Keldeo-Resolute
|move|p2a: Keldeo-Resolute|Icy Wind|p1a: Tornadus-Therian
|-supereffective|p1a: Tornadus-Therian
|-damage|p1a: Tornadus-Therian|0 fnt
|faint|p1a: Tornadus-Therian
|
|win|PeinMan
|raw|Ladder updating...
|leave|Planet Hell
|player|p1
|raw|Planet Hell's rating: 1758 &rarr; <strong>1728<\/strong><br \/>(-30 for losing)
|raw|PeinMan's rating: 1562 &rarr; <strong>1592<\/strong><br \/>(+30 for winning)