|join|Planet Hell
|join|LT5U Floppy
|player|p1|Planet Hell|190
|player|p2|LT5U Floppy|102
|gametype|singles
|gen|6
|tier|OU
|rated
|clearpoke
|poke|p1|Manectric, F
|poke|p1|Landorus-Therian, M
|poke|p1|Greninja, M
|poke|p1|Rotom-Wash
|poke|p1|Bisharp, F
|poke|p1|Latios, M
|poke|p2|Gothitelle, M
|poke|p2|Manectric, M
|poke|p2|Landorus, M
|poke|p2|Skarmory, M
|poke|p2|Heatran, F
|poke|p2|Amoonguss, M
|rule|Swagger Clause: Swagger is banned
|rule|Baton Pass Clause: Limit one PokÃ©mon knowing Baton Pass
|rule|Sleep Clause Mod: Limit one foe put to sleep
|rule|Species Clause: Limit one of each PokÃ©mon
|rule|OHKO Clause: OHKO moves are banned
|rule|Moody Clause: Moody is banned
|rule|Evasion Moves Clause: Evasion moves are banned
|rule|Endless Battle Clause: Forcing endless battles is banned
|rule|HP Percentage Mod: HP is shown in percentages
|teampreview
|
|start
|switch|p1a: Alistar B. Jackson|Greninja, M|286\/286
|switch|p2a: Skarmory|Skarmory, M|334\/334
|turn|1
|c|âLT5U Floppy|imsilly
|
|move|p1a: Alistar B. Jackson|Ice Beam|p2a: Skarmory
|-start|p1a: Alistar B. Jackson|typechange|Ice|[from] Protean
|-damage|p2a: Skarmory|155\/334
|-status|p2a: Skarmory|frz
|-damage|p1a: Alistar B. Jackson|258\/286|[from] item: Life Orb
|cant|p2a: Skarmory|frz
|
|turn|2
|c|âPlanet Hell|it keeps getting better
|
|move|p1a: Alistar B. Jackson|Spikes|p2a: Skarmory
|-start|p1a: Alistar B. Jackson|typechange|Ground|[from] Protean
|-sidestart|p2: LT5U Floppy|Spikes
|-curestatus|p2a: Skarmory|frz
|move|p2a: Skarmory|Roost|p2a: Skarmory
|-heal|p2a: Skarmory|322\/334
|
|turn|3
|
|move|p1a: Alistar B. Jackson|Ice Beam|p2a: Skarmory
|-start|p1a: Alistar B. Jackson|typechange|Ice|[from] Protean
|-damage|p2a: Skarmory|134\/334
|-status|p2a: Skarmory|frz
|-damage|p1a: Alistar B. Jackson|230\/286|[from] item: Life Orb
|cant|p2a: Skarmory|frz
|
|turn|4
|
|move|p1a: Alistar B. Jackson|Ice Beam|p2a: Skarmory
|-damage|p2a: Skarmory|0 fnt
|-damage|p1a: Alistar B. Jackson|202\/286|[from] item: Life Orb
|faint|p2a: Skarmory
|
|
|switch|p2a: Gothitelle|Gothitelle, M|344\/344
|-damage|p2a: Gothitelle|301\/344|[from] Spikes
|turn|5
|
|move|p1a: Alistar B. Jackson|Hydro Pump|p2a: Gothitelle|[miss]
|-start|p1a: Alistar B. Jackson|typechange|Water|[from] Protean
|-miss|p1a: Alistar B. Jackson|p2a: Gothitelle
|move|p2a: Gothitelle|Thunder Wave|p1a: Alistar B. Jackson
|-status|p1a: Alistar B. Jackson|par
|
|turn|6
|
|switch|p2a: Amoonguss|Amoonguss, M|432\/432
|-damage|p2a: Amoonguss|378\/432|[from] Spikes
|move|p1a: Alistar B. Jackson|Hydro Pump|p2a: Amoonguss
|-resisted|p2a: Amoonguss
|-damage|p2a: Amoonguss|256\/432
|-damage|p1a: Alistar B. Jackson|174\/286 par|[from] item: Life Orb
|
|-heal|p2a: Amoonguss|283\/432|[from] item: Black Sludge
|turn|7
|
|switch|p1a: Andrew F. Mills|Latios, M|302\/302
|move|p2a: Amoonguss|Giga Drain|p1a: Andrew F. Mills
|-resisted|p1a: Andrew F. Mills
|-damage|p1a: Andrew F. Mills|269\/302
|-heal|p2a: Amoonguss|300\/432|[from] drain|[of] p1a: Andrew F. Mills
|
|-heal|p2a: Amoonguss|327\/432|[from] item: Black Sludge
|turn|8
|
|switch|p1a: Jack D. Moore|Landorus-Therian, M|382\/382
|-ability|p1a: Jack D. Moore|Intimidate|[of] p2a: Amoonguss
|-unboost|p2a: Amoonguss|atk|1
|move|p2a: Amoonguss|Spore|p1a: Jack D. Moore
|-status|p1a: Jack D. Moore|slp
|
|-heal|p2a: Amoonguss|354\/432|[from] item: Black Sludge
|turn|9
|
|cant|p1a: Jack D. Moore|slp
|move|p2a: Amoonguss|Foul Play|p1a: Jack D. Moore
|-damage|p1a: Jack D. Moore|298\/382 slp
|
|-heal|p1a: Jack D. Moore|321\/382 slp|[from] item: Leftovers
|-heal|p2a: Amoonguss|381\/432|[from] item: Black Sludge
|turn|10
|join|Schalk Burger
|
|switch|p2a: Manectric|Manectric, M|281\/281
|-damage|p2a: Manectric|246\/281|[from] Spikes
|cant|p1a: Jack D. Moore|slp
|
|-heal|p1a: Jack D. Moore|344\/382 slp|[from] item: Leftovers
|turn|11
|
|switch|p1a: Robin G. Wilson|Rotom-Wash|304\/304
|detailschange|p2a: Manectric|Manectric-Mega, M
|message|Manectric has Mega Evolved into Mega Manectric!
|-ability|p2a: Manectric|Intimidate|[of] p1a: Robin G. Wilson
|-unboost|p1a: Robin G. Wilson|atk|1
|move|p2a: Manectric|Hidden Power|p1a: Robin G. Wilson
|-resisted|p1a: Robin G. Wilson
|-damage|p1a: Robin G. Wilson|269\/304
|
|-heal|p1a: Robin G. Wilson|288\/304|[from] item: Leftovers
|turn|12
|
|switch|p2a: Amoonguss|Amoonguss, M|432\/432
|-damage|p2a: Amoonguss|378\/432|[from] Spikes
|move|p1a: Robin G. Wilson|Volt Switch|p2a: Amoonguss
|-resisted|p2a: Amoonguss
|-damage|p2a: Amoonguss|324\/432
|
|switch|p1a: Matthew R. Miller|Manectric, F|281\/281
|
|-heal|p2a: Amoonguss|351\/432|[from] item: Black Sludge
|turn|13
|
|switch|p2a: Heatran|Heatran, F|385\/385
|-damage|p2a: Heatran|337\/385|[from] Spikes
|detailschange|p1a: Matthew R. Miller|Manectric-Mega, F
|message|Manectric has Mega Evolved into Mega Manectric!
|-ability|p1a: Matthew R. Miller|Intimidate|[of] p2a: Heatran
|-unboost|p2a: Heatran|atk|1
|move|p1a: Matthew R. Miller|Volt Switch|p2a: Heatran
|-damage|p2a: Heatran|252\/385
|
|switch|p1a: Jack D. Moore|Landorus-Therian, M|344\/382 slp
|-ability|p1a: Jack D. Moore|Intimidate|[of] p2a: Heatran
|-unboost|p2a: Heatran|atk|1
|
|-heal|p1a: Jack D. Moore|367\/382 slp|[from] item: Leftovers
|-heal|p2a: Heatran|276\/385|[from] item: Leftovers
|turn|14
|
|switch|p2a: Landorus|Landorus, M|320\/320
|cant|p1a: Jack D. Moore|slp
|
|-heal|p1a: Jack D. Moore|382\/382 slp|[from] item: Leftovers
|turn|15
|
|switch|p1a: Robin G. Wilson|Rotom-Wash|288\/304
|move|p2a: Landorus|Psychic|p1a: Robin G. Wilson
|-damage|p1a: Robin G. Wilson|122\/304
|
|-heal|p1a: Robin G. Wilson|141\/304|[from] item: Leftovers
|turn|16
|
|switch|p1a: Andrew F. Mills|Latios, M|269\/302
|move|p2a: Landorus|Sludge Wave|p1a: Andrew F. Mills
|-damage|p1a: Andrew F. Mills|81\/302
|
|turn|17
|
|switch|p2a: Heatran|Heatran, F|276\/385
|-damage|p2a: Heatran|228\/385|[from] Spikes
|move|p1a: Andrew F. Mills|Draco Meteor|p2a: Heatran
|-resisted|p2a: Heatran
|-damage|p2a: Heatran|149\/385
|-unboost|p1a: Andrew F. Mills|spa|2
|
|-heal|p2a: Heatran|173\/385|[from] item: Leftovers
|turn|18
|
|switch|p1a: Jack D. Moore|Landorus-Therian, M|382\/382 slp
|-ability|p1a: Jack D. Moore|Intimidate|[of] p2a: Heatran
|-unboost|p2a: Heatran|atk|1
|move|p2a: Heatran|Stealth Rock|p1a: Jack D. Moore
|-sidestart|p1: Planet Hell|move: Stealth Rock
|
|-heal|p2a: Heatran|197\/385|[from] item: Leftovers
|turn|19
|
|switch|p2a: Manectric|Manectric-Mega, M|246\/281
|-damage|p2a: Manectric|211\/281|[from] Spikes
|-ability|p2a: Manectric|Intimidate|[of] p1a: Jack D. Moore
|-unboost|p1a: Jack D. Moore|atk|1
|-curestatus|p1a: Jack D. Moore|slp
|move|p1a: Jack D. Moore|Stealth Rock|p2a: Manectric
|-sidestart|p2: LT5U Floppy|move: Stealth Rock
|
|turn|20
|
|move|p2a: Manectric|Hidden Power|p1a: Jack D. Moore
|-supereffective|p1a: Jack D. Moore
|-damage|p1a: Jack D. Moore|38\/382
|move|p1a: Jack D. Moore|Earthquake|p2a: Manectric
|-supereffective|p2a: Manectric
|-damage|p2a: Manectric|0 fnt
|faint|p2a: Manectric
|
|-heal|p1a: Jack D. Moore|61\/382|[from] item: Leftovers
|
|switch|p2a: Gothitelle|Gothitelle, M|301\/344
|-damage|p2a: Gothitelle|258\/344|[from] Stealth Rock
|-damage|p2a: Gothitelle|215\/344|[from] Spikes
|turn|21
|
|move|p2a: Gothitelle|Trick|p1a: Jack D. Moore
|-activate|p2a: Gothitelle|move: Trick|[of] p1a: Jack D. Moore
|-item|p1a: Jack D. Moore|Choice Scarf|[from] move: Trick
|-item|p2a: Gothitelle|Leftovers|[from] move: Trick
|move|p1a: Jack D. Moore|Earthquake|p2a: Gothitelle
|-crit|p2a: Gothitelle
|-damage|p2a: Gothitelle|0 fnt
|faint|p2a: Gothitelle
|
|
|switch|p2a: Landorus|Landorus, M|320\/320
|-damage|p2a: Landorus|280\/320|[from] Stealth Rock
|turn|22
|
|move|p1a: Jack D. Moore|Earthquake|p2a: Landorus
|-immune|p2a: Landorus|[msg]
|move|p2a: Landorus|Rock Polish|p2a: Landorus
|-boost|p2a: Landorus|spe|2
|
|turn|23
|
|move|p2a: Landorus|Sludge Wave|p1a: Jack D. Moore
|-resisted|p1a: Jack D. Moore
|-damage|p1a: Jack D. Moore|0 fnt
|faint|p1a: Jack D. Moore
|
|
|switch|p1a: Bruce J. Carter|Bisharp, F|272\/272
|-damage|p1a: Bruce J. Carter|255\/272|[from] Stealth Rock
|turn|24
|
|move|p1a: Bruce J. Carter|Sucker Punch|p2a: Landorus
|-damage|p2a: Landorus|77\/320
|-damage|p1a: Bruce J. Carter|228\/272|[from] item: Life Orb
|move|p2a: Landorus|Earth Power|p1a: Bruce J. Carter
|-supereffective|p1a: Bruce J. Carter
|-damage|p1a: Bruce J. Carter|0 fnt
|faint|p1a: Bruce J. Carter
|
|-message|Planet Hell forfeited.
|
|win|LT5U Floppy
|raw|Ladder updating...
|leave|Planet Hell
|player|p1
|raw|Planet Hell's rating: 1824 &rarr; <strong>1806<\/strong><br \/>(-18 for losing)
|raw|LT5U Floppy's rating: 1852 &rarr; <strong>1870<\/strong><br \/>(+18 for winning)