|join|Planet Hell
|join|artico11
|player|p1|Planet Hell|190
|player|p2|artico11|92
|gametype|singles
|gen|6
|tier|OU
|clearpoke
|poke|p1|Rotom-Wash
|poke|p1|Greninja, F
|poke|p1|Landorus-Therian, M
|poke|p1|Empoleon, M
|poke|p1|Metagross
|poke|p1|Gengar, M
|poke|p2|Skarmory, F
|poke|p2|Sigilyph, M
|poke|p2|Blissey, F
|poke|p2|Heatran, F
|poke|p2|Sableye, F
|poke|p2|Diancie
|rule|Swagger Clause: Swagger is banned
|rule|Baton Pass Clause: Limit one PokÃ©mon knowing Baton Pass
|rule|Sleep Clause Mod: Limit one foe put to sleep
|rule|Species Clause: Limit one of each PokÃ©mon
|rule|OHKO Clause: OHKO moves are banned
|rule|Moody Clause: Moody is banned
|rule|Evasion Moves Clause: Evasion moves are banned
|rule|Endless Battle Clause: Forcing endless battles is banned
|rule|HP Percentage Mod: HP is shown in percentages
|teampreview
|join|Orei
|join|Wender53
|
|start
|switch|p1a: Gengar|Gengar, M|261\/261
|switch|p2a: Diancie|Diancie|304\/304
|turn|1
|
|switch|p1a: Empoleon|Empoleon, M|371\/371
|detailschange|p2a: Diancie|Diancie-Mega
|message|Diancie has Mega Evolved into Mega Diancie!
|move|p2a: Diancie|Diamond Storm|p1a: Empoleon
|-resisted|p1a: Empoleon
|-damage|p1a: Empoleon|267\/371
|-boost|p2a: Diancie|def|1
|
|-heal|p1a: Empoleon|290\/371|[from] item: Leftovers
|turn|2
|
|switch|p2a: Skarmory|Skarmory, F|334\/334
|switch|p1a: Landorus-Therian|Landorus-Therian, M|325\/325
|-ability|p1a: Landorus-Therian|Intimidate|[of] p2a: Skarmory
|-unboost|p2a: Skarmory|atk|1
|
|turn|3
|
|move|p1a: Landorus-Therian|U-turn|p2a: Skarmory
|-resisted|p2a: Skarmory
|-damage|p2a: Skarmory|322\/334
|
|switch|p1a: Greninja|Greninja, F|285\/285
|move|p2a: Skarmory|Spikes|p1a: Greninja
|-sidestart|p1: Planet Hell|Spikes
|
|-heal|p2a: Skarmory|334\/334|[from] item: Leftovers
|turn|4
|join|Alvadora
|
|switch|p2a: Blissey|Blissey, F|714\/714
|move|p1a: Greninja|Spikes|p2a: Blissey
|-start|p1a: Greninja|typechange|Ground|[from] Protean
|-sidestart|p2: artico11|Spikes
|
|turn|5
|
|switch|p1a: Gengar|Gengar, M|261\/261
|move|p2a: Blissey|Toxic|p1a: Gengar
|-fail|p1a: Gengar
|
|turn|6
|
|move|p1a: Gengar|Shadow Ball|p2a: Blissey
|-immune|p2a: Blissey|[msg]
|move|p2a: Blissey|Wish|p2a: Blissey
|
|turn|7
|
|switch|p1a: Rotom-Wash|Rotom-Wash|304\/304
|switch|p2a: Skarmory|Skarmory, F|334\/334
|
|turn|8
|c| Wender53|o artico ja ganhou
|
|move|p1a: Rotom-Wash|Volt Switch|p2a: Skarmory
|-supereffective|p2a: Skarmory
|-damage|p2a: Skarmory|112\/334
|c| Wender53|desiste ai planet hell
|
|switch|p1a: Gengar|Gengar, M|261\/261
|move|p2a: Skarmory|Spikes|p1a: Gengar
|-sidestart|p1: Planet Hell|Spikes
|
|-heal|p2a: Skarmory|132\/334|[from] item: Leftovers
|turn|9
|
|switch|p2a: Blissey|Blissey, F|714\/714
|-damage|p2a: Blissey|625\/714|[from] Spikes
|move|p1a: Gengar|Shadow Ball|p2a: Blissey
|-immune|p2a: Blissey|[msg]
|
|-heal|p2a: Blissey|669\/714|[from] item: Leftovers
|turn|10
|
|move|p1a: Gengar|Taunt|p2a: Blissey
|-start|p2a: Blissey|move: Taunt
|cant|p2a: Blissey|move: Taunt|Wish
|
|-heal|p2a: Blissey|713\/714|[from] item: Leftovers
|turn|11
|c|âartico11|taunt
|
|switch|p2a: Sableye|Sableye, F|304\/304
|-damage|p2a: Sableye|266\/304|[from] Spikes
|move|p1a: Gengar|Shadow Ball|p2a: Sableye
|-damage|p2a: Sableye|23\/304
|-unboost|p2a: Sableye|spd|1
|-damage|p1a: Gengar|235\/261|[from] item: Life Orb
|
|-heal|p2a: Sableye|42\/304|[from] item: Leftovers
|turn|12
|
|switch|p2a: Blissey|Blissey, F|713\/714
|-damage|p2a: Blissey|624\/714|[from] Spikes
|move|p1a: Gengar|Shadow Ball|p2a: Blissey
|-immune|p2a: Blissey|[msg]
|
|-heal|p2a: Blissey|668\/714|[from] item: Leftovers
|turn|13
|
|move|p1a: Gengar|Shadow Ball|p2a: Blissey
|-immune|p2a: Blissey|[msg]
|move|p2a: Blissey|Wish|p2a: Blissey
|
|-heal|p2a: Blissey|712\/714|[from] item: Leftovers
|turn|14
|
|switch|p2a: Sableye|Sableye, F|42\/304
|-damage|p2a: Sableye|4\/304|[from] Spikes
|move|p1a: Gengar|Shadow Ball|p2a: Sableye
|-damage|p2a: Sableye|0 fnt
|-damage|p1a: Gengar|209\/261|[from] item: Life Orb
|faint|p2a: Sableye
|
|c|âartico11|;-;
|
|switch|p2a: Diancie|Diancie-Mega|304\/304
|-damage|p2a: Diancie|266\/304|[from] Spikes
|turn|15
|
|switch|p1a: Rotom-Wash|Rotom-Wash|304\/304
|move|p2a: Diancie|Diamond Storm|p1a: Rotom-Wash
|-crit|p1a: Rotom-Wash
|-damage|p1a: Rotom-Wash|111\/304
|
|-heal|p1a: Rotom-Wash|130\/304|[from] item: Leftovers
|turn|16
|
|move|p2a: Diancie|Diamond Storm|p1a: Rotom-Wash
|-damage|p1a: Rotom-Wash|9\/304
|move|p1a: Rotom-Wash|Pain Split|p2a: Diancie
|-sethp|p2a: Diancie|137\/304|p1a: Rotom-Wash|137\/304|[from] move: Pain Split
|
|-heal|p1a: Rotom-Wash|156\/304|[from] item: Leftovers
|turn|17
|
|move|p2a: Diancie|Rest|p2a: Diancie
|-status|p2a: Diancie|slp
|-heal|p2a: Diancie|304\/304 slp|[silent]
|-status|p2a: Diancie|slp|[from] move: Rest
|move|p1a: Rotom-Wash|Volt Switch|p2a: Diancie
|-damage|p2a: Diancie|250\/304 slp
|
|switch|p1a: Empoleon|Empoleon, M|290\/371
|-damage|p1a: Empoleon|229\/371|[from] Spikes
|
|-heal|p1a: Empoleon|252\/371|[from] item: Leftovers
|turn|18
|
|switch|p2a: Sigilyph|Sigilyph, M|348\/348
|move|p1a: Empoleon|Scald|p2a: Sigilyph
|-damage|p2a: Sigilyph|258\/348
|
|-heal|p1a: Empoleon|275\/371|[from] item: Leftovers
|-status|p2a: Sigilyph|brn|[from] item: Flame Orb
|turn|19
|
|move|p2a: Sigilyph|Psycho Shift|p1a: Empoleon
|-status|p1a: Empoleon|brn
|-curestatus|p2a: Sigilyph|brn
|move|p1a: Empoleon|Stealth Rock|p2a: Sigilyph
|-sidestart|p2: artico11|move: Stealth Rock
|
|-heal|p1a: Empoleon|298\/371 brn|[from] item: Leftovers
|-damage|p1a: Empoleon|252\/371 brn|[from] brn
|-status|p2a: Sigilyph|brn|[from] item: Flame Orb
|turn|20
|
|move|p2a: Sigilyph|Cosmic Power|p2a: Sigilyph
|-boost|p2a: Sigilyph|def|1
|-boost|p2a: Sigilyph|spd|1
|move|p1a: Empoleon|Roar|p2a: Sigilyph
|drag|p2a: Heatran|Heatran, F|386\/386
|-damage|p2a: Heatran|338\/386|[from] Spikes
|-damage|p2a: Heatran|290\/386|[from] Stealth Rock
|
|-heal|p2a: Heatran|314\/386|[from] item: Leftovers
|-heal|p1a: Empoleon|275\/371 brn|[from] item: Leftovers
|-damage|p1a: Empoleon|229\/371 brn|[from] brn
|turn|21
|c| Wender53|'-'
|
|switch|p2a: Blissey|Blissey, F|712\/714
|-damage|p2a: Blissey|623\/714|[from] Spikes
|-damage|p2a: Blissey|534\/714|[from] Stealth Rock
|switch|p1a: Rotom-Wash|Rotom-Wash|156\/304
|
|-heal|p1a: Rotom-Wash|175\/304|[from] item: Leftovers
|-heal|p2a: Blissey|578\/714|[from] item: Leftovers
|turn|22
|c|âartico11|vou por tentacruel com rapid spin
|
|move|p1a: Rotom-Wash|Pain Split|p2a: Blissey
|-sethp|p2a: Blissey|376\/714|p1a: Rotom-Wash|304\/304|[from] move: Pain Split
|move|p2a: Blissey|Wish|p2a: Blissey
|
|-heal|p2a: Blissey|420\/714|[from] item: Leftovers
|turn|23
|
|switch|p2a: Skarmory|Skarmory, F|132\/334
|-damage|p2a: Skarmory|91\/334|[from] Stealth Rock
|move|p1a: Rotom-Wash|Volt Switch|p2a: Skarmory
|-supereffective|p2a: Skarmory
|-damage|p2a: Skarmory|0 fnt
|faint|p2a: Skarmory
|c| Wender53|eu gostava dele antes ttbm
|c|âartico11|vou perder >.<
|c| Wender53|skarmory n tem defog?
|c| Wender53|se perder ai vc faz um time pra ir contra mim :v
|
|switch|p1a: Gengar|Gengar, M|209\/261
|
|c|âartico11|ok
|
|switch|p2a: Heatran|Heatran, F|314\/386
|-damage|p2a: Heatran|266\/386|[from] Spikes
|-damage|p2a: Heatran|218\/386|[from] Stealth Rock
|turn|24
|c| Wender53|sem lenda e com 1 mega com mega stone no item
|c| Wender53|vale os mega de Uber
|c|âartico11|ok
|
|move|p1a: Gengar|Focus Blast|p2a: Heatran
|-supereffective|p2a: Heatran
|-damage|p2a: Heatran|0 fnt
|-damage|p1a: Gengar|183\/261|[from] item: Life Orb
|faint|p2a: Heatran
|
|
|switch|p2a: Blissey|Blissey, F|420\/714
|-damage|p2a: Blissey|331\/714|[from] Spikes
|-damage|p2a: Blissey|242\/714|[from] Stealth Rock
|turn|25
|
|move|p1a: Gengar|Taunt|p2a: Blissey
|-start|p2a: Blissey|move: Taunt
|cant|p2a: Blissey|move: Taunt|Soft-Boiled
|
|-heal|p2a: Blissey|286\/714|[from] item: Leftovers
|turn|26
|
|switch|p2a: Diancie|Diancie-Mega|250\/304 slp
|-damage|p2a: Diancie|212\/304 slp|[from] Spikes
|-damage|p2a: Diancie|174\/304 slp|[from] Stealth Rock
|move|p1a: Gengar|Focus Blast|p2a: Diancie|[miss]
|-miss|p1a: Gengar|p2a: Diancie
|
|turn|27
|c| Wender53|sÃ³ relembrando, Ã© 3x3
|
|move|p1a: Gengar|Shadow Ball|p2a: Diancie
|-damage|p2a: Diancie|44\/304 slp
|-damage|p1a: Gengar|157\/261|[from] item: Life Orb
|cant|p2a: Diancie|slp
|move|p2a: Diancie|Sleep Talk|p2a: Diancie
|move|p2a: Diancie|Rest|p2a: Diancie|[from]Sleep Talk
|-fail|p2a: Diancie
|
|turn|28
|c| Wender53|kkkkkkkkkkkkkkkk
|
|move|p1a: Gengar|Shadow Ball|p2a: Diancie
|-damage|p2a: Diancie|0 fnt
|-damage|p1a: Gengar|131\/261|[from] item: Life Orb
|faint|p2a: Diancie
|
|c|âartico11|;-;
|leave|artico11
|player|p2
|leave|Wender53
|leave|Alvadora
|join|Wender53
|leave|Wender53
|-message|Player 2 lost due to inactivity.
|
|win|Planet Hell
|leave|Planet Hell
|player|p1