|join|wish killer
|join|Planet Hell
|player|p1|wish killer|68
|player|p2|Planet Hell|190
|gametype|singles
|gen|6
|tier|OU
|rated
|clearpoke
|poke|p1|Bisharp, M
|poke|p1|Venusaur, F
|poke|p1|Heatran, F
|poke|p1|Keldeo
|poke|p1|Chansey, F
|poke|p1|Skarmory, M
|poke|p2|Manectric, F
|poke|p2|Landorus-Therian, M
|poke|p2|Greninja, F
|poke|p2|Rotom-Wash
|poke|p2|Bisharp, M
|poke|p2|Latios, M
|rule|Swagger Clause: Swagger is banned
|rule|Baton Pass Clause: Limit one PokÃ©mon knowing Baton Pass
|rule|Sleep Clause Mod: Limit one foe put to sleep
|rule|Species Clause: Limit one of each PokÃ©mon
|rule|OHKO Clause: OHKO moves are banned
|rule|Moody Clause: Moody is banned
|rule|Evasion Moves Clause: Evasion moves are banned
|rule|Endless Battle Clause: Forcing endless battles is banned
|rule|HP Percentage Mod: HP is shown in percentages
|teampreview
|join|Appreciation
|join|CleanerThanRotom-W
|join|uCan'tSeeMe
|
|start
|switch|p1a: Heatran|Heatran, F|340\/340
|switch|p2a: Alistar B. Jackson|Greninja, F|286\/286
|-item|p1a: Heatran|Air Balloon
|turn|1
|c| CleanerThanRotom-W|-.-
|c| CleanerThanRotom-W|that team again
|c| uCan'tSeeMe|>planet hell
|
|switch|p1a: Chansey|Chansey, F|684\/684
|move|p2a: Alistar B. Jackson|Spikes|p1a: Chansey
|-start|p2a: Alistar B. Jackson|typechange|Ground|[from] Protean
|-sidestart|p1: wish killer|Spikes
|
|turn|2
|c| CleanerThanRotom-W|go bloody!
|
|switch|p2a: Robin G. Wilson|Rotom-Wash|304\/304
|move|p1a: Chansey|Seismic Toss|p2a: Robin G. Wilson
|-damage|p2a: Robin G. Wilson|204\/304
|
|-heal|p2a: Robin G. Wilson|223\/304|[from] item: Leftovers
|turn|3
|c| Appreciation|nice ct fag
|
|move|p2a: Robin G. Wilson|Volt Switch|p1a: Chansey
|-damage|p1a: Chansey|633\/684
|c| uCan'tSeeMe|>robin g. wilson
|c|âPlanet Hell|>meme arrows
|c| CleanerThanRotom-W|>not even washington
|
|switch|p2a: Jack D. Moore|Landorus-Therian, M|382\/382
|-ability|p2a: Jack D. Moore|Intimidate|[of] p1a: Chansey
|-unboost|p1a: Chansey|atk|1
|move|p1a: Chansey|Seismic Toss|p2a: Jack D. Moore
|-damage|p2a: Jack D. Moore|282\/382
|
|-heal|p2a: Jack D. Moore|305\/382|[from] item: Leftovers
|turn|4
|c| Appreciation|>ur face
|
|switch|p1a: Heatran|Heatran, F|340\/340
|-item|p1a: Heatran|Air Balloon
|move|p2a: Jack D. Moore|Stealth Rock|p1a: Heatran
|-sidestart|p1: wish killer|move: Stealth Rock
|
|-heal|p2a: Jack D. Moore|328\/382|[from] item: Leftovers
|turn|5
|join|Cosine180
|c| Appreciation|>rocks
|
|move|p1a: Heatran|Stealth Rock|p2a: Jack D. Moore
|-sidestart|p2: Planet Hell|move: Stealth Rock
|move|p2a: Jack D. Moore|U-turn|p1a: Heatran
|-resisted|p1a: Heatran
|-damage|p1a: Heatran|325\/340
|-enditem|p1a: Heatran|Air Balloon
|c| uCan'tSeeMe|> >meme arrows
|
|switch|p2a: Robin G. Wilson|Rotom-Wash|223\/304
|-damage|p2a: Robin G. Wilson|185\/304|[from] Stealth Rock
|
|-heal|p2a: Robin G. Wilson|204\/304|[from] item: Leftovers
|turn|6
|c| CleanerThanRotom-W|he broke our balloon
|c| CleanerThanRotom-W|...
|c| CleanerThanRotom-W|buy a new one
|c| CleanerThanRotom-W|for bloody tran
|c| uCan'tSeeMe|battle maison
|
|move|p1a: Heatran|Toxic|p2a: Robin G. Wilson
|-status|p2a: Robin G. Wilson|tox
|move|p2a: Robin G. Wilson|Hydro Pump|p1a: Heatran
|-supereffective|p1a: Heatran
|-damage|p1a: Heatran|43\/340
|
|-heal|p2a: Robin G. Wilson|223\/304 tox|[from] item: Leftovers
|-damage|p2a: Robin G. Wilson|204\/304 tox|[from] psn
|turn|7
|c| uCan'tSeeMe|>not missing
|
|move|p1a: Heatran|Fire Blast|p2a: Robin G. Wilson
|-resisted|p2a: Robin G. Wilson
|-damage|p2a: Robin G. Wilson|132\/304 tox
|move|p2a: Robin G. Wilson|Volt Switch|p1a: Heatran
|-damage|p1a: Heatran|0 fnt
|faint|p1a: Heatran
|
|switch|p2a: Matthew R. Miller|Manectric, F|281\/281
|-damage|p2a: Matthew R. Miller|246\/281|[from] Stealth Rock
|
|c| CleanerThanRotom-W|>abuses the fact that he didnt miss
|join|IAmGingy
|
|switch|p1a: Venusaur|Venusaur, F|364\/364
|-damage|p1a: Venusaur|319\/364|[from] Stealth Rock
|-damage|p1a: Venusaur|274\/364|[from] Spikes
|turn|8
|c| CleanerThanRotom-W|>to his advantage
|
|detailschange|p2a: Matthew R. Miller|Manectric-Mega, F
|message|Manectric has Mega Evolved into Mega Manectric!
|-ability|p2a: Matthew R. Miller|Intimidate|[of] p1a: Venusaur
|-unboost|p1a: Venusaur|atk|1
|detailschange|p1a: Venusaur|Venusaur-Mega, F
|message|Venusaur has Mega Evolved into Mega Venusaur!
|move|p2a: Matthew R. Miller|Volt Switch|p1a: Venusaur
|-resisted|p1a: Venusaur
|-damage|p1a: Venusaur|223\/364
|c| uCan'tSeeMe|hahahah
|c| uCan'tSeeMe|>matthew r. miller
|c| uCan'tSeeMe|not knowing its called manetric
|c| CleanerThanRotom-W|or megaman
|
|switch|p2a: Andrew F. Mills|Latios, M|302\/302
|-damage|p2a: Andrew F. Mills|265\/302|[from] Stealth Rock
|move|p1a: Venusaur|Giga Drain|p2a: Andrew F. Mills
|-resisted|p2a: Andrew F. Mills
|-damage|p2a: Andrew F. Mills|217\/302
|-heal|p1a: Venusaur|247\/364|[from] drain|[of] p2a: Andrew F. Mills
|
|turn|9
|c| uCan'tSeeMe|instead giving him a stupid name
|c| CleanerThanRotom-W|giga 
|c| CleanerThanRotom-W|imo
|
|switch|p1a: Bisharp|Bisharp, M|334\/334
|-damage|p1a: Bisharp|314\/334|[from] Stealth Rock
|-damage|p1a: Bisharp|273\/334|[from] Spikes
|move|p2a: Andrew F. Mills|Psyshock|p1a: Bisharp
|-immune|p1a: Bisharp|[msg]
|
|-heal|p1a: Bisharp|293\/334|[from] item: Leftovers
|turn|10
|c| CleanerThanRotom-W|bop
|c| uCan'tSeeMe|>psyshock
|
|switch|p2a: Robin G. Wilson|Rotom-Wash|132\/304 tox
|-damage|p2a: Robin G. Wilson|94\/304 tox|[from] Stealth Rock
|move|p1a: Bisharp|Knock Off|p2a: Robin G. Wilson
|-damage|p2a: Robin G. Wilson|0 fnt
|-enditem|p2a: Robin G. Wilson|Leftovers|[from] move: Knock Off|[of] p1a: Bisharp
|faint|p2a: Robin G. Wilson
|
|-heal|p1a: Bisharp|313\/334|[from] item: Leftovers
|c| CleanerThanRotom-W|plays on top of plays
|
|switch|p2a: Alistar B. Jackson|Greninja, F|286\/286
|-damage|p2a: Alistar B. Jackson|251\/286|[from] Stealth Rock
|turn|11
|
|move|p2a: Alistar B. Jackson|Hydro Pump|p1a: Bisharp
|-start|p2a: Alistar B. Jackson|typechange|Water|[from] Protean
|-damage|p1a: Bisharp|17\/334
|-damage|p2a: Alistar B. Jackson|223\/286|[from] item: Life Orb
|move|p1a: Bisharp|Knock Off|p2a: Alistar B. Jackson
|-damage|p2a: Alistar B. Jackson|0 fnt
|-enditem|p2a: Alistar B. Jackson|Life Orb|[from] move: Knock Off|[of] p1a: Bisharp
|faint|p2a: Alistar B. Jackson
|
|-heal|p1a: Bisharp|37\/334|[from] item: Leftovers
|
|switch|p2a: Bruce J. Carter|Bisharp, M|272\/272
|-damage|p2a: Bruce J. Carter|255\/272|[from] Stealth Rock
|turn|12
|c| uCan'tSeeMe|>thinking that greninja is the counter
|
|move|p2a: Bruce J. Carter|Knock Off|p1a: Bisharp
|-resisted|p1a: Bisharp
|-damage|p1a: Bisharp|0 fnt
|-enditem|p1a: Bisharp|Leftovers|[from] move: Knock Off|[of] p2a: Bruce J. Carter
|-damage|p2a: Bruce J. Carter|228\/272|[from] item: Life Orb
|faint|p1a: Bisharp
|
|c| CleanerThanRotom-W|>going into a non bloody sharp
|
|switch|p1a: Skarmory|Skarmory, M|334\/334
|-damage|p1a: Skarmory|293\/334|[from] Stealth Rock
|turn|13
|join|Biz
|
|switch|p2a: Matthew R. Miller|Manectric-Mega, F|246\/281
|-damage|p2a: Matthew R. Miller|211\/281|[from] Stealth Rock
|-ability|p2a: Matthew R. Miller|Intimidate|[of] p1a: Skarmory
|-unboost|p1a: Skarmory|atk|1
|move|p1a: Skarmory|Spikes|p2a: Matthew R. Miller
|-sidestart|p2: Planet Hell|Spikes
|
|turn|14
|
|switch|p1a: Venusaur|Venusaur-Mega, F|247\/364
|-damage|p1a: Venusaur|202\/364|[from] Spikes
|-damage|p1a: Venusaur|157\/364|[from] Stealth Rock
|move|p2a: Matthew R. Miller|Volt Switch|p1a: Venusaur
|-resisted|p1a: Venusaur
|-damage|p1a: Venusaur|101\/364
|c| uCan'tSeeMe|my venu
|
|switch|p2a: Andrew F. Mills|Latios, M|217\/302
|-damage|p2a: Andrew F. Mills|180\/302|[from] Stealth Rock
|
|turn|15
|c| uCan'tSeeMe|dont die
|
|move|p2a: Andrew F. Mills|Psyshock|p1a: Venusaur
|-supereffective|p1a: Venusaur
|-damage|p1a: Venusaur|0 fnt
|faint|p1a: Venusaur
|
|
|switch|p1a: Chansey|Chansey, F|633\/684
|-damage|p1a: Chansey|548\/684|[from] Stealth Rock
|-damage|p1a: Chansey|463\/684|[from] Spikes
|turn|16
|
|switch|p2a: Bruce J. Carter|Bisharp, M|228\/272
|-damage|p2a: Bruce J. Carter|211\/272|[from] Stealth Rock
|-damage|p2a: Bruce J. Carter|177\/272|[from] Spikes
|move|p1a: Chansey|Soft-Boiled|p1a: Chansey
|-heal|p1a: Chansey|684\/684
|
|turn|17
|
|switch|p1a: Keldeo|Keldeo|323\/323
|-damage|p1a: Keldeo|283\/323|[from] Spikes
|-damage|p1a: Keldeo|263\/323|[from] Stealth Rock
|move|p2a: Bruce J. Carter|Knock Off|p1a: Keldeo
|-resisted|p1a: Keldeo
|-damage|p1a: Keldeo|134\/323
|-boost|p1a: Keldeo|atk|1|[from] ability: Justified
|-enditem|p1a: Keldeo|Leftovers|[from] move: Knock Off|[of] p2a: Bruce J. Carter
|-damage|p2a: Bruce J. Carter|150\/272|[from] item: Life Orb
|
|turn|18
|
|switch|p2a: Andrew F. Mills|Latios, M|180\/302
|-damage|p2a: Andrew F. Mills|143\/302|[from] Stealth Rock
|move|p1a: Keldeo|Scald|p2a: Andrew F. Mills
|-resisted|p2a: Andrew F. Mills
|-damage|p2a: Andrew F. Mills|83\/302
|
|turn|19
|c| uCan'tSeeMe|>defeating bloody
|
|move|p2a: Andrew F. Mills|Trick|p1a: Keldeo
|-activate|p2a: Andrew F. Mills|move: Trick|[of] p1a: Keldeo
|-item|p1a: Keldeo|Choice Scarf|[from] move: Trick
|move|p1a: Keldeo|Scald|p2a: Andrew F. Mills
|-resisted|p2a: Andrew F. Mills
|-damage|p2a: Andrew F. Mills|20\/302
|
|turn|20
|c| uCan'tSeeMe|>tricking
|
|move|p1a: Keldeo|Scald|p2a: Andrew F. Mills
|-resisted|p2a: Andrew F. Mills
|-damage|p2a: Andrew F. Mills|0 fnt
|faint|p2a: Andrew F. Mills
|
|
|switch|p2a: Matthew R. Miller|Manectric-Mega, F|211\/281
|-damage|p2a: Matthew R. Miller|176\/281|[from] Stealth Rock
|-damage|p2a: Matthew R. Miller|141\/281|[from] Spikes
|-ability|p2a: Matthew R. Miller|Intimidate|[of] p1a: Keldeo
|-unboost|p1a: Keldeo|atk|1
|turn|21
|c| CleanerThanRotom-W|nice trick
|c| uCan'tSeeMe|lol what kind of play was that
|
|move|p1a: Keldeo|Scald|p2a: Matthew R. Miller
|-damage|p2a: Matthew R. Miller|0 fnt
|faint|p2a: Matthew R. Miller
|
|c| uCan'tSeeMe|so bad
|c|âPlanet Hell|It was necessary 
|c| uCan'tSeeMe|why
|-message|Planet Hell forfeited.
|
|win|wish killer
|raw|Ladder updating...
|leave|Planet Hell
|player|p2
|raw|wish killer's rating: 1917 &rarr; <strong>1931<\/strong><br \/>(+14 for winning)
|raw|Planet Hell's rating: 1808 &rarr; <strong>1794<\/strong><br \/>(-14 for losing)