|join|lil manaphy
|join|Planet Hell
|player|p1|lil manaphy|6
|player|p2|Planet Hell|190
|gametype|singles
|gen|6
|tier|OU
|rated
|clearpoke
|poke|p1|Scizor, F
|poke|p1|Gothitelle, F
|poke|p1|Chansey, F
|poke|p1|Alomomola, F
|poke|p1|Cresselia, F
|poke|p1|Zapdos
|poke|p2|Manectric, M
|poke|p2|Landorus-Therian, M
|poke|p2|Greninja, F
|poke|p2|Rotom-Wash
|poke|p2|Bisharp, F
|poke|p2|Latios, M
|rule|Swagger Clause: Swagger is banned
|rule|Baton Pass Clause: Limit one PokÃ©mon knowing Baton Pass
|rule|Sleep Clause Mod: Limit one foe put to sleep
|rule|Species Clause: Limit one of each PokÃ©mon
|rule|OHKO Clause: OHKO moves are banned
|rule|Moody Clause: Moody is banned
|rule|Evasion Moves Clause: Evasion moves are banned
|rule|Endless Battle Clause: Forcing endless battles is banned
|rule|HP Percentage Mod: HP is shown in percentages
|teampreview
|
|start
|switch|p1a: Chansey|Chansey, F|704\/704
|switch|p2a: Jack D. Moore|Landorus-Therian, M|382\/382
|-ability|p2a: Jack D. Moore|Intimidate|[of] p1a: Chansey
|-unboost|p1a: Chansey|atk|1
|turn|1
|
|move|p2a: Jack D. Moore|Stealth Rock|p1a: Chansey
|-sidestart|p1: lil manaphy|move: Stealth Rock
|move|p1a: Chansey|Toxic|p2a: Jack D. Moore
|-status|p2a: Jack D. Moore|tox
|
|-damage|p2a: Jack D. Moore|359\/382 tox|[from] psn
|turn|2
|
|move|p2a: Jack D. Moore|U-turn|p1a: Chansey
|-damage|p1a: Chansey|609\/704
|
|switch|p2a: Bruce J. Carter|Bisharp, F|272\/272
|move|p1a: Chansey|Stealth Rock|p2a: Bruce J. Carter
|-sidestart|p2: Planet Hell|move: Stealth Rock
|
|turn|3
|
|switch|p2a: Matthew R. Miller|Manectric, M|281\/281
|-damage|p2a: Matthew R. Miller|246\/281|[from] Stealth Rock
|switch|p1a: Scizor|Scizor, F|344\/344
|-damage|p1a: Scizor|301\/344|[from] Stealth Rock
|
|turn|4
|
|switch|p1a: Cresselia|Cresselia, F|444\/444
|-damage|p1a: Cresselia|389\/444|[from] Stealth Rock
|detailschange|p2a: Matthew R. Miller|Manectric-Mega, M
|message|Manectric has Mega Evolved into Mega Manectric!
|-ability|p2a: Matthew R. Miller|Intimidate|[of] p1a: Cresselia
|-unboost|p1a: Cresselia|atk|1
|move|p2a: Matthew R. Miller|Volt Switch|p1a: Cresselia
|-damage|p1a: Cresselia|308\/444
|
|switch|p2a: Bruce J. Carter|Bisharp, F|272\/272
|-damage|p2a: Bruce J. Carter|255\/272|[from] Stealth Rock
|
|-heal|p1a: Cresselia|335\/444|[from] item: Leftovers
|turn|5
|
|move|p2a: Bruce J. Carter|Pursuit|p1a: Cresselia|[from]Pursuit
|-crit|p1a: Cresselia
|-supereffective|p1a: Cresselia
|-damage|p1a: Cresselia|0 fnt
|-damage|p2a: Bruce J. Carter|228\/272|[from] item: Life Orb
|faint|p1a: Cresselia
|
|
|switch|p1a: Scizor|Scizor, F|301\/344
|-damage|p1a: Scizor|258\/344|[from] Stealth Rock
|turn|6
|
|switch|p2a: Robin G. Wilson|Rotom-Wash|304\/304
|-damage|p2a: Robin G. Wilson|266\/304|[from] Stealth Rock
|detailschange|p1a: Scizor|Scizor-Mega, F
|message|Scizor has Mega Evolved into Mega Scizor!
|move|p1a: Scizor|Superpower|p2a: Robin G. Wilson
|-damage|p2a: Robin G. Wilson|168\/304
|-unboost|p1a: Scizor|atk|1
|-unboost|p1a: Scizor|def|1
|
|-heal|p2a: Robin G. Wilson|187\/304|[from] item: Leftovers
|turn|7
|
|switch|p1a: Zapdos|Zapdos|384\/384
|-damage|p1a: Zapdos|288\/384|[from] Stealth Rock
|-ability|p1a: Zapdos|Pressure
|move|p2a: Robin G. Wilson|Pain Split|p1a: Zapdos
|-sethp|p1a: Zapdos|237\/384|p2a: Robin G. Wilson|237\/304|[from] move: Pain Split
|
|-heal|p1a: Zapdos|261\/384|[from] item: Leftovers
|-heal|p2a: Robin G. Wilson|256\/304|[from] item: Leftovers
|turn|8
|
|move|p1a: Zapdos|Defog|p2a: Robin G. Wilson
|-unboost|p2a: Robin G. Wilson|evasion|1
|-sideend|p2: Planet Hell|Stealth Rock|[from] move: Defog|[of] p2a: Robin G. Wilson
|-sideend|p1: lil manaphy|Stealth Rock|[from] move: Defog|[of] p1a: Zapdos
|move|p2a: Robin G. Wilson|Volt Switch|p1a: Zapdos
|-damage|p1a: Zapdos|170\/384
|
|switch|p2a: Alistar B. Jackson|Greninja, F|286\/286
|
|-heal|p1a: Zapdos|194\/384|[from] item: Leftovers
|turn|9
|
|switch|p1a: Chansey|Chansey, F|609\/704
|move|p2a: Alistar B. Jackson|Spikes|p1a: Chansey
|-start|p2a: Alistar B. Jackson|typechange|Ground|[from] Protean
|-sidestart|p1: lil manaphy|Spikes
|
|turn|10
|
|switch|p2a: Bruce J. Carter|Bisharp, F|228\/272
|move|p1a: Chansey|Stealth Rock|p2a: Bruce J. Carter
|-sidestart|p2: Planet Hell|move: Stealth Rock
|
|turn|11
|
|move|p2a: Bruce J. Carter|Knock Off|p1a: Chansey
|-damage|p1a: Chansey|313\/704
|-enditem|p1a: Chansey|Eviolite|[from] move: Knock Off|[of] p2a: Bruce J. Carter
|-damage|p2a: Bruce J. Carter|201\/272|[from] item: Life Orb
|move|p1a: Chansey|Seismic Toss|p2a: Bruce J. Carter
|-damage|p2a: Bruce J. Carter|101\/272
|
|turn|12
|
|move|p2a: Bruce J. Carter|Iron Head|p1a: Chansey
|-damage|p1a: Chansey|0 fnt
|-damage|p2a: Bruce J. Carter|74\/272|[from] item: Life Orb
|faint|p1a: Chansey
|
|
|switch|p1a: Scizor|Scizor-Mega, F|258\/344
|-damage|p1a: Scizor|215\/344|[from] Spikes
|turn|13
|-message|lil manaphy forfeited.
|
|win|Planet Hell
|raw|Ladder updating...
|leave|lil manaphy
|player|p1
|raw|lil manaphy's rating: 1912 &rarr; <strong>1884<\/strong><br \/>(-28 for losing)
|raw|Planet Hell's rating: 1769 &rarr; <strong>1797<\/strong><br \/>(+28 for winning)