|join|Planet Hell
|join|1800Rekt
|player|p1|Planet Hell|190
|player|p2|1800Rekt|270
|gametype|singles
|gen|6
|tier|OU
|rated
|clearpoke
|poke|p1|Rotom-Wash
|poke|p1|Greninja, F
|poke|p1|Landorus-Therian, M
|poke|p1|Empoleon, M
|poke|p1|Metagross
|poke|p1|Gengar, F
|poke|p2|Sceptile, F, shiny
|poke|p2|Rotom-Wash, shiny
|poke|p2|Landorus-Therian, M, shiny
|poke|p2|Empoleon, M, shiny
|poke|p2|Conkeldurr, M
|poke|p2|Victini
|rule|Swagger Clause: Swagger is banned
|rule|Baton Pass Clause: Limit one PokÃ©mon knowing Baton Pass
|rule|Sleep Clause Mod: Limit one foe put to sleep
|rule|Species Clause: Limit one of each PokÃ©mon
|rule|OHKO Clause: OHKO moves are banned
|rule|Moody Clause: Moody is banned
|rule|Evasion Moves Clause: Evasion moves are banned
|rule|Endless Battle Clause: Forcing endless battles is banned
|rule|HP Percentage Mod: HP is shown in percentages
|teampreview
|
|start
|switch|p1a: Landorus-Therian|Landorus-Therian, M|325\/325
|switch|p2a: Rotom-Wash|Rotom-Wash, shiny|304\/304
|-ability|p1a: Landorus-Therian|Intimidate|[of] p2a: Rotom-Wash
|-unboost|p2a: Rotom-Wash|atk|1
|turn|1
|
|move|p1a: Landorus-Therian|U-turn|p2a: Rotom-Wash
|-damage|p2a: Rotom-Wash|241\/304
|
|switch|p1a: Rotom-Wash|Rotom-Wash|304\/304
|move|p2a: Rotom-Wash|Volt Switch|p1a: Rotom-Wash
|-damage|p1a: Rotom-Wash|223\/304
|
|switch|p2a: Sceptile|Sceptile, F, shiny|285\/285
|
|-heal|p1a: Rotom-Wash|242\/304|[from] item: Leftovers
|turn|2
|
|switch|p1a: Metagross|Metagross|302\/302
|detailschange|p2a: Sceptile|Sceptile-Mega, F, shiny
|message|Sceptile has Mega Evolved into Mega Sceptile!
|move|p2a: Sceptile|Giga Drain|p1a: Metagross
|-resisted|p1a: Metagross
|-damage|p1a: Metagross|218\/302
|
|turn|3
|
|switch|p2a: Rotom-Wash|Rotom-Wash, shiny|241\/304
|detailschange|p1a: Metagross|Metagross-Mega
|message|Metagross has Mega Evolved into Mega Metagross!
|move|p1a: Metagross|Zen Headbutt|p2a: Rotom-Wash
|-damage|p2a: Rotom-Wash|93\/304
|
|-heal|p2a: Rotom-Wash|112\/304|[from] item: Leftovers
|turn|4
|
|move|p1a: Metagross|Zen Headbutt|p2a: Rotom-Wash
|-damage|p2a: Rotom-Wash|0 fnt
|faint|p2a: Rotom-Wash
|
|
|switch|p2a: Landorus-Therian|Landorus-Therian, M, shiny|327\/327
|-ability|p2a: Landorus-Therian|Intimidate|[of] p1a: Metagross
|-unboost|p1a: Metagross|atk|1
|turn|5
|
|switch|p1a: Landorus-Therian|Landorus-Therian, M|325\/325
|-ability|p1a: Landorus-Therian|Intimidate|[of] p2a: Landorus-Therian
|-unboost|p2a: Landorus-Therian|atk|1
|move|p2a: Landorus-Therian|U-turn|p1a: Landorus-Therian
|-resisted|p1a: Landorus-Therian
|-damage|p1a: Landorus-Therian|291\/325
|
|switch|p2a: Conkeldurr|Conkeldurr, M|400\/400
|
|turn|6
|
|move|p1a: Landorus-Therian|U-turn|p2a: Conkeldurr
|-resisted|p2a: Conkeldurr
|-damage|p2a: Conkeldurr|354\/400
|
|switch|p1a: Rotom-Wash|Rotom-Wash|242\/304
|move|p2a: Conkeldurr|Drain Punch|p1a: Rotom-Wash
|-damage|p1a: Rotom-Wash|136\/304
|-heal|p2a: Conkeldurr|400\/400|[from] drain|[of] p1a: Rotom-Wash
|
|-heal|p1a: Rotom-Wash|155\/304|[from] item: Leftovers
|turn|7
|
|switch|p2a: Sceptile|Sceptile-Mega, F, shiny|285\/285
|move|p1a: Rotom-Wash|Pain Split|p2a: Sceptile
|-sethp|p2a: Sceptile|220\/285|p1a: Rotom-Wash|220\/304|[from] move: Pain Split
|
|-heal|p1a: Rotom-Wash|239\/304|[from] item: Leftovers
|turn|8
|
|switch|p1a: Landorus-Therian|Landorus-Therian, M|291\/325
|-ability|p1a: Landorus-Therian|Intimidate|[of] p2a: Sceptile
|-unboost|p2a: Sceptile|atk|1
|move|p2a: Sceptile|Hidden Power|p1a: Landorus-Therian
|-damage|p1a: Landorus-Therian|190\/325
|
|turn|9
|
|switch|p2a: Landorus-Therian|Landorus-Therian, M, shiny|327\/327
|-ability|p2a: Landorus-Therian|Intimidate|[of] p1a: Landorus-Therian
|-unboost|p1a: Landorus-Therian|atk|1
|move|p1a: Landorus-Therian|U-turn|p2a: Landorus-Therian
|-crit|p2a: Landorus-Therian
|-resisted|p2a: Landorus-Therian
|-damage|p2a: Landorus-Therian|258\/327
|
|switch|p1a: Rotom-Wash|Rotom-Wash|239\/304
|
|-heal|p1a: Rotom-Wash|258\/304|[from] item: Leftovers
|turn|10
|join|Brewmaster
|
|move|p2a: Landorus-Therian|U-turn|p1a: Rotom-Wash
|-damage|p1a: Rotom-Wash|191\/304
|
|switch|p2a: Conkeldurr|Conkeldurr, M|400\/400
|move|p1a: Rotom-Wash|Will-O-Wisp|p2a: Conkeldurr
|-status|p2a: Conkeldurr|brn
|
|-heal|p1a: Rotom-Wash|210\/304|[from] item: Leftovers
|-damage|p2a: Conkeldurr|350\/400 brn|[from] brn
|turn|11
|
|move|p1a: Rotom-Wash|Pain Split|p2a: Conkeldurr
|-sethp|p2a: Conkeldurr|280\/400 brn|p1a: Rotom-Wash|280\/304|[from] move: Pain Split
|move|p2a: Conkeldurr|Drain Punch|p1a: Rotom-Wash
|-damage|p1a: Rotom-Wash|106\/304
|-heal|p2a: Conkeldurr|367\/400 brn|[from] drain|[of] p1a: Rotom-Wash
|
|-heal|p1a: Rotom-Wash|125\/304|[from] item: Leftovers
|-damage|p2a: Conkeldurr|317\/400 brn|[from] brn
|turn|12
|
|move|p1a: Rotom-Wash|Pain Split|p2a: Conkeldurr
|-sethp|p2a: Conkeldurr|221\/400 brn|p1a: Rotom-Wash|221\/304|[from] move: Pain Split
|move|p2a: Conkeldurr|Drain Punch|p1a: Rotom-Wash
|-damage|p1a: Rotom-Wash|47\/304
|-heal|p2a: Conkeldurr|308\/400 brn|[from] drain|[of] p1a: Rotom-Wash
|
|-heal|p1a: Rotom-Wash|66\/304|[from] item: Leftovers
|-damage|p2a: Conkeldurr|258\/400 brn|[from] brn
|turn|13
|
|switch|p1a: Gengar|Gengar, F|261\/261
|move|p2a: Conkeldurr|Mach Punch|p1a: Gengar
|-immune|p1a: Gengar|[msg]
|
|-damage|p2a: Conkeldurr|208\/400 brn|[from] brn
|turn|14
|
|switch|p1a: Rotom-Wash|Rotom-Wash|66\/304
|move|p2a: Conkeldurr|Ice Punch|p1a: Rotom-Wash
|-resisted|p1a: Rotom-Wash
|-damage|p1a: Rotom-Wash|8\/304
|
|-heal|p1a: Rotom-Wash|27\/304|[from] item: Leftovers
|-damage|p2a: Conkeldurr|158\/400 brn|[from] brn
|turn|15
|
|move|p1a: Rotom-Wash|Hydro Pump|p2a: Conkeldurr|[miss]
|-miss|p1a: Rotom-Wash|p2a: Conkeldurr
|move|p2a: Conkeldurr|Ice Punch|p1a: Rotom-Wash
|-crit|p1a: Rotom-Wash
|-resisted|p1a: Rotom-Wash
|-damage|p1a: Rotom-Wash|0 fnt
|faint|p1a: Rotom-Wash
|
|-damage|p2a: Conkeldurr|108\/400 brn|[from] brn
|
|switch|p1a: Gengar|Gengar, F|261\/261
|turn|16
|
|switch|p2a: Empoleon|Empoleon, M, shiny|372\/372
|move|p1a: Gengar|Shadow Ball|p2a: Empoleon
|-damage|p2a: Empoleon|238\/372
|-damage|p1a: Gengar|235\/261|[from] item: Life Orb
|
|-heal|p2a: Empoleon|261\/372|[from] item: Leftovers
|turn|17
|
|move|p1a: Gengar|Focus Blast|p2a: Empoleon
|-supereffective|p2a: Empoleon
|-damage|p2a: Empoleon|0 fnt
|-damage|p1a: Gengar|209\/261|[from] item: Life Orb
|faint|p2a: Empoleon
|
|
|switch|p2a: Sceptile|Sceptile-Mega, F, shiny|220\/285
|turn|18
|
|switch|p1a: Empoleon|Empoleon, M|371\/371
|move|p2a: Sceptile|Dragon Pulse|p1a: Empoleon
|-resisted|p1a: Empoleon
|-damage|p1a: Empoleon|311\/371
|
|-heal|p1a: Empoleon|334\/371|[from] item: Leftovers
|turn|19
|
|move|p2a: Sceptile|Giga Drain|p1a: Empoleon
|-damage|p1a: Empoleon|226\/371
|-heal|p2a: Sceptile|274\/285|[from] drain|[of] p1a: Empoleon
|move|p1a: Empoleon|Stealth Rock|p2a: Sceptile
|-sidestart|p2: 1800Rekt|move: Stealth Rock
|
|-heal|p1a: Empoleon|249\/371|[from] item: Leftovers
|turn|20
|
|move|p2a: Sceptile|Earthquake|p1a: Empoleon
|-supereffective|p1a: Empoleon
|-damage|p1a: Empoleon|53\/371
|move|p1a: Empoleon|Toxic|p2a: Sceptile
|-status|p2a: Sceptile|tox
|
|-heal|p1a: Empoleon|76\/371|[from] item: Leftovers
|-damage|p2a: Sceptile|257\/285 tox|[from] psn
|turn|21
|
|move|p2a: Sceptile|Giga Drain|p1a: Empoleon
|-damage|p1a: Empoleon|0 fnt
|-heal|p2a: Sceptile|285\/285 tox|[from] drain|[of] p1a: Empoleon
|faint|p1a: Empoleon
|
|-damage|p2a: Sceptile|251\/285 tox|[from] psn
|
|switch|p1a: Landorus-Therian|Landorus-Therian, M|190\/325
|-ability|p1a: Landorus-Therian|Intimidate|[of] p2a: Sceptile
|-unboost|p2a: Sceptile|atk|1
|turn|22
|
|switch|p2a: Landorus-Therian|Landorus-Therian, M, shiny|258\/327
|-damage|p2a: Landorus-Therian|218\/327|[from] Stealth Rock
|-ability|p2a: Landorus-Therian|Intimidate|[of] p1a: Landorus-Therian
|-unboost|p1a: Landorus-Therian|atk|1
|move|p1a: Landorus-Therian|U-turn|p2a: Landorus-Therian
|-resisted|p2a: Landorus-Therian
|-damage|p2a: Landorus-Therian|183\/327
|
|switch|p1a: Metagross|Metagross-Mega|218\/302
|
|turn|23
|
|move|p2a: Landorus-Therian|U-turn|p1a: Metagross
|-damage|p1a: Metagross|153\/302
|
|switch|p2a: Victini|Victini|355\/355
|-damage|p2a: Victini|267\/355|[from] Stealth Rock
|move|p1a: Metagross|Earthquake|p2a: Victini
|-supereffective|p2a: Victini
|-damage|p2a: Victini|0 fnt
|faint|p2a: Victini
|
|
|switch|p2a: Conkeldurr|Conkeldurr, M|108\/400 brn
|-damage|p2a: Conkeldurr|83\/400 brn|[from] Stealth Rock
|turn|24
|
|move|p2a: Conkeldurr|Mach Punch|p1a: Metagross
|-damage|p1a: Metagross|68\/302
|move|p1a: Metagross|Earthquake|p2a: Conkeldurr
|-damage|p2a: Conkeldurr|0 fnt
|faint|p2a: Conkeldurr
|
|
|switch|p2a: Sceptile|Sceptile-Mega, F, shiny|251\/285 tox
|-damage|p2a: Sceptile|216\/285 tox|[from] Stealth Rock
|turn|25
|
|move|p2a: Sceptile|Hidden Power|p1a: Metagross
|-supereffective|p1a: Metagross
|-damage|p1a: Metagross|0 fnt
|faint|p1a: Metagross
|
|-damage|p2a: Sceptile|199\/285 tox|[from] psn
|
|switch|p1a: Landorus-Therian|Landorus-Therian, M|190\/325
|-ability|p1a: Landorus-Therian|Intimidate|[of] p2a: Sceptile
|-unboost|p2a: Sceptile|atk|1
|turn|26
|
|switch|p2a: Landorus-Therian|Landorus-Therian, M, shiny|183\/327
|-damage|p2a: Landorus-Therian|143\/327|[from] Stealth Rock
|-ability|p2a: Landorus-Therian|Intimidate|[of] p1a: Landorus-Therian
|-unboost|p1a: Landorus-Therian|atk|1
|move|p1a: Landorus-Therian|U-turn|p2a: Landorus-Therian
|-resisted|p2a: Landorus-Therian
|-damage|p2a: Landorus-Therian|108\/327
|
|switch|p1a: Gengar|Gengar, F|209\/261
|
|turn|27
|
|move|p2a: Landorus-Therian|Explosion|p1a: Gengar
|-immune|p1a: Gengar|[msg]
|faint|p2a: Landorus-Therian
|move|p1a: Gengar|Shadow Ball|p2: Landorus-Therian|[notarget]
|-notarget
|
|-message|1800Rekt forfeited.
|
|win|Planet Hell
|raw|Ladder updating...
|leave|1800Rekt
|player|p2
|raw|Planet Hell's rating: 1761 &rarr; <strong>1770<\/strong><br \/>(+9 for winning)
|raw|1800Rekt's rating: 1560 &rarr; <strong>1550<\/strong><br \/>(-10 for losing)