|join|PikachuCandyã
|join|Planet Hell
|player|p1|PikachuCandyã|179
|player|p2|Planet Hell|190
|gametype|singles
|gen|6
|tier|OU
|rated
|clearpoke
|poke|p1|Smeargle, M, shiny
|poke|p1|Thundurus, M
|poke|p1|Whimsicott, F, shiny
|poke|p1|Gothitelle, M, shiny
|poke|p1|Espeon, F, shiny
|poke|p1|Azelf
|poke|p2|Manectric, M
|poke|p2|Landorus-Therian, M
|poke|p2|Greninja, F
|poke|p2|Rotom-Wash
|poke|p2|Bisharp, M
|poke|p2|Latios, M
|rule|Swagger Clause: Swagger is banned
|rule|Baton Pass Clause: Limit one PokÃ©mon knowing Baton Pass
|rule|Sleep Clause Mod: Limit one foe put to sleep
|rule|Species Clause: Limit one of each PokÃ©mon
|rule|OHKO Clause: OHKO moves are banned
|rule|Moody Clause: Moody is banned
|rule|Evasion Moves Clause: Evasion moves are banned
|rule|Endless Battle Clause: Forcing endless battles is banned
|rule|HP Percentage Mod: HP is shown in percentages
|teampreview
PikachuCandyã made this room private.
|
|start
|switch|p1a: ThunThunThun|Thundurus, M|300\/300
|switch|p2a: Jack D. Moore|Landorus-Therian, M|382\/382
|-ability|p2a: Jack D. Moore|Intimidate|[of] p1a: ThunThunThun
|-unboost|p1a: ThunThunThun|atk|1
|turn|1
|
|switch|p2a: Matthew R. Miller|Manectric, M|281\/281
|move|p1a: ThunThunThun|Hidden Power|p2a: Matthew R. Miller
|-crit|p2a: Matthew R. Miller
|-damage|p2a: Matthew R. Miller|133\/281
|
|turn|2
|
|detailschange|p2a: Matthew R. Miller|Manectric-Mega, M
|message|Manectric has Mega Evolved into Mega Manectric!
|-ability|p2a: Matthew R. Miller|Intimidate|[of] p1a: ThunThunThun
|-unboost|p1a: ThunThunThun|atk|1
|move|p1a: ThunThunThun|Hidden Power|p2a: Matthew R. Miller
|-damage|p2a: Matthew R. Miller|50\/281
|move|p2a: Matthew R. Miller|Thunderbolt|p1a: ThunThunThun
|-damage|p1a: ThunThunThun|111\/300
|
|turn|3
|
|move|p2a: Matthew R. Miller|Thunderbolt|p1a: ThunThunThun
|-damage|p1a: ThunThunThun|0 fnt
|faint|p1a: ThunThunThun
|
|
|switch|p1a: Happy|Azelf|291\/291
|turn|4
|
|move|p2a: Matthew R. Miller|Thunderbolt|p1a: Happy
|-damage|p1a: Happy|122\/291
|move|p1a: Happy|Light Screen|p1a: Happy
|-sidestart|p1: PikachuCandyã|move: Light Screen
|
|turn|5
|
|move|p2a: Matthew R. Miller|Thunderbolt|p1a: Happy
|-damage|p1a: Happy|47\/291
|-status|p1a: Happy|par
|move|p1a: Happy|Reflect|p1a: Happy
|-sidestart|p1: PikachuCandyã|Reflect
|
|turn|6
|
|move|p2a: Matthew R. Miller|Volt Switch|p1a: Happy
|-crit|p1a: Happy
|-damage|p1a: Happy|0 fnt
|faint|p1a: Happy
|
|switch|p2a: Jack D. Moore|Landorus-Therian, M|382\/382
|
|
|switch|p1a: Whimsiâ©|Whimsicott, F, shiny|261\/261
|turn|7
|
|move|p1a: Whimsiâ©|Memento|p2a: Jack D. Moore
|-unboost|p2a: Jack D. Moore|atk|2
|-unboost|p2a: Jack D. Moore|spa|2
|faint|p1a: Whimsiâ©
|move|p2a: Jack D. Moore|Stealth Rock|p1: Whimsiâ©
|-sidestart|p1: PikachuCandyã|move: Stealth Rock
|
|
|switch|p1a: SpotOn|Smeargle, M, shiny|251\/251
|-damage|p1a: SpotOn|220\/251|[from] Stealth Rock
|turn|8
|
|move|p1a: SpotOn|Geomancy|p1a: SpotOn|[still]
|-prepare|p1a: SpotOn|Geomancy|p1a: SpotOn
|-enditem|p1a: SpotOn|Power Herb
|-anim|p1a: SpotOn|Geomancy|p1a: SpotOn
|-boost|p1a: SpotOn|spa|2
|-boost|p1a: SpotOn|spd|2
|-boost|p1a: SpotOn|spe|2
|move|p2a: Jack D. Moore|U-turn|p1a: SpotOn
|-damage|p1a: SpotOn|197\/251
|
|switch|p2a: Andrew F. Mills|Latios, M|302\/302
|
|turn|9
|
|move|p2a: Andrew F. Mills|Trick|p1a: SpotOn
|-activate|p2a: Andrew F. Mills|move: Trick|[of] p1a: SpotOn
|-item|p1a: SpotOn|Choice Scarf|[from] move: Trick
|move|p1a: SpotOn|Cotton Guard|p1a: SpotOn
|-boost|p1a: SpotOn|def|3
|
|turn|10
|-message|PikachuCandyã forfeited.
|
|win|Planet Hell
|raw|Ladder updating...
|leave|PikachuCandyã
|player|p1
|raw|PikachuCandyã's rating: 1816 &rarr; <strong>1797<\/strong><br \/>(-19 for losing)
|raw|Planet Hell's rating: 1819 &rarr; <strong>1839<\/strong><br \/>(+20 for winning)