|join|Planet Hell
|join|illestt
|player|p1|Planet Hell|190
|player|p2|illestt|148
|gametype|singles
|gen|6
|tier|OU
|rated
|clearpoke
|poke|p1|Manectric, M
|poke|p1|Landorus-Therian, M
|poke|p1|Greninja, F
|poke|p1|Rotom-Wash
|poke|p1|Bisharp, M
|poke|p1|Latios, M
|poke|p2|Jirachi
|poke|p2|Tyranitar, F
|poke|p2|Keldeo-Resolute
|poke|p2|Gengar, F
|poke|p2|Landorus-Therian, M
|poke|p2|Mew
|rule|Swagger Clause: Swagger is banned
|rule|Baton Pass Clause: Limit one PokÃ©mon knowing Baton Pass
|rule|Sleep Clause Mod: Limit one foe put to sleep
|rule|Species Clause: Limit one of each PokÃ©mon
|rule|OHKO Clause: OHKO moves are banned
|rule|Moody Clause: Moody is banned
|rule|Evasion Moves Clause: Evasion moves are banned
|rule|Endless Battle Clause: Forcing endless battles is banned
|rule|HP Percentage Mod: HP is shown in percentages
|teampreview
|
|start
|switch|p1a: Alistar B. Jackson|Greninja, F|286\/286
|switch|p2a: Keldeo-Resolute|Keldeo-Resolute|323\/323
|turn|1
|
|switch|p2a: Mew|Mew|403\/403
|move|p1a: Alistar B. Jackson|Spikes|p2a: Mew
|-start|p1a: Alistar B. Jackson|typechange|Ground|[from] Protean
|-sidestart|p2: illestt|Spikes
|
|turn|2
|
|switch|p1a: Robin G. Wilson|Rotom-Wash|304\/304
|move|p2a: Mew|Knock Off|p1a: Robin G. Wilson
|-damage|p1a: Robin G. Wilson|253\/304
|-enditem|p1a: Robin G. Wilson|Leftovers|[from] move: Knock Off|[of] p2a: Mew
|
|turn|3
|
|move|p2a: Mew|Taunt|p1a: Robin G. Wilson
|-start|p1a: Robin G. Wilson|move: Taunt
|move|p1a: Robin G. Wilson|Volt Switch|p2a: Mew
|-damage|p2a: Mew|331\/403
|
|switch|p1a: Matthew R. Miller|Manectric, M|281\/281
|
|-heal|p2a: Mew|356\/403|[from] item: Leftovers
|turn|4
|
|detailschange|p1a: Matthew R. Miller|Manectric-Mega, M
|message|Manectric has Mega Evolved into Mega Manectric!
|-ability|p1a: Matthew R. Miller|Intimidate|[of] p2a: Mew
|-unboost|p2a: Mew|atk|1
|move|p1a: Matthew R. Miller|Volt Switch|p2a: Mew
|-damage|p2a: Mew|250\/403
|
|switch|p1a: Andrew F. Mills|Latios, M|302\/302
|move|p2a: Mew|Roost|p2a: Mew
|-heal|p2a: Mew|403\/403
|
|turn|5
|
|move|p1a: Andrew F. Mills|Trick|p2a: Mew
|-activate|p1a: Andrew F. Mills|move: Trick|[of] p2a: Mew
|-item|p2a: Mew|Choice Scarf|[from] move: Trick
|-item|p1a: Andrew F. Mills|Leftovers|[from] move: Trick
|move|p2a: Mew|Knock Off|p1a: Andrew F. Mills
|-supereffective|p1a: Andrew F. Mills
|-damage|p1a: Andrew F. Mills|178\/302
|-enditem|p1a: Andrew F. Mills|Leftovers|[from] move: Knock Off|[of] p2a: Mew
|
|turn|6
|
|switch|p1a: Jack D. Moore|Landorus-Therian, M|382\/382
|-ability|p1a: Jack D. Moore|Intimidate|[of] p2a: Mew
|-unboost|p2a: Mew|atk|1
|move|p2a: Mew|Knock Off|p1a: Jack D. Moore
|-damage|p1a: Jack D. Moore|354\/382
|-enditem|p1a: Jack D. Moore|Leftovers|[from] move: Knock Off|[of] p2a: Mew
|
|turn|7
|
|switch|p2a: Landorus-Therian|Landorus-Therian, M|381\/381
|-ability|p2a: Landorus-Therian|Intimidate|[of] p1a: Jack D. Moore
|-unboost|p1a: Jack D. Moore|atk|1
|move|p1a: Jack D. Moore|Stealth Rock|p2a: Landorus-Therian
|-sidestart|p2: illestt|move: Stealth Rock
|
|turn|8
|
|move|p1a: Jack D. Moore|U-turn|p2a: Landorus-Therian
|-resisted|p2a: Landorus-Therian
|-damage|p2a: Landorus-Therian|361\/381
|
|switch|p1a: Alistar B. Jackson|Greninja, F|286\/286
|move|p2a: Landorus-Therian|Stealth Rock|p1a: Alistar B. Jackson
|-sidestart|p1: Planet Hell|move: Stealth Rock
|
|-heal|p2a: Landorus-Therian|381\/381|[from] item: Leftovers
|turn|9
|
|switch|p2a: Mew|Mew|403\/403
|-damage|p2a: Mew|353\/403|[from] Spikes
|-damage|p2a: Mew|303\/403|[from] Stealth Rock
|move|p1a: Alistar B. Jackson|Hydro Pump|p2a: Mew
|-start|p1a: Alistar B. Jackson|typechange|Water|[from] Protean
|-damage|p2a: Mew|130\/403
|-damage|p1a: Alistar B. Jackson|258\/286|[from] item: Life Orb
|
|turn|10
|
|move|p2a: Mew|Will-O-Wisp|p1a: Alistar B. Jackson
|-status|p1a: Alistar B. Jackson|brn
|move|p1a: Alistar B. Jackson|Ice Beam|p2a: Mew
|-start|p1a: Alistar B. Jackson|typechange|Ice|[from] Protean
|-damage|p2a: Mew|0 fnt
|-damage|p1a: Alistar B. Jackson|230\/286 brn|[from] item: Life Orb
|faint|p2a: Mew
|
|-damage|p1a: Alistar B. Jackson|195\/286 brn|[from] brn
|
|switch|p2a: Jirachi|Jirachi|397\/397
|-damage|p2a: Jirachi|373\/397|[from] Stealth Rock
|-damage|p2a: Jirachi|324\/397|[from] Spikes
|turn|11
|
|switch|p1a: Robin G. Wilson|Rotom-Wash|253\/304
|-damage|p1a: Robin G. Wilson|215\/304|[from] Stealth Rock
|move|p2a: Jirachi|Body Slam|p1a: Robin G. Wilson
|-damage|p1a: Robin G. Wilson|155\/304
|
|-heal|p2a: Jirachi|348\/397|[from] item: Leftovers
|turn|12
|
|move|p2a: Jirachi|Iron Head|p1a: Robin G. Wilson
|-resisted|p1a: Robin G. Wilson
|-damage|p1a: Robin G. Wilson|133\/304
|move|p1a: Robin G. Wilson|Will-O-Wisp|p2a: Jirachi
|-status|p2a: Jirachi|brn
|
|-heal|p2a: Jirachi|372\/397 brn|[from] item: Leftovers
|-damage|p2a: Jirachi|323\/397 brn|[from] brn
|turn|13
|
|move|p2a: Jirachi|Substitute|p2a: Jirachi
|-start|p2a: Jirachi|Substitute
|-damage|p2a: Jirachi|224\/397 brn
|move|p1a: Robin G. Wilson|Pain Split|p2a: Jirachi
|
|-heal|p2a: Jirachi|248\/397 brn|[from] item: Leftovers
|-damage|p2a: Jirachi|199\/397 brn|[from] brn
|turn|14
|
|move|p2a: Jirachi|Fire Punch|p1a: Robin G. Wilson
|-resisted|p1a: Robin G. Wilson
|-damage|p1a: Robin G. Wilson|120\/304
|move|p1a: Robin G. Wilson|Hydro Pump|p2a: Jirachi|[miss]
|-miss|p1a: Robin G. Wilson|p2a: Jirachi
|
|-heal|p2a: Jirachi|223\/397 brn|[from] item: Leftovers
|-damage|p2a: Jirachi|174\/397 brn|[from] brn
|turn|15
|
|move|p2a: Jirachi|Fire Punch|p1a: Robin G. Wilson
|-resisted|p1a: Robin G. Wilson
|-damage|p1a: Robin G. Wilson|107\/304
|-status|p1a: Robin G. Wilson|brn
|move|p1a: Robin G. Wilson|Hydro Pump|p2a: Jirachi
|-end|p2a: Jirachi|Substitute
|
|-heal|p2a: Jirachi|198\/397 brn|[from] item: Leftovers
|-damage|p2a: Jirachi|149\/397 brn|[from] brn
|-damage|p1a: Robin G. Wilson|69\/304 brn|[from] brn
|turn|16
|
|move|p2a: Jirachi|Body Slam|p1a: Robin G. Wilson
|-crit|p1a: Robin G. Wilson
|-damage|p1a: Robin G. Wilson|24\/304 brn
|move|p1a: Robin G. Wilson|Hydro Pump|p2a: Jirachi|[miss]
|-miss|p1a: Robin G. Wilson|p2a: Jirachi
|
|-heal|p2a: Jirachi|173\/397 brn|[from] item: Leftovers
|-damage|p2a: Jirachi|124\/397 brn|[from] brn
|-damage|p1a: Robin G. Wilson|0 fnt|[from] brn
|faint|p1a: Robin G. Wilson
|
|switch|p1a: Matthew R. Miller|Manectric-Mega, M|281\/281
|-damage|p1a: Matthew R. Miller|246\/281|[from] Stealth Rock
|-ability|p1a: Matthew R. Miller|Intimidate|[of] p2a: Jirachi
|-unboost|p2a: Jirachi|atk|1
|turn|17
|
|move|p1a: Matthew R. Miller|Flamethrower|p2a: Jirachi
|-supereffective|p2a: Jirachi
|-damage|p2a: Jirachi|0 fnt
|faint|p2a: Jirachi
|
|
|switch|p2a: Tyranitar|Tyranitar, F|341\/341
|-damage|p2a: Tyranitar|299\/341|[from] Stealth Rock
|-damage|p2a: Tyranitar|257\/341|[from] Spikes
|-weather|Sandstorm
|turn|18
|
|detailschange|p2a: Tyranitar|Tyranitar-Mega, F
|message|Tyranitar has Mega Evolved into Mega Tyranitar!
|move|p1a: Matthew R. Miller|Volt Switch|p2a: Tyranitar
|-damage|p2a: Tyranitar|184\/341
|
|switch|p1a: Jack D. Moore|Landorus-Therian, M|354\/382
|-damage|p1a: Jack D. Moore|307\/382|[from] Stealth Rock
|-ability|p1a: Jack D. Moore|Intimidate|[of] p2a: Tyranitar
|-unboost|p2a: Tyranitar|atk|1
|move|p2a: Tyranitar|Dragon Dance|p2a: Tyranitar
|-boost|p2a: Tyranitar|atk|1
|-boost|p2a: Tyranitar|spe|1
|
|-weather|Sandstorm|[upkeep]
|turn|19
|
|switch|p1a: Bruce J. Carter|Bisharp, M|272\/272
|-damage|p1a: Bruce J. Carter|255\/272|[from] Stealth Rock
|move|p2a: Tyranitar|Ice Punch|p1a: Bruce J. Carter
|-resisted|p1a: Bruce J. Carter
|-damage|p1a: Bruce J. Carter|198\/272
|
|-weather|Sandstorm|[upkeep]
|turn|20
|
|move|p2a: Tyranitar|Earthquake|p1a: Bruce J. Carter
|-supereffective|p1a: Bruce J. Carter
|-damage|p1a: Bruce J. Carter|0 fnt
|faint|p1a: Bruce J. Carter
|
|-weather|Sandstorm|[upkeep]
|
|switch|p1a: Jack D. Moore|Landorus-Therian, M|307\/382
|-damage|p1a: Jack D. Moore|260\/382|[from] Stealth Rock
|-ability|p1a: Jack D. Moore|Intimidate|[of] p2a: Tyranitar
|-unboost|p2a: Tyranitar|atk|1
|turn|21
|
|move|p2a: Tyranitar|Ice Punch|p1a: Jack D. Moore
|-supereffective|p1a: Jack D. Moore
|-damage|p1a: Jack D. Moore|0 fnt
|faint|p1a: Jack D. Moore
|
|-weather|Sandstorm|[upkeep]
|
|switch|p1a: Matthew R. Miller|Manectric-Mega, M|246\/281
|-damage|p1a: Matthew R. Miller|211\/281|[from] Stealth Rock
|-ability|p1a: Matthew R. Miller|Intimidate|[of] p2a: Tyranitar
|-unboost|p2a: Tyranitar|atk|1
|turn|22
|
|move|p1a: Matthew R. Miller|Volt Switch|p2a: Tyranitar
|-damage|p2a: Tyranitar|103\/341
|
|switch|p1a: Alistar B. Jackson|Greninja, F|195\/286 brn
|-damage|p1a: Alistar B. Jackson|160\/286 brn|[from] Stealth Rock
|move|p2a: Tyranitar|Dragon Dance|p2a: Tyranitar
|-boost|p2a: Tyranitar|atk|1
|-boost|p2a: Tyranitar|spe|1
|
|-weather|none
|-damage|p1a: Alistar B. Jackson|125\/286 brn|[from] brn
|turn|23
|
|move|p2a: Tyranitar|Earthquake|p1a: Alistar B. Jackson
|-damage|p1a: Alistar B. Jackson|0 fnt
|faint|p1a: Alistar B. Jackson
|
|
|switch|p1a: Matthew R. Miller|Manectric-Mega, M|211\/281
|-damage|p1a: Matthew R. Miller|176\/281|[from] Stealth Rock
|-ability|p1a: Matthew R. Miller|Intimidate|[of] p2a: Tyranitar
|-unboost|p2a: Tyranitar|atk|1
|turn|24
|
|move|p2a: Tyranitar|Earthquake|p1a: Matthew R. Miller
|-supereffective|p1a: Matthew R. Miller
|-damage|p1a: Matthew R. Miller|0 fnt
|faint|p1a: Matthew R. Miller
|
|-message|Planet Hell forfeited.
|
|win|illestt
|raw|Ladder updating...
|leave|Planet Hell
|player|p1
|raw|Planet Hell's rating: 1804 &rarr; <strong>1781<\/strong><br \/>(-23 for losing)
|raw|illestt's rating: 1755 &rarr; <strong>1778<\/strong><br \/>(+23 for winning)