|join|Planet Hell
|join|LT5A Beardy
|player|p1|Planet Hell|190
|player|p2|LT5A Beardy|35
|gametype|singles
|gen|6
|tier|OU
|rated
|clearpoke
|poke|p1|Diggersby, M
|poke|p1|Latios, M
|poke|p1|Manectric, F
|poke|p1|Greninja, M
|poke|p1|Landorus-Therian, M
|poke|p1|Dragonite, M
|poke|p2|Azelf
|poke|p2|Smeargle, M
|poke|p2|Whimsicott, F
|poke|p2|Thundurus, M
|poke|p2|Espeon, F
|poke|p2|Charizard, F
|rule|Swagger Clause: Swagger is banned
|rule|Baton Pass Clause: Limit one PokÃ©mon knowing Baton Pass
|rule|Sleep Clause Mod: Limit one foe put to sleep
|rule|Species Clause: Limit one of each PokÃ©mon
|rule|OHKO Clause: OHKO moves are banned
|rule|Moody Clause: Moody is banned
|rule|Evasion Moves Clause: Evasion moves are banned
|rule|Endless Battle Clause: Forcing endless battles is banned
|rule|HP Percentage Mod: HP is shown in percentages
|teampreview
|
|start
|switch|p1a: Landorus-Therian|Landorus-Therian, M|382\/382
|switch|p2a: Azelf|Azelf|354\/354
|-ability|p1a: Landorus-Therian|Intimidate|[of] p2a: Azelf
|-unboost|p2a: Azelf|atk|1
|turn|1
|
|switch|p2a: Charizard|Charizard, F|333\/333
|move|p1a: Landorus-Therian|Stealth Rock|p2a: Charizard
|-sidestart|p2: LT5A Beardy|move: Stealth Rock
|
|turn|2
|
|switch|p1a: Latios|Latios, M|302\/302
|detailschange|p2a: Charizard|Charizard-Mega-X, F
|message|Charizard has Mega Evolved into Mega Charizard!
|move|p2a: Charizard|Flare Blitz|p1a: Latios
|-resisted|p1a: Latios
|-damage|p1a: Latios|101\/302
|-status|p1a: Latios|brn
|-damage|p2a: Charizard|267\/333|[from] recoil|[of] p1a: Latios
|
|-damage|p1a: Latios|64\/302 brn|[from] brn
|turn|3
|
|move|p1a: Latios|Psyshock|p2a: Charizard
|-damage|p2a: Charizard|102\/333
|-damage|p1a: Latios|34\/302 brn|[from] item: Life Orb
|move|p2a: Charizard|Dragon Claw|p1a: Latios
|-supereffective|p1a: Latios
|-damage|p1a: Latios|0 fnt
|faint|p1a: Latios
|
|
|switch|p1a: Greninja|Greninja, M|286\/286
|turn|4
|
|move|p1a: Greninja|Ice Beam|p2a: Charizard
|-start|p1a: Greninja|typechange|Ice|[from] Protean
|-damage|p2a: Charizard|0 fnt
|-damage|p1a: Greninja|258\/286|[from] item: Life Orb
|faint|p2a: Charizard
|
|
|switch|p2a: Whimsicott|Whimsicott, F|324\/324
|-damage|p2a: Whimsicott|284\/324|[from] Stealth Rock
|turn|5
|
|move|p2a: Whimsicott|Light Screen|p2a: Whimsicott
|-sidestart|p2: LT5A Beardy|move: Light Screen
|move|p1a: Greninja|Spikes|p2a: Whimsicott
|-start|p1a: Greninja|typechange|Ground|[from] Protean
|-sidestart|p2: LT5A Beardy|Spikes
|
|turn|6
|
|move|p2a: Whimsicott|Taunt|p1a: Greninja
|-start|p1a: Greninja|move: Taunt
|cant|p1a: Greninja|move: Taunt|Spikes
|
|turn|7
|
|switch|p1a: Diggersby|Diggersby, M|311\/311
|move|p2a: Whimsicott|Tailwind|p2a: Whimsicott
|-sidestart|p2: LT5A Beardy|move: Tailwind
|
|turn|8
|
|move|p2a: Whimsicott|Taunt|p1a: Diggersby
|-start|p1a: Diggersby|move: Taunt
|cant|p1a: Diggersby|move: Taunt|Swords Dance
|
|turn|9
|
|switch|p1a: Greninja|Greninja, M|258\/286
|move|p2a: Whimsicott|Memento|p1a: Greninja
|-unboost|p1a: Greninja|atk|2
|-unboost|p1a: Greninja|spa|2
|faint|p2a: Whimsicott
|
|-sideend|p2: LT5A Beardy|move: Light Screen
|
|switch|p2a: Smeargle|Smeargle, M|243\/243
|-damage|p2a: Smeargle|213\/243|[from] Spikes
|-damage|p2a: Smeargle|183\/243|[from] Stealth Rock
|turn|10
|
|switch|p1a: Dragonite|Dragonite, M|323\/323
|move|p2a: Smeargle|Geomancy|p2a: Smeargle|[still]
|-prepare|p2a: Smeargle|Geomancy|p2a: Smeargle
|-enditem|p2a: Smeargle|Power Herb
|-anim|p2a: Smeargle|Geomancy|p2a: Smeargle
|-boost|p2a: Smeargle|spa|2
|-boost|p2a: Smeargle|spd|2
|-boost|p2a: Smeargle|spe|2
|
|-sideend|p2: LT5A Beardy|move: Tailwind
|turn|11
|
|move|p1a: Dragonite|Extreme Speed|p2a: Smeargle
|-damage|p2a: Smeargle|0 fnt
|faint|p2a: Smeargle
|
|c|âPlanet Hell|rip
|-message|LT5A Beardy forfeited.
|
|win|Planet Hell
|raw|Ladder updating...
|leave|LT5A Beardy
|player|p2
|raw|Planet Hell's rating: 1834 &rarr; <strong>1855<\/strong><br \/>(+21 for winning)
|raw|LT5A Beardy's rating: 1854 &rarr; <strong>1833<\/strong><br \/>(-21 for losing)