|join|Aka DH
|join|Planet Hell
Aka DH made this room hidden.
|player|p1|Aka DH|1
|player|p2|Planet Hell|190
|gametype|singles
|gen|6
|tier|OU
|rated
|clearpoke
|poke|p1|Bisharp, F
|poke|p1|Venusaur, M
|poke|p1|Heatran, F
|poke|p1|Keldeo
|poke|p1|Chansey, F
|poke|p1|Skarmory, M
|poke|p2|Gardevoir, M
|poke|p2|Bisharp, F
|poke|p2|Raikou
|poke|p2|Keldeo
|poke|p2|Landorus-Therian, M
|poke|p2|Celebi
|rule|Swagger Clause: Swagger is banned
|rule|Baton Pass Clause: Limit one PokÃ©mon knowing Baton Pass
|rule|Sleep Clause Mod: Limit one foe put to sleep
|rule|Species Clause: Limit one of each PokÃ©mon
|rule|OHKO Clause: OHKO moves are banned
|rule|Moody Clause: Moody is banned
|rule|Evasion Moves Clause: Evasion moves are banned
|rule|Endless Battle Clause: Forcing endless battles is banned
|rule|HP Percentage Mod: HP is shown in percentages
|teampreview
|
|start
|switch|p1a: Chansey|Chansey, F|684\/684
|switch|p2a: Keldeo|Keldeo|323\/323
|turn|1
|
|switch|p2a: Celebi|Celebi|404\/404
|move|p1a: Chansey|Thunder Wave|p2a: Celebi
|-status|p2a: Celebi|par
|
|turn|2
|
|switch|p1a: Bisharp|Bisharp, F|334\/334
|switch|p2a: Keldeo|Keldeo|323\/323
|
|turn|3
|
|switch|p1a: Venusaur|Venusaur, M|364\/364
|move|p2a: Keldeo|Scald|p1a: Venusaur
|-resisted|p1a: Venusaur
|-damage|p1a: Venusaur|291\/364
|
|turn|4
|
|switch|p2a: Celebi|Celebi|404\/404
|switch|p1a: Bisharp|Bisharp, F|334\/334
|
|turn|5
|
|move|p2a: Celebi|Baton Pass|p2a: Celebi
|
|switch|p2a: Keldeo|Keldeo|323\/323
|move|p1a: Bisharp|Knock Off|p2a: Keldeo
|-resisted|p2a: Keldeo
|-damage|p2a: Keldeo|216\/323
|-boost|p2a: Keldeo|atk|1|[from] ability: Justified
|-enditem|p2a: Keldeo|Leftovers|[from] move: Knock Off|[of] p1a: Bisharp
|
|turn|6
|
|switch|p1a: Venusaur|Venusaur, M|291\/364
|move|p2a: Keldeo|Scald|p1a: Venusaur
|-resisted|p1a: Venusaur
|-damage|p1a: Venusaur|214\/364
|
|turn|7
|
|detailschange|p1a: Venusaur|Venusaur-Mega, M
|-mega|p1a: Venusaur|Venusaur|Venusaurite
|move|p2a: Keldeo|Scald|p1a: Venusaur
|-resisted|p1a: Venusaur
|-damage|p1a: Venusaur|156\/364
|move|p1a: Venusaur|Synthesis|p1a: Venusaur
|-heal|p1a: Venusaur|338\/364
|
|turn|8
|
|switch|p2a: Celebi|Celebi|404\/404
|move|p1a: Venusaur|Giga Drain|p2a: Celebi
|-resisted|p2a: Celebi
|-damage|p2a: Celebi|355\/404
|-heal|p1a: Venusaur|363\/364|[from] drain|[of] p2a: Celebi
|
|-heal|p2a: Celebi|380\/404|[from] item: Leftovers
|turn|9
|
|move|p2a: Celebi|Stealth Rock|p1a: Venusaur
|-sidestart|p1: Aka DH|move: Stealth Rock
|move|p1a: Venusaur|Giga Drain|p2a: Celebi
|-resisted|p2a: Celebi
|-damage|p2a: Celebi|326\/404
|-heal|p1a: Venusaur|364\/364|[from] drain|[of] p2a: Celebi
|
|-heal|p2a: Celebi|351\/404|[from] item: Leftovers
|turn|10
|
|move|p2a: Celebi|Recover|p2a: Celebi
|-heal|p2a: Celebi|404\/404
|move|p1a: Venusaur|Hidden Power|p2a: Celebi
|-supereffective|p2a: Celebi
|-damage|p2a: Celebi|284\/404
|
|-heal|p2a: Celebi|309\/404|[from] item: Leftovers
|turn|11
|
|move|p2a: Celebi|Baton Pass|p2a: Celebi
|
|switch|p2a: Gardevoir|Gardevoir, M|277\/277
|-ability|p2a: Gardevoir|Thick Fat|[from] ability: Trace|[of] p1a: Venusaur
|move|p1a: Venusaur|Giga Drain|p2a: Gardevoir
|-damage|p2a: Gardevoir|186\/277
|
|turn|12
|
|detailschange|p2a: Gardevoir|Gardevoir-Mega, M
|-mega|p2a: Gardevoir|Gardevoir|Gardevoirite
|move|p2a: Gardevoir|Focus Blast|p1a: Venusaur
|-resisted|p1a: Venusaur
|-damage|p1a: Venusaur|285\/364
|move|p1a: Venusaur|Giga Drain|p2a: Gardevoir
|-damage|p2a: Gardevoir|102\/277
|-heal|p1a: Venusaur|327\/364|[from] drain|[of] p2a: Gardevoir
|
|turn|13
|
|move|p2a: Gardevoir|Focus Blast|p1a: Venusaur
|-resisted|p1a: Venusaur
|-damage|p1a: Venusaur|253\/364
|move|p1a: Venusaur|Giga Drain|p2a: Gardevoir
|-damage|p2a: Gardevoir|17\/277
|-heal|p1a: Venusaur|296\/364|[from] drain|[of] p2a: Gardevoir
|
|turn|14
|
|switch|p1a: Chansey|Chansey, F|684\/684
|-damage|p1a: Chansey|599\/684|[from] Stealth Rock
|move|p2a: Gardevoir|Psyshock|p1a: Chansey
|-damage|p1a: Chansey|353\/684
|
|turn|15
|
|move|p2a: Gardevoir|Calm Mind|p2a: Gardevoir
|-boost|p2a: Gardevoir|spa|1
|-boost|p2a: Gardevoir|spd|1
|move|p1a: Chansey|Seismic Toss|p2a: Gardevoir
|-damage|p2a: Gardevoir|0 fnt
|faint|p2a: Gardevoir
|
|
|switch|p2a: Bisharp|Bisharp, F|271\/271
|turn|16
|
|switch|p1a: Heatran|Heatran, F|340\/340
|-damage|p1a: Heatran|298\/340|[from] Stealth Rock
|-item|p1a: Heatran|Air Balloon
|move|p2a: Bisharp|Knock Off|p1a: Heatran
|-damage|p1a: Heatran|90\/340
|-enditem|p1a: Heatran|Air Balloon
|-damage|p2a: Bisharp|244\/271|[from] item: Life Orb
|
|turn|17
|
|move|p1a: Heatran|Stealth Rock|p2a: Bisharp
|-sidestart|p2: Planet Hell|move: Stealth Rock
|move|p2a: Bisharp|Knock Off|p1a: Heatran
|-damage|p1a: Heatran|0 fnt
|-damage|p2a: Bisharp|217\/271|[from] item: Life Orb
|faint|p1a: Heatran
|
|
|switch|p1a: Keldeo|Keldeo|323\/323
|-damage|p1a: Keldeo|303\/323|[from] Stealth Rock
|turn|18
|
|switch|p1a: Bisharp|Bisharp, F|334\/334
|-damage|p1a: Bisharp|314\/334|[from] Stealth Rock
|switch|p2a: Celebi|Celebi|309\/404
|-damage|p2a: Celebi|259\/404|[from] Stealth Rock
|
|-heal|p2a: Celebi|284\/404|[from] item: Leftovers
|-heal|p1a: Bisharp|334\/334|[from] item: Leftovers
|turn|19
|
|move|p2a: Celebi|Baton Pass|p2a: Celebi
|
|switch|p2a: Keldeo|Keldeo|216\/323
|-damage|p2a: Keldeo|196\/323|[from] Stealth Rock
|move|p1a: Bisharp|Knock Off|p2a: Keldeo
|-resisted|p2a: Keldeo
|-damage|p2a: Keldeo|124\/323
|-boost|p2a: Keldeo|atk|1|[from] ability: Justified
|
|turn|20
|
|switch|p1a: Venusaur|Venusaur-Mega, M|296\/364
|-damage|p1a: Venusaur|251\/364|[from] Stealth Rock
|move|p2a: Keldeo|Scald|p1a: Venusaur
|-resisted|p1a: Venusaur
|-damage|p1a: Venusaur|185\/364
|-status|p1a: Venusaur|brn
|
|-damage|p1a: Venusaur|140\/364 brn|[from] brn
|turn|21
|
|switch|p2a: Bisharp|Bisharp, F|217\/271
|-damage|p2a: Bisharp|201\/271|[from] Stealth Rock
|move|p1a: Venusaur|Synthesis|p1a: Venusaur
|-heal|p1a: Venusaur|322\/364 brn
|
|-damage|p1a: Venusaur|277\/364 brn|[from] brn
|turn|22
|
|switch|p2a: Raikou|Raikou|329\/329
|-damage|p2a: Raikou|288\/329|[from] Stealth Rock
|-ability|p2a: Raikou|Pressure
|switch|p1a: Keldeo|Keldeo|303\/323
|-damage|p1a: Keldeo|283\/323|[from] Stealth Rock
|
|-heal|p1a: Keldeo|303\/323|[from] item: Leftovers
|turn|23
|
|switch|p1a: Chansey|Chansey, F|353\/684
|-damage|p1a: Chansey|268\/684|[from] Stealth Rock
|move|p2a: Raikou|Volt Switch|p1a: Chansey
|-damage|p1a: Chansey|198\/684
|
|switch|p2a: Bisharp|Bisharp, F|201\/271
|-damage|p2a: Bisharp|185\/271|[from] Stealth Rock
|
|turn|24
|
|move|p2a: Bisharp|Knock Off|p1a: Chansey
|-crit|p1a: Chansey
|-damage|p1a: Chansey|0 fnt
|-enditem|p1a: Chansey|Eviolite|[from] move: Knock Off|[of] p2a: Bisharp
|-damage|p2a: Bisharp|158\/271|[from] item: Life Orb
|faint|p1a: Chansey
|
|
|switch|p1a: Skarmory|Skarmory, M|334\/334
|-damage|p1a: Skarmory|293\/334|[from] Stealth Rock
|turn|25
|
|switch|p2a: Raikou|Raikou|288\/329
|-damage|p2a: Raikou|247\/329|[from] Stealth Rock
|-ability|p2a: Raikou|Pressure
|move|p1a: Skarmory|Spikes|p2a: Raikou
|-sidestart|p2: Planet Hell|Spikes
|
|turn|26
|
|switch|p1a: Venusaur|Venusaur-Mega, M|277\/364 brn
|-damage|p1a: Venusaur|232\/364 brn|[from] Stealth Rock
|move|p2a: Raikou|Thunderbolt|p1a: Venusaur
|-resisted|p1a: Venusaur
|-damage|p1a: Venusaur|166\/364 brn
|
|-damage|p1a: Venusaur|121\/364 brn|[from] brn
|turn|27
|
|move|p2a: Raikou|Volt Switch|p1a: Venusaur
|-resisted|p1a: Venusaur
|-damage|p1a: Venusaur|73\/364 brn
|
|switch|p2a: Bisharp|Bisharp, F|158\/271
|-damage|p2a: Bisharp|125\/271|[from] Spikes
|-damage|p2a: Bisharp|109\/271|[from] Stealth Rock
|move|p1a: Venusaur|Synthesis|p1a: Venusaur
|-heal|p1a: Venusaur|255\/364 brn
|
|-damage|p1a: Venusaur|210\/364 brn|[from] brn
|turn|28
|
|switch|p1a: Keldeo|Keldeo|303\/323
|-damage|p1a: Keldeo|283\/323|[from] Stealth Rock
|move|p2a: Bisharp|Iron Head|p1a: Keldeo
|-crit|p1a: Keldeo
|-resisted|p1a: Keldeo
|-damage|p1a: Keldeo|111\/323
|-damage|p2a: Bisharp|82\/271|[from] item: Life Orb
|
|-heal|p1a: Keldeo|131\/323|[from] item: Leftovers
|turn|29
|
|switch|p2a: Keldeo|Keldeo|124\/323
|-damage|p2a: Keldeo|104\/323|[from] Stealth Rock
|-damage|p2a: Keldeo|64\/323|[from] Spikes
|move|p1a: Keldeo|Scald|p2a: Keldeo
|-resisted|p2a: Keldeo
|-damage|p2a: Keldeo|0 fnt
|faint|p2a: Keldeo
|
|-heal|p1a: Keldeo|151\/323|[from] item: Leftovers
|
|switch|p2a: Raikou|Raikou|247\/329
|-damage|p2a: Raikou|206\/329|[from] Spikes
|-damage|p2a: Raikou|165\/329|[from] Stealth Rock
|-ability|p2a: Raikou|Pressure
|turn|30
|
|switch|p1a: Venusaur|Venusaur-Mega, M|210\/364 brn
|-damage|p1a: Venusaur|165\/364 brn|[from] Stealth Rock
|move|p2a: Raikou|Volt Switch|p1a: Venusaur
|-resisted|p1a: Venusaur
|-damage|p1a: Venusaur|117\/364 brn
|
|switch|p2a: Bisharp|Bisharp, F|82\/271
|-damage|p2a: Bisharp|49\/271|[from] Spikes
|-damage|p2a: Bisharp|33\/271|[from] Stealth Rock
|
|-damage|p1a: Venusaur|72\/364 brn|[from] brn
|turn|31
|
|move|p2a: Bisharp|Knock Off|p1a: Venusaur
|-damage|p1a: Venusaur|0 fnt
|-damage|p2a: Bisharp|6\/271|[from] item: Life Orb
|faint|p1a: Venusaur
|
|
|switch|p1a: Keldeo|Keldeo|151\/323
|-damage|p1a: Keldeo|131\/323|[from] Stealth Rock
|turn|32
|
|move|p2a: Bisharp|Sucker Punch|p1a: Keldeo
|-fail|p1a: Keldeo
|move|p1a: Keldeo|Calm Mind|p1a: Keldeo
|-boost|p1a: Keldeo|spa|1
|-boost|p1a: Keldeo|spd|1
|
|-heal|p1a: Keldeo|151\/323|[from] item: Leftovers
|turn|33
|
|move|p1a: Keldeo|Scald|p2a: Bisharp
|-damage|p2a: Bisharp|0 fnt
|faint|p2a: Bisharp
|
|-heal|p1a: Keldeo|171\/323|[from] item: Leftovers
|
|switch|p2a: Raikou|Raikou|165\/329
|-damage|p2a: Raikou|124\/329|[from] Stealth Rock
|-damage|p2a: Raikou|83\/329|[from] Spikes
|-ability|p2a: Raikou|Pressure
|turn|34
|
|switch|p1a: Bisharp|Bisharp, F|334\/334
|-damage|p1a: Bisharp|314\/334|[from] Stealth Rock
|move|p2a: Raikou|Thunderbolt|p1a: Bisharp
|-damage|p1a: Bisharp|113\/334
|
|-heal|p1a: Bisharp|133\/334|[from] item: Leftovers
|turn|35
|
|switch|p2a: Celebi|Celebi|284\/404
|-damage|p2a: Celebi|234\/404|[from] Spikes
|-damage|p2a: Celebi|184\/404|[from] Stealth Rock
|move|p1a: Bisharp|Sucker Punch|p2a: Celebi
|-fail|p2a: Celebi
|
|-heal|p2a: Celebi|209\/404|[from] item: Leftovers
|-heal|p1a: Bisharp|153\/334|[from] item: Leftovers
|turn|36
|
|move|p2a: Celebi|Giga Drain|p1a: Bisharp
|-resisted|p1a: Bisharp
|-damage|p1a: Bisharp|90\/334
|-heal|p2a: Celebi|241\/404|[from] drain|[of] p1a: Bisharp
|move|p1a: Bisharp|Swords Dance|p1a: Bisharp
|-boost|p1a: Bisharp|atk|2
|
|-heal|p2a: Celebi|266\/404|[from] item: Leftovers
|-heal|p1a: Bisharp|110\/334|[from] item: Leftovers
|turn|37
|-message|Planet Hell forfeited.
|leave|Planet Hell
|
|win|Aka DH
|raw|Ladder updating...
|player|p2
|raw|Aka DH's rating: 1721 &rarr; <strong>1734<\/strong><br \/>(+13 for winning)
|raw|Planet Hell's rating: 1610 &rarr; <strong>1596<\/strong><br \/>(-14 for losing)