|join|dais it mane
|join|Planet Hell
|player|p1|dais it mane|265
|player|p2|Planet Hell|190
|gametype|singles
|gen|6
|tier|OU
|rated
|clearpoke
|poke|p1|Camerupt, F
|poke|p1|Crawdaunt, M
|poke|p1|Bronzong
|poke|p1|Slowbro, F
|poke|p1|Sylveon, M
|poke|p1|Azumarill, F
|poke|p2|Altaria, F
|poke|p2|Heatran, M
|poke|p2|Chesnaught, F
|poke|p2|Keldeo
|poke|p2|Bisharp, F
|poke|p2|Rotom-Wash
|rule|Swagger Clause: Swagger is banned
|rule|Baton Pass Clause: Limit one PokÃ©mon knowing Baton Pass
|rule|Sleep Clause Mod: Limit one foe put to sleep
|rule|Species Clause: Limit one of each PokÃ©mon
|rule|OHKO Clause: OHKO moves are banned
|rule|Moody Clause: Moody is banned
|rule|Evasion Moves Clause: Evasion moves are banned
|rule|Endless Battle Clause: Forcing endless battles is banned
|rule|HP Percentage Mod: HP is shown in percentages
|teampreview
|
|start
|switch|p1a: Bronzong|Bronzong|337\/337
|switch|p2a: Heatran|Heatran, M|385\/385
|turn|1
|
|move|p2a: Heatran|Taunt|p1a: Bronzong
|-start|p1a: Bronzong|move: Taunt
|-enditem|p1a: Bronzong|Mental Herb
|-end|p1a: Bronzong|move: Taunt
|move|p1a: Bronzong|Trick Room|p1a: Bronzong
|-fieldstart|move: Trick Room|[of] p1a: Bronzong
|
|turn|2
|
|switch|p2a: Rotom-Wash|Rotom-Wash|304\/304
|move|p1a: Bronzong|Stealth Rock|p2a: Rotom-Wash
|-sidestart|p2: Planet Hell|move: Stealth Rock
|
|turn|3
|
|move|p1a: Bronzong|Explosion|p2a: Rotom-Wash
|-damage|p2a: Rotom-Wash|61\/304
|faint|p1a: Bronzong
|move|p2a: Rotom-Wash|Hydro Pump|p1: Bronzong|[notarget]
|-notarget
|
|-heal|p2a: Rotom-Wash|80\/304|[from] item: Leftovers
|
|switch|p1a: Azumarill|Azumarill, F|404\/404
|turn|4
|
|switch|p2a: Heatran|Heatran, M|385\/385
|-damage|p2a: Heatran|337\/385|[from] Stealth Rock
|move|p1a: Azumarill|Play Rough|p2a: Heatran
|-resisted|p2a: Heatran
|-damage|p2a: Heatran|292\/385
|
|-heal|p2a: Heatran|316\/385|[from] item: Leftovers
|turn|5
|
|move|p1a: Azumarill|Belly Drum|p1a: Azumarill
|-damage|p1a: Azumarill|202\/404
|-setboost|p1a: Azumarill|atk|6|[from] move: Belly Drum
|-enditem|p1a: Azumarill|Sitrus Berry|[eat]
|-heal|p1a: Azumarill|303\/404|[from] item: Sitrus Berry
|move|p2a: Heatran|Stealth Rock|p1a: Azumarill
|-sidestart|p1: dais it mane|move: Stealth Rock
|
|-heal|p2a: Heatran|340\/385|[from] item: Leftovers
|-fieldend|move: Trick Room
|turn|6
|
|move|p1a: Azumarill|Aqua Jet|p2a: Heatran
|-supereffective|p2a: Heatran
|-damage|p2a: Heatran|0 fnt
|faint|p2a: Heatran
|
|
|switch|p2a: Altaria|Altaria, F|301\/301
|-damage|p2a: Altaria|226\/301|[from] Stealth Rock
|turn|7
|
|detailschange|p2a: Altaria|Altaria-Mega, F
|-mega|p2a: Altaria|Altaria|Altarianite
|move|p1a: Azumarill|Aqua Jet|p2a: Altaria
|-resisted|p2a: Altaria
|-damage|p2a: Altaria|75\/301
|move|p2a: Altaria|Hyper Voice|p1a: Azumarill
|-damage|p1a: Azumarill|59\/404
|
|turn|8
|
|move|p1a: Azumarill|Aqua Jet|p2a: Altaria
|-resisted|p2a: Altaria
|-damage|p2a: Altaria|0 fnt
|faint|p2a: Altaria
|
|
|switch|p2a: Bisharp|Bisharp, F|271\/271
|-damage|p2a: Bisharp|255\/271|[from] Stealth Rock
|turn|9
|
|move|p2a: Bisharp|Sucker Punch|p1a: Azumarill
|-resisted|p1a: Azumarill
|-damage|p1a: Azumarill|0 fnt
|-damage|p2a: Bisharp|228\/271|[from] item: Life Orb
|faint|p1a: Azumarill
|
|
|switch|p1a: Camerupt|Camerupt, F|343\/343
|-damage|p1a: Camerupt|301\/343|[from] Stealth Rock
|turn|10
|
|switch|p2a: Keldeo|Keldeo|323\/323
|-damage|p2a: Keldeo|303\/323|[from] Stealth Rock
|detailschange|p1a: Camerupt|Camerupt-Mega, F
|-mega|p1a: Camerupt|Camerupt|Cameruptite
|move|p1a: Camerupt|Fire Blast|p2a: Keldeo
|-resisted|p2a: Keldeo
|-damage|p2a: Keldeo|137\/323
|
|turn|11
|
|switch|p1a: Slowbro|Slowbro, F|394\/394
|-damage|p1a: Slowbro|345\/394|[from] Stealth Rock
|move|p2a: Keldeo|Scald|p1a: Slowbro
|-resisted|p1a: Slowbro
|-damage|p1a: Slowbro|255\/394
|
|-heal|p1a: Slowbro|279\/394|[from] item: Leftovers
|turn|12
|
|move|p2a: Keldeo|Scald|p1a: Slowbro
|-resisted|p1a: Slowbro
|-damage|p1a: Slowbro|198\/394
|move|p1a: Slowbro|Trick Room|p1a: Slowbro
|-fieldstart|move: Trick Room|[of] p1a: Slowbro
|
|-heal|p1a: Slowbro|222\/394|[from] item: Leftovers
|turn|13
|
|switch|p1a: Sylveon|Sylveon, M|393\/393
|-damage|p1a: Sylveon|344\/393|[from] Stealth Rock
|switch|p2a: Bisharp|Bisharp, F|228\/271
|-damage|p2a: Bisharp|212\/271|[from] Stealth Rock
|
|turn|14
|
|move|p1a: Sylveon|Hyper Voice|p2a: Bisharp
|-damage|p2a: Bisharp|0 fnt
|-damage|p1a: Sylveon|305\/393|[from] item: Life Orb
|faint|p2a: Bisharp
|
|-message|Planet Hell forfeited.
|
|win|dais it mane
|raw|Ladder updating...
|raw|dais it mane's rating: 1573 &rarr; <strong>1590<\/strong><br \/>(+17 for winning)
|raw|Planet Hell's rating: 1519 &rarr; <strong>1502<\/strong><br \/>(-17 for losing)