|join|req'd by crobro
|join|Serpi386
|player|p1|req'd by crobro|288
|player|p2|Serpi386|87
|gametype|singles
|gen|6
|tier|OU
|clearpoke
|poke|p1|Amoonguss, M
|poke|p1|Slowbro, M
|poke|p1|Heatran, F
|poke|p1|Landorus-Therian, M
|poke|p1|Metagross
|poke|p1|Clefable, F
|poke|p2|Diancie
|poke|p2|Latios, M
|poke|p2|Hippowdon, F
|poke|p2|Rotom-Wash
|poke|p2|Heatran, M
|poke|p2|Ferrothorn, M
|rule|Swagger Clause: Swagger is banned
|rule|Baton Pass Clause: Limit one PokÃ©mon knowing Baton Pass
|rule|Sleep Clause Mod: Limit one foe put to sleep
|rule|Species Clause: Limit one of each PokÃ©mon
|rule|OHKO Clause: OHKO moves are banned
|rule|Moody Clause: Moody is banned
|rule|Evasion Moves Clause: Evasion moves are banned
|rule|Endless Battle Clause: Forcing endless battles is banned
|rule|HP Percentage Mod: HP is shown in percentages
|teampreview
|join|misc all day
|join|pyr0man99
|join|Vrin
|join|2spooky5me
|join|Byebye TMNF (test)
|join|Cardz
|join|Lord Tentacruel
|join|NostalgiaTesting
|c| NostalgiaTesting|ah
|join|5th
|join|Pure Soul Child
|c| Byebye TMNF (test)|I have to root for Serpi now
|c| NostalgiaTesting|i see crobro
|join|1 4M 4 R0B0T
|c| Byebye TMNF (test)|nah not even crobro imo
|join|Supaaa
|c| 1 4M 4 R0B0T|its crobro
|c| 1 4M 4 R0B0T|cm,rest,sleep talk, scald
|
|start
|switch|p1a: Landorus-Therian|Landorus-Therian, M|319\/319
|switch|p2a: Heatran|Heatran, M|325\/325
|-ability|p1a: Landorus-Therian|Intimidate|[of] p2a: Heatran
|-unboost|p2a: Heatran|atk|1
|-item|p2a: Heatran|Air Balloon
|turn|1
|c| NostalgiaTesting|ye
|c| NostalgiaTesting|crobro go die
|
|move|p1a: Landorus-Therian|U-turn|p2a: Heatran
|-resisted|p2a: Heatran
|-damage|p2a: Heatran|304\/325
|-enditem|p2a: Heatran|Air Balloon
|c| NostalgiaTesting|save ur balloon imo
|c| misc all day|its actually trick room belly drum drain punch aqua tail bro
|c| NostalgiaTesting|me
|
|switch|p1a: Slowbro|Slowbro, M|393\/393
|move|p2a: Heatran|Stealth Rock|p1a: Slowbro
|-sidestart|p1: req'd by crobro|move: Stealth Rock
|
|turn|2
|
|switch|p2a: Rotom-Wash|Rotom-Wash|303\/303
|move|p1a: Slowbro|Scald|p2a: Rotom-Wash
|-resisted|p2a: Rotom-Wash
|-damage|p2a: Rotom-Wash|262\/303
|
|-heal|p2a: Rotom-Wash|280\/303|[from] item: Leftovers
|turn|3
|
|switch|p1a: Clefable|Clefable, F|393\/393
|move|p2a: Rotom-Wash|Will-O-Wisp|p1a: Clefable
|-status|p1a: Clefable|brn
|
|-heal|p2a: Rotom-Wash|298\/303|[from] item: Leftovers
|turn|4
|
|move|p2a: Rotom-Wash|Volt Switch|p1a: Clefable
|-damage|p1a: Clefable|300\/393 brn
|
|switch|p2a: Heatran|Heatran, M|304\/325
|move|p1a: Clefable|Moonblast|p2a: Heatran
|-crit|p2a: Heatran
|-resisted|p2a: Heatran
|-damage|p2a: Heatran|267\/325
|-unboost|p2a: Heatran|spa|1
|
|-heal|p1a: Clefable|324\/393 brn|[from] item: Leftovers
|turn|5
|c| 2spooky5me|crit ( Í¡Â° ÍÊ Í¡Â°)
|c|âreq'd by crobro|obv
|c| 2spooky5me|mattered
|
|switch|p1a: Slowbro|Slowbro, M|393\/393
|-damage|p1a: Slowbro|344\/393|[from] Stealth Rock
|move|p2a: Heatran|Fire Blast|p1a: Slowbro
|-resisted|p1a: Slowbro
|-damage|p1a: Slowbro|264\/393
|
|-heal|p1a: Slowbro|288\/393|[from] item: Leftovers
|turn|6
|c| NostalgiaTesting|yus
|c| NostalgiaTesting|burn
|c| NostalgiaTesting|stop the bd slowbro
|join|LT3A Dragonuser
|
|switch|p2a: Rotom-Wash|Rotom-Wash|298\/303
|move|p1a: Slowbro|Scald|p2a: Rotom-Wash
|-resisted|p2a: Rotom-Wash
|-damage|p2a: Rotom-Wash|257\/303
|
|-heal|p2a: Rotom-Wash|275\/303|[from] item: Leftovers
|-heal|p1a: Slowbro|312\/393|[from] item: Leftovers
|turn|7
|join|sllooot69
|join|only team testing
|c|âreq'd by crobro|shh bd slowbro is my secret weapon
|c| NostalgiaTesting|lol
|c|âSerpi386|inb4 this is the mega
|c|âSerpi386|and metagross is av
|c|âreq'd by crobro|inb4 lefties
|
|switch|p1a: Amoonguss|Amoonguss, M|431\/431
|-damage|p1a: Amoonguss|378\/431|[from] Stealth Rock
|move|p2a: Rotom-Wash|Volt Switch|p1a: Amoonguss
|-resisted|p1a: Amoonguss
|-damage|p1a: Amoonguss|333\/431
|c|âSerpi386|inb4 bug
|join|riraiteu
|c| NostalgiaTesting|lol
|
|switch|p2a: Latios|Latios, M|299\/299
|
|-heal|p1a: Amoonguss|359\/431|[from] item: Black Sludge
|turn|8
|
|switch|p1a: Heatran|Heatran, F|385\/385
|-damage|p1a: Heatran|337\/385|[from] Stealth Rock
|move|p2a: Latios|Psyshock|p1a: Heatran
|-resisted|p1a: Heatran
|-damage|p1a: Heatran|247\/385
|-damage|p2a: Latios|270\/299|[from] item: Life Orb
|
|-heal|p1a: Heatran|271\/385|[from] item: Leftovers
|turn|9
|c| NostalgiaTesting|why u no eq
|join|unk
|
|switch|p1a: Clefable|Clefable, F|324\/393 brn
|move|p2a: Latios|Psyshock|p1a: Clefable
|-damage|p1a: Clefable|168\/393 brn
|-damage|p2a: Latios|241\/299|[from] item: Life Orb
|
|-heal|p1a: Clefable|192\/393 brn|[from] item: Leftovers
|turn|10
|c|âreq'd by crobro|you know whats really good
|c|âreq'd by crobro|nachos
|c|âSerpi386|tru
|c|âreq'd by crobro|who needs pokemon
|c|âreq'd by crobro|when i have nachos '
|c|âreq'd by crobro|and chocolate milk
|
|switch|p2a: Diancie|Diancie|241\/241
|move|p1a: Clefable|Soft-Boiled|p1a: Clefable
|-heal|p1a: Clefable|389\/393 brn
|
|-heal|p1a: Clefable|393\/393 brn|[from] item: Leftovers
|turn|11
|
|switch|p1a: Amoonguss|Amoonguss, M|431\/431
|-damage|p1a: Amoonguss|378\/431|[from] Stealth Rock
|detailschange|p2a: Diancie|Diancie-Mega
|-mega|p2a: Diancie|Diancie|Diancite
|move|p2a: Diancie|Moonblast|p1a: Amoonguss
|-resisted|p1a: Amoonguss
|-damage|p1a: Amoonguss|273\/431
|
|-heal|p1a: Amoonguss|299\/431|[from] item: Black Sludge
|turn|12
|join|PvNP
|join|tgnajar
|
|switch|p2a: Heatran|Heatran, M|267\/325
|move|p1a: Amoonguss|Giga Drain|p2a: Heatran
|-resisted|p2a: Heatran
|-damage|p2a: Heatran|248\/325
|-heal|p1a: Amoonguss|309\/431|[from] drain|[of] p2a: Heatran
|
|-heal|p1a: Amoonguss|335\/431|[from] item: Black Sludge
|turn|13
|leave|misc all day
|join|Legolaxxx909
|c|âreq'd by crobro|the widdle
|
|switch|p2a: Rotom-Wash|Rotom-Wash|275\/303
|switch|p1a: Slowbro|Slowbro, M|393\/393
|-damage|p1a: Slowbro|344\/393|[from] Stealth Rock
|
|-heal|p2a: Rotom-Wash|293\/303|[from] item: Leftovers
|-heal|p1a: Slowbro|368\/393|[from] item: Leftovers
|turn|14
|join|ReshLovesRNG
|join|Myliltony
|
|switch|p1a: Clefable|Clefable, F|393\/393 brn
|move|p2a: Rotom-Wash|Volt Switch|p1a: Clefable
|-damage|p1a: Clefable|300\/393 brn
|leave|Legolaxxx909
|
|switch|p2a: Ferrothorn|Ferrothorn, M|352\/352
|
|-heal|p1a: Clefable|324\/393 brn|[from] item: Leftovers
|turn|15
|
|switch|p1a: Heatran|Heatran, F|271\/385
|-damage|p1a: Heatran|223\/385|[from] Stealth Rock
|move|p2a: Ferrothorn|Protect|p2a: Ferrothorn
|-fail|p2a: Ferrothorn
|
|-heal|p1a: Heatran|247\/385|[from] item: Leftovers
|turn|16
|
|switch|p2a: Diancie|Diancie-Mega|241\/241
|move|p1a: Heatran|Stealth Rock|p2a: Diancie
|move|p2a: Diancie|Stealth Rock|p1a: Heatran|[from]Magic Bounce
|-fail|p1a: Heatran
|
|-heal|p1a: Heatran|271\/385|[from] item: Leftovers
|turn|17
|join|king of spycrabs
|join|QKIC
|
|switch|p1a: Landorus-Therian|Landorus-Therian, M|319\/319
|-damage|p1a: Landorus-Therian|280\/319|[from] Stealth Rock
|-ability|p1a: Landorus-Therian|Intimidate|[of] p2a: Diancie
|-unboost|p2a: Diancie|atk|1
|move|p2a: Diancie|Diamond Storm|p1a: Landorus-Therian
|-damage|p1a: Landorus-Therian|144\/319
|
|turn|18
|
|move|p2a: Diancie|Protect|p2a: Diancie
|-singleturn|p2a: Diancie|Protect
|move|p1a: Landorus-Therian|U-turn|p2a: Diancie
|-activate|p2a: Diancie|Protect
|
|turn|19
|c| Pure Soul Child|that did alot holy hell lol
|
|move|p1a: Landorus-Therian|U-turn|p2a: Diancie
|-resisted|p2a: Diancie
|-damage|p2a: Diancie|194\/241
|
|switch|p1a: Amoonguss|Amoonguss, M|431\/431
|-damage|p1a: Amoonguss|378\/431|[from] Stealth Rock
|move|p2a: Diancie|Hidden Power|p1a: Amoonguss
|-supereffective|p1a: Amoonguss
|-damage|p1a: Amoonguss|170\/431
|
|-heal|p1a: Amoonguss|196\/431|[from] item: Black Sludge
|turn|20
|join|Legolaxxx909
|c|âreq'd by crobro|no ep
|c| NostalgiaTesting|switch into heatran
|c|âreq'd by crobro|smh
|c| NostalgiaTesting|i dare you
|c| NostalgiaTesting|lol
|
|switch|p1a: Slowbro|Slowbro, M|393\/393
|-damage|p1a: Slowbro|344\/393|[from] Stealth Rock
|move|p2a: Diancie|Hidden Power|p1a: Slowbro
|-resisted|p1a: Slowbro
|-damage|p1a: Slowbro|292\/393
|
|-heal|p1a: Slowbro|316\/393|[from] item: Leftovers
|turn|21
|leave|ReshLovesRNG
|
|switch|p2a: Rotom-Wash|Rotom-Wash|293\/303
|move|p1a: Slowbro|Scald|p2a: Rotom-Wash
|-resisted|p2a: Rotom-Wash
|-damage|p2a: Rotom-Wash|250\/303
|
|-heal|p2a: Rotom-Wash|268\/303|[from] item: Leftovers
|-heal|p1a: Slowbro|340\/393|[from] item: Leftovers
|turn|22
|c|âreq'd by crobro|wheres my burn
|c| amg|idk man
|
|move|p2a: Rotom-Wash|Will-O-Wisp|p1a: Slowbro|[miss]
|-miss|p2a: Rotom-Wash|p1a: Slowbro
|move|p1a: Slowbro|Scald|p2a: Rotom-Wash
|-crit|p2a: Rotom-Wash
|-resisted|p2a: Rotom-Wash
|-damage|p2a: Rotom-Wash|205\/303
|
|-heal|p2a: Rotom-Wash|223\/303|[from] item: Leftovers
|-heal|p1a: Slowbro|364\/393|[from] item: Leftovers
|turn|23
|c| Pure Soul Child|.\/data scald
|c|âSerpi386|wheres mine? :[
|
|move|p2a: Rotom-Wash|Will-O-Wisp|p1a: Slowbro|[miss]
|-miss|p2a: Rotom-Wash|p1a: Slowbro
|move|p1a: Slowbro|Scald|p2a: Rotom-Wash
|-resisted|p2a: Rotom-Wash
|-damage|p2a: Rotom-Wash|178\/303
|
|-heal|p2a: Rotom-Wash|196\/303|[from] item: Leftovers
|-heal|p1a: Slowbro|388\/393|[from] item: Leftovers
|turn|24
|c|âSerpi386|lmao
|c|âreq'd by crobro|when you get yours
|c|âreq'd by crobro|i get mine
|
|switch|p1a: Clefable|Clefable, F|324\/393 brn
|move|p2a: Rotom-Wash|Will-O-Wisp|p1a: Clefable
|-fail|p1a: Clefable|brn
|
|-heal|p2a: Rotom-Wash|214\/303|[from] item: Leftovers
|-heal|p1a: Clefable|348\/393 brn|[from] item: Leftovers
|turn|25
|join|Kama Sutra
|c|âSerpi386|guess nobody gets a burn today
|
|move|p2a: Rotom-Wash|Volt Switch|p1a: Clefable
|-damage|p1a: Clefable|252\/393 brn
|
|switch|p2a: Diancie|Diancie-Mega|194\/241
|move|p1a: Clefable|Moonblast|p2a: Diancie
|-damage|p2a: Diancie|86\/241
|
|-heal|p1a: Clefable|276\/393 brn|[from] item: Leftovers
|turn|26
|c| Pure Soul Child|why is clefable used? compared to gen 5?
|c|âreq'd by crobro|why wont ps just lofe me
|c| Pure Soul Child|besides faerie
|c|âreq'd by crobro|fairy
|c| NostalgiaTesting|lol
|c| Byebye TMNF (test)|It's basically because
|c| Byebye TMNF (test)|fairy
|c| NostalgiaTesting|cuz clef is swag
|c|âreq'd by crobro|thats the only reason
|c| Lord Tentacruel|no
|leave|Kama Sutra
|
|switch|p2a: Ferrothorn|Ferrothorn, M|352\/352
|move|p1a: Clefable|Moonblast|p2a: Ferrothorn
|-resisted|p2a: Ferrothorn
|-damage|p2a: Ferrothorn|310\/352
|
|-heal|p1a: Clefable|300\/393 brn|[from] item: Leftovers
|-heal|p2a: Ferrothorn|332\/352|[from] item: Leftovers
|turn|27
|c| Lord Tentacruel|you're forgetting cuteness factor
|
|switch|p1a: Heatran|Heatran, F|271\/385
|-damage|p1a: Heatran|223\/385|[from] Stealth Rock
|move|p2a: Ferrothorn|Spikes|p1a: Heatran
|-sidestart|p1: req'd by crobro|Spikes
|
|-heal|p1a: Heatran|247\/385|[from] item: Leftovers
|-heal|p2a: Ferrothorn|352\/352|[from] item: Leftovers
|turn|28
|c| NostalgiaTesting|ew
|c| NostalgiaTesting|no way
|c| Pure Soul Child|really?i mean gen 5 clef was like the nu of nu
|leave|Legolaxxx909
|c| Byebye TMNF (test)|Along with Clefable being good at doing something for the meta.
|c| pyr0man99|With fairy + Unaware it can check a large portion of the meta
|c| Lord Tentacruel|ru iirc
|
|switch|p2a: Diancie|Diancie-Mega|86\/241
|move|p1a: Heatran|Earth Power|p2a: Diancie
|-supereffective|p2a: Diancie
|-damage|p2a: Diancie|0 fnt
|faint|p2a: Diancie
|
|-heal|p1a: Heatran|271\/385|[from] item: Leftovers
|c| NostalgiaTesting|gen 5 clef was fine
|c|âSerpi386|first blood
|c| NostalgiaTesting|lol
|c|âreq'd by crobro|lol turn 28
|c| 2spooky5me|First death, turn 28 ( Í¡Â° ÍÊ Í¡Â°)
|leave|352f
|
|switch|p2a: Heatran|Heatran, M|248\/325
|turn|29
|
|switch|p1a: Slowbro|Slowbro, M|393\/393
|-damage|p1a: Slowbro|344\/393|[from] Spikes
|-damage|p1a: Slowbro|295\/393|[from] Stealth Rock
|move|p2a: Heatran|Earth Power|p1a: Slowbro
|-damage|p1a: Slowbro|173\/393
|
|-heal|p1a: Slowbro|197\/393|[from] item: Leftovers
|turn|30
|
|move|p2a: Heatran|Earth Power|p1a: Slowbro
|-damage|p1a: Slowbro|75\/393
|move|p1a: Slowbro|Slack Off|p1a: Slowbro
|-heal|p1a: Slowbro|272\/393
|
|-heal|p1a: Slowbro|296\/393|[from] item: Leftovers
|turn|31
|c|âreq'd by crobro|alright game
|c| Pure Soul Child|here we go
|
|switch|p2a: Rotom-Wash|Rotom-Wash|214\/303
|move|p1a: Slowbro|Scald|p2a: Rotom-Wash
|-resisted|p2a: Rotom-Wash
|-damage|p2a: Rotom-Wash|169\/303
|
|-heal|p2a: Rotom-Wash|187\/303|[from] item: Leftovers
|-heal|p1a: Slowbro|320\/393|[from] item: Leftovers
|turn|32
|c|âreq'd by crobro|give me the burn
|c|âSerpi386|:]?
|c|âreq'd by crobro|fuck me
|
|switch|p1a: Clefable|Clefable, F|300\/393 brn
|move|p2a: Rotom-Wash|Volt Switch|p1a: Clefable
|-damage|p1a: Clefable|212\/393 brn
|
|switch|p2a: Ferrothorn|Ferrothorn, M|352\/352
|
|-heal|p1a: Clefable|236\/393 brn|[from] item: Leftovers
|turn|33
|c|âSerpi386|i need muh spikes
|c|âreq'd by crobro|fuck this
|c| 2spooky5me|Fire blast ? ( Í¡Â° ÍÊ Í¡Â°)
|c|âreq'd by crobro|nah lots of cm
|
|switch|p2a: Rotom-Wash|Rotom-Wash|187\/303
|move|p1a: Clefable|Calm Mind|p1a: Clefable
|-boost|p1a: Clefable|spa|1
|-boost|p1a: Clefable|spd|1
|
|-heal|p2a: Rotom-Wash|205\/303|[from] item: Leftovers
|-heal|p1a: Clefable|260\/393 brn|[from] item: Leftovers
|turn|34
|join|Alkov
|c|âSerpi386|lol
|c| 2spooky5me|Celfable sweep incoming ? ( Í¡Â° ÍÊ Í¡Â°)
|c| 2spooky5me|*Clefable
|
|switch|p2a: Heatran|Heatran, M|248\/325
|move|p1a: Clefable|Soft-Boiled|p1a: Clefable
|-heal|p1a: Clefable|393\/393 brn
|
|turn|35
|
|switch|p1a: Slowbro|Slowbro, M|393\/393
|-damage|p1a: Slowbro|344\/393|[from] Stealth Rock
|-damage|p1a: Slowbro|295\/393|[from] Spikes
|move|p2a: Heatran|Taunt|p1a: Slowbro
|-start|p1a: Slowbro|move: Taunt
|
|-heal|p1a: Slowbro|319\/393|[from] item: Leftovers
|turn|36
|c|âreq'd by crobro|rn
|c|âreq'd by crobro|burn
|c|âSerpi386|you're not getting it
|
|switch|p2a: Rotom-Wash|Rotom-Wash|205\/303
|move|p1a: Slowbro|Scald|p2a: Rotom-Wash
|-resisted|p2a: Rotom-Wash
|-damage|p2a: Rotom-Wash|163\/303
|
|-heal|p2a: Rotom-Wash|181\/303|[from] item: Leftovers
|-heal|p1a: Slowbro|343\/393|[from] item: Leftovers
|turn|37
|c|âSerpi386|ahh :]
|c| Pure Soul Child|lmfao
|join|WhenSilenceBreaks
|
|move|p2a: Rotom-Wash|Will-O-Wisp|p1a: Slowbro
|-status|p1a: Slowbro|brn
|move|p1a: Slowbro|Scald|p2a: Rotom-Wash
|-resisted|p2a: Rotom-Wash
|-damage|p2a: Rotom-Wash|140\/303
|-status|p2a: Rotom-Wash|brn
|
|-heal|p2a: Rotom-Wash|158\/303 brn|[from] item: Leftovers
|-heal|p1a: Slowbro|367\/393 brn|[from] item: Leftovers
|-damage|p2a: Rotom-Wash|121\/303 brn|[from] brn
|-damage|p1a: Slowbro|318\/393 brn|[from] brn
|turn|38
|c|âSerpi386|there it is
|c|âreq'd by crobro|lol
|c|âreq'd by crobro|finally
|c| Pure Soul Child|he predicted jesus second comming as well
|c| NostalgiaTesting|no
|c| NostalgiaTesting|u cant belly drum now
|c|âreq'd by crobro|fuk
|c| NostalgiaTesting|lol
|c|âreq'd by crobro|gotta forfeit
|c| NostalgiaTesting|yeah
|c| NostalgiaTesting|click that \/forfeit
|
|move|p2a: Rotom-Wash|Pain Split|p1a: Slowbro
|-sethp|p1a: Slowbro|219\/393 brn|p2a: Rotom-Wash|219\/303 brn|[from] move: Pain Split
|move|p1a: Slowbro|Scald|p2a: Rotom-Wash
|-resisted|p2a: Rotom-Wash
|-damage|p2a: Rotom-Wash|172\/303 brn
|
|-heal|p2a: Rotom-Wash|190\/303 brn|[from] item: Leftovers
|-heal|p1a: Slowbro|243\/393 brn|[from] item: Leftovers
|-damage|p2a: Rotom-Wash|153\/303 brn|[from] brn
|-damage|p1a: Slowbro|194\/393 brn|[from] brn
|-end|p1a: Slowbro|move: Taunt
|turn|39
|
|switch|p1a: Amoonguss|Amoonguss, M|339\/431
|-damage|p1a: Amoonguss|286\/431|[from] Stealth Rock
|-damage|p1a: Amoonguss|233\/431|[from] Spikes
|move|p2a: Rotom-Wash|Volt Switch|p1a: Amoonguss
|-resisted|p1a: Amoonguss
|-damage|p1a: Amoonguss|180\/431
|
|switch|p2a: Heatran|Heatran, M|248\/325
|
|-heal|p1a: Amoonguss|206\/431|[from] item: Black Sludge
|turn|40
|join|DrReuniclus3
|
|move|p2a: Heatran|Fire Blast|p1a: Amoonguss
|-supereffective|p1a: Amoonguss
|-damage|p1a: Amoonguss|0 fnt
|faint|p1a: Amoonguss
|
|leave|DrReuniclus3
|
|switch|p1a: Metagross|Metagross|301\/301
|-damage|p1a: Metagross|283\/301|[from] Stealth Rock
|-damage|p1a: Metagross|246\/301|[from] Spikes
|turn|41
|c| 2spooky5me|Turn 40, second death ( Í¡Â° ÍÊ Í¡Â°)
|
|switch|p2a: Hippowdon|Hippowdon, F|420\/420
|-weather|Sandstorm
|detailschange|p1a: Metagross|Metagross-Mega
|-mega|p1a: Metagross|Metagross|Metagrossite
|move|p1a: Metagross|Hammer Arm|p2a: Hippowdon
|-damage|p2a: Hippowdon|290\/420
|-unboost|p1a: Metagross|spe|1
|
|-weather|Sandstorm|[upkeep]
|-heal|p2a: Hippowdon|316\/420|[from] item: Leftovers
|turn|42
|c| NostalgiaTesting|so slow
|c| Pure Soul Child|c-c-c-combo breaker
|
|switch|p1a: Clefable|Clefable, F|393\/393 brn
|move|p2a: Hippowdon|Earthquake|p1a: Clefable
|-damage|p1a: Clefable|273\/393 brn
|
|-weather|Sandstorm|[upkeep]
|-heal|p1a: Clefable|297\/393 brn|[from] item: Leftovers
|-heal|p2a: Hippowdon|342\/420|[from] item: Leftovers
|turn|43
|
|switch|p2a: Ferrothorn|Ferrothorn, M|352\/352
|move|p1a: Clefable|Calm Mind|p1a: Clefable
|-boost|p1a: Clefable|spa|1
|-boost|p1a: Clefable|spd|1
|
|-weather|Sandstorm|[upkeep]
|-heal|p1a: Clefable|321\/393 brn|[from] item: Leftovers
|turn|44
|join|Darome
|c| Lord Tentacruel|oh my
|
|move|p1a: Clefable|Calm Mind|p1a: Clefable
|-boost|p1a: Clefable|spa|1
|-boost|p1a: Clefable|spd|1
|move|p2a: Ferrothorn|Gyro Ball|p1a: Clefable
|-supereffective|p1a: Clefable
|-damage|p1a: Clefable|133\/393 brn
|
|-weather|Sandstorm|[upkeep]
|-heal|p1a: Clefable|157\/393 brn|[from] item: Leftovers
|turn|45
|c| Lord Tentacruel|I returned 30 turns later
|c| Pure Soul Child|no changes lol
|c| NostalgiaTesting|ammonguss died
|
|switch|p2a: Hippowdon|Hippowdon, F|342\/420
|move|p1a: Clefable|Soft-Boiled|p1a: Clefable
|-heal|p1a: Clefable|354\/393 brn
|
|-weather|none
|-heal|p1a: Clefable|378\/393 brn|[from] item: Leftovers
|-heal|p2a: Hippowdon|368\/420|[from] item: Leftovers
|turn|46
|c| Pure Soul Child|\/me sighhs
|
|move|p1a: Clefable|Moonblast|p2a: Hippowdon
|-damage|p2a: Hippowdon|106\/420
|move|p2a: Hippowdon|Whirlwind|p1a: Clefable
|drag|p1a: Slowbro|Slowbro, M|325\/393 brn
|-damage|p1a: Slowbro|276\/393 brn|[from] Spikes
|-damage|p1a: Slowbro|227\/393 brn|[from] Stealth Rock
|
|-heal|p2a: Hippowdon|132\/420|[from] item: Leftovers
|-heal|p1a: Slowbro|251\/393 brn|[from] item: Leftovers
|-damage|p1a: Slowbro|202\/393 brn|[from] brn
|turn|47
|c|âSerpi386|why did they have to give this softboiled?
|c| Pure Soul Child|\/me was being sarcastic
|c| NostalgiaTesting|yus
|join|Monsey
|c| NostalgiaTesting|softboiled is annoying
|
|switch|p2a: Rotom-Wash|Rotom-Wash|153\/303 brn
|move|p1a: Slowbro|Scald|p2a: Rotom-Wash
|-resisted|p2a: Rotom-Wash
|-damage|p2a: Rotom-Wash|109\/303 brn
|
|-heal|p2a: Rotom-Wash|127\/303 brn|[from] item: Leftovers
|-heal|p1a: Slowbro|226\/393 brn|[from] item: Leftovers
|-damage|p2a: Rotom-Wash|90\/303 brn|[from] brn
|-damage|p1a: Slowbro|177\/393 brn|[from] brn
|turn|48
|
|switch|p1a: Clefable|Clefable, F|378\/393 brn
|move|p2a: Rotom-Wash|Volt Switch|p1a: Clefable
|-damage|p1a: Clefable|279\/393 brn
|c|âreq'd by crobro|im having fun
|
|switch|p2a: Heatran|Heatran, M|248\/325
|
|-heal|p1a: Clefable|303\/393 brn|[from] item: Leftovers
|turn|49
|
|switch|p1a: Slowbro|Slowbro, M|308\/393 brn
|-damage|p1a: Slowbro|259\/393 brn|[from] Stealth Rock
|-damage|p1a: Slowbro|210\/393 brn|[from] Spikes
|move|p2a: Heatran|Fire Blast|p1a: Slowbro
|-resisted|p1a: Slowbro
|-damage|p1a: Slowbro|84\/393 brn
|
|-heal|p1a: Slowbro|108\/393 brn|[from] item: Leftovers
|-damage|p1a: Slowbro|59\/393 brn|[from] brn
|turn|50
|
|move|p2a: Heatran|Earth Power|p1a: Slowbro
|-damage|p1a: Slowbro|0 fnt
|faint|p1a: Slowbro
|
|c| NostalgiaTesting|lol
|c| Cardz|!
|c| NostalgiaTesting|third death
|
|switch|p1a: Metagross|Metagross-Mega|246\/301
|-damage|p1a: Metagross|228\/301|[from] Stealth Rock
|-damage|p1a: Metagross|191\/301|[from] Spikes
|turn|51
|c| 2spooky5me|Turn 50, third death ( Í¡Â° ÍÊ Í¡Â°)
|c|âreq'd by crobro|nah now things die
|c| NostalgiaTesting|um
|c| NostalgiaTesting|9 to go
|c| NostalgiaTesting|thats like turn 200
|c| 2spooky5me|Req'd by crobro don't gives a fuck anymore ( Í¡Â° ÍÊ Í¡Â°)
|c| Cardz|regenerators gone though
|c|âreq'd by crobro|dont need them
|c|âreq'd by crobro|i have megagross
|c| NostalgiaTesting|haha
|
|switch|p2a: Latios|Latios, M|241\/299
|move|p1a: Metagross|Hammer Arm|p2a: Latios
|-resisted|p2a: Latios
|-damage|p2a: Latios|139\/299
|-unboost|p1a: Metagross|spe|1
|
|turn|52
|
|switch|p1a: Clefable|Clefable, F|303\/393 brn
|move|p2a: Latios|Earthquake|p1a: Clefable
|-damage|p1a: Clefable|221\/393 brn
|-damage|p2a: Latios|110\/299|[from] item: Life Orb
|
|-heal|p1a: Clefable|245\/393 brn|[from] item: Leftovers
|turn|53
|c| Pure Soul Child|d-d-d-double kill
|
|switch|p2a: Heatran|Heatran, M|248\/325
|move|p1a: Clefable|Soft-Boiled|p1a: Clefable
|-heal|p1a: Clefable|393\/393 brn
|
|turn|54
|
|switch|p1a: Landorus-Therian|Landorus-Therian, M|144\/319
|-damage|p1a: Landorus-Therian|105\/319|[from] Stealth Rock
|-ability|p1a: Landorus-Therian|Intimidate|[of] p2a: Heatran
|-unboost|p2a: Heatran|atk|1
|move|p2a: Heatran|Fire Blast|p1a: Landorus-Therian
|-damage|p1a: Landorus-Therian|0 fnt
|faint|p1a: Landorus-Therian
|
|
|switch|p1a: Metagross|Metagross-Mega|191\/301
|-damage|p1a: Metagross|154\/301|[from] Spikes
|-damage|p1a: Metagross|136\/301|[from] Stealth Rock
|turn|55
|c| Pure Soul Child|multikill!
|c|âreq'd by crobro|wheres the switch
|c| 2spooky5me|Turn 54, fourth death ( Í¡Â° ÍÊ Í¡Â°)
|
|switch|p2a: Hippowdon|Hippowdon, F|132\/420
|-weather|Sandstorm
|move|p1a: Metagross|Hammer Arm|p2a: Hippowdon
|-damage|p2a: Hippowdon|2\/420
|-unboost|p1a: Metagross|spe|1
|
|-weather|Sandstorm|[upkeep]
|-heal|p2a: Hippowdon|28\/420|[from] item: Leftovers
|turn|56
|c| 2spooky5me|1% ( Í¡Â° ÍÊ Í¡Â°)
|
|move|p1a: Metagross|Bullet Punch|p2a: Hippowdon
|-damage|p2a: Hippowdon|0 fnt
|faint|p2a: Hippowdon
|
|-weather|Sandstorm|[upkeep]
|c| Pure Soul Child|c-c-c-combo breaker
|
|switch|p2a: Heatran|Heatran, M|248\/325
|turn|57
|
|switch|p1a: Heatran|Heatran, F|271\/385
|-damage|p1a: Heatran|223\/385|[from] Spikes
|-damage|p1a: Heatran|175\/385|[from] Stealth Rock
|move|p2a: Heatran|Earth Power|p1a: Heatran
|-supereffective|p1a: Heatran
|-damage|p1a: Heatran|0 fnt
|faint|p1a: Heatran
|
|-weather|Sandstorm|[upkeep]
|c| Pure Soul Child|revenge!
|c| Darome|ooooooooooh
|
|switch|p1a: Metagross|Metagross-Mega|136\/301
|-damage|p1a: Metagross|118\/301|[from] Stealth Rock
|-damage|p1a: Metagross|81\/301|[from] Spikes
|turn|58
|c| 2spooky5me|Turn 57, fifth death ( Í¡Â° ÍÊ Í¡Â°)
|
|switch|p2a: Rotom-Wash|Rotom-Wash|90\/303 brn
|move|p1a: Metagross|Zen Headbutt|p2a: Rotom-Wash
|-damage|p2a: Rotom-Wash|0 fnt
|faint|p2a: Rotom-Wash
|
|-weather|Sandstorm|[upkeep]
|c|âSerpi386|i got purdicted
|c| Pure Soul Child|NEMESIS!!!
|c| NostalgiaTesting|a haha
|
|switch|p2a: Ferrothorn|Ferrothorn, M|352\/352
|turn|59
|
|switch|p1a: Clefable|Clefable, F|393\/393 brn
|move|p2a: Ferrothorn|Gyro Ball|p1a: Clefable
|-supereffective|p1a: Clefable
|-damage|p1a: Clefable|205\/393 brn
|
|-weather|none
|-heal|p1a: Clefable|229\/393 brn|[from] item: Leftovers
|turn|60
|
|switch|p2a: Heatran|Heatran, M|248\/325
|move|p1a: Clefable|Calm Mind|p1a: Clefable
|-boost|p1a: Clefable|spa|1
|-boost|p1a: Clefable|spd|1
|
|-heal|p1a: Clefable|253\/393 brn|[from] item: Leftovers
|turn|61
|
|move|p2a: Heatran|Taunt|p1a: Clefable
|-start|p1a: Clefable|move: Taunt
|move|p1a: Clefable|Moonblast|p2a: Heatran
|-resisted|p2a: Heatran
|-damage|p2a: Heatran|211\/325
|
|-heal|p1a: Clefable|277\/393 brn|[from] item: Leftovers
|turn|62
|c| NostalgiaTesting|no flamethrower
|
|move|p2a: Heatran|Fire Blast|p1a: Clefable
|-damage|p1a: Clefable|130\/393 brn
|move|p1a: Clefable|Moonblast|p2a: Heatran
|-resisted|p2a: Heatran
|-damage|p2a: Heatran|172\/325
|-unboost|p2a: Heatran|spa|1
|
|-heal|p1a: Clefable|154\/393 brn|[from] item: Leftovers
|turn|63
|c| NostalgiaTesting|:(
|join|Ken Valbrandur
|c| NostalgiaTesting|reveal hp ground
|c| NostalgiaTesting|pls
|c| Pure Soul Child|reveal flash cannon
|
|move|p2a: Heatran|Earth Power|p1a: Clefable
|-crit|p1a: Clefable
|-damage|p1a: Clefable|0 fnt
|faint|p1a: Clefable
|
|c| NostalgiaTesting|crobro
|c| NostalgiaTesting|ur not even trying
|c| Cardz|!
|c| 2spooky5me|crit ( Í¡Â° ÍÊ Í¡Â°)
|c|âSerpi386|mattered
|
|switch|p1a: Metagross|Metagross-Mega|81\/301
|-damage|p1a: Metagross|63\/301|[from] Stealth Rock
|-damage|p1a: Metagross|26\/301|[from] Spikes
|turn|64
|c| NostalgiaTesting|ur not even trying
|c|âreq'd by crobro|gg
|c|âSerpi386|gg
|
|switch|p2a: Ferrothorn|Ferrothorn, M|352\/352
|move|p1a: Metagross|Hammer Arm|p2a: Ferrothorn
|-supereffective|p2a: Ferrothorn
|-damage|p2a: Ferrothorn|130\/352
|-damage|p1a: Metagross|0 fnt|[from] ability: Iron Barbs|[of] p2a: Ferrothorn
|faint|p1a: Metagross
|
|win|Serpi386
|c| NostalgiaTesting|lol