|join|req'd by crobro
|join|Chivalry Lives
|join|StripShot
|join|Teremiare
|player|p1|req'd by crobro|288
|player|p2|Chivalry Lives|161
|gametype|singles
|gen|6
|tier|OU
|clearpoke
|poke|p1|Amoonguss, M
|poke|p1|Slowbro, M
|poke|p1|Heatran, F
|poke|p1|Landorus-Therian, M
|poke|p1|Metagross
|poke|p1|Clefable, F
|poke|p2|Latios, M
|poke|p2|Landorus-Therian, M
|poke|p2|Slowbro, M
|poke|p2|Heatran, M
|poke|p2|Sylveon, M
|poke|p2|Talonflame, M
|rule|Swagger Clause: Swagger is banned
|rule|Baton Pass Clause: Limit one PokÃ©mon knowing Baton Pass
|rule|Sleep Clause Mod: Limit one foe put to sleep
|rule|Species Clause: Limit one of each PokÃ©mon
|rule|OHKO Clause: OHKO moves are banned
|rule|Moody Clause: Moody is banned
|rule|Evasion Moves Clause: Evasion moves are banned
|rule|Endless Battle Clause: Forcing endless battles is banned
|rule|HP Percentage Mod: HP is shown in percentages
|teampreview
|c|âChivalry Lives|Well, this is awkward
|
|start
|switch|p1a: Landorus-Therian|Landorus-Therian, M|319\/319
|switch|p2a: Landorus-Therian|Landorus-Therian, M|319\/319
|-ability|p1a: Landorus-Therian|Intimidate|[of] p2a: Landorus-Therian
|-unboost|p2a: Landorus-Therian|atk|1
|-ability|p2a: Landorus-Therian|Intimidate|[of] p1a: Landorus-Therian
|-unboost|p1a: Landorus-Therian|atk|1
|turn|1
|join|kankuro1954
|join|Frickett
|
|move|p1a: Landorus-Therian|U-turn|p2a: Landorus-Therian
|-resisted|p2a: Landorus-Therian
|-damage|p2a: Landorus-Therian|282\/319
|join|Arashi Sora
|
|switch|p1a: Slowbro|Slowbro, M|393\/393
|move|p2a: Landorus-Therian|Knock Off|p1a: Slowbro
|-supereffective|p1a: Slowbro
|-damage|p1a: Slowbro|283\/393
|-enditem|p1a: Slowbro|Leftovers|[from] move: Knock Off|[of] p2a: Landorus-Therian
|
|turn|2
|
|switch|p1a: Heatran|Heatran, F|385\/385
|move|p2a: Landorus-Therian|U-turn|p1a: Heatran
|-resisted|p1a: Heatran
|-damage|p1a: Heatran|372\/385
|leave|Frickett
|
|switch|p2a: Slowbro|Slowbro, M|394\/394
|
|-heal|p1a: Heatran|385\/385|[from] item: Leftovers
|turn|3
|
|move|p1a: Heatran|Stealth Rock|p2a: Slowbro
|-sidestart|p2: Chivalry Lives|move: Stealth Rock
|move|p2a: Slowbro|Scald|p1a: Heatran
|-supereffective|p1a: Heatran
|-damage|p1a: Heatran|263\/385
|
|-heal|p1a: Heatran|287\/385|[from] item: Leftovers
|turn|4
|
|switch|p1a: Clefable|Clefable, F|393\/393
|move|p2a: Slowbro|Scald|p1a: Clefable
|-damage|p1a: Clefable|297\/393
|
|-heal|p1a: Clefable|321\/393|[from] item: Leftovers
|turn|5
|
|switch|p1a: Metagross|Metagross|301\/301
|switch|p2a: Heatran|Heatran, M|386\/386
|-damage|p2a: Heatran|338\/386|[from] Stealth Rock
|
|-heal|p2a: Heatran|362\/386|[from] item: Leftovers
|turn|6
|
|detailschange|p1a: Metagross|Metagross-Mega
|-mega|p1a: Metagross|Metagross|Metagrossite
|move|p1a: Metagross|Earthquake|p2a: Heatran
|-supereffective|p2a: Heatran
|-damage|p2a: Heatran|0 fnt
|faint|p2a: Heatran
|
|c|âreq'd by crobro|sweet
|
|switch|p2a: Slowbro|Slowbro, M|394\/394
|-damage|p2a: Slowbro|345\/394|[from] Stealth Rock
|turn|7
|c|âreq'd by crobro|gk was so obvious
|
|switch|p1a: Amoonguss|Amoonguss, M|431\/431
|detailschange|p2a: Slowbro|Slowbro-Mega, M
|-mega|p2a: Slowbro|Slowbro|Slowbronite
|move|p2a: Slowbro|Scald|p1a: Amoonguss
|-resisted|p1a: Amoonguss
|-damage|p1a: Amoonguss|359\/431
|
|-heal|p1a: Amoonguss|385\/431|[from] item: Black Sludge
|turn|8
|
|switch|p2a: Latios|Latios, M|301\/301
|-damage|p2a: Latios|264\/301|[from] Stealth Rock
|move|p1a: Amoonguss|Giga Drain|p2a: Latios
|-resisted|p2a: Latios
|-damage|p2a: Latios|229\/301
|-heal|p1a: Amoonguss|403\/431|[from] drain|[of] p2a: Latios
|
|-heal|p1a: Amoonguss|429\/431|[from] item: Black Sludge
|turn|9
|
|switch|p1a: Landorus-Therian|Landorus-Therian, M|319\/319
|-ability|p1a: Landorus-Therian|Intimidate|[of] p2a: Latios
|-unboost|p2a: Latios|atk|1
|move|p2a: Latios|Trick|p1a: Landorus-Therian
|-activate|p2a: Latios|move: Trick|[of] p1a: Landorus-Therian
|-item|p1a: Landorus-Therian|Choice Scarf|[from] move: Trick
|-item|p2a: Latios|Choice Scarf|[from] move: Trick
|
|turn|10
|
|switch|p2a: Landorus-Therian|Landorus-Therian, M|282\/319
|-damage|p2a: Landorus-Therian|243\/319|[from] Stealth Rock
|-ability|p2a: Landorus-Therian|Intimidate|[of] p1a: Landorus-Therian
|-unboost|p1a: Landorus-Therian|atk|1
|move|p1a: Landorus-Therian|U-turn|p2a: Landorus-Therian
|-crit|p2a: Landorus-Therian
|-resisted|p2a: Landorus-Therian
|-damage|p2a: Landorus-Therian|156\/319
|
|switch|p1a: Slowbro|Slowbro, M|393\/393
|
|turn|11
|
|move|p2a: Landorus-Therian|U-turn|p1a: Slowbro
|-supereffective|p1a: Slowbro
|-damage|p1a: Slowbro|273\/393
|join|only team testing
|
|switch|p2a: Latios|Latios, M|229\/301
|-damage|p2a: Latios|192\/301|[from] Stealth Rock
|move|p1a: Slowbro|Scald|p2a: Latios
|-resisted|p2a: Latios
|-damage|p2a: Latios|147\/301
|
|turn|12
|
|switch|p1a: Metagross|Metagross-Mega|301\/301
|move|p2a: Latios|Defog|p1a: Metagross
|-unboost|p1a: Metagross|evasion|1
|-sideend|p2: Chivalry Lives|Stealth Rock|[from] move: Defog|[of] p2a: Latios
|
|turn|13
|
|switch|p2a: Slowbro|Slowbro-Mega, M|345\/394
|move|p1a: Metagross|Meteor Mash|p2a: Slowbro
|-resisted|p2a: Slowbro
|-damage|p2a: Slowbro|292\/394
|
|turn|14
|
|switch|p1a: Amoonguss|Amoonguss, M|431\/431
|move|p2a: Slowbro|Scald|p1a: Amoonguss
|-resisted|p1a: Amoonguss
|-damage|p1a: Amoonguss|364\/431
|-status|p1a: Amoonguss|brn
|
|-heal|p1a: Amoonguss|390\/431 brn|[from] item: Black Sludge
|-damage|p1a: Amoonguss|337\/431 brn|[from] brn
|turn|15
|leave|only team testing
|
|switch|p2a: Talonflame|Talonflame, M|297\/297
|move|p1a: Amoonguss|Giga Drain|p2a: Talonflame
|-resisted|p2a: Talonflame
|-damage|p2a: Talonflame|270\/297
|-heal|p1a: Amoonguss|351\/431 brn|[from] drain|[of] p2a: Talonflame
|
|-heal|p1a: Amoonguss|377\/431 brn|[from] item: Black Sludge
|-damage|p1a: Amoonguss|324\/431 brn|[from] brn
|turn|16
|
|switch|p1a: Slowbro|Slowbro, M|393\/393
|move|p2a: Talonflame|Brave Bird|p1a: Slowbro
|-damage|p1a: Slowbro|246\/393
|-damage|p2a: Talonflame|221\/297|[from] recoil|[of] p1a: Slowbro
|
|turn|17
|c|âreq'd by crobro|yay cancel
|
|switch|p2a: Slowbro|Slowbro-Mega, M|292\/394
|move|p1a: Slowbro|Scald|p2a: Slowbro
|-resisted|p2a: Slowbro
|-damage|p2a: Slowbro|233\/394
|-status|p2a: Slowbro|brn
|
|-damage|p2a: Slowbro|184\/394 brn|[from] brn
|turn|18
|
|switch|p1a: Amoonguss|Amoonguss, M|431\/431 brn
|move|p2a: Slowbro|Rest|p2a: Slowbro
|-status|p2a: Slowbro|slp
|-heal|p2a: Slowbro|394\/394 slp|[silent]
|-status|p2a: Slowbro|slp|[from] move: Rest
|
|-damage|p1a: Amoonguss|378\/431 brn|[from] brn
|turn|19
|
|switch|p2a: Sylveon|Sylveon, M|394\/394
|move|p1a: Amoonguss|Spore|p2a: Sylveon
|-status|p2a: Sylveon|slp
|
|-heal|p1a: Amoonguss|404\/431 brn|[from] item: Black Sludge
|-damage|p1a: Amoonguss|351\/431 brn|[from] brn
|turn|20
|
|switch|p2a: Talonflame|Talonflame, M|221\/297
|switch|p1a: Heatran|Heatran, F|287\/385
|
|-heal|p1a: Heatran|311\/385|[from] item: Leftovers
|turn|21
|
|move|p2a: Talonflame|Swords Dance|p2a: Talonflame
|-boost|p2a: Talonflame|atk|2
|move|p1a: Heatran|Stealth Rock|p2a: Talonflame
|-sidestart|p2: Chivalry Lives|move: Stealth Rock
|
|-heal|p1a: Heatran|335\/385|[from] item: Leftovers
|turn|22
|
|move|p2a: Talonflame|Brave Bird|p1a: Heatran
|-resisted|p1a: Heatran
|-damage|p1a: Heatran|139\/385
|-damage|p2a: Talonflame|156\/297|[from] recoil|[of] p1a: Heatran
|move|p1a: Heatran|Roar|p2a: Talonflame
|drag|p2a: Slowbro|Slowbro-Mega, M|394\/394 slp
|-damage|p2a: Slowbro|345\/394 slp|[from] Stealth Rock
|
|-heal|p1a: Heatran|163\/385|[from] item: Leftovers
|turn|23
|
|switch|p1a: Amoonguss|Amoonguss, M|431\/431 brn
|cant|p2a: Slowbro|slp
|move|p2a: Slowbro|Sleep Talk|p2a: Slowbro
|move|p2a: Slowbro|Scald|p1a: Amoonguss|[from]Sleep Talk
|-resisted|p1a: Amoonguss
|-damage|p1a: Amoonguss|368\/431 brn
|
|-heal|p1a: Amoonguss|394\/431 brn|[from] item: Black Sludge
|-damage|p1a: Amoonguss|341\/431 brn|[from] brn
|turn|24
|leave|kankuro1954
|
|switch|p2a: Latios|Latios, M|147\/301
|-damage|p2a: Latios|110\/301|[from] Stealth Rock
|move|p1a: Amoonguss|Giga Drain|p2a: Latios
|-resisted|p2a: Latios
|-damage|p2a: Latios|71\/301
|-heal|p1a: Amoonguss|361\/431 brn|[from] drain|[of] p2a: Latios
|
|-heal|p1a: Amoonguss|387\/431 brn|[from] item: Black Sludge
|-damage|p1a: Amoonguss|334\/431 brn|[from] brn
|turn|25
|
|switch|p1a: Metagross|Metagross-Mega|301\/301
|move|p2a: Latios|Trick|p1a: Metagross
|-fail|p1a: Metagross
|
|turn|26
|
|move|p2a: Latios|Trick|p1a: Metagross
|-fail|p1a: Metagross
|move|p1a: Metagross|Meteor Mash|p2a: Latios
|-damage|p2a: Latios|0 fnt
|-boost|p1a: Metagross|atk|1
|faint|p2a: Latios
|
|
|switch|p2a: Slowbro|Slowbro-Mega, M|345\/394 slp
|-damage|p2a: Slowbro|296\/394 slp|[from] Stealth Rock
|turn|27
|
|switch|p1a: Amoonguss|Amoonguss, M|431\/431 brn
|cant|p2a: Slowbro|slp
|move|p2a: Slowbro|Sleep Talk|p2a: Slowbro
|move|p2a: Slowbro|Calm Mind|p2a: Slowbro|[from]Sleep Talk
|-boost|p2a: Slowbro|spa|1
|-boost|p2a: Slowbro|spd|1
|
|-damage|p1a: Amoonguss|378\/431 brn|[from] brn
|turn|28
|
|move|p1a: Amoonguss|Clear Smog|p2a: Slowbro
|-damage|p2a: Slowbro|257\/394 slp
|-clearboost|p2a: Slowbro
|-curestatus|p2a: Slowbro|slp
|move|p2a: Slowbro|Rest|p2a: Slowbro
|-status|p2a: Slowbro|slp
|-heal|p2a: Slowbro|394\/394 slp|[silent]
|-status|p2a: Slowbro|slp|[from] move: Rest
|
|-heal|p1a: Amoonguss|404\/431 brn|[from] item: Black Sludge
|-damage|p1a: Amoonguss|351\/431 brn|[from] brn
|turn|29
|c|âChivalry Lives|gg
|c|âreq'd by crobro|gg
|-message|Chivalry Lives forfeited.
|leave|Chivalry Lives
|
|win|req'd by crobro
|leave|req'd by crobro
|player|p2
|leave|Teremiare
|player|p1
|leave|StripShot