|join|dorkman75
|join|req'd by crobro
|player|p1|dorkman75|266
|player|p2|req'd by crobro|288
|gametype|singles
|gen|6
|tier|OU
|clearpoke
|poke|p1|Heracross, M
|poke|p1|Shuckle, M
|poke|p1|Azumarill, M
|poke|p1|Landorus, M
|poke|p1|Heatran, M
|poke|p1|Toxicroak, M
|poke|p2|Amoonguss, F
|poke|p2|Slowbro, F
|poke|p2|Heatran, M
|poke|p2|Landorus-Therian, M
|poke|p2|Metagross, shiny
|poke|p2|Clefable, F
|rule|Swagger Clause: Swagger is banned
|rule|Baton Pass Clause: Limit one PokÃ©mon knowing Baton Pass
|rule|Sleep Clause Mod: Limit one foe put to sleep
|rule|Species Clause: Limit one of each PokÃ©mon
|rule|OHKO Clause: OHKO moves are banned
|rule|Moody Clause: Moody is banned
|rule|Evasion Moves Clause: Evasion moves are banned
|rule|Endless Battle Clause: Forcing endless battles is banned
|rule|HP Percentage Mod: HP is shown in percentages
|teampreview
|join|Qwazz
|join|SerebiiRules
|join|Alkov
|c| Qwazz|He isnt one of us
|join|feevur
|
|start
|switch|p1a: Shuckle|Shuckle, M|243\/243
|switch|p2a: Metagross|Metagross, shiny|301\/301
|turn|1
|c|âreq'd by crobro|so uh
|c| Qwazz|All hail smogon
|c|âreq'd by crobro|metagross just 6-0s
|c| Qwazz|lol
|c|âreq'd by crobro|like
|c|âreq'd by crobro|i dont even need to switch
|
|detailschange|p2a: Metagross|Metagross-Mega, shiny
|-mega|p2a: Metagross|Metagross|Metagrossite
|move|p2a: Metagross|Meteor Mash|p1a: Shuckle
|-supereffective|p1a: Shuckle
|-damage|p1a: Shuckle|55\/243
|move|p1a: Shuckle|Sticky Web|p2a: Metagross
|-sidestart|p2: req'd by crobro|move: Sticky Web
|
|-heal|p1a: Shuckle|70\/243|[from] item: Leftovers
|turn|2
|c| Qwazz|eat it up
|join|Sabuu
|
|move|p2a: Metagross|Meteor Mash|p1a: Shuckle|[miss]
|-miss|p2a: Metagross|p1a: Shuckle
|move|p1a: Shuckle|Stealth Rock|p2a: Metagross
|-sidestart|p2: req'd by crobro|move: Stealth Rock
|
|-heal|p1a: Shuckle|85\/243|[from] item: Leftovers
|turn|3
|c| Qwazz|lolololol
|c| Qwazz|rekt
|c|âreq'd by crobro|i really hope thats air balloon tran
|
|move|p2a: Metagross|Meteor Mash|p1a: Shuckle
|-supereffective|p1a: Shuckle
|-damage|p1a: Shuckle|0 fnt
|faint|p1a: Shuckle
|
|c|âreq'd by crobro|or this man just loses
|leave|Qwazz
|
|switch|p1a: Heatran|Heatran, M|323\/323
|turn|4
|
|move|p1a: Heatran|Flamethrower|p2a: Metagross
|-supereffective|p2a: Metagross
|-damage|p2a: Metagross|0 fnt
|faint|p2a: Metagross
|
|c|âdorkman75|bitch
|join|Sir Slaking
|c|âdorkman75|nigga
|
|switch|p2a: Heatran|Heatran, M|385\/385
|-activate|p2a: Heatran|move: Sticky Web
|-unboost|p2a: Heatran|spe|1
|-damage|p2a: Heatran|337\/385|[from] Stealth Rock
|turn|5
|join|Qwazz
|c|âdorkman75|thats the shit i dont like
|c| Qwazz|oops
|c| Qwazz|nice n fukt
|c|âreq'd by crobro|lol
|c| Sir Slaking|always scout
|
|switch|p1a: Landorus|Landorus, M|319\/319
|move|p2a: Heatran|Stealth Rock|p1a: Landorus
|-sidestart|p1: dorkman75|move: Stealth Rock
|
|-heal|p2a: Heatran|361\/385|[from] item: Leftovers
|turn|6
|c| Sir Slaking|m8
|c| Sir Slaking|cm lando would just win here
|c| Qwazz|lol
|
|switch|p2a: Landorus-Therian|Landorus-Therian, M|319\/319
|-damage|p2a: Landorus-Therian|280\/319|[from] Stealth Rock
|-ability|p2a: Landorus-Therian|Intimidate|[of] p1a: Landorus
|-unboost|p1a: Landorus|atk|1
|move|p1a: Landorus|Psychic|p2a: Landorus-Therian
|-crit|p2a: Landorus-Therian
|-damage|p2a: Landorus-Therian|2\/319
|
|turn|7
|join|gyarad0site
|c| Qwazz|bop
|c|âreq'd by crobro|owie
|c| Qwazz|rekt
|c| SerebiiRules|!
|
|move|p2a: Landorus-Therian|Explosion|p1a: Landorus
|-damage|p1a: Landorus|0 fnt
|faint|p2a: Landorus-Therian
|faint|p1a: Landorus
|
|c|âreq'd by crobro|lel
|c| Sir Slaking|obv.
|join|UnderDoge42
|c| Sir Slaking|hera can still probably do some work, idk
|
|switch|p1a: Toxicroak|Toxicroak, M|307\/307
|switch|p2a: Clefable|Clefable, F|393\/393
|-damage|p1a: Toxicroak|288\/307|[from] Stealth Rock
|-activate|p2a: Clefable|move: Sticky Web
|-unboost|p2a: Clefable|spe|1
|turn|8
|c| Qwazz|that made me cry
|
|switch|p2a: Slowbro|Slowbro, F|394\/394
|-activate|p2a: Slowbro|move: Sticky Web
|-unboost|p2a: Slowbro|spe|1
|-damage|p2a: Slowbro|345\/394|[from] Stealth Rock
|move|p1a: Toxicroak|Gunk Shot|p2a: Slowbro
|-damage|p2a: Slowbro|181\/394
|-damage|p1a: Toxicroak|258\/307|[from] item: Life Orb
|
|-heal|p2a: Slowbro|205\/394|[from] item: Leftovers
|turn|9
|c| Sir Slaking|also BD azumarill
|c| Sir Slaking|just wins
|c|âreq'd by crobro|ya kinda
|leave|SerebiiRules
|join|SerebiiRules
|
|switch|p1a: Azumarill|Azumarill, M|341\/341
|-damage|p1a: Azumarill|299\/341|[from] Stealth Rock
|move|p2a: Slowbro|Thunder Wave|p1a: Azumarill
|-status|p1a: Azumarill|par
|
|-heal|p2a: Slowbro|229\/394|[from] item: Leftovers
|turn|10
|c|âreq'd by crobro|now it doesnt
|
|switch|p2a: Amoonguss|Amoonguss, F|431\/431
|-activate|p2a: Amoonguss|move: Sticky Web
|-unboost|p2a: Amoonguss|spe|1
|-damage|p2a: Amoonguss|378\/431|[from] Stealth Rock
|move|p1a: Azumarill|Knock Off|p2a: Amoonguss
|-damage|p2a: Amoonguss|166\/431
|-enditem|p2a: Amoonguss|Black Sludge|[from] move: Knock Off|[of] p1a: Azumarill
|
|turn|11
|join|jonj9292
|
|switch|p1a: Heatran|Heatran, M|323\/323
|-damage|p1a: Heatran|283\/323|[from] Stealth Rock
|move|p2a: Amoonguss|Spore|p1a: Heatran
|-status|p1a: Heatran|slp
|
|turn|12
|
|switch|p1a: Heracross|Heracross, M|301\/301
|-damage|p1a: Heracross|264\/301|[from] Stealth Rock
|switch|p2a: Heatran|Heatran, M|361\/385
|-activate|p2a: Heatran|move: Sticky Web
|-unboost|p2a: Heatran|spe|1
|-damage|p2a: Heatran|313\/385|[from] Stealth Rock
|
|-heal|p2a: Heatran|337\/385|[from] item: Leftovers
|turn|13
|c| Sir Slaking|im pretty certain mega hera also beats you up
|join|yuruuu
|c| Sir Slaking|like all of his team pretty much eats yours
|c|âreq'd by crobro|ye
|
|move|p1a: Heracross|Close Combat|p2a: Heatran
|-supereffective|p2a: Heatran
|-damage|p2a: Heatran|0 fnt
|-unboost|p1a: Heracross|def|1
|-unboost|p1a: Heracross|spd|1
|faint|p2a: Heatran
|-boost|p1a: Heracross|atk|1|[from] ability: Moxie
|
|
|switch|p2a: Clefable|Clefable, F|393\/393
|-activate|p2a: Clefable|move: Sticky Web
|-unboost|p2a: Clefable|spe|1
|turn|14
|
|switch|p1a: Azumarill|Azumarill, M|299\/341 par
|-damage|p1a: Azumarill|257\/341 par|[from] Stealth Rock
|move|p2a: Clefable|Moonblast|p1a: Azumarill
|-damage|p1a: Azumarill|134\/341 par
|-unboost|p1a: Azumarill|spa|1
|
|turn|15
|
|move|p2a: Clefable|Moonblast|p1a: Azumarill
|-damage|p1a: Azumarill|13\/341 par
|move|p1a: Azumarill|Knock Off|p2a: Clefable
|-crit|p2a: Clefable
|-resisted|p2a: Clefable
|-damage|p2a: Clefable|248\/393
|-enditem|p2a: Clefable|Leftovers|[from] move: Knock Off|[of] p1a: Azumarill
|
|turn|16
|
|move|p2a: Clefable|Soft-Boiled|p2a: Clefable
|-heal|p2a: Clefable|393\/393
|move|p1a: Azumarill|Knock Off|p2a: Clefable
|-resisted|p2a: Clefable
|-damage|p2a: Clefable|335\/393
|
|turn|17
|
|move|p2a: Clefable|Soft-Boiled|p2a: Clefable
|-heal|p2a: Clefable|393\/393
|move|p1a: Azumarill|Knock Off|p2a: Clefable
|-resisted|p2a: Clefable
|-damage|p2a: Clefable|328\/393
|
|turn|18
|
|move|p2a: Clefable|Moonblast|p1a: Azumarill
|-damage|p1a: Azumarill|0 fnt
|faint|p1a: Azumarill
|
|join|AdvanceShip
|c| Qwazz|what is the point lol
|c| Qwazz|of that
|c|âreq'd by crobro|i was trying to get to full
|c|âdorkman75|thx for wasting pp
|c|âreq'd by crobro|but i thought hed go to croak
|c| Qwazz|lol
|
|switch|p1a: Toxicroak|Toxicroak, M|258\/307
|-damage|p1a: Toxicroak|239\/307|[from] Stealth Rock
|turn|19
|c|âreq'd by crobro|not that i need it
|
|move|p1a: Toxicroak|Gunk Shot|p2a: Clefable
|-supereffective|p2a: Clefable
|-damage|p2a: Clefable|0 fnt
|-damage|p1a: Toxicroak|209\/307|[from] item: Life Orb
|faint|p2a: Clefable
|
|join|foncused
|c|âreq'd by crobro|ah gg
|c|âdorkman75|gg
|-message|req'd by crobro forfeited.
|
|win|dorkman75
|leave|req'd by crobro
|player|p2
|leave|dorkman75
|player|p1
|leave|feevur
|leave|gyarad0site
|leave|SerebiiRules
|leave|UnderDoge42
|leave|yuruuu
|leave|Sir Slaking
|leave|AdvanceShip
|leave|Alkov
|leave|Sabuu
|leave|jonj9292
|leave|foncused