|join|req'd by crobro
|join|xtraDOLLARshine
|player|p1|req'd by crobro|247
|player|p2|xtraDOLLARshine|265
|gametype|singles
|gen|6
|tier|OU
|clearpoke
|poke|p1|Altaria, M
|poke|p1|Ferrothorn, M
|poke|p1|Starmie
|poke|p1|Heatran, F
|poke|p1|Hippowdon, M
|poke|p1|Keldeo-Resolute
|poke|p2|Azelf
|poke|p2|Houndoom, F
|poke|p2|Scizor, M
|poke|p2|Latios, M
|poke|p2|Thundurus, M
|poke|p2|Garchomp, F
|rule|Swagger Clause: Swagger is banned
|rule|Baton Pass Clause: Limit one PokÃ©mon knowing Baton Pass
|rule|Sleep Clause Mod: Limit one foe put to sleep
|rule|Species Clause: Limit one of each PokÃ©mon
|rule|OHKO Clause: OHKO moves are banned
|rule|Moody Clause: Moody is banned
|rule|Evasion Moves Clause: Evasion moves are banned
|rule|Endless Battle Clause: Forcing endless battles is banned
|rule|HP Percentage Mod: HP is shown in percentages
|teampreview
|join|Qubae
|join|Sir Slaking
|join|Bluwing
|c| Qubae|ooo
|c| Qubae|look at the squad
|join|only team testing
|c|âxtraDOLLARshine|wut a try hard squad!!
|join|AshKetchum112358
|c| Bluwing|tbh crobro's squad is p damn solid tho
|join|Dec19finaletears
|c| Bluwing|gl beating him lol
|c|âxtraDOLLARshine|lol
|
|start
|switch|p1a: Starmie|Starmie|299\/299
|switch|p2a: Azelf|Azelf|291\/291
|turn|1
|c|âxtraDOLLARshine|it gone be hard
|c|âxtraDOLLARshine|but
|
|move|p2a: Azelf|Stealth Rock|p1a: Starmie
|-sidestart|p1: req'd by crobro|move: Stealth Rock
|move|p1a: Starmie|Scald|p2a: Azelf
|-damage|p2a: Azelf|98\/291
|
|turn|2
|c|âxtraDOLLARshine|inever say never
|
|switch|p1a: Ferrothorn|Ferrothorn, M|352\/352
|-damage|p1a: Ferrothorn|330\/352|[from] Stealth Rock
|move|p2a: Azelf|Explosion|p1a: Ferrothorn
|-resisted|p1a: Ferrothorn
|-damage|p1a: Ferrothorn|232\/352
|faint|p2a: Azelf
|
|-heal|p1a: Ferrothorn|254\/352|[from] item: Leftovers
|
|switch|p2a: Houndoom|Houndoom, F|291\/291
|turn|3
|
|switch|p1a: Heatran|Heatran, F|386\/386
|-damage|p1a: Heatran|338\/386|[from] Stealth Rock
|detailschange|p2a: Houndoom|Houndoom-Mega, F
|-mega|p2a: Houndoom|Houndoom|Houndoominite
|move|p2a: Houndoom|Nasty Plot|p2a: Houndoom
|-boost|p2a: Houndoom|spa|2
|
|-heal|p1a: Heatran|362\/386|[from] item: Leftovers
|turn|4
|join|MoB Barley
|c| MoB Barley|lgi
|c| Bluwing|rekt
|c| Bluwing|now wow on doom would be sexy af
|c|âxtraDOLLARshine|how
|c|âxtraDOLLARshine|lol
|c| Bluwing|altaria
|c|âxtraDOLLARshine|taunt is better
|c| MoB Barley|sludge bomb boys
|c| Bluwing|is def dd
|c| MoB Barley|come on
|c|âreq'd by crobro|he has hp grass
|join|MattL
|c| AshKetchum112358|Rocks
|c| Bluwing|how do u know crobro?
|c| Bluwing|what if he changed?
|c| Bluwing|;)
|c|âreq'd by crobro|thats tru
|c|âxtraDOLLARshine|i hit altaria
|c|âxtraDOLLARshine|fireblast
|c| MoB Barley|i think sludge bomb is superior
|c|âxtraDOLLARshine|is neatural
|c| MoB Barley|for filler
|c|âreq'd by crobro|uh
|c| Bluwing|no
|c|âreq'd by crobro|no
|c| MoB Barley|ye
|c| Bluwing|dragon type
|c| MoB Barley|azumarill and altaria
|c|âxtraDOLLARshine|oh
|c|âxtraDOLLARshine|i 1hko
|c| MoB Barley|best move vs both
|c|âxtraDOLLARshine|at +6
|c| Bluwing|lol
|
|move|p2a: Houndoom|Nasty Plot|p2a: Houndoom
|-boost|p2a: Houndoom|spa|2
|move|p1a: Heatran|Toxic|p2a: Houndoom
|-status|p2a: Houndoom|tox
|
|-heal|p1a: Heatran|386\/386|[from] item: Leftovers
|-damage|p2a: Houndoom|273\/291 tox|[from] psn
|turn|5
|c| Bluwing|lol
|c| Bluwing|xtra
|
|move|p2a: Houndoom|Nasty Plot|p2a: Houndoom
|-boost|p2a: Houndoom|spa|2
|move|p1a: Heatran|Taunt|p2a: Houndoom
|-start|p2a: Houndoom|move: Taunt
|
|-damage|p2a: Houndoom|237\/291 tox|[from] psn
|turn|6
|c| Bluwing|i was just going to say that
|c| Bluwing|hes toxic
|c|âxtraDOLLARshine|lol
|c|@MattL|dang you are going in
|c|âxtraDOLLARshine|no fuks givin
|c| Bluwing|yeah don't let his houndoom heal bell
|
|switch|p1a: Ferrothorn|Ferrothorn, M|254\/352
|-damage|p1a: Ferrothorn|232\/352|[from] Stealth Rock
|move|p2a: Houndoom|Dark Pulse|p1a: Ferrothorn
|-damage|p1a: Ferrothorn|0 fnt
|faint|p1a: Ferrothorn
|
|-damage|p2a: Houndoom|183\/291 tox|[from] psn
|
|switch|p1a: Keldeo-Resolute|Keldeo-Resolute|323\/323
|-damage|p1a: Keldeo-Resolute|303\/323|[from] Stealth Rock
|turn|7
|c|âxtraDOLLARshine|tfw its scarf
|
|move|p1a: Keldeo-Resolute|Scald|p2a: Houndoom
|-supereffective|p2a: Houndoom
|-damage|p2a: Houndoom|0 fnt
|faint|p2a: Houndoom
|
|join|misc all day
|c| MoB Barley|LOL
|c|@MattL|setting up to +6 on turn 3
|join|swampert518
|c|@MattL|:S
|join|JohnxYiu
|
|switch|p2a: Latios|Latios, M|301\/301
|turn|8
|join|RayDalio
|
|switch|p1a: Heatran|Heatran, F|386\/386
|-damage|p1a: Heatran|338\/386|[from] Stealth Rock
|move|p2a: Latios|Surf|p1a: Heatran
|-supereffective|p1a: Heatran
|-damage|p1a: Heatran|64\/386
|
|-heal|p1a: Heatran|88\/386|[from] item: Leftovers
|turn|9
|
|switch|p1a: Starmie|Starmie|299\/299
|-damage|p1a: Starmie|262\/299|[from] Stealth Rock
|move|p2a: Latios|Surf|p1a: Starmie
|-resisted|p1a: Starmie
|-damage|p1a: Starmie|155\/299
|
|-heal|p1a: Starmie|173\/299|[from] item: Leftovers
|turn|10
|leave|swampert518
|c| Bluwing|rekt
|
|switch|p2a: Scizor|Scizor, M|337\/337
|move|p1a: Starmie|Rapid Spin|p2a: Scizor
|-resisted|p2a: Scizor
|-damage|p2a: Scizor|330\/337
|-sideend|p1: req'd by crobro|Stealth Rock|[from] move: Rapid Spin|[of] p1a: Starmie
|
|-heal|p1a: Starmie|191\/299|[from] item: Leftovers
|turn|11
|c| Bluwing|plz be sd sciz
|c| AshKetchum112358|pursuit would be clutch
|
|switch|p1a: Hippowdon|Hippowdon, M|420\/420
|move|p2a: Scizor|U-turn|p1a: Hippowdon
|-crit|p1a: Hippowdon
|-damage|p1a: Hippowdon|201\/420
|c|âxtraDOLLARshine|i dont pursuit
|c|@MattL|nop
|c| Bluwing|cb
|c|âreq'd by crobro|or a crit
|c|âxtraDOLLARshine|i dont want him to sr
|
|switch|p2a: Latios|Latios, M|301\/301
|
|-heal|p1a: Hippowdon|227\/420|[from] item: Leftovers
|turn|12
|
|switch|p1a: Heatran|Heatran, F|88\/386
|move|p2a: Latios|Dragon Pulse|p1a: Heatran
|-resisted|p1a: Heatran
|-damage|p1a: Heatran|0 fnt
|faint|p1a: Heatran
|
|
|switch|p1a: Altaria|Altaria, M|349\/349
|turn|13
|
|switch|p2a: Scizor|Scizor, M|330\/337
|detailschange|p1a: Altaria|Altaria-Mega, M
|-mega|p1a: Altaria|Altaria|Altarianite
|move|p1a: Altaria|Fire Blast|p2a: Scizor
|-supereffective|p2a: Scizor
|-damage|p2a: Scizor|0 fnt
|faint|p2a: Scizor
|
|c|âreq'd by crobro|smashed
|c|âxtraDOLLARshine|o
|c| Bluwing|LOL
|c| Bluwing|wow
|c| AshKetchum112358|WOW
|c| MoB Barley|bop
|c|âxtraDOLLARshine|those exist
|c| AshKetchum112358|nice
|join|mike hunts
|
|switch|p2a: Thundurus|Thundurus, M|299\/299
|turn|14
|
|switch|p1a: Keldeo-Resolute|Keldeo-Resolute|303\/323
|move|p2a: Thundurus|Hidden Power|p1a: Keldeo-Resolute
|-resisted|p1a: Keldeo-Resolute
|-damage|p1a: Keldeo-Resolute|254\/323
|-damage|p2a: Thundurus|270\/299|[from] item: Life Orb
|
|turn|15
|c| Bluwing|that altaria set doesn't rly make sense on that team tho lol
|c|âreq'd by crobro|if you saw my pastebin it makes more sense
|
|switch|p2a: Latios|Latios, M|301\/301
|move|p1a: Keldeo-Resolute|Scald|p2a: Latios
|-resisted|p2a: Latios
|-damage|p2a: Latios|239\/301
|
|turn|16
|c| Bluwing|das gg tho most likely
|
|move|p1a: Keldeo-Resolute|Scald|p2a: Latios
|-resisted|p2a: Latios
|-damage|p2a: Latios|179\/301
|move|p2a: Latios|Psyshock|p1a: Keldeo-Resolute
|-supereffective|p1a: Keldeo-Resolute
|-damage|p1a: Keldeo-Resolute|0 fnt
|faint|p1a: Keldeo-Resolute
|
|
|switch|p1a: Starmie|Starmie|191\/299
|turn|17
|c|@MattL|the heck item are you
|c|âxtraDOLLARshine|guezz
|c|âreq'd by crobro|specs
|c| Bluwing|specs
|c|@MattL|yeah that's what I thought
|c|@MattL|didn't think you'd just say your own set though lol
|
|move|p1a: Starmie|Scald|p2a: Latios
|-resisted|p2a: Latios
|-damage|p2a: Latios|134\/301
|-status|p2a: Latios|brn
|move|p2a: Latios|Psyshock|p1a: Starmie
|-resisted|p1a: Starmie
|-damage|p1a: Starmie|58\/299
|
|-heal|p1a: Starmie|76\/299|[from] item: Leftovers
|-damage|p2a: Latios|97\/301 brn|[from] brn
|turn|18
|join|Robert Schmurda
|
|switch|p2a: Thundurus|Thundurus, M|270\/299
|move|p1a: Starmie|Recover|p1a: Starmie
|-heal|p1a: Starmie|226\/299
|
|-heal|p1a: Starmie|244\/299|[from] item: Leftovers
|turn|19
|c| Bluwing|xtra if u win this ill give u a lord squad to rek the rest
|leave|Robert Schmurda
|c|âxtraDOLLARshine|thats disrespect
|c|âxtraDOLLARshine|fuk u bluwang
|c| Bluwing|n
|c|âxtraDOLLARshine|im sending ur girl more dik pics
|c| MoB Barley|too bad I'm his next game blu wing
|c| MoB Barley|sending him home :(
|c| Bluwing|:[
|
|switch|p1a: Hippowdon|Hippowdon, M|227\/420
|move|p2a: Thundurus|Hidden Power|p1a: Hippowdon
|-supereffective|p1a: Hippowdon
|-damage|p1a: Hippowdon|45\/420
|-damage|p2a: Thundurus|241\/299|[from] item: Life Orb
|
|-heal|p1a: Hippowdon|71\/420|[from] item: Leftovers
|turn|20
|c| mike hunts|nice scouting barley
|join|Jack41
|
|move|p2a: Thundurus|Hidden Power|p1a: Hippowdon
|-supereffective|p1a: Hippowdon
|-damage|p1a: Hippowdon|0 fnt
|-damage|p2a: Thundurus|212\/299|[from] item: Life Orb
|faint|p1a: Hippowdon
|
|
|switch|p1a: Altaria|Altaria-Mega, M|349\/349
|turn|21
|
|move|p2a: Thundurus|Hidden Power|p1a: Altaria
|-supereffective|p1a: Altaria
|-damage|p1a: Altaria|183\/349
|-damage|p2a: Thundurus|183\/299|[from] item: Life Orb
|move|p1a: Altaria|Hyper Voice|p2a: Thundurus
|-damage|p2a: Thundurus|0 fnt
|faint|p2a: Thundurus
|
|
|switch|p2a: Latios|Latios, M|97\/301 brn
|turn|22
|c| MoB Barley|bulk is so nice
|
|switch|p1a: Starmie|Starmie|244\/299
|move|p2a: Latios|Psyshock|p1a: Starmie
|-resisted|p1a: Starmie
|-damage|p1a: Starmie|111\/299
|
|-heal|p1a: Starmie|129\/299|[from] item: Leftovers
|-damage|p2a: Latios|60\/301 brn|[from] brn
|turn|23
|c|âxtraDOLLARshine|FUCK
|c|âxtraDOLLARshine|i thot that was 30%
|
|switch|p2a: Garchomp|Garchomp, F|357\/357
|move|p1a: Starmie|Psyshock|p2a: Garchomp
|-damage|p2a: Garchomp|215\/357
|
|-heal|p1a: Starmie|147\/299|[from] item: Leftovers
|turn|24
|c| Bluwing|u stii win
|c| Bluwing|still
|c| AshKetchum112358|No ice beam??
|c|âreq'd by crobro|ya i choked
|c|âxtraDOLLARshine|OHH
|c|âxtraDOLLARshine|ALTARIA
|c|âxtraDOLLARshine|DOESNT HAVE
|c|âxtraDOLLARshine|FUCKIN FLYING TYPE
|c|âxtraDOLLARshine|OMG
|c| Bluwing|LOL
|c|âxtraDOLLARshine|i was like how do i win
|c| Bluwing|smh
|
|move|p2a: Garchomp|Earthquake|p1a: Starmie
|-damage|p1a: Starmie|0 fnt
|faint|p1a: Starmie
|
|
|switch|p1a: Altaria|Altaria-Mega, M|183\/349
|turn|25
|
|move|p2a: Garchomp|Earthquake|p1a: Altaria
|-damage|p1a: Altaria|9\/349
|move|p1a: Altaria|Roost|p1a: Altaria
|-heal|p1a: Altaria|184\/349
|
|turn|26
|c| Bluwing|crobro
|join|iasnobeert
|c|âreq'd by crobro|ya
|c| Bluwing|run max speed starmie
|c|âreq'd by crobro|i do
|c|âreq'd by crobro|hes scarf
|c| Bluwing|oh
|
|move|p2a: Garchomp|Earthquake|p1a: Altaria
|-damage|p1a: Altaria|24\/349
|move|p1a: Altaria|Roost|p1a: Altaria
|-heal|p1a: Altaria|199\/349
|
|turn|27
|c| Bluwing|lol
|join|Julian
|c| misc all day|plot thickens
|c|âreq'd by crobro|my win con is pp stall lol
|c|âxtraDOLLARshine|i still win
|
|move|p2a: Garchomp|Earthquake|p1a: Altaria
|-damage|p1a: Altaria|45\/349
|move|p1a: Altaria|Roost|p1a: Altaria
|-heal|p1a: Altaria|220\/349
|
|turn|28
|c|âxtraDOLLARshine|i think
|c| MoB Barley|xtra has it
|
|move|p2a: Garchomp|Earthquake|p1a: Altaria
|-damage|p1a: Altaria|64\/349
|move|p1a: Altaria|Roost|p1a: Altaria
|-heal|p1a: Altaria|239\/349
|
|turn|29
|c| Dec19finaletears|mega alt so bulky
|c| Bluwing|crit is winning here anywa
|c| Bluwing|anyway
|
|move|p2a: Garchomp|Earthquake|p1a: Altaria
|-damage|p1a: Altaria|86\/349
|move|p1a: Altaria|Roost|p1a: Altaria
|-heal|p1a: Altaria|261\/349
|
|turn|30
|c|âxtraDOLLARshine|i dont need crit i fink
|
|move|p2a: Garchomp|Earthquake|p1a: Altaria
|-damage|p1a: Altaria|98\/349
|move|p1a: Altaria|Roost|p1a: Altaria
|-heal|p1a: Altaria|273\/349
|
|turn|31
|
|move|p2a: Garchomp|Earthquake|p1a: Altaria
|-damage|p1a: Altaria|119\/349
|move|p1a: Altaria|Roost|p1a: Altaria
|-heal|p1a: Altaria|294\/349
|
|turn|32
|c| misc all day|he will win ppstallwar
|c| MoB Barley|eq and specs pay should do it
|
|move|p2a: Garchomp|Earthquake|p1a: Altaria
|-damage|p1a: Altaria|141\/349
|move|p1a: Altaria|Roost|p1a: Altaria
|-heal|p1a: Altaria|316\/349
|
|turn|33
|c| MoB Barley|psy*
|c|@MattL|a
|
|move|p2a: Garchomp|Earthquake|p1a: Altaria
|-damage|p1a: Altaria|163\/349
|move|p1a: Altaria|Roost|p1a: Altaria
|-heal|p1a: Altaria|338\/349
|
|turn|34
|c| mike hunts|if he kills chomp and has more than half does lati kill
|c|@MattL|ya*
|
|move|p2a: Garchomp|Earthquake|p1a: Altaria
|-damage|p1a: Altaria|181\/349
|move|p1a: Altaria|Roost|p1a: Altaria
|-heal|p1a: Altaria|349\/349
|
|turn|35
|
|move|p2a: Garchomp|Earthquake|p1a: Altaria
|-crit|p1a: Altaria
|-damage|p1a: Altaria|96\/349
|move|p1a: Altaria|Roost|p1a: Altaria
|-heal|p1a: Altaria|271\/349
|
|turn|36
|c| MoB Barley|he isn't phys def
|c|âxtraDOLLARshine|just 1
|c|@MattL|lmao
|c| AshKetchum112358|WOW
|c|@MattL|of course
|c| MoB Barley|so he'll go down
|c|@MattL|I knew it
|
|move|p2a: Garchomp|Earthquake|p1a: Altaria
|-damage|p1a: Altaria|115\/349
|move|p1a: Altaria|Roost|p1a: Altaria
|-heal|p1a: Altaria|290\/349
|
|turn|37
|
|move|p2a: Garchomp|Earthquake|p1a: Altaria
|-damage|p1a: Altaria|116\/349
|move|p1a: Altaria|Roost|p1a: Altaria
|-heal|p1a: Altaria|291\/349
|
|turn|38
|
|move|p2a: Garchomp|Earthquake|p1a: Altaria
|-damage|p1a: Altaria|113\/349
|move|p1a: Altaria|Roost|p1a: Altaria
|-heal|p1a: Altaria|288\/349
|
|turn|39
|c| Bluwing|does quake have more pp than roost?
|c| Jack41|does the lati have ice beam?
|c|âxtraDOLLARshine|!dt roost
|c|~|\/data-move Roost
|raw|<font size="1"><font color=#585858>Priority:<\/font> 0&nbsp;|&ThickSpace;<font color=#585858>Target:<\/font> User<\/font>
|join|gforce12345
|c|âxtraDOLLARshine|same
|
|move|p2a: Garchomp|Earthquake|p1a: Altaria
|-damage|p1a: Altaria|113\/349
|move|p1a: Altaria|Roost|p1a: Altaria
|-heal|p1a: Altaria|288\/349
|
|turn|40
|c| MoB Barley|im gonna start innovating iron tail on chomp
|c| Bluwing|the he loses
|
|move|p2a: Garchomp|Struggle|p1a: Altaria
|-damage|p1a: Altaria|236\/349
|-damage|p2a: Garchomp|126\/357
|move|p1a: Altaria|Hyper Voice|p2a: Garchomp
|-supereffective|p2a: Garchomp
|-damage|p2a: Garchomp|0 fnt
|faint|p2a: Garchomp
|
|c| MoB Barley|:)
|
|switch|p2a: Latios|Latios, M|60\/301 brn
|turn|41
|c|âxtraDOLLARshine|lettuce see
|c| Bluwing|lol
|c| MoB Barley|o wow
|c| MoB Barley|the timing
|
|move|p2a: Latios|Psyshock|p1a: Altaria
|-damage|p1a: Altaria|13\/349
|move|p1a: Altaria|Hyper Voice|p2a: Latios
|-supereffective|p2a: Latios
|-damage|p2a: Latios|0 fnt
|faint|p2a: Latios
|
|win|req'd by crobro
|c| Bluwing|hes gonna live
|c|âreq'd by crobro|gg
|c| misc all day|lol
|c| Bluwing|LOL
|c| MoB Barley|â¦..
|c| AshKetchum112358|WOW gg
|c|âreq'd by crobro|that worked
|c|âxtraDOLLARshine|aww
|c| misc all day|ggg
|leave|MoB Barley
|leave|Julian