|join|Almighty Sa
|join|req'd by crobro
|player|p1|Almighty Sa|80
|player|p2|req'd by crobro|144
|gametype|singles
|gen|6
|tier|OU
|clearpoke
|poke|p1|Sceptile, M
|poke|p1|Milotic, F
|poke|p1|Entei, shiny
|poke|p1|Excadrill, M
|poke|p1|Togekiss, F, shiny
|poke|p1|Mew, shiny
|poke|p2|Victini
|poke|p2|Lopunny, F
|poke|p2|Slowbro, M
|poke|p2|Ferrothorn, M
|poke|p2|Mandibuzz, F
|poke|p2|Kyurem-Black
|rule|Swagger Clause: Swagger is banned
|rule|Baton Pass Clause: Limit one PokÃ©mon knowing Baton Pass
|rule|Sleep Clause Mod: Limit one foe put to sleep
|rule|Species Clause: Limit one of each PokÃ©mon
|rule|OHKO Clause: OHKO moves are banned
|rule|Moody Clause: Moody is banned
|rule|Evasion Moves Clause: Evasion moves are banned
|rule|Endless Battle Clause: Forcing endless battles is banned
|rule|HP Percentage Mod: HP is shown in percentages
|teampreview
|join|Wilkhun
|join|abcdefghitony
|join|Vrin
|join|Mew2wastaken
|join|beppityboopbop
|c|âAlmighty Sa|ok
|join|Lord Kuvira
|
|start
|switch|p1a: Daichi|Mew, shiny|404\/404
|switch|p2a: Lordtini|Victini|341\/341
|turn|1
|join|BlueHippo
|
|switch|p1a: Karin|Milotic, F|393\/393
|move|p2a: Lordtini|V-create|p1a: Karin
|-resisted|p1a: Karin
|-damage|p1a: Karin|207\/393
|-unboost|p2a: Lordtini|def|1
|-unboost|p2a: Lordtini|spd|1
|-unboost|p2a: Lordtini|spe|1
|
|-heal|p1a: Karin|231\/393|[from] item: Leftovers
|turn|2
|join|Villager B
|c|âAlmighty Sa|FOH
|c|âAlmighty Sa|this is bad
|c| Lord Kuvira|"resisted"
|c|âAlmighty Sa|band tini
|c|âreq'd by crobro|lol
|c|âAlmighty Sa|very bad
|c| Lord Kuvira|if only flash fire entei was out
|
|switch|p2a: Ferrolord|Ferrothorn, M|352\/352
|move|p1a: Karin|Recover|p1a: Karin
|-heal|p1a: Karin|393\/393
|
|turn|3
|
|switch|p1a: Daichi|Mew, shiny|404\/404
|move|p2a: Ferrolord|Stealth Rock|p1a: Daichi
|-sidestart|p1: Almighty Sa|move: Stealth Rock
|
|turn|4
|c|âAlmighty Sa|my rocks now
|
|switch|p2a: Lordtini|Victini|341\/341
|move|p1a: Daichi|Knock Off|p2a: Lordtini
|-supereffective|p2a: Lordtini
|-damage|p2a: Lordtini|185\/341
|-enditem|p2a: Lordtini|Choice Band|[from] move: Knock Off|[of] p1a: Daichi
|
|turn|5
|c|âAlmighty Sa|Yas.
|
|move|p2a: Lordtini|Bolt Strike|p1a: Daichi
|-damage|p1a: Daichi|251\/404
|move|p1a: Daichi|Stealth Rock|p2a: Lordtini
|-sidestart|p2: req'd by crobro|move: Stealth Rock
|
|-heal|p1a: Daichi|276\/404|[from] item: Leftovers
|turn|6
|c|âAlmighty Sa|Pathetic HAHAHAH
|c| Lord Kuvira|..
|
|move|p2a: Lordtini|Bolt Strike|p1a: Daichi
|-damage|p1a: Daichi|128\/404
|move|p1a: Daichi|Soft-Boiled|p1a: Daichi
|-heal|p1a: Daichi|330\/404
|
|-heal|p1a: Daichi|355\/404|[from] item: Leftovers
|turn|7
|c| Lord Kuvira|37% to a mew
|c| Lord Kuvira|not stab
|
|move|p2a: Lordtini|Bolt Strike|p1a: Daichi
|-damage|p1a: Daichi|224\/404
|move|p1a: Daichi|Soft-Boiled|p1a: Daichi
|-heal|p1a: Daichi|404\/404
|
|turn|8
|
|move|p2a: Lordtini|V-create|p1a: Daichi
|-damage|p1a: Daichi|86\/404
|-unboost|p2a: Lordtini|def|1
|-unboost|p2a: Lordtini|spd|1
|-unboost|p2a: Lordtini|spe|1
|move|p1a: Daichi|Knock Off|p2a: Lordtini
|-supereffective|p2a: Lordtini
|-damage|p2a: Lordtini|39\/341
|
|-heal|p1a: Daichi|111\/404|[from] item: Leftovers
|turn|9
|c|âAlmighty Sa|LORD
|c| Mew2wastaken|woah
|c| Lord Kuvira|2 bad u don't kill
|c| Lord Kuvira|jajaja
|c|âAlmighty Sa|WOW
|join|desacato102
|c|âAlmighty Sa|he koulda won the game if he didnt strike twice
|c|âAlmighty Sa|good thing hee coked
|
|move|p1a: Daichi|Knock Off|p2a: Lordtini
|-supereffective|p2a: Lordtini
|-damage|p2a: Lordtini|0 fnt
|faint|p2a: Lordtini
|
|-heal|p1a: Daichi|136\/404|[from] item: Leftovers
|
|switch|p2a: Kyurem-lord|Kyurem-Black|404\/404
|-damage|p2a: Kyurem-lord|303\/404|[from] Stealth Rock
|-ability|p2a: Kyurem-lord|Teravolt
|turn|10
|
|switch|p1a: Bason|Excadrill, M|361\/361
|-damage|p1a: Bason|350\/361|[from] Stealth Rock
|-ability|p1a: Bason|Mold Breaker
|move|p2a: Kyurem-lord|Ice Beam|p1a: Bason
|-damage|p1a: Bason|104\/361
|
|-heal|p2a: Kyurem-lord|328\/404|[from] item: Leftovers
|turn|11
|
|switch|p2a: Mandilord|Mandibuzz, F|423\/423
|-damage|p2a: Mandilord|318\/423|[from] Stealth Rock
|move|p1a: Bason|Rapid Spin|p2a: Mandilord
|-damage|p2a: Mandilord|296\/423
|-sideend|p1: Almighty Sa|Stealth Rock|[from] move: Rapid Spin|[of] p1a: Bason
|
|-heal|p2a: Mandilord|322\/423|[from] item: Leftovers
|turn|12
|c| Lord Kuvira|kyurem is a huge threat to ur team
|
|switch|p1a: Daichi|Mew, shiny|136\/404
|move|p2a: Mandilord|Defog|p1a: Daichi
|-unboost|p1a: Daichi|evasion|1
|-sideend|p2: req'd by crobro|Stealth Rock|[from] move: Defog|[of] p2a: Mandilord
|
|-heal|p1a: Daichi|161\/404|[from] item: Leftovers
|-heal|p2a: Mandilord|348\/423|[from] item: Leftovers
|turn|13
|c|âAlmighty Sa|band tini even more
|
|move|p1a: Daichi|Soft-Boiled|p1a: Daichi
|-heal|p1a: Daichi|363\/404
|move|p2a: Mandilord|Foul Play|p1a: Daichi
|-supereffective|p1a: Daichi
|-damage|p1a: Daichi|135\/404
|
|-heal|p1a: Daichi|160\/404|[from] item: Leftovers
|-heal|p2a: Mandilord|374\/423|[from] item: Leftovers
|turn|14
|c|âAlmighty Sa|thats not good
|c|âAlmighty Sa|not good at all
|
|switch|p1a: Karin|Milotic, F|393\/393
|move|p2a: Mandilord|Foul Play|p1a: Karin
|-damage|p1a: Karin|345\/393
|
|-heal|p1a: Karin|369\/393|[from] item: Leftovers
|-heal|p2a: Mandilord|400\/423|[from] item: Leftovers
|turn|15
|
|switch|p2a: Ferrolord|Ferrothorn, M|352\/352
|move|p1a: Karin|Toxic|p2a: Ferrolord|[miss]
|-miss|p1a: Karin|p2a: Ferrolord
|
|-heal|p1a: Karin|393\/393|[from] item: Leftovers
|turn|16
|
|switch|p1a: Daichi|Mew, shiny|160\/404
|move|p2a: Ferrolord|Gyro Ball|p1a: Daichi
|-damage|p1a: Daichi|0 fnt
|faint|p1a: Daichi
|
|join|gyarad0site
|c|âAlmighty Sa|not good either
|
|switch|p1a: Ace|Entei, shiny|371\/371
|-ability|p1a: Ace|Pressure
|turn|17
|
|switch|p2a: Slowlord|Slowbro, M|394\/394
|move|p1a: Ace|Sacred Fire|p2a: Slowlord
|-resisted|p2a: Slowlord
|-damage|p2a: Slowlord|311\/394
|-status|p2a: Slowlord|brn
|-damage|p1a: Ace|334\/371|[from] item: Life Orb
|
|-heal|p2a: Slowlord|335\/394 brn|[from] item: Leftovers
|-damage|p2a: Slowlord|286\/394 brn|[from] brn
|turn|18
|
|switch|p1a: Colonel|Sceptile, M|281\/281
|move|p2a: Slowlord|Scald|p1a: Colonel
|-resisted|p1a: Colonel
|-damage|p1a: Colonel|231\/281
|
|-heal|p2a: Slowlord|310\/394 brn|[from] item: Leftovers
|-damage|p2a: Slowlord|261\/394 brn|[from] brn
|turn|19
|
|switch|p2a: Mandilord|Mandibuzz, F|400\/423
|detailschange|p1a: Colonel|Sceptile-Mega, M
|-mega|p1a: Colonel|Sceptile|Sceptilite
|move|p1a: Colonel|Substitute|p1a: Colonel
|-start|p1a: Colonel|Substitute
|-damage|p1a: Colonel|161\/281
|
|-heal|p2a: Mandilord|423\/423|[from] item: Leftovers
|turn|20
|join|QuagGod
|
|move|p1a: Colonel|Dragon Pulse|p2a: Mandilord
|-damage|p2a: Mandilord|278\/423
|move|p2a: Mandilord|Foul Play|p1a: Colonel
|-end|p1a: Colonel|Substitute
|
|-heal|p2a: Mandilord|304\/423|[from] item: Leftovers
|turn|21
|
|switch|p1a: Karin|Milotic, F|393\/393
|move|p2a: Mandilord|Roost|p2a: Mandilord
|-heal|p2a: Mandilord|423\/423
|
|turn|22
|
|switch|p2a: Ferrolord|Ferrothorn, M|352\/352
|move|p1a: Karin|Scald|p2a: Ferrolord
|-resisted|p2a: Ferrolord
|-damage|p2a: Ferrolord|315\/352
|
|-heal|p2a: Ferrolord|337\/352|[from] item: Leftovers
|turn|23
|leave|beppityboopbop
|
|switch|p1a: Ace|Entei, shiny|334\/371
|-ability|p1a: Ace|Pressure
|move|p2a: Ferrolord|Leech Seed|p1a: Ace|[miss]
|-miss|p2a: Ferrolord|p1a: Ace
|
|-heal|p2a: Ferrolord|352\/352|[from] item: Leftovers
|turn|24
|
|switch|p1a: Colonel|Sceptile-Mega, M|161\/281
|switch|p2a: Slowlord|Slowbro, M|392\/394 brn
|
|-heal|p2a: Slowlord|394\/394 brn|[from] item: Leftovers
|-damage|p2a: Slowlord|345\/394 brn|[from] brn
|turn|25
|leave|Mew2wastaken
|c|âreq'd by crobro|this game hates me
|c|âAlmighty Sa|i missed toxic be4
|
|switch|p2a: Mandilord|Mandibuzz, F|423\/423
|move|p1a: Colonel|Giga Drain|p2a: Mandilord
|-resisted|p2a: Mandilord
|-damage|p2a: Mandilord|369\/423
|-heal|p1a: Colonel|188\/281|[from] drain|[of] p2a: Mandilord
|
|-heal|p2a: Mandilord|395\/423|[from] item: Leftovers
|turn|26
|c|âreq'd by crobro|on a ferrothorn
|join|TReversed
|
|switch|p1a: Iris|Togekiss, F, shiny|373\/373
|move|p2a: Mandilord|Foul Play|p1a: Iris
|-resisted|p1a: Iris
|-damage|p1a: Iris|355\/373
|
|-heal|p1a: Iris|373\/373|[from] item: Leftovers
|-heal|p2a: Mandilord|421\/423|[from] item: Leftovers
|turn|27
|
|switch|p2a: Ferrolord|Ferrothorn, M|352\/352
|move|p1a: Iris|Thunder Wave|p2a: Ferrolord
|-status|p2a: Ferrolord|par
|
|turn|28
|
|move|p1a: Iris|Air Slash|p2a: Ferrolord
|-damage|p2a: Ferrolord|273\/352 par
|cant|p2a: Ferrolord|flinch
|
|-heal|p2a: Ferrolord|295\/352 par|[from] item: Leftovers
|turn|29
|
|switch|p1a: Ace|Entei, shiny|334\/371
|-ability|p1a: Ace|Pressure
|move|p2a: Ferrolord|Leech Seed|p1a: Ace
|-start|p1a: Ace|move: Leech Seed
|
|-heal|p2a: Ferrolord|317\/352 par|[from] item: Leftovers
|-damage|p1a: Ace|288\/371|[from] Leech Seed|[of] p2a: Ferrolord
|-heal|p2a: Ferrolord|352\/352 par|[silent]
|turn|30
|
|switch|p1a: Iris|Togekiss, F, shiny|373\/373
|switch|p2a: Slowlord|Slowbro, M|394\/394 brn
|
|-damage|p2a: Slowlord|345\/394 brn|[from] brn
|turn|31
|
|move|p1a: Iris|Air Slash|p2a: Slowlord
|-damage|p2a: Slowlord|234\/394 brn
|move|p2a: Slowlord|Thunder Wave|p1a: Iris
|-status|p1a: Iris|par
|
|-heal|p2a: Slowlord|258\/394 brn|[from] item: Leftovers
|-damage|p2a: Slowlord|209\/394 brn|[from] brn
|turn|32
|
|switch|p2a: Ferrolord|Ferrothorn, M|352\/352 par
|cant|p1a: Iris|par
|
|turn|33
|
|switch|p1a: Ace|Entei, shiny|288\/371
|-ability|p1a: Ace|Pressure
|move|p2a: Ferrolord|Stealth Rock|p1a: Ace
|-sidestart|p1: Almighty Sa|move: Stealth Rock
|
|turn|34
|
|switch|p2a: Slowlord|Slowbro, M|340\/394 brn
|move|p1a: Ace|Sacred Fire|p2a: Slowlord
|-resisted|p2a: Slowlord
|-damage|p2a: Slowlord|262\/394 brn
|-damage|p1a: Ace|251\/371|[from] item: Life Orb
|
|-heal|p2a: Slowlord|286\/394 brn|[from] item: Leftovers
|-damage|p2a: Slowlord|237\/394 brn|[from] brn
|turn|35
|
|switch|p1a: Iris|Togekiss, F, shiny|373\/373 par
|-damage|p1a: Iris|280\/373 par|[from] Stealth Rock
|move|p2a: Slowlord|Slack Off|p2a: Slowlord
|-heal|p2a: Slowlord|394\/394 brn
|
|-heal|p1a: Iris|303\/373 par|[from] item: Leftovers
|-damage|p2a: Slowlord|345\/394 brn|[from] brn
|turn|36
|
|switch|p2a: Ferrolord|Ferrothorn, M|352\/352 par
|move|p1a: Iris|Heal Bell|p1a: Iris
|-cureteam|p1a: Iris|[from] move: HealBell
|
|-heal|p1a: Iris|326\/373|[from] item: Leftovers
|turn|37
|
|move|p1a: Iris|Air Slash|p2a: Ferrolord
|-damage|p2a: Ferrolord|276\/352 par
|cant|p2a: Ferrolord|flinch
|
|-heal|p1a: Iris|349\/373|[from] item: Leftovers
|-heal|p2a: Ferrolord|298\/352 par|[from] item: Leftovers
|turn|38
|
|move|p1a: Iris|Air Slash|p2a: Ferrolord
|-damage|p2a: Ferrolord|219\/352 par
|cant|p2a: Ferrolord|flinch
|
|-heal|p1a: Iris|372\/373|[from] item: Leftovers
|-heal|p2a: Ferrolord|241\/352 par|[from] item: Leftovers
|turn|39
|
|move|p2a: Ferrolord|Protect|p2a: Ferrolord
|-singleturn|p2a: Ferrolord|Protect
|move|p1a: Iris|Air Slash|p2a: Ferrolord
|-activate|p2a: Ferrolord|Protect
|
|-heal|p1a: Iris|373\/373|[from] item: Leftovers
|-heal|p2a: Ferrolord|263\/352 par|[from] item: Leftovers
|turn|40
|
|move|p1a: Iris|Air Slash|p2a: Ferrolord
|-damage|p2a: Ferrolord|184\/352 par
|cant|p2a: Ferrolord|par
|
|-heal|p2a: Ferrolord|206\/352 par|[from] item: Leftovers
|turn|41
|
|move|p2a: Ferrolord|Protect|p2a: Ferrolord
|-singleturn|p2a: Ferrolord|Protect
|move|p1a: Iris|Air Slash|p2a: Ferrolord
|-activate|p2a: Ferrolord|Protect
|
|-heal|p2a: Ferrolord|228\/352 par|[from] item: Leftovers
|turn|42
|
|move|p1a: Iris|Air Slash|p2a: Ferrolord
|-damage|p2a: Ferrolord|153\/352 par
|cant|p2a: Ferrolord|flinch
|
|-heal|p2a: Ferrolord|175\/352 par|[from] item: Leftovers
|turn|43
|join|Mew2wastaken
|
|cant|p2a: Ferrolord|par
|move|p1a: Iris|Air Slash|p2a: Ferrolord
|-damage|p2a: Ferrolord|100\/352 par
|
|-heal|p2a: Ferrolord|122\/352 par|[from] item: Leftovers
|turn|44
|
|move|p1a: Iris|Air Slash|p2a: Ferrolord
|-damage|p2a: Ferrolord|46\/352 par
|cant|p2a: Ferrolord|flinch
|
|-heal|p2a: Ferrolord|68\/352 par|[from] item: Leftovers
|turn|45
|
|move|p2a: Ferrolord|Protect|p2a: Ferrolord
|-singleturn|p2a: Ferrolord|Protect
|move|p1a: Iris|Air Slash|p2a: Ferrolord
|-activate|p2a: Ferrolord|Protect
|
|-heal|p2a: Ferrolord|90\/352 par|[from] item: Leftovers
|turn|46
|
|move|p1a: Iris|Air Slash|p2a: Ferrolord
|-damage|p2a: Ferrolord|8\/352 par
|cant|p2a: Ferrolord|flinch
|
|-heal|p2a: Ferrolord|30\/352 par|[from] item: Leftovers
|turn|47
|
|move|p2a: Ferrolord|Protect|p2a: Ferrolord
|-singleturn|p2a: Ferrolord|Protect
|move|p1a: Iris|Air Slash|p2a: Ferrolord
|-activate|p2a: Ferrolord|Protect
|
|-heal|p2a: Ferrolord|52\/352 par|[from] item: Leftovers
|turn|48
|
|switch|p2a: Kyurem-lord|Kyurem-Black|328\/404
|-ability|p2a: Kyurem-lord|Teravolt
|move|p1a: Iris|Air Slash|p2a: Kyurem-lord
|-damage|p2a: Kyurem-lord|199\/404
|
|-heal|p2a: Kyurem-lord|224\/404|[from] item: Leftovers
|turn|49
|join|trillyntruly
|join|blarghlfarghl
|
|move|p2a: Kyurem-lord|Substitute|p2a: Kyurem-lord
|-start|p2a: Kyurem-lord|Substitute
|-damage|p2a: Kyurem-lord|123\/404
|move|p1a: Iris|Thunder Wave|p2a: Kyurem-lord
|
|-heal|p2a: Kyurem-lord|148\/404|[from] item: Leftovers
|turn|50
|join|Padapos the retard
|c| blarghlfarghl|"O
|join|NagariHO
|join|Alvok
|
|switch|p1a: Ace|Entei, shiny|251\/371
|-damage|p1a: Ace|159\/371|[from] Stealth Rock
|-ability|p1a: Ace|Pressure
|move|p2a: Kyurem-lord|Fusion Bolt|p1a: Ace
|-damage|p1a: Ace|13\/371
|
|-heal|p2a: Kyurem-lord|173\/404|[from] item: Leftovers
|turn|51
|c| Padapos the retard|gg
|
|move|p1a: Ace|Extreme Speed|p2a: Kyurem-lord
|-crit|p2a: Kyurem-lord
|-end|p2a: Kyurem-lord|Substitute
|-damage|p1a: Ace|0 fnt|[from] item: Life Orb
|faint|p1a: Ace
|move|p2a: Kyurem-lord|Substitute|p2a: Kyurem-lord
|-start|p2a: Kyurem-lord|Substitute
|-damage|p2a: Kyurem-lord|72\/404
|
|-heal|p2a: Kyurem-lord|97\/404|[from] item: Leftovers
|join|gay dad
|join|only team testing
|c| Padapos the retard|gg hard
|join|Dokkerich
|join|thatisnotedible
|
|switch|p1a: Bason|Excadrill, M|104\/361
|-damage|p1a: Bason|93\/361|[from] Stealth Rock
|-ability|p1a: Bason|Mold Breaker
|turn|52
|
|move|p1a: Bason|Iron Head|p2a: Kyurem-lord
|-supereffective|p2a: Kyurem-lord
|-end|p2a: Kyurem-lord|Substitute
|move|p2a: Kyurem-lord|Ice Beam|p1a: Bason
|-damage|p1a: Bason|0 fnt
|faint|p1a: Bason
|
|-heal|p2a: Kyurem-lord|122\/404|[from] item: Leftovers
|join|Whitebark
|c| Mew2wastaken|this battle's already won
|join|Acrokid098
|join|Terra Olympus
|
|switch|p1a: Colonel|Sceptile-Mega, M|188\/281
|-damage|p1a: Colonel|153\/281|[from] Stealth Rock
|turn|53
|
|switch|p2a: Mandilord|Mandibuzz, F|421\/423
|move|p1a: Colonel|Substitute|p1a: Colonel
|-start|p1a: Colonel|Substitute
|-damage|p1a: Colonel|83\/281
|
|-heal|p2a: Mandilord|423\/423|[from] item: Leftovers
|turn|54
|join|Rocknlol
|
|move|p1a: Colonel|Dragon Pulse|p2a: Mandilord
|-damage|p2a: Mandilord|282\/423
|move|p2a: Mandilord|Foul Play|p1a: Colonel
|-end|p1a: Colonel|Substitute
|
|-heal|p2a: Mandilord|308\/423|[from] item: Leftovers
|turn|55
|join|mkmlmlllkk
|join|All Together Now
|c| Padapos the retard|american civil jihav
|
|switch|p1a: Iris|Togekiss, F, shiny|373\/373
|-damage|p1a: Iris|280\/373|[from] Stealth Rock
|switch|p2a: Ferrolord|Ferrothorn, M|52\/352 par
|
|-heal|p1a: Iris|303\/373|[from] item: Leftovers
|-heal|p2a: Ferrolord|74\/352 par|[from] item: Leftovers
|turn|56
|join|lok'tar
|leave|Whitebark
|c| gay dad|why are you guys using such bad teams?
|join|Storm Jesus
|
|move|p2a: Ferrolord|Protect|p2a: Ferrolord
|-singleturn|p2a: Ferrolord|Protect
|move|p1a: Iris|Air Slash|p2a: Ferrolord
|-activate|p2a: Ferrolord|Protect
|
|-heal|p1a: Iris|326\/373|[from] item: Leftovers
|-heal|p2a: Ferrolord|96\/352 par|[from] item: Leftovers
|turn|57
|c| All Together Now|WISH KILLER VS CROBRO OMG THATS A GOOD BATTLE
|
|move|p1a: Iris|Air Slash|p2a: Ferrolord
|-crit|p2a: Ferrolord
|-damage|p2a: Ferrolord|0 fnt
|faint|p2a: Ferrolord
|
|-heal|p1a: Iris|349\/373|[from] item: Leftovers
|
|switch|p2a: Kyurem-lord|Kyurem-Black|122\/404
|-ability|p2a: Kyurem-lord|Teravolt
|turn|58
|
|move|p2a: Kyurem-lord|Ice Beam|p1a: Iris
|-supereffective|p1a: Iris
|-damage|p1a: Iris|35\/373
|move|p1a: Iris|Air Slash|p2a: Kyurem-lord
|-damage|p2a: Kyurem-lord|0 fnt
|faint|p2a: Kyurem-lord
|
|-heal|p1a: Iris|58\/373|[from] item: Leftovers
|
|switch|p2a: Lordpunny|Lopunny, F|271\/271
|turn|59
|join|Africans
|c|âAlmighty Sa|Hmm..
|leave|gay dad
|join|The Fog
|
|detailschange|p2a: Lordpunny|Lopunny-Mega, F
|-mega|p2a: Lordpunny|Lopunny|Lopunnite
|move|p2a: Lordpunny|Return|p1a: Iris
|-damage|p1a: Iris|0 fnt
|faint|p1a: Iris
|
|c| Mew2wastaken|sack milotic
|c| NagariHO|game is over imo
|
|switch|p1a: Karin|Milotic, F|393\/393
|-damage|p1a: Karin|344\/393|[from] Stealth Rock
|turn|60
|join|bdude379
|
|move|p2a: Lordpunny|High Jump Kick|p1a: Karin
|-damage|p1a: Karin|151\/393
|move|p1a: Karin|Recover|p1a: Karin
|-heal|p1a: Karin|348\/393
|
|-heal|p1a: Karin|372\/393|[from] item: Leftovers
|turn|61
|c| Mew2wastaken|wowo req'd won
|
|move|p2a: Lordpunny|Power-Up Punch|p1a: Karin
|-damage|p1a: Karin|305\/393
|-boost|p2a: Lordpunny|atk|1
|move|p1a: Karin|Recover|p1a: Karin
|-heal|p1a: Karin|393\/393
|
|turn|62
|join|Mysteriia
|c| Mew2wastaken|*wow
|c| All Together Now|HE DOESNT HAVE SCALD
|
|move|p2a: Lordpunny|High Jump Kick|p1a: Karin
|-damage|p1a: Karin|78\/393
|move|p1a: Karin|Scald|p2a: Lordpunny
|-damage|p2a: Lordpunny|177\/271
|
|-heal|p1a: Karin|102\/393|[from] item: Leftovers
|turn|63
|c| All Together Now|GAME
|leave|Mew2wastaken
|c|âreq'd by crobro|gg
|c|âAlmighty Sa|pup rekt me
|c|âAlmighty Sa|gg
|c|âAlmighty Sa|Lohd
|c|âAlmighty Sa|Dat PUp
|c| Padapos the retard|american civil jihave
|c| Mysteriia|why are you using milotic
|c| Mysteriia|jw
|
|move|p2a: Lordpunny|Return|p1a: Karin
|-damage|p1a: Karin|0 fnt
|faint|p1a: Karin
|
|join|daftmau5
|
|switch|p1a: Colonel|Sceptile-Mega, M|83\/281
|-damage|p1a: Colonel|48\/281|[from] Stealth Rock
|turn|64
|leave|desacato102
|c|âAlmighty Sa|dat hurts
|c|âAlmighty Sa|PuP why
|c| All Together Now|QUICK TTACK
|c|âAlmighty Sa|why u do this to me
|join|DisfrutaDeLaDisco
|
|move|p1a: Colonel|Focus Blast|p2a: Lordpunny
|-supereffective|p2a: Lordpunny
|-damage|p2a: Lordpunny|0 fnt
|faint|p2a: Lordpunny
|
|
|switch|p2a: Mandilord|Mandibuzz, F|308\/423
|turn|65
|c| blarghlfarghl|miss foul play imo
|c| All Together Now|FOCUS BLAST CRIT
|c| All Together Now|WATCH
|join|andrethagiiant
|
|move|p1a: Colonel|Dragon Pulse|p2a: Mandilord
|-damage|p2a: Mandilord|185\/423
|move|p2a: Mandilord|Foul Play|p1a: Colonel
|-damage|p1a: Colonel|0 fnt
|faint|p1a: Colonel
|
|win|req'd by crobro
|leave|Almighty Sa
|leave|abcdefghitony
|player|p1
|leave|blarghlfarghl
|leave|All Together Now
|leave|thatisnotedible
|leave|Wilkhun
|leave|Villager B
|leave|mkmlmlllkk