|join|req'd by crobro
|join|BlueSonicSpeedable
|player|p1|req'd by crobro|247
|player|p2|BlueSonicSpeedable|2
|gametype|singles
|gen|6
|tier|OU
|clearpoke
|poke|p1|Amoonguss, F
|poke|p1|Slowbro, F
|poke|p1|Heatran, M
|poke|p1|Landorus-Therian, M
|poke|p1|Metagross
|poke|p1|Clefable, F
|poke|p2|Greninja, M, shiny
|poke|p2|Magnezone, shiny
|poke|p2|Landorus-Therian, M, shiny
|poke|p2|Ferrothorn, M, shiny
|poke|p2|Gengar, M, shiny
|poke|p2|Gardevoir, F, shiny
|rule|Swagger Clause: Swagger is banned
|rule|Baton Pass Clause: Limit one PokÃ©mon knowing Baton Pass
|rule|Sleep Clause Mod: Limit one foe put to sleep
|rule|Species Clause: Limit one of each PokÃ©mon
|rule|OHKO Clause: OHKO moves are banned
|rule|Moody Clause: Moody is banned
|rule|Evasion Moves Clause: Evasion moves are banned
|rule|Endless Battle Clause: Forcing endless battles is banned
|rule|HP Percentage Mod: HP is shown in percentages
|teampreview
|join|Jukain
|join|Chivalry Lives
|join|ollopa
|
|start
|switch|p1a: Slowbro|Slowbro, F|393\/393
|switch|p2a: Ferrothorn|Ferrothorn, M, shiny|352\/352
|turn|1
|
|move|p1a: Slowbro|Fire Blast|p2a: Ferrothorn|[miss]
|-miss|p1a: Slowbro|p2a: Ferrothorn
|move|p2a: Ferrothorn|Leech Seed|p1a: Slowbro
|-start|p1a: Slowbro|move: Leech Seed
|
|-damage|p1a: Slowbro|344\/393|[from] Leech Seed|[of] p2a: Ferrothorn
|turn|2
|c|âreq'd by crobro|ofc
|c|+Jukain|LOOOOOOOOOOOOOOOOOOOOOOOOOOOOOL
|join|Baeonetta
|c|+Jukain|dash plays
|
|move|p2a: Ferrothorn|Protect|p2a: Ferrothorn
|-singleturn|p2a: Ferrothorn|Protect
|move|p1a: Slowbro|Thunder Wave|p2a: Ferrothorn
|-activate|p2a: Ferrothorn|Protect
|
|-heal|p1a: Slowbro|368\/393|[from] item: Leftovers
|-damage|p1a: Slowbro|319\/393|[from] Leech Seed|[of] p2a: Ferrothorn
|turn|3
|join|IDoNotExist
|
|move|p1a: Slowbro|Fire Blast|p2a: Ferrothorn
|-supereffective|p2a: Ferrothorn
|-damage|p2a: Ferrothorn|24\/352
|move|p2a: Ferrothorn|Power Whip|p1a: Slowbro
|-supereffective|p1a: Slowbro
|-damage|p1a: Slowbro|151\/393
|
|-heal|p1a: Slowbro|175\/393|[from] item: Leftovers
|-damage|p1a: Slowbro|126\/393|[from] Leech Seed|[of] p2a: Ferrothorn
|-heal|p2a: Ferrothorn|73\/352|[silent]
|turn|4
|leave|Chivalry Lives
|
|switch|p1a: Heatran|Heatran, M|385\/385
|move|p2a: Ferrothorn|Protect|p2a: Ferrothorn
|-fail|p2a: Ferrothorn
|
|turn|5
|
|move|p1a: Heatran|Lava Plume|p2a: Ferrothorn
|-supereffective|p2a: Ferrothorn
|-damage|p2a: Ferrothorn|0 fnt
|faint|p2a: Ferrothorn
|
|
|switch|p2a: Landorus-Therian|Landorus-Therian, M, shiny|382\/382
|-ability|p2a: Landorus-Therian|Intimidate|[of] p1a: Heatran
|-unboost|p1a: Heatran|atk|1
|turn|6
|
|switch|p1a: Landorus-Therian|Landorus-Therian, M|319\/319
|-ability|p1a: Landorus-Therian|Intimidate|[of] p2a: Landorus-Therian
|-unboost|p2a: Landorus-Therian|atk|1
|move|p2a: Landorus-Therian|Earthquake|p1a: Landorus-Therian
|-immune|p1a: Landorus-Therian|[msg]
|
|turn|7
|
|move|p1a: Landorus-Therian|U-turn|p2a: Landorus-Therian
|-resisted|p2a: Landorus-Therian
|-damage|p2a: Landorus-Therian|332\/382
|
|switch|p1a: Slowbro|Slowbro, F|257\/393
|move|p2a: Landorus-Therian|Stealth Rock|p1a: Slowbro
|-sidestart|p1: req'd by crobro|move: Stealth Rock
|
|-heal|p2a: Landorus-Therian|355\/382|[from] item: Leftovers
|-heal|p1a: Slowbro|281\/393|[from] item: Leftovers
|turn|8
|leave|Baeonetta
|
|switch|p2a: Magnezone|Magnezone, shiny|344\/344
|-item|p2a: Magnezone|Air Balloon
|move|p1a: Slowbro|Scald|p2a: Magnezone
|-crit|p2a: Magnezone
|-damage|p2a: Magnezone|188\/344
|-enditem|p2a: Magnezone|Air Balloon
|
|-heal|p1a: Slowbro|305\/393|[from] item: Leftovers
|turn|9
|join|Baeonetta
|
|switch|p1a: Landorus-Therian|Landorus-Therian, M|319\/319
|-damage|p1a: Landorus-Therian|280\/319|[from] Stealth Rock
|-ability|p1a: Landorus-Therian|Intimidate|[of] p2a: Magnezone
|-unboost|p2a: Magnezone|atk|1
|move|p2a: Magnezone|Magnet Rise|p2a: Magnezone
|-start|p2a: Magnezone|Magnet Rise
|
|turn|10
|
|move|p1a: Landorus-Therian|U-turn|p2a: Magnezone
|-resisted|p2a: Magnezone
|-damage|p2a: Magnezone|145\/344
|
|switch|p1a: Heatran|Heatran, M|385\/385
|-damage|p1a: Heatran|337\/385|[from] Stealth Rock
|move|p2a: Magnezone|Tri Attack|p1a: Heatran
|-resisted|p1a: Heatran
|-damage|p1a: Heatran|286\/385
|
|-heal|p1a: Heatran|310\/385|[from] item: Leftovers
|turn|11
|c|âreq'd by crobro|tri attack
|c|âreq'd by crobro|lel
|
|switch|p2a: Landorus-Therian|Landorus-Therian, M, shiny|355\/382
|-ability|p2a: Landorus-Therian|Intimidate|[of] p1a: Heatran
|-unboost|p1a: Heatran|atk|1
|move|p1a: Heatran|Stealth Rock|p2a: Landorus-Therian
|-sidestart|p2: BlueSonicSpeedable|move: Stealth Rock
|
|-heal|p2a: Landorus-Therian|378\/382|[from] item: Leftovers
|-heal|p1a: Heatran|334\/385|[from] item: Leftovers
|turn|12
|join|ExeALT
|
|switch|p1a: Slowbro|Slowbro, F|393\/393
|-damage|p1a: Slowbro|344\/393|[from] Stealth Rock
|move|p2a: Landorus-Therian|Bulk Up|p2a: Landorus-Therian
|-boost|p2a: Landorus-Therian|atk|1
|-boost|p2a: Landorus-Therian|def|1
|
|-heal|p2a: Landorus-Therian|382\/382|[from] item: Leftovers
|-heal|p1a: Slowbro|368\/393|[from] item: Leftovers
|turn|13
|
|move|p2a: Landorus-Therian|Bulk Up|p2a: Landorus-Therian
|-boost|p2a: Landorus-Therian|atk|1
|-boost|p2a: Landorus-Therian|def|1
|move|p1a: Slowbro|Scald|p2a: Landorus-Therian
|-supereffective|p2a: Landorus-Therian
|-damage|p2a: Landorus-Therian|160\/382
|-status|p2a: Landorus-Therian|brn
|
|-heal|p2a: Landorus-Therian|183\/382 brn|[from] item: Leftovers
|-heal|p1a: Slowbro|392\/393|[from] item: Leftovers
|-damage|p2a: Landorus-Therian|136\/382 brn|[from] brn
|turn|14
|
|move|p2a: Landorus-Therian|Earthquake|p1a: Slowbro
|-damage|p1a: Slowbro|245\/393
|move|p1a: Slowbro|Scald|p2a: Landorus-Therian
|-supereffective|p2a: Landorus-Therian
|-damage|p2a: Landorus-Therian|0 fnt
|faint|p2a: Landorus-Therian
|
|-heal|p1a: Slowbro|269\/393|[from] item: Leftovers
|
|switch|p2a: Magnezone|Magnezone, shiny|145\/344
|-damage|p2a: Magnezone|124\/344|[from] Stealth Rock
|turn|15
|
|switch|p1a: Heatran|Heatran, M|334\/385
|-damage|p1a: Heatran|286\/385|[from] Stealth Rock
|move|p2a: Magnezone|Rain Dance|p2a: Magnezone
|-weather|RainDance
|
|-weather|RainDance|[upkeep]
|-heal|p1a: Heatran|310\/385|[from] item: Leftovers
|turn|16
|c|âreq'd by crobro|um
|c|âBlueSonicSpeedable|what
|c|âBlueSonicSpeedable|interesting setup?
|c|âBlueSonicSpeedable|or
|c|âreq'd by crobro|i mean
|c|âreq'd by crobro|you do you
|leave|ExeALT
|c|âBlueSonicSpeedable|what
|
|move|p1a: Heatran|Earth Power|p2a: Magnezone
|-supereffective|p2a: Magnezone
|-damage|p2a: Magnezone|0 fnt
|faint|p2a: Magnezone
|
|-weather|RainDance|[upkeep]
|-heal|p1a: Heatran|334\/385|[from] item: Leftovers
|
|switch|p2a: Female Gallade|Gardevoir, F, shiny|340\/340
|-damage|p2a: Female Gallade|298\/340|[from] Stealth Rock
|turn|17
|
|switch|p1a: Metagross|Metagross|301\/301
|-damage|p1a: Metagross|283\/301|[from] Stealth Rock
|move|p2a: Female Gallade|Hypnosis|p1a: Metagross
|-status|p1a: Metagross|slp
|
|-weather|RainDance|[upkeep]
|turn|18
|
|detailschange|p1a: Metagross|Metagross-Mega
|-mega|p1a: Metagross|Metagross|Metagrossite
|cant|p1a: Metagross|slp
|move|p2a: Female Gallade|Psychic|p1a: Metagross
|-resisted|p1a: Metagross
|-damage|p1a: Metagross|244\/301 slp
|
|-weather|RainDance|[upkeep]
|turn|19
|join|Wiz BITG
|join|Yuttt.annual
|leave|Jukain
|
|switch|p2a: Greninja|Greninja, M, shiny|286\/286
|-damage|p2a: Greninja|251\/286|[from] Stealth Rock
|cant|p1a: Metagross|slp
|
|-weather|none
|turn|20
|
|switch|p1a: Slowbro|Slowbro, F|393\/393
|-damage|p1a: Slowbro|344\/393|[from] Stealth Rock
|move|p2a: Greninja|Dark Pulse|p1a: Slowbro
|-start|p2a: Greninja|typechange|Dark|[from] Protean
|-supereffective|p1a: Slowbro
|-damage|p1a: Slowbro|0 fnt
|-damage|p2a: Greninja|223\/286|[from] item: Life Orb
|faint|p1a: Slowbro
|
|
|switch|p1a: Landorus-Therian|Landorus-Therian, M|280\/319
|-damage|p1a: Landorus-Therian|241\/319|[from] Stealth Rock
|-ability|p1a: Landorus-Therian|Intimidate|[of] p2a: Greninja
|-unboost|p2a: Greninja|atk|1
|turn|21
|
|move|p1a: Landorus-Therian|U-turn|p2a: Greninja
|-supereffective|p2a: Greninja
|-damage|p2a: Greninja|0 fnt
|faint|p2a: Greninja
|
|switch|p1a: Heatran|Heatran, M|334\/385
|-damage|p1a: Heatran|286\/385|[from] Stealth Rock
|
|-heal|p1a: Heatran|310\/385|[from] item: Leftovers
|
|switch|p2a: Gengar|Gengar, M, shiny|324\/324
|-damage|p2a: Gengar|284\/324|[from] Stealth Rock
|turn|22
|
|move|p2a: Gengar|Destiny Bond|p2a: Gengar
|-singlemove|p2a: Gengar|Destiny Bond
|move|p1a: Heatran|Lava Plume|p2a: Gengar
|-damage|p2a: Gengar|148\/324
|-status|p2a: Gengar|brn
|
|-heal|p2a: Gengar|168\/324 brn|[from] item: Black Sludge
|-heal|p1a: Heatran|334\/385|[from] item: Leftovers
|-damage|p2a: Gengar|128\/324 brn|[from] brn
|turn|23
|
|move|p2a: Gengar|Confuse Ray|p1a: Heatran
|-start|p1a: Heatran|confusion
|-activate|p1a: Heatran|confusion
|-damage|p1a: Heatran|312\/385|[from] confusion
|
|-heal|p2a: Gengar|148\/324 brn|[from] item: Black Sludge
|-heal|p1a: Heatran|336\/385|[from] item: Leftovers
|-damage|p2a: Gengar|108\/324 brn|[from] brn
|turn|24
|
|move|p2a: Gengar|Destiny Bond|p2a: Gengar
|-singlemove|p2a: Gengar|Destiny Bond
|-activate|p1a: Heatran|confusion
|-damage|p1a: Heatran|313\/385|[from] confusion
|
|-heal|p2a: Gengar|128\/324 brn|[from] item: Black Sludge
|-heal|p1a: Heatran|337\/385|[from] item: Leftovers
|-damage|p2a: Gengar|88\/324 brn|[from] brn
|turn|25
|
|move|p2a: Gengar|Destiny Bond|p2a: Gengar
|-singlemove|p2a: Gengar|Destiny Bond
|-activate|p1a: Heatran|confusion
|-damage|p1a: Heatran|314\/385|[from] confusion
|
|-heal|p2a: Gengar|108\/324 brn|[from] item: Black Sludge
|-heal|p1a: Heatran|338\/385|[from] item: Leftovers
|-damage|p2a: Gengar|68\/324 brn|[from] brn
|turn|26
|
|move|p2a: Gengar|Night Shade|p1a: Heatran
|-damage|p1a: Heatran|238\/385
|-end|p1a: Heatran|confusion
|move|p1a: Heatran|Earth Power|p2a: Gengar
|-immune|p2a: Gengar|[msg]
|
|-heal|p2a: Gengar|88\/324 brn|[from] item: Black Sludge
|-heal|p1a: Heatran|262\/385|[from] item: Leftovers
|-damage|p2a: Gengar|48\/324 brn|[from] brn
|turn|27
|
|move|p2a: Gengar|Destiny Bond|p2a: Gengar
|-singlemove|p2a: Gengar|Destiny Bond
|move|p1a: Heatran|Lava Plume|p2a: Gengar
|-damage|p2a: Gengar|0 fnt
|faint|p2a: Gengar
|-activate|p2a: Gengar|Destiny Bond
|faint|p1a: Heatran
|
|leave|Wiz BITG
|leave|Yuttt.annual
|leave|Baeonetta
|
|switch|p1a: Landorus-Therian|Landorus-Therian, M|241\/319
|switch|p2a: Female Gallade|Gardevoir, F, shiny|298\/340
|-damage|p1a: Landorus-Therian|202\/319|[from] Stealth Rock
|-ability|p1a: Landorus-Therian|Intimidate|[of] p2a: Female Gallade
|-unboost|p2a: Female Gallade|atk|1
|-damage|p2a: Female Gallade|256\/340|[from] Stealth Rock
|turn|28
|
|detailschange|p2a: Female Gallade|Gardevoir-Mega, F, shiny
|-mega|p2a: Female Gallade|Gardevoir|Gardevoirite
|move|p1a: Landorus-Therian|Earthquake|p2a: Female Gallade
|-damage|p2a: Female Gallade|0 fnt
|faint|p2a: Female Gallade
|
|win|req'd by crobro
|leave|req'd by crobro
|player|p1
|leave|BlueSonicSpeedable
|player|p2