|join|req'd by crobro
|join|Mega Magic Bounce
|player|p1|req'd by crobro|144
|player|p2|Mega Magic Bounce|66
|gametype|singles
|gen|6
|tier|OU
|rated
|clearpoke
|poke|p1|Metagross
|poke|p1|Magnezone
|poke|p1|Slowbro, F
|poke|p1|Clefable, M
|poke|p1|Gliscor, M
|poke|p1|Zapdos
|poke|p2|Serperior, F
|poke|p2|Metagross
|poke|p2|Heatran, M
|poke|p2|Clefable, F
|poke|p2|Gastrodon, F
|poke|p2|Talonflame, M
|rule|Swagger Clause: Swagger is banned
|rule|Baton Pass Clause: Limit one PokÃ©mon knowing Baton Pass
|rule|Sleep Clause Mod: Limit one foe put to sleep
|rule|Species Clause: Limit one of each PokÃ©mon
|rule|OHKO Clause: OHKO moves are banned
|rule|Moody Clause: Moody is banned
|rule|Evasion Moves Clause: Evasion moves are banned
|rule|Endless Battle Clause: Forcing endless battles is banned
|rule|HP Percentage Mod: HP is shown in percentages
|teampreview
|
|start
|switch|p1a: Metagross|Metagross|301\/301
|switch|p2a: Serperior|Serperior, F|291\/291
|turn|1
|
|switch|p2a: Gastrodon|Gastrodon, F|426\/426
|detailschange|p1a: Metagross|Metagross-Mega
|-mega|p1a: Metagross|Metagross|Metagrossite
|move|p1a: Metagross|Zen Headbutt|p2a: Gastrodon
|-damage|p2a: Gastrodon|245\/426
|
|-heal|p2a: Gastrodon|271\/426|[from] item: Leftovers
|turn|2
|
|switch|p1a: Clefable|Clefable, M|394\/394
|move|p2a: Gastrodon|Recover|p2a: Gastrodon
|-heal|p2a: Gastrodon|426\/426
|
|turn|3
|
|switch|p1a: Gliscor|Gliscor, M|353\/353
|switch|p2a: Metagross|Metagross|301\/301
|
|-status|p1a: Gliscor|tox|[from] item: Toxic Orb
|turn|4
|
|switch|p1a: Slowbro|Slowbro, F|394\/394
|detailschange|p2a: Metagross|Metagross-Mega
|-mega|p2a: Metagross|Metagross|Metagrossite
|move|p2a: Metagross|Ice Punch|p1a: Slowbro
|-resisted|p1a: Slowbro
|-damage|p1a: Slowbro|346\/394
|
|-heal|p1a: Slowbro|370\/394|[from] item: Leftovers
|turn|5
|
|switch|p2a: Serperior|Serperior, F|291\/291
|move|p1a: Slowbro|Scald|p2a: Serperior
|-resisted|p2a: Serperior
|-damage|p2a: Serperior|260\/291
|
|-heal|p1a: Slowbro|394\/394|[from] item: Leftovers
|turn|6
|
|switch|p1a: Metagross|Metagross-Mega|301\/301
|move|p2a: Serperior|Leaf Storm|p1a: Metagross
|-resisted|p1a: Metagross
|-damage|p1a: Metagross|224\/301
|-boost|p2a: Serperior|spa|2
|
|turn|7
|
|move|p2a: Serperior|Hidden Power|p1a: Metagross
|-supereffective|p1a: Metagross
|-damage|p1a: Metagross|42\/301
|move|p1a: Metagross|Ice Punch|p2a: Serperior
|-supereffective|p2a: Serperior
|-damage|p2a: Serperior|2\/291
|
|turn|8
|
|switch|p1a: Zapdos|Zapdos|383\/383
|-ability|p1a: Zapdos|Pressure
|move|p2a: Serperior|Leaf Storm|p1a: Zapdos
|-resisted|p1a: Zapdos
|-damage|p1a: Zapdos|200\/383
|-boost|p2a: Serperior|spa|2
|
|-heal|p1a: Zapdos|223\/383|[from] item: Leftovers
|turn|9
|
|move|p2a: Serperior|Leaf Storm|p1a: Zapdos
|-resisted|p1a: Zapdos
|-damage|p1a: Zapdos|0 fnt
|-boost|p2a: Serperior|spa|2
|faint|p1a: Zapdos
|
|-message|req'd by crobro forfeited.
|
|win|Mega Magic Bounce
|raw|Ladder updating...
|leave|req'd by crobro
|player|p1