|join|req'd by crobro
|join|ShootTheGirlFirst
|join|Qubae
|player|p1|req'd by crobro|288
|player|p2|ShootTheGirlFirst|102
|gametype|singles
|gen|6
|tier|OU
|clearpoke
|poke|p1|Amoonguss, M
|poke|p1|Slowbro, M
|poke|p1|Heatran, F
|poke|p1|Landorus-Therian, M
|poke|p1|Metagross
|poke|p1|Clefable, M
|poke|p2|Manaphy
|poke|p2|Venusaur, M
|poke|p2|Landorus-Therian, M
|poke|p2|Bisharp, M
|poke|p2|Raikou
|poke|p2|Latias, F
|rule|Swagger Clause: Swagger is banned
|rule|Baton Pass Clause: Limit one PokÃ©mon knowing Baton Pass
|rule|Sleep Clause Mod: Limit one foe put to sleep
|rule|Species Clause: Limit one of each PokÃ©mon
|rule|OHKO Clause: OHKO moves are banned
|rule|Moody Clause: Moody is banned
|rule|Evasion Moves Clause: Evasion moves are banned
|rule|Endless Battle Clause: Forcing endless battles is banned
|rule|HP Percentage Mod: HP is shown in percentages
|teampreview
|join|jesitheboss
|join|JustTheFx
|join|Ailurophilia
|join|creepycretin
|join|wizardo
|join|WildcatForever
|join|Ferocca
|join|78th
|join|boltsandbombers
|join|LunarSRL
|join|Mentalist Swag
|join|The Ess of Johan
|c| Qubae|gl hf boyz
|c| jesitheboss|ahhh
|join|raindancer1
|join|Grumtastic
|join|pyromaniac 963
|join|vielIeis
|join|Noctune
|join|Kimio
|join|the fun in this
|c| jesitheboss|gl guys
|join|Monsey
|join|Teeny Victory
|join|dec19finaletears
|raw|<div class="broadcast-red"><b>Moderated chat was set to +!<\/b><br \/>Only users of rank + and higher can talk.<\/div>
|
|start
|switch|p1a: Slowbro|Slowbro, M|394\/394
|switch|p2a: BreakdownOfSanity|Landorus-Therian, M|369\/369
|-ability|p2a: BreakdownOfSanity|Intimidate|[of] p1a: Slowbro
|-unboost|p1a: Slowbro|atk|1
|turn|1
|leave|Noctune
|
|move|p2a: BreakdownOfSanity|U-turn|p1a: Slowbro
|-supereffective|p1a: Slowbro
|-damage|p1a: Slowbro|286\/394
|
|switch|p2a: Lockheed AC130|Latias, F|301\/301
|move|p1a: Slowbro|Scald|p2a: Lockheed AC130
|-resisted|p2a: Lockheed AC130
|-damage|p2a: Lockheed AC130|262\/301
|-status|p2a: Lockheed AC130|brn
|
|-heal|p1a: Slowbro|310\/394|[from] item: Leftovers
|-damage|p2a: Lockheed AC130|225\/301 brn|[from] brn
|turn|2
|join|Mark Suckerberg
|join|belgrade
|join|regular joe
|
|switch|p2a: TheSkyAboveUs|Manaphy|352\/352
|move|p1a: Slowbro|Fire Blast|p2a: TheSkyAboveUs
|-resisted|p2a: TheSkyAboveUs
|-damage|p2a: TheSkyAboveUs|310\/352
|
|-heal|p2a: TheSkyAboveUs|332\/352|[from] item: Leftovers
|-heal|p1a: Slowbro|334\/394|[from] item: Leftovers
|turn|3
|join|Pure Demize
|
|switch|p1a: Amoonguss|Amoonguss, M|431\/431
|move|p2a: TheSkyAboveUs|Tail Glow|p2a: TheSkyAboveUs
|-boost|p2a: TheSkyAboveUs|spa|3
|
|-heal|p2a: TheSkyAboveUs|352\/352|[from] item: Leftovers
|turn|4
|join|NostalgiaTesting
|
|move|p2a: TheSkyAboveUs|Psychic|p1a: Amoonguss
|-supereffective|p1a: Amoonguss
|-damage|p1a: Amoonguss|0 fnt
|faint|p1a: Amoonguss
|
|
|switch|p1a: Landorus-Therian|Landorus-Therian, M|319\/319
|-ability|p1a: Landorus-Therian|Intimidate|[of] p2a: TheSkyAboveUs
|-unboost|p2a: TheSkyAboveUs|atk|1
|turn|5
|
|move|p1a: Landorus-Therian|Explosion|p2a: TheSkyAboveUs
|-damage|p2a: TheSkyAboveUs|0 fnt
|faint|p1a: Landorus-Therian
|faint|p2a: TheSkyAboveUs
|
|c|âShootTheGirlFirst|lol
|c|âreq'd by crobro|always annoying when i have to do that
|
|switch|p2a: Fit 4 A King|Bisharp, M|291\/291
|switch|p1a: Slowbro|Slowbro, M|394\/394
|turn|6
|
|move|p2a: Fit 4 A King|Knock Off|p1a: Slowbro
|-supereffective|p1a: Slowbro
|-damage|p1a: Slowbro|64\/394
|-enditem|p1a: Slowbro|Leftovers|[from] move: Knock Off|[of] p2a: Fit 4 A King
|-damage|p2a: Fit 4 A King|262\/291|[from] item: Life Orb
|move|p1a: Slowbro|Fire Blast|p2a: Fit 4 A King
|-supereffective|p2a: Fit 4 A King
|-damage|p2a: Fit 4 A King|24\/291
|
|turn|7
|
|move|p2a: Fit 4 A King|Knock Off|p1a: Slowbro
|-supereffective|p1a: Slowbro
|-damage|p1a: Slowbro|0 fnt
|-damage|p2a: Fit 4 A King|0 fnt|[from] item: Life Orb
|faint|p1a: Slowbro
|faint|p2a: Fit 4 A King
|
|
|switch|p2a: BreakdownOfSanity|Landorus-Therian, M|369\/369
|switch|p1a: Clefable|Clefable, M|393\/393
|-ability|p2a: BreakdownOfSanity|Intimidate|[of] p1a: Clefable
|-unboost|p1a: Clefable|atk|1
|turn|8
|join|Bulky Deoxys-A
|
|move|p2a: BreakdownOfSanity|U-turn|p1a: Clefable
|-resisted|p1a: Clefable
|-damage|p1a: Clefable|355\/393
|
|switch|p2a: Attila|Venusaur, M|360\/360
|move|p1a: Clefable|Moonblast|p2a: Attila
|-resisted|p2a: Attila
|-damage|p2a: Attila|309\/360
|
|-heal|p1a: Clefable|379\/393|[from] item: Leftovers
|turn|9
|
|switch|p2a: BreakdownOfSanity|Landorus-Therian, M|369\/369
|-ability|p2a: BreakdownOfSanity|Intimidate|[of] p1a: Clefable
|-unboost|p1a: Clefable|atk|1
|switch|p1a: Heatran|Heatran, F|385\/385
|
|turn|10
|
|switch|p1a: Clefable|Clefable, M|379\/393
|move|p2a: BreakdownOfSanity|Earthquake|p1a: Clefable
|-damage|p1a: Clefable|217\/393
|
|-heal|p1a: Clefable|241\/393|[from] item: Leftovers
|turn|11
|
|move|p2a: BreakdownOfSanity|Earthquake|p1a: Clefable
|-damage|p1a: Clefable|97\/393
|move|p1a: Clefable|Soft-Boiled|p1a: Clefable
|-heal|p1a: Clefable|294\/393
|
|-heal|p1a: Clefable|318\/393|[from] item: Leftovers
|turn|12
|join|Madam Keldeo
|
|move|p2a: BreakdownOfSanity|Earthquake|p1a: Clefable
|-damage|p1a: Clefable|173\/393
|move|p1a: Clefable|Moonblast|p2a: BreakdownOfSanity
|-damage|p2a: BreakdownOfSanity|233\/369
|-unboost|p2a: BreakdownOfSanity|spa|1
|
|-heal|p2a: BreakdownOfSanity|256\/369|[from] item: Leftovers
|-heal|p1a: Clefable|197\/393|[from] item: Leftovers
|turn|13
|leave|JustTheFx
|join|Myliltony
|
|move|p2a: BreakdownOfSanity|U-turn|p1a: Clefable
|-resisted|p1a: Clefable
|-damage|p1a: Clefable|159\/393
|
|switch|p2a: Attila|Venusaur, M|309\/360
|move|p1a: Clefable|Soft-Boiled|p1a: Clefable
|-heal|p1a: Clefable|356\/393
|
|-heal|p1a: Clefable|380\/393|[from] item: Leftovers
|turn|14
|
|switch|p1a: Heatran|Heatran, F|385\/385
|detailschange|p2a: Attila|Venusaur-Mega, M
|-mega|p2a: Attila|Venusaur|Venusaurite
|move|p2a: Attila|Sludge Bomb|p1a: Heatran
|-immune|p1a: Heatran|[msg]
|
|turn|15
|
|switch|p2a: Lockheed AC130|Latias, F|225\/301 brn
|move|p1a: Heatran|Stealth Rock|p2a: Lockheed AC130
|-sidestart|p2: ShootTheGirlFirst|move: Stealth Rock
|
|-damage|p2a: Lockheed AC130|188\/301 brn|[from] brn
|turn|16
|
|switch|p1a: Clefable|Clefable, M|380\/393
|move|p2a: Lockheed AC130|Defog|p1a: Clefable
|-unboost|p1a: Clefable|evasion|1
|-sideend|p2: ShootTheGirlFirst|Stealth Rock|[from] move: Defog|[of] p2a: Lockheed AC130
|
|-heal|p1a: Clefable|393\/393|[from] item: Leftovers
|-damage|p2a: Lockheed AC130|151\/301 brn|[from] brn
|turn|17
|
|switch|p1a: Heatran|Heatran, F|385\/385
|move|p2a: Lockheed AC130|Psyshock|p1a: Heatran
|-resisted|p1a: Heatran
|-damage|p1a: Heatran|299\/385
|-damage|p2a: Lockheed AC130|121\/301 brn|[from] item: Life Orb
|
|-heal|p1a: Heatran|323\/385|[from] item: Leftovers
|-damage|p2a: Lockheed AC130|84\/301 brn|[from] brn
|turn|18
|
|move|p2a: Lockheed AC130|Psyshock|p1a: Heatran
|-resisted|p1a: Heatran
|-damage|p1a: Heatran|245\/385
|-damage|p2a: Lockheed AC130|54\/301 brn|[from] item: Life Orb
|move|p1a: Heatran|Stealth Rock|p2a: Lockheed AC130
|-sidestart|p2: ShootTheGirlFirst|move: Stealth Rock
|
|-heal|p1a: Heatran|269\/385|[from] item: Leftovers
|-damage|p2a: Lockheed AC130|17\/301 brn|[from] brn
|turn|19
|
|move|p2a: Lockheed AC130|Defog|p1a: Heatran
|-unboost|p1a: Heatran|evasion|1
|-sideend|p2: ShootTheGirlFirst|Stealth Rock|[from] move: Defog|[of] p2a: Lockheed AC130
|move|p1a: Heatran|Stealth Rock|p2a: Lockheed AC130
|-sidestart|p2: ShootTheGirlFirst|move: Stealth Rock
|
|-heal|p1a: Heatran|293\/385|[from] item: Leftovers
|-damage|p2a: Lockheed AC130|0 fnt|[from] brn
|faint|p2a: Lockheed AC130
|join|asdfCookie
|
|switch|p2a: BreakdownOfSanity|Landorus-Therian, M|256\/369
|-damage|p2a: BreakdownOfSanity|210\/369|[from] Stealth Rock
|-ability|p2a: BreakdownOfSanity|Intimidate|[of] p1a: Heatran
|-unboost|p1a: Heatran|atk|1
|turn|20
|
|switch|p1a: Clefable|Clefable, M|393\/393
|move|p2a: BreakdownOfSanity|Earthquake|p1a: Clefable
|-damage|p1a: Clefable|234\/393
|
|-heal|p2a: BreakdownOfSanity|233\/369|[from] item: Leftovers
|-heal|p1a: Clefable|258\/393|[from] item: Leftovers
|turn|21
|
|switch|p2a: FamousLastWords|Raikou|329\/329
|-damage|p2a: FamousLastWords|288\/329|[from] Stealth Rock
|-ability|p2a: FamousLastWords|Pressure
|move|p1a: Clefable|Soft-Boiled|p1a: Clefable
|-heal|p1a: Clefable|393\/393
|
|-heal|p2a: FamousLastWords|308\/329|[from] item: Leftovers
|turn|22
|join|Alkov
|
|move|p2a: FamousLastWords|Calm Mind|p2a: FamousLastWords
|-boost|p2a: FamousLastWords|spa|1
|-boost|p2a: FamousLastWords|spd|1
|move|p1a: Clefable|Calm Mind|p1a: Clefable
|-boost|p1a: Clefable|spa|1
|-boost|p1a: Clefable|spd|1
|
|-heal|p2a: FamousLastWords|328\/329|[from] item: Leftovers
|turn|23
|
|move|p2a: FamousLastWords|Calm Mind|p2a: FamousLastWords
|-boost|p2a: FamousLastWords|spa|1
|-boost|p2a: FamousLastWords|spd|1
|move|p1a: Clefable|Calm Mind|p1a: Clefable
|-boost|p1a: Clefable|spa|1
|-boost|p1a: Clefable|spd|1
|
|-heal|p2a: FamousLastWords|329\/329|[from] item: Leftovers
|turn|24
|
|move|p2a: FamousLastWords|Calm Mind|p2a: FamousLastWords
|-boost|p2a: FamousLastWords|spa|1
|-boost|p2a: FamousLastWords|spd|1
|move|p1a: Clefable|Calm Mind|p1a: Clefable
|-boost|p1a: Clefable|spa|1
|-boost|p1a: Clefable|spd|1
|
|turn|25
|
|move|p2a: FamousLastWords|Thunderbolt|p1a: Clefable
|-damage|p1a: Clefable|228\/393
|move|p1a: Clefable|Calm Mind|p1a: Clefable
|-boost|p1a: Clefable|spa|1
|-boost|p1a: Clefable|spd|1
|
|-heal|p1a: Clefable|252\/393|[from] item: Leftovers
|turn|26
|
|move|p2a: FamousLastWords|Calm Mind|p2a: FamousLastWords
|-boost|p2a: FamousLastWords|spa|1
|-boost|p2a: FamousLastWords|spd|1
|move|p1a: Clefable|Soft-Boiled|p1a: Clefable
|-heal|p1a: Clefable|393\/393
|
|turn|27
|
|move|p2a: FamousLastWords|Calm Mind|p2a: FamousLastWords
|-boost|p2a: FamousLastWords|spa|1
|-boost|p2a: FamousLastWords|spd|1
|move|p1a: Clefable|Calm Mind|p1a: Clefable
|-boost|p1a: Clefable|spa|1
|-boost|p1a: Clefable|spd|1
|
|turn|28
|
|move|p2a: FamousLastWords|Calm Mind|p2a: FamousLastWords
|-boost|p2a: FamousLastWords|spa|1
|-boost|p2a: FamousLastWords|spd|1
|move|p1a: Clefable|Calm Mind|p1a: Clefable
|-boost|p1a: Clefable|spa|1
|-boost|p1a: Clefable|spd|1
|
|turn|29
|
|move|p2a: FamousLastWords|Thunderbolt|p1a: Clefable
|-crit|p1a: Clefable
|-damage|p1a: Clefable|0 fnt
|faint|p1a: Clefable
|
|c|âreq'd by crobro|lel
|c|âShootTheGirlFirst|omg sorry
|c|âreq'd by crobro|i was about to smash
|join|Zoroark's Doodle
|c|âreq'd by crobro|with stored power
|c|âShootTheGirlFirst|sorry man
|c|âShootTheGirlFirst|shit
|c|âreq'd by crobro|its all good
|
|switch|p1a: Metagross|Metagross|301\/301
|turn|30
|
|detailschange|p1a: Metagross|Metagross-Mega
|-mega|p1a: Metagross|Metagross|Metagrossite
|move|p2a: FamousLastWords|Thunderbolt|p1a: Metagross
|-damage|p1a: Metagross|0 fnt
|faint|p1a: Metagross
|
|
|switch|p1a: Heatran|Heatran, F|293\/385
|turn|31
|leave|Ailurophilia
|c|âShootTheGirlFirst|u would have won
|leave|Kimio
|
|move|p2a: FamousLastWords|Thunderbolt|p1a: Heatran
|-damage|p1a: Heatran|0 fnt
|faint|p1a: Heatran
|
|win|ShootTheGirlFirst
|c|âreq'd by crobro|probs
|c|âShootTheGirlFirst|gg
|leave|Teeny Victory
|leave|NostalgiaTesting
|leave|Qubae
|leave|Pure Demize
|leave|req'd by crobro
|player|p1
|leave|pyromaniac 963
|leave|the fun in this
|leave|regular joe
|leave|dec19finaletears
|leave|Mentalist Swag
|leave|Madam Keldeo
|leave|Monsey
|leave|Grumtastic
|leave|Zoroark's Doodle
|leave|LunarSRL
|leave|Myliltony
|leave|Ferocca
|leave|jesitheboss
|leave|raindancer1
|leave|creepycretin
|leave|The Ess of Johan
|leave|78th