|join|req'd by crobro
|join|Risky Chance
|c|âRisky Chance|gl
|player|p1|req'd by crobro|288
|player|p2|Risky Chance|117
|gametype|singles
|gen|6
|tier|OU
|rated
|clearpoke
|poke|p1|Gyarados, F
|poke|p1|Landorus, M
|poke|p1|Talonflame, M
|poke|p1|Celebi
|poke|p1|Skarmory, M
|poke|p1|Garchomp, F
|poke|p2|Blissey, F
|poke|p2|Scolipede, M
|poke|p2|Latias, F
|poke|p2|Alomomola, F
|poke|p2|Starmie
|poke|p2|Garchomp, F
|rule|Swagger Clause: Swagger is banned
|rule|Baton Pass Clause: Limit one PokÃ©mon knowing Baton Pass
|rule|Sleep Clause Mod: Limit one foe put to sleep
|rule|Species Clause: Limit one of each PokÃ©mon
|rule|OHKO Clause: OHKO moves are banned
|rule|Moody Clause: Moody is banned
|rule|Evasion Moves Clause: Evasion moves are banned
|rule|Endless Battle Clause: Forcing endless battles is banned
|rule|HP Percentage Mod: HP is shown in percentages
|teampreview
|
|start
|switch|p1a: Landorus|Landorus, M|319\/319
|switch|p2a: Garchomp|Garchomp, F|376\/376
|turn|1
|
|move|p1a: Landorus|Stealth Rock|p2a: Garchomp
|-sidestart|p2: Risky Chance|move: Stealth Rock
|move|p2a: Garchomp|Stealth Rock|p1a: Landorus
|-sidestart|p1: req'd by crobro|move: Stealth Rock
|
|turn|2
|
|switch|p2a: Blissey|Blissey, F|674\/674
|-damage|p2a: Blissey|590\/674|[from] Stealth Rock
|move|p1a: Landorus|Earth Power|p2a: Blissey
|-damage|p2a: Blissey|398\/674
|
|-heal|p2a: Blissey|440\/674|[from] item: Leftovers
|turn|3
|
|switch|p1a: Talonflame|Talonflame, M|359\/359
|-damage|p1a: Talonflame|180\/359|[from] Stealth Rock
|switch|p2a: Alomomola|Alomomola, F|513\/513
|-damage|p2a: Alomomola|449\/513|[from] Stealth Rock
|
|-heal|p1a: Talonflame|202\/359|[from] item: Leftovers
|-heal|p2a: Alomomola|481\/513|[from] item: Leftovers
|turn|4
|
|move|p1a: Talonflame|Will-O-Wisp|p2a: Alomomola
|-status|p2a: Alomomola|brn
|move|p2a: Alomomola|Knock Off|p1a: Talonflame
|-damage|p1a: Talonflame|160\/359
|-enditem|p1a: Talonflame|Leftovers|[from] move: Knock Off|[of] p2a: Alomomola
|
|-heal|p2a: Alomomola|513\/513 brn|[from] item: Leftovers
|-damage|p2a: Alomomola|449\/513 brn|[from] brn
|turn|5
|
|switch|p1a: Celebi|Celebi|404\/404
|-damage|p1a: Celebi|354\/404|[from] Stealth Rock
|move|p2a: Alomomola|Toxic|p1a: Celebi
|-status|p1a: Celebi|tox
|
|-heal|p1a: Celebi|379\/404 tox|[from] item: Leftovers
|-heal|p2a: Alomomola|481\/513 brn|[from] item: Leftovers
|-damage|p1a: Celebi|354\/404 tox|[from] psn
|-damage|p2a: Alomomola|417\/513 brn|[from] brn
|turn|6
|
|switch|p2a: Scolipede|Scolipede, M|321\/321
|-damage|p2a: Scolipede|241\/321|[from] Stealth Rock
|move|p1a: Celebi|U-turn|p2a: Scolipede
|-resisted|p2a: Scolipede
|-damage|p2a: Scolipede|220\/321
|
|switch|p1a: Landorus|Landorus, M|319\/319
|-damage|p1a: Landorus|280\/319|[from] Stealth Rock
|
|-heal|p2a: Scolipede|240\/321|[from] item: Black Sludge
|turn|7
|
|move|p2a: Scolipede|Protect|p2a: Scolipede
|-singleturn|p2a: Scolipede|Protect
|move|p1a: Landorus|Psychic|p2a: Scolipede
|-activate|p2a: Scolipede|Protect
|
|-heal|p2a: Scolipede|260\/321|[from] item: Black Sludge
|-boost|p2a: Scolipede|spe|1|[from] ability: Speed Boost
|turn|8
|
|move|p2a: Scolipede|Substitute|p2a: Scolipede
|-start|p2a: Scolipede|Substitute
|-damage|p2a: Scolipede|180\/321
|move|p1a: Landorus|Psychic|p2a: Scolipede
|-supereffective|p2a: Scolipede
|-end|p2a: Scolipede|Substitute
|
|-heal|p2a: Scolipede|200\/321|[from] item: Black Sludge
|-boost|p2a: Scolipede|spe|1|[from] ability: Speed Boost
|turn|9
|
|move|p2a: Scolipede|Protect|p2a: Scolipede
|-singleturn|p2a: Scolipede|Protect
|move|p1a: Landorus|Psychic|p2a: Scolipede
|-activate|p2a: Scolipede|Protect
|
|-heal|p2a: Scolipede|220\/321|[from] item: Black Sludge
|-boost|p2a: Scolipede|spe|1|[from] ability: Speed Boost
|turn|10
|
|switch|p1a: Celebi|Celebi|354\/404
|-damage|p1a: Celebi|304\/404|[from] Stealth Rock
|move|p2a: Scolipede|Substitute|p2a: Scolipede
|-start|p2a: Scolipede|Substitute
|-damage|p2a: Scolipede|140\/321
|
|-heal|p2a: Scolipede|160\/321|[from] item: Black Sludge
|-heal|p1a: Celebi|329\/404|[from] item: Leftovers
|-boost|p2a: Scolipede|spe|1|[from] ability: Speed Boost
|turn|11
|
|move|p2a: Scolipede|Iron Defense|p2a: Scolipede
|-boost|p2a: Scolipede|def|2
|move|p1a: Celebi|Perish Song|p1a: Celebi
|-fieldactivate|move: Perish Song
|
|-start|p2a: Scolipede|perish3
|-start|p1a: Celebi|perish3
|-heal|p2a: Scolipede|180\/321|[from] item: Black Sludge
|-heal|p1a: Celebi|354\/404|[from] item: Leftovers
|-boost|p2a: Scolipede|spe|1|[from] ability: Speed Boost
|turn|12
|
|switch|p2a: Alomomola|Alomomola, F|513\/513 brn
|-damage|p2a: Alomomola|449\/513 brn|[from] Stealth Rock
|move|p1a: Celebi|U-turn|p2a: Alomomola
|-damage|p2a: Alomomola|398\/513 brn
|
|switch|p1a: Landorus|Landorus, M|280\/319
|-damage|p1a: Landorus|241\/319|[from] Stealth Rock
|
|-heal|p2a: Alomomola|430\/513 brn|[from] item: Leftovers
|-damage|p2a: Alomomola|366\/513 brn|[from] brn
|turn|13
|
|move|p1a: Landorus|Earth Power|p2a: Alomomola
|-damage|p2a: Alomomola|96\/513 brn
|move|p2a: Alomomola|Knock Off|p1a: Landorus
|-damage|p1a: Landorus|206\/319
|-enditem|p1a: Landorus|Life Orb|[from] move: Knock Off|[of] p2a: Alomomola
|
|-heal|p2a: Alomomola|128\/513 brn|[from] item: Leftovers
|-damage|p2a: Alomomola|64\/513 brn|[from] brn
|turn|14
|
|switch|p2a: Latias|Latias, F|364\/364
|-damage|p2a: Latias|319\/364|[from] Stealth Rock
|move|p1a: Landorus|Sludge Wave|p2a: Latias
|-damage|p2a: Latias|217\/364
|
|turn|15
|
|switch|p1a: Garchomp|Garchomp, F|357\/357
|-damage|p1a: Garchomp|335\/357|[from] Stealth Rock
|detailschange|p2a: Latias|Latias-Mega, F
|-mega|p2a: Latias|Latias|Latiasite
|move|p2a: Latias|Recover|p2a: Latias
|-heal|p2a: Latias|364\/364
|
|turn|16
|
|switch|p2a: Garchomp|Garchomp, F|376\/376
|-damage|p2a: Garchomp|353\/376|[from] Stealth Rock
|move|p1a: Garchomp|Outrage|p2a: Garchomp
|-supereffective|p2a: Garchomp
|-damage|p2a: Garchomp|3\/376
|-damage|p1a: Garchomp|291\/357|[from] ability: Rough Skin|[of] p2a: Garchomp
|
|-heal|p2a: Garchomp|26\/376|[from] item: Leftovers
|turn|17
|
|move|p1a: Garchomp|Outrage|p2a: Garchomp
|-supereffective|p2a: Garchomp
|-damage|p2a: Garchomp|0 fnt
|-damage|p1a: Garchomp|247\/357|[from] ability: Rough Skin|[of] p2a: Garchomp
|faint|p2a: Garchomp
|
|-end|p1a: Garchomp|rampage
|-start|p1a: Garchomp|confusion
|
|switch|p2a: Starmie|Starmie|322\/322
|-damage|p2a: Starmie|282\/322|[from] Stealth Rock
|turn|18
|
|switch|p1a: Celebi|Celebi|354\/404
|-damage|p1a: Celebi|304\/404|[from] Stealth Rock
|move|p2a: Starmie|Rapid Spin|p1a: Celebi
|-damage|p1a: Celebi|294\/404
|-sideend|p2: Risky Chance|Stealth Rock|[from] move: Rapid Spin|[of] p2a: Starmie
|
|-heal|p2a: Starmie|302\/322|[from] item: Leftovers
|-heal|p1a: Celebi|319\/404|[from] item: Leftovers
|turn|19
|
|switch|p2a: Scolipede|Scolipede, M|180\/321
|move|p1a: Celebi|U-turn|p2a: Scolipede
|-resisted|p2a: Scolipede
|-damage|p2a: Scolipede|160\/321
|
|switch|p1a: Skarmory|Skarmory, M|333\/333
|-damage|p1a: Skarmory|292\/333|[from] Stealth Rock
|
|-heal|p2a: Scolipede|180\/321|[from] item: Black Sludge
|turn|20
|
|move|p2a: Scolipede|Iron Defense|p2a: Scolipede
|-boost|p2a: Scolipede|def|2
|move|p1a: Skarmory|Defog|p2a: Scolipede
|-unboost|p2a: Scolipede|evasion|1
|-sideend|p1: req'd by crobro|Stealth Rock|[from] move: Defog|[of] p1a: Skarmory
|
|-heal|p2a: Scolipede|200\/321|[from] item: Black Sludge
|-boost|p2a: Scolipede|spe|1|[from] ability: Speed Boost
|turn|21
|
|move|p2a: Scolipede|Baton Pass|p2a: Scolipede
|
|switch|p2a: Starmie|Starmie|302\/322
|move|p1a: Skarmory|Whirlwind|p2a: Starmie
|drag|p2a: Blissey|Blissey, F|440\/674
|
|-heal|p2a: Blissey|482\/674|[from] item: Leftovers
|turn|22
|
|switch|p1a: Landorus|Landorus, M|206\/319
|move|p2a: Blissey|Fire Blast|p1a: Landorus
|-damage|p1a: Landorus|110\/319
|
|-heal|p2a: Blissey|524\/674|[from] item: Leftovers
|turn|23
|
|move|p1a: Landorus|Stealth Rock|p2a: Blissey
|-sidestart|p2: Risky Chance|move: Stealth Rock
|move|p2a: Blissey|Seismic Toss|p1a: Landorus
|-damage|p1a: Landorus|10\/319
|
|-heal|p2a: Blissey|566\/674|[from] item: Leftovers
|turn|24
|
|switch|p2a: Starmie|Starmie|302\/322
|-damage|p2a: Starmie|262\/322|[from] Stealth Rock
|move|p1a: Landorus|Earth Power|p2a: Starmie
|-damage|p2a: Starmie|42\/322
|
|-heal|p2a: Starmie|62\/322|[from] item: Leftovers
|turn|25
|
|move|p2a: Starmie|Rapid Spin|p1a: Landorus
|-crit|p1a: Landorus
|-damage|p1a: Landorus|0 fnt
|-sideend|p2: Risky Chance|Stealth Rock|[from] move: Rapid Spin|[of] p2a: Starmie
|faint|p1a: Landorus
|
|-heal|p2a: Starmie|82\/322|[from] item: Leftovers
|
|switch|p1a: Garchomp|Garchomp, F|247\/357
|turn|26
|
|switch|p2a: Blissey|Blissey, F|566\/674
|move|p1a: Garchomp|Dragon Claw|p2a: Blissey
|-damage|p2a: Blissey|329\/674
|
|-heal|p2a: Blissey|371\/674|[from] item: Leftovers
|turn|27
|
|switch|p1a: Talonflame|Talonflame, M|160\/359
|move|p2a: Blissey|Soft-Boiled|p2a: Blissey
|-heal|p2a: Blissey|674\/674
|
|turn|28
|
|switch|p2a: Alomomola|Alomomola, F|235\/513 brn
|move|p1a: Talonflame|Taunt|p2a: Alomomola
|-start|p2a: Alomomola|move: Taunt
|
|-heal|p2a: Alomomola|267\/513 brn|[from] item: Leftovers
|-damage|p2a: Alomomola|203\/513 brn|[from] brn
|turn|29
|
|switch|p2a: Latias|Latias-Mega, F|364\/364
|move|p1a: Talonflame|Will-O-Wisp|p2a: Latias
|-status|p2a: Latias|brn
|
|-damage|p2a: Latias|319\/364 brn|[from] brn
|turn|30
|
|move|p1a: Talonflame|Taunt|p2a: Latias
|-start|p2a: Latias|move: Taunt
|cant|p2a: Latias|move: Taunt|Calm Mind
|
|-damage|p2a: Latias|274\/364 brn|[from] brn
|turn|31
|
|switch|p2a: Alomomola|Alomomola, F|374\/513 brn
|move|p1a: Talonflame|Roost|p1a: Talonflame
|-heal|p1a: Talonflame|340\/359
|
|-heal|p2a: Alomomola|406\/513 brn|[from] item: Leftovers
|-damage|p2a: Alomomola|342\/513 brn|[from] brn
|turn|32
|
|switch|p2a: Blissey|Blissey, F|674\/674
|move|p1a: Talonflame|Taunt|p2a: Blissey
|-start|p2a: Blissey|move: Taunt
|
|turn|33
|
|move|p1a: Talonflame|Brave Bird|p2a: Blissey
|-damage|p2a: Blissey|458\/674
|-damage|p1a: Talonflame|269\/359|[from] recoil|[of] p2a: Blissey
|move|p2a: Blissey|Seismic Toss|p1a: Talonflame
|-damage|p1a: Talonflame|169\/359
|
|-heal|p2a: Blissey|500\/674|[from] item: Leftovers
|turn|34
|
|move|p1a: Talonflame|Will-O-Wisp|p2a: Blissey
|-status|p2a: Blissey|brn
|move|p2a: Blissey|Seismic Toss|p1a: Talonflame
|-damage|p1a: Talonflame|69\/359
|
|-heal|p2a: Blissey|542\/674 brn|[from] item: Leftovers
|-damage|p2a: Blissey|458\/674 brn|[from] brn
|turn|35
|
|move|p1a: Talonflame|Roost|p1a: Talonflame
|-heal|p1a: Talonflame|249\/359
|move|p2a: Blissey|Seismic Toss|p1a: Talonflame
|-damage|p1a: Talonflame|149\/359
|
|-heal|p2a: Blissey|500\/674 brn|[from] item: Leftovers
|-damage|p2a: Blissey|416\/674 brn|[from] brn
|-end|p2a: Blissey|move: Taunt
|turn|36
|
|switch|p2a: Starmie|Starmie|82\/322
|move|p1a: Talonflame|Taunt|p2a: Starmie
|-start|p2a: Starmie|move: Taunt
|
|-heal|p2a: Starmie|102\/322|[from] item: Leftovers
|turn|37
|
|switch|p2a: Alomomola|Alomomola, F|513\/513 brn
|move|p1a: Talonflame|Brave Bird|p2a: Alomomola
|-damage|p2a: Alomomola|375\/513 brn
|-damage|p1a: Talonflame|103\/359|[from] recoil|[of] p2a: Alomomola
|
|-heal|p2a: Alomomola|407\/513 brn|[from] item: Leftovers
|-damage|p2a: Alomomola|343\/513 brn|[from] brn
|turn|38
|
|switch|p2a: Blissey|Blissey, F|416\/674
|move|p1a: Talonflame|Taunt|p2a: Blissey
|-start|p2a: Blissey|move: Taunt
|
|-heal|p2a: Blissey|458\/674|[from] item: Leftovers
|turn|39
|
|move|p1a: Talonflame|Will-O-Wisp|p2a: Blissey
|-status|p2a: Blissey|brn
|move|p2a: Blissey|Seismic Toss|p1a: Talonflame
|-damage|p1a: Talonflame|3\/359
|
|-heal|p2a: Blissey|500\/674 brn|[from] item: Leftovers
|-damage|p2a: Blissey|416\/674 brn|[from] brn
|turn|40
|
|switch|p2a: Starmie|Starmie|102\/322
|move|p1a: Talonflame|Roost|p1a: Talonflame
|-heal|p1a: Talonflame|183\/359
|
|-heal|p2a: Starmie|122\/322|[from] item: Leftovers
|turn|41
|
|switch|p2a: Alomomola|Alomomola, F|513\/513 brn
|move|p1a: Talonflame|Brave Bird|p2a: Alomomola
|-damage|p2a: Alomomola|386\/513 brn
|-damage|p1a: Talonflame|141\/359|[from] recoil|[of] p2a: Alomomola
|
|-heal|p2a: Alomomola|418\/513 brn|[from] item: Leftovers
|-damage|p2a: Alomomola|354\/513 brn|[from] brn
|turn|42
|
|move|p1a: Talonflame|Taunt|p2a: Alomomola
|-start|p2a: Alomomola|move: Taunt
|cant|p2a: Alomomola|move: Taunt|Toxic
|
|-heal|p2a: Alomomola|386\/513 brn|[from] item: Leftovers
|-damage|p2a: Alomomola|322\/513 brn|[from] brn
|turn|43
|
|switch|p2a: Blissey|Blissey, F|416\/674
|move|p1a: Talonflame|Brave Bird|p2a: Blissey
|-damage|p2a: Blissey|196\/674
|-damage|p1a: Talonflame|68\/359|[from] recoil|[of] p2a: Blissey
|
|-heal|p2a: Blissey|238\/674|[from] item: Leftovers
|turn|44
|
|move|p1a: Talonflame|Taunt|p2a: Blissey
|-start|p2a: Blissey|move: Taunt
|cant|p2a: Blissey|move: Taunt|Soft-Boiled
|
|-heal|p2a: Blissey|280\/674|[from] item: Leftovers
|turn|45
|
|move|p1a: Talonflame|Roost|p1a: Talonflame
|-heal|p1a: Talonflame|248\/359
|move|p2a: Blissey|Seismic Toss|p1a: Talonflame
|-damage|p1a: Talonflame|148\/359
|
|-heal|p2a: Blissey|322\/674|[from] item: Leftovers
|turn|46
|
|move|p1a: Talonflame|Brave Bird|p2a: Blissey
|-damage|p2a: Blissey|123\/674
|-damage|p1a: Talonflame|82\/359|[from] recoil|[of] p2a: Blissey
|move|p2a: Blissey|Seismic Toss|p1a: Talonflame
|-damage|p1a: Talonflame|0 fnt
|faint|p1a: Talonflame
|
|-heal|p2a: Blissey|165\/674|[from] item: Leftovers
|-end|p2a: Blissey|move: Taunt
|
|switch|p1a: Gyarados|Gyarados, F|331\/331
|-ability|p1a: Gyarados|Intimidate|[of] p2a: Blissey
|-unboost|p2a: Blissey|atk|1
|turn|47
|
|switch|p2a: Scolipede|Scolipede, M|200\/321
|detailschange|p1a: Gyarados|Gyarados-Mega, F
|-mega|p1a: Gyarados|Gyarados|Gyaradosite
|-ability|p1a: Gyarados|Mold Breaker
|move|p1a: Gyarados|Crunch|p2a: Scolipede
|-damage|p2a: Scolipede|41\/321
|-unboost|p2a: Scolipede|def|1
|
|-heal|p2a: Scolipede|61\/321|[from] item: Black Sludge
|turn|48
|
|move|p2a: Scolipede|Iron Defense|p2a: Scolipede
|-boost|p2a: Scolipede|def|2
|move|p1a: Gyarados|Dragon Dance|p1a: Gyarados
|-boost|p1a: Gyarados|atk|1
|-boost|p1a: Gyarados|spe|1
|
|-heal|p2a: Scolipede|81\/321|[from] item: Black Sludge
|-boost|p2a: Scolipede|spe|1|[from] ability: Speed Boost
|turn|49
|
|move|p2a: Scolipede|Protect|p2a: Scolipede
|-singleturn|p2a: Scolipede|Protect
|move|p1a: Gyarados|Crunch|p2a: Scolipede
|-activate|p2a: Scolipede|Protect
|
|-heal|p2a: Scolipede|101\/321|[from] item: Black Sludge
|-boost|p2a: Scolipede|spe|1|[from] ability: Speed Boost
|turn|50
|
|move|p2a: Scolipede|Iron Defense|p2a: Scolipede
|-boost|p2a: Scolipede|def|2
|move|p1a: Gyarados|Crunch|p2a: Scolipede
|-damage|p2a: Scolipede|16\/321
|
|-heal|p2a: Scolipede|36\/321|[from] item: Black Sludge
|-boost|p2a: Scolipede|spe|1|[from] ability: Speed Boost
|turn|51
|
|move|p2a: Scolipede|Baton Pass|p2a: Scolipede
|
|switch|p2a: Alomomola|Alomomola, F|493\/513 brn
|move|p1a: Gyarados|Crunch|p2a: Alomomola
|-crit|p2a: Alomomola
|-damage|p2a: Alomomola|34\/513 brn
|-unboost|p2a: Alomomola|def|1
|
|-heal|p2a: Alomomola|66\/513 brn|[from] item: Leftovers
|-damage|p2a: Alomomola|2\/513 brn|[from] brn
|turn|52
|c|âreq'd by crobro|lol
|
|switch|p1a: Celebi|Celebi|319\/404
|move|p2a: Alomomola|Toxic|p1a: Celebi
|-status|p1a: Celebi|tox
|
|-heal|p2a: Alomomola|34\/513 brn|[from] item: Leftovers
|-heal|p1a: Celebi|344\/404 tox|[from] item: Leftovers
|-damage|p2a: Alomomola|0 fnt|[from] brn
|-damage|p1a: Celebi|319\/404 tox|[from] psn
|faint|p2a: Alomomola
|c|âRisky Chance|^
|c|âRisky Chance|gg
|c|âreq'd by crobro|gg
|
|switch|p2a: Scolipede|Scolipede, M|36\/321
|turn|53
|c|âRisky Chance|You seem good.  Can you help me team build?
|c|âreq'd by crobro|not right now
|
|move|p2a: Scolipede|Iron Defense|p2a: Scolipede
|-boost|p2a: Scolipede|def|2
|move|p1a: Celebi|Perish Song|p1a: Celebi
|-fieldactivate|move: Perish Song
|
|-start|p2a: Scolipede|perish3
|-start|p1a: Celebi|perish3
|-heal|p2a: Scolipede|56\/321|[from] item: Black Sludge
|-heal|p1a: Celebi|344\/404 tox|[from] item: Leftovers
|-damage|p1a: Celebi|294\/404 tox|[from] psn
|-boost|p2a: Scolipede|spe|1|[from] ability: Speed Boost
|turn|54
|c|âreq'd by crobro|im gonna watch football then probably team build later
|
|switch|p2a: Blissey|Blissey, F|165\/674
|switch|p1a: Gyarados|Gyarados-Mega, F|331\/331
|-ability|p1a: Gyarados|Mold Breaker
|
|-heal|p2a: Blissey|207\/674|[from] item: Leftovers
|turn|55
|
|move|p1a: Gyarados|Crunch|p2a: Blissey
|-damage|p2a: Blissey|0 fnt
|faint|p2a: Blissey
|
|c|âreq'd by crobro|but if youre still on after football ill help you
|
|switch|p2a: Starmie|Starmie|122\/322
|turn|56
|
|move|p2a: Starmie|Scald|p1a: Gyarados
|-resisted|p1a: Gyarados
|-damage|p1a: Gyarados|296\/331
|-status|p1a: Gyarados|brn
|move|p1a: Gyarados|Crunch|p2a: Starmie
|-supereffective|p2a: Starmie
|-damage|p2a: Starmie|0 fnt
|faint|p2a: Starmie
|
|-damage|p1a: Gyarados|255\/331 brn|[from] brn
|
|switch|p2a: Scolipede|Scolipede, M|56\/321
|turn|57
|
|move|p2a: Scolipede|Protect|p2a: Scolipede
|-singleturn|p2a: Scolipede|Protect
|move|p1a: Gyarados|Crunch|p2a: Scolipede
|-activate|p2a: Scolipede|Protect
|
|-heal|p2a: Scolipede|76\/321|[from] item: Black Sludge
|-damage|p1a: Gyarados|214\/331 brn|[from] brn
|-boost|p2a: Scolipede|spe|1|[from] ability: Speed Boost
|turn|58
|
|move|p2a: Scolipede|Iron Defense|p2a: Scolipede
|-boost|p2a: Scolipede|def|2
|move|p1a: Gyarados|Crunch|p2a: Scolipede
|-damage|p2a: Scolipede|42\/321
|
|-heal|p2a: Scolipede|62\/321|[from] item: Black Sludge
|-damage|p1a: Gyarados|173\/331 brn|[from] brn
|-boost|p2a: Scolipede|spe|1|[from] ability: Speed Boost
|turn|59
|c|âRisky Chance|Do you run sub on Gyara?
|c|âreq'd by crobro|ya
|
|switch|p1a: Celebi|Celebi|294\/404
|move|p2a: Scolipede|Iron Defense|p2a: Scolipede
|-boost|p2a: Scolipede|def|2
|
|-heal|p2a: Scolipede|82\/321|[from] item: Black Sludge
|-heal|p1a: Celebi|319\/404|[from] item: Leftovers
|-boost|p2a: Scolipede|spe|1|[from] ability: Speed Boost
|turn|60
|c|âreq'd by crobro|i was trying to get in on alo
|c|âreq'd by crobro|to sub then dd
|c|âRisky Chance|I was really hoping Alomomola had enough speed boosts to outspeed the sub
|c|âRisky Chance|Wasn't sure
|c|âreq'd by crobro|it probably did
|
|switch|p2a: Latias|Latias-Mega, F|274\/364 brn
|move|p1a: Celebi|Perish Song|p1a: Celebi
|-fieldactivate|move: Perish Song
|
|-start|p2a: Latias|perish3
|-start|p1a: Celebi|perish3
|-heal|p1a: Celebi|344\/404|[from] item: Leftovers
|-damage|p2a: Latias|229\/364 brn|[from] brn
|turn|61
|c|âreq'd by crobro|and i wasnt gonna risk that
|
|switch|p2a: Scolipede|Scolipede, M|82\/321
|move|p1a: Celebi|U-turn|p2a: Scolipede
|-resisted|p2a: Scolipede
|-damage|p2a: Scolipede|63\/321
|
|switch|p1a: Garchomp|Garchomp, F|247\/357
|
|-heal|p2a: Scolipede|83\/321|[from] item: Black Sludge
|turn|62
|c|âRisky Chance|And it's scarf Chomp, right?
|c|âreq'd by crobro|ya
|
|move|p2a: Scolipede|Protect|p2a: Scolipede
|-singleturn|p2a: Scolipede|Protect
|move|p1a: Garchomp|Dragon Claw|p2a: Scolipede
|-activate|p2a: Scolipede|Protect
|
|-heal|p2a: Scolipede|103\/321|[from] item: Black Sludge
|-boost|p2a: Scolipede|spe|1|[from] ability: Speed Boost
|turn|63
|c|âreq'd by crobro|for dd zard x
|c|âreq'd by crobro|and its just really good in this meta
|
|move|p2a: Scolipede|Protect|p2a: Scolipede
|-singleturn|p2a: Scolipede|Protect
|move|p1a: Garchomp|Dragon Claw|p2a: Scolipede
|-activate|p2a: Scolipede|Protect
|
|-heal|p2a: Scolipede|123\/321|[from] item: Black Sludge
|-boost|p2a: Scolipede|spe|1|[from] ability: Speed Boost
|turn|64
|c|âRisky Chance|I can see why
|
|switch|p1a: Celebi|Celebi|344\/404
|move|p2a: Scolipede|Iron Defense|p2a: Scolipede
|-boost|p2a: Scolipede|def|2
|
|-heal|p2a: Scolipede|143\/321|[from] item: Black Sludge
|-heal|p1a: Celebi|369\/404|[from] item: Leftovers
|-boost|p2a: Scolipede|spe|1|[from] ability: Speed Boost
|turn|65
|
|move|p2a: Scolipede|Baton Pass|p2a: Scolipede
|
|switch|p2a: Latias|Latias-Mega, F|229\/364 brn
|move|p1a: Celebi|Perish Song|p1a: Celebi
|-fieldactivate|move: Perish Song
|
|-start|p2a: Latias|perish3
|-start|p1a: Celebi|perish3
|-heal|p1a: Celebi|394\/404|[from] item: Leftovers
|-damage|p2a: Latias|184\/364 brn|[from] brn
|turn|66
|
|move|p2a: Latias|Recover|p2a: Latias
|-heal|p2a: Latias|364\/364 brn
|move|p1a: Celebi|U-turn|p2a: Latias
|-supereffective|p2a: Latias
|-damage|p2a: Latias|328\/364 brn
|
|switch|p1a: Gyarados|Gyarados-Mega, F|173\/331 brn
|-ability|p1a: Gyarados|Mold Breaker
|
|-start|p2a: Latias|perish2
|-damage|p2a: Latias|283\/364 brn|[from] brn
|-damage|p1a: Gyarados|132\/331 brn|[from] brn
|turn|67
|
|switch|p2a: Scolipede|Scolipede, M|143\/321
|move|p1a: Gyarados|Crunch|p2a: Scolipede
|-damage|p2a: Scolipede|64\/321
|
|-heal|p2a: Scolipede|84\/321|[from] item: Black Sludge
|-damage|p1a: Gyarados|91\/331 brn|[from] brn
|turn|68
|
|switch|p1a: Garchomp|Garchomp, F|247\/357
|move|p2a: Scolipede|Iron Defense|p2a: Scolipede
|-boost|p2a: Scolipede|def|2
|
|-heal|p2a: Scolipede|104\/321|[from] item: Black Sludge
|-boost|p2a: Scolipede|spe|1|[from] ability: Speed Boost
|turn|69
|
|move|p2a: Scolipede|Protect|p2a: Scolipede
|-singleturn|p2a: Scolipede|Protect
|move|p1a: Garchomp|Outrage|p2a: Scolipede
|-activate|p2a: Scolipede|Protect
|
|-heal|p2a: Scolipede|124\/321|[from] item: Black Sludge
|-boost|p2a: Scolipede|spe|1|[from] ability: Speed Boost
|turn|70
|
|move|p2a: Scolipede|Substitute|p2a: Scolipede
|-start|p2a: Scolipede|Substitute
|-damage|p2a: Scolipede|44\/321
|move|p1a: Garchomp|Outrage|p2a: Scolipede
|-end|p2a: Scolipede|Substitute
|
|-heal|p2a: Scolipede|64\/321|[from] item: Black Sludge
|-boost|p2a: Scolipede|spe|1|[from] ability: Speed Boost
|turn|71
|
|move|p2a: Scolipede|Protect|p2a: Scolipede
|-singleturn|p2a: Scolipede|Protect
|move|p1a: Garchomp|Outrage|p2a: Scolipede
|-activate|p2a: Scolipede|Protect
|
|-end|p1a: Garchomp|rampage
|-start|p1a: Garchomp|confusion
|-heal|p2a: Scolipede|84\/321|[from] item: Black Sludge
|-boost|p2a: Scolipede|spe|1|[from] ability: Speed Boost
|turn|72
|
|move|p2a: Scolipede|Substitute|p2a: Scolipede
|-start|p2a: Scolipede|Substitute
|-damage|p2a: Scolipede|4\/321
|-activate|p1a: Garchomp|confusion
|-damage|p1a: Garchomp|196\/357|[from] confusion
|
|-heal|p2a: Scolipede|24\/321|[from] item: Black Sludge
|-boost|p2a: Scolipede|spe|1|[from] ability: Speed Boost
|turn|73
|
|switch|p1a: Celebi|Celebi|394\/404
|move|p2a: Scolipede|Iron Defense|p2a: Scolipede
|-boost|p2a: Scolipede|def|2
|
|-heal|p2a: Scolipede|44\/321|[from] item: Black Sludge
|-heal|p1a: Celebi|404\/404|[from] item: Leftovers
|-boost|p2a: Scolipede|spe|1|[from] ability: Speed Boost
|turn|74
|
|move|p2a: Scolipede|Iron Defense|p2a: Scolipede
|-boost|p2a: Scolipede|def|2
|move|p1a: Celebi|Perish Song|p1a: Celebi
|-fieldactivate|move: Perish Song
|
|-start|p2a: Scolipede|perish3
|-start|p1a: Celebi|perish3
|-heal|p2a: Scolipede|64\/321|[from] item: Black Sludge
|turn|75
|
|move|p2a: Scolipede|Baton Pass|p2a: Scolipede
|
|switch|p2a: Latias|Latias-Mega, F|283\/364 brn
|move|p1a: Celebi|U-turn|p2a: Latias
|-supereffective|p2a: Latias
|-activate|p2a: Latias|Substitute|[damage]
|
|switch|p1a: Gyarados|Gyarados-Mega, F|91\/331 brn
|-ability|p1a: Gyarados|Mold Breaker
|
|-start|p2a: Latias|perish2
|-damage|p2a: Latias|238\/364 brn|[from] brn
|-damage|p1a: Gyarados|50\/331 brn|[from] brn
|turn|76
|
|move|p2a: Latias|Hidden Power|p1a: Gyarados
|-damage|p1a: Gyarados|0 fnt
|faint|p1a: Gyarados
|
|-start|p2a: Latias|perish1
|-damage|p2a: Latias|193\/364 brn|[from] brn
|
|switch|p1a: Garchomp|Garchomp, F|196\/357
|turn|77
|c|âreq'd by crobro|gg
|c|âRisky Chance|gg
|
|move|p2a: Latias|Stored Power|p1a: Garchomp
|-damage|p1a: Garchomp|0 fnt
|faint|p1a: Garchomp
|
|-start|p2a: Latias|perish0
|faint|p2a: Latias
|c|âRisky Chance|That was lot of fun
|
|switch|p2a: Scolipede|Scolipede, M|64\/321
|switch|p1a: Celebi|Celebi|404\/404
|turn|78
|c|âreq'd by crobro|ya you have a really interesting team
|
|move|p2a: Scolipede|Iron Defense|p2a: Scolipede
|-boost|p2a: Scolipede|def|2
|move|p1a: Celebi|Perish Song|p1a: Celebi
|-fieldactivate|move: Perish Song
|
|-start|p2a: Scolipede|perish3
|-start|p1a: Celebi|perish3
|-heal|p2a: Scolipede|84\/321|[from] item: Black Sludge
|-boost|p2a: Scolipede|spe|1|[from] ability: Speed Boost
|turn|79
|c|âRisky Chance|Honestly, the only part I like is Alomomola \/ Blissy
|c|âRisky Chance|And Garchomp \/ Starmie
|c|âRisky Chance|Blissy's replacable
|c|âreq'd by crobro|ya alo is a cool poke
|-message|Risky Chance forfeited.
|
|win|req'd by crobro
|raw|Ladder updating...
|raw|req&apos;d by crobro's rating: 1654 &rarr; <strong>1668<\/strong><br \/>(+14 for winning)
|raw|Risky Chance's rating: 1548 &rarr; <strong>1534<\/strong><br \/>(-14 for losing)
|c|âreq'd by crobro|and mlatias can sweep a lot of teams
|c|âRisky Chance|I've yet to sweep with it
|c|âRisky Chance|Should I run max speed?
|c|âRisky Chance|I run enough to outspeed Beedrill at +1
|c|âreq'd by crobro|umm
|c|âreq'd by crobro|on this team
|c|âreq'd by crobro|no
|c|âreq'd by crobro|cus you get extra speed from scolipede
|c|âRisky Chance|Normally, of course you would :P
|c|âRisky Chance|Anyways, gg
|c|âRisky Chance|Enjoy the football
|c|âreq'd by crobro|ya you to