|join|ThE0testing
|join|req'd by crobro
|player|p1|ThE0testing|266
|player|p2|req'd by crobro|288
|gametype|singles
|gen|6
|tier|OU
|rated
|clearpoke
|poke|p1|Clefable, M
|poke|p1|Latias, F
|poke|p1|Gyarados, M
|poke|p1|Heatran, M
|poke|p1|Breloom, F
|poke|p1|Landorus, M
|poke|p2|Gyarados, M
|poke|p2|Landorus, M
|poke|p2|Talonflame, F
|poke|p2|Celebi
|poke|p2|Skarmory, F
|poke|p2|Garchomp, M
|rule|Swagger Clause: Swagger is banned
|rule|Baton Pass Clause: Limit one PokÃ©mon knowing Baton Pass
|rule|Sleep Clause Mod: Limit one foe put to sleep
|rule|Species Clause: Limit one of each PokÃ©mon
|rule|OHKO Clause: OHKO moves are banned
|rule|Moody Clause: Moody is banned
|rule|Evasion Moves Clause: Evasion moves are banned
|rule|Endless Battle Clause: Forcing endless battles is banned
|rule|HP Percentage Mod: HP is shown in percentages
|teampreview
|
|start
|switch|p1a: Breloom|Breloom, F|261\/261
|switch|p2a: Landorus|Landorus, M|319\/319
|turn|1
|
|switch|p1a: Heatran|Heatran, M|385\/385
|move|p2a: Landorus|Stealth Rock|p1a: Heatran
|-sidestart|p1: ThE0testing|move: Stealth Rock
|
|turn|2
|
|switch|p1a: Latias|Latias, F|319\/319
|-damage|p1a: Latias|280\/319|[from] Stealth Rock
|move|p2a: Landorus|Earth Power|p1a: Latias
|-immune|p1a: Latias|[msg]
|
|turn|3
|
|switch|p2a: Celebi|Celebi|404\/404
|move|p1a: Latias|Defog|p2a: Celebi
|-unboost|p2a: Celebi|evasion|1
|-sideend|p1: ThE0testing|Stealth Rock|[from] move: Defog|[of] p1a: Latias
|
|turn|4
|
|switch|p1a: Clefable|Clefable, M|394\/394
|move|p2a: Celebi|U-turn|p1a: Clefable
|-resisted|p1a: Clefable
|-damage|p1a: Clefable|372\/394
|
|switch|p2a: Landorus|Landorus, M|319\/319
|
|-heal|p1a: Clefable|394\/394|[from] item: Leftovers
|turn|5
|
|switch|p1a: Heatran|Heatran, M|385\/385
|move|p2a: Landorus|Sludge Wave|p1a: Heatran
|-immune|p1a: Heatran|[msg]
|
|turn|6
|
|switch|p1a: Latias|Latias, F|280\/319
|move|p2a: Landorus|Stealth Rock|p1a: Latias
|-sidestart|p1: ThE0testing|move: Stealth Rock
|
|turn|7
|
|switch|p2a: Celebi|Celebi|404\/404
|move|p1a: Latias|Defog|p2a: Celebi
|-unboost|p2a: Celebi|evasion|1
|-sideend|p1: ThE0testing|Stealth Rock|[from] move: Defog|[of] p1a: Latias
|
|turn|8
|
|switch|p1a: Clefable|Clefable, M|394\/394
|move|p2a: Celebi|U-turn|p1a: Clefable
|-resisted|p1a: Clefable
|-damage|p1a: Clefable|373\/394
|c|âThE0testing|dejavu
|
|switch|p2a: Landorus|Landorus, M|319\/319
|
|-heal|p1a: Clefable|394\/394|[from] item: Leftovers
|turn|9
|
|switch|p1a: Latias|Latias, F|280\/319
|move|p2a: Landorus|Earth Power|p1a: Latias
|-immune|p1a: Latias|[msg]
|
|turn|10
|
|switch|p2a: Celebi|Celebi|404\/404
|move|p1a: Latias|Draco Meteor|p2a: Celebi
|-damage|p2a: Celebi|209\/404
|-unboost|p1a: Latias|spa|2
|-damage|p1a: Latias|249\/319|[from] item: Life Orb
|
|-heal|p2a: Celebi|234\/404|[from] item: Leftovers
|turn|11
|
|switch|p1a: Heatran|Heatran, M|385\/385
|move|p2a: Celebi|U-turn|p1a: Heatran
|-resisted|p1a: Heatran
|-damage|p1a: Heatran|373\/385
|
|switch|p2a: Landorus|Landorus, M|319\/319
|
|-heal|p1a: Heatran|385\/385|[from] item: Leftovers
|turn|12
|
|switch|p1a: Latias|Latias, F|249\/319
|move|p2a: Landorus|Stealth Rock|p1a: Latias
|-sidestart|p1: ThE0testing|move: Stealth Rock
|
|turn|13
|
|move|p1a: Latias|Defog|p2a: Landorus
|-unboost|p2a: Landorus|evasion|1
|-sideend|p1: ThE0testing|Stealth Rock|[from] move: Defog|[of] p1a: Latias
|move|p2a: Landorus|Sludge Wave|p1a: Latias
|-damage|p1a: Latias|114\/319
|
|turn|14
|
|move|p1a: Latias|Roost|p1a: Latias
|-heal|p1a: Latias|274\/319
|move|p2a: Landorus|Sludge Wave|p1a: Latias
|-damage|p1a: Latias|130\/319
|
|turn|15
|
|switch|p2a: Celebi|Celebi|234\/404
|move|p1a: Latias|Draco Meteor|p2a: Celebi
|-crit|p2a: Celebi
|-damage|p2a: Celebi|0 fnt
|-unboost|p1a: Latias|spa|2
|-damage|p1a: Latias|99\/319|[from] item: Life Orb
|faint|p2a: Celebi
|
|
|switch|p2a: Gyarados|Gyarados, M|331\/331
|-ability|p2a: Gyarados|Intimidate|[of] p1a: Latias
|-unboost|p1a: Latias|atk|1
|turn|16
|
|switch|p1a: Clefable|Clefable, M|394\/394
|move|p2a: Gyarados|Crunch|p1a: Clefable
|-resisted|p1a: Clefable
|-damage|p1a: Clefable|348\/394
|-unboost|p1a: Clefable|def|1
|
|-heal|p1a: Clefable|372\/394|[from] item: Leftovers
|turn|17
|
|move|p2a: Gyarados|Waterfall|p1a: Clefable
|-damage|p1a: Clefable|173\/394
|move|p1a: Clefable|Moonblast|p2a: Gyarados
|-damage|p2a: Gyarados|220\/331
|
|-heal|p1a: Clefable|197\/394|[from] item: Leftovers
|turn|18
|
|switch|p1a: Gyarados|Gyarados, M|345\/345
|-ability|p1a: Gyarados|Intimidate|[of] p2a: Gyarados
|-unboost|p2a: Gyarados|atk|1
|move|p2a: Gyarados|Waterfall|p1a: Gyarados
|-resisted|p1a: Gyarados
|-damage|p1a: Gyarados|283\/345
|
|turn|19
|
|switch|p2a: Garchomp|Garchomp, M|357\/357
|move|p1a: Gyarados|Crunch|p2a: Garchomp
|-damage|p2a: Garchomp|265\/357
|-damage|p1a: Gyarados|240\/345|[from] ability: Rough Skin|[of] p2a: Garchomp
|
|turn|20
|
|switch|p2a: Landorus|Landorus, M|319\/319
|switch|p1a: Landorus|Landorus, M|319\/319
|
|turn|21
|
|move|p2a: Landorus|Stealth Rock|p1a: Landorus
|-sidestart|p1: ThE0testing|move: Stealth Rock
|move|p1a: Landorus|Knock Off|p2a: Landorus
|-damage|p2a: Landorus|183\/319
|-enditem|p2a: Landorus|Life Orb|[from] move: Knock Off|[of] p1a: Landorus
|-damage|p1a: Landorus|288\/319|[from] item: Life Orb
|
|turn|22
|
|switch|p2a: Skarmory|Skarmory, F|333\/333
|move|p1a: Landorus|Psychic|p2a: Skarmory
|-resisted|p2a: Skarmory
|-damage|p2a: Skarmory|217\/333
|
|turn|23
|
|switch|p2a: Landorus|Landorus, M|183\/319
|move|p1a: Landorus|Psychic|p2a: Landorus
|-damage|p2a: Landorus|0 fnt
|faint|p2a: Landorus
|
|-message|req'd by crobro forfeited.
|leave|req'd by crobro
|
|win|ThE0testing
|raw|Ladder updating...
|player|p2
|raw|ThE0testing's rating: 1595 &rarr; <strong>1622<\/strong><br \/>(+27 for winning)
|raw|req&apos;d by crobro's rating: 1718 &rarr; <strong>1691<\/strong><br \/>(-27 for losing)