|join|BandVoltswitch
|join|req'd by crobro
|join|el capitan grande
|join|Boikachu
|player|p1|BandVoltswitch|167
|player|p2|req'd by crobro|247
|gametype|singles
|gen|6
|tier|OU
|clearpoke
|poke|p1|Dragonite, M
|poke|p1|Excadrill, M
|poke|p1|Bisharp, M
|poke|p1|Diggersby, M
|poke|p1|Lopunny, M
|poke|p1|Azumarill, M
|poke|p2|Altaria, F
|poke|p2|Ferrothorn, M
|poke|p2|Starmie
|poke|p2|Heatran, F
|poke|p2|Hippowdon, F
|poke|p2|Keldeo-Resolute
|rule|Swagger Clause: Swagger is banned
|rule|Baton Pass Clause: Limit one PokÃ©mon knowing Baton Pass
|rule|Sleep Clause Mod: Limit one foe put to sleep
|rule|Species Clause: Limit one of each PokÃ©mon
|rule|OHKO Clause: OHKO moves are banned
|rule|Moody Clause: Moody is banned
|rule|Evasion Moves Clause: Evasion moves are banned
|rule|Endless Battle Clause: Forcing endless battles is banned
|rule|HP Percentage Mod: HP is shown in percentages
|teampreview
|join|only team testing
|join|PizzaPolice
|join|AshKetchum112358
|join|ulcer
|join|Kimio
|c| Boikachu|gratz bandvoltswitch
|join|frostoney
|join|Bluwing
|join|etaoi
|c| AshKetchum112358|Lopunny Fake out start..
|join|hubbah
|join|Qubae
|
|start
|switch|p1a: Diggersby|Diggersby, M|311\/311
|switch|p2a: Starmie|Starmie|299\/299
|turn|1
|join|l123
|
|switch|p1a: Azumarill|Azumarill, M|401\/401
|move|p2a: Starmie|Scald|p1a: Azumarill
|-resisted|p1a: Azumarill
|-damage|p1a: Azumarill|344\/401
|
|turn|2
|leave|l123
|join|iplaytennislol
|join|l123
|
|switch|p2a: Ferrothorn|Ferrothorn, M|352\/352
|move|p1a: Azumarill|Knock Off|p2a: Ferrothorn
|-damage|p2a: Ferrothorn|258\/352
|-damage|p1a: Azumarill|294\/401|[from] ability: Iron Barbs|[of] p2a: Ferrothorn
|-enditem|p2a: Ferrothorn|Leftovers|[from] move: Knock Off|[of] p1a: Azumarill
|
|turn|3
|join|JohnxYiu
|
|switch|p1a: Excadrill|Excadrill, M|362\/362
|-ability|p1a: Excadrill|Mold Breaker
|move|p2a: Ferrothorn|Spikes|p1a: Excadrill
|-sidestart|p1: BandVoltswitch|Spikes
|
|turn|4
|
|switch|p2a: Hippowdon|Hippowdon, F|420\/420
|move|p1a: Excadrill|Stealth Rock|p2a: Hippowdon
|-sidestart|p2: req'd by crobro|move: Stealth Rock
|
|turn|5
|
|switch|p1a: Dragonite|Dragonite, M|323\/323
|move|p2a: Hippowdon|Earthquake|p1a: Dragonite
|-immune|p1a: Dragonite|[msg]
|
|turn|6
|join|Padapos the retard
|c| AshKetchum112358|dragon dance time??????????
|
|move|p1a: Dragonite|Outrage|p2a: Hippowdon
|-damage|p2a: Hippowdon|176\/420
|move|p2a: Hippowdon|Stealth Rock|p1a: Dragonite
|-sidestart|p1: BandVoltswitch|move: Stealth Rock
|
|-heal|p2a: Hippowdon|202\/420|[from] item: Leftovers
|turn|7
|c| ulcer|nice
|c| ulcer|sand
|c| ulcer|bro
|
|switch|p2a: Ferrothorn|Ferrothorn, M|258\/352
|-damage|p2a: Ferrothorn|236\/352|[from] Stealth Rock
|move|p1a: Dragonite|Outrage|p2a: Ferrothorn
|-resisted|p2a: Ferrothorn
|-damage|p2a: Ferrothorn|111\/352
|-damage|p1a: Dragonite|283\/323|[from] ability: Iron Barbs|[of] p2a: Ferrothorn
|
|-end|p1a: Dragonite|rampage
|-start|p1a: Dragonite|confusion
|turn|8
|c| AshKetchum112358|wow
|c| AshKetchum112358|too early
|c| ulcer|he's dumb
|c| ulcer|what els
|c| Bluwing|that confuse sucks tho
|
|switch|p2a: Starmie|Starmie|299\/299
|-damage|p2a: Starmie|262\/299|[from] Stealth Rock
|-activate|p1a: Dragonite|confusion
|move|p1a: Dragonite|Outrage|p2a: Starmie
|-crit|p2a: Starmie
|-damage|p2a: Starmie|0 fnt
|faint|p2a: Starmie
|
|join|misc all day
|c| Kimio|plays
|c| Padapos the retard|fire punch
|c|âreq'd by crobro|skrelp
|c| el capitan grande|noice
|c| AshKetchum112358|OHH
|
|switch|p2a: Altaria|Altaria, F|349\/349
|-damage|p2a: Altaria|262\/349|[from] Stealth Rock
|turn|9
|c| Padapos the retard|gg
|
|detailschange|p2a: Altaria|Altaria-Mega, F
|-mega|p2a: Altaria|Altaria|Altarianite
|-activate|p1a: Dragonite|confusion
|move|p1a: Dragonite|Outrage|p2a: Altaria
|-immune|p2a: Altaria|[msg]
|move|p2a: Altaria|Hyper Voice|p1a: Dragonite
|-crit|p1a: Dragonite
|-supereffective|p1a: Dragonite
|-damage|p1a: Dragonite|0 fnt
|faint|p1a: Dragonite
|
|c| Padapos the retard|nooooob
|join|Quasi Doodle
|c| Boikachu|who
|c| Padapos the retard|u boikachu
|c| Boikachu|nah padapos is
|raw|<div class="broadcast-red"><b>Moderated chat was set to +!<\/b><br \/>Only users of rank + and higher can talk.<\/div>
|
|switch|p1a: Azumarill|Azumarill, M|294\/401
|-damage|p1a: Azumarill|244\/401|[from] Spikes
|-damage|p1a: Azumarill|194\/401|[from] Stealth Rock
|turn|10
|join|Mentalist Swag
|
|move|p2a: Altaria|Fire Blast|p1a: Azumarill
|-resisted|p1a: Azumarill
|-damage|p1a: Azumarill|144\/401
|move|p1a: Azumarill|Play Rough|p2a: Altaria
|-supereffective|p2a: Altaria
|-damage|p2a: Altaria|0 fnt
|faint|p2a: Altaria
|
|c|âreq'd by crobro|ah that was the only way i won
|
|switch|p2a: Ferrothorn|Ferrothorn, M|111\/352
|-damage|p2a: Ferrothorn|89\/352|[from] Stealth Rock
|turn|11
|
|move|p1a: Azumarill|Waterfall|p2a: Ferrothorn
|-resisted|p2a: Ferrothorn
|-damage|p2a: Ferrothorn|29\/352
|-damage|p1a: Azumarill|94\/401|[from] ability: Iron Barbs|[of] p2a: Ferrothorn
|cant|p2a: Ferrothorn|flinch
|
|turn|12
|
|move|p1a: Azumarill|Knock Off|p2a: Ferrothorn
|-damage|p2a: Ferrothorn|0 fnt
|-damage|p1a: Azumarill|44\/401|[from] ability: Iron Barbs|[of] p2a: Ferrothorn
|faint|p2a: Ferrothorn
|
|
|switch|p2a: Keldeo-Resolute|Keldeo-Resolute|323\/323
|-damage|p2a: Keldeo-Resolute|303\/323|[from] Stealth Rock
|turn|13
|
|move|p1a: Azumarill|Aqua Jet|p2a: Keldeo-Resolute
|-resisted|p2a: Keldeo-Resolute
|-damage|p2a: Keldeo-Resolute|258\/323
|move|p2a: Keldeo-Resolute|Secret Sword|p1a: Azumarill
|-resisted|p1a: Azumarill
|-damage|p1a: Azumarill|0 fnt
|faint|p1a: Azumarill
|
|
|switch|p1a: Lopunny|Lopunny, M|272\/272
|-damage|p1a: Lopunny|238\/272|[from] Spikes
|-damage|p1a: Lopunny|204\/272|[from] Stealth Rock
|turn|14
|
|switch|p2a: Heatran|Heatran, F|386\/386
|-damage|p2a: Heatran|338\/386|[from] Stealth Rock
|detailschange|p1a: Lopunny|Lopunny-Mega, M
|-mega|p1a: Lopunny|Lopunny|Lopunnite
|move|p1a: Lopunny|Fake Out|p2a: Heatran
|-resisted|p2a: Heatran
|-damage|p2a: Heatran|303\/386
|
|-heal|p2a: Heatran|327\/386|[from] item: Leftovers
|turn|15
|join|MoB Barley
|
|move|p1a: Lopunny|Return|p2a: Heatran
|-resisted|p2a: Heatran
|-damage|p2a: Heatran|240\/386
|move|p2a: Heatran|Lava Plume|p1a: Lopunny
|-damage|p1a: Lopunny|80\/272
|
|-heal|p2a: Heatran|264\/386|[from] item: Leftovers
|turn|16
|
|move|p1a: Lopunny|High Jump Kick|p2a: Heatran|[miss]
|-miss|p1a: Lopunny|p2a: Heatran
|-damage|p1a: Lopunny|0 fnt|[from] highjumpkick
|faint|p1a: Lopunny
|move|p2a: Heatran|Lava Plume|p1: Lopunny|[notarget]
|-notarget
|
|-heal|p2a: Heatran|288\/386|[from] item: Leftovers
|join|Testlum
|
|switch|p1a: Diggersby|Diggersby, M|311\/311
|-damage|p1a: Diggersby|292\/311|[from] Stealth Rock
|-damage|p1a: Diggersby|254\/311|[from] Spikes
|turn|17
|
|move|p1a: Diggersby|Earthquake|p2a: Heatran
|-supereffective|p2a: Heatran
|-damage|p2a: Heatran|0 fnt
|-damage|p1a: Diggersby|223\/311|[from] item: Life Orb
|faint|p2a: Heatran
|
|
|switch|p2a: Keldeo-Resolute|Keldeo-Resolute|258\/323
|-damage|p2a: Keldeo-Resolute|238\/323|[from] Stealth Rock
|turn|18
|
|move|p1a: Diggersby|Quick Attack|p2a: Keldeo-Resolute
|-damage|p2a: Keldeo-Resolute|100\/323
|-damage|p1a: Diggersby|192\/311|[from] item: Life Orb
|move|p2a: Keldeo-Resolute|Secret Sword|p1a: Diggersby
|-supereffective|p1a: Diggersby
|-damage|p1a: Diggersby|0 fnt
|faint|p1a: Diggersby
|
|
|switch|p1a: Bisharp|Bisharp, M|271\/271
|-damage|p1a: Bisharp|238\/271|[from] Spikes
|-damage|p1a: Bisharp|222\/271|[from] Stealth Rock
|turn|19
|
|switch|p2a: Hippowdon|Hippowdon, F|202\/420
|-damage|p2a: Hippowdon|176\/420|[from] Stealth Rock
|move|p1a: Bisharp|Sucker Punch|p2a: Hippowdon
|-fail|p2a: Hippowdon
|
|-heal|p2a: Hippowdon|202\/420|[from] item: Leftovers
|turn|20
|c|âreq'd by crobro|crit imo
|
|move|p1a: Bisharp|Iron Head|p2a: Hippowdon
|-damage|p2a: Hippowdon|68\/420
|-damage|p1a: Bisharp|195\/271|[from] item: Life Orb
|move|p2a: Hippowdon|Earthquake|p1a: Bisharp
|-supereffective|p1a: Bisharp
|-damage|p1a: Bisharp|0 fnt
|faint|p1a: Bisharp
|
|-heal|p2a: Hippowdon|94\/420|[from] item: Leftovers
|leave|MoB Barley
|c|âBandVoltswitch|gg bro :\/
|c|âreq'd by crobro|gg
|leave|etaoi
|c|âreq'd by crobro|i was scarf keld
|c|âreq'd by crobro|if you couldnt tell
|c|âBandVoltswitch|ok
|
|switch|p1a: Excadrill|Excadrill, M|362\/362
|-damage|p1a: Excadrill|351\/362|[from] Stealth Rock
|-damage|p1a: Excadrill|306\/362|[from] Spikes
|-ability|p1a: Excadrill|Mold Breaker
|turn|21
|
|move|p1a: Excadrill|Earthquake|p2a: Hippowdon
|-damage|p2a: Hippowdon|0 fnt
|faint|p2a: Hippowdon
|
|
|switch|p2a: Keldeo-Resolute|Keldeo-Resolute|100\/323
|-damage|p2a: Keldeo-Resolute|80\/323|[from] Stealth Rock
|turn|22
|
|move|p2a: Keldeo-Resolute|Secret Sword|p1a: Excadrill
|-supereffective|p1a: Excadrill
|-damage|p1a: Excadrill|0 fnt
|faint|p1a: Excadrill
|
|win|req'd by crobro
|leave|Boikachu
|c|âreq'd by crobro|gg
|leave|Testlum
|leave|AshKetchum112358