|join|MoB Barley
|join|req'd by crobro
|player|p1|MoB Barley|161
|player|p2|req'd by crobro|247
|gametype|singles
|gen|6
|tier|OU
|clearpoke
|poke|p1|Victini
|poke|p1|Keldeo-Resolute
|poke|p1|Bisharp, M, shiny
|poke|p1|Lopunny, F, shiny
|poke|p1|Azumarill, M
|poke|p1|Latios, M
|poke|p2|Amoonguss, F
|poke|p2|Slowbro, F
|poke|p2|Heatran, F
|poke|p2|Landorus-Therian, M
|poke|p2|Metagross
|poke|p2|Clefable, F
|rule|Swagger Clause: Swagger is banned
|rule|Baton Pass Clause: Limit one PokÃ©mon knowing Baton Pass
|rule|Sleep Clause Mod: Limit one foe put to sleep
|rule|Species Clause: Limit one of each PokÃ©mon
|rule|OHKO Clause: OHKO moves are banned
|rule|Moody Clause: Moody is banned
|rule|Evasion Moves Clause: Evasion moves are banned
|rule|Endless Battle Clause: Forcing endless battles is banned
|rule|HP Percentage Mod: HP is shown in percentages
|teampreview
|join|misc all day
|join|Bluwing
|join|MattL
|c|âMoB Barley|your journey ends with me trainer!
|join|mike hunts
|join|LukeDuke
|join|Mark Suckerberg
|
|start
|switch|p1a: Prioritize|Bisharp, M, shiny|271\/271
|switch|p2a: Landorus-Therian|Landorus-Therian, M|319\/319
|-ability|p2a: Landorus-Therian|Intimidate|[of] p1a: Prioritize
|-unboost|p1a: Prioritize|atk|1
|-boost|p1a: Prioritize|atk|2|[from] ability: Defiant
|turn|1
|c|@MattL|gym leader mob?
|join|only team testing
|c|âMoB Barley|^^^
|c|âreq'd by crobro|lel it ends turn 1
|
|move|p2a: Landorus-Therian|Earthquake|p1a: Prioritize
|-crit|p1a: Prioritize
|-supereffective|p1a: Prioritize
|-enditem|p1a: Prioritize|Focus Sash
|-damage|p1a: Prioritize|1\/271
|move|p1a: Prioritize|Knock Off|p2a: Landorus-Therian
|-damage|p2a: Landorus-Therian|9\/319
|-enditem|p2a: Landorus-Therian|Choice Scarf|[from] move: Knock Off|[of] p1a: Prioritize
|
|turn|2
|join|Dec19finaletears
|
|move|p1a: Prioritize|Sucker Punch|p2a: Landorus-Therian
|-damage|p2a: Landorus-Therian|0 fnt
|faint|p2a: Landorus-Therian
|
|join|Ailurophilia
|
|switch|p2a: Metagross|Metagross|301\/301
|turn|3
|join|RayDalio
|
|switch|p1a: Destructo Disc|Victini|341\/341
|detailschange|p2a: Metagross|Metagross-Mega
|-mega|p2a: Metagross|Metagross|Metagrossite
|move|p2a: Metagross|Bullet Punch|p1a: Destructo Disc
|-resisted|p1a: Destructo Disc
|-damage|p1a: Destructo Disc|292\/341
|
|turn|4
|
|move|p2a: Metagross|Earthquake|p1a: Destructo Disc
|-supereffective|p1a: Destructo Disc
|-damage|p1a: Destructo Disc|52\/341
|move|p1a: Destructo Disc|U-turn|p2a: Metagross
|-damage|p2a: Metagross|218\/301
|c|âreq'd by crobro|thought youd bolt strike
|c|âMoB Barley|thought you;d switch
|join|Sir Slaking
|
|switch|p1a: Pwny|Keldeo-Resolute|323\/323
|
|turn|5
|c|âreq'd by crobro|nah to obv
|
|switch|p2a: Amoonguss|Amoonguss, F|431\/431
|move|p1a: Pwny|Scald|p2a: Amoonguss
|-resisted|p2a: Amoonguss
|-damage|p2a: Amoonguss|339\/431
|-status|p2a: Amoonguss|brn
|
|-heal|p2a: Amoonguss|365\/431 brn|[from] item: Black Sludge
|-damage|p2a: Amoonguss|312\/431 brn|[from] brn
|turn|6
|c| Mark Suckerberg|lel
|join|xtraDOLLARshine
|c| xtraDOLLARshine|broe i misplayed
|c| xtraDOLLARshine|i shud hav switched out on last eq
|c| mike hunts|u choked*
|
|switch|p1a: Destructo Disc|Victini|52\/341
|move|p2a: Amoonguss|Foul Play|p1a: Destructo Disc
|-supereffective|p1a: Destructo Disc
|-damage|p1a: Destructo Disc|0 fnt
|faint|p1a: Destructo Disc
|
|-heal|p2a: Amoonguss|338\/431 brn|[from] item: Black Sludge
|-damage|p2a: Amoonguss|285\/431 brn|[from] brn
|
|switch|p1a: AC130|Latios, M|301\/301
|turn|7
|
|switch|p2a: Clefable|Clefable, F|393\/393
|move|p1a: AC130|Earthquake|p2a: Clefable
|-damage|p2a: Clefable|305\/393
|-damage|p1a: AC130|271\/301|[from] item: Life Orb
|
|-heal|p2a: Clefable|329\/393|[from] item: Leftovers
|turn|8
|
|move|p1a: AC130|Psyshock|p2a: Clefable
|-damage|p2a: Clefable|165\/393
|-damage|p1a: AC130|241\/301|[from] item: Life Orb
|move|p2a: Clefable|Moonblast|p1a: AC130
|-supereffective|p1a: AC130
|-damage|p1a: AC130|13\/301
|-unboost|p1a: AC130|spa|1
|
|-heal|p2a: Clefable|189\/393|[from] item: Leftovers
|turn|9
|
|move|p1a: AC130|Psyshock|p2a: Clefable
|-damage|p2a: Clefable|86\/393
|-damage|p1a: AC130|0 fnt|[from] item: Life Orb
|faint|p1a: AC130
|move|p2a: Clefable|Soft-Boiled|p2a: Clefable
|-heal|p2a: Clefable|283\/393
|
|-heal|p2a: Clefable|307\/393|[from] item: Leftovers
|leave|MattL
|join|JohnxYiu
|
|switch|p1a: Water Bomb|Azumarill, M|360\/360
|turn|10
|
|move|p1a: Water Bomb|Belly Drum|p1a: Water Bomb
|-damage|p1a: Water Bomb|180\/360
|-setboost|p1a: Water Bomb|atk|6|[from] move: Belly Drum
|-enditem|p1a: Water Bomb|Sitrus Berry|[eat]
|-heal|p1a: Water Bomb|270\/360|[from] item: Sitrus Berry
|move|p2a: Clefable|Moonblast|p1a: Water Bomb
|-damage|p1a: Water Bomb|149\/360
|
|-heal|p2a: Clefable|331\/393|[from] item: Leftovers
|turn|11
|
|move|p1a: Water Bomb|Play Rough|p2a: Clefable
|-damage|p2a: Clefable|0 fnt
|faint|p2a: Clefable
|
|join|bunnytokki
|c| Bluwing|funny thing is
|
|switch|p2a: Amoonguss|Amoonguss, F|428\/431 brn
|turn|12
|c| Bluwing|gross kills
|
|move|p1a: Water Bomb|Knock Off|p2a: Amoonguss
|-damage|p2a: Amoonguss|0 fnt
|-enditem|p2a: Amoonguss|Black Sludge|[from] move: Knock Off|[of] p1a: Water Bomb
|faint|p2a: Amoonguss
|
|c| Bluwing|lol
|c| Bluwing|k
|c| Bluwing|dont listen then
|c| Sir Slaking|rip
|c|âMoB Barley|he's too weak'
|c| Sir Slaking|always go for unaware
|c|âMoB Barley|iirc
|c| Mark Suckerberg|no waterfall?
|
|switch|p2a: Metagross|Metagross-Mega|218\/301
|turn|13
|c|âreq'd by crobro|ya i just lose
|c|âMoB Barley|idk actually
|c| xtraDOLLARshine|broe
|c| xtraDOLLARshine|is that
|c| xtraDOLLARshine|jolly
|c|âreq'd by crobro|you jolly
|c|âMoB Barley|adamant
|
|move|p2a: Metagross|Bullet Punch|p1a: Water Bomb
|-crit|p1a: Water Bomb
|-damage|p1a: Water Bomb|0 fnt
|faint|p1a: Water Bomb
|
|c|âreq'd by crobro|oml
|c|âreq'd by crobro|so sorry
|c|âreq'd by crobro|rip
|c| Bluwing|didn't matter
|c| xtraDOLLARshine|u wuda killed
|c|âMoB Barley|at 42%
|c|âMoB Barley|nu uh
|c|âreq'd by crobro|ya no way
|c|âreq'd by crobro|unless max speed
|join|Qubae
|c|âreq'd by crobro|and even then its a roll
|
|switch|p1a: Playboy|Lopunny, F, shiny|271\/271
|turn|14
|
|detailschange|p1a: Playboy|Lopunny-Mega, F, shiny
|-mega|p1a: Playboy|Lopunny|Lopunnite
|move|p1a: Playboy|Fake Out|p2a: Metagross
|-resisted|p2a: Metagross
|-damage|p2a: Metagross|191\/301
|cant|p2a: Metagross|flinch
|
|turn|15
|
|move|p1a: Playboy|High Jump Kick|p2a: Metagross
|-damage|p2a: Metagross|28\/301
|move|p2a: Metagross|Earthquake|p1a: Playboy
|-damage|p1a: Playboy|135\/271
|
|turn|16
|c| Bluwing|guys lol
|c| JohnxYiu|what?
|c| Sir Slaking|zen headbutt pls
|c| Bluwing|that bp
|c|âreq'd by crobro|thought youd go to bish
|c| Bluwing|mattered
|c| JohnxYiu|..
|c| JohnxYiu|1%
|c| Mark Suckerberg|wtf
|
|move|p2a: Metagross|Bullet Punch|p1a: Playboy
|-damage|p1a: Playboy|27\/271
|move|p1a: Playboy|Return|p2a: Metagross
|-resisted|p2a: Metagross
|-damage|p2a: Metagross|0 fnt
|faint|p2a: Metagross
|
|c| xtraDOLLARshine|dats why
|c| xtraDOLLARshine|u use
|c| JohnxYiu|what r u doing
|c| xtraDOLLARshine|hammer arm
|
|switch|p2a: Slowbro|Slowbro, F|394\/394
|turn|17
|c| Bluwing|252 Atk Tough Claws Mega Metagross Bullet Punch vs. 0 HP \/ 0 Def Azumarill: 114-135 (33.4 - 39.5%) -- guaranteed 3HKO
|c| Bluwing|lol u got haxed mob
|c| Bluwing|u had the game won bop
|c| Mark Suckerberg|mob just crit him with knock off
|c| Mark Suckerberg|its easy
|c|âreq'd by crobro|ya ive been getting lucky today
|c| Bluwing|just return and die here
|c|âMoB Barley|252 Atk Tough Claws Metagross Bullet Punch vs. 76 HP \/ 0 Def Azumarill: 114-135 (31.6 - 37.5%) -- 86.7% chance to 3HKO
|c| Bluwing|then bop his bro
|c|âMoB Barley|haha bluwing
|c|âMoB Barley|suck it
|c| Mark Suckerberg|reveal healing wish go for SD with bish and crit the slowbro for victory
|c|âreq'd by crobro|^
|c| Bluwing|mob he critted u
|
|move|p1a: Playboy|Return|p2a: Slowbro
|-damage|p2a: Slowbro|256\/394
|move|p2a: Slowbro|Thunder Wave|p1a: Playboy
|-status|p1a: Playboy|par
|
|-heal|p2a: Slowbro|280\/394|[from] item: Leftovers
|turn|18
|c| Bluwing|what do u want me to suck ?_?
|c|âMoB Barley|my clot ?
|c|âMoB Barley|clit
|
|switch|p1a: Prioritize|Bisharp, M, shiny|1\/271
|move|p2a: Slowbro|Slack Off|p2a: Slowbro
|-heal|p2a: Slowbro|394\/394
|
|turn|19
|c| Bluwing|ok
|c| Qubae|.-.
|c| Bluwing|:]
|c|âMoB Barley|bad comeback
|
|move|p1a: Prioritize|Knock Off|p2a: Slowbro
|-supereffective|p2a: Slowbro
|-damage|p2a: Slowbro|124\/394
|-enditem|p2a: Slowbro|Leftovers|[from] move: Knock Off|[of] p1a: Prioritize
|move|p2a: Slowbro|Scald|p1a: Prioritize
|-damage|p1a: Prioritize|0 fnt
|faint|p1a: Prioritize
|
|
|switch|p1a: Pwny|Keldeo-Resolute|323\/323
|turn|20
|
|switch|p2a: Heatran|Heatran, F|385\/385
|move|p1a: Pwny|Scald|p2a: Heatran
|-supereffective|p2a: Heatran
|-damage|p2a: Heatran|173\/385
|
|-heal|p2a: Heatran|197\/385|[from] item: Leftovers
|turn|21
|c| Mark Suckerberg|what if no slack off
|c|âreq'd by crobro|lol
|c| Bluwing|plz be sub cm
|c| Bluwing|lol
|
|move|p1a: Pwny|Scald|p2a: Heatran
|-supereffective|p2a: Heatran
|-damage|p2a: Heatran|0 fnt
|faint|p2a: Heatran
|
|c| Ailurophilia|no hp elec :[
|
|switch|p2a: Slowbro|Slowbro, F|255\/394
|turn|22
|join|Mentalist Swag
|join|PizzaPolice
|
|move|p1a: Pwny|Scald|p2a: Slowbro
|-resisted|p2a: Slowbro
|-damage|p2a: Slowbro|157\/394
|-status|p2a: Slowbro|brn
|move|p2a: Slowbro|Thunder Wave|p1a: Pwny
|-status|p1a: Pwny|par
|
|-damage|p2a: Slowbro|108\/394 brn|[from] brn
|turn|23
|c| JohnxYiu|scarf tho?
|join|iplaytennislol
|
|move|p1a: Pwny|Scald|p2a: Slowbro
|-resisted|p2a: Slowbro
|-damage|p2a: Slowbro|18\/394 brn
|move|p2a: Slowbro|Slack Off|p2a: Slowbro
|-heal|p2a: Slowbro|215\/394 brn
|
|-damage|p2a: Slowbro|166\/394 brn|[from] brn
|turn|24
|
|move|p1a: Pwny|Scald|p2a: Slowbro
|-resisted|p2a: Slowbro
|-damage|p2a: Slowbro|74\/394 brn
|move|p2a: Slowbro|Slack Off|p2a: Slowbro
|-heal|p2a: Slowbro|271\/394 brn
|
|-damage|p2a: Slowbro|222\/394 brn|[from] brn
|turn|25
|c| Bluwing|:[
|join|FKA Mence
|c| Bluwing|noo
|
|cant|p1a: Pwny|par
|move|p2a: Slowbro|Slack Off|p2a: Slowbro
|-heal|p2a: Slowbro|394\/394 brn
|
|-damage|p2a: Slowbro|345\/394 brn|[from] brn
|turn|26
|c| JohnxYiu|double crit here
|c| Mark Suckerberg|not looking too good
|
|move|p1a: Pwny|Scald|p2a: Slowbro
|-resisted|p2a: Slowbro
|-damage|p2a: Slowbro|259\/394 brn
|move|p2a: Slowbro|Scald|p1a: Pwny
|-resisted|p1a: Pwny
|-damage|p1a: Pwny|272\/323 par
|
|-damage|p2a: Slowbro|210\/394 brn|[from] brn
|turn|27
|leave|FKA Mence
|
|move|p1a: Pwny|Scald|p2a: Slowbro
|-resisted|p2a: Slowbro
|-damage|p2a: Slowbro|108\/394 brn
|move|p2a: Slowbro|Slack Off|p2a: Slowbro
|-heal|p2a: Slowbro|305\/394 brn
|
|-damage|p2a: Slowbro|256\/394 brn|[from] brn
|turn|28
|c| JohnxYiu|mob is gonna win
|c| Dec19finaletears|no psy?
|
|move|p1a: Pwny|Scald|p2a: Slowbro
|-crit|p2a: Slowbro
|-resisted|p2a: Slowbro
|-damage|p2a: Slowbro|121\/394 brn
|move|p2a: Slowbro|Slack Off|p2a: Slowbro
|-heal|p2a: Slowbro|318\/394 brn
|
|-damage|p2a: Slowbro|269\/394 brn|[from] brn
|turn|29
|c| JohnxYiu|no psy
|c|âreq'd by crobro|ya mob wins
|c| JohnxYiu|mob is winning
|c| iplaytennislol|this is a losing battle
|c| Ailurophilia|this is why ppl should run toxic at least lol
|c| misc all day|another pp stall?
|c| iplaytennislol|just forfeit
|
|cant|p1a: Pwny|par
|move|p2a: Slowbro|Scald|p1a: Pwny
|-resisted|p1a: Pwny
|-damage|p1a: Pwny|224\/323 par
|
|-damage|p2a: Slowbro|220\/394 brn|[from] brn
|turn|30
|c| Bluwing|lol
|
|move|p1a: Pwny|Scald|p2a: Slowbro
|-resisted|p2a: Slowbro
|-damage|p2a: Slowbro|126\/394 brn
|move|p2a: Slowbro|Slack Off|p2a: Slowbro
|-heal|p2a: Slowbro|323\/394 brn
|
|-damage|p2a: Slowbro|274\/394 brn|[from] brn
|turn|31
|c| JohnxYiu|this guy choked so hard
|c| Mark Suckerberg|get fully para'd enough crobro wins
|
|move|p1a: Pwny|Scald|p2a: Slowbro
|-resisted|p2a: Slowbro
|-damage|p2a: Slowbro|183\/394 brn
|move|p2a: Slowbro|Scald|p1a: Pwny
|-resisted|p1a: Pwny
|-damage|p1a: Pwny|170\/323 par
|
|-damage|p2a: Slowbro|134\/394 brn|[from] brn
|turn|32
|c| mike hunts|go to lop on the slack of n flinch n crit
|join|frostoney
|c| JohnxYiu|i dont understand y he t-wave lop
|c| Bluwing|crit here
|
|switch|p1a: Playboy|Lopunny-Mega, F, shiny|27\/271 par
|move|p2a: Slowbro|Slack Off|p2a: Slowbro
|-heal|p2a: Slowbro|331\/394 brn
|
|-damage|p2a: Slowbro|282\/394 brn|[from] brn
|turn|33
|join|Quasi Doodle
|c|âreq'd by crobro|to be at a higher hp
|c| Bluwing|inb4 para
|c|âreq'd by crobro|when i killed
|c|âreq'd by crobro|i realize now
|c|âreq'd by crobro|bad play
|
|cant|p1a: Playboy|par
|move|p2a: Slowbro|Slack Off|p2a: Slowbro
|-heal|p2a: Slowbro|394\/394 brn
|
|-damage|p2a: Slowbro|345\/394 brn|[from] brn
|turn|34
|c| Mark Suckerberg|lol
|c| iplaytennislol|;_;
|join|hubbah
|
|move|p1a: Playboy|Return|p2a: Slowbro
|-damage|p2a: Slowbro|212\/394 brn
|move|p2a: Slowbro|Scald|p1a: Playboy
|-damage|p1a: Playboy|0 fnt
|faint|p1a: Playboy
|
|-damage|p2a: Slowbro|163\/394 brn|[from] brn
|c| Bluwing|shocker
|c| mike hunts|nice encore
|
|switch|p1a: Pwny|Keldeo-Resolute|170\/323 par
|turn|35
|c| JohnxYiu|gg
|c| Bluwing|that mattered lol
|c| misc all day|he has 7 more
|c| misc all day|slacks
|
|move|p1a: Pwny|Hydro Pump|p2a: Slowbro
|-resisted|p2a: Slowbro
|-damage|p2a: Slowbro|30\/394 brn
|move|p2a: Slowbro|Slack Off|p2a: Slowbro
|-heal|p2a: Slowbro|227\/394 brn
|
|-damage|p2a: Slowbro|178\/394 brn|[from] brn
|turn|36
|c| iplaytennislol|come on mob!
|
|move|p1a: Pwny|Hydro Pump|p2a: Slowbro
|-resisted|p2a: Slowbro
|-damage|p2a: Slowbro|55\/394 brn
|move|p2a: Slowbro|Slack Off|p2a: Slowbro
|-heal|p2a: Slowbro|252\/394 brn
|
|-damage|p2a: Slowbro|203\/394 brn|[from] brn
|turn|37
|c| iplaytennislol|crit himmmmmmmm
|c| Bluwing|5
|
|move|p1a: Pwny|Hydro Pump|p2a: Slowbro
|-resisted|p2a: Slowbro
|-damage|p2a: Slowbro|84\/394 brn
|move|p2a: Slowbro|Slack Off|p2a: Slowbro
|-heal|p2a: Slowbro|281\/394 brn
|
|-damage|p2a: Slowbro|232\/394 brn|[from] brn
|turn|38
|c| JohnxYiu|crit now
|c| JohnxYiu|lol
|c| Bluwing|4
|
|move|p1a: Pwny|Hydro Pump|p2a: Slowbro
|-resisted|p2a: Slowbro
|-damage|p2a: Slowbro|104\/394 brn
|move|p2a: Slowbro|Slack Off|p2a: Slowbro
|-heal|p2a: Slowbro|301\/394 brn
|
|-damage|p2a: Slowbro|252\/394 brn|[from] brn
|turn|39
|c| Bluwing|3
|c| Mark Suckerberg|if he didn't crit ur azu this disgusting pp stall war wouldn't happen
|
|cant|p1a: Pwny|par
|move|p2a: Slowbro|Slack Off|p2a: Slowbro
|-heal|p2a: Slowbro|394\/394 brn
|
|-damage|p2a: Slowbro|345\/394 brn|[from] brn
|turn|40
|join|FKA Mence
|c| Bluwing|2
|
|move|p1a: Pwny|Hydro Pump|p2a: Slowbro|[miss]
|-miss|p1a: Pwny|p2a: Slowbro
|move|p2a: Slowbro|Scald|p1a: Pwny
|-resisted|p1a: Pwny
|-damage|p1a: Pwny|115\/323 par
|
|-damage|p2a: Slowbro|296\/394 brn|[from] brn
|turn|41
|c| Bluwing|nice and lukE
|
|move|p1a: Pwny|Hydro Pump|p2a: Slowbro
|-resisted|p2a: Slowbro
|-damage|p2a: Slowbro|164\/394 brn
|move|p2a: Slowbro|Slack Off|p2a: Slowbro
|-heal|p2a: Slowbro|361\/394 brn
|
|-damage|p2a: Slowbro|312\/394 brn|[from] brn
|turn|42
|c| misc all day|cmon pwny
|join|Kimio
|c| Bluwing|1
|c| Ailurophilia|well bound to happen
|c| Mark Suckerberg|what item are you
|c| Ailurophilia|nvr seen any1 hit 8 hydros
|
|move|p1a: Pwny|Hydro Pump|p2a: Slowbro
|-resisted|p2a: Slowbro
|-damage|p2a: Slowbro|176\/394 brn
|move|p2a: Slowbro|Slack Off|p2a: Slowbro
|-heal|p2a: Slowbro|373\/394 brn
|
|-damage|p2a: Slowbro|324\/394 brn|[from] brn
|turn|43
|c| misc all day|lefties got knocked off
|c| Bluwing|0
|
|move|p1a: Pwny|Hydro Pump|p2a: Slowbro
|-crit|p2a: Slowbro
|-resisted|p2a: Slowbro
|-damage|p2a: Slowbro|147\/394 brn
|move|p2a: Slowbro|Scald|p1a: Pwny
|-resisted|p1a: Pwny
|-damage|p1a: Pwny|66\/323 par
|
|-damage|p2a: Slowbro|98\/394 brn|[from] brn
|turn|44
|c| Mark Suckerberg|oh
|c|âreq'd by crobro|i need paras
|c|âreq'd by crobro|or a miss
|c|âMoB Barley|bluwing miscounted sm
|c| Bluwing|k hit
|c| misc all day|omg
|c| Mark Suckerberg|ooooh
|c|âMoB Barley|smh
|c| JohnxYiu|BOP
|c| JohnxYiu|BOP
|c| misc all day|its done
|c| iplaytennislol|kiyo hit 7\/8 focus blasts againsst the goomy one ben
|c| JohnxYiu|BOP
|
|move|p1a: Pwny|Struggle|p2a: Slowbro
|-damage|p2a: Slowbro|80\/394 brn
|-damage|p1a: Pwny|0 fnt
|faint|p1a: Pwny
|
|win|req'd by crobro
|c| Ailurophilia|struggle?
|c| JohnxYiu|BOP
|c| JohnxYiu|omg
|c| misc all day|lmao
|c| Bluwing|LOL
|c|âreq'd by crobro|gg
|c| Bluwing|rly
|c|âreq'd by crobro|sorry mob
|c| JohnxYiu|lol
|c| Mark Suckerberg|gay
|c|âreq'd by crobro|bout the crit
|leave|MoB Barley
|player|p1
|join|asdadz
|leave|mike hunts
|c| iplaytennislol|rip
|leave|Ailurophilia