|join|Wiz BITG
|join|req'd by crobro
|join|asdfCookie
|player|p1|Wiz BITG|4
|player|p2|req'd by crobro|247
|gametype|singles
|gen|6
|tier|OU
|clearpoke
|poke|p1|Charizard, M
|poke|p1|Azumarill, M
|poke|p1|Landorus-Therian, M
|poke|p1|Latias, F
|poke|p1|Diggersby, M
|poke|p1|Latios, M
|poke|p2|Altaria, F
|poke|p2|Ferrothorn, M
|poke|p2|Starmie
|poke|p2|Heatran, M
|poke|p2|Hippowdon, F
|poke|p2|Keldeo-Resolute
|rule|Swagger Clause: Swagger is banned
|rule|Baton Pass Clause: Limit one PokÃ©mon knowing Baton Pass
|rule|Sleep Clause Mod: Limit one foe put to sleep
|rule|Species Clause: Limit one of each PokÃ©mon
|rule|OHKO Clause: OHKO moves are banned
|rule|Moody Clause: Moody is banned
|rule|Evasion Moves Clause: Evasion moves are banned
|rule|Endless Battle Clause: Forcing endless battles is banned
|rule|HP Percentage Mod: HP is shown in percentages
|teampreview
|join|LUSTY LEDDIT
|join|ollopa
|join|Grumtastic
|join|SpacemanSp1ff
|join|A bit tired
|join|Reverend
|c| asdfCookie|rip wiz
|c| Grumtastic|what gen is this lol
|c|âreq'd by crobro|42019
|join|IDoNotExist
|join|Shorterm
|c|âWiz BITG|ORAS M8
|c| Grumtastic|gg if agility bunny
|join|Chivalry Lives
|join|ThisIsIllogical
|
|start
|switch|p1a: Latios|Latios, M|363\/363
|switch|p2a: Heatran|Heatran, M|386\/386
|turn|1
|join|Pwocy
|join|Draeden
|
|switch|p1a: Charizard|Charizard, M|297\/297
|move|p2a: Heatran|Taunt|p1a: Charizard
|-start|p1a: Charizard|move: Taunt
|
|turn|2
|join|ap9s8dyf9-asd
|
|switch|p1a: Diggersby|Diggersby, M|311\/311
|switch|p2a: Hippowdon|Hippowdon, F|420\/420
|
|turn|3
|
|move|p1a: Diggersby|Swords Dance|p1a: Diggersby
|-boost|p1a: Diggersby|atk|2
|move|p2a: Hippowdon|Whirlwind|p1a: Diggersby
|drag|p1a: Charizard|Charizard, M|297\/297
|
|turn|4
|join|pwmckd
|
|switch|p2a: Altaria|Altaria, F|349\/349
|detailschange|p1a: Charizard|Charizard-Mega-X, M
|-mega|p1a: Charizard|Charizard|Charizardite X
|move|p1a: Charizard|Flare Blitz|p2a: Altaria
|-resisted|p2a: Altaria
|-damage|p2a: Altaria|179\/349
|-damage|p1a: Charizard|241\/297|[from] recoil|[of] p2a: Altaria
|
|turn|5
|
|detailschange|p2a: Altaria|Altaria-Mega, F
|-mega|p2a: Altaria|Altaria|Altarianite
|move|p1a: Charizard|Swords Dance|p1a: Charizard
|-boost|p1a: Charizard|atk|2
|move|p2a: Altaria|Roost|p2a: Altaria
|-heal|p2a: Altaria|349\/349
|
|turn|6
|join|AdvanceShip
|
|move|p1a: Charizard|Swords Dance|p1a: Charizard
|-boost|p1a: Charizard|atk|2
|move|p2a: Altaria|Hyper Voice|p1a: Charizard
|-damage|p1a: Charizard|10\/297
|
|turn|7
|c| Grumtastic|shiiiiit
|c| LUSTY LEDDIT|nice greed
|c| Grumtastic|you got greedy wiz
|
|switch|p2a: Starmie|Starmie|299\/299
|move|p1a: Charizard|Flare Blitz|p2a: Starmie
|-resisted|p2a: Starmie
|-damage|p2a: Starmie|0 fnt
|-damage|p1a: Charizard|0 fnt|[from] recoil|[of] p2a: Starmie
|faint|p2a: Starmie
|faint|p1a: Charizard
|
|join|JohnxYiu
|c|âWiz BITG|i didnt lol
|c| Grumtastic|atleast you killed the spinner
|c|âWiz BITG|i needed the +3
|c|âreq'd by crobro|+2 wont ko
|c|âWiz BITG|i killed a mon i needed to
|leave|Reverend
|c|âWiz BITG|so i aint complaining
|join|Reverend
|c| Grumtastic|i mean he did give it to you
|
|switch|p1a: Latios|Latios, M|363\/363
|switch|p2a: Heatran|Heatran, M|386\/386
|turn|8
|leave|Pwocy
|c| LUSTY LEDDIT|>not pp stalling with heatran + altaria
|
|move|p1a: Latios|Light Screen|p1a: Latios
|-sidestart|p1: Wiz BITG|move: Light Screen
|move|p2a: Heatran|Stealth Rock|p1a: Latios
|-sidestart|p1: Wiz BITG|move: Stealth Rock
|
|turn|9
|c|âreq'd by crobro|eq
|c|âreq'd by crobro|actually
|c|âreq'd by crobro|dont think he had it
|c|âreq'd by crobro|but not worth it
|c| A bit tired|He has like 4 things that beat tran
|c| LUSTY LEDDIT|he wouldn't die to recoil
|
|switch|p2a: Ferrothorn|Ferrothorn, M|352\/352
|move|p1a: Latios|Memento|p2a: Ferrothorn
|-unboost|p2a: Ferrothorn|atk|2
|-unboost|p2a: Ferrothorn|spa|2
|faint|p1a: Latios
|
|c|âWiz BITG|pp stalling was stupid
|
|switch|p1a: Landorus-Therian|Landorus-Therian, M|325\/325
|-damage|p1a: Landorus-Therian|285\/325|[from] Stealth Rock
|-ability|p1a: Landorus-Therian|Intimidate|[of] p2a: Ferrothorn
|-unboost|p2a: Ferrothorn|atk|1
|turn|10
|c| LUSTY LEDDIT|>taking that statement seriously
|c| Grumtastic|i have to play flan next 3;
|
|switch|p2a: Hippowdon|Hippowdon, F|420\/420
|move|p1a: Landorus-Therian|Swords Dance|p1a: Landorus-Therian
|-boost|p1a: Landorus-Therian|atk|2
|
|-heal|p1a: Landorus-Therian|305\/325|[from] item: Leftovers
|turn|11
|
|move|p1a: Landorus-Therian|Earthquake|p2a: Hippowdon
|-damage|p2a: Hippowdon|141\/420
|move|p2a: Hippowdon|Ice Fang|p1a: Landorus-Therian
|-supereffective|p1a: Landorus-Therian
|-damage|p1a: Landorus-Therian|77\/325
|
|-heal|p1a: Landorus-Therian|97\/325|[from] item: Leftovers
|-heal|p2a: Hippowdon|167\/420|[from] item: Leftovers
|turn|12
|c| LUSTY LEDDIT|lol
|c|âreq'd by crobro|just for you
|c|âWiz BITG|lolol
|c|âWiz BITG|the ct
|c|âWiz BITG|is here
|join|Yuttt.annual
|
|switch|p2a: Heatran|Heatran, M|386\/386
|move|p1a: Landorus-Therian|Earthquake|p2a: Heatran
|-crit|p2a: Heatran
|-supereffective|p2a: Heatran
|-damage|p2a: Heatran|0 fnt
|faint|p2a: Heatran
|
|-heal|p1a: Landorus-Therian|117\/325|[from] item: Leftovers
|c| Grumtastic|quakee
|c| Yuttt.annual|da counter?
|
|switch|p2a: Keldeo-Resolute|Keldeo-Resolute|323\/323
|turn|13
|c| Grumtastic|crobro stop giving him mons
|c|âWiz BITG|da ct yutttt :(
|
|move|p2a: Keldeo-Resolute|Scald|p1a: Landorus-Therian
|-supereffective|p1a: Landorus-Therian
|-damage|p1a: Landorus-Therian|0 fnt
|faint|p1a: Landorus-Therian
|
|c|âreq'd by crobro|what do i need heatran for
|c|âreq'd by crobro|tell me
|c| ollopa|azu!
|c| Grumtastic|nuffin
|c|âreq'd by crobro|thank you
|c| A bit tired|Power Herb Solarbeam m8
|c| Grumtastic|^
|c| A bit tired|bop the azu
|
|switch|p1a: Latias|Latias, F|363\/363
|-damage|p1a: Latias|318\/363|[from] Stealth Rock
|turn|14
|c| Yuttt.annual|avoid burn
|
|switch|p2a: Hippowdon|Hippowdon, F|167\/420
|move|p1a: Latias|Reflect|p1a: Latias
|-sidestart|p1: Wiz BITG|Reflect
|
|-heal|p2a: Hippowdon|193\/420|[from] item: Leftovers
|turn|15
|c| Yuttt.annual|use safeguard
|
|move|p1a: Latias|Psyshock|p2a: Hippowdon
|-damage|p2a: Hippowdon|114\/420
|move|p2a: Hippowdon|Slack Off|p2a: Hippowdon
|-heal|p2a: Hippowdon|324\/420
|
|-heal|p2a: Hippowdon|350\/420|[from] item: Leftovers
|-sideend|p1: Wiz BITG|move: Light Screen
|turn|16
|c| Grumtastic|sp.d hippowdon so mean
|
|move|p1a: Latias|Light Screen|p1a: Latias
|-sidestart|p1: Wiz BITG|move: Light Screen
|move|p2a: Hippowdon|Ice Fang|p1a: Latias
|-supereffective|p1a: Latias
|-damage|p1a: Latias|259\/363
|
|-heal|p2a: Hippowdon|376\/420|[from] item: Leftovers
|turn|17
|c|âreq'd by crobro|i mean
|leave|A bit tired
|c|âreq'd by crobro|i can still lose
|c| Grumtastic|well sorta
|join|LOVE FATE NIGHT
|c| Grumtastic|azus is still there
|leave|LOVE FATE NIGHT
|c| ollopa|gotta get rid of that "thorn in your side"
|c|âreq'd by crobro|he probs has superpower
|c| LUSTY LEDDIT|knock off*
|c|âreq'd by crobro|ok then i probably win
|
|move|p1a: Latias|Healing Wish|p1a: Latias
|faint|p1a: Latias
|move|p2a: Hippowdon|Whirlwind|p1: Latias|[notarget]
|-notarget
|
|-heal|p2a: Hippowdon|402\/420|[from] item: Leftovers
|
|switch|p1a: Azumarill|Azumarill, M|341\/341
|-heal|p1a: Azumarill|341\/341|[from] move: Healing Wish
|-damage|p1a: Azumarill|299\/341|[from] Stealth Rock
|turn|18
|c| ollopa|<.<
|
|switch|p1a: Diggersby|Diggersby, M|311\/311
|-damage|p1a: Diggersby|292\/311|[from] Stealth Rock
|switch|p2a: Ferrothorn|Ferrothorn, M|352\/352
|
|turn|19
|
|switch|p2a: Hippowdon|Hippowdon, F|402\/420
|move|p1a: Diggersby|Swords Dance|p1a: Diggersby
|-boost|p1a: Diggersby|atk|2
|
|-heal|p2a: Hippowdon|420\/420|[from] item: Leftovers
|turn|20
|c| Grumtastic|wiz dun goofed
|
|move|p1a: Diggersby|Earthquake|p2a: Hippowdon
|-damage|p2a: Hippowdon|0 fnt
|-damage|p1a: Diggersby|261\/311|[from] item: Life Orb
|faint|p2a: Hippowdon
|
|
|switch|p2a: Keldeo-Resolute|Keldeo-Resolute|323\/323
|turn|21
|c|âreq'd by crobro|nah i think i lose
|
|move|p2a: Keldeo-Resolute|Secret Sword|p1a: Diggersby
|-crit|p1a: Diggersby
|-supereffective|p1a: Diggersby
|-damage|p1a: Diggersby|0 fnt
|faint|p1a: Diggersby
|
|-sideend|p1: Wiz BITG|Reflect
|c|âreq'd by crobro|or nah
|c|âWiz BITG|well thats aids
|c| LUSTY LEDDIT|bd can win
|c| LUSTY LEDDIT|o wait nvm
|
|switch|p1a: Azumarill|Azumarill, M|299\/341
|-damage|p1a: Azumarill|257\/341|[from] Stealth Rock
|turn|22
|c| Yuttt.annual|oofedy off!
|
|move|p2a: Keldeo-Resolute|Secret Sword|p1a: Azumarill
|-resisted|p1a: Azumarill
|-damage|p1a: Azumarill|208\/341
|move|p1a: Azumarill|Belly Drum|p1a: Azumarill
|-damage|p1a: Azumarill|38\/341
|-setboost|p1a: Azumarill|atk|6|[from] move: Belly Drum
|-enditem|p1a: Azumarill|Sitrus Berry|[eat]
|-heal|p1a: Azumarill|123\/341|[from] item: Sitrus Berry
|
|turn|23
|
|move|p2a: Keldeo-Resolute|Secret Sword|p1a: Azumarill
|-resisted|p1a: Azumarill
|-damage|p1a: Azumarill|76\/341
|move|p1a: Azumarill|Knock Off|p2a: Keldeo-Resolute
|-resisted|p2a: Keldeo-Resolute
|-damage|p2a: Keldeo-Resolute|68\/323
|-boost|p2a: Keldeo-Resolute|atk|1|[from] ability: Justified
|-enditem|p2a: Keldeo-Resolute|Choice Scarf|[from] move: Knock Off|[of] p1a: Azumarill
|
|-sideend|p1: Wiz BITG|move: Light Screen
|turn|24
|
|move|p1a: Azumarill|Aqua Jet|p2a: Keldeo-Resolute
|-resisted|p2a: Keldeo-Resolute
|-damage|p2a: Keldeo-Resolute|0 fnt
|faint|p2a: Keldeo-Resolute
|
|c| Yuttt.annual|lost da 5050
|c|âreq'd by crobro|sorry bout that
|
|switch|p2a: Altaria|Altaria-Mega, F|349\/349
|turn|25
|join|tng
|
|move|p1a: Azumarill|Aqua Jet|p2a: Altaria
|-resisted|p2a: Altaria
|-damage|p2a: Altaria|214\/349
|move|p2a: Altaria|Hyper Voice|p1a: Azumarill
|-damage|p1a: Azumarill|0 fnt
|faint|p1a: Azumarill
|
|win|req'd by crobro
|c| tng|YUTT
|c|âWiz BITG|gg man
|c| ollopa|meaty
|c|âWiz BITG|its fine
|c| tng|wazguud wiz
|c| Yuttt.annual|TNG?
|c|âreq'd by crobro|gg
|leave|LUSTY LEDDIT
|leave|pwmckd
|c|âreq'd by crobro|i like your team
|leave|tng
|leave|req'd by crobro
|c|âWiz BITG|sup tng
|player|p2
|leave|ThisIsIllogical
|leave|Yuttt.annual
|leave|Wiz BITG
|player|p1
|leave|ollopa