|join|req'd by crobro
|join|blackwing zero
|player|p1|req'd by crobro|144
|player|p2|blackwing zero|266
|gametype|singles
|gen|6
|tier|OU
|rated
|clearpoke
|poke|p1|Victini
|poke|p1|Lopunny, M
|poke|p1|Slowbro, M
|poke|p1|Ferrothorn, F
|poke|p1|Mandibuzz, F
|poke|p1|Kyurem-Black
|poke|p2|Diancie
|poke|p2|Azumarill, M
|poke|p2|Gliscor, F
|poke|p2|Heatran, M
|poke|p2|Dragonite, M
|poke|p2|Latios, M
|rule|Swagger Clause: Swagger is banned
|rule|Baton Pass Clause: Limit one PokÃ©mon knowing Baton Pass
|rule|Sleep Clause Mod: Limit one foe put to sleep
|rule|Species Clause: Limit one of each PokÃ©mon
|rule|OHKO Clause: OHKO moves are banned
|rule|Moody Clause: Moody is banned
|rule|Evasion Moves Clause: Evasion moves are banned
|rule|Endless Battle Clause: Forcing endless battles is banned
|rule|HP Percentage Mod: HP is shown in percentages
|teampreview
|
|start
|switch|p1a: Slowbro|Slowbro, M|394\/394
|switch|p2a: Diancie|Diancie|241\/241
|turn|1
|
|detailschange|p2a: Diancie|Diancie-Mega
|-mega|p2a: Diancie|Diancie|Diancite
|move|p2a: Diancie|Moonblast|p1a: Slowbro
|-damage|p1a: Slowbro|151\/394
|move|p1a: Slowbro|Scald|p2a: Diancie
|-supereffective|p2a: Diancie
|-damage|p2a: Diancie|59\/241
|
|-heal|p1a: Slowbro|175\/394|[from] item: Leftovers
|turn|2
|
|switch|p1a: Ferrothorn|Ferrothorn, F|352\/352
|move|p2a: Diancie|Diamond Storm|p1a: Ferrothorn
|-resisted|p1a: Ferrothorn
|-damage|p1a: Ferrothorn|295\/352
|-boost|p2a: Diancie|def|1
|
|-heal|p1a: Ferrothorn|317\/352|[from] item: Leftovers
|turn|3
|
|switch|p2a: Heatran|Heatran, M|323\/323
|move|p1a: Ferrothorn|Leech Seed|p2a: Heatran
|-start|p2a: Heatran|move: Leech Seed
|
|-heal|p1a: Ferrothorn|339\/352|[from] item: Leftovers
|-damage|p2a: Heatran|283\/323|[from] Leech Seed|[of] p1a: Ferrothorn
|-heal|p1a: Ferrothorn|352\/352|[silent]
|turn|4
|
|switch|p1a: Slowbro|Slowbro, M|306\/394
|move|p2a: Heatran|Stealth Rock|p1a: Slowbro
|-sidestart|p1: req'd by crobro|move: Stealth Rock
|
|-heal|p2a: Heatran|303\/323|[from] item: Leftovers
|-heal|p1a: Slowbro|330\/394|[from] item: Leftovers
|-damage|p2a: Heatran|263\/323|[from] Leech Seed|[of] p1a: Slowbro
|-heal|p1a: Slowbro|370\/394|[silent]
|turn|5
|
|switch|p2a: Latios|Latios, M|301\/301
|move|p1a: Slowbro|Scald|p2a: Latios
|-resisted|p2a: Latios
|-damage|p2a: Latios|257\/301
|
|-heal|p1a: Slowbro|394\/394|[from] item: Leftovers
|turn|6
|
|move|p2a: Latios|Psyshock|p1a: Slowbro
|-crit|p1a: Slowbro
|-resisted|p1a: Slowbro
|-damage|p1a: Slowbro|300\/394
|-damage|p2a: Latios|227\/301|[from] item: Life Orb
|move|p1a: Slowbro|Thunder Wave|p2a: Latios
|-status|p2a: Latios|par
|
|-heal|p1a: Slowbro|324\/394|[from] item: Leftovers
|turn|7
|
|switch|p2a: Diancie|Diancie-Mega|59\/241
|move|p1a: Slowbro|Slack Off|p1a: Slowbro
|-heal|p1a: Slowbro|394\/394
|
|turn|8
|
|switch|p2a: Heatran|Heatran, M|263\/323
|move|p1a: Slowbro|Scald|p2a: Heatran
|-supereffective|p2a: Heatran
|-damage|p2a: Heatran|93\/323
|
|-heal|p2a: Heatran|113\/323|[from] item: Leftovers
|turn|9
|
|move|p2a: Heatran|Toxic|p1a: Slowbro|[miss]
|-miss|p2a: Heatran|p1a: Slowbro
|move|p1a: Slowbro|Scald|p2a: Heatran
|-supereffective|p2a: Heatran
|-damage|p2a: Heatran|0 fnt
|faint|p2a: Heatran
|
|c|âreq'd by crobro|lol
|
|switch|p2a: Latios|Latios, M|227\/301 par
|turn|10
|
|switch|p1a: Mandibuzz|Mandibuzz, F|423\/423
|-damage|p1a: Mandibuzz|318\/423|[from] Stealth Rock
|move|p2a: Latios|Psyshock|p1a: Mandibuzz
|-immune|p1a: Mandibuzz|[msg]
|
|-heal|p1a: Mandibuzz|344\/423|[from] item: Leftovers
|turn|11
|
|switch|p2a: Diancie|Diancie-Mega|59\/241
|move|p1a: Mandibuzz|Defog|p2a: Diancie
|move|p2a: Diancie|Defog|p1a: Mandibuzz|[from]Magic Bounce
|-unboost|p1a: Mandibuzz|evasion|1
|-sideend|p1: req'd by crobro|Stealth Rock|[from] move: Defog|[of] p1a: Mandibuzz
|
|-heal|p1a: Mandibuzz|370\/423|[from] item: Leftovers
|turn|12
|
|switch|p2a: Dragonite|Dragonite, M|323\/323
|switch|p1a: Ferrothorn|Ferrothorn, F|352\/352
|
|turn|13
|
|move|p2a: Dragonite|Dragon Dance|p2a: Dragonite
|-boost|p2a: Dragonite|atk|1
|-boost|p2a: Dragonite|spe|1
|move|p1a: Ferrothorn|Leech Seed|p2a: Dragonite|[miss]
|-miss|p1a: Ferrothorn|p2a: Dragonite
|
|turn|14
|
|move|p2a: Dragonite|Fire Punch|p1a: Ferrothorn
|-crit|p1a: Ferrothorn
|-supereffective|p1a: Ferrothorn
|-damage|p1a: Ferrothorn|0 fnt
|-damage|p2a: Dragonite|283\/323|[from] ability: Iron Barbs|[of] p1a: Ferrothorn
|faint|p1a: Ferrothorn
|
|
|switch|p1a: Mandibuzz|Mandibuzz, F|370\/423
|turn|15
|
|move|p2a: Dragonite|Dragon Dance|p2a: Dragonite
|-boost|p2a: Dragonite|atk|1
|-boost|p2a: Dragonite|spe|1
|move|p1a: Mandibuzz|Foul Play|p2a: Dragonite
|-crit|p2a: Dragonite
|-damage|p2a: Dragonite|0 fnt
|faint|p2a: Dragonite
|
|-heal|p1a: Mandibuzz|396\/423|[from] item: Leftovers
|
|switch|p2a: Azumarill|Azumarill, M|404\/404
|turn|16
|
|move|p1a: Mandibuzz|Foul Play|p2a: Azumarill
|-resisted|p2a: Azumarill
|-damage|p2a: Azumarill|339\/404
|move|p2a: Azumarill|Belly Drum|p2a: Azumarill
|-damage|p2a: Azumarill|137\/404
|-setboost|p2a: Azumarill|atk|6|[from] move: Belly Drum
|-enditem|p2a: Azumarill|Sitrus Berry|[eat]
|-heal|p2a: Azumarill|238\/404|[from] item: Sitrus Berry
|
|-heal|p1a: Mandibuzz|422\/423|[from] item: Leftovers
|turn|17
|
|move|p1a: Mandibuzz|Foul Play|p2a: Azumarill
|-resisted|p2a: Azumarill
|-damage|p2a: Azumarill|11\/404
|move|p2a: Azumarill|Play Rough|p1a: Mandibuzz
|-supereffective|p1a: Mandibuzz
|-damage|p1a: Mandibuzz|0 fnt
|faint|p1a: Mandibuzz
|
|
|switch|p1a: Lopunny|Lopunny, M|271\/271
|turn|18
|
|detailschange|p1a: Lopunny|Lopunny-Mega, M
|-mega|p1a: Lopunny|Lopunny|Lopunnite
|move|p1a: Lopunny|Fake Out|p2a: Azumarill
|-crit|p2a: Azumarill
|-damage|p2a: Azumarill|0 fnt
|faint|p2a: Azumarill
|
|
|switch|p2a: Gliscor|Gliscor, F|354\/354
|turn|19
|
|switch|p1a: Kyurem-Black|Kyurem-Black|404\/404
|-ability|p1a: Kyurem-Black|Teravolt
|move|p2a: Gliscor|Earthquake|p1a: Kyurem-Black
|-damage|p1a: Kyurem-Black|299\/404
|
|-heal|p1a: Kyurem-Black|324\/404|[from] item: Leftovers
|-status|p2a: Gliscor|tox|[from] item: Toxic Orb
|turn|20
|
|switch|p2a: Latios|Latios, M|227\/301 par
|move|p1a: Kyurem-Black|Substitute|p1a: Kyurem-Black
|-start|p1a: Kyurem-Black|Substitute
|-damage|p1a: Kyurem-Black|223\/404
|
|-heal|p1a: Kyurem-Black|248\/404|[from] item: Leftovers
|turn|21
|c|âreq'd by crobro|gg
|-message|blackwing zero forfeited.
|
|win|req'd by crobro
|raw|Ladder updating...
|c|âblackwing zero|gg
|raw|req&apos;d by crobro's rating: 1707 &rarr; <strong>1722<\/strong><br \/>(+15 for winning)
|raw|blackwing zero's rating: 1614 &rarr; <strong>1599<\/strong><br \/>(-15 for losing)