|join|req'd by crobro
|join|craing
|player|p1|req'd by crobro|288
|player|p2|craing|43
|gametype|singles
|gen|6
|tier|OU
|rated
|clearpoke
|poke|p1|Gyarados, F
|poke|p1|Landorus, M
|poke|p1|Talonflame, F
|poke|p1|Celebi
|poke|p1|Skarmory, F
|poke|p1|Garchomp, F
|poke|p2|Empoleon, F
|poke|p2|Landorus-Therian, M
|poke|p2|Volcarona, M
|poke|p2|Diancie
|poke|p2|Toxicroak, F
|poke|p2|Raikou
|rule|Swagger Clause: Swagger is banned
|rule|Baton Pass Clause: Limit one PokÃ©mon knowing Baton Pass
|rule|Sleep Clause Mod: Limit one foe put to sleep
|rule|Species Clause: Limit one of each PokÃ©mon
|rule|OHKO Clause: OHKO moves are banned
|rule|Moody Clause: Moody is banned
|rule|Evasion Moves Clause: Evasion moves are banned
|rule|Endless Battle Clause: Forcing endless battles is banned
|rule|HP Percentage Mod: HP is shown in percentages
|teampreview
|join|iplaytennislol
|
|start
|switch|p1a: Landorus|Landorus, M|319\/319
|switch|p2a: Raikou|Raikou|321\/321
|-ability|p2a: Raikou|Pressure
|turn|1
|join|AdvanceShip
|
|switch|p1a: Celebi|Celebi|404\/404
|move|p2a: Raikou|Volt Switch|p1a: Celebi
|-resisted|p1a: Celebi
|-damage|p1a: Celebi|352\/404
|join|FlamingVictini PB
|c| FlamingVictini PB|why fren why
|join|Sinclair
|c|âcraing|?
|
|switch|p2a: Toxicroak|Toxicroak, F|309\/309
|
|-heal|p1a: Celebi|377\/404|[from] item: Leftovers
|turn|2
|c|âreq'd by crobro|his raikou cant do shit to me
|join|RiCH HOMiE CHRiS
|join|chimpact
|
|switch|p1a: Talonflame|Talonflame, F|359\/359
|move|p2a: Toxicroak|Ice Punch|p1a: Talonflame
|-damage|p1a: Talonflame|234\/359
|-damage|p2a: Toxicroak|279\/309|[from] item: Life Orb
|
|-heal|p1a: Talonflame|256\/359|[from] item: Leftovers
|turn|3
|
|switch|p2a: Empoleon|Empoleon, F|371\/371
|move|p1a: Talonflame|Will-O-Wisp|p2a: Empoleon
|-status|p2a: Empoleon|brn
|
|-heal|p1a: Talonflame|278\/359|[from] item: Leftovers
|-damage|p2a: Empoleon|325\/371 brn|[from] brn
|turn|4
|join|SilverReaper21
|
|move|p1a: Talonflame|Taunt|p2a: Empoleon
|-start|p2a: Empoleon|move: Taunt
|move|p2a: Empoleon|Scald|p1a: Talonflame
|-supereffective|p1a: Talonflame
|-damage|p1a: Talonflame|84\/359
|
|-heal|p1a: Talonflame|106\/359|[from] item: Leftovers
|-damage|p2a: Empoleon|279\/371 brn|[from] brn
|turn|5
|c| FlamingVictini PB|-1 252 Atk Mega Diancie Diamond Storm vs. 0 HP \/ 0 Def Gengar: 193-228 (74.5 - 88%) -- guaranteed 2HKO rip
|
|switch|p2a: Diancie|Diancie|253\/253
|move|p1a: Talonflame|Roost|p1a: Talonflame
|-heal|p1a: Talonflame|286\/359
|
|-heal|p1a: Talonflame|308\/359|[from] item: Leftovers
|turn|6
|join|Quite Quiet
|join|Kawhii Leonard
|
|switch|p1a: Celebi|Celebi|377\/404
|detailschange|p2a: Diancie|Diancie-Mega
|-mega|p2a: Diancie|Diancie|Diancite
|move|p2a: Diancie|Moonblast|p1a: Celebi
|-damage|p1a: Celebi|211\/404
|
|-heal|p1a: Celebi|236\/404|[from] item: Leftovers
|turn|7
|
|switch|p2a: Empoleon|Empoleon, F|279\/371 brn
|move|p1a: Celebi|Recover|p1a: Celebi
|-heal|p1a: Celebi|404\/404
|
|-damage|p2a: Empoleon|233\/371 brn|[from] brn
|turn|8
|
|switch|p2a: Diancie|Diancie-Mega|253\/253
|move|p1a: Celebi|Giga Drain|p2a: Diancie
|-supereffective|p2a: Diancie
|-damage|p2a: Diancie|73\/253
|
|turn|9
|
|switch|p2a: Volcarona|Volcarona, M|321\/321
|move|p1a: Celebi|U-turn|p2a: Volcarona
|-resisted|p2a: Volcarona
|-damage|p2a: Volcarona|285\/321
|-status|p1a: Celebi|brn
|join|niggstolemyalt
|join|Rawk Hawk
|join|asdfCookie
|
|switch|p1a: Landorus|Landorus, M|319\/319
|
|turn|10
|
|move|p1a: Landorus|Stealth Rock|p2a: Volcarona
|-sidestart|p2: craing|move: Stealth Rock
|move|p2a: Volcarona|Fire Blast|p1a: Landorus
|-damage|p1a: Landorus|78\/319
|
|turn|11
|leave|asdfCookie
|join|asdfCookie
|
|switch|p1a: Talonflame|Talonflame, F|308\/359
|move|p2a: Volcarona|Bug Buzz|p1a: Talonflame
|-resisted|p1a: Talonflame
|-damage|p1a: Talonflame|268\/359
|-unboost|p1a: Talonflame|spd|1
|
|-heal|p1a: Talonflame|290\/359|[from] item: Leftovers
|turn|12
|join|Bulky Deoxys-A
|
|switch|p2a: Raikou|Raikou|321\/321
|-damage|p2a: Raikou|281\/321|[from] Stealth Rock
|-ability|p2a: Raikou|Pressure
|move|p1a: Talonflame|Brave Bird|p2a: Raikou
|-resisted|p2a: Raikou
|-damage|p2a: Raikou|204\/321
|-damage|p1a: Talonflame|265\/359|[from] recoil|[of] p2a: Raikou
|
|-heal|p1a: Talonflame|287\/359|[from] item: Leftovers
|turn|13
|
|switch|p1a: Celebi|Celebi|404\/404
|move|p2a: Raikou|Shadow Ball|p1a: Celebi
|-supereffective|p1a: Celebi
|-damage|p1a: Celebi|264\/404
|
|-heal|p1a: Celebi|289\/404|[from] item: Leftovers
|turn|14
|
|move|p2a: Raikou|Volt Switch|p1a: Celebi
|-resisted|p1a: Celebi
|-damage|p1a: Celebi|234\/404
|
|switch|p2a: Empoleon|Empoleon, F|233\/371 brn
|-damage|p2a: Empoleon|210\/371 brn|[from] Stealth Rock
|move|p1a: Celebi|U-turn|p2a: Empoleon
|-resisted|p2a: Empoleon
|-damage|p2a: Empoleon|183\/371 brn
|join|1800Rekt
|join|Montâ¥segur
|
|switch|p1a: Landorus|Landorus, M|78\/319
|
|-damage|p2a: Empoleon|137\/371 brn|[from] brn
|turn|15
|
|switch|p2a: Landorus-Therian|Landorus-Therian, M|319\/319
|-damage|p2a: Landorus-Therian|280\/319|[from] Stealth Rock
|-ability|p2a: Landorus-Therian|Intimidate|[of] p1a: Landorus
|-unboost|p1a: Landorus|atk|1
|move|p1a: Landorus|Earth Power|p2a: Landorus-Therian
|-immune|p2a: Landorus-Therian|[msg]
|
|turn|16
|
|switch|p2a: Diancie|Diancie-Mega|73\/253
|-damage|p2a: Diancie|42\/253|[from] Stealth Rock
|switch|p1a: Garchomp|Garchomp, F|357\/357
|
|turn|17
|
|move|p1a: Garchomp|Earthquake|p2a: Diancie
|-supereffective|p2a: Diancie
|-damage|p2a: Diancie|0 fnt
|faint|p2a: Diancie
|
|join|JUSTIN WOOOOOONG
|c|âcraing|o
|c|âcraing|scarf
|c| Sinclair|ur
|
|switch|p2a: Landorus-Therian|Landorus-Therian, M|280\/319
|-damage|p2a: Landorus-Therian|241\/319|[from] Stealth Rock
|-ability|p2a: Landorus-Therian|Intimidate|[of] p1a: Garchomp
|-unboost|p1a: Garchomp|atk|1
|turn|18
|c| Sinclair|rp
|c| Sinclair|or are u max speed
|c| Sinclair|wut
|c|âreq'd by crobro|nah im scarf
|c|âreq'd by crobro|its really good in this meta
|
|switch|p1a: Landorus|Landorus, M|78\/319
|move|p2a: Landorus-Therian|U-turn|p1a: Landorus
|-resisted|p1a: Landorus
|-damage|p1a: Landorus|26\/319
|
|switch|p2a: Toxicroak|Toxicroak, F|279\/309
|-damage|p2a: Toxicroak|260\/309|[from] Stealth Rock
|
|turn|19
|
|move|p1a: Landorus|Psychic|p2a: Toxicroak
|-supereffective|p2a: Toxicroak
|-damage|p2a: Toxicroak|0 fnt
|faint|p2a: Toxicroak
|
|c|âcraing|ya cant win
|c| FlamingVictini PB|rip
|-message|craing forfeited.
|
|win|req'd by crobro
|raw|Ladder updating...
|leave|craing
|player|p2
|raw|req&apos;d by crobro's rating: 1645 &rarr; <strong>1673<\/strong><br \/>(+28 for winning)
|raw|craing's rating: 1783 &rarr; <strong>1756<\/strong><br \/>(-27 for losing)
|leave|JUSTIN WOOOOOONG
|leave|asdfCookie
|leave|Quite Quiet
|leave|RiCH HOMiE CHRiS