|join|req'd by crobro
|join|Reverb
|player|p1|req'd by crobro|144
|player|p2|Reverb|#reverb
|gametype|singles
|gen|6
|tier|OU
|rated
|clearpoke
|poke|p1|Victini
|poke|p1|Lopunny, F
|poke|p1|Slowbro, F
|poke|p1|Ferrothorn, F
|poke|p1|Mandibuzz, F
|poke|p1|Kyurem-Black
|poke|p2|Landorus, M
|poke|p2|Celebi
|poke|p2|Heatran, M
|poke|p2|Conkeldurr, F
|poke|p2|Azumarill, F
|poke|p2|Metagross
|rule|Swagger Clause: Swagger is banned
|rule|Baton Pass Clause: Limit one PokÃ©mon knowing Baton Pass
|rule|Sleep Clause Mod: Limit one foe put to sleep
|rule|Species Clause: Limit one of each PokÃ©mon
|rule|OHKO Clause: OHKO moves are banned
|rule|Moody Clause: Moody is banned
|rule|Evasion Moves Clause: Evasion moves are banned
|rule|Endless Battle Clause: Forcing endless battles is banned
|rule|HP Percentage Mod: HP is shown in percentages
|teampreview
|join|Alvok
|
|start
|switch|p1a: Lordpunny|Lopunny, F|271\/271
|switch|p2a: Azumarill|Azumarill, F|372\/372
|turn|1
|
|detailschange|p1a: Lordpunny|Lopunny-Mega, F
|-mega|p1a: Lordpunny|Lopunny|Lopunnite
|move|p1a: Lordpunny|Fake Out|p2a: Azumarill
|-damage|p2a: Azumarill|297\/372
|cant|p2a: Azumarill|flinch
|
|turn|2
|join|StarkGod
|
|switch|p1a: Slowlord|Slowbro, F|394\/394
|move|p2a: Azumarill|Superpower|p1a: Slowlord
|-resisted|p1a: Slowlord
|-damage|p1a: Slowlord|309\/394
|-unboost|p2a: Azumarill|atk|1
|-unboost|p2a: Azumarill|def|1
|
|-heal|p1a: Slowlord|333\/394|[from] item: Leftovers
|turn|3
|
|switch|p2a: Heatran|Heatran, M|385\/385
|switch|p1a: Lordtini|Victini|341\/341
|
|turn|4
|
|switch|p2a: Azumarill|Azumarill, F|297\/372
|move|p1a: Lordtini|U-turn|p2a: Azumarill
|-crit|p2a: Azumarill
|-resisted|p2a: Azumarill
|-damage|p2a: Azumarill|201\/372
|
|switch|p1a: Kyurem-lord|Kyurem-Black|404\/404
|-ability|p1a: Kyurem-lord|Teravolt
|
|turn|5
|join|Prankster
|join|Tom Bus
|join|alt7777777
|
|switch|p2a: Celebi|Celebi|404\/404
|move|p1a: Kyurem-lord|Fusion Bolt|p2a: Celebi
|-resisted|p2a: Celebi
|-damage|p2a: Celebi|342\/404
|
|-heal|p2a: Celebi|367\/404|[from] item: Leftovers
|turn|6
|
|move|p1a: Kyurem-lord|Ice Beam|p2a: Celebi
|-supereffective|p2a: Celebi
|-damage|p2a: Celebi|137\/404
|move|p2a: Celebi|Thunder Wave|p1a: Kyurem-lord
|-status|p1a: Kyurem-lord|par
|
|-heal|p2a: Celebi|162\/404|[from] item: Leftovers
|turn|7
|
|switch|p1a: Lordtini|Victini|341\/341
|move|p2a: Celebi|Recover|p2a: Celebi
|-heal|p2a: Celebi|364\/404
|
|-heal|p2a: Celebi|389\/404|[from] item: Leftovers
|turn|8
|
|switch|p2a: Heatran|Heatran, M|385\/385
|move|p1a: Lordtini|U-turn|p2a: Heatran
|-resisted|p2a: Heatran
|-damage|p2a: Heatran|357\/385
|
|switch|p1a: Lordpunny|Lopunny-Mega, F|271\/271
|
|-heal|p2a: Heatran|381\/385|[from] item: Leftovers
|turn|9
|
|switch|p2a: Azumarill|Azumarill, F|201\/372
|move|p1a: Lordpunny|Power-Up Punch|p2a: Azumarill
|-crit|p2a: Azumarill
|-resisted|p2a: Azumarill
|-damage|p2a: Azumarill|145\/372
|-boost|p1a: Lordpunny|atk|1
|
|turn|10
|
|switch|p1a: Ferrolord|Ferrothorn, F|352\/352
|move|p2a: Azumarill|Aqua Jet|p1a: Ferrolord
|-resisted|p1a: Ferrolord
|-damage|p1a: Ferrolord|309\/352
|-damage|p2a: Azumarill|99\/372|[from] ability: Iron Barbs|[of] p1a: Ferrolord
|
|-heal|p1a: Ferrolord|331\/352|[from] item: Leftovers
|turn|11
|join|Lord Kuvira
|c| StarkGod|Kuvira :o
|
|switch|p2a: Heatran|Heatran, M|381\/385
|move|p1a: Ferrolord|Stealth Rock|p2a: Heatran
|-sidestart|p2: Reverb|move: Stealth Rock
|
|-heal|p2a: Heatran|385\/385|[from] item: Leftovers
|-heal|p1a: Ferrolord|352\/352|[from] item: Leftovers
|turn|12
|
|switch|p1a: Slowlord|Slowbro, F|394\/394
|move|p2a: Heatran|Stealth Rock|p1a: Slowlord
|-sidestart|p1: req'd by crobro|move: Stealth Rock
|
|turn|13
|
|switch|p2a: Celebi|Celebi|389\/404
|-damage|p2a: Celebi|339\/404|[from] Stealth Rock
|move|p1a: Slowlord|Scald|p2a: Celebi
|-resisted|p2a: Celebi
|-damage|p2a: Celebi|306\/404
|
|-heal|p2a: Celebi|331\/404|[from] item: Leftovers
|turn|14
|c| alt7777777|why not lordbro
|
|switch|p1a: Kyurem-lord|Kyurem-Black|404\/404 par
|-damage|p1a: Kyurem-lord|303\/404 par|[from] Stealth Rock
|-ability|p1a: Kyurem-lord|Teravolt
|move|p2a: Celebi|U-turn|p1a: Kyurem-lord
|-damage|p1a: Kyurem-lord|261\/404 par
|c| alt7777777|e_e
|c|âreq'd by crobro|tru
|
|switch|p2a: Metagross|Metagross|301\/301
|-damage|p2a: Metagross|283\/301|[from] Stealth Rock
|
|-heal|p1a: Kyurem-lord|286\/404 par|[from] item: Leftovers
|turn|15
|
|detailschange|p2a: Metagross|Metagross-Mega
|-mega|p2a: Metagross|Metagross|Metagrossite
|move|p2a: Metagross|Hammer Arm|p1a: Kyurem-lord
|-supereffective|p1a: Kyurem-lord
|-damage|p1a: Kyurem-lord|0 fnt
|-unboost|p2a: Metagross|spe|1
|faint|p1a: Kyurem-lord
|
|
|switch|p1a: Mandilord|Mandibuzz, F|423\/423
|-damage|p1a: Mandilord|318\/423|[from] Stealth Rock
|turn|16
|
|switch|p2a: Heatran|Heatran, M|385\/385
|-damage|p2a: Heatran|337\/385|[from] Stealth Rock
|move|p1a: Mandilord|Foul Play|p2a: Heatran
|-crit|p2a: Heatran
|-damage|p2a: Heatran|214\/385
|
|-heal|p2a: Heatran|238\/385|[from] item: Leftovers
|-heal|p1a: Mandilord|344\/423|[from] item: Leftovers
|turn|17
|
|switch|p1a: Slowlord|Slowbro, F|394\/394
|-damage|p1a: Slowlord|345\/394|[from] Stealth Rock
|move|p2a: Heatran|Lava Plume|p1a: Slowlord
|-resisted|p1a: Slowlord
|-damage|p1a: Slowlord|277\/394
|
|-heal|p2a: Heatran|262\/385|[from] item: Leftovers
|-heal|p1a: Slowlord|301\/394|[from] item: Leftovers
|turn|18
|join|squirrelll
|
|switch|p2a: Conkeldurr|Conkeldurr, F|364\/364
|-damage|p2a: Conkeldurr|342\/364|[from] Stealth Rock
|move|p1a: Slowlord|Scald|p2a: Conkeldurr
|-damage|p2a: Conkeldurr|276\/364
|
|-heal|p1a: Slowlord|325\/394|[from] item: Leftovers
|turn|19
|
|switch|p1a: Mandilord|Mandibuzz, F|344\/423
|-damage|p1a: Mandilord|239\/423|[from] Stealth Rock
|move|p2a: Conkeldurr|Drain Punch|p1a: Mandilord
|-damage|p1a: Mandilord|112\/423
|-heal|p2a: Conkeldurr|340\/364|[from] drain|[of] p1a: Mandilord
|
|-heal|p1a: Mandilord|138\/423|[from] item: Leftovers
|turn|20
|
|move|p1a: Mandilord|Defog|p2a: Conkeldurr
|-unboost|p2a: Conkeldurr|evasion|1
|-sideend|p2: Reverb|Stealth Rock|[from] move: Defog|[of] p2a: Conkeldurr
|-sideend|p1: req'd by crobro|Stealth Rock|[from] move: Defog|[of] p1a: Mandilord
|move|p2a: Conkeldurr|Drain Punch|p1a: Mandilord
|-damage|p1a: Mandilord|9\/423
|-heal|p2a: Conkeldurr|364\/364|[from] drain|[of] p1a: Mandilord
|
|-heal|p1a: Mandilord|35\/423|[from] item: Leftovers
|turn|21
|
|move|p2a: Conkeldurr|Mach Punch|p1a: Mandilord
|-crit|p1a: Mandilord
|-damage|p1a: Mandilord|0 fnt
|faint|p1a: Mandilord
|
|
|switch|p1a: Lordtini|Victini|341\/341
|turn|22
|
|switch|p2a: Azumarill|Azumarill, F|99\/372
|move|p1a: Lordtini|Bolt Strike|p2a: Azumarill
|-supereffective|p2a: Azumarill
|-damage|p2a: Azumarill|0 fnt
|faint|p2a: Azumarill
|
|
|switch|p2a: Landorus|Landorus, M|319\/319
|turn|23
|
|switch|p1a: Ferrolord|Ferrothorn, F|352\/352
|move|p2a: Landorus|Earth Power|p1a: Ferrolord
|-damage|p1a: Ferrolord|157\/352
|
|-heal|p1a: Ferrolord|179\/352|[from] item: Leftovers
|turn|24
|
|move|p2a: Landorus|Earth Power|p1a: Ferrolord
|-damage|p1a: Ferrolord|0 fnt
|faint|p1a: Ferrolord
|
|
|switch|p1a: Lordpunny|Lopunny-Mega, F|271\/271
|turn|25
|
|switch|p2a: Celebi|Celebi|331\/404
|move|p1a: Lordpunny|Fake Out|p2a: Celebi
|-damage|p2a: Celebi|253\/404
|
|-heal|p2a: Celebi|278\/404|[from] item: Leftovers
|turn|26
|
|switch|p1a: Lordtini|Victini|341\/341
|move|p2a: Celebi|Thunder Wave|p1a: Lordtini
|-status|p1a: Lordtini|par
|
|-heal|p2a: Celebi|303\/404|[from] item: Leftovers
|turn|27
|
|move|p2a: Celebi|U-turn|p1a: Lordtini
|-damage|p1a: Lordtini|302\/341 par
|
|switch|p2a: Heatran|Heatran, M|262\/385
|cant|p1a: Lordtini|par
|
|-heal|p2a: Heatran|286\/385|[from] item: Leftovers
|turn|28
|
|move|p2a: Heatran|Stealth Rock|p1a: Lordtini
|-sidestart|p1: req'd by crobro|move: Stealth Rock
|move|p1a: Lordtini|Bolt Strike|p2a: Heatran|[miss]
|-miss|p1a: Lordtini|p2a: Heatran
|
|-heal|p2a: Heatran|310\/385|[from] item: Leftovers
|turn|29
|c|âreq'd by crobro|gg
|join|craing
|join|trinitrotoluene
|c|âReverb|gg
|-message|req'd by crobro forfeited.
|
|win|Reverb
|raw|Ladder updating...
|leave|req'd by crobro
|player|p1
|leave|Chinx
|raw|req&apos;d by crobro's rating: 1680 &rarr; <strong>1658<\/strong><br \/>(-22 for losing)
|raw|Reverb's rating: 1652 &rarr; <strong>1673<\/strong><br \/>(+21 for winning)
|leave|Lord Kuvira
|leave|trinitrotoluene
|leave|Tom Bus
|leave|Reverb
|player|p2
|leave|craing
|leave|Prankster