|join|MoB Barley
|join|req'd by crobro
|player|p1|MoB Barley|161
|player|p2|req'd by crobro|144
|gametype|singles
|gen|6
|tier|OU
|rated
|clearpoke
|poke|p1|Metagross, shiny
|poke|p1|Landorus, M, shiny
|poke|p1|Garchomp, M, shiny
|poke|p1|Azumarill, M
|poke|p1|Latias, F
|poke|p1|Keldeo-Resolute, shiny
|poke|p2|Victini
|poke|p2|Lopunny, M
|poke|p2|Slowbro, F
|poke|p2|Ferrothorn, F
|poke|p2|Mandibuzz, F
|poke|p2|Kyurem-Black
|rule|Swagger Clause: Swagger is banned
|rule|Baton Pass Clause: Limit one PokÃ©mon knowing Baton Pass
|rule|Sleep Clause Mod: Limit one foe put to sleep
|rule|Species Clause: Limit one of each PokÃ©mon
|rule|OHKO Clause: OHKO moves are banned
|rule|Moody Clause: Moody is banned
|rule|Evasion Moves Clause: Evasion moves are banned
|rule|Endless Battle Clause: Forcing endless battles is banned
|rule|HP Percentage Mod: HP is shown in percentages
|teampreview
|
|start
|switch|p1a: Metagross|Metagross, shiny|301\/301
|switch|p2a: Lordpunny|Lopunny, M|271\/271
|turn|1
|join|Panda Problems 2.0
|
|detailschange|p2a: Lordpunny|Lopunny-Mega, M
|-mega|p2a: Lordpunny|Lopunny|Lopunnite
|detailschange|p1a: Metagross|Metagross-Mega, shiny
|-mega|p1a: Metagross|Metagross|Metagrossite
|move|p2a: Lordpunny|Fake Out|p1a: Metagross
|-resisted|p1a: Metagross
|-damage|p1a: Metagross|273\/301
|cant|p1a: Metagross|flinch
|
|turn|2
|
|switch|p2a: Lordtini|Victini|341\/341
|move|p1a: Metagross|Hammer Arm|p2a: Lordtini
|-resisted|p2a: Lordtini
|-damage|p2a: Lordtini|250\/341
|-unboost|p1a: Metagross|spe|1
|
|turn|3
|
|switch|p1a: Garchomp|Garchomp, M, shiny|358\/358
|move|p2a: Lordtini|V-create|p1a: Garchomp
|-resisted|p1a: Garchomp
|-damage|p1a: Garchomp|115\/358
|-damage|p2a: Lordtini|208\/341|[from] ability: Rough Skin|[of] p1a: Garchomp
|-unboost|p2a: Lordtini|def|1
|-unboost|p2a: Lordtini|spd|1
|-unboost|p2a: Lordtini|spe|1
|
|turn|4
|
|switch|p2a: Slowlord|Slowbro, F|394\/394
|move|p1a: Garchomp|Earthquake|p2a: Slowlord
|-damage|p2a: Slowlord|262\/394
|
|-heal|p2a: Slowlord|286\/394|[from] item: Leftovers
|turn|5
|join|once in a while
|join|Nek kiff
|
|switch|p1a: Latias|Latias, F|301\/301
|switch|p2a: Mandilord|Mandibuzz, F|423\/423
|
|turn|6
|
|switch|p1a: Azumarill|Azumarill, M|360\/360
|move|p2a: Mandilord|Foul Play|p1a: Azumarill
|-resisted|p1a: Azumarill
|-damage|p1a: Azumarill|301\/360
|
|turn|7
|
|switch|p2a: Ferrolord|Ferrothorn, F|352\/352
|move|p1a: Azumarill|Knock Off|p2a: Ferrolord
|-damage|p2a: Ferrolord|255\/352
|-damage|p1a: Azumarill|256\/360|[from] ability: Iron Barbs|[of] p2a: Ferrolord
|-enditem|p2a: Ferrolord|Leftovers|[from] move: Knock Off|[of] p1a: Azumarill
|
|turn|8
|
|switch|p1a: Landorus|Landorus, M, shiny|319\/319
|move|p2a: Ferrolord|Leech Seed|p1a: Landorus
|-start|p1a: Landorus|move: Leech Seed
|
|-damage|p1a: Landorus|280\/319|[from] Leech Seed|[of] p2a: Ferrolord
|-heal|p2a: Ferrolord|294\/352|[silent]
|turn|9
|
|switch|p2a: Mandilord|Mandibuzz, F|423\/423
|move|p1a: Landorus|Stealth Rock|p2a: Mandilord
|-sidestart|p2: req'd by crobro|move: Stealth Rock
|
|-damage|p1a: Landorus|241\/319|[from] Leech Seed|[of] p2a: Mandilord
|turn|10
|
|switch|p1a: Azumarill|Azumarill, M|256\/360
|move|p2a: Mandilord|Defog|p1a: Azumarill
|-unboost|p1a: Azumarill|evasion|1
|-sideend|p2: req'd by crobro|Stealth Rock|[from] move: Defog|[of] p2a: Mandilord
|
|turn|11
|
|switch|p2a: Ferrolord|Ferrothorn, F|294\/352
|switch|p1a: Landorus|Landorus, M, shiny|241\/319
|
|turn|12
|
|switch|p2a: Mandilord|Mandibuzz, F|423\/423
|move|p1a: Landorus|Focus Blast|p2a: Mandilord
|-damage|p2a: Mandilord|255\/423
|
|-heal|p2a: Mandilord|281\/423|[from] item: Leftovers
|turn|13
|
|move|p1a: Landorus|Knock Off|p2a: Mandilord
|-crit|p2a: Mandilord
|-resisted|p2a: Mandilord
|-damage|p2a: Mandilord|203\/423
|-enditem|p2a: Mandilord|Leftovers|[from] move: Knock Off|[of] p1a: Landorus
|-damage|p1a: Landorus|210\/319|[from] item: Life Orb
|move|p2a: Mandilord|Roost|p2a: Mandilord
|-heal|p2a: Mandilord|415\/423
|
|turn|14
|join|Pure Demize
|
|switch|p1a: Keldeo-Resolute|Keldeo-Resolute, shiny|323\/323
|move|p2a: Mandilord|Foul Play|p1a: Keldeo-Resolute
|-resisted|p1a: Keldeo-Resolute
|-damage|p1a: Keldeo-Resolute|281\/323
|-boost|p1a: Keldeo-Resolute|atk|1|[from] ability: Justified
|
|turn|15
|join|Big dude 52
|
|switch|p2a: Ferrolord|Ferrothorn, F|294\/352
|move|p1a: Keldeo-Resolute|Scald|p2a: Ferrolord
|-resisted|p2a: Ferrolord
|-damage|p2a: Ferrolord|213\/352
|-status|p2a: Ferrolord|brn
|
|-damage|p2a: Ferrolord|169\/352 brn|[from] brn
|turn|16
|join|king of spycrabs
|c| Big dude 52|*plays*
|
|switch|p1a: Landorus|Landorus, M, shiny|210\/319
|move|p2a: Ferrolord|Stealth Rock|p1a: Landorus
|-sidestart|p1: MoB Barley|move: Stealth Rock
|
|-damage|p2a: Ferrolord|125\/352 brn|[from] brn
|turn|17
|
|switch|p2a: Mandilord|Mandibuzz, F|415\/423
|move|p1a: Landorus|Stealth Rock|p2a: Mandilord
|-sidestart|p2: req'd by crobro|move: Stealth Rock
|
|turn|18
|c| Big dude 52|landorus stealth rock xD
|
|switch|p1a: Keldeo-Resolute|Keldeo-Resolute, shiny|281\/323
|-damage|p1a: Keldeo-Resolute|261\/323|[from] Stealth Rock
|move|p2a: Mandilord|Foul Play|p1a: Keldeo-Resolute
|-resisted|p1a: Keldeo-Resolute
|-damage|p1a: Keldeo-Resolute|218\/323
|-boost|p1a: Keldeo-Resolute|atk|1|[from] ability: Justified
|
|turn|19
|join|CleanerThanRotom-W
|leave|once in a while
|
|move|p1a: Keldeo-Resolute|Scald|p2a: Mandilord
|-damage|p2a: Mandilord|228\/423
|-status|p2a: Mandilord|brn
|move|p2a: Mandilord|Defog|p1a: Keldeo-Resolute
|-unboost|p1a: Keldeo-Resolute|evasion|1
|-sideend|p1: MoB Barley|Stealth Rock|[from] move: Defog|[of] p1a: Keldeo-Resolute
|-sideend|p2: req'd by crobro|Stealth Rock|[from] move: Defog|[of] p2a: Mandilord
|
|-damage|p2a: Mandilord|176\/423 brn|[from] brn
|turn|20
|join|I'm a Pixel Girl
|
|move|p1a: Keldeo-Resolute|Scald|p2a: Mandilord
|-damage|p2a: Mandilord|16\/423 brn
|move|p2a: Mandilord|Foul Play|p1a: Keldeo-Resolute
|-resisted|p1a: Keldeo-Resolute
|-damage|p1a: Keldeo-Resolute|189\/323
|-boost|p1a: Keldeo-Resolute|atk|1|[from] ability: Justified
|
|-damage|p2a: Mandilord|0 fnt|[from] brn
|faint|p2a: Mandilord
|
|switch|p2a: Kyurem-lord|Kyurem-Black|404\/404
|-ability|p2a: Kyurem-lord|Teravolt
|turn|21
|join|trfedqcs
|
|switch|p1a: Metagross|Metagross-Mega, shiny|273\/301
|move|p2a: Kyurem-lord|Substitute|p2a: Kyurem-lord
|-start|p2a: Kyurem-lord|Substitute
|-damage|p2a: Kyurem-lord|303\/404
|
|-heal|p2a: Kyurem-lord|328\/404|[from] item: Leftovers
|turn|22
|join|nathaaan
|
|move|p1a: Metagross|Meteor Mash|p2a: Kyurem-lord
|-supereffective|p2a: Kyurem-lord
|-end|p2a: Kyurem-lord|Substitute
|move|p2a: Kyurem-lord|Earth Power|p1a: Metagross
|-supereffective|p1a: Metagross
|-damage|p1a: Metagross|53\/301
|
|-heal|p2a: Kyurem-lord|353\/404|[from] item: Leftovers
|turn|23
|
|switch|p2a: Slowlord|Slowbro, F|394\/394
|move|p1a: Metagross|Hammer Arm|p2a: Slowlord
|-resisted|p2a: Slowlord
|-damage|p2a: Slowlord|339\/394
|-unboost|p1a: Metagross|spe|1
|
|-heal|p2a: Slowlord|363\/394|[from] item: Leftovers
|turn|24
|join|Demandred
|join|ryzed
|join|FUQ GLISCORE
|
|switch|p1a: Latias|Latias, F|301\/301
|switch|p2a: Lordtini|Victini|208\/341
|
|turn|25
|
|move|p1a: Latias|Draco Meteor|p2a: Lordtini
|-damage|p2a: Lordtini|0 fnt
|-unboost|p1a: Latias|spa|2
|-damage|p1a: Latias|271\/301|[from] item: Life Orb
|faint|p2a: Lordtini
|
|join|Laschero
|
|switch|p2a: Lordpunny|Lopunny-Mega, M|271\/271
|turn|26
|
|move|p2a: Lordpunny|Return|p1a: Latias
|-damage|p1a: Latias|75\/301
|move|p1a: Latias|Psyshock|p2a: Lordpunny
|-supereffective|p2a: Lordpunny
|-damage|p2a: Lordpunny|92\/271
|-damage|p1a: Latias|45\/301|[from] item: Life Orb
|
|turn|27
|c|âreq'd by crobro|go to chomp imo
|
|switch|p1a: Garchomp|Garchomp, M, shiny|115\/358
|move|p2a: Lordpunny|Return|p1a: Garchomp
|-damage|p1a: Garchomp|0 fnt
|-damage|p2a: Lordpunny|59\/271|[from] ability: Rough Skin|[of] p1a: Garchomp
|faint|p1a: Garchomp
|
|
|switch|p1a: Azumarill|Azumarill, M|256\/360
|turn|28
|
|switch|p2a: Ferrolord|Ferrothorn, F|125\/352 brn
|move|p1a: Azumarill|Knock Off|p2a: Ferrolord
|-damage|p2a: Ferrolord|65\/352 brn
|-damage|p1a: Azumarill|211\/360|[from] ability: Iron Barbs|[of] p2a: Ferrolord
|
|-damage|p2a: Ferrolord|21\/352 brn|[from] brn
|turn|29
|
|move|p1a: Azumarill|Knock Off|p2a: Ferrolord
|-damage|p2a: Ferrolord|0 fnt
|-damage|p1a: Azumarill|166\/360|[from] ability: Iron Barbs|[of] p2a: Ferrolord
|faint|p2a: Ferrolord
|-enditem|p1a: Azumarill|Sitrus Berry|[eat]
|-heal|p1a: Azumarill|256\/360|[from] item: Sitrus Berry
|
|join|snicker testing
|
|switch|p2a: Kyurem-lord|Kyurem-Black|353\/404
|-ability|p2a: Kyurem-lord|Teravolt
|turn|30
|c| snicker testing|we dem boys
|
|switch|p1a: Landorus|Landorus, M, shiny|210\/319
|move|p2a: Kyurem-lord|Substitute|p2a: Kyurem-lord
|-start|p2a: Kyurem-lord|Substitute
|-damage|p2a: Kyurem-lord|252\/404
|
|-heal|p2a: Kyurem-lord|277\/404|[from] item: Leftovers
|turn|31
|
|move|p1a: Landorus|Earth Power|p2a: Kyurem-lord
|-end|p2a: Kyurem-lord|Substitute
|move|p2a: Kyurem-lord|Ice Beam|p1a: Landorus
|-supereffective|p1a: Landorus
|-damage|p1a: Landorus|0 fnt
|faint|p1a: Landorus
|
|-heal|p2a: Kyurem-lord|302\/404|[from] item: Leftovers
|
|switch|p1a: Latias|Latias, F|45\/301
|turn|32
|join|Lockheeed
|
|switch|p2a: Slowlord|Slowbro, F|394\/394
|move|p1a: Latias|Draco Meteor|p2a: Slowlord
|-damage|p2a: Slowlord|61\/394
|-unboost|p1a: Latias|spa|2
|-damage|p1a: Latias|15\/301|[from] item: Life Orb
|
|-heal|p2a: Slowlord|85\/394|[from] item: Leftovers
|turn|33
|join|Swallowed Up
|
|move|p1a: Latias|Healing Wish|p1a: Latias
|faint|p1a: Latias
|move|p2a: Slowlord|Slack Off|p2a: Slowlord
|-heal|p2a: Slowlord|282\/394
|
|-heal|p2a: Slowlord|306\/394|[from] item: Leftovers
|join|Appreciation
|c| Appreciation|rank
|
|switch|p1a: Metagross|Metagross-Mega, shiny|53\/301
|-heal|p1a: Metagross|301\/301|[from] move: Healing Wish
|turn|34
|
|move|p1a: Metagross|Grass Knot|p2a: Slowlord
|-crit|p2a: Slowlord
|-supereffective|p2a: Slowlord
|-damage|p2a: Slowlord|2\/394
|move|p2a: Slowlord|Thunder Wave|p1a: Metagross
|-status|p1a: Metagross|par
|
|-heal|p2a: Slowlord|26\/394|[from] item: Leftovers
|turn|35
|c| Appreciation|o
|
|move|p2a: Slowlord|Slack Off|p2a: Slowlord
|-heal|p2a: Slowlord|223\/394
|move|p1a: Metagross|Meteor Mash|p2a: Slowlord
|-resisted|p2a: Slowlord
|-damage|p2a: Slowlord|140\/394
|
|-heal|p2a: Slowlord|164\/394|[from] item: Leftovers
|turn|36
|c|âMoB Barley|u wouldn't of even lived
|c|âMoB Barley|wtf
|
|move|p2a: Slowlord|Slack Off|p2a: Slowlord
|-heal|p2a: Slowlord|361\/394
|move|p1a: Metagross|Grass Knot|p2a: Slowlord
|-supereffective|p2a: Slowlord
|-damage|p2a: Slowlord|167\/394
|
|-heal|p2a: Slowlord|191\/394|[from] item: Leftovers
|turn|37
|join|LUSTY LEDDIT
|c| Appreciation|slowbro>u
|c| Appreciation|welcome lusty
|c| Big dude 522|grass knot on mgross xdddd
|
|switch|p1a: Azumarill|Azumarill, M|256\/360
|move|p2a: Slowlord|Slack Off|p2a: Slowlord
|-heal|p2a: Slowlord|388\/394
|
|-heal|p2a: Slowlord|394\/394|[from] item: Leftovers
|turn|38
|c| snicker testing|mob i think u should have sacked lati imo
|join|It's not my name
|c| Appreciation|azu the
|c| Appreciation|slowbro counter....
|
|switch|p2a: Kyurem-lord|Kyurem-Black|302\/404
|-ability|p2a: Kyurem-lord|Teravolt
|move|p1a: Azumarill|Knock Off|p2a: Kyurem-lord
|-damage|p2a: Kyurem-lord|155\/404
|-enditem|p2a: Kyurem-lord|Leftovers|[from] move: Knock Off|[of] p1a: Azumarill
|
|turn|39
|c| Appreciation|lol 4\/6 of mobs teams loses to bro
|c| Appreciation|and his entire teams loses to megavro
|c| Appreciation|XDdddddddddddd
|c| Big dude 522|knock off xd new meta
|c| LUSTY LEDDIT|i enjoy losing to bro as well
|c| Appreciation|team* xD.... new meta
|raw|<div class="broadcast-red"><b>Moderated chat was set to +!<\/b><br \/>Only users of rank + and higher can talk.<\/div>
|c|âreq'd by crobro|thanks
|c|âMoB Barley|appreciation doesn't know wtf he's saying bc ehs bad
|join|Skysoki
|c|âreq'd by crobro|^
|join|ok mob barley
|
|switch|p1a: Metagross|Metagross-Mega, shiny|301\/301 par
|move|p2a: Kyurem-lord|Fusion Bolt|p1a: Metagross
|-damage|p1a: Metagross|218\/301 par
|
|turn|40
|join|playing mons when
|join|lmfaooo dat name
|
|switch|p1a: Keldeo-Resolute|Keldeo-Resolute, shiny|189\/323
|move|p2a: Kyurem-lord|Earth Power|p1a: Keldeo-Resolute
|-damage|p1a: Keldeo-Resolute|74\/323
|
|turn|41
|join|its your birthday
|join|Mob barley is gud
|c|âMoB Barley|its the middle of the day
|join|pathetic mob
|c|âMoB Barley|when its night tim
|c|âMoB Barley|is when u go out
|c|âMoB Barley|retard scru
|leave|Mob barley is gud
|join|Mob barley is gud
|join|ok mob
|join|ur online all day.
|join|Pure Demize
|join|mob fartley
|c|âMoB Barley|i just got on after my girl made me eggs n__n
|
|switch|p2a: Slowlord|Slowbro, F|394\/394
|move|p1a: Keldeo-Resolute|Hydro Pump|p2a: Slowlord
|-crit|p2a: Slowlord
|-resisted|p2a: Slowlord
|-damage|p2a: Slowlord|135\/394
|
|-heal|p2a: Slowlord|159\/394|[from] item: Leftovers
|turn|42
|c|âMoB Barley|enjoy making alts to talk to me
|c|âMoB Barley|u desperate ass fgt
|join|so ur mom
|join|Mob is dumb
|c|âreq'd by crobro|fuck
|join|yes im desperate
|join|say whatever helps
|join|lord mob barley
|c|âMoB Barley|enjoy the silence
|
|move|p1a: Keldeo-Resolute|Hydro Pump|p2a: Slowlord|[miss]
|-miss|p1a: Keldeo-Resolute|p2a: Slowlord
|move|p2a: Slowlord|Slack Off|p2a: Slowlord
|-heal|p2a: Slowlord|356\/394
|
|-heal|p2a: Slowlord|380\/394|[from] item: Leftovers
|turn|43
|join|u sleep at nite
|c|âMoB Barley|yeah if ur a loser like you
|join|nathaaan
|
|switch|p1a: Metagross|Metagross-Mega, shiny|218\/301 par
|move|p2a: Slowlord|Psyshock|p1a: Metagross
|-resisted|p1a: Metagross
|-damage|p1a: Metagross|202\/301 par
|
|-heal|p2a: Slowlord|394\/394|[from] item: Leftovers
|turn|44
|join|are you pretendin
|join|to be autistic
|join|or wuttt
|
|move|p2a: Slowlord|Scald|p1a: Metagross
|-damage|p1a: Metagross|102\/301 par
|move|p1a: Metagross|Grass Knot|p2a: Slowlord
|-supereffective|p2a: Slowlord
|-damage|p2a: Slowlord|192\/394
|
|-heal|p2a: Slowlord|216\/394|[from] item: Leftovers
|turn|45
|join|UrGirlMakesUeggs
|join|pls all b nice (
|join|more like ur hand
|join|Mob is a kid
|leave|It's not my name
|c|âMoB Barley|smh
|
|move|p2a: Slowlord|Slack Off|p2a: Slowlord
|-heal|p2a: Slowlord|394\/394
|cant|p1a: Metagross|par
|
|turn|46
|join|mob shitley
|c|âMoB Barley|fuck off its my b day
|join|ur birthday a shit
|leave|CleanerThanRotom-W
|join|how old r u now
|c|âMoB Barley|crobro
|c|âMoB Barley|lets go
|
|move|p2a: Slowlord|Scald|p1a: Metagross
|-damage|p1a: Metagross|12\/301 par
|move|p1a: Metagross|Grass Knot|p2a: Slowlord
|-crit|p2a: Slowlord
|-supereffective|p2a: Slowlord
|-damage|p2a: Slowlord|94\/394
|
|-heal|p2a: Slowlord|118\/394|[from] item: Leftovers
|turn|47
|join|Appreciation
|
|move|p2a: Slowlord|Slack Off|p2a: Slowlord
|-heal|p2a: Slowlord|315\/394
|move|p1a: Metagross|Grass Knot|p2a: Slowlord
|-supereffective|p2a: Slowlord
|-damage|p2a: Slowlord|111\/394
|
|-heal|p2a: Slowlord|135\/394|[from] item: Leftovers
|turn|48
|join|BarMadrid
|c|âMoB Barley|i should've dracod
|
|move|p2a: Slowlord|Slack Off|p2a: Slowlord
|-heal|p2a: Slowlord|332\/394
|move|p1a: Metagross|Grass Knot|p2a: Slowlord
|-supereffective|p2a: Slowlord
|-damage|p2a: Slowlord|122\/394
|
|-heal|p2a: Slowlord|146\/394|[from] item: Leftovers
|turn|49
|c|âMoB Barley|but i figured you'd sack kyurem
|c|âreq'd by crobro|yup
|c|âMoB Barley|considering how much u need slower..
|join|mob got played
|c|âreq'd by crobro|if lati didnt hw i won
|join|pokemonomekop
|leave|Big dude 522
|c|âMoB Barley|i never took this appreciation kid for such a fgt
|c|âMoB Barley|geez
|
|move|p2a: Slowlord|Scald|p1a: Metagross
|-damage|p1a: Metagross|0 fnt
|faint|p1a: Metagross
|
|-heal|p2a: Slowlord|170\/394|[from] item: Leftovers
|leave|Appreciation
|
|switch|p1a: Azumarill|Azumarill, M|256\/360
|turn|50
|leave|FUQ GLISCORE
|
|move|p1a: Azumarill|Knock Off|p2a: Slowlord
|-supereffective|p2a: Slowlord
|-damage|p2a: Slowlord|0 fnt
|-enditem|p2a: Slowlord|Leftovers|[from] move: Knock Off|[of] p1a: Azumarill
|faint|p2a: Slowlord
|
|
|switch|p2a: Kyurem-lord|Kyurem-Black|155\/404
|-ability|p2a: Kyurem-lord|Teravolt
|turn|51
|-message|MoB Barley forfeited.
|leave|MoB Barley
|leave|Laschero
|
|move|p2a: Kyurem-lord|Fusion Bolt|p1a: Azumarill
|-supereffective|p1a: Azumarill
|-damage|p1a: Azumarill|0 fnt
|faint|p1a: Azumarill
|
|
|win|req'd by crobro
|raw|Ladder updating...
|player|p1
|raw|MoB Barley's rating: 1677 &rarr; <strong>1660<\/strong><br \/>(-17 for losing)
|raw|req&apos;d by crobro's rating: 1727 &rarr; <strong>1744<\/strong><br \/>(+17 for winning)
|leave|req'd by crobro
|leave|ryzed
|leave|Pure Demize
|leave|Demandred
|player|p2
|leave|snicker testing
|leave|nathaaan
|leave|Skysoki
|leave|king of spycrabs