|join|req'd by crobro
|join|qwazz
|join|HerpDerpFlurp
|join|sllooot69
|join|FrozenCold
|join|RayDalio
|join|5th
|join|Savoy
|join|Murkrow Jupiter
|join|misc all day
|join|Snickered
|join|Padapos' stepdad
|join|altei
|join|Ban The Ninja
|join|thecrystalonix
|join|Reverend
|join|WeLikeIke
|join|Diper3
|c| FrozenCold|Gl hf
|player|p1|req'd by crobro|288
|player|p2|qwazz|170
|gametype|singles
|gen|6
|tier|OU (suspect test)
|clearpoke
|poke|p1|Amoonguss, F
|poke|p1|Slowbro, M
|poke|p1|Heatran, F
|poke|p1|Landorus-Therian, M
|poke|p1|Metagross
|poke|p1|Clefable, F
|poke|p2|Heracross, M
|poke|p2|Talonflame, F
|poke|p2|Gengar, F
|poke|p2|Tyranitar, F
|poke|p2|Ferrothorn, F
|poke|p2|Latias, F
|rule|Swagger Clause: Swagger is banned
|rule|Baton Pass Clause: Limit one PokÃ©mon knowing Baton Pass
|rule|Sleep Clause Mod: Limit one foe put to sleep
|rule|Species Clause: Limit one of each PokÃ©mon
|rule|OHKO Clause: OHKO moves are banned
|rule|Moody Clause: Moody is banned
|rule|Evasion Moves Clause: Evasion moves are banned
|rule|Endless Battle Clause: Forcing endless battles is banned
|rule|HP Percentage Mod: HP is shown in percentages
|teampreview
|join|LadderSoTall
|join|rika and hanyuu
|join|TheSleepingPsyduck
|join|powaa
|join|pyromaniac 963
|c| HerpDerpFlurp|first
|join|boonman
|join|we birthed yutt
|c| Snickered|my meanie whatsup
|join|Nutted
|join|JackYack
|join|Johnny Tots
|join|Myliltony
|join|asdfCookie
|join|jake five
|join|GrandBlack
|join|sk8rgurl
|join|MeGalladeBetch
|c| we birthed yutt|slash modchat +
|c| HerpDerpFlurp|KICK HIS ASS CROBRO
|c| pyromaniac 963|Finals?
|join|TheDemigod
|c| Snickered|no please
|join|i came from leddit
|c| FrozenCold|\/me sips 7up
|c| Snickered|let the cancer flow
|c| we birthed yutt|^^
|c| jake five|snickers
|
|start
|switch|p1a: Slowbro|Slowbro, M|393\/393
|switch|p2a: Ferrothorn|Ferrothorn, F|352\/352
|turn|1
|join|MegaStarUniverse
|c| FrozenCold|lol
|c| jake five|r u snickers dog?
|c| LadderSoTall|finalssssssssssssssssssssssssssss
|join|Teremiare
|join|the412gang
|c| Murkrow Jupiter|lol
|c| misc all day|finallllsssss wewwwt
|c| Snickered|nope im some other dood
|raw|<div class="broadcast-red"><b>Moderated chat was set to +!<\/b><br \/>Only users of rank + and higher can talk.<\/div>
|leave|Diper3
|
|move|p1a: Slowbro|Fire Blast|p2a: Ferrothorn
|-supereffective|p2a: Ferrothorn
|-damage|p2a: Ferrothorn|44\/352
|move|p2a: Ferrothorn|Stealth Rock|p1a: Slowbro
|-sidestart|p1: req'd by crobro|move: Stealth Rock
|
|-heal|p2a: Ferrothorn|66\/352|[from] item: Leftovers
|turn|2
|join|Woolytop
|join|Pickalink
|join|CashTrain
|join|ayylmaoayy
|join|SharpAsAttack
|join|Snoorunt
|leave|asdfCookie
|
|switch|p2a: Tyranitar|Tyranitar, F|341\/341
|-weather|Sandstorm
|move|p1a: Slowbro|Fire Blast|p2a: Tyranitar
|-resisted|p2a: Tyranitar
|-damage|p2a: Tyranitar|314\/341
|
|-weather|Sandstorm|[upkeep]
|-damage|p1a: Slowbro|369\/393|[from] sandstorm
|-heal|p1a: Slowbro|393\/393|[from] item: Leftovers
|turn|3
|join|shadowthorn
|
|move|p2a: Tyranitar|Stone Edge|p1a: Slowbro
|-damage|p1a: Slowbro|258\/393
|move|p1a: Slowbro|Scald|p2a: Tyranitar
|-supereffective|p2a: Tyranitar
|-damage|p2a: Tyranitar|198\/341
|
|-weather|Sandstorm|[upkeep]
|-damage|p1a: Slowbro|234\/393|[from] sandstorm
|-heal|p1a: Slowbro|258\/393|[from] item: Leftovers
|turn|4
|join|daszxcv
|join|cococcino
|
|switch|p2a: Gengar|Gengar, F|261\/261
|switch|p1a: Landorus-Therian|Landorus-Therian, M|319\/319
|-damage|p1a: Landorus-Therian|280\/319|[from] Stealth Rock
|-ability|p1a: Landorus-Therian|Intimidate|[of] p2a: Gengar
|-unboost|p2a: Gengar|atk|1
|
|-weather|Sandstorm|[upkeep]
|-damage|p2a: Gengar|245\/261|[from] sandstorm
|turn|5
|
|switch|p2a: Heracross|Heracross, M|311\/311
|move|p1a: Landorus-Therian|Stone Edge|p2a: Heracross
|-damage|p2a: Heracross|139\/311
|
|-weather|Sandstorm|[upkeep]
|-damage|p2a: Heracross|120\/311|[from] sandstorm
|turn|6
|join|Byebye TMNF (test)
|
|detailschange|p2a: Heracross|Heracross-Mega, M
|-mega|p2a: Heracross|Heracross|Heracronite
|move|p1a: Landorus-Therian|Stone Edge|p2a: Heracross
|-damage|p2a: Heracross|0 fnt
|faint|p2a: Heracross
|
|-weather|none
|leave|i came from leddit
|leave|we birthed yutt
|
|switch|p2a: Gengar|Gengar, F|245\/261
|turn|7
|
|move|p1a: Landorus-Therian|Stone Edge|p2a: Gengar
|-crit|p2a: Gengar
|-damage|p2a: Gengar|0 fnt
|faint|p2a: Gengar
|
|c|âreq'd by crobro|lol
|c|âreq'd by crobro|surry g
|leave|daszxcv
|leave|MeGalladeBetch
|
|switch|p2a: Ferrothorn|Ferrothorn, F|66\/352
|turn|8
|join|Flamebot
|leave|Myliltony
|leave|FrozenCold
|join|gogeta478
|
|switch|p1a: Slowbro|Slowbro, M|389\/393
|-damage|p1a: Slowbro|340\/393|[from] Stealth Rock
|move|p2a: Ferrothorn|Leech Seed|p1a: Slowbro
|-start|p1a: Slowbro|move: Leech Seed
|
|-heal|p1a: Slowbro|364\/393|[from] item: Leftovers
|-heal|p2a: Ferrothorn|88\/352|[from] item: Leftovers
|-damage|p1a: Slowbro|315\/393|[from] Leech Seed|[of] p2a: Ferrothorn
|-heal|p2a: Ferrothorn|137\/352|[silent]
|turn|9
|join|Myliltony
|join|i came from leddit
|leave|i came from leddit
|leave|Squadly
|join|Dark380
|
|switch|p1a: Heatran|Heatran, F|385\/385
|-damage|p1a: Heatran|337\/385|[from] Stealth Rock
|move|p2a: Ferrothorn|Leech Seed|p1a: Heatran
|-start|p1a: Heatran|move: Leech Seed
|
|-heal|p1a: Heatran|361\/385|[from] item: Leftovers
|-heal|p2a: Ferrothorn|159\/352|[from] item: Leftovers
|-damage|p1a: Heatran|313\/385|[from] Leech Seed|[of] p2a: Ferrothorn
|-heal|p2a: Ferrothorn|207\/352|[silent]
|turn|10
|join|total ogreload
|join|Lord Kuvira
|
|switch|p2a: Talonflame|Talonflame, F|297\/297
|move|p1a: Heatran|Stealth Rock|p2a: Talonflame
|-sidestart|p2: qwazz|move: Stealth Rock
|
|-heal|p1a: Heatran|337\/385|[from] item: Leftovers
|-damage|p1a: Heatran|289\/385|[from] Leech Seed|[of] p2a: Talonflame
|turn|11
|
|move|p2a: Talonflame|Brave Bird|p1a: Heatran
|-crit|p1a: Heatran
|-resisted|p1a: Heatran
|-damage|p1a: Heatran|113\/385
|-damage|p2a: Talonflame|239\/297|[from] recoil|[of] p1a: Heatran
|move|p1a: Heatran|Roar|p2a: Talonflame
|drag|p2a: Ferrothorn|Ferrothorn, F|207\/352
|-damage|p2a: Ferrothorn|185\/352|[from] Stealth Rock
|
|-heal|p1a: Heatran|137\/385|[from] item: Leftovers
|-heal|p2a: Ferrothorn|207\/352|[from] item: Leftovers
|-damage|p1a: Heatran|89\/385|[from] Leech Seed|[of] p2a: Ferrothorn
|-heal|p2a: Ferrothorn|255\/352|[silent]
|turn|12
|join|Reud
|
|switch|p2a: Latias|Latias, F|319\/319
|-damage|p2a: Latias|280\/319|[from] Stealth Rock
|move|p1a: Heatran|Lava Plume|p2a: Latias
|-resisted|p2a: Latias
|-damage|p2a: Latias|233\/319
|-status|p2a: Latias|brn
|
|-heal|p1a: Heatran|113\/385|[from] item: Leftovers
|-damage|p1a: Heatran|65\/385|[from] Leech Seed|[of] p2a: Latias
|-heal|p2a: Latias|281\/319 brn|[silent]
|-damage|p2a: Latias|242\/319 brn|[from] brn
|turn|13
|
|move|p2a: Latias|Defog|p1a: Heatran
|-unboost|p1a: Heatran|evasion|1
|-sideend|p1: req'd by crobro|Stealth Rock|[from] move: Defog|[of] p1a: Heatran
|-sideend|p2: qwazz|Stealth Rock|[from] move: Defog|[of] p2a: Latias
|move|p1a: Heatran|Stealth Rock|p2a: Latias
|-sidestart|p2: qwazz|move: Stealth Rock
|
|-heal|p1a: Heatran|89\/385|[from] item: Leftovers
|-damage|p1a: Heatran|41\/385|[from] Leech Seed|[of] p2a: Latias
|-heal|p2a: Latias|290\/319 brn|[silent]
|-damage|p2a: Latias|251\/319 brn|[from] brn
|turn|14
|
|move|p2a: Latias|Defog|p1a: Heatran
|-unboost|p1a: Heatran|evasion|1
|-sideend|p2: qwazz|Stealth Rock|[from] move: Defog|[of] p2a: Latias
|move|p1a: Heatran|Stealth Rock|p2a: Latias
|-sidestart|p2: qwazz|move: Stealth Rock
|
|-heal|p1a: Heatran|65\/385|[from] item: Leftovers
|-damage|p1a: Heatran|17\/385|[from] Leech Seed|[of] p2a: Latias
|-heal|p2a: Latias|299\/319 brn|[silent]
|-damage|p2a: Latias|260\/319 brn|[from] brn
|turn|15
|join|Demandred
|
|move|p2a: Latias|Defog|p1a: Heatran
|-unboost|p1a: Heatran|evasion|1
|-sideend|p2: qwazz|Stealth Rock|[from] move: Defog|[of] p2a: Latias
|move|p1a: Heatran|Stealth Rock|p2a: Latias
|-sidestart|p2: qwazz|move: Stealth Rock
|
|-heal|p1a: Heatran|41\/385|[from] item: Leftovers
|-damage|p1a: Heatran|0 fnt|[from] Leech Seed|[of] p2a: Latias
|-heal|p2a: Latias|301\/319 brn|[silent]
|-damage|p2a: Latias|262\/319 brn|[from] brn
|faint|p1a: Heatran
|
|switch|p1a: Landorus-Therian|Landorus-Therian, M|280\/319
|-ability|p1a: Landorus-Therian|Intimidate|[of] p2a: Latias
|-unboost|p2a: Latias|atk|1
|turn|16
|
|move|p1a: Landorus-Therian|U-turn|p2a: Latias
|-supereffective|p2a: Latias
|-damage|p2a: Latias|46\/319 brn
|join|LotusHOV
|
|switch|p1a: Metagross|Metagross|301\/301
|move|p2a: Latias|Defog|p1a: Metagross
|-fail|p1a: Metagross|unboost|[from] ability: Clear Body|[of] p1a: Metagross
|-sideend|p2: qwazz|Stealth Rock|[from] move: Defog|[of] p2a: Latias
|
|-damage|p2a: Latias|7\/319 brn|[from] brn
|turn|17
|
|switch|p2a: Tyranitar|Tyranitar, F|198\/341
|-weather|Sandstorm
|detailschange|p1a: Metagross|Metagross-Mega
|-mega|p1a: Metagross|Metagross|Metagrossite
|move|p1a: Metagross|Bullet Punch|p2a: Tyranitar
|-supereffective|p2a: Tyranitar
|-damage|p2a: Tyranitar|0 fnt
|faint|p2a: Tyranitar
|
|-weather|Sandstorm|[upkeep]
|
|switch|p2a: Ferrothorn|Ferrothorn, F|255\/352
|turn|18
|join|Aegislashed
|leave|powaa
|leave|WeLikeIke
|join|I AM SUICIDAL FUCK
|leave|ayylmaoayy
|leave|sk8rgurl
|join|Based Godfish
|join|amg
|leave|Aegislashed
|join|Sharpteeth
|join|MuhFugginMoose
|leave|Myliltony
|join|Storm Jesus
|join|i came from leddit
|join|Padaposs
|leave|Based Godfish
|join|Quizzart
|join|Skysoki
|leave|JackYack
|join|Phlipadelphia
|leave|Quizzart
|join|Padapuss
|leave|sllooot69
|join|IN AGONIZING PAIN
|leave|Nutted
|leave|cococcino
|leave|total ogreload
|leave|Skysoki
|leave|Sharpteeth
|join|Invok3r
|join|FrozenCold
|leave|LadderSoTall
|leave|Teremiare
|-message|qwazz lost due to inactivity.
|
|win|req'd by crobro
|leave|the412gang
|leave|Ban The Ninja
|leave|5th
|leave|MegaStarUniverse
|leave|Invok3r
|leave|CashTrain
|leave|GrandBlack
|leave|MuhFugginMoose
|leave|gogeta478
|leave|Murkrow Jupiter
|leave|HerpDerpFlurp
|leave|req'd by crobro
|leave|boonman
|leave|Reverend
|join|MuhFugginMoose
|player|p1
|leave|Pickalink
|leave|thecrystalonix
|leave|Snickered
|leave|TheSleepingPsyduck
|leave|LotusHOV
|leave|pyromaniac 963
|leave|altei
|leave|Byebye TMNF (test)
|leave|FrozenCold
|leave|IN AGONIZING PAIN
|leave|Snoorunt
|leave|Reud
|leave|i came from leddit
|leave|Dark380
|leave|MuhFugginMoose
|join|tgnajar
|leave|tgnajar
|leave|qwazz
|player|p2
|leave|Lord Kuvira
|leave|Phlipadelphia
|join|Phlipadelphia
|leave|Phlipadelphia
|join|Outrageous Fortune
|leave|Outrageous Fortune
|leave|Johnny Tots
|join|semenspire
|leave|semenspire
|leave|Woolytop
|join|qwazz
|leave|SharpAsAttack
|leave|misc all day
|leave|qwazz
|join|tgnajar
|leave|tgnajar
|leave|shadowthorn
|join|Outrageous Fortune
|leave|Outrageous Fortune
|leave|RayDalio
|leave|rika and hanyuu
|join|Apathos
|leave|Apathos