|join|bouffalant12345
|join|TheMundane
|player|p1|bouffalant12345|2
|player|p2|TheMundane|274
|gametype|singles
|gen|6
|tier|ORAS OU
|rated
|rule|Sleep Clause Mod: Limit one foe put to sleep
|rule|Species Clause: Limit one of each PokÃ©mon
|rule|OHKO Clause: OHKO moves are banned
|rule|Moody Clause: Moody is banned
|rule|Evasion Moves Clause: Evasion moves are banned
|rule|Endless Battle Clause: Forcing endless battles is banned
|rule|HP Percentage Mod: HP is shown in percentages
|clearpoke
|poke|p1|Bisharp, F, shiny
|poke|p1|Chansey, F
|poke|p1|Latios, M, shiny
|poke|p1|Salamence, M
|poke|p1|Azumarill, F, shiny
|poke|p1|Skarmory, F, shiny
|poke|p2|Sableye, M
|poke|p2|Landorus-Therian, M
|poke|p2|Clefable, M
|poke|p2|Slowbro, M
|poke|p2|Rotom-Wash
|poke|p2|Ferrothorn, F
|rule|Swagger Clause: Swagger is banned
|rule|Baton Pass Clause: Limit one PokÃ©mon knowing Baton Pass
|teampreview
|join|Arcanine is Regal
|
|start
|switch|p1a: Latios|Latios, M, shiny|301\/301
|switch|p2a: Sableye|Sableye, M|304\/304
|turn|1
|
|switch|p2a: Clefable|Clefable, M|393\/393
|move|p1a: Latios|Draco Meteor|p2a: Clefable
|-immune|p2a: Clefable|[msg]
|
|turn|2
|join|Wiz BITG
|c| Arcanine is Regal|no pressure just dont let us down
|c| Wiz BITG|what is going on
|join|A wild zilean
|c|âTheMundane|I'll try ma best
|join|Prankster
|join|Al' Ba-Core
|c| Arcanine is Regal|mundane is about to achieve greatness
|c| Wiz BITG|arc get halo
|c| Wiz BITG|pls
|c| Arcanine is Regal|I already got it
|c| Wiz BITG|although its shit atm
|c| Wiz BITG|get on then 
|c| Arcanine is Regal|ill be playing halo or ac at midnight
|
|switch|p1a: Chansey|Chansey, F|642\/642
|switch|p2a: Sableye|Sableye, M|304\/304
|
|turn|3
|join|ForumBeta
|c| Wiz BITG|how long is that
|c| Arcanine is Regal|i got the digital copy so I have to wait 6 hours before I can play it
|leave|ForumBeta
|
|switch|p1a: Azumarill|Azumarill, F, shiny|404\/404
|detailschange|p2a: Sableye|Sableye-Mega, M
|message|Sableye has Mega Evolved into Mega Sableye!
|move|p2a: Sableye|Will-O-Wisp|p1a: Azumarill
|-status|p1a: Azumarill|brn
|
|-damage|p1a: Azumarill|354\/404 brn|[from] brn
|turn|4
|join|Bish wet
|
|switch|p1a: Chansey|Chansey, F|642\/642
|switch|p2a: Ferrothorn|Ferrothorn, F|352\/352
|
|turn|5
|join|trinitrotoluene~â
|
|switch|p2a: Sableye|Sableye-Mega, M|304\/304
|move|p1a: Chansey|Heal Bell|p1a: Chansey
|-cureteam|p1a: Chansey|[from] move: HealBell
|
|turn|6
|join|Dr. Aeden
|join|atom1988
|
|switch|p1a: Latios|Latios, M, shiny|301\/301
|move|p2a: Sableye|Will-O-Wisp|p1a: Latios
|-status|p1a: Latios|brn
|
|-damage|p1a: Latios|264\/301 brn|[from] brn
|turn|7
|c| Arcanine is Regal|GO THE MUNDANE
|
|switch|p1a: Salamence|Salamence, M|385\/385
|-ability|p1a: Salamence|Intimidate|[of] p2a: Sableye
|-unboost|p2a: Sableye|atk|1
|move|p2a: Sableye|Recover|p2a: Sableye
|-fail|p2a: Sableye
|
|turn|8
|c|âTheMundane|Oh god
|join|Rekt.com
|
|switch|p2a: Rotom-Wash|Rotom-Wash|304\/304
|detailschange|p1a: Salamence|Salamence-Mega, M
|message|Salamence has Mega Evolved into Mega Salamence!
|move|p1a: Salamence|Substitute|p1a: Salamence
|-start|p1a: Salamence|Substitute
|-damage|p1a: Salamence|289\/385
|
|turn|9
|leave|Al' Ba-Core
|
|move|p1a: Salamence|Dragon Dance|p1a: Salamence
|-boost|p1a: Salamence|atk|1
|-boost|p1a: Salamence|spe|1
|move|p2a: Rotom-Wash|Volt Switch|p1a: Salamence
|-end|p1a: Salamence|Substitute
|
|switch|p2a: Slowbro|Slowbro, M|394\/394
|
|turn|10
|
|move|p1a: Salamence|Substitute|p1a: Salamence
|-start|p1a: Salamence|Substitute
|-damage|p1a: Salamence|193\/385
|move|p2a: Slowbro|Ice Beam|p1a: Salamence
|-supereffective|p1a: Salamence
|-end|p1a: Salamence|Substitute
|
|turn|11
|
|switch|p1a: Bisharp|Bisharp, F, shiny|272\/272
|move|p2a: Slowbro|Ice Beam|p1a: Bisharp
|-resisted|p1a: Bisharp
|-damage|p1a: Bisharp|226\/272
|
|turn|12
|
|switch|p2a: Sableye|Sableye-Mega, M|304\/304
|move|p1a: Bisharp|Swords Dance|p1a: Bisharp
|-boost|p1a: Bisharp|atk|2
|
|turn|13
|
|move|p1a: Bisharp|Iron Head|p2a: Sableye
|-damage|p2a: Sableye|120\/304
|move|p2a: Sableye|Will-O-Wisp|p1a: Bisharp
|-status|p1a: Bisharp|brn
|
|-damage|p1a: Bisharp|192\/272 brn|[from] brn
|turn|14
|c|âTheMundane|Yesssss
|
|switch|p2a: Ferrothorn|Ferrothorn, F|352\/352
|move|p1a: Bisharp|Swords Dance|p1a: Bisharp
|-boost|p1a: Bisharp|atk|2
|
|-damage|p1a: Bisharp|158\/272 brn|[from] brn
|turn|15
|
|move|p1a: Bisharp|Knock Off|p2a: Ferrothorn
|-damage|p2a: Ferrothorn|153\/352
|-damage|p1a: Bisharp|124\/272 brn|[from] ability: Iron Barbs|[of] p2a: Ferrothorn
|-enditem|p2a: Ferrothorn|Shed Shell|[from] move: Knock Off|[of] p1a: Bisharp
|move|p2a: Ferrothorn|Stealth Rock|p1a: Bisharp
|-sidestart|p1: bouffalant12345|move: Stealth Rock
|
|-damage|p1a: Bisharp|90\/272 brn|[from] brn
|turn|16
|leave|atom1988
|
|move|p2a: Ferrothorn|Protect|p2a: Ferrothorn
|-singleturn|p2a: Ferrothorn|Protect
|move|p1a: Bisharp|Knock Off|p2a: Ferrothorn
|-activate|p2a: Ferrothorn|Protect
|
|-damage|p1a: Bisharp|56\/272 brn|[from] brn
|turn|17
|join|MunnAy
|join|atom1988
|
|move|p2a: Ferrothorn|Protect|p2a: Ferrothorn
|-singleturn|p2a: Ferrothorn|Protect
|move|p1a: Bisharp|Sucker Punch|p2a: Ferrothorn
|-fail|p2a: Ferrothorn
|
|-damage|p1a: Bisharp|22\/272 brn|[from] brn
|turn|18
|c|âTheMundane|Nice
|
|move|p2a: Ferrothorn|Protect|p2a: Ferrothorn
|-singleturn|p2a: Ferrothorn|Protect
|move|p1a: Bisharp|Knock Off|p2a: Ferrothorn
|-activate|p2a: Ferrothorn|Protect
|
|-damage|p1a: Bisharp|0 fnt|[from] brn
|faint|p1a: Bisharp
|c|âbouffalant12345|...............................................
|c|âTheMundane|I'm based 
|
|switch|p1a: Latios|Latios, M, shiny|264\/301 brn
|-damage|p1a: Latios|227\/301 brn|[from] Stealth Rock
|turn|19
|c| A wild zilean|was that three :o
|
|switch|p2a: Landorus-Therian|Landorus-Therian, M|325\/325
|-ability|p2a: Landorus-Therian|Intimidate|[of] p1a: Latios
|-unboost|p1a: Latios|atk|1
|move|p1a: Latios|Defog|p2a: Landorus-Therian
|-unboost|p2a: Landorus-Therian|evasion|1
|-sideend|p1: bouffalant12345|Stealth Rock|[from] move: Defog|[of] p1a: Latios
|
|-damage|p1a: Latios|190\/301 brn|[from] brn
|turn|20
|
|switch|p1a: Skarmory|Skarmory, F, shiny|334\/334
|move|p2a: Landorus-Therian|U-turn|p1a: Skarmory
|-resisted|p1a: Skarmory
|-damage|p1a: Skarmory|322\/334
|-damage|p2a: Landorus-Therian|271\/325|[from] item: Rocky Helmet|[of] p1a: Skarmory
|
|switch|p2a: Sableye|Sableye-Mega, M|120\/304
|
|turn|21
|
|switch|p1a: Latios|Latios, M, shiny|190\/301 brn
|move|p2a: Sableye|Recover|p2a: Sableye
|-heal|p2a: Sableye|272\/304
|
|-damage|p1a: Latios|153\/301 brn|[from] brn
|turn|22
|
|switch|p2a: Ferrothorn|Ferrothorn, F|153\/352
|move|p1a: Latios|Draco Meteor|p2a: Ferrothorn
|-resisted|p2a: Ferrothorn
|-damage|p2a: Ferrothorn|53\/352
|-unboost|p1a: Latios|spa|2
|-damage|p1a: Latios|123\/301 brn|[from] item: Life Orb
|
|-damage|p1a: Latios|86\/301 brn|[from] brn
|turn|23
|
|switch|p2a: Clefable|Clefable, M|393\/393
|move|p1a: Latios|Draco Meteor|p2a: Clefable
|-immune|p2a: Clefable|[msg]
|
|-damage|p1a: Latios|49\/301 brn|[from] brn
|turn|24
|
|move|p1a: Latios|Psyshock|p2a: Clefable
|-damage|p2a: Clefable|290\/393
|-damage|p1a: Latios|19\/301 brn|[from] item: Life Orb
|move|p2a: Clefable|Calm Mind|p2a: Clefable
|-boost|p2a: Clefable|spa|1
|-boost|p2a: Clefable|spd|1
|
|-heal|p2a: Clefable|314\/393|[from] item: Leftovers
|-damage|p1a: Latios|0 fnt|[from] brn
|faint|p1a: Latios
|join|Chillingtilnoon
|
|switch|p1a: Chansey|Chansey, F|642\/642
|turn|25
|
|switch|p1a: Azumarill|Azumarill, F, shiny|354\/404
|move|p2a: Clefable|Knock Off|p1a: Azumarill
|-resisted|p1a: Azumarill
|-damage|p1a: Azumarill|321\/404
|-enditem|p1a: Azumarill|Sitrus Berry|[from] move: Knock Off|[of] p2a: Clefable
|
|-heal|p2a: Clefable|338\/393|[from] item: Leftovers
|turn|26
|c|âTheMundane|Bop there is the innovation 
|
|move|p2a: Clefable|Moonblast|p1a: Azumarill
|-damage|p1a: Azumarill|132\/404
|move|p1a: Azumarill|Waterfall|p2a: Clefable
|-damage|p2a: Clefable|155\/393
|
|-heal|p2a: Clefable|179\/393|[from] item: Leftovers
|turn|27
|
|switch|p1a: Chansey|Chansey, F|642\/642
|move|p2a: Clefable|Soft-Boiled|p2a: Clefable
|-heal|p2a: Clefable|376\/393
|
|-heal|p2a: Clefable|393\/393|[from] item: Leftovers
|turn|28
|
|move|p2a: Clefable|Knock Off|p1a: Chansey
|-crit|p1a: Chansey
|-damage|p1a: Chansey|532\/642
|-enditem|p1a: Chansey|Eviolite|[from] move: Knock Off|[of] p2a: Clefable
|move|p1a: Chansey|Thunder Wave|p2a: Clefable
|-status|p2a: Clefable|par
|
|turn|29
|
|move|p1a: Chansey|Seismic Toss|p2a: Clefable
|-damage|p2a: Clefable|293\/393 par
|move|p2a: Clefable|Calm Mind|p2a: Clefable
|-boost|p2a: Clefable|spa|1
|-boost|p2a: Clefable|spd|1
|
|-heal|p2a: Clefable|317\/393 par|[from] item: Leftovers
|turn|30
|
|switch|p1a: Skarmory|Skarmory, F, shiny|322\/334
|move|p2a: Clefable|Calm Mind|p2a: Clefable
|-boost|p2a: Clefable|spa|1
|-boost|p2a: Clefable|spd|1
|
|-heal|p2a: Clefable|341\/393 par|[from] item: Leftovers
|turn|31
|
|switch|p2a: Sableye|Sableye-Mega, M|272\/304
|move|p1a: Skarmory|Whirlwind|p2a: Sableye
|move|p2a: Sableye|Whirlwind|p1a: Skarmory|[from]Magic Bounce
|drag|p1a: Chansey|Chansey, F|532\/642
|
|turn|32
|join|Dallaren
|leave|Dallaren
|
|move|p1a: Chansey|Soft-Boiled|p1a: Chansey
|-heal|p1a: Chansey|642\/642
|move|p2a: Sableye|Will-O-Wisp|p1a: Chansey
|-status|p1a: Chansey|brn
|
|-damage|p1a: Chansey|562\/642 brn|[from] brn
|turn|33
|c|âTheMundane|Knock off is for goth switching in btw
|c|âTheMundane|guess it helps with chansey 
|c|âTheMundane|heh
|
|switch|p1a: Salamence|Salamence-Mega, M|193\/385
|move|p2a: Sableye|Calm Mind|p2a: Sableye
|-boost|p2a: Sableye|spa|1
|-boost|p2a: Sableye|spd|1
|
|turn|34
|
|switch|p2a: Rotom-Wash|Rotom-Wash|304\/304
|move|p1a: Salamence|Frustration|p2a: Rotom-Wash
|-crit|p2a: Rotom-Wash
|-resisted|p2a: Rotom-Wash
|-damage|p2a: Rotom-Wash|121\/304
|
|-heal|p2a: Rotom-Wash|140\/304|[from] item: Leftovers
|turn|35
|
|switch|p1a: Chansey|Chansey, F|562\/642
|move|p2a: Rotom-Wash|Volt Switch|p1a: Chansey
|-damage|p1a: Chansey|495\/642
|c| Arcanine is Regal|oml
|
|switch|p2a: Sableye|Sableye-Mega, M|272\/304
|
|turn|36
|
|move|p1a: Chansey|Soft-Boiled|p1a: Chansey
|-heal|p1a: Chansey|642\/642
|move|p2a: Sableye|Calm Mind|p2a: Sableye
|-boost|p2a: Sableye|spa|1
|-boost|p2a: Sableye|spd|1
|
|turn|37
|c| Arcanine is Regal|waittt you have no more switchinsss
|c| Arcanine is Regal|this is bad
|
|switch|p1a: Azumarill|Azumarill, F, shiny|132\/404
|move|p2a: Sableye|Will-O-Wisp|p1a: Azumarill
|-status|p1a: Azumarill|brn
|
|-damage|p1a: Azumarill|82\/404 brn|[from] brn
|turn|38
|
|switch|p2a: Landorus-Therian|Landorus-Therian, M|271\/325
|-ability|p2a: Landorus-Therian|Intimidate|[of] p1a: Azumarill
|-unboost|p1a: Azumarill|atk|1
|move|p1a: Azumarill|Play Rough|p2a: Landorus-Therian
|-crit|p2a: Landorus-Therian
|-damage|p2a: Landorus-Therian|120\/325
|
|-damage|p1a: Azumarill|32\/404 brn|[from] brn
|turn|39
|
|switch|p2a: Ferrothorn|Ferrothorn, F|53\/352
|move|p1a: Azumarill|Aqua Jet|p2a: Ferrothorn
|-resisted|p2a: Ferrothorn
|-damage|p2a: Ferrothorn|41\/352
|-damage|p1a: Azumarill|0 fnt|[from] ability: Iron Barbs|[of] p2a: Ferrothorn
|faint|p1a: Azumarill
|
|
|switch|p1a: Salamence|Salamence-Mega, M|193\/385
|turn|40
|
|switch|p2a: Slowbro|Slowbro, M|394\/394
|move|p1a: Salamence|Substitute|p1a: Salamence
|-start|p1a: Salamence|Substitute
|-damage|p1a: Salamence|97\/385
|
|turn|41
|
|move|p1a: Salamence|Frustration|p2a: Slowbro
|-damage|p2a: Slowbro|219\/394
|move|p2a: Slowbro|Ice Beam|p1a: Salamence
|-supereffective|p1a: Salamence
|-end|p1a: Salamence|Substitute
|
|-heal|p2a: Slowbro|243\/394|[from] item: Leftovers
|turn|42
|c| Arcanine is Regal|oh ok we good
|
|switch|p1a: Chansey|Chansey, F|642\/642
|move|p2a: Slowbro|Ice Beam|p1a: Chansey
|-damage|p1a: Chansey|591\/642
|
|-heal|p2a: Slowbro|267\/394|[from] item: Leftovers
|turn|43
|
|switch|p2a: Sableye|Sableye-Mega, M|272\/304
|move|p1a: Chansey|Seismic Toss|p2a: Sableye
|-immune|p2a: Sableye|[msg]
|
|turn|44
|
|switch|p1a: Salamence|Salamence-Mega, M|97\/385
|move|p2a: Sableye|Will-O-Wisp|p1a: Salamence
|-status|p1a: Salamence|brn
|
|-damage|p1a: Salamence|49\/385 brn|[from] brn
|turn|45
|
|move|p1a: Salamence|Frustration|p2a: Sableye
|-damage|p2a: Sableye|188\/304
|move|p2a: Sableye|Recover|p2a: Sableye
|-heal|p2a: Sableye|304\/304
|
|-damage|p1a: Salamence|1\/385 brn|[from] brn
|turn|46
|
|switch|p1a: Chansey|Chansey, F|591\/642
|move|p2a: Sableye|Calm Mind|p2a: Sableye
|-boost|p2a: Sableye|spa|1
|-boost|p2a: Sableye|spd|1
|
|turn|47
|c|âTheMundane|Mega Sables pullin thru
|c| Arcanine is Regal|MUNDANE is the GOAT
|
|move|p1a: Chansey|Heal Bell|p1a: Chansey
|-cureteam|p1a: Chansey|[from] move: HealBell
|move|p2a: Sableye|Calm Mind|p2a: Sableye
|-boost|p2a: Sableye|spa|1
|-boost|p2a: Sableye|spd|1
|
|turn|48
|
|move|p1a: Chansey|Soft-Boiled|p1a: Chansey
|-heal|p1a: Chansey|642\/642
|move|p2a: Sableye|Will-O-Wisp|p1a: Chansey
|-status|p1a: Chansey|brn
|
|-damage|p1a: Chansey|562\/642 brn|[from] brn
|turn|49
|leave|Bish wet
|
|switch|p1a: Salamence|Salamence-Mega, M|1\/385
|move|p2a: Sableye|Will-O-Wisp|p1a: Salamence|[miss]
|-miss|p2a: Sableye|p1a: Salamence
|
|turn|50
|
|move|p1a: Salamence|Frustration|p2a: Sableye
|-damage|p2a: Sableye|142\/304
|move|p2a: Sableye|Will-O-Wisp|p1a: Salamence
|-status|p1a: Salamence|brn
|
|-damage|p1a: Salamence|0 fnt|[from] brn
|faint|p1a: Salamence
|c|âTheMundane|There it is 
|
|switch|p1a: Chansey|Chansey, F|562\/642
|turn|51
|
|move|p1a: Chansey|Soft-Boiled|p1a: Chansey
|-heal|p1a: Chansey|642\/642
|move|p2a: Sableye|Recover|p2a: Sableye
|-heal|p2a: Sableye|294\/304
|
|turn|52
|leave|Rekt.com
|
|move|p1a: Chansey|Thunder Wave|p2a: Sableye
|move|p2a: Sableye|Thunder Wave|p1a: Chansey|[from]Magic Bounce
|-status|p1a: Chansey|par
|move|p2a: Sableye|Will-O-Wisp|p1a: Chansey
|-fail|p1a: Chansey
|
|turn|53
|c| Chillingtilnoon|PLAYS
|c| Arcanine is Regal|oh shit lol the plays
|
|switch|p2a: Clefable|Clefable, M|341\/393 par
|move|p1a: Chansey|Seismic Toss|p2a: Clefable
|-damage|p2a: Clefable|241\/393 par
|
|-heal|p2a: Clefable|265\/393 par|[from] item: Leftovers
|turn|54
|
|move|p2a: Clefable|Calm Mind|p2a: Clefable
|-boost|p2a: Clefable|spa|1
|-boost|p2a: Clefable|spd|1
|move|p1a: Chansey|Seismic Toss|p2a: Clefable
|-damage|p2a: Clefable|165\/393 par
|
|-heal|p2a: Clefable|189\/393 par|[from] item: Leftovers
|turn|55
|
|switch|p1a: Skarmory|Skarmory, F, shiny|322\/334
|cant|p2a: Clefable|par
|
|-heal|p2a: Clefable|213\/393 par|[from] item: Leftovers
|turn|56
|c| Arcanine is Regal|4 paras in a row here imo
|
|switch|p2a: Sableye|Sableye-Mega, M|294\/304
|move|p1a: Skarmory|Whirlwind|p2a: Sableye
|move|p2a: Sableye|Whirlwind|p1a: Skarmory|[from]Magic Bounce
|drag|p1a: Chansey|Chansey, F|642\/642
|
|turn|57
|
|move|p1a: Chansey|Seismic Toss|p2a: Sableye
|-immune|p2a: Sableye|[msg]
|move|p2a: Sableye|Will-O-Wisp|p1a: Chansey
|-status|p1a: Chansey|brn
|
|-damage|p1a: Chansey|562\/642 brn|[from] brn
|turn|58
|
|move|p1a: Chansey|Heal Bell|p1a: Chansey
|-cureteam|p1a: Chansey|[from] move: HealBell
|move|p2a: Sableye|Calm Mind|p2a: Sableye
|-boost|p2a: Sableye|spa|1
|-boost|p2a: Sableye|spd|1
|
|turn|59
|
|move|p1a: Chansey|Thunder Wave|p2a: Sableye
|move|p2a: Sableye|Thunder Wave|p1a: Chansey|[from]Magic Bounce
|-status|p1a: Chansey|par
|move|p2a: Sableye|Calm Mind|p2a: Sableye
|-boost|p2a: Sableye|spa|1
|-boost|p2a: Sableye|spd|1
|
|turn|60
|
|move|p2a: Sableye|Calm Mind|p2a: Sableye
|-boost|p2a: Sableye|spa|1
|-boost|p2a: Sableye|spd|1
|move|p1a: Chansey|Seismic Toss|p2a: Sableye
|-immune|p2a: Sableye|[msg]
|
|turn|61
|
|move|p2a: Sableye|Calm Mind|p2a: Sableye
|-boost|p2a: Sableye|spa|1
|-boost|p2a: Sableye|spd|1
|move|p1a: Chansey|Thunder Wave|p2a: Sableye
|move|p2a: Sableye|Thunder Wave|p1a: Chansey|[from]Magic Bounce
|-fail|p1a: Chansey|par
|
|turn|62
|
|move|p2a: Sableye|Calm Mind|p2a: Sableye
|-boost|p2a: Sableye|spa|1
|-boost|p2a: Sableye|spd|1
|move|p1a: Chansey|Thunder Wave|p2a: Sableye
|move|p2a: Sableye|Thunder Wave|p1a: Chansey|[from]Magic Bounce
|-fail|p1a: Chansey|par
|
|turn|63
|
|move|p2a: Sableye|Calm Mind|p2a: Sableye
|-boost|p2a: Sableye|spa|1
|-boost|p2a: Sableye|spd|1
|move|p1a: Chansey|Thunder Wave|p2a: Sableye
|move|p2a: Sableye|Thunder Wave|p1a: Chansey|[from]Magic Bounce
|-fail|p1a: Chansey|par
|
|turn|64
|c| Arcanine is Regal|kk well congrats mundane
|c|âTheMundane|Thanks a lot
|c|âTheMundane|:]
|c| Arcanine is Regal|enjoy the rest after this long win
|c| Arcanine is Regal|:]
|c|âTheMundane|Lol
|leave|Arcanine is Regal
|join|SelfiesRLife
|
|move|p2a: Sableye|Will-O-Wisp|p1a: Chansey
|-fail|p1a: Chansey
|move|p1a: Chansey|Soft-Boiled|p1a: Chansey
|-heal|p1a: Chansey|642\/642 par
|
|turn|65
|
|switch|p2a: Clefable|Clefable, M|213\/393 par
|move|p1a: Chansey|Thunder Wave|p2a: Clefable
|-fail|p2a: Clefable|par
|
|-heal|p2a: Clefable|237\/393 par|[from] item: Leftovers
|turn|66
|leave|SelfiesRLife
|
|move|p2a: Clefable|Soft-Boiled|p2a: Clefable
|-heal|p2a: Clefable|393\/393 par
|move|p1a: Chansey|Seismic Toss|p2a: Clefable
|-damage|p2a: Clefable|293\/393 par
|
|-heal|p2a: Clefable|317\/393 par|[from] item: Leftovers
|turn|67
|
|cant|p2a: Clefable|par
|cant|p1a: Chansey|par
|
|-heal|p2a: Clefable|341\/393 par|[from] item: Leftovers
|turn|68
|
|cant|p2a: Clefable|par
|cant|p1a: Chansey|par
|
|-heal|p2a: Clefable|365\/393 par|[from] item: Leftovers
|turn|69
|
|move|p2a: Clefable|Calm Mind|p2a: Clefable
|-boost|p2a: Clefable|spa|1
|-boost|p2a: Clefable|spd|1
|move|p1a: Chansey|Seismic Toss|p2a: Clefable
|-damage|p2a: Clefable|265\/393 par
|
|-heal|p2a: Clefable|289\/393 par|[from] item: Leftovers
|turn|70
|c|âbouffalant12345|gg
|-message|bouffalant12345 forfeited.
|
|win|TheMundane
|raw|Ladder updating...
|leave|bouffalant12345
|player|p1
|c|âTheMundane|gg
|raw|bouffalant12345's rating: 1594 &rarr; <strong>1574<\/strong><br \/>(-20 for losing)
|raw|TheMundane's rating: 1597 &rarr; <strong>1617<\/strong><br \/>(+20 for winning)
|leave|trinitrotoluene~â