|join|TheMundane
|join|rarecandydrugger
|player|p1|TheMundane|274
|player|p2|rarecandydrugger|10
|gametype|singles
|gen|6
|tier|ORAS OU
|rated
|rule|Sleep Clause Mod: Limit one foe put to sleep
|rule|Species Clause: Limit one of each PokÃ©mon
|rule|OHKO Clause: OHKO moves are banned
|rule|Moody Clause: Moody is banned
|rule|Evasion Moves Clause: Evasion moves are banned
|rule|Endless Battle Clause: Forcing endless battles is banned
|rule|HP Percentage Mod: HP is shown in percentages
|clearpoke
|poke|p1|Sableye, M
|poke|p1|Landorus-Therian, M
|poke|p1|Clefable, F
|poke|p1|Slowbro, M
|poke|p1|Rotom-Wash
|poke|p1|Ferrothorn, M
|poke|p2|Salamence, F
|poke|p2|Rotom-Wash
|poke|p2|Ferrothorn, M
|poke|p2|Greninja, F
|poke|p2|Skarmory, M
|poke|p2|Dugtrio, M
|rule|Swagger Clause: Swagger is banned
|rule|Baton Pass Clause: Limit one PokÃ©mon knowing Baton Pass
|teampreview
|
|start
|switch|p1a: Sableye|Sableye, M|304\/304
|switch|p2a: Rotom-Wash|Rotom-Wash|304\/304
|turn|1
|
|detailschange|p1a: Sableye|Sableye-Mega, M
|message|Sableye has Mega Evolved into Mega Sableye!
|move|p1a: Sableye|Will-O-Wisp|p2a: Rotom-Wash
|-status|p2a: Rotom-Wash|brn
|move|p2a: Rotom-Wash|Volt Switch|p1a: Sableye
|-damage|p1a: Sableye|225\/304
|
|switch|p2a: Greninja|Greninja, F|285\/285
|
|turn|2
|
|move|p2a: Greninja|Hydro Pump|p1a: Sableye
|-start|p2a: Greninja|typechange|Water|[from] Protean
|-damage|p1a: Sableye|30\/304
|-damage|p2a: Greninja|257\/285|[from] item: Life Orb
|move|p1a: Sableye|Recover|p1a: Sableye
|-heal|p1a: Sableye|182\/304
|
|turn|3
|
|switch|p1a: Ferrothorn|Ferrothorn, M|352\/352
|move|p2a: Greninja|Hydro Pump|p1a: Ferrothorn
|-resisted|p1a: Ferrothorn
|-damage|p1a: Ferrothorn|282\/352
|-damage|p2a: Greninja|229\/285|[from] item: Life Orb
|
|turn|4
|
|switch|p2a: Salamence|Salamence, F|375\/375
|-ability|p2a: Salamence|Intimidate|[of] p1a: Ferrothorn
|-unboost|p1a: Ferrothorn|atk|1
|switch|p1a: Rotom-Wash|Rotom-Wash|304\/304
|
|turn|5
|
|detailschange|p2a: Salamence|Salamence-Mega, F
|message|Salamence has Mega Evolved into Mega Salamence!
|move|p2a: Salamence|Substitute|p2a: Salamence
|-start|p2a: Salamence|Substitute
|-damage|p2a: Salamence|282\/375
|move|p1a: Rotom-Wash|Volt Switch|p2a: Salamence
|-end|p2a: Salamence|Substitute
|
|switch|p1a: Slowbro|Slowbro, M|394\/394
|
|turn|6
|
|move|p2a: Salamence|Substitute|p2a: Salamence
|-start|p2a: Salamence|Substitute
|-damage|p2a: Salamence|189\/375
|move|p1a: Slowbro|Ice Beam|p2a: Salamence
|-supereffective|p2a: Salamence
|-end|p2a: Salamence|Substitute
|
|turn|7
|
|switch|p2a: Rotom-Wash|Rotom-Wash|304\/304 brn
|move|p1a: Slowbro|Ice Beam|p2a: Rotom-Wash
|-resisted|p2a: Rotom-Wash
|-damage|p2a: Rotom-Wash|268\/304 brn
|
|-heal|p2a: Rotom-Wash|287\/304 brn|[from] item: Leftovers
|-damage|p2a: Rotom-Wash|249\/304 brn|[from] brn
|turn|8
|
|switch|p1a: Clefable|Clefable, F|393\/393
|move|p2a: Rotom-Wash|Will-O-Wisp|p1a: Clefable
|-status|p1a: Clefable|brn
|
|-heal|p2a: Rotom-Wash|268\/304 brn|[from] item: Leftovers
|-damage|p2a: Rotom-Wash|230\/304 brn|[from] brn
|turn|9
|
|move|p2a: Rotom-Wash|Volt Switch|p1a: Clefable
|-damage|p1a: Clefable|317\/393 brn
|
|switch|p2a: Ferrothorn|Ferrothorn, M|352\/352
|move|p1a: Clefable|Knock Off|p2a: Ferrothorn
|-damage|p2a: Ferrothorn|333\/352
|-enditem|p2a: Ferrothorn|Leftovers|[from] move: Knock Off|[of] p1a: Clefable
|
|-heal|p1a: Clefable|341\/393 brn|[from] item: Leftovers
|turn|10
|
|switch|p1a: Sableye|Sableye-Mega, M|182\/304
|move|p2a: Ferrothorn|Spikes|p1a: Sableye
|move|p1a: Sableye|Spikes|p2a: Ferrothorn|[from]Magic Bounce
|-sidestart|p2: rarecandydrugger|Spikes
|
|turn|11
|
|switch|p2a: Rotom-Wash|Rotom-Wash|230\/304 brn
|move|p1a: Sableye|Recover|p1a: Sableye
|-heal|p1a: Sableye|304\/304
|
|-heal|p2a: Rotom-Wash|249\/304 brn|[from] item: Leftovers
|-damage|p2a: Rotom-Wash|211\/304 brn|[from] brn
|turn|12
|
|switch|p1a: Clefable|Clefable, F|341\/393 brn
|move|p2a: Rotom-Wash|Hydro Pump|p1a: Clefable
|-damage|p1a: Clefable|217\/393 brn
|
|-heal|p2a: Rotom-Wash|230\/304 brn|[from] item: Leftovers
|-heal|p1a: Clefable|241\/393 brn|[from] item: Leftovers
|-damage|p2a: Rotom-Wash|192\/304 brn|[from] brn
|turn|13
|
|move|p2a: Rotom-Wash|Volt Switch|p1a: Clefable
|-damage|p1a: Clefable|156\/393 brn
|
|switch|p2a: Dugtrio|Dugtrio, M|212\/212
|-damage|p2a: Dugtrio|186\/212|[from] Spikes
|move|p1a: Clefable|Soft-Boiled|p1a: Clefable
|-heal|p1a: Clefable|353\/393 brn
|
|-heal|p1a: Clefable|377\/393 brn|[from] item: Leftovers
|turn|14
|
|move|p2a: Dugtrio|Earthquake|p1a: Clefable
|-damage|p1a: Clefable|167\/393 brn
|move|p1a: Clefable|Calm Mind|p1a: Clefable
|-boost|p1a: Clefable|spa|1
|-boost|p1a: Clefable|spd|1
|
|-heal|p1a: Clefable|191\/393 brn|[from] item: Leftovers
|turn|15
|
|move|p2a: Dugtrio|Earthquake|p1a: Clefable
|-damage|p1a: Clefable|0 fnt
|faint|p1a: Clefable
|
|
|switch|p1a: Rotom-Wash|Rotom-Wash|304\/304
|turn|16
|
|switch|p2a: Rotom-Wash|Rotom-Wash|192\/304 brn
|move|p1a: Rotom-Wash|Volt Switch|p2a: Rotom-Wash
|-damage|p2a: Rotom-Wash|92\/304 brn
|
|switch|p1a: Landorus-Therian|Landorus-Therian, M|325\/325
|-ability|p1a: Landorus-Therian|Intimidate|[of] p2a: Rotom-Wash
|-unboost|p2a: Rotom-Wash|atk|1
|
|-heal|p2a: Rotom-Wash|111\/304 brn|[from] item: Leftovers
|-damage|p2a: Rotom-Wash|73\/304 brn|[from] brn
|turn|17
|
|switch|p2a: Skarmory|Skarmory, M|334\/334
|move|p1a: Landorus-Therian|Knock Off|p2a: Skarmory
|-damage|p2a: Skarmory|267\/334
|-enditem|p2a: Skarmory|Shed Shell|[from] move: Knock Off|[of] p1a: Landorus-Therian
|
|turn|18
|
|switch|p1a: Sableye|Sableye-Mega, M|304\/304
|move|p2a: Skarmory|Defog|p1a: Sableye
|move|p1a: Sableye|Defog|p2a: Skarmory|[from]Magic Bounce
|-unboost|p2a: Skarmory|evasion|1
|-sideend|p2: rarecandydrugger|Spikes|[from] move: Defog|[of] p2a: Skarmory
|
|turn|19
|
|switch|p2a: Rotom-Wash|Rotom-Wash|73\/304 brn
|move|p1a: Sableye|Shadow Ball|p2a: Rotom-Wash
|-damage|p2a: Rotom-Wash|0 fnt
|faint|p2a: Rotom-Wash
|
|
|switch|p2a: Greninja|Greninja, F|229\/285
|turn|20
|
|move|p2a: Greninja|Dark Pulse|p1a: Sableye
|-start|p2a: Greninja|typechange|Dark|[from] Protean
|-damage|p1a: Sableye|160\/304
|-damage|p2a: Greninja|201\/285|[from] item: Life Orb
|move|p1a: Sableye|Will-O-Wisp|p2a: Greninja
|-status|p2a: Greninja|brn
|
|-damage|p2a: Greninja|166\/285 brn|[from] brn
|turn|21
|
|switch|p1a: Ferrothorn|Ferrothorn, M|282\/352
|move|p2a: Greninja|Ice Beam|p1a: Ferrothorn
|-start|p2a: Greninja|typechange|Ice|[from] Protean
|-damage|p1a: Ferrothorn|161\/352
|-damage|p2a: Greninja|138\/285 brn|[from] item: Life Orb
|
|-damage|p2a: Greninja|103\/285 brn|[from] brn
|turn|22
|
|switch|p2a: Ferrothorn|Ferrothorn, M|333\/352
|move|p1a: Ferrothorn|Stealth Rock|p2a: Ferrothorn
|-sidestart|p2: rarecandydrugger|move: Stealth Rock
|
|turn|23
|
|switch|p1a: Sableye|Sableye-Mega, M|160\/304
|switch|p2a: Salamence|Salamence-Mega, F|189\/375
|-damage|p2a: Salamence|96\/375|[from] Stealth Rock
|
|turn|24
|
|switch|p1a: Landorus-Therian|Landorus-Therian, M|325\/325
|-ability|p1a: Landorus-Therian|Intimidate|[of] p2a: Salamence
|-unboost|p2a: Salamence|atk|1
|move|p2a: Salamence|Return|p1a: Landorus-Therian
|-damage|p1a: Landorus-Therian|133\/325
|
|turn|25
|
|switch|p2a: Skarmory|Skarmory, M|267\/334
|-damage|p2a: Skarmory|226\/334|[from] Stealth Rock
|move|p1a: Landorus-Therian|U-turn|p2a: Skarmory
|-resisted|p2a: Skarmory
|-damage|p2a: Skarmory|214\/334
|
|switch|p1a: Rotom-Wash|Rotom-Wash|304\/304
|
|turn|26
|
|switch|p2a: Ferrothorn|Ferrothorn, M|333\/352
|-damage|p2a: Ferrothorn|311\/352|[from] Stealth Rock
|move|p1a: Rotom-Wash|Will-O-Wisp|p2a: Ferrothorn
|-status|p2a: Ferrothorn|brn
|
|-damage|p2a: Ferrothorn|267\/352 brn|[from] brn
|turn|27
|
|move|p1a: Rotom-Wash|Volt Switch|p2a: Ferrothorn
|-resisted|p2a: Ferrothorn
|-damage|p2a: Ferrothorn|236\/352 brn
|
|switch|p1a: Sableye|Sableye-Mega, M|160\/304
|move|p2a: Ferrothorn|Leech Seed|p1a: Sableye
|move|p1a: Sableye|Leech Seed|p2a: Ferrothorn|[from]Magic Bounce
|-immune|p2a: Ferrothorn|[msg]
|
|-damage|p2a: Ferrothorn|192\/352 brn|[from] brn
|turn|28
|
|switch|p2a: Salamence|Salamence-Mega, F|96\/375
|-damage|p2a: Salamence|3\/375|[from] Stealth Rock
|move|p1a: Sableye|Will-O-Wisp|p2a: Salamence
|-status|p2a: Salamence|brn
|
|-damage|p2a: Salamence|0 fnt|[from] brn
|faint|p2a: Salamence
|-message|rarecandydrugger forfeited.
|
|win|TheMundane
|raw|Ladder updating...
|leave|rarecandydrugger
|player|p2
|raw|TheMundane's rating: 1485 &rarr; <strong>1505<\/strong><br \/>(+20 for winning)
|raw|rarecandydrugger's rating: 1486 &rarr; <strong>1466<\/strong><br \/>(-20 for losing)