|join|TheMundane
|join|LivingTarget
|player|p1|TheMundane|274
|player|p2|LivingTarget|238
|gametype|singles
|gen|6
|tier|ORAS OU
|rated
|rule|Sleep Clause Mod: Limit one foe put to sleep
|rule|Species Clause: Limit one of each PokÃ©mon
|rule|OHKO Clause: OHKO moves are banned
|rule|Moody Clause: Moody is banned
|rule|Evasion Moves Clause: Evasion moves are banned
|rule|Endless Battle Clause: Forcing endless battles is banned
|rule|HP Percentage Mod: HP is shown in percentages
|clearpoke
|poke|p1|Sableye, M
|poke|p1|Landorus-Therian, M
|poke|p1|Clefable, F
|poke|p1|Slowbro, M
|poke|p1|Rotom-Wash
|poke|p1|Ferrothorn, M
|poke|p2|Lopunny, F
|poke|p2|Cloyster, M
|poke|p2|Latios, M
|poke|p2|Ferrothorn, M
|poke|p2|Chansey, F
|poke|p2|Hawlucha, M
|rule|Swagger Clause: Swagger is banned
|rule|Baton Pass Clause: Limit one PokÃ©mon knowing Baton Pass
|teampreview
|
|start
|switch|p1a: Sableye|Sableye, M|304\/304
|switch|p2a: Lopunny|Lopunny, F|272\/272
|turn|1
|
|switch|p1a: Ferrothorn|Ferrothorn, M|352\/352
|detailschange|p2a: Lopunny|Lopunny-Mega, F
|message|Lopunny has Mega Evolved into Mega Lopunny!
|move|p2a: Lopunny|Fake Out|p1a: Ferrothorn
|-crit|p1a: Ferrothorn
|-resisted|p1a: Ferrothorn
|-damage|p1a: Ferrothorn|307\/352
|-damage|p2a: Lopunny|238\/272|[from] ability: Iron Barbs|[of] p1a: Ferrothorn
|
|turn|2
|
|move|p1a: Ferrothorn|Protect|p1a: Ferrothorn
|-singleturn|p1a: Ferrothorn|Protect
|move|p2a: Lopunny|Power-Up Punch|p1a: Ferrothorn
|-activate|p1a: Ferrothorn|Protect
|
|turn|3
|
|switch|p1a: Landorus-Therian|Landorus-Therian, M|325\/325
|-ability|p1a: Landorus-Therian|Intimidate|[of] p2a: Lopunny
|-unboost|p2a: Lopunny|atk|1
|move|p2a: Lopunny|High Jump Kick|p1a: Landorus-Therian
|-resisted|p1a: Landorus-Therian
|-damage|p1a: Landorus-Therian|232\/325
|
|turn|4
|
|switch|p2a: Ferrothorn|Ferrothorn, M|352\/352
|move|p1a: Landorus-Therian|U-turn|p2a: Ferrothorn
|-damage|p2a: Ferrothorn|302\/352
|-damage|p1a: Landorus-Therian|192\/325|[from] ability: Iron Barbs|[of] p2a: Ferrothorn
|
|switch|p1a: Sableye|Sableye, M|304\/304
|
|turn|5
|
|detailschange|p1a: Sableye|Sableye-Mega, M
|message|Sableye has Mega Evolved into Mega Sableye!
|move|p1a: Sableye|Will-O-Wisp|p2a: Ferrothorn
|-status|p2a: Ferrothorn|brn
|move|p2a: Ferrothorn|Leech Seed|p1a: Sableye
|move|p1a: Sableye|Leech Seed|p2a: Ferrothorn|[from]Magic Bounce
|-immune|p2a: Ferrothorn|[msg]
|
|-damage|p2a: Ferrothorn|258\/352 brn|[from] brn
|turn|6
|
|switch|p2a: Chansey|Chansey, F|704\/704
|move|p1a: Sableye|Will-O-Wisp|p2a: Chansey
|-status|p2a: Chansey|brn
|
|-damage|p2a: Chansey|616\/704 brn|[from] brn
|turn|7
|
|switch|p2a: Latios|Latios, M|302\/302
|switch|p1a: Clefable|Clefable, F|393\/393
|
|turn|8
|
|switch|p2a: Chansey|Chansey, F|616\/704
|move|p1a: Clefable|Soft-Boiled|p1a: Clefable
|-fail|p1a: Clefable
|
|turn|9
|
|move|p1a: Clefable|Knock Off|p2a: Chansey
|-damage|p2a: Chansey|548\/704
|-enditem|p2a: Chansey|Eviolite|[from] move: Knock Off|[of] p1a: Clefable
|move|p2a: Chansey|Toxic|p1a: Clefable
|-status|p1a: Clefable|tox
|
|turn|10
|
|move|p1a: Clefable|Calm Mind|p1a: Clefable
|-boost|p1a: Clefable|spa|1
|-boost|p1a: Clefable|spd|1
|move|p2a: Chansey|Wish|p2a: Chansey
|
|turn|11
|
|move|p1a: Clefable|Moonblast|p2a: Chansey
|-damage|p2a: Chansey|386\/704
|move|p2a: Chansey|Seismic Toss|p1a: Clefable
|-damage|p1a: Clefable|293\/393 tox
|
|-heal|p2a: Chansey|704\/704|[from] move: Wish|[wisher] Chansey
|-heal|p1a: Clefable|317\/393 tox|[from] item: Leftovers
|turn|12
|
|move|p1a: Clefable|Calm Mind|p1a: Clefable
|-boost|p1a: Clefable|spa|1
|-boost|p1a: Clefable|spd|1
|move|p2a: Chansey|Wish|p2a: Chansey
|
|-heal|p1a: Clefable|341\/393 tox|[from] item: Leftovers
|turn|13
|
|switch|p2a: Ferrothorn|Ferrothorn, M|258\/352 brn
|move|p1a: Clefable|Knock Off|p2a: Ferrothorn
|-damage|p2a: Ferrothorn|226\/352 brn
|-enditem|p2a: Ferrothorn|Shed Shell|[from] move: Knock Off|[of] p1a: Clefable
|
|-heal|p2a: Ferrothorn|352\/352 brn|[from] move: Wish|[wisher] Chansey
|-heal|p1a: Clefable|365\/393 tox|[from] item: Leftovers
|-damage|p2a: Ferrothorn|308\/352 brn|[from] brn
|turn|14
|
|move|p1a: Clefable|Calm Mind|p1a: Clefable
|-boost|p1a: Clefable|spa|1
|-boost|p1a: Clefable|spd|1
|move|p2a: Ferrothorn|Gyro Ball|p1a: Clefable
|-supereffective|p1a: Clefable
|-damage|p1a: Clefable|245\/393 tox
|
|-heal|p1a: Clefable|269\/393 tox|[from] item: Leftovers
|-damage|p2a: Ferrothorn|264\/352 brn|[from] brn
|turn|15
|
|move|p1a: Clefable|Calm Mind|p1a: Clefable
|-boost|p1a: Clefable|spa|1
|-boost|p1a: Clefable|spd|1
|move|p2a: Ferrothorn|Stealth Rock|p1a: Clefable
|-sidestart|p1: TheMundane|move: Stealth Rock
|
|-heal|p1a: Clefable|293\/393 tox|[from] item: Leftovers
|-damage|p2a: Ferrothorn|220\/352 brn|[from] brn
|turn|16
|
|move|p1a: Clefable|Calm Mind|p1a: Clefable
|-boost|p1a: Clefable|spa|1
|-boost|p1a: Clefable|spd|1
|move|p2a: Ferrothorn|Gyro Ball|p1a: Clefable
|-crit|p1a: Clefable
|-supereffective|p1a: Clefable
|-damage|p1a: Clefable|135\/393 tox
|
|-heal|p1a: Clefable|159\/393 tox|[from] item: Leftovers
|-damage|p2a: Ferrothorn|176\/352 brn|[from] brn
|turn|17
|
|switch|p2a: Cloyster|Cloyster, M|242\/242
|move|p1a: Clefable|Soft-Boiled|p1a: Clefable
|-heal|p1a: Clefable|356\/393 tox
|
|-heal|p1a: Clefable|380\/393 tox|[from] item: Leftovers
|turn|18
|
|move|p2a: Cloyster|Shell Smash|p2a: Cloyster
|-boost|p2a: Cloyster|atk|2
|-boost|p2a: Cloyster|spa|2
|-boost|p2a: Cloyster|spe|2
|-unboost|p2a: Cloyster|def|1
|-unboost|p2a: Cloyster|spd|1
|move|p1a: Clefable|Moonblast|p2a: Cloyster
|-enditem|p2a: Cloyster|Focus Sash
|-damage|p2a: Cloyster|1\/242
|
|-heal|p1a: Clefable|393\/393 tox|[from] item: Leftovers
|turn|19
|
|switch|p1a: Rotom-Wash|Rotom-Wash|304\/304
|-damage|p1a: Rotom-Wash|266\/304|[from] Stealth Rock
|move|p2a: Cloyster|Icicle Spear|p1a: Rotom-Wash
|-resisted|p1a: Rotom-Wash
|-damage|p1a: Rotom-Wash|237\/304
|-resisted|p1a: Rotom-Wash
|-damage|p1a: Rotom-Wash|207\/304
|-resisted|p1a: Rotom-Wash
|-damage|p1a: Rotom-Wash|175\/304
|-resisted|p1a: Rotom-Wash
|-damage|p1a: Rotom-Wash|145\/304
|-resisted|p1a: Rotom-Wash
|-damage|p1a: Rotom-Wash|118\/304
|-hitcount|p1a: Rotom-Wash|5
|
|-heal|p1a: Rotom-Wash|137\/304|[from] item: Leftovers
|turn|20
|
|move|p2a: Cloyster|Rock Blast|p1a: Rotom-Wash
|-damage|p1a: Rotom-Wash|97\/304
|-damage|p1a: Rotom-Wash|59\/304
|-damage|p1a: Rotom-Wash|21\/304
|-damage|p1a: Rotom-Wash|0 fnt
|-hitcount|p1a: Rotom-Wash|4
|faint|p1a: Rotom-Wash
|
|
|switch|p1a: Sableye|Sableye-Mega, M|304\/304
|-damage|p1a: Sableye|266\/304|[from] Stealth Rock
|turn|21
|
|move|p2a: Cloyster|Icicle Spear|p1a: Sableye
|-damage|p1a: Sableye|218\/304
|-damage|p1a: Sableye|172\/304
|-damage|p1a: Sableye|129\/304
|-damage|p1a: Sableye|86\/304
|-damage|p1a: Sableye|40\/304
|-hitcount|p1a: Sableye|5
|move|p1a: Sableye|Shadow Ball|p2a: Cloyster
|-damage|p2a: Cloyster|0 fnt
|faint|p2a: Cloyster
|
|
|switch|p2a: Lopunny|Lopunny-Mega, F|238\/272
|turn|22
|
|switch|p1a: Landorus-Therian|Landorus-Therian, M|192\/325
|-damage|p1a: Landorus-Therian|152\/325|[from] Stealth Rock
|-ability|p1a: Landorus-Therian|Intimidate|[of] p2a: Lopunny
|-unboost|p2a: Lopunny|atk|1
|move|p2a: Lopunny|Power-Up Punch|p1a: Landorus-Therian
|-crit|p1a: Landorus-Therian
|-resisted|p1a: Landorus-Therian
|-damage|p1a: Landorus-Therian|97\/325
|-boost|p2a: Lopunny|atk|1
|
|turn|23
|
|move|p1a: Landorus-Therian|Earthquake|p2a: Lopunny
|-damage|p2a: Lopunny|30\/272
|move|p2a: Lopunny|Return|p1a: Landorus-Therian
|-damage|p1a: Landorus-Therian|0 fnt
|faint|p1a: Landorus-Therian
|
|
|switch|p1a: Slowbro|Slowbro, M|394\/394
|-damage|p1a: Slowbro|345\/394|[from] Stealth Rock
|turn|24
|
|switch|p2a: Ferrothorn|Ferrothorn, M|176\/352 brn
|move|p1a: Slowbro|Scald|p2a: Ferrothorn
|-resisted|p2a: Ferrothorn
|-damage|p2a: Ferrothorn|137\/352 brn
|
|-heal|p1a: Slowbro|369\/394|[from] item: Leftovers
|-damage|p2a: Ferrothorn|93\/352 brn|[from] brn
|turn|25
|
|switch|p2a: Latios|Latios, M|302\/302
|move|p1a: Slowbro|Fire Blast|p2a: Latios
|-resisted|p2a: Latios
|-damage|p2a: Latios|264\/302
|
|-heal|p1a: Slowbro|393\/394|[from] item: Leftovers
|turn|26
|
|switch|p1a: Ferrothorn|Ferrothorn, M|307\/352
|-damage|p1a: Ferrothorn|285\/352|[from] Stealth Rock
|move|p2a: Latios|Draco Meteor|p1a: Ferrothorn
|-resisted|p1a: Ferrothorn
|-damage|p1a: Ferrothorn|176\/352
|-unboost|p2a: Latios|spa|2
|-damage|p2a: Latios|234\/302|[from] item: Life Orb
|
|turn|27
|
|move|p2a: Latios|Hidden Power|p1a: Ferrothorn
|-supereffective|p1a: Ferrothorn
|-damage|p1a: Ferrothorn|62\/352
|-damage|p2a: Latios|204\/302|[from] item: Life Orb
|move|p1a: Ferrothorn|Stealth Rock|p2a: Latios
|-sidestart|p2: LivingTarget|move: Stealth Rock
|
|turn|28
|
|switch|p1a: Clefable|Clefable, F|393\/393 tox
|move|p2a: Latios|Hidden Power|p1a: Clefable
|-damage|p1a: Clefable|354\/393 tox
|-damage|p2a: Latios|174\/302|[from] item: Life Orb
|
|-heal|p1a: Clefable|378\/393 tox|[from] item: Leftovers
|turn|29
|
|switch|p2a: Chansey|Chansey, F|704\/704
|-damage|p2a: Chansey|616\/704|[from] Stealth Rock
|move|p1a: Clefable|Calm Mind|p1a: Clefable
|-boost|p1a: Clefable|spa|1
|-boost|p1a: Clefable|spd|1
|
|-heal|p1a: Clefable|393\/393 tox|[from] item: Leftovers
|turn|30
|
|move|p1a: Clefable|Calm Mind|p1a: Clefable
|-boost|p1a: Clefable|spa|1
|-boost|p1a: Clefable|spd|1
|move|p2a: Chansey|Seismic Toss|p1a: Clefable
|-damage|p1a: Clefable|293\/393 tox
|
|-heal|p1a: Clefable|317\/393 tox|[from] item: Leftovers
|turn|31
|
|move|p1a: Clefable|Calm Mind|p1a: Clefable
|-boost|p1a: Clefable|spa|1
|-boost|p1a: Clefable|spd|1
|move|p2a: Chansey|Seismic Toss|p1a: Clefable
|-damage|p1a: Clefable|217\/393 tox
|
|-heal|p1a: Clefable|241\/393 tox|[from] item: Leftovers
|turn|32
|
|move|p1a: Clefable|Soft-Boiled|p1a: Clefable
|-heal|p1a: Clefable|393\/393 tox
|move|p2a: Chansey|Seismic Toss|p1a: Clefable
|-damage|p1a: Clefable|293\/393 tox
|
|-heal|p1a: Clefable|317\/393 tox|[from] item: Leftovers
|turn|33
|
|move|p1a: Clefable|Calm Mind|p1a: Clefable
|-boost|p1a: Clefable|spa|1
|-boost|p1a: Clefable|spd|1
|move|p2a: Chansey|Wish|p2a: Chansey
|
|-heal|p1a: Clefable|341\/393 tox|[from] item: Leftovers
|turn|34
|
|move|p1a: Clefable|Moonblast|p2a: Chansey
|-crit|p2a: Chansey
|-damage|p2a: Chansey|195\/704
|move|p2a: Chansey|Seismic Toss|p1a: Clefable
|-damage|p1a: Clefable|241\/393 tox
|
|-heal|p2a: Chansey|547\/704|[from] move: Wish|[wisher] Chansey
|-heal|p1a: Clefable|265\/393 tox|[from] item: Leftovers
|turn|35
|
|move|p1a: Clefable|Calm Mind|p1a: Clefable
|-boost|p1a: Clefable|spa|1
|-boost|p1a: Clefable|spd|1
|move|p2a: Chansey|Wish|p2a: Chansey
|
|-heal|p1a: Clefable|289\/393 tox|[from] item: Leftovers
|turn|36
|
|move|p1a: Clefable|Calm Mind|p1a: Clefable
|-boost|p1a: Clefable|spa|1
|-boost|p1a: Clefable|spd|1
|move|p2a: Chansey|Seismic Toss|p1a: Clefable
|-damage|p1a: Clefable|189\/393 tox
|
|-heal|p2a: Chansey|704\/704|[from] move: Wish|[wisher] Chansey
|-heal|p1a: Clefable|213\/393 tox|[from] item: Leftovers
|turn|37
|
|move|p1a: Clefable|Soft-Boiled|p1a: Clefable
|-heal|p1a: Clefable|393\/393 tox
|move|p2a: Chansey|Wish|p2a: Chansey
|
|turn|38
|
|move|p1a: Clefable|Moonblast|p2a: Chansey
|-damage|p2a: Chansey|286\/704
|move|p2a: Chansey|Seismic Toss|p1a: Clefable
|-damage|p1a: Clefable|293\/393 tox
|
|-heal|p2a: Chansey|638\/704|[from] move: Wish|[wisher] Chansey
|-heal|p1a: Clefable|317\/393 tox|[from] item: Leftovers
|turn|39
|
|move|p1a: Clefable|Moonblast|p2a: Chansey
|-damage|p2a: Chansey|220\/704
|move|p2a: Chansey|Wish|p2a: Chansey
|
|-heal|p1a: Clefable|341\/393 tox|[from] item: Leftovers
|turn|40
|
|move|p2a: Chansey|Protect|p2a: Chansey
|-singleturn|p2a: Chansey|Protect
|move|p1a: Clefable|Moonblast|p2a: Chansey
|-activate|p2a: Chansey|Protect
|
|-heal|p2a: Chansey|572\/704|[from] move: Wish|[wisher] Chansey
|-heal|p1a: Clefable|365\/393 tox|[from] item: Leftovers
|turn|41
|
|move|p1a: Clefable|Moonblast|p2a: Chansey
|-damage|p2a: Chansey|154\/704
|move|p2a: Chansey|Wish|p2a: Chansey
|
|-heal|p1a: Clefable|389\/393 tox|[from] item: Leftovers
|turn|42
|
|move|p2a: Chansey|Protect|p2a: Chansey
|-singleturn|p2a: Chansey|Protect
|move|p1a: Clefable|Calm Mind|p1a: Clefable
|-fail|p1a: Clefable
|
|-heal|p2a: Chansey|506\/704|[from] move: Wish|[wisher] Chansey
|-heal|p1a: Clefable|393\/393 tox|[from] item: Leftovers
|turn|43
|
|move|p1a: Clefable|Moonblast|p2a: Chansey
|-damage|p2a: Chansey|128\/704
|move|p2a: Chansey|Wish|p2a: Chansey
|
|turn|44
|
|move|p2a: Chansey|Protect|p2a: Chansey
|-singleturn|p2a: Chansey|Protect
|move|p1a: Clefable|Calm Mind|p1a: Clefable
|-fail|p1a: Clefable
|
|-heal|p2a: Chansey|480\/704|[from] move: Wish|[wisher] Chansey
|turn|45
|
|move|p1a: Clefable|Moonblast|p2a: Chansey
|-damage|p2a: Chansey|44\/704
|move|p2a: Chansey|Wish|p2a: Chansey
|
|turn|46
|
|move|p1a: Clefable|Moonblast|p2a: Chansey
|-damage|p2a: Chansey|0 fnt
|faint|p2a: Chansey
|
|
|switch|p2a: Hawlucha|Hawlucha, M|298\/298
|-damage|p2a: Hawlucha|261\/298|[from] Stealth Rock
|turn|47
|
|move|p2a: Hawlucha|Swords Dance|p2a: Hawlucha
|-boost|p2a: Hawlucha|atk|2
|move|p1a: Clefable|Moonblast|p2a: Hawlucha
|-supereffective|p2a: Hawlucha
|-damage|p2a: Hawlucha|0 fnt
|faint|p2a: Hawlucha
|
|
|switch|p2a: Lopunny|Lopunny-Mega, F|30\/272
|-damage|p2a: Lopunny|13\/272|[from] Stealth Rock
|turn|48
|
|move|p2a: Lopunny|Return|p1a: Clefable
|-damage|p1a: Clefable|204\/393 tox
|move|p1a: Clefable|Moonblast|p2a: Lopunny
|-supereffective|p2a: Lopunny
|-damage|p2a: Lopunny|0 fnt
|faint|p2a: Lopunny
|
|-heal|p1a: Clefable|228\/393 tox|[from] item: Leftovers
|
|switch|p2a: Latios|Latios, M|174\/302
|-damage|p2a: Latios|137\/302|[from] Stealth Rock
|turn|49
|
|move|p2a: Latios|Psyshock|p1a: Clefable
|-damage|p1a: Clefable|45\/393 tox
|-damage|p2a: Latios|107\/302|[from] item: Life Orb
|move|p1a: Clefable|Moonblast|p2a: Latios
|-supereffective|p2a: Latios
|-damage|p2a: Latios|0 fnt
|faint|p2a: Latios
|
|-heal|p1a: Clefable|69\/393 tox|[from] item: Leftovers
|c|âTheMundane|gg
|
|switch|p2a: Ferrothorn|Ferrothorn, M|93\/352 brn
|-damage|p2a: Ferrothorn|71\/352 brn|[from] Stealth Rock
|turn|50
|
|move|p1a: Clefable|Moonblast|p2a: Ferrothorn
|-resisted|p2a: Ferrothorn
|-damage|p2a: Ferrothorn|0 fnt
|faint|p2a: Ferrothorn
|
|win|TheMundane
|raw|Ladder updating...
|raw|TheMundane's rating: 1458 &rarr; <strong>1471<\/strong><br \/>(+13 for winning)
|raw|LivingTarget's rating: 1333 &rarr; <strong>1320<\/strong><br \/>(-13 for losing)