|join|TheMundane
|join|Mr. Mojo Risin
|player|p1|TheMundane|274
|player|p2|Mr. Mojo Risin|209
|gametype|singles
|gen|6
|tier|ORAS OU
|rated
|rule|Sleep Clause Mod: Limit one foe put to sleep
|rule|Species Clause: Limit one of each PokÃ©mon
|rule|OHKO Clause: OHKO moves are banned
|rule|Moody Clause: Moody is banned
|rule|Evasion Moves Clause: Evasion moves are banned
|rule|Endless Battle Clause: Forcing endless battles is banned
|rule|HP Percentage Mod: HP is shown in percentages
|clearpoke
|poke|p1|Sableye, M
|poke|p1|Landorus-Therian, M
|poke|p1|Clefable, M
|poke|p1|Slowbro, F
|poke|p1|Rotom-Wash
|poke|p1|Ferrothorn, F
|poke|p2|Altaria, M
|poke|p2|Bisharp, M
|poke|p2|Rotom-Wash
|poke|p2|Zapdos
|poke|p2|Gengar, F
|poke|p2|Conkeldurr, M
|rule|Swagger Clause: Swagger is banned
|rule|Baton Pass Clause: Limit one PokÃ©mon knowing Baton Pass
|teampreview
|
|start
|switch|p1a: Clefable|Clefable, M|393\/393
|switch|p2a: Zapdos|Zapdos|384\/384
|-ability|p2a: Zapdos|Pressure
|turn|1
|
|move|p2a: Zapdos|Thunderbolt|p1a: Clefable
|-damage|p1a: Clefable|278\/393
|move|p1a: Clefable|Calm Mind|p1a: Clefable
|-boost|p1a: Clefable|spa|1
|-boost|p1a: Clefable|spd|1
|
|-heal|p1a: Clefable|302\/393|[from] item: Leftovers
|turn|2
|
|switch|p2a: Gengar|Gengar, F|262\/262
|move|p1a: Clefable|Knock Off|p2a: Gengar
|-supereffective|p2a: Gengar
|-damage|p2a: Gengar|116\/262
|-enditem|p2a: Gengar|Life Orb|[from] move: Knock Off|[of] p1a: Clefable
|
|-heal|p1a: Clefable|326\/393|[from] item: Leftovers
|turn|3
|
|move|p2a: Gengar|Substitute|p2a: Gengar
|-start|p2a: Gengar|Substitute
|-damage|p2a: Gengar|51\/262
|move|p1a: Clefable|Soft-Boiled|p1a: Clefable
|-heal|p1a: Clefable|393\/393
|
|turn|4
|
|move|p2a: Gengar|Pain Split|p1a: Clefable
|-sethp|p1a: Clefable|222\/393|p2a: Gengar|222\/262|[from] move: Pain Split
|move|p1a: Clefable|Calm Mind|p1a: Clefable
|-boost|p1a: Clefable|spa|1
|-boost|p1a: Clefable|spd|1
|
|-heal|p1a: Clefable|246\/393|[from] item: Leftovers
|turn|5
|
|move|p2a: Gengar|Shadow Ball|p1a: Clefable
|-damage|p1a: Clefable|186\/393
|move|p1a: Clefable|Soft-Boiled|p1a: Clefable
|-heal|p1a: Clefable|383\/393
|
|-heal|p1a: Clefable|393\/393|[from] item: Leftovers
|turn|6
|
|move|p2a: Gengar|Shadow Ball|p1a: Clefable
|-damage|p1a: Clefable|327\/393
|move|p1a: Clefable|Calm Mind|p1a: Clefable
|-boost|p1a: Clefable|spa|1
|-boost|p1a: Clefable|spd|1
|
|-heal|p1a: Clefable|351\/393|[from] item: Leftovers
|turn|7
|
|move|p2a: Gengar|Shadow Ball|p1a: Clefable
|-damage|p1a: Clefable|299\/393
|move|p1a: Clefable|Moonblast|p2a: Gengar
|-resisted|p2a: Gengar
|-end|p2a: Gengar|Substitute
|
|-heal|p1a: Clefable|323\/393|[from] item: Leftovers
|turn|8
|
|move|p2a: Gengar|Pain Split|p1a: Clefable
|-sethp|p1a: Clefable|272\/393|p2a: Gengar|262\/262|[from] move: Pain Split
|move|p1a: Clefable|Calm Mind|p1a: Clefable
|-boost|p1a: Clefable|spa|1
|-boost|p1a: Clefable|spd|1
|
|-heal|p1a: Clefable|296\/393|[from] item: Leftovers
|turn|9
|
|move|p2a: Gengar|Substitute|p2a: Gengar
|-start|p2a: Gengar|Substitute
|-damage|p2a: Gengar|197\/262
|move|p1a: Clefable|Moonblast|p2a: Gengar
|-resisted|p2a: Gengar
|-end|p2a: Gengar|Substitute
|
|-heal|p1a: Clefable|320\/393|[from] item: Leftovers
|turn|10
|
|move|p2a: Gengar|Substitute|p2a: Gengar
|-start|p2a: Gengar|Substitute
|-damage|p2a: Gengar|132\/262
|move|p1a: Clefable|Moonblast|p2a: Gengar
|-resisted|p2a: Gengar
|-end|p2a: Gengar|Substitute
|
|-heal|p1a: Clefable|344\/393|[from] item: Leftovers
|turn|11
|
|move|p2a: Gengar|Substitute|p2a: Gengar
|-start|p2a: Gengar|Substitute
|-damage|p2a: Gengar|67\/262
|move|p1a: Clefable|Calm Mind|p1a: Clefable
|-boost|p1a: Clefable|spa|1
|-boost|p1a: Clefable|spd|1
|
|-heal|p1a: Clefable|368\/393|[from] item: Leftovers
|turn|12
|
|move|p2a: Gengar|Pain Split|p1a: Clefable
|-sethp|p1a: Clefable|217\/393|p2a: Gengar|217\/262|[from] move: Pain Split
|move|p1a: Clefable|Calm Mind|p1a: Clefable
|-boost|p1a: Clefable|spa|1
|-boost|p1a: Clefable|spd|1
|
|-heal|p1a: Clefable|241\/393|[from] item: Leftovers
|turn|13
|
|move|p2a: Gengar|Shadow Ball|p1a: Clefable
|-crit|p1a: Clefable
|-damage|p1a: Clefable|33\/393
|move|p1a: Clefable|Knock Off|p2a: Gengar
|-supereffective|p2a: Gengar
|-end|p2a: Gengar|Substitute
|
|-heal|p1a: Clefable|57\/393|[from] item: Leftovers
|turn|14
|
|move|p2a: Gengar|Substitute|p2a: Gengar
|-start|p2a: Gengar|Substitute
|-damage|p2a: Gengar|152\/262
|move|p1a: Clefable|Soft-Boiled|p1a: Clefable
|-heal|p1a: Clefable|254\/393
|
|-heal|p1a: Clefable|278\/393|[from] item: Leftovers
|turn|15
|
|move|p2a: Gengar|Shadow Ball|p1a: Clefable
|-damage|p1a: Clefable|248\/393
|move|p1a: Clefable|Moonblast|p2a: Gengar
|-resisted|p2a: Gengar
|-end|p2a: Gengar|Substitute
|
|-heal|p1a: Clefable|272\/393|[from] item: Leftovers
|turn|16
|
|move|p2a: Gengar|Substitute|p2a: Gengar
|-start|p2a: Gengar|Substitute
|-damage|p2a: Gengar|87\/262
|move|p1a: Clefable|Moonblast|p2a: Gengar
|-resisted|p2a: Gengar
|-end|p2a: Gengar|Substitute
|
|-heal|p1a: Clefable|296\/393|[from] item: Leftovers
|turn|17
|
|move|p2a: Gengar|Substitute|p2a: Gengar
|-start|p2a: Gengar|Substitute
|-damage|p2a: Gengar|22\/262
|move|p1a: Clefable|Moonblast|p2a: Gengar
|-resisted|p2a: Gengar
|-end|p2a: Gengar|Substitute
|
|-heal|p1a: Clefable|320\/393|[from] item: Leftovers
|turn|18
|
|move|p2a: Gengar|Pain Split|p1a: Clefable
|-sethp|p1a: Clefable|171\/393|p2a: Gengar|171\/262|[from] move: Pain Split
|move|p1a: Clefable|Moonblast|p2a: Gengar
|-resisted|p2a: Gengar
|-damage|p2a: Gengar|0 fnt
|faint|p2a: Gengar
|
|-heal|p1a: Clefable|195\/393|[from] item: Leftovers
|
|switch|p2a: Bisharp|Bisharp, M|302\/302
|turn|19
|
|switch|p1a: Ferrothorn|Ferrothorn, F|352\/352
|move|p2a: Bisharp|Iron Head|p1a: Ferrothorn
|-resisted|p1a: Ferrothorn
|-damage|p1a: Ferrothorn|298\/352
|-damage|p2a: Bisharp|265\/302|[from] ability: Iron Barbs|[of] p1a: Ferrothorn
|
|-heal|p2a: Bisharp|283\/302|[from] item: Leftovers
|turn|20
|
|switch|p2a: Conkeldurr|Conkeldurr, M|351\/351
|move|p1a: Ferrothorn|Stealth Rock|p2a: Conkeldurr
|-sidestart|p2: Mr. Mojo Risin|move: Stealth Rock
|
|turn|21
|
|switch|p1a: Sableye|Sableye, M|304\/304
|move|p2a: Conkeldurr|Ice Punch|p1a: Sableye
|-damage|p1a: Sableye|209\/304
|-status|p1a: Sableye|frz
|
|turn|22
|
|switch|p1a: Clefable|Clefable, M|195\/393
|switch|p2a: Zapdos|Zapdos|384\/384
|-damage|p2a: Zapdos|288\/384|[from] Stealth Rock
|-ability|p2a: Zapdos|Pressure
|
|-heal|p2a: Zapdos|312\/384|[from] item: Leftovers
|-heal|p1a: Clefable|219\/393|[from] item: Leftovers
|turn|23
|
|move|p2a: Zapdos|Toxic|p1a: Clefable
|-status|p1a: Clefable|tox
|move|p1a: Clefable|Knock Off|p2a: Zapdos
|-damage|p2a: Zapdos|271\/384
|-enditem|p2a: Zapdos|Leftovers|[from] move: Knock Off|[of] p1a: Clefable
|
|-heal|p1a: Clefable|243\/393 tox|[from] item: Leftovers
|turn|24
|
|move|p2a: Zapdos|Defog|p1a: Clefable
|-unboost|p1a: Clefable|evasion|1
|-sideend|p2: Mr. Mojo Risin|Stealth Rock|[from] move: Defog|[of] p2a: Zapdos
|move|p1a: Clefable|Calm Mind|p1a: Clefable
|-boost|p1a: Clefable|spa|1
|-boost|p1a: Clefable|spd|1
|
|-heal|p1a: Clefable|267\/393 tox|[from] item: Leftovers
|turn|25
|
|move|p2a: Zapdos|Roost|p2a: Zapdos
|-heal|p2a: Zapdos|384\/384
|move|p1a: Clefable|Moonblast|p2a: Zapdos
|-damage|p2a: Zapdos|222\/384
|
|-heal|p1a: Clefable|291\/393 tox|[from] item: Leftovers
|turn|26
|
|move|p2a: Zapdos|Roost|p2a: Zapdos
|-heal|p2a: Zapdos|384\/384
|move|p1a: Clefable|Calm Mind|p1a: Clefable
|-boost|p1a: Clefable|spa|1
|-boost|p1a: Clefable|spd|1
|
|-heal|p1a: Clefable|315\/393 tox|[from] item: Leftovers
|turn|27
|
|switch|p2a: Rotom-Wash|Rotom-Wash|304\/304
|move|p1a: Clefable|Calm Mind|p1a: Clefable
|-boost|p1a: Clefable|spa|1
|-boost|p1a: Clefable|spd|1
|
|-heal|p1a: Clefable|339\/393 tox|[from] item: Leftovers
|turn|28
|
|move|p2a: Rotom-Wash|Hydro Pump|p1a: Clefable
|-damage|p1a: Clefable|288\/393 tox
|move|p1a: Clefable|Moonblast|p2a: Rotom-Wash
|-damage|p2a: Rotom-Wash|75\/304
|-unboost|p2a: Rotom-Wash|spa|1
|
|-heal|p2a: Rotom-Wash|94\/304|[from] item: Leftovers
|-heal|p1a: Clefable|312\/393 tox|[from] item: Leftovers
|turn|29
|
|move|p2a: Rotom-Wash|Pain Split|p1a: Clefable
|-sethp|p1a: Clefable|203\/393 tox|p2a: Rotom-Wash|203\/304|[from] move: Pain Split
|move|p1a: Clefable|Soft-Boiled|p1a: Clefable
|-heal|p1a: Clefable|393\/393 tox
|
|-heal|p2a: Rotom-Wash|222\/304|[from] item: Leftovers
|turn|30
|
|move|p2a: Rotom-Wash|Pain Split|p1a: Clefable
|-sethp|p1a: Clefable|307\/393 tox|p2a: Rotom-Wash|304\/304|[from] move: Pain Split
|move|p1a: Clefable|Knock Off|p2a: Rotom-Wash
|-damage|p2a: Rotom-Wash|265\/304
|-enditem|p2a: Rotom-Wash|Leftovers|[from] move: Knock Off|[of] p1a: Clefable
|
|-heal|p1a: Clefable|331\/393 tox|[from] item: Leftovers
|turn|31
|
|move|p2a: Rotom-Wash|Volt Switch|p1a: Clefable
|-damage|p1a: Clefable|309\/393 tox
|
|switch|p2a: Bisharp|Bisharp, M|283\/302
|move|p1a: Clefable|Calm Mind|p1a: Clefable
|-boost|p1a: Clefable|spa|1
|-boost|p1a: Clefable|spd|1
|
|-heal|p2a: Bisharp|301\/302|[from] item: Leftovers
|-heal|p1a: Clefable|333\/393 tox|[from] item: Leftovers
|turn|32
|
|move|p2a: Bisharp|Iron Head|p1a: Clefable
|-supereffective|p1a: Clefable
|-damage|p1a: Clefable|31\/393 tox
|move|p1a: Clefable|Moonblast|p2a: Bisharp
|-damage|p2a: Bisharp|0 fnt
|faint|p2a: Bisharp
|
|-heal|p1a: Clefable|55\/393 tox|[from] item: Leftovers
|
|switch|p2a: Altaria|Altaria, M|354\/354
|turn|33
|
|switch|p1a: Landorus-Therian|Landorus-Therian, M|325\/325
|-ability|p1a: Landorus-Therian|Intimidate|[of] p2a: Altaria
|-unboost|p2a: Altaria|atk|1
|detailschange|p2a: Altaria|Altaria-Mega, M
|message|Altaria has Mega Evolved into Mega Altaria!
|move|p2a: Altaria|Body Slam|p1a: Landorus-Therian
|-damage|p1a: Landorus-Therian|222\/325
|
|turn|34
|
|move|p1a: Landorus-Therian|U-turn|p2a: Altaria
|-resisted|p2a: Altaria
|-damage|p2a: Altaria|321\/354
|
|switch|p1a: Ferrothorn|Ferrothorn, F|298\/352
|move|p2a: Altaria|Body Slam|p1a: Ferrothorn
|-resisted|p1a: Ferrothorn
|-damage|p1a: Ferrothorn|262\/352
|-damage|p2a: Altaria|277\/354|[from] ability: Iron Barbs|[of] p1a: Ferrothorn
|-status|p1a: Ferrothorn|par
|
|turn|35
|
|switch|p1a: Landorus-Therian|Landorus-Therian, M|222\/325
|-ability|p1a: Landorus-Therian|Intimidate|[of] p2a: Altaria
|-unboost|p2a: Altaria|atk|1
|move|p2a: Altaria|Roost|p2a: Altaria
|-heal|p2a: Altaria|354\/354
|
|turn|36
|
|switch|p2a: Zapdos|Zapdos|384\/384
|-ability|p2a: Zapdos|Pressure
|move|p1a: Landorus-Therian|U-turn|p2a: Zapdos
|-resisted|p2a: Zapdos
|-damage|p2a: Zapdos|347\/384
|
|switch|p1a: Clefable|Clefable, M|55\/393 tox
|
|-heal|p1a: Clefable|79\/393 tox|[from] item: Leftovers
|turn|37
|
|switch|p1a: Landorus-Therian|Landorus-Therian, M|222\/325
|-ability|p1a: Landorus-Therian|Intimidate|[of] p2a: Zapdos
|-unboost|p2a: Zapdos|atk|1
|move|p2a: Zapdos|Thunderbolt|p1a: Landorus-Therian
|-immune|p1a: Landorus-Therian|[msg]
|
|turn|38
|
|switch|p2a: Rotom-Wash|Rotom-Wash|265\/304
|move|p1a: Landorus-Therian|Stone Edge|p2a: Rotom-Wash
|-damage|p2a: Rotom-Wash|167\/304
|
|turn|39
|
|switch|p1a: Ferrothorn|Ferrothorn, F|262\/352 par
|move|p2a: Rotom-Wash|Volt Switch|p1a: Ferrothorn
|-resisted|p1a: Ferrothorn
|-damage|p1a: Ferrothorn|232\/352 par
|
|switch|p2a: Conkeldurr|Conkeldurr, M|351\/351
|
|turn|40
|
|switch|p1a: Slowbro|Slowbro, F|394\/394
|move|p2a: Conkeldurr|Drain Punch|p1a: Slowbro
|-resisted|p1a: Slowbro
|-damage|p1a: Slowbro|343\/394
|
|-heal|p1a: Slowbro|367\/394|[from] item: Leftovers
|turn|41
|
|switch|p2a: Zapdos|Zapdos|347\/384
|-ability|p2a: Zapdos|Pressure
|move|p1a: Slowbro|Ice Beam|p2a: Zapdos
|-crit|p2a: Zapdos
|-supereffective|p2a: Zapdos
|-damage|p2a: Zapdos|143\/384
|
|-heal|p1a: Slowbro|391\/394|[from] item: Leftovers
|turn|42
|
|move|p2a: Zapdos|Roost|p2a: Zapdos
|-heal|p2a: Zapdos|335\/384
|move|p1a: Slowbro|Scald|p2a: Zapdos
|-damage|p2a: Zapdos|242\/384
|-status|p2a: Zapdos|brn
|
|-heal|p1a: Slowbro|394\/394|[from] item: Leftovers
|-damage|p2a: Zapdos|194\/384 brn|[from] brn
|turn|43
|
|switch|p1a: Landorus-Therian|Landorus-Therian, M|222\/325
|-ability|p1a: Landorus-Therian|Intimidate|[of] p2a: Zapdos
|-unboost|p2a: Zapdos|atk|1
|move|p2a: Zapdos|Toxic|p1a: Landorus-Therian
|-status|p1a: Landorus-Therian|tox
|
|-damage|p1a: Landorus-Therian|202\/325 tox|[from] psn
|-damage|p2a: Zapdos|146\/384 brn|[from] brn
|turn|44
|
|switch|p2a: Rotom-Wash|Rotom-Wash|167\/304
|move|p1a: Landorus-Therian|U-turn|p2a: Rotom-Wash
|-damage|p2a: Rotom-Wash|101\/304
|
|switch|p1a: Clefable|Clefable, M|79\/393 tox
|
|-heal|p1a: Clefable|103\/393 tox|[from] item: Leftovers
|turn|45
|
|switch|p1a: Sableye|Sableye, M|209\/304 frz
|move|p2a: Rotom-Wash|Hydro Pump|p1a: Sableye
|-damage|p1a: Sableye|22\/304 frz
|
|turn|46
|
|detailschange|p1a: Sableye|Sableye-Mega, M
|message|Sableye has Mega Evolved into Mega Sableye!
|cant|p1a: Sableye|frz
|move|p2a: Rotom-Wash|Volt Switch|p1a: Sableye
|-damage|p1a: Sableye|0 fnt
|faint|p1a: Sableye
|
|switch|p2a: Altaria|Altaria-Mega, M|354\/354
|
|
|switch|p1a: Ferrothorn|Ferrothorn, F|232\/352 par
|turn|47
|
|move|p2a: Altaria|Earthquake|p1a: Ferrothorn
|-damage|p1a: Ferrothorn|168\/352 par
|move|p1a: Ferrothorn|Leech Seed|p2a: Altaria
|-start|p2a: Altaria|move: Leech Seed
|
|-damage|p2a: Altaria|310\/354|[from] Leech Seed|[of] p1a: Ferrothorn
|-heal|p1a: Ferrothorn|212\/352 par|[silent]
|turn|48
|
|switch|p2a: Zapdos|Zapdos|146\/384 brn
|-ability|p2a: Zapdos|Pressure
|move|p1a: Ferrothorn|Stealth Rock|p2a: Zapdos
|-sidestart|p2: Mr. Mojo Risin|move: Stealth Rock
|
|-damage|p2a: Zapdos|98\/384 brn|[from] brn
|turn|49
|
|move|p2a: Zapdos|Roost|p2a: Zapdos
|-heal|p2a: Zapdos|290\/384 brn
|cant|p1a: Ferrothorn|par
|
|-damage|p2a: Zapdos|242\/384 brn|[from] brn
|turn|50
|
|switch|p1a: Rotom-Wash|Rotom-Wash|304\/304
|move|p2a: Zapdos|Defog|p1a: Rotom-Wash
|-unboost|p1a: Rotom-Wash|evasion|1
|-sideend|p2: Mr. Mojo Risin|Stealth Rock|[from] move: Defog|[of] p2a: Zapdos
|
|-damage|p2a: Zapdos|194\/384 brn|[from] brn
|turn|51
|
|switch|p2a: Altaria|Altaria-Mega, M|310\/354
|move|p1a: Rotom-Wash|Volt Switch|p2a: Altaria
|-resisted|p2a: Altaria
|-damage|p2a: Altaria|264\/354
|
|switch|p1a: Ferrothorn|Ferrothorn, F|212\/352 par
|
|turn|52
|
|move|p2a: Altaria|Heal Bell|p2a: Altaria
|-cureteam|p2a: Altaria|[from] move: HealBell
|move|p1a: Ferrothorn|Leech Seed|p2a: Altaria
|-start|p2a: Altaria|move: Leech Seed
|
|-damage|p2a: Altaria|220\/354|[from] Leech Seed|[of] p1a: Ferrothorn
|-heal|p1a: Ferrothorn|256\/352 par|[silent]
|turn|53
|
|move|p2a: Altaria|Roost|p2a: Altaria
|-heal|p2a: Altaria|354\/354
|cant|p1a: Ferrothorn|par
|
|-damage|p2a: Altaria|310\/354|[from] Leech Seed|[of] p1a: Ferrothorn
|-heal|p1a: Ferrothorn|300\/352 par|[silent]
|turn|54
|
|switch|p2a: Zapdos|Zapdos|194\/384
|-ability|p2a: Zapdos|Pressure
|cant|p1a: Ferrothorn|par
|
|turn|55
|
|move|p2a: Zapdos|Roost|p2a: Zapdos
|-heal|p2a: Zapdos|384\/384
|move|p1a: Ferrothorn|Leech Seed|p2a: Zapdos
|-start|p2a: Zapdos|move: Leech Seed
|
|-damage|p2a: Zapdos|336\/384|[from] Leech Seed|[of] p1a: Ferrothorn
|-heal|p1a: Ferrothorn|348\/352 par|[silent]
|turn|56
|
|switch|p2a: Rotom-Wash|Rotom-Wash|101\/304
|cant|p1a: Ferrothorn|par
|
|turn|57
|
|switch|p1a: Slowbro|Slowbro, F|394\/394
|move|p2a: Rotom-Wash|Pain Split|p1a: Slowbro
|-sethp|p1a: Slowbro|247\/394|p2a: Rotom-Wash|247\/304|[from] move: Pain Split
|
|-heal|p1a: Slowbro|271\/394|[from] item: Leftovers
|turn|58
|
|move|p2a: Rotom-Wash|Hydro Pump|p1a: Slowbro
|-resisted|p1a: Slowbro
|-damage|p1a: Slowbro|187\/394
|move|p1a: Slowbro|Scald|p2a: Rotom-Wash
|-resisted|p2a: Rotom-Wash
|-damage|p2a: Rotom-Wash|208\/304
|
|-heal|p1a: Slowbro|211\/394|[from] item: Leftovers
|turn|59
|
|switch|p1a: Landorus-Therian|Landorus-Therian, M|202\/325 tox
|-ability|p1a: Landorus-Therian|Intimidate|[of] p2a: Rotom-Wash
|-unboost|p2a: Rotom-Wash|atk|1
|move|p2a: Rotom-Wash|Volt Switch|p1a: Landorus-Therian
|-immune|p1a: Landorus-Therian|[msg]
|
|-damage|p1a: Landorus-Therian|182\/325 tox|[from] psn
|turn|60
|
|move|p1a: Landorus-Therian|U-turn|p2a: Rotom-Wash
|-damage|p2a: Rotom-Wash|142\/304
|
|switch|p1a: Rotom-Wash|Rotom-Wash|304\/304
|move|p2a: Rotom-Wash|Volt Switch|p1a: Rotom-Wash
|-damage|p1a: Rotom-Wash|216\/304
|
|switch|p2a: Conkeldurr|Conkeldurr, M|351\/351
|
|-heal|p1a: Rotom-Wash|235\/304|[from] item: Leftovers
|turn|61
|
|move|p1a: Rotom-Wash|Hydro Pump|p2a: Conkeldurr
|-damage|p2a: Conkeldurr|230\/351
|move|p2a: Conkeldurr|Drain Punch|p1a: Rotom-Wash
|-damage|p1a: Rotom-Wash|118\/304
|-heal|p2a: Conkeldurr|289\/351|[from] drain|[of] p1a: Rotom-Wash
|
|-heal|p1a: Rotom-Wash|137\/304|[from] item: Leftovers
|turn|62
|
|move|p1a: Rotom-Wash|Hydro Pump|p2a: Conkeldurr|[miss]
|-miss|p1a: Rotom-Wash|p2a: Conkeldurr
|move|p2a: Conkeldurr|Ice Punch|p1a: Rotom-Wash
|-resisted|p1a: Rotom-Wash
|-damage|p1a: Rotom-Wash|95\/304
|
|-heal|p1a: Rotom-Wash|114\/304|[from] item: Leftovers
|turn|63
|
|move|p1a: Rotom-Wash|Hydro Pump|p2a: Conkeldurr
|-damage|p2a: Conkeldurr|159\/351
|move|p2a: Conkeldurr|Drain Punch|p1a: Rotom-Wash
|-damage|p1a: Rotom-Wash|0 fnt
|-heal|p2a: Conkeldurr|216\/351|[from] drain|[of] p1a: Rotom-Wash
|faint|p1a: Rotom-Wash
|
|
|switch|p1a: Clefable|Clefable, M|103\/393 tox
|turn|64
|
|move|p1a: Clefable|Soft-Boiled|p1a: Clefable
|-heal|p1a: Clefable|300\/393 tox
|move|p2a: Conkeldurr|Stone Edge|p1a: Clefable
|-damage|p1a: Clefable|161\/393 tox
|
|-heal|p1a: Clefable|185\/393 tox|[from] item: Leftovers
|turn|65
|
|move|p1a: Clefable|Soft-Boiled|p1a: Clefable
|-heal|p1a: Clefable|382\/393 tox
|move|p2a: Conkeldurr|Ice Punch|p1a: Clefable
|-damage|p1a: Clefable|280\/393 tox
|
|-heal|p1a: Clefable|304\/393 tox|[from] item: Leftovers
|turn|66
|
|move|p1a: Clefable|Calm Mind|p1a: Clefable
|-boost|p1a: Clefable|spa|1
|-boost|p1a: Clefable|spd|1
|move|p2a: Conkeldurr|Ice Punch|p1a: Clefable
|-damage|p1a: Clefable|189\/393 tox
|
|-heal|p1a: Clefable|213\/393 tox|[from] item: Leftovers
|turn|67
|
|move|p1a: Clefable|Soft-Boiled|p1a: Clefable
|-heal|p1a: Clefable|393\/393 tox
|move|p2a: Conkeldurr|Ice Punch|p1a: Clefable
|-damage|p1a: Clefable|283\/393 tox
|
|-heal|p1a: Clefable|307\/393 tox|[from] item: Leftovers
|turn|68
|
|move|p1a: Clefable|Moonblast|p2a: Conkeldurr
|-supereffective|p2a: Conkeldurr
|-damage|p2a: Conkeldurr|0 fnt
|faint|p2a: Conkeldurr
|
|-heal|p1a: Clefable|331\/393 tox|[from] item: Leftovers
|
|switch|p2a: Zapdos|Zapdos|336\/384
|-ability|p2a: Zapdos|Pressure
|turn|69
|
|move|p2a: Zapdos|Thunderbolt|p1a: Clefable
|-damage|p1a: Clefable|255\/393 tox
|move|p1a: Clefable|Calm Mind|p1a: Clefable
|-boost|p1a: Clefable|spa|1
|-boost|p1a: Clefable|spd|1
|
|-heal|p1a: Clefable|279\/393 tox|[from] item: Leftovers
|turn|70
|
|switch|p2a: Rotom-Wash|Rotom-Wash|142\/304
|move|p1a: Clefable|Soft-Boiled|p1a: Clefable
|-heal|p1a: Clefable|393\/393 tox
|
|turn|71
|
|move|p2a: Rotom-Wash|Hydro Pump|p1a: Clefable
|-damage|p1a: Clefable|332\/393 tox
|move|p1a: Clefable|Calm Mind|p1a: Clefable
|-boost|p1a: Clefable|spa|1
|-boost|p1a: Clefable|spd|1
|
|-heal|p1a: Clefable|356\/393 tox|[from] item: Leftovers
|turn|72
|
|move|p2a: Rotom-Wash|Pain Split|p1a: Clefable
|-sethp|p1a: Clefable|249\/393 tox|p2a: Rotom-Wash|249\/304|[from] move: Pain Split
|move|p1a: Clefable|Calm Mind|p1a: Clefable
|-boost|p1a: Clefable|spa|1
|-boost|p1a: Clefable|spd|1
|
|-heal|p1a: Clefable|273\/393 tox|[from] item: Leftovers
|turn|73
|
|move|p2a: Rotom-Wash|Pain Split|p1a: Clefable
|-sethp|p1a: Clefable|261\/393 tox|p2a: Rotom-Wash|261\/304|[from] move: Pain Split
|move|p1a: Clefable|Calm Mind|p1a: Clefable
|-boost|p1a: Clefable|spa|1
|-boost|p1a: Clefable|spd|1
|
|-heal|p1a: Clefable|285\/393 tox|[from] item: Leftovers
|turn|74
|
|move|p2a: Rotom-Wash|Pain Split|p1a: Clefable
|-sethp|p1a: Clefable|273\/393 tox|p2a: Rotom-Wash|273\/304|[from] move: Pain Split
|move|p1a: Clefable|Moonblast|p2a: Rotom-Wash
|-damage|p2a: Rotom-Wash|0 fnt
|faint|p2a: Rotom-Wash
|
|-heal|p1a: Clefable|297\/393 tox|[from] item: Leftovers
|
|switch|p2a: Zapdos|Zapdos|336\/384
|-ability|p2a: Zapdos|Pressure
|turn|75
|
|move|p2a: Zapdos|Thunderbolt|p1a: Clefable
|-damage|p1a: Clefable|266\/393 tox
|move|p1a: Clefable|Calm Mind|p1a: Clefable
|-boost|p1a: Clefable|spa|1
|-boost|p1a: Clefable|spd|1
|
|-heal|p1a: Clefable|290\/393 tox|[from] item: Leftovers
|turn|76
|
|move|p2a: Zapdos|Thunderbolt|p1a: Clefable
|-damage|p1a: Clefable|260\/393 tox
|move|p1a: Clefable|Soft-Boiled|p1a: Clefable
|-heal|p1a: Clefable|393\/393 tox
|
|turn|77
|
|move|p2a: Zapdos|Roost|p2a: Zapdos
|-heal|p2a: Zapdos|384\/384
|move|p1a: Clefable|Moonblast|p2a: Zapdos
|-damage|p2a: Zapdos|0 fnt
|faint|p2a: Zapdos
|
|
|switch|p2a: Altaria|Altaria-Mega, M|310\/354
|turn|78
|
|move|p2a: Altaria|Body Slam|p1a: Clefable
|-damage|p1a: Clefable|234\/393 tox
|move|p1a: Clefable|Moonblast|p2a: Altaria
|-supereffective|p2a: Altaria
|-damage|p2a: Altaria|0 fnt
|faint|p2a: Altaria
|
|win|TheMundane
|raw|Ladder updating...
|raw|TheMundane's rating: 1403 &rarr; <strong>1417<\/strong><br \/>(+14 for winning)
|raw|Mr. Mojo Risin's rating: 1291 &rarr; <strong>1274<\/strong><br \/>(-17 for losing)
|c|âTheMundane|gg