|join|DUDU666
|join|TheMundane
|player|p1|DUDU666|102
|player|p2|TheMundane|274
|gametype|singles
|gen|6
|tier|ORAS OU
|rated
|rule|Sleep Clause Mod: Limit one foe put to sleep
|rule|Species Clause: Limit one of each PokÃ©mon
|rule|OHKO Clause: OHKO moves are banned
|rule|Moody Clause: Moody is banned
|rule|Evasion Moves Clause: Evasion moves are banned
|rule|Endless Battle Clause: Forcing endless battles is banned
|rule|HP Percentage Mod: HP is shown in percentages
|clearpoke
|poke|p1|Scolipede, F
|poke|p1|Espeon, F
|poke|p1|Latios, M
|poke|p1|Greninja, M
|poke|p1|Charizard, F
|poke|p1|Wobbuffet, F
|poke|p2|Sableye, M
|poke|p2|Landorus-Therian, M
|poke|p2|Clefable, M
|poke|p2|Slowbro, F
|poke|p2|Rotom-Wash
|poke|p2|Ferrothorn, M
|rule|Swagger Clause: Swagger is banned
|rule|Baton Pass Clause: Limit one PokÃ©mon knowing Baton Pass
|teampreview
|
|start
|switch|p1a: Greninja|Greninja, M|285\/285
|switch|p2a: Sableye|Sableye, M|304\/304
|turn|1
|
|detailschange|p2a: Sableye|Sableye-Mega, M
|message|Sableye has Mega Evolved into Mega Sableye!
|move|p2a: Sableye|Calm Mind|p2a: Sableye
|-boost|p2a: Sableye|spa|1
|-boost|p2a: Sableye|spd|1
|move|p1a: Greninja|Gunk Shot|p2a: Sableye
|-start|p1a: Greninja|typechange|Poison|[from] Protean
|-resisted|p2a: Sableye
|-damage|p2a: Sableye|234\/304
|-damage|p1a: Greninja|257\/285|[from] item: Life Orb
|
|turn|2
|
|move|p1a: Greninja|U-turn|p2a: Sableye
|-start|p1a: Greninja|typechange|Bug|[from] Protean
|-damage|p2a: Sableye|147\/304
|-damage|p1a: Greninja|229\/285|[from] item: Life Orb
|
|switch|p1a: Oh no it's|Wobbuffet, F|584\/584
|move|p2a: Sableye|Recover|p2a: Sableye
|-heal|p2a: Sableye|299\/304
|
|turn|3
|
|move|p1a: Oh no it's|Encore|p2a: Sableye
|move|p2a: Sableye|Encore|p1a: Oh no it's|[from]Magic Bounce
|-fail|p1a: Oh no it's
|move|p2a: Sableye|Will-O-Wisp|p1a: Oh no it's
|-status|p1a: Oh no it's|brn
|
|-damage|p1a: Oh no it's|511\/584 brn|[from] brn
|turn|4
|c|âDUDU666|welp
|c|âDUDU666|this is hell
|
|switch|p1a: Latios|Latios, M|364\/364
|move|p2a: Sableye|Calm Mind|p2a: Sableye
|-boost|p2a: Sableye|spa|1
|-boost|p2a: Sableye|spd|1
|
|turn|5
|
|move|p1a: Latios|Light Screen|p1a: Latios
|-sidestart|p1: DUDU666|move: Light Screen
|move|p2a: Sableye|Calm Mind|p2a: Sableye
|-boost|p2a: Sableye|spa|1
|-boost|p2a: Sableye|spd|1
|
|turn|6
|
|move|p1a: Latios|Reflect|p1a: Latios
|-sidestart|p1: DUDU666|Reflect
|move|p2a: Sableye|Calm Mind|p2a: Sableye
|-boost|p2a: Sableye|spa|1
|-boost|p2a: Sableye|spd|1
|
|turn|7
|
|move|p1a: Latios|Memento|p2a: Sableye
|-unboost|p2a: Sableye|atk|2
|-unboost|p2a: Sableye|spa|2
|faint|p1a: Latios
|move|p2a: Sableye|Calm Mind|p2a: Sableye
|-boost|p2a: Sableye|spa|1
|-boost|p2a: Sableye|spd|1
|
|
|switch|p1a: Scolipede|Scolipede, F|323\/323
|turn|8
|
|move|p1a: Scolipede|Substitute|p1a: Scolipede
|-start|p1a: Scolipede|Substitute
|-damage|p1a: Scolipede|243\/323
|move|p2a: Sableye|Shadow Ball|p1a: Scolipede
|-end|p1a: Scolipede|Substitute
|
|-boost|p1a: Scolipede|spe|1|[from] ability: Speed Boost
|turn|9
|
|move|p1a: Scolipede|Iron Defense|p1a: Scolipede
|-boost|p1a: Scolipede|def|2
|move|p2a: Sableye|Shadow Ball|p1a: Scolipede
|-damage|p1a: Scolipede|110\/323
|
|-boost|p1a: Scolipede|spe|1|[from] ability: Speed Boost
|turn|10
|
|move|p1a: Scolipede|Baton Pass|p1a: Scolipede
|
|switch|p1a: Espeon|Espeon, F|334\/334
|move|p2a: Sableye|Shadow Ball|p1a: Espeon
|-supereffective|p1a: Espeon
|-damage|p1a: Espeon|136\/334
|
|-heal|p1a: Espeon|156\/334|[from] item: Leftovers
|turn|11
|
|move|p1a: Espeon|Calm Mind|p1a: Espeon
|-boost|p1a: Espeon|spa|1
|-boost|p1a: Espeon|spd|1
|move|p2a: Sableye|Shadow Ball|p1a: Espeon
|-crit|p1a: Espeon
|-supereffective|p1a: Espeon
|-damage|p1a: Espeon|0 fnt
|faint|p1a: Espeon
|
|-message|DUDU666 forfeited.
|
|win|TheMundane
|raw|Ladder updating...
|leave|DUDU666
|player|p1
|raw|DUDU666's rating: 1485 &rarr; <strong>1461<\/strong><br \/>(-24 for losing)
|raw|TheMundane's rating: 1417 &rarr; <strong>1441<\/strong><br \/>(+24 for winning)