|join|TheMundane
|join|Expert_Occultist
|player|p1|TheMundane|274
|player|p2|Expert_Occultist|52
|gametype|singles
|gen|6
|tier|OU
|rated
|clearpoke
|poke|p1|Greninja, M
|poke|p1|Gallade, M
|poke|p1|Rotom-Wash
|poke|p1|Clefable, M
|poke|p1|Landorus-Therian, M
|poke|p1|Empoleon, F
|poke|p2|Sceptile, F, shiny
|poke|p2|Klefki, F
|poke|p2|Heatran, M, shiny
|poke|p2|Greninja, F
|poke|p2|Gliscor, M
|poke|p2|Thundurus, M, shiny
|rule|Swagger Clause: Swagger is banned
|rule|Baton Pass Clause: Limit one PokÃ©mon knowing Baton Pass
|rule|Sleep Clause Mod: Limit one foe put to sleep
|rule|Species Clause: Limit one of each PokÃ©mon
|rule|OHKO Clause: OHKO moves are banned
|rule|Moody Clause: Moody is banned
|rule|Evasion Moves Clause: Evasion moves are banned
|rule|Endless Battle Clause: Forcing endless battles is banned
|rule|HP Percentage Mod: HP is shown in percentages
|teampreview
|c|âTheMundane|gl
|
|start
|switch|p1a: Gallade|Gallade, M|277\/277
|switch|p2a: Super Goo|Klefki, F|318\/318
|turn|1
|c|âExpert_Occultist|u2
|
|detailschange|p1a: Gallade|Gallade-Mega, M
|message|Gallade has Mega Evolved into Mega Gallade!
|move|p2a: Super Goo|Thunder Wave|p1a: Gallade
|-status|p1a: Gallade|par
|move|p1a: Gallade|Swords Dance|p1a: Gallade
|-boost|p1a: Gallade|atk|2
|
|turn|2
|
|move|p2a: Super Goo|Play Rough|p1a: Gallade
|-supereffective|p1a: Gallade
|-damage|p1a: Gallade|103\/277 par
|move|p1a: Gallade|Close Combat|p2a: Super Goo
|-damage|p2a: Super Goo|0 fnt
|-unboost|p1a: Gallade|def|1
|-unboost|p1a: Gallade|spd|1
|faint|p2a: Super Goo
|
|
|switch|p2a: Bush Party Handjob|Sceptile, F, shiny|281\/281
|turn|3
|
|switch|p1a: Clefable|Clefable, M|394\/394
|detailschange|p2a: Bush Party Handjob|Sceptile-Mega, F, shiny
|message|Sceptile has Mega Evolved into Mega Sceptile!
|move|p2a: Bush Party Handjob|Giga Drain|p1a: Clefable
|-damage|p1a: Clefable|258\/394
|
|-heal|p1a: Clefable|282\/394|[from] item: Leftovers
|turn|4
|
|switch|p2a: God Monster|Heatran, M, shiny|382\/382
|move|p1a: Clefable|Stealth Rock|p2a: God Monster
|-sidestart|p2: Expert_Occultist|move: Stealth Rock
|
|-heal|p1a: Clefable|306\/394|[from] item: Leftovers
|turn|5
|
|switch|p1a: Gallade|Gallade-Mega, M|103\/277 par
|move|p2a: God Monster|Stealth Rock|p1a: Gallade
|-sidestart|p1: TheMundane|move: Stealth Rock
|
|turn|6
|
|move|p2a: God Monster|Lava Plume|p1a: Gallade
|-damage|p1a: Gallade|3\/277 par
|move|p1a: Gallade|Knock Off|p2a: God Monster
|-damage|p2a: God Monster|243\/382
|-enditem|p2a: God Monster|Leftovers|[from] move: Knock Off|[of] p1a: Gallade
|
|turn|7
|
|move|p2a: God Monster|Lava Plume|p1a: Gallade
|-damage|p1a: Gallade|0 fnt
|faint|p1a: Gallade
|
|
|switch|p1a: Landorus-Therian|Landorus-Therian, M|325\/325
|-damage|p1a: Landorus-Therian|285\/325|[from] Stealth Rock
|-ability|p1a: Landorus-Therian|Intimidate|[of] p2a: God Monster
|-unboost|p2a: God Monster|atk|1
|turn|8
|
|switch|p2a: Badass Bug|Gliscor, M|352\/352
|-damage|p2a: Badass Bug|308\/352|[from] Stealth Rock
|move|p1a: Landorus-Therian|U-turn|p2a: Badass Bug
|-resisted|p2a: Badass Bug
|-damage|p2a: Badass Bug|272\/352
|
|switch|p1a: Greninja|Greninja, M|285\/285
|-damage|p1a: Greninja|250\/285|[from] Stealth Rock
|
|-status|p2a: Badass Bug|tox|[from] item: Toxic Orb
|turn|9
|
|switch|p2a: Wet Nightmare|Greninja, F|285\/285
|-damage|p2a: Wet Nightmare|250\/285|[from] Stealth Rock
|move|p1a: Greninja|Low Kick|p2a: Wet Nightmare
|-start|p1a: Greninja|typechange|Fighting|[from] Protean
|-supereffective|p2a: Wet Nightmare
|-damage|p2a: Wet Nightmare|8\/285
|-damage|p1a: Greninja|222\/285|[from] item: Life Orb
|
|turn|10
|
|switch|p1a: Empoleon|Empoleon, F|372\/372
|-damage|p1a: Empoleon|349\/372|[from] Stealth Rock
|move|p2a: Wet Nightmare|Dark Pulse|p1a: Empoleon
|-start|p2a: Wet Nightmare|typechange|Dark|[from] Protean
|-crit|p1a: Empoleon
|-damage|p1a: Empoleon|146\/372
|-damage|p2a: Wet Nightmare|0 fnt|[from] item: Life Orb
|faint|p2a: Wet Nightmare
|
|-heal|p1a: Empoleon|169\/372|[from] item: Leftovers
|
|switch|p2a: Bush Party Handjob|Sceptile-Mega, F, shiny|281\/281
|-damage|p2a: Bush Party Handjob|246\/281|[from] Stealth Rock
|turn|11
|
|move|p2a: Bush Party Handjob|Earthquake|p1a: Empoleon
|-supereffective|p1a: Empoleon
|-damage|p1a: Empoleon|31\/372
|move|p1a: Empoleon|Ice Beam|p2a: Bush Party Handjob
|-supereffective|p2a: Bush Party Handjob
|-damage|p2a: Bush Party Handjob|0 fnt
|faint|p2a: Bush Party Handjob
|
|-heal|p1a: Empoleon|54\/372|[from] item: Leftovers
|
|switch|p2a: God Monster|Heatran, M, shiny|243\/382
|-damage|p2a: God Monster|196\/382|[from] Stealth Rock
|turn|12
|
|move|p2a: God Monster|Lava Plume|p1a: Empoleon
|-damage|p1a: Empoleon|0 fnt
|faint|p1a: Empoleon
|
|
|switch|p1a: Greninja|Greninja, M|222\/285
|-damage|p1a: Greninja|187\/285|[from] Stealth Rock
|turn|13
|
|move|p1a: Greninja|Low Kick|p2a: God Monster
|-start|p1a: Greninja|typechange|Fighting|[from] Protean
|-supereffective|p2a: God Monster
|-damage|p2a: God Monster|0 fnt
|-damage|p1a: Greninja|159\/285|[from] item: Life Orb
|faint|p2a: God Monster
|
|
|switch|p2a: Dr. Fucker M.D.|Thundurus, M, shiny|300\/300
|-damage|p2a: Dr. Fucker M.D.|225\/300|[from] Stealth Rock
|turn|14
|
|move|p2a: Dr. Fucker M.D.|Thunder Wave|p1a: Greninja
|-status|p1a: Greninja|par
|move|p1a: Greninja|Ice Beam|p2a: Dr. Fucker M.D.
|-start|p1a: Greninja|typechange|Ice|[from] Protean
|-supereffective|p2a: Dr. Fucker M.D.
|-damage|p2a: Dr. Fucker M.D.|0 fnt
|-damage|p1a: Greninja|131\/285 par|[from] item: Life Orb
|faint|p2a: Dr. Fucker M.D.
|
|
|switch|p2a: Badass Bug|Gliscor, M|272\/352 tox
|-damage|p2a: Badass Bug|228\/352 tox|[from] Stealth Rock
|turn|15
|
|move|p2a: Badass Bug|Earthquake|p1a: Greninja
|-damage|p1a: Greninja|0 fnt
|faint|p1a: Greninja
|
|-heal|p2a: Badass Bug|272\/352 tox|[from] ability: Poison Heal
|
|switch|p1a: Rotom-Wash|Rotom-Wash|304\/304
|-damage|p1a: Rotom-Wash|266\/304|[from] Stealth Rock
|turn|16
|
|move|p2a: Badass Bug|Knock Off|p1a: Rotom-Wash
|-damage|p1a: Rotom-Wash|207\/304
|-enditem|p1a: Rotom-Wash|Leftovers|[from] move: Knock Off|[of] p2a: Badass Bug
|move|p1a: Rotom-Wash|Hydro Pump|p2a: Badass Bug|[miss]
|-miss|p1a: Rotom-Wash|p2a: Badass Bug
|
|-heal|p2a: Badass Bug|316\/352 tox|[from] ability: Poison Heal
|turn|17
|
|move|p2a: Badass Bug|Knock Off|p1a: Rotom-Wash
|-damage|p1a: Rotom-Wash|167\/304
|move|p1a: Rotom-Wash|Hydro Pump|p2a: Badass Bug
|-supereffective|p2a: Badass Bug
|-damage|p2a: Badass Bug|52\/352 tox
|
|-heal|p2a: Badass Bug|96\/352 tox|[from] ability: Poison Heal
|turn|18
|c|âExpert_Occultist|gg
|
|move|p2a: Badass Bug|Knock Off|p1a: Rotom-Wash
|-damage|p1a: Rotom-Wash|130\/304
|move|p1a: Rotom-Wash|Hydro Pump|p2a: Badass Bug
|-supereffective|p2a: Badass Bug
|-damage|p2a: Badass Bug|0 fnt
|faint|p2a: Badass Bug
|
|win|TheMundane
|raw|Ladder updating...
|c|âTheMundane|gg
|raw|TheMundane's rating: 1490 &rarr; <strong>1508<\/strong><br \/>(+18 for winning)
|raw|Expert_Occultist's rating: 1447 &rarr; <strong>1430<\/strong><br \/>(-17 for losing)