|join|survivor tele
|join|TheMundane
|player|p1|survivor tele|167
|player|p2|TheMundane|238
|gametype|singles
|gen|6
|tier|OU
|rated
|clearpoke
|poke|p1|Jirachi
|poke|p1|Landorus-Therian, M
|poke|p1|Keldeo
|poke|p1|Clefable, F
|poke|p1|Ferrothorn, F
|poke|p1|Latios, M
|poke|p2|Landorus-Therian, M
|poke|p2|Amoonguss, M
|poke|p2|Rotom-Wash
|poke|p2|Latios, M
|poke|p2|Empoleon, M
|poke|p2|Lopunny, F
|rule|Swagger Clause: Swagger is banned
|rule|Baton Pass Clause: Limit one PokÃ©mon knowing Baton Pass
|rule|Sleep Clause Mod: Limit one foe put to sleep
|rule|Species Clause: Limit one of each PokÃ©mon
|rule|OHKO Clause: OHKO moves are banned
|rule|Moody Clause: Moody is banned
|rule|Evasion Moves Clause: Evasion moves are banned
|rule|Endless Battle Clause: Forcing endless battles is banned
|rule|HP Percentage Mod: HP is shown in percentages
|teampreview
|c|âTheMundane|gl
|
|start
|switch|p1a: Landorus-Therian|Landorus-Therian, M|382\/382
|switch|p2a: Lopunny|Lopunny, F|271\/271
|-ability|p1a: Landorus-Therian|Intimidate|[of] p2a: Lopunny
|-unboost|p2a: Lopunny|atk|1
|turn|1
|join|Deustodo
|join|looooooooooel
|
|detailschange|p2a: Lopunny|Lopunny-Mega, F
|message|Lopunny has Mega Evolved into Mega Lopunny!
|move|p2a: Lopunny|High Jump Kick|p1a: Landorus-Therian
|-resisted|p1a: Landorus-Therian
|-damage|p1a: Landorus-Therian|324\/382
|move|p1a: Landorus-Therian|Stealth Rock|p2a: Lopunny
|-sidestart|p2: TheMundane|move: Stealth Rock
|
|-heal|p1a: Landorus-Therian|347\/382|[from] item: Leftovers
|turn|2
|
|move|p2a: Lopunny|Ice Punch|p1a: Landorus-Therian
|-supereffective|p1a: Landorus-Therian
|-damage|p1a: Landorus-Therian|167\/382
|move|p1a: Landorus-Therian|U-turn|p2a: Lopunny
|-resisted|p2a: Lopunny
|-damage|p2a: Lopunny|231\/271
|
|switch|p1a: Ferrothorn|Ferrothorn, F|352\/352
|
|turn|3
|
|switch|p2a: Amoonguss|Amoonguss, M|429\/429
|-damage|p2a: Amoonguss|376\/429|[from] Stealth Rock
|move|p1a: Ferrothorn|Leech Seed|p2a: Amoonguss
|-immune|p2a: Amoonguss|[msg]
|
|-heal|p2a: Amoonguss|402\/429|[from] item: Black Sludge
|turn|4
|
|move|p2a: Amoonguss|Spore|p1a: Ferrothorn
|-fail|p1a: Ferrothorn
|move|p1a: Ferrothorn|Spikes|p2a: Amoonguss
|-sidestart|p2: TheMundane|Spikes
|
|-heal|p2a: Amoonguss|428\/429|[from] item: Black Sludge
|turn|5
|
|move|p2a: Amoonguss|Spore|p1a: Ferrothorn
|-fail|p1a: Ferrothorn
|move|p1a: Ferrothorn|Leech Seed|p2a: Amoonguss|[miss]
|-miss|p1a: Ferrothorn|p2a: Amoonguss
|
|-heal|p2a: Amoonguss|429\/429|[from] item: Black Sludge
|turn|6
|
|move|p2a: Amoonguss|Hidden Power|p1a: Ferrothorn
|-crit|p1a: Ferrothorn
|-supereffective|p1a: Ferrothorn
|-damage|p1a: Ferrothorn|188\/352
|move|p1a: Ferrothorn|Leech Seed|p2a: Amoonguss
|-immune|p2a: Amoonguss|[msg]
|
|-heal|p1a: Ferrothorn|210\/352|[from] item: Leftovers
|turn|7
|
|move|p1a: Ferrothorn|Protect|p1a: Ferrothorn
|-singleturn|p1a: Ferrothorn|Protect
|move|p2a: Amoonguss|Spore|p1a: Ferrothorn
|-activate|p1a: Ferrothorn|Protect
|
|-heal|p1a: Ferrothorn|232\/352|[from] item: Leftovers
|turn|8
|
|switch|p1a: Jirachi|Jirachi|404\/404
|move|p2a: Amoonguss|Spore|p1a: Jirachi
|-status|p1a: Jirachi|slp
|
|turn|9
|
|switch|p1a: Keldeo|Keldeo|323\/323
|switch|p2a: Empoleon|Empoleon, M|372\/372
|-damage|p2a: Empoleon|326\/372|[from] Spikes
|-damage|p2a: Empoleon|303\/372|[from] Stealth Rock
|
|-heal|p2a: Empoleon|326\/372|[from] item: Leftovers
|turn|10
|
|move|p1a: Keldeo|Substitute|p1a: Keldeo
|-start|p1a: Keldeo|Substitute
|-damage|p1a: Keldeo|243\/323
|move|p2a: Empoleon|Defog|p1a: Keldeo
|-sideend|p2: TheMundane|Spikes|[from] move: Defog|[of] p2a: Empoleon
|-sideend|p2: TheMundane|Stealth Rock|[from] move: Defog|[of] p2a: Empoleon
|
|-heal|p1a: Keldeo|263\/323|[from] item: Leftovers
|-heal|p2a: Empoleon|349\/372|[from] item: Leftovers
|turn|11
|
|move|p1a: Keldeo|Calm Mind|p1a: Keldeo
|-boost|p1a: Keldeo|spa|1
|-boost|p1a: Keldeo|spd|1
|move|p2a: Empoleon|Roar|p1a: Keldeo
|drag|p1a: Clefable|Clefable, F|394\/394
|
|-heal|p2a: Empoleon|372\/372|[from] item: Leftovers
|turn|12
|
|move|p2a: Empoleon|Stealth Rock|p1a: Clefable
|-sidestart|p1: survivor tele|move: Stealth Rock
|move|p1a: Clefable|Calm Mind|p1a: Clefable
|-boost|p1a: Clefable|spa|1
|-boost|p1a: Clefable|spd|1
|
|turn|13
|
|move|p1a: Clefable|Flamethrower|p2a: Empoleon
|-damage|p2a: Empoleon|275\/372
|move|p2a: Empoleon|Roar|p1a: Clefable
|drag|p1a: Landorus-Therian|Landorus-Therian, M|167\/382
|-damage|p1a: Landorus-Therian|120\/382|[from] Stealth Rock
|-ability|p1a: Landorus-Therian|Intimidate|[of] p2a: Empoleon
|-unboost|p2a: Empoleon|atk|1
|
|-heal|p1a: Landorus-Therian|143\/382|[from] item: Leftovers
|-heal|p2a: Empoleon|298\/372|[from] item: Leftovers
|turn|14
|
|move|p1a: Landorus-Therian|Stealth Rock|p2a: Empoleon
|-sidestart|p2: TheMundane|move: Stealth Rock
|move|p2a: Empoleon|Scald|p1a: Landorus-Therian
|-supereffective|p1a: Landorus-Therian
|-damage|p1a: Landorus-Therian|0 fnt
|faint|p1a: Landorus-Therian
|
|-heal|p2a: Empoleon|321\/372|[from] item: Leftovers
|
|switch|p1a: Keldeo|Keldeo|263\/323
|-damage|p1a: Keldeo|243\/323|[from] Stealth Rock
|turn|15
|
|switch|p2a: Latios|Latios, M|301\/301
|-damage|p2a: Latios|264\/301|[from] Stealth Rock
|move|p1a: Keldeo|Secret Sword|p2a: Latios
|-resisted|p2a: Latios
|-damage|p2a: Latios|171\/301
|
|-heal|p1a: Keldeo|263\/323|[from] item: Leftovers
|turn|16
|
|switch|p2a: Amoonguss|Amoonguss, M|429\/429
|-damage|p2a: Amoonguss|376\/429|[from] Stealth Rock
|switch|p1a: Jirachi|Jirachi|404\/404 slp
|-damage|p1a: Jirachi|379\/404 slp|[from] Stealth Rock
|
|-heal|p1a: Jirachi|404\/404 slp|[from] item: Leftovers
|-heal|p2a: Amoonguss|402\/429|[from] item: Black Sludge
|turn|17
|
|switch|p1a: Keldeo|Keldeo|263\/323
|-damage|p1a: Keldeo|243\/323|[from] Stealth Rock
|switch|p2a: Empoleon|Empoleon, M|321\/372
|-damage|p2a: Empoleon|298\/372|[from] Stealth Rock
|
|-heal|p1a: Keldeo|263\/323|[from] item: Leftovers
|-heal|p2a: Empoleon|321\/372|[from] item: Leftovers
|turn|18
|
|switch|p2a: Amoonguss|Amoonguss, M|429\/429
|-damage|p2a: Amoonguss|376\/429|[from] Stealth Rock
|move|p1a: Keldeo|Secret Sword|p2a: Amoonguss
|-resisted|p2a: Amoonguss
|-damage|p2a: Amoonguss|307\/429
|
|-heal|p1a: Keldeo|283\/323|[from] item: Leftovers
|-heal|p2a: Amoonguss|333\/429|[from] item: Black Sludge
|turn|19
|
|switch|p2a: Empoleon|Empoleon, M|321\/372
|-damage|p2a: Empoleon|298\/372|[from] Stealth Rock
|move|p1a: Keldeo|Scald|p2a: Empoleon
|-resisted|p2a: Empoleon
|-damage|p2a: Empoleon|226\/372
|
|-heal|p1a: Keldeo|303\/323|[from] item: Leftovers
|-heal|p2a: Empoleon|249\/372|[from] item: Leftovers
|turn|20
|
|switch|p2a: Amoonguss|Amoonguss, M|429\/429
|-damage|p2a: Amoonguss|376\/429|[from] Stealth Rock
|move|p1a: Keldeo|Secret Sword|p2a: Amoonguss
|-resisted|p2a: Amoonguss
|-damage|p2a: Amoonguss|302\/429
|
|-heal|p1a: Keldeo|323\/323|[from] item: Leftovers
|-heal|p2a: Amoonguss|328\/429|[from] item: Black Sludge
|turn|21
|
|switch|p1a: Latios|Latios, M|301\/301
|-damage|p1a: Latios|264\/301|[from] Stealth Rock
|move|p2a: Amoonguss|Giga Drain|p1a: Latios
|-resisted|p1a: Latios
|-damage|p1a: Latios|222\/301
|-heal|p2a: Amoonguss|349\/429|[from] drain|[of] p1a: Latios
|
|-heal|p2a: Amoonguss|375\/429|[from] item: Black Sludge
|turn|22
|
|switch|p2a: Empoleon|Empoleon, M|249\/372
|-damage|p2a: Empoleon|226\/372|[from] Stealth Rock
|move|p1a: Latios|Earthquake|p2a: Empoleon
|-supereffective|p2a: Empoleon
|-damage|p2a: Empoleon|83\/372
|-damage|p1a: Latios|192\/301|[from] item: Life Orb
|
|-heal|p2a: Empoleon|106\/372|[from] item: Leftovers
|turn|23
|
|switch|p2a: Landorus-Therian|Landorus-Therian, M|319\/319
|-damage|p2a: Landorus-Therian|280\/319|[from] Stealth Rock
|-ability|p2a: Landorus-Therian|Intimidate|[of] p1a: Latios
|-unboost|p1a: Latios|atk|1
|move|p1a: Latios|Draco Meteor|p2a: Landorus-Therian
|-damage|p2a: Landorus-Therian|0 fnt
|-unboost|p1a: Latios|spa|2
|-damage|p1a: Latios|162\/301|[from] item: Life Orb
|faint|p2a: Landorus-Therian
|
|
|switch|p2a: Lopunny|Lopunny-Mega, F|231\/271
|-damage|p2a: Lopunny|215\/271|[from] Stealth Rock
|turn|24
|
|switch|p1a: Clefable|Clefable, F|394\/394
|move|p2a: Lopunny|High Jump Kick|p1a: Clefable
|-resisted|p1a: Clefable
|-damage|p1a: Clefable|264\/394
|
|-heal|p1a: Clefable|288\/394|[from] item: Leftovers
|turn|25
|
|move|p2a: Lopunny|Frustration|p1a: Clefable
|-damage|p1a: Clefable|84\/394
|move|p1a: Clefable|Moonblast|p2a: Lopunny
|-supereffective|p2a: Lopunny
|-damage|p2a: Lopunny|0 fnt
|faint|p2a: Lopunny
|
|-heal|p1a: Clefable|108\/394|[from] item: Leftovers
|
|switch|p2a: Latios|Latios, M|171\/301
|-damage|p2a: Latios|134\/301|[from] Stealth Rock
|turn|26
|
|switch|p1a: Jirachi|Jirachi|404\/404 slp
|-damage|p1a: Jirachi|379\/404 slp|[from] Stealth Rock
|move|p2a: Latios|Psyshock|p1a: Jirachi
|-crit|p1a: Jirachi
|-resisted|p1a: Jirachi
|-damage|p1a: Jirachi|310\/404 slp
|-damage|p2a: Latios|104\/301|[from] item: Life Orb
|
|-heal|p1a: Jirachi|335\/404 slp|[from] item: Leftovers
|turn|27
|
|switch|p1a: Latios|Latios, M|162\/301
|-damage|p1a: Latios|125\/301|[from] Stealth Rock
|move|p2a: Latios|Roost|p2a: Latios
|-heal|p2a: Latios|255\/301
|
|turn|28
|
|move|p1a: Latios|Draco Meteor|p2a: Latios
|-supereffective|p2a: Latios
|-damage|p2a: Latios|0 fnt
|-unboost|p1a: Latios|spa|2
|-damage|p1a: Latios|95\/301|[from] item: Life Orb
|faint|p2a: Latios
|
|
|switch|p2a: Rotom-Wash|Rotom-Wash|303\/303
|-damage|p2a: Rotom-Wash|266\/303|[from] Stealth Rock
|turn|29
|c|âsurvivor tele|:)
|
|switch|p1a: Jirachi|Jirachi|335\/404 slp
|-damage|p1a: Jirachi|310\/404 slp|[from] Stealth Rock
|move|p2a: Rotom-Wash|Volt Switch|p1a: Jirachi
|-damage|p1a: Jirachi|244\/404 slp
|c|âTheMundane|I made bad plays that's how you won lol
|c|âTheMundane|imo
|
|switch|p2a: Empoleon|Empoleon, M|106\/372
|-damage|p2a: Empoleon|83\/372|[from] Stealth Rock
|
|-heal|p1a: Jirachi|269\/404 slp|[from] item: Leftovers
|-heal|p2a: Empoleon|106\/372|[from] item: Leftovers
|turn|30
|c|âsurvivor tele|not rly
|c|âTheMundane|Nah I'm sure
|c|âsurvivor tele|im almost sure
|c|âTheMundane|:]
|c|âsurvivor tele|my team has a good match up
|c|âsurvivor tele|vs ur
|
|switch|p1a: Keldeo|Keldeo|323\/323
|-damage|p1a: Keldeo|303\/323|[from] Stealth Rock
|move|p2a: Empoleon|Defog|p1a: Keldeo
|-unboost|p1a: Keldeo|evasion|1
|-sideend|p1: survivor tele|Stealth Rock|[from] move: Defog|[of] p1a: Keldeo
|-sideend|p2: TheMundane|Stealth Rock|[from] move: Defog|[of] p2a: Empoleon
|
|-heal|p1a: Keldeo|323\/323|[from] item: Leftovers
|-heal|p2a: Empoleon|129\/372|[from] item: Leftovers
|turn|31
|c|âTheMundane|My team easily won tbh
|c|âTheMundane|But I'm babe
|c|âTheMundane|bad
|
|switch|p2a: Amoonguss|Amoonguss, M|429\/429
|move|p1a: Keldeo|Scald|p2a: Amoonguss
|-resisted|p2a: Amoonguss
|-damage|p2a: Amoonguss|347\/429
|-status|p2a: Amoonguss|brn
|
|-heal|p2a: Amoonguss|373\/429 brn|[from] item: Black Sludge
|-damage|p2a: Amoonguss|320\/429 brn|[from] brn
|turn|32
|c|âsurvivor tele|see
|join|Luna Rossa
|
|switch|p1a: Ferrothorn|Ferrothorn, F|232\/352
|move|p2a: Amoonguss|Giga Drain|p1a: Ferrothorn
|-resisted|p1a: Ferrothorn
|-damage|p1a: Ferrothorn|219\/352
|-heal|p2a: Amoonguss|327\/429 brn|[from] drain|[of] p1a: Ferrothorn
|
|-heal|p2a: Amoonguss|353\/429 brn|[from] item: Black Sludge
|-heal|p1a: Ferrothorn|241\/352|[from] item: Leftovers
|-damage|p2a: Amoonguss|300\/429 brn|[from] brn
|turn|33
|c|âsurvivor tele|u had a large advantage
|c|âsurvivor tele|u wasted it
|c|âTheMundane|Yep and threw it away
|c|âsurvivor tele|u do know why?
|c|âTheMundane|cuz I'm a good player
|c|âTheMundane|:]
|c|âsurvivor tele|BECOS U ARE PLAYING THE STRONGEST PLAYER ON EARTH THATS FUCKING WHY GTFO YUMMY POINTS
|c|âTheMundane|Lmao
|
|move|p1a: Ferrothorn|Protect|p1a: Ferrothorn
|-singleturn|p1a: Ferrothorn|Protect
|move|p2a: Amoonguss|Giga Drain|p1a: Ferrothorn
|-activate|p1a: Ferrothorn|Protect
|
|-heal|p2a: Amoonguss|326\/429 brn|[from] item: Black Sludge
|-heal|p1a: Ferrothorn|263\/352|[from] item: Leftovers
|-damage|p2a: Amoonguss|273\/429 brn|[from] brn
|turn|34
|c|âTheMundane|plz son
|
|switch|p1a: Clefable|Clefable, F|108\/394
|move|p2a: Amoonguss|Hidden Power|p1a: Clefable
|-damage|p1a: Clefable|72\/394
|
|-heal|p1a: Clefable|96\/394|[from] item: Leftovers
|-heal|p2a: Amoonguss|299\/429 brn|[from] item: Black Sludge
|-damage|p2a: Amoonguss|246\/429 brn|[from] brn
|turn|35
|
|move|p1a: Clefable|Soft-Boiled|p1a: Clefable
|-heal|p1a: Clefable|293\/394
|move|p2a: Amoonguss|Clear Smog|p1a: Clefable
|-supereffective|p1a: Clefable
|-damage|p1a: Clefable|203\/394
|-clearboost|p1a: Clefable
|
|-heal|p1a: Clefable|227\/394|[from] item: Leftovers
|-heal|p2a: Amoonguss|272\/429 brn|[from] item: Black Sludge
|-damage|p2a: Amoonguss|219\/429 brn|[from] brn
|turn|36
|
|switch|p2a: Empoleon|Empoleon, M|129\/372
|move|p1a: Clefable|Flamethrower|p2a: Empoleon
|-damage|p2a: Empoleon|69\/372
|
|-heal|p2a: Empoleon|92\/372|[from] item: Leftovers
|-heal|p1a: Clefable|251\/394|[from] item: Leftovers
|turn|37
|
|switch|p1a: Keldeo|Keldeo|323\/323
|move|p2a: Empoleon|Stealth Rock|p1a: Keldeo
|-sidestart|p1: survivor tele|move: Stealth Rock
|
|-heal|p2a: Empoleon|115\/372|[from] item: Leftovers
|turn|38
|
|switch|p2a: Amoonguss|Amoonguss, M|362\/429 brn
|move|p1a: Keldeo|Secret Sword|p2a: Amoonguss
|-resisted|p2a: Amoonguss
|-damage|p2a: Amoonguss|296\/429 brn
|
|-heal|p2a: Amoonguss|322\/429 brn|[from] item: Black Sludge
|-damage|p2a: Amoonguss|269\/429 brn|[from] brn
|turn|39
|
|move|p1a: Keldeo|Calm Mind|p1a: Keldeo
|-boost|p1a: Keldeo|spa|1
|-boost|p1a: Keldeo|spd|1
|move|p2a: Amoonguss|Hidden Power|p1a: Keldeo
|-resisted|p1a: Keldeo
|-damage|p1a: Keldeo|308\/323
|
|-heal|p1a: Keldeo|323\/323|[from] item: Leftovers
|-heal|p2a: Amoonguss|295\/429 brn|[from] item: Black Sludge
|-damage|p2a: Amoonguss|242\/429 brn|[from] brn
|turn|40
|
|move|p1a: Keldeo|Substitute|p1a: Keldeo
|-start|p1a: Keldeo|Substitute
|-damage|p1a: Keldeo|243\/323
|move|p2a: Amoonguss|Giga Drain|p1a: Keldeo
|-supereffective|p1a: Keldeo
|-end|p1a: Keldeo|Substitute
|-heal|p2a: Amoonguss|282\/429 brn|[from] drain|[of] p1a: Keldeo
|
|-heal|p1a: Keldeo|263\/323|[from] item: Leftovers
|-heal|p2a: Amoonguss|308\/429 brn|[from] item: Black Sludge
|-damage|p2a: Amoonguss|255\/429 brn|[from] brn
|turn|41
|
|move|p1a: Keldeo|Substitute|p1a: Keldeo
|-start|p1a: Keldeo|Substitute
|-damage|p1a: Keldeo|183\/323
|move|p2a: Amoonguss|Giga Drain|p1a: Keldeo
|-supereffective|p1a: Keldeo
|-end|p1a: Keldeo|Substitute
|-heal|p2a: Amoonguss|295\/429 brn|[from] drain|[of] p1a: Keldeo
|
|-heal|p1a: Keldeo|203\/323|[from] item: Leftovers
|-heal|p2a: Amoonguss|321\/429 brn|[from] item: Black Sludge
|-damage|p2a: Amoonguss|268\/429 brn|[from] brn
|turn|42
|
|move|p1a: Keldeo|Calm Mind|p1a: Keldeo
|-boost|p1a: Keldeo|spa|1
|-boost|p1a: Keldeo|spd|1
|move|p2a: Amoonguss|Giga Drain|p1a: Keldeo
|-supereffective|p1a: Keldeo
|-damage|p1a: Keldeo|113\/323
|-heal|p2a: Amoonguss|313\/429 brn|[from] drain|[of] p1a: Keldeo
|
|-heal|p1a: Keldeo|133\/323|[from] item: Leftovers
|-heal|p2a: Amoonguss|339\/429 brn|[from] item: Black Sludge
|-damage|p2a: Amoonguss|286\/429 brn|[from] brn
|turn|43
|
|move|p1a: Keldeo|Secret Sword|p2a: Amoonguss
|-crit|p2a: Amoonguss
|-resisted|p2a: Amoonguss
|-damage|p2a: Amoonguss|77\/429 brn
|move|p2a: Amoonguss|Clear Smog|p1a: Keldeo
|-damage|p1a: Keldeo|106\/323
|-clearboost|p1a: Keldeo
|
|-heal|p1a: Keldeo|126\/323|[from] item: Leftovers
|-heal|p2a: Amoonguss|103\/429 brn|[from] item: Black Sludge
|-damage|p2a: Amoonguss|50\/429 brn|[from] brn
|turn|44
|
|switch|p2a: Rotom-Wash|Rotom-Wash|266\/303
|move|p1a: Keldeo|Secret Sword|p2a: Rotom-Wash
|-damage|p2a: Rotom-Wash|166\/303
|
|-heal|p1a: Keldeo|146\/323|[from] item: Leftovers
|-heal|p2a: Rotom-Wash|184\/303|[from] item: Leftovers
|turn|45
|
|switch|p1a: Latios|Latios, M|95\/301
|-damage|p1a: Latios|58\/301|[from] Stealth Rock
|move|p2a: Rotom-Wash|Will-O-Wisp|p1a: Latios|[miss]
|-miss|p2a: Rotom-Wash|p1a: Latios
|
|-heal|p2a: Rotom-Wash|202\/303|[from] item: Leftovers
|turn|46
|
|switch|p2a: Empoleon|Empoleon, M|115\/372
|move|p1a: Latios|Draco Meteor|p2a: Empoleon
|-resisted|p2a: Empoleon
|-damage|p2a: Empoleon|0 fnt
|-unboost|p1a: Latios|spa|2
|-damage|p1a: Latios|28\/301|[from] item: Life Orb
|faint|p2a: Empoleon
|
|
|switch|p2a: Amoonguss|Amoonguss, M|193\/429 brn
|turn|47
|leave|Luna Rossa
|
|move|p1a: Latios|Defog|p2a: Amoonguss
|-unboost|p2a: Amoonguss|evasion|1
|-sideend|p1: survivor tele|Stealth Rock|[from] move: Defog|[of] p1a: Latios
|move|p2a: Amoonguss|Clear Smog|p1a: Latios
|-damage|p1a: Latios|0 fnt
|-clearboost|p1a: Latios
|faint|p1a: Latios
|
|-heal|p2a: Amoonguss|219\/429 brn|[from] item: Black Sludge
|-damage|p2a: Amoonguss|166\/429 brn|[from] brn
|
|switch|p1a: Ferrothorn|Ferrothorn, F|263\/352
|turn|48
|
|switch|p2a: Rotom-Wash|Rotom-Wash|202\/303
|move|p1a: Ferrothorn|Spikes|p2a: Rotom-Wash
|-sidestart|p2: TheMundane|Spikes
|
|-heal|p2a: Rotom-Wash|220\/303|[from] item: Leftovers
|-heal|p1a: Ferrothorn|285\/352|[from] item: Leftovers
|turn|49
|
|switch|p1a: Clefable|Clefable, F|251\/394
|move|p2a: Rotom-Wash|Will-O-Wisp|p1a: Clefable
|-status|p1a: Clefable|brn
|
|-heal|p2a: Rotom-Wash|238\/303|[from] item: Leftovers
|-heal|p1a: Clefable|275\/394 brn|[from] item: Leftovers
|turn|50
|c|âsurvivor tele|GET ON MY LEVEL
|
|move|p2a: Rotom-Wash|Volt Switch|p1a: Clefable
|-damage|p1a: Clefable|190\/394 brn
|c|âTheMundane|I had this game won. Call me a choke lord
|
|switch|p2a: Amoonguss|Amoonguss, M|309\/429 brn
|-damage|p2a: Amoonguss|256\/429 brn|[from] Spikes
|move|p1a: Clefable|Soft-Boiled|p1a: Clefable
|-heal|p1a: Clefable|387\/394 brn
|
|-heal|p1a: Clefable|394\/394 brn|[from] item: Leftovers
|-heal|p2a: Amoonguss|282\/429 brn|[from] item: Black Sludge
|-damage|p2a: Amoonguss|229\/429 brn|[from] brn
|turn|51
|
|move|p1a: Clefable|Flamethrower|p2a: Amoonguss
|-supereffective|p2a: Amoonguss
|-damage|p2a: Amoonguss|85\/429 brn
|move|p2a: Amoonguss|Clear Smog|p1a: Clefable
|-supereffective|p1a: Clefable
|-damage|p1a: Clefable|296\/394 brn
|-clearboost|p1a: Clefable
|
|-heal|p1a: Clefable|320\/394 brn|[from] item: Leftovers
|-heal|p2a: Amoonguss|111\/429 brn|[from] item: Black Sludge
|-damage|p2a: Amoonguss|58\/429 brn|[from] brn
|turn|52
|join|aehrhy
|c|âTheMundane|Gg nonetheless
|join|nathaaan
|c|âsurvivor tele|GG
|-message|TheMundane forfeited.
|
|win|survivor tele
|raw|Ladder updating...
|leave|TheMundane
|player|p2
|raw|survivor tele's rating: 1817 &rarr; <strong>1826<\/strong><br \/>(+9 for winning)
|raw|TheMundane's rating: 1597 &rarr; <strong>1588<\/strong><br \/>(-9 for losing)
|leave|Deustodo
|leave|nathaaan
|join|nathaaan