|join|TheMundane
|join|Iamnathan
|player|p1|TheMundane|274
|player|p2|Iamnathan|25
|gametype|singles
|gen|6
|tier|OU
|rated
|clearpoke
|poke|p1|Greninja, M
|poke|p1|Gallade, M
|poke|p1|Rotom-Wash
|poke|p1|Clefable, F
|poke|p1|Landorus-Therian, M
|poke|p1|Empoleon, F
|poke|p2|Salamence, M
|poke|p2|Magnezone
|poke|p2|Ferrothorn, F
|poke|p2|Conkeldurr, M
|poke|p2|Slowbro, F
|poke|p2|Greninja, F
|rule|Swagger Clause: Swagger is banned
|rule|Baton Pass Clause: Limit one PokÃ©mon knowing Baton Pass
|rule|Sleep Clause Mod: Limit one foe put to sleep
|rule|Species Clause: Limit one of each PokÃ©mon
|rule|OHKO Clause: OHKO moves are banned
|rule|Moody Clause: Moody is banned
|rule|Evasion Moves Clause: Evasion moves are banned
|rule|Endless Battle Clause: Forcing endless battles is banned
|rule|HP Percentage Mod: HP is shown in percentages
|teampreview
|
|start
|switch|p1a: Clefable|Clefable, F|394\/394
|switch|p2a: Conkeldurr|Conkeldurr, M|414\/414
|turn|1
|
|switch|p2a: Magnezone|Magnezone|282\/282
|move|p1a: Clefable|Moonblast|p2a: Magnezone
|-resisted|p2a: Magnezone
|-damage|p2a: Magnezone|225\/282
|
|turn|2
|
|switch|p1a: Rotom-Wash|Rotom-Wash|304\/304
|move|p2a: Magnezone|Flash Cannon|p1a: Rotom-Wash
|-resisted|p1a: Rotom-Wash
|-damage|p1a: Rotom-Wash|269\/304
|
|-heal|p1a: Rotom-Wash|288\/304|[from] item: Leftovers
|turn|3
|
|switch|p2a: Ferrothorn|Ferrothorn, F|352\/352
|move|p1a: Rotom-Wash|Will-O-Wisp|p2a: Ferrothorn|[miss]
|-miss|p1a: Rotom-Wash|p2a: Ferrothorn
|
|-heal|p1a: Rotom-Wash|304\/304|[from] item: Leftovers
|turn|4
|
|move|p1a: Rotom-Wash|Will-O-Wisp|p2a: Ferrothorn
|-status|p2a: Ferrothorn|brn
|move|p2a: Ferrothorn|Stealth Rock|p1a: Rotom-Wash
|-sidestart|p1: TheMundane|move: Stealth Rock
|
|-damage|p2a: Ferrothorn|308\/352 brn|[from] brn
|turn|5
|
|move|p1a: Rotom-Wash|Volt Switch|p2a: Ferrothorn
|-resisted|p2a: Ferrothorn
|-damage|p2a: Ferrothorn|277\/352 brn
|
|switch|p1a: Clefable|Clefable, F|394\/394
|move|p2a: Ferrothorn|Leech Seed|p1a: Clefable
|-start|p1a: Clefable|move: Leech Seed
|
|-damage|p2a: Ferrothorn|233\/352 brn|[from] brn
|turn|6
|
|switch|p2a: Slowbro|Slowbro, F|394\/394
|move|p1a: Clefable|Stealth Rock|p2a: Slowbro
|-sidestart|p2: Iamnathan|move: Stealth Rock
|
|turn|7
|
|switch|p1a: Rotom-Wash|Rotom-Wash|304\/304
|-damage|p1a: Rotom-Wash|266\/304|[from] Stealth Rock
|move|p2a: Slowbro|Scald|p1a: Rotom-Wash
|-resisted|p1a: Rotom-Wash
|-damage|p1a: Rotom-Wash|219\/304
|
|-heal|p1a: Rotom-Wash|238\/304|[from] item: Leftovers
|turn|8
|
|switch|p2a: Magnezone|Magnezone|225\/282
|-damage|p2a: Magnezone|208\/282|[from] Stealth Rock
|move|p1a: Rotom-Wash|Volt Switch|p2a: Magnezone
|-resisted|p2a: Magnezone
|-damage|p2a: Magnezone|154\/282
|
|switch|p1a: Landorus-Therian|Landorus-Therian, M|325\/325
|-damage|p1a: Landorus-Therian|285\/325|[from] Stealth Rock
|-ability|p1a: Landorus-Therian|Intimidate|[of] p2a: Magnezone
|-unboost|p2a: Magnezone|atk|1
|
|turn|9
|
|switch|p2a: Conkeldurr|Conkeldurr, M|414\/414
|-damage|p2a: Conkeldurr|389\/414|[from] Stealth Rock
|move|p1a: Landorus-Therian|U-turn|p2a: Conkeldurr
|-resisted|p2a: Conkeldurr
|-damage|p2a: Conkeldurr|343\/414
|
|switch|p1a: Gallade|Gallade, M|277\/277
|-damage|p1a: Gallade|260\/277|[from] Stealth Rock
|
|turn|10
|
|switch|p2a: Slowbro|Slowbro, F|394\/394
|-damage|p2a: Slowbro|345\/394|[from] Stealth Rock
|detailschange|p1a: Gallade|Gallade-Mega, M
|message|Gallade has Mega Evolved into Mega Gallade!
|move|p1a: Gallade|Swords Dance|p1a: Gallade
|-boost|p1a: Gallade|atk|2
|
|-heal|p2a: Slowbro|369\/394|[from] item: Leftovers
|turn|11
|
|move|p1a: Gallade|Knock Off|p2a: Slowbro
|-supereffective|p2a: Slowbro
|-damage|p2a: Slowbro|29\/394
|-enditem|p2a: Slowbro|Leftovers|[from] move: Knock Off|[of] p1a: Gallade
|move|p2a: Slowbro|Thunder Wave|p1a: Gallade
|-status|p1a: Gallade|par
|
|turn|12
|
|move|p2a: Slowbro|Slack Off|p2a: Slowbro
|-heal|p2a: Slowbro|226\/394
|move|p1a: Gallade|Zen Headbutt|p2a: Slowbro|[miss]
|-miss|p1a: Gallade|p2a: Slowbro
|
|turn|13
|
|move|p2a: Slowbro|Slack Off|p2a: Slowbro
|-heal|p2a: Slowbro|394\/394
|move|p1a: Gallade|Knock Off|p2a: Slowbro
|-supereffective|p2a: Slowbro
|-damage|p2a: Slowbro|138\/394
|
|turn|14
|
|switch|p2a: Ferrothorn|Ferrothorn, F|233\/352 brn
|-damage|p2a: Ferrothorn|211\/352 brn|[from] Stealth Rock
|cant|p1a: Gallade|par
|
|-damage|p2a: Ferrothorn|167\/352 brn|[from] brn
|turn|15
|
|cant|p1a: Gallade|par
|move|p2a: Ferrothorn|Leech Seed|p1a: Gallade
|-start|p1a: Gallade|move: Leech Seed
|
|-damage|p1a: Gallade|226\/277 par|[from] Leech Seed|[of] p2a: Ferrothorn
|-heal|p2a: Ferrothorn|201\/352 brn|[silent]
|-damage|p2a: Ferrothorn|157\/352 brn|[from] brn
|turn|16
|
|move|p2a: Ferrothorn|Protect|p2a: Ferrothorn
|-singleturn|p2a: Ferrothorn|Protect
|move|p1a: Gallade|Close Combat|p2a: Ferrothorn
|-activate|p2a: Ferrothorn|Protect
|
|-damage|p1a: Gallade|192\/277 par|[from] Leech Seed|[of] p2a: Ferrothorn
|-heal|p2a: Ferrothorn|191\/352 brn|[silent]
|-damage|p2a: Ferrothorn|147\/352 brn|[from] brn
|turn|17
|
|switch|p2a: Slowbro|Slowbro, F|269\/394
|-damage|p2a: Slowbro|220\/394|[from] Stealth Rock
|cant|p1a: Gallade|par
|
|-damage|p1a: Gallade|158\/277 par|[from] Leech Seed|[of] p2a: Slowbro
|-heal|p2a: Slowbro|254\/394|[silent]
|turn|18
|
|switch|p2a: Ferrothorn|Ferrothorn, F|147\/352 brn
|-damage|p2a: Ferrothorn|125\/352 brn|[from] Stealth Rock
|move|p1a: Gallade|Knock Off|p2a: Ferrothorn
|-damage|p2a: Ferrothorn|0 fnt
|-damage|p1a: Gallade|124\/277 par|[from] ability: Iron Barbs|[of] p2a: Ferrothorn
|-damage|p1a: Gallade|78\/277 par|[from] item: Rocky Helmet|[of] p2a: Ferrothorn
|-enditem|p2a: Ferrothorn|Rocky Helmet|[from] move: Knock Off|[of] p1a: Gallade
|faint|p2a: Ferrothorn
|
|
|switch|p2a: Salamence|Salamence, M|393\/393
|-damage|p2a: Salamence|295\/393|[from] Stealth Rock
|-ability|p2a: Salamence|Intimidate|[of] p1a: Gallade
|-unboost|p1a: Gallade|atk|1
|turn|19
|
|switch|p1a: Empoleon|Empoleon, F|372\/372
|-damage|p1a: Empoleon|349\/372|[from] Stealth Rock
|detailschange|p2a: Salamence|Salamence-Mega, M
|message|Salamence has Mega Evolved into Mega Salamence!
|move|p2a: Salamence|Substitute|p2a: Salamence
|-start|p2a: Salamence|Substitute
|-damage|p2a: Salamence|197\/393
|
|-heal|p1a: Empoleon|372\/372|[from] item: Leftovers
|turn|20
|
|move|p2a: Salamence|Roost|p2a: Salamence
|-heal|p2a: Salamence|393\/393
|move|p1a: Empoleon|Ice Beam|p2a: Salamence
|-supereffective|p2a: Salamence
|-end|p2a: Salamence|Substitute
|
|turn|21
|
|switch|p2a: Magnezone|Magnezone|154\/282
|-damage|p2a: Magnezone|137\/282|[from] Stealth Rock
|switch|p1a: Greninja|Greninja, M|285\/285
|-damage|p1a: Greninja|250\/285|[from] Stealth Rock
|
|turn|22
|
|move|p1a: Greninja|Low Kick|p2a: Magnezone
|-start|p1a: Greninja|typechange|Fighting|[from] Protean
|-supereffective|p2a: Magnezone
|-damage|p2a: Magnezone|0 fnt
|-damage|p1a: Greninja|222\/285|[from] item: Life Orb
|faint|p2a: Magnezone
|
|
|switch|p2a: Conkeldurr|Conkeldurr, M|343\/414
|-damage|p2a: Conkeldurr|318\/414|[from] Stealth Rock
|turn|23
|
|move|p1a: Greninja|Gunk Shot|p2a: Conkeldurr
|-start|p1a: Greninja|typechange|Poison|[from] Protean
|-damage|p2a: Conkeldurr|123\/414
|-status|p2a: Conkeldurr|psn
|-damage|p1a: Greninja|194\/285|[from] item: Life Orb
|move|p2a: Conkeldurr|Drain Punch|p1a: Greninja
|-resisted|p1a: Greninja
|-damage|p1a: Greninja|25\/285
|-heal|p2a: Conkeldurr|208\/414 psn|[from] drain|[of] p1a: Greninja
|
|-damage|p2a: Conkeldurr|157\/414 psn|[from] psn
|turn|24
|
|move|p2a: Conkeldurr|Mach Punch|p1a: Greninja
|-resisted|p1a: Greninja
|-damage|p1a: Greninja|0 fnt
|faint|p1a: Greninja
|
|-damage|p2a: Conkeldurr|106\/414 psn|[from] psn
|
|switch|p1a: Clefable|Clefable, F|394\/394
|turn|25
|
|move|p1a: Clefable|Moonblast|p2a: Conkeldurr
|-supereffective|p2a: Conkeldurr
|-damage|p2a: Conkeldurr|0 fnt
|faint|p2a: Conkeldurr
|
|
|switch|p2a: Slowbro|Slowbro, F|385\/394
|-damage|p2a: Slowbro|336\/394|[from] Stealth Rock
|turn|26
|
|switch|p1a: Rotom-Wash|Rotom-Wash|238\/304
|-damage|p1a: Rotom-Wash|200\/304|[from] Stealth Rock
|move|p2a: Slowbro|Scald|p1a: Rotom-Wash
|-resisted|p1a: Rotom-Wash
|-damage|p1a: Rotom-Wash|154\/304
|-status|p1a: Rotom-Wash|brn
|
|-heal|p1a: Rotom-Wash|173\/304 brn|[from] item: Leftovers
|-damage|p1a: Rotom-Wash|135\/304 brn|[from] brn
|turn|27
|
|move|p1a: Rotom-Wash|Will-O-Wisp|p2a: Slowbro
|-status|p2a: Slowbro|brn
|move|p2a: Slowbro|Slack Off|p2a: Slowbro
|-heal|p2a: Slowbro|394\/394 brn
|
|-heal|p1a: Rotom-Wash|154\/304 brn|[from] item: Leftovers
|-damage|p1a: Rotom-Wash|116\/304 brn|[from] brn
|-damage|p2a: Slowbro|345\/394 brn|[from] brn
|turn|28
|
|move|p1a: Rotom-Wash|Pain Split|p2a: Slowbro
|-sethp|p2a: Slowbro|230\/394 brn|p1a: Rotom-Wash|230\/304 brn|[from] move: Pain Split
|move|p2a: Slowbro|Slack Off|p2a: Slowbro
|-heal|p2a: Slowbro|394\/394 brn
|
|-heal|p1a: Rotom-Wash|249\/304 brn|[from] item: Leftovers
|-damage|p1a: Rotom-Wash|211\/304 brn|[from] brn
|-damage|p2a: Slowbro|345\/394 brn|[from] brn
|turn|29
|
|move|p1a: Rotom-Wash|Pain Split|p2a: Slowbro
|-sethp|p2a: Slowbro|278\/394 brn|p1a: Rotom-Wash|278\/304 brn|[from] move: Pain Split
|move|p2a: Slowbro|Scald|p1a: Rotom-Wash
|-resisted|p1a: Rotom-Wash
|-damage|p1a: Rotom-Wash|231\/304 brn
|
|-heal|p1a: Rotom-Wash|250\/304 brn|[from] item: Leftovers
|-damage|p1a: Rotom-Wash|212\/304 brn|[from] brn
|-damage|p2a: Slowbro|229\/394 brn|[from] brn
|turn|30
|
|move|p1a: Rotom-Wash|Volt Switch|p2a: Slowbro
|-supereffective|p2a: Slowbro
|-damage|p2a: Slowbro|0 fnt
|faint|p2a: Slowbro
|
|switch|p1a: Landorus-Therian|Landorus-Therian, M|285\/325
|-damage|p1a: Landorus-Therian|245\/325|[from] Stealth Rock
|
|
|switch|p2a: Salamence|Salamence-Mega, M|393\/393
|-damage|p2a: Salamence|295\/393|[from] Stealth Rock
|turn|31
|
|move|p1a: Landorus-Therian|U-turn|p2a: Salamence
|-resisted|p2a: Salamence
|-damage|p2a: Salamence|261\/393
|
|switch|p1a: Empoleon|Empoleon, F|372\/372
|-damage|p1a: Empoleon|349\/372|[from] Stealth Rock
|move|p2a: Salamence|Dragon Dance|p2a: Salamence
|-boost|p2a: Salamence|atk|1
|-boost|p2a: Salamence|spe|1
|
|-heal|p1a: Empoleon|372\/372|[from] item: Leftovers
|turn|32
|
|switch|p2a: Greninja|Greninja, F|286\/286
|-damage|p2a: Greninja|251\/286|[from] Stealth Rock
|move|p1a: Empoleon|Ice Beam|p2a: Greninja
|-resisted|p2a: Greninja
|-damage|p2a: Greninja|201\/286
|
|turn|33
|
|switch|p1a: Gallade|Gallade-Mega, M|78\/277 par
|-damage|p1a: Gallade|61\/277 par|[from] Stealth Rock
|move|p2a: Greninja|Dark Pulse|p1a: Gallade
|-start|p2a: Greninja|typechange|Dark|[from] Protean
|-damage|p1a: Gallade|0 fnt
|-damage|p2a: Greninja|173\/286|[from] item: Life Orb
|faint|p1a: Gallade
|
|
|switch|p1a: Landorus-Therian|Landorus-Therian, M|245\/325
|-damage|p1a: Landorus-Therian|205\/325|[from] Stealth Rock
|-ability|p1a: Landorus-Therian|Intimidate|[of] p2a: Greninja
|-unboost|p2a: Greninja|atk|1
|turn|34
|
|move|p1a: Landorus-Therian|U-turn|p2a: Greninja
|-supereffective|p2a: Greninja
|-damage|p2a: Greninja|0 fnt
|faint|p2a: Greninja
|
|switch|p1a: Empoleon|Empoleon, F|372\/372
|-damage|p1a: Empoleon|349\/372|[from] Stealth Rock
|
|-heal|p1a: Empoleon|372\/372|[from] item: Leftovers
|
|switch|p2a: Salamence|Salamence-Mega, M|261\/393
|-damage|p2a: Salamence|163\/393|[from] Stealth Rock
|turn|35
|
|move|p2a: Salamence|Return|p1a: Empoleon
|-resisted|p1a: Empoleon
|-damage|p1a: Empoleon|269\/372
|move|p1a: Empoleon|Ice Beam|p2a: Salamence
|-supereffective|p2a: Salamence
|-damage|p2a: Salamence|0 fnt
|faint|p2a: Salamence
|
|win|TheMundane
|raw|Ladder updating...
|c|âTheMundane|gg
|leave|Iamnathan
|player|p2
|raw|TheMundane's rating: 1502 &rarr; <strong>1515<\/strong><br \/>(+13 for winning)
|raw|Iamnathan's rating: 1383 &rarr; <strong>1370<\/strong><br \/>(-13 for losing)