|join|TheMundane
|join|zoneda
|player|p1|TheMundane|238
|player|p2|zoneda|73
|gametype|singles
|gen|6
|tier|OU
|rated
|clearpoke
|poke|p1|Landorus-Therian, M
|poke|p1|Empoleon, M
|poke|p1|Gengar, M
|poke|p1|Bisharp, M
|poke|p1|Rotom-Wash
|poke|p1|Lopunny, M
|poke|p2|Gengar, M
|poke|p2|Sceptile, M
|poke|p2|Gothitelle, F
|poke|p2|Zapdos
|poke|p2|Alomomola, F
|poke|p2|Volcarona, M
|rule|Swagger Clause: Swagger is banned
|rule|Baton Pass Clause: Limit one PokÃ©mon knowing Baton Pass
|rule|Sleep Clause Mod: Limit one foe put to sleep
|rule|Species Clause: Limit one of each PokÃ©mon
|rule|OHKO Clause: OHKO moves are banned
|rule|Moody Clause: Moody is banned
|rule|Evasion Moves Clause: Evasion moves are banned
|rule|Endless Battle Clause: Forcing endless battles is banned
|rule|HP Percentage Mod: HP is shown in percentages
|teampreview
|
|start
|switch|p1a: Landorus-Therian|Landorus-Therian, M|319\/319
|switch|p2a: Gengar|Gengar, M|262\/262
|-ability|p1a: Landorus-Therian|Intimidate|[of] p2a: Gengar
|-unboost|p2a: Gengar|atk|1
|turn|1
|
|switch|p2a: Zapdos|Zapdos|384\/384
|-ability|p2a: Zapdos|Pressure
|move|p1a: Landorus-Therian|U-turn|p2a: Zapdos
|-resisted|p2a: Zapdos
|-damage|p2a: Zapdos|341\/384
|
|switch|p1a: Empoleon|Empoleon, M|372\/372
|
|-heal|p2a: Zapdos|365\/384|[from] item: Leftovers
|turn|2
|
|switch|p1a: Landorus-Therian|Landorus-Therian, M|319\/319
|-ability|p1a: Landorus-Therian|Intimidate|[of] p2a: Zapdos
|-unboost|p2a: Zapdos|atk|1
|move|p2a: Zapdos|Volt Switch|p1a: Landorus-Therian
|-immune|p1a: Landorus-Therian|[msg]
|
|-heal|p2a: Zapdos|384\/384|[from] item: Leftovers
|turn|3
|
|move|p1a: Landorus-Therian|U-turn|p2a: Zapdos
|-resisted|p2a: Zapdos
|-damage|p2a: Zapdos|339\/384
|
|switch|p1a: Empoleon|Empoleon, M|372\/372
|move|p2a: Zapdos|Roost|p2a: Zapdos
|-heal|p2a: Zapdos|384\/384
|
|turn|4
|
|switch|p1a: Landorus-Therian|Landorus-Therian, M|319\/319
|-ability|p1a: Landorus-Therian|Intimidate|[of] p2a: Zapdos
|-unboost|p2a: Zapdos|atk|1
|move|p2a: Zapdos|Volt Switch|p1a: Landorus-Therian
|-immune|p1a: Landorus-Therian|[msg]
|
|turn|5
|
|switch|p2a: Alomomola|Alomomola, F|534\/534
|move|p1a: Landorus-Therian|Stone Edge|p2a: Alomomola|[miss]
|-miss|p1a: Landorus-Therian|p2a: Alomomola
|
|turn|6
|
|switch|p1a: Empoleon|Empoleon, M|372\/372
|switch|p2a: Sceptile|Sceptile, M|282\/282
|
|turn|7
|
|detailschange|p2a: Sceptile|Sceptile-Mega, M
|message|Sceptile has Mega Evolved into Mega Sceptile!
|move|p2a: Sceptile|Focus Blast|p1a: Empoleon|[miss]
|-miss|p2a: Sceptile|p1a: Empoleon
|move|p1a: Empoleon|Stealth Rock|p2a: Sceptile
|-sidestart|p2: zoneda|move: Stealth Rock
|
|turn|8
|
|switch|p2a: Zapdos|Zapdos|384\/384
|-damage|p2a: Zapdos|288\/384|[from] Stealth Rock
|-ability|p2a: Zapdos|Pressure
|switch|p1a: Landorus-Therian|Landorus-Therian, M|319\/319
|-ability|p1a: Landorus-Therian|Intimidate|[of] p2a: Zapdos
|-unboost|p2a: Zapdos|atk|1
|
|-heal|p2a: Zapdos|312\/384|[from] item: Leftovers
|turn|9
|
|move|p1a: Landorus-Therian|U-turn|p2a: Zapdos
|-resisted|p2a: Zapdos
|-damage|p2a: Zapdos|270\/384
|
|switch|p1a: Bisharp|Bisharp, M|271\/271
|move|p2a: Zapdos|Defog|p1a: Bisharp
|-unboost|p1a: Bisharp|evasion|1
|-boost|p1a: Bisharp|atk|2|[from] ability: Defiant
|-sideend|p2: zoneda|Stealth Rock|[from] move: Defog|[of] p2a: Zapdos
|
|-heal|p2a: Zapdos|294\/384|[from] item: Leftovers
|turn|10
|
|move|p1a: Bisharp|Knock Off|p2a: Zapdos
|-damage|p2a: Zapdos|0 fnt
|-enditem|p2a: Zapdos|Leftovers|[from] move: Knock Off|[of] p1a: Bisharp
|-damage|p1a: Bisharp|244\/271|[from] item: Life Orb
|faint|p2a: Zapdos
|
|
|switch|p2a: Gothitelle|Gothitelle, F|341\/341
|turn|11
|
|move|p2a: Gothitelle|Trick|p1a: Bisharp
|-activate|p2a: Gothitelle|move: Trick|[of] p1a: Bisharp
|-item|p1a: Bisharp|Choice Scarf|[from] move: Trick
|-item|p2a: Gothitelle|Life Orb|[from] move: Trick
|move|p1a: Bisharp|Knock Off|p2a: Gothitelle
|-supereffective|p2a: Gothitelle
|-damage|p2a: Gothitelle|0 fnt
|-enditem|p2a: Gothitelle|Life Orb|[from] move: Knock Off|[of] p1a: Bisharp
|faint|p2a: Gothitelle
|
|
|switch|p2a: Alomomola|Alomomola, F|534\/534
|turn|12
|
|move|p1a: Bisharp|Knock Off|p2a: Alomomola
|-damage|p2a: Alomomola|207\/534
|-enditem|p2a: Alomomola|Leftovers|[from] move: Knock Off|[of] p1a: Bisharp
|move|p2a: Alomomola|Wish|p2a: Alomomola
|
|turn|13
|
|switch|p1a: Empoleon|Empoleon, M|372\/372
|move|p2a: Alomomola|Protect|p2a: Alomomola
|-fail|p2a: Alomomola
|
|-heal|p2a: Alomomola|474\/534|[from] move: Wish|[wisher] Alomomola
|turn|14
|
|switch|p2a: Volcarona|Volcarona, M|374\/374
|move|p1a: Empoleon|Stealth Rock|p2a: Volcarona
|-sidestart|p2: zoneda|move: Stealth Rock
|
|turn|15
|
|move|p2a: Volcarona|Quiver Dance|p2a: Volcarona
|-boost|p2a: Volcarona|spa|1
|-boost|p2a: Volcarona|spd|1
|-boost|p2a: Volcarona|spe|1
|move|p1a: Empoleon|Roar|p2a: Volcarona
|drag|p2a: Sceptile|Sceptile-Mega, M|282\/282
|-damage|p2a: Sceptile|247\/282|[from] Stealth Rock
|
|turn|16
|
|switch|p1a: Gengar|Gengar, M|261\/261
|move|p2a: Sceptile|Focus Blast|p1a: Gengar
|-immune|p1a: Gengar|[msg]
|
|turn|17
|
|move|p2a: Sceptile|Dragon Pulse|p1a: Gengar
|-damage|p1a: Gengar|48\/261
|move|p1a: Gengar|Sludge Wave|p2a: Sceptile
|-supereffective|p2a: Sceptile
|-damage|p2a: Sceptile|0 fnt
|-damage|p1a: Gengar|22\/261|[from] item: Life Orb
|faint|p2a: Sceptile
|
|
|switch|p2a: Alomomola|Alomomola, F|534\/534
|-damage|p2a: Alomomola|468\/534|[from] Stealth Rock
|turn|18
|
|switch|p1a: Rotom-Wash|Rotom-Wash|304\/304
|move|p2a: Alomomola|Wish|p2a: Alomomola
|
|turn|19
|
|move|p1a: Rotom-Wash|Hydro Pump|p2a: Alomomola
|-resisted|p2a: Alomomola
|-damage|p2a: Alomomola|354\/534
|move|p2a: Alomomola|Toxic|p1a: Rotom-Wash
|-status|p1a: Rotom-Wash|tox
|
|-heal|p2a: Alomomola|534\/534|[from] move: Wish|[wisher] Alomomola
|-damage|p1a: Rotom-Wash|285\/304 tox|[from] psn
|turn|20
|
|move|p2a: Alomomola|Protect|p2a: Alomomola
|-singleturn|p2a: Alomomola|Protect
|move|p1a: Rotom-Wash|Will-O-Wisp|p2a: Alomomola
|-activate|p2a: Alomomola|Protect
|
|-heal|p1a: Rotom-Wash|304\/304 tox|[from] item: Leftovers
|-damage|p1a: Rotom-Wash|266\/304 tox|[from] psn
|turn|21
|
|move|p1a: Rotom-Wash|Will-O-Wisp|p2a: Alomomola
|-status|p2a: Alomomola|brn
|move|p2a: Alomomola|Wish|p2a: Alomomola
|
|-heal|p1a: Rotom-Wash|285\/304 tox|[from] item: Leftovers
|-damage|p1a: Rotom-Wash|228\/304 tox|[from] psn
|-damage|p2a: Alomomola|468\/534 brn|[from] brn
|turn|22
|
|switch|p2a: Volcarona|Volcarona, M|374\/374
|-damage|p2a: Volcarona|187\/374|[from] Stealth Rock
|move|p1a: Rotom-Wash|Volt Switch|p2a: Volcarona
|-damage|p2a: Volcarona|105\/374
|
|switch|p1a: Landorus-Therian|Landorus-Therian, M|319\/319
|-ability|p1a: Landorus-Therian|Intimidate|[of] p2a: Volcarona
|-unboost|p2a: Volcarona|atk|1
|
|-heal|p2a: Volcarona|372\/374|[from] move: Wish|[wisher] Alomomola
|-heal|p2a: Volcarona|374\/374|[from] item: Leftovers
|turn|23
|
|move|p1a: Landorus-Therian|Stone Edge|p2a: Volcarona
|-supereffective|p2a: Volcarona
|-damage|p2a: Volcarona|0 fnt
|faint|p2a: Volcarona
|
|
|switch|p2a: Alomomola|Alomomola, F|534\/534 brn
|-damage|p2a: Alomomola|468\/534 brn|[from] Stealth Rock
|turn|24
|
|switch|p1a: Lopunny|Lopunny, M|271\/271
|move|p2a: Alomomola|Scald|p1a: Lopunny
|-damage|p1a: Lopunny|222\/271
|
|-damage|p2a: Alomomola|402\/534 brn|[from] brn
|turn|25
|
|detailschange|p1a: Lopunny|Lopunny-Mega, M
|message|Lopunny has Mega Evolved into Mega Lopunny!
|move|p1a: Lopunny|Fake Out|p2a: Alomomola
|-damage|p2a: Alomomola|330\/534 brn
|cant|p2a: Alomomola|flinch
|
|-damage|p2a: Alomomola|264\/534 brn|[from] brn
|turn|26
|
|move|p1a: Lopunny|High Jump Kick|p2a: Alomomola
|-damage|p2a: Alomomola|45\/534 brn
|move|p2a: Alomomola|Wish|p2a: Alomomola
|
|-damage|p2a: Alomomola|0 fnt|[from] brn
|faint|p2a: Alomomola
|
|switch|p2a: Gengar|Gengar, M|262\/262
|-damage|p2a: Gengar|230\/262|[from] Stealth Rock
|turn|27
|
|switch|p1a: Bisharp|Bisharp, M|244\/271
|move|p2a: Gengar|Will-O-Wisp|p1a: Bisharp
|-status|p1a: Bisharp|brn
|
|-heal|p2a: Gengar|262\/262|[from] move: Wish|[wisher] Alomomola
|-damage|p1a: Bisharp|211\/271 brn|[from] brn
|turn|28
|
|move|p1a: Bisharp|Knock Off|p2a: Gengar
|-supereffective|p2a: Gengar
|-damage|p2a: Gengar|0 fnt
|-enditem|p2a: Gengar|Black Sludge|[from] move: Knock Off|[of] p1a: Bisharp
|faint|p2a: Gengar
|
|win|TheMundane
|raw|Ladder updating...
|raw|TheMundane's rating: 1523 &rarr; <strong>1539<\/strong><br \/>(+16 for winning)
|raw|zoneda's rating: 1453 &rarr; <strong>1437<\/strong><br \/>(-16 for losing)
|c|âTheMundane|gg
|leave|zoneda
|player|p2