|join|Amir The LC player
|join|TheMundane
|player|p1|Amir The LC player|237
|player|p2|TheMundane|238
|gametype|singles
|gen|6
|tier|OU
|rated
|clearpoke
|poke|p1|Chesnaught, M
|poke|p1|Bronzong
|poke|p1|Slowbro, F
|poke|p1|Altaria, F
|poke|p1|Chansey, F
|poke|p1|Tentacruel, F
|poke|p2|Empoleon, F
|poke|p2|Garchomp, M
|poke|p2|Azumarill, M
|poke|p2|Landorus-Therian, M
|poke|p2|Latios, M
|poke|p2|Greninja, M
|rule|Swagger Clause: Swagger is banned
|rule|Baton Pass Clause: Limit one PokÃ©mon knowing Baton Pass
|rule|Sleep Clause Mod: Limit one foe put to sleep
|rule|Species Clause: Limit one of each PokÃ©mon
|rule|OHKO Clause: OHKO moves are banned
|rule|Moody Clause: Moody is banned
|rule|Evasion Moves Clause: Evasion moves are banned
|rule|Endless Battle Clause: Forcing endless battles is banned
|rule|HP Percentage Mod: HP is shown in percentages
|teampreview
|
|start
|switch|p1a: Bronzong|Bronzong|338\/338
|switch|p2a: Garchomp|Garchomp, M|357\/357
|turn|1
|
|move|p2a: Garchomp|Stealth Rock|p1a: Bronzong
|-sidestart|p1: Amir The LC player|move: Stealth Rock
|move|p1a: Bronzong|Hidden Power|p2a: Garchomp
|-supereffective|p2a: Garchomp
|-damage|p2a: Garchomp|149\/357
|
|turn|2
|
|move|p2a: Garchomp|Fire Blast|p1a: Bronzong
|-supereffective|p1a: Bronzong
|-damage|p1a: Bronzong|242\/338
|move|p1a: Bronzong|Stealth Rock|p2a: Garchomp
|-sidestart|p2: TheMundane|move: Stealth Rock
|
|-heal|p1a: Bronzong|263\/338|[from] item: Leftovers
|turn|3
|
|switch|p2a: Azumarill|Azumarill, M|342\/342
|-damage|p2a: Azumarill|300\/342|[from] Stealth Rock
|move|p1a: Bronzong|Hidden Power|p2a: Azumarill
|-resisted|p2a: Azumarill
|-damage|p2a: Azumarill|278\/342
|
|-heal|p1a: Bronzong|284\/338|[from] item: Leftovers
|turn|4
|
|switch|p2a: Latios|Latios, M|301\/301
|-damage|p2a: Latios|264\/301|[from] Stealth Rock
|move|p1a: Bronzong|Gyro Ball|p2a: Latios
|-damage|p2a: Latios|90\/301
|
|-heal|p1a: Bronzong|305\/338|[from] item: Leftovers
|turn|5
|
|switch|p2a: Empoleon|Empoleon, F|309\/309
|-damage|p2a: Empoleon|290\/309|[from] Stealth Rock
|move|p1a: Bronzong|Hidden Power|p2a: Empoleon
|-resisted|p2a: Empoleon
|-damage|p2a: Empoleon|281\/309
|
|-heal|p1a: Bronzong|326\/338|[from] item: Leftovers
|turn|6
|
|switch|p1a: Chansey|Chansey, F|641\/641
|-damage|p1a: Chansey|561\/641|[from] Stealth Rock
|move|p2a: Empoleon|Hydro Pump|p1a: Chansey|[miss]
|-miss|p2a: Empoleon|p1a: Chansey
|
|turn|7
|
|switch|p2a: Garchomp|Garchomp, M|149\/357
|-damage|p2a: Garchomp|127\/357|[from] Stealth Rock
|move|p1a: Chansey|Seismic Toss|p2a: Garchomp
|-damage|p2a: Garchomp|27\/357
|-damage|p1a: Chansey|481\/641|[from] ability: Rough Skin|[of] p2a: Garchomp
|
|turn|8
|
|switch|p1a: Bronzong|Bronzong|326\/338
|-damage|p1a: Bronzong|305\/338|[from] Stealth Rock
|move|p2a: Garchomp|Earthquake|p1a: Bronzong
|-immune|p1a: Bronzong|[msg]
|
|-heal|p1a: Bronzong|326\/338|[from] item: Leftovers
|turn|9
|
|switch|p2a: Empoleon|Empoleon, F|281\/309
|-damage|p2a: Empoleon|262\/309|[from] Stealth Rock
|move|p1a: Bronzong|Earthquake|p2a: Empoleon
|-crit|p2a: Empoleon
|-supereffective|p2a: Empoleon
|-damage|p2a: Empoleon|18\/309
|
|-heal|p1a: Bronzong|338\/338|[from] item: Leftovers
|turn|10
|
|switch|p2a: Azumarill|Azumarill, M|278\/342
|-damage|p2a: Azumarill|236\/342|[from] Stealth Rock
|move|p1a: Bronzong|Earthquake|p2a: Azumarill
|-damage|p2a: Azumarill|143\/342
|
|turn|11
|
|switch|p1a: Slowbro|Slowbro, F|393\/393
|-damage|p1a: Slowbro|344\/393|[from] Stealth Rock
|move|p2a: Azumarill|Waterfall|p1a: Slowbro
|-resisted|p1a: Slowbro
|-damage|p1a: Slowbro|248\/393
|
|-heal|p1a: Slowbro|272\/393|[from] item: Leftovers
|turn|12
|
|move|p2a: Azumarill|Waterfall|p1a: Slowbro
|-resisted|p1a: Slowbro
|-damage|p1a: Slowbro|189\/393
|move|p1a: Slowbro|Toxic|p2a: Azumarill
|-status|p2a: Azumarill|tox
|
|-heal|p1a: Slowbro|213\/393|[from] item: Leftovers
|-damage|p2a: Azumarill|122\/342 tox|[from] psn
|turn|13
|
|switch|p2a: Latios|Latios, M|90\/301
|-damage|p2a: Latios|53\/301|[from] Stealth Rock
|move|p1a: Slowbro|Slack Off|p1a: Slowbro
|-heal|p1a: Slowbro|393\/393
|
|turn|14
|
|switch|p1a: Bronzong|Bronzong|338\/338
|-damage|p1a: Bronzong|317\/338|[from] Stealth Rock
|detailschange|p2a: Latios|Latios-Mega, M
|message|Latios has Mega Evolved into Mega Latios!
|move|p2a: Latios|Psyshock|p1a: Bronzong
|-resisted|p1a: Bronzong
|-damage|p1a: Bronzong|280\/338
|
|-heal|p1a: Bronzong|301\/338|[from] item: Leftovers
|turn|15
|
|switch|p2a: Garchomp|Garchomp, M|27\/357
|-damage|p2a: Garchomp|5\/357|[from] Stealth Rock
|move|p1a: Bronzong|Hidden Power|p2a: Garchomp
|-supereffective|p2a: Garchomp
|-damage|p2a: Garchomp|0 fnt
|faint|p2a: Garchomp
|
|-heal|p1a: Bronzong|322\/338|[from] item: Leftovers
|
|switch|p2a: Greninja|Greninja, M|285\/285
|-damage|p2a: Greninja|250\/285|[from] Stealth Rock
|turn|16
|
|switch|p1a: Chansey|Chansey, F|481\/641
|-damage|p1a: Chansey|401\/641|[from] Stealth Rock
|move|p2a: Greninja|Gunk Shot|p1a: Chansey
|-start|p2a: Greninja|typechange|Poison|[from] Protean
|-damage|p1a: Chansey|171\/641
|-damage|p2a: Greninja|222\/285|[from] item: Life Orb
|
|turn|17
|
|switch|p1a: Tentacruel|Tentacruel, F|364\/364
|-damage|p1a: Tentacruel|319\/364|[from] Stealth Rock
|move|p2a: Greninja|Low Kick|p1a: Tentacruel
|-start|p2a: Greninja|typechange|Fighting|[from] Protean
|-resisted|p1a: Tentacruel
|-damage|p1a: Tentacruel|259\/364
|-damage|p2a: Greninja|194\/285|[from] item: Life Orb
|
|-heal|p1a: Tentacruel|281\/364|[from] item: Black Sludge
|turn|18
|
|switch|p2a: Empoleon|Empoleon, F|18\/309
|-damage|p2a: Empoleon|0 fnt|[from] Stealth Rock
|faint|p2a: Empoleon
|move|p1a: Tentacruel|Rapid Spin|p2: Empoleon|[notarget]
|-notarget
|
|-heal|p1a: Tentacruel|303\/364|[from] item: Black Sludge
|
|switch|p2a: Latios|Latios-Mega, M|53\/301
|-damage|p2a: Latios|16\/301|[from] Stealth Rock
|turn|19
|
|switch|p1a: Bronzong|Bronzong|322\/338
|-damage|p1a: Bronzong|301\/338|[from] Stealth Rock
|move|p2a: Latios|Psyshock|p1a: Bronzong
|-resisted|p1a: Bronzong
|-damage|p1a: Bronzong|267\/338
|
|-heal|p1a: Bronzong|288\/338|[from] item: Leftovers
|turn|20
|
|move|p2a: Latios|Defog|p1a: Bronzong
|-unboost|p1a: Bronzong|evasion|1
|-sideend|p1: Amir The LC player|Stealth Rock|[from] move: Defog|[of] p1a: Bronzong
|-sideend|p2: TheMundane|Stealth Rock|[from] move: Defog|[of] p2a: Latios
|move|p1a: Bronzong|Gyro Ball|p2a: Latios
|-crit|p2a: Latios
|-damage|p2a: Latios|0 fnt
|faint|p2a: Latios
|
|-heal|p1a: Bronzong|309\/338|[from] item: Leftovers
|
|switch|p2a: Greninja|Greninja, M|194\/285
|turn|21
|
|move|p2a: Greninja|Ice Beam|p1a: Bronzong
|-start|p2a: Greninja|typechange|Ice|[from] Protean
|-resisted|p1a: Bronzong
|-damage|p1a: Bronzong|254\/338
|-damage|p2a: Greninja|166\/285|[from] item: Life Orb
|move|p1a: Bronzong|Stealth Rock|p2a: Greninja
|-sidestart|p2: TheMundane|move: Stealth Rock
|
|-heal|p1a: Bronzong|275\/338|[from] item: Leftovers
|turn|22
|
|switch|p1a: Tentacruel|Tentacruel, F|303\/364
|move|p2a: Greninja|Dark Pulse|p1a: Tentacruel
|-start|p2a: Greninja|typechange|Dark|[from] Protean
|-damage|p1a: Tentacruel|165\/364
|-damage|p2a: Greninja|138\/285|[from] item: Life Orb
|
|-heal|p1a: Tentacruel|187\/364|[from] item: Black Sludge
|turn|23
|
|move|p2a: Greninja|Dark Pulse|p1a: Tentacruel
|-damage|p1a: Tentacruel|65\/364
|-damage|p2a: Greninja|110\/285|[from] item: Life Orb
|move|p1a: Tentacruel|Scald|p2a: Greninja
|-damage|p2a: Greninja|4\/285
|
|-heal|p1a: Tentacruel|87\/364|[from] item: Black Sludge
|turn|24
|
|switch|p1a: Bronzong|Bronzong|275\/338
|move|p2a: Greninja|Ice Beam|p1a: Bronzong
|-start|p2a: Greninja|typechange|Ice|[from] Protean
|-resisted|p1a: Bronzong
|-damage|p1a: Bronzong|214\/338
|-damage|p2a: Greninja|0 fnt|[from] item: Life Orb
|faint|p2a: Greninja
|
|-heal|p1a: Bronzong|235\/338|[from] item: Leftovers
|
|switch|p2a: Azumarill|Azumarill, M|122\/342 tox
|-damage|p2a: Azumarill|80\/342 tox|[from] Stealth Rock
|turn|25
|
|move|p2a: Azumarill|Play Rough|p1a: Bronzong|[miss]
|-miss|p2a: Azumarill|p1a: Bronzong
|move|p1a: Bronzong|Earthquake|p2a: Azumarill
|-crit|p2a: Azumarill
|-damage|p2a: Azumarill|0 fnt
|faint|p2a: Azumarill
|
|-heal|p1a: Bronzong|256\/338|[from] item: Leftovers
|-message|TheMundane forfeited.
|
|win|Amir The LC player
|raw|Ladder updating...
|leave|TheMundane
|player|p2
|c|âAmir The LC player|gg
|raw|Amir The LC player's rating: 1526 &rarr; <strong>1548<\/strong><br \/>(+22 for winning)
|raw|TheMundane's rating: 1573 &rarr; <strong>1551<\/strong><br \/>(-22 for losing)