|join|TheMundane
|join|Nagari
|player|p1|TheMundane|274
|player|p2|Nagari|192
|gametype|singles
|gen|6
|tier|OU
|rated
|clearpoke
|poke|p1|Greninja, M
|poke|p1|Gallade, M
|poke|p1|Rotom-Wash
|poke|p1|Clefable, M
|poke|p1|Landorus-Therian, M
|poke|p1|Empoleon, F
|poke|p2|Azumarill, F
|poke|p2|Landorus-Therian, M
|poke|p2|Klefki, F
|poke|p2|Sceptile, F
|poke|p2|Heatran, F
|poke|p2|Latios, M
|rule|Swagger Clause: Swagger is banned
|rule|Baton Pass Clause: Limit one PokÃ©mon knowing Baton Pass
|rule|Sleep Clause Mod: Limit one foe put to sleep
|rule|Species Clause: Limit one of each PokÃ©mon
|rule|OHKO Clause: OHKO moves are banned
|rule|Moody Clause: Moody is banned
|rule|Evasion Moves Clause: Evasion moves are banned
|rule|Endless Battle Clause: Forcing endless battles is banned
|rule|HP Percentage Mod: HP is shown in percentages
|teampreview
|
|start
|switch|p1a: Gallade|Gallade, M|277\/277
|switch|p2a: Lando-T|Landorus-Therian, M|382\/382
|-ability|p2a: Lando-T|Intimidate|[of] p1a: Gallade
|-unboost|p1a: Gallade|atk|1
|turn|1
|
|detailschange|p1a: Gallade|Gallade-Mega, M
|message|Gallade has Mega Evolved into Mega Gallade!
|move|p1a: Gallade|Swords Dance|p1a: Gallade
|-boost|p1a: Gallade|atk|2
|move|p2a: Lando-T|Earthquake|p1a: Gallade
|-damage|p1a: Gallade|111\/277
|
|turn|2
|
|switch|p2a: Burglar|Klefki, F|318\/318
|move|p1a: Gallade|Zen Headbutt|p2a: Burglar
|-resisted|p2a: Burglar
|-damage|p2a: Burglar|180\/318
|
|-heal|p2a: Burglar|199\/318|[from] item: Leftovers
|turn|3
|
|move|p2a: Burglar|Thunder Wave|p1a: Gallade
|-status|p1a: Gallade|par
|cant|p1a: Gallade|par
|
|-heal|p2a: Burglar|218\/318|[from] item: Leftovers
|turn|4
|
|move|p2a: Burglar|Spikes|p1a: Gallade
|-sidestart|p1: TheMundane|Spikes
|move|p1a: Gallade|Close Combat|p2a: Burglar
|-crit|p2a: Burglar
|-damage|p2a: Burglar|0 fnt
|-unboost|p1a: Gallade|def|1
|-unboost|p1a: Gallade|spd|1
|faint|p2a: Burglar
|
|
|switch|p2a: Where At|Sceptile, F|281\/281
|turn|5
|
|switch|p1a: Clefable|Clefable, M|394\/394
|detailschange|p2a: Where At|Sceptile-Mega, F
|message|Sceptile has Mega Evolved into Mega Sceptile!
|move|p2a: Where At|Dragon Pulse|p1a: Clefable
|-immune|p1a: Clefable|[msg]
|
|turn|6
|
|switch|p2a: Lavaster|Heatran, F|378\/378
|move|p1a: Clefable|Stealth Rock|p2a: Lavaster
|-sidestart|p2: Nagari|move: Stealth Rock
|
|turn|7
|
|switch|p1a: Empoleon|Empoleon, F|372\/372
|-damage|p1a: Empoleon|326\/372|[from] Spikes
|move|p2a: Lavaster|Hidden Power|p1a: Empoleon
|-damage|p1a: Empoleon|224\/372
|
|-heal|p1a: Empoleon|247\/372|[from] item: Leftovers
|turn|8
|
|switch|p2a: AzumAAA|Azumarill, F|342\/342
|-damage|p2a: AzumAAA|300\/342|[from] Stealth Rock
|move|p1a: Empoleon|Scald|p2a: AzumAAA
|-resisted|p2a: AzumAAA
|-damage|p2a: AzumAAA|238\/342
|-status|p2a: AzumAAA|brn
|
|-heal|p1a: Empoleon|270\/372|[from] item: Leftovers
|-damage|p2a: AzumAAA|196\/342 brn|[from] brn
|turn|9
|
|switch|p1a: Rotom-Wash|Rotom-Wash|304\/304
|move|p2a: AzumAAA|Belly Drum|p2a: AzumAAA
|-damage|p2a: AzumAAA|25\/342 brn
|-setboost|p2a: AzumAAA|atk|6|[from] move: Belly Drum
|-enditem|p2a: AzumAAA|Sitrus Berry|[eat]
|-heal|p2a: AzumAAA|110\/342 brn|[from] item: Sitrus Berry
|
|-damage|p2a: AzumAAA|68\/342 brn|[from] brn
|turn|10
|
|switch|p2a: Where At|Sceptile-Mega, F|281\/281
|-damage|p2a: Where At|246\/281|[from] Stealth Rock
|move|p1a: Rotom-Wash|Hydro Pump|p2a: Where At
|-resisted|p2a: Where At
|-damage|p2a: Where At|200\/281
|
|turn|11
|
|switch|p1a: Clefable|Clefable, M|394\/394
|move|p2a: Where At|Leaf Storm|p1a: Clefable
|-damage|p1a: Clefable|189\/394
|-unboost|p2a: Where At|spa|2
|
|-heal|p1a: Clefable|213\/394|[from] item: Leftovers
|turn|12
|
|switch|p2a: Lavaster|Heatran, F|378\/378
|-damage|p2a: Lavaster|331\/378|[from] Stealth Rock
|move|p1a: Clefable|Soft-Boiled|p1a: Clefable
|-heal|p1a: Clefable|394\/394
|
|turn|13
|
|switch|p1a: Rotom-Wash|Rotom-Wash|304\/304
|move|p2a: Lavaster|Earth Power|p1a: Rotom-Wash
|-immune|p1a: Rotom-Wash|[msg]
|
|turn|14
|
|switch|p1a: Clefable|Clefable, M|394\/394
|switch|p2a: Where At|Sceptile-Mega, F|200\/281
|-damage|p2a: Where At|165\/281|[from] Stealth Rock
|
|turn|15
|
|switch|p2a: Lavaster|Heatran, F|331\/378
|-damage|p2a: Lavaster|284\/378|[from] Stealth Rock
|move|p1a: Clefable|Moonblast|p2a: Lavaster
|-resisted|p2a: Lavaster
|-damage|p2a: Lavaster|258\/378
|
|turn|16
|
|switch|p1a: Rotom-Wash|Rotom-Wash|304\/304
|move|p2a: Lavaster|Hidden Power|p1a: Rotom-Wash
|-supereffective|p1a: Rotom-Wash
|-damage|p1a: Rotom-Wash|86\/304
|
|-heal|p1a: Rotom-Wash|105\/304|[from] item: Leftovers
|turn|17
|
|switch|p1a: Landorus-Therian|Landorus-Therian, M|325\/325
|-ability|p1a: Landorus-Therian|Intimidate|[of] p2a: Lavaster
|-unboost|p2a: Lavaster|atk|1
|move|p2a: Lavaster|Hidden Power|p1a: Landorus-Therian
|-damage|p1a: Landorus-Therian|179\/325
|
|turn|18
|
|switch|p2a: Lando-T|Landorus-Therian, M|382\/382
|-damage|p2a: Lando-T|335\/382|[from] Stealth Rock
|-ability|p2a: Lando-T|Intimidate|[of] p1a: Landorus-Therian
|-unboost|p1a: Landorus-Therian|atk|1
|move|p1a: Landorus-Therian|U-turn|p2a: Lando-T
|-resisted|p2a: Lando-T
|-damage|p2a: Lando-T|311\/382
|
|switch|p1a: Greninja|Greninja, M|285\/285
|-damage|p1a: Greninja|250\/285|[from] Spikes
|
|-heal|p2a: Lando-T|334\/382|[from] item: Leftovers
|turn|19
|
|switch|p2a: AzumAAA|Azumarill, F|68\/342 brn
|-damage|p2a: AzumAAA|26\/342 brn|[from] Stealth Rock
|move|p1a: Greninja|Ice Beam|p2a: AzumAAA
|-start|p1a: Greninja|typechange|Ice|[from] Protean
|-resisted|p2a: AzumAAA
|-damage|p2a: AzumAAA|0 fnt
|-damage|p1a: Greninja|222\/285|[from] item: Life Orb
|faint|p2a: AzumAAA
|
|
|switch|p2a: FlightGanon|Latios, M|302\/302
|-damage|p2a: FlightGanon|265\/302|[from] Stealth Rock
|turn|20
|
|switch|p1a: Empoleon|Empoleon, F|270\/372
|-damage|p1a: Empoleon|224\/372|[from] Spikes
|move|p2a: FlightGanon|Draco Meteor|p1a: Empoleon
|-resisted|p1a: Empoleon
|-damage|p1a: Empoleon|115\/372
|-unboost|p2a: FlightGanon|spa|2
|
|-heal|p1a: Empoleon|138\/372|[from] item: Leftovers
|turn|21
|
|switch|p2a: Lavaster|Heatran, F|258\/378
|-damage|p2a: Lavaster|211\/378|[from] Stealth Rock
|move|p1a: Empoleon|Ice Beam|p2a: Lavaster
|-resisted|p2a: Lavaster
|-damage|p2a: Lavaster|194\/378
|
|-heal|p1a: Empoleon|161\/372|[from] item: Leftovers
|turn|22
|
|move|p2a: Lavaster|Fire Blast|p1a: Empoleon
|-damage|p1a: Empoleon|0 fnt
|faint|p1a: Empoleon
|
|
|switch|p1a: Landorus-Therian|Landorus-Therian, M|179\/325
|-ability|p1a: Landorus-Therian|Intimidate|[of] p2a: Lavaster
|-unboost|p2a: Lavaster|atk|1
|turn|23
|
|move|p1a: Landorus-Therian|Earthquake|p2a: Lavaster
|-supereffective|p2a: Lavaster
|-damage|p2a: Lavaster|0 fnt
|faint|p2a: Lavaster
|
|
|switch|p2a: Lando-T|Landorus-Therian, M|334\/382
|-damage|p2a: Lando-T|287\/382|[from] Stealth Rock
|-ability|p2a: Lando-T|Intimidate|[of] p1a: Landorus-Therian
|-unboost|p1a: Landorus-Therian|atk|1
|turn|24
|
|switch|p1a: Gallade|Gallade-Mega, M|111\/277 par
|-damage|p1a: Gallade|77\/277 par|[from] Spikes
|move|p2a: Lando-T|Stealth Rock|p1a: Gallade
|-sidestart|p1: TheMundane|move: Stealth Rock
|
|-heal|p2a: Lando-T|310\/382|[from] item: Leftovers
|turn|25
|
|move|p2a: Lando-T|Earthquake|p1a: Gallade
|-damage|p1a: Gallade|0 fnt
|faint|p1a: Gallade
|
|-heal|p2a: Lando-T|333\/382|[from] item: Leftovers
|
|switch|p1a: Greninja|Greninja, M|222\/285
|-damage|p1a: Greninja|187\/285|[from] Spikes
|-damage|p1a: Greninja|152\/285|[from] Stealth Rock
|turn|26
|
|move|p1a: Greninja|Ice Beam|p2a: Lando-T
|-start|p1a: Greninja|typechange|Ice|[from] Protean
|-supereffective|p2a: Lando-T
|-damage|p2a: Lando-T|0 fnt
|-damage|p1a: Greninja|124\/285|[from] item: Life Orb
|faint|p2a: Lando-T
|
|
|switch|p2a: FlightGanon|Latios, M|265\/302
|-damage|p2a: FlightGanon|228\/302|[from] Stealth Rock
|turn|27
|
|switch|p1a: Rotom-Wash|Rotom-Wash|105\/304
|-damage|p1a: Rotom-Wash|67\/304|[from] Stealth Rock
|move|p2a: FlightGanon|Trick|p1a: Rotom-Wash
|-activate|p2a: FlightGanon|move: Trick|[of] p1a: Rotom-Wash
|-item|p1a: Rotom-Wash|Choice Scarf|[from] move: Trick
|-item|p2a: FlightGanon|Leftovers|[from] move: Trick
|
|-heal|p2a: FlightGanon|246\/302|[from] item: Leftovers
|turn|28
|
|move|p2a: FlightGanon|Psyshock|p1a: Rotom-Wash
|-damage|p1a: Rotom-Wash|0 fnt
|faint|p1a: Rotom-Wash
|
|-heal|p2a: FlightGanon|264\/302|[from] item: Leftovers
|
|switch|p1a: Greninja|Greninja, M|124\/285
|-damage|p1a: Greninja|89\/285|[from] Stealth Rock
|-damage|p1a: Greninja|54\/285|[from] Spikes
|turn|29
|
|move|p1a: Greninja|Ice Beam|p2a: FlightGanon
|-start|p1a: Greninja|typechange|Ice|[from] Protean
|-supereffective|p2a: FlightGanon
|-damage|p2a: FlightGanon|0 fnt
|-damage|p1a: Greninja|26\/285|[from] item: Life Orb
|faint|p2a: FlightGanon
|
|
|switch|p2a: Where At|Sceptile-Mega, F|165\/281
|-damage|p2a: Where At|130\/281|[from] Stealth Rock
|turn|30
|
|move|p2a: Where At|Dragon Pulse|p1a: Greninja
|-damage|p1a: Greninja|0 fnt
|faint|p1a: Greninja
|
|
|switch|p1a: Landorus-Therian|Landorus-Therian, M|179\/325
|-damage|p1a: Landorus-Therian|139\/325|[from] Stealth Rock
|-ability|p1a: Landorus-Therian|Intimidate|[of] p2a: Where At
|-unboost|p2a: Where At|atk|1
|turn|31
|
|move|p1a: Landorus-Therian|Explosion|p2a: Where At
|-damage|p2a: Where At|0 fnt
|faint|p1a: Landorus-Therian
|faint|p2a: Where At
|
|win|TheMundane
|raw|Ladder updating...
|raw|TheMundane's rating: 1529 &rarr; <strong>1540<\/strong><br \/>(+11 for winning)
|raw|Nagari's rating: 1340 &rarr; <strong>1330<\/strong><br \/>(-10 for losing)
|c|âTheMundane|gg
|c|âNagari|LOL
|c|âNagari|gg