|join|Reverb
|join|TheMundane
|player|p1|Reverb|#reverb
|player|p2|TheMundane|238
|gametype|singles
|gen|6
|tier|OU
|rated
|clearpoke
|poke|p1|Scizor, M
|poke|p1|Diggersby, M, shiny
|poke|p1|Raikou, shiny
|poke|p1|Azelf
|poke|p1|Greninja, F
|poke|p1|Latios, M, shiny
|poke|p2|Tangrowth, M
|poke|p2|Suicune
|poke|p2|Landorus-Therian, M
|poke|p2|Heracross, M
|poke|p2|Heatran, M
|poke|p2|Latios, M
|rule|Swagger Clause: Swagger is banned
|rule|Baton Pass Clause: Limit one PokÃ©mon knowing Baton Pass
|rule|Sleep Clause Mod: Limit one foe put to sleep
|rule|Species Clause: Limit one of each PokÃ©mon
|rule|OHKO Clause: OHKO moves are banned
|rule|Moody Clause: Moody is banned
|rule|Evasion Moves Clause: Evasion moves are banned
|rule|Endless Battle Clause: Forcing endless battles is banned
|rule|HP Percentage Mod: HP is shown in percentages
|teampreview
|join|Squirrelll
|join|Vipers
|join|Cosine180
|
|start
|switch|p1a: Raikou|Raikou, shiny|329\/329
|switch|p2a: Heracross|Heracross, M|311\/311
|-ability|p1a: Raikou|Pressure
|turn|1
|join|haunter
|
|switch|p2a: Tangrowth|Tangrowth, M|404\/404
|move|p1a: Raikou|Volt Switch|p2a: Tangrowth
|-resisted|p2a: Tangrowth
|-damage|p2a: Tangrowth|338\/404
|
|switch|p1a: Azelf|Azelf|291\/291
|
|turn|2
|
|move|p1a: Azelf|Stealth Rock|p2a: Tangrowth
|-sidestart|p2: TheMundane|move: Stealth Rock
|move|p2a: Tangrowth|Knock Off|p1a: Azelf
|-supereffective|p1a: Azelf
|-damage|p1a: Azelf|81\/291
|-enditem|p1a: Azelf|Focus Sash|[from] move: Knock Off|[of] p2a: Tangrowth
|
|turn|3
|
|switch|p2a: Heatran|Heatran, M|386\/386
|-damage|p2a: Heatran|338\/386|[from] Stealth Rock
|move|p1a: Azelf|Fire Blast|p2a: Heatran
|-start|p2a: Heatran|ability: Flash Fire
|
|-heal|p2a: Heatran|362\/386|[from] item: Leftovers
|turn|4
|join|Finchinator
|leave|Finchinator
|
|switch|p1a: hoes on mah bed|Diggersby, M, shiny|311\/311
|move|p2a: Heatran|Lava Plume|p1a: hoes on mah bed
|-damage|p1a: hoes on mah bed|82\/311
|-status|p1a: hoes on mah bed|brn
|
|-heal|p2a: Heatran|386\/386|[from] item: Leftovers
|-damage|p1a: hoes on mah bed|44\/311 brn|[from] brn
|turn|5
|c| Cosine180|?
|
|switch|p2a: Landorus-Therian|Landorus-Therian, M|319\/319
|-damage|p2a: Landorus-Therian|280\/319|[from] Stealth Rock
|-ability|p2a: Landorus-Therian|Intimidate|[of] p1a: hoes on mah bed
|-unboost|p1a: hoes on mah bed|atk|1
|move|p1a: hoes on mah bed|Return|p2a: Landorus-Therian
|-damage|p2a: Landorus-Therian|175\/319
|-damage|p1a: hoes on mah bed|13\/311 brn|[from] item: Life Orb
|
|-damage|p1a: hoes on mah bed|0 fnt|[from] brn
|faint|p1a: hoes on mah bed
|
|switch|p1a: Scizor|Scizor, M|307\/307
|turn|6
|join|Gizmoâ
|
|switch|p2a: Suicune|Suicune|404\/404
|-damage|p2a: Suicune|354\/404|[from] Stealth Rock
|-ability|p2a: Suicune|Pressure
|detailschange|p1a: Scizor|Scizor-Mega, M
|message|Scizor has Mega Evolved into Mega Scizor!
|move|p1a: Scizor|Swords Dance|p1a: Scizor
|-boost|p1a: Scizor|atk|2
|
|-heal|p2a: Suicune|379\/404|[from] item: Leftovers
|turn|7
|
|move|p1a: Scizor|Bug Bite|p2a: Suicune
|-damage|p2a: Suicune|102\/404
|move|p2a: Suicune|Scald|p1a: Scizor
|-damage|p1a: Scizor|222\/307
|
|-heal|p2a: Suicune|127\/404|[from] item: Leftovers
|turn|8
|join|Ox the Fox
|
|move|p1a: Scizor|Superpower|p2a: Suicune
|-damage|p2a: Suicune|0 fnt
|-unboost|p1a: Scizor|atk|1
|-unboost|p1a: Scizor|def|1
|faint|p2a: Suicune
|
|c| Gizmoâ|what was lost by clicking sd again
|c| Ox the Fox|a burn
|c|âReverb|burn
|c| Vipers|possible burn
|c| Gizmoâ|either way
|c| Gizmoâ|you risk burn once
|c| Ox the Fox|not worth it imo
|
|switch|p2a: Heracross|Heracross, M|311\/311
|-damage|p2a: Heracross|273\/311|[from] Stealth Rock
|turn|9
|
|detailschange|p2a: Heracross|Heracross-Mega, M
|message|Heracross has Mega Evolved into Mega Heracross!
|move|p1a: Scizor|Bullet Punch|p2a: Heracross
|-crit|p2a: Heracross
|-damage|p2a: Heracross|5\/311
|move|p2a: Heracross|Close Combat|p1a: Scizor
|-damage|p1a: Scizor|0 fnt
|-unboost|p2a: Heracross|def|1
|-unboost|p2a: Heracross|spd|1
|faint|p1a: Scizor
|
|
|switch|p1a: Greninja|Greninja, F|285\/285
|turn|10
|
|move|p1a: Greninja|Ice Beam|p2a: Heracross
|-start|p1a: Greninja|typechange|Ice|[from] Protean
|-crit|p2a: Heracross
|-damage|p2a: Heracross|0 fnt
|-damage|p1a: Greninja|257\/285|[from] item: Life Orb
|faint|p2a: Heracross
|
|
|switch|p2a: Tangrowth|Tangrowth, M|404\/404
|-damage|p2a: Tangrowth|354\/404|[from] Stealth Rock
|turn|11
|
|switch|p1a: Azelf|Azelf|81\/291
|move|p2a: Tangrowth|Knock Off|p1a: Azelf
|-supereffective|p1a: Azelf
|-damage|p1a: Azelf|0 fnt
|faint|p1a: Azelf
|
|
|switch|p1a: Raikou|Raikou, shiny|329\/329
|-ability|p1a: Raikou|Pressure
|turn|12
|
|move|p1a: Raikou|Shadow Ball|p2a: Tangrowth
|-damage|p2a: Tangrowth|258\/404
|move|p2a: Tangrowth|Knock Off|p1a: Raikou
|-damage|p1a: Raikou|238\/329
|-enditem|p1a: Raikou|Choice Specs|[from] move: Knock Off|[of] p2a: Tangrowth
|
|turn|13
|
|move|p1a: Raikou|Hidden Power|p2a: Tangrowth
|-supereffective|p2a: Tangrowth
|-damage|p2a: Tangrowth|162\/404
|move|p2a: Tangrowth|Knock Off|p1a: Raikou
|-damage|p1a: Raikou|171\/329
|
|turn|14
|
|switch|p2a: Latios|Latios, M|301\/301
|-damage|p2a: Latios|264\/301|[from] Stealth Rock
|move|p1a: Raikou|Hidden Power|p2a: Latios
|-supereffective|p2a: Latios
|-damage|p2a: Latios|144\/301
|
|turn|15
|join|RNGzus
|
|move|p1a: Raikou|Shadow Ball|p2a: Latios
|-supereffective|p2a: Latios
|-damage|p2a: Latios|0 fnt
|faint|p2a: Latios
|
|
|switch|p2a: Heatran|Heatran, M|386\/386
|-damage|p2a: Heatran|338\/386|[from] Stealth Rock
|turn|16
|
|move|p1a: Raikou|Volt Switch|p2a: Heatran
|-damage|p2a: Heatran|244\/386
|
|switch|p1a: Greninja|Greninja, F|257\/285
|move|p2a: Heatran|Stealth Rock|p1a: Greninja
|-sidestart|p1: Reverb|move: Stealth Rock
|
|-heal|p2a: Heatran|268\/386|[from] item: Leftovers
|turn|17
|join|jake5
|
|switch|p2a: Tangrowth|Tangrowth, M|296\/404
|-damage|p2a: Tangrowth|246\/404|[from] Stealth Rock
|move|p1a: Greninja|Low Kick|p2a: Tangrowth
|-start|p1a: Greninja|typechange|Fighting|[from] Protean
|-damage|p2a: Tangrowth|113\/404
|-damage|p1a: Greninja|229\/285|[from] item: Life Orb
|
|turn|18
|leave|Cosine180
|join|I Iike Squirtles
|
|move|p1a: Greninja|Ice Beam|p2a: Tangrowth
|-start|p1a: Greninja|typechange|Ice|[from] Protean
|-supereffective|p2a: Tangrowth
|-damage|p2a: Tangrowth|0 fnt
|-damage|p1a: Greninja|201\/285|[from] item: Life Orb
|faint|p2a: Tangrowth
|
|
|switch|p2a: Landorus-Therian|Landorus-Therian, M|175\/319
|-damage|p2a: Landorus-Therian|136\/319|[from] Stealth Rock
|-ability|p2a: Landorus-Therian|Intimidate|[of] p1a: Greninja
|-unboost|p1a: Greninja|atk|1
|turn|19
|
|switch|p1a: Raikou|Raikou, shiny|171\/329
|-damage|p1a: Raikou|130\/329|[from] Stealth Rock
|-ability|p1a: Raikou|Pressure
|move|p2a: Landorus-Therian|Earthquake|p1a: Raikou
|-supereffective|p1a: Raikou
|-damage|p1a: Raikou|0 fnt
|faint|p1a: Raikou
|
|join|Dell
|
|switch|p1a: Latios|Latios, M, shiny|301\/301
|-damage|p1a: Latios|264\/301|[from] Stealth Rock
|turn|20
|
|move|p1a: Latios|Surf|p2a: Landorus-Therian
|-supereffective|p2a: Landorus-Therian
|-damage|p2a: Landorus-Therian|0 fnt
|faint|p2a: Landorus-Therian
|
|
|switch|p2a: Heatran|Heatran, M|268\/386
|-damage|p2a: Heatran|220\/386|[from] Stealth Rock
|turn|21
|
|move|p1a: Latios|Surf|p2a: Heatran
|-supereffective|p2a: Heatran
|-damage|p2a: Heatran|54\/386
|move|p2a: Heatran|Toxic|p1a: Latios
|-status|p1a: Latios|tox
|
|-heal|p2a: Heatran|78\/386|[from] item: Leftovers
|-damage|p1a: Latios|246\/301 tox|[from] psn
|turn|22
|c|âTheMundane|gg
|join|m00n's blanket
|c|âReverb|gg
|-message|TheMundane forfeited.
|
|win|Reverb
|raw|Ladder updating...