|join|Aka DH
|join|TheMundane
|player|p1|Aka DH|1
|player|p2|TheMundane|238
|gametype|singles
|gen|6
|tier|OU
|rated
|clearpoke
|poke|p1|Bisharp, F
|poke|p1|Venusaur, F
|poke|p1|Heatran, M
|poke|p1|Keldeo
|poke|p1|Chansey, F
|poke|p1|Skarmory, F
|poke|p2|Azumarill, F
|poke|p2|Diggersby, F
|poke|p2|Latios, M
|poke|p2|Landorus-Therian, M
|poke|p2|Scizor, F
|poke|p2|Kyurem-Black
|rule|Swagger Clause: Swagger is banned
|rule|Baton Pass Clause: Limit one PokÃ©mon knowing Baton Pass
|rule|Sleep Clause Mod: Limit one foe put to sleep
|rule|Species Clause: Limit one of each PokÃ©mon
|rule|OHKO Clause: OHKO moves are banned
|rule|Moody Clause: Moody is banned
|rule|Evasion Moves Clause: Evasion moves are banned
|rule|Endless Battle Clause: Forcing endless battles is banned
|rule|HP Percentage Mod: HP is shown in percentages
|teampreview
|join|jake5
|
|start
|switch|p1a: Heatran|Heatran, M|340\/340
|switch|p2a: Azumarill|Azumarill, F|360\/360
|-item|p1a: Heatran|Air Balloon
|turn|1
|
|move|p1a: Heatran|Stealth Rock|p2a: Azumarill
|-sidestart|p2: TheMundane|move: Stealth Rock
|move|p2a: Azumarill|Waterfall|p1a: Heatran
|-supereffective|p1a: Heatran
|-damage|p1a: Heatran|0 fnt
|-enditem|p1a: Heatran|Air Balloon
|faint|p1a: Heatran
|
|
|switch|p1a: Keldeo|Keldeo|323\/323
|turn|2
|
|move|p1a: Keldeo|Icy Wind|p2a: Azumarill
|-resisted|p2a: Azumarill
|-damage|p2a: Azumarill|322\/360
|-unboost|p2a: Azumarill|spe|1
|move|p2a: Azumarill|Waterfall|p1a: Keldeo
|-resisted|p1a: Keldeo
|-damage|p1a: Keldeo|177\/323
|
|-heal|p1a: Keldeo|197\/323|[from] item: Leftovers
|turn|3
|
|switch|p1a: Venusaur|Venusaur, F|364\/364
|move|p2a: Azumarill|Waterfall|p1a: Venusaur
|-resisted|p1a: Venusaur
|-damage|p1a: Venusaur|262\/364
|
|turn|4
|
|switch|p1a: Bisharp|Bisharp, F|334\/334
|switch|p2a: Latios|Latios, M|301\/301
|-damage|p2a: Latios|264\/301|[from] Stealth Rock
|
|turn|5
|
|move|p2a: Latios|Draco Meteor|p1a: Bisharp
|-resisted|p1a: Bisharp
|-damage|p1a: Bisharp|123\/334
|-unboost|p2a: Latios|spa|2
|-damage|p2a: Latios|234\/301|[from] item: Life Orb
|move|p1a: Bisharp|Knock Off|p2a: Latios
|-crit|p2a: Latios
|-supereffective|p2a: Latios
|-damage|p2a: Latios|0 fnt
|-enditem|p2a: Latios|Life Orb|[from] move: Knock Off|[of] p1a: Bisharp
|faint|p2a: Latios
|
|-heal|p1a: Bisharp|143\/334|[from] item: Leftovers
|
|switch|p2a: Diggersby|Diggersby, F|311\/311
|-damage|p2a: Diggersby|292\/311|[from] Stealth Rock
|turn|6
|
|switch|p1a: Skarmory|Skarmory, F|334\/334
|move|p2a: Diggersby|Return|p1a: Skarmory
|-resisted|p1a: Skarmory
|-damage|p1a: Skarmory|229\/334
|-damage|p2a: Diggersby|241\/311|[from] item: Rocky Helmet|[of] p1a: Skarmory
|-damage|p2a: Diggersby|210\/311|[from] item: Life Orb
|
|turn|7
|
|move|p2a: Diggersby|Fire Punch|p1a: Skarmory
|-supereffective|p1a: Skarmory
|-damage|p1a: Skarmory|42\/334
|-damage|p2a: Diggersby|159\/311|[from] item: Rocky Helmet|[of] p1a: Skarmory
|-damage|p2a: Diggersby|128\/311|[from] item: Life Orb
|move|p1a: Skarmory|Spikes|p2a: Diggersby
|-sidestart|p2: TheMundane|Spikes
|
|turn|8
|
|move|p2a: Diggersby|Return|p1a: Skarmory
|-resisted|p1a: Skarmory
|-damage|p1a: Skarmory|0 fnt
|-damage|p2a: Diggersby|77\/311|[from] item: Rocky Helmet|[of] p1a: Skarmory
|-damage|p2a: Diggersby|46\/311|[from] item: Life Orb
|faint|p1a: Skarmory
|
|
|switch|p1a: Bisharp|Bisharp, F|143\/334
|turn|9
|
|move|p2a: Diggersby|Quick Attack|p1a: Bisharp
|-resisted|p1a: Bisharp
|-damage|p1a: Bisharp|85\/334
|-damage|p2a: Diggersby|15\/311|[from] item: Life Orb
|move|p1a: Bisharp|Sucker Punch|p2a: Diggersby
|-fail|p2a: Diggersby
|
|-heal|p1a: Bisharp|105\/334|[from] item: Leftovers
|turn|10
|
|move|p2a: Diggersby|Quick Attack|p1a: Bisharp
|-resisted|p1a: Bisharp
|-damage|p1a: Bisharp|50\/334
|-damage|p2a: Diggersby|0 fnt|[from] item: Life Orb
|faint|p2a: Diggersby
|move|p1a: Bisharp|Sucker Punch|p2: Diggersby|[notarget]
|-notarget
|
|-heal|p1a: Bisharp|70\/334|[from] item: Leftovers
|
|switch|p2a: Azumarill|Azumarill, F|322\/360
|-damage|p2a: Azumarill|277\/360|[from] Spikes
|-damage|p2a: Azumarill|232\/360|[from] Stealth Rock
|turn|11
|
|switch|p1a: Venusaur|Venusaur, F|262\/364
|move|p2a: Azumarill|Aqua Jet|p1a: Venusaur
|-resisted|p1a: Venusaur
|-damage|p1a: Venusaur|205\/364
|
|turn|12
|
|switch|p2a: Kyurem-Black|Kyurem-Black|391\/391
|-damage|p2a: Kyurem-Black|294\/391|[from] Stealth Rock
|-damage|p2a: Kyurem-Black|246\/391|[from] Spikes
|-ability|p2a: Kyurem-Black|Teravolt
|detailschange|p1a: Venusaur|Venusaur-Mega, F
|message|Venusaur has Mega Evolved into Mega Venusaur!
|move|p1a: Venusaur|Synthesis|p1a: Venusaur
|-heal|p1a: Venusaur|364\/364
|
|turn|13
|
|switch|p1a: Chansey|Chansey, F|684\/684
|move|p2a: Kyurem-Black|Outrage|p1a: Chansey
|-damage|p1a: Chansey|362\/684
|
|turn|14
|
|move|p2a: Kyurem-Black|Outrage|p1a: Chansey
|-damage|p1a: Chansey|0 fnt
|faint|p1a: Chansey
|
|
|switch|p1a: Bisharp|Bisharp, F|70\/334
|turn|15
|
|move|p1a: Bisharp|Sucker Punch|p2a: Kyurem-Black
|-damage|p2a: Kyurem-Black|101\/391
|move|p2a: Kyurem-Black|Outrage|p1a: Bisharp
|-resisted|p1a: Bisharp
|-damage|p1a: Bisharp|0 fnt
|faint|p1a: Bisharp
|
|-end|p2a: Kyurem-Black|rampage
|-start|p2a: Kyurem-Black|confusion
|
|switch|p1a: Keldeo|Keldeo|197\/323
|turn|16
|
|-activate|p2a: Kyurem-Black|confusion
|-damage|p2a: Kyurem-Black|46\/391|[from] confusion
|move|p1a: Keldeo|Secret Sword|p2a: Kyurem-Black
|-supereffective|p2a: Kyurem-Black
|-damage|p2a: Kyurem-Black|0 fnt
|faint|p2a: Kyurem-Black
|
|-heal|p1a: Keldeo|217\/323|[from] item: Leftovers
|
|switch|p2a: Azumarill|Azumarill, F|232\/360
|-damage|p2a: Azumarill|187\/360|[from] Stealth Rock
|-damage|p2a: Azumarill|142\/360|[from] Spikes
|turn|17
|
|switch|p1a: Venusaur|Venusaur-Mega, F|364\/364
|switch|p2a: Landorus-Therian|Landorus-Therian, M|379\/379
|-damage|p2a: Landorus-Therian|332\/379|[from] Stealth Rock
|-ability|p2a: Landorus-Therian|Intimidate|[of] p1a: Venusaur
|-unboost|p1a: Venusaur|atk|1
|
|-heal|p2a: Landorus-Therian|355\/379|[from] item: Leftovers
|turn|18
|
|move|p2a: Landorus-Therian|Stealth Rock|p1a: Venusaur
|-sidestart|p1: Aka DH|move: Stealth Rock
|move|p1a: Venusaur|Leech Seed|p2a: Landorus-Therian
|-start|p2a: Landorus-Therian|move: Leech Seed
|
|-heal|p2a: Landorus-Therian|378\/379|[from] item: Leftovers
|-damage|p2a: Landorus-Therian|331\/379|[from] Leech Seed|[of] p1a: Venusaur
|turn|19
|
|move|p2a: Landorus-Therian|Earthquake|p1a: Venusaur
|-damage|p1a: Venusaur|255\/364
|move|p1a: Venusaur|Giga Drain|p2a: Landorus-Therian
|-damage|p2a: Landorus-Therian|204\/379
|-heal|p1a: Venusaur|319\/364|[from] drain|[of] p2a: Landorus-Therian
|
|-heal|p2a: Landorus-Therian|227\/379|[from] item: Leftovers
|-damage|p2a: Landorus-Therian|180\/379|[from] Leech Seed|[of] p1a: Venusaur
|-heal|p1a: Venusaur|364\/364|[silent]
|turn|20
|
|move|p2a: Landorus-Therian|U-turn|p1a: Venusaur
|-damage|p1a: Venusaur|316\/364
|
|switch|p2a: Azumarill|Azumarill, F|142\/360
|-damage|p2a: Azumarill|97\/360|[from] Stealth Rock
|-damage|p2a: Azumarill|52\/360|[from] Spikes
|move|p1a: Venusaur|Hidden Power|p2a: Azumarill
|-resisted|p2a: Azumarill
|-damage|p2a: Azumarill|21\/360
|
|turn|21
|
|move|p1a: Venusaur|Giga Drain|p2a: Azumarill
|-supereffective|p2a: Azumarill
|-damage|p2a: Azumarill|0 fnt
|-heal|p1a: Venusaur|327\/364|[from] drain|[of] p2a: Azumarill
|faint|p2a: Azumarill
|
|
|switch|p2a: Scizor|Scizor, F|281\/281
|-damage|p2a: Scizor|246\/281|[from] Spikes
|-damage|p2a: Scizor|211\/281|[from] Stealth Rock
|turn|22
|
|detailschange|p2a: Scizor|Scizor-Mega, F
|message|Scizor has Mega Evolved into Mega Scizor!
|move|p2a: Scizor|Swords Dance|p2a: Scizor
|-boost|p2a: Scizor|atk|2
|move|p1a: Venusaur|Hidden Power|p2a: Scizor
|-supereffective|p2a: Scizor
|-damage|p2a: Scizor|7\/281
|
|turn|23
|
|move|p2a: Scizor|Bug Bite|p1a: Venusaur
|-damage|p1a: Venusaur|90\/364
|move|p1a: Venusaur|Hidden Power|p2a: Scizor
|-supereffective|p2a: Scizor
|-damage|p2a: Scizor|0 fnt
|faint|p2a: Scizor
|
|c|âTheMundane|gg
|
|switch|p2a: Landorus-Therian|Landorus-Therian, M|180\/379
|-damage|p2a: Landorus-Therian|133\/379|[from] Stealth Rock
|-ability|p2a: Landorus-Therian|Intimidate|[of] p1a: Venusaur
|-unboost|p1a: Venusaur|atk|1
|turn|24
|
|move|p2a: Landorus-Therian|Earthquake|p1a: Venusaur
|-damage|p1a: Venusaur|0 fnt
|faint|p1a: Venusaur
|
|-heal|p2a: Landorus-Therian|156\/379|[from] item: Leftovers
|
|switch|p1a: Keldeo|Keldeo|217\/323
|-damage|p1a: Keldeo|197\/323|[from] Stealth Rock
|turn|25
|
|move|p1a: Keldeo|Scald|p2a: Landorus-Therian
|-supereffective|p2a: Landorus-Therian
|-damage|p2a: Landorus-Therian|0 fnt
|faint|p2a: Landorus-Therian
|
|win|Aka DH
|raw|Ladder updating...
|leave|TheMundane
|player|p2
|raw|Aka DH's rating: 1836 &rarr; <strong>1844<\/strong><br \/>(+8 for winning)
|raw|TheMundane's rating: 1610 &rarr; <strong>1602<\/strong><br \/>(-8 for losing)