|join|Se7enflags
|join|TheMundane
|player|p1|Se7enflags|198
|player|p2|TheMundane|222
|gametype|singles
|gen|6
|tier|OU
|rated
|clearpoke
|poke|p1|Volcarona, F
|poke|p1|Weavile, F
|poke|p1|Venusaur, F
|poke|p1|Azumarill, M
|poke|p1|Excadrill, F
|poke|p1|Hydreigon, F
|poke|p2|Metagross
|poke|p2|Keldeo
|poke|p2|Ferrothorn, F
|poke|p2|Latios, M
|poke|p2|Heatran, F
|poke|p2|Landorus-Therian, M
|rule|Swagger Clause: Swagger is banned
|rule|Baton Pass Clause: Limit one PokÃ©mon knowing Baton Pass
|rule|Sleep Clause Mod: Limit one foe put to sleep
|rule|Species Clause: Limit one of each PokÃ©mon
|rule|OHKO Clause: OHKO moves are banned
|rule|Moody Clause: Moody is banned
|rule|Evasion Moves Clause: Evasion moves are banned
|rule|Endless Battle Clause: Forcing endless battles is banned
|rule|HP Percentage Mod: HP is shown in percentages
|teampreview
|
|start
|switch|p1a: Hydreigon|Hydreigon, F|325\/325
|switch|p2a: Heatran|Heatran, F|323\/323
|turn|1
|
|switch|p2a: Keldeo|Keldeo|323\/323
|move|p1a: Hydreigon|Earth Power|p2a: Keldeo
|-damage|p2a: Keldeo|210\/323
|
|-heal|p2a: Keldeo|230\/323|[from] item: Leftovers
|turn|2
|
|switch|p1a: Venusaur|Venusaur, F|359\/359
|move|p2a: Keldeo|Scald|p1a: Venusaur
|-resisted|p1a: Venusaur
|-damage|p1a: Venusaur|288\/359
|
|-heal|p2a: Keldeo|250\/323|[from] item: Leftovers
|turn|3
|
|switch|p2a: Ferrothorn|Ferrothorn, F|352\/352
|detailschange|p1a: Venusaur|Venusaur-Mega, F
|-mega|p1a: Venusaur|Venusaur|Venusaurite
|move|p1a: Venusaur|Giga Drain|p2a: Ferrothorn
|-crit|p2a: Ferrothorn
|-resisted|p2a: Ferrothorn
|-damage|p2a: Ferrothorn|311\/352
|-heal|p1a: Venusaur|309\/359|[from] drain|[of] p2a: Ferrothorn
|
|-heal|p2a: Ferrothorn|333\/352|[from] item: Leftovers
|turn|4
|
|switch|p2a: Heatran|Heatran, F|323\/323
|move|p1a: Venusaur|Hidden Power|p2a: Heatran
|-start|p2a: Heatran|ability: Flash Fire
|
|turn|5
|
|switch|p1a: Hydreigon|Hydreigon, F|325\/325
|move|p2a: Heatran|Lava Plume|p1a: Hydreigon
|-resisted|p1a: Hydreigon
|-damage|p1a: Hydreigon|205\/325
|
|turn|6
|
|switch|p2a: Ferrothorn|Ferrothorn, F|333\/352
|move|p1a: Hydreigon|Dark Pulse|p2a: Ferrothorn
|-damage|p2a: Ferrothorn|239\/352
|
|-heal|p2a: Ferrothorn|261\/352|[from] item: Leftovers
|turn|7
|
|switch|p1a: Excadrill|Excadrill, F|361\/361
|-ability|p1a: Excadrill|Mold Breaker
|-item|p1a: Excadrill|Air Balloon
|move|p2a: Ferrothorn|Spikes|p1a: Excadrill
|-sidestart|p1: Se7enflags|Spikes
|
|-heal|p2a: Ferrothorn|283\/352|[from] item: Leftovers
|turn|8
|
|move|p1a: Excadrill|Stealth Rock|p2a: Ferrothorn
|-sidestart|p2: TheMundane|move: Stealth Rock
|move|p2a: Ferrothorn|Gyro Ball|p1a: Excadrill
|-resisted|p1a: Excadrill
|-damage|p1a: Excadrill|241\/361
|-enditem|p1a: Excadrill|Air Balloon
|
|-heal|p2a: Ferrothorn|305\/352|[from] item: Leftovers
|turn|9
|
|switch|p1a: Venusaur|Venusaur-Mega, F|309\/359
|-damage|p1a: Venusaur|265\/359|[from] Spikes
|switch|p2a: Landorus-Therian|Landorus-Therian, M|379\/379
|-damage|p2a: Landorus-Therian|332\/379|[from] Stealth Rock
|-ability|p2a: Landorus-Therian|Intimidate|[of] p1a: Venusaur
|-unboost|p1a: Venusaur|atk|1
|
|-heal|p2a: Landorus-Therian|355\/379|[from] item: Leftovers
|turn|10
|
|move|p2a: Landorus-Therian|Stealth Rock|p1a: Venusaur
|-sidestart|p1: Se7enflags|move: Stealth Rock
|move|p1a: Venusaur|Giga Drain|p2a: Landorus-Therian
|-damage|p2a: Landorus-Therian|177\/379
|-heal|p1a: Venusaur|354\/359|[from] drain|[of] p2a: Landorus-Therian
|
|-heal|p2a: Landorus-Therian|200\/379|[from] item: Leftovers
|turn|11
|
|move|p2a: Landorus-Therian|U-turn|p1a: Venusaur
|-damage|p1a: Venusaur|291\/359
|
|switch|p2a: Metagross|Metagross|301\/301
|-damage|p2a: Metagross|283\/301|[from] Stealth Rock
|move|p1a: Venusaur|Giga Drain|p2a: Metagross
|-crit|p2a: Metagross
|-resisted|p2a: Metagross
|-damage|p2a: Metagross|162\/301
|-heal|p1a: Venusaur|352\/359|[from] drain|[of] p2a: Metagross
|
|turn|12
|
|detailschange|p2a: Metagross|Metagross-Mega
|-mega|p2a: Metagross|Metagross|Metagrossite
|move|p2a: Metagross|Meteor Mash|p1a: Venusaur
|-damage|p1a: Venusaur|165\/359
|move|p1a: Venusaur|Hidden Power|p2a: Metagross
|-supereffective|p2a: Metagross
|-damage|p2a: Metagross|14\/301
|
|turn|13
|
|move|p2a: Metagross|Meteor Mash|p1a: Venusaur
|-damage|p1a: Venusaur|0 fnt
|faint|p1a: Venusaur
|
|
|switch|p1a: Azumarill|Azumarill, M|401\/401
|-damage|p1a: Azumarill|351\/401|[from] Spikes
|-damage|p1a: Azumarill|301\/401|[from] Stealth Rock
|turn|14
|
|move|p2a: Metagross|Bullet Punch|p1a: Azumarill
|-damage|p1a: Azumarill|171\/401
|move|p1a: Azumarill|Aqua Jet|p2a: Metagross
|-damage|p2a: Metagross|0 fnt
|faint|p2a: Metagross
|
|
|switch|p2a: Latios|Latios, M|301\/301
|-damage|p2a: Latios|264\/301|[from] Stealth Rock
|turn|15
|
|move|p2a: Latios|Psyshock|p1a: Azumarill
|-damage|p1a: Azumarill|0 fnt
|-damage|p2a: Latios|234\/301|[from] item: Life Orb
|faint|p1a: Azumarill
|
|
|switch|p1a: Weavile|Weavile, F|281\/281
|-damage|p1a: Weavile|211\/281|[from] Stealth Rock
|-damage|p1a: Weavile|176\/281|[from] Spikes
|-ability|p1a: Weavile|Pressure
|turn|16
|
|move|p1a: Weavile|Knock Off|p2a: Latios
|-supereffective|p2a: Latios
|-damage|p2a: Latios|0 fnt
|-enditem|p2a: Latios|Life Orb|[from] move: Knock Off|[of] p1a: Weavile
|-damage|p1a: Weavile|148\/281|[from] item: Life Orb
|faint|p2a: Latios
|
|
|switch|p2a: Heatran|Heatran, F|323\/323
|-damage|p2a: Heatran|283\/323|[from] Stealth Rock
|turn|17
|
|move|p2a: Heatran|Lava Plume|p1a: Weavile
|-supereffective|p1a: Weavile
|-damage|p1a: Weavile|0 fnt
|faint|p1a: Weavile
|
|
|switch|p1a: Hydreigon|Hydreigon, F|205\/325
|-damage|p1a: Hydreigon|165\/325|[from] Stealth Rock
|turn|18
|
|switch|p2a: Keldeo|Keldeo|250\/323
|-damage|p2a: Keldeo|230\/323|[from] Stealth Rock
|move|p1a: Hydreigon|Dark Pulse|p2a: Keldeo
|-resisted|p2a: Keldeo
|-damage|p2a: Keldeo|158\/323
|-boost|p2a: Keldeo|atk|1|[from] ability: Justified
|
|-heal|p2a: Keldeo|178\/323|[from] item: Leftovers
|turn|19
|
|move|p1a: Hydreigon|Dark Pulse|p2a: Keldeo
|-resisted|p2a: Keldeo
|-damage|p2a: Keldeo|100\/323
|-boost|p2a: Keldeo|atk|1|[from] ability: Justified
|move|p2a: Keldeo|Secret Sword|p1a: Hydreigon
|-supereffective|p1a: Hydreigon
|-damage|p1a: Hydreigon|0 fnt
|faint|p1a: Hydreigon
|
|-heal|p2a: Keldeo|120\/323|[from] item: Leftovers
|
|switch|p1a: Excadrill|Excadrill, F|241\/361
|-damage|p1a: Excadrill|196\/361|[from] Spikes
|-damage|p1a: Excadrill|185\/361|[from] Stealth Rock
|-ability|p1a: Excadrill|Mold Breaker
|turn|20
|
|move|p2a: Keldeo|Scald|p1a: Excadrill
|-supereffective|p1a: Excadrill
|-damage|p1a: Excadrill|0 fnt
|faint|p1a: Excadrill
|
|-heal|p2a: Keldeo|140\/323|[from] item: Leftovers
|-message|Se7enflags forfeited.
|leave|Se7enflags
|
|win|TheMundane
|raw|Ladder updating...
|player|p1