|join|ryzed
|join|TheMundane
|player|p1|ryzed|165
|player|p2|TheMundane|224
|gametype|singles
|gen|6
|tier|OU
|rated
|clearpoke
|poke|p1|Latios, M
|poke|p1|Clefable, F
|poke|p1|Wobbuffet, F
|poke|p1|Slowbro, F
|poke|p1|Espeon, F
|poke|p1|Scolipede, F
|poke|p2|Pidgeot, F
|poke|p2|Dugtrio, M
|poke|p2|Serperior, M
|poke|p2|Hydreigon, F
|poke|p2|Hippowdon, M
|poke|p2|Empoleon, F
|rule|Swagger Clause: Swagger is banned
|rule|Baton Pass Clause: Limit one PokÃ©mon knowing Baton Pass
|rule|Sleep Clause Mod: Limit one foe put to sleep
|rule|Species Clause: Limit one of each PokÃ©mon
|rule|OHKO Clause: OHKO moves are banned
|rule|Moody Clause: Moody is banned
|rule|Evasion Moves Clause: Evasion moves are banned
|rule|Endless Battle Clause: Forcing endless battles is banned
|rule|HP Percentage Mod: HP is shown in percentages
|teampreview
|
|start
|switch|p1a: Latios|Latios, M|364\/364
|switch|p2a: Empoleon|Empoleon, F|371\/371
|turn|1
|
|move|p1a: Latios|Light Screen|p1a: Latios
|-sidestart|p1: ryzed|move: Light Screen
|move|p2a: Empoleon|Toxic|p1a: Latios
|-status|p1a: Latios|tox
|
|-damage|p1a: Latios|342\/364 tox|[from] psn
|turn|2
|
|move|p1a: Latios|Reflect|p1a: Latios
|-sidestart|p1: ryzed|Reflect
|move|p2a: Empoleon|Defog|p1a: Latios
|-unboost|p1a: Latios|evasion|1
|-sideend|p1: ryzed|Reflect
|-sideend|p1: ryzed|Reflect|[from] move: Defog|[of] p1a: Latios
|-sideend|p1: ryzed|move: Light Screen
|-sideend|p1: ryzed|Light Screen|[from] move: Defog|[of] p1a: Latios
|
|-damage|p1a: Latios|298\/364 tox|[from] psn
|turn|3
|
|move|p1a: Latios|Light Screen|p1a: Latios
|-sidestart|p1: ryzed|move: Light Screen
|move|p2a: Empoleon|Defog|p1a: Latios
|-unboost|p1a: Latios|evasion|1
|-sideend|p1: ryzed|move: Light Screen
|-sideend|p1: ryzed|Light Screen|[from] move: Defog|[of] p1a: Latios
|
|-damage|p1a: Latios|232\/364 tox|[from] psn
|turn|4
|
|move|p1a: Latios|Memento|p2a: Empoleon
|-unboost|p2a: Empoleon|atk|2
|-unboost|p2a: Empoleon|spa|2
|faint|p1a: Latios
|move|p2a: Empoleon|Defog|p1: Latios|[notarget]
|-notarget
|
|
|switch|p1a: Scolipede|Scolipede, F|323\/323
|turn|5
|
|move|p1a: Scolipede|Iron Defense|p1a: Scolipede
|-boost|p1a: Scolipede|def|2
|move|p2a: Empoleon|Roar|p1a: Scolipede
|drag|p1a: Slowbro|Slowbro, F|394\/394
|
|turn|6
|c|âryzed|rofl
|
|switch|p1a: Espeon|Espeon, F|334\/334
|move|p2a: Empoleon|Scald|p1a: Espeon
|-damage|p1a: Espeon|277\/334
|
|-heal|p1a: Espeon|297\/334|[from] item: Leftovers
|turn|7
|
|switch|p2a: Serperior|Serperior, M|291\/291
|move|p1a: Espeon|Calm Mind|p1a: Espeon
|-boost|p1a: Espeon|spa|1
|-boost|p1a: Espeon|spd|1
|
|-heal|p1a: Espeon|317\/334|[from] item: Leftovers
|turn|8
|
|switch|p1a: Scolipede|Scolipede, F|323\/323
|move|p2a: Serperior|Leaf Storm|p1a: Scolipede
|-resisted|p1a: Scolipede
|-damage|p1a: Scolipede|253\/323
|-boost|p2a: Serperior|spa|2
|-damage|p2a: Serperior|262\/291|[from] item: Life Orb
|
|turn|9
|
|move|p1a: Scolipede|Protect|p1a: Scolipede
|-singleturn|p1a: Scolipede|Protect
|move|p2a: Serperior|Hidden Power|p1a: Scolipede
|-activate|p1a: Scolipede|Protect
|
|-boost|p1a: Scolipede|spe|1|[from] ability: Speed Boost
|turn|10
|
|move|p1a: Scolipede|Substitute|p1a: Scolipede
|-start|p1a: Scolipede|Substitute
|-damage|p1a: Scolipede|173\/323
|move|p2a: Serperior|Leaf Storm|p1a: Scolipede
|-resisted|p1a: Scolipede
|-end|p1a: Scolipede|Substitute
|-boost|p2a: Serperior|spa|2
|-damage|p2a: Serperior|233\/291|[from] item: Life Orb
|
|-boost|p1a: Scolipede|spe|1|[from] ability: Speed Boost
|turn|11
|
|move|p1a: Scolipede|Protect|p1a: Scolipede
|-singleturn|p1a: Scolipede|Protect
|move|p2a: Serperior|Hidden Power|p1a: Scolipede
|-activate|p1a: Scolipede|Protect
|
|-boost|p1a: Scolipede|spe|1|[from] ability: Speed Boost
|turn|12
|
|move|p1a: Scolipede|Baton Pass|p1a: Scolipede
|
|switch|p1a: Clefable|Clefable, F|394\/394
|move|p2a: Serperior|Leaf Storm|p1a: Clefable
|-damage|p1a: Clefable|225\/394
|-boost|p2a: Serperior|spa|2
|-damage|p2a: Serperior|204\/291|[from] item: Life Orb
|
|-heal|p1a: Clefable|249\/394|[from] item: Leftovers
|turn|13
|
|move|p1a: Clefable|Moonlight|p1a: Clefable
|-heal|p1a: Clefable|394\/394
|move|p2a: Serperior|Knock Off|p1a: Clefable
|-resisted|p1a: Clefable
|-damage|p1a: Clefable|359\/394
|-enditem|p1a: Clefable|Leftovers|[from] move: Knock Off|[of] p2a: Serperior
|-damage|p2a: Serperior|175\/291|[from] item: Life Orb
|
|turn|14
|
|switch|p1a: Wobbuffet|Wobbuffet, F|584\/584
|move|p2a: Serperior|Leaf Storm|p1a: Wobbuffet|[miss]
|-miss|p2a: Serperior|p1a: Wobbuffet
|
|turn|15
|
|move|p2a: Serperior|Leaf Storm|p1a: Wobbuffet|[miss]
|-miss|p2a: Serperior|p1a: Wobbuffet
|move|p1a: Wobbuffet|Mirror Coat|p2a: Serperior
|-fail|p2a: Serperior
|
|turn|16
|
|move|p2a: Serperior|Leaf Storm|p1a: Wobbuffet
|-damage|p1a: Wobbuffet|0 fnt
|-damage|p2a: Serperior|146\/291|[from] item: Life Orb
|faint|p1a: Wobbuffet
|
|
|switch|p1a: Clefable|Clefable, F|359\/394
|turn|17
|
|switch|p2a: Dugtrio|Dugtrio, M|200\/200
|move|p1a: Clefable|Moonblast|p2a: Dugtrio
|-crit|p2a: Dugtrio
|-enditem|p2a: Dugtrio|Focus Sash
|-damage|p2a: Dugtrio|1\/200
|
|turn|18
|
|move|p2a: Dugtrio|Toxic|p1a: Clefable
|-status|p1a: Clefable|tox
|move|p1a: Clefable|Moonlight|p1a: Clefable
|-heal|p1a: Clefable|394\/394 tox
|
|-damage|p1a: Clefable|370\/394 tox|[from] psn
|turn|19
|
|move|p2a: Dugtrio|Earthquake|p1a: Clefable
|-damage|p1a: Clefable|214\/394 tox
|move|p1a: Clefable|Moonblast|p2a: Dugtrio
|-damage|p2a: Dugtrio|0 fnt
|faint|p2a: Dugtrio
|
|-damage|p1a: Clefable|166\/394 tox|[from] psn
|
|switch|p2a: Pidgeot|Pidgeot, F|307\/307
|turn|20
|
|detailschange|p2a: Pidgeot|Pidgeot-Mega, F
|-mega|p2a: Pidgeot|Pidgeot|Pidgeotite
|move|p2a: Pidgeot|Work Up|p2a: Pidgeot
|-boost|p2a: Pidgeot|atk|1
|-boost|p2a: Pidgeot|spa|1
|move|p1a: Clefable|Moonblast|p2a: Pidgeot
|-damage|p2a: Pidgeot|183\/307
|
|-damage|p1a: Clefable|94\/394 tox|[from] psn
|turn|21
|
|move|p2a: Pidgeot|Hurricane|p1a: Clefable
|-damage|p1a: Clefable|0 fnt
|faint|p1a: Clefable
|
|
|switch|p1a: Espeon|Espeon, F|317\/334
|turn|22
|
|move|p2a: Pidgeot|Hurricane|p1a: Espeon
|-damage|p1a: Espeon|0 fnt
|faint|p1a: Espeon
|
|c|âryzed|nice counterteaming imo
|-message|ryzed forfeited.
|
|win|TheMundane
|raw|Ladder updating...
|leave|ryzed
|player|p1
|raw|ryzed's rating: 1655 &rarr; <strong>1634<\/strong><br \/>(-21 for losing)
|raw|TheMundane's rating: 1636 &rarr; <strong>1657<\/strong><br \/>(+21 for winning)