|join|TheMundane
|join|DragonTamer99
|player|p1|TheMundane|224
|player|p2|DragonTamer99|273
|gametype|singles
|gen|6
|tier|OU
|clearpoke
|poke|p1|Lopunny, M
|poke|p1|Ferrothorn, M
|poke|p1|Landorus-Therian, M
|poke|p1|Slowbro, M
|poke|p1|Latias, F
|poke|p1|Heatran, M
|poke|p2|Lopunny, F, shiny
|poke|p2|Landorus-Therian, M
|poke|p2|Heatran, M
|poke|p2|Sylveon, M, shiny
|poke|p2|Latios, M
|poke|p2|Rotom-Wash
|rule|Swagger Clause: Swagger is banned
|rule|Baton Pass Clause: Limit one PokÃ©mon knowing Baton Pass
|rule|Sleep Clause Mod: Limit one foe put to sleep
|rule|Species Clause: Limit one of each PokÃ©mon
|rule|OHKO Clause: OHKO moves are banned
|rule|Moody Clause: Moody is banned
|rule|Evasion Moves Clause: Evasion moves are banned
|rule|Endless Battle Clause: Forcing endless battles is banned
|rule|HP Percentage Mod: HP is shown in percentages
|teampreview
|join|The TurtleLord
|join|I'mSoooSorry
|join|Omegasization
|join|vg11k
|join|Rates
|c|âTheMundane|glhf
|join|KeepoKappaKeepo
|join|The Ess of Johan
|c|âDragonTamer99|u2
|c| The TurtleLord|i play winner (again)
|
|start
|switch|p1a: Slowbro|Slowbro, M|393\/393
|switch|p2a: Heatran|Heatran, M|386\/386
|turn|1
|join|Aderfotita
|
|switch|p2a: Rotom-Wash|Rotom-Wash|304\/304
|move|p1a: Slowbro|Thunder Wave|p2a: Rotom-Wash
|-fail|p2a: Rotom-Wash
|
|turn|2
|
|move|p2a: Rotom-Wash|Will-O-Wisp|p1a: Slowbro
|-status|p1a: Slowbro|brn
|move|p1a: Slowbro|Thunder Wave|p2a: Rotom-Wash
|-fail|p2a: Rotom-Wash
|
|-damage|p1a: Slowbro|344\/393 brn|[from] brn
|turn|3
|c| I'mSoooSorry|im pretty sure a lando, lopunny, and heatran are gonna make the finals
|c| The TurtleLord|mundane is using a diff team isnt he
|
|move|p2a: Rotom-Wash|Hydro Pump|p1a: Slowbro
|-resisted|p1a: Slowbro
|-damage|p1a: Slowbro|229\/393 brn
|move|p1a: Slowbro|Thunder Wave|p2a: Rotom-Wash
|-fail|p2a: Rotom-Wash
|
|-damage|p1a: Slowbro|180\/393 brn|[from] brn
|turn|4
|
|switch|p1a: Landorus-Therian|Landorus-Therian, M|379\/379
|-ability|p1a: Landorus-Therian|Intimidate|[of] p2a: Rotom-Wash
|-unboost|p2a: Rotom-Wash|atk|1
|move|p2a: Rotom-Wash|Thunder|p1a: Landorus-Therian
|-immune|p1a: Landorus-Therian|[msg]
|
|turn|5
|
|move|p1a: Landorus-Therian|Stealth Rock|p2a: Rotom-Wash
|-sidestart|p2: DragonTamer99|move: Stealth Rock
|move|p2a: Rotom-Wash|Hydro Pump|p1a: Landorus-Therian
|-supereffective|p1a: Landorus-Therian
|-damage|p1a: Landorus-Therian|0 fnt
|faint|p1a: Landorus-Therian
|
|
|switch|p1a: Latias|Latias, F|301\/301
|turn|6
|
|move|p1a: Latias|Psyshock|p2a: Rotom-Wash
|-damage|p2a: Rotom-Wash|160\/304
|-damage|p1a: Latias|271\/301|[from] item: Life Orb
|move|p2a: Rotom-Wash|Volt Switch|p1a: Latias
|-resisted|p1a: Latias
|-damage|p1a: Latias|223\/301
|c| I'mSoooSorry|oh god
|c| I'mSoooSorry|that lando had no fear
|c|âTheMundane|I'm playing like a buffoon
|
|switch|p2a: Landorus-Therian|Landorus-Therian, M|382\/382
|-damage|p2a: Landorus-Therian|335\/382|[from] Stealth Rock
|-ability|p2a: Landorus-Therian|Intimidate|[of] p1a: Latias
|-unboost|p1a: Latias|atk|1
|
|-heal|p2a: Landorus-Therian|358\/382|[from] item: Leftovers
|turn|7
|c|âTheMundane|and wtf is Thunder rotom
|c|âTheMundane|lol
|c|âDragonTamer99|haha
|
|switch|p1a: Slowbro|Slowbro, M|311\/393 brn
|move|p2a: Landorus-Therian|Knock Off|p1a: Slowbro
|-supereffective|p1a: Slowbro
|-damage|p1a: Slowbro|173\/393 brn
|-damage|p2a: Landorus-Therian|295\/382|[from] item: Rocky Helmet|[of] p1a: Slowbro
|-enditem|p1a: Slowbro|Rocky Helmet|[from] move: Knock Off|[of] p2a: Landorus-Therian
|
|-heal|p2a: Landorus-Therian|318\/382|[from] item: Leftovers
|-damage|p1a: Slowbro|124\/393 brn|[from] brn
|turn|8
|c| The TurtleLord|lol
|
|switch|p1a: Latias|Latias, F|223\/301
|move|p2a: Landorus-Therian|Stealth Rock|p1a: Latias
|-sidestart|p1: TheMundane|move: Stealth Rock
|
|-heal|p2a: Landorus-Therian|341\/382|[from] item: Leftovers
|turn|9
|
|switch|p1a: Lopunny|Lopunny, M|271\/271
|-damage|p1a: Lopunny|238\/271|[from] Stealth Rock
|move|p2a: Landorus-Therian|Knock Off|p1a: Lopunny
|-damage|p1a: Lopunny|160\/271
|
|-heal|p2a: Landorus-Therian|364\/382|[from] item: Leftovers
|turn|10
|
|switch|p2a: Heatran|Heatran, M|386\/386
|-damage|p2a: Heatran|338\/386|[from] Stealth Rock
|detailschange|p1a: Lopunny|Lopunny-Mega, M
|-mega|p1a: Lopunny|Lopunny|Lopunnite
|move|p1a: Lopunny|Encore|p2a: Heatran
|-fail|p2a: Heatran
|
|-heal|p2a: Heatran|362\/386|[from] item: Leftovers
|turn|11
|
|switch|p2a: Landorus-Therian|Landorus-Therian, M|364\/382
|-damage|p2a: Landorus-Therian|317\/382|[from] Stealth Rock
|-ability|p2a: Landorus-Therian|Intimidate|[of] p1a: Lopunny
|-unboost|p1a: Lopunny|atk|1
|move|p1a: Lopunny|Power-Up Punch|p2a: Landorus-Therian
|-crit|p2a: Landorus-Therian
|-resisted|p2a: Landorus-Therian
|-damage|p2a: Landorus-Therian|269\/382
|-boost|p1a: Lopunny|atk|1
|
|-heal|p2a: Landorus-Therian|292\/382|[from] item: Leftovers
|turn|12
|c|âDragonTamer99|ooh
|
|switch|p1a: Latias|Latias, F|223\/301
|-damage|p1a: Latias|186\/301|[from] Stealth Rock
|move|p2a: Landorus-Therian|Earthquake|p1a: Latias
|-immune|p1a: Latias|[msg]
|
|-heal|p2a: Landorus-Therian|315\/382|[from] item: Leftovers
|turn|13
|
|move|p1a: Latias|Draco Meteor|p2a: Landorus-Therian|[miss]
|-miss|p1a: Latias|p2a: Landorus-Therian
|move|p2a: Landorus-Therian|Knock Off|p1a: Latias
|-supereffective|p1a: Latias
|-damage|p1a: Latias|0 fnt
|-enditem|p1a: Latias|Life Orb|[from] move: Knock Off|[of] p2a: Landorus-Therian
|faint|p1a: Latias
|
|-heal|p2a: Landorus-Therian|338\/382|[from] item: Leftovers
|leave|Aderfotita
|c|âDragonTamer99|sorry
|c| I'mSoooSorry|lol
|c|âDragonTamer99|:(
|
|switch|p1a: Lopunny|Lopunny-Mega, M|160\/271
|-damage|p1a: Lopunny|144\/271|[from] Stealth Rock
|turn|14
|c| KeepoKappaKeepo|wat
|
|move|p1a: Lopunny|Power-Up Punch|p2a: Landorus-Therian
|-crit|p2a: Landorus-Therian
|-resisted|p2a: Landorus-Therian
|-damage|p2a: Landorus-Therian|288\/382
|-boost|p1a: Lopunny|atk|1
|move|p2a: Landorus-Therian|Earthquake|p1a: Lopunny
|-damage|p1a: Lopunny|0 fnt
|faint|p1a: Lopunny
|
|-heal|p2a: Landorus-Therian|311\/382|[from] item: Leftovers
|
|switch|p1a: Slowbro|Slowbro, M|255\/393 brn
|-damage|p1a: Slowbro|206\/393 brn|[from] Stealth Rock
|turn|15
|c|âTheMundane|Yeah I lose. i think Thunder three me off
|c|âTheMundane|lol
|c|âTheMundane|gg and GL in finals
|c|âDragonTamer99|thanks and gg
|-message|TheMundane forfeited.
|
|win|DragonTamer99
|leave|I'mSoooSorry
|leave|TheMundane
|player|p1
|leave|The Ess of Johan
|leave|DragonTamer99
|player|p2
|leave|KeepoKappaKeepo
|leave|The TurtleLord
|leave|vg11k
|leave|Rates