|join|MoB Barley
|join|TheMundane
|join|dfrtbdrftx
|player|p1|MoB Barley|161
|player|p2|TheMundane|222
|gametype|singles
|gen|6
|tier|OU
|rated
|clearpoke
|poke|p1|Diancie, shiny
|poke|p1|Hydreigon, M, shiny
|poke|p1|Magnezone
|poke|p1|Jirachi, shiny
|poke|p1|Zapdos
|poke|p1|Azumarill, M
|poke|p2|Metagross
|poke|p2|Keldeo
|poke|p2|Ferrothorn, F
|poke|p2|Latios, M
|poke|p2|Heatran, F
|poke|p2|Landorus-Therian, M
|rule|Swagger Clause: Swagger is banned
|rule|Baton Pass Clause: Limit one PokÃ©mon knowing Baton Pass
|rule|Sleep Clause Mod: Limit one foe put to sleep
|rule|Species Clause: Limit one of each PokÃ©mon
|rule|OHKO Clause: OHKO moves are banned
|rule|Moody Clause: Moody is banned
|rule|Evasion Moves Clause: Evasion moves are banned
|rule|Endless Battle Clause: Forcing endless battles is banned
|rule|HP Percentage Mod: HP is shown in percentages
|teampreview
|join|Mega Freak
|c|âTheMundane|glhf
|c|âTheMundane|:]
|
|start
|switch|p1a: Angel|Diancie, shiny|241\/241
|switch|p2a: Heatran|Heatran, F|323\/323
|turn|1
|c|âMoB Barley|gl
|
|switch|p2a: Landorus-Therian|Landorus-Therian, M|379\/379
|-ability|p2a: Landorus-Therian|Intimidate|[of] p1a: Angel
|-fail|p1a: Angel|unboost|[from] ability: Clear Body|[of] p1a: Angel
|detailschange|p1a: Angel|Diancie-Mega, shiny
|-mega|p1a: Angel|Diancie|Diancite
|move|p1a: Angel|Protect|p1a: Angel
|-fail|p1a: Angel
|
|turn|2
|c| Mega Freak|mob,why dont ya ladder as the dark side of the moon,its closer to the top
|
|move|p1a: Angel|Protect|p1a: Angel
|-singleturn|p1a: Angel|Protect
|move|p2a: Landorus-Therian|Stealth Rock|p1a: Angel
|move|p1a: Angel|Stealth Rock|p2a: Landorus-Therian|[from]Magic Bounce
|-sidestart|p2: TheMundane|move: Stealth Rock
|
|turn|3
|
|switch|p1a: Iluminatti|Hydreigon, M, shiny|325\/325
|move|p2a: Landorus-Therian|Stealth Rock|p1a: Iluminatti
|-sidestart|p1: MoB Barley|move: Stealth Rock
|
|turn|4
|join|PhobiaBB
|
|move|p1a: Iluminatti|Dark Pulse|p2a: Landorus-Therian
|-damage|p2a: Landorus-Therian|161\/379
|-damage|p1a: Iluminatti|293\/325|[from] item: Life Orb
|move|p2a: Landorus-Therian|U-turn|p1a: Iluminatti
|-supereffective|p1a: Iluminatti
|-damage|p1a: Iluminatti|141\/325
|
|switch|p2a: Keldeo|Keldeo|323\/323
|-damage|p2a: Keldeo|303\/323|[from] Stealth Rock
|
|-heal|p2a: Keldeo|323\/323|[from] item: Leftovers
|turn|5
|join|yuy
|
|switch|p1a: Starburst|Jirachi, shiny|404\/404
|-damage|p1a: Starburst|379\/404|[from] Stealth Rock
|move|p2a: Keldeo|Secret Sword|p1a: Starburst
|-damage|p1a: Starburst|220\/404
|
|-heal|p1a: Starburst|245\/404|[from] item: Leftovers
|turn|6
|
|move|p2a: Keldeo|Substitute|p2a: Keldeo
|-start|p2a: Keldeo|Substitute
|-damage|p2a: Keldeo|243\/323
|move|p1a: Starburst|U-turn|p2a: Keldeo
|-crit|p2a: Keldeo
|-resisted|p2a: Keldeo
|-activate|p2a: Keldeo|Substitute|[damage]
|join|Arcanine is Regal
|join|Omegasization
|c| Omegasization|arc is bad
|
|switch|p1a: Magneto|Magnezone|281\/281
|-damage|p1a: Magneto|264\/281|[from] Stealth Rock
|
|-heal|p2a: Keldeo|263\/323|[from] item: Leftovers
|turn|7
|
|move|p1a: Magneto|Volt Switch|p2a: Keldeo
|-supereffective|p2a: Keldeo
|-end|p2a: Keldeo|Substitute
|
|switch|p1a: Rabbit Season|Azumarill, M|360\/360
|-damage|p1a: Rabbit Season|315\/360|[from] Stealth Rock
|move|p2a: Keldeo|Scald|p1a: Rabbit Season
|-resisted|p1a: Rabbit Season
|-damage|p1a: Rabbit Season|233\/360
|
|-heal|p2a: Keldeo|283\/323|[from] item: Leftovers
|turn|8
|c| Arcanine is Regal|x3?
|
|move|p2a: Keldeo|Scald|p1a: Rabbit Season
|-resisted|p1a: Rabbit Season
|-damage|p1a: Rabbit Season|142\/360
|-status|p1a: Rabbit Season|brn
|-enditem|p1a: Rabbit Season|Sitrus Berry|[eat]
|-heal|p1a: Rabbit Season|232\/360 brn|[from] item: Sitrus Berry
|move|p1a: Rabbit Season|Belly Drum|p1a: Rabbit Season
|-damage|p1a: Rabbit Season|52\/360 brn
|-setboost|p1a: Rabbit Season|atk|6|[from] move: Belly Drum
|
|-heal|p2a: Keldeo|303\/323|[from] item: Leftovers
|-damage|p1a: Rabbit Season|7\/360 brn|[from] brn
|turn|9
|c|âMoB Barley|staying in<
|c| PhobiaBB|lol
|c| Omegasization|>using Bd on a scald user
|c| Mega Freak|grass types cant counter azu anymore can they?
|
|move|p2a: Keldeo|Scald|p1a: Rabbit Season
|-resisted|p1a: Rabbit Season
|-damage|p1a: Rabbit Season|0 fnt
|faint|p1a: Rabbit Season
|
|-heal|p2a: Keldeo|323\/323|[from] item: Leftovers
|
|switch|p1a: Angel|Diancie-Mega, shiny|241\/241
|-damage|p1a: Angel|211\/241|[from] Stealth Rock
|turn|10
|join|srsly u goys
|c| PhobiaBB|You against MoB by using Keldeo like a dipshit
|c| Omegasization|they still can
|c| PhobiaBB|*win
|c| PhobiaBB|It works every time
|c|âTheMundane|um, k.
|c| Mega Freak|omegasization,how if they run belly knock offs
|c| Omegasization|it wasnt that bad of a play
|
|switch|p1a: Magneto|Magnezone|264\/281
|-damage|p1a: Magneto|247\/281|[from] Stealth Rock
|switch|p2a: Landorus-Therian|Landorus-Therian, M|161\/379
|-damage|p2a: Landorus-Therian|114\/379|[from] Stealth Rock
|-ability|p2a: Landorus-Therian|Intimidate|[of] p1a: Magneto
|-unboost|p1a: Magneto|atk|1
|
|-heal|p2a: Landorus-Therian|137\/379|[from] item: Leftovers
|turn|11
|c| Omegasization|mob needed a sweeper so BD was almost obvious
|
|switch|p2a: Ferrothorn|Ferrothorn, F|352\/352
|-damage|p2a: Ferrothorn|330\/352|[from] Stealth Rock
|move|p1a: Magneto|Flash Cannon|p2a: Ferrothorn
|-resisted|p2a: Ferrothorn
|-damage|p2a: Ferrothorn|275\/352
|
|-heal|p2a: Ferrothorn|297\/352|[from] item: Leftovers
|turn|12
|c| PhobiaBB|Looks like I'm the dipshit
|c| Omegasization|ya
|c| PhobiaBB|I have made a bad impression
|c| Omegasization|lol jk
|
|switch|p1a: Starburst|Jirachi, shiny|245\/404
|-damage|p1a: Starburst|220\/404|[from] Stealth Rock
|move|p2a: Ferrothorn|Gyro Ball|p1a: Starburst
|-resisted|p1a: Starburst
|-damage|p1a: Starburst|140\/404
|
|-heal|p1a: Starburst|165\/404|[from] item: Leftovers
|-heal|p2a: Ferrothorn|319\/352|[from] item: Leftovers
|turn|13
|
|switch|p2a: Landorus-Therian|Landorus-Therian, M|137\/379
|-damage|p2a: Landorus-Therian|90\/379|[from] Stealth Rock
|-ability|p2a: Landorus-Therian|Intimidate|[of] p1a: Starburst
|-unboost|p1a: Starburst|atk|1
|move|p1a: Starburst|Wish|p1a: Starburst
|
|-heal|p1a: Starburst|190\/404|[from] item: Leftovers
|-heal|p2a: Landorus-Therian|113\/379|[from] item: Leftovers
|turn|14
|c| Omegasization|be real and go to hydreigon
|
|move|p1a: Starburst|Iron Head|p2a: Landorus-Therian
|-damage|p2a: Landorus-Therian|61\/379
|cant|p2a: Landorus-Therian|flinch
|
|-heal|p1a: Starburst|392\/404|[from] move: Wish|[wisher] Starburst
|-heal|p1a: Starburst|404\/404|[from] item: Leftovers
|-heal|p2a: Landorus-Therian|84\/379|[from] item: Leftovers
|turn|15
|c| Omegasization|or just rely on hax
|c| Omegasization|that works too
|
|move|p1a: Starburst|U-turn|p2a: Landorus-Therian
|-resisted|p2a: Landorus-Therian
|-damage|p2a: Landorus-Therian|70\/379
|
|switch|p1a: Zaptwo|Zapdos|383\/383
|-damage|p1a: Zaptwo|288\/383|[from] Stealth Rock
|-ability|p1a: Zaptwo|Pressure
|move|p2a: Landorus-Therian|Earthquake|p1a: Zaptwo
|-immune|p1a: Zaptwo|[msg]
|
|-heal|p1a: Zaptwo|311\/383|[from] item: Leftovers
|-heal|p2a: Landorus-Therian|93\/379|[from] item: Leftovers
|turn|16
|c| Mega Freak|>staying
|c| Mega Freak|mob dont overpredict
|
|switch|p2a: Heatran|Heatran, F|323\/323
|-damage|p2a: Heatran|283\/323|[from] Stealth Rock
|move|p1a: Zaptwo|Defog|p2a: Heatran
|-unboost|p2a: Heatran|evasion|1
|-sideend|p2: TheMundane|Stealth Rock|[from] move: Defog|[of] p2a: Heatran
|-sideend|p1: MoB Barley|Stealth Rock|[from] move: Defog|[of] p1a: Zaptwo
|
|-heal|p1a: Zaptwo|334\/383|[from] item: Leftovers
|turn|17
|
|move|p2a: Heatran|Lava Plume|p1a: Zaptwo
|-damage|p1a: Zaptwo|192\/383
|move|p1a: Zaptwo|Roost|p1a: Zaptwo
|-heal|p1a: Zaptwo|383\/383
|
|turn|18
|
|move|p2a: Heatran|Lava Plume|p1a: Zaptwo
|-crit|p1a: Zaptwo
|-damage|p1a: Zaptwo|176\/383
|-status|p1a: Zaptwo|brn
|move|p1a: Zaptwo|Thunderbolt|p2a: Heatran
|-damage|p2a: Heatran|162\/323
|-status|p2a: Heatran|par
|
|-heal|p1a: Zaptwo|199\/383 brn|[from] item: Leftovers
|-damage|p1a: Zaptwo|152\/383 brn|[from] brn
|turn|19
|c|âTheMundane|YumE
|c|âMoB Barley|bitch
|c|âMoB Barley|lol
|c|âTheMundane|Lmao
|
|switch|p2a: Latios|Latios, M|301\/301
|move|p1a: Zaptwo|Roost|p1a: Zaptwo
|-heal|p1a: Zaptwo|344\/383 brn
|
|-heal|p1a: Zaptwo|367\/383 brn|[from] item: Leftovers
|-damage|p1a: Zaptwo|320\/383 brn|[from] brn
|turn|20
|
|switch|p1a: Starburst|Jirachi, shiny|404\/404
|move|p2a: Latios|Calm Mind|p2a: Latios
|-boost|p2a: Latios|spa|1
|-boost|p2a: Latios|spd|1
|
|turn|21
|c| Mega Freak|the most unusual player in pokemon showdown is aka dh,like he stays in heatran vs scarf landorus like wtf
|c| Arcanine is Regal|he has balloon
|
|move|p2a: Latios|Calm Mind|p2a: Latios
|-boost|p2a: Latios|spa|1
|-boost|p2a: Latios|spd|1
|move|p1a: Starburst|Iron Head|p2a: Latios
|-damage|p2a: Latios|198\/301
|
|turn|22
|c| Mega Freak|he had no ballon
|c| Mega Freak|when i saw it
|c| Arcanine is Regal|oh I usually see his tran with balloon
|
|move|p2a: Latios|Psyshock|p1a: Starburst
|-resisted|p1a: Starburst
|-damage|p1a: Starburst|309\/404
|-damage|p2a: Latios|168\/301|[from] item: Life Orb
|move|p1a: Starburst|U-turn|p2a: Latios
|-supereffective|p2a: Latios
|-damage|p2a: Latios|32\/301
|c| Mega Freak|and mega venus staying vs tornadus-t
|
|switch|p1a: Magneto|Magnezone|247\/281
|
|turn|23
|
|switch|p2a: Landorus-Therian|Landorus-Therian, M|93\/379
|-ability|p2a: Landorus-Therian|Intimidate|[of] p1a: Magneto
|-unboost|p1a: Magneto|atk|1
|move|p1a: Magneto|Flash Cannon|p2a: Landorus-Therian
|-damage|p2a: Landorus-Therian|0 fnt
|faint|p2a: Landorus-Therian
|
|
|switch|p2a: Metagross|Metagross|301\/301
|turn|24
|
|switch|p1a: Zaptwo|Zapdos|320\/383 brn
|-ability|p1a: Zaptwo|Pressure
|detailschange|p2a: Metagross|Metagross-Mega
|-mega|p2a: Metagross|Metagross|Metagrossite
|move|p2a: Metagross|Meteor Mash|p1a: Zaptwo
|-resisted|p1a: Zaptwo
|-damage|p1a: Zaptwo|220\/383 brn
|
|-heal|p1a: Zaptwo|243\/383 brn|[from] item: Leftovers
|-damage|p1a: Zaptwo|196\/383 brn|[from] brn
|turn|25
|join|u got slowbro'ed
|
|switch|p1a: Magneto|Magnezone|247\/281
|move|p2a: Metagross|Zen Headbutt|p1a: Magneto
|-resisted|p1a: Magneto
|-damage|p1a: Magneto|159\/281
|
|turn|26
|
|move|p1a: Magneto|Volt Switch|p2a: Metagross
|-damage|p2a: Metagross|184\/301
|
|switch|p1a: Zaptwo|Zapdos|196\/383 brn
|-ability|p1a: Zaptwo|Pressure
|move|p2a: Metagross|Meteor Mash|p1a: Zaptwo
|-resisted|p1a: Zaptwo
|-damage|p1a: Zaptwo|85\/383 brn
|-boost|p2a: Metagross|atk|1
|
|-heal|p1a: Zaptwo|108\/383 brn|[from] item: Leftovers
|-damage|p1a: Zaptwo|61\/383 brn|[from] brn
|turn|27
|
|move|p2a: Metagross|Meteor Mash|p1a: Zaptwo
|-resisted|p1a: Zaptwo
|-damage|p1a: Zaptwo|0 fnt
|faint|p1a: Zaptwo
|
|join|Laschero
|
|switch|p1a: Magneto|Magnezone|159\/281
|turn|28
|
|move|p1a: Magneto|Volt Switch|p2a: Metagross
|-damage|p2a: Metagross|79\/301
|join|m00n's blanket
|
|switch|p1a: Iluminatti|Hydreigon, M, shiny|141\/325
|move|p2a: Metagross|Meteor Mash|p1a: Iluminatti
|-damage|p1a: Iluminatti|0 fnt
|faint|p1a: Iluminatti
|
|
|switch|p1a: Magneto|Magnezone|159\/281
|turn|29
|
|move|p2a: Metagross|Bullet Punch|p1a: Magneto
|-resisted|p1a: Magneto
|-damage|p1a: Magneto|128\/281
|move|p1a: Magneto|Volt Switch|p2a: Metagross
|-damage|p2a: Metagross|0 fnt
|faint|p2a: Metagross
|
|switch|p1a: Angel|Diancie-Mega, shiny|211\/241
|
|
|switch|p2a: Ferrothorn|Ferrothorn, F|319\/352
|turn|30
|
|switch|p2a: Heatran|Heatran, F|162\/323 par
|move|p1a: Angel|Protect|p1a: Angel
|-fail|p1a: Angel
|
|turn|31
|c| Mega Freak|hp fire imo
|c| m00n's blanket|god damn mega diancie looks so cool
|
|switch|p2a: Latios|Latios, M|32\/301
|move|p1a: Angel|Earth Power|p2a: Latios
|-immune|p2a: Latios|[msg]
|
|turn|32
|join|Fabio96
|
|move|p1a: Angel|Moonblast|p2a: Latios
|-supereffective|p2a: Latios
|-damage|p2a: Latios|0 fnt
|faint|p2a: Latios
|
|join|belgrade
|
|switch|p2a: Ferrothorn|Ferrothorn, F|319\/352
|turn|33
|c|âTheMundane|That para is biting ma ass now
|c|âTheMundane|;_;
|
|switch|p1a: Starburst|Jirachi, shiny|309\/404
|move|p2a: Ferrothorn|Gyro Ball|p1a: Starburst
|-resisted|p1a: Starburst
|-damage|p1a: Starburst|231\/404
|
|-heal|p1a: Starburst|256\/404|[from] item: Leftovers
|-heal|p2a: Ferrothorn|341\/352|[from] item: Leftovers
|turn|34
|leave|PhobiaBB
|
|switch|p2a: Heatran|Heatran, F|162\/323 par
|move|p1a: Starburst|Stealth Rock|p2a: Heatran
|-sidestart|p2: TheMundane|move: Stealth Rock
|
|-heal|p1a: Starburst|281\/404|[from] item: Leftovers
|turn|35
|join|deserved bitch
|
|switch|p2a: Keldeo|Keldeo|323\/323
|-damage|p2a: Keldeo|303\/323|[from] Stealth Rock
|move|p1a: Starburst|U-turn|p2a: Keldeo
|-resisted|p2a: Keldeo
|-damage|p2a: Keldeo|272\/323
|c| Mega Freak|mobs wins this ez
|
|switch|p1a: Angel|Diancie-Mega, shiny|211\/241
|
|-heal|p2a: Keldeo|292\/323|[from] item: Leftovers
|turn|36
|c| Mega Freak|unless hp fire zone
|
|switch|p2a: Ferrothorn|Ferrothorn, F|341\/352
|-damage|p2a: Ferrothorn|319\/352|[from] Stealth Rock
|move|p1a: Angel|Moonblast|p2a: Ferrothorn
|-resisted|p2a: Ferrothorn
|-damage|p2a: Ferrothorn|250\/352
|
|-heal|p2a: Ferrothorn|272\/352|[from] item: Leftovers
|turn|37
|c| Mega Freak|mob's team have so much momentum
|c| deserved bitch|wtf r u saying
|
|switch|p1a: Starburst|Jirachi, shiny|281\/404
|move|p2a: Ferrothorn|Leech Seed|p1a: Starburst
|-start|p1a: Starburst|move: Leech Seed
|
|-heal|p1a: Starburst|306\/404|[from] item: Leftovers
|-heal|p2a: Ferrothorn|294\/352|[from] item: Leftovers
|-damage|p1a: Starburst|256\/404|[from] Leech Seed|[of] p2a: Ferrothorn
|-heal|p2a: Ferrothorn|344\/352|[silent]
|turn|38
|c| Mega Freak|i am saying pogeymon stuffs
|leave|srsly u goys
|
|move|p1a: Starburst|Wish|p1a: Starburst
|move|p2a: Ferrothorn|Leech Seed|p1a: Starburst
|-fail|p1a: Starburst
|
|-heal|p1a: Starburst|281\/404|[from] item: Leftovers
|-heal|p2a: Ferrothorn|352\/352|[from] item: Leftovers
|-damage|p1a: Starburst|231\/404|[from] Leech Seed|[of] p2a: Ferrothorn
|turn|39
|c| deserved bitch|obv magnezone has hp fire
|c| deserved bitch|and it's still anyone's game
|c|âTheMundane|Nah
|c| Mega Freak|mobs wins this garaunteed
|
|switch|p2a: Keldeo|Keldeo|292\/323
|-damage|p2a: Keldeo|272\/323|[from] Stealth Rock
|move|p1a: Starburst|U-turn|p2a: Keldeo
|-crit|p2a: Keldeo
|-resisted|p2a: Keldeo
|-damage|p2a: Keldeo|227\/323
|c|âTheMundane|Para sealed it
|c|âTheMundane|im ScarfTran
|
|switch|p1a: Magneto|Magnezone|128\/281
|
|-heal|p1a: Magneto|281\/281|[from] move: Wish|[wisher] Starburst
|-heal|p2a: Keldeo|247\/323|[from] item: Leftovers
|turn|40
|c|âTheMundane|gg
|c| deserved bitch|of fuck
|c| deserved bitch|u had flash
|c|âMoB Barley|u fucked zapdos so it couldn't wall metagross
|c|âMoB Barley|u had some as well
|c|âMoB Barley|gg
|
|switch|p2a: Ferrothorn|Ferrothorn, F|352\/352
|-damage|p2a: Ferrothorn|330\/352|[from] Stealth Rock
|move|p1a: Magneto|Volt Switch|p2a: Ferrothorn
|-resisted|p2a: Ferrothorn
|-damage|p2a: Ferrothorn|285\/352
|
|switch|p1a: Starburst|Jirachi, shiny|231\/404
|
|-heal|p1a: Starburst|256\/404|[from] item: Leftovers
|-heal|p2a: Ferrothorn|307\/352|[from] item: Leftovers
|turn|41
|c| deserved bitch|rp knock off lando-i is such a threat this meta
|c| Mega Freak|keep volt turning and its gg
|
|move|p1a: Starburst|U-turn|p2a: Ferrothorn
|-damage|p2a: Ferrothorn|271\/352
|-damage|p1a: Starburst|206\/404|[from] ability: Iron Barbs|[of] p2a: Ferrothorn
|
|switch|p1a: Angel|Diancie-Mega, shiny|211\/241
|move|p2a: Ferrothorn|Leech Seed|p1a: Angel
|move|p1a: Angel|Leech Seed|p2a: Ferrothorn|[from]Magic Bounce
|-immune|p2a: Ferrothorn|[msg]
|
|-heal|p2a: Ferrothorn|293\/352|[from] item: Leftovers
|turn|42
|c| deserved bitch|see if he gyro'd
|c| deserved bitch|he wuda won
|c| deserved bitch|imo
|leave|u got slowbro'ed
|c|âTheMundane|Nah
|c| deserved bitch|tran beats them
|c| deserved bitch|subcm keld to scout
|
|move|p1a: Angel|Earth Power|p2a: Ferrothorn
|-damage|p2a: Ferrothorn|207\/352
|move|p2a: Ferrothorn|Leech Seed|p1a: Angel
|move|p1a: Angel|Leech Seed|p2a: Ferrothorn|[from]Magic Bounce
|-immune|p2a: Ferrothorn|[msg]
|
|-heal|p2a: Ferrothorn|229\/352|[from] item: Leftovers
|turn|43
|
|switch|p1a: Magneto|Magnezone|281\/281
|move|p2a: Ferrothorn|Gyro Ball|p1a: Magneto
|-resisted|p1a: Magneto
|-damage|p1a: Magneto|247\/281
|
|-heal|p2a: Ferrothorn|251\/352|[from] item: Leftovers
|turn|44
|c| Mega Freak|ok zone dont have hp fire
|c| deserved bitch|wtf
|c| deserved bitch|all zone's have hp fire
|
|move|p1a: Magneto|Hidden Power|p2a: Ferrothorn
|-supereffective|p2a: Ferrothorn
|-damage|p2a: Ferrothorn|35\/352
|move|p2a: Ferrothorn|Leech Seed|p1a: Magneto
|-start|p1a: Magneto|move: Leech Seed
|
|-heal|p2a: Ferrothorn|57\/352|[from] item: Leftovers
|-damage|p1a: Magneto|212\/281|[from] Leech Seed|[of] p2a: Ferrothorn
|-heal|p2a: Ferrothorn|92\/352|[silent]
|turn|45
|
|move|p1a: Magneto|Hidden Power|p2a: Ferrothorn
|-supereffective|p2a: Ferrothorn
|-damage|p2a: Ferrothorn|0 fnt
|faint|p2a: Ferrothorn
|
|c| Mega Freak|inb4 shedshell
|c| Mega Freak|oh
|c| Mega Freak|now subs
|c| deserved bitch|crit burn the rachi
|
|switch|p2a: Keldeo|Keldeo|247\/323
|-damage|p2a: Keldeo|227\/323|[from] Stealth Rock
|turn|46
|leave|Fabio96
|
|switch|p1a: Starburst|Jirachi, shiny|206\/404
|move|p2a: Keldeo|Calm Mind|p2a: Keldeo
|-boost|p2a: Keldeo|spa|1
|-boost|p2a: Keldeo|spd|1
|
|-heal|p2a: Keldeo|247\/323|[from] item: Leftovers
|-heal|p1a: Starburst|231\/404|[from] item: Leftovers
|turn|47
|c| Mega Freak|too bad diancie have to die
|
|move|p2a: Keldeo|Substitute|p2a: Keldeo
|-start|p2a: Keldeo|Substitute
|-damage|p2a: Keldeo|167\/323
|move|p1a: Starburst|U-turn|p2a: Keldeo
|-resisted|p2a: Keldeo
|-activate|p2a: Keldeo|Substitute|[damage]
|c| Mega Freak|or something dies
|
|switch|p1a: Magneto|Magnezone|212\/281
|
|-heal|p2a: Keldeo|187\/323|[from] item: Leftovers
|turn|48
|
|move|p1a: Magneto|Thunderbolt|p2a: Keldeo
|-supereffective|p2a: Keldeo
|-end|p2a: Keldeo|Substitute
|move|p2a: Keldeo|Calm Mind|p2a: Keldeo
|-boost|p2a: Keldeo|spa|1
|-boost|p2a: Keldeo|spd|1
|
|-heal|p2a: Keldeo|207\/323|[from] item: Leftovers
|turn|49
|c| deserved bitch|252+ SpA Mega Diancie Moonblast vs. +4 0 HP \/ 4 SpD Keldeo: 146-174 (45.2 - 53.8%) -- 1.2% chance to 2HKO after Leftovers recovery
|
|move|p1a: Magneto|Thunderbolt|p2a: Keldeo
|-supereffective|p2a: Keldeo
|-damage|p2a: Keldeo|21\/323
|move|p2a: Keldeo|Scald|p1a: Magneto
|-damage|p1a: Magneto|0 fnt
|faint|p1a: Magneto
|
|-heal|p2a: Keldeo|41\/323|[from] item: Leftovers
|c| deserved bitch|or nah
|c|âTheMundane|gg Mab
|
|switch|p1a: Angel|Diancie-Mega, shiny|211\/241
|turn|50
|-message|TheMundane forfeited.
|c|âMoB Barley|ggggg
|leave|deserved bitch
|join|Emma Bae
|
|win|MoB Barley
|raw|Ladder updating...
|raw|MoB Barley's rating: 1747 &rarr; <strong>1761<\/strong><br \/>(+14 for winning)
|raw|TheMundane's rating: 1627 &rarr; <strong>1614<\/strong><br \/>(-13 for losing)
|leave|TheMundane
|leave|MoB Barley
|leave|Arcanine is Regal
|player|p2
|player|p1
|leave|Mega Freak
|leave|Emma Bae
|leave|belgrade
|leave|Laschero
|leave|Omegasization