|join|WECAMEASROMANS
|join|TheMundane
|player|p1|WECAMEASROMANS|169
|player|p2|TheMundane|222
|gametype|singles
|gen|6
|tier|OU
|rated
|clearpoke
|poke|p1|Diggersby, F
|poke|p1|Bisharp, F
|poke|p1|Diancie
|poke|p1|Landorus-Therian, M
|poke|p1|Tornadus-Therian, M
|poke|p1|Raikou
|poke|p2|Metagross
|poke|p2|Landorus-Therian, M
|poke|p2|Heatran, M
|poke|p2|Latios, M
|poke|p2|Chesnaught, F
|poke|p2|Keldeo
|rule|Swagger Clause: Swagger is banned
|rule|Baton Pass Clause: Limit one PokÃ©mon knowing Baton Pass
|rule|Sleep Clause Mod: Limit one foe put to sleep
|rule|Species Clause: Limit one of each PokÃ©mon
|rule|OHKO Clause: OHKO moves are banned
|rule|Moody Clause: Moody is banned
|rule|Evasion Moves Clause: Evasion moves are banned
|rule|Endless Battle Clause: Forcing endless battles is banned
|rule|HP Percentage Mod: HP is shown in percentages
|teampreview
|
|start
|switch|p1a: Tornadus-Therian|Tornadus-Therian, M|299\/299
|switch|p2a: Landorus-Therian|Landorus-Therian, M|379\/379
|-ability|p2a: Landorus-Therian|Intimidate|[of] p1a: Tornadus-Therian
|-unboost|p1a: Tornadus-Therian|atk|1
|turn|1
|
|switch|p1a: Landorus-Therian|Landorus-Therian, M|324\/324
|-ability|p1a: Landorus-Therian|Intimidate|[of] p2a: Landorus-Therian
|-unboost|p2a: Landorus-Therian|atk|1
|move|p2a: Landorus-Therian|Stealth Rock|p1a: Landorus-Therian
|-sidestart|p1: WECAMEASROMANS|move: Stealth Rock
|
|turn|2
|
|move|p1a: Landorus-Therian|Stone Edge|p2a: Landorus-Therian
|-damage|p2a: Landorus-Therian|278\/379
|move|p2a: Landorus-Therian|U-turn|p1a: Landorus-Therian
|-resisted|p1a: Landorus-Therian
|-damage|p1a: Landorus-Therian|298\/324
|join|Closer 2 the sun
|join|Kissed By Death
|
|switch|p2a: Keldeo|Keldeo|323\/323
|
|turn|3
|
|switch|p1a: Raikou|Raikou|321\/321
|-damage|p1a: Raikou|281\/321|[from] Stealth Rock
|-ability|p1a: Raikou|Pressure
|move|p2a: Keldeo|Scald|p1a: Raikou
|-damage|p1a: Raikou|191\/321
|
|turn|4
|
|switch|p2a: Landorus-Therian|Landorus-Therian, M|278\/379
|-ability|p2a: Landorus-Therian|Intimidate|[of] p1a: Raikou
|-unboost|p1a: Raikou|atk|1
|move|p1a: Raikou|Volt Switch|p2a: Landorus-Therian
|-immune|p2a: Landorus-Therian|[msg]
|
|-heal|p2a: Landorus-Therian|301\/379|[from] item: Leftovers
|turn|5
|
|switch|p2a: Metagross|Metagross|301\/301
|move|p1a: Raikou|Hidden Power|p2a: Metagross
|-resisted|p2a: Metagross
|-damage|p2a: Metagross|267\/301
|
|turn|6
|
|move|p1a: Raikou|Volt Switch|p2a: Metagross
|-damage|p2a: Metagross|135\/301
|
|switch|p1a: Bisharp|Bisharp, F|271\/271
|-damage|p1a: Bisharp|255\/271|[from] Stealth Rock
|move|p2a: Metagross|Meteor Mash|p1a: Bisharp
|-resisted|p1a: Bisharp
|-damage|p1a: Bisharp|166\/271
|
|turn|7
|
|switch|p1a: Tornadus-Therian|Tornadus-Therian, M|299\/299
|-damage|p1a: Tornadus-Therian|225\/299|[from] Stealth Rock
|detailschange|p2a: Metagross|Metagross-Mega
|-mega|p2a: Metagross|Metagross|Metagrossite
|move|p2a: Metagross|Hammer Arm|p1a: Tornadus-Therian|[miss]
|-miss|p2a: Metagross|p1a: Tornadus-Therian
|
|turn|8
|
|switch|p2a: Heatran|Heatran, M|323\/323
|move|p1a: Tornadus-Therian|Heat Wave|p2a: Heatran
|-start|p2a: Heatran|ability: Flash Fire
|
|turn|9
|
|switch|p1a: Diancie|Diancie|241\/241
|-damage|p1a: Diancie|211\/241|[from] Stealth Rock
|move|p2a: Heatran|Overheat|p1a: Diancie
|-resisted|p1a: Diancie
|-damage|p1a: Diancie|79\/241
|-unboost|p2a: Heatran|spa|2
|
|turn|10
|
|switch|p2a: Latios|Latios, M|301\/301
|detailschange|p1a: Diancie|Diancie-Mega
|-mega|p1a: Diancie|Diancie|Diancite
|move|p1a: Diancie|Stealth Rock|p2a: Latios
|-sidestart|p2: TheMundane|move: Stealth Rock
|
|turn|11
|
|move|p2a: Latios|Psyshock|p1a: Diancie
|-damage|p1a: Diancie|0 fnt
|-damage|p2a: Latios|271\/301|[from] item: Life Orb
|faint|p1a: Diancie
|
|
|switch|p1a: Bisharp|Bisharp, F|166\/271
|-damage|p1a: Bisharp|150\/271|[from] Stealth Rock
|turn|12
|
|move|p1a: Bisharp|Sucker Punch|p2a: Latios
|-supereffective|p2a: Latios
|-damage|p2a: Latios|0 fnt
|-damage|p1a: Bisharp|123\/271|[from] item: Life Orb
|faint|p2a: Latios
|
|
|switch|p2a: Keldeo|Keldeo|323\/323
|-damage|p2a: Keldeo|303\/323|[from] Stealth Rock
|turn|13
|
|move|p1a: Bisharp|Sucker Punch|p2a: Keldeo
|-fail|p2a: Keldeo
|move|p2a: Keldeo|Calm Mind|p2a: Keldeo
|-boost|p2a: Keldeo|spa|1
|-boost|p2a: Keldeo|spd|1
|
|-heal|p2a: Keldeo|323\/323|[from] item: Leftovers
|turn|14
|
|move|p1a: Bisharp|Sucker Punch|p2a: Keldeo
|-resisted|p2a: Keldeo
|-damage|p2a: Keldeo|214\/323
|-boost|p2a: Keldeo|atk|1|[from] ability: Justified
|-damage|p1a: Bisharp|96\/271|[from] item: Life Orb
|move|p2a: Keldeo|Scald|p1a: Bisharp
|-damage|p1a: Bisharp|0 fnt
|faint|p1a: Bisharp
|
|-heal|p2a: Keldeo|234\/323|[from] item: Leftovers
|
|switch|p1a: Raikou|Raikou|191\/321
|-damage|p1a: Raikou|151\/321|[from] Stealth Rock
|-ability|p1a: Raikou|Pressure
|turn|15
|
|move|p1a: Raikou|Thunderbolt|p2a: Keldeo
|-supereffective|p2a: Keldeo
|-damage|p2a: Keldeo|34\/323
|move|p2a: Keldeo|Scald|p1a: Raikou
|-damage|p1a: Raikou|13\/321
|-status|p1a: Raikou|brn
|
|-heal|p2a: Keldeo|54\/323|[from] item: Leftovers
|-damage|p1a: Raikou|0 fnt|[from] brn
|faint|p1a: Raikou
|
|switch|p1a: Tornadus-Therian|Tornadus-Therian, M|299\/299
|-damage|p1a: Tornadus-Therian|225\/299|[from] Stealth Rock
|turn|16
|
|move|p1a: Tornadus-Therian|Superpower|p2a: Keldeo
|-damage|p2a: Keldeo|0 fnt
|-unboost|p1a: Tornadus-Therian|atk|1
|-unboost|p1a: Tornadus-Therian|def|1
|-damage|p1a: Tornadus-Therian|196\/299|[from] item: Life Orb
|faint|p2a: Keldeo
|
|
|switch|p2a: Metagross|Metagross-Mega|135\/301
|-damage|p2a: Metagross|117\/301|[from] Stealth Rock
|turn|17
|
|switch|p1a: Landorus-Therian|Landorus-Therian, M|298\/324
|-damage|p1a: Landorus-Therian|258\/324|[from] Stealth Rock
|-ability|p1a: Landorus-Therian|Intimidate|[of] p2a: Metagross
|-unboost|p2a: Metagross|atk|1
|move|p2a: Metagross|Bullet Punch|p1a: Landorus-Therian
|-damage|p1a: Landorus-Therian|186\/324
|
|turn|18
|
|move|p1a: Landorus-Therian|Earthquake|p2a: Metagross
|-crit|p2a: Metagross
|-supereffective|p2a: Metagross
|-damage|p2a: Metagross|0 fnt
|faint|p2a: Metagross
|
|
|switch|p2a: Landorus-Therian|Landorus-Therian, M|301\/379
|-damage|p2a: Landorus-Therian|254\/379|[from] Stealth Rock
|-ability|p2a: Landorus-Therian|Intimidate|[of] p1a: Landorus-Therian
|-unboost|p1a: Landorus-Therian|atk|1
|turn|19
|
|switch|p1a: Diggersby|Diggersby, F|311\/311
|-damage|p1a: Diggersby|292\/311|[from] Stealth Rock
|move|p2a: Landorus-Therian|U-turn|p1a: Diggersby
|-damage|p1a: Diggersby|199\/311
|
|switch|p2a: Heatran|Heatran, M|323\/323
|-damage|p2a: Heatran|283\/323|[from] Stealth Rock
|
|turn|20
|
|move|p2a: Heatran|Overheat|p1a: Diggersby
|-damage|p1a: Diggersby|0 fnt
|-unboost|p2a: Heatran|spa|2
|faint|p1a: Diggersby
|
|
|switch|p1a: Tornadus-Therian|Tornadus-Therian, M|295\/299
|-damage|p1a: Tornadus-Therian|221\/299|[from] Stealth Rock
|turn|21
|
|switch|p2a: Landorus-Therian|Landorus-Therian, M|254\/379
|-damage|p2a: Landorus-Therian|207\/379|[from] Stealth Rock
|-ability|p2a: Landorus-Therian|Intimidate|[of] p1a: Tornadus-Therian
|-unboost|p1a: Tornadus-Therian|atk|1
|move|p1a: Tornadus-Therian|Knock Off|p2a: Landorus-Therian
|-damage|p2a: Landorus-Therian|151\/379
|-enditem|p2a: Landorus-Therian|Leftovers|[from] move: Knock Off|[of] p1a: Tornadus-Therian
|-damage|p1a: Tornadus-Therian|192\/299|[from] item: Life Orb
|
|turn|22
|
|move|p1a: Tornadus-Therian|Hurricane|p2a: Landorus-Therian|[miss]
|-miss|p1a: Tornadus-Therian|p2a: Landorus-Therian
|move|p2a: Landorus-Therian|U-turn|p1a: Tornadus-Therian
|-resisted|p1a: Tornadus-Therian
|-damage|p1a: Tornadus-Therian|138\/299
|c|âTheMundane|sorry
|
|switch|p2a: Heatran|Heatran, M|283\/323
|-damage|p2a: Heatran|243\/323|[from] Stealth Rock
|
|turn|23
|
|move|p2a: Heatran|Lava Plume|p1a: Tornadus-Therian
|-damage|p1a: Tornadus-Therian|0 fnt
|faint|p1a: Tornadus-Therian
|
|c|âTheMundane|gg
|-message|WECAMEASROMANS forfeited.
|
|win|TheMundane
|raw|Ladder updating...
|leave|WECAMEASROMANS
|player|p1