|join|Aim for the top
|join|Dink Rinkly
|player|p1|Aim for the top|170
|player|p2|Dink Rinkly|104
|gametype|singles
|gen|6
|tier|ORAS OU
|rated
|rule|Sleep Clause Mod: Limit one foe put to sleep
|rule|Species Clause: Limit one of each PokÃ©mon
|rule|OHKO Clause: OHKO moves are banned
|rule|Moody Clause: Moody is banned
|rule|Evasion Moves Clause: Evasion moves are banned
|rule|Endless Battle Clause: Forcing endless battles is banned
|rule|HP Percentage Mod: HP is shown in percentages
|clearpoke
|poke|p1|Metagross
|poke|p1|Magnezone
|poke|p1|Weavile, F
|poke|p1|Gliscor, F
|poke|p1|Ferrothorn, F
|poke|p1|Latios, M
|poke|p2|Swampert, F
|poke|p2|Politoed, F
|poke|p2|Breloom, M
|poke|p2|Garchomp, F
|poke|p2|Aerodactyl, F
|poke|p2|Sylveon, M
|rule|Swagger Clause: Swagger is banned
|rule|Baton Pass Clause: Limit one PokÃ©mon knowing Baton Pass
|teampreview
|
|start
|switch|p1a: Ferrothorn|Ferrothorn, F|352\/352
|switch|p2a: Aerodactyl|Aerodactyl, F|301\/301
|-ability|p2a: Aerodactyl|Unnerve|p1: Aim for the top
|turn|1
|
|move|p2a: Aerodactyl|Taunt|p1a: Ferrothorn
|-start|p1a: Ferrothorn|move: Taunt
|cant|p1a: Ferrothorn|move: Taunt|Stealth Rock
|
|turn|2
|
|move|p2a: Aerodactyl|Stealth Rock|p1a: Ferrothorn
|-sidestart|p1: Aim for the top|move: Stealth Rock
|move|p1a: Ferrothorn|Gyro Ball|p2a: Aerodactyl
|-supereffective|p2a: Aerodactyl
|-enditem|p2a: Aerodactyl|Focus Sash
|-damage|p2a: Aerodactyl|1\/301
|
|turn|3
|
|move|p2a: Aerodactyl|Earthquake|p1a: Ferrothorn
|-damage|p1a: Ferrothorn|273\/352
|move|p1a: Ferrothorn|Gyro Ball|p2a: Aerodactyl
|-supereffective|p2a: Aerodactyl
|-damage|p2a: Aerodactyl|0 fnt
|faint|p2a: Aerodactyl
|
|-heal|p1a: Ferrothorn|295\/352|[from] item: Leftovers
|-end|p1a: Ferrothorn|move: Taunt
|
|switch|p2a: Breloom|Breloom, M|261\/261
|turn|4
|
|move|p2a: Breloom|Substitute|p2a: Breloom
|-start|p2a: Breloom|Substitute
|-damage|p2a: Breloom|196\/261
|move|p1a: Ferrothorn|Stealth Rock|p2a: Breloom
|-sidestart|p2: Dink Rinkly|move: Stealth Rock
|
|-heal|p1a: Ferrothorn|317\/352|[from] item: Leftovers
|-status|p2a: Breloom|tox|[from] item: Toxic Orb
|turn|5
|
|-singleturn|p2a: Breloom|move: Focus Punch
|switch|p1a: Gliscor|Gliscor, F|352\/352
|-damage|p1a: Gliscor|308\/352|[from] Stealth Rock
|move|p2a: Breloom|Focus Punch|p1a: Gliscor
|-resisted|p1a: Gliscor
|-damage|p1a: Gliscor|188\/352
|
|-heal|p2a: Breloom|228\/261 tox|[from] ability: Poison Heal
|-status|p1a: Gliscor|tox|[from] item: Toxic Orb
|turn|6
|
|move|p2a: Breloom|Seed Bomb|p1a: Gliscor
|-damage|p1a: Gliscor|61\/352 tox
|move|p1a: Gliscor|Earthquake|p2a: Breloom
|-resisted|p2a: Breloom
|-end|p2a: Breloom|Substitute
|
|-heal|p2a: Breloom|260\/261 tox|[from] ability: Poison Heal
|-heal|p1a: Gliscor|105\/352 tox|[from] ability: Poison Heal
|turn|7
|
|move|p2a: Breloom|Seed Bomb|p1a: Gliscor
|-damage|p1a: Gliscor|0 fnt
|faint|p1a: Gliscor
|
|-heal|p2a: Breloom|261\/261 tox|[from] ability: Poison Heal
|
|switch|p1a: Metagross|Metagross|302\/302
|-damage|p1a: Metagross|284\/302|[from] Stealth Rock
|turn|8
|
|detailschange|p1a: Metagross|Metagross-Mega
|message|Metagross has Mega Evolved into Mega Metagross!
|move|p2a: Breloom|Spore|p1a: Metagross
|-status|p1a: Metagross|slp
|cant|p1a: Metagross|slp
|
|turn|9
|leave|Dink Rinkly
|player|p2
|join|Dink Rinkly
|player|p2|Dink Rinkly|104
|
|-singleturn|p2a: Breloom|move: Focus Punch
|cant|p1a: Metagross|slp
|move|p2a: Breloom|Focus Punch|p1a: Metagross
|-damage|p1a: Metagross|101\/302 slp
|
|turn|10
|
|cant|p1a: Metagross|slp
|move|p2a: Breloom|Substitute|p2a: Breloom
|-start|p2a: Breloom|Substitute
|-damage|p2a: Breloom|196\/261 tox
|
|-heal|p2a: Breloom|228\/261 tox|[from] ability: Poison Heal
|turn|11
|
|-singleturn|p2a: Breloom|move: Focus Punch
|-curestatus|p1a: Metagross|slp
|move|p1a: Metagross|Zen Headbutt|p2a: Breloom
|-supereffective|p2a: Breloom
|-end|p2a: Breloom|Substitute
|move|p2a: Breloom|Focus Punch|p1a: Metagross
|-crit|p1a: Metagross
|-damage|p1a: Metagross|0 fnt
|faint|p1a: Metagross
|
|-heal|p2a: Breloom|260\/261 tox|[from] ability: Poison Heal
|c|âAim for the top|idk why i thought id be faster
|
|switch|p1a: Latios|Latios, M|302\/302
|-damage|p1a: Latios|265\/302|[from] Stealth Rock
|turn|12
|
|switch|p2a: Sylveon|Sylveon, M|363\/363
|-damage|p2a: Sylveon|318\/363|[from] Stealth Rock
|move|p1a: Latios|Psyshock|p2a: Sylveon
|-damage|p2a: Sylveon|52\/363
|-damage|p1a: Latios|235\/302|[from] item: Life Orb
|
|turn|13
|
|move|p1a: Latios|Psyshock|p2a: Sylveon
|-damage|p2a: Sylveon|0 fnt
|-damage|p1a: Latios|205\/302|[from] item: Life Orb
|faint|p2a: Sylveon
|
|
|switch|p2a: Politoed|Politoed, F|384\/384
|-damage|p2a: Politoed|336\/384|[from] Stealth Rock
|-weather|RainDance
|turn|14
|
|move|p1a: Latios|Draco Meteor|p2a: Politoed
|-damage|p2a: Politoed|12\/384
|-unboost|p1a: Latios|spa|2
|-damage|p1a: Latios|175\/302|[from] item: Life Orb
|move|p2a: Politoed|Ice Beam|p1a: Latios
|-supereffective|p1a: Latios
|-damage|p1a: Latios|43\/302
|
|-weather|RainDance|[upkeep]
|turn|15
|
|move|p1a: Latios|Psyshock|p2a: Politoed
|-damage|p2a: Politoed|0 fnt
|-damage|p1a: Latios|13\/302|[from] item: Life Orb
|faint|p2a: Politoed
|
|-weather|RainDance|[upkeep]
|
|switch|p2a: Swampert|Swampert, F|366\/366
|-damage|p2a: Swampert|344\/366|[from] Stealth Rock
|turn|16
|
|detailschange|p2a: Swampert|Swampert-Mega, F
|message|Swampert has Mega Evolved into Mega Swampert!
|move|p1a: Latios|Draco Meteor|p2a: Swampert
|-crit|p2a: Swampert
|-damage|p2a: Swampert|0 fnt
|-unboost|p1a: Latios|spa|2
|-damage|p1a: Latios|0 fnt|[from] item: Life Orb
|faint|p2a: Swampert
|faint|p1a: Latios
|
|-weather|RainDance|[upkeep]
|
|switch|p2a: Garchomp|Garchomp, F|358\/358
|-damage|p2a: Garchomp|336\/358|[from] Stealth Rock
|switch|p1a: Magnezone|Magnezone|282\/282
|-damage|p1a: Magnezone|265\/282|[from] Stealth Rock
|turn|17
|
|move|p2a: Garchomp|Earthquake|p1a: Magnezone
|-supereffective|p1a: Magnezone
|-damage|p1a: Magnezone|0 fnt
|faint|p1a: Magnezone
|
|-weather|RainDance|[upkeep]
|
|switch|p1a: Ferrothorn|Ferrothorn, F|317\/352
|-damage|p1a: Ferrothorn|295\/352|[from] Stealth Rock
|turn|18
|
|move|p2a: Garchomp|Earthquake|p1a: Ferrothorn
|-damage|p1a: Ferrothorn|156\/352
|move|p1a: Ferrothorn|Gyro Ball|p2a: Garchomp
|-damage|p2a: Garchomp|165\/358
|-damage|p1a: Ferrothorn|112\/352|[from] ability: Rough Skin|[of] p2a: Garchomp
|
|-weather|RainDance|[upkeep]
|-heal|p1a: Ferrothorn|134\/352|[from] item: Leftovers
|turn|19
|
|switch|p2a: Breloom|Breloom, M|260\/261 tox
|-damage|p2a: Breloom|244\/261 tox|[from] Stealth Rock
|move|p1a: Ferrothorn|Leech Seed|p2a: Breloom
|-immune|p2a: Breloom|[msg]
|
|-weather|RainDance|[upkeep]
|-heal|p1a: Ferrothorn|156\/352|[from] item: Leftovers
|-heal|p2a: Breloom|261\/261 tox|[from] ability: Poison Heal
|turn|20
|
|move|p2a: Breloom|Substitute|p2a: Breloom
|-start|p2a: Breloom|Substitute
|-damage|p2a: Breloom|196\/261 tox
|move|p1a: Ferrothorn|Gyro Ball|p2a: Breloom
|-end|p2a: Breloom|Substitute
|
|-weather|RainDance|[upkeep]
|-heal|p1a: Ferrothorn|178\/352|[from] item: Leftovers
|-heal|p2a: Breloom|228\/261 tox|[from] ability: Poison Heal
|turn|21
|
|move|p2a: Breloom|Substitute|p2a: Breloom
|-start|p2a: Breloom|Substitute
|-damage|p2a: Breloom|163\/261 tox
|move|p1a: Ferrothorn|Gyro Ball|p2a: Breloom
|-end|p2a: Breloom|Substitute
|
|-weather|none
|-heal|p1a: Ferrothorn|200\/352|[from] item: Leftovers
|-heal|p2a: Breloom|195\/261 tox|[from] ability: Poison Heal
|turn|22
|
|move|p2a: Breloom|Substitute|p2a: Breloom
|-start|p2a: Breloom|Substitute
|-damage|p2a: Breloom|130\/261 tox
|move|p1a: Ferrothorn|Gyro Ball|p2a: Breloom
|-end|p2a: Breloom|Substitute
|
|-heal|p1a: Ferrothorn|222\/352|[from] item: Leftovers
|-heal|p2a: Breloom|162\/261 tox|[from] ability: Poison Heal
|turn|23
|
|move|p2a: Breloom|Substitute|p2a: Breloom
|-start|p2a: Breloom|Substitute
|-damage|p2a: Breloom|97\/261 tox
|move|p1a: Ferrothorn|Gyro Ball|p2a: Breloom
|-end|p2a: Breloom|Substitute
|
|-heal|p1a: Ferrothorn|244\/352|[from] item: Leftovers
|-heal|p2a: Breloom|129\/261 tox|[from] ability: Poison Heal
|turn|24
|
|move|p2a: Breloom|Substitute|p2a: Breloom
|-start|p2a: Breloom|Substitute
|-damage|p2a: Breloom|64\/261 tox
|move|p1a: Ferrothorn|Gyro Ball|p2a: Breloom
|-end|p2a: Breloom|Substitute
|
|-heal|p1a: Ferrothorn|266\/352|[from] item: Leftovers
|-heal|p2a: Breloom|96\/261 tox|[from] ability: Poison Heal
|turn|25
|
|switch|p1a: Weavile|Weavile, F|282\/282
|-damage|p1a: Weavile|212\/282|[from] Stealth Rock
|move|p2a: Breloom|Substitute|p2a: Breloom
|-start|p2a: Breloom|Substitute
|-damage|p2a: Breloom|31\/261 tox
|
|-heal|p2a: Breloom|63\/261 tox|[from] ability: Poison Heal
|turn|26
|-message|Aim for the top forfeited.
|
|win|Dink Rinkly
|raw|Ladder updating...
|leave|Aim for the top
|player|p1
|raw|Aim for the top's rating: 1357 &rarr; <strong>1336<\/strong><br \/>(-21 for losing)
|raw|Dink Rinkly's rating: 1339 &rarr; <strong>1360<\/strong><br \/>(+21 for winning)