|join|Aka DH
|join|Aim for the top
|player|p1|Aka DH|68
|player|p2|Aim for the top|266
|gametype|singles
|gen|6
|tier|OU
|rated
|clearpoke
|poke|p1|Bisharp, F
|poke|p1|Venusaur, F
|poke|p1|Heatran, M
|poke|p1|Keldeo
|poke|p1|Chansey, F
|poke|p1|Skarmory, M
|poke|p2|Mew
|poke|p2|Charizard, M
|poke|p2|Ferrothorn, M
|poke|p2|Latios, M
|poke|p2|Gliscor, M
|poke|p2|Clefable, M
|rule|Swagger Clause: Swagger is banned
|rule|Baton Pass Clause: Limit one PokÃ©mon knowing Baton Pass
|rule|Sleep Clause Mod: Limit one foe put to sleep
|rule|Species Clause: Limit one of each PokÃ©mon
|rule|OHKO Clause: OHKO moves are banned
|rule|Moody Clause: Moody is banned
|rule|Evasion Moves Clause: Evasion moves are banned
|rule|Endless Battle Clause: Forcing endless battles is banned
|rule|HP Percentage Mod: HP is shown in percentages
|teampreview
|
|start
|switch|p1a: Heatran|Heatran, M|340\/340
|switch|p2a: Gliscor|Gliscor, M|352\/352
|-item|p1a: Heatran|Air Balloon
|turn|1
|
|move|p1a: Heatran|Stealth Rock|p2a: Gliscor
|-sidestart|p2: Aim for the top|move: Stealth Rock
|move|p2a: Gliscor|Knock Off|p1a: Heatran
|-damage|p1a: Heatran|279\/340
|-enditem|p1a: Heatran|Air Balloon
|
|-status|p2a: Gliscor|tox|[from] item: Toxic Orb
|turn|2
|
|switch|p1a: Venusaur|Venusaur, F|364\/364
|move|p2a: Gliscor|Knock Off|p1a: Venusaur
|-damage|p1a: Venusaur|324\/364
|
|turn|3
|
|switch|p2a: Ferrothorn|Ferrothorn, M|352\/352
|-damage|p2a: Ferrothorn|330\/352|[from] Stealth Rock
|detailschange|p1a: Venusaur|Venusaur-Mega, F
|message|Venusaur has Mega Evolved into Mega Venusaur!
|move|p1a: Venusaur|Leech Seed|p2a: Ferrothorn
|-immune|p2a: Ferrothorn|[msg]
|
|-heal|p2a: Ferrothorn|352\/352|[from] item: Leftovers
|turn|4
|
|move|p1a: Venusaur|Hidden Power|p2a: Ferrothorn
|-supereffective|p2a: Ferrothorn
|-damage|p2a: Ferrothorn|184\/352
|move|p2a: Ferrothorn|Stealth Rock|p1a: Venusaur
|-sidestart|p1: Aka DH|move: Stealth Rock
|
|-heal|p2a: Ferrothorn|206\/352|[from] item: Leftovers
|turn|5
|
|switch|p2a: Mew|Mew|404\/404
|-damage|p2a: Mew|354\/404|[from] Stealth Rock
|move|p1a: Venusaur|Leech Seed|p2a: Mew
|-start|p2a: Mew|move: Leech Seed
|
|-heal|p2a: Mew|379\/404|[from] item: Leftovers
|-damage|p2a: Mew|329\/404|[from] Leech Seed|[of] p1a: Venusaur
|-heal|p1a: Venusaur|364\/364|[silent]
|turn|6
|
|switch|p2a: Gliscor|Gliscor, M|352\/352 tox
|-damage|p2a: Gliscor|308\/352 tox|[from] Stealth Rock
|switch|p1a: Heatran|Heatran, M|279\/340
|-damage|p1a: Heatran|237\/340|[from] Stealth Rock
|
|-heal|p2a: Gliscor|352\/352 tox|[from] ability: Poison Heal
|turn|7
|
|move|p1a: Heatran|Fire Blast|p2a: Gliscor|[miss]
|-miss|p1a: Heatran|p2a: Gliscor
|move|p2a: Gliscor|Earthquake|p1a: Heatran
|-supereffective|p1a: Heatran
|-damage|p1a: Heatran|0 fnt
|faint|p1a: Heatran
|
|
|switch|p1a: Keldeo|Keldeo|323\/323
|-damage|p1a: Keldeo|303\/323|[from] Stealth Rock
|turn|8
|
|move|p2a: Gliscor|Protect|p2a: Gliscor
|-singleturn|p2a: Gliscor|Protect
|move|p1a: Keldeo|Scald|p2a: Gliscor
|-activate|p2a: Gliscor|Protect
|
|-heal|p1a: Keldeo|323\/323|[from] item: Leftovers
|turn|9
|
|move|p1a: Keldeo|Scald|p2a: Gliscor
|-supereffective|p2a: Gliscor
|-damage|p2a: Gliscor|74\/352 tox
|move|p2a: Gliscor|Toxic|p1a: Keldeo
|-status|p1a: Keldeo|tox
|
|-damage|p1a: Keldeo|303\/323 tox|[from] psn
|-heal|p2a: Gliscor|118\/352 tox|[from] ability: Poison Heal
|turn|10
|
|move|p2a: Gliscor|Protect|p2a: Gliscor
|-singleturn|p2a: Gliscor|Protect
|move|p1a: Keldeo|Calm Mind|p1a: Keldeo
|-boost|p1a: Keldeo|spa|1
|-boost|p1a: Keldeo|spd|1
|
|-heal|p1a: Keldeo|323\/323 tox|[from] item: Leftovers
|-damage|p1a: Keldeo|283\/323 tox|[from] psn
|-heal|p2a: Gliscor|162\/352 tox|[from] ability: Poison Heal
|turn|11
|
|switch|p2a: Clefable|Clefable, M|392\/392
|-damage|p2a: Clefable|343\/392|[from] Stealth Rock
|move|p1a: Keldeo|Scald|p2a: Clefable
|-damage|p2a: Clefable|198\/392
|-status|p2a: Clefable|brn
|
|-heal|p1a: Keldeo|303\/323 tox|[from] item: Leftovers
|-heal|p2a: Clefable|222\/392 brn|[from] item: Leftovers
|-damage|p1a: Keldeo|243\/323 tox|[from] psn
|-damage|p2a: Clefable|173\/392 brn|[from] brn
|turn|12
|
|switch|p1a: Bisharp|Bisharp, F|334\/334
|-damage|p1a: Bisharp|314\/334|[from] Stealth Rock
|move|p2a: Clefable|Wish|p2a: Clefable
|
|-heal|p1a: Bisharp|334\/334|[from] item: Leftovers
|-heal|p2a: Clefable|197\/392 brn|[from] item: Leftovers
|-damage|p2a: Clefable|148\/392 brn|[from] brn
|turn|13
|
|move|p1a: Bisharp|Swords Dance|p1a: Bisharp
|-boost|p1a: Bisharp|atk|2
|move|p2a: Clefable|Moonblast|p1a: Bisharp
|-damage|p1a: Bisharp|184\/334
|-unboost|p1a: Bisharp|spa|1
|-boost|p1a: Bisharp|atk|2|[from] ability: Defiant
|
|-heal|p2a: Clefable|344\/392 brn|[from] move: Wish|[wisher] Clefable
|-heal|p1a: Bisharp|204\/334|[from] item: Leftovers
|-heal|p2a: Clefable|368\/392 brn|[from] item: Leftovers
|-damage|p2a: Clefable|319\/392 brn|[from] brn
|turn|14
|
|move|p1a: Bisharp|Iron Head|p2a: Clefable
|-supereffective|p2a: Clefable
|-damage|p2a: Clefable|49\/392 brn
|move|p2a: Clefable|Moonblast|p1a: Bisharp
|-damage|p1a: Bisharp|47\/334
|
|-heal|p1a: Bisharp|67\/334|[from] item: Leftovers
|-heal|p2a: Clefable|73\/392 brn|[from] item: Leftovers
|-damage|p2a: Clefable|24\/392 brn|[from] brn
|turn|15
|
|move|p1a: Bisharp|Knock Off|p2a: Clefable
|-resisted|p2a: Clefable
|-damage|p2a: Clefable|0 fnt
|-enditem|p2a: Clefable|Leftovers|[from] move: Knock Off|[of] p1a: Bisharp
|faint|p2a: Clefable
|
|-heal|p1a: Bisharp|87\/334|[from] item: Leftovers
|
|switch|p2a: Mew|Mew|329\/404
|-damage|p2a: Mew|279\/404|[from] Stealth Rock
|turn|16
|
|move|p2a: Mew|Will-O-Wisp|p1a: Bisharp
|-status|p1a: Bisharp|brn
|move|p1a: Bisharp|Knock Off|p2a: Mew
|-supereffective|p2a: Mew
|-damage|p2a: Mew|0 fnt
|-enditem|p2a: Mew|Leftovers|[from] move: Knock Off|[of] p1a: Bisharp
|faint|p2a: Mew
|
|-heal|p1a: Bisharp|107\/334 brn|[from] item: Leftovers
|-damage|p1a: Bisharp|66\/334 brn|[from] brn
|
|switch|p2a: Latios|Latios, M|301\/301
|-damage|p2a: Latios|264\/301|[from] Stealth Rock
|turn|17
|
|move|p1a: Bisharp|Sucker Punch|p2a: Latios
|-fail|p2a: Latios
|move|p2a: Latios|Defog|p1a: Bisharp
|-unboost|p1a: Bisharp|evasion|1
|-boost|p1a: Bisharp|atk|2|[from] ability: Defiant
|-sideend|p1: Aka DH|Stealth Rock|[from] move: Defog|[of] p1a: Bisharp
|-sideend|p2: Aim for the top|Stealth Rock|[from] move: Defog|[of] p2a: Latios
|
|-heal|p1a: Bisharp|86\/334 brn|[from] item: Leftovers
|-damage|p1a: Bisharp|45\/334 brn|[from] brn
|turn|18
|
|move|p2a: Latios|Defog|p1a: Bisharp
|-unboost|p1a: Bisharp|evasion|1
|move|p1a: Bisharp|Knock Off|p2a: Latios
|-supereffective|p2a: Latios
|-damage|p2a: Latios|0 fnt
|-enditem|p2a: Latios|Life Orb|[from] move: Knock Off|[of] p1a: Bisharp
|faint|p2a: Latios
|
|-heal|p1a: Bisharp|65\/334 brn|[from] item: Leftovers
|-damage|p1a: Bisharp|24\/334 brn|[from] brn
|
|switch|p2a: Gliscor|Gliscor, M|162\/352 tox
|turn|19
|
|move|p2a: Gliscor|Protect|p2a: Gliscor
|-singleturn|p2a: Gliscor|Protect
|move|p1a: Bisharp|Sucker Punch|p2a: Gliscor
|-fail|p2a: Gliscor
|
|-heal|p1a: Bisharp|44\/334 brn|[from] item: Leftovers
|-heal|p2a: Gliscor|206\/352 tox|[from] ability: Poison Heal
|-damage|p1a: Bisharp|3\/334 brn|[from] brn
|turn|20
|
|move|p2a: Gliscor|Protect|p2a: Gliscor
|-fail|p2a: Gliscor
|move|p1a: Bisharp|Sucker Punch|p2a: Gliscor
|-fail|p2a: Gliscor
|
|-heal|p1a: Bisharp|23\/334 brn|[from] item: Leftovers
|-heal|p2a: Gliscor|250\/352 tox|[from] ability: Poison Heal
|-damage|p1a: Bisharp|0 fnt|[from] brn
|faint|p1a: Bisharp
|
|switch|p1a: Skarmory|Skarmory, M|334\/334
|turn|21
|
|move|p2a: Gliscor|Knock Off|p1a: Skarmory
|-damage|p1a: Skarmory|287\/334
|-damage|p2a: Gliscor|192\/352 tox|[from] item: Rocky Helmet|[of] p1a: Skarmory
|-enditem|p1a: Skarmory|Rocky Helmet|[from] move: Knock Off|[of] p2a: Gliscor
|move|p1a: Skarmory|Spikes|p2a: Gliscor
|-sidestart|p2: Aim for the top|Spikes
|
|-heal|p2a: Gliscor|236\/352 tox|[from] ability: Poison Heal
|turn|22
|
|switch|p2a: Ferrothorn|Ferrothorn, M|206\/352
|-damage|p2a: Ferrothorn|162\/352|[from] Spikes
|move|p1a: Skarmory|Spikes|p2a: Ferrothorn
|-sidestart|p2: Aim for the top|Spikes
|
|-heal|p2a: Ferrothorn|184\/352|[from] item: Leftovers
|turn|23
|
|switch|p1a: Venusaur|Venusaur-Mega, F|364\/364
|move|p2a: Ferrothorn|Stealth Rock|p1a: Venusaur
|-sidestart|p1: Aka DH|move: Stealth Rock
|
|-heal|p2a: Ferrothorn|206\/352|[from] item: Leftovers
|turn|24
|
|move|p1a: Venusaur|Hidden Power|p2a: Ferrothorn
|-supereffective|p2a: Ferrothorn
|-damage|p2a: Ferrothorn|42\/352
|move|p2a: Ferrothorn|Gyro Ball|p1a: Venusaur
|-damage|p1a: Venusaur|295\/364
|
|-heal|p2a: Ferrothorn|64\/352|[from] item: Leftovers
|turn|25
|
|move|p1a: Venusaur|Hidden Power|p2a: Ferrothorn
|-supereffective|p2a: Ferrothorn
|-damage|p2a: Ferrothorn|0 fnt
|faint|p2a: Ferrothorn
|
|
|switch|p2a: Charizard|Charizard, M|359\/359
|turn|26
|
|switch|p1a: Chansey|Chansey, F|684\/684
|-damage|p1a: Chansey|599\/684|[from] Stealth Rock
|detailschange|p2a: Charizard|Charizard-Mega-X, M
|message|Charizard has Mega Evolved into Mega Charizard!
|move|p2a: Charizard|Flare Blitz|p1a: Chansey
|-damage|p1a: Chansey|236\/684
|-damage|p2a: Charizard|239\/359|[from] recoil|[of] p1a: Chansey
|
|turn|27
|
|move|p2a: Charizard|Dragon Dance|p2a: Charizard
|-boost|p2a: Charizard|atk|1
|-boost|p2a: Charizard|spe|1
|move|p1a: Chansey|Thunder Wave|p2a: Charizard
|-status|p2a: Charizard|par
|
|turn|28
|
|move|p1a: Chansey|Seismic Toss|p2a: Charizard
|-damage|p2a: Charizard|139\/359 par
|move|p2a: Charizard|Dragon Claw|p1a: Chansey
|-damage|p1a: Chansey|0 fnt
|faint|p1a: Chansey
|
|
|switch|p1a: Keldeo|Keldeo|243\/323 tox
|-damage|p1a: Keldeo|223\/323 tox|[from] Stealth Rock
|turn|29
|
|move|p1a: Keldeo|Scald|p2a: Charizard
|-damage|p2a: Charizard|0 fnt
|faint|p2a: Charizard
|
|-heal|p1a: Keldeo|243\/323 tox|[from] item: Leftovers
|-damage|p1a: Keldeo|223\/323 tox|[from] psn
|-message|Aim for the top forfeited.
|
|win|Aka DH
|raw|Ladder updating...
|leave|Aim for the top
|player|p2
|raw|Aka DH's rating: 1939 &rarr; <strong>1949<\/strong><br \/>(+10 for winning)
|raw|Aim for the top's rating: 1740 &rarr; <strong>1730<\/strong><br \/>(-10 for losing)