|join|Aim for the top
|join|alb_prova
|player|p1|Aim for the top|169
|player|p2|alb_prova|210
|gametype|singles
|gen|6
|tier|OU
|rated
|clearpoke
|poke|p1|Mew
|poke|p1|Charizard, M
|poke|p1|Ferrothorn, F
|poke|p1|Latios, M
|poke|p1|Gliscor, M
|poke|p1|Clefable, F
|poke|p2|Jirachi
|poke|p2|Azumarill, M
|poke|p2|Poliwrath, M
|poke|p2|Heracross, M
|poke|p2|Raikou
|poke|p2|Avalugg, F
|rule|Swagger Clause: Swagger is banned
|rule|Baton Pass Clause: Limit one PokÃ©mon knowing Baton Pass
|rule|Sleep Clause Mod: Limit one foe put to sleep
|rule|Species Clause: Limit one of each PokÃ©mon
|rule|OHKO Clause: OHKO moves are banned
|rule|Moody Clause: Moody is banned
|rule|Evasion Moves Clause: Evasion moves are banned
|rule|Endless Battle Clause: Forcing endless battles is banned
|rule|HP Percentage Mod: HP is shown in percentages
|teampreview
|c|âalb_prova|gl hf
|c|âAim for the top|u too
|
|start
|switch|p1a: Mew|Mew|404\/404
|switch|p2a: Heracross|Heracross, M|309\/309
|turn|1
|
|detailschange|p2a: Heracross|Heracross-Mega, M
|message|Heracross has Mega Evolved into Mega Heracross!
|move|p2a: Heracross|Pin Missile|p1a: Mew
|-supereffective|p1a: Mew
|-damage|p1a: Mew|284\/404
|-supereffective|p1a: Mew
|-damage|p1a: Mew|158\/404
|-supereffective|p1a: Mew
|-damage|p1a: Mew|30\/404
|-supereffective|p1a: Mew
|-damage|p1a: Mew|0 fnt
|-hitcount|p1a: Mew|4
|faint|p1a: Mew
|
|
|switch|p1a: Charizard|Charizard, M|359\/359
|turn|2
|
|switch|p2a: Poliwrath|Poliwrath, M|384\/384
|detailschange|p1a: Charizard|Charizard-Mega-X, M
|message|Charizard has Mega Evolved into Mega Charizard!
|move|p1a: Charizard|Flare Blitz|p2a: Poliwrath
|-resisted|p2a: Poliwrath
|-damage|p2a: Poliwrath|279\/384
|-damage|p1a: Charizard|324\/359|[from] recoil|[of] p2a: Poliwrath
|
|-heal|p2a: Poliwrath|303\/384|[from] item: Leftovers
|turn|3
|
|move|p1a: Charizard|Dragon Claw|p2a: Poliwrath
|-crit|p2a: Poliwrath
|-damage|p2a: Poliwrath|90\/384
|move|p2a: Poliwrath|Scald|p1a: Charizard
|-damage|p1a: Charizard|237\/359
|
|-heal|p2a: Poliwrath|114\/384|[from] item: Leftovers
|turn|4
|
|move|p1a: Charizard|Dragon Dance|p1a: Charizard
|-boost|p1a: Charizard|atk|1
|-boost|p1a: Charizard|spe|1
|move|p2a: Poliwrath|Circle Throw|p1a: Charizard
|-damage|p1a: Charizard|177\/359
|drag|p1a: Clefable|Clefable, F|394\/394
|
|-heal|p2a: Poliwrath|138\/384|[from] item: Leftovers
|turn|5
|
|switch|p2a: Jirachi|Jirachi|404\/404
|move|p1a: Clefable|Moonblast|p2a: Jirachi
|-resisted|p2a: Jirachi
|-damage|p2a: Jirachi|368\/404
|
|-heal|p2a: Jirachi|393\/404|[from] item: Leftovers
|turn|6
|
|switch|p1a: Ferrothorn|Ferrothorn, F|352\/352
|move|p2a: Jirachi|Stealth Rock|p1a: Ferrothorn
|-sidestart|p1: Aim for the top|move: Stealth Rock
|
|-heal|p2a: Jirachi|404\/404|[from] item: Leftovers
|turn|7
|
|move|p2a: Jirachi|Fire Punch|p1a: Ferrothorn
|-supereffective|p1a: Ferrothorn
|-damage|p1a: Ferrothorn|196\/352
|-damage|p2a: Jirachi|354\/404|[from] ability: Iron Barbs|[of] p1a: Ferrothorn
|move|p1a: Ferrothorn|Leech Seed|p2a: Jirachi
|-start|p2a: Jirachi|move: Leech Seed
|
|-heal|p2a: Jirachi|379\/404|[from] item: Leftovers
|-heal|p1a: Ferrothorn|218\/352|[from] item: Leftovers
|-damage|p2a: Jirachi|329\/404|[from] Leech Seed|[of] p1a: Ferrothorn
|-heal|p1a: Ferrothorn|268\/352|[silent]
|turn|8
|
|switch|p2a: Heracross|Heracross-Mega, M|309\/309
|switch|p1a: Charizard|Charizard-Mega-X, M|177\/359
|-damage|p1a: Charizard|88\/359|[from] Stealth Rock
|
|turn|9
|
|move|p2a: Heracross|Rock Blast|p1a: Charizard
|-crit|p1a: Charizard
|-supereffective|p1a: Charizard
|-damage|p1a: Charizard|0 fnt
|-hitcount|p1a: Charizard|1
|faint|p1a: Charizard
|
|
|switch|p1a: Gliscor|Gliscor, M|352\/352
|-damage|p1a: Gliscor|308\/352|[from] Stealth Rock
|turn|10
|
|switch|p2a: Avalugg|Avalugg, F|394\/394
|move|p1a: Gliscor|Acrobatics|p2a: Avalugg
|-damage|p2a: Avalugg|361\/394
|
|-heal|p2a: Avalugg|385\/394|[from] item: Leftovers
|-status|p1a: Gliscor|tox|[from] item: Toxic Orb
|turn|11
|
|switch|p1a: Ferrothorn|Ferrothorn, F|268\/352
|-damage|p1a: Ferrothorn|246\/352|[from] Stealth Rock
|move|p2a: Avalugg|Avalanche|p1a: Ferrothorn
|-damage|p1a: Ferrothorn|191\/352
|-damage|p2a: Avalugg|336\/394|[from] ability: Iron Barbs|[of] p1a: Ferrothorn
|
|-heal|p2a: Avalugg|360\/394|[from] item: Leftovers
|-heal|p1a: Ferrothorn|213\/352|[from] item: Leftovers
|turn|12
|
|switch|p2a: Heracross|Heracross-Mega, M|309\/309
|move|p1a: Ferrothorn|Stealth Rock|p2a: Heracross
|-sidestart|p2: alb_prova|move: Stealth Rock
|
|-heal|p1a: Ferrothorn|235\/352|[from] item: Leftovers
|turn|13
|
|switch|p1a: Gliscor|Gliscor, M|308\/352 tox
|-damage|p1a: Gliscor|264\/352 tox|[from] Stealth Rock
|move|p2a: Heracross|Close Combat|p1a: Gliscor
|-resisted|p1a: Gliscor
|-damage|p1a: Gliscor|151\/352 tox
|-unboost|p2a: Heracross|def|1
|-unboost|p2a: Heracross|spd|1
|
|-heal|p1a: Gliscor|195\/352 tox|[from] ability: Poison Heal
|turn|14
|
|move|p2a: Heracross|Bullet Seed|p1a: Gliscor
|-damage|p1a: Gliscor|161\/352 tox
|-damage|p1a: Gliscor|127\/352 tox
|-crit|p1a: Gliscor
|-damage|p1a: Gliscor|81\/352 tox
|-damage|p1a: Gliscor|47\/352 tox
|-damage|p1a: Gliscor|13\/352 tox
|-hitcount|p1a: Gliscor|5
|move|p1a: Gliscor|Knock Off|p2a: Heracross
|-resisted|p2a: Heracross
|-damage|p2a: Heracross|275\/309
|
|-heal|p1a: Gliscor|57\/352 tox|[from] ability: Poison Heal
|turn|15
|
|move|p1a: Gliscor|Protect|p1a: Gliscor
|-singleturn|p1a: Gliscor|Protect
|move|p2a: Heracross|Pin Missile|p1a: Gliscor
|-activate|p1a: Gliscor|Protect
|
|-heal|p1a: Gliscor|101\/352 tox|[from] ability: Poison Heal
|turn|16
|c|âAim for the top|im just getting played right now
|
|switch|p1a: Ferrothorn|Ferrothorn, F|235\/352
|-damage|p1a: Ferrothorn|213\/352|[from] Stealth Rock
|move|p2a: Heracross|Bullet Seed|p1a: Ferrothorn
|-resisted|p1a: Ferrothorn
|-damage|p1a: Ferrothorn|207\/352
|-resisted|p1a: Ferrothorn
|-damage|p1a: Ferrothorn|201\/352
|-resisted|p1a: Ferrothorn
|-damage|p1a: Ferrothorn|194\/352
|-resisted|p1a: Ferrothorn
|-damage|p1a: Ferrothorn|188\/352
|-resisted|p1a: Ferrothorn
|-damage|p1a: Ferrothorn|182\/352
|-hitcount|p1a: Ferrothorn|5
|
|-heal|p1a: Ferrothorn|204\/352|[from] item: Leftovers
|turn|17
|
|switch|p1a: Clefable|Clefable, F|394\/394
|-damage|p1a: Clefable|345\/394|[from] Stealth Rock
|move|p2a: Heracross|Close Combat|p1a: Clefable
|-resisted|p1a: Clefable
|-damage|p1a: Clefable|229\/394
|-unboost|p2a: Heracross|def|1
|-unboost|p2a: Heracross|spd|1
|
|-heal|p1a: Clefable|253\/394|[from] item: Leftovers
|turn|18
|
|switch|p2a: Jirachi|Jirachi|329\/404
|-damage|p2a: Jirachi|304\/404|[from] Stealth Rock
|move|p1a: Clefable|Thunder Wave|p2a: Jirachi
|-status|p2a: Jirachi|par
|
|-heal|p1a: Clefable|277\/394|[from] item: Leftovers
|-heal|p2a: Jirachi|329\/404 par|[from] item: Leftovers
|turn|19
|
|move|p1a: Clefable|Wish|p1a: Clefable
|move|p2a: Jirachi|Iron Head|p1a: Clefable
|-supereffective|p1a: Clefable
|-damage|p1a: Clefable|97\/394
|
|-heal|p1a: Clefable|121\/394|[from] item: Leftovers
|-heal|p2a: Jirachi|354\/404 par|[from] item: Leftovers
|turn|20
|
|switch|p1a: Ferrothorn|Ferrothorn, F|204\/352
|-damage|p1a: Ferrothorn|182\/352|[from] Stealth Rock
|move|p2a: Jirachi|Iron Head|p1a: Ferrothorn
|-resisted|p1a: Ferrothorn
|-damage|p1a: Ferrothorn|149\/352
|-damage|p2a: Jirachi|304\/404 par|[from] ability: Iron Barbs|[of] p1a: Ferrothorn
|
|-heal|p1a: Ferrothorn|346\/352|[from] move: Wish|[wisher] Clefable
|-heal|p2a: Jirachi|329\/404 par|[from] item: Leftovers
|-heal|p1a: Ferrothorn|352\/352|[from] item: Leftovers
|turn|21
|
|move|p2a: Jirachi|Fire Punch|p1a: Ferrothorn
|-supereffective|p1a: Ferrothorn
|-damage|p1a: Ferrothorn|180\/352
|-damage|p2a: Jirachi|279\/404 par|[from] ability: Iron Barbs|[of] p1a: Ferrothorn
|move|p1a: Ferrothorn|Leech Seed|p2a: Jirachi
|-start|p2a: Jirachi|move: Leech Seed
|
|-heal|p2a: Jirachi|304\/404 par|[from] item: Leftovers
|-heal|p1a: Ferrothorn|202\/352|[from] item: Leftovers
|-damage|p2a: Jirachi|254\/404 par|[from] Leech Seed|[of] p1a: Ferrothorn
|-heal|p1a: Ferrothorn|252\/352|[silent]
|turn|22
|
|switch|p2a: Heracross|Heracross-Mega, M|275\/309
|-damage|p2a: Heracross|237\/309|[from] Stealth Rock
|move|p1a: Ferrothorn|Leech Seed|p2a: Heracross
|-start|p2a: Heracross|move: Leech Seed
|
|-heal|p1a: Ferrothorn|274\/352|[from] item: Leftovers
|-damage|p2a: Heracross|199\/309|[from] Leech Seed|[of] p1a: Ferrothorn
|-heal|p1a: Ferrothorn|312\/352|[silent]
|turn|23
|
|move|p1a: Ferrothorn|Protect|p1a: Ferrothorn
|-singleturn|p1a: Ferrothorn|Protect
|move|p2a: Heracross|Close Combat|p1a: Ferrothorn
|-activate|p1a: Ferrothorn|Protect
|
|-heal|p1a: Ferrothorn|334\/352|[from] item: Leftovers
|-damage|p2a: Heracross|161\/309|[from] Leech Seed|[of] p1a: Ferrothorn
|-heal|p1a: Ferrothorn|352\/352|[silent]
|turn|24
|
|switch|p1a: Gliscor|Gliscor, M|101\/352 tox
|-damage|p1a: Gliscor|57\/352 tox|[from] Stealth Rock
|move|p2a: Heracross|Close Combat|p1a: Gliscor
|-resisted|p1a: Gliscor
|-damage|p1a: Gliscor|0 fnt
|-unboost|p2a: Heracross|def|1
|-unboost|p2a: Heracross|spd|1
|faint|p1a: Gliscor
|
|
|switch|p1a: Latios|Latios, M|301\/301
|-damage|p1a: Latios|264\/301|[from] Stealth Rock
|turn|25
|
|switch|p2a: Jirachi|Jirachi|254\/404 par
|-damage|p2a: Jirachi|229\/404 par|[from] Stealth Rock
|move|p1a: Latios|Psyshock|p2a: Jirachi
|-resisted|p2a: Jirachi
|-damage|p2a: Jirachi|182\/404 par
|-damage|p1a: Latios|234\/301|[from] item: Life Orb
|
|-heal|p2a: Jirachi|207\/404 par|[from] item: Leftovers
|turn|26
|
|move|p1a: Latios|Earthquake|p2a: Jirachi
|-supereffective|p2a: Jirachi
|-damage|p2a: Jirachi|2\/404 par
|-damage|p1a: Latios|204\/301|[from] item: Life Orb
|move|p2a: Jirachi|Iron Head|p1a: Latios
|-damage|p1a: Latios|68\/301
|
|-heal|p2a: Jirachi|27\/404 par|[from] item: Leftovers
|turn|27
|
|move|p1a: Latios|Earthquake|p2a: Jirachi
|-supereffective|p2a: Jirachi
|-damage|p2a: Jirachi|0 fnt
|-damage|p1a: Latios|38\/301|[from] item: Life Orb
|faint|p2a: Jirachi
|
|
|switch|p2a: Raikou|Raikou|321\/321
|-damage|p2a: Raikou|281\/321|[from] Stealth Rock
|-ability|p2a: Raikou|Pressure
|turn|28
|
|switch|p1a: Clefable|Clefable, F|121\/394
|-damage|p1a: Clefable|72\/394|[from] Stealth Rock
|move|p2a: Raikou|Volt Switch|p1a: Clefable
|-damage|p1a: Clefable|0 fnt
|faint|p1a: Clefable
|c|âAim for the top|im mad
|c|âAim for the top|you only win cuz of mega cross
|
|switch|p2a: Azumarill|Azumarill, M|401\/401
|-damage|p2a: Azumarill|351\/401|[from] Stealth Rock
|
|c|âAim for the top|and me being bulky x
|
|switch|p1a: Ferrothorn|Ferrothorn, F|352\/352
|-damage|p1a: Ferrothorn|330\/352|[from] Stealth Rock
|turn|29
|
|move|p2a: Azumarill|Knock Off|p1a: Ferrothorn
|-damage|p1a: Ferrothorn|237\/352
|-damage|p2a: Azumarill|301\/401|[from] ability: Iron Barbs|[of] p1a: Ferrothorn
|-enditem|p1a: Ferrothorn|Leftovers|[from] move: Knock Off|[of] p2a: Azumarill
|move|p1a: Ferrothorn|Leech Seed|p2a: Azumarill
|-start|p2a: Azumarill|move: Leech Seed
|
|-damage|p2a: Azumarill|251\/401|[from] Leech Seed|[of] p1a: Ferrothorn
|-heal|p1a: Ferrothorn|287\/352|[silent]
|turn|30
|
|move|p2a: Azumarill|Waterfall|p1a: Ferrothorn
|-resisted|p1a: Ferrothorn
|-damage|p1a: Ferrothorn|233\/352
|-damage|p2a: Azumarill|201\/401|[from] ability: Iron Barbs|[of] p1a: Ferrothorn
|move|p1a: Ferrothorn|Leech Seed|p2a: Azumarill
|-fail|p2a: Azumarill
|
|-damage|p2a: Azumarill|151\/401|[from] Leech Seed|[of] p1a: Ferrothorn
|-heal|p1a: Ferrothorn|283\/352|[silent]
|turn|31
|
|move|p1a: Ferrothorn|Protect|p1a: Ferrothorn
|-singleturn|p1a: Ferrothorn|Protect
|move|p2a: Azumarill|Waterfall|p1a: Ferrothorn
|-activate|p1a: Ferrothorn|Protect
|
|-damage|p2a: Azumarill|101\/401|[from] Leech Seed|[of] p1a: Ferrothorn
|-heal|p1a: Ferrothorn|333\/352|[silent]
|turn|32
|
|move|p2a: Azumarill|Waterfall|p1a: Ferrothorn
|-resisted|p1a: Ferrothorn
|-damage|p1a: Ferrothorn|280\/352
|-damage|p2a: Azumarill|51\/401|[from] ability: Iron Barbs|[of] p1a: Ferrothorn
|move|p1a: Ferrothorn|Gyro Ball|p2a: Azumarill
|-damage|p2a: Azumarill|0 fnt
|faint|p2a: Azumarill
|
|
|switch|p2a: Heracross|Heracross-Mega, M|161\/309
|-damage|p2a: Heracross|123\/309|[from] Stealth Rock
|turn|33
|
|move|p2a: Heracross|Close Combat|p1a: Ferrothorn
|-supereffective|p1a: Ferrothorn
|-damage|p1a: Ferrothorn|0 fnt
|-damage|p2a: Heracross|85\/309|[from] ability: Iron Barbs|[of] p1a: Ferrothorn
|-unboost|p2a: Heracross|def|1
|-unboost|p2a: Heracross|spd|1
|faint|p1a: Ferrothorn
|
|
|switch|p1a: Latios|Latios, M|38\/301
|-damage|p1a: Latios|1\/301|[from] Stealth Rock
|turn|34
|c|âalb_prova|mega hera is my mon
|c|âalb_prova|it's not hax
|c|âalb_prova|ahaha
|
|move|p1a: Latios|Draco Meteor|p2a: Heracross
|-damage|p2a: Heracross|0 fnt
|-unboost|p1a: Latios|spa|2
|-damage|p1a: Latios|0 fnt|[from] item: Life Orb
|faint|p2a: Heracross
|faint|p1a: Latios
|
|win|alb_prova
|raw|Ladder updating...
|raw|Aim for the top's rating: 1605 &rarr; <strong>1581<\/strong><br \/>(-24 for losing)
|raw|alb_prova's rating: 1524 &rarr; <strong>1548<\/strong><br \/>(+24 for winning)
|leave|Aim for the top
|player|p1