|join|LT5W Googly
|join|Aim for the top
|player|p1|LT5W Googly|238
|player|p2|Aim for the top|2
|gametype|singles
|gen|6
|tier|OU
|rated
|clearpoke
|poke|p1|Clefable, M
|poke|p1|Conkeldurr, F
|poke|p1|Landorus-Therian, M
|poke|p1|Chansey, F
|poke|p1|Scizor, M
|poke|p1|Alomomola, F
|poke|p2|Mew
|poke|p2|Charizard, M
|poke|p2|Ferrothorn, M
|poke|p2|Latios, M
|poke|p2|Gliscor, F
|poke|p2|Clefable, M
|rule|Swagger Clause: Swagger is banned
|rule|Baton Pass Clause: Limit one PokÃ©mon knowing Baton Pass
|rule|Sleep Clause Mod: Limit one foe put to sleep
|rule|Species Clause: Limit one of each PokÃ©mon
|rule|OHKO Clause: OHKO moves are banned
|rule|Moody Clause: Moody is banned
|rule|Evasion Moves Clause: Evasion moves are banned
|rule|Endless Battle Clause: Forcing endless battles is banned
|rule|HP Percentage Mod: HP is shown in percentages
|teampreview
|
|start
|switch|p1a: Mega Luvdisc|Alomomola, F|534\/534
|switch|p2a: Mew|Mew|404\/404
|turn|1
|
|move|p2a: Mew|Taunt|p1a: Mega Luvdisc
|-start|p1a: Mega Luvdisc|move: Taunt
|cant|p1a: Mega Luvdisc|move: Taunt|Toxic
|
|turn|2
|
|move|p2a: Mew|Knock Off|p1a: Mega Luvdisc
|-damage|p1a: Mega Luvdisc|473\/534
|-damage|p2a: Mew|337\/404|[from] item: Rocky Helmet|[of] p1a: Mega Luvdisc
|-enditem|p1a: Mega Luvdisc|Rocky Helmet|[from] move: Knock Off|[of] p2a: Mew
|move|p1a: Mega Luvdisc|Scald|p2a: Mew
|-damage|p2a: Mew|300\/404
|-status|p2a: Mew|brn
|-status|p1a: Mega Luvdisc|brn
|
|-heal|p2a: Mew|325\/404 brn|[from] item: Leftovers
|-damage|p2a: Mew|275\/404 brn|[from] brn
|-damage|p1a: Mega Luvdisc|407\/534 brn|[from] brn
|turn|3
|
|switch|p1a: Clamps|Scizor, M|343\/343
|move|p2a: Mew|Soft-Boiled|p2a: Mew
|-heal|p2a: Mew|404\/404 brn
|
|-damage|p2a: Mew|354\/404 brn|[from] brn
|turn|4
|
|switch|p1a: Conkelderp|Conkeldurr, F|401\/401
|move|p2a: Mew|Will-O-Wisp|p1a: Conkelderp
|-status|p1a: Conkelderp|brn
|
|-heal|p2a: Mew|379\/404 brn|[from] item: Leftovers
|-damage|p2a: Mew|329\/404 brn|[from] brn
|-damage|p1a: Conkelderp|351\/401 brn|[from] brn
|turn|5
|
|switch|p2a: Charizard|Charizard, M|359\/359
|move|p1a: Conkelderp|Knock Off|p2a: Charizard
|-damage|p2a: Charizard|195\/359
|
|-damage|p1a: Conkelderp|301\/401 brn|[from] brn
|turn|6
|
|switch|p1a: HP Blob|Chansey, F|704\/704
|detailschange|p2a: Charizard|Charizard-Mega-X, M
|message|Charizard has Mega Evolved into Mega Charizard!
|move|p2a: Charizard|Roost|p2a: Charizard
|-heal|p2a: Charizard|359\/359
|
|turn|7
|
|switch|p1a: RAWR!|Landorus-Therian, M|382\/382
|-ability|p1a: RAWR!|Intimidate|[of] p2a: Charizard
|-unboost|p2a: Charizard|atk|1
|move|p2a: Charizard|Dragon Dance|p2a: Charizard
|-boost|p2a: Charizard|atk|1
|-boost|p2a: Charizard|spe|1
|
|turn|8
|
|switch|p2a: Gliscor|Gliscor, F|352\/352
|move|p1a: RAWR!|Earthquake|p2a: Gliscor
|-immune|p2a: Gliscor|[msg]
|
|-status|p2a: Gliscor|tox|[from] item: Toxic Orb
|turn|9
|
|move|p2a: Gliscor|Knock Off|p1a: RAWR!
|-damage|p1a: RAWR!|321\/382
|-enditem|p1a: RAWR!|Leftovers|[from] move: Knock Off|[of] p2a: Gliscor
|move|p1a: RAWR!|Stealth Rock|p2a: Gliscor
|-sidestart|p2: Aim for the top|move: Stealth Rock
|
|turn|10
|
|move|p2a: Gliscor|Toxic|p1a: RAWR!
|-status|p1a: RAWR!|tox
|move|p1a: RAWR!|U-turn|p2a: Gliscor
|-resisted|p2a: Gliscor
|-damage|p2a: Gliscor|323\/352 tox
|
|switch|p1a: Conkelderp|Conkeldurr, F|301\/401 brn
|
|-heal|p2a: Gliscor|352\/352 tox|[from] ability: Poison Heal
|-damage|p1a: Conkelderp|251\/401 brn|[from] brn
|turn|11
|
|switch|p2a: Clefable|Clefable, M|394\/394
|-damage|p2a: Clefable|345\/394|[from] Stealth Rock
|move|p1a: Conkelderp|Ice Punch|p2a: Clefable
|-damage|p2a: Clefable|200\/394
|
|-heal|p2a: Clefable|224\/394|[from] item: Leftovers
|-damage|p1a: Conkelderp|201\/401 brn|[from] brn
|turn|12
|
|switch|p1a: HP Blob|Chansey, F|704\/704
|move|p2a: Clefable|Wish|p2a: Clefable
|
|-heal|p2a: Clefable|248\/394|[from] item: Leftovers
|turn|13
|
|switch|p2a: Charizard|Charizard-Mega-X, M|359\/359
|-damage|p2a: Charizard|270\/359|[from] Stealth Rock
|move|p1a: HP Blob|Wish|p1a: HP Blob
|
|-heal|p2a: Charizard|359\/359|[from] move: Wish|[wisher] Clefable
|turn|14
|
|switch|p1a: Mega Luvdisc|Alomomola, F|534\/534 brn
|move|p2a: Charizard|Flare Blitz|p1a: Mega Luvdisc
|-resisted|p1a: Mega Luvdisc
|-damage|p1a: Mega Luvdisc|407\/534 brn
|-damage|p2a: Charizard|317\/359|[from] recoil|[of] p1a: Mega Luvdisc
|
|-heal|p1a: Mega Luvdisc|534\/534 brn|[from] move: Wish|[wisher] HP Blob
|-damage|p1a: Mega Luvdisc|468\/534 brn|[from] brn
|turn|15
|
|switch|p2a: Ferrothorn|Ferrothorn, M|352\/352
|-damage|p2a: Ferrothorn|330\/352|[from] Stealth Rock
|move|p1a: Mega Luvdisc|Toxic|p2a: Ferrothorn
|-fail|p2a: Ferrothorn
|
|-heal|p2a: Ferrothorn|352\/352|[from] item: Leftovers
|-damage|p1a: Mega Luvdisc|402\/534 brn|[from] brn
|turn|16
|
|move|p1a: Mega Luvdisc|Scald|p2a: Ferrothorn
|-resisted|p2a: Ferrothorn
|-damage|p2a: Ferrothorn|334\/352
|move|p2a: Ferrothorn|Leech Seed|p1a: Mega Luvdisc
|-start|p1a: Mega Luvdisc|move: Leech Seed
|
|-heal|p2a: Ferrothorn|352\/352|[from] item: Leftovers
|-damage|p1a: Mega Luvdisc|336\/534 brn|[from] Leech Seed|[of] p2a: Ferrothorn
|-damage|p1a: Mega Luvdisc|270\/534 brn|[from] brn
|turn|17
|
|switch|p2a: Charizard|Charizard-Mega-X, M|317\/359
|-damage|p2a: Charizard|228\/359|[from] Stealth Rock
|move|p1a: Mega Luvdisc|Scald|p2a: Charizard
|-damage|p2a: Charizard|179\/359
|
|-damage|p1a: Mega Luvdisc|204\/534 brn|[from] Leech Seed|[of] p2a: Charizard
|-heal|p2a: Charizard|245\/359|[silent]
|-damage|p1a: Mega Luvdisc|138\/534 brn|[from] brn
|turn|18
|
|switch|p1a: RAWR!|Landorus-Therian, M|321\/382 tox
|-ability|p1a: RAWR!|Intimidate|[of] p2a: Charizard
|-unboost|p2a: Charizard|atk|1
|move|p2a: Charizard|Dragon Claw|p1a: RAWR!
|-damage|p1a: RAWR!|221\/382 tox
|
|-damage|p1a: RAWR!|198\/382 tox|[from] psn
|turn|19
|
|switch|p2a: Gliscor|Gliscor, F|352\/352 tox
|-damage|p2a: Gliscor|308\/352 tox|[from] Stealth Rock
|switch|p1a: HP Blob|Chansey, F|704\/704
|
|-heal|p2a: Gliscor|352\/352 tox|[from] ability: Poison Heal
|turn|20
|
|move|p1a: HP Blob|Protect|p1a: HP Blob
|-singleturn|p1a: HP Blob|Protect
|move|p2a: Gliscor|Knock Off|p1a: HP Blob
|-activate|p1a: HP Blob|Protect
|
|turn|21
|
|switch|p1a: Clamps|Scizor, M|343\/343
|move|p2a: Gliscor|Knock Off|p1a: Clamps
|-damage|p1a: Clamps|307\/343
|
|turn|22
|
|switch|p2a: Charizard|Charizard-Mega-X, M|245\/359
|-damage|p2a: Charizard|156\/359|[from] Stealth Rock
|switch|p1a: Mega Luvdisc|Alomomola, F|316\/534 brn
|
|-damage|p1a: Mega Luvdisc|250\/534 brn|[from] brn
|turn|23
|
|move|p2a: Charizard|Roost|p2a: Charizard
|-heal|p2a: Charizard|336\/359
|move|p1a: Mega Luvdisc|Toxic|p2a: Charizard|[miss]
|-miss|p1a: Mega Luvdisc|p2a: Charizard
|
|-damage|p1a: Mega Luvdisc|184\/534 brn|[from] brn
|turn|24
|
|switch|p1a: HP Blob|Chansey, F|704\/704
|move|p2a: Charizard|Dragon Claw|p1a: HP Blob
|-damage|p1a: HP Blob|458\/704
|
|turn|25
|
|move|p2a: Charizard|Dragon Dance|p2a: Charizard
|-boost|p2a: Charizard|atk|1
|-boost|p2a: Charizard|spe|1
|move|p1a: HP Blob|Wish|p1a: HP Blob
|
|turn|26
|
|switch|p1a: Wut's Toxic?|Clefable, M|394\/394
|move|p2a: Charizard|Dragon Claw|p1a: Wut's Toxic?
|-immune|p1a: Wut's Toxic?|[msg]
|
|turn|27
|
|move|p2a: Charizard|Flare Blitz|p1a: Wut's Toxic?
|-damage|p1a: Wut's Toxic?|151\/394
|-damage|p2a: Charizard|256\/359|[from] recoil|[of] p1a: Wut's Toxic?
|move|p1a: Wut's Toxic?|Moonblast|p2a: Charizard
|-damage|p2a: Charizard|127\/359
|-unboost|p2a: Charizard|spa|1
|
|-heal|p1a: Wut's Toxic?|175\/394|[from] item: Leftovers
|turn|28
|
|move|p2a: Charizard|Dragon Dance|p2a: Charizard
|-boost|p2a: Charizard|atk|1
|-boost|p2a: Charizard|spe|1
|move|p1a: Wut's Toxic?|Moonlight|p1a: Wut's Toxic?
|-heal|p1a: Wut's Toxic?|372\/394
|
|-heal|p1a: Wut's Toxic?|394\/394|[from] item: Leftovers
|turn|29
|
|move|p2a: Charizard|Roost|p2a: Charizard
|-heal|p2a: Charizard|307\/359
|move|p1a: Wut's Toxic?|Moonblast|p2a: Charizard
|-damage|p2a: Charizard|192\/359
|
|turn|30
|
|move|p2a: Charizard|Roost|p2a: Charizard
|-heal|p2a: Charizard|359\/359
|move|p1a: Wut's Toxic?|Moonblast|p2a: Charizard
|-damage|p2a: Charizard|232\/359
|
|turn|31
|
|move|p2a: Charizard|Dragon Dance|p2a: Charizard
|-boost|p2a: Charizard|atk|1
|-boost|p2a: Charizard|spe|1
|move|p1a: Wut's Toxic?|Moonblast|p2a: Charizard
|-damage|p2a: Charizard|100\/359
|
|turn|32
|
|move|p2a: Charizard|Roost|p2a: Charizard
|-heal|p2a: Charizard|280\/359
|move|p1a: Wut's Toxic?|Calm Mind|p1a: Wut's Toxic?
|-boost|p1a: Wut's Toxic?|spa|1
|-boost|p1a: Wut's Toxic?|spd|1
|
|turn|33
|
|move|p2a: Charizard|Flare Blitz|p1a: Wut's Toxic?
|-damage|p1a: Wut's Toxic?|120\/394
|-damage|p2a: Charizard|190\/359|[from] recoil|[of] p1a: Wut's Toxic?
|move|p1a: Wut's Toxic?|Moonblast|p2a: Charizard
|-damage|p2a: Charizard|6\/359
|
|-heal|p1a: Wut's Toxic?|144\/394|[from] item: Leftovers
|turn|34
|
|move|p2a: Charizard|Flare Blitz|p1a: Wut's Toxic?
|-damage|p1a: Wut's Toxic?|0 fnt
|-damage|p2a: Charizard|0 fnt|[from] recoil|[of] p1a: Wut's Toxic?
|faint|p1a: Wut's Toxic?
|faint|p2a: Charizard
|
|
|switch|p2a: Mew|Mew|329\/404 brn
|-damage|p2a: Mew|279\/404 brn|[from] Stealth Rock
|switch|p1a: HP Blob|Chansey, F|458\/704
|turn|35
|
|move|p1a: HP Blob|Protect|p1a: HP Blob
|-singleturn|p1a: HP Blob|Protect
|move|p2a: Mew|Taunt|p1a: HP Blob
|-activate|p1a: HP Blob|Protect
|
|-heal|p2a: Mew|304\/404 brn|[from] item: Leftovers
|-damage|p2a: Mew|254\/404 brn|[from] brn
|turn|36
|
|move|p2a: Mew|Will-O-Wisp|p1a: HP Blob|[miss]
|-miss|p2a: Mew|p1a: HP Blob
|move|p1a: HP Blob|Wish|p1a: HP Blob
|
|-heal|p2a: Mew|279\/404 brn|[from] item: Leftovers
|-damage|p2a: Mew|229\/404 brn|[from] brn
|turn|37
|
|switch|p1a: Conkelderp|Conkeldurr, F|201\/401 brn
|move|p2a: Mew|Soft-Boiled|p2a: Mew
|-heal|p2a: Mew|404\/404 brn
|
|-heal|p1a: Conkelderp|401\/401 brn|[from] move: Wish|[wisher] HP Blob
|-damage|p2a: Mew|354\/404 brn|[from] brn
|-damage|p1a: Conkelderp|351\/401 brn|[from] brn
|turn|38
|
|switch|p2a: Gliscor|Gliscor, F|352\/352 tox
|-damage|p2a: Gliscor|308\/352 tox|[from] Stealth Rock
|switch|p1a: Mega Luvdisc|Alomomola, F|362\/534 brn
|
|-heal|p2a: Gliscor|352\/352 tox|[from] ability: Poison Heal
|-damage|p1a: Mega Luvdisc|296\/534 brn|[from] brn
|turn|39
|
|switch|p2a: Latios|Latios, M|301\/301
|-damage|p2a: Latios|264\/301|[from] Stealth Rock
|switch|p1a: Clamps|Scizor, M|307\/343
|
|turn|40
|
|switch|p1a: HP Blob|Chansey, F|458\/704
|move|p2a: Latios|Defog|p1a: HP Blob
|-unboost|p1a: HP Blob|evasion|1
|-sideend|p2: Aim for the top|Stealth Rock|[from] move: Defog|[of] p2a: Latios
|
|turn|41
|
|move|p2a: Latios|Psyshock|p1a: HP Blob
|-damage|p1a: HP Blob|208\/704
|-damage|p2a: Latios|234\/301|[from] item: Life Orb
|move|p1a: HP Blob|Wish|p1a: HP Blob
|
|turn|42
|
|move|p1a: HP Blob|Protect|p1a: HP Blob
|-singleturn|p1a: HP Blob|Protect
|move|p2a: Latios|Psyshock|p1a: HP Blob
|-activate|p1a: HP Blob|Protect
|
|-heal|p1a: HP Blob|560\/704|[from] move: Wish|[wisher] HP Blob
|turn|43
|
|switch|p2a: Ferrothorn|Ferrothorn, M|352\/352
|move|p1a: HP Blob|Wish|p1a: HP Blob
|
|turn|44
|
|switch|p1a: Conkelderp|Conkeldurr, F|351\/401 brn
|move|p2a: Ferrothorn|Leech Seed|p1a: Conkelderp
|-start|p1a: Conkelderp|move: Leech Seed
|
|-heal|p1a: Conkelderp|401\/401 brn|[from] move: Wish|[wisher] HP Blob
|-damage|p1a: Conkelderp|351\/401 brn|[from] Leech Seed|[of] p2a: Ferrothorn
|-damage|p1a: Conkelderp|301\/401 brn|[from] brn
|turn|45
|
|switch|p2a: Clefable|Clefable, M|248\/394
|move|p1a: Conkelderp|Drain Punch|p2a: Clefable
|-resisted|p2a: Clefable
|-damage|p2a: Clefable|151\/394
|-heal|p1a: Conkelderp|350\/401 brn|[from] drain|[of] p2a: Clefable
|
|-heal|p2a: Clefable|175\/394|[from] item: Leftovers
|-damage|p1a: Conkelderp|300\/401 brn|[from] Leech Seed|[of] p2a: Clefable
|-heal|p2a: Clefable|225\/394|[silent]
|-damage|p1a: Conkelderp|250\/401 brn|[from] brn
|turn|46
|
|switch|p1a: Mega Luvdisc|Alomomola, F|474\/534 brn
|move|p2a: Clefable|Wish|p2a: Clefable
|
|-heal|p2a: Clefable|249\/394|[from] item: Leftovers
|-damage|p1a: Mega Luvdisc|408\/534 brn|[from] brn
|turn|47
|
|move|p2a: Clefable|Protect|p2a: Clefable
|-singleturn|p2a: Clefable|Protect
|move|p1a: Mega Luvdisc|Wish|p1a: Mega Luvdisc
|
|-heal|p2a: Clefable|394\/394|[from] move: Wish|[wisher] Clefable
|-damage|p1a: Mega Luvdisc|342\/534 brn|[from] brn
|turn|48
|
|switch|p2a: Ferrothorn|Ferrothorn, M|352\/352
|move|p1a: Mega Luvdisc|Toxic|p2a: Ferrothorn
|-fail|p2a: Ferrothorn
|
|-heal|p1a: Mega Luvdisc|534\/534 brn|[from] move: Wish|[wisher] Mega Luvdisc
|-damage|p1a: Mega Luvdisc|468\/534 brn|[from] brn
|turn|49
|
|move|p1a: Mega Luvdisc|Scald|p2a: Ferrothorn
|-resisted|p2a: Ferrothorn
|-damage|p2a: Ferrothorn|333\/352
|-status|p2a: Ferrothorn|brn
|move|p2a: Ferrothorn|Stealth Rock|p1a: Mega Luvdisc
|-sidestart|p1: LT5W Googly|move: Stealth Rock
|
|-heal|p2a: Ferrothorn|352\/352 brn|[from] item: Leftovers
|-damage|p1a: Mega Luvdisc|402\/534 brn|[from] brn
|-damage|p2a: Ferrothorn|308\/352 brn|[from] brn
|turn|50
|
|move|p1a: Mega Luvdisc|Wish|p1a: Mega Luvdisc
|move|p2a: Ferrothorn|Leech Seed|p1a: Mega Luvdisc
|-start|p1a: Mega Luvdisc|move: Leech Seed
|
|-heal|p2a: Ferrothorn|330\/352 brn|[from] item: Leftovers
|-damage|p1a: Mega Luvdisc|336\/534 brn|[from] Leech Seed|[of] p2a: Ferrothorn
|-heal|p2a: Ferrothorn|352\/352 brn|[silent]
|-damage|p1a: Mega Luvdisc|270\/534 brn|[from] brn
|-damage|p2a: Ferrothorn|308\/352 brn|[from] brn
|turn|51
|
|switch|p1a: Conkelderp|Conkeldurr, F|250\/401 brn
|-damage|p1a: Conkelderp|225\/401 brn|[from] Stealth Rock
|move|p2a: Ferrothorn|Leech Seed|p1a: Conkelderp
|-start|p1a: Conkelderp|move: Leech Seed
|
|-heal|p1a: Conkelderp|401\/401 brn|[from] move: Wish|[wisher] Mega Luvdisc
|-heal|p2a: Ferrothorn|330\/352 brn|[from] item: Leftovers
|-damage|p1a: Conkelderp|351\/401 brn|[from] Leech Seed|[of] p2a: Ferrothorn
|-heal|p2a: Ferrothorn|352\/352 brn|[silent]
|-damage|p1a: Conkelderp|301\/401 brn|[from] brn
|-damage|p2a: Ferrothorn|308\/352 brn|[from] brn
|turn|52
|
|switch|p2a: Clefable|Clefable, M|394\/394
|move|p1a: Conkelderp|Knock Off|p2a: Clefable
|-crit|p2a: Clefable
|-resisted|p2a: Clefable
|-damage|p2a: Clefable|256\/394
|-enditem|p2a: Clefable|Leftovers|[from] move: Knock Off|[of] p1a: Conkelderp
|
|-damage|p1a: Conkelderp|251\/401 brn|[from] Leech Seed|[of] p2a: Clefable
|-heal|p2a: Clefable|306\/394|[silent]
|-damage|p1a: Conkelderp|201\/401 brn|[from] brn
|turn|53
|
|switch|p2a: Mew|Mew|354\/404 brn
|switch|p1a: Clamps|Scizor, M|307\/343
|-damage|p1a: Clamps|265\/343|[from] Stealth Rock
|
|-heal|p2a: Mew|379\/404 brn|[from] item: Leftovers
|-damage|p2a: Mew|329\/404 brn|[from] brn
|turn|54
|
|detailschange|p1a: Clamps|Scizor-Mega, M
|message|Scizor has Mega Evolved into Mega Scizor!
|move|p2a: Mew|Will-O-Wisp|p1a: Clamps
|-status|p1a: Clamps|brn
|move|p1a: Clamps|Pursuit|p2a: Mew
|-supereffective|p2a: Mew
|-damage|p2a: Mew|261\/404 brn
|
|-heal|p2a: Mew|286\/404 brn|[from] item: Leftovers
|-damage|p2a: Mew|236\/404 brn|[from] brn
|-damage|p1a: Clamps|223\/343 brn|[from] brn
|turn|55
|
|switch|p1a: RAWR!|Landorus-Therian, M|198\/382 tox
|-damage|p1a: RAWR!|151\/382 tox|[from] Stealth Rock
|-ability|p1a: RAWR!|Intimidate|[of] p2a: Mew
|-unboost|p2a: Mew|atk|1
|move|p2a: Mew|Taunt|p1a: RAWR!
|-start|p1a: RAWR!|move: Taunt
|
|-heal|p2a: Mew|261\/404 brn|[from] item: Leftovers
|-damage|p2a: Mew|211\/404 brn|[from] brn
|-damage|p1a: RAWR!|128\/382 tox|[from] psn
|turn|56
|
|move|p2a: Mew|Soft-Boiled|p2a: Mew
|-heal|p2a: Mew|404\/404 brn
|move|p1a: RAWR!|U-turn|p2a: Mew
|-supereffective|p2a: Mew
|-damage|p2a: Mew|238\/404 brn
|
|switch|p1a: Conkelderp|Conkeldurr, F|201\/401 brn
|-damage|p1a: Conkelderp|176\/401 brn|[from] Stealth Rock
|
|-heal|p2a: Mew|263\/404 brn|[from] item: Leftovers
|-damage|p2a: Mew|213\/404 brn|[from] brn
|-damage|p1a: Conkelderp|126\/401 brn|[from] brn
|turn|57
|
|switch|p2a: Clefable|Clefable, M|306\/394
|switch|p1a: HP Blob|Chansey, F|560\/704
|-damage|p1a: HP Blob|472\/704|[from] Stealth Rock
|
|turn|58
|
|switch|p2a: Latios|Latios, M|234\/301
|move|p1a: HP Blob|Heal Bell|p1a: HP Blob
|-cureteam|p1a: HP Blob|[from] move: HealBell
|
|turn|59
|
|move|p2a: Latios|Psyshock|p1a: HP Blob
|-damage|p1a: HP Blob|226\/704
|-damage|p2a: Latios|204\/301|[from] item: Life Orb
|move|p1a: HP Blob|Wish|p1a: HP Blob
|
|turn|60
|
|switch|p2a: Mew|Mew|213\/404 brn
|move|p1a: HP Blob|Protect|p1a: HP Blob
|-fail|p1a: HP Blob
|
|-heal|p1a: HP Blob|578\/704|[from] move: Wish|[wisher] HP Blob
|-heal|p2a: Mew|238\/404 brn|[from] item: Leftovers
|-damage|p2a: Mew|188\/404 brn|[from] brn
|turn|61
|
|switch|p1a: Clamps|Scizor-Mega, M|223\/343
|-damage|p1a: Clamps|181\/343|[from] Stealth Rock
|move|p2a: Mew|Taunt|p1a: Clamps
|-start|p1a: Clamps|move: Taunt
|
|-heal|p2a: Mew|213\/404 brn|[from] item: Leftovers
|-damage|p2a: Mew|163\/404 brn|[from] brn
|turn|62
|
|move|p1a: Clamps|Bullet Punch|p2a: Mew
|-damage|p2a: Mew|61\/404 brn
|move|p2a: Mew|Will-O-Wisp|p1a: Clamps
|-status|p1a: Clamps|brn
|
|-heal|p2a: Mew|86\/404 brn|[from] item: Leftovers
|-damage|p2a: Mew|36\/404 brn|[from] brn
|-damage|p1a: Clamps|139\/343 brn|[from] brn
|turn|63
|
|move|p1a: Clamps|Bullet Punch|p2a: Mew
|-damage|p2a: Mew|0 fnt
|faint|p2a: Mew
|
|-damage|p1a: Clamps|97\/343 brn|[from] brn
|
|switch|p2a: Latios|Latios, M|204\/301
|turn|64
|
|move|p2a: Latios|Draco Meteor|p1a: Clamps
|-resisted|p1a: Clamps
|-damage|p1a: Clamps|0 fnt
|-unboost|p2a: Latios|spa|2
|-damage|p2a: Latios|174\/301|[from] item: Life Orb
|faint|p1a: Clamps
|
|
|switch|p1a: HP Blob|Chansey, F|578\/704
|-damage|p1a: HP Blob|490\/704|[from] Stealth Rock
|turn|65
|
|switch|p2a: Gliscor|Gliscor, F|352\/352 tox
|move|p1a: HP Blob|Wish|p1a: HP Blob
|
|turn|66
|
|switch|p2a: Latios|Latios, M|174\/301
|switch|p1a: RAWR!|Landorus-Therian, M|128\/382
|-damage|p1a: RAWR!|81\/382|[from] Stealth Rock
|-ability|p1a: RAWR!|Intimidate|[of] p2a: Latios
|-unboost|p2a: Latios|atk|1
|
|-heal|p1a: RAWR!|382\/382|[from] move: Wish|[wisher] HP Blob
|turn|67
|
|switch|p2a: Ferrothorn|Ferrothorn, M|308\/352 brn
|move|p1a: RAWR!|U-turn|p2a: Ferrothorn
|-damage|p2a: Ferrothorn|261\/352 brn
|-damage|p1a: RAWR!|335\/382|[from] ability: Iron Barbs|[of] p2a: Ferrothorn
|
|switch|p1a: Conkelderp|Conkeldurr, F|126\/401
|-damage|p1a: Conkelderp|101\/401|[from] Stealth Rock
|
|-heal|p2a: Ferrothorn|283\/352 brn|[from] item: Leftovers
|-damage|p2a: Ferrothorn|239\/352 brn|[from] brn
|turn|68
|
|switch|p2a: Clefable|Clefable, M|306\/394
|move|p1a: Conkelderp|Drain Punch|p2a: Clefable
|-resisted|p2a: Clefable
|-damage|p2a: Clefable|236\/394
|-heal|p1a: Conkelderp|136\/401|[from] drain|[of] p2a: Clefable
|
|turn|69
|
|switch|p1a: Mega Luvdisc|Alomomola, F|448\/534
|-damage|p1a: Mega Luvdisc|382\/534|[from] Stealth Rock
|move|p2a: Clefable|Wish|p2a: Clefable
|
|turn|70
|
|switch|p2a: Ferrothorn|Ferrothorn, M|239\/352 brn
|move|p1a: Mega Luvdisc|Wish|p1a: Mega Luvdisc
|
|-heal|p2a: Ferrothorn|352\/352 brn|[from] move: Wish|[wisher] Clefable
|-damage|p2a: Ferrothorn|308\/352 brn|[from] brn
|turn|71
|
|switch|p1a: Conkelderp|Conkeldurr, F|136\/401
|-damage|p1a: Conkelderp|111\/401|[from] Stealth Rock
|switch|p2a: Latios|Latios, M|174\/301
|
|-heal|p1a: Conkelderp|378\/401|[from] move: Wish|[wisher] Mega Luvdisc
|turn|72
|
|switch|p1a: RAWR!|Landorus-Therian, M|335\/382
|-damage|p1a: RAWR!|288\/382|[from] Stealth Rock
|-ability|p1a: RAWR!|Intimidate|[of] p2a: Latios
|-unboost|p2a: Latios|atk|1
|move|p2a: Latios|Psyshock|p1a: RAWR!
|-damage|p1a: RAWR!|148\/382
|-damage|p2a: Latios|144\/301|[from] item: Life Orb
|
|turn|73
|
|switch|p1a: HP Blob|Chansey, F|490\/704
|-damage|p1a: HP Blob|402\/704|[from] Stealth Rock
|move|p2a: Latios|Draco Meteor|p1a: HP Blob
|-damage|p1a: HP Blob|194\/704
|-unboost|p2a: Latios|spa|2
|-damage|p2a: Latios|114\/301|[from] item: Life Orb
|
|turn|74
|
|switch|p2a: Gliscor|Gliscor, F|352\/352 tox
|move|p1a: HP Blob|Wish|p1a: HP Blob
|
|turn|75
|
|move|p1a: HP Blob|Protect|p1a: HP Blob
|-singleturn|p1a: HP Blob|Protect
|move|p2a: Gliscor|Knock Off|p1a: HP Blob
|-activate|p1a: HP Blob|Protect
|
|-heal|p1a: HP Blob|546\/704|[from] move: Wish|[wisher] HP Blob
|turn|76
|
|switch|p2a: Latios|Latios, M|114\/301
|switch|p1a: Mega Luvdisc|Alomomola, F|534\/534
|-damage|p1a: Mega Luvdisc|468\/534|[from] Stealth Rock
|
|turn|77
|
|move|p2a: Latios|Draco Meteor|p1a: Mega Luvdisc
|-damage|p1a: Mega Luvdisc|0 fnt
|-unboost|p2a: Latios|spa|2
|-damage|p2a: Latios|84\/301|[from] item: Life Orb
|faint|p1a: Mega Luvdisc
|
|
|switch|p1a: HP Blob|Chansey, F|546\/704
|-damage|p1a: HP Blob|458\/704|[from] Stealth Rock
|turn|78
|
|switch|p2a: Gliscor|Gliscor, F|352\/352 tox
|move|p1a: HP Blob|Wish|p1a: HP Blob
|
|turn|79
|
|move|p1a: HP Blob|Protect|p1a: HP Blob
|-singleturn|p1a: HP Blob|Protect
|move|p2a: Gliscor|Knock Off|p1a: HP Blob
|-activate|p1a: HP Blob|Protect
|
|-heal|p1a: HP Blob|704\/704|[from] move: Wish|[wisher] HP Blob
|turn|80
|
|switch|p1a: Conkelderp|Conkeldurr, F|378\/401
|-damage|p1a: Conkelderp|353\/401|[from] Stealth Rock
|move|p2a: Gliscor|Knock Off|p1a: Conkelderp
|-resisted|p1a: Conkelderp
|-damage|p1a: Conkelderp|318\/401
|-enditem|p1a: Conkelderp|Assault Vest|[from] move: Knock Off|[of] p2a: Gliscor
|
|turn|81
|
|switch|p2a: Clefable|Clefable, M|236\/394
|move|p1a: Conkelderp|Ice Punch|p2a: Clefable
|-damage|p2a: Clefable|143\/394
|
|turn|82
|
|move|p2a: Clefable|Wish|p2a: Clefable
|move|p1a: Conkelderp|Ice Punch|p2a: Clefable
|-damage|p2a: Clefable|45\/394
|-status|p2a: Clefable|frz
|
|turn|83
|c|âAim for the top|omg really?
|
|-curestatus|p2a: Clefable|frz
|move|p2a: Clefable|Protect|p2a: Clefable
|-singleturn|p2a: Clefable|Protect
|move|p1a: Conkelderp|Ice Punch|p2a: Clefable
|-activate|p2a: Clefable|Protect
|
|-heal|p2a: Clefable|242\/394|[from] move: Wish|[wisher] Clefable
|turn|84
|
|switch|p1a: HP Blob|Chansey, F|704\/704
|-damage|p1a: HP Blob|616\/704|[from] Stealth Rock
|move|p2a: Clefable|Wish|p2a: Clefable
|
|turn|85
|
|switch|p2a: Ferrothorn|Ferrothorn, M|308\/352 brn
|move|p1a: HP Blob|Seismic Toss|p2a: Ferrothorn
|-damage|p2a: Ferrothorn|208\/352 brn
|-damage|p1a: HP Blob|528\/704|[from] ability: Iron Barbs|[of] p2a: Ferrothorn
|
|-heal|p2a: Ferrothorn|352\/352 brn|[from] move: Wish|[wisher] Clefable
|-damage|p2a: Ferrothorn|308\/352 brn|[from] brn
|turn|86
|
|move|p1a: HP Blob|Wish|p1a: HP Blob
|move|p2a: Ferrothorn|Leech Seed|p1a: HP Blob
|-start|p1a: HP Blob|move: Leech Seed
|
|-heal|p2a: Ferrothorn|330\/352 brn|[from] item: Leftovers
|-damage|p1a: HP Blob|440\/704|[from] Leech Seed|[of] p2a: Ferrothorn
|-heal|p2a: Ferrothorn|352\/352 brn|[silent]
|-damage|p2a: Ferrothorn|308\/352 brn|[from] brn
|turn|87
|
|move|p1a: HP Blob|Seismic Toss|p2a: Ferrothorn
|-damage|p2a: Ferrothorn|208\/352 brn
|-damage|p1a: HP Blob|352\/704|[from] ability: Iron Barbs|[of] p2a: Ferrothorn
|move|p2a: Ferrothorn|Leech Seed|p1a: HP Blob
|-fail|p1a: HP Blob
|
|-heal|p1a: HP Blob|704\/704|[from] move: Wish|[wisher] HP Blob
|-heal|p2a: Ferrothorn|230\/352 brn|[from] item: Leftovers
|-damage|p1a: HP Blob|616\/704|[from] Leech Seed|[of] p2a: Ferrothorn
|-heal|p2a: Ferrothorn|318\/352 brn|[silent]
|-damage|p2a: Ferrothorn|274\/352 brn|[from] brn
|turn|88
|
|switch|p1a: Conkelderp|Conkeldurr, F|318\/401
|-damage|p1a: Conkelderp|293\/401|[from] Stealth Rock
|move|p2a: Ferrothorn|Leech Seed|p1a: Conkelderp
|-start|p1a: Conkelderp|move: Leech Seed
|
|-heal|p2a: Ferrothorn|296\/352 brn|[from] item: Leftovers
|-damage|p1a: Conkelderp|243\/401|[from] Leech Seed|[of] p2a: Ferrothorn
|-heal|p2a: Ferrothorn|346\/352 brn|[silent]
|-damage|p2a: Ferrothorn|302\/352 brn|[from] brn
|turn|89
|
|switch|p2a: Clefable|Clefable, M|242\/394
|move|p1a: Conkelderp|Ice Punch|p2a: Clefable
|-damage|p2a: Clefable|157\/394
|
|-damage|p1a: Conkelderp|193\/401|[from] Leech Seed|[of] p2a: Clefable
|-heal|p2a: Clefable|207\/394|[silent]
|turn|90
|
|switch|p1a: HP Blob|Chansey, F|616\/704
|-damage|p1a: HP Blob|528\/704|[from] Stealth Rock
|move|p2a: Clefable|Wish|p2a: Clefable
|
|turn|91
|
|move|p2a: Clefable|Protect|p2a: Clefable
|-singleturn|p2a: Clefable|Protect
|move|p1a: HP Blob|Wish|p1a: HP Blob
|
|-heal|p2a: Clefable|394\/394|[from] move: Wish|[wisher] Clefable
|turn|92
|
|switch|p1a: RAWR!|Landorus-Therian, M|148\/382
|-damage|p1a: RAWR!|101\/382|[from] Stealth Rock
|-ability|p1a: RAWR!|Intimidate|[of] p2a: Clefable
|-unboost|p2a: Clefable|atk|1
|move|p2a: Clefable|Wish|p2a: Clefable
|
|-heal|p1a: RAWR!|382\/382|[from] move: Wish|[wisher] HP Blob
|turn|93
|
|move|p1a: RAWR!|U-turn|p2a: Clefable
|-resisted|p2a: Clefable
|-damage|p2a: Clefable|363\/394
|
|switch|p1a: HP Blob|Chansey, F|528\/704
|-damage|p1a: HP Blob|440\/704|[from] Stealth Rock
|move|p2a: Clefable|Moonblast|p1a: HP Blob
|-crit|p1a: HP Blob
|-damage|p1a: HP Blob|329\/704
|
|-heal|p2a: Clefable|394\/394|[from] move: Wish|[wisher] Clefable
|turn|94
|
|switch|p2a: Gliscor|Gliscor, F|352\/352 tox
|move|p1a: HP Blob|Wish|p1a: HP Blob
|
|turn|95
|
|move|p1a: HP Blob|Protect|p1a: HP Blob
|-singleturn|p1a: HP Blob|Protect
|move|p2a: Gliscor|Knock Off|p1a: HP Blob
|-activate|p1a: HP Blob|Protect
|
|-heal|p1a: HP Blob|681\/704|[from] move: Wish|[wisher] HP Blob
|turn|96
|
|switch|p1a: RAWR!|Landorus-Therian, M|382\/382
|-damage|p1a: RAWR!|335\/382|[from] Stealth Rock
|-ability|p1a: RAWR!|Intimidate|[of] p2a: Gliscor
|-unboost|p2a: Gliscor|atk|1
|move|p2a: Gliscor|Knock Off|p1a: RAWR!
|-damage|p1a: RAWR!|311\/382
|
|turn|97
|
|switch|p2a: Latios|Latios, M|84\/301
|move|p1a: RAWR!|U-turn|p2a: Latios
|-supereffective|p2a: Latios
|-damage|p2a: Latios|0 fnt
|faint|p2a: Latios
|
|switch|p1a: Conkelderp|Conkeldurr, F|193\/401
|-damage|p1a: Conkelderp|168\/401|[from] Stealth Rock
|
|c|âAim for the top|nice play
|
|switch|p2a: Clefable|Clefable, M|394\/394
|turn|98
|
|switch|p1a: RAWR!|Landorus-Therian, M|311\/382
|-damage|p1a: RAWR!|264\/382|[from] Stealth Rock
|-ability|p1a: RAWR!|Intimidate|[of] p2a: Clefable
|-unboost|p2a: Clefable|atk|1
|move|p2a: Clefable|Moonblast|p1a: RAWR!
|-damage|p1a: RAWR!|126\/382
|-unboost|p1a: RAWR!|spa|1
|
|turn|99
|
|move|p1a: RAWR!|Earthquake|p2a: Clefable
|-damage|p2a: Clefable|262\/394
|move|p2a: Clefable|Moonblast|p1a: RAWR!
|-damage|p1a: RAWR!|0 fnt
|faint|p1a: RAWR!
|
|c|âLT5W Googly|gg
|-message|LT5W Googly forfeited.
|
|win|Aim for the top
|raw|Ladder updating...
|leave|LT5W Googly
|player|p1
|c|âAim for the top|gg
|raw|LT5W Googly's rating: 1790 &rarr; <strong>1768<\/strong><br \/>(-22 for losing)
|raw|Aim for the top's rating: 1757 &rarr; <strong>1779<\/strong><br \/>(+22 for winning)