|join|Aim for the top
|join|Barge7799
|player|p1|Aim for the top|265
|player|p2|Barge7799|291
|gametype|singles
|gen|6
|tier|OU
|rated
|clearpoke
|poke|p1|Metagross
|poke|p1|Keldeo
|poke|p1|Bisharp, M
|poke|p1|Clefable, F
|poke|p1|Latias, F
|poke|p1|Landorus-Therian, M
|poke|p2|Metagross
|poke|p2|Keldeo
|poke|p2|Talonflame, M
|poke|p2|Latios, M
|poke|p2|Thundurus, M
|poke|p2|Garchomp, F
|rule|Swagger Clause: Swagger is banned
|rule|Baton Pass Clause: Limit one PokÃ©mon knowing Baton Pass
|rule|Sleep Clause Mod: Limit one foe put to sleep
|rule|Species Clause: Limit one of each PokÃ©mon
|rule|OHKO Clause: OHKO moves are banned
|rule|Moody Clause: Moody is banned
|rule|Evasion Moves Clause: Evasion moves are banned
|rule|Endless Battle Clause: Forcing endless battles is banned
|rule|HP Percentage Mod: HP is shown in percentages
|teampreview
|
|start
|switch|p1a: Landorus-Therian|Landorus-Therian, M|319\/319
|switch|p2a: Garchomp|Garchomp, F|357\/357
|-ability|p1a: Landorus-Therian|Intimidate|[of] p2a: Garchomp
|-unboost|p2a: Garchomp|atk|1
|turn|1
|
|move|p1a: Landorus-Therian|Stealth Rock|p2a: Garchomp
|-sidestart|p2: Barge7799|move: Stealth Rock
|move|p2a: Garchomp|Stealth Rock|p1a: Landorus-Therian
|-sidestart|p1: Aim for the top|move: Stealth Rock
|
|turn|2
|
|switch|p1a: Clefable|Clefable, F|394\/394
|move|p2a: Garchomp|Swords Dance|p2a: Garchomp
|-boost|p2a: Garchomp|atk|2
|
|turn|3
|
|move|p2a: Garchomp|Earthquake|p1a: Clefable
|-damage|p1a: Clefable|153\/394
|move|p1a: Clefable|Moonblast|p2a: Garchomp
|-supereffective|p2a: Garchomp
|-damage|p2a: Garchomp|123\/357
|-unboost|p2a: Garchomp|spa|1
|
|-heal|p1a: Clefable|177\/394|[from] item: Leftovers
|turn|4
|
|switch|p1a: Landorus-Therian|Landorus-Therian, M|319\/319
|-damage|p1a: Landorus-Therian|280\/319|[from] Stealth Rock
|-ability|p1a: Landorus-Therian|Intimidate|[of] p2a: Garchomp
|-unboost|p2a: Garchomp|atk|1
|move|p2a: Garchomp|Outrage|p1a: Landorus-Therian
|-damage|p1a: Landorus-Therian|27\/319
|
|turn|5
|c|âAim for the top|hahahahahahaha
|
|move|p1a: Landorus-Therian|Earthquake|p2a: Garchomp
|-damage|p2a: Garchomp|0 fnt
|faint|p2a: Garchomp
|
|c|âAim for the top|i was so close to staying in too
|
|switch|p2a: Latios|Latios, M|301\/301
|-damage|p2a: Latios|264\/301|[from] Stealth Rock
|turn|6
|
|switch|p1a: Bisharp|Bisharp, M|287\/287
|-damage|p1a: Bisharp|270\/287|[from] Stealth Rock
|move|p2a: Latios|Hidden Power|p1a: Bisharp
|-supereffective|p1a: Bisharp
|-damage|p1a: Bisharp|148\/287
|-damage|p2a: Latios|234\/301|[from] item: Life Orb
|
|turn|7
|
|move|p2a: Latios|Hidden Power|p1a: Bisharp
|-supereffective|p1a: Bisharp
|-damage|p1a: Bisharp|26\/287
|-damage|p2a: Latios|204\/301|[from] item: Life Orb
|move|p1a: Bisharp|Pursuit|p2a: Latios
|-supereffective|p2a: Latios
|-damage|p2a: Latios|30\/301
|
|turn|8
|
|move|p1a: Bisharp|Sucker Punch|p2a: Latios
|-supereffective|p2a: Latios
|-damage|p2a: Latios|0 fnt
|faint|p2a: Latios
|
|
|switch|p2a: Keldeo|Keldeo|323\/323
|-damage|p2a: Keldeo|303\/323|[from] Stealth Rock
|turn|9
|
|switch|p1a: Latias|Latias, F|301\/301
|-damage|p1a: Latias|264\/301|[from] Stealth Rock
|move|p2a: Keldeo|Secret Sword|p1a: Latias
|-resisted|p1a: Latias
|-damage|p1a: Latias|183\/301
|
|turn|10
|
|switch|p2a: Metagross|Metagross|301\/301
|-damage|p2a: Metagross|283\/301|[from] Stealth Rock
|move|p1a: Latias|Draco Meteor|p2a: Metagross
|-resisted|p2a: Metagross
|-damage|p2a: Metagross|135\/301
|-unboost|p1a: Latias|spa|2
|-damage|p1a: Latias|153\/301|[from] item: Life Orb
|
|turn|11
|
|detailschange|p2a: Metagross|Metagross-Mega
|-mega|p2a: Metagross|Metagross|Metagrossite
|move|p1a: Latias|Healing Wish|p1a: Latias
|faint|p1a: Latias
|move|p2a: Metagross|Substitute|p2a: Metagross
|-start|p2a: Metagross|Substitute
|-damage|p2a: Metagross|60\/301
|
|
|switch|p1a: Landorus-Therian|Landorus-Therian, M|27\/319
|-heal|p1a: Landorus-Therian|319\/319|[from] move: Healing Wish
|-damage|p1a: Landorus-Therian|280\/319|[from] Stealth Rock
|-activate|p2a: Metagross|Substitute|ability: Intimidate|[of] p1a: Landorus-Therian
|turn|12
|
|move|p1a: Landorus-Therian|Earthquake|p2a: Metagross
|-supereffective|p2a: Metagross
|-end|p2a: Metagross|Substitute
|move|p2a: Metagross|Meteor Mash|p1a: Landorus-Therian
|-crit|p1a: Landorus-Therian
|-damage|p1a: Landorus-Therian|0 fnt
|faint|p1a: Landorus-Therian
|
|c|âAim for the top|lag plz
|c|âAim for the top|ah crits
|c|âAim for the top|nice sub btw
|c|âAim for the top|risky though
|
|switch|p1a: Bisharp|Bisharp, M|26\/287
|-damage|p1a: Bisharp|9\/287|[from] Stealth Rock
|turn|13
|
|switch|p2a: Keldeo|Keldeo|303\/323
|-damage|p2a: Keldeo|283\/323|[from] Stealth Rock
|move|p1a: Bisharp|Sucker Punch|p2a: Keldeo
|-fail|p2a: Keldeo
|
|turn|14
|
|move|p1a: Bisharp|Sucker Punch|p2a: Keldeo
|-resisted|p2a: Keldeo
|-damage|p2a: Keldeo|195\/323
|-boost|p2a: Keldeo|atk|1|[from] ability: Justified
|move|p2a: Keldeo|Scald|p1a: Bisharp
|-damage|p1a: Bisharp|0 fnt
|faint|p1a: Bisharp
|
|
|switch|p1a: Keldeo|Keldeo|323\/323
|-damage|p1a: Keldeo|303\/323|[from] Stealth Rock
|turn|15
|
|move|p2a: Keldeo|Scald|p1a: Keldeo
|-resisted|p1a: Keldeo
|-damage|p1a: Keldeo|219\/323
|move|p1a: Keldeo|Secret Sword|p2a: Keldeo
|-damage|p2a: Keldeo|0 fnt
|faint|p2a: Keldeo
|
|
|switch|p2a: Thundurus|Thundurus, M|299\/299
|-damage|p2a: Thundurus|225\/299|[from] Stealth Rock
|turn|16
|
|switch|p1a: Clefable|Clefable, F|177\/394
|move|p2a: Thundurus|Thunderbolt|p1a: Clefable
|-damage|p1a: Clefable|0 fnt
|-damage|p2a: Thundurus|196\/299|[from] item: Life Orb
|faint|p1a: Clefable
|
|
|switch|p1a: Metagross|Metagross|301\/301
|-damage|p1a: Metagross|283\/301|[from] Stealth Rock
|turn|17
|
|detailschange|p1a: Metagross|Metagross-Mega
|-mega|p1a: Metagross|Metagross|Metagrossite
|move|p2a: Thundurus|Thunderbolt|p1a: Metagross
|-damage|p1a: Metagross|92\/301
|-damage|p2a: Thundurus|167\/299|[from] item: Life Orb
|move|p1a: Metagross|Zen Headbutt|p2a: Thundurus
|-damage|p2a: Thundurus|0 fnt
|faint|p2a: Thundurus
|
|
|switch|p2a: Talonflame|Talonflame, M|319\/319
|-damage|p2a: Talonflame|160\/319|[from] Stealth Rock
|turn|18
|c|âBarge7799|gg
|
|switch|p1a: Keldeo|Keldeo|219\/323
|-damage|p1a: Keldeo|199\/323|[from] Stealth Rock
|move|p2a: Talonflame|Flare Blitz|p1a: Keldeo
|-resisted|p1a: Keldeo
|-damage|p1a: Keldeo|107\/323
|-damage|p2a: Talonflame|130\/319|[from] recoil|[of] p1a: Keldeo
|
|turn|19
|
|move|p2a: Talonflame|Brave Bird|p1a: Keldeo
|-supereffective|p1a: Keldeo
|-damage|p1a: Keldeo|0 fnt
|-damage|p2a: Talonflame|95\/319|[from] recoil|[of] p1a: Keldeo
|faint|p1a: Keldeo
|
|c|âAim for the top|wtf item are you
|c|âAim for the top|sharp beak?
|c|âBarge7799|y
|c|âAim for the top|yes or why?
|
|switch|p1a: Metagross|Metagross-Mega|92\/301
|-damage|p1a: Metagross|74\/301|[from] Stealth Rock
|turn|20
|c|âAim for the top|fuck gg
|c|âBarge7799|you outspeed me
|c|âBarge7799|24 speed
|
|move|p2a: Talonflame|Flare Blitz|p1a: Metagross
|-supereffective|p1a: Metagross
|-damage|p1a: Metagross|0 fnt
|-damage|p2a: Talonflame|71\/319|[from] recoil|[of] p1a: Metagross
|faint|p1a: Metagross
|
|win|Barge7799
|raw|Ladder updating...
|c|âBarge7799|nop lol
|raw|Aim for the top's rating: 1644 &rarr; <strong>1621<\/strong><br \/>(-23 for losing)
|raw|Barge7799's rating: 1597 &rarr; <strong>1620<\/strong><br \/>(+23 for winning)
|c|âAim for the top|im jolly too