|join|Guesst 50790
|join|Aim for the top
|player|p1|Guesst 50790|162
|player|p2|Aim for the top|102
|gametype|singles
|gen|6
|tier|OU
|rated
|clearpoke
|poke|p1|Clefable, F
|poke|p1|Staraptor, F
|poke|p1|Bisharp, M
|poke|p1|Latios, M
|poke|p1|Rotom-Wash
|poke|p1|Medicham, F
|poke|p2|Metagross
|poke|p2|Keldeo
|poke|p2|Bisharp, M
|poke|p2|Clefable, M
|poke|p2|Latias, F
|poke|p2|Landorus-Therian, M
|rule|Swagger Clause: Swagger is banned
|rule|Baton Pass Clause: Limit one PokÃ©mon knowing Baton Pass
|rule|Sleep Clause Mod: Limit one foe put to sleep
|rule|Species Clause: Limit one of each PokÃ©mon
|rule|OHKO Clause: OHKO moves are banned
|rule|Moody Clause: Moody is banned
|rule|Evasion Moves Clause: Evasion moves are banned
|rule|Endless Battle Clause: Forcing endless battles is banned
|rule|HP Percentage Mod: HP is shown in percentages
|teampreview
|
|start
|switch|p1a: Medicham|Medicham, F|261\/261
|switch|p2a: Metagross|Metagross|301\/301
|turn|1
|
|detailschange|p2a: Metagross|Metagross-Mega
|-mega|p2a: Metagross|Metagross|Metagrossite
|detailschange|p1a: Medicham|Medicham-Mega, F
|-mega|p1a: Medicham|Medicham|Medichamite
|move|p2a: Metagross|Zen Headbutt|p1a: Medicham
|-damage|p1a: Medicham|6\/261
|move|p1a: Medicham|High Jump Kick|p2a: Metagross
|-damage|p2a: Metagross|0 fnt
|faint|p2a: Metagross
|
|
|switch|p2a: Landorus-Therian|Landorus-Therian, M|319\/319
|-ability|p2a: Landorus-Therian|Intimidate|[of] p1a: Medicham
|-unboost|p1a: Medicham|atk|1
|turn|2
|
|move|p2a: Landorus-Therian|U-turn|p1a: Medicham
|-damage|p1a: Medicham|0 fnt
|faint|p1a: Medicham
|
|switch|p2a: Keldeo|Keldeo|323\/323
|
|
|switch|p1a: Staraptor|Staraptor, F|311\/311
|turn|3
|
|switch|p2a: Landorus-Therian|Landorus-Therian, M|319\/319
|-ability|p2a: Landorus-Therian|Intimidate|[of] p1a: Staraptor
|-unboost|p1a: Staraptor|atk|1
|move|p1a: Staraptor|U-turn|p2a: Landorus-Therian
|-resisted|p2a: Landorus-Therian
|-damage|p2a: Landorus-Therian|290\/319
|
|switch|p1a: Rotom-Wash|Rotom-Wash|304\/304
|
|turn|4
|
|move|p2a: Landorus-Therian|Stealth Rock|p1a: Rotom-Wash
|-sidestart|p1: Guesst 50790|move: Stealth Rock
|move|p1a: Rotom-Wash|Volt Switch|p2a: Landorus-Therian
|-immune|p2a: Landorus-Therian|[msg]
|
|turn|5
|
|switch|p2a: Latias|Latias, F|301\/301
|move|p1a: Rotom-Wash|Volt Switch|p2a: Latias
|-resisted|p2a: Latias
|-damage|p2a: Latias|268\/301
|
|switch|p1a: Clefable|Clefable, F|370\/370
|
|turn|6
|
|move|p2a: Latias|Psyshock|p1a: Clefable
|-damage|p1a: Clefable|221\/370
|-damage|p2a: Latias|238\/301|[from] item: Life Orb
|move|p1a: Clefable|Moonblast|p2a: Latias
|-supereffective|p2a: Latias
|-damage|p2a: Latias|80\/301
|
|-heal|p1a: Clefable|244\/370|[from] item: Leftovers
|turn|7
|
|switch|p2a: Bisharp|Bisharp, M|287\/287
|move|p1a: Clefable|Soft-Boiled|p1a: Clefable
|-heal|p1a: Clefable|370\/370
|
|turn|8
|
|move|p2a: Bisharp|Knock Off|p1a: Clefable
|-resisted|p1a: Clefable
|-damage|p1a: Clefable|293\/370
|-enditem|p1a: Clefable|Leftovers|[from] move: Knock Off|[of] p2a: Bisharp
|move|p1a: Clefable|Flamethrower|p2a: Bisharp
|-supereffective|p2a: Bisharp
|-damage|p2a: Bisharp|187\/287
|-status|p2a: Bisharp|brn
|
|-damage|p2a: Bisharp|152\/287 brn|[from] brn
|turn|9
|c|âAim for the top|omg really?
|
|move|p2a: Bisharp|Iron Head|p1a: Clefable
|-supereffective|p1a: Clefable
|-damage|p1a: Clefable|149\/370
|move|p1a: Clefable|Flamethrower|p2a: Bisharp
|-supereffective|p2a: Bisharp
|-damage|p2a: Bisharp|54\/287 brn
|
|-damage|p2a: Bisharp|19\/287 brn|[from] brn
|turn|10
|
|move|p2a: Bisharp|Iron Head|p1a: Clefable
|-supereffective|p1a: Clefable
|-damage|p1a: Clefable|9\/370
|move|p1a: Clefable|Soft-Boiled|p1a: Clefable
|-heal|p1a: Clefable|194\/370
|
|-damage|p2a: Bisharp|0 fnt|[from] brn
|faint|p2a: Bisharp
|
|switch|p2a: Keldeo|Keldeo|323\/323
|turn|11
|
|switch|p1a: Rotom-Wash|Rotom-Wash|304\/304
|-damage|p1a: Rotom-Wash|266\/304|[from] Stealth Rock
|move|p2a: Keldeo|Hydro Pump|p1a: Rotom-Wash
|-resisted|p1a: Rotom-Wash
|-damage|p1a: Rotom-Wash|158\/304
|
|-heal|p1a: Rotom-Wash|177\/304|[from] item: Leftovers
|turn|12
|
|switch|p2a: Landorus-Therian|Landorus-Therian, M|290\/319
|-ability|p2a: Landorus-Therian|Intimidate|[of] p1a: Rotom-Wash
|-unboost|p1a: Rotom-Wash|atk|1
|move|p1a: Rotom-Wash|Volt Switch|p2a: Landorus-Therian
|-immune|p2a: Landorus-Therian|[msg]
|
|-heal|p1a: Rotom-Wash|196\/304|[from] item: Leftovers
|turn|13
|
|move|p2a: Landorus-Therian|U-turn|p1a: Rotom-Wash
|-damage|p1a: Rotom-Wash|117\/304
|
|switch|p2a: Latias|Latias, F|80\/301
|move|p1a: Rotom-Wash|Volt Switch|p2a: Latias
|-resisted|p2a: Latias
|-damage|p2a: Latias|45\/301
|
|switch|p1a: Latios|Latios, M|301\/301
|-damage|p1a: Latios|264\/301|[from] Stealth Rock
|
|turn|14
|
|switch|p1a: Clefable|Clefable, F|194\/370
|move|p2a: Latias|Draco Meteor|p1a: Clefable
|-immune|p1a: Clefable|[msg]
|
|turn|15
|
|switch|p2a: Keldeo|Keldeo|323\/323
|move|p1a: Clefable|Soft-Boiled|p1a: Clefable
|-heal|p1a: Clefable|370\/370
|
|turn|16
|
|move|p2a: Keldeo|Hydro Pump|p1a: Clefable
|-damage|p1a: Clefable|79\/370
|move|p1a: Clefable|Moonblast|p2a: Keldeo
|-supereffective|p2a: Keldeo
|-damage|p2a: Keldeo|99\/323
|
|turn|17
|
|switch|p1a: Latios|Latios, M|264\/301
|-damage|p1a: Latios|227\/301|[from] Stealth Rock
|move|p2a: Keldeo|Hydro Pump|p1a: Latios
|-resisted|p1a: Latios
|-damage|p1a: Latios|94\/301
|
|turn|18
|
|switch|p2a: Landorus-Therian|Landorus-Therian, M|290\/319
|-ability|p2a: Landorus-Therian|Intimidate|[of] p1a: Latios
|-unboost|p1a: Latios|atk|1
|move|p1a: Latios|Defog|p2a: Landorus-Therian
|-unboost|p2a: Landorus-Therian|evasion|1
|-sideend|p1: Guesst 50790|Stealth Rock|[from] move: Defog|[of] p1a: Latios
|
|turn|19
|
|switch|p1a: Clefable|Clefable, F|79\/370
|move|p2a: Landorus-Therian|U-turn|p1a: Clefable
|-resisted|p1a: Clefable
|-damage|p1a: Clefable|36\/370
|
|switch|p2a: Keldeo|Keldeo|99\/323
|
|turn|20
|
|move|p2a: Keldeo|Secret Sword|p1a: Clefable
|-resisted|p1a: Clefable
|-damage|p1a: Clefable|0 fnt
|faint|p1a: Clefable
|
|
|switch|p1a: Staraptor|Staraptor, F|311\/311
|turn|21
|
|switch|p2a: Landorus-Therian|Landorus-Therian, M|290\/319
|-ability|p2a: Landorus-Therian|Intimidate|[of] p1a: Staraptor
|-unboost|p1a: Staraptor|atk|1
|move|p1a: Staraptor|Brave Bird|p2a: Landorus-Therian
|-damage|p2a: Landorus-Therian|112\/319
|-damage|p1a: Staraptor|252\/311|[from] recoil|[of] p2a: Landorus-Therian
|
|turn|22
|
|switch|p1a: Rotom-Wash|Rotom-Wash|117\/304
|move|p2a: Landorus-Therian|Stone Edge|p1a: Rotom-Wash
|-crit|p1a: Rotom-Wash
|-damage|p1a: Rotom-Wash|0 fnt
|faint|p1a: Rotom-Wash
|
|
|switch|p1a: Bisharp|Bisharp, M|272\/272
|turn|23
|
|switch|p2a: Clefable|Clefable, M|394\/394
|move|p1a: Bisharp|Iron Head|p2a: Clefable
|-supereffective|p2a: Clefable
|-damage|p2a: Clefable|48\/394
|-damage|p1a: Bisharp|245\/272|[from] item: Life Orb
|
|-heal|p2a: Clefable|72\/394|[from] item: Leftovers
|turn|24
|
|move|p1a: Bisharp|Iron Head|p2a: Clefable
|-supereffective|p2a: Clefable
|-damage|p2a: Clefable|0 fnt
|-damage|p1a: Bisharp|218\/272|[from] item: Life Orb
|faint|p2a: Clefable
|
|
|switch|p2a: Latias|Latias, F|45\/301
|turn|25
|
|move|p2a: Latias|Healing Wish|p2a: Latias
|faint|p2a: Latias
|move|p1a: Bisharp|Swords Dance|p1a: Bisharp
|-boost|p1a: Bisharp|atk|2
|
|
|switch|p2a: Keldeo|Keldeo|99\/323
|-heal|p2a: Keldeo|323\/323|[from] move: Healing Wish
|turn|26
|
|switch|p1a: Latios|Latios, M|94\/301
|move|p2a: Keldeo|Secret Sword|p1a: Latios
|-resisted|p1a: Latios
|-damage|p1a: Latios|0 fnt
|faint|p1a: Latios
|
|
|switch|p1a: Staraptor|Staraptor, F|252\/311
|turn|27
|
|move|p1a: Staraptor|Brave Bird|p2a: Keldeo
|-supereffective|p2a: Keldeo
|-damage|p2a: Keldeo|0 fnt
|-damage|p1a: Staraptor|145\/311|[from] recoil|[of] p2a: Keldeo
|faint|p2a: Keldeo
|
|-message|Aim for the top forfeited.
|leave|Aim for the top
|
|win|Guesst 50790
|raw|Ladder updating...
|player|p2
|raw|Guesst 50790's rating: 1538 &rarr; <strong>1556<\/strong><br \/>(+18 for winning)
|raw|Aim for the top's rating: 1505 &rarr; <strong>1487<\/strong><br \/>(-18 for losing)