|join|oh no oh no
|join|1337SP33D
|player|p1|oh no oh no|169
|player|p2|1337SP33D|239
|gametype|singles
|gen|6
|tier|UU
|rated
|rule|Sleep Clause Mod: Limit one foe put to sleep
|rule|Species Clause: Limit one of each PokÃ©mon
|rule|OHKO Clause: OHKO moves are banned
|rule|Moody Clause: Moody is banned
|rule|Evasion Moves Clause: Evasion moves are banned
|rule|Endless Battle Clause: Forcing endless battles is banned
|rule|HP Percentage Mod: HP is shown in percentages
|clearpoke
|poke|p1|Blissey, F
|poke|p1|Chesnaught, M
|poke|p1|Uxie
|poke|p1|Tentacruel, M
|poke|p1|Rotom-Heat
|poke|p1|Suicune
|poke|p2|Gallade, M, shiny
|poke|p2|Roserade, F
|poke|p2|Swampert, M
|poke|p2|Rotom-Heat
|poke|p2|Diancie
|poke|p2|Crobat, M
|rule|Swagger Clause: Swagger is banned
|rule|Baton Pass Clause: Limit one PokÃ©mon knowing Baton Pass
|teampreview
|
|start
|switch|p1a: Uxie|Uxie|354\/354
|switch|p2a: DiGiorno|Rotom-Heat|241\/241
|turn|1
|
|move|p2a: DiGiorno|Trick|p1a: Uxie
|-activate|p2a: DiGiorno|move: Trick|[of] p1a: Uxie
|-item|p1a: Uxie|Choice Scarf|[from] move: Trick
|-item|p2a: DiGiorno|Leftovers|[from] move: Trick
|move|p1a: Uxie|Stealth Rock|p2a: DiGiorno
|-sidestart|p2: 1337SP33D|move: Stealth Rock
|
|turn|2
|
|switch|p1a: Blissey|Blissey, F|657\/657
|move|p2a: DiGiorno|Volt Switch|p1a: Blissey
|-damage|p1a: Blissey|581\/657
|
|switch|p2a: SwiftBlade|Gallade, M, shiny|277\/277
|-damage|p2a: SwiftBlade|260\/277|[from] Stealth Rock
|
|-heal|p1a: Blissey|622\/657|[from] item: Leftovers
|turn|3
|
|detailschange|p2a: SwiftBlade|Gallade-Mega, M, shiny
|message|Gallade has Mega Evolved into Mega Gallade!
|move|p2a: SwiftBlade|Swords Dance|p2a: SwiftBlade
|-boost|p2a: SwiftBlade|atk|2
|move|p1a: Blissey|Toxic|p2a: SwiftBlade
|-status|p2a: SwiftBlade|tox
|
|-heal|p1a: Blissey|657\/657|[from] item: Leftovers
|-damage|p2a: SwiftBlade|243\/277 tox|[from] psn
|turn|4
|
|switch|p1a: Suicune|Suicune|404\/404
|-ability|p1a: Suicune|Pressure
|move|p2a: SwiftBlade|Knock Off|p1a: Suicune
|-damage|p1a: Suicune|231\/404
|-enditem|p1a: Suicune|Leftovers|[from] move: Knock Off|[of] p2a: SwiftBlade
|
|-damage|p2a: SwiftBlade|209\/277 tox|[from] psn
|turn|5
|
|move|p2a: SwiftBlade|Psycho Cut|p1a: Suicune
|-damage|p1a: Suicune|32\/404
|move|p1a: Suicune|Roar|p2a: SwiftBlade
|drag|p2a: Akiza â¥|Roserade, F|324\/324
|-damage|p2a: Akiza â¥|284\/324|[from] Stealth Rock
|
|-heal|p2a: Akiza â¥|304\/324|[from] item: Black Sludge
|turn|6
|
|move|p2a: Akiza â¥|Giga Drain|p1a: Suicune
|-supereffective|p1a: Suicune
|-damage|p1a: Suicune|0 fnt
|-heal|p2a: Akiza â¥|320\/324|[from] drain|[of] p1a: Suicune
|faint|p1a: Suicune
|
|-heal|p2a: Akiza â¥|324\/324|[from] item: Black Sludge
|
|switch|p1a: Chesnaught|Chesnaught, M|380\/380
|turn|7
|
|switch|p2a: VampireBat|Crobat, M|373\/373
|-damage|p2a: VampireBat|280\/373|[from] Stealth Rock
|move|p1a: Chesnaught|Spikes|p2a: VampireBat
|-sidestart|p2: 1337SP33D|Spikes
|
|-heal|p2a: VampireBat|303\/373|[from] item: Black Sludge
|turn|8
|
|switch|p1a: Tentacruel|Tentacruel, M|361\/361
|move|p2a: VampireBat|Defog|p1a: Tentacruel
|-unboost|p1a: Tentacruel|evasion|1
|-sideend|p2: 1337SP33D|Spikes|[from] move: Defog|[of] p2a: VampireBat
|-sideend|p2: 1337SP33D|Stealth Rock|[from] move: Defog|[of] p2a: VampireBat
|
|-heal|p2a: VampireBat|326\/373|[from] item: Black Sludge
|turn|9
|
|switch|p2a: Quakehammer|Swampert, M|404\/404
|move|p1a: Tentacruel|Knock Off|p2a: Quakehammer
|-damage|p2a: Quakehammer|367\/404
|-enditem|p2a: Quakehammer|Leftovers|[from] move: Knock Off|[of] p1a: Tentacruel
|
|turn|10
|
|switch|p1a: Uxie|Uxie|354\/354
|move|p2a: Quakehammer|Scald|p1a: Uxie
|-damage|p1a: Uxie|287\/354
|-status|p1a: Uxie|brn
|
|-damage|p1a: Uxie|243\/354 brn|[from] brn
|turn|11
|
|move|p1a: Uxie|Stealth Rock|p2a: Quakehammer
|-sidestart|p2: 1337SP33D|move: Stealth Rock
|move|p2a: Quakehammer|Stealth Rock|p1a: Uxie
|-sidestart|p1: oh no oh no|move: Stealth Rock
|
|-damage|p1a: Uxie|199\/354 brn|[from] brn
|turn|12
|
|switch|p1a: Chesnaught|Chesnaught, M|380\/380
|-damage|p1a: Chesnaught|357\/380|[from] Stealth Rock
|move|p2a: Quakehammer|Roar|p1a: Chesnaught
|drag|p1a: Rotom-Heat|Rotom-Heat|304\/304
|-damage|p1a: Rotom-Heat|228\/304|[from] Stealth Rock
|
|turn|13
|
|switch|p2a: DiGiorno|Rotom-Heat|241\/241
|-damage|p2a: DiGiorno|181\/241|[from] Stealth Rock
|move|p1a: Rotom-Heat|Trick|p2a: DiGiorno
|-activate|p1a: Rotom-Heat|move: Trick|[of] p2a: DiGiorno
|-item|p2a: DiGiorno|Choice Scarf|[from] move: Trick
|-item|p1a: Rotom-Heat|Leftovers|[from] move: Trick
|
|-heal|p1a: Rotom-Heat|247\/304|[from] item: Leftovers
|turn|14
|
|move|p2a: DiGiorno|Volt Switch|p1a: Rotom-Heat
|-resisted|p1a: Rotom-Heat
|-damage|p1a: Rotom-Heat|208\/304
|
|switch|p2a: Quakehammer|Swampert, M|367\/404
|-damage|p2a: Quakehammer|342\/404|[from] Stealth Rock
|move|p1a: Rotom-Heat|Trick|p2a: Quakehammer
|-activate|p1a: Rotom-Heat|move: Trick|[of] p2a: Quakehammer
|-item|p2a: Quakehammer|Leftovers|[from] move: Trick
|
|-heal|p2a: Quakehammer|367\/404|[from] item: Leftovers
|turn|15
|
|move|p1a: Rotom-Heat|Will-O-Wisp|p2a: Quakehammer
|-status|p2a: Quakehammer|brn
|move|p2a: Quakehammer|Scald|p1a: Rotom-Heat
|-supereffective|p1a: Rotom-Heat
|-damage|p1a: Rotom-Heat|74\/304
|
|-heal|p2a: Quakehammer|392\/404 brn|[from] item: Leftovers
|-damage|p2a: Quakehammer|342\/404 brn|[from] brn
|turn|16
|
|move|p1a: Rotom-Heat|Trick|p2a: Quakehammer
|-activate|p1a: Rotom-Heat|move: Trick|[of] p2a: Quakehammer
|-item|p1a: Rotom-Heat|Leftovers|[from] move: Trick
|move|p2a: Quakehammer|Roar|p1a: Rotom-Heat
|drag|p1a: Chesnaught|Chesnaught, M|357\/380
|-damage|p1a: Chesnaught|334\/380|[from] Stealth Rock
|
|-heal|p1a: Chesnaught|357\/380|[from] item: Leftovers
|-damage|p2a: Quakehammer|292\/404 brn|[from] brn
|turn|17
|
|switch|p2a: VampireBat|Crobat, M|326\/373
|-damage|p2a: VampireBat|233\/373|[from] Stealth Rock
|move|p1a: Chesnaught|Spikes|p2a: VampireBat
|-sidestart|p2: 1337SP33D|Spikes
|
|-heal|p2a: VampireBat|256\/373|[from] item: Black Sludge
|-heal|p1a: Chesnaught|380\/380|[from] item: Leftovers
|turn|18
|
|move|p2a: VampireBat|Defog|p1a: Chesnaught
|-unboost|p1a: Chesnaught|evasion|1
|-sideend|p1: oh no oh no|Stealth Rock|[from] move: Defog|[of] p1a: Chesnaught
|-sideend|p2: 1337SP33D|Spikes|[from] move: Defog|[of] p2a: VampireBat
|-sideend|p2: 1337SP33D|Stealth Rock|[from] move: Defog|[of] p2a: VampireBat
|move|p1a: Chesnaught|Leech Seed|p2a: VampireBat
|-start|p2a: VampireBat|move: Leech Seed
|
|-heal|p2a: VampireBat|279\/373|[from] item: Black Sludge
|-damage|p2a: VampireBat|233\/373|[from] Leech Seed|[of] p1a: Chesnaught
|turn|19
|
|move|p2a: VampireBat|Brave Bird|p1a: Chesnaught
|-supereffective|p1a: Chesnaught
|-damage|p1a: Chesnaught|4\/380
|-damage|p2a: VampireBat|109\/373|[from] recoil|[of] p1a: Chesnaught
|move|p1a: Chesnaught|Spikes|p2a: VampireBat
|-sidestart|p2: 1337SP33D|Spikes
|
|-heal|p2a: VampireBat|132\/373|[from] item: Black Sludge
|-heal|p1a: Chesnaught|27\/380|[from] item: Leftovers
|-damage|p2a: VampireBat|86\/373|[from] Leech Seed|[of] p1a: Chesnaught
|-heal|p1a: Chesnaught|73\/380|[silent]
|turn|20
|
|move|p1a: Chesnaught|Spiky Shield|p1a: Chesnaught
|-singleturn|p1a: Chesnaught|move: Protect
|move|p2a: VampireBat|Brave Bird|p1a: Chesnaught
|-activate|p1a: Chesnaught|move: Protect
|-damage|p2a: VampireBat|40\/373|[from] Spiky Shield|[of] p1a: Chesnaught
|
|-heal|p2a: VampireBat|63\/373|[from] item: Black Sludge
|-heal|p1a: Chesnaught|96\/380|[from] item: Leftovers
|-damage|p2a: VampireBat|17\/373|[from] Leech Seed|[of] p1a: Chesnaught
|-heal|p1a: Chesnaught|142\/380|[silent]
|turn|21
|
|move|p2a: VampireBat|Roost|p2a: VampireBat
|-heal|p2a: VampireBat|204\/373
|move|p1a: Chesnaught|Spikes|p2a: VampireBat
|-sidestart|p2: 1337SP33D|Spikes
|
|-heal|p2a: VampireBat|227\/373|[from] item: Black Sludge
|-heal|p1a: Chesnaught|165\/380|[from] item: Leftovers
|-damage|p2a: VampireBat|181\/373|[from] Leech Seed|[of] p1a: Chesnaught
|-heal|p1a: Chesnaught|211\/380|[silent]
|turn|22
|
|move|p2a: VampireBat|Brave Bird|p1a: Chesnaught
|-supereffective|p1a: Chesnaught
|-damage|p1a: Chesnaught|0 fnt
|-damage|p2a: VampireBat|111\/373|[from] recoil|[of] p1a: Chesnaught
|faint|p1a: Chesnaught
|
|-heal|p2a: VampireBat|134\/373|[from] item: Black Sludge
|
|switch|p1a: Uxie|Uxie|199\/354 brn
|turn|23
|
|move|p2a: VampireBat|Defog|p1a: Uxie
|-unboost|p1a: Uxie|evasion|1
|-sideend|p2: 1337SP33D|Spikes|[from] move: Defog|[of] p2a: VampireBat
|move|p1a: Uxie|Psychic|p2a: VampireBat
|-crit|p2a: VampireBat
|-supereffective|p2a: VampireBat
|-damage|p2a: VampireBat|0 fnt
|faint|p2a: VampireBat
|
|-damage|p1a: Uxie|155\/354 brn|[from] brn
|
|switch|p2a: SwiftBlade|Gallade-Mega, M, shiny|209\/277 tox
|turn|24
|
|switch|p1a: Rotom-Heat|Rotom-Heat|74\/304
|move|p2a: SwiftBlade|Knock Off|p1a: Rotom-Heat
|-damage|p1a: Rotom-Heat|0 fnt
|-enditem|p1a: Rotom-Heat|Leftovers|[from] move: Knock Off|[of] p2a: SwiftBlade
|faint|p1a: Rotom-Heat
|
|-damage|p2a: SwiftBlade|192\/277 tox|[from] psn
|
|switch|p1a: Tentacruel|Tentacruel, M|361\/361
|turn|25
|
|switch|p2a: DiGiorno|Rotom-Heat|181\/241
|move|p1a: Tentacruel|Scald|p2a: DiGiorno
|-supereffective|p2a: DiGiorno
|-damage|p2a: DiGiorno|23\/241
|
|turn|26
|
|move|p2a: DiGiorno|Volt Switch|p1a: Tentacruel
|-supereffective|p1a: Tentacruel
|-damage|p1a: Tentacruel|179\/361
|
|switch|p2a: Quakehammer|Swampert, M|292\/404 brn
|move|p1a: Tentacruel|Scald|p2a: Quakehammer
|-damage|p2a: Quakehammer|208\/404 brn
|
|-heal|p1a: Tentacruel|201\/361|[from] item: Black Sludge
|-damage|p2a: Quakehammer|158\/404 brn|[from] brn
|turn|27
|
|switch|p1a: Uxie|Uxie|155\/354 brn
|move|p2a: Quakehammer|Stealth Rock|p1a: Uxie
|-sidestart|p1: oh no oh no|move: Stealth Rock
|
|-damage|p1a: Uxie|111\/354 brn|[from] brn
|-damage|p2a: Quakehammer|108\/404 brn|[from] brn
|turn|28
|
|move|p1a: Uxie|Stealth Rock|p2a: Quakehammer
|-sidestart|p2: 1337SP33D|move: Stealth Rock
|move|p2a: Quakehammer|Roar|p1a: Uxie
|drag|p1a: Blissey|Blissey, F|657\/657
|-damage|p1a: Blissey|575\/657|[from] Stealth Rock
|
|-heal|p1a: Blissey|616\/657|[from] item: Leftovers
|-damage|p2a: Quakehammer|58\/404 brn|[from] brn
|turn|29
|
|switch|p1a: Uxie|Uxie|111\/354 brn
|-damage|p1a: Uxie|67\/354 brn|[from] Stealth Rock
|move|p2a: Quakehammer|Scald|p1a: Uxie
|-damage|p1a: Uxie|0 fnt
|faint|p1a: Uxie
|
|-damage|p2a: Quakehammer|8\/404 brn|[from] brn
|
|switch|p1a: Tentacruel|Tentacruel, M|201\/361
|-damage|p1a: Tentacruel|156\/361|[from] Stealth Rock
|turn|30
|
|move|p1a: Tentacruel|Rapid Spin|p2a: Quakehammer
|-damage|p2a: Quakehammer|0 fnt
|-sideend|p1: oh no oh no|Stealth Rock|[from] move: Rapid Spin|[of] p1a: Tentacruel
|faint|p2a: Quakehammer
|
|-heal|p1a: Tentacruel|178\/361|[from] item: Black Sludge
|
|switch|p2a: SwiftBlade|Gallade-Mega, M, shiny|192\/277 tox
|-damage|p2a: SwiftBlade|175\/277 tox|[from] Stealth Rock
|turn|31
|
|switch|p1a: Blissey|Blissey, F|616\/657
|move|p2a: SwiftBlade|Psycho Cut|p1a: Blissey
|-crit|p1a: Blissey
|-damage|p1a: Blissey|216\/657
|
|-heal|p1a: Blissey|257\/657|[from] item: Leftovers
|-damage|p2a: SwiftBlade|158\/277 tox|[from] psn
|turn|32
|
|move|p1a: Blissey|Protect|p1a: Blissey
|-singleturn|p1a: Blissey|Protect
|move|p2a: SwiftBlade|Knock Off|p1a: Blissey
|-activate|p1a: Blissey|Protect
|
|-heal|p1a: Blissey|298\/657|[from] item: Leftovers
|-damage|p2a: SwiftBlade|124\/277 tox|[from] psn
|turn|33
|
|move|p2a: SwiftBlade|Close Combat|p1a: Blissey
|-crit|p1a: Blissey
|-supereffective|p1a: Blissey
|-damage|p1a: Blissey|0 fnt
|-unboost|p2a: SwiftBlade|def|1
|-unboost|p2a: SwiftBlade|spd|1
|faint|p1a: Blissey
|
|-damage|p2a: SwiftBlade|73\/277 tox|[from] psn
|
|switch|p1a: Tentacruel|Tentacruel, M|178\/361
|turn|34
|
|move|p2a: SwiftBlade|Psycho Cut|p1a: Tentacruel
|-supereffective|p1a: Tentacruel
|-damage|p1a: Tentacruel|0 fnt
|faint|p1a: Tentacruel
|
|win|1337SP33D
|raw|Ladder updating...
|raw|oh no oh no's rating: 1348 &rarr; <strong>1324<\/strong><br \/>(-24 for losing)
|raw|1337SP33D's rating: 1262 &rarr; <strong>1293<\/strong><br \/>(+31 for winning)
|leave|oh no oh no
|player|p1