|join|oh no oh no
|join|UrNemesis357
|player|p1|oh no oh no|266
|player|p2|UrNemesis357|219
|gametype|singles
|gen|6
|tier|UU
|rated
|rule|Sleep Clause Mod: Limit one foe put to sleep
|rule|Species Clause: Limit one of each PokÃ©mon
|rule|OHKO Clause: OHKO moves are banned
|rule|Moody Clause: Moody is banned
|rule|Evasion Moves Clause: Evasion moves are banned
|rule|Endless Battle Clause: Forcing endless battles is banned
|rule|HP Percentage Mod: HP is shown in percentages
|clearpoke
|poke|p1|Chesnaught, M
|poke|p1|Donphan, M
|poke|p1|Chandelure, F
|poke|p1|Umbreon, F
|poke|p1|Blissey, F
|poke|p1|Suicune
|poke|p2|Suicune
|poke|p2|Roserade, F
|poke|p2|Infernape, M
|poke|p2|Krookodile, M
|poke|p2|Porygon-Z
|poke|p2|Florges, F
|rule|Swagger Clause: Swagger is banned
|rule|Baton Pass Clause: Limit one PokÃ©mon knowing Baton Pass
|teampreview
|
|start
|switch|p1a: Big Lez|Donphan, M|381\/381
|switch|p2a: Suicune|Suicune|404\/404
|-ability|p2a: Suicune|Pressure
|turn|1
|join|NinjaBrandon11
|
|switch|p2a: Porygon-Z|Porygon-Z|311\/311
|switch|p1a: Clarence|Chesnaught, M|377\/377
|
|turn|2
|
|switch|p1a: Norton|Blissey, F|657\/657
|move|p2a: Porygon-Z|Trick|p1a: Norton
|-activate|p2a: Porygon-Z|move: Trick|[of] p1a: Norton
|-item|p1a: Norton|Choice Scarf|[from] move: Trick
|-item|p2a: Porygon-Z|Leftovers|[from] move: Trick
|
|turn|3
|
|move|p2a: Porygon-Z|Tri Attack|p1a: Norton
|-crit|p1a: Norton
|-damage|p1a: Norton|441\/657
|move|p1a: Norton|Toxic|p2a: Porygon-Z
|-status|p2a: Porygon-Z|tox
|
|-damage|p2a: Porygon-Z|292\/311 tox|[from] psn
|turn|4
|
|switch|p2a: Krookodile|Krookodile, M|331\/331
|-ability|p2a: Krookodile|Intimidate|[of] p1a: Norton
|-unboost|p1a: Norton|atk|1
|switch|p1a: Quinton|Umbreon, F|394\/394
|
|turn|5
|
|switch|p2a: Porygon-Z|Porygon-Z|292\/311 tox
|switch|p1a: Clarence|Chesnaught, M|377\/377
|
|-heal|p2a: Porygon-Z|311\/311 tox|[from] item: Leftovers
|-damage|p2a: Porygon-Z|292\/311 tox|[from] psn
|turn|6
|
|move|p1a: Clarence|Spiky Shield|p1a: Clarence
|-singleturn|p1a: Clarence|move: Protect
|move|p2a: Porygon-Z|Tri Attack|p1a: Clarence
|-activate|p1a: Clarence|move: Protect
|
|-heal|p2a: Porygon-Z|311\/311 tox|[from] item: Leftovers
|-damage|p2a: Porygon-Z|273\/311 tox|[from] psn
|turn|7
|
|switch|p2a: Infernape|Infernape, M|293\/293
|move|p1a: Clarence|Spikes|p2a: Infernape
|-sidestart|p2: UrNemesis357|Spikes
|
|turn|8
|
|move|p2a: Infernape|Stealth Rock|p1a: Clarence
|-sidestart|p1: oh no oh no|move: Stealth Rock
|move|p1a: Clarence|Leech Seed|p2a: Infernape|[miss]
|-miss|p1a: Clarence|p2a: Infernape
|
|turn|9
|
|switch|p1a: Big Lez|Donphan, M|381\/381
|-damage|p1a: Big Lez|358\/381|[from] Stealth Rock
|move|p2a: Infernape|Overheat|p1a: Big Lez
|-damage|p1a: Big Lez|77\/381
|-unboost|p2a: Infernape|spa|2
|-damage|p2a: Infernape|264\/293|[from] item: Life Orb
|
|-heal|p1a: Big Lez|100\/381|[from] item: Leftovers
|turn|10
|
|switch|p2a: Krookodile|Krookodile, M|331\/331
|-damage|p2a: Krookodile|290\/331|[from] Spikes
|-ability|p2a: Krookodile|Intimidate|[of] p1a: Big Lez
|-unboost|p1a: Big Lez|atk|1
|switch|p1a: Clarence|Chesnaught, M|377\/377
|-damage|p1a: Clarence|354\/377|[from] Stealth Rock
|
|-heal|p1a: Clarence|377\/377|[from] item: Leftovers
|turn|11
|
|switch|p2a: Roserade|Roserade, F|261\/261
|-damage|p2a: Roserade|229\/261|[from] Spikes
|move|p1a: Clarence|Spikes|p2a: Roserade
|-sidestart|p2: UrNemesis357|Spikes
|
|-heal|p2a: Roserade|245\/261|[from] item: Black Sludge
|turn|12
|
|switch|p1a: Sassy|Chandelure, F|261\/261
|-damage|p1a: Sassy|196\/261|[from] Stealth Rock
|move|p2a: Roserade|Spikes|p1a: Sassy
|-sidestart|p1: oh no oh no|Spikes
|
|-heal|p2a: Roserade|261\/261|[from] item: Black Sludge
|turn|13
|
|switch|p2a: Florges|Florges, F|360\/360
|-damage|p2a: Florges|300\/360|[from] Spikes
|move|p1a: Sassy|Fire Blast|p2a: Florges
|-damage|p2a: Florges|171\/360
|
|-heal|p2a: Florges|193\/360|[from] item: Leftovers
|turn|14
|
|move|p1a: Sassy|Fire Blast|p2a: Florges|[miss]
|-miss|p1a: Sassy|p2a: Florges
|move|p2a: Florges|Wish|p2a: Florges
|
|-heal|p2a: Florges|215\/360|[from] item: Leftovers
|turn|15
|
|switch|p1a: Norton|Blissey, F|441\/657
|-damage|p1a: Norton|359\/657|[from] Spikes
|-damage|p1a: Norton|277\/657|[from] Stealth Rock
|move|p2a: Florges|Moonblast|p1a: Norton
|-damage|p1a: Norton|199\/657
|
|-heal|p2a: Florges|360\/360|[from] move: Wish|[wisher] Florges
|turn|16
|
|switch|p2a: Krookodile|Krookodile, M|290\/331
|-damage|p2a: Krookodile|235\/331|[from] Spikes
|-ability|p2a: Krookodile|Intimidate|[of] p1a: Norton
|-unboost|p1a: Norton|atk|1
|move|p1a: Norton|Wish|p1a: Norton
|
|turn|17
|
|move|p2a: Krookodile|Pursuit|p1a: Norton|[from]Pursuit
|-damage|p1a: Norton|0 fnt
|faint|p1a: Norton
|
|
|switch|p1a: Big Lez|Donphan, M|100\/381
|-damage|p1a: Big Lez|77\/381|[from] Stealth Rock
|-damage|p1a: Big Lez|30\/381|[from] Spikes
|turn|18
|
|move|p2a: Krookodile|Pursuit|p1a: Big Lez
|-damage|p1a: Big Lez|0 fnt
|faint|p1a: Big Lez
|
|
|switch|p1a: Clarence|Chesnaught, M|377\/377
|-damage|p1a: Clarence|330\/377|[from] Spikes
|-damage|p1a: Clarence|307\/377|[from] Stealth Rock
|turn|19
|
|switch|p2a: Roserade|Roserade, F|261\/261
|-damage|p2a: Roserade|218\/261|[from] Spikes
|move|p1a: Clarence|Spikes|p2a: Roserade
|-sidestart|p2: UrNemesis357|Spikes
|
|-heal|p2a: Roserade|234\/261|[from] item: Black Sludge
|-heal|p1a: Clarence|330\/377|[from] item: Leftovers
|turn|20
|
|switch|p1a: Sassy|Chandelure, F|196\/261
|-damage|p1a: Sassy|164\/261|[from] Spikes
|-damage|p1a: Sassy|99\/261|[from] Stealth Rock
|move|p2a: Roserade|Sleep Powder|p1a: Sassy
|-status|p1a: Sassy|slp
|
|-heal|p2a: Roserade|250\/261|[from] item: Black Sludge
|turn|21
|
|cant|p1a: Sassy|slp
|move|p2a: Roserade|Sludge Bomb|p1a: Sassy
|-resisted|p1a: Sassy
|-damage|p1a: Sassy|18\/261 slp
|
|-heal|p2a: Roserade|261\/261|[from] item: Black Sludge
|turn|22
|
|switch|p2a: Florges|Florges, F|360\/360
|-damage|p2a: Florges|270\/360|[from] Spikes
|-curestatus|p1a: Sassy|slp
|move|p1a: Sassy|Fire Blast|p2a: Florges
|-damage|p2a: Florges|143\/360
|
|-heal|p2a: Florges|165\/360|[from] item: Leftovers
|turn|23
|
|move|p1a: Sassy|Fire Blast|p2a: Florges
|-damage|p2a: Florges|41\/360
|move|p2a: Florges|Wish|p2a: Florges
|
|-heal|p2a: Florges|63\/360|[from] item: Leftovers
|turn|24
|
|move|p2a: Florges|Protect|p2a: Florges
|-singleturn|p2a: Florges|Protect
|move|p1a: Sassy|Fire Blast|p2a: Florges
|-activate|p2a: Florges|Protect
|
|-heal|p2a: Florges|243\/360|[from] move: Wish|[wisher] Florges
|-heal|p2a: Florges|265\/360|[from] item: Leftovers
|turn|25
|
|move|p1a: Sassy|Fire Blast|p2a: Florges
|-crit|p2a: Florges
|-damage|p2a: Florges|60\/360
|move|p2a: Florges|Wish|p2a: Florges
|
|-heal|p2a: Florges|82\/360|[from] item: Leftovers
|turn|26
|
|move|p2a: Florges|Protect|p2a: Florges
|-singleturn|p2a: Florges|Protect
|move|p1a: Sassy|Fire Blast|p2a: Florges
|-activate|p2a: Florges|Protect
|
|-heal|p2a: Florges|262\/360|[from] move: Wish|[wisher] Florges
|-heal|p2a: Florges|284\/360|[from] item: Leftovers
|turn|27
|
|move|p1a: Sassy|Fire Blast|p2a: Florges
|-damage|p2a: Florges|143\/360
|move|p2a: Florges|Wish|p2a: Florges
|
|-heal|p2a: Florges|165\/360|[from] item: Leftovers
|turn|28
|
|switch|p1a: Donny the Dealer|Suicune|404\/404
|-damage|p1a: Donny the Dealer|354\/404|[from] Stealth Rock
|-damage|p1a: Donny the Dealer|304\/404|[from] Spikes
|-ability|p1a: Donny the Dealer|Pressure
|move|p2a: Florges|Protect|p2a: Florges
|-fail|p2a: Florges
|
|-heal|p2a: Florges|345\/360|[from] move: Wish|[wisher] Florges
|-heal|p1a: Donny the Dealer|329\/404|[from] item: Leftovers
|-heal|p2a: Florges|360\/360|[from] item: Leftovers
|turn|29
|
|switch|p2a: Roserade|Roserade, F|261\/261
|-damage|p2a: Roserade|196\/261|[from] Spikes
|move|p1a: Donny the Dealer|Roar|p2a: Roserade
|drag|p2a: Florges|Florges, F|360\/360
|-damage|p2a: Florges|270\/360|[from] Spikes
|
|-heal|p1a: Donny the Dealer|354\/404|[from] item: Leftovers
|-heal|p2a: Florges|292\/360|[from] item: Leftovers
|turn|30
|
|move|p2a: Florges|Wish|p2a: Florges
|move|p1a: Donny the Dealer|Roar|p2a: Florges
|drag|p2a: Suicune|Suicune|404\/404
|-damage|p2a: Suicune|303\/404|[from] Spikes
|-ability|p2a: Suicune|Pressure
|
|-heal|p2a: Suicune|328\/404|[from] item: Leftovers
|-heal|p1a: Donny the Dealer|379\/404|[from] item: Leftovers
|turn|31
|
|move|p2a: Suicune|Scald|p1a: Donny the Dealer
|-resisted|p1a: Donny the Dealer
|-damage|p1a: Donny the Dealer|342\/404
|-status|p1a: Donny the Dealer|brn
|move|p1a: Donny the Dealer|Roar|p2a: Suicune
|drag|p2a: Roserade|Roserade, F|196\/261
|-damage|p2a: Roserade|131\/261|[from] Spikes
|
|-heal|p2a: Roserade|261\/261|[from] move: Wish|[wisher] Florges
|-heal|p1a: Donny the Dealer|367\/404 brn|[from] item: Leftovers
|-damage|p1a: Donny the Dealer|317\/404 brn|[from] brn
|turn|32
|
|move|p2a: Roserade|Giga Drain|p1a: Donny the Dealer
|-supereffective|p1a: Donny the Dealer
|-damage|p1a: Donny the Dealer|105\/404 brn
|move|p1a: Donny the Dealer|Roar|p2a: Roserade
|drag|p2a: Krookodile|Krookodile, M|235\/331
|-damage|p2a: Krookodile|153\/331|[from] Spikes
|-ability|p2a: Krookodile|Intimidate|[of] p1a: Donny the Dealer
|-unboost|p1a: Donny the Dealer|atk|1
|
|-heal|p1a: Donny the Dealer|130\/404 brn|[from] item: Leftovers
|-damage|p1a: Donny the Dealer|80\/404 brn|[from] brn
|turn|33
|
|move|p2a: Krookodile|Earthquake|p1a: Donny the Dealer
|-damage|p1a: Donny the Dealer|0 fnt
|faint|p1a: Donny the Dealer
|
|
|switch|p1a: Quinton|Umbreon, F|394\/394
|-damage|p1a: Quinton|345\/394|[from] Spikes
|-damage|p1a: Quinton|296\/394|[from] Stealth Rock
|turn|34
|
|switch|p2a: Florges|Florges, F|292\/360
|-damage|p2a: Florges|202\/360|[from] Spikes
|move|p1a: Quinton|Foul Play|p2a: Florges
|-resisted|p2a: Florges
|-damage|p2a: Florges|165\/360
|
|-heal|p2a: Florges|187\/360|[from] item: Leftovers
|-heal|p1a: Quinton|320\/394|[from] item: Leftovers
|turn|35
|
|move|p2a: Florges|Moonblast|p1a: Quinton
|-supereffective|p1a: Quinton
|-damage|p1a: Quinton|162\/394
|-unboost|p1a: Quinton|spa|1
|move|p1a: Quinton|Toxic|p2a: Florges
|-status|p2a: Florges|tox
|
|-heal|p2a: Florges|209\/360 tox|[from] item: Leftovers
|-heal|p1a: Quinton|186\/394|[from] item: Leftovers
|-damage|p2a: Florges|187\/360 tox|[from] psn
|turn|36
|
|move|p2a: Florges|Aromatherapy|p2a: Florges
|-cureteam|p2a: Florges|[from] move: Aromatherapy
|move|p1a: Quinton|Moonlight|p1a: Quinton
|-heal|p1a: Quinton|383\/394
|
|-heal|p2a: Florges|209\/360|[from] item: Leftovers
|-heal|p1a: Quinton|394\/394|[from] item: Leftovers
|turn|37
|-message|oh no oh no forfeited.
|
|win|UrNemesis357
|raw|Ladder updating...
|leave|oh no oh no
|player|p1
|raw|oh no oh no's rating: 1571 &rarr; <strong>1545<\/strong><br \/>(-26 for losing)
|raw|UrNemesis357's rating: 1470 &rarr; <strong>1496<\/strong><br \/>(+26 for winning)
|leave|NinjaBrandon11