|join|oh no oh no
|join|SketchyEcchi
|player|p1|oh no oh no|157
|player|p2|SketchyEcchi|146
|gametype|singles
|gen|6
|tier|UU
|rated
|rule|Sleep Clause Mod: Limit one foe put to sleep
|rule|Species Clause: Limit one of each PokÃ©mon
|rule|OHKO Clause: OHKO moves are banned
|rule|Moody Clause: Moody is banned
|rule|Evasion Moves Clause: Evasion moves are banned
|rule|Endless Battle Clause: Forcing endless battles is banned
|rule|HP Percentage Mod: HP is shown in percentages
|clearpoke
|poke|p1|Weezing, F
|poke|p1|Forretress, F
|poke|p1|Suicune
|poke|p1|Celebi
|poke|p1|Blissey, F
|poke|p1|Spiritomb, M
|poke|p2|Combusken, M
|poke|p2|Swampert, F
|poke|p2|Honchkrow, M
|poke|p2|Azelf
|poke|p2|Whimsicott, M
|poke|p2|Tyrantrum, F
|rule|Swagger Clause: Swagger is banned
|rule|Baton Pass Clause: Limit one PokÃ©mon knowing Baton Pass
|teampreview
|
|start
|switch|p1a: m9|Forretress, F|354\/354
|switch|p2a: Azelf|Azelf|291\/291
|turn|1
|
|switch|p1a: m8|Spiritomb, M|304\/304
|move|p2a: Azelf|Stealth Rock|p1a: m8
|-sidestart|p1: oh no oh no|move: Stealth Rock
|
|turn|2
|
|switch|p2a: Combusken|Combusken, M|324\/324
|move|p1a: m8|Will-O-Wisp|p2a: Combusken
|-fail|p2a: Combusken
|
|turn|3
|
|switch|p1a: m9|Suicune|404\/404
|-damage|p1a: m9|354\/404|[from] Stealth Rock
|-ability|p1a: m9|Pressure
|move|p2a: Combusken|Swords Dance|p2a: Combusken
|-boost|p2a: Combusken|atk|2
|
|-heal|p1a: m9|379\/404|[from] item: Leftovers
|-boost|p2a: Combusken|spe|1|[from] ability: Speed Boost
|turn|4
|
|move|p2a: Combusken|Swords Dance|p2a: Combusken
|-boost|p2a: Combusken|atk|2
|move|p1a: m9|Scald|p2a: Combusken
|-supereffective|p2a: Combusken
|-damage|p2a: Combusken|160\/324
|
|-heal|p1a: m9|404\/404|[from] item: Leftovers
|-boost|p2a: Combusken|spe|1|[from] ability: Speed Boost
|turn|5
|
|move|p2a: Combusken|Baton Pass|p2a: Combusken
|
|switch|p2a: Swampert|Swampert, F|341\/341
|move|p1a: m9|Scald|p2a: Swampert
|-damage|p2a: Swampert|250\/341
|
|turn|6
|
|detailschange|p2a: Swampert|Swampert-Mega, F
|-mega|p2a: Swampert|Swampert|Swampertite
|move|p2a: Swampert|Earthquake|p1a: m9
|-damage|p1a: m9|0 fnt
|faint|p1a: m9
|
|
|switch|p1a: m9|Forretress, F|354\/354
|-damage|p1a: m9|310\/354|[from] Stealth Rock
|turn|7
|
|move|p2a: Swampert|Earthquake|p1a: m9
|-damage|p1a: m9|0 fnt
|faint|p1a: m9
|
|
|switch|p1a: m8|Celebi|403\/403
|-damage|p1a: m8|353\/403|[from] Stealth Rock
|turn|8
|
|move|p2a: Swampert|Ice Punch|p1a: m8
|-supereffective|p1a: m8
|-damage|p1a: m8|0 fnt
|faint|p1a: m8
|
|
|switch|p1a: m8|Weezing, F|333\/333
|-damage|p1a: m8|292\/333|[from] Stealth Rock
|turn|9
|
|move|p2a: Swampert|Waterfall|p1a: m8
|-damage|p1a: m8|0 fnt
|faint|p1a: m8
|
|-message|oh no oh no forfeited.
|
|win|SketchyEcchi
|raw|Ladder updating...
|leave|oh no oh no
|player|p1
|raw|oh no oh no's rating: 1555 &rarr; <strong>1528<\/strong><br \/>(-27 for losing)
|raw|SketchyEcchi's rating: 1423 &rarr; <strong>1450<\/strong><br \/>(+27 for winning)