|join|King UU
|join|oh no oh no
|player|p1|King UU|22
|player|p2|oh no oh no|1
|gametype|singles
|gen|6
|tier|UU
|rated
|rule|Sleep Clause Mod: Limit one foe put to sleep
|rule|Species Clause: Limit one of each PokÃ©mon
|rule|OHKO Clause: OHKO moves are banned
|rule|Moody Clause: Moody is banned
|rule|Evasion Moves Clause: Evasion moves are banned
|rule|Endless Battle Clause: Forcing endless battles is banned
|rule|HP Percentage Mod: HP is shown in percentages
|clearpoke
|poke|p1|Yanmega, M
|poke|p1|Donphan, F
|poke|p1|Machamp, F
|poke|p1|Jirachi
|poke|p1|Vaporeon, F
|poke|p1|Infernape, M
|poke|p2|Chesnaught, M
|poke|p2|Donphan, F
|poke|p2|Chandelure, F
|poke|p2|Umbreon, M
|poke|p2|Blissey, F
|poke|p2|Suicune
|rule|Swagger Clause: Swagger is banned
|rule|Baton Pass Clause: Limit one PokÃ©mon knowing Baton Pass
|teampreview
|
|start
|switch|p1a: Infernape|Infernape, M|293\/293
|switch|p2a: Donphan|Donphan, F|381\/381
|turn|1
|
|move|p1a: Infernape|Stealth Rock|p2a: Donphan
|-sidestart|p2: oh no oh no|move: Stealth Rock
|move|p2a: Donphan|Knock Off|p1a: Infernape
|-resisted|p1a: Infernape
|-damage|p1a: Infernape|233\/293
|-enditem|p1a: Infernape|Focus Sash|[from] move: Knock Off|[of] p2a: Donphan
|
|turn|2
|
|move|p1a: Infernape|Fire Blast|p2a: Donphan
|-damage|p2a: Donphan|146\/381
|move|p2a: Donphan|Stealth Rock|p1a: Infernape
|-sidestart|p1: King UU|move: Stealth Rock
|
|-heal|p2a: Donphan|169\/381|[from] item: Leftovers
|turn|3
|
|switch|p2a: Suicune|Suicune|404\/404
|-damage|p2a: Suicune|354\/404|[from] Stealth Rock
|-ability|p2a: Suicune|Pressure
|move|p1a: Infernape|Fire Blast|p2a: Suicune
|-resisted|p2a: Suicune
|-damage|p2a: Suicune|279\/404
|
|-heal|p2a: Suicune|304\/404|[from] item: Leftovers
|turn|4
|
|move|p1a: Infernape|Taunt|p2a: Suicune
|-start|p2a: Suicune|move: Taunt
|move|p2a: Suicune|Scald|p1a: Infernape
|-supereffective|p1a: Infernape
|-damage|p1a: Infernape|0 fnt
|faint|p1a: Infernape
|
|-heal|p2a: Suicune|329\/404|[from] item: Leftovers
|
|switch|p1a: Donphan|Donphan, F|373\/373
|-damage|p1a: Donphan|350\/373|[from] Stealth Rock
|turn|5
|
|move|p2a: Suicune|Scald|p1a: Donphan
|-supereffective|p1a: Donphan
|-damage|p1a: Donphan|182\/373
|move|p1a: Donphan|Rapid Spin|p2a: Suicune
|-damage|p2a: Suicune|312\/404
|-sideend|p1: King UU|Stealth Rock|[from] move: Rapid Spin|[of] p1a: Donphan
|
|-heal|p2a: Suicune|337\/404|[from] item: Leftovers
|turn|6
|
|switch|p2a: Chesnaught|Chesnaught, M|377\/377
|-damage|p2a: Chesnaught|354\/377|[from] Stealth Rock
|switch|p1a: Vaporeon|Vaporeon, F|464\/464
|
|-heal|p2a: Chesnaught|377\/377|[from] item: Leftovers
|turn|7
|
|move|p2a: Chesnaught|Leech Seed|p1a: Vaporeon
|-start|p1a: Vaporeon|move: Leech Seed
|move|p1a: Vaporeon|Baton Pass|p1a: Vaporeon
|join|Eren Swaeger
|
|switch|p1a: Yanmega|Yanmega, M|313\/313
|
|-damage|p1a: Yanmega|274\/313|[from] Leech Seed|[of] p2a: Chesnaught
|turn|8
|leave|Eren Swaeger
|join|Eren Swaeger
|
|switch|p1a: Machamp|Machamp, F|321\/321
|switch|p2a: Blissey|Blissey, F|657\/657
|-damage|p2a: Blissey|575\/657|[from] Stealth Rock
|
|-heal|p2a: Blissey|616\/657|[from] item: Leftovers
|turn|9
|
|move|p2a: Blissey|Protect|p2a: Blissey
|-singleturn|p2a: Blissey|Protect
|move|p1a: Machamp|Dynamic Punch|p2a: Blissey
|-activate|p2a: Blissey|Protect
|
|-heal|p2a: Blissey|657\/657|[from] item: Leftovers
|turn|10
|
|switch|p2a: Chesnaught|Chesnaught, M|377\/377
|-damage|p2a: Chesnaught|354\/377|[from] Stealth Rock
|move|p1a: Machamp|Dynamic Punch|p2a: Chesnaught
|-damage|p2a: Chesnaught|179\/377
|-start|p2a: Chesnaught|confusion
|
|-heal|p2a: Chesnaught|202\/377|[from] item: Leftovers
|turn|11
|
|-activate|p2a: Chesnaught|confusion
|move|p2a: Chesnaught|Spiky Shield|p2a: Chesnaught
|-singleturn|p2a: Chesnaught|move: Protect
|move|p1a: Machamp|Dynamic Punch|p2a: Chesnaught
|-activate|p2a: Chesnaught|move: Protect
|-damage|p1a: Machamp|281\/321|[from] Spiky Shield|[of] p2a: Chesnaught
|
|-heal|p2a: Chesnaught|225\/377|[from] item: Leftovers
|turn|12
|
|switch|p1a: Vaporeon|Vaporeon, F|464\/464
|switch|p2a: Chandelure|Chandelure, F|261\/261
|-damage|p2a: Chandelure|196\/261|[from] Stealth Rock
|
|turn|13
|
|move|p2a: Chandelure|Trick|p1a: Vaporeon
|-activate|p2a: Chandelure|move: Trick|[of] p1a: Vaporeon
|-item|p1a: Vaporeon|Choice Scarf|[from] move: Trick
|-item|p2a: Chandelure|Leftovers|[from] move: Trick
|move|p1a: Vaporeon|Baton Pass|p1a: Vaporeon
|
|switch|p1a: Yanmega|Yanmega, M|274\/313
|
|-heal|p2a: Chandelure|212\/261|[from] item: Leftovers
|turn|14
|
|move|p1a: Yanmega|Air Slash|p2a: Chandelure
|-damage|p2a: Chandelure|13\/261
|-damage|p1a: Yanmega|243\/313|[from] item: Life Orb
|move|p2a: Chandelure|Fire Blast|p1a: Yanmega
|-supereffective|p1a: Yanmega
|-damage|p1a: Yanmega|0 fnt
|faint|p1a: Yanmega
|
|-heal|p2a: Chandelure|29\/261|[from] item: Leftovers
|
|switch|p1a: Jirachi|Jirachi|341\/341
|turn|15
|
|switch|p2a: Chesnaught|Chesnaught, M|225\/377
|-damage|p2a: Chesnaught|202\/377|[from] Stealth Rock
|move|p1a: Jirachi|Iron Head|p2a: Chesnaught
|-damage|p2a: Chesnaught|132\/377
|
|-heal|p2a: Chesnaught|155\/377|[from] item: Leftovers
|turn|16
|
|switch|p1a: Machamp|Machamp, F|281\/321
|move|p2a: Chesnaught|Leech Seed|p1a: Machamp
|-start|p1a: Machamp|move: Leech Seed
|
|-heal|p2a: Chesnaught|178\/377|[from] item: Leftovers
|-damage|p1a: Machamp|241\/321|[from] Leech Seed|[of] p2a: Chesnaught
|-heal|p2a: Chesnaught|218\/377|[silent]
|turn|17
|join|DaidZillon
|
|switch|p1a: Jirachi|Jirachi|341\/341
|move|p2a: Chesnaught|Spiky Shield|p2a: Chesnaught
|-fail|p2a: Chesnaught
|
|-heal|p2a: Chesnaught|241\/377|[from] item: Leftovers
|turn|18
|
|switch|p1a: Machamp|Machamp, F|241\/321
|move|p2a: Chesnaught|Spiky Shield|p2a: Chesnaught
|-fail|p2a: Chesnaught
|
|-heal|p2a: Chesnaught|264\/377|[from] item: Leftovers
|turn|19
|
|move|p2a: Chesnaught|Spiky Shield|p2a: Chesnaught
|-singleturn|p2a: Chesnaught|move: Protect
|move|p1a: Machamp|Dynamic Punch|p2a: Chesnaught
|-activate|p2a: Chesnaught|move: Protect
|-damage|p1a: Machamp|201\/321|[from] Spiky Shield|[of] p2a: Chesnaught
|
|-heal|p2a: Chesnaught|287\/377|[from] item: Leftovers
|turn|20
|
|move|p1a: Machamp|Dynamic Punch|p2a: Chesnaught
|-damage|p2a: Chesnaught|110\/377
|-start|p2a: Chesnaught|confusion
|-activate|p2a: Chesnaught|confusion
|move|p2a: Chesnaught|Spikes|p1a: Machamp
|-sidestart|p1: King UU|Spikes
|
|-heal|p2a: Chesnaught|133\/377|[from] item: Leftovers
|turn|21
|
|switch|p1a: Jirachi|Jirachi|341\/341
|-damage|p1a: Jirachi|299\/341|[from] Spikes
|switch|p2a: Chandelure|Chandelure, F|29\/261
|-damage|p2a: Chandelure|0 fnt|[from] Stealth Rock
|faint|p2a: Chandelure
|
|
|switch|p2a: Donphan|Donphan, F|169\/381
|-damage|p2a: Donphan|146\/381|[from] Stealth Rock
|turn|22
|
|move|p1a: Jirachi|Iron Head|p2a: Donphan
|-damage|p2a: Donphan|71\/381
|cant|p2a: Donphan|flinch
|
|-heal|p2a: Donphan|94\/381|[from] item: Leftovers
|turn|23
|
|move|p1a: Jirachi|Iron Head|p2a: Donphan
|-damage|p2a: Donphan|24\/381
|move|p2a: Donphan|Rapid Spin|p1a: Jirachi
|-resisted|p1a: Jirachi
|-damage|p1a: Jirachi|290\/341
|-sideend|p2: oh no oh no|Stealth Rock|[from] move: Rapid Spin|[of] p2a: Donphan
|
|-heal|p2a: Donphan|47\/381|[from] item: Leftovers
|turn|24
|leave|Eren Swaeger
|
|switch|p2a: Chesnaught|Chesnaught, M|133\/377
|move|p1a: Jirachi|Iron Head|p2a: Chesnaught
|-crit|p2a: Chesnaught
|-damage|p2a: Chesnaught|25\/377
|
|-heal|p2a: Chesnaught|48\/377|[from] item: Leftovers
|turn|25
|
|move|p2a: Chesnaught|Spiky Shield|p2a: Chesnaught
|-singleturn|p2a: Chesnaught|move: Protect
|move|p1a: Jirachi|Iron Head|p2a: Chesnaught
|-activate|p2a: Chesnaught|move: Protect
|-damage|p1a: Jirachi|248\/341|[from] Spiky Shield|[of] p2a: Chesnaught
|
|-heal|p2a: Chesnaught|71\/377|[from] item: Leftovers
|turn|26
|
|switch|p2a: Suicune|Suicune|337\/404
|-ability|p2a: Suicune|Pressure
|move|p1a: Jirachi|Iron Head|p2a: Suicune
|-resisted|p2a: Suicune
|-damage|p2a: Suicune|294\/404
|
|-heal|p2a: Suicune|319\/404|[from] item: Leftovers
|turn|27
|
|switch|p1a: Vaporeon|Vaporeon, F|464\/464
|-damage|p1a: Vaporeon|406\/464|[from] Spikes
|move|p2a: Suicune|Roar|p1a: Vaporeon
|drag|p1a: Jirachi|Jirachi|248\/341
|-damage|p1a: Jirachi|206\/341|[from] Spikes
|
|-heal|p2a: Suicune|344\/404|[from] item: Leftovers
|turn|28
|
|switch|p2a: Donphan|Donphan, F|47\/381
|move|p1a: Jirachi|Trick|p2a: Donphan
|-activate|p1a: Jirachi|move: Trick|[of] p2a: Donphan
|-item|p2a: Donphan|Choice Scarf|[from] move: Trick
|-item|p1a: Jirachi|Leftovers|[from] move: Trick
|
|-heal|p1a: Jirachi|227\/341|[from] item: Leftovers
|turn|29
|
|switch|p2a: Blissey|Blissey, F|657\/657
|move|p1a: Jirachi|Iron Head|p2a: Blissey
|-damage|p2a: Blissey|423\/657
|
|-heal|p1a: Jirachi|248\/341|[from] item: Leftovers
|-heal|p2a: Blissey|464\/657|[from] item: Leftovers
|turn|30
|
|move|p1a: Jirachi|Iron Head|p2a: Blissey
|-damage|p2a: Blissey|266\/657
|cant|p2a: Blissey|flinch
|
|-heal|p1a: Jirachi|269\/341|[from] item: Leftovers
|-heal|p2a: Blissey|307\/657|[from] item: Leftovers
|turn|31
|join|Lady Ciaran
|
|move|p1a: Jirachi|Iron Head|p2a: Blissey
|-damage|p2a: Blissey|88\/657
|cant|p2a: Blissey|flinch
|
|-heal|p1a: Jirachi|290\/341|[from] item: Leftovers
|-heal|p2a: Blissey|129\/657|[from] item: Leftovers
|turn|32
|
|move|p2a: Blissey|Protect|p2a: Blissey
|-singleturn|p2a: Blissey|Protect
|move|p1a: Jirachi|Iron Head|p2a: Blissey
|-activate|p2a: Blissey|Protect
|
|-heal|p1a: Jirachi|311\/341|[from] item: Leftovers
|-heal|p2a: Blissey|170\/657|[from] item: Leftovers
|turn|33
|
|switch|p2a: Suicune|Suicune|344\/404
|-ability|p2a: Suicune|Pressure
|move|p1a: Jirachi|Zen Headbutt|p2a: Suicune
|-damage|p2a: Suicune|259\/404
|
|-heal|p1a: Jirachi|332\/341|[from] item: Leftovers
|-heal|p2a: Suicune|284\/404|[from] item: Leftovers
|turn|34
|
|move|p1a: Jirachi|U-turn|p2a: Suicune
|-damage|p2a: Suicune|231\/404
|join|BasedAaron
|
|switch|p1a: Vaporeon|Vaporeon, F|406\/464
|-damage|p1a: Vaporeon|348\/464|[from] Spikes
|move|p2a: Suicune|Roar|p1a: Vaporeon
|drag|p1a: Jirachi|Jirachi|332\/341
|-damage|p1a: Jirachi|290\/341|[from] Spikes
|
|-heal|p1a: Jirachi|311\/341|[from] item: Leftovers
|-heal|p2a: Suicune|256\/404|[from] item: Leftovers
|turn|35
|join|VividLatias
|
|move|p1a: Jirachi|Zen Headbutt|p2a: Suicune
|-damage|p2a: Suicune|169\/404
|move|p2a: Suicune|Scald|p1a: Jirachi
|-damage|p1a: Jirachi|220\/341
|
|-heal|p1a: Jirachi|241\/341|[from] item: Leftovers
|-heal|p2a: Suicune|194\/404|[from] item: Leftovers
|turn|36
|c| VividLatias|you're getting your ass kicked?
|join|Avaluggage
|c| VividLatias|damn.
|leave|Avaluggage
|leave|VividLatias
|
|move|p1a: Jirachi|U-turn|p2a: Suicune
|-damage|p2a: Suicune|147\/404
|
|switch|p1a: Machamp|Machamp, F|201\/321
|-damage|p1a: Machamp|161\/321|[from] Spikes
|move|p2a: Suicune|Scald|p1a: Machamp
|-damage|p1a: Machamp|70\/321
|
|-heal|p2a: Suicune|172\/404|[from] item: Leftovers
|turn|37
|
|move|p1a: Machamp|Dynamic Punch|p2a: Suicune
|-damage|p2a: Suicune|0 fnt
|faint|p2a: Suicune
|
|c|âKing UU|Fuck yeah
|c| BasedAaron|bop
|join|waiv
|
|switch|p2a: Chesnaught|Chesnaught, M|71\/377
|turn|38
|c| waiv|oh no oh no oh no
|
|switch|p1a: Jirachi|Jirachi|241\/341
|-damage|p1a: Jirachi|199\/341|[from] Spikes
|move|p2a: Chesnaught|Spiky Shield|p2a: Chesnaught
|-fail|p2a: Chesnaught
|
|-heal|p1a: Jirachi|220\/341|[from] item: Leftovers
|-heal|p2a: Chesnaught|94\/377|[from] item: Leftovers
|turn|39
|leave|waiv
|
|move|p1a: Jirachi|Zen Headbutt|p2a: Chesnaught
|-supereffective|p2a: Chesnaught
|-damage|p2a: Chesnaught|0 fnt
|faint|p2a: Chesnaught
|
|-heal|p1a: Jirachi|241\/341|[from] item: Leftovers
|
|switch|p2a: Umbreon|Umbreon, M|394\/394
|turn|40
|
|move|p1a: Jirachi|U-turn|p2a: Umbreon
|-supereffective|p2a: Umbreon
|-damage|p2a: Umbreon|254\/394
|
|switch|p1a: Donphan|Donphan, F|182\/373
|-damage|p1a: Donphan|136\/373|[from] Spikes
|move|p2a: Umbreon|Foul Play|p1a: Donphan
|-damage|p1a: Donphan|0 fnt
|faint|p1a: Donphan
|
|-heal|p2a: Umbreon|278\/394|[from] item: Leftovers
|
|switch|p1a: Machamp|Machamp, F|70\/321
|-damage|p1a: Machamp|30\/321|[from] Spikes
|turn|41
|
|switch|p2a: Donphan|Donphan, F|47\/381
|move|p1a: Machamp|Knock Off|p2a: Donphan
|-damage|p2a: Donphan|0 fnt
|-enditem|p2a: Donphan|Choice Scarf|[from] move: Knock Off|[of] p1a: Machamp
|faint|p2a: Donphan
|
|
|switch|p2a: Blissey|Blissey, F|170\/657
|turn|42
|
|move|p2a: Blissey|Protect|p2a: Blissey
|-singleturn|p2a: Blissey|Protect
|move|p1a: Machamp|Knock Off|p2a: Blissey
|-activate|p2a: Blissey|Protect
|
|-heal|p2a: Blissey|211\/657|[from] item: Leftovers
|turn|43
|
|move|p1a: Machamp|Knock Off|p2a: Blissey
|-damage|p2a: Blissey|0 fnt
|-enditem|p2a: Blissey|Leftovers|[from] move: Knock Off|[of] p1a: Machamp
|faint|p2a: Blissey
|
|
|switch|p2a: Umbreon|Umbreon, M|278\/394
|turn|44
|
|move|p1a: Machamp|Knock Off|p2a: Umbreon
|-resisted|p2a: Umbreon
|-damage|p2a: Umbreon|198\/394
|-enditem|p2a: Umbreon|Leftovers|[from] move: Knock Off|[of] p1a: Machamp
|move|p2a: Umbreon|Foul Play|p1a: Machamp
|-crit|p1a: Machamp
|-resisted|p1a: Machamp
|-damage|p1a: Machamp|0 fnt
|faint|p1a: Machamp
|
|join|Kyla's Nightmare
|join|IheartMagikarp
|
|switch|p1a: Jirachi|Jirachi|241\/341
|-damage|p1a: Jirachi|199\/341|[from] Spikes
|turn|45
|join|TheLightDeceiver
|
|move|p1a: Jirachi|U-turn|p2a: Umbreon
|-supereffective|p2a: Umbreon
|-damage|p2a: Umbreon|70\/394
|join|LessThanThreeMan
|
|switch|p1a: Vaporeon|Vaporeon, F|348\/464
|-damage|p1a: Vaporeon|290\/464|[from] Spikes
|move|p2a: Umbreon|Moonlight|p2a: Umbreon
|-heal|p2a: Umbreon|267\/394
|
|turn|46
|join|Eren Swaeger
|
|move|p1a: Vaporeon|Scald|p2a: Umbreon
|-damage|p2a: Umbreon|210\/394
|move|p2a: Umbreon|Toxic|p1a: Vaporeon
|-status|p1a: Vaporeon|tox
|
|-damage|p1a: Vaporeon|261\/464 tox|[from] psn
|turn|47
|join|guthans
|
|move|p1a: Vaporeon|Scald|p2a: Umbreon
|-damage|p2a: Umbreon|152\/394
|move|p2a: Umbreon|Moonlight|p2a: Umbreon
|-heal|p2a: Umbreon|349\/394
|
|-damage|p1a: Vaporeon|203\/464 tox|[from] psn
|turn|48
|c| IheartMagikarp|GET THE BURN GOSDARNIT
|c| IheartMagikarp|goshdarnit
|
|move|p1a: Vaporeon|Scald|p2a: Umbreon
|-damage|p2a: Umbreon|292\/394
|move|p2a: Umbreon|Foul Play|p1a: Vaporeon
|-damage|p1a: Vaporeon|125\/464 tox
|
|-damage|p1a: Vaporeon|38\/464 tox|[from] psn
|turn|49
|c|âKing UU|if I don't
|c|âKing UU|It's over.
|join|mike hunts
|
|move|p1a: Vaporeon|Scald|p2a: Umbreon
|-crit|p2a: Umbreon
|-damage|p2a: Umbreon|196\/394
|move|p2a: Umbreon|Moonlight|p2a: Umbreon
|-heal|p2a: Umbreon|393\/394
|
|-damage|p1a: Vaporeon|0 fnt|[from] psn
|faint|p1a: Vaporeon
|c| LessThanThreeMan|nah you can
|c| LessThanThreeMan|flinch it to death
|c| LessThanThreeMan|:]
|
|switch|p1a: Jirachi|Jirachi|199\/341
|-damage|p1a: Jirachi|157\/341|[from] Spikes
|turn|50
|c| Eren Swaeger|No burn...
|c| IheartMagikarp|inner focus
|
|move|p1a: Jirachi|Iron Head|p2a: Umbreon
|-damage|p2a: Umbreon|276\/394
|cant|p2a: Umbreon|flinch
|
|-heal|p1a: Jirachi|178\/341|[from] item: Leftovers
|turn|51
|
|move|p1a: Jirachi|Iron Head|p2a: Umbreon
|-damage|p2a: Umbreon|156\/394
|cant|p2a: Umbreon|flinch
|
|-heal|p1a: Jirachi|199\/341|[from] item: Leftovers
|turn|52
|c| Lady Ciaran|Oh no
|c| IheartMagikarp|NOT INNER FOCUS
|c| IheartMagikarp|oml
|c|âKing UU|1 more
|c|âKing UU|1 more
|c| IheartMagikarp|FLINCH MASTER FLEX
|
|move|p1a: Jirachi|Iron Head|p2a: Umbreon
|-damage|p2a: Umbreon|44\/394
|cant|p2a: Umbreon|flinch
|
|-heal|p1a: Jirachi|220\/341|[from] item: Leftovers
|turn|53
|c| Lady Ciaran|oh more
|join|PLOF
|c| LessThanThreeMan|flinch
|c| LessThanThreeMan|flinch
|c| IheartMagikarp|FLINCH MASTER FLEX
|c| Lady Ciaran|Gg wp
|c| IheartMagikarp|FLINCH MASTER FLEX
|c|âKing UU|oof
|c| IheartMagikarp|FLINCH MASTER FLEX
|c| IheartMagikarp|FLINCH MASTER FLEX
|
|move|p1a: Jirachi|Iron Head|p2a: Umbreon
|-damage|p2a: Umbreon|0 fnt
|faint|p2a: Umbreon
|
|win|King UU
|raw|Ladder updating...
|c| IheartMagikarp|FLINCH MASTER FLEX
|leave|DaidZillon
|c| IheartMagikarp|FLINCH MASTER FLEX
|c| IheartMagikarp|FLINCH MASTER FLEX
|c| IheartMagikarp|FLINCH MASTER FLEX
|c| IheartMagikarp|FLINCH MASTER FLEX
|leave|PLOF
|c|âKing UU|oh no oh no
|c| IheartMagikarp|FLINCH MASTER FLEX
|c| IheartMagikarp|FLINCH MASTER FLEX
|c| IheartMagikarp|FLINCH MASTER FLEX
|c|âKing UU|well played
|c| IheartMagikarp|FLINCH MASTER FLEX
|c| IheartMagikarp|well deserved
|raw|King UU's rating: 1716 &rarr; <strong>1727<\/strong><br \/>(+11 for winning)
|raw|oh no oh no's rating: 1542 &rarr; <strong>1531<\/strong><br \/>(-11 for losing)
|c|âoh no oh no|gg
|c| IheartMagikarp|1st place