|join|TewMew
|join|oh no oh no
|player|p1|TewMew|43
|player|p2|oh no oh no|157
|gametype|singles
|gen|6
|tier|UU
|rated
|rule|Sleep Clause Mod: Limit one foe put to sleep
|rule|Species Clause: Limit one of each PokÃ©mon
|rule|OHKO Clause: OHKO moves are banned
|rule|Moody Clause: Moody is banned
|rule|Evasion Moves Clause: Evasion moves are banned
|rule|Endless Battle Clause: Forcing endless battles is banned
|rule|HP Percentage Mod: HP is shown in percentages
|clearpoke
|poke|p1|Alomomola, F
|poke|p1|Krookodile, M
|poke|p1|Crobat, F
|poke|p1|Whimsicott, M
|poke|p1|Snorlax, M
|poke|p1|Ampharos, F
|poke|p2|Weezing, F
|poke|p2|Forretress, F
|poke|p2|Suicune
|poke|p2|Celebi
|poke|p2|Blissey, F
|poke|p2|Spiritomb, M
|rule|Swagger Clause: Swagger is banned
|rule|Baton Pass Clause: Limit one PokÃ©mon knowing Baton Pass
|teampreview
|
|start
|switch|p1a: Krookodile|Krookodile, M|331\/331
|switch|p2a: Lush Life|Celebi|403\/403
|-ability|p1a: Krookodile|Intimidate|[of] p2a: Lush Life
|-unboost|p2a: Lush Life|atk|1
|turn|1
|
|switch|p2a: Nardis|Weezing, F|333\/333
|move|p1a: Krookodile|Knock Off|p2a: Nardis
|-damage|p2a: Nardis|208\/333
|-enditem|p2a: Nardis|Black Sludge|[from] move: Knock Off|[of] p1a: Krookodile
|-damage|p1a: Krookodile|298\/331|[from] item: Life Orb
|
|turn|2
|
|switch|p1a: Ampharos|Ampharos, F|353\/353
|move|p2a: Nardis|Will-O-Wisp|p1a: Ampharos
|-status|p1a: Ampharos|brn
|
|-damage|p1a: Ampharos|309\/353 brn|[from] brn
|turn|3
|
|switch|p2a: Lush Life|Celebi|403\/403
|detailschange|p1a: Ampharos|Ampharos-Mega, F
|-mega|p1a: Ampharos|Ampharos|Ampharosite
|-ability|p1a: Ampharos|Mold Breaker
|move|p1a: Ampharos|Volt Switch|p2a: Lush Life
|-resisted|p2a: Lush Life
|-damage|p2a: Lush Life|341\/403
|
|switch|p1a: Krookodile|Krookodile, M|298\/331
|-ability|p1a: Krookodile|Intimidate|[of] p2a: Lush Life
|-unboost|p2a: Lush Life|atk|1
|
|-heal|p2a: Lush Life|366\/403|[from] item: Leftovers
|turn|4
|
|switch|p2a: Nardis|Weezing, F|208\/333
|move|p1a: Krookodile|Stealth Rock|p2a: Nardis
|-sidestart|p2: oh no oh no|move: Stealth Rock
|
|turn|5
|
|switch|p1a: Alomomola|Alomomola, F|533\/533
|move|p2a: Nardis|Toxic Spikes|p1a: Alomomola
|-sidestart|p1: TewMew|move: Toxic Spikes
|
|turn|6
|
|move|p1a: Alomomola|Wish|p1a: Alomomola
|move|p2a: Nardis|Toxic Spikes|p1a: Alomomola
|-sidestart|p1: TewMew|move: Toxic Spikes
|
|turn|7
|
|switch|p1a: Ampharos|Ampharos-Mega, F|309\/353 brn
|-ability|p1a: Ampharos|Mold Breaker
|move|p2a: Nardis|Pain Split|p1a: Ampharos
|-sethp|p1a: Ampharos|258\/353 brn|p2a: Nardis|258\/333|[from] move: Pain Split
|
|-heal|p1a: Ampharos|353\/353 brn|[from] move: Wish|[wisher] Alomomola
|-damage|p1a: Ampharos|309\/353 brn|[from] brn
|turn|8
|
|move|p1a: Ampharos|Volt Switch|p2a: Nardis
|-damage|p2a: Nardis|51\/333
|
|switch|p1a: Crobat|Crobat, F|373\/373
|move|p2a: Nardis|Pain Split|p1a: Crobat
|-sethp|p1a: Crobat|212\/373|p2a: Nardis|212\/333|[from] move: Pain Split
|
|-heal|p1a: Crobat|235\/373|[from] item: Black Sludge
|turn|9
|
|move|p1a: Crobat|U-turn|p2a: Nardis
|-resisted|p2a: Nardis
|-damage|p2a: Nardis|196\/333
|
|switch|p1a: Ampharos|Ampharos-Mega, F|309\/353 brn
|-ability|p1a: Ampharos|Mold Breaker
|move|p2a: Nardis|Will-O-Wisp|p1a: Ampharos
|-fail|p1a: Ampharos|brn
|
|-damage|p1a: Ampharos|265\/353 brn|[from] brn
|turn|10
|
|switch|p2a: Lush Life|Celebi|366\/403
|-damage|p2a: Lush Life|316\/403|[from] Stealth Rock
|move|p1a: Ampharos|Volt Switch|p2a: Lush Life
|-resisted|p2a: Lush Life
|-damage|p2a: Lush Life|254\/403
|
|switch|p1a: Crobat|Crobat, F|235\/373
|
|-heal|p1a: Crobat|258\/373|[from] item: Black Sludge
|-heal|p2a: Lush Life|279\/403|[from] item: Leftovers
|turn|11
|
|switch|p2a: Nardis|Weezing, F|196\/333
|-damage|p2a: Nardis|155\/333|[from] Stealth Rock
|move|p1a: Crobat|Defog|p2a: Nardis
|-unboost|p2a: Nardis|evasion|1
|-sideend|p2: oh no oh no|Stealth Rock|[from] move: Defog|[of] p2a: Nardis
|-sideend|p1: TewMew|Toxic Spikes|[from] move: Defog|[of] p1a: Crobat
|
|-heal|p1a: Crobat|281\/373|[from] item: Black Sludge
|turn|12
|
|move|p1a: Crobat|U-turn|p2a: Nardis
|-resisted|p2a: Nardis
|-damage|p2a: Nardis|136\/333
|
|switch|p1a: Ampharos|Ampharos-Mega, F|265\/353 brn
|-ability|p1a: Ampharos|Mold Breaker
|move|p2a: Nardis|Pain Split|p1a: Ampharos
|-sethp|p1a: Ampharos|200\/353 brn|p2a: Nardis|200\/333|[from] move: Pain Split
|
|-damage|p1a: Ampharos|156\/353 brn|[from] brn
|turn|13
|
|switch|p2a: Lush Life|Celebi|279\/403
|move|p1a: Ampharos|Volt Switch|p2a: Lush Life
|-resisted|p2a: Lush Life
|-damage|p2a: Lush Life|217\/403
|
|switch|p1a: Krookodile|Krookodile, M|298\/331
|-ability|p1a: Krookodile|Intimidate|[of] p2a: Lush Life
|-unboost|p2a: Lush Life|atk|1
|
|-heal|p2a: Lush Life|242\/403|[from] item: Leftovers
|turn|14
|
|move|p1a: Krookodile|Pursuit|p2a: Lush Life|[from]Pursuit
|-supereffective|p2a: Lush Life
|-damage|p2a: Lush Life|0 fnt
|-damage|p1a: Krookodile|265\/331|[from] item: Life Orb
|faint|p2a: Lush Life
|
|
|switch|p2a: Body and Soul|Forretress, F|354\/354
|turn|15
|
|move|p1a: Krookodile|Knock Off|p2a: Body and Soul
|-damage|p2a: Body and Soul|237\/354
|-enditem|p2a: Body and Soul|Leftovers|[from] move: Knock Off|[of] p1a: Krookodile
|-damage|p1a: Krookodile|232\/331|[from] item: Life Orb
|move|p2a: Body and Soul|Spikes|p1a: Krookodile
|-sidestart|p1: TewMew|Spikes
|
|turn|16
|
|switch|p1a: Alomomola|Alomomola, F|533\/533
|-damage|p1a: Alomomola|467\/533|[from] Spikes
|move|p2a: Body and Soul|Spikes|p1a: Alomomola
|-sidestart|p1: TewMew|Spikes
|
|turn|17
|
|switch|p2a: My Foolish Heart|Blissey, F|657\/657
|move|p1a: Alomomola|Wish|p1a: Alomomola
|
|turn|18
|
|switch|p1a: Crobat|Crobat, F|281\/373
|move|p2a: My Foolish Heart|Seismic Toss|p1a: Crobat
|-damage|p1a: Crobat|181\/373
|
|-heal|p1a: Crobat|373\/373|[from] move: Wish|[wisher] Alomomola
|turn|19
|
|move|p1a: Crobat|Defog|p2a: My Foolish Heart
|-unboost|p2a: My Foolish Heart|evasion|1
|-sideend|p1: TewMew|Spikes|[from] move: Defog|[of] p1a: Crobat
|move|p2a: My Foolish Heart|Wish|p2a: My Foolish Heart
|
|turn|20
|
|switch|p2a: Nardis|Weezing, F|200\/333
|move|p1a: Crobat|U-turn|p2a: Nardis
|-resisted|p2a: Nardis
|-damage|p2a: Nardis|184\/333
|
|switch|p1a: Alomomola|Alomomola, F|533\/533
|
|-heal|p2a: Nardis|333\/333|[from] move: Wish|[wisher] My Foolish Heart
|turn|21
|
|switch|p2a: Blue in Green|Suicune|404\/404
|-ability|p2a: Blue in Green|Pressure
|move|p1a: Alomomola|Wish|p1a: Alomomola
|
|turn|22
|
|switch|p1a: Ampharos|Ampharos-Mega, F|156\/353 brn
|-ability|p1a: Ampharos|Mold Breaker
|move|p2a: Blue in Green|Roar|p1a: Ampharos
|drag|p1a: Snorlax|Snorlax, M|493\/493
|
|turn|23
|
|switch|p2a: Nardis|Weezing, F|333\/333
|switch|p1a: Alomomola|Alomomola, F|533\/533
|
|turn|24
|
|switch|p2a: Blue in Green|Suicune|404\/404
|-ability|p2a: Blue in Green|Pressure
|move|p1a: Alomomola|Scald|p2a: Blue in Green
|-resisted|p2a: Blue in Green
|-damage|p2a: Blue in Green|383\/404
|
|-heal|p2a: Blue in Green|404\/404|[from] item: Leftovers
|turn|25
|
|move|p2a: Blue in Green|Scald|p1a: Alomomola
|-resisted|p1a: Alomomola
|-damage|p1a: Alomomola|446\/533
|-status|p1a: Alomomola|brn
|move|p1a: Alomomola|Toxic|p2a: Blue in Green
|-status|p2a: Blue in Green|tox
|
|-damage|p2a: Blue in Green|379\/404 tox|[from] psn
|-damage|p1a: Alomomola|380\/533 brn|[from] brn
|turn|26
|
|move|p2a: Blue in Green|Scald|p1a: Alomomola
|-resisted|p1a: Alomomola
|-damage|p1a: Alomomola|305\/533 brn
|move|p1a: Alomomola|Wish|p1a: Alomomola
|
|-heal|p2a: Blue in Green|404\/404 tox|[from] item: Leftovers
|-damage|p2a: Blue in Green|354\/404 tox|[from] psn
|-damage|p1a: Alomomola|239\/533 brn|[from] brn
|turn|27
|
|move|p1a: Alomomola|Scald|p2a: Blue in Green
|-resisted|p2a: Blue in Green
|-damage|p2a: Blue in Green|334\/404 tox
|move|p2a: Blue in Green|Roar|p1a: Alomomola
|drag|p1a: Crobat|Crobat, F|373\/373
|
|-heal|p2a: Blue in Green|359\/404 tox|[from] item: Leftovers
|-damage|p2a: Blue in Green|284\/404 tox|[from] psn
|turn|28
|
|move|p1a: Crobat|U-turn|p2a: Blue in Green
|-damage|p2a: Blue in Green|246\/404 tox
|
|switch|p1a: Alomomola|Alomomola, F|416\/533 brn
|move|p2a: Blue in Green|Rest|p2a: Blue in Green
|-status|p2a: Blue in Green|slp
|-heal|p2a: Blue in Green|404\/404 slp|[silent]
|-status|p2a: Blue in Green|slp|[from] move: Rest
|
|-damage|p1a: Alomomola|350\/533 brn|[from] brn
|turn|29
|
|cant|p2a: Blue in Green|slp
|move|p2a: Blue in Green|Sleep Talk|p2a: Blue in Green
|move|p2a: Blue in Green|Scald|p1a: Alomomola|[from]Sleep Talk
|-resisted|p1a: Alomomola
|-damage|p1a: Alomomola|275\/533 brn
|move|p1a: Alomomola|Wish|p1a: Alomomola
|
|-damage|p1a: Alomomola|209\/533 brn|[from] brn
|turn|30
|
|switch|p1a: Ampharos|Ampharos-Mega, F|156\/353 brn
|-ability|p1a: Ampharos|Mold Breaker
|cant|p2a: Blue in Green|slp
|move|p2a: Blue in Green|Sleep Talk|p2a: Blue in Green
|move|p2a: Blue in Green|Roar|p1a: Ampharos|[from]Sleep Talk
|drag|p1a: Crobat|Crobat, F|373\/373
|
|turn|31
|
|move|p1a: Crobat|U-turn|p2a: Blue in Green
|-damage|p2a: Blue in Green|368\/404 slp
|
|switch|p1a: Alomomola|Alomomola, F|386\/533 brn
|-curestatus|p2a: Blue in Green|slp
|move|p2a: Blue in Green|Scald|p1a: Alomomola
|-resisted|p1a: Alomomola
|-damage|p1a: Alomomola|311\/533 brn
|
|-heal|p2a: Blue in Green|393\/404|[from] item: Leftovers
|-damage|p1a: Alomomola|245\/533 brn|[from] brn
|turn|32
|
|move|p2a: Blue in Green|Scald|p1a: Alomomola
|-resisted|p1a: Alomomola
|-damage|p1a: Alomomola|169\/533 brn
|move|p1a: Alomomola|Wish|p1a: Alomomola
|
|-heal|p2a: Blue in Green|404\/404|[from] item: Leftovers
|-damage|p1a: Alomomola|103\/533 brn|[from] brn
|turn|33
|
|move|p1a: Alomomola|Toxic|p2a: Blue in Green
|-status|p2a: Blue in Green|tox
|move|p2a: Blue in Green|Roar|p1a: Alomomola
|drag|p1a: Snorlax|Snorlax, M|493\/493
|
|-damage|p2a: Blue in Green|379\/404 tox|[from] psn
|turn|34
|
|switch|p2a: Body and Soul|Forretress, F|237\/354
|switch|p1a: Alomomola|Alomomola, F|280\/533 brn
|
|-damage|p1a: Alomomola|214\/533 brn|[from] brn
|turn|35
|
|switch|p2a: Blue in Green|Suicune|379\/404 tox
|-ability|p2a: Blue in Green|Pressure
|move|p1a: Alomomola|Wish|p1a: Alomomola
|
|-heal|p2a: Blue in Green|404\/404 tox|[from] item: Leftovers
|-damage|p2a: Blue in Green|379\/404 tox|[from] psn
|-damage|p1a: Alomomola|148\/533 brn|[from] brn
|turn|36
|
|move|p1a: Alomomola|Scald|p2a: Blue in Green
|-resisted|p2a: Blue in Green
|-damage|p2a: Blue in Green|357\/404 tox
|move|p2a: Blue in Green|Roar|p1a: Alomomola
|drag|p1a: Snorlax|Snorlax, M|493\/493
|
|-heal|p2a: Blue in Green|382\/404 tox|[from] item: Leftovers
|-damage|p2a: Blue in Green|332\/404 tox|[from] psn
|turn|37
|
|switch|p1a: Alomomola|Alomomola, F|325\/533 brn
|move|p2a: Blue in Green|Scald|p1a: Alomomola
|-resisted|p1a: Alomomola
|-damage|p1a: Alomomola|250\/533 brn
|
|-heal|p2a: Blue in Green|357\/404 tox|[from] item: Leftovers
|-damage|p2a: Blue in Green|282\/404 tox|[from] psn
|-damage|p1a: Alomomola|184\/533 brn|[from] brn
|turn|38
|
|move|p2a: Blue in Green|Scald|p1a: Alomomola
|-resisted|p1a: Alomomola
|-damage|p1a: Alomomola|100\/533 brn
|move|p1a: Alomomola|Wish|p1a: Alomomola
|
|-heal|p2a: Blue in Green|307\/404 tox|[from] item: Leftovers
|-damage|p2a: Blue in Green|207\/404 tox|[from] psn
|-damage|p1a: Alomomola|34\/533 brn|[from] brn
|turn|39
|
|move|p1a: Alomomola|Protect|p1a: Alomomola
|-singleturn|p1a: Alomomola|Protect
|move|p2a: Blue in Green|Roar|p1a: Alomomola
|drag|p1a: Ampharos|Ampharos-Mega, F|156\/353 brn
|-ability|p1a: Ampharos|Mold Breaker
|
|-heal|p1a: Ampharos|353\/353 brn|[from] move: Wish|[wisher] Alomomola
|-heal|p2a: Blue in Green|232\/404 tox|[from] item: Leftovers
|-damage|p2a: Blue in Green|107\/404 tox|[from] psn
|-damage|p1a: Ampharos|309\/353 brn|[from] brn
|turn|40
|
|switch|p2a: My Foolish Heart|Blissey, F|657\/657
|move|p1a: Ampharos|Volt Switch|p2a: My Foolish Heart
|-damage|p2a: My Foolish Heart|552\/657
|
|switch|p1a: Krookodile|Krookodile, M|232\/331
|-ability|p1a: Krookodile|Intimidate|[of] p2a: My Foolish Heart
|-unboost|p2a: My Foolish Heart|atk|1
|
|-heal|p2a: My Foolish Heart|593\/657|[from] item: Leftovers
|turn|41
|
|move|p1a: Krookodile|Pursuit|p2a: My Foolish Heart
|-damage|p2a: My Foolish Heart|429\/657
|-damage|p1a: Krookodile|199\/331|[from] item: Life Orb
|move|p2a: My Foolish Heart|Toxic|p1a: Krookodile
|-status|p1a: Krookodile|tox
|
|-heal|p2a: My Foolish Heart|470\/657|[from] item: Leftovers
|-damage|p1a: Krookodile|179\/331 tox|[from] psn
|turn|42
|
|move|p2a: My Foolish Heart|Protect|p2a: My Foolish Heart
|-singleturn|p2a: My Foolish Heart|Protect
|move|p1a: Krookodile|Knock Off|p2a: My Foolish Heart
|-activate|p2a: My Foolish Heart|Protect
|
|-heal|p2a: My Foolish Heart|511\/657|[from] item: Leftovers
|-damage|p1a: Krookodile|139\/331 tox|[from] psn
|turn|43
|
|move|p1a: Krookodile|Pursuit|p2a: My Foolish Heart
|-damage|p2a: My Foolish Heart|342\/657
|-damage|p1a: Krookodile|106\/331 tox|[from] item: Life Orb
|move|p2a: My Foolish Heart|Seismic Toss|p1a: Krookodile
|-damage|p1a: Krookodile|6\/331 tox
|
|-heal|p2a: My Foolish Heart|383\/657|[from] item: Leftovers
|-damage|p1a: Krookodile|0 fnt|[from] psn
|faint|p1a: Krookodile
|
|switch|p1a: Whimsicott|Whimsicott, M|323\/323
|turn|44
|
|move|p2a: My Foolish Heart|Protect|p2a: My Foolish Heart
|-singleturn|p2a: My Foolish Heart|Protect
|move|p1a: Whimsicott|Leech Seed|p2a: My Foolish Heart
|-activate|p2a: My Foolish Heart|Protect
|
|-heal|p2a: My Foolish Heart|424\/657|[from] item: Leftovers
|turn|45
|
|move|p1a: Whimsicott|Leech Seed|p2a: My Foolish Heart
|-start|p2a: My Foolish Heart|move: Leech Seed
|move|p2a: My Foolish Heart|Toxic|p1a: Whimsicott
|-status|p1a: Whimsicott|tox
|
|-heal|p2a: My Foolish Heart|465\/657|[from] item: Leftovers
|-damage|p2a: My Foolish Heart|383\/657|[from] Leech Seed|[of] p1a: Whimsicott
|-damage|p1a: Whimsicott|303\/323 tox|[from] psn
|turn|46
|join|Kek I'm Bad
|
|switch|p2a: Nardis|Weezing, F|333\/333
|move|p1a: Whimsicott|U-turn|p2a: Nardis
|-resisted|p2a: Nardis
|-damage|p2a: Nardis|320\/333
|
|switch|p1a: Ampharos|Ampharos-Mega, F|309\/353 brn
|-ability|p1a: Ampharos|Mold Breaker
|
|-damage|p1a: Ampharos|265\/353 brn|[from] brn
|turn|47
|
|switch|p2a: My Foolish Heart|Blissey, F|383\/657
|move|p1a: Ampharos|Focus Blast|p2a: My Foolish Heart|[miss]
|-miss|p1a: Ampharos|p2a: My Foolish Heart
|
|-heal|p2a: My Foolish Heart|424\/657|[from] item: Leftovers
|-damage|p1a: Ampharos|221\/353 brn|[from] brn
|turn|48
|c| Kek I'm Bad|kek
|c| Kek I'm Bad|:[
|
|switch|p1a: Whimsicott|Whimsicott, M|303\/323 tox
|move|p2a: My Foolish Heart|Wish|p2a: My Foolish Heart
|
|-heal|p1a: Whimsicott|323\/323 tox|[from] item: Leftovers
|-heal|p2a: My Foolish Heart|465\/657|[from] item: Leftovers
|-damage|p1a: Whimsicott|303\/323 tox|[from] psn
|turn|49
|c| Kek I'm Bad|all ur hard work
|c| Kek I'm Bad|undone
|c| Kek I'm Bad|alas
|
|move|p1a: Whimsicott|Leech Seed|p2a: My Foolish Heart
|-start|p2a: My Foolish Heart|move: Leech Seed
|move|p2a: My Foolish Heart|Seismic Toss|p1a: Whimsicott
|-damage|p1a: Whimsicott|203\/323 tox
|
|-heal|p2a: My Foolish Heart|657\/657|[from] move: Wish|[wisher] My Foolish Heart
|-heal|p1a: Whimsicott|223\/323 tox|[from] item: Leftovers
|-damage|p2a: My Foolish Heart|575\/657|[from] Leech Seed|[of] p1a: Whimsicott
|-heal|p1a: Whimsicott|305\/323 tox|[silent]
|-damage|p1a: Whimsicott|265\/323 tox|[from] psn
|turn|50
|
|switch|p2a: Nardis|Weezing, F|320\/333
|move|p1a: Whimsicott|U-turn|p2a: Nardis
|-resisted|p2a: Nardis
|-damage|p2a: Nardis|309\/333
|
|switch|p1a: Ampharos|Ampharos-Mega, F|221\/353 brn
|-ability|p1a: Ampharos|Mold Breaker
|
|-damage|p1a: Ampharos|177\/353 brn|[from] brn
|turn|51
|
|switch|p2a: Bitches Brew|Spiritomb, M|304\/304
|move|p1a: Ampharos|Volt Switch|p2a: Bitches Brew
|-damage|p2a: Bitches Brew|186\/304
|
|switch|p1a: Crobat|Crobat, F|373\/373
|
|-heal|p2a: Bitches Brew|205\/304|[from] item: Leftovers
|turn|52
|
|move|p1a: Crobat|Brave Bird|p2a: Bitches Brew
|-damage|p2a: Bitches Brew|72\/304
|-damage|p1a: Crobat|329\/373|[from] recoil|[of] p2a: Bitches Brew
|move|p2a: Bitches Brew|Will-O-Wisp|p1a: Crobat
|-status|p1a: Crobat|brn
|
|-heal|p1a: Crobat|352\/373 brn|[from] item: Black Sludge
|-heal|p2a: Bitches Brew|91\/304|[from] item: Leftovers
|-damage|p1a: Crobat|306\/373 brn|[from] brn
|turn|53
|
|move|p1a: Crobat|U-turn|p2a: Bitches Brew
|-damage|p2a: Bitches Brew|65\/304
|leave|Kek I'm Bad
|
|switch|p1a: Whimsicott|Whimsicott, M|265\/323 tox
|move|p2a: Bitches Brew|Rest|p2a: Bitches Brew
|-status|p2a: Bitches Brew|slp
|-heal|p2a: Bitches Brew|304\/304 slp|[silent]
|-status|p2a: Bitches Brew|slp|[from] move: Rest
|
|-heal|p1a: Whimsicott|285\/323 tox|[from] item: Leftovers
|-damage|p1a: Whimsicott|265\/323 tox|[from] psn
|turn|54
|
|switch|p2a: Nardis|Weezing, F|309\/333
|move|p1a: Whimsicott|Leech Seed|p2a: Nardis
|-start|p2a: Nardis|move: Leech Seed
|
|-heal|p1a: Whimsicott|285\/323 tox|[from] item: Leftovers
|-damage|p2a: Nardis|268\/333|[from] Leech Seed|[of] p1a: Whimsicott
|-heal|p1a: Whimsicott|323\/323 tox|[silent]
|-damage|p1a: Whimsicott|283\/323 tox|[from] psn
|turn|55
|
|switch|p2a: My Foolish Heart|Blissey, F|575\/657
|move|p1a: Whimsicott|U-turn|p2a: My Foolish Heart
|-damage|p2a: My Foolish Heart|514\/657
|
|switch|p1a: Alomomola|Alomomola, F|211\/533 brn
|
|-heal|p2a: My Foolish Heart|555\/657|[from] item: Leftovers
|-damage|p1a: Alomomola|145\/533 brn|[from] brn
|turn|56
|
|switch|p1a: Snorlax|Snorlax, M|493\/493
|move|p2a: My Foolish Heart|Seismic Toss|p1a: Snorlax
|-damage|p1a: Snorlax|393\/493
|
|-heal|p2a: My Foolish Heart|596\/657|[from] item: Leftovers
|-heal|p1a: Snorlax|423\/493|[from] item: Leftovers
|turn|57
|
|switch|p2a: Blue in Green|Suicune|107\/404 tox
|-ability|p2a: Blue in Green|Pressure
|switch|p1a: Whimsicott|Whimsicott, M|283\/323 tox
|
|-heal|p1a: Whimsicott|303\/323 tox|[from] item: Leftovers
|-heal|p2a: Blue in Green|132\/404 tox|[from] item: Leftovers
|-damage|p1a: Whimsicott|283\/323 tox|[from] psn
|-damage|p2a: Blue in Green|107\/404 tox|[from] psn
|turn|58
|
|switch|p2a: Nardis|Weezing, F|268\/333
|move|p1a: Whimsicott|Leech Seed|p2a: Nardis|[miss]
|-miss|p1a: Whimsicott|p2a: Nardis
|
|-heal|p1a: Whimsicott|303\/323 tox|[from] item: Leftovers
|-damage|p1a: Whimsicott|263\/323 tox|[from] psn
|turn|59
|
|move|p1a: Whimsicott|U-turn|p2a: Nardis
|-resisted|p2a: Nardis
|-damage|p2a: Nardis|257\/333
|
|switch|p1a: Crobat|Crobat, F|306\/373 brn
|move|p2a: Nardis|Fire Blast|p1a: Crobat
|-damage|p1a: Crobat|206\/373 brn
|
|-heal|p1a: Crobat|229\/373 brn|[from] item: Black Sludge
|-damage|p1a: Crobat|183\/373 brn|[from] brn
|turn|60
|
|switch|p2a: My Foolish Heart|Blissey, F|596\/657
|move|p1a: Crobat|Roost|p1a: Crobat
|-heal|p1a: Crobat|370\/373 brn
|
|-heal|p1a: Crobat|373\/373 brn|[from] item: Black Sludge
|-heal|p2a: My Foolish Heart|637\/657|[from] item: Leftovers
|-damage|p1a: Crobat|327\/373 brn|[from] brn
|turn|61
|
|switch|p1a: Snorlax|Snorlax, M|423\/493
|move|p2a: My Foolish Heart|Wish|p2a: My Foolish Heart
|
|-heal|p2a: My Foolish Heart|657\/657|[from] item: Leftovers
|-heal|p1a: Snorlax|453\/493|[from] item: Leftovers
|turn|62
|
|switch|p2a: Blue in Green|Suicune|107\/404 tox
|-ability|p2a: Blue in Green|Pressure
|move|p1a: Snorlax|Frustration|p2a: Blue in Green
|-damage|p2a: Blue in Green|22\/404 tox
|
|-heal|p2a: Blue in Green|350\/404 tox|[from] move: Wish|[wisher] My Foolish Heart
|-heal|p2a: Blue in Green|375\/404 tox|[from] item: Leftovers
|-heal|p1a: Snorlax|483\/493|[from] item: Leftovers
|-damage|p2a: Blue in Green|350\/404 tox|[from] psn
|turn|63
|
|switch|p2a: Nardis|Weezing, F|257\/333
|switch|p1a: Alomomola|Alomomola, F|322\/533 brn
|
|-damage|p1a: Alomomola|256\/533 brn|[from] brn
|turn|64
|
|switch|p2a: My Foolish Heart|Blissey, F|657\/657
|move|p1a: Alomomola|Wish|p1a: Alomomola
|
|-damage|p1a: Alomomola|190\/533 brn|[from] brn
|turn|65
|
|switch|p1a: Ampharos|Ampharos-Mega, F|177\/353 brn
|-ability|p1a: Ampharos|Mold Breaker
|move|p2a: My Foolish Heart|Seismic Toss|p1a: Ampharos
|-damage|p1a: Ampharos|77\/353 brn
|
|-heal|p1a: Ampharos|343\/353 brn|[from] move: Wish|[wisher] Alomomola
|-damage|p1a: Ampharos|299\/353 brn|[from] brn
|turn|66
|
|move|p1a: Ampharos|Volt Switch|p2a: My Foolish Heart
|-damage|p2a: My Foolish Heart|545\/657
|
|switch|p1a: Alomomola|Alomomola, F|367\/533 brn
|move|p2a: My Foolish Heart|Seismic Toss|p1a: Alomomola
|-damage|p1a: Alomomola|267\/533 brn
|-damage|p2a: My Foolish Heart|436\/657|[from] item: Rocky Helmet|[of] p1a: Alomomola
|
|-heal|p2a: My Foolish Heart|477\/657|[from] item: Leftovers
|-damage|p1a: Alomomola|201\/533 brn|[from] brn
|turn|67
|
|switch|p1a: Snorlax|Snorlax, M|483\/493
|move|p2a: My Foolish Heart|Seismic Toss|p1a: Snorlax
|-damage|p1a: Snorlax|383\/493
|
|-heal|p2a: My Foolish Heart|518\/657|[from] item: Leftovers
|-heal|p1a: Snorlax|413\/493|[from] item: Leftovers
|turn|68
|
|switch|p2a: Nardis|Weezing, F|257\/333
|switch|p1a: Alomomola|Alomomola, F|378\/533 brn
|
|-damage|p1a: Alomomola|312\/533 brn|[from] brn
|turn|69
|
|switch|p2a: My Foolish Heart|Blissey, F|518\/657
|move|p1a: Alomomola|Scald|p2a: My Foolish Heart
|-damage|p2a: My Foolish Heart|488\/657
|
|-heal|p2a: My Foolish Heart|529\/657|[from] item: Leftovers
|-damage|p1a: Alomomola|246\/533 brn|[from] brn
|turn|70
|
|move|p1a: Alomomola|Toxic|p2a: My Foolish Heart
|-status|p2a: My Foolish Heart|tox
|move|p2a: My Foolish Heart|Seismic Toss|p1a: Alomomola
|-damage|p1a: Alomomola|146\/533 brn
|-damage|p2a: My Foolish Heart|420\/657 tox|[from] item: Rocky Helmet|[of] p1a: Alomomola
|
|-heal|p2a: My Foolish Heart|461\/657 tox|[from] item: Leftovers
|-damage|p1a: Alomomola|80\/533 brn|[from] brn
|-damage|p2a: My Foolish Heart|420\/657 tox|[from] psn
|turn|71
|
|switch|p1a: Ampharos|Ampharos-Mega, F|299\/353 brn
|-ability|p1a: Ampharos|Mold Breaker
|move|p2a: My Foolish Heart|Toxic|p1a: Ampharos
|-fail|p1a: Ampharos
|
|-heal|p2a: My Foolish Heart|461\/657 tox|[from] item: Leftovers
|-damage|p1a: Ampharos|255\/353 brn|[from] brn
|-damage|p2a: My Foolish Heart|379\/657 tox|[from] psn
|turn|72
|
|move|p1a: Ampharos|Thunderbolt|p2a: My Foolish Heart
|-damage|p2a: My Foolish Heart|249\/657 tox
|move|p2a: My Foolish Heart|Wish|p2a: My Foolish Heart
|
|-heal|p2a: My Foolish Heart|290\/657 tox|[from] item: Leftovers
|-damage|p1a: Ampharos|211\/353 brn|[from] brn
|-damage|p2a: My Foolish Heart|167\/657 tox|[from] psn
|turn|73
|
|move|p2a: My Foolish Heart|Protect|p2a: My Foolish Heart
|-singleturn|p2a: My Foolish Heart|Protect
|move|p1a: Ampharos|Thunderbolt|p2a: My Foolish Heart
|-activate|p2a: My Foolish Heart|Protect
|
|-heal|p2a: My Foolish Heart|495\/657 tox|[from] move: Wish|[wisher] My Foolish Heart
|-heal|p2a: My Foolish Heart|536\/657 tox|[from] item: Leftovers
|-damage|p1a: Ampharos|167\/353 brn|[from] brn
|-damage|p2a: My Foolish Heart|372\/657 tox|[from] psn
|turn|74
|
|switch|p2a: Bitches Brew|Spiritomb, M|304\/304 slp
|move|p1a: Ampharos|Thunderbolt|p2a: Bitches Brew
|-damage|p2a: Bitches Brew|156\/304 slp
|
|-heal|p2a: Bitches Brew|175\/304 slp|[from] item: Leftovers
|-damage|p1a: Ampharos|123\/353 brn|[from] brn
|turn|75
|
|move|p1a: Ampharos|Volt Switch|p2a: Bitches Brew
|-damage|p2a: Bitches Brew|72\/304 slp
|
|switch|p1a: Whimsicott|Whimsicott, M|263\/323 tox
|cant|p2a: Bitches Brew|slp
|move|p2a: Bitches Brew|Sleep Talk|p2a: Bitches Brew
|move|p2a: Bitches Brew|Rest|p2a: Bitches Brew|[from]Sleep Talk
|-fail|p2a: Bitches Brew
|
|-heal|p1a: Whimsicott|283\/323 tox|[from] item: Leftovers
|-heal|p2a: Bitches Brew|91\/304 slp|[from] item: Leftovers
|-damage|p1a: Whimsicott|263\/323 tox|[from] psn
|turn|76
|
|switch|p2a: Body and Soul|Forretress, F|237\/354
|move|p1a: Whimsicott|Leech Seed|p2a: Body and Soul
|-start|p2a: Body and Soul|move: Leech Seed
|
|-heal|p1a: Whimsicott|283\/323 tox|[from] item: Leftovers
|-damage|p2a: Body and Soul|193\/354|[from] Leech Seed|[of] p1a: Whimsicott
|-heal|p1a: Whimsicott|323\/323 tox|[silent]
|-damage|p1a: Whimsicott|283\/323 tox|[from] psn
|turn|77
|
|switch|p1a: Crobat|Crobat, F|327\/373 brn
|move|p2a: Body and Soul|Spikes|p1a: Crobat
|-sidestart|p1: TewMew|Spikes
|
|-heal|p1a: Crobat|350\/373 brn|[from] item: Black Sludge
|-damage|p2a: Body and Soul|149\/354|[from] Leech Seed|[of] p1a: Crobat
|-heal|p1a: Crobat|373\/373 brn|[silent]
|-damage|p1a: Crobat|327\/373 brn|[from] brn
|turn|78
|
|switch|p2a: My Foolish Heart|Blissey, F|372\/657
|move|p1a: Crobat|Defog|p2a: My Foolish Heart
|-unboost|p2a: My Foolish Heart|evasion|1
|-sideend|p1: TewMew|Spikes|[from] move: Defog|[of] p1a: Crobat
|
|-heal|p1a: Crobat|350\/373 brn|[from] item: Black Sludge
|-heal|p2a: My Foolish Heart|413\/657|[from] item: Leftovers
|-damage|p1a: Crobat|304\/373 brn|[from] brn
|turn|79
|
|move|p1a: Crobat|U-turn|p2a: My Foolish Heart
|-damage|p2a: My Foolish Heart|367\/657
|
|switch|p1a: Alomomola|Alomomola, F|257\/533 brn
|move|p2a: My Foolish Heart|Seismic Toss|p1a: Alomomola
|-damage|p1a: Alomomola|157\/533 brn
|-damage|p2a: My Foolish Heart|258\/657|[from] item: Rocky Helmet|[of] p1a: Alomomola
|
|-heal|p2a: My Foolish Heart|299\/657|[from] item: Leftovers
|-damage|p1a: Alomomola|91\/533 brn|[from] brn
|turn|80
|
|switch|p1a: Snorlax|Snorlax, M|413\/493
|move|p2a: My Foolish Heart|Seismic Toss|p1a: Snorlax
|-damage|p1a: Snorlax|313\/493
|
|-heal|p2a: My Foolish Heart|340\/657|[from] item: Leftovers
|-heal|p1a: Snorlax|343\/493|[from] item: Leftovers
|turn|81
|
|switch|p2a: Blue in Green|Suicune|350\/404 tox
|-ability|p2a: Blue in Green|Pressure
|move|p1a: Snorlax|Frustration|p2a: Blue in Green
|-damage|p2a: Blue in Green|272\/404 tox
|
|-heal|p2a: Blue in Green|297\/404 tox|[from] item: Leftovers
|-heal|p1a: Snorlax|373\/493|[from] item: Leftovers
|-damage|p2a: Blue in Green|272\/404 tox|[from] psn
|turn|82
|
|switch|p1a: Alomomola|Alomomola, F|268\/533 brn
|move|p2a: Blue in Green|Rest|p2a: Blue in Green
|-status|p2a: Blue in Green|slp
|-heal|p2a: Blue in Green|404\/404 slp|[silent]
|-status|p2a: Blue in Green|slp|[from] move: Rest
|
|-damage|p1a: Alomomola|202\/533 brn|[from] brn
|turn|83
|
|cant|p2a: Blue in Green|slp
|move|p2a: Blue in Green|Sleep Talk|p2a: Blue in Green
|move|p2a: Blue in Green|Scald|p1a: Alomomola|[from]Sleep Talk
|-resisted|p1a: Alomomola
|-damage|p1a: Alomomola|118\/533 brn
|move|p1a: Alomomola|Wish|p1a: Alomomola
|
|-damage|p1a: Alomomola|52\/533 brn|[from] brn
|turn|84
|
|switch|p1a: Ampharos|Ampharos-Mega, F|123\/353 brn
|-ability|p1a: Ampharos|Mold Breaker
|cant|p2a: Blue in Green|slp
|move|p2a: Blue in Green|Sleep Talk|p2a: Blue in Green
|move|p2a: Blue in Green|Rest|p2a: Blue in Green|[from]Sleep Talk
|-fail|p2a: Blue in Green
|
|-heal|p1a: Ampharos|353\/353 brn|[from] move: Wish|[wisher] Alomomola
|-damage|p1a: Ampharos|309\/353 brn|[from] brn
|turn|85
|
|switch|p2a: My Foolish Heart|Blissey, F|340\/657
|move|p1a: Ampharos|Focus Blast|p2a: My Foolish Heart
|-crit|p2a: My Foolish Heart
|-supereffective|p2a: My Foolish Heart
|-damage|p2a: My Foolish Heart|0 fnt
|faint|p2a: My Foolish Heart
|
|-damage|p1a: Ampharos|265\/353 brn|[from] brn
|
|switch|p2a: Bitches Brew|Spiritomb, M|91\/304 slp
|turn|86
|
|move|p1a: Ampharos|Thunderbolt|p2a: Bitches Brew
|-damage|p2a: Bitches Brew|0 fnt
|faint|p2a: Bitches Brew
|
|-damage|p1a: Ampharos|221\/353 brn|[from] brn
|
|switch|p2a: Body and Soul|Forretress, F|149\/354
|turn|87
|
|move|p1a: Ampharos|Thunderbolt|p2a: Body and Soul
|-damage|p2a: Body and Soul|0 fnt
|faint|p2a: Body and Soul
|
|-damage|p1a: Ampharos|177\/353 brn|[from] brn
|
|switch|p2a: Blue in Green|Suicune|404\/404 slp
|-ability|p2a: Blue in Green|Pressure
|turn|88
|
|-curestatus|p2a: Blue in Green|slp
|move|p2a: Blue in Green|Scald|p1a: Ampharos
|-resisted|p1a: Ampharos
|-damage|p1a: Ampharos|138\/353 brn
|move|p1a: Ampharos|Thunderbolt|p2a: Blue in Green
|-supereffective|p2a: Blue in Green
|-damage|p2a: Blue in Green|20\/404
|
|-heal|p2a: Blue in Green|45\/404|[from] item: Leftovers
|-damage|p1a: Ampharos|94\/353 brn|[from] brn
|turn|89
|
|move|p2a: Blue in Green|Rest|p2a: Blue in Green
|-status|p2a: Blue in Green|slp
|-heal|p2a: Blue in Green|404\/404 slp|[silent]
|-status|p2a: Blue in Green|slp|[from] move: Rest
|move|p1a: Ampharos|Thunderbolt|p2a: Blue in Green
|-supereffective|p2a: Blue in Green
|-damage|p2a: Blue in Green|38\/404 slp
|
|-heal|p2a: Blue in Green|63\/404 slp|[from] item: Leftovers
|-damage|p1a: Ampharos|50\/353 brn|[from] brn
|turn|90
|
|switch|p2a: Nardis|Weezing, F|257\/333
|move|p1a: Ampharos|Thunderbolt|p2a: Nardis
|-damage|p2a: Nardis|0 fnt
|faint|p2a: Nardis
|
|-damage|p1a: Ampharos|6\/353 brn|[from] brn
|c|âTewMew|gg
|
|switch|p2a: Blue in Green|Suicune|63\/404 slp
|-ability|p2a: Blue in Green|Pressure
|turn|91
|c|âoh no oh no|gg
|
|cant|p2a: Blue in Green|slp
|move|p2a: Blue in Green|Sleep Talk|p2a: Blue in Green
|move|p2a: Blue in Green|Roar|p1a: Ampharos|[from]Sleep Talk
|drag|p1a: Alomomola|Alomomola, F|229\/533 brn
|
|-heal|p2a: Blue in Green|88\/404 slp|[from] item: Leftovers
|-damage|p1a: Alomomola|163\/533 brn|[from] brn
|turn|92
|
|switch|p1a: Whimsicott|Whimsicott, M|283\/323 tox
|cant|p2a: Blue in Green|slp
|move|p2a: Blue in Green|Sleep Talk|p2a: Blue in Green
|move|p2a: Blue in Green|Scald|p1a: Whimsicott|[from]Sleep Talk
|-resisted|p1a: Whimsicott
|-damage|p1a: Whimsicott|230\/323 tox
|
|-heal|p1a: Whimsicott|250\/323 tox|[from] item: Leftovers
|-heal|p2a: Blue in Green|113\/404 slp|[from] item: Leftovers
|-damage|p1a: Whimsicott|230\/323 tox|[from] psn
|turn|93
|
|move|p1a: Whimsicott|Encore|p2a: Blue in Green
|-start|p2a: Blue in Green|Encore
|-curestatus|p2a: Blue in Green|slp
|move|p2a: Blue in Green|Sleep Talk|p2a: Blue in Green
|-fail|p2a: Blue in Green
|
|-heal|p1a: Whimsicott|250\/323 tox|[from] item: Leftovers
|-heal|p2a: Blue in Green|138\/404|[from] item: Leftovers
|-damage|p1a: Whimsicott|210\/323 tox|[from] psn
|turn|94
|
|move|p1a: Whimsicott|Leech Seed|p2a: Blue in Green
|-start|p2a: Blue in Green|move: Leech Seed
|move|p2a: Blue in Green|Sleep Talk|p2a: Blue in Green
|-fail|p2a: Blue in Green
|
|-heal|p1a: Whimsicott|230\/323 tox|[from] item: Leftovers
|-heal|p2a: Blue in Green|163\/404|[from] item: Leftovers
|-damage|p2a: Blue in Green|113\/404|[from] Leech Seed|[of] p1a: Whimsicott
|-heal|p1a: Whimsicott|280\/323 tox|[silent]
|-damage|p1a: Whimsicott|220\/323 tox|[from] psn
|turn|95
|
|move|p1a: Whimsicott|Moonblast|p2a: Blue in Green
|-damage|p2a: Blue in Green|31\/404
|move|p2a: Blue in Green|Sleep Talk|p2a: Blue in Green
|-fail|p2a: Blue in Green
|
|-heal|p1a: Whimsicott|240\/323 tox|[from] item: Leftovers
|-heal|p2a: Blue in Green|56\/404|[from] item: Leftovers
|-damage|p2a: Blue in Green|6\/404|[from] Leech Seed|[of] p1a: Whimsicott
|-heal|p1a: Whimsicott|290\/323 tox|[silent]
|-damage|p1a: Whimsicott|210\/323 tox|[from] psn
|-end|p2a: Blue in Green|Encore
|turn|96
|
|move|p1a: Whimsicott|Moonblast|p2a: Blue in Green
|-damage|p2a: Blue in Green|0 fnt
|faint|p2a: Blue in Green
|
|win|TewMew
|raw|Ladder updating...
|raw|TewMew's rating: 1768 &rarr; <strong>1781<\/strong><br \/>(+13 for winning)
|raw|oh no oh no's rating: 1654 &rarr; <strong>1641<\/strong><br \/>(-13 for losing)
|leave|oh no oh no
|player|p2
|join|Zhaf
|leave|Zhaf