|join|oh no oh no
|join|pokemonisfun
|player|p1|oh no oh no|157
|player|p2|pokemonisfun|184
|gametype|singles
|gen|6
|tier|UU
|rated
|rule|Sleep Clause Mod: Limit one foe put to sleep
|rule|Species Clause: Limit one of each PokÃ©mon
|rule|OHKO Clause: OHKO moves are banned
|rule|Moody Clause: Moody is banned
|rule|Evasion Moves Clause: Evasion moves are banned
|rule|Endless Battle Clause: Forcing endless battles is banned
|rule|HP Percentage Mod: HP is shown in percentages
|clearpoke
|poke|p1|Weezing, M
|poke|p1|Forretress, M
|poke|p1|Suicune
|poke|p1|Celebi
|poke|p1|Blissey, F
|poke|p1|Spiritomb, F
|poke|p2|Zygarde
|poke|p2|Yanmega, M
|poke|p2|Espeon, M
|poke|p2|Nidoqueen, F
|poke|p2|Whimsicott, F
|poke|p2|Suicune
|rule|Swagger Clause: Swagger is banned
|rule|Baton Pass Clause: Limit one PokÃ©mon knowing Baton Pass
|teampreview
|c|âpokemonisfun|fcking stll team
|c|âoh no oh no|(:
|
|start
|switch|p1a: m9|Forretress, M|354\/354
|switch|p2a: Nidoqueen|Nidoqueen, F|321\/321
|turn|1
|
|move|p2a: Nidoqueen|Earth Power|p1a: m9
|-damage|p1a: m9|50\/354
|move|p1a: m9|Spikes|p2a: Nidoqueen
|-sidestart|p2: pokemonisfun|Spikes
|
|-heal|p1a: m9|72\/354|[from] item: Leftovers
|turn|2
|
|switch|p1a: m9|Blissey, F|657\/657
|move|p2a: Nidoqueen|Stealth Rock|p1a: m9
|-sidestart|p1: oh no oh no|move: Stealth Rock
|
|turn|3
|
|switch|p2a: Suicune|Suicune|404\/404
|-damage|p2a: Suicune|354\/404|[from] Spikes
|-ability|p2a: Suicune|Pressure
|move|p1a: m9|Toxic|p2a: Suicune
|-status|p2a: Suicune|tox
|
|-heal|p2a: Suicune|379\/404 tox|[from] item: Leftovers
|-damage|p2a: Suicune|354\/404 tox|[from] psn
|turn|4
|
|switch|p1a: m8|Celebi|403\/403
|-damage|p1a: m8|353\/403|[from] Stealth Rock
|move|p2a: Suicune|Scald|p1a: m8
|-resisted|p1a: m8
|-damage|p1a: m8|323\/403
|
|-heal|p1a: m8|348\/403|[from] item: Leftovers
|-heal|p2a: Suicune|379\/404 tox|[from] item: Leftovers
|-damage|p2a: Suicune|329\/404 tox|[from] psn
|turn|5
|
|switch|p2a: Espeon|Espeon, M|271\/271
|-damage|p2a: Espeon|238\/271|[from] Spikes
|move|p1a: m8|Stealth Rock|p2a: Espeon
|move|p2a: Espeon|Stealth Rock|p1a: m8|[from]Magic Bounce
|-fail|p1a: m8
|
|-heal|p1a: m8|373\/403|[from] item: Leftovers
|turn|6
|
|move|p2a: Espeon|Baton Pass|p2a: Espeon
|
|switch|p2a: Yanmega|Yanmega, M|313\/313
|move|p1a: m8|Perish Song|p1a: m8
|-fieldactivate|move: Perish Song
|
|-start|p2a: Yanmega|perish3
|-start|p1a: m8|perish3
|-heal|p1a: m8|398\/403|[from] item: Leftovers
|turn|7
|
|switch|p2a: Espeon|Espeon, M|238\/271
|-damage|p2a: Espeon|205\/271|[from] Spikes
|switch|p1a: m9|Blissey, F|657\/657
|-damage|p1a: m9|575\/657|[from] Stealth Rock
|
|-heal|p1a: m9|616\/657|[from] item: Leftovers
|turn|8
|
|move|p2a: Espeon|Psyshock|p1a: m9
|-damage|p1a: m9|268\/657
|-damage|p2a: Espeon|178\/271|[from] item: Life Orb
|move|p1a: m9|Seismic Toss|p2a: Espeon
|-damage|p2a: Espeon|78\/271
|
|-heal|p1a: m9|309\/657|[from] item: Leftovers
|turn|9
|
|switch|p1a: m8|Spiritomb, F|304\/304
|-damage|p1a: m8|266\/304|[from] Stealth Rock
|move|p2a: Espeon|Psyshock|p1a: m8
|-immune|p1a: m8|[msg]
|
|-heal|p1a: m8|285\/304|[from] item: Leftovers
|turn|10
|
|move|p2a: Espeon|Dazzling Gleam|p1a: m8
|-supereffective|p1a: m8
|-damage|p1a: m8|113\/304
|-damage|p2a: Espeon|51\/271|[from] item: Life Orb
|move|p1a: m8|Foul Play|p2a: Espeon
|-supereffective|p2a: Espeon
|-damage|p2a: Espeon|0 fnt
|faint|p2a: Espeon
|
|-heal|p1a: m8|132\/304|[from] item: Leftovers
|
|switch|p2a: Whimsicott|Whimsicott, F|261\/261
|-damage|p2a: Whimsicott|229\/261|[from] Spikes
|turn|11
|
|move|p2a: Whimsicott|U-turn|p1a: m8
|-damage|p1a: m8|89\/304
|-damage|p2a: Whimsicott|203\/261|[from] item: Life Orb
|
|switch|p2a: Nidoqueen|Nidoqueen, F|321\/321
|-damage|p2a: Nidoqueen|281\/321|[from] Spikes
|move|p1a: m8|Rest|p1a: m8
|-status|p1a: m8|slp
|-heal|p1a: m8|304\/304 slp|[silent]
|-status|p1a: m8|slp|[from] move: Rest
|
|turn|12
|
|move|p2a: Nidoqueen|Earth Power|p1a: m8
|-damage|p1a: m8|164\/304 slp
|cant|p1a: m8|slp
|move|p1a: m8|Sleep Talk|p1a: m8
|move|p1a: m8|Foul Play|p2a: Nidoqueen|[from]Sleep Talk
|-damage|p2a: Nidoqueen|173\/321
|
|-heal|p1a: m8|183\/304 slp|[from] item: Leftovers
|turn|13
|
|switch|p1a: m9|Blissey, F|309\/657
|-damage|p1a: m9|227\/657|[from] Stealth Rock
|move|p2a: Nidoqueen|Earth Power|p1a: m9
|-damage|p1a: m9|87\/657
|
|-heal|p1a: m9|128\/657|[from] item: Leftovers
|turn|14
|
|switch|p2a: Whimsicott|Whimsicott, F|203\/261
|-damage|p2a: Whimsicott|171\/261|[from] Spikes
|move|p1a: m9|Protect|p1a: m9
|-fail|p1a: m9
|
|-heal|p1a: m9|169\/657|[from] item: Leftovers
|turn|15
|
|move|p1a: m9|Protect|p1a: m9
|-singleturn|p1a: m9|Protect
|move|p2a: Whimsicott|Encore|p1a: m9
|-activate|p1a: m9|Protect
|
|-heal|p1a: m9|210\/657|[from] item: Leftovers
|turn|16
|
|switch|p1a: m8|Celebi|398\/403
|-damage|p1a: m8|348\/403|[from] Stealth Rock
|move|p2a: Whimsicott|Encore|p1a: m8
|-fail|p1a: m8
|
|-heal|p1a: m8|373\/403|[from] item: Leftovers
|turn|17
|
|move|p2a: Whimsicott|U-turn|p1a: m8
|-supereffective|p1a: m8
|-damage|p1a: m8|175\/403
|-damage|p2a: Whimsicott|145\/261|[from] item: Life Orb
|
|switch|p2a: Yanmega|Yanmega, M|313\/313
|move|p1a: m8|Stealth Rock|p2a: Yanmega
|-sidestart|p2: pokemonisfun|move: Stealth Rock
|
|-heal|p1a: m8|200\/403|[from] item: Leftovers
|turn|18
|
|switch|p1a: m9|Blissey, F|210\/657
|-damage|p1a: m9|128\/657|[from] Stealth Rock
|move|p2a: Yanmega|Bug Buzz|p1a: m9
|-damage|p1a: m9|0 fnt
|-damage|p2a: Yanmega|282\/313|[from] item: Life Orb
|faint|p1a: m9
|
|-boost|p2a: Yanmega|spe|1|[from] ability: Speed Boost
|join|kingt9722
|
|switch|p1a: m9|Suicune|404\/404
|-damage|p1a: m9|354\/404|[from] Stealth Rock
|-ability|p1a: m9|Pressure
|turn|19
|
|move|p2a: Yanmega|Giga Drain|p1a: m9
|-supereffective|p1a: m9
|-damage|p1a: m9|149\/404
|-heal|p2a: Yanmega|313\/313|[from] drain|[of] p1a: m9
|-damage|p2a: Yanmega|282\/313|[from] item: Life Orb
|move|p1a: m9|Roar|p2a: Yanmega
|drag|p2a: Suicune|Suicune|329\/404 tox
|-damage|p2a: Suicune|279\/404 tox|[from] Stealth Rock
|-damage|p2a: Suicune|229\/404 tox|[from] Spikes
|-ability|p2a: Suicune|Pressure
|
|-heal|p1a: m9|174\/404|[from] item: Leftovers
|-heal|p2a: Suicune|254\/404 tox|[from] item: Leftovers
|-damage|p2a: Suicune|229\/404 tox|[from] psn
|turn|20
|
|switch|p2a: Whimsicott|Whimsicott, F|145\/261
|-damage|p2a: Whimsicott|113\/261|[from] Spikes
|-damage|p2a: Whimsicott|81\/261|[from] Stealth Rock
|move|p1a: m9|Rest|p1a: m9
|-status|p1a: m9|slp
|-heal|p1a: m9|404\/404 slp|[silent]
|-status|p1a: m9|slp|[from] move: Rest
|
|turn|21
|leave|kingt9722
|
|switch|p1a: m8|Weezing, M|333\/333
|-damage|p1a: m8|292\/333|[from] Stealth Rock
|move|p2a: Whimsicott|Giga Drain|p1a: m8
|-resisted|p1a: m8
|-damage|p1a: m8|208\/333
|-heal|p2a: Whimsicott|123\/261|[from] drain|[of] p1a: m8
|-damage|p2a: Whimsicott|97\/261|[from] item: Life Orb
|
|-heal|p1a: m8|228\/333|[from] item: Leftovers
|turn|22
|
|move|p2a: Whimsicott|Moonblast|p1a: m8
|-resisted|p1a: m8
|-damage|p1a: m8|121\/333
|-unboost|p1a: m8|spa|1
|-damage|p2a: Whimsicott|71\/261|[from] item: Life Orb
|move|p1a: m8|Will-O-Wisp|p2a: Whimsicott
|-status|p2a: Whimsicott|brn
|
|-heal|p1a: m8|141\/333|[from] item: Leftovers
|-damage|p2a: Whimsicott|39\/261 brn|[from] brn
|turn|23
|
|switch|p1a: m9|Suicune|404\/404 slp
|-damage|p1a: m9|354\/404 slp|[from] Stealth Rock
|-ability|p1a: m9|Pressure
|move|p2a: Whimsicott|Encore|p1a: m9
|-fail|p1a: m9
|
|-heal|p1a: m9|379\/404 slp|[from] item: Leftovers
|-damage|p2a: Whimsicott|7\/261 brn|[from] brn
|turn|24
|
|switch|p1a: m8|Spiritomb, F|183\/304 slp
|-damage|p1a: m8|145\/304 slp|[from] Stealth Rock
|move|p2a: Whimsicott|Giga Drain|p1a: m8
|-damage|p1a: m8|54\/304 slp
|-heal|p2a: Whimsicott|53\/261 brn|[from] drain|[of] p1a: m8
|-damage|p2a: Whimsicott|27\/261 brn|[from] item: Life Orb
|
|-heal|p1a: m8|73\/304 slp|[from] item: Leftovers
|-damage|p2a: Whimsicott|0 fnt|[from] brn
|faint|p2a: Whimsicott
|
|switch|p2a: Yanmega|Yanmega, M|282\/313
|-damage|p2a: Yanmega|126\/313|[from] Stealth Rock
|turn|25
|
|move|p2a: Yanmega|Giga Drain|p1a: m8
|-damage|p1a: m8|0 fnt
|-heal|p2a: Yanmega|163\/313|[from] drain|[of] p1a: m8
|-damage|p2a: Yanmega|132\/313|[from] item: Life Orb
|faint|p1a: m8
|
|-boost|p2a: Yanmega|spe|1|[from] ability: Speed Boost
|
|switch|p1a: m9|Suicune|379\/404 slp
|-damage|p1a: m9|329\/404 slp|[from] Stealth Rock
|-ability|p1a: m9|Pressure
|turn|26
|
|move|p2a: Yanmega|Giga Drain|p1a: m9
|-supereffective|p1a: m9
|-damage|p1a: m9|113\/404 slp
|-heal|p2a: Yanmega|240\/313|[from] drain|[of] p1a: m9
|-damage|p2a: Yanmega|209\/313|[from] item: Life Orb
|cant|p1a: m9|slp
|move|p1a: m9|Sleep Talk|p1a: m9
|move|p1a: m9|Scald|p2a: Yanmega|[from]Sleep Talk
|-damage|p2a: Yanmega|77\/313
|
|-heal|p1a: m9|138\/404 slp|[from] item: Leftovers
|-boost|p2a: Yanmega|spe|1|[from] ability: Speed Boost
|turn|27
|
|switch|p1a: m8|Weezing, M|141\/333
|-damage|p1a: m8|100\/333|[from] Stealth Rock
|move|p2a: Yanmega|Giga Drain|p1a: m8
|-resisted|p1a: m8
|-damage|p1a: m8|21\/333
|-heal|p2a: Yanmega|117\/313|[from] drain|[of] p1a: m8
|-damage|p2a: Yanmega|86\/313|[from] item: Life Orb
|
|-heal|p1a: m8|41\/333|[from] item: Leftovers
|-boost|p2a: Yanmega|spe|1|[from] ability: Speed Boost
|turn|28
|
|move|p2a: Yanmega|Giga Drain|p1a: m8
|-resisted|p1a: m8
|-damage|p1a: m8|0 fnt
|-heal|p2a: Yanmega|107\/313|[from] drain|[of] p1a: m8
|-damage|p2a: Yanmega|76\/313|[from] item: Life Orb
|faint|p1a: m8
|
|-boost|p2a: Yanmega|spe|1|[from] ability: Speed Boost
|
|switch|p1a: m9|Forretress, M|72\/354
|-damage|p1a: m9|28\/354|[from] Stealth Rock
|turn|29
|
|move|p2a: Yanmega|Giga Drain|p1a: m9
|-crit|p1a: m9
|-resisted|p1a: m9
|-damage|p1a: m9|0 fnt
|-heal|p2a: Yanmega|90\/313|[from] drain|[of] p1a: m9
|-damage|p2a: Yanmega|59\/313|[from] item: Life Orb
|faint|p1a: m9
|
|-boost|p2a: Yanmega|spe|1|[from] ability: Speed Boost
|
|switch|p1a: m8|Celebi|200\/403
|-damage|p1a: m8|150\/403|[from] Stealth Rock
|turn|30
|
|move|p2a: Yanmega|Bug Buzz|p1a: m8
|-supereffective|p1a: m8
|-damage|p1a: m8|0 fnt
|-damage|p2a: Yanmega|28\/313|[from] item: Life Orb
|faint|p1a: m8
|
|-boost|p2a: Yanmega|spe|1|[from] ability: Speed Boost
|
|switch|p1a: m9|Suicune|138\/404 slp
|-damage|p1a: m9|88\/404 slp|[from] Stealth Rock
|-ability|p1a: m9|Pressure
|turn|31
|
|move|p2a: Yanmega|Giga Drain|p1a: m9
|-supereffective|p1a: m9
|-damage|p1a: m9|0 fnt
|-heal|p2a: Yanmega|72\/313|[from] drain|[of] p1a: m9
|-damage|p2a: Yanmega|41\/313|[from] item: Life Orb
|faint|p1a: m9
|
|win|pokemonisfun
|raw|Ladder updating...
|raw|oh no oh no's rating: 1620 &rarr; <strong>1592<\/strong><br \/>(-28 for losing)
|raw|pokemonisfun's rating: 1481 &rarr; <strong>1508<\/strong><br \/>(+27 for winning)
|c|âoh no oh no|gg
|c|âpokemonisfun|gg