|join|oh no oh no
|join|poonHunter (DD)
|player|p1|oh no oh no|102
|player|p2|poonHunter (DD)|114
|gametype|singles
|gen|6
|tier|UU
|rated
|rule|Sleep Clause Mod: Limit one foe put to sleep
|rule|Species Clause: Limit one of each PokÃ©mon
|rule|OHKO Clause: OHKO moves are banned
|rule|Moody Clause: Moody is banned
|rule|Evasion Moves Clause: Evasion moves are banned
|rule|Endless Battle Clause: Forcing endless battles is banned
|rule|HP Percentage Mod: HP is shown in percentages
|clearpoke
|poke|p1|Blissey, F
|poke|p1|Trevenant, M
|poke|p1|Bronzong
|poke|p1|Forretress, F
|poke|p1|Umbreon, F
|poke|p1|Suicune
|poke|p2|Beedrill, M, shiny
|poke|p2|Entei, shiny
|poke|p2|Forretress, M
|poke|p2|Vaporeon, M, shiny
|poke|p2|Raikou
|poke|p2|Krookodile, F
|rule|Swagger Clause: Swagger is banned
|rule|Baton Pass Clause: Limit one PokÃ©mon knowing Baton Pass
|teampreview
|c|âpoonHunter (DD)|o hi
|c|âoh no oh no|lol
|join|OAsx
|
|start
|switch|p1a: Forretress|Forretress, F|353\/353
|switch|p2a: Forretress|Forretress, M|354\/354
|turn|1
|
|move|p2a: Forretress|Spikes|p1a: Forretress
|-sidestart|p1: oh no oh no|Spikes
|move|p1a: Forretress|Spikes|p2a: Forretress
|-sidestart|p2: poonHunter (DD)|Spikes
|
|turn|2
|
|move|p1a: Forretress|Rapid Spin|p2a: Forretress
|-resisted|p2a: Forretress
|-damage|p2a: Forretress|349\/354
|-sideend|p1: oh no oh no|Spikes|[from] move: Rapid Spin|[of] p1a: Forretress
|move|p2a: Forretress|Rapid Spin|p1a: Forretress
|-resisted|p1a: Forretress
|-damage|p1a: Forretress|347\/353
|-sideend|p2: poonHunter (DD)|Spikes|[from] move: Rapid Spin|[of] p2a: Forretress
|
|-heal|p1a: Forretress|353\/353|[from] item: Leftovers
|-heal|p2a: Forretress|354\/354|[from] item: Leftovers
|turn|3
|
|move|p1a: Forretress|Spikes|p2a: Forretress
|-sidestart|p2: poonHunter (DD)|Spikes
|move|p2a: Forretress|Volt Switch|p1a: Forretress
|-damage|p1a: Forretress|314\/353
|
|switch|p2a: Raikou|Raikou|322\/322
|-damage|p2a: Raikou|282\/322|[from] Spikes
|-ability|p2a: Raikou|Pressure
|
|-heal|p1a: Forretress|336\/353|[from] item: Leftovers
|turn|4
|
|switch|p1a: Blissey|Blissey, F|657\/657
|move|p2a: Raikou|Volt Switch|p1a: Blissey
|-damage|p1a: Blissey|549\/657
|
|switch|p2a: Beedrill|Beedrill, M, shiny|271\/271
|-damage|p2a: Beedrill|238\/271|[from] Spikes
|
|-heal|p1a: Blissey|590\/657|[from] item: Leftovers
|turn|5
|
|switch|p1a: Forretress|Forretress, F|336\/353
|detailschange|p2a: Beedrill|Beedrill-Mega, M, shiny
|message|Beedrill has Mega Evolved into Mega Beedrill!
|move|p2a: Beedrill|U-turn|p1a: Forretress
|-resisted|p1a: Forretress
|-damage|p1a: Forretress|268\/353
|
|switch|p2a: Entei|Entei, shiny|371\/371
|-damage|p2a: Entei|325\/371|[from] Spikes
|-ability|p2a: Entei|Pressure
|
|-heal|p1a: Forretress|290\/353|[from] item: Leftovers
|turn|6
|
|switch|p2a: Forretress|Forretress, M|354\/354
|-damage|p2a: Forretress|310\/354|[from] Spikes
|switch|p1a: Suicune|Suicune|404\/404
|-ability|p1a: Suicune|Pressure
|
|-heal|p2a: Forretress|332\/354|[from] item: Leftovers
|turn|7
|
|move|p1a: Suicune|Scald|p2a: Forretress
|-damage|p2a: Forretress|250\/354
|move|p2a: Forretress|Spikes|p1a: Suicune
|-sidestart|p1: oh no oh no|Spikes
|
|-heal|p2a: Forretress|272\/354|[from] item: Leftovers
|turn|8
|
|move|p1a: Suicune|Scald|p2a: Forretress
|-damage|p2a: Forretress|190\/354
|-status|p2a: Forretress|brn
|move|p2a: Forretress|Rapid Spin|p1a: Suicune
|-damage|p1a: Suicune|398\/404
|-sideend|p2: poonHunter (DD)|Spikes|[from] move: Rapid Spin|[of] p2a: Forretress
|
|-heal|p1a: Suicune|404\/404|[from] item: Leftovers
|-heal|p2a: Forretress|212\/354 brn|[from] item: Leftovers
|-damage|p2a: Forretress|168\/354 brn|[from] brn
|turn|9
|
|switch|p1a: Forretress|Forretress, F|290\/353
|-damage|p1a: Forretress|246\/353|[from] Spikes
|switch|p2a: Raikou|Raikou|282\/322
|-ability|p2a: Raikou|Pressure
|
|-heal|p1a: Forretress|268\/353|[from] item: Leftovers
|turn|10
|
|switch|p1a: Umbreon|Umbreon, F|394\/394
|-damage|p1a: Umbreon|345\/394|[from] Spikes
|move|p2a: Raikou|Thunderbolt|p1a: Umbreon
|-damage|p1a: Umbreon|213\/394
|
|-heal|p1a: Umbreon|237\/394|[from] item: Leftovers
|turn|11
|
|switch|p2a: Beedrill|Beedrill-Mega, M, shiny|238\/271
|move|p1a: Umbreon|Wish|p1a: Umbreon
|
|-heal|p1a: Umbreon|261\/394|[from] item: Leftovers
|turn|12
|
|switch|p1a: Bronzong|Bronzong|338\/338
|move|p2a: Beedrill|U-turn|p1a: Bronzong
|-damage|p1a: Bronzong|224\/338
|
|switch|p2a: Entei|Entei, shiny|325\/371
|-ability|p2a: Entei|Pressure
|
|-heal|p1a: Bronzong|338\/338|[from] move: Wish|[wisher] Umbreon
|turn|13
|
|move|p1a: Bronzong|Protect|p1a: Bronzong
|-singleturn|p1a: Bronzong|Protect
|move|p2a: Entei|Sacred Fire|p1a: Bronzong
|-activate|p1a: Bronzong|Protect
|
|turn|14
|
|switch|p1a: Suicune|Suicune|404\/404
|-damage|p1a: Suicune|354\/404|[from] Spikes
|-ability|p1a: Suicune|Pressure
|move|p2a: Entei|Sacred Fire|p1a: Suicune
|-resisted|p1a: Suicune
|-damage|p1a: Suicune|262\/404
|-status|p1a: Suicune|brn
|
|-heal|p1a: Suicune|287\/404 brn|[from] item: Leftovers
|-damage|p1a: Suicune|237\/404 brn|[from] brn
|turn|15
|
|switch|p2a: Raikou|Raikou|282\/322
|-ability|p2a: Raikou|Pressure
|move|p1a: Suicune|Rest|p1a: Suicune
|-status|p1a: Suicune|slp
|-heal|p1a: Suicune|404\/404 slp|[silent]
|-status|p1a: Suicune|slp|[from] move: Rest
|
|turn|16
|
|switch|p1a: Blissey|Blissey, F|590\/657
|-damage|p1a: Blissey|508\/657|[from] Spikes
|move|p2a: Raikou|Volt Switch|p1a: Blissey
|-damage|p1a: Blissey|393\/657
|
|switch|p2a: Beedrill|Beedrill-Mega, M, shiny|238\/271
|
|-heal|p1a: Blissey|434\/657|[from] item: Leftovers
|turn|17
|
|move|p2a: Beedrill|U-turn|p1a: Blissey
|-damage|p1a: Blissey|82\/657
|
|switch|p2a: Raikou|Raikou|282\/322
|-ability|p2a: Raikou|Pressure
|move|p1a: Blissey|Soft-Boiled|p1a: Blissey
|-heal|p1a: Blissey|411\/657
|
|-heal|p1a: Blissey|452\/657|[from] item: Leftovers
|turn|18
|
|move|p2a: Raikou|Volt Switch|p1a: Blissey
|-damage|p1a: Blissey|335\/657
|
|switch|p2a: Beedrill|Beedrill-Mega, M, shiny|238\/271
|move|p1a: Blissey|Toxic|p2a: Beedrill
|-fail|p2a: Beedrill
|
|-heal|p1a: Blissey|376\/657|[from] item: Leftovers
|turn|19
|
|switch|p1a: Bronzong|Bronzong|338\/338
|move|p2a: Beedrill|U-turn|p1a: Bronzong
|-damage|p1a: Bronzong|210\/338
|
|switch|p2a: Krookodile|Krookodile, F|332\/332
|
|-heal|p1a: Bronzong|231\/338|[from] item: Leftovers
|turn|20
|
|move|p1a: Bronzong|Protect|p1a: Bronzong
|-singleturn|p1a: Bronzong|Protect
|move|p2a: Krookodile|Knock Off|p1a: Bronzong
|-activate|p1a: Bronzong|Protect
|
|-heal|p1a: Bronzong|252\/338|[from] item: Leftovers
|turn|21
|
|switch|p1a: Forretress|Forretress, F|268\/353
|-damage|p1a: Forretress|224\/353|[from] Spikes
|move|p2a: Krookodile|Knock Off|p1a: Forretress
|-damage|p1a: Forretress|104\/353
|-enditem|p1a: Forretress|Leftovers|[from] move: Knock Off|[of] p2a: Krookodile
|
|turn|22
|
|move|p2a: Krookodile|Knock Off|p1a: Forretress
|-damage|p1a: Forretress|28\/353
|move|p1a: Forretress|Rapid Spin|p2a: Krookodile
|-damage|p2a: Krookodile|312\/332
|-sideend|p1: oh no oh no|Spikes|[from] move: Rapid Spin|[of] p1a: Forretress
|
|turn|23
|
|switch|p2a: Beedrill|Beedrill-Mega, M, shiny|238\/271
|switch|p1a: Umbreon|Umbreon, F|261\/394
|
|-heal|p1a: Umbreon|285\/394|[from] item: Leftovers
|turn|24
|
|move|p1a: Umbreon|Protect|p1a: Umbreon
|-singleturn|p1a: Umbreon|Protect
|move|p2a: Beedrill|U-turn|p1a: Umbreon
|-activate|p1a: Umbreon|Protect
|
|-heal|p1a: Umbreon|309\/394|[from] item: Leftovers
|turn|25
|
|switch|p1a: Suicune|Suicune|404\/404 slp
|-ability|p1a: Suicune|Pressure
|move|p2a: Beedrill|U-turn|p1a: Suicune
|-damage|p1a: Suicune|278\/404 slp
|
|switch|p2a: Raikou|Raikou|282\/322
|-ability|p2a: Raikou|Pressure
|
|-heal|p1a: Suicune|303\/404 slp|[from] item: Leftovers
|turn|26
|
|switch|p1a: Bronzong|Bronzong|252\/338
|move|p2a: Raikou|Volt Switch|p1a: Bronzong
|-damage|p1a: Bronzong|95\/338
|
|switch|p2a: Beedrill|Beedrill-Mega, M, shiny|238\/271
|
|-heal|p1a: Bronzong|116\/338|[from] item: Leftovers
|turn|27
|
|move|p1a: Bronzong|Protect|p1a: Bronzong
|-singleturn|p1a: Bronzong|Protect
|move|p2a: Beedrill|U-turn|p1a: Bronzong
|-activate|p1a: Bronzong|Protect
|
|-heal|p1a: Bronzong|137\/338|[from] item: Leftovers
|turn|28
|
|move|p2a: Beedrill|U-turn|p1a: Bronzong
|-damage|p1a: Bronzong|9\/338
|
|switch|p2a: Forretress|Forretress, M|168\/354 brn
|move|p1a: Bronzong|Stealth Rock|p2a: Forretress
|-sidestart|p2: poonHunter (DD)|move: Stealth Rock
|
|-heal|p2a: Forretress|190\/354 brn|[from] item: Leftovers
|-heal|p1a: Bronzong|30\/338|[from] item: Leftovers
|-damage|p2a: Forretress|146\/354 brn|[from] brn
|turn|29
|
|switch|p1a: Forretress|Forretress, F|28\/353
|move|p2a: Forretress|Volt Switch|p1a: Forretress
|-damage|p1a: Forretress|0 fnt
|faint|p1a: Forretress
|
|switch|p2a: Beedrill|Beedrill-Mega, M, shiny|238\/271
|-damage|p2a: Beedrill|171\/271|[from] Stealth Rock
|
|
|switch|p1a: Suicune|Suicune|303\/404 slp
|-ability|p1a: Suicune|Pressure
|turn|30
|
|move|p2a: Beedrill|Poison Jab|p1a: Suicune
|-damage|p1a: Suicune|155\/404 slp
|cant|p1a: Suicune|slp
|move|p1a: Suicune|Sleep Talk|p1a: Suicune
|move|p1a: Suicune|Rest|p1a: Suicune|[from]Sleep Talk
|-fail|p1a: Suicune
|
|-heal|p1a: Suicune|180\/404 slp|[from] item: Leftovers
|turn|31
|
|move|p2a: Beedrill|U-turn|p1a: Suicune
|-damage|p1a: Suicune|56\/404 slp
|
|switch|p2a: Raikou|Raikou|282\/322
|-damage|p2a: Raikou|242\/322|[from] Stealth Rock
|-ability|p2a: Raikou|Pressure
|cant|p1a: Suicune|slp
|move|p1a: Suicune|Sleep Talk|p1a: Suicune
|move|p1a: Suicune|Roar|p2a: Raikou|[from]Sleep Talk
|drag|p2a: Krookodile|Krookodile, F|312\/332
|-damage|p2a: Krookodile|292\/332|[from] Stealth Rock
|
|-heal|p1a: Suicune|81\/404 slp|[from] item: Leftovers
|turn|32
|
|switch|p1a: Bronzong|Bronzong|30\/338
|move|p2a: Krookodile|Knock Off|p1a: Bronzong
|-supereffective|p1a: Bronzong
|-damage|p1a: Bronzong|0 fnt
|-enditem|p1a: Bronzong|Leftovers|[from] move: Knock Off|[of] p2a: Krookodile
|faint|p1a: Bronzong
|-boost|p2a: Krookodile|atk|1|[from] ability: Moxie
|
|
|switch|p1a: Umbreon|Umbreon, F|309\/394
|turn|33
|
|move|p2a: Krookodile|Knock Off|p1a: Umbreon
|-resisted|p1a: Umbreon
|-damage|p1a: Umbreon|191\/394
|-enditem|p1a: Umbreon|Leftovers|[from] move: Knock Off|[of] p2a: Krookodile
|move|p1a: Umbreon|Foul Play|p2a: Krookodile
|-resisted|p2a: Krookodile
|-damage|p2a: Krookodile|142\/332
|
|turn|34
|
|switch|p2a: Vaporeon|Vaporeon, M, shiny|464\/464
|-damage|p2a: Vaporeon|406\/464|[from] Stealth Rock
|move|p1a: Umbreon|Wish|p1a: Umbreon
|
|-heal|p2a: Vaporeon|435\/464|[from] item: Leftovers
|turn|35
|
|switch|p1a: Suicune|Suicune|81\/404 slp
|-ability|p1a: Suicune|Pressure
|move|p2a: Vaporeon|Heal Bell|p2a: Vaporeon
|-cureteam|p2a: Vaporeon|[from] move: HealBell
|
|-heal|p1a: Suicune|278\/404 slp|[from] move: Wish|[wisher] Umbreon
|-heal|p1a: Suicune|303\/404 slp|[from] item: Leftovers
|-heal|p2a: Vaporeon|464\/464|[from] item: Leftovers
|turn|36
|
|move|p2a: Vaporeon|Wish|p2a: Vaporeon
|-curestatus|p1a: Suicune|slp
|move|p1a: Suicune|Roar|p2a: Vaporeon
|drag|p2a: Krookodile|Krookodile, F|142\/332
|-damage|p2a: Krookodile|122\/332|[from] Stealth Rock
|
|-heal|p1a: Suicune|328\/404|[from] item: Leftovers
|turn|37
|
|switch|p2a: Forretress|Forretress, M|146\/354
|-damage|p2a: Forretress|102\/354|[from] Stealth Rock
|move|p1a: Suicune|Scald|p2a: Forretress
|-damage|p2a: Forretress|20\/354
|
|-heal|p2a: Forretress|252\/354|[from] move: Wish|[wisher] Vaporeon
|-heal|p1a: Suicune|353\/404|[from] item: Leftovers
|-heal|p2a: Forretress|274\/354|[from] item: Leftovers
|turn|38
|
|switch|p1a: Trevenant|Trevenant, M|374\/374
|move|p2a: Forretress|Spikes|p1a: Trevenant
|-sidestart|p1: oh no oh no|Spikes
|
|-heal|p2a: Forretress|296\/354|[from] item: Leftovers
|turn|39
|
|move|p1a: Trevenant|Substitute|p1a: Trevenant
|-start|p1a: Trevenant|Substitute
|-damage|p1a: Trevenant|281\/374
|move|p2a: Forretress|Spikes|p1a: Trevenant
|-sidestart|p1: oh no oh no|Spikes
|
|-heal|p2a: Forretress|318\/354|[from] item: Leftovers
|turn|40
|
|move|p1a: Trevenant|Will-O-Wisp|p2a: Forretress
|-status|p2a: Forretress|brn
|move|p2a: Forretress|Spikes|p1a: Trevenant
|-sidestart|p1: oh no oh no|Spikes
|
|-heal|p2a: Forretress|340\/354 brn|[from] item: Leftovers
|-damage|p2a: Forretress|296\/354 brn|[from] brn
|turn|41
|
|move|p1a: Trevenant|Leech Seed|p2a: Forretress
|-start|p2a: Forretress|move: Leech Seed
|move|p2a: Forretress|Volt Switch|p1a: Trevenant
|-resisted|p1a: Trevenant
|-activate|p1a: Trevenant|Substitute|[damage]
|
|switch|p2a: Entei|Entei, shiny|325\/371
|-damage|p2a: Entei|233\/371|[from] Stealth Rock
|-ability|p2a: Entei|Pressure
|
|turn|42
|
|move|p2a: Entei|Sacred Fire|p1a: Trevenant
|-supereffective|p1a: Trevenant
|-end|p1a: Trevenant|Substitute
|move|p1a: Trevenant|Leech Seed|p2a: Entei
|-start|p2a: Entei|move: Leech Seed
|
|-damage|p2a: Entei|187\/371|[from] Leech Seed|[of] p1a: Trevenant
|-heal|p1a: Trevenant|327\/374|[silent]
|turn|43
|
|switch|p2a: Raikou|Raikou|242\/322
|-damage|p2a: Raikou|202\/322|[from] Stealth Rock
|-ability|p2a: Raikou|Pressure
|switch|p1a: Suicune|Suicune|353\/404
|-damage|p1a: Suicune|252\/404|[from] Spikes
|-ability|p1a: Suicune|Pressure
|
|-heal|p1a: Suicune|277\/404|[from] item: Leftovers
|turn|44
|
|move|p2a: Raikou|Volt Switch|p1a: Suicune
|-supereffective|p1a: Suicune
|-damage|p1a: Suicune|0 fnt
|faint|p1a: Suicune
|
|switch|p2a: Entei|Entei, shiny|187\/371
|-damage|p2a: Entei|95\/371|[from] Stealth Rock
|-ability|p2a: Entei|Pressure
|
|
|switch|p1a: Blissey|Blissey, F|376\/657
|-damage|p1a: Blissey|212\/657|[from] Spikes
|turn|45
|
|move|p2a: Entei|Sacred Fire|p1a: Blissey
|-damage|p1a: Blissey|0 fnt
|faint|p1a: Blissey
|
|
|switch|p1a: Umbreon|Umbreon, F|191\/394
|-damage|p1a: Umbreon|93\/394|[from] Spikes
|turn|46
|c|âpoonHunter (DD)|gg
|
|move|p1a: Umbreon|Protect|p1a: Umbreon
|-singleturn|p1a: Umbreon|Protect
|move|p2a: Entei|Sacred Fire|p1a: Umbreon
|-activate|p1a: Umbreon|Protect
|
|turn|47
|c|âoh no oh no|gg
|
|move|p2a: Entei|Sacred Fire|p1a: Umbreon
|-crit|p1a: Umbreon
|-damage|p1a: Umbreon|0 fnt
|faint|p1a: Umbreon
|
|
|switch|p1a: Trevenant|Trevenant, M|327\/374
|-damage|p1a: Trevenant|234\/374|[from] Spikes
|turn|48
|
|move|p2a: Entei|Sacred Fire|p1a: Trevenant
|-supereffective|p1a: Trevenant
|-damage|p1a: Trevenant|0 fnt
|faint|p1a: Trevenant
|
|win|poonHunter (DD)
|raw|Ladder updating...
|raw|oh no oh no's rating: 1379 &rarr; <strong>1363<\/strong><br \/>(-16 for losing)
|raw|poonHunter (DD)'s rating: 1454 &rarr; <strong>1469<\/strong><br \/>(+15 for winning)
|leave|oh no oh no
|player|p1
|leave|poonHunter (DD)
|player|p2