|join|oh no oh no
|join|Mick H
|player|p1|oh no oh no|102
|player|p2|Mick H|290
|gametype|singles
|gen|6
|tier|UU
|rated
|rule|Sleep Clause Mod: Limit one foe put to sleep
|rule|Species Clause: Limit one of each PokÃ©mon
|rule|OHKO Clause: OHKO moves are banned
|rule|Moody Clause: Moody is banned
|rule|Evasion Moves Clause: Evasion moves are banned
|rule|Endless Battle Clause: Forcing endless battles is banned
|rule|HP Percentage Mod: HP is shown in percentages
|clearpoke
|poke|p1|Blissey, F
|poke|p1|Chesnaught, M
|poke|p1|Uxie
|poke|p1|Tentacruel, M
|poke|p1|Rotom-Heat
|poke|p1|Suicune
|poke|p2|Zygarde
|poke|p2|Jirachi
|poke|p2|Reuniclus, M
|poke|p2|Tentacruel, F
|poke|p2|Swampert, M
|poke|p2|Aerodactyl, F
|rule|Swagger Clause: Swagger is banned
|rule|Baton Pass Clause: Limit one PokÃ©mon knowing Baton Pass
|teampreview
|c|âMick H|glhf
|
|start
|switch|p1a: Uxie|Uxie|354\/354
|switch|p2a: Jirachi|Jirachi|341\/341
|turn|1
|c|âoh no oh no|you too
|
|move|p2a: Jirachi|Iron Head|p1a: Uxie
|-damage|p1a: Uxie|279\/354
|cant|p1a: Uxie|flinch
|
|-heal|p1a: Uxie|301\/354|[from] item: Leftovers
|turn|2
|
|move|p2a: Jirachi|Iron Head|p1a: Uxie
|-damage|p1a: Uxie|235\/354
|cant|p1a: Uxie|flinch
|
|-heal|p1a: Uxie|257\/354|[from] item: Leftovers
|turn|3
|
|move|p2a: Jirachi|Iron Head|p1a: Uxie
|-damage|p1a: Uxie|190\/354
|move|p1a: Uxie|Thunder Wave|p2a: Jirachi
|-status|p2a: Jirachi|par
|
|-heal|p1a: Uxie|212\/354|[from] item: Leftovers
|turn|4
|
|move|p1a: Uxie|Stealth Rock|p2a: Jirachi
|-sidestart|p2: Mick H|move: Stealth Rock
|move|p2a: Jirachi|Iron Head|p1a: Uxie
|-damage|p1a: Uxie|146\/354
|
|-heal|p1a: Uxie|168\/354|[from] item: Leftovers
|turn|5
|
|switch|p1a: Chesnaught|Chesnaught, M|380\/380
|move|p2a: Jirachi|Iron Head|p1a: Chesnaught
|-damage|p1a: Chesnaught|301\/380
|
|-heal|p1a: Chesnaught|324\/380|[from] item: Leftovers
|turn|6
|
|switch|p2a: Tentacruel|Tentacruel, F|361\/361
|-damage|p2a: Tentacruel|316\/361|[from] Stealth Rock
|move|p1a: Chesnaught|Spikes|p2a: Tentacruel
|-sidestart|p2: Mick H|Spikes
|
|-heal|p2a: Tentacruel|338\/361|[from] item: Black Sludge
|-heal|p1a: Chesnaught|347\/380|[from] item: Leftovers
|turn|7
|
|move|p2a: Tentacruel|Rapid Spin|p1a: Chesnaught
|-damage|p1a: Chesnaught|340\/380
|-sideend|p2: Mick H|Spikes|[from] move: Rapid Spin|[of] p2a: Tentacruel
|-sideend|p2: Mick H|Stealth Rock|[from] move: Rapid Spin|[of] p2a: Tentacruel
|move|p1a: Chesnaught|Wood Hammer|p2a: Tentacruel
|-damage|p2a: Tentacruel|206\/361
|-damage|p1a: Chesnaught|296\/380|[from] recoil|[of] p2a: Tentacruel
|
|-heal|p2a: Tentacruel|228\/361|[from] item: Black Sludge
|-heal|p1a: Chesnaught|319\/380|[from] item: Leftovers
|turn|8
|
|switch|p2a: Aerodactyl|Aerodactyl, F|301\/301
|move|p1a: Chesnaught|Wood Hammer|p2a: Aerodactyl
|-damage|p2a: Aerodactyl|81\/301
|-damage|p1a: Chesnaught|246\/380|[from] recoil|[of] p2a: Aerodactyl
|
|-heal|p1a: Chesnaught|269\/380|[from] item: Leftovers
|turn|9
|
|switch|p1a: Suicune|Suicune|404\/404
|-ability|p1a: Suicune|Pressure
|detailschange|p2a: Aerodactyl|Aerodactyl-Mega, F
|message|Aerodactyl has Mega Evolved into Mega Aerodactyl!
|move|p2a: Aerodactyl|Aerial Ace|p1a: Suicune
|-damage|p1a: Suicune|314\/404
|
|-heal|p1a: Suicune|339\/404|[from] item: Leftovers
|turn|10
|
|switch|p2a: Reuniclus|Reuniclus, M|424\/424
|move|p1a: Suicune|Scald|p2a: Reuniclus
|-damage|p2a: Reuniclus|324\/424
|
|-heal|p1a: Suicune|364\/404|[from] item: Leftovers
|turn|11
|
|move|p2a: Reuniclus|Calm Mind|p2a: Reuniclus
|-boost|p2a: Reuniclus|spa|1
|-boost|p2a: Reuniclus|spd|1
|move|p1a: Suicune|Roar|p2a: Reuniclus
|drag|p2a: Jirachi|Jirachi|341\/341 par
|
|-heal|p1a: Suicune|389\/404|[from] item: Leftovers
|turn|12
|
|switch|p1a: Uxie|Uxie|168\/354
|move|p2a: Jirachi|Trick|p1a: Uxie
|-activate|p2a: Jirachi|move: Trick|[of] p1a: Uxie
|-item|p1a: Uxie|Choice Scarf|[from] move: Trick
|-item|p2a: Jirachi|Leftovers|[from] move: Trick
|
|turn|13
|
|move|p1a: Uxie|Stealth Rock|p2a: Jirachi
|-sidestart|p2: Mick H|move: Stealth Rock
|move|p2a: Jirachi|U-turn|p1a: Uxie
|-supereffective|p1a: Uxie
|-damage|p1a: Uxie|90\/354
|
|switch|p2a: Tentacruel|Tentacruel, F|228\/361
|-damage|p2a: Tentacruel|183\/361|[from] Stealth Rock
|
|-heal|p2a: Tentacruel|205\/361|[from] item: Black Sludge
|turn|14
|
|switch|p1a: Rotom-Heat|Rotom-Heat|304\/304
|move|p2a: Tentacruel|Rapid Spin|p1a: Rotom-Heat
|-damage|p1a: Rotom-Heat|293\/304
|-sideend|p2: Mick H|Stealth Rock|[from] move: Rapid Spin|[of] p2a: Tentacruel
|
|-heal|p2a: Tentacruel|227\/361|[from] item: Black Sludge
|turn|15
|
|switch|p2a: Swampert|Swampert, M|401\/401
|move|p1a: Rotom-Heat|Will-O-Wisp|p2a: Swampert|[miss]
|-miss|p1a: Rotom-Heat|p2a: Swampert
|
|turn|16
|
|switch|p1a: Chesnaught|Chesnaught, M|269\/380
|move|p2a: Swampert|Stealth Rock|p1a: Chesnaught
|-sidestart|p1: oh no oh no|move: Stealth Rock
|
|-heal|p1a: Chesnaught|292\/380|[from] item: Leftovers
|turn|17
|
|switch|p2a: Reuniclus|Reuniclus, M|324\/424
|move|p1a: Chesnaught|Spikes|p2a: Reuniclus
|-sidestart|p2: Mick H|Spikes
|
|-heal|p1a: Chesnaught|315\/380|[from] item: Leftovers
|turn|18
|
|switch|p1a: Suicune|Suicune|389\/404
|-damage|p1a: Suicune|339\/404|[from] Stealth Rock
|-ability|p1a: Suicune|Pressure
|move|p2a: Reuniclus|Calm Mind|p2a: Reuniclus
|-boost|p2a: Reuniclus|spa|1
|-boost|p2a: Reuniclus|spd|1
|
|-heal|p1a: Suicune|364\/404|[from] item: Leftovers
|turn|19
|
|move|p2a: Reuniclus|Psyshock|p1a: Suicune
|-damage|p1a: Suicune|253\/404
|move|p1a: Suicune|Roar|p2a: Reuniclus
|drag|p2a: Swampert|Swampert, M|401\/401
|-damage|p2a: Swampert|351\/401|[from] Spikes
|
|-heal|p1a: Suicune|278\/404|[from] item: Leftovers
|-heal|p2a: Swampert|376\/401|[from] item: Leftovers
|turn|20
|
|switch|p2a: Reuniclus|Reuniclus, M|324\/424
|move|p1a: Suicune|Scald|p2a: Reuniclus
|-damage|p2a: Reuniclus|225\/424
|
|-heal|p1a: Suicune|303\/404|[from] item: Leftovers
|turn|21
|
|move|p2a: Reuniclus|Recover|p2a: Reuniclus
|-heal|p2a: Reuniclus|424\/424
|move|p1a: Suicune|Roar|p2a: Reuniclus
|drag|p2a: Aerodactyl|Aerodactyl-Mega, F|81\/301
|
|-heal|p1a: Suicune|328\/404|[from] item: Leftovers
|turn|22
|
|switch|p2a: Tentacruel|Tentacruel, F|227\/361
|-damage|p2a: Tentacruel|182\/361|[from] Spikes
|move|p1a: Suicune|Scald|p2a: Tentacruel
|-resisted|p2a: Tentacruel
|-damage|p2a: Tentacruel|143\/361
|
|-heal|p2a: Tentacruel|165\/361|[from] item: Black Sludge
|-heal|p1a: Suicune|353\/404|[from] item: Leftovers
|turn|23
|
|move|p2a: Tentacruel|Rapid Spin|p1a: Suicune
|-damage|p1a: Suicune|345\/404
|-sideend|p2: Mick H|Spikes|[from] move: Rapid Spin|[of] p2a: Tentacruel
|move|p1a: Suicune|Scald|p2a: Tentacruel
|-resisted|p2a: Tentacruel
|-damage|p2a: Tentacruel|127\/361
|
|-heal|p2a: Tentacruel|149\/361|[from] item: Black Sludge
|-heal|p1a: Suicune|370\/404|[from] item: Leftovers
|turn|24
|
|move|p2a: Tentacruel|Acid Spray|p1a: Suicune
|-damage|p1a: Suicune|336\/404
|-unboost|p1a: Suicune|spd|2
|move|p1a: Suicune|Scald|p2a: Tentacruel
|-resisted|p2a: Tentacruel
|-damage|p2a: Tentacruel|113\/361
|
|-heal|p2a: Tentacruel|135\/361|[from] item: Black Sludge
|-heal|p1a: Suicune|361\/404|[from] item: Leftovers
|turn|25
|
|switch|p1a: Chesnaught|Chesnaught, M|315\/380
|-damage|p1a: Chesnaught|292\/380|[from] Stealth Rock
|move|p2a: Tentacruel|Scald|p1a: Chesnaught
|-resisted|p1a: Chesnaught
|-damage|p1a: Chesnaught|245\/380
|
|-heal|p2a: Tentacruel|157\/361|[from] item: Black Sludge
|-heal|p1a: Chesnaught|268\/380|[from] item: Leftovers
|turn|26
|
|move|p2a: Tentacruel|Scald|p1a: Chesnaught
|-resisted|p1a: Chesnaught
|-damage|p1a: Chesnaught|219\/380
|-status|p1a: Chesnaught|brn
|move|p1a: Chesnaught|Wood Hammer|p2a: Tentacruel
|-damage|p2a: Tentacruel|90\/361
|-damage|p1a: Chesnaught|197\/380 brn|[from] recoil|[of] p2a: Tentacruel
|
|-heal|p2a: Tentacruel|112\/361|[from] item: Black Sludge
|-heal|p1a: Chesnaught|220\/380 brn|[from] item: Leftovers
|-damage|p1a: Chesnaught|173\/380 brn|[from] brn
|turn|27
|
|switch|p1a: Tentacruel|Tentacruel, M|361\/361
|-damage|p1a: Tentacruel|316\/361|[from] Stealth Rock
|move|p2a: Tentacruel|Toxic Spikes|p1a: Tentacruel
|-sidestart|p1: oh no oh no|move: Toxic Spikes
|
|-heal|p2a: Tentacruel|134\/361|[from] item: Black Sludge
|-heal|p1a: Tentacruel|338\/361|[from] item: Black Sludge
|turn|28
|
|switch|p2a: Reuniclus|Reuniclus, M|424\/424
|move|p1a: Tentacruel|Knock Off|p2a: Reuniclus
|-supereffective|p2a: Reuniclus
|-enditem|p2a: Reuniclus|Colbur Berry|[eat]
|-damage|p2a: Reuniclus|380\/424
|
|-heal|p1a: Tentacruel|360\/361|[from] item: Black Sludge
|turn|29
|
|move|p1a: Tentacruel|Rapid Spin|p2a: Reuniclus
|-damage|p2a: Reuniclus|370\/424
|-sideend|p1: oh no oh no|Toxic Spikes|[from] move: Rapid Spin|[of] p1a: Tentacruel
|-sideend|p1: oh no oh no|Stealth Rock|[from] move: Rapid Spin|[of] p1a: Tentacruel
|move|p2a: Reuniclus|Calm Mind|p2a: Reuniclus
|-boost|p2a: Reuniclus|spa|1
|-boost|p2a: Reuniclus|spd|1
|
|-heal|p1a: Tentacruel|361\/361|[from] item: Black Sludge
|turn|30
|
|switch|p1a: Suicune|Suicune|361\/404
|-ability|p1a: Suicune|Pressure
|move|p2a: Reuniclus|Psyshock|p1a: Suicune
|-damage|p1a: Suicune|250\/404
|
|-heal|p1a: Suicune|275\/404|[from] item: Leftovers
|turn|31
|
|move|p2a: Reuniclus|Signal Beam|p1a: Suicune
|-damage|p1a: Suicune|174\/404
|move|p1a: Suicune|Roar|p2a: Reuniclus
|drag|p2a: Tentacruel|Tentacruel, F|134\/361
|
|-heal|p2a: Tentacruel|156\/361|[from] item: Black Sludge
|-heal|p1a: Suicune|199\/404|[from] item: Leftovers
|turn|32
|
|move|p2a: Tentacruel|Toxic Spikes|p1a: Suicune
|-sidestart|p1: oh no oh no|move: Toxic Spikes
|move|p1a: Suicune|Scald|p2a: Tentacruel
|-resisted|p2a: Tentacruel
|-damage|p2a: Tentacruel|118\/361
|
|-heal|p2a: Tentacruel|140\/361|[from] item: Black Sludge
|-heal|p1a: Suicune|224\/404|[from] item: Leftovers
|turn|33
|
|move|p2a: Tentacruel|Acid Spray|p1a: Suicune
|-damage|p1a: Suicune|191\/404
|-unboost|p1a: Suicune|spd|2
|move|p1a: Suicune|Scald|p2a: Tentacruel
|-resisted|p2a: Tentacruel
|-damage|p2a: Tentacruel|107\/361
|
|-heal|p2a: Tentacruel|129\/361|[from] item: Black Sludge
|-heal|p1a: Suicune|216\/404|[from] item: Leftovers
|turn|34
|
|move|p2a: Tentacruel|Scald|p1a: Suicune
|-resisted|p1a: Suicune
|-damage|p1a: Suicune|146\/404
|move|p1a: Suicune|Scald|p2a: Tentacruel
|-resisted|p2a: Tentacruel
|-damage|p2a: Tentacruel|90\/361
|
|-heal|p2a: Tentacruel|112\/361|[from] item: Black Sludge
|-heal|p1a: Suicune|171\/404|[from] item: Leftovers
|turn|35
|
|move|p2a: Tentacruel|Acid Spray|p1a: Suicune
|-damage|p1a: Suicune|104\/404
|-unboost|p1a: Suicune|spd|2
|move|p1a: Suicune|Scald|p2a: Tentacruel
|-resisted|p2a: Tentacruel
|-damage|p2a: Tentacruel|73\/361
|-status|p2a: Tentacruel|brn
|
|-heal|p2a: Tentacruel|95\/361 brn|[from] item: Black Sludge
|-heal|p1a: Suicune|129\/404|[from] item: Leftovers
|-damage|p2a: Tentacruel|50\/361 brn|[from] brn
|turn|36
|
|switch|p1a: Tentacruel|Tentacruel, M|361\/361
|-sideend|p1: oh no oh no|move: Toxic Spikes|[of] p1a: Tentacruel
|move|p2a: Tentacruel|Scald|p1a: Tentacruel
|-resisted|p1a: Tentacruel
|-damage|p1a: Tentacruel|325\/361
|
|-heal|p1a: Tentacruel|347\/361|[from] item: Black Sludge
|-heal|p2a: Tentacruel|72\/361 brn|[from] item: Black Sludge
|-damage|p2a: Tentacruel|27\/361 brn|[from] brn
|turn|37
|
|switch|p2a: Reuniclus|Reuniclus, M|370\/424
|move|p1a: Tentacruel|Toxic Spikes|p2a: Reuniclus
|-sidestart|p2: Mick H|move: Toxic Spikes
|
|-heal|p1a: Tentacruel|361\/361|[from] item: Black Sludge
|turn|38
|
|switch|p1a: Suicune|Suicune|129\/404
|-ability|p1a: Suicune|Pressure
|move|p2a: Reuniclus|Calm Mind|p2a: Reuniclus
|-boost|p2a: Reuniclus|spa|1
|-boost|p2a: Reuniclus|spd|1
|
|-heal|p1a: Suicune|154\/404|[from] item: Leftovers
|turn|39
|
|move|p2a: Reuniclus|Psyshock|p1a: Suicune
|-damage|p1a: Suicune|49\/404
|move|p1a: Suicune|Roar|p2a: Reuniclus
|drag|p2a: Jirachi|Jirachi|341\/341 par
|
|-heal|p1a: Suicune|74\/404|[from] item: Leftovers
|turn|40
|
|switch|p2a: Tentacruel|Tentacruel, F|27\/361 brn
|-sideend|p2: Mick H|move: Toxic Spikes|[of] p2a: Tentacruel
|move|p1a: Suicune|Rest|p1a: Suicune
|-status|p1a: Suicune|slp
|-heal|p1a: Suicune|404\/404 slp|[silent]
|-status|p1a: Suicune|slp|[from] move: Rest
|
|-heal|p2a: Tentacruel|49\/361 brn|[from] item: Black Sludge
|-damage|p2a: Tentacruel|4\/361 brn|[from] brn
|turn|41
|
|switch|p2a: Zygarde|Zygarde|357\/357
|-ability|p2a: Zygarde|Aura Break
|cant|p1a: Suicune|slp
|move|p1a: Suicune|Sleep Talk|p1a: Suicune
|move|p1a: Suicune|Rest|p1a: Suicune|[from]Sleep Talk
|-fail|p1a: Suicune
|
|turn|42
|
|move|p2a: Zygarde|Dragon Dance|p2a: Zygarde
|-boost|p2a: Zygarde|atk|1
|-boost|p2a: Zygarde|spe|1
|cant|p1a: Suicune|slp
|move|p1a: Suicune|Sleep Talk|p1a: Suicune
|move|p1a: Suicune|Rest|p1a: Suicune|[from]Sleep Talk
|-fail|p1a: Suicune
|
|turn|43
|
|move|p2a: Zygarde|Earthquake|p1a: Suicune
|-damage|p1a: Suicune|204\/404 slp
|-damage|p2a: Zygarde|322\/357|[from] item: Life Orb
|-curestatus|p1a: Suicune|slp
|move|p1a: Suicune|Scald|p2a: Zygarde
|-damage|p2a: Zygarde|232\/357
|
|-heal|p1a: Suicune|229\/404|[from] item: Leftovers
|turn|44
|
|switch|p1a: Uxie|Uxie|90\/354
|move|p2a: Zygarde|Outrage|p1a: Uxie
|-damage|p1a: Uxie|0 fnt
|-damage|p2a: Zygarde|197\/357|[from] item: Life Orb
|faint|p1a: Uxie
|
|
|switch|p1a: Rotom-Heat|Rotom-Heat|293\/304
|turn|45
|
|move|p2a: Zygarde|Outrage|p1a: Rotom-Heat
|-damage|p1a: Rotom-Heat|0 fnt
|-damage|p2a: Zygarde|162\/357|[from] item: Life Orb
|faint|p1a: Rotom-Heat
|
|-end|p2a: Zygarde|rampage
|-start|p2a: Zygarde|confusion
|
|switch|p1a: Chesnaught|Chesnaught, M|173\/380 brn
|turn|46
|
|switch|p2a: Reuniclus|Reuniclus, M|370\/424
|move|p1a: Chesnaught|Spikes|p2a: Reuniclus
|-sidestart|p2: Mick H|Spikes
|
|-heal|p1a: Chesnaught|196\/380 brn|[from] item: Leftovers
|-damage|p1a: Chesnaught|149\/380 brn|[from] brn
|turn|47
|
|move|p1a: Chesnaught|Spikes|p2a: Reuniclus
|-sidestart|p2: Mick H|Spikes
|move|p2a: Reuniclus|Psyshock|p1a: Chesnaught
|-supereffective|p1a: Chesnaught
|-damage|p1a: Chesnaught|0 fnt
|faint|p1a: Chesnaught
|
|
|switch|p1a: Suicune|Suicune|229\/404
|-ability|p1a: Suicune|Pressure
|turn|48
|
|move|p2a: Reuniclus|Psyshock|p1a: Suicune
|-crit|p1a: Suicune
|-damage|p1a: Suicune|114\/404
|move|p1a: Suicune|Roar|p2a: Reuniclus
|drag|p2a: Jirachi|Jirachi|341\/341 par
|-damage|p2a: Jirachi|285\/341 par|[from] Spikes
|
|-heal|p1a: Suicune|139\/404|[from] item: Leftovers
|-heal|p2a: Jirachi|306\/341 par|[from] item: Leftovers
|turn|49
|
|move|p1a: Suicune|Rest|p1a: Suicune
|-status|p1a: Suicune|slp
|-heal|p1a: Suicune|404\/404 slp|[silent]
|-status|p1a: Suicune|slp|[from] move: Rest
|move|p2a: Jirachi|Trick|p1a: Suicune
|-activate|p2a: Jirachi|move: Trick|[of] p1a: Suicune
|-item|p1a: Suicune|Leftovers|[from] move: Trick
|-item|p2a: Jirachi|Leftovers|[from] move: Trick
|
|-heal|p2a: Jirachi|327\/341 par|[from] item: Leftovers
|turn|50
|c|âMick H|oh
|c|âMick H|lol
|
|switch|p1a: Tentacruel|Tentacruel, M|361\/361
|move|p2a: Jirachi|Healing Wish|p2a: Jirachi
|faint|p2a: Jirachi
|
|
|switch|p2a: Zygarde|Zygarde|162\/357
|-heal|p2a: Zygarde|357\/357|[from] move: Healing Wish
|-damage|p2a: Zygarde|298\/357|[from] Spikes
|-ability|p2a: Zygarde|Aura Break
|turn|51
|
|move|p2a: Zygarde|Dragon Dance|p2a: Zygarde
|-boost|p2a: Zygarde|atk|1
|-boost|p2a: Zygarde|spe|1
|move|p1a: Tentacruel|Scald|p2a: Zygarde
|-damage|p2a: Zygarde|217\/357
|-status|p2a: Zygarde|brn
|
|-damage|p2a: Zygarde|173\/357 brn|[from] brn
|turn|52
|
|switch|p1a: Suicune|Suicune|404\/404 slp
|-ability|p1a: Suicune|Pressure
|move|p2a: Zygarde|Earthquake|p1a: Suicune
|-damage|p1a: Suicune|314\/404 slp
|-damage|p2a: Zygarde|138\/357 brn|[from] item: Life Orb
|
|-heal|p1a: Suicune|339\/404 slp|[from] item: Leftovers
|-damage|p2a: Zygarde|94\/357 brn|[from] brn
|turn|53
|
|move|p2a: Zygarde|Dragon Dance|p2a: Zygarde
|-boost|p2a: Zygarde|atk|1
|-boost|p2a: Zygarde|spe|1
|cant|p1a: Suicune|slp
|move|p1a: Suicune|Sleep Talk|p1a: Suicune
|move|p1a: Suicune|Scald|p2a: Zygarde|[from]Sleep Talk
|-damage|p2a: Zygarde|6\/357 brn
|
|-heal|p1a: Suicune|364\/404 slp|[from] item: Leftovers
|-damage|p2a: Zygarde|0 fnt|[from] brn
|faint|p2a: Zygarde
|
|switch|p2a: Swampert|Swampert, M|376\/401
|-damage|p2a: Swampert|310\/401|[from] Spikes
|turn|54
|
|cant|p1a: Suicune|slp
|move|p1a: Suicune|Sleep Talk|p1a: Suicune
|move|p1a: Suicune|Rest|p1a: Suicune|[from]Sleep Talk
|-fail|p1a: Suicune
|move|p2a: Swampert|Stealth Rock|p1a: Suicune
|-sidestart|p1: oh no oh no|move: Stealth Rock
|
|-heal|p1a: Suicune|389\/404 slp|[from] item: Leftovers
|-heal|p2a: Swampert|335\/401|[from] item: Leftovers
|turn|55
|
|-curestatus|p1a: Suicune|slp
|move|p1a: Suicune|Scald|p2a: Swampert
|-damage|p2a: Swampert|242\/401
|move|p2a: Swampert|Earthquake|p1a: Suicune
|-damage|p1a: Suicune|307\/404
|
|-heal|p1a: Suicune|332\/404|[from] item: Leftovers
|-heal|p2a: Swampert|267\/401|[from] item: Leftovers
|turn|56
|
|move|p1a: Suicune|Scald|p2a: Swampert
|-damage|p2a: Swampert|173\/401
|-status|p2a: Swampert|brn
|move|p2a: Swampert|Earthquake|p1a: Suicune
|-damage|p1a: Suicune|284\/404
|
|-heal|p1a: Suicune|309\/404|[from] item: Leftovers
|-heal|p2a: Swampert|198\/401 brn|[from] item: Leftovers
|-damage|p2a: Swampert|148\/401 brn|[from] brn
|turn|57
|
|switch|p1a: Tentacruel|Tentacruel, M|361\/361
|-damage|p1a: Tentacruel|316\/361|[from] Stealth Rock
|move|p2a: Swampert|Earthquake|p1a: Tentacruel
|-supereffective|p1a: Tentacruel
|-damage|p1a: Tentacruel|200\/361
|
|-heal|p1a: Tentacruel|222\/361|[from] item: Black Sludge
|-heal|p2a: Swampert|173\/401 brn|[from] item: Leftovers
|-damage|p2a: Swampert|123\/401 brn|[from] brn
|turn|58
|
|move|p1a: Tentacruel|Rapid Spin|p2a: Swampert
|-damage|p2a: Swampert|114\/401 brn
|-sideend|p1: oh no oh no|Stealth Rock|[from] move: Rapid Spin|[of] p1a: Tentacruel
|move|p2a: Swampert|Earthquake|p1a: Tentacruel
|-supereffective|p1a: Tentacruel
|-damage|p1a: Tentacruel|100\/361
|
|-heal|p1a: Tentacruel|122\/361|[from] item: Black Sludge
|-heal|p2a: Swampert|139\/401 brn|[from] item: Leftovers
|-damage|p2a: Swampert|89\/401 brn|[from] brn
|turn|59
|
|move|p1a: Tentacruel|Scald|p2a: Swampert
|-damage|p2a: Swampert|2\/401 brn
|move|p2a: Swampert|Stealth Rock|p1a: Tentacruel
|-sidestart|p1: oh no oh no|move: Stealth Rock
|
|-heal|p1a: Tentacruel|144\/361|[from] item: Black Sludge
|-heal|p2a: Swampert|27\/401 brn|[from] item: Leftovers
|-damage|p2a: Swampert|0 fnt|[from] brn
|faint|p2a: Swampert
|
|switch|p2a: Aerodactyl|Aerodactyl-Mega, F|81\/301
|turn|60
|
|switch|p1a: Suicune|Suicune|309\/404
|-damage|p1a: Suicune|259\/404|[from] Stealth Rock
|-ability|p1a: Suicune|Pressure
|move|p2a: Aerodactyl|Earthquake|p1a: Suicune
|-damage|p1a: Suicune|185\/404
|
|-heal|p1a: Suicune|210\/404|[from] item: Leftovers
|turn|61
|
|move|p2a: Aerodactyl|Aerial Ace|p1a: Suicune
|-damage|p1a: Suicune|113\/404
|move|p1a: Suicune|Scald|p2a: Aerodactyl
|-supereffective|p2a: Aerodactyl
|-damage|p2a: Aerodactyl|0 fnt
|faint|p2a: Aerodactyl
|
|-heal|p1a: Suicune|138\/404|[from] item: Leftovers
|
|switch|p2a: Tentacruel|Tentacruel, F|4\/361 brn
|-damage|p2a: Tentacruel|0 fnt|[from] Spikes
|faint|p2a: Tentacruel
|
|switch|p2a: Reuniclus|Reuniclus, M|370\/424
|turn|62
|
|switch|p1a: Blissey|Blissey, F|657\/657
|-damage|p1a: Blissey|575\/657|[from] Stealth Rock
|move|p2a: Reuniclus|Calm Mind|p2a: Reuniclus
|-boost|p2a: Reuniclus|spa|1
|-boost|p2a: Reuniclus|spd|1
|
|-heal|p1a: Blissey|616\/657|[from] item: Leftovers
|turn|63
|
|move|p1a: Blissey|Seismic Toss|p2a: Reuniclus
|-damage|p2a: Reuniclus|270\/424
|move|p2a: Reuniclus|Calm Mind|p2a: Reuniclus
|-boost|p2a: Reuniclus|spa|1
|-boost|p2a: Reuniclus|spd|1
|
|-heal|p1a: Blissey|657\/657|[from] item: Leftovers
|turn|64
|
|move|p1a: Blissey|Seismic Toss|p2a: Reuniclus
|-damage|p2a: Reuniclus|170\/424
|move|p2a: Reuniclus|Recover|p2a: Reuniclus
|-heal|p2a: Reuniclus|382\/424
|
|turn|65
|
|move|p1a: Blissey|Seismic Toss|p2a: Reuniclus
|-damage|p2a: Reuniclus|282\/424
|move|p2a: Reuniclus|Calm Mind|p2a: Reuniclus
|-boost|p2a: Reuniclus|spa|1
|-boost|p2a: Reuniclus|spd|1
|
|turn|66
|
|move|p1a: Blissey|Seismic Toss|p2a: Reuniclus
|-damage|p2a: Reuniclus|182\/424
|move|p2a: Reuniclus|Recover|p2a: Reuniclus
|-heal|p2a: Reuniclus|394\/424
|
|turn|67
|
|move|p1a: Blissey|Seismic Toss|p2a: Reuniclus
|-damage|p2a: Reuniclus|294\/424
|move|p2a: Reuniclus|Calm Mind|p2a: Reuniclus
|-boost|p2a: Reuniclus|spa|1
|-boost|p2a: Reuniclus|spd|1
|
|turn|68
|
|move|p1a: Blissey|Seismic Toss|p2a: Reuniclus
|-damage|p2a: Reuniclus|194\/424
|move|p2a: Reuniclus|Recover|p2a: Reuniclus
|-heal|p2a: Reuniclus|406\/424
|
|turn|69
|
|move|p1a: Blissey|Seismic Toss|p2a: Reuniclus
|-damage|p2a: Reuniclus|306\/424
|move|p2a: Reuniclus|Psyshock|p1a: Blissey
|-damage|p1a: Blissey|0 fnt
|faint|p1a: Blissey
|
|c|âMick H|its over buddy
|-message|oh no oh no forfeited.
|
|win|Mick H
|raw|Ladder updating...
|leave|oh no oh no
|player|p1
|raw|oh no oh no's rating: 1434 &rarr; <strong>1410<\/strong><br \/>(-24 for losing)
|raw|Mick H's rating: 1360 &rarr; <strong>1384<\/strong><br \/>(+24 for winning)