|join|hailjosh
|join|oh no oh no
|player|p1|hailjosh|266
|player|p2|oh no oh no|157
|gametype|singles
|gen|6
|tier|UU
|rule|Sleep Clause Mod: Limit one foe put to sleep
|rule|Species Clause: Limit one of each PokÃ©mon
|rule|OHKO Clause: OHKO moves are banned
|rule|Moody Clause: Moody is banned
|rule|Evasion Moves Clause: Evasion moves are banned
|rule|Endless Battle Clause: Forcing endless battles is banned
|rule|HP Percentage Mod: HP is shown in percentages
|clearpoke
|poke|p1|Swampert, F
|poke|p1|Crobat, M
|poke|p1|Jirachi
|poke|p1|Lucario, F
|poke|p1|Florges, F
|poke|p1|Sceptile, M
|poke|p2|Raikou
|poke|p2|Starmie
|poke|p2|Crobat, M
|poke|p2|Krookodile, F
|poke|p2|Lucario, M
|poke|p2|Jirachi
|rule|Swagger Clause: Swagger is banned
|rule|Baton Pass Clause: Limit one PokÃ©mon knowing Baton Pass
|teampreview
|join|DrReuniclus3
|c|âhailjosh|gl hf
|c|âoh no oh no|you too
|
|start
|switch|p1a: Swampert|Swampert, F|401\/401
|switch|p2a: Krookodile|Krookodile, F|394\/394
|-ability|p2a: Krookodile|Intimidate|[of] p1a: Swampert
|-unboost|p1a: Swampert|atk|1
|turn|1
|
|switch|p2a: Starmie|Starmie|324\/324
|move|p1a: Swampert|Scald|p2a: Starmie
|-resisted|p2a: Starmie
|-damage|p2a: Starmie|280\/324
|
|-heal|p2a: Starmie|300\/324|[from] item: Leftovers
|turn|2
|
|move|p2a: Starmie|Scald|p1a: Swampert
|-damage|p1a: Swampert|304\/401
|move|p1a: Swampert|Stealth Rock|p2a: Starmie
|-sidestart|p2: oh no oh no|move: Stealth Rock
|
|-heal|p2a: Starmie|320\/324|[from] item: Leftovers
|-heal|p1a: Swampert|329\/401|[from] item: Leftovers
|turn|3
|
|switch|p1a: Sceptile|Sceptile, M|281\/281
|move|p2a: Starmie|Rapid Spin|p1a: Sceptile
|-damage|p1a: Sceptile|264\/281
|-sideend|p2: oh no oh no|Stealth Rock|[from] move: Rapid Spin|[of] p2a: Starmie
|
|-heal|p2a: Starmie|324\/324|[from] item: Leftovers
|turn|4
|
|switch|p2a: Crobat|Crobat, M|374\/374
|detailschange|p1a: Sceptile|Sceptile-Mega, M
|-mega|p1a: Sceptile|Sceptile|Sceptilite
|move|p1a: Sceptile|Substitute|p1a: Sceptile
|-start|p1a: Sceptile|Substitute
|-damage|p1a: Sceptile|194\/281
|
|turn|5
|
|move|p1a: Sceptile|Dragon Pulse|p2a: Crobat
|-crit|p2a: Crobat
|-damage|p2a: Crobat|85\/374
|move|p2a: Crobat|Taunt|p1a: Sceptile
|-start|p1a: Sceptile|move: Taunt
|
|-heal|p2a: Crobat|108\/374|[from] item: Leftovers
|turn|6
|
|switch|p2a: Jirachi|Jirachi|341\/341
|move|p1a: Sceptile|Dragon Pulse|p2a: Jirachi
|-resisted|p2a: Jirachi
|-damage|p2a: Jirachi|254\/341
|
|turn|7
|
|move|p2a: Jirachi|U-turn|p1a: Sceptile
|-supereffective|p1a: Sceptile
|-end|p1a: Sceptile|Substitute
|
|switch|p2a: Crobat|Crobat, M|108\/374
|move|p1a: Sceptile|Focus Blast|p2a: Crobat
|-resisted|p2a: Crobat
|-damage|p2a: Crobat|65\/374
|
|-heal|p2a: Crobat|88\/374|[from] item: Leftovers
|turn|8
|
|switch|p2a: Jirachi|Jirachi|254\/341
|move|p1a: Sceptile|Dragon Pulse|p2a: Jirachi
|-resisted|p2a: Jirachi
|-damage|p2a: Jirachi|167\/341
|
|-end|p1a: Sceptile|move: Taunt
|turn|9
|
|switch|p1a: Swampert|Swampert, F|329\/401
|move|p2a: Jirachi|Iron Head|p1a: Swampert
|-resisted|p1a: Swampert
|-damage|p1a: Swampert|280\/401
|
|-heal|p1a: Swampert|305\/401|[from] item: Leftovers
|turn|10
|
|switch|p2a: Starmie|Starmie|324\/324
|move|p1a: Swampert|Stealth Rock|p2a: Starmie
|-sidestart|p2: oh no oh no|move: Stealth Rock
|
|-heal|p1a: Swampert|330\/401|[from] item: Leftovers
|turn|11
|
|switch|p1a: Sceptile|Sceptile-Mega, M|194\/281
|move|p2a: Starmie|Rapid Spin|p1a: Sceptile
|-damage|p1a: Sceptile|179\/281
|-sideend|p2: oh no oh no|Stealth Rock|[from] move: Rapid Spin|[of] p2a: Starmie
|
|turn|12
|
|switch|p2a: Jirachi|Jirachi|167\/341
|move|p1a: Sceptile|Substitute|p1a: Sceptile
|-start|p1a: Sceptile|Substitute
|-damage|p1a: Sceptile|109\/281
|
|turn|13
|
|move|p2a: Jirachi|U-turn|p1a: Sceptile
|-supereffective|p1a: Sceptile
|-end|p1a: Sceptile|Substitute
|
|switch|p2a: Raikou|Raikou|322\/322
|-ability|p2a: Raikou|Pressure
|move|p1a: Sceptile|Dragon Pulse|p2a: Raikou
|-damage|p2a: Raikou|166\/322
|
|turn|14
|
|switch|p1a: Florges|Florges, F|360\/360
|switch|p2a: Jirachi|Jirachi|167\/341
|
|turn|15
|
|move|p1a: Florges|Protect|p1a: Florges
|-singleturn|p1a: Florges|Protect
|move|p2a: Jirachi|Iron Head|p1a: Florges
|-activate|p1a: Florges|Protect
|
|turn|16
|
|switch|p2a: Krookodile|Krookodile, F|394\/394
|-ability|p2a: Krookodile|Intimidate|[of] p1a: Florges
|-unboost|p1a: Florges|atk|1
|switch|p1a: Swampert|Swampert, F|330\/401
|
|-heal|p1a: Swampert|355\/401|[from] item: Leftovers
|turn|17
|
|move|p2a: Krookodile|Stealth Rock|p1a: Swampert
|-sidestart|p1: hailjosh|move: Stealth Rock
|move|p1a: Swampert|Scald|p2a: Krookodile
|-supereffective|p2a: Krookodile
|-damage|p2a: Krookodile|190\/394
|
|-heal|p2a: Krookodile|214\/394|[from] item: Leftovers
|-heal|p1a: Swampert|380\/401|[from] item: Leftovers
|turn|18
|
|move|p2a: Krookodile|Knock Off|p1a: Swampert
|-damage|p1a: Swampert|280\/401
|-enditem|p1a: Swampert|Leftovers|[from] move: Knock Off|[of] p2a: Krookodile
|move|p1a: Swampert|Earthquake|p2a: Krookodile
|-damage|p2a: Krookodile|105\/394
|
|-heal|p2a: Krookodile|129\/394|[from] item: Leftovers
|turn|19
|
|switch|p2a: Starmie|Starmie|324\/324
|move|p1a: Swampert|Earthquake|p2a: Starmie
|-damage|p2a: Starmie|177\/324
|
|-heal|p2a: Starmie|197\/324|[from] item: Leftovers
|turn|20
|
|switch|p1a: Florges|Florges, F|360\/360
|-damage|p1a: Florges|315\/360|[from] Stealth Rock
|move|p2a: Starmie|Scald|p1a: Florges
|-damage|p1a: Florges|248\/360
|-status|p1a: Florges|brn
|
|-heal|p2a: Starmie|217\/324|[from] item: Leftovers
|-heal|p1a: Florges|270\/360 brn|[from] item: Leftovers
|-damage|p1a: Florges|225\/360 brn|[from] brn
|turn|21
|
|switch|p2a: Crobat|Crobat, M|88\/374
|switch|p1a: Jirachi|Jirachi|341\/341
|-damage|p1a: Jirachi|320\/341|[from] Stealth Rock
|
|-heal|p2a: Crobat|111\/374|[from] item: Leftovers
|turn|22
|
|switch|p2a: Lucario|Lucario, M|281\/281
|move|p1a: Jirachi|U-turn|p2a: Lucario
|-resisted|p2a: Lucario
|-damage|p2a: Lucario|260\/281
|
|switch|p1a: Swampert|Swampert, F|280\/401
|-damage|p1a: Swampert|255\/401|[from] Stealth Rock
|
|turn|23
|
|switch|p2a: Starmie|Starmie|217\/324
|move|p1a: Swampert|Earthquake|p2a: Starmie
|-damage|p2a: Starmie|75\/324
|
|-heal|p2a: Starmie|95\/324|[from] item: Leftovers
|turn|24
|
|move|p2a: Starmie|Recover|p2a: Starmie
|-heal|p2a: Starmie|257\/324
|move|p1a: Swampert|Earthquake|p2a: Starmie
|-damage|p2a: Starmie|110\/324
|
|-heal|p2a: Starmie|130\/324|[from] item: Leftovers
|turn|25
|
|move|p2a: Starmie|Recover|p2a: Starmie
|-heal|p2a: Starmie|292\/324
|move|p1a: Swampert|Roar|p2a: Starmie
|drag|p2a: Lucario|Lucario, M|260\/281
|
|turn|26
|
|switch|p2a: Starmie|Starmie|292\/324
|move|p1a: Swampert|Scald|p2a: Starmie
|-resisted|p2a: Starmie
|-damage|p2a: Starmie|246\/324
|-status|p2a: Starmie|brn
|
|-heal|p2a: Starmie|266\/324 brn|[from] item: Leftovers
|-damage|p2a: Starmie|226\/324 brn|[from] brn
|turn|27
|
|move|p2a: Starmie|Scald|p1a: Swampert
|-damage|p1a: Swampert|150\/401
|move|p1a: Swampert|Scald|p2a: Starmie
|-resisted|p2a: Starmie
|-damage|p2a: Starmie|175\/324 brn
|
|-heal|p2a: Starmie|195\/324 brn|[from] item: Leftovers
|-damage|p2a: Starmie|155\/324 brn|[from] brn
|turn|28
|
|move|p2a: Starmie|Recover|p2a: Starmie
|-heal|p2a: Starmie|317\/324 brn
|move|p1a: Swampert|Earthquake|p2a: Starmie
|-damage|p2a: Starmie|166\/324 brn
|
|-heal|p2a: Starmie|186\/324 brn|[from] item: Leftovers
|-damage|p2a: Starmie|146\/324 brn|[from] brn
|turn|29
|
|switch|p2a: Crobat|Crobat, M|111\/374
|move|p1a: Swampert|Earthquake|p2a: Crobat
|-immune|p2a: Crobat|[msg]
|
|-heal|p2a: Crobat|134\/374|[from] item: Leftovers
|turn|30
|
|switch|p2a: Raikou|Raikou|166\/322
|-ability|p2a: Raikou|Pressure
|move|p1a: Swampert|Earthquake|p2a: Raikou
|-supereffective|p2a: Raikou
|-damage|p2a: Raikou|0 fnt
|faint|p2a: Raikou
|
|
|switch|p2a: Lucario|Lucario, M|260\/281
|turn|31
|
|move|p2a: Lucario|Close Combat|p1a: Swampert
|-damage|p1a: Swampert|0 fnt
|-unboost|p2a: Lucario|def|1
|-unboost|p2a: Lucario|spd|1
|-damage|p2a: Lucario|232\/281|[from] item: Life Orb
|faint|p1a: Swampert
|
|
|switch|p1a: Crobat|Crobat, M|365\/365
|-damage|p1a: Crobat|274\/365|[from] Stealth Rock
|turn|32
|
|switch|p2a: Krookodile|Krookodile, F|129\/394
|-ability|p2a: Krookodile|Intimidate|[of] p1a: Crobat
|-unboost|p1a: Crobat|atk|1
|move|p1a: Crobat|Brave Bird|p2a: Krookodile
|-damage|p2a: Krookodile|38\/394
|-damage|p1a: Crobat|244\/365|[from] recoil|[of] p2a: Krookodile
|
|-heal|p1a: Crobat|266\/365|[from] item: Black Sludge
|-heal|p2a: Krookodile|62\/394|[from] item: Leftovers
|turn|33
|
|switch|p2a: Jirachi|Jirachi|167\/341
|move|p1a: Crobat|Brave Bird|p2a: Jirachi
|-resisted|p2a: Jirachi
|-damage|p2a: Jirachi|122\/341
|-damage|p1a: Crobat|251\/365|[from] recoil|[of] p2a: Jirachi
|
|-heal|p1a: Crobat|273\/365|[from] item: Black Sludge
|turn|34
|
|move|p2a: Jirachi|Zen Headbutt|p1a: Crobat|[miss]
|-miss|p2a: Jirachi|p1a: Crobat
|move|p1a: Crobat|Defog|p2a: Jirachi
|-unboost|p2a: Jirachi|evasion|1
|-sideend|p1: hailjosh|Stealth Rock|[from] move: Defog|[of] p1a: Crobat
|
|-heal|p1a: Crobat|295\/365|[from] item: Black Sludge
|turn|35
|
|switch|p2a: Krookodile|Krookodile, F|62\/394
|-ability|p2a: Krookodile|Intimidate|[of] p1a: Crobat
|-unboost|p1a: Crobat|atk|1
|switch|p1a: Jirachi|Jirachi|320\/341
|
|-heal|p2a: Krookodile|86\/394|[from] item: Leftovers
|turn|36
|
|switch|p2a: Lucario|Lucario, M|232\/281
|move|p1a: Jirachi|U-turn|p2a: Lucario
|-resisted|p2a: Lucario
|-damage|p2a: Lucario|210\/281
|
|switch|p1a: Crobat|Crobat, M|295\/365
|
|-heal|p1a: Crobat|317\/365|[from] item: Black Sludge
|turn|37
|
|move|p2a: Lucario|Extreme Speed|p1a: Crobat
|-damage|p1a: Crobat|179\/365
|-damage|p2a: Lucario|182\/281|[from] item: Life Orb
|move|p1a: Crobat|Brave Bird|p2a: Lucario
|-damage|p2a: Lucario|2\/281
|-damage|p1a: Crobat|120\/365|[from] recoil|[of] p2a: Lucario
|
|-heal|p1a: Crobat|142\/365|[from] item: Black Sludge
|turn|38
|
|switch|p2a: Krookodile|Krookodile, F|86\/394
|-ability|p2a: Krookodile|Intimidate|[of] p1a: Crobat
|-unboost|p1a: Crobat|atk|1
|move|p1a: Crobat|Brave Bird|p2a: Krookodile
|-damage|p2a: Krookodile|0 fnt
|-damage|p1a: Crobat|114\/365|[from] recoil|[of] p2a: Krookodile
|faint|p2a: Krookodile
|
|-heal|p1a: Crobat|136\/365|[from] item: Black Sludge
|
|switch|p2a: Jirachi|Jirachi|122\/341
|turn|39
|
|move|p2a: Jirachi|Iron Head|p1a: Crobat
|-damage|p1a: Crobat|0 fnt
|faint|p1a: Crobat
|
|
|switch|p1a: Lucario|Lucario, F|281\/281
|turn|40
|
|move|p2a: Jirachi|Iron Head|p1a: Lucario
|-resisted|p1a: Lucario
|-damage|p1a: Lucario|196\/281
|cant|p1a: Lucario|flinch
|
|turn|41
|
|move|p2a: Jirachi|Iron Head|p1a: Lucario
|-resisted|p1a: Lucario
|-damage|p1a: Lucario|117\/281
|move|p1a: Lucario|Swords Dance|p1a: Lucario
|-boost|p1a: Lucario|atk|2
|
|turn|42
|
|move|p1a: Lucario|Extreme Speed|p2a: Jirachi
|-crit|p2a: Jirachi
|-resisted|p2a: Jirachi
|-damage|p2a: Jirachi|0 fnt
|-damage|p1a: Lucario|89\/281|[from] item: Life Orb
|faint|p2a: Jirachi
|
|
|switch|p2a: Lucario|Lucario, M|2\/281
|turn|43
|
|switch|p1a: Jirachi|Jirachi|320\/341
|move|p2a: Lucario|Extreme Speed|p1a: Jirachi
|-resisted|p1a: Jirachi
|-damage|p1a: Jirachi|265\/341
|-damage|p2a: Lucario|0 fnt|[from] item: Life Orb
|faint|p2a: Lucario
|
|
|switch|p2a: Starmie|Starmie|146\/324
|turn|44
|
|switch|p2a: Crobat|Crobat, M|134\/374
|move|p1a: Jirachi|U-turn|p2a: Crobat
|-resisted|p2a: Crobat
|-damage|p2a: Crobat|114\/374
|
|switch|p1a: Lucario|Lucario, F|89\/281
|
|-heal|p2a: Crobat|137\/374|[from] item: Leftovers
|turn|45
|
|move|p1a: Lucario|Extreme Speed|p2a: Crobat
|-damage|p2a: Crobat|0 fnt
|-damage|p1a: Lucario|61\/281|[from] item: Life Orb
|faint|p2a: Crobat
|
|
|switch|p2a: Starmie|Starmie|146\/324
|turn|46
|
|move|p1a: Lucario|Extreme Speed|p2a: Starmie
|-damage|p2a: Starmie|17\/324
|-damage|p1a: Lucario|33\/281|[from] item: Life Orb
|move|p2a: Starmie|Scald|p1a: Lucario
|-damage|p1a: Lucario|0 fnt
|faint|p1a: Lucario
|
|-heal|p2a: Starmie|37\/324|[from] item: Leftovers
|
|switch|p1a: Sceptile|Sceptile-Mega, M|109\/281
|turn|47
|c|âhailjosh|gg, man
|
|move|p1a: Sceptile|Giga Drain|p2a: Starmie
|-supereffective|p2a: Starmie
|-damage|p2a: Starmie|0 fnt
|-heal|p1a: Sceptile|128\/281|[from] drain|[of] p2a: Starmie
|faint|p2a: Starmie
|
|win|hailjosh
|c|âoh no oh no|gg
|leave|oh no oh no
|player|p2