|join|Malefic
|join|oh no oh no
|player|p1|Malefic|2
|player|p2|oh no oh no|157
|gametype|singles
|gen|6
|tier|UU
|rated
|rule|Sleep Clause Mod: Limit one foe put to sleep
|rule|Species Clause: Limit one of each PokÃ©mon
|rule|OHKO Clause: OHKO moves are banned
|rule|Moody Clause: Moody is banned
|rule|Evasion Moves Clause: Evasion moves are banned
|rule|Endless Battle Clause: Forcing endless battles is banned
|rule|HP Percentage Mod: HP is shown in percentages
|clearpoke
|poke|p1|Florges, F
|poke|p1|Suicune
|poke|p1|Gligar, M
|poke|p1|Blissey, F
|poke|p1|Tentacruel, F
|poke|p1|Aggron, M
|poke|p2|Weezing, M
|poke|p2|Forretress, F
|poke|p2|Suicune
|poke|p2|Celebi
|poke|p2|Blissey, F
|poke|p2|Spiritomb, M
|rule|Swagger Clause: Swagger is banned
|rule|Baton Pass Clause: Limit one PokÃ©mon knowing Baton Pass
|teampreview
|
|start
|switch|p1a: Gligar|Gligar, M|331\/331
|switch|p2a: Body and Soul|Forretress, F|354\/354
|turn|1
|
|move|p1a: Gligar|Knock Off|p2a: Body and Soul
|-damage|p2a: Body and Soul|321\/354
|-enditem|p2a: Body and Soul|Leftovers|[from] move: Knock Off|[of] p1a: Gligar
|move|p2a: Body and Soul|Toxic|p1a: Gligar
|-status|p1a: Gligar|tox
|
|-damage|p1a: Gligar|311\/331 tox|[from] psn
|turn|2
|
|switch|p1a: Suicune|Suicune|404\/404
|-ability|p1a: Suicune|Pressure
|move|p2a: Body and Soul|Spikes|p1a: Suicune
|-sidestart|p1: Malefic|Spikes
|
|turn|3
|
|switch|p1a: Tentacruel|Tentacruel, F|363\/363
|-damage|p1a: Tentacruel|318\/363|[from] Spikes
|switch|p2a: Lush Life|Celebi|403\/403
|
|-heal|p1a: Tentacruel|340\/363|[from] item: Black Sludge
|turn|4
|
|switch|p2a: Bitches Brew|Spiritomb, M|304\/304
|move|p1a: Tentacruel|Rapid Spin|p2a: Bitches Brew
|-immune|p2a: Bitches Brew|[msg]
|
|-heal|p1a: Tentacruel|362\/363|[from] item: Black Sludge
|turn|5
|
|move|p1a: Tentacruel|Toxic Spikes|p2a: Bitches Brew
|-sidestart|p2: oh no oh no|move: Toxic Spikes
|move|p2a: Bitches Brew|Will-O-Wisp|p1a: Tentacruel
|-status|p1a: Tentacruel|brn
|
|-heal|p1a: Tentacruel|363\/363 brn|[from] item: Black Sludge
|-damage|p1a: Tentacruel|318\/363 brn|[from] brn
|turn|6
|
|switch|p1a: Florges|Florges, F|359\/359
|-damage|p1a: Florges|315\/359|[from] Spikes
|move|p2a: Bitches Brew|Foul Play|p1a: Florges
|-resisted|p1a: Florges
|-damage|p1a: Florges|289\/359
|
|-heal|p1a: Florges|311\/359|[from] item: Leftovers
|turn|7
|
|switch|p2a: Body and Soul|Forretress, F|321\/354
|move|p1a: Florges|Calm Mind|p1a: Florges
|-boost|p1a: Florges|spa|1
|-boost|p1a: Florges|spd|1
|
|-heal|p1a: Florges|333\/359|[from] item: Leftovers
|turn|8
|
|move|p1a: Florges|Moonblast|p2a: Body and Soul
|-resisted|p2a: Body and Soul
|-damage|p2a: Body and Soul|177\/354
|move|p2a: Body and Soul|Toxic|p1a: Florges
|-status|p1a: Florges|tox
|
|-heal|p1a: Florges|355\/359 tox|[from] item: Leftovers
|-damage|p1a: Florges|333\/359 tox|[from] psn
|turn|9
|
|move|p1a: Florges|Moonblast|p2a: Body and Soul
|-resisted|p2a: Body and Soul
|-damage|p2a: Body and Soul|29\/354
|move|p2a: Body and Soul|Rapid Spin|p1a: Florges
|-damage|p1a: Florges|318\/359 tox
|-sideend|p2: oh no oh no|Toxic Spikes|[from] move: Rapid Spin|[of] p2a: Body and Soul
|
|-heal|p1a: Florges|340\/359 tox|[from] item: Leftovers
|-damage|p1a: Florges|296\/359 tox|[from] psn
|turn|10
|
|switch|p2a: My Foolish Heart|Blissey, F|657\/657
|move|p1a: Florges|Aromatherapy|p1a: Florges
|-cureteam|p1a: Florges|[from] move: Aromatherapy
|
|-heal|p1a: Florges|318\/359|[from] item: Leftovers
|turn|11
|
|switch|p1a: Aggron|Aggron, M|344\/344
|-damage|p1a: Aggron|301\/344|[from] Spikes
|move|p2a: My Foolish Heart|Toxic|p1a: Aggron
|-fail|p1a: Aggron
|
|turn|12
|
|switch|p2a: Body and Soul|Forretress, F|29\/354
|detailschange|p1a: Aggron|Aggron-Mega, M
|-mega|p1a: Aggron|Aggron|Aggronite
|move|p1a: Aggron|Stealth Rock|p2a: Body and Soul
|-sidestart|p2: oh no oh no|move: Stealth Rock
|
|turn|13
|
|move|p1a: Aggron|Earthquake|p2a: Body and Soul
|-damage|p2a: Body and Soul|0 fnt
|faint|p2a: Body and Soul
|
|
|switch|p2a: Bitches Brew|Spiritomb, M|304\/304
|-damage|p2a: Bitches Brew|266\/304|[from] Stealth Rock
|turn|14
|
|switch|p1a: Florges|Florges, F|318\/359
|-damage|p1a: Florges|274\/359|[from] Spikes
|move|p2a: Bitches Brew|Will-O-Wisp|p1a: Florges
|-status|p1a: Florges|brn
|
|-heal|p1a: Florges|296\/359 brn|[from] item: Leftovers
|-heal|p2a: Bitches Brew|285\/304|[from] item: Leftovers
|-damage|p1a: Florges|252\/359 brn|[from] brn
|turn|15
|
|switch|p1a: Tentacruel|Tentacruel, F|318\/363
|-damage|p1a: Tentacruel|273\/363|[from] Spikes
|switch|p2a: Lush Life|Celebi|403\/403
|-damage|p2a: Lush Life|353\/403|[from] Stealth Rock
|
|-heal|p2a: Lush Life|378\/403|[from] item: Leftovers
|-heal|p1a: Tentacruel|295\/363|[from] item: Black Sludge
|turn|16
|
|switch|p2a: Bitches Brew|Spiritomb, M|285\/304
|-damage|p2a: Bitches Brew|247\/304|[from] Stealth Rock
|move|p1a: Tentacruel|Toxic Spikes|p2a: Bitches Brew
|-sidestart|p2: oh no oh no|move: Toxic Spikes
|
|-heal|p1a: Tentacruel|317\/363|[from] item: Black Sludge
|-heal|p2a: Bitches Brew|266\/304|[from] item: Leftovers
|turn|17
|
|move|p1a: Tentacruel|Acid Spray|p2a: Bitches Brew
|-resisted|p2a: Bitches Brew
|-damage|p2a: Bitches Brew|251\/304
|-unboost|p2a: Bitches Brew|spd|2
|move|p2a: Bitches Brew|Will-O-Wisp|p1a: Tentacruel
|-status|p1a: Tentacruel|brn
|
|-heal|p1a: Tentacruel|339\/363 brn|[from] item: Black Sludge
|-heal|p2a: Bitches Brew|270\/304|[from] item: Leftovers
|-damage|p1a: Tentacruel|294\/363 brn|[from] brn
|turn|18
|
|move|p1a: Tentacruel|Rapid Spin|p2a: Bitches Brew
|-immune|p2a: Bitches Brew|[msg]
|move|p2a: Bitches Brew|Foul Play|p1a: Tentacruel
|-damage|p1a: Tentacruel|234\/363 brn
|
|-heal|p1a: Tentacruel|256\/363 brn|[from] item: Black Sludge
|-heal|p2a: Bitches Brew|289\/304|[from] item: Leftovers
|-damage|p1a: Tentacruel|211\/363 brn|[from] brn
|turn|19
|
|switch|p1a: Florges|Florges, F|252\/359 brn
|-damage|p1a: Florges|208\/359 brn|[from] Spikes
|move|p2a: Bitches Brew|Foul Play|p1a: Florges
|-resisted|p1a: Florges
|-damage|p1a: Florges|179\/359 brn
|
|-heal|p1a: Florges|201\/359 brn|[from] item: Leftovers
|-heal|p2a: Bitches Brew|304\/304|[from] item: Leftovers
|-damage|p1a: Florges|157\/359 brn|[from] brn
|turn|20
|
|switch|p2a: Blue in Green|Suicune|404\/404
|-status|p2a: Blue in Green|psn
|-damage|p2a: Blue in Green|354\/404 psn|[from] Stealth Rock
|-ability|p2a: Blue in Green|Pressure
|move|p1a: Florges|Aromatherapy|p1a: Florges
|-cureteam|p1a: Florges|[from] move: Aromatherapy
|
|-heal|p2a: Blue in Green|379\/404 psn|[from] item: Leftovers
|-heal|p1a: Florges|179\/359|[from] item: Leftovers
|-damage|p2a: Blue in Green|329\/404 psn|[from] psn
|turn|21
|
|switch|p1a: Blissey|Blissey, F|652\/652
|-damage|p1a: Blissey|571\/652|[from] Spikes
|move|p2a: Blue in Green|Roar|p1a: Blissey
|drag|p1a: Tentacruel|Tentacruel, F|211\/363
|-damage|p1a: Tentacruel|166\/363|[from] Spikes
|
|-heal|p1a: Tentacruel|188\/363|[from] item: Black Sludge
|-heal|p2a: Blue in Green|354\/404 psn|[from] item: Leftovers
|-damage|p2a: Blue in Green|304\/404 psn|[from] psn
|turn|22
|
|switch|p1a: Blissey|Blissey, F|571\/652
|-damage|p1a: Blissey|490\/652|[from] Spikes
|switch|p2a: Bitches Brew|Spiritomb, M|304\/304
|-damage|p2a: Bitches Brew|266\/304|[from] Stealth Rock
|-status|p2a: Bitches Brew|psn
|
|-heal|p1a: Blissey|530\/652|[from] item: Leftovers
|-heal|p2a: Bitches Brew|285\/304 psn|[from] item: Leftovers
|-damage|p2a: Bitches Brew|247\/304 psn|[from] psn
|turn|23
|
|switch|p2a: Blue in Green|Suicune|304\/404 psn
|-damage|p2a: Blue in Green|254\/404 psn|[from] Stealth Rock
|-ability|p2a: Blue in Green|Pressure
|move|p1a: Blissey|Wish|p1a: Blissey
|
|-heal|p2a: Blue in Green|279\/404 psn|[from] item: Leftovers
|-heal|p1a: Blissey|570\/652|[from] item: Leftovers
|-damage|p2a: Blue in Green|229\/404 psn|[from] psn
|turn|24
|
|move|p1a: Blissey|Seismic Toss|p2a: Blue in Green
|-damage|p2a: Blue in Green|129\/404 psn
|move|p2a: Blue in Green|Roar|p1a: Blissey
|drag|p1a: Tentacruel|Tentacruel, F|188\/363
|-damage|p1a: Tentacruel|143\/363|[from] Spikes
|
|-heal|p1a: Tentacruel|363\/363|[from] move: Wish|[wisher] Blissey
|-heal|p2a: Blue in Green|154\/404 psn|[from] item: Leftovers
|-damage|p2a: Blue in Green|104\/404 psn|[from] psn
|turn|25
|-message|oh no oh no forfeited.
|leave|oh no oh no
|
|win|Malefic
|raw|Ladder updating...
|player|p2
|raw|Malefic's rating: 1499 &rarr; <strong>1526<\/strong><br \/>(+27 for winning)
|raw|oh no oh no's rating: 1627 &rarr; <strong>1600<\/strong><br \/>(-27 for losing)