|join|SlaniaMJL
|join|oh no oh no
|player|p1|SlaniaMJL|266
|player|p2|oh no oh no|266
|gametype|singles
|gen|6
|tier|UU
|rated
|rule|Sleep Clause Mod: Limit one foe put to sleep
|rule|Species Clause: Limit one of each PokÃ©mon
|rule|OHKO Clause: OHKO moves are banned
|rule|Moody Clause: Moody is banned
|rule|Evasion Moves Clause: Evasion moves are banned
|rule|Endless Battle Clause: Forcing endless battles is banned
|rule|HP Percentage Mod: HP is shown in percentages
|clearpoke
|poke|p1|Arcanine, F
|poke|p1|Machamp, M
|poke|p1|Roserade, F
|poke|p1|Donphan, F
|poke|p1|Raikou
|poke|p1|Mienshao, M
|poke|p2|Blissey, F
|poke|p2|Chesnaught, M
|poke|p2|Uxie
|poke|p2|Tentacruel, M
|poke|p2|Rotom-Heat
|poke|p2|Suicune
|rule|Swagger Clause: Swagger is banned
|rule|Baton Pass Clause: Limit one PokÃ©mon knowing Baton Pass
|teampreview
|
|start
|switch|p1a: Raikou|Raikou|322\/322
|switch|p2a: Uxie|Uxie|354\/354
|-ability|p1a: Raikou|Pressure
|turn|1
|
|move|p1a: Raikou|Volt Switch|p2a: Uxie
|-crit|p2a: Uxie
|-damage|p2a: Uxie|149\/354
|
|switch|p1a: Mienshao|Mienshao, M|271\/271
|move|p2a: Uxie|Stealth Rock|p1a: Mienshao
|-sidestart|p1: SlaniaMJL|move: Stealth Rock
|
|-heal|p2a: Uxie|171\/354|[from] item: Leftovers
|turn|2
|
|switch|p2a: Chesnaught|Chesnaught, M|380\/380
|move|p1a: Mienshao|Knock Off|p2a: Chesnaught
|-resisted|p2a: Chesnaught
|-damage|p2a: Chesnaught|341\/380
|-enditem|p2a: Chesnaught|Leftovers|[from] move: Knock Off|[of] p1a: Mienshao
|
|turn|3
|
|switch|p1a: Arcanine|Arcanine, F|384\/384
|-damage|p1a: Arcanine|288\/384|[from] Stealth Rock
|-ability|p1a: Arcanine|Intimidate|[of] p2a: Chesnaught
|-unboost|p2a: Chesnaught|atk|1
|move|p2a: Chesnaught|Leech Seed|p1a: Arcanine
|-start|p1a: Arcanine|move: Leech Seed
|
|-damage|p1a: Arcanine|240\/384|[from] Leech Seed|[of] p2a: Chesnaught
|-heal|p2a: Chesnaught|380\/380|[silent]
|turn|4
|
|move|p2a: Chesnaught|Spiky Shield|p2a: Chesnaught
|-singleturn|p2a: Chesnaught|move: Protect
|move|p1a: Arcanine|Morning Sun|p1a: Arcanine
|-heal|p1a: Arcanine|384\/384
|
|-damage|p1a: Arcanine|336\/384|[from] Leech Seed|[of] p2a: Chesnaught
|turn|5
|
|switch|p2a: Suicune|Suicune|404\/404
|-ability|p2a: Suicune|Pressure
|move|p1a: Arcanine|Will-O-Wisp|p2a: Suicune
|-status|p2a: Suicune|brn
|
|-damage|p1a: Arcanine|288\/384|[from] Leech Seed|[of] p2a: Suicune
|-damage|p2a: Suicune|354\/404 brn|[from] brn
|turn|6
|
|switch|p1a: Raikou|Raikou|322\/322
|-damage|p1a: Raikou|282\/322|[from] Stealth Rock
|-ability|p1a: Raikou|Pressure
|move|p2a: Suicune|Roar|p1a: Raikou
|drag|p1a: Mienshao|Mienshao, M|271\/271
|-damage|p1a: Mienshao|255\/271|[from] Stealth Rock
|
|-heal|p2a: Suicune|379\/404 brn|[from] item: Leftovers
|-damage|p2a: Suicune|329\/404 brn|[from] brn
|turn|7
|
|move|p1a: Mienshao|High Jump Kick|p2a: Suicune
|-damage|p2a: Suicune|121\/404 brn
|move|p2a: Suicune|Rest|p2a: Suicune
|-status|p2a: Suicune|slp
|-heal|p2a: Suicune|404\/404 slp|[silent]
|-status|p2a: Suicune|slp|[from] move: Rest
|
|turn|8
|
|switch|p2a: Chesnaught|Chesnaught, M|380\/380
|move|p1a: Mienshao|High Jump Kick|p2a: Chesnaught
|-damage|p2a: Chesnaught|178\/380
|
|turn|9
|
|switch|p1a: Roserade|Roserade, F|307\/307
|-damage|p1a: Roserade|269\/307|[from] Stealth Rock
|move|p2a: Chesnaught|Spiky Shield|p2a: Chesnaught
|-fail|p2a: Chesnaught
|
|-heal|p1a: Roserade|288\/307|[from] item: Black Sludge
|turn|10
|
|move|p1a: Roserade|Giga Drain|p2a: Chesnaught
|-resisted|p2a: Chesnaught
|-damage|p2a: Chesnaught|100\/380
|-heal|p1a: Roserade|307\/307|[from] drain|[of] p2a: Chesnaught
|move|p2a: Chesnaught|Spikes|p1a: Roserade
|-sidestart|p1: SlaniaMJL|Spikes
|
|turn|11
|
|switch|p2a: Tentacruel|Tentacruel, M|361\/361
|move|p1a: Roserade|Giga Drain|p2a: Tentacruel
|-damage|p2a: Tentacruel|262\/361
|-damage|p1a: Roserade|257\/307|[from] ability: Liquid Ooze|[of] p2a: Tentacruel
|
|-heal|p2a: Tentacruel|284\/361|[from] item: Black Sludge
|-heal|p1a: Roserade|276\/307|[from] item: Black Sludge
|turn|12
|
|move|p2a: Tentacruel|Knock Off|p1a: Roserade
|-damage|p1a: Roserade|201\/307
|-enditem|p1a: Roserade|Black Sludge|[from] move: Knock Off|[of] p2a: Tentacruel
|move|p1a: Roserade|Sleep Powder|p2a: Tentacruel|[miss]
|-miss|p1a: Roserade|p2a: Tentacruel
|
|-heal|p2a: Tentacruel|306\/361|[from] item: Black Sludge
|turn|13
|
|switch|p2a: Chesnaught|Chesnaught, M|100\/380
|move|p1a: Roserade|Leech Seed|p2a: Chesnaught
|-immune|p2a: Chesnaught|[msg]
|
|turn|14
|
|move|p1a: Roserade|Giga Drain|p2a: Chesnaught
|-resisted|p2a: Chesnaught
|-damage|p2a: Chesnaught|31\/380
|-heal|p1a: Roserade|236\/307|[from] drain|[of] p2a: Chesnaught
|move|p2a: Chesnaught|Spikes|p1a: Roserade
|-sidestart|p1: SlaniaMJL|Spikes
|
|turn|15
|
|switch|p2a: Blissey|Blissey, F|657\/657
|move|p1a: Roserade|Giga Drain|p2a: Blissey
|-damage|p2a: Blissey|584\/657
|-heal|p1a: Roserade|273\/307|[from] drain|[of] p2a: Blissey
|
|-heal|p2a: Blissey|625\/657|[from] item: Leftovers
|turn|16
|
|switch|p1a: Donphan|Donphan, F|384\/384
|-damage|p1a: Donphan|360\/384|[from] Stealth Rock
|-damage|p1a: Donphan|296\/384|[from] Spikes
|move|p2a: Blissey|Wish|p2a: Blissey
|
|-heal|p2a: Blissey|657\/657|[from] item: Leftovers
|-heal|p1a: Donphan|320\/384|[from] item: Leftovers
|turn|17
|
|switch|p2a: Chesnaught|Chesnaught, M|31\/380
|move|p1a: Donphan|Ice Shard|p2a: Chesnaught
|-supereffective|p2a: Chesnaught
|-damage|p2a: Chesnaught|0 fnt
|faint|p2a: Chesnaught
|
|-heal|p1a: Donphan|344\/384|[from] item: Leftovers
|
|switch|p2a: Tentacruel|Tentacruel, M|306\/361
|turn|18
|
|move|p2a: Tentacruel|Scald|p1a: Donphan
|-supereffective|p1a: Donphan
|-damage|p1a: Donphan|98\/384
|move|p1a: Donphan|Earthquake|p2a: Tentacruel
|-supereffective|p2a: Tentacruel
|-damage|p2a: Tentacruel|52\/361
|
|-heal|p2a: Tentacruel|74\/361|[from] item: Black Sludge
|-heal|p1a: Donphan|122\/384|[from] item: Leftovers
|turn|19
|
|switch|p1a: Raikou|Raikou|282\/322
|-damage|p1a: Raikou|229\/322|[from] Spikes
|-damage|p1a: Raikou|189\/322|[from] Stealth Rock
|-ability|p1a: Raikou|Pressure
|move|p2a: Tentacruel|Scald|p1a: Raikou
|-damage|p1a: Raikou|108\/322
|-status|p1a: Raikou|brn
|
|-heal|p2a: Tentacruel|96\/361|[from] item: Black Sludge
|-damage|p1a: Raikou|68\/322 brn|[from] brn
|turn|20
|
|switch|p2a: Rotom-Heat|Rotom-Heat|304\/304
|move|p1a: Raikou|Volt Switch|p2a: Rotom-Heat
|-resisted|p2a: Rotom-Heat
|-damage|p2a: Rotom-Heat|239\/304
|
|switch|p1a: Mienshao|Mienshao, M|255\/271
|-damage|p1a: Mienshao|210\/271|[from] Spikes
|-damage|p1a: Mienshao|194\/271|[from] Stealth Rock
|
|-heal|p2a: Rotom-Heat|258\/304|[from] item: Leftovers
|turn|21
|
|move|p1a: Mienshao|High Jump Kick|p2a: Rotom-Heat
|-damage|p2a: Rotom-Heat|0 fnt
|faint|p2a: Rotom-Heat
|
|
|switch|p2a: Uxie|Uxie|171\/354
|turn|22
|
|switch|p1a: Arcanine|Arcanine, F|288\/384
|-damage|p1a: Arcanine|192\/384|[from] Stealth Rock
|-damage|p1a: Arcanine|128\/384|[from] Spikes
|-ability|p1a: Arcanine|Intimidate|[of] p2a: Uxie
|-unboost|p2a: Uxie|atk|1
|move|p2a: Uxie|Psychic|p1a: Arcanine
|-damage|p1a: Arcanine|19\/384
|
|-heal|p2a: Uxie|193\/354|[from] item: Leftovers
|turn|23
|
|move|p1a: Arcanine|Flare Blitz|p2a: Uxie
|-damage|p2a: Uxie|93\/354
|-damage|p1a: Arcanine|0 fnt|[from] recoil|[of] p2a: Uxie
|faint|p1a: Arcanine
|move|p2a: Uxie|U-turn|p1: Arcanine|[notarget]
|-notarget
|
|-heal|p2a: Uxie|115\/354|[from] item: Leftovers
|
|switch|p1a: Mienshao|Mienshao, M|194\/271
|-damage|p1a: Mienshao|178\/271|[from] Stealth Rock
|-damage|p1a: Mienshao|133\/271|[from] Spikes
|turn|24
|
|switch|p2a: Tentacruel|Tentacruel, M|96\/361
|move|p1a: Mienshao|U-turn|p2a: Tentacruel
|-resisted|p2a: Tentacruel
|-damage|p2a: Tentacruel|56\/361
|
|switch|p1a: Roserade|Roserade, F|273\/307
|-damage|p1a: Roserade|222\/307|[from] Spikes
|-damage|p1a: Roserade|184\/307|[from] Stealth Rock
|
|-heal|p2a: Tentacruel|78\/361|[from] item: Black Sludge
|turn|25
|
|move|p2a: Tentacruel|Scald|p1a: Roserade
|-crit|p1a: Roserade
|-resisted|p1a: Roserade
|-damage|p1a: Roserade|142\/307
|move|p1a: Roserade|Giga Drain|p2a: Tentacruel
|-damage|p2a: Tentacruel|0 fnt
|-damage|p1a: Roserade|103\/307|[from] ability: Liquid Ooze|[of] p2a: Tentacruel
|faint|p2a: Tentacruel
|
|
|switch|p2a: Blissey|Blissey, F|657\/657
|turn|26
|
|move|p1a: Roserade|Sleep Powder|p2a: Blissey|[miss]
|-miss|p1a: Roserade|p2a: Blissey
|move|p2a: Blissey|Wish|p2a: Blissey
|
|turn|27
|
|switch|p2a: Uxie|Uxie|115\/354
|move|p1a: Roserade|Sludge Bomb|p2a: Uxie
|-damage|p2a: Uxie|13\/354
|
|-heal|p2a: Uxie|341\/354|[from] move: Wish|[wisher] Blissey
|-heal|p2a: Uxie|354\/354|[from] item: Leftovers
|turn|28
|
|move|p1a: Roserade|Sleep Powder|p2a: Uxie
|-status|p2a: Uxie|slp
|cant|p2a: Uxie|slp
|
|turn|29
|
|switch|p2a: Blissey|Blissey, F|657\/657
|move|p1a: Roserade|Giga Drain|p2a: Blissey
|-damage|p2a: Blissey|581\/657
|-heal|p1a: Roserade|141\/307|[from] drain|[of] p2a: Blissey
|
|-heal|p2a: Blissey|622\/657|[from] item: Leftovers
|turn|30
|
|move|p1a: Roserade|Leech Seed|p2a: Blissey
|-start|p2a: Blissey|move: Leech Seed
|move|p2a: Blissey|Seismic Toss|p1a: Roserade
|-damage|p1a: Roserade|41\/307
|
|-heal|p2a: Blissey|657\/657|[from] item: Leftovers
|-damage|p2a: Blissey|575\/657|[from] Leech Seed|[of] p1a: Roserade
|-heal|p1a: Roserade|123\/307|[silent]
|turn|31
|
|switch|p2a: Uxie|Uxie|354\/354 slp
|move|p1a: Roserade|Giga Drain|p2a: Uxie
|-damage|p2a: Uxie|260\/354 slp
|-heal|p1a: Roserade|170\/307|[from] drain|[of] p2a: Uxie
|
|-heal|p2a: Uxie|282\/354 slp|[from] item: Leftovers
|turn|32
|
|move|p1a: Roserade|Sludge Bomb|p2a: Uxie
|-damage|p2a: Uxie|177\/354 slp
|cant|p2a: Uxie|slp
|
|-heal|p2a: Uxie|199\/354 slp|[from] item: Leftovers
|turn|33
|
|move|p1a: Roserade|Sludge Bomb|p2a: Uxie
|-damage|p2a: Uxie|87\/354 slp
|-curestatus|p2a: Uxie|slp
|move|p2a: Uxie|Psychic|p1a: Roserade
|-supereffective|p1a: Roserade
|-damage|p1a: Roserade|44\/307
|
|-heal|p2a: Uxie|109\/354|[from] item: Leftovers
|turn|34
|
|move|p1a: Roserade|Sludge Bomb|p2a: Uxie
|-damage|p2a: Uxie|6\/354
|-status|p2a: Uxie|psn
|move|p2a: Uxie|Psychic|p1a: Roserade
|-supereffective|p1a: Roserade
|-damage|p1a: Roserade|0 fnt
|faint|p1a: Roserade
|
|-heal|p2a: Uxie|28\/354 psn|[from] item: Leftovers
|-damage|p2a: Uxie|0 fnt|[from] psn
|faint|p2a: Uxie
|
|switch|p2a: Blissey|Blissey, F|575\/657
|switch|p1a: Donphan|Donphan, F|122\/384
|-damage|p1a: Donphan|98\/384|[from] Stealth Rock
|-damage|p1a: Donphan|34\/384|[from] Spikes
|turn|35
|
|move|p2a: Blissey|Seismic Toss|p1a: Donphan
|-damage|p1a: Donphan|0 fnt
|faint|p1a: Donphan
|
|-heal|p2a: Blissey|616\/657|[from] item: Leftovers
|
|switch|p1a: Machamp|Machamp, M|384\/384
|-damage|p1a: Machamp|320\/384|[from] Spikes
|-damage|p1a: Machamp|296\/384|[from] Stealth Rock
|turn|36
|
|move|p2a: Blissey|Protect|p2a: Blissey
|-singleturn|p2a: Blissey|Protect
|move|p1a: Machamp|Dynamic Punch|p2a: Blissey
|-activate|p2a: Blissey|Protect
|
|-heal|p2a: Blissey|657\/657|[from] item: Leftovers
|turn|37
|
|switch|p2a: Suicune|Suicune|404\/404 slp
|-ability|p2a: Suicune|Pressure
|move|p1a: Machamp|Dynamic Punch|p2a: Suicune
|-damage|p2a: Suicune|283\/404 slp
|-start|p2a: Suicune|confusion
|
|-heal|p2a: Suicune|308\/404 slp|[from] item: Leftovers
|turn|38
|
|cant|p2a: Suicune|slp
|-activate|p2a: Suicune|confusion
|-damage|p2a: Suicune|292\/404 slp|[from] confusion
|move|p1a: Machamp|Knock Off|p2a: Suicune
|-damage|p2a: Suicune|203\/404 slp
|-enditem|p2a: Suicune|Leftovers|[from] move: Knock Off|[of] p1a: Machamp
|
|turn|39
|
|cant|p2a: Suicune|slp
|-end|p2a: Suicune|confusion
|move|p2a: Suicune|Sleep Talk|p2a: Suicune
|move|p2a: Suicune|Roar|p1a: Machamp|[from]Sleep Talk
|drag|p1a: Raikou|Raikou|68\/322 brn
|-damage|p1a: Raikou|15\/322 brn|[from] Spikes
|-damage|p1a: Raikou|0 fnt|[from] Stealth Rock
|faint|p1a: Raikou
|
|
|switch|p1a: Machamp|Machamp, M|296\/384
|-damage|p1a: Machamp|232\/384|[from] Spikes
|-damage|p1a: Machamp|208\/384|[from] Stealth Rock
|turn|40
|
|-curestatus|p2a: Suicune|slp
|move|p2a: Suicune|Scald|p1a: Machamp
|-damage|p1a: Machamp|138\/384
|move|p1a: Machamp|Dynamic Punch|p2a: Suicune
|-damage|p2a: Suicune|71\/404
|-start|p2a: Suicune|confusion
|
|turn|41
|
|-activate|p2a: Suicune|confusion
|-damage|p2a: Suicune|56\/404|[from] confusion
|move|p1a: Machamp|Dynamic Punch|p2a: Suicune
|-damage|p2a: Suicune|0 fnt
|faint|p2a: Suicune
|
|
|switch|p2a: Blissey|Blissey, F|657\/657
|turn|42
|
|move|p2a: Blissey|Seismic Toss|p1a: Machamp
|-damage|p1a: Machamp|38\/384
|move|p1a: Machamp|Knock Off|p2a: Blissey
|-crit|p2a: Blissey
|-damage|p2a: Blissey|300\/657
|-enditem|p2a: Blissey|Leftovers|[from] move: Knock Off|[of] p1a: Machamp
|
|turn|43
|
|move|p2a: Blissey|Seismic Toss|p1a: Machamp
|-damage|p1a: Machamp|0 fnt
|faint|p1a: Machamp
|
|
|switch|p1a: Mienshao|Mienshao, M|133\/271
|-damage|p1a: Mienshao|117\/271|[from] Stealth Rock
|-damage|p1a: Mienshao|72\/271|[from] Spikes
|turn|44
|
|move|p2a: Blissey|Protect|p2a: Blissey
|-singleturn|p2a: Blissey|Protect
|move|p1a: Mienshao|Stone Edge|p2a: Blissey
|-activate|p2a: Blissey|Protect
|
|turn|45
|
|move|p1a: Mienshao|Stone Edge|p2a: Blissey
|-damage|p2a: Blissey|89\/657
|move|p2a: Blissey|Seismic Toss|p1a: Mienshao
|-damage|p1a: Mienshao|0 fnt
|faint|p1a: Mienshao
|
|win|oh no oh no
|raw|Ladder updating...
|raw|SlaniaMJL's rating: 1352 &rarr; <strong>1324<\/strong><br \/>(-28 for losing)
|raw|oh no oh no's rating: 1217 &rarr; <strong>1251<\/strong><br \/>(+34 for winning)
|c|âoh no oh no|gg
|leave|SlaniaMJL
|player|p1