|join|oh no oh no
|join|dekuscrub789
|player|p1|oh no oh no|170
|player|p2|dekuscrub789|2
|gametype|singles
|gen|6
|tier|UU
|rated
|rule|Sleep Clause Mod: Limit one foe put to sleep
|rule|Species Clause: Limit one of each PokÃ©mon
|rule|OHKO Clause: OHKO moves are banned
|rule|Moody Clause: Moody is banned
|rule|Evasion Moves Clause: Evasion moves are banned
|rule|Endless Battle Clause: Forcing endless battles is banned
|rule|HP Percentage Mod: HP is shown in percentages
|clearpoke
|poke|p1|Blissey, F
|poke|p1|Chesnaught, M
|poke|p1|Uxie
|poke|p1|Tentacruel, F
|poke|p1|Rotom-Heat
|poke|p1|Suicune
|poke|p2|Espeon, F
|poke|p2|Xatu, F
|poke|p2|Raikou, shiny
|poke|p2|Cobalion
|poke|p2|Rotom-Heat
|poke|p2|Empoleon, M
|rule|Swagger Clause: Swagger is banned
|rule|Baton Pass Clause: Limit one PokÃ©mon knowing Baton Pass
|teampreview
|
|start
|switch|p1a: Uxie|Uxie|354\/354
|switch|p2a: Rotom-Heat|Rotom-Heat|304\/304
|turn|1
|
|switch|p2a: Xatu|Xatu, F|311\/311
|move|p1a: Uxie|Stealth Rock|p2a: Xatu
|move|p2a: Xatu|Stealth Rock|p1a: Uxie|[from]Magic Bounce
|-sidestart|p1: oh no oh no|move: Stealth Rock
|
|turn|2
|
|switch|p2a: Cobalion|Cobalion|355\/355
|move|p1a: Uxie|U-turn|p2a: Cobalion
|-resisted|p2a: Cobalion
|-damage|p2a: Cobalion|347\/355
|
|switch|p1a: Tentacruel|Tentacruel, F|361\/361
|-damage|p1a: Tentacruel|316\/361|[from] Stealth Rock
|
|-heal|p1a: Tentacruel|338\/361|[from] item: Black Sludge
|turn|3
|
|move|p2a: Cobalion|Volt Switch|p1a: Tentacruel
|-supereffective|p1a: Tentacruel
|-damage|p1a: Tentacruel|256\/361
|
|switch|p2a: Empoleon|Empoleon, M|372\/372
|move|p1a: Tentacruel|Rapid Spin|p2a: Empoleon
|-resisted|p2a: Empoleon
|-damage|p2a: Empoleon|366\/372
|-sideend|p1: oh no oh no|Stealth Rock|[from] move: Rapid Spin|[of] p1a: Tentacruel
|
|-heal|p1a: Tentacruel|278\/361|[from] item: Black Sludge
|-heal|p2a: Empoleon|372\/372|[from] item: Leftovers
|turn|4
|
|move|p1a: Tentacruel|Knock Off|p2a: Empoleon
|-crit|p2a: Empoleon
|-damage|p2a: Empoleon|289\/372
|-enditem|p2a: Empoleon|Leftovers|[from] move: Knock Off|[of] p1a: Tentacruel
|move|p2a: Empoleon|Stealth Rock|p1a: Tentacruel
|-sidestart|p1: oh no oh no|move: Stealth Rock
|
|-heal|p1a: Tentacruel|300\/361|[from] item: Black Sludge
|turn|5
|
|switch|p2a: Rotom-Heat|Rotom-Heat|304\/304
|move|p1a: Tentacruel|Rapid Spin|p2a: Rotom-Heat
|-damage|p2a: Rotom-Heat|296\/304
|-damage|p1a: Tentacruel|240\/361|[from] item: Rocky Helmet|[of] p2a: Rotom-Heat
|-sideend|p1: oh no oh no|Stealth Rock|[from] move: Rapid Spin|[of] p1a: Tentacruel
|
|-heal|p1a: Tentacruel|262\/361|[from] item: Black Sludge
|turn|6
|
|switch|p1a: Blissey|Blissey, F|657\/657
|move|p2a: Rotom-Heat|Thunder Wave|p1a: Blissey
|-status|p1a: Blissey|par
|
|turn|7
|
|switch|p2a: Xatu|Xatu, F|311\/311
|move|p1a: Blissey|Toxic|p2a: Xatu
|move|p2a: Xatu|Toxic|p1a: Blissey|[from]Magic Bounce
|-fail|p1a: Blissey
|
|turn|8
|
|move|p2a: Xatu|Calm Mind|p2a: Xatu
|-boost|p2a: Xatu|spa|1
|-boost|p2a: Xatu|spd|1
|cant|p1a: Blissey|par
|
|turn|9
|
|switch|p1a: Tentacruel|Tentacruel, F|262\/361
|move|p2a: Xatu|Calm Mind|p2a: Xatu
|-boost|p2a: Xatu|spa|1
|-boost|p2a: Xatu|spd|1
|
|-heal|p1a: Tentacruel|284\/361|[from] item: Black Sludge
|turn|10
|
|move|p2a: Xatu|Psyshock|p1a: Tentacruel
|-supereffective|p1a: Tentacruel
|-damage|p1a: Tentacruel|0 fnt
|faint|p1a: Tentacruel
|
|
|switch|p1a: Rotom-Heat|Rotom-Heat|304\/304
|turn|11
|
|move|p1a: Rotom-Heat|Trick|p2a: Xatu
|-activate|p1a: Rotom-Heat|move: Trick|[of] p2a: Xatu
|-item|p2a: Xatu|Choice Scarf|[from] move: Trick
|-item|p1a: Rotom-Heat|Leftovers|[from] move: Trick
|move|p2a: Xatu|Psyshock|p1a: Rotom-Heat
|-damage|p1a: Rotom-Heat|120\/304
|
|-heal|p1a: Rotom-Heat|139\/304|[from] item: Leftovers
|turn|12
|
|switch|p1a: Uxie|Uxie|354\/354
|move|p2a: Xatu|Psyshock|p1a: Uxie
|-resisted|p1a: Uxie
|-damage|p1a: Uxie|297\/354
|
|-heal|p1a: Uxie|319\/354|[from] item: Leftovers
|turn|13
|
|switch|p2a: Empoleon|Empoleon, M|289\/372
|move|p1a: Uxie|U-turn|p2a: Empoleon
|-resisted|p2a: Empoleon
|-damage|p2a: Empoleon|266\/372
|
|switch|p1a: Rotom-Heat|Rotom-Heat|139\/304
|
|-heal|p1a: Rotom-Heat|158\/304|[from] item: Leftovers
|turn|14
|
|move|p1a: Rotom-Heat|Volt Switch|p2a: Empoleon
|-supereffective|p2a: Empoleon
|-damage|p2a: Empoleon|150\/372
|
|switch|p1a: Uxie|Uxie|319\/354
|move|p2a: Empoleon|Scald|p1a: Uxie
|-damage|p1a: Uxie|232\/354
|
|-heal|p1a: Uxie|254\/354|[from] item: Leftovers
|turn|15
|
|move|p1a: Uxie|Stealth Rock|p2a: Empoleon
|-sidestart|p2: dekuscrub789|move: Stealth Rock
|move|p2a: Empoleon|Stealth Rock|p1a: Uxie
|-sidestart|p1: oh no oh no|move: Stealth Rock
|
|-heal|p1a: Uxie|276\/354|[from] item: Leftovers
|turn|16
|
|move|p1a: Uxie|U-turn|p2a: Empoleon
|-resisted|p2a: Empoleon
|-damage|p2a: Empoleon|125\/372
|
|switch|p1a: Chesnaught|Chesnaught, M|380\/380
|-damage|p1a: Chesnaught|357\/380|[from] Stealth Rock
|move|p2a: Empoleon|Roar|p1a: Chesnaught
|drag|p1a: Suicune|Suicune|404\/404
|-damage|p1a: Suicune|354\/404|[from] Stealth Rock
|-ability|p1a: Suicune|Pressure
|
|-heal|p1a: Suicune|379\/404|[from] item: Leftovers
|turn|17
|
|move|p1a: Suicune|Roar|p2a: Empoleon
|drag|p2a: Espeon|Espeon, F|272\/272
|-damage|p2a: Espeon|238\/272|[from] Stealth Rock
|
|-heal|p1a: Suicune|404\/404|[from] item: Leftovers
|turn|18
|
|move|p2a: Espeon|Trick|p1a: Suicune
|-activate|p2a: Espeon|move: Trick|[of] p1a: Suicune
|-item|p1a: Suicune|Choice Scarf|[from] move: Trick
|-item|p2a: Espeon|Leftovers|[from] move: Trick
|move|p1a: Suicune|Roar|p2a: Espeon
|move|p2a: Espeon|Roar|p1a: Suicune|[from]Magic Bounce
|drag|p1a: Chesnaught|Chesnaught, M|357\/380
|-damage|p1a: Chesnaught|334\/380|[from] Stealth Rock
|
|-heal|p2a: Espeon|255\/272|[from] item: Leftovers
|-heal|p1a: Chesnaught|357\/380|[from] item: Leftovers
|turn|19
|
|switch|p1a: Suicune|Suicune|404\/404
|-damage|p1a: Suicune|354\/404|[from] Stealth Rock
|-ability|p1a: Suicune|Pressure
|move|p2a: Espeon|Psyshock|p1a: Suicune
|-damage|p1a: Suicune|248\/404
|
|-heal|p2a: Espeon|272\/272|[from] item: Leftovers
|turn|20
|
|move|p2a: Espeon|Grass Knot|p1a: Suicune
|-supereffective|p1a: Suicune
|-damage|p1a: Suicune|0 fnt
|faint|p1a: Suicune
|
|
|switch|p1a: Blissey|Blissey, F|657\/657
|-damage|p1a: Blissey|575\/657|[from] Stealth Rock
|turn|21
|
|move|p2a: Espeon|Psyshock|p1a: Blissey
|-damage|p1a: Blissey|296\/657
|move|p1a: Blissey|Wish|p1a: Blissey
|
|-heal|p1a: Blissey|337\/657|[from] item: Leftovers
|turn|22
|
|move|p2a: Espeon|Psyshock|p1a: Blissey
|-damage|p1a: Blissey|37\/657
|move|p1a: Blissey|Seismic Toss|p2a: Espeon
|-damage|p2a: Espeon|172\/272
|
|-heal|p1a: Blissey|365\/657|[from] move: Wish|[wisher] Blissey
|-heal|p2a: Espeon|189\/272|[from] item: Leftovers
|-heal|p1a: Blissey|406\/657|[from] item: Leftovers
|turn|23
|
|switch|p1a: Uxie|Uxie|276\/354
|-damage|p1a: Uxie|232\/354|[from] Stealth Rock
|move|p2a: Espeon|Psyshock|p1a: Uxie
|-resisted|p1a: Uxie
|-damage|p1a: Uxie|184\/354
|
|-heal|p2a: Espeon|206\/272|[from] item: Leftovers
|-heal|p1a: Uxie|206\/354|[from] item: Leftovers
|turn|24
|
|switch|p2a: Empoleon|Empoleon, M|125\/372
|-damage|p2a: Empoleon|102\/372|[from] Stealth Rock
|move|p1a: Uxie|U-turn|p2a: Empoleon
|-resisted|p2a: Empoleon
|-damage|p2a: Empoleon|78\/372
|
|switch|p1a: Chesnaught|Chesnaught, M|357\/380
|-damage|p1a: Chesnaught|334\/380|[from] Stealth Rock
|
|-heal|p1a: Chesnaught|357\/380|[from] item: Leftovers
|turn|25
|
|switch|p2a: Rotom-Heat|Rotom-Heat|296\/304
|-damage|p2a: Rotom-Heat|220\/304|[from] Stealth Rock
|move|p1a: Chesnaught|Spikes|p2a: Rotom-Heat
|-sidestart|p2: dekuscrub789|Spikes
|
|-heal|p1a: Chesnaught|380\/380|[from] item: Leftovers
|turn|26
|
|switch|p1a: Blissey|Blissey, F|406\/657
|-damage|p1a: Blissey|324\/657|[from] Stealth Rock
|move|p2a: Rotom-Heat|Thunder Wave|p1a: Blissey
|-status|p1a: Blissey|par
|
|-heal|p1a: Blissey|365\/657 par|[from] item: Leftovers
|turn|27
|
|move|p2a: Rotom-Heat|Volt Switch|p1a: Blissey
|-damage|p1a: Blissey|310\/657 par
|
|switch|p2a: Empoleon|Empoleon, M|78\/372
|-damage|p2a: Empoleon|32\/372|[from] Spikes
|-damage|p2a: Empoleon|9\/372|[from] Stealth Rock
|move|p1a: Blissey|Wish|p1a: Blissey
|
|-heal|p1a: Blissey|351\/657 par|[from] item: Leftovers
|turn|28
|
|move|p2a: Empoleon|Defog|p1a: Blissey
|-unboost|p1a: Blissey|evasion|1
|-sideend|p1: oh no oh no|Stealth Rock|[from] move: Defog|[of] p1a: Blissey
|-sideend|p2: dekuscrub789|Spikes|[from] move: Defog|[of] p2a: Empoleon
|-sideend|p2: dekuscrub789|Stealth Rock|[from] move: Defog|[of] p2a: Empoleon
|move|p1a: Blissey|Seismic Toss|p2a: Empoleon
|-damage|p2a: Empoleon|0 fnt
|faint|p2a: Empoleon
|
|-heal|p1a: Blissey|657\/657 par|[from] move: Wish|[wisher] Blissey
|
|switch|p2a: Cobalion|Cobalion|347\/355
|turn|29
|
|switch|p1a: Rotom-Heat|Rotom-Heat|158\/304
|move|p2a: Cobalion|Sacred Sword|p1a: Rotom-Heat
|-damage|p1a: Rotom-Heat|28\/304
|
|-heal|p1a: Rotom-Heat|47\/304|[from] item: Leftovers
|turn|30
|
|switch|p1a: Uxie|Uxie|206\/354
|move|p2a: Cobalion|Sacred Sword|p1a: Uxie
|-resisted|p1a: Uxie
|-damage|p1a: Uxie|166\/354
|
|-heal|p1a: Uxie|188\/354|[from] item: Leftovers
|turn|31
|
|move|p2a: Cobalion|Volt Switch|p1a: Uxie
|-damage|p1a: Uxie|149\/354
|
|switch|p2a: Rotom-Heat|Rotom-Heat|220\/304
|move|p1a: Uxie|U-turn|p2a: Rotom-Heat
|-resisted|p2a: Rotom-Heat
|-damage|p2a: Rotom-Heat|206\/304
|-damage|p1a: Uxie|90\/354|[from] item: Rocky Helmet|[of] p2a: Rotom-Heat
|
|switch|p1a: Blissey|Blissey, F|657\/657
|
|turn|32
|
|move|p2a: Rotom-Heat|Pain Split|p1a: Blissey
|-sethp|p1a: Blissey|431\/657|p2a: Rotom-Heat|304\/304|[from] move: Pain Split
|move|p1a: Blissey|Toxic|p2a: Rotom-Heat
|-status|p2a: Rotom-Heat|tox
|
|-heal|p1a: Blissey|472\/657|[from] item: Leftovers
|-damage|p2a: Rotom-Heat|285\/304 tox|[from] psn
|turn|33
|
|move|p2a: Rotom-Heat|Volt Switch|p1a: Blissey
|-damage|p1a: Blissey|412\/657
|
|switch|p2a: Cobalion|Cobalion|347\/355
|move|p1a: Blissey|Wish|p1a: Blissey
|
|-heal|p1a: Blissey|453\/657|[from] item: Leftovers
|turn|34
|
|switch|p1a: Uxie|Uxie|90\/354
|move|p2a: Cobalion|Iron Head|p1a: Uxie
|-damage|p1a: Uxie|18\/354
|
|-heal|p1a: Uxie|346\/354|[from] move: Wish|[wisher] Blissey
|-heal|p1a: Uxie|354\/354|[from] item: Leftovers
|turn|35
|
|move|p2a: Cobalion|Iron Head|p1a: Uxie
|-damage|p1a: Uxie|279\/354
|cant|p1a: Uxie|flinch
|
|-heal|p1a: Uxie|301\/354|[from] item: Leftovers
|turn|36
|
|move|p2a: Cobalion|Iron Head|p1a: Uxie
|-damage|p1a: Uxie|229\/354
|move|p1a: Uxie|Stealth Rock|p2a: Cobalion
|-sidestart|p2: dekuscrub789|move: Stealth Rock
|
|-heal|p1a: Uxie|251\/354|[from] item: Leftovers
|turn|37
|
|move|p2a: Cobalion|Iron Head|p1a: Uxie
|-damage|p1a: Uxie|172\/354
|move|p1a: Uxie|U-turn|p2a: Cobalion
|-resisted|p2a: Cobalion
|-damage|p2a: Cobalion|338\/355
|
|switch|p1a: Chesnaught|Chesnaught, M|380\/380
|
|turn|38
|
|move|p1a: Chesnaught|Spiky Shield|p1a: Chesnaught
|-singleturn|p1a: Chesnaught|move: Protect
|move|p2a: Cobalion|Volt Switch|p1a: Chesnaught
|-activate|p1a: Chesnaught|move: Protect
|
|turn|39
|
|move|p2a: Cobalion|Volt Switch|p1a: Chesnaught
|-resisted|p1a: Chesnaught
|-damage|p1a: Chesnaught|350\/380
|
|switch|p2a: Xatu|Xatu, F|311\/311
|-damage|p2a: Xatu|234\/311|[from] Stealth Rock
|move|p1a: Chesnaught|Wood Hammer|p2a: Xatu
|-resisted|p2a: Xatu
|-damage|p2a: Xatu|166\/311
|-damage|p1a: Chesnaught|328\/380|[from] recoil|[of] p2a: Xatu
|
|-heal|p1a: Chesnaught|351\/380|[from] item: Leftovers
|turn|40
|
|move|p1a: Chesnaught|Spiky Shield|p1a: Chesnaught
|-singleturn|p1a: Chesnaught|move: Protect
|move|p2a: Xatu|Psyshock|p1a: Chesnaught
|-activate|p1a: Chesnaught|move: Protect
|
|-heal|p1a: Chesnaught|374\/380|[from] item: Leftovers
|turn|41
|
|switch|p1a: Uxie|Uxie|172\/354
|move|p2a: Xatu|Psyshock|p1a: Uxie
|-resisted|p1a: Uxie
|-damage|p1a: Uxie|143\/354
|
|-heal|p1a: Uxie|165\/354|[from] item: Leftovers
|turn|42
|
|switch|p2a: Cobalion|Cobalion|338\/355
|-damage|p2a: Cobalion|327\/355|[from] Stealth Rock
|move|p1a: Uxie|U-turn|p2a: Cobalion
|-resisted|p2a: Cobalion
|-damage|p2a: Cobalion|318\/355
|
|switch|p1a: Rotom-Heat|Rotom-Heat|47\/304
|
|-heal|p1a: Rotom-Heat|66\/304|[from] item: Leftovers
|turn|43
|
|switch|p1a: Chesnaught|Chesnaught, M|374\/380
|move|p2a: Cobalion|Sacred Sword|p1a: Chesnaught
|-damage|p1a: Chesnaught|287\/380
|
|-heal|p1a: Chesnaught|310\/380|[from] item: Leftovers
|turn|44
|
|move|p2a: Cobalion|Volt Switch|p1a: Chesnaught
|-resisted|p1a: Chesnaught
|-damage|p1a: Chesnaught|281\/380
|
|switch|p2a: Rotom-Heat|Rotom-Heat|285\/304 tox
|-damage|p2a: Rotom-Heat|209\/304 tox|[from] Stealth Rock
|move|p1a: Chesnaught|Wood Hammer|p2a: Rotom-Heat
|-crit|p2a: Rotom-Heat
|-resisted|p2a: Rotom-Heat
|-damage|p2a: Rotom-Heat|137\/304 tox
|-damage|p1a: Chesnaught|218\/380|[from] item: Rocky Helmet|[of] p2a: Rotom-Heat
|-damage|p1a: Chesnaught|194\/380|[from] recoil|[of] p2a: Rotom-Heat
|
|-heal|p1a: Chesnaught|217\/380|[from] item: Leftovers
|-damage|p2a: Rotom-Heat|118\/304 tox|[from] psn
|turn|45
|
|switch|p1a: Rotom-Heat|Rotom-Heat|66\/304
|move|p2a: Rotom-Heat|Thunder Wave|p1a: Rotom-Heat
|-fail|p1a: Rotom-Heat
|
|-heal|p1a: Rotom-Heat|85\/304|[from] item: Leftovers
|-damage|p2a: Rotom-Heat|80\/304 tox|[from] psn
|turn|46
|
|switch|p1a: Blissey|Blissey, F|453\/657
|move|p2a: Rotom-Heat|Volt Switch|p1a: Blissey
|-damage|p1a: Blissey|399\/657
|
|switch|p2a: Cobalion|Cobalion|318\/355
|-damage|p2a: Cobalion|307\/355|[from] Stealth Rock
|
|-heal|p1a: Blissey|440\/657|[from] item: Leftovers
|turn|47
|
|move|p1a: Blissey|Protect|p1a: Blissey
|-singleturn|p1a: Blissey|Protect
|move|p2a: Cobalion|Sacred Sword|p1a: Blissey
|-activate|p1a: Blissey|Protect
|
|-heal|p1a: Blissey|481\/657|[from] item: Leftovers
|turn|48
|
|switch|p1a: Chesnaught|Chesnaught, M|217\/380
|move|p2a: Cobalion|Close Combat|p1a: Chesnaught
|-damage|p1a: Chesnaught|111\/380
|-unboost|p2a: Cobalion|def|1
|-unboost|p2a: Cobalion|spd|1
|
|-heal|p1a: Chesnaught|134\/380|[from] item: Leftovers
|turn|49
|
|move|p2a: Cobalion|Iron Head|p1a: Chesnaught
|-damage|p1a: Chesnaught|52\/380
|move|p1a: Chesnaught|Leech Seed|p2a: Cobalion
|-start|p2a: Cobalion|move: Leech Seed
|
|-heal|p1a: Chesnaught|75\/380|[from] item: Leftovers
|-damage|p2a: Cobalion|263\/355|[from] Leech Seed|[of] p1a: Chesnaught
|-heal|p1a: Chesnaught|119\/380|[silent]
|turn|50
|
|move|p1a: Chesnaught|Spiky Shield|p1a: Chesnaught
|-singleturn|p1a: Chesnaught|move: Protect
|move|p2a: Cobalion|Volt Switch|p1a: Chesnaught
|-activate|p1a: Chesnaught|move: Protect
|
|-heal|p1a: Chesnaught|142\/380|[from] item: Leftovers
|-damage|p2a: Cobalion|219\/355|[from] Leech Seed|[of] p1a: Chesnaught
|-heal|p1a: Chesnaught|186\/380|[silent]
|turn|51
|
|switch|p2a: Xatu|Xatu, F|166\/311
|-damage|p2a: Xatu|89\/311|[from] Stealth Rock
|move|p1a: Chesnaught|Wood Hammer|p2a: Xatu
|-resisted|p2a: Xatu
|-damage|p2a: Xatu|24\/311
|-damage|p1a: Chesnaught|165\/380|[from] recoil|[of] p2a: Xatu
|
|-heal|p1a: Chesnaught|188\/380|[from] item: Leftovers
|turn|52
|
|move|p1a: Chesnaught|Spiky Shield|p1a: Chesnaught
|-singleturn|p1a: Chesnaught|move: Protect
|move|p2a: Xatu|Roost|p2a: Xatu
|-heal|p2a: Xatu|180\/311
|
|-heal|p1a: Chesnaught|211\/380|[from] item: Leftovers
|turn|53
|
|move|p2a: Xatu|Roost|p2a: Xatu
|-heal|p2a: Xatu|311\/311
|move|p1a: Chesnaught|Wood Hammer|p2a: Xatu
|-damage|p2a: Xatu|184\/311
|-damage|p1a: Chesnaught|169\/380|[from] recoil|[of] p2a: Xatu
|
|-heal|p1a: Chesnaught|192\/380|[from] item: Leftovers
|turn|54
|
|switch|p1a: Rotom-Heat|Rotom-Heat|85\/304
|move|p2a: Xatu|Roost|p2a: Xatu
|-heal|p2a: Xatu|311\/311
|
|-heal|p1a: Rotom-Heat|104\/304|[from] item: Leftovers
|turn|55
|
|switch|p2a: Rotom-Heat|Rotom-Heat|80\/304 tox
|-damage|p2a: Rotom-Heat|4\/304 tox|[from] Stealth Rock
|move|p1a: Rotom-Heat|Volt Switch|p2a: Rotom-Heat
|-resisted|p2a: Rotom-Heat
|-damage|p2a: Rotom-Heat|0 fnt
|faint|p2a: Rotom-Heat
|
|switch|p1a: Uxie|Uxie|165\/354
|
|-heal|p1a: Uxie|187\/354|[from] item: Leftovers
|
|switch|p2a: Cobalion|Cobalion|219\/355
|-damage|p2a: Cobalion|208\/355|[from] Stealth Rock
|turn|56
|
|move|p2a: Cobalion|Iron Head|p1a: Uxie
|-damage|p1a: Uxie|114\/354
|move|p1a: Uxie|U-turn|p2a: Cobalion
|-resisted|p2a: Cobalion
|-damage|p2a: Cobalion|200\/355
|
|switch|p1a: Chesnaught|Chesnaught, M|192\/380
|
|-heal|p1a: Chesnaught|215\/380|[from] item: Leftovers
|turn|57
|
|switch|p2a: Xatu|Xatu, F|311\/311
|-damage|p2a: Xatu|234\/311|[from] Stealth Rock
|move|p1a: Chesnaught|Wood Hammer|p2a: Xatu
|-resisted|p2a: Xatu
|-damage|p2a: Xatu|169\/311
|-damage|p1a: Chesnaught|194\/380|[from] recoil|[of] p2a: Xatu
|
|-heal|p1a: Chesnaught|217\/380|[from] item: Leftovers
|turn|58
|
|move|p1a: Chesnaught|Spiky Shield|p1a: Chesnaught
|-singleturn|p1a: Chesnaught|move: Protect
|move|p2a: Xatu|Psyshock|p1a: Chesnaught
|-activate|p1a: Chesnaught|move: Protect
|
|-heal|p1a: Chesnaught|240\/380|[from] item: Leftovers
|turn|59
|
|switch|p1a: Uxie|Uxie|114\/354
|move|p2a: Xatu|Psyshock|p1a: Uxie
|-resisted|p1a: Uxie
|-damage|p1a: Uxie|87\/354
|
|-heal|p1a: Uxie|109\/354|[from] item: Leftovers
|turn|60
|
|switch|p2a: Cobalion|Cobalion|200\/355
|-damage|p2a: Cobalion|189\/355|[from] Stealth Rock
|move|p1a: Uxie|U-turn|p2a: Cobalion
|-resisted|p2a: Cobalion
|-damage|p2a: Cobalion|181\/355
|
|switch|p1a: Chesnaught|Chesnaught, M|240\/380
|
|-heal|p1a: Chesnaught|263\/380|[from] item: Leftovers
|turn|61
|
|switch|p2a: Xatu|Xatu, F|169\/311
|-damage|p2a: Xatu|92\/311|[from] Stealth Rock
|switch|p1a: Uxie|Uxie|109\/354
|
|-heal|p1a: Uxie|131\/354|[from] item: Leftovers
|turn|62
|
|switch|p1a: Blissey|Blissey, F|481\/657
|move|p2a: Xatu|Roost|p2a: Xatu
|-heal|p2a: Xatu|248\/311
|
|-heal|p1a: Blissey|522\/657|[from] item: Leftovers
|turn|63
|
|switch|p2a: Cobalion|Cobalion|181\/355
|-damage|p2a: Cobalion|170\/355|[from] Stealth Rock
|move|p1a: Blissey|Wish|p1a: Blissey
|
|-heal|p1a: Blissey|563\/657|[from] item: Leftovers
|turn|64
|
|switch|p1a: Uxie|Uxie|131\/354
|move|p2a: Cobalion|Iron Head|p1a: Uxie
|-crit|p1a: Uxie
|-damage|p1a: Uxie|29\/354
|
|-heal|p1a: Uxie|354\/354|[from] move: Wish|[wisher] Blissey
|turn|65
|
|move|p2a: Cobalion|Iron Head|p1a: Uxie
|-damage|p1a: Uxie|284\/354
|cant|p1a: Uxie|flinch
|
|-heal|p1a: Uxie|306\/354|[from] item: Leftovers
|turn|66
|
|move|p2a: Cobalion|Iron Head|p1a: Uxie
|-crit|p1a: Uxie
|-damage|p1a: Uxie|191\/354
|cant|p1a: Uxie|flinch
|
|-heal|p1a: Uxie|213\/354|[from] item: Leftovers
|turn|67
|
|switch|p1a: Chesnaught|Chesnaught, M|263\/380
|move|p2a: Cobalion|Iron Head|p1a: Chesnaught
|-damage|p1a: Chesnaught|187\/380
|
|-heal|p1a: Chesnaught|210\/380|[from] item: Leftovers
|turn|68
|
|switch|p2a: Xatu|Xatu, F|248\/311
|-damage|p2a: Xatu|171\/311|[from] Stealth Rock
|move|p1a: Chesnaught|Leech Seed|p2a: Xatu
|move|p2a: Xatu|Leech Seed|p1a: Chesnaught|[from]Magic Bounce
|-immune|p1a: Chesnaught|[msg]
|
|-heal|p1a: Chesnaught|233\/380|[from] item: Leftovers
|turn|69
|
|move|p1a: Chesnaught|Spiky Shield|p1a: Chesnaught
|-singleturn|p1a: Chesnaught|move: Protect
|move|p2a: Xatu|Psyshock|p1a: Chesnaught
|-activate|p1a: Chesnaught|move: Protect
|
|-heal|p1a: Chesnaught|256\/380|[from] item: Leftovers
|turn|70
|
|switch|p1a: Uxie|Uxie|213\/354
|move|p2a: Xatu|Psyshock|p1a: Uxie
|-resisted|p1a: Uxie
|-damage|p1a: Uxie|188\/354
|
|-heal|p1a: Uxie|210\/354|[from] item: Leftovers
|turn|71
|
|switch|p2a: Cobalion|Cobalion|170\/355
|-damage|p2a: Cobalion|159\/355|[from] Stealth Rock
|move|p1a: Uxie|U-turn|p2a: Cobalion
|-crit|p2a: Cobalion
|-resisted|p2a: Cobalion
|-damage|p2a: Cobalion|147\/355
|
|switch|p1a: Rotom-Heat|Rotom-Heat|104\/304
|
|-heal|p1a: Rotom-Heat|123\/304|[from] item: Leftovers
|turn|72
|
|switch|p1a: Chesnaught|Chesnaught, M|256\/380
|move|p2a: Cobalion|Close Combat|p1a: Chesnaught
|-damage|p1a: Chesnaught|132\/380
|-unboost|p2a: Cobalion|def|1
|-unboost|p2a: Cobalion|spd|1
|
|-heal|p1a: Chesnaught|155\/380|[from] item: Leftovers
|turn|73
|
|switch|p2a: Xatu|Xatu, F|171\/311
|-damage|p2a: Xatu|94\/311|[from] Stealth Rock
|move|p1a: Chesnaught|Leech Seed|p2a: Xatu
|move|p2a: Xatu|Leech Seed|p1a: Chesnaught|[from]Magic Bounce
|-immune|p1a: Chesnaught|[msg]
|
|-heal|p1a: Chesnaught|178\/380|[from] item: Leftovers
|turn|74
|
|move|p1a: Chesnaught|Spiky Shield|p1a: Chesnaught
|-singleturn|p1a: Chesnaught|move: Protect
|move|p2a: Xatu|Roost|p2a: Xatu
|-heal|p2a: Xatu|250\/311
|
|-heal|p1a: Chesnaught|201\/380|[from] item: Leftovers
|turn|75
|
|switch|p2a: Espeon|Espeon, F|206\/272
|-damage|p2a: Espeon|172\/272|[from] Stealth Rock
|switch|p1a: Rotom-Heat|Rotom-Heat|123\/304
|
|-heal|p2a: Espeon|189\/272|[from] item: Leftovers
|-heal|p1a: Rotom-Heat|142\/304|[from] item: Leftovers
|turn|76
|
|move|p2a: Espeon|Trick|p1a: Rotom-Heat
|-activate|p2a: Espeon|move: Trick|[of] p1a: Rotom-Heat
|-item|p1a: Rotom-Heat|Leftovers|[from] move: Trick
|-item|p2a: Espeon|Leftovers|[from] move: Trick
|move|p1a: Rotom-Heat|Overheat|p2a: Espeon
|-damage|p2a: Espeon|21\/272
|-unboost|p1a: Rotom-Heat|spa|2
|
|-heal|p2a: Espeon|38\/272|[from] item: Leftovers
|-heal|p1a: Rotom-Heat|161\/304|[from] item: Leftovers
|turn|77
|
|move|p2a: Espeon|Psyshock|p1a: Rotom-Heat
|-damage|p1a: Rotom-Heat|7\/304
|move|p1a: Rotom-Heat|Overheat|p2a: Espeon
|-damage|p2a: Espeon|0 fnt
|-unboost|p1a: Rotom-Heat|spa|2
|faint|p2a: Espeon
|
|-heal|p1a: Rotom-Heat|26\/304|[from] item: Leftovers
|
|switch|p2a: Cobalion|Cobalion|147\/355
|-damage|p2a: Cobalion|136\/355|[from] Stealth Rock
|turn|78
|
|switch|p1a: Chesnaught|Chesnaught, M|201\/380
|move|p2a: Cobalion|Iron Head|p1a: Chesnaught
|-damage|p1a: Chesnaught|120\/380
|
|-heal|p1a: Chesnaught|143\/380|[from] item: Leftovers
|turn|79
|
|switch|p2a: Xatu|Xatu, F|250\/311
|-damage|p2a: Xatu|173\/311|[from] Stealth Rock
|move|p1a: Chesnaught|Spiky Shield|p1a: Chesnaught
|-fail|p1a: Chesnaught
|
|-heal|p1a: Chesnaught|166\/380|[from] item: Leftovers
|turn|80
|
|move|p1a: Chesnaught|Spiky Shield|p1a: Chesnaught
|-singleturn|p1a: Chesnaught|move: Protect
|move|p2a: Xatu|Psyshock|p1a: Chesnaught
|-activate|p1a: Chesnaught|move: Protect
|
|-heal|p1a: Chesnaught|189\/380|[from] item: Leftovers
|turn|81
|
|switch|p1a: Uxie|Uxie|210\/354
|move|p2a: Xatu|Psyshock|p1a: Uxie
|-resisted|p1a: Uxie
|-damage|p1a: Uxie|182\/354
|
|-heal|p1a: Uxie|204\/354|[from] item: Leftovers
|turn|82
|
|switch|p2a: Cobalion|Cobalion|136\/355
|-damage|p2a: Cobalion|125\/355|[from] Stealth Rock
|move|p1a: Uxie|Psychic|p2a: Cobalion
|-damage|p2a: Cobalion|47\/355
|
|-heal|p1a: Uxie|226\/354|[from] item: Leftovers
|turn|83
|
|move|p2a: Cobalion|Close Combat|p1a: Uxie
|-resisted|p1a: Uxie
|-damage|p1a: Uxie|169\/354
|-unboost|p2a: Cobalion|def|1
|-unboost|p2a: Cobalion|spd|1
|move|p1a: Uxie|Psychic|p2a: Cobalion
|-damage|p2a: Cobalion|0 fnt
|faint|p2a: Cobalion
|
|-heal|p1a: Uxie|191\/354|[from] item: Leftovers
|
|switch|p2a: Raikou|Raikou, shiny|322\/322
|-damage|p2a: Raikou|282\/322|[from] Stealth Rock
|-ability|p2a: Raikou|Pressure
|-item|p2a: Raikou|Air Balloon
|turn|84
|
|switch|p1a: Blissey|Blissey, F|563\/657
|move|p2a: Raikou|Calm Mind|p2a: Raikou
|-boost|p2a: Raikou|spa|1
|-boost|p2a: Raikou|spd|1
|
|-heal|p1a: Blissey|604\/657|[from] item: Leftovers
|turn|85
|
|move|p2a: Raikou|Calm Mind|p2a: Raikou
|-boost|p2a: Raikou|spa|1
|-boost|p2a: Raikou|spd|1
|move|p1a: Blissey|Toxic|p2a: Raikou
|-status|p2a: Raikou|tox
|
|-heal|p1a: Blissey|645\/657|[from] item: Leftovers
|-damage|p2a: Raikou|262\/322 tox|[from] psn
|turn|86
|
|move|p2a: Raikou|Aura Sphere|p1a: Blissey
|-supereffective|p1a: Blissey
|-damage|p1a: Blissey|385\/657
|move|p1a: Blissey|Seismic Toss|p2a: Raikou
|-damage|p2a: Raikou|162\/322 tox
|-enditem|p2a: Raikou|Air Balloon
|
|-heal|p1a: Blissey|426\/657|[from] item: Leftovers
|-damage|p2a: Raikou|122\/322 tox|[from] psn
|turn|87
|
|move|p2a: Raikou|Aura Sphere|p1a: Blissey
|-supereffective|p1a: Blissey
|-damage|p1a: Blissey|178\/657
|move|p1a: Blissey|Seismic Toss|p2a: Raikou
|-damage|p2a: Raikou|22\/322 tox
|
|-heal|p1a: Blissey|219\/657|[from] item: Leftovers
|-damage|p2a: Raikou|0 fnt|[from] psn
|faint|p2a: Raikou
|
|switch|p2a: Xatu|Xatu, F|173\/311
|-damage|p2a: Xatu|96\/311|[from] Stealth Rock
|turn|88
|
|move|p1a: Blissey|Protect|p1a: Blissey
|-singleturn|p1a: Blissey|Protect
|move|p2a: Xatu|Psyshock|p1a: Blissey
|-activate|p1a: Blissey|Protect
|
|-heal|p1a: Blissey|260\/657|[from] item: Leftovers
|turn|89
|
|switch|p1a: Uxie|Uxie|191\/354
|move|p2a: Xatu|Psyshock|p1a: Uxie
|-resisted|p1a: Uxie
|-damage|p1a: Uxie|164\/354
|
|-heal|p1a: Uxie|186\/354|[from] item: Leftovers
|turn|90
|c|âdekuscrub789|why did blissey wish give 100% to uxie?
|
|move|p2a: Xatu|Psyshock|p1a: Uxie
|-resisted|p1a: Uxie
|-damage|p1a: Uxie|157\/354
|move|p1a: Uxie|U-turn|p2a: Xatu
|-damage|p2a: Xatu|57\/311
|c|âoh no oh no|because that was equivalent to half of blissey's health
|
|switch|p1a: Blissey|Blissey, F|260\/657
|
|-heal|p1a: Blissey|301\/657|[from] item: Leftovers
|turn|91
|c|âoh no oh no|gg
|c|âdekuscrub789|oh its half the health of user, I always thought it was just like recover or moonlight
|
|switch|p1a: Uxie|Uxie|157\/354
|move|p2a: Xatu|Psyshock|p1a: Uxie
|-resisted|p1a: Uxie
|-damage|p1a: Uxie|129\/354
|
|-heal|p1a: Uxie|151\/354|[from] item: Leftovers
|turn|92
|c|âdekuscrub789|gg
|c|âoh no oh no|it used to be but the mechanics changes in gen V
|
|move|p2a: Xatu|Psyshock|p1a: Uxie
|-resisted|p1a: Uxie
|-damage|p1a: Uxie|124\/354
|move|p1a: Uxie|U-turn|p2a: Xatu
|-damage|p2a: Xatu|18\/311
|
|switch|p1a: Blissey|Blissey, F|301\/657
|
|-heal|p1a: Blissey|342\/657|[from] item: Leftovers
|turn|93
|c|âdekuscrub789|yeha okay
|
|switch|p1a: Uxie|Uxie|124\/354
|move|p2a: Xatu|Struggle|p1a: Uxie
|-damage|p1a: Uxie|108\/354
|-damage|p2a: Xatu|0 fnt
|faint|p2a: Xatu
|
|win|oh no oh no
|raw|Ladder updating...
|raw|oh no oh no's rating: 1441 &rarr; <strong>1448<\/strong><br \/>(+7 for winning)
|raw|dekuscrub789's rating: 1190 &rarr; <strong>1181<\/strong><br \/>(-9 for losing)