|join|pokemonisfun
|join|oh no oh no
|player|p1|pokemonisfun|184
|player|p2|oh no oh no|157
|gametype|singles
|gen|6
|tier|UU
|rated
|rule|Sleep Clause Mod: Limit one foe put to sleep
|rule|Species Clause: Limit one of each PokÃ©mon
|rule|OHKO Clause: OHKO moves are banned
|rule|Moody Clause: Moody is banned
|rule|Evasion Moves Clause: Evasion moves are banned
|rule|Endless Battle Clause: Forcing endless battles is banned
|rule|HP Percentage Mod: HP is shown in percentages
|clearpoke
|poke|p1|Zygarde
|poke|p1|Darmanitan, F
|poke|p1|Absol, F
|poke|p1|Nidoqueen, F, shiny
|poke|p1|Whimsicott, M
|poke|p1|Suicune
|poke|p2|Weezing, M
|poke|p2|Forretress, F
|poke|p2|Suicune
|poke|p2|Celebi
|poke|p2|Blissey, F
|poke|p2|Spiritomb, F
|rule|Swagger Clause: Swagger is banned
|rule|Baton Pass Clause: Limit one PokÃ©mon knowing Baton Pass
|teampreview
|
|start
|switch|p1a: Absol|Absol, F|271\/271
|switch|p2a: Blue in Green|Suicune|404\/404
|-ability|p1a: Absol|Pressure
|-ability|p2a: Blue in Green|Pressure
|turn|1
|join|feng the bob
|
|switch|p1a: Whimsicott|Whimsicott, M|261\/261
|move|p2a: Blue in Green|Scald|p1a: Whimsicott
|-resisted|p1a: Whimsicott
|-damage|p1a: Whimsicott|206\/261
|
|turn|2
|c|âpokemonisfun|what type of shitty nickname is feng the bob
|
|switch|p2a: Lush Life|Celebi|403\/403
|move|p1a: Whimsicott|U-turn|p2a: Lush Life
|-supereffective|p2a: Lush Life
|-damage|p2a: Lush Life|231\/403
|-damage|p1a: Whimsicott|180\/261|[from] item: Life Orb
|
|switch|p1a: Absol|Absol, F|271\/271
|-ability|p1a: Absol|Pressure
|
|-heal|p2a: Lush Life|256\/403|[from] item: Leftovers
|turn|3
|
|switch|p2a: Blue in Green|Suicune|404\/404
|-ability|p2a: Blue in Green|Pressure
|detailschange|p1a: Absol|Absol-Mega, F
|-mega|p1a: Absol|Absol|Absolite
|move|p1a: Absol|Knock Off|p2a: Blue in Green
|-damage|p2a: Blue in Green|274\/404
|-enditem|p2a: Blue in Green|Leftovers|[from] move: Knock Off|[of] p1a: Absol
|
|turn|4
|
|switch|p1a: Whimsicott|Whimsicott, M|180\/261
|move|p2a: Blue in Green|Scald|p1a: Whimsicott
|-resisted|p1a: Whimsicott
|-damage|p1a: Whimsicott|120\/261
|-status|p1a: Whimsicott|brn
|
|-damage|p1a: Whimsicott|88\/261 brn|[from] brn
|turn|5
|
|move|p1a: Whimsicott|Giga Drain|p2a: Blue in Green
|-supereffective|p2a: Blue in Green
|-damage|p2a: Blue in Green|53\/404
|-heal|p1a: Whimsicott|199\/261 brn|[from] drain|[of] p2a: Blue in Green
|-damage|p1a: Whimsicott|173\/261 brn|[from] item: Life Orb
|move|p2a: Blue in Green|Rest|p2a: Blue in Green
|-status|p2a: Blue in Green|slp
|-heal|p2a: Blue in Green|404\/404 slp|[silent]
|-status|p2a: Blue in Green|slp|[from] move: Rest
|
|-damage|p1a: Whimsicott|141\/261 brn|[from] brn
|turn|6
|
|switch|p2a: Nardis|Weezing, M|333\/333
|move|p1a: Whimsicott|U-turn|p2a: Nardis
|-resisted|p2a: Nardis
|-damage|p2a: Nardis|325\/333
|-damage|p1a: Whimsicott|115\/261 brn|[from] item: Life Orb
|
|switch|p1a: Nidoqueen|Nidoqueen, F, shiny|321\/321
|
|-heal|p2a: Nardis|333\/333|[from] item: Black Sludge
|turn|7
|
|move|p1a: Nidoqueen|Stealth Rock|p2a: Nardis
|-sidestart|p2: oh no oh no|move: Stealth Rock
|move|p2a: Nardis|Will-O-Wisp|p1a: Nidoqueen
|-status|p1a: Nidoqueen|brn
|
|-damage|p1a: Nidoqueen|281\/321 brn|[from] brn
|turn|8
|
|switch|p1a: Darmanitan|Darmanitan, F|351\/351
|move|p2a: Nardis|Toxic Spikes|p1a: Darmanitan
|-sidestart|p1: pokemonisfun|move: Toxic Spikes
|
|turn|9
|
|switch|p2a: Blue in Green|Suicune|404\/404 slp
|-damage|p2a: Blue in Green|354\/404 slp|[from] Stealth Rock
|-ability|p2a: Blue in Green|Pressure
|move|p1a: Darmanitan|U-turn|p2a: Blue in Green
|-damage|p2a: Blue in Green|293\/404 slp
|
|switch|p1a: Nidoqueen|Nidoqueen, F, shiny|281\/321 brn
|-sideend|p1: pokemonisfun|move: Toxic Spikes|[of] p1a: Nidoqueen
|
|-damage|p1a: Nidoqueen|241\/321 brn|[from] brn
|turn|10
|
|move|p1a: Nidoqueen|Sludge Wave|p2a: Blue in Green
|-damage|p2a: Blue in Green|82\/404 slp
|cant|p2a: Blue in Green|slp
|move|p2a: Blue in Green|Sleep Talk|p2a: Blue in Green
|move|p2a: Blue in Green|Roar|p1a: Nidoqueen|[from]Sleep Talk
|drag|p1a: Darmanitan|Darmanitan, F|351\/351
|
|turn|11
|
|switch|p2a: Nardis|Weezing, M|333\/333
|-damage|p2a: Nardis|292\/333|[from] Stealth Rock
|move|p1a: Darmanitan|Flare Blitz|p2a: Nardis
|-damage|p2a: Nardis|103\/333
|-damage|p1a: Darmanitan|289\/351|[from] recoil|[of] p2a: Nardis
|
|-heal|p2a: Nardis|123\/333|[from] item: Black Sludge
|turn|12
|
|move|p1a: Darmanitan|Flare Blitz|p2a: Nardis
|-damage|p2a: Nardis|0 fnt
|-damage|p1a: Darmanitan|248\/351|[from] recoil|[of] p2a: Nardis
|faint|p2a: Nardis
|
|
|switch|p2a: Bitches Brew|Spiritomb, F|304\/304
|-damage|p2a: Bitches Brew|266\/304|[from] Stealth Rock
|turn|13
|
|switch|p1a: Suicune|Suicune|404\/404
|-ability|p1a: Suicune|Pressure
|move|p2a: Bitches Brew|Rest|p2a: Bitches Brew
|-status|p2a: Bitches Brew|slp
|-heal|p2a: Bitches Brew|304\/304 slp|[silent]
|-status|p2a: Bitches Brew|slp|[from] move: Rest
|
|turn|14
|
|switch|p1a: Absol|Absol-Mega, F|271\/271
|switch|p2a: Lush Life|Celebi|256\/403
|-damage|p2a: Lush Life|206\/403|[from] Stealth Rock
|
|-heal|p2a: Lush Life|231\/403|[from] item: Leftovers
|turn|15
|
|switch|p2a: Body and Soul|Forretress, F|354\/354
|-damage|p2a: Body and Soul|310\/354|[from] Stealth Rock
|move|p1a: Absol|Knock Off|p2a: Body and Soul
|-damage|p2a: Body and Soul|195\/354
|-enditem|p2a: Body and Soul|Leftovers|[from] move: Knock Off|[of] p1a: Absol
|
|turn|16
|
|move|p1a: Absol|Fire Blast|p2a: Body and Soul
|-supereffective|p2a: Body and Soul
|-damage|p2a: Body and Soul|0 fnt
|faint|p2a: Body and Soul
|
|-message|oh no oh no forfeited.
|
|win|pokemonisfun
|raw|Ladder updating...
|leave|oh no oh no
|player|p2
|raw|pokemonisfun's rating: 1494 &rarr; <strong>1521<\/strong><br \/>(+27 for winning)
|raw|oh no oh no's rating: 1631 &rarr; <strong>1603<\/strong><br \/>(-28 for losing)