|join|oh no oh no
|join|Antler Management
|player|p1|oh no oh no|157
|player|p2|Antler Management|55
|gametype|singles
|gen|6
|tier|UU
|rated
|rule|Sleep Clause Mod: Limit one foe put to sleep
|rule|Species Clause: Limit one of each PokÃ©mon
|rule|OHKO Clause: OHKO moves are banned
|rule|Moody Clause: Moody is banned
|rule|Evasion Moves Clause: Evasion moves are banned
|rule|Endless Battle Clause: Forcing endless battles is banned
|rule|HP Percentage Mod: HP is shown in percentages
|clearpoke
|poke|p1|Weezing, F
|poke|p1|Forretress, F
|poke|p1|Suicune
|poke|p1|Celebi
|poke|p1|Blissey, F
|poke|p1|Spiritomb, M
|poke|p2|Slowking, F
|poke|p2|Porygon-Z
|poke|p2|Zygarde
|poke|p2|Tornadus, M, shiny
|poke|p2|Azelf, shiny
|poke|p2|Fletchinder, M
|rule|Swagger Clause: Swagger is banned
|rule|Baton Pass Clause: Limit one PokÃ©mon knowing Baton Pass
|teampreview
|
|start
|switch|p1a: Lush Life|Celebi|403\/403
|switch|p2a: boTTT|Porygon-Z|331\/331
|turn|1
|
|move|p2a: boTTT|Trick|p1a: Lush Life
|-activate|p2a: boTTT|move: Trick|[of] p1a: Lush Life
|-item|p1a: Lush Life|Choice Specs|[from] move: Trick
|-item|p2a: boTTT|Leftovers|[from] move: Trick
|move|p1a: Lush Life|Stealth Rock|p2a: boTTT
|-sidestart|p2: Antler Management|move: Stealth Rock
|
|turn|2
|join|dodmen
|join|THEiTodd
|
|switch|p2a: Dudeman130498|Azelf, shiny|291\/291
|-damage|p2a: Dudeman130498|255\/291|[from] Stealth Rock
|switch|p1a: My Foolish Heart|Blissey, F|657\/657
|
|turn|3
|
|move|p2a: Dudeman130498|Knock Off|p1a: My Foolish Heart
|-damage|p1a: My Foolish Heart|462\/657
|-enditem|p1a: My Foolish Heart|Leftovers|[from] move: Knock Off|[of] p2a: Dudeman130498
|move|p1a: My Foolish Heart|Toxic|p2a: Dudeman130498
|-status|p2a: Dudeman130498|tox
|
|-damage|p2a: Dudeman130498|237\/291 tox|[from] psn
|turn|4
|
|move|p2a: Dudeman130498|Taunt|p1a: My Foolish Heart
|-start|p1a: My Foolish Heart|move: Taunt
|cant|p1a: My Foolish Heart|move: Taunt|Wish
|
|-damage|p2a: Dudeman130498|201\/291 tox|[from] psn
|turn|5
|
|move|p2a: Dudeman130498|Stealth Rock|p1a: My Foolish Heart
|-sidestart|p1: oh no oh no|move: Stealth Rock
|move|p1a: My Foolish Heart|Seismic Toss|p2a: Dudeman130498
|-damage|p2a: Dudeman130498|101\/291 tox
|
|-damage|p2a: Dudeman130498|47\/291 tox|[from] psn
|turn|6
|
|switch|p1a: Bitches Brew|Spiritomb, M|304\/304
|-damage|p1a: Bitches Brew|266\/304|[from] Stealth Rock
|move|p2a: Dudeman130498|Knock Off|p1a: Bitches Brew
|-damage|p1a: Bitches Brew|158\/304
|-enditem|p1a: Bitches Brew|Leftovers|[from] move: Knock Off|[of] p2a: Dudeman130498
|
|-damage|p2a: Dudeman130498|0 fnt|[from] psn
|faint|p2a: Dudeman130498
|
|switch|p2a: Technosis|Tornadus, M, shiny|299\/299
|-damage|p2a: Technosis|225\/299|[from] Stealth Rock
|turn|7
|
|switch|p1a: Blue in Green|Suicune|404\/404
|-damage|p1a: Blue in Green|354\/404|[from] Stealth Rock
|-ability|p1a: Blue in Green|Pressure
|move|p2a: Technosis|Taunt|p1a: Blue in Green
|-start|p1a: Blue in Green|move: Taunt
|
|-heal|p1a: Blue in Green|379\/404|[from] item: Leftovers
|turn|8
|leave|THEiTodd
|
|move|p2a: Technosis|Knock Off|p1a: Blue in Green
|-damage|p1a: Blue in Green|308\/404
|-enditem|p1a: Blue in Green|Leftovers|[from] move: Knock Off|[of] p2a: Technosis
|move|p1a: Blue in Green|Scald|p2a: Technosis
|-damage|p2a: Technosis|119\/299
|-status|p2a: Technosis|brn
|
|-damage|p2a: Technosis|82\/299 brn|[from] brn
|turn|9
|
|move|p2a: Technosis|Acrobatics|p1a: Blue in Green
|-damage|p1a: Blue in Green|245\/404
|move|p1a: Blue in Green|Scald|p2a: Technosis
|-damage|p2a: Technosis|0 fnt
|faint|p2a: Technosis
|
|
|switch|p2a: xMarth|Zygarde|359\/359
|-damage|p2a: xMarth|337\/359|[from] Stealth Rock
|-ability|p2a: xMarth|Aura Break
|turn|10
|
|move|p2a: xMarth|Dragon Dance|p2a: xMarth
|-boost|p2a: xMarth|atk|1
|-boost|p2a: xMarth|spe|1
|move|p1a: Blue in Green|Scald|p2a: xMarth
|-damage|p2a: xMarth|244\/359
|
|-end|p1a: Blue in Green|move: Taunt
|turn|11
|
|move|p2a: xMarth|Earthquake|p1a: Blue in Green
|-damage|p1a: Blue in Green|54\/404
|-damage|p2a: xMarth|209\/359|[from] item: Life Orb
|move|p1a: Blue in Green|Roar|p2a: xMarth
|drag|p2a: King UU|Slowking, F|394\/394
|-damage|p2a: King UU|345\/394|[from] Stealth Rock
|
|-heal|p2a: King UU|369\/394|[from] item: Leftovers
|turn|12
|
|move|p1a: Blue in Green|Rest|p1a: Blue in Green
|-status|p1a: Blue in Green|slp
|-heal|p1a: Blue in Green|404\/404 slp|[silent]
|-status|p1a: Blue in Green|slp|[from] move: Rest
|move|p2a: King UU|Nasty Plot|p2a: King UU
|-boost|p2a: King UU|spa|2
|
|-heal|p2a: King UU|393\/394|[from] item: Leftovers
|turn|13
|
|switch|p1a: My Foolish Heart|Blissey, F|462\/657
|-damage|p1a: My Foolish Heart|380\/657|[from] Stealth Rock
|move|p2a: King UU|Nasty Plot|p2a: King UU
|-boost|p2a: King UU|spa|2
|
|-heal|p2a: King UU|394\/394|[from] item: Leftovers
|turn|14
|
|move|p1a: My Foolish Heart|Toxic|p2a: King UU
|-status|p2a: King UU|tox
|move|p2a: King UU|Psyshock|p1a: My Foolish Heart
|-damage|p1a: My Foolish Heart|0 fnt
|faint|p1a: My Foolish Heart
|
|-damage|p2a: King UU|370\/394 tox|[from] psn
|
|switch|p1a: Lush Life|Celebi|403\/403
|-damage|p1a: Lush Life|353\/403|[from] Stealth Rock
|turn|15
|
|move|p1a: Lush Life|Giga Drain|p2a: King UU
|-supereffective|p2a: King UU
|-damage|p2a: King UU|122\/394 tox
|-heal|p1a: Lush Life|403\/403|[from] drain|[of] p2a: King UU
|move|p2a: King UU|Scald|p1a: Lush Life
|-resisted|p1a: Lush Life
|-damage|p1a: Lush Life|261\/403
|
|-heal|p2a: King UU|146\/394 tox|[from] item: Leftovers
|-damage|p2a: King UU|98\/394 tox|[from] psn
|turn|16
|
|switch|p1a: Nardis|Weezing, F|333\/333
|-damage|p1a: Nardis|292\/333|[from] Stealth Rock
|move|p2a: King UU|Scald|p1a: Nardis
|-damage|p1a: Nardis|0 fnt
|faint|p1a: Nardis
|
|-heal|p2a: King UU|122\/394 tox|[from] item: Leftovers
|-damage|p2a: King UU|50\/394 tox|[from] psn
|
|switch|p1a: Bitches Brew|Spiritomb, M|158\/304
|-damage|p1a: Bitches Brew|120\/304|[from] Stealth Rock
|turn|17
|
|move|p1a: Bitches Brew|Foul Play|p2a: King UU
|-supereffective|p2a: King UU
|-damage|p2a: King UU|0 fnt
|faint|p2a: King UU
|
|
|switch|p2a: xMarth|Zygarde|209\/359
|-damage|p2a: xMarth|187\/359|[from] Stealth Rock
|-ability|p2a: xMarth|Aura Break
|turn|18
|
|move|p2a: xMarth|Earthquake|p1a: Bitches Brew
|-damage|p1a: Bitches Brew|0 fnt
|-damage|p2a: xMarth|152\/359|[from] item: Life Orb
|faint|p1a: Bitches Brew
|
|
|switch|p1a: Body and Soul|Forretress, F|354\/354
|-damage|p1a: Body and Soul|310\/354|[from] Stealth Rock
|turn|19
|
|move|p2a: xMarth|Earthquake|p1a: Body and Soul
|-damage|p1a: Body and Soul|192\/354
|-damage|p2a: xMarth|117\/359|[from] item: Life Orb
|move|p1a: Body and Soul|Gyro Ball|p2a: xMarth
|-damage|p2a: xMarth|42\/359
|
|-heal|p1a: Body and Soul|214\/354|[from] item: Leftovers
|turn|20
|
|move|p2a: xMarth|Earthquake|p1a: Body and Soul
|-damage|p1a: Body and Soul|88\/354
|-damage|p2a: xMarth|7\/359|[from] item: Life Orb
|move|p1a: Body and Soul|Rapid Spin|p2a: xMarth
|-damage|p2a: xMarth|0 fnt
|-sideend|p1: oh no oh no|Stealth Rock|[from] move: Rapid Spin|[of] p1a: Body and Soul
|faint|p2a: xMarth
|
|-heal|p1a: Body and Soul|110\/354|[from] item: Leftovers
|
|switch|p2a: boTTT|Porygon-Z|331\/331
|-damage|p2a: boTTT|290\/331|[from] Stealth Rock
|turn|21
|
|move|p2a: boTTT|Nasty Plot|p2a: boTTT
|-boost|p2a: boTTT|spa|2
|move|p1a: Body and Soul|Toxic|p2a: boTTT
|-status|p2a: boTTT|tox
|
|-heal|p2a: boTTT|310\/331 tox|[from] item: Leftovers
|-heal|p1a: Body and Soul|132\/354|[from] item: Leftovers
|-damage|p2a: boTTT|290\/331 tox|[from] psn
|turn|22
|
|move|p2a: boTTT|Tri Attack|p1a: Body and Soul
|-resisted|p1a: Body and Soul
|-damage|p1a: Body and Soul|0 fnt
|faint|p1a: Body and Soul
|
|-heal|p2a: boTTT|310\/331 tox|[from] item: Leftovers
|-damage|p2a: boTTT|270\/331 tox|[from] psn
|
|switch|p1a: Lush Life|Celebi|261\/403
|turn|23
|
|move|p2a: boTTT|Tri Attack|p1a: Lush Life
|-damage|p1a: Lush Life|0 fnt
|faint|p1a: Lush Life
|
|-heal|p2a: boTTT|290\/331 tox|[from] item: Leftovers
|-damage|p2a: boTTT|230\/331 tox|[from] psn
|
|switch|p1a: Blue in Green|Suicune|404\/404 slp
|-ability|p1a: Blue in Green|Pressure
|turn|24
|join|SketchyEcchi
|
|move|p2a: boTTT|Tri Attack|p1a: Blue in Green
|-damage|p1a: Blue in Green|22\/404 slp
|cant|p1a: Blue in Green|slp
|move|p1a: Blue in Green|Sleep Talk|p1a: Blue in Green
|move|p1a: Blue in Green|Rest|p1a: Blue in Green|[from]Sleep Talk
|-fail|p1a: Blue in Green
|
|-heal|p2a: boTTT|250\/331 tox|[from] item: Leftovers
|-damage|p2a: boTTT|170\/331 tox|[from] psn
|turn|25
|c|âoh no oh no|gg
|c|âAntler Management|gg
|
|move|p2a: boTTT|Tri Attack|p1a: Blue in Green
|-damage|p1a: Blue in Green|0 fnt
|faint|p1a: Blue in Green
|
|win|Antler Management
|raw|Ladder updating...
|leave|Antler Management
|leave|oh no oh no
|raw|oh no oh no's rating: 1639 &rarr; <strong>1610<\/strong><br \/>(-29 for losing)
|raw|Antler Management's rating: 1467 &rarr; <strong>1496<\/strong><br \/>(+29 for winning)
|player|p2
|player|p1
|leave|SketchyEcchi
|leave|dodmen
|join|namehtmas
|leave|namehtmas
|join|Antler Management