|join|oh no oh no
|join|Salamaniac
|player|p1|oh no oh no|265
|player|p2|Salamaniac|30
|gametype|singles
|gen|6
|tier|UU
|rated
|rule|Sleep Clause Mod: Limit one foe put to sleep
|rule|Species Clause: Limit one of each PokÃ©mon
|rule|OHKO Clause: OHKO moves are banned
|rule|Moody Clause: Moody is banned
|rule|Evasion Moves Clause: Evasion moves are banned
|rule|Endless Battle Clause: Forcing endless battles is banned
|rule|HP Percentage Mod: HP is shown in percentages
|clearpoke
|poke|p1|Weezing, F
|poke|p1|Donphan, F
|poke|p1|Froslass, F
|poke|p1|Vaporeon, M
|poke|p1|Blissey, F
|poke|p1|Sharpedo, F
|poke|p2|Jirachi
|poke|p2|Suicune, shiny
|poke|p2|Umbreon, M, shiny
|poke|p2|Lopunny, F
|poke|p2|Gligar, M, shiny
|poke|p2|Nidoqueen, F
|rule|Swagger Clause: Swagger is banned
|rule|Baton Pass Clause: Limit one PokÃ©mon knowing Baton Pass
|teampreview
|
|start
|switch|p1a: Froslass|Froslass, F|344\/344
|switch|p2a: Jirachi|Jirachi|341\/341
|turn|1
|
|move|p2a: Jirachi|Iron Head|p1a: Froslass
|-supereffective|p1a: Froslass
|-damage|p1a: Froslass|48\/344
|move|p1a: Froslass|Spikes|p2a: Jirachi
|-sidestart|p2: Salamaniac|Spikes
|
|turn|2
|
|switch|p1a: Vaporeon|Vaporeon, M|451\/451
|move|p2a: Jirachi|Iron Head|p1a: Vaporeon
|-resisted|p1a: Vaporeon
|-damage|p1a: Vaporeon|386\/451
|
|-heal|p1a: Vaporeon|414\/451|[from] item: Leftovers
|turn|3
|
|switch|p2a: Umbreon|Umbreon, M, shiny|394\/394
|-damage|p2a: Umbreon|345\/394|[from] Spikes
|move|p1a: Vaporeon|Roar|p2a: Umbreon
|drag|p2a: Suicune|Suicune, shiny|404\/404
|-damage|p2a: Suicune|354\/404|[from] Spikes
|-ability|p2a: Suicune|Pressure
|
|-heal|p2a: Suicune|379\/404|[from] item: Leftovers
|-heal|p1a: Vaporeon|442\/451|[from] item: Leftovers
|turn|4
|
|move|p2a: Suicune|Calm Mind|p2a: Suicune
|-boost|p2a: Suicune|spa|1
|-boost|p2a: Suicune|spd|1
|move|p1a: Vaporeon|Wish|p1a: Vaporeon
|
|-heal|p2a: Suicune|404\/404|[from] item: Leftovers
|-heal|p1a: Vaporeon|451\/451|[from] item: Leftovers
|turn|5
|
|switch|p1a: Froslass|Froslass, F|48\/344
|move|p2a: Suicune|Calm Mind|p2a: Suicune
|-boost|p2a: Suicune|spa|1
|-boost|p2a: Suicune|spd|1
|
|-heal|p1a: Froslass|273\/344|[from] move: Wish|[wisher] Vaporeon
|turn|6
|
|move|p1a: Froslass|Taunt|p2a: Suicune
|-start|p2a: Suicune|move: Taunt
|move|p2a: Suicune|Scald|p1a: Froslass
|-damage|p1a: Froslass|38\/344
|-start|p2a: Suicune|Disable|Scald
|
|turn|7
|
|switch|p2a: Jirachi|Jirachi|341\/341
|-damage|p2a: Jirachi|299\/341|[from] Spikes
|move|p1a: Froslass|Spikes|p2a: Jirachi
|-sidestart|p2: Salamaniac|Spikes
|
|turn|8
|
|switch|p1a: Vaporeon|Vaporeon, M|451\/451
|move|p2a: Jirachi|Trick|p1a: Vaporeon
|-activate|p2a: Jirachi|move: Trick|[of] p1a: Vaporeon
|-item|p1a: Vaporeon|Choice Scarf|[from] move: Trick
|-item|p2a: Jirachi|Leftovers|[from] move: Trick
|
|-heal|p2a: Jirachi|320\/341|[from] item: Leftovers
|turn|9
|
|move|p2a: Jirachi|U-turn|p1a: Vaporeon
|-damage|p1a: Vaporeon|381\/451
|
|switch|p2a: Suicune|Suicune, shiny|404\/404
|-damage|p2a: Suicune|337\/404|[from] Spikes
|-ability|p2a: Suicune|Pressure
|move|p1a: Vaporeon|Roar|p2a: Suicune
|drag|p2a: Lopunny|Lopunny, F|271\/271
|-damage|p2a: Lopunny|226\/271|[from] Spikes
|
|turn|10
|
|detailschange|p2a: Lopunny|Lopunny-Mega, F
|message|Lopunny has Mega Evolved into Mega Lopunny!
|move|p2a: Lopunny|High Jump Kick|p1a: Vaporeon
|-damage|p1a: Vaporeon|131\/451
|move|p1a: Vaporeon|Roar|p2a: Lopunny
|drag|p2a: Jirachi|Jirachi|320\/341
|-damage|p2a: Jirachi|264\/341|[from] Spikes
|
|-heal|p2a: Jirachi|285\/341|[from] item: Leftovers
|turn|11
|
|move|p2a: Jirachi|Iron Head|p1a: Vaporeon
|-resisted|p1a: Vaporeon
|-damage|p1a: Vaporeon|64\/451
|cant|p1a: Vaporeon|flinch
|
|-heal|p2a: Jirachi|306\/341|[from] item: Leftovers
|turn|12
|
|switch|p1a: Donphan|Donphan, F|381\/381
|move|p2a: Jirachi|Iron Head|p1a: Donphan
|-damage|p1a: Donphan|285\/381
|
|-heal|p2a: Jirachi|327\/341|[from] item: Leftovers
|-heal|p1a: Donphan|308\/381|[from] item: Leftovers
|turn|13
|
|switch|p1a: Vaporeon|Vaporeon, M|64\/451
|move|p2a: Jirachi|U-turn|p1a: Vaporeon
|-damage|p1a: Vaporeon|0 fnt
|faint|p1a: Vaporeon
|
|switch|p2a: Nidoqueen|Nidoqueen, F|353\/353
|-damage|p2a: Nidoqueen|295\/353|[from] Spikes
|
|
|switch|p1a: Sharpedo|Sharpedo, F|282\/282
|turn|14
|
|switch|p2a: Suicune|Suicune, shiny|337\/404
|-damage|p2a: Suicune|270\/404|[from] Spikes
|-ability|p2a: Suicune|Pressure
|move|p1a: Sharpedo|Protect|p1a: Sharpedo
|-fail|p1a: Sharpedo
|
|-heal|p2a: Suicune|295\/404|[from] item: Leftovers
|-boost|p1a: Sharpedo|spe|1|[from] ability: Speed Boost
|turn|15
|
|detailschange|p1a: Sharpedo|Sharpedo-Mega, F
|message|Sharpedo has Mega Evolved into Mega Sharpedo!
|move|p1a: Sharpedo|Crunch|p2a: Suicune
|-damage|p2a: Suicune|145\/404
|move|p2a: Suicune|Calm Mind|p2a: Suicune
|-boost|p2a: Suicune|spa|1
|-boost|p2a: Suicune|spd|1
|
|-heal|p2a: Suicune|170\/404|[from] item: Leftovers
|turn|16
|
|move|p1a: Sharpedo|Crunch|p2a: Suicune
|-damage|p2a: Suicune|16\/404
|move|p2a: Suicune|Rest|p2a: Suicune
|-status|p2a: Suicune|slp
|-heal|p2a: Suicune|404\/404 slp|[silent]
|-status|p2a: Suicune|slp|[from] move: Rest
|
|turn|17
|
|move|p1a: Sharpedo|Crunch|p2a: Suicune
|-damage|p2a: Suicune|254\/404 slp
|cant|p2a: Suicune|slp
|move|p2a: Suicune|Sleep Talk|p2a: Suicune
|move|p2a: Suicune|Calm Mind|p2a: Suicune|[from]Sleep Talk
|-boost|p2a: Suicune|spa|1
|-boost|p2a: Suicune|spd|1
|
|-heal|p2a: Suicune|279\/404 slp|[from] item: Leftovers
|turn|18
|
|move|p1a: Sharpedo|Crunch|p2a: Suicune
|-damage|p2a: Suicune|114\/404 slp
|cant|p2a: Suicune|slp
|move|p2a: Suicune|Sleep Talk|p2a: Suicune
|move|p2a: Suicune|Scald|p1a: Sharpedo|[from]Sleep Talk
|-resisted|p1a: Sharpedo
|-damage|p1a: Sharpedo|170\/282
|
|-heal|p2a: Suicune|139\/404 slp|[from] item: Leftovers
|turn|19
|
|switch|p2a: Umbreon|Umbreon, M, shiny|345\/394
|-damage|p2a: Umbreon|280\/394|[from] Spikes
|move|p1a: Sharpedo|Crunch|p2a: Umbreon
|-resisted|p2a: Umbreon
|-damage|p2a: Umbreon|166\/394
|-unboost|p2a: Umbreon|def|1
|
|-heal|p2a: Umbreon|190\/394|[from] item: Leftovers
|turn|20
|
|move|p2a: Umbreon|Protect|p2a: Umbreon
|-singleturn|p2a: Umbreon|Protect
|move|p1a: Sharpedo|Waterfall|p2a: Umbreon
|-activate|p2a: Umbreon|Protect
|
|-heal|p2a: Umbreon|214\/394|[from] item: Leftovers
|turn|21
|
|switch|p2a: Suicune|Suicune, shiny|139\/404 slp
|-damage|p2a: Suicune|72\/404 slp|[from] Spikes
|-ability|p2a: Suicune|Pressure
|move|p1a: Sharpedo|Waterfall|p2a: Suicune
|-resisted|p2a: Suicune
|-damage|p2a: Suicune|16\/404 slp
|
|-heal|p2a: Suicune|41\/404 slp|[from] item: Leftovers
|turn|22
|
|move|p1a: Sharpedo|Waterfall|p2a: Suicune
|-resisted|p2a: Suicune
|-damage|p2a: Suicune|0 fnt
|faint|p2a: Suicune
|
|
|switch|p2a: Umbreon|Umbreon, M, shiny|214\/394
|-damage|p2a: Umbreon|149\/394|[from] Spikes
|turn|23
|
|move|p2a: Umbreon|Protect|p2a: Umbreon
|-singleturn|p2a: Umbreon|Protect
|move|p1a: Sharpedo|Waterfall|p2a: Umbreon
|-activate|p2a: Umbreon|Protect
|
|-heal|p2a: Umbreon|173\/394|[from] item: Leftovers
|turn|24
|
|move|p1a: Sharpedo|Waterfall|p2a: Umbreon
|-damage|p2a: Umbreon|23\/394
|move|p2a: Umbreon|Wish|p2a: Umbreon
|
|-heal|p2a: Umbreon|47\/394|[from] item: Leftovers
|turn|25
|
|switch|p1a: Froslass|Froslass, F|38\/344
|move|p2a: Umbreon|Protect|p2a: Umbreon
|-fail|p2a: Umbreon
|
|-heal|p2a: Umbreon|244\/394|[from] move: Wish|[wisher] Umbreon
|-heal|p2a: Umbreon|268\/394|[from] item: Leftovers
|turn|26
|
|move|p1a: Froslass|Destiny Bond|p1a: Froslass
|-singlemove|p1a: Froslass|Destiny Bond
|move|p2a: Umbreon|Foul Play|p1a: Froslass
|-supereffective|p1a: Froslass
|-damage|p1a: Froslass|0 fnt
|-start|p2a: Umbreon|Disable|Foul Play
|faint|p1a: Froslass
|-activate|p1a: Froslass|Destiny Bond
|faint|p2a: Umbreon
|
|
|switch|p1a: Sharpedo|Sharpedo-Mega, F|170\/282
|switch|p2a: Gligar|Gligar, M, shiny|334\/334
|turn|27
|
|move|p1a: Sharpedo|Ice Fang|p2a: Gligar|[miss]
|-miss|p1a: Sharpedo|p2a: Gligar
|move|p2a: Gligar|Toxic|p1a: Sharpedo
|-status|p1a: Sharpedo|tox
|
|-damage|p1a: Sharpedo|153\/282 tox|[from] psn
|turn|28
|
|move|p1a: Sharpedo|Waterfall|p2a: Gligar
|-supereffective|p2a: Gligar
|-damage|p2a: Gligar|170\/334
|cant|p2a: Gligar|flinch
|
|-damage|p1a: Sharpedo|119\/282 tox|[from] psn
|turn|29
|
|move|p1a: Sharpedo|Ice Fang|p2a: Gligar
|-crit|p2a: Gligar
|-supereffective|p2a: Gligar
|-damage|p2a: Gligar|0 fnt
|faint|p2a: Gligar
|
|-damage|p1a: Sharpedo|68\/282 tox|[from] psn
|
|switch|p2a: Lopunny|Lopunny-Mega, F|226\/271
|-damage|p2a: Lopunny|181\/271|[from] Spikes
|turn|30
|
|move|p1a: Sharpedo|Protect|p1a: Sharpedo
|-singleturn|p1a: Sharpedo|Protect
|move|p2a: Lopunny|Frustration|p1a: Sharpedo
|-activate|p1a: Sharpedo|Protect
|
|-damage|p1a: Sharpedo|0 fnt|[from] psn
|faint|p1a: Sharpedo
|
|switch|p1a: Weezing|Weezing, F|333\/333
|turn|31
|
|move|p2a: Lopunny|Substitute|p2a: Lopunny
|-start|p2a: Lopunny|Substitute
|-damage|p2a: Lopunny|114\/271
|move|p1a: Weezing|Will-O-Wisp|p2a: Lopunny
|
|turn|32
|
|move|p2a: Lopunny|Encore|p1a: Weezing
|-start|p1a: Weezing|Encore
|move|p1a: Weezing|Will-O-Wisp|p2a: Lopunny|[miss]
|-miss|p1a: Weezing|p2a: Lopunny
|
|turn|33
|
|switch|p1a: Donphan|Donphan, F|308\/381
|move|p2a: Lopunny|High Jump Kick|p1a: Donphan
|-damage|p1a: Donphan|113\/381
|
|-heal|p1a: Donphan|136\/381|[from] item: Leftovers
|turn|34
|
|switch|p1a: Weezing|Weezing, F|333\/333
|move|p2a: Lopunny|High Jump Kick|p1a: Weezing
|-resisted|p1a: Weezing
|-damage|p1a: Weezing|261\/333
|
|-heal|p1a: Weezing|281\/333|[from] item: Leftovers
|turn|35
|
|move|p2a: Lopunny|Frustration|p1a: Weezing
|-damage|p1a: Weezing|169\/333
|move|p1a: Weezing|Fire Blast|p2a: Lopunny|[miss]
|-miss|p1a: Weezing|p2a: Lopunny
|
|-heal|p1a: Weezing|189\/333|[from] item: Leftovers
|turn|36
|
|move|p2a: Lopunny|Frustration|p1a: Weezing
|-damage|p1a: Weezing|65\/333
|move|p1a: Weezing|Fire Blast|p2a: Lopunny
|-end|p2a: Lopunny|Substitute
|
|-heal|p1a: Weezing|85\/333|[from] item: Leftovers
|turn|37
|
|move|p2a: Lopunny|Frustration|p1a: Weezing
|-damage|p1a: Weezing|0 fnt
|faint|p1a: Weezing
|
|
|switch|p1a: Donphan|Donphan, F|136\/381
|turn|38
|
|move|p2a: Lopunny|High Jump Kick|p1a: Donphan
|-damage|p1a: Donphan|0 fnt
|faint|p1a: Donphan
|
|
|switch|p1a: Blissey|Blissey, F|657\/657
|turn|39
|
|move|p2a: Lopunny|Substitute|p2a: Lopunny
|-start|p2a: Lopunny|Substitute
|-damage|p2a: Lopunny|47\/271
|move|p1a: Blissey|Seismic Toss|p2a: Lopunny
|-end|p2a: Lopunny|Substitute
|
|turn|40
|
|move|p2a: Lopunny|High Jump Kick|p1a: Blissey
|-supereffective|p1a: Blissey
|-damage|p1a: Blissey|0 fnt
|faint|p1a: Blissey
|
|win|Salamaniac
|raw|Ladder updating...
|raw|oh no oh no's rating: 1360 &rarr; <strong>1331<\/strong><br \/>(-29 for losing)
|raw|Salamaniac's rating: 1203 &rarr; <strong>1239<\/strong><br \/>(+36 for winning)
|leave|oh no oh no
|player|p1
|c|âSalamaniac|gg