|join|MegaRango
|join|oh no oh no
|player|p1|MegaRango|101
|player|p2|oh no oh no|1
|gametype|singles
|gen|6
|tier|UU
|rated
|rule|Sleep Clause Mod: Limit one foe put to sleep
|rule|Species Clause: Limit one of each PokÃ©mon
|rule|OHKO Clause: OHKO moves are banned
|rule|Moody Clause: Moody is banned
|rule|Evasion Moves Clause: Evasion moves are banned
|rule|Endless Battle Clause: Forcing endless battles is banned
|rule|HP Percentage Mod: HP is shown in percentages
|clearpoke
|poke|p1|Cofagrigus, F
|poke|p1|Gligar, M
|poke|p1|Umbreon, M
|poke|p1|Sceptile, F
|poke|p1|Quagsire, M
|poke|p1|Chandelure, F, shiny
|poke|p2|Chesnaught, M
|poke|p2|Donphan, M
|poke|p2|Chandelure, F
|poke|p2|Umbreon, F
|poke|p2|Blissey, F
|poke|p2|Suicune
|rule|Swagger Clause: Swagger is banned
|rule|Baton Pass Clause: Limit one PokÃ©mon knowing Baton Pass
|teampreview
|
|start
|switch|p1a: Chandelure|Chandelure, F, shiny|261\/261
|switch|p2a: Donphan|Donphan, M|381\/381
|turn|1
|
|move|p1a: Chandelure|Trick|p2a: Donphan
|-activate|p1a: Chandelure|move: Trick|[of] p2a: Donphan
|-item|p2a: Donphan|Choice Scarf|[from] move: Trick
|-item|p1a: Chandelure|Leftovers|[from] move: Trick
|move|p2a: Donphan|Knock Off|p1a: Chandelure
|-supereffective|p1a: Chandelure
|-damage|p1a: Chandelure|57\/261
|-enditem|p1a: Chandelure|Leftovers|[from] move: Knock Off|[of] p2a: Donphan
|
|turn|2
|
|move|p1a: Chandelure|Fire Blast|p2a: Donphan
|-damage|p2a: Donphan|47\/381
|move|p2a: Donphan|Knock Off|p1a: Chandelure
|-supereffective|p1a: Chandelure
|-damage|p1a: Chandelure|0 fnt
|faint|p1a: Chandelure
|
|
|switch|p1a: Cofagrigus|Cofagrigus, F|319\/319
|turn|3
|
|move|p2a: Donphan|Knock Off|p1a: Cofagrigus
|-supereffective|p1a: Cofagrigus
|-damage|p1a: Cofagrigus|215\/319
|-endability|p2a: Donphan|sturdy|[from] Mummy
|-ability|p2a: Donphan|Mummy|[from] Mummy
|-enditem|p1a: Cofagrigus|Leftovers|[from] move: Knock Off|[of] p2a: Donphan
|move|p1a: Cofagrigus|Toxic Spikes|p2a: Donphan
|-sidestart|p2: oh no oh no|move: Toxic Spikes
|
|turn|4
|
|switch|p2a: Chesnaught|Chesnaught, M|377\/377
|-status|p2a: Chesnaught|psn
|move|p1a: Cofagrigus|Toxic Spikes|p2a: Chesnaught
|-sidestart|p2: oh no oh no|move: Toxic Spikes
|
|-damage|p2a: Chesnaught|330\/377 psn|[from] psn
|turn|5
|
|switch|p1a: Gligar|Gligar, M|334\/334
|move|p2a: Chesnaught|Spikes|p1a: Gligar
|-sidestart|p1: MegaRango|Spikes
|
|-heal|p2a: Chesnaught|353\/377 psn|[from] item: Leftovers
|-damage|p2a: Chesnaught|306\/377 psn|[from] psn
|turn|6
|
|move|p1a: Gligar|Stealth Rock|p2a: Chesnaught
|-sidestart|p2: oh no oh no|move: Stealth Rock
|move|p2a: Chesnaught|Spikes|p1a: Gligar
|-sidestart|p1: MegaRango|Spikes
|
|-heal|p2a: Chesnaught|329\/377 psn|[from] item: Leftovers
|-damage|p2a: Chesnaught|282\/377 psn|[from] psn
|turn|7
|
|switch|p1a: Sceptile|Sceptile, F|281\/281
|-damage|p1a: Sceptile|235\/281|[from] Spikes
|move|p2a: Chesnaught|Spikes|p1a: Sceptile
|-sidestart|p1: MegaRango|Spikes
|
|-heal|p2a: Chesnaught|305\/377 psn|[from] item: Leftovers
|-damage|p2a: Chesnaught|258\/377 psn|[from] psn
|turn|8
|
|switch|p2a: Blissey|Blissey, F|657\/657
|-status|p2a: Blissey|tox
|-damage|p2a: Blissey|575\/657 tox|[from] Stealth Rock
|detailschange|p1a: Sceptile|Sceptile-Mega, F
|message|Sceptile has Mega Evolved into Mega Sceptile!
|move|p1a: Sceptile|Swords Dance|p1a: Sceptile
|-boost|p1a: Sceptile|atk|2
|
|-heal|p2a: Blissey|616\/657 tox|[from] item: Leftovers
|-damage|p2a: Blissey|575\/657 tox|[from] psn
|turn|9
|
|move|p1a: Sceptile|Leaf Blade|p2a: Blissey
|-damage|p2a: Blissey|44\/657 tox
|move|p2a: Blissey|Toxic|p1a: Sceptile
|-status|p1a: Sceptile|tox
|
|-heal|p2a: Blissey|85\/657 tox|[from] item: Leftovers
|-damage|p1a: Sceptile|218\/281 tox|[from] psn
|-damage|p2a: Blissey|3\/657 tox|[from] psn
|turn|10
|
|move|p1a: Sceptile|Leaf Blade|p2a: Blissey
|-damage|p2a: Blissey|0 fnt
|faint|p2a: Blissey
|
|-damage|p1a: Sceptile|184\/281 tox|[from] psn
|
|switch|p2a: Chesnaught|Chesnaught, M|258\/377 psn
|-damage|p2a: Chesnaught|235\/377 psn|[from] Stealth Rock
|turn|11
|
|move|p2a: Chesnaught|Spiky Shield|p2a: Chesnaught
|-singleturn|p2a: Chesnaught|move: Protect
|move|p1a: Sceptile|Swords Dance|p1a: Sceptile
|-boost|p1a: Sceptile|atk|2
|
|-heal|p2a: Chesnaught|258\/377 psn|[from] item: Leftovers
|-damage|p1a: Sceptile|133\/281 tox|[from] psn
|-damage|p2a: Chesnaught|211\/377 psn|[from] psn
|turn|12
|
|move|p1a: Sceptile|Dragon Claw|p2a: Chesnaught
|-damage|p2a: Chesnaught|0 fnt
|faint|p2a: Chesnaught
|
|-damage|p1a: Sceptile|65\/281 tox|[from] psn
|
|switch|p2a: Umbreon|Umbreon, F|394\/394
|-damage|p2a: Umbreon|345\/394|[from] Stealth Rock
|-status|p2a: Umbreon|tox
|turn|13
|
|switch|p1a: Gligar|Gligar, M|334\/334
|move|p2a: Umbreon|Foul Play|p1a: Gligar
|-damage|p1a: Gligar|274\/334
|
|-heal|p2a: Umbreon|369\/394 tox|[from] item: Leftovers
|-damage|p2a: Umbreon|345\/394 tox|[from] psn
|turn|14
|
|move|p1a: Gligar|Defog|p2a: Umbreon
|-unboost|p2a: Umbreon|evasion|1
|-sideend|p2: oh no oh no|Toxic Spikes|[from] move: Defog|[of] p2a: Umbreon
|-sideend|p2: oh no oh no|Stealth Rock|[from] move: Defog|[of] p2a: Umbreon
|-sideend|p1: MegaRango|Spikes|[from] move: Defog|[of] p1a: Gligar
|move|p2a: Umbreon|Toxic|p1a: Gligar
|-status|p1a: Gligar|tox
|
|-heal|p2a: Umbreon|369\/394 tox|[from] item: Leftovers
|-damage|p1a: Gligar|254\/334 tox|[from] psn
|-damage|p2a: Umbreon|321\/394 tox|[from] psn
|turn|15
|
|move|p1a: Gligar|Stealth Rock|p2a: Umbreon
|-sidestart|p2: oh no oh no|move: Stealth Rock
|move|p2a: Umbreon|Heal Bell|p2a: Umbreon
|-cureteam|p2a: Umbreon|[from] move: HealBell
|
|-heal|p2a: Umbreon|345\/394|[from] item: Leftovers
|-damage|p1a: Gligar|214\/334 tox|[from] psn
|turn|16
|
|switch|p1a: Umbreon|Umbreon, M|394\/394
|move|p2a: Umbreon|Foul Play|p1a: Umbreon
|-resisted|p1a: Umbreon
|-damage|p1a: Umbreon|369\/394
|
|-heal|p1a: Umbreon|393\/394|[from] item: Leftovers
|-heal|p2a: Umbreon|369\/394|[from] item: Leftovers
|turn|17
|
|move|p2a: Umbreon|Toxic|p1a: Umbreon
|-status|p1a: Umbreon|tox
|-status|p2a: Umbreon|tox
|move|p1a: Umbreon|Heal Bell|p1a: Umbreon
|-cureteam|p1a: Umbreon|[from] move: HealBell
|
|-heal|p1a: Umbreon|394\/394|[from] item: Leftovers
|-heal|p2a: Umbreon|393\/394 tox|[from] item: Leftovers
|-damage|p2a: Umbreon|369\/394 tox|[from] psn
|turn|18
|-message|oh no oh no forfeited.
|
|win|MegaRango
|raw|Ladder updating...
|leave|oh no oh no
|player|p2
|raw|MegaRango's rating: 1519 &rarr; <strong>1535<\/strong><br \/>(+16 for winning)
|raw|oh no oh no's rating: 1450 &rarr; <strong>1434<\/strong><br \/>(-16 for losing)