|join|oh no oh no
|join|Century Express
|player|p1|oh no oh no|266
|player|p2|Century Express|145
|gametype|singles
|gen|6
|tier|UU
|rated
|rule|Sleep Clause Mod: Limit one foe put to sleep
|rule|Species Clause: Limit one of each PokÃ©mon
|rule|OHKO Clause: OHKO moves are banned
|rule|Moody Clause: Moody is banned
|rule|Evasion Moves Clause: Evasion moves are banned
|rule|Endless Battle Clause: Forcing endless battles is banned
|rule|HP Percentage Mod: HP is shown in percentages
|clearpoke
|poke|p1|Chesnaught, F
|poke|p1|Donphan, M
|poke|p1|Chandelure, F
|poke|p1|Umbreon, M
|poke|p1|Blissey, F
|poke|p1|Suicune
|poke|p2|Alakazam, M
|poke|p2|Suicune
|poke|p2|Umbreon, M
|poke|p2|Crobat, F
|poke|p2|Nidoqueen, F
|poke|p2|Jirachi
|rule|Swagger Clause: Swagger is banned
|rule|Baton Pass Clause: Limit one PokÃ©mon knowing Baton Pass
|teampreview
|
|start
|switch|p1a: Big Lez|Donphan, M|381\/381
|switch|p2a: Czarina|Nidoqueen, F|360\/360
|turn|1
|
|move|p2a: Czarina|Ice Beam|p1a: Big Lez
|-supereffective|p1a: Big Lez
|-activate|p1a: Big Lez|Sturdy
|-damage|p1a: Big Lez|1\/381
|move|p1a: Big Lez|Earthquake|p2a: Czarina
|-supereffective|p2a: Czarina
|-damage|p2a: Czarina|70\/360
|
|-heal|p1a: Big Lez|24\/381|[from] item: Leftovers
|turn|2
|
|switch|p2a: Purple Haze|Crobat, F|355\/355
|switch|p1a: Sassy|Chandelure, F|261\/261
|
|turn|3
|
|switch|p1a: Quinton|Umbreon, M|394\/394
|switch|p2a: Shadowplay|Umbreon, M|390\/390
|
|turn|4
|
|switch|p2a: Purple Haze|Crobat, F|355\/355
|switch|p1a: Clarence|Chesnaught, F|377\/377
|
|turn|5
|
|switch|p1a: Norton|Blissey, F|657\/657
|move|p2a: Purple Haze|Taunt|p1a: Norton
|-start|p1a: Norton|move: Taunt
|
|turn|6
|
|switch|p2a: Shadowplay|Umbreon, M|390\/390
|switch|p1a: Donny the Dealer|Suicune|404\/404
|-ability|p1a: Donny the Dealer|Pressure
|
|turn|7
|
|switch|p2a: Spoon Waltz|Alakazam, M|274\/274
|move|p1a: Donny the Dealer|Scald|p2a: Spoon Waltz
|-damage|p2a: Spoon Waltz|175\/274
|
|turn|8
|
|detailschange|p2a: Spoon Waltz|Alakazam-Mega, M
|-mega|p2a: Spoon Waltz|Alakazam|Alakazite
|-ability|p2a: Spoon Waltz|Pressure|[from] ability: Trace|[of] p1a: Donny the Dealer
|-ability|p2a: Spoon Waltz|Pressure
|move|p2a: Spoon Waltz|Energy Ball|p1a: Donny the Dealer
|-supereffective|p1a: Donny the Dealer
|-damage|p1a: Donny the Dealer|184\/404
|move|p1a: Donny the Dealer|Scald|p2a: Spoon Waltz
|-damage|p2a: Spoon Waltz|90\/274
|
|-heal|p1a: Donny the Dealer|209\/404|[from] item: Leftovers
|turn|9
|
|switch|p2a: Shoot Star|Jirachi|341\/341
|switch|p1a: Norton|Blissey, F|657\/657
|
|turn|10
|
|switch|p1a: Sassy|Chandelure, F|261\/261
|move|p2a: Shoot Star|Trick|p1a: Sassy
|-activate|p2a: Shoot Star|move: Trick|[of] p1a: Sassy
|-item|p1a: Sassy|Choice Scarf|[from] move: Trick
|-item|p2a: Shoot Star|Choice Scarf|[from] move: Trick
|
|turn|11
|
|move|p2a: Shoot Star|U-turn|p1a: Sassy
|-resisted|p1a: Sassy
|-damage|p1a: Sassy|241\/261
|
|switch|p2a: Shadowplay|Umbreon, M|390\/390
|move|p1a: Sassy|Fire Blast|p2a: Shadowplay
|-damage|p2a: Shadowplay|270\/390
|
|-heal|p2a: Shadowplay|294\/390|[from] item: Leftovers
|turn|12
|
|switch|p1a: Clarence|Chesnaught, F|377\/377
|move|p2a: Shadowplay|Wish|p2a: Shadowplay
|
|-heal|p2a: Shadowplay|318\/390|[from] item: Leftovers
|turn|13
|
|switch|p2a: Purple Haze|Crobat, F|355\/355
|move|p1a: Clarence|Wood Hammer|p2a: Purple Haze
|-resisted|p2a: Purple Haze
|-damage|p2a: Purple Haze|307\/355
|-damage|p1a: Clarence|361\/377|[from] recoil|[of] p2a: Purple Haze
|
|-heal|p2a: Purple Haze|355\/355|[from] move: Wish|[wisher] Shadowplay
|-heal|p1a: Clarence|377\/377|[from] item: Leftovers
|turn|14
|
|switch|p1a: Quinton|Umbreon, M|394\/394
|move|p2a: Purple Haze|Acrobatics|p1a: Quinton
|-damage|p1a: Quinton|262\/394
|
|-heal|p1a: Quinton|286\/394|[from] item: Leftovers
|turn|15
|
|move|p2a: Purple Haze|Taunt|p1a: Quinton
|-start|p1a: Quinton|move: Taunt
|move|p1a: Quinton|Foul Play|p2a: Purple Haze
|-damage|p2a: Purple Haze|220\/355
|
|-heal|p1a: Quinton|310\/394|[from] item: Leftovers
|turn|16
|
|switch|p1a: Clarence|Chesnaught, F|377\/377
|move|p2a: Purple Haze|Acrobatics|p1a: Clarence
|-supereffective|p1a: Clarence
|-damage|p1a: Clarence|73\/377
|
|-heal|p1a: Clarence|96\/377|[from] item: Leftovers
|turn|17
|
|move|p1a: Clarence|Spiky Shield|p1a: Clarence
|-singleturn|p1a: Clarence|move: Protect
|move|p2a: Purple Haze|Taunt|p1a: Clarence
|-activate|p1a: Clarence|move: Protect
|
|-heal|p1a: Clarence|119\/377|[from] item: Leftovers
|turn|18
|
|switch|p1a: Quinton|Umbreon, M|310\/394
|move|p2a: Purple Haze|Taunt|p1a: Quinton
|-start|p1a: Quinton|move: Taunt
|
|-heal|p1a: Quinton|334\/394|[from] item: Leftovers
|turn|19
|
|move|p2a: Purple Haze|Acrobatics|p1a: Quinton
|-damage|p1a: Quinton|216\/394
|move|p1a: Quinton|Foul Play|p2a: Purple Haze
|-damage|p2a: Purple Haze|90\/355
|
|-heal|p1a: Quinton|240\/394|[from] item: Leftovers
|turn|20
|
|move|p2a: Purple Haze|Roost|p2a: Purple Haze
|-heal|p2a: Purple Haze|268\/355
|move|p1a: Quinton|Foul Play|p2a: Purple Haze
|-damage|p2a: Purple Haze|120\/355
|
|-heal|p1a: Quinton|264\/394|[from] item: Leftovers
|turn|21
|
|move|p2a: Purple Haze|Roost|p2a: Purple Haze
|-heal|p2a: Purple Haze|298\/355
|move|p1a: Quinton|Foul Play|p2a: Purple Haze
|-damage|p2a: Purple Haze|165\/355
|
|-heal|p1a: Quinton|288\/394|[from] item: Leftovers
|-end|p1a: Quinton|move: Taunt
|turn|22
|
|switch|p2a: Shoot Star|Jirachi|341\/341
|switch|p1a: Donny the Dealer|Suicune|209\/404
|-ability|p1a: Donny the Dealer|Pressure
|
|-heal|p1a: Donny the Dealer|234\/404|[from] item: Leftovers
|turn|23
|
|move|p2a: Shoot Star|Healing Wish|p2a: Shoot Star
|faint|p2a: Shoot Star
|move|p1a: Donny the Dealer|Scald|p2: Shoot Star|[notarget]
|-notarget
|
|-heal|p1a: Donny the Dealer|259\/404|[from] item: Leftovers
|
|switch|p2a: Spoon Waltz|Alakazam-Mega, M|90\/274
|-heal|p2a: Spoon Waltz|274\/274|[from] move: Healing Wish
|-ability|p2a: Spoon Waltz|Pressure|[from] ability: Trace|[of] p1a: Donny the Dealer
|-ability|p2a: Spoon Waltz|Pressure
|turn|24
|
|switch|p1a: Norton|Blissey, F|657\/657
|move|p2a: Spoon Waltz|Energy Ball|p1a: Norton
|-damage|p1a: Norton|567\/657
|
|-heal|p1a: Norton|608\/657|[from] item: Leftovers
|turn|25
|
|switch|p2a: Purple Haze|Crobat, F|165\/355
|move|p1a: Norton|Toxic|p2a: Purple Haze|[miss]
|-miss|p1a: Norton|p2a: Purple Haze
|
|-heal|p1a: Norton|649\/657|[from] item: Leftovers
|turn|26
|
|move|p2a: Purple Haze|Roost|p2a: Purple Haze
|-heal|p2a: Purple Haze|343\/355
|move|p1a: Norton|Seismic Toss|p2a: Purple Haze
|-damage|p2a: Purple Haze|243\/355
|
|-heal|p1a: Norton|657\/657|[from] item: Leftovers
|turn|27
|
|switch|p1a: Donny the Dealer|Suicune|259\/404
|-ability|p1a: Donny the Dealer|Pressure
|move|p2a: Purple Haze|Roost|p2a: Purple Haze
|-heal|p2a: Purple Haze|355\/355
|
|-heal|p1a: Donny the Dealer|284\/404|[from] item: Leftovers
|turn|28
|
|move|p2a: Purple Haze|Acrobatics|p1a: Donny the Dealer
|-damage|p1a: Donny the Dealer|194\/404
|move|p1a: Donny the Dealer|Scald|p2a: Purple Haze
|-damage|p2a: Purple Haze|252\/355
|-status|p2a: Purple Haze|brn
|
|-heal|p1a: Donny the Dealer|219\/404|[from] item: Leftovers
|-damage|p2a: Purple Haze|208\/355 brn|[from] brn
|turn|29
|
|switch|p1a: Norton|Blissey, F|657\/657
|move|p2a: Purple Haze|Taunt|p1a: Norton
|-start|p1a: Norton|move: Taunt
|
|-damage|p2a: Purple Haze|164\/355 brn|[from] brn
|turn|30
|
|switch|p1a: Donny the Dealer|Suicune|219\/404
|-ability|p1a: Donny the Dealer|Pressure
|move|p2a: Purple Haze|Acrobatics|p1a: Donny the Dealer
|-damage|p1a: Donny the Dealer|168\/404
|
|-heal|p1a: Donny the Dealer|193\/404|[from] item: Leftovers
|-damage|p2a: Purple Haze|120\/355 brn|[from] brn
|turn|31
|
|move|p2a: Purple Haze|Taunt|p1a: Donny the Dealer
|-start|p1a: Donny the Dealer|move: Taunt
|move|p1a: Donny the Dealer|Scald|p2a: Purple Haze
|-damage|p2a: Purple Haze|23\/355 brn
|
|-heal|p1a: Donny the Dealer|218\/404|[from] item: Leftovers
|-damage|p2a: Purple Haze|0 fnt|[from] brn
|faint|p2a: Purple Haze
|
|switch|p2a: Spoon Waltz|Alakazam-Mega, M|274\/274
|-ability|p2a: Spoon Waltz|Pressure|[from] ability: Trace|[of] p1a: Donny the Dealer
|-ability|p2a: Spoon Waltz|Pressure
|turn|32
|
|switch|p1a: Norton|Blissey, F|657\/657
|move|p2a: Spoon Waltz|Calm Mind|p2a: Spoon Waltz
|-boost|p2a: Spoon Waltz|spa|1
|-boost|p2a: Spoon Waltz|spd|1
|
|turn|33
|
|move|p2a: Spoon Waltz|Psyshock|p1a: Norton
|-damage|p1a: Norton|209\/657
|move|p1a: Norton|Toxic|p2a: Spoon Waltz
|-status|p2a: Spoon Waltz|tox
|
|-heal|p1a: Norton|250\/657|[from] item: Leftovers
|-damage|p2a: Spoon Waltz|257\/274 tox|[from] psn
|turn|34
|
|move|p1a: Norton|Protect|p1a: Norton
|-singleturn|p1a: Norton|Protect
|move|p2a: Spoon Waltz|Focus Blast|p1a: Norton
|-activate|p1a: Norton|Protect
|
|-heal|p1a: Norton|291\/657|[from] item: Leftovers
|-damage|p2a: Spoon Waltz|223\/274 tox|[from] psn
|turn|35
|
|switch|p1a: Donny the Dealer|Suicune|218\/404
|-ability|p1a: Donny the Dealer|Pressure
|move|p2a: Spoon Waltz|Focus Blast|p1a: Donny the Dealer
|-crit|p1a: Donny the Dealer
|-damage|p1a: Donny the Dealer|0 fnt
|faint|p1a: Donny the Dealer
|
|-damage|p2a: Spoon Waltz|172\/274 tox|[from] psn
|
|switch|p1a: Sassy|Chandelure, F|241\/261
|turn|36
|
|move|p2a: Spoon Waltz|Psyshock|p1a: Sassy
|-damage|p1a: Sassy|0 fnt
|faint|p1a: Sassy
|
|-damage|p2a: Spoon Waltz|104\/274 tox|[from] psn
|
|switch|p1a: Norton|Blissey, F|291\/657
|turn|37
|
|switch|p2a: Shadowplay|Umbreon, M|318\/390
|move|p1a: Norton|Protect|p1a: Norton
|-fail|p1a: Norton
|
|-heal|p2a: Shadowplay|342\/390|[from] item: Leftovers
|-heal|p1a: Norton|332\/657|[from] item: Leftovers
|turn|38
|
|move|p2a: Shadowplay|Heal Bell|p2a: Shadowplay
|-cureteam|p2a: Shadowplay|[from] move: HealBell
|move|p1a: Norton|Wish|p1a: Norton
|
|-heal|p2a: Shadowplay|366\/390|[from] item: Leftovers
|-heal|p1a: Norton|373\/657|[from] item: Leftovers
|turn|39
|
|move|p2a: Shadowplay|Foul Play|p1a: Norton
|-damage|p1a: Norton|333\/657
|move|p1a: Norton|Toxic|p2a: Shadowplay|[miss]
|-miss|p1a: Norton|p2a: Shadowplay
|
|-heal|p1a: Norton|657\/657|[from] move: Wish|[wisher] Norton
|-heal|p2a: Shadowplay|390\/390|[from] item: Leftovers
|turn|40
|
|move|p2a: Shadowplay|Wish|p2a: Shadowplay
|move|p1a: Norton|Toxic|p2a: Shadowplay
|-status|p2a: Shadowplay|tox
|-status|p1a: Norton|tox
|
|-damage|p2a: Shadowplay|366\/390 tox|[from] psn
|-damage|p1a: Norton|616\/657 tox|[from] psn
|turn|41
|
|switch|p2a: Spoon Waltz|Alakazam-Mega, M|104\/274
|-ability|p2a: Spoon Waltz|Natural Cure|[from] ability: Trace|[of] p1a: Norton
|move|p1a: Norton|Toxic|p2a: Spoon Waltz
|-status|p2a: Spoon Waltz|tox
|
|-heal|p2a: Spoon Waltz|274\/274 tox|[from] move: Wish|[wisher] Shadowplay
|-heal|p1a: Norton|657\/657 tox|[from] item: Leftovers
|-damage|p2a: Spoon Waltz|257\/274 tox|[from] psn
|-damage|p1a: Norton|575\/657 tox|[from] psn
|turn|42
|
|switch|p2a: Shadowplay|Umbreon, M|366\/390 tox
|switch|p1a: Quinton|Umbreon, M|288\/394
|
|-heal|p2a: Shadowplay|390\/390 tox|[from] item: Leftovers
|-heal|p1a: Quinton|312\/394|[from] item: Leftovers
|-damage|p2a: Shadowplay|366\/390 tox|[from] psn
|turn|43
|
|switch|p1a: Clarence|Chesnaught, F|119\/377
|move|p2a: Shadowplay|Heal Bell|p2a: Shadowplay
|-cureteam|p2a: Shadowplay|[from] move: HealBell
|
|-heal|p2a: Shadowplay|390\/390|[from] item: Leftovers
|-heal|p1a: Clarence|142\/377|[from] item: Leftovers
|turn|44
|
|switch|p2a: Czarina|Nidoqueen, F|70\/360
|move|p1a: Clarence|Leech Seed|p2a: Czarina
|-start|p2a: Czarina|move: Leech Seed
|
|-heal|p1a: Clarence|165\/377|[from] item: Leftovers
|-damage|p2a: Czarina|25\/360|[from] Leech Seed|[of] p1a: Clarence
|-heal|p1a: Clarence|210\/377|[silent]
|turn|45
|
|move|p1a: Clarence|Spiky Shield|p1a: Clarence
|-singleturn|p1a: Clarence|move: Protect
|move|p2a: Czarina|Stealth Rock|p1a: Clarence
|-sidestart|p1: oh no oh no|move: Stealth Rock
|
|-heal|p1a: Clarence|233\/377|[from] item: Leftovers
|-damage|p2a: Czarina|0 fnt|[from] Leech Seed|[of] p1a: Clarence
|-heal|p1a: Clarence|258\/377|[silent]
|faint|p2a: Czarina
|
|switch|p2a: Spoon Waltz|Alakazam-Mega, M|257\/274
|-ability|p2a: Spoon Waltz|Bulletproof|[from] ability: Trace|[of] p1a: Clarence
|turn|46
|
|move|p2a: Spoon Waltz|Psyshock|p1a: Clarence
|-supereffective|p1a: Clarence
|-damage|p1a: Clarence|46\/377
|move|p1a: Clarence|Wood Hammer|p2a: Spoon Waltz
|-damage|p2a: Spoon Waltz|23\/274
|-damage|p1a: Clarence|0 fnt|[from] recoil|[of] p2a: Spoon Waltz
|faint|p1a: Clarence
|
|
|switch|p1a: Quinton|Umbreon, M|312\/394
|-damage|p1a: Quinton|263\/394|[from] Stealth Rock
|turn|47
|
|switch|p2a: Aquatarkus|Suicune|399\/399
|-ability|p2a: Aquatarkus|Pressure
|move|p1a: Quinton|Foul Play|p2a: Aquatarkus
|-damage|p2a: Aquatarkus|356\/399
|
|-heal|p2a: Aquatarkus|380\/399|[from] item: Leftovers
|-heal|p1a: Quinton|287\/394|[from] item: Leftovers
|turn|48
|
|move|p2a: Aquatarkus|Calm Mind|p2a: Aquatarkus
|-boost|p2a: Aquatarkus|spa|1
|-boost|p2a: Aquatarkus|spd|1
|move|p1a: Quinton|Toxic|p2a: Aquatarkus
|-status|p2a: Aquatarkus|tox
|
|-heal|p2a: Aquatarkus|399\/399 tox|[from] item: Leftovers
|-heal|p1a: Quinton|311\/394|[from] item: Leftovers
|-damage|p2a: Aquatarkus|375\/399 tox|[from] psn
|turn|49
|
|switch|p1a: Norton|Blissey, F|575\/657
|-damage|p1a: Norton|493\/657|[from] Stealth Rock
|move|p2a: Aquatarkus|Calm Mind|p2a: Aquatarkus
|-boost|p2a: Aquatarkus|spa|1
|-boost|p2a: Aquatarkus|spd|1
|
|-heal|p2a: Aquatarkus|399\/399 tox|[from] item: Leftovers
|-heal|p1a: Norton|534\/657|[from] item: Leftovers
|-damage|p2a: Aquatarkus|351\/399 tox|[from] psn
|turn|50
|
|move|p2a: Aquatarkus|Calm Mind|p2a: Aquatarkus
|-boost|p2a: Aquatarkus|spa|1
|-boost|p2a: Aquatarkus|spd|1
|move|p1a: Norton|Wish|p1a: Norton
|
|-heal|p2a: Aquatarkus|375\/399 tox|[from] item: Leftovers
|-heal|p1a: Norton|575\/657|[from] item: Leftovers
|-damage|p2a: Aquatarkus|303\/399 tox|[from] psn
|turn|51
|
|move|p2a: Aquatarkus|Scald|p1a: Norton
|-damage|p1a: Norton|442\/657
|move|p1a: Norton|Seismic Toss|p2a: Aquatarkus
|-damage|p2a: Aquatarkus|203\/399 tox
|
|-heal|p1a: Norton|657\/657|[from] move: Wish|[wisher] Norton
|-heal|p2a: Aquatarkus|227\/399 tox|[from] item: Leftovers
|-damage|p2a: Aquatarkus|131\/399 tox|[from] psn
|turn|52
|
|move|p2a: Aquatarkus|Rest|p2a: Aquatarkus
|-status|p2a: Aquatarkus|slp
|-heal|p2a: Aquatarkus|399\/399 slp|[silent]
|-status|p2a: Aquatarkus|slp|[from] move: Rest
|move|p1a: Norton|Wish|p1a: Norton
|
|turn|53
|
|switch|p1a: Big Lez|Donphan, M|24\/381
|-damage|p1a: Big Lez|1\/381|[from] Stealth Rock
|cant|p2a: Aquatarkus|slp
|
|-heal|p1a: Big Lez|329\/381|[from] move: Wish|[wisher] Norton
|-heal|p1a: Big Lez|352\/381|[from] item: Leftovers
|turn|54
|
|cant|p2a: Aquatarkus|slp
|move|p1a: Big Lez|Knock Off|p2a: Aquatarkus
|-damage|p2a: Aquatarkus|339\/399 slp
|-enditem|p2a: Aquatarkus|Leftovers|[from] move: Knock Off|[of] p1a: Big Lez
|
|-heal|p1a: Big Lez|375\/381|[from] item: Leftovers
|turn|55
|
|switch|p1a: Norton|Blissey, F|657\/657
|-damage|p1a: Norton|575\/657|[from] Stealth Rock
|-curestatus|p2a: Aquatarkus|slp
|move|p2a: Aquatarkus|Calm Mind|p2a: Aquatarkus
|-boost|p2a: Aquatarkus|spa|1
|-boost|p2a: Aquatarkus|spd|1
|
|-heal|p1a: Norton|616\/657|[from] item: Leftovers
|turn|56
|
|move|p2a: Aquatarkus|Calm Mind|p2a: Aquatarkus
|-boost|p2a: Aquatarkus|spa|1
|-boost|p2a: Aquatarkus|spd|1
|move|p1a: Norton|Toxic|p2a: Aquatarkus
|-status|p2a: Aquatarkus|tox
|
|-heal|p1a: Norton|657\/657|[from] item: Leftovers
|-damage|p2a: Aquatarkus|315\/399 tox|[from] psn
|turn|57
|
|move|p2a: Aquatarkus|Calm Mind|p2a: Aquatarkus
|-boost|p2a: Aquatarkus|spa|1
|-boost|p2a: Aquatarkus|spd|1
|move|p1a: Norton|Seismic Toss|p2a: Aquatarkus
|-damage|p2a: Aquatarkus|215\/399 tox
|
|-damage|p2a: Aquatarkus|167\/399 tox|[from] psn
|turn|58
|
|move|p2a: Aquatarkus|Rest|p2a: Aquatarkus
|-status|p2a: Aquatarkus|slp
|-heal|p2a: Aquatarkus|399\/399 slp|[silent]
|-status|p2a: Aquatarkus|slp|[from] move: Rest
|move|p1a: Norton|Seismic Toss|p2a: Aquatarkus
|-damage|p2a: Aquatarkus|299\/399 slp
|
|turn|59
|
|switch|p1a: Big Lez|Donphan, M|375\/381
|-damage|p1a: Big Lez|352\/381|[from] Stealth Rock
|cant|p2a: Aquatarkus|slp
|
|-heal|p1a: Big Lez|375\/381|[from] item: Leftovers
|turn|60
|
|cant|p2a: Aquatarkus|slp
|move|p1a: Big Lez|Rapid Spin|p2a: Aquatarkus
|-damage|p2a: Aquatarkus|286\/399 slp
|-sideend|p1: oh no oh no|Stealth Rock|[from] move: Rapid Spin|[of] p1a: Big Lez
|
|-heal|p1a: Big Lez|381\/381|[from] item: Leftovers
|turn|61
|
|switch|p1a: Norton|Blissey, F|657\/657
|-curestatus|p2a: Aquatarkus|slp
|move|p2a: Aquatarkus|Scald|p1a: Norton
|-damage|p1a: Norton|416\/657
|
|-heal|p1a: Norton|457\/657|[from] item: Leftovers
|turn|62
|
|move|p1a: Norton|Protect|p1a: Norton
|-singleturn|p1a: Norton|Protect
|move|p2a: Aquatarkus|Scald|p1a: Norton
|-activate|p1a: Norton|Protect
|
|-heal|p1a: Norton|498\/657|[from] item: Leftovers
|turn|63
|
|move|p2a: Aquatarkus|Scald|p1a: Norton
|-damage|p1a: Norton|275\/657
|move|p1a: Norton|Toxic|p2a: Aquatarkus
|-status|p2a: Aquatarkus|tox
|
|-heal|p1a: Norton|316\/657|[from] item: Leftovers
|-damage|p2a: Aquatarkus|262\/399 tox|[from] psn
|turn|64
|
|move|p1a: Norton|Protect|p1a: Norton
|-singleturn|p1a: Norton|Protect
|move|p2a: Aquatarkus|Rest|p2a: Aquatarkus
|-status|p2a: Aquatarkus|slp
|-heal|p2a: Aquatarkus|399\/399 slp|[silent]
|-status|p2a: Aquatarkus|slp|[from] move: Rest
|
|-heal|p1a: Norton|357\/657|[from] item: Leftovers
|turn|65
|
|cant|p2a: Aquatarkus|slp
|move|p1a: Norton|Seismic Toss|p2a: Aquatarkus
|-damage|p2a: Aquatarkus|299\/399 slp
|
|-heal|p1a: Norton|398\/657|[from] item: Leftovers
|turn|66
|
|cant|p2a: Aquatarkus|slp
|move|p1a: Norton|Seismic Toss|p2a: Aquatarkus
|-damage|p2a: Aquatarkus|199\/399 slp
|
|-heal|p1a: Norton|439\/657|[from] item: Leftovers
|turn|67
|
|-curestatus|p2a: Aquatarkus|slp
|move|p2a: Aquatarkus|Scald|p1a: Norton
|-damage|p1a: Norton|223\/657
|move|p1a: Norton|Toxic|p2a: Aquatarkus|[miss]
|-miss|p1a: Norton|p2a: Aquatarkus
|
|-heal|p1a: Norton|264\/657|[from] item: Leftovers
|turn|68
|
|move|p1a: Norton|Protect|p1a: Norton
|-singleturn|p1a: Norton|Protect
|move|p2a: Aquatarkus|Ice Beam|p1a: Norton
|-activate|p1a: Norton|Protect
|
|-heal|p1a: Norton|305\/657|[from] item: Leftovers
|turn|69
|
|move|p2a: Aquatarkus|Scald|p1a: Norton
|-damage|p1a: Norton|82\/657
|move|p1a: Norton|Wish|p1a: Norton
|
|-heal|p1a: Norton|123\/657|[from] item: Leftovers
|turn|70
|
|move|p1a: Norton|Protect|p1a: Norton
|-singleturn|p1a: Norton|Protect
|move|p2a: Aquatarkus|Rest|p2a: Aquatarkus
|-status|p2a: Aquatarkus|slp
|-heal|p2a: Aquatarkus|399\/399 slp|[silent]
|-status|p2a: Aquatarkus|slp|[from] move: Rest
|
|-heal|p1a: Norton|451\/657|[from] move: Wish|[wisher] Norton
|-heal|p1a: Norton|492\/657|[from] item: Leftovers
|turn|71
|
|cant|p2a: Aquatarkus|slp
|move|p1a: Norton|Seismic Toss|p2a: Aquatarkus
|-damage|p2a: Aquatarkus|299\/399 slp
|
|-heal|p1a: Norton|533\/657|[from] item: Leftovers
|turn|72
|
|cant|p2a: Aquatarkus|slp
|move|p1a: Norton|Seismic Toss|p2a: Aquatarkus
|-damage|p2a: Aquatarkus|199\/399 slp
|
|-heal|p1a: Norton|574\/657|[from] item: Leftovers
|turn|73
|
|-curestatus|p2a: Aquatarkus|slp
|move|p2a: Aquatarkus|Scald|p1a: Norton
|-damage|p1a: Norton|343\/657
|-status|p1a: Norton|brn
|move|p1a: Norton|Toxic|p2a: Aquatarkus|[miss]
|-miss|p1a: Norton|p2a: Aquatarkus
|
|-heal|p1a: Norton|384\/657 brn|[from] item: Leftovers
|-damage|p1a: Norton|302\/657 brn|[from] brn
|turn|74
|
|switch|p1a: Quinton|Umbreon, M|311\/394
|move|p2a: Aquatarkus|Scald|p1a: Quinton
|-damage|p1a: Quinton|91\/394
|
|-heal|p1a: Quinton|115\/394|[from] item: Leftovers
|turn|75
|
|switch|p1a: Big Lez|Donphan, M|381\/381
|move|p2a: Aquatarkus|Scald|p1a: Big Lez
|-supereffective|p1a: Big Lez
|-activate|p1a: Big Lez|Sturdy
|-damage|p1a: Big Lez|1\/381
|
|-heal|p1a: Big Lez|24\/381|[from] item: Leftovers
|turn|76
|
|move|p2a: Aquatarkus|Ice Beam|p1a: Big Lez
|-supereffective|p1a: Big Lez
|-damage|p1a: Big Lez|0 fnt
|faint|p1a: Big Lez
|
|
|switch|p1a: Norton|Blissey, F|302\/657
|turn|77
|
|move|p2a: Aquatarkus|Scald|p1a: Norton
|-damage|p1a: Norton|79\/657
|move|p1a: Norton|Wish|p1a: Norton
|
|-heal|p1a: Norton|120\/657|[from] item: Leftovers
|turn|78
|
|move|p2a: Aquatarkus|Ice Beam|p1a: Norton
|-damage|p1a: Norton|0 fnt
|faint|p1a: Norton
|
|-message|oh no oh no forfeited.
|
|win|Century Express
|raw|Ladder updating...
|leave|oh no oh no
|player|p1
|raw|oh no oh no's rating: 1580 &rarr; <strong>1557<\/strong><br \/>(-23 for losing)
|raw|Century Express's rating: 1527 &rarr; <strong>1551<\/strong><br \/>(+24 for winning)