|join|oh no oh no
|join|kokoloko
|player|p1|oh no oh no|157
|player|p2|kokoloko|169
|gametype|singles
|gen|6
|tier|UU
|rated
|rule|Sleep Clause Mod: Limit one foe put to sleep
|rule|Species Clause: Limit one of each PokÃ©mon
|rule|OHKO Clause: OHKO moves are banned
|rule|Moody Clause: Moody is banned
|rule|Evasion Moves Clause: Evasion moves are banned
|rule|Endless Battle Clause: Forcing endless battles is banned
|rule|HP Percentage Mod: HP is shown in percentages
|clearpoke
|poke|p1|Weezing, F
|poke|p1|Forretress, M
|poke|p1|Suicune
|poke|p1|Celebi
|poke|p1|Blissey, F
|poke|p1|Spiritomb, F
|poke|p2|Pidgeot, F
|poke|p2|Starmie
|poke|p2|Krookodile, M, shiny
|poke|p2|Crobat, M
|poke|p2|Whimsicott, F, shiny
|poke|p2|Jirachi
|rule|Swagger Clause: Swagger is banned
|rule|Baton Pass Clause: Limit one PokÃ©mon knowing Baton Pass
|teampreview
|
|start
|switch|p1a: m9|Forretress, M|354\/354
|switch|p2a: Krookodile|Krookodile, M, shiny|331\/331
|-ability|p2a: Krookodile|Intimidate|[of] p1a: m9
|-unboost|p1a: m9|atk|1
|turn|1
|
|move|p2a: Krookodile|Knock Off|p1a: m9
|-damage|p1a: m9|236\/354
|-enditem|p1a: m9|Leftovers|[from] move: Knock Off|[of] p2a: Krookodile
|move|p1a: m9|Toxic|p2a: Krookodile|[miss]
|-miss|p1a: m9|p2a: Krookodile
|
|turn|2
|
|switch|p2a: Starmie|Starmie|323\/323
|switch|p1a: m8|Weezing, F|333\/333
|
|turn|3
|
|switch|p1a: m8|Celebi|403\/403
|move|p2a: Starmie|Scald|p1a: m8
|-resisted|p1a: m8
|-damage|p1a: m8|370\/403
|
|-heal|p1a: m8|395\/403|[from] item: Leftovers
|turn|4
|
|switch|p2a: Pidgeot|Pidgeot, F|307\/307
|move|p1a: m8|Stealth Rock|p2a: Pidgeot
|-sidestart|p2: kokoloko|move: Stealth Rock
|
|-heal|p1a: m8|403\/403|[from] item: Leftovers
|turn|5
|
|switch|p1a: m9|Blissey, F|657\/657
|detailschange|p2a: Pidgeot|Pidgeot-Mega, F
|-mega|p2a: Pidgeot|Pidgeot|Pidgeotite
|move|p2a: Pidgeot|U-turn|p1a: m9
|-damage|p1a: m9|582\/657
|
|switch|p2a: Jirachi|Jirachi|341\/341
|-damage|p2a: Jirachi|320\/341|[from] Stealth Rock
|
|-heal|p1a: m9|623\/657|[from] item: Leftovers
|turn|6
|
|move|p1a: m9|Protect|p1a: m9
|-singleturn|p1a: m9|Protect
|move|p2a: Jirachi|Trick|p1a: m9
|-activate|p1a: m9|Protect
|
|-heal|p1a: m9|657\/657|[from] item: Leftovers
|turn|7
|
|switch|p1a: m8|Weezing, F|333\/333
|move|p2a: Jirachi|Trick|p1a: m8
|-activate|p2a: Jirachi|move: Trick|[of] p1a: m8
|-item|p1a: m8|Choice Scarf|[from] move: Trick
|-item|p2a: Jirachi|Leftovers|[from] move: Trick
|
|-heal|p2a: Jirachi|341\/341|[from] item: Leftovers
|turn|8
|
|move|p2a: Jirachi|U-turn|p1a: m8
|-resisted|p1a: m8
|-damage|p1a: m8|310\/333
|
|switch|p2a: Starmie|Starmie|323\/323
|-damage|p2a: Starmie|283\/323|[from] Stealth Rock
|move|p1a: m8|Will-O-Wisp|p2a: Starmie
|-status|p2a: Starmie|brn
|
|-heal|p2a: Starmie|303\/323 brn|[from] item: Leftovers
|-damage|p2a: Starmie|263\/323 brn|[from] brn
|turn|9
|
|switch|p1a: m8|Spiritomb, F|304\/304
|move|p2a: Starmie|Scald|p1a: m8
|-damage|p1a: m8|244\/304
|
|-heal|p2a: Starmie|283\/323 brn|[from] item: Leftovers
|-heal|p1a: m8|263\/304|[from] item: Leftovers
|-damage|p2a: Starmie|243\/323 brn|[from] brn
|turn|10
|
|switch|p2a: Whimsicott|Whimsicott, F, shiny|323\/323
|-damage|p2a: Whimsicott|283\/323|[from] Stealth Rock
|move|p1a: m8|Foul Play|p2a: Whimsicott
|-resisted|p2a: Whimsicott
|-damage|p2a: Whimsicott|256\/323
|
|-heal|p2a: Whimsicott|276\/323|[from] item: Leftovers
|-heal|p1a: m8|282\/304|[from] item: Leftovers
|turn|11
|
|switch|p1a: m8|Weezing, F|310\/333
|move|p2a: Whimsicott|Leech Seed|p1a: m8
|-start|p1a: m8|move: Leech Seed
|
|-heal|p2a: Whimsicott|296\/323|[from] item: Leftovers
|-damage|p1a: m8|269\/333|[from] Leech Seed|[of] p2a: Whimsicott
|-heal|p2a: Whimsicott|323\/323|[silent]
|turn|12
|
|move|p2a: Whimsicott|U-turn|p1a: m8
|-resisted|p1a: m8
|-damage|p1a: m8|258\/333
|
|switch|p2a: Starmie|Starmie|243\/323
|-damage|p2a: Starmie|203\/323|[from] Stealth Rock
|move|p1a: m8|Toxic Spikes|p2a: Starmie
|-sidestart|p2: kokoloko|move: Toxic Spikes
|
|-heal|p2a: Starmie|223\/323|[from] item: Leftovers
|-damage|p1a: m8|217\/333|[from] Leech Seed|[of] p2a: Starmie
|-heal|p2a: Starmie|264\/323|[silent]
|turn|13
|
|switch|p1a: m8|Spiritomb, F|282\/304
|move|p2a: Starmie|Scald|p1a: m8
|-damage|p1a: m8|212\/304
|
|-heal|p2a: Starmie|284\/323|[from] item: Leftovers
|-heal|p1a: m8|231\/304|[from] item: Leftovers
|turn|14
|
|move|p2a: Starmie|Scald|p1a: m8
|-damage|p1a: m8|161\/304
|move|p1a: m8|Foul Play|p2a: Starmie
|-supereffective|p2a: Starmie
|-damage|p2a: Starmie|102\/323
|
|-heal|p2a: Starmie|122\/323|[from] item: Leftovers
|-heal|p1a: m8|180\/304|[from] item: Leftovers
|turn|15
|
|switch|p2a: Krookodile|Krookodile, M, shiny|331\/331
|-damage|p2a: Krookodile|311\/331|[from] Stealth Rock
|-status|p2a: Krookodile|psn
|-ability|p2a: Krookodile|Intimidate|[of] p1a: m8
|-unboost|p1a: m8|atk|1
|move|p1a: m8|Foul Play|p2a: Krookodile
|-crit|p2a: Krookodile
|-resisted|p2a: Krookodile
|-damage|p2a: Krookodile|170\/331 psn
|
|-heal|p1a: m8|199\/304|[from] item: Leftovers
|-damage|p2a: Krookodile|129\/331 psn|[from] psn
|turn|16
|
|move|p2a: Krookodile|Pursuit|p1a: m8|[from]Pursuit
|-damage|p1a: m8|60\/304
|switch|p1a: m8|Weezing, F|217\/333
|
|-damage|p2a: Krookodile|88\/331 psn|[from] psn
|turn|17
|
|move|p2a: Krookodile|Stealth Rock|p1a: m8
|-sidestart|p1: oh no oh no|move: Stealth Rock
|move|p1a: m8|Toxic Spikes|p2a: Krookodile
|-sidestart|p2: kokoloko|move: Toxic Spikes
|
|-damage|p2a: Krookodile|47\/331 psn|[from] psn
|turn|18
|
|switch|p2a: Crobat|Crobat, M|373\/373
|-damage|p2a: Crobat|280\/373|[from] Stealth Rock
|move|p1a: m8|Toxic Spikes|p2a: Crobat
|-fail|p2a: Crobat
|
|turn|19
|
|switch|p1a: m9|Suicune|404\/404
|-damage|p1a: m9|354\/404|[from] Stealth Rock
|-ability|p1a: m9|Pressure
|move|p2a: Crobat|Roost|p2a: Crobat
|-heal|p2a: Crobat|373\/373
|
|-heal|p1a: m9|379\/404|[from] item: Leftovers
|turn|20
|
|move|p2a: Crobat|U-turn|p1a: m9
|-damage|p1a: m9|344\/404
|
|switch|p2a: Starmie|Starmie|122\/323
|-status|p2a: Starmie|tox
|-damage|p2a: Starmie|82\/323 tox|[from] Stealth Rock
|move|p1a: m9|Roar|p2a: Starmie
|drag|p2a: Whimsicott|Whimsicott, F, shiny|323\/323
|-status|p2a: Whimsicott|tox
|-damage|p2a: Whimsicott|283\/323 tox|[from] Stealth Rock
|
|-heal|p2a: Whimsicott|303\/323 tox|[from] item: Leftovers
|-heal|p1a: m9|369\/404|[from] item: Leftovers
|-damage|p2a: Whimsicott|283\/323 tox|[from] psn
|turn|21
|
|switch|p1a: m9|Blissey, F|657\/657
|-damage|p1a: m9|575\/657|[from] Stealth Rock
|move|p2a: Whimsicott|Leech Seed|p1a: m9
|-start|p1a: m9|move: Leech Seed
|
|-heal|p2a: Whimsicott|303\/323 tox|[from] item: Leftovers
|-heal|p1a: m9|616\/657|[from] item: Leftovers
|-damage|p1a: m9|534\/657|[from] Leech Seed|[of] p2a: Whimsicott
|-heal|p2a: Whimsicott|323\/323 tox|[silent]
|-damage|p2a: Whimsicott|283\/323 tox|[from] psn
|turn|22
|
|move|p2a: Whimsicott|U-turn|p1a: m9
|-damage|p1a: m9|464\/657
|
|switch|p2a: Jirachi|Jirachi|341\/341
|-damage|p2a: Jirachi|320\/341|[from] Stealth Rock
|move|p1a: m9|Seismic Toss|p2a: Jirachi
|-damage|p2a: Jirachi|220\/341
|
|-heal|p2a: Jirachi|241\/341|[from] item: Leftovers
|-heal|p1a: m9|505\/657|[from] item: Leftovers
|-damage|p1a: m9|423\/657|[from] Leech Seed|[of] p2a: Jirachi
|-heal|p2a: Jirachi|323\/341|[silent]
|turn|23
|
|move|p2a: Jirachi|U-turn|p1a: m9
|-damage|p1a: m9|296\/657
|
|switch|p2a: Krookodile|Krookodile, M, shiny|47\/331 psn
|-damage|p2a: Krookodile|27\/331 psn|[from] Stealth Rock
|-ability|p2a: Krookodile|Intimidate|[of] p1a: m9
|-unboost|p1a: m9|atk|1
|move|p1a: m9|Wish|p1a: m9
|
|-heal|p1a: m9|337\/657|[from] item: Leftovers
|-damage|p1a: m9|255\/657|[from] Leech Seed|[of] p2a: Krookodile
|-heal|p2a: Krookodile|109\/331 psn|[silent]
|-damage|p2a: Krookodile|68\/331 psn|[from] psn
|turn|24
|
|switch|p2a: Starmie|Starmie|82\/323
|-damage|p2a: Starmie|42\/323|[from] Stealth Rock
|-status|p2a: Starmie|tox
|switch|p1a: m8|Weezing, F|217\/333
|-damage|p1a: m8|176\/333|[from] Stealth Rock
|
|-heal|p1a: m8|333\/333|[from] move: Wish|[wisher] m9
|-heal|p2a: Starmie|62\/323 tox|[from] item: Leftovers
|-damage|p2a: Starmie|42\/323 tox|[from] psn
|turn|25
|
|move|p2a: Starmie|Recover|p2a: Starmie
|-heal|p2a: Starmie|204\/323 tox
|move|p1a: m8|Fire Blast|p2a: Starmie
|-resisted|p2a: Starmie
|-damage|p2a: Starmie|161\/323 tox
|
|-heal|p2a: Starmie|181\/323 tox|[from] item: Leftovers
|-damage|p2a: Starmie|141\/323 tox|[from] psn
|turn|26
|
|switch|p1a: m8|Celebi|403\/403
|-damage|p1a: m8|353\/403|[from] Stealth Rock
|move|p2a: Starmie|Rapid Spin|p1a: m8
|-damage|p1a: m8|341\/403
|-sideend|p2: kokoloko|Toxic Spikes|[from] move: Rapid Spin|[of] p2a: Starmie
|-sideend|p2: kokoloko|Stealth Rock|[from] move: Rapid Spin|[of] p2a: Starmie
|
|-heal|p2a: Starmie|161\/323 tox|[from] item: Leftovers
|-heal|p1a: m8|366\/403|[from] item: Leftovers
|-damage|p2a: Starmie|101\/323 tox|[from] psn
|turn|27
|
|switch|p2a: Pidgeot|Pidgeot-Mega, F|307\/307
|move|p1a: m8|Stealth Rock|p2a: Pidgeot
|-sidestart|p2: kokoloko|move: Stealth Rock
|
|-heal|p1a: m8|391\/403|[from] item: Leftovers
|turn|28
|
|switch|p1a: m9|Blissey, F|255\/657
|-damage|p1a: m9|173\/657|[from] Stealth Rock
|move|p2a: Pidgeot|Hurricane|p1a: m9
|-damage|p1a: m9|50\/657
|
|-heal|p1a: m9|91\/657|[from] item: Leftovers
|turn|29
|
|switch|p2a: Jirachi|Jirachi|323\/341
|-damage|p2a: Jirachi|302\/341|[from] Stealth Rock
|move|p1a: m9|Protect|p1a: m9
|-fail|p1a: m9
|
|-heal|p2a: Jirachi|323\/341|[from] item: Leftovers
|-heal|p1a: m9|132\/657|[from] item: Leftovers
|turn|30
|
|move|p1a: m9|Protect|p1a: m9
|-singleturn|p1a: m9|Protect
|move|p2a: Jirachi|Iron Head|p1a: m9
|-activate|p1a: m9|Protect
|
|-heal|p2a: Jirachi|341\/341|[from] item: Leftovers
|-heal|p1a: m9|173\/657|[from] item: Leftovers
|turn|31
|
|switch|p1a: m9|Forretress, M|236\/354
|-damage|p1a: m9|192\/354|[from] Stealth Rock
|move|p2a: Jirachi|Iron Head|p1a: m9
|-resisted|p1a: m9
|-damage|p1a: m9|159\/354
|
|turn|32
|
|move|p2a: Jirachi|U-turn|p1a: m9
|-resisted|p1a: m9
|-damage|p1a: m9|139\/354
|
|switch|p2a: Starmie|Starmie|101\/323
|-damage|p2a: Starmie|61\/323|[from] Stealth Rock
|move|p1a: m9|Rapid Spin|p2a: Starmie
|-damage|p2a: Starmie|43\/323
|-sideend|p1: oh no oh no|Stealth Rock|[from] move: Rapid Spin|[of] p1a: m9
|
|-heal|p2a: Starmie|63\/323|[from] item: Leftovers
|turn|33
|
|move|p2a: Starmie|Rapid Spin|p1a: m9
|-resisted|p1a: m9
|-damage|p1a: m9|136\/354
|-sideend|p2: kokoloko|Stealth Rock|[from] move: Rapid Spin|[of] p2a: Starmie
|move|p1a: m9|Gyro Ball|p2a: Starmie
|-resisted|p2a: Starmie
|-damage|p2a: Starmie|8\/323
|
|-heal|p2a: Starmie|28\/323|[from] item: Leftovers
|turn|34
|
|switch|p1a: m8|Spiritomb, F|60\/304
|move|p2a: Starmie|Recover|p2a: Starmie
|-heal|p2a: Starmie|190\/323
|
|-heal|p2a: Starmie|210\/323|[from] item: Leftovers
|-heal|p1a: m8|79\/304|[from] item: Leftovers
|turn|35
|
|switch|p2a: Krookodile|Krookodile, M, shiny|68\/331 psn
|-ability|p2a: Krookodile|Intimidate|[of] p1a: m8
|-unboost|p1a: m8|atk|1
|move|p1a: m8|Rest|p1a: m8
|-status|p1a: m8|slp
|-heal|p1a: m8|304\/304 slp|[silent]
|-status|p1a: m8|slp|[from] move: Rest
|
|-damage|p2a: Krookodile|27\/331 psn|[from] psn
|turn|36
|
|move|p2a: Krookodile|Stealth Rock|p1a: m8
|-sidestart|p1: oh no oh no|move: Stealth Rock
|cant|p1a: m8|slp
|move|p1a: m8|Sleep Talk|p1a: m8
|move|p1a: m8|Rest|p1a: m8|[from]Sleep Talk
|-fail|p1a: m8
|
|-damage|p2a: Krookodile|0 fnt|[from] psn
|faint|p2a: Krookodile
|
|switch|p2a: Pidgeot|Pidgeot-Mega, F|307\/307
|turn|37
|
|switch|p1a: m9|Forretress, M|136\/354
|-damage|p1a: m9|92\/354|[from] Stealth Rock
|move|p2a: Pidgeot|Hurricane|p1a: m9
|-damage|p1a: m9|0 fnt
|faint|p1a: m9
|
|
|switch|p1a: m9|Blissey, F|173\/657
|-damage|p1a: m9|91\/657|[from] Stealth Rock
|turn|38
|
|switch|p2a: Whimsicott|Whimsicott, F, shiny|283\/323 tox
|move|p1a: m9|Protect|p1a: m9
|-fail|p1a: m9
|
|-heal|p2a: Whimsicott|303\/323 tox|[from] item: Leftovers
|-heal|p1a: m9|132\/657|[from] item: Leftovers
|-damage|p2a: Whimsicott|283\/323 tox|[from] psn
|turn|39
|
|move|p1a: m9|Protect|p1a: m9
|-singleturn|p1a: m9|Protect
|move|p2a: Whimsicott|Encore|p1a: m9
|-activate|p1a: m9|Protect
|
|-heal|p2a: Whimsicott|303\/323 tox|[from] item: Leftovers
|-heal|p1a: m9|173\/657|[from] item: Leftovers
|-damage|p2a: Whimsicott|263\/323 tox|[from] psn
|turn|40
|
|move|p2a: Whimsicott|Leech Seed|p1a: m9
|-start|p1a: m9|move: Leech Seed
|move|p1a: m9|Wish|p1a: m9
|
|-heal|p2a: Whimsicott|283\/323 tox|[from] item: Leftovers
|-heal|p1a: m9|214\/657|[from] item: Leftovers
|-damage|p1a: m9|132\/657|[from] Leech Seed|[of] p2a: Whimsicott
|-heal|p2a: Whimsicott|323\/323 tox|[silent]
|-damage|p2a: Whimsicott|263\/323 tox|[from] psn
|turn|41
|
|move|p1a: m9|Protect|p1a: m9
|-singleturn|p1a: m9|Protect
|move|p2a: Whimsicott|U-turn|p1a: m9
|-activate|p1a: m9|Protect
|
|-heal|p1a: m9|460\/657|[from] move: Wish|[wisher] m9
|-heal|p2a: Whimsicott|283\/323 tox|[from] item: Leftovers
|-heal|p1a: m9|501\/657|[from] item: Leftovers
|-damage|p1a: m9|419\/657|[from] Leech Seed|[of] p2a: Whimsicott
|-heal|p2a: Whimsicott|323\/323 tox|[silent]
|-damage|p2a: Whimsicott|243\/323 tox|[from] psn
|turn|42
|
|switch|p1a: m8|Weezing, F|333\/333
|-damage|p1a: m8|292\/333|[from] Stealth Rock
|move|p2a: Whimsicott|U-turn|p1a: m8
|-resisted|p1a: m8
|-damage|p1a: m8|280\/333
|
|switch|p2a: Crobat|Crobat, M|373\/373
|
|turn|43
|
|move|p2a: Crobat|Taunt|p1a: m8
|-start|p1a: m8|move: Taunt
|cant|p1a: m8|move: Taunt|Will-O-Wisp
|
|turn|44
|
|switch|p1a: m9|Suicune|369\/404
|-damage|p1a: m9|319\/404|[from] Stealth Rock
|-ability|p1a: m9|Pressure
|move|p2a: Crobat|U-turn|p1a: m9
|-damage|p1a: m9|286\/404
|
|switch|p2a: Whimsicott|Whimsicott, F, shiny|243\/323 tox
|
|-heal|p2a: Whimsicott|263\/323 tox|[from] item: Leftovers
|-heal|p1a: m9|311\/404|[from] item: Leftovers
|-damage|p2a: Whimsicott|243\/323 tox|[from] psn
|turn|45
|
|switch|p1a: m8|Celebi|391\/403
|-damage|p1a: m8|341\/403|[from] Stealth Rock
|move|p2a: Whimsicott|U-turn|p1a: m8
|-supereffective|p1a: m8
|-damage|p1a: m8|205\/403
|
|switch|p2a: Crobat|Crobat, M|373\/373
|
|-heal|p1a: m8|230\/403|[from] item: Leftovers
|turn|46
|
|switch|p1a: m9|Suicune|311\/404
|-damage|p1a: m9|261\/404|[from] Stealth Rock
|-ability|p1a: m9|Pressure
|move|p2a: Crobat|Taunt|p1a: m9
|-start|p1a: m9|move: Taunt
|
|-heal|p1a: m9|286\/404|[from] item: Leftovers
|turn|47
|
|move|p2a: Crobat|U-turn|p1a: m9
|-damage|p1a: m9|253\/404
|
|switch|p2a: Whimsicott|Whimsicott, F, shiny|243\/323 tox
|move|p1a: m9|Scald|p2a: Whimsicott
|-resisted|p2a: Whimsicott
|-damage|p2a: Whimsicott|192\/323 tox
|
|-heal|p2a: Whimsicott|212\/323 tox|[from] item: Leftovers
|-heal|p1a: m9|278\/404|[from] item: Leftovers
|-damage|p2a: Whimsicott|192\/323 tox|[from] psn
|turn|48
|
|switch|p1a: m8|Weezing, F|280\/333
|-damage|p1a: m8|239\/333|[from] Stealth Rock
|move|p2a: Whimsicott|U-turn|p1a: m8
|-resisted|p1a: m8
|-damage|p1a: m8|228\/333
|
|switch|p2a: Pidgeot|Pidgeot-Mega, F|307\/307
|
|turn|49
|
|switch|p1a: m9|Blissey, F|419\/657
|-damage|p1a: m9|337\/657|[from] Stealth Rock
|move|p2a: Pidgeot|U-turn|p1a: m9
|-damage|p1a: m9|266\/657
|
|switch|p2a: Jirachi|Jirachi|341\/341
|
|-heal|p1a: m9|307\/657|[from] item: Leftovers
|turn|50
|
|move|p1a: m9|Protect|p1a: m9
|-singleturn|p1a: m9|Protect
|move|p2a: Jirachi|Iron Head|p1a: m9
|-activate|p1a: m9|Protect
|
|-heal|p1a: m9|348\/657|[from] item: Leftovers
|turn|51
|
|switch|p1a: m9|Suicune|278\/404
|-damage|p1a: m9|228\/404|[from] Stealth Rock
|-ability|p1a: m9|Pressure
|move|p2a: Jirachi|Iron Head|p1a: m9
|-resisted|p1a: m9
|-damage|p1a: m9|192\/404
|
|-heal|p1a: m9|217\/404|[from] item: Leftovers
|turn|52
|
|move|p2a: Jirachi|U-turn|p1a: m9
|-damage|p1a: m9|175\/404
|
|switch|p2a: Whimsicott|Whimsicott, F, shiny|192\/323 tox
|move|p1a: m9|Scald|p2a: Whimsicott
|-resisted|p2a: Whimsicott
|-damage|p2a: Whimsicott|141\/323 tox
|
|-heal|p2a: Whimsicott|161\/323 tox|[from] item: Leftovers
|-heal|p1a: m9|200\/404|[from] item: Leftovers
|-damage|p2a: Whimsicott|141\/323 tox|[from] psn
|turn|53
|
|move|p2a: Whimsicott|Leech Seed|p1a: m9
|-start|p1a: m9|move: Leech Seed
|move|p1a: m9|Rest|p1a: m9
|-status|p1a: m9|slp
|-heal|p1a: m9|404\/404 slp|[silent]
|-status|p1a: m9|slp|[from] move: Rest
|
|-heal|p2a: Whimsicott|161\/323 tox|[from] item: Leftovers
|-damage|p1a: m9|354\/404 slp|[from] Leech Seed|[of] p2a: Whimsicott
|-heal|p2a: Whimsicott|211\/323 tox|[silent]
|-damage|p2a: Whimsicott|171\/323 tox|[from] psn
|turn|54
|
|switch|p1a: m8|Weezing, F|228\/333
|-damage|p1a: m8|187\/333|[from] Stealth Rock
|move|p2a: Whimsicott|U-turn|p1a: m8
|-resisted|p1a: m8
|-damage|p1a: m8|175\/333
|
|switch|p2a: Pidgeot|Pidgeot-Mega, F|307\/307
|
|turn|55
|
|move|p2a: Pidgeot|Hurricane|p1a: m8
|-damage|p1a: m8|0 fnt
|faint|p1a: m8
|
|
|switch|p1a: m9|Blissey, F|348\/657
|-damage|p1a: m9|266\/657|[from] Stealth Rock
|turn|56
|
|move|p2a: Pidgeot|U-turn|p1a: m9
|-damage|p1a: m9|190\/657
|
|switch|p2a: Jirachi|Jirachi|341\/341
|move|p1a: m9|Wish|p1a: m9
|
|-heal|p1a: m9|231\/657|[from] item: Leftovers
|turn|57
|
|switch|p1a: m8|Celebi|230\/403
|-damage|p1a: m8|180\/403|[from] Stealth Rock
|move|p2a: Jirachi|U-turn|p1a: m8
|-supereffective|p1a: m8
|-damage|p1a: m8|0 fnt
|faint|p1a: m8
|c|âkokoloko|ok now you really cant win lol
|
|switch|p2a: Pidgeot|Pidgeot-Mega, F|307\/307
|
|
|switch|p1a: m8|Spiritomb, F|304\/304 slp
|-damage|p1a: m8|266\/304 slp|[from] Stealth Rock
|turn|58
|
|move|p2a: Pidgeot|Hurricane|p1a: m8
|-damage|p1a: m8|136\/304 slp
|cant|p1a: m8|slp
|move|p1a: m8|Sleep Talk|p1a: m8
|move|p1a: m8|Foul Play|p2a: Pidgeot|[from]Sleep Talk
|-damage|p2a: Pidgeot|199\/307
|
|-heal|p1a: m8|155\/304 slp|[from] item: Leftovers
|turn|59
|
|move|p2a: Pidgeot|Hurricane|p1a: m8
|-damage|p1a: m8|23\/304 slp
|-curestatus|p1a: m8|slp
|move|p1a: m8|Sleep Talk|p1a: m8
|-fail|p1a: m8
|
|-heal|p1a: m8|42\/304|[from] item: Leftovers
|turn|60
|c|âoh no oh no|k yeah gg
|c|âkokoloko|gg
|-message|oh no oh no forfeited.
|
|win|kokoloko
|raw|Ladder updating...
|raw|oh no oh no's rating: 1655 &rarr; <strong>1627<\/strong><br \/>(-28 for losing)
|raw|kokoloko's rating: 1518 &rarr; <strong>1546<\/strong><br \/>(+28 for winning)
|leave|oh no oh no
|player|p1