|join|meowiekins
|join|oh no oh no
|join|blazeboy91
|join|HeraldoButler
|player|p1|meowiekins|160
|player|p2|oh no oh no|157
|gametype|singles
|gen|6
|tier|UU
|rule|Sleep Clause Mod: Limit one foe put to sleep
|rule|Species Clause: Limit one of each PokÃ©mon
|rule|OHKO Clause: OHKO moves are banned
|rule|Moody Clause: Moody is banned
|rule|Evasion Moves Clause: Evasion moves are banned
|rule|Endless Battle Clause: Forcing endless battles is banned
|rule|HP Percentage Mod: HP is shown in percentages
|clearpoke
|poke|p1|Crobat, F
|poke|p1|Raikou
|poke|p1|Swampert, F
|poke|p1|Celebi
|poke|p1|Jirachi
|poke|p1|Machamp, F
|poke|p2|Raikou
|poke|p2|Starmie
|poke|p2|Crobat, M
|poke|p2|Krookodile, M
|poke|p2|Lucario, F
|poke|p2|Jirachi
|rule|Swagger Clause: Swagger is banned
|rule|Baton Pass Clause: Limit one PokÃ©mon knowing Baton Pass
|teampreview
|join|Mike Hunts
|join|BIG SEAN'S ADLIBS
|join|Volbeatdown
|
|start
|switch|p1a: Jirachi|Jirachi|341\/341
|switch|p2a: Raikou|Raikou|322\/322
|-ability|p2a: Raikou|Pressure
|turn|1
|
|move|p1a: Jirachi|U-turn|p2a: Raikou
|-damage|p2a: Raikou|236\/322
|
|switch|p1a: Swampert|Swampert, F|404\/404
|move|p2a: Raikou|Hidden Power|p1a: Swampert
|-crit|p1a: Swampert
|-supereffective|p1a: Swampert
|-damage|p1a: Swampert|0 fnt
|faint|p1a: Swampert
|
|
|switch|p1a: Raikou|Raikou|322\/322
|-ability|p1a: Raikou|Pressure
|turn|2
|join|xShiba
|
|switch|p2a: Jirachi|Jirachi|341\/341
|move|p1a: Raikou|Substitute|p1a: Raikou
|-start|p1a: Raikou|Substitute
|-damage|p1a: Raikou|242\/322
|
|-heal|p1a: Raikou|262\/322|[from] item: Leftovers
|turn|3
|
|move|p2a: Jirachi|U-turn|p1a: Raikou
|-end|p1a: Raikou|Substitute
|
|switch|p2a: Krookodile|Krookodile, M|394\/394
|-ability|p2a: Krookodile|Intimidate|[of] p1a: Raikou
|-unboost|p1a: Raikou|atk|1
|move|p1a: Raikou|Substitute|p1a: Raikou
|-start|p1a: Raikou|Substitute
|-damage|p1a: Raikou|182\/322
|
|-heal|p1a: Raikou|202\/322|[from] item: Leftovers
|turn|4
|
|move|p1a: Raikou|Thunderbolt|p2a: Krookodile
|-immune|p2a: Krookodile|[msg]
|move|p2a: Krookodile|Taunt|p1a: Raikou
|-start|p1a: Raikou|move: Taunt
|
|-heal|p1a: Raikou|222\/322|[from] item: Leftovers
|turn|5
|
|move|p1a: Raikou|Hidden Power|p2a: Krookodile
|-supereffective|p2a: Krookodile
|-damage|p2a: Krookodile|214\/394
|move|p2a: Krookodile|Knock Off|p1a: Raikou
|-end|p1a: Raikou|Substitute
|
|-heal|p1a: Raikou|242\/322|[from] item: Leftovers
|-heal|p2a: Krookodile|238\/394|[from] item: Leftovers
|turn|6
|
|move|p1a: Raikou|Hidden Power|p2a: Krookodile
|-supereffective|p2a: Krookodile
|-damage|p2a: Krookodile|70\/394
|move|p2a: Krookodile|Knock Off|p1a: Raikou
|-damage|p1a: Raikou|68\/322
|-enditem|p1a: Raikou|Leftovers|[from] move: Knock Off|[of] p2a: Krookodile
|
|-heal|p2a: Krookodile|94\/394|[from] item: Leftovers
|turn|7
|
|switch|p2a: Raikou|Raikou|236\/322
|-ability|p2a: Raikou|Pressure
|move|p1a: Raikou|Hidden Power|p2a: Raikou
|-damage|p2a: Raikou|167\/322
|
|-end|p1a: Raikou|move: Taunt
|turn|8
|
|switch|p1a: Celebi|Celebi|341\/341
|move|p2a: Raikou|Volt Switch|p1a: Celebi
|-resisted|p1a: Celebi
|-damage|p1a: Celebi|257\/341
|
|switch|p2a: Jirachi|Jirachi|341\/341
|
|-heal|p1a: Celebi|278\/341|[from] item: Leftovers
|turn|9
|
|switch|p1a: Jirachi|Jirachi|341\/341
|move|p2a: Jirachi|U-turn|p1a: Jirachi
|-damage|p1a: Jirachi|275\/341
|join|Over Under Used
|
|switch|p2a: Lucario|Lucario, F|281\/281
|
|turn|10
|join|Eaglehawk
|join|Thisbemyalt
|
|move|p1a: Jirachi|Zen Headbutt|p2a: Lucario
|-damage|p2a: Lucario|131\/281
|move|p2a: Lucario|Crunch|p1a: Jirachi
|-supereffective|p1a: Jirachi
|-damage|p1a: Jirachi|54\/341
|-unboost|p1a: Jirachi|def|1
|-damage|p2a: Lucario|103\/281|[from] item: Life Orb
|
|turn|11
|join|pieman723
|
|switch|p1a: Crobat|Crobat, F|363\/363
|switch|p2a: Krookodile|Krookodile, M|94\/394
|-ability|p2a: Krookodile|Intimidate|[of] p1a: Crobat
|-unboost|p1a: Crobat|atk|1
|
|-heal|p2a: Krookodile|118\/394|[from] item: Leftovers
|turn|12
|join|LiberalLucario
|
|switch|p2a: Jirachi|Jirachi|341\/341
|move|p1a: Crobat|Brave Bird|p2a: Jirachi
|-resisted|p2a: Jirachi
|-damage|p2a: Jirachi|291\/341
|-damage|p1a: Crobat|346\/363|[from] recoil|[of] p2a: Jirachi
|
|-heal|p1a: Crobat|363\/363|[from] item: Black Sludge
|turn|13
|c| pieman723|things ive learned from tourney finals
|c| pieman723|hyper offensive teams are gods XD
|leave|Volbeatdown
|join|epic4eternity
|c| Over Under Used|Things ive learned
|c| Over Under Used|#1 Meowie is god
|
|move|p2a: Jirachi|Zen Headbutt|p1a: Crobat
|-supereffective|p1a: Crobat
|-damage|p1a: Crobat|75\/363
|move|p1a: Crobat|U-turn|p2a: Jirachi
|-damage|p2a: Jirachi|255\/341
|c| Over Under Used|#2 Use Jirachi
|c| pieman723|Truuuuuu XD
|join|Volbeatdown
|c| epic4eternity|meowiekins has inner focus bat y\/n?
|
|switch|p1a: Celebi|Celebi|278\/341
|
|-heal|p1a: Celebi|299\/341|[from] item: Leftovers
|turn|14
|
|switch|p2a: Crobat|Crobat, M|374\/374
|move|p1a: Celebi|Zen Headbutt|p2a: Crobat
|-supereffective|p2a: Crobat
|-damage|p2a: Crobat|62\/374
|
|-heal|p2a: Crobat|85\/374|[from] item: Leftovers
|-heal|p1a: Celebi|320\/341|[from] item: Leftovers
|turn|15
|c| blazeboy91|Things I've learned: Jirachi, Raikou and Crobat
|c| Over Under Used|#3 Run inner focus Umbreon to counter rachi
|
|switch|p2a: Jirachi|Jirachi|255\/341
|move|p1a: Celebi|Zen Headbutt|p2a: Jirachi
|-resisted|p2a: Jirachi
|-damage|p2a: Jirachi|223\/341
|
|-heal|p1a: Celebi|341\/341|[from] item: Leftovers
|turn|16
|c| Over Under Used|#4 bring 6 Zygarde Counters
|c| pieman723|rachi?
|c| blazeboy91|whats rachi?
|c| Over Under Used|Jirachi
|c| blazeboy91|ahhhh
|c| pieman723|ohhh jirachi XD
|c| Eaglehawk|>implying you haven't been running inner focus umby this whole time
|c| epic4eternity|sorry overunderused there isn't 6 zygarde counters
|c| Over Under Used|o yeah\
|c| Over Under Used|Not in UU anyway
|c| pieman723|im actually trying to build a team around zygarde right now... any suggestions??
|c| Over Under Used|#4 bring 6 Zygarde ~~Counters~~ Checks
|c| BIG SEAN'S ADLIBS|bring jellicent
|c| blazeboy91|so what you're telling me is to use legendaries?
|
|switch|p1a: Crobat|Crobat, F|75\/363
|move|p2a: Jirachi|Trick|p1a: Crobat
|-activate|p2a: Jirachi|move: Trick|[of] p1a: Crobat
|-item|p1a: Crobat|Choice Scarf|[from] move: Trick
|-item|p2a: Jirachi|Black Sludge|[from] move: Trick
|
|-damage|p2a: Jirachi|181\/341|[from] item: Black Sludge
|turn|17
|c| BIG SEAN'S ADLIBS|and spiritomb
|c| BIG SEAN'S ADLIBS|and crobat
|
|move|p1a: Crobat|Brave Bird|p2a: Jirachi
|-resisted|p2a: Jirachi
|-damage|p2a: Jirachi|107\/341
|-damage|p1a: Crobat|51\/363|[from] recoil|[of] p2a: Jirachi
|move|p2a: Jirachi|U-turn|p1a: Crobat
|-resisted|p1a: Crobat
|-damage|p1a: Crobat|29\/363
|c| BIG SEAN'S ADLIBS|rotom-s can mess with subcoil
|
|switch|p2a: Krookodile|Krookodile, M|118\/394
|-ability|p2a: Krookodile|Intimidate|[of] p1a: Crobat
|-unboost|p1a: Crobat|atk|1
|
|-heal|p2a: Krookodile|142\/394|[from] item: Leftovers
|turn|18
|
|move|p1a: Crobat|Brave Bird|p2a: Krookodile
|-damage|p2a: Krookodile|57\/394
|-damage|p1a: Crobat|1\/363|[from] recoil|[of] p2a: Krookodile
|move|p2a: Krookodile|Stealth Rock|p1a: Crobat
|-sidestart|p1: meowiekins|move: Stealth Rock
|
|-heal|p2a: Krookodile|81\/394|[from] item: Leftovers
|turn|19
|c| pieman723|omfg their isnt even a uu set for zygarde on smogon XD
|c| pieman723|probably in the forums somewhere but not in the dex
|c| BIG SEAN'S ADLIBS|tf lol
|
|move|p1a: Crobat|Brave Bird|p2a: Krookodile
|-damage|p2a: Krookodile|0 fnt
|-damage|p1a: Crobat|0 fnt|[from] recoil|[of] p2a: Krookodile
|faint|p2a: Krookodile
|faint|p1a: Crobat
|
|c| xShiba|just use sub coil tail eq
|c| BIG SEAN'S ADLIBS|its so powered tho
|c| pieman723|I wanna try to run a ddance set
|
|switch|p1a: Celebi|Celebi|341\/341
|switch|p2a: Lucario|Lucario, F|103\/281
|-damage|p1a: Celebi|299\/341|[from] Stealth Rock
|turn|20
|join|SSoul
|
|move|p2a: Lucario|Extreme Speed|p1a: Celebi
|-damage|p1a: Celebi|183\/341
|-damage|p2a: Lucario|75\/281|[from] item: Life Orb
|move|p1a: Celebi|Zen Headbutt|p2a: Lucario
|-damage|p2a: Lucario|0 fnt
|faint|p2a: Lucario
|
|-heal|p1a: Celebi|204\/341|[from] item: Leftovers
|c| BIG SEAN'S ADLIBS|ddance, outrage, eq, espeed with lum
|leave|SSoul
|c| pieman723|not even in the forums :l
|
|switch|p2a: Jirachi|Jirachi|107\/341
|turn|21
|c| epic4eternity|yeah there is an analysis in forums
|c| epic4eternity|on zygod
|c| pieman723|ill look for it
|c| epic4eternity|http:\/\/www.smogon.com\/forums\/threads\/zygarde.3525150\/
|c| Eaglehawk|ahhh
|c| Eaglehawk|A dodmen-quality piece of work.
|c| Mike Hunts|only 21 turns
|
|switch|p1a: Machamp|Machamp, F|322\/322
|-damage|p1a: Machamp|302\/322|[from] Stealth Rock
|move|p2a: Jirachi|Trick|p1a: Machamp
|-activate|p2a: Jirachi|move: Trick|[of] p1a: Machamp
|-item|p1a: Machamp|Black Sludge|[from] move: Trick
|-item|p2a: Jirachi|Choice Band|[from] move: Trick
|
|-damage|p1a: Machamp|262\/322|[from] item: Black Sludge
|turn|22
|c| pieman723|thank you :)
|
|move|p2a: Jirachi|U-turn|p1a: Machamp
|-resisted|p1a: Machamp
|-damage|p1a: Machamp|203\/322
|c| Eaglehawk|wait
|
|switch|p2a: Crobat|Crobat, M|85\/374
|move|p1a: Machamp|Knock Off|p2a: Crobat
|-damage|p2a: Crobat|0 fnt
|-enditem|p2a: Crobat|Leftovers|[from] move: Knock Off|[of] p1a: Machamp
|faint|p2a: Crobat
|
|-damage|p1a: Machamp|163\/322|[from] item: Black Sludge
|c| Eaglehawk|pieman723 = dodmen?
|c| Eaglehawk|or nah
|leave|LiberalLucario
|
|switch|p2a: Raikou|Raikou|167\/322
|-ability|p2a: Raikou|Pressure
|turn|23
|c| blazeboy91|someone mega-evolve
|
|move|p2a: Raikou|Thunderbolt|p1a: Machamp
|-damage|p1a: Machamp|0 fnt
|faint|p1a: Machamp
|
|
|switch|p1a: Jirachi|Jirachi|54\/341
|-damage|p1a: Jirachi|33\/341|[from] Stealth Rock
|turn|24
|c| pieman723|dodmen? XD
|join|SSoul
|leave|SSoul
|
|move|p1a: Jirachi|Healing Wish|p1a: Jirachi
|faint|p1a: Jirachi
|move|p2a: Raikou|Thunderbolt|p1: Jirachi|[notarget]
|-notarget
|
|c| Over Under Used|dodmen confirmed
|
|switch|p1a: Raikou|Raikou|68\/322
|-heal|p1a: Raikou|322\/322|[from] move: Healing Wish
|-damage|p1a: Raikou|282\/322|[from] Stealth Rock
|-ability|p1a: Raikou|Pressure
|turn|25
|join|Yellow Skarmory
|join|Focus Sash Florges
|leave|Focus Sash Florges
|c| pieman723|tf is dodmen??? XD
|c| Yellow Skarmory|**INALS YPE**
|join|Exemption
|join|r0ady
|
|move|p1a: Raikou|Calm Mind|p1a: Raikou
|-boost|p1a: Raikou|spa|1
|-boost|p1a: Raikou|spd|1
|move|p2a: Raikou|Thunderbolt|p1a: Raikou
|-resisted|p1a: Raikou
|-damage|p1a: Raikou|213\/322
|
|turn|26
|c| Exemption|the last of raikou
|c| Thisbemyalt|ANALS HYPE
|c| Over Under Used|end of finals hype
|
|switch|p2a: Jirachi|Jirachi|107\/341
|move|p1a: Raikou|Thunderbolt|p2a: Jirachi
|-damage|p2a: Jirachi|0 fnt
|faint|p2a: Jirachi
|
|
|switch|p2a: Raikou|Raikou|167\/322
|-ability|p2a: Raikou|Pressure
|turn|27
|join|hairy toenail
|
|move|p1a: Raikou|Thunderbolt|p2a: Raikou
|-resisted|p2a: Raikou
|-damage|p2a: Raikou|52\/322
|move|p2a: Raikou|Extrasensory|p1a: Raikou
|-damage|p1a: Raikou|128\/322
|
|turn|28
|
|move|p1a: Raikou|Thunderbolt|p2a: Raikou
|-resisted|p2a: Raikou
|-damage|p2a: Raikou|0 fnt
|faint|p2a: Raikou
|
|
|switch|p2a: Starmie|Starmie|324\/324
|turn|29
|c| Yellow Skarmory|starm e
|c| Yellow Skarmory|star me
|
|move|p1a: Raikou|Thunderbolt|p2a: Starmie
|-supereffective|p2a: Starmie
|-damage|p2a: Starmie|0 fnt
|faint|p2a: Starmie
|
|win|meowiekins
|c|âmeowiekins|gg
|c|âoh no oh no|gg
|leave|hairy toenail
|leave|epic4eternity
|leave|Exemption
|leave|Thisbemyalt