|join|oh no oh no
|join|SketchyEcchi
|player|p1|oh no oh no|157
|player|p2|SketchyEcchi|146
|gametype|singles
|gen|6
|tier|UU
|rated
|rule|Sleep Clause Mod: Limit one foe put to sleep
|rule|Species Clause: Limit one of each PokÃ©mon
|rule|OHKO Clause: OHKO moves are banned
|rule|Moody Clause: Moody is banned
|rule|Evasion Moves Clause: Evasion moves are banned
|rule|Endless Battle Clause: Forcing endless battles is banned
|rule|HP Percentage Mod: HP is shown in percentages
|clearpoke
|poke|p1|Weezing, F
|poke|p1|Forretress, M
|poke|p1|Suicune
|poke|p1|Celebi
|poke|p1|Blissey, F
|poke|p1|Spiritomb, F
|poke|p2|Hippowdon, F
|poke|p2|Aromatisse, M
|poke|p2|Roserade, M
|poke|p2|Crobat, F
|poke|p2|Vaporeon, F
|poke|p2|Meloetta
|rule|Swagger Clause: Swagger is banned
|rule|Baton Pass Clause: Limit one PokÃ©mon knowing Baton Pass
|teampreview
|
|start
|switch|p1a: Lush Life|Celebi|403\/403
|switch|p2a: Roserade|Roserade, M|324\/324
|turn|1
|
|move|p1a: Lush Life|Stealth Rock|p2a: Roserade
|-sidestart|p2: SketchyEcchi|move: Stealth Rock
|move|p2a: Roserade|Spikes|p1a: Lush Life
|-sidestart|p1: oh no oh no|Spikes
|
|turn|2
|
|switch|p1a: Nardis|Weezing, F|333\/333
|move|p2a: Roserade|Spikes|p1a: Nardis
|-sidestart|p1: oh no oh no|Spikes
|
|turn|3
|
|move|p2a: Roserade|Spikes|p1a: Nardis
|-sidestart|p1: oh no oh no|Spikes
|move|p1a: Nardis|Will-O-Wisp|p2a: Roserade
|-status|p2a: Roserade|brn
|
|-damage|p2a: Roserade|284\/324 brn|[from] brn
|turn|4
|
|move|p2a: Roserade|Giga Drain|p1a: Nardis
|-resisted|p1a: Nardis
|-damage|p1a: Nardis|261\/333
|-heal|p2a: Roserade|320\/324 brn|[from] drain|[of] p1a: Nardis
|move|p1a: Nardis|Toxic Spikes|p2a: Roserade
|-sidestart|p2: SketchyEcchi|move: Toxic Spikes
|
|-heal|p2a: Roserade|324\/324 brn|[from] item: Black Sludge
|-heal|p1a: Nardis|281\/333|[from] item: Leftovers
|-damage|p2a: Roserade|284\/324 brn|[from] brn
|turn|5
|
|switch|p1a: Blue in Green|Suicune|404\/404
|-damage|p1a: Blue in Green|303\/404|[from] Spikes
|-ability|p1a: Blue in Green|Pressure
|move|p2a: Roserade|Synthesis|p2a: Roserade
|-heal|p2a: Roserade|324\/324 brn
|
|-heal|p1a: Blue in Green|328\/404|[from] item: Leftovers
|-damage|p2a: Roserade|284\/324 brn|[from] brn
|turn|6
|
|switch|p1a: Nardis|Weezing, F|281\/333
|move|p2a: Roserade|Giga Drain|p1a: Nardis
|-resisted|p1a: Nardis
|-damage|p1a: Nardis|207\/333
|-heal|p2a: Roserade|321\/324 brn|[from] drain|[of] p1a: Nardis
|
|-heal|p2a: Roserade|324\/324 brn|[from] item: Black Sludge
|-heal|p1a: Nardis|227\/333|[from] item: Leftovers
|-damage|p2a: Roserade|284\/324 brn|[from] brn
|turn|7
|
|move|p2a: Roserade|Giga Drain|p1a: Nardis
|-resisted|p1a: Nardis
|-damage|p1a: Nardis|161\/333
|-heal|p2a: Roserade|317\/324 brn|[from] drain|[of] p1a: Nardis
|move|p1a: Nardis|Toxic Spikes|p2a: Roserade
|-sidestart|p2: SketchyEcchi|move: Toxic Spikes
|
|-heal|p2a: Roserade|324\/324 brn|[from] item: Black Sludge
|-heal|p1a: Nardis|181\/333|[from] item: Leftovers
|-damage|p2a: Roserade|284\/324 brn|[from] brn
|turn|8
|
|move|p2a: Roserade|Giga Drain|p1a: Nardis
|-resisted|p1a: Nardis
|-damage|p1a: Nardis|108\/333
|-heal|p2a: Roserade|321\/324 brn|[from] drain|[of] p1a: Nardis
|move|p1a: Nardis|Fire Blast|p2a: Roserade
|-supereffective|p2a: Roserade
|-damage|p2a: Roserade|211\/324 brn
|
|-heal|p2a: Roserade|231\/324 brn|[from] item: Black Sludge
|-heal|p1a: Nardis|128\/333|[from] item: Leftovers
|-damage|p2a: Roserade|191\/324 brn|[from] brn
|turn|9
|
|move|p2a: Roserade|Giga Drain|p1a: Nardis
|-resisted|p1a: Nardis
|-damage|p1a: Nardis|55\/333
|-heal|p2a: Roserade|228\/324 brn|[from] drain|[of] p1a: Nardis
|move|p1a: Nardis|Pain Split|p2a: Roserade
|-sethp|p2a: Roserade|141\/324 brn|p1a: Nardis|141\/333|[from] move: Pain Split
|
|-heal|p2a: Roserade|161\/324 brn|[from] item: Black Sludge
|-heal|p1a: Nardis|161\/333|[from] item: Leftovers
|-damage|p2a: Roserade|121\/324 brn|[from] brn
|turn|10
|
|move|p2a: Roserade|Synthesis|p2a: Roserade
|-heal|p2a: Roserade|283\/324 brn
|move|p1a: Nardis|Pain Split|p2a: Roserade
|-sethp|p2a: Roserade|222\/324 brn|p1a: Nardis|222\/333|[from] move: Pain Split
|
|-heal|p2a: Roserade|242\/324 brn|[from] item: Black Sludge
|-heal|p1a: Nardis|242\/333|[from] item: Leftovers
|-damage|p2a: Roserade|202\/324 brn|[from] brn
|turn|11
|
|move|p2a: Roserade|Giga Drain|p1a: Nardis
|-resisted|p1a: Nardis
|-damage|p1a: Nardis|167\/333
|-heal|p2a: Roserade|240\/324 brn|[from] drain|[of] p1a: Nardis
|move|p1a: Nardis|Fire Blast|p2a: Roserade
|-supereffective|p2a: Roserade
|-damage|p2a: Roserade|134\/324 brn
|
|-heal|p2a: Roserade|154\/324 brn|[from] item: Black Sludge
|-heal|p1a: Nardis|187\/333|[from] item: Leftovers
|-damage|p2a: Roserade|114\/324 brn|[from] brn
|turn|12
|
|move|p2a: Roserade|Synthesis|p2a: Roserade
|-heal|p2a: Roserade|276\/324 brn
|move|p1a: Nardis|Fire Blast|p2a: Roserade
|-supereffective|p2a: Roserade
|-damage|p2a: Roserade|162\/324 brn
|
|-heal|p2a: Roserade|182\/324 brn|[from] item: Black Sludge
|-heal|p1a: Nardis|207\/333|[from] item: Leftovers
|-damage|p2a: Roserade|142\/324 brn|[from] brn
|turn|13
|
|move|p2a: Roserade|Synthesis|p2a: Roserade
|-heal|p2a: Roserade|304\/324 brn
|move|p1a: Nardis|Pain Split|p2a: Roserade
|-sethp|p2a: Roserade|255\/324 brn|p1a: Nardis|255\/333|[from] move: Pain Split
|
|-heal|p2a: Roserade|275\/324 brn|[from] item: Black Sludge
|-heal|p1a: Nardis|275\/333|[from] item: Leftovers
|-damage|p2a: Roserade|235\/324 brn|[from] brn
|turn|14
|
|switch|p2a: Crobat|Crobat, F|369\/369
|-damage|p2a: Crobat|277\/369|[from] Stealth Rock
|move|p1a: Nardis|Will-O-Wisp|p2a: Crobat
|-status|p2a: Crobat|brn
|
|-heal|p2a: Crobat|300\/369 brn|[from] item: Black Sludge
|-heal|p1a: Nardis|295\/333|[from] item: Leftovers
|-damage|p2a: Crobat|254\/369 brn|[from] brn
|turn|15
|
|switch|p2a: Roserade|Roserade, M|235\/324
|-damage|p2a: Roserade|195\/324|[from] Stealth Rock
|-sideend|p2: SketchyEcchi|move: Toxic Spikes|[of] p2a: Roserade
|switch|p1a: Body and Soul|Forretress, M|354\/354
|-damage|p1a: Body and Soul|266\/354|[from] Spikes
|
|-heal|p2a: Roserade|215\/324|[from] item: Black Sludge
|-heal|p1a: Body and Soul|288\/354|[from] item: Leftovers
|turn|16
|
|switch|p1a: Nardis|Weezing, F|295\/333
|move|p2a: Roserade|Hidden Power|p1a: Nardis
|-damage|p1a: Nardis|221\/333
|
|-heal|p2a: Roserade|235\/324|[from] item: Black Sludge
|-heal|p1a: Nardis|241\/333|[from] item: Leftovers
|turn|17
|
|switch|p2a: Vaporeon|Vaporeon, F|451\/451
|-damage|p2a: Vaporeon|395\/451|[from] Stealth Rock
|move|p1a: Nardis|Toxic Spikes|p2a: Vaporeon
|-sidestart|p2: SketchyEcchi|move: Toxic Spikes
|
|-heal|p2a: Vaporeon|423\/451|[from] item: Leftovers
|-heal|p1a: Nardis|261\/333|[from] item: Leftovers
|turn|18
|
|switch|p1a: Blue in Green|Suicune|328\/404
|-damage|p1a: Blue in Green|227\/404|[from] Spikes
|-ability|p1a: Blue in Green|Pressure
|move|p2a: Vaporeon|Roar|p1a: Blue in Green
|drag|p1a: Body and Soul|Forretress, M|288\/354
|-damage|p1a: Body and Soul|200\/354|[from] Spikes
|
|-heal|p2a: Vaporeon|451\/451|[from] item: Leftovers
|-heal|p1a: Body and Soul|222\/354|[from] item: Leftovers
|turn|19
|
|switch|p1a: Blue in Green|Suicune|227\/404
|-damage|p1a: Blue in Green|126\/404|[from] Spikes
|-ability|p1a: Blue in Green|Pressure
|move|p2a: Vaporeon|Scald|p1a: Blue in Green
|-crit|p1a: Blue in Green
|-resisted|p1a: Blue in Green
|-damage|p1a: Blue in Green|53\/404
|
|-heal|p1a: Blue in Green|78\/404|[from] item: Leftovers
|turn|20
|
|switch|p2a: Roserade|Roserade, M|235\/324
|-damage|p2a: Roserade|195\/324|[from] Stealth Rock
|-sideend|p2: SketchyEcchi|move: Toxic Spikes|[of] p2a: Roserade
|move|p1a: Blue in Green|Rest|p1a: Blue in Green
|-status|p1a: Blue in Green|slp
|-heal|p1a: Blue in Green|404\/404 slp|[silent]
|-status|p1a: Blue in Green|slp|[from] move: Rest
|
|-heal|p2a: Roserade|215\/324|[from] item: Black Sludge
|turn|21
|
|switch|p1a: Nardis|Weezing, F|261\/333
|move|p2a: Roserade|Giga Drain|p1a: Nardis
|-resisted|p1a: Nardis
|-damage|p1a: Nardis|186\/333
|-heal|p2a: Roserade|253\/324|[from] drain|[of] p1a: Nardis
|
|-heal|p2a: Roserade|273\/324|[from] item: Black Sludge
|-heal|p1a: Nardis|206\/333|[from] item: Leftovers
|turn|22
|
|switch|p2a: Hippowdon|Hippowdon, F|420\/420
|-damage|p2a: Hippowdon|394\/420|[from] Stealth Rock
|move|p1a: Nardis|Will-O-Wisp|p2a: Hippowdon
|-status|p2a: Hippowdon|brn
|
|-heal|p1a: Nardis|226\/333|[from] item: Leftovers
|-heal|p2a: Hippowdon|420\/420 brn|[from] item: Leftovers
|-damage|p2a: Hippowdon|368\/420 brn|[from] brn
|turn|23
|
|switch|p1a: Body and Soul|Forretress, M|222\/354
|-damage|p1a: Body and Soul|134\/354|[from] Spikes
|move|p2a: Hippowdon|Stealth Rock|p1a: Body and Soul
|-sidestart|p1: oh no oh no|move: Stealth Rock
|
|-heal|p2a: Hippowdon|394\/420 brn|[from] item: Leftovers
|-heal|p1a: Body and Soul|156\/354|[from] item: Leftovers
|-damage|p2a: Hippowdon|342\/420 brn|[from] brn
|turn|24
|
|switch|p2a: Roserade|Roserade, M|273\/324
|-damage|p2a: Roserade|233\/324|[from] Stealth Rock
|move|p1a: Body and Soul|Rapid Spin|p2a: Roserade
|-damage|p2a: Roserade|214\/324
|-sideend|p1: oh no oh no|Spikes|[from] move: Rapid Spin|[of] p1a: Body and Soul
|-sideend|p1: oh no oh no|Stealth Rock|[from] move: Rapid Spin|[of] p1a: Body and Soul
|
|-heal|p2a: Roserade|234\/324|[from] item: Black Sludge
|-heal|p1a: Body and Soul|178\/354|[from] item: Leftovers
|turn|25
|
|switch|p1a: Nardis|Weezing, F|226\/333
|move|p2a: Roserade|Hidden Power|p1a: Nardis
|-damage|p1a: Nardis|148\/333
|
|-heal|p2a: Roserade|254\/324|[from] item: Black Sludge
|-heal|p1a: Nardis|168\/333|[from] item: Leftovers
|turn|26
|
|move|p2a: Roserade|Spikes|p1a: Nardis
|-sidestart|p1: oh no oh no|Spikes
|move|p1a: Nardis|Will-O-Wisp|p2a: Roserade
|-status|p2a: Roserade|brn
|
|-heal|p2a: Roserade|274\/324 brn|[from] item: Black Sludge
|-heal|p1a: Nardis|188\/333|[from] item: Leftovers
|-damage|p2a: Roserade|234\/324 brn|[from] brn
|turn|27
|
|move|p2a: Roserade|Spikes|p1a: Nardis
|-sidestart|p1: oh no oh no|Spikes
|move|p1a: Nardis|Fire Blast|p2a: Roserade
|-supereffective|p2a: Roserade
|-damage|p2a: Roserade|124\/324 brn
|
|-heal|p2a: Roserade|144\/324 brn|[from] item: Black Sludge
|-heal|p1a: Nardis|208\/333|[from] item: Leftovers
|-damage|p2a: Roserade|104\/324 brn|[from] brn
|turn|28
|
|move|p2a: Roserade|Synthesis|p2a: Roserade
|-heal|p2a: Roserade|266\/324 brn
|move|p1a: Nardis|Toxic Spikes|p2a: Roserade
|-sidestart|p2: SketchyEcchi|move: Toxic Spikes
|
|-heal|p2a: Roserade|286\/324 brn|[from] item: Black Sludge
|-heal|p1a: Nardis|228\/333|[from] item: Leftovers
|-damage|p2a: Roserade|246\/324 brn|[from] brn
|turn|29
|
|move|p2a: Roserade|Spikes|p1a: Nardis
|-sidestart|p1: oh no oh no|Spikes
|move|p1a: Nardis|Pain Split|p2a: Roserade
|-sethp|p2a: Roserade|237\/324 brn|p1a: Nardis|237\/333|[from] move: Pain Split
|
|-heal|p2a: Roserade|257\/324 brn|[from] item: Black Sludge
|-heal|p1a: Nardis|257\/333|[from] item: Leftovers
|-damage|p2a: Roserade|217\/324 brn|[from] brn
|turn|30
|
|switch|p2a: Aromatisse|Aromatisse, M|406\/406
|-status|p2a: Aromatisse|psn
|-damage|p2a: Aromatisse|356\/406 psn|[from] Stealth Rock
|move|p1a: Nardis|Toxic Spikes|p2a: Aromatisse
|-sidestart|p2: SketchyEcchi|move: Toxic Spikes
|
|-heal|p1a: Nardis|277\/333|[from] item: Leftovers
|-heal|p2a: Aromatisse|381\/406 psn|[from] item: Leftovers
|-damage|p2a: Aromatisse|331\/406 psn|[from] psn
|turn|31
|
|switch|p1a: My Foolish Heart|Blissey, F|657\/657
|-damage|p1a: My Foolish Heart|493\/657|[from] Spikes
|move|p2a: Aromatisse|Aromatherapy|p2a: Aromatisse
|-cureteam|p2a: Aromatisse|[from] move: Aromatherapy
|
|-heal|p1a: My Foolish Heart|534\/657|[from] item: Leftovers
|-heal|p2a: Aromatisse|356\/406|[from] item: Leftovers
|turn|32
|
|switch|p2a: Roserade|Roserade, M|217\/324
|-damage|p2a: Roserade|177\/324|[from] Stealth Rock
|-sideend|p2: SketchyEcchi|move: Toxic Spikes|[of] p2a: Roserade
|move|p1a: My Foolish Heart|Wish|p1a: My Foolish Heart
|
|-heal|p2a: Roserade|197\/324|[from] item: Black Sludge
|-heal|p1a: My Foolish Heart|575\/657|[from] item: Leftovers
|turn|33
|
|switch|p2a: Vaporeon|Vaporeon, F|451\/451
|-damage|p2a: Vaporeon|395\/451|[from] Stealth Rock
|move|p1a: My Foolish Heart|Seismic Toss|p2a: Vaporeon
|-damage|p2a: Vaporeon|295\/451
|
|-heal|p1a: My Foolish Heart|657\/657|[from] move: Wish|[wisher] My Foolish Heart
|-heal|p2a: Vaporeon|323\/451|[from] item: Leftovers
|turn|34
|
|move|p1a: My Foolish Heart|Wish|p1a: My Foolish Heart
|move|p2a: Vaporeon|Roar|p1a: My Foolish Heart
|drag|p1a: Nardis|Weezing, F|277\/333
|
|-heal|p2a: Vaporeon|351\/451|[from] item: Leftovers
|-heal|p1a: Nardis|297\/333|[from] item: Leftovers
|turn|35
|
|switch|p1a: My Foolish Heart|Blissey, F|657\/657
|-damage|p1a: My Foolish Heart|493\/657|[from] Spikes
|move|p2a: Vaporeon|Scald|p1a: My Foolish Heart
|-crit|p1a: My Foolish Heart
|-damage|p1a: My Foolish Heart|396\/657
|
|-heal|p1a: My Foolish Heart|657\/657|[from] move: Wish|[wisher] My Foolish Heart
|-heal|p2a: Vaporeon|379\/451|[from] item: Leftovers
|turn|36
|
|move|p1a: My Foolish Heart|Toxic|p2a: Vaporeon
|-status|p2a: Vaporeon|tox
|move|p2a: Vaporeon|Roar|p1a: My Foolish Heart
|drag|p1a: Nardis|Weezing, F|297\/333
|
|-heal|p2a: Vaporeon|407\/451 tox|[from] item: Leftovers
|-heal|p1a: Nardis|317\/333|[from] item: Leftovers
|-damage|p2a: Vaporeon|379\/451 tox|[from] psn
|turn|37
|
|move|p2a: Vaporeon|Scald|p1a: Nardis
|-damage|p1a: Nardis|170\/333
|-status|p1a: Nardis|brn
|move|p1a: Nardis|Toxic Spikes|p2a: Vaporeon
|-sidestart|p2: SketchyEcchi|move: Toxic Spikes
|
|-heal|p2a: Vaporeon|407\/451 tox|[from] item: Leftovers
|-heal|p1a: Nardis|190\/333 brn|[from] item: Leftovers
|-damage|p2a: Vaporeon|351\/451 tox|[from] psn
|-damage|p1a: Nardis|149\/333 brn|[from] brn
|turn|38
|
|switch|p1a: My Foolish Heart|Blissey, F|657\/657
|-damage|p1a: My Foolish Heart|493\/657|[from] Spikes
|move|p2a: Vaporeon|Protect|p2a: Vaporeon
|-fail|p2a: Vaporeon
|
|-heal|p2a: Vaporeon|379\/451 tox|[from] item: Leftovers
|-heal|p1a: My Foolish Heart|534\/657|[from] item: Leftovers
|-damage|p2a: Vaporeon|295\/451 tox|[from] psn
|turn|39
|
|switch|p2a: Roserade|Roserade, M|197\/324
|-sideend|p2: SketchyEcchi|move: Toxic Spikes|[of] p2a: Roserade
|-damage|p2a: Roserade|157\/324|[from] Stealth Rock
|move|p1a: My Foolish Heart|Wish|p1a: My Foolish Heart
|
|-heal|p2a: Roserade|177\/324|[from] item: Black Sludge
|-heal|p1a: My Foolish Heart|575\/657|[from] item: Leftovers
|turn|40
|
|switch|p1a: Nardis|Weezing, F|149\/333 brn
|move|p2a: Roserade|Hidden Power|p1a: Nardis
|-crit|p1a: Nardis
|-damage|p1a: Nardis|33\/333 brn
|
|-heal|p1a: Nardis|333\/333 brn|[from] move: Wish|[wisher] My Foolish Heart
|-heal|p2a: Roserade|197\/324|[from] item: Black Sludge
|-damage|p1a: Nardis|292\/333 brn|[from] brn
|turn|41
|
|move|p2a: Roserade|Hidden Power|p1a: Nardis
|-damage|p1a: Nardis|221\/333 brn
|move|p1a: Nardis|Will-O-Wisp|p2a: Roserade
|-status|p2a: Roserade|brn
|
|-heal|p2a: Roserade|217\/324 brn|[from] item: Black Sludge
|-heal|p1a: Nardis|241\/333 brn|[from] item: Leftovers
|-damage|p2a: Roserade|177\/324 brn|[from] brn
|-damage|p1a: Nardis|200\/333 brn|[from] brn
|turn|42
|
|move|p2a: Roserade|Hidden Power|p1a: Nardis
|-damage|p1a: Nardis|127\/333 brn
|move|p1a: Nardis|Pain Split|p2a: Roserade
|-sethp|p2a: Roserade|152\/324 brn|p1a: Nardis|152\/333 brn|[from] move: Pain Split
|
|-heal|p2a: Roserade|172\/324 brn|[from] item: Black Sludge
|-heal|p1a: Nardis|172\/333 brn|[from] item: Leftovers
|-damage|p2a: Roserade|132\/324 brn|[from] brn
|-damage|p1a: Nardis|131\/333 brn|[from] brn
|turn|43
|
|move|p2a: Roserade|Hidden Power|p1a: Nardis
|-damage|p1a: Nardis|58\/333 brn
|move|p1a: Nardis|Pain Split|p2a: Roserade
|-sethp|p2a: Roserade|95\/324 brn|p1a: Nardis|95\/333 brn|[from] move: Pain Split
|
|-heal|p2a: Roserade|115\/324 brn|[from] item: Black Sludge
|-heal|p1a: Nardis|115\/333 brn|[from] item: Leftovers
|-damage|p2a: Roserade|75\/324 brn|[from] brn
|-damage|p1a: Nardis|74\/333 brn|[from] brn
|turn|44
|
|switch|p1a: My Foolish Heart|Blissey, F|575\/657
|-damage|p1a: My Foolish Heart|411\/657|[from] Spikes
|move|p2a: Roserade|Hidden Power|p1a: My Foolish Heart
|-damage|p1a: My Foolish Heart|373\/657
|
|-heal|p2a: Roserade|95\/324 brn|[from] item: Black Sludge
|-heal|p1a: My Foolish Heart|414\/657|[from] item: Leftovers
|-damage|p2a: Roserade|55\/324 brn|[from] brn
|turn|45
|
|switch|p2a: Crobat|Crobat, F|254\/369
|-damage|p2a: Crobat|162\/369|[from] Stealth Rock
|move|p1a: My Foolish Heart|Seismic Toss|p2a: Crobat
|-damage|p2a: Crobat|62\/369
|
|-heal|p2a: Crobat|85\/369|[from] item: Black Sludge
|-heal|p1a: My Foolish Heart|455\/657|[from] item: Leftovers
|turn|46
|
|move|p2a: Crobat|Roost|p2a: Crobat
|-heal|p2a: Crobat|270\/369
|move|p1a: My Foolish Heart|Wish|p1a: My Foolish Heart
|
|-heal|p2a: Crobat|293\/369|[from] item: Black Sludge
|-heal|p1a: My Foolish Heart|496\/657|[from] item: Leftovers
|turn|47
|
|switch|p1a: Blue in Green|Suicune|404\/404 slp
|-damage|p1a: Blue in Green|303\/404 slp|[from] Spikes
|-ability|p1a: Blue in Green|Pressure
|move|p2a: Crobat|Brave Bird|p1a: Blue in Green
|-damage|p1a: Blue in Green|212\/404 slp
|-damage|p2a: Crobat|263\/369|[from] recoil|[of] p1a: Blue in Green
|
|-heal|p1a: Blue in Green|404\/404 slp|[from] move: Wish|[wisher] My Foolish Heart
|-heal|p2a: Crobat|286\/369|[from] item: Black Sludge
|turn|48
|
|move|p2a: Crobat|Taunt|p1a: Blue in Green
|-start|p1a: Blue in Green|move: Taunt
|cant|p1a: Blue in Green|slp
|cant|p1a: Blue in Green|move: Taunt|Sleep Talk
|
|-heal|p2a: Crobat|309\/369|[from] item: Black Sludge
|turn|49
|
|switch|p2a: Roserade|Roserade, M|55\/324
|-damage|p2a: Roserade|15\/324|[from] Stealth Rock
|cant|p1a: Blue in Green|slp
|
|-heal|p2a: Roserade|35\/324|[from] item: Black Sludge
|turn|50
|
|switch|p1a: Bitches Brew|Spiritomb, F|304\/304
|-damage|p1a: Bitches Brew|228\/304|[from] Spikes
|move|p2a: Roserade|Giga Drain|p1a: Bitches Brew
|-damage|p1a: Bitches Brew|153\/304
|-heal|p2a: Roserade|73\/324|[from] drain|[of] p1a: Bitches Brew
|
|-heal|p2a: Roserade|93\/324|[from] item: Black Sludge
|-heal|p1a: Bitches Brew|172\/304|[from] item: Leftovers
|turn|51
|
|move|p2a: Roserade|Giga Drain|p1a: Bitches Brew
|-damage|p1a: Bitches Brew|102\/304
|-heal|p2a: Roserade|128\/324|[from] drain|[of] p1a: Bitches Brew
|move|p1a: Bitches Brew|Will-O-Wisp|p2a: Roserade
|-status|p2a: Roserade|brn
|
|-heal|p2a: Roserade|148\/324 brn|[from] item: Black Sludge
|-heal|p1a: Bitches Brew|121\/304|[from] item: Leftovers
|-damage|p2a: Roserade|108\/324 brn|[from] brn
|turn|52
|
|move|p2a: Roserade|Synthesis|p2a: Roserade
|-heal|p2a: Roserade|270\/324 brn
|move|p1a: Bitches Brew|Rest|p1a: Bitches Brew
|-status|p1a: Bitches Brew|slp
|-heal|p1a: Bitches Brew|304\/304 slp|[silent]
|-status|p1a: Bitches Brew|slp|[from] move: Rest
|
|-heal|p2a: Roserade|290\/324 brn|[from] item: Black Sludge
|-damage|p2a: Roserade|250\/324 brn|[from] brn
|turn|53
|
|switch|p2a: Aromatisse|Aromatisse, M|356\/406
|-damage|p2a: Aromatisse|306\/406|[from] Stealth Rock
|cant|p1a: Bitches Brew|slp
|move|p1a: Bitches Brew|Sleep Talk|p1a: Bitches Brew
|move|p1a: Bitches Brew|Foul Play|p2a: Aromatisse|[from]Sleep Talk
|-resisted|p2a: Aromatisse
|-damage|p2a: Aromatisse|271\/406
|
|-heal|p2a: Aromatisse|296\/406|[from] item: Leftovers
|turn|54
|
|switch|p1a: My Foolish Heart|Blissey, F|496\/657
|-damage|p1a: My Foolish Heart|332\/657|[from] Spikes
|move|p2a: Aromatisse|Aromatherapy|p2a: Aromatisse
|-cureteam|p2a: Aromatisse|[from] move: Aromatherapy
|
|-heal|p1a: My Foolish Heart|373\/657|[from] item: Leftovers
|-heal|p2a: Aromatisse|321\/406|[from] item: Leftovers
|turn|55
|
|switch|p2a: Crobat|Crobat, F|309\/369
|-damage|p2a: Crobat|217\/369|[from] Stealth Rock
|move|p1a: My Foolish Heart|Wish|p1a: My Foolish Heart
|
|-heal|p2a: Crobat|240\/369|[from] item: Black Sludge
|-heal|p1a: My Foolish Heart|414\/657|[from] item: Leftovers
|turn|56
|
|move|p2a: Crobat|Brave Bird|p1a: My Foolish Heart
|-damage|p1a: My Foolish Heart|135\/657
|-damage|p2a: Crobat|148\/369|[from] recoil|[of] p1a: My Foolish Heart
|move|p1a: My Foolish Heart|Seismic Toss|p2a: Crobat
|-damage|p2a: Crobat|48\/369
|
|-heal|p1a: My Foolish Heart|463\/657|[from] move: Wish|[wisher] My Foolish Heart
|-heal|p2a: Crobat|71\/369|[from] item: Black Sludge
|-heal|p1a: My Foolish Heart|504\/657|[from] item: Leftovers
|turn|57
|
|move|p2a: Crobat|Roost|p2a: Crobat
|-heal|p2a: Crobat|256\/369
|move|p1a: My Foolish Heart|Wish|p1a: My Foolish Heart
|
|-heal|p2a: Crobat|279\/369|[from] item: Black Sludge
|-heal|p1a: My Foolish Heart|545\/657|[from] item: Leftovers
|turn|58
|
|move|p2a: Crobat|Brave Bird|p1a: My Foolish Heart
|-damage|p1a: My Foolish Heart|278\/657
|-damage|p2a: Crobat|191\/369|[from] recoil|[of] p1a: My Foolish Heart
|move|p1a: My Foolish Heart|Seismic Toss|p2a: Crobat
|-damage|p2a: Crobat|91\/369
|
|-heal|p1a: My Foolish Heart|606\/657|[from] move: Wish|[wisher] My Foolish Heart
|-heal|p2a: Crobat|114\/369|[from] item: Black Sludge
|-heal|p1a: My Foolish Heart|647\/657|[from] item: Leftovers
|turn|59
|
|move|p2a: Crobat|Roost|p2a: Crobat
|-heal|p2a: Crobat|299\/369
|move|p1a: My Foolish Heart|Seismic Toss|p2a: Crobat
|-damage|p2a: Crobat|199\/369
|
|-heal|p2a: Crobat|222\/369|[from] item: Black Sludge
|-heal|p1a: My Foolish Heart|657\/657|[from] item: Leftovers
|turn|60
|
|move|p2a: Crobat|Taunt|p1a: My Foolish Heart
|-start|p1a: My Foolish Heart|move: Taunt
|cant|p1a: My Foolish Heart|move: Taunt|Wish
|
|-heal|p2a: Crobat|245\/369|[from] item: Black Sludge
|turn|61
|
|switch|p1a: Blue in Green|Suicune|404\/404 slp
|-damage|p1a: Blue in Green|303\/404 slp|[from] Spikes
|-ability|p1a: Blue in Green|Pressure
|move|p2a: Crobat|Brave Bird|p1a: Blue in Green
|-damage|p1a: Blue in Green|204\/404 slp
|-damage|p2a: Crobat|212\/369|[from] recoil|[of] p1a: Blue in Green
|
|-heal|p2a: Crobat|235\/369|[from] item: Black Sludge
|-heal|p1a: Blue in Green|229\/404 slp|[from] item: Leftovers
|turn|62
|
|switch|p2a: Vaporeon|Vaporeon, F|295\/451
|-damage|p2a: Vaporeon|239\/451|[from] Stealth Rock
|-curestatus|p1a: Blue in Green|slp
|move|p1a: Blue in Green|Scald|p2a: Vaporeon
|-heal|p2a: Vaporeon|351\/451|[from] ability: Water Absorb|[of] p1a: Blue in Green
|
|-heal|p1a: Blue in Green|254\/404|[from] item: Leftovers
|-heal|p2a: Vaporeon|379\/451|[from] item: Leftovers
|turn|63
|
|move|p2a: Vaporeon|Wish|p2a: Vaporeon
|move|p1a: Blue in Green|Roar|p2a: Vaporeon
|drag|p2a: Meloetta|Meloetta|404\/404
|-damage|p2a: Meloetta|354\/404|[from] Stealth Rock
|
|-heal|p2a: Meloetta|379\/404|[from] item: Leftovers
|-heal|p1a: Blue in Green|279\/404|[from] item: Leftovers
|turn|64
|
|move|p2a: Meloetta|Hyper Voice|p1a: Blue in Green
|-damage|p1a: Blue in Green|158\/404
|move|p1a: Blue in Green|Scald|p2a: Meloetta
|-damage|p2a: Meloetta|327\/404
|
|-heal|p2a: Meloetta|404\/404|[from] move: Wish|[wisher] Vaporeon
|-heal|p1a: Blue in Green|183\/404|[from] item: Leftovers
|turn|65
|
|switch|p2a: Vaporeon|Vaporeon, F|379\/451
|-damage|p2a: Vaporeon|323\/451|[from] Stealth Rock
|move|p1a: Blue in Green|Rest|p1a: Blue in Green
|-status|p1a: Blue in Green|slp
|-heal|p1a: Blue in Green|404\/404 slp|[silent]
|-status|p1a: Blue in Green|slp|[from] move: Rest
|
|-heal|p2a: Vaporeon|351\/451|[from] item: Leftovers
|turn|66
|
|switch|p1a: My Foolish Heart|Blissey, F|657\/657
|-damage|p1a: My Foolish Heart|493\/657|[from] Spikes
|move|p2a: Vaporeon|Roar|p1a: My Foolish Heart
|drag|p1a: Blue in Green|Suicune|404\/404 slp
|-damage|p1a: Blue in Green|303\/404 slp|[from] Spikes
|-ability|p1a: Blue in Green|Pressure
|
|-heal|p1a: Blue in Green|328\/404 slp|[from] item: Leftovers
|-heal|p2a: Vaporeon|379\/451|[from] item: Leftovers
|turn|67
|
|cant|p1a: Blue in Green|slp
|move|p1a: Blue in Green|Sleep Talk|p1a: Blue in Green
|move|p1a: Blue in Green|Roar|p2a: Vaporeon|[from]Sleep Talk
|drag|p2a: Hippowdon|Hippowdon, F|342\/420
|-damage|p2a: Hippowdon|316\/420|[from] Stealth Rock
|
|-heal|p1a: Blue in Green|353\/404 slp|[from] item: Leftovers
|-heal|p2a: Hippowdon|342\/420|[from] item: Leftovers
|turn|68
|
|cant|p1a: Blue in Green|slp
|move|p1a: Blue in Green|Sleep Talk|p1a: Blue in Green
|move|p1a: Blue in Green|Rest|p1a: Blue in Green|[from]Sleep Talk
|-fail|p1a: Blue in Green
|move|p2a: Hippowdon|Stealth Rock|p1a: Blue in Green
|-sidestart|p1: oh no oh no|move: Stealth Rock
|
|-heal|p1a: Blue in Green|378\/404 slp|[from] item: Leftovers
|-heal|p2a: Hippowdon|368\/420|[from] item: Leftovers
|turn|69
|
|switch|p1a: My Foolish Heart|Blissey, F|493\/657
|-damage|p1a: My Foolish Heart|329\/657|[from] Spikes
|-damage|p1a: My Foolish Heart|247\/657|[from] Stealth Rock
|switch|p2a: Vaporeon|Vaporeon, F|379\/451
|-damage|p2a: Vaporeon|323\/451|[from] Stealth Rock
|
|-heal|p2a: Vaporeon|351\/451|[from] item: Leftovers
|-heal|p1a: My Foolish Heart|288\/657|[from] item: Leftovers
|turn|70
|
|move|p2a: Vaporeon|Scald|p1a: My Foolish Heart
|-damage|p1a: My Foolish Heart|224\/657
|-status|p1a: My Foolish Heart|brn
|move|p1a: My Foolish Heart|Wish|p1a: My Foolish Heart
|
|-heal|p2a: Vaporeon|379\/451|[from] item: Leftovers
|-heal|p1a: My Foolish Heart|265\/657 brn|[from] item: Leftovers
|-damage|p1a: My Foolish Heart|183\/657 brn|[from] brn
|turn|71
|
|move|p1a: My Foolish Heart|Toxic|p2a: Vaporeon
|-status|p2a: Vaporeon|tox
|move|p2a: Vaporeon|Roar|p1a: My Foolish Heart
|drag|p1a: Nardis|Weezing, F|74\/333 brn
|-damage|p1a: Nardis|33\/333 brn|[from] Stealth Rock
|
|-heal|p1a: Nardis|333\/333 brn|[from] move: Wish|[wisher] My Foolish Heart
|-heal|p2a: Vaporeon|407\/451 tox|[from] item: Leftovers
|-damage|p2a: Vaporeon|379\/451 tox|[from] psn
|-damage|p1a: Nardis|292\/333 brn|[from] brn
|turn|72
|
|move|p2a: Vaporeon|Scald|p1a: Nardis
|-damage|p1a: Nardis|163\/333 brn
|move|p1a: Nardis|Toxic Spikes|p2a: Vaporeon
|-sidestart|p2: SketchyEcchi|move: Toxic Spikes
|
|-heal|p2a: Vaporeon|407\/451 tox|[from] item: Leftovers
|-heal|p1a: Nardis|183\/333 brn|[from] item: Leftovers
|-damage|p2a: Vaporeon|351\/451 tox|[from] psn
|-damage|p1a: Nardis|142\/333 brn|[from] brn
|turn|73
|
|move|p2a: Vaporeon|Protect|p2a: Vaporeon
|-singleturn|p2a: Vaporeon|Protect
|move|p1a: Nardis|Pain Split|p2a: Vaporeon
|-activate|p2a: Vaporeon|Protect
|
|-heal|p2a: Vaporeon|379\/451 tox|[from] item: Leftovers
|-heal|p1a: Nardis|162\/333 brn|[from] item: Leftovers
|-damage|p2a: Vaporeon|295\/451 tox|[from] psn
|-damage|p1a: Nardis|121\/333 brn|[from] brn
|turn|74
|
|move|p2a: Vaporeon|Scald|p1a: Nardis
|-damage|p1a: Nardis|0 fnt
|faint|p1a: Nardis
|
|-heal|p2a: Vaporeon|323\/451 tox|[from] item: Leftovers
|-damage|p2a: Vaporeon|211\/451 tox|[from] psn
|
|switch|p1a: Lush Life|Celebi|403\/403
|-damage|p1a: Lush Life|303\/403|[from] Spikes
|-damage|p1a: Lush Life|253\/403|[from] Stealth Rock
|turn|75
|
|switch|p1a: Bitches Brew|Spiritomb, F|304\/304 slp
|-damage|p1a: Bitches Brew|228\/304 slp|[from] Spikes
|-damage|p1a: Bitches Brew|190\/304 slp|[from] Stealth Rock
|switch|p2a: Roserade|Roserade, M|250\/324
|-sideend|p2: SketchyEcchi|move: Toxic Spikes|[of] p2a: Roserade
|-damage|p2a: Roserade|210\/324|[from] Stealth Rock
|
|-heal|p2a: Roserade|230\/324|[from] item: Black Sludge
|-heal|p1a: Bitches Brew|209\/304 slp|[from] item: Leftovers
|turn|76
|-message|oh no oh no forfeited.
|
|win|SketchyEcchi
|raw|Ladder updating...
|leave|oh no oh no