|join|i wish i had hoes
|join|oh no oh no
|player|p1|i wish i had hoes|293
|player|p2|oh no oh no|157
|gametype|singles
|gen|6
|tier|UU
|rated
|rule|Sleep Clause Mod: Limit one foe put to sleep
|rule|Species Clause: Limit one of each PokÃ©mon
|rule|OHKO Clause: OHKO moves are banned
|rule|Moody Clause: Moody is banned
|rule|Evasion Moves Clause: Evasion moves are banned
|rule|Endless Battle Clause: Forcing endless battles is banned
|rule|HP Percentage Mod: HP is shown in percentages
|clearpoke
|poke|p1|Zygarde
|poke|p1|Ampharos, M
|poke|p1|Uxie
|poke|p1|Jirachi
|poke|p1|Suicune
|poke|p1|Gligar, F
|poke|p2|Weezing, M
|poke|p2|Forretress, M
|poke|p2|Suicune
|poke|p2|Celebi
|poke|p2|Blissey, F
|poke|p2|Spiritomb, F
|rule|Swagger Clause: Swagger is banned
|rule|Baton Pass Clause: Limit one PokÃ©mon knowing Baton Pass
|teampreview
|
|start
|switch|p1a: Dont use dark|Uxie|354\/354
|switch|p2a: Lush Life|Celebi|403\/403
|turn|1
|
|move|p2a: Lush Life|Stealth Rock|p1a: Dont use dark
|-sidestart|p1: i wish i had hoes|move: Stealth Rock
|move|p1a: Dont use dark|Knock Off|p2a: Lush Life
|-supereffective|p2a: Lush Life
|-damage|p2a: Lush Life|293\/403
|-enditem|p2a: Lush Life|Leftovers|[from] move: Knock Off|[of] p1a: Dont use dark
|
|turn|2
|
|move|p2a: Lush Life|Recover|p2a: Lush Life
|-heal|p2a: Lush Life|403\/403
|move|p1a: Dont use dark|U-turn|p2a: Lush Life
|-supereffective|p2a: Lush Life
|-damage|p2a: Lush Life|255\/403
|c|âi wish i had hoes|oh hey bud
|
|switch|p1a: Lmao I'm cancer|Jirachi|342\/342
|-damage|p1a: Lmao I'm cancer|321\/342|[from] Stealth Rock
|
|turn|3
|c|âoh no oh no|hey
|c|âi wish i had hoes|still on the climb eh?
|c|âoh no oh no|yeah
|c|âi wish i had hoes|i wont give u an easy win have fun!
|
|switch|p2a: Nardis|Weezing, M|333\/333
|move|p1a: Lmao I'm cancer|U-turn|p2a: Nardis
|-resisted|p2a: Nardis
|-damage|p2a: Nardis|309\/333
|c|âoh no oh no|i know ):
|
|switch|p1a: Dont use dark|Uxie|354\/354
|-damage|p1a: Dont use dark|310\/354|[from] Stealth Rock
|
|-heal|p1a: Dont use dark|332\/354|[from] item: Leftovers
|-heal|p2a: Nardis|329\/333|[from] item: Black Sludge
|turn|4
|
|move|p1a: Dont use dark|Knock Off|p2a: Nardis
|-damage|p2a: Nardis|294\/333
|-enditem|p2a: Nardis|Black Sludge|[from] move: Knock Off|[of] p1a: Dont use dark
|move|p2a: Nardis|Will-O-Wisp|p1a: Dont use dark
|-status|p1a: Dont use dark|brn
|
|-heal|p1a: Dont use dark|354\/354 brn|[from] item: Leftovers
|-damage|p1a: Dont use dark|310\/354 brn|[from] brn
|turn|5
|
|move|p1a: Dont use dark|Stealth Rock|p2a: Nardis
|-sidestart|p2: oh no oh no|move: Stealth Rock
|move|p2a: Nardis|Toxic Spikes|p1a: Dont use dark
|-sidestart|p1: i wish i had hoes|move: Toxic Spikes
|
|-heal|p1a: Dont use dark|332\/354 brn|[from] item: Leftovers
|-damage|p1a: Dont use dark|288\/354 brn|[from] brn
|turn|6
|
|move|p1a: Dont use dark|Thunder Wave|p2a: Nardis
|-status|p2a: Nardis|par
|cant|p2a: Nardis|par
|
|-heal|p1a: Dont use dark|310\/354 brn|[from] item: Leftovers
|-damage|p1a: Dont use dark|266\/354 brn|[from] brn
|turn|7
|
|move|p1a: Dont use dark|U-turn|p2a: Nardis
|-resisted|p2a: Nardis
|-damage|p2a: Nardis|287\/333 par
|
|switch|p1a: Guess what i eat|Gligar, F|333\/333
|-damage|p1a: Guess what i eat|292\/333|[from] Stealth Rock
|move|p2a: Nardis|Toxic Spikes|p1a: Guess what i eat
|-sidestart|p1: i wish i had hoes|move: Toxic Spikes
|
|turn|8
|
|move|p1a: Guess what i eat|Defog|p2a: Nardis
|-unboost|p2a: Nardis|evasion|1
|-sideend|p2: oh no oh no|Stealth Rock|[from] move: Defog|[of] p2a: Nardis
|-sideend|p1: i wish i had hoes|Toxic Spikes|[from] move: Defog|[of] p1a: Guess what i eat
|-sideend|p1: i wish i had hoes|Stealth Rock|[from] move: Defog|[of] p1a: Guess what i eat
|move|p2a: Nardis|Will-O-Wisp|p1a: Guess what i eat|[miss]
|-miss|p2a: Nardis|p1a: Guess what i eat
|
|turn|9
|
|move|p1a: Guess what i eat|U-turn|p2a: Nardis
|-resisted|p2a: Nardis
|-damage|p2a: Nardis|273\/333 par
|
|switch|p1a: My hair tho|Ampharos, M|350\/350
|move|p2a: Nardis|Toxic Spikes|p1a: My hair tho
|-sidestart|p1: i wish i had hoes|move: Toxic Spikes
|
|turn|10
|
|switch|p2a: Lush Life|Celebi|255\/403
|detailschange|p1a: My hair tho|Ampharos-Mega, M
|-mega|p1a: My hair tho|Ampharos|Ampharosite
|-ability|p1a: My hair tho|Mold Breaker
|move|p1a: My hair tho|Volt Switch|p2a: Lush Life
|-resisted|p2a: Lush Life
|-damage|p2a: Lush Life|195\/403
|
|switch|p1a: Lmao I'm cancer|Jirachi|321\/342
|
|turn|11
|
|switch|p2a: Nardis|Weezing, M|273\/333 par
|move|p1a: Lmao I'm cancer|U-turn|p2a: Nardis
|-resisted|p2a: Nardis
|-damage|p2a: Nardis|251\/333 par
|
|switch|p1a: Guess what i eat|Gligar, F|292\/333
|
|turn|12
|
|move|p1a: Guess what i eat|Defog|p2a: Nardis
|-unboost|p2a: Nardis|evasion|1
|-sideend|p1: i wish i had hoes|Toxic Spikes|[from] move: Defog|[of] p1a: Guess what i eat
|cant|p2a: Nardis|par
|
|turn|13
|
|move|p1a: Guess what i eat|U-turn|p2a: Nardis
|-resisted|p2a: Nardis
|-damage|p2a: Nardis|237\/333 par
|c|âi wish i had hoes|im sorry man
|
|switch|p1a: My hair tho|Ampharos-Mega, M|350\/350
|-ability|p1a: My hair tho|Mold Breaker
|cant|p2a: Nardis|par
|
|turn|14
|c|âoh no oh no|it's k
|
|switch|p2a: My Foolish Heart|Blissey, F|657\/657
|move|p1a: My hair tho|Volt Switch|p2a: My Foolish Heart
|-damage|p2a: My Foolish Heart|557\/657
|c|âi wish i had hoes|honestly id be pissed
|c|âoh no oh no|nah
|
|switch|p1a: High Guard|Zygarde|404\/404
|-ability|p1a: High Guard|Aura Break
|
|-heal|p2a: My Foolish Heart|598\/657|[from] item: Leftovers
|turn|15
|c|âoh no oh no|these things happen
|
|switch|p2a: Bitches Brew|Spiritomb, F|304\/304
|move|p1a: High Guard|Coil|p1a: High Guard
|-boost|p1a: High Guard|atk|1
|-boost|p1a: High Guard|def|1
|-boost|p1a: High Guard|accuracy|1
|
|turn|16
|
|switch|p1a: Dont use dark|Uxie|266\/354 brn
|move|p2a: Bitches Brew|Will-O-Wisp|p1a: Dont use dark
|-fail|p1a: Dont use dark|brn
|
|-heal|p1a: Dont use dark|288\/354 brn|[from] item: Leftovers
|-damage|p1a: Dont use dark|244\/354 brn|[from] brn
|turn|17
|
|switch|p2a: Nardis|Weezing, M|237\/333 par
|move|p1a: Dont use dark|Stealth Rock|p2a: Nardis
|-sidestart|p2: oh no oh no|move: Stealth Rock
|
|-heal|p1a: Dont use dark|266\/354 brn|[from] item: Leftovers
|-damage|p1a: Dont use dark|222\/354 brn|[from] brn
|turn|18
|
|switch|p1a: My hair tho|Ampharos-Mega, M|350\/350
|-ability|p1a: My hair tho|Mold Breaker
|cant|p2a: Nardis|par
|
|turn|19
|
|switch|p2a: My Foolish Heart|Blissey, F|598\/657
|-damage|p2a: My Foolish Heart|516\/657|[from] Stealth Rock
|move|p1a: My hair tho|Volt Switch|p2a: My Foolish Heart
|-damage|p2a: My Foolish Heart|407\/657
|
|switch|p1a: High Guard|Zygarde|404\/404
|-ability|p1a: High Guard|Aura Break
|
|-heal|p2a: My Foolish Heart|448\/657|[from] item: Leftovers
|turn|20
|
|switch|p2a: Bitches Brew|Spiritomb, F|304\/304
|-damage|p2a: Bitches Brew|266\/304|[from] Stealth Rock
|move|p1a: High Guard|Dragon Tail|p2a: Bitches Brew
|-damage|p2a: Bitches Brew|203\/304
|drag|p2a: Blue in Green|Suicune|404\/404
|-damage|p2a: Blue in Green|354\/404|[from] Stealth Rock
|-ability|p2a: Blue in Green|Pressure
|
|-heal|p2a: Blue in Green|379\/404|[from] item: Leftovers
|turn|21
|
|switch|p1a: My hair tho|Ampharos-Mega, M|350\/350
|-ability|p1a: My hair tho|Mold Breaker
|move|p2a: Blue in Green|Scald|p1a: My hair tho
|-resisted|p1a: My hair tho
|-damage|p1a: My hair tho|313\/350
|-status|p1a: My hair tho|brn
|
|-heal|p2a: Blue in Green|404\/404|[from] item: Leftovers
|-damage|p1a: My hair tho|270\/350 brn|[from] brn
|turn|22
|
|switch|p2a: My Foolish Heart|Blissey, F|448\/657
|-damage|p2a: My Foolish Heart|366\/657|[from] Stealth Rock
|move|p1a: My hair tho|Volt Switch|p2a: My Foolish Heart
|-damage|p2a: My Foolish Heart|263\/657
|
|switch|p1a: High Guard|Zygarde|404\/404
|-ability|p1a: High Guard|Aura Break
|
|-heal|p2a: My Foolish Heart|304\/657|[from] item: Leftovers
|turn|23
|
|move|p1a: High Guard|Earthquake|p2a: My Foolish Heart
|-damage|p2a: My Foolish Heart|93\/657
|move|p2a: My Foolish Heart|Wish|p2a: My Foolish Heart
|
|-heal|p2a: My Foolish Heart|134\/657|[from] item: Leftovers
|turn|24
|
|move|p2a: My Foolish Heart|Protect|p2a: My Foolish Heart
|-singleturn|p2a: My Foolish Heart|Protect
|move|p1a: High Guard|Dragon Tail|p2a: My Foolish Heart
|-activate|p2a: My Foolish Heart|Protect
|
|-heal|p2a: My Foolish Heart|462\/657|[from] move: Wish|[wisher] My Foolish Heart
|-heal|p2a: My Foolish Heart|503\/657|[from] item: Leftovers
|turn|25
|
|move|p1a: High Guard|Coil|p1a: High Guard
|-boost|p1a: High Guard|atk|1
|-boost|p1a: High Guard|def|1
|-boost|p1a: High Guard|accuracy|1
|move|p2a: My Foolish Heart|Toxic|p1a: High Guard
|-status|p1a: High Guard|tox
|
|-heal|p2a: My Foolish Heart|544\/657|[from] item: Leftovers
|-damage|p1a: High Guard|379\/404 tox|[from] psn
|turn|26
|
|switch|p2a: Body and Soul|Forretress, M|354\/354
|-damage|p2a: Body and Soul|310\/354|[from] Stealth Rock
|move|p1a: High Guard|Coil|p1a: High Guard
|-boost|p1a: High Guard|atk|1
|-boost|p1a: High Guard|def|1
|-boost|p1a: High Guard|accuracy|1
|
|-heal|p1a: High Guard|404\/404 tox|[from] item: Leftovers
|-heal|p2a: Body and Soul|332\/354|[from] item: Leftovers
|-damage|p1a: High Guard|354\/404 tox|[from] psn
|turn|27
|
|move|p1a: High Guard|Earthquake|p2a: Body and Soul
|-damage|p2a: Body and Soul|197\/354
|move|p2a: Body and Soul|Spikes|p1a: High Guard
|-sidestart|p1: i wish i had hoes|Spikes
|
|-heal|p1a: High Guard|379\/404 tox|[from] item: Leftovers
|-heal|p2a: Body and Soul|219\/354|[from] item: Leftovers
|-damage|p1a: High Guard|304\/404 tox|[from] psn
|turn|28
|
|switch|p1a: My hair tho|Ampharos-Mega, M|270\/350 brn
|-damage|p1a: My hair tho|227\/350 brn|[from] Spikes
|-ability|p1a: My hair tho|Mold Breaker
|move|p2a: Body and Soul|Rapid Spin|p1a: My hair tho
|-damage|p1a: My hair tho|213\/350 brn
|-sideend|p2: oh no oh no|Stealth Rock|[from] move: Rapid Spin|[of] p2a: Body and Soul
|
|-heal|p2a: Body and Soul|241\/354|[from] item: Leftovers
|-damage|p1a: My hair tho|170\/350 brn|[from] brn
|turn|29
|
|switch|p2a: My Foolish Heart|Blissey, F|544\/657
|move|p1a: My hair tho|Heal Bell|p1a: My hair tho
|-cureteam|p1a: My hair tho|[from] move: HealBell
|
|-heal|p2a: My Foolish Heart|585\/657|[from] item: Leftovers
|turn|30
|
|move|p1a: My hair tho|Volt Switch|p2a: My Foolish Heart
|-damage|p2a: My Foolish Heart|480\/657
|
|switch|p1a: High Guard|Zygarde|304\/404
|-damage|p1a: High Guard|254\/404|[from] Spikes
|-ability|p1a: High Guard|Aura Break
|move|p2a: My Foolish Heart|Seismic Toss|p1a: High Guard
|-damage|p1a: High Guard|154\/404
|
|-heal|p1a: High Guard|179\/404|[from] item: Leftovers
|-heal|p2a: My Foolish Heart|521\/657|[from] item: Leftovers
|turn|31
|
|move|p1a: High Guard|Substitute|p1a: High Guard
|-start|p1a: High Guard|Substitute
|-damage|p1a: High Guard|78\/404
|move|p2a: My Foolish Heart|Toxic|p1a: High Guard|[miss]
|-miss|p2a: My Foolish Heart|p1a: High Guard
|
|-heal|p1a: High Guard|103\/404|[from] item: Leftovers
|-heal|p2a: My Foolish Heart|562\/657|[from] item: Leftovers
|turn|32
|
|switch|p2a: Bitches Brew|Spiritomb, F|203\/304
|move|p1a: High Guard|Coil|p1a: High Guard
|-boost|p1a: High Guard|atk|1
|-boost|p1a: High Guard|def|1
|-boost|p1a: High Guard|accuracy|1
|
|-heal|p1a: High Guard|128\/404|[from] item: Leftovers
|-heal|p2a: Bitches Brew|222\/304|[from] item: Leftovers
|turn|33
|
|move|p1a: High Guard|Earthquake|p2a: Bitches Brew
|-damage|p2a: Bitches Brew|66\/304
|move|p2a: Bitches Brew|Will-O-Wisp|p1a: High Guard
|-status|p1a: High Guard|brn
|
|-heal|p1a: High Guard|153\/404 brn|[from] item: Leftovers
|-heal|p2a: Bitches Brew|85\/304|[from] item: Leftovers
|-damage|p1a: High Guard|103\/404 brn|[from] brn
|turn|34
|
|move|p1a: High Guard|Earthquake|p2a: Bitches Brew
|-damage|p2a: Bitches Brew|0 fnt
|faint|p2a: Bitches Brew
|
|-heal|p1a: High Guard|128\/404 brn|[from] item: Leftovers
|-damage|p1a: High Guard|78\/404 brn|[from] brn
|c|âi wish i had hoes|brbb
|c|âoh no oh no|kk
|
|switch|p2a: Body and Soul|Forretress, M|241\/354
|turn|35
|
|switch|p1a: Guess what i eat|Gligar, F|292\/333
|move|p2a: Body and Soul|Spikes|p1a: Guess what i eat
|-sidestart|p1: i wish i had hoes|Spikes
|
|-heal|p2a: Body and Soul|263\/354|[from] item: Leftovers
|turn|36
|
|move|p1a: Guess what i eat|Defog|p2a: Body and Soul
|-unboost|p2a: Body and Soul|evasion|1
|-sideend|p1: i wish i had hoes|Spikes|[from] move: Defog|[of] p1a: Guess what i eat
|move|p2a: Body and Soul|Toxic|p1a: Guess what i eat
|-status|p1a: Guess what i eat|tox
|
|-heal|p2a: Body and Soul|285\/354|[from] item: Leftovers
|-damage|p1a: Guess what i eat|272\/333 tox|[from] psn
|turn|37
|
|move|p1a: Guess what i eat|U-turn|p2a: Body and Soul
|-resisted|p2a: Body and Soul
|-damage|p2a: Body and Soul|273\/354
|
|switch|p1a: My hair tho|Ampharos-Mega, M|170\/350
|-ability|p1a: My hair tho|Mold Breaker
|move|p2a: Body and Soul|Spikes|p1a: My hair tho
|-sidestart|p1: i wish i had hoes|Spikes
|
|-heal|p2a: Body and Soul|295\/354|[from] item: Leftovers
|turn|38
|
|move|p1a: My hair tho|Volt Switch|p2a: Body and Soul
|-damage|p2a: Body and Soul|37\/354
|
|switch|p1a: Guess what i eat|Gligar, F|272\/333 tox
|move|p2a: Body and Soul|Toxic|p1a: Guess what i eat
|-fail|p1a: Guess what i eat|tox
|
|-heal|p2a: Body and Soul|59\/354|[from] item: Leftovers
|-damage|p1a: Guess what i eat|252\/333 tox|[from] psn
|turn|39
|
|switch|p2a: My Foolish Heart|Blissey, F|562\/657
|move|p1a: Guess what i eat|Earthquake|p2a: My Foolish Heart
|-damage|p2a: My Foolish Heart|382\/657
|
|-heal|p2a: My Foolish Heart|423\/657|[from] item: Leftovers
|-damage|p1a: Guess what i eat|212\/333 tox|[from] psn
|turn|40
|
|move|p1a: Guess what i eat|Defog|p2a: My Foolish Heart
|-unboost|p2a: My Foolish Heart|evasion|1
|-sideend|p1: i wish i had hoes|Spikes|[from] move: Defog|[of] p1a: Guess what i eat
|move|p2a: My Foolish Heart|Wish|p2a: My Foolish Heart
|
|-heal|p2a: My Foolish Heart|464\/657|[from] item: Leftovers
|-damage|p1a: Guess what i eat|152\/333 tox|[from] psn
|turn|41
|
|switch|p1a: My hair tho|Ampharos-Mega, M|170\/350
|-ability|p1a: My hair tho|Mold Breaker
|switch|p2a: Body and Soul|Forretress, M|59\/354
|
|-heal|p2a: Body and Soul|354\/354|[from] move: Wish|[wisher] My Foolish Heart
|turn|42
|leave|oh no oh no
|player|p2
|c|âi wish i had hoes|um
|join|oh no oh no
|c|âi wish i had hoes|k
|c|âoh no oh no|dc soz
|player|p2|oh no oh no|157
|c|âi wish i had hoes|its cool
|
|switch|p2a: My Foolish Heart|Blissey, F|464\/657
|move|p1a: My hair tho|Volt Switch|p2a: My Foolish Heart
|-damage|p2a: My Foolish Heart|347\/657
|
|switch|p1a: Lmao I'm cancer|Jirachi|321\/342
|
|-heal|p2a: My Foolish Heart|388\/657|[from] item: Leftovers
|turn|43
|
|move|p2a: My Foolish Heart|Protect|p2a: My Foolish Heart
|-singleturn|p2a: My Foolish Heart|Protect
|move|p1a: Lmao I'm cancer|Zen Headbutt|p2a: My Foolish Heart
|-activate|p2a: My Foolish Heart|Protect
|
|-heal|p2a: My Foolish Heart|429\/657|[from] item: Leftovers
|turn|44
|join|THE iTodd
|
|switch|p1a: Dont use dark|Uxie|222\/354
|switch|p2a: Lush Life|Celebi|195\/403
|
|-heal|p1a: Dont use dark|244\/354|[from] item: Leftovers
|turn|45
|c| THE iTodd|i thought rachi was kill
|c|âi wish i had hoes|nah
|
|move|p2a: Lush Life|Stealth Rock|p1a: Dont use dark
|-sidestart|p1: i wish i had hoes|move: Stealth Rock
|move|p1a: Dont use dark|U-turn|p2a: Lush Life
|-supereffective|p2a: Lush Life
|-damage|p2a: Lush Life|31\/403
|
|switch|p1a: Lmao I'm cancer|Jirachi|321\/342
|-damage|p1a: Lmao I'm cancer|300\/342|[from] Stealth Rock
|
|turn|46
|
|switch|p2a: Blue in Green|Suicune|404\/404
|-ability|p2a: Blue in Green|Pressure
|move|p1a: Lmao I'm cancer|U-turn|p2a: Blue in Green
|-damage|p2a: Blue in Green|361\/404
|
|switch|p1a: Dont use dark|Uxie|244\/354
|-damage|p1a: Dont use dark|200\/354|[from] Stealth Rock
|
|-heal|p1a: Dont use dark|222\/354|[from] item: Leftovers
|-heal|p2a: Blue in Green|386\/404|[from] item: Leftovers
|turn|47
|
|switch|p2a: Nardis|Weezing, M|237\/333 par
|move|p1a: Dont use dark|Thunder Wave|p2a: Nardis
|-fail|p2a: Nardis|par
|
|-heal|p1a: Dont use dark|244\/354|[from] item: Leftovers
|turn|48
|
|move|p1a: Dont use dark|Stealth Rock|p2a: Nardis
|-sidestart|p2: oh no oh no|move: Stealth Rock
|move|p2a: Nardis|Will-O-Wisp|p1a: Dont use dark
|-status|p1a: Dont use dark|brn
|
|-heal|p1a: Dont use dark|266\/354 brn|[from] item: Leftovers
|-damage|p1a: Dont use dark|222\/354 brn|[from] brn
|turn|49
|
|switch|p1a: Suicunenite|Suicune|356\/356
|-damage|p1a: Suicunenite|312\/356|[from] Stealth Rock
|-ability|p1a: Suicunenite|Pressure
|move|p2a: Nardis|Toxic Spikes|p1a: Suicunenite
|-sidestart|p1: i wish i had hoes|move: Toxic Spikes
|
|-heal|p1a: Suicunenite|334\/356|[from] item: Leftovers
|turn|50
|join|waiv
|leave|waiv
|
|switch|p2a: Blue in Green|Suicune|386\/404
|-damage|p2a: Blue in Green|336\/404|[from] Stealth Rock
|-ability|p2a: Blue in Green|Pressure
|move|p1a: Suicunenite|Substitute|p1a: Suicunenite
|-start|p1a: Suicunenite|Substitute
|-damage|p1a: Suicunenite|245\/356
|
|-heal|p1a: Suicunenite|267\/356|[from] item: Leftovers
|-heal|p2a: Blue in Green|361\/404|[from] item: Leftovers
|turn|51
|
|move|p1a: Suicunenite|Scald|p2a: Blue in Green
|-resisted|p2a: Blue in Green
|-damage|p2a: Blue in Green|307\/404
|-status|p2a: Blue in Green|brn
|move|p2a: Blue in Green|Roar|p1a: Suicunenite
|drag|p1a: Lmao I'm cancer|Jirachi|300\/342
|-damage|p1a: Lmao I'm cancer|279\/342|[from] Stealth Rock
|
|-heal|p2a: Blue in Green|332\/404 brn|[from] item: Leftovers
|-damage|p2a: Blue in Green|282\/404 brn|[from] brn
|turn|52
|
|switch|p2a: Nardis|Weezing, M|237\/333 par
|-damage|p2a: Nardis|196\/333 par|[from] Stealth Rock
|move|p1a: Lmao I'm cancer|U-turn|p2a: Nardis
|-resisted|p2a: Nardis
|-damage|p2a: Nardis|174\/333 par
|
|switch|p1a: Guess what i eat|Gligar, F|152\/333 tox
|-damage|p1a: Guess what i eat|111\/333 tox|[from] Stealth Rock
|
|-damage|p1a: Guess what i eat|91\/333 tox|[from] psn
|turn|53
|
|move|p1a: Guess what i eat|Defog|p2a: Nardis
|-unboost|p2a: Nardis|evasion|1
|-sideend|p2: oh no oh no|Stealth Rock|[from] move: Defog|[of] p2a: Nardis
|-sideend|p1: i wish i had hoes|Toxic Spikes|[from] move: Defog|[of] p1a: Guess what i eat
|-sideend|p1: i wish i had hoes|Stealth Rock|[from] move: Defog|[of] p1a: Guess what i eat
|cant|p2a: Nardis|par
|
|-damage|p1a: Guess what i eat|51\/333 tox|[from] psn
|turn|54
|
|move|p1a: Guess what i eat|Roost|p1a: Guess what i eat
|-heal|p1a: Guess what i eat|218\/333 tox
|move|p2a: Nardis|Will-O-Wisp|p1a: Guess what i eat
|-fail|p1a: Guess what i eat
|
|-damage|p1a: Guess what i eat|158\/333 tox|[from] psn
|turn|55
|
|move|p1a: Guess what i eat|U-turn|p2a: Nardis
|-resisted|p2a: Nardis
|-damage|p2a: Nardis|161\/333 par
|
|switch|p1a: Lmao I'm cancer|Jirachi|279\/342
|move|p2a: Nardis|Toxic Spikes|p1a: Lmao I'm cancer
|-sidestart|p1: i wish i had hoes|move: Toxic Spikes
|
|turn|56
|
|switch|p2a: Body and Soul|Forretress, M|354\/354
|move|p1a: Lmao I'm cancer|Zen Headbutt|p2a: Body and Soul
|-crit|p2a: Body and Soul
|-resisted|p2a: Body and Soul
|-damage|p2a: Body and Soul|306\/354
|
|-heal|p2a: Body and Soul|328\/354|[from] item: Leftovers
|turn|57
|
|switch|p1a: Guess what i eat|Gligar, F|158\/333 tox
|move|p2a: Body and Soul|Spikes|p1a: Guess what i eat
|-sidestart|p1: i wish i had hoes|Spikes
|
|-heal|p2a: Body and Soul|350\/354|[from] item: Leftovers
|-damage|p1a: Guess what i eat|138\/333 tox|[from] psn
|turn|58
|
|switch|p2a: Lush Life|Celebi|31\/403
|move|p1a: Guess what i eat|Roost|p1a: Guess what i eat
|-heal|p1a: Guess what i eat|305\/333 tox
|
|-damage|p1a: Guess what i eat|265\/333 tox|[from] psn
|turn|59
|
|move|p2a: Lush Life|Recover|p2a: Lush Life
|-heal|p2a: Lush Life|233\/403
|move|p1a: Guess what i eat|U-turn|p2a: Lush Life
|-supereffective|p2a: Lush Life
|-damage|p2a: Lush Life|41\/403
|
|switch|p1a: Lmao I'm cancer|Jirachi|279\/342
|-damage|p1a: Lmao I'm cancer|237\/342|[from] Spikes
|
|turn|60
|
|switch|p2a: Blue in Green|Suicune|282\/404 brn
|-ability|p2a: Blue in Green|Pressure
|move|p1a: Lmao I'm cancer|U-turn|p2a: Blue in Green
|-damage|p2a: Blue in Green|235\/404 brn
|
|switch|p1a: My hair tho|Ampharos-Mega, M|170\/350
|-status|p1a: My hair tho|psn
|-damage|p1a: My hair tho|127\/350 psn|[from] Spikes
|-ability|p1a: My hair tho|Mold Breaker
|
|-heal|p2a: Blue in Green|260\/404 brn|[from] item: Leftovers
|-damage|p2a: Blue in Green|210\/404 brn|[from] brn
|-damage|p1a: My hair tho|84\/350 psn|[from] psn
|turn|61
|
|switch|p2a: My Foolish Heart|Blissey, F|429\/657
|move|p1a: My hair tho|Volt Switch|p2a: My Foolish Heart
|-damage|p2a: My Foolish Heart|329\/657
|join|LessThanThreeMan
|
|switch|p1a: Lmao I'm cancer|Jirachi|237\/342
|-damage|p1a: Lmao I'm cancer|195\/342|[from] Spikes
|
|-heal|p2a: My Foolish Heart|370\/657|[from] item: Leftovers
|turn|62
|
|switch|p1a: Guess what i eat|Gligar, F|265\/333 tox
|move|p2a: My Foolish Heart|Protect|p2a: My Foolish Heart
|-fail|p2a: My Foolish Heart
|
|-heal|p2a: My Foolish Heart|411\/657|[from] item: Leftovers
|-damage|p1a: Guess what i eat|245\/333 tox|[from] psn
|turn|63
|join|Based 4chan
|
|move|p1a: Guess what i eat|Defog|p2a: My Foolish Heart
|-unboost|p2a: My Foolish Heart|evasion|1
|-sideend|p1: i wish i had hoes|Spikes|[from] move: Defog|[of] p1a: Guess what i eat
|-sideend|p1: i wish i had hoes|Toxic Spikes|[from] move: Defog|[of] p1a: Guess what i eat
|move|p2a: My Foolish Heart|Seismic Toss|p1a: Guess what i eat
|-damage|p1a: Guess what i eat|145\/333 tox
|
|-heal|p2a: My Foolish Heart|452\/657|[from] item: Leftovers
|-damage|p1a: Guess what i eat|105\/333 tox|[from] psn
|turn|64
|
|switch|p1a: Lmao I'm cancer|Jirachi|195\/342
|move|p2a: My Foolish Heart|Seismic Toss|p1a: Lmao I'm cancer
|-damage|p1a: Lmao I'm cancer|95\/342
|
|-heal|p2a: My Foolish Heart|493\/657|[from] item: Leftovers
|turn|65
|c| Based 4chan|lmao i'm banned
|c| Based 4chan|is a better name
|c| Based 4chan|imo
|c|âi wish i had hoes|n
|
|move|p1a: Lmao I'm cancer|Healing Wish|p1a: Lmao I'm cancer
|faint|p1a: Lmao I'm cancer
|move|p2a: My Foolish Heart|Wish|p2a: My Foolish Heart
|
|-heal|p2a: My Foolish Heart|534\/657|[from] item: Leftovers
|c|âi wish i had hoes|cancer is best name
|c| LessThanThreeMan|its not banned tho
|
|switch|p1a: High Guard|Zygarde|78\/404 brn
|-heal|p1a: High Guard|404\/404|[from] move: Healing Wish
|-ability|p1a: High Guard|Aura Break
|turn|66
|c| Based 4chan|it's
|c| Based 4chan|banned
|c| Based 4chan|y
|c|âi wish i had hoes|no
|c| Based 4chan|y
|
|move|p1a: High Guard|Substitute|p1a: High Guard
|-start|p1a: High Guard|Substitute
|-damage|p1a: High Guard|303\/404
|move|p2a: My Foolish Heart|Toxic|p1a: High Guard
|
|-heal|p2a: My Foolish Heart|657\/657|[from] move: Wish|[wisher] My Foolish Heart
|-heal|p1a: High Guard|328\/404|[from] item: Leftovers
|turn|67
|
|switch|p2a: Blue in Green|Suicune|210\/404 brn
|-ability|p2a: Blue in Green|Pressure
|move|p1a: High Guard|Coil|p1a: High Guard
|-boost|p1a: High Guard|atk|1
|-boost|p1a: High Guard|def|1
|-boost|p1a: High Guard|accuracy|1
|
|-heal|p1a: High Guard|353\/404|[from] item: Leftovers
|-heal|p2a: Blue in Green|235\/404 brn|[from] item: Leftovers
|-damage|p2a: Blue in Green|185\/404 brn|[from] brn
|turn|68
|
|move|p2a: Blue in Green|Rest|p2a: Blue in Green
|-status|p2a: Blue in Green|slp
|-heal|p2a: Blue in Green|404\/404 slp|[silent]
|-status|p2a: Blue in Green|slp|[from] move: Rest
|move|p1a: High Guard|Dragon Tail|p2a: Blue in Green
|-crit|p2a: Blue in Green
|-damage|p2a: Blue in Green|299\/404 slp
|drag|p2a: Nardis|Weezing, M|161\/333 par
|
|-heal|p1a: High Guard|378\/404|[from] item: Leftovers
|turn|69
|c| Based 4chan|i'm rite
|c| Based 4chan|rite
|c| LessThanThreeMan|it didn't get the usage to rise
|
|switch|p2a: Blue in Green|Suicune|299\/404 slp
|-ability|p2a: Blue in Green|Pressure
|move|p1a: High Guard|Coil|p1a: High Guard
|-boost|p1a: High Guard|atk|1
|-boost|p1a: High Guard|def|1
|-boost|p1a: High Guard|accuracy|1
|
|-heal|p1a: High Guard|403\/404|[from] item: Leftovers
|-heal|p2a: Blue in Green|324\/404 slp|[from] item: Leftovers
|turn|70
|
|move|p1a: High Guard|Earthquake|p2a: Blue in Green
|-damage|p2a: Blue in Green|171\/404 slp
|cant|p2a: Blue in Green|slp
|move|p2a: Blue in Green|Sleep Talk|p2a: Blue in Green
|move|p2a: Blue in Green|Rest|p2a: Blue in Green|[from]Sleep Talk
|-fail|p2a: Blue in Green
|
|-heal|p1a: High Guard|404\/404|[from] item: Leftovers
|-heal|p2a: Blue in Green|196\/404 slp|[from] item: Leftovers
|turn|71
|c| LessThanThreeMan|and it isn't broken so it isn't going to get banned
|c| Based 4chan|yes
|c| Based 4chan|it is broken
|
|move|p1a: High Guard|Earthquake|p2a: Blue in Green
|-damage|p2a: Blue in Green|36\/404 slp
|cant|p2a: Blue in Green|slp
|move|p2a: Blue in Green|Sleep Talk|p2a: Blue in Green
|move|p2a: Blue in Green|Scald|p1a: High Guard|[from]Sleep Talk
|-activate|p1a: High Guard|Substitute|[damage]
|
|-heal|p2a: Blue in Green|61\/404 slp|[from] item: Leftovers
|turn|72
|c| Based 4chan|and yes it did get banned
|c| Based 4chan|and it did get usage to rise
|c| Based 4chan|it's not staying at all
|c| Based 4chan|do u even read smogon
|c| LessThanThreeMan|lmao ok
|c| Based 4chan|obv not
|
|switch|p2a: Body and Soul|Forretress, M|350\/354
|move|p1a: High Guard|Earthquake|p2a: Body and Soul
|-damage|p2a: Body and Soul|227\/354
|
|-heal|p2a: Body and Soul|249\/354|[from] item: Leftovers
|turn|73
|c|âi wish i had hoes|why the fuck is the rocker my avatar
|
|switch|p2a: Lush Life|Celebi|41\/403
|move|p1a: High Guard|Coil|p1a: High Guard
|-boost|p1a: High Guard|atk|1
|-boost|p1a: High Guard|def|1
|-boost|p1a: High Guard|accuracy|1
|
|turn|74
|c| LessThanThreeMan|idk lol
|
|move|p1a: High Guard|Earthquake|p2a: Lush Life
|-crit|p2a: Lush Life
|-resisted|p2a: Lush Life
|-damage|p2a: Lush Life|0 fnt
|faint|p2a: Lush Life
|
|
|switch|p2a: Body and Soul|Forretress, M|249\/354
|turn|75
|
|move|p1a: High Guard|Coil|p1a: High Guard
|-boost|p1a: High Guard|atk|1
|-boost|p1a: High Guard|def|1
|-boost|p1a: High Guard|accuracy|1
|move|p2a: Body and Soul|Gyro Ball|p1a: High Guard
|-activate|p1a: High Guard|Substitute|[damage]
|
|-heal|p2a: Body and Soul|271\/354|[from] item: Leftovers
|turn|76
|c|âi wish i had hoes|hi lessthan3man
|
|switch|p2a: Nardis|Weezing, M|161\/333 par
|move|p1a: High Guard|Coil|p1a: High Guard
|-boost|p1a: High Guard|atk|1
|-boost|p1a: High Guard|def|1
|-boost|p1a: High Guard|accuracy|1
|
|turn|77
|c|âi wish i had hoes|u r my hero
|c| LessThanThreeMan|hi
|c| LessThanThreeMan|ty
|c| Based 4chan|lessthan 3 man
|c| Based 4chan|is a nazi
|c| Based 4chan|and someoner
|
|move|p2a: Nardis|Pain Split|p1a: High Guard
|move|p1a: High Guard|Dragon Tail|p2a: Nardis
|-damage|p2a: Nardis|4\/333 par
|drag|p2a: My Foolish Heart|Blissey, F|657\/657
|
|turn|78
|c| Based 4chan|who aboos
|c| LessThanThreeMan|oh your that guy
|c| LessThanThreeMan|kek
|c| Based 4chan|kek
|c|âi wish i had hoes|yea hes corrupt
|
|move|p1a: High Guard|Earthquake|p2a: My Foolish Heart
|-damage|p2a: My Foolish Heart|0 fnt
|faint|p2a: My Foolish Heart
|
|c| Based 4chan|he takes
|c| Based 4chan|bribes
|
|switch|p2a: Blue in Green|Suicune|61\/404 slp
|-ability|p2a: Blue in Green|Pressure
|turn|79
|
|move|p1a: High Guard|Earthquake|p2a: Blue in Green
|-damage|p2a: Blue in Green|0 fnt
|faint|p2a: Blue in Green
|
|c| Based 4chan|oh no oh no
|
|switch|p2a: Body and Soul|Forretress, M|271\/354
|turn|80
|c| Based 4chan|u lose
|c| Based 4chan|2 stall
|c| Based 4chan|:^(
|
|move|p1a: High Guard|Earthquake|p2a: Body and Soul
|-damage|p2a: Body and Soul|22\/354
|move|p2a: Body and Soul|Gyro Ball|p1a: High Guard
|-end|p1a: High Guard|Substitute
|
|-heal|p2a: Body and Soul|44\/354|[from] item: Leftovers
|turn|81
|c|âoh no oh no|a bit
|c| Based 4chan|n
|c| Based 4chan|hoes is stalling
|c|âoh no oh no|mostly i lose to sub coil zygarde
|c| Based 4chan|like a champ
|
|move|p1a: High Guard|Earthquake|p2a: Body and Soul
|-damage|p2a: Body and Soul|0 fnt
|faint|p2a: Body and Soul
|
|c|âi wish i had hoes|this isnt a stall team
|c|âi wish i had hoes|wtf
|
|switch|p2a: Nardis|Weezing, M|4\/333 par
|turn|82
|c| Based 4chan|y
|c|âi wish i had hoes|lol
|c| LessThanThreeMan|good thing
|c| Based 4chan|it clearly is
|c|âi wish i had hoes|no it isnt
|c| Based 4chan|:^)
|c| LessThanThreeMan|zyg is leaving
|c| Based 4chan|zyg
|
|cant|p2a: Nardis|par
|move|p1a: High Guard|Dragon Tail|p2a: Nardis
|-damage|p2a: Nardis|0 fnt
|faint|p2a: Nardis
|
|win|i wish i had hoes
|raw|Ladder updating...
|c| Based 4chan|isn't leaving
|c| Based 4chan|kek
|raw|i wish i had hoes's rating: 1620 &rarr; <strong>1643<\/strong><br \/>(+23 for winning)
|raw|oh no oh no's rating: 1680 &rarr; <strong>1656<\/strong><br \/>(-24 for losing)
|c|âi wish i had hoes|gg bro
|c|âoh no oh no|gg
|c| LessThanThreeMan|you are such a shitty troll
|leave|Based 4chan
|c| LessThanThreeMan|lol
|leave|oh no oh no
|player|p2
|c| LessThanThreeMan|not even funny
|leave|LessThanThreeMan