|join|dont know why
|join|oh no oh no
|player|p1|dont know why|1
|player|p2|oh no oh no|1
|gametype|singles
|gen|6
|tier|UU
|rated
|rule|Sleep Clause Mod: Limit one foe put to sleep
|rule|Species Clause: Limit one of each PokÃ©mon
|rule|OHKO Clause: OHKO moves are banned
|rule|Moody Clause: Moody is banned
|rule|Evasion Moves Clause: Evasion moves are banned
|rule|Endless Battle Clause: Forcing endless battles is banned
|rule|HP Percentage Mod: HP is shown in percentages
|clearpoke
|poke|p1|Beedrill, M
|poke|p1|Zygarde
|poke|p1|Jirachi
|poke|p1|Starmie
|poke|p1|Infernape, M
|poke|p1|Shaymin
|poke|p2|Chesnaught, F
|poke|p2|Donphan, M
|poke|p2|Chandelure, M
|poke|p2|Umbreon, M
|poke|p2|Blissey, F
|poke|p2|Suicune
|rule|Swagger Clause: Swagger is banned
|rule|Baton Pass Clause: Limit one PokÃ©mon knowing Baton Pass
|teampreview
|
|start
|switch|p1a: Starmie|Starmie|261\/261
|switch|p2a: Donphan|Donphan, M|381\/381
|turn|1
|
|move|p1a: Starmie|Hydro Pump|p2a: Donphan
|-supereffective|p2a: Donphan
|-activate|p2a: Donphan|Sturdy
|-damage|p2a: Donphan|1\/381
|-damage|p1a: Starmie|235\/261|[from] item: Life Orb
|move|p2a: Donphan|Knock Off|p1a: Starmie
|-supereffective|p1a: Starmie
|-damage|p1a: Starmie|27\/261
|-enditem|p1a: Starmie|Life Orb|[from] move: Knock Off|[of] p2a: Donphan
|
|-heal|p2a: Donphan|24\/381|[from] item: Leftovers
|turn|2
|
|switch|p2a: Blissey|Blissey, F|657\/657
|move|p1a: Starmie|Psyshock|p2a: Blissey
|-damage|p2a: Blissey|371\/657
|
|-heal|p2a: Blissey|412\/657|[from] item: Leftovers
|turn|3
|
|switch|p1a: Jirachi|Jirachi|341\/341
|move|p2a: Blissey|Seismic Toss|p1a: Jirachi
|-damage|p1a: Jirachi|241\/341
|
|-heal|p2a: Blissey|453\/657|[from] item: Leftovers
|turn|4
|
|switch|p2a: Chandelure|Chandelure, M|261\/261
|move|p1a: Jirachi|U-turn|p2a: Chandelure
|-resisted|p2a: Chandelure
|-damage|p2a: Chandelure|245\/261
|
|switch|p1a: Beedrill|Beedrill, M|272\/272
|
|turn|5
|
|detailschange|p1a: Beedrill|Beedrill-Mega, M
|message|Beedrill has Mega Evolved into Mega Beedrill!
|move|p1a: Beedrill|Protect|p1a: Beedrill
|-singleturn|p1a: Beedrill|Protect
|move|p2a: Chandelure|Fire Blast|p1a: Beedrill
|-activate|p1a: Beedrill|Protect
|
|turn|6
|
|switch|p1a: Zygarde|Zygarde|357\/357
|-ability|p1a: Zygarde|Aura Break
|switch|p2a: Suicune|Suicune|404\/404
|-ability|p2a: Suicune|Pressure
|
|turn|7
|
|move|p1a: Zygarde|Dragon Dance|p1a: Zygarde
|-boost|p1a: Zygarde|atk|1
|-boost|p1a: Zygarde|spe|1
|move|p2a: Suicune|Scald|p1a: Zygarde
|-damage|p1a: Zygarde|273\/357
|
|turn|8
|
|move|p1a: Zygarde|Earthquake|p2a: Suicune
|-damage|p2a: Suicune|214\/404
|move|p2a: Suicune|Scald|p1a: Zygarde
|-damage|p1a: Zygarde|188\/357
|-status|p1a: Zygarde|brn
|-enditem|p1a: Zygarde|Lum Berry|[eat]
|-curestatus|p1a: Zygarde|brn
|
|-heal|p2a: Suicune|239\/404|[from] item: Leftovers
|turn|9
|
|switch|p2a: Chesnaught|Chesnaught, F|377\/377
|move|p1a: Zygarde|Outrage|p2a: Chesnaught
|-damage|p2a: Chesnaught|182\/377
|
|-heal|p2a: Chesnaught|205\/377|[from] item: Leftovers
|turn|10
|
|move|p2a: Chesnaught|Spiky Shield|p2a: Chesnaught
|-singleturn|p2a: Chesnaught|move: Protect
|move|p1a: Zygarde|Outrage|p2a: Chesnaught
|-activate|p2a: Chesnaught|move: Protect
|-damage|p1a: Zygarde|144\/357|[from] Spiky Shield|[of] p2a: Chesnaught
|
|-heal|p2a: Chesnaught|228\/377|[from] item: Leftovers
|turn|11
|
|move|p1a: Zygarde|Dragon Dance|p1a: Zygarde
|-boost|p1a: Zygarde|atk|1
|-boost|p1a: Zygarde|spe|1
|move|p2a: Chesnaught|Leech Seed|p1a: Zygarde
|-start|p1a: Zygarde|move: Leech Seed
|
|-heal|p2a: Chesnaught|251\/377|[from] item: Leftovers
|-damage|p1a: Zygarde|100\/357|[from] Leech Seed|[of] p2a: Chesnaught
|-heal|p2a: Chesnaught|295\/377|[silent]
|turn|12
|
|move|p2a: Chesnaught|Spiky Shield|p2a: Chesnaught
|-singleturn|p2a: Chesnaught|move: Protect
|move|p1a: Zygarde|Dragon Dance|p1a: Zygarde
|-boost|p1a: Zygarde|atk|1
|-boost|p1a: Zygarde|spe|1
|
|-heal|p2a: Chesnaught|318\/377|[from] item: Leftovers
|-damage|p1a: Zygarde|56\/357|[from] Leech Seed|[of] p2a: Chesnaught
|-heal|p2a: Chesnaught|362\/377|[silent]
|turn|13
|
|move|p1a: Zygarde|Outrage|p2a: Chesnaught
|-damage|p2a: Chesnaught|41\/377
|move|p2a: Chesnaught|Spikes|p1a: Zygarde
|-sidestart|p1: dont know why|Spikes
|
|-heal|p2a: Chesnaught|64\/377|[from] item: Leftovers
|-damage|p1a: Zygarde|12\/357|[from] Leech Seed|[of] p2a: Chesnaught
|-heal|p2a: Chesnaught|108\/377|[silent]
|turn|14
|
|move|p2a: Chesnaught|Spiky Shield|p2a: Chesnaught
|-singleturn|p2a: Chesnaught|move: Protect
|move|p1a: Zygarde|Outrage|p2a: Chesnaught
|-activate|p2a: Chesnaught|move: Protect
|-damage|p1a: Zygarde|0 fnt|[from] Spiky Shield|[of] p2a: Chesnaught
|faint|p1a: Zygarde
|
|-heal|p2a: Chesnaught|131\/377|[from] item: Leftovers
|
|switch|p1a: Beedrill|Beedrill-Mega, M|272\/272
|-damage|p1a: Beedrill|238\/272|[from] Spikes
|turn|15
|
|switch|p2a: Suicune|Suicune|239\/404
|-ability|p2a: Suicune|Pressure
|move|p1a: Beedrill|Poison Jab|p2a: Suicune
|-damage|p2a: Suicune|97\/404
|
|-heal|p2a: Suicune|122\/404|[from] item: Leftovers
|turn|16
|
|move|p1a: Beedrill|Poison Jab|p2a: Suicune
|-damage|p2a: Suicune|0 fnt
|faint|p2a: Suicune
|
|
|switch|p2a: Blissey|Blissey, F|453\/657
|turn|17
|
|move|p1a: Beedrill|Poison Jab|p2a: Blissey
|-damage|p2a: Blissey|87\/657
|move|p2a: Blissey|Wish|p2a: Blissey
|
|-heal|p2a: Blissey|128\/657|[from] item: Leftovers
|turn|18
|
|move|p2a: Blissey|Protect|p2a: Blissey
|-singleturn|p2a: Blissey|Protect
|move|p1a: Beedrill|Knock Off|p2a: Blissey
|-activate|p2a: Blissey|Protect
|
|-heal|p2a: Blissey|456\/657|[from] move: Wish|[wisher] Blissey
|-heal|p2a: Blissey|497\/657|[from] item: Leftovers
|turn|19
|
|move|p1a: Beedrill|Knock Off|p2a: Blissey
|-damage|p2a: Blissey|261\/657
|-enditem|p2a: Blissey|Leftovers|[from] move: Knock Off|[of] p1a: Beedrill
|move|p2a: Blissey|Seismic Toss|p1a: Beedrill
|-damage|p1a: Beedrill|138\/272
|
|turn|20
|
|switch|p2a: Donphan|Donphan, M|24\/381
|move|p1a: Beedrill|Poison Jab|p2a: Donphan
|-resisted|p2a: Donphan
|-damage|p2a: Donphan|0 fnt
|faint|p2a: Donphan
|
|
|switch|p2a: Umbreon|Umbreon, M|394\/394
|turn|21
|
|move|p1a: Beedrill|U-turn|p2a: Umbreon
|-supereffective|p2a: Umbreon
|-damage|p2a: Umbreon|78\/394
|
|switch|p1a: Starmie|Starmie|27\/261
|-damage|p1a: Starmie|0 fnt|[from] Spikes
|faint|p1a: Starmie
|move|p2a: Umbreon|Foul Play|p1: Starmie|[notarget]
|-notarget
|
|-heal|p2a: Umbreon|102\/394|[from] item: Leftovers
|
|switch|p1a: Infernape|Infernape, M|293\/293
|-damage|p1a: Infernape|257\/293|[from] Spikes
|turn|22
|
|switch|p2a: Chandelure|Chandelure, M|245\/261
|move|p1a: Infernape|Taunt|p2a: Chandelure
|-start|p2a: Chandelure|move: Taunt
|
|turn|23
|
|move|p2a: Chandelure|Shadow Ball|p1a: Infernape
|-damage|p1a: Infernape|52\/293
|-unboost|p1a: Infernape|spd|1
|move|p1a: Infernape|Stealth Rock|p2a: Chandelure
|-sidestart|p2: oh no oh no|move: Stealth Rock
|
|turn|24
|
|move|p2a: Chandelure|Shadow Ball|p1a: Infernape
|-damage|p1a: Infernape|0 fnt
|faint|p1a: Infernape
|
|
|switch|p1a: Shaymin|Shaymin|341\/341
|-damage|p1a: Shaymin|299\/341|[from] Spikes
|turn|25
|
|switch|p2a: Blissey|Blissey, F|261\/657
|-damage|p2a: Blissey|179\/657|[from] Stealth Rock
|move|p1a: Shaymin|Earth Power|p2a: Blissey
|-damage|p2a: Blissey|121\/657
|
|turn|26
|
|switch|p1a: Jirachi|Jirachi|241\/341
|-damage|p1a: Jirachi|199\/341|[from] Spikes
|move|p2a: Blissey|Wish|p2a: Blissey
|
|turn|27
|
|move|p2a: Blissey|Protect|p2a: Blissey
|-singleturn|p2a: Blissey|Protect
|move|p1a: Jirachi|U-turn|p2a: Blissey
|-activate|p2a: Blissey|Protect
|
|-heal|p2a: Blissey|449\/657|[from] move: Wish|[wisher] Blissey
|turn|28
|
|move|p1a: Jirachi|Iron Head|p2a: Blissey
|-damage|p2a: Blissey|244\/657
|move|p2a: Blissey|Seismic Toss|p1a: Jirachi
|-damage|p1a: Jirachi|99\/341
|
|turn|29
|
|move|p1a: Jirachi|Iron Head|p2a: Blissey
|-damage|p2a: Blissey|40\/657
|cant|p2a: Blissey|flinch
|
|turn|30
|
|move|p1a: Jirachi|Iron Head|p2a: Blissey
|-damage|p2a: Blissey|0 fnt
|faint|p2a: Blissey
|
|
|switch|p2a: Chandelure|Chandelure, M|245\/261
|-damage|p2a: Chandelure|180\/261|[from] Stealth Rock
|turn|31
|
|move|p2a: Chandelure|Fire Blast|p1a: Jirachi
|-supereffective|p1a: Jirachi
|-damage|p1a: Jirachi|0 fnt
|faint|p1a: Jirachi
|
|
|switch|p1a: Shaymin|Shaymin|299\/341
|-damage|p1a: Shaymin|257\/341|[from] Spikes
|turn|32
|
|move|p1a: Shaymin|Hidden Power|p2a: Chandelure
|-resisted|p2a: Chandelure
|-damage|p2a: Chandelure|147\/261
|move|p2a: Chandelure|Fire Blast|p1a: Shaymin
|-supereffective|p1a: Shaymin
|-damage|p1a: Shaymin|0 fnt
|faint|p1a: Shaymin
|
|
|switch|p1a: Beedrill|Beedrill-Mega, M|138\/272
|-damage|p1a: Beedrill|104\/272|[from] Spikes
|turn|33
|
|move|p1a: Beedrill|Knock Off|p2a: Chandelure
|-supereffective|p2a: Chandelure
|-damage|p2a: Chandelure|0 fnt
|-enditem|p2a: Chandelure|Choice Scarf|[from] move: Knock Off|[of] p1a: Beedrill
|faint|p2a: Chandelure
|
|
|switch|p2a: Chesnaught|Chesnaught, F|131\/377
|-damage|p2a: Chesnaught|108\/377|[from] Stealth Rock
|turn|34
|c|âdont know why|o
|
|move|p1a: Beedrill|Protect|p1a: Beedrill
|-singleturn|p1a: Beedrill|Protect
|move|p2a: Chesnaught|Spiky Shield|p2a: Chesnaught
|-fail|p2a: Chesnaught
|
|-heal|p2a: Chesnaught|131\/377|[from] item: Leftovers
|turn|35
|
|move|p2a: Chesnaught|Spiky Shield|p2a: Chesnaught
|-singleturn|p2a: Chesnaught|move: Protect
|move|p1a: Beedrill|Poison Jab|p2a: Chesnaught
|-activate|p2a: Chesnaught|move: Protect
|-damage|p1a: Beedrill|70\/272|[from] Spiky Shield|[of] p2a: Chesnaught
|
|-heal|p2a: Chesnaught|154\/377|[from] item: Leftovers
|turn|36
|
|switch|p2a: Umbreon|Umbreon, M|102\/394
|-damage|p2a: Umbreon|53\/394|[from] Stealth Rock
|move|p1a: Beedrill|Poison Jab|p2a: Umbreon
|-damage|p2a: Umbreon|0 fnt
|faint|p2a: Umbreon
|
|
|switch|p2a: Chesnaught|Chesnaught, F|154\/377
|-damage|p2a: Chesnaught|131\/377|[from] Stealth Rock
|turn|37
|
|move|p2a: Chesnaught|Spiky Shield|p2a: Chesnaught
|-singleturn|p2a: Chesnaught|move: Protect
|move|p1a: Beedrill|Poison Jab|p2a: Chesnaught
|-activate|p2a: Chesnaught|move: Protect
|-damage|p1a: Beedrill|36\/272|[from] Spiky Shield|[of] p2a: Chesnaught
|
|-heal|p2a: Chesnaught|154\/377|[from] item: Leftovers
|turn|38
|
|move|p1a: Beedrill|Poison Jab|p2a: Chesnaught
|-supereffective|p2a: Chesnaught
|-damage|p2a: Chesnaught|0 fnt
|faint|p2a: Chesnaught
|
|win|dont know why
|raw|Ladder updating...
|c|âoh no oh no|gg
|leave|oh no oh no
|player|p2
|raw|dont know why's rating: 1514 &rarr; <strong>1535<\/strong><br \/>(+21 for winning)
|raw|oh no oh no's rating: 1531 &rarr; <strong>1510<\/strong><br \/>(-21 for losing)