|join|shalnarkr
|join|oh no oh no
|player|p1|shalnarkr|230
|player|p2|oh no oh no|1
|gametype|singles
|gen|6
|tier|UU
|rated
|rule|Sleep Clause Mod: Limit one foe put to sleep
|rule|Species Clause: Limit one of each PokÃ©mon
|rule|OHKO Clause: OHKO moves are banned
|rule|Moody Clause: Moody is banned
|rule|Evasion Moves Clause: Evasion moves are banned
|rule|Endless Battle Clause: Forcing endless battles is banned
|rule|HP Percentage Mod: HP is shown in percentages
|clearpoke
|poke|p1|Pidgeot, M
|poke|p1|Goodra, M, shiny
|poke|p1|Hippowdon, M
|poke|p1|Stoutland, M
|poke|p1|Celebi
|poke|p1|Jirachi
|poke|p2|Blissey, F
|poke|p2|Chesnaught, F
|poke|p2|Uxie
|poke|p2|Tentacruel, M
|poke|p2|Rotom-Heat
|poke|p2|Suicune
|rule|Swagger Clause: Swagger is banned
|rule|Baton Pass Clause: Limit one PokÃ©mon knowing Baton Pass
|teampreview
|
|start
|switch|p1a: Jirachi|Jirachi|343\/343
|switch|p2a: Uxie|Uxie|354\/354
|turn|1
|
|move|p1a: Jirachi|U-turn|p2a: Uxie
|-supereffective|p2a: Uxie
|-damage|p2a: Uxie|270\/354
|
|switch|p1a: Hippowdon|Hippowdon, M|420\/420
|-weather|Sandstorm
|move|p2a: Uxie|Stealth Rock|p1a: Hippowdon
|-sidestart|p1: shalnarkr|move: Stealth Rock
|
|-weather|Sandstorm|[upkeep]
|-damage|p2a: Uxie|248\/354|[from] sandstorm
|-heal|p2a: Uxie|270\/354|[from] item: Leftovers
|turn|2
|
|move|p2a: Uxie|U-turn|p1a: Hippowdon
|-damage|p1a: Hippowdon|391\/420
|
|switch|p2a: Chesnaught|Chesnaught, F|380\/380
|move|p1a: Hippowdon|Earthquake|p2a: Chesnaught
|-resisted|p2a: Chesnaught
|-damage|p2a: Chesnaught|342\/380
|
|-weather|Sandstorm|[upkeep]
|-damage|p2a: Chesnaught|319\/380|[from] sandstorm
|-heal|p2a: Chesnaught|342\/380|[from] item: Leftovers
|turn|3
|
|move|p2a: Chesnaught|Spikes|p1a: Hippowdon
|-sidestart|p1: shalnarkr|Spikes
|move|p1a: Hippowdon|Stealth Rock|p2a: Chesnaught
|-sidestart|p2: oh no oh no|move: Stealth Rock
|
|-weather|Sandstorm|[upkeep]
|-damage|p2a: Chesnaught|319\/380|[from] sandstorm
|-heal|p2a: Chesnaught|342\/380|[from] item: Leftovers
|turn|4
|
|switch|p1a: Pidgeot|Pidgeot, M|308\/308
|-damage|p1a: Pidgeot|231\/308|[from] Stealth Rock
|move|p2a: Chesnaught|Spikes|p1a: Pidgeot
|-sidestart|p1: shalnarkr|Spikes
|
|-weather|Sandstorm|[upkeep]
|-damage|p1a: Pidgeot|212\/308|[from] sandstorm
|-damage|p2a: Chesnaught|319\/380|[from] sandstorm
|-heal|p2a: Chesnaught|342\/380|[from] item: Leftovers
|turn|5
|
|switch|p2a: Blissey|Blissey, F|657\/657
|-damage|p2a: Blissey|575\/657|[from] Stealth Rock
|detailschange|p1a: Pidgeot|Pidgeot-Mega, M
|message|Pidgeot has Mega Evolved into Mega Pidgeot!
|move|p1a: Pidgeot|Hurricane|p2a: Blissey
|-damage|p2a: Blissey|455\/657
|
|-weather|Sandstorm|[upkeep]
|-damage|p1a: Pidgeot|193\/308|[from] sandstorm
|-damage|p2a: Blissey|414\/657|[from] sandstorm
|-heal|p2a: Blissey|455\/657|[from] item: Leftovers
|turn|6
|
|move|p1a: Pidgeot|Substitute|p1a: Pidgeot
|-start|p1a: Pidgeot|Substitute
|-damage|p1a: Pidgeot|116\/308
|move|p2a: Blissey|Wish|p2a: Blissey
|
|-weather|Sandstorm|[upkeep]
|-damage|p1a: Pidgeot|97\/308|[from] sandstorm
|-damage|p2a: Blissey|414\/657|[from] sandstorm
|-heal|p2a: Blissey|455\/657|[from] item: Leftovers
|turn|7
|
|move|p1a: Pidgeot|Roost|p1a: Pidgeot
|-heal|p1a: Pidgeot|251\/308
|move|p2a: Blissey|Seismic Toss|p1a: Pidgeot
|-end|p1a: Pidgeot|Substitute
|
|-weather|Sandstorm|[upkeep]
|-damage|p1a: Pidgeot|232\/308|[from] sandstorm
|-damage|p2a: Blissey|414\/657|[from] sandstorm
|-heal|p2a: Blissey|657\/657|[from] move: Wish|[wisher] Blissey
|turn|8
|
|move|p1a: Pidgeot|Substitute|p1a: Pidgeot
|-start|p1a: Pidgeot|Substitute
|-damage|p1a: Pidgeot|155\/308
|move|p2a: Blissey|Seismic Toss|p1a: Pidgeot
|-end|p1a: Pidgeot|Substitute
|
|-weather|none
|turn|9
|
|move|p1a: Pidgeot|Substitute|p1a: Pidgeot
|-start|p1a: Pidgeot|Substitute
|-damage|p1a: Pidgeot|78\/308
|move|p2a: Blissey|Toxic|p1a: Pidgeot
|
|turn|10
|
|move|p1a: Pidgeot|Roost|p1a: Pidgeot
|-heal|p1a: Pidgeot|232\/308
|move|p2a: Blissey|Seismic Toss|p1a: Pidgeot
|-end|p1a: Pidgeot|Substitute
|
|turn|11
|
|move|p1a: Pidgeot|Hurricane|p2a: Blissey
|-damage|p2a: Blissey|521\/657
|move|p2a: Blissey|Seismic Toss|p1a: Pidgeot
|-damage|p1a: Pidgeot|132\/308
|
|-heal|p2a: Blissey|562\/657|[from] item: Leftovers
|turn|12
|
|move|p1a: Pidgeot|Roost|p1a: Pidgeot
|-heal|p1a: Pidgeot|286\/308
|move|p2a: Blissey|Seismic Toss|p1a: Pidgeot
|-damage|p1a: Pidgeot|186\/308
|
|-heal|p2a: Blissey|603\/657|[from] item: Leftovers
|turn|13
|
|move|p1a: Pidgeot|Substitute|p1a: Pidgeot
|-start|p1a: Pidgeot|Substitute
|-damage|p1a: Pidgeot|109\/308
|move|p2a: Blissey|Seismic Toss|p1a: Pidgeot
|-end|p1a: Pidgeot|Substitute
|
|-heal|p2a: Blissey|644\/657|[from] item: Leftovers
|turn|14
|
|move|p1a: Pidgeot|Roost|p1a: Pidgeot
|-heal|p1a: Pidgeot|263\/308
|move|p2a: Blissey|Toxic|p1a: Pidgeot
|-status|p1a: Pidgeot|tox
|
|-heal|p2a: Blissey|657\/657|[from] item: Leftovers
|-damage|p1a: Pidgeot|244\/308 tox|[from] psn
|turn|15
|
|switch|p1a: Jirachi|Jirachi|343\/343
|-damage|p1a: Jirachi|286\/343|[from] Spikes
|-damage|p1a: Jirachi|265\/343|[from] Stealth Rock
|move|p2a: Blissey|Wish|p2a: Blissey
|
|turn|16
|
|switch|p2a: Rotom-Heat|Rotom-Heat|304\/304
|-damage|p2a: Rotom-Heat|228\/304|[from] Stealth Rock
|move|p1a: Jirachi|Trick|p2a: Rotom-Heat
|-activate|p1a: Jirachi|move: Trick|[of] p2a: Rotom-Heat
|-item|p2a: Rotom-Heat|Choice Scarf|[from] move: Trick
|-item|p1a: Jirachi|Choice Scarf|[from] move: Trick
|
|-heal|p2a: Rotom-Heat|304\/304|[from] move: Wish|[wisher] Blissey
|turn|17
|
|move|p1a: Jirachi|Zen Headbutt|p2a: Rotom-Heat
|-crit|p2a: Rotom-Heat
|-damage|p2a: Rotom-Heat|117\/304
|move|p2a: Rotom-Heat|Volt Switch|p1a: Jirachi
|-damage|p1a: Jirachi|186\/343
|
|switch|p2a: Suicune|Suicune|404\/404
|-damage|p2a: Suicune|354\/404|[from] Stealth Rock
|-ability|p2a: Suicune|Pressure
|
|-heal|p2a: Suicune|379\/404|[from] item: Leftovers
|turn|18
|
|move|p1a: Jirachi|Zen Headbutt|p2a: Suicune
|-damage|p2a: Suicune|300\/404
|move|p2a: Suicune|Roar|p1a: Jirachi
|drag|p1a: Stoutland|Stoutland, M|315\/315
|-damage|p1a: Stoutland|263\/315|[from] Spikes
|-damage|p1a: Stoutland|224\/315|[from] Stealth Rock
|
|-heal|p2a: Suicune|325\/404|[from] item: Leftovers
|turn|19
|
|move|p1a: Stoutland|Frustration|p2a: Suicune
|-crit|p2a: Suicune
|-damage|p2a: Suicune|85\/404
|move|p2a: Suicune|Scald|p1a: Stoutland
|-crit|p1a: Stoutland
|-damage|p1a: Stoutland|82\/315
|
|-heal|p2a: Suicune|110\/404|[from] item: Leftovers
|turn|20
|
|switch|p2a: Chesnaught|Chesnaught, F|342\/380
|-damage|p2a: Chesnaught|319\/380|[from] Stealth Rock
|move|p1a: Stoutland|Frustration|p2a: Chesnaught
|-damage|p2a: Chesnaught|148\/380
|
|-heal|p2a: Chesnaught|171\/380|[from] item: Leftovers
|turn|21
|
|move|p2a: Chesnaught|Spiky Shield|p2a: Chesnaught
|-singleturn|p2a: Chesnaught|move: Protect
|move|p1a: Stoutland|Frustration|p2a: Chesnaught
|-activate|p2a: Chesnaught|move: Protect
|-damage|p1a: Stoutland|43\/315|[from] Spiky Shield|[of] p2a: Chesnaught
|
|-heal|p2a: Chesnaught|194\/380|[from] item: Leftovers
|turn|22
|
|switch|p2a: Uxie|Uxie|270\/354
|-damage|p2a: Uxie|226\/354|[from] Stealth Rock
|move|p1a: Stoutland|Frustration|p2a: Uxie
|-damage|p2a: Uxie|58\/354
|
|-heal|p2a: Uxie|80\/354|[from] item: Leftovers
|turn|23
|
|move|p1a: Stoutland|Frustration|p2a: Uxie
|-damage|p2a: Uxie|0 fnt
|faint|p2a: Uxie
|
|
|switch|p2a: Rotom-Heat|Rotom-Heat|117\/304
|-damage|p2a: Rotom-Heat|41\/304|[from] Stealth Rock
|turn|24
|
|switch|p1a: Hippowdon|Hippowdon, M|391\/420
|-damage|p1a: Hippowdon|365\/420|[from] Stealth Rock
|-damage|p1a: Hippowdon|295\/420|[from] Spikes
|-weather|Sandstorm
|move|p2a: Rotom-Heat|Overheat|p1a: Hippowdon
|-damage|p1a: Hippowdon|93\/420
|-unboost|p2a: Rotom-Heat|spa|2
|
|-weather|Sandstorm|[upkeep]
|-damage|p2a: Rotom-Heat|22\/304|[from] sandstorm
|turn|25
|
|switch|p1a: Jirachi|Jirachi|186\/343
|-damage|p1a: Jirachi|165\/343|[from] Stealth Rock
|-damage|p1a: Jirachi|108\/343|[from] Spikes
|move|p2a: Rotom-Heat|Overheat|p1a: Jirachi
|-supereffective|p1a: Jirachi
|-damage|p1a: Jirachi|0 fnt
|-unboost|p2a: Rotom-Heat|spa|2
|faint|p1a: Jirachi
|
|-weather|Sandstorm|[upkeep]
|-damage|p2a: Rotom-Heat|3\/304|[from] sandstorm
|
|switch|p1a: Stoutland|Stoutland, M|43\/315
|-damage|p1a: Stoutland|4\/315|[from] Stealth Rock
|-damage|p1a: Stoutland|0 fnt|[from] Spikes
|faint|p1a: Stoutland
|
|switch|p1a: Hippowdon|Hippowdon, M|93\/420
|-damage|p1a: Hippowdon|23\/420|[from] Spikes
|-damage|p1a: Hippowdon|0 fnt|[from] Stealth Rock
|faint|p1a: Hippowdon
|
|switch|p1a: Goodra|Goodra, M, shiny|344\/344
|-damage|p1a: Goodra|287\/344|[from] Spikes
|-damage|p1a: Goodra|244\/344|[from] Stealth Rock
|turn|26
|
|switch|p2a: Blissey|Blissey, F|657\/657
|-damage|p2a: Blissey|575\/657|[from] Stealth Rock
|move|p1a: Goodra|Sludge Bomb|p2a: Blissey
|-damage|p2a: Blissey|511\/657
|
|-weather|Sandstorm|[upkeep]
|-damage|p1a: Goodra|223\/344|[from] sandstorm
|-damage|p2a: Blissey|470\/657|[from] sandstorm
|-heal|p2a: Blissey|511\/657|[from] item: Leftovers
|turn|27
|
|move|p2a: Blissey|Toxic|p1a: Goodra
|-status|p1a: Goodra|tox
|move|p1a: Goodra|Dragon Tail|p2a: Blissey
|-damage|p2a: Blissey|400\/657
|drag|p2a: Chesnaught|Chesnaught, F|194\/380
|-damage|p2a: Chesnaught|171\/380|[from] Stealth Rock
|
|-weather|Sandstorm|[upkeep]
|-damage|p1a: Goodra|202\/344 tox|[from] sandstorm
|-damage|p2a: Chesnaught|148\/380|[from] sandstorm
|-heal|p2a: Chesnaught|171\/380|[from] item: Leftovers
|-damage|p1a: Goodra|181\/344 tox|[from] psn
|turn|28
|
|move|p2a: Chesnaught|Spiky Shield|p2a: Chesnaught
|-singleturn|p2a: Chesnaught|move: Protect
|move|p1a: Goodra|Fire Blast|p2a: Chesnaught
|-activate|p2a: Chesnaught|move: Protect
|
|-weather|Sandstorm|[upkeep]
|-damage|p1a: Goodra|160\/344 tox|[from] sandstorm
|-damage|p2a: Chesnaught|148\/380|[from] sandstorm
|-heal|p2a: Chesnaught|171\/380|[from] item: Leftovers
|-damage|p1a: Goodra|118\/344 tox|[from] psn
|turn|29
|
|switch|p2a: Tentacruel|Tentacruel, M|361\/361
|-damage|p2a: Tentacruel|316\/361|[from] Stealth Rock
|move|p1a: Goodra|Fire Blast|p2a: Tentacruel
|-resisted|p2a: Tentacruel
|-damage|p2a: Tentacruel|261\/361
|
|-weather|Sandstorm|[upkeep]
|-damage|p2a: Tentacruel|239\/361|[from] sandstorm
|-damage|p1a: Goodra|97\/344 tox|[from] sandstorm
|-heal|p2a: Tentacruel|261\/361|[from] item: Black Sludge
|-damage|p1a: Goodra|34\/344 tox|[from] psn
|turn|30
|
|move|p2a: Tentacruel|Rapid Spin|p1a: Goodra
|-damage|p1a: Goodra|19\/344 tox
|-sideend|p2: oh no oh no|Stealth Rock|[from] move: Rapid Spin|[of] p2a: Tentacruel
|move|p1a: Goodra|Draco Meteor|p2a: Tentacruel
|-damage|p2a: Tentacruel|62\/361
|-unboost|p1a: Goodra|spa|2
|
|-weather|Sandstorm|[upkeep]
|-damage|p2a: Tentacruel|40\/361|[from] sandstorm
|-damage|p1a: Goodra|0 fnt|[from] sandstorm
|-heal|p2a: Tentacruel|62\/361|[from] item: Black Sludge
|faint|p1a: Goodra
|
|switch|p1a: Pidgeot|Pidgeot-Mega, M|244\/308 tox
|-damage|p1a: Pidgeot|167\/308 tox|[from] Stealth Rock
|turn|31
|
|switch|p2a: Blissey|Blissey, F|400\/657
|move|p1a: Pidgeot|Hurricane|p2a: Blissey
|-damage|p2a: Blissey|270\/657
|
|-weather|none
|-heal|p2a: Blissey|311\/657|[from] item: Leftovers
|-damage|p1a: Pidgeot|148\/308 tox|[from] psn
|turn|32
|
|move|p1a: Pidgeot|Hurricane|p2a: Blissey
|-damage|p2a: Blissey|181\/657
|-start|p2a: Blissey|confusion
|-activate|p2a: Blissey|confusion
|-damage|p2a: Blissey|168\/657|[from] confusion
|
|-heal|p2a: Blissey|209\/657|[from] item: Leftovers
|-damage|p1a: Pidgeot|110\/308 tox|[from] psn
|turn|33
|
|move|p1a: Pidgeot|Hurricane|p2a: Blissey
|-damage|p2a: Blissey|85\/657
|-activate|p2a: Blissey|confusion
|move|p2a: Blissey|Wish|p2a: Blissey
|
|-heal|p2a: Blissey|126\/657|[from] item: Leftovers
|-damage|p1a: Pidgeot|53\/308 tox|[from] psn
|turn|34
|
|-activate|p2a: Blissey|confusion
|-damage|p2a: Blissey|115\/657|[from] confusion
|move|p1a: Pidgeot|Hurricane|p2a: Blissey
|-damage|p2a: Blissey|0 fnt
|faint|p2a: Blissey
|
|-damage|p1a: Pidgeot|0 fnt|[from] psn
|faint|p1a: Pidgeot
|
|switch|p2a: Rotom-Heat|Rotom-Heat|3\/304
|switch|p1a: Celebi|Celebi|342\/342
|-damage|p1a: Celebi|285\/342|[from] Spikes
|-damage|p1a: Celebi|243\/342|[from] Stealth Rock
|turn|35
|
|move|p2a: Rotom-Heat|Trick|p1a: Celebi
|-activate|p2a: Rotom-Heat|move: Trick|[of] p1a: Celebi
|-item|p1a: Celebi|Choice Scarf|[from] move: Trick
|-item|p2a: Rotom-Heat|Life Orb|[from] move: Trick
|move|p1a: Celebi|Psychic|p2a: Rotom-Heat
|-damage|p2a: Rotom-Heat|0 fnt
|faint|p2a: Rotom-Heat
|
|
|switch|p2a: Chesnaught|Chesnaught, F|171\/380
|turn|36
|
|move|p2a: Chesnaught|Spiky Shield|p2a: Chesnaught
|-singleturn|p2a: Chesnaught|move: Protect
|move|p1a: Celebi|Psychic|p2a: Chesnaught
|-activate|p2a: Chesnaught|move: Protect
|
|-heal|p2a: Chesnaught|194\/380|[from] item: Leftovers
|turn|37
|
|move|p2a: Chesnaught|Spiky Shield|p2a: Chesnaught
|-fail|p2a: Chesnaught
|move|p1a: Celebi|Psychic|p2a: Chesnaught
|-supereffective|p2a: Chesnaught
|-damage|p2a: Chesnaught|0 fnt
|faint|p2a: Chesnaught
|
|
|switch|p2a: Suicune|Suicune|110\/404
|-ability|p2a: Suicune|Pressure
|turn|38
|
|move|p1a: Celebi|Psychic|p2a: Suicune
|-damage|p2a: Suicune|0 fnt
|faint|p2a: Suicune
|
|
|switch|p2a: Tentacruel|Tentacruel, M|62\/361
|turn|39
|c|âshalnarkr|Gg
|
|move|p1a: Celebi|Psychic|p2a: Tentacruel
|-supereffective|p2a: Tentacruel
|-damage|p2a: Tentacruel|0 fnt
|faint|p2a: Tentacruel
|
|win|shalnarkr
|raw|Ladder updating...
|leave|oh no oh no
|player|p2
|raw|shalnarkr's rating: 1604 &rarr; <strong>1622<\/strong><br \/>(+18 for winning)
|raw|oh no oh no's rating: 1557 &rarr; <strong>1540<\/strong><br \/>(-17 for losing)