|join|AngryGoatX
|join|oh no oh no
|player|p1|AngryGoatX|43
|player|p2|oh no oh no|102
|gametype|singles
|gen|6
|tier|UU
|rated
|rule|Sleep Clause Mod: Limit one foe put to sleep
|rule|Species Clause: Limit one of each PokÃ©mon
|rule|OHKO Clause: OHKO moves are banned
|rule|Moody Clause: Moody is banned
|rule|Evasion Moves Clause: Evasion moves are banned
|rule|Endless Battle Clause: Forcing endless battles is banned
|rule|HP Percentage Mod: HP is shown in percentages
|clearpoke
|poke|p1|Mienshao, F, shiny
|poke|p1|Florges, F, shiny
|poke|p1|Chandelure, M, shiny
|poke|p1|Forretress, M
|poke|p1|Roserade, F, shiny
|poke|p1|Sharpedo, M
|poke|p2|Blissey, F
|poke|p2|Trevenant, M
|poke|p2|Bronzong
|poke|p2|Forretress, M
|poke|p2|Umbreon, F
|poke|p2|Suicune
|rule|Swagger Clause: Swagger is banned
|rule|Baton Pass Clause: Limit one PokÃ©mon knowing Baton Pass
|teampreview
|
|start
|switch|p1a: Forretress|Forretress, M|354\/354
|switch|p2a: Bronzong|Bronzong|338\/338
|turn|1
|
|move|p1a: Forretress|Stealth Rock|p2a: Bronzong
|-sidestart|p2: oh no oh no|move: Stealth Rock
|move|p2a: Bronzong|Stealth Rock|p1a: Forretress
|-sidestart|p1: AngryGoatX|move: Stealth Rock
|
|turn|2
|
|switch|p2a: Forretress|Forretress, M|353\/353
|-damage|p2a: Forretress|309\/353|[from] Stealth Rock
|move|p1a: Forretress|Rapid Spin|p2a: Forretress
|-resisted|p2a: Forretress
|-damage|p2a: Forretress|304\/353
|-sideend|p1: AngryGoatX|Stealth Rock|[from] move: Rapid Spin|[of] p1a: Forretress
|
|-heal|p2a: Forretress|326\/353|[from] item: Leftovers
|turn|3
|
|switch|p1a: Chandelure|Chandelure, M, shiny|289\/289
|move|p2a: Forretress|Rapid Spin|p1a: Chandelure
|-immune|p1a: Chandelure|[msg]
|
|-heal|p2a: Forretress|348\/353|[from] item: Leftovers
|turn|4
|
|switch|p2a: Blissey|Blissey, F|657\/657
|-damage|p2a: Blissey|575\/657|[from] Stealth Rock
|move|p1a: Chandelure|Substitute|p1a: Chandelure
|-start|p1a: Chandelure|Substitute
|-damage|p1a: Chandelure|217\/289
|
|-heal|p1a: Chandelure|235\/289|[from] item: Leftovers
|-heal|p2a: Blissey|616\/657|[from] item: Leftovers
|turn|5
|
|move|p1a: Chandelure|Calm Mind|p1a: Chandelure
|-boost|p1a: Chandelure|spa|1
|-boost|p1a: Chandelure|spd|1
|move|p2a: Blissey|Wish|p2a: Blissey
|
|-heal|p1a: Chandelure|253\/289|[from] item: Leftovers
|-heal|p2a: Blissey|657\/657|[from] item: Leftovers
|turn|6
|
|switch|p2a: Suicune|Suicune|404\/404
|-damage|p2a: Suicune|354\/404|[from] Stealth Rock
|-ability|p2a: Suicune|Pressure
|move|p1a: Chandelure|Calm Mind|p1a: Chandelure
|-boost|p1a: Chandelure|spa|1
|-boost|p1a: Chandelure|spd|1
|
|-heal|p2a: Suicune|404\/404|[from] move: Wish|[wisher] Blissey
|-heal|p1a: Chandelure|271\/289|[from] item: Leftovers
|turn|7
|
|move|p1a: Chandelure|Shadow Ball|p2a: Suicune
|-damage|p2a: Suicune|137\/404
|move|p2a: Suicune|Roar|p1a: Chandelure
|drag|p1a: Sharpedo|Sharpedo, M|282\/282
|
|-heal|p2a: Suicune|162\/404|[from] item: Leftovers
|turn|8
|
|detailschange|p1a: Sharpedo|Sharpedo-Mega, M
|message|Sharpedo has Mega Evolved into Mega Sharpedo!
|move|p1a: Sharpedo|Crunch|p2a: Suicune
|-damage|p2a: Suicune|2\/404
|move|p2a: Suicune|Rest|p2a: Suicune
|-status|p2a: Suicune|slp
|-heal|p2a: Suicune|404\/404 slp|[silent]
|-status|p2a: Suicune|slp|[from] move: Rest
|
|turn|9
|
|switch|p2a: Forretress|Forretress, M|348\/353
|-damage|p2a: Forretress|304\/353|[from] Stealth Rock
|move|p1a: Sharpedo|Crunch|p2a: Forretress
|-damage|p2a: Forretress|109\/353
|
|-heal|p2a: Forretress|131\/353|[from] item: Leftovers
|turn|10
|
|switch|p2a: Umbreon|Umbreon, F|394\/394
|-damage|p2a: Umbreon|345\/394|[from] Stealth Rock
|move|p1a: Sharpedo|Crunch|p2a: Umbreon
|-resisted|p2a: Umbreon
|-damage|p2a: Umbreon|240\/394
|
|-heal|p2a: Umbreon|264\/394|[from] item: Leftovers
|turn|11
|
|switch|p1a: Roserade|Roserade, F, shiny|321\/321
|move|p2a: Umbreon|Protect|p2a: Umbreon
|-fail|p2a: Umbreon
|
|-heal|p2a: Umbreon|288\/394|[from] item: Leftovers
|turn|12
|
|switch|p2a: Bronzong|Bronzong|338\/338
|-damage|p2a: Bronzong|317\/338|[from] Stealth Rock
|move|p1a: Roserade|Spikes|p2a: Bronzong
|-sidestart|p2: oh no oh no|Spikes
|
|-heal|p2a: Bronzong|338\/338|[from] item: Leftovers
|turn|13
|
|switch|p1a: Chandelure|Chandelure, M, shiny|271\/289
|move|p2a: Bronzong|Stealth Rock|p1a: Chandelure
|-sidestart|p1: AngryGoatX|move: Stealth Rock
|
|-heal|p1a: Chandelure|289\/289|[from] item: Leftovers
|turn|14
|
|switch|p2a: Suicune|Suicune|404\/404 slp
|-damage|p2a: Suicune|354\/404 slp|[from] Spikes
|-damage|p2a: Suicune|304\/404 slp|[from] Stealth Rock
|-ability|p2a: Suicune|Pressure
|move|p1a: Chandelure|Substitute|p1a: Chandelure
|-start|p1a: Chandelure|Substitute
|-damage|p1a: Chandelure|217\/289
|
|-heal|p1a: Chandelure|235\/289|[from] item: Leftovers
|-heal|p2a: Suicune|329\/404 slp|[from] item: Leftovers
|turn|15
|
|move|p1a: Chandelure|Calm Mind|p1a: Chandelure
|-boost|p1a: Chandelure|spa|1
|-boost|p1a: Chandelure|spd|1
|cant|p2a: Suicune|slp
|move|p2a: Suicune|Sleep Talk|p2a: Suicune
|move|p2a: Suicune|Rest|p2a: Suicune|[from]Sleep Talk
|-fail|p2a: Suicune
|
|-heal|p1a: Chandelure|253\/289|[from] item: Leftovers
|-heal|p2a: Suicune|354\/404 slp|[from] item: Leftovers
|turn|16
|
|move|p1a: Chandelure|Shadow Ball|p2a: Suicune
|-damage|p2a: Suicune|161\/404 slp
|cant|p2a: Suicune|slp
|move|p2a: Suicune|Sleep Talk|p2a: Suicune
|move|p2a: Suicune|Scald|p1a: Chandelure|[from]Sleep Talk
|-supereffective|p1a: Chandelure
|-end|p1a: Chandelure|Substitute
|
|-heal|p1a: Chandelure|271\/289|[from] item: Leftovers
|-heal|p2a: Suicune|186\/404 slp|[from] item: Leftovers
|turn|17
|
|move|p1a: Chandelure|Shadow Ball|p2a: Suicune
|-damage|p2a: Suicune|11\/404 slp
|-curestatus|p2a: Suicune|slp
|move|p2a: Suicune|Roar|p1a: Chandelure
|drag|p1a: Florges|Florges, F, shiny|360\/360
|-damage|p1a: Florges|315\/360|[from] Stealth Rock
|
|-heal|p2a: Suicune|36\/404|[from] item: Leftovers
|-heal|p1a: Florges|337\/360|[from] item: Leftovers
|turn|18
|
|move|p2a: Suicune|Rest|p2a: Suicune
|-status|p2a: Suicune|slp
|-heal|p2a: Suicune|404\/404 slp|[silent]
|-status|p2a: Suicune|slp|[from] move: Rest
|move|p1a: Florges|Moonblast|p2a: Suicune
|-damage|p2a: Suicune|284\/404 slp
|-unboost|p2a: Suicune|spa|1
|
|-heal|p2a: Suicune|309\/404 slp|[from] item: Leftovers
|-heal|p1a: Florges|359\/360|[from] item: Leftovers
|turn|19
|
|switch|p2a: Forretress|Forretress, M|131\/353
|-damage|p2a: Forretress|87\/353|[from] Stealth Rock
|-damage|p2a: Forretress|43\/353|[from] Spikes
|switch|p1a: Roserade|Roserade, F, shiny|321\/321
|-damage|p1a: Roserade|281\/321|[from] Stealth Rock
|
|-heal|p1a: Roserade|301\/321|[from] item: Black Sludge
|-heal|p2a: Forretress|65\/353|[from] item: Leftovers
|turn|20
|
|move|p1a: Roserade|Hidden Power|p2a: Forretress
|-supereffective|p2a: Forretress
|-damage|p2a: Forretress|0 fnt
|faint|p2a: Forretress
|
|-heal|p1a: Roserade|321\/321|[from] item: Black Sludge
|
|switch|p2a: Bronzong|Bronzong|338\/338
|-damage|p2a: Bronzong|317\/338|[from] Stealth Rock
|turn|21
|
|move|p1a: Roserade|Spikes|p2a: Bronzong
|-sidestart|p2: oh no oh no|Spikes
|move|p2a: Bronzong|Gyro Ball|p1a: Roserade
|-crit|p1a: Roserade
|-damage|p1a: Roserade|173\/321
|
|-heal|p1a: Roserade|193\/321|[from] item: Black Sludge
|-heal|p2a: Bronzong|338\/338|[from] item: Leftovers
|turn|22
|
|switch|p2a: Trevenant|Trevenant, M|374\/374
|-damage|p2a: Trevenant|328\/374|[from] Stealth Rock
|-damage|p2a: Trevenant|266\/374|[from] Spikes
|move|p1a: Roserade|Spikes|p2a: Trevenant
|-sidestart|p2: oh no oh no|Spikes
|
|-heal|p1a: Roserade|213\/321|[from] item: Black Sludge
|turn|23
|
|move|p1a: Roserade|Sludge Bomb|p2a: Trevenant
|-damage|p2a: Trevenant|154\/374
|-status|p2a: Trevenant|psn
|-enditem|p2a: Trevenant|Sitrus Berry|[eat]
|-heal|p2a: Trevenant|247\/374 psn|[from] item: Sitrus Berry
|move|p2a: Trevenant|Substitute|p2a: Trevenant
|-start|p2a: Trevenant|Substitute
|-damage|p2a: Trevenant|154\/374 psn
|
|-heal|p1a: Roserade|233\/321|[from] item: Black Sludge
|-damage|p2a: Trevenant|108\/374 psn|[from] psn
|-item|p2a: Trevenant|Sitrus Berry|[from] ability: Harvest
|-enditem|p2a: Trevenant|Sitrus Berry|[eat]
|-heal|p2a: Trevenant|201\/374 psn|[from] item: Sitrus Berry
|turn|24
|
|move|p1a: Roserade|Hidden Power|p2a: Trevenant
|-supereffective|p2a: Trevenant
|-end|p2a: Trevenant|Substitute
|move|p2a: Trevenant|Will-O-Wisp|p1a: Roserade
|-status|p1a: Roserade|brn
|
|-heal|p1a: Roserade|253\/321 brn|[from] item: Black Sludge
|-damage|p1a: Roserade|213\/321 brn|[from] brn
|-damage|p2a: Trevenant|155\/374 psn|[from] psn
|turn|25
|
|move|p1a: Roserade|Sludge Bomb|p2a: Trevenant
|-damage|p2a: Trevenant|56\/374 psn
|move|p2a: Trevenant|Substitute|p2a: Trevenant
|-fail|p2a: Trevenant|move: Substitute|[weak]
|
|-heal|p1a: Roserade|233\/321 brn|[from] item: Black Sludge
|-damage|p1a: Roserade|193\/321 brn|[from] brn
|-damage|p2a: Trevenant|10\/374 psn|[from] psn
|-item|p2a: Trevenant|Sitrus Berry|[from] ability: Harvest
|-enditem|p2a: Trevenant|Sitrus Berry|[eat]
|-heal|p2a: Trevenant|103\/374 psn|[from] item: Sitrus Berry
|turn|26
|
|move|p1a: Roserade|Sludge Bomb|p2a: Trevenant
|-damage|p2a: Trevenant|3\/374 psn
|move|p2a: Trevenant|Horn Leech|p1a: Roserade
|-crit|p1a: Roserade
|-resisted|p1a: Roserade
|-damage|p1a: Roserade|154\/321 brn
|-heal|p2a: Trevenant|23\/374 psn|[from] drain|[of] p1a: Roserade
|
|-heal|p1a: Roserade|174\/321 brn|[from] item: Black Sludge
|-damage|p1a: Roserade|134\/321 brn|[from] brn
|-damage|p2a: Trevenant|0 fnt|[from] psn
|faint|p2a: Trevenant
|
|switch|p2a: Blissey|Blissey, F|657\/657
|-damage|p2a: Blissey|493\/657|[from] Spikes
|-damage|p2a: Blissey|411\/657|[from] Stealth Rock
|turn|27
|
|switch|p1a: Forretress|Forretress, M|354\/354
|-damage|p1a: Forretress|310\/354|[from] Stealth Rock
|move|p2a: Blissey|Wish|p2a: Blissey
|
|-heal|p2a: Blissey|452\/657|[from] item: Leftovers
|-heal|p1a: Forretress|332\/354|[from] item: Leftovers
|turn|28
|
|switch|p2a: Suicune|Suicune|309\/404 slp
|-damage|p2a: Suicune|259\/404 slp|[from] Stealth Rock
|-damage|p2a: Suicune|158\/404 slp|[from] Spikes
|-ability|p2a: Suicune|Pressure
|move|p1a: Forretress|Rapid Spin|p2a: Suicune
|-damage|p2a: Suicune|146\/404 slp
|-sideend|p1: AngryGoatX|Stealth Rock|[from] move: Rapid Spin|[of] p1a: Forretress
|
|-heal|p2a: Suicune|404\/404 slp|[from] move: Wish|[wisher] Blissey
|-heal|p1a: Forretress|354\/354|[from] item: Leftovers
|turn|29
|
|cant|p2a: Suicune|slp
|move|p1a: Forretress|Volt Switch|p2a: Suicune
|-supereffective|p2a: Suicune
|-damage|p2a: Suicune|338\/404 slp
|
|switch|p1a: Roserade|Roserade, F, shiny|134\/321
|
|-heal|p1a: Roserade|154\/321|[from] item: Black Sludge
|-heal|p2a: Suicune|363\/404 slp|[from] item: Leftovers
|turn|30
|-message|oh no oh no forfeited.
|
|win|AngryGoatX
|raw|Ladder updating...
|leave|oh no oh no
|player|p2
|raw|AngryGoatX's rating: 1430 &rarr; <strong>1445<\/strong><br \/>(+15 for winning)
|raw|oh no oh no's rating: 1352 &rarr; <strong>1337<\/strong><br \/>(-15 for losing)