|join|oh no oh no
|join|poonHunter (DD)
|player|p1|oh no oh no|102
|player|p2|poonHunter (DD)|114
|gametype|singles
|gen|6
|tier|UU
|rated
|rule|Sleep Clause Mod: Limit one foe put to sleep
|rule|Species Clause: Limit one of each PokÃ©mon
|rule|OHKO Clause: OHKO moves are banned
|rule|Moody Clause: Moody is banned
|rule|Evasion Moves Clause: Evasion moves are banned
|rule|Endless Battle Clause: Forcing endless battles is banned
|rule|HP Percentage Mod: HP is shown in percentages
|clearpoke
|poke|p1|Blissey, F
|poke|p1|Trevenant, F
|poke|p1|Bronzong
|poke|p1|Forretress, M
|poke|p1|Umbreon, M
|poke|p1|Suicune
|poke|p2|Beedrill, M, shiny
|poke|p2|Entei, shiny
|poke|p2|Forretress, M
|poke|p2|Vaporeon, M, shiny
|poke|p2|Raikou
|poke|p2|Krookodile, F
|rule|Swagger Clause: Swagger is banned
|rule|Baton Pass Clause: Limit one PokÃ©mon knowing Baton Pass
|teampreview
|
|start
|switch|p1a: Trevenant|Trevenant, F|374\/374
|switch|p2a: Entei|Entei, shiny|371\/371
|-ability|p2a: Entei|Pressure
|turn|1
|
|switch|p1a: Suicune|Suicune|404\/404
|-ability|p1a: Suicune|Pressure
|move|p2a: Entei|Sacred Fire|p1a: Suicune
|-resisted|p1a: Suicune
|-damage|p1a: Suicune|315\/404
|-status|p1a: Suicune|brn
|
|-heal|p1a: Suicune|340\/404 brn|[from] item: Leftovers
|-damage|p1a: Suicune|290\/404 brn|[from] brn
|turn|2
|join|EWCT
|
|switch|p2a: Raikou|Raikou|322\/322
|-ability|p2a: Raikou|Pressure
|move|p1a: Suicune|Scald|p2a: Raikou
|-damage|p2a: Raikou|241\/322
|
|-heal|p1a: Suicune|315\/404 brn|[from] item: Leftovers
|-damage|p1a: Suicune|265\/404 brn|[from] brn
|turn|3
|
|switch|p1a: Bronzong|Bronzong|338\/338
|move|p2a: Raikou|Volt Switch|p1a: Bronzong
|-damage|p1a: Bronzong|191\/338
|
|switch|p2a: Krookodile|Krookodile, F|332\/332
|
|-heal|p1a: Bronzong|212\/338|[from] item: Leftovers
|turn|4
|
|move|p1a: Bronzong|Protect|p1a: Bronzong
|-singleturn|p1a: Bronzong|Protect
|move|p2a: Krookodile|Knock Off|p1a: Bronzong
|-activate|p1a: Bronzong|Protect
|
|-heal|p1a: Bronzong|233\/338|[from] item: Leftovers
|turn|5
|
|switch|p1a: Forretress|Forretress, M|353\/353
|move|p2a: Krookodile|Knock Off|p1a: Forretress
|-damage|p1a: Forretress|227\/353
|-enditem|p1a: Forretress|Leftovers|[from] move: Knock Off|[of] p2a: Krookodile
|
|turn|6
|
|switch|p2a: Entei|Entei, shiny|371\/371
|-ability|p2a: Entei|Pressure
|move|p1a: Forretress|Toxic|p2a: Entei
|-status|p2a: Entei|tox
|
|-damage|p2a: Entei|348\/371 tox|[from] psn
|turn|7
|
|switch|p1a: Suicune|Suicune|265\/404 brn
|-ability|p1a: Suicune|Pressure
|move|p2a: Entei|Flare Blitz|p1a: Suicune
|-resisted|p1a: Suicune
|-damage|p1a: Suicune|161\/404 brn
|-damage|p2a: Entei|314\/371 tox|[from] recoil|[of] p1a: Suicune
|
|-heal|p1a: Suicune|186\/404 brn|[from] item: Leftovers
|-damage|p2a: Entei|268\/371 tox|[from] psn
|-damage|p1a: Suicune|136\/404 brn|[from] brn
|turn|8
|
|switch|p2a: Raikou|Raikou|241\/322
|-ability|p2a: Raikou|Pressure
|move|p1a: Suicune|Rest|p1a: Suicune
|-status|p1a: Suicune|slp
|-heal|p1a: Suicune|404\/404 slp|[silent]
|-status|p1a: Suicune|slp|[from] move: Rest
|
|turn|9
|
|switch|p1a: Umbreon|Umbreon, M|394\/394
|move|p2a: Raikou|Thunderbolt|p1a: Umbreon
|-damage|p1a: Umbreon|259\/394
|
|-heal|p1a: Umbreon|283\/394|[from] item: Leftovers
|turn|10
|
|switch|p2a: Beedrill|Beedrill, M, shiny|271\/271
|move|p1a: Umbreon|Toxic|p2a: Beedrill
|-fail|p2a: Beedrill
|
|-heal|p1a: Umbreon|307\/394|[from] item: Leftovers
|turn|11
|
|switch|p1a: Forretress|Forretress, M|227\/353
|detailschange|p2a: Beedrill|Beedrill-Mega, M, shiny
|message|Beedrill has Mega Evolved into Mega Beedrill!
|move|p2a: Beedrill|U-turn|p1a: Forretress
|-resisted|p1a: Forretress
|-damage|p1a: Forretress|153\/353
|
|switch|p2a: Raikou|Raikou|241\/322
|-ability|p2a: Raikou|Pressure
|
|turn|12
|
|switch|p1a: Blissey|Blissey, F|657\/657
|move|p2a: Raikou|Volt Switch|p1a: Blissey
|-damage|p1a: Blissey|545\/657
|
|switch|p2a: Krookodile|Krookodile, F|332\/332
|
|-heal|p1a: Blissey|586\/657|[from] item: Leftovers
|turn|13
|
|move|p2a: Krookodile|Knock Off|p1a: Blissey
|-damage|p1a: Blissey|294\/657
|-enditem|p1a: Blissey|Leftovers|[from] move: Knock Off|[of] p2a: Krookodile
|move|p1a: Blissey|Toxic|p2a: Krookodile
|-status|p2a: Krookodile|tox
|
|-damage|p2a: Krookodile|312\/332 tox|[from] psn
|turn|14
|
|switch|p2a: Vaporeon|Vaporeon, M, shiny|464\/464
|switch|p1a: Bronzong|Bronzong|233\/338
|
|-heal|p1a: Bronzong|254\/338|[from] item: Leftovers
|turn|15
|
|move|p2a: Vaporeon|Heal Bell|p2a: Vaporeon
|-cureteam|p2a: Vaporeon|[from] move: HealBell
|move|p1a: Bronzong|Stealth Rock|p2a: Vaporeon
|-sidestart|p2: poonHunter (DD)|move: Stealth Rock
|
|-heal|p1a: Bronzong|275\/338|[from] item: Leftovers
|turn|16
|
|switch|p2a: Forretress|Forretress, M|354\/354
|-damage|p2a: Forretress|310\/354|[from] Stealth Rock
|move|p1a: Bronzong|Toxic|p2a: Forretress
|-fail|p2a: Forretress
|
|-heal|p2a: Forretress|332\/354|[from] item: Leftovers
|-heal|p1a: Bronzong|296\/338|[from] item: Leftovers
|turn|17
|
|switch|p1a: Trevenant|Trevenant, F|374\/374
|move|p2a: Forretress|Spikes|p1a: Trevenant
|-sidestart|p1: oh no oh no|Spikes
|
|-heal|p2a: Forretress|354\/354|[from] item: Leftovers
|turn|18
|
|move|p1a: Trevenant|Will-O-Wisp|p2a: Forretress
|-status|p2a: Forretress|brn
|move|p2a: Forretress|Spikes|p1a: Trevenant
|-sidestart|p1: oh no oh no|Spikes
|
|-damage|p2a: Forretress|310\/354 brn|[from] brn
|turn|19
|
|move|p1a: Trevenant|Substitute|p1a: Trevenant
|-start|p1a: Trevenant|Substitute
|-damage|p1a: Trevenant|281\/374
|move|p2a: Forretress|Spikes|p1a: Trevenant
|-sidestart|p1: oh no oh no|Spikes
|
|-heal|p2a: Forretress|332\/354 brn|[from] item: Leftovers
|-damage|p2a: Forretress|288\/354 brn|[from] brn
|turn|20
|
|move|p1a: Trevenant|Leech Seed|p2a: Forretress
|-start|p2a: Forretress|move: Leech Seed
|move|p2a: Forretress|Volt Switch|p1a: Trevenant
|-resisted|p1a: Trevenant
|-activate|p1a: Trevenant|Substitute|[damage]
|
|switch|p2a: Vaporeon|Vaporeon, M, shiny|464\/464
|-damage|p2a: Vaporeon|406\/464|[from] Stealth Rock
|
|-heal|p2a: Vaporeon|435\/464|[from] item: Leftovers
|turn|21
|
|move|p2a: Vaporeon|Wish|p2a: Vaporeon
|move|p1a: Trevenant|Leech Seed|p2a: Vaporeon
|-start|p2a: Vaporeon|move: Leech Seed
|
|-heal|p2a: Vaporeon|464\/464|[from] item: Leftovers
|-damage|p2a: Vaporeon|406\/464|[from] Leech Seed|[of] p1a: Trevenant
|-heal|p1a: Trevenant|339\/374|[silent]
|turn|22
|
|switch|p2a: Entei|Entei, shiny|268\/371
|-damage|p2a: Entei|176\/371|[from] Stealth Rock
|-ability|p2a: Entei|Pressure
|move|p1a: Trevenant|Will-O-Wisp|p2a: Entei
|-fail|p2a: Entei
|
|-heal|p2a: Entei|371\/371|[from] move: Wish|[wisher] Vaporeon
|turn|23
|
|move|p2a: Entei|Sacred Fire|p1a: Trevenant
|-supereffective|p1a: Trevenant
|-end|p1a: Trevenant|Substitute
|move|p1a: Trevenant|Leech Seed|p2a: Entei
|-start|p2a: Entei|move: Leech Seed
|
|-damage|p2a: Entei|325\/371|[from] Leech Seed|[of] p1a: Trevenant
|-heal|p1a: Trevenant|374\/374|[silent]
|turn|24
|
|switch|p1a: Suicune|Suicune|404\/404 slp
|-damage|p1a: Suicune|303\/404 slp|[from] Spikes
|-ability|p1a: Suicune|Pressure
|move|p2a: Entei|Sacred Fire|p1a: Suicune
|-resisted|p1a: Suicune
|-damage|p1a: Suicune|210\/404 slp
|
|-heal|p1a: Suicune|235\/404 slp|[from] item: Leftovers
|-damage|p2a: Entei|279\/371|[from] Leech Seed|[of] p1a: Suicune
|-heal|p1a: Suicune|281\/404 slp|[silent]
|turn|25
|
|switch|p2a: Raikou|Raikou|241\/322
|-damage|p2a: Raikou|201\/322|[from] Stealth Rock
|-ability|p2a: Raikou|Pressure
|cant|p1a: Suicune|slp
|move|p1a: Suicune|Sleep Talk|p1a: Suicune
|move|p1a: Suicune|Scald|p2a: Raikou|[from]Sleep Talk
|-damage|p2a: Raikou|111\/322
|
|-heal|p1a: Suicune|306\/404 slp|[from] item: Leftovers
|turn|26
|
|switch|p1a: Bronzong|Bronzong|296\/338
|move|p2a: Raikou|Thunderbolt|p1a: Bronzong
|-damage|p1a: Bronzong|118\/338
|
|-heal|p1a: Bronzong|139\/338|[from] item: Leftovers
|turn|27
|
|move|p1a: Bronzong|Protect|p1a: Bronzong
|-singleturn|p1a: Bronzong|Protect
|move|p2a: Raikou|Thunderbolt|p1a: Bronzong
|-activate|p1a: Bronzong|Protect
|
|-heal|p1a: Bronzong|160\/338|[from] item: Leftovers
|turn|28
|
|switch|p1a: Trevenant|Trevenant, F|374\/374
|-damage|p1a: Trevenant|281\/374|[from] Spikes
|move|p2a: Raikou|Thunderbolt|p1a: Trevenant
|-resisted|p1a: Trevenant
|-damage|p1a: Trevenant|194\/374
|-status|p1a: Trevenant|par
|
|turn|29
|
|move|p2a: Raikou|Thunderbolt|p1a: Trevenant
|-resisted|p1a: Trevenant
|-damage|p1a: Trevenant|97\/374 par
|-enditem|p1a: Trevenant|Sitrus Berry|[eat]
|-heal|p1a: Trevenant|190\/374 par|[from] item: Sitrus Berry
|move|p1a: Trevenant|Leech Seed|p2a: Raikou
|-start|p2a: Raikou|move: Leech Seed
|
|-damage|p2a: Raikou|71\/322|[from] Leech Seed|[of] p1a: Trevenant
|-heal|p1a: Trevenant|230\/374 par|[silent]
|turn|30
|
|switch|p2a: Beedrill|Beedrill-Mega, M, shiny|271\/271
|-damage|p2a: Beedrill|204\/271|[from] Stealth Rock
|move|p1a: Trevenant|Substitute|p1a: Trevenant
|-start|p1a: Trevenant|Substitute
|-damage|p1a: Trevenant|137\/374 par
|
|turn|31
|
|move|p2a: Beedrill|U-turn|p1a: Trevenant
|-end|p1a: Trevenant|Substitute
|
|switch|p2a: Krookodile|Krookodile, F|312\/332
|-damage|p2a: Krookodile|292\/332|[from] Stealth Rock
|move|p1a: Trevenant|Leech Seed|p2a: Krookodile
|-start|p2a: Krookodile|move: Leech Seed
|
|-damage|p2a: Krookodile|251\/332|[from] Leech Seed|[of] p1a: Trevenant
|-heal|p1a: Trevenant|178\/374 par|[silent]
|-item|p1a: Trevenant|Sitrus Berry|[from] ability: Harvest
|-enditem|p1a: Trevenant|Sitrus Berry|[eat]
|-heal|p1a: Trevenant|271\/374 par|[from] item: Sitrus Berry
|turn|32
|
|switch|p1a: Bronzong|Bronzong|160\/338
|move|p2a: Krookodile|Superpower|p1a: Bronzong
|-damage|p1a: Bronzong|66\/338
|-unboost|p2a: Krookodile|atk|1
|-unboost|p2a: Krookodile|def|1
|
|-heal|p1a: Bronzong|87\/338|[from] item: Leftovers
|-damage|p2a: Krookodile|210\/332|[from] Leech Seed|[of] p1a: Bronzong
|-heal|p1a: Bronzong|128\/338|[silent]
|turn|33
|
|switch|p2a: Forretress|Forretress, M|288\/354 brn
|-damage|p2a: Forretress|244\/354 brn|[from] Stealth Rock
|move|p1a: Bronzong|Toxic|p2a: Forretress
|-fail|p2a: Forretress
|
|-heal|p2a: Forretress|266\/354 brn|[from] item: Leftovers
|-heal|p1a: Bronzong|149\/338|[from] item: Leftovers
|-damage|p2a: Forretress|222\/354 brn|[from] brn
|turn|34
|
|switch|p1a: Forretress|Forretress, M|153\/353
|-damage|p1a: Forretress|65\/353|[from] Spikes
|move|p2a: Forretress|Volt Switch|p1a: Forretress
|-damage|p1a: Forretress|27\/353
|
|switch|p2a: Krookodile|Krookodile, F|210\/332
|-damage|p2a: Krookodile|190\/332|[from] Stealth Rock
|
|turn|35
|
|move|p2a: Krookodile|Knock Off|p1a: Forretress
|-damage|p1a: Forretress|0 fnt
|faint|p1a: Forretress
|-boost|p2a: Krookodile|atk|1|[from] ability: Moxie
|
|
|switch|p1a: Umbreon|Umbreon, M|307\/394
|-damage|p1a: Umbreon|209\/394|[from] Spikes
|turn|36
|
|move|p1a: Umbreon|Protect|p1a: Umbreon
|-singleturn|p1a: Umbreon|Protect
|move|p2a: Krookodile|Knock Off|p1a: Umbreon
|-activate|p1a: Umbreon|Protect
|
|-heal|p1a: Umbreon|233\/394|[from] item: Leftovers
|turn|37
|
|switch|p2a: Forretress|Forretress, M|222\/354 brn
|-damage|p2a: Forretress|178\/354 brn|[from] Stealth Rock
|move|p1a: Umbreon|Foul Play|p2a: Forretress
|-damage|p2a: Forretress|96\/354 brn
|
|-heal|p1a: Umbreon|257\/394|[from] item: Leftovers
|-heal|p2a: Forretress|118\/354 brn|[from] item: Leftovers
|-damage|p2a: Forretress|74\/354 brn|[from] brn
|turn|38
|
|move|p1a: Umbreon|Wish|p1a: Umbreon
|move|p2a: Forretress|Rapid Spin|p1a: Umbreon
|-damage|p1a: Umbreon|249\/394
|-sideend|p2: poonHunter (DD)|Stealth Rock|[from] move: Rapid Spin|[of] p2a: Forretress
|
|-heal|p1a: Umbreon|273\/394|[from] item: Leftovers
|-heal|p2a: Forretress|96\/354 brn|[from] item: Leftovers
|-damage|p2a: Forretress|52\/354 brn|[from] brn
|turn|39
|
|move|p1a: Umbreon|Foul Play|p2a: Forretress
|-damage|p2a: Forretress|0 fnt
|faint|p2a: Forretress
|
|-heal|p1a: Umbreon|394\/394|[from] move: Wish|[wisher] Umbreon
|
|switch|p2a: Beedrill|Beedrill-Mega, M, shiny|204\/271
|turn|40
|
|move|p1a: Umbreon|Protect|p1a: Umbreon
|-singleturn|p1a: Umbreon|Protect
|move|p2a: Beedrill|U-turn|p1a: Umbreon
|-activate|p1a: Umbreon|Protect
|
|turn|41
|
|move|p2a: Beedrill|U-turn|p1a: Umbreon
|-supereffective|p1a: Umbreon
|-damage|p1a: Umbreon|66\/394
|
|switch|p2a: Raikou|Raikou|71\/322
|-ability|p2a: Raikou|Pressure
|move|p1a: Umbreon|Wish|p1a: Umbreon
|
|-heal|p1a: Umbreon|90\/394|[from] item: Leftovers
|turn|42
|
|move|p1a: Umbreon|Protect|p1a: Umbreon
|-singleturn|p1a: Umbreon|Protect
|move|p2a: Raikou|Volt Switch|p1a: Umbreon
|-activate|p1a: Umbreon|Protect
|
|-heal|p1a: Umbreon|287\/394|[from] move: Wish|[wisher] Umbreon
|-heal|p1a: Umbreon|311\/394|[from] item: Leftovers
|turn|43
|
|move|p2a: Raikou|Volt Switch|p1a: Umbreon
|-damage|p1a: Umbreon|217\/394
|
|switch|p2a: Vaporeon|Vaporeon, M, shiny|406\/464
|move|p1a: Umbreon|Toxic|p2a: Vaporeon
|-status|p2a: Vaporeon|tox
|
|-heal|p2a: Vaporeon|435\/464 tox|[from] item: Leftovers
|-heal|p1a: Umbreon|241\/394|[from] item: Leftovers
|-damage|p2a: Vaporeon|406\/464 tox|[from] psn
|turn|44
|
|switch|p2a: Krookodile|Krookodile, F|190\/332
|move|p1a: Umbreon|Wish|p1a: Umbreon
|
|-heal|p1a: Umbreon|265\/394|[from] item: Leftovers
|turn|45
|
|move|p1a: Umbreon|Protect|p1a: Umbreon
|-singleturn|p1a: Umbreon|Protect
|move|p2a: Krookodile|Knock Off|p1a: Umbreon
|-activate|p1a: Umbreon|Protect
|
|-heal|p1a: Umbreon|394\/394|[from] move: Wish|[wisher] Umbreon
|turn|46
|
|move|p2a: Krookodile|Knock Off|p1a: Umbreon
|-resisted|p1a: Umbreon
|-damage|p1a: Umbreon|322\/394
|-enditem|p1a: Umbreon|Leftovers|[from] move: Knock Off|[of] p2a: Krookodile
|move|p1a: Umbreon|Toxic|p2a: Krookodile
|-status|p2a: Krookodile|tox
|
|-damage|p2a: Krookodile|170\/332 tox|[from] psn
|turn|47
|
|switch|p2a: Vaporeon|Vaporeon, M, shiny|406\/464 tox
|move|p1a: Umbreon|Wish|p1a: Umbreon
|
|-heal|p2a: Vaporeon|435\/464 tox|[from] item: Leftovers
|-damage|p2a: Vaporeon|406\/464 tox|[from] psn
|turn|48
|
|switch|p1a: Blissey|Blissey, F|294\/657
|-damage|p1a: Blissey|130\/657|[from] Spikes
|switch|p2a: Entei|Entei, shiny|279\/371
|-ability|p2a: Entei|Pressure
|
|-heal|p1a: Blissey|327\/657|[from] move: Wish|[wisher] Umbreon
|turn|49
|
|move|p2a: Entei|Flare Blitz|p1a: Blissey
|-damage|p1a: Blissey|0 fnt
|-damage|p2a: Entei|171\/371|[from] recoil|[of] p1a: Blissey
|faint|p1a: Blissey
|
|
|switch|p1a: Suicune|Suicune|306\/404 slp
|-damage|p1a: Suicune|205\/404 slp|[from] Spikes
|-ability|p1a: Suicune|Pressure
|turn|50
|
|switch|p2a: Vaporeon|Vaporeon, M, shiny|406\/464 tox
|cant|p1a: Suicune|slp
|move|p1a: Suicune|Sleep Talk|p1a: Suicune
|move|p1a: Suicune|Roar|p2a: Vaporeon|[from]Sleep Talk
|drag|p2a: Entei|Entei, shiny|171\/371
|-ability|p2a: Entei|Pressure
|
|-heal|p1a: Suicune|230\/404 slp|[from] item: Leftovers
|turn|51
|
|switch|p2a: Vaporeon|Vaporeon, M, shiny|406\/464 tox
|-curestatus|p1a: Suicune|slp
|move|p1a: Suicune|Scald|p2a: Vaporeon
|-heal|p2a: Vaporeon|464\/464 tox|[from] ability: Water Absorb|[of] p1a: Suicune
|
|-heal|p1a: Suicune|255\/404|[from] item: Leftovers
|-damage|p2a: Vaporeon|435\/464 tox|[from] psn
|turn|52
|
|switch|p1a: Bronzong|Bronzong|149\/338
|move|p2a: Vaporeon|Heal Bell|p2a: Vaporeon
|-cureteam|p2a: Vaporeon|[from] move: HealBell
|
|-heal|p2a: Vaporeon|464\/464|[from] item: Leftovers
|-heal|p1a: Bronzong|170\/338|[from] item: Leftovers
|turn|53
|
|move|p2a: Vaporeon|Wish|p2a: Vaporeon
|move|p1a: Bronzong|Stealth Rock|p2a: Vaporeon
|-sidestart|p2: poonHunter (DD)|move: Stealth Rock
|
|-heal|p1a: Bronzong|191\/338|[from] item: Leftovers
|turn|54
|
|switch|p2a: Krookodile|Krookodile, F|170\/332
|-damage|p2a: Krookodile|150\/332|[from] Stealth Rock
|move|p1a: Bronzong|Gyro Ball|p2a: Krookodile
|-damage|p2a: Krookodile|0 fnt
|faint|p2a: Krookodile
|
|-heal|p1a: Bronzong|212\/338|[from] item: Leftovers
|
|switch|p2a: Entei|Entei, shiny|171\/371
|-damage|p2a: Entei|79\/371|[from] Stealth Rock
|-ability|p2a: Entei|Pressure
|turn|55
|
|move|p1a: Bronzong|Protect|p1a: Bronzong
|-singleturn|p1a: Bronzong|Protect
|move|p2a: Entei|Sacred Fire|p1a: Bronzong
|-activate|p1a: Bronzong|Protect
|
|-heal|p1a: Bronzong|233\/338|[from] item: Leftovers
|turn|56
|
|switch|p1a: Suicune|Suicune|255\/404
|-damage|p1a: Suicune|154\/404|[from] Spikes
|-ability|p1a: Suicune|Pressure
|move|p2a: Entei|Sacred Fire|p1a: Suicune
|-resisted|p1a: Suicune
|-damage|p1a: Suicune|65\/404
|
|-heal|p1a: Suicune|90\/404|[from] item: Leftovers
|turn|57
|
|-activate|p2a: Entei|move: Struggle
|move|p2a: Entei|Struggle|p1a: Suicune
|-damage|p1a: Suicune|36\/404
|-damage|p2a: Entei|0 fnt
|faint|p2a: Entei
|move|p1a: Suicune|Rest|p1a: Suicune
|-status|p1a: Suicune|slp
|-heal|p1a: Suicune|404\/404 slp|[silent]
|-status|p1a: Suicune|slp|[from] move: Rest
|
|
|switch|p2a: Raikou|Raikou|71\/322
|-damage|p2a: Raikou|31\/322|[from] Stealth Rock
|-ability|p2a: Raikou|Pressure
|turn|58
|
|switch|p1a: Umbreon|Umbreon, M|322\/394
|-damage|p1a: Umbreon|224\/394|[from] Spikes
|move|p2a: Raikou|Thunderbolt|p1a: Umbreon
|-damage|p1a: Umbreon|101\/394
|-status|p1a: Umbreon|par
|
|turn|59
|
|move|p1a: Umbreon|Protect|p1a: Umbreon
|-singleturn|p1a: Umbreon|Protect
|move|p2a: Raikou|Thunderbolt|p1a: Umbreon
|-activate|p1a: Umbreon|Protect
|
|turn|60
|
|move|p2a: Raikou|Thunderbolt|p1a: Umbreon
|-damage|p1a: Umbreon|0 fnt
|faint|p1a: Umbreon
|
|
|switch|p1a: Trevenant|Trevenant, F|271\/374 par
|-damage|p1a: Trevenant|178\/374 par|[from] Spikes
|turn|61
|
|move|p2a: Raikou|Thunderbolt|p1a: Trevenant
|-resisted|p1a: Trevenant
|-damage|p1a: Trevenant|94\/374 par
|move|p1a: Trevenant|Leech Seed|p2a: Raikou
|-start|p2a: Raikou|move: Leech Seed
|
|-damage|p2a: Raikou|0 fnt|[from] Leech Seed|[of] p1a: Trevenant
|-heal|p1a: Trevenant|125\/374 par|[silent]
|faint|p2a: Raikou
|
|switch|p2a: Beedrill|Beedrill-Mega, M, shiny|204\/271
|-damage|p2a: Beedrill|137\/271|[from] Stealth Rock
|turn|62
|
|move|p2a: Beedrill|U-turn|p1a: Trevenant
|-damage|p1a: Trevenant|0 fnt
|faint|p1a: Trevenant
|
|switch|p2a: Vaporeon|Vaporeon, M, shiny|464\/464
|-damage|p2a: Vaporeon|406\/464|[from] Stealth Rock
|
|-heal|p2a: Vaporeon|435\/464|[from] item: Leftovers
|
|switch|p1a: Suicune|Suicune|404\/404 slp
|-damage|p1a: Suicune|303\/404 slp|[from] Spikes
|-ability|p1a: Suicune|Pressure
|turn|63
|
|cant|p1a: Suicune|slp
|move|p1a: Suicune|Sleep Talk|p1a: Suicune
|move|p1a: Suicune|Rest|p1a: Suicune|[from]Sleep Talk
|-fail|p1a: Suicune
|move|p2a: Vaporeon|Wish|p2a: Vaporeon
|
|-heal|p1a: Suicune|328\/404 slp|[from] item: Leftovers
|-heal|p2a: Vaporeon|464\/464|[from] item: Leftovers
|turn|64
|
|cant|p1a: Suicune|slp
|move|p1a: Suicune|Sleep Talk|p1a: Suicune
|move|p1a: Suicune|Roar|p2a: Vaporeon|[from]Sleep Talk
|drag|p2a: Beedrill|Beedrill-Mega, M, shiny|137\/271
|-damage|p2a: Beedrill|70\/271|[from] Stealth Rock
|
|-heal|p2a: Beedrill|271\/271|[from] move: Wish|[wisher] Vaporeon
|-heal|p1a: Suicune|353\/404 slp|[from] item: Leftovers
|turn|65
|
|move|p2a: Beedrill|Poison Jab|p1a: Suicune
|-damage|p1a: Suicune|215\/404 slp
|-curestatus|p1a: Suicune|slp
|move|p1a: Suicune|Scald|p2a: Beedrill
|-crit|p2a: Beedrill
|-damage|p2a: Beedrill|114\/271
|-status|p2a: Beedrill|brn
|
|-heal|p1a: Suicune|240\/404|[from] item: Leftovers
|-damage|p2a: Beedrill|81\/271 brn|[from] brn
|turn|66
|c|âpoonHunter (DD)|gg
|-message|poonHunter (DD) forfeited.
|
|win|oh no oh no
|raw|Ladder updating...
|leave|poonHunter (DD)
|player|p2
|leave|EWCT
|raw|oh no oh no's rating: 1327 &rarr; <strong>1355<\/strong><br \/>(+28 for winning)
|raw|poonHunter (DD)'s rating: 1476 &rarr; <strong>1447<\/strong><br \/>(-29 for losing)