|join|oh no oh no
|join|hunt12
|player|p1|oh no oh no|266
|player|p2|hunt12|162
|gametype|singles
|gen|6
|tier|UU
|rated
|rule|Sleep Clause Mod: Limit one foe put to sleep
|rule|Species Clause: Limit one of each PokÃ©mon
|rule|OHKO Clause: OHKO moves are banned
|rule|Moody Clause: Moody is banned
|rule|Evasion Moves Clause: Evasion moves are banned
|rule|Endless Battle Clause: Forcing endless battles is banned
|rule|HP Percentage Mod: HP is shown in percentages
|clearpoke
|poke|p1|Blissey, F
|poke|p1|Chesnaught, M
|poke|p1|Uxie
|poke|p1|Tentacruel, F
|poke|p1|Rotom-Heat
|poke|p1|Suicune
|poke|p2|Absol, M
|poke|p2|Donphan, M
|poke|p2|Cloyster, F
|poke|p2|Alakazam, M
|poke|p2|Galvantula, M
|poke|p2|Florges, F, shiny
|rule|Swagger Clause: Swagger is banned
|rule|Baton Pass Clause: Limit one PokÃ©mon knowing Baton Pass
|teampreview
|
|start
|switch|p1a: Tentacruel|Tentacruel, F|361\/361
|switch|p2a: Houdini|Alakazam, M|252\/252
|turn|1
|
|switch|p1a: Blissey|Blissey, F|657\/657
|move|p2a: Houdini|Psyshock|p1a: Blissey
|-damage|p1a: Blissey|245\/657
|
|-heal|p1a: Blissey|286\/657|[from] item: Leftovers
|turn|2
|
|switch|p1a: Uxie|Uxie|354\/354
|move|p2a: Houdini|Psyshock|p1a: Uxie
|-resisted|p1a: Uxie
|-damage|p1a: Uxie|286\/354
|
|-heal|p1a: Uxie|308\/354|[from] item: Leftovers
|turn|3
|
|switch|p2a: Summer|Florges, F, shiny|360\/360
|move|p1a: Uxie|Stealth Rock|p2a: Summer
|-sidestart|p2: hunt12|move: Stealth Rock
|
|-heal|p1a: Uxie|330\/354|[from] item: Leftovers
|turn|4
|
|move|p1a: Uxie|U-turn|p2a: Summer
|-resisted|p2a: Summer
|-damage|p2a: Summer|329\/360
|
|switch|p1a: Blissey|Blissey, F|286\/657
|move|p2a: Summer|Toxic|p1a: Blissey
|-status|p1a: Blissey|tox
|
|-heal|p2a: Summer|351\/360|[from] item: Leftovers
|-heal|p1a: Blissey|327\/657 tox|[from] item: Leftovers
|-damage|p1a: Blissey|286\/657 tox|[from] psn
|turn|5
|
|move|p2a: Summer|Wish|p2a: Summer
|move|p1a: Blissey|Wish|p1a: Blissey
|
|-heal|p2a: Summer|360\/360|[from] item: Leftovers
|-heal|p1a: Blissey|327\/657 tox|[from] item: Leftovers
|-damage|p1a: Blissey|245\/657 tox|[from] psn
|turn|6
|
|switch|p2a: Delta|Absol, M|271\/271
|-damage|p2a: Delta|238\/271|[from] Stealth Rock
|move|p1a: Blissey|Toxic|p2a: Delta
|-status|p2a: Delta|tox
|
|-heal|p2a: Delta|271\/271 tox|[from] move: Wish|[wisher] Summer
|-heal|p1a: Blissey|573\/657 tox|[from] move: Wish|[wisher] Blissey
|-heal|p1a: Blissey|614\/657 tox|[from] item: Leftovers
|-damage|p2a: Delta|255\/271 tox|[from] psn
|-damage|p1a: Blissey|491\/657 tox|[from] psn
|turn|7
|
|switch|p1a: Chesnaught|Chesnaught, M|380\/380
|detailschange|p2a: Delta|Absol-Mega, M
|message|Absol has Mega Evolved into Mega Absol!
|move|p2a: Delta|Swords Dance|p2a: Delta
|-boost|p2a: Delta|atk|2
|
|-damage|p2a: Delta|223\/271 tox|[from] psn
|turn|8
|
|move|p2a: Delta|Play Rough|p1a: Chesnaught
|-crit|p1a: Chesnaught
|-supereffective|p1a: Chesnaught
|-damage|p1a: Chesnaught|0 fnt
|faint|p1a: Chesnaught
|
|-damage|p2a: Delta|175\/271 tox|[from] psn
|
|switch|p1a: Rotom-Heat|Rotom-Heat|304\/304
|turn|9
|
|move|p2a: Delta|Sucker Punch|p1a: Rotom-Heat
|-damage|p1a: Rotom-Heat|16\/304
|move|p1a: Rotom-Heat|Overheat|p2a: Delta|[miss]
|-miss|p1a: Rotom-Heat|p2a: Delta
|
|-heal|p1a: Rotom-Heat|35\/304|[from] item: Leftovers
|-damage|p2a: Delta|111\/271 tox|[from] psn
|turn|10
|
|move|p2a: Delta|Play Rough|p1a: Rotom-Heat
|-resisted|p1a: Rotom-Heat
|-damage|p1a: Rotom-Heat|0 fnt
|faint|p1a: Rotom-Heat
|
|-damage|p2a: Delta|31\/271 tox|[from] psn
|
|switch|p1a: Blissey|Blissey, F|491\/657
|turn|11
|
|move|p1a: Blissey|Protect|p1a: Blissey
|-singleturn|p1a: Blissey|Protect
|move|p2a: Delta|Play Rough|p1a: Blissey
|-activate|p1a: Blissey|Protect
|
|-heal|p1a: Blissey|532\/657|[from] item: Leftovers
|-damage|p2a: Delta|0 fnt|[from] psn
|faint|p2a: Delta
|
|switch|p2a: Houdini|Alakazam, M|252\/252
|turn|12
|
|switch|p1a: Uxie|Uxie|330\/354
|move|p2a: Houdini|Shadow Ball|p1a: Uxie
|-supereffective|p1a: Uxie
|-damage|p1a: Uxie|80\/354
|-unboost|p1a: Uxie|spd|1
|
|-heal|p1a: Uxie|102\/354|[from] item: Leftovers
|turn|13
|
|switch|p1a: Tentacruel|Tentacruel, F|361\/361
|move|p2a: Houdini|Shadow Ball|p1a: Tentacruel
|-crit|p1a: Tentacruel
|-damage|p1a: Tentacruel|164\/361
|-unboost|p1a: Tentacruel|spd|1
|
|-heal|p1a: Tentacruel|186\/361|[from] item: Black Sludge
|turn|14
|c|âhunt12|I'm haxin the shit out of you
|
|switch|p2a: Summer|Florges, F, shiny|360\/360
|-damage|p2a: Summer|315\/360|[from] Stealth Rock
|move|p1a: Tentacruel|Toxic Spikes|p2a: Summer
|-sidestart|p2: hunt12|move: Toxic Spikes
|
|-heal|p1a: Tentacruel|208\/361|[from] item: Black Sludge
|-heal|p2a: Summer|337\/360|[from] item: Leftovers
|turn|15
|
|switch|p2a: Trismegistus|Galvantula, M|281\/281
|-status|p2a: Trismegistus|psn
|-damage|p2a: Trismegistus|211\/281 psn|[from] Stealth Rock
|move|p1a: Tentacruel|Toxic Spikes|p2a: Trismegistus
|-sidestart|p2: hunt12|move: Toxic Spikes
|
|-heal|p1a: Tentacruel|230\/361|[from] item: Black Sludge
|-damage|p2a: Trismegistus|176\/281 psn|[from] psn
|turn|16
|
|switch|p1a: Blissey|Blissey, F|532\/657
|move|p2a: Trismegistus|Sticky Web|p1a: Blissey
|-sidestart|p1: oh no oh no|move: Sticky Web
|
|-heal|p1a: Blissey|573\/657|[from] item: Leftovers
|-damage|p2a: Trismegistus|141\/281 psn|[from] psn
|turn|17
|
|move|p2a: Trismegistus|Thunder|p1a: Blissey
|-damage|p1a: Blissey|470\/657
|move|p1a: Blissey|Seismic Toss|p2a: Trismegistus
|-damage|p2a: Trismegistus|41\/281 psn
|
|-heal|p1a: Blissey|511\/657|[from] item: Leftovers
|-damage|p2a: Trismegistus|6\/281 psn|[from] psn
|turn|18
|
|move|p2a: Trismegistus|Thunder|p1a: Blissey
|-damage|p1a: Blissey|405\/657
|move|p1a: Blissey|Wish|p1a: Blissey
|
|-heal|p1a: Blissey|446\/657|[from] item: Leftovers
|-damage|p2a: Trismegistus|0 fnt|[from] psn
|faint|p2a: Trismegistus
|
|switch|p2a: Glacius|Cloyster, F|242\/242
|-status|p2a: Glacius|tox
|-damage|p2a: Glacius|182\/242 tox|[from] Stealth Rock
|turn|19
|
|switch|p1a: Tentacruel|Tentacruel, F|230\/361
|-activate|p1a: Tentacruel|move: Sticky Web
|-unboost|p1a: Tentacruel|spe|1
|move|p2a: Glacius|Shell Smash|p2a: Glacius
|-boost|p2a: Glacius|atk|2
|-boost|p2a: Glacius|spa|2
|-boost|p2a: Glacius|spe|2
|-unboost|p2a: Glacius|def|1
|-unboost|p2a: Glacius|spd|1
|
|-heal|p1a: Tentacruel|361\/361|[from] move: Wish|[wisher] Blissey
|-damage|p2a: Glacius|167\/242 tox|[from] psn
|turn|20
|
|move|p2a: Glacius|Rock Blast|p1a: Tentacruel
|-damage|p1a: Tentacruel|310\/361
|-damage|p1a: Tentacruel|260\/361
|-damage|p1a: Tentacruel|209\/361
|-damage|p1a: Tentacruel|156\/361
|-damage|p1a: Tentacruel|105\/361
|-hitcount|p1a: Tentacruel|5
|move|p1a: Tentacruel|Knock Off|p2a: Glacius
|-damage|p2a: Glacius|118\/242 tox
|-enditem|p2a: Glacius|Focus Sash|[from] move: Knock Off|[of] p1a: Tentacruel
|
|-heal|p1a: Tentacruel|127\/361|[from] item: Black Sludge
|-damage|p2a: Glacius|88\/242 tox|[from] psn
|turn|21
|
|switch|p1a: Suicune|Suicune|404\/404
|-activate|p1a: Suicune|move: Sticky Web
|-unboost|p1a: Suicune|spe|1
|-ability|p1a: Suicune|Pressure
|move|p2a: Glacius|Rock Blast|p1a: Suicune|[miss]
|-miss|p2a: Glacius|p1a: Suicune
|
|-damage|p2a: Glacius|43\/242 tox|[from] psn
|turn|22
|
|move|p2a: Glacius|Rock Blast|p1a: Suicune
|-damage|p1a: Suicune|367\/404
|-damage|p1a: Suicune|330\/404
|-crit|p1a: Suicune
|-damage|p1a: Suicune|277\/404
|-damage|p1a: Suicune|241\/404
|-damage|p1a: Suicune|205\/404
|-hitcount|p1a: Suicune|5
|move|p1a: Suicune|Roar|p2a: Glacius
|drag|p2a: Tanthor|Donphan, M|384\/384
|-status|p2a: Tanthor|tox
|-damage|p2a: Tanthor|360\/384 tox|[from] Stealth Rock
|
|-heal|p1a: Suicune|230\/404|[from] item: Leftovers
|-heal|p2a: Tanthor|384\/384 tox|[from] item: Leftovers
|-damage|p2a: Tanthor|360\/384 tox|[from] psn
|turn|23
|
|move|p1a: Suicune|Scald|p2a: Tanthor
|-crit|p2a: Tanthor
|-supereffective|p2a: Tanthor
|-damage|p2a: Tanthor|0 fnt
|faint|p2a: Tanthor
|
|-heal|p1a: Suicune|255\/404|[from] item: Leftovers
|
|switch|p2a: Summer|Florges, F, shiny|337\/360
|-damage|p2a: Summer|292\/360|[from] Stealth Rock
|-status|p2a: Summer|tox
|turn|24
|
|switch|p1a: Tentacruel|Tentacruel, F|127\/361
|-activate|p1a: Tentacruel|move: Sticky Web
|-unboost|p1a: Tentacruel|spe|1
|move|p2a: Summer|Aromatherapy|p2a: Summer
|-cureteam|p2a: Summer|[from] move: Aromatherapy
|
|-heal|p2a: Summer|314\/360|[from] item: Leftovers
|-heal|p1a: Tentacruel|149\/361|[from] item: Black Sludge
|turn|25
|
|move|p2a: Summer|Moonblast|p1a: Tentacruel
|-crit|p1a: Tentacruel
|-resisted|p1a: Tentacruel
|-damage|p1a: Tentacruel|71\/361
|move|p1a: Tentacruel|Knock Off|p2a: Summer
|-resisted|p2a: Summer
|-damage|p2a: Summer|282\/360
|-enditem|p2a: Summer|Leftovers|[from] move: Knock Off|[of] p1a: Tentacruel
|
|-heal|p1a: Tentacruel|93\/361|[from] item: Black Sludge
|turn|26
|
|move|p2a: Summer|Moonblast|p1a: Tentacruel
|-resisted|p1a: Tentacruel
|-damage|p1a: Tentacruel|39\/361
|-unboost|p1a: Tentacruel|spa|1
|move|p1a: Tentacruel|Rapid Spin|p2a: Summer
|-damage|p2a: Summer|266\/360
|-sideend|p1: oh no oh no|Sticky Web|[from] move: Rapid Spin|[of] p1a: Tentacruel
|
|-heal|p1a: Tentacruel|61\/361|[from] item: Black Sludge
|turn|27
|
|switch|p1a: Blissey|Blissey, F|446\/657
|move|p2a: Summer|Moonblast|p1a: Blissey
|-damage|p1a: Blissey|371\/657
|
|-heal|p1a: Blissey|412\/657|[from] item: Leftovers
|turn|28
|
|move|p2a: Summer|Toxic|p1a: Blissey
|-status|p1a: Blissey|tox
|move|p1a: Blissey|Wish|p1a: Blissey
|
|-heal|p1a: Blissey|453\/657 tox|[from] item: Leftovers
|-damage|p1a: Blissey|412\/657 tox|[from] psn
|turn|29
|
|switch|p2a: Houdini|Alakazam, M|252\/252
|-status|p2a: Houdini|tox
|switch|p1a: Tentacruel|Tentacruel, F|61\/361
|
|-heal|p1a: Tentacruel|361\/361|[from] move: Wish|[wisher] Blissey
|turn|30
|
|switch|p1a: Uxie|Uxie|102\/354
|move|p2a: Houdini|Psyshock|p1a: Uxie
|-resisted|p1a: Uxie
|-damage|p1a: Uxie|40\/354
|
|-heal|p1a: Uxie|62\/354|[from] item: Leftovers
|turn|31
|
|move|p2a: Houdini|Psyshock|p1a: Uxie
|-crit|p1a: Uxie
|-resisted|p1a: Uxie
|-damage|p1a: Uxie|0 fnt
|faint|p1a: Uxie
|
|
|switch|p1a: Suicune|Suicune|255\/404
|-ability|p1a: Suicune|Pressure
|turn|32
|
|move|p2a: Houdini|Psyshock|p1a: Suicune
|-damage|p1a: Suicune|114\/404
|move|p1a: Suicune|Scald|p2a: Houdini
|-damage|p2a: Houdini|168\/252 tox
|
|-heal|p1a: Suicune|139\/404|[from] item: Leftovers
|turn|33
|
|move|p2a: Houdini|Psyshock|p1a: Suicune
|-damage|p1a: Suicune|0 fnt
|faint|p1a: Suicune
|
|
|switch|p1a: Blissey|Blissey, F|412\/657
|turn|34
|
|move|p1a: Blissey|Protect|p1a: Blissey
|-singleturn|p1a: Blissey|Protect
|move|p2a: Houdini|Psyshock|p1a: Blissey
|-activate|p1a: Blissey|Protect
|
|-heal|p1a: Blissey|453\/657|[from] item: Leftovers
|turn|35
|
|move|p2a: Houdini|Psyshock|p1a: Blissey
|-damage|p1a: Blissey|45\/657
|move|p1a: Blissey|Wish|p1a: Blissey
|
|-heal|p1a: Blissey|86\/657|[from] item: Leftovers
|turn|36
|
|move|p1a: Blissey|Protect|p1a: Blissey
|-singleturn|p1a: Blissey|Protect
|move|p2a: Houdini|Psyshock|p1a: Blissey
|-activate|p1a: Blissey|Protect
|
|-heal|p1a: Blissey|414\/657|[from] move: Wish|[wisher] Blissey
|-heal|p1a: Blissey|455\/657|[from] item: Leftovers
|turn|37
|
|move|p2a: Houdini|Psyshock|p1a: Blissey
|-damage|p1a: Blissey|59\/657
|move|p1a: Blissey|Wish|p1a: Blissey
|
|-heal|p1a: Blissey|100\/657|[from] item: Leftovers
|turn|38
|
|move|p1a: Blissey|Protect|p1a: Blissey
|-singleturn|p1a: Blissey|Protect
|move|p2a: Houdini|Psyshock|p1a: Blissey
|-activate|p1a: Blissey|Protect
|
|-heal|p1a: Blissey|428\/657|[from] move: Wish|[wisher] Blissey
|-heal|p1a: Blissey|469\/657|[from] item: Leftovers
|turn|39
|
|switch|p2a: Summer|Florges, F, shiny|266\/360
|-status|p2a: Summer|tox
|-damage|p2a: Summer|221\/360 tox|[from] Stealth Rock
|move|p1a: Blissey|Wish|p1a: Blissey
|
|-heal|p1a: Blissey|510\/657|[from] item: Leftovers
|-damage|p2a: Summer|199\/360 tox|[from] psn
|turn|40
|
|switch|p1a: Tentacruel|Tentacruel, F|361\/361
|move|p2a: Summer|Toxic|p1a: Tentacruel
|-fail|p1a: Tentacruel
|
|-damage|p2a: Summer|155\/360 tox|[from] psn
|turn|41
|
|switch|p2a: Glacius|Cloyster, F|43\/242
|-damage|p2a: Glacius|0 fnt|[from] Stealth Rock
|faint|p2a: Glacius
|move|p1a: Tentacruel|Knock Off|p2: Glacius|[notarget]
|-notarget
|
|
|switch|p2a: Houdini|Alakazam, M|168\/252 tox
|turn|42
|
|move|p2a: Houdini|Psyshock|p1a: Tentacruel
|-supereffective|p1a: Tentacruel
|-damage|p1a: Tentacruel|0 fnt
|faint|p1a: Tentacruel
|
|
|switch|p1a: Blissey|Blissey, F|510\/657
|turn|43
|
|switch|p2a: Summer|Florges, F, shiny|155\/360 tox
|-damage|p2a: Summer|110\/360 tox|[from] Stealth Rock
|move|p1a: Blissey|Wish|p1a: Blissey
|
|-heal|p1a: Blissey|551\/657|[from] item: Leftovers
|-damage|p2a: Summer|88\/360 tox|[from] psn
|turn|44
|
|move|p2a: Summer|Wish|p2a: Summer
|move|p1a: Blissey|Seismic Toss|p2a: Summer
|-damage|p2a: Summer|0 fnt
|faint|p2a: Summer
|
|-heal|p1a: Blissey|657\/657|[from] move: Wish|[wisher] Blissey
|
|switch|p2a: Houdini|Alakazam, M|168\/252 tox
|turn|45
|
|move|p2a: Houdini|Psyshock|p1a: Blissey
|-crit|p1a: Blissey
|-damage|p1a: Blissey|59\/657
|move|p1a: Blissey|Wish|p1a: Blissey
|
|-heal|p2a: Houdini|252\/252 tox|[from] move: Wish|[wisher] Summer
|-heal|p1a: Blissey|100\/657|[from] item: Leftovers
|turn|46
|
|move|p1a: Blissey|Protect|p1a: Blissey
|-singleturn|p1a: Blissey|Protect
|move|p2a: Houdini|Psyshock|p1a: Blissey
|-activate|p1a: Blissey|Protect
|
|-heal|p1a: Blissey|428\/657|[from] move: Wish|[wisher] Blissey
|-heal|p1a: Blissey|469\/657|[from] item: Leftovers
|turn|47
|
|-activate|p2a: Houdini|move: Struggle
|move|p2a: Houdini|Struggle|p1a: Blissey
|-damage|p1a: Blissey|431\/657
|-damage|p2a: Houdini|189\/252 tox
|move|p1a: Blissey|Wish|p1a: Blissey
|
|-heal|p1a: Blissey|472\/657|[from] item: Leftovers
|turn|48
|c|âoh no oh no|gg
|-message|hunt12 forfeited.
|
|win|oh no oh no
|raw|Ladder updating...
|leave|hunt12
|player|p2
|raw|oh no oh no's rating: 1198 &rarr; <strong>1223<\/strong><br \/>(+25 for winning)
|raw|hunt12's rating: 1199 &rarr; <strong>1174<\/strong><br \/>(-25 for losing)