|join|oh no oh no
|join|Sacripan'
|player|p1|oh no oh no|157
|player|p2|Sacripan'|2
|gametype|singles
|gen|6
|tier|UU
|rated
|rule|Sleep Clause Mod: Limit one foe put to sleep
|rule|Species Clause: Limit one of each PokÃ©mon
|rule|OHKO Clause: OHKO moves are banned
|rule|Moody Clause: Moody is banned
|rule|Evasion Moves Clause: Evasion moves are banned
|rule|Endless Battle Clause: Forcing endless battles is banned
|rule|HP Percentage Mod: HP is shown in percentages
|clearpoke
|poke|p1|Florges, F
|poke|p1|Steelix, F
|poke|p1|Tentacruel, M
|poke|p1|Noivern, M
|poke|p1|Jellicent, F
|poke|p1|Chesnaught, M
|poke|p2|Entei, shiny
|poke|p2|Blastoise, F
|poke|p2|Celebi
|poke|p2|Raikou
|poke|p2|Lucario, M
|poke|p2|Hydreigon, M
|rule|Swagger Clause: Swagger is banned
|rule|Baton Pass Clause: Limit one PokÃ©mon knowing Baton Pass
|teampreview
|join|Pink Core Is Back
|
|start
|switch|p1a: Chesnaught|Chesnaught, M|380\/380
|switch|p2a: Blastoise|Blastoise, F|361\/361
|turn|1
|
|detailschange|p2a: Blastoise|Blastoise-Mega, F
|-mega|p2a: Blastoise|Blastoise|Blastoisinite
|move|p1a: Chesnaught|Spiky Shield|p1a: Chesnaught
|-singleturn|p1a: Chesnaught|move: Protect
|move|p2a: Blastoise|Ice Beam|p1a: Chesnaught
|-activate|p1a: Chesnaught|move: Protect
|
|turn|2
|
|switch|p2a: Entei|Entei, shiny|371\/371
|-ability|p2a: Entei|Pressure
|switch|p1a: Florges|Florges, F|360\/360
|
|turn|3
|
|switch|p1a: Jellicent|Jellicent, F|404\/404
|move|p2a: Entei|Sacred Fire|p1a: Jellicent
|-resisted|p1a: Jellicent
|-damage|p1a: Jellicent|280\/404
|
|-heal|p1a: Jellicent|305\/404|[from] item: Leftovers
|turn|4
|
|switch|p2a: Celebi|Celebi|342\/342
|move|p1a: Jellicent|Will-O-Wisp|p2a: Celebi
|-status|p2a: Celebi|brn
|
|-heal|p1a: Jellicent|330\/404|[from] item: Leftovers
|-damage|p2a: Celebi|300\/342 brn|[from] brn
|turn|5
|
|switch|p1a: Noivern|Noivern, M|374\/374
|move|p2a: Celebi|Stealth Rock|p1a: Noivern
|-sidestart|p1: oh no oh no|move: Stealth Rock
|
|-damage|p2a: Celebi|258\/342 brn|[from] brn
|turn|6
|
|switch|p2a: Raikou|Raikou|321\/321
|-ability|p2a: Raikou|Pressure
|move|p1a: Noivern|Draco Meteor|p2a: Raikou
|-damage|p2a: Raikou|170\/321
|-unboost|p1a: Noivern|spa|2
|
|turn|7
|
|switch|p1a: Steelix|Steelix, F|354\/354
|-damage|p1a: Steelix|343\/354|[from] Stealth Rock
|move|p2a: Raikou|Volt Switch|p1a: Steelix
|-immune|p1a: Steelix|[msg]
|
|turn|8
|
|switch|p2a: Blastoise|Blastoise-Mega, F|361\/361
|detailschange|p1a: Steelix|Steelix-Mega, F
|-mega|p1a: Steelix|Steelix|Steelixite
|move|p1a: Steelix|Stealth Rock|p2a: Blastoise
|-sidestart|p2: Sacripan'|move: Stealth Rock
|
|turn|9
|
|switch|p1a: Tentacruel|Tentacruel, M|364\/364
|-damage|p1a: Tentacruel|319\/364|[from] Stealth Rock
|move|p2a: Blastoise|Rapid Spin|p1a: Tentacruel
|-damage|p1a: Tentacruel|305\/364
|-sideend|p2: Sacripan'|Stealth Rock|[from] move: Rapid Spin|[of] p2a: Blastoise
|
|-heal|p1a: Tentacruel|327\/364|[from] item: Black Sludge
|turn|10
|
|switch|p2a: Celebi|Celebi|258\/342
|move|p1a: Tentacruel|Rapid Spin|p2a: Celebi
|-damage|p2a: Celebi|247\/342
|-sideend|p1: oh no oh no|Stealth Rock|[from] move: Rapid Spin|[of] p1a: Tentacruel
|
|-heal|p1a: Tentacruel|349\/364|[from] item: Black Sludge
|turn|11
|
|move|p2a: Celebi|Stealth Rock|p1a: Tentacruel
|-sidestart|p1: oh no oh no|move: Stealth Rock
|move|p1a: Tentacruel|Acid Spray|p2a: Celebi
|-supereffective|p2a: Celebi
|-damage|p2a: Celebi|169\/342
|-unboost|p2a: Celebi|spd|2
|
|-heal|p1a: Tentacruel|364\/364|[from] item: Black Sludge
|turn|12
|
|move|p2a: Celebi|Zen Headbutt|p1a: Tentacruel
|-supereffective|p1a: Tentacruel
|-damage|p1a: Tentacruel|83\/364
|-damage|p2a: Celebi|135\/342|[from] item: Life Orb
|move|p1a: Tentacruel|Rapid Spin|p2a: Celebi
|-damage|p2a: Celebi|123\/342
|-sideend|p1: oh no oh no|Stealth Rock|[from] move: Rapid Spin|[of] p1a: Tentacruel
|
|-heal|p1a: Tentacruel|105\/364|[from] item: Black Sludge
|turn|13
|
|switch|p1a: Steelix|Steelix-Mega, F|343\/354
|move|p2a: Celebi|Stealth Rock|p1a: Steelix
|-sidestart|p1: oh no oh no|move: Stealth Rock
|
|turn|14
|
|move|p2a: Celebi|U-turn|p1a: Steelix
|-resisted|p1a: Steelix
|-damage|p1a: Steelix|321\/354
|-damage|p2a: Celebi|89\/342|[from] item: Life Orb
|
|switch|p2a: Blastoise|Blastoise-Mega, F|361\/361
|move|p1a: Steelix|Stealth Rock|p2a: Blastoise
|-sidestart|p2: Sacripan'|move: Stealth Rock
|
|turn|15
|
|switch|p1a: Jellicent|Jellicent, F|330\/404
|-damage|p1a: Jellicent|280\/404|[from] Stealth Rock
|move|p2a: Blastoise|Dark Pulse|p1a: Jellicent
|-supereffective|p1a: Jellicent
|-damage|p1a: Jellicent|0 fnt
|faint|p1a: Jellicent
|
|
|switch|p1a: Tentacruel|Tentacruel, M|105\/364
|-damage|p1a: Tentacruel|60\/364|[from] Stealth Rock
|turn|16
|
|move|p1a: Tentacruel|Rapid Spin|p2a: Blastoise
|-damage|p2a: Blastoise|352\/361
|-sideend|p1: oh no oh no|Stealth Rock|[from] move: Rapid Spin|[of] p1a: Tentacruel
|move|p2a: Blastoise|Rapid Spin|p1a: Tentacruel
|-damage|p1a: Tentacruel|47\/364
|-sideend|p2: Sacripan'|Stealth Rock|[from] move: Rapid Spin|[of] p2a: Blastoise
|
|-heal|p1a: Tentacruel|69\/364|[from] item: Black Sludge
|turn|17
|
|switch|p1a: Florges|Florges, F|360\/360
|move|p2a: Blastoise|Dark Pulse|p1a: Florges
|-resisted|p1a: Florges
|-damage|p1a: Florges|312\/360
|
|-heal|p1a: Florges|334\/360|[from] item: Leftovers
|turn|18
|
|switch|p2a: Entei|Entei, shiny|371\/371
|-ability|p2a: Entei|Pressure
|move|p1a: Florges|Wish|p1a: Florges
|
|-heal|p1a: Florges|356\/360|[from] item: Leftovers
|turn|19
|
|switch|p1a: Noivern|Noivern, M|374\/374
|move|p2a: Entei|Sacred Fire|p1a: Noivern|[miss]
|-miss|p2a: Entei|p1a: Noivern
|
|turn|20
|
|switch|p2a: Raikou|Raikou|170\/321
|-ability|p2a: Raikou|Pressure
|move|p1a: Noivern|Toxic|p2a: Raikou
|-status|p2a: Raikou|tox
|
|-damage|p2a: Raikou|150\/321 tox|[from] psn
|turn|21
|
|switch|p1a: Steelix|Steelix-Mega, F|321\/354
|switch|p2a: Celebi|Celebi|89\/342
|
|turn|22
|
|move|p2a: Celebi|Stealth Rock|p1a: Steelix
|-sidestart|p1: oh no oh no|move: Stealth Rock
|move|p1a: Steelix|Stealth Rock|p2a: Celebi
|-sidestart|p2: Sacripan'|move: Stealth Rock
|
|turn|23
|
|move|p2a: Celebi|U-turn|p1a: Steelix
|-resisted|p1a: Steelix
|-damage|p1a: Steelix|300\/354
|-damage|p2a: Celebi|55\/342|[from] item: Life Orb
|
|switch|p2a: Blastoise|Blastoise-Mega, F|352\/361
|-damage|p2a: Blastoise|307\/361|[from] Stealth Rock
|move|p1a: Steelix|Earthquake|p2a: Blastoise
|-damage|p2a: Blastoise|187\/361
|
|turn|24
|
|move|p2a: Blastoise|Hydro Pump|p1a: Steelix
|-crit|p1a: Steelix
|-supereffective|p1a: Steelix
|-damage|p1a: Steelix|0 fnt
|faint|p1a: Steelix
|
|
|switch|p1a: Chesnaught|Chesnaught, M|380\/380
|-damage|p1a: Chesnaught|357\/380|[from] Stealth Rock
|turn|25
|
|move|p2a: Blastoise|Rapid Spin|p1a: Chesnaught
|-damage|p1a: Chesnaught|347\/380
|-sideend|p2: Sacripan'|Stealth Rock|[from] move: Rapid Spin|[of] p2a: Blastoise
|move|p1a: Chesnaught|Wood Hammer|p2a: Blastoise
|-crit|p2a: Blastoise
|-supereffective|p2a: Blastoise
|-damage|p2a: Blastoise|0 fnt
|-damage|p1a: Chesnaught|285\/380|[from] recoil|[of] p2a: Blastoise
|faint|p2a: Blastoise
|
|-heal|p1a: Chesnaught|308\/380|[from] item: Leftovers
|
|switch|p2a: Celebi|Celebi|55\/342
|turn|26
|
|move|p2a: Celebi|Zen Headbutt|p1a: Chesnaught
|-supereffective|p1a: Chesnaught
|-damage|p1a: Chesnaught|121\/380
|-damage|p2a: Celebi|21\/342|[from] item: Life Orb
|move|p1a: Chesnaught|Spikes|p2a: Celebi
|-sidestart|p2: Sacripan'|Spikes
|
|-heal|p1a: Chesnaught|144\/380|[from] item: Leftovers
|turn|27
|
|move|p1a: Chesnaught|Spiky Shield|p1a: Chesnaught
|-singleturn|p1a: Chesnaught|move: Protect
|move|p2a: Celebi|Zen Headbutt|p1a: Chesnaught
|-activate|p1a: Chesnaught|move: Protect
|-damage|p2a: Celebi|0 fnt|[from] Spiky Shield|[of] p1a: Chesnaught
|faint|p2a: Celebi
|
|-heal|p1a: Chesnaught|167\/380|[from] item: Leftovers
|
|switch|p2a: Entei|Entei, shiny|371\/371
|-damage|p2a: Entei|325\/371|[from] Spikes
|-ability|p2a: Entei|Pressure
|turn|28
|
|switch|p1a: Tentacruel|Tentacruel, M|69\/364
|-damage|p1a: Tentacruel|24\/364|[from] Stealth Rock
|move|p2a: Entei|Sacred Fire|p1a: Tentacruel
|-resisted|p1a: Tentacruel
|-damage|p1a: Tentacruel|0 fnt
|faint|p1a: Tentacruel
|
|
|switch|p1a: Noivern|Noivern, M|374\/374
|-damage|p1a: Noivern|281\/374|[from] Stealth Rock
|turn|29
|
|switch|p2a: Raikou|Raikou|150\/321 tox
|-damage|p2a: Raikou|110\/321 tox|[from] Spikes
|-ability|p2a: Raikou|Pressure
|move|p1a: Noivern|Draco Meteor|p2a: Raikou
|-damage|p2a: Raikou|0 fnt
|-unboost|p1a: Noivern|spa|2
|faint|p2a: Raikou
|
|-heal|p1a: Noivern|304\/374|[from] item: Leftovers
|
|switch|p2a: Lucario|Lucario, M|281\/281
|-damage|p2a: Lucario|246\/281|[from] Spikes
|turn|30
|
|move|p1a: Noivern|Taunt|p2a: Lucario
|-start|p2a: Lucario|move: Taunt
|cant|p2a: Lucario|move: Taunt|Swords Dance
|
|-heal|p1a: Noivern|327\/374|[from] item: Leftovers
|turn|31
|
|switch|p1a: Chesnaught|Chesnaught, M|167\/380
|-damage|p1a: Chesnaught|144\/380|[from] Stealth Rock
|switch|p2a: Hydreigon|Hydreigon, M|325\/325
|
|-heal|p1a: Chesnaught|167\/380|[from] item: Leftovers
|turn|32
|
|move|p1a: Chesnaught|Spiky Shield|p1a: Chesnaught
|-singleturn|p1a: Chesnaught|move: Protect
|move|p2a: Hydreigon|Draco Meteor|p1a: Chesnaught
|-activate|p1a: Chesnaught|move: Protect
|
|-heal|p1a: Chesnaught|190\/380|[from] item: Leftovers
|turn|33
|
|switch|p2a: Entei|Entei, shiny|325\/371
|-damage|p2a: Entei|279\/371|[from] Spikes
|-ability|p2a: Entei|Pressure
|switch|p1a: Florges|Florges, F|356\/360
|-damage|p1a: Florges|311\/360|[from] Stealth Rock
|
|-heal|p1a: Florges|333\/360|[from] item: Leftovers
|turn|34
|
|move|p1a: Florges|Protect|p1a: Florges
|-singleturn|p1a: Florges|Protect
|move|p2a: Entei|Sacred Fire|p1a: Florges
|-activate|p1a: Florges|Protect
|
|-heal|p1a: Florges|355\/360|[from] item: Leftovers
|turn|35
|
|move|p2a: Entei|Sacred Fire|p1a: Florges
|-damage|p1a: Florges|57\/360
|-status|p1a: Florges|brn
|move|p1a: Florges|Wish|p1a: Florges
|
|-heal|p1a: Florges|79\/360 brn|[from] item: Leftovers
|-damage|p1a: Florges|34\/360 brn|[from] brn
|turn|36
|
|move|p1a: Florges|Protect|p1a: Florges
|-singleturn|p1a: Florges|Protect
|move|p2a: Entei|Sacred Fire|p1a: Florges
|-activate|p1a: Florges|Protect
|
|-heal|p1a: Florges|214\/360 brn|[from] move: Wish|[wisher] Florges
|-heal|p1a: Florges|236\/360 brn|[from] item: Leftovers
|-damage|p1a: Florges|191\/360 brn|[from] brn
|turn|37
|
|switch|p1a: Noivern|Noivern, M|327\/374
|-damage|p1a: Noivern|234\/374|[from] Stealth Rock
|move|p2a: Entei|Sacred Fire|p1a: Noivern
|-resisted|p1a: Noivern
|-damage|p1a: Noivern|62\/374
|
|-heal|p1a: Noivern|85\/374|[from] item: Leftovers
|turn|38
|
|move|p1a: Noivern|Roost|p1a: Noivern
|-heal|p1a: Noivern|272\/374
|move|p2a: Entei|Sacred Fire|p1a: Noivern|[miss]
|-miss|p2a: Entei|p1a: Noivern
|
|-heal|p1a: Noivern|295\/374|[from] item: Leftovers
|turn|39
|
|switch|p2a: Lucario|Lucario, M|246\/281
|-damage|p2a: Lucario|211\/281|[from] Spikes
|move|p1a: Noivern|Toxic|p2a: Lucario
|-fail|p2a: Lucario
|
|-heal|p1a: Noivern|318\/374|[from] item: Leftovers
|turn|40
|
|move|p2a: Lucario|Extreme Speed|p1a: Noivern
|-damage|p1a: Noivern|193\/374
|-damage|p2a: Lucario|183\/281|[from] item: Life Orb
|move|p1a: Noivern|Taunt|p2a: Lucario
|-start|p2a: Lucario|move: Taunt
|
|-heal|p1a: Noivern|216\/374|[from] item: Leftovers
|turn|41
|
|switch|p2a: Hydreigon|Hydreigon, M|325\/325
|move|p1a: Noivern|Draco Meteor|p2a: Hydreigon
|-supereffective|p2a: Hydreigon
|-damage|p2a: Hydreigon|0 fnt
|-unboost|p1a: Noivern|spa|2
|faint|p2a: Hydreigon
|
|-heal|p1a: Noivern|239\/374|[from] item: Leftovers
|
|switch|p2a: Lucario|Lucario, M|183\/281
|-damage|p2a: Lucario|148\/281|[from] Spikes
|turn|42
|
|move|p2a: Lucario|Extreme Speed|p1a: Noivern
|-damage|p1a: Noivern|108\/374
|-damage|p2a: Lucario|120\/281|[from] item: Life Orb
|move|p1a: Noivern|Taunt|p2a: Lucario
|-start|p2a: Lucario|move: Taunt
|
|-heal|p1a: Noivern|131\/374|[from] item: Leftovers
|turn|43
|
|move|p2a: Lucario|Extreme Speed|p1a: Noivern
|-damage|p1a: Noivern|0 fnt
|-damage|p2a: Lucario|92\/281|[from] item: Life Orb
|faint|p1a: Noivern
|
|
|switch|p1a: Florges|Florges, F|191\/360 brn
|-damage|p1a: Florges|146\/360 brn|[from] Stealth Rock
|turn|44
|
|move|p2a: Lucario|Earthquake|p1a: Florges
|-damage|p1a: Florges|0 fnt
|-damage|p2a: Lucario|64\/281|[from] item: Life Orb
|faint|p1a: Florges
|
|
|switch|p1a: Chesnaught|Chesnaught, M|190\/380
|-damage|p1a: Chesnaught|167\/380|[from] Stealth Rock
|turn|45
|
|move|p2a: Lucario|Close Combat|p1a: Chesnaught
|-damage|p1a: Chesnaught|15\/380
|-unboost|p2a: Lucario|def|1
|-unboost|p2a: Lucario|spd|1
|-damage|p2a: Lucario|36\/281|[from] item: Life Orb
|move|p1a: Chesnaught|Leech Seed|p2a: Lucario
|-start|p2a: Lucario|move: Leech Seed
|
|-heal|p1a: Chesnaught|38\/380|[from] item: Leftovers
|-damage|p2a: Lucario|1\/281|[from] Leech Seed|[of] p1a: Chesnaught
|-heal|p1a: Chesnaught|73\/380|[silent]
|-end|p2a: Lucario|move: Taunt
|turn|46
|
|move|p1a: Chesnaught|Spiky Shield|p1a: Chesnaught
|-singleturn|p1a: Chesnaught|move: Protect
|move|p2a: Lucario|Extreme Speed|p1a: Chesnaught
|-activate|p1a: Chesnaught|move: Protect
|-damage|p2a: Lucario|0 fnt|[from] Spiky Shield|[of] p1a: Chesnaught
|faint|p2a: Lucario
|
|-heal|p1a: Chesnaught|96\/380|[from] item: Leftovers
|
|switch|p2a: Entei|Entei, shiny|279\/371
|-damage|p2a: Entei|233\/371|[from] Spikes
|-ability|p2a: Entei|Pressure
|turn|47
|
|move|p2a: Entei|Iron Head|p1a: Chesnaught
|-damage|p1a: Chesnaught|8\/380
|cant|p1a: Chesnaught|flinch
|
|-heal|p1a: Chesnaught|31\/380|[from] item: Leftovers
|turn|48
|c|âSacripan'|gg
|
|move|p1a: Chesnaught|Spiky Shield|p1a: Chesnaught
|-singleturn|p1a: Chesnaught|move: Protect
|move|p2a: Entei|Iron Head|p1a: Chesnaught
|-activate|p1a: Chesnaught|move: Protect
|-damage|p2a: Entei|187\/371|[from] Spiky Shield|[of] p1a: Chesnaught
|
|-heal|p1a: Chesnaught|54\/380|[from] item: Leftovers
|turn|49
|c|âoh no oh no|gg
|
|move|p1a: Chesnaught|Spiky Shield|p1a: Chesnaught
|-singleturn|p1a: Chesnaught|move: Protect
|move|p2a: Entei|Iron Head|p1a: Chesnaught
|-activate|p1a: Chesnaught|move: Protect
|-damage|p2a: Entei|141\/371|[from] Spiky Shield|[of] p1a: Chesnaught
|
|-heal|p1a: Chesnaught|77\/380|[from] item: Leftovers
|turn|50
|
|move|p2a: Entei|Iron Head|p1a: Chesnaught
|-damage|p1a: Chesnaught|0 fnt
|faint|p1a: Chesnaught
|
|win|Sacripan'
|raw|Ladder updating...
|raw|oh no oh no's rating: 1608 &rarr; <strong>1583<\/strong><br \/>(-25 for losing)
|raw|Sacripan&apos;'s rating: 1533 &rarr; <strong>1557<\/strong><br \/>(+24 for winning)