|join|oh no oh no
|join|DaWeezingDuckDH
|player|p1|oh no oh no|157
|player|p2|DaWeezingDuckDH|265
|gametype|singles
|gen|6
|tier|UU
|rated
|rule|Sleep Clause Mod: Limit one foe put to sleep
|rule|Species Clause: Limit one of each PokÃ©mon
|rule|OHKO Clause: OHKO moves are banned
|rule|Moody Clause: Moody is banned
|rule|Evasion Moves Clause: Evasion moves are banned
|rule|Endless Battle Clause: Forcing endless battles is banned
|rule|HP Percentage Mod: HP is shown in percentages
|clearpoke
|poke|p1|Florges, F
|poke|p1|Steelix, M
|poke|p1|Tentacruel, F
|poke|p1|Noivern, F
|poke|p1|Jellicent, M
|poke|p1|Chesnaught, M
|poke|p2|Cresselia, F
|poke|p2|Weezing, M
|poke|p2|Absol, F
|poke|p2|Vaporeon, F
|poke|p2|Serperior, M
|poke|p2|Crobat, M
|rule|Swagger Clause: Swagger is banned
|rule|Baton Pass Clause: Limit one PokÃ©mon knowing Baton Pass
|teampreview
|
|start
|switch|p1a: Noivern|Noivern, F|374\/374
|switch|p2a: Absol 4.57|Absol, F|271\/271
|turn|1
|join|Laketrio
|
|switch|p2a: Vaporeon 8.99|Vaporeon, F|463\/463
|move|p1a: Noivern|Draco Meteor|p2a: Vaporeon 8.99
|-damage|p2a: Vaporeon 8.99|295\/463
|-unboost|p1a: Noivern|spa|2
|
|-heal|p2a: Vaporeon 8.99|323\/463|[from] item: Leftovers
|turn|2
|
|switch|p2a: Cresselia 2.19|Cresselia, F|443\/443
|move|p1a: Noivern|Taunt|p2a: Cresselia 2.19
|-start|p2a: Cresselia 2.19|move: Taunt
|
|turn|3
|
|move|p1a: Noivern|Toxic|p2a: Cresselia 2.19
|-status|p2a: Cresselia 2.19|tox
|move|p2a: Cresselia 2.19|Psyshock|p1a: Noivern
|-damage|p1a: Noivern|289\/374
|
|-heal|p1a: Noivern|312\/374|[from] item: Leftovers
|-damage|p2a: Cresselia 2.19|416\/443 tox|[from] psn
|turn|4
|
|switch|p1a: Steelix|Steelix, M|354\/354
|move|p2a: Cresselia 2.19|Moonblast|p1a: Steelix
|-resisted|p1a: Steelix
|-damage|p1a: Steelix|328\/354
|
|-heal|p2a: Cresselia 2.19|443\/443 tox|[from] item: Leftovers
|-damage|p2a: Cresselia 2.19|389\/443 tox|[from] psn
|turn|5
|
|switch|p2a: Vaporeon 8.99|Vaporeon, F|323\/463
|detailschange|p1a: Steelix|Steelix-Mega, M
|-mega|p1a: Steelix|Steelix|Steelixite
|move|p1a: Steelix|Stealth Rock|p2a: Vaporeon 8.99
|-sidestart|p2: DaWeezingDuckDH|move: Stealth Rock
|
|-heal|p2a: Vaporeon 8.99|351\/463|[from] item: Leftovers
|turn|6
|
|switch|p1a: Chesnaught|Chesnaught, M|380\/380
|move|p2a: Vaporeon 8.99|Heal Bell|p2a: Vaporeon 8.99
|-cureteam|p2a: Vaporeon 8.99|[from] move: HealBell
|
|-heal|p2a: Vaporeon 8.99|379\/463|[from] item: Leftovers
|turn|7
|
|move|p2a: Vaporeon 8.99|Wish|p2a: Vaporeon 8.99
|move|p1a: Chesnaught|Leech Seed|p2a: Vaporeon 8.99|[miss]
|-miss|p1a: Chesnaught|p2a: Vaporeon 8.99
|
|-heal|p2a: Vaporeon 8.99|407\/463|[from] item: Leftovers
|turn|8
|
|switch|p2a: Crobat 16.15|Crobat, M|373\/373
|-damage|p2a: Crobat 16.15|280\/373|[from] Stealth Rock
|move|p1a: Chesnaught|Leech Seed|p2a: Crobat 16.15
|-start|p2a: Crobat 16.15|move: Leech Seed
|
|-heal|p2a: Crobat 16.15|373\/373|[from] move: Wish|[wisher] Vaporeon 8.99
|-damage|p2a: Crobat 16.15|327\/373|[from] Leech Seed|[of] p1a: Chesnaught
|turn|9
|
|switch|p1a: Steelix|Steelix-Mega, M|328\/354
|move|p2a: Crobat 16.15|Defog|p1a: Steelix
|-unboost|p1a: Steelix|evasion|1
|-sideend|p2: DaWeezingDuckDH|Stealth Rock|[from] move: Defog|[of] p2a: Crobat 16.15
|
|-heal|p2a: Crobat 16.15|350\/373|[from] item: Black Sludge
|-damage|p2a: Crobat 16.15|304\/373|[from] Leech Seed|[of] p1a: Steelix
|-heal|p1a: Steelix|354\/354|[silent]
|turn|10
|
|switch|p2a: Weezing 1.07|Weezing, M|334\/334
|move|p1a: Steelix|Stealth Rock|p2a: Weezing 1.07
|-sidestart|p2: DaWeezingDuckDH|move: Stealth Rock
|
|turn|11
|
|move|p2a: Weezing 1.07|Will-O-Wisp|p1a: Steelix
|-status|p1a: Steelix|brn
|move|p1a: Steelix|Roar|p2a: Weezing 1.07
|drag|p2a: Crobat 16.15|Crobat, M|304\/373
|-damage|p2a: Crobat 16.15|211\/373|[from] Stealth Rock
|
|-heal|p2a: Crobat 16.15|234\/373|[from] item: Black Sludge
|-damage|p1a: Steelix|310\/354 brn|[from] brn
|turn|12
|leave|Laketrio
|
|switch|p1a: Tentacruel|Tentacruel, F|364\/364
|move|p2a: Crobat 16.15|Defog|p1a: Tentacruel
|-unboost|p1a: Tentacruel|evasion|1
|-sideend|p2: DaWeezingDuckDH|Stealth Rock|[from] move: Defog|[of] p2a: Crobat 16.15
|
|-heal|p2a: Crobat 16.15|257\/373|[from] item: Black Sludge
|turn|13
|
|switch|p2a: Absol 4.57|Absol, F|271\/271
|move|p1a: Tentacruel|Knock Off|p2a: Absol 4.57
|-resisted|p2a: Absol 4.57
|-damage|p2a: Absol 4.57|243\/271
|-boost|p2a: Absol 4.57|atk|1|[from] ability: Justified
|
|turn|14
|
|switch|p1a: Steelix|Steelix-Mega, M|310\/354 brn
|detailschange|p2a: Absol 4.57|Absol-Mega, F
|-mega|p2a: Absol 4.57|Absol|Absolite
|move|p2a: Absol 4.57|Swords Dance|p2a: Absol 4.57
|-boost|p2a: Absol 4.57|atk|2
|
|-damage|p1a: Steelix|266\/354 brn|[from] brn
|turn|15
|
|move|p2a: Absol 4.57|Knock Off|p1a: Steelix
|-damage|p1a: Steelix|121\/354 brn
|move|p1a: Steelix|Earthquake|p2a: Absol 4.57
|-damage|p2a: Absol 4.57|141\/271
|
|-damage|p1a: Steelix|77\/354 brn|[from] brn
|turn|16
|
|switch|p1a: Chesnaught|Chesnaught, M|380\/380
|move|p2a: Absol 4.57|Knock Off|p1a: Chesnaught
|-resisted|p1a: Chesnaught
|-damage|p1a: Chesnaught|228\/380
|-enditem|p1a: Chesnaught|Leftovers|[from] move: Knock Off|[of] p2a: Absol 4.57
|
|turn|17
|
|move|p2a: Absol 4.57|Play Rough|p1a: Chesnaught
|-supereffective|p1a: Chesnaught
|-damage|p1a: Chesnaught|0 fnt
|faint|p1a: Chesnaught
|
|
|switch|p1a: Florges|Florges, F|360\/360
|turn|18
|
|move|p2a: Absol 4.57|Play Rough|p1a: Florges
|-damage|p1a: Florges|55\/360
|move|p1a: Florges|Moonblast|p2a: Absol 4.57
|-supereffective|p2a: Absol 4.57
|-damage|p2a: Absol 4.57|0 fnt
|faint|p2a: Absol 4.57
|
|-heal|p1a: Florges|77\/360|[from] item: Leftovers
|
|switch|p2a: Serperior 0.04|Serperior, M|291\/291
|turn|19
|
|move|p1a: Florges|Protect|p1a: Florges
|-singleturn|p1a: Florges|Protect
|move|p2a: Serperior 0.04|Leaf Storm|p1a: Florges
|-activate|p1a: Florges|Protect
|
|-heal|p1a: Florges|99\/360|[from] item: Leftovers
|turn|20
|
|move|p2a: Serperior 0.04|Glare|p1a: Florges
|-status|p1a: Florges|par
|move|p1a: Florges|Wish|p1a: Florges
|
|-heal|p1a: Florges|121\/360 par|[from] item: Leftovers
|turn|21
|
|move|p1a: Florges|Protect|p1a: Florges
|-singleturn|p1a: Florges|Protect
|move|p2a: Serperior 0.04|Leaf Storm|p1a: Florges
|-activate|p1a: Florges|Protect
|
|-heal|p1a: Florges|301\/360 par|[from] move: Wish|[wisher] Florges
|-heal|p1a: Florges|323\/360 par|[from] item: Leftovers
|turn|22
|
|switch|p1a: Noivern|Noivern, F|312\/374
|move|p2a: Serperior 0.04|Dragon Pulse|p1a: Noivern
|-supereffective|p1a: Noivern
|-damage|p1a: Noivern|154\/374
|
|-heal|p1a: Noivern|177\/374|[from] item: Leftovers
|turn|23
|
|switch|p2a: Crobat 16.15|Crobat, M|257\/373
|move|p1a: Noivern|Toxic|p2a: Crobat 16.15
|-fail|p2a: Crobat 16.15
|
|-heal|p2a: Crobat 16.15|280\/373|[from] item: Black Sludge
|-heal|p1a: Noivern|200\/374|[from] item: Leftovers
|turn|24
|
|move|p2a: Crobat 16.15|Brave Bird|p1a: Noivern
|-damage|p1a: Noivern|38\/374
|-damage|p2a: Crobat 16.15|227\/373|[from] recoil|[of] p1a: Noivern
|move|p1a: Noivern|Roost|p1a: Noivern
|-heal|p1a: Noivern|225\/374
|
|-heal|p2a: Crobat 16.15|250\/373|[from] item: Black Sludge
|-heal|p1a: Noivern|248\/374|[from] item: Leftovers
|turn|25
|
|move|p2a: Crobat 16.15|Toxic|p1a: Noivern
|-status|p1a: Noivern|tox
|move|p1a: Noivern|Roost|p1a: Noivern
|-heal|p1a: Noivern|374\/374 tox
|
|-heal|p2a: Crobat 16.15|273\/373|[from] item: Black Sludge
|-damage|p1a: Noivern|351\/374 tox|[from] psn
|turn|26
|
|switch|p1a: Florges|Florges, F|323\/360 par
|move|p2a: Crobat 16.15|Brave Bird|p1a: Florges
|-damage|p1a: Florges|172\/360 par
|-damage|p2a: Crobat 16.15|223\/373|[from] recoil|[of] p1a: Florges
|
|-heal|p2a: Crobat 16.15|246\/373|[from] item: Black Sludge
|-heal|p1a: Florges|194\/360 par|[from] item: Leftovers
|turn|27
|
|switch|p1a: Jellicent|Jellicent, M|404\/404
|move|p2a: Crobat 16.15|Brave Bird|p1a: Jellicent
|-damage|p1a: Jellicent|268\/404
|-damage|p2a: Crobat 16.15|201\/373|[from] recoil|[of] p1a: Jellicent
|
|-heal|p2a: Crobat 16.15|224\/373|[from] item: Black Sludge
|-heal|p1a: Jellicent|293\/404|[from] item: Leftovers
|turn|28
|
|move|p2a: Crobat 16.15|Toxic|p1a: Jellicent
|-status|p1a: Jellicent|tox
|move|p1a: Jellicent|Will-O-Wisp|p2a: Crobat 16.15
|-status|p2a: Crobat 16.15|brn
|
|-heal|p2a: Crobat 16.15|247\/373 brn|[from] item: Black Sludge
|-heal|p1a: Jellicent|318\/404 tox|[from] item: Leftovers
|-damage|p2a: Crobat 16.15|201\/373 brn|[from] brn
|-damage|p1a: Jellicent|293\/404 tox|[from] psn
|turn|29
|
|switch|p2a: Serperior 0.04|Serperior, M|291\/291
|move|p1a: Jellicent|Taunt|p2a: Serperior 0.04
|-start|p2a: Serperior 0.04|move: Taunt
|
|-heal|p1a: Jellicent|318\/404 tox|[from] item: Leftovers
|-damage|p1a: Jellicent|268\/404 tox|[from] psn
|turn|30
|
|switch|p1a: Noivern|Noivern, F|351\/374 tox
|move|p2a: Serperior 0.04|Leaf Storm|p1a: Noivern
|-resisted|p1a: Noivern
|-damage|p1a: Noivern|311\/374 tox
|-boost|p2a: Serperior 0.04|spa|2
|
|-heal|p1a: Noivern|334\/374 tox|[from] item: Leftovers
|-damage|p1a: Noivern|311\/374 tox|[from] psn
|turn|31
|
|move|p1a: Noivern|Draco Meteor|p2a: Serperior 0.04
|-damage|p2a: Serperior 0.04|134\/291
|-unboost|p1a: Noivern|spa|2
|move|p2a: Serperior 0.04|Dragon Pulse|p1a: Noivern
|-supereffective|p1a: Noivern
|-damage|p1a: Noivern|1\/374 tox
|
|-heal|p1a: Noivern|24\/374 tox|[from] item: Leftovers
|-heal|p2a: Serperior 0.04|152\/291|[from] item: Leftovers
|-damage|p1a: Noivern|0 fnt|[from] psn
|faint|p1a: Noivern
|
|switch|p1a: Tentacruel|Tentacruel, F|364\/364
|turn|32
|
|move|p2a: Serperior 0.04|Leaf Storm|p1a: Tentacruel
|-crit|p1a: Tentacruel
|-damage|p1a: Tentacruel|0 fnt
|-boost|p2a: Serperior 0.04|spa|2
|faint|p1a: Tentacruel
|
|-heal|p2a: Serperior 0.04|170\/291|[from] item: Leftovers
|-end|p2a: Serperior 0.04|move: Taunt
|
|switch|p1a: Florges|Florges, F|194\/360 par
|turn|33
|
|cant|p1a: Florges|par
|move|p2a: Serperior 0.04|Leaf Storm|p1a: Florges
|-damage|p1a: Florges|0 fnt
|-boost|p2a: Serperior 0.04|spa|2
|faint|p1a: Florges
|
|-heal|p2a: Serperior 0.04|188\/291|[from] item: Leftovers
|-message|oh no oh no forfeited.
|
|win|DaWeezingDuckDH
|raw|Ladder updating...
|leave|oh no oh no
|player|p1
|raw|oh no oh no's rating: 1619 &rarr; <strong>1587<\/strong><br \/>(-32 for losing)
|raw|DaWeezingDuckDH's rating: 1387 &rarr; <strong>1418<\/strong><br \/>(+31 for winning)