|join|oh no oh no
|join|arnyyr
|player|p1|oh no oh no|157
|player|p2|arnyyr|211
|gametype|singles
|gen|6
|tier|UU
|rated
|rule|Sleep Clause Mod: Limit one foe put to sleep
|rule|Species Clause: Limit one of each PokÃ©mon
|rule|OHKO Clause: OHKO moves are banned
|rule|Moody Clause: Moody is banned
|rule|Evasion Moves Clause: Evasion moves are banned
|rule|Endless Battle Clause: Forcing endless battles is banned
|rule|HP Percentage Mod: HP is shown in percentages
|clearpoke
|poke|p1|Weezing, M
|poke|p1|Forretress, M
|poke|p1|Suicune
|poke|p1|Celebi
|poke|p1|Blissey, F
|poke|p1|Spiritomb, F
|poke|p2|Infernape, M
|poke|p2|Krookodile, F
|poke|p2|Mienshao, F
|poke|p2|Ampharos, F
|poke|p2|Roserade, F
|poke|p2|Suicune
|rule|Swagger Clause: Swagger is banned
|rule|Baton Pass Clause: Limit one PokÃ©mon knowing Baton Pass
|teampreview
|
|start
|switch|p1a: Lush Life|Celebi|403\/403
|switch|p2a: Infernape|Infernape, M|355\/355
|turn|1
|
|switch|p1a: Blue in Green|Suicune|404\/404
|-ability|p1a: Blue in Green|Pressure
|move|p2a: Infernape|Stealth Rock|p1a: Blue in Green
|-sidestart|p1: oh no oh no|move: Stealth Rock
|
|turn|2
|
|switch|p2a: Roserade|Roserade, F|261\/261
|move|p1a: Blue in Green|Scald|p2a: Roserade
|-crit|p2a: Roserade
|-resisted|p2a: Roserade
|-damage|p2a: Roserade|201\/261
|-status|p2a: Roserade|brn
|
|-heal|p2a: Roserade|217\/261 brn|[from] item: Black Sludge
|-damage|p2a: Roserade|185\/261 brn|[from] brn
|turn|3
|
|switch|p1a: Lush Life|Celebi|403\/403
|-damage|p1a: Lush Life|353\/403|[from] Stealth Rock
|move|p2a: Roserade|Spikes|p1a: Lush Life
|-sidestart|p1: oh no oh no|Spikes
|
|-heal|p2a: Roserade|201\/261 brn|[from] item: Black Sludge
|-heal|p1a: Lush Life|378\/403|[from] item: Leftovers
|-damage|p2a: Roserade|169\/261 brn|[from] brn
|turn|4
|
|switch|p2a: Krookodile|Krookodile, F|331\/331
|-ability|p2a: Krookodile|Intimidate|[of] p1a: Lush Life
|-unboost|p1a: Lush Life|atk|1
|move|p1a: Lush Life|Stealth Rock|p2a: Krookodile
|-sidestart|p2: arnyyr|move: Stealth Rock
|
|-heal|p1a: Lush Life|403\/403|[from] item: Leftovers
|turn|5
|
|move|p2a: Krookodile|Pursuit|p1a: Lush Life|[from]Pursuit
|-supereffective|p1a: Lush Life
|-damage|p1a: Lush Life|67\/403
|switch|p1a: Nardis|Weezing, M|333\/333
|-damage|p1a: Nardis|292\/333|[from] Stealth Rock
|
|-heal|p1a: Nardis|312\/333|[from] item: Black Sludge
|turn|6
|
|switch|p2a: Infernape|Infernape, M|355\/355
|-damage|p2a: Infernape|311\/355|[from] Stealth Rock
|move|p1a: Nardis|Will-O-Wisp|p2a: Infernape
|-fail|p2a: Infernape
|
|-heal|p1a: Nardis|332\/333|[from] item: Black Sludge
|turn|7
|
|move|p2a: Infernape|Taunt|p1a: Nardis
|-start|p1a: Nardis|move: Taunt
|cant|p1a: Nardis|move: Taunt|Pain Split
|
|-heal|p1a: Nardis|333\/333|[from] item: Black Sludge
|turn|8
|
|switch|p2a: Ampharos|Ampharos, F|371\/371
|-damage|p2a: Ampharos|325\/371|[from] Stealth Rock
|switch|p1a: Bitches Brew|Spiritomb, F|304\/304
|-damage|p1a: Bitches Brew|266\/304|[from] Spikes
|-damage|p1a: Bitches Brew|228\/304|[from] Stealth Rock
|
|-heal|p1a: Bitches Brew|247\/304|[from] item: Leftovers
|turn|9
|
|detailschange|p2a: Ampharos|Ampharos-Mega, F
|-mega|p2a: Ampharos|Ampharos|Ampharosite
|-ability|p2a: Ampharos|Mold Breaker
|move|p2a: Ampharos|Thunderbolt|p1a: Bitches Brew
|-damage|p1a: Bitches Brew|103\/304
|move|p1a: Bitches Brew|Will-O-Wisp|p2a: Ampharos
|-status|p2a: Ampharos|brn
|
|-heal|p1a: Bitches Brew|122\/304|[from] item: Leftovers
|-damage|p2a: Ampharos|279\/371 brn|[from] brn
|turn|10
|
|switch|p1a: My Foolish Heart|Blissey, F|657\/657
|-damage|p1a: My Foolish Heart|575\/657|[from] Spikes
|-damage|p1a: My Foolish Heart|493\/657|[from] Stealth Rock
|move|p2a: Ampharos|Thunderbolt|p1a: My Foolish Heart
|-damage|p1a: My Foolish Heart|354\/657
|
|-heal|p1a: My Foolish Heart|395\/657|[from] item: Leftovers
|-damage|p2a: Ampharos|233\/371 brn|[from] brn
|turn|11
|
|switch|p2a: Roserade|Roserade, F|169\/261
|-damage|p2a: Roserade|137\/261|[from] Stealth Rock
|move|p1a: My Foolish Heart|Wish|p1a: My Foolish Heart
|
|-heal|p2a: Roserade|153\/261|[from] item: Black Sludge
|-heal|p1a: My Foolish Heart|436\/657|[from] item: Leftovers
|turn|12
|
|move|p2a: Roserade|Hidden Power|p1a: My Foolish Heart
|-damage|p1a: My Foolish Heart|394\/657
|move|p1a: My Foolish Heart|Seismic Toss|p2a: Roserade
|-damage|p2a: Roserade|53\/261
|
|-heal|p1a: My Foolish Heart|657\/657|[from] move: Wish|[wisher] My Foolish Heart
|-heal|p2a: Roserade|69\/261|[from] item: Black Sludge
|turn|13
|
|switch|p2a: Krookodile|Krookodile, F|331\/331
|-damage|p2a: Krookodile|311\/331|[from] Stealth Rock
|-ability|p2a: Krookodile|Intimidate|[of] p1a: My Foolish Heart
|-unboost|p1a: My Foolish Heart|atk|1
|move|p1a: My Foolish Heart|Seismic Toss|p2a: Krookodile
|-damage|p2a: Krookodile|211\/331
|
|turn|14
|
|move|p1a: My Foolish Heart|Protect|p1a: My Foolish Heart
|-singleturn|p1a: My Foolish Heart|Protect
|move|p2a: Krookodile|Knock Off|p1a: My Foolish Heart
|-activate|p1a: My Foolish Heart|Protect
|
|turn|15
|
|switch|p1a: Nardis|Weezing, M|333\/333
|-damage|p1a: Nardis|292\/333|[from] Stealth Rock
|move|p2a: Krookodile|Knock Off|p1a: Nardis
|-damage|p1a: Nardis|172\/333
|-enditem|p1a: Nardis|Black Sludge|[from] move: Knock Off|[of] p2a: Krookodile
|
|turn|16
|
|switch|p2a: Infernape|Infernape, M|311\/355
|-damage|p2a: Infernape|267\/355|[from] Stealth Rock
|move|p1a: Nardis|Fire Blast|p2a: Infernape
|-resisted|p2a: Infernape
|-damage|p2a: Infernape|216\/355
|
|turn|17
|
|switch|p1a: Blue in Green|Suicune|404\/404
|-damage|p1a: Blue in Green|354\/404|[from] Stealth Rock
|-damage|p1a: Blue in Green|304\/404|[from] Spikes
|-ability|p1a: Blue in Green|Pressure
|move|p2a: Infernape|Taunt|p1a: Blue in Green
|-start|p1a: Blue in Green|move: Taunt
|
|-heal|p1a: Blue in Green|329\/404|[from] item: Leftovers
|turn|18
|
|switch|p2a: Ampharos|Ampharos-Mega, F|233\/371 brn
|-damage|p2a: Ampharos|187\/371 brn|[from] Stealth Rock
|-ability|p2a: Ampharos|Mold Breaker
|switch|p1a: Nardis|Weezing, M|172\/333
|-damage|p1a: Nardis|131\/333|[from] Stealth Rock
|
|-damage|p2a: Ampharos|141\/371 brn|[from] brn
|turn|19
|
|switch|p1a: Lush Life|Celebi|67\/403
|-damage|p1a: Lush Life|17\/403|[from] Spikes
|-damage|p1a: Lush Life|0 fnt|[from] Stealth Rock
|faint|p1a: Lush Life
|move|p2a: Ampharos|Volt Switch|p1: Lush Life|[notarget]
|-notarget
|
|-damage|p2a: Ampharos|95\/371 brn|[from] brn
|
|switch|p1a: My Foolish Heart|Blissey, F|657\/657
|-damage|p1a: My Foolish Heart|575\/657|[from] Spikes
|-damage|p1a: My Foolish Heart|493\/657|[from] Stealth Rock
|turn|20
|
|switch|p2a: Suicune|Suicune|341\/341
|-damage|p2a: Suicune|299\/341|[from] Stealth Rock
|-ability|p2a: Suicune|Pressure
|move|p1a: My Foolish Heart|Wish|p1a: My Foolish Heart
|
|-heal|p2a: Suicune|320\/341|[from] item: Leftovers
|-heal|p1a: My Foolish Heart|534\/657|[from] item: Leftovers
|turn|21
|
|switch|p1a: Blue in Green|Suicune|329\/404
|-damage|p1a: Blue in Green|279\/404|[from] Spikes
|-damage|p1a: Blue in Green|229\/404|[from] Stealth Rock
|-ability|p1a: Blue in Green|Pressure
|move|p2a: Suicune|Hydro Pump|p1a: Blue in Green
|-crit|p1a: Blue in Green
|-resisted|p1a: Blue in Green
|-damage|p1a: Blue in Green|121\/404
|
|-heal|p1a: Blue in Green|404\/404|[from] move: Wish|[wisher] My Foolish Heart
|-heal|p2a: Suicune|341\/341|[from] item: Leftovers
|turn|22
|
|switch|p2a: Infernape|Infernape, M|216\/355
|-damage|p2a: Infernape|172\/355|[from] Stealth Rock
|move|p1a: Blue in Green|Roar|p2a: Infernape
|drag|p2a: Krookodile|Krookodile, F|211\/331
|-damage|p2a: Krookodile|191\/331|[from] Stealth Rock
|-ability|p2a: Krookodile|Intimidate|[of] p1a: Blue in Green
|-unboost|p1a: Blue in Green|atk|1
|
|turn|23
|
|switch|p2a: Mienshao|Mienshao, F|271\/271
|-damage|p2a: Mienshao|255\/271|[from] Stealth Rock
|switch|p1a: Nardis|Weezing, M|131\/333
|-damage|p1a: Nardis|90\/333|[from] Stealth Rock
|
|turn|24
|
|move|p2a: Mienshao|U-turn|p1a: Nardis
|-resisted|p1a: Nardis
|-damage|p1a: Nardis|63\/333
|
|switch|p2a: Infernape|Infernape, M|172\/355
|-damage|p2a: Infernape|128\/355|[from] Stealth Rock
|move|p1a: Nardis|Pain Split|p2a: Infernape
|-sethp|p2a: Infernape|95\/355|p1a: Nardis|95\/333|[from] move: Pain Split
|
|turn|25
|
|switch|p1a: Bitches Brew|Spiritomb, F|122\/304
|-damage|p1a: Bitches Brew|84\/304|[from] Stealth Rock
|-damage|p1a: Bitches Brew|46\/304|[from] Spikes
|move|p2a: Infernape|Taunt|p1a: Bitches Brew
|-start|p1a: Bitches Brew|move: Taunt
|
|-heal|p1a: Bitches Brew|65\/304|[from] item: Leftovers
|turn|26
|
|switch|p2a: Krookodile|Krookodile, F|191\/331
|-damage|p2a: Krookodile|171\/331|[from] Stealth Rock
|-ability|p2a: Krookodile|Intimidate|[of] p1a: Bitches Brew
|-unboost|p1a: Bitches Brew|atk|1
|move|p1a: Bitches Brew|Foul Play|p2a: Krookodile
|-resisted|p2a: Krookodile
|-damage|p2a: Krookodile|72\/331
|
|-heal|p1a: Bitches Brew|84\/304|[from] item: Leftovers
|turn|27
|
|move|p2a: Krookodile|Knock Off|p1a: Bitches Brew
|-damage|p1a: Bitches Brew|0 fnt
|-enditem|p1a: Bitches Brew|Leftovers|[from] move: Knock Off|[of] p2a: Krookodile
|faint|p1a: Bitches Brew
|
|
|switch|p1a: Body and Soul|Forretress, M|354\/354
|-damage|p1a: Body and Soul|310\/354|[from] Stealth Rock
|-damage|p1a: Body and Soul|266\/354|[from] Spikes
|turn|28
|
|move|p2a: Krookodile|Knock Off|p1a: Body and Soul
|-damage|p1a: Body and Soul|149\/354
|-enditem|p1a: Body and Soul|Leftovers|[from] move: Knock Off|[of] p2a: Krookodile
|move|p1a: Body and Soul|Spikes|p2a: Krookodile
|-sidestart|p2: arnyyr|Spikes
|
|turn|29
|
|move|p2a: Krookodile|Earthquake|p1a: Body and Soul
|-damage|p1a: Body and Soul|46\/354
|move|p1a: Body and Soul|Rapid Spin|p2a: Krookodile
|-damage|p2a: Krookodile|55\/331
|-sideend|p1: oh no oh no|Spikes|[from] move: Rapid Spin|[of] p1a: Body and Soul
|-sideend|p1: oh no oh no|Stealth Rock|[from] move: Rapid Spin|[of] p1a: Body and Soul
|
|turn|30
|
|move|p2a: Krookodile|Knock Off|p1a: Body and Soul
|-crit|p1a: Body and Soul
|-damage|p1a: Body and Soul|0 fnt
|faint|p1a: Body and Soul
|
|
|switch|p1a: Nardis|Weezing, M|95\/333
|turn|31
|
|move|p2a: Krookodile|Knock Off|p1a: Nardis
|-damage|p1a: Nardis|19\/333
|move|p1a: Nardis|Fire Blast|p2a: Krookodile
|-damage|p2a: Krookodile|0 fnt
|faint|p2a: Krookodile
|
|
|switch|p2a: Mienshao|Mienshao, F|255\/271
|-damage|p2a: Mienshao|222\/271|[from] Spikes
|-damage|p2a: Mienshao|206\/271|[from] Stealth Rock
|turn|32
|
|move|p2a: Mienshao|High Jump Kick|p1a: Nardis
|-resisted|p1a: Nardis
|-damage|p1a: Nardis|0 fnt
|faint|p1a: Nardis
|
|
|switch|p1a: Blue in Green|Suicune|404\/404
|-ability|p1a: Blue in Green|Pressure
|turn|33
|
|move|p2a: Mienshao|High Jump Kick|p1a: Blue in Green
|-damage|p1a: Blue in Green|218\/404
|move|p1a: Blue in Green|Scald|p2a: Mienshao
|-damage|p2a: Mienshao|77\/271
|
|-heal|p1a: Blue in Green|243\/404|[from] item: Leftovers
|turn|34
|
|move|p2a: Mienshao|High Jump Kick|p1a: Blue in Green
|-damage|p1a: Blue in Green|65\/404
|move|p1a: Blue in Green|Scald|p2a: Mienshao
|-damage|p2a: Mienshao|0 fnt
|faint|p2a: Mienshao
|
|-heal|p1a: Blue in Green|90\/404|[from] item: Leftovers
|
|switch|p2a: Roserade|Roserade, F|69\/261
|-damage|p2a: Roserade|37\/261|[from] Stealth Rock
|-damage|p2a: Roserade|5\/261|[from] Spikes
|turn|35
|
|move|p2a: Roserade|Giga Drain|p1a: Blue in Green
|-supereffective|p1a: Blue in Green
|-damage|p1a: Blue in Green|0 fnt
|-heal|p2a: Roserade|50\/261|[from] drain|[of] p1a: Blue in Green
|faint|p1a: Blue in Green
|
|-heal|p2a: Roserade|66\/261|[from] item: Black Sludge
|
|switch|p1a: My Foolish Heart|Blissey, F|534\/657
|turn|36
|-message|oh no oh no forfeited.
|
|win|arnyyr
|raw|Ladder updating...
|leave|oh no oh no
|player|p1
|raw|oh no oh no's rating: 1684 &rarr; <strong>1655<\/strong><br \/>(-29 for losing)
|raw|arnyyr's rating: 1519 &rarr; <strong>1548<\/strong><br \/>(+29 for winning)