|join|oh no oh no
|join|gobosox
|player|p1|oh no oh no|157
|player|p2|gobosox|#cpgtan
|gametype|singles
|gen|6
|tier|UU
|rule|Sleep Clause Mod: Limit one foe put to sleep
|rule|Species Clause: Limit one of each PokÃ©mon
|rule|OHKO Clause: OHKO moves are banned
|rule|Moody Clause: Moody is banned
|rule|Evasion Moves Clause: Evasion moves are banned
|rule|Endless Battle Clause: Forcing endless battles is banned
|rule|HP Percentage Mod: HP is shown in percentages
|clearpoke
|poke|p1|Raikou
|poke|p1|Starmie
|poke|p1|Crobat, M
|poke|p1|Krookodile, M
|poke|p1|Lucario, F
|poke|p1|Jirachi
|poke|p2|Espeon, M
|poke|p2|Swampert, F
|poke|p2|Ludicolo, M
|poke|p2|Kabutops, M
|poke|p2|Poliwrath, F
|poke|p2|Tornadus, M
|rule|Swagger Clause: Swagger is banned
|rule|Baton Pass Clause: Limit one PokÃ©mon knowing Baton Pass
|teampreview
|join|SuperDuperDerp
|join|kidd timelapse
|join|watfor
|
|start
|switch|p1a: Krookodile|Krookodile, M|394\/394
|switch|p2a: Espeon|Espeon, M|334\/334
|-ability|p1a: Krookodile|Intimidate|[of] p2a: Espeon
|-unboost|p2a: Espeon|atk|1
|turn|1
|
|move|p2a: Espeon|Rain Dance|p2a: Espeon
|-weather|RainDance
|move|p1a: Krookodile|Knock Off|p2a: Espeon
|-supereffective|p2a: Espeon
|-damage|p2a: Espeon|0 fnt
|-enditem|p2a: Espeon|Damp Rock|[from] move: Knock Off|[of] p1a: Krookodile
|faint|p2a: Espeon
|
|-weather|RainDance|[upkeep]
|leave|watfor
|
|switch|p2a: Second Amendment|Poliwrath, F|322\/322
|turn|2
|join|watfor
|c| SuperDuperDerp|7 turns of belly drum madness?
|
|switch|p1a: Starmie|Starmie|324\/324
|move|p2a: Second Amendment|Belly Drum|p2a: Second Amendment
|-damage|p2a: Second Amendment|161\/322
|-setboost|p2a: Second Amendment|atk|6|[from] move: Belly Drum
|-enditem|p2a: Second Amendment|Sitrus Berry|[eat]
|-heal|p2a: Second Amendment|241\/322|[from] item: Sitrus Berry
|
|-weather|RainDance|[upkeep]
|turn|3
|
|move|p2a: Second Amendment|Waterfall|p1a: Starmie
|-resisted|p1a: Starmie
|-damage|p1a: Starmie|0 fnt
|faint|p1a: Starmie
|
|-weather|RainDance|[upkeep]
|c| watfor|"resisted"
|
|switch|p1a: Jirachi|Jirachi|341\/341
|turn|4
|
|move|p2a: Second Amendment|Waterfall|p1a: Jirachi
|-damage|p1a: Jirachi|0 fnt
|faint|p1a: Jirachi
|
|-weather|RainDance|[upkeep]
|c|âoh no oh no|noo
|
|switch|p1a: Lucario|Lucario, F|281\/281
|turn|5
|
|move|p1a: Lucario|Extreme Speed|p2a: Second Amendment
|-damage|p2a: Second Amendment|119\/322
|-damage|p1a: Lucario|253\/281|[from] item: Life Orb
|move|p2a: Second Amendment|Waterfall|p1a: Lucario
|-damage|p1a: Lucario|0 fnt
|faint|p1a: Lucario
|
|-weather|RainDance|[upkeep]
|
|switch|p1a: Crobat|Crobat, M|374\/374
|turn|6
|c|âoh no oh no|wtf
|
|move|p2a: Second Amendment|Waterfall|p1a: Crobat
|-damage|p1a: Crobat|0 fnt
|faint|p1a: Crobat
|
|-weather|RainDance|[upkeep]
|
|switch|p1a: Krookodile|Krookodile, M|394\/394
|-ability|p1a: Krookodile|Intimidate|[of] p2a: Second Amendment
|-unboost|p2a: Second Amendment|atk|1
|turn|7
|
|move|p2a: Second Amendment|Waterfall|p1a: Krookodile
|-supereffective|p1a: Krookodile
|-damage|p1a: Krookodile|0 fnt
|faint|p1a: Krookodile
|
|-weather|RainDance|[upkeep]
|
|switch|p1a: Raikou|Raikou|322\/322
|-ability|p1a: Raikou|Pressure
|turn|8
|
|move|p2a: Second Amendment|Waterfall|p1a: Raikou
|-damage|p1a: Raikou|0 fnt
|faint|p1a: Raikou
|
|win|gobosox
|c|âgobosox|gg
|c|âoh no oh no|gg
|leave|SuperDuperDerp
|leave|oh no oh no
|player|p1