|join|oh no oh no
|join|Masochism
|player|p1|oh no oh no|157
|player|p2|Masochism|167
|gametype|singles
|gen|6
|tier|UU
|rated
|rule|Sleep Clause Mod: Limit one foe put to sleep
|rule|Species Clause: Limit one of each PokÃ©mon
|rule|OHKO Clause: OHKO moves are banned
|rule|Moody Clause: Moody is banned
|rule|Evasion Moves Clause: Evasion moves are banned
|rule|Endless Battle Clause: Forcing endless battles is banned
|rule|HP Percentage Mod: HP is shown in percentages
|clearpoke
|poke|p1|Weezing, F
|poke|p1|Forretress, F
|poke|p1|Suicune
|poke|p1|Celebi
|poke|p1|Blissey, F
|poke|p1|Spiritomb, M
|poke|p2|Jirachi
|poke|p2|Suicune
|poke|p2|Lucario, F
|poke|p2|Swampert, F
|poke|p2|Crobat, F
|poke|p2|Machamp, F
|rule|Swagger Clause: Swagger is banned
|rule|Baton Pass Clause: Limit one PokÃ©mon knowing Baton Pass
|teampreview
|
|start
|switch|p1a: Lush Life|Celebi|403\/403
|switch|p2a: Machamp|Machamp, F|321\/321
|turn|1
|
|switch|p1a: Nardis|Weezing, F|333\/333
|move|p2a: Machamp|Knock Off|p1a: Nardis
|-damage|p1a: Nardis|213\/333
|-enditem|p1a: Nardis|Black Sludge|[from] move: Knock Off|[of] p2a: Machamp
|
|turn|2
|
|switch|p2a: Swampert|Swampert, F|404\/404
|move|p1a: Nardis|Toxic Spikes|p2a: Swampert
|-sidestart|p2: Masochism|move: Toxic Spikes
|
|turn|3
|
|switch|p1a: Lush Life|Celebi|403\/403
|move|p2a: Swampert|Stealth Rock|p1a: Lush Life
|-sidestart|p1: oh no oh no|move: Stealth Rock
|
|turn|4
|
|switch|p2a: Jirachi|Jirachi|341\/341
|move|p1a: Lush Life|Stealth Rock|p2a: Jirachi
|-sidestart|p2: Masochism|move: Stealth Rock
|
|turn|5
|
|switch|p1a: Nardis|Weezing, F|213\/333
|-damage|p1a: Nardis|172\/333|[from] Stealth Rock
|move|p2a: Jirachi|Trick|p1a: Nardis
|-activate|p2a: Jirachi|move: Trick|[of] p1a: Nardis
|-item|p1a: Nardis|Choice Scarf|[from] move: Trick
|
|turn|6
|
|move|p2a: Jirachi|Iron Head|p1a: Nardis
|-damage|p1a: Nardis|99\/333
|cant|p1a: Nardis|flinch
|
|turn|7
|
|move|p2a: Jirachi|Iron Head|p1a: Nardis
|-damage|p1a: Nardis|26\/333
|cant|p1a: Nardis|flinch
|
|turn|8
|
|switch|p1a: Body and Soul|Forretress, F|354\/354
|-damage|p1a: Body and Soul|310\/354|[from] Stealth Rock
|move|p2a: Jirachi|Iron Head|p1a: Body and Soul
|-resisted|p1a: Body and Soul
|-damage|p1a: Body and Soul|274\/354
|
|-heal|p1a: Body and Soul|296\/354|[from] item: Leftovers
|turn|9
|
|move|p2a: Jirachi|Trick|p1a: Body and Soul
|-activate|p2a: Jirachi|move: Trick|[of] p1a: Body and Soul
|-item|p2a: Jirachi|Leftovers|[from] move: Trick
|move|p1a: Body and Soul|Rapid Spin|p2a: Jirachi
|-resisted|p2a: Jirachi
|-damage|p2a: Jirachi|334\/341
|-sideend|p1: oh no oh no|Stealth Rock|[from] move: Rapid Spin|[of] p1a: Body and Soul
|
|-heal|p2a: Jirachi|341\/341|[from] item: Leftovers
|turn|10
|
|move|p2a: Jirachi|Iron Head|p1a: Body and Soul
|-resisted|p1a: Body and Soul
|-damage|p1a: Body and Soul|264\/354
|cant|p1a: Body and Soul|flinch
|
|turn|11
|
|move|p2a: Jirachi|Iron Head|p1a: Body and Soul
|-resisted|p1a: Body and Soul
|-damage|p1a: Body and Soul|228\/354
|move|p1a: Body and Soul|Spikes|p2a: Jirachi
|-sidestart|p2: Masochism|Spikes
|
|turn|12
|
|move|p2a: Jirachi|Iron Head|p1a: Body and Soul
|-crit|p1a: Body and Soul
|-resisted|p1a: Body and Soul
|-damage|p1a: Body and Soul|174\/354
|cant|p1a: Body and Soul|flinch
|
|turn|13
|
|move|p2a: Jirachi|Iron Head|p1a: Body and Soul
|-resisted|p1a: Body and Soul
|-damage|p1a: Body and Soul|140\/354
|cant|p1a: Body and Soul|flinch
|
|turn|14
|
|move|p2a: Jirachi|Iron Head|p1a: Body and Soul
|-resisted|p1a: Body and Soul
|-damage|p1a: Body and Soul|106\/354
|move|p1a: Body and Soul|Spikes|p2a: Jirachi
|-sidestart|p2: Masochism|Spikes
|
|turn|15
|
|switch|p1a: Blue in Green|Suicune|404\/404
|-ability|p1a: Blue in Green|Pressure
|move|p2a: Jirachi|U-turn|p1a: Blue in Green
|-damage|p1a: Blue in Green|356\/404
|
|switch|p2a: Crobat|Crobat, F|325\/325
|-damage|p2a: Crobat|244\/325|[from] Stealth Rock
|
|-heal|p2a: Crobat|264\/325|[from] item: Black Sludge
|-heal|p1a: Blue in Green|381\/404|[from] item: Leftovers
|turn|16
|
|move|p2a: Crobat|Defog|p1a: Blue in Green
|-unboost|p1a: Blue in Green|evasion|1
|-sideend|p2: Masochism|Spikes|[from] move: Defog|[of] p2a: Crobat
|-sideend|p2: Masochism|Toxic Spikes|[from] move: Defog|[of] p2a: Crobat
|-sideend|p2: Masochism|Stealth Rock|[from] move: Defog|[of] p2a: Crobat
|move|p1a: Blue in Green|Scald|p2a: Crobat
|-damage|p2a: Crobat|167\/325
|
|-heal|p2a: Crobat|187\/325|[from] item: Black Sludge
|-heal|p1a: Blue in Green|404\/404|[from] item: Leftovers
|turn|17
|
|switch|p2a: Swampert|Swampert, F|404\/404
|move|p1a: Blue in Green|Scald|p2a: Swampert
|-damage|p2a: Swampert|307\/404
|
|-heal|p2a: Swampert|332\/404|[from] item: Leftovers
|turn|18
|
|switch|p1a: Lush Life|Celebi|403\/403
|move|p2a: Swampert|Stealth Rock|p1a: Lush Life
|-sidestart|p1: oh no oh no|move: Stealth Rock
|
|-heal|p2a: Swampert|357\/404|[from] item: Leftovers
|turn|19
|
|switch|p2a: Machamp|Machamp, F|321\/321
|move|p1a: Lush Life|Stealth Rock|p2a: Machamp
|-sidestart|p2: Masochism|move: Stealth Rock
|
|turn|20
|
|move|p1a: Lush Life|Psychic|p2a: Machamp
|-supereffective|p2a: Machamp
|-damage|p2a: Machamp|61\/321
|move|p2a: Machamp|Knock Off|p1a: Lush Life
|-crit|p1a: Lush Life
|-supereffective|p1a: Lush Life
|-damage|p1a: Lush Life|0 fnt
|-enditem|p1a: Lush Life|Leftovers|[from] move: Knock Off|[of] p2a: Machamp
|faint|p1a: Lush Life
|
|
|switch|p1a: Blue in Green|Suicune|404\/404
|-damage|p1a: Blue in Green|354\/404|[from] Stealth Rock
|-ability|p1a: Blue in Green|Pressure
|turn|21
|
|switch|p2a: Swampert|Swampert, F|357\/404
|-damage|p2a: Swampert|332\/404|[from] Stealth Rock
|move|p1a: Blue in Green|Scald|p2a: Swampert
|-damage|p2a: Swampert|242\/404
|
|-heal|p1a: Blue in Green|379\/404|[from] item: Leftovers
|-heal|p2a: Swampert|267\/404|[from] item: Leftovers
|turn|22
|
|move|p1a: Blue in Green|Roar|p2a: Swampert
|drag|p2a: Crobat|Crobat, F|187\/325
|-damage|p2a: Crobat|106\/325|[from] Stealth Rock
|
|-heal|p2a: Crobat|126\/325|[from] item: Black Sludge
|-heal|p1a: Blue in Green|404\/404|[from] item: Leftovers
|turn|23
|
|move|p2a: Crobat|Roost|p2a: Crobat
|-heal|p2a: Crobat|289\/325
|move|p1a: Blue in Green|Scald|p2a: Crobat
|-crit|p2a: Crobat
|-damage|p2a: Crobat|141\/325
|-status|p2a: Crobat|brn
|
|-heal|p2a: Crobat|161\/325 brn|[from] item: Black Sludge
|-damage|p2a: Crobat|121\/325 brn|[from] brn
|turn|24
|
|switch|p2a: Swampert|Swampert, F|267\/404
|-damage|p2a: Swampert|242\/404|[from] Stealth Rock
|move|p1a: Blue in Green|Scald|p2a: Swampert
|-damage|p2a: Swampert|148\/404
|
|-heal|p2a: Swampert|173\/404|[from] item: Leftovers
|turn|25
|
|move|p2a: Swampert|Scald|p1a: Blue in Green
|-resisted|p1a: Blue in Green
|-damage|p1a: Blue in Green|365\/404
|move|p1a: Blue in Green|Roar|p2a: Swampert
|drag|p2a: Suicune|Suicune|401\/401
|-damage|p2a: Suicune|351\/401|[from] Stealth Rock
|-ability|p2a: Suicune|Pressure
|
|-heal|p2a: Suicune|376\/401|[from] item: Leftovers
|-heal|p1a: Blue in Green|390\/404|[from] item: Leftovers
|turn|26
|
|move|p2a: Suicune|Scald|p1a: Blue in Green
|-crit|p1a: Blue in Green
|-resisted|p1a: Blue in Green
|-damage|p1a: Blue in Green|330\/404
|-status|p1a: Blue in Green|brn
|move|p1a: Blue in Green|Roar|p2a: Suicune
|drag|p2a: Crobat|Crobat, F|121\/325 brn
|-damage|p2a: Crobat|40\/325 brn|[from] Stealth Rock
|
|-heal|p2a: Crobat|60\/325 brn|[from] item: Black Sludge
|-heal|p1a: Blue in Green|355\/404 brn|[from] item: Leftovers
|-damage|p2a: Crobat|20\/325 brn|[from] brn
|-damage|p1a: Blue in Green|305\/404 brn|[from] brn
|turn|27
|
|move|p2a: Crobat|Roost|p2a: Crobat
|-heal|p2a: Crobat|183\/325 brn
|move|p1a: Blue in Green|Scald|p2a: Crobat
|-damage|p2a: Crobat|84\/325 brn
|
|-heal|p2a: Crobat|104\/325 brn|[from] item: Black Sludge
|-heal|p1a: Blue in Green|330\/404 brn|[from] item: Leftovers
|-damage|p2a: Crobat|64\/325 brn|[from] brn
|-damage|p1a: Blue in Green|280\/404 brn|[from] brn
|turn|28
|
|move|p2a: Crobat|Roost|p2a: Crobat
|-heal|p2a: Crobat|227\/325 brn
|move|p1a: Blue in Green|Roar|p2a: Crobat
|drag|p2a: Suicune|Suicune|376\/401
|-damage|p2a: Suicune|326\/401|[from] Stealth Rock
|-ability|p2a: Suicune|Pressure
|
|-heal|p2a: Suicune|351\/401|[from] item: Leftovers
|-heal|p1a: Blue in Green|305\/404 brn|[from] item: Leftovers
|-damage|p1a: Blue in Green|255\/404 brn|[from] brn
|turn|29
|
|switch|p2a: Swampert|Swampert, F|173\/404
|-damage|p2a: Swampert|148\/404|[from] Stealth Rock
|move|p1a: Blue in Green|Rest|p1a: Blue in Green
|-status|p1a: Blue in Green|slp
|-heal|p1a: Blue in Green|404\/404 slp|[silent]
|-status|p1a: Blue in Green|slp|[from] move: Rest
|
|-heal|p2a: Swampert|173\/404|[from] item: Leftovers
|turn|30
|
|cant|p1a: Blue in Green|slp
|move|p1a: Blue in Green|Sleep Talk|p1a: Blue in Green
|move|p1a: Blue in Green|Scald|p2a: Swampert|[from]Sleep Talk
|-damage|p2a: Swampert|79\/404
|-status|p2a: Swampert|brn
|move|p2a: Swampert|Roar|p1a: Blue in Green
|drag|p1a: Nardis|Weezing, F|26\/333
|-damage|p1a: Nardis|0 fnt|[from] Stealth Rock
|faint|p1a: Nardis
|
|-heal|p2a: Swampert|104\/404 brn|[from] item: Leftovers
|-damage|p2a: Swampert|54\/404 brn|[from] brn
|
|switch|p1a: Bitches Brew|Spiritomb, M|304\/304
|-damage|p1a: Bitches Brew|266\/304|[from] Stealth Rock
|turn|31
|
|move|p2a: Swampert|Scald|p1a: Bitches Brew
|-damage|p1a: Bitches Brew|182\/304
|-status|p1a: Bitches Brew|brn
|move|p1a: Bitches Brew|Foul Play|p2a: Swampert
|-damage|p2a: Swampert|6\/404 brn
|
|-heal|p2a: Swampert|31\/404 brn|[from] item: Leftovers
|-heal|p1a: Bitches Brew|201\/304 brn|[from] item: Leftovers
|-damage|p2a: Swampert|0 fnt|[from] brn
|-damage|p1a: Bitches Brew|163\/304 brn|[from] brn
|faint|p2a: Swampert
|
|switch|p2a: Machamp|Machamp, F|61\/321
|-damage|p2a: Machamp|41\/321|[from] Stealth Rock
|turn|32
|
|move|p2a: Machamp|Knock Off|p1a: Bitches Brew
|-damage|p1a: Bitches Brew|0 fnt
|-enditem|p1a: Bitches Brew|Leftovers|[from] move: Knock Off|[of] p2a: Machamp
|faint|p1a: Bitches Brew
|
|
|switch|p1a: Blue in Green|Suicune|404\/404 slp
|-damage|p1a: Blue in Green|354\/404 slp|[from] Stealth Rock
|-ability|p1a: Blue in Green|Pressure
|turn|33
|
|move|p2a: Machamp|Knock Off|p1a: Blue in Green
|-damage|p1a: Blue in Green|234\/404 slp
|-enditem|p1a: Blue in Green|Leftovers|[from] move: Knock Off|[of] p2a: Machamp
|cant|p1a: Blue in Green|slp
|move|p1a: Blue in Green|Sleep Talk|p1a: Blue in Green
|move|p1a: Blue in Green|Rest|p1a: Blue in Green|[from]Sleep Talk
|-fail|p1a: Blue in Green
|
|turn|34
|
|move|p2a: Machamp|Knock Off|p1a: Blue in Green
|-damage|p1a: Blue in Green|144\/404 slp
|-curestatus|p1a: Blue in Green|slp
|move|p1a: Blue in Green|Roar|p2a: Machamp
|drag|p2a: Suicune|Suicune|351\/401
|-damage|p2a: Suicune|301\/401|[from] Stealth Rock
|-ability|p2a: Suicune|Pressure
|
|-heal|p2a: Suicune|326\/401|[from] item: Leftovers
|turn|35
|
|switch|p2a: Machamp|Machamp, F|41\/321
|-damage|p2a: Machamp|21\/321|[from] Stealth Rock
|move|p1a: Blue in Green|Rest|p1a: Blue in Green
|-status|p1a: Blue in Green|slp
|-heal|p1a: Blue in Green|404\/404 slp|[silent]
|-status|p1a: Blue in Green|slp|[from] move: Rest
|
|turn|36
|
|move|p2a: Machamp|Close Combat|p1a: Blue in Green
|-damage|p1a: Blue in Green|190\/404 slp
|-unboost|p2a: Machamp|def|1
|-unboost|p2a: Machamp|spd|1
|cant|p1a: Blue in Green|slp
|move|p1a: Blue in Green|Sleep Talk|p1a: Blue in Green
|move|p1a: Blue in Green|Rest|p1a: Blue in Green|[from]Sleep Talk
|-fail|p1a: Blue in Green
|
|turn|37
|
|move|p2a: Machamp|Close Combat|p1a: Blue in Green
|-damage|p1a: Blue in Green|0 fnt
|-unboost|p2a: Machamp|def|1
|-unboost|p2a: Machamp|spd|1
|faint|p1a: Blue in Green
|
|-message|oh no oh no forfeited.
|
|win|Masochism
|raw|Ladder updating...
|leave|oh no oh no
|player|p1
|raw|oh no oh no's rating: 1703 &rarr; <strong>1676<\/strong><br \/>(-27 for losing)
|raw|Masochism's rating: 1591 &rarr; <strong>1618<\/strong><br \/>(+27 for winning)