|join|deanrona
|join|MaybeI'mMamoswine
|player|p1|deanrona|229
|player|p2|MaybeI'mMamoswine|102
|gametype|singles
|gen|6
|tier|UU
|rated
|rule|Sleep Clause Mod: Limit one foe put to sleep
|rule|Species Clause: Limit one of each Pokemon
|rule|OHKO Clause: OHKO moves are banned
|rule|Moody Clause: Moody is banned
|rule|Evasion Moves Clause: Evasion moves are banned
|rule|Endless Battle Clause: Forcing endless battles is banned.
|rule|HP Percentage Mod: HP is reported as percentages
|clearpoke
|poke|p1|Roserade, F
|poke|p1|Porygon-Z
|poke|p1|Slowbro, F
|poke|p1|Forretress, M
|poke|p1|Infernape, F
|poke|p1|Alakazam, F
|poke|p2|Aggron, M
|poke|p2|Altaria, F
|poke|p2|Porygon-Z
|poke|p2|Jellicent, M
|poke|p2|Whimsicott, F, shiny
|poke|p2|Arcanine, F
|teampreview
|
|start
|switch|p1a: Roserade|Roserade, F|318\/318
|switch|p2a: Porygon-Z|Porygon-Z|312\/312
|-boost|p2a: Porygon-Z|atk|1|[from] ability: Download
|turn|1
|
|move|p2a: Porygon-Z|Tri Attack|p1a: Roserade
|-damage|p1a: Roserade|167\/318
|move|p1a: Roserade|Sleep Powder|p2a: Porygon-Z|[miss]
|-miss|p1a: Roserade|p2a: Porygon-Z
|
|turn|2
|
|switch|p2a: Whimsicott|Whimsicott, F, shiny|264\/264
|move|p1a: Roserade|Sleep Powder|p2a: Whimsicott
|-fail|p2a: Whimsicott
|
|turn|3
|
|move|p2a: Whimsicott|Hurricane|p1a: Roserade
|-supereffective|p1a: Roserade
|-damage|p1a: Roserade|0 fnt
|-damage|p2a: Whimsicott|238\/264|[from] item: Life Orb
|faint|p1a: Roserade
|
|
|switch|p1a: Porygon-Z|Porygon-Z|312\/312
|-boost|p1a: Porygon-Z|spa|1|[from] ability: Download
|turn|4
|
|switch|p2a: Altaria|Altaria, F|353\/353
|move|p1a: Porygon-Z|Psyshock|p2a: Altaria
|-damage|p2a: Altaria|186\/353
|
|-heal|p2a: Altaria|208\/353|[from] item: Leftovers
|turn|5
|
|move|p1a: Porygon-Z|Ice Beam|p2a: Altaria
|-supereffective|p2a: Altaria
|-damage|p2a: Altaria|0 fnt
|faint|p2a: Altaria
|
|
|switch|p2a: Aggron|Aggron, M|344\/344
|turn|6
|
|switch|p1a: Slowbro|Slowbro, F|394\/394
|detailschange|p2a: Aggron|Aggron-Mega, M
|message|Aggron has Mega Evolved into Mega Aggron!
|move|p2a: Aggron|Thunder Wave|p1a: Slowbro
|-status|p1a: Slowbro|par
|
|turn|7
|
|move|p2a: Aggron|Stealth Rock|p1a: Slowbro
|-sidestart|p1: deanrona|move: Stealth Rock
|move|p1a: Slowbro|Scald|p2a: Aggron
|-damage|p2a: Aggron|251\/344
|
|turn|8
|
|switch|p2a: Jellicent|Jellicent, M|344\/344
|move|p1a: Slowbro|Scald|p2a: Jellicent
|-immune|p2a: Jellicent|[msg]
|
|turn|9
|
|move|p2a: Jellicent|Scald|p1a: Slowbro
|-resisted|p1a: Slowbro
|-damage|p1a: Slowbro|340\/394 par
|move|p1a: Slowbro|Toxic|p2a: Jellicent
|-status|p2a: Jellicent|tox
|
|-heal|p1a: Slowbro|364\/394 par|[from] item: Leftovers
|-damage|p2a: Jellicent|323\/344 tox|[from] psn
|turn|10
|
|switch|p2a: Porygon-Z|Porygon-Z|312\/312
|-boost|p2a: Porygon-Z|spa|1|[from] ability: Download
|cant|p1a: Slowbro|par
|
|-heal|p1a: Slowbro|388\/394 par|[from] item: Leftovers
|turn|11
|
|move|p2a: Porygon-Z|Thunderbolt|p1a: Slowbro
|-supereffective|p1a: Slowbro
|-damage|p1a: Slowbro|0 fnt
|faint|p1a: Slowbro
|
|
|switch|p1a: Porygon-Z|Porygon-Z|312\/312
|-damage|p1a: Porygon-Z|273\/312|[from] Stealth Rock
|-boost|p1a: Porygon-Z|atk|1|[from] ability: Download
|turn|12
|
|move|p2a: Porygon-Z|Thunderbolt|p1a: Porygon-Z
|-damage|p1a: Porygon-Z|55\/312
|move|p1a: Porygon-Z|Psyshock|p2a: Porygon-Z
|-damage|p2a: Porygon-Z|177\/312
|
|-heal|p1a: Porygon-Z|74\/312|[from] item: Leftovers
|turn|13
|
|move|p2a: Porygon-Z|Thunderbolt|p1a: Porygon-Z
|-damage|p1a: Porygon-Z|0 fnt
|faint|p1a: Porygon-Z
|
|
|switch|p1a: Infernape|Infernape, F|294\/294
|-damage|p1a: Infernape|258\/294|[from] Stealth Rock
|turn|14
|
|switch|p2a: Jellicent|Jellicent, M|323\/344 tox
|move|p1a: Infernape|Fire Punch|p2a: Jellicent
|-resisted|p2a: Jellicent
|-damage|p2a: Jellicent|236\/344 tox
|
|-heal|p2a: Jellicent|257\/344 tox|[from] item: Leftovers
|-damage|p2a: Jellicent|236\/344 tox|[from] psn
|turn|15
|
|switch|p1a: Forretress|Forretress, M|354\/354
|-damage|p1a: Forretress|310\/354|[from] Stealth Rock
|move|p2a: Jellicent|Scald|p1a: Forretress
|-damage|p1a: Forretress|180\/354
|
|-heal|p2a: Jellicent|257\/344 tox|[from] item: Leftovers
|-heal|p1a: Forretress|202\/354|[from] item: Leftovers
|-damage|p2a: Jellicent|215\/344 tox|[from] psn
|turn|16
|
|switch|p2a: Porygon-Z|Porygon-Z|177\/312
|-boost|p2a: Porygon-Z|spa|1|[from] ability: Download
|move|p1a: Forretress|Stealth Rock|p2a: Porygon-Z
|-sidestart|p2: MaybeI'mMamoswine|move: Stealth Rock
|
|-heal|p1a: Forretress|224\/354|[from] item: Leftovers
|turn|17
|
|move|p2a: Porygon-Z|Shadow Ball|p1a: Forretress
|-damage|p1a: Forretress|0 fnt
|faint|p1a: Forretress
|
|
|switch|p1a: Infernape|Infernape, F|258\/294
|-damage|p1a: Infernape|222\/294|[from] Stealth Rock
|turn|18
|
|switch|p2a: Jellicent|Jellicent, M|215\/344 tox
|-damage|p2a: Jellicent|172\/344 tox|[from] Stealth Rock
|move|p1a: Infernape|Earthquake|p2a: Jellicent
|-damage|p2a: Jellicent|30\/344 tox
|
|-heal|p2a: Jellicent|51\/344 tox|[from] item: Leftovers
|-damage|p2a: Jellicent|30\/344 tox|[from] psn
|turn|19
|
|move|p1a: Infernape|Earthquake|p2a: Jellicent
|-damage|p2a: Jellicent|0 fnt
|faint|p2a: Jellicent
|
|
|switch|p2a: Whimsicott|Whimsicott, F, shiny|238\/264
|-damage|p2a: Whimsicott|205\/264|[from] Stealth Rock
|turn|20
|
|switch|p1a: Alakazam|Alakazam, F|252\/252
|move|p2a: Whimsicott|Moonblast|p1a: Alakazam
|-damage|p1a: Alakazam|123\/252
|-unboost|p1a: Alakazam|spa|1
|-damage|p2a: Whimsicott|179\/264|[from] item: Life Orb
|
|turn|21
|
|detailschange|p1a: Alakazam|Alakazam-Mega, F
|message|Alakazam has Mega Evolved into Mega Alakazam!
|-ability|p1a: Alakazam|Prankster|[from] ability: Trace|[of] p2a: Whimsicott
|move|p2a: Whimsicott|Tailwind|p2a: Whimsicott
|-sidestart|p2: MaybeI'mMamoswine|move: Tailwind
|move|p1a: Alakazam|Psyshock|p2a: Whimsicott
|-damage|p2a: Whimsicott|26\/264
|
|turn|22
|
|move|p2a: Whimsicott|Moonblast|p1a: Alakazam
|-damage|p1a: Alakazam|0 fnt
|-damage|p2a: Whimsicott|0 fnt|[from] item: Life Orb
|faint|p1a: Alakazam
|faint|p2a: Whimsicott
|
|
|switch|p1a: Infernape|Infernape, F|222\/294
|-damage|p1a: Infernape|186\/294|[from] Stealth Rock
|switch|p2a: Porygon-Z|Porygon-Z|177\/312
|-damage|p2a: Porygon-Z|138\/312|[from] Stealth Rock
|-boost|p2a: Porygon-Z|spa|1|[from] ability: Download
|turn|23
|
|move|p2a: Porygon-Z|Tri Attack|p1a: Infernape
|-damage|p1a: Infernape|0 fnt
|faint|p1a: Infernape
|
|win|MaybeI'mMamoswine
|raw|Ladder updating...
|raw|deanrona's rating: 1309 &rarr; <strong>1283<\/strong><br \/>(-26 for losing)
|raw|MaybeI&apos;mMamoswine's rating: 1203 &rarr; <strong>1236<\/strong><br \/>(+33 for winning)
|leave|MaybeI'mMamoswine
|player|p2