|join|Gumm
|join|MaybeI'mMamoswine
|player|p1|Gumm|131
|player|p2|MaybeI'mMamoswine|169
|gametype|singles
|gen|6
|tier|UU
|rated
|rule|Sleep Clause Mod: Limit one foe put to sleep
|rule|Species Clause: Limit one of each Pokemon
|rule|OHKO Clause: OHKO moves are banned
|rule|Moody Clause: Moody is banned
|rule|Evasion Moves Clause: Evasion moves are banned
|rule|Endless Battle Clause: Forcing endless battles is banned.
|rule|HP Percentage Mod: HP is reported as percentages
|clearpoke
|poke|p1|Lucario, M
|poke|p1|Azelf
|poke|p1|Jolteon, F
|poke|p1|Celebi
|poke|p1|Kabutops, F
|poke|p1|Honchkrow, F
|poke|p2|Aggron, F
|poke|p2|Altaria, F
|poke|p2|Porygon-Z
|poke|p2|Jellicent, M
|poke|p2|Whimsicott, F, shiny
|poke|p2|Arcanine, M
|teampreview
|
|start
|switch|p1a: Azelf|Azelf|291\/291
|switch|p2a: Porygon-Z|Porygon-Z|312\/312
|-boost|p2a: Porygon-Z|spa|1|[from] ability: Download
|turn|1
|
|move|p2a: Porygon-Z|Shadow Ball|p1a: Azelf
|-supereffective|p1a: Azelf
|-enditem|p1a: Azelf|Focus Sash
|-damage|p1a: Azelf|1\/291
|move|p1a: Azelf|Stealth Rock|p2a: Porygon-Z
|-sidestart|p2: MaybeI'mMamoswine|move: Stealth Rock
|
|turn|2
|
|move|p2a: Porygon-Z|Shadow Ball|p1a: Azelf
|-supereffective|p1a: Azelf
|-damage|p1a: Azelf|0 fnt
|faint|p1a: Azelf
|
|
|switch|p1a: Honchkrow|Honchkrow, F|341\/341
|turn|3
|
|move|p1a: Honchkrow|Pursuit|p2a: Porygon-Z|[from]Pursuit
|-damage|p2a: Porygon-Z|42\/312
|-damage|p1a: Honchkrow|307\/341|[from] item: Life Orb
|switch|p2a: Aggron|Aggron, F|344\/344
|-damage|p2a: Aggron|323\/344|[from] Stealth Rock
|
|turn|4
|
|switch|p1a: Celebi|Celebi|341\/341
|switch|p2a: Whimsicott|Whimsicott, F, shiny|261\/261
|-damage|p2a: Whimsicott|229\/261|[from] Stealth Rock
|
|turn|5
|
|move|p2a: Whimsicott|Tailwind|p2a: Whimsicott
|-sidestart|p2: MaybeI'mMamoswine|move: Tailwind
|move|p1a: Celebi|Psychic|p2a: Whimsicott
|-damage|p2a: Whimsicott|0 fnt
|-damage|p1a: Celebi|307\/341|[from] item: Life Orb
|faint|p2a: Whimsicott
|
|
|switch|p2a: Arcanine|Arcanine, M|383\/383
|-damage|p2a: Arcanine|288\/383|[from] Stealth Rock
|-ability|p2a: Arcanine|Intimidate|[of] p1a: Celebi
|-unboost|p1a: Celebi|atk|1
|turn|6
|
|switch|p1a: Kabutops|Kabutops, F|262\/262
|move|p2a: Arcanine|Close Combat|p1a: Kabutops
|-supereffective|p1a: Kabutops
|-damage|p1a: Kabutops|0 fnt
|-unboost|p2a: Arcanine|def|1
|-unboost|p2a: Arcanine|spd|1
|faint|p1a: Kabutops
|
|
|switch|p1a: Honchkrow|Honchkrow, F|307\/341
|turn|7
|
|switch|p2a: Aggron|Aggron, F|323\/344
|-damage|p2a: Aggron|302\/344|[from] Stealth Rock
|move|p1a: Honchkrow|Sucker Punch|p2a: Aggron
|-fail|p2a: Aggron
|
|turn|8
|
|switch|p1a: Celebi|Celebi|307\/341
|detailschange|p2a: Aggron|Aggron-Mega, F
|message|Aggron has Mega Evolved into Mega Aggron!
|move|p2a: Aggron|Stealth Rock|p1a: Celebi
|-sidestart|p1: Gumm|move: Stealth Rock
|
|-sideend|p2: MaybeI'mMamoswine|move: Tailwind
|turn|9
|
|move|p1a: Celebi|Nasty Plot|p1a: Celebi
|-boost|p1a: Celebi|spa|2
|move|p2a: Aggron|Thunder Wave|p1a: Celebi
|-status|p1a: Celebi|par
|
|turn|10
|
|move|p2a: Aggron|Iron Head|p1a: Celebi
|-damage|p1a: Celebi|184\/341 par
|cant|p1a: Celebi|par
|
|turn|11
|
|move|p2a: Aggron|Iron Head|p1a: Celebi
|-damage|p1a: Celebi|58\/341 par
|cant|p1a: Celebi|flinch
|
|turn|12
|
|move|p2a: Aggron|Iron Head|p1a: Celebi
|-damage|p1a: Celebi|0 fnt
|faint|p1a: Celebi
|
|
|switch|p1a: Jolteon|Jolteon, F|271\/271
|-damage|p1a: Jolteon|238\/271|[from] Stealth Rock
|-item|p1a: Jolteon|Air Balloon
|turn|13
|
|switch|p2a: Altaria|Altaria, F|353\/353
|-damage|p2a: Altaria|265\/353|[from] Stealth Rock
|move|p1a: Jolteon|Volt Switch|p2a: Altaria
|-damage|p2a: Altaria|183\/353
|
|switch|p1a: Lucario|Lucario, M|281\/281
|-damage|p1a: Lucario|273\/281|[from] Stealth Rock
|
|-heal|p2a: Altaria|205\/353|[from] item: Leftovers
|turn|14
|
|move|p1a: Lucario|Swords Dance|p1a: Lucario
|-boost|p1a: Lucario|atk|2
|move|p2a: Altaria|Haze|p2a: Altaria
|-clearallboost
|
|-heal|p2a: Altaria|227\/353|[from] item: Leftovers
|turn|15
|
|move|p1a: Lucario|Swords Dance|p1a: Lucario
|-boost|p1a: Lucario|atk|2
|move|p2a: Altaria|Haze|p2a: Altaria
|-clearallboost
|
|-heal|p2a: Altaria|249\/353|[from] item: Leftovers
|turn|16
|
|switch|p2a: Aggron|Aggron-Mega, F|302\/344
|-damage|p2a: Aggron|281\/344|[from] Stealth Rock
|move|p1a: Lucario|Swords Dance|p1a: Lucario
|-boost|p1a: Lucario|atk|2
|
|turn|17
|
|move|p1a: Lucario|Close Combat|p2a: Aggron
|-supereffective|p2a: Aggron
|-damage|p2a: Aggron|0 fnt
|-unboost|p1a: Lucario|def|1
|-unboost|p1a: Lucario|spd|1
|-damage|p1a: Lucario|245\/281|[from] item: Life Orb
|faint|p2a: Aggron
|
|
|switch|p2a: Jellicent|Jellicent, M|344\/344
|-damage|p2a: Jellicent|301\/344|[from] Stealth Rock
|turn|18
|
|move|p1a: Lucario|Crunch|p2a: Jellicent
|-supereffective|p2a: Jellicent
|-damage|p2a: Jellicent|0 fnt
|-damage|p1a: Lucario|217\/281|[from] item: Life Orb
|faint|p2a: Jellicent
|
|
|switch|p2a: Arcanine|Arcanine, M|288\/383
|-damage|p2a: Arcanine|193\/383|[from] Stealth Rock
|-ability|p2a: Arcanine|Intimidate|[of] p1a: Lucario
|-unboost|p1a: Lucario|atk|1
|turn|19
|
|move|p1a: Lucario|Extreme Speed|p2a: Arcanine
|-damage|p2a: Arcanine|0 fnt
|-damage|p1a: Lucario|189\/281|[from] item: Life Orb
|faint|p2a: Arcanine
|
|
|switch|p2a: Altaria|Altaria, F|249\/353
|-damage|p2a: Altaria|161\/353|[from] Stealth Rock
|turn|20
|
|move|p1a: Lucario|Extreme Speed|p2a: Altaria
|-damage|p2a: Altaria|0 fnt
|-damage|p1a: Lucario|161\/281|[from] item: Life Orb
|faint|p2a: Altaria
|
|
|switch|p2a: Porygon-Z|Porygon-Z|42\/312
|-damage|p2a: Porygon-Z|3\/312|[from] Stealth Rock
|-boost|p2a: Porygon-Z|atk|1|[from] ability: Download
|turn|21
|
|move|p1a: Lucario|Extreme Speed|p2a: Porygon-Z
|-damage|p2a: Porygon-Z|0 fnt
|-damage|p1a: Lucario|133\/281|[from] item: Life Orb
|faint|p2a: Porygon-Z
|
|win|Gumm
|raw|Ladder updating...
|raw|Gumm's rating: 1259 &rarr; <strong>1284<\/strong><br \/>(+25 for winning)
|raw|MaybeI&apos;mMamoswine's rating: 1256 &rarr; <strong>1231<\/strong><br \/>(-25 for losing)
|leave|MaybeI'mMamoswine
|player|p2