|join|DoctorMobius
|join|MaybeI'mMamoswine
|player|p1|DoctorMobius|1
|player|p2|MaybeI'mMamoswine|265
|gametype|singles
|gen|6
|tier|UU
|rated
|clearpoke
|poke|p1|Reuniclus, M
|poke|p1|Escavalier, M
|poke|p1|Porygon2
|poke|p1|Slowbro, F
|poke|p1|Ampharos, M
|poke|p1|Hitmontop, M
|poke|p2|Whimsicott, F
|poke|p2|Mantine, F
|poke|p2|Ampharos, M
|poke|p2|Victini
|poke|p2|Hariyama, F
|poke|p2|Vanilluxe, F
|rule|Sleep Clause Mod: Limit one foe put to sleep
|rule|Species Clause: Limit one of each Pokemon
|rule|OHKO Clause: OHKO moves are banned
|rule|Moody Clause: Moody is banned
|rule|Evasion Moves Clause: Evasion moves are banned
|rule|Endless Battle Clause: Forcing endless battles is banned.
|rule|HP Percentage Mod: HP is reported as percentages
|teampreview
|chat|DoctorMobius|glhf
|
|start
|switch|p1a: :3|Slowbro, F|394\/394
|switch|p2a: Mantine|Mantine, F|308\/308
|turn|1
|
|switch|p2a: Vanilluxe|Vanilluxe, F|284\/284
|move|p1a: :3|Trick Room|p1a: :3
|-fieldstart|move: Trick Room|[of] p1a: :3
|
|turn|2
|
|switch|p1a: Reuniclus|Reuniclus, M|362\/362
|move|p2a: Vanilluxe|Freeze-Dry|p1a: Reuniclus
|-damage|p1a: Reuniclus|230\/362
|
|turn|3
|
|switch|p2a: Mantine|Mantine, F|308\/308
|move|p1a: Reuniclus|Focus Blast|p2a: Mantine|[miss]
|-miss|p1a: Reuniclus|p2a: Mantine
|
|turn|4
|
|move|p1a: Reuniclus|Psychic|p2a: Mantine
|-damage|p2a: Mantine|143\/308
|move|p2a: Mantine|Hydro Pump|p1a: Reuniclus
|-damage|p1a: Reuniclus|67\/362
|
|turn|5
|
|move|p1a: Reuniclus|Psychic|p2a: Mantine
|-damage|p2a: Mantine|0 fnt
|faint|p2a: Mantine
|
|-fieldend|move: Trick Room
|
|switch|p2a: Vanilluxe|Vanilluxe, F|284\/284
|turn|6
|
|switch|p1a: Judge Dreid|Hitmontop, M|304\/304
|-ability|p1a: Judge Dreid|Intimidate|[of] p2a: Vanilluxe
|-unboost|p2a: Vanilluxe|atk|1
|move|p2a: Vanilluxe|Freeze-Dry|p1a: Judge Dreid
|-crit|p1a: Judge Dreid
|-damage|p1a: Judge Dreid|180\/304
|
|-heal|p1a: Judge Dreid|199\/304|[from] item: Leftovers
|turn|7
|
|switch|p2a: Victini|Victini|341\/341
|move|p1a: Judge Dreid|Fake Out|p2a: Victini
|-damage|p2a: Victini|307\/341
|
|-heal|p1a: Judge Dreid|218\/304|[from] item: Leftovers
|turn|8
|
|switch|p1a: :3|Slowbro, F|394\/394
|move|p2a: Victini|U-turn|p1a: :3
|-supereffective|p1a: :3
|-damage|p1a: :3|296\/394
|
|switch|p2a: Ampharos|Ampharos, M|384\/384
|
|-heal|p1a: :3|320\/394|[from] item: Leftovers
|turn|9
|
|switch|p1a: PorygonDos|Porygon2|312\/312
|-boost|p1a: PorygonDos|atk|1|[from] ability: Download
|-formechange|p2a: Ampharos|Ampharos-Mega
|message|Ampharos has Mega Evolved into Mega Ampharos!
|-ability|p2a: Ampharos|Mold Breaker
|move|p2a: Ampharos|Thunderbolt|p1a: PorygonDos
|-damage|p1a: PorygonDos|206\/312
|
|turn|10
|
|move|p2a: Ampharos|Focus Blast|p1a: PorygonDos|[miss]
|-miss|p2a: Ampharos|p1a: PorygonDos
|move|p1a: PorygonDos|Trick Room|p1a: PorygonDos
|-fieldstart|move: Trick Room|[of] p1a: PorygonDos
|
|turn|11
|
|switch|p1a: Sir Curlydick|Escavalier, M|344\/344
|move|p2a: Ampharos|Focus Blast|p1a: Sir Curlydick
|-damage|p1a: Sir Curlydick|162\/344
|
|turn|12
|
|move|p1a: Sir Curlydick|Megahorn|p2a: Ampharos
|-damage|p2a: Ampharos|42\/384
|move|p2a: Ampharos|Thunderbolt|p1a: Sir Curlydick
|-damage|p1a: Sir Curlydick|0 fnt
|faint|p1a: Sir Curlydick
|
|
|switch|p1a: Reuniclus|Reuniclus, M|67\/362
|turn|13
|
|switch|p2a: Victini|Victini|307\/341
|move|p1a: Reuniclus|Psychic|p2a: Victini
|-resisted|p2a: Victini
|-damage|p2a: Victini|195\/341
|
|turn|14
|
|move|p1a: Reuniclus|Shadow Ball|p2a: Victini
|-supereffective|p2a: Victini
|-damage|p2a: Victini|0 fnt
|faint|p2a: Victini
|
|-fieldend|move: Trick Room
|
|switch|p2a: Hariyama|Hariyama, F|492\/492
|turn|15
|
|move|p2a: Hariyama|Fake Out|p1a: Reuniclus
|-damage|p1a: Reuniclus|20\/362
|cant|p1a: Reuniclus|flinch
|
|-status|p2a: Hariyama|tox|[from] item: Toxic Orb
|turn|16
|
|move|p2a: Hariyama|Bullet Punch|p1a: Reuniclus
|-damage|p1a: Reuniclus|0 fnt
|faint|p1a: Reuniclus
|
|-damage|p2a: Hariyama|462\/492 tox|[from] psn
|
|switch|p1a: :3|Slowbro, F|394\/394
|turn|17
|
|switch|p2a: Whimsicott|Whimsicott, F|262\/262
|move|p1a: :3|Slack Off|p1a: :3
|-fail|p1a: :3
|
|turn|18
|
|switch|p1a: PorygonDos|Porygon2|206\/312
|-boost|p1a: PorygonDos|spa|1|[from] ability: Download
|move|p2a: Whimsicott|Moonblast|p1a: PorygonDos
|-damage|p1a: PorygonDos|135\/312
|-damage|p2a: Whimsicott|236\/262|[from] item: Life Orb
|
|turn|19
|
|move|p2a: Whimsicott|Knock Off|p1a: PorygonDos
|-damage|p1a: PorygonDos|105\/312
|-enditem|p1a: PorygonDos|Eviolite|[from] move: Knock Off|[of] p2a: Whimsicott
|-damage|p2a: Whimsicott|210\/262|[from] item: Life Orb
|move|p1a: PorygonDos|Trick Room|p1a: PorygonDos
|-fieldstart|move: Trick Room|[of] p1a: PorygonDos
|
|turn|20
|
|move|p1a: PorygonDos|Recover|p1a: PorygonDos
|-heal|p1a: PorygonDos|261\/312
|move|p2a: Whimsicott|Giga Drain|p1a: PorygonDos
|-damage|p1a: PorygonDos|162\/312
|-heal|p2a: Whimsicott|260\/262|[from] drain|[of] p1a: PorygonDos
|-damage|p2a: Whimsicott|234\/262|[from] item: Life Orb
|
|turn|21
|
|move|p1a: PorygonDos|Tri Attack|p2a: Whimsicott
|-damage|p2a: Whimsicott|63\/262
|move|p2a: Whimsicott|Hurricane|p1a: PorygonDos
|-damage|p1a: PorygonDos|65\/312
|-damage|p2a: Whimsicott|37\/262|[from] item: Life Orb
|
|turn|22
|
|switch|p2a: Vanilluxe|Vanilluxe, F|284\/284
|move|p1a: PorygonDos|Tri Attack|p2a: Vanilluxe
|-damage|p2a: Vanilluxe|121\/284
|-status|p2a: Vanilluxe|par
|
|turn|23
|
|move|p2a: Vanilluxe|Freeze-Dry|p1a: PorygonDos
|-damage|p1a: PorygonDos|0 fnt
|faint|p1a: PorygonDos
|
|-fieldend|move: Trick Room
|
|switch|p1a: Fabio|Ampharos, M|321\/321
|turn|24
|
|move|p1a: Fabio|Hidden Power|p2a: Vanilluxe
|-supereffective|p2a: Vanilluxe
|-damage|p2a: Vanilluxe|0 fnt
|faint|p2a: Vanilluxe
|
|
|switch|p2a: Hariyama|Hariyama, F|462\/492 tox
|turn|25
|
|-formechange|p1a: Fabio|Ampharos-Mega
|message|Ampharos has Mega Evolved into Mega Ampharos!
|-ability|p1a: Fabio|Mold Breaker
|move|p2a: Hariyama|Earthquake|p1a: Fabio
|-supereffective|p1a: Fabio
|-damage|p1a: Fabio|0 fnt
|faint|p1a: Fabio
|
|-damage|p2a: Hariyama|432\/492 tox|[from] psn
|chat|DoctorMobius|wp
|
|switch|p1a: :3|Slowbro, F|394\/394
|turn|26
|
|switch|p2a: Ampharos|Ampharos, M|42\/384
|-formechange|p2a: Ampharos|Ampharos-Mega
|-ability|p2a: Ampharos|Mold Breaker
|move|p1a: :3|Slack Off|p1a: :3
|-fail|p1a: :3
|
|turn|27
|
|switch|p1a: Judge Dreid|Hitmontop, M|218\/304
|-ability|p1a: Judge Dreid|Intimidate|[of] p2a: Ampharos
|-unboost|p2a: Ampharos|atk|1
|move|p2a: Ampharos|Thunderbolt|p1a: Judge Dreid
|-damage|p1a: Judge Dreid|79\/304
|
|-heal|p1a: Judge Dreid|98\/304|[from] item: Leftovers
|turn|28
|
|move|p1a: Judge Dreid|Fake Out|p2a: Ampharos
|-damage|p2a: Ampharos|12\/384
|cant|p2a: Ampharos|flinch
|
|-heal|p1a: Judge Dreid|117\/304|[from] item: Leftovers
|turn|29
|
|move|p1a: Judge Dreid|Protect|p1a: Judge Dreid
|-singleturn|p1a: Judge Dreid|Protect
|move|p2a: Ampharos|Thunderbolt|p1a: Judge Dreid
|-activate|p1a: Judge Dreid|Protect
|
|-heal|p1a: Judge Dreid|136\/304|[from] item: Leftovers
|turn|30
|
|move|p1a: Judge Dreid|Rapid Spin|p2a: Ampharos
|-damage|p2a: Ampharos|0 fnt
|faint|p2a: Ampharos
|
|-heal|p1a: Judge Dreid|155\/304|[from] item: Leftovers
|
|switch|p2a: Hariyama|Hariyama, F|432\/492 tox
|turn|31
|
|switch|p2a: Whimsicott|Whimsicott, F|37\/262
|move|p1a: Judge Dreid|Protect|p1a: Judge Dreid
|-fail|p1a: Judge Dreid
|
|-heal|p1a: Judge Dreid|174\/304|[from] item: Leftovers
|turn|32
|
|switch|p2a: Hariyama|Hariyama, F|432\/492 tox
|move|p1a: Judge Dreid|Close Combat|p2a: Hariyama
|-damage|p2a: Hariyama|233\/492 tox
|-unboost|p1a: Judge Dreid|def|1
|-unboost|p1a: Judge Dreid|spd|1
|
|-heal|p1a: Judge Dreid|193\/304|[from] item: Leftovers
|-damage|p2a: Hariyama|203\/492 tox|[from] psn
|turn|33
|
|move|p1a: Judge Dreid|Protect|p1a: Judge Dreid
|-singleturn|p1a: Judge Dreid|Protect
|move|p2a: Hariyama|Fake Out|p1a: Judge Dreid
|-activate|p1a: Judge Dreid|Protect
|
|-heal|p1a: Judge Dreid|212\/304|[from] item: Leftovers
|-damage|p2a: Hariyama|143\/492 tox|[from] psn
|turn|34
|
|move|p1a: Judge Dreid|Close Combat|p2a: Hariyama
|-damage|p2a: Hariyama|0 fnt
|-unboost|p1a: Judge Dreid|def|1
|-unboost|p1a: Judge Dreid|spd|1
|faint|p2a: Hariyama
|
|-heal|p1a: Judge Dreid|231\/304|[from] item: Leftovers
|
|switch|p2a: Whimsicott|Whimsicott, F|37\/262
|turn|35
|
|move|p1a: Judge Dreid|Protect|p1a: Judge Dreid
|-singleturn|p1a: Judge Dreid|Protect
|move|p2a: Whimsicott|Moonblast|p1a: Judge Dreid
|-activate|p1a: Judge Dreid|Protect
|
|-heal|p1a: Judge Dreid|250\/304|[from] item: Leftovers
|turn|36
|
|move|p2a: Whimsicott|Giga Drain|p1a: Judge Dreid
|-damage|p1a: Judge Dreid|97\/304
|-heal|p2a: Whimsicott|114\/262|[from] drain|[of] p1a: Judge Dreid
|-damage|p2a: Whimsicott|88\/262|[from] item: Life Orb
|move|p1a: Judge Dreid|Close Combat|p2a: Whimsicott
|-resisted|p2a: Whimsicott
|-damage|p2a: Whimsicott|6\/262
|-unboost|p1a: Judge Dreid|def|1
|-unboost|p1a: Judge Dreid|spd|1
|
|-heal|p1a: Judge Dreid|116\/304|[from] item: Leftovers
|turn|37
|
|move|p2a: Whimsicott|Giga Drain|p1a: Judge Dreid
|-damage|p1a: Judge Dreid|0 fnt
|-heal|p2a: Whimsicott|64\/262|[from] drain|[of] p1a: Judge Dreid
|-damage|p2a: Whimsicott|38\/262|[from] item: Life Orb
|faint|p1a: Judge Dreid
|
|
|switch|p1a: :3|Slowbro, F|394\/394
|turn|38
|
|move|p2a: Whimsicott|Giga Drain|p1a: :3
|-supereffective|p1a: :3
|-damage|p1a: :3|111\/394
|-heal|p2a: Whimsicott|180\/262|[from] drain|[of] p1a: :3
|-damage|p2a: Whimsicott|154\/262|[from] item: Life Orb
|move|p1a: :3|Ice Beam|p2a: Whimsicott
|-supereffective|p2a: Whimsicott
|-damage|p2a: Whimsicott|0 fnt
|faint|p2a: Whimsicott
|
|win|DoctorMobius
|raw|Ladder updating...
|raw|DoctorMobius's rating: 1168 &rarr; <strong>1193<\/strong><br \/>(+25 for winning)
|raw|MaybeI&apos;mMamoswine's rating: 1170 &rarr; <strong>1145<\/strong><br \/>(-25 for losing)
|chat|DoctorMobius|gg
|chat|MaybeI'mMamoswine|gg
|leave|MaybeI'mMamoswine
|player|p2
|join|King UU
|leave|King UU