|join|SharpedoMan
|join|MaybeI'mMamoswine
|player|p1|SharpedoMan|80
|player|p2|MaybeI'mMamoswine|288
|gametype|singles
|gen|6
|tier|UU
|rated
|rule|Sleep Clause Mod: Limit one foe put to sleep
|rule|Species Clause: Limit one of each PokÃ©mon
|rule|OHKO Clause: OHKO moves are banned
|rule|Moody Clause: Moody is banned
|rule|Evasion Moves Clause: Evasion moves are banned
|rule|Endless Battle Clause: Forcing endless battles is banned
|rule|HP Percentage Mod: HP is reported as percentages
|clearpoke
|poke|p1|Gallade, M, shiny
|poke|p1|Cloyster, F
|poke|p1|Darmanitan, M
|poke|p1|Nidoking, M
|poke|p1|Maractus, M
|poke|p1|Blastoise, F
|poke|p2|Florges, F, shiny
|poke|p2|Aerodactyl, M
|poke|p2|Starmie, shiny
|poke|p2|Virizion
|poke|p2|Sableye, M
|poke|p2|Cloyster, F, shiny
|rule|Swagger Clause: Swagger is banned
|rule|Baton Pass Clause: Limit three PokÃ©mon knowing Baton Pass
|teampreview
|
|start
|switch|p1a: Blastoise|Blastoise, F|362\/362
|switch|p2a: Cloyster|Cloyster, F, shiny|241\/241
|turn|1
|
|switch|p2a: Florges|Florges, F, shiny|360\/360
|detailschange|p1a: Blastoise|Blastoise-Mega, F
|message|Blastoise has Mega Evolved into Mega Blastoise!
|move|p1a: Blastoise|Dark Pulse|p2a: Florges
|-resisted|p2a: Florges
|-damage|p2a: Florges|327\/360
|
|-heal|p2a: Florges|349\/360|[from] item: Leftovers
|turn|2
|
|switch|p1a: Nidoking|Nidoking, M|366\/366
|move|p2a: Florges|Moonblast|p1a: Nidoking
|-resisted|p1a: Nidoking
|-damage|p1a: Nidoking|291\/366
|
|-heal|p2a: Florges|360\/360|[from] item: Leftovers
|turn|3
|
|switch|p2a: Aerodactyl|Aerodactyl, M|301\/301
|-ability|p2a: Aerodactyl|Unnerve|p1: SharpedoMan
|move|p1a: Nidoking|Stealth Rock|p2a: Aerodactyl
|-sidestart|p2: MaybeI'mMamoswine|move: Stealth Rock
|
|turn|4
|
|switch|p1a: Blastoise|Blastoise-Mega, F|362\/362
|detailschange|p2a: Aerodactyl|Aerodactyl-Mega, M
|message|Aerodactyl has Mega Evolved into Mega Aerodactyl!
|move|p2a: Aerodactyl|Aerial Ace|p1a: Blastoise
|-damage|p1a: Blastoise|268\/362
|
|turn|5
|
|switch|p2a: Florges|Florges, F, shiny|360\/360
|-damage|p2a: Florges|315\/360|[from] Stealth Rock
|move|p1a: Blastoise|Zen Headbutt|p2a: Florges
|-damage|p2a: Florges|231\/360
|
|-heal|p2a: Florges|253\/360|[from] item: Leftovers
|turn|6
|
|switch|p2a: Starmie|Starmie, shiny|261\/261
|-damage|p2a: Starmie|229\/261|[from] Stealth Rock
|switch|p1a: Darmanitan|Darmanitan, M|351\/351
|
|turn|7
|
|switch|p1a: Maractus|Maractus, M|354\/354
|move|p2a: Starmie|Hydro Pump|p1a: Maractus
|-immune|p1a: Maractus|[msg]
|
|turn|8
|
|switch|p2a: Virizion|Virizion|323\/323
|-damage|p2a: Virizion|303\/323|[from] Stealth Rock
|move|p1a: Maractus|Leech Seed|p2a: Virizion|[miss]
|-miss|p1a: Maractus|p2a: Virizion
|
|turn|9
|
|move|p2a: Virizion|X-Scissor|p1a: Maractus
|-supereffective|p1a: Maractus
|-damage|p1a: Maractus|91\/354
|-damage|p2a: Virizion|271\/323|[from] item: Life Orb
|move|p1a: Maractus|Toxic|p2a: Virizion
|-status|p2a: Virizion|tox
|
|-heal|p1a: Maractus|113\/354|[from] item: Leftovers
|-damage|p2a: Virizion|251\/323 tox|[from] psn
|turn|10
|
|move|p1a: Maractus|Protect|p1a: Maractus
|-singleturn|p1a: Maractus|Protect
|move|p2a: Virizion|Close Combat|p1a: Maractus
|-activate|p1a: Maractus|Protect
|
|-heal|p1a: Maractus|135\/354|[from] item: Leftovers
|-damage|p2a: Virizion|211\/323 tox|[from] psn
|turn|11
|
|switch|p2a: Starmie|Starmie, shiny|229\/261
|-damage|p2a: Starmie|197\/261|[from] Stealth Rock
|switch|p1a: Nidoking|Nidoking, M|291\/366
|
|turn|12
|
|switch|p1a: Maractus|Maractus, M|135\/354
|move|p2a: Starmie|Psyshock|p1a: Maractus
|-damage|p1a: Maractus|0 fnt
|faint|p1a: Maractus
|
|
|switch|p1a: Gallade|Gallade, M, shiny|340\/340
|turn|13
|
|switch|p2a: Sableye|Sableye, M|304\/304
|-damage|p2a: Sableye|266\/304|[from] Stealth Rock
|move|p1a: Gallade|Knock Off|p2a: Sableye
|-damage|p2a: Sableye|179\/304
|-enditem|p2a: Sableye|Leftovers|[from] move: Knock Off|[of] p1a: Gallade
|
|turn|14
|
|switch|p1a: Darmanitan|Darmanitan, M|351\/351
|move|p2a: Sableye|Knock Off|p1a: Darmanitan
|-damage|p1a: Darmanitan|203\/351
|-enditem|p1a: Darmanitan|Life Orb|[from] move: Knock Off|[of] p2a: Sableye
|
|turn|15
|
|switch|p2a: Cloyster|Cloyster, F, shiny|241\/241
|-damage|p2a: Cloyster|181\/241|[from] Stealth Rock
|move|p1a: Darmanitan|Flare Blitz|p2a: Cloyster
|-damage|p2a: Cloyster|4\/241
|-damage|p1a: Darmanitan|145\/351|[from] recoil|[of] p2a: Cloyster
|
|turn|16
|
|move|p2a: Cloyster|Ice Shard|p1a: Darmanitan
|-resisted|p1a: Darmanitan
|-damage|p1a: Darmanitan|97\/351
|move|p1a: Darmanitan|Flame Wheel|p2a: Cloyster
|-damage|p2a: Cloyster|0 fnt
|faint|p2a: Cloyster
|
|
|switch|p2a: Starmie|Starmie, shiny|197\/261
|-damage|p2a: Starmie|165\/261|[from] Stealth Rock
|turn|17
|
|switch|p1a: Gallade|Gallade, M, shiny|340\/340
|move|p2a: Starmie|Psyshock|p1a: Gallade
|-damage|p1a: Gallade|36\/340
|
|turn|18
|
|switch|p2a: Sableye|Sableye, M|179\/304
|-damage|p2a: Sableye|141\/304|[from] Stealth Rock
|move|p1a: Gallade|Knock Off|p2a: Sableye
|-damage|p2a: Sableye|79\/304
|
|turn|19
|
|switch|p1a: Darmanitan|Darmanitan, M|97\/351
|move|p2a: Sableye|Knock Off|p1a: Darmanitan
|-damage|p1a: Darmanitan|4\/351
|
|turn|20
|
|move|p2a: Sableye|Recover|p2a: Sableye
|-heal|p2a: Sableye|231\/304
|move|p1a: Darmanitan|Flare Blitz|p2a: Sableye
|-damage|p2a: Sableye|0 fnt
|-damage|p1a: Darmanitan|0 fnt|[from] recoil|[of] p2a: Sableye
|faint|p2a: Sableye
|faint|p1a: Darmanitan
|
|
|switch|p2a: Virizion|Virizion|211\/323 tox
|-damage|p2a: Virizion|191\/323 tox|[from] Stealth Rock
|switch|p1a: Cloyster|Cloyster, F|241\/241
|turn|21
|
|move|p2a: Virizion|Leaf Blade|p1a: Cloyster
|-supereffective|p1a: Cloyster
|-damage|p1a: Cloyster|54\/241
|-damage|p2a: Virizion|159\/323 tox|[from] item: Life Orb
|move|p1a: Cloyster|Shell Smash|p1a: Cloyster
|-boost|p1a: Cloyster|atk|2
|-boost|p1a: Cloyster|spa|2
|-boost|p1a: Cloyster|spe|2
|-unboost|p1a: Cloyster|def|1
|-unboost|p1a: Cloyster|spd|1
|
|-damage|p2a: Virizion|139\/323 tox|[from] psn
|turn|22
|
|move|p1a: Cloyster|Icicle Spear|p2a: Virizion
|-supereffective|p2a: Virizion
|-damage|p2a: Virizion|0 fnt
|-hitcount|p2a: Virizion|1
|faint|p2a: Virizion
|
|
|switch|p2a: Starmie|Starmie, shiny|165\/261
|-damage|p2a: Starmie|133\/261|[from] Stealth Rock
|turn|23
|
|move|p1a: Cloyster|Hidden Power|p2a: Starmie
|-supereffective|p2a: Starmie
|-damage|p2a: Starmie|0 fnt
|faint|p2a: Starmie
|
|
|switch|p2a: Aerodactyl|Aerodactyl-Mega, M|301\/301
|-damage|p2a: Aerodactyl|226\/301|[from] Stealth Rock
|turn|24
|
|move|p1a: Cloyster|Surf|p2a: Aerodactyl
|-supereffective|p2a: Aerodactyl
|-damage|p2a: Aerodactyl|0 fnt
|faint|p2a: Aerodactyl
|
|
|switch|p2a: Florges|Florges, F, shiny|253\/360
|-damage|p2a: Florges|208\/360|[from] Stealth Rock
|turn|25
|
|move|p1a: Cloyster|Icicle Spear|p2a: Florges
|-damage|p2a: Florges|124\/360
|-damage|p2a: Florges|42\/360
|-damage|p2a: Florges|0 fnt
|-hitcount|p2a: Florges|3
|faint|p2a: Florges
|
|win|SharpedoMan
|raw|Ladder updating...
|raw|SharpedoMan's rating: 1429 &rarr; <strong>1444<\/strong><br \/>(+15 for winning)
|raw|MaybeI&apos;mMamoswine's rating: 1340 &rarr; <strong>1325<\/strong><br \/>(-15 for losing)
|chat|SharpedoMan|wp
|chat|MaybeI'mMamoswine|gg
|leave|MaybeI'mMamoswine
|player|p2