|join|MaybeI'mMamoswine
|join|Greninja-Mega
|player|p1|MaybeI'mMamoswine|288
|player|p2|Greninja-Mega|167
|gametype|singles
|gen|6
|tier|UU
|rated
|rule|Sleep Clause Mod: Limit one foe put to sleep
|rule|Species Clause: Limit one of each PokÃ©mon
|rule|OHKO Clause: OHKO moves are banned
|rule|Moody Clause: Moody is banned
|rule|Evasion Moves Clause: Evasion moves are banned
|rule|Endless Battle Clause: Forcing endless battles is banned
|rule|HP Percentage Mod: HP is shown in percentages
|clearpoke
|poke|p1|Swampert, F
|poke|p1|Forretress, F
|poke|p1|Raikou, shiny
|poke|p1|Alomomola, F
|poke|p1|Whimsicott, F
|poke|p1|Goodra, F
|poke|p2|Vaporeon, M
|poke|p2|Jirachi, shiny
|poke|p2|Whimsicott, F, shiny
|poke|p2|Nidoqueen, F
|poke|p2|Pangoro, M, shiny
|poke|p2|Crobat, M, shiny
|rule|Swagger Clause: Swagger is banned
|rule|Baton Pass Clause: Limit one PokÃ©mon knowing Baton Pass
|teampreview
|c|âGreninja-Mega|maybe im greninja
|c|âMaybeI'mMamoswine|you must believe
|
|start
|switch|p1a: Swampert|Swampert, F|357\/357
|switch|p2a: Nidoqueen|Nidoqueen, F|384\/384
|turn|1
|
|switch|p2a: Crobat|Crobat, M, shiny|325\/325
|detailschange|p1a: Swampert|Swampert-Mega, F
|-mega|p1a: Swampert|Swampert|Swampertite
|move|p1a: Swampert|Earthquake|p2a: Crobat
|-immune|p2a: Crobat|[msg]
|
|turn|2
|
|switch|p1a: Alomomola|Alomomola, F|533\/533
|move|p2a: Crobat|U-turn|p1a: Alomomola
|-damage|p1a: Alomomola|480\/533
|-damage|p2a: Crobat|271\/325|[from] item: Rocky Helmet|[of] p1a: Alomomola
|
|switch|p2a: Whimsicott|Whimsicott, F, shiny|262\/262
|
|turn|3
|
|switch|p1a: Forretress|Forretress, F|354\/354
|move|p2a: Whimsicott|Energy Ball|p1a: Forretress
|-resisted|p1a: Forretress
|-damage|p1a: Forretress|290\/354
|
|-heal|p1a: Forretress|312\/354|[from] item: Leftovers
|turn|4
|c|âMaybeI'mMamoswine|offensive set!
|c|âMaybeI'mMamoswine|i like it
|
|switch|p2a: Jirachi|Jirachi, shiny|341\/341
|move|p1a: Forretress|Stealth Rock|p2a: Jirachi
|-sidestart|p2: Greninja-Mega|move: Stealth Rock
|
|-heal|p1a: Forretress|334\/354|[from] item: Leftovers
|turn|5
|c|âGreninja-Mega|i hate regular whimsicott
|c|âGreninja-Mega|so annoying
|c|âMaybeI'mMamoswine|me too
|c|âMaybeI'mMamoswine|subseed is a bitch
|
|switch|p1a: Raikou|Raikou, shiny|323\/323
|-ability|p1a: Raikou|Pressure
|move|p2a: Jirachi|Calm Mind|p2a: Jirachi
|-boost|p2a: Jirachi|spa|1
|-boost|p2a: Jirachi|spd|1
|
|turn|6
|
|move|p1a: Raikou|Volt Switch|p2a: Jirachi
|-damage|p2a: Jirachi|230\/341
|c|âGreninja-Mega|nice specs jesus
|
|switch|p1a: Swampert|Swampert-Mega, F|357\/357
|move|p2a: Jirachi|Calm Mind|p2a: Jirachi
|-boost|p2a: Jirachi|spa|1
|-boost|p2a: Jirachi|spd|1
|
|-heal|p2a: Jirachi|251\/341|[from] item: Leftovers
|turn|7
|c|âMaybeI'mMamoswine|nice special jirachi
|
|move|p2a: Jirachi|Psychic|p1a: Swampert
|-damage|p1a: Swampert|102\/357
|move|p1a: Swampert|Rain Dance|p1a: Swampert
|-weather|RainDance
|
|-weather|RainDance|[upkeep]
|-heal|p2a: Jirachi|272\/341|[from] item: Leftovers
|turn|8
|
|switch|p2a: Vaporeon|Vaporeon, M|451\/451
|-damage|p2a: Vaporeon|395\/451|[from] Stealth Rock
|move|p1a: Swampert|Waterfall|p2a: Vaporeon
|-heal|p2a: Vaporeon|451\/451|[from] ability: Water Absorb|[of] p1a: Swampert
|
|-weather|RainDance|[upkeep]
|turn|9
|
|switch|p1a: Raikou|Raikou, shiny|323\/323
|-ability|p1a: Raikou|Pressure
|move|p2a: Vaporeon|Scald|p1a: Raikou
|-damage|p1a: Raikou|164\/323
|-status|p1a: Raikou|brn
|
|-weather|RainDance|[upkeep]
|-damage|p1a: Raikou|124\/323 brn|[from] brn
|turn|10
|
|move|p2a: Vaporeon|Protect|p2a: Vaporeon
|-singleturn|p2a: Vaporeon|Protect
|move|p1a: Raikou|Thunderbolt|p2a: Vaporeon
|-activate|p2a: Vaporeon|Protect
|
|-weather|RainDance|[upkeep]
|-damage|p1a: Raikou|84\/323 brn|[from] brn
|turn|11
|
|switch|p2a: Nidoqueen|Nidoqueen, F|384\/384
|-damage|p2a: Nidoqueen|360\/384|[from] Stealth Rock
|move|p1a: Raikou|Thunderbolt|p2a: Nidoqueen
|-immune|p2a: Nidoqueen|[msg]
|
|-weather|none
|-damage|p1a: Raikou|44\/323 brn|[from] brn
|turn|12
|
|switch|p1a: Goodra|Goodra, F|383\/383
|move|p2a: Nidoqueen|Stealth Rock|p1a: Goodra
|-sidestart|p1: MaybeI'mMamoswine|move: Stealth Rock
|
|turn|13
|
|move|p1a: Goodra|Ice Beam|p2a: Nidoqueen
|-supereffective|p2a: Nidoqueen
|-damage|p2a: Nidoqueen|108\/384
|move|p2a: Nidoqueen|Ice Beam|p1a: Goodra
|-supereffective|p1a: Goodra
|-damage|p1a: Goodra|261\/383
|
|turn|14
|
|switch|p2a: Vaporeon|Vaporeon, M|451\/451
|-damage|p2a: Vaporeon|395\/451|[from] Stealth Rock
|move|p1a: Goodra|Flamethrower|p2a: Vaporeon
|-resisted|p2a: Vaporeon
|-damage|p2a: Vaporeon|346\/451
|
|-heal|p2a: Vaporeon|374\/451|[from] item: Leftovers
|turn|15
|
|switch|p1a: Alomomola|Alomomola, F|533\/533
|-damage|p1a: Alomomola|467\/533|[from] Stealth Rock
|move|p2a: Vaporeon|Wish|p2a: Vaporeon
|
|-heal|p2a: Vaporeon|402\/451|[from] item: Leftovers
|turn|16
|
|switch|p2a: Jirachi|Jirachi, shiny|272\/341
|-damage|p2a: Jirachi|251\/341|[from] Stealth Rock
|move|p1a: Alomomola|Knock Off|p2a: Jirachi
|-supereffective|p2a: Jirachi
|-damage|p2a: Jirachi|119\/341
|-enditem|p2a: Jirachi|Leftovers|[from] move: Knock Off|[of] p1a: Alomomola
|
|-heal|p2a: Jirachi|341\/341|[from] move: Wish|[wisher] Vaporeon
|turn|17
|c|âGreninja-Mega|didnt even knew it got that move...
|c|âGreninja-Mega|oh well
|
|move|p2a: Jirachi|Calm Mind|p2a: Jirachi
|-boost|p2a: Jirachi|spa|1
|-boost|p2a: Jirachi|spd|1
|move|p1a: Alomomola|Wish|p1a: Alomomola
|
|turn|18
|
|switch|p1a: Goodra|Goodra, F|261\/383
|-damage|p1a: Goodra|214\/383|[from] Stealth Rock
|move|p2a: Jirachi|Psychic|p1a: Goodra
|-damage|p1a: Goodra|118\/383
|
|-heal|p1a: Goodra|383\/383|[from] move: Wish|[wisher] Alomomola
|turn|19
|
|move|p2a: Jirachi|Calm Mind|p2a: Jirachi
|-boost|p2a: Jirachi|spa|1
|-boost|p2a: Jirachi|spd|1
|move|p1a: Goodra|Flamethrower|p2a: Jirachi
|-supereffective|p2a: Jirachi
|-damage|p2a: Jirachi|243\/341
|
|turn|20
|
|move|p2a: Jirachi|Calm Mind|p2a: Jirachi
|-boost|p2a: Jirachi|spa|1
|-boost|p2a: Jirachi|spd|1
|move|p1a: Goodra|Flamethrower|p2a: Jirachi
|-supereffective|p2a: Jirachi
|-damage|p2a: Jirachi|155\/341
|
|turn|21
|c|âMaybeI'mMamoswine|i need a burn!
|c|âGreninja-Mega|gtfo
|
|move|p2a: Jirachi|Moonblast|p1a: Goodra
|-supereffective|p1a: Goodra
|-damage|p1a: Goodra|157\/383
|move|p1a: Goodra|Flamethrower|p2a: Jirachi
|-supereffective|p2a: Jirachi
|-damage|p2a: Jirachi|69\/341
|
|turn|22
|c|âGreninja-Mega|jk xd
|c|âGreninja-Mega|but really no
|c|âMaybeI'mMamoswine|wtf
|c|âGreninja-Mega|?
|c|âMaybeI'mMamoswine|moonblast jirachi
|c|âGreninja-Mega|!learn jirachi,moonblast
|raw|<div class="infobox">Jirachi <span class="message-learn-canlearn">can<\/span> learn Moonblast only when obtained from:<ul class="message-learn-list"><li>gen 6 event: 8 jirachi<\/ul><\/div>
|c|âGreninja-Mega|got it in oras
|c|âGreninja-Mega|i have one :D
|c|âMaybeI'mMamoswine|lol
|c|âMaybeI'mMamoswine|what do i do
|c|âGreninja-Mega|die
|c|âGreninja-Mega|not you but your mon
|
|move|p2a: Jirachi|Moonblast|p1a: Goodra
|-supereffective|p1a: Goodra
|-damage|p1a: Goodra|0 fnt
|faint|p1a: Goodra
|
|c|âGreninja-Mega|ty
|c|âGreninja-Mega|not like you really had a switch in anyways
|c|âMaybeI'mMamoswine|yeah
|
|switch|p1a: Raikou|Raikou, shiny|44\/323 brn
|-damage|p1a: Raikou|4\/323 brn|[from] Stealth Rock
|-ability|p1a: Raikou|Pressure
|turn|23
|c|âGreninja-Mega|hp ice show it
|
|move|p1a: Raikou|Extrasensory|p2a: Jirachi
|-resisted|p2a: Jirachi
|-damage|p2a: Jirachi|56\/341
|move|p2a: Jirachi|Calm Mind|p2a: Jirachi
|-boost|p2a: Jirachi|spa|1
|-boost|p2a: Jirachi|spd|1
|
|-damage|p1a: Raikou|0 fnt|[from] brn
|faint|p1a: Raikou
|c|âMaybeI'mMamoswine|nooo
|
|switch|p1a: Alomomola|Alomomola, F|533\/533
|-damage|p1a: Alomomola|467\/533|[from] Stealth Rock
|turn|24
|c|âGreninja-Mega|good play
|c|âGreninja-Mega|you thought of nidoqueen right?
|c|âMaybeI'mMamoswine|yeah
|
|move|p1a: Alomomola|Aqua Jet|p2a: Jirachi
|-damage|p2a: Jirachi|19\/341
|move|p2a: Jirachi|Psychic|p1a: Alomomola
|-damage|p1a: Alomomola|0 fnt
|faint|p1a: Alomomola
|
|c|âGreninja-Mega|o
|
|switch|p1a: Whimsicott|Whimsicott, F|261\/261
|-damage|p1a: Whimsicott|229\/261|[from] Stealth Rock
|turn|25
|c|âMaybeI'mMamoswine|i'm pretty fucked
|c|âGreninja-Mega|ye
|
|move|p1a: Whimsicott|Moonblast|p2a: Jirachi
|-resisted|p2a: Jirachi
|-damage|p2a: Jirachi|0 fnt
|faint|p2a: Jirachi
|
|c|âMaybeI'mMamoswine|should have eq instead of setting up rain
|c|âMaybeI'mMamoswine|with swampert
|c|âGreninja-Mega|Yep
|
|switch|p2a: Crobat|Crobat, M, shiny|271\/325
|-damage|p2a: Crobat|190\/325|[from] Stealth Rock
|turn|26
|
|switch|p1a: Forretress|Forretress, F|334\/354
|-damage|p1a: Forretress|290\/354|[from] Stealth Rock
|move|p2a: Crobat|Brave Bird|p1a: Forretress
|-damage|p1a: Forretress|197\/354
|-damage|p2a: Crobat|159\/325|[from] recoil|[of] p1a: Forretress
|
|-heal|p2a: Crobat|179\/325|[from] item: Black Sludge
|-heal|p1a: Forretress|219\/354|[from] item: Leftovers
|turn|27
|
|switch|p2a: Whimsicott|Whimsicott, F, shiny|262\/262
|-damage|p2a: Whimsicott|230\/262|[from] Stealth Rock
|move|p1a: Forretress|Rapid Spin|p2a: Whimsicott
|-damage|p2a: Whimsicott|214\/262
|-sideend|p1: MaybeI'mMamoswine|Stealth Rock|[from] move: Rapid Spin|[of] p1a: Forretress
|
|-heal|p1a: Forretress|241\/354|[from] item: Leftovers
|turn|28
|
|move|p2a: Whimsicott|Switcheroo|p1a: Forretress
|-activate|p2a: Whimsicott|move: Trick|[of] p1a: Forretress
|-item|p1a: Forretress|Choice Specs|[from] Trick
|-item|p2a: Whimsicott|Leftovers|[from] Trick
|move|p1a: Forretress|Gyro Ball|p2a: Whimsicott
|-supereffective|p2a: Whimsicott
|-damage|p2a: Whimsicott|0 fnt
|faint|p2a: Whimsicott
|
|c|âMaybeI'mMamoswine|IF ONLY
|c|âMaybeI'mMamoswine|i was thinking you'll switch into vaporeon
|
|switch|p2a: Pangoro|Pangoro, M, shiny|331\/331
|-damage|p2a: Pangoro|311\/331|[from] Stealth Rock
|turn|29
|
|switch|p1a: Whimsicott|Whimsicott, F|229\/261
|move|p2a: Pangoro|Swords Dance|p2a: Pangoro
|-boost|p2a: Pangoro|atk|2
|
|turn|30
|
|switch|p2a: Nidoqueen|Nidoqueen, F|108\/384
|-damage|p2a: Nidoqueen|84\/384|[from] Stealth Rock
|move|p1a: Whimsicott|Moonblast|p2a: Nidoqueen
|-resisted|p2a: Nidoqueen
|-damage|p2a: Nidoqueen|0 fnt
|faint|p2a: Nidoqueen
|
|
|switch|p2a: Crobat|Crobat, M, shiny|179\/325
|-damage|p2a: Crobat|98\/325|[from] Stealth Rock
|turn|31
|
|switch|p1a: Forretress|Forretress, F|241\/354
|move|p2a: Crobat|Roost|p2a: Crobat
|-heal|p2a: Crobat|261\/325
|
|-heal|p2a: Crobat|281\/325|[from] item: Black Sludge
|turn|32
|
|move|p2a: Crobat|Defog|p1a: Forretress
|-unboost|p1a: Forretress|evasion|1
|-sideend|p2: Greninja-Mega|Stealth Rock|[from] move: Defog|[of] p2a: Crobat
|move|p1a: Forretress|Gyro Ball|p2a: Crobat
|-damage|p2a: Crobat|104\/325
|
|-heal|p2a: Crobat|124\/325|[from] item: Black Sludge
|turn|33
|
|move|p2a: Crobat|U-turn|p1a: Forretress
|-resisted|p1a: Forretress
|-damage|p1a: Forretress|223\/354
|
|switch|p2a: Pangoro|Pangoro, M, shiny|311\/331
|move|p1a: Forretress|Gyro Ball|p2a: Pangoro
|-damage|p2a: Pangoro|209\/331
|
|turn|34
|
|switch|p1a: Swampert|Swampert-Mega, F|102\/357
|move|p2a: Pangoro|Gunk Shot|p1a: Swampert
|-resisted|p1a: Swampert
|-damage|p1a: Swampert|32\/357
|
|turn|35
|
|move|p1a: Swampert|Earthquake|p2a: Pangoro
|-damage|p2a: Pangoro|0 fnt
|faint|p2a: Pangoro
|
|
|switch|p2a: Crobat|Crobat, M, shiny|124\/325
|turn|36
|
|move|p2a: Crobat|U-turn|p1a: Swampert
|-damage|p1a: Swampert|0 fnt
|faint|p1a: Swampert
|
|switch|p2a: Vaporeon|Vaporeon, M|402\/451
|
|-heal|p2a: Vaporeon|430\/451|[from] item: Leftovers
|
|switch|p1a: Whimsicott|Whimsicott, F|229\/261
|turn|37
|
|move|p1a: Whimsicott|Switcheroo|p2a: Vaporeon
|-activate|p1a: Whimsicott|move: Trick|[of] p2a: Vaporeon
|-item|p2a: Vaporeon|Choice Specs|[from] Trick
|-item|p1a: Whimsicott|Leftovers|[from] Trick
|move|p2a: Vaporeon|Wish|p2a: Vaporeon
|
|-heal|p1a: Whimsicott|245\/261|[from] item: Leftovers
|turn|38
|c|âMaybeI'mMamoswine|MEGA CRIT!!
|
|move|p1a: Whimsicott|Hurricane|p2a: Vaporeon
|-damage|p2a: Vaporeon|347\/451
|move|p2a: Vaporeon|Wish|p2a: Vaporeon
|-fail|p2a: Vaporeon
|
|-heal|p2a: Vaporeon|451\/451|[from] move: Wish|[wisher] Vaporeon
|-heal|p1a: Whimsicott|261\/261|[from] item: Leftovers
|turn|39
|c|âGreninja-Mega|was checking if you has psycic
|c|âMaybeI'mMamoswine|no psychic :(
|c|âGreninja-Mega|psychic
|c|âGreninja-Mega|*had
|c|âMaybeI'mMamoswine|usually alomomola deals with crobat
|c|âGreninja-Mega|sry
|c|âGreninja-Mega|yea
|
|move|p1a: Whimsicott|Hurricane|p2a: Vaporeon
|-damage|p2a: Vaporeon|373\/451
|-start|p2a: Vaporeon|confusion
|-activate|p2a: Vaporeon|confusion
|-damage|p2a: Vaporeon|352\/451|[from] confusion
|
|turn|40
|
|move|p1a: Whimsicott|Energy Ball|p2a: Vaporeon
|-supereffective|p2a: Vaporeon
|-damage|p2a: Vaporeon|164\/451
|-end|p2a: Vaporeon|confusion
|move|p2a: Vaporeon|Wish|p2a: Vaporeon
|
|turn|41
|
|move|p1a: Whimsicott|Hurricane|p2a: Vaporeon
|-damage|p2a: Vaporeon|85\/451
|move|p2a: Vaporeon|Wish|p2a: Vaporeon
|-fail|p2a: Vaporeon
|
|-heal|p2a: Vaporeon|310\/451|[from] move: Wish|[wisher] Vaporeon
|turn|42
|
|move|p1a: Whimsicott|Energy Ball|p2a: Vaporeon
|-supereffective|p2a: Vaporeon
|-damage|p2a: Vaporeon|100\/451
|move|p2a: Vaporeon|Wish|p2a: Vaporeon
|
|turn|43
|
|move|p1a: Whimsicott|Energy Ball|p2a: Vaporeon
|-supereffective|p2a: Vaporeon
|-damage|p2a: Vaporeon|0 fnt
|faint|p2a: Vaporeon
|
|
|switch|p2a: Crobat|Crobat, M, shiny|124\/325
|turn|44
|
|move|p2a: Crobat|Roost|p2a: Crobat
|-heal|p2a: Crobat|287\/325
|move|p1a: Whimsicott|Hurricane|p2a: Crobat
|-damage|p2a: Crobat|183\/325
|
|-heal|p2a: Crobat|203\/325|[from] item: Black Sludge
|turn|45
|
|move|p2a: Crobat|Brave Bird|p1a: Whimsicott
|-supereffective|p1a: Whimsicott
|-damage|p1a: Whimsicott|0 fnt
|-damage|p2a: Crobat|117\/325|[from] recoil|[of] p1a: Whimsicott
|faint|p1a: Whimsicott
|
|-heal|p2a: Crobat|137\/325|[from] item: Black Sludge
|c|âGreninja-Mega|o
|
|switch|p1a: Forretress|Forretress, F|223\/354
|turn|46
|c|âGreninja-Mega|no crit pls
|c|âMaybeI'mMamoswine|take me to crit city!!
|
|move|p2a: Crobat|Roost|p2a: Crobat
|-heal|p2a: Crobat|300\/325
|move|p1a: Forretress|Gyro Ball|p2a: Crobat
|-crit|p2a: Crobat
|-damage|p2a: Crobat|59\/325
|
|-heal|p2a: Crobat|79\/325|[from] item: Black Sludge
|turn|47
|c|âGreninja-Mega|omfg
|c|âMaybeI'mMamoswine|omyes
|c|âGreninja-Mega|no
|c|âGreninja-Mega|just no
|
|move|p2a: Crobat|Roost|p2a: Crobat
|-heal|p2a: Crobat|242\/325
|move|p1a: Forretress|Gyro Ball|p2a: Crobat
|-damage|p2a: Crobat|79\/325
|
|-heal|p2a: Crobat|99\/325|[from] item: Black Sludge
|turn|48
|
|move|p2a: Crobat|Roost|p2a: Crobat
|-heal|p2a: Crobat|262\/325
|move|p1a: Forretress|Gyro Ball|p2a: Crobat
|-damage|p2a: Crobat|102\/325
|
|-heal|p2a: Crobat|122\/325|[from] item: Black Sludge
|turn|49
|
|move|p2a: Crobat|Roost|p2a: Crobat
|-heal|p2a: Crobat|285\/325
|move|p1a: Forretress|Gyro Ball|p2a: Crobat
|-damage|p2a: Crobat|125\/325
|
|-heal|p2a: Crobat|145\/325|[from] item: Black Sludge
|turn|50
|
|move|p2a: Crobat|Roost|p2a: Crobat
|-heal|p2a: Crobat|308\/325
|move|p1a: Forretress|Gyro Ball|p2a: Crobat
|-damage|p2a: Crobat|148\/325
|
|-heal|p2a: Crobat|168\/325|[from] item: Black Sludge
|turn|51
|c|âMaybeI'mMamoswine|gg u win no mo gyro ball
|c|âGreninja-Mega|struggle :]
|c|âGreninja-Mega|I know
|c|âGreninja-Mega|I counted lmao
|c|âMaybeI'mMamoswine|lol
|
|move|p2a: Crobat|Roost|p2a: Crobat
|-heal|p2a: Crobat|325\/325
|move|p1a: Forretress|Struggle|p2a: Crobat
|-damage|p2a: Crobat|281\/325
|-damage|p1a: Forretress|135\/354
|
|-heal|p2a: Crobat|301\/325|[from] item: Black Sludge
|turn|52
|c|âMaybeI'mMamoswine|brave bird one last time
|c|âGreninja-Mega|gg
|c|âMaybeI'mMamoswine|brave bat
|c|âMaybeI'mMamoswine|gg
|
|move|p2a: Crobat|Brave Bird|p1a: Forretress
|-damage|p1a: Forretress|42\/354
|-damage|p2a: Crobat|270\/325|[from] recoil|[of] p1a: Forretress
|move|p1a: Forretress|Struggle|p2a: Crobat
|-damage|p2a: Crobat|228\/325
|-damage|p1a: Forretress|0 fnt
|faint|p1a: Forretress
|
|win|Greninja-Mega
|raw|Ladder updating...
|raw|MaybeI&apos;mMamoswine's rating: 1490 &rarr; <strong>1462<\/strong><br \/>(-28 for losing)
|raw|Greninja-Mega's rating: 1347 &rarr; <strong>1375<\/strong><br \/>(+28 for winning)