|join|MaybeI'mMamoswine
|join|Saurodamn
|player|p1|MaybeI'mMamoswine|288
|player|p2|Saurodamn|167
|gametype|singles
|gen|6
|tier|UU
|rated
|rule|Sleep Clause Mod: Limit one foe put to sleep
|rule|Species Clause: Limit one of each PokÃ©mon
|rule|OHKO Clause: OHKO moves are banned
|rule|Moody Clause: Moody is banned
|rule|Evasion Moves Clause: Evasion moves are banned
|rule|Endless Battle Clause: Forcing endless battles is banned
|rule|HP Percentage Mod: HP is shown in percentages
|clearpoke
|poke|p1|Swampert, M
|poke|p1|Forretress, M
|poke|p1|Raikou, shiny
|poke|p1|Alomomola, M
|poke|p1|Whimsicott, F
|poke|p1|Goodra, F
|poke|p2|Nidoqueen, F
|poke|p2|Diancie
|poke|p2|Suicune
|poke|p2|Crobat, F
|poke|p2|Hydreigon, M
|poke|p2|Mienshao, M
|rule|Swagger Clause: Swagger is banned
|rule|Baton Pass Clause: Limit one PokÃ©mon knowing Baton Pass
|teampreview
|
|start
|switch|p1a: Whimsicott|Whimsicott, F|261\/261
|switch|p2a: Nidoqueen|Nidoqueen, F|383\/383
|turn|1
|
|switch|p1a: Swampert|Swampert, M|357\/357
|move|p2a: Nidoqueen|Stealth Rock|p1a: Swampert
|-sidestart|p1: MaybeI'mMamoswine|move: Stealth Rock
|
|turn|2
|join|hellopussy
|join|jv656
|leave|jv656
|
|detailschange|p1a: Swampert|Swampert-Mega, M
|-mega|p1a: Swampert|Swampert|Swampertite
|move|p1a: Swampert|Earthquake|p2a: Nidoqueen
|-supereffective|p2a: Nidoqueen
|-damage|p2a: Nidoqueen|51\/383
|move|p2a: Nidoqueen|Toxic Spikes|p1a: Swampert
|-sidestart|p1: MaybeI'mMamoswine|move: Toxic Spikes
|
|-heal|p2a: Nidoqueen|74\/383|[from] item: Black Sludge
|turn|3
|
|switch|p2a: Crobat|Crobat, F|373\/373
|move|p1a: Swampert|Ice Punch|p2a: Crobat
|-supereffective|p2a: Crobat
|-damage|p2a: Crobat|121\/373
|
|-heal|p2a: Crobat|144\/373|[from] item: Black Sludge
|turn|4
|
|switch|p2a: Suicune|Suicune|403\/403
|-ability|p2a: Suicune|Pressure
|move|p1a: Swampert|Earthquake|p2a: Suicune
|-damage|p2a: Suicune|270\/403
|
|-heal|p2a: Suicune|295\/403|[from] item: Leftovers
|turn|5
|
|switch|p1a: Forretress|Forretress, M|354\/354
|-damage|p1a: Forretress|310\/354|[from] Stealth Rock
|move|p2a: Suicune|Scald|p1a: Forretress
|-damage|p1a: Forretress|187\/354
|
|-heal|p2a: Suicune|320\/403|[from] item: Leftovers
|-heal|p1a: Forretress|209\/354|[from] item: Leftovers
|turn|6
|
|move|p2a: Suicune|Scald|p1a: Forretress
|-damage|p1a: Forretress|77\/354
|move|p1a: Forretress|Spikes|p2a: Suicune
|-sidestart|p2: Saurodamn|Spikes
|
|-heal|p2a: Suicune|345\/403|[from] item: Leftovers
|-heal|p1a: Forretress|99\/354|[from] item: Leftovers
|turn|7
|
|move|p2a: Suicune|Scald|p1a: Forretress
|-damage|p1a: Forretress|0 fnt
|faint|p1a: Forretress
|
|-heal|p2a: Suicune|370\/403|[from] item: Leftovers
|
|switch|p1a: Raikou|Raikou, shiny|323\/323
|-status|p1a: Raikou|psn
|-damage|p1a: Raikou|283\/323 psn|[from] Stealth Rock
|-ability|p1a: Raikou|Pressure
|turn|8
|
|switch|p2a: Nidoqueen|Nidoqueen, F|74\/383
|-damage|p2a: Nidoqueen|27\/383|[from] Spikes
|move|p1a: Raikou|Thunderbolt|p2a: Nidoqueen
|-immune|p2a: Nidoqueen|[msg]
|
|-heal|p2a: Nidoqueen|50\/383|[from] item: Black Sludge
|-damage|p1a: Raikou|243\/323 psn|[from] psn
|turn|9
|
|switch|p1a: Goodra|Goodra, F|383\/383
|-status|p1a: Goodra|psn
|-damage|p1a: Goodra|336\/383 psn|[from] Stealth Rock
|move|p2a: Nidoqueen|Earth Power|p1a: Goodra
|-damage|p1a: Goodra|285\/383 psn
|
|-heal|p2a: Nidoqueen|73\/383|[from] item: Black Sludge
|-damage|p1a: Goodra|238\/383 psn|[from] psn
|turn|10
|
|switch|p2a: Suicune|Suicune|370\/403
|-damage|p2a: Suicune|320\/403|[from] Spikes
|-ability|p2a: Suicune|Pressure
|move|p1a: Goodra|Dragon Pulse|p2a: Suicune
|-damage|p2a: Suicune|191\/403
|
|-heal|p2a: Suicune|216\/403|[from] item: Leftovers
|-damage|p1a: Goodra|191\/383 psn|[from] psn
|turn|11
|
|switch|p2a: Diancie|Diancie|241\/241
|-damage|p2a: Diancie|211\/241|[from] Spikes
|switch|p1a: Whimsicott|Whimsicott, F|261\/261
|-damage|p1a: Whimsicott|229\/261|[from] Stealth Rock
|-status|p1a: Whimsicott|psn
|
|-damage|p1a: Whimsicott|197\/261 psn|[from] psn
|turn|12
|
|detailschange|p2a: Diancie|Diancie-Mega
|-mega|p2a: Diancie|Diancie|Diancite
|move|p1a: Whimsicott|Energy Ball|p2a: Diancie
|-supereffective|p2a: Diancie
|-damage|p2a: Diancie|0 fnt
|faint|p2a: Diancie
|
|-damage|p1a: Whimsicott|165\/261 psn|[from] psn
|
|switch|p2a: Crobat|Crobat, F|144\/373
|turn|13
|
|switch|p1a: Raikou|Raikou, shiny|243\/323 psn
|-damage|p1a: Raikou|203\/323 psn|[from] Stealth Rock
|-ability|p1a: Raikou|Pressure
|move|p2a: Crobat|Roost|p2a: Crobat
|-heal|p2a: Crobat|331\/373
|
|-heal|p2a: Crobat|354\/373|[from] item: Black Sludge
|-damage|p1a: Raikou|163\/323 psn|[from] psn
|turn|14
|
|switch|p2a: Nidoqueen|Nidoqueen, F|73\/383
|-damage|p2a: Nidoqueen|26\/383|[from] Spikes
|move|p1a: Raikou|Extrasensory|p2a: Nidoqueen
|-supereffective|p2a: Nidoqueen
|-damage|p2a: Nidoqueen|0 fnt
|faint|p2a: Nidoqueen
|
|-damage|p1a: Raikou|123\/323 psn|[from] psn
|
|switch|p2a: Hydreigon|Hydreigon, M|325\/325
|turn|15
|
|move|p2a: Hydreigon|Fire Blast|p1a: Raikou
|-damage|p1a: Raikou|0 fnt
|faint|p1a: Raikou
|
|
|switch|p1a: Goodra|Goodra, F|191\/383 psn
|-damage|p1a: Goodra|144\/383 psn|[from] Stealth Rock
|turn|16
|
|switch|p2a: Suicune|Suicune|216\/403
|-damage|p2a: Suicune|166\/403|[from] Spikes
|-ability|p2a: Suicune|Pressure
|move|p1a: Goodra|Dragon Pulse|p2a: Suicune
|-damage|p2a: Suicune|39\/403
|
|-heal|p2a: Suicune|64\/403|[from] item: Leftovers
|-damage|p1a: Goodra|97\/383 psn|[from] psn
|turn|17
|
|move|p2a: Suicune|Rest|p2a: Suicune
|-status|p2a: Suicune|slp
|-heal|p2a: Suicune|403\/403 slp|[silent]
|-status|p2a: Suicune|slp|[from] move: Rest
|move|p1a: Goodra|Dragon Pulse|p2a: Suicune
|-crit|p2a: Suicune
|-damage|p2a: Suicune|208\/403 slp
|
|-heal|p2a: Suicune|233\/403 slp|[from] item: Leftovers
|-damage|p1a: Goodra|50\/383 psn|[from] psn
|turn|18
|
|switch|p2a: Crobat|Crobat, F|354\/373
|move|p1a: Goodra|Dragon Pulse|p2a: Crobat
|-damage|p2a: Crobat|165\/373
|
|-heal|p2a: Crobat|188\/373|[from] item: Black Sludge
|-damage|p1a: Goodra|3\/383 psn|[from] psn
|turn|19
|
|move|p2a: Crobat|Brave Bird|p1a: Goodra
|-damage|p1a: Goodra|0 fnt
|-damage|p2a: Crobat|187\/373|[from] recoil|[of] p1a: Goodra
|faint|p1a: Goodra
|
|-heal|p2a: Crobat|210\/373|[from] item: Black Sludge
|
|switch|p1a: Swampert|Swampert-Mega, M|357\/357
|-status|p1a: Swampert|psn
|-damage|p1a: Swampert|335\/357 psn|[from] Stealth Rock
|turn|20
|
|move|p2a: Crobat|Taunt|p1a: Swampert
|-start|p1a: Swampert|move: Taunt
|cant|p1a: Swampert|move: Taunt|Rain Dance
|
|-heal|p2a: Crobat|233\/373|[from] item: Black Sludge
|-damage|p1a: Swampert|291\/357 psn|[from] psn
|turn|21
|
|move|p2a: Crobat|Roost|p2a: Crobat
|-heal|p2a: Crobat|373\/373
|move|p1a: Swampert|Earthquake|p2a: Crobat
|-supereffective|p2a: Crobat
|-damage|p2a: Crobat|0 fnt
|faint|p2a: Crobat
|
|-damage|p1a: Swampert|247\/357 psn|[from] psn
|
|switch|p2a: Mienshao|Mienshao, M|271\/271
|-damage|p2a: Mienshao|238\/271|[from] Spikes
|turn|22
|
|switch|p1a: Alomomola|Alomomola, M|533\/533
|-damage|p1a: Alomomola|467\/533|[from] Stealth Rock
|-status|p1a: Alomomola|psn
|move|p2a: Mienshao|U-turn|p1a: Alomomola
|-crit|p1a: Alomomola
|-damage|p1a: Alomomola|358\/533 psn
|-damage|p2a: Mienshao|193\/271|[from] item: Rocky Helmet|[of] p1a: Alomomola
|
|switch|p2a: Suicune|Suicune|233\/403 slp
|-damage|p2a: Suicune|183\/403 slp|[from] Spikes
|-ability|p2a: Suicune|Pressure
|
|-heal|p2a: Suicune|208\/403 slp|[from] item: Leftovers
|-damage|p1a: Alomomola|292\/533 psn|[from] psn
|turn|23
|
|switch|p1a: Whimsicott|Whimsicott, F|165\/261 psn
|-damage|p1a: Whimsicott|133\/261 psn|[from] Stealth Rock
|cant|p2a: Suicune|slp
|move|p2a: Suicune|Sleep Talk|p2a: Suicune
|move|p2a: Suicune|Scald|p1a: Whimsicott|[from]Sleep Talk
|-resisted|p1a: Whimsicott
|-damage|p1a: Whimsicott|83\/261 psn
|
|-heal|p2a: Suicune|233\/403 slp|[from] item: Leftovers
|-damage|p1a: Whimsicott|51\/261 psn|[from] psn
|turn|24
|
|move|p1a: Whimsicott|Moonblast|p2a: Suicune
|-damage|p2a: Suicune|71\/403 slp
|cant|p2a: Suicune|slp
|move|p2a: Suicune|Sleep Talk|p2a: Suicune
|move|p2a: Suicune|Calm Mind|p2a: Suicune|[from]Sleep Talk
|-boost|p2a: Suicune|spa|1
|-boost|p2a: Suicune|spd|1
|
|-heal|p2a: Suicune|96\/403 slp|[from] item: Leftovers
|-damage|p1a: Whimsicott|19\/261 psn|[from] psn
|turn|25
|
|move|p1a: Whimsicott|Moonblast|p2a: Suicune
|-damage|p2a: Suicune|0 fnt
|faint|p2a: Suicune
|
|-damage|p1a: Whimsicott|0 fnt|[from] psn
|faint|p1a: Whimsicott
|
|switch|p2a: Mienshao|Mienshao, M|193\/271
|switch|p1a: Alomomola|Alomomola, M|469\/533 psn
|-damage|p2a: Mienshao|160\/271|[from] Spikes
|-damage|p1a: Alomomola|403\/533 psn|[from] Stealth Rock
|turn|26
|
|move|p2a: Mienshao|High Jump Kick|p1a: Alomomola
|-damage|p1a: Alomomola|165\/533 psn
|-damage|p2a: Mienshao|115\/271|[from] item: Rocky Helmet|[of] p1a: Alomomola
|move|p1a: Alomomola|Wish|p1a: Alomomola
|
|-damage|p1a: Alomomola|99\/533 psn|[from] psn
|turn|27
|c|âMaybeI'mMamoswine|i fucked up by not spinning the hazards away
|c|âMaybeI'mMamoswine|don't think that 1 layer of spike did much
|
|switch|p2a: Hydreigon|Hydreigon, M|325\/325
|move|p1a: Alomomola|Protect|p1a: Alomomola
|-fail|p1a: Alomomola
|
|-heal|p1a: Alomomola|365\/533 psn|[from] move: Wish|[wisher] Alomomola
|-damage|p1a: Alomomola|299\/533 psn|[from] psn
|turn|28
|
|move|p2a: Hydreigon|Dark Pulse|p1a: Alomomola
|-damage|p1a: Alomomola|38\/533 psn
|move|p1a: Alomomola|Wish|p1a: Alomomola
|
|-damage|p1a: Alomomola|0 fnt|[from] psn
|faint|p1a: Alomomola
|
|switch|p1a: Swampert|Swampert-Mega, M|247\/357 psn
|-damage|p1a: Swampert|225\/357 psn|[from] Stealth Rock
|turn|29
|
|move|p2a: Hydreigon|Dark Pulse|p1a: Swampert
|-damage|p1a: Swampert|101\/357 psn
|move|p1a: Swampert|Rain Dance|p1a: Swampert
|-weather|RainDance
|
|-weather|RainDance|[upkeep]
|-heal|p1a: Swampert|357\/357 psn|[from] move: Wish|[wisher] Alomomola
|-damage|p1a: Swampert|313\/357 psn|[from] psn
|turn|30
|
|switch|p2a: Mienshao|Mienshao, M|115\/271
|-damage|p2a: Mienshao|82\/271|[from] Spikes
|move|p1a: Swampert|Ice Punch|p2a: Mienshao
|-damage|p2a: Mienshao|0 fnt
|faint|p2a: Mienshao
|
|-weather|RainDance|[upkeep]
|-damage|p1a: Swampert|269\/357 psn|[from] psn
|
|switch|p2a: Hydreigon|Hydreigon, M|325\/325
|turn|31
|
|move|p1a: Swampert|Ice Punch|p2a: Hydreigon
|-supereffective|p2a: Hydreigon
|-damage|p2a: Hydreigon|111\/325
|move|p2a: Hydreigon|Draco Meteor|p1a: Swampert
|-damage|p1a: Swampert|47\/357 psn
|-unboost|p2a: Hydreigon|spa|2
|
|-weather|RainDance|[upkeep]
|-damage|p1a: Swampert|3\/357 psn|[from] psn
|turn|32
|c|âSaurodamn|damn
|c|âSaurodamn|gg lol
|
|move|p1a: Swampert|Ice Punch|p2a: Hydreigon
|-supereffective|p2a: Hydreigon
|-damage|p2a: Hydreigon|0 fnt
|faint|p2a: Hydreigon
|
|win|MaybeI'mMamoswine
|raw|Ladder updating...
|raw|MaybeI&apos;mMamoswine's rating: 1442 &rarr; <strong>1455<\/strong><br \/>(+13 for winning)
|raw|Saurodamn's rating: 1323 &rarr; <strong>1310<\/strong><br \/>(-13 for losing)
|c|âMaybeI'mMamoswine|gg
|c|âMaybeI'mMamoswine|woo lucky
|c|âMaybeI'mMamoswine|dat 1%
|c|âSaurodamn|that was a high roll too
|c|âSaurodamn|on draco
|c|âMaybeI'mMamoswine|:D