|join|arnelo2012
|join|Zirense
|player|p1|arnelo2012|43
|player|p2|Zirense|114
|gametype|singles
|gen|6
|tier|OU
|rated
|clearpoke
|poke|p1|Rotom-Wash, shiny
|poke|p1|Gyarados, F, shiny
|poke|p1|Landorus-Therian, M, shiny
|poke|p1|Thundurus, M, shiny
|poke|p1|Gengar, F, shiny
|poke|p1|Talonflame, M, shiny
|poke|p2|Gardevoir, M
|poke|p2|Garchomp, M
|poke|p2|Skarmory, M
|poke|p2|Keldeo
|poke|p2|Heracross, M
|poke|p2|Rotom-Wash
|rule|Swagger Clause: Swagger is banned
|rule|Baton Pass Clause: Limit one PokÃ©mon knowing Baton Pass
|rule|Sleep Clause Mod: Limit one foe put to sleep
|rule|Species Clause: Limit one of each PokÃ©mon
|rule|OHKO Clause: OHKO moves are banned
|rule|Moody Clause: Moody is banned
|rule|Evasion Moves Clause: Evasion moves are banned
|rule|Endless Battle Clause: Forcing endless battles is banned
|rule|HP Percentage Mod: HP is reported as percentages
|teampreview
|
|start
|switch|p1a: Thundurus|Thundurus, M, shiny|299\/299
|switch|p2a: Skarmory|Skarmory, M|334\/334
|turn|1
|
|move|p1a: Thundurus|Thunderbolt|p2a: Skarmory
|-supereffective|p2a: Skarmory
|-activate|p2a: Skarmory|Sturdy
|-damage|p2a: Skarmory|1\/334
|move|p2a: Skarmory|Stealth Rock|p1a: Thundurus
|-sidestart|p1: arnelo2012|move: Stealth Rock
|
|-heal|p2a: Skarmory|21\/334|[from] item: Leftovers
|turn|2
|
|switch|p2a: Garchomp|Garchomp, M|358\/358
|move|p1a: Thundurus|Thunderbolt|p2a: Garchomp
|-immune|p2a: Garchomp|[msg]
|
|turn|3
|
|switch|p2a: Rotom-Wash|Rotom-Wash|304\/304
|move|p1a: Thundurus|Hidden Power|p2a: Rotom-Wash
|-resisted|p2a: Rotom-Wash
|-damage|p2a: Rotom-Wash|279\/304
|
|-heal|p2a: Rotom-Wash|298\/304|[from] item: Leftovers
|turn|4
|
|switch|p1a: Gengar|Gengar, F, shiny|262\/262
|-damage|p1a: Gengar|230\/262|[from] Stealth Rock
|move|p2a: Rotom-Wash|Will-O-Wisp|p1a: Gengar
|-status|p1a: Gengar|brn
|
|-heal|p2a: Rotom-Wash|304\/304|[from] item: Leftovers
|-damage|p1a: Gengar|198\/262 brn|[from] brn
|turn|5
|
|move|p2a: Rotom-Wash|Protect|p2a: Rotom-Wash
|-singleturn|p2a: Rotom-Wash|Protect
|move|p1a: Gengar|Shadow Ball|p2a: Rotom-Wash
|-activate|p2a: Rotom-Wash|Protect
|
|-damage|p1a: Gengar|166\/262 brn|[from] brn
|turn|6
|
|move|p1a: Gengar|Shadow Ball|p2a: Rotom-Wash
|-damage|p2a: Rotom-Wash|168\/304
|-damage|p1a: Gengar|140\/262 brn|[from] item: Life Orb
|move|p2a: Rotom-Wash|Volt Switch|p1a: Gengar
|-damage|p1a: Gengar|34\/262 brn
|
|switch|p2a: Garchomp|Garchomp, M|358\/358
|
|-damage|p1a: Gengar|2\/262 brn|[from] brn
|turn|7
|
|move|p2a: Garchomp|Dragon Claw|p1a: Gengar
|-damage|p1a: Gengar|0 fnt
|faint|p1a: Gengar
|
|
|switch|p1a: Gyarados|Gyarados, F, shiny|331\/331
|-damage|p1a: Gyarados|249\/331|[from] Stealth Rock
|-ability|p1a: Gyarados|Intimidate|[of] p2a: Garchomp
|-unboost|p2a: Garchomp|atk|1
|turn|8
|
|switch|p2a: Keldeo|Keldeo|324\/324
|detailschange|p1a: Gyarados|Gyarados-Mega, F, shiny
|message|Gyarados has Mega Evolved into Mega Gyarados!
|-ability|p1a: Gyarados|Mold Breaker
|move|p1a: Gyarados|Dragon Dance|p1a: Gyarados
|-boost|p1a: Gyarados|atk|1
|-boost|p1a: Gyarados|spe|1
|
|turn|9
|
|move|p1a: Gyarados|Earthquake|p2a: Keldeo
|-damage|p2a: Keldeo|101\/324
|move|p2a: Keldeo|Secret Sword|p1a: Gyarados
|-supereffective|p1a: Gyarados
|-damage|p1a: Gyarados|0 fnt
|faint|p1a: Gyarados
|
|
|switch|p1a: Rotom-Wash|Rotom-Wash, shiny|242\/242
|-damage|p1a: Rotom-Wash|212\/242|[from] Stealth Rock
|turn|10
|
|switch|p2a: Gardevoir|Gardevoir, M|340\/340
|-ability|p2a: Gardevoir|Levitate|[from] ability: Trace|[of] p1a: Rotom-Wash
|move|p1a: Rotom-Wash|Thunder Wave|p2a: Gardevoir
|-status|p2a: Gardevoir|par
|
|turn|11
|
|move|p1a: Rotom-Wash|Hydro Pump|p2a: Gardevoir
|-damage|p2a: Gardevoir|261\/340 par
|move|p2a: Gardevoir|Moonblast|p1a: Rotom-Wash
|-damage|p1a: Rotom-Wash|44\/242
|
|turn|12
|
|move|p1a: Rotom-Wash|Hydro Pump|p2a: Gardevoir
|-damage|p2a: Gardevoir|185\/340 par
|move|p2a: Gardevoir|Moonblast|p1a: Rotom-Wash
|-damage|p1a: Rotom-Wash|0 fnt
|faint|p1a: Rotom-Wash
|
|
|switch|p1a: Thundurus|Thundurus, M, shiny|299\/299
|-damage|p1a: Thundurus|225\/299|[from] Stealth Rock
|turn|13
|
|move|p1a: Thundurus|Nasty Plot|p1a: Thundurus
|-boost|p1a: Thundurus|spa|2
|move|p2a: Gardevoir|Moonblast|p1a: Thundurus
|-damage|p1a: Thundurus|21\/299
|
|-heal|p1a: Thundurus|39\/299|[from] item: Leftovers
|turn|14
|
|move|p1a: Thundurus|Thunderbolt|p2a: Gardevoir
|-damage|p2a: Gardevoir|8\/340 par
|move|p2a: Gardevoir|Moonblast|p1a: Thundurus
|-damage|p1a: Thundurus|0 fnt
|faint|p1a: Thundurus
|
|
|switch|p1a: Landorus-Therian|Landorus-Therian, M, shiny|320\/320
|-damage|p1a: Landorus-Therian|280\/320|[from] Stealth Rock
|-ability|p1a: Landorus-Therian|Intimidate|[of] p2a: Gardevoir
|-unboost|p2a: Gardevoir|atk|1
|turn|15
|chat|Zirense|av gard too good
|
|move|p1a: Landorus-Therian|Swords Dance|p1a: Landorus-Therian
|-boost|p1a: Landorus-Therian|atk|2
|move|p2a: Gardevoir|Psychic|p1a: Landorus-Therian
|-damage|p1a: Landorus-Therian|66\/320
|
|turn|16
|
|move|p1a: Landorus-Therian|Earthquake|p2a: Gardevoir
|-immune|p2a: Gardevoir|[msg]
|move|p2a: Gardevoir|Psychic|p1a: Landorus-Therian
|-damage|p1a: Landorus-Therian|0 fnt
|faint|p1a: Landorus-Therian
|
|
|switch|p1a: Talonflame|Talonflame, M, shiny|298\/298
|-damage|p1a: Talonflame|149\/298|[from] Stealth Rock
|turn|17
|
|move|p1a: Talonflame|Roost|p1a: Talonflame
|-heal|p1a: Talonflame|298\/298
|move|p2a: Gardevoir|Psychic|p1a: Talonflame
|-damage|p1a: Talonflame|64\/298
|
|turn|18
|
|move|p1a: Talonflame|Roost|p1a: Talonflame
|-heal|p1a: Talonflame|213\/298
|move|p2a: Gardevoir|Psychic|p1a: Talonflame
|-crit|p1a: Talonflame
|-damage|p1a: Talonflame|0 fnt
|faint|p1a: Talonflame
|
|win|Zirense
|raw|Ladder updating...
|raw|arnelo2012's rating: 1466 &rarr; <strong>1444<\/strong><br \/>(-22 for losing)
|raw|Zirense's rating: 1422 &rarr; <strong>1445<\/strong><br \/>(+23 for winning)
|chat|Zirense|gg
|leave|arnelo2012
|player|p1