|join|arnelo2012
|join|Angelus7
|player|p1|arnelo2012|109
|player|p2|Angelus7|40
|gametype|singles
|gen|6
|tier|OU
|rated
|clearpoke
|poke|p1|Manectric, F, shiny
|poke|p1|Ferrothorn, M, shiny
|poke|p1|Talonflame, F, shiny
|poke|p1|Azumarill, M
|poke|p1|Garchomp, F, shiny
|poke|p1|Latios, M, shiny
|poke|p2|Medicham, F
|poke|p2|Azumarill, M
|poke|p2|Latios, M
|poke|p2|Chansey, F
|poke|p2|Greninja, M
|poke|p2|Talonflame, F
|rule|Swagger Clause: Swagger is banned
|rule|Baton Pass Clause: Limit one PokÃ©mon knowing Baton Pass
|rule|Sleep Clause Mod: Limit one foe put to sleep
|rule|Species Clause: Limit one of each PokÃ©mon
|rule|OHKO Clause: OHKO moves are banned
|rule|Moody Clause: Moody is banned
|rule|Evasion Moves Clause: Evasion moves are banned
|rule|Endless Battle Clause: Forcing endless battles is banned
|rule|HP Percentage Mod: HP is shown in percentages
|teampreview
|
|start
|switch|p1a: Ferrothorn|Ferrothorn, M, shiny|352\/352
|switch|p2a: Latios|Latios, M|302\/302
|turn|1
|
|move|p2a: Latios|Hidden Power|p1a: Ferrothorn
|-supereffective|p1a: Ferrothorn
|-damage|p1a: Ferrothorn|76\/352
|-damage|p2a: Latios|272\/302|[from] item: Life Orb
|move|p1a: Ferrothorn|Stealth Rock|p2a: Latios
|-sidestart|p2: Angelus7|move: Stealth Rock
|
|turn|2
|
|switch|p1a: Azumarill|Azumarill, M|404\/404
|move|p2a: Latios|Hidden Power|p1a: Azumarill
|-resisted|p1a: Azumarill
|-damage|p1a: Azumarill|346\/404
|-damage|p2a: Latios|242\/302|[from] item: Life Orb
|
|turn|3
|
|move|p2a: Latios|Psyshock|p1a: Azumarill
|-damage|p1a: Azumarill|138\/404
|-damage|p2a: Latios|212\/302|[from] item: Life Orb
|-enditem|p1a: Azumarill|Sitrus Berry|[eat]
|-heal|p1a: Azumarill|239\/404|[from] item: Sitrus Berry
|move|p1a: Azumarill|Belly Drum|p1a: Azumarill
|-damage|p1a: Azumarill|37\/404
|-setboost|p1a: Azumarill|atk|6|[from] move: Belly Drum
|
|turn|4
|
|switch|p2a: Chansey|Chansey, F|704\/704
|-damage|p2a: Chansey|616\/704|[from] Stealth Rock
|move|p1a: Azumarill|Aqua Jet|p2a: Chansey
|-damage|p2a: Chansey|145\/704
|
|turn|5
|
|move|p1a: Azumarill|Aqua Jet|p2a: Chansey
|-crit|p2a: Chansey
|-damage|p2a: Chansey|0 fnt
|faint|p2a: Chansey
|
|
|switch|p2a: Medicham|Medicham, F|262\/262
|-damage|p2a: Medicham|246\/262|[from] Stealth Rock
|turn|6
|
|detailschange|p2a: Medicham|Medicham-Mega, F
|message|Medicham has Mega Evolved into Mega Medicham!
|move|p2a: Medicham|Fake Out|p1a: Azumarill
|-damage|p1a: Azumarill|0 fnt
|faint|p1a: Azumarill
|
|
|switch|p1a: Talonflame|Talonflame, F, shiny|298\/298
|turn|7
|
|move|p1a: Talonflame|Brave Bird|p2a: Medicham
|-supereffective|p2a: Medicham
|-damage|p2a: Medicham|0 fnt
|-damage|p1a: Talonflame|217\/298|[from] recoil|[of] p2a: Medicham
|-damage|p1a: Talonflame|188\/298|[from] item: Life Orb
|faint|p2a: Medicham
|
|
|switch|p2a: Talonflame|Talonflame, F|298\/298
|-damage|p2a: Talonflame|149\/298|[from] Stealth Rock
|turn|8
|
|switch|p1a: Ferrothorn|Ferrothorn, M, shiny|76\/352
|move|p2a: Talonflame|Tailwind|p2a: Talonflame
|-sidestart|p2: Angelus7|move: Tailwind
|
|turn|9
|
|move|p2a: Talonflame|Flare Blitz|p1a: Ferrothorn
|-supereffective|p1a: Ferrothorn
|-damage|p1a: Ferrothorn|0 fnt
|-damage|p2a: Talonflame|112\/298|[from] ability: Iron Barbs|[of] p1a: Ferrothorn
|-damage|p2a: Talonflame|63\/298|[from] item: Rocky Helmet|[of] p1a: Ferrothorn
|-damage|p2a: Talonflame|38\/298|[from] recoil|[of] p1a: Ferrothorn
|-damage|p2a: Talonflame|9\/298|[from] item: Life Orb
|faint|p1a: Ferrothorn
|
|
|switch|p1a: Garchomp|Garchomp, F, shiny|389\/389
|turn|10
|
|move|p2a: Talonflame|Will-O-Wisp|p1a: Garchomp
|-status|p1a: Garchomp|brn
|move|p1a: Garchomp|Dragon Claw|p2a: Talonflame
|-damage|p2a: Talonflame|0 fnt
|faint|p2a: Talonflame
|
|-damage|p1a: Garchomp|341\/389 brn|[from] brn
|
|switch|p2a: Azumarill|Azumarill, M|404\/404
|-damage|p2a: Azumarill|354\/404|[from] Stealth Rock
|turn|11
|
|switch|p1a: Manectric|Manectric, F, shiny|282\/282
|move|p2a: Azumarill|Belly Drum|p2a: Azumarill
|-damage|p2a: Azumarill|152\/404
|-setboost|p2a: Azumarill|atk|6|[from] move: Belly Drum
|-enditem|p2a: Azumarill|Sitrus Berry|[eat]
|-heal|p2a: Azumarill|253\/404|[from] item: Sitrus Berry
|
|-sideend|p2: Angelus7|move: Tailwind
|turn|12
|
|detailschange|p1a: Manectric|Manectric-Mega, F, shiny
|message|Manectric has Mega Evolved into Mega Manectric!
|-ability|p1a: Manectric|Intimidate|[of] p2a: Azumarill
|-unboost|p2a: Azumarill|atk|1
|move|p2a: Azumarill|Aqua Jet|p1a: Manectric
|-damage|p1a: Manectric|0 fnt
|faint|p1a: Manectric
|
|
|switch|p1a: Talonflame|Talonflame, F, shiny|188\/298
|turn|13
|
|move|p1a: Talonflame|Brave Bird|p2a: Azumarill
|-damage|p2a: Azumarill|0 fnt
|-damage|p1a: Talonflame|105\/298|[from] recoil|[of] p2a: Azumarill
|-damage|p1a: Talonflame|76\/298|[from] item: Life Orb
|faint|p2a: Azumarill
|
|
|switch|p2a: Latios|Latios, M|212\/302
|-damage|p2a: Latios|175\/302|[from] Stealth Rock
|turn|14
|
|move|p1a: Talonflame|Brave Bird|p2a: Latios
|-damage|p2a: Latios|0 fnt
|-damage|p1a: Talonflame|18\/298|[from] recoil|[of] p2a: Latios
|-damage|p1a: Talonflame|0 fnt|[from] item: Life Orb
|faint|p2a: Latios
|faint|p1a: Talonflame
|
|
|switch|p1a: Garchomp|Garchomp, F, shiny|341\/389 brn
|switch|p2a: Greninja|Greninja, M|286\/286
|-damage|p2a: Greninja|251\/286|[from] Stealth Rock
|turn|15
|
|move|p1a: Garchomp|Earthquake|p2a: Greninja
|-damage|p2a: Greninja|121\/286
|move|p2a: Greninja|Ice Beam|p1a: Garchomp
|-start|p2a: Greninja|typechange|Ice|[from] Protean
|-supereffective|p1a: Garchomp
|-damage|p1a: Garchomp|0 fnt
|-damage|p2a: Greninja|93\/286|[from] item: Life Orb
|faint|p1a: Garchomp
|
|
|switch|p1a: Latios|Latios, M, shiny|302\/302
|turn|16
|
|move|p2a: Greninja|Dark Pulse|p1a: Latios
|-start|p2a: Greninja|typechange|Dark|[from] Protean
|-supereffective|p1a: Latios
|-damage|p1a: Latios|21\/302
|-damage|p2a: Greninja|65\/286|[from] item: Life Orb
|move|p1a: Latios|Psyshock|p2a: Greninja
|-immune|p2a: Greninja|[msg]
|
|turn|17
|
|move|p2a: Greninja|Ice Beam|p1a: Latios
|-start|p2a: Greninja|typechange|Ice|[from] Protean
|-supereffective|p1a: Latios
|-damage|p1a: Latios|0 fnt
|-damage|p2a: Greninja|37\/286|[from] item: Life Orb
|faint|p1a: Latios
|
|win|Angelus7
|raw|Ladder updating...
|raw|arnelo2012's rating: 1439 &rarr; <strong>1418<\/strong><br \/>(-21 for losing)
|raw|Angelus7's rating: 1419 &rarr; <strong>1440<\/strong><br \/>(+21 for winning)
|leave|arnelo2012
|player|p1