|join|AlbertStreaker
|join|arnelo2012
|player|p1|AlbertStreaker|165
|player|p2|arnelo2012|43
|gametype|singles
|gen|6
|tier|OU
|rated
|clearpoke
|poke|p1|Skarmory, F, shiny
|poke|p1|Chandelure, F, shiny
|poke|p1|Dragonite, F
|poke|p1|Conkeldurr, M, shiny
|poke|p1|Manectric, F
|poke|p1|Blissey, F
|poke|p2|Rotom-Wash, shiny
|poke|p2|Greninja, F, shiny
|poke|p2|Landorus-Therian, M, shiny
|poke|p2|Thundurus, M, shiny
|poke|p2|Gengar, M, shiny
|poke|p2|Mawile, M, shiny
|rule|Swagger Clause: Swagger is banned
|rule|Baton Pass Clause: Limit one PokÃ©mon knowing Baton Pass
|rule|Sleep Clause Mod: Limit one foe put to sleep
|rule|Species Clause: Limit one of each PokÃ©mon
|rule|OHKO Clause: OHKO moves are banned
|rule|Moody Clause: Moody is banned
|rule|Evasion Moves Clause: Evasion moves are banned
|rule|Endless Battle Clause: Forcing endless battles is banned
|rule|HP Percentage Mod: HP is reported as percentages
|teampreview
|
|start
|switch|p1a: Obus|Manectric, F|281\/281
|switch|p2a: Mawile|Mawile, M, shiny|304\/304
|-ability|p2a: Mawile|Intimidate|[of] p1a: Obus
|-unboost|p1a: Obus|atk|1
|turn|1
|
|detailschange|p1a: Obus|Manectric-Mega, F
|message|Manectric has Mega Evolved into Mega Manectric!
|-ability|p1a: Obus|Intimidate|[of] p2a: Mawile
|-unboost|p2a: Mawile|atk|1
|detailschange|p2a: Mawile|Mawile-Mega, M, shiny
|message|Mawile has Mega Evolved into Mega Mawile!
|move|p2a: Mawile|Sucker Punch|p1a: Obus
|-damage|p1a: Obus|148\/281
|move|p1a: Obus|Flamethrower|p2a: Mawile
|-supereffective|p2a: Mawile
|-damage|p2a: Mawile|76\/304
|
|turn|2
|
|move|p2a: Mawile|Sucker Punch|p1a: Obus
|-damage|p1a: Obus|13\/281
|move|p1a: Obus|Hidden Power|p2a: Mawile
|-resisted|p2a: Mawile
|-damage|p2a: Mawile|38\/304
|
|turn|3
|
|switch|p1a: Skarmory|Skarmory, F, shiny|334\/334
|move|p2a: Mawile|Sucker Punch|p1a: Skarmory
|-fail|p1a: Skarmory
|
|turn|4
|
|move|p1a: Skarmory|Brave Bird|p2a: Mawile
|-resisted|p2a: Mawile
|-damage|p2a: Mawile|0 fnt
|-damage|p1a: Skarmory|321\/334|[from] recoil|[of] p2a: Mawile
|faint|p2a: Mawile
|
|-heal|p1a: Skarmory|334\/334|[from] item: Leftovers
|
|switch|p2a: Thundurus|Thundurus, M, shiny|299\/299
|turn|5
|
|switch|p1a: Blissey|Blissey, F|714\/714
|move|p2a: Thundurus|Nasty Plot|p2a: Thundurus
|-boost|p2a: Thundurus|spa|2
|
|turn|6
|
|move|p2a: Thundurus|Focus Blast|p1a: Blissey
|-supereffective|p1a: Blissey
|-damage|p1a: Blissey|314\/714
|move|p1a: Blissey|Toxic|p2a: Thundurus
|-status|p2a: Thundurus|tox
|
|-heal|p1a: Blissey|358\/714|[from] item: Leftovers
|-damage|p2a: Thundurus|281\/299 tox|[from] psn
|turn|7
|
|move|p1a: Blissey|Protect|p1a: Blissey
|-singleturn|p1a: Blissey|Protect
|move|p2a: Thundurus|Nasty Plot|p2a: Thundurus
|-boost|p2a: Thundurus|spa|2
|
|-heal|p2a: Thundurus|299\/299 tox|[from] item: Leftovers
|-heal|p1a: Blissey|402\/714|[from] item: Leftovers
|-damage|p2a: Thundurus|263\/299 tox|[from] psn
|turn|8
|
|switch|p1a: Chandelure|Chandelure, F, shiny|262\/262
|move|p2a: Thundurus|Focus Blast|p1a: Chandelure
|-immune|p1a: Chandelure|[msg]
|
|-heal|p2a: Thundurus|281\/299 tox|[from] item: Leftovers
|-damage|p2a: Thundurus|227\/299 tox|[from] psn
|turn|9
|
|move|p1a: Chandelure|Fire Blast|p2a: Thundurus
|-damage|p2a: Thundurus|0 fnt
|faint|p2a: Thundurus
|
|
|switch|p2a: Greninja|Greninja, F, shiny|285\/285
|turn|10
|
|switch|p1a: Blissey|Blissey, F|402\/714
|move|p2a: Greninja|Surf|p1a: Blissey
|-start|p2a: Greninja|typechange|Water|[from] Protean
|-damage|p1a: Blissey|302\/714
|
|-heal|p1a: Blissey|346\/714|[from] item: Leftovers
|turn|11
|
|switch|p2a: Rotom-Wash|Rotom-Wash, shiny|304\/304
|move|p1a: Blissey|Soft-Boiled|p1a: Blissey
|-heal|p1a: Blissey|703\/714
|
|-heal|p1a: Blissey|714\/714|[from] item: Leftovers
|turn|12
|
|switch|p2a: Gengar|Gengar, M, shiny|262\/262
|move|p1a: Blissey|Protect|p1a: Blissey
|-fail|p1a: Blissey
|
|turn|13
|
|switch|p1a: Skarmory|Skarmory, F, shiny|334\/334
|move|p2a: Gengar|Focus Blast|p1a: Skarmory
|-damage|p1a: Skarmory|177\/334
|-damage|p2a: Gengar|236\/262|[from] item: Life Orb
|
|-heal|p1a: Skarmory|197\/334|[from] item: Leftovers
|turn|14
|
|move|p2a: Gengar|Shadow Ball|p1a: Skarmory
|-damage|p1a: Skarmory|22\/334
|-damage|p2a: Gengar|210\/262|[from] item: Life Orb
|move|p1a: Skarmory|Roost|p1a: Skarmory
|-heal|p1a: Skarmory|189\/334
|
|-heal|p1a: Skarmory|209\/334|[from] item: Leftovers
|turn|15
|
|switch|p2a: Rotom-Wash|Rotom-Wash, shiny|304\/304
|move|p1a: Skarmory|Brave Bird|p2a: Rotom-Wash
|-resisted|p2a: Rotom-Wash
|-damage|p2a: Rotom-Wash|260\/304
|-damage|p1a: Skarmory|194\/334|[from] recoil|[of] p2a: Rotom-Wash
|
|-heal|p1a: Skarmory|214\/334|[from] item: Leftovers
|turn|16
|
|switch|p1a: Blissey|Blissey, F|714\/714
|move|p2a: Rotom-Wash|Will-O-Wisp|p1a: Blissey|[miss]
|-miss|p2a: Rotom-Wash|p1a: Blissey
|
|turn|17
|
|move|p2a: Rotom-Wash|Will-O-Wisp|p1a: Blissey
|-status|p1a: Blissey|brn
|move|p1a: Blissey|Toxic|p2a: Rotom-Wash
|-status|p2a: Rotom-Wash|tox
|
|-damage|p2a: Rotom-Wash|241\/304 tox|[from] psn
|-damage|p1a: Blissey|625\/714 brn|[from] brn
|turn|18
|
|move|p1a: Blissey|Protect|p1a: Blissey
|-singleturn|p1a: Blissey|Protect
|move|p2a: Rotom-Wash|Hydro Pump|p1a: Blissey
|-activate|p1a: Blissey|Protect
|
|-heal|p1a: Blissey|669\/714 brn|[from] item: Leftovers
|-damage|p2a: Rotom-Wash|203\/304 tox|[from] psn
|-damage|p1a: Blissey|580\/714 brn|[from] brn
|turn|19
|
|move|p2a: Rotom-Wash|Hydro Pump|p1a: Blissey
|-damage|p1a: Blissey|481\/714 brn
|move|p1a: Blissey|Soft-Boiled|p1a: Blissey
|-heal|p1a: Blissey|714\/714 brn
|
|-damage|p2a: Rotom-Wash|146\/304 tox|[from] psn
|-damage|p1a: Blissey|625\/714 brn|[from] brn
|turn|20
|
|switch|p2a: Landorus-Therian|Landorus-Therian, M, shiny|320\/320
|-ability|p2a: Landorus-Therian|Intimidate|[of] p1a: Blissey
|-unboost|p1a: Blissey|atk|1
|switch|p1a: Skarmory|Skarmory, F, shiny|214\/334
|
|-heal|p1a: Skarmory|234\/334|[from] item: Leftovers
|turn|21
|
|move|p2a: Landorus-Therian|Swords Dance|p2a: Landorus-Therian
|-boost|p2a: Landorus-Therian|atk|2
|move|p1a: Skarmory|Whirlwind|p2a: Landorus-Therian
|drag|p2a: Greninja|Greninja, F, shiny|285\/285
|
|-heal|p1a: Skarmory|254\/334|[from] item: Leftovers
|turn|22
|
|move|p2a: Greninja|Surf|p1a: Skarmory
|-start|p2a: Greninja|typechange|Water|[from] Protean
|-damage|p1a: Skarmory|136\/334
|move|p1a: Skarmory|Roost|p1a: Skarmory
|-heal|p1a: Skarmory|303\/334
|
|-heal|p1a: Skarmory|323\/334|[from] item: Leftovers
|turn|23
|
|switch|p2a: Rotom-Wash|Rotom-Wash, shiny|146\/304 tox
|switch|p1a: Blissey|Blissey, F|625\/714
|
|-heal|p1a: Blissey|669\/714|[from] item: Leftovers
|-damage|p2a: Rotom-Wash|127\/304 tox|[from] psn
|turn|24
|
|move|p1a: Blissey|Protect|p1a: Blissey
|-singleturn|p1a: Blissey|Protect
|move|p2a: Rotom-Wash|Will-O-Wisp|p1a: Blissey
|-activate|p1a: Blissey|Protect
|
|-heal|p1a: Blissey|713\/714|[from] item: Leftovers
|-damage|p2a: Rotom-Wash|89\/304 tox|[from] psn
|turn|25
|
|switch|p2a: Landorus-Therian|Landorus-Therian, M, shiny|320\/320
|-ability|p2a: Landorus-Therian|Intimidate|[of] p1a: Blissey
|-unboost|p1a: Blissey|atk|1
|switch|p1a: Chandelure|Chandelure, F, shiny|262\/262
|
|turn|26
|
|switch|p1a: Skarmory|Skarmory, F, shiny|323\/334
|move|p2a: Landorus-Therian|Rock Polish|p2a: Landorus-Therian
|-boost|p2a: Landorus-Therian|spe|2
|
|-heal|p1a: Skarmory|334\/334|[from] item: Leftovers
|turn|27
|
|move|p2a: Landorus-Therian|Stone Edge|p1a: Skarmory
|-damage|p1a: Skarmory|196\/334
|-damage|p2a: Landorus-Therian|288\/320|[from] item: Life Orb
|move|p1a: Skarmory|Whirlwind|p2a: Landorus-Therian
|drag|p2a: Greninja|Greninja, F, shiny|285\/285
|
|-heal|p1a: Skarmory|216\/334|[from] item: Leftovers
|turn|28
|
|switch|p2a: Landorus-Therian|Landorus-Therian, M, shiny|288\/320
|-ability|p2a: Landorus-Therian|Intimidate|[of] p1a: Skarmory
|-unboost|p1a: Skarmory|atk|1
|move|p1a: Skarmory|Roost|p1a: Skarmory
|-heal|p1a: Skarmory|334\/334
|
|turn|29
|
|move|p2a: Landorus-Therian|Swords Dance|p2a: Landorus-Therian
|-boost|p2a: Landorus-Therian|atk|2
|move|p1a: Skarmory|Whirlwind|p2a: Landorus-Therian
|drag|p2a: Greninja|Greninja, F, shiny|285\/285
|
|turn|30
|
|move|p2a: Greninja|Ice Beam|p1a: Skarmory
|-start|p2a: Greninja|typechange|Ice|[from] Protean
|-damage|p1a: Skarmory|223\/334
|move|p1a: Skarmory|Roost|p1a: Skarmory
|-heal|p1a: Skarmory|334\/334
|
|turn|31
|
|switch|p1a: Blissey|Blissey, F|713\/714
|move|p2a: Greninja|Ice Beam|p1a: Blissey
|-damage|p1a: Blissey|617\/714
|
|-heal|p1a: Blissey|661\/714|[from] item: Leftovers
|turn|32
|
|switch|p2a: Gengar|Gengar, M, shiny|210\/262
|move|p1a: Blissey|Toxic|p2a: Gengar
|-fail|p2a: Gengar
|
|-heal|p1a: Blissey|705\/714|[from] item: Leftovers
|turn|33
|
|move|p1a: Blissey|Protect|p1a: Blissey
|-singleturn|p1a: Blissey|Protect
|move|p2a: Gengar|Sludge Wave|p1a: Blissey
|-activate|p1a: Blissey|Protect
|
|-heal|p1a: Blissey|714\/714|[from] item: Leftovers
|turn|34
|
|switch|p1a: Skarmory|Skarmory, F, shiny|334\/334
|move|p2a: Gengar|Focus Blast|p1a: Skarmory
|-damage|p1a: Skarmory|174\/334
|-damage|p2a: Gengar|184\/262|[from] item: Life Orb
|
|-heal|p1a: Skarmory|194\/334|[from] item: Leftovers
|turn|35
|
|move|p2a: Gengar|Shadow Ball|p1a: Skarmory
|-damage|p1a: Skarmory|15\/334
|-unboost|p1a: Skarmory|spd|1
|-damage|p2a: Gengar|158\/262|[from] item: Life Orb
|move|p1a: Skarmory|Roost|p1a: Skarmory
|-heal|p1a: Skarmory|182\/334
|
|-heal|p1a: Skarmory|202\/334|[from] item: Leftovers
|turn|36
|
|switch|p1a: Blissey|Blissey, F|714\/714
|move|p2a: Gengar|Focus Blast|p1a: Blissey|[miss]
|-miss|p2a: Gengar|p1a: Blissey
|
|turn|37
|
|move|p2a: Gengar|Focus Blast|p1a: Blissey
|-supereffective|p1a: Blissey
|-damage|p1a: Blissey|423\/714
|-damage|p2a: Gengar|132\/262|[from] item: Life Orb
|move|p1a: Blissey|Soft-Boiled|p1a: Blissey
|-heal|p1a: Blissey|714\/714
|
|turn|38
|
|switch|p2a: Rotom-Wash|Rotom-Wash, shiny|89\/304 tox
|move|p1a: Blissey|Toxic|p2a: Rotom-Wash
|-fail|p2a: Rotom-Wash|tox
|
|-damage|p2a: Rotom-Wash|70\/304 tox|[from] psn
|turn|39
|
|move|p1a: Blissey|Protect|p1a: Blissey
|-singleturn|p1a: Blissey|Protect
|move|p2a: Rotom-Wash|Rest|p2a: Rotom-Wash
|-status|p2a: Rotom-Wash|slp
|-heal|p2a: Rotom-Wash|304\/304 slp|[silent]
|-status|p2a: Rotom-Wash|slp|[from] move: Rest
|-enditem|p2a: Rotom-Wash|Chesto Berry|[eat]
|-curestatus|p2a: Rotom-Wash|slp
|
|turn|40
|
|switch|p2a: Gengar|Gengar, M, shiny|132\/262
|move|p1a: Blissey|Toxic|p2a: Gengar
|-fail|p2a: Gengar
|
|turn|41
|
|move|p2a: Gengar|Focus Blast|p1a: Blissey|[miss]
|-miss|p2a: Gengar|p1a: Blissey
|move|p1a: Blissey|Toxic|p2a: Gengar
|-fail|p2a: Gengar
|
|turn|42
|
|move|p2a: Gengar|Focus Blast|p1a: Blissey|[miss]
|-miss|p2a: Gengar|p1a: Blissey
|move|p1a: Blissey|Soft-Boiled|p1a: Blissey
|-fail|p1a: Blissey
|
|turn|43
|
|move|p2a: Gengar|Focus Blast|p1a: Blissey|[miss]
|-miss|p2a: Gengar|p1a: Blissey
|move|p1a: Blissey|Toxic|p2a: Gengar
|-fail|p2a: Gengar
|
|turn|44
|
|move|p1a: Blissey|Protect|p1a: Blissey
|-singleturn|p1a: Blissey|Protect
|move|p2a: Gengar|Focus Blast|p1a: Blissey
|-activate|p1a: Blissey|Protect
|
|turn|45
|
|move|p2a: Gengar|Sludge Wave|p1a: Blissey
|-damage|p1a: Blissey|535\/714
|-damage|p2a: Gengar|106\/262|[from] item: Life Orb
|move|p1a: Blissey|Soft-Boiled|p1a: Blissey
|-heal|p1a: Blissey|714\/714
|
|turn|46
|
|move|p2a: Gengar|Sludge Wave|p1a: Blissey
|-damage|p1a: Blissey|542\/714
|-damage|p2a: Gengar|80\/262|[from] item: Life Orb
|move|p1a: Blissey|Toxic|p2a: Gengar
|-fail|p2a: Gengar
|
|-heal|p1a: Blissey|586\/714|[from] item: Leftovers
|turn|47
|
|move|p1a: Blissey|Protect|p1a: Blissey
|-singleturn|p1a: Blissey|Protect
|move|p2a: Gengar|Sludge Wave|p1a: Blissey
|-activate|p1a: Blissey|Protect
|
|-heal|p1a: Blissey|630\/714|[from] item: Leftovers
|turn|48
|
|move|p2a: Gengar|Sludge Wave|p1a: Blissey
|-damage|p1a: Blissey|447\/714
|-damage|p2a: Gengar|54\/262|[from] item: Life Orb
|move|p1a: Blissey|Soft-Boiled|p1a: Blissey
|-heal|p1a: Blissey|714\/714
|
|turn|49
|
|switch|p1a: Skarmory|Skarmory, F, shiny|202\/334
|move|p2a: Gengar|Sludge Wave|p1a: Skarmory
|-immune|p1a: Skarmory|[msg]
|
|-heal|p1a: Skarmory|222\/334|[from] item: Leftovers
|turn|50
|
|switch|p1a: Blissey|Blissey, F|714\/714
|move|p2a: Gengar|Shadow Ball|p1a: Blissey
|-immune|p1a: Blissey|[msg]
|
|turn|51
|
|move|p2a: Gengar|Sludge Wave|p1a: Blissey
|-damage|p1a: Blissey|545\/714
|-damage|p2a: Gengar|28\/262|[from] item: Life Orb
|move|p1a: Blissey|Soft-Boiled|p1a: Blissey
|-heal|p1a: Blissey|714\/714
|
|turn|52
|
|move|p2a: Gengar|Sludge Wave|p1a: Blissey
|-damage|p1a: Blissey|529\/714
|-damage|p2a: Gengar|2\/262|[from] item: Life Orb
|move|p1a: Blissey|Toxic|p2a: Gengar
|-fail|p2a: Gengar
|
|-heal|p1a: Blissey|573\/714|[from] item: Leftovers
|turn|53
|
|switch|p2a: Landorus-Therian|Landorus-Therian, M, shiny|288\/320
|-ability|p2a: Landorus-Therian|Intimidate|[of] p1a: Blissey
|-unboost|p1a: Blissey|atk|1
|move|p1a: Blissey|Protect|p1a: Blissey
|-fail|p1a: Blissey
|
|-heal|p1a: Blissey|617\/714|[from] item: Leftovers
|turn|54
|
|move|p2a: Landorus-Therian|Swords Dance|p2a: Landorus-Therian
|-boost|p2a: Landorus-Therian|atk|2
|move|p1a: Blissey|Toxic|p2a: Landorus-Therian
|-status|p2a: Landorus-Therian|tox
|
|-heal|p1a: Blissey|661\/714|[from] item: Leftovers
|-damage|p2a: Landorus-Therian|268\/320 tox|[from] psn
|turn|55
|
|move|p1a: Blissey|Protect|p1a: Blissey
|-singleturn|p1a: Blissey|Protect
|move|p2a: Landorus-Therian|Rock Polish|p2a: Landorus-Therian
|-boost|p2a: Landorus-Therian|spe|2
|
|-heal|p1a: Blissey|705\/714|[from] item: Leftovers
|-damage|p2a: Landorus-Therian|228\/320 tox|[from] psn
|turn|56
|
|switch|p1a: Obus|Manectric-Mega, F|13\/281
|-ability|p1a: Obus|Intimidate|[of] p2a: Landorus-Therian
|-unboost|p2a: Landorus-Therian|atk|1
|move|p2a: Landorus-Therian|Earthquake|p1a: Obus
|-supereffective|p1a: Obus
|-damage|p1a: Obus|0 fnt
|-damage|p2a: Landorus-Therian|196\/320 tox|[from] item: Life Orb
|faint|p1a: Obus
|
|-damage|p2a: Landorus-Therian|136\/320 tox|[from] psn
|
|switch|p1a: Conkeldurr|Conkeldurr, M, shiny|383\/383
|turn|57
|
|move|p1a: Conkeldurr|Mach Punch|p2a: Landorus-Therian
|-resisted|p2a: Landorus-Therian
|-damage|p2a: Landorus-Therian|104\/320 tox
|move|p2a: Landorus-Therian|Earthquake|p1a: Conkeldurr
|-damage|p1a: Conkeldurr|20\/383
|-damage|p2a: Landorus-Therian|72\/320 tox|[from] item: Life Orb
|
|-damage|p2a: Landorus-Therian|0 fnt|[from] psn
|faint|p2a: Landorus-Therian
|
|switch|p2a: Gengar|Gengar, M, shiny|2\/262
|turn|58
|
|switch|p1a: Blissey|Blissey, F|705\/714
|move|p2a: Gengar|Sludge Wave|p1a: Blissey
|-damage|p1a: Blissey|549\/714
|-damage|p2a: Gengar|0 fnt|[from] item: Life Orb
|faint|p2a: Gengar
|
|-heal|p1a: Blissey|593\/714|[from] item: Leftovers
|
|switch|p2a: Greninja|Greninja, F, shiny|285\/285
|turn|59
|
|move|p2a: Greninja|Ice Beam|p1a: Blissey
|-start|p2a: Greninja|typechange|Ice|[from] Protean
|-damage|p1a: Blissey|490\/714
|move|p1a: Blissey|Toxic|p2a: Greninja
|-status|p2a: Greninja|tox
|
|-heal|p1a: Blissey|534\/714|[from] item: Leftovers
|-damage|p2a: Greninja|268\/285 tox|[from] psn
|turn|60
|-message|arnelo2012 forfeited.
|
|win|AlbertStreaker
|raw|Ladder updating...
|leave|arnelo2012
|player|p2
|raw|AlbertStreaker's rating: 1484 &rarr; <strong>1504<\/strong><br \/>(+20 for winning)
|raw|arnelo2012's rating: 1480 &rarr; <strong>1460<\/strong><br \/>(-20 for losing)