|join|Rejo
|join|arnelo2012
|player|p1|Rejo|170
|player|p2|arnelo2012|109
|gametype|singles
|gen|6
|tier|OU
|rated
|clearpoke
|poke|p1|Greninja, M
|poke|p1|Cloyster, M
|poke|p1|Talonflame, M
|poke|p1|Excadrill, M
|poke|p1|Weavile, F
|poke|p1|Manectric, M
|poke|p2|Manectric, M
|poke|p2|Ferrothorn, M
|poke|p2|Talonflame, F
|poke|p2|Azumarill, F
|poke|p2|Garchomp, F
|poke|p2|Togekiss, F, shiny
|rule|Swagger Clause: Swagger is banned
|rule|Baton Pass Clause: Limit one PokÃ©mon knowing Baton Pass
|rule|Sleep Clause Mod: Limit one foe put to sleep
|rule|Species Clause: Limit one of each PokÃ©mon
|rule|OHKO Clause: OHKO moves are banned
|rule|Moody Clause: Moody is banned
|rule|Evasion Moves Clause: Evasion moves are banned
|rule|Endless Battle Clause: Forcing endless battles is banned
|rule|HP Percentage Mod: HP is shown in percentages
|teampreview
|
|start
|switch|p1a: Greninja|Greninja, M|286\/286
|switch|p2a: Manectric|Manectric, M|282\/282
|turn|1
|
|detailschange|p2a: Manectric|Manectric-Mega, M
|message|Manectric has Mega Evolved into Mega Manectric!
|-ability|p2a: Manectric|Intimidate|[of] p1a: Greninja
|-unboost|p1a: Greninja|atk|1
|move|p1a: Greninja|Spikes|p2a: Manectric
|-sidestart|p2: arnelo2012|Spikes
|move|p2a: Manectric|Thunderbolt|p1a: Greninja
|-supereffective|p1a: Greninja
|-enditem|p1a: Greninja|Focus Sash
|-damage|p1a: Greninja|1\/286
|
|turn|2
|
|move|p2a: Manectric|Hidden Power|p1a: Greninja
|-resisted|p1a: Greninja
|-damage|p1a: Greninja|0 fnt
|faint|p1a: Greninja
|
|
|switch|p1a: Manectric|Manectric, M|282\/282
|turn|3
|
|detailschange|p1a: Manectric|Manectric-Mega, M
|message|Manectric has Mega Evolved into Mega Manectric!
|-ability|p1a: Manectric|Intimidate|[of] p2a: Manectric
|-unboost|p2a: Manectric|atk|1
|move|p2a: Manectric|Overheat|p1a: Manectric
|-damage|p1a: Manectric|88\/282
|-unboost|p2a: Manectric|spa|2
|move|p1a: Manectric|Thunderbolt|p2a: Manectric
|-crit|p2a: Manectric
|-resisted|p2a: Manectric
|-damage|p2a: Manectric|140\/282
|
|turn|4
|
|switch|p2a: Garchomp|Garchomp, F|389\/389
|-damage|p2a: Garchomp|341\/389|[from] Spikes
|move|p1a: Manectric|Flamethrower|p2a: Garchomp
|-resisted|p2a: Garchomp
|-damage|p2a: Garchomp|283\/389
|
|turn|5
|
|move|p2a: Garchomp|Earthquake|p1a: Manectric
|-supereffective|p1a: Manectric
|-damage|p1a: Manectric|0 fnt
|faint|p1a: Manectric
|
|
|switch|p1a: Talonflame|Talonflame, M|298\/298
|turn|6
|
|switch|p2a: Azumarill|Azumarill, F|404\/404
|-damage|p2a: Azumarill|354\/404|[from] Spikes
|move|p1a: Talonflame|Brave Bird|p2a: Azumarill
|-damage|p2a: Azumarill|66\/404
|-damage|p1a: Talonflame|203\/298|[from] recoil|[of] p2a: Azumarill
|-enditem|p2a: Azumarill|Sitrus Berry|[eat]
|-heal|p2a: Azumarill|167\/404|[from] item: Sitrus Berry
|
|turn|7
|
|move|p1a: Talonflame|Brave Bird|p2a: Azumarill
|-damage|p2a: Azumarill|0 fnt
|-damage|p1a: Talonflame|148\/298|[from] recoil|[of] p2a: Azumarill
|faint|p2a: Azumarill
|
|
|switch|p2a: Garchomp|Garchomp, F|283\/389
|-damage|p2a: Garchomp|235\/389|[from] Spikes
|turn|8
|
|move|p1a: Talonflame|Brave Bird|p2a: Garchomp
|-damage|p2a: Garchomp|0 fnt
|-damage|p1a: Talonflame|111\/298|[from] ability: Rough Skin|[of] p2a: Garchomp
|-damage|p1a: Talonflame|33\/298|[from] recoil|[of] p2a: Garchomp
|faint|p2a: Garchomp
|
|
|switch|p2a: Manectric|Manectric-Mega, M|140\/282
|-damage|p2a: Manectric|105\/282|[from] Spikes
|-ability|p2a: Manectric|Intimidate|[of] p1a: Talonflame
|-unboost|p1a: Talonflame|atk|1
|turn|9
|
|move|p1a: Talonflame|Brave Bird|p2a: Manectric
|-resisted|p2a: Manectric
|-damage|p2a: Manectric|19\/282
|-damage|p1a: Talonflame|5\/298|[from] recoil|[of] p2a: Manectric
|move|p2a: Manectric|Thunderbolt|p1a: Talonflame
|-supereffective|p1a: Talonflame
|-damage|p1a: Talonflame|0 fnt
|faint|p1a: Talonflame
|
|
|switch|p1a: Weavile|Weavile, F|282\/282
|-ability|p1a: Weavile|Pressure
|turn|10
|
|move|p1a: Weavile|Ice Shard|p2a: Manectric
|-damage|p2a: Manectric|0 fnt
|-damage|p1a: Weavile|254\/282|[from] item: Life Orb
|faint|p2a: Manectric
|
|
|switch|p2a: Ferrothorn|Ferrothorn, M|352\/352
|-damage|p2a: Ferrothorn|308\/352|[from] Spikes
|turn|11
|
|move|p1a: Weavile|Low Kick|p2a: Ferrothorn
|-supereffective|p2a: Ferrothorn
|-damage|p2a: Ferrothorn|105\/352
|-damage|p1a: Weavile|219\/282|[from] ability: Iron Barbs|[of] p2a: Ferrothorn
|-damage|p1a: Weavile|172\/282|[from] item: Rocky Helmet|[of] p2a: Ferrothorn
|-damage|p1a: Weavile|144\/282|[from] item: Life Orb
|move|p2a: Ferrothorn|Stealth Rock|p1a: Weavile
|-sidestart|p1: Rejo|move: Stealth Rock
|
|turn|12
|
|move|p1a: Weavile|Knock Off|p2a: Ferrothorn
|-damage|p2a: Ferrothorn|0 fnt
|-damage|p1a: Weavile|109\/282|[from] ability: Iron Barbs|[of] p2a: Ferrothorn
|-damage|p1a: Weavile|62\/282|[from] item: Rocky Helmet|[of] p2a: Ferrothorn
|-enditem|p2a: Ferrothorn|Rocky Helmet|[from] move: Knock Off|[of] p1a: Weavile
|-damage|p1a: Weavile|34\/282|[from] item: Life Orb
|faint|p2a: Ferrothorn
|
|
|switch|p2a: Talonflame|Talonflame, F|298\/298
|turn|13
|
|move|p1a: Weavile|Ice Shard|p2a: Talonflame
|-damage|p2a: Talonflame|185\/298
|-damage|p1a: Weavile|6\/282|[from] item: Life Orb
|move|p2a: Talonflame|Brave Bird|p1a: Weavile
|-damage|p1a: Weavile|0 fnt
|-damage|p2a: Talonflame|183\/298|[from] recoil|[of] p1a: Weavile
|-damage|p2a: Talonflame|154\/298|[from] item: Life Orb
|faint|p1a: Weavile
|
|
|switch|p1a: Excadrill|Excadrill, M|362\/362
|-damage|p1a: Excadrill|351\/362|[from] Stealth Rock
|-ability|p1a: Excadrill|Mold Breaker
|-item|p1a: Excadrill|Air Balloon
|turn|14
|
|move|p2a: Talonflame|Flare Blitz|p1a: Excadrill
|-crit|p1a: Excadrill
|-supereffective|p1a: Excadrill
|-damage|p1a: Excadrill|0 fnt
|-enditem|p1a: Excadrill|Air Balloon
|-damage|p2a: Talonflame|38\/298|[from] recoil|[of] p1a: Excadrill
|-damage|p2a: Talonflame|9\/298|[from] item: Life Orb
|faint|p1a: Excadrill
|
|
|switch|p1a: Cloyster|Cloyster, M|242\/242
|-damage|p1a: Cloyster|182\/242|[from] Stealth Rock
|turn|15
|
|move|p2a: Talonflame|Brave Bird|p1a: Cloyster
|-damage|p1a: Cloyster|46\/242
|-damage|p2a: Talonflame|0 fnt|[from] recoil|[of] p1a: Cloyster
|faint|p2a: Talonflame
|move|p1a: Cloyster|Shell Smash|p1a: Cloyster
|-boost|p1a: Cloyster|atk|2
|-boost|p1a: Cloyster|spa|2
|-boost|p1a: Cloyster|spe|2
|-unboost|p1a: Cloyster|def|1
|-unboost|p1a: Cloyster|spd|1
|
|
|switch|p2a: Togekiss|Togekiss, F, shiny|312\/312
|turn|16
|
|move|p1a: Cloyster|Icicle Spear|p2a: Togekiss
|-supereffective|p2a: Togekiss
|-damage|p2a: Togekiss|172\/312
|-supereffective|p2a: Togekiss
|-damage|p2a: Togekiss|28\/312
|-supereffective|p2a: Togekiss
|-damage|p2a: Togekiss|0 fnt
|-hitcount|p2a: Togekiss|3
|faint|p2a: Togekiss
|
|win|Rejo
|raw|Ladder updating...
|raw|Rejo's rating: 1395 &rarr; <strong>1418<\/strong><br \/>(+23 for winning)
|raw|arnelo2012's rating: 1451 &rarr; <strong>1428<\/strong><br \/>(-23 for losing)
|leave|arnelo2012
|player|p2