|join|arnelo2012
|join|Sylvanna
|player|p1|arnelo2012|109
|player|p2|Sylvanna|169
|gametype|singles
|gen|6
|tier|OU
|rated
|clearpoke
|poke|p1|Charizard, F, shiny
|poke|p1|Gliscor, M, shiny
|poke|p1|Rotom-Wash, shiny
|poke|p1|Azumarill, M
|poke|p1|Conkeldurr, F, shiny
|poke|p1|Togekiss, M, shiny
|poke|p2|Dragonite, M
|poke|p2|Azumarill, M
|poke|p2|Ferrothorn, F
|poke|p2|Landorus-Therian, M
|poke|p2|Manectric, F
|poke|p2|Gengar, F
|rule|Swagger Clause: Swagger is banned
|rule|Baton Pass Clause: Limit one PokÃ©mon knowing Baton Pass
|rule|Sleep Clause Mod: Limit one foe put to sleep
|rule|Species Clause: Limit one of each PokÃ©mon
|rule|OHKO Clause: OHKO moves are banned
|rule|Moody Clause: Moody is banned
|rule|Evasion Moves Clause: Evasion moves are banned
|rule|Endless Battle Clause: Forcing endless battles is banned
|rule|HP Percentage Mod: HP is shown in percentages
|teampreview
|
|start
|switch|p1a: Charizard|Charizard, F, shiny|298\/298
|switch|p2a: Gengar|Gengar, F|261\/261
|turn|1
|
|detailschange|p1a: Charizard|Charizard-Mega-Y, F, shiny
|message|Charizard has Mega Evolved into Mega Charizard!
|-weather|SunnyDay
|move|p2a: Gengar|Taunt|p1a: Charizard
|-start|p1a: Charizard|move: Taunt
|move|p1a: Charizard|Fire Blast|p2a: Gengar
|-enditem|p2a: Gengar|Focus Sash
|-damage|p2a: Gengar|1\/261
|
|-weather|SunnyDay|[upkeep]
|turn|2
|
|move|p2a: Gengar|Destiny Bond|p2a: Gengar
|-singlemove|p2a: Gengar|Destiny Bond
|move|p1a: Charizard|Hidden Power|p2a: Gengar
|-damage|p2a: Gengar|0 fnt
|faint|p2a: Gengar
|-activate|p2a: Gengar|Destiny Bond
|faint|p1a: Charizard
|
|-weather|SunnyDay|[upkeep]
|
|switch|p2a: Manectric|Manectric, F|281\/281
|switch|p1a: Gliscor|Gliscor, M, shiny|354\/354
|turn|3
|
|switch|p1a: Conkeldurr|Conkeldurr, F, shiny|352\/352
|detailschange|p2a: Manectric|Manectric-Mega, F
|message|Manectric has Mega Evolved into Mega Manectric!
|-ability|p2a: Manectric|Intimidate|[of] p1a: Conkeldurr
|-unboost|p1a: Conkeldurr|atk|1
|move|p2a: Manectric|Hidden Power|p1a: Conkeldurr
|-damage|p1a: Conkeldurr|274\/352
|
|-weather|SunnyDay|[upkeep]
|-status|p1a: Conkeldurr|brn|[from] item: Flame Orb
|turn|4
|
|switch|p2a: Landorus-Therian|Landorus-Therian, M|382\/382
|-ability|p2a: Landorus-Therian|Intimidate|[of] p1a: Conkeldurr
|-unboost|p1a: Conkeldurr|atk|1
|move|p1a: Conkeldurr|Drain Punch|p2a: Landorus-Therian
|-resisted|p2a: Landorus-Therian
|-damage|p2a: Landorus-Therian|337\/382
|-heal|p1a: Conkeldurr|297\/352 brn|[from] drain|[of] p2a: Landorus-Therian
|
|-weather|SunnyDay|[upkeep]
|-heal|p2a: Landorus-Therian|360\/382|[from] item: Leftovers
|-damage|p1a: Conkeldurr|253\/352 brn|[from] brn
|turn|5
|
|switch|p1a: Rotom-Wash|Rotom-Wash, shiny|241\/241
|move|p2a: Landorus-Therian|U-turn|p1a: Rotom-Wash
|-damage|p1a: Rotom-Wash|175\/241
|
|switch|p2a: Ferrothorn|Ferrothorn, F|352\/352
|
|-weather|none
|turn|6
|
|move|p1a: Rotom-Wash|Trick|p2a: Ferrothorn
|-activate|p1a: Rotom-Wash|move: Trick|[of] p2a: Ferrothorn
|-item|p2a: Ferrothorn|Choice Scarf|[from] move: Trick
|-item|p1a: Rotom-Wash|Leftovers|[from] move: Trick
|move|p2a: Ferrothorn|Stealth Rock|p1a: Rotom-Wash
|-sidestart|p1: arnelo2012|move: Stealth Rock
|
|-heal|p1a: Rotom-Wash|190\/241|[from] item: Leftovers
|turn|7
|
|switch|p2a: Dragonite|Dragonite, M|323\/323
|move|p1a: Rotom-Wash|Will-O-Wisp|p2a: Dragonite
|-status|p2a: Dragonite|brn
|
|-heal|p1a: Rotom-Wash|205\/241|[from] item: Leftovers
|-damage|p2a: Dragonite|283\/323 brn|[from] brn
|turn|8
|
|move|p1a: Rotom-Wash|Thunderbolt|p2a: Dragonite
|-damage|p2a: Dragonite|130\/323 brn
|move|p2a: Dragonite|Draco Meteor|p1a: Rotom-Wash
|-damage|p1a: Rotom-Wash|0 fnt
|-unboost|p2a: Dragonite|spa|2
|-damage|p2a: Dragonite|98\/323 brn|[from] item: Life Orb
|faint|p1a: Rotom-Wash
|
|-damage|p2a: Dragonite|58\/323 brn|[from] brn
|
|switch|p1a: Azumarill|Azumarill, M|404\/404
|-damage|p1a: Azumarill|354\/404|[from] Stealth Rock
|turn|9
|
|switch|p2a: Ferrothorn|Ferrothorn, F|352\/352
|move|p1a: Azumarill|Belly Drum|p1a: Azumarill
|-damage|p1a: Azumarill|152\/404
|-setboost|p1a: Azumarill|atk|6|[from] move: Belly Drum
|-enditem|p1a: Azumarill|Sitrus Berry|[eat]
|-heal|p1a: Azumarill|253\/404|[from] item: Sitrus Berry
|
|turn|10
|
|move|p1a: Azumarill|Play Rough|p2a: Ferrothorn
|-resisted|p2a: Ferrothorn
|-damage|p2a: Ferrothorn|96\/352
|-damage|p1a: Azumarill|203\/404|[from] ability: Iron Barbs|[of] p2a: Ferrothorn
|move|p2a: Ferrothorn|Power Whip|p1a: Azumarill
|-supereffective|p1a: Azumarill
|-damage|p1a: Azumarill|0 fnt
|faint|p1a: Azumarill
|
|
|switch|p1a: Gliscor|Gliscor, M, shiny|354\/354
|-damage|p1a: Gliscor|310\/354|[from] Stealth Rock
|turn|11
|
|switch|p2a: Dragonite|Dragonite, M|58\/323 brn
|move|p1a: Gliscor|Substitute|p1a: Gliscor
|-start|p1a: Gliscor|Substitute
|-damage|p1a: Gliscor|222\/354
|
|-damage|p2a: Dragonite|18\/323 brn|[from] brn
|-status|p1a: Gliscor|tox|[from] item: Toxic Orb
|turn|12
|
|move|p2a: Dragonite|Draco Meteor|p1a: Gliscor
|-end|p1a: Gliscor|Substitute
|-unboost|p2a: Dragonite|spa|2
|-damage|p2a: Dragonite|0 fnt|[from] item: Life Orb
|faint|p2a: Dragonite
|move|p1a: Gliscor|Stealth Rock|p2: Dragonite
|-sidestart|p2: Sylvanna|move: Stealth Rock
|
|-heal|p1a: Gliscor|266\/354 tox|[from] ability: Poison Heal
|
|switch|p2a: Azumarill|Azumarill, M|401\/401
|-damage|p2a: Azumarill|351\/401|[from] Stealth Rock
|turn|13
|
|move|p1a: Gliscor|Toxic|p2a: Azumarill|[miss]
|-miss|p1a: Gliscor|p2a: Azumarill
|move|p2a: Azumarill|Waterfall|p1a: Gliscor
|-supereffective|p1a: Gliscor
|-damage|p1a: Gliscor|44\/354 tox
|
|-heal|p1a: Gliscor|88\/354 tox|[from] ability: Poison Heal
|turn|14
|
|move|p2a: Azumarill|Aqua Jet|p1a: Gliscor
|-supereffective|p1a: Gliscor
|-damage|p1a: Gliscor|0 fnt
|faint|p1a: Gliscor
|
|
|switch|p1a: Togekiss|Togekiss, M, shiny|312\/312
|-damage|p1a: Togekiss|234\/312|[from] Stealth Rock
|turn|15
|
|switch|p2a: Ferrothorn|Ferrothorn, F|96\/352
|-damage|p2a: Ferrothorn|74\/352|[from] Stealth Rock
|move|p1a: Togekiss|Dazzling Gleam|p2a: Ferrothorn
|-resisted|p2a: Ferrothorn
|-damage|p2a: Ferrothorn|23\/352
|
|-heal|p1a: Togekiss|253\/312|[from] item: Leftovers
|turn|16
|
|move|p1a: Togekiss|Air Slash|p2a: Ferrothorn
|-damage|p2a: Ferrothorn|0 fnt
|faint|p2a: Ferrothorn
|
|-heal|p1a: Togekiss|272\/312|[from] item: Leftovers
|
|switch|p2a: Manectric|Manectric-Mega, F|281\/281
|-damage|p2a: Manectric|246\/281|[from] Stealth Rock
|-ability|p2a: Manectric|Intimidate|[of] p1a: Togekiss
|-unboost|p1a: Togekiss|atk|1
|turn|17
|
|switch|p1a: Conkeldurr|Conkeldurr, F, shiny|253\/352 brn
|-damage|p1a: Conkeldurr|231\/352 brn|[from] Stealth Rock
|move|p2a: Manectric|Thunderbolt|p1a: Conkeldurr
|-damage|p1a: Conkeldurr|53\/352 brn
|
|-damage|p1a: Conkeldurr|9\/352 brn|[from] brn
|turn|18
|
|switch|p2a: Landorus-Therian|Landorus-Therian, M|360\/382
|-damage|p2a: Landorus-Therian|313\/382|[from] Stealth Rock
|-ability|p2a: Landorus-Therian|Intimidate|[of] p1a: Conkeldurr
|-unboost|p1a: Conkeldurr|atk|1
|move|p1a: Conkeldurr|Mach Punch|p2a: Landorus-Therian
|-resisted|p2a: Landorus-Therian
|-damage|p2a: Landorus-Therian|279\/382
|
|-heal|p2a: Landorus-Therian|302\/382|[from] item: Leftovers
|-damage|p1a: Conkeldurr|0 fnt|[from] brn
|faint|p1a: Conkeldurr
|
|switch|p1a: Togekiss|Togekiss, M, shiny|272\/312
|-damage|p1a: Togekiss|194\/312|[from] Stealth Rock
|turn|19
|
|move|p2a: Landorus-Therian|Swords Dance|p2a: Landorus-Therian
|-boost|p2a: Landorus-Therian|atk|2
|move|p1a: Togekiss|Dazzling Gleam|p2a: Landorus-Therian
|-damage|p2a: Landorus-Therian|128\/382
|
|-heal|p2a: Landorus-Therian|151\/382|[from] item: Leftovers
|-heal|p1a: Togekiss|213\/312|[from] item: Leftovers
|turn|20
|
|move|p2a: Landorus-Therian|Rock Slide|p1a: Togekiss
|-crit|p1a: Togekiss
|-supereffective|p1a: Togekiss
|-damage|p1a: Togekiss|0 fnt
|faint|p1a: Togekiss
|
|win|Sylvanna
|raw|Ladder updating...
|raw|arnelo2012's rating: 1461 &rarr; <strong>1442<\/strong><br \/>(-19 for losing)
|raw|Sylvanna's rating: 1460 &rarr; <strong>1480<\/strong><br \/>(+20 for winning)
|c|âSylvanna|gg
|c|âarnelo2012|gg
|leave|arnelo2012
|player|p1