|join|hardekern
|join|arnelo2012
|player|p1|hardekern|1
|player|p2|arnelo2012|43
|gametype|singles
|gen|6
|tier|OU
|rated
|clearpoke
|poke|p1|Keldeo
|poke|p1|Tyranitar, M
|poke|p1|Latias, F
|poke|p1|Landorus-Therian, M
|poke|p1|Raikou, shiny
|poke|p1|Scizor, F
|poke|p2|Heatran, M, shiny
|poke|p2|Bisharp, F, shiny
|poke|p2|Azumarill, M, shiny
|poke|p2|Sableye, F, shiny
|poke|p2|Thundurus, M, shiny
|poke|p2|Gengar, M, shiny
|rule|Swagger Clause: Swagger is banned
|rule|Baton Pass Clause: Limit one PokÃ©mon knowing Baton Pass
|rule|Sleep Clause Mod: Limit one foe put to sleep
|rule|Species Clause: Limit one of each PokÃ©mon
|rule|OHKO Clause: OHKO moves are banned
|rule|Moody Clause: Moody is banned
|rule|Evasion Moves Clause: Evasion moves are banned
|rule|Endless Battle Clause: Forcing endless battles is banned
|rule|HP Percentage Mod: HP is shown in percentages
|teampreview
|
|start
|switch|p1a: Keldeo|Keldeo|323\/323
|switch|p2a: Heatran|Heatran, M, shiny|386\/386
|turn|1
|
|switch|p2a: Azumarill|Azumarill, M, shiny|364\/364
|move|p1a: Keldeo|Scald|p2a: Azumarill
|-crit|p2a: Azumarill
|-resisted|p2a: Azumarill
|-damage|p2a: Azumarill|238\/364
|-status|p2a: Azumarill|brn
|
|-damage|p2a: Azumarill|193\/364 brn|[from] brn
|turn|2
|
|switch|p1a: Scizor|Scizor, F|281\/281
|move|p2a: Azumarill|Play Rough|p1a: Scizor
|-resisted|p1a: Scizor
|-damage|p1a: Scizor|233\/281
|
|-damage|p2a: Azumarill|148\/364 brn|[from] brn
|-enditem|p2a: Azumarill|Sitrus Berry|[eat]
|-heal|p2a: Azumarill|239\/364 brn|[from] item: Sitrus Berry
|turn|3
|
|detailschange|p1a: Scizor|Scizor-Mega, F
|-mega|p1a: Scizor|Scizor|Scizorite
|move|p2a: Azumarill|Aqua Jet|p1a: Scizor
|-damage|p1a: Scizor|197\/281
|move|p1a: Scizor|Bug Bite|p2a: Azumarill
|-resisted|p2a: Azumarill
|-damage|p2a: Azumarill|131\/364 brn
|
|-damage|p2a: Azumarill|86\/364 brn|[from] brn
|turn|4
|
|move|p1a: Scizor|Swords Dance|p1a: Scizor
|-boost|p1a: Scizor|atk|2
|move|p2a: Azumarill|Superpower|p1a: Scizor
|-damage|p1a: Scizor|128\/281
|-unboost|p2a: Azumarill|atk|1
|-unboost|p2a: Azumarill|def|1
|
|-damage|p2a: Azumarill|41\/364 brn|[from] brn
|turn|5
|
|move|p1a: Scizor|Bullet Punch|p2a: Azumarill
|-damage|p2a: Azumarill|0 fnt
|faint|p2a: Azumarill
|
|
|switch|p2a: Bisharp|Bisharp, F, shiny|271\/271
|turn|6
|
|move|p1a: Scizor|Superpower|p2a: Bisharp
|-supereffective|p2a: Bisharp
|-damage|p2a: Bisharp|0 fnt
|-unboost|p1a: Scizor|atk|1
|-unboost|p1a: Scizor|def|1
|faint|p2a: Bisharp
|
|
|switch|p2a: Sableye|Sableye, F, shiny|304\/304
|turn|7
|
|detailschange|p2a: Sableye|Sableye-Mega, F, shiny
|-mega|p2a: Sableye|Sableye|Sablenite
|move|p1a: Scizor|Bullet Punch|p2a: Sableye
|-damage|p2a: Sableye|195\/304
|move|p2a: Sableye|Will-O-Wisp|p1a: Scizor
|-status|p1a: Scizor|brn
|
|-damage|p1a: Scizor|93\/281 brn|[from] brn
|turn|8
|
|move|p1a: Scizor|Swords Dance|p1a: Scizor
|-boost|p1a: Scizor|atk|2
|move|p2a: Sableye|Calm Mind|p2a: Sableye
|-boost|p2a: Sableye|spa|1
|-boost|p2a: Sableye|spd|1
|
|-damage|p1a: Scizor|58\/281 brn|[from] brn
|turn|9
|
|move|p1a: Scizor|Bug Bite|p2a: Sableye
|-damage|p2a: Sableye|59\/304
|move|p2a: Sableye|Recover|p2a: Sableye
|-heal|p2a: Sableye|211\/304
|
|-damage|p1a: Scizor|23\/281 brn|[from] brn
|turn|10
|
|move|p1a: Scizor|Bug Bite|p2a: Sableye
|-damage|p2a: Sableye|72\/304
|move|p2a: Sableye|Recover|p2a: Sableye
|-heal|p2a: Sableye|224\/304
|
|-damage|p1a: Scizor|0 fnt|[from] brn
|faint|p1a: Scizor
|
|switch|p1a: Keldeo|Keldeo|323\/323
|turn|11
|
|move|p1a: Keldeo|Substitute|p1a: Keldeo
|-start|p1a: Keldeo|Substitute
|-damage|p1a: Keldeo|243\/323
|move|p2a: Sableye|Calm Mind|p2a: Sableye
|-boost|p2a: Sableye|spa|1
|-boost|p2a: Sableye|spd|1
|
|-heal|p1a: Keldeo|263\/323|[from] item: Leftovers
|turn|12
|
|move|p1a: Keldeo|Calm Mind|p1a: Keldeo
|-boost|p1a: Keldeo|spa|1
|-boost|p1a: Keldeo|spd|1
|move|p2a: Sableye|Calm Mind|p2a: Sableye
|-boost|p2a: Sableye|spa|1
|-boost|p2a: Sableye|spd|1
|
|-heal|p1a: Keldeo|283\/323|[from] item: Leftovers
|turn|13
|
|move|p1a: Keldeo|Calm Mind|p1a: Keldeo
|-boost|p1a: Keldeo|spa|1
|-boost|p1a: Keldeo|spd|1
|move|p2a: Sableye|Calm Mind|p2a: Sableye
|-boost|p2a: Sableye|spa|1
|-boost|p2a: Sableye|spd|1
|
|-heal|p1a: Keldeo|303\/323|[from] item: Leftovers
|turn|14
|
|move|p1a: Keldeo|Calm Mind|p1a: Keldeo
|-boost|p1a: Keldeo|spa|1
|-boost|p1a: Keldeo|spd|1
|move|p2a: Sableye|Calm Mind|p2a: Sableye
|-boost|p2a: Sableye|spa|1
|-boost|p2a: Sableye|spd|1
|
|-heal|p1a: Keldeo|323\/323|[from] item: Leftovers
|turn|15
|
|move|p1a: Keldeo|Scald|p2a: Sableye
|-damage|p2a: Sableye|137\/304
|-status|p2a: Sableye|brn
|move|p2a: Sableye|Calm Mind|p2a: Sableye
|-boost|p2a: Sableye|spa|1
|-boost|p2a: Sableye|spd|1
|
|-damage|p2a: Sableye|99\/304 brn|[from] brn
|turn|16
|
|move|p1a: Keldeo|Calm Mind|p1a: Keldeo
|-boost|p1a: Keldeo|spa|1
|-boost|p1a: Keldeo|spd|1
|move|p2a: Sableye|Recover|p2a: Sableye
|-heal|p2a: Sableye|251\/304 brn
|
|-damage|p2a: Sableye|213\/304 brn|[from] brn
|turn|17
|
|move|p1a: Keldeo|Calm Mind|p1a: Keldeo
|-boost|p1a: Keldeo|spa|1
|-boost|p1a: Keldeo|spd|1
|move|p2a: Sableye|Dark Pulse|p1a: Keldeo
|-resisted|p1a: Keldeo
|-activate|p1a: Keldeo|Substitute|[damage]
|
|-damage|p2a: Sableye|175\/304 brn|[from] brn
|turn|18
|
|move|p1a: Keldeo|Calm Mind|p1a: Keldeo
|-boost|p1a: Keldeo|spa|1
|-boost|p1a: Keldeo|spd|1
|move|p2a: Sableye|Dark Pulse|p1a: Keldeo
|-resisted|p1a: Keldeo
|-end|p1a: Keldeo|Substitute
|
|-damage|p2a: Sableye|137\/304 brn|[from] brn
|turn|19
|
|move|p1a: Keldeo|Substitute|p1a: Keldeo
|-start|p1a: Keldeo|Substitute
|-damage|p1a: Keldeo|243\/323
|move|p2a: Sableye|Recover|p2a: Sableye
|-heal|p2a: Sableye|289\/304 brn
|
|-heal|p1a: Keldeo|263\/323|[from] item: Leftovers
|-damage|p2a: Sableye|251\/304 brn|[from] brn
|turn|20
|
|move|p1a: Keldeo|Scald|p2a: Sableye
|-damage|p2a: Sableye|136\/304 brn
|move|p2a: Sableye|Dark Pulse|p1a: Keldeo
|-resisted|p1a: Keldeo
|-activate|p1a: Keldeo|Substitute|[damage]
|
|-heal|p1a: Keldeo|283\/323|[from] item: Leftovers
|-damage|p2a: Sableye|98\/304 brn|[from] brn
|turn|21
|
|move|p1a: Keldeo|Scald|p2a: Sableye
|-damage|p2a: Sableye|0 fnt
|faint|p2a: Sableye
|
|-heal|p1a: Keldeo|303\/323|[from] item: Leftovers
|
|switch|p2a: Gengar|Gengar, M, shiny|261\/261
|turn|22
|
|move|p2a: Gengar|Dazzling Gleam|p1a: Keldeo
|-supereffective|p1a: Keldeo
|-end|p1a: Keldeo|Substitute
|move|p1a: Keldeo|Scald|p2a: Gengar
|-damage|p2a: Gengar|0 fnt
|faint|p2a: Gengar
|
|-heal|p1a: Keldeo|323\/323|[from] item: Leftovers
|
|switch|p2a: Thundurus|Thundurus, M, shiny|299\/299
|turn|23
|
|move|p2a: Thundurus|Thunderbolt|p1a: Keldeo
|-crit|p1a: Keldeo
|-supereffective|p1a: Keldeo
|-damage|p1a: Keldeo|0 fnt
|-damage|p2a: Thundurus|270\/299|[from] item: Life Orb
|faint|p1a: Keldeo
|
|
|switch|p1a: Tyranitar|Tyranitar, M|341\/341
|-weather|Sandstorm
|turn|24
|
|move|p1a: Tyranitar|Stone Edge|p2a: Thundurus|[miss]
|-miss|p1a: Tyranitar|p2a: Thundurus
|move|p2a: Thundurus|Superpower|p1a: Tyranitar
|-supereffective|p1a: Tyranitar
|-damage|p1a: Tyranitar|0 fnt
|-unboost|p2a: Thundurus|atk|1
|-unboost|p2a: Thundurus|def|1
|-damage|p2a: Thundurus|241\/299|[from] item: Life Orb
|faint|p1a: Tyranitar
|
|-weather|Sandstorm|[upkeep]
|-damage|p2a: Thundurus|223\/299|[from] sandstorm
|c|âhardekern|omg
|
|switch|p1a: Raikou|Raikou, shiny|321\/321
|-ability|p1a: Raikou|Pressure
|turn|25
|
|switch|p2a: Heatran|Heatran, M, shiny|386\/386
|move|p1a: Raikou|Volt Switch|p2a: Heatran
|-damage|p2a: Heatran|310\/386
|
|switch|p1a: Landorus-Therian|Landorus-Therian, M|377\/377
|-ability|p1a: Landorus-Therian|Intimidate|[of] p2a: Heatran
|-unboost|p2a: Heatran|atk|1
|
|-weather|Sandstorm|[upkeep]
|-heal|p2a: Heatran|334\/386|[from] item: Leftovers
|turn|26
|
|move|p1a: Landorus-Therian|Stealth Rock|p2a: Heatran
|-sidestart|p2: arnelo2012|move: Stealth Rock
|move|p2a: Heatran|Lava Plume|p1a: Landorus-Therian
|-damage|p1a: Landorus-Therian|236\/377
|
|-weather|Sandstorm|[upkeep]
|-heal|p1a: Landorus-Therian|259\/377|[from] item: Leftovers
|-heal|p2a: Heatran|358\/386|[from] item: Leftovers
|turn|27
|
|switch|p2a: Thundurus|Thundurus, M, shiny|223\/299
|-damage|p2a: Thundurus|149\/299|[from] Stealth Rock
|move|p1a: Landorus-Therian|Earthquake|p2a: Thundurus
|-immune|p2a: Thundurus|[msg]
|
|-weather|Sandstorm|[upkeep]
|-damage|p2a: Thundurus|131\/299|[from] sandstorm
|-heal|p1a: Landorus-Therian|282\/377|[from] item: Leftovers
|turn|28
|
|switch|p1a: Latias|Latias, F|319\/319
|move|p2a: Thundurus|Hidden Power|p1a: Latias
|-supereffective|p1a: Latias
|-damage|p1a: Latias|173\/319
|-damage|p2a: Thundurus|102\/299|[from] item: Life Orb
|
|-weather|none
|turn|29
|
|move|p2a: Thundurus|Knock Off|p1a: Latias
|-supereffective|p1a: Latias
|-damage|p1a: Latias|0 fnt
|-enditem|p1a: Latias|Life Orb|[from] move: Knock Off|[of] p2a: Thundurus
|-damage|p2a: Thundurus|73\/299|[from] item: Life Orb
|faint|p1a: Latias
|
|
|switch|p1a: Raikou|Raikou, shiny|321\/321
|-ability|p1a: Raikou|Pressure
|turn|30
|
|move|p1a: Raikou|Thunderbolt|p2a: Thundurus
|-damage|p2a: Thundurus|0 fnt
|faint|p2a: Thundurus
|
|
|switch|p2a: Heatran|Heatran, M, shiny|358\/386
|-damage|p2a: Heatran|310\/386|[from] Stealth Rock
|turn|31
|
|move|p1a: Raikou|Thunderbolt|p2a: Heatran
|-damage|p2a: Heatran|213\/386
|move|p2a: Heatran|Lava Plume|p1a: Raikou
|-damage|p1a: Raikou|243\/321
|
|-heal|p2a: Heatran|237\/386|[from] item: Leftovers
|turn|32
|
|move|p1a: Raikou|Thunderbolt|p2a: Heatran
|-damage|p2a: Heatran|140\/386
|move|p2a: Heatran|Lava Plume|p1a: Raikou
|-damage|p1a: Raikou|167\/321
|
|-heal|p2a: Heatran|164\/386|[from] item: Leftovers
|turn|33
|
|move|p1a: Raikou|Thunderbolt|p2a: Heatran
|-crit|p2a: Heatran
|-damage|p2a: Heatran|17\/386
|move|p2a: Heatran|Lava Plume|p1a: Raikou
|-damage|p1a: Raikou|85\/321
|
|-heal|p2a: Heatran|41\/386|[from] item: Leftovers
|turn|34
|c|âhardekern|gg
|
|move|p1a: Raikou|Thunderbolt|p2a: Heatran
|-damage|p2a: Heatran|0 fnt
|faint|p2a: Heatran
|
|win|hardekern
|raw|Ladder updating...
|c|âarnelo2012|gg