|join|foncused
|join|arnelo2012
|player|p1|foncused|170
|player|p2|arnelo2012|43
|gametype|singles
|gen|6
|tier|OU
|rated
|clearpoke
|poke|p1|Heracross, F
|poke|p1|Lopunny, M
|poke|p1|Infernape, M
|poke|p1|Latios, M
|poke|p1|Raikou
|poke|p1|Landorus-Therian, M
|poke|p2|Heatran, M, shiny
|poke|p2|Bisharp, F, shiny
|poke|p2|Azumarill, F, shiny
|poke|p2|Sableye, F, shiny
|poke|p2|Thundurus, M, shiny
|poke|p2|Gengar, F, shiny
|rule|Swagger Clause: Swagger is banned
|rule|Baton Pass Clause: Limit one PokÃ©mon knowing Baton Pass
|rule|Sleep Clause Mod: Limit one foe put to sleep
|rule|Species Clause: Limit one of each PokÃ©mon
|rule|OHKO Clause: OHKO moves are banned
|rule|Moody Clause: Moody is banned
|rule|Evasion Moves Clause: Evasion moves are banned
|rule|Endless Battle Clause: Forcing endless battles is banned
|rule|HP Percentage Mod: HP is shown in percentages
|teampreview
|
|start
|switch|p1a: Lopunny|Lopunny, M|271\/271
|switch|p2a: Heatran|Heatran, M, shiny|386\/386
|turn|1
|
|switch|p2a: Gengar|Gengar, F, shiny|261\/261
|detailschange|p1a: Lopunny|Lopunny-Mega, M
|-mega|p1a: Lopunny|Lopunny|Lopunnite
|move|p1a: Lopunny|Fake Out|p2a: Gengar
|-damage|p2a: Gengar|143\/261
|
|turn|2
|
|move|p2a: Gengar|Dazzling Gleam|p1a: Lopunny
|-supereffective|p1a: Lopunny
|-damage|p1a: Lopunny|43\/271
|move|p1a: Lopunny|Return|p2a: Gengar
|-damage|p2a: Gengar|0 fnt
|faint|p2a: Gengar
|
|
|switch|p2a: Azumarill|Azumarill, F, shiny|364\/364
|turn|3
|
|switch|p1a: Latios|Latios, M|301\/301
|move|p2a: Azumarill|Aqua Jet|p1a: Latios
|-resisted|p1a: Latios
|-damage|p1a: Latios|249\/301
|
|turn|4
|
|move|p1a: Latios|Psyshock|p2a: Azumarill
|-damage|p2a: Azumarill|156\/364
|-damage|p1a: Latios|219\/301|[from] item: Life Orb
|-enditem|p2a: Azumarill|Sitrus Berry|[eat]
|-heal|p2a: Azumarill|247\/364|[from] item: Sitrus Berry
|move|p2a: Azumarill|Play Rough|p1a: Latios
|-supereffective|p1a: Latios
|-damage|p1a: Latios|0 fnt
|faint|p1a: Latios
|
|
|switch|p1a: Raikou|Raikou|321\/321
|-ability|p1a: Raikou|Pressure
|turn|5
|
|switch|p2a: Heatran|Heatran, M, shiny|386\/386
|move|p1a: Raikou|Volt Switch|p2a: Heatran
|-damage|p2a: Heatran|311\/386
|
|switch|p1a: Heracross|Heracross, F|308\/308
|
|-heal|p2a: Heatran|335\/386|[from] item: Leftovers
|turn|6
|
|switch|p2a: Thundurus|Thundurus, M, shiny|299\/299
|move|p1a: Heracross|Megahorn|p2a: Thundurus
|-resisted|p2a: Thundurus
|-damage|p2a: Thundurus|71\/299
|
|turn|7
|
|move|p2a: Thundurus|Thunderbolt|p1a: Heracross
|-damage|p1a: Heracross|117\/308
|-damage|p2a: Thundurus|42\/299|[from] item: Life Orb
|move|p1a: Heracross|Megahorn|p2a: Thundurus
|-resisted|p2a: Thundurus
|-damage|p2a: Thundurus|0 fnt
|faint|p2a: Thundurus
|
|
|switch|p2a: Sableye|Sableye, F, shiny|304\/304
|turn|8
|
|detailschange|p2a: Sableye|Sableye-Mega, F, shiny
|-mega|p2a: Sableye|Sableye|Sablenite
|move|p2a: Sableye|Will-O-Wisp|p1a: Heracross
|-status|p1a: Heracross|brn
|move|p1a: Heracross|Megahorn|p2a: Sableye
|-damage|p2a: Sableye|0 fnt
|faint|p2a: Sableye
|
|-damage|p1a: Heracross|79\/308 brn|[from] brn
|
|switch|p2a: Azumarill|Azumarill, F, shiny|247\/364
|turn|9
|
|move|p2a: Azumarill|Aqua Jet|p1a: Heracross
|-damage|p1a: Heracross|0 fnt
|faint|p1a: Heracross
|
|
|switch|p1a: Raikou|Raikou|321\/321
|-ability|p1a: Raikou|Pressure
|turn|10
|
|move|p1a: Raikou|Volt Switch|p2a: Azumarill
|-crit|p2a: Azumarill
|-supereffective|p2a: Azumarill
|-damage|p2a: Azumarill|0 fnt
|faint|p2a: Azumarill
|
|switch|p1a: Landorus-Therian|Landorus-Therian, M|319\/319
|
|
|switch|p2a: Bisharp|Bisharp, F, shiny|271\/271
|turn|11
|
|move|p1a: Landorus-Therian|Earthquake|p2a: Bisharp
|-supereffective|p2a: Bisharp
|-damage|p2a: Bisharp|0 fnt
|faint|p2a: Bisharp
|
|-message|arnelo2012 forfeited.
|
|win|foncused
|raw|Ladder updating...
|leave|arnelo2012
|player|p2
|raw|foncused's rating: 1408 &rarr; <strong>1431<\/strong><br \/>(+23 for winning)
|raw|arnelo2012's rating: 1452 &rarr; <strong>1430<\/strong><br \/>(-22 for losing)