|join|Lord Rhodes
|join|arnelo2012
|player|p1|Lord Rhodes|282
|player|p2|arnelo2012|43
|gametype|singles
|gen|6
|tier|OU
|rated
|clearpoke
|poke|p1|Pinsir, M
|poke|p1|Latias, F
|poke|p1|Jirachi
|poke|p1|Heatran, F
|poke|p1|Gliscor, M
|poke|p1|Thundurus, M
|poke|p2|Slowbro, F, shiny
|poke|p2|Talonflame, F, shiny
|poke|p2|Bisharp, M, shiny
|poke|p2|Lopunny, F, shiny
|poke|p2|Latios, M, shiny
|poke|p2|Landorus-Therian, M, shiny
|rule|Swagger Clause: Swagger is banned
|rule|Baton Pass Clause: Limit one PokÃ©mon knowing Baton Pass
|rule|Sleep Clause Mod: Limit one foe put to sleep
|rule|Species Clause: Limit one of each PokÃ©mon
|rule|OHKO Clause: OHKO moves are banned
|rule|Moody Clause: Moody is banned
|rule|Evasion Moves Clause: Evasion moves are banned
|rule|Endless Battle Clause: Forcing endless battles is banned
|rule|HP Percentage Mod: HP is shown in percentages
|teampreview
|c|âLord Rhodes|hello
|
|start
|switch|p1a: Jirachi|Jirachi|404\/404
|switch|p2a: Lopunny|Lopunny, F, shiny|271\/271
|turn|1
|join|Scraftonite
|
|detailschange|p2a: Lopunny|Lopunny-Mega, F, shiny
|-mega|p2a: Lopunny|Lopunny|Lopunnite
|move|p2a: Lopunny|Fake Out|p1a: Jirachi
|-resisted|p1a: Jirachi
|-damage|p1a: Jirachi|362\/404
|cant|p1a: Jirachi|flinch
|
|-heal|p1a: Jirachi|387\/404|[from] item: Leftovers
|turn|2
|
|switch|p2a: Landorus-Therian|Landorus-Therian, M, shiny|320\/320
|-ability|p2a: Landorus-Therian|Intimidate|[of] p1a: Jirachi
|-unboost|p1a: Jirachi|atk|1
|move|p1a: Jirachi|U-turn|p2a: Landorus-Therian
|-resisted|p2a: Landorus-Therian
|-damage|p2a: Landorus-Therian|298\/320
|
|switch|p1a: Gliscor|Gliscor, M|353\/353
|
|-status|p1a: Gliscor|tox|[from] item: Toxic Orb
|turn|3
|
|switch|p2a: Latios|Latios, M, shiny|301\/301
|move|p1a: Gliscor|Knock Off|p2a: Latios
|-supereffective|p2a: Latios
|-damage|p2a: Latios|115\/301
|-enditem|p2a: Latios|Life Orb|[from] move: Knock Off|[of] p1a: Gliscor
|
|turn|4
|
|move|p2a: Latios|Draco Meteor|p1a: Gliscor
|-damage|p1a: Gliscor|154\/353 tox
|-unboost|p2a: Latios|spa|2
|move|p1a: Gliscor|Roost|p1a: Gliscor
|-heal|p1a: Gliscor|331\/353 tox
|
|-heal|p1a: Gliscor|353\/353 tox|[from] ability: Poison Heal
|turn|5
|
|switch|p2a: Lopunny|Lopunny-Mega, F, shiny|271\/271
|move|p1a: Gliscor|Swords Dance|p1a: Gliscor
|-boost|p1a: Gliscor|atk|2
|
|turn|6
|
|move|p2a: Lopunny|Ice Punch|p1a: Gliscor
|-supereffective|p1a: Gliscor
|-damage|p1a: Gliscor|0 fnt
|faint|p1a: Gliscor
|
|
|switch|p1a: Pinsir|Pinsir, M|272\/272
|turn|7
|
|switch|p2a: Landorus-Therian|Landorus-Therian, M, shiny|298\/320
|-ability|p2a: Landorus-Therian|Intimidate|[of] p1a: Pinsir
|-fail|p1a: Pinsir|unboost|Attack|[from] ability: Hyper Cutter|[of] p1a: Pinsir
|detailschange|p1a: Pinsir|Pinsir-Mega, M
|-mega|p1a: Pinsir|Pinsir|Pinsirite
|move|p1a: Pinsir|Return|p2a: Landorus-Therian
|-damage|p2a: Landorus-Therian|1\/320
|
|turn|8
|
|move|p1a: Pinsir|Quick Attack|p2a: Landorus-Therian
|-damage|p2a: Landorus-Therian|0 fnt
|faint|p2a: Landorus-Therian
|
|
|switch|p2a: Talonflame|Talonflame, F, shiny|297\/297
|turn|9
|
|switch|p1a: Heatran|Heatran, F|324\/324
|move|p2a: Talonflame|Brave Bird|p1a: Heatran
|-resisted|p1a: Heatran
|-damage|p1a: Heatran|222\/324
|-damage|p2a: Talonflame|263\/297|[from] recoil|[of] p1a: Heatran
|
|-heal|p1a: Heatran|242\/324|[from] item: Leftovers
|turn|10
|
|switch|p2a: Latios|Latios, M, shiny|115\/301
|move|p1a: Heatran|Stealth Rock|p2a: Latios
|-sidestart|p2: arnelo2012|move: Stealth Rock
|
|-heal|p1a: Heatran|262\/324|[from] item: Leftovers
|turn|11
|
|move|p2a: Latios|Defog|p1a: Heatran
|-unboost|p1a: Heatran|evasion|1
|-sideend|p2: arnelo2012|Stealth Rock|[from] move: Defog|[of] p2a: Latios
|move|p1a: Heatran|Flash Cannon|p2a: Latios
|-damage|p2a: Latios|0 fnt
|faint|p2a: Latios
|
|-heal|p1a: Heatran|282\/324|[from] item: Leftovers
|
|switch|p2a: Lopunny|Lopunny-Mega, F, shiny|271\/271
|turn|12
|
|switch|p1a: Pinsir|Pinsir-Mega, M|272\/272
|move|p2a: Lopunny|High Jump Kick|p1a: Pinsir
|-crit|p1a: Pinsir
|-resisted|p1a: Pinsir
|-damage|p1a: Pinsir|188\/272
|
|turn|13
|
|switch|p2a: Slowbro|Slowbro, F, shiny|394\/394
|move|p1a: Pinsir|Quick Attack|p2a: Slowbro
|-damage|p2a: Slowbro|325\/394
|
|-heal|p2a: Slowbro|349\/394|[from] item: Leftovers
|turn|14
|
|switch|p1a: Jirachi|Jirachi|387\/404
|move|p2a: Slowbro|Scald|p1a: Jirachi
|-damage|p1a: Jirachi|288\/404
|
|-heal|p1a: Jirachi|313\/404|[from] item: Leftovers
|-heal|p2a: Slowbro|373\/394|[from] item: Leftovers
|turn|15
|
|move|p1a: Jirachi|Toxic|p2a: Slowbro
|-status|p2a: Slowbro|tox
|move|p2a: Slowbro|Scald|p1a: Jirachi
|-damage|p1a: Jirachi|219\/404
|
|-heal|p1a: Jirachi|244\/404|[from] item: Leftovers
|-heal|p2a: Slowbro|394\/394 tox|[from] item: Leftovers
|-damage|p2a: Slowbro|370\/394 tox|[from] psn
|turn|16
|
|move|p1a: Jirachi|U-turn|p2a: Slowbro
|-supereffective|p2a: Slowbro
|-damage|p2a: Slowbro|276\/394 tox
|
|switch|p1a: Latias|Latias, F|319\/319
|move|p2a: Slowbro|Scald|p1a: Latias
|-resisted|p1a: Latias
|-damage|p1a: Latias|280\/319
|-status|p1a: Latias|brn
|
|-heal|p2a: Slowbro|300\/394 tox|[from] item: Leftovers
|-damage|p1a: Latias|241\/319 brn|[from] brn
|-damage|p2a: Slowbro|252\/394 tox|[from] psn
|turn|17
|join|Moonwalk Away
|
|switch|p1a: Pinsir|Pinsir-Mega, M|188\/272
|switch|p2a: Bisharp|Bisharp, M, shiny|271\/271
|
|turn|18
|
|move|p1a: Pinsir|Close Combat|p2a: Bisharp
|-supereffective|p2a: Bisharp
|-damage|p2a: Bisharp|0 fnt
|-unboost|p1a: Pinsir|def|1
|-unboost|p1a: Pinsir|spd|1
|faint|p2a: Bisharp
|
|
|switch|p2a: Lopunny|Lopunny-Mega, F, shiny|271\/271
|turn|19
|
|move|p2a: Lopunny|Fake Out|p1a: Pinsir
|-damage|p1a: Pinsir|86\/272
|cant|p1a: Pinsir|flinch
|
|turn|20
|
|switch|p2a: Slowbro|Slowbro, F, shiny|383\/394 tox
|move|p1a: Pinsir|Swords Dance|p1a: Pinsir
|-boost|p1a: Pinsir|atk|2
|
|-heal|p2a: Slowbro|394\/394 tox|[from] item: Leftovers
|-damage|p2a: Slowbro|370\/394 tox|[from] psn
|turn|21
|
|move|p1a: Pinsir|Return|p2a: Slowbro
|-damage|p2a: Slowbro|0 fnt
|faint|p2a: Slowbro
|
|
|switch|p2a: Talonflame|Talonflame, F, shiny|263\/297
|turn|22
|
|switch|p1a: Heatran|Heatran, F|282\/324
|move|p2a: Talonflame|Brave Bird|p1a: Heatran
|-resisted|p1a: Heatran
|-damage|p1a: Heatran|179\/324
|-damage|p2a: Talonflame|229\/297|[from] recoil|[of] p1a: Heatran
|
|-heal|p1a: Heatran|199\/324|[from] item: Leftovers
|turn|23
|c| Moonwalk Away|what a pokegod OML
|
|move|p2a: Talonflame|Swords Dance|p2a: Talonflame
|-boost|p2a: Talonflame|atk|2
|move|p1a: Heatran|Stealth Rock|p2a: Talonflame
|-sidestart|p2: arnelo2012|move: Stealth Rock
|
|-heal|p1a: Heatran|219\/324|[from] item: Leftovers
|turn|24
|
|move|p2a: Talonflame|Brave Bird|p1a: Heatran
|-resisted|p1a: Heatran
|-damage|p1a: Heatran|11\/324
|-damage|p2a: Talonflame|160\/297|[from] recoil|[of] p1a: Heatran
|move|p1a: Heatran|Lava Plume|p2a: Talonflame
|-resisted|p2a: Talonflame
|-damage|p2a: Talonflame|64\/297
|
|-heal|p1a: Heatran|31\/324|[from] item: Leftovers
|turn|25
|
|move|p2a: Talonflame|Roost|p2a: Talonflame
|-heal|p2a: Talonflame|213\/297
|move|p1a: Heatran|Earth Power|p2a: Talonflame
|-supereffective|p2a: Talonflame
|-damage|p2a: Talonflame|0 fnt
|faint|p2a: Talonflame
|
|-heal|p1a: Heatran|51\/324|[from] item: Leftovers
|c| Scraftonite|Nice.
|
|switch|p2a: Lopunny|Lopunny-Mega, F, shiny|271\/271
|-damage|p2a: Lopunny|255\/271|[from] Stealth Rock
|turn|26
|
|move|p2a: Lopunny|High Jump Kick|p1a: Heatran|[miss]
|-miss|p2a: Lopunny|p1a: Heatran
|-damage|p2a: Lopunny|120\/271|[from] highjumpkick
|move|p1a: Heatran|Lava Plume|p2a: Lopunny
|-damage|p2a: Lopunny|0 fnt
|faint|p2a: Lopunny
|
|win|Lord Rhodes
|raw|Ladder updating...
|raw|Lord Rhodes's rating: 1576 &rarr; <strong>1597<\/strong><br \/>(+21 for winning)
|raw|arnelo2012's rating: 1594 &rarr; <strong>1573<\/strong><br \/>(-21 for losing)
|c| Moonwalk Away|aiiiiiight that's too much
|c| Moonwalk Away|LOOOOL
|c|âLord Rhodes|gg !
|leave|arnelo2012