|join|RustyEspur
|join|ccc megamence ccc
|player|p1|RustyEspur|172
|player|p2|ccc megamence ccc|10
|gametype|singles
|gen|6
|tier|ORAS OU
|rated
|rule|Sleep Clause Mod: Limit one foe put to sleep
|rule|Species Clause: Limit one of each PokÃ©mon
|rule|OHKO Clause: OHKO moves are banned
|rule|Moody Clause: Moody is banned
|rule|Evasion Moves Clause: Evasion moves are banned
|rule|Endless Battle Clause: Forcing endless battles is banned
|rule|HP Percentage Mod: HP is shown in percentages
|clearpoke
|poke|p1|Mamoswine, F
|poke|p1|Ditto
|poke|p1|Scizor, F
|poke|p1|Latios, M
|poke|p1|Keldeo
|poke|p1|Garchomp, F
|poke|p2|Salamence, M, shiny
|poke|p2|Conkeldurr, M, shiny
|poke|p2|Heatran, M, shiny
|poke|p2|Magnezone, shiny
|poke|p2|Latias, F, shiny
|poke|p2|Ferrothorn, F, shiny
|rule|Swagger Clause: Swagger is banned
|rule|Baton Pass Clause: Limit one PokÃ©mon knowing Baton Pass
|teampreview
|
|start
|switch|p1a: Latios|Latios, M|301\/301
|switch|p2a: Derpl Zork|Magnezone, shiny|282\/282
|turn|1
|
|switch|p1a: Ifightformyfrens|Mamoswine, F|361\/361
|move|p2a: Derpl Zork|Volt Switch|p1a: Ifightformyfrens
|-immune|p1a: Ifightformyfrens|[msg]
|
|turn|2
|
|switch|p2a: Selim Usta|Conkeldurr, M, shiny|351\/351
|move|p1a: Ifightformyfrens|Icicle Crash|p2a: Selim Usta
|-damage|p2a: Selim Usta|113\/351
|-damage|p1a: Ifightformyfrens|325\/361|[from] item: Life Orb
|
|turn|3
|
|switch|p1a: Scizor|Scizor, F|343\/343
|move|p2a: Selim Usta|Mach Punch|p1a: Scizor
|-damage|p1a: Scizor|268\/343
|
|turn|4
|
|switch|p2a: Derpl Zork|Magnezone, shiny|282\/282
|detailschange|p1a: Scizor|Scizor-Mega, F
|message|Scizor has Mega Evolved into Mega Scizor!
|move|p1a: Scizor|Knock Off|p2a: Derpl Zork
|-damage|p2a: Derpl Zork|178\/282
|-enditem|p2a: Derpl Zork|Choice Scarf|[from] move: Knock Off|[of] p1a: Scizor
|
|turn|5
|
|move|p2a: Derpl Zork|Hidden Power|p1a: Scizor
|-supereffective|p1a: Scizor
|-damage|p1a: Scizor|12\/343
|move|p1a: Scizor|Knock Off|p2a: Derpl Zork
|-damage|p2a: Derpl Zork|106\/282
|
|turn|6
|
|move|p1a: Scizor|Bullet Punch|p2a: Derpl Zork
|-resisted|p2a: Derpl Zork
|-damage|p2a: Derpl Zork|81\/282
|move|p2a: Derpl Zork|Hidden Power|p1a: Scizor
|-supereffective|p1a: Scizor
|-damage|p1a: Scizor|0 fnt
|faint|p1a: Scizor
|
|
|switch|p1a: Ifightformyfrens|Mamoswine, F|325\/361
|turn|7
|
|move|p1a: Ifightformyfrens|Icicle Crash|p2a: Derpl Zork
|-resisted|p2a: Derpl Zork
|-damage|p2a: Derpl Zork|0 fnt
|-damage|p1a: Ifightformyfrens|289\/361|[from] item: Life Orb
|faint|p2a: Derpl Zork
|
|
|switch|p2a: Selim Usta|Conkeldurr, M, shiny|113\/351
|turn|8
|
|move|p1a: Ifightformyfrens|Earthquake|p2a: Selim Usta
|-damage|p2a: Selim Usta|0 fnt
|-damage|p1a: Ifightformyfrens|253\/361|[from] item: Life Orb
|faint|p2a: Selim Usta
|
|
|switch|p2a: ILLUMINATI|Ferrothorn, F, shiny|352\/352
|turn|9
|
|move|p1a: Ifightformyfrens|Earthquake|p2a: ILLUMINATI
|-damage|p2a: ILLUMINATI|199\/352
|-damage|p1a: Ifightformyfrens|217\/361|[from] item: Life Orb
|move|p2a: ILLUMINATI|Leech Seed|p1a: Ifightformyfrens
|-start|p1a: Ifightformyfrens|move: Leech Seed
|
|-heal|p2a: ILLUMINATI|221\/352|[from] item: Leftovers
|-damage|p1a: Ifightformyfrens|172\/361|[from] Leech Seed|[of] p2a: ILLUMINATI
|-heal|p2a: ILLUMINATI|266\/352|[silent]
|turn|10
|
|move|p1a: Ifightformyfrens|Superpower|p2a: ILLUMINATI
|-supereffective|p2a: ILLUMINATI
|-damage|p2a: ILLUMINATI|14\/352
|-damage|p1a: Ifightformyfrens|127\/361|[from] ability: Iron Barbs|[of] p2a: ILLUMINATI
|-unboost|p1a: Ifightformyfrens|atk|1
|-unboost|p1a: Ifightformyfrens|def|1
|-damage|p1a: Ifightformyfrens|91\/361|[from] item: Life Orb
|move|p2a: ILLUMINATI|Power Whip|p1a: Ifightformyfrens
|-supereffective|p1a: Ifightformyfrens
|-damage|p1a: Ifightformyfrens|0 fnt
|faint|p1a: Ifightformyfrens
|
|-heal|p2a: ILLUMINATI|36\/352|[from] item: Leftovers
|
|switch|p1a: Keldeo|Keldeo|323\/323
|turn|11
|
|switch|p2a: not a mega|Latias, F, shiny|364\/364
|move|p1a: Keldeo|Secret Sword|p2a: not a mega
|-resisted|p2a: not a mega
|-damage|p2a: not a mega|277\/364
|
|-heal|p2a: not a mega|299\/364|[from] item: Leftovers
|turn|12
|
|switch|p1a: Ditto|Ditto|300\/300
|-transform|p1a: Ditto|p2a: not a mega
|move|p2a: not a mega|Wish|p2a: not a mega
|
|-heal|p2a: not a mega|321\/364|[from] item: Leftovers
|turn|13
|
|switch|p2a: ILLUMINATI|Ferrothorn, F, shiny|36\/352
|switch|p1a: Keldeo|Keldeo|323\/323
|
|-heal|p2a: ILLUMINATI|218\/352|[from] move: Wish|[wisher] not a mega
|-heal|p2a: ILLUMINATI|240\/352|[from] item: Leftovers
|turn|14
|
|switch|p2a: not a mega|Latias, F, shiny|321\/364
|move|p1a: Keldeo|Secret Sword|p2a: not a mega
|-resisted|p2a: not a mega
|-damage|p2a: not a mega|234\/364
|
|-heal|p2a: not a mega|256\/364|[from] item: Leftovers
|turn|15
|
|switch|p1a: Ditto|Ditto|300\/300
|-transform|p1a: Ditto|p2a: not a mega
|move|p2a: not a mega|Draco Meteor|p1a: Ditto
|-supereffective|p1a: Ditto
|-damage|p1a: Ditto|12\/300
|-unboost|p2a: not a mega|spa|2
|
|-heal|p2a: not a mega|278\/364|[from] item: Leftovers
|turn|16
|
|switch|p2a: ILLUMINATI|Ferrothorn, F, shiny|240\/352
|move|p1a: Ditto|Wish|p1a: Ditto
|
|-heal|p2a: ILLUMINATI|262\/352|[from] item: Leftovers
|turn|17
|
|move|p1a: Ditto|Surf|p2a: ILLUMINATI
|-resisted|p2a: ILLUMINATI
|-damage|p2a: ILLUMINATI|230\/352
|move|p2a: ILLUMINATI|Power Whip|p1a: Ditto
|-resisted|p1a: Ditto
|-damage|p1a: Ditto|0 fnt
|faint|p1a: Ditto
|
|-heal|p2a: ILLUMINATI|252\/352|[from] item: Leftovers
|
|switch|p1a: Keldeo|Keldeo|323\/323
|turn|18
|
|switch|p2a: not a mega|Latias, F, shiny|278\/364
|move|p1a: Keldeo|Icy Wind|p2a: not a mega
|-supereffective|p2a: not a mega
|-damage|p2a: not a mega|148\/364
|-unboost|p2a: not a mega|spe|1
|
|-heal|p2a: not a mega|170\/364|[from] item: Leftovers
|turn|19
|
|move|p2a: not a mega|Protect|p2a: not a mega
|-singleturn|p2a: not a mega|Protect
|move|p1a: Keldeo|Icy Wind|p2a: not a mega
|-activate|p2a: not a mega|Protect
|
|-heal|p2a: not a mega|192\/364|[from] item: Leftovers
|turn|20
|
|move|p1a: Keldeo|Icy Wind|p2a: not a mega
|-supereffective|p2a: not a mega
|-damage|p2a: not a mega|74\/364
|-unboost|p2a: not a mega|spe|1
|move|p2a: not a mega|Wish|p2a: not a mega
|
|-heal|p2a: not a mega|96\/364|[from] item: Leftovers
|turn|21
|
|move|p2a: not a mega|Protect|p2a: not a mega
|-singleturn|p2a: not a mega|Protect
|move|p1a: Keldeo|Icy Wind|p2a: not a mega
|-activate|p2a: not a mega|Protect
|
|-heal|p2a: not a mega|278\/364|[from] move: Wish|[wisher] not a mega
|-heal|p2a: not a mega|300\/364|[from] item: Leftovers
|turn|22
|
|switch|p2a: refrigerator|Heatran, M, shiny|323\/323
|move|p1a: Keldeo|Icy Wind|p2a: refrigerator
|-resisted|p2a: refrigerator
|-damage|p2a: refrigerator|308\/323
|-unboost|p2a: refrigerator|spe|1
|
|turn|23
|
|move|p1a: Keldeo|Secret Sword|p2a: refrigerator
|-supereffective|p2a: refrigerator
|-damage|p2a: refrigerator|0 fnt
|faint|p2a: refrigerator
|
|c|âccc megamence ccc|shit
|c|âccc megamence ccc|I thought you were scarved the whole time
|
|switch|p2a: not a mega|Latias, F, shiny|300\/364
|turn|24
|
|switch|p1a: Latios|Latios, M|301\/301
|move|p2a: not a mega|Draco Meteor|p1a: Latios
|-crit|p1a: Latios
|-supereffective|p1a: Latios
|-damage|p1a: Latios|0 fnt
|-unboost|p2a: not a mega|spa|2
|faint|p1a: Latios
|
|-heal|p2a: not a mega|322\/364|[from] item: Leftovers
|
|switch|p1a: Garchomp|Garchomp, F|358\/358
|turn|25
|
|switch|p2a: ILLUMINATI|Ferrothorn, F, shiny|252\/352
|move|p1a: Garchomp|Swords Dance|p1a: Garchomp
|-boost|p1a: Garchomp|atk|2
|
|-heal|p2a: ILLUMINATI|274\/352|[from] item: Leftovers
|turn|26
|
|move|p1a: Garchomp|Earthquake|p2a: ILLUMINATI
|-damage|p2a: ILLUMINATI|69\/352
|move|p2a: ILLUMINATI|Power Whip|p1a: Garchomp|[miss]
|-miss|p2a: ILLUMINATI|p1a: Garchomp
|
|-heal|p2a: ILLUMINATI|91\/352|[from] item: Leftovers
|turn|27
|
|switch|p2a: GET REKT|Salamence, M, shiny|331\/331
|-ability|p2a: GET REKT|Intimidate|[of] p1a: Garchomp
|-unboost|p1a: Garchomp|atk|1
|move|p1a: Garchomp|Earthquake|p2a: GET REKT
|-immune|p2a: GET REKT|[msg]
|
|turn|28
|
|switch|p2a: ILLUMINATI|Ferrothorn, F, shiny|91\/352
|move|p1a: Garchomp|Earthquake|p2a: ILLUMINATI
|-damage|p2a: ILLUMINATI|0 fnt
|faint|p2a: ILLUMINATI
|
|
|switch|p2a: not a mega|Latias, F, shiny|322\/364
|turn|29
|
|move|p2a: not a mega|Draco Meteor|p1a: Garchomp
|-supereffective|p1a: Garchomp
|-enditem|p1a: Garchomp|Focus Sash
|-damage|p1a: Garchomp|1\/358
|-unboost|p2a: not a mega|spa|2
|move|p1a: Garchomp|Outrage|p2a: not a mega
|-supereffective|p2a: not a mega
|-damage|p2a: not a mega|0 fnt
|faint|p2a: not a mega
|
|c|âRustyEspur|:ooo
|
|switch|p2a: GET REKT|Salamence, M, shiny|331\/331
|-ability|p2a: GET REKT|Intimidate|[of] p1a: Garchomp
|-unboost|p1a: Garchomp|atk|1
|turn|30
|c|âccc megamence ccc|I'm sorry
|c|âccc megamence ccc|but who the fuck uses sashchomp
|c|âccc megamence ccc|:(
|c|âRustyEspur|:[
|
|detailschange|p2a: GET REKT|Salamence-Mega, M, shiny
|message|Salamence has Mega Evolved into Mega Salamence!
|move|p1a: Garchomp|Outrage|p2a: GET REKT
|-supereffective|p2a: GET REKT
|-damage|p2a: GET REKT|0 fnt
|faint|p2a: GET REKT
|
|win|RustyEspur
|raw|Ladder updating...
|raw|RustyEspur's rating: 1483 &rarr; <strong>1502<\/strong><br \/>(+19 for winning)
|raw|ccc megamence ccc's rating: 1454 &rarr; <strong>1436<\/strong><br \/>(-18 for losing)
|c|âRustyEspur|me
|c|âRustyEspur|lol
|c|âccc megamence ccc|:D
|c|âccc megamence ccc|gg
|c|âRustyEspur|predictions saved me
|c|âRustyEspur|gg
|leave|ccc megamence ccc
|player|p2