|join|JSteele
|join|RustyEspur
|player|p1|JSteele|109
|player|p2|RustyEspur|172
|gametype|singles
|gen|6
|tier|ORAS OU
|rated
|rule|Sleep Clause Mod: Limit one foe put to sleep
|rule|Species Clause: Limit one of each PokÃ©mon
|rule|OHKO Clause: OHKO moves are banned
|rule|Moody Clause: Moody is banned
|rule|Evasion Moves Clause: Evasion moves are banned
|rule|Endless Battle Clause: Forcing endless battles is banned
|rule|HP Percentage Mod: HP is shown in percentages
|clearpoke
|poke|p1|Salamence, F
|poke|p1|Heatran, F
|poke|p1|Ferrothorn, F
|poke|p1|Rotom-Wash
|poke|p1|Zapdos
|poke|p1|Bisharp, F
|poke|p2|Mamoswine, M
|poke|p2|Ditto
|poke|p2|Scizor, M
|poke|p2|Latios, M
|poke|p2|Keldeo
|poke|p2|Garchomp, M
|rule|Swagger Clause: Swagger is banned
|rule|Baton Pass Clause: Limit one PokÃ©mon knowing Baton Pass
|teampreview
|
|start
|switch|p1a: Heatran|Heatran, F|385\/385
|switch|p2a: Latios|Latios, M|301\/301
|turn|1
|
|move|p2a: Latios|Earthquake|p1a: Heatran
|-supereffective|p1a: Heatran
|-damage|p1a: Heatran|42\/385
|-damage|p2a: Latios|271\/301|[from] item: Life Orb
|move|p1a: Heatran|Toxic|p2a: Latios
|-status|p2a: Latios|tox
|
|-heal|p1a: Heatran|66\/385|[from] item: Leftovers
|-damage|p2a: Latios|253\/301 tox|[from] psn
|turn|2
|
|move|p1a: Heatran|Protect|p1a: Heatran
|-singleturn|p1a: Heatran|Protect
|move|p2a: Latios|Psyshock|p1a: Heatran
|-activate|p1a: Heatran|Protect
|
|-heal|p1a: Heatran|90\/385|[from] item: Leftovers
|-damage|p2a: Latios|217\/301 tox|[from] psn
|turn|3
|
|switch|p1a: Ferrothorn|Ferrothorn, F|352\/352
|move|p2a: Latios|Draco Meteor|p1a: Ferrothorn
|-resisted|p1a: Ferrothorn
|-damage|p1a: Ferrothorn|243\/352
|-unboost|p2a: Latios|spa|2
|-damage|p2a: Latios|187\/301 tox|[from] item: Life Orb
|
|-heal|p1a: Ferrothorn|265\/352|[from] item: Leftovers
|-damage|p2a: Latios|133\/301 tox|[from] psn
|turn|4
|
|switch|p2a: Keldeo|Keldeo|323\/323
|move|p1a: Ferrothorn|Leech Seed|p2a: Keldeo
|-start|p2a: Keldeo|move: Leech Seed
|
|-heal|p1a: Ferrothorn|287\/352|[from] item: Leftovers
|-damage|p2a: Keldeo|283\/323|[from] Leech Seed|[of] p1a: Ferrothorn
|-heal|p1a: Ferrothorn|327\/352|[silent]
|turn|5
|
|switch|p1a: Rotom-Wash|Rotom-Wash|303\/303
|move|p2a: Keldeo|Secret Sword|p1a: Rotom-Wash
|-damage|p1a: Rotom-Wash|195\/303
|
|-heal|p1a: Rotom-Wash|213\/303|[from] item: Leftovers
|-damage|p2a: Keldeo|243\/323|[from] Leech Seed|[of] p1a: Rotom-Wash
|-heal|p1a: Rotom-Wash|253\/303|[silent]
|turn|6
|
|switch|p2a: Ditto|Ditto|300\/300
|-transform|p2a: Ditto|p1a: Rotom-Wash
|move|p1a: Rotom-Wash|Volt Switch|p2a: Ditto
|-damage|p2a: Ditto|224\/300
|
|switch|p1a: Ferrothorn|Ferrothorn, F|327\/352
|
|-heal|p1a: Ferrothorn|349\/352|[from] item: Leftovers
|turn|7
|
|switch|p1a: Heatran|Heatran, F|90\/385
|move|p2a: Ditto|Will-O-Wisp|p1a: Heatran
|-start|p1a: Heatran|ability: Flash Fire
|
|-heal|p1a: Heatran|114\/385|[from] item: Leftovers
|turn|8
|
|move|p2a: Ditto|Hydro Pump|p1a: Heatran
|-supereffective|p1a: Heatran
|-damage|p1a: Heatran|0 fnt
|faint|p1a: Heatran
|
|c|âJSteele|a ditto with no scarf?
|c|âJSteele|what kind of sorcery is this
|c|âRustyEspur|yea
|c|âRustyEspur|its holding an oran berry
|
|switch|p1a: Bisharp|Bisharp, F|272\/272
|turn|9
|c|âJSteele|i see.
|
|move|p1a: Bisharp|Knock Off|p2a: Ditto
|-damage|p2a: Ditto|41\/300
|-enditem|p2a: Ditto|Expert Belt|[from] move: Knock Off|[of] p1a: Bisharp
|-damage|p1a: Bisharp|245\/272|[from] item: Life Orb
|move|p2a: Ditto|Will-O-Wisp|p1a: Bisharp
|-status|p1a: Bisharp|brn
|
|-damage|p1a: Bisharp|211\/272 brn|[from] brn
|turn|10
|c|âJSteele|bulkiest ditto of all time
|
|switch|p2a: Scizor|Scizor, M|343\/343
|move|p1a: Bisharp|Swords Dance|p1a: Bisharp
|-boost|p1a: Bisharp|atk|2
|
|-damage|p1a: Bisharp|177\/272 brn|[from] brn
|turn|11
|c|âRustyEspur|lol
|
|detailschange|p2a: Scizor|Scizor-Mega, M
|message|Scizor has Mega Evolved into Mega Scizor!
|move|p1a: Bisharp|Knock Off|p2a: Scizor
|-damage|p2a: Scizor|233\/343
|-damage|p1a: Bisharp|150\/272 brn|[from] item: Life Orb
|move|p2a: Scizor|Knock Off|p1a: Bisharp
|-crit|p1a: Bisharp
|-resisted|p1a: Bisharp
|-damage|p1a: Bisharp|71\/272 brn
|-enditem|p1a: Bisharp|Life Orb|[from] move: Knock Off|[of] p2a: Scizor
|
|-damage|p1a: Bisharp|37\/272 brn|[from] brn
|turn|12
|
|move|p1a: Bisharp|Sucker Punch|p2a: Scizor
|-fail|p2a: Scizor
|move|p2a: Scizor|Roost|p2a: Scizor
|-heal|p2a: Scizor|343\/343
|
|-damage|p1a: Bisharp|3\/272 brn|[from] brn
|turn|13
|
|move|p1a: Bisharp|Knock Off|p2a: Scizor
|-damage|p2a: Scizor|252\/343
|move|p2a: Scizor|Knock Off|p1a: Bisharp
|-resisted|p1a: Bisharp
|-damage|p1a: Bisharp|0 fnt
|faint|p1a: Bisharp
|
|
|switch|p1a: Zapdos|Zapdos|384\/384
|-ability|p1a: Zapdos|Pressure
|turn|14
|
|switch|p2a: Ifightformyfrens|Mamoswine, M|361\/361
|move|p1a: Zapdos|Heat Wave|p2a: Ifightformyfrens
|-supereffective|p2a: Ifightformyfrens
|-damage|p2a: Ifightformyfrens|213\/361
|
|turn|15
|
|move|p2a: Ifightformyfrens|Icicle Crash|p1a: Zapdos
|-supereffective|p1a: Zapdos
|-damage|p1a: Zapdos|0 fnt
|-damage|p2a: Ifightformyfrens|177\/361|[from] item: Life Orb
|faint|p1a: Zapdos
|
|
|switch|p1a: Ferrothorn|Ferrothorn, F|349\/352
|turn|16
|
|switch|p2a: Keldeo|Keldeo|243\/323
|move|p1a: Ferrothorn|Leech Seed|p2a: Keldeo
|-start|p2a: Keldeo|move: Leech Seed
|
|-heal|p1a: Ferrothorn|352\/352|[from] item: Leftovers
|-damage|p2a: Keldeo|203\/323|[from] Leech Seed|[of] p1a: Ferrothorn
|turn|17
|
|move|p2a: Keldeo|Secret Sword|p1a: Ferrothorn
|-supereffective|p1a: Ferrothorn
|-damage|p1a: Ferrothorn|107\/352
|move|p1a: Ferrothorn|Thunder Wave|p2a: Keldeo
|-status|p2a: Keldeo|par
|
|-heal|p1a: Ferrothorn|129\/352|[from] item: Leftovers
|-damage|p2a: Keldeo|163\/323 par|[from] Leech Seed|[of] p1a: Ferrothorn
|-heal|p1a: Ferrothorn|169\/352|[silent]
|turn|18
|
|switch|p1a: Rotom-Wash|Rotom-Wash|253\/303
|move|p2a: Keldeo|Icy Wind|p1a: Rotom-Wash
|-resisted|p1a: Rotom-Wash
|-damage|p1a: Rotom-Wash|223\/303
|-unboost|p1a: Rotom-Wash|spe|1
|
|-heal|p1a: Rotom-Wash|241\/303|[from] item: Leftovers
|-damage|p2a: Keldeo|123\/323 par|[from] Leech Seed|[of] p1a: Rotom-Wash
|-heal|p1a: Rotom-Wash|281\/303|[silent]
|turn|19
|
|move|p1a: Rotom-Wash|Will-O-Wisp|p2a: Keldeo
|-fail|p2a: Keldeo
|move|p2a: Keldeo|Secret Sword|p1a: Rotom-Wash
|-damage|p1a: Rotom-Wash|176\/303
|
|-heal|p1a: Rotom-Wash|194\/303|[from] item: Leftovers
|-damage|p2a: Keldeo|83\/323 par|[from] Leech Seed|[of] p1a: Rotom-Wash
|-heal|p1a: Rotom-Wash|234\/303|[silent]
|turn|20
|
|move|p1a: Rotom-Wash|Volt Switch|p2a: Keldeo
|-supereffective|p2a: Keldeo
|-damage|p2a: Keldeo|0 fnt
|faint|p2a: Keldeo
|
|switch|p1a: Ferrothorn|Ferrothorn, F|169\/352
|
|-heal|p1a: Ferrothorn|191\/352|[from] item: Leftovers
|
|switch|p2a: Ifightformyfrens|Mamoswine, M|177\/361
|turn|21
|
|move|p2a: Ifightformyfrens|Superpower|p1a: Ferrothorn
|-supereffective|p1a: Ferrothorn
|-damage|p1a: Ferrothorn|0 fnt
|-damage|p2a: Ifightformyfrens|132\/361|[from] ability: Iron Barbs|[of] p1a: Ferrothorn
|-unboost|p2a: Ifightformyfrens|atk|1
|-unboost|p2a: Ifightformyfrens|def|1
|-damage|p2a: Ifightformyfrens|96\/361|[from] item: Life Orb
|faint|p1a: Ferrothorn
|
|
|switch|p1a: Rotom-Wash|Rotom-Wash|234\/303
|turn|22
|
|switch|p2a: Latios|Latios, M|133\/301 tox
|move|p1a: Rotom-Wash|Volt Switch|p2a: Latios
|-resisted|p2a: Latios
|-damage|p2a: Latios|95\/301 tox
|
|switch|p1a: Salamence|Salamence, F|331\/331
|-ability|p1a: Salamence|Intimidate|[of] p2a: Latios
|-unboost|p2a: Latios|atk|1
|
|-damage|p2a: Latios|77\/301 tox|[from] psn
|turn|23
|
|switch|p1a: Rotom-Wash|Rotom-Wash|234\/303
|move|p2a: Latios|Draco Meteor|p1a: Rotom-Wash
|-damage|p1a: Rotom-Wash|0 fnt
|-unboost|p2a: Latios|spa|2
|-damage|p2a: Latios|47\/301 tox|[from] item: Life Orb
|faint|p1a: Rotom-Wash
|
|-damage|p2a: Latios|11\/301 tox|[from] psn
|
|switch|p1a: Salamence|Salamence, F|331\/331
|-ability|p1a: Salamence|Intimidate|[of] p2a: Latios
|-unboost|p2a: Latios|atk|1
|turn|24
|
|detailschange|p1a: Salamence|Salamence-Mega, F
|message|Salamence has Mega Evolved into Mega Salamence!
|move|p2a: Latios|Draco Meteor|p1a: Salamence
|-supereffective|p1a: Salamence
|-damage|p1a: Salamence|0 fnt
|-unboost|p2a: Latios|spa|2
|-damage|p2a: Latios|0 fnt|[from] item: Life Orb
|faint|p1a: Salamence
|faint|p2a: Latios
|
|win|RustyEspur
|raw|Ladder updating...
|raw|JSteele's rating: 1350 &rarr; <strong>1333<\/strong><br \/>(-17 for losing)
|raw|RustyEspur's rating: 1411 &rarr; <strong>1428<\/strong><br \/>(+17 for winning)
|c|âRustyEspur|ugh megamence is annoying
|leave|JSteele
|player|p1
|c|âRustyEspur|lol
|c|âRustyEspur|gg