|join|RustyEspur
|join|DesuzakiddoVGC
|player|p1|RustyEspur|172
|player|p2|DesuzakiddoVGC|99
|gametype|singles
|gen|6
|tier|ORAS OU
|rated
|rule|Sleep Clause Mod: Limit one foe put to sleep
|rule|Species Clause: Limit one of each PokÃ©mon
|rule|OHKO Clause: OHKO moves are banned
|rule|Moody Clause: Moody is banned
|rule|Evasion Moves Clause: Evasion moves are banned
|rule|Endless Battle Clause: Forcing endless battles is banned
|rule|HP Percentage Mod: HP is shown in percentages
|clearpoke
|poke|p1|Mamoswine, M
|poke|p1|Ditto
|poke|p1|Scizor, M
|poke|p1|Latios, M
|poke|p1|Keldeo
|poke|p1|Garchomp, M
|poke|p2|Sceptile, F
|poke|p2|Heatran, F
|poke|p2|Clefable, F
|poke|p2|Mamoswine, M
|poke|p2|Gengar, M
|poke|p2|Latias, F
|rule|Swagger Clause: Swagger is banned
|rule|Baton Pass Clause: Limit one PokÃ©mon knowing Baton Pass
|teampreview
|
|start
|switch|p1a: Ifightformyfrens|Mamoswine, M|361\/361
|switch|p2a: Gengar|Gengar, M|262\/262
|turn|1
|
|move|p1a: Ifightformyfrens|Ice Shard|p2a: Gengar
|-damage|p2a: Gengar|116\/262
|-damage|p1a: Ifightformyfrens|325\/361|[from] item: Life Orb
|move|p2a: Gengar|Taunt|p1a: Ifightformyfrens
|-start|p1a: Ifightformyfrens|move: Taunt
|
|turn|2
|
|switch|p2a: Clefable|Clefable, F|394\/394
|move|p1a: Ifightformyfrens|Ice Shard|p2a: Clefable
|-damage|p2a: Clefable|308\/394
|-damage|p1a: Ifightformyfrens|289\/361|[from] item: Life Orb
|
|-heal|p2a: Clefable|332\/394|[from] item: Leftovers
|turn|3
|
|move|p1a: Ifightformyfrens|Earthquake|p2a: Clefable
|-damage|p2a: Clefable|108\/394
|-damage|p1a: Ifightformyfrens|253\/361|[from] item: Life Orb
|move|p2a: Clefable|Wish|p2a: Clefable
|
|-heal|p2a: Clefable|132\/394|[from] item: Leftovers
|turn|4
|
|switch|p2a: Gengar|Gengar, M|116\/262
|move|p1a: Ifightformyfrens|Icicle Crash|p2a: Gengar
|-damage|p2a: Gengar|0 fnt
|-damage|p1a: Ifightformyfrens|217\/361|[from] item: Life Orb
|faint|p2a: Gengar
|
|-end|p1a: Ifightformyfrens|move: Taunt
|
|switch|p2a: Heatran|Heatran, F|324\/324
|turn|5
|
|move|p2a: Heatran|Fire Blast|p1a: Ifightformyfrens
|-supereffective|p1a: Ifightformyfrens
|-damage|p1a: Ifightformyfrens|0 fnt
|faint|p1a: Ifightformyfrens
|
|
|switch|p1a: Garchomp|Garchomp, M|358\/358
|turn|6
|
|switch|p2a: Latias|Latias, F|302\/302
|move|p1a: Garchomp|Earthquake|p2a: Latias
|-immune|p2a: Latias|[msg]
|
|turn|7
|
|move|p2a: Latias|Draco Meteor|p1a: Garchomp
|-supereffective|p1a: Garchomp
|-enditem|p1a: Garchomp|Focus Sash
|-damage|p1a: Garchomp|1\/358
|-unboost|p2a: Latias|spa|2
|-damage|p2a: Latias|272\/302|[from] item: Life Orb
|move|p1a: Garchomp|Outrage|p2a: Latias
|-supereffective|p2a: Latias
|-damage|p2a: Latias|0 fnt
|faint|p2a: Latias
|
|
|switch|p2a: Sceptile|Sceptile, F|282\/282
|turn|8
|
|detailschange|p2a: Sceptile|Sceptile-Mega, F
|message|Sceptile has Mega Evolved into Mega Sceptile!
|move|p2a: Sceptile|Giga Drain|p1a: Garchomp
|-damage|p1a: Garchomp|0 fnt
|faint|p1a: Garchomp
|
|
|switch|p1a: Scizor|Scizor, M|343\/343
|turn|9
|
|switch|p2a: Clefable|Clefable, F|132\/394
|detailschange|p1a: Scizor|Scizor-Mega, M
|message|Scizor has Mega Evolved into Mega Scizor!
|move|p1a: Scizor|Knock Off|p2a: Clefable
|-resisted|p2a: Clefable
|-damage|p2a: Clefable|86\/394
|-enditem|p2a: Clefable|Leftovers|[from] move: Knock Off|[of] p1a: Scizor
|
|turn|10
|
|move|p1a: Scizor|Bullet Punch|p2a: Clefable
|-crit|p2a: Clefable
|-supereffective|p2a: Clefable
|-damage|p2a: Clefable|0 fnt
|faint|p2a: Clefable
|
|
|switch|p2a: Heatran|Heatran, F|324\/324
|turn|11
|
|switch|p2a: Sceptile|Sceptile-Mega, F|282\/282
|switch|p1a: Ditto|Ditto|300\/300
|-transform|p1a: Ditto|p2a: Sceptile
|
|turn|12
|
|switch|p2a: Heatran|Heatran, F|324\/324
|move|p1a: Ditto|Dragon Pulse|p2a: Heatran
|-resisted|p2a: Heatran
|-damage|p2a: Heatran|247\/324
|
|-heal|p2a: Heatran|267\/324|[from] item: Leftovers
|turn|13
|
|switch|p1a: Keldeo|Keldeo|323\/323
|move|p2a: Heatran|Will-O-Wisp|p1a: Keldeo
|-status|p1a: Keldeo|brn
|
|-heal|p2a: Heatran|287\/324|[from] item: Leftovers
|-damage|p1a: Keldeo|283\/323 brn|[from] brn
|turn|14
|
|switch|p2a: Sceptile|Sceptile-Mega, F|282\/282
|move|p1a: Keldeo|Secret Sword|p2a: Sceptile
|-damage|p2a: Sceptile|102\/282
|
|-damage|p1a: Keldeo|243\/323 brn|[from] brn
|turn|15
|
|switch|p1a: Scizor|Scizor-Mega, M|343\/343
|move|p2a: Sceptile|Giga Drain|p1a: Scizor
|-resisted|p1a: Scizor
|-damage|p1a: Scizor|315\/343
|-heal|p2a: Sceptile|116\/282|[from] drain|[of] p1a: Scizor
|
|turn|16
|
|switch|p2a: Heatran|Heatran, F|287\/324
|move|p1a: Scizor|Knock Off|p2a: Heatran
|-damage|p2a: Heatran|177\/324
|-enditem|p2a: Heatran|Leftovers|[from] move: Knock Off|[of] p1a: Scizor
|
|turn|17
|
|switch|p1a: Latios|Latios, M|301\/301
|move|p2a: Heatran|Earth Power|p1a: Latios
|-immune|p1a: Latios|[msg]
|
|turn|18
|
|move|p1a: Latios|Psyshock|p2a: Heatran
|-resisted|p2a: Heatran
|-damage|p2a: Heatran|83\/324
|-damage|p1a: Latios|271\/301|[from] item: Life Orb
|move|p2a: Heatran|Flash Cannon|p1a: Latios
|-damage|p1a: Latios|142\/301
|
|turn|19
|
|switch|p2a: Mamoswine|Mamoswine, M|361\/361
|move|p1a: Latios|Psyshock|p2a: Mamoswine
|-damage|p2a: Mamoswine|135\/361
|-damage|p1a: Latios|112\/301|[from] item: Life Orb
|
|turn|20
|
|move|p1a: Latios|Psyshock|p2a: Mamoswine
|-damage|p2a: Mamoswine|0 fnt
|-damage|p1a: Latios|82\/301|[from] item: Life Orb
|faint|p2a: Mamoswine
|
|
|switch|p2a: Sceptile|Sceptile-Mega, F|116\/282
|turn|21
|
|move|p2a: Sceptile|Dragon Pulse|p1a: Latios
|-supereffective|p1a: Latios
|-damage|p1a: Latios|0 fnt
|faint|p1a: Latios
|
|
|switch|p1a: Scizor|Scizor-Mega, M|315\/343
|turn|22
|
|move|p2a: Sceptile|Substitute|p2a: Sceptile
|-start|p2a: Sceptile|Substitute
|-damage|p2a: Sceptile|46\/282
|move|p1a: Scizor|Knock Off|p2a: Sceptile
|-end|p2a: Sceptile|Substitute
|
|turn|23
|
|switch|p2a: Heatran|Heatran, F|83\/324
|move|p1a: Scizor|Knock Off|p2a: Heatran
|-crit|p2a: Heatran
|-damage|p2a: Heatran|0 fnt
|faint|p2a: Heatran
|
|-message|DesuzakiddoVGC forfeited.
|
|win|RustyEspur
|raw|Ladder updating...
|raw|RustyEspur's rating: 1492 &rarr; <strong>1509<\/strong><br \/>(+17 for winning)
|raw|DesuzakiddoVGC's rating: 1449 &rarr; <strong>1431<\/strong><br \/>(-18 for losing)
|leave|DesuzakiddoVGC
|player|p2