|join|RustyEspur
|join|only1nightmare
|player|p1|RustyEspur|172
|player|p2|only1nightmare|102
|gametype|singles
|gen|6
|tier|ORAS OU
|rated
|rule|Sleep Clause Mod: Limit one foe put to sleep
|rule|Species Clause: Limit one of each PokÃ©mon
|rule|OHKO Clause: OHKO moves are banned
|rule|Moody Clause: Moody is banned
|rule|Evasion Moves Clause: Evasion moves are banned
|rule|Endless Battle Clause: Forcing endless battles is banned
|rule|HP Percentage Mod: HP is shown in percentages
|clearpoke
|poke|p1|Mamoswine, F
|poke|p1|Ditto
|poke|p1|Scizor, F
|poke|p1|Latios, M
|poke|p1|Keldeo
|poke|p1|Garchomp, M
|poke|p2|Gallade, M
|poke|p2|Greninja, M, shiny
|poke|p2|Heatran, F
|poke|p2|Gengar, F, shiny
|poke|p2|Clefable, F, shiny
|poke|p2|Landorus-Therian, M, shiny
|rule|Swagger Clause: Swagger is banned
|rule|Baton Pass Clause: Limit one PokÃ©mon knowing Baton Pass
|teampreview
|
|start
|switch|p1a: Ifightformyfrens|Mamoswine, F|361\/361
|switch|p2a: Gengar|Gengar, F, shiny|262\/262
|turn|1
|
|move|p2a: Gengar|Shadow Ball|p1a: Ifightformyfrens
|-damage|p1a: Ifightformyfrens|76\/361
|-damage|p2a: Gengar|236\/262|[from] item: Life Orb
|move|p1a: Ifightformyfrens|Icicle Crash|p2a: Gengar
|-damage|p2a: Gengar|0 fnt
|-damage|p1a: Ifightformyfrens|40\/361|[from] item: Life Orb
|faint|p2a: Gengar
|
|
|switch|p2a: Gallade|Gallade, M|278\/278
|turn|2
|
|switch|p1a: Latios|Latios, M|301\/301
|detailschange|p2a: Gallade|Gallade-Mega, M
|message|Gallade has Mega Evolved into Mega Gallade!
|move|p2a: Gallade|Knock Off|p1a: Latios
|-supereffective|p1a: Latios
|-damage|p1a: Latios|0 fnt
|-enditem|p1a: Latios|Life Orb|[from] move: Knock Off|[of] p2a: Gallade
|faint|p1a: Latios
|
|
|switch|p1a: Scizor|Scizor, F|343\/343
|turn|3
|
|detailschange|p1a: Scizor|Scizor-Mega, F
|message|Scizor has Mega Evolved into Mega Scizor!
|move|p2a: Gallade|Swords Dance|p2a: Gallade
|-boost|p2a: Gallade|atk|2
|move|p1a: Scizor|Knock Off|p2a: Gallade
|-damage|p2a: Gallade|195\/278
|
|turn|4
|
|move|p2a: Gallade|Drain Punch|p1a: Scizor
|-damage|p1a: Scizor|114\/343
|-heal|p2a: Gallade|278\/278|[from] drain|[of] p1a: Scizor
|move|p1a: Scizor|Roost|p1a: Scizor
|-heal|p1a: Scizor|286\/343
|
|turn|5
|
|move|p2a: Gallade|Drain Punch|p1a: Scizor
|-damage|p1a: Scizor|87\/343
|move|p1a: Scizor|Swords Dance|p1a: Scizor
|-boost|p1a: Scizor|atk|2
|
|turn|6
|
|move|p1a: Scizor|Bullet Punch|p2a: Gallade
|-damage|p2a: Gallade|64\/278
|move|p2a: Gallade|Drain Punch|p1a: Scizor
|-damage|p1a: Scizor|0 fnt
|-heal|p2a: Gallade|108\/278|[from] drain|[of] p1a: Scizor
|faint|p1a: Scizor
|
|
|switch|p1a: Ditto|Ditto|300\/300
|-transform|p1a: Ditto|p2a: Gallade
|turn|7
|
|move|p1a: Ditto|Knock Off|p2a: Gallade
|-damage|p2a: Gallade|0 fnt
|faint|p2a: Gallade
|
|
|switch|p2a: Landorus-Therian|Landorus-Therian, M, shiny|320\/320
|-ability|p2a: Landorus-Therian|Intimidate|[of] p1a: Ditto
|-unboost|p1a: Ditto|atk|1
|turn|8
|
|move|p2a: Landorus-Therian|Earthquake|p1a: Ditto
|-damage|p1a: Ditto|84\/300
|move|p1a: Ditto|Zen Headbutt|p2a: Landorus-Therian|[miss]
|-miss|p1a: Ditto|p2a: Landorus-Therian
|
|turn|9
|
|move|p2a: Landorus-Therian|Earthquake|p1a: Ditto
|-damage|p1a: Ditto|0 fnt
|faint|p1a: Ditto
|
|
|switch|p1a: Ifightformyfrens|Mamoswine, F|40\/361
|turn|10
|
|switch|p2a: Greninja|Greninja, M, shiny|286\/286
|move|p1a: Ifightformyfrens|Earthquake|p2a: Greninja
|-damage|p2a: Greninja|0 fnt
|-damage|p1a: Ifightformyfrens|4\/361|[from] item: Life Orb
|faint|p2a: Greninja
|
|
|switch|p2a: Clefable|Clefable, F, shiny|394\/394
|turn|11
|
|move|p1a: Ifightformyfrens|Earthquake|p2a: Clefable
|-damage|p2a: Clefable|178\/394
|-damage|p1a: Ifightformyfrens|0 fnt|[from] item: Life Orb
|faint|p1a: Ifightformyfrens
|move|p2a: Clefable|Calm Mind|p2a: Clefable
|-boost|p2a: Clefable|spa|1
|-boost|p2a: Clefable|spd|1
|
|-heal|p2a: Clefable|202\/394|[from] item: Leftovers
|
|switch|p1a: Garchomp|Garchomp, M|358\/358
|turn|12
|
|move|p1a: Garchomp|Earthquake|p2a: Clefable
|-damage|p2a: Clefable|40\/394
|move|p2a: Clefable|Moonblast|p1a: Garchomp
|-supereffective|p1a: Garchomp
|-damage|p1a: Garchomp|14\/358
|
|-heal|p2a: Clefable|64\/394|[from] item: Leftovers
|turn|13
|
|move|p1a: Garchomp|Earthquake|p2a: Clefable
|-damage|p2a: Clefable|0 fnt
|faint|p2a: Clefable
|
|
|switch|p2a: Landorus-Therian|Landorus-Therian, M, shiny|320\/320
|-ability|p2a: Landorus-Therian|Intimidate|[of] p1a: Garchomp
|-unboost|p1a: Garchomp|atk|1
|turn|14
|
|move|p2a: Landorus-Therian|Earthquake|p1a: Garchomp
|-damage|p1a: Garchomp|0 fnt
|faint|p1a: Garchomp
|
|
|switch|p1a: Keldeo|Keldeo|323\/323
|turn|15
|
|move|p2a: Landorus-Therian|Earthquake|p1a: Keldeo
|-damage|p1a: Keldeo|119\/323
|move|p1a: Keldeo|Scald|p2a: Landorus-Therian
|-crit|p2a: Landorus-Therian
|-supereffective|p2a: Landorus-Therian
|-damage|p2a: Landorus-Therian|0 fnt
|faint|p2a: Landorus-Therian
|
|
|switch|p2a: Heatran|Heatran, F|386\/386
|turn|16
|
|move|p1a: Keldeo|Secret Sword|p2a: Heatran
|-supereffective|p2a: Heatran
|-damage|p2a: Heatran|31\/386
|move|p2a: Heatran|Lava Plume|p1a: Keldeo
|-resisted|p1a: Keldeo
|-damage|p1a: Keldeo|56\/323
|
|-heal|p2a: Heatran|55\/386|[from] item: Leftovers
|turn|17
|c|âRustyEspur|gg
|c|âonly1nightmare|you had to fucking
|c|âonly1nightmare|crit on my landorus
|c|âRustyEspur|?
|c|âonly1nightmare|that's not a good game
|c|âRustyEspur|didnt matter
|c|âonly1nightmare|you're not even specs
|c|âRustyEspur|252 SpA Expert Belt Keldeo Scald vs. 0 HP \/ 0 SpD Landorus-T: 377-446 (118.1 - 139.8%) -- guaranteed OHKO
|c|âonly1nightmare|how the fuck it wouldn't have mattered?
|c|âRustyEspur|pls
|c|âRustyEspur|pls
|c|âRustyEspur|pls
|c|âonly1nightmare|what? lol
|c|âRustyEspur|bro
|c|âonly1nightmare|shut
|
|move|p2a: Heatran|Protect|p2a: Heatran
|-singleturn|p2a: Heatran|Protect
|move|p1a: Keldeo|Secret Sword|p2a: Heatran
|-activate|p2a: Heatran|Protect
|
|-heal|p2a: Heatran|79\/386|[from] item: Leftovers
|turn|18
|c|âRustyEspur|118
|
|move|p1a: Keldeo|Secret Sword|p2a: Heatran
|-supereffective|p2a: Heatran
|-damage|p2a: Heatran|0 fnt
|faint|p2a: Heatran
|
|win|RustyEspur
|raw|Ladder updating...
|leave|only1nightmare
|player|p2
|raw|RustyEspur's rating: 1429 &rarr; <strong>1447<\/strong><br \/>(+18 for winning)
|raw|only1nightmare's rating: 1382 &rarr; <strong>1365<\/strong><br \/>(-17 for losing)