|join|RustyEspur
|join|MegaCaio
|player|p1|RustyEspur|172
|player|p2|MegaCaio|274
|gametype|singles
|gen|6
|tier|OU
|rated
|clearpoke
|poke|p1|Garchomp, F
|poke|p1|Empoleon, M
|poke|p1|Tyranitar, M
|poke|p1|Clefable, F
|poke|p1|Chesnaught, M
|poke|p1|Talonflame, M
|poke|p2|Landorus-Therian, M
|poke|p2|Breloom, M
|poke|p2|Slowbro, M
|poke|p2|Zapdos
|poke|p2|Sylveon, M
|poke|p2|Blissey, F
|rule|Swagger Clause: Swagger is banned
|rule|Baton Pass Clause: Limit one PokÃ©mon knowing Baton Pass
|rule|Sleep Clause Mod: Limit one foe put to sleep
|rule|Species Clause: Limit one of each PokÃ©mon
|rule|OHKO Clause: OHKO moves are banned
|rule|Moody Clause: Moody is banned
|rule|Evasion Moves Clause: Evasion moves are banned
|rule|Endless Battle Clause: Forcing endless battles is banned
|rule|HP Percentage Mod: HP is shown in percentages
|teampreview
|
|start
|switch|p1a: Chesnaught|Chesnaught, M|379\/379
|switch|p2a: Landorus-Therian|Landorus-Therian, M|319\/319
|-ability|p2a: Landorus-Therian|Intimidate|[of] p1a: Chesnaught
|-unboost|p1a: Chesnaught|atk|1
|turn|1
|
|move|p2a: Landorus-Therian|Stealth Rock|p1a: Chesnaught
|-sidestart|p1: RustyEspur|move: Stealth Rock
|move|p1a: Chesnaught|Leech Seed|p2a: Landorus-Therian
|-start|p2a: Landorus-Therian|move: Leech Seed
|
|-damage|p2a: Landorus-Therian|280\/319|[from] Leech Seed|[of] p1a: Chesnaught
|turn|2
|
|switch|p2a: Sylveon|Sylveon, M|392\/392
|move|p1a: Chesnaught|Spikes|p2a: Sylveon
|-sidestart|p2: MegaCaio|Spikes
|
|turn|3
|
|switch|p1a: Empoleon|Empoleon, M|371\/371
|-damage|p1a: Empoleon|348\/371|[from] Stealth Rock
|move|p2a: Sylveon|Hyper Voice|p1a: Empoleon
|-resisted|p1a: Empoleon
|-damage|p1a: Empoleon|234\/371
|
|-heal|p1a: Empoleon|257\/371|[from] item: Leftovers
|turn|4
|
|switch|p2a: Zapdos|Zapdos|327\/327
|-ability|p2a: Zapdos|Pressure
|move|p1a: Empoleon|Toxic|p2a: Zapdos
|-status|p2a: Zapdos|tox
|
|-heal|p1a: Empoleon|280\/371|[from] item: Leftovers
|-damage|p2a: Zapdos|307\/327 tox|[from] psn
|turn|5
|
|switch|p2a: Landorus-Therian|Landorus-Therian, M|280\/319
|-ability|p2a: Landorus-Therian|Intimidate|[of] p1a: Empoleon
|-unboost|p1a: Empoleon|atk|1
|switch|p1a: Tyranitar|Tyranitar, M|404\/404
|-damage|p1a: Tyranitar|354\/404|[from] Stealth Rock
|-weather|Sandstorm
|
|-weather|Sandstorm|[upkeep]
|-heal|p2a: Landorus-Therian|299\/319|[from] item: Leftovers
|-heal|p1a: Tyranitar|379\/404|[from] item: Leftovers
|turn|6
|
|switch|p1a: Chesnaught|Chesnaught, M|379\/379
|-damage|p1a: Chesnaught|356\/379|[from] Stealth Rock
|move|p2a: Landorus-Therian|Earthquake|p1a: Chesnaught
|-resisted|p1a: Chesnaught
|-damage|p1a: Chesnaught|300\/379
|
|-weather|Sandstorm|[upkeep]
|-damage|p1a: Chesnaught|277\/379|[from] sandstorm
|-heal|p2a: Landorus-Therian|318\/319|[from] item: Leftovers
|-heal|p1a: Chesnaught|300\/379|[from] item: Leftovers
|turn|7
|
|switch|p2a: Breloom|Breloom, M|324\/324
|-damage|p2a: Breloom|284\/324|[from] Spikes
|move|p1a: Chesnaught|Leech Seed|p2a: Breloom
|-immune|p2a: Breloom|[msg]
|
|-weather|Sandstorm|[upkeep]
|-damage|p2a: Breloom|264\/324|[from] sandstorm
|-damage|p1a: Chesnaught|277\/379|[from] sandstorm
|-heal|p1a: Chesnaught|300\/379|[from] item: Leftovers
|-status|p2a: Breloom|tox|[from] item: Toxic Orb
|turn|8
|
|move|p2a: Breloom|Facade|p1a: Chesnaught
|-damage|p1a: Chesnaught|185\/379
|move|p1a: Chesnaught|Spikes|p2a: Breloom
|-sidestart|p2: MegaCaio|Spikes
|
|-weather|Sandstorm|[upkeep]
|-damage|p2a: Breloom|244\/324 tox|[from] sandstorm
|-damage|p1a: Chesnaught|162\/379|[from] sandstorm
|-heal|p1a: Chesnaught|185\/379|[from] item: Leftovers
|-heal|p2a: Breloom|284\/324 tox|[from] ability: Poison Heal
|turn|9
|
|move|p2a: Breloom|Facade|p1a: Chesnaught
|-damage|p1a: Chesnaught|68\/379
|move|p1a: Chesnaught|Drain Punch|p2a: Breloom
|-damage|p2a: Breloom|179\/324 tox
|-heal|p1a: Chesnaught|121\/379|[from] drain|[of] p2a: Breloom
|
|-weather|none
|-heal|p1a: Chesnaught|144\/379|[from] item: Leftovers
|-heal|p2a: Breloom|219\/324 tox|[from] ability: Poison Heal
|turn|10
|
|move|p1a: Chesnaught|Spiky Shield|p1a: Chesnaught
|-singleturn|p1a: Chesnaught|move: Protect
|move|p2a: Breloom|Facade|p1a: Chesnaught
|-activate|p1a: Chesnaught|move: Protect
|-damage|p2a: Breloom|179\/324 tox|[from] Spiky Shield|[of] p1a: Chesnaught
|
|-heal|p1a: Chesnaught|167\/379|[from] item: Leftovers
|-heal|p2a: Breloom|219\/324 tox|[from] ability: Poison Heal
|turn|11
|
|move|p2a: Breloom|Facade|p1a: Chesnaught
|-damage|p1a: Chesnaught|53\/379
|move|p1a: Chesnaught|Drain Punch|p2a: Breloom
|-damage|p2a: Breloom|96\/324 tox
|-heal|p1a: Chesnaught|115\/379|[from] drain|[of] p2a: Breloom
|
|-heal|p1a: Chesnaught|138\/379|[from] item: Leftovers
|-heal|p2a: Breloom|136\/324 tox|[from] ability: Poison Heal
|turn|12
|
|move|p1a: Chesnaught|Spiky Shield|p1a: Chesnaught
|-singleturn|p1a: Chesnaught|move: Protect
|move|p2a: Breloom|Facade|p1a: Chesnaught
|-activate|p1a: Chesnaught|move: Protect
|-damage|p2a: Breloom|96\/324 tox|[from] Spiky Shield|[of] p1a: Chesnaught
|
|-heal|p1a: Chesnaught|161\/379|[from] item: Leftovers
|-heal|p2a: Breloom|136\/324 tox|[from] ability: Poison Heal
|turn|13
|
|switch|p2a: Sylveon|Sylveon, M|392\/392
|-damage|p2a: Sylveon|327\/392|[from] Spikes
|move|p1a: Chesnaught|Drain Punch|p2a: Sylveon
|-resisted|p2a: Sylveon
|-damage|p2a: Sylveon|261\/392
|-heal|p1a: Chesnaught|194\/379|[from] drain|[of] p2a: Sylveon
|
|-heal|p1a: Chesnaught|217\/379|[from] item: Leftovers
|turn|14
|
|move|p1a: Chesnaught|Spiky Shield|p1a: Chesnaught
|-singleturn|p1a: Chesnaught|move: Protect
|move|p2a: Sylveon|Psyshock|p1a: Chesnaught
|-activate|p1a: Chesnaught|move: Protect
|
|-heal|p1a: Chesnaught|240\/379|[from] item: Leftovers
|turn|15
|
|switch|p1a: Tyranitar|Tyranitar, M|379\/404
|-damage|p1a: Tyranitar|329\/404|[from] Stealth Rock
|-weather|Sandstorm
|move|p2a: Sylveon|Psyshock|p1a: Tyranitar
|-immune|p1a: Tyranitar|[msg]
|
|-weather|Sandstorm|[upkeep]
|-damage|p2a: Sylveon|237\/392|[from] sandstorm
|-heal|p1a: Tyranitar|354\/404|[from] item: Leftovers
|turn|16
|
|switch|p2a: Landorus-Therian|Landorus-Therian, M|318\/319
|-ability|p2a: Landorus-Therian|Intimidate|[of] p1a: Tyranitar
|-unboost|p1a: Tyranitar|atk|1
|move|p1a: Tyranitar|Stealth Rock|p2a: Landorus-Therian
|-sidestart|p2: MegaCaio|move: Stealth Rock
|
|-weather|Sandstorm|[upkeep]
|-heal|p2a: Landorus-Therian|319\/319|[from] item: Leftovers
|-heal|p1a: Tyranitar|379\/404|[from] item: Leftovers
|turn|17
|
|switch|p1a: Chesnaught|Chesnaught, M|240\/379
|-damage|p1a: Chesnaught|217\/379|[from] Stealth Rock
|move|p2a: Landorus-Therian|Earthquake|p1a: Chesnaught
|-resisted|p1a: Chesnaught
|-damage|p1a: Chesnaught|157\/379
|
|-weather|Sandstorm|[upkeep]
|-damage|p1a: Chesnaught|134\/379|[from] sandstorm
|-heal|p1a: Chesnaught|157\/379|[from] item: Leftovers
|turn|18
|
|switch|p2a: Breloom|Breloom, M|136\/324 tox
|-damage|p2a: Breloom|116\/324 tox|[from] Stealth Rock
|-damage|p2a: Breloom|62\/324 tox|[from] Spikes
|move|p1a: Chesnaught|Leech Seed|p2a: Breloom
|-immune|p2a: Breloom|[msg]
|
|-weather|Sandstorm|[upkeep]
|-damage|p2a: Breloom|42\/324 tox|[from] sandstorm
|-damage|p1a: Chesnaught|134\/379|[from] sandstorm
|-heal|p1a: Chesnaught|157\/379|[from] item: Leftovers
|-heal|p2a: Breloom|82\/324 tox|[from] ability: Poison Heal
|turn|19
|
|switch|p2a: Zapdos|Zapdos|307\/327 tox
|-damage|p2a: Zapdos|226\/327 tox|[from] Stealth Rock
|-ability|p2a: Zapdos|Pressure
|move|p1a: Chesnaught|Drain Punch|p2a: Zapdos
|-resisted|p2a: Zapdos
|-damage|p2a: Zapdos|184\/327 tox
|-heal|p1a: Chesnaught|178\/379|[from] drain|[of] p2a: Zapdos
|
|-weather|none
|-heal|p2a: Zapdos|204\/327 tox|[from] item: Leftovers
|-heal|p1a: Chesnaught|201\/379|[from] item: Leftovers
|-damage|p2a: Zapdos|184\/327 tox|[from] psn
|turn|20
|
|move|p2a: Zapdos|Thunder Wave|p1a: Chesnaught
|-status|p1a: Chesnaught|par
|cant|p1a: Chesnaught|par
|
|-heal|p2a: Zapdos|204\/327 tox|[from] item: Leftovers
|-heal|p1a: Chesnaught|224\/379 par|[from] item: Leftovers
|-damage|p2a: Zapdos|164\/327 tox|[from] psn
|turn|21
|
|move|p2a: Zapdos|Defog|p1a: Chesnaught
|-unboost|p1a: Chesnaught|evasion|1
|-sideend|p1: RustyEspur|Stealth Rock|[from] move: Defog|[of] p1a: Chesnaught
|-sideend|p2: MegaCaio|Spikes|[from] move: Defog|[of] p2a: Zapdos
|-sideend|p2: MegaCaio|Stealth Rock|[from] move: Defog|[of] p2a: Zapdos
|move|p1a: Chesnaught|Leech Seed|p2a: Zapdos
|-start|p2a: Zapdos|move: Leech Seed
|
|-heal|p2a: Zapdos|184\/327 tox|[from] item: Leftovers
|-heal|p1a: Chesnaught|247\/379 par|[from] item: Leftovers
|-damage|p2a: Zapdos|144\/327 tox|[from] Leech Seed|[of] p1a: Chesnaught
|-heal|p1a: Chesnaught|287\/379 par|[silent]
|-damage|p2a: Zapdos|84\/327 tox|[from] psn
|turn|22
|
|switch|p2a: Blissey|Blissey, F|652\/652
|move|p1a: Chesnaught|Spikes|p2a: Blissey
|-sidestart|p2: MegaCaio|Spikes
|
|-heal|p1a: Chesnaught|310\/379 par|[from] item: Leftovers
|turn|23
|
|switch|p1a: wat|Garchomp, F|357\/357
|move|p2a: Blissey|Wish|p2a: Blissey
|
|turn|24
|
|switch|p2a: Slowbro|Slowbro, M|394\/394
|-damage|p2a: Slowbro|345\/394|[from] Spikes
|detailschange|p1a: wat|Garchomp-Mega, F
|message|Garchomp has Mega Evolved into Mega Garchomp!
|move|p1a: wat|Draco Meteor|p2a: Slowbro
|-damage|p2a: Slowbro|60\/394
|-unboost|p1a: wat|spa|2
|
|-heal|p2a: Slowbro|386\/394|[from] move: Wish|[wisher] Blissey
|turn|25
|
|switch|p1a: Chesnaught|Chesnaught, M|310\/379 par
|move|p2a: Slowbro|Scald|p1a: Chesnaught
|-resisted|p1a: Chesnaught
|-damage|p1a: Chesnaught|246\/379 par
|
|-heal|p1a: Chesnaught|269\/379 par|[from] item: Leftovers
|turn|26
|
|move|p2a: Slowbro|Fire Blast|p1a: Chesnaught
|-supereffective|p1a: Chesnaught
|-damage|p1a: Chesnaught|35\/379 par
|move|p1a: Chesnaught|Spikes|p2a: Slowbro
|-sidestart|p2: MegaCaio|Spikes
|
|-heal|p1a: Chesnaught|58\/379 par|[from] item: Leftovers
|turn|27
|
|switch|p1a: Empoleon|Empoleon, M|280\/371
|move|p2a: Slowbro|Scald|p1a: Empoleon
|-resisted|p1a: Empoleon
|-damage|p1a: Empoleon|248\/371
|
|-heal|p1a: Empoleon|271\/371|[from] item: Leftovers
|turn|28
|
|move|p1a: Empoleon|Ice Beam|p2a: Slowbro
|-resisted|p2a: Slowbro
|-damage|p2a: Slowbro|341\/394
|move|p2a: Slowbro|Scald|p1a: Empoleon
|-resisted|p1a: Empoleon
|-damage|p1a: Empoleon|236\/371
|
|-heal|p1a: Empoleon|259\/371|[from] item: Leftovers
|turn|29
|
|move|p1a: Empoleon|Toxic|p2a: Slowbro
|-status|p2a: Slowbro|tox
|move|p2a: Slowbro|Scald|p1a: Empoleon
|-resisted|p1a: Empoleon
|-damage|p1a: Empoleon|222\/371
|-status|p1a: Empoleon|brn
|
|-heal|p1a: Empoleon|245\/371 brn|[from] item: Leftovers
|-damage|p1a: Empoleon|199\/371 brn|[from] brn
|-damage|p2a: Slowbro|317\/394 tox|[from] psn
|turn|30
|
|switch|p1a: Clefable|Clefable, F|393\/393
|switch|p2a: Blissey|Blissey, F|652\/652
|-damage|p2a: Blissey|544\/652|[from] Spikes
|
|-heal|p2a: Blissey|584\/652|[from] item: Leftovers
|turn|31
|
|move|p1a: Clefable|Calm Mind|p1a: Clefable
|-boost|p1a: Clefable|spa|1
|-boost|p1a: Clefable|spd|1
|move|p2a: Blissey|Heal Bell|p2a: Blissey
|-cureteam|p2a: Blissey|[from] move: HealBell
|
|-heal|p2a: Blissey|624\/652|[from] item: Leftovers
|turn|32
|
|move|p1a: Clefable|Calm Mind|p1a: Clefable
|-boost|p1a: Clefable|spa|1
|-boost|p1a: Clefable|spd|1
|move|p2a: Blissey|Wish|p2a: Blissey
|
|-heal|p2a: Blissey|652\/652|[from] item: Leftovers
|turn|33
|
|switch|p2a: Breloom|Breloom, M|82\/324
|-damage|p2a: Breloom|28\/324|[from] Spikes
|move|p1a: Clefable|Moonblast|p2a: Breloom
|-supereffective|p2a: Breloom
|-damage|p2a: Breloom|0 fnt
|faint|p2a: Breloom
|
|
|switch|p2a: Landorus-Therian|Landorus-Therian, M|319\/319
|-ability|p2a: Landorus-Therian|Intimidate|[of] p1a: Clefable
|-unboost|p1a: Clefable|atk|1
|turn|34
|
|move|p2a: Landorus-Therian|Bulk Up|p2a: Landorus-Therian
|-boost|p2a: Landorus-Therian|atk|1
|-boost|p2a: Landorus-Therian|def|1
|move|p1a: Clefable|Moonblast|p2a: Landorus-Therian
|-crit|p2a: Landorus-Therian
|-damage|p2a: Landorus-Therian|0 fnt
|faint|p2a: Landorus-Therian
|
|
|switch|p2a: Zapdos|Zapdos|84\/327
|-ability|p2a: Zapdos|Pressure
|turn|35
|
|switch|p1a: wat|Garchomp-Mega, F|357\/357
|move|p2a: Zapdos|Thunder Wave|p1a: wat
|-immune|p1a: wat|[msg]
|
|-heal|p2a: Zapdos|104\/327|[from] item: Leftovers
|turn|36
|
|move|p2a: Zapdos|Roost|p2a: Zapdos
|-heal|p2a: Zapdos|268\/327
|move|p1a: wat|Stone Edge|p2a: Zapdos
|-damage|p2a: Zapdos|158\/327
|
|-heal|p2a: Zapdos|178\/327|[from] item: Leftovers
|turn|37
|
|switch|p2a: Sylveon|Sylveon, M|237\/392
|-damage|p2a: Sylveon|172\/392|[from] Spikes
|move|p1a: wat|Earthquake|p2a: Sylveon
|-damage|p2a: Sylveon|0 fnt
|faint|p2a: Sylveon
|
|
|switch|p2a: Slowbro|Slowbro, M|394\/394
|-damage|p2a: Slowbro|329\/394|[from] Spikes
|turn|38
|
|switch|p1a: Chesnaught|Chesnaught, M|58\/379 par
|move|p2a: Slowbro|Toxic|p1a: Chesnaught
|-fail|p1a: Chesnaught
|
|-heal|p1a: Chesnaught|81\/379 par|[from] item: Leftovers
|turn|39
|
|switch|p1a: Clefable|Clefable, F|393\/393
|move|p2a: Slowbro|Fire Blast|p1a: Clefable
|-damage|p1a: Clefable|292\/393
|
|-heal|p1a: Clefable|316\/393|[from] item: Leftovers
|turn|40
|-message|MegaCaio forfeited.
|
|win|RustyEspur
|raw|Ladder updating...
|leave|MegaCaio
|player|p2
|raw|RustyEspur's rating: 1407 &rarr; <strong>1424<\/strong><br \/>(+17 for winning)
|raw|MegaCaio's rating: 1351 &rarr; <strong>1335<\/strong><br \/>(-16 for losing)