|join|willow_willoww
|join|RustyEspur
|player|p1|willow_willoww|265
|player|p2|RustyEspur|172
|gametype|singles
|gen|6
|tier|OU
|rated
|clearpoke
|poke|p1|Greninja, M
|poke|p1|Latias, F
|poke|p1|Landorus-Therian, M
|poke|p1|Metagross
|poke|p1|Raikou
|poke|p1|Talonflame, M
|poke|p2|Garchomp, F
|poke|p2|Empoleon, F
|poke|p2|Tyranitar, F
|poke|p2|Clefable, F
|poke|p2|Chesnaught, M
|poke|p2|Talonflame, F
|rule|Swagger Clause: Swagger is banned
|rule|Baton Pass Clause: Limit one PokÃ©mon knowing Baton Pass
|rule|Sleep Clause Mod: Limit one foe put to sleep
|rule|Species Clause: Limit one of each PokÃ©mon
|rule|OHKO Clause: OHKO moves are banned
|rule|Moody Clause: Moody is banned
|rule|Evasion Moves Clause: Evasion moves are banned
|rule|Endless Battle Clause: Forcing endless battles is banned
|rule|HP Percentage Mod: HP is shown in percentages
|teampreview
|
|start
|switch|p1a: Raikou|Raikou|321\/321
|switch|p2a: wat|Garchomp, F|357\/357
|-ability|p1a: Raikou|Pressure
|turn|1
|
|switch|p2a: Tyranitar|Tyranitar, F|404\/404
|-weather|Sandstorm
|move|p1a: Raikou|Hidden Power|p2a: Tyranitar
|-damage|p2a: Tyranitar|368\/404
|
|-weather|Sandstorm|[upkeep]
|-damage|p1a: Raikou|301\/321|[from] sandstorm
|-heal|p2a: Tyranitar|393\/404|[from] item: Leftovers
|turn|2
|
|move|p1a: Raikou|Volt Switch|p2a: Tyranitar
|-damage|p2a: Tyranitar|323\/404
|
|switch|p1a: Landorus-Therian|Landorus-Therian, M|381\/381
|-ability|p1a: Landorus-Therian|Intimidate|[of] p2a: Tyranitar
|-unboost|p2a: Tyranitar|atk|1
|move|p2a: Tyranitar|Stealth Rock|p1a: Landorus-Therian
|-sidestart|p1: willow_willoww|move: Stealth Rock
|
|-weather|Sandstorm|[upkeep]
|-heal|p2a: Tyranitar|348\/404|[from] item: Leftovers
|turn|3
|
|move|p1a: Landorus-Therian|Earthquake|p2a: Tyranitar
|-supereffective|p2a: Tyranitar
|-damage|p2a: Tyranitar|34\/404
|move|p2a: Tyranitar|Ice Beam|p1a: Landorus-Therian
|-supereffective|p1a: Landorus-Therian
|-damage|p1a: Landorus-Therian|45\/381
|
|-weather|Sandstorm|[upkeep]
|-heal|p1a: Landorus-Therian|68\/381|[from] item: Leftovers
|-heal|p2a: Tyranitar|59\/404|[from] item: Leftovers
|turn|4
|
|switch|p2a: Chesnaught|Chesnaught, M|379\/379
|move|p1a: Landorus-Therian|U-turn|p2a: Chesnaught
|-damage|p2a: Chesnaught|334\/379
|
|switch|p1a: Talonflame|Talonflame, M|297\/297
|-damage|p1a: Talonflame|149\/297|[from] Stealth Rock
|
|-weather|Sandstorm|[upkeep]
|-damage|p1a: Talonflame|131\/297|[from] sandstorm
|-damage|p2a: Chesnaught|311\/379|[from] sandstorm
|-heal|p2a: Chesnaught|334\/379|[from] item: Leftovers
|turn|5
|
|move|p1a: Talonflame|Taunt|p2a: Chesnaught
|-start|p2a: Chesnaught|move: Taunt
|cant|p2a: Chesnaught|move: Taunt|Leech Seed
|
|-weather|none
|-heal|p2a: Chesnaught|357\/379|[from] item: Leftovers
|turn|6
|
|move|p1a: Talonflame|Will-O-Wisp|p2a: Chesnaught
|-status|p2a: Chesnaught|brn
|move|p2a: Chesnaught|Drain Punch|p1a: Talonflame
|-resisted|p1a: Talonflame
|-damage|p1a: Talonflame|98\/297
|-heal|p2a: Chesnaught|374\/379 brn|[from] drain|[of] p1a: Talonflame
|
|-heal|p2a: Chesnaught|379\/379 brn|[from] item: Leftovers
|-damage|p2a: Chesnaught|332\/379 brn|[from] brn
|turn|7
|
|switch|p2a: Clefable|Clefable, F|393\/393
|move|p1a: Talonflame|Brave Bird|p2a: Clefable
|-crit|p2a: Clefable
|-damage|p2a: Clefable|129\/393
|-damage|p1a: Talonflame|11\/297|[from] recoil|[of] p2a: Clefable
|
|-heal|p2a: Clefable|153\/393|[from] item: Leftovers
|turn|8
|
|move|p1a: Talonflame|Brave Bird|p2a: Clefable
|-damage|p2a: Clefable|0 fnt
|-damage|p1a: Talonflame|0 fnt|[from] recoil|[of] p2a: Clefable
|faint|p2a: Clefable
|faint|p1a: Talonflame
|
|
|switch|p2a: wat|Garchomp, F|357\/357
|switch|p1a: Landorus-Therian|Landorus-Therian, M|68\/381
|-damage|p1a: Landorus-Therian|21\/381|[from] Stealth Rock
|-ability|p1a: Landorus-Therian|Intimidate|[of] p2a: wat
|-unboost|p2a: wat|atk|1
|turn|9
|
|detailschange|p2a: wat|Garchomp-Mega, F
|message|Garchomp has Mega Evolved into Mega Garchomp!
|move|p2a: wat|Draco Meteor|p1a: Landorus-Therian|[miss]
|-miss|p2a: wat|p1a: Landorus-Therian
|move|p1a: Landorus-Therian|U-turn|p2a: wat
|-damage|p2a: wat|291\/357
|
|switch|p1a: Raikou|Raikou|301\/321
|-damage|p1a: Raikou|261\/321|[from] Stealth Rock
|-ability|p1a: Raikou|Pressure
|
|turn|10
|
|move|p1a: Raikou|Volt Switch|p2a: wat
|-immune|p2a: wat|[msg]
|move|p2a: wat|Earthquake|p1a: Raikou
|-supereffective|p1a: Raikou
|-damage|p1a: Raikou|0 fnt
|faint|p1a: Raikou
|
|
|switch|p1a: Latias|Latias, F|319\/319
|-damage|p1a: Latias|280\/319|[from] Stealth Rock
|turn|11
|
|switch|p2a: Empoleon|Empoleon, F|371\/371
|move|p1a: Latias|Defog|p2a: Empoleon
|-unboost|p2a: Empoleon|evasion|1
|-sideend|p1: willow_willoww|Stealth Rock|[from] move: Defog|[of] p1a: Latias
|
|turn|12
|
|switch|p1a: Metagross|Metagross|301\/301
|move|p2a: Empoleon|Toxic|p1a: Metagross
|-fail|p1a: Metagross
|
|turn|13
|
|switch|p2a: Tyranitar|Tyranitar, F|59\/404
|-weather|Sandstorm
|detailschange|p1a: Metagross|Metagross-Mega
|message|Metagross has Mega Evolved into Mega Metagross!
|move|p1a: Metagross|Earthquake|p2a: Tyranitar
|-supereffective|p2a: Tyranitar
|-damage|p2a: Tyranitar|0 fnt
|faint|p2a: Tyranitar
|
|-weather|Sandstorm|[upkeep]
|
|switch|p2a: Chesnaught|Chesnaught, M|332\/379 brn
|turn|14
|
|switch|p1a: Latias|Latias, F|280\/319
|move|p2a: Chesnaught|Leech Seed|p1a: Latias
|-start|p1a: Latias|move: Leech Seed
|
|-weather|Sandstorm|[upkeep]
|-damage|p1a: Latias|261\/319|[from] sandstorm
|-damage|p2a: Chesnaught|309\/379 brn|[from] sandstorm
|-heal|p2a: Chesnaught|332\/379 brn|[from] item: Leftovers
|-damage|p1a: Latias|222\/319|[from] Leech Seed|[of] p2a: Chesnaught
|-heal|p2a: Chesnaught|371\/379 brn|[silent]
|-damage|p2a: Chesnaught|324\/379 brn|[from] brn
|turn|15
|
|switch|p1a: Metagross|Metagross-Mega|301\/301
|move|p2a: Chesnaught|Spiky Shield|p2a: Chesnaught
|-fail|p2a: Chesnaught
|
|-weather|Sandstorm|[upkeep]
|-damage|p2a: Chesnaught|301\/379 brn|[from] sandstorm
|-heal|p2a: Chesnaught|324\/379 brn|[from] item: Leftovers
|-damage|p2a: Chesnaught|277\/379 brn|[from] brn
|turn|16
|
|move|p1a: Metagross|Ice Punch|p2a: Chesnaught
|-supereffective|p2a: Chesnaught
|-damage|p2a: Chesnaught|105\/379 brn
|move|p2a: Chesnaught|Leech Seed|p1a: Metagross
|-start|p1a: Metagross|move: Leech Seed
|
|-weather|Sandstorm|[upkeep]
|-damage|p2a: Chesnaught|82\/379 brn|[from] sandstorm
|-heal|p2a: Chesnaught|105\/379 brn|[from] item: Leftovers
|-damage|p1a: Metagross|264\/301|[from] Leech Seed|[of] p2a: Chesnaught
|-heal|p2a: Chesnaught|142\/379 brn|[silent]
|-damage|p2a: Chesnaught|95\/379 brn|[from] brn
|turn|17
|
|switch|p1a: Latias|Latias, F|222\/319
|move|p2a: Chesnaught|Leech Seed|p1a: Latias
|-start|p1a: Latias|move: Leech Seed
|
|-weather|none
|-heal|p2a: Chesnaught|118\/379 brn|[from] item: Leftovers
|-damage|p1a: Latias|183\/319|[from] Leech Seed|[of] p2a: Chesnaught
|-heal|p2a: Chesnaught|157\/379 brn|[silent]
|-damage|p2a: Chesnaught|110\/379 brn|[from] brn
|turn|18
|
|switch|p1a: Metagross|Metagross-Mega|264\/301
|move|p2a: Chesnaught|Spiky Shield|p2a: Chesnaught
|-fail|p2a: Chesnaught
|
|-heal|p2a: Chesnaught|133\/379 brn|[from] item: Leftovers
|-damage|p2a: Chesnaught|86\/379 brn|[from] brn
|turn|19
|
|move|p2a: Chesnaught|Spiky Shield|p2a: Chesnaught
|-singleturn|p2a: Chesnaught|move: Protect
|move|p1a: Metagross|Ice Punch|p2a: Chesnaught
|-activate|p2a: Chesnaught|move: Protect
|-damage|p1a: Metagross|227\/301|[from] Spiky Shield|[of] p2a: Chesnaught
|
|-heal|p2a: Chesnaught|109\/379 brn|[from] item: Leftovers
|-damage|p2a: Chesnaught|62\/379 brn|[from] brn
|turn|20
|
|move|p2a: Chesnaught|Spiky Shield|p2a: Chesnaught
|-singleturn|p2a: Chesnaught|move: Protect
|move|p1a: Metagross|Ice Punch|p2a: Chesnaught
|-activate|p2a: Chesnaught|move: Protect
|-damage|p1a: Metagross|190\/301|[from] Spiky Shield|[of] p2a: Chesnaught
|
|-heal|p2a: Chesnaught|85\/379 brn|[from] item: Leftovers
|-damage|p2a: Chesnaught|38\/379 brn|[from] brn
|turn|21
|
|move|p2a: Chesnaught|Spiky Shield|p2a: Chesnaught
|-fail|p2a: Chesnaught
|move|p1a: Metagross|Ice Punch|p2a: Chesnaught
|-supereffective|p2a: Chesnaught
|-damage|p2a: Chesnaught|0 fnt
|faint|p2a: Chesnaught
|
|
|switch|p2a: Empoleon|Empoleon, F|371\/371
|turn|22
|
|move|p1a: Metagross|Earthquake|p2a: Empoleon
|-supereffective|p2a: Empoleon
|-damage|p2a: Empoleon|67\/371
|move|p2a: Empoleon|Scald|p1a: Metagross
|-crit|p1a: Metagross
|-damage|p1a: Metagross|0 fnt
|faint|p1a: Metagross
|
|-heal|p2a: Empoleon|90\/371|[from] item: Leftovers
|
|switch|p1a: Greninja|Greninja, M|285\/285
|turn|23
|
|move|p1a: Greninja|Dark Pulse|p2a: Empoleon
|-start|p1a: Greninja|typechange|Dark|[from] Protean
|-damage|p2a: Empoleon|0 fnt
|-damage|p1a: Greninja|257\/285|[from] item: Life Orb
|faint|p2a: Empoleon
|
|
|switch|p2a: wat|Garchomp-Mega, F|291\/357
|turn|24
|
|move|p1a: Greninja|Ice Beam|p2a: wat
|-start|p1a: Greninja|typechange|Ice|[from] Protean
|-supereffective|p2a: wat
|-damage|p2a: wat|0 fnt
|-damage|p1a: Greninja|229\/285|[from] item: Life Orb
|faint|p2a: wat
|
|
|switch|p2a: Talonflame|Talonflame, F|297\/297
|turn|25
|
|move|p2a: Talonflame|Brave Bird|p1a: Greninja
|-damage|p1a: Greninja|0 fnt
|-damage|p2a: Talonflame|221\/297|[from] recoil|[of] p1a: Greninja
|faint|p1a: Greninja
|
|
|switch|p1a: Landorus-Therian|Landorus-Therian, M|21\/381
|-ability|p1a: Landorus-Therian|Intimidate|[of] p2a: Talonflame
|-unboost|p2a: Talonflame|atk|1
|turn|26
|
|move|p2a: Talonflame|Brave Bird|p1a: Landorus-Therian
|-damage|p1a: Landorus-Therian|0 fnt
|-damage|p2a: Talonflame|214\/297|[from] recoil|[of] p1a: Landorus-Therian
|faint|p1a: Landorus-Therian
|
|
|switch|p1a: Latias|Latias, F|183\/319
|turn|27
|
|move|p2a: Talonflame|Brave Bird|p1a: Latias
|-damage|p1a: Latias|45\/319
|-damage|p2a: Talonflame|168\/297|[from] recoil|[of] p1a: Latias
|move|p1a: Latias|Draco Meteor|p2a: Talonflame
|-damage|p2a: Talonflame|0 fnt
|-unboost|p1a: Latias|spa|2
|-damage|p1a: Latias|14\/319|[from] item: Life Orb
|faint|p2a: Talonflame
|
|win|willow_willoww
|raw|Ladder updating...
|raw|willow_willoww's rating: 1303 &rarr; <strong>1321<\/strong><br \/>(+18 for winning)
|raw|RustyEspur's rating: 1271 &rarr; <strong>1248<\/strong><br \/>(-23 for losing)
|leave|willow_willoww
|player|p1