|join|RustyEspur
|join|meluha
|player|p1|RustyEspur|172
|player|p2|meluha|163
|gametype|singles
|gen|6
|tier|OU
|rated
|clearpoke
|poke|p1|Garchomp, M
|poke|p1|Empoleon, F
|poke|p1|Tyranitar, M
|poke|p1|Clefable, F
|poke|p1|Chesnaught, F
|poke|p1|Talonflame, M
|poke|p2|Azumarill, F
|poke|p2|Lopunny, M
|poke|p2|Diggersby, F
|poke|p2|Garchomp, F
|poke|p2|Magneton
|poke|p2|Thundurus, M
|rule|Swagger Clause: Swagger is banned
|rule|Baton Pass Clause: Limit one PokÃ©mon knowing Baton Pass
|rule|Sleep Clause Mod: Limit one foe put to sleep
|rule|Species Clause: Limit one of each PokÃ©mon
|rule|OHKO Clause: OHKO moves are banned
|rule|Moody Clause: Moody is banned
|rule|Evasion Moves Clause: Evasion moves are banned
|rule|Endless Battle Clause: Forcing endless battles is banned
|rule|HP Percentage Mod: HP is shown in percentages
|teampreview
|
|start
|switch|p1a: Chesnaught|Chesnaught, F|379\/379
|switch|p2a: Thundurus|Thundurus, M|299\/299
|turn|1
|
|move|p2a: Thundurus|Hidden Power|p1a: Chesnaught
|-supereffective|p1a: Chesnaught
|-damage|p1a: Chesnaught|145\/379
|-damage|p2a: Thundurus|270\/299|[from] item: Life Orb
|move|p1a: Chesnaught|Leech Seed|p2a: Thundurus
|-start|p2a: Thundurus|move: Leech Seed
|
|-heal|p1a: Chesnaught|168\/379|[from] item: Leftovers
|-damage|p2a: Thundurus|233\/299|[from] Leech Seed|[of] p1a: Chesnaught
|-heal|p1a: Chesnaught|205\/379|[silent]
|turn|2
|
|switch|p2a: Magneton|Magneton|242\/242
|move|p1a: Chesnaught|Spiky Shield|p1a: Chesnaught
|-fail|p1a: Chesnaught
|
|-heal|p1a: Chesnaught|228\/379|[from] item: Leftovers
|turn|3
|
|move|p1a: Chesnaught|Spiky Shield|p1a: Chesnaught
|-singleturn|p1a: Chesnaught|move: Protect
|move|p2a: Magneton|Volt Switch|p1a: Chesnaught
|-activate|p1a: Chesnaught|move: Protect
|
|-heal|p1a: Chesnaught|251\/379|[from] item: Leftovers
|turn|4
|
|switch|p2a: Thundurus|Thundurus, M|233\/299
|move|p1a: Chesnaught|Leech Seed|p2a: Thundurus
|-start|p2a: Thundurus|move: Leech Seed
|
|-heal|p1a: Chesnaught|274\/379|[from] item: Leftovers
|-damage|p2a: Thundurus|196\/299|[from] Leech Seed|[of] p1a: Chesnaught
|-heal|p1a: Chesnaught|311\/379|[silent]
|turn|5
|
|move|p2a: Thundurus|Hidden Power|p1a: Chesnaught
|-supereffective|p1a: Chesnaught
|-damage|p1a: Chesnaught|72\/379
|-damage|p2a: Thundurus|167\/299|[from] item: Life Orb
|move|p1a: Chesnaught|Leech Seed|p2a: Thundurus
|-fail|p2a: Thundurus
|
|-heal|p1a: Chesnaught|95\/379|[from] item: Leftovers
|-damage|p2a: Thundurus|130\/299|[from] Leech Seed|[of] p1a: Chesnaught
|-heal|p1a: Chesnaught|132\/379|[silent]
|turn|6
|
|move|p1a: Chesnaught|Spiky Shield|p1a: Chesnaught
|-singleturn|p1a: Chesnaught|move: Protect
|move|p2a: Thundurus|Hidden Power|p1a: Chesnaught
|-activate|p1a: Chesnaught|move: Protect
|
|-heal|p1a: Chesnaught|155\/379|[from] item: Leftovers
|-damage|p2a: Thundurus|93\/299|[from] Leech Seed|[of] p1a: Chesnaught
|-heal|p1a: Chesnaught|192\/379|[silent]
|turn|7
|
|switch|p1a: Tyranitar|Tyranitar, M|404\/404
|-weather|Sandstorm
|move|p2a: Thundurus|Thunderbolt|p1a: Tyranitar
|-damage|p1a: Tyranitar|287\/404
|-damage|p2a: Thundurus|64\/299|[from] item: Life Orb
|
|-weather|Sandstorm|[upkeep]
|-damage|p2a: Thundurus|46\/299|[from] sandstorm
|-heal|p1a: Tyranitar|312\/404|[from] item: Leftovers
|-damage|p2a: Thundurus|9\/299|[from] Leech Seed|[of] p1a: Tyranitar
|-heal|p1a: Tyranitar|349\/404|[silent]
|turn|8
|
|switch|p1a: Chesnaught|Chesnaught, F|192\/379
|move|p2a: Thundurus|Focus Blast|p1a: Chesnaught
|-immune|p1a: Chesnaught|[msg]|[from] Bulletproof
|
|-weather|Sandstorm|[upkeep]
|-damage|p2a: Thundurus|0 fnt|[from] sandstorm
|-damage|p1a: Chesnaught|169\/379|[from] sandstorm
|-heal|p1a: Chesnaught|192\/379|[from] item: Leftovers
|faint|p2a: Thundurus
|
|switch|p2a: Magneton|Magneton|242\/242
|turn|9
|
|move|p1a: Chesnaught|Spiky Shield|p1a: Chesnaught
|-singleturn|p1a: Chesnaught|move: Protect
|move|p2a: Magneton|Hidden Power|p1a: Chesnaught
|-activate|p1a: Chesnaught|move: Protect
|
|-weather|Sandstorm|[upkeep]
|-damage|p1a: Chesnaught|169\/379|[from] sandstorm
|-heal|p1a: Chesnaught|192\/379|[from] item: Leftovers
|turn|10
|
|switch|p2a: Lopunny|Lopunny, M|271\/271
|switch|p1a: Tyranitar|Tyranitar, M|349\/404
|
|-weather|Sandstorm|[upkeep]
|-damage|p2a: Lopunny|255\/271|[from] sandstorm
|-heal|p1a: Tyranitar|374\/404|[from] item: Leftovers
|turn|11
|
|switch|p1a: Clefable|Clefable, F|393\/393
|detailschange|p2a: Lopunny|Lopunny-Mega, M
|message|Lopunny has Mega Evolved into Mega Lopunny!
|move|p2a: Lopunny|High Jump Kick|p1a: Clefable
|-crit|p1a: Clefable
|-resisted|p1a: Clefable
|-damage|p1a: Clefable|244\/393
|
|-weather|none
|-heal|p1a: Clefable|268\/393|[from] item: Leftovers
|turn|12
|
|switch|p2a: Magneton|Magneton|242\/242
|move|p1a: Clefable|Moonblast|p2a: Magneton
|-resisted|p2a: Magneton
|-damage|p2a: Magneton|176\/242
|
|-heal|p1a: Clefable|292\/393|[from] item: Leftovers
|turn|13
|
|switch|p1a: Empoleon|Empoleon, F|371\/371
|move|p2a: Magneton|Volt Switch|p1a: Empoleon
|-supereffective|p1a: Empoleon
|-damage|p1a: Empoleon|191\/371
|
|switch|p2a: Garchomp|Garchomp, F|357\/357
|
|-heal|p1a: Empoleon|214\/371|[from] item: Leftovers
|turn|14
|
|move|p2a: Garchomp|Stealth Rock|p1a: Empoleon
|-sidestart|p1: RustyEspur|move: Stealth Rock
|move|p1a: Empoleon|Ice Beam|p2a: Garchomp
|-supereffective|p2a: Garchomp
|-damage|p2a: Garchomp|0 fnt
|faint|p2a: Garchomp
|
|-heal|p1a: Empoleon|237\/371|[from] item: Leftovers
|
|switch|p2a: Diggersby|Diggersby, F|309\/309
|turn|15
|
|move|p2a: Diggersby|Knock Off|p1a: Empoleon
|-damage|p1a: Empoleon|33\/371
|-enditem|p1a: Empoleon|Leftovers|[from] move: Knock Off|[of] p2a: Diggersby
|-damage|p2a: Diggersby|279\/309|[from] item: Life Orb
|move|p1a: Empoleon|Scald|p2a: Diggersby
|-supereffective|p2a: Diggersby
|-damage|p2a: Diggersby|0 fnt
|faint|p2a: Diggersby
|
|
|switch|p2a: Lopunny|Lopunny-Mega, M|255\/271
|turn|16
|
|move|p2a: Lopunny|Frustration|p1a: Empoleon
|-resisted|p1a: Empoleon
|-damage|p1a: Empoleon|0 fnt
|faint|p1a: Empoleon
|
|
|switch|p1a: Clefable|Clefable, F|292\/393
|turn|17
|
|move|p2a: Lopunny|Frustration|p1a: Clefable
|-crit|p1a: Clefable
|-damage|p1a: Clefable|49\/393
|move|p1a: Clefable|Moonblast|p2a: Lopunny
|-supereffective|p2a: Lopunny
|-damage|p2a: Lopunny|45\/271
|
|-heal|p1a: Clefable|73\/393|[from] item: Leftovers
|turn|18
|
|move|p2a: Lopunny|Frustration|p1a: Clefable
|-damage|p1a: Clefable|0 fnt
|faint|p1a: Clefable
|
|
|switch|p1a: Talonflame|Talonflame, M|327\/327
|-damage|p1a: Talonflame|164\/327|[from] Stealth Rock
|turn|19
|
|switch|p2a: Magneton|Magneton|176\/242
|move|p1a: Talonflame|Flare Blitz|p2a: Magneton
|-supereffective|p2a: Magneton
|-damage|p2a: Magneton|0 fnt
|-damage|p1a: Talonflame|106\/327|[from] recoil|[of] p2a: Magneton
|faint|p2a: Magneton
|
|
|switch|p2a: Lopunny|Lopunny-Mega, M|45\/271
|turn|20
|
|move|p2a: Lopunny|Fake Out|p1a: Talonflame
|-damage|p1a: Talonflame|10\/327
|cant|p1a: Talonflame|flinch
|
|turn|21
|
|move|p1a: Talonflame|Brave Bird|p2a: Lopunny
|-supereffective|p2a: Lopunny
|-damage|p2a: Lopunny|0 fnt
|-damage|p1a: Talonflame|0 fnt|[from] recoil|[of] p2a: Lopunny
|faint|p2a: Lopunny
|faint|p1a: Talonflame
|
|
|switch|p2a: Azumarill|Azumarill, F|360\/360
|switch|p1a: Chesnaught|Chesnaught, F|192\/379
|-damage|p1a: Chesnaught|169\/379|[from] Stealth Rock
|turn|22
|
|move|p2a: Azumarill|Belly Drum|p2a: Azumarill
|-damage|p2a: Azumarill|180\/360
|-setboost|p2a: Azumarill|atk|6|[from] move: Belly Drum
|-enditem|p2a: Azumarill|Sitrus Berry|[eat]
|-heal|p2a: Azumarill|270\/360|[from] item: Sitrus Berry
|move|p1a: Chesnaught|Leech Seed|p2a: Azumarill
|-start|p2a: Azumarill|move: Leech Seed
|
|-heal|p1a: Chesnaught|192\/379|[from] item: Leftovers
|-damage|p2a: Azumarill|225\/360|[from] Leech Seed|[of] p1a: Chesnaught
|-heal|p1a: Chesnaught|237\/379|[silent]
|turn|23
|
|move|p1a: Chesnaught|Spiky Shield|p1a: Chesnaught
|-singleturn|p1a: Chesnaught|move: Protect
|move|p2a: Azumarill|Play Rough|p1a: Chesnaught
|-activate|p1a: Chesnaught|move: Protect
|-damage|p2a: Azumarill|180\/360|[from] Spiky Shield|[of] p1a: Chesnaught
|
|-heal|p1a: Chesnaught|260\/379|[from] item: Leftovers
|-damage|p2a: Azumarill|135\/360|[from] Leech Seed|[of] p1a: Chesnaught
|-heal|p1a: Chesnaught|305\/379|[silent]
|turn|24
|
|switch|p1a: Tyranitar|Tyranitar, M|374\/404
|-damage|p1a: Tyranitar|324\/404|[from] Stealth Rock
|-weather|Sandstorm
|move|p2a: Azumarill|Play Rough|p1a: Tyranitar
|-supereffective|p1a: Tyranitar
|-damage|p1a: Tyranitar|0 fnt
|faint|p1a: Tyranitar
|
|-weather|Sandstorm|[upkeep]
|-damage|p2a: Azumarill|113\/360|[from] sandstorm
|
|switch|p1a: Chesnaught|Chesnaught, F|305\/379
|-damage|p1a: Chesnaught|282\/379|[from] Stealth Rock
|turn|25
|
|move|p1a: Chesnaught|Spiky Shield|p1a: Chesnaught
|-singleturn|p1a: Chesnaught|move: Protect
|move|p2a: Azumarill|Play Rough|p1a: Chesnaught
|-activate|p1a: Chesnaught|move: Protect
|-damage|p2a: Azumarill|68\/360|[from] Spiky Shield|[of] p1a: Chesnaught
|
|-weather|Sandstorm|[upkeep]
|-damage|p2a: Azumarill|46\/360|[from] sandstorm
|-damage|p1a: Chesnaught|259\/379|[from] sandstorm
|-heal|p1a: Chesnaught|282\/379|[from] item: Leftovers
|-damage|p2a: Azumarill|1\/360|[from] Leech Seed|[of] p1a: Chesnaught
|-heal|p1a: Chesnaught|327\/379|[silent]
|turn|26
|
|switch|p1a: wat|Garchomp, M|357\/357
|-damage|p1a: wat|335\/357|[from] Stealth Rock
|move|p2a: Azumarill|Play Rough|p1a: wat
|-supereffective|p1a: wat
|-damage|p1a: wat|0 fnt
|-damage|p2a: Azumarill|0 fnt|[from] ability: Rough Skin|[of] p1a: wat
|faint|p2a: Azumarill
|faint|p1a: wat
|
|win|RustyEspur
|raw|Ladder updating...
|raw|RustyEspur's rating: 1444 &rarr; <strong>1467<\/strong><br \/>(+23 for winning)
|raw|meluha's rating: 1497 &rarr; <strong>1474<\/strong><br \/>(-23 for losing)
|c|âRustyEspur|gg
|leave|meluha
|player|p2