|join|RayDalio
|join|RustyEspur
|player|p1|RayDalio|235
|player|p2|RustyEspur|172
|gametype|singles
|gen|6
|tier|OU
|rated
|clearpoke
|poke|p1|Lopunny, F
|poke|p1|Breloom, M
|poke|p1|Skarmory, F
|poke|p1|Bisharp, M
|poke|p1|Gengar, F
|poke|p1|Azumarill, M
|poke|p2|Gallade, M
|poke|p2|Bisharp, M
|poke|p2|Manaphy
|poke|p2|Latias, F
|poke|p2|Scizor, M
|poke|p2|Landorus-Therian, M
|rule|Swagger Clause: Swagger is banned
|rule|Baton Pass Clause: Limit one PokÃ©mon knowing Baton Pass
|rule|Sleep Clause Mod: Limit one foe put to sleep
|rule|Species Clause: Limit one of each PokÃ©mon
|rule|OHKO Clause: OHKO moves are banned
|rule|Moody Clause: Moody is banned
|rule|Evasion Moves Clause: Evasion moves are banned
|rule|Endless Battle Clause: Forcing endless battles is banned
|rule|HP Percentage Mod: HP is shown in percentages
|teampreview
|join|BIGGSTEELIX
|c| BIGGSTEELIX|since i drank orange juice i can't stop peeing D:
|
|start
|switch|p1a: Skarmory|Skarmory, F|301\/301
|switch|p2a: Gallade|Gallade, M|277\/277
|turn|1
|c|âRustyEspur|lol
|c|âRustyEspur|wat
|
|detailschange|p2a: Gallade|Gallade-Mega, M
|-mega|p2a: Gallade|Gallade|Galladite
|move|p2a: Gallade|Will-O-Wisp|p1a: Skarmory
|-status|p1a: Skarmory|brn
|move|p1a: Skarmory|Stealth Rock|p2a: Gallade
|-sidestart|p2: RustyEspur|move: Stealth Rock
|
|-damage|p1a: Skarmory|264\/301 brn|[from] brn
|turn|2
|c| BIGGSTEELIX|ye idk why
|c|âRayDalio|it makes me shit myself :D
|
|move|p2a: Gallade|Swords Dance|p2a: Gallade
|-boost|p2a: Gallade|atk|2
|move|p1a: Skarmory|Spikes|p2a: Gallade
|-sidestart|p2: RustyEspur|Spikes
|
|-heal|p1a: Skarmory|282\/301 brn|[from] item: Leftovers
|-damage|p1a: Skarmory|245\/301 brn|[from] brn
|turn|3
|c| BIGGSTEELIX|xD
|c|âRustyEspur|wat
|
|move|p2a: Gallade|Drain Punch|p1a: Skarmory
|-damage|p1a: Skarmory|40\/301 brn
|move|p1a: Skarmory|Whirlwind|p2a: Gallade
|drag|p2a: Latias|Latias, F|301\/301
|-damage|p2a: Latias|264\/301|[from] Stealth Rock
|
|-heal|p1a: Skarmory|58\/301 brn|[from] item: Leftovers
|-damage|p1a: Skarmory|21\/301 brn|[from] brn
|turn|4
|c| BIGGSTEELIX|defog
|c| BIGGSTEELIX|go
|c|âRustyEspur|:]
|c| BIGGSTEELIX|use defog
|
|switch|p1a: Bisharp|Bisharp, M|271\/271
|move|p2a: Latias|Hidden Power|p1a: Bisharp
|-supereffective|p1a: Bisharp
|-damage|p1a: Bisharp|47\/271
|-damage|p2a: Latias|234\/301|[from] item: Life Orb
|
|turn|5
|c| BIGGSTEELIX|rn
|c|âRustyEspur|perfect
|c| BIGGSTEELIX|xD
|c| BIGGSTEELIX|weak af
|c|âRayDalio|showed me
|
|move|p1a: Bisharp|Sucker Punch|p2a: Latias
|-fail|p2a: Latias
|move|p2a: Latias|Reflect Type|p1a: Bisharp
|-start|p2a: Latias|typechange|[from] move: Reflect Type|[of] p1a: Bisharp
|
|turn|6
|c| BIGGSTEELIX|omg
|c|âRayDalio|what is this
|c|âRustyEspur|lol
|
|move|p2a: Latias|Hidden Power|p1a: Bisharp
|-supereffective|p1a: Bisharp
|-damage|p1a: Bisharp|0 fnt
|-damage|p2a: Latias|204\/301|[from] item: Life Orb
|faint|p1a: Bisharp
|
|
|switch|p1a: Breloom|Breloom, M|261\/261
|turn|7
|
|switch|p2a: Landorus-Therian|Landorus-Therian, M|382\/382
|-damage|p2a: Landorus-Therian|335\/382|[from] Stealth Rock
|-ability|p2a: Landorus-Therian|Intimidate|[of] p1a: Breloom
|-unboost|p1a: Breloom|atk|1
|move|p1a: Breloom|Spore|p2a: Landorus-Therian
|-status|p2a: Landorus-Therian|slp
|
|-heal|p2a: Landorus-Therian|358\/382 slp|[from] item: Leftovers
|turn|8
|c| BIGGSTEELIX|reflect type latias is epic to avoid pursuit or sucker punch
|c|âRustyEspur|napty
|c|âRustyEspur|loves reflect type
|c|âRustyEspur|starmie
|c|âRustyEspur|lol
|c| BIGGSTEELIX|starmie
|c| BIGGSTEELIX|eh
|c| BIGGSTEELIX|it's used in ou?
|c|âRayDalio|first time ive seen one
|c|âRustyEspur|yea
|c|âRustyEspur|lol
|
|switch|p2a: Scizor|Scizor, M|343\/343
|-damage|p2a: Scizor|301\/343|[from] Spikes
|-damage|p2a: Scizor|259\/343|[from] Stealth Rock
|move|p1a: Breloom|Rock Tomb|p2a: Scizor
|-damage|p2a: Scizor|190\/343
|-unboost|p2a: Scizor|spe|1
|
|-heal|p2a: Scizor|211\/343|[from] item: Leftovers
|turn|9
|c| BIGGSTEELIX|wtf
|
|switch|p1a: Skarmory|Skarmory, F|21\/301 brn
|move|p2a: Scizor|Defog|p1a: Skarmory
|-unboost|p1a: Skarmory|evasion|1
|-sideend|p2: RustyEspur|Spikes|[from] move: Defog|[of] p2a: Scizor
|-sideend|p2: RustyEspur|Stealth Rock|[from] move: Defog|[of] p2a: Scizor
|
|-heal|p1a: Skarmory|39\/301 brn|[from] item: Leftovers
|-heal|p2a: Scizor|232\/343|[from] item: Leftovers
|-damage|p1a: Skarmory|2\/301 brn|[from] brn
|turn|10
|c|âRustyEspur|lol
|
|move|p2a: Scizor|Bullet Punch|p1a: Skarmory
|-resisted|p1a: Skarmory
|-damage|p1a: Skarmory|0 fnt
|faint|p1a: Skarmory
|
|-heal|p2a: Scizor|253\/343|[from] item: Leftovers
|c|âRustyEspur|all this time defog wasnt on lati
|c| BIGGSTEELIX|but starmie can threaten the pursuiters on the switch at least
|c|âRayDalio|u designed a team to beat bisharp
|c|âRustyEspur|not really
|c|âRustyEspur|lol
|
|switch|p1a: Azumarill|Azumarill, M|342\/342
|turn|11
|
|move|p2a: Scizor|Bullet Punch|p1a: Azumarill
|-damage|p1a: Azumarill|254\/342
|move|p1a: Azumarill|Belly Drum|p1a: Azumarill
|-damage|p1a: Azumarill|83\/342
|-setboost|p1a: Azumarill|atk|6|[from] move: Belly Drum
|-enditem|p1a: Azumarill|Sitrus Berry|[eat]
|-heal|p1a: Azumarill|168\/342|[from] item: Sitrus Berry
|
|-heal|p2a: Scizor|274\/343|[from] item: Leftovers
|turn|12
|
|move|p2a: Scizor|Bullet Punch|p1a: Azumarill
|-damage|p1a: Azumarill|77\/342
|move|p1a: Azumarill|Play Rough|p2a: Scizor
|-resisted|p2a: Scizor
|-damage|p2a: Scizor|0 fnt
|faint|p2a: Scizor
|
|c| BIGGSTEELIX|lol espurt
|c| BIGGSTEELIX|one time
|
|switch|p2a: Bisharp|Bisharp, M|271\/271
|turn|13
|
|move|p2a: Bisharp|Sucker Punch|p1a: Azumarill
|-resisted|p1a: Azumarill
|-damage|p1a: Azumarill|0 fnt
|faint|p1a: Azumarill
|
|c|âRustyEspur|one time what?
|c| BIGGSTEELIX|i put thunder wave on latios cause after dm it was set up on, and there was a shit ton of scarf tyra and stuff to pursuit it
|c|âRustyEspur|lol
|
|switch|p1a: Lopunny|Lopunny, F|271\/271
|turn|14
|c| BIGGSTEELIX|it was genius
|c| BIGGSTEELIX|made rage everyone
|
|switch|p2a: Landorus-Therian|Landorus-Therian, M|358\/382 slp
|-ability|p2a: Landorus-Therian|Intimidate|[of] p1a: Lopunny
|-unboost|p1a: Lopunny|atk|1
|detailschange|p1a: Lopunny|Lopunny-Mega, F
|-mega|p1a: Lopunny|Lopunny|Lopunnite
|move|p1a: Lopunny|High Jump Kick|p2a: Landorus-Therian|[miss]
|-miss|p1a: Lopunny|p2a: Landorus-Therian
|-damage|p1a: Lopunny|136\/271|[from] highjumpkick
|
|-heal|p2a: Landorus-Therian|381\/382 slp|[from] item: Leftovers
|turn|15
|c|âRustyEspur|hahaha
|c|âRustyEspur|twave on everything
|
|move|p1a: Lopunny|Ice Punch|p2a: Landorus-Therian
|-supereffective|p2a: Landorus-Therian
|-damage|p2a: Landorus-Therian|185\/382 slp
|cant|p2a: Landorus-Therian|slp
|
|-heal|p2a: Landorus-Therian|208\/382 slp|[from] item: Leftovers
|turn|16
|
|move|p1a: Lopunny|Ice Punch|p2a: Landorus-Therian
|-supereffective|p2a: Landorus-Therian
|-damage|p2a: Landorus-Therian|32\/382 slp
|-curestatus|p2a: Landorus-Therian|slp
|move|p2a: Landorus-Therian|Stealth Rock|p1a: Lopunny
|-sidestart|p1: RayDalio|move: Stealth Rock
|
|-heal|p2a: Landorus-Therian|55\/382|[from] item: Leftovers
|turn|17
|c| BIGGSTEELIX|you know sharpteeth from the ou room?
|c| BIGGSTEELIX|i beat him with t wave latios
|
|move|p1a: Lopunny|Ice Punch|p2a: Landorus-Therian
|-supereffective|p2a: Landorus-Therian
|-damage|p2a: Landorus-Therian|0 fnt
|faint|p2a: Landorus-Therian
|
|c|âRustyEspur|yea
|c|âRustyEspur|lol
|c| BIGGSTEELIX|he tried to switch diancie
|c| BIGGSTEELIX|but wasnt mega
|c| BIGGSTEELIX|thunder wave on the switch
|c| BIGGSTEELIX|lolol
|
|switch|p2a: Manaphy|Manaphy|365\/365
|turn|18
|c| BIGGSTEELIX|it was his sweeper with rock polish
|c|âRustyEspur|LOL
|
|switch|p1a: Breloom|Breloom, M|261\/261
|-damage|p1a: Breloom|245\/261|[from] Stealth Rock
|move|p2a: Manaphy|Surf|p1a: Breloom
|-resisted|p1a: Breloom
|-damage|p1a: Breloom|143\/261
|
|turn|19
|c| BIGGSTEELIX|was amazing
|
|move|p2a: Manaphy|Ice Beam|p1a: Breloom
|-supereffective|p1a: Breloom
|-damage|p1a: Breloom|0 fnt
|faint|p1a: Breloom
|
|
|switch|p1a: Gengar|Gengar, F|261\/261
|-damage|p1a: Gengar|229\/261|[from] Stealth Rock
|turn|20
|c|âRustyEspur|yea
|c| BIGGSTEELIX|or sometimes the guys are trying to set up with gyarados mea
|
|move|p1a: Gengar|Shadow Ball|p2a: Manaphy
|-crit|p2a: Manaphy
|-damage|p2a: Manaphy|154\/365
|move|p2a: Manaphy|Surf|p1a: Gengar
|-damage|p1a: Gengar|58\/261
|
|-heal|p2a: Manaphy|176\/365|[from] item: Leftovers
|turn|21
|c| BIGGSTEELIX|thunder wave
|c| BIGGSTEELIX|trololol
|
|move|p1a: Gengar|Sludge Bomb|p2a: Manaphy
|-damage|p2a: Manaphy|5\/365
|move|p2a: Manaphy|Surf|p1a: Gengar
|-damage|p1a: Gengar|0 fnt
|faint|p1a: Gengar
|
|-heal|p2a: Manaphy|27\/365|[from] item: Leftovers
|c|âRustyEspur|lol
|c| BIGGSTEELIX|i tell you it's amazing
|c|âRustyEspur|sounds good actually
|
|switch|p1a: Lopunny|Lopunny-Mega, F|136\/271
|-damage|p1a: Lopunny|120\/271|[from] Stealth Rock
|turn|22
|c| BIGGSTEELIX|i had clefable
|c|âRustyEspur|cos people
|c|âRustyEspur|like to set up
|c|âRustyEspur|on -2 lati
|
|move|p1a: Lopunny|High Jump Kick|p2a: Manaphy
|-damage|p2a: Manaphy|0 fnt
|faint|p2a: Manaphy
|
|c| BIGGSTEELIX|it was beating bisharp after being parad
|
|switch|p2a: Gallade|Gallade-Mega, M|277\/277
|turn|23
|c| BIGGSTEELIX|amazing
|c| BIGGSTEELIX|lol
|
|move|p1a: Lopunny|Return|p2a: Gallade
|-damage|p2a: Gallade|69\/277
|move|p2a: Gallade|Drain Punch|p1a: Lopunny
|-supereffective|p1a: Lopunny
|-damage|p1a: Lopunny|0 fnt
|-heal|p2a: Gallade|129\/277|[from] drain|[of] p1a: Lopunny
|faint|p1a: Lopunny
|
|win|RustyEspur
|raw|Ladder updating...
|c| BIGGSTEELIX|with fblast
|raw|RayDalio's rating: 1542 &rarr; <strong>1522<\/strong><br \/>(-20 for losing)
|raw|RustyEspur's rating: 1546 &rarr; <strong>1566<\/strong><br \/>(+20 for winning)
|c|âRustyEspur|lol
|c|âRustyEspur|gg
|leave|RayDalio
|player|p1
|c| BIGGSTEELIX|haha